|j|‽newgaem
|j|‽IwillPrayForyou
|t:|1779949091
|gametype|singles
|player|p1|newgaem|blue|1381
|player|p2|IwillPrayForyou|1|1362
|gen|9
|tier|[Gen 9] OU
|rated|
|rule|HP Percentage Mod: HP is shown in percentages
|rule|Endless Battle Clause: Forcing endless battles is banned
|rule|Species Clause: Limit one of each Pokémon
|rule|OHKO Clause: OHKO moves are banned
|rule|Evasion Items Clause: Evasion items are banned
|rule|Evasion Moves Clause: Evasion moves are banned
|rule|Evasion Abilities Clause: Evasion abilities are banned
|rule|Sleep Moves Clause: Sleep-inducing moves are banned
|clearpoke
|poke|p1|Armarouge, F|
|poke|p1|Kingambit, F|
|poke|p1|Iron Valiant|
|poke|p1|Ceruledge, F|
|poke|p1|Mimikyu, M|
|poke|p1|Cyclizar, M|
|poke|p2|Blaziken, M|
|poke|p2|Garchomp, M|
|poke|p2|Torkoal, M|
|poke|p2|Walking Wake|
|poke|p2|Glimmora, M|
|poke|p2|Tentacruel, F|
|teampreview
|inactive|Battle timer is ON: inactive players will automatically lose when time's up. (requested by IwillPrayForyou)
|
|t:|1779949121
|teamsize|p1|6
|teamsize|p2|6
|start
|switch|p1a: Armarouge|Armarouge, F, shiny|100/100
|switch|p2a: Torkoal|Torkoal, M|100/100
|-weather|SunnyDay|[from] ability: Drought|[of] p2a: Torkoal
|turn|1
|
|t:|1779949133
|move|p1a: Armarouge|Armor Cannon|p2a: Torkoal
|-resisted|p2a: Torkoal
|-damage|p2a: Torkoal|36/100
|-unboost|p1a: Armarouge|def|1
|-unboost|p1a: Armarouge|spd|1
|move|p2a: Torkoal|Stealth Rock|p1a: Armarouge
|-sidestart|p1: newgaem|move: Stealth Rock
|
|-weather|SunnyDay|[upkeep]
|upkeep
|turn|2
|
|t:|1779949141
|move|p1a: Armarouge|Armor Cannon|p2a: Torkoal
|-resisted|p2a: Torkoal
|-damage|p2a: Torkoal|0 fnt
|-unboost|p1a: Armarouge|def|1
|-unboost|p1a: Armarouge|spd|1
|faint|p2a: Torkoal
|
|-weather|SunnyDay|[upkeep]
|upkeep
|
|t:|1779949150
|switch|p2a: Tentacruel|Tentacruel, F|100/100
|turn|3
|
|t:|1779949155
|move|p1a: Armarouge|Energy Ball|p2a: Tentacruel
|-damage|p2a: Tentacruel|85/100
|move|p2a: Tentacruel|Knock Off|p1a: Armarouge
|-supereffective|p1a: Armarouge
|-damage|p1a: Armarouge|39/100
|-ability|p1a: Armarouge|Weak Armor|boost
|-unboost|p1a: Armarouge|def|1
|-boost|p1a: Armarouge|spe|2
|-enditem|p1a: Armarouge|Focus Sash|[from] move: Knock Off|[of] p2a: Tentacruel
|
|-weather|SunnyDay|[upkeep]
|upkeep
|turn|4
|
|t:|1779949168
|move|p1a: Armarouge|Destiny Bond|p1a: Armarouge
|-singlemove|p1a: Armarouge|Destiny Bond
|move|p2a: Tentacruel|Knock Off|p1a: Armarouge
|-supereffective|p1a: Armarouge
|-damage|p1a: Armarouge|0 fnt
|faint|p1a: Armarouge
|-activate|p1a: Armarouge|move: Destiny Bond
|faint|p2a: Tentacruel
|
|-weather|SunnyDay|[upkeep]
|upkeep
|
|t:|1779949183
|switch|p1a: Cyclizar|Cyclizar, M|100/100
|switch|p2a: Glimmora|Glimmora, M|100/100
|turn|5
|
|t:|1779949191
|move|p1a: Cyclizar|Rapid Spin|p2a: Glimmora
|-resisted|p2a: Glimmora
|-damage|p2a: Glimmora|91/100
|-boost|p1a: Cyclizar|spe|1
|-activate|p2a: Glimmora|ability: Toxic Debris
|-sidestart|p1: newgaem|move: Toxic Spikes
|-sideend|p1: newgaem|Toxic Spikes|[from] move: Rapid Spin|[of] p1a: Cyclizar
|-sideend|p1: newgaem|Stealth Rock|[from] move: Rapid Spin|[of] p1a: Cyclizar
|move|p2a: Glimmora|Power Gem|p1a: Cyclizar
|-damage|p1a: Cyclizar|19/100
|
|-weather|SunnyDay|[upkeep]
|upkeep
|turn|6
|
|t:|1779949207
|switch|p1a: Mimikyu|Mimikyu, M|100/100
|move|p2a: Glimmora|Power Gem|p1a: Mimikyu
|-activate|p1a: Mimikyu|ability: Disguise
|-damage|p1a: Mimikyu|100/100
|detailschange|p1a: Mimikyu|Mimikyu-Busted, M
|-damage|p1a: Mimikyu|88/100|[from] pokemon: Mimikyu-Busted
|
|-weather|SunnyDay|[upkeep]
|-heal|p1a: Mimikyu|94/100|[from] item: Leftovers
|upkeep
|turn|7
|
|t:|1779949217
|move|p1a: Mimikyu|Curse|p2a: Glimmora
|-start|p2a: Glimmora|Curse|[of] p1a: Mimikyu
|-damage|p1a: Mimikyu|44/100
|move|p2a: Glimmora|Sludge Wave|p1a: Mimikyu
|-damage|p1a: Mimikyu|0 fnt
|faint|p1a: Mimikyu
|
|-weather|SunnyDay|[upkeep]
|-damage|p2a: Glimmora|67/100|[from] Curse
|upkeep
|
|t:|1779949227
|switch|p1a: Cyclizar|Cyclizar, M|52/100
|turn|8
|
|t:|1779949237
|move|p1a: Cyclizar|Draco Meteor|p2a: Glimmora
|-damage|p2a: Glimmora|0 fnt
|-unboost|p1a: Cyclizar|spa|2
|faint|p2a: Glimmora
|
|-weather|none
|upkeep
|
|t:|1779949244
|switch|p2a: Garchomp|Garchomp, M|100/100
|turn|9
|
|t:|1779949249
|switch|p1a: Iron Valiant|Iron Valiant|100/100
|-enditem|p1a: Iron Valiant|Booster Energy
|-activate|p1a: Iron Valiant|ability: Quark Drive|[fromitem]
|-start|p1a: Iron Valiant|quarkdrivespe
|move|p2a: Garchomp|Stealth Rock|p1a: Iron Valiant
|-sidestart|p1: newgaem|move: Stealth Rock
|
|upkeep
|turn|10
|
|t:|1779949256
|move|p1a: Iron Valiant|Spirit Break|p2a: Garchomp
|-supereffective|p2a: Garchomp
|-damage|p2a: Garchomp|49/100
|-unboost|p2a: Garchomp|spa|1
|-damage|p1a: Iron Valiant|88/100|[from] ability: Rough Skin|[of] p2a: Garchomp
|-damage|p1a: Iron Valiant|71/100|[from] item: Rocky Helmet|[of] p2a: Garchomp
|move|p2a: Garchomp|Earthquake|p1a: Iron Valiant
|-damage|p1a: Iron Valiant|14/100
|
|upkeep
|turn|11
|
|t:|1779949274
|move|p1a: Iron Valiant|Spirit Break|p2a: Garchomp
|-supereffective|p2a: Garchomp
|-damage|p2a: Garchomp|3/100
|-unboost|p2a: Garchomp|spa|1
|-damage|p1a: Iron Valiant|2/100|[from] ability: Rough Skin|[of] p2a: Garchomp
|-damage|p1a: Iron Valiant|0 fnt|[from] item: Rocky Helmet|[of] p2a: Garchomp
|faint|p1a: Iron Valiant
|-end|p1a: Iron Valiant|Quark Drive|[silent]
|move|p2a: Garchomp|Spikes|p1: Iron Valiant
|-sidestart|p1: newgaem|Spikes
|
|upkeep
|
|t:|1779949284
|switch|p1a: Cyclizar|Cyclizar, M|85/100
|turn|12
|l|‽IwillPrayForyou
|inactive|IwillPrayForyou disconnected and has a minute to reconnect!
|player|p2|
|inactive|IwillPrayForyou has 30 seconds to reconnect!
|inactive|IwillPrayForyou has 20 seconds to reconnect!
|inactive|IwillPrayForyou has 15 seconds to reconnect!
|inactive|IwillPrayForyou has 10 seconds to reconnect!
|inactive|IwillPrayForyou has 5 seconds to reconnect!
|-message|IwillPrayForyou lost due to inactivity.
|
|win|newgaem
|raw|newgaem's rating: 1381 &rarr; <strong>1400</strong><br />(+19 for winning)
|raw|IwillPrayForyou's rating: 1362 &rarr; <strong>1343</strong><br />(-19 for losing)
|l|‽newgaem
|player|p1|
