|j|☆von dada
|j|☆Dom225
|t:|1779920638
|gametype|singles
|player|p1|von dada|dahlia|1384
|player|p2|Dom225|1|1327
|gen|9
|tier|[Gen 9] OU
|rated|
|rule|HP Percentage Mod: HP is shown in percentages
|rule|Endless Battle Clause: Forcing endless battles is banned
|rule|Species Clause: Limit one of each Pokémon
|rule|OHKO Clause: OHKO moves are banned
|rule|Evasion Items Clause: Evasion items are banned
|rule|Evasion Moves Clause: Evasion moves are banned
|rule|Evasion Abilities Clause: Evasion abilities are banned
|rule|Sleep Moves Clause: Sleep-inducing moves are banned
|clearpoke
|poke|p1|Gholdengo|
|poke|p1|Slowking-Galar, M|
|poke|p1|Garchomp, M|
|poke|p1|Great Tusk|
|poke|p1|Iron Valiant|
|poke|p1|Dragonite, F|
|poke|p2|Suicune|
|poke|p2|Latios, M|
|poke|p2|Umbreon, M|
|poke|p2|Snorlax, F|
|poke|p2|Chesnaught, M|
|poke|p2|Sylveon, M|
|teampreview
|
|t:|1779920656
|teamsize|p1|6
|teamsize|p2|6
|start
|switch|p1a: lean and mean|Garchomp, M|100/100
|switch|p2a: Chien dressé XL|Suicune|100/100
|-ability|p2a: Chien dressé XL|Pressure
|turn|1
|
|t:|1779920670
|move|p1a: lean and mean|Stealth Rock|p2a: Chien dressé XL
|-sidestart|p2: Dom225|move: Stealth Rock
|move|p2a: Chien dressé XL|Ice Beam|p1a: lean and mean
|-supereffective|p1a: lean and mean
|-damage|p1a: lean and mean|34/100
|
|upkeep
|turn|2
|
|t:|1779920690
|switch|p1a: phat phuck|Slowking-Galar, M|100/100
|move|p2a: Chien dressé XL|Ice Beam|p1a: phat phuck
|-damage|p1a: phat phuck|89/100
|
|upkeep
|turn|3
|
|t:|1779920702
|switch|p2a: Gros Ours XXL|Snorlax, F|100/100
|-damage|p2a: Gros Ours XXL|88/100|[from] Stealth Rock
|move|p1a: phat phuck|Psychic Noise|p2a: Gros Ours XXL
|-damage|p2a: Gros Ours XXL|76/100
|-start|p2a: Gros Ours XXL|move: Heal Block
|
|upkeep
|turn|4
|
|t:|1779920766
|move|p2a: Gros Ours XXL|Body Slam|p1a: phat phuck
|-damage|p1a: phat phuck|46/100
|move|p1a: phat phuck|Sludge Bomb|p2a: Gros Ours XXL
|-crit|p2a: Gros Ours XXL
|-damage|p2a: Gros Ours XXL|55/100
|
|-end|p2a: Gros Ours XXL|move: Heal Block
|upkeep
|turn|5
|
|t:|1779920779
|move|p2a: Gros Ours XXL|Earthquake|p1a: phat phuck
|-supereffective|p1a: phat phuck
|-damage|p1a: phat phuck|0 fnt
|faint|p1a: phat phuck
|
|upkeep
|
|t:|1779920793
|switch|p1a: rodeo for the day|Dragonite, F|100/100
|turn|6
|
|t:|1779920798
|move|p1a: rodeo for the day|Dragon Dance|p1a: rodeo for the day
|-boost|p1a: rodeo for the day|atk|1
|-boost|p1a: rodeo for the day|spe|1
|move|p2a: Gros Ours XXL|Body Slam|p1a: rodeo for the day
|-damage|p1a: rodeo for the day|76/100
|
|upkeep
|turn|7
|
|t:|1779920809
|switch|p2a: Gros Chat XL|Umbreon, M, shiny|100/100
|-damage|p2a: Gros Chat XL|88/100|[from] Stealth Rock
|move|p1a: rodeo for the day|Scale Shot|p2a: Gros Chat XL
|-damage|p2a: Gros Chat XL|75/100
|-damage|p2a: Gros Chat XL|63/100
|-damage|p2a: Gros Chat XL|50/100
|-damage|p2a: Gros Chat XL|37/100
|-damage|p2a: Gros Chat XL|23/100
|-hitcount|p2a: Gros Chat XL|5
|-unboost|p1a: rodeo for the day|def|1
|-boost|p1a: rodeo for the day|spe|1
|
|-heal|p2a: Gros Chat XL|29/100|[from] item: Leftovers
|upkeep
|turn|8
|
|t:|1779920827
|switch|p1a: solve my riddles|Iron Valiant|100/100
|switch|p2a: Chatte XXL|Sylveon, M|100/100
|-damage|p2a: Chatte XXL|88/100|[from] Stealth Rock
|
|upkeep
|turn|9
|
|t:|1779920836
|move|p1a: solve my riddles|Psyshock|p2a: Chatte XXL
|-damage|p2a: Chatte XXL|43/100
|move|p2a: Chatte XXL|Hyper Voice|p1a: solve my riddles
|-supereffective|p1a: solve my riddles
|-damage|p1a: solve my riddles|0 fnt
|faint|p1a: solve my riddles
|-end|p1a: solve my riddles|Quark Drive|[silent]
|
|upkeep
|
|t:|1779920845
|switch|p1a: 8 figures|Gholdengo|100/100
|-item|p1a: 8 figures|Air Balloon
|turn|10
|
|t:|1779920854
|switch|p2a: Gros Ours XXL|Snorlax, F|55/100
|-damage|p2a: Gros Ours XXL|43/100|[from] Stealth Rock
|move|p1a: 8 figures|Nasty Plot|p1a: 8 figures
|-boost|p1a: 8 figures|spa|2
|
|upkeep
|turn|11
|
|t:|1779920863
|move|p1a: 8 figures|Make It Rain|p2a: Gros Ours XXL
|-damage|p2a: Gros Ours XXL|0 fnt
|-unboost|p1a: 8 figures|spa|1
|faint|p2a: Gros Ours XXL
|
|upkeep
|
|t:|1779920877
|switch|p2a: Dragon Bleu XL|Latios, M, shiny|100/100
|-damage|p2a: Dragon Bleu XL|88/100|[from] Stealth Rock
|turn|12
|
|t:|1779920884
|-terastallize|p2a: Dragon Bleu XL|Electric
|move|p2a: Dragon Bleu XL|Calm Mind|p2a: Dragon Bleu XL
|-boost|p2a: Dragon Bleu XL|spa|1
|-boost|p2a: Dragon Bleu XL|spd|1
|move|p1a: 8 figures|Shadow Ball|p2a: Dragon Bleu XL
|-damage|p2a: Dragon Bleu XL|44/100
|
|upkeep
|turn|13
|
|t:|1779920914
|move|p2a: Dragon Bleu XL|Thunderbolt|p1a: 8 figures
|-damage|p1a: 8 figures|18/100
|-enditem|p1a: 8 figures|Air Balloon
|move|p1a: 8 figures|Nasty Plot|p1a: 8 figures
|-boost|p1a: 8 figures|spa|2
|
|upkeep
|turn|14
|
|t:|1779920929
|switch|p1a: oh he on one|Great Tusk|100/100
|-enditem|p1a: oh he on one|Booster Energy
|-activate|p1a: oh he on one|ability: Protosynthesis|[fromitem]
|-start|p1a: oh he on one|protosynthesisspe
|move|p2a: Dragon Bleu XL|Thunderbolt|p1a: oh he on one
|-immune|p1a: oh he on one
|
|upkeep
|turn|15
|
|t:|1779920961
|-terastallize|p1a: oh he on one|Steel
|move|p1a: oh he on one|Bulk Up|p1a: oh he on one
|-boost|p1a: oh he on one|atk|1
|-boost|p1a: oh he on one|def|1
|move|p2a: Dragon Bleu XL|Ice Beam|p1a: oh he on one
|-resisted|p1a: oh he on one
|-damage|p1a: oh he on one|66/100
|
|upkeep
|turn|16
|inactive|Battle timer is ON: inactive players will automatically lose when time's up. (requested by Dom225)
|
|t:|1779920969
|move|p1a: oh he on one|Knock Off|p2a: Dragon Bleu XL
|-damage|p2a: Dragon Bleu XL|0 fnt
|-enditem|p2a: Dragon Bleu XL|Wise Glasses|[from] move: Knock Off|[of] p1a: oh he on one
|faint|p2a: Dragon Bleu XL
|
|upkeep
|
|t:|1779920976
|switch|p2a: PointeXL|Chesnaught, M|100/100
|-damage|p2a: PointeXL|94/100|[from] Stealth Rock
|turn|17
|
|t:|1779920988
|move|p1a: oh he on one|Bulk Up|p1a: oh he on one
|-boost|p1a: oh he on one|atk|1
|-boost|p1a: oh he on one|def|1
|move|p2a: PointeXL|Body Press|p1a: oh he on one
|-supereffective|p1a: oh he on one
|-damage|p1a: oh he on one|37/100
|
|-heal|p2a: PointeXL|100/100|[from] item: Leftovers
|upkeep
|turn|18
|
|t:|1779920997
|move|p1a: oh he on one|Ice Spinner|p2a: PointeXL
|-supereffective|p2a: PointeXL
|-damage|p2a: PointeXL|46/100
|move|p2a: PointeXL|Leech Seed|p1a: oh he on one
|-start|p1a: oh he on one|move: Leech Seed
|
|-heal|p2a: PointeXL|52/100|[from] item: Leftovers
|-damage|p1a: oh he on one|24/100|[from] Leech Seed|[of] p2a: PointeXL
|-heal|p2a: PointeXL|66/100|[silent]
|upkeep
|turn|19
|
|t:|1779921010
|move|p1a: oh he on one|Ice Spinner|p2a: PointeXL
|-supereffective|p2a: PointeXL
|-damage|p2a: PointeXL|12/100
|move|p2a: PointeXL|Body Press|p1a: oh he on one
|-supereffective|p1a: oh he on one
|-crit|p1a: oh he on one
|-damage|p1a: oh he on one|0 fnt
|faint|p1a: oh he on one
|-end|p1a: oh he on one|Protosynthesis|[silent]
|
|-heal|p2a: PointeXL|18/100|[from] item: Leftovers
|upkeep
|
|t:|1779921031
|switch|p1a: lean and mean|Garchomp, M|34/100
|turn|20
|
|t:|1779921036
|move|p1a: lean and mean|Spikes|p2a: PointeXL
|-sidestart|p2: Dom225|Spikes
|move|p2a: PointeXL|Leech Seed|p1a: lean and mean|[miss]
|-miss|p2a: PointeXL|p1a: lean and mean
|
|-heal|p2a: PointeXL|24/100|[from] item: Leftovers
|upkeep
|turn|21
|
|t:|1779921043
|move|p2a: PointeXL|Leech Seed|p1a: lean and mean|[miss]
|-miss|p2a: PointeXL|p1a: lean and mean
|move|p1a: lean and mean|Dragon Tail|p2a: PointeXL
|-damage|p2a: PointeXL|8/100
|drag|p2a: Chatte XXL|Sylveon, M|43/100
|-damage|p2a: Chatte XXL|30/100|[from] Stealth Rock
|-damage|p2a: Chatte XXL|18/100|[from] Spikes
|
|upkeep
|turn|22
|
|t:|1779921056
|move|p1a: lean and mean|Earthquake|p2a: Chatte XXL
|-damage|p2a: Chatte XXL|0 fnt
|faint|p2a: Chatte XXL
|
|upkeep
|
|t:|1779921061
|switch|p2a: Chien dressé XL|Suicune|100/100
|-damage|p2a: Chien dressé XL|88/100|[from] Stealth Rock
|-damage|p2a: Chien dressé XL|76/100|[from] Spikes
|-ability|p2a: Chien dressé XL|Pressure
|turn|23
|
|t:|1779921069
|move|p1a: lean and mean|Spikes|p2a: Chien dressé XL
|-sidestart|p2: Dom225|Spikes
|move|p2a: Chien dressé XL|Ice Beam|p1a: lean and mean
|-supereffective|p1a: lean and mean
|-damage|p1a: lean and mean|0 fnt
|faint|p1a: lean and mean
|
|-heal|p2a: Chien dressé XL|82/100|[from] item: Leftovers
|upkeep
|
|t:|1779921090
|switch|p1a: 8 figures|Gholdengo|18/100
|turn|24
|
|t:|1779921094
|move|p1a: 8 figures|Shadow Ball|p2a: Chien dressé XL
|-damage|p2a: Chien dressé XL|48/100
|move|p2a: Chien dressé XL|Scald|p1a: 8 figures
|-damage|p1a: 8 figures|0 fnt
|faint|p1a: 8 figures
|
|-heal|p2a: Chien dressé XL|54/100|[from] item: Leftovers
|upkeep
|
|t:|1779921102
|switch|p1a: rodeo for the day|Dragonite, F|76/100
|turn|25
|
|t:|1779921107
|move|p1a: rodeo for the day|Scale Shot|p2a: Chien dressé XL
|-damage|p2a: Chien dressé XL|45/100
|-damage|p2a: Chien dressé XL|36/100
|-damage|p2a: Chien dressé XL|27/100
|-damage|p2a: Chien dressé XL|19/100
|-damage|p2a: Chien dressé XL|11/100
|-hitcount|p2a: Chien dressé XL|5
|-unboost|p1a: rodeo for the day|def|1
|-boost|p1a: rodeo for the day|spe|1
|move|p2a: Chien dressé XL|Ice Beam|p1a: rodeo for the day
|-supereffective|p1a: rodeo for the day
|-damage|p1a: rodeo for the day|0 fnt
|faint|p1a: rodeo for the day
|
|win|Dom225
|raw|von dada's rating: 1384 &rarr; <strong>1361</strong><br />(-23 for losing)
|raw|Dom225's rating: 1327 &rarr; <strong>1350</strong><br />(+23 for winning)
|l|☆von dada
|player|p1|
