|j|☆leito (arg)
|j|☆awesomeplaying gg
|t:|1779820636
|gametype|singles
|player|p1|leito (arg)|102|1084
|player|p2|awesomeplaying gg|dragontamer|1155
|gen|9
|tier|[Gen 9] OU
|rated|
|rule|HP Percentage Mod: HP is shown in percentages
|rule|Endless Battle Clause: Forcing endless battles is banned
|rule|Species Clause: Limit one of each Pokémon
|rule|OHKO Clause: OHKO moves are banned
|rule|Evasion Items Clause: Evasion items are banned
|rule|Evasion Moves Clause: Evasion moves are banned
|rule|Evasion Abilities Clause: Evasion abilities are banned
|rule|Sleep Moves Clause: Sleep-inducing moves are banned
|clearpoke
|poke|p1|Sableye, M|
|poke|p1|Gliscor, M|
|poke|p1|Raging Bolt|
|poke|p1|Meowscarada, M|
|poke|p1|Ogerpon-Wellspring, F|
|poke|p1|Corviknight, M|
|poke|p2|Muk-Alola, M|
|poke|p2|Corviknight, F|
|poke|p2|Raging Bolt|
|poke|p2|Hydrapple, M|
|poke|p2|Slowbro, F|
|poke|p2|Volcanion|
|teampreview
|c|☆leito (arg)|Good luck
|
|t:|1779820664
|teamsize|p1|6
|teamsize|p2|6
|start
|switch|p1a: Sableye|Sableye, M|100/100
|switch|p2a: Slowbro|Slowbro, F, shiny|100/100
|turn|1
|
|t:|1779820687
|switch|p2a: Muk|Muk-Alola, M, shiny|100/100
|move|p1a: Sableye|Thunder Wave|p2a: Muk
|-hint|Since gen 7, Dark is immune to Prankster moves.
|-immune|p2a: Muk
|
|upkeep
|turn|2
|
|t:|1779820710
|switch|p1a: Corviknight|Corviknight, M|100/100
|move|p2a: Muk|Stockpile|p2a: Muk
|-start|p2a: Muk|stockpile1
|-boost|p2a: Muk|def|1
|-boost|p2a: Muk|spd|1
|
|upkeep
|turn|3
|
|t:|1779820722
|move|p1a: Corviknight|Bulk Up|p1a: Corviknight
|-boost|p1a: Corviknight|atk|1
|-boost|p1a: Corviknight|def|1
|move|p2a: Muk|Stockpile|p2a: Muk
|-start|p2a: Muk|stockpile2
|-boost|p2a: Muk|def|1
|-boost|p2a: Muk|spd|1
|
|upkeep
|turn|4
|
|t:|1779820745
|switch|p2a: Volcanion|Volcanion|100/100
|move|p1a: Corviknight|Iron Head|p2a: Volcanion
|-resisted|p2a: Volcanion
|-damage|p2a: Volcanion|94/100
|
|upkeep
|turn|5
|
|t:|1779820770
|switch|p1a: Gliscor|Gliscor, M|100/100
|move|p2a: Volcanion|Heat Wave|p1a: Gliscor
|-damage|p1a: Gliscor|25/100
|
|-status|p1a: Gliscor|tox|[from] item: Toxic Orb
|upkeep
|turn|6
|
|t:|1779820791
|switch|p2a: Slowbro|Slowbro, F, shiny|100/100
|move|p1a: Gliscor|Facade|p2a: Slowbro
|-crit|p2a: Slowbro
|-damage|p2a: Slowbro|49/100
|
|-heal|p1a: Gliscor|38/100 tox|[from] ability: Poison Heal
|upkeep
|turn|7
|
|t:|1779820816
|switch|p2a: Corviknight|Corviknight, F, shiny|100/100
|move|p1a: Gliscor|U-turn|p2a: Corviknight
|-resisted|p2a: Corviknight
|-damage|p2a: Corviknight|97/100
|
|t:|1779820829
|switch|p1a: Corviknight|Corviknight, M|100/100|[from] U-turn
|
|-heal|p2a: Corviknight|100/100|[from] item: Leftovers
|upkeep
|turn|8
|
|t:|1779820845
|switch|p2a: Volcanion|Volcanion|94/100
|move|p1a: Corviknight|Body Press|p2a: Volcanion
|-damage|p2a: Volcanion|79/100
|
|upkeep
|turn|9
|
|t:|1779820874
|switch|p1a: Sableye|Sableye, M|100/100
|move|p2a: Volcanion|Heat Wave|p1a: Sableye
|-damage|p1a: Sableye|15/100
|-status|p1a: Sableye|brn
|
|-damage|p1a: Sableye|9/100 brn|[from] brn
|upkeep
|turn|10
|
|t:|1779820894
|switch|p2a: Muk|Muk-Alola, M, shiny|100/100
|move|p1a: Sableye|Trick|p2a: Muk
|-hint|Since gen 7, Dark is immune to Prankster moves.
|-immune|p2a: Muk
|
|-damage|p1a: Sableye|3/100 brn|[from] brn
|upkeep
|turn|11
|
|t:|1779820925
|switch|p1a: Raging Bolt|Raging Bolt|100/100
|-enditem|p1a: Raging Bolt|Booster Energy
|-activate|p1a: Raging Bolt|ability: Protosynthesis|[fromitem]
|-start|p1a: Raging Bolt|protosynthesisspa
|move|p2a: Muk|Crunch|p1a: Raging Bolt
|-damage|p1a: Raging Bolt|76/100
|
|upkeep
|turn|12
|
|t:|1779820939
|move|p1a: Raging Bolt|Thunderclap|p2a: Muk
|-damage|p2a: Muk|65/100
|move|p2a: Muk|Drain Punch|p1a: Raging Bolt
|-damage|p1a: Raging Bolt|62/100
|-heal|p2a: Muk|73/100|[from] drain|[of] p1a: Raging Bolt
|
|-heal|p2a: Muk|79/100|[from] item: Leftovers
|upkeep
|turn|13
|
|t:|1779820963
|move|p1a: Raging Bolt|Dragon Pulse|p2a: Muk
|-damage|p2a: Muk|35/100
|move|p2a: Muk|Drain Punch|p1a: Raging Bolt
|-damage|p1a: Raging Bolt|48/100
|-heal|p2a: Muk|43/100|[from] drain|[of] p1a: Raging Bolt
|-status|p1a: Raging Bolt|psn|[from] ability: Poison Touch|[of] p2a: Muk
|
|-heal|p2a: Muk|49/100|[from] item: Leftovers
|-damage|p1a: Raging Bolt|35/100 psn|[from] psn
|upkeep
|turn|14
|
|t:|1779820987
|switch|p2a: Slowbro|Slowbro, F, shiny|83/100
|move|p1a: Raging Bolt|Dragon Pulse|p2a: Slowbro
|-damage|p2a: Slowbro|46/100
|
|-damage|p1a: Raging Bolt|23/100 psn|[from] psn
|upkeep
|turn|15
|
|t:|1779821001
|switch|p2a: Corviknight|Corviknight, F, shiny|100/100
|move|p1a: Raging Bolt|Volt Switch|p2a: Corviknight
|-supereffective|p2a: Corviknight
|-damage|p2a: Corviknight|27/100
|
|t:|1779821011
|-end|p1a: Raging Bolt|Protosynthesis|[silent]
|switch|p1a: Sableye|Sableye, M|3/100 brn|[from] Volt Switch
|
|-heal|p2a: Corviknight|33/100|[from] item: Leftovers
|-damage|p1a: Sableye|0 fnt|[from] brn
|faint|p1a: Sableye
|upkeep
|
|t:|1779821026
|switch|p1a: Raging Bolt|Raging Bolt|23/100 psn
|turn|16
|
|t:|1779821046
|switch|p2a: Raging Bolt|Raging Bolt|100/100
|move|p1a: Raging Bolt|Volt Switch|p2a: Raging Bolt
|-resisted|p2a: Raging Bolt
|-damage|p2a: Raging Bolt|94/100
|
|t:|1779821052
|-end|p1a: Raging Bolt|Protosynthesis|[silent]
|switch|p1a: Meowscarada|Meowscarada, M|100/100|[from] Volt Switch
|
|-heal|p2a: Raging Bolt|99/100|[from] item: Leftovers
|upkeep
|turn|17
|
|t:|1779821063
|move|p1a: Meowscarada|Play Rough|p2a: Raging Bolt
|-start|p1a: Meowscarada|typechange|Fairy|[from] ability: Protean
|-supereffective|p2a: Raging Bolt
|-damage|p2a: Raging Bolt|35/100
|move|p2a: Raging Bolt|Calm Mind|p2a: Raging Bolt
|-boost|p2a: Raging Bolt|spa|1
|-boost|p2a: Raging Bolt|spd|1
|
|-heal|p2a: Raging Bolt|41/100|[from] item: Leftovers
|upkeep
|turn|18
|
|t:|1779821079
|move|p2a: Raging Bolt|Thunderclap|p1a: Meowscarada
|-damage|p1a: Meowscarada|35/100
|move|p1a: Meowscarada|Triple Axel|p2a: Raging Bolt|[miss]
|-miss|p1a: Meowscarada|p2a: Raging Bolt
|
|-heal|p2a: Raging Bolt|47/100|[from] item: Leftovers
|upkeep
|turn|19
|
|t:|1779821089
|switch|p1a: Raging Bolt|Raging Bolt|23/100 psn
|move|p2a: Raging Bolt|Thunderclap||[still]
|-fail|p2a: Raging Bolt
|
|-heal|p2a: Raging Bolt|54/100|[from] item: Leftovers
|-damage|p1a: Raging Bolt|11/100 psn|[from] psn
|upkeep
|turn|20
|
|t:|1779821109
|-terastallize|p2a: Raging Bolt|Fairy
|move|p2a: Raging Bolt|Dragon Pulse|p1a: Raging Bolt
|-supereffective|p1a: Raging Bolt
|-damage|p1a: Raging Bolt|0 fnt
|faint|p1a: Raging Bolt
|-end|p1a: Raging Bolt|Protosynthesis|[silent]
|
|-heal|p2a: Raging Bolt|60/100|[from] item: Leftovers
|upkeep
|
|t:|1779821116
|switch|p1a: Corviknight|Corviknight, M|100/100
|turn|21
|
|t:|1779821128
|move|p2a: Raging Bolt|Thunderclap|p1a: Corviknight
|-supereffective|p1a: Corviknight
|-damage|p1a: Corviknight|14/100
|move|p1a: Corviknight|Iron Head|p2a: Raging Bolt
|-supereffective|p2a: Raging Bolt
|-damage|p2a: Raging Bolt|17/100
|
|-heal|p2a: Raging Bolt|24/100|[from] item: Leftovers
|-heal|p1a: Corviknight|21/100|[from] item: Leftovers
|upkeep
|turn|22
|
|t:|1779821143
|switch|p1a: Ogerpon|Ogerpon-Wellspring, F|100/100
|move|p2a: Raging Bolt|Thunderclap||[still]
|-fail|p2a: Raging Bolt
|
|-heal|p2a: Raging Bolt|30/100|[from] item: Leftovers
|upkeep
|turn|23
|
|t:|1779821157
|move|p2a: Raging Bolt|Thunderclap|p1a: Ogerpon
|-damage|p1a: Ogerpon|26/100
|move|p1a: Ogerpon|Ivy Cudgel|p2a: Raging Bolt|[anim] Ivy Cudgel Water
|-crit|p2a: Raging Bolt
|-damage|p2a: Raging Bolt|0 fnt
|faint|p2a: Raging Bolt
|-end|p2a: Raging Bolt|Protosynthesis|[silent]
|
|upkeep
|
|t:|1779821166
|switch|p2a: Volcanion|Volcanion|79/100
|turn|24
|
|t:|1779821176
|move|p1a: Ogerpon|Zen Headbutt|p2a: Volcanion
|-damage|p2a: Volcanion|52/100
|cant|p2a: Volcanion|flinch
|
|upkeep
|turn|25
|
|t:|1779821190
|move|p1a: Ogerpon|Zen Headbutt|p2a: Volcanion
|-damage|p2a: Volcanion|26/100
|move|p2a: Volcanion|Heat Wave|p1a: Ogerpon
|-damage|p1a: Ogerpon|0 fnt
|faint|p1a: Ogerpon
|
|upkeep
|
|t:|1779821197
|switch|p1a: Gliscor|Gliscor, M|38/100 tox
|turn|26
|
|t:|1779821204
|move|p1a: Gliscor|Facade|p2a: Volcanion
|-damage|p2a: Volcanion|0 fnt
|faint|p2a: Volcanion
|
|-heal|p1a: Gliscor|50/100 tox|[from] ability: Poison Heal
|upkeep
|
|t:|1779821211
|switch|p2a: Slowbro|Slowbro, F, shiny|79/100
|turn|27
|
|t:|1779821219
|move|p1a: Gliscor|U-turn|p2a: Slowbro
|-supereffective|p2a: Slowbro
|-damage|p2a: Slowbro|49/100
|
|t:|1779821222
|switch|p1a: Meowscarada|Meowscarada, M|35/100|[from] U-turn
|move|p2a: Slowbro|Surf|p1a: Meowscarada
|-resisted|p1a: Meowscarada
|-damage|p1a: Meowscarada|12/100
|
|upkeep
|turn|28
|
|t:|1779821241
|switch|p2a: Corviknight|Corviknight, F, shiny|33/100
|move|p1a: Meowscarada|U-turn|p2a: Corviknight
|-start|p1a: Meowscarada|typechange|Bug|[from] ability: Protean
|-resisted|p2a: Corviknight
|-damage|p2a: Corviknight|28/100
|
|t:|1779821255
|switch|p1a: Corviknight|Corviknight, M|21/100|[from] U-turn
|
|-heal|p2a: Corviknight|34/100|[from] item: Leftovers
|-heal|p1a: Corviknight|27/100|[from] item: Leftovers
|upkeep
|turn|29
|
|t:|1779821266
|move|p1a: Corviknight|Body Press|p2a: Corviknight
|-damage|p2a: Corviknight|21/100
|move|p2a: Corviknight|Roost|p2a: Corviknight
|-heal|p2a: Corviknight|71/100
|-singleturn|p2a: Corviknight|move: Roost
|
|-heal|p2a: Corviknight|77/100|[from] item: Leftovers
|-heal|p1a: Corviknight|33/100|[from] item: Leftovers
|upkeep
|turn|30
|
|t:|1779821279
|move|p1a: Corviknight|Roost|p1a: Corviknight
|-heal|p1a: Corviknight|83/100
|-singleturn|p1a: Corviknight|move: Roost
|move|p2a: Corviknight|Iron Defense|p2a: Corviknight
|-boost|p2a: Corviknight|def|2
|
|-heal|p2a: Corviknight|83/100|[from] item: Leftovers
|-heal|p1a: Corviknight|89/100|[from] item: Leftovers
|upkeep
|turn|31
|
|t:|1779821297
|switch|p2a: Hydrapple|Hydrapple, M, shiny|100/100
|move|p1a: Corviknight|Bulk Up|p1a: Corviknight
|-boost|p1a: Corviknight|atk|1
|-boost|p1a: Corviknight|def|1
|
|-heal|p1a: Corviknight|96/100|[from] item: Leftovers
|upkeep
|turn|32
|
|t:|1779821308
|move|p1a: Corviknight|Iron Head|p2a: Hydrapple
|-damage|p2a: Hydrapple|77/100
|cant|p2a: Hydrapple|flinch
|
|-heal|p1a: Corviknight|100/100|[from] item: Leftovers
|upkeep
|turn|33
|
|t:|1779821315
|move|p1a: Corviknight|Bulk Up|p1a: Corviknight
|-boost|p1a: Corviknight|atk|1
|-boost|p1a: Corviknight|def|1
|move|p2a: Hydrapple|Nasty Plot|p2a: Hydrapple
|-boost|p2a: Hydrapple|spa|2
|
|upkeep
|turn|34
|
|t:|1779821326
|move|p1a: Corviknight|Iron Head|p2a: Hydrapple
|-damage|p2a: Hydrapple|43/100
|cant|p2a: Hydrapple|flinch
|
|upkeep
|turn|35
|
|t:|1779821332
|move|p1a: Corviknight|Iron Head|p2a: Hydrapple
|-damage|p2a: Hydrapple|11/100
|cant|p2a: Hydrapple|flinch
|
|upkeep
|turn|36
|
|t:|1779821340
|switch|p2a: Corviknight|Corviknight, F, shiny|83/100
|move|p1a: Corviknight|Iron Head|p2a: Corviknight
|-resisted|p2a: Corviknight
|-damage|p2a: Corviknight|66/100
|
|-heal|p2a: Corviknight|72/100|[from] item: Leftovers
|upkeep
|turn|37
|
|t:|1779821357
|move|p2a: Corviknight|Iron Defense|p2a: Corviknight
|-boost|p2a: Corviknight|def|2
|move|p1a: Corviknight|Body Press|p2a: Corviknight
|-damage|p2a: Corviknight|59/100
|
|-heal|p2a: Corviknight|65/100|[from] item: Leftovers
|upkeep
|turn|38
|
|t:|1779821369
|move|p2a: Corviknight|Iron Defense|p2a: Corviknight
|-boost|p2a: Corviknight|def|2
|move|p1a: Corviknight|Bulk Up|p1a: Corviknight
|-boost|p1a: Corviknight|atk|1
|-boost|p1a: Corviknight|def|1
|
|-heal|p2a: Corviknight|72/100|[from] item: Leftovers
|upkeep
|turn|39
|
|t:|1779821379
|move|p1a: Corviknight|Bulk Up|p1a: Corviknight
|-boost|p1a: Corviknight|atk|1
|-boost|p1a: Corviknight|def|1
|move|p2a: Corviknight|Iron Defense|p2a: Corviknight
|-boost|p2a: Corviknight|def|2
|
|-heal|p2a: Corviknight|78/100|[from] item: Leftovers
|upkeep
|turn|40
|
|t:|1779821395
|move|p2a: Corviknight|Defog||[still]
|-ability|p1a: Corviknight|Mirror Armor
|-unboost|p2a: Corviknight|evasion|1
|-fail|p2a: Corviknight
|move|p1a: Corviknight|Bulk Up|p1a: Corviknight
|-boost|p1a: Corviknight|atk|1
|-boost|p1a: Corviknight|def|1
|
|-heal|p2a: Corviknight|84/100|[from] item: Leftovers
|upkeep
|turn|41
|
|t:|1779821409
|move|p1a: Corviknight|Bulk Up|p1a: Corviknight
|-boost|p1a: Corviknight|atk|1
|-boost|p1a: Corviknight|def|1
|move|p2a: Corviknight|Body Press|p1a: Corviknight
|-damage|p1a: Corviknight|81/100
|
|-heal|p2a: Corviknight|90/100|[from] item: Leftovers
|-heal|p1a: Corviknight|88/100|[from] item: Leftovers
|upkeep
|turn|42
|
|t:|1779821419
|move|p1a: Corviknight|Body Press|p2a: Corviknight
|-damage|p2a: Corviknight|78/100
|move|p2a: Corviknight|Body Press|p1a: Corviknight
|-damage|p1a: Corviknight|69/100
|
|-heal|p2a: Corviknight|84/100|[from] item: Leftovers
|-heal|p1a: Corviknight|76/100|[from] item: Leftovers
|upkeep
|turn|43
|
|t:|1779821444
|move|p1a: Corviknight|Body Press|p2a: Corviknight
|-damage|p2a: Corviknight|71/100
|move|p2a: Corviknight|Iron Defense|p2a: Corviknight
|-boost|p2a: Corviknight|def|0
|
|-heal|p1a: Corviknight|82/100|[from] item: Leftovers
|-heal|p2a: Corviknight|78/100|[from] item: Leftovers
|upkeep
|turn|44
|
|t:|1779821472
|move|p2a: Corviknight|Body Press|p1a: Corviknight
|-damage|p1a: Corviknight|63/100
|move|p1a: Corviknight|Body Press|p2a: Corviknight
|-damage|p2a: Corviknight|65/100
|
|-heal|p1a: Corviknight|69/100|[from] item: Leftovers
|-heal|p2a: Corviknight|71/100|[from] item: Leftovers
|upkeep
|turn|45
|
|t:|1779821493
|move|p2a: Corviknight|Body Press|p1a: Corviknight
|-damage|p1a: Corviknight|49/100
|move|p1a: Corviknight|Roost|p1a: Corviknight
|-heal|p1a: Corviknight|99/100
|-singleturn|p1a: Corviknight|move: Roost
|
|-heal|p1a: Corviknight|100/100|[from] item: Leftovers
|-heal|p2a: Corviknight|77/100|[from] item: Leftovers
|upkeep
|turn|46
|
|t:|1779821524
|move|p1a: Corviknight|Body Press|p2a: Corviknight
|-damage|p2a: Corviknight|63/100
|move|p2a: Corviknight|Defog||[still]
|-ability|p1a: Corviknight|Mirror Armor
|-unboost|p2a: Corviknight|evasion|1
|-fail|p2a: Corviknight
|
|-heal|p2a: Corviknight|70/100|[from] item: Leftovers
|upkeep
|turn|47
|
|t:|1779821536
|move|p2a: Corviknight|Defog||[still]
|-ability|p1a: Corviknight|Mirror Armor
|-unboost|p2a: Corviknight|evasion|1
|-fail|p2a: Corviknight
|move|p1a: Corviknight|Body Press|p2a: Corviknight
|-damage|p2a: Corviknight|57/100
|
|-heal|p2a: Corviknight|64/100|[from] item: Leftovers
|upkeep
|turn|48
|
|t:|1779821560
|move|p1a: Corviknight|Body Press|p2a: Corviknight
|-damage|p2a: Corviknight|50/100
|move|p2a: Corviknight|Defog||[still]
|-ability|p1a: Corviknight|Mirror Armor
|-unboost|p2a: Corviknight|evasion|1
|-fail|p2a: Corviknight
|
|-heal|p2a: Corviknight|56/100|[from] item: Leftovers
|upkeep
|turn|49
|
|t:|1779821580
|move|p2a: Corviknight|Roost|p2a: Corviknight
|-heal|p2a: Corviknight|100/100
|-singleturn|p2a: Corviknight|move: Roost
|move|p1a: Corviknight|Body Press|p2a: Corviknight
|-supereffective|p2a: Corviknight
|-damage|p2a: Corviknight|73/100
|
|-heal|p2a: Corviknight|80/100|[from] item: Leftovers
|upkeep
|turn|50
|
|t:|1779821592
|move|p2a: Corviknight|Body Press|p1a: Corviknight
|-damage|p1a: Corviknight|80/100
|move|p1a: Corviknight|Body Press|p2a: Corviknight
|-damage|p2a: Corviknight|65/100
|
|-heal|p1a: Corviknight|86/100|[from] item: Leftovers
|-heal|p2a: Corviknight|72/100|[from] item: Leftovers
|upkeep
|turn|51
|
|t:|1779821611
|move|p2a: Corviknight|Body Press|p1a: Corviknight
|-damage|p1a: Corviknight|65/100
|move|p1a: Corviknight|Body Press|p2a: Corviknight
|-damage|p2a: Corviknight|59/100
|
|-heal|p1a: Corviknight|72/100|[from] item: Leftovers
|-heal|p2a: Corviknight|66/100|[from] item: Leftovers
|upkeep
|turn|52
|
|t:|1779821631
|move|p1a: Corviknight|Roost|p1a: Corviknight
|-heal|p1a: Corviknight|100/100
|-singleturn|p1a: Corviknight|move: Roost
|move|p2a: Corviknight|Iron Defense|p2a: Corviknight
|-boost|p2a: Corviknight|def|0
|
|-heal|p2a: Corviknight|72/100|[from] item: Leftovers
|upkeep
|turn|53
|
|t:|1779821659
|switch|p2a: Slowbro|Slowbro, F, shiny|82/100
|move|p1a: Corviknight|Body Press|p2a: Slowbro
|-resisted|p2a: Slowbro
|-damage|p2a: Slowbro|52/100
|
|upkeep
|turn|54
|
|t:|1779821668
|switch|p2a: Hydrapple|Hydrapple, M, shiny|44/100
|move|p1a: Corviknight|Iron Head|p2a: Hydrapple
|-damage|p2a: Hydrapple|0 fnt
|faint|p2a: Hydrapple
|
|upkeep
|
|t:|1779821676
|switch|p2a: Slowbro|Slowbro, F, shiny|86/100
|turn|55
|
|t:|1779821681
|move|p1a: Corviknight|Iron Head|p2a: Slowbro
|-resisted|p2a: Slowbro
|-damage|p2a: Slowbro|46/100
|move|p2a: Slowbro|Flamethrower|p1a: Corviknight
|-supereffective|p1a: Corviknight
|-damage|p1a: Corviknight|64/100
|-status|p1a: Corviknight|brn
|
|-heal|p1a: Corviknight|70/100 brn|[from] item: Leftovers
|-damage|p1a: Corviknight|64/100 brn|[from] brn
|upkeep
|turn|56
|
|t:|1779821694
|switch|p2a: Muk|Muk-Alola, M, shiny|49/100
|move|p1a: Corviknight|Iron Head|p2a: Muk
|-damage|p2a: Muk|0 fnt
|faint|p2a: Muk
|
|-heal|p1a: Corviknight|70/100 brn|[from] item: Leftovers
|-damage|p1a: Corviknight|64/100 brn|[from] brn
|upkeep
|
|t:|1779821709
|switch|p2a: Slowbro|Slowbro, F, shiny|79/100
|turn|57
|
|t:|1779821713
|switch|p2a: Corviknight|Corviknight, F, shiny|72/100
|move|p1a: Corviknight|Iron Head|p2a: Corviknight
|-resisted|p2a: Corviknight
|-damage|p2a: Corviknight|55/100
|
|-heal|p2a: Corviknight|62/100|[from] item: Leftovers
|-heal|p1a: Corviknight|70/100 brn|[from] item: Leftovers
|-damage|p1a: Corviknight|64/100 brn|[from] brn
|upkeep
|turn|58
|
|t:|1779821738
|move|p2a: Corviknight|Iron Defense|p2a: Corviknight
|-boost|p2a: Corviknight|def|2
|move|p1a: Corviknight|Body Press|p2a: Corviknight
|-damage|p2a: Corviknight|49/100
|
|-heal|p1a: Corviknight|70/100 brn|[from] item: Leftovers
|-heal|p2a: Corviknight|55/100|[from] item: Leftovers
|-damage|p1a: Corviknight|64/100 brn|[from] brn
|upkeep
|turn|59
|
|t:|1779821751
|move|p1a: Corviknight|Body Press|p2a: Corviknight
|-damage|p2a: Corviknight|42/100
|move|p2a: Corviknight|Iron Defense|p2a: Corviknight
|-boost|p2a: Corviknight|def|2
|
|-heal|p2a: Corviknight|49/100|[from] item: Leftovers
|-heal|p1a: Corviknight|70/100 brn|[from] item: Leftovers
|-damage|p1a: Corviknight|64/100 brn|[from] brn
|upkeep
|turn|60
|
|t:|1779821761
|move|p1a: Corviknight|Body Press|p2a: Corviknight
|-damage|p2a: Corviknight|40/100
|move|p2a: Corviknight|Roost|p2a: Corviknight
|-heal|p2a: Corviknight|90/100
|-singleturn|p2a: Corviknight|move: Roost
|
|-heal|p1a: Corviknight|70/100 brn|[from] item: Leftovers
|-heal|p2a: Corviknight|97/100|[from] item: Leftovers
|-damage|p1a: Corviknight|64/100 brn|[from] brn
|upkeep
|turn|61
|
|t:|1779821785
|move|p2a: Corviknight|Iron Defense|p2a: Corviknight
|-boost|p2a: Corviknight|def|2
|move|p1a: Corviknight|Roost|p1a: Corviknight
|-heal|p1a: Corviknight|100/100 brn
|-singleturn|p1a: Corviknight|move: Roost
|
|-heal|p2a: Corviknight|100/100|[from] item: Leftovers
|-damage|p1a: Corviknight|94/100 brn|[from] brn
|upkeep
|turn|62
|
|t:|1779821802
|move|p1a: Corviknight|Iron Head|p2a: Corviknight
|-resisted|p2a: Corviknight
|-damage|p2a: Corviknight|97/100
|cant|p2a: Corviknight|flinch
|
|-heal|p1a: Corviknight|100/100 brn|[from] item: Leftovers
|-heal|p2a: Corviknight|100/100|[from] item: Leftovers
|-damage|p1a: Corviknight|94/100 brn|[from] brn
|upkeep
|turn|63
|
|t:|1779821813
|move|p1a: Corviknight|Iron Head|p2a: Corviknight
|-resisted|p2a: Corviknight
|-damage|p2a: Corviknight|96/100
|move|p2a: Corviknight|Body Press|p1a: Corviknight
|-damage|p1a: Corviknight|74/100 brn
|
|-heal|p2a: Corviknight|100/100|[from] item: Leftovers
|-heal|p1a: Corviknight|80/100 brn|[from] item: Leftovers
|-damage|p1a: Corviknight|74/100 brn|[from] brn
|upkeep
|turn|64
|
|t:|1779821825
|move|p2a: Corviknight|Iron Defense|p2a: Corviknight
|-boost|p2a: Corviknight|def|0
|move|p1a: Corviknight|Iron Head|p2a: Corviknight
|-resisted|p2a: Corviknight
|-damage|p2a: Corviknight|96/100
|
|-heal|p2a: Corviknight|100/100|[from] item: Leftovers
|-heal|p1a: Corviknight|80/100 brn|[from] item: Leftovers
|-damage|p1a: Corviknight|74/100 brn|[from] brn
|upkeep
|turn|65
|
|t:|1779821835
|move|p1a: Corviknight|Iron Head|p2a: Corviknight
|-resisted|p2a: Corviknight
|-damage|p2a: Corviknight|97/100
|cant|p2a: Corviknight|flinch
|
|-heal|p2a: Corviknight|100/100|[from] item: Leftovers
|-heal|p1a: Corviknight|80/100 brn|[from] item: Leftovers
|-damage|p1a: Corviknight|74/100 brn|[from] brn
|upkeep
|turn|66
|
|t:|1779821846
|move|p2a: Corviknight|Iron Defense|p2a: Corviknight
|-boost|p2a: Corviknight|def|0
|move|p1a: Corviknight|Iron Head|p2a: Corviknight
|-resisted|p2a: Corviknight
|-damage|p2a: Corviknight|97/100
|
|-heal|p1a: Corviknight|80/100 brn|[from] item: Leftovers
|-heal|p2a: Corviknight|100/100|[from] item: Leftovers
|-damage|p1a: Corviknight|74/100 brn|[from] brn
|upkeep
|turn|67
|
|t:|1779821861
|move|p1a: Corviknight|Bulk Up|p1a: Corviknight
|-boost|p1a: Corviknight|atk|0
|-boost|p1a: Corviknight|def|0
|move|p2a: Corviknight|Iron Defense|p2a: Corviknight
|-boost|p2a: Corviknight|def|0
|
|-heal|p1a: Corviknight|80/100 brn|[from] item: Leftovers
|-damage|p1a: Corviknight|74/100 brn|[from] brn
|upkeep
|turn|68
|
|t:|1779821884
|move|p1a: Corviknight|Bulk Up|p1a: Corviknight
|-boost|p1a: Corviknight|atk|0
|-boost|p1a: Corviknight|def|0
|move|p2a: Corviknight|Iron Defense|p2a: Corviknight
|-boost|p2a: Corviknight|def|0
|
|-heal|p1a: Corviknight|80/100 brn|[from] item: Leftovers
|-damage|p1a: Corviknight|74/100 brn|[from] brn
|upkeep
|turn|69
|
|t:|1779821916
|switch|p2a: Slowbro|Slowbro, F, shiny|100/100
|move|p1a: Corviknight|Bulk Up|p1a: Corviknight
|-boost|p1a: Corviknight|atk|0
|-boost|p1a: Corviknight|def|0
|
|-heal|p1a: Corviknight|80/100 brn|[from] item: Leftovers
|-damage|p1a: Corviknight|74/100 brn|[from] brn
|upkeep
|turn|70
|c|☆leito (arg)|ATACAAAAAAAAAAAAAA
|c|☆leito (arg)|Trola
|
|t:|1779821927
|move|p1a: Corviknight|Iron Head|p2a: Slowbro
|-resisted|p2a: Slowbro
|-damage|p2a: Slowbro|81/100
|cant|p2a: Slowbro|flinch
|
|-heal|p1a: Corviknight|80/100 brn|[from] item: Leftovers
|-damage|p1a: Corviknight|74/100 brn|[from] brn
|upkeep
|turn|71
|
|t:|1779821940
|move|p1a: Corviknight|Iron Head|p2a: Slowbro
|-resisted|p2a: Slowbro
|-damage|p2a: Slowbro|62/100
|move|p2a: Slowbro|Flamethrower|p1a: Corviknight
|-supereffective|p1a: Corviknight
|-damage|p1a: Corviknight|32/100 brn
|
|-heal|p1a: Corviknight|38/100 brn|[from] item: Leftovers
|-damage|p1a: Corviknight|32/100 brn|[from] brn
|upkeep
|turn|72
|
|t:|1779821951
|move|p1a: Corviknight|Roost|p1a: Corviknight
|-heal|p1a: Corviknight|82/100 brn
|-singleturn|p1a: Corviknight|move: Roost
|move|p2a: Slowbro|Flamethrower|p1a: Corviknight
|-supereffective|p1a: Corviknight
|-damage|p1a: Corviknight|45/100 brn
|
|-heal|p1a: Corviknight|51/100 brn|[from] item: Leftovers
|-damage|p1a: Corviknight|45/100 brn|[from] brn
|upkeep
|turn|73
|
|t:|1779821972
|move|p1a: Corviknight|Roost|p1a: Corviknight
|-heal|p1a: Corviknight|95/100 brn
|-singleturn|p1a: Corviknight|move: Roost
|move|p2a: Slowbro|Flamethrower|p1a: Corviknight
|-supereffective|p1a: Corviknight
|-damage|p1a: Corviknight|59/100 brn
|
|-heal|p1a: Corviknight|65/100 brn|[from] item: Leftovers
|-damage|p1a: Corviknight|59/100 brn|[from] brn
|upkeep
|turn|74
|
|t:|1779821990
|move|p1a: Corviknight|Iron Head|p2a: Slowbro
|-resisted|p2a: Slowbro
|-damage|p2a: Slowbro|41/100
|cant|p2a: Slowbro|flinch
|
|-heal|p1a: Corviknight|65/100 brn|[from] item: Leftovers
|-damage|p1a: Corviknight|59/100 brn|[from] brn
|upkeep
|turn|75
|
|t:|1779822000
|switch|p2a: Corviknight|Corviknight, F, shiny|100/100
|move|p1a: Corviknight|Iron Head|p2a: Corviknight
|-resisted|p2a: Corviknight
|-damage|p2a: Corviknight|85/100
|
|-heal|p2a: Corviknight|91/100|[from] item: Leftovers
|-heal|p1a: Corviknight|65/100 brn|[from] item: Leftovers
|-damage|p1a: Corviknight|59/100 brn|[from] brn
|upkeep
|turn|76
|
|t:|1779822013
|switch|p1a: Meowscarada|Meowscarada, M|12/100
|switch|p2a: Slowbro|Slowbro, F, shiny|75/100
|
|upkeep
|turn|77
|
|t:|1779822020
|switch|p2a: Corviknight|Corviknight, F, shiny|91/100
|move|p1a: Meowscarada|Flower Trick|p2a: Corviknight
|-start|p1a: Meowscarada|typechange|Grass|[from] ability: Protean
|-resisted|p2a: Corviknight
|-crit|p2a: Corviknight
|-damage|p2a: Corviknight|83/100
|
|-heal|p2a: Corviknight|89/100|[from] item: Leftovers
|upkeep
|turn|78
|
|t:|1779822035
|move|p1a: Meowscarada|Triple Axel|p2a: Corviknight
|-damage|p2a: Corviknight|85/100
|-damage|p2a: Corviknight|77/100
|-damage|p2a: Corviknight|64/100
|-hitcount|p2a: Corviknight|3
|move|p2a: Corviknight|Iron Defense|p2a: Corviknight
|-boost|p2a: Corviknight|def|2
|
|-heal|p2a: Corviknight|70/100|[from] item: Leftovers
|upkeep
|turn|79
|
|t:|1779822061
|move|p1a: Meowscarada|Triple Axel|p2a: Corviknight
|-damage|p2a: Corviknight|68/100
|-hitcount|p2a: Corviknight|1
|move|p2a: Corviknight|Body Press|p1a: Meowscarada
|-damage|p1a: Meowscarada|0 fnt
|faint|p1a: Meowscarada
|
|-heal|p2a: Corviknight|74/100|[from] item: Leftovers
|upkeep
|
|t:|1779822072
|switch|p1a: Gliscor|Gliscor, M|50/100 tox
|turn|80
|
|t:|1779822084
|move|p1a: Gliscor|Crabhammer|p2a: Corviknight
|-damage|p2a: Corviknight|65/100
|move|p2a: Corviknight|Iron Defense|p2a: Corviknight
|-boost|p2a: Corviknight|def|2
|
|-heal|p2a: Corviknight|71/100|[from] item: Leftovers
|-heal|p1a: Gliscor|62/100 tox|[from] ability: Poison Heal
|upkeep
|turn|81
|
|t:|1779822097
|move|p1a: Gliscor|Facade|p2a: Corviknight
|-resisted|p2a: Corviknight
|-crit|p2a: Corviknight
|-damage|p2a: Corviknight|53/100
|move|p2a: Corviknight|Iron Defense|p2a: Corviknight
|-boost|p2a: Corviknight|def|2
|
|-heal|p2a: Corviknight|59/100|[from] item: Leftovers
|-heal|p1a: Gliscor|75/100 tox|[from] ability: Poison Heal
|upkeep
|turn|82
|l|☆leito (arg)
|player|p1|
|c|☆awesomeplaying gg|gg, gane xd
|inactive|Battle timer is ON: inactive players will automatically lose when time's up. (requested by awesomeplaying gg)
|inactive|leito (arg) has 30 seconds to reconnect!
|c|☆awesomeplaying gg|jajajjajaj
|inactive|leito (arg) has 20 seconds to reconnect!
|inactive|leito (arg) has 15 seconds to reconnect!
|inactive|leito (arg) has 10 seconds to reconnect!
|inactive|leito (arg) has 5 seconds to reconnect!
|-message|leito (arg) lost due to inactivity.
|
|win|awesomeplaying gg
|raw|leito (arg)'s rating: 1084 &rarr; <strong>1066</strong><br />(-18 for losing)
|raw|awesomeplaying gg's rating: 1155 &rarr; <strong>1175</strong><br />(+20 for winning)
