|j|☆ltb_wynn
|j|☆ShakWasTaken
|t:|1779963662
|gametype|singles
|player|p1|ltb_wynn|265|1041
|player|p2|ShakWasTaken|n|1018
|gen|9
|tier|[Gen 9] OU
|rated|
|rule|HP Percentage Mod: HP is shown in percentages
|rule|Endless Battle Clause: Forcing endless battles is banned
|rule|Species Clause: Limit one of each Pokémon
|rule|OHKO Clause: OHKO moves are banned
|rule|Evasion Items Clause: Evasion items are banned
|rule|Evasion Moves Clause: Evasion moves are banned
|rule|Evasion Abilities Clause: Evasion abilities are banned
|rule|Sleep Moves Clause: Sleep-inducing moves are banned
|clearpoke
|poke|p1|Goodra-Hisui, F|
|poke|p1|Farigiraf, F|
|poke|p1|Cinccino, F|
|poke|p1|Ogerpon-Cornerstone, F|
|poke|p1|Maushold-Four|
|poke|p1|Kommo-o, F|
|poke|p2|Meowscarada, M|
|poke|p2|Glaceon, F|
|poke|p2|Greninja-*, M|
|poke|p2|Garchomp, M|
|poke|p2|Gengar, M|
|poke|p2|Galvantula, M|
|teampreview
|
|t:|1779963684
|teamsize|p1|6
|teamsize|p2|6
|start
|switch|p1a: Goodra|Goodra-Hisui, F|100/100
|switch|p2a: PlanetEater5000|Galvantula, M, shiny|100/100
|turn|1
|
|t:|1779963699
|move|p2a: PlanetEater5000|Sticky Web|p1a: Goodra
|-sidestart|p1: ltb_wynn|move: Sticky Web
|move|p1a: Goodra|Acid Armor|p1a: Goodra
|-boost|p1a: Goodra|def|2
|
|upkeep
|turn|2
|
|t:|1779963707
|move|p2a: PlanetEater5000|Volt Switch|p1a: Goodra
|-resisted|p1a: Goodra
|-damage|p1a: Goodra|92/100
|
|t:|1779963718
|switch|p2a: Snowflake|Glaceon, F|100/100|[from] Volt Switch
|move|p1a: Goodra|Acid Armor|p1a: Goodra
|-boost|p1a: Goodra|def|2
|
|-heal|p1a: Goodra|98/100|[from] item: Leftovers
|upkeep
|turn|3
|
|t:|1779963739
|move|p2a: Snowflake|Shadow Ball|p1a: Goodra
|-damage|p1a: Goodra|79/100
|move|p1a: Goodra|Body Press|p2a: Snowflake
|-supereffective|p2a: Snowflake
|-damage|p2a: Snowflake|0 fnt
|faint|p2a: Snowflake
|
|-heal|p1a: Goodra|85/100|[from] item: Leftovers
|upkeep
|
|t:|1779963752
|switch|p2a: Garchomp|Garchomp, M|100/100
|turn|4
|
|t:|1779963766
|move|p2a: Garchomp|Swords Dance|p2a: Garchomp
|-boost|p2a: Garchomp|atk|2
|move|p1a: Goodra|Dragon Tail|p2a: Garchomp
|-supereffective|p2a: Garchomp
|-damage|p2a: Garchomp|62/100
|-damage|p1a: Goodra|72/100|[from] ability: Rough Skin|[of] p2a: Garchomp
|drag|p2a: Greninja|Greninja, M|100/100
|
|-heal|p1a: Goodra|79/100|[from] item: Leftovers
|upkeep
|turn|5
|
|t:|1779963784
|move|p1a: Goodra|Body Press|p2a: Greninja
|-supereffective|p2a: Greninja
|-crit|p2a: Greninja
|-damage|p2a: Greninja|0 fnt
|faint|p2a: Greninja
|
|-heal|p1a: Goodra|85/100|[from] item: Leftovers
|upkeep
|
|t:|1779963800
|switch|p2a: Garchomp|Garchomp, M|62/100
|turn|6
|
|t:|1779963804
|move|p2a: Garchomp|Earthquake|p1a: Goodra
|-supereffective|p1a: Goodra
|-damage|p1a: Goodra|53/100
|move|p1a: Goodra|Dragon Tail|p2a: Garchomp|[miss]
|-miss|p1a: Goodra|p2a: Garchomp
|
|-heal|p1a: Goodra|59/100|[from] item: Leftovers
|upkeep
|turn|7
|
|t:|1779963815
|move|p2a: Garchomp|Scale Shot|p1a: Goodra|[miss]
|-miss|p2a: Garchomp|p1a: Goodra
|move|p1a: Goodra|Dragon Tail|p2a: Garchomp
|-supereffective|p2a: Garchomp
|-damage|p2a: Garchomp|19/100
|-damage|p1a: Goodra|46/100|[from] ability: Rough Skin|[of] p2a: Garchomp
|drag|p2a: Fleur|Meowscarada, M|100/100
|
|-heal|p1a: Goodra|52/100|[from] item: Leftovers
|upkeep
|turn|8
|
|t:|1779963830
|move|p2a: Fleur|Knock Off|p1a: Goodra
|-start|p2a: Fleur|typechange|Dark|[from] ability: Protean
|-damage|p1a: Goodra|38/100
|-enditem|p1a: Goodra|Leftovers|[from] move: Knock Off|[of] p2a: Fleur
|move|p1a: Goodra|Rest|p1a: Goodra
|-status|p1a: Goodra|slp|[from] move: Rest
|-heal|p1a: Goodra|100/100 slp|[silent]
|
|upkeep
|turn|9
|
|t:|1779963841
|switch|p2a: Garchomp|Garchomp, M|19/100
|cant|p1a: Goodra|slp
|
|upkeep
|turn|10
|
|t:|1779963848
|move|p2a: Garchomp|Swords Dance|p2a: Garchomp
|-boost|p2a: Garchomp|atk|2
|cant|p1a: Goodra|slp
|
|upkeep
|turn|11
|
|t:|1779963861
|move|p2a: Garchomp|Swords Dance|p2a: Garchomp
|-boost|p2a: Garchomp|atk|2
|-curestatus|p1a: Goodra|slp|[msg]
|move|p1a: Goodra|Body Press|p2a: Garchomp
|-damage|p2a: Garchomp|0 fnt
|-damage|p1a: Goodra|88/100|[from] ability: Rough Skin|[of] p2a: Garchomp
|faint|p2a: Garchomp
|
|upkeep
|
|t:|1779963875
|switch|p2a: Gengar|Gengar, M, shiny|100/100
|turn|12
|
|t:|1779963880
|move|p2a: Gengar|Focus Blast|p1a: Goodra
|-supereffective|p1a: Goodra
|-crit|p1a: Goodra
|-damage|p1a: Goodra|28/100
|move|p1a: Goodra|Acid Armor|p1a: Goodra
|-boost|p1a: Goodra|def|2
|
|upkeep
|turn|13
|
|t:|1779963887
|move|p2a: Gengar|Focus Blast|p1a: Goodra
|-supereffective|p1a: Goodra
|-damage|p1a: Goodra|0 fnt
|faint|p1a: Goodra
|
|upkeep
|
|t:|1779963912
|switch|p1a: Cinccino|Cinccino, F|100/100
|-activate|p1a: Cinccino|move: Sticky Web
|-unboost|p1a: Cinccino|spe|1
|turn|14
|
|t:|1779963929
|move|p2a: Gengar|Focus Blast|p1a: Cinccino
|-supereffective|p1a: Cinccino
|-damage|p1a: Cinccino|0 fnt
|faint|p1a: Cinccino
|
|upkeep
|
|t:|1779963939
|switch|p1a: Farigiraf|Farigiraf, F|100/100
|-activate|p1a: Farigiraf|move: Sticky Web
|-unboost|p1a: Farigiraf|spe|1
|turn|15
|
|t:|1779963944
|move|p2a: Gengar|Nasty Plot|p2a: Gengar
|-boost|p2a: Gengar|spa|2
|move|p1a: Farigiraf|Psychic Noise|p2a: Gengar
|-supereffective|p2a: Gengar
|-damage|p2a: Gengar|5/100
|-start|p2a: Gengar|move: Heal Block
|
|upkeep
|turn|16
|
|t:|1779963978
|-terastallize|p2a: Gengar|Ghost
|move|p2a: Gengar|Shadow Ball|p1a: Farigiraf
|-immune|p1a: Farigiraf
|move|p1a: Farigiraf|Psychic Noise|p2a: Gengar
|-damage|p2a: Gengar|0 fnt
|faint|p2a: Gengar
|
|upkeep
|
|t:|1779963992
|switch|p2a: Fleur|Meowscarada, M|100/100
|turn|17
|
|t:|1779963999
|move|p2a: Fleur|Triple Axel|p1a: Farigiraf
|-start|p2a: Fleur|typechange|Ice|[from] ability: Protean
|-damage|p1a: Farigiraf|94/100
|-damage|p1a: Farigiraf|79/100
|-hitcount|p1a: Farigiraf|2
|-enditem|p1a: Farigiraf|Kee Berry|[eat]
|-boost|p1a: Farigiraf|def|1|[from] item: Kee Berry
|move|p1a: Farigiraf|Dazzling Gleam|p2a: Fleur
|-damage|p2a: Fleur|67/100
|
|upkeep
|turn|18
|
|t:|1779964016
|switch|p2a: PlanetEater5000|Galvantula, M, shiny|100/100
|move|p1a: Farigiraf|Psychic Noise|p2a: PlanetEater5000
|-damage|p2a: PlanetEater5000|46/100
|-start|p2a: PlanetEater5000|move: Heal Block
|
|upkeep
|turn|19
|
|t:|1779964027
|move|p2a: PlanetEater5000|Bug Buzz|p1a: Farigiraf
|-supereffective|p1a: Farigiraf
|-damage|p1a: Farigiraf|0 fnt
|faint|p1a: Farigiraf
|
|-end|p2a: PlanetEater5000|move: Heal Block
|upkeep
|
|t:|1779964039
|switch|p1a: Ogerpon|Ogerpon-Cornerstone, F|100/100
|-activate|p1a: Ogerpon|move: Sticky Web
|-unboost|p1a: Ogerpon|spe|1
|turn|20
|
|t:|1779964046
|move|p2a: PlanetEater5000|Bug Buzz|p1a: Ogerpon
|-supereffective|p1a: Ogerpon
|-damage|p1a: Ogerpon|14/100
|-unboost|p1a: Ogerpon|spd|1
|move|p1a: Ogerpon|Ivy Cudgel|p2a: PlanetEater5000|[anim] Ivy Cudgel Rock
|-supereffective|p2a: PlanetEater5000
|-damage|p2a: PlanetEater5000|0 fnt
|faint|p2a: PlanetEater5000
|
|upkeep
|
|t:|1779964056
|switch|p2a: Fleur|Meowscarada, M|67/100
|turn|21
|
|t:|1779964064
|move|p2a: Fleur|Triple Axel|p1a: Ogerpon
|-start|p2a: Fleur|typechange|Ice|[from] ability: Protean
|-supereffective|p1a: Ogerpon
|-damage|p1a: Ogerpon|0 fnt
|faint|p1a: Ogerpon
|-hitcount|p1: Ogerpon|1
|
|upkeep
|
|t:|1779964072
|switch|p1a: Maushold|Maushold-Four|100/100
|-activate|p1a: Maushold|move: Sticky Web
|-unboost|p1a: Maushold|spe|1
|turn|22
|
|t:|1779964092
|move|p2a: Fleur|Triple Axel|p1a: Maushold
|-damage|p1a: Maushold|87/100
|-damage|p1a: Maushold|60/100
|-damage|p1a: Maushold|17/100
|-hitcount|p1a: Maushold|3
|move|p1a: Maushold|Bite|p2a: Fleur
|-damage|p2a: Fleur|31/100
|
|upkeep
|turn|23
|
|t:|1779964104
|move|p2a: Fleur|Triple Axel|p1a: Maushold
|-damage|p1a: Maushold|2/100
|-damage|p1a: Maushold|0 fnt
|faint|p1a: Maushold
|-hitcount|p1: Maushold|2
|
|upkeep
|
|t:|1779964110
|switch|p1a: Kommo-o|Kommo-o, F|100/100
|-activate|p1a: Kommo-o|move: Sticky Web
|-unboost|p1a: Kommo-o|spe|1
|turn|24
|
|t:|1779964118
|-terastallize|p1a: Kommo-o|Steel
|move|p2a: Fleur|Triple Axel|p1a: Kommo-o
|-resisted|p1a: Kommo-o
|-damage|p1a: Kommo-o|96/100
|-resisted|p1a: Kommo-o
|-damage|p1a: Kommo-o|86/100
|-hitcount|p1a: Kommo-o|2
|move|p1a: Kommo-o|Aura Sphere|p2a: Fleur
|-supereffective|p2a: Fleur
|-damage|p2a: Fleur|0 fnt
|faint|p2a: Fleur
|
|win|ltb_wynn
|raw|ltb_wynn's rating: 1041 &rarr; <strong>1073</strong><br />(+32 for winning)
|raw|ShakWasTaken's rating: 1018 &rarr; <strong>1006</strong><br />(-12 for losing)
|l|☆ShakWasTaken
|player|p2|
