|j|‽Lucey10
|j|‽Alakazam darnold
|t:|1779914393
|gametype|singles
|player|p1|Lucey10|dawn-gen4pt|1475
|player|p2|Alakazam darnold|li|1432
|gen|9
|tier|[Gen 9] OU
|rated|
|rule|HP Percentage Mod: HP is shown in percentages
|rule|Endless Battle Clause: Forcing endless battles is banned
|rule|Species Clause: Limit one of each Pokémon
|rule|OHKO Clause: OHKO moves are banned
|rule|Evasion Items Clause: Evasion items are banned
|rule|Evasion Moves Clause: Evasion moves are banned
|rule|Evasion Abilities Clause: Evasion abilities are banned
|rule|Sleep Moves Clause: Sleep-inducing moves are banned
|clearpoke
|poke|p1|Darkrai|
|poke|p1|Dragapult, M|
|poke|p1|Iron Treads|
|poke|p1|Pecharunt|
|poke|p1|Zapdos-Galar|
|poke|p1|Cinderace, M|
|poke|p2|Golurk|
|poke|p2|Ogerpon-Wellspring, F|
|poke|p2|Mandibuzz, F|
|poke|p2|Garganacl, F|
|poke|p2|Iron Crown|
|poke|p2|Enamorus, F|
|teampreview
|
|t:|1779914422
|teamsize|p1|6
|teamsize|p2|6
|start
|switch|p1a: Zapdos|Zapdos-Galar|100/100
|switch|p2a: Golurk|Golurk|100/100
|turn|1
|
|t:|1779914442
|-terastallize|p2a: Golurk|Fairy
|move|p1a: Zapdos|Knock Off|p2a: Golurk
|-resisted|p2a: Golurk
|-damage|p2a: Golurk|83/100
|-enditem|p2a: Golurk|Choice Band|[from] move: Knock Off|[of] p1a: Zapdos
|move|p2a: Golurk|Poltergeist|p1a: Zapdos
|-activate|p1a: Zapdos|move: Poltergeist|Choice Scarf
|-damage|p1a: Zapdos|30/100
|
|upkeep
|turn|2
|
|t:|1779914452
|switch|p1a: Darkrai|Darkrai|100/100
|move|p2a: Golurk|Dynamic Punch|p1a: Darkrai
|-supereffective|p1a: Darkrai
|-damage|p1a: Darkrai|21/100
|-start|p1a: Darkrai|confusion
|
|-heal|p1a: Darkrai|28/100|[from] item: Leftovers
|upkeep
|turn|3
|
|t:|1779914468
|switch|p2a: Garganacl|Garganacl, F|100/100
|-activate|p1a: Darkrai|confusion
|move|p1a: Darkrai|Will-O-Wisp|p2a: Garganacl|[miss]
|-miss|p1a: Darkrai|p2a: Garganacl
|
|-heal|p1a: Darkrai|34/100|[from] item: Leftovers
|upkeep
|turn|4
|inactive|Battle timer is ON: inactive players will automatically lose when time's up. (requested by Alakazam darnold)
|
|t:|1779914513
|switch|p1a: Dragapult|Dragapult, M|100/100
|move|p2a: Garganacl|Salt Cure|p1a: Dragapult
|-damage|p1a: Dragapult|82/100
|-start|p1a: Dragapult|Salt Cure
|
|-damage|p1a: Dragapult|70/100|[from] Salt Cure
|upkeep
|turn|5
|
|t:|1779914519
|move|p1a: Dragapult|Dragon Darts|p2a: Garganacl
|-damage|p2a: Garganacl|85/100
|-anim|p1a: Dragapult|Dragon Darts|p2a: Garganacl
|-damage|p2a: Garganacl|68/100
|move|p2a: Garganacl|Stealth Rock|p1a: Dragapult
|-sidestart|p1: Lucey10|move: Stealth Rock
|
|-heal|p2a: Garganacl|74/100|[from] item: Leftovers
|-damage|p1a: Dragapult|58/100|[from] Salt Cure
|upkeep
|turn|6
|
|t:|1779914524
|move|p1a: Dragapult|Draco Meteor|p2a: Garganacl
|-damage|p2a: Garganacl|21/100
|-unboost|p1a: Dragapult|spa|2
|move|p2a: Garganacl|Salt Cure|p1a: Dragapult
|-damage|p1a: Dragapult|39/100
|
|-heal|p2a: Garganacl|27/100|[from] item: Leftovers
|-damage|p1a: Dragapult|26/100|[from] Salt Cure
|upkeep
|turn|7
|
|t:|1779914528
|move|p2a: Garganacl|Protect|p2a: Garganacl
|-singleturn|p2a: Garganacl|Protect
|move|p1a: Dragapult|Dragon Darts|p2a: Garganacl
|-activate|p2a: Garganacl|move: Protect
|
|-heal|p2a: Garganacl|33/100|[from] item: Leftovers
|-damage|p1a: Dragapult|14/100|[from] Salt Cure
|upkeep
|turn|8
|
|t:|1779914534
|move|p1a: Dragapult|Will-O-Wisp|p2a: Garganacl
|-immune|p2a: Garganacl|[from] ability: Purifying Salt
|move|p2a: Garganacl|Recover|p2a: Garganacl
|-heal|p2a: Garganacl|83/100
|
|-heal|p2a: Garganacl|90/100|[from] item: Leftovers
|-damage|p1a: Dragapult|2/100|[from] Salt Cure
|upkeep
|turn|9
|
|t:|1779914545
|move|p2a: Garganacl|Protect|p2a: Garganacl
|-singleturn|p2a: Garganacl|Protect
|move|p1a: Dragapult|Dragon Darts|p2a: Garganacl
|-activate|p2a: Garganacl|move: Protect
|
|-heal|p2a: Garganacl|96/100|[from] item: Leftovers
|-damage|p1a: Dragapult|0 fnt|[from] Salt Cure
|faint|p1a: Dragapult
|upkeep
|
|t:|1779914548
|switch|p1a: Iron Treads|Iron Treads|100/100
|-damage|p1a: Iron Treads|97/100|[from] Stealth Rock
|-item|p1a: Iron Treads|Air Balloon
|turn|10
|inactive|Alakazam darnold has 120 seconds left.
|
|t:|1779914581
|move|p1a: Iron Treads|Knock Off|p2a: Garganacl
|-damage|p2a: Garganacl|76/100
|-enditem|p2a: Garganacl|Leftovers|[from] move: Knock Off|[of] p1a: Iron Treads
|move|p2a: Garganacl|Salt Cure|p1a: Iron Treads
|-resisted|p1a: Iron Treads
|-damage|p1a: Iron Treads|94/100
|-start|p1a: Iron Treads|Salt Cure
|-enditem|p1a: Iron Treads|Air Balloon
|
|-damage|p1a: Iron Treads|69/100|[from] Salt Cure
|upkeep
|turn|11
|inactive|Alakazam darnold has 120 seconds left.
|
|t:|1779914592
|move|p2a: Garganacl|Protect|p2a: Garganacl
|-singleturn|p2a: Garganacl|Protect
|move|p1a: Iron Treads|Stealth Rock|p2a: Garganacl
|-sidestart|p2: Alakazam darnold|move: Stealth Rock
|
|-damage|p1a: Iron Treads|44/100|[from] Salt Cure
|upkeep
|turn|12
|
|t:|1779914596
|move|p2a: Garganacl|Protect||[still]
|-fail|p2a: Garganacl
|move|p1a: Iron Treads|Earthquake|p2a: Garganacl
|-supereffective|p2a: Garganacl
|-damage|p2a: Garganacl|12/100
|
|-damage|p1a: Iron Treads|20/100|[from] Salt Cure
|upkeep
|turn|13
|
|t:|1779914602
|move|p2a: Garganacl|Protect|p2a: Garganacl
|-singleturn|p2a: Garganacl|Protect
|move|p1a: Iron Treads|Knock Off|p2a: Garganacl
|-activate|p2a: Garganacl|move: Protect
|
|-damage|p1a: Iron Treads|0 fnt|[from] Salt Cure
|faint|p1a: Iron Treads
|-end|p1a: Iron Treads|Quark Drive|[silent]
|upkeep
|
|t:|1779914606
|switch|p1a: Darkrai|Darkrai|34/100
|-damage|p1a: Darkrai|21/100|[from] Stealth Rock
|turn|14
|inactive|Alakazam darnold has 120 seconds left.
|
|t:|1779914639
|move|p1a: Darkrai|Sludge Bomb|p2a: Garganacl
|-resisted|p2a: Garganacl
|-damage|p2a: Garganacl|3/100
|move|p2a: Garganacl|Salt Cure|p1a: Darkrai
|-damage|p1a: Darkrai|6/100
|-start|p1a: Darkrai|Salt Cure
|
|-heal|p1a: Darkrai|12/100|[from] item: Leftovers
|-damage|p1a: Darkrai|0 fnt|[from] Salt Cure
|faint|p1a: Darkrai
|upkeep
|-message|Lucey10 forfeited.
|
|win|Alakazam darnold
|raw|Lucey10's rating: 1475 &rarr; <strong>1453</strong><br />(-22 for losing)
|raw|Alakazam darnold's rating: 1432 &rarr; <strong>1454</strong><br />(+22 for winning)
|l|‽Lucey10
|player|p1|
