|j|☆Diluer le Sal
|j|☆M16h15
|t:|1779961892
|gametype|singles
|player|p1|Diluer le Sal|waitress-gen4|1405
|player|p2|M16h15|cilan|1379
|gen|9
|tier|[Gen 9] OU
|rated|
|rule|HP Percentage Mod: HP is shown in percentages
|rule|Endless Battle Clause: Forcing endless battles is banned
|rule|Species Clause: Limit one of each Pokémon
|rule|OHKO Clause: OHKO moves are banned
|rule|Evasion Items Clause: Evasion items are banned
|rule|Evasion Moves Clause: Evasion moves are banned
|rule|Evasion Abilities Clause: Evasion abilities are banned
|rule|Sleep Moves Clause: Sleep-inducing moves are banned
|clearpoke
|poke|p1|Skeledirge, M|
|poke|p1|Cinderace, M|
|poke|p1|Cresselia, F|
|poke|p1|Ribombee, F|
|poke|p1|Empoleon, F|
|poke|p1|Kingambit, M|
|poke|p2|Landorus-Therian, M|
|poke|p2|Goodra-Hisui, F|
|poke|p2|Ogerpon, F|
|poke|p2|Alomomola, F|
|poke|p2|Skeledirge, F|
|poke|p2|Raging Bolt|
|teampreview
|inactive|Battle timer is ON: inactive players will automatically lose when time's up. (requested by Diluer le Sal)
|
|t:|1779961913
|teamsize|p1|6
|teamsize|p2|6
|start
|switch|p1a: Ribombee|Ribombee, F|100/100
|switch|p2a: Goomy 2|Goodra-Hisui, F|100/100
|turn|1
|
|t:|1779961919
|move|p1a: Ribombee|Sticky Web|p2a: Goomy 2
|-sidestart|p2: M16h15|move: Sticky Web
|move|p2a: Goomy 2|Flash Cannon|p1a: Ribombee
|-supereffective|p1a: Ribombee
|-enditem|p1a: Ribombee|Focus Sash
|-damage|p1a: Ribombee|1/100
|
|upkeep
|turn|2
|
|t:|1779961928
|switch|p1a: Cinderace|Cinderace, M|100/100
|move|p2a: Goomy 2|Ice Beam|p1a: Cinderace
|-resisted|p1a: Cinderace
|-damage|p1a: Cinderace|82/100
|
|upkeep
|turn|3
|
|t:|1779961937
|move|p1a: Cinderace|Court Change|p1a: Cinderace
|-swapsideconditions
|-activate|p1a: Cinderace|move: Court Change
|move|p2a: Goomy 2|Dragon Tail|p1a: Cinderace
|-damage|p1a: Cinderace|59/100
|drag|p1a: Skeledirge|Skeledirge, M|100/100
|
|upkeep
|turn|4
|
|t:|1779961943
|move|p1a: Skeledirge|Will-O-Wisp|p2a: Goomy 2
|-status|p2a: Goomy 2|brn
|move|p2a: Goomy 2|Dragon Tail|p1a: Skeledirge
|-damage|p1a: Skeledirge|93/100
|drag|p1a: Ribombee|Ribombee, F|1/100
|-activate|p1a: Ribombee|move: Sticky Web
|-unboost|p1a: Ribombee|spe|1
|
|-damage|p2a: Goomy 2|94/100 brn|[from] brn
|upkeep
|turn|5
|
|t:|1779961955
|switch|p1a: Skeledirge|Skeledirge, M|93/100
|move|p2a: Goomy 2|Flash Cannon|p1a: Skeledirge
|-resisted|p1a: Skeledirge
|-damage|p1a: Skeledirge|79/100
|
|-damage|p2a: Goomy 2|88/100 brn|[from] brn
|upkeep
|turn|6
|
|t:|1779961965
|switch|p2a: R Bolt|Raging Bolt|100/100
|move|p1a: Skeledirge|Hex|p2a: R Bolt
|-damage|p2a: R Bolt|77/100
|
|upkeep
|turn|7
|
|t:|1779961974
|switch|p1a: Cresselia|Cresselia, F|100/100
|move|p2a: R Bolt|Thunderbolt|p1a: Cresselia
|-damage|p1a: Cresselia|66/100
|
|upkeep
|turn|8
|
|t:|1779961980
|move|p2a: R Bolt|Volt Switch|p1a: Cresselia
|-damage|p1a: Cresselia|41/100
|
|t:|1779961984
|-end|p2a: R Bolt|Protosynthesis|[silent]
|switch|p2a: Goomy 2|Goodra-Hisui, F|88/100 brn|[from] Volt Switch
|move|p1a: Cresselia|Trick Room|p1a: Cresselia
|-fieldstart|move: Trick Room|[of] p1a: Cresselia
|
|-damage|p2a: Goomy 2|82/100 brn|[from] brn
|upkeep
|turn|9
|
|t:|1779961991
|switch|p1a: Empoleon|Empoleon, F|100/100
|-activate|p1a: Empoleon|move: Sticky Web
|-unboost|p1a: Empoleon|spe|1
|-ability|p1a: Empoleon|Competitive|boost
|-boost|p1a: Empoleon|spa|2
|move|p2a: Goomy 2|Dragon Tail|p1a: Empoleon
|-resisted|p1a: Empoleon
|-damage|p1a: Empoleon|96/100
|drag|p1a: Cinderace|Cinderace, M|59/100
|
|-damage|p2a: Goomy 2|76/100 brn|[from] brn
|upkeep
|turn|10
|
|t:|1779962002
|switch|p2a: Mola|Alomomola, F|100/100
|move|p1a: Cinderace|U-turn|p2a: Mola
|-damage|p2a: Mola|90/100
|
|t:|1779962006
|switch|p1a: Kingambit|Kingambit, M|100/100|[from] U-turn
|-activate|p1a: Kingambit|move: Sticky Web
|-unboost|p1a: Kingambit|spe|1
|-ability|p1a: Kingambit|Defiant|boost
|-boost|p1a: Kingambit|atk|2
|
|upkeep
|turn|11
|
|t:|1779962013
|move|p1a: Kingambit|Kowtow Cleave|p2a: Mola
|-damage|p2a: Mola|41/100
|move|p2a: Mola|Scald|p1a: Kingambit
|-damage|p1a: Kingambit|92/100
|
|upkeep
|turn|12
|inactive|M16h15 has 120 seconds left.
|
|t:|1779962050
|switch|p2a: Shrek|Ogerpon, F|100/100
|move|p1a: Kingambit|Kowtow Cleave|p2a: Shrek
|-damage|p2a: Shrek|0 fnt
|faint|p2a: Shrek
|
|-fieldend|move: Trick Room
|upkeep
|
|t:|1779962058
|switch|p2a: Dirge|Skeledirge, F|100/100
|turn|13
|
|t:|1779962063
|switch|p1a: Empoleon|Empoleon, F|96/100
|-activate|p1a: Empoleon|move: Sticky Web
|-unboost|p1a: Empoleon|spe|1
|-ability|p1a: Empoleon|Competitive|boost
|-boost|p1a: Empoleon|spa|2
|-terastallize|p2a: Dirge|Fairy
|move|p2a: Dirge|Will-O-Wisp|p1a: Empoleon|[miss]
|-miss|p2a: Dirge|p1a: Empoleon
|
|upkeep
|turn|14
|
|t:|1779962073
|switch|p2a: R Bolt|Raging Bolt|77/100
|move|p1a: Empoleon|Surf|p2a: R Bolt
|-resisted|p2a: R Bolt
|-damage|p2a: R Bolt|33/100
|
|upkeep
|turn|15
|
|t:|1779962082
|switch|p1a: Ribombee|Ribombee, F|1/100
|-activate|p1a: Ribombee|move: Sticky Web
|-unboost|p1a: Ribombee|spe|1
|move|p2a: R Bolt|Thunderbolt|p1a: Ribombee
|-damage|p1a: Ribombee|0 fnt
|faint|p1a: Ribombee
|
|upkeep
|
|t:|1779962085
|switch|p1a: Skeledirge|Skeledirge, M|79/100
|turn|16
|
|t:|1779962093
|move|p2a: R Bolt|Thunderbolt|p1a: Skeledirge
|-damage|p1a: Skeledirge|42/100
|-status|p1a: Skeledirge|par
|move|p1a: Skeledirge|Will-O-Wisp|p2a: R Bolt
|-status|p2a: R Bolt|brn
|
|-damage|p2a: R Bolt|27/100 brn|[from] brn
|upkeep
|turn|17
|
|t:|1779962104
|move|p2a: R Bolt|Volt Switch|p1a: Skeledirge
|-damage|p1a: Skeledirge|10/100 par
|
|t:|1779962107
|-end|p2a: R Bolt|Protosynthesis|[silent]
|switch|p2a: Lando-T|Landorus-Therian, M|100/100|[from] Volt Switch
|-ability|p2a: Lando-T|Intimidate|boost
|-unboost|p1a: Skeledirge|atk|1
|move|p1a: Skeledirge|Slack Off|p1a: Skeledirge
|-heal|p1a: Skeledirge|60/100 par
|
|upkeep
|turn|18
|
|t:|1779962116
|move|p2a: Lando-T|Earthquake|p1a: Skeledirge
|-supereffective|p1a: Skeledirge
|-damage|p1a: Skeledirge|0 fnt
|faint|p1a: Skeledirge
|
|upkeep
|
|t:|1779962119
|switch|p1a: Cresselia|Cresselia, F|41/100
|turn|19
|
|t:|1779962124
|move|p2a: Lando-T|Stealth Rock|p1a: Cresselia
|-sidestart|p1: Diluer le Sal|move: Stealth Rock
|move|p1a: Cresselia|Trick Room|p1a: Cresselia
|-fieldstart|move: Trick Room|[of] p1a: Cresselia
|
|upkeep
|turn|20
|
|t:|1779962129
|move|p1a: Cresselia|Ice Beam|p2a: Lando-T
|-supereffective|p2a: Lando-T
|-damage|p2a: Lando-T|20/100
|move|p2a: Lando-T|U-turn|p1a: Cresselia
|-supereffective|p1a: Cresselia
|-damage|p1a: Cresselia|16/100
|
|t:|1779962135
|switch|p2a: Mola|Alomomola, F|74/100|[from] U-turn
|
|upkeep
|turn|21
|
|t:|1779962140
|move|p2a: Mola|Wish|p2a: Mola
|move|p1a: Cresselia|Lunar Dance|p1a: Cresselia
|faint|p1a: Cresselia
|
|upkeep
|
|t:|1779962147
|switch|p1a: Empoleon|Empoleon, F|96/100
|-heal|p1a: Empoleon|100/100|[from] move: Lunar Dance
|-activate|p1a: Empoleon|move: Sticky Web
|-unboost|p1a: Empoleon|spe|1
|-ability|p1a: Empoleon|Competitive|boost
|-boost|p1a: Empoleon|spa|2
|-damage|p1a: Empoleon|94/100|[from] Stealth Rock
|turn|22
|
|t:|1779962157
|move|p1a: Empoleon|Surf|p2a: Mola
|-resisted|p2a: Mola
|-damage|p2a: Mola|22/100
|move|p2a: Mola|Flip Turn|p1a: Empoleon
|-resisted|p1a: Empoleon
|-damage|p1a: Empoleon|85/100
|
|t:|1779962165
|switch|p2a: R Bolt|Raging Bolt|27/100 brn|[from] Flip Turn
|
|-heal|p2a: R Bolt|95/100 brn|[from] move: Wish|[wisher] Mola
|-damage|p2a: R Bolt|89/100 brn|[from] brn
|upkeep
|turn|23
|
|t:|1779962182
|-end|p2a: R Bolt|Protosynthesis|[silent]
|switch|p2a: Goomy 2|Goodra-Hisui, F|76/100 brn
|move|p1a: Empoleon|Ice Beam|p2a: Goomy 2
|-damage|p2a: Goomy 2|50/100 brn
|
|-damage|p2a: Goomy 2|44/100 brn|[from] brn
|-fieldend|move: Trick Room
|upkeep
|turn|24
|
|t:|1779962193
|move|p2a: Goomy 2|Thunderbolt|p1a: Empoleon
|-supereffective|p1a: Empoleon
|-damage|p1a: Empoleon|48/100
|move|p1a: Empoleon|Ice Beam|p2a: Goomy 2
|-damage|p2a: Goomy 2|18/100 brn
|
|-damage|p2a: Goomy 2|12/100 brn|[from] brn
|upkeep
|turn|25
|
|t:|1779962202
|move|p1a: Empoleon|Vacuum Wave|p2a: Goomy 2
|-supereffective|p2a: Goomy 2
|-damage|p2a: Goomy 2|0 fnt
|faint|p2a: Goomy 2
|
|upkeep
|
|t:|1779962206
|switch|p2a: R Bolt|Raging Bolt|89/100 brn
|turn|26
|
|t:|1779962212
|move|p1a: Empoleon|Vacuum Wave|p2a: R Bolt
|-damage|p2a: R Bolt|61/100 brn
|move|p2a: R Bolt|Volt Switch|p1a: Empoleon
|-supereffective|p1a: Empoleon
|-damage|p1a: Empoleon|1/100
|
|t:|1779962219
|-end|p2a: R Bolt|Protosynthesis|[silent]
|switch|p2a: Mola|Alomomola, F|56/100|[from] Volt Switch
|
|upkeep
|turn|27
|
|t:|1779962225
|move|p1a: Empoleon|Vacuum Wave|p2a: Mola
|-damage|p2a: Mola|24/100
|move|p2a: Mola|Flip Turn|p1a: Empoleon
|-resisted|p1a: Empoleon
|-damage|p1a: Empoleon|0 fnt
|faint|p1a: Empoleon
|
|t:|1779962232
|switch|p2a: Lando-T|Landorus-Therian, M|20/100|[from] Flip Turn
|
|upkeep
|
|t:|1779962235
|switch|p1a: Kingambit|Kingambit, M|92/100
|-activate|p1a: Kingambit|move: Sticky Web
|-unboost|p1a: Kingambit|spe|1
|-ability|p1a: Kingambit|Defiant|boost
|-boost|p1a: Kingambit|atk|2
|-damage|p1a: Kingambit|86/100|[from] Stealth Rock
|turn|28
|
|t:|1779962248
|move|p1a: Kingambit|Sucker Punch||[still]
|-fail|p1a: Kingambit
|move|p2a: Lando-T|Stealth Rock||[still]
|-fail|p2a: Lando-T
|
|upkeep
|turn|29
|
|t:|1779962255
|move|p1a: Kingambit|Sucker Punch|p2a: Lando-T
|-damage|p2a: Lando-T|0 fnt
|-damage|p1a: Kingambit|69/100|[from] item: Rocky Helmet|[of] p2a: Lando-T
|faint|p2a: Lando-T
|
|upkeep
|
|t:|1779962261
|switch|p2a: Dirge|Skeledirge, F, tera:Fairy|100/100
|turn|30
|
|t:|1779962268
|-terastallize|p1a: Kingambit|Dark
|move|p2a: Dirge|Will-O-Wisp|p1a: Kingambit
|-status|p1a: Kingambit|brn
|move|p1a: Kingambit|Iron Head|p2a: Dirge
|-supereffective|p2a: Dirge
|-damage|p2a: Dirge|59/100
|
|-damage|p1a: Kingambit|63/100 brn|[from] brn
|upkeep
|turn|31
|c|☆Diluer le Sal|Gg
|-message|Diluer le Sal forfeited.
|
|win|M16h15
|raw|Diluer le Sal's rating: 1405 &rarr; <strong>1384</strong><br />(-21 for losing)
|raw|M16h15's rating: 1379 &rarr; <strong>1400</strong><br />(+21 for winning)
|l|☆Diluer le Sal
|player|p1|
|c|☆M16h15|gg
|l|☆M16h15
|player|p2|
