|j|☆Veryverymoist
|j|☆Exiowf
|t:|1779933962
|gametype|singles
|player|p1|Veryverymoist|youngster-gen4dp|1483
|player|p2|Exiowf|170|1487
|gen|9
|tier|[Gen 9] OU
|rated|
|rule|HP Percentage Mod: HP is shown in percentages
|rule|Endless Battle Clause: Forcing endless battles is banned
|rule|Species Clause: Limit one of each Pokémon
|rule|OHKO Clause: OHKO moves are banned
|rule|Evasion Items Clause: Evasion items are banned
|rule|Evasion Moves Clause: Evasion moves are banned
|rule|Evasion Abilities Clause: Evasion abilities are banned
|rule|Sleep Moves Clause: Sleep-inducing moves are banned
|clearpoke
|poke|p1|Salamence, F|
|poke|p1|Blaziken, F|
|poke|p1|Yanmega, F|
|poke|p1|Clefable, M|
|poke|p1|Iron Moth|
|poke|p1|Kommo-o, M|
|poke|p2|Slowking-Galar, M|
|poke|p2|Great Tusk|
|poke|p2|Corviknight, M|
|poke|p2|Dragapult, M|
|poke|p2|Kingambit, F|
|poke|p2|Iron Boulder|
|teampreview
|
|t:|1779933973
|teamsize|p1|6
|teamsize|p2|6
|start
|switch|p1a: Blaziken|Blaziken, F|100/100
|switch|p2a: Iron Boulder|Iron Boulder|100/100
|turn|1
|inactive|Battle timer is ON: inactive players will automatically lose when time's up. (requested by Veryverymoist)
|
|t:|1779933976
|move|p1a: Blaziken|Protect|p1a: Blaziken
|-singleturn|p1a: Blaziken|Protect
|move|p2a: Iron Boulder|Psycho Cut|p1a: Blaziken
|-activate|p1a: Blaziken|move: Protect
|
|-ability|p1a: Blaziken|Speed Boost|boost
|-boost|p1a: Blaziken|spe|1
|upkeep
|turn|2
|
|t:|1779933982
|-end|p2a: Iron Boulder|Quark Drive|[silent]
|switch|p2a: Corviknight|Corviknight, M|100/100
|-ability|p2a: Corviknight|Pressure
|move|p1a: Blaziken|Earthquake|p2a: Corviknight
|-immune|p2a: Corviknight
|
|-ability|p1a: Blaziken|Speed Boost|boost
|-boost|p1a: Blaziken|spe|1
|upkeep
|turn|3
|
|t:|1779933990
|-terastallize|p2a: Corviknight|Dragon
|move|p1a: Blaziken|Flare Blitz|p2a: Corviknight
|-resisted|p2a: Corviknight
|-damage|p2a: Corviknight|77/100
|-damage|p1a: Blaziken|84/100|[from] item: Rocky Helmet|[of] p2a: Corviknight
|-damage|p1a: Blaziken|74/100|[from] Recoil
|-damage|p1a: Blaziken|64/100|[from] item: Life Orb
|move|p2a: Corviknight|Brave Bird|p1a: Blaziken
|-supereffective|p1a: Blaziken
|-damage|p1a: Blaziken|0 fnt
|faint|p1a: Blaziken
|-damage|p2a: Corviknight|61/100|[from] Recoil
|
|upkeep
|
|t:|1779933995
|switch|p1a: Salamence|Salamence, F|100/100
|turn|4
|
|t:|1779934001
|switch|p2a: Slowking|Slowking-Galar, M|100/100
|move|p1a: Salamence|Dragon Dance|p1a: Salamence
|-boost|p1a: Salamence|atk|1
|-boost|p1a: Salamence|spe|1
|
|upkeep
|turn|5
|
|t:|1779934005
|move|p1a: Salamence|Earthquake|p2a: Slowking
|-supereffective|p2a: Slowking
|-damage|p2a: Slowking|0 fnt
|faint|p2a: Slowking
|-ability|p1a: Salamence|Moxie|boost
|-boost|p1a: Salamence|atk|1
|
|upkeep
|
|t:|1779934024
|switch|p2a: Great Tusk|Great Tusk|100/100
|turn|6
|
|t:|1779934028
|-end|p2a: Great Tusk|Protosynthesis|[silent]
|switch|p2a: Corviknight|Corviknight, M, tera:Dragon|61/100
|-ability|p2a: Corviknight|Pressure
|move|p1a: Salamence|Dual Wingbeat|p2a: Corviknight
|-damage|p2a: Corviknight|33/100
|-damage|p1a: Salamence|84/100|[from] item: Rocky Helmet|[of] p2a: Corviknight
|-damage|p2a: Corviknight|6/100
|-damage|p1a: Salamence|67/100|[from] item: Rocky Helmet|[of] p2a: Corviknight
|-hitcount|p2a: Corviknight|2
|
|upkeep
|turn|7
|
|t:|1779934033
|move|p1a: Salamence|Temper Flare|p2a: Corviknight
|-resisted|p2a: Corviknight
|-damage|p2a: Corviknight|0 fnt
|-damage|p1a: Salamence|51/100|[from] item: Rocky Helmet|[of] p2a: Corviknight
|faint|p2a: Corviknight
|-ability|p1a: Salamence|Moxie|boost
|-boost|p1a: Salamence|atk|1
|
|upkeep
|
|t:|1779934051
|switch|p2a: Kingambit|Kingambit, F|100/100
|-activate|p2a: Kingambit|ability: Supreme Overlord
|-start|p2a: Kingambit|fallen2|[silent]
|turn|8
|
|t:|1779934056
|move|p2a: Kingambit|Sucker Punch|p1a: Salamence
|-damage|p1a: Salamence|0 fnt
|faint|p1a: Salamence
|
|upkeep
|
|t:|1779934058
|switch|p1a: Kommo-o|Kommo-o, M|100/100
|turn|9
|
|t:|1779934062
|-end|p2a: Kingambit|fallen2|[silent]
|switch|p2a: Great Tusk|Great Tusk|100/100
|move|p1a: Kommo-o|Clangorous Soul|p1a: Kommo-o
|-boost|p1a: Kommo-o|atk|1
|-boost|p1a: Kommo-o|def|1
|-boost|p1a: Kommo-o|spa|1
|-boost|p1a: Kommo-o|spd|1
|-boost|p1a: Kommo-o|spe|1
|-damage|p1a: Kommo-o|68/100
|-enditem|p1a: Kommo-o|Throat Spray
|-boost|p1a: Kommo-o|spa|1|[from] item: Throat Spray
|
|upkeep
|turn|10
|
|t:|1779934064
|move|p1a: Kommo-o|Clanging Scales|p2a: Great Tusk
|-damage|p2a: Great Tusk|0 fnt
|faint|p2a: Great Tusk
|-end|p2a: Great Tusk|Protosynthesis|[silent]
|-unboost|p1a: Kommo-o|def|1
|
|upkeep
|
|t:|1779934070
|switch|p2a: Dragapult|Dragapult, M|100/100
|turn|11
|
|t:|1779934073
|move|p1a: Kommo-o|Clanging Scales|p2a: Dragapult
|-supereffective|p2a: Dragapult
|-damage|p2a: Dragapult|0 fnt
|faint|p2a: Dragapult
|-unboost|p1a: Kommo-o|def|1
|
|upkeep
|
|t:|1779934082
|switch|p2a: Iron Boulder|Iron Boulder|100/100
|turn|12
|
|t:|1779934085
|move|p1a: Kommo-o|Clanging Scales|p2a: Iron Boulder
|-damage|p2a: Iron Boulder|0 fnt
|faint|p2a: Iron Boulder
|-end|p2a: Iron Boulder|Quark Drive|[silent]
|-unboost|p1a: Kommo-o|def|1
|
|upkeep
|
|t:|1779934088
|switch|p2a: Kingambit|Kingambit, F|100/100
|-activate|p2a: Kingambit|ability: Supreme Overlord
|-start|p2a: Kingambit|fallen5|[silent]
|turn|13
|c|☆Exiowf|gg
|
|t:|1779934098
|switch|p1a: Yanmega|Yanmega, F|100/100
|move|p2a: Kingambit|Sucker Punch||[still]
|-fail|p2a: Kingambit
|
|upkeep
|turn|14
|
|t:|1779934102
|move|p1a: Yanmega|Substitute|p1a: Yanmega
|-start|p1a: Yanmega|Substitute
|-damage|p1a: Yanmega|76/100
|move|p2a: Kingambit|Swords Dance|p2a: Kingambit
|-boost|p2a: Kingambit|atk|2
|
|-ability|p1a: Yanmega|Speed Boost|boost
|-boost|p1a: Yanmega|spe|1
|upkeep
|turn|15
|
|t:|1779934107
|move|p1a: Yanmega|Bug Buzz|p2a: Kingambit
|-damage|p2a: Kingambit|54/100
|-enditem|p1a: Yanmega|Throat Spray
|-boost|p1a: Yanmega|spa|1|[from] item: Throat Spray
|move|p2a: Kingambit|Iron Head|p1a: Yanmega
|-end|p1a: Yanmega|Substitute
|
|-heal|p2a: Kingambit|60/100|[from] item: Leftovers
|-ability|p1a: Yanmega|Speed Boost|boost
|-boost|p1a: Yanmega|spe|1
|upkeep
|turn|16
|
|t:|1779934110
|move|p1a: Yanmega|Bug Buzz|p2a: Kingambit
|-damage|p2a: Kingambit|0 fnt
|faint|p2a: Kingambit
|-end|p2a: Kingambit|fallen5|[silent]
|
|win|Veryverymoist
|raw|Veryverymoist's rating: 1483 &rarr; <strong>1503</strong><br />(+20 for winning)
|raw|Exiowf's rating: 1487 &rarr; <strong>1467</strong><br />(-20 for losing)
|l|☆Exiowf
|player|p2|
