|j|☆metallettuce52
|j|☆lagostudao_
|t:|1779926787
|gametype|singles
|player|p1|metallettuce52|elesa|1121
|player|p2|lagostudao_|2|1086
|gen|9
|tier|[Gen 9] OU
|rated|
|rule|HP Percentage Mod: HP is shown in percentages
|rule|Endless Battle Clause: Forcing endless battles is banned
|rule|Species Clause: Limit one of each Pokémon
|rule|OHKO Clause: OHKO moves are banned
|rule|Evasion Items Clause: Evasion items are banned
|rule|Evasion Moves Clause: Evasion moves are banned
|rule|Evasion Abilities Clause: Evasion abilities are banned
|rule|Sleep Moves Clause: Sleep-inducing moves are banned
|clearpoke
|poke|p1|Oricorio-Sensu, F|
|poke|p1|Alomomola, M|
|poke|p1|Glimmora, F|
|poke|p1|Meowscarada, F|
|poke|p1|Cloyster, M|
|poke|p1|Arcanine-Hisui, F|
|poke|p2|Slowking-Galar, M|
|poke|p2|Great Tusk|
|poke|p2|Heatran, M|
|poke|p2|Dragonite, M|
|poke|p2|Garganacl, M|
|poke|p2|Dragapult, M|
|teampreview
|inactive|Battle timer is ON: inactive players will automatically lose when time's up. (requested by metallettuce52)
|
|t:|1779926793
|teamsize|p1|6
|teamsize|p2|6
|start
|switch|p1a: Flesh|Cloyster, M|100/100
|switch|p2a: JojenReed|Garganacl, M|100/100
|turn|1
|
|t:|1779926806
|move|p1a: Flesh|Shell Smash|p1a: Flesh
|-unboost|p1a: Flesh|def|1
|-unboost|p1a: Flesh|spd|1
|-boost|p1a: Flesh|atk|2
|-boost|p1a: Flesh|spa|2
|-boost|p1a: Flesh|spe|2
|move|p2a: JojenReed|Body Press|p1a: Flesh
|-supereffective|p1a: Flesh
|-damage|p1a: Flesh|34/100
|
|upkeep
|turn|2
|
|t:|1779926822
|move|p1a: Flesh|Waterfall|p2a: JojenReed
|-supereffective|p2a: JojenReed
|-damage|p2a: JojenReed|16/100
|move|p2a: JojenReed|Body Press|p1a: Flesh
|-supereffective|p1a: Flesh
|-damage|p1a: Flesh|0 fnt
|faint|p1a: Flesh
|
|upkeep
|
|t:|1779926833
|switch|p1a: Asmongold|Glimmora, F|100/100
|turn|3
|
|t:|1779926837
|move|p1a: Asmongold|Stealth Rock|p2a: JojenReed
|-sidestart|p2: lagostudao_|move: Stealth Rock
|move|p2a: JojenReed|Recover|p2a: JojenReed
|-heal|p2a: JojenReed|66/100
|
|upkeep
|turn|4
|
|t:|1779926846
|move|p1a: Asmongold|Power Gem|p2a: JojenReed
|-damage|p2a: JojenReed|38/100
|move|p2a: JojenReed|Iron Defense|p2a: JojenReed
|-boost|p2a: JojenReed|def|2
|
|upkeep
|turn|5
|
|t:|1779926855
|move|p1a: Asmongold|Mortal Spin|p2a: JojenReed
|-resisted|p2a: JojenReed
|-damage|p2a: JojenReed|37/100
|move|p2a: JojenReed|Recover|p2a: JojenReed
|-heal|p2a: JojenReed|87/100
|
|upkeep
|turn|6
|
|t:|1779926862
|move|p1a: Asmongold|Power Gem|p2a: JojenReed
|-damage|p2a: JojenReed|57/100
|move|p2a: JojenReed|Salt Cure|p1a: Asmongold
|-damage|p1a: Asmongold|85/100
|-start|p1a: Asmongold|Salt Cure
|-activate|p1a: Asmongold|ability: Toxic Debris
|-sidestart|p2: lagostudao_|move: Toxic Spikes
|
|-damage|p1a: Asmongold|72/100|[from] Salt Cure
|upkeep
|turn|7
|
|t:|1779926876
|switch|p1a: The Bouncer|Meowscarada, F|100/100
|move|p2a: JojenReed|Recover|p2a: JojenReed
|-heal|p2a: JojenReed|100/100
|
|upkeep
|turn|8
|
|t:|1779926884
|-terastallize|p2a: JojenReed|Ghost
|move|p1a: The Bouncer|Flower Trick|p2a: JojenReed
|-start|p1a: The Bouncer|typechange|Grass|[from] ability: Protean
|-crit|p2a: JojenReed
|-damage|p2a: JojenReed|58/100
|move|p2a: JojenReed|Body Press|p1a: The Bouncer
|-damage|p1a: The Bouncer|19/100
|
|upkeep
|turn|9
|
|t:|1779926898
|switch|p1a: Assreaper|Oricorio-Sensu, F|100/100
|move|p2a: JojenReed|Body Press|p1a: Assreaper
|-immune|p1a: Assreaper
|
|upkeep
|turn|10
|
|t:|1779926906
|move|p1a: Assreaper|Quiver Dance|p1a: Assreaper
|-boost|p1a: Assreaper|spa|1
|-boost|p1a: Assreaper|spd|1
|-boost|p1a: Assreaper|spe|1
|move|p2a: JojenReed|Recover|p2a: JojenReed
|-heal|p2a: JojenReed|100/100
|
|upkeep
|turn|11
|
|t:|1779926917
|move|p1a: Assreaper|Revelation Dance|p2a: JojenReed
|-supereffective|p2a: JojenReed
|-damage|p2a: JojenReed|69/100
|move|p2a: JojenReed|Salt Cure|p1a: Assreaper
|-supereffective|p1a: Assreaper
|-damage|p1a: Assreaper|76/100
|-start|p1a: Assreaper|Salt Cure
|
|-heal|p1a: Assreaper|82/100|[from] item: Leftovers
|-damage|p1a: Assreaper|70/100|[from] Salt Cure
|upkeep
|turn|12
|
|t:|1779926929
|move|p1a: Assreaper|Quiver Dance|p1a: Assreaper
|-boost|p1a: Assreaper|spa|1
|-boost|p1a: Assreaper|spd|1
|-boost|p1a: Assreaper|spe|1
|move|p2a: JojenReed|Recover|p2a: JojenReed
|-heal|p2a: JojenReed|100/100
|
|-heal|p1a: Assreaper|76/100|[from] item: Leftovers
|-damage|p1a: Assreaper|64/100|[from] Salt Cure
|upkeep
|turn|13
|
|t:|1779926940
|move|p1a: Assreaper|Quiver Dance|p1a: Assreaper
|-boost|p1a: Assreaper|spa|1
|-boost|p1a: Assreaper|spd|1
|-boost|p1a: Assreaper|spe|1
|move|p2a: JojenReed|Iron Defense|p2a: JojenReed
|-boost|p2a: JojenReed|def|2
|
|-heal|p1a: Assreaper|70/100|[from] item: Leftovers
|-damage|p1a: Assreaper|58/100|[from] Salt Cure
|upkeep
|turn|14
|
|t:|1779926950
|move|p1a: Assreaper|Quiver Dance|p1a: Assreaper
|-boost|p1a: Assreaper|spa|1
|-boost|p1a: Assreaper|spd|1
|-boost|p1a: Assreaper|spe|1
|move|p2a: JojenReed|Salt Cure|p1a: Assreaper
|-supereffective|p1a: Assreaper
|-damage|p1a: Assreaper|35/100
|
|-heal|p1a: Assreaper|41/100|[from] item: Leftovers
|-damage|p1a: Assreaper|29/100|[from] Salt Cure
|upkeep
|turn|15
|
|t:|1779926961
|move|p1a: Assreaper|Roost|p1a: Assreaper
|-heal|p1a: Assreaper|79/100
|-singleturn|p1a: Assreaper|move: Roost
|move|p2a: JojenReed|Salt Cure|p1a: Assreaper
|-damage|p1a: Assreaper|67/100
|
|-heal|p1a: Assreaper|74/100|[from] item: Leftovers
|-damage|p1a: Assreaper|61/100|[from] Salt Cure
|upkeep
|turn|16
|
|t:|1779926973
|move|p1a: Assreaper|Quiver Dance|p1a: Assreaper
|-boost|p1a: Assreaper|spa|1
|-boost|p1a: Assreaper|spd|1
|-boost|p1a: Assreaper|spe|1
|move|p2a: JojenReed|Salt Cure|p1a: Assreaper
|-supereffective|p1a: Assreaper
|-damage|p1a: Assreaper|39/100
|
|-heal|p1a: Assreaper|45/100|[from] item: Leftovers
|-damage|p1a: Assreaper|32/100|[from] Salt Cure
|upkeep
|turn|17
|
|t:|1779926984
|move|p1a: Assreaper|Roost|p1a: Assreaper
|-heal|p1a: Assreaper|82/100
|-singleturn|p1a: Assreaper|move: Roost
|move|p2a: JojenReed|Salt Cure|p1a: Assreaper
|-damage|p1a: Assreaper|70/100
|
|-heal|p1a: Assreaper|76/100|[from] item: Leftovers
|-damage|p1a: Assreaper|63/100|[from] Salt Cure
|upkeep
|turn|18
|
|t:|1779926997
|switch|p2a: Kniy|Slowking-Galar, M|100/100
|-sideend|p2: lagostudao_|move: Toxic Spikes|[of] p2a: Kniy
|move|p1a: Assreaper|Revelation Dance|p2a: Kniy
|-supereffective|p2a: Kniy
|-damage|p2a: Kniy|0 fnt
|faint|p2a: Kniy
|
|-heal|p1a: Assreaper|70/100|[from] item: Leftovers
|-damage|p1a: Assreaper|57/100|[from] Salt Cure
|upkeep
|
|t:|1779927013
|switch|p2a: RiloBR|Dragapult, M|100/100
|turn|19
|
|t:|1779927018
|move|p1a: Assreaper|Revelation Dance|p2a: RiloBR
|-supereffective|p2a: RiloBR
|-damage|p2a: RiloBR|0 fnt
|faint|p2a: RiloBR
|
|-heal|p1a: Assreaper|63/100|[from] item: Leftovers
|-damage|p1a: Assreaper|51/100|[from] Salt Cure
|upkeep
|
|t:|1779927026
|switch|p2a: Seraphz|Heatran, M|100/100
|-damage|p2a: Seraphz|88/100|[from] Stealth Rock
|turn|20
|
|t:|1779927032
|move|p1a: Assreaper|Revelation Dance|p2a: Seraphz
|-damage|p2a: Seraphz|9/100
|move|p2a: Seraphz|Magma Storm|p1a: Assreaper|[miss]
|-miss|p2a: Seraphz|p1a: Assreaper
|
|-heal|p1a: Assreaper|57/100|[from] item: Leftovers
|-heal|p2a: Seraphz|15/100|[from] item: Leftovers
|-damage|p1a: Assreaper|45/100|[from] Salt Cure
|upkeep
|turn|21
|
|t:|1779927043
|move|p1a: Assreaper|Revelation Dance|p2a: Seraphz
|-damage|p2a: Seraphz|0 fnt
|faint|p2a: Seraphz
|
|-heal|p1a: Assreaper|51/100|[from] item: Leftovers
|-damage|p1a: Assreaper|39/100|[from] Salt Cure
|upkeep
|
|t:|1779927052
|switch|p2a: RMC|Dragonite, M|100/100
|turn|22
|
|t:|1779927063
|switch|p2a: Eu ai|Great Tusk|100/100
|-damage|p2a: Eu ai|97/100|[from] Stealth Rock
|move|p1a: Assreaper|Roost|p1a: Assreaper
|-heal|p1a: Assreaper|89/100
|-singleturn|p1a: Assreaper|move: Roost
|
|-heal|p1a: Assreaper|95/100|[from] item: Leftovers
|-heal|p2a: Eu ai|100/100|[from] item: Leftovers
|-damage|p1a: Assreaper|82/100|[from] Salt Cure
|upkeep
|turn|23
|
|t:|1779927081
|-terastallize|p1a: Assreaper|Fairy
|move|p1a: Assreaper|Revelation Dance|p2a: Eu ai
|-supereffective|p2a: Eu ai
|-damage|p2a: Eu ai|0 fnt
|faint|p2a: Eu ai
|-end|p2a: Eu ai|Protosynthesis|[silent]
|
|-heal|p1a: Assreaper|89/100|[from] item: Leftovers
|-damage|p1a: Assreaper|76/100|[from] Salt Cure
|upkeep
|-message|lagostudao_ forfeited.
|
|win|metallettuce52
|raw|metallettuce52's rating: 1121 &rarr; <strong>1143</strong><br />(+22 for winning)
|raw|lagostudao_'s rating: 1086 &rarr; <strong>1065</strong><br />(-21 for losing)
|l|☆lagostudao_
|player|p2|
|c|☆metallettuce52|gg
|l|☆metallettuce52
|player|p1|
