|badge|p1|bronze|gen9randombattle|100-9
|uhtml|medal-msg|<div class="broadcast-blue">Curious what those medals under the avatar are? PS now has Ladder Seasons! For more information, check out the <a href="https://www.smogon.com/forums/threads/3740067/">thread on Smogon.</a></div>
|j|☆Ctannn
|j|‽aaagislash
|t:|1779856595
|gametype|singles
|player|p1|Ctannn|266|1650
|player|p2|aaagislash|266|1662
|gen|9
|tier|[Gen 9] OU
|rated|
|rule|HP Percentage Mod: HP is shown in percentages
|rule|Endless Battle Clause: Forcing endless battles is banned
|rule|Species Clause: Limit one of each Pokémon
|rule|OHKO Clause: OHKO moves are banned
|rule|Evasion Items Clause: Evasion items are banned
|rule|Evasion Moves Clause: Evasion moves are banned
|rule|Evasion Abilities Clause: Evasion abilities are banned
|rule|Sleep Moves Clause: Sleep-inducing moves are banned
|clearpoke
|poke|p1|Rillaboom, M|
|poke|p1|Garganacl, M|
|poke|p1|Cinderace, M|
|poke|p1|Raging Bolt|
|poke|p1|Slowking-Galar, M|
|poke|p1|Landorus-Therian, M|
|poke|p2|Blaziken, M|
|poke|p2|Rotom-Wash|
|poke|p2|Slowking-Galar, M|
|poke|p2|Great Tusk|
|poke|p2|Weavile, M|
|poke|p2|Tinkaton, F|
|teampreview
|inactive|Battle timer is ON: inactive players will automatically lose when time's up. (requested by Ctannn)
|l|☆Ctannn
|inactive|Ctannn disconnected and has a minute to reconnect!
|player|p1|
|inactive|aaagislash has 120 seconds left.
|
|t:|1779856630
|teamsize|p1|6
|teamsize|p2|6
|start
|switch|p1a: Landorus|Landorus-Therian, M|100/100
|switch|p2a: Tinkaton|Tinkaton, F|100/100
|-item|p2a: Tinkaton|Air Balloon
|-ability|p1a: Landorus|Intimidate|boost
|-unboost|p2a: Tinkaton|atk|1
|turn|1
|j|☆Ctannn
|inactive|Ctannn reconnected and has 140 seconds left.
|player|p1|Ctannn|266|
|
|t:|1779856660
|switch|p2a: Great Tusk|Great Tusk|100/100
|move|p1a: Landorus|Stealth Rock|p2a: Great Tusk
|-sidestart|p2: aaagislash|move: Stealth Rock
|
|upkeep
|turn|2
|j| testingrainteam1
|
|t:|1779856664
|switch|p1a: Slowking|Slowking-Galar, M|100/100
|move|p2a: Great Tusk|Rapid Spin|p1a: Slowking
|-damage|p1a: Slowking|89/100
|-boost|p2a: Great Tusk|spe|1
|-damage|p2a: Great Tusk|84/100|[from] item: Rocky Helmet|[of] p1a: Slowking
|-sideend|p2: aaagislash|Stealth Rock|[from] move: Rapid Spin|[of] p2a: Great Tusk
|
|upkeep
|turn|3
|
|t:|1779856673
|-end|p2a: Great Tusk|Protosynthesis|[silent]
|switch|p2a: Weavile|Weavile, M|100/100
|-ability|p2a: Weavile|Pressure
|switch|p1a: Landorus|Landorus-Therian, M|100/100
|-ability|p1a: Landorus|Intimidate|boost
|-unboost|p2a: Weavile|atk|1
|
|upkeep
|turn|4
|
|t:|1779856680
|move|p2a: Weavile|Triple Axel|p1a: Landorus
|-supereffective|p1a: Landorus
|-damage|p1a: Landorus|72/100
|-damage|p2a: Weavile|84/100|[from] item: Rocky Helmet|[of] p1a: Landorus
|-supereffective|p1a: Landorus
|-damage|p1a: Landorus|19/100
|-damage|p2a: Weavile|68/100|[from] item: Rocky Helmet|[of] p1a: Landorus
|-supereffective|p1a: Landorus
|-damage|p1a: Landorus|0 fnt
|-damage|p2a: Weavile|51/100|[from] item: Rocky Helmet|[of] p1a: Landorus
|faint|p1a: Landorus
|-hitcount|p1: Landorus|3
|
|upkeep
|
|t:|1779856687
|switch|p1a: Cinderace|Cinderace, M|100/100
|turn|5
|
|t:|1779856691
|switch|p2a: Rotom|Rotom-Wash|100/100
|move|p1a: Cinderace|Pyro Ball|p2a: Rotom
|-resisted|p2a: Rotom
|-damage|p2a: Rotom|73/100
|
|upkeep
|turn|6
|
|t:|1779856694
|switch|p2a: Tinkaton|Tinkaton, F|100/100
|-item|p2a: Tinkaton|Air Balloon
|move|p1a: Cinderace|High Jump Kick|p2a: Tinkaton
|-start|p1a: Cinderace|typechange|Fighting|[from] ability: Libero
|-damage|p2a: Tinkaton|27/100
|-enditem|p2a: Tinkaton|Air Balloon
|-enditem|p1a: Cinderace|Heavy-Duty Boots|[silent]|[from] ability: Pickpocket|[of] p1a: Cinderace
|-item|p2a: Tinkaton|Heavy-Duty Boots|[from] ability: Pickpocket|[of] p1a: Cinderace
|
|upkeep
|turn|7
|
|t:|1779856703
|switch|p2a: Slowking|Slowking-Galar, M|100/100
|move|p1a: Cinderace|High Jump Kick|p2a: Slowking
|-resisted|p2a: Slowking
|-damage|p2a: Slowking|89/100
|-damage|p1a: Cinderace|84/100|[from] item: Rocky Helmet|[of] p2a: Slowking
|
|upkeep
|turn|8
|
|t:|1779856707
|move|p1a: Cinderace|Pyro Ball|p2a: Slowking|[miss]
|-miss|p1a: Cinderace|p2a: Slowking
|-prepare|p2a: Slowking|Chilly Reception|[premajor]
|move|p2a: Slowking|Chilly Reception|p2a: Slowking
|-weather|Snowscape
|
|t:|1779856709
|switch|p2a: Weavile|Weavile, M|51/100|[from] Chilly Reception
|-ability|p2a: Weavile|Pressure
|
|-weather|Snowscape|[upkeep]
|upkeep
|turn|9
|
|t:|1779856712
|move|p2a: Weavile|Triple Axel|p1a: Cinderace
|-damage|p1a: Cinderace|65/100
|-damage|p1a: Cinderace|20/100
|-damage|p1a: Cinderace|0 fnt
|faint|p1a: Cinderace
|-hitcount|p1: Cinderace|3
|
|-weather|Snowscape|[upkeep]
|upkeep
|
|t:|1779856718
|switch|p1a: Garganacl|Garganacl, M|100/100
|turn|10
|
|t:|1779856722
|-terastallize|p2a: Weavile|Ice
|move|p2a: Weavile|Triple Axel|p1a: Garganacl
|-crit|p1a: Garganacl
|-damage|p1a: Garganacl|82/100
|-damage|p1a: Garganacl|54/100
|-damage|p1a: Garganacl|10/100
|-hitcount|p1a: Garganacl|3
|move|p1a: Garganacl|Curse|p1a: Garganacl
|-unboost|p1a: Garganacl|spe|1
|-boost|p1a: Garganacl|atk|1
|-boost|p1a: Garganacl|def|1
|
|-weather|Snowscape|[upkeep]
|-heal|p1a: Garganacl|17/100|[from] item: Leftovers
|upkeep
|turn|11
|j| Mortardom
|
|t:|1779856729
|move|p1a: Garganacl|Protect|p1a: Garganacl
|-singleturn|p1a: Garganacl|Protect
|move|p2a: Weavile|Triple Axel|p1a: Garganacl
|-activate|p1a: Garganacl|move: Protect
|
|-weather|Snowscape|[upkeep]
|-heal|p1a: Garganacl|23/100|[from] item: Leftovers
|upkeep
|turn|12
|
|t:|1779856739
|move|p2a: Weavile|Triple Axel|p1a: Garganacl
|-damage|p1a: Garganacl|13/100
|-damage|p1a: Garganacl|0 fnt
|faint|p1a: Garganacl
|-hitcount|p1: Garganacl|2
|
|-weather|none
|upkeep
|l| testingrainteam1
|
|t:|1779856752
|switch|p1a: Rillaboom|Rillaboom, M|100/100
|-fieldstart|move: Grassy Terrain|[from] ability: Grassy Surge|[of] p1a: Rillaboom
|turn|13
|
|t:|1779856757
|switch|p2a: Slowking|Slowking-Galar, M|100/100
|move|p1a: Rillaboom|Swords Dance|p1a: Rillaboom
|-boost|p1a: Rillaboom|atk|2
|
|upkeep
|turn|14
|
|t:|1779856766
|switch|p2a: Blaziken|Blaziken, M|100/100
|-terastallize|p1a: Rillaboom|Grass
|move|p1a: Rillaboom|Wood Hammer|p2a: Blaziken
|-resisted|p2a: Blaziken
|-damage|p2a: Blaziken|0 fnt
|faint|p2a: Blaziken
|-damage|p1a: Rillaboom|71/100|[from] Recoil
|
|-heal|p1a: Rillaboom|78/100|[from] Grassy Terrain
|upkeep
|
|t:|1779856771
|switch|p2a: Weavile|Weavile, M, tera:Ice|51/100
|-ability|p2a: Weavile|Pressure
|turn|15
|
|t:|1779856774
|move|p2a: Weavile|Ice Shard|p1a: Rillaboom
|-supereffective|p1a: Rillaboom
|-damage|p1a: Rillaboom|0 fnt
|faint|p1a: Rillaboom
|
|-heal|p2a: Weavile|57/100|[from] Grassy Terrain
|upkeep
|-message|Ctannn forfeited.
|
|win|aaagislash
|raw|Ctannn's rating: 1650 &rarr; <strong>1631</strong><br />(-19 for losing)
|raw|aaagislash's rating: 1662 &rarr; <strong>1681</strong><br />(+19 for winning)
|l|☆Ctannn
|player|p1|
|l|‽aaagislash
|player|p2|
|l| Mortardom
|j|‽aaagislash
|player|p2|aaagislash|266|
|n|‽aaagislash|aaagislash
