|j|☆ZA.122
|j|☆Arcosara
|t:|1779807699
|gametype|singles
|player|p1|ZA.122|169|1310
|player|p2|Arcosara|adaman|1326
|gen|9
|tier|[Gen 9] OU
|rated|
|rule|HP Percentage Mod: HP is shown in percentages
|rule|Endless Battle Clause: Forcing endless battles is banned
|rule|Species Clause: Limit one of each Pokémon
|rule|OHKO Clause: OHKO moves are banned
|rule|Evasion Items Clause: Evasion items are banned
|rule|Evasion Moves Clause: Evasion moves are banned
|rule|Evasion Abilities Clause: Evasion abilities are banned
|rule|Sleep Moves Clause: Sleep-inducing moves are banned
|clearpoke
|poke|p1|Corviknight, M|
|poke|p1|Gholdengo|
|poke|p1|Garchomp, F|
|poke|p1|Basculegion, M|
|poke|p1|Incineroar, M|
|poke|p1|Kingambit, M|
|poke|p2|Gholdengo|
|poke|p2|Dragonite, F|
|poke|p2|Ogerpon-Wellspring, F|
|poke|p2|Slowking-Galar, M|
|poke|p2|Landorus-Therian, M|
|poke|p2|Deoxys-Speed|
|teampreview
|
|t:|1779807716
|teamsize|p1|6
|teamsize|p2|6
|start
|switch|p1a: Incineroar|Incineroar, M|100/100
|switch|p2a: Gholdengo|Gholdengo|100/100
|-ability|p1a: Incineroar|Intimidate|boost
|-unboost|p2a: Gholdengo|atk|1
|turn|1
|
|t:|1779807742
|switch|p2a: Landorus|Landorus-Therian, M|100/100
|-ability|p2a: Landorus|Intimidate|boost
|-unboost|p1a: Incineroar|atk|1
|move|p1a: Incineroar|Knock Off|p2a: Landorus
|-damage|p2a: Landorus|75/100
|-damage|p1a: Incineroar|84/100|[from] item: Rocky Helmet|[of] p2a: Landorus
|-enditem|p2a: Landorus|Rocky Helmet|[from] move: Knock Off|[of] p1a: Incineroar
|
|upkeep
|turn|2
|
|t:|1779807753
|switch|p1a: Corviknight|Corviknight, M|100/100
|move|p2a: Landorus|Stealth Rock|p1a: Corviknight
|-sidestart|p1: ZA.122|move: Stealth Rock
|
|upkeep
|turn|3
|
|t:|1779807757
|move|p2a: Landorus|Taunt|p1a: Corviknight
|-start|p1a: Corviknight|move: Taunt
|cant|p1a: Corviknight|move: Taunt|Iron Defense
|
|upkeep
|turn|4
|
|t:|1779807765
|move|p2a: Landorus|U-turn|p1a: Corviknight
|-resisted|p1a: Corviknight
|-damage|p1a: Corviknight|97/100
|
|t:|1779807768
|switch|p2a: Gholdengo|Gholdengo|100/100|[from] U-turn
|move|p1a: Corviknight|Power Trip|p2a: Gholdengo
|-supereffective|p2a: Gholdengo
|-damage|p2a: Gholdengo|91/100
|
|-heal|p1a: Corviknight|100/100|[from] item: Leftovers
|upkeep
|turn|5
|
|t:|1779807780
|switch|p1a: Garchomp|Garchomp, F|100/100
|-damage|p1a: Garchomp|94/100|[from] Stealth Rock
|move|p2a: Gholdengo|Shadow Ball|p1a: Garchomp
|-damage|p1a: Garchomp|47/100
|
|upkeep
|turn|6
|
|t:|1779807790
|move|p1a: Garchomp|Earthquake|p2a: Gholdengo
|-supereffective|p2a: Gholdengo
|-damage|p2a: Gholdengo|0 fnt
|faint|p2a: Gholdengo
|
|upkeep
|
|t:|1779807794
|switch|p2a: Landorus|Landorus-Therian, M|75/100
|-ability|p2a: Landorus|Intimidate|boost
|-unboost|p1a: Garchomp|atk|1
|turn|7
|
|t:|1779807805
|switch|p1a: Incineroar|Incineroar, M|84/100
|-ability|p1a: Incineroar|Intimidate|boost
|-unboost|p2a: Landorus|atk|1
|move|p2a: Landorus|U-turn|p1a: Incineroar
|-damage|p1a: Incineroar|73/100
|
|t:|1779807808
|switch|p2a: Ogerpon|Ogerpon-Wellspring, F|100/100|[from] U-turn
|
|upkeep
|turn|8
|
|t:|1779807813
|move|p1a: Incineroar|Fake Out|p2a: Ogerpon
|-damage|p2a: Ogerpon|87/100
|cant|p2a: Ogerpon|flinch
|
|upkeep
|turn|9
|
|t:|1779807829
|-terastallize|p1a: Incineroar|Electric
|move|p2a: Ogerpon|Ivy Cudgel|p1a: Incineroar|[anim] Ivy Cudgel Water
|-damage|p1a: Incineroar|21/100
|move|p1a: Incineroar|Knock Off|p2a: Ogerpon
|-damage|p2a: Ogerpon|54/100
|
|upkeep
|turn|10
|
|t:|1779807852
|move|p2a: Ogerpon|Ivy Cudgel|p1a: Incineroar|[anim] Ivy Cudgel Water
|-crit|p1a: Incineroar
|-damage|p1a: Incineroar|0 fnt
|faint|p1a: Incineroar
|
|upkeep
|
|t:|1779807866
|switch|p1a: Gholdengo|Gholdengo|100/100
|-damage|p1a: Gholdengo|94/100|[from] Stealth Rock
|turn|11
|
|t:|1779807872
|switch|p2a: Slowking|Slowking-Galar, M|100/100
|move|p1a: Gholdengo|Make It Rain|p2a: Slowking
|-damage|p2a: Slowking|64/100
|-unboost|p1a: Gholdengo|spa|1
|
|upkeep
|turn|12
|
|t:|1779807881
|switch|p1a: Corviknight|Corviknight, M|100/100
|-damage|p1a: Corviknight|88/100|[from] Stealth Rock
|move|p2a: Slowking|Future Sight|p1a: Corviknight
|-start|p2a: Slowking|move: Future Sight
|
|-heal|p1a: Corviknight|94/100|[from] item: Leftovers
|upkeep
|turn|13
|
|t:|1779807886
|move|p1a: Corviknight|Iron Defense|p1a: Corviknight
|-boost|p1a: Corviknight|def|2
|-prepare|p2a: Slowking|Chilly Reception|[premajor]
|move|p2a: Slowking|Chilly Reception|p2a: Slowking
|-weather|Snowscape
|
|t:|1779807889
|switch|p2a: Deoxys|Deoxys-Speed|100/100|[from] Chilly Reception
|-ability|p2a: Deoxys|Pressure
|
|-weather|Snowscape|[upkeep]
|-heal|p1a: Corviknight|100/100|[from] item: Leftovers
|upkeep
|turn|14
|
|t:|1779807898
|move|p2a: Deoxys|Taunt|p1a: Corviknight
|-start|p1a: Corviknight|move: Taunt
|move|p1a: Corviknight|Power Trip|p2a: Deoxys
|-supereffective|p2a: Deoxys
|-damage|p2a: Deoxys|71/100
|
|-weather|Snowscape|[upkeep]
|-end|p1a: Corviknight|move: Future Sight
|-resisted|p1a: Corviknight
|-damage|p1a: Corviknight|80/100
|-heal|p1a: Corviknight|86/100|[from] item: Leftovers
|upkeep
|turn|15
|
|t:|1779807910
|move|p2a: Deoxys|Spikes|p1a: Corviknight
|-sidestart|p1: ZA.122|Spikes
|move|p1a: Corviknight|Power Trip|p2a: Deoxys
|-supereffective|p2a: Deoxys
|-damage|p2a: Deoxys|38/100
|
|-weather|Snowscape|[upkeep]
|-heal|p1a: Corviknight|92/100|[from] item: Leftovers
|upkeep
|turn|16
|
|t:|1779807918
|switch|p2a: Landorus|Landorus-Therian, M|75/100
|-ability|p2a: Landorus|Intimidate|boost
|-ability|p1a: Corviknight|Mirror Armor
|-unboost|p2a: Landorus|atk|1
|move|p1a: Corviknight|Power Trip|p2a: Landorus
|-damage|p2a: Landorus|64/100
|
|-weather|Snowscape|[upkeep]
|-heal|p1a: Corviknight|98/100|[from] item: Leftovers
|-end|p1a: Corviknight|move: Taunt
|upkeep
|turn|17
|
|t:|1779807930
|move|p2a: Landorus|U-turn|p1a: Corviknight
|-resisted|p1a: Corviknight
|-damage|p1a: Corviknight|97/100
|
|t:|1779807932
|switch|p2a: Slowking|Slowking-Galar, M|98/100|[from] U-turn
|move|p1a: Corviknight|Defog|p2a: Slowking
|-unboost|p2a: Slowking|evasion|1
|-sideend|p1: ZA.122|Spikes|[from] move: Defog|[of] p1a: Corviknight
|-sideend|p1: ZA.122|Stealth Rock|[from] move: Defog|[of] p1a: Corviknight
|
|-weather|none
|-heal|p1a: Corviknight|100/100|[from] item: Leftovers
|upkeep
|turn|18
|
|t:|1779807943
|move|p1a: Corviknight|Iron Defense|p1a: Corviknight
|-boost|p1a: Corviknight|def|2
|move|p2a: Slowking|Future Sight|p1a: Corviknight
|-start|p2a: Slowking|move: Future Sight
|
|upkeep
|turn|19
|
|t:|1779807948
|move|p1a: Corviknight|Iron Defense|p1a: Corviknight
|-boost|p1a: Corviknight|def|2
|move|p2a: Slowking|Thunder Wave|p1a: Corviknight
|-status|p1a: Corviknight|par
|
|upkeep
|turn|20
|
|t:|1779807955
|cant|p1a: Corviknight|par
|-prepare|p2a: Slowking|Chilly Reception|[premajor]
|move|p2a: Slowking|Chilly Reception|p2a: Slowking
|-weather|Snowscape
|
|t:|1779807966
|switch|p2a: Deoxys|Deoxys-Speed|38/100|[from] Chilly Reception
|-ability|p2a: Deoxys|Pressure
|
|-weather|Snowscape|[upkeep]
|-end|p1a: Corviknight|move: Future Sight
|-resisted|p1a: Corviknight
|-damage|p1a: Corviknight|78/100 par
|-heal|p1a: Corviknight|84/100 par|[from] item: Leftovers
|upkeep
|turn|21
|
|t:|1779807971
|move|p2a: Deoxys|Psycho Boost|p1a: Corviknight
|-resisted|p1a: Corviknight
|-damage|p1a: Corviknight|63/100 par
|-unboost|p2a: Deoxys|spa|2
|-enditem|p2a: Deoxys|Eject Pack
|
|t:|1779807984
|switch|p2a: Slowking|Slowking-Galar, M|100/100
|cant|p1a: Corviknight|par
|
|-weather|Snowscape|[upkeep]
|-heal|p1a: Corviknight|70/100 par|[from] item: Leftovers
|upkeep
|turn|22
|
|t:|1779807995
|move|p1a: Corviknight|Power Trip|p2a: Slowking
|-supereffective|p2a: Slowking
|-damage|p2a: Slowking|38/100
|move|p2a: Slowking|Future Sight|p1a: Corviknight
|-start|p2a: Slowking|move: Future Sight
|
|-weather|Snowscape|[upkeep]
|-heal|p1a: Corviknight|76/100 par|[from] item: Leftovers
|upkeep
|turn|23
|
|t:|1779808006
|switch|p2a: Landorus|Landorus-Therian, M|64/100
|-ability|p2a: Landorus|Intimidate|boost
|-ability|p1a: Corviknight|Mirror Armor
|-unboost|p2a: Landorus|atk|1
|cant|p1a: Corviknight|par
|
|-weather|Snowscape|[upkeep]
|-heal|p1a: Corviknight|82/100 par|[from] item: Leftovers
|upkeep
|turn|24
|
|t:|1779808013
|move|p2a: Landorus|Taunt|p1a: Corviknight
|-start|p1a: Corviknight|move: Taunt
|cant|p1a: Corviknight|par
|
|-weather|none
|-end|p1a: Corviknight|move: Future Sight
|-resisted|p1a: Corviknight
|-damage|p1a: Corviknight|60/100 par
|-heal|p1a: Corviknight|66/100 par|[from] item: Leftovers
|upkeep
|turn|25
|
|t:|1779808018
|move|p2a: Landorus|U-turn|p1a: Corviknight
|-resisted|p1a: Corviknight
|-damage|p1a: Corviknight|65/100 par
|
|t:|1779808022
|switch|p2a: Deoxys|Deoxys-Speed|38/100|[from] U-turn
|-ability|p2a: Deoxys|Pressure
|move|p1a: Corviknight|Body Press|p2a: Deoxys
|-resisted|p2a: Deoxys
|-damage|p2a: Deoxys|0 fnt
|faint|p2a: Deoxys
|
|-heal|p1a: Corviknight|72/100 par|[from] item: Leftovers
|upkeep
|
|t:|1779808024
|switch|p2a: Slowking|Slowking-Galar, M|71/100
|turn|26
|
|t:|1779808033
|cant|p1a: Corviknight|par
|move|p2a: Slowking|Future Sight|p1a: Corviknight
|-start|p2a: Slowking|move: Future Sight
|
|-heal|p1a: Corviknight|78/100 par|[from] item: Leftovers
|-end|p1a: Corviknight|move: Taunt
|upkeep
|turn|27
|
|t:|1779808037
|switch|p2a: Landorus|Landorus-Therian, M|64/100
|-ability|p2a: Landorus|Intimidate|boost
|-ability|p1a: Corviknight|Mirror Armor
|-unboost|p2a: Landorus|atk|1
|move|p1a: Corviknight|Body Press|p2a: Landorus
|-resisted|p2a: Landorus
|-damage|p2a: Landorus|18/100
|
|-heal|p1a: Corviknight|84/100 par|[from] item: Leftovers
|upkeep
|turn|28
|
|t:|1779808046
|move|p2a: Landorus|U-turn|p1a: Corviknight
|-resisted|p1a: Corviknight
|-damage|p1a: Corviknight|84/100 par
|
|t:|1779808052
|switch|p2a: Dragonite|Dragonite, F, shiny|100/100|[from] U-turn
|move|p1a: Corviknight|Body Press|p2a: Dragonite
|-resisted|p2a: Dragonite
|-damage|p2a: Dragonite|75/100
|
|-end|p1a: Corviknight|move: Future Sight
|-resisted|p1a: Corviknight
|-damage|p1a: Corviknight|60/100 par
|-heal|p1a: Corviknight|66/100 par|[from] item: Leftovers
|upkeep
|turn|29
|
|t:|1779808063
|switch|p2a: Landorus|Landorus-Therian, M|18/100
|-ability|p2a: Landorus|Intimidate|boost
|-ability|p1a: Corviknight|Mirror Armor
|-unboost|p2a: Landorus|atk|1
|move|p1a: Corviknight|Body Press|p2a: Landorus
|-resisted|p2a: Landorus
|-damage|p2a: Landorus|0 fnt
|faint|p2a: Landorus
|
|-heal|p1a: Corviknight|72/100 par|[from] item: Leftovers
|upkeep
|
|t:|1779808065
|switch|p2a: Slowking|Slowking-Galar, M|100/100
|turn|30
|
|t:|1779808071
|cant|p1a: Corviknight|par
|move|p2a: Slowking|Future Sight|p1a: Corviknight
|-start|p2a: Slowking|move: Future Sight
|
|-heal|p1a: Corviknight|79/100 par|[from] item: Leftovers
|upkeep
|turn|31
|
|t:|1779808074
|move|p1a: Corviknight|Power Trip|p2a: Slowking
|-supereffective|p2a: Slowking
|-damage|p2a: Slowking|36/100
|-prepare|p2a: Slowking|Chilly Reception|[premajor]
|move|p2a: Slowking|Chilly Reception|p2a: Slowking
|-weather|Snowscape
|
|t:|1779808078
|switch|p2a: Ogerpon|Ogerpon-Wellspring, F|54/100|[from] Chilly Reception
|
|-weather|Snowscape|[upkeep]
|-heal|p1a: Corviknight|85/100 par|[from] item: Leftovers
|upkeep
|turn|32
|
|t:|1779808088
|-terastallize|p2a: Ogerpon|Water
|detailschange|p2a: Ogerpon|Ogerpon-Wellspring-Tera, F, tera:Water
|-ability|p2a: Ogerpon|Embody Aspect (Wellspring)|boost
|-boost|p2a: Ogerpon|spd|1
|move|p2a: Ogerpon|Ivy Cudgel|p1a: Corviknight|[anim] Ivy Cudgel Water
|-crit|p1a: Corviknight
|-damage|p1a: Corviknight|13/100 par
|move|p1a: Corviknight|Body Press|p2a: Ogerpon
|-damage|p2a: Ogerpon|0 fnt
|faint|p2a: Ogerpon
|detailschange|p2: Ogerpon|Ogerpon-Wellspring, F|[silent]
|
|-weather|Snowscape|[upkeep]
|-end|p1a: Corviknight|move: Future Sight
|-resisted|p1a: Corviknight
|-crit|p1a: Corviknight
|-damage|p1a: Corviknight|0 fnt
|faint|p1a: Corviknight
|upkeep
|-message|Arcosara forfeited.
|
|win|ZA.122
|raw|ZA.122's rating: 1310 &rarr; <strong>1331</strong><br />(+21 for winning)
|raw|Arcosara's rating: 1326 &rarr; <strong>1305</strong><br />(-21 for losing)
|l|☆Arcosara
|player|p2|
|l|☆ZA.122
|player|p1|
