|j|☆Fear covraa
|j|☆tigereyehs
|t:|1779943639
|gametype|singles
|player|p1|Fear covraa|waiter-gen4|1444
|player|p2|tigereyehs|gambler|1516
|gen|9
|tier|[Gen 9] OU
|rated|
|rule|HP Percentage Mod: HP is shown in percentages
|rule|Endless Battle Clause: Forcing endless battles is banned
|rule|Species Clause: Limit one of each Pokémon
|rule|OHKO Clause: OHKO moves are banned
|rule|Evasion Items Clause: Evasion items are banned
|rule|Evasion Moves Clause: Evasion moves are banned
|rule|Evasion Abilities Clause: Evasion abilities are banned
|rule|Sleep Moves Clause: Sleep-inducing moves are banned
|clearpoke
|poke|p1|Iron Boulder|
|poke|p1|Thundurus, M|
|poke|p1|Polteageist-Antique|
|poke|p1|Glimmora, M|
|poke|p1|Darkrai|
|poke|p1|Zamazenta-*|
|poke|p2|Iron Moth|
|poke|p2|Gliscor, M|
|poke|p2|Hatterene, F|
|poke|p2|Ogerpon-Wellspring, F|
|poke|p2|Raging Bolt|
|poke|p2|Zamazenta-*|
|teampreview
|inactive|Battle timer is ON: inactive players will automatically lose when time's up. (requested by Fear covraa)
|
|t:|1779943654
|teamsize|p1|6
|teamsize|p2|6
|start
|switch|p1a: Glimmora|Glimmora, M|100/100
|switch|p2a: Zamazenta|Zamazenta, shiny|100/100
|-ability|p2a: Zamazenta|Dauntless Shield|boost
|-boost|p2a: Zamazenta|def|1
|turn|1
|
|t:|1779943662
|move|p2a: Zamazenta|Light Screen|p2a: Zamazenta
|-sidestart|p2: tigereyehs|move: Light Screen
|move|p1a: Glimmora|Stealth Rock|p2a: Zamazenta
|-sidestart|p2: tigereyehs|move: Stealth Rock
|
|upkeep
|turn|2
|
|t:|1779943669
|move|p2a: Zamazenta|Reflect|p2a: Zamazenta
|-sidestart|p2: tigereyehs|Reflect
|move|p1a: Glimmora|Mortal Spin|p2a: Zamazenta
|-damage|p2a: Zamazenta|99/100
|-status|p2a: Zamazenta|psn
|
|-damage|p2a: Zamazenta|87/100 psn|[from] psn
|upkeep
|turn|3
|
|t:|1779943679
|switch|p2a: Gliscor|Gliscor, M|100/100
|-damage|p2a: Gliscor|88/100|[from] Stealth Rock
|move|p1a: Glimmora|Memento|p2a: Gliscor
|-unboost|p2a: Gliscor|atk|2
|-unboost|p2a: Gliscor|spa|2
|faint|p1a: Glimmora
|
|-status|p2a: Gliscor|tox|[from] item: Toxic Orb
|upkeep
|
|t:|1779943682
|switch|p1a: Tea|Polteageist-Antique|100/100
|turn|4
|
|t:|1779943697
|switch|p2a: Iron Moth|Iron Moth|100/100
|-damage|p2a: Iron Moth|76/100|[from] Stealth Rock
|-enditem|p2a: Iron Moth|Booster Energy
|-activate|p2a: Iron Moth|ability: Quark Drive|[fromitem]
|-start|p2a: Iron Moth|quarkdrivespe
|move|p1a: Tea|Shell Smash|p1a: Tea
|-unboost|p1a: Tea|def|1
|-unboost|p1a: Tea|spd|1
|-boost|p1a: Tea|atk|2
|-boost|p1a: Tea|spa|2
|-boost|p1a: Tea|spe|2
|
|upkeep
|turn|5
|
|t:|1779943708
|move|p1a: Tea|Stored Power|p2a: Iron Moth
|-supereffective|p2a: Iron Moth
|-crit|p2a: Iron Moth
|-damage|p2a: Iron Moth|0 fnt
|faint|p2a: Iron Moth
|-end|p2a: Iron Moth|Quark Drive|[silent]
|
|upkeep
|
|t:|1779943717
|switch|p2a: Raging Bolt|Raging Bolt|100/100
|-damage|p2a: Raging Bolt|88/100|[from] Stealth Rock
|-enditem|p2a: Raging Bolt|Booster Energy
|-activate|p2a: Raging Bolt|ability: Protosynthesis|[fromitem]
|-start|p2a: Raging Bolt|protosynthesisspa
|turn|6
|
|t:|1779943723
|move|p2a: Raging Bolt|Thunderclap|p1a: Tea
|-enditem|p1a: Tea|Focus Sash
|-damage|p1a: Tea|1/100
|move|p1a: Tea|Stored Power|p2a: Raging Bolt
|-damage|p2a: Raging Bolt|39/100
|
|upkeep
|turn|7
|
|t:|1779943730
|move|p2a: Raging Bolt|Thunderclap||[still]
|-fail|p2a: Raging Bolt
|move|p1a: Tea|Metronome|p1a: Tea
|move|p1a: Tea|Quiver Dance|p1a: Tea|[from] move: Metronome
|-boost|p1a: Tea|spa|1
|-boost|p1a: Tea|spd|1
|-boost|p1a: Tea|spe|1
|
|upkeep
|turn|8
|
|t:|1779943738
|-terastallize|p1a: Tea|Ground
|move|p2a: Raging Bolt|Thunderclap|p1a: Tea
|-immune|p1a: Tea
|move|p1a: Tea|Stored Power|p2a: Raging Bolt
|-damage|p2a: Raging Bolt|0 fnt
|faint|p2a: Raging Bolt
|-end|p2a: Raging Bolt|Protosynthesis|[silent]
|
|-sideend|p2: tigereyehs|move: Light Screen
|upkeep
|
|t:|1779943749
|switch|p2a: Zamazenta|Zamazenta, shiny|87/100 psn
|-damage|p2a: Zamazenta|80/100 psn|[from] Stealth Rock
|turn|9
|
|t:|1779943752
|move|p1a: Tea|Stored Power|p2a: Zamazenta
|-supereffective|p2a: Zamazenta
|-damage|p2a: Zamazenta|0 fnt
|faint|p2a: Zamazenta
|
|-sideend|p2: tigereyehs|Reflect
|upkeep
|-message|tigereyehs forfeited.
|
|win|Fear covraa
|raw|Fear covraa's rating: 1444 &rarr; <strong>1468</strong><br />(+24 for winning)
|raw|tigereyehs's rating: 1516 &rarr; <strong>1492</strong><br />(-24 for losing)
|l|☆tigereyehs
|player|p2|
|l|☆Fear covraa
|player|p1|
