|j|☆MKUtopias
|j|☆TheManOfSausage
|t:|1779950469
|gametype|singles
|player|p1|MKUtopias|clair-gen2|1379
|player|p2|TheManOfSausage|miku-water|1356
|gen|9
|tier|[Gen 9] OU
|rated|
|rule|HP Percentage Mod: HP is shown in percentages
|rule|Endless Battle Clause: Forcing endless battles is banned
|rule|Species Clause: Limit one of each Pokémon
|rule|OHKO Clause: OHKO moves are banned
|rule|Evasion Items Clause: Evasion items are banned
|rule|Evasion Moves Clause: Evasion moves are banned
|rule|Evasion Abilities Clause: Evasion abilities are banned
|rule|Sleep Moves Clause: Sleep-inducing moves are banned
|clearpoke
|poke|p1|Ceruledge, F|
|poke|p1|Zamazenta-*|
|poke|p1|Kyurem|
|poke|p1|Iron Treads|
|poke|p1|Hatterene, F|
|poke|p1|Dragonite, M|
|poke|p2|Tyranitar, M|
|poke|p2|Excadrill, M|
|poke|p2|Hydrapple, F|
|poke|p2|Moltres|
|poke|p2|Alomomola, F|
|poke|p2|Zamazenta-*|
|teampreview
|inactive|Battle timer is ON: inactive players will automatically lose when time's up. (requested by MKUtopias)
|
|t:|1779950549
|teamsize|p1|6
|teamsize|p2|6
|start
|switch|p1a: Ceruledge|Ceruledge, F|100/100
|switch|p2a: Tyranitar|Tyranitar, M|100/100
|-weather|Sandstorm|[from] ability: Sand Stream|[of] p2a: Tyranitar
|turn|1
|
|t:|1779950553
|move|p1a: Ceruledge|Close Combat|p2a: Tyranitar
|-supereffective|p2a: Tyranitar
|-damage|p2a: Tyranitar|0 fnt
|-unboost|p1a: Ceruledge|def|1
|-unboost|p1a: Ceruledge|spd|1
|faint|p2a: Tyranitar
|-damage|p1a: Ceruledge|91/100|[from] item: Life Orb
|
|-weather|Sandstorm|[upkeep]
|-damage|p1a: Ceruledge|84/100|[from] Sandstorm
|upkeep
|
|t:|1779950560
|switch|p2a: Excadrill|Excadrill, M|100/100
|turn|2
|
|t:|1779950563
|switch|p1a: Zamazenta|Zamazenta, shiny|100/100
|-ability|p1a: Zamazenta|Dauntless Shield|boost
|-boost|p1a: Zamazenta|def|1
|move|p2a: Excadrill|Earthquake|p1a: Zamazenta
|-damage|p1a: Zamazenta|61/100
|
|-weather|Sandstorm|[upkeep]
|-damage|p1a: Zamazenta|55/100|[from] Sandstorm
|-heal|p1a: Zamazenta|61/100|[from] item: Leftovers
|upkeep
|turn|3
|
|t:|1779950571
|switch|p2a: Hydrapple|Hydrapple, F|100/100
|move|p1a: Zamazenta|Iron Defense|p1a: Zamazenta
|-boost|p1a: Zamazenta|def|2
|
|-weather|Sandstorm|[upkeep]
|-damage|p1a: Zamazenta|55/100|[from] Sandstorm
|-damage|p2a: Hydrapple|94/100|[from] Sandstorm
|-heal|p1a: Zamazenta|61/100|[from] item: Leftovers
|upkeep
|turn|4
|
|t:|1779950577
|move|p1a: Zamazenta|Body Press|p2a: Hydrapple
|-damage|p2a: Hydrapple|45/100
|move|p2a: Hydrapple|Fickle Beam|p1a: Zamazenta
|-damage|p1a: Zamazenta|31/100
|
|-weather|Sandstorm|[upkeep]
|-damage|p1a: Zamazenta|25/100|[from] Sandstorm
|-damage|p2a: Hydrapple|39/100|[from] Sandstorm
|-heal|p1a: Zamazenta|31/100|[from] item: Leftovers
|upkeep
|turn|5
|
|t:|1779950582
|switch|p2a: Moltres|Moltres|100/100
|move|p1a: Zamazenta|Stone Edge|p2a: Moltres
|-supereffective|p2a: Moltres
|-damage|p2a: Moltres|4/100
|
|-weather|Sandstorm|[upkeep]
|-damage|p1a: Zamazenta|25/100|[from] Sandstorm
|-damage|p2a: Moltres|0 fnt|[from] Sandstorm
|faint|p2a: Moltres
|-heal|p1a: Zamazenta|31/100|[from] item: Leftovers
|upkeep
|
|t:|1779950590
|switch|p2a: Hydrapple|Hydrapple, F|73/100
|turn|6
|
|t:|1779950594
|move|p1a: Zamazenta|Body Press|p2a: Hydrapple
|-damage|p2a: Hydrapple|26/100
|move|p2a: Hydrapple|Fickle Beam|p1a: Zamazenta
|-damage|p1a: Zamazenta|0 fnt
|faint|p1a: Zamazenta
|
|-weather|Sandstorm|[upkeep]
|-damage|p2a: Hydrapple|20/100|[from] Sandstorm
|upkeep
|
|t:|1779950615
|switch|p1a: Hatterene|Hatterene, F|100/100
|turn|7
|
|t:|1779950617
|switch|p2a: Alomomola|Alomomola, F|100/100
|move|p1a: Hatterene|Draining Kiss|p2a: Alomomola
|-damage|p2a: Alomomola|75/100
|
|-weather|Sandstorm|[upkeep]
|-damage|p2a: Alomomola|68/100|[from] Sandstorm
|-damage|p1a: Hatterene|95/100|[from] Sandstorm
|-heal|p1a: Hatterene|100/100|[from] item: Leftovers
|upkeep
|turn|8
|
|t:|1779950627
|move|p2a: Alomomola|Wish|p2a: Alomomola
|move|p1a: Hatterene|Calm Mind|p1a: Hatterene
|-boost|p1a: Hatterene|spa|1
|-boost|p1a: Hatterene|spd|1
|
|-weather|none
|upkeep
|turn|9
|
|t:|1779950633
|move|p2a: Alomomola|Scald|p1a: Hatterene
|-damage|p1a: Hatterene|90/100
|move|p1a: Hatterene|Calm Mind|p1a: Hatterene
|-boost|p1a: Hatterene|spa|1
|-boost|p1a: Hatterene|spd|1
|
|-heal|p2a: Alomomola|100/100|[from] move: Wish|[wisher] Alomomola
|-heal|p1a: Hatterene|96/100|[from] item: Leftovers
|upkeep
|turn|10
|
|t:|1779950639
|move|p2a: Alomomola|Flip Turn|p1a: Hatterene
|-crit|p1a: Hatterene
|-damage|p1a: Hatterene|76/100
|
|t:|1779950641
|switch|p2a: Excadrill|Excadrill, M|100/100|[from] Flip Turn
|move|p1a: Hatterene|Psychic Noise|p2a: Excadrill
|-resisted|p2a: Excadrill
|-damage|p2a: Excadrill|55/100
|-start|p2a: Excadrill|move: Heal Block
|
|-heal|p1a: Hatterene|82/100|[from] item: Leftovers
|upkeep
|turn|11
|
|t:|1779950642
|move|p2a: Excadrill|Iron Head|p1a: Hatterene
|-supereffective|p1a: Hatterene
|-damage|p1a: Hatterene|6/100
|move|p1a: Hatterene|Mystical Fire|p2a: Excadrill
|-supereffective|p2a: Excadrill
|-damage|p2a: Excadrill|0 fnt
|faint|p2a: Excadrill
|
|-heal|p1a: Hatterene|12/100|[from] item: Leftovers
|upkeep
|
|t:|1779950647
|switch|p2a: Alomomola|Alomomola, F|100/100
|turn|12
|
|t:|1779950649
|move|p2a: Alomomola|Flip Turn|p1a: Hatterene
|-damage|p1a: Hatterene|0 fnt
|faint|p1a: Hatterene
|
|t:|1779950651
|switch|p2a: Hydrapple|Hydrapple, F|53/100|[from] Flip Turn
|
|upkeep
|
|t:|1779950655
|switch|p1a: Ceruledge|Ceruledge, F|84/100
|turn|13
|
|t:|1779950658
|switch|p2a: Alomomola|Alomomola, F|100/100
|move|p1a: Ceruledge|Bulk Up|p1a: Ceruledge
|-boost|p1a: Ceruledge|atk|1
|-boost|p1a: Ceruledge|def|1
|
|upkeep
|turn|14
|
|t:|1779950663
|move|p1a: Ceruledge|Bulk Up|p1a: Ceruledge
|-boost|p1a: Ceruledge|atk|1
|-boost|p1a: Ceruledge|def|1
|move|p2a: Alomomola|Scald|p1a: Ceruledge
|-supereffective|p1a: Ceruledge
|-damage|p1a: Ceruledge|62/100
|
|upkeep
|turn|15
|
|t:|1779950667
|move|p1a: Ceruledge|Bitter Blade|p2a: Alomomola
|-resisted|p2a: Alomomola
|-damage|p2a: Alomomola|74/100
|-heal|p1a: Ceruledge|83/100|[from] drain|[of] p2a: Alomomola
|-damage|p1a: Ceruledge|73/100|[from] item: Life Orb
|move|p2a: Alomomola|Wish|p2a: Alomomola
|
|upkeep
|turn|16
|
|t:|1779950671
|move|p1a: Ceruledge|Bulk Up|p1a: Ceruledge
|-boost|p1a: Ceruledge|atk|1
|-boost|p1a: Ceruledge|def|1
|move|p2a: Alomomola|Scald|p1a: Ceruledge
|-supereffective|p1a: Ceruledge
|-damage|p1a: Ceruledge|54/100
|
|-heal|p2a: Alomomola|100/100|[from] move: Wish|[wisher] Alomomola
|upkeep
|turn|17
|
|t:|1779950673
|move|p1a: Ceruledge|Bitter Blade|p2a: Alomomola
|-resisted|p2a: Alomomola
|-damage|p2a: Alomomola|70/100
|-heal|p1a: Ceruledge|77/100|[from] drain|[of] p2a: Alomomola
|-damage|p1a: Ceruledge|67/100|[from] item: Life Orb
|move|p2a: Alomomola|Scald|p1a: Ceruledge
|-supereffective|p1a: Ceruledge
|-damage|p1a: Ceruledge|49/100
|
|upkeep
|turn|18
|
|t:|1779950676
|move|p1a: Ceruledge|Bitter Blade|p2a: Alomomola
|-resisted|p2a: Alomomola
|-damage|p2a: Alomomola|40/100
|-heal|p1a: Ceruledge|71/100|[from] drain|[of] p2a: Alomomola
|-damage|p1a: Ceruledge|61/100|[from] item: Life Orb
|move|p2a: Alomomola|Wish|p2a: Alomomola
|
|upkeep
|turn|19
|
|t:|1779950679
|move|p2a: Alomomola|Protect|p2a: Alomomola
|-singleturn|p2a: Alomomola|Protect
|move|p1a: Ceruledge|Close Combat|p2a: Alomomola
|-activate|p2a: Alomomola|move: Protect
|
|-heal|p2a: Alomomola|90/100|[from] move: Wish|[wisher] Alomomola
|upkeep
|turn|20
|
|t:|1779950684
|move|p1a: Ceruledge|Bitter Blade|p2a: Alomomola
|-resisted|p2a: Alomomola
|-damage|p2a: Alomomola|59/100
|-heal|p1a: Ceruledge|84/100|[from] drain|[of] p2a: Alomomola
|-damage|p1a: Ceruledge|74/100|[from] item: Life Orb
|move|p2a: Alomomola|Wish|p2a: Alomomola
|
|upkeep
|turn|21
|
|t:|1779950687
|move|p1a: Ceruledge|Bulk Up|p1a: Ceruledge
|-boost|p1a: Ceruledge|atk|1
|-boost|p1a: Ceruledge|def|1
|move|p2a: Alomomola|Scald|p1a: Ceruledge
|-supereffective|p1a: Ceruledge
|-damage|p1a: Ceruledge|53/100
|
|-heal|p2a: Alomomola|100/100|[from] move: Wish|[wisher] Alomomola
|upkeep
|turn|22
|
|t:|1779950690
|move|p1a: Ceruledge|Bitter Blade|p2a: Alomomola
|-resisted|p2a: Alomomola
|-damage|p2a: Alomomola|63/100
|-heal|p1a: Ceruledge|82/100|[from] drain|[of] p2a: Alomomola
|-damage|p1a: Ceruledge|72/100|[from] item: Life Orb
|move|p2a: Alomomola|Scald|p1a: Ceruledge
|-supereffective|p1a: Ceruledge
|-damage|p1a: Ceruledge|49/100
|
|upkeep
|turn|23
|
|t:|1779950692
|move|p1a: Ceruledge|Bitter Blade|p2a: Alomomola
|-resisted|p2a: Alomomola
|-damage|p2a: Alomomola|26/100
|-heal|p1a: Ceruledge|77/100|[from] drain|[of] p2a: Alomomola
|-damage|p1a: Ceruledge|67/100|[from] item: Life Orb
|move|p2a: Alomomola|Scald|p1a: Ceruledge
|-supereffective|p1a: Ceruledge
|-damage|p1a: Ceruledge|47/100
|
|upkeep
|turn|24
|
|t:|1779950697
|switch|p2a: Zamazenta|Zamazenta|100/100
|-ability|p2a: Zamazenta|Dauntless Shield|boost
|-boost|p2a: Zamazenta|def|1
|move|p1a: Ceruledge|Bitter Blade|p2a: Zamazenta
|-damage|p2a: Zamazenta|8/100
|-heal|p1a: Ceruledge|89/100|[from] drain|[of] p2a: Zamazenta
|-damage|p1a: Ceruledge|79/100|[from] item: Life Orb
|
|upkeep
|turn|25
|
|t:|1779950700
|move|p1a: Ceruledge|Shadow Sneak|p2a: Zamazenta
|-damage|p2a: Zamazenta|0 fnt
|faint|p2a: Zamazenta
|-damage|p1a: Ceruledge|69/100|[from] item: Life Orb
|
|upkeep
|-message|TheManOfSausage forfeited.
|
|win|MKUtopias
|raw|MKUtopias's rating: 1379 &rarr; <strong>1398</strong><br />(+19 for winning)
|raw|TheManOfSausage's rating: 1356 &rarr; <strong>1337</strong><br />(-19 for losing)
|l|☆TheManOfSausage
|player|p2|
