|j|☆ashyman2000
|j|☆yello_w022
|t:|1779885838
|gametype|singles
|player|p1|ashyman2000|hoopster|1204
|player|p2|yello_w022|swimmerf|1216
|gen|9
|tier|[Gen 9] OU
|rated|
|rule|HP Percentage Mod: HP is shown in percentages
|rule|Endless Battle Clause: Forcing endless battles is banned
|rule|Species Clause: Limit one of each Pokémon
|rule|OHKO Clause: OHKO moves are banned
|rule|Evasion Items Clause: Evasion items are banned
|rule|Evasion Moves Clause: Evasion moves are banned
|rule|Evasion Abilities Clause: Evasion abilities are banned
|rule|Sleep Moves Clause: Sleep-inducing moves are banned
|clearpoke
|poke|p1|Munkidori, M|
|poke|p1|Mew|
|poke|p1|Latias, F|
|poke|p1|Gardevoir, F|
|poke|p1|Indeedee, M|
|poke|p1|Iron Leaves|
|poke|p2|Delphox, F|
|poke|p2|Dragapult, M|
|poke|p2|Corviknight, F|
|poke|p2|Great Tusk|
|poke|p2|Garganacl, M|
|poke|p2|Scizor, M|
|teampreview
|
|t:|1779885854
|teamsize|p1|6
|teamsize|p2|6
|start
|switch|p1a: Latias|Latias, F|100/100
|switch|p2a: Corviknight|Corviknight, F|100/100
|turn|1
|
|t:|1779885867
|move|p1a: Latias|Reflect|p1a: Latias
|-sidestart|p1: ashyman2000|Reflect
|move|p2a: Corviknight|U-turn|p1a: Latias
|-supereffective|p1a: Latias
|-damage|p1a: Latias|89/100
|-damage|p2a: Corviknight|84/100|[from] item: Rocky Helmet|[of] p1a: Latias
|
|t:|1779885881
|switch|p2a: Dragapult|Dragapult, M|100/100|[from] U-turn
|
|upkeep
|turn|2
|
|t:|1779885887
|move|p2a: Dragapult|Dragon Darts|p1a: Latias
|-supereffective|p1a: Latias
|-damage|p1a: Latias|35/100
|-anim|p2a: Dragapult|Dragon Darts|p1a: Latias
|-supereffective|p1a: Latias
|-crit|p1a: Latias
|-damage|p1a: Latias|0 fnt
|faint|p1a: Latias
|-damage|p2a: Dragapult|91/100|[from] item: Life Orb
|
|upkeep
|
|t:|1779885894
|switch|p1a: Munkidori|Munkidori, M|100/100
|turn|3
|
|t:|1779885901
|move|p1a: Munkidori|Psychic Noise|p2a: Dragapult
|-damage|p2a: Dragapult|36/100
|-start|p2a: Dragapult|move: Heal Block
|move|p2a: Dragapult|Phantom Force||[still]
|-prepare|p2a: Dragapult|Phantom Force
|
|upkeep
|turn|4
|
|t:|1779885910
|move|p1a: Munkidori|Psychic Noise|p2a: Dragapult|[miss]
|-miss|p1a: Munkidori|p2a: Dragapult
|move|p2a: Dragapult|Phantom Force|p1a: Munkidori|[from] lockedmove
|-supereffective|p1a: Munkidori
|-damage|p1a: Munkidori|0 fnt
|faint|p1a: Munkidori
|-damage|p2a: Dragapult|27/100|[from] item: Life Orb
|
|-end|p2a: Dragapult|move: Heal Block
|upkeep
|
|t:|1779885920
|switch|p1a: Indeedee|Indeedee, M|100/100
|-fieldstart|move: Psychic Terrain|[from] ability: Psychic Surge|[of] p1a: Indeedee
|-enditem|p1a: Indeedee|Psychic Seed
|-boost|p1a: Indeedee|spd|1|[from] item: Psychic Seed
|turn|5
|
|t:|1779885937
|switch|p2a: Corviknight|Corviknight, F|84/100
|move|p1a: Indeedee|Expanding Force|p2a: Corviknight
|-resisted|p2a: Corviknight
|-damage|p2a: Corviknight|55/100
|
|-sideend|p1: ashyman2000|Reflect
|upkeep
|turn|6
|
|t:|1779885945
|move|p1a: Indeedee|Expanding Force|p2a: Corviknight
|-resisted|p2a: Corviknight
|-damage|p2a: Corviknight|23/100
|move|p2a: Corviknight|Roost|p2a: Corviknight
|-heal|p2a: Corviknight|73/100
|-singleturn|p2a: Corviknight|move: Roost
|
|upkeep
|turn|7
|
|t:|1779885953
|move|p1a: Indeedee|Encore|p2a: Corviknight
|-start|p2a: Corviknight|Encore
|move|p2a: Corviknight|Roost|p2a: Corviknight
|-heal|p2a: Corviknight|100/100
|-singleturn|p2a: Corviknight|move: Roost
|
|upkeep
|turn|8
|
|t:|1779885962
|switch|p1a: Iron Leaves|Iron Leaves|100/100
|-enditem|p1a: Iron Leaves|Booster Energy
|-activate|p1a: Iron Leaves|ability: Quark Drive|[fromitem]
|-start|p1a: Iron Leaves|quarkdriveatk
|move|p2a: Corviknight|Roost||[still]
|-fail|p2a: Corviknight|heal
|
|upkeep
|turn|9
|
|t:|1779885971
|move|p1a: Iron Leaves|Swords Dance|p1a: Iron Leaves
|-boost|p1a: Iron Leaves|atk|2
|move|p2a: Corviknight|Roost||[still]
|-fail|p2a: Corviknight|heal
|
|-end|p2a: Corviknight|Encore
|-fieldend|move: Psychic Terrain
|upkeep
|turn|10
|
|t:|1779885989
|move|p1a: Iron Leaves|Swords Dance|p1a: Iron Leaves
|-boost|p1a: Iron Leaves|atk|2
|move|p2a: Corviknight|U-turn|p1a: Iron Leaves
|-supereffective|p1a: Iron Leaves
|-damage|p1a: Iron Leaves|28/100
|
|t:|1779885996
|switch|p2a: Delphox|Delphox, F|100/100|[from] U-turn
|
|upkeep
|turn|11
|
|t:|1779886008
|move|p2a: Delphox|Flamethrower|p1a: Iron Leaves
|-supereffective|p1a: Iron Leaves
|-damage|p1a: Iron Leaves|0 fnt
|faint|p1a: Iron Leaves
|-end|p1a: Iron Leaves|Quark Drive|[silent]
|
|upkeep
|
|t:|1779886014
|switch|p1a: Gardevoir|Gardevoir, F|100/100
|turn|12
|
|t:|1779886025
|move|p2a: Delphox|Flamethrower|p1a: Gardevoir
|-damage|p1a: Gardevoir|57/100
|move|p1a: Gardevoir|Substitute|p1a: Gardevoir
|-start|p1a: Gardevoir|Substitute
|-damage|p1a: Gardevoir|32/100
|
|-heal|p1a: Gardevoir|39/100|[from] item: Leftovers
|upkeep
|turn|13
|
|t:|1779886037
|move|p2a: Delphox|Flamethrower|p1a: Gardevoir
|-end|p1a: Gardevoir|Substitute
|move|p1a: Gardevoir|Psyshock|p2a: Delphox
|-resisted|p2a: Delphox
|-damage|p2a: Delphox|72/100
|
|-heal|p1a: Gardevoir|45/100|[from] item: Leftovers
|upkeep
|turn|14
|-message|ashyman2000 forfeited.
|
|win|yello_w022
|raw|ashyman2000's rating: 1204 &rarr; <strong>1180</strong><br />(-24 for losing)
|raw|yello_w022's rating: 1216 &rarr; <strong>1240</strong><br />(+24 for winning)
|l|☆ashyman2000
|player|p1|
|l|☆yello_w022
|player|p2|
