|j|‽aaagislash
|j|☆owl_with_scarf
|t:|1779849189
|gametype|singles
|player|p1|aaagislash|266|1679
|player|p2|owl_with_scarf|#owlwithscarf|1696
|gen|9
|tier|[Gen 9] OU
|rated|
|rule|HP Percentage Mod: HP is shown in percentages
|rule|Endless Battle Clause: Forcing endless battles is banned
|rule|Species Clause: Limit one of each Pokémon
|rule|OHKO Clause: OHKO moves are banned
|rule|Evasion Items Clause: Evasion items are banned
|rule|Evasion Moves Clause: Evasion moves are banned
|rule|Evasion Abilities Clause: Evasion abilities are banned
|rule|Sleep Moves Clause: Sleep-inducing moves are banned
|clearpoke
|poke|p1|Scizor, M|
|poke|p1|Goodra-Hisui, M|
|poke|p1|Alomomola, F|
|poke|p1|Mesprit|
|poke|p1|Landorus-Therian, M|
|poke|p1|Tornadus-Therian, M|
|poke|p2|Diancie|
|poke|p2|Blaziken, F|
|poke|p2|Oricorio-Pom-Pom, M|
|poke|p2|Cinderace, F|
|poke|p2|Regidrago|
|poke|p2|Ursaluna, F|
|teampreview
|l|☆owl_with_scarf
|player|p2|
|j| dlflf
|j|☆owl_with_scarf
|player|p2|owl_with_scarf|#owlwithscarf|
|inactive|Battle timer is ON: inactive players will automatically lose when time's up. (requested by owl_with_scarf)
|
|t:|1779849226
|teamsize|p1|6
|teamsize|p2|6
|start
|switch|p1a: Landorus|Landorus-Therian, M|100/100
|switch|p2a: Blaziken|Blaziken, F|100/100
|-ability|p1a: Landorus|Intimidate|boost
|-unboost|p2a: Blaziken|atk|1
|turn|1
|
|t:|1779849234
|switch|p1a: Mesprit|Mesprit|100/100
|move|p2a: Blaziken|Swords Dance|p2a: Blaziken
|-boost|p2a: Blaziken|atk|2
|
|-ability|p2a: Blaziken|Speed Boost|boost
|-boost|p2a: Blaziken|spe|1
|upkeep
|turn|2
|
|t:|1779849238
|move|p2a: Blaziken|Knock Off|p1a: Mesprit
|-supereffective|p1a: Mesprit
|-damage|p1a: Mesprit|36/100
|-enditem|p1a: Mesprit|Heavy-Duty Boots|[from] move: Knock Off|[of] p2a: Blaziken
|move|p1a: Mesprit|Psychic Noise|p2a: Blaziken
|-supereffective|p2a: Blaziken
|-damage|p2a: Blaziken|19/100
|-start|p2a: Blaziken|move: Heal Block
|
|-ability|p2a: Blaziken|Speed Boost|boost
|-boost|p2a: Blaziken|spe|1
|upkeep
|turn|3
|
|t:|1779849249
|switch|p1a: Alomomola|Alomomola, F|100/100
|move|p2a: Blaziken|Flare Blitz|p1a: Alomomola
|-resisted|p1a: Alomomola
|-damage|p1a: Alomomola|66/100
|-damage|p2a: Blaziken|0 fnt|[from] Recoil
|faint|p2a: Blaziken
|
|upkeep
|
|t:|1779849254
|switch|p2a: Regidrago|Regidrago|100/100
|turn|4
|
|t:|1779849265
|move|p2a: Regidrago|Dragon Energy|p1a: Alomomola
|-damage|p1a: Alomomola|0 fnt
|faint|p1a: Alomomola
|
|upkeep
|
|t:|1779849268
|switch|p1a: Scizor|Scizor, M|100/100
|turn|5
|
|t:|1779849272
|switch|p2a: Cinderace|Cinderace, F|100/100
|move|p1a: Scizor|U-turn|p2a: Cinderace
|-resisted|p2a: Cinderace
|-damage|p2a: Cinderace|77/100
|
|t:|1779849274
|switch|p1a: Landorus|Landorus-Therian, M|100/100|[from] U-turn
|-ability|p1a: Landorus|Intimidate|boost
|-unboost|p2a: Cinderace|atk|1
|
|upkeep
|turn|6
|
|t:|1779849278
|switch|p2a: Oricorio|Oricorio-Pom-Pom, M|100/100
|move|p1a: Landorus|Earthquake|p2a: Oricorio
|-immune|p2a: Oricorio
|
|upkeep
|turn|7
|
|t:|1779849292
|switch|p1a: Goodra|Goodra-Hisui, M|100/100
|move|p2a: Oricorio|Quiver Dance|p2a: Oricorio
|-boost|p2a: Oricorio|spa|1
|-boost|p2a: Oricorio|spd|1
|-boost|p2a: Oricorio|spe|1
|
|upkeep
|turn|8
|
|t:|1779849299
|move|p2a: Oricorio|Hurricane|p1a: Goodra|[miss]
|-miss|p2a: Oricorio|p1a: Goodra
|move|p1a: Goodra|Knock Off|p2a: Oricorio
|-damage|p2a: Oricorio|81/100
|-enditem|p2a: Oricorio|Leftovers|[from] move: Knock Off|[of] p1a: Goodra
|
|upkeep
|turn|9
|
|t:|1779849302
|move|p2a: Oricorio|Hurricane|p1a: Goodra|[miss]
|-miss|p2a: Oricorio|p1a: Goodra
|move|p1a: Goodra|Sludge Bomb|p2a: Oricorio
|-damage|p2a: Oricorio|57/100
|
|upkeep
|turn|10
|
|t:|1779849305
|move|p2a: Oricorio|Quiver Dance|p2a: Oricorio
|-boost|p2a: Oricorio|spa|1
|-boost|p2a: Oricorio|spd|1
|-boost|p2a: Oricorio|spe|1
|move|p1a: Goodra|Sludge Bomb|p2a: Oricorio
|-damage|p2a: Oricorio|41/100
|-status|p2a: Oricorio|psn
|
|-damage|p2a: Oricorio|28/100 psn|[from] psn
|upkeep
|turn|11
|
|t:|1779849309
|move|p2a: Oricorio|Roost|p2a: Oricorio
|-heal|p2a: Oricorio|78/100 psn
|-singleturn|p2a: Oricorio|move: Roost
|move|p1a: Goodra|Knock Off|p2a: Oricorio
|-damage|p2a: Oricorio|64/100 psn
|
|-damage|p2a: Oricorio|52/100 psn|[from] psn
|upkeep
|turn|12
|
|t:|1779849312
|move|p2a: Oricorio|Quiver Dance|p2a: Oricorio
|-boost|p2a: Oricorio|spa|1
|-boost|p2a: Oricorio|spd|1
|-boost|p2a: Oricorio|spe|1
|move|p1a: Goodra|Knock Off|p2a: Oricorio
|-damage|p2a: Oricorio|38/100 psn
|
|-damage|p2a: Oricorio|25/100 psn|[from] psn
|upkeep
|turn|13
|
|t:|1779849316
|move|p2a: Oricorio|Roost|p2a: Oricorio
|-heal|p2a: Oricorio|75/100 psn
|-singleturn|p2a: Oricorio|move: Roost
|move|p1a: Goodra|Knock Off|p2a: Oricorio
|-damage|p2a: Oricorio|60/100 psn
|
|-damage|p2a: Oricorio|48/100 psn|[from] psn
|upkeep
|turn|14
|
|t:|1779849318
|move|p2a: Oricorio|Roost|p2a: Oricorio
|-heal|p2a: Oricorio|98/100 psn
|-singleturn|p2a: Oricorio|move: Roost
|move|p1a: Goodra|Knock Off|p2a: Oricorio
|-damage|p2a: Oricorio|85/100 psn
|
|-damage|p2a: Oricorio|73/100 psn|[from] psn
|upkeep
|turn|15
|
|t:|1779849324
|-terastallize|p2a: Oricorio|Fighting
|move|p2a: Oricorio|Revelation Dance|p1a: Goodra
|-supereffective|p1a: Goodra
|-damage|p1a: Goodra|8/100
|move|p1a: Goodra|Knock Off|p2a: Oricorio
|-resisted|p2a: Oricorio
|-damage|p2a: Oricorio|66/100 psn
|
|-damage|p2a: Oricorio|54/100 psn|[from] psn
|upkeep
|turn|16
|
|t:|1779849334
|move|p2a: Oricorio|Roost|p2a: Oricorio
|-heal|p2a: Oricorio|100/100 psn
|move|p1a: Goodra|Sludge Bomb|p2a: Oricorio
|-damage|p2a: Oricorio|87/100 psn
|
|-damage|p2a: Oricorio|75/100 psn|[from] psn
|upkeep
|turn|17
|
|t:|1779849338
|switch|p1a: Tornadus|Tornadus-Therian, M|100/100
|move|p2a: Oricorio|Revelation Dance|p1a: Tornadus
|-resisted|p1a: Tornadus
|-damage|p1a: Tornadus|63/100
|
|-damage|p2a: Oricorio|62/100 psn|[from] psn
|upkeep
|turn|18
|
|t:|1779849352
|switch|p1a: Goodra|Goodra-Hisui, M|8/100
|move|p2a: Oricorio|Hurricane|p1a: Goodra|[miss]
|-miss|p2a: Oricorio|p1a: Goodra
|
|-damage|p2a: Oricorio|50/100 psn|[from] psn
|upkeep
|turn|19
|
|t:|1779849355
|switch|p1a: Tornadus|Tornadus-Therian, M|96/100
|move|p2a: Oricorio|Roost|p2a: Oricorio
|-heal|p2a: Oricorio|99/100 psn
|
|-damage|p2a: Oricorio|88/100 psn|[from] psn
|upkeep
|turn|20
|
|t:|1779849364
|-terastallize|p1a: Tornadus|Steel
|move|p2a: Oricorio|Hurricane|p1a: Tornadus
|-resisted|p1a: Tornadus
|-damage|p1a: Tornadus|51/100
|-start|p1a: Tornadus|confusion
|-activate|p1a: Tornadus|confusion
|move|p1a: Tornadus|Bleakwind Storm|p2a: Oricorio
|-supereffective|p2a: Oricorio
|-damage|p2a: Oricorio|50/100 psn
|
|-damage|p2a: Oricorio|38/100 psn|[from] psn
|upkeep
|turn|21
|
|t:|1779849375
|move|p2a: Oricorio|Roost|p2a: Oricorio
|-heal|p2a: Oricorio|88/100 psn
|-activate|p1a: Tornadus|confusion
|move|p1a: Tornadus|Bleakwind Storm|p2a: Oricorio
|-supereffective|p2a: Oricorio
|-damage|p2a: Oricorio|49/100 psn
|
|-damage|p2a: Oricorio|36/100 psn|[from] psn
|upkeep
|turn|22
|
|t:|1779849393
|move|p2a: Oricorio|Roost|p2a: Oricorio
|-heal|p2a: Oricorio|86/100 psn
|-end|p1a: Tornadus|confusion
|move|p1a: Tornadus|Bleakwind Storm|p2a: Oricorio
|-supereffective|p2a: Oricorio
|-damage|p2a: Oricorio|47/100 psn
|
|-damage|p2a: Oricorio|35/100 psn|[from] psn
|upkeep
|turn|23
|
|t:|1779849416
|move|p2a: Oricorio|Revelation Dance|p1a: Tornadus
|-supereffective|p1a: Tornadus
|-damage|p1a: Tornadus|0 fnt
|faint|p1a: Tornadus
|
|-damage|p2a: Oricorio|23/100 psn|[from] psn
|upkeep
|
|t:|1779849418
|switch|p1a: Scizor|Scizor, M|100/100
|turn|24
|
|t:|1779849422
|move|p1a: Scizor|Bullet Punch|p2a: Oricorio
|-damage|p2a: Oricorio|0 fnt
|faint|p2a: Oricorio
|
|upkeep
|
|t:|1779849423
|switch|p2a: Regidrago|Regidrago|100/100
|turn|25
|
|t:|1779849426
|switch|p2a: Cinderace|Cinderace, F|77/100
|move|p1a: Scizor|Bullet Punch|p2a: Cinderace
|-resisted|p2a: Cinderace
|-damage|p2a: Cinderace|53/100
|
|upkeep
|turn|26
|
|t:|1779849430
|switch|p1a: Goodra|Goodra-Hisui, M|8/100
|move|p2a: Cinderace|Pyro Ball|p1a: Goodra
|-damage|p1a: Goodra|0 fnt
|faint|p1a: Goodra
|
|upkeep
|
|t:|1779849436
|switch|p1a: Landorus|Landorus-Therian, M|100/100
|-ability|p1a: Landorus|Intimidate|boost
|-unboost|p2a: Cinderace|atk|1
|turn|27
|j| samurajen
|
|t:|1779849438
|switch|p2a: Ursaluna|Ursaluna, F|100/100
|move|p1a: Landorus|Earthquake|p2a: Ursaluna
|-damage|p2a: Ursaluna|57/100
|
|-status|p2a: Ursaluna|brn|[from] item: Flame Orb
|upkeep
|turn|28
|
|t:|1779849449
|switch|p1a: Mesprit|Mesprit|36/100
|move|p2a: Ursaluna|Facade|p1a: Mesprit
|-damage|p1a: Mesprit|0 fnt
|faint|p1a: Mesprit
|
|-damage|p2a: Ursaluna|51/100 brn|[from] brn
|upkeep
|
|t:|1779849451
|switch|p1a: Scizor|Scizor, M|100/100
|turn|29
|
|t:|1779849456
|move|p2a: Ursaluna|Earthquake|p1a: Scizor
|-damage|p1a: Scizor|16/100
|move|p1a: Scizor|U-turn|p2a: Ursaluna
|-damage|p2a: Ursaluna|19/100 brn
|
|t:|1779849459
|switch|p1a: Landorus|Landorus-Therian, M|100/100|[from] U-turn
|-ability|p1a: Landorus|Intimidate|boost
|-unboost|p2a: Ursaluna|atk|1
|
|-damage|p2a: Ursaluna|13/100 brn|[from] brn
|upkeep
|turn|30
|
|t:|1779849461
|move|p1a: Landorus|Earthquake|p2a: Ursaluna
|-damage|p2a: Ursaluna|0 fnt
|faint|p2a: Ursaluna
|
|upkeep
|
|t:|1779849463
|switch|p2a: Regidrago|Regidrago|100/100
|turn|31
|
|t:|1779849465
|move|p1a: Landorus|Earthquake|p2a: Regidrago
|-damage|p2a: Regidrago|36/100
|move|p2a: Regidrago|Dragon Energy|p1a: Landorus
|-damage|p1a: Landorus|46/100
|
|upkeep
|turn|32
|
|t:|1779849468
|move|p1a: Landorus|Earthquake|p2a: Regidrago
|-damage|p2a: Regidrago|0 fnt
|faint|p2a: Regidrago
|
|upkeep
|
|t:|1779849470
|switch|p2a: Cinderace|Cinderace, F|53/100
|turn|33
|
|t:|1779849471
|move|p1a: Landorus|Earthquake|p2a: Cinderace
|-supereffective|p2a: Cinderace
|-damage|p2a: Cinderace|0 fnt
|faint|p2a: Cinderace
|
|upkeep
|
|t:|1779849473
|switch|p2a: cartierGOD|Diancie|100/100
|turn|34
|
|t:|1779849475
|move|p1a: Landorus|Earthquake|p2a: cartierGOD
|-supereffective|p2a: cartierGOD
|-damage|p2a: cartierGOD|7/100
|move|p2a: cartierGOD|Trick Room|p2a: cartierGOD
|-fieldstart|move: Trick Room|[of] p2a: cartierGOD
|
|upkeep
|turn|35
|
|t:|1779849478
|move|p2a: cartierGOD|Meteor Beam||[still]
|-prepare|p2a: cartierGOD|Meteor Beam
|-boost|p2a: cartierGOD|spa|1
|-enditem|p2a: cartierGOD|Power Herb
|-anim|p2a: cartierGOD|Meteor Beam|p1a: Landorus|[miss]
|-miss|p2a: cartierGOD|p1a: Landorus
|move|p1a: Landorus|Earthquake|p2a: cartierGOD
|-supereffective|p2a: cartierGOD
|-damage|p2a: cartierGOD|0 fnt
|faint|p2a: cartierGOD
|
|win|aaagislash
|raw|aaagislash's rating: 1679 &rarr; <strong>1700</strong><br />(+21 for winning)
|raw|owl_with_scarf's rating: 1696 &rarr; <strong>1675</strong><br />(-21 for losing)
|l|☆owl_with_scarf
|player|p2|
