|j|‽maxcondones
|j|☆ataiks
|t:|1779863173
|gametype|singles
|player|p1|maxcondones|2|1458
|player|p2|ataiks|ghetsis|1422
|gen|9
|tier|[Gen 9] OU
|rated|
|rule|HP Percentage Mod: HP is shown in percentages
|rule|Endless Battle Clause: Forcing endless battles is banned
|rule|Species Clause: Limit one of each Pokémon
|rule|OHKO Clause: OHKO moves are banned
|rule|Evasion Items Clause: Evasion items are banned
|rule|Evasion Moves Clause: Evasion moves are banned
|rule|Evasion Abilities Clause: Evasion abilities are banned
|rule|Sleep Moves Clause: Sleep-inducing moves are banned
|clearpoke
|poke|p1|Excadrill, M|
|poke|p1|Hippowdon, F|
|poke|p1|Tyranitar, M|
|poke|p1|Hatterene, F|
|poke|p1|Tornadus-Therian, M|
|poke|p1|Deoxys-Speed|
|poke|p2|Glimmora, F|
|poke|p2|Landorus-Therian, M|
|poke|p2|Moltres|
|poke|p2|Gholdengo|
|poke|p2|Dragapult, F|
|poke|p2|Zamazenta-*|
|teampreview
|inactive|Battle timer is ON: inactive players will automatically lose when time's up. (requested by ataiks)
|
|t:|1779863225
|teamsize|p1|6
|teamsize|p2|6
|start
|switch|p1a: Deoxys|Deoxys-Speed|100/100
|switch|p2a: Hehe c:|Gholdengo|100/100
|-ability|p1a: Deoxys|Pressure
|turn|1
|
|t:|1779863234
|move|p1a: Deoxys|Knock Off|p2a: Hehe c:
|-supereffective|p2a: Hehe c:
|-damage|p2a: Hehe c:|42/100
|-enditem|p2a: Hehe c:|Choice Scarf|[from] move: Knock Off|[of] p1a: Deoxys
|move|p2a: Hehe c:|Shadow Ball|p1a: Deoxys
|-supereffective|p1a: Deoxys
|-damage|p1a: Deoxys|0 fnt
|faint|p1a: Deoxys
|
|upkeep
|
|t:|1779863244
|switch|p1a: Tornadus|Tornadus-Therian, M|100/100
|turn|2
|
|t:|1779863247
|move|p1a: Tornadus|Nasty Plot|p1a: Tornadus
|-boost|p1a: Tornadus|spa|2
|move|p2a: Hehe c:|Make It Rain|p1a: Tornadus
|-damage|p1a: Tornadus|15/100
|-unboost|p2a: Hehe c:|spa|1
|
|upkeep
|turn|3
|
|t:|1779863252
|move|p1a: Tornadus|Heat Wave|p2a: Hehe c:
|-supereffective|p2a: Hehe c:
|-damage|p2a: Hehe c:|0 fnt
|faint|p2a: Hehe c:
|-damage|p1a: Tornadus|5/100|[from] item: Life Orb
|
|upkeep
|
|t:|1779863257
|switch|p2a: Moltres|Moltres|100/100
|turn|4
|
|t:|1779863261
|move|p1a: Tornadus|Bleakwind Storm|p2a: Moltres
|-damage|p2a: Moltres|0 fnt
|faint|p2a: Moltres
|-damage|p1a: Tornadus|0 fnt|[from] item: Life Orb
|faint|p1a: Tornadus
|
|upkeep
|
|t:|1779863278
|switch|p1a: Hatterene|Hatterene, F|100/100
|switch|p2a: Zamazenta|Zamazenta|100/100
|-ability|p2a: Zamazenta|Dauntless Shield|boost
|-boost|p2a: Zamazenta|def|1
|turn|5
|
|t:|1779863285
|move|p2a: Zamazenta|Heavy Slam|p1a: Hatterene
|-supereffective|p1a: Hatterene
|-damage|p1a: Hatterene|40/100
|-damage|p2a: Zamazenta|84/100|[from] item: Rocky Helmet|[of] p1a: Hatterene
|move|p1a: Hatterene|Psychic Noise|p2a: Zamazenta
|-supereffective|p2a: Zamazenta
|-damage|p2a: Zamazenta|21/100
|-start|p2a: Zamazenta|move: Heal Block
|
|upkeep
|turn|6
|
|t:|1779863303
|switch|p1a: Hippowdon|Hippowdon, F|100/100
|-weather|Sandstorm|[from] ability: Sand Stream|[of] p1a: Hippowdon
|move|p2a: Zamazenta|Heavy Slam|p1a: Hippowdon
|-damage|p1a: Hippowdon|94/100
|-enditem|p1a: Hippowdon|Eject Button
|
|t:|1779863308
|switch|p1a: Excadrill|Excadrill, M|100/100
|
|-weather|Sandstorm|[upkeep]
|-damage|p2a: Zamazenta|15/100|[from] Sandstorm
|-end|p2a: Zamazenta|move: Heal Block
|upkeep
|turn|7
|
|t:|1779863314
|move|p1a: Excadrill|Iron Head|p2a: Zamazenta
|-damage|p2a: Zamazenta|0 fnt
|faint|p2a: Zamazenta
|
|-weather|Sandstorm|[upkeep]
|upkeep
|
|t:|1779863316
|switch|p2a: Landorus|Landorus-Therian, M|100/100
|-ability|p2a: Landorus|Intimidate|boost
|-unboost|p1a: Excadrill|atk|1
|turn|8
|
|t:|1779863322
|switch|p1a: Hatterene|Hatterene, F|40/100
|switch|p2a: Glimmora|Glimmora, F|100/100
|
|-weather|Sandstorm|[upkeep]
|-damage|p1a: Hatterene|34/100|[from] Sandstorm
|upkeep
|turn|9
|
|t:|1779863342
|switch|p1a: Tyranitar|Tyranitar, M|100/100
|move|p2a: Glimmora|Sludge Bomb|p1a: Tyranitar
|-resisted|p1a: Tyranitar
|-damage|p1a: Tyranitar|90/100
|-enditem|p1a: Tyranitar|Eject Button
|
|t:|1779863347
|switch|p1a: Excadrill|Excadrill, M|100/100
|
|-weather|Sandstorm|[upkeep]
|upkeep
|turn|10
|
|t:|1779863351
|switch|p2a: Landorus|Landorus-Therian, M|100/100
|-ability|p2a: Landorus|Intimidate|boost
|-unboost|p1a: Excadrill|atk|1
|-terastallize|p1a: Excadrill|Ground
|move|p1a: Excadrill|Iron Head|p2a: Landorus
|-damage|p2a: Landorus|48/100
|-damage|p1a: Excadrill|84/100|[from] item: Rocky Helmet|[of] p2a: Landorus
|
|-weather|none
|upkeep
|turn|11
|
|t:|1779863360
|switch|p2a: Glimmora|Glimmora, F|100/100
|switch|p1a: Hatterene|Hatterene, F|34/100
|
|upkeep
|turn|12
|
|t:|1779863367
|move|p2a: Glimmora|Sludge Bomb|p1a: Hatterene
|-supereffective|p1a: Hatterene
|-damage|p1a: Hatterene|0 fnt
|faint|p1a: Hatterene
|
|upkeep
|
|t:|1779863368
|switch|p1a: Tyranitar|Tyranitar, M|90/100
|-weather|Sandstorm|[from] ability: Sand Stream|[of] p1a: Tyranitar
|turn|13
|
|t:|1779863374
|switch|p2a: Landorus|Landorus-Therian, M|48/100
|-ability|p2a: Landorus|Intimidate|boost
|-unboost|p1a: Tyranitar|atk|1
|switch|p1a: Excadrill|Excadrill, M, tera:Ground|84/100
|
|-weather|Sandstorm|[upkeep]
|upkeep
|turn|14
|
|t:|1779863396
|switch|p2a: Glimmora|Glimmora, F|100/100
|move|p1a: Excadrill|Iron Head|p2a: Glimmora
|-supereffective|p2a: Glimmora
|-enditem|p2a: Glimmora|Focus Sash
|-damage|p2a: Glimmora|1/100
|-activate|p2a: Glimmora|ability: Toxic Debris
|-sidestart|p1: maxcondones|move: Toxic Spikes
|
|-weather|Sandstorm|[upkeep]
|upkeep
|turn|15
|
|t:|1779863403
|move|p1a: Excadrill|Iron Head|p2a: Glimmora
|-supereffective|p2a: Glimmora
|-damage|p2a: Glimmora|0 fnt
|-activate|p2a: Glimmora|ability: Toxic Debris
|-sidestart|p1: maxcondones|move: Toxic Spikes
|faint|p2a: Glimmora
|
|-weather|Sandstorm|[upkeep]
|upkeep
|
|t:|1779863406
|switch|p2a: Landorus|Landorus-Therian, M|48/100
|-ability|p2a: Landorus|Intimidate|boost
|-unboost|p1a: Excadrill|atk|1
|turn|16
|
|t:|1779863413
|switch|p2a: Dragapult|Dragapult, F|100/100
|move|p1a: Excadrill|Iron Head|p2a: Dragapult
|-damage|p2a: Dragapult|34/100
|
|-weather|Sandstorm|[upkeep]
|-damage|p2a: Dragapult|28/100|[from] Sandstorm
|upkeep
|turn|17
|
|t:|1779863417
|switch|p2a: Landorus|Landorus-Therian, M|48/100
|-ability|p2a: Landorus|Intimidate|boost
|-unboost|p1a: Excadrill|atk|1
|move|p1a: Excadrill|Iron Head|p2a: Landorus
|-damage|p2a: Landorus|4/100
|-damage|p1a: Excadrill|67/100|[from] item: Rocky Helmet|[of] p2a: Landorus
|
|-weather|none
|upkeep
|turn|18
|
|t:|1779863426
|switch|p1a: Hippowdon|Hippowdon, F|94/100
|-status|p1a: Hippowdon|tox
|-weather|Sandstorm|[from] ability: Sand Stream|[of] p1a: Hippowdon
|-terastallize|p2a: Landorus|Ground
|move|p2a: Landorus|Earthquake|p1a: Hippowdon
|-damage|p1a: Hippowdon|55/100 tox
|
|-weather|Sandstorm|[upkeep]
|-damage|p1a: Hippowdon|49/100 tox|[from] psn
|upkeep
|turn|19
|
|t:|1779863439
|move|p2a: Landorus|U-turn|p1a: Hippowdon
|-damage|p1a: Hippowdon|35/100 tox
|
|t:|1779863441
|switch|p2a: Dragapult|Dragapult, F|28/100|[from] U-turn
|move|p1a: Hippowdon|Stealth Rock|p2a: Dragapult
|-sidestart|p2: ataiks|move: Stealth Rock
|
|-weather|Sandstorm|[upkeep]
|-damage|p2a: Dragapult|22/100|[from] Sandstorm
|-damage|p1a: Hippowdon|23/100 tox|[from] psn
|upkeep
|turn|20
|
|t:|1779863450
|move|p2a: Dragapult|Fire Blast|p1a: Hippowdon|[miss]
|-miss|p2a: Dragapult|p1a: Hippowdon
|move|p1a: Hippowdon|Earthquake|p2a: Dragapult
|-damage|p2a: Dragapult|0 fnt
|faint|p2a: Dragapult
|
|-weather|Sandstorm|[upkeep]
|-damage|p1a: Hippowdon|4/100 tox|[from] psn
|upkeep
|
|t:|1779863452
|switch|p2a: Landorus|Landorus-Therian, M, tera:Ground|4/100
|-damage|p2a: Landorus|0 fnt|[from] Stealth Rock
|faint|p2a: Landorus
|
|win|maxcondones
|raw|maxcondones's rating: 1458 &rarr; <strong>1476</strong><br />(+18 for winning)
|raw|ataiks's rating: 1422 &rarr; <strong>1404</strong><br />(-18 for losing)
|l|☆ataiks
|player|p2|
