|j|☆spindle pit
|j|☆Wolfking0240
|t:|1779920334
|gametype|singles
|player|p1|spindle pit|ethan|1196
|player|p2|Wolfking0240|101|1137
|gen|9
|tier|[Gen 9] OU
|rated|
|rule|HP Percentage Mod: HP is shown in percentages
|rule|Endless Battle Clause: Forcing endless battles is banned
|rule|Species Clause: Limit one of each Pokémon
|rule|OHKO Clause: OHKO moves are banned
|rule|Evasion Items Clause: Evasion items are banned
|rule|Evasion Moves Clause: Evasion moves are banned
|rule|Evasion Abilities Clause: Evasion abilities are banned
|rule|Sleep Moves Clause: Sleep-inducing moves are banned
|clearpoke
|poke|p1|Minior-Green|
|poke|p1|Scizor, M|
|poke|p1|Pecharunt|
|poke|p1|Ogerpon, F|
|poke|p1|Darkrai|
|poke|p1|Gholdengo|
|poke|p2|Gengar, M|
|poke|p2|Landorus-Therian, M|
|poke|p2|Iron Valiant|
|poke|p2|Iron Moth|
|poke|p2|Ogerpon-Wellspring, F|
|poke|p2|Kingambit, M|
|teampreview
|inactive|Battle timer is ON: inactive players will automatically lose when time's up. (requested by spindle pit)
|
|t:|1779920351
|teamsize|p1|6
|teamsize|p2|6
|start
|switch|p1a: Jorponn|Ogerpon, F|100/100
|switch|p2a: Landorus|Landorus-Therian, M|100/100
|-ability|p2a: Landorus|Intimidate|boost
|-unboost|p1a: Jorponn|atk|1
|-ability|p1a: Jorponn|Defiant|boost
|-boost|p1a: Jorponn|atk|2
|turn|1
|
|t:|1779920361
|move|p2a: Landorus|U-turn|p1a: Jorponn
|-supereffective|p1a: Jorponn
|-damage|p1a: Jorponn|32/100
|
|t:|1779920374
|switch|p2a: Gengar|Gengar, M|100/100|[from] U-turn
|move|p1a: Jorponn|Knock Off|p2a: Gengar
|-supereffective|p2a: Gengar
|-enditem|p2a: Gengar|Focus Sash
|-damage|p2a: Gengar|1/100
|-damage|p1a: Jorponn|22/100|[from] item: Life Orb
|
|upkeep
|turn|2
|
|t:|1779920392
|-terastallize|p1a: Jorponn|Grass
|detailschange|p1a: Jorponn|Ogerpon-Teal-Tera, F, tera:Grass
|-ability|p1a: Jorponn|Embody Aspect (Teal)|boost
|-boost|p1a: Jorponn|spe|1
|move|p1a: Jorponn|Knock Off|p2a: Gengar
|-supereffective|p2a: Gengar
|-damage|p2a: Gengar|0 fnt
|faint|p2a: Gengar
|-damage|p1a: Jorponn|12/100|[from] item: Life Orb
|
|upkeep
|
|t:|1779920404
|switch|p2a: Iron Moth|Iron Moth|100/100
|-enditem|p2a: Iron Moth|Booster Energy
|-activate|p2a: Iron Moth|ability: Quark Drive|[fromitem]
|-start|p2a: Iron Moth|quarkdrivespa
|turn|3
|
|t:|1779920412
|move|p1a: Jorponn|Knock Off|p2a: Iron Moth
|-damage|p2a: Iron Moth|34/100
|-damage|p1a: Jorponn|2/100|[from] item: Life Orb
|move|p2a: Iron Moth|Sludge Wave|p1a: Jorponn
|-supereffective|p1a: Jorponn
|-damage|p1a: Jorponn|0 fnt
|faint|p1a: Jorponn
|detailschange|p1: Jorponn|Ogerpon, F|[silent]
|
|upkeep
|
|t:|1779920435
|switch|p1a: Peachy|Pecharunt|100/100
|turn|4
|inactive|Wolfking0240 has 120 seconds left.
|
|t:|1779920482
|move|p2a: Iron Moth|Fiery Dance|p1a: Peachy
|-damage|p1a: Peachy|33/100
|-boost|p2a: Iron Moth|spa|1
|move|p1a: Peachy|Hex|p2a: Iron Moth
|-damage|p2a: Iron Moth|7/100
|
|upkeep
|turn|5
|
|t:|1779920497
|move|p2a: Iron Moth|Fiery Dance|p1a: Peachy
|-damage|p1a: Peachy|0 fnt
|faint|p1a: Peachy
|
|upkeep
|
|t:|1779920500
|switch|p1a: Mizer|Scizor, M|100/100
|turn|6
|
|t:|1779920507
|move|p1a: Mizer|Bullet Punch|p2a: Iron Moth
|-resisted|p2a: Iron Moth
|-damage|p2a: Iron Moth|0 fnt
|faint|p2a: Iron Moth
|-end|p2a: Iron Moth|Quark Drive|[silent]
|
|upkeep
|
|t:|1779920518
|switch|p2a: Landorus|Landorus-Therian, M|100/100
|-ability|p2a: Landorus|Intimidate|boost
|-unboost|p1a: Mizer|atk|1
|turn|7
|
|t:|1779920530
|move|p2a: Landorus|Earthquake|p1a: Mizer
|-damage|p1a: Mizer|36/100
|move|p1a: Mizer|Knock Off|p2a: Landorus
|-damage|p2a: Landorus|71/100
|-enditem|p2a: Landorus|Choice Scarf|[from] move: Knock Off|[of] p1a: Mizer
|
|upkeep
|turn|8
|
|t:|1779920537
|switch|p1a: Silo|Minior-Green|100/100
|-formechange|p1a: Silo|Minior-Meteor||[from] ability: Shields Down
|move|p2a: Landorus|Earthquake|p1a: Silo
|-immune|p1a: Silo
|
|upkeep
|turn|9
|inactive|Wolfking0240 has 120 seconds left.
|
|t:|1779920546
|move|p2a: Landorus|Stone Edge|p1a: Silo
|-supereffective|p1a: Silo
|-damage|p1a: Silo|3/100
|move|p1a: Silo|Shell Smash|p1a: Silo
|-unboost|p1a: Silo|def|1
|-unboost|p1a: Silo|spd|1
|-boost|p1a: Silo|atk|2
|-boost|p1a: Silo|spa|2
|-boost|p1a: Silo|spe|2
|
|-formechange|p1a: Silo|Minior-Green||[from] ability: Shields Down
|upkeep
|turn|10
|inactive|Wolfking0240 has 120 seconds left.
|
|t:|1779920558
|move|p1a: Silo|Acrobatics|p2a: Landorus
|-damage|p2a: Landorus|5/100
|move|p2a: Landorus|U-turn|p1a: Silo
|-resisted|p1a: Silo
|-damage|p1a: Silo|0 fnt
|faint|p1a: Silo
|inactive|Wolfking0240 has 120 seconds left.
|
|t:|1779920577
|switch|p2a: Iron Valiant|Iron Valiant|100/100|[from] U-turn
|-enditem|p2a: Iron Valiant|Booster Energy
|-activate|p2a: Iron Valiant|ability: Quark Drive|[fromitem]
|-start|p2a: Iron Valiant|quarkdrivespe
|
|upkeep
|
|t:|1779920588
|switch|p1a: Golego|Gholdengo|100/100
|-item|p1a: Golego|Air Balloon
|turn|11
|inactive|Wolfking0240 has 120 seconds left.
|
|t:|1779920601
|move|p2a: Iron Valiant|Swords Dance|p2a: Iron Valiant
|-boost|p2a: Iron Valiant|atk|2
|move|p1a: Golego|Make It Rain|p2a: Iron Valiant
|-supereffective|p2a: Iron Valiant
|-damage|p2a: Iron Valiant|0 fnt
|-unboost|p1a: Golego|spa|1
|faint|p2a: Iron Valiant
|-end|p2a: Iron Valiant|Quark Drive|[silent]
|
|upkeep
|
|t:|1779920614
|switch|p2a: Ogerpon|Ogerpon-Wellspring, F|100/100
|turn|12
|
|t:|1779920622
|move|p2a: Ogerpon|Swords Dance|p2a: Ogerpon
|-boost|p2a: Ogerpon|atk|2
|move|p1a: Golego|Thunder Wave|p2a: Ogerpon
|-status|p2a: Ogerpon|par
|
|upkeep
|turn|13
|inactive|Wolfking0240 has 120 seconds left.
|
|t:|1779920630
|move|p1a: Golego|Hex|p2a: Ogerpon
|-damage|p2a: Ogerpon|44/100 par
|cant|p2a: Ogerpon|par
|
|upkeep
|turn|14
|
|t:|1779920635
|move|p1a: Golego|Hex|p2a: Ogerpon
|-damage|p2a: Ogerpon|0 fnt
|faint|p2a: Ogerpon
|
|upkeep
|-message|Wolfking0240 forfeited.
|
|win|spindle pit
|raw|spindle pit's rating: 1196 &rarr; <strong>1217</strong><br />(+21 for winning)
|raw|Wolfking0240's rating: 1137 &rarr; <strong>1116</strong><br />(-21 for losing)
|l|☆Wolfking0240
|player|p2|
|l|☆spindle pit
|player|p1|
