|j|☆Scalyfall
|j|‽Diabolite
|t:|1779875445
|gametype|singles
|player|p1|Scalyfall|leaf-masters|1222
|player|p2|Diabolite|101|1176
|gen|9
|tier|[Gen 9] OU
|rated|
|rule|HP Percentage Mod: HP is shown in percentages
|rule|Endless Battle Clause: Forcing endless battles is banned
|rule|Species Clause: Limit one of each Pokémon
|rule|OHKO Clause: OHKO moves are banned
|rule|Evasion Items Clause: Evasion items are banned
|rule|Evasion Moves Clause: Evasion moves are banned
|rule|Evasion Abilities Clause: Evasion abilities are banned
|rule|Sleep Moves Clause: Sleep-inducing moves are banned
|clearpoke
|poke|p1|Ninetales, M|
|poke|p1|Torkoal, F|
|poke|p1|Walking Wake|
|poke|p1|Venusaur, M|
|poke|p1|Landorus-Therian, M|
|poke|p1|Bisharp, F|
|poke|p2|Walking Wake|
|poke|p2|Hatterene, F|
|poke|p2|Lilligant-Hisui, F|
|poke|p2|Ninetales, M|
|poke|p2|Great Tusk|
|poke|p2|Raging Bolt|
|teampreview
|inactive|Battle timer is ON: inactive players will automatically lose when time's up. (requested by Diabolite)
|
|t:|1779875484
|teamsize|p1|6
|teamsize|p2|6
|start
|switch|p1a: Walking Wake|Walking Wake|100/100
|switch|p2a: Walking Wake|Walking Wake|100/100
|turn|1
|
|t:|1779875497
|move|p1a: Walking Wake|Flip Turn|p2a: Walking Wake
|-resisted|p2a: Walking Wake
|-damage|p2a: Walking Wake|96/100
|
|t:|1779875501
|-end|p1a: Walking Wake|Protosynthesis|[silent]
|switch|p1a: Bisharp|Bisharp, F|100/100|[from] Flip Turn
|move|p2a: Walking Wake|Dragon Pulse|p1a: Bisharp
|-resisted|p1a: Bisharp
|-damage|p1a: Bisharp|72/100
|
|upkeep
|turn|2
|
|t:|1779875511
|-end|p2a: Walking Wake|Protosynthesis|[silent]
|switch|p2a: Ninetales|Ninetales, M|100/100
|-weather|SunnyDay|[from] ability: Drought|[of] p2a: Ninetales
|move|p1a: Bisharp|Iron Head|p2a: Ninetales
|-resisted|p2a: Ninetales
|-damage|p2a: Ninetales|72/100
|
|-weather|SunnyDay|[upkeep]
|upkeep
|turn|3
|
|t:|1779875523
|switch|p1a: Torkoal|Torkoal, F|100/100
|move|p2a: Ninetales|Will-O-Wisp|p1a: Torkoal
|-immune|p1a: Torkoal
|
|-weather|SunnyDay|[upkeep]
|upkeep
|turn|4
|
|t:|1779875536
|switch|p2a: Walking Wake|Walking Wake|96/100
|-activate|p2a: Walking Wake|ability: Protosynthesis
|-start|p2a: Walking Wake|protosynthesisspe
|move|p1a: Torkoal|Fire Blast|p2a: Walking Wake|[miss]
|-miss|p1a: Torkoal|p2a: Walking Wake
|
|-weather|SunnyDay|[upkeep]
|upkeep
|turn|5
|
|t:|1779875550
|move|p2a: Walking Wake|Dragon Pulse|p1a: Torkoal
|-damage|p1a: Torkoal|20/100
|move|p1a: Torkoal|Stealth Rock|p2a: Walking Wake
|-sidestart|p2: Diabolite|move: Stealth Rock
|
|-weather|SunnyDay|[upkeep]
|upkeep
|turn|6
|
|t:|1779875556
|move|p2a: Walking Wake|Dragon Pulse|p1a: Torkoal
|-damage|p1a: Torkoal|0 fnt
|faint|p1a: Torkoal
|
|-weather|SunnyDay|[upkeep]
|upkeep
|
|t:|1779875568
|switch|p1a: Venusaur|Venusaur, M|100/100
|turn|7
|
|t:|1779875574
|-end|p2a: Walking Wake|Protosynthesis|[silent]
|switch|p2a: Lilligant|Lilligant-Hisui, F|100/100
|-damage|p2a: Lilligant|94/100|[from] Stealth Rock
|move|p1a: Venusaur|Growth|p1a: Venusaur
|-boost|p1a: Venusaur|atk|2
|-boost|p1a: Venusaur|spa|2
|
|-weather|SunnyDay|[upkeep]
|upkeep
|turn|8
|
|t:|1779875582
|move|p2a: Lilligant|Triple Axel|p1a: Venusaur
|-supereffective|p1a: Venusaur
|-damage|p1a: Venusaur|79/100
|-supereffective|p1a: Venusaur
|-damage|p1a: Venusaur|34/100
|-supereffective|p1a: Venusaur
|-damage|p1a: Venusaur|0 fnt
|faint|p1a: Venusaur
|-hitcount|p1: Venusaur|3
|-damage|p2a: Lilligant|84/100|[from] item: Life Orb
|
|-weather|SunnyDay|[upkeep]
|upkeep
|
|t:|1779875593
|switch|p1a: Ninetales|Ninetales, M|100/100
|turn|9
|
|t:|1779875601
|move|p2a: Lilligant|Close Combat|p1a: Ninetales
|-damage|p1a: Ninetales|0 fnt
|-unboost|p2a: Lilligant|def|1
|-unboost|p2a: Lilligant|spd|1
|faint|p1a: Ninetales
|-damage|p2a: Lilligant|75/100|[from] item: Life Orb
|
|-weather|none
|upkeep
|-message|Scalyfall forfeited.
|
|win|Diabolite
|raw|Scalyfall's rating: 1222 &rarr; <strong>1194</strong><br />(-28 for losing)
|raw|Diabolite's rating: 1176 &rarr; <strong>1204</strong><br />(+28 for winning)
|l|☆Scalyfall
|player|p1|
|l|‽Diabolite
|player|p2|
