|j|☆bignate206
|j|☆chopinthe3rd
|t:|1779960413
|gametype|singles
|player|p1|bignate206|crasherwake|1080
|player|p2|chopinthe3rd|marshal|1117
|gen|9
|tier|[Gen 9] OU
|rated|
|rule|HP Percentage Mod: HP is shown in percentages
|rule|Endless Battle Clause: Forcing endless battles is banned
|rule|Species Clause: Limit one of each Pokémon
|rule|OHKO Clause: OHKO moves are banned
|rule|Evasion Items Clause: Evasion items are banned
|rule|Evasion Moves Clause: Evasion moves are banned
|rule|Evasion Abilities Clause: Evasion abilities are banned
|rule|Sleep Moves Clause: Sleep-inducing moves are banned
|clearpoke
|poke|p1|Ting-Lu|
|poke|p1|Zapdos|
|poke|p1|Dragapult, F|
|poke|p1|Ogerpon-Wellspring, F|
|poke|p1|Raging Bolt|
|poke|p1|Gliscor, M|
|poke|p2|Zangoose, M|
|poke|p2|Wyrdeer, M|
|poke|p2|Crabominable, M|
|poke|p2|Quaquaval, M|
|poke|p2|Golurk|
|poke|p2|Blaziken, F|
|teampreview
|inactive|Battle timer is ON: inactive players will automatically lose when time's up. (requested by bignate206)
|
|t:|1779960432
|teamsize|p1|6
|teamsize|p2|6
|start
|switch|p1a: Dragapult|Dragapult, F|100/100
|switch|p2a: Crabominable|Crabominable, M|100/100
|turn|1
|
|t:|1779960441
|move|p1a: Dragapult|Will-O-Wisp|p2a: Crabominable
|-status|p2a: Crabominable|brn
|move|p2a: Crabominable|Ice Hammer|p1a: Dragapult
|-supereffective|p1a: Dragapult
|-damage|p1a: Dragapult|12/100
|-unboost|p2a: Crabominable|spe|1
|
|-damage|p2a: Crabominable|94/100 brn|[from] brn
|upkeep
|turn|2
|
|t:|1779960454
|move|p1a: Dragapult|U-turn|p2a: Crabominable
|-resisted|p2a: Crabominable
|-damage|p2a: Crabominable|84/100 brn
|
|t:|1779960458
|switch|p1a: Ogerpon|Ogerpon-Wellspring, F|100/100|[from] U-turn
|move|p2a: Crabominable|Knock Off|p1a: Ogerpon
|-damage|p1a: Ogerpon|84/100
|
|-damage|p2a: Crabominable|78/100 brn|[from] brn
|upkeep
|turn|3
|
|t:|1779960472
|move|p1a: Ogerpon|Play Rough|p2a: Crabominable
|-supereffective|p2a: Crabominable
|-damage|p2a: Crabominable|2/100 brn
|-unboost|p2a: Crabominable|atk|1
|move|p2a: Crabominable|Close Combat|p1a: Ogerpon
|-damage|p1a: Ogerpon|52/100
|-unboost|p2a: Crabominable|def|1
|-unboost|p2a: Crabominable|spd|1
|
|-damage|p2a: Crabominable|0 fnt|[from] brn
|faint|p2a: Crabominable
|upkeep
|
|t:|1779960493
|switch|p2a: Zangoose|Zangoose, M|100/100
|turn|4
|
|t:|1779960501
|move|p1a: Ogerpon|Knock Off|p2a: Zangoose
|-damage|p2a: Zangoose|30/100
|-enditem|p2a: Zangoose|Toxic Orb|[from] move: Knock Off|[of] p1a: Ogerpon
|move|p2a: Zangoose|Double-Edge|p1a: Ogerpon
|-damage|p1a: Ogerpon|0 fnt
|faint|p1a: Ogerpon
|-damage|p2a: Zangoose|12/100|[from] Recoil
|
|upkeep
|
|t:|1779960508
|switch|p1a: Gliscor|Gliscor, M|100/100
|turn|5
|
|t:|1779960525
|move|p1a: Gliscor|Protect|p1a: Gliscor
|-singleturn|p1a: Gliscor|Protect
|move|p2a: Zangoose|Knock Off|p1a: Gliscor
|-activate|p1a: Gliscor|move: Protect
|
|-status|p1a: Gliscor|tox|[from] item: Toxic Orb
|upkeep
|turn|6
|
|t:|1779960533
|move|p2a: Zangoose|Knock Off|p1a: Gliscor
|-damage|p1a: Gliscor|76/100 tox
|-enditem|p1a: Gliscor|Toxic Orb|[from] move: Knock Off|[of] p2a: Zangoose
|move|p1a: Gliscor|Swords Dance|p1a: Gliscor
|-boost|p1a: Gliscor|atk|2
|
|-heal|p1a: Gliscor|89/100 tox|[from] ability: Poison Heal
|upkeep
|turn|7
|
|t:|1779960542
|move|p2a: Zangoose|Double-Edge|p1a: Gliscor
|-damage|p1a: Gliscor|43/100 tox
|-damage|p2a: Zangoose|0 fnt|[from] Recoil
|faint|p2a: Zangoose
|move|p1a: Gliscor|Facade|p2: Zangoose|[notarget]
|-fail|p1a: Gliscor
|
|-heal|p1a: Gliscor|55/100 tox|[from] ability: Poison Heal
|upkeep
|
|t:|1779960552
|switch|p2a: Quaquaval|Quaquaval, M|100/100
|turn|8
|
|t:|1779960562
|switch|p1a: Zapdos|Zapdos|100/100
|move|p2a: Quaquaval|Aqua Step|p1a: Zapdos
|-damage|p1a: Zapdos|66/100
|-boost|p2a: Quaquaval|spe|1
|
|upkeep
|turn|9
|
|t:|1779960575
|-terastallize|p2a: Quaquaval|Water
|move|p2a: Quaquaval|Wave Crash|p1a: Zapdos
|-damage|p1a: Zapdos|0 fnt
|-status|p2a: Quaquaval|par|[from] ability: Static|[of] p1a: Zapdos
|faint|p1a: Zapdos
|-ability|p2a: Quaquaval|Moxie|boost
|-boost|p2a: Quaquaval|atk|1
|-damage|p2a: Quaquaval|74/100 par|[from] Recoil
|
|upkeep
|
|t:|1779960579
|switch|p1a: Dragapult|Dragapult, F|12/100
|turn|10
|
|t:|1779960587
|move|p1a: Dragapult|Hex|p2a: Quaquaval
|-damage|p2a: Quaquaval|0 fnt
|faint|p2a: Quaquaval
|
|upkeep
|
|t:|1779960593
|switch|p2a: Wyrdeer|Wyrdeer, M|100/100
|-ability|p2a: Wyrdeer|Intimidate|boost
|-unboost|p1a: Dragapult|atk|1
|turn|11
|
|t:|1779960598
|move|p1a: Dragapult|U-turn|p2a: Wyrdeer
|-supereffective|p2a: Wyrdeer
|-damage|p2a: Wyrdeer|74/100
|
|t:|1779960601
|switch|p1a: Ting-Lu|Ting-Lu|100/100|[from] U-turn
|-ability|p1a: Ting-Lu|Vessel of Ruin
|move|p2a: Wyrdeer|Shadow Ball|p1a: Ting-Lu
|-resisted|p1a: Ting-Lu
|-damage|p1a: Ting-Lu|94/100
|
|-heal|p1a: Ting-Lu|100/100|[from] item: Leftovers
|upkeep
|turn|12
|
|t:|1779960614
|move|p2a: Wyrdeer|Energy Ball|p1a: Ting-Lu
|-supereffective|p1a: Ting-Lu
|-damage|p1a: Ting-Lu|78/100
|move|p1a: Ting-Lu|Stealth Rock|p2a: Wyrdeer
|-sidestart|p2: chopinthe3rd|move: Stealth Rock
|
|-heal|p1a: Ting-Lu|84/100|[from] item: Leftovers
|upkeep
|turn|13
|
|t:|1779960623
|switch|p2a: Golurk|Golurk|100/100
|-damage|p2a: Golurk|94/100|[from] Stealth Rock
|move|p1a: Ting-Lu|Earthquake|p2a: Golurk
|-damage|p2a: Golurk|54/100
|
|-heal|p1a: Ting-Lu|90/100|[from] item: Leftovers
|upkeep
|turn|14
|
|t:|1779960633
|move|p2a: Golurk|Dynamic Punch|p1a: Ting-Lu
|-supereffective|p1a: Ting-Lu
|-damage|p1a: Ting-Lu|47/100
|-start|p1a: Ting-Lu|confusion
|-activate|p1a: Ting-Lu|confusion
|-damage|p1a: Ting-Lu|41/100|[from] confusion
|
|-heal|p1a: Ting-Lu|47/100|[from] item: Leftovers
|upkeep
|turn|15
|
|t:|1779960645
|switch|p1a: Dragapult|Dragapult, F|12/100
|move|p2a: Golurk|Dynamic Punch|p1a: Dragapult
|-immune|p1a: Dragapult
|
|upkeep
|turn|16
|
|t:|1779960652
|move|p1a: Dragapult|Will-O-Wisp|p2a: Golurk
|-status|p2a: Golurk|brn
|move|p2a: Golurk|Earthquake|p1a: Dragapult
|-damage|p1a: Dragapult|0 fnt
|faint|p1a: Dragapult
|
|-damage|p2a: Golurk|48/100 brn|[from] brn
|upkeep
|
|t:|1779960660
|switch|p1a: Ting-Lu|Ting-Lu|47/100
|-ability|p1a: Ting-Lu|Vessel of Ruin
|turn|17
|
|t:|1779960665
|move|p2a: Golurk|Dynamic Punch|p1a: Ting-Lu
|-supereffective|p1a: Ting-Lu
|-damage|p1a: Ting-Lu|27/100
|-start|p1a: Ting-Lu|confusion
|-activate|p1a: Ting-Lu|confusion
|move|p1a: Ting-Lu|Earthquake|p2a: Golurk
|-damage|p2a: Golurk|6/100 brn
|
|-heal|p1a: Ting-Lu|33/100|[from] item: Leftovers
|-damage|p2a: Golurk|0 fnt|[from] brn
|faint|p2a: Golurk
|upkeep
|
|t:|1779960678
|switch|p2a: Blaziken|Blaziken, F|100/100
|-damage|p2a: Blaziken|88/100|[from] Stealth Rock
|turn|18
|
|t:|1779960684
|move|p2a: Blaziken|Close Combat|p1a: Ting-Lu
|-supereffective|p1a: Ting-Lu
|-damage|p1a: Ting-Lu|0 fnt
|-unboost|p2a: Blaziken|def|1
|-unboost|p2a: Blaziken|spd|1
|faint|p1a: Ting-Lu
|
|-ability|p2a: Blaziken|Speed Boost|boost
|-boost|p2a: Blaziken|spe|1
|upkeep
|
|t:|1779960687
|switch|p1a: Raging Bolt|Raging Bolt|100/100
|turn|19
|
|t:|1779960700
|-terastallize|p1a: Raging Bolt|Fairy
|move|p2a: Blaziken|Close Combat|p1a: Raging Bolt
|-resisted|p1a: Raging Bolt
|-damage|p1a: Raging Bolt|68/100
|-unboost|p2a: Blaziken|def|1
|-unboost|p2a: Blaziken|spd|1
|move|p1a: Raging Bolt|Volt Switch|p2a: Blaziken
|-damage|p2a: Blaziken|0 fnt
|faint|p2a: Blaziken
|
|t:|1779960705
|-end|p1a: Raging Bolt|Protosynthesis|[silent]
|switch|p1a: Gliscor|Gliscor, M|55/100 tox|[from] Volt Switch
|
|-heal|p1a: Gliscor|68/100 tox|[from] ability: Poison Heal
|upkeep
|
|t:|1779960717
|switch|p2a: Wyrdeer|Wyrdeer, M|74/100
|-damage|p2a: Wyrdeer|61/100|[from] Stealth Rock
|-ability|p2a: Wyrdeer|Intimidate|boost
|-unboost|p1a: Gliscor|atk|1
|turn|20
|
|t:|1779960722
|move|p1a: Gliscor|Knock Off|p2a: Wyrdeer
|-supereffective|p2a: Wyrdeer
|-damage|p2a: Wyrdeer|30/100
|-enditem|p2a: Wyrdeer|Twisted Spoon|[from] move: Knock Off|[of] p1a: Gliscor
|move|p2a: Wyrdeer|Psychic|p1a: Gliscor
|-damage|p1a: Gliscor|32/100 tox
|
|-heal|p1a: Gliscor|45/100 tox|[from] ability: Poison Heal
|upkeep
|turn|21
|
|t:|1779960736
|move|p1a: Gliscor|Swords Dance|p1a: Gliscor
|-boost|p1a: Gliscor|atk|2
|move|p2a: Wyrdeer|Psychic|p1a: Gliscor
|-damage|p1a: Gliscor|6/100 tox
|
|-heal|p1a: Gliscor|18/100 tox|[from] ability: Poison Heal
|upkeep
|turn|22
|c|☆chopinthe3rd|Gg
|
|t:|1779960747
|move|p1a: Gliscor|Facade|p2a: Wyrdeer
|-crit|p2a: Wyrdeer
|-damage|p2a: Wyrdeer|0 fnt
|faint|p2a: Wyrdeer
|
|win|bignate206
|raw|bignate206's rating: 1080 &rarr; <strong>1111</strong><br />(+31 for winning)
|raw|chopinthe3rd's rating: 1117 &rarr; <strong>1089</strong><br />(-28 for losing)
|c|☆bignate206|gg
|l|☆bignate206
|player|p1|
|l|☆chopinthe3rd
|player|p2|
