|j|☆pokeoscar35
|j|☆claudechamp
|t:|1779892742
|gametype|singles
|player|p1|pokeoscar35|rosa|1277
|player|p2|claudechamp|169|1300
|gen|9
|tier|[Gen 9] OU
|rated|
|rule|HP Percentage Mod: HP is shown in percentages
|rule|Endless Battle Clause: Forcing endless battles is banned
|rule|Species Clause: Limit one of each Pokémon
|rule|OHKO Clause: OHKO moves are banned
|rule|Evasion Items Clause: Evasion items are banned
|rule|Evasion Moves Clause: Evasion moves are banned
|rule|Evasion Abilities Clause: Evasion abilities are banned
|rule|Sleep Moves Clause: Sleep-inducing moves are banned
|clearpoke
|poke|p1|Pelipper, L99, F|
|poke|p1|Barraskewda, F|
|poke|p1|Raging Bolt|
|poke|p1|Golduck, F|
|poke|p1|Pawmot, F|
|poke|p1|Tentacruel, F|
|poke|p2|Gliscor, M|
|poke|p2|Gholdengo|
|poke|p2|Zamazenta-*|
|poke|p2|Blissey, F|
|poke|p2|Skarmory, F|
|poke|p2|Pecharunt|
|teampreview
|c|☆claudechamp|hf
|inactive|Battle timer is ON: inactive players will automatically lose when time's up. (requested by claudechamp)
|inactive|pokeoscar35 has 120 seconds left.
|inactive|pokeoscar35 has 90 seconds left.
|
|t:|1779892830
|teamsize|p1|6
|teamsize|p2|6
|start
|switch|p1a: Pelipper|Pelipper, L99, F|100/100
|switch|p2a: Skarmory|Skarmory, F|100/100
|-weather|RainDance|[from] ability: Drizzle|[of] p1a: Pelipper
|turn|1
|c|☆pokeoscar35|u2 m8
|
|t:|1779892845
|move|p2a: Skarmory|Spikes|p1a: Pelipper
|-sidestart|p1: pokeoscar35|Spikes
|move|p1a: Pelipper|U-turn|p2a: Skarmory
|-resisted|p2a: Skarmory
|-damage|p2a: Skarmory|99/100
|
|t:|1779892852
|switch|p1a: Seaking Duck|Golduck, F|100/100|[from] U-turn
|-damage|p1a: Seaking Duck|88/100|[from] Spikes
|
|-weather|RainDance|[upkeep]
|upkeep
|turn|2
|
|t:|1779892859
|move|p1a: Seaking Duck|Nasty Plot|p1a: Seaking Duck
|-boost|p1a: Seaking Duck|spa|2
|move|p2a: Skarmory|Spikes|p1a: Seaking Duck
|-sidestart|p1: pokeoscar35|Spikes
|
|-weather|RainDance|[upkeep]
|upkeep
|turn|3
|
|t:|1779892870
|move|p1a: Seaking Duck|Hydro Pump|p2a: Skarmory
|-damage|p2a: Skarmory|0 fnt
|faint|p2a: Skarmory
|-damage|p1a: Seaking Duck|78/100|[from] item: Life Orb
|
|-weather|RainDance|[upkeep]
|upkeep
|
|t:|1779892878
|switch|p2a: Zamazenta|Zamazenta|100/100
|-ability|p2a: Zamazenta|Dauntless Shield|boost
|-boost|p2a: Zamazenta|def|1
|turn|4
|
|t:|1779892890
|move|p1a: Seaking Duck|Hydro Pump|p2a: Zamazenta
|-damage|p2a: Zamazenta|0 fnt
|faint|p2a: Zamazenta
|-damage|p1a: Seaking Duck|68/100|[from] item: Life Orb
|
|-weather|RainDance|[upkeep]
|upkeep
|
|t:|1779892907
|switch|p2a: Blissey|Blissey, F|100/100
|turn|5
|
|t:|1779892918
|move|p1a: Seaking Duck|Hydro Pump|p2a: Blissey
|-damage|p2a: Blissey|37/100
|-damage|p1a: Seaking Duck|58/100|[from] item: Life Orb
|move|p2a: Blissey|Shadow Ball|p1a: Seaking Duck
|-damage|p1a: Seaking Duck|38/100
|
|-weather|RainDance|[upkeep]
|upkeep
|turn|6
|c|☆pokeoscar35|that's a lot of damage"
|
|t:|1779892934
|move|p1a: Seaking Duck|Hydro Pump|p2a: Blissey
|-damage|p2a: Blissey|0 fnt
|faint|p2a: Blissey
|-damage|p1a: Seaking Duck|28/100|[from] item: Life Orb
|
|-weather|RainDance|[upkeep]
|upkeep
|
|t:|1779892945
|switch|p2a: Pecharunt|Pecharunt|100/100
|turn|7
|
|t:|1779892952
|move|p1a: Seaking Duck|Hydro Pump|p2a: Pecharunt
|-damage|p2a: Pecharunt|0 fnt
|faint|p2a: Pecharunt
|-damage|p1a: Seaking Duck|18/100|[from] item: Life Orb
|
|-weather|RainDance|[upkeep]
|upkeep
|
|t:|1779892959
|switch|p2a: Gholdengo|Gholdengo|100/100
|turn|8
|
|t:|1779892963
|move|p1a: Seaking Duck|Hydro Pump|p2a: Gholdengo|[miss]
|-miss|p1a: Seaking Duck|p2a: Gholdengo
|move|p2a: Gholdengo|Hex|p1a: Seaking Duck
|-damage|p1a: Seaking Duck|0 fnt
|faint|p1a: Seaking Duck
|
|-weather|none
|upkeep
|
|t:|1779892968
|switch|p1a: Pelipper|Pelipper, L99, F|100/100
|-weather|RainDance|[from] ability: Drizzle|[of] p1a: Pelipper
|turn|9
|
|t:|1779892975
|move|p2a: Gholdengo|Nasty Plot|p2a: Gholdengo
|-boost|p2a: Gholdengo|spa|2
|move|p1a: Pelipper|U-turn|p2a: Gholdengo
|-resisted|p2a: Gholdengo
|-damage|p2a: Gholdengo|99/100
|
|t:|1779892978
|switch|p1a: Barraskewda|Barraskewda, F|100/100|[from] U-turn
|-damage|p1a: Barraskewda|84/100|[from] Spikes
|
|-weather|RainDance|[upkeep]
|upkeep
|turn|10
|
|t:|1779892988
|move|p1a: Barraskewda|Liquidation|p2a: Gholdengo
|-damage|p2a: Gholdengo|33/100
|move|p2a: Gholdengo|Hex|p1a: Barraskewda
|-damage|p1a: Barraskewda|0 fnt
|faint|p1a: Barraskewda
|
|-weather|RainDance|[upkeep]
|upkeep
|
|t:|1779892999
|switch|p1a: Pawmot|Pawmot, F|100/100
|-damage|p1a: Pawmot|84/100|[from] Spikes
|turn|11
|
|t:|1779893004
|move|p1a: Pawmot|Revival Blessing|p1a: Pawmot
|-enditem|p1a: Pawmot|Leppa Berry|[eat]
|-activate|p1a: Pawmot|item: Leppa Berry|Revival Blessing|[consumed]
|
|t:|1779893006
|-heal|p1: Seaking Duck|50/100|[from] move: Revival Blessing
|move|p2a: Gholdengo|Hex|p1a: Pawmot
|-damage|p1a: Pawmot|0 fnt
|faint|p1a: Pawmot
|
|-weather|RainDance|[upkeep]
|upkeep
|
|t:|1779893009
|switch|p1a: Seaking Duck|Golduck, F|50/100
|-damage|p1a: Seaking Duck|34/100|[from] Spikes
|turn|12
|c|☆pokeoscar35|let's f*ckin gooooO!!!
|
|t:|1779893022
|move|p1a: Seaking Duck|Hydro Pump|p2a: Gholdengo
|-damage|p2a: Gholdengo|0 fnt
|faint|p2a: Gholdengo
|-damage|p1a: Seaking Duck|24/100|[from] item: Life Orb
|
|-weather|RainDance|[upkeep]
|upkeep
|
|t:|1779893034
|switch|p2a: Gliscor|Gliscor, M|100/100
|turn|13
|
|t:|1779893043
|-terastallize|p2a: Gliscor|Dark
|move|p2a: Gliscor|Protect|p2a: Gliscor
|-singleturn|p2a: Gliscor|Protect
|move|p1a: Seaking Duck|Ice Beam|p2a: Gliscor
|-activate|p2a: Gliscor|move: Protect
|
|-weather|RainDance|[upkeep]
|-status|p2a: Gliscor|tox|[from] item: Toxic Orb
|upkeep
|turn|14
|
|t:|1779893051
|move|p1a: Seaking Duck|Hydro Pump|p2a: Gliscor
|-damage|p2a: Gliscor|6/100 tox
|-damage|p1a: Seaking Duck|14/100|[from] item: Life Orb
|move|p2a: Gliscor|Earthquake|p1a: Seaking Duck
|-damage|p1a: Seaking Duck|0 fnt
|faint|p1a: Seaking Duck
|
|-weather|RainDance|[upkeep]
|-heal|p2a: Gliscor|19/100 tox|[from] ability: Poison Heal
|upkeep
|
|t:|1779893055
|switch|p1a: Tentacruel|Tentacruel, F|100/100
|-damage|p1a: Tentacruel|84/100|[from] Spikes
|turn|15
|
|t:|1779893062
|move|p2a: Gliscor|Swords Dance|p2a: Gliscor
|-boost|p2a: Gliscor|atk|2
|move|p1a: Tentacruel|Rapid Spin|p2a: Gliscor
|-damage|p2a: Gliscor|12/100 tox
|-boost|p1a: Tentacruel|spe|1
|-sideend|p1: pokeoscar35|Spikes|[from] move: Rapid Spin|[of] p1a: Tentacruel
|
|-weather|RainDance|[upkeep]
|-heal|p1a: Tentacruel|90/100|[from] ability: Rain Dish
|-heal|p2a: Gliscor|25/100 tox|[from] ability: Poison Heal
|upkeep
|turn|16
|
|t:|1779893066
|-terastallize|p1a: Tentacruel|Dark
|move|p1a: Tentacruel|Sludge Bomb|p2a: Gliscor
|-damage|p2a: Gliscor|2/100 tox
|move|p2a: Gliscor|Knock Off|p1a: Tentacruel
|-resisted|p1a: Tentacruel
|-damage|p1a: Tentacruel|45/100
|-enditem|p1a: Tentacruel|Assault Vest|[from] move: Knock Off|[of] p2a: Gliscor
|
|-weather|none
|-heal|p2a: Gliscor|15/100 tox|[from] ability: Poison Heal
|upkeep
|turn|17
|
|t:|1779893071
|move|p1a: Tentacruel|Sludge Bomb|p2a: Gliscor
|-damage|p2a: Gliscor|0 fnt
|faint|p2a: Gliscor
|
|win|pokeoscar35
|raw|pokeoscar35's rating: 1277 &rarr; <strong>1302</strong><br />(+25 for winning)
|raw|claudechamp's rating: 1280 &rarr; <strong>1255</strong><br />(-25 for losing)
|c|☆claudechamp|gg
|c|☆pokeoscar35|ggs
|l|☆pokeoscar35
|player|p1|
