|j|☆Sunds
|j|☆claudechamp
|t:|1779849910
|gametype|singles
|player|p1|Sunds|169|1240
|player|p2|claudechamp|169|1196
|gen|9
|tier|[Gen 9] OU
|rated|
|rule|HP Percentage Mod: HP is shown in percentages
|rule|Endless Battle Clause: Forcing endless battles is banned
|rule|Species Clause: Limit one of each Pokémon
|rule|OHKO Clause: OHKO moves are banned
|rule|Evasion Items Clause: Evasion items are banned
|rule|Evasion Moves Clause: Evasion moves are banned
|rule|Evasion Abilities Clause: Evasion abilities are banned
|rule|Sleep Moves Clause: Sleep-inducing moves are banned
|clearpoke
|poke|p1|Great Tusk|
|poke|p1|Gholdengo|
|poke|p1|Dragonite, M|
|poke|p1|Skeledirge, F|
|poke|p1|Ting-Lu|
|poke|p1|Iron Valiant|
|poke|p2|Gliscor, M|
|poke|p2|Gholdengo|
|poke|p2|Zamazenta-*|
|poke|p2|Blissey, F|
|poke|p2|Skarmory, M|
|poke|p2|Pecharunt|
|teampreview
|c|☆claudechamp|hf
|
|t:|1779849923
|teamsize|p1|6
|teamsize|p2|6
|start
|switch|p1a: Great Tusk|Great Tusk|100/100
|switch|p2a: Skarmory|Skarmory, M|100/100
|turn|1
|inactive|Battle timer is ON: inactive players will automatically lose when time's up. (requested by claudechamp)
|
|t:|1779849948
|-end|p1a: Great Tusk|Protosynthesis|[silent]
|switch|p1a: Skeledirge|Skeledirge, F|100/100
|move|p2a: Skarmory|Spikes|p1a: Skeledirge
|-sidestart|p1: Sunds|Spikes
|
|upkeep
|turn|2
|
|t:|1779849960
|move|p2a: Skarmory|Spikes|p1a: Skeledirge
|-sidestart|p1: Sunds|Spikes
|move|p1a: Skeledirge|Torch Song|p2a: Skarmory
|-supereffective|p2a: Skarmory
|-damage|p2a: Skarmory|15/100
|-boost|p1a: Skeledirge|spa|1
|
|upkeep
|turn|3
|
|t:|1779849968
|switch|p2a: Blissey|Blissey, F|100/100
|move|p1a: Skeledirge|Torch Song|p2a: Blissey
|-damage|p2a: Blissey|86/100
|-boost|p1a: Skeledirge|spa|1
|
|upkeep
|turn|4
|l|☆Sunds
|inactive|Sunds disconnected and has a minute to reconnect!
|player|p1|
|j|☆Sunds
|inactive|Sunds reconnected and has 125 seconds left.
|player|p1|Sunds|169|
|inactive|Sunds has 120 seconds left.
|
|t:|1779850001
|move|p1a: Skeledirge|Torch Song|p2a: Blissey
|-damage|p2a: Blissey|67/100
|-boost|p1a: Skeledirge|spa|1
|move|p2a: Blissey|Shadow Ball|p1a: Skeledirge
|-supereffective|p1a: Skeledirge
|-damage|p1a: Skeledirge|70/100
|
|upkeep
|turn|5
|
|t:|1779850017
|move|p1a: Skeledirge|Torch Song|p2a: Blissey
|-damage|p2a: Blissey|43/100
|-boost|p1a: Skeledirge|spa|1
|move|p2a: Blissey|Shadow Ball|p1a: Skeledirge
|-supereffective|p1a: Skeledirge
|-damage|p1a: Skeledirge|39/100
|-unboost|p1a: Skeledirge|spd|1
|
|upkeep
|turn|6
|l|☆Sunds
|inactive|Sunds disconnected and has a minute to reconnect!
|player|p1|
|
|t:|1779850027
|switch|p2a: Skarmory|Skarmory, M|15/100
|move|p1a: Skeledirge|Slack Off|p1a: Skeledirge
|-heal|p1a: Skeledirge|89/100
|
|upkeep
|turn|7
|j|☆Sunds
|inactive|Sunds reconnected and has 140 seconds left.
|player|p1|Sunds|169|
|
|t:|1779850042
|-terastallize|p2a: Skarmory|Dragon
|move|p1a: Skeledirge|Torch Song|p2a: Skarmory
|-resisted|p2a: Skarmory
|-damage|p2a: Skarmory|0 fnt
|-boost|p1a: Skeledirge|spa|1
|faint|p2a: Skarmory
|
|upkeep
|
|t:|1779850059
|switch|p2a: Blissey|Blissey, F|43/100
|turn|8
|
|t:|1779850065
|move|p1a: Skeledirge|Torch Song|p2a: Blissey
|-damage|p2a: Blissey|9/100
|-boost|p1a: Skeledirge|spa|1
|move|p2a: Blissey|Shadow Ball|p1a: Skeledirge
|-supereffective|p1a: Skeledirge
|-damage|p1a: Skeledirge|46/100
|
|upkeep
|turn|9
|l|☆Sunds
|inactive|Sunds disconnected and has a minute to reconnect!
|player|p1|
|j|☆Sunds
|inactive|Sunds reconnected and has 135 seconds left.
|player|p1|Sunds|169|
|
|t:|1779850084
|move|p1a: Skeledirge|Slack Off|p1a: Skeledirge
|-heal|p1a: Skeledirge|97/100
|move|p2a: Blissey|Soft-Boiled|p2a: Blissey
|-heal|p2a: Blissey|59/100
|
|upkeep
|turn|10
|
|t:|1779850094
|move|p1a: Skeledirge|Torch Song|p2a: Blissey
|-damage|p2a: Blissey|24/100
|move|p2a: Blissey|Shadow Ball|p1a: Skeledirge
|-supereffective|p1a: Skeledirge
|-damage|p1a: Skeledirge|54/100
|
|upkeep
|turn|11
|c|☆Sunds|Why
|
|t:|1779850100
|move|p1a: Skeledirge|Torch Song|p2a: Blissey
|-damage|p2a: Blissey|0 fnt
|faint|p2a: Blissey
|
|upkeep
|
|t:|1779850106
|switch|p2a: Gholdengo|Gholdengo|100/100
|turn|12
|
|t:|1779850112
|move|p2a: Gholdengo|Hex|p1a: Skeledirge
|-supereffective|p1a: Skeledirge
|-damage|p1a: Skeledirge|0 fnt
|faint|p1a: Skeledirge
|
|upkeep
|
|t:|1779850122
|switch|p1a: Gholdengo|Gholdengo|100/100
|-damage|p1a: Gholdengo|84/100|[from] Spikes
|turn|13
|
|t:|1779850129
|switch|p2a: Zamazenta|Zamazenta|100/100
|-ability|p2a: Zamazenta|Dauntless Shield|boost
|-boost|p2a: Zamazenta|def|1
|move|p1a: Gholdengo|Shadow Ball|p2a: Zamazenta
|-damage|p2a: Zamazenta|40/100
|
|upkeep
|turn|14
|l|☆Sunds
|inactive|Sunds disconnected and has a minute to reconnect!
|player|p1|
|
|t:|1779850142
|move|p2a: Zamazenta|Crunch|p1a: Gholdengo
|-supereffective|p1a: Gholdengo
|-damage|p1a: Gholdengo|37/100
|move|p1a: Gholdengo|Shadow Ball|p2a: Zamazenta
|-damage|p2a: Zamazenta|0 fnt
|faint|p2a: Zamazenta
|
|upkeep
|
|t:|1779850151
|switch|p2a: Gliscor|Gliscor, M|100/100
|turn|15
|j|☆Sunds
|inactive|Sunds reconnected and has 150 seconds left.
|player|p1|Sunds|169|
|
|t:|1779850161
|switch|p1a: Great Tusk|Great Tusk|100/100
|move|p2a: Gliscor|Knock Off|p1a: Great Tusk
|-resisted|p1a: Great Tusk
|-damage|p1a: Great Tusk|92/100
|-enditem|p1a: Great Tusk|Heavy-Duty Boots|[from] move: Knock Off|[of] p2a: Gliscor
|
|-status|p2a: Gliscor|tox|[from] item: Toxic Orb
|upkeep
|turn|16
|
|t:|1779850166
|move|p2a: Gliscor|Protect|p2a: Gliscor
|-singleturn|p2a: Gliscor|Protect
|move|p1a: Great Tusk|Rapid Spin|p2a: Gliscor
|-activate|p2a: Gliscor|move: Protect
|
|upkeep
|turn|17
|
|t:|1779850179
|move|p1a: Great Tusk|Rapid Spin|p2a: Gliscor
|-crit|p2a: Gliscor
|-damage|p2a: Gliscor|80/100 tox
|-boost|p1a: Great Tusk|spe|1
|-sideend|p1: Sunds|Spikes|[from] move: Rapid Spin|[of] p1a: Great Tusk
|move|p2a: Gliscor|Earthquake|p1a: Great Tusk
|-damage|p1a: Great Tusk|70/100
|
|-heal|p2a: Gliscor|93/100 tox|[from] ability: Poison Heal
|upkeep
|turn|18
|l|☆Sunds
|inactive|Sunds disconnected and has a minute to reconnect!
|player|p1|
|j|☆Sunds
|inactive|Sunds reconnected and has 145 seconds left.
|player|p1|Sunds|169|
|
|t:|1779850192
|move|p1a: Great Tusk|Ice Spinner|p2a: Gliscor
|-supereffective|p2a: Gliscor
|-damage|p2a: Gliscor|0 fnt
|faint|p2a: Gliscor
|
|upkeep
|l|☆Sunds
|inactive|Sunds disconnected and has a minute to reconnect!
|player|p1|
|
|t:|1779850206
|switch|p2a: Pecharunt|Pecharunt|100/100
|turn|19
|j|☆Sunds
|inactive|Sunds reconnected and has 145 seconds left.
|player|p1|Sunds|169|
|
|t:|1779850220
|move|p1a: Great Tusk|Knock Off|p2a: Pecharunt
|-supereffective|p2a: Pecharunt
|-damage|p2a: Pecharunt|67/100
|-enditem|p2a: Pecharunt|Heavy-Duty Boots|[from] move: Knock Off|[of] p1a: Great Tusk
|move|p2a: Pecharunt|Shadow Ball|p1a: Great Tusk
|-damage|p1a: Great Tusk|34/100
|
|upkeep
|turn|20
|
|t:|1779850227
|move|p1a: Great Tusk|Knock Off|p2a: Pecharunt
|-supereffective|p2a: Pecharunt
|-damage|p2a: Pecharunt|44/100
|move|p2a: Pecharunt|Shadow Ball|p1a: Great Tusk
|-damage|p1a: Great Tusk|0 fnt
|faint|p1a: Great Tusk
|-end|p1a: Great Tusk|Protosynthesis|[silent]
|
|upkeep
|
|t:|1779850234
|switch|p1a: Iron Valiant|Iron Valiant|100/100
|turn|21
|
|t:|1779850241
|move|p1a: Iron Valiant|Shadow Ball|p2a: Pecharunt
|-supereffective|p2a: Pecharunt
|-damage|p2a: Pecharunt|0 fnt
|faint|p2a: Pecharunt
|
|upkeep
|c|☆Sunds|Cooked
|c|☆Sunds|dogshit
|
|t:|1779850259
|switch|p2a: Gholdengo|Gholdengo|100/100
|turn|22
|
|t:|1779850263
|move|p1a: Iron Valiant|Shadow Ball|p2a: Gholdengo
|-supereffective|p2a: Gholdengo
|-damage|p2a: Gholdengo|47/100
|move|p2a: Gholdengo|Nasty Plot|p2a: Gholdengo
|-boost|p2a: Gholdengo|spa|2
|
|upkeep
|turn|23
|
|t:|1779850276
|move|p1a: Iron Valiant|Shadow Ball|p2a: Gholdengo
|-supereffective|p2a: Gholdengo
|-damage|p2a: Gholdengo|0 fnt
|faint|p2a: Gholdengo
|
|win|Sunds
|raw|Sunds's rating: 1240 &rarr; <strong>1263</strong><br />(+23 for winning)
|raw|claudechamp's rating: 1217 &rarr; <strong>1194</strong><br />(-23 for losing)
|c|☆claudechamp|gg
|l|☆Sunds
|player|p1|
