|j|☆appleelppa98
|j|☆jjtaggof
|t:|1779953255
|gametype|singles
|player|p1|appleelppa98|266|1059
|player|p2|jjtaggof|ballguy|1056
|gen|9
|tier|[Gen 9] OU
|rated|
|rule|HP Percentage Mod: HP is shown in percentages
|rule|Endless Battle Clause: Forcing endless battles is banned
|rule|Species Clause: Limit one of each Pokémon
|rule|OHKO Clause: OHKO moves are banned
|rule|Evasion Items Clause: Evasion items are banned
|rule|Evasion Moves Clause: Evasion moves are banned
|rule|Evasion Abilities Clause: Evasion abilities are banned
|rule|Sleep Moves Clause: Sleep-inducing moves are banned
|clearpoke
|poke|p1|Regieleki|
|poke|p1|Pelipper, F|
|poke|p1|Blastoise, M|
|poke|p1|Gliscor, F|
|poke|p1|Ceruledge, M|
|poke|p1|Cyclizar, M|
|poke|p2|Gyarados, M|
|poke|p2|Morpeko, F|
|poke|p2|Metagross|
|poke|p2|Mudsdale, F|
|poke|p2|Ceruledge, M|
|poke|p2|Entei|
|teampreview
|inactive|Battle timer is ON: inactive players will automatically lose when time's up. (requested by jjtaggof)
|
|t:|1779953283
|teamsize|p1|6
|teamsize|p2|6
|start
|switch|p1a: Pelipper|Pelipper, F|100/100
|switch|p2a: Entei|Entei|100/100
|-weather|RainDance|[from] ability: Drizzle|[of] p1a: Pelipper
|turn|1
|
|t:|1779953303
|switch|p2a: Metagross|Metagross|100/100
|move|p1a: Pelipper|Tailwind|p1a: Pelipper
|-sidestart|p1: appleelppa98|move: Tailwind
|
|-weather|RainDance|[upkeep]
|upkeep
|turn|2
|
|t:|1779953314
|move|p1a: Pelipper|Hurricane|p2a: Metagross
|-resisted|p2a: Metagross
|-damage|p2a: Metagross|80/100
|move|p2a: Metagross|Agility|p2a: Metagross
|-boost|p2a: Metagross|spe|2
|
|-weather|RainDance|[upkeep]
|upkeep
|turn|3
|
|t:|1779953324
|move|p1a: Pelipper|Chilling Water|p2a: Metagross
|-damage|p2a: Metagross|49/100
|move|p2a: Metagross|Psychic Fangs|p1a: Pelipper
|-damage|p1a: Pelipper|44/100
|
|-weather|RainDance|[upkeep]
|upkeep
|turn|4
|
|t:|1779953331
|move|p1a: Pelipper|Chilling Water|p2a: Metagross
|-damage|p2a: Metagross|18/100
|move|p2a: Metagross|Psychic Fangs|p1a: Pelipper
|-damage|p1a: Pelipper|0 fnt
|faint|p1a: Pelipper
|
|-weather|RainDance|[upkeep]
|-sideend|p1: appleelppa98|move: Tailwind
|upkeep
|
|t:|1779953341
|switch|p1a: Regieleki|Regieleki|100/100
|turn|5
|
|t:|1779953348
|move|p1a: Regieleki|Thunder|p2a: Metagross
|-damage|p2a: Metagross|0 fnt
|faint|p2a: Metagross
|
|-weather|none
|upkeep
|
|t:|1779953356
|switch|p2a: Mudsdale|Mudsdale, F|100/100
|turn|6
|
|t:|1779953383
|switch|p1a: Gliscor|Gliscor, F|100/100
|move|p2a: Mudsdale|Earthquake|p1a: Gliscor
|-immune|p1a: Gliscor
|
|-status|p1a: Gliscor|tox|[from] item: Toxic Orb
|upkeep
|turn|7
|
|t:|1779953394
|move|p1a: Gliscor|Stealth Rock|p2a: Mudsdale
|-sidestart|p2: jjtaggof|move: Stealth Rock
|move|p2a: Mudsdale|Smack Down|p1a: Gliscor
|-damage|p1a: Gliscor|81/100 tox
|-start|p1a: Gliscor|Smack Down
|
|-heal|p1a: Gliscor|93/100 tox|[from] ability: Poison Heal
|upkeep
|turn|8
|inactive|appleelppa98 has 120 seconds left.
|
|t:|1779953410
|move|p1a: Gliscor|Toxic Spikes|p2a: Mudsdale
|-sidestart|p2: jjtaggof|move: Toxic Spikes
|move|p2a: Mudsdale|Earthquake|p1a: Gliscor
|-damage|p1a: Gliscor|38/100 tox
|
|-heal|p1a: Gliscor|50/100 tox|[from] ability: Poison Heal
|upkeep
|turn|9
|
|t:|1779953417
|move|p1a: Gliscor|Toxic Spikes|p2a: Mudsdale
|-sidestart|p2: jjtaggof|move: Toxic Spikes
|move|p2a: Mudsdale|Earthquake|p1a: Gliscor
|-damage|p1a: Gliscor|0 fnt
|faint|p1a: Gliscor
|
|upkeep
|
|t:|1779953426
|switch|p1a: Blastoise|Blastoise, M|100/100
|turn|10
|
|t:|1779953436
|switch|p2a: Morpeko|Morpeko, F|100/100
|-damage|p2a: Morpeko|88/100|[from] Stealth Rock
|-status|p2a: Morpeko|tox
|move|p1a: Blastoise|Fake Out|p2a: Morpeko
|-damage|p2a: Morpeko|70/100 tox
|
|-heal|p2a: Morpeko|76/100 tox|[from] item: Leftovers
|-damage|p2a: Morpeko|70/100 tox|[from] psn
|-formechange|p2a: Morpeko|Morpeko-Hangry||[from] ability: Hunger Switch
|upkeep
|turn|11
|
|t:|1779953454
|move|p2a: Morpeko|Rapid Spin|p1a: Blastoise
|-damage|p1a: Blastoise|90/100
|-boost|p2a: Morpeko|spe|1
|-sideend|p2: jjtaggof|Toxic Spikes|[from] move: Rapid Spin|[of] p2a: Morpeko
|-sideend|p2: jjtaggof|Stealth Rock|[from] move: Rapid Spin|[of] p2a: Morpeko
|move|p1a: Blastoise|Ice Spinner|p2a: Morpeko
|-damage|p2a: Morpeko|34/100 tox
|
|-heal|p2a: Morpeko|41/100 tox|[from] item: Leftovers
|-damage|p2a: Morpeko|28/100 tox|[from] psn
|-formechange|p2a: Morpeko|Morpeko||[from] ability: Hunger Switch
|upkeep
|turn|12
|
|t:|1779953469
|move|p1a: Blastoise|Aqua Jet|p2a: Morpeko
|-damage|p2a: Morpeko|1/100 tox
|move|p2a: Morpeko|Aura Wheel|p1a: Blastoise
|-supereffective|p1a: Blastoise
|-damage|p1a: Blastoise|17/100
|-boost|p2a: Morpeko|spe|1
|
|-heal|p2a: Morpeko|7/100 tox|[from] item: Leftovers
|-damage|p2a: Morpeko|0 fnt|[from] psn
|faint|p2a: Morpeko
|upkeep
|
|t:|1779953475
|switch|p2a: Entei|Entei|100/100
|turn|13
|
|t:|1779953485
|move|p1a: Blastoise|Aqua Jet|p2a: Entei
|-supereffective|p2a: Entei
|-damage|p2a: Entei|72/100
|move|p2a: Entei|Trailblaze|p1a: Blastoise
|-supereffective|p1a: Blastoise
|-crit|p1a: Blastoise
|-damage|p1a: Blastoise|0 fnt
|-boost|p2a: Entei|spe|1
|faint|p1a: Blastoise
|-damage|p2a: Entei|62/100|[from] item: Life Orb
|
|upkeep
|
|t:|1779953501
|switch|p1a: Ceruledge|Ceruledge, M|100/100
|turn|14
|
|t:|1779953527
|move|p2a: Entei|Iron Head|p1a: Ceruledge
|-resisted|p1a: Ceruledge
|-damage|p1a: Ceruledge|76/100
|-damage|p2a: Entei|53/100|[from] item: Life Orb
|move|p1a: Ceruledge|Dragon Claw|p2a: Entei
|-damage|p2a: Entei|13/100
|-damage|p1a: Ceruledge|67/100|[from] item: Life Orb
|
|upkeep
|turn|15
|
|t:|1779953539
|move|p2a: Entei|Iron Head|p1a: Ceruledge
|-resisted|p1a: Ceruledge
|-damage|p1a: Ceruledge|43/100
|-damage|p2a: Entei|3/100|[from] item: Life Orb
|cant|p1a: Ceruledge|flinch
|
|upkeep
|turn|16
|
|t:|1779953546
|move|p2a: Entei|Iron Head|p1a: Ceruledge
|-resisted|p1a: Ceruledge
|-damage|p1a: Ceruledge|19/100
|-damage|p2a: Entei|0 fnt|[from] item: Life Orb
|faint|p2a: Entei
|cant|p1a: Ceruledge|flinch
|
|upkeep
|
|t:|1779953556
|switch|p2a: Gyarados|Gyarados, M, shiny|100/100
|turn|17
|
|t:|1779953560
|move|p1a: Ceruledge|Destiny Bond|p1a: Ceruledge
|-singlemove|p1a: Ceruledge|Destiny Bond
|move|p2a: Gyarados|Dragon Dance|p2a: Gyarados
|-boost|p2a: Gyarados|atk|1
|-boost|p2a: Gyarados|spe|1
|
|upkeep
|turn|18
|
|t:|1779953576
|move|p2a: Gyarados|Dragon Dance|p2a: Gyarados
|-boost|p2a: Gyarados|atk|1
|-boost|p2a: Gyarados|spe|1
|move|p1a: Ceruledge|Dragon Claw|p2a: Gyarados
|-damage|p2a: Gyarados|50/100
|-damage|p1a: Ceruledge|9/100|[from] item: Life Orb
|
|upkeep
|turn|19
|
|t:|1779953587
|move|p2a: Gyarados|Waterfall|p1a: Ceruledge
|-supereffective|p1a: Ceruledge
|-damage|p1a: Ceruledge|0 fnt
|faint|p1a: Ceruledge
|-ability|p2a: Gyarados|Moxie|boost
|-boost|p2a: Gyarados|atk|1
|-damage|p2a: Gyarados|40/100|[from] item: Life Orb
|
|upkeep
|
|t:|1779953597
|switch|p1a: Regieleki|Regieleki|100/100
|turn|20
|
|t:|1779953614
|move|p1a: Regieleki|Extreme Speed|p2a: Gyarados
|-damage|p2a: Gyarados|7/100
|move|p2a: Gyarados|Earthquake|p1a: Regieleki
|-supereffective|p1a: Regieleki
|-damage|p1a: Regieleki|0 fnt
|faint|p1a: Regieleki
|-ability|p2a: Gyarados|Moxie|boost
|-boost|p2a: Gyarados|atk|1
|-damage|p2a: Gyarados|0 fnt|[from] item: Life Orb
|faint|p2a: Gyarados
|
|upkeep
|
|t:|1779953627
|switch|p1a: Cyclizar|Cyclizar, M, shiny|100/100
|switch|p2a: Mudsdale|Mudsdale, F|100/100
|turn|21
|inactive|jjtaggof has 120 seconds left.
|
|t:|1779953661
|move|p1a: Cyclizar|Dragon Claw|p2a: Mudsdale
|-damage|p2a: Mudsdale|74/100
|-ability|p2a: Mudsdale|Stamina|boost
|-boost|p2a: Mudsdale|def|1
|move|p2a: Mudsdale|Body Press|p1a: Cyclizar
|-supereffective|p1a: Cyclizar
|-damage|p1a: Cyclizar|14/100
|-damage|p2a: Mudsdale|58/100|[from] item: Rocky Helmet|[of] p1a: Cyclizar
|
|-heal|p2a: Mudsdale|64/100|[from] item: Leftovers
|upkeep
|turn|22
|
|t:|1779953675
|move|p1a: Cyclizar|Breaking Swipe|p2a: Mudsdale
|-damage|p2a: Mudsdale|52/100
|-unboost|p2a: Mudsdale|atk|1
|-ability|p2a: Mudsdale|Stamina|boost
|-boost|p2a: Mudsdale|def|1
|move|p2a: Mudsdale|Body Press|p1a: Cyclizar
|-supereffective|p1a: Cyclizar
|-damage|p1a: Cyclizar|0 fnt
|-damage|p2a: Mudsdale|35/100|[from] item: Rocky Helmet|[of] p1a: Cyclizar
|faint|p1a: Cyclizar
|
|win|jjtaggof
|raw|appleelppa98's rating: 1059 &rarr; <strong>1040</strong><br />(-19 for losing)
|raw|jjtaggof's rating: 1056 &rarr; <strong>1088</strong><br />(+32 for winning)
|l|☆jjtaggof
|player|p2|
|l|☆appleelppa98
|player|p1|
