|j|☆Computerzz
|j|☆medicang
|t:|1779858476
|gametype|singles
|player|p1|Computerzz|will|1435
|player|p2|medicang|101|1414
|gen|9
|tier|[Gen 9] OU
|rated|
|rule|HP Percentage Mod: HP is shown in percentages
|rule|Endless Battle Clause: Forcing endless battles is banned
|rule|Species Clause: Limit one of each Pokémon
|rule|OHKO Clause: OHKO moves are banned
|rule|Evasion Items Clause: Evasion items are banned
|rule|Evasion Moves Clause: Evasion moves are banned
|rule|Evasion Abilities Clause: Evasion abilities are banned
|rule|Sleep Moves Clause: Sleep-inducing moves are banned
|clearpoke
|poke|p1|Weavile, F|
|poke|p1|Hatterene, F|
|poke|p1|Primarina, M|
|poke|p1|Moltres|
|poke|p1|Gholdengo|
|poke|p1|Great Tusk|
|poke|p2|Hoopa|
|poke|p2|Cinderace, M|
|poke|p2|Mandibuzz, F|
|poke|p2|Kyurem|
|poke|p2|Ting-Lu|
|poke|p2|Manaphy|
|teampreview
|inactive|Battle timer is ON: inactive players will automatically lose when time's up. (requested by medicang)
|
|t:|1779858490
|teamsize|p1|6
|teamsize|p2|6
|start
|switch|p1a: Oof|Weavile, F|100/100
|switch|p2a: Cinderace|Cinderace, M|100/100
|turn|1
|
|t:|1779858497
|-terastallize|p1a: Oof|Dark
|move|p1a: Oof|Knock Off|p2a: Cinderace
|-damage|p2a: Cinderace|0 fnt
|-enditem|p2a: Cinderace|Charcoal|[from] move: Knock Off|[of] p1a: Oof
|faint|p2a: Cinderace
|
|upkeep
|
|t:|1779858507
|switch|p2a: Mandibuzz|Mandibuzz, F, shiny|100/100
|turn|2
|
|t:|1779858520
|switch|p1a: Hatterene|Hatterene, F|100/100
|switch|p2a: Hoopa|Hoopa|100/100
|
|upkeep
|turn|3
|
|t:|1779858524
|switch|p1a: Oof|Weavile, F, tera:Dark|100/100
|move|p2a: Hoopa|Substitute|p2a: Hoopa
|-start|p2a: Hoopa|Substitute
|-damage|p2a: Hoopa|76/100
|
|upkeep
|turn|4
|
|t:|1779858527
|move|p1a: Oof|Triple Axel|p2a: Hoopa
|-activate|p2a: Hoopa|move: Substitute|[damage]
|-end|p2a: Hoopa|Substitute
|-hitcount|p2a: Hoopa|2
|move|p2a: Hoopa|Focus Blast|p1a: Oof
|-supereffective|p1a: Oof
|-damage|p1a: Oof|0 fnt
|faint|p1a: Oof
|
|upkeep
|
|t:|1779858537
|switch|p1a: Primarina|Primarina, M|100/100
|turn|5
|
|t:|1779858551
|move|p2a: Hoopa|Calm Mind|p2a: Hoopa
|-boost|p2a: Hoopa|spa|1
|-boost|p2a: Hoopa|spd|1
|move|p1a: Primarina|Moonblast|p2a: Hoopa
|-damage|p2a: Hoopa|47/100
|-unboost|p2a: Hoopa|spa|1
|
|upkeep
|turn|6
|
|t:|1779858554
|move|p2a: Hoopa|Calm Mind|p2a: Hoopa
|-boost|p2a: Hoopa|spa|1
|-boost|p2a: Hoopa|spd|1
|move|p1a: Primarina|Surf|p2a: Hoopa
|-damage|p2a: Hoopa|28/100
|
|upkeep
|turn|7
|
|t:|1779858558
|move|p2a: Hoopa|Substitute|p2a: Hoopa
|-start|p2a: Hoopa|Substitute
|-damage|p2a: Hoopa|3/100
|-enditem|p2a: Hoopa|Aguav Berry|[eat]
|-heal|p2a: Hoopa|36/100|[from] item: Aguav Berry
|move|p1a: Primarina|Moonblast|p2a: Hoopa
|-activate|p2a: Hoopa|move: Substitute|[damage]
|
|upkeep
|turn|8
|
|t:|1779858563
|move|p2a: Hoopa|Shadow Ball|p1a: Primarina
|-damage|p1a: Primarina|59/100
|-item|p2a: Hoopa|Assault Vest|[from] ability: Magician|[of] p1a: Primarina
|move|p1a: Primarina|Moonblast|p2a: Hoopa
|-end|p2a: Hoopa|Substitute
|
|upkeep
|turn|9
|
|t:|1779858568
|move|p2a: Hoopa|Shadow Ball|p1a: Primarina
|-damage|p1a: Primarina|2/100
|-unboost|p1a: Primarina|spd|1
|move|p1a: Primarina|Moonblast|p2a: Hoopa
|-damage|p2a: Hoopa|22/100
|
|upkeep
|turn|10
|
|t:|1779858570
|move|p2a: Hoopa|Shadow Ball|p1a: Primarina
|-damage|p1a: Primarina|0 fnt
|faint|p1a: Primarina
|
|upkeep
|
|t:|1779858580
|switch|p1a: Gholdengo|Gholdengo, shiny|100/100
|turn|11
|
|t:|1779858584
|switch|p2a: Ting-Lucifer|Ting-Lu|100/100
|-ability|p2a: Ting-Lucifer|Vessel of Ruin
|move|p1a: Gholdengo|Shadow Ball|p2a: Ting-Lucifer
|-resisted|p2a: Ting-Lucifer
|-damage|p2a: Ting-Lucifer|89/100
|
|upkeep
|turn|12
|
|t:|1779858588
|switch|p1a: Hatterene|Hatterene, F|100/100
|move|p2a: Ting-Lucifer|Stone Edge|p1a: Hatterene
|-damage|p1a: Hatterene|74/100
|
|-heal|p1a: Hatterene|80/100|[from] item: Leftovers
|upkeep
|turn|13
|
|t:|1779858592
|move|p2a: Ting-Lucifer|Heavy Slam|p1a: Hatterene
|-supereffective|p1a: Hatterene
|-damage|p1a: Hatterene|16/100
|move|p1a: Hatterene|Draining Kiss|p2a: Ting-Lucifer
|-supereffective|p2a: Ting-Lucifer
|-damage|p2a: Ting-Lucifer|64/100
|-heal|p1a: Hatterene|45/100|[from] drain|[of] p2a: Ting-Lucifer
|-enditem|p2a: Ting-Lucifer|Weakness Policy
|-boost|p2a: Ting-Lucifer|atk|2|[from] item: Weakness Policy
|-boost|p2a: Ting-Lucifer|spa|2|[from] item: Weakness Policy
|
|-heal|p1a: Hatterene|51/100|[from] item: Leftovers
|upkeep
|turn|14
|
|t:|1779858598
|switch|p1a: Great Bust|Great Tusk, shiny|100/100
|move|p2a: Ting-Lucifer|Earthquake|p1a: Great Bust
|-damage|p1a: Great Bust|57/100
|
|upkeep
|turn|15
|
|t:|1779858608
|move|p1a: Great Bust|Stealth Rock|p2a: Ting-Lucifer
|-sidestart|p2: medicang|move: Stealth Rock
|move|p2a: Ting-Lucifer|Stealth Rock|p1a: Great Bust
|-sidestart|p1: Computerzz|move: Stealth Rock
|
|upkeep
|turn|16
|
|t:|1779858613
|move|p1a: Great Bust|Rapid Spin|p2a: Ting-Lucifer
|-damage|p2a: Ting-Lucifer|56/100
|-boost|p1a: Great Bust|spe|1
|-sideend|p1: Computerzz|Stealth Rock|[from] move: Rapid Spin|[of] p1a: Great Bust
|move|p2a: Ting-Lucifer|Earthquake|p1a: Great Bust
|-damage|p1a: Great Bust|12/100
|
|upkeep
|turn|17
|
|t:|1779858619
|move|p1a: Great Bust|Headlong Rush|p2a: Ting-Lucifer
|-damage|p2a: Ting-Lucifer|26/100
|-unboost|p1a: Great Bust|def|1
|-unboost|p1a: Great Bust|spd|1
|move|p2a: Ting-Lucifer|Heavy Slam|p1a: Great Bust
|-damage|p1a: Great Bust|0 fnt
|faint|p1a: Great Bust
|-end|p1a: Great Bust|Protosynthesis|[silent]
|
|upkeep
|
|t:|1779858629
|switch|p1a: Gholdengo|Gholdengo, shiny|100/100
|turn|18
|
|t:|1779858631
|move|p1a: Gholdengo|Focus Blast|p2a: Ting-Lucifer
|-supereffective|p2a: Ting-Lucifer
|-damage|p2a: Ting-Lucifer|0 fnt
|faint|p2a: Ting-Lucifer
|
|upkeep
|
|t:|1779858636
|switch|p2a: Mandibuzz|Mandibuzz, F, shiny|100/100
|-damage|p2a: Mandibuzz|76/100|[from] Stealth Rock
|turn|19
|
|t:|1779858640
|switch|p1a: Hatterene|Hatterene, F|51/100
|move|p2a: Mandibuzz|Defog|p1a: Hatterene
|move|p1a: Hatterene|Defog|p2a: Mandibuzz|[from] ability: Magic Bounce
|-unboost|p2a: Mandibuzz|evasion|1
|-sideend|p2: medicang|Stealth Rock|[from] move: Defog|[of] p1a: Hatterene
|
|-heal|p1a: Hatterene|57/100|[from] item: Leftovers
|upkeep
|turn|20
|
|t:|1779858643
|move|p2a: Mandibuzz|Foul Play|p1a: Hatterene
|-damage|p1a: Hatterene|39/100
|move|p1a: Hatterene|Draining Kiss|p2a: Mandibuzz
|-supereffective|p2a: Mandibuzz
|-damage|p2a: Mandibuzz|35/100
|-heal|p1a: Hatterene|78/100|[from] drain|[of] p2a: Mandibuzz
|-damage|p1a: Hatterene|62/100|[from] item: Rocky Helmet|[of] p2a: Mandibuzz
|
|-heal|p1a: Hatterene|68/100|[from] item: Leftovers
|upkeep
|turn|21
|
|t:|1779858652
|switch|p2a: Manaphy|Manaphy|100/100
|move|p1a: Hatterene|Draining Kiss|p2a: Manaphy
|-damage|p2a: Manaphy|80/100
|-heal|p1a: Hatterene|87/100|[from] drain|[of] p2a: Manaphy
|
|-heal|p2a: Manaphy|86/100|[from] item: Leftovers
|-heal|p1a: Hatterene|93/100|[from] item: Leftovers
|upkeep
|turn|22
|
|t:|1779858654
|move|p2a: Manaphy|Take Heart|p2a: Manaphy
|-boost|p2a: Manaphy|spa|1
|-boost|p2a: Manaphy|spd|1
|move|p1a: Hatterene|Calm Mind|p1a: Hatterene
|-boost|p1a: Hatterene|spa|1
|-boost|p1a: Hatterene|spd|1
|
|-heal|p2a: Manaphy|93/100|[from] item: Leftovers
|-heal|p1a: Hatterene|99/100|[from] item: Leftovers
|upkeep
|turn|23
|
|t:|1779858661
|move|p2a: Manaphy|Tail Glow|p2a: Manaphy
|-boost|p2a: Manaphy|spa|3
|move|p1a: Hatterene|Calm Mind|p1a: Hatterene
|-boost|p1a: Hatterene|spa|1
|-boost|p1a: Hatterene|spd|1
|
|-heal|p2a: Manaphy|99/100|[from] item: Leftovers
|-heal|p1a: Hatterene|100/100|[from] item: Leftovers
|upkeep
|turn|24
|
|t:|1779858665
|move|p2a: Manaphy|Scald|p1a: Hatterene
|-damage|p1a: Hatterene|51/100
|move|p1a: Hatterene|Psyshock|p2a: Manaphy
|-damage|p2a: Manaphy|35/100
|
|-heal|p2a: Manaphy|41/100|[from] item: Leftovers
|-heal|p1a: Hatterene|57/100|[from] item: Leftovers
|upkeep
|turn|25
|
|t:|1779858672
|move|p2a: Manaphy|Scald|p1a: Hatterene
|-damage|p1a: Hatterene|10/100
|-status|p1a: Hatterene|brn
|move|p1a: Hatterene|Psyshock|p2a: Manaphy
|-damage|p2a: Manaphy|0 fnt
|faint|p2a: Manaphy
|
|-heal|p1a: Hatterene|16/100 brn|[from] item: Leftovers
|-damage|p1a: Hatterene|10/100 brn|[from] brn
|upkeep
|
|t:|1779858677
|switch|p2a: Hoopa|Hoopa|22/100
|turn|26
|
|t:|1779858680
|move|p2a: Hoopa|Shadow Ball|p1a: Hatterene
|-supereffective|p1a: Hatterene
|-damage|p1a: Hatterene|0 fnt
|faint|p1a: Hatterene
|
|upkeep
|
|t:|1779858682
|switch|p1a: Gholdengo|Gholdengo, shiny|100/100
|turn|27
|
|t:|1779858686
|move|p1a: Gholdengo|Trick|p2a: Hoopa
|-activate|p1a: Gholdengo|move: Trick|[of] p2a: Hoopa
|-item|p2a: Hoopa|Choice Scarf|[from] move: Trick
|-item|p1a: Gholdengo|Assault Vest|[from] move: Trick
|move|p2a: Hoopa|Shadow Ball|p1a: Gholdengo
|-supereffective|p1a: Gholdengo
|-damage|p1a: Gholdengo|24/100
|-unboost|p1a: Gholdengo|spd|1
|
|upkeep
|turn|28
|
|t:|1779858691
|switch|p1a: 30%|Moltres|100/100
|move|p2a: Hoopa|Shadow Ball|p1a: 30%
|-damage|p1a: 30%|53/100
|
|upkeep
|turn|29
|
|t:|1779858695
|move|p2a: Hoopa|Shadow Ball|p1a: 30%
|-damage|p1a: 30%|0 fnt
|faint|p1a: 30%
|
|upkeep
|-message|Computerzz forfeited.
|
|win|medicang
|raw|Computerzz's rating: 1435 &rarr; <strong>1414</strong><br />(-21 for losing)
|raw|medicang's rating: 1414 &rarr; <strong>1435</strong><br />(+21 for winning)
|l|☆Computerzz
|player|p1|
|l|☆medicang
|player|p2|
