|j|☆bigyou
|j|☆moths in turmoil
|t:|1779918060
|gametype|singles
|player|p1|bigyou|265|1010
|player|p2|moths in turmoil|n|1000
|gen|9
|tier|[Gen 9] OU
|rated|
|rule|HP Percentage Mod: HP is shown in percentages
|rule|Endless Battle Clause: Forcing endless battles is banned
|rule|Species Clause: Limit one of each Pokémon
|rule|OHKO Clause: OHKO moves are banned
|rule|Evasion Items Clause: Evasion items are banned
|rule|Evasion Moves Clause: Evasion moves are banned
|rule|Evasion Abilities Clause: Evasion abilities are banned
|rule|Sleep Moves Clause: Sleep-inducing moves are banned
|clearpoke
|poke|p1|Smeargle, F|
|poke|p1|Tyranitar, M|
|poke|p1|Great Tusk|
|poke|p1|Glimmora, F|
|poke|p1|Gholdengo|
|poke|p1|Cloyster, M|
|poke|p2|Glimmora, F|
|poke|p2|Toxapex, F|
|poke|p2|Slowking-Galar, M|
|poke|p2|Skeledirge, M|
|poke|p2|Gholdengo|
|poke|p2|Dragapult, F|
|teampreview
|
|t:|1779918071
|teamsize|p1|6
|teamsize|p2|6
|start
|switch|p1a: Cloyster|Cloyster, M|100/100
|switch|p2a: Moglixic|Glimmora, F|100/100
|turn|1
|
|t:|1779918080
|move|p2a: Moglixic|Power Gem|p1a: Cloyster
|-supereffective|p1a: Cloyster
|-damage|p1a: Cloyster|0 fnt
|faint|p1a: Cloyster
|
|upkeep
|
|t:|1779918093
|switch|p1a: Great Tusk|Great Tusk|100/100
|-enditem|p1a: Great Tusk|Booster Energy
|-activate|p1a: Great Tusk|ability: Protosynthesis|[fromitem]
|-start|p1a: Great Tusk|protosynthesisdef
|turn|2
|
|t:|1779918109
|move|p2a: Moglixic|Mortal Spin|p1a: Great Tusk
|-resisted|p1a: Great Tusk
|-crit|p1a: Great Tusk
|-damage|p1a: Great Tusk|98/100
|-status|p1a: Great Tusk|psn
|move|p1a: Great Tusk|Earthquake|p2a: Moglixic
|-supereffective|p2a: Moglixic
|-enditem|p2a: Moglixic|Focus Sash
|-damage|p2a: Moglixic|1/100
|-activate|p2a: Moglixic|ability: Toxic Debris
|-sidestart|p1: bigyou|move: Toxic Spikes
|
|-damage|p1a: Great Tusk|86/100 psn|[from] psn
|upkeep
|turn|3
|
|t:|1779918136
|switch|p2a: Dokufu|Toxapex, F|100/100
|move|p1a: Great Tusk|Rapid Spin|p2a: Dokufu
|-damage|p2a: Dokufu|90/100
|-boost|p1a: Great Tusk|spe|1
|-damage|p1a: Great Tusk|69/100 psn|[from] item: Rocky Helmet|[of] p2a: Dokufu
|-sideend|p1: bigyou|Toxic Spikes|[from] move: Rapid Spin|[of] p1a: Great Tusk
|
|-damage|p1a: Great Tusk|57/100 psn|[from] psn
|upkeep
|turn|4
|
|t:|1779918142
|move|p2a: Dokufu|Baneful Bunker|p2a: Dokufu
|-singleturn|p2a: Dokufu|move: Protect
|move|p1a: Great Tusk|Bulk Up|p1a: Great Tusk
|-boost|p1a: Great Tusk|atk|1
|-boost|p1a: Great Tusk|def|1
|
|-damage|p1a: Great Tusk|44/100 psn|[from] psn
|upkeep
|turn|5
|
|t:|1779918149
|move|p1a: Great Tusk|Earthquake|p2a: Dokufu
|-supereffective|p2a: Dokufu
|-damage|p2a: Dokufu|9/100
|move|p2a: Dokufu|Haze|p2a: Dokufu
|-clearallboost
|
|-damage|p1a: Great Tusk|32/100 psn|[from] psn
|upkeep
|turn|6
|
|t:|1779918165
|switch|p2a: Moglixic|Glimmora, F|1/100
|move|p1a: Great Tusk|Earthquake|p2a: Moglixic
|-supereffective|p2a: Moglixic
|-damage|p2a: Moglixic|0 fnt
|-activate|p2a: Moglixic|ability: Toxic Debris
|-sidestart|p1: bigyou|move: Toxic Spikes
|faint|p2a: Moglixic
|
|-damage|p1a: Great Tusk|20/100 psn|[from] psn
|upkeep
|
|t:|1779918174
|switch|p2a: Dokufu|Toxapex, F|43/100
|turn|7
|
|t:|1779918193
|move|p2a: Dokufu|Baneful Bunker|p2a: Dokufu
|-singleturn|p2a: Dokufu|move: Protect
|move|p1a: Great Tusk|Rapid Spin|p2a: Dokufu
|-activate|p2a: Dokufu|move: Protect
|
|-damage|p1a: Great Tusk|7/100 psn|[from] psn
|upkeep
|turn|8
|inactive|Battle timer is ON: inactive players will automatically lose when time's up. (requested by moths in turmoil)
|inactive|moths in turmoil has 120 seconds left.
|
|t:|1779918254
|-terastallize|p2a: Dokufu|Water
|move|p1a: Great Tusk|Rapid Spin|p2a: Dokufu
|-damage|p2a: Dokufu|33/100
|-boost|p1a: Great Tusk|spe|1
|-damage|p1a: Great Tusk|0 fnt|[from] item: Rocky Helmet|[of] p2a: Dokufu
|faint|p1a: Great Tusk
|-end|p1a: Great Tusk|Protosynthesis|[silent]
|move|p2a: Dokufu|Recover|p2a: Dokufu
|-heal|p2a: Dokufu|83/100
|
|upkeep
|
|t:|1779918273
|switch|p1a: Smeargle|Smeargle, F|100/100
|-status|p1a: Smeargle|psn
|turn|9
|
|t:|1779918282
|move|p2a: Dokufu|Baneful Bunker|p2a: Dokufu
|-singleturn|p2a: Dokufu|move: Protect
|move|p1a: Smeargle|Perish Song|p1a: Smeargle
|-start|p1a: Smeargle|perish3|[silent]
|-start|p2a: Dokufu|perish3|[silent]
|-fieldactivate|move: Perish Song
|
|-damage|p1a: Smeargle|88/100 psn|[from] psn
|-start|p1a: Smeargle|perish3
|-start|p2a: Dokufu|perish3
|upkeep
|turn|10
|
|t:|1779918301
|switch|p2a: Lumgubre|Skeledirge, M|100/100
|move|p1a: Smeargle|Spikes|p2a: Lumgubre
|-sidestart|p2: moths in turmoil|Spikes
|
|-damage|p1a: Smeargle|76/100 psn|[from] psn
|-start|p1a: Smeargle|perish2
|upkeep
|turn|11
|
|t:|1779918322
|move|p1a: Smeargle|Perish Song|p1a: Smeargle
|-start|p2a: Lumgubre|perish3|[silent]
|-fieldactivate|move: Perish Song
|move|p2a: Lumgubre|Torch Song|p1a: Smeargle
|-damage|p1a: Smeargle|11/100 psn
|-boost|p2a: Lumgubre|spa|1
|-enditem|p2a: Lumgubre|Throat Spray
|-boost|p2a: Lumgubre|spa|1|[from] item: Throat Spray
|
|-damage|p1a: Smeargle|0 fnt|[from] psn
|faint|p1a: Smeargle
|-start|p2a: Lumgubre|perish3
|upkeep
|
|t:|1779918333
|switch|p1a: Tyranitar|Tyranitar, M|100/100
|-status|p1a: Tyranitar|psn
|-weather|Sandstorm|[from] ability: Sand Stream|[of] p1a: Tyranitar
|turn|12
|
|t:|1779918351
|move|p1a: Tyranitar|Dragon Dance|p1a: Tyranitar
|-boost|p1a: Tyranitar|atk|1
|-boost|p1a: Tyranitar|spe|1
|move|p2a: Lumgubre|Hex|p1a: Tyranitar
|-resisted|p1a: Tyranitar
|-damage|p1a: Tyranitar|69/100 psn
|
|-weather|Sandstorm|[upkeep]
|-damage|p2a: Lumgubre|94/100|[from] Sandstorm
|-heal|p1a: Tyranitar|75/100 psn|[from] item: Leftovers
|-damage|p1a: Tyranitar|62/100 psn|[from] psn
|-start|p2a: Lumgubre|perish2
|upkeep
|turn|13
|
|t:|1779918374
|switch|p2a: Dokufu|Toxapex, F, tera:Water|100/100
|-damage|p2a: Dokufu|88/100|[from] Spikes
|move|p1a: Tyranitar|Dragon Dance|p1a: Tyranitar
|-boost|p1a: Tyranitar|atk|1
|-boost|p1a: Tyranitar|spe|1
|
|-weather|Sandstorm|[upkeep]
|-damage|p2a: Dokufu|82/100|[from] Sandstorm
|-heal|p1a: Tyranitar|69/100 psn|[from] item: Leftovers
|-damage|p1a: Tyranitar|56/100 psn|[from] psn
|upkeep
|turn|14
|
|t:|1779918387
|move|p1a: Tyranitar|Thunder Punch|p2a: Dokufu
|-supereffective|p2a: Dokufu
|-damage|p2a: Dokufu|20/100
|-damage|p1a: Tyranitar|40/100 psn|[from] item: Rocky Helmet|[of] p2a: Dokufu
|move|p2a: Dokufu|Haze|p2a: Dokufu
|-clearallboost
|
|-weather|Sandstorm|[upkeep]
|-damage|p2a: Dokufu|14/100|[from] Sandstorm
|-heal|p1a: Tyranitar|46/100 psn|[from] item: Leftovers
|-damage|p1a: Tyranitar|34/100 psn|[from] psn
|upkeep
|turn|15
|
|t:|1779918402
|switch|p2a: Lumgubre|Skeledirge, M|94/100
|-damage|p2a: Lumgubre|82/100|[from] Spikes
|move|p1a: Tyranitar|Thunder Punch|p2a: Lumgubre
|-damage|p2a: Lumgubre|67/100
|
|-weather|Sandstorm|[upkeep]
|-damage|p2a: Lumgubre|60/100|[from] Sandstorm
|-heal|p1a: Tyranitar|40/100 psn|[from] item: Leftovers
|-damage|p1a: Tyranitar|27/100 psn|[from] psn
|upkeep
|turn|16
|
|t:|1779918409
|move|p1a: Tyranitar|Rock Slide|p2a: Lumgubre
|-supereffective|p2a: Lumgubre
|-damage|p2a: Lumgubre|15/100
|move|p2a: Lumgubre|Slack Off|p2a: Lumgubre
|-heal|p2a: Lumgubre|65/100
|
|-weather|none
|-heal|p1a: Tyranitar|34/100 psn|[from] item: Leftovers
|-damage|p1a: Tyranitar|21/100 psn|[from] psn
|upkeep
|turn|17
|
|t:|1779918418
|move|p1a: Tyranitar|Rock Slide|p2a: Lumgubre
|-supereffective|p2a: Lumgubre
|-damage|p2a: Lumgubre|19/100
|move|p2a: Lumgubre|Slack Off|p2a: Lumgubre
|-heal|p2a: Lumgubre|69/100
|
|-heal|p1a: Tyranitar|27/100 psn|[from] item: Leftovers
|-damage|p1a: Tyranitar|15/100 psn|[from] psn
|upkeep
|turn|18
|
|t:|1779918434
|move|p1a: Tyranitar|Dragon Dance|p1a: Tyranitar
|-boost|p1a: Tyranitar|atk|1
|-boost|p1a: Tyranitar|spe|1
|move|p2a: Lumgubre|Slack Off|p2a: Lumgubre
|-heal|p2a: Lumgubre|100/100
|
|-heal|p1a: Tyranitar|21/100 psn|[from] item: Leftovers
|-damage|p1a: Tyranitar|9/100 psn|[from] psn
|upkeep
|turn|19
|
|t:|1779918446
|switch|p2a: AuGhoul|Gholdengo, shiny|100/100
|-damage|p2a: AuGhoul|88/100|[from] Spikes
|move|p1a: Tyranitar|Rock Slide|p2a: AuGhoul
|-resisted|p2a: AuGhoul
|-damage|p2a: AuGhoul|65/100
|
|-heal|p1a: Tyranitar|15/100 psn|[from] item: Leftovers
|-heal|p2a: AuGhoul|71/100|[from] item: Leftovers
|-damage|p1a: Tyranitar|3/100 psn|[from] psn
|upkeep
|turn|20
|
|t:|1779918463
|move|p1a: Tyranitar|Thunder Punch|p2a: AuGhoul
|-damage|p2a: AuGhoul|38/100
|move|p2a: AuGhoul|Nasty Plot|p2a: AuGhoul
|-boost|p2a: AuGhoul|spa|2
|
|-heal|p1a: Tyranitar|9/100 psn|[from] item: Leftovers
|-heal|p2a: AuGhoul|44/100|[from] item: Leftovers
|-damage|p1a: Tyranitar|0 fnt|[from] psn
|faint|p1a: Tyranitar
|upkeep
|
|t:|1779918485
|switch|p1a: Gholdengo|Gholdengo|100/100
|-item|p1a: Gholdengo|Air Balloon
|turn|21
|
|t:|1779918495
|-terastallize|p1a: Gholdengo|Steel
|move|p1a: Gholdengo|Shadow Ball|p2a: AuGhoul
|-supereffective|p2a: AuGhoul
|-damage|p2a: AuGhoul|0 fnt
|faint|p2a: AuGhoul
|
|upkeep
|inactive|moths in turmoil has 120 seconds left.
|
|t:|1779918519
|switch|p2a: Apytykuevai|Slowking-Galar, M|100/100
|-damage|p2a: Apytykuevai|88/100|[from] Spikes
|turn|22
|
|t:|1779918523
|move|p1a: Gholdengo|Shadow Ball|p2a: Apytykuevai
|-supereffective|p2a: Apytykuevai
|-damage|p2a: Apytykuevai|49/100
|move|p2a: Apytykuevai|Flamethrower|p1a: Gholdengo
|-supereffective|p1a: Gholdengo
|-damage|p1a: Gholdengo|48/100
|-enditem|p1a: Gholdengo|Air Balloon
|
|upkeep
|turn|23
|
|t:|1779918532
|move|p1a: Gholdengo|Shadow Ball|p2a: Apytykuevai
|-supereffective|p2a: Apytykuevai
|-damage|p2a: Apytykuevai|6/100
|move|p2a: Apytykuevai|Flamethrower|p1a: Gholdengo
|-supereffective|p1a: Gholdengo
|-damage|p1a: Gholdengo|0 fnt
|faint|p1a: Gholdengo
|
|upkeep
|
|t:|1779918536
|switch|p1a: Glimmora|Glimmora, F|100/100
|-item|p1a: Glimmora|Air Balloon
|turn|24
|
|t:|1779918541
|move|p1a: Glimmora|Mortal Spin|p2a: Apytykuevai
|-resisted|p2a: Apytykuevai
|-damage|p2a: Apytykuevai|3/100
|-sideend|p1: bigyou|Toxic Spikes|[from] move: Mortal Spin|[of] p1a: Glimmora
|move|p2a: Apytykuevai|Future Sight|p1a: Glimmora
|-start|p2a: Apytykuevai|move: Future Sight
|
|upkeep
|turn|25
|
|t:|1779918555
|move|p1a: Glimmora|Power Gem|p2a: Apytykuevai
|-damage|p2a: Apytykuevai|0 fnt
|faint|p2a: Apytykuevai
|
|upkeep
|
|t:|1779918563
|switch|p2a: Dokufu|Toxapex, F, tera:Water|47/100
|-damage|p2a: Dokufu|34/100|[from] Spikes
|turn|26
|
|t:|1779918567
|move|p1a: Glimmora|Energy Ball|p2a: Dokufu
|-supereffective|p2a: Dokufu
|-damage|p2a: Dokufu|0 fnt
|faint|p2a: Dokufu
|
|-end|p1a: Glimmora|move: Future Sight
|-supereffective|p1a: Glimmora
|-damage|p1a: Glimmora|0 fnt
|-enditem|p1a: Glimmora|Air Balloon
|faint|p1a: Glimmora
|
|win|moths in turmoil
|raw|bigyou's rating: 1010 &rarr; <strong>1000</strong><br />(-10 for losing)
|raw|moths in turmoil's rating: 1000 &rarr; <strong>1041</strong><br />(+41 for winning)
|l|☆bigyou
|player|p1|
