|j|☆Ophuxius
|j|☆claudechamp
|t:|1779885387
|gametype|singles
|player|p1|Ophuxius|brycenman|1295
|player|p2|claudechamp|169|1356
|gen|9
|tier|[Gen 9] OU
|rated|
|rule|HP Percentage Mod: HP is shown in percentages
|rule|Endless Battle Clause: Forcing endless battles is banned
|rule|Species Clause: Limit one of each Pokémon
|rule|OHKO Clause: OHKO moves are banned
|rule|Evasion Items Clause: Evasion items are banned
|rule|Evasion Moves Clause: Evasion moves are banned
|rule|Evasion Abilities Clause: Evasion abilities are banned
|rule|Sleep Moves Clause: Sleep-inducing moves are banned
|clearpoke
|poke|p1|Meowscarada, F|
|poke|p1|Zapdos|
|poke|p1|Alomomola, F|
|poke|p1|Dragapult, F|
|poke|p1|Clefable, F|
|poke|p1|Cinderace, M|
|poke|p2|Gliscor, F|
|poke|p2|Gholdengo|
|poke|p2|Zamazenta-*|
|poke|p2|Blissey, F|
|poke|p2|Skarmory, M|
|poke|p2|Pecharunt|
|teampreview
|inactive|Battle timer is ON: inactive players will automatically lose when time's up. (requested by Ophuxius)
|c|☆claudechamp|hf
|
|t:|1779885397
|teamsize|p1|6
|teamsize|p2|6
|start
|switch|p1a: Clefable|Clefable, F|100/100
|switch|p2a: Skarmory|Skarmory, M|100/100
|turn|1
|c|☆Ophuxius|u2
|inactive|claudechamp also wants the timer to be on.
|
|t:|1779885405
|move|p2a: Skarmory|Spikes|p1a: Clefable
|-sidestart|p1: Ophuxius|Spikes
|move|p1a: Clefable|Stealth Rock|p2a: Skarmory
|-sidestart|p2: claudechamp|move: Stealth Rock
|
|upkeep
|turn|2
|
|t:|1779885410
|switch|p1a: Cinderace|Cinderace, M|100/100
|move|p2a: Skarmory|Spikes|p1a: Cinderace
|-sidestart|p1: Ophuxius|Spikes
|
|upkeep
|turn|3
|
|t:|1779885417
|switch|p2a: Gliscor|Gliscor, F|100/100
|-damage|p2a: Gliscor|88/100|[from] Stealth Rock
|move|p1a: Cinderace|Pyro Ball|p2a: Gliscor
|-damage|p2a: Gliscor|43/100
|
|-status|p2a: Gliscor|tox|[from] item: Toxic Orb
|upkeep
|turn|4
|
|t:|1779885423
|move|p2a: Gliscor|Protect|p2a: Gliscor
|-singleturn|p2a: Gliscor|Protect
|move|p1a: Cinderace|U-turn|p2a: Gliscor
|-start|p1a: Cinderace|typechange|Bug|[from] ability: Libero
|-activate|p2a: Gliscor|move: Protect
|
|-heal|p2a: Gliscor|55/100 tox|[from] ability: Poison Heal
|upkeep
|turn|5
|
|t:|1779885427
|move|p1a: Cinderace|U-turn|p2a: Gliscor
|-resisted|p2a: Gliscor
|-damage|p2a: Gliscor|41/100 tox
|
|t:|1779885430
|switch|p1a: Clefable|Clefable, F|100/100|[from] U-turn
|move|p2a: Gliscor|Knock Off|p1a: Clefable
|-resisted|p1a: Clefable
|-damage|p1a: Clefable|88/100
|-enditem|p1a: Clefable|Heavy-Duty Boots|[from] move: Knock Off|[of] p2a: Gliscor
|
|-heal|p2a: Gliscor|54/100 tox|[from] ability: Poison Heal
|upkeep
|turn|6
|
|t:|1779885439
|move|p2a: Gliscor|Swords Dance|p2a: Gliscor
|-boost|p2a: Gliscor|atk|2
|move|p1a: Clefable|Encore|p2a: Gliscor
|-start|p2a: Gliscor|Encore
|
|-heal|p2a: Gliscor|66/100 tox|[from] ability: Poison Heal
|upkeep
|turn|7
|
|t:|1779885445
|switch|p2a: Zamazenta|Zamazenta|100/100
|-ability|p2a: Zamazenta|Dauntless Shield|boost
|-boost|p2a: Zamazenta|def|1
|move|p1a: Clefable|Ice Beam|p2a: Zamazenta
|-damage|p2a: Zamazenta|76/100
|-status|p2a: Zamazenta|frz
|
|upkeep
|turn|8
|
|t:|1779885452
|cant|p2a: Zamazenta|frz
|move|p1a: Clefable|Moonblast|p2a: Zamazenta
|-supereffective|p2a: Zamazenta
|-damage|p2a: Zamazenta|1/100 frz
|-unboost|p2a: Zamazenta|spa|1
|
|upkeep
|turn|9
|
|t:|1779885463
|switch|p2a: Blissey|Blissey, F|100/100
|move|p1a: Clefable|Ice Beam|p2a: Blissey
|-damage|p2a: Blissey|92/100
|
|upkeep
|turn|10
|
|t:|1779885471
|switch|p1a: Meowscarada|Meowscarada, F|100/100
|move|p2a: Blissey|Stealth Rock|p1a: Meowscarada
|-sidestart|p1: Ophuxius|move: Stealth Rock
|
|upkeep
|turn|11
|
|t:|1779885484
|switch|p2a: Gliscor|Gliscor, F|66/100 tox
|-damage|p2a: Gliscor|54/100 tox|[from] Stealth Rock
|move|p1a: Meowscarada|Knock Off|p2a: Gliscor
|-start|p1a: Meowscarada|typechange|Dark|[from] ability: Protean
|-damage|p2a: Gliscor|15/100 tox
|-enditem|p2a: Gliscor|Toxic Orb|[from] move: Knock Off|[of] p1a: Meowscarada
|
|-heal|p2a: Gliscor|28/100 tox|[from] ability: Poison Heal
|upkeep
|turn|12
|
|t:|1779885497
|-terastallize|p2a: Gliscor|Dark
|move|p1a: Meowscarada|Flower Trick|p2a: Gliscor
|-crit|p2a: Gliscor
|-damage|p2a: Gliscor|2/100 tox
|move|p2a: Gliscor|Earthquake|p1a: Meowscarada
|-damage|p1a: Meowscarada|49/100
|
|-heal|p2a: Gliscor|14/100 tox|[from] ability: Poison Heal
|upkeep
|turn|13
|
|t:|1779885514
|switch|p1a: Alomomola|Alomomola, F|100/100
|move|p2a: Gliscor|Protect||[still]
|-fail|p2a: Gliscor
|
|-heal|p2a: Gliscor|27/100 tox|[from] ability: Poison Heal
|upkeep
|turn|14
|
|t:|1779885525
|move|p2a: Gliscor|Earthquake|p1a: Alomomola
|-damage|p1a: Alomomola|83/100
|move|p1a: Alomomola|Wish|p1a: Alomomola
|
|-heal|p2a: Gliscor|39/100 tox|[from] ability: Poison Heal
|upkeep
|turn|15
|
|t:|1779885537
|move|p2a: Gliscor|Swords Dance|p2a: Gliscor
|-boost|p2a: Gliscor|atk|2
|move|p1a: Alomomola|Flip Turn|p2a: Gliscor
|-damage|p2a: Gliscor|27/100 tox
|
|t:|1779885540
|switch|p1a: Meowscarada|Meowscarada, F|49/100|[from] Flip Turn
|
|-heal|p1a: Meowscarada|100/100|[from] move: Wish|[wisher] Alomomola
|-heal|p2a: Gliscor|40/100 tox|[from] ability: Poison Heal
|upkeep
|turn|16
|
|t:|1779885548
|move|p2a: Gliscor|Protect|p2a: Gliscor
|-singleturn|p2a: Gliscor|Protect
|move|p1a: Meowscarada|U-turn|p2a: Gliscor
|-start|p1a: Meowscarada|typechange|Bug|[from] ability: Protean
|-activate|p2a: Gliscor|move: Protect
|
|-heal|p2a: Gliscor|52/100 tox|[from] ability: Poison Heal
|upkeep
|turn|17
|
|t:|1779885552
|switch|p2a: Pecharunt|Pecharunt|100/100
|move|p1a: Meowscarada|U-turn|p2a: Pecharunt
|-resisted|p2a: Pecharunt
|-damage|p2a: Pecharunt|97/100
|
|t:|1779885562
|switch|p1a: Dragapult|Dragapult, F|100/100|[from] U-turn
|-damage|p1a: Dragapult|84/100|[from] Spikes
|-damage|p1a: Dragapult|72/100|[from] Stealth Rock
|
|upkeep
|turn|18
|
|t:|1779885574
|move|p1a: Dragapult|Phantom Force||[still]
|-prepare|p1a: Dragapult|Phantom Force
|move|p2a: Pecharunt|Shadow Ball|p1a: Dragapult|[miss]
|-miss|p2a: Pecharunt|p1a: Dragapult
|
|upkeep
|turn|19
|
|t:|1779885583
|move|p1a: Dragapult|Phantom Force|p2a: Pecharunt|[from] lockedmove
|-supereffective|p2a: Pecharunt
|-damage|p2a: Pecharunt|41/100
|-damage|p1a: Dragapult|62/100|[from] item: Life Orb
|move|p2a: Pecharunt|Shadow Ball|p1a: Dragapult
|-supereffective|p1a: Dragapult
|-damage|p1a: Dragapult|0 fnt
|faint|p1a: Dragapult
|
|upkeep
|
|t:|1779885594
|switch|p1a: Meowscarada|Meowscarada, F|100/100
|turn|20
|
|t:|1779885599
|switch|p2a: Skarmory|Skarmory, M|100/100
|move|p1a: Meowscarada|Knock Off|p2a: Skarmory
|-start|p1a: Meowscarada|typechange|Dark|[from] ability: Protean
|-damage|p2a: Skarmory|72/100
|-enditem|p2a: Skarmory|Heavy-Duty Boots|[from] move: Knock Off|[of] p1a: Meowscarada
|
|upkeep
|turn|21
|
|t:|1779885611
|move|p1a: Meowscarada|U-turn|p2a: Skarmory
|-resisted|p2a: Skarmory
|-damage|p2a: Skarmory|68/100
|
|t:|1779885613
|switch|p1a: Zapdos|Zapdos|100/100|[from] U-turn
|move|p2a: Skarmory|Body Press|p1a: Zapdos
|-resisted|p1a: Zapdos
|-damage|p1a: Zapdos|85/100
|-status|p2a: Skarmory|par|[from] ability: Static|[of] p1a: Zapdos
|
|upkeep
|turn|22
|
|t:|1779885623
|switch|p2a: Gliscor|Gliscor, F, tera:Dark|52/100 tox
|-damage|p2a: Gliscor|40/100 tox|[from] Stealth Rock
|move|p1a: Zapdos|Discharge|p2a: Gliscor
|-damage|p2a: Gliscor|0 fnt
|faint|p2a: Gliscor
|
|upkeep
|
|t:|1779885632
|switch|p2a: Blissey|Blissey, F|92/100
|turn|23
|
|t:|1779885644
|move|p1a: Zapdos|U-turn|p2a: Blissey
|-damage|p2a: Blissey|78/100
|
|t:|1779885647
|switch|p1a: Meowscarada|Meowscarada, F|100/100|[from] U-turn
|move|p2a: Blissey|Calm Mind|p2a: Blissey
|-boost|p2a: Blissey|spa|1
|-boost|p2a: Blissey|spd|1
|
|upkeep
|turn|24
|
|t:|1779885662
|move|p1a: Meowscarada|Knock Off|p2a: Blissey
|-start|p1a: Meowscarada|typechange|Dark|[from] ability: Protean
|-damage|p2a: Blissey|30/100
|-enditem|p2a: Blissey|Heavy-Duty Boots|[from] move: Knock Off|[of] p1a: Meowscarada
|move|p2a: Blissey|Soft-Boiled|p2a: Blissey
|-heal|p2a: Blissey|80/100
|
|upkeep
|turn|25
|
|t:|1779885676
|move|p1a: Meowscarada|U-turn|p2a: Blissey
|-damage|p2a: Blissey|57/100
|
|t:|1779885678
|switch|p1a: Clefable|Clefable, F|88/100|[from] U-turn
|-damage|p1a: Clefable|72/100|[from] Spikes
|-damage|p1a: Clefable|59/100|[from] Stealth Rock
|move|p2a: Blissey|Soft-Boiled|p2a: Blissey
|-heal|p2a: Blissey|100/100
|
|upkeep
|turn|26
|
|t:|1779885689
|move|p1a: Clefable|Encore|p2a: Blissey
|-start|p2a: Blissey|Encore
|move|p2a: Blissey|Soft-Boiled||[still]
|-fail|p2a: Blissey|heal
|
|upkeep
|turn|27
|
|t:|1779885703
|switch|p1a: Alomomola|Alomomola, F|100/100
|switch|p2a: Pecharunt|Pecharunt|41/100
|
|upkeep
|turn|28
|
|t:|1779885712
|move|p2a: Pecharunt|Recover|p2a: Pecharunt
|-heal|p2a: Pecharunt|91/100
|move|p1a: Alomomola|Wish|p1a: Alomomola
|
|upkeep
|turn|29
|
|t:|1779885727
|move|p2a: Pecharunt|Toxic|p1a: Alomomola
|-status|p1a: Alomomola|tox
|-start|p1a: Alomomola|confusion|[from] ability: Poison Puppeteer|[of] p2a: Pecharunt
|-activate|p1a: Alomomola|confusion
|move|p1a: Alomomola|Flip Turn|p2a: Pecharunt
|-damage|p2a: Pecharunt|84/100
|
|t:|1779885734
|switch|p1a: Clefable|Clefable, F|59/100|[from] Flip Turn
|-damage|p1a: Clefable|43/100|[from] Spikes
|-damage|p1a: Clefable|30/100|[from] Stealth Rock
|
|-heal|p1a: Clefable|98/100|[from] move: Wish|[wisher] Alomomola
|upkeep
|turn|30
|
|t:|1779885749
|-terastallize|p1a: Clefable|Steel
|move|p2a: Pecharunt|Shadow Ball|p1a: Clefable
|-damage|p1a: Clefable|76/100
|move|p1a: Clefable|Ice Beam|p2a: Pecharunt
|-damage|p2a: Pecharunt|57/100
|
|upkeep
|turn|31
|
|t:|1779885765
|move|p2a: Pecharunt|Recover|p2a: Pecharunt
|-heal|p2a: Pecharunt|100/100
|move|p1a: Clefable|Ice Beam|p2a: Pecharunt
|-damage|p2a: Pecharunt|71/100
|
|upkeep
|turn|32
|
|t:|1779885775
|move|p2a: Pecharunt|Shadow Ball|p1a: Clefable
|-damage|p1a: Clefable|53/100
|move|p1a: Clefable|Ice Beam|p2a: Pecharunt
|-damage|p2a: Pecharunt|46/100
|
|upkeep
|turn|33
|
|t:|1779885791
|move|p2a: Pecharunt|Recover|p2a: Pecharunt
|-heal|p2a: Pecharunt|96/100
|move|p1a: Clefable|Encore|p2a: Pecharunt
|-start|p2a: Pecharunt|Encore
|
|upkeep
|turn|34
|
|t:|1779885810
|switch|p2a: Gholdengo|Gholdengo|100/100
|-damage|p2a: Gholdengo|94/100|[from] Stealth Rock
|switch|p1a: Meowscarada|Meowscarada, F|100/100
|
|upkeep
|turn|35
|
|t:|1779885821
|move|p1a: Meowscarada|Knock Off|p2a: Gholdengo
|-start|p1a: Meowscarada|typechange|Dark|[from] ability: Protean
|-supereffective|p2a: Gholdengo
|-damage|p2a: Gholdengo|31/100
|-enditem|p2a: Gholdengo|Ability Shield|[from] move: Knock Off|[of] p1a: Meowscarada
|move|p2a: Gholdengo|Recover|p2a: Gholdengo
|-heal|p2a: Gholdengo|81/100
|
|upkeep
|turn|36
|inactive|claudechamp has 120 seconds left.
|
|t:|1779885841
|move|p1a: Meowscarada|U-turn|p2a: Gholdengo
|-resisted|p2a: Gholdengo
|-damage|p2a: Gholdengo|77/100
|
|t:|1779885843
|switch|p1a: Cinderace|Cinderace, M|100/100|[from] U-turn
|move|p2a: Gholdengo|Thunder Wave|p1a: Cinderace|[miss]
|-miss|p2a: Gholdengo|p1a: Cinderace
|
|upkeep
|turn|37
|inactive|claudechamp has 120 seconds left.
|
|t:|1779885861
|switch|p2a: Pecharunt|Pecharunt|96/100
|move|p1a: Cinderace|Pyro Ball|p2a: Pecharunt
|-damage|p2a: Pecharunt|67/100
|
|upkeep
|turn|38
|inactive|claudechamp has 120 seconds left.
|
|t:|1779885877
|move|p1a: Cinderace|Sucker Punch||[still]
|-fail|p1a: Cinderace
|move|p2a: Pecharunt|Recover|p2a: Pecharunt
|-heal|p2a: Pecharunt|100/100
|
|upkeep
|turn|39
|inactive|claudechamp has 120 seconds left.
|
|t:|1779885887
|move|p1a: Cinderace|U-turn|p2a: Pecharunt
|-start|p1a: Cinderace|typechange|Bug|[from] ability: Libero
|-resisted|p2a: Pecharunt
|-damage|p2a: Pecharunt|97/100
|
|t:|1779885890
|switch|p1a: Alomomola|Alomomola, F|100/100 tox|[from] U-turn
|move|p2a: Pecharunt|Toxic|p1a: Alomomola
|-fail|p1a: Alomomola|tox
|
|-damage|p1a: Alomomola|94/100 tox|[from] psn
|upkeep
|turn|40
|
|t:|1779885901
|move|p2a: Pecharunt|Shadow Ball|p1a: Alomomola
|-damage|p1a: Alomomola|64/100 tox
|move|p1a: Alomomola|Wish|p1a: Alomomola
|
|-damage|p1a: Alomomola|52/100 tox|[from] psn
|upkeep
|turn|41
|
|t:|1779885912
|move|p2a: Pecharunt|Shadow Ball|p1a: Alomomola
|-damage|p1a: Alomomola|20/100 tox
|move|p1a: Alomomola|Flip Turn|p2a: Pecharunt
|-damage|p2a: Pecharunt|89/100
|
|t:|1779885915
|switch|p1a: Clefable|Clefable, F, tera:Steel|53/100|[from] Flip Turn
|-damage|p1a: Clefable|37/100|[from] Spikes
|-damage|p1a: Clefable|30/100|[from] Stealth Rock
|
|-heal|p1a: Clefable|98/100|[from] move: Wish|[wisher] Alomomola
|upkeep
|turn|42
|
|t:|1779885925
|move|p2a: Pecharunt|Shadow Ball|p1a: Clefable
|-damage|p1a: Clefable|75/100
|move|p1a: Clefable|Ice Beam|p2a: Pecharunt
|-damage|p2a: Pecharunt|62/100
|
|upkeep
|turn|43
|
|t:|1779885933
|move|p2a: Pecharunt|Recover|p2a: Pecharunt
|-heal|p2a: Pecharunt|100/100
|move|p1a: Clefable|Ice Beam|p2a: Pecharunt
|-damage|p2a: Pecharunt|74/100
|
|upkeep
|turn|44
|
|t:|1779885942
|move|p2a: Pecharunt|Shadow Ball|p1a: Clefable
|-damage|p1a: Clefable|52/100
|move|p1a: Clefable|Ice Beam|p2a: Pecharunt
|-damage|p2a: Pecharunt|47/100
|
|upkeep
|turn|45
|
|t:|1779885956
|move|p2a: Pecharunt|Recover|p2a: Pecharunt
|-heal|p2a: Pecharunt|97/100
|move|p1a: Clefable|Encore|p2a: Pecharunt
|-start|p2a: Pecharunt|Encore
|
|upkeep
|turn|46
|
|t:|1779885964
|switch|p2a: Gholdengo|Gholdengo|77/100
|-damage|p2a: Gholdengo|71/100|[from] Stealth Rock
|switch|p1a: Zapdos|Zapdos|85/100
|
|upkeep
|turn|47
|
|t:|1779885973
|move|p1a: Zapdos|Discharge|p2a: Gholdengo
|-damage|p2a: Gholdengo|29/100
|-status|p2a: Gholdengo|par
|move|p2a: Gholdengo|Recover|p2a: Gholdengo
|-heal|p2a: Gholdengo|79/100 par
|
|upkeep
|turn|48
|
|t:|1779885980
|switch|p2a: Blissey|Blissey, F|100/100
|-damage|p2a: Blissey|88/100|[from] Stealth Rock
|move|p1a: Zapdos|Discharge|p2a: Blissey
|-damage|p2a: Blissey|75/100
|-status|p2a: Blissey|par
|
|upkeep
|turn|49
|
|t:|1779885989
|move|p1a: Zapdos|U-turn|p2a: Blissey
|-damage|p2a: Blissey|60/100 par
|
|t:|1779885991
|switch|p1a: Alomomola|Alomomola, F|53/100 tox|[from] U-turn
|move|p2a: Blissey|Soft-Boiled|p2a: Blissey
|-heal|p2a: Blissey|100/100 par
|
|-damage|p1a: Alomomola|47/100 tox|[from] psn
|upkeep
|turn|50
|
|t:|1779886007
|-curestatus|p2a: Blissey|par|[from] ability: Natural Cure|[silent]
|switch|p2a: Pecharunt|Pecharunt|97/100
|move|p1a: Alomomola|Flip Turn|p2a: Pecharunt
|-damage|p2a: Pecharunt|89/100
|
|t:|1779886015
|switch|p1a: Meowscarada|Meowscarada, F|100/100|[from] Flip Turn
|
|upkeep
|turn|51
|
|t:|1779886027
|move|p1a: Meowscarada|Knock Off|p2a: Pecharunt
|-start|p1a: Meowscarada|typechange|Dark|[from] ability: Protean
|-supereffective|p2a: Pecharunt
|-damage|p2a: Pecharunt|43/100
|-enditem|p2a: Pecharunt|Heavy-Duty Boots|[from] move: Knock Off|[of] p1a: Meowscarada
|move|p2a: Pecharunt|Toxic|p1a: Meowscarada
|-status|p1a: Meowscarada|tox
|-start|p1a: Meowscarada|confusion|[from] ability: Poison Puppeteer|[of] p2a: Pecharunt
|
|-damage|p1a: Meowscarada|94/100 tox|[from] psn
|upkeep
|turn|52
|
|t:|1779886037
|-activate|p1a: Meowscarada|confusion
|-damage|p1a: Meowscarada|75/100 tox|[from] confusion
|move|p2a: Pecharunt|Recover|p2a: Pecharunt
|-heal|p2a: Pecharunt|93/100
|
|-damage|p1a: Meowscarada|63/100 tox|[from] psn
|upkeep
|turn|53
|
|t:|1779886048
|switch|p1a: Alomomola|Alomomola, F|80/100 tox
|move|p2a: Pecharunt|Shadow Ball|p1a: Alomomola
|-damage|p1a: Alomomola|48/100 tox
|
|-damage|p1a: Alomomola|42/100 tox|[from] psn
|upkeep
|turn|54
|
|t:|1779886060
|move|p2a: Pecharunt|Shadow Ball|p1a: Alomomola
|-damage|p1a: Alomomola|13/100 tox
|move|p1a: Alomomola|Wish|p1a: Alomomola
|
|-damage|p1a: Alomomola|1/100 tox|[from] psn
|upkeep
|turn|55
|
|t:|1779886073
|switch|p1a: Clefable|Clefable, F, tera:Steel|52/100
|-damage|p1a: Clefable|36/100|[from] Spikes
|-damage|p1a: Clefable|30/100|[from] Stealth Rock
|move|p2a: Pecharunt|Shadow Ball|p1a: Clefable
|-damage|p1a: Clefable|6/100
|
|-heal|p1a: Clefable|74/100|[from] move: Wish|[wisher] Alomomola
|upkeep
|turn|56
|
|t:|1779886084
|move|p2a: Pecharunt|Shadow Ball|p1a: Clefable
|-damage|p1a: Clefable|52/100
|move|p1a: Clefable|Ice Beam|p2a: Pecharunt
|-damage|p2a: Pecharunt|67/100
|
|upkeep
|turn|57
|
|t:|1779886096
|move|p2a: Pecharunt|Recover|p2a: Pecharunt
|-heal|p2a: Pecharunt|100/100
|move|p1a: Clefable|Ice Beam|p2a: Pecharunt
|-damage|p2a: Pecharunt|73/100
|
|upkeep
|turn|58
|
|t:|1779886107
|move|p2a: Pecharunt|Shadow Ball|p1a: Clefable
|-damage|p1a: Clefable|29/100
|move|p1a: Clefable|Ice Beam|p2a: Pecharunt
|-damage|p2a: Pecharunt|44/100
|
|upkeep
|turn|59
|
|t:|1779886118
|move|p2a: Pecharunt|Parting Shot|p1a: Clefable
|-unboost|p1a: Clefable|atk|1
|-unboost|p1a: Clefable|spa|1
|
|t:|1779886131
|switch|p2a: Gholdengo|Gholdengo|79/100 par|[from] Parting Shot
|-damage|p2a: Gholdengo|73/100 par|[from] Stealth Rock
|move|p1a: Clefable|Ice Beam|p2a: Gholdengo
|-resisted|p2a: Gholdengo
|-damage|p2a: Gholdengo|64/100 par
|
|upkeep
|turn|60
|
|t:|1779886143
|switch|p1a: Zapdos|Zapdos|85/100
|move|p2a: Gholdengo|Recover|p2a: Gholdengo
|-heal|p2a: Gholdengo|100/100 par
|
|upkeep
|turn|61
|
|t:|1779886156
|switch|p2a: Blissey|Blissey, F|100/100
|-damage|p2a: Blissey|88/100|[from] Stealth Rock
|move|p1a: Zapdos|Discharge|p2a: Blissey
|-damage|p2a: Blissey|75/100
|
|upkeep
|turn|62
|
|t:|1779886167
|move|p1a: Zapdos|U-turn|p2a: Blissey
|-damage|p2a: Blissey|63/100
|
|t:|1779886184
|switch|p1a: Alomomola|Alomomola, F|34/100 tox|[from] U-turn
|move|p2a: Blissey|Soft-Boiled|p2a: Blissey
|-heal|p2a: Blissey|100/100
|
|-damage|p1a: Alomomola|28/100 tox|[from] psn
|upkeep
|turn|63
|
|t:|1779886193
|switch|p2a: Pecharunt|Pecharunt|44/100
|-damage|p2a: Pecharunt|32/100|[from] Stealth Rock
|move|p1a: Alomomola|Wish|p1a: Alomomola
|
|-damage|p1a: Alomomola|15/100 tox|[from] psn
|upkeep
|turn|64
|
|t:|1779886204
|switch|p1a: Clefable|Clefable, F, tera:Steel|29/100
|-damage|p1a: Clefable|13/100|[from] Spikes
|-damage|p1a: Clefable|7/100|[from] Stealth Rock
|move|p2a: Pecharunt|Parting Shot|p1a: Clefable
|-unboost|p1a: Clefable|atk|1
|-unboost|p1a: Clefable|spa|1
|
|t:|1779886209
|switch|p2a: Gholdengo|Gholdengo|100/100 par|[from] Parting Shot
|-damage|p2a: Gholdengo|94/100 par|[from] Stealth Rock
|
|-heal|p1a: Clefable|75/100|[from] move: Wish|[wisher] Alomomola
|upkeep
|turn|65
|
|t:|1779886221
|switch|p1a: Zapdos|Zapdos|85/100
|cant|p2a: Gholdengo|par
|
|upkeep
|turn|66
|
|t:|1779886234
|move|p1a: Zapdos|U-turn|p2a: Gholdengo
|-resisted|p2a: Gholdengo
|-damage|p2a: Gholdengo|92/100 par
|
|t:|1779886244
|switch|p1a: Meowscarada|Meowscarada, F|63/100 tox|[from] U-turn
|move|p2a: Gholdengo|Recover|p2a: Gholdengo
|-heal|p2a: Gholdengo|100/100 par
|
|-damage|p1a: Meowscarada|57/100 tox|[from] psn
|upkeep
|turn|67
|
|t:|1779886254
|move|p1a: Meowscarada|Knock Off|p2a: Gholdengo
|-start|p1a: Meowscarada|typechange|Dark|[from] ability: Protean
|-supereffective|p2a: Gholdengo
|-damage|p2a: Gholdengo|54/100 par
|move|p2a: Gholdengo|Hex|p1a: Meowscarada
|-resisted|p1a: Meowscarada
|-damage|p1a: Meowscarada|9/100 tox
|
|-damage|p1a: Meowscarada|0 fnt|[from] psn
|faint|p1a: Meowscarada
|upkeep
|
|t:|1779886264
|switch|p1a: Cinderace|Cinderace, M|100/100
|turn|68
|
|t:|1779886278
|move|p1a: Cinderace|Pyro Ball|p2a: Gholdengo
|-supereffective|p2a: Gholdengo
|-damage|p2a: Gholdengo|0 fnt
|faint|p2a: Gholdengo
|
|upkeep
|
|t:|1779886289
|switch|p2a: Blissey|Blissey, F|100/100
|-damage|p2a: Blissey|88/100|[from] Stealth Rock
|turn|69
|
|t:|1779886299
|move|p1a: Cinderace|Pyro Ball|p2a: Blissey
|-damage|p2a: Blissey|30/100
|move|p2a: Blissey|Soft-Boiled|p2a: Blissey
|-heal|p2a: Blissey|80/100
|
|upkeep
|turn|70
|
|t:|1779886311
|move|p1a: Cinderace|Gunk Shot|p2a: Blissey
|-start|p1a: Cinderace|typechange|Poison|[from] ability: Libero
|-damage|p2a: Blissey|23/100
|move|p2a: Blissey|Soft-Boiled|p2a: Blissey
|-heal|p2a: Blissey|73/100
|
|upkeep
|turn|71
|
|t:|1779886321
|switch|p2a: Skarmory|Skarmory, M|68/100 par
|-damage|p2a: Skarmory|56/100 par|[from] Stealth Rock
|move|p1a: Cinderace|Gunk Shot|p2a: Skarmory
|-immune|p2a: Skarmory
|
|upkeep
|turn|72
|
|t:|1779886333
|move|p1a: Cinderace|Pyro Ball|p2a: Skarmory
|-supereffective|p2a: Skarmory
|-damage|p2a: Skarmory|8/100 par
|move|p2a: Skarmory|Roost|p2a: Skarmory
|-heal|p2a: Skarmory|58/100 par
|-singleturn|p2a: Skarmory|move: Roost
|
|upkeep
|turn|73
|
|t:|1779886346
|move|p1a: Cinderace|U-turn|p2a: Skarmory
|-resisted|p2a: Skarmory
|-damage|p2a: Skarmory|54/100 par
|
|t:|1779886349
|switch|p1a: Zapdos|Zapdos|85/100|[from] U-turn
|move|p2a: Skarmory|Roost|p2a: Skarmory
|-heal|p2a: Skarmory|100/100 par
|-singleturn|p2a: Skarmory|move: Roost
|
|upkeep
|turn|74
|
|t:|1779886359
|switch|p2a: Blissey|Blissey, F|73/100
|-damage|p2a: Blissey|60/100|[from] Stealth Rock
|move|p1a: Zapdos|U-turn|p2a: Blissey
|-damage|p2a: Blissey|47/100
|
|t:|1779886362
|switch|p1a: Cinderace|Cinderace, M|100/100|[from] U-turn
|
|upkeep
|turn|75
|
|t:|1779886374
|move|p1a: Cinderace|Pyro Ball|p2a: Blissey
|-damage|p2a: Blissey|0 fnt
|faint|p2a: Blissey
|
|upkeep
|
|t:|1779886390
|switch|p2a: Skarmory|Skarmory, M|100/100 par
|-damage|p2a: Skarmory|88/100 par|[from] Stealth Rock
|turn|76
|
|t:|1779886405
|move|p1a: Cinderace|U-turn|p2a: Skarmory
|-start|p1a: Cinderace|typechange|Bug|[from] ability: Libero
|-resisted|p2a: Skarmory
|-damage|p2a: Skarmory|83/100 par
|
|t:|1779886412
|switch|p1a: Alomomola|Alomomola, F|49/100 tox|[from] U-turn
|move|p2a: Skarmory|Roost|p2a: Skarmory
|-heal|p2a: Skarmory|100/100 par
|-singleturn|p2a: Skarmory|move: Roost
|
|-damage|p1a: Alomomola|43/100 tox|[from] psn
|upkeep
|turn|77
|
|t:|1779886420
|move|p1a: Alomomola|Scald|p2a: Skarmory
|-damage|p2a: Skarmory|83/100 par
|move|p2a: Skarmory|Whirlwind|p1a: Alomomola
|drag|p1a: Clefable|Clefable, F, tera:Steel|75/100
|-damage|p1a: Clefable|58/100|[from] Spikes
|-damage|p1a: Clefable|52/100|[from] Stealth Rock
|
|upkeep
|turn|78
|
|t:|1779886433
|move|p1a: Clefable|Encore|p2a: Skarmory
|-start|p2a: Skarmory|Encore
|move|p2a: Skarmory|Whirlwind|p1a: Clefable
|drag|p1a: Zapdos|Zapdos|85/100
|
|upkeep
|turn|79
|
|t:|1779886445
|switch|p2a: Pecharunt|Pecharunt|32/100
|-damage|p2a: Pecharunt|19/100|[from] Stealth Rock
|move|p1a: Zapdos|Discharge|p2a: Pecharunt
|-damage|p2a: Pecharunt|0 fnt
|faint|p2a: Pecharunt
|
|upkeep
|inactive|claudechamp has 120 seconds left.
|
|t:|1779886466
|switch|p2a: Skarmory|Skarmory, M|83/100 par
|-damage|p2a: Skarmory|70/100 par|[from] Stealth Rock
|turn|80
|inactive|claudechamp has 120 seconds left.
|
|t:|1779886481
|move|p1a: Zapdos|Discharge|p2a: Skarmory
|-supereffective|p2a: Skarmory
|-damage|p2a: Skarmory|0 fnt
|faint|p2a: Skarmory
|
|upkeep
|c|☆Ophuxius|gg
|
|t:|1779886496
|switch|p2a: Zamazenta|Zamazenta|1/100 frz
|turn|81
|
|t:|1779886510
|cant|p2a: Zamazenta|frz
|move|p1a: Zapdos|Discharge|p2a: Zamazenta
|-damage|p2a: Zamazenta|0 fnt
|faint|p2a: Zamazenta
|
|win|Ophuxius
|raw|Ophuxius's rating: 1295 &rarr; <strong>1324</strong><br />(+29 for winning)
|raw|claudechamp's rating: 1356 &rarr; <strong>1333</strong><br />(-23 for losing)
|c|☆claudechamp|gg
|l|☆Ophuxius
|player|p1|
