|j|☆TenHeaven
|j|☆psygoat12
|t:|1779855058
|gametype|singles
|player|p1|TenHeaven|marley|1288
|player|p2|psygoat12|chuck|1315
|gen|9
|tier|[Gen 9] OU
|rated|
|rule|HP Percentage Mod: HP is shown in percentages
|rule|Endless Battle Clause: Forcing endless battles is banned
|rule|Species Clause: Limit one of each Pokémon
|rule|OHKO Clause: OHKO moves are banned
|rule|Evasion Items Clause: Evasion items are banned
|rule|Evasion Moves Clause: Evasion moves are banned
|rule|Evasion Abilities Clause: Evasion abilities are banned
|rule|Sleep Moves Clause: Sleep-inducing moves are banned
|clearpoke
|poke|p1|Tyranitar, F|
|poke|p1|Ogerpon-Cornerstone, F|
|poke|p1|Landorus-Therian, M|
|poke|p1|Toxapex, F|
|poke|p1|Excadrill, F|
|poke|p1|Hatterene, F|
|poke|p2|Samurott-Hisui, F|
|poke|p2|Great Tusk|
|poke|p2|Kingambit, F|
|poke|p2|Enamorus, F|
|poke|p2|Gholdengo|
|poke|p2|Mew|
|teampreview
|inactive|Battle timer is ON: inactive players will automatically lose when time's up. (requested by TenHeaven)
|
|t:|1779855063
|teamsize|p1|6
|teamsize|p2|6
|start
|switch|p1a: Tyranitar|Tyranitar, F, shiny|100/100
|switch|p2a: Mew|Mew|100/100
|-weather|Sandstorm|[from] ability: Sand Stream|[of] p1a: Tyranitar
|turn|1
|
|t:|1779855071
|-terastallize|p2a: Mew|Dark
|-terastallize|p1a: Tyranitar|Flying
|move|p2a: Mew|Will-O-Wisp|p1a: Tyranitar
|-status|p1a: Tyranitar|brn
|move|p1a: Tyranitar|Dragon Dance|p1a: Tyranitar
|-boost|p1a: Tyranitar|atk|1
|-boost|p1a: Tyranitar|spe|1
|
|-weather|Sandstorm|[upkeep]
|-damage|p1a: Tyranitar|94/100 brn|[from] Sandstorm
|-damage|p2a: Mew|94/100|[from] Sandstorm
|-damage|p1a: Tyranitar|88/100 brn|[from] brn
|upkeep
|turn|2
|
|t:|1779855082
|move|p1a: Tyranitar|Dragon Dance|p1a: Tyranitar
|-boost|p1a: Tyranitar|atk|1
|-boost|p1a: Tyranitar|spe|1
|move|p2a: Mew|Taunt|p1a: Tyranitar
|-start|p1a: Tyranitar|move: Taunt
|
|-weather|Sandstorm|[upkeep]
|-damage|p1a: Tyranitar|82/100 brn|[from] Sandstorm
|-damage|p2a: Mew|88/100|[from] Sandstorm
|-damage|p1a: Tyranitar|76/100 brn|[from] brn
|upkeep
|turn|3
|
|t:|1779855090
|move|p1a: Tyranitar|Rock Blast|p2a: Mew
|-damage|p2a: Mew|77/100
|-damage|p2a: Mew|66/100
|-damage|p2a: Mew|55/100
|-crit|p2a: Mew
|-damage|p2a: Mew|37/100
|-damage|p2a: Mew|26/100
|-hitcount|p2a: Mew|5
|-enditem|p2a: Mew|Red Card|[of] p1a: Tyranitar
|drag|p1a: Hatterene|Hatterene, F|100/100
|move|p2a: Mew|Stealth Rock|p1a: Hatterene
|move|p1a: Hatterene|Stealth Rock|p2a: Mew|[from] ability: Magic Bounce
|-sidestart|p2: psygoat12|move: Stealth Rock
|
|-weather|Sandstorm|[upkeep]
|-damage|p2a: Mew|20/100|[from] Sandstorm
|-damage|p1a: Hatterene|95/100|[from] Sandstorm
|-heal|p1a: Hatterene|100/100|[from] item: Leftovers
|upkeep
|turn|4
|c|☆psygoat12|wow
|c|☆psygoat12|i cant even fucking believe that
|c|☆TenHeaven|Lol
|
|t:|1779855114
|move|p2a: Mew|Ice Beam|p1a: Hatterene
|-damage|p1a: Hatterene|77/100
|move|p1a: Hatterene|Calm Mind|p1a: Hatterene
|-boost|p1a: Hatterene|spa|1
|-boost|p1a: Hatterene|spd|1
|
|-weather|Sandstorm|[upkeep]
|-damage|p2a: Mew|14/100|[from] Sandstorm
|-damage|p1a: Hatterene|71/100|[from] Sandstorm
|-heal|p1a: Hatterene|77/100|[from] item: Leftovers
|upkeep
|turn|5
|-message|psygoat12 forfeited.
|
|win|TenHeaven
|raw|TenHeaven's rating: 1288 &rarr; <strong>1315</strong><br />(+27 for winning)
|raw|psygoat12's rating: 1315 &rarr; <strong>1293</strong><br />(-22 for losing)
|l|☆psygoat12
|player|p2|
|c|☆TenHeaven|Lmfao
|l|☆TenHeaven
|player|p1|
