|j|☆sbarbasun
|j|☆draconotmeteor
|t:|1779875983
|gametype|singles
|player|p1|sbarbasun|lance|1322
|player|p2|draconotmeteor|shauntal|1446
|gen|9
|tier|[Gen 9] OU
|rated|
|rule|HP Percentage Mod: HP is shown in percentages
|rule|Endless Battle Clause: Forcing endless battles is banned
|rule|Species Clause: Limit one of each Pokémon
|rule|OHKO Clause: OHKO moves are banned
|rule|Evasion Items Clause: Evasion items are banned
|rule|Evasion Moves Clause: Evasion moves are banned
|rule|Evasion Abilities Clause: Evasion abilities are banned
|rule|Sleep Moves Clause: Sleep-inducing moves are banned
|clearpoke
|poke|p1|Umbreon, F|
|poke|p1|Glimmora, F|
|poke|p1|Pecharunt|
|poke|p1|Garchomp, M|
|poke|p1|Hydreigon, M|
|poke|p1|Rotom-Heat|
|poke|p2|Gliscor, M|
|poke|p2|Pecharunt|
|poke|p2|Ting-Lu|
|poke|p2|Ogerpon, F|
|poke|p2|Tinkaton, F|
|poke|p2|Kyurem|
|teampreview
|
|t:|1779876006
|teamsize|p1|6
|teamsize|p2|6
|start
|switch|p1a: Rotom|Rotom-Heat|100/100
|switch|p2a: Kyurem|Kyurem|100/100
|-ability|p2a: Kyurem|Pressure
|turn|1
|inactive|Battle timer is ON: inactive players will automatically lose when time's up. (requested by sbarbasun)
|
|t:|1779876016
|switch|p2a: Tinkaton|Tinkaton, F|100/100
|-ability|p2a: Tinkaton|Mold Breaker
|move|p1a: Rotom|Trick|p2a: Tinkaton
|-activate|p1a: Rotom|move: Trick|[of] p2a: Tinkaton
|-item|p2a: Tinkaton|Choice Scarf|[from] move: Trick
|-item|p1a: Rotom|Heavy-Duty Boots|[from] move: Trick
|
|upkeep
|turn|2
|
|t:|1779876025
|move|p2a: Tinkaton|Encore|p1a: Rotom
|-start|p1a: Rotom|Encore
|move|p1a: Rotom|Trick|p2a: Tinkaton
|-activate|p1a: Rotom|move: Trick|[of] p2a: Tinkaton
|-item|p2a: Tinkaton|Heavy-Duty Boots|[from] move: Trick
|-item|p1a: Rotom|Choice Scarf|[from] move: Trick
|
|upkeep
|turn|3
|
|t:|1779876031
|move|p1a: Rotom|Trick|p2a: Tinkaton
|-activate|p1a: Rotom|move: Trick|[of] p2a: Tinkaton
|-item|p2a: Tinkaton|Choice Scarf|[from] move: Trick
|-item|p1a: Rotom|Heavy-Duty Boots|[from] move: Trick
|move|p2a: Tinkaton|Stealth Rock|p1a: Rotom
|-sidestart|p1: sbarbasun|move: Stealth Rock
|
|upkeep
|turn|4
|
|t:|1779876042
|switch|p2a: Kyurem|Kyurem|100/100
|-ability|p2a: Kyurem|Pressure
|switch|p1a: Glimmora|Glimmora, F|100/100
|-damage|p1a: Glimmora|88/100|[from] Stealth Rock
|
|-heal|p1a: Glimmora|94/100|[from] item: Leftovers
|upkeep
|turn|5
|
|t:|1779876053
|move|p2a: Kyurem|Earth Power|p1a: Glimmora
|-supereffective|p1a: Glimmora
|-damage|p1a: Glimmora|0 fnt
|faint|p1a: Glimmora
|
|upkeep
|
|t:|1779876061
|switch|p1a: Rotom|Rotom-Heat|100/100
|turn|6
|
|t:|1779876067
|switch|p2a: Tinkaton|Tinkaton, F|100/100
|-ability|p2a: Tinkaton|Mold Breaker
|move|p1a: Rotom|Overheat|p2a: Tinkaton
|-supereffective|p2a: Tinkaton
|-damage|p2a: Tinkaton|15/100
|-unboost|p1a: Rotom|spa|2
|
|upkeep
|turn|7
|
|t:|1779876078
|move|p2a: Tinkaton|Knock Off|p1a: Rotom
|-damage|p1a: Rotom|81/100
|-enditem|p1a: Rotom|Heavy-Duty Boots|[from] move: Knock Off|[of] p2a: Tinkaton
|move|p1a: Rotom|Volt Switch|p2a: Tinkaton
|-damage|p2a: Tinkaton|3/100
|
|t:|1779876098
|switch|p1a: Garchomp|Garchomp, M|100/100|[from] Volt Switch
|-damage|p1a: Garchomp|94/100|[from] Stealth Rock
|
|upkeep
|turn|8
|
|t:|1779876104
|switch|p1a: Rotom|Rotom-Heat|81/100
|-damage|p1a: Rotom|56/100|[from] Stealth Rock
|move|p2a: Tinkaton|Knock Off|p1a: Rotom
|-crit|p1a: Rotom
|-damage|p1a: Rotom|38/100
|
|upkeep
|turn|9
|
|t:|1779876118
|switch|p2a: Gliscor|Gliscor, M|100/100
|move|p1a: Rotom|Volt Switch|p2a: Gliscor
|-immune|p2a: Gliscor
|
|-status|p2a: Gliscor|tox|[from] item: Toxic Orb
|upkeep
|turn|10
|
|t:|1779876129
|switch|p1a: Pecharunt|Pecharunt|100/100
|-damage|p1a: Pecharunt|88/100|[from] Stealth Rock
|-item|p1a: Pecharunt|Air Balloon
|switch|p2a: Tinkaton|Tinkaton, F|3/100
|-ability|p2a: Tinkaton|Mold Breaker
|
|upkeep
|turn|11
|
|t:|1779876144
|move|p2a: Tinkaton|Knock Off|p1a: Pecharunt
|-supereffective|p1a: Pecharunt
|-damage|p1a: Pecharunt|63/100
|-enditem|p1a: Pecharunt|Air Balloon
|move|p1a: Pecharunt|Recover|p1a: Pecharunt
|-heal|p1a: Pecharunt|100/100
|
|upkeep
|turn|12
|
|t:|1779876153
|switch|p2a: Gliscor|Gliscor, M|100/100 tox
|move|p1a: Pecharunt|Nasty Plot|p1a: Pecharunt
|-boost|p1a: Pecharunt|spa|2
|
|upkeep
|turn|13
|
|t:|1779876165
|-terastallize|p1a: Pecharunt|Ghost
|-terastallize|p2a: Gliscor|Normal
|move|p1a: Pecharunt|Hex|p2a: Gliscor
|-immune|p2a: Gliscor
|move|p2a: Gliscor|Knock Off|p1a: Pecharunt
|-supereffective|p1a: Pecharunt
|-damage|p1a: Pecharunt|80/100
|
|upkeep
|turn|14
|
|t:|1779876175
|switch|p2a: Tinkaton|Tinkaton, F|3/100
|-ability|p2a: Tinkaton|Mold Breaker
|move|p1a: Pecharunt|Malignant Chain|p2a: Tinkaton
|-immune|p2a: Tinkaton
|
|upkeep
|turn|15
|
|t:|1779876183
|move|p2a: Tinkaton|Encore|p1a: Pecharunt
|-start|p1a: Pecharunt|Encore
|move|p1a: Pecharunt|Malignant Chain|p2a: Tinkaton
|-immune|p2a: Tinkaton
|
|upkeep
|turn|16
|
|t:|1779876196
|switch|p2a: Ting-Lu|Ting-Lu|100/100
|-ability|p2a: Ting-Lu|Vessel of Ruin
|switch|p1a: Garchomp|Garchomp, M|94/100
|-damage|p1a: Garchomp|88/100|[from] Stealth Rock
|
|upkeep
|turn|17
|
|t:|1779876211
|move|p1a: Garchomp|Spikes|p2a: Ting-Lu
|-sidestart|p2: draconotmeteor|Spikes
|move|p2a: Ting-Lu|Spikes|p1a: Garchomp
|-sidestart|p1: sbarbasun|Spikes
|
|upkeep
|turn|18
|
|t:|1779876216
|move|p1a: Garchomp|Spikes|p2a: Ting-Lu
|-sidestart|p2: draconotmeteor|Spikes
|move|p2a: Ting-Lu|Spikes|p1a: Garchomp
|-sidestart|p1: sbarbasun|Spikes
|
|upkeep
|turn|19
|
|t:|1779876221
|move|p1a: Garchomp|Spikes|p2a: Ting-Lu
|-sidestart|p2: draconotmeteor|Spikes
|move|p2a: Ting-Lu|Spikes|p1a: Garchomp
|-sidestart|p1: sbarbasun|Spikes
|
|upkeep
|turn|20
|
|t:|1779876228
|move|p1a: Garchomp|Swords Dance|p1a: Garchomp
|-boost|p1a: Garchomp|atk|2
|move|p2a: Ting-Lu|Ruination|p1a: Garchomp
|-damage|p1a: Garchomp|44/100
|
|upkeep
|turn|21
|
|t:|1779876234
|switch|p2a: Tinkaton|Tinkaton, F|3/100
|-damage|p2a: Tinkaton|0 fnt|[from] Spikes
|faint|p2a: Tinkaton
|move|p1a: Garchomp|Scale Shot|p2: Tinkaton|[notarget]
|-fail|p1a: Garchomp
|
|upkeep
|
|t:|1779876237
|switch|p2a: Ogerpon|Ogerpon, F|100/100
|turn|22
|
|t:|1779876245
|move|p2a: Ogerpon|Ivy Cudgel|p1a: Garchomp
|-damage|p1a: Garchomp|15/100
|move|p1a: Garchomp|Scale Shot|p2a: Ogerpon
|-damage|p2a: Ogerpon|70/100
|-damage|p2a: Ogerpon|42/100
|-damage|p2a: Ogerpon|15/100
|-hitcount|p2a: Ogerpon|3
|-unboost|p1a: Garchomp|def|1
|-boost|p1a: Garchomp|spe|1
|
|upkeep
|turn|23
|
|t:|1779876260
|switch|p2a: Kyurem|Kyurem|100/100
|-ability|p2a: Kyurem|Pressure
|move|p1a: Garchomp|Iron Head|p2a: Kyurem
|-supereffective|p2a: Kyurem
|-damage|p2a: Kyurem|0 fnt
|faint|p2a: Kyurem
|
|upkeep
|
|t:|1779876266
|switch|p2a: Ting-Lu|Ting-Lu|100/100
|-damage|p2a: Ting-Lu|76/100|[from] Spikes
|-ability|p2a: Ting-Lu|Vessel of Ruin
|turn|24
|
|t:|1779876275
|move|p1a: Garchomp|Iron Head|p2a: Ting-Lu
|-damage|p2a: Ting-Lu|49/100
|move|p2a: Ting-Lu|Earthquake|p1a: Garchomp
|-damage|p1a: Garchomp|0 fnt
|faint|p1a: Garchomp
|
|-heal|p2a: Ting-Lu|55/100|[from] item: Leftovers
|upkeep
|
|t:|1779876290
|switch|p1a: Hydreigon|Hydreigon, M|100/100
|-damage|p1a: Hydreigon|88/100|[from] Stealth Rock
|turn|25
|
|t:|1779876299
|move|p1a: Hydreigon|Nasty Plot|p1a: Hydreigon
|-boost|p1a: Hydreigon|spa|2
|move|p2a: Ting-Lu|Whirlwind|p1a: Hydreigon
|drag|p1a: Pecharunt|Pecharunt, tera:Ghost|80/100
|-damage|p1a: Pecharunt|67/100|[from] Stealth Rock
|-damage|p1a: Pecharunt|42/100|[from] Spikes
|
|-heal|p2a: Ting-Lu|61/100|[from] item: Leftovers
|upkeep
|turn|26
|
|t:|1779876310
|move|p1a: Pecharunt|Recover|p1a: Pecharunt
|-heal|p1a: Pecharunt|93/100
|move|p2a: Ting-Lu|Ruination|p1a: Pecharunt
|-damage|p1a: Pecharunt|47/100
|
|-heal|p2a: Ting-Lu|68/100|[from] item: Leftovers
|upkeep
|turn|27
|
|t:|1779876320
|move|p1a: Pecharunt|Recover|p1a: Pecharunt
|-heal|p1a: Pecharunt|97/100
|move|p2a: Ting-Lu|Whirlwind|p1a: Pecharunt
|drag|p1a: Umbreon|Umbreon, F|100/100
|-damage|p1a: Umbreon|88/100|[from] Stealth Rock
|-damage|p1a: Umbreon|63/100|[from] Spikes
|
|-heal|p1a: Umbreon|69/100|[from] item: Leftovers
|-heal|p2a: Ting-Lu|74/100|[from] item: Leftovers
|upkeep
|turn|28
|
|t:|1779876331
|switch|p2a: Gliscor|Gliscor, M, tera:Normal|100/100 tox
|-damage|p2a: Gliscor|75/100 tox|[from] Spikes
|move|p1a: Umbreon|Toxic|p2a: Gliscor
|-fail|p2a: Gliscor|tox
|
|-heal|p1a: Umbreon|75/100|[from] item: Leftovers
|-heal|p2a: Gliscor|88/100 tox|[from] ability: Poison Heal
|upkeep
|turn|29
|
|t:|1779876342
|move|p2a: Gliscor|Knock Off|p1a: Umbreon
|-resisted|p1a: Umbreon
|-damage|p1a: Umbreon|70/100
|-enditem|p1a: Umbreon|Leftovers|[from] move: Knock Off|[of] p2a: Gliscor
|move|p1a: Umbreon|Foul Play|p2a: Gliscor
|-damage|p2a: Gliscor|62/100 tox
|
|-heal|p2a: Gliscor|75/100 tox|[from] ability: Poison Heal
|upkeep
|turn|30
|
|t:|1779876352
|switch|p2a: Pecharunt|Pecharunt|100/100
|move|p1a: Umbreon|Wish|p1a: Umbreon
|
|upkeep
|turn|31
|
|t:|1779876357
|switch|p1a: Pecharunt|Pecharunt, tera:Ghost|97/100
|-damage|p1a: Pecharunt|84/100|[from] Stealth Rock
|-damage|p1a: Pecharunt|59/100|[from] Spikes
|move|p2a: Pecharunt|Malignant Chain|p1a: Pecharunt
|-resisted|p1a: Pecharunt
|-damage|p1a: Pecharunt|40/100
|
|-heal|p1a: Pecharunt|100/100|[from] move: Wish|[wisher] Umbreon
|upkeep
|turn|32
|
|t:|1779876371
|move|p1a: Pecharunt|Hex|p2a: Pecharunt
|-supereffective|p2a: Pecharunt
|-damage|p2a: Pecharunt|34/100
|move|p2a: Pecharunt|Parting Shot|p1a: Pecharunt
|-unboost|p1a: Pecharunt|atk|1
|-unboost|p1a: Pecharunt|spa|1
|
|t:|1779876375
|switch|p2a: Gliscor|Gliscor, M, tera:Normal|75/100 tox|[from] Parting Shot
|-damage|p2a: Gliscor|50/100 tox|[from] Spikes
|
|-heal|p2a: Gliscor|62/100 tox|[from] ability: Poison Heal
|upkeep
|turn|33
|
|t:|1779876385
|move|p1a: Pecharunt|Malignant Chain|p2a: Gliscor
|-damage|p2a: Gliscor|41/100 tox
|move|p2a: Gliscor|Swords Dance|p2a: Gliscor
|-boost|p2a: Gliscor|atk|2
|
|-heal|p2a: Gliscor|53/100 tox|[from] ability: Poison Heal
|upkeep
|turn|34
|
|t:|1779876394
|move|p1a: Pecharunt|Nasty Plot|p1a: Pecharunt
|-boost|p1a: Pecharunt|spa|2
|move|p2a: Gliscor|Knock Off|p1a: Pecharunt
|-supereffective|p1a: Pecharunt
|-damage|p1a: Pecharunt|59/100
|
|-heal|p2a: Gliscor|66/100 tox|[from] ability: Poison Heal
|upkeep
|turn|35
|
|t:|1779876402
|move|p1a: Pecharunt|Malignant Chain|p2a: Gliscor
|-damage|p2a: Gliscor|10/100 tox
|move|p2a: Gliscor|Swords Dance|p2a: Gliscor
|-boost|p2a: Gliscor|atk|2
|
|-heal|p2a: Gliscor|22/100 tox|[from] ability: Poison Heal
|upkeep
|turn|36
|
|t:|1779876411
|move|p1a: Pecharunt|Malignant Chain|p2a: Gliscor
|-damage|p2a: Gliscor|0 fnt
|faint|p2a: Gliscor
|
|upkeep
|
|t:|1779876414
|switch|p2a: Ting-Lu|Ting-Lu|74/100
|-damage|p2a: Ting-Lu|49/100|[from] Spikes
|-ability|p2a: Ting-Lu|Vessel of Ruin
|turn|37
|
|t:|1779876421
|move|p1a: Pecharunt|Malignant Chain|p2a: Ting-Lu
|-resisted|p2a: Ting-Lu
|-damage|p2a: Ting-Lu|37/100
|-status|p2a: Ting-Lu|tox
|-start|p2a: Ting-Lu|confusion|[from] ability: Poison Puppeteer|[of] p1a: Pecharunt
|-activate|p2a: Ting-Lu|confusion
|move|p2a: Ting-Lu|Whirlwind|p1a: Pecharunt
|drag|p1a: Hydreigon|Hydreigon, M|88/100
|-damage|p1a: Hydreigon|76/100|[from] Stealth Rock
|
|-heal|p1a: Hydreigon|82/100|[from] item: Leftovers
|-heal|p2a: Ting-Lu|43/100 tox|[from] item: Leftovers
|-damage|p2a: Ting-Lu|37/100 tox|[from] psn
|upkeep
|turn|38
|
|t:|1779876437
|move|p1a: Hydreigon|Stealth Rock|p2a: Ting-Lu
|-sidestart|p2: draconotmeteor|move: Stealth Rock
|-activate|p2a: Ting-Lu|confusion
|move|p2a: Ting-Lu|Ruination|p1a: Hydreigon
|-damage|p1a: Hydreigon|41/100
|
|-heal|p1a: Hydreigon|47/100|[from] item: Leftovers
|-heal|p2a: Ting-Lu|43/100 tox|[from] item: Leftovers
|-damage|p2a: Ting-Lu|30/100 tox|[from] psn
|upkeep
|turn|39
|
|t:|1779876448
|move|p1a: Hydreigon|Nasty Plot|p1a: Hydreigon
|-boost|p1a: Hydreigon|spa|2
|-end|p2a: Ting-Lu|confusion
|move|p2a: Ting-Lu|Ruination|p1a: Hydreigon
|-damage|p1a: Hydreigon|24/100
|
|-heal|p1a: Hydreigon|30/100|[from] item: Leftovers
|-heal|p2a: Ting-Lu|37/100 tox|[from] item: Leftovers
|-damage|p2a: Ting-Lu|18/100 tox|[from] psn
|upkeep
|turn|40
|
|t:|1779876460
|move|p1a: Hydreigon|Dark Pulse|p2a: Ting-Lu
|-resisted|p2a: Ting-Lu
|-damage|p2a: Ting-Lu|0 fnt
|faint|p2a: Ting-Lu
|
|-heal|p1a: Hydreigon|36/100|[from] item: Leftovers
|upkeep
|
|t:|1779876463
|switch|p2a: Ogerpon|Ogerpon, F|15/100
|turn|41
|
|t:|1779876470
|move|p2a: Ogerpon|U-turn|p1a: Hydreigon
|-supereffective|p1a: Hydreigon
|-damage|p1a: Hydreigon|0 fnt
|faint|p1a: Hydreigon
|
|t:|1779876472
|switch|p2a: Pecharunt|Pecharunt|34/100|[from] U-turn
|
|upkeep
|
|t:|1779876478
|switch|p1a: Rotom|Rotom-Heat|38/100
|-damage|p1a: Rotom|13/100|[from] Stealth Rock
|turn|42
|
|t:|1779876490
|move|p1a: Rotom|Overheat|p2a: Pecharunt
|-damage|p2a: Pecharunt|0 fnt
|-unboost|p1a: Rotom|spa|2
|faint|p2a: Pecharunt
|
|upkeep
|
|t:|1779876493
|switch|p2a: Ogerpon|Ogerpon, F|15/100
|turn|43
|
|t:|1779876499
|move|p2a: Ogerpon|Knock Off|p1a: Rotom
|-damage|p1a: Rotom|0 fnt
|faint|p1a: Rotom
|
|upkeep
|
|t:|1779876504
|switch|p1a: Umbreon|Umbreon, F|70/100
|-damage|p1a: Umbreon|57/100|[from] Stealth Rock
|-damage|p1a: Umbreon|32/100|[from] Spikes
|turn|44
|
|t:|1779876512
|move|p1a: Umbreon|Protect|p1a: Umbreon
|-singleturn|p1a: Umbreon|Protect
|move|p2a: Ogerpon|Ivy Cudgel|p1a: Umbreon
|-activate|p1a: Umbreon|move: Protect
|
|upkeep
|turn|45
|
|t:|1779876519
|move|p2a: Ogerpon|Encore|p1a: Umbreon
|-start|p1a: Umbreon|Encore
|move|p1a: Umbreon|Protect||[still]
|-fail|p1a: Umbreon
|
|upkeep
|turn|46
|
|t:|1779876525
|switch|p1a: Pecharunt|Pecharunt, tera:Ghost|59/100
|-damage|p1a: Pecharunt|47/100|[from] Stealth Rock
|-damage|p1a: Pecharunt|22/100|[from] Spikes
|move|p2a: Ogerpon|Knock Off|p1a: Pecharunt
|-supereffective|p1a: Pecharunt
|-damage|p1a: Pecharunt|0 fnt
|faint|p1a: Pecharunt
|
|upkeep
|
|t:|1779876535
|switch|p1a: Umbreon|Umbreon, F|32/100
|-damage|p1a: Umbreon|20/100|[from] Stealth Rock
|-damage|p1a: Umbreon|0 fnt|[from] Spikes
|faint|p1a: Umbreon
|
|win|draconotmeteor
|raw|sbarbasun's rating: 1322 &rarr; <strong>1310</strong><br />(-12 for losing)
|raw|draconotmeteor's rating: 1463 &rarr; <strong>1475</strong><br />(+12 for winning)
|l|☆sbarbasun
|player|p1|
