|j|☆fregene97
|j|☆luizinocria777rlk
|t:|1779878289
|gametype|singles
|player|p1|fregene97|dragontamer|1202
|player|p2|luizinocria777rlk|rocketgrunt|1161
|gen|9
|tier|[Gen 9] OU
|rated|
|rule|HP Percentage Mod: HP is shown in percentages
|rule|Endless Battle Clause: Forcing endless battles is banned
|rule|Species Clause: Limit one of each Pokémon
|rule|OHKO Clause: OHKO moves are banned
|rule|Evasion Items Clause: Evasion items are banned
|rule|Evasion Moves Clause: Evasion moves are banned
|rule|Evasion Abilities Clause: Evasion abilities are banned
|rule|Sleep Moves Clause: Sleep-inducing moves are banned
|clearpoke
|poke|p1|Walking Wake|
|poke|p1|Raging Bolt|
|poke|p1|Great Tusk|
|poke|p1|Typhlosion-Hisui, M|
|poke|p1|Greninja-*, M|
|poke|p1|Iron Treads|
|poke|p2|Gliscor, F|
|poke|p2|Kingambit, F|
|poke|p2|Ceruledge, F|
|poke|p2|Moltres|
|poke|p2|Sinistcha|
|poke|p2|Greninja-*, M|
|teampreview
|
|t:|1779878293
|teamsize|p1|6
|teamsize|p2|6
|start
|switch|p1a: Typhlosion|Typhlosion-Hisui, M|100/100
|switch|p2a: Gliscor|Gliscor, F|100/100
|-item|p2a: Gliscor|Toxic Orb|[from] ability: Frisk|[of] p1a: Typhlosion
|turn|1
|inactive|Battle timer is ON: inactive players will automatically lose when time's up. (requested by fregene97)
|
|t:|1779878299
|move|p1a: Typhlosion|Overheat|p2a: Gliscor
|-damage|p2a: Gliscor|0 fnt
|-unboost|p1a: Typhlosion|spa|2
|faint|p2a: Gliscor
|
|upkeep
|
|t:|1779878305
|switch|p2a: Greninja|Greninja, M|100/100
|turn|2
|
|t:|1779878317
|switch|p1a: Raging Bolt|Raging Bolt|100/100
|-enditem|p1a: Raging Bolt|Booster Energy
|-activate|p1a: Raging Bolt|ability: Protosynthesis|[fromitem]
|-start|p1a: Raging Bolt|protosynthesisspa
|move|p2a: Greninja|Dark Pulse|p1a: Raging Bolt
|-damage|p1a: Raging Bolt|60/100
|
|upkeep
|turn|3
|
|t:|1779878331
|switch|p2a: Kingambit|Kingambit, F|100/100
|-terastallize|p1a: Raging Bolt|Electric
|move|p1a: Raging Bolt|Volt Switch|p2a: Kingambit
|-damage|p2a: Kingambit|18/100
|
|t:|1779878338
|-end|p1a: Raging Bolt|Protosynthesis|[silent]
|switch|p1a: Greninja|Greninja, M|100/100|[from] Volt Switch
|
|upkeep
|turn|4
|
|t:|1779878345
|move|p1a: Greninja|Water Shuriken|p2a: Kingambit
|-damage|p2a: Kingambit|12/100
|-damage|p2a: Kingambit|6/100
|-damage|p2a: Kingambit|0 fnt
|faint|p2a: Kingambit
|-ability|p1a: Greninja|Battle Bond|boost
|-boost|p1a: Greninja|atk|1
|-boost|p1a: Greninja|spa|1
|-boost|p1a: Greninja|spe|1
|-activate|p1a: Greninja|ability: Battle Bond
|-hitcount|p2: Kingambit|3
|
|upkeep
|
|t:|1779878350
|switch|p2a: Sinistcha|Sinistcha|100/100
|turn|5
|
|t:|1779878360
|move|p1a: Greninja|Ice Punch|p2a: Sinistcha
|-supereffective|p2a: Sinistcha
|-damage|p2a: Sinistcha|59/100
|move|p2a: Sinistcha|Matcha Gotcha|p1a: Greninja
|-supereffective|p1a: Greninja
|-enditem|p1a: Greninja|Focus Sash
|-damage|p1a: Greninja|1/100
|-heal|p2a: Sinistcha|99/100|[from] drain|[of] p1a: Greninja
|-status|p1a: Greninja|brn
|
|-damage|p1a: Greninja|0 fnt|[from] brn
|faint|p1a: Greninja
|upkeep
|
|t:|1779878364
|switch|p1a: Typhlosion|Typhlosion-Hisui, M|100/100
|-item|p2a: Sinistcha|Heavy-Duty Boots|[from] ability: Frisk|[of] p1a: Typhlosion
|turn|6
|
|t:|1779878373
|move|p1a: Typhlosion|Infernal Parade|p2a: Sinistcha
|-supereffective|p2a: Sinistcha
|-damage|p2a: Sinistcha|0 fnt
|faint|p2a: Sinistcha
|
|upkeep
|
|t:|1779878379
|switch|p2a: Greninja|Greninja, M|100/100
|turn|7
|inactive|fregene97 has 120 seconds left.
|
|t:|1779878419
|switch|p1a: Walking Wake|Walking Wake|100/100
|-enditem|p1a: Walking Wake|Booster Energy
|-activate|p1a: Walking Wake|ability: Protosynthesis|[fromitem]
|-start|p1a: Walking Wake|protosynthesisspe
|move|p2a: Greninja|Dark Pulse|p1a: Walking Wake
|-damage|p1a: Walking Wake|25/100
|
|upkeep
|turn|8
|
|t:|1779878428
|move|p1a: Walking Wake|Outrage|p2a: Greninja
|-damage|p2a: Greninja|19/100
|move|p2a: Greninja|Dark Pulse|p1a: Walking Wake
|-damage|p1a: Walking Wake|0 fnt
|faint|p1a: Walking Wake
|-end|p1a: Walking Wake|Protosynthesis|[silent]
|-ability|p2a: Greninja|Battle Bond|boost
|-boost|p2a: Greninja|atk|1
|-boost|p2a: Greninja|spa|1
|-boost|p2a: Greninja|spe|1
|-activate|p2a: Greninja|ability: Battle Bond
|
|upkeep
|inactive|fregene97 has 120 seconds left.
|
|t:|1779878441
|switch|p1a: Raging Bolt|Raging Bolt, tera:Electric|60/100
|turn|9
|
|t:|1779878445
|move|p1a: Raging Bolt|Thunderclap|p2a: Greninja
|-supereffective|p2a: Greninja
|-damage|p2a: Greninja|0 fnt
|faint|p2a: Greninja
|
|upkeep
|
|t:|1779878448
|switch|p2a: Ceruledge|Ceruledge, F|100/100
|turn|10
|
|t:|1779878458
|move|p2a: Ceruledge|Bitter Blade|p1a: Raging Bolt
|-damage|p1a: Raging Bolt|22/100
|move|p1a: Raging Bolt|Volt Switch|p2a: Ceruledge
|-damage|p2a: Ceruledge|32/100
|
|t:|1779878462
|-end|p1a: Raging Bolt|Protosynthesis|[silent]
|switch|p1a: Great Tusk|Great Tusk, shiny|100/100|[from] Volt Switch
|
|upkeep
|turn|11
|
|t:|1779878469
|move|p2a: Ceruledge|Close Combat|p1a: Great Tusk
|-damage|p1a: Great Tusk|73/100
|-unboost|p2a: Ceruledge|def|1
|-unboost|p2a: Ceruledge|spd|1
|move|p1a: Great Tusk|Headlong Rush|p2a: Ceruledge
|-supereffective|p2a: Ceruledge
|-damage|p2a: Ceruledge|0 fnt
|-unboost|p1a: Great Tusk|def|1
|-unboost|p1a: Great Tusk|spd|1
|faint|p2a: Ceruledge
|
|-heal|p1a: Great Tusk|79/100|[from] item: Leftovers
|upkeep
|-message|luizinocria777rlk forfeited.
|
|win|fregene97
|raw|fregene97's rating: 1202 &rarr; <strong>1224</strong><br />(+22 for winning)
|raw|luizinocria777rlk's rating: 1161 &rarr; <strong>1139</strong><br />(-22 for losing)
|l|☆luizinocria777rlk
|player|p2|
|l|☆fregene97
|player|p1|
