|j|☆eserraba
|j|☆mrantenna
|t:|1779877326
|gametype|singles
|player|p1|eserraba|169|1121
|player|p2|mrantenna|unknown|1113
|gen|9
|tier|[Gen 9] OU
|rated|
|rule|HP Percentage Mod: HP is shown in percentages
|rule|Endless Battle Clause: Forcing endless battles is banned
|rule|Species Clause: Limit one of each Pokémon
|rule|OHKO Clause: OHKO moves are banned
|rule|Evasion Items Clause: Evasion items are banned
|rule|Evasion Moves Clause: Evasion moves are banned
|rule|Evasion Abilities Clause: Evasion abilities are banned
|rule|Sleep Moves Clause: Sleep-inducing moves are banned
|clearpoke
|poke|p1|Masquerain, M|
|poke|p1|Eelektross, M|
|poke|p1|Shiftry, M|
|poke|p1|Volbeat, M|
|poke|p1|Seviper, M|
|poke|p1|Golduck, M|
|poke|p2|Serperior, M|
|poke|p2|Cinderace, M|
|poke|p2|Iron Hands|
|poke|p2|Kyurem|
|poke|p2|Great Tusk|
|poke|p2|Glimmora, F|
|teampreview
|inactive|Battle timer is ON: inactive players will automatically lose when time's up. (requested by mrantenna)
|inactive|eserraba also wants the timer to be on.
|
|t:|1779877348
|teamsize|p1|6
|teamsize|p2|6
|start
|switch|p1a: Seviper|Seviper, M|100/100
|switch|p2a: Boh|Glimmora, F, shiny|100/100
|turn|1
|
|t:|1779877353
|move|p1a: Seviper|Earthquake|p2a: Boh
|-supereffective|p2a: Boh
|-enditem|p2a: Boh|Focus Sash
|-damage|p2a: Boh|1/100
|-activate|p2a: Boh|ability: Toxic Debris
|-sidestart|p1: eserraba|move: Toxic Spikes
|move|p2a: Boh|Stealth Rock|p1a: Seviper
|-sidestart|p1: eserraba|move: Stealth Rock
|
|upkeep
|turn|2
|
|t:|1779877361
|move|p1a: Seviper|Earthquake|p2a: Boh
|-supereffective|p2a: Boh
|-damage|p2a: Boh|0 fnt
|-activate|p2a: Boh|ability: Toxic Debris
|-sidestart|p1: eserraba|move: Toxic Spikes
|faint|p2a: Boh
|
|upkeep
|
|t:|1779877367
|switch|p2a: ElefALCE|Great Tusk, shiny|100/100
|turn|3
|
|t:|1779877375
|switch|p1a: Masquerain|Masquerain, M|100/100
|-ability|p1a: Masquerain|Intimidate|boost
|-unboost|p2a: ElefALCE|atk|1
|move|p2a: ElefALCE|Earthquake|p1a: Masquerain
|-immune|p1a: Masquerain
|
|upkeep
|turn|4
|
|t:|1779877386
|-end|p2a: ElefALCE|Protosynthesis|[silent]
|switch|p2a: Kyuuuremmo|Kyurem, shiny|100/100
|-ability|p2a: Kyuuuremmo|Pressure
|move|p1a: Masquerain|Quiver Dance|p1a: Masquerain
|-boost|p1a: Masquerain|spa|1
|-boost|p1a: Masquerain|spd|1
|-boost|p1a: Masquerain|spe|1
|
|upkeep
|turn|5
|
|t:|1779877399
|switch|p1a: Seviper|Seviper, M|100/100
|-sideend|p1: eserraba|move: Toxic Spikes|[of] p1a: Seviper
|-damage|p1a: Seviper|88/100|[from] Stealth Rock
|-terastallize|p2a: Kyuuuremmo|Bug
|move|p2a: Kyuuuremmo|Icicle Spear|p1a: Seviper
|-damage|p1a: Seviper|63/100
|-damage|p1a: Seviper|42/100
|-damage|p1a: Seviper|21/100
|-damage|p1a: Seviper|0 fnt
|faint|p1a: Seviper
|-hitcount|p1: Seviper|4
|
|upkeep
|inactive|eserraba has 120 seconds left.
|
|t:|1779877441
|switch|p1a: Volbeat|Volbeat, M|100/100
|-damage|p1a: Volbeat|76/100|[from] Stealth Rock
|turn|6
|
|t:|1779877447
|move|p1a: Volbeat|Tailwind|p1a: Volbeat
|-sidestart|p1: eserraba|move: Tailwind
|move|p2a: Kyuuuremmo|Scale Shot|p1a: Volbeat
|-damage|p1a: Volbeat|65/100
|-damage|p1a: Volbeat|53/100
|-damage|p1a: Volbeat|42/100
|-damage|p1a: Volbeat|31/100
|-hitcount|p1a: Volbeat|4
|-enditem|p1a: Volbeat|Red Card|[of] p2a: Kyuuuremmo
|-unboost|p2a: Kyuuuremmo|def|1
|-boost|p2a: Kyuuuremmo|spe|1
|drag|p2a: Future Haryama|Iron Hands|100/100
|-enditem|p2a: Future Haryama|Booster Energy
|-activate|p2a: Future Haryama|ability: Quark Drive|[fromitem]
|-start|p2a: Future Haryama|quarkdriveatk
|
|upkeep
|turn|7
|inactive|eserraba has 120 seconds left.
|
|t:|1779877471
|move|p1a: Volbeat|Light Screen|p1a: Volbeat
|-sidestart|p1: eserraba|move: Light Screen
|move|p2a: Future Haryama|Swords Dance|p2a: Future Haryama
|-boost|p2a: Future Haryama|atk|2
|
|upkeep
|turn|8
|
|t:|1779877477
|move|p1a: Volbeat|Encore|p2a: Future Haryama
|-start|p2a: Future Haryama|Encore
|move|p2a: Future Haryama|Swords Dance|p2a: Future Haryama
|-boost|p2a: Future Haryama|atk|2
|
|upkeep
|turn|9
|inactive|eserraba has 120 seconds left.
|
|t:|1779877505
|switch|p1a: Golduck|Golduck, M|100/100
|-damage|p1a: Golduck|88/100|[from] Stealth Rock
|-ability|p1a: Golduck|Cloud Nine
|-end|p2a: Future Haryama|Quark Drive|[silent]
|switch|p2a: Messi|Cinderace, M, shiny|100/100
|
|-sideend|p1: eserraba|move: Tailwind
|upkeep
|turn|10
|
|t:|1779877513
|move|p2a: Messi|U-turn|p1a: Golduck
|-start|p2a: Messi|typechange|Bug|[from] ability: Libero
|-damage|p1a: Golduck|43/100
|-enditem|p1a: Golduck|Sitrus Berry|[eat]
|-heal|p1a: Golduck|68/100|[from] item: Sitrus Berry
|
|t:|1779877518
|switch|p2a: Sir Penthe|Serperior, M|100/100|[from] U-turn
|move|p1a: Golduck|Surf|p2a: Sir Penthe
|-resisted|p2a: Sir Penthe
|-damage|p2a: Sir Penthe|79/100
|
|-heal|p2a: Sir Penthe|85/100|[from] item: Leftovers
|upkeep
|turn|11
|
|t:|1779877531
|switch|p1a: Masquerain|Masquerain, M|100/100
|-ability|p1a: Masquerain|Intimidate|boost
|-boost|p2a: Sir Penthe|atk|1
|move|p2a: Sir Penthe|Leaf Storm|p1a: Masquerain
|-resisted|p1a: Masquerain
|-damage|p1a: Masquerain|92/100
|-boost|p2a: Sir Penthe|spa|2
|
|-heal|p2a: Sir Penthe|92/100|[from] item: Leftovers
|-sideend|p1: eserraba|move: Light Screen
|upkeep
|turn|12
|
|t:|1779877546
|move|p2a: Sir Penthe|Knock Off|p1a: Masquerain
|-damage|p1a: Masquerain|54/100
|-enditem|p1a: Masquerain|Heavy-Duty Boots|[from] move: Knock Off|[of] p2a: Sir Penthe
|move|p1a: Masquerain|Ice Beam|p2a: Sir Penthe
|-supereffective|p2a: Sir Penthe
|-damage|p2a: Sir Penthe|26/100
|
|-heal|p2a: Sir Penthe|32/100|[from] item: Leftovers
|upkeep
|turn|13
|
|t:|1779877559
|switch|p2a: Future Haryama|Iron Hands|100/100
|move|p1a: Masquerain|Quiver Dance|p1a: Masquerain
|-boost|p1a: Masquerain|spa|1
|-boost|p1a: Masquerain|spd|1
|-boost|p1a: Masquerain|spe|1
|
|upkeep
|turn|14
|inactive|eserraba has 120 seconds left.
|
|t:|1779877569
|-terastallize|p1a: Masquerain|Ground
|move|p1a: Masquerain|Quiver Dance|p1a: Masquerain
|-boost|p1a: Masquerain|spa|1
|-boost|p1a: Masquerain|spd|1
|-boost|p1a: Masquerain|spe|1
|move|p2a: Future Haryama|Ice Punch|p1a: Masquerain
|-supereffective|p1a: Masquerain
|-damage|p1a: Masquerain|0 fnt
|faint|p1a: Masquerain
|
|upkeep
|inactive|eserraba has 120 seconds left.
|
|t:|1779877585
|switch|p1a: Shiftry|Shiftry, M|100/100
|-damage|p1a: Shiftry|88/100|[from] Stealth Rock
|turn|15
|
|t:|1779877591
|move|p1a: Shiftry|Explosion|p2a: Future Haryama
|-damage|p2a: Future Haryama|45/100
|faint|p1a: Shiftry
|move|p2a: Future Haryama|Drain Punch|p1: Shiftry|[notarget]
|-fail|p2a: Future Haryama
|
|upkeep
|inactive|eserraba has 120 seconds left.
|
|t:|1779877596
|switch|p1a: Golduck|Golduck, M|68/100
|-damage|p1a: Golduck|56/100|[from] Stealth Rock
|-ability|p1a: Golduck|Cloud Nine
|turn|16
|
|t:|1779877601
|move|p1a: Golduck|Psychic Noise|p2a: Future Haryama
|-supereffective|p2a: Future Haryama
|-damage|p2a: Future Haryama|13/100
|-start|p2a: Future Haryama|move: Heal Block
|move|p2a: Future Haryama|Thunder Punch|p1a: Golduck
|-supereffective|p1a: Golduck
|-damage|p1a: Golduck|0 fnt
|faint|p1a: Golduck
|
|upkeep
|
|t:|1779877610
|switch|p1a: Eelektross|Eelektross, M|100/100
|-damage|p1a: Eelektross|88/100|[from] Stealth Rock
|turn|17
|
|t:|1779877618
|move|p2a: Future Haryama|Ice Punch|p1a: Eelektross
|-damage|p1a: Eelektross|53/100
|move|p1a: Eelektross|Drain Punch|p2a: Future Haryama
|-damage|p2a: Future Haryama|0 fnt
|-heal|p1a: Eelektross|61/100|[from] drain|[of] p2a: Future Haryama
|faint|p2a: Future Haryama
|-end|p2a: Future Haryama|Quark Drive|[silent]
|
|upkeep
|
|t:|1779877629
|switch|p2a: Messi|Cinderace, M, shiny|100/100
|turn|18
|
|t:|1779877635
|move|p2a: Messi|Pyro Ball|p1a: Eelektross
|-damage|p1a: Eelektross|0 fnt
|faint|p1a: Eelektross
|
|upkeep
|-message|eserraba forfeited.
|
|win|mrantenna
|raw|eserraba's rating: 1121 &rarr; <strong>1095</strong><br />(-26 for losing)
|raw|mrantenna's rating: 1113 &rarr; <strong>1139</strong><br />(+26 for winning)
|l|☆eserraba
|player|p1|
|c|☆mrantenna|gg rosik
|l|☆mrantenna
|player|p2|
