|j|‽veilmaster44
|j|☆lord_brains
|t:|1779916488
|gametype|singles
|player|p1|veilmaster44|1|1249
|player|p2|lord_brains|nate|1229
|gen|9
|tier|[Gen 9] OU
|rated|
|rule|HP Percentage Mod: HP is shown in percentages
|rule|Endless Battle Clause: Forcing endless battles is banned
|rule|Species Clause: Limit one of each Pokémon
|rule|OHKO Clause: OHKO moves are banned
|rule|Evasion Items Clause: Evasion items are banned
|rule|Evasion Moves Clause: Evasion moves are banned
|rule|Evasion Abilities Clause: Evasion abilities are banned
|rule|Sleep Moves Clause: Sleep-inducing moves are banned
|clearpoke
|poke|p1|Oricorio-Pom-Pom, F|
|poke|p1|Ninetales-Alola, M|
|poke|p1|Kyurem|
|poke|p1|Iron Moth|
|poke|p1|Great Tusk|
|poke|p1|Rillaboom, F|
|poke|p2|Scizor, M|
|poke|p2|Great Tusk|
|poke|p2|Kyurem|
|poke|p2|Glimmora, M|
|poke|p2|Registeel|
|poke|p2|Chandelure, M|
|teampreview
|c|☆lord_brains|glhf
|
|t:|1779916500
|teamsize|p1|6
|teamsize|p2|6
|start
|switch|p1a: Great Tusk|Great Tusk|100/100
|switch|p2a: Kyurem|Kyurem|100/100
|-ability|p2a: Kyurem|Pressure
|-enditem|p1a: Great Tusk|Booster Energy
|-activate|p1a: Great Tusk|ability: Protosynthesis|[fromitem]
|-start|p1a: Great Tusk|protosynthesisspe
|turn|1
|
|t:|1779916512
|-end|p1a: Great Tusk|Protosynthesis|[silent]
|switch|p1a: Ninetales|Ninetales-Alola, M|100/100
|-weather|Snowscape|[from] ability: Snow Warning|[of] p1a: Ninetales
|switch|p2a: Chandelure|Chandelure, M, shiny|100/100
|
|-weather|Snowscape|[upkeep]
|upkeep
|turn|2
|
|t:|1779916522
|move|p1a: Ninetales|Aurora Veil|p1a: Ninetales
|-sidestart|p1: veilmaster44|move: Aurora Veil
|move|p2a: Chandelure|Fire Blast|p1a: Ninetales
|-supereffective|p1a: Ninetales
|-damage|p1a: Ninetales|41/100
|
|-weather|Snowscape|[upkeep]
|upkeep
|turn|3
|
|t:|1779916555
|switch|p1a: Iron Moth|Iron Moth|100/100
|-enditem|p1a: Iron Moth|Booster Energy
|-activate|p1a: Iron Moth|ability: Quark Drive|[fromitem]
|-start|p1a: Iron Moth|quarkdrivespe
|move|p2a: Chandelure|Will-O-Wisp|p1a: Iron Moth
|-immune|p1a: Iron Moth
|
|-weather|Snowscape|[upkeep]
|upkeep
|turn|4
|
|t:|1779916569
|move|p1a: Iron Moth|Substitute|p1a: Iron Moth
|-start|p1a: Iron Moth|Substitute
|-damage|p1a: Iron Moth|76/100
|move|p2a: Chandelure|Hex|p1a: Iron Moth
|-activate|p1a: Iron Moth|move: Substitute|[damage]
|
|-weather|Snowscape|[upkeep]
|upkeep
|turn|5
|
|t:|1779916575
|move|p1a: Iron Moth|Sludge Wave|p2a: Chandelure
|-resisted|p2a: Chandelure
|-damage|p2a: Chandelure|66/100
|move|p2a: Chandelure|Hex|p1a: Iron Moth
|-end|p1a: Iron Moth|Substitute
|
|-weather|none
|upkeep
|turn|6
|
|t:|1779916587
|switch|p2a: Great Tusk|Great Tusk|100/100
|move|p1a: Iron Moth|Sludge Wave|p2a: Great Tusk
|-resisted|p2a: Great Tusk
|-damage|p2a: Great Tusk|66/100
|-status|p2a: Great Tusk|psn
|
|-heal|p2a: Great Tusk|72/100 psn|[from] item: Leftovers
|-damage|p2a: Great Tusk|60/100 psn|[from] psn
|upkeep
|turn|7
|
|t:|1779916594
|move|p1a: Iron Moth|Fiery Dance|p2a: Great Tusk
|-damage|p2a: Great Tusk|0 fnt
|-boost|p1a: Iron Moth|spa|1
|faint|p2a: Great Tusk
|-end|p2a: Great Tusk|Protosynthesis|[silent]
|
|upkeep
|
|t:|1779916602
|switch|p2a: Glimmora|Glimmora, M|100/100
|turn|8
|
|t:|1779916637
|move|p1a: Iron Moth|Substitute|p1a: Iron Moth
|-start|p1a: Iron Moth|Substitute
|-damage|p1a: Iron Moth|51/100
|move|p2a: Glimmora|Earth Power|p1a: Iron Moth
|-supereffective|p1a: Iron Moth
|-end|p1a: Iron Moth|Substitute
|
|upkeep
|turn|9
|
|t:|1779916671
|move|p1a: Iron Moth|Energy Ball|p2a: Glimmora
|-damage|p2a: Glimmora|39/100
|move|p2a: Glimmora|Power Gem|p1a: Iron Moth
|-supereffective|p1a: Iron Moth
|-damage|p1a: Iron Moth|8/100
|
|-sideend|p1: veilmaster44|move: Aurora Veil
|upkeep
|turn|10
|
|t:|1779916680
|move|p1a: Iron Moth|Energy Ball|p2a: Glimmora
|-damage|p2a: Glimmora|0 fnt
|faint|p2a: Glimmora
|
|upkeep
|
|t:|1779916684
|switch|p2a: Scizor|Scizor, M|100/100
|turn|11
|
|t:|1779916734
|move|p2a: Scizor|Bullet Punch|p1a: Iron Moth
|-resisted|p1a: Iron Moth
|-damage|p1a: Iron Moth|0 fnt
|faint|p1a: Iron Moth
|-end|p1a: Iron Moth|Quark Drive|[silent]
|
|upkeep
|
|t:|1779916758
|switch|p1a: Great Tusk|Great Tusk|100/100
|turn|12
|
|t:|1779916765
|switch|p2a: Kyurem|Kyurem|100/100
|-ability|p2a: Kyurem|Pressure
|move|p1a: Great Tusk|Bulk Up|p1a: Great Tusk
|-boost|p1a: Great Tusk|atk|1
|-boost|p1a: Great Tusk|def|1
|
|upkeep
|turn|13
|
|t:|1779916779
|move|p2a: Kyurem|Ice Beam|p1a: Great Tusk
|-supereffective|p1a: Great Tusk
|-damage|p1a: Great Tusk|0 fnt
|faint|p1a: Great Tusk
|-end|p1a: Great Tusk|Protosynthesis|[silent]
|
|upkeep
|
|t:|1779916790
|switch|p1a: Ninetales|Ninetales-Alola, M|41/100
|-weather|Snowscape|[from] ability: Snow Warning|[of] p1a: Ninetales
|turn|14
|
|t:|1779916795
|move|p1a: Ninetales|Aurora Veil|p1a: Ninetales
|-sidestart|p1: veilmaster44|move: Aurora Veil
|move|p2a: Kyurem|Ice Beam|p1a: Ninetales
|-resisted|p1a: Ninetales
|-damage|p1a: Ninetales|23/100
|
|-weather|Snowscape|[upkeep]
|upkeep
|turn|15
|
|t:|1779916802
|switch|p1a: Kyurem|Kyurem|100/100
|-ability|p1a: Kyurem|Pressure
|switch|p2a: Chandelure|Chandelure, M, shiny|66/100
|
|-weather|Snowscape|[upkeep]
|upkeep
|turn|16
|
|t:|1779916819
|move|p1a: Kyurem|Earth Power|p2a: Chandelure
|-supereffective|p2a: Chandelure
|-damage|p2a: Chandelure|0 fnt
|faint|p2a: Chandelure
|
|-weather|Snowscape|[upkeep]
|upkeep
|
|t:|1779916839
|switch|p2a: Scizor|Scizor, M|100/100
|turn|17
|
|t:|1779916858
|switch|p1a: Rillaboom|Rillaboom, F|100/100
|-fieldstart|move: Grassy Terrain|[from] ability: Grassy Surge|[of] p1a: Rillaboom
|move|p2a: Scizor|U-turn|p1a: Rillaboom
|-supereffective|p1a: Rillaboom
|-damage|p1a: Rillaboom|42/100
|
|t:|1779916865
|switch|p2a: Kyurem|Kyurem|100/100|[from] U-turn
|-ability|p2a: Kyurem|Pressure
|
|-weather|Snowscape|[upkeep]
|-heal|p1a: Rillaboom|48/100|[from] Grassy Terrain
|upkeep
|turn|18
|
|t:|1779916907
|move|p2a: Kyurem|Ice Beam|p1a: Rillaboom
|-supereffective|p1a: Rillaboom
|-damage|p1a: Rillaboom|0 fnt
|faint|p1a: Rillaboom
|
|-weather|none
|upkeep
|
|t:|1779916913
|switch|p1a: Kyurem|Kyurem|100/100
|-ability|p1a: Kyurem|Pressure
|turn|19
|
|t:|1779916923
|switch|p2a: Scizor|Scizor, M|100/100
|move|p1a: Kyurem|Earth Power|p2a: Scizor
|-damage|p2a: Scizor|43/100
|
|-heal|p2a: Scizor|49/100|[from] Grassy Terrain
|upkeep
|turn|20
|
|t:|1779916933
|move|p2a: Scizor|Bullet Punch|p1a: Kyurem
|-supereffective|p1a: Kyurem
|-damage|p1a: Kyurem|49/100
|move|p1a: Kyurem|Earth Power|p2a: Scizor
|-damage|p2a: Scizor|0 fnt
|faint|p2a: Scizor
|
|-heal|p1a: Kyurem|55/100|[from] Grassy Terrain
|upkeep
|
|t:|1779916942
|switch|p2a: Registeel|Registeel|100/100
|turn|21
|
|t:|1779916954
|move|p1a: Kyurem|Earth Power|p2a: Registeel
|-supereffective|p2a: Registeel
|-damage|p2a: Registeel|49/100
|move|p2a: Registeel|Iron Head|p1a: Kyurem
|-supereffective|p1a: Kyurem
|-damage|p1a: Kyurem|34/100
|
|-heal|p1a: Kyurem|40/100|[from] Grassy Terrain
|-heal|p2a: Registeel|55/100|[from] Grassy Terrain
|-heal|p2a: Registeel|61/100|[from] item: Leftovers
|-sideend|p1: veilmaster44|move: Aurora Veil
|upkeep
|turn|22
|
|t:|1779916966
|move|p1a: Kyurem|Earth Power|p2a: Registeel
|-supereffective|p2a: Registeel
|-damage|p2a: Registeel|14/100
|move|p2a: Registeel|Iron Head|p1a: Kyurem
|-supereffective|p1a: Kyurem
|-damage|p1a: Kyurem|1/100
|
|-heal|p1a: Kyurem|7/100|[from] Grassy Terrain
|-heal|p2a: Registeel|20/100|[from] Grassy Terrain
|-heal|p2a: Registeel|26/100|[from] item: Leftovers
|upkeep
|turn|23
|
|t:|1779916973
|switch|p1a: Oricorio|Oricorio-Pom-Pom, F, shiny|100/100
|-enditem|p1a: Oricorio|Grassy Seed
|-boost|p1a: Oricorio|def|1|[from] item: Grassy Seed
|move|p2a: Registeel|Rest|p2a: Registeel
|-status|p2a: Registeel|slp|[from] move: Rest
|-heal|p2a: Registeel|100/100 slp|[silent]
|
|upkeep
|turn|24
|
|t:|1779916980
|switch|p2a: Kyurem|Kyurem|100/100
|-ability|p2a: Kyurem|Pressure
|move|p1a: Oricorio|Quiver Dance|p1a: Oricorio
|-boost|p1a: Oricorio|spa|1
|-boost|p1a: Oricorio|spd|1
|-boost|p1a: Oricorio|spe|1
|
|-fieldend|move: Grassy Terrain
|upkeep
|turn|25
|
|t:|1779916989
|move|p1a: Oricorio|Quiver Dance|p1a: Oricorio
|-boost|p1a: Oricorio|spa|1
|-boost|p1a: Oricorio|spd|1
|-boost|p1a: Oricorio|spe|1
|move|p2a: Kyurem|Ice Beam|p1a: Oricorio
|-supereffective|p1a: Oricorio
|-damage|p1a: Oricorio|13/100
|
|upkeep
|turn|26
|
|t:|1779916997
|move|p1a: Oricorio|Hurricane|p2a: Kyurem
|-damage|p2a: Kyurem|35/100
|move|p2a: Kyurem|Ice Beam|p1a: Oricorio
|-supereffective|p1a: Oricorio
|-damage|p1a: Oricorio|0 fnt
|faint|p1a: Oricorio
|
|upkeep
|
|t:|1779917008
|switch|p1a: Ninetales|Ninetales-Alola, M|23/100
|-weather|Snowscape|[from] ability: Snow Warning|[of] p1a: Ninetales
|turn|27
|
|t:|1779917015
|switch|p2a: Registeel|Registeel|100/100 slp
|move|p1a: Ninetales|Aurora Veil|p1a: Ninetales
|-sidestart|p1: veilmaster44|move: Aurora Veil
|
|-weather|Snowscape|[upkeep]
|upkeep
|turn|28
|
|t:|1779917019
|switch|p1a: Kyurem|Kyurem|7/100
|-ability|p1a: Kyurem|Pressure
|cant|p2a: Registeel|slp
|
|-weather|Snowscape|[upkeep]
|upkeep
|turn|29
|
|t:|1779917026
|-terastallize|p2a: Registeel|Fighting
|move|p1a: Kyurem|Earth Power|p2a: Registeel
|-damage|p2a: Registeel|77/100 slp
|cant|p2a: Registeel|slp
|
|-weather|Snowscape|[upkeep]
|-heal|p2a: Registeel|83/100 slp|[from] item: Leftovers
|upkeep
|turn|30
|
|t:|1779917031
|switch|p1a: Ninetales|Ninetales-Alola, M|23/100
|-curestatus|p2a: Registeel|slp|[msg]
|move|p2a: Registeel|Iron Head|p1a: Ninetales
|-supereffective|p1a: Ninetales
|-damage|p1a: Ninetales|0 fnt
|faint|p1a: Ninetales
|
|-weather|Snowscape|[upkeep]
|-heal|p2a: Registeel|89/100|[from] item: Leftovers
|upkeep
|
|t:|1779917033
|switch|p1a: Kyurem|Kyurem|7/100
|-ability|p1a: Kyurem|Pressure
|turn|31
|c|☆lord_brains|gg
|
|t:|1779917043
|-terastallize|p1a: Kyurem|Ice
|move|p1a: Kyurem|Blizzard|p2a: Registeel
|-damage|p2a: Registeel|31/100
|move|p2a: Registeel|Iron Head|p1a: Kyurem
|-supereffective|p1a: Kyurem
|-damage|p1a: Kyurem|0 fnt
|faint|p1a: Kyurem
|
|win|lord_brains
|raw|veilmaster44's rating: 1304 &rarr; <strong>1280</strong><br />(-24 for losing)
|raw|lord_brains's rating: 1229 &rarr; <strong>1259</strong><br />(+30 for winning)
|l|‽veilmaster44
|player|p1|
|l|☆lord_brains
|player|p2|
