|j|☆renardoux99
|j|☆bubaladis
|t:|1779885162
|gametype|singles
|player|p1|renardoux99|medium|1168
|player|p2|bubaladis|2|1116
|gen|9
|tier|[Gen 9] OU
|rated|
|rule|HP Percentage Mod: HP is shown in percentages
|rule|Endless Battle Clause: Forcing endless battles is banned
|rule|Species Clause: Limit one of each Pokémon
|rule|OHKO Clause: OHKO moves are banned
|rule|Evasion Items Clause: Evasion items are banned
|rule|Evasion Moves Clause: Evasion moves are banned
|rule|Evasion Abilities Clause: Evasion abilities are banned
|rule|Sleep Moves Clause: Sleep-inducing moves are banned
|clearpoke
|poke|p1|Iron Crown|
|poke|p1|Great Tusk|
|poke|p1|Clefable, M|
|poke|p1|Ceruledge, M|
|poke|p1|Regieleki|
|poke|p1|Samurott-Hisui, M|
|poke|p2|Tyranitar, M|
|poke|p2|Garchomp, M|
|poke|p2|Blastoise, M|
|poke|p2|Dragonite, M|
|poke|p2|Gyarados, M|
|poke|p2|Vileplume, F|
|teampreview
|
|t:|1779885189
|teamsize|p1|6
|teamsize|p2|6
|start
|switch|p1a: Samurott|Samurott-Hisui, M, shiny|100/100
|switch|p2a: Vileplume|Vileplume, F|100/100
|turn|1
|inactive|Battle timer is ON: inactive players will automatically lose when time's up. (requested by bubaladis)
|
|t:|1779885209
|move|p1a: Samurott|Ceaseless Edge|p2a: Vileplume
|-damage|p2a: Vileplume|45/100
|-sidestart|p2: bubaladis|Spikes
|move|p2a: Vileplume|Giga Drain|p1a: Samurott
|-supereffective|p1a: Samurott
|-enditem|p1a: Samurott|Focus Sash
|-damage|p1a: Samurott|1/100
|-heal|p2a: Vileplume|99/100|[from] drain|[of] p1a: Samurott
|
|-heal|p2a: Vileplume|100/100|[from] item: Leftovers
|upkeep
|turn|2
|
|t:|1779885220
|switch|p2a: Garchomp|Garchomp, M|100/100
|-damage|p2a: Garchomp|88/100|[from] Spikes
|move|p1a: Samurott|Ceaseless Edge|p2a: Garchomp
|-damage|p2a: Garchomp|37/100
|-damage|p1a: Samurott|0 fnt|[from] ability: Rough Skin|[of] p2a: Garchomp
|faint|p1a: Samurott
|
|-heal|p2a: Garchomp|43/100|[from] item: Leftovers
|upkeep
|
|t:|1779885239
|switch|p1a: Ceruledge|Ceruledge, M|100/100
|turn|3
|
|t:|1779885243
|move|p2a: Garchomp|Earthquake|p1a: Ceruledge
|-supereffective|p1a: Ceruledge
|-enditem|p1a: Ceruledge|Focus Sash
|-damage|p1a: Ceruledge|1/100
|-ability|p1a: Ceruledge|Weak Armor|boost
|-unboost|p1a: Ceruledge|def|1
|-boost|p1a: Ceruledge|spe|2
|move|p1a: Ceruledge|Swords Dance|p1a: Ceruledge
|-boost|p1a: Ceruledge|atk|2
|
|-heal|p2a: Garchomp|49/100|[from] item: Leftovers
|upkeep
|turn|4
|
|t:|1779885255
|move|p1a: Ceruledge|Bitter Blade|p2a: Garchomp
|-resisted|p2a: Garchomp
|-damage|p2a: Garchomp|3/100
|-heal|p1a: Ceruledge|29/100|[from] drain|[of] p2a: Garchomp
|-damage|p1a: Ceruledge|17/100|[from] ability: Rough Skin|[of] p2a: Garchomp
|move|p2a: Garchomp|Earthquake|p1a: Ceruledge
|-supereffective|p1a: Ceruledge
|-damage|p1a: Ceruledge|0 fnt
|faint|p1a: Ceruledge
|
|-heal|p2a: Garchomp|9/100|[from] item: Leftovers
|upkeep
|
|t:|1779885271
|switch|p1a: Clefable|Clefable, M|100/100
|turn|5
|
|t:|1779885277
|switch|p2a: Blastoise|Blastoise, M|100/100
|-damage|p2a: Blastoise|88/100|[from] Spikes
|move|p1a: Clefable|Reflect|p1a: Clefable
|-sidestart|p1: renardoux99|Reflect
|
|-heal|p2a: Blastoise|94/100|[from] item: Leftovers
|upkeep
|turn|6
|
|t:|1779885284
|move|p2a: Blastoise|Rapid Spin|p1a: Clefable
|-damage|p1a: Clefable|96/100
|-boost|p2a: Blastoise|spe|1
|-sideend|p2: bubaladis|Spikes|[from] move: Rapid Spin|[of] p2a: Blastoise
|move|p1a: Clefable|Light Screen|p1a: Clefable
|-sidestart|p1: renardoux99|move: Light Screen
|
|-heal|p2a: Blastoise|99/100|[from] item: Leftovers
|upkeep
|turn|7
|
|t:|1779885294
|switch|p1a: Regieleki|Regieleki|100/100
|move|p2a: Blastoise|Surf|p1a: Regieleki
|-damage|p1a: Regieleki|69/100
|
|-heal|p2a: Blastoise|100/100|[from] item: Leftovers
|upkeep
|turn|8
|
|t:|1779885303
|switch|p2a: Tyranitar|Tyranitar, M|100/100
|-weather|Sandstorm|[from] ability: Sand Stream|[of] p2a: Tyranitar
|move|p1a: Regieleki|Thunderbolt|p2a: Tyranitar
|-damage|p2a: Tyranitar|44/100
|
|-weather|Sandstorm|[upkeep]
|-damage|p1a: Regieleki|63/100|[from] Sandstorm
|-heal|p2a: Tyranitar|50/100|[from] item: Leftovers
|upkeep
|turn|9
|
|t:|1779885313
|switch|p2a: Garchomp|Garchomp, M|9/100
|move|p1a: Regieleki|Thunderbolt|p2a: Garchomp
|-immune|p2a: Garchomp
|
|-weather|Sandstorm|[upkeep]
|-damage|p1a: Regieleki|57/100|[from] Sandstorm
|-heal|p2a: Garchomp|15/100|[from] item: Leftovers
|upkeep
|turn|10
|
|t:|1779885323
|switch|p1a: Clefable|Clefable, M|96/100
|move|p2a: Garchomp|Earthquake|p1a: Clefable
|-damage|p1a: Clefable|71/100
|
|-weather|Sandstorm|[upkeep]
|-heal|p2a: Garchomp|21/100|[from] item: Leftovers
|upkeep
|turn|11
|
|t:|1779885331
|move|p2a: Garchomp|Poison Jab|p1a: Clefable
|-supereffective|p1a: Clefable
|-damage|p1a: Clefable|46/100
|move|p1a: Clefable|Alluring Voice|p2a: Garchomp
|-supereffective|p2a: Garchomp
|-damage|p2a: Garchomp|0 fnt
|faint|p2a: Garchomp
|
|-weather|Sandstorm|[upkeep]
|upkeep
|
|t:|1779885345
|switch|p2a: Gyarados|Gyarados, M|100/100
|-ability|p2a: Gyarados|Intimidate|boost
|-unboost|p1a: Clefable|atk|1
|turn|12
|
|t:|1779885359
|move|p2a: Gyarados|Earthquake|p1a: Clefable
|-damage|p1a: Clefable|30/100
|move|p1a: Clefable|Reflect||[still]
|-fail|p1a: Clefable
|
|-weather|none
|-sideend|p1: renardoux99|Reflect
|upkeep
|turn|13
|
|t:|1779885365
|move|p2a: Gyarados|Waterfall|p1a: Clefable
|-damage|p1a: Clefable|0 fnt
|faint|p1a: Clefable
|
|-sideend|p1: renardoux99|move: Light Screen
|upkeep
|
|t:|1779885371
|switch|p1a: Regieleki|Regieleki|57/100
|turn|14
|
|t:|1779885377
|switch|p2a: Tyranitar|Tyranitar, M|50/100
|-weather|Sandstorm|[from] ability: Sand Stream|[of] p2a: Tyranitar
|move|p1a: Regieleki|Thunderbolt|p2a: Tyranitar
|-damage|p2a: Tyranitar|0 fnt
|faint|p2a: Tyranitar
|
|-weather|Sandstorm|[upkeep]
|-damage|p1a: Regieleki|50/100|[from] Sandstorm
|upkeep
|
|t:|1779885390
|switch|p2a: Gyarados|Gyarados, M|100/100
|-ability|p2a: Gyarados|Intimidate|boost
|-unboost|p1a: Regieleki|atk|1
|turn|15
|
|t:|1779885404
|-terastallize|p2a: Gyarados|Ground
|move|p1a: Regieleki|Thunderbolt|p2a: Gyarados
|-immune|p2a: Gyarados
|move|p2a: Gyarados|Earthquake|p1a: Regieleki
|-supereffective|p1a: Regieleki
|-damage|p1a: Regieleki|0 fnt
|faint|p1a: Regieleki
|
|-weather|Sandstorm|[upkeep]
|upkeep
|
|t:|1779885417
|switch|p1a: Iron Crown|Iron Crown|100/100
|-enditem|p1a: Iron Crown|Booster Energy
|-activate|p1a: Iron Crown|ability: Quark Drive|[fromitem]
|-start|p1a: Iron Crown|quarkdrivespa
|turn|16
|
|t:|1779885426
|-terastallize|p1a: Iron Crown|Fighting
|move|p1a: Iron Crown|Calm Mind|p1a: Iron Crown
|-boost|p1a: Iron Crown|spa|1
|-boost|p1a: Iron Crown|spd|1
|move|p2a: Gyarados|Thunder Wave|p1a: Iron Crown
|-status|p1a: Iron Crown|par
|
|-weather|Sandstorm|[upkeep]
|-damage|p1a: Iron Crown|94/100 par|[from] Sandstorm
|upkeep
|turn|17
|
|t:|1779885443
|move|p2a: Gyarados|Waterfall|p1a: Iron Crown
|-damage|p1a: Iron Crown|51/100 par
|move|p1a: Iron Crown|Agility|p1a: Iron Crown
|-boost|p1a: Iron Crown|spe|2
|
|-weather|Sandstorm|[upkeep]
|-damage|p1a: Iron Crown|45/100 par|[from] Sandstorm
|upkeep
|turn|18
|
|t:|1779885451
|move|p1a: Iron Crown|Agility|p1a: Iron Crown
|-boost|p1a: Iron Crown|spe|2
|move|p2a: Gyarados|Waterfall|p1a: Iron Crown
|-damage|p1a: Iron Crown|4/100 par
|
|-weather|none
|upkeep
|turn|19
|
|t:|1779885458
|move|p1a: Iron Crown|Stored Power|p2a: Gyarados
|-damage|p2a: Gyarados|0 fnt
|faint|p2a: Gyarados
|
|upkeep
|
|t:|1779885462
|switch|p2a: Dragonite|Dragonite, M|100/100
|turn|20
|
|t:|1779885466
|move|p2a: Dragonite|Extreme Speed|p1a: Iron Crown
|-damage|p1a: Iron Crown|0 fnt
|faint|p1a: Iron Crown
|-end|p1a: Iron Crown|Quark Drive|[silent]
|
|upkeep
|
|t:|1779885471
|switch|p1a: Great Tusk|Great Tusk|100/100
|turn|21
|
|t:|1779885479
|switch|p2a: Blastoise|Blastoise, M|100/100
|move|p1a: Great Tusk|Supercell Slam|p2a: Blastoise
|-supereffective|p2a: Blastoise
|-damage|p2a: Blastoise|34/100
|
|-heal|p2a: Blastoise|40/100|[from] item: Leftovers
|upkeep
|turn|22
|
|t:|1779885486
|move|p1a: Great Tusk|Supercell Slam|p2a: Blastoise
|-supereffective|p2a: Blastoise
|-damage|p2a: Blastoise|0 fnt
|faint|p2a: Blastoise
|
|upkeep
|
|t:|1779885491
|switch|p2a: Vileplume|Vileplume, F|100/100
|turn|23
|c|☆bubaladis|so
|c|☆bubaladis|what's next ?
|
|t:|1779885517
|move|p1a: Great Tusk|Earthquake|p2a: Vileplume
|-damage|p2a: Vileplume|31/100
|move|p2a: Vileplume|Giga Drain|p1a: Great Tusk
|-supereffective|p1a: Great Tusk
|-damage|p1a: Great Tusk|0 fnt
|-heal|p2a: Vileplume|93/100|[from] drain|[of] p1a: Great Tusk
|faint|p1a: Great Tusk
|-end|p1a: Great Tusk|Protosynthesis|[silent]
|
|win|bubaladis
|raw|renardoux99's rating: 1168 &rarr; <strong>1139</strong><br />(-29 for losing)
|raw|bubaladis's rating: 1116 &rarr; <strong>1145</strong><br />(+29 for winning)
|l|☆bubaladis
|player|p2|
|l|☆renardoux99
|player|p1|
