|j|☆Senpai_4884
|j|☆Lukas21
|t:|1779915459
|gametype|singles
|player|p1|Senpai_4884|265|1174
|player|p2|Lukas21|1|1178
|gen|9
|tier|[Gen 9] OU
|rated|
|rule|HP Percentage Mod: HP is shown in percentages
|rule|Endless Battle Clause: Forcing endless battles is banned
|rule|Species Clause: Limit one of each Pokémon
|rule|OHKO Clause: OHKO moves are banned
|rule|Evasion Items Clause: Evasion items are banned
|rule|Evasion Moves Clause: Evasion moves are banned
|rule|Evasion Abilities Clause: Evasion abilities are banned
|rule|Sleep Moves Clause: Sleep-inducing moves are banned
|clearpoke
|poke|p1|Great Tusk|
|poke|p1|Corviknight, F|
|poke|p1|Ninetales, M|
|poke|p1|Hatterene, F|
|poke|p1|Comfey, M|
|poke|p1|Goodra-Hisui, M|
|poke|p2|Scyther, F|
|poke|p2|Incineroar, M|
|poke|p2|Eelektross, F|
|poke|p2|Glimmora, M|
|poke|p2|Registeel|
|poke|p2|Hydrapple, F|
|teampreview
|
|t:|1779915481
|teamsize|p1|6
|teamsize|p2|6
|start
|switch|p1a: Ninetales|Ninetales, M|100/100
|switch|p2a: Hydrapple|Hydrapple, F|100/100
|-weather|SunnyDay|[from] ability: Drought|[of] p1a: Ninetales
|turn|1
|inactive|Battle timer is ON: inactive players will automatically lose when time's up. (requested by Senpai_4884)
|
|t:|1779915492
|move|p1a: Ninetales|Flamethrower|p2a: Hydrapple
|-damage|p2a: Hydrapple|54/100
|move|p2a: Hydrapple|Earth Power|p1a: Ninetales
|-supereffective|p1a: Ninetales
|-damage|p1a: Ninetales|12/100
|-damage|p2a: Hydrapple|44/100|[from] item: Life Orb
|
|-weather|SunnyDay|[upkeep]
|upkeep
|turn|2
|
|t:|1779915503
|switch|p2a: Incineroar|Incineroar, M|100/100
|-ability|p2a: Incineroar|Intimidate|boost
|-unboost|p1a: Ninetales|atk|1
|move|p1a: Ninetales|Flamethrower|p2a: Incineroar
|-resisted|p2a: Incineroar
|-damage|p2a: Incineroar|75/100
|
|-weather|SunnyDay|[upkeep]
|upkeep
|turn|3
|
|t:|1779915512
|switch|p1a: Corviknight|Corviknight, F|100/100
|move|p2a: Incineroar|Fake Out|p1a: Corviknight
|-resisted|p1a: Corviknight
|-damage|p1a: Corviknight|96/100
|-damage|p2a: Incineroar|58/100|[from] item: Rocky Helmet|[of] p1a: Corviknight
|
|-weather|SunnyDay|[upkeep]
|upkeep
|turn|4
|
|t:|1779915524
|switch|p1a: Ninetales|Ninetales, M|12/100
|move|p2a: Incineroar|Flare Blitz|p1a: Ninetales
|-resisted|p1a: Ninetales
|-damage|p1a: Ninetales|0 fnt
|faint|p1a: Ninetales
|-damage|p2a: Incineroar|55/100|[from] Recoil
|
|-weather|SunnyDay|[upkeep]
|upkeep
|
|t:|1779915538
|switch|p1a: Great Tusk|Great Tusk|100/100
|-activate|p1a: Great Tusk|ability: Protosynthesis
|-start|p1a: Great Tusk|protosynthesisatk
|turn|5
|
|t:|1779915547
|switch|p2a: Eelektross|Eelektross, F|100/100
|move|p1a: Great Tusk|Headlong Rush|p2a: Eelektross
|-immune|p2a: Eelektross|[from] ability: Levitate
|
|-weather|SunnyDay|[upkeep]
|upkeep
|turn|6
|
|t:|1779915553
|move|p1a: Great Tusk|Knock Off|p2a: Eelektross
|-damage|p2a: Eelektross|56/100
|-enditem|p2a: Eelektross|Assault Vest|[from] move: Knock Off|[of] p1a: Great Tusk
|move|p2a: Eelektross|Giga Drain|p1a: Great Tusk
|-supereffective|p1a: Great Tusk
|-damage|p1a: Great Tusk|33/100
|-heal|p2a: Eelektross|96/100|[from] drain|[of] p1a: Great Tusk
|
|-weather|SunnyDay|[upkeep]
|upkeep
|turn|7
|
|t:|1779915562
|-end|p1a: Great Tusk|Protosynthesis|[silent]
|switch|p1a: Goodra|Goodra-Hisui, M|100/100
|move|p2a: Eelektross|Giga Drain|p1a: Goodra
|-ability|p1a: Goodra|Sap Sipper|boost
|-boost|p1a: Goodra|atk|1
|
|-weather|SunnyDay|[upkeep]
|upkeep
|turn|8
|
|t:|1779915569
|move|p1a: Goodra|Flamethrower|p2a: Eelektross
|-damage|p2a: Eelektross|42/100
|move|p2a: Eelektross|Flamethrower|p1a: Goodra
|-damage|p1a: Goodra|78/100
|
|-weather|none
|upkeep
|turn|9
|
|t:|1779915576
|move|p1a: Goodra|Flamethrower|p2a: Eelektross
|-damage|p2a: Eelektross|7/100
|move|p2a: Eelektross|Discharge|p1a: Goodra
|-resisted|p1a: Goodra
|-damage|p1a: Goodra|69/100
|
|upkeep
|turn|10
|
|t:|1779915583
|move|p1a: Goodra|Flamethrower|p2a: Eelektross
|-damage|p2a: Eelektross|0 fnt
|faint|p2a: Eelektross
|
|upkeep
|
|t:|1779915596
|switch|p2a: Incineroar|Incineroar, M|55/100
|-ability|p2a: Incineroar|Intimidate|boost
|-unboost|p1a: Goodra|atk|1
|turn|11
|
|t:|1779915603
|switch|p1a: Corviknight|Corviknight, F|96/100
|move|p2a: Incineroar|Parting Shot|p1a: Corviknight
|-ability|p1a: Corviknight|Mirror Armor
|-unboost|p2a: Incineroar|atk|1
|-ability|p1a: Corviknight|Mirror Armor
|-unboost|p2a: Incineroar|spa|1
|
|t:|1779915618
|switch|p2a: Registeel|Registeel|100/100|[from] Parting Shot
|
|upkeep
|turn|12
|
|t:|1779915630
|switch|p1a: Hatterene|Hatterene, F|100/100
|move|p2a: Registeel|Curse|p2a: Registeel
|-unboost|p2a: Registeel|spe|1
|-boost|p2a: Registeel|atk|1
|-boost|p2a: Registeel|def|1
|
|upkeep
|turn|13
|
|t:|1779915639
|move|p2a: Registeel|Iron Head|p1a: Hatterene
|-supereffective|p1a: Hatterene
|-damage|p1a: Hatterene|10/100
|cant|p1a: Hatterene|flinch
|
|-heal|p1a: Hatterene|16/100|[from] item: Leftovers
|upkeep
|turn|14
|
|t:|1779915652
|move|p2a: Registeel|Shadow Claw|p1a: Hatterene
|-supereffective|p1a: Hatterene
|-damage|p1a: Hatterene|0 fnt
|faint|p1a: Hatterene
|
|upkeep
|
|t:|1779915654
|switch|p1a: Goodra|Goodra-Hisui, M|69/100
|turn|15
|
|t:|1779915659
|move|p1a: Goodra|Flamethrower|p2a: Registeel
|-supereffective|p2a: Registeel
|-damage|p2a: Registeel|64/100
|move|p2a: Registeel|Curse|p2a: Registeel
|-unboost|p2a: Registeel|spe|1
|-boost|p2a: Registeel|atk|1
|-boost|p2a: Registeel|def|1
|
|-heal|p2a: Registeel|70/100|[from] item: Leftovers
|upkeep
|turn|16
|
|t:|1779915668
|move|p1a: Goodra|Flamethrower|p2a: Registeel
|-supereffective|p2a: Registeel
|-damage|p2a: Registeel|30/100
|move|p2a: Registeel|Body Press|p1a: Goodra
|-supereffective|p1a: Goodra
|-damage|p1a: Goodra|0 fnt
|faint|p1a: Goodra
|
|-heal|p2a: Registeel|36/100|[from] item: Leftovers
|upkeep
|
|t:|1779915676
|switch|p1a: Great Tusk|Great Tusk|33/100
|turn|17
|
|t:|1779915690
|move|p1a: Great Tusk|Headlong Rush|p2a: Registeel
|-supereffective|p2a: Registeel
|-damage|p2a: Registeel|0 fnt
|-unboost|p1a: Great Tusk|def|1
|-unboost|p1a: Great Tusk|spd|1
|faint|p2a: Registeel
|
|upkeep
|
|t:|1779915706
|switch|p2a: Glimmora|Glimmora, M|100/100
|-item|p2a: Glimmora|Air Balloon
|turn|18
|
|t:|1779915720
|move|p1a: Great Tusk|Iron Head|p2a: Glimmora
|-supereffective|p2a: Glimmora
|-damage|p2a: Glimmora|40/100
|-activate|p2a: Glimmora|ability: Toxic Debris
|-sidestart|p1: Senpai_4884|move: Toxic Spikes
|-enditem|p2a: Glimmora|Air Balloon
|move|p2a: Glimmora|Energy Ball|p1a: Great Tusk
|-supereffective|p1a: Great Tusk
|-damage|p1a: Great Tusk|0 fnt
|faint|p1a: Great Tusk
|-end|p1a: Great Tusk|Protosynthesis|[silent]
|
|upkeep
|
|t:|1779915730
|switch|p1a: Corviknight|Corviknight, F|96/100
|turn|19
|
|t:|1779915738
|move|p2a: Glimmora|Power Gem|p1a: Corviknight
|-damage|p1a: Corviknight|54/100
|move|p1a: Corviknight|Bulk Up|p1a: Corviknight
|-boost|p1a: Corviknight|atk|1
|-boost|p1a: Corviknight|def|1
|
|upkeep
|turn|20
|
|t:|1779915755
|move|p2a: Glimmora|Power Gem|p1a: Corviknight
|-damage|p1a: Corviknight|12/100
|move|p1a: Corviknight|Body Press|p2a: Glimmora
|-damage|p2a: Glimmora|4/100
|-activate|p2a: Glimmora|ability: Toxic Debris
|-sidestart|p1: Senpai_4884|move: Toxic Spikes
|
|upkeep
|turn|21
|
|t:|1779915761
|move|p2a: Glimmora|Power Gem|p1a: Corviknight
|-damage|p1a: Corviknight|0 fnt
|faint|p1a: Corviknight
|
|upkeep
|
|t:|1779915764
|switch|p1a: Comfey|Comfey, M|100/100
|-status|p1a: Comfey|tox
|turn|22
|
|t:|1779915769
|move|p1a: Comfey|Calm Mind|p1a: Comfey
|-boost|p1a: Comfey|spa|1
|-boost|p1a: Comfey|spd|1
|move|p2a: Glimmora|Sludge Wave|p1a: Comfey
|-supereffective|p1a: Comfey
|-damage|p1a: Comfey|36/100 tox
|
|-heal|p1a: Comfey|42/100 tox|[from] item: Leftovers
|-damage|p1a: Comfey|36/100 tox|[from] psn
|upkeep
|turn|23
|
|t:|1779915777
|move|p1a: Comfey|Giga Drain|p2a: Glimmora
|-damage|p2a: Glimmora|0 fnt
|-heal|p1a: Comfey|39/100 tox|[from] drain|[of] p2a: Glimmora
|faint|p2a: Glimmora
|
|-heal|p1a: Comfey|45/100 tox|[from] item: Leftovers
|-damage|p1a: Comfey|33/100 tox|[from] psn
|upkeep
|
|t:|1779915785
|switch|p2a: Scyther|Scyther, F|100/100
|turn|24
|
|t:|1779915790
|move|p1a: Comfey|Draining Kiss|p2a: Scyther
|-damage|p2a: Scyther|72/100
|-heal|p1a: Comfey|59/100 tox|[from] drain|[of] p2a: Scyther
|move|p2a: Scyther|Swords Dance|p2a: Scyther
|-boost|p2a: Scyther|atk|2
|
|-heal|p1a: Comfey|66/100 tox|[from] item: Leftovers
|-damage|p1a: Comfey|47/100 tox|[from] psn
|upkeep
|turn|25
|
|t:|1779915798
|move|p1a: Comfey|Draining Kiss|p2a: Scyther
|-damage|p2a: Scyther|48/100
|-heal|p1a: Comfey|70/100 tox|[from] drain|[of] p2a: Scyther
|move|p2a: Scyther|Dual Wingbeat|p1a: Comfey
|-damage|p1a: Comfey|0 fnt
|faint|p1a: Comfey
|-hitcount|p1: Comfey|1
|
|win|Lukas21
|raw|Senpai_4884's rating: 1174 &rarr; <strong>1149</strong><br />(-25 for losing)
|raw|Lukas21's rating: 1178 &rarr; <strong>1203</strong><br />(+25 for winning)
|l|☆Senpai_4884
|player|p1|
|l|☆Lukas21
|player|p2|
