|j|☆Geail
|j|☆gummiworm
|t:|1779823265
|gametype|singles
|player|p1|Geail|102|1232
|player|p2|gummiworm|169|1215
|gen|9
|tier|[Gen 9] OU
|rated|
|rule|HP Percentage Mod: HP is shown in percentages
|rule|Endless Battle Clause: Forcing endless battles is banned
|rule|Species Clause: Limit one of each Pokémon
|rule|OHKO Clause: OHKO moves are banned
|rule|Evasion Items Clause: Evasion items are banned
|rule|Evasion Moves Clause: Evasion moves are banned
|rule|Evasion Abilities Clause: Evasion abilities are banned
|rule|Sleep Moves Clause: Sleep-inducing moves are banned
|clearpoke
|poke|p1|Meowscarada, F|
|poke|p1|Bastiodon, F|
|poke|p1|Kingambit, F|
|poke|p1|Great Tusk|
|poke|p1|Iron Moth|
|poke|p1|Regieleki|
|poke|p2|Regieleki|
|poke|p2|Regidrago|
|poke|p2|Regirock|
|poke|p2|Regice|
|poke|p2|Registeel|
|poke|p2|Regigigas|
|teampreview
|
|t:|1779823274
|teamsize|p1|6
|teamsize|p2|6
|start
|switch|p1a: Black Cat|Meowscarada, F|100/100
|switch|p2a: Registeel|Registeel|100/100
|turn|1
|
|t:|1779823280
|move|p1a: Black Cat|Aura Sphere|p2a: Registeel
|-start|p1a: Black Cat|typechange|Fighting|[from] ability: Protean
|-supereffective|p2a: Registeel
|-damage|p2a: Registeel|72/100
|move|p2a: Registeel|Thunder Wave|p1a: Black Cat
|-status|p1a: Black Cat|par
|
|-heal|p2a: Registeel|78/100|[from] item: Leftovers
|upkeep
|turn|2
|
|t:|1779823289
|switch|p1a: Simon|Great Tusk|100/100
|move|p2a: Registeel|Amnesia|p2a: Registeel
|-boost|p2a: Registeel|spd|2
|
|-heal|p2a: Registeel|84/100|[from] item: Leftovers
|upkeep
|turn|3
|
|t:|1779823299
|-terastallize|p2a: Registeel|Ghost
|move|p1a: Simon|Close Combat|p2a: Registeel
|-immune|p2a: Registeel
|move|p2a: Registeel|Iron Defense|p2a: Registeel
|-boost|p2a: Registeel|def|2
|
|-heal|p2a: Registeel|90/100|[from] item: Leftovers
|upkeep
|turn|4
|
|t:|1779823306
|move|p1a: Simon|Headlong Rush|p2a: Registeel
|-damage|p2a: Registeel|66/100
|-unboost|p1a: Simon|def|1
|-unboost|p1a: Simon|spd|1
|-damage|p1a: Simon|91/100|[from] item: Life Orb
|move|p2a: Registeel|Iron Defense|p2a: Registeel
|-boost|p2a: Registeel|def|2
|
|-heal|p2a: Registeel|72/100|[from] item: Leftovers
|upkeep
|turn|5
|
|t:|1779823316
|move|p1a: Simon|Headlong Rush|p2a: Registeel
|-damage|p2a: Registeel|55/100
|-unboost|p1a: Simon|def|1
|-unboost|p1a: Simon|spd|1
|-damage|p1a: Simon|81/100|[from] item: Life Orb
|move|p2a: Registeel|Amnesia|p2a: Registeel
|-boost|p2a: Registeel|spd|2
|
|-heal|p2a: Registeel|61/100|[from] item: Leftovers
|upkeep
|turn|6
|
|t:|1779823325
|-end|p1a: Simon|Protosynthesis|[silent]
|switch|p1a: M1|Bastiodon, F|100/100
|move|p2a: Registeel|Body Press|p1a: M1
|-supereffective|p1a: M1
|-ability|p1a: M1|Sturdy
|-damage|p1a: M1|1/100
|
|-heal|p2a: Registeel|67/100|[from] item: Leftovers
|upkeep
|turn|7
|
|t:|1779823331
|move|p2a: Registeel|Body Press|p1a: M1
|-supereffective|p1a: M1
|-damage|p1a: M1|0 fnt
|faint|p1a: M1
|
|-heal|p2a: Registeel|73/100|[from] item: Leftovers
|upkeep
|
|t:|1779823333
|switch|p1a: Rossi|Regieleki|100/100
|-item|p1a: Rossi|Air Balloon
|turn|8
|
|t:|1779823335
|move|p1a: Rossi|Thunderbolt|p2a: Registeel
|-damage|p2a: Registeel|63/100
|move|p2a: Registeel|Body Press|p1a: Rossi
|-damage|p1a: Rossi|0 fnt
|-enditem|p1a: Rossi|Air Balloon
|faint|p1a: Rossi
|
|-heal|p2a: Registeel|69/100|[from] item: Leftovers
|upkeep
|
|t:|1779823340
|switch|p1a: Black Cat|Meowscarada, F|100/100 par
|turn|9
|
|t:|1779823342
|move|p1a: Black Cat|Knock Off|p2a: Registeel
|-start|p1a: Black Cat|typechange|Dark|[from] ability: Protean
|-supereffective|p2a: Registeel
|-damage|p2a: Registeel|41/100
|-enditem|p2a: Registeel|Leftovers|[from] move: Knock Off|[of] p1a: Black Cat
|move|p2a: Registeel|Body Press|p1a: Black Cat
|-supereffective|p1a: Black Cat
|-damage|p1a: Black Cat|0 fnt
|faint|p1a: Black Cat
|
|upkeep
|
|t:|1779823350
|switch|p1a: Norachiyo|Kingambit, F|100/100
|-activate|p1a: Norachiyo|ability: Supreme Overlord
|-start|p1a: Norachiyo|fallen3|[silent]
|turn|10
|
|t:|1779823352
|move|p1a: Norachiyo|Sucker Punch|p2a: Registeel
|-supereffective|p2a: Registeel
|-damage|p2a: Registeel|21/100
|move|p2a: Registeel|Body Press|p1a: Norachiyo
|-supereffective|p1a: Norachiyo
|-damage|p1a: Norachiyo|0 fnt
|faint|p1a: Norachiyo
|-end|p1a: Norachiyo|fallen3|[silent]
|
|upkeep
|
|t:|1779823358
|switch|p1a: Chonk|Iron Moth|100/100
|turn|11
|
|t:|1779823361
|move|p1a: Chonk|Fiery Dance|p2a: Registeel
|-damage|p2a: Registeel|13/100
|-boost|p1a: Chonk|spa|1
|move|p2a: Registeel|Body Press|p1a: Chonk
|-resisted|p1a: Chonk
|-crit|p1a: Chonk
|-damage|p1a: Chonk|0 fnt
|faint|p1a: Chonk
|-end|p1a: Chonk|Quark Drive|[silent]
|
|upkeep
|
|t:|1779823366
|switch|p1a: Simon|Great Tusk|81/100
|turn|12
|
|t:|1779823369
|move|p1a: Simon|Headlong Rush|p2a: Registeel
|-damage|p2a: Registeel|0 fnt
|-unboost|p1a: Simon|def|1
|-unboost|p1a: Simon|spd|1
|faint|p2a: Registeel
|-damage|p1a: Simon|71/100|[from] item: Life Orb
|
|upkeep
|
|t:|1779823375
|switch|p2a: Regigigas|Regigigas|100/100
|-start|p2a: Regigigas|ability: Slow Start
|turn|13
|
|t:|1779823379
|move|p1a: Simon|Rapid Spin|p2a: Regigigas
|-damage|p2a: Regigigas|87/100
|-boost|p1a: Simon|spe|1
|-damage|p1a: Simon|61/100|[from] item: Life Orb
|move|p2a: Regigigas|Body Slam|p1a: Simon
|-damage|p1a: Simon|35/100
|
|-heal|p2a: Regigigas|93/100|[from] item: Leftovers
|upkeep
|turn|14
|
|t:|1779823387
|move|p1a: Simon|Close Combat|p2a: Regigigas
|-supereffective|p2a: Regigigas
|-damage|p2a: Regigigas|0 fnt
|-unboost|p1a: Simon|def|1
|-unboost|p1a: Simon|spd|1
|faint|p2a: Regigigas
|-end|p2a: Regigigas|Slow Start|[silent]
|-damage|p1a: Simon|25/100|[from] item: Life Orb
|
|upkeep
|
|t:|1779823391
|switch|p2a: Regice|Regice|100/100
|turn|15
|
|t:|1779823395
|move|p1a: Simon|Close Combat|p2a: Regice
|-supereffective|p2a: Regice
|-damage|p2a: Regice|0 fnt
|-unboost|p1a: Simon|def|1
|-unboost|p1a: Simon|spd|1
|faint|p2a: Regice
|-damage|p1a: Simon|15/100|[from] item: Life Orb
|
|upkeep
|
|t:|1779823400
|switch|p2a: Regirock|Regirock|100/100
|turn|16
|
|t:|1779823402
|move|p1a: Simon|Close Combat|p2a: Regirock
|-supereffective|p2a: Regirock
|-damage|p2a: Regirock|30/100
|-unboost|p1a: Simon|def|1
|-unboost|p1a: Simon|spd|1
|-damage|p1a: Simon|5/100|[from] item: Life Orb
|move|p2a: Regirock|Sand Tomb|p1a: Simon
|-damage|p1a: Simon|0 fnt
|faint|p1a: Simon
|-end|p1a: Simon|Protosynthesis|[silent]
|
|win|gummiworm
|raw|Geail's rating: 1232 &rarr; <strong>1206</strong><br />(-26 for losing)
|raw|gummiworm's rating: 1215 &rarr; <strong>1241</strong><br />(+26 for winning)
|l|☆gummiworm
|player|p2|
|l|☆Geail
|player|p1|
