|j|☆phanxflame
|j|☆Modiemitxh
|t:|1779851901
|gametype|singles
|player|p1|phanxflame|266|1152
|player|p2|Modiemitxh|hoopster|1099
|gen|9
|tier|[Gen 9] OU
|rated|
|rule|HP Percentage Mod: HP is shown in percentages
|rule|Endless Battle Clause: Forcing endless battles is banned
|rule|Species Clause: Limit one of each Pokémon
|rule|OHKO Clause: OHKO moves are banned
|rule|Evasion Items Clause: Evasion items are banned
|rule|Evasion Moves Clause: Evasion moves are banned
|rule|Evasion Abilities Clause: Evasion abilities are banned
|rule|Sleep Moves Clause: Sleep-inducing moves are banned
|clearpoke
|poke|p1|Gengar, F|
|poke|p1|Cinderace, F|
|poke|p1|Krookodile, F|
|poke|p1|Pelipper, M|
|poke|p1|Hatterene, F|
|poke|p1|Rampardos, F|
|poke|p2|Honchkrow, M|
|poke|p2|Ribombee, F|
|poke|p2|Gholdengo|
|poke|p2|Okidogi, M|
|poke|p2|Kyurem|
|poke|p2|Great Tusk|
|teampreview
|
|t:|1779851913
|teamsize|p1|6
|teamsize|p2|6
|start
|switch|p1a: Krookodile|Krookodile, F|100/100
|switch|p2a: John Gotti|Honchkrow, M|100/100
|-ability|p1a: Krookodile|Intimidate|boost
|-unboost|p2a: John Gotti|atk|1
|turn|1
|
|t:|1779851921
|move|p1a: Krookodile|Knock Off|p2a: John Gotti
|-resisted|p2a: John Gotti
|-damage|p2a: John Gotti|60/100
|-enditem|p2a: John Gotti|Black Glasses|[from] move: Knock Off|[of] p1a: Krookodile
|move|p2a: John Gotti|U-turn|p1a: Krookodile
|-supereffective|p1a: Krookodile
|-damage|p1a: Krookodile|61/100
|
|t:|1779851936
|switch|p2a: Pablo Escobar|Kyurem, shiny|100/100|[from] U-turn
|-ability|p2a: Pablo Escobar|Pressure
|
|upkeep
|turn|2
|
|t:|1779851956
|move|p2a: Pablo Escobar|Icicle Spear|p1a: Krookodile
|-supereffective|p1a: Krookodile
|-damage|p1a: Krookodile|26/100
|-supereffective|p1a: Krookodile
|-damage|p1a: Krookodile|0 fnt
|faint|p1a: Krookodile
|-hitcount|p1: Krookodile|2
|
|upkeep
|
|t:|1779851988
|switch|p1a: Cinderace|Cinderace, F|100/100
|turn|3
|
|t:|1779852024
|move|p1a: Cinderace|High Jump Kick|p2a: Pablo Escobar
|-start|p1a: Cinderace|typechange|Fighting|[from] ability: Libero
|-supereffective|p2a: Pablo Escobar
|-damage|p2a: Pablo Escobar|0 fnt
|faint|p2a: Pablo Escobar
|
|upkeep
|
|t:|1779852030
|switch|p2a: StephSt.Clair|Ribombee, F, shiny|100/100
|turn|4
|
|t:|1779852067
|switch|p1a: Hatterene|Hatterene, F|100/100
|move|p2a: StephSt.Clair|Moonblast|p1a: Hatterene
|-damage|p1a: Hatterene|58/100
|-unboost|p1a: Hatterene|spa|1
|
|upkeep
|turn|5
|
|t:|1779852076
|move|p2a: StephSt.Clair|Moonblast|p1a: Hatterene
|-damage|p1a: Hatterene|19/100
|-unboost|p1a: Hatterene|spa|1
|move|p1a: Hatterene|Trick Room|p1a: Hatterene
|-fieldstart|move: Trick Room|[of] p1a: Hatterene
|
|upkeep
|turn|6
|
|t:|1779852084
|move|p1a: Hatterene|Healing Wish|p1a: Hatterene
|faint|p1a: Hatterene
|move|p2a: StephSt.Clair|Moonblast|p1: Hatterene|[notarget]
|-fail|p2a: StephSt.Clair
|
|upkeep
|
|t:|1779852094
|switch|p1a: Pelipper|Pelipper, M|100/100
|-weather|RainDance|[from] ability: Drizzle|[of] p1a: Pelipper
|turn|7
|c|☆Modiemitxh|hate that thing
|
|t:|1779852109
|move|p1a: Pelipper|Weather Ball|p2a: StephSt.Clair
|-enditem|p2a: StephSt.Clair|Focus Sash
|-damage|p2a: StephSt.Clair|1/100
|move|p2a: StephSt.Clair|Sticky Web|p1a: Pelipper
|-sidestart|p1: phanxflame|move: Sticky Web
|
|-weather|RainDance|[upkeep]
|upkeep
|turn|8
|
|t:|1779852139
|switch|p2a: Frank Lucas|Okidogi, M|100/100
|move|p1a: Pelipper|Weather Ball|p2a: Frank Lucas
|-damage|p2a: Frank Lucas|28/100
|
|-weather|RainDance|[upkeep]
|upkeep
|turn|9
|
|t:|1779852199
|move|p1a: Pelipper|Weather Ball|p2a: Frank Lucas
|-damage|p2a: Frank Lucas|0 fnt
|faint|p2a: Frank Lucas
|
|-weather|RainDance|[upkeep]
|-fieldend|move: Trick Room
|upkeep
|
|t:|1779852222
|switch|p2a: John Gotti|Honchkrow, M|60/100
|turn|10
|
|t:|1779852231
|switch|p1a: Cinderace|Cinderace, F|100/100
|move|p2a: John Gotti|Sucker Punch||[still]
|-fail|p2a: John Gotti
|
|-weather|RainDance|[upkeep]
|upkeep
|turn|11
|
|t:|1779852245
|move|p1a: Cinderace|Court Change|p1a: Cinderace
|-start|p1a: Cinderace|typechange|Normal|[from] ability: Libero
|-swapsideconditions
|-activate|p1a: Cinderace|move: Court Change
|move|p2a: John Gotti|Brave Bird|p1a: Cinderace
|-damage|p1a: Cinderace|3/100
|-damage|p2a: John Gotti|29/100|[from] Recoil
|
|-weather|none
|upkeep
|turn|12
|
|t:|1779852254
|move|p2a: John Gotti|Sucker Punch|p1a: Cinderace
|-damage|p1a: Cinderace|0 fnt
|faint|p1a: Cinderace
|-ability|p2a: John Gotti|Moxie|boost
|-boost|p2a: John Gotti|atk|1
|
|upkeep
|
|t:|1779852268
|switch|p1a: Rampardos|Rampardos, F|100/100
|turn|13
|
|t:|1779852274
|move|p2a: John Gotti|Sucker Punch|p1a: Rampardos
|-damage|p1a: Rampardos|21/100
|move|p1a: Rampardos|Iron Head|p2a: John Gotti
|-damage|p2a: John Gotti|0 fnt
|faint|p2a: John Gotti
|
|upkeep
|
|t:|1779852281
|switch|p2a: Bumpy Johnson|Great Tusk, shiny|100/100
|-activate|p2a: Bumpy Johnson|move: Sticky Web
|-unboost|p2a: Bumpy Johnson|spe|1
|turn|14
|
|t:|1779852294
|switch|p1a: Gengar|Gengar, F|100/100
|move|p2a: Bumpy Johnson|Rapid Spin|p1a: Gengar
|-immune|p1a: Gengar
|
|upkeep
|turn|15
|
|t:|1779852307
|move|p1a: Gengar|Encore|p2a: Bumpy Johnson
|-start|p2a: Bumpy Johnson|Encore
|move|p2a: Bumpy Johnson|Rapid Spin|p1a: Gengar
|-immune|p1a: Gengar
|
|upkeep
|turn|16
|
|t:|1779852325
|switch|p1a: Pelipper|Pelipper, M|100/100
|-weather|RainDance|[from] ability: Drizzle|[of] p1a: Pelipper
|-end|p2a: Bumpy Johnson|Protosynthesis|[silent]
|switch|p2a: StephSt.Clair|Ribombee, F, shiny|1/100
|-activate|p2a: StephSt.Clair|move: Sticky Web
|-unboost|p2a: StephSt.Clair|spe|1
|
|-weather|RainDance|[upkeep]
|upkeep
|turn|17
|
|t:|1779852349
|move|p2a: StephSt.Clair|Sticky Web|p1a: Pelipper
|-sidestart|p1: phanxflame|move: Sticky Web
|move|p1a: Pelipper|Weather Ball|p2a: StephSt.Clair
|-damage|p2a: StephSt.Clair|0 fnt
|faint|p2a: StephSt.Clair
|
|-weather|RainDance|[upkeep]
|upkeep
|
|t:|1779852355
|switch|p2a: Bumpy Johnson|Great Tusk, shiny|100/100
|-activate|p2a: Bumpy Johnson|move: Sticky Web
|-unboost|p2a: Bumpy Johnson|spe|1
|turn|18
|
|t:|1779852362
|-terastallize|p2a: Bumpy Johnson|Steel
|move|p2a: Bumpy Johnson|Rapid Spin|p1a: Pelipper
|-damage|p1a: Pelipper|82/100
|-boost|p2a: Bumpy Johnson|spe|1
|-sideend|p2: Modiemitxh|Sticky Web|[from] move: Rapid Spin|[of] p2a: Bumpy Johnson
|move|p1a: Pelipper|Weather Ball|p2a: Bumpy Johnson
|-damage|p2a: Bumpy Johnson|0 fnt
|faint|p2a: Bumpy Johnson
|-end|p2a: Bumpy Johnson|Protosynthesis|[silent]
|
|-weather|RainDance|[upkeep]
|upkeep
|
|t:|1779852373
|switch|p2a: John Palmer|Gholdengo|100/100
|-item|p2a: John Palmer|Air Balloon
|turn|19
|
|t:|1779852384
|-terastallize|p1a: Pelipper|Dragon
|move|p2a: John Palmer|Shadow Ball|p1a: Pelipper
|-damage|p1a: Pelipper|26/100
|move|p1a: Pelipper|Weather Ball|p2a: John Palmer
|-damage|p2a: John Palmer|0 fnt
|-enditem|p2a: John Palmer|Air Balloon
|faint|p2a: John Palmer
|
|win|phanxflame
|raw|phanxflame's rating: 1152 &rarr; <strong>1173</strong><br />(+21 for winning)
|raw|Modiemitxh's rating: 1099 &rarr; <strong>1078</strong><br />(-21 for losing)
|c|☆Modiemitxh|gg
|l|☆phanxflame
|player|p1|
|l|☆Modiemitxh
|player|p2|
