|j|☆jessies boyfriend
|j|☆12723 Dong
|t:|1779849913
|gametype|singles
|player|p1|jessies boyfriend|brock|1392
|player|p2|12723 Dong|101|1383
|gen|9
|tier|[Gen 9] OU
|rated|
|rule|HP Percentage Mod: HP is shown in percentages
|rule|Endless Battle Clause: Forcing endless battles is banned
|rule|Species Clause: Limit one of each Pokémon
|rule|OHKO Clause: OHKO moves are banned
|rule|Evasion Items Clause: Evasion items are banned
|rule|Evasion Moves Clause: Evasion moves are banned
|rule|Evasion Abilities Clause: Evasion abilities are banned
|rule|Sleep Moves Clause: Sleep-inducing moves are banned
|clearpoke
|poke|p1|Glimmora, M|
|poke|p1|Scrafty, M|
|poke|p1|Samurott-Hisui, F|
|poke|p1|Great Tusk|
|poke|p1|Klefki, F|
|poke|p1|Gholdengo|
|poke|p2|Great Tusk|
|poke|p2|Heatran, F|
|poke|p2|Gholdengo|
|poke|p2|Ogerpon-Wellspring, F|
|poke|p2|Iron Valiant|
|poke|p2|Dragapult, F|
|teampreview
|inactive|Battle timer is ON: inactive players will automatically lose when time's up. (requested by 12723 Dong)
|
|t:|1779849928
|teamsize|p1|6
|teamsize|p2|6
|start
|switch|p1a: Glimmora|Glimmora, M|100/100
|switch|p2a: Dragapult|Dragapult, F|100/100
|-item|p1a: Glimmora|Air Balloon
|turn|1
|
|t:|1779849932
|move|p2a: Dragapult|Draco Meteor|p1a: Glimmora
|-damage|p1a: Glimmora|3/100
|-unboost|p2a: Dragapult|spa|2
|-enditem|p1a: Glimmora|Air Balloon
|move|p1a: Glimmora|Toxic Spikes|p2a: Dragapult
|-sidestart|p2: 12723 Dong|move: Toxic Spikes
|
|upkeep
|turn|2
|
|t:|1779849955
|switch|p1a: Klefki|Klefki, F|100/100
|move|p2a: Dragapult|Draco Meteor|p1a: Klefki
|-immune|p1a: Klefki
|
|upkeep
|turn|3
|
|t:|1779849961
|switch|p2a: Heatran|Heatran, F|100/100
|move|p1a: Klefki|Spikes|p2a: Heatran
|-sidestart|p2: 12723 Dong|Spikes
|
|upkeep
|turn|4
|
|t:|1779849984
|switch|p1a: Samurott|Samurott-Hisui, F, shiny|100/100
|move|p2a: Heatran|Magma Storm|p1a: Samurott
|-resisted|p1a: Samurott
|-damage|p1a: Samurott|86/100
|-activate|p1a: Samurott|move: Magma Storm|[of] p2a: Heatran
|
|-damage|p1a: Samurott|73/100|[from] move: Magma Storm|[partiallytrapped]
|upkeep
|turn|5
|inactive|12723 Dong has 120 seconds left.
|
|t:|1779850022
|switch|p2a: Great Tusk|Great Tusk|100/100
|-status|p2a: Great Tusk|psn
|-damage|p2a: Great Tusk|88/100 psn|[from] Spikes
|move|p1a: Samurott|Ceaseless Edge|p2a: Great Tusk
|-resisted|p2a: Great Tusk
|-damage|p2a: Great Tusk|77/100 psn
|-damage|p1a: Samurott|57/100|[from] item: Rocky Helmet|[of] p2a: Great Tusk
|-sidestart|p2: 12723 Dong|Spikes
|
|-damage|p2a: Great Tusk|65/100 psn|[from] psn
|-end|p1a: Samurott|Magma Storm|[partiallytrapped]|[silent]
|upkeep
|turn|6
|
|t:|1779850027
|switch|p1a: Gholdengo|Gholdengo|100/100
|move|p2a: Great Tusk|Rapid Spin|p1a: Gholdengo
|-immune|p1a: Gholdengo
|
|-damage|p2a: Great Tusk|52/100 psn|[from] psn
|upkeep
|turn|7
|
|t:|1779850033
|-end|p2a: Great Tusk|Protosynthesis|[silent]
|switch|p2a: Heatran|Heatran, F|100/100
|-damage|p2a: Heatran|84/100|[from] Spikes
|switch|p1a: Glimmora|Glimmora, M|3/100
|
|-heal|p2a: Heatran|90/100|[from] item: Leftovers
|upkeep
|turn|8
|
|t:|1779850044
|switch|p2a: Gholdengo|Gholdengo|100/100
|-item|p2a: Gholdengo|Air Balloon
|move|p1a: Glimmora|Power Gem|p2a: Gholdengo
|-resisted|p2a: Gholdengo
|-damage|p2a: Gholdengo|84/100
|-enditem|p2a: Gholdengo|Air Balloon
|
|upkeep
|turn|9
|
|t:|1779850055
|move|p1a: Glimmora|Toxic Spikes|p2a: Gholdengo
|-sidestart|p2: 12723 Dong|move: Toxic Spikes
|move|p2a: Gholdengo|Shadow Ball|p1a: Glimmora
|-damage|p1a: Glimmora|0 fnt
|faint|p1a: Glimmora
|
|upkeep
|
|t:|1779850069
|switch|p1a: Samurott|Samurott-Hisui, F, shiny|57/100
|turn|10
|
|t:|1779850080
|switch|p2a: Iron Valiant|Iron Valiant|100/100
|-status|p2a: Iron Valiant|tox
|-damage|p2a: Iron Valiant|84/100 tox|[from] Spikes
|-enditem|p2a: Iron Valiant|Booster Energy
|-activate|p2a: Iron Valiant|ability: Quark Drive|[fromitem]
|-start|p2a: Iron Valiant|quarkdrivespe
|move|p1a: Samurott|Flip Turn|p2a: Iron Valiant
|-damage|p2a: Iron Valiant|54/100 tox
|
|t:|1779850090
|switch|p1a: Klefki|Klefki, F|100/100|[from] Flip Turn
|
|-damage|p2a: Iron Valiant|48/100 tox|[from] psn
|upkeep
|turn|11
|
|t:|1779850096
|move|p1a: Klefki|Magic Room|p1a: Klefki
|-fieldstart|move: Magic Room|[of] p1a: Klefki
|move|p2a: Iron Valiant|Focus Blast|p1a: Klefki
|-damage|p1a: Klefki|23/100
|
|-damage|p2a: Iron Valiant|36/100 tox|[from] psn
|upkeep
|turn|12
|
|t:|1779850103
|move|p1a: Klefki|Spikes|p2a: Iron Valiant
|-sidestart|p2: 12723 Dong|Spikes
|move|p2a: Iron Valiant|Shadow Ball|p1a: Klefki
|-damage|p1a: Klefki|0 fnt
|faint|p1a: Klefki
|
|-damage|p2a: Iron Valiant|17/100 tox|[from] psn
|upkeep
|
|t:|1779850113
|switch|p1a: Gholdengo|Gholdengo|100/100
|turn|13
|
|t:|1779850118
|move|p2a: Iron Valiant|Focus Blast|p1a: Gholdengo
|-immune|p1a: Gholdengo
|move|p1a: Gholdengo|Recover||[still]
|-fail|p1a: Gholdengo|heal
|
|-damage|p2a: Iron Valiant|0 fnt|[from] psn
|faint|p2a: Iron Valiant
|-end|p2a: Iron Valiant|Quark Drive|[silent]
|upkeep
|
|t:|1779850129
|switch|p2a: Heatran|Heatran, F|90/100
|-damage|p2a: Heatran|65/100|[from] Spikes
|turn|14
|
|t:|1779850140
|switch|p1a: Samurott|Samurott-Hisui, F, shiny|57/100
|move|p2a: Heatran|Magma Storm|p1a: Samurott
|-resisted|p1a: Samurott
|-damage|p1a: Samurott|35/100
|-activate|p1a: Samurott|move: Magma Storm|[of] p2a: Heatran
|
|-damage|p1a: Samurott|23/100|[from] move: Magma Storm|[partiallytrapped]
|upkeep
|turn|15
|
|t:|1779850148
|switch|p2a: Ogerpon|Ogerpon-Wellspring, F|100/100
|-status|p2a: Ogerpon|tox
|-damage|p2a: Ogerpon|76/100 tox|[from] Spikes
|move|p1a: Samurott|Knock Off|p2a: Ogerpon
|-damage|p2a: Ogerpon|43/100 tox
|
|-damage|p2a: Ogerpon|37/100 tox|[from] psn
|-end|p1a: Samurott|Magma Storm|[partiallytrapped]|[silent]
|-fieldend|move: Magic Room|[of] p1: Klefki
|upkeep
|turn|16
|
|t:|1779850154
|switch|p1a: Gholdengo|Gholdengo|100/100
|move|p2a: Ogerpon|U-turn|p1a: Gholdengo
|-resisted|p1a: Gholdengo
|-damage|p1a: Gholdengo|96/100
|-enditem|p1a: Gholdengo|Red Card|[of] p2a: Ogerpon
|drag|p2a: Dragapult|Dragapult, F|100/100
|-status|p2a: Dragapult|tox
|-damage|p2a: Dragapult|76/100 tox|[from] Spikes
|
|-damage|p2a: Dragapult|70/100 tox|[from] psn
|upkeep
|turn|17
|
|t:|1779850168
|switch|p1a: Samurott|Samurott-Hisui, F, shiny|23/100
|-terastallize|p2a: Dragapult|Ghost
|move|p2a: Dragapult|Shadow Ball|p1a: Samurott
|-resisted|p1a: Samurott
|-damage|p1a: Samurott|3/100
|
|-damage|p2a: Dragapult|58/100 tox|[from] psn
|upkeep
|turn|18
|
|t:|1779850177
|switch|p2a: Ogerpon|Ogerpon-Wellspring, F|37/100 tox
|-damage|p2a: Ogerpon|12/100 tox|[from] Spikes
|move|p1a: Samurott|Flip Turn|p2a: Ogerpon
|-heal|p2a: Ogerpon|37/100 tox|[from] ability: Water Absorb|[of] p1a: Samurott
|
|-damage|p2a: Ogerpon|31/100 tox|[from] psn
|upkeep
|turn|19
|
|t:|1779850184
|move|p2a: Ogerpon|Ivy Cudgel|p1a: Samurott|[anim] Ivy Cudgel Water
|-resisted|p1a: Samurott
|-damage|p1a: Samurott|0 fnt
|faint|p1a: Samurott
|
|-damage|p2a: Ogerpon|19/100 tox|[from] psn
|upkeep
|
|t:|1779850189
|switch|p1a: Scrafty|Scrafty, M, shiny|100/100
|-ability|p1a: Scrafty|Intimidate|boost
|-unboost|p2a: Ogerpon|atk|1
|turn|20
|
|t:|1779850199
|move|p2a: Ogerpon|U-turn|p1a: Scrafty
|-damage|p1a: Scrafty|86/100
|
|t:|1779850202
|switch|p2a: Gholdengo|Gholdengo|84/100|[from] U-turn
|-damage|p2a: Gholdengo|59/100|[from] Spikes
|move|p1a: Scrafty|Drain Punch|p2a: Gholdengo
|-immune|p2a: Gholdengo
|
|upkeep
|turn|21
|
|t:|1779850210
|move|p2a: Gholdengo|Make It Rain|p1a: Scrafty
|-damage|p1a: Scrafty|51/100
|-unboost|p2a: Gholdengo|spa|1
|move|p1a: Scrafty|Dragon Tail|p2a: Gholdengo
|-resisted|p2a: Gholdengo
|-damage|p2a: Gholdengo|54/100
|drag|p2a: Dragapult|Dragapult, F, tera:Ghost|58/100 tox
|-damage|p2a: Dragapult|33/100 tox|[from] Spikes
|
|-damage|p2a: Dragapult|27/100 tox|[from] psn
|upkeep
|turn|22
|
|t:|1779850220
|move|p2a: Dragapult|U-turn|p1a: Scrafty
|-damage|p1a: Scrafty|38/100
|
|t:|1779850223
|switch|p2a: Ogerpon|Ogerpon-Wellspring, F|19/100 tox|[from] U-turn
|-damage|p2a: Ogerpon|0 fnt|[from] Spikes
|faint|p2a: Ogerpon
|move|p1a: Scrafty|Dragon Tail|p2: Ogerpon|[notarget]
|-fail|p1a: Scrafty
|
|upkeep
|
|t:|1779850224
|switch|p2a: Great Tusk|Great Tusk|52/100 psn
|-damage|p2a: Great Tusk|27/100 psn|[from] Spikes
|turn|23
|
|t:|1779850228
|switch|p1a: Gholdengo|Gholdengo|96/100
|move|p2a: Great Tusk|Headlong Rush|p1a: Gholdengo
|-supereffective|p1a: Gholdengo
|-damage|p1a: Gholdengo|24/100
|-unboost|p2a: Great Tusk|def|1
|-unboost|p2a: Great Tusk|spd|1
|
|-damage|p2a: Great Tusk|15/100 psn|[from] psn
|upkeep
|turn|24
|
|t:|1779850238
|switch|p1a: Scrafty|Scrafty, M, shiny|38/100
|-ability|p1a: Scrafty|Intimidate|boost
|-unboost|p2a: Great Tusk|atk|1
|move|p2a: Great Tusk|Headlong Rush|p1a: Scrafty
|-damage|p1a: Scrafty|11/100
|-unboost|p2a: Great Tusk|def|1
|-unboost|p2a: Great Tusk|spd|1
|
|-damage|p2a: Great Tusk|2/100 psn|[from] psn
|upkeep
|turn|25
|
|t:|1779850242
|switch|p1a: Gholdengo|Gholdengo|24/100
|move|p2a: Great Tusk|Rapid Spin|p1a: Gholdengo
|-immune|p1a: Gholdengo
|
|-damage|p2a: Great Tusk|0 fnt|[from] psn
|faint|p2a: Great Tusk
|-end|p2a: Great Tusk|Protosynthesis|[silent]
|upkeep
|
|t:|1779850251
|switch|p2a: Heatran|Heatran, F|65/100
|-damage|p2a: Heatran|40/100|[from] Spikes
|turn|26
|
|t:|1779850265
|switch|p1a: Scrafty|Scrafty, M, shiny|11/100
|-ability|p1a: Scrafty|Intimidate|boost
|-unboost|p2a: Heatran|atk|1
|move|p2a: Heatran|Magma Storm|p1a: Scrafty
|-damage|p1a: Scrafty|0 fnt
|faint|p1a: Scrafty
|
|-heal|p2a: Heatran|47/100|[from] item: Leftovers
|upkeep
|
|t:|1779850267
|switch|p1a: Great Tusk|Great Tusk|100/100
|turn|27
|
|t:|1779850270
|move|p2a: Heatran|Magma Storm|p1a: Great Tusk
|-damage|p1a: Great Tusk|30/100
|-activate|p1a: Great Tusk|move: Magma Storm|[of] p2a: Heatran
|move|p1a: Great Tusk|Roar|p2a: Heatran
|drag|p2a: Dragapult|Dragapult, F, tera:Ghost|27/100 tox
|-damage|p2a: Dragapult|2/100 tox|[from] Spikes
|
|-heal|p1a: Great Tusk|36/100|[from] item: Leftovers
|-damage|p2a: Dragapult|0 fnt|[from] psn
|faint|p2a: Dragapult
|-end|p1a: Great Tusk|Magma Storm|[partiallytrapped]|[silent]
|upkeep
|
|t:|1779850280
|switch|p2a: Gholdengo|Gholdengo|54/100
|-damage|p2a: Gholdengo|29/100|[from] Spikes
|turn|28
|
|t:|1779850284
|move|p2a: Gholdengo|Make It Rain|p1a: Great Tusk
|-damage|p1a: Great Tusk|0 fnt
|-unboost|p2a: Gholdengo|spa|1
|faint|p1a: Great Tusk
|-end|p1a: Great Tusk|Protosynthesis|[silent]
|
|upkeep
|
|t:|1779850285
|switch|p1a: Gholdengo|Gholdengo|24/100
|turn|29
|
|t:|1779850290
|-terastallize|p1a: Gholdengo|Ghost
|move|p2a: Gholdengo|Shadow Ball|p1a: Gholdengo
|-supereffective|p1a: Gholdengo
|-damage|p1a: Gholdengo|0 fnt
|faint|p1a: Gholdengo
|
|win|12723 Dong
|raw|jessies boyfriend's rating: 1392 &rarr; <strong>1371</strong><br />(-21 for losing)
|raw|12723 Dong's rating: 1383 &rarr; <strong>1404</strong><br />(+21 for winning)
|l|☆jessies boyfriend
|player|p1|
|l|☆12723 Dong
|player|p2|
