|j|☆demon from discord
|j|☆hgjgfjyg
|t:|1779801358
|gametype|singles
|player|p1|demon from discord|n|1433
|player|p2|hgjgfjyg|collector|1396
|gen|9
|tier|[Gen 9] OU
|rated|
|rule|HP Percentage Mod: HP is shown in percentages
|rule|Endless Battle Clause: Forcing endless battles is banned
|rule|Species Clause: Limit one of each Pokémon
|rule|OHKO Clause: OHKO moves are banned
|rule|Evasion Items Clause: Evasion items are banned
|rule|Evasion Moves Clause: Evasion moves are banned
|rule|Evasion Abilities Clause: Evasion abilities are banned
|rule|Sleep Moves Clause: Sleep-inducing moves are banned
|clearpoke
|poke|p1|Regieleki|
|poke|p1|Raging Bolt|
|poke|p1|Overqwil, M|
|poke|p1|Greninja-*, M|
|poke|p1|Pelipper, M|
|poke|p1|Iron Treads|
|poke|p2|Pelipper, M|
|poke|p2|Samurott-Hisui, F|
|poke|p2|Iron Treads|
|poke|p2|Barraskewda, M|
|poke|p2|Toxicroak, M|
|poke|p2|Porygon-Z|
|teampreview
|inactive|Battle timer is ON: inactive players will automatically lose when time's up. (requested by hgjgfjyg)
|
|t:|1779801372
|teamsize|p1|6
|teamsize|p2|6
|start
|switch|p1a: Blurb|Overqwil, M, shiny|100/100
|switch|p2a: Bey blade|Iron Treads|100/100
|turn|1
|
|t:|1779801379
|switch|p1a: Slurp n Burp|Pelipper, M|100/100
|-weather|RainDance|[from] ability: Drizzle|[of] p1a: Slurp n Burp
|move|p2a: Bey blade|Earth Power|p1a: Slurp n Burp
|-immune|p1a: Slurp n Burp
|
|-weather|RainDance|[upkeep]
|upkeep
|turn|2
|
|t:|1779801386
|move|p2a: Bey blade|Volt Switch|p1a: Slurp n Burp
|-supereffective|p1a: Slurp n Burp
|-damage|p1a: Slurp n Burp|0 fnt
|faint|p1a: Slurp n Burp
|
|t:|1779801394
|-end|p2a: Bey blade|Quark Drive|[silent]
|switch|p2a: Spike factory|Samurott-Hisui, F|100/100|[from] Volt Switch
|
|-weather|RainDance|[upkeep]
|upkeep
|
|t:|1779801417
|switch|p1a: Blurb|Overqwil, M, shiny|100/100
|turn|3
|
|t:|1779801426
|move|p1a: Blurb|Gunk Shot|p2a: Spike factory|[miss]
|-miss|p1a: Blurb|p2a: Spike factory
|move|p2a: Spike factory|Ceaseless Edge|p1a: Blurb|[miss]
|-miss|p2a: Spike factory|p1a: Blurb
|
|-weather|RainDance|[upkeep]
|upkeep
|turn|4
|
|t:|1779801428
|move|p1a: Blurb|Gunk Shot|p2a: Spike factory
|-damage|p2a: Spike factory|0 fnt
|faint|p2a: Spike factory
|-damage|p1a: Blurb|91/100|[from] item: Life Orb
|
|-weather|RainDance|[upkeep]
|upkeep
|
|t:|1779801435
|switch|p2a: Barraskewda|Barraskewda, M|100/100
|turn|5
|
|t:|1779801438
|move|p2a: Barraskewda|Liquidation|p1a: Blurb
|-damage|p1a: Blurb|0 fnt
|faint|p1a: Blurb
|
|-weather|RainDance|[upkeep]
|upkeep
|
|t:|1779801443
|switch|p1a: Splurge|Raging Bolt|100/100
|-enditem|p1a: Splurge|Booster Energy
|-activate|p1a: Splurge|ability: Protosynthesis|[fromitem]
|-start|p1a: Splurge|protosynthesisspa
|turn|6
|
|t:|1779801447
|switch|p2a: Bey blade|Iron Treads|100/100
|move|p1a: Splurge|Weather Ball|p2a: Bey blade
|-supereffective|p2a: Bey blade
|-damage|p2a: Bey blade|0 fnt
|faint|p2a: Bey blade
|-end|p2a: Bey blade|Quark Drive|[silent]
|
|-weather|RainDance|[upkeep]
|upkeep
|
|t:|1779801456
|switch|p2a: Nuclear bomb|Porygon-Z|100/100
|-ability|p2a: Nuclear bomb|Download|boost
|-boost|p2a: Nuclear bomb|spa|1
|turn|7
|
|t:|1779801469
|move|p2a: Nuclear bomb|Ice Beam|p1a: Splurge
|-supereffective|p1a: Splurge
|-damage|p1a: Splurge|0 fnt
|faint|p1a: Splurge
|-end|p1a: Splurge|Protosynthesis|[silent]
|
|-weather|RainDance|[upkeep]
|upkeep
|
|t:|1779801473
|switch|p1a: K-Derv Special|Greninja, M|100/100
|turn|8
|
|t:|1779801480
|switch|p2a: Toxicroak|Toxicroak, M|100/100
|-terastallize|p1a: K-Derv Special|Water
|move|p1a: K-Derv Special|Surf|p2a: Toxicroak
|-immune|p2a: Toxicroak|[from] ability: Dry Skin
|
|-weather|none
|upkeep
|turn|9
|
|t:|1779801489
|switch|p1a: Gurt|Iron Treads|100/100
|-enditem|p1a: Gurt|Booster Energy
|-activate|p1a: Gurt|ability: Quark Drive|[fromitem]
|-start|p1a: Gurt|quarkdrivespe
|switch|p2a: Pelipper|Pelipper, M|100/100
|-weather|RainDance|[from] ability: Drizzle|[of] p2a: Pelipper
|
|-weather|RainDance|[upkeep]
|upkeep
|turn|10
|
|t:|1779801494
|move|p1a: Gurt|Stealth Rock|p2a: Pelipper
|-sidestart|p2: hgjgfjyg|move: Stealth Rock
|move|p2a: Pelipper|Weather Ball|p1a: Gurt
|-supereffective|p1a: Gurt
|-damage|p1a: Gurt|0 fnt
|faint|p1a: Gurt
|-end|p1a: Gurt|Quark Drive|[silent]
|
|-weather|RainDance|[upkeep]
|upkeep
|
|t:|1779801499
|switch|p1a: Nut Spread|Regieleki, shiny|100/100
|turn|11
|
|t:|1779801506
|move|p1a: Nut Spread|Thunder|p2a: Pelipper
|-supereffective|p2a: Pelipper
|-damage|p2a: Pelipper|0 fnt
|faint|p2a: Pelipper
|
|-weather|RainDance|[upkeep]
|upkeep
|
|t:|1779801510
|switch|p2a: Nuclear bomb|Porygon-Z|100/100
|-damage|p2a: Nuclear bomb|88/100|[from] Stealth Rock
|-ability|p2a: Nuclear bomb|Download|boost
|-boost|p2a: Nuclear bomb|atk|1
|turn|12
|
|t:|1779801513
|move|p1a: Nut Spread|Thunder|p2a: Nuclear bomb
|-damage|p2a: Nuclear bomb|0 fnt
|faint|p2a: Nuclear bomb
|
|-weather|RainDance|[upkeep]
|upkeep
|
|t:|1779801518
|switch|p2a: Barraskewda|Barraskewda, M|100/100
|-damage|p2a: Barraskewda|88/100|[from] Stealth Rock
|turn|13
|
|t:|1779801523
|move|p2a: Barraskewda|Liquidation|p1a: Nut Spread
|-damage|p1a: Nut Spread|0 fnt
|faint|p1a: Nut Spread
|
|-weather|RainDance|[upkeep]
|upkeep
|
|t:|1779801528
|switch|p1a: K-Derv Special|Greninja, M, tera:Water|100/100
|turn|14
|
|t:|1779801537
|switch|p2a: Toxicroak|Toxicroak, M|100/100
|-damage|p2a: Toxicroak|94/100|[from] Stealth Rock
|move|p1a: K-Derv Special|Dark Pulse|p2a: Toxicroak
|-resisted|p2a: Toxicroak
|-damage|p2a: Toxicroak|58/100
|-damage|p1a: K-Derv Special|91/100|[from] item: Life Orb
|
|-weather|RainDance|[upkeep]
|-heal|p2a: Toxicroak|70/100|[from] ability: Dry Skin
|upkeep
|turn|15
|
|t:|1779801544
|move|p1a: K-Derv Special|Dark Pulse|p2a: Toxicroak
|-resisted|p2a: Toxicroak
|-damage|p2a: Toxicroak|30/100
|-damage|p1a: K-Derv Special|81/100|[from] item: Life Orb
|move|p2a: Toxicroak|Close Combat|p1a: K-Derv Special
|-damage|p1a: K-Derv Special|0 fnt
|-unboost|p2a: Toxicroak|def|1
|-unboost|p2a: Toxicroak|spd|1
|faint|p1a: K-Derv Special
|-damage|p2a: Toxicroak|20/100|[from] item: Life Orb
|
|win|hgjgfjyg
|raw|demon from discord's rating: 1433 &rarr; <strong>1411</strong><br />(-22 for losing)
|raw|hgjgfjyg's rating: 1396 &rarr; <strong>1418</strong><br />(+22 for winning)
|l|☆demon from discord
|player|p1|
|l|☆hgjgfjyg
|player|p2|
