|j|☆glimpseman
|j|☆lakessss
|t:|1779858659
|gametype|singles
|player|p1|glimpseman|#wcor2025canada|1491
|player|p2|lakessss|guitarist|1464
|gen|9
|tier|[Gen 9] OU
|rated|
|rule|HP Percentage Mod: HP is shown in percentages
|rule|Endless Battle Clause: Forcing endless battles is banned
|rule|Species Clause: Limit one of each Pokémon
|rule|OHKO Clause: OHKO moves are banned
|rule|Evasion Items Clause: Evasion items are banned
|rule|Evasion Moves Clause: Evasion moves are banned
|rule|Evasion Abilities Clause: Evasion abilities are banned
|rule|Sleep Moves Clause: Sleep-inducing moves are banned
|clearpoke
|poke|p1|Gliscor, M|
|poke|p1|Heatran, M|
|poke|p1|Weezing-Galar, M|
|poke|p1|Zamazenta-*|
|poke|p1|Ogerpon, F|
|poke|p1|Samurott-Hisui, M|
|poke|p2|Great Tusk|
|poke|p2|Ogerpon-Wellspring, F|
|poke|p2|Pecharunt|
|poke|p2|Samurott-Hisui, M|
|poke|p2|Raging Bolt|
|poke|p2|Darkrai|
|teampreview
|inactive|Battle timer is ON: inactive players will automatically lose when time's up. (requested by glimpseman)
|
|t:|1779858673
|teamsize|p1|6
|teamsize|p2|6
|start
|switch|p1a: Weezing|Weezing-Galar, M|100/100
|switch|p2a: Ogerpon|Ogerpon-Wellspring, F|100/100
|-ability|p1a: Weezing|Neutralizing Gas
|turn|1
|c|☆lakessss|glhf
|c|☆glimpseman|gl hf
|c|☆glimpseman|i've been haxxed like 30 times in the past few games
|c|☆lakessss|lol
|c|☆lakessss|This is my first game in months
|inactive|lakessss has 120 seconds left.
|
|t:|1779858715
|switch|p2a: Pecharunt|Pecharunt|100/100
|-item|p2a: Pecharunt|Air Balloon
|move|p1a: Weezing|Will-O-Wisp|p2a: Pecharunt
|-status|p2a: Pecharunt|brn
|
|-damage|p2a: Pecharunt|94/100 brn|[from] brn
|upkeep
|turn|2
|
|t:|1779858734
|-end|p1a: Weezing|ability: Neutralizing Gas
|switch|p1a: Gliscor|Gliscor, M|100/100
|move|p2a: Pecharunt|Shadow Ball|p1a: Gliscor
|-damage|p1a: Gliscor|81/100
|
|-damage|p2a: Pecharunt|88/100 brn|[from] brn
|-status|p1a: Gliscor|tox|[from] item: Toxic Orb
|upkeep
|turn|3
|inactive|lakessss has 90 seconds left.
|
|t:|1779858761
|switch|p2a: Great Tusk|Great Tusk|100/100
|move|p1a: Gliscor|U-turn|p2a: Great Tusk
|-resisted|p2a: Great Tusk
|-damage|p2a: Great Tusk|95/100
|-damage|p1a: Gliscor|64/100 tox|[from] item: Rocky Helmet|[of] p2a: Great Tusk
|
|t:|1779858773
|switch|p1a: Ogerpon|Ogerpon, F|100/100|[from] U-turn
|
|upkeep
|turn|4
|inactive|lakessss has 90 seconds left.
|
|t:|1779858800
|move|p1a: Ogerpon|Knock Off|p2a: Great Tusk
|-resisted|p2a: Great Tusk
|-damage|p2a: Great Tusk|77/100
|-damage|p1a: Ogerpon|84/100|[from] item: Rocky Helmet|[of] p2a: Great Tusk
|-enditem|p2a: Great Tusk|Rocky Helmet|[from] move: Knock Off|[of] p1a: Ogerpon
|move|p2a: Great Tusk|Stealth Rock|p1a: Ogerpon
|-sidestart|p1: glimpseman|move: Stealth Rock
|
|upkeep
|turn|5
|inactive|lakessss has 60 seconds left.
|
|t:|1779858836
|switch|p1a: Weezing|Weezing-Galar, M|100/100
|-ability|p1a: Weezing|Neutralizing Gas
|-end|p2a: Great Tusk|Protosynthesis|[silent]
|switch|p2a: Ogerpon|Ogerpon-Wellspring, F|100/100
|
|upkeep
|turn|6
|inactive|lakessss has 60 seconds left.
|
|t:|1779858860
|switch|p2a: Darkrai|Darkrai|100/100
|move|p1a: Weezing|Defog|p2a: Darkrai
|-unboost|p2a: Darkrai|evasion|1
|-sideend|p1: glimpseman|Stealth Rock|[from] move: Defog|[of] p1a: Weezing
|
|upkeep
|turn|7
|
|t:|1779858870
|-end|p1a: Weezing|ability: Neutralizing Gas
|switch|p1a: Samurott|Samurott-Hisui, M|100/100
|move|p2a: Darkrai|Ice Beam|p1a: Samurott
|-resisted|p1a: Samurott
|-crit|p1a: Samurott
|-damage|p1a: Samurott|82/100
|-damage|p2a: Darkrai|91/100|[from] item: Life Orb
|
|upkeep
|turn|8
|
|t:|1779858890
|switch|p2a: Pecharunt|Pecharunt|88/100 brn
|-item|p2a: Pecharunt|Air Balloon
|move|p1a: Samurott|Ceaseless Edge|p2a: Pecharunt
|-supereffective|p2a: Pecharunt
|-damage|p2a: Pecharunt|58/100 brn
|-enditem|p2a: Pecharunt|Air Balloon
|-sidestart|p2: lakessss|Spikes
|
|-damage|p2a: Pecharunt|52/100 brn|[from] brn
|upkeep
|turn|9
|
|t:|1779858900
|switch|p1a: Gliscor|Gliscor, M|64/100 tox
|move|p2a: Pecharunt|Parting Shot|p1a: Gliscor
|-unboost|p1a: Gliscor|atk|1
|-unboost|p1a: Gliscor|spa|1
|inactive|lakessss has 30 seconds left.
|
|t:|1779858917
|switch|p2a: Samurott|Samurott-Hisui, M|100/100|[from] Parting Shot
|-damage|p2a: Samurott|88/100|[from] Spikes
|
|-heal|p1a: Gliscor|77/100 tox|[from] ability: Poison Heal
|upkeep
|turn|10
|
|t:|1779858924
|move|p2a: Samurott|Ceaseless Edge|p1a: Gliscor
|-damage|p1a: Gliscor|53/100 tox
|-sidestart|p1: glimpseman|Spikes
|move|p1a: Gliscor|U-turn|p2a: Samurott
|-supereffective|p2a: Samurott
|-damage|p2a: Samurott|62/100
|
|t:|1779858933
|switch|p1a: Ogerpon|Ogerpon, F|84/100|[from] U-turn
|-damage|p1a: Ogerpon|72/100|[from] Spikes
|
|upkeep
|turn|11
|inactive|lakessss has 30 seconds left.
|inactive|lakessss has 20 seconds left.
|
|t:|1779858967
|switch|p2a: Darkrai|Darkrai|91/100
|-damage|p2a: Darkrai|78/100|[from] Spikes
|move|p1a: Ogerpon|Ivy Cudgel|p2a: Darkrai
|-damage|p2a: Darkrai|0 fnt
|faint|p2a: Darkrai
|
|upkeep
|inactive|lakessss has 25 seconds left this turn.
|inactive|lakessss has 20 seconds left.
|inactive|lakessss has 15 seconds left.
|
|t:|1779858978
|switch|p2a: Great Tusk|Great Tusk|77/100
|-damage|p2a: Great Tusk|65/100|[from] Spikes
|turn|12
|inactive|lakessss has 25 seconds left this turn.
|
|t:|1779858984
|switch|p1a: Weezing|Weezing-Galar, M|100/100
|-ability|p1a: Weezing|Neutralizing Gas
|move|p2a: Great Tusk|Ice Spinner|p1a: Weezing
|-damage|p1a: Weezing|82/100
|
|upkeep
|turn|13
|inactive|lakessss has 30 seconds left.
|
|t:|1779858991
|-end|p1a: Weezing|ability: Neutralizing Gas
|switch|p1a: Gliscor|Gliscor, M|53/100 tox
|move|p2a: Great Tusk|Ice Spinner|p1a: Gliscor
|-supereffective|p1a: Gliscor
|-damage|p1a: Gliscor|0 fnt
|faint|p1a: Gliscor
|
|upkeep
|c|☆glimpseman|wp
|
|t:|1779859000
|switch|p1a: Ogerpon|Ogerpon, F|72/100
|-damage|p1a: Ogerpon|59/100|[from] Spikes
|turn|14
|inactive|lakessss has 30 seconds left.
|
|t:|1779859021
|-terastallize|p1a: Ogerpon|Grass
|detailschange|p1a: Ogerpon|Ogerpon-Teal-Tera, F, tera:Grass
|-ability|p1a: Ogerpon|Embody Aspect (Teal)|boost
|-boost|p1a: Ogerpon|spe|1
|-terastallize|p2a: Great Tusk|Electric
|move|p1a: Ogerpon|Ivy Cudgel|p2a: Great Tusk
|-damage|p2a: Great Tusk|0 fnt
|faint|p2a: Great Tusk
|-end|p2a: Great Tusk|Protosynthesis|[silent]
|
|upkeep
|inactive|lakessss has 30 seconds left this turn.
|inactive|lakessss has 20 seconds left.
|inactive|lakessss has 15 seconds left.
|
|t:|1779859039
|switch|p2a: Samurott|Samurott-Hisui, M|62/100
|-damage|p2a: Samurott|49/100|[from] Spikes
|turn|15
|inactive|lakessss has 25 seconds left this turn.
|inactive|lakessss has 20 seconds left.
|
|t:|1779859047
|move|p1a: Ogerpon|Ivy Cudgel|p2a: Samurott
|-supereffective|p2a: Samurott
|-crit|p2a: Samurott
|-damage|p2a: Samurott|0 fnt
|faint|p2a: Samurott
|
|upkeep
|inactive|lakessss has 25 seconds left this turn.
|
|t:|1779859051
|switch|p2a: Raging Bolt|Raging Bolt|100/100
|-damage|p2a: Raging Bolt|88/100|[from] Spikes
|-enditem|p2a: Raging Bolt|Booster Energy
|-activate|p2a: Raging Bolt|ability: Protosynthesis|[fromitem]
|-start|p2a: Raging Bolt|protosynthesisspa
|turn|16
|
|t:|1779859056
|switch|p1a: Heatran|Heatran, M|100/100
|-item|p1a: Heatran|Air Balloon
|move|p2a: Raging Bolt|Calm Mind|p2a: Raging Bolt
|-boost|p2a: Raging Bolt|spa|1
|-boost|p2a: Raging Bolt|spd|1
|
|upkeep
|turn|17
|
|t:|1779859063
|move|p1a: Heatran|Earth Power|p2a: Raging Bolt
|-supereffective|p2a: Raging Bolt
|-damage|p2a: Raging Bolt|55/100
|move|p2a: Raging Bolt|Thunderbolt|p1a: Heatran
|-damage|p1a: Heatran|0 fnt
|-enditem|p1a: Heatran|Air Balloon
|faint|p1a: Heatran
|
|upkeep
|
|t:|1779859066
|switch|p1a: Zamazenta|Zamazenta|100/100
|-damage|p1a: Zamazenta|88/100|[from] Spikes
|-ability|p1a: Zamazenta|Dauntless Shield|boost
|-boost|p1a: Zamazenta|def|1
|turn|18
|
|t:|1779859075
|move|p1a: Zamazenta|Body Press|p2a: Raging Bolt
|-damage|p2a: Raging Bolt|19/100
|move|p2a: Raging Bolt|Thunderbolt|p1a: Zamazenta
|-damage|p1a: Zamazenta|11/100
|
|-heal|p1a: Zamazenta|17/100|[from] item: Leftovers
|upkeep
|turn|19
|
|t:|1779859079
|move|p2a: Raging Bolt|Thunderclap||[still]
|-fail|p2a: Raging Bolt
|move|p1a: Zamazenta|Iron Defense|p1a: Zamazenta
|-boost|p1a: Zamazenta|def|2
|
|-heal|p1a: Zamazenta|23/100|[from] item: Leftovers
|upkeep
|turn|20
|
|t:|1779859083
|move|p2a: Raging Bolt|Thunderclap||[still]
|-fail|p2a: Raging Bolt
|move|p1a: Zamazenta|Iron Defense|p1a: Zamazenta
|-boost|p1a: Zamazenta|def|2
|
|-heal|p1a: Zamazenta|29/100|[from] item: Leftovers
|upkeep
|turn|21
|
|t:|1779859085
|move|p2a: Raging Bolt|Thunderclap||[still]
|-fail|p2a: Raging Bolt
|move|p1a: Zamazenta|Substitute|p1a: Zamazenta
|-start|p1a: Zamazenta|Substitute
|-damage|p1a: Zamazenta|4/100
|
|-heal|p1a: Zamazenta|11/100|[from] item: Leftovers
|upkeep
|turn|22
|
|t:|1779859086
|move|p2a: Raging Bolt|Thunderclap|p1a: Zamazenta
|-crit|p1a: Zamazenta
|-end|p1a: Zamazenta|Substitute
|move|p1a: Zamazenta|Body Press|p2a: Raging Bolt
|-damage|p2a: Raging Bolt|0 fnt
|faint|p2a: Raging Bolt
|-end|p2a: Raging Bolt|Protosynthesis|[silent]
|
|-heal|p1a: Zamazenta|17/100|[from] item: Leftovers
|upkeep
|inactive|lakessss has 90 seconds left.
|
|t:|1779859096
|switch|p2a: Pecharunt|Pecharunt|52/100 brn
|-damage|p2a: Pecharunt|39/100 brn|[from] Spikes
|turn|23
|
|t:|1779859101
|move|p1a: Zamazenta|Crunch|p2a: Pecharunt
|-supereffective|p2a: Pecharunt
|-damage|p2a: Pecharunt|19/100 brn
|move|p2a: Pecharunt|Recover|p2a: Pecharunt
|-heal|p2a: Pecharunt|69/100 brn
|
|-heal|p1a: Zamazenta|23/100|[from] item: Leftovers
|-damage|p2a: Pecharunt|63/100 brn|[from] brn
|upkeep
|turn|24
|
|t:|1779859105
|move|p1a: Zamazenta|Crunch|p2a: Pecharunt
|-supereffective|p2a: Pecharunt
|-damage|p2a: Pecharunt|41/100 brn
|move|p2a: Pecharunt|Malignant Chain|p1a: Zamazenta
|-damage|p1a: Zamazenta|0 fnt
|faint|p1a: Zamazenta
|
|-damage|p2a: Pecharunt|35/100 brn|[from] brn
|upkeep
|
|t:|1779859114
|switch|p1a: Ogerpon|Ogerpon-Teal-Tera, F, tera:Grass|59/100
|-damage|p1a: Ogerpon|47/100|[from] Spikes
|-ability|p1a: Ogerpon|Embody Aspect (Teal)|boost
|-boost|p1a: Ogerpon|spe|1
|turn|25
|
|t:|1779859122
|move|p1a: Ogerpon|U-turn|p2a: Pecharunt
|-resisted|p2a: Pecharunt
|-damage|p2a: Pecharunt|31/100 brn
|
|t:|1779859124
|switch|p1a: Samurott|Samurott-Hisui, M|82/100|[from] U-turn
|-damage|p1a: Samurott|70/100|[from] Spikes
|move|p2a: Pecharunt|Recover|p2a: Pecharunt
|-heal|p2a: Pecharunt|81/100 brn
|
|-damage|p2a: Pecharunt|75/100 brn|[from] brn
|upkeep
|turn|26
|
|t:|1779859133
|move|p2a: Pecharunt|Malignant Chain|p1a: Samurott
|-damage|p1a: Samurott|53/100
|-status|p1a: Samurott|tox
|-start|p1a: Samurott|confusion|[from] ability: Poison Puppeteer|[of] p2a: Pecharunt
|-activate|p1a: Samurott|confusion
|-damage|p1a: Samurott|43/100 tox|[from] confusion
|
|-damage|p1a: Samurott|37/100 tox|[from] psn
|-damage|p2a: Pecharunt|69/100 brn|[from] brn
|upkeep
|turn|27
|c|☆glimpseman|no way bro
|c|☆lakessss|lol my b thats evil
|inactive|lakessss has 120 seconds left.
|
|t:|1779859149
|move|p2a: Pecharunt|Recover|p2a: Pecharunt
|-heal|p2a: Pecharunt|100/100 brn
|-activate|p1a: Samurott|confusion
|move|p1a: Samurott|Ceaseless Edge|p2a: Pecharunt|[miss]
|-miss|p1a: Samurott|p2a: Pecharunt
|
|-damage|p1a: Samurott|25/100 tox|[from] psn
|-damage|p2a: Pecharunt|94/100 brn|[from] brn
|upkeep
|turn|28
|c|☆glimpseman|aight bro
|
|t:|1779859159
|-activate|p1a: Samurott|confusion
|-damage|p1a: Samurott|15/100 tox|[from] confusion
|move|p2a: Pecharunt|Malignant Chain|p1a: Samurott
|-damage|p1a: Samurott|0 fnt
|faint|p1a: Samurott
|
|-damage|p2a: Pecharunt|88/100 brn|[from] brn
|upkeep
|c|☆glimpseman|//?????
|
|t:|1779859167
|switch|p1a: Weezing|Weezing-Galar, M|82/100
|-ability|p1a: Weezing|Neutralizing Gas
|turn|29
|
|t:|1779859177
|move|p2a: Pecharunt|Shadow Ball|p1a: Weezing
|-damage|p1a: Weezing|47/100
|move|p1a: Weezing|Sludge Bomb|p2a: Pecharunt
|-resisted|p2a: Pecharunt
|-damage|p2a: Pecharunt|82/100 brn
|
|-damage|p2a: Pecharunt|76/100 brn|[from] brn
|upkeep
|turn|30
|
|t:|1779859182
|move|p2a: Pecharunt|Shadow Ball|p1a: Weezing
|-damage|p1a: Weezing|16/100
|move|p1a: Weezing|Pain Split|p2a: Pecharunt
|-sethp|p2a: Pecharunt|45/100 brn|[from] move: Pain Split|[silent]
|-sethp|p1a: Weezing|51/100|[from] move: Pain Split
|
|-damage|p2a: Pecharunt|39/100 brn|[from] brn
|upkeep
|turn|31
|
|t:|1779859188
|move|p2a: Pecharunt|Shadow Ball|p1a: Weezing
|-damage|p1a: Weezing|16/100
|move|p1a: Weezing|Sludge Bomb|p2a: Pecharunt
|-resisted|p2a: Pecharunt
|-damage|p2a: Pecharunt|32/100 brn
|
|-damage|p2a: Pecharunt|26/100 brn|[from] brn
|upkeep
|turn|32
|
|t:|1779859191
|move|p2a: Pecharunt|Recover|p2a: Pecharunt
|-heal|p2a: Pecharunt|76/100 brn
|move|p1a: Weezing|Pain Split|p2a: Pecharunt
|-sethp|p2a: Pecharunt|45/100 brn|[from] move: Pain Split|[silent]
|-sethp|p1a: Weezing|52/100|[from] move: Pain Split
|
|-damage|p2a: Pecharunt|39/100 brn|[from] brn
|upkeep
|turn|33
|
|t:|1779859197
|move|p2a: Pecharunt|Shadow Ball|p1a: Weezing
|-damage|p1a: Weezing|15/100
|move|p1a: Weezing|Sludge Bomb|p2a: Pecharunt
|-resisted|p2a: Pecharunt
|-damage|p2a: Pecharunt|33/100 brn
|
|-damage|p2a: Pecharunt|27/100 brn|[from] brn
|upkeep
|turn|34
|
|t:|1779859205
|move|p2a: Pecharunt|Recover|p2a: Pecharunt
|-heal|p2a: Pecharunt|77/100 brn
|move|p1a: Weezing|Pain Split|p2a: Pecharunt
|-sethp|p2a: Pecharunt|45/100 brn|[from] move: Pain Split|[silent]
|-sethp|p1a: Weezing|51/100|[from] move: Pain Split
|
|-damage|p2a: Pecharunt|39/100 brn|[from] brn
|upkeep
|turn|35
|
|t:|1779859207
|move|p2a: Pecharunt|Shadow Ball|p1a: Weezing
|-crit|p1a: Weezing
|-damage|p1a: Weezing|0 fnt
|faint|p1a: Weezing
|-end|p1a: Weezing|ability: Neutralizing Gas
|
|-damage|p2a: Pecharunt|33/100 brn|[from] brn
|upkeep
|
|t:|1779859209
|switch|p1a: Ogerpon|Ogerpon-Teal-Tera, F, tera:Grass|47/100
|-damage|p1a: Ogerpon|35/100|[from] Spikes
|-ability|p1a: Ogerpon|Embody Aspect (Teal)|boost
|-boost|p1a: Ogerpon|spe|1
|turn|36
|c|☆glimpseman|fuck this shit bro
|c|☆lakessss|ggz lmaooo
|
|t:|1779859221
|move|p1a: Ogerpon|Ivy Cudgel|p2a: Pecharunt
|-resisted|p2a: Pecharunt
|-crit|p2a: Pecharunt
|-damage|p2a: Pecharunt|0 fnt
|faint|p2a: Pecharunt
|
|upkeep
|c|☆glimpseman|gg
|c|☆lakessss|LMAOOOO
|
|t:|1779859230
|switch|p2a: Ogerpon|Ogerpon-Wellspring, F|100/100
|-damage|p2a: Ogerpon|88/100|[from] Spikes
|turn|37
|
|t:|1779859236
|move|p1a: Ogerpon|Ivy Cudgel|p2a: Ogerpon
|-damage|p2a: Ogerpon|0 fnt
|faint|p2a: Ogerpon
|
|win|glimpseman
|raw|glimpseman's rating: 1491 &rarr; <strong>1509</strong><br />(+18 for winning)
|raw|lakessss's rating: 1464 &rarr; <strong>1446</strong><br />(-18 for losing)
|l|☆glimpseman
|player|p1|
