|j|☆Notverymoisttbh
|j|☆ImOuTtT
|t:|1779941569
|gametype|singles
|player|p1|Notverymoisttbh|youngster-gen4dp|1072
|player|p2|ImOuTtT|101|1103
|gen|9
|tier|[Gen 9] OU
|rated|
|rule|HP Percentage Mod: HP is shown in percentages
|rule|Endless Battle Clause: Forcing endless battles is banned
|rule|Species Clause: Limit one of each Pokémon
|rule|OHKO Clause: OHKO moves are banned
|rule|Evasion Items Clause: Evasion items are banned
|rule|Evasion Moves Clause: Evasion moves are banned
|rule|Evasion Abilities Clause: Evasion abilities are banned
|rule|Sleep Moves Clause: Sleep-inducing moves are banned
|clearpoke
|poke|p1|Cloyster, M|
|poke|p1|Polteageist|
|poke|p1|Drednaw, F|
|poke|p1|Maushold|
|poke|p1|Bruxish, F|
|poke|p1|Farigiraf, M|
|poke|p2|Weezing-Galar, F|
|poke|p2|Dragonite, M|
|poke|p2|Iron Moth|
|poke|p2|Iron Treads|
|poke|p2|Whimsicott, M|
|poke|p2|Eelektross, F|
|teampreview
|
|t:|1779941579
|teamsize|p1|6
|teamsize|p2|6
|start
|switch|p1a: Drednaw|Drednaw, F|100/100
|switch|p2a: Whimsicott|Whimsicott, M|100/100
|turn|1
|
|t:|1779941589
|switch|p1a: Polteageist|Polteageist|100/100
|move|p2a: Whimsicott|Stun Spore|p1a: Polteageist
|-status|p1a: Polteageist|par
|
|upkeep
|turn|2
|inactive|Battle timer is ON: inactive players will automatically lose when time's up. (requested by Notverymoisttbh)
|
|t:|1779941601
|move|p2a: Whimsicott|Moonblast|p1a: Polteageist
|-damage|p1a: Polteageist|63/100 par
|move|p1a: Polteageist|Shadow Ball|p2a: Whimsicott
|-damage|p2a: Whimsicott|27/100
|
|upkeep
|turn|3
|
|t:|1779941609
|move|p2a: Whimsicott|Giga Drain|p1a: Polteageist
|-damage|p1a: Polteageist|29/100 par
|-heal|p2a: Whimsicott|43/100|[from] drain|[of] p1a: Polteageist
|cant|p1a: Polteageist|par
|
|upkeep
|turn|4
|
|t:|1779941615
|move|p2a: Whimsicott|Giga Drain|p1a: Polteageist
|-damage|p1a: Polteageist|0 fnt
|-heal|p2a: Whimsicott|58/100|[from] drain|[of] p1a: Polteageist
|faint|p1a: Polteageist
|
|upkeep
|
|t:|1779941618
|switch|p1a: Cloyster|Cloyster, M|100/100
|turn|5
|
|t:|1779941624
|move|p2a: Whimsicott|Stun Spore|p1a: Cloyster|[miss]
|-miss|p2a: Whimsicott|p1a: Cloyster
|move|p1a: Cloyster|Icicle Spear|p2a: Whimsicott
|-supereffective|p2a: Whimsicott
|-damage|p2a: Whimsicott|21/100
|-supereffective|p2a: Whimsicott
|-damage|p2a: Whimsicott|0 fnt
|faint|p2a: Whimsicott
|-hitcount|p2: Whimsicott|2
|
|upkeep
|
|t:|1779941639
|switch|p2a: Iron Moth|Iron Moth|100/100
|-enditem|p2a: Iron Moth|Booster Energy
|-activate|p2a: Iron Moth|ability: Quark Drive|[fromitem]
|-start|p2a: Iron Moth|quarkdrivespe
|turn|6
|
|t:|1779941644
|move|p2a: Iron Moth|Fiery Dance|p1a: Cloyster
|-damage|p1a: Cloyster|0 fnt
|-boost|p2a: Iron Moth|spa|1
|faint|p1a: Cloyster
|
|upkeep
|inactive|Notverymoisttbh has 120 seconds left.
|
|t:|1779941686
|switch|p1a: Bruxish|Bruxish, F|100/100
|turn|7
|
|t:|1779941692
|-terastallize|p2a: Iron Moth|Water
|move|p2a: Iron Moth|Discharge|p1a: Bruxish
|-supereffective|p1a: Bruxish
|-enditem|p1a: Bruxish|Focus Sash
|-damage|p1a: Bruxish|1/100
|move|p1a: Bruxish|Agility|p1a: Bruxish
|-boost|p1a: Bruxish|spe|2
|
|upkeep
|turn|8
|
|t:|1779941703
|move|p1a: Bruxish|Psychic Fangs|p2a: Iron Moth
|-damage|p2a: Iron Moth|36/100
|move|p2a: Iron Moth|Discharge|p1a: Bruxish
|-supereffective|p1a: Bruxish
|-damage|p1a: Bruxish|0 fnt
|faint|p1a: Bruxish
|
|upkeep
|
|t:|1779941710
|switch|p1a: Maushold|Maushold|100/100
|turn|9
|
|t:|1779941718
|move|p2a: Iron Moth|Fiery Dance|p1a: Maushold
|-damage|p1a: Maushold|14/100
|move|p1a: Maushold|Population Bomb|p2a: Iron Moth
|-damage|p2a: Iron Moth|13/100
|-damage|p2a: Iron Moth|0 fnt
|faint|p2a: Iron Moth
|-end|p2a: Iron Moth|Quark Drive|[silent]
|-hitcount|p2: Iron Moth|2
|
|upkeep
|
|t:|1779941729
|switch|p2a: Iron Treads|Iron Treads|100/100
|-enditem|p2a: Iron Treads|Booster Energy
|-activate|p2a: Iron Treads|ability: Quark Drive|[fromitem]
|-start|p2a: Iron Treads|quarkdriveatk
|turn|10
|
|t:|1779941735
|move|p2a: Iron Treads|Earthquake|p1a: Maushold
|-damage|p1a: Maushold|0 fnt
|faint|p1a: Maushold
|
|upkeep
|
|t:|1779941737
|switch|p1a: Drednaw|Drednaw, F|100/100
|turn|11
|
|t:|1779941743
|move|p2a: Iron Treads|Wild Charge|p1a: Drednaw
|-supereffective|p1a: Drednaw
|-damage|p1a: Drednaw|21/100
|-damage|p2a: Iron Treads|81/100|[from] Recoil
|move|p1a: Drednaw|Shell Smash|p1a: Drednaw
|-unboost|p1a: Drednaw|def|1
|-unboost|p1a: Drednaw|spd|1
|-boost|p1a: Drednaw|atk|2
|-boost|p1a: Drednaw|spa|2
|-boost|p1a: Drednaw|spe|2
|
|upkeep
|turn|12
|
|t:|1779941753
|move|p1a: Drednaw|Liquidation|p2a: Iron Treads
|-supereffective|p2a: Iron Treads
|-damage|p2a: Iron Treads|0 fnt
|faint|p2a: Iron Treads
|-end|p2a: Iron Treads|Quark Drive|[silent]
|
|upkeep
|
|t:|1779941762
|switch|p2a: Eelektross|Eelektross, F|100/100
|turn|13
|
|t:|1779941766
|move|p1a: Drednaw|Liquidation|p2a: Eelektross
|-damage|p2a: Eelektross|8/100
|move|p2a: Eelektross|Giga Drain|p1a: Drednaw
|-supereffective|p1a: Drednaw
|-damage|p1a: Drednaw|0 fnt
|-heal|p2a: Eelektross|19/100|[from] drain|[of] p1a: Drednaw
|faint|p1a: Drednaw
|
|upkeep
|
|t:|1779941769
|switch|p1a: Farigiraf|Farigiraf, M|100/100
|turn|14
|
|t:|1779941778
|move|p1a: Farigiraf|Agility|p1a: Farigiraf
|-boost|p1a: Farigiraf|spe|2
|move|p2a: Eelektross|Thunderbolt|p1a: Farigiraf
|-damage|p1a: Farigiraf|47/100
|
|upkeep
|turn|15
|
|t:|1779941789
|-terastallize|p1a: Farigiraf|Normal
|move|p1a: Farigiraf|Nasty Plot|p1a: Farigiraf
|-boost|p1a: Farigiraf|spa|2
|move|p2a: Eelektross|Thunderbolt|p1a: Farigiraf
|-damage|p1a: Farigiraf|0 fnt
|faint|p1a: Farigiraf
|
|win|ImOuTtT
|raw|Notverymoisttbh's rating: 1072 &rarr; <strong>1053</strong><br />(-19 for losing)
|raw|ImOuTtT's rating: 1103 &rarr; <strong>1126</strong><br />(+23 for winning)
