|j|☆buyijklkm
|j|☆vipquangtri
|t:|1779887262
|gametype|singles
|player|p1|buyijklkm|1|1241
|player|p2|vipquangtri|canari|1252
|gen|9
|tier|[Gen 9] OU
|rated|
|rule|HP Percentage Mod: HP is shown in percentages
|rule|Endless Battle Clause: Forcing endless battles is banned
|rule|Species Clause: Limit one of each Pokémon
|rule|OHKO Clause: OHKO moves are banned
|rule|Evasion Items Clause: Evasion items are banned
|rule|Evasion Moves Clause: Evasion moves are banned
|rule|Evasion Abilities Clause: Evasion abilities are banned
|rule|Sleep Moves Clause: Sleep-inducing moves are banned
|clearpoke
|poke|p1|Feraligatr, M|
|poke|p1|Araquanid, F|
|poke|p1|Gholdengo|
|poke|p1|Ceruledge, F|
|poke|p1|Raging Bolt|
|poke|p1|Iron Valiant|
|poke|p2|Glimmora, F|
|poke|p2|Great Tusk|
|poke|p2|Iron Valiant|
|poke|p2|Ogerpon-Wellspring, F|
|poke|p2|Porygon-Z|
|poke|p2|Hoopa-Unbound|
|teampreview
|inactive|Battle timer is ON: inactive players will automatically lose when time's up. (requested by buyijklkm)
|
|t:|1779887278
|teamsize|p1|6
|teamsize|p2|6
|start
|switch|p1a: Dewdrop|Araquanid, F|100/100
|switch|p2a: Ogerpon|Ogerpon-Wellspring, F|100/100
|turn|1
|
|t:|1779887286
|move|p2a: Ogerpon|U-turn|p1a: Dewdrop
|-damage|p1a: Dewdrop|72/100
|
|t:|1779887290
|switch|p2a: Porygon-Z|Porygon-Z|100/100|[from] U-turn
|move|p1a: Dewdrop|Sticky Web|p2a: Porygon-Z
|-sidestart|p2: vipquangtri|move: Sticky Web
|
|upkeep
|turn|2
|
|t:|1779887298
|move|p2a: Porygon-Z|Agility|p2a: Porygon-Z
|-boost|p2a: Porygon-Z|spe|2
|move|p1a: Dewdrop|Surf|p2a: Porygon-Z
|-damage|p2a: Porygon-Z|28/100
|
|upkeep
|turn|3
|
|t:|1779887307
|move|p1a: Dewdrop|Endure|p1a: Dewdrop
|-singleturn|p1a: Dewdrop|move: Endure
|move|p2a: Porygon-Z|Thunderbolt|p1a: Dewdrop
|-supereffective|p1a: Dewdrop
|-activate|p1a: Dewdrop|move: Endure
|-damage|p1a: Dewdrop|1/100
|-damage|p2a: Porygon-Z|18/100|[from] item: Life Orb
|
|upkeep
|turn|4
|-enditem|p1a: Dewdrop|Custap Berry|[eat]
|-activate|p1a: Dewdrop|item: Custap Berry|[consumed]
|
|t:|1779887326
|switch|p2a: Iron Valiant|Iron Valiant|100/100
|-activate|p2a: Iron Valiant|move: Sticky Web
|-unboost|p2a: Iron Valiant|spe|1
|-enditem|p2a: Iron Valiant|Booster Energy
|-activate|p2a: Iron Valiant|ability: Quark Drive|[fromitem]
|-start|p2a: Iron Valiant|quarkdrivespa
|move|p1a: Dewdrop|Surf|p2a: Iron Valiant
|-damage|p2a: Iron Valiant|0 fnt
|faint|p2a: Iron Valiant
|-end|p2a: Iron Valiant|Quark Drive|[silent]
|
|upkeep
|inactive|vipquangtri has 120 seconds left.
|
|t:|1779887346
|switch|p2a: Hoopa|Hoopa-Unbound|100/100
|-activate|p2a: Hoopa|move: Sticky Web
|-unboost|p2a: Hoopa|spe|1
|turn|5
|inactive|vipquangtri has 120 seconds left.
|
|t:|1779887359
|move|p2a: Hoopa|Psychic Noise|p1a: Dewdrop
|-damage|p1a: Dewdrop|0 fnt
|faint|p1a: Dewdrop
|
|upkeep
|
|t:|1779887373
|switch|p1a: Goldylocks|Gholdengo|100/100
|-item|p1a: Goldylocks|Air Balloon
|turn|6
|
|t:|1779887382
|switch|p2a: Porygon-Z|Porygon-Z|18/100
|-activate|p2a: Porygon-Z|move: Sticky Web
|-unboost|p2a: Porygon-Z|spe|1
|-terastallize|p1a: Goldylocks|Fairy
|move|p1a: Goldylocks|Dazzling Gleam|p2a: Porygon-Z
|-damage|p2a: Porygon-Z|0 fnt
|faint|p2a: Porygon-Z
|
|upkeep
|
|t:|1779887393
|switch|p2a: Glimmora|Glimmora, F|100/100
|-activate|p2a: Glimmora|move: Sticky Web
|-unboost|p2a: Glimmora|spe|1
|turn|7
|
|t:|1779887400
|move|p1a: Goldylocks|Shadow Ball|p2a: Glimmora
|-damage|p2a: Glimmora|38/100
|move|p2a: Glimmora|Mortal Spin|p1a: Goldylocks
|-supereffective|p1a: Goldylocks
|-damage|p1a: Goldylocks|87/100
|-status|p1a: Goldylocks|psn
|-enditem|p1a: Goldylocks|Air Balloon
|-sideend|p2: vipquangtri|Sticky Web|[from] move: Mortal Spin|[of] p2a: Glimmora
|
|-damage|p1a: Goldylocks|74/100 psn|[from] psn
|upkeep
|turn|8
|inactive|vipquangtri has 120 seconds left.
|
|t:|1779887421
|move|p1a: Goldylocks|Shadow Ball|p2a: Glimmora
|-damage|p2a: Glimmora|0 fnt
|faint|p2a: Glimmora
|
|-damage|p1a: Goldylocks|62/100 psn|[from] psn
|upkeep
|inactive|vipquangtri has 120 seconds left.
|
|t:|1779887430
|switch|p2a: Ogerpon|Ogerpon-Wellspring, F|100/100
|turn|9
|
|t:|1779887440
|move|p2a: Ogerpon|Ivy Cudgel|p1a: Goldylocks|[anim] Ivy Cudgel Water
|-crit|p1a: Goldylocks
|-damage|p1a: Goldylocks|0 fnt
|faint|p1a: Goldylocks
|
|upkeep
|
|t:|1779887445
|switch|p1a: Zeus|Raging Bolt|100/100
|-enditem|p1a: Zeus|Booster Energy
|-activate|p1a: Zeus|ability: Protosynthesis|[fromitem]
|-start|p1a: Zeus|protosynthesisspa
|turn|10
|
|t:|1779887462
|move|p2a: Ogerpon|Ivy Cudgel|p1a: Zeus|[anim] Ivy Cudgel Water
|-resisted|p1a: Zeus
|-damage|p1a: Zeus|75/100
|move|p1a: Zeus|Draco Meteor|p2a: Ogerpon
|-damage|p2a: Ogerpon|0 fnt
|-unboost|p1a: Zeus|spa|2
|faint|p2a: Ogerpon
|
|upkeep
|
|t:|1779887471
|switch|p2a: Hoopa|Hoopa-Unbound|100/100
|turn|11
|
|t:|1779887481
|-terastallize|p2a: Hoopa|Psychic
|move|p2a: Hoopa|Psyshock|p1a: Zeus
|-damage|p1a: Zeus|14/100
|move|p1a: Zeus|Calm Mind|p1a: Zeus
|-boost|p1a: Zeus|spa|1
|-boost|p1a: Zeus|spd|1
|
|upkeep
|turn|12
|
|t:|1779887491
|move|p2a: Hoopa|Psyshock|p1a: Zeus
|-damage|p1a: Zeus|0 fnt
|faint|p1a: Zeus
|-end|p1a: Zeus|Protosynthesis|[silent]
|
|upkeep
|
|t:|1779887496
|switch|p1a: Hellblade|Ceruledge, F|100/100
|turn|13
|
|t:|1779887500
|move|p2a: Hoopa|Psyshock|p1a: Hellblade
|-enditem|p1a: Hellblade|Focus Sash
|-damage|p1a: Hellblade|1/100
|move|p1a: Hellblade|Bitter Blade|p2a: Hoopa
|-damage|p2a: Hoopa|15/100
|-heal|p1a: Hellblade|45/100|[from] drain|[of] p2a: Hoopa
|
|upkeep
|turn|14
|
|t:|1779887512
|switch|p2a: Great Tusk|Great Tusk|100/100
|move|p1a: Hellblade|Shadow Sneak|p2a: Great Tusk
|-damage|p2a: Great Tusk|88/100
|-damage|p1a: Hellblade|29/100|[from] item: Rocky Helmet|[of] p2a: Great Tusk
|
|upkeep
|turn|15
|
|t:|1779887520
|move|p1a: Hellblade|Close Combat|p2a: Great Tusk
|-damage|p2a: Great Tusk|63/100
|-unboost|p1a: Hellblade|def|1
|-unboost|p1a: Hellblade|spd|1
|-damage|p1a: Hellblade|12/100|[from] item: Rocky Helmet|[of] p2a: Great Tusk
|move|p2a: Great Tusk|Knock Off|p1a: Hellblade
|-supereffective|p1a: Hellblade
|-damage|p1a: Hellblade|0 fnt
|faint|p1a: Hellblade
|
|upkeep
|
|t:|1779887525
|switch|p1a: Freshwater|Feraligatr, M|100/100
|turn|16
|
|t:|1779887535
|move|p1a: Freshwater|Swords Dance|p1a: Freshwater
|-boost|p1a: Freshwater|atk|2
|move|p2a: Great Tusk|Knock Off|p1a: Freshwater
|-damage|p1a: Freshwater|64/100
|-enditem|p1a: Freshwater|Life Orb|[from] move: Knock Off|[of] p2a: Great Tusk
|
|upkeep
|turn|17
|
|t:|1779887545
|move|p1a: Freshwater|Liquidation|p2a: Great Tusk
|-supereffective|p2a: Great Tusk
|-damage|p2a: Great Tusk|0 fnt
|-damage|p1a: Freshwater|47/100|[from] item: Rocky Helmet|[of] p2a: Great Tusk
|faint|p2a: Great Tusk
|-end|p2a: Great Tusk|Protosynthesis|[silent]
|
|upkeep
|
|t:|1779887552
|switch|p2a: Hoopa|Hoopa-Unbound, tera:Psychic|15/100
|turn|18
|
|t:|1779887555
|move|p2a: Hoopa|Psyshock|p1a: Freshwater
|-damage|p1a: Freshwater|0 fnt
|faint|p1a: Freshwater
|
|upkeep
|
|t:|1779887558
|switch|p1a: Iron Valiant|Iron Valiant|100/100
|-enditem|p1a: Iron Valiant|Booster Energy
|-activate|p1a: Iron Valiant|ability: Quark Drive|[fromitem]
|-start|p1a: Iron Valiant|quarkdrivespe
|turn|19
|
|t:|1779887564
|move|p1a: Iron Valiant|Moonblast|p2a: Hoopa
|-damage|p2a: Hoopa|0 fnt
|faint|p2a: Hoopa
|
|win|buyijklkm
|raw|buyijklkm's rating: 1241 &rarr; <strong>1267</strong><br />(+26 for winning)
|raw|vipquangtri's rating: 1252 &rarr; <strong>1226</strong><br />(-26 for losing)
|l|☆buyijklkm
|player|p1|
|c|☆vipquangtri|gg
|l|☆vipquangtri
|player|p2|
