|j|☆Evanoux
|j|☆22sbalce
|t:|1779869660
|gametype|singles
|player|p1|Evanoux|richboy|1289
|player|p2|22sbalce|bruno|1285
|gen|9
|tier|[Gen 9] OU
|rated|
|rule|HP Percentage Mod: HP is shown in percentages
|rule|Endless Battle Clause: Forcing endless battles is banned
|rule|Species Clause: Limit one of each Pokémon
|rule|OHKO Clause: OHKO moves are banned
|rule|Evasion Items Clause: Evasion items are banned
|rule|Evasion Moves Clause: Evasion moves are banned
|rule|Evasion Abilities Clause: Evasion abilities are banned
|rule|Sleep Moves Clause: Sleep-inducing moves are banned
|clearpoke
|poke|p1|Enamorus, F|
|poke|p1|Iron Valiant|
|poke|p1|Azumarill, F|
|poke|p1|Klefki, F|
|poke|p1|Hatterene, F|
|poke|p1|Primarina, F|
|poke|p2|Incineroar, F|
|poke|p2|Rillaboom, F|
|poke|p2|Primarina, M|
|poke|p2|Gholdengo|
|poke|p2|Great Tusk|
|poke|p2|Rotom-Wash|
|teampreview
|inactive|Battle timer is ON: inactive players will automatically lose when time's up. (requested by 22sbalce)
|
|t:|1779869671
|teamsize|p1|6
|teamsize|p2|6
|start
|switch|p1a: Primarina|Primarina, F|100/100
|switch|p2a: Rotom|Rotom-Wash|100/100
|turn|1
|
|t:|1779869677
|move|p2a: Rotom|Volt Switch|p1a: Primarina
|-supereffective|p1a: Primarina
|-damage|p1a: Primarina|51/100
|
|t:|1779869682
|switch|p2a: Gholdengo|Gholdengo|100/100|[from] Volt Switch
|move|p1a: Primarina|Draining Kiss|p2a: Gholdengo
|-resisted|p2a: Gholdengo
|-damage|p2a: Gholdengo|91/100
|-heal|p1a: Primarina|59/100|[from] drain|[of] p2a: Gholdengo
|
|-heal|p2a: Gholdengo|97/100|[from] item: Leftovers
|-heal|p1a: Primarina|65/100|[from] item: Leftovers
|upkeep
|turn|2
|
|t:|1779869692
|move|p2a: Gholdengo|Nasty Plot|p2a: Gholdengo
|-boost|p2a: Gholdengo|spa|2
|move|p1a: Primarina|Surf|p2a: Gholdengo
|-damage|p2a: Gholdengo|62/100
|
|-heal|p2a: Gholdengo|68/100|[from] item: Leftovers
|-heal|p1a: Primarina|71/100|[from] item: Leftovers
|upkeep
|turn|3
|
|t:|1779869701
|move|p2a: Gholdengo|Shadow Ball|p1a: Primarina
|-damage|p1a: Primarina|0 fnt
|faint|p1a: Primarina
|
|-heal|p2a: Gholdengo|74/100|[from] item: Leftovers
|upkeep
|
|t:|1779869710
|switch|p1a: Enamorus|Enamorus, F|100/100
|turn|4
|
|t:|1779869715
|move|p1a: Enamorus|Earth Power|p2a: Gholdengo
|-supereffective|p2a: Gholdengo
|-damage|p2a: Gholdengo|8/100
|move|p2a: Gholdengo|Make It Rain|p1a: Enamorus
|-supereffective|p1a: Enamorus
|-damage|p1a: Enamorus|0 fnt
|-unboost|p2a: Gholdengo|spa|1
|faint|p1a: Enamorus
|
|-heal|p2a: Gholdengo|14/100|[from] item: Leftovers
|upkeep
|
|t:|1779869722
|switch|p1a: Azumarill|Azumarill, F|100/100
|turn|5
|
|t:|1779869725
|move|p1a: Azumarill|Aqua Jet|p2a: Gholdengo
|-damage|p2a: Gholdengo|0 fnt
|faint|p2a: Gholdengo
|
|upkeep
|
|t:|1779869732
|switch|p2a: Primarina|Primarina, M|100/100
|turn|6
|
|t:|1779869734
|move|p1a: Azumarill|Belly Drum|p1a: Azumarill
|-damage|p1a: Azumarill|50/100
|-setboost|p1a: Azumarill|atk|6|[from] move: Belly Drum
|-enditem|p1a: Azumarill|Sitrus Berry|[eat]
|-heal|p1a: Azumarill|75/100|[from] item: Sitrus Berry
|move|p2a: Primarina|Substitute|p2a: Primarina
|-start|p2a: Primarina|Substitute
|-damage|p2a: Primarina|76/100
|
|-heal|p2a: Primarina|82/100|[from] item: Leftovers
|upkeep
|turn|7
|
|t:|1779869744
|move|p1a: Azumarill|Knock Off|p2a: Primarina
|-resisted|p2a: Primarina
|-end|p2a: Primarina|Substitute
|move|p2a: Primarina|Moonblast|p1a: Azumarill
|-damage|p1a: Azumarill|18/100
|
|-heal|p2a: Primarina|88/100|[from] item: Leftovers
|upkeep
|turn|8
|
|t:|1779869760
|move|p1a: Azumarill|Play Rough|p2a: Primarina
|-damage|p2a: Primarina|0 fnt
|faint|p2a: Primarina
|
|upkeep
|
|t:|1779869769
|switch|p2a: Rotom|Rotom-Wash|100/100
|turn|9
|
|t:|1779869795
|move|p1a: Azumarill|Aqua Jet|p2a: Rotom
|-resisted|p2a: Rotom
|-damage|p2a: Rotom|29/100
|move|p2a: Rotom|Volt Switch|p1a: Azumarill
|-supereffective|p1a: Azumarill
|-damage|p1a: Azumarill|0 fnt
|faint|p1a: Azumarill
|
|t:|1779869808
|switch|p2a: Rillaboom|Rillaboom, F|100/100|[from] Volt Switch
|-fieldstart|move: Grassy Terrain|[from] ability: Grassy Surge|[of] p2a: Rillaboom
|
|upkeep
|
|t:|1779869813
|switch|p1a: Klefki|Klefki, F|100/100
|turn|10
|
|t:|1779869817
|switch|p2a: Great Tusk|Great Tusk|100/100
|move|p1a: Klefki|Reflect|p1a: Klefki
|-sidestart|p1: Evanoux|Reflect
|
|upkeep
|turn|11
|
|t:|1779869824
|switch|p1a: Hatterene|Hatterene, F|100/100
|move|p2a: Great Tusk|Stealth Rock|p1a: Hatterene
|move|p1a: Hatterene|Stealth Rock|p2a: Great Tusk|[from] ability: Magic Bounce
|-sidestart|p2: 22sbalce|move: Stealth Rock
|
|upkeep
|turn|12
|
|t:|1779869832
|move|p2a: Great Tusk|Rapid Spin|p1a: Hatterene
|-damage|p1a: Hatterene|93/100
|-boost|p2a: Great Tusk|spe|1
|-sideend|p2: 22sbalce|Stealth Rock|[from] move: Rapid Spin|[of] p2a: Great Tusk
|move|p1a: Hatterene|Draining Kiss|p2a: Great Tusk
|-supereffective|p2a: Great Tusk
|-damage|p2a: Great Tusk|39/100
|-heal|p1a: Hatterene|100/100|[from] drain|[of] p2a: Great Tusk
|
|-heal|p2a: Great Tusk|45/100|[from] Grassy Terrain
|-heal|p2a: Great Tusk|51/100|[from] item: Leftovers
|upkeep
|turn|13
|
|t:|1779869844
|-end|p2a: Great Tusk|Protosynthesis|[silent]
|switch|p2a: Rillaboom|Rillaboom, F|100/100
|move|p1a: Hatterene|Draining Kiss|p2a: Rillaboom
|-damage|p2a: Rillaboom|72/100
|
|-heal|p2a: Rillaboom|78/100|[from] Grassy Terrain
|-heal|p2a: Rillaboom|84/100|[from] item: Leftovers
|-fieldend|move: Grassy Terrain
|upkeep
|turn|14
|
|t:|1779869850
|move|p2a: Rillaboom|U-turn|p1a: Hatterene
|-damage|p1a: Hatterene|91/100
|
|t:|1779869855
|switch|p2a: Incineroar|Incineroar, F|100/100|[from] U-turn
|-ability|p2a: Incineroar|Intimidate|boost
|-unboost|p1a: Hatterene|atk|1
|move|p1a: Hatterene|Calm Mind|p1a: Hatterene
|-boost|p1a: Hatterene|spa|1
|-boost|p1a: Hatterene|spd|1
|
|-heal|p1a: Hatterene|97/100|[from] item: Leftovers
|upkeep
|turn|15
|
|t:|1779869862
|move|p2a: Incineroar|Swords Dance|p2a: Incineroar
|-boost|p2a: Incineroar|atk|2
|move|p1a: Hatterene|Nuzzle|p2a: Incineroar
|-damage|p2a: Incineroar|98/100
|-status|p2a: Incineroar|par
|
|-heal|p1a: Hatterene|100/100|[from] item: Leftovers
|upkeep
|turn|16
|
|t:|1779869865
|move|p1a: Hatterene|Draining Kiss|p2a: Incineroar
|-damage|p2a: Incineroar|62/100 par
|move|p2a: Incineroar|Trailblaze|p1a: Hatterene
|-damage|p1a: Hatterene|80/100
|-boost|p2a: Incineroar|spe|1
|-damage|p2a: Incineroar|52/100 par|[from] item: Life Orb
|
|-heal|p1a: Hatterene|86/100|[from] item: Leftovers
|upkeep
|turn|17
|
|t:|1779869870
|move|p2a: Incineroar|Knock Off|p1a: Hatterene
|-damage|p1a: Hatterene|30/100
|-enditem|p1a: Hatterene|Leftovers|[from] move: Knock Off|[of] p2a: Incineroar
|-damage|p2a: Incineroar|43/100 par|[from] item: Life Orb
|move|p1a: Hatterene|Calm Mind|p1a: Hatterene
|-boost|p1a: Hatterene|spa|1
|-boost|p1a: Hatterene|spd|1
|
|-sideend|p1: Evanoux|Reflect
|upkeep
|turn|18
|
|t:|1779869877
|move|p2a: Incineroar|Knock Off|p1a: Hatterene
|-damage|p1a: Hatterene|0 fnt
|faint|p1a: Hatterene
|-damage|p2a: Incineroar|33/100 par|[from] item: Life Orb
|
|upkeep
|
|t:|1779869880
|switch|p1a: Iron Valiant|Iron Valiant|100/100
|turn|19
|
|t:|1779869884
|move|p1a: Iron Valiant|Thunderbolt|p2a: Incineroar
|-damage|p2a: Incineroar|0 fnt
|faint|p2a: Incineroar
|-damage|p1a: Iron Valiant|91/100|[from] item: Life Orb
|
|upkeep
|
|t:|1779869890
|switch|p2a: Rillaboom|Rillaboom, F|84/100
|-fieldstart|move: Grassy Terrain|[from] ability: Grassy Surge|[of] p2a: Rillaboom
|turn|20
|
|t:|1779869894
|move|p1a: Iron Valiant|Ice Punch|p2a: Rillaboom
|-supereffective|p2a: Rillaboom
|-damage|p2a: Rillaboom|31/100
|-damage|p1a: Iron Valiant|81/100|[from] item: Life Orb
|move|p2a: Rillaboom|Leech Seed|p1a: Iron Valiant
|-start|p1a: Iron Valiant|move: Leech Seed
|
|-heal|p1a: Iron Valiant|87/100|[from] Grassy Terrain
|-heal|p2a: Rillaboom|37/100|[from] Grassy Terrain
|-heal|p2a: Rillaboom|44/100|[from] item: Leftovers
|-damage|p1a: Iron Valiant|75/100|[from] Leech Seed|[of] p2a: Rillaboom
|-heal|p2a: Rillaboom|53/100|[silent]
|upkeep
|turn|21
|
|t:|1779869907
|move|p2a: Rillaboom|Grassy Glide|p1a: Iron Valiant
|-damage|p1a: Iron Valiant|27/100
|move|p1a: Iron Valiant|Close Combat|p2a: Rillaboom
|-damage|p2a: Rillaboom|0 fnt
|-unboost|p1a: Iron Valiant|def|1
|-unboost|p1a: Iron Valiant|spd|1
|faint|p2a: Rillaboom
|-damage|p1a: Iron Valiant|17/100|[from] item: Life Orb
|
|-heal|p1a: Iron Valiant|24/100|[from] Grassy Terrain
|upkeep
|
|t:|1779869917
|switch|p2a: Rotom|Rotom-Wash|29/100
|turn|22
|
|t:|1779869923
|move|p1a: Iron Valiant|Close Combat|p2a: Rotom
|-damage|p2a: Rotom|0 fnt
|-unboost|p1a: Iron Valiant|def|1
|-unboost|p1a: Iron Valiant|spd|1
|faint|p2a: Rotom
|-damage|p1a: Iron Valiant|14/100|[from] item: Life Orb
|
|-heal|p1a: Iron Valiant|20/100|[from] Grassy Terrain
|upkeep
|
|t:|1779869928
|switch|p2a: Great Tusk|Great Tusk|51/100
|turn|23
|
|t:|1779869935
|move|p1a: Iron Valiant|Ice Punch|p2a: Great Tusk
|-supereffective|p2a: Great Tusk
|-damage|p2a: Great Tusk|8/100
|-damage|p1a: Iron Valiant|11/100|[from] item: Life Orb
|move|p2a: Great Tusk|Rapid Spin|p1a: Iron Valiant
|-damage|p1a: Iron Valiant|0 fnt
|-boost|p2a: Great Tusk|spe|1
|faint|p1a: Iron Valiant
|-end|p1a: Iron Valiant|Quark Drive|[silent]
|
|-heal|p2a: Great Tusk|14/100|[from] Grassy Terrain
|-heal|p2a: Great Tusk|20/100|[from] item: Leftovers
|upkeep
|
|t:|1779869940
|switch|p1a: Klefki|Klefki, F|100/100
|turn|24
|
|t:|1779869947
|move|p2a: Great Tusk|Close Combat|p1a: Klefki
|-damage|p1a: Klefki|43/100
|-unboost|p2a: Great Tusk|def|1
|-unboost|p2a: Great Tusk|spd|1
|move|p1a: Klefki|Flash Cannon|p2a: Great Tusk
|-damage|p2a: Great Tusk|0 fnt
|faint|p2a: Great Tusk
|-end|p2a: Great Tusk|Protosynthesis|[silent]
|
|win|Evanoux
|raw|Evanoux's rating: 1289 &rarr; <strong>1314</strong><br />(+25 for winning)
|raw|22sbalce's rating: 1285 &rarr; <strong>1260</strong><br />(-25 for losing)
|l|☆22sbalce
|player|p2|
|l|☆Evanoux
|player|p1|
