|j|☆Chinatownz
|j|☆inferno_on_top
|t:|1779875336
|gametype|singles
|player|p1|Chinatownz|fisherman-gen4|1284
|player|p2|inferno_on_top|gentleman-gen4|1304
|gen|9
|tier|[Gen 9] OU
|rated|
|rule|HP Percentage Mod: HP is shown in percentages
|rule|Endless Battle Clause: Forcing endless battles is banned
|rule|Species Clause: Limit one of each Pokémon
|rule|OHKO Clause: OHKO moves are banned
|rule|Evasion Items Clause: Evasion items are banned
|rule|Evasion Moves Clause: Evasion moves are banned
|rule|Evasion Abilities Clause: Evasion abilities are banned
|rule|Sleep Moves Clause: Sleep-inducing moves are banned
|clearpoke
|poke|p1|Pelipper, F|
|poke|p1|Talonflame, M|
|poke|p1|Barraskewda, F|
|poke|p1|Iron Treads|
|poke|p1|Regieleki|
|poke|p1|Honchkrow, M|
|poke|p2|Pikachu-Kalos, M|
|poke|p2|Talonflame, F|
|poke|p2|Greninja-*, M|
|poke|p2|Goodra, M|
|poke|p2|Noivern, M|
|poke|p2|Hawlucha, M|
|teampreview
|inactive|Battle timer is ON: inactive players will automatically lose when time's up. (requested by Chinatownz)
|
|t:|1779875355
|teamsize|p1|6
|teamsize|p2|6
|start
|switch|p1a: Regieleki|Regieleki, shiny|100/100
|switch|p2a: Hawlucha|Hawlucha, M|100/100
|turn|1
|
|t:|1779875367
|move|p2a: Hawlucha|Endure|p2a: Hawlucha
|-singleturn|p2a: Hawlucha|move: Endure
|move|p1a: Regieleki|Volt Switch|p2a: Hawlucha
|-supereffective|p2a: Hawlucha
|-activate|p2a: Hawlucha|move: Endure
|-damage|p2a: Hawlucha|1/100
|-enditem|p2a: Hawlucha|Red Card|[of] p1a: Regieleki
|drag|p1a: Iron Treads|Iron Treads|100/100
|-enditem|p1a: Iron Treads|Booster Energy
|-activate|p1a: Iron Treads|ability: Quark Drive|[fromitem]
|-start|p1a: Iron Treads|quarkdrivespe
|
|upkeep
|turn|2
|
|t:|1779875380
|move|p2a: Hawlucha|Close Combat|p1a: Iron Treads
|-supereffective|p1a: Iron Treads
|-damage|p1a: Iron Treads|2/100
|-unboost|p2a: Hawlucha|def|1
|-unboost|p2a: Hawlucha|spd|1
|move|p1a: Iron Treads|Rapid Spin|p2a: Hawlucha
|-damage|p2a: Hawlucha|0 fnt
|-boost|p1a: Iron Treads|spe|1
|faint|p2a: Hawlucha
|
|upkeep
|
|t:|1779875388
|switch|p2a: Greninja|Greninja, M|100/100
|turn|3
|
|t:|1779875391
|-end|p1a: Iron Treads|Quark Drive|[silent]
|switch|p1a: Pelipper|Pelipper, F|100/100
|-weather|RainDance|[from] ability: Drizzle|[of] p1a: Pelipper
|move|p2a: Greninja|Water Shuriken|p1a: Pelipper
|-resisted|p1a: Pelipper
|-damage|p1a: Pelipper|91/100
|-resisted|p1a: Pelipper
|-damage|p1a: Pelipper|83/100
|-hitcount|p1a: Pelipper|2
|-damage|p2a: Greninja|91/100|[from] item: Life Orb
|
|-weather|RainDance|[upkeep]
|upkeep
|turn|4
|
|t:|1779875405
|move|p2a: Greninja|Dark Pulse|p1a: Pelipper
|-damage|p1a: Pelipper|21/100
|-damage|p2a: Greninja|81/100|[from] item: Life Orb
|move|p1a: Pelipper|U-turn|p2a: Greninja
|-supereffective|p2a: Greninja
|-crit|p2a: Greninja
|-damage|p2a: Greninja|36/100
|
|t:|1779875411
|switch|p1a: Regieleki|Regieleki, shiny|100/100|[from] U-turn
|
|-weather|RainDance|[upkeep]
|upkeep
|turn|5
|
|t:|1779875415
|-terastallize|p2a: Greninja|Water
|move|p2a: Greninja|Water Shuriken|p1a: Regieleki
|-damage|p1a: Regieleki|61/100
|-damage|p1a: Regieleki|23/100
|-hitcount|p1a: Regieleki|2
|-damage|p2a: Greninja|27/100|[from] item: Life Orb
|move|p1a: Regieleki|Volt Switch|p2a: Greninja
|-supereffective|p2a: Greninja
|-damage|p2a: Greninja|0 fnt
|faint|p2a: Greninja
|
|t:|1779875422
|switch|p1a: Barraskewda|Barraskewda, F|100/100|[from] Volt Switch
|
|-weather|RainDance|[upkeep]
|upkeep
|
|t:|1779875433
|switch|p2a: Noivern|Noivern, M|100/100
|-item|p1a: Barraskewda|Choice Band|[from] ability: Frisk|[of] p2a: Noivern
|turn|6
|
|t:|1779875437
|-terastallize|p1a: Barraskewda|Water
|move|p1a: Barraskewda|Liquidation|p2a: Noivern
|-resisted|p2a: Noivern
|-damage|p2a: Noivern|5/100
|move|p2a: Noivern|Hurricane|p1a: Barraskewda
|-damage|p1a: Barraskewda|0 fnt
|faint|p1a: Barraskewda
|
|-weather|RainDance|[upkeep]
|upkeep
|
|t:|1779875441
|switch|p1a: Honchkrow|Honchkrow, M|100/100
|turn|7
|
|t:|1779875451
|switch|p2a: Talonflame|Talonflame, F|100/100
|move|p1a: Honchkrow|Night Slash|p2a: Talonflame
|-damage|p2a: Talonflame|31/100
|-status|p1a: Honchkrow|brn|[from] ability: Flame Body|[of] p2a: Talonflame
|
|-weather|RainDance|[upkeep]
|-damage|p1a: Honchkrow|94/100 brn|[from] brn
|upkeep
|turn|8
|
|t:|1779875460
|switch|p2a: Pikachu|Pikachu-Kalos, M|100/100
|move|p1a: Honchkrow|Sucker Punch||[still]
|-fail|p1a: Honchkrow
|
|-weather|RainDance|[upkeep]
|-damage|p1a: Honchkrow|88/100 brn|[from] brn
|upkeep
|turn|9
|
|t:|1779875466
|switch|p1a: Iron Treads|Iron Treads|2/100
|move|p2a: Pikachu|Trailblaze|p1a: Iron Treads
|-damage|p1a: Iron Treads|0 fnt
|-boost|p2a: Pikachu|spe|1
|faint|p1a: Iron Treads
|-end|p1a: Iron Treads|Quark Drive|[silent]
|
|-weather|RainDance|[upkeep]
|upkeep
|
|t:|1779875471
|switch|p1a: Regieleki|Regieleki, shiny|23/100
|turn|10
|
|t:|1779875479
|move|p1a: Regieleki|Thunder|p2a: Pikachu
|-ability|p2a: Pikachu|Lightning Rod|boost
|-boost|p2a: Pikachu|spa|1
|move|p2a: Pikachu|Surf|p1a: Regieleki
|-damage|p1a: Regieleki|0 fnt
|faint|p1a: Regieleki
|
|-weather|none
|upkeep
|
|t:|1779875482
|switch|p1a: Talonflame|Talonflame, M|100/100
|turn|11
|-message|Chinatownz forfeited.
|
|win|inferno_on_top
|raw|Chinatownz's rating: 1284 &rarr; <strong>1260</strong><br />(-24 for losing)
|raw|inferno_on_top's rating: 1304 &rarr; <strong>1323</strong><br />(+19 for winning)
|l|☆Chinatownz
|player|p1|
