|j|☆Reuniden
|j|☆qqwwwcom
|t:|1779944643
|gametype|singles
|player|p1|Reuniden|266|1107
|player|p2|qqwwwcom|170|1052
|gen|9
|tier|[Gen 9] OU
|rated|
|rule|HP Percentage Mod: HP is shown in percentages
|rule|Endless Battle Clause: Forcing endless battles is banned
|rule|Species Clause: Limit one of each Pokémon
|rule|OHKO Clause: OHKO moves are banned
|rule|Evasion Items Clause: Evasion items are banned
|rule|Evasion Moves Clause: Evasion moves are banned
|rule|Evasion Abilities Clause: Evasion abilities are banned
|rule|Sleep Moves Clause: Sleep-inducing moves are banned
|clearpoke
|poke|p1|Ambipom, M|
|poke|p1|Hydrapple, F|
|poke|p1|Gengar, M|
|poke|p1|Scizor, M|
|poke|p1|Haxorus, F|
|poke|p1|Drifblim, M|
|poke|p2|Ting-Lu|
|poke|p2|Rillaboom, F|
|poke|p2|Blaziken, F|
|poke|p2|Tyranitar, F|
|poke|p2|Zamazenta-*|
|poke|p2|Garchomp, M|
|teampreview
|inactive|Battle timer is ON: inactive players will automatically lose when time's up. (requested by Reuniden)
|
|t:|1779944657
|teamsize|p1|6
|teamsize|p2|6
|start
|switch|p1a: Throwing Hands|Ambipom, M|100/100
|switch|p2a: Blaziken|Blaziken, F|100/100
|turn|1
|
|t:|1779944664
|move|p1a: Throwing Hands|Fake Out|p2a: Blaziken
|-damage|p2a: Blaziken|55/100
|cant|p2a: Blaziken|flinch
|
|-ability|p2a: Blaziken|Speed Boost|boost
|-boost|p2a: Blaziken|spe|1
|upkeep
|turn|2
|
|t:|1779944673
|-terastallize|p1a: Throwing Hands|Ghost
|move|p2a: Blaziken|Close Combat|p1a: Throwing Hands
|-immune|p1a: Throwing Hands
|move|p1a: Throwing Hands|Double Hit|p2a: Blaziken
|-damage|p2a: Blaziken|16/100
|-enditem|p2a: Blaziken|Salac Berry|[eat]
|-boost|p2a: Blaziken|spe|1|[from] item: Salac Berry
|-damage|p2a: Blaziken|0 fnt
|faint|p2a: Blaziken
|-hitcount|p2: Blaziken|2
|
|upkeep
|
|t:|1779944693
|switch|p2a: Tyranitar|Tyranitar, F|100/100
|-weather|Sandstorm|[from] ability: Sand Stream|[of] p2a: Tyranitar
|turn|3
|
|t:|1779944698
|move|p1a: Throwing Hands|U-turn|p2a: Tyranitar
|-supereffective|p2a: Tyranitar
|-crit|p2a: Tyranitar
|-damage|p2a: Tyranitar|47/100
|
|t:|1779944703
|switch|p1a: Mr Krabs|Scizor, M|100/100|[from] U-turn
|move|p2a: Tyranitar|Knock Off|p1a: Mr Krabs
|-damage|p1a: Mr Krabs|47/100
|-enditem|p1a: Mr Krabs|Metronome|[from] move: Knock Off|[of] p2a: Tyranitar
|
|-weather|Sandstorm|[upkeep]
|upkeep
|turn|4
|
|t:|1779944716
|switch|p2a: Zamazenta|Zamazenta|100/100
|-ability|p2a: Zamazenta|Dauntless Shield|boost
|-boost|p2a: Zamazenta|def|1
|move|p1a: Mr Krabs|Fury Cutter|p2a: Zamazenta
|-resisted|p2a: Zamazenta
|-damage|p2a: Zamazenta|92/100
|-damage|p1a: Mr Krabs|31/100|[from] item: Rocky Helmet|[of] p2a: Zamazenta
|
|-weather|Sandstorm|[upkeep]
|-damage|p2a: Zamazenta|86/100|[from] Sandstorm
|upkeep
|turn|5
|
|t:|1779944728
|move|p2a: Zamazenta|Iron Defense|p2a: Zamazenta
|-boost|p2a: Zamazenta|def|2
|move|p1a: Mr Krabs|Knock Off|p2a: Zamazenta
|-resisted|p2a: Zamazenta
|-damage|p2a: Zamazenta|81/100
|-damage|p1a: Mr Krabs|14/100|[from] item: Rocky Helmet|[of] p2a: Zamazenta
|-enditem|p2a: Zamazenta|Rocky Helmet|[from] move: Knock Off|[of] p1a: Mr Krabs
|
|-weather|Sandstorm|[upkeep]
|-damage|p2a: Zamazenta|75/100|[from] Sandstorm
|upkeep
|turn|6
|
|t:|1779944739
|move|p2a: Zamazenta|Iron Defense|p2a: Zamazenta
|-boost|p2a: Zamazenta|def|2
|move|p1a: Mr Krabs|Fury Cutter|p2a: Zamazenta
|-resisted|p2a: Zamazenta
|-damage|p2a: Zamazenta|71/100
|
|-weather|Sandstorm|[upkeep]
|-damage|p2a: Zamazenta|65/100|[from] Sandstorm
|upkeep
|turn|7
|
|t:|1779944748
|move|p2a: Zamazenta|Trailblaze|p1a: Mr Krabs
|-resisted|p1a: Mr Krabs
|-damage|p1a: Mr Krabs|11/100
|-boost|p2a: Zamazenta|spe|1
|move|p1a: Mr Krabs|Fury Cutter|p2a: Zamazenta
|-resisted|p2a: Zamazenta
|-damage|p2a: Zamazenta|61/100
|
|-weather|none
|upkeep
|turn|8
|
|t:|1779944759
|move|p2a: Zamazenta|Body Press|p1a: Mr Krabs
|-damage|p1a: Mr Krabs|0 fnt
|faint|p1a: Mr Krabs
|
|upkeep
|
|t:|1779944766
|switch|p1a: Mr Smile|Gengar, M, shiny|100/100
|turn|9
|
|t:|1779944771
|move|p2a: Zamazenta|Trailblaze|p1a: Mr Smile
|-resisted|p1a: Mr Smile
|-damage|p1a: Mr Smile|88/100
|-boost|p2a: Zamazenta|spe|1
|move|p1a: Mr Smile|Sludge Wave|p2a: Zamazenta
|-damage|p2a: Zamazenta|12/100
|
|upkeep
|turn|10
|
|t:|1779944782
|switch|p2a: Ting-Lu|Ting-Lu|100/100
|-ability|p2a: Ting-Lu|Vessel of Ruin
|move|p1a: Mr Smile|Sludge Wave|p2a: Ting-Lu
|-resisted|p2a: Ting-Lu
|-damage|p2a: Ting-Lu|86/100
|-status|p2a: Ting-Lu|psn
|
|-damage|p2a: Ting-Lu|73/100 psn|[from] psn
|upkeep
|turn|11
|
|t:|1779944793
|switch|p1a: Granny Smith's|Hydrapple, F|100/100
|move|p2a: Ting-Lu|Spikes|p1a: Granny Smith's
|-sidestart|p1: Reuniden|Spikes
|
|-damage|p2a: Ting-Lu|61/100 psn|[from] psn
|upkeep
|turn|12
|
|t:|1779944804
|switch|p2a: Garchomp|Garchomp, M|100/100
|move|p1a: Granny Smith's|Draco Meteor|p2a: Garchomp
|-supereffective|p2a: Garchomp
|-damage|p2a: Garchomp|0 fnt
|-unboost|p1a: Granny Smith's|spa|2
|faint|p2a: Garchomp
|-enditem|p1a: Granny Smith's|Eject Pack
|
|t:|1779944809
|switch|p1a: Throwing Hands|Ambipom, M, tera:Ghost|100/100
|-damage|p1a: Throwing Hands|88/100|[from] Spikes
|
|upkeep
|
|t:|1779944818
|switch|p2a: Rillaboom|Rillaboom, F|100/100
|-fieldstart|move: Grassy Terrain|[from] ability: Grassy Surge|[of] p2a: Rillaboom
|-enditem|p2a: Rillaboom|Grassy Seed
|-boost|p2a: Rillaboom|def|1|[from] item: Grassy Seed
|turn|13
|
|t:|1779944824
|move|p1a: Throwing Hands|Fake Out|p2a: Rillaboom
|-damage|p2a: Rillaboom|78/100
|cant|p2a: Rillaboom|flinch
|
|-heal|p1a: Throwing Hands|94/100|[from] Grassy Terrain
|-heal|p2a: Rillaboom|84/100|[from] Grassy Terrain
|upkeep
|turn|14
|
|t:|1779944833
|move|p1a: Throwing Hands|U-turn|p2a: Rillaboom
|-supereffective|p2a: Rillaboom
|-damage|p2a: Rillaboom|53/100
|
|t:|1779944836
|switch|p1a: Granny Smith's|Hydrapple, F|100/100|[from] U-turn
|-damage|p1a: Granny Smith's|88/100|[from] Spikes
|move|p2a: Rillaboom|Leech Seed|p1a: Granny Smith's
|-immune|p1a: Granny Smith's
|
|-heal|p2a: Rillaboom|59/100|[from] Grassy Terrain
|-heal|p1a: Granny Smith's|94/100|[from] Grassy Terrain
|upkeep
|turn|15
|
|t:|1779944847
|move|p2a: Rillaboom|Knock Off|p1a: Granny Smith's
|-damage|p1a: Granny Smith's|77/100
|move|p1a: Granny Smith's|Draco Meteor|p2a: Rillaboom
|-damage|p2a: Rillaboom|0 fnt
|-unboost|p1a: Granny Smith's|spa|2
|faint|p2a: Rillaboom
|
|-heal|p1a: Granny Smith's|84/100|[from] Grassy Terrain
|upkeep
|
|t:|1779944859
|switch|p2a: Tyranitar|Tyranitar, F|47/100
|-weather|Sandstorm|[from] ability: Sand Stream|[of] p2a: Tyranitar
|turn|16
|
|t:|1779944867
|switch|p1a: Mrs Smile|Haxorus, F, shiny|100/100
|-damage|p1a: Mrs Smile|88/100|[from] Spikes
|-ability|p1a: Mrs Smile|Mold Breaker
|move|p2a: Tyranitar|Stealth Rock|p1a: Mrs Smile
|-sidestart|p1: Reuniden|move: Stealth Rock
|
|-weather|Sandstorm|[upkeep]
|-damage|p1a: Mrs Smile|82/100|[from] Sandstorm
|-heal|p1a: Mrs Smile|88/100|[from] Grassy Terrain
|-heal|p2a: Tyranitar|53/100|[from] Grassy Terrain
|upkeep
|turn|17
|
|t:|1779944879
|move|p1a: Mrs Smile|Outrage|p2a: Tyranitar
|-damage|p2a: Tyranitar|0 fnt
|faint|p2a: Tyranitar
|
|-weather|Sandstorm|[upkeep]
|-damage|p1a: Mrs Smile|82/100|[from] Sandstorm
|-heal|p1a: Mrs Smile|88/100|[from] Grassy Terrain
|-fieldend|move: Grassy Terrain
|upkeep
|
|t:|1779944889
|switch|p2a: Zamazenta|Zamazenta|12/100
|turn|18
|
|t:|1779944893
|move|p2a: Zamazenta|Body Press|p1a: Mrs Smile
|-damage|p1a: Mrs Smile|37/100
|move|p1a: Mrs Smile|Outrage|p2a: Zamazenta|[from] lockedmove
|-damage|p2a: Zamazenta|0 fnt
|faint|p2a: Zamazenta
|
|-weather|Sandstorm|[upkeep]
|-damage|p1a: Mrs Smile|31/100|[from] Sandstorm
|upkeep
|
|t:|1779944904
|switch|p2a: Ting-Lu|Ting-Lu|61/100 psn
|-ability|p2a: Ting-Lu|Vessel of Ruin
|turn|19
|
|t:|1779944910
|move|p1a: Mrs Smile|Outrage|p2a: Ting-Lu|[from] lockedmove
|-damage|p2a: Ting-Lu|22/100 psn
|-enditem|p2a: Ting-Lu|Figy Berry|[eat]
|-heal|p2a: Ting-Lu|55/100 psn|[from] item: Figy Berry
|-start|p1a: Mrs Smile|confusion|[fatigue]
|move|p2a: Ting-Lu|Whirlwind|p1a: Mrs Smile
|drag|p1a: Mr Smile|Gengar, M, shiny|88/100
|-damage|p1a: Mr Smile|76/100|[from] Spikes
|-damage|p1a: Mr Smile|64/100|[from] Stealth Rock
|
|-weather|Sandstorm|[upkeep]
|-damage|p1a: Mr Smile|58/100|[from] Sandstorm
|-damage|p2a: Ting-Lu|43/100 psn|[from] psn
|upkeep
|turn|20
|
|t:|1779944926
|move|p1a: Mr Smile|Sludge Wave|p2a: Ting-Lu
|-resisted|p2a: Ting-Lu
|-damage|p2a: Ting-Lu|29/100 psn
|move|p2a: Ting-Lu|Spikes|p1a: Mr Smile
|-sidestart|p1: Reuniden|Spikes
|
|-weather|none
|-damage|p2a: Ting-Lu|16/100 psn|[from] psn
|upkeep
|turn|21
|
|t:|1779944938
|move|p1a: Mr Smile|Sludge Wave|p2a: Ting-Lu
|-resisted|p2a: Ting-Lu
|-damage|p2a: Ting-Lu|3/100 psn
|move|p2a: Ting-Lu|Spikes|p1a: Mr Smile
|-sidestart|p1: Reuniden|Spikes
|
|-damage|p2a: Ting-Lu|0 fnt|[from] psn
|faint|p2a: Ting-Lu
|
|win|Reuniden
|raw|Reuniden's rating: 1107 &rarr; <strong>1128</strong><br />(+21 for winning)
|raw|qqwwwcom's rating: 1052 &rarr; <strong>1037</strong><br />(-15 for losing)
|l|☆Reuniden
|player|p1|
|l|☆qqwwwcom
|player|p2|
