|j|☆i_love_lulu
|j|☆draconotmeteor
|t:|1779863167
|gametype|singles
|player|p1|i_love_lulu|102|1317
|player|p2|draconotmeteor|shauntal|1340
|gen|9
|tier|[Gen 9] OU
|rated|
|rule|HP Percentage Mod: HP is shown in percentages
|rule|Endless Battle Clause: Forcing endless battles is banned
|rule|Species Clause: Limit one of each Pokémon
|rule|OHKO Clause: OHKO moves are banned
|rule|Evasion Items Clause: Evasion items are banned
|rule|Evasion Moves Clause: Evasion moves are banned
|rule|Evasion Abilities Clause: Evasion abilities are banned
|rule|Sleep Moves Clause: Sleep-inducing moves are banned
|clearpoke
|poke|p1|Gliscor, M|
|poke|p1|Clodsire, M|
|poke|p1|Kingambit, F|
|poke|p1|Great Tusk|
|poke|p1|Dragapult, F|
|poke|p1|Heatran, M|
|poke|p2|Cinderace, F|
|poke|p2|Gliscor, M|
|poke|p2|Pecharunt|
|poke|p2|Ting-Lu|
|poke|p2|Volcanion|
|poke|p2|Clefable, F|
|teampreview
|inactive|Battle timer is ON: inactive players will automatically lose when time's up. (requested by draconotmeteor)
|
|t:|1779863205
|teamsize|p1|6
|teamsize|p2|6
|start
|switch|p1a: Dragapult|Dragapult, F|100/100
|switch|p2a: Gliscor|Gliscor, M|100/100
|turn|1
|
|t:|1779863210
|move|p2a: Gliscor|Protect|p2a: Gliscor
|-singleturn|p2a: Gliscor|Protect
|move|p1a: Dragapult|Will-O-Wisp|p2a: Gliscor
|-activate|p2a: Gliscor|move: Protect
|
|-status|p2a: Gliscor|tox|[from] item: Toxic Orb
|upkeep
|turn|2
|
|t:|1779863213
|move|p1a: Dragapult|Hex|p2a: Gliscor
|-damage|p2a: Gliscor|54/100 tox
|move|p2a: Gliscor|Knock Off|p1a: Dragapult
|-supereffective|p1a: Dragapult
|-damage|p1a: Dragapult|37/100
|-enditem|p1a: Dragapult|Heavy-Duty Boots|[from] move: Knock Off|[of] p2a: Gliscor
|
|-heal|p2a: Gliscor|67/100 tox|[from] ability: Poison Heal
|upkeep
|turn|3
|
|t:|1779863216
|move|p2a: Gliscor|Protect|p2a: Gliscor
|-singleturn|p2a: Gliscor|Protect
|move|p1a: Dragapult|U-turn|p2a: Gliscor
|-activate|p2a: Gliscor|move: Protect
|
|-heal|p2a: Gliscor|79/100 tox|[from] ability: Poison Heal
|upkeep
|turn|4
|
|t:|1779863219
|move|p1a: Dragapult|U-turn|p2a: Gliscor
|-resisted|p2a: Gliscor
|-damage|p2a: Gliscor|72/100 tox
|
|t:|1779863223
|switch|p1a: Great Tusk|Great Tusk|100/100|[from] U-turn
|move|p2a: Gliscor|Knock Off|p1a: Great Tusk
|-resisted|p1a: Great Tusk
|-damage|p1a: Great Tusk|92/100
|-damage|p2a: Gliscor|55/100 tox|[from] item: Rocky Helmet|[of] p1a: Great Tusk
|-enditem|p1a: Great Tusk|Rocky Helmet|[from] move: Knock Off|[of] p2a: Gliscor
|
|-heal|p2a: Gliscor|68/100 tox|[from] ability: Poison Heal
|upkeep
|turn|5
|
|t:|1779863228
|switch|p2a: Pecharunt|Pecharunt|100/100
|move|p1a: Great Tusk|Ice Spinner|p2a: Pecharunt
|-damage|p2a: Pecharunt|88/100
|
|upkeep
|turn|6
|
|t:|1779863232
|-end|p1a: Great Tusk|Protosynthesis|[silent]
|switch|p1a: Gliscor|Gliscor, M|100/100
|move|p2a: Pecharunt|Parting Shot|p1a: Gliscor
|-unboost|p1a: Gliscor|atk|1
|-unboost|p1a: Gliscor|spa|1
|
|t:|1779863234
|switch|p2a: Gliscor|Gliscor, M|68/100 tox|[from] Parting Shot
|
|-heal|p2a: Gliscor|80/100 tox|[from] ability: Poison Heal
|-status|p1a: Gliscor|tox|[from] item: Toxic Orb
|upkeep
|turn|7
|
|t:|1779863237
|move|p1a: Gliscor|Toxic Spikes|p2a: Gliscor
|-sidestart|p2: draconotmeteor|move: Toxic Spikes
|move|p2a: Gliscor|Swords Dance|p2a: Gliscor
|-boost|p2a: Gliscor|atk|2
|
|-heal|p2a: Gliscor|93/100 tox|[from] ability: Poison Heal
|upkeep
|turn|8
|
|t:|1779863242
|switch|p1a: Great Tusk|Great Tusk|92/100
|move|p2a: Gliscor|Facade|p1a: Great Tusk
|-damage|p1a: Great Tusk|45/100
|
|-heal|p2a: Gliscor|100/100 tox|[from] ability: Poison Heal
|upkeep
|turn|9
|
|t:|1779863245
|-terastallize|p2a: Gliscor|Normal
|move|p1a: Great Tusk|Ice Spinner|p2a: Gliscor
|-damage|p2a: Gliscor|79/100 tox
|move|p2a: Gliscor|Facade|p1a: Great Tusk
|-damage|p1a: Great Tusk|0 fnt
|faint|p1a: Great Tusk
|-end|p1a: Great Tusk|Protosynthesis|[silent]
|
|-heal|p2a: Gliscor|91/100 tox|[from] ability: Poison Heal
|upkeep
|
|t:|1779863252
|switch|p1a: Heatran|Heatran, M|100/100
|turn|10
|
|t:|1779863256
|-terastallize|p1a: Heatran|Bug
|move|p2a: Gliscor|Knock Off|p1a: Heatran
|-damage|p1a: Heatran|62/100
|-enditem|p1a: Heatran|Leftovers|[from] move: Knock Off|[of] p2a: Gliscor
|move|p1a: Heatran|Magma Storm|p2a: Gliscor
|-damage|p2a: Gliscor|54/100 tox
|-activate|p2a: Gliscor|move: Magma Storm|[of] p1a: Heatran
|
|-heal|p2a: Gliscor|67/100 tox|[from] ability: Poison Heal
|-damage|p2a: Gliscor|54/100 tox|[from] move: Magma Storm|[partiallytrapped]
|upkeep
|turn|11
|c|☆i_love_lulu|i am an idiot
|
|t:|1779863269
|move|p2a: Gliscor|Protect|p2a: Gliscor
|-singleturn|p2a: Gliscor|Protect
|move|p1a: Heatran|Magma Storm|p2a: Gliscor
|-activate|p2a: Gliscor|move: Protect
|
|-heal|p2a: Gliscor|67/100 tox|[from] ability: Poison Heal
|-damage|p2a: Gliscor|54/100 tox|[from] move: Magma Storm|[partiallytrapped]
|upkeep
|turn|12
|
|t:|1779863272
|move|p2a: Gliscor|Facade|p1a: Heatran
|-damage|p1a: Heatran|0 fnt
|faint|p1a: Heatran
|
|-heal|p2a: Gliscor|67/100 tox|[from] ability: Poison Heal
|-end|p2a: Gliscor|Magma Storm|[partiallytrapped]|[silent]
|upkeep
|c|☆i_love_lulu|gg
|-message|i_love_lulu forfeited.
|
|win|draconotmeteor
|raw|i_love_lulu's rating: 1317 &rarr; <strong>1298</strong><br />(-19 for losing)
|raw|draconotmeteor's rating: 1340 &rarr; <strong>1359</strong><br />(+19 for winning)
|l|☆i_love_lulu
|player|p1|
