|j|☆SalomonX09
|j|☆CrispyChicken19
|t:|1779908041
|gametype|singles
|player|p1|SalomonX09|riley|1102
|player|p2|CrispyChicken19|cynthia|1070
|gen|9
|tier|[Gen 9] OU
|rated|
|rule|HP Percentage Mod: HP is shown in percentages
|rule|Endless Battle Clause: Forcing endless battles is banned
|rule|Species Clause: Limit one of each Pokémon
|rule|OHKO Clause: OHKO moves are banned
|rule|Evasion Items Clause: Evasion items are banned
|rule|Evasion Moves Clause: Evasion moves are banned
|rule|Evasion Abilities Clause: Evasion abilities are banned
|rule|Sleep Moves Clause: Sleep-inducing moves are banned
|clearpoke
|poke|p1|Ambipom, F|
|poke|p1|Serperior, F|
|poke|p1|Toxicroak, M|
|poke|p1|Rotom-Wash|
|poke|p1|Talonflame, F|
|poke|p1|Tyranitar, M|
|poke|p2|Altaria, F|
|poke|p2|Scream Tail|
|poke|p2|Talonflame, F|
|poke|p2|Quaxwell, F|
|poke|p2|Garchomp, F|
|poke|p2|Whimsicott, F|
|teampreview
|inactive|Battle timer is ON: inactive players will automatically lose when time's up. (requested by SalomonX09)
|
|t:|1779908053
|teamsize|p1|6
|teamsize|p2|6
|start
|switch|p1a: Ambipom|Ambipom, F, shiny|100/100
|switch|p2a: Garchomp|Garchomp, F|100/100
|turn|1
|
|t:|1779908059
|switch|p2a: Talonflame|Talonflame, F|100/100
|move|p1a: Ambipom|Fake Out|p2a: Talonflame
|-enditem|p1a: Ambipom|Normal Gem|[from] gem
|-damage|p2a: Talonflame|58/100
|-status|p1a: Ambipom|brn|[from] ability: Flame Body|[of] p2a: Talonflame
|
|-damage|p1a: Ambipom|94/100 brn|[from] brn
|upkeep
|turn|2
|
|t:|1779908065
|move|p1a: Ambipom|Thunder Wave|p2a: Talonflame
|-status|p2a: Talonflame|par
|move|p2a: Talonflame|Roost|p2a: Talonflame
|-heal|p2a: Talonflame|100/100 par
|-singleturn|p2a: Talonflame|move: Roost
|
|-damage|p1a: Ambipom|88/100 brn|[from] brn
|upkeep
|turn|3
|
|t:|1779908072
|move|p1a: Ambipom|Water Pulse|p2a: Talonflame
|-supereffective|p2a: Talonflame
|-damage|p2a: Talonflame|74/100 par
|move|p2a: Talonflame|U-turn|p1a: Ambipom
|-damage|p1a: Ambipom|68/100 brn
|
|t:|1779908084
|switch|p2a: Garchomp|Garchomp, F|100/100|[from] U-turn
|
|-damage|p1a: Ambipom|62/100 brn|[from] brn
|upkeep
|turn|4
|
|t:|1779908091
|switch|p1a: Serperior|Serperior, F, shiny|100/100
|switch|p2a: Quaxwell|Quaxwell, F|100/100
|
|upkeep
|turn|5
|
|t:|1779908098
|switch|p2a: Whimsicott|Whimsicott, F|100/100
|move|p1a: Serperior|Leaf Storm|p2a: Whimsicott|[miss]
|-miss|p1a: Serperior|p2a: Whimsicott
|
|upkeep
|turn|6
|
|t:|1779908109
|switch|p1a: Tyranitar|Tyranitar, M, shiny|100/100
|-weather|Sandstorm|[from] ability: Sand Stream|[of] p1a: Tyranitar
|move|p2a: Whimsicott|Moonblast|p1a: Tyranitar
|-supereffective|p1a: Tyranitar
|-damage|p1a: Tyranitar|63/100
|
|-weather|Sandstorm|[upkeep]
|-damage|p2a: Whimsicott|94/100|[from] Sandstorm
|upkeep
|turn|7
|
|t:|1779908117
|move|p2a: Whimsicott|Leech Seed|p1a: Tyranitar
|-start|p1a: Tyranitar|move: Leech Seed
|move|p1a: Tyranitar|Dragon Dance|p1a: Tyranitar
|-boost|p1a: Tyranitar|atk|1
|-boost|p1a: Tyranitar|spe|1
|
|-weather|Sandstorm|[upkeep]
|-damage|p2a: Whimsicott|88/100|[from] Sandstorm
|-damage|p1a: Tyranitar|50/100|[from] Leech Seed|[of] p2a: Whimsicott
|-heal|p2a: Whimsicott|100/100|[silent]
|upkeep
|turn|8
|
|t:|1779908132
|move|p2a: Whimsicott|Encore|p1a: Tyranitar
|-start|p1a: Tyranitar|Encore
|move|p1a: Tyranitar|Dragon Dance|p1a: Tyranitar
|-boost|p1a: Tyranitar|atk|1
|-boost|p1a: Tyranitar|spe|1
|
|-weather|Sandstorm|[upkeep]
|-damage|p2a: Whimsicott|94/100|[from] Sandstorm
|-damage|p1a: Tyranitar|38/100|[from] Leech Seed|[of] p2a: Whimsicott
|-heal|p2a: Whimsicott|100/100|[silent]
|upkeep
|turn|9
|
|t:|1779908136
|move|p2a: Whimsicott|Moonblast|p1a: Tyranitar
|-supereffective|p1a: Tyranitar
|-damage|p1a: Tyranitar|0 fnt
|faint|p1a: Tyranitar
|
|-weather|Sandstorm|[upkeep]
|-damage|p2a: Whimsicott|94/100|[from] Sandstorm
|upkeep
|
|t:|1779908139
|switch|p1a: Ambipom|Ambipom, F, shiny|62/100 brn
|turn|10
|
|t:|1779908149
|switch|p2a: Garchomp|Garchomp, F|100/100
|move|p1a: Ambipom|Fake Out|p2a: Garchomp
|-damage|p2a: Garchomp|86/100
|-damage|p1a: Ambipom|49/100 brn|[from] ability: Rough Skin|[of] p2a: Garchomp
|
|-weather|none
|-heal|p2a: Garchomp|92/100|[from] item: Leftovers
|-damage|p1a: Ambipom|43/100 brn|[from] brn
|upkeep
|turn|11
|
|t:|1779908156
|move|p1a: Ambipom|Water Pulse|p2a: Garchomp
|-damage|p2a: Garchomp|80/100
|move|p2a: Garchomp|Substitute|p2a: Garchomp
|-start|p2a: Garchomp|Substitute
|-damage|p2a: Garchomp|56/100
|
|-heal|p2a: Garchomp|62/100|[from] item: Leftovers
|-damage|p1a: Ambipom|37/100 brn|[from] brn
|upkeep
|turn|12
|
|t:|1779908163
|move|p1a: Ambipom|Water Pulse|p2a: Garchomp
|-activate|p2a: Garchomp|move: Substitute|[damage]
|move|p2a: Garchomp|Swords Dance|p2a: Garchomp
|-boost|p2a: Garchomp|atk|2
|
|-heal|p2a: Garchomp|68/100|[from] item: Leftovers
|-damage|p1a: Ambipom|31/100 brn|[from] brn
|upkeep
|turn|13
|
|t:|1779908166
|move|p1a: Ambipom|Water Pulse|p2a: Garchomp
|-end|p2a: Garchomp|Substitute
|move|p2a: Garchomp|Scale Shot|p1a: Ambipom
|-damage|p1a: Ambipom|0 fnt
|faint|p1a: Ambipom
|-hitcount|p1: Ambipom|1
|-unboost|p2a: Garchomp|def|1
|-boost|p2a: Garchomp|spe|1
|
|-heal|p2a: Garchomp|74/100|[from] item: Leftovers
|upkeep
|l|☆SalomonX09
|inactive|SalomonX09 disconnected and has a minute to reconnect!
|player|p1|
|inactive|SalomonX09 has 30 seconds to reconnect!
|inactive|SalomonX09 has 20 seconds to reconnect!
|inactive|SalomonX09 has 15 seconds to reconnect!
|inactive|SalomonX09 has 10 seconds to reconnect!
|inactive|SalomonX09 has 5 seconds to reconnect!
|-message|SalomonX09 lost due to inactivity.
|
|win|CrispyChicken19
|raw|SalomonX09's rating: 1102 &rarr; <strong>1075</strong><br />(-27 for losing)
|raw|CrispyChicken19's rating: 1070 &rarr; <strong>1102</strong><br />(+32 for winning)
