|j|☆ROLFI03
|j|☆oficial matute
|t:|1779922146
|gametype|singles
|player|p1|ROLFI03|265|1313
|player|p2|oficial matute|policeman|1357
|gen|9
|tier|[Gen 9] OU
|rated|
|rule|HP Percentage Mod: HP is shown in percentages
|rule|Endless Battle Clause: Forcing endless battles is banned
|rule|Species Clause: Limit one of each Pokémon
|rule|OHKO Clause: OHKO moves are banned
|rule|Evasion Items Clause: Evasion items are banned
|rule|Evasion Moves Clause: Evasion moves are banned
|rule|Evasion Abilities Clause: Evasion abilities are banned
|rule|Sleep Moves Clause: Sleep-inducing moves are banned
|clearpoke
|poke|p1|Regieleki|
|poke|p1|Porygon2|
|poke|p1|Iron Hands|
|poke|p1|Keldeo-Resolute|
|poke|p1|Corviknight, M|
|poke|p1|Farigiraf, F|
|poke|p2|Noivern, M|
|poke|p2|Tropius, M|
|poke|p2|Landorus-Therian, M|
|poke|p2|Garchomp, F|
|poke|p2|Hydrapple, M|
|poke|p2|Torterra, M|
|teampreview
|
|t:|1779922149
|teamsize|p1|6
|teamsize|p2|6
|start
|switch|p1a: Porygon2|Porygon2|100/100
|switch|p2a: 👁👅👁|Noivern, M|100/100
|-item|p1a: Porygon2|Eviolite|[from] ability: Frisk|[of] p2a: 👁👅👁
|turn|1
|inactive|Battle timer is ON: inactive players will automatically lose when time's up. (requested by oficial matute)
|
|t:|1779922161
|move|p2a: 👁👅👁|Switcheroo|p1a: Porygon2
|-activate|p2a: 👁👅👁|move: Trick|[of] p1a: Porygon2
|-item|p1a: Porygon2|Choice Scarf|[from] move: Switcheroo
|-item|p2a: 👁👅👁|Eviolite|[from] move: Switcheroo
|move|p1a: Porygon2|Ice Beam|p2a: 👁👅👁
|-supereffective|p2a: 👁👅👁
|-damage|p2a: 👁👅👁|0 fnt
|faint|p2a: 👁👅👁
|
|upkeep
|
|t:|1779922169
|switch|p2a: 👁🐽👁|Tropius, M, shiny|100/100
|turn|2
|c|☆ROLFI03|👁️🫦👁️
|
|t:|1779922174
|-terastallize|p2a: 👁🐽👁|Ghost
|move|p1a: Porygon2|Ice Beam|p2a: 👁🐽👁
|-damage|p2a: 👁🐽👁|82/100
|move|p2a: 👁🐽👁|Leech Seed|p1a: Porygon2
|-start|p1a: Porygon2|move: Leech Seed
|
|-damage|p1a: Porygon2|88/100|[from] Leech Seed|[of] p2a: 👁🐽👁
|-heal|p2a: 👁🐽👁|94/100|[silent]
|upkeep
|turn|3
|
|t:|1779922187
|switch|p1a: Keldeo|Keldeo-Resolute|100/100
|move|p2a: 👁🐽👁|Substitute|p2a: 👁🐽👁
|-start|p2a: 👁🐽👁|Substitute
|-damage|p2a: 👁🐽👁|69/100
|
|upkeep
|turn|4
|c|☆oficial matute|👁🐽👁
|
|t:|1779922200
|move|p1a: Keldeo|Substitute|p1a: Keldeo
|-start|p1a: Keldeo|Substitute
|-damage|p1a: Keldeo|75/100
|move|p2a: 👁🐽👁|Curse|p1a: Keldeo
|-start|p1a: Keldeo|Curse|[of] p2a: 👁🐽👁
|-damage|p2a: 👁🐽👁|19/100
|-enditem|p2a: 👁🐽👁|Sitrus Berry|[eat]
|-heal|p2a: 👁🐽👁|44/100|[from] item: Sitrus Berry
|
|-heal|p1a: Keldeo|82/100|[from] item: Leftovers
|-damage|p1a: Keldeo|57/100|[from] Curse
|-item|p2a: 👁🐽👁|Sitrus Berry|[from] ability: Harvest
|upkeep
|-enditem|p2a: 👁🐽👁|Sitrus Berry|[eat]
|-heal|p2a: 👁🐽👁|69/100|[from] item: Sitrus Berry
|turn|5
|
|t:|1779922216
|switch|p1a: Porygon2|Porygon2|88/100
|move|p2a: 👁🐽👁|Protect||[still]
|-fail|p2a: 👁🐽👁
|
|-item|p2a: 👁🐽👁|Sitrus Berry|[from] ability: Harvest
|upkeep
|turn|6
|
|t:|1779922224
|move|p1a: Porygon2|Shadow Ball|p2a: 👁🐽👁
|-supereffective|p2a: 👁🐽👁
|-crit|p2a: 👁🐽👁
|-end|p2a: 👁🐽👁|Substitute
|move|p2a: 👁🐽👁|Leech Seed|p1a: Porygon2
|-start|p1a: Porygon2|move: Leech Seed
|
|-damage|p1a: Porygon2|76/100|[from] Leech Seed|[of] p2a: 👁🐽👁
|-heal|p2a: 👁🐽👁|80/100|[silent]
|upkeep
|turn|7
|
|t:|1779922233
|move|p1a: Porygon2|Shadow Ball|p2a: 👁🐽👁
|-supereffective|p2a: 👁🐽👁
|-damage|p2a: 👁🐽👁|47/100
|-enditem|p2a: 👁🐽👁|Sitrus Berry|[eat]
|-heal|p2a: 👁🐽👁|72/100|[from] item: Sitrus Berry
|move|p2a: 👁🐽👁|Substitute|p2a: 👁🐽👁
|-start|p2a: 👁🐽👁|Substitute
|-damage|p2a: 👁🐽👁|47/100
|
|-damage|p1a: Porygon2|64/100|[from] Leech Seed|[of] p2a: 👁🐽👁
|-heal|p2a: 👁🐽👁|59/100|[silent]
|upkeep
|turn|8
|
|t:|1779922255
|-terastallize|p1a: Porygon2|Ghost
|move|p1a: Porygon2|Shadow Ball|p2a: 👁🐽👁
|-supereffective|p2a: 👁🐽👁
|-end|p2a: 👁🐽👁|Substitute
|move|p2a: 👁🐽👁|Curse|p1a: Porygon2
|-start|p1a: Porygon2|Curse|[of] p2a: 👁🐽👁
|-damage|p2a: 👁🐽👁|9/100
|
|-damage|p1a: Porygon2|51/100|[from] Leech Seed|[of] p2a: 👁🐽👁
|-heal|p2a: 👁🐽👁|20/100|[silent]
|-damage|p1a: Porygon2|26/100|[from] Curse
|upkeep
|turn|9
|
|t:|1779922269
|move|p2a: 👁🐽👁|Protect|p2a: 👁🐽👁
|-singleturn|p2a: 👁🐽👁|Protect
|move|p1a: Porygon2|Shadow Ball|p2a: 👁🐽👁
|-activate|p2a: 👁🐽👁|move: Protect
|
|-damage|p1a: Porygon2|14/100|[from] Leech Seed|[of] p2a: 👁🐽👁
|-heal|p2a: 👁🐽👁|32/100|[silent]
|-damage|p1a: Porygon2|0 fnt|[from] Curse
|faint|p1a: Porygon2
|-item|p2a: 👁🐽👁|Sitrus Berry|[from] ability: Harvest
|upkeep
|-enditem|p2a: 👁🐽👁|Sitrus Berry|[eat]
|-heal|p2a: 👁🐽👁|56/100|[from] item: Sitrus Berry
|
|t:|1779922274
|switch|p1a: Regieleki|Regieleki|100/100
|turn|10
|
|t:|1779922287
|switch|p2a: 👁🫦👁|Garchomp, F|100/100
|move|p1a: Regieleki|Supercell Slam|p2a: 👁🫦👁
|-immune|p2a: 👁🫦👁
|-damage|p1a: Regieleki|50/100|[from] supercellslam
|
|upkeep
|turn|11
|
|t:|1779922296
|switch|p1a: Corviknight|Corviknight, M|100/100
|switch|p2a: 👁🐽👁|Tropius, M, shiny, tera:Ghost|56/100
|
|upkeep
|turn|12
|
|t:|1779922303
|switch|p1a: Farigiraf|Farigiraf, F|100/100
|move|p2a: 👁🐽👁|Leech Seed|p1a: Farigiraf
|-start|p1a: Farigiraf|move: Leech Seed
|
|-damage|p1a: Farigiraf|88/100|[from] Leech Seed|[of] p2a: 👁🐽👁
|-heal|p2a: 👁🐽👁|70/100|[silent]
|-item|p2a: 👁🐽👁|Sitrus Berry|[from] ability: Harvest
|upkeep
|turn|13
|
|t:|1779922312
|move|p2a: 👁🐽👁|Protect|p2a: 👁🐽👁
|-singleturn|p2a: 👁🐽👁|Protect
|move|p1a: Farigiraf|Night Shade|p2a: 👁🐽👁
|-activate|p2a: 👁🐽👁|move: Protect
|
|-heal|p1a: Farigiraf|94/100|[from] item: Leftovers
|-damage|p1a: Farigiraf|82/100|[from] Leech Seed|[of] p2a: 👁🐽👁
|-heal|p2a: 👁🐽👁|84/100|[silent]
|upkeep
|turn|14
|
|t:|1779922321
|move|p1a: Farigiraf|Night Shade|p2a: 👁🐽👁
|-damage|p2a: 👁🐽👁|59/100
|move|p2a: 👁🐽👁|Curse|p1a: Farigiraf
|-start|p1a: Farigiraf|Curse|[of] p2a: 👁🐽👁
|-damage|p2a: 👁🐽👁|9/100
|-enditem|p2a: 👁🐽👁|Sitrus Berry|[eat]
|-heal|p2a: 👁🐽👁|34/100|[from] item: Sitrus Berry
|
|-heal|p1a: Farigiraf|88/100|[from] item: Leftovers
|-damage|p1a: Farigiraf|75/100|[from] Leech Seed|[of] p2a: 👁🐽👁
|-heal|p2a: 👁🐽👁|48/100|[silent]
|-damage|p1a: Farigiraf|50/100|[from] Curse
|upkeep
|turn|15
|
|t:|1779922336
|move|p1a: Farigiraf|Wish|p1a: Farigiraf
|move|p2a: 👁🐽👁|Substitute|p2a: 👁🐽👁
|-start|p2a: 👁🐽👁|Substitute
|-damage|p2a: 👁🐽👁|23/100
|
|-heal|p1a: Farigiraf|57/100|[from] item: Leftovers
|-damage|p1a: Farigiraf|44/100|[from] Leech Seed|[of] p2a: 👁🐽👁
|-heal|p2a: 👁🐽👁|36/100|[silent]
|-damage|p1a: Farigiraf|19/100|[from] Curse
|-item|p2a: 👁🐽👁|Sitrus Berry|[from] ability: Harvest
|upkeep
|-enditem|p2a: 👁🐽👁|Sitrus Berry|[eat]
|-heal|p2a: 👁🐽👁|61/100|[from] item: Sitrus Berry
|turn|16
|c|☆ROLFI03|You should have cancer
|
|t:|1779922357
|switch|p1a: Keldeo|Keldeo-Resolute|57/100
|move|p2a: 👁🐽👁|Substitute|p2a: 👁🐽👁
|-fail|p2a: 👁🐽👁|move: Substitute
|
|-heal|p1a: Keldeo|100/100|[from] move: Wish|[wisher] Farigiraf
|upkeep
|turn|17
|
|t:|1779922365
|move|p1a: Keldeo|Substitute|p1a: Keldeo
|-start|p1a: Keldeo|Substitute
|-damage|p1a: Keldeo|75/100
|move|p2a: 👁🐽👁|Leech Seed|p1a: Keldeo|[miss]
|-miss|p2a: 👁🐽👁|p1a: Keldeo
|
|-heal|p1a: Keldeo|82/100|[from] item: Leftovers
|upkeep
|turn|18
|
|t:|1779922374
|move|p1a: Keldeo|Calm Mind|p1a: Keldeo
|-boost|p1a: Keldeo|spa|1
|-boost|p1a: Keldeo|spd|1
|move|p2a: 👁🐽👁|Curse|p1a: Keldeo
|-start|p1a: Keldeo|Curse|[of] p2a: 👁🐽👁
|-damage|p2a: 👁🐽👁|11/100
|
|-heal|p1a: Keldeo|88/100|[from] item: Leftovers
|-damage|p1a: Keldeo|63/100|[from] Curse
|-item|p2a: 👁🐽👁|Sitrus Berry|[from] ability: Harvest
|upkeep
|-enditem|p2a: 👁🐽👁|Sitrus Berry|[eat]
|-heal|p2a: 👁🐽👁|36/100|[from] item: Sitrus Berry
|turn|19
|c|☆oficial matute|👁🐽👁
|
|t:|1779922398
|move|p2a: 👁🐽👁|Protect|p2a: 👁🐽👁
|-singleturn|p2a: 👁🐽👁|Protect
|move|p1a: Keldeo|Surf|p2a: 👁🐽👁
|-activate|p2a: 👁🐽👁|move: Protect
|
|-heal|p1a: Keldeo|69/100|[from] item: Leftovers
|-damage|p1a: Keldeo|44/100|[from] Curse
|upkeep
|turn|20
|
|t:|1779922407
|move|p1a: Keldeo|Surf|p2a: 👁🐽👁
|-end|p2a: 👁🐽👁|Substitute
|move|p2a: 👁🐽👁|Substitute|p2a: 👁🐽👁
|-start|p2a: 👁🐽👁|Substitute
|-damage|p2a: 👁🐽👁|11/100
|
|-heal|p1a: Keldeo|50/100|[from] item: Leftovers
|-damage|p1a: Keldeo|25/100|[from] Curse
|-item|p2a: 👁🐽👁|Sitrus Berry|[from] ability: Harvest
|upkeep
|-enditem|p2a: 👁🐽👁|Sitrus Berry|[eat]
|-heal|p2a: 👁🐽👁|36/100|[from] item: Sitrus Berry
|turn|21
|
|t:|1779922421
|move|p1a: Keldeo|Surf|p2a: 👁🐽👁
|-end|p2a: 👁🐽👁|Substitute
|move|p2a: 👁🐽👁|Leech Seed||[still]
|-fail|p2a: 👁🐽👁
|
|-heal|p1a: Keldeo|31/100|[from] item: Leftovers
|-damage|p1a: Keldeo|6/100|[from] Curse
|-item|p2a: 👁🐽👁|Sitrus Berry|[from] ability: Harvest
|upkeep
|-enditem|p2a: 👁🐽👁|Sitrus Berry|[eat]
|-heal|p2a: 👁🐽👁|61/100|[from] item: Sitrus Berry
|turn|22
|
|t:|1779922434
|move|p2a: 👁🐽👁|Protect|p2a: 👁🐽👁
|-singleturn|p2a: 👁🐽👁|Protect
|move|p1a: Keldeo|Surf|p2a: 👁🐽👁
|-activate|p2a: 👁🐽👁|move: Protect
|
|-heal|p1a: Keldeo|13/100|[from] item: Leftovers
|-damage|p1a: Keldeo|0 fnt|[from] Curse
|faint|p1a: Keldeo
|-item|p2a: 👁🐽👁|Sitrus Berry|[from] ability: Harvest
|upkeep
|
|t:|1779922439
|switch|p1a: Iron Hands|Iron Hands|100/100
|turn|23
|
|t:|1779922455
|switch|p2a: 👁👃👁|Landorus-Therian, M|100/100
|-ability|p2a: 👁👃👁|Intimidate|boost
|-unboost|p1a: Iron Hands|atk|1
|move|p1a: Iron Hands|Supercell Slam|p2a: 👁👃👁
|-immune|p2a: 👁👃👁
|-damage|p1a: Iron Hands|50/100|[from] supercellslam
|
|upkeep
|turn|24
|-message|ROLFI03 forfeited.
|
|win|oficial matute
|raw|ROLFI03's rating: 1313 &rarr; <strong>1296</strong><br />(-17 for losing)
|raw|oficial matute's rating: 1357 &rarr; <strong>1374</strong><br />(+17 for winning)
|l|☆ROLFI03
|player|p1|
|l|☆oficial matute
|player|p2|
