|j|☆clouddaearth
|j|‽Leap Call
|t:|1779886494
|gametype|singles
|player|p1|clouddaearth|101|1433
|player|p2|Leap Call|2|1417
|gen|9
|tier|[Gen 9] OU
|rated|
|rule|HP Percentage Mod: HP is shown in percentages
|rule|Endless Battle Clause: Forcing endless battles is banned
|rule|Species Clause: Limit one of each Pokémon
|rule|OHKO Clause: OHKO moves are banned
|rule|Evasion Items Clause: Evasion items are banned
|rule|Evasion Moves Clause: Evasion moves are banned
|rule|Evasion Abilities Clause: Evasion abilities are banned
|rule|Sleep Moves Clause: Sleep-inducing moves are banned
|clearpoke
|poke|p1|Gengar, F|
|poke|p1|Weavile, F|
|poke|p1|Iron Treads|
|poke|p1|Blaziken, F|
|poke|p1|Azumarill, M|
|poke|p1|Dragonite, M|
|poke|p2|Pelipper, F|
|poke|p2|Lokix, M|
|poke|p2|Kingdra, M|
|poke|p2|Toxicroak, F|
|poke|p2|Iron Treads|
|poke|p2|Primarina, M|
|teampreview
|inactive|Battle timer is ON: inactive players will automatically lose when time's up. (requested by Leap Call)
|
|t:|1779886527
|teamsize|p1|6
|teamsize|p2|6
|start
|switch|p1a: Weavile|Weavile, F|100/100
|switch|p2a: Lokix|Lokix, M, shiny|100/100
|turn|1
|
|t:|1779886532
|move|p1a: Weavile|Triple Axel|p2a: Lokix
|-damage|p2a: Lokix|86/100
|-damage|p2a: Lokix|56/100
|-damage|p2a: Lokix|9/100
|-hitcount|p2a: Lokix|3
|move|p2a: Lokix|U-turn|p1a: Weavile
|-supereffective|p1a: Weavile
|-enditem|p1a: Weavile|Focus Sash
|-damage|p1a: Weavile|1/100
|-enditem|p2a: Lokix|Choice Band|[silent]|[from] ability: Pickpocket|[of] p2a: Lokix
|-item|p1a: Weavile|Choice Band|[from] ability: Pickpocket|[of] p2a: Lokix
|
|t:|1779886538
|switch|p2a: Iron Treads|Iron Treads|100/100|[from] U-turn
|
|upkeep
|turn|2
|
|t:|1779886547
|move|p1a: Weavile|Triple Axel|p2a: Iron Treads
|-damage|p2a: Iron Treads|86/100
|-damage|p2a: Iron Treads|58/100
|-damage|p2a: Iron Treads|18/100
|-hitcount|p2a: Iron Treads|3
|move|p2a: Iron Treads|Stealth Rock|p1a: Weavile
|-sidestart|p1: clouddaearth|move: Stealth Rock
|
|upkeep
|turn|3
|
|t:|1779886574
|move|p1a: Weavile|Triple Axel|p2a: Iron Treads
|-damage|p2a: Iron Treads|5/100
|-damage|p2a: Iron Treads|0 fnt
|faint|p2a: Iron Treads
|-end|p2a: Iron Treads|Quark Drive|[silent]
|-hitcount|p2: Iron Treads|2
|
|upkeep
|
|t:|1779886581
|switch|p2a: Lokix|Lokix, M, shiny|9/100
|turn|4
|
|t:|1779886585
|switch|p1a: Iron Treads|Iron Treads|100/100
|-damage|p1a: Iron Treads|97/100|[from] Stealth Rock
|-enditem|p1a: Iron Treads|Booster Energy
|-activate|p1a: Iron Treads|ability: Quark Drive|[fromitem]
|-start|p1a: Iron Treads|quarkdrivespe
|move|p2a: Lokix|U-turn|p1a: Iron Treads
|-resisted|p1a: Iron Treads
|-damage|p1a: Iron Treads|74/100
|
|t:|1779886597
|switch|p2a: Toxicroak|Toxicroak, F, shiny|100/100|[from] U-turn
|
|upkeep
|turn|5
|
|t:|1779886600
|switch|p2a: Pelipper|Pelipper, F, shiny|100/100
|-weather|RainDance|[from] ability: Drizzle|[of] p2a: Pelipper
|move|p1a: Iron Treads|Rapid Spin|p2a: Pelipper
|-damage|p2a: Pelipper|84/100
|-boost|p1a: Iron Treads|spe|1
|-sideend|p1: clouddaearth|Stealth Rock|[from] move: Rapid Spin|[of] p1a: Iron Treads
|
|-weather|RainDance|[upkeep]
|upkeep
|turn|6
|
|t:|1779886605
|move|p1a: Iron Treads|Volt Switch|p2a: Pelipper
|-supereffective|p2a: Pelipper
|-damage|p2a: Pelipper|40/100
|
|t:|1779886610
|-end|p1a: Iron Treads|Quark Drive|[silent]
|switch|p1a: Weavile|Weavile, F|1/100|[from] Volt Switch
|move|p2a: Pelipper|U-turn|p1a: Weavile
|-supereffective|p1a: Weavile
|-damage|p1a: Weavile|0 fnt
|faint|p1a: Weavile
|
|t:|1779886619
|switch|p2a: Kingdra|Kingdra, M|100/100|[from] U-turn
|
|-weather|RainDance|[upkeep]
|upkeep
|
|t:|1779886629
|switch|p1a: Azumarill|Azumarill, M|100/100
|turn|7
|
|t:|1779886658
|switch|p2a: Toxicroak|Toxicroak, F, shiny|100/100
|move|p1a: Azumarill|Play Rough|p2a: Toxicroak
|-damage|p2a: Toxicroak|49/100
|-damage|p1a: Azumarill|84/100|[from] item: Rocky Helmet|[of] p2a: Toxicroak
|
|-weather|RainDance|[upkeep]
|-heal|p2a: Toxicroak|62/100|[from] ability: Dry Skin
|upkeep
|turn|8
|
|t:|1779886671
|switch|p1a: Iron Treads|Iron Treads|74/100
|move|p2a: Toxicroak|Knock Off|p1a: Iron Treads
|-damage|p1a: Iron Treads|59/100
|
|-weather|RainDance|[upkeep]
|-heal|p2a: Toxicroak|74/100|[from] ability: Dry Skin
|upkeep
|turn|9
|
|t:|1779886685
|switch|p2a: Kingdra|Kingdra, M|100/100
|move|p1a: Iron Treads|Earthquake|p2a: Kingdra
|-damage|p2a: Kingdra|38/100
|
|-weather|RainDance|[upkeep]
|upkeep
|turn|10
|
|t:|1779886689
|-end|p1a: Iron Treads|Quark Drive|[silent]
|switch|p1a: Azumarill|Azumarill, M|84/100
|move|p2a: Kingdra|Weather Ball|p1a: Azumarill
|-resisted|p1a: Azumarill
|-damage|p1a: Azumarill|39/100
|-enditem|p1a: Azumarill|Sitrus Berry|[eat]
|-heal|p1a: Azumarill|64/100|[from] item: Sitrus Berry
|
|-weather|RainDance|[upkeep]
|upkeep
|turn|11
|
|t:|1779886702
|-terastallize|p2a: Kingdra|Water
|move|p2a: Kingdra|Weather Ball|p1a: Azumarill
|-resisted|p1a: Azumarill
|-damage|p1a: Azumarill|3/100
|move|p1a: Azumarill|Play Rough|p2a: Kingdra
|-damage|p2a: Kingdra|0 fnt
|faint|p2a: Kingdra
|
|-weather|RainDance|[upkeep]
|upkeep
|
|t:|1779886708
|switch|p2a: Toxicroak|Toxicroak, F, shiny|74/100
|turn|12
|l|☆clouddaearth
|inactive|clouddaearth disconnected and has a minute to reconnect!
|player|p1|
|inactive|clouddaearth has 30 seconds to reconnect!
|inactive|clouddaearth has 20 seconds to reconnect!
|inactive|clouddaearth has 15 seconds to reconnect!
|inactive|clouddaearth has 10 seconds to reconnect!
|inactive|clouddaearth has 5 seconds to reconnect!
|-message|clouddaearth lost due to inactivity.
|
|win|Leap Call
|raw|clouddaearth's rating: 1433 &rarr; <strong>1411</strong><br />(-22 for losing)
|raw|Leap Call's rating: 1398 &rarr; <strong>1420</strong><br />(+22 for winning)
|l|‽Leap Call
|player|p2|
