|badge|p2|bronze|gen9ubers|100-9
|uhtml|medal-msg|<div class="broadcast-blue">Curious what those medals under the avatar are? PS now has Ladder Seasons! For more information, check out the <a href="https://www.smogon.com/forums/threads/3740067/">thread on Smogon.</a></div>
|j|☆Kaltaris83
|j|☆itztrip
|t:|1779889232
|gametype|singles
|player|p1|Kaltaris83|psychic|1580
|player|p2|itztrip|proton|1592
|gen|9
|tier|[Gen 9] OU
|rated|
|rule|HP Percentage Mod: HP is shown in percentages
|rule|Endless Battle Clause: Forcing endless battles is banned
|rule|Species Clause: Limit one of each Pokémon
|rule|OHKO Clause: OHKO moves are banned
|rule|Evasion Items Clause: Evasion items are banned
|rule|Evasion Moves Clause: Evasion moves are banned
|rule|Evasion Abilities Clause: Evasion abilities are banned
|rule|Sleep Moves Clause: Sleep-inducing moves are banned
|clearpoke
|poke|p1|Garchomp, M|
|poke|p1|Tyranitar, M|
|poke|p1|Skarmory, F|
|poke|p1|Moltres-Galar|
|poke|p1|Talonflame, F|
|poke|p1|Deoxys-Speed|
|poke|p2|Darkrai|
|poke|p2|Garchomp, M|
|poke|p2|Alomomola, M|
|poke|p2|Corviknight, M|
|poke|p2|Weezing-Galar, F|
|poke|p2|Ogerpon, F|
|teampreview
|inactive|Battle timer is ON: inactive players will automatically lose when time's up. (requested by itztrip)
|
|t:|1779889243
|teamsize|p1|6
|teamsize|p2|6
|start
|switch|p1a: Deoxys|Deoxys-Speed|100/100
|switch|p2a: Darkrai|Darkrai|100/100
|-ability|p1a: Deoxys|Pressure
|turn|1
|
|t:|1779889249
|switch|p1a: Tyranitar|Tyranitar, M, shiny|100/100
|-weather|Sandstorm|[from] ability: Sand Stream|[of] p1a: Tyranitar
|switch|p2a: Alomomola|Alomomola, M|100/100
|
|-weather|Sandstorm|[upkeep]
|-damage|p2a: Alomomola|94/100|[from] Sandstorm
|upkeep
|turn|2
|
|t:|1779889254
|switch|p2a: Weezing|Weezing-Galar, F|100/100
|-ability|p2a: Weezing|Neutralizing Gas
|move|p1a: Tyranitar|Knock Off|p2a: Weezing
|-resisted|p2a: Weezing
|-damage|p2a: Weezing|77/100
|-enditem|p2a: Weezing|Heavy-Duty Boots|[from] move: Knock Off|[of] p1a: Tyranitar
|-damage|p1a: Tyranitar|91/100|[from] item: Life Orb
|
|-weather|Sandstorm|[upkeep]
|-damage|p2a: Weezing|71/100|[from] Sandstorm
|upkeep
|turn|3
|
|t:|1779889259
|switch|p1a: Talonflame|Talonflame, F|100/100
|move|p2a: Weezing|Will-O-Wisp|p1a: Talonflame|[miss]
|-miss|p2a: Weezing|p1a: Talonflame
|
|-weather|Sandstorm|[upkeep]
|-damage|p1a: Talonflame|94/100|[from] Sandstorm
|-damage|p2a: Weezing|65/100|[from] Sandstorm
|upkeep
|turn|4
|
|t:|1779889262
|-end|p2a: Weezing|ability: Neutralizing Gas
|switch|p2a: Alomomola|Alomomola, M|100/100
|move|p1a: Talonflame|Flare Blitz|p2a: Alomomola
|-resisted|p2a: Alomomola
|-damage|p2a: Alomomola|82/100
|-damage|p1a: Talonflame|83/100|[from] Recoil
|
|-weather|Sandstorm|[upkeep]
|-damage|p1a: Talonflame|77/100|[from] Sandstorm
|-damage|p2a: Alomomola|75/100|[from] Sandstorm
|upkeep
|turn|5
|
|t:|1779889264
|move|p1a: Talonflame|U-turn|p2a: Alomomola
|-damage|p2a: Alomomola|62/100
|
|t:|1779889266
|switch|p1a: Deoxys|Deoxys-Speed|100/100|[from] U-turn
|-ability|p1a: Deoxys|Pressure
|move|p2a: Alomomola|Flip Turn|p1a: Deoxys
|-damage|p1a: Deoxys|74/100
|
|t:|1779889271
|switch|p2a: Corviknight|Corviknight, M|100/100|[from] Flip Turn
|-ability|p2a: Corviknight|Pressure
|
|-weather|none
|upkeep
|turn|6
|
|t:|1779889274
|move|p1a: Deoxys|Thunder Wave|p2a: Corviknight
|-status|p2a: Corviknight|par
|move|p2a: Corviknight|U-turn|p1a: Deoxys
|-supereffective|p1a: Deoxys
|-damage|p1a: Deoxys|32/100
|
|t:|1779889277
|switch|p2a: Alomomola|Alomomola, M|95/100|[from] U-turn
|
|upkeep
|turn|7
|
|t:|1779889279
|move|p1a: Deoxys|Thunder Wave|p2a: Alomomola
|-status|p2a: Alomomola|par
|move|p2a: Alomomola|Body Slam|p1a: Deoxys
|-damage|p1a: Deoxys|8/100
|-status|p1a: Deoxys|par
|
|upkeep
|turn|8
|
|t:|1779889282
|move|p1a: Deoxys|Psycho Boost|p2a: Alomomola
|-damage|p2a: Alomomola|61/100 par
|-unboost|p1a: Deoxys|spa|2
|move|p2a: Alomomola|Flip Turn|p1a: Deoxys
|-damage|p1a: Deoxys|0 fnt
|faint|p1a: Deoxys
|
|t:|1779889285
|switch|p2a: Darkrai|Darkrai|100/100|[from] Flip Turn
|
|upkeep
|
|t:|1779889287
|switch|p1a: Tyranitar|Tyranitar, M, shiny|91/100
|-weather|Sandstorm|[from] ability: Sand Stream|[of] p1a: Tyranitar
|turn|9
|
|t:|1779889290
|move|p2a: Darkrai|Focus Blast|p1a: Tyranitar
|-supereffective|p1a: Tyranitar
|-damage|p1a: Tyranitar|0 fnt
|faint|p1a: Tyranitar
|
|-weather|Sandstorm|[upkeep]
|-damage|p2a: Darkrai|94/100|[from] Sandstorm
|upkeep
|
|t:|1779889292
|switch|p1a: Talonflame|Talonflame, F|77/100
|turn|10
|
|t:|1779889294
|switch|p2a: Alomomola|Alomomola, M|94/100 par
|move|p1a: Talonflame|Flare Blitz|p2a: Alomomola
|-resisted|p2a: Alomomola
|-damage|p2a: Alomomola|77/100 par
|-damage|p1a: Talonflame|67/100|[from] Recoil
|
|-weather|Sandstorm|[upkeep]
|-damage|p1a: Talonflame|61/100|[from] Sandstorm
|-damage|p2a: Alomomola|71/100 par|[from] Sandstorm
|upkeep
|turn|11
|
|t:|1779889300
|move|p1a: Talonflame|U-turn|p2a: Alomomola
|-damage|p2a: Alomomola|57/100 par
|
|t:|1779889301
|switch|p1a: Garchomp|Garchomp, M|100/100|[from] U-turn
|move|p2a: Alomomola|Flip Turn|p1a: Garchomp
|-damage|p1a: Garchomp|83/100
|-damage|p2a: Alomomola|44/100 par|[from] ability: Rough Skin|[of] p1a: Garchomp
|
|t:|1779889303
|switch|p2a: Darkrai|Darkrai|94/100|[from] Flip Turn
|
|-weather|Sandstorm|[upkeep]
|-damage|p2a: Darkrai|88/100|[from] Sandstorm
|upkeep
|turn|12
|
|t:|1779889306
|switch|p1a: Talonflame|Talonflame, F|61/100
|move|p2a: Darkrai|Ice Beam|p1a: Talonflame
|-damage|p1a: Talonflame|0 fnt
|faint|p1a: Talonflame
|
|-weather|Sandstorm|[upkeep]
|-damage|p2a: Darkrai|82/100|[from] Sandstorm
|upkeep
|
|t:|1779889308
|switch|p1a: Skarmory|Skarmory, F, shiny|100/100
|turn|13
|
|t:|1779889310
|switch|p2a: Garchomp|Garchomp, M|100/100
|move|p1a: Skarmory|Body Press|p2a: Garchomp
|-damage|p2a: Garchomp|79/100
|-damage|p1a: Skarmory|88/100|[from] ability: Rough Skin|[of] p2a: Garchomp
|-damage|p1a: Skarmory|72/100|[from] item: Rocky Helmet|[of] p2a: Garchomp
|
|-weather|none
|-heal|p1a: Skarmory|78/100|[from] item: Leftovers
|upkeep
|turn|14
|
|t:|1779889319
|move|p2a: Garchomp|Stealth Rock|p1a: Skarmory
|-sidestart|p1: Kaltaris83|move: Stealth Rock
|move|p1a: Skarmory|Iron Defense|p1a: Skarmory
|-boost|p1a: Skarmory|def|2
|
|-heal|p1a: Skarmory|84/100|[from] item: Leftovers
|upkeep
|turn|15
|
|t:|1779889322
|move|p2a: Garchomp|Spikes|p1a: Skarmory
|-sidestart|p1: Kaltaris83|Spikes
|move|p1a: Skarmory|Body Press|p2a: Garchomp
|-damage|p2a: Garchomp|40/100
|-damage|p1a: Skarmory|71/100|[from] ability: Rough Skin|[of] p2a: Garchomp
|-damage|p1a: Skarmory|55/100|[from] item: Rocky Helmet|[of] p2a: Garchomp
|
|-heal|p1a: Skarmory|61/100|[from] item: Leftovers
|upkeep
|turn|16
|
|t:|1779889325
|move|p1a: Skarmory|Body Press|p2a: Garchomp
|-damage|p2a: Garchomp|2/100
|-damage|p1a: Skarmory|49/100|[from] ability: Rough Skin|[of] p2a: Garchomp
|-damage|p1a: Skarmory|32/100|[from] item: Rocky Helmet|[of] p2a: Garchomp
|move|p2a: Garchomp|Dragon Tail|p1a: Skarmory
|-resisted|p1a: Skarmory
|-damage|p1a: Skarmory|29/100
|drag|p1a: Garchomp|Garchomp, M|83/100
|-damage|p1a: Garchomp|77/100|[from] Stealth Rock
|-damage|p1a: Garchomp|65/100|[from] Spikes
|
|upkeep
|turn|17
|
|t:|1779889334
|move|p1a: Garchomp|Scale Shot|p2a: Garchomp
|-supereffective|p2a: Garchomp
|-damage|p2a: Garchomp|0 fnt
|faint|p2a: Garchomp
|-hitcount|p2: Garchomp|1
|-unboost|p1a: Garchomp|def|1
|-boost|p1a: Garchomp|spe|1
|
|upkeep
|
|t:|1779889336
|switch|p2a: Ogerpon|Ogerpon, F|100/100
|turn|18
|
|t:|1779889340
|-terastallize|p2a: Ogerpon|Grass
|detailschange|p2a: Ogerpon|Ogerpon-Teal-Tera, F, tera:Grass
|-ability|p2a: Ogerpon|Embody Aspect (Teal)|boost
|-boost|p2a: Ogerpon|spe|1
|move|p2a: Ogerpon|Ivy Cudgel|p1a: Garchomp
|-crit|p1a: Garchomp
|-damage|p1a: Garchomp|0 fnt
|faint|p1a: Garchomp
|
|upkeep
|
|t:|1779889342
|switch|p1a: Skarmory|Skarmory, F, shiny|29/100
|-damage|p1a: Skarmory|16/100|[from] Stealth Rock
|turn|19
|
|t:|1779889344
|move|p2a: Ogerpon|Swords Dance|p2a: Ogerpon
|-boost|p2a: Ogerpon|atk|2
|move|p1a: Skarmory|Roost|p1a: Skarmory
|-heal|p1a: Skarmory|66/100
|-singleturn|p1a: Skarmory|move: Roost
|
|-heal|p1a: Skarmory|72/100|[from] item: Leftovers
|upkeep
|turn|20
|
|t:|1779889347
|move|p2a: Ogerpon|Encore|p1a: Skarmory
|-start|p1a: Skarmory|Encore
|move|p1a: Skarmory|Roost|p1a: Skarmory
|-heal|p1a: Skarmory|100/100
|-singleturn|p1a: Skarmory|move: Roost
|
|upkeep
|turn|21
|
|t:|1779889348
|move|p2a: Ogerpon|Swords Dance|p2a: Ogerpon
|-boost|p2a: Ogerpon|atk|2
|move|p1a: Skarmory|Roost||[still]
|-fail|p1a: Skarmory|heal
|
|upkeep
|turn|22
|
|t:|1779889350
|move|p2a: Ogerpon|Swords Dance|p2a: Ogerpon
|-boost|p2a: Ogerpon|atk|2
|move|p1a: Skarmory|Roost||[still]
|-fail|p1a: Skarmory|heal
|
|-end|p1a: Skarmory|Encore
|upkeep
|turn|23
|
|t:|1779889357
|move|p2a: Ogerpon|Encore|p1a: Skarmory
|-start|p1a: Skarmory|Encore
|move|p1a: Skarmory|Roost||[still]
|-fail|p1a: Skarmory|heal
|
|upkeep
|turn|24
|
|t:|1779889360
|move|p2a: Ogerpon|Ivy Cudgel|p1a: Skarmory
|-resisted|p1a: Skarmory
|-damage|p1a: Skarmory|62/100
|move|p1a: Skarmory|Roost|p1a: Skarmory
|-heal|p1a: Skarmory|100/100
|-singleturn|p1a: Skarmory|move: Roost
|
|upkeep
|turn|25
|
|t:|1779889362
|move|p2a: Ogerpon|Ivy Cudgel|p1a: Skarmory
|-resisted|p1a: Skarmory
|-damage|p1a: Skarmory|64/100
|move|p1a: Skarmory|Roost|p1a: Skarmory
|-heal|p1a: Skarmory|100/100
|-singleturn|p1a: Skarmory|move: Roost
|
|-end|p1a: Skarmory|Encore
|upkeep
|turn|26
|
|t:|1779889364
|move|p2a: Ogerpon|Encore|p1a: Skarmory
|-start|p1a: Skarmory|Encore
|move|p1a: Skarmory|Roost||[still]
|-fail|p1a: Skarmory|heal
|
|-end|p1a: Skarmory|Encore
|upkeep
|turn|27
|
|t:|1779889366
|move|p2a: Ogerpon|Knock Off|p1a: Skarmory
|-damage|p1a: Skarmory|31/100
|-enditem|p1a: Skarmory|Leftovers|[from] move: Knock Off|[of] p2a: Ogerpon
|move|p1a: Skarmory|Iron Defense|p1a: Skarmory
|-boost|p1a: Skarmory|def|2
|
|upkeep
|turn|28
|
|t:|1779889369
|move|p2a: Ogerpon|Encore|p1a: Skarmory
|-start|p1a: Skarmory|Encore
|move|p1a: Skarmory|Iron Defense|p1a: Skarmory
|-boost|p1a: Skarmory|def|2
|
|upkeep
|turn|29
|
|t:|1779889371
|move|p2a: Ogerpon|Knock Off|p1a: Skarmory
|-damage|p1a: Skarmory|13/100
|move|p1a: Skarmory|Iron Defense|p1a: Skarmory
|-boost|p1a: Skarmory|def|2
|
|upkeep
|turn|30
|
|t:|1779889374
|move|p2a: Ogerpon|Knock Off|p1a: Skarmory
|-damage|p1a: Skarmory|1/100
|move|p1a: Skarmory|Iron Defense|p1a: Skarmory
|-boost|p1a: Skarmory|def|0
|
|-end|p1a: Skarmory|Encore
|upkeep
|turn|31
|
|t:|1779889376
|move|p2a: Ogerpon|Ivy Cudgel|p1a: Skarmory
|-resisted|p1a: Skarmory
|-crit|p1a: Skarmory
|-damage|p1a: Skarmory|0 fnt
|faint|p1a: Skarmory
|
|upkeep
|
|t:|1779889377
|switch|p1a: Moltres|Moltres-Galar, shiny|100/100
|-damage|p1a: Moltres|76/100|[from] Stealth Rock
|turn|32
|
|t:|1779889379
|move|p2a: Ogerpon|Ivy Cudgel|p1a: Moltres
|-resisted|p1a: Moltres
|-damage|p1a: Moltres|0 fnt
|faint|p1a: Moltres
|
|win|itztrip
|raw|Kaltaris83's rating: 1580 &rarr; <strong>1561</strong><br />(-19 for losing)
|raw|itztrip's rating: 1592 &rarr; <strong>1611</strong><br />(+19 for winning)
|l|☆Kaltaris83
|player|p1|
|l|☆itztrip
|player|p2|
