|j|☆comisariogrek
|j|☆randomefre
|t:|1779927461
|gametype|singles
|player|p1|comisariogrek|pokemonranger-gen4|1148
|player|p2|randomefre|dawn|1165
|gen|9
|tier|[Gen 9] OU
|rated|
|rule|HP Percentage Mod: HP is shown in percentages
|rule|Endless Battle Clause: Forcing endless battles is banned
|rule|Species Clause: Limit one of each Pokémon
|rule|OHKO Clause: OHKO moves are banned
|rule|Evasion Items Clause: Evasion items are banned
|rule|Evasion Moves Clause: Evasion moves are banned
|rule|Evasion Abilities Clause: Evasion abilities are banned
|rule|Sleep Moves Clause: Sleep-inducing moves are banned
|clearpoke
|poke|p1|Gliscor, M|
|poke|p1|Hatterene, F|
|poke|p1|Dragonite, F|
|poke|p1|Iron Moth|
|poke|p1|Kingambit, F|
|poke|p1|Samurott-Hisui, M|
|poke|p2|Polteageist-Antique|
|poke|p2|Corviknight, M|
|poke|p2|Sinistcha-Masterpiece|
|poke|p2|Skeledirge, M|
|poke|p2|Meowscarada, F|
|poke|p2|Cinderace, M|
|teampreview
|inactive|Battle timer is ON: inactive players will automatically lose when time's up. (requested by randomefre)
|inactive|comisariogrek has 120 seconds left.
|
|t:|1779927493
|teamsize|p1|6
|teamsize|p2|6
|start
|switch|p1a: Gliscor|Gliscor, M|100/100
|switch|p2a: Meowscarada|Meowscarada, F|100/100
|turn|1
|
|t:|1779927500
|move|p1a: Gliscor|Protect|p1a: Gliscor
|-singleturn|p1a: Gliscor|Protect
|move|p2a: Meowscarada|Knock Off|p1a: Gliscor
|-start|p2a: Meowscarada|typechange|Dark|[from] ability: Protean
|-activate|p1a: Gliscor|move: Protect
|
|-status|p1a: Gliscor|tox|[from] item: Toxic Orb
|upkeep
|turn|2
|
|t:|1779927511
|move|p2a: Meowscarada|Knock Off|p1a: Gliscor
|-damage|p1a: Gliscor|51/100 tox
|-enditem|p1a: Gliscor|Toxic Orb|[from] move: Knock Off|[of] p2a: Meowscarada
|move|p1a: Gliscor|Toxic|p2a: Meowscarada
|-status|p2a: Meowscarada|tox
|
|-damage|p2a: Meowscarada|94/100 tox|[from] psn
|-heal|p1a: Gliscor|63/100 tox|[from] ability: Poison Heal
|upkeep
|turn|3
|
|t:|1779927523
|switch|p2a: Polteageist|Polteageist-Antique|100/100
|move|p1a: Gliscor|Protect||[still]
|-fail|p1a: Gliscor
|
|-heal|p1a: Gliscor|76/100 tox|[from] ability: Poison Heal
|upkeep
|turn|4
|
|t:|1779927532
|move|p2a: Polteageist|Shell Smash|p2a: Polteageist
|-unboost|p2a: Polteageist|def|1
|-unboost|p2a: Polteageist|spd|1
|-boost|p2a: Polteageist|atk|2
|-boost|p2a: Polteageist|spa|2
|-boost|p2a: Polteageist|spe|2
|-enditem|p2a: Polteageist|White Herb
|-clearnegativeboost|p2a: Polteageist|[silent]
|move|p1a: Gliscor|Toxic|p2a: Polteageist
|-status|p2a: Polteageist|tox
|
|-damage|p2a: Polteageist|94/100 tox|[from] psn
|-heal|p1a: Gliscor|88/100 tox|[from] ability: Poison Heal
|upkeep
|turn|5
|
|t:|1779927545
|move|p1a: Gliscor|Protect|p1a: Gliscor
|-singleturn|p1a: Gliscor|Protect
|move|p2a: Polteageist|Stored Power|p1a: Gliscor
|-activate|p1a: Gliscor|move: Protect
|
|-damage|p2a: Polteageist|82/100 tox|[from] psn
|-heal|p1a: Gliscor|100/100 tox|[from] ability: Poison Heal
|upkeep
|turn|6
|
|t:|1779927554
|move|p2a: Polteageist|Shadow Ball|p1a: Gliscor
|-damage|p1a: Gliscor|0 fnt
|faint|p1a: Gliscor
|
|-damage|p2a: Polteageist|64/100 tox|[from] psn
|upkeep
|
|t:|1779927562
|switch|p1a: Dragonite|Dragonite, F|100/100
|turn|7
|
|t:|1779927569
|-terastallize|p1a: Dragonite|Normal
|move|p2a: Polteageist|Stored Power|p1a: Dragonite
|-damage|p1a: Dragonite|44/100
|move|p1a: Dragonite|Dragon Claw|p2a: Polteageist
|-damage|p2a: Polteageist|0 fnt
|faint|p2a: Polteageist
|
|upkeep
|
|t:|1779927579
|switch|p2a: Corviknight|Corviknight, M|100/100
|turn|8
|
|t:|1779927582
|switch|p1a: Hatterene|Hatterene, F, shiny|100/100
|move|p2a: Corviknight|Body Press|p1a: Hatterene
|-resisted|p1a: Hatterene
|-damage|p1a: Hatterene|95/100
|
|-heal|p1a: Hatterene|100/100|[from] item: Leftovers
|upkeep
|turn|9
|
|t:|1779927594
|switch|p2a: Meowscarada|Meowscarada, F|94/100 tox
|move|p1a: Hatterene|Mystical Fire|p2a: Meowscarada
|-supereffective|p2a: Meowscarada
|-damage|p2a: Meowscarada|10/100 tox
|-unboost|p2a: Meowscarada|spa|1
|
|-damage|p2a: Meowscarada|4/100 tox|[from] psn
|upkeep
|turn|10
|
|t:|1779927612
|switch|p1a: Samurott|Samurott-Hisui, M|100/100
|move|p2a: Meowscarada|Knock Off|p1a: Samurott
|-start|p2a: Meowscarada|typechange|Dark|[from] ability: Protean
|-resisted|p1a: Samurott
|-damage|p1a: Samurott|62/100
|-enditem|p1a: Samurott|Heavy-Duty Boots|[from] move: Knock Off|[of] p2a: Meowscarada
|
|-damage|p2a: Meowscarada|0 fnt|[from] psn
|faint|p2a: Meowscarada
|upkeep
|
|t:|1779927628
|switch|p2a: Corviknight|Corviknight, M|100/100
|turn|11
|
|t:|1779927633
|switch|p1a: Hatterene|Hatterene, F, shiny|100/100
|move|p2a: Corviknight|Iron Defense|p2a: Corviknight
|-boost|p2a: Corviknight|def|2
|
|upkeep
|turn|12
|
|t:|1779927640
|switch|p2a: Sinistcha|Sinistcha-Masterpiece|100/100
|move|p1a: Hatterene|Mystical Fire|p2a: Sinistcha
|-supereffective|p2a: Sinistcha
|-damage|p2a: Sinistcha|68/100
|-unboost|p2a: Sinistcha|spa|1
|
|upkeep
|turn|13
|
|t:|1779927650
|switch|p1a: Iron Moth|Iron Moth|100/100
|-enditem|p1a: Iron Moth|Booster Energy
|-activate|p1a: Iron Moth|ability: Quark Drive|[fromitem]
|-start|p1a: Iron Moth|quarkdrivespa
|move|p2a: Sinistcha|Strength Sap|p1a: Iron Moth
|-unboost|p1a: Iron Moth|atk|1
|-heal|p2a: Sinistcha|100/100
|
|upkeep
|turn|14
|
|t:|1779927661
|switch|p2a: Skeledirge|Skeledirge, M|100/100
|move|p1a: Iron Moth|Agility|p1a: Iron Moth
|-boost|p1a: Iron Moth|spe|2
|
|upkeep
|turn|15
|
|t:|1779927674
|move|p1a: Iron Moth|Sludge Wave|p2a: Skeledirge
|-resisted|p2a: Skeledirge
|-damage|p2a: Skeledirge|75/100
|move|p2a: Skeledirge|Hex|p1a: Iron Moth
|-damage|p1a: Iron Moth|74/100
|
|-heal|p2a: Skeledirge|81/100|[from] item: Leftovers
|upkeep
|turn|16
|
|t:|1779927685
|move|p1a: Iron Moth|Fiery Dance|p2a: Skeledirge
|-resisted|p2a: Skeledirge
|-damage|p2a: Skeledirge|60/100
|-boost|p1a: Iron Moth|spa|1
|move|p2a: Skeledirge|Torch Song|p1a: Iron Moth
|-resisted|p1a: Iron Moth
|-damage|p1a: Iron Moth|59/100
|-boost|p2a: Skeledirge|spa|1
|
|-heal|p2a: Skeledirge|67/100|[from] item: Leftovers
|upkeep
|turn|17
|
|t:|1779927696
|move|p1a: Iron Moth|Sludge Wave|p2a: Skeledirge
|-resisted|p2a: Skeledirge
|-damage|p2a: Skeledirge|42/100
|move|p2a: Skeledirge|Torch Song|p1a: Iron Moth
|-resisted|p1a: Iron Moth
|-damage|p1a: Iron Moth|36/100
|-boost|p2a: Skeledirge|spa|1
|
|-heal|p2a: Skeledirge|48/100|[from] item: Leftovers
|upkeep
|turn|18
|
|t:|1779927707
|move|p1a: Iron Moth|Sludge Wave|p2a: Skeledirge
|-resisted|p2a: Skeledirge
|-damage|p2a: Skeledirge|25/100
|move|p2a: Skeledirge|Slack Off|p2a: Skeledirge
|-heal|p2a: Skeledirge|75/100
|
|-heal|p2a: Skeledirge|81/100|[from] item: Leftovers
|upkeep
|turn|19
|
|t:|1779927718
|-end|p1a: Iron Moth|Quark Drive|[silent]
|switch|p1a: Samurott|Samurott-Hisui, M|62/100
|move|p2a: Skeledirge|Hex|p1a: Samurott
|-resisted|p1a: Samurott
|-damage|p1a: Samurott|33/100
|
|-heal|p2a: Skeledirge|87/100|[from] item: Leftovers
|upkeep
|turn|20
|
|t:|1779927734
|switch|p2a: Sinistcha|Sinistcha-Masterpiece|100/100
|move|p1a: Samurott|Aqua Cutter|p2a: Sinistcha
|-resisted|p2a: Sinistcha
|-crit|p2a: Sinistcha
|-damage|p2a: Sinistcha|66/100
|
|upkeep
|turn|21
|
|t:|1779927746
|switch|p1a: Kingambit|Kingambit, F|100/100
|-activate|p1a: Kingambit|ability: Supreme Overlord
|-start|p1a: Kingambit|fallen1|[silent]
|switch|p2a: Corviknight|Corviknight, M|100/100
|
|upkeep
|turn|22
|
|t:|1779927758
|-end|p1a: Kingambit|fallen1|[silent]
|switch|p1a: Hatterene|Hatterene, F, shiny|100/100
|move|p2a: Corviknight|Body Press|p1a: Hatterene
|-resisted|p1a: Hatterene
|-damage|p1a: Hatterene|95/100
|
|-heal|p1a: Hatterene|100/100|[from] item: Leftovers
|upkeep
|turn|23
|
|t:|1779927767
|switch|p2a: Sinistcha|Sinistcha-Masterpiece|66/100
|move|p1a: Hatterene|Mystical Fire|p2a: Sinistcha
|-supereffective|p2a: Sinistcha
|-damage|p2a: Sinistcha|29/100
|-unboost|p2a: Sinistcha|spa|1
|
|upkeep
|turn|24
|
|t:|1779927777
|move|p2a: Sinistcha|Strength Sap|p1a: Hatterene
|move|p1a: Hatterene|Strength Sap|p2a: Sinistcha|[from] ability: Magic Bounce
|-unboost|p2a: Sinistcha|atk|1
|move|p1a: Hatterene|Mystical Fire|p2a: Sinistcha
|-supereffective|p2a: Sinistcha
|-damage|p2a: Sinistcha|0 fnt
|faint|p2a: Sinistcha
|
|upkeep
|
|t:|1779927790
|switch|p2a: Skeledirge|Skeledirge, M|87/100
|turn|25
|
|t:|1779927803
|switch|p1a: Dragonite|Dragonite, F, tera:Normal|44/100
|move|p2a: Skeledirge|Torch Song|p1a: Dragonite
|-damage|p1a: Dragonite|10/100
|-boost|p2a: Skeledirge|spa|1
|
|-heal|p2a: Skeledirge|93/100|[from] item: Leftovers
|upkeep
|turn|26
|
|t:|1779927815
|move|p1a: Dragonite|Aqua Jet|p2a: Skeledirge
|-supereffective|p2a: Skeledirge
|-crit|p2a: Skeledirge
|-damage|p2a: Skeledirge|38/100
|move|p2a: Skeledirge|Torch Song|p1a: Dragonite
|-damage|p1a: Dragonite|0 fnt
|-boost|p2a: Skeledirge|spa|1
|faint|p1a: Dragonite
|
|-heal|p2a: Skeledirge|44/100|[from] item: Leftovers
|upkeep
|
|t:|1779927829
|switch|p1a: Kingambit|Kingambit, F|100/100
|-activate|p1a: Kingambit|ability: Supreme Overlord
|-start|p1a: Kingambit|fallen2|[silent]
|turn|27
|
|t:|1779927835
|-terastallize|p2a: Skeledirge|Fairy
|move|p1a: Kingambit|Sucker Punch||[still]
|-fail|p1a: Kingambit
|move|p2a: Skeledirge|Slack Off|p2a: Skeledirge
|-heal|p2a: Skeledirge|94/100
|
|-heal|p2a: Skeledirge|99/100|[from] item: Leftovers
|upkeep
|turn|28
|
|t:|1779927845
|move|p2a: Skeledirge|Torch Song|p1a: Kingambit
|-supereffective|p1a: Kingambit
|-damage|p1a: Kingambit|24/100
|-boost|p2a: Skeledirge|spa|1
|move|p1a: Kingambit|Iron Head|p2a: Skeledirge
|-supereffective|p2a: Skeledirge
|-crit|p2a: Skeledirge
|-damage|p2a: Skeledirge|0 fnt
|faint|p2a: Skeledirge
|
|upkeep
|c|☆randomefre|Crit mattered
|
|t:|1779927864
|switch|p2a: Cinderace|Cinderace, M|100/100
|turn|29
|
|t:|1779927868
|move|p1a: Kingambit|Sucker Punch|p2a: Cinderace
|-damage|p2a: Cinderace|35/100
|move|p2a: Cinderace|Pyro Ball|p1a: Kingambit
|-supereffective|p1a: Kingambit
|-damage|p1a: Kingambit|0 fnt
|faint|p1a: Kingambit
|-end|p1a: Kingambit|fallen2|[silent]
|
|upkeep
|
|t:|1779927876
|switch|p1a: Iron Moth|Iron Moth|36/100
|turn|30
|
|t:|1779927902
|move|p2a: Cinderace|Pyro Ball|p1a: Iron Moth
|-resisted|p1a: Iron Moth
|-damage|p1a: Iron Moth|0 fnt
|faint|p1a: Iron Moth
|-end|p1a: Iron Moth|Quark Drive|[silent]
|
|upkeep
|
|t:|1779927909
|switch|p1a: Samurott|Samurott-Hisui, M|33/100
|turn|31
|
|t:|1779927919
|switch|p2a: Corviknight|Corviknight, M|100/100
|move|p1a: Samurott|Aqua Cutter|p2a: Corviknight
|-damage|p2a: Corviknight|55/100
|
|upkeep
|turn|32
|
|t:|1779927927
|switch|p1a: Hatterene|Hatterene, F, shiny|100/100
|move|p2a: Corviknight|Roost|p2a: Corviknight
|-heal|p2a: Corviknight|100/100
|-singleturn|p2a: Corviknight|move: Roost
|
|upkeep
|turn|33
|
|t:|1779927935
|switch|p2a: Cinderace|Cinderace, M|35/100
|move|p1a: Hatterene|Mystical Fire|p2a: Cinderace
|-resisted|p2a: Cinderace
|-damage|p2a: Cinderace|15/100
|-unboost|p2a: Cinderace|spa|1
|
|upkeep
|turn|34
|
|t:|1779927944
|switch|p1a: Samurott|Samurott-Hisui, M|33/100
|move|p2a: Cinderace|Gunk Shot|p1a: Samurott
|-start|p2a: Cinderace|typechange|Poison|[from] ability: Libero
|-damage|p1a: Samurott|0 fnt
|faint|p1a: Samurott
|
|upkeep
|
|t:|1779927953
|switch|p1a: Hatterene|Hatterene, F, shiny|100/100
|turn|35
|
|t:|1779927957
|move|p2a: Cinderace|Gunk Shot|p1a: Hatterene
|-supereffective|p1a: Hatterene
|-damage|p1a: Hatterene|0 fnt
|faint|p1a: Hatterene
|
|win|randomefre
|raw|comisariogrek's rating: 1148 &rarr; <strong>1124</strong><br />(-24 for losing)
|raw|randomefre's rating: 1165 &rarr; <strong>1189</strong><br />(+24 for winning)
