|j|☆Vegeta2464
|j|☆blooflazh
|t:|1779847383
|gametype|singles
|player|p1|Vegeta2464|169|1146
|player|p2|blooflazh|rood|1188
|gen|9
|tier|[Gen 9] OU
|rated|
|rule|HP Percentage Mod: HP is shown in percentages
|rule|Endless Battle Clause: Forcing endless battles is banned
|rule|Species Clause: Limit one of each Pokémon
|rule|OHKO Clause: OHKO moves are banned
|rule|Evasion Items Clause: Evasion items are banned
|rule|Evasion Moves Clause: Evasion moves are banned
|rule|Evasion Abilities Clause: Evasion abilities are banned
|rule|Sleep Moves Clause: Sleep-inducing moves are banned
|clearpoke
|poke|p1|Regieleki|
|poke|p1|Hatterene, F|
|poke|p1|Zapdos|
|poke|p1|Pelipper, M|
|poke|p1|Great Tusk|
|poke|p1|Glimmora, M|
|poke|p2|Scyther, F|
|poke|p2|Shelgon, M|
|poke|p2|Porygon2|
|poke|p2|Metang|
|poke|p2|Cryogonal|
|poke|p2|Magmar, F|
|teampreview
|inactive|Battle timer is ON: inactive players will automatically lose when time's up. (requested by blooflazh)
|
|t:|1779847411
|teamsize|p1|6
|teamsize|p2|6
|start
|switch|p1a: Glimmora|Glimmora, M|100/100
|switch|p2a: ahhaa blud|Cryogonal|100/100
|turn|1
|inactive|blooflazh has 120 seconds left.
|
|t:|1779847441
|switch|p2a: kinda mid tho|Metang|100/100
|switch|p1a: Hatterene|Hatterene, F|100/100
|
|upkeep
|turn|2
|inactive|Vegeta2464 has 120 seconds left.
|
|t:|1779847480
|move|p2a: kinda mid tho|Hone Claws|p2a: kinda mid tho
|-boost|p2a: kinda mid tho|atk|1
|-boost|p2a: kinda mid tho|accuracy|1
|move|p1a: Hatterene|Nuzzle|p2a: kinda mid tho
|-damage|p2a: kinda mid tho|98/100
|-status|p2a: kinda mid tho|par
|
|upkeep
|turn|3
|
|t:|1779847492
|switch|p1a: Glimmora|Glimmora, M|100/100
|move|p2a: kinda mid tho|Bullet Punch|p1a: Glimmora
|-supereffective|p1a: Glimmora
|-damage|p1a: Glimmora|40/100
|-activate|p1a: Glimmora|ability: Toxic Debris
|-sidestart|p2: blooflazh|move: Toxic Spikes
|
|upkeep
|turn|4
|
|t:|1779847504
|switch|p1a: Zapdos|Zapdos|100/100
|move|p2a: kinda mid tho|Bullet Punch|p1a: Zapdos
|-resisted|p1a: Zapdos
|-damage|p1a: Zapdos|86/100
|
|upkeep
|turn|5
|
|t:|1779847512
|move|p1a: Zapdos|Heat Wave|p2a: kinda mid tho
|-supereffective|p2a: kinda mid tho
|-damage|p2a: kinda mid tho|13/100 par
|move|p2a: kinda mid tho|Zen Headbutt|p1a: Zapdos
|-damage|p1a: Zapdos|25/100
|
|upkeep
|turn|6
|inactive|Vegeta2464 has 120 seconds left.
|
|t:|1779847519
|cant|p2a: kinda mid tho|par
|move|p1a: Zapdos|Heat Wave|p2a: kinda mid tho|[miss]
|-miss|p1a: Zapdos|p2a: kinda mid tho
|
|upkeep
|turn|7
|c|☆blooflazh|Xd
|
|t:|1779847528
|move|p2a: kinda mid tho|Bullet Punch|p1a: Zapdos
|-resisted|p1a: Zapdos
|-damage|p1a: Zapdos|10/100
|move|p1a: Zapdos|Heat Wave|p2a: kinda mid tho
|-supereffective|p2a: kinda mid tho
|-damage|p2a: kinda mid tho|0 fnt
|faint|p2a: kinda mid tho
|
|upkeep
|
|t:|1779847540
|switch|p2a: ahhaa blud|Cryogonal|100/100
|turn|8
|
|t:|1779847557
|switch|p1a: Hatterene|Hatterene, F|100/100
|move|p2a: ahhaa blud|Rapid Spin|p1a: Hatterene
|-damage|p1a: Hatterene|94/100
|-boost|p2a: ahhaa blud|spe|1
|-sideend|p2: blooflazh|Toxic Spikes|[from] move: Rapid Spin|[of] p2a: ahhaa blud
|
|upkeep
|turn|9
|inactive|Vegeta2464 has 120 seconds left.
|
|t:|1779847574
|move|p2a: ahhaa blud|Freeze-Dry|p1a: Hatterene
|-damage|p1a: Hatterene|78/100
|move|p1a: Hatterene|Mystical Fire|p2a: ahhaa blud
|-supereffective|p2a: ahhaa blud
|-damage|p2a: ahhaa blud|59/100
|-unboost|p2a: ahhaa blud|spa|1
|
|upkeep
|turn|10
|
|t:|1779847584
|switch|p2a: duc|Magmar, F|100/100
|move|p1a: Hatterene|Nuzzle|p2a: duc
|-damage|p2a: duc|95/100
|-status|p2a: duc|par
|
|upkeep
|turn|11
|inactive|Vegeta2464 has 120 seconds left.
|
|t:|1779847601
|switch|p1a: Glimmora|Glimmora, M|40/100
|move|p2a: duc|Poison Jab|p1a: Glimmora
|-resisted|p1a: Glimmora
|-damage|p1a: Glimmora|33/100
|-activate|p1a: Glimmora|ability: Toxic Debris
|-sidestart|p2: blooflazh|move: Toxic Spikes
|
|upkeep
|turn|12
|inactive|Vegeta2464 has 120 seconds left.
|
|t:|1779847626
|move|p1a: Glimmora|Stealth Rock|p2a: duc
|-sidestart|p2: blooflazh|move: Stealth Rock
|move|p2a: duc|Knock Off|p1a: Glimmora
|-damage|p1a: Glimmora|0 fnt
|-activate|p1a: Glimmora|ability: Toxic Debris
|-sidestart|p2: blooflazh|move: Toxic Spikes
|-enditem|p1a: Glimmora|Focus Sash|[from] move: Knock Off|[of] p2a: duc
|faint|p1a: Glimmora
|
|upkeep
|
|t:|1779847638
|switch|p1a: Pelipper|Pelipper, M|100/100
|-weather|RainDance|[from] ability: Drizzle|[of] p1a: Pelipper
|turn|13
|
|t:|1779847645
|move|p2a: duc|Knock Off|p1a: Pelipper
|-damage|p1a: Pelipper|73/100
|-enditem|p1a: Pelipper|Damp Rock|[from] move: Knock Off|[of] p2a: duc
|move|p1a: Pelipper|Weather Ball|p2a: duc
|-supereffective|p2a: duc
|-damage|p2a: duc|0 fnt
|faint|p2a: duc
|
|-weather|RainDance|[upkeep]
|upkeep
|
|t:|1779847662
|switch|p2a: ahhaa blud|Cryogonal|59/100
|-damage|p2a: ahhaa blud|34/100|[from] Stealth Rock
|turn|14
|
|t:|1779847679
|move|p2a: ahhaa blud|Rapid Spin|p1a: Pelipper
|-damage|p1a: Pelipper|67/100
|-boost|p2a: ahhaa blud|spe|1
|-sideend|p2: blooflazh|Toxic Spikes|[from] move: Rapid Spin|[of] p2a: ahhaa blud
|-sideend|p2: blooflazh|Stealth Rock|[from] move: Rapid Spin|[of] p2a: ahhaa blud
|move|p1a: Pelipper|Hurricane|p2a: ahhaa blud
|-damage|p2a: ahhaa blud|0 fnt
|faint|p2a: ahhaa blud
|
|-weather|RainDance|[upkeep]
|upkeep
|
|t:|1779847695
|switch|p2a: Sheldon|Shelgon, M|100/100
|turn|15
|
|t:|1779847712
|move|p2a: Sheldon|Dragon Dance|p2a: Sheldon
|-boost|p2a: Sheldon|atk|1
|-boost|p2a: Sheldon|spe|1
|move|p1a: Pelipper|Knock Off|p2a: Sheldon
|-damage|p2a: Sheldon|89/100
|-enditem|p2a: Sheldon|Eviolite|[from] move: Knock Off|[of] p1a: Pelipper
|
|-weather|RainDance|[upkeep]
|upkeep
|turn|16
|
|t:|1779847729
|move|p2a: Sheldon|Dragon Dance|p2a: Sheldon
|-boost|p2a: Sheldon|atk|1
|-boost|p2a: Sheldon|spe|1
|move|p1a: Pelipper|U-turn|p2a: Sheldon
|-damage|p2a: Sheldon|78/100
|
|t:|1779847739
|switch|p1a: Great Tusk|Great Tusk|100/100|[from] U-turn
|
|-weather|RainDance|[upkeep]
|upkeep
|turn|17
|inactive|Vegeta2464 has 90 seconds left.
|
|t:|1779847760
|move|p2a: Sheldon|Double-Edge|p1a: Great Tusk
|-damage|p1a: Great Tusk|43/100
|move|p1a: Great Tusk|Ice Fang|p2a: Sheldon
|-supereffective|p2a: Sheldon
|-damage|p2a: Sheldon|16/100
|
|-weather|RainDance|[upkeep]
|upkeep
|turn|18
|inactive|Vegeta2464 has 90 seconds left.
|
|t:|1779847779
|move|p2a: Sheldon|Double-Edge|p1a: Great Tusk
|-crit|p1a: Great Tusk
|-damage|p1a: Great Tusk|0 fnt
|faint|p1a: Great Tusk
|-end|p1a: Great Tusk|Protosynthesis|[silent]
|
|-weather|RainDance|[upkeep]
|upkeep
|
|t:|1779847798
|switch|p1a: Regieleki|Regieleki|100/100
|turn|19
|
|t:|1779847807
|-terastallize|p1a: Regieleki|Electric
|move|p1a: Regieleki|Volt Switch|p2a: Sheldon
|-resisted|p2a: Sheldon
|-damage|p2a: Sheldon|0 fnt
|faint|p2a: Sheldon
|
|t:|1779847819
|switch|p1a: Zapdos|Zapdos|10/100|[from] Volt Switch
|
|-weather|RainDance|[upkeep]
|upkeep
|
|t:|1779847823
|switch|p2a: bird 2|Porygon2|100/100
|turn|20
|
|t:|1779847835
|move|p1a: Zapdos|Thunder|p2a: bird 2
|-damage|p2a: bird 2|45/100
|move|p2a: bird 2|Tri Attack|p1a: Zapdos
|-damage|p1a: Zapdos|0 fnt
|faint|p1a: Zapdos
|
|-weather|none
|upkeep
|
|t:|1779847843
|switch|p1a: Pelipper|Pelipper, M|67/100
|-weather|RainDance|[from] ability: Drizzle|[of] p1a: Pelipper
|turn|21
|
|t:|1779847852
|move|p2a: bird 2|Tri Attack|p1a: Pelipper
|-crit|p1a: Pelipper
|-damage|p1a: Pelipper|0 fnt
|faint|p1a: Pelipper
|
|-weather|RainDance|[upkeep]
|upkeep
|
|t:|1779847869
|switch|p1a: Hatterene|Hatterene, F|78/100
|turn|22
|
|t:|1779847880
|move|p2a: bird 2|Shadow Ball|p1a: Hatterene
|-supereffective|p1a: Hatterene
|-damage|p1a: Hatterene|42/100
|-unboost|p1a: Hatterene|spd|1
|move|p1a: Hatterene|Draining Kiss|p2a: bird 2
|-damage|p2a: bird 2|26/100
|-heal|p1a: Hatterene|58/100|[from] drain|[of] p2a: bird 2
|
|-weather|RainDance|[upkeep]
|upkeep
|turn|23
|
|t:|1779847899
|move|p2a: bird 2|Shadow Ball|p1a: Hatterene
|-supereffective|p1a: Hatterene
|-damage|p1a: Hatterene|11/100
|move|p1a: Hatterene|Draining Kiss|p2a: bird 2
|-damage|p2a: bird 2|9/100
|-heal|p1a: Hatterene|26/100|[from] drain|[of] p2a: bird 2
|
|-weather|RainDance|[upkeep]
|upkeep
|turn|24
|
|t:|1779847913
|move|p2a: bird 2|Shadow Ball|p1a: Hatterene
|-supereffective|p1a: Hatterene
|-damage|p1a: Hatterene|0 fnt
|faint|p1a: Hatterene
|
|-weather|RainDance|[upkeep]
|upkeep
|
|t:|1779847916
|switch|p1a: Regieleki|Regieleki, tera:Electric|100/100
|turn|25
|
|t:|1779847946
|move|p1a: Regieleki|Supercell Slam|p2a: bird 2
|-damage|p2a: bird 2|0 fnt
|faint|p2a: bird 2
|
|-weather|none
|upkeep
|
|t:|1779847951
|switch|p2a: Scyther|Scyther, F, shiny|100/100
|turn|26
|
|t:|1779847960
|-terastallize|p2a: Scyther|Bug
|move|p1a: Regieleki|Supercell Slam|p2a: Scyther
|-damage|p2a: Scyther|0 fnt
|faint|p2a: Scyther
|
|win|Vegeta2464
|raw|Vegeta2464's rating: 1167 &rarr; <strong>1194</strong><br />(+27 for winning)
|raw|blooflazh's rating: 1188 &rarr; <strong>1161</strong><br />(-27 for losing)
|l|☆blooflazh
|player|p2|
|c|☆Vegeta2464|gg
