|j|‽sp1tf1r3
|j|☆Shimeon91
|t:|1779877110
|gametype|singles
|player|p1|sp1tf1r3|266|1232
|player|p2|Shimeon91|2|1227
|gen|9
|tier|[Gen 9] OU
|rated|
|rule|HP Percentage Mod: HP is shown in percentages
|rule|Endless Battle Clause: Forcing endless battles is banned
|rule|Species Clause: Limit one of each Pokémon
|rule|OHKO Clause: OHKO moves are banned
|rule|Evasion Items Clause: Evasion items are banned
|rule|Evasion Moves Clause: Evasion moves are banned
|rule|Evasion Abilities Clause: Evasion abilities are banned
|rule|Sleep Moves Clause: Sleep-inducing moves are banned
|clearpoke
|poke|p1|Rillaboom, M|
|poke|p1|Thundurus-Therian, M|
|poke|p1|Garganacl, F|
|poke|p1|Mandibuzz, F|
|poke|p1|Hawlucha, M|
|poke|p1|Lokix, M|
|poke|p2|Ceruledge, M|
|poke|p2|Corviknight, F|
|poke|p2|Snorlax, M|
|poke|p2|Toxicroak, M|
|poke|p2|Greninja-*, M|
|poke|p2|Ting-Lu|
|teampreview
|inactive|Battle timer is ON: inactive players will automatically lose when time's up. (requested by sp1tf1r3)
|
|t:|1779877125
|teamsize|p1|6
|teamsize|p2|6
|start
|switch|p1a: Garganacl|Garganacl, F|100/100
|switch|p2a: Ting-Lu|Ting-Lu|100/100
|-ability|p2a: Ting-Lu|Vessel of Ruin
|turn|1
|
|t:|1779877134
|switch|p1a: Mandibuzz|Mandibuzz, F|100/100
|move|p2a: Ting-Lu|Stealth Rock|p1a: Mandibuzz
|-sidestart|p1: sp1tf1r3|move: Stealth Rock
|
|upkeep
|turn|2
|
|t:|1779877138
|move|p1a: Mandibuzz|Defog|p2a: Ting-Lu
|-unboost|p2a: Ting-Lu|evasion|1
|-sideend|p1: sp1tf1r3|Stealth Rock|[from] move: Defog|[of] p1a: Mandibuzz
|move|p2a: Ting-Lu|Ruination|p1a: Mandibuzz
|-damage|p1a: Mandibuzz|51/100
|
|upkeep
|turn|3
|
|t:|1779877143
|move|p1a: Mandibuzz|U-turn|p2a: Ting-Lu
|-supereffective|p2a: Ting-Lu
|-damage|p2a: Ting-Lu|89/100
|
|t:|1779877148
|switch|p1a: Rillaboom|Rillaboom, M|100/100|[from] U-turn
|-fieldstart|move: Grassy Terrain|[from] ability: Grassy Surge|[of] p1a: Rillaboom
|move|p2a: Ting-Lu|Stealth Rock|p1a: Rillaboom
|-sidestart|p1: sp1tf1r3|move: Stealth Rock
|
|-heal|p2a: Ting-Lu|95/100|[from] Grassy Terrain
|-heal|p2a: Ting-Lu|100/100|[from] item: Leftovers
|upkeep
|turn|4
|
|t:|1779877158
|switch|p2a: Corviknight|Corviknight, F|100/100
|-ability|p2a: Corviknight|Pressure
|move|p1a: Rillaboom|Wood Hammer|p2a: Corviknight
|-resisted|p2a: Corviknight
|-damage|p2a: Corviknight|80/100
|-damage|p1a: Rillaboom|84/100|[from] item: Rocky Helmet|[of] p2a: Corviknight
|-damage|p1a: Rillaboom|76/100|[from] Recoil
|
|-heal|p1a: Rillaboom|82/100|[from] Grassy Terrain
|upkeep
|turn|5
|
|t:|1779877170
|switch|p1a: Thundurus|Thundurus-Therian, M|100/100
|move|p2a: Corviknight|U-turn|p1a: Thundurus
|-resisted|p1a: Thundurus
|-damage|p1a: Thundurus|90/100
|
|t:|1779877180
|switch|p2a: Snorlax|Snorlax, M|100/100|[from] U-turn
|
|upkeep
|turn|6
|
|t:|1779877188
|move|p1a: Thundurus|Focus Blast|p2a: Snorlax|[miss]
|-miss|p1a: Thundurus|p2a: Snorlax
|move|p2a: Snorlax|Body Slam|p1a: Thundurus
|-damage|p1a: Thundurus|30/100
|
|upkeep
|turn|7
|
|t:|1779877192
|move|p1a: Thundurus|Focus Blast|p2a: Snorlax
|-supereffective|p2a: Snorlax
|-damage|p2a: Snorlax|51/100
|-unboost|p2a: Snorlax|spd|1
|move|p2a: Snorlax|Body Slam|p1a: Thundurus
|-damage|p1a: Thundurus|0 fnt
|faint|p1a: Thundurus
|
|-heal|p2a: Snorlax|57/100|[from] Grassy Terrain
|-heal|p2a: Snorlax|63/100|[from] item: Leftovers
|-fieldend|move: Grassy Terrain
|upkeep
|
|t:|1779877200
|switch|p1a: Rillaboom|Rillaboom, M|82/100
|-damage|p1a: Rillaboom|70/100|[from] Stealth Rock
|-fieldstart|move: Grassy Terrain|[from] ability: Grassy Surge|[of] p1a: Rillaboom
|turn|8
|
|t:|1779877205
|switch|p2a: Corviknight|Corviknight, F|80/100
|-ability|p2a: Corviknight|Pressure
|move|p1a: Rillaboom|Wood Hammer|p2a: Corviknight
|-resisted|p2a: Corviknight
|-damage|p2a: Corviknight|61/100
|-damage|p1a: Rillaboom|54/100|[from] item: Rocky Helmet|[of] p2a: Corviknight
|-damage|p1a: Rillaboom|46/100|[from] Recoil
|
|-heal|p1a: Rillaboom|52/100|[from] Grassy Terrain
|upkeep
|turn|9
|
|t:|1779877210
|switch|p1a: Garganacl|Garganacl, F|100/100
|-damage|p1a: Garganacl|88/100|[from] Stealth Rock
|move|p2a: Corviknight|U-turn|p1a: Garganacl
|-damage|p1a: Garganacl|79/100
|
|t:|1779877216
|switch|p2a: Greninja|Greninja, M|100/100|[from] U-turn
|
|-heal|p1a: Garganacl|86/100|[from] Grassy Terrain
|-heal|p1a: Garganacl|92/100|[from] item: Leftovers
|upkeep
|turn|10
|
|t:|1779877221
|-terastallize|p1a: Garganacl|Fairy
|move|p2a: Greninja|Surf|p1a: Garganacl
|-damage|p1a: Garganacl|60/100
|move|p1a: Garganacl|Salt Cure|p2a: Greninja
|-damage|p2a: Greninja|79/100
|-start|p2a: Greninja|Salt Cure
|
|-heal|p2a: Greninja|85/100|[from] Grassy Terrain
|-heal|p1a: Garganacl|66/100|[from] Grassy Terrain
|-heal|p1a: Garganacl|72/100|[from] item: Leftovers
|-damage|p2a: Greninja|60/100|[from] Salt Cure
|upkeep
|turn|11
|
|t:|1779877231
|switch|p2a: Corviknight|Corviknight, F|61/100
|-ability|p2a: Corviknight|Pressure
|move|p1a: Garganacl|Stealth Rock|p2a: Corviknight
|-sidestart|p2: Shimeon91|move: Stealth Rock
|
|-heal|p1a: Garganacl|78/100|[from] Grassy Terrain
|-heal|p1a: Garganacl|84/100|[from] item: Leftovers
|upkeep
|turn|12
|
|t:|1779877240
|move|p2a: Corviknight|Roost|p2a: Corviknight
|-heal|p2a: Corviknight|100/100
|-singleturn|p2a: Corviknight|move: Roost
|move|p1a: Garganacl|Salt Cure|p2a: Corviknight
|-resisted|p2a: Corviknight
|-crit|p2a: Corviknight
|-damage|p2a: Corviknight|94/100
|-start|p2a: Corviknight|Salt Cure
|
|-heal|p2a: Corviknight|99/100|[from] Grassy Terrain
|-heal|p1a: Garganacl|91/100|[from] Grassy Terrain
|-heal|p1a: Garganacl|97/100|[from] item: Leftovers
|-damage|p2a: Corviknight|75/100|[from] Salt Cure
|-fieldend|move: Grassy Terrain
|upkeep
|turn|13
|
|t:|1779877253
|move|p2a: Corviknight|Brave Bird|p1a: Garganacl
|-crit|p1a: Garganacl
|-damage|p1a: Garganacl|63/100
|-damage|p2a: Corviknight|64/100|[from] Recoil
|move|p1a: Garganacl|Salt Cure|p2a: Corviknight
|-damage|p2a: Corviknight|55/100
|
|-heal|p1a: Garganacl|70/100|[from] item: Leftovers
|-damage|p2a: Corviknight|30/100|[from] Salt Cure
|upkeep
|turn|14
|
|t:|1779877258
|move|p2a: Corviknight|Roost|p2a: Corviknight
|-heal|p2a: Corviknight|80/100
|-singleturn|p2a: Corviknight|move: Roost
|move|p1a: Garganacl|Recover|p1a: Garganacl
|-heal|p1a: Garganacl|100/100
|
|-damage|p2a: Corviknight|55/100|[from] Salt Cure
|upkeep
|turn|15
|
|t:|1779877266
|move|p2a: Corviknight|U-turn|p1a: Garganacl
|-resisted|p1a: Garganacl
|-damage|p1a: Garganacl|96/100
|
|t:|1779877268
|switch|p2a: Ting-Lu|Ting-Lu|100/100|[from] U-turn
|-damage|p2a: Ting-Lu|94/100|[from] Stealth Rock
|-ability|p2a: Ting-Lu|Vessel of Ruin
|move|p1a: Garganacl|Salt Cure|p2a: Ting-Lu
|-resisted|p2a: Ting-Lu
|-damage|p2a: Ting-Lu|90/100
|-start|p2a: Ting-Lu|Salt Cure
|
|-heal|p2a: Ting-Lu|96/100|[from] item: Leftovers
|-heal|p1a: Garganacl|100/100|[from] item: Leftovers
|-damage|p2a: Ting-Lu|84/100|[from] Salt Cure
|upkeep
|turn|16
|
|t:|1779877284
|switch|p1a: Mandibuzz|Mandibuzz, F|51/100
|move|p2a: Ting-Lu|Whirlwind|p1a: Mandibuzz
|drag|p1a: Rillaboom|Rillaboom, M|52/100
|-damage|p1a: Rillaboom|40/100|[from] Stealth Rock
|-fieldstart|move: Grassy Terrain|[from] ability: Grassy Surge|[of] p1a: Rillaboom
|
|-heal|p1a: Rillaboom|46/100|[from] Grassy Terrain
|-heal|p2a: Ting-Lu|90/100|[from] Grassy Terrain
|-heal|p2a: Ting-Lu|96/100|[from] item: Leftovers
|-damage|p2a: Ting-Lu|84/100|[from] Salt Cure
|upkeep
|turn|17
|
|t:|1779877291
|switch|p2a: Corviknight|Corviknight, F|55/100
|-damage|p2a: Corviknight|42/100|[from] Stealth Rock
|-ability|p2a: Corviknight|Pressure
|move|p1a: Rillaboom|U-turn|p2a: Corviknight
|-resisted|p2a: Corviknight
|-damage|p2a: Corviknight|36/100
|-damage|p1a: Rillaboom|30/100|[from] item: Rocky Helmet|[of] p2a: Corviknight
|
|t:|1779877304
|switch|p1a: Hawlucha|Hawlucha, M|100/100|[from] U-turn
|-damage|p1a: Hawlucha|88/100|[from] Stealth Rock
|-enditem|p1a: Hawlucha|Grassy Seed
|-boost|p1a: Hawlucha|def|1|[from] item: Grassy Seed
|
|upkeep
|turn|18
|
|t:|1779877315
|move|p1a: Hawlucha|Swords Dance|p1a: Hawlucha
|-boost|p1a: Hawlucha|atk|2
|move|p2a: Corviknight|Roost|p2a: Corviknight
|-heal|p2a: Corviknight|86/100
|-singleturn|p2a: Corviknight|move: Roost
|
|-heal|p2a: Corviknight|93/100|[from] Grassy Terrain
|upkeep
|turn|19
|
|t:|1779877325
|move|p1a: Hawlucha|Encore|p2a: Corviknight
|-start|p2a: Corviknight|Encore
|move|p2a: Corviknight|Roost|p2a: Corviknight
|-heal|p2a: Corviknight|100/100
|-singleturn|p2a: Corviknight|move: Roost
|
|upkeep
|turn|20
|
|t:|1779877337
|switch|p2a: Ting-Lu|Ting-Lu|84/100
|-damage|p2a: Ting-Lu|78/100|[from] Stealth Rock
|-ability|p2a: Ting-Lu|Vessel of Ruin
|move|p1a: Hawlucha|Swords Dance|p1a: Hawlucha
|-boost|p1a: Hawlucha|atk|2
|
|-heal|p2a: Ting-Lu|84/100|[from] Grassy Terrain
|-heal|p2a: Ting-Lu|90/100|[from] item: Leftovers
|-fieldend|move: Grassy Terrain
|upkeep
|turn|21
|
|t:|1779877353
|move|p1a: Hawlucha|Close Combat|p2a: Ting-Lu
|-supereffective|p2a: Ting-Lu
|-damage|p2a: Ting-Lu|0 fnt
|-unboost|p1a: Hawlucha|def|1
|-unboost|p1a: Hawlucha|spd|1
|faint|p2a: Ting-Lu
|
|upkeep
|
|t:|1779877356
|switch|p2a: Corviknight|Corviknight, F|100/100
|-damage|p2a: Corviknight|88/100|[from] Stealth Rock
|-ability|p2a: Corviknight|Pressure
|turn|22
|
|t:|1779877364
|move|p1a: Hawlucha|Close Combat|p2a: Corviknight
|-damage|p2a: Corviknight|0 fnt
|-unboost|p1a: Hawlucha|def|1
|-unboost|p1a: Hawlucha|spd|1
|-damage|p1a: Hawlucha|72/100|[from] item: Rocky Helmet|[of] p2a: Corviknight
|faint|p2a: Corviknight
|
|upkeep
|
|t:|1779877372
|switch|p2a: Snorlax|Snorlax, M|63/100
|-damage|p2a: Snorlax|50/100|[from] Stealth Rock
|turn|23
|
|t:|1779877376
|-terastallize|p2a: Snorlax|Ghost
|move|p1a: Hawlucha|Close Combat|p2a: Snorlax
|-immune|p2a: Snorlax
|move|p2a: Snorlax|Body Slam|p1a: Hawlucha
|-damage|p1a: Hawlucha|0 fnt
|faint|p1a: Hawlucha
|
|-heal|p2a: Snorlax|57/100|[from] item: Leftovers
|upkeep
|
|t:|1779877389
|switch|p1a: Rillaboom|Rillaboom, M|30/100
|-damage|p1a: Rillaboom|18/100|[from] Stealth Rock
|-fieldstart|move: Grassy Terrain|[from] ability: Grassy Surge|[of] p1a: Rillaboom
|turn|24
|
|t:|1779877410
|switch|p2a: Toxicroak|Toxicroak, M|100/100
|-damage|p2a: Toxicroak|94/100|[from] Stealth Rock
|-item|p2a: Toxicroak|Air Balloon
|move|p1a: Rillaboom|Knock Off|p2a: Toxicroak
|-resisted|p2a: Toxicroak
|-damage|p2a: Toxicroak|54/100
|-enditem|p2a: Toxicroak|Air Balloon
|
|-heal|p2a: Toxicroak|60/100|[from] Grassy Terrain
|-heal|p1a: Rillaboom|24/100|[from] Grassy Terrain
|upkeep
|turn|25
|
|t:|1779877424
|switch|p1a: Mandibuzz|Mandibuzz, F|51/100
|move|p2a: Toxicroak|Poison Jab|p1a: Mandibuzz
|-damage|p1a: Mandibuzz|28/100
|
|-heal|p2a: Toxicroak|66/100|[from] Grassy Terrain
|upkeep
|turn|26
|
|t:|1779877438
|move|p2a: Toxicroak|Swords Dance|p2a: Toxicroak
|-boost|p2a: Toxicroak|atk|2
|move|p1a: Mandibuzz|Roost|p1a: Mandibuzz
|-heal|p1a: Mandibuzz|79/100
|-singleturn|p1a: Mandibuzz|move: Roost
|
|-heal|p2a: Toxicroak|72/100|[from] Grassy Terrain
|-heal|p1a: Mandibuzz|85/100|[from] Grassy Terrain
|upkeep
|turn|27
|
|t:|1779877462
|move|p2a: Toxicroak|Poison Jab|p1a: Mandibuzz
|-damage|p1a: Mandibuzz|41/100
|move|p1a: Mandibuzz|Foul Play|p2a: Toxicroak
|-resisted|p2a: Toxicroak
|-damage|p2a: Toxicroak|0 fnt
|faint|p2a: Toxicroak
|
|upkeep
|inactive|Shimeon91 has 120 seconds left.
|
|t:|1779877472
|switch|p2a: Greninja|Greninja, M|60/100
|-damage|p2a: Greninja|48/100|[from] Stealth Rock
|turn|28
|
|t:|1779877490
|move|p2a: Greninja|Surf|p1a: Mandibuzz
|-damage|p1a: Mandibuzz|5/100
|move|p1a: Mandibuzz|U-turn|p2a: Greninja
|-supereffective|p2a: Greninja
|-damage|p2a: Greninja|17/100
|
|t:|1779877498
|switch|p1a: Rillaboom|Rillaboom, M|24/100|[from] U-turn
|-damage|p1a: Rillaboom|11/100|[from] Stealth Rock
|
|-heal|p2a: Greninja|23/100|[from] Grassy Terrain
|-heal|p1a: Rillaboom|18/100|[from] Grassy Terrain
|-fieldend|move: Grassy Terrain
|upkeep
|turn|29
|
|t:|1779877515
|move|p2a: Greninja|Ice Beam|p1a: Rillaboom
|-supereffective|p1a: Rillaboom
|-damage|p1a: Rillaboom|0 fnt
|faint|p1a: Rillaboom
|-ability|p2a: Greninja|Battle Bond|boost
|-boost|p2a: Greninja|atk|1
|-boost|p2a: Greninja|spa|1
|-boost|p2a: Greninja|spe|1
|-activate|p2a: Greninja|ability: Battle Bond
|
|upkeep
|
|t:|1779877519
|switch|p1a: Lokix|Lokix, M|100/100
|-damage|p1a: Lokix|76/100|[from] Stealth Rock
|turn|30
|
|t:|1779877534
|move|p1a: Lokix|First Impression|p2a: Greninja
|-supereffective|p2a: Greninja
|-damage|p2a: Greninja|0 fnt
|faint|p2a: Greninja
|
|upkeep
|
|t:|1779877536
|switch|p2a: Ceruledge|Ceruledge, M|100/100
|turn|31
|
|t:|1779877544
|switch|p1a: Mandibuzz|Mandibuzz, F|5/100
|move|p2a: Ceruledge|Swords Dance|p2a: Ceruledge
|-boost|p2a: Ceruledge|atk|2
|
|upkeep
|turn|32
|
|t:|1779877550
|move|p2a: Ceruledge|Bitter Blade|p1a: Mandibuzz
|-damage|p1a: Mandibuzz|0 fnt
|faint|p1a: Mandibuzz
|
|upkeep
|
|t:|1779877560
|switch|p1a: Garganacl|Garganacl, F, tera:Fairy|100/100
|-damage|p1a: Garganacl|88/100|[from] Stealth Rock
|turn|33
|
|t:|1779877565
|move|p2a: Ceruledge|Bitter Blade|p1a: Garganacl
|-damage|p1a: Garganacl|19/100
|move|p1a: Garganacl|Salt Cure|p2a: Ceruledge
|-supereffective|p2a: Ceruledge
|-damage|p2a: Ceruledge|61/100
|-start|p2a: Ceruledge|Salt Cure
|
|-heal|p1a: Garganacl|25/100|[from] item: Leftovers
|-damage|p2a: Ceruledge|48/100|[from] Salt Cure
|upkeep
|turn|34
|
|t:|1779877577
|move|p1a: Garganacl|Protect|p1a: Garganacl
|-singleturn|p1a: Garganacl|Protect
|move|p2a: Ceruledge|Bitter Blade|p1a: Garganacl
|-activate|p1a: Garganacl|move: Protect
|
|-heal|p1a: Garganacl|31/100|[from] item: Leftovers
|-damage|p2a: Ceruledge|36/100|[from] Salt Cure
|upkeep
|turn|35
|
|t:|1779877587
|move|p1a: Garganacl|Protect||[still]
|-fail|p1a: Garganacl
|move|p2a: Ceruledge|Bitter Blade|p1a: Garganacl
|-damage|p1a: Garganacl|0 fnt
|-heal|p2a: Ceruledge|57/100|[from] drain|[of] p1a: Garganacl
|faint|p1a: Garganacl
|
|-damage|p2a: Ceruledge|45/100|[from] Salt Cure
|upkeep
|
|t:|1779877596
|switch|p1a: Lokix|Lokix, M|76/100
|-damage|p1a: Lokix|51/100|[from] Stealth Rock
|turn|36
|
|t:|1779877605
|move|p1a: Lokix|Knock Off|p2a: Ceruledge
|-supereffective|p2a: Ceruledge
|-damage|p2a: Ceruledge|0 fnt
|-enditem|p2a: Ceruledge|Heavy-Duty Boots|[from] move: Knock Off|[of] p1a: Lokix
|faint|p2a: Ceruledge
|
|upkeep
|inactive|Shimeon91 has 120 seconds left.
|
|t:|1779877636
|switch|p2a: Snorlax|Snorlax, M, tera:Ghost|57/100
|-damage|p2a: Snorlax|44/100|[from] Stealth Rock
|turn|37
|
|t:|1779877645
|move|p1a: Lokix|Knock Off|p2a: Snorlax
|-supereffective|p2a: Snorlax
|-damage|p2a: Snorlax|0 fnt
|-enditem|p2a: Snorlax|Leftovers|[from] move: Knock Off|[of] p1a: Lokix
|faint|p2a: Snorlax
|
|win|sp1tf1r3
|raw|sp1tf1r3's rating: 1232 &rarr; <strong>1257</strong><br />(+25 for winning)
|raw|Shimeon91's rating: 1227 &rarr; <strong>1202</strong><br />(-25 for losing)
|l|‽sp1tf1r3
|player|p1|
|l|☆Shimeon91
|player|p2|
