|j|☆claudechamp
|j|☆skibidiwatermelon
|t:|1779871569
|gametype|singles
|player|p1|claudechamp|169|1269
|player|p2|skibidiwatermelon|nurse|1336
|gen|9
|tier|[Gen 9] OU
|rated|
|rule|HP Percentage Mod: HP is shown in percentages
|rule|Endless Battle Clause: Forcing endless battles is banned
|rule|Species Clause: Limit one of each Pokémon
|rule|OHKO Clause: OHKO moves are banned
|rule|Evasion Items Clause: Evasion items are banned
|rule|Evasion Moves Clause: Evasion moves are banned
|rule|Evasion Abilities Clause: Evasion abilities are banned
|rule|Sleep Moves Clause: Sleep-inducing moves are banned
|clearpoke
|poke|p1|Gliscor, M|
|poke|p1|Ogerpon, F|
|poke|p1|Walking Wake|
|poke|p1|Blissey, F|
|poke|p1|Corviknight, F|
|poke|p1|Pecharunt|
|poke|p2|Ursaluna, F|
|poke|p2|Slowking-Galar, F|
|poke|p2|Cinderace, F|
|poke|p2|Kyurem|
|poke|p2|Landorus-Therian, M|
|poke|p2|Iron Valiant|
|teampreview
|c|☆claudechamp|hf
|inactive|Battle timer is ON: inactive players will automatically lose when time's up. (requested by claudechamp)
|
|t:|1779871580
|teamsize|p1|6
|teamsize|p2|6
|start
|switch|p1a: Gliscor|Gliscor, M|100/100
|switch|p2a: Landorus|Landorus-Therian, M|100/100
|-ability|p2a: Landorus|Intimidate|boost
|-unboost|p1a: Gliscor|atk|1
|turn|1
|
|t:|1779871584
|move|p2a: Landorus|Taunt|p1a: Gliscor
|-start|p1a: Gliscor|move: Taunt
|cant|p1a: Gliscor|move: Taunt|Spikes
|
|-status|p1a: Gliscor|tox|[from] item: Toxic Orb
|upkeep
|turn|2
|
|t:|1779871591
|switch|p1a: Walking Wake|Walking Wake|100/100
|move|p2a: Landorus|U-turn|p1a: Walking Wake
|-damage|p1a: Walking Wake|78/100
|
|t:|1779871596
|switch|p2a: Iron Valiant|Iron Valiant|100/100|[from] U-turn
|
|upkeep
|turn|3
|
|t:|1779871600
|move|p2a: Iron Valiant|Trick|p1a: Walking Wake
|-activate|p2a: Iron Valiant|move: Trick|[of] p1a: Walking Wake
|-item|p1a: Walking Wake|Choice Scarf|[from] move: Trick
|-item|p2a: Iron Valiant|Heavy-Duty Boots|[from] move: Trick
|move|p1a: Walking Wake|Surf|p2a: Iron Valiant
|-damage|p2a: Iron Valiant|3/100
|
|upkeep
|turn|4
|
|t:|1779871607
|-end|p2a: Iron Valiant|Quark Drive|[silent]
|switch|p2a: Kyurem|Kyurem|100/100
|-ability|p2a: Kyurem|Pressure
|move|p1a: Walking Wake|Surf|p2a: Kyurem
|-resisted|p2a: Kyurem
|-damage|p2a: Kyurem|87/100
|
|upkeep
|turn|5
|
|t:|1779871612
|-end|p1a: Walking Wake|Protosynthesis|[silent]
|switch|p1a: Blissey|Blissey, F|100/100
|move|p2a: Kyurem|Ice Beam|p1a: Blissey
|-damage|p1a: Blissey|88/100
|
|upkeep
|turn|6
|
|t:|1779871615
|move|p2a: Kyurem|Body Press|p1a: Blissey
|-supereffective|p1a: Blissey
|-damage|p1a: Blissey|36/100
|move|p1a: Blissey|Stealth Rock|p2a: Kyurem
|-sidestart|p2: skibidiwatermelon|move: Stealth Rock
|
|upkeep
|turn|7
|
|t:|1779871625
|move|p2a: Kyurem|Ice Beam|p1a: Blissey
|-damage|p1a: Blissey|24/100
|move|p1a: Blissey|Soft-Boiled|p1a: Blissey
|-heal|p1a: Blissey|74/100
|
|upkeep
|turn|8
|
|t:|1779871628
|move|p2a: Kyurem|Ice Beam|p1a: Blissey
|-damage|p1a: Blissey|61/100
|move|p1a: Blissey|Soft-Boiled|p1a: Blissey
|-heal|p1a: Blissey|100/100
|
|upkeep
|turn|9
|
|t:|1779871630
|move|p2a: Kyurem|Ice Beam|p1a: Blissey
|-damage|p1a: Blissey|87/100
|move|p1a: Blissey|Seismic Toss|p2a: Kyurem
|-damage|p2a: Kyurem|65/100
|
|upkeep
|turn|10
|
|t:|1779871633
|move|p2a: Kyurem|Body Press|p1a: Blissey
|-supereffective|p1a: Blissey
|-damage|p1a: Blissey|38/100
|move|p1a: Blissey|Calm Mind|p1a: Blissey
|-boost|p1a: Blissey|spa|1
|-boost|p1a: Blissey|spd|1
|
|upkeep
|turn|11
|
|t:|1779871638
|move|p2a: Kyurem|Body Press|p1a: Blissey
|-supereffective|p1a: Blissey
|-damage|p1a: Blissey|0 fnt
|faint|p1a: Blissey
|
|upkeep
|
|t:|1779871647
|switch|p1a: Walking Wake|Walking Wake|78/100
|turn|12
|
|t:|1779871653
|move|p1a: Walking Wake|Draco Meteor|p2a: Kyurem
|-supereffective|p2a: Kyurem
|-crit|p2a: Kyurem
|-damage|p2a: Kyurem|0 fnt
|-unboost|p1a: Walking Wake|spa|2
|faint|p2a: Kyurem
|
|upkeep
|c|☆skibidiwatermelon|Skull
|c|☆skibidiwatermelon|I'm av
|
|t:|1779871666
|switch|p2a: Slowking|Slowking-Galar, F|100/100
|turn|13
|
|t:|1779871670
|-end|p1a: Walking Wake|Protosynthesis|[silent]
|switch|p1a: Gliscor|Gliscor, M|100/100 tox
|-prepare|p2a: Slowking|Chilly Reception|[premajor]
|move|p2a: Slowking|Chilly Reception|p2a: Slowking
|-weather|Snowscape
|
|t:|1779871683
|switch|p2a: Ursaluna|Ursaluna, F|100/100|[from] Chilly Reception
|-damage|p2a: Ursaluna|94/100|[from] Stealth Rock
|
|-weather|Snowscape|[upkeep]
|-heal|p2a: Ursaluna|100/100|[from] item: Leftovers
|upkeep
|turn|14
|
|t:|1779871687
|switch|p1a: Ogerpon|Ogerpon, F|100/100
|move|p2a: Ursaluna|Bulk Up|p2a: Ursaluna
|-boost|p2a: Ursaluna|atk|1
|-boost|p2a: Ursaluna|def|1
|
|-weather|Snowscape|[upkeep]
|upkeep
|turn|15
|
|t:|1779871693
|move|p2a: Ursaluna|Protect|p2a: Ursaluna
|-singleturn|p2a: Ursaluna|Protect
|move|p1a: Ogerpon|Ivy Cudgel|p2a: Ursaluna
|-activate|p2a: Ursaluna|move: Protect
|
|-weather|Snowscape|[upkeep]
|upkeep
|turn|16
|
|t:|1779871698
|-terastallize|p2a: Ursaluna|Fairy
|move|p1a: Ogerpon|Ivy Cudgel|p2a: Ursaluna
|-damage|p2a: Ursaluna|78/100
|move|p2a: Ursaluna|Bulk Up|p2a: Ursaluna
|-boost|p2a: Ursaluna|atk|1
|-boost|p2a: Ursaluna|def|1
|
|-weather|Snowscape|[upkeep]
|-heal|p2a: Ursaluna|84/100|[from] item: Leftovers
|upkeep
|turn|17
|
|t:|1779871706
|switch|p1a: Pecharunt|Pecharunt|100/100
|move|p2a: Ursaluna|Bulk Up|p2a: Ursaluna
|-boost|p2a: Ursaluna|atk|1
|-boost|p2a: Ursaluna|def|1
|
|-weather|none
|-heal|p2a: Ursaluna|90/100|[from] item: Leftovers
|upkeep
|turn|18
|
|t:|1779871710
|move|p1a: Pecharunt|Malignant Chain|p2a: Ursaluna
|-supereffective|p2a: Ursaluna
|-damage|p2a: Ursaluna|51/100
|move|p2a: Ursaluna|Earthquake|p1a: Pecharunt
|-supereffective|p1a: Pecharunt
|-damage|p1a: Pecharunt|2/100
|
|-heal|p2a: Ursaluna|57/100|[from] item: Leftovers
|upkeep
|turn|19
|
|t:|1779871718
|move|p2a: Ursaluna|Protect|p2a: Ursaluna
|-singleturn|p2a: Ursaluna|Protect
|move|p1a: Pecharunt|Malignant Chain|p2a: Ursaluna
|-activate|p2a: Ursaluna|move: Protect
|
|-heal|p2a: Ursaluna|63/100|[from] item: Leftovers
|upkeep
|turn|20
|
|t:|1779871725
|move|p1a: Pecharunt|Malignant Chain|p2a: Ursaluna
|-supereffective|p2a: Ursaluna
|-damage|p2a: Ursaluna|24/100
|move|p2a: Ursaluna|Earthquake|p1a: Pecharunt
|-supereffective|p1a: Pecharunt
|-damage|p1a: Pecharunt|0 fnt
|faint|p1a: Pecharunt
|
|-heal|p2a: Ursaluna|30/100|[from] item: Leftovers
|upkeep
|
|t:|1779871737
|switch|p1a: Walking Wake|Walking Wake|78/100
|turn|21
|
|t:|1779871748
|move|p2a: Ursaluna|Protect|p2a: Ursaluna
|-singleturn|p2a: Ursaluna|Protect
|move|p1a: Walking Wake|Surf|p2a: Ursaluna
|-activate|p2a: Ursaluna|move: Protect
|
|-heal|p2a: Ursaluna|36/100|[from] item: Leftovers
|upkeep
|turn|22
|
|t:|1779871753
|move|p1a: Walking Wake|Surf|p2a: Ursaluna
|-damage|p2a: Ursaluna|8/100
|move|p2a: Ursaluna|Earthquake|p1a: Walking Wake
|-damage|p1a: Walking Wake|0 fnt
|faint|p1a: Walking Wake
|-end|p1a: Walking Wake|Protosynthesis|[silent]
|
|-heal|p2a: Ursaluna|14/100|[from] item: Leftovers
|upkeep
|
|t:|1779871755
|switch|p1a: Corviknight|Corviknight, F|100/100
|-ability|p1a: Corviknight|Pressure
|turn|23
|
|t:|1779871766
|move|p1a: Corviknight|U-turn|p2a: Ursaluna
|-resisted|p2a: Ursaluna
|-damage|p2a: Ursaluna|12/100
|
|t:|1779871772
|switch|p1a: Gliscor|Gliscor, M|100/100 tox|[from] U-turn
|move|p2a: Ursaluna|Ice Punch|p1a: Gliscor
|-supereffective|p1a: Gliscor
|-crit|p1a: Gliscor
|-damage|p1a: Gliscor|0 fnt
|faint|p1a: Gliscor
|
|-heal|p2a: Ursaluna|18/100|[from] item: Leftovers
|upkeep
|
|t:|1779871784
|switch|p1a: Ogerpon|Ogerpon, F|100/100
|turn|24
|
|t:|1779871798
|-terastallize|p1a: Ogerpon|Grass
|detailschange|p1a: Ogerpon|Ogerpon-Teal-Tera, F, tera:Grass
|-ability|p1a: Ogerpon|Embody Aspect (Teal)|boost
|-boost|p1a: Ogerpon|spe|1
|move|p2a: Ursaluna|Protect|p2a: Ursaluna
|-singleturn|p2a: Ursaluna|Protect
|move|p1a: Ogerpon|Ivy Cudgel|p2a: Ursaluna
|-activate|p2a: Ursaluna|move: Protect
|
|-heal|p2a: Ursaluna|24/100|[from] item: Leftovers
|upkeep
|turn|25
|
|t:|1779871805
|move|p1a: Ogerpon|Ivy Cudgel|p2a: Ursaluna
|-damage|p2a: Ursaluna|4/100
|move|p2a: Ursaluna|Ice Punch|p1a: Ogerpon
|-supereffective|p1a: Ogerpon
|-damage|p1a: Ogerpon|0 fnt
|faint|p1a: Ogerpon
|detailschange|p1: Ogerpon|Ogerpon, F|[silent]
|
|-heal|p2a: Ursaluna|10/100|[from] item: Leftovers
|upkeep
|
|t:|1779871811
|switch|p1a: Corviknight|Corviknight, F|100/100
|-ability|p1a: Corviknight|Pressure
|turn|26
|
|t:|1779871826
|move|p1a: Corviknight|U-turn|p2a: Ursaluna
|-resisted|p2a: Ursaluna
|-damage|p2a: Ursaluna|8/100
|move|p2a: Ursaluna|Ice Punch|p1a: Corviknight
|-damage|p1a: Corviknight|66/100
|
|-heal|p2a: Ursaluna|14/100|[from] item: Leftovers
|upkeep
|turn|27
|
|t:|1779871836
|move|p1a: Corviknight|U-turn|p2a: Ursaluna
|-resisted|p2a: Ursaluna
|-damage|p2a: Ursaluna|12/100
|move|p2a: Ursaluna|Ice Punch|p1a: Corviknight
|-damage|p1a: Corviknight|27/100
|
|-heal|p2a: Ursaluna|18/100|[from] item: Leftovers
|upkeep
|turn|28
|
|t:|1779871849
|move|p1a: Corviknight|Body Press|p2a: Ursaluna
|-resisted|p2a: Ursaluna
|-damage|p2a: Ursaluna|14/100
|move|p2a: Ursaluna|Earthquake|p1a: Corviknight
|-immune|p1a: Corviknight
|
|-heal|p2a: Ursaluna|20/100|[from] item: Leftovers
|upkeep
|turn|29
|
|t:|1779871863
|move|p1a: Corviknight|U-turn|p2a: Ursaluna
|-resisted|p2a: Ursaluna
|-damage|p2a: Ursaluna|18/100
|move|p2a: Ursaluna|Ice Punch|p1a: Corviknight
|-damage|p1a: Corviknight|0 fnt
|faint|p1a: Corviknight
|
|win|skibidiwatermelon
|raw|claudechamp's rating: 1267 &rarr; <strong>1247</strong><br />(-20 for losing)
|raw|skibidiwatermelon's rating: 1336 &rarr; <strong>1352</strong><br />(+16 for winning)
|c|☆claudechamp|gg
|l|☆skibidiwatermelon
|player|p2|
