|j|☆NUBS_SilvernNU
|j|☆bestpokemonjugg
|t:|1779941912
|gametype|singles
|player|p1|NUBS_SilvernNU|170|1301
|player|p2|bestpokemonjugg|smasher|1262
|gen|9
|tier|[Gen 9] OU
|rated|
|rule|HP Percentage Mod: HP is shown in percentages
|rule|Endless Battle Clause: Forcing endless battles is banned
|rule|Species Clause: Limit one of each Pokémon
|rule|OHKO Clause: OHKO moves are banned
|rule|Evasion Items Clause: Evasion items are banned
|rule|Evasion Moves Clause: Evasion moves are banned
|rule|Evasion Abilities Clause: Evasion abilities are banned
|rule|Sleep Moves Clause: Sleep-inducing moves are banned
|clearpoke
|poke|p1|Arcanine-Hisui, F|
|poke|p1|Raging Bolt|
|poke|p1|Iron Valiant|
|poke|p1|Ogerpon-Wellspring, F|
|poke|p1|Gliscor, F|
|poke|p1|Scizor, M|
|poke|p2|Walking Wake|
|poke|p2|Cresselia, F|
|poke|p2|Ninetales, F|
|poke|p2|Great Tusk|
|poke|p2|Raging Bolt|
|poke|p2|Iron Moth|
|teampreview
|inactive|Battle timer is ON: inactive players will automatically lose when time's up. (requested by bestpokemonjugg)
|
|t:|1779941939
|teamsize|p1|6
|teamsize|p2|6
|start
|switch|p1a: Gliscor|Gliscor, F|100/100
|switch|p2a: Ninetales|Ninetales, F|100/100
|-weather|SunnyDay|[from] ability: Drought|[of] p2a: Ninetales
|turn|1
|
|t:|1779941955
|move|p2a: Ninetales|Overheat|p1a: Gliscor
|-damage|p1a: Gliscor|9/100
|-unboost|p2a: Ninetales|spa|2
|move|p1a: Gliscor|Earthquake|p2a: Ninetales
|-supereffective|p2a: Ninetales
|-damage|p2a: Ninetales|0 fnt
|faint|p2a: Ninetales
|
|-weather|SunnyDay|[upkeep]
|-status|p1a: Gliscor|tox|[from] item: Toxic Orb
|upkeep
|
|t:|1779941965
|switch|p2a: Cresselia|Cresselia, F, shiny|100/100
|turn|2
|
|t:|1779941970
|move|p1a: Gliscor|U-turn|p2a: Cresselia
|-supereffective|p2a: Cresselia
|-damage|p2a: Cresselia|73/100
|-enditem|p2a: Cresselia|Eject Button
|
|t:|1779941976
|switch|p2a: Walking Wake|Walking Wake|100/100
|-activate|p2a: Walking Wake|ability: Protosynthesis
|-start|p2a: Walking Wake|protosynthesisspe
|
|-weather|SunnyDay|[upkeep]
|-heal|p1a: Gliscor|22/100 tox|[from] ability: Poison Heal
|upkeep
|turn|3
|
|t:|1779941986
|switch|p1a: Ogerpon|Ogerpon-Wellspring, F|100/100
|-terastallize|p2a: Walking Wake|Water
|move|p2a: Walking Wake|Hydro Steam|p1a: Ogerpon
|-immune|p1a: Ogerpon|[from] ability: Water Absorb
|
|-weather|SunnyDay|[upkeep]
|upkeep
|turn|4
|
|t:|1779941994
|-end|p2a: Walking Wake|Protosynthesis|[silent]
|switch|p2a: Cresselia|Cresselia, F, shiny|73/100
|move|p1a: Ogerpon|Swords Dance|p1a: Ogerpon
|-boost|p1a: Ogerpon|atk|2
|
|-weather|SunnyDay|[upkeep]
|upkeep
|turn|5
|
|t:|1779942009
|move|p1a: Ogerpon|Horn Leech|p2a: Cresselia
|-damage|p2a: Cresselia|5/100
|move|p2a: Cresselia|Thunder Wave|p1a: Ogerpon
|-status|p1a: Ogerpon|par
|
|-weather|SunnyDay|[upkeep]
|upkeep
|turn|6
|
|t:|1779942021
|switch|p2a: Raging Bolt|Raging Bolt|100/100
|-activate|p2a: Raging Bolt|ability: Protosynthesis
|-start|p2a: Raging Bolt|protosynthesisspa
|move|p1a: Ogerpon|Ivy Cudgel|p2a: Raging Bolt|[anim] Ivy Cudgel Water
|-resisted|p2a: Raging Bolt
|-damage|p2a: Raging Bolt|78/100
|
|-weather|SunnyDay|[upkeep]
|upkeep
|turn|7
|
|t:|1779942032
|switch|p1a: Gliscor|Gliscor, F|22/100 tox
|move|p2a: Raging Bolt|Thunderbolt|p1a: Gliscor
|-immune|p1a: Gliscor
|
|-weather|SunnyDay|[upkeep]
|-heal|p1a: Gliscor|34/100 tox|[from] ability: Poison Heal
|upkeep
|turn|8
|
|t:|1779942036
|switch|p1a: Ogerpon|Ogerpon-Wellspring, F|100/100 par
|move|p2a: Raging Bolt|Dragon Pulse|p1a: Ogerpon
|-damage|p1a: Ogerpon|6/100 par
|-damage|p2a: Raging Bolt|68/100|[from] item: Life Orb
|
|-weather|none
|-end|p2a: Raging Bolt|Protosynthesis
|upkeep
|turn|9
|
|t:|1779942043
|move|p2a: Raging Bolt|Thunderclap|p1a: Ogerpon
|-damage|p1a: Ogerpon|0 fnt
|faint|p1a: Ogerpon
|-damage|p2a: Raging Bolt|58/100|[from] item: Life Orb
|
|upkeep
|
|t:|1779942072
|switch|p1a: Iron Valiant|Iron Valiant|100/100
|-enditem|p1a: Iron Valiant|Booster Energy
|-activate|p1a: Iron Valiant|ability: Quark Drive|[fromitem]
|-start|p1a: Iron Valiant|quarkdrivespe
|turn|10
|
|t:|1779942080
|move|p2a: Raging Bolt|Thunderclap|p1a: Iron Valiant
|-damage|p1a: Iron Valiant|0 fnt
|faint|p1a: Iron Valiant
|-end|p1a: Iron Valiant|Quark Drive|[silent]
|-damage|p2a: Raging Bolt|48/100|[from] item: Life Orb
|
|upkeep
|
|t:|1779942090
|switch|p1a: Scizor|Scizor, M|100/100
|turn|11
|
|t:|1779942096
|move|p2a: Raging Bolt|Thunderbolt|p1a: Scizor
|-damage|p1a: Scizor|15/100
|-damage|p2a: Raging Bolt|38/100|[from] item: Life Orb
|move|p1a: Scizor|U-turn|p2a: Raging Bolt
|-crit|p2a: Raging Bolt
|-damage|p2a: Raging Bolt|0 fnt
|faint|p2a: Raging Bolt
|-end|p2a: Raging Bolt|Protosynthesis|[silent]
|-damage|p1a: Scizor|5/100|[from] item: Life Orb
|
|t:|1779942098
|switch|p1a: Gliscor|Gliscor, F|34/100 tox|[from] U-turn
|
|-heal|p1a: Gliscor|47/100 tox|[from] ability: Poison Heal
|upkeep
|
|t:|1779942108
|switch|p2a: Great Tusk|Great Tusk|100/100
|turn|12
|
|t:|1779942118
|switch|p1a: Scizor|Scizor, M|5/100
|move|p2a: Great Tusk|Ice Spinner|p1a: Scizor
|-resisted|p1a: Scizor
|-damage|p1a: Scizor|0 fnt
|faint|p1a: Scizor
|
|upkeep
|
|t:|1779942122
|switch|p1a: Arcanine|Arcanine-Hisui, F|100/100
|-ability|p1a: Arcanine|Intimidate|boost
|-unboost|p2a: Great Tusk|atk|1
|turn|13
|
|t:|1779942138
|-terastallize|p1a: Arcanine|Grass
|move|p1a: Arcanine|Solar Beam||[still]
|-prepare|p1a: Arcanine|Solar Beam
|-enditem|p1a: Arcanine|Power Herb
|-anim|p1a: Arcanine|Solar Beam|p2a: Great Tusk
|-supereffective|p2a: Great Tusk
|-damage|p2a: Great Tusk|0 fnt
|faint|p2a: Great Tusk
|-end|p2a: Great Tusk|Protosynthesis|[silent]
|
|upkeep
|
|t:|1779942149
|switch|p2a: Walking Wake|Walking Wake, tera:Water|100/100
|turn|14
|
|t:|1779942162
|switch|p1a: Raging Bolt|Raging Bolt|100/100
|-enditem|p1a: Raging Bolt|Booster Energy
|-activate|p1a: Raging Bolt|ability: Protosynthesis|[fromitem]
|-start|p1a: Raging Bolt|protosynthesisspa
|move|p2a: Walking Wake|Draco Meteor|p1a: Raging Bolt|[miss]
|-miss|p2a: Walking Wake|p1a: Raging Bolt
|
|upkeep
|turn|15
|
|t:|1779942173
|move|p2a: Walking Wake|Draco Meteor|p1a: Raging Bolt
|-supereffective|p1a: Raging Bolt
|-damage|p1a: Raging Bolt|0 fnt
|-unboost|p2a: Walking Wake|spa|2
|faint|p1a: Raging Bolt
|-end|p1a: Raging Bolt|Protosynthesis|[silent]
|
|upkeep
|
|t:|1779942177
|switch|p1a: Arcanine|Arcanine-Hisui, F, tera:Grass|100/100
|-ability|p1a: Arcanine|Intimidate|boost
|-unboost|p2a: Walking Wake|atk|1
|turn|16
|
|t:|1779942182
|move|p2a: Walking Wake|Draco Meteor|p1a: Arcanine
|-damage|p1a: Arcanine|43/100
|-unboost|p2a: Walking Wake|spa|2
|move|p1a: Arcanine|Power Gem|p2a: Walking Wake
|-damage|p2a: Walking Wake|59/100
|
|upkeep
|turn|17
|
|t:|1779942186
|move|p2a: Walking Wake|Draco Meteor|p1a: Arcanine
|-damage|p1a: Arcanine|2/100
|-unboost|p2a: Walking Wake|spa|2
|move|p1a: Arcanine|Power Gem|p2a: Walking Wake
|-damage|p2a: Walking Wake|20/100
|
|upkeep
|turn|18
|
|t:|1779942191
|switch|p1a: Gliscor|Gliscor, F|47/100 tox
|move|p2a: Walking Wake|Draco Meteor|p1a: Gliscor|[miss]
|-miss|p2a: Walking Wake|p1a: Gliscor
|
|-heal|p1a: Gliscor|59/100 tox|[from] ability: Poison Heal
|upkeep
|turn|19
|
|t:|1779942196
|-end|p2a: Walking Wake|Protosynthesis|[silent]
|switch|p2a: Cresselia|Cresselia, F, shiny|5/100
|move|p1a: Gliscor|Stealth Rock|p2a: Cresselia
|-sidestart|p2: bestpokemonjugg|move: Stealth Rock
|
|-heal|p1a: Gliscor|71/100 tox|[from] ability: Poison Heal
|upkeep
|turn|20
|
|t:|1779942208
|move|p1a: Gliscor|U-turn|p2a: Cresselia
|-supereffective|p2a: Cresselia
|-damage|p2a: Cresselia|0 fnt
|faint|p2a: Cresselia
|
|t:|1779942210
|switch|p1a: Arcanine|Arcanine-Hisui, F, tera:Grass|2/100|[from] U-turn
|
|upkeep
|
|t:|1779942215
|switch|p2a: Walking Wake|Walking Wake, tera:Water|20/100
|-damage|p2a: Walking Wake|7/100|[from] Stealth Rock
|turn|21
|
|t:|1779942219
|move|p2a: Walking Wake|Dragon Pulse|p1a: Arcanine
|-damage|p1a: Arcanine|0 fnt
|faint|p1a: Arcanine
|
|upkeep
|
|t:|1779942223
|switch|p1a: Gliscor|Gliscor, F|71/100 tox
|turn|22
|
|t:|1779942225
|move|p2a: Walking Wake|Dragon Pulse|p1a: Gliscor
|-damage|p1a: Gliscor|0 fnt
|faint|p1a: Gliscor
|
|win|bestpokemonjugg
|raw|NUBS_SilvernNU's rating: 1301 &rarr; <strong>1279</strong><br />(-22 for losing)
|raw|bestpokemonjugg's rating: 1262 &rarr; <strong>1290</strong><br />(+28 for winning)
|l|☆NUBS_SilvernNU
|player|p1|
|c|☆bestpokemonjugg|Gg
|l|☆bestpokemonjugg
|player|p2|
