|j|‽asdasfewg asdasd
|j|‽Alakazam darnold
|t:|1779925673
|gametype|singles
|player|p1|asdasfewg asdasd|266|1444
|player|p2|Alakazam darnold|li|1473
|gen|9
|tier|[Gen 9] OU
|rated|
|rule|HP Percentage Mod: HP is shown in percentages
|rule|Endless Battle Clause: Forcing endless battles is banned
|rule|Species Clause: Limit one of each Pokémon
|rule|OHKO Clause: OHKO moves are banned
|rule|Evasion Items Clause: Evasion items are banned
|rule|Evasion Moves Clause: Evasion moves are banned
|rule|Evasion Abilities Clause: Evasion abilities are banned
|rule|Sleep Moves Clause: Sleep-inducing moves are banned
|clearpoke
|poke|p1|Corviknight, M|
|poke|p1|Zapdos|
|poke|p1|Clefable, M|
|poke|p1|Blaziken, M|
|poke|p1|Conkeldurr, M|
|poke|p1|Landorus-Therian, M|
|poke|p2|Golurk|
|poke|p2|Ogerpon-Wellspring, F|
|poke|p2|Mandibuzz, F|
|poke|p2|Garganacl, F|
|poke|p2|Iron Crown|
|poke|p2|Enamorus, F|
|teampreview
|inactive|Battle timer is ON: inactive players will automatically lose when time's up. (requested by asdasfewg asdasd)
|
|t:|1779925687
|teamsize|p1|6
|teamsize|p2|6
|start
|switch|p1a: Conkeldurr|Conkeldurr, M|100/100
|switch|p2a: Ogerpon|Ogerpon-Wellspring, F|100/100
|turn|1
|
|t:|1779925693
|move|p2a: Ogerpon|Knock Off|p1a: Conkeldurr
|-resisted|p1a: Conkeldurr
|-damage|p1a: Conkeldurr|85/100
|-enditem|p1a: Conkeldurr|Assault Vest|[from] move: Knock Off|[of] p2a: Ogerpon
|move|p1a: Conkeldurr|Drain Punch|p2a: Ogerpon
|-crit|p2a: Ogerpon
|-damage|p2a: Ogerpon|6/100
|-heal|p1a: Conkeldurr|100/100|[from] drain|[of] p2a: Ogerpon
|
|upkeep
|turn|2
|
|t:|1779925703
|switch|p2a: Enamorus|Enamorus, F|100/100
|move|p1a: Conkeldurr|Mach Punch|p2a: Enamorus
|-resisted|p2a: Enamorus
|-damage|p2a: Enamorus|90/100
|
|upkeep
|turn|3
|
|t:|1779925708
|-terastallize|p1a: Conkeldurr|Steel
|move|p2a: Enamorus|Mystical Fire|p1a: Conkeldurr
|-supereffective|p1a: Conkeldurr
|-damage|p1a: Conkeldurr|40/100
|-unboost|p1a: Conkeldurr|spa|1
|move|p1a: Conkeldurr|Ice Punch|p2a: Enamorus
|-supereffective|p2a: Enamorus
|-damage|p2a: Enamorus|0 fnt
|faint|p2a: Enamorus
|
|upkeep
|
|t:|1779925716
|switch|p2a: Ogerpon|Ogerpon-Wellspring, F|6/100
|turn|4
|
|t:|1779925719
|switch|p2a: Golurk|Golurk|100/100
|move|p1a: Conkeldurr|Mach Punch|p2a: Golurk
|-immune|p2a: Golurk
|
|upkeep
|turn|5
|
|t:|1779925727
|switch|p1a: Corviknight|Corviknight, M|100/100
|-ability|p1a: Corviknight|Pressure
|move|p2a: Golurk|Dynamic Punch|p1a: Corviknight
|-damage|p1a: Corviknight|68/100
|-start|p1a: Corviknight|confusion
|-damage|p2a: Golurk|84/100|[from] item: Rocky Helmet|[of] p1a: Corviknight
|
|upkeep
|turn|6
|
|t:|1779925732
|switch|p1a: Landorus|Landorus-Therian, M|100/100
|-ability|p1a: Landorus|Intimidate|boost
|-unboost|p2a: Golurk|atk|1
|switch|p2a: Garganacl|Garganacl, F|100/100
|
|upkeep
|turn|7
|
|t:|1779925735
|move|p1a: Landorus|Earthquake|p2a: Garganacl
|-supereffective|p2a: Garganacl
|-damage|p2a: Garganacl|24/100
|move|p2a: Garganacl|Stealth Rock|p1a: Landorus
|-sidestart|p1: asdasfewg asdasd|move: Stealth Rock
|
|-heal|p2a: Garganacl|30/100|[from] item: Leftovers
|upkeep
|turn|8
|
|t:|1779925739
|move|p1a: Landorus|U-turn|p2a: Garganacl
|-damage|p2a: Garganacl|11/100
|
|t:|1779925741
|switch|p1a: Blaziken|Blaziken, M|100/100|[from] U-turn
|-damage|p1a: Blaziken|88/100|[from] Stealth Rock
|move|p2a: Garganacl|Recover|p2a: Garganacl
|-heal|p2a: Garganacl|61/100
|
|-heal|p1a: Blaziken|94/100|[from] item: Leftovers
|-heal|p2a: Garganacl|67/100|[from] item: Leftovers
|upkeep
|turn|9
|
|t:|1779925748
|move|p1a: Blaziken|Close Combat|p2a: Garganacl
|-supereffective|p2a: Garganacl
|-damage|p2a: Garganacl|0 fnt
|-unboost|p1a: Blaziken|def|1
|-unboost|p1a: Blaziken|spd|1
|faint|p2a: Garganacl
|
|-heal|p1a: Blaziken|99/100|[from] item: Leftovers
|-ability|p1a: Blaziken|Speed Boost|boost
|-boost|p1a: Blaziken|spe|1
|upkeep
|
|t:|1779925752
|switch|p2a: Golurk|Golurk|84/100
|turn|10
|
|t:|1779925757
|switch|p1a: Landorus|Landorus-Therian, M|100/100
|-damage|p1a: Landorus|88/100|[from] Stealth Rock
|-ability|p1a: Landorus|Intimidate|boost
|-unboost|p2a: Golurk|atk|1
|move|p2a: Golurk|Poltergeist|p1a: Landorus
|-activate|p1a: Landorus|move: Poltergeist|Leftovers
|-damage|p1a: Landorus|21/100
|
|-heal|p1a: Landorus|27/100|[from] item: Leftovers
|upkeep
|turn|11
|
|t:|1779925768
|switch|p2a: Mandibuzz|Mandibuzz, F|100/100
|move|p1a: Landorus|Earthquake|p2a: Mandibuzz
|-immune|p2a: Mandibuzz
|
|-heal|p1a: Landorus|32/100|[from] item: Leftovers
|upkeep
|turn|12
|
|t:|1779925789
|move|p1a: Landorus|Stealth Rock|p2a: Mandibuzz
|-sidestart|p2: Alakazam darnold|move: Stealth Rock
|move|p2a: Mandibuzz|Foul Play|p1a: Landorus
|-damage|p1a: Landorus|0 fnt
|faint|p1a: Landorus
|
|upkeep
|
|t:|1779925798
|switch|p1a: Conkeldurr|Conkeldurr, M, tera:Steel|40/100
|-damage|p1a: Conkeldurr|34/100|[from] Stealth Rock
|turn|13
|
|t:|1779925804
|move|p2a: Mandibuzz|Foul Play|p1a: Conkeldurr
|-damage|p1a: Conkeldurr|0 fnt
|faint|p1a: Conkeldurr
|
|upkeep
|
|t:|1779925811
|switch|p1a: Zapdos|Zapdos|100/100
|-damage|p1a: Zapdos|76/100|[from] Stealth Rock
|-ability|p1a: Zapdos|Pressure
|turn|14
|
|t:|1779925818
|switch|p2a: Golurk|Golurk|84/100
|-damage|p2a: Golurk|78/100|[from] Stealth Rock
|move|p1a: Zapdos|Thunderbolt|p2a: Golurk
|-immune|p2a: Golurk
|
|upkeep
|turn|15
|
|t:|1779925823
|move|p1a: Zapdos|Hurricane|p2a: Golurk
|-damage|p2a: Golurk|0 fnt
|faint|p2a: Golurk
|-damage|p1a: Zapdos|66/100|[from] item: Life Orb
|
|upkeep
|
|t:|1779925845
|switch|p2a: Iron Crown|Iron Crown|100/100
|-damage|p2a: Iron Crown|94/100|[from] Stealth Rock
|-enditem|p2a: Iron Crown|Booster Energy
|-activate|p2a: Iron Crown|ability: Quark Drive|[fromitem]
|-start|p2a: Iron Crown|quarkdrivespe
|turn|16
|
|t:|1779925856
|move|p2a: Iron Crown|Calm Mind|p2a: Iron Crown
|-boost|p2a: Iron Crown|spa|1
|-boost|p2a: Iron Crown|spd|1
|move|p1a: Zapdos|Heat Wave|p2a: Iron Crown
|-supereffective|p2a: Iron Crown
|-damage|p2a: Iron Crown|40/100
|-damage|p1a: Zapdos|56/100|[from] item: Life Orb
|
|upkeep
|turn|17
|inactive|Alakazam darnold has 120 seconds left.
|
|t:|1779925890
|move|p2a: Iron Crown|Psyshock|p1a: Zapdos
|-damage|p1a: Zapdos|0 fnt
|faint|p1a: Zapdos
|
|upkeep
|
|t:|1779925905
|switch|p1a: Clefable|Clefable, M|100/100
|-damage|p1a: Clefable|88/100|[from] Stealth Rock
|turn|18
|
|t:|1779925916
|move|p2a: Iron Crown|Tachyon Cutter|p1a: Clefable
|-supereffective|p1a: Clefable
|-damage|p1a: Clefable|53/100
|-supereffective|p1a: Clefable
|-damage|p1a: Clefable|22/100
|-hitcount|p1a: Clefable|2
|move|p1a: Clefable|Moonblast|p2a: Iron Crown
|-resisted|p2a: Iron Crown
|-damage|p2a: Iron Crown|25/100
|
|-heal|p1a: Clefable|28/100|[from] item: Leftovers
|upkeep
|turn|19
|inactive|asdasfewg asdasd has 120 seconds left.
|inactive|asdasfewg asdasd has 90 seconds left.
|
|t:|1779925985
|move|p2a: Iron Crown|Tachyon Cutter|p1a: Clefable
|-supereffective|p1a: Clefable
|-damage|p1a: Clefable|0 fnt
|faint|p1a: Clefable
|-hitcount|p1: Clefable|1
|
|upkeep
|
|t:|1779925990
|switch|p1a: Corviknight|Corviknight, M|68/100
|-damage|p1a: Corviknight|55/100|[from] Stealth Rock
|-ability|p1a: Corviknight|Pressure
|turn|20
|
|t:|1779926001
|move|p2a: Iron Crown|Calm Mind|p2a: Iron Crown
|-boost|p2a: Iron Crown|spa|1
|-boost|p2a: Iron Crown|spd|1
|move|p1a: Corviknight|Roost|p1a: Corviknight
|-heal|p1a: Corviknight|100/100
|-singleturn|p1a: Corviknight|move: Roost
|
|upkeep
|turn|21
|
|t:|1779926005
|move|p2a: Iron Crown|Focus Blast|p1a: Corviknight
|-damage|p1a: Corviknight|28/100
|move|p1a: Corviknight|Iron Head|p2a: Iron Crown
|-resisted|p2a: Iron Crown
|-damage|p2a: Iron Crown|12/100
|
|upkeep
|turn|22
|
|t:|1779926010
|move|p2a: Iron Crown|Tachyon Cutter|p1a: Corviknight
|-resisted|p1a: Corviknight
|-damage|p1a: Corviknight|5/100
|-resisted|p1a: Corviknight
|-damage|p1a: Corviknight|0 fnt
|faint|p1a: Corviknight
|-hitcount|p1: Corviknight|2
|
|upkeep
|
|t:|1779926012
|switch|p1a: Blaziken|Blaziken, M|99/100
|-damage|p1a: Blaziken|88/100|[from] Stealth Rock
|turn|23
|
|t:|1779926016
|move|p1a: Blaziken|Protect|p1a: Blaziken
|-singleturn|p1a: Blaziken|Protect
|move|p2a: Iron Crown|Psyshock|p1a: Blaziken
|-activate|p1a: Blaziken|move: Protect
|
|-heal|p1a: Blaziken|94/100|[from] item: Leftovers
|-ability|p1a: Blaziken|Speed Boost|boost
|-boost|p1a: Blaziken|spe|1
|upkeep
|turn|24
|
|t:|1779926018
|move|p1a: Blaziken|Protect||[still]
|-fail|p1a: Blaziken
|move|p2a: Iron Crown|Psyshock|p1a: Blaziken
|-supereffective|p1a: Blaziken
|-damage|p1a: Blaziken|0 fnt
|faint|p1a: Blaziken
|
|win|Alakazam darnold
|raw|asdasfewg asdasd's rating: 1444 &rarr; <strong>1426</strong><br />(-18 for losing)
|raw|Alakazam darnold's rating: 1473 &rarr; <strong>1491</strong><br />(+18 for winning)
|l|‽asdasfewg asdasd
|player|p1|
