|j|☆choispecs ironmoth
|j|☆no ratings
|t:|1779962598
|gametype|singles
|player|p1|choispecs ironmoth|lucas|1506
|player|p2|no ratings|policeman-gen4|1508
|gen|9
|tier|[Gen 9] OU
|rated|
|rule|HP Percentage Mod: HP is shown in percentages
|rule|Endless Battle Clause: Forcing endless battles is banned
|rule|Species Clause: Limit one of each Pokémon
|rule|OHKO Clause: OHKO moves are banned
|rule|Evasion Items Clause: Evasion items are banned
|rule|Evasion Moves Clause: Evasion moves are banned
|rule|Evasion Abilities Clause: Evasion abilities are banned
|rule|Sleep Moves Clause: Sleep-inducing moves are banned
|clearpoke
|poke|p1|Kyurem|
|poke|p1|Cinderace, M|
|poke|p1|Kingambit, F|
|poke|p1|Landorus-Therian, M|
|poke|p1|Iron Valiant|
|poke|p1|Slowking-Galar, F|
|poke|p2|Keldeo-Resolute|
|poke|p2|Iron Crown|
|poke|p2|Gliscor, F|
|poke|p2|Samurott-Hisui, F|
|poke|p2|Mandibuzz, F|
|poke|p2|Empoleon, F|
|teampreview
|inactive|Battle timer is ON: inactive players will automatically lose when time's up. (requested by choispecs ironmoth)
|
|t:|1779962622
|teamsize|p1|6
|teamsize|p2|6
|start
|switch|p1a: Cinderace|Cinderace, M|100/100
|switch|p2a: Samurott|Samurott-Hisui, F, shiny|100/100
|turn|1
|
|t:|1779962626
|move|p2a: Samurott|Razor Shell|p1a: Cinderace
|-supereffective|p1a: Cinderace
|-crit|p1a: Cinderace
|-damage|p1a: Cinderace|0 fnt
|faint|p1a: Cinderace
|
|upkeep
|
|t:|1779962631
|switch|p1a: Kyurem|Kyurem|100/100
|-ability|p1a: Kyurem|Pressure
|turn|2
|
|t:|1779962634
|switch|p2a: Iron Crown|Iron Crown|100/100
|move|p1a: Kyurem|Freeze-Dry|p2a: Iron Crown
|-resisted|p2a: Iron Crown
|-damage|p2a: Iron Crown|88/100
|
|upkeep
|turn|3
|
|t:|1779962641
|switch|p1a: Slowking|Slowking-Galar, F|100/100
|move|p2a: Iron Crown|Tachyon Cutter|p1a: Slowking
|-damage|p1a: Slowking|86/100
|-damage|p1a: Slowking|70/100
|-hitcount|p1a: Slowking|2
|
|upkeep
|turn|4
|
|t:|1779962643
|move|p2a: Iron Crown|Future Sight|p1a: Slowking
|-start|p2a: Iron Crown|move: Future Sight
|-prepare|p1a: Slowking|Chilly Reception|[premajor]
|move|p1a: Slowking|Chilly Reception|p1a: Slowking
|-weather|Snowscape
|
|t:|1779962647
|switch|p1a: Kingambit|Kingambit, F|100/100|[from] Chilly Reception
|-activate|p1a: Kingambit|ability: Supreme Overlord
|-start|p1a: Kingambit|fallen1|[silent]
|
|-weather|Snowscape|[upkeep]
|upkeep
|turn|5
|
|t:|1779962655
|-end|p2a: Iron Crown|Quark Drive|[silent]
|switch|p2a: Keldeo|Keldeo-Resolute|100/100
|move|p1a: Kingambit|Swords Dance|p1a: Kingambit
|-boost|p1a: Kingambit|atk|2
|
|-weather|Snowscape|[upkeep]
|upkeep
|turn|6
|
|t:|1779962660
|-terastallize|p1a: Kingambit|Flying
|move|p2a: Keldeo|Secret Sword|p1a: Kingambit
|-resisted|p1a: Kingambit
|-damage|p1a: Kingambit|82/100
|move|p1a: Kingambit|Low Kick|p2a: Keldeo
|-damage|p2a: Keldeo|40/100
|
|-weather|Snowscape|[upkeep]
|-end|p1a: Kingambit|move: Future Sight
|-damage|p1a: Kingambit|15/100
|-heal|p1a: Kingambit|21/100|[from] item: Leftovers
|upkeep
|turn|7
|
|t:|1779962675
|switch|p2a: Mandibuzz|Mandibuzz, F|100/100
|move|p1a: Kingambit|Sucker Punch||[still]
|-fail|p1a: Kingambit
|
|-weather|Snowscape|[upkeep]
|-heal|p1a: Kingambit|27/100|[from] item: Leftovers
|upkeep
|turn|8
|
|t:|1779962679
|-end|p1a: Kingambit|fallen1|[silent]
|switch|p1a: Kyurem|Kyurem|100/100
|-ability|p1a: Kyurem|Pressure
|move|p2a: Mandibuzz|Foul Play|p1a: Kyurem
|-damage|p1a: Kyurem|84/100
|
|-weather|none
|upkeep
|turn|9
|
|t:|1779962683
|switch|p2a: Empoleon|Empoleon, F, shiny|100/100
|move|p1a: Kyurem|Freeze-Dry|p2a: Empoleon
|-damage|p2a: Empoleon|75/100
|
|-heal|p2a: Empoleon|81/100|[from] item: Leftovers
|upkeep
|turn|10
|
|t:|1779962688
|move|p1a: Kyurem|Earth Power|p2a: Empoleon
|-supereffective|p2a: Empoleon
|-damage|p2a: Empoleon|42/100
|move|p2a: Empoleon|Stealth Rock|p1a: Kyurem
|-sidestart|p1: choispecs ironmoth|move: Stealth Rock
|
|-heal|p2a: Empoleon|48/100|[from] item: Leftovers
|upkeep
|turn|11
|
|t:|1779962698
|switch|p1a: Slowking|Slowking-Galar, F|100/100
|switch|p2a: Samurott|Samurott-Hisui, F, shiny|100/100
|
|upkeep
|turn|12
|
|t:|1779962702
|move|p2a: Samurott|Ceaseless Edge|p1a: Slowking
|-supereffective|p1a: Slowking
|-damage|p1a: Slowking|9/100
|-sidestart|p1: choispecs ironmoth|Spikes
|-prepare|p1a: Slowking|Chilly Reception|[premajor]
|move|p1a: Slowking|Chilly Reception|p1a: Slowking
|-weather|Snowscape
|
|t:|1779962707
|switch|p1a: Kyurem|Kyurem|84/100|[from] Chilly Reception
|-damage|p1a: Kyurem|59/100|[from] Stealth Rock
|-damage|p1a: Kyurem|47/100|[from] Spikes
|-ability|p1a: Kyurem|Pressure
|
|-weather|Snowscape|[upkeep]
|upkeep
|turn|13
|
|t:|1779962727
|switch|p2a: Iron Crown|Iron Crown|88/100
|move|p1a: Kyurem|Freeze-Dry|p2a: Iron Crown
|-resisted|p2a: Iron Crown
|-damage|p2a: Iron Crown|76/100
|
|-weather|Snowscape|[upkeep]
|upkeep
|turn|14
|
|t:|1779962732
|move|p2a: Iron Crown|Tachyon Cutter|p1a: Kyurem
|-supereffective|p1a: Kyurem
|-damage|p1a: Kyurem|16/100
|-supereffective|p1a: Kyurem
|-damage|p1a: Kyurem|0 fnt
|faint|p1a: Kyurem
|-hitcount|p1: Kyurem|2
|
|-weather|Snowscape|[upkeep]
|upkeep
|
|t:|1779962739
|switch|p1a: Kingambit|Kingambit, F, tera:Flying|27/100
|-damage|p1a: Kingambit|3/100|[from] Stealth Rock
|-activate|p1a: Kingambit|ability: Supreme Overlord
|-start|p1a: Kingambit|fallen2|[silent]
|turn|15
|
|t:|1779962752
|-end|p2a: Iron Crown|Quark Drive|[silent]
|switch|p2a: Mandibuzz|Mandibuzz, F|100/100
|move|p1a: Kingambit|Swords Dance|p1a: Kingambit
|-boost|p1a: Kingambit|atk|2
|
|-weather|Snowscape|[upkeep]
|-heal|p1a: Kingambit|9/100|[from] item: Leftovers
|upkeep
|turn|16
|
|t:|1779962755
|move|p2a: Mandibuzz|Foul Play|p1a: Kingambit
|-damage|p1a: Kingambit|0 fnt
|faint|p1a: Kingambit
|-end|p1a: Kingambit|fallen2|[silent]
|
|-weather|none
|upkeep
|-message|choispecs ironmoth forfeited.
|
|win|no ratings
|raw|choispecs ironmoth's rating: 1506 &rarr; <strong>1486</strong><br />(-20 for losing)
|raw|no ratings's rating: 1508 &rarr; <strong>1528</strong><br />(+20 for winning)
|l|☆choispecs ironmoth
|player|p1|
|l|☆no ratings
|player|p2|
