|j|☆Flinchouille
|j|☆bluntsmoker3000
|t:|1779888886
|gametype|singles
|player|p1|Flinchouille|pokemaniac|1584
|player|p2|bluntsmoker3000|bugcatcher-gen4dp|1596
|gen|9
|tier|[Gen 9] OU
|rated|
|rule|HP Percentage Mod: HP is shown in percentages
|rule|Endless Battle Clause: Forcing endless battles is banned
|rule|Species Clause: Limit one of each Pokémon
|rule|OHKO Clause: OHKO moves are banned
|rule|Evasion Items Clause: Evasion items are banned
|rule|Evasion Moves Clause: Evasion moves are banned
|rule|Evasion Abilities Clause: Evasion abilities are banned
|rule|Sleep Moves Clause: Sleep-inducing moves are banned
|clearpoke
|poke|p1|Samurott-Hisui, M|
|poke|p1|Landorus-Therian, M|
|poke|p1|Zamazenta-*|
|poke|p1|Gholdengo|
|poke|p1|Slowking-Galar, F|
|poke|p1|Kyurem|
|poke|p2|Ting-Lu|
|poke|p2|Scizor, F|
|poke|p2|Tornadus-Therian, M|
|poke|p2|Raging Bolt|
|poke|p2|Alomomola, M|
|poke|p2|Hatterene, F|
|teampreview
|inactive|Battle timer is ON: inactive players will automatically lose when time's up. (requested by bluntsmoker3000)
|
|t:|1779888899
|teamsize|p1|6
|teamsize|p2|6
|start
|switch|p1a: Gholdengo|Gholdengo|100/100
|switch|p2a: Hatterene|Hatterene, F|100/100
|turn|1
|j| Mega Delibird X
|j| NoirSoumission
|
|t:|1779888907
|switch|p2a: Ting-Lu|Ting-Lu|100/100
|-ability|p2a: Ting-Lu|Vessel of Ruin
|move|p1a: Gholdengo|Trick|p2a: Ting-Lu
|-activate|p1a: Gholdengo|move: Trick|[of] p2a: Ting-Lu
|-item|p2a: Ting-Lu|Choice Scarf|[from] move: Trick
|-item|p1a: Gholdengo|Leftovers|[from] move: Trick
|
|upkeep
|turn|2
|
|t:|1779888929
|switch|p1a: Kyurem|Kyurem|100/100
|-ability|p1a: Kyurem|Pressure
|move|p2a: Ting-Lu|Stealth Rock|p1a: Kyurem
|-sidestart|p1: Flinchouille|move: Stealth Rock
|
|upkeep
|turn|3
|
|t:|1779888937
|switch|p2a: Scizor|Scizor, F|100/100
|move|p1a: Kyurem|Substitute|p1a: Kyurem
|-start|p1a: Kyurem|Substitute
|-damage|p1a: Kyurem|76/100
|
|-heal|p1a: Kyurem|82/100|[from] item: Leftovers
|upkeep
|turn|4
|
|t:|1779888943
|move|p1a: Kyurem|Protect|p1a: Kyurem
|-singleturn|p1a: Kyurem|Protect
|move|p2a: Scizor|Bullet Punch|p1a: Kyurem
|-activate|p1a: Kyurem|move: Protect
|
|-heal|p1a: Kyurem|88/100|[from] item: Leftovers
|upkeep
|turn|5
|
|t:|1779888957
|-terastallize|p1a: Kyurem|Ground
|move|p2a: Scizor|Bullet Punch|p1a: Kyurem
|-end|p1a: Kyurem|Substitute
|move|p1a: Kyurem|Earth Power|p2a: Scizor
|-damage|p2a: Scizor|40/100
|
|-heal|p1a: Kyurem|94/100|[from] item: Leftovers
|upkeep
|turn|6
|
|t:|1779888970
|move|p1a: Kyurem|Substitute|p1a: Kyurem
|-start|p1a: Kyurem|Substitute
|-damage|p1a: Kyurem|69/100
|move|p2a: Scizor|U-turn|p1a: Kyurem
|-end|p1a: Kyurem|Substitute
|
|t:|1779888972
|switch|p2a: Tornadus|Tornadus-Therian, M|100/100|[from] U-turn
|
|-heal|p1a: Kyurem|75/100|[from] item: Leftovers
|upkeep
|turn|7
|
|t:|1779888977
|move|p1a: Kyurem|Protect|p1a: Kyurem
|-singleturn|p1a: Kyurem|Protect
|move|p2a: Tornadus|Grass Knot|p1a: Kyurem
|-activate|p1a: Kyurem|move: Protect
|
|-heal|p1a: Kyurem|81/100|[from] item: Leftovers
|upkeep
|turn|8
|
|t:|1779888989
|switch|p1a: Slowking|Slowking-Galar, F, shiny|100/100
|-damage|p1a: Slowking|88/100|[from] Stealth Rock
|move|p2a: Tornadus|Nasty Plot|p2a: Tornadus
|-boost|p2a: Tornadus|spa|2
|
|-heal|p1a: Slowking|94/100|[from] item: Leftovers
|upkeep
|turn|9
|
|t:|1779888995
|-terastallize|p2a: Tornadus|Flying
|move|p2a: Tornadus|Bleakwind Storm|p1a: Slowking
|-damage|p1a: Slowking|1/100
|-damage|p2a: Tornadus|91/100|[from] item: Life Orb
|move|p1a: Slowking|Toxic|p2a: Tornadus
|-status|p2a: Tornadus|tox
|
|-heal|p1a: Slowking|7/100|[from] item: Leftovers
|-damage|p2a: Tornadus|85/100 tox|[from] psn
|upkeep
|turn|10
|inactive|Flinchouille has 120 seconds left.
|
|t:|1779889032
|move|p2a: Tornadus|Heat Wave|p1a: Slowking
|-damage|p1a: Slowking|0 fnt
|faint|p1a: Slowking
|-damage|p2a: Tornadus|75/100 tox|[from] item: Life Orb
|
|-damage|p2a: Tornadus|63/100 tox|[from] psn
|upkeep
|
|t:|1779889042
|switch|p1a: Zamazenta|Zamazenta|100/100
|-damage|p1a: Zamazenta|94/100|[from] Stealth Rock
|-ability|p1a: Zamazenta|Dauntless Shield|boost
|-boost|p1a: Zamazenta|def|1
|turn|11
|
|t:|1779889047
|switch|p2a: Hatterene|Hatterene, F|100/100
|move|p1a: Zamazenta|Stone Edge|p2a: Hatterene
|-damage|p2a: Hatterene|62/100
|-damage|p1a: Zamazenta|84/100|[from] item: Life Orb
|
|upkeep
|turn|12
|
|t:|1779889053
|switch|p2a: Alomomola|Alomomola, M|100/100
|move|p1a: Zamazenta|Heavy Slam|p2a: Alomomola
|-resisted|p2a: Alomomola
|-damage|p2a: Alomomola|88/100
|-damage|p1a: Zamazenta|75/100|[from] item: Life Orb
|
|upkeep
|turn|13
|inactive|Flinchouille has 120 seconds left.
|
|t:|1779889076
|move|p1a: Zamazenta|Close Combat|p2a: Alomomola
|-damage|p2a: Alomomola|45/100
|-unboost|p1a: Zamazenta|def|1
|-unboost|p1a: Zamazenta|spd|1
|-damage|p1a: Zamazenta|65/100|[from] item: Life Orb
|move|p2a: Alomomola|Scald|p1a: Zamazenta
|-damage|p1a: Zamazenta|47/100
|
|upkeep
|turn|14
|inactive|Flinchouille has 120 seconds left.
|
|t:|1779889083
|move|p1a: Zamazenta|Close Combat|p2a: Alomomola
|-damage|p2a: Alomomola|5/100
|-unboost|p1a: Zamazenta|def|1
|-unboost|p1a: Zamazenta|spd|1
|-damage|p1a: Zamazenta|37/100|[from] item: Life Orb
|move|p2a: Alomomola|Wish|p2a: Alomomola
|
|upkeep
|turn|15
|
|t:|1779889092
|move|p2a: Alomomola|Protect|p2a: Alomomola
|-singleturn|p2a: Alomomola|Protect
|move|p1a: Zamazenta|Heavy Slam|p2a: Alomomola
|-activate|p2a: Alomomola|move: Protect
|
|-heal|p2a: Alomomola|55/100|[from] move: Wish|[wisher] Alomomola
|upkeep
|turn|16
|
|t:|1779889103
|switch|p1a: Landorus|Landorus-Therian, M|100/100
|-damage|p1a: Landorus|88/100|[from] Stealth Rock
|-ability|p1a: Landorus|Intimidate|boost
|-unboost|p2a: Alomomola|atk|1
|move|p2a: Alomomola|Wish|p2a: Alomomola
|
|upkeep
|turn|17
|
|t:|1779889115
|move|p1a: Landorus|Earth Power|p2a: Alomomola
|-damage|p2a: Alomomola|18/100
|move|p2a: Alomomola|Flip Turn|p1a: Landorus
|-supereffective|p1a: Landorus
|-damage|p1a: Landorus|67/100
|-damage|p2a: Alomomola|2/100|[from] item: Rocky Helmet|[of] p1a: Landorus
|
|t:|1779889121
|switch|p2a: Scizor|Scizor, F|40/100|[from] Flip Turn
|
|-heal|p2a: Scizor|100/100|[from] move: Wish|[wisher] Alomomola
|upkeep
|turn|18
|
|t:|1779889126
|switch|p2a: Tornadus|Tornadus-Therian, M, tera:Flying|96/100 tox
|move|p1a: Landorus|Stealth Rock|p2a: Tornadus
|-sidestart|p2: bluntsmoker3000|move: Stealth Rock
|
|-damage|p2a: Tornadus|90/100 tox|[from] psn
|upkeep
|turn|19
|
|t:|1779889133
|move|p2a: Tornadus|Bleakwind Storm|p1a: Landorus
|-damage|p1a: Landorus|0 fnt
|faint|p1a: Landorus
|-damage|p2a: Tornadus|80/100 tox|[from] item: Life Orb
|
|-damage|p2a: Tornadus|68/100 tox|[from] psn
|upkeep
|
|t:|1779889136
|switch|p1a: Zamazenta|Zamazenta|37/100
|-damage|p1a: Zamazenta|31/100|[from] Stealth Rock
|turn|20
|
|t:|1779889148
|switch|p2a: Raging Bolt|Raging Bolt|100/100
|-damage|p2a: Raging Bolt|88/100|[from] Stealth Rock
|-enditem|p2a: Raging Bolt|Booster Energy
|-activate|p2a: Raging Bolt|ability: Protosynthesis|[fromitem]
|-start|p2a: Raging Bolt|protosynthesisspa
|move|p1a: Zamazenta|Stone Edge|p2a: Raging Bolt
|-damage|p2a: Raging Bolt|49/100
|-damage|p1a: Zamazenta|21/100|[from] item: Life Orb
|
|upkeep
|turn|21
|
|t:|1779889155
|move|p2a: Raging Bolt|Thunderclap|p1a: Zamazenta
|-crit|p1a: Zamazenta
|-damage|p1a: Zamazenta|0 fnt
|faint|p1a: Zamazenta
|
|upkeep
|
|t:|1779889157
|switch|p1a: Kyurem|Kyurem, tera:Ground|81/100
|-damage|p1a: Kyurem|75/100|[from] Stealth Rock
|-ability|p1a: Kyurem|Pressure
|turn|22
|
|t:|1779889163
|move|p1a: Kyurem|Substitute|p1a: Kyurem
|-start|p1a: Kyurem|Substitute
|-damage|p1a: Kyurem|50/100
|move|p2a: Raging Bolt|Dragon Pulse|p1a: Kyurem
|-end|p1a: Kyurem|Substitute
|
|-heal|p1a: Kyurem|56/100|[from] item: Leftovers
|upkeep
|turn|23
|
|t:|1779889168
|move|p1a: Kyurem|Protect|p1a: Kyurem
|-singleturn|p1a: Kyurem|Protect
|move|p2a: Raging Bolt|Dragon Pulse|p1a: Kyurem
|-activate|p1a: Kyurem|move: Protect
|
|-heal|p1a: Kyurem|62/100|[from] item: Leftovers
|upkeep
|turn|24
|
|t:|1779889174
|move|p1a: Kyurem|Earth Power|p2a: Raging Bolt
|-supereffective|p2a: Raging Bolt
|-crit|p2a: Raging Bolt
|-damage|p2a: Raging Bolt|0 fnt
|faint|p2a: Raging Bolt
|-end|p2a: Raging Bolt|Protosynthesis|[silent]
|
|-heal|p1a: Kyurem|68/100|[from] item: Leftovers
|upkeep
|
|t:|1779889177
|switch|p2a: Tornadus|Tornadus-Therian, M, tera:Flying|100/100 tox
|-damage|p2a: Tornadus|76/100 tox|[from] Stealth Rock
|turn|25
|
|t:|1779889183
|move|p2a: Tornadus|Grass Knot|p1a: Kyurem
|-supereffective|p1a: Kyurem
|-damage|p1a: Kyurem|0 fnt
|faint|p1a: Kyurem
|-damage|p2a: Tornadus|66/100 tox|[from] item: Life Orb
|
|-damage|p2a: Tornadus|60/100 tox|[from] psn
|upkeep
|
|t:|1779889188
|switch|p1a: Gholdengo|Gholdengo|100/100
|-damage|p1a: Gholdengo|94/100|[from] Stealth Rock
|turn|26
|
|t:|1779889193
|move|p2a: Tornadus|Heat Wave|p1a: Gholdengo
|-supereffective|p1a: Gholdengo
|-damage|p1a: Gholdengo|8/100
|-damage|p2a: Tornadus|50/100 tox|[from] item: Life Orb
|move|p1a: Gholdengo|Shadow Ball|p2a: Tornadus
|-damage|p2a: Tornadus|0 fnt
|faint|p2a: Tornadus
|
|-heal|p1a: Gholdengo|14/100|[from] item: Leftovers
|upkeep
|
|t:|1779889195
|switch|p2a: Ting-Lu|Ting-Lu|100/100
|-damage|p2a: Ting-Lu|94/100|[from] Stealth Rock
|-ability|p2a: Ting-Lu|Vessel of Ruin
|turn|27
|
|t:|1779889209
|move|p1a: Gholdengo|Make It Rain|p2a: Ting-Lu
|-damage|p2a: Ting-Lu|68/100
|-unboost|p1a: Gholdengo|spa|1
|move|p2a: Ting-Lu|Earthquake|p1a: Gholdengo
|-supereffective|p1a: Gholdengo
|-damage|p1a: Gholdengo|0 fnt
|faint|p1a: Gholdengo
|
|upkeep
|
|t:|1779889213
|switch|p1a: Samurott|Samurott-Hisui, M|100/100
|-damage|p1a: Samurott|88/100|[from] Stealth Rock
|turn|28
|
|t:|1779889217
|move|p1a: Samurott|Aqua Cutter|p2a: Ting-Lu
|-supereffective|p2a: Ting-Lu
|-damage|p2a: Ting-Lu|20/100
|move|p2a: Ting-Lu|Earthquake|p1a: Samurott
|-damage|p1a: Samurott|42/100
|
|upkeep
|turn|29
|
|t:|1779889224
|move|p1a: Samurott|Aqua Cutter|p2a: Ting-Lu
|-supereffective|p2a: Ting-Lu
|-damage|p2a: Ting-Lu|0 fnt
|faint|p2a: Ting-Lu
|
|upkeep
|
|t:|1779889225
|switch|p2a: Scizor|Scizor, F|100/100
|turn|30
|
|t:|1779889228
|move|p1a: Samurott|Ceaseless Edge|p2a: Scizor
|-damage|p2a: Scizor|56/100
|-sidestart|p2: bluntsmoker3000|Spikes
|move|p2a: Scizor|U-turn|p1a: Samurott
|-supereffective|p1a: Samurott
|-damage|p1a: Samurott|0 fnt
|faint|p1a: Samurott
|
|win|bluntsmoker3000
|raw|Flinchouille's rating: 1584 &rarr; <strong>1565</strong><br />(-19 for losing)
|raw|bluntsmoker3000's rating: 1596 &rarr; <strong>1615</strong><br />(+19 for winning)
|l|☆bluntsmoker3000
|player|p2|
|j| samurajen
|l| Mega Delibird X
