|j|☆wuweiwushi11
|j|☆viutil
|t:|1779873674
|gametype|singles
|player|p1|wuweiwushi11|elesa|1411
|player|p2|viutil|170|1361
|gen|9
|tier|[Gen 9] OU
|rated|
|rule|HP Percentage Mod: HP is shown in percentages
|rule|Endless Battle Clause: Forcing endless battles is banned
|rule|Species Clause: Limit one of each Pokémon
|rule|OHKO Clause: OHKO moves are banned
|rule|Evasion Items Clause: Evasion items are banned
|rule|Evasion Moves Clause: Evasion moves are banned
|rule|Evasion Abilities Clause: Evasion abilities are banned
|rule|Sleep Moves Clause: Sleep-inducing moves are banned
|clearpoke
|poke|p1|Sandy Shocks|
|poke|p1|Scizor, F|
|poke|p1|Manaphy|
|poke|p1|Latios, M|
|poke|p1|Ogerpon, F|
|poke|p1|Iron Jugulis|
|poke|p2|Great Tusk|
|poke|p2|Gholdengo|
|poke|p2|Ting-Lu|
|poke|p2|Iron Moth|
|poke|p2|Dragapult, F|
|poke|p2|Greninja-*, M|
|teampreview
|inactive|Battle timer is ON: inactive players will automatically lose when time's up. (requested by viutil)
|
|t:|1779873697
|teamsize|p1|6
|teamsize|p2|6
|start
|switch|p1a: Sandy Shocks|Sandy Shocks|100/100
|switch|p2a: Dragapult|Dragapult, F|100/100
|-enditem|p1a: Sandy Shocks|Booster Energy
|-activate|p1a: Sandy Shocks|ability: Protosynthesis|[fromitem]
|-start|p1a: Sandy Shocks|protosynthesisspe
|turn|1
|
|t:|1779873725
|move|p1a: Sandy Shocks|Stealth Rock|p2a: Dragapult
|-sidestart|p2: viutil|move: Stealth Rock
|move|p2a: Dragapult|Dragon Dance|p2a: Dragapult
|-boost|p2a: Dragapult|atk|1
|-boost|p2a: Dragapult|spe|1
|
|upkeep
|turn|2
|
|t:|1779873730
|move|p2a: Dragapult|Dragon Darts|p1a: Sandy Shocks
|-damage|p1a: Sandy Shocks|57/100
|-anim|p2a: Dragapult|Dragon Darts|p1a: Sandy Shocks
|-damage|p1a: Sandy Shocks|17/100
|move|p1a: Sandy Shocks|Earth Power|p2a: Dragapult
|-damage|p2a: Dragapult|46/100
|-unboost|p2a: Dragapult|spd|1
|
|upkeep
|turn|3
|
|t:|1779873739
|move|p2a: Dragapult|Dragon Darts|p1a: Sandy Shocks
|-damage|p1a: Sandy Shocks|0 fnt
|faint|p1a: Sandy Shocks
|-end|p1a: Sandy Shocks|Protosynthesis|[silent]
|
|upkeep
|
|t:|1779873741
|switch|p1a: Scizor|Scizor, F|100/100
|turn|4
|
|t:|1779873747
|switch|p2a: Great Tusk|Great Tusk|100/100
|move|p1a: Scizor|Bullet Punch|p2a: Great Tusk
|-damage|p2a: Great Tusk|75/100
|
|upkeep
|turn|5
|
|t:|1779873753
|switch|p1a: Ogerpon|Ogerpon, F|100/100
|move|p2a: Great Tusk|Rapid Spin|p1a: Ogerpon
|-damage|p1a: Ogerpon|76/100
|-boost|p2a: Great Tusk|spe|1
|-sideend|p2: viutil|Stealth Rock|[from] move: Rapid Spin|[of] p2a: Great Tusk
|-enditem|p1a: Ogerpon|Mirror Herb
|-boost|p1a: Ogerpon|spe|1|[from] item: Mirror Herb
|
|upkeep
|turn|6
|
|t:|1779873767
|move|p1a: Ogerpon|Swords Dance|p1a: Ogerpon
|-boost|p1a: Ogerpon|atk|2
|move|p2a: Great Tusk|Ice Spinner|p1a: Ogerpon
|-supereffective|p1a: Ogerpon
|-damage|p1a: Ogerpon|4/100
|
|upkeep
|turn|7
|inactive|viutil has 120 seconds left.
|
|t:|1779873800
|-end|p2a: Great Tusk|Protosynthesis|[silent]
|switch|p2a: Dragapult|Dragapult, F|46/100
|move|p1a: Ogerpon|Ivy Cudgel|p2a: Dragapult
|-resisted|p2a: Dragapult
|-damage|p2a: Dragapult|0 fnt
|faint|p2a: Dragapult
|
|upkeep
|
|t:|1779873803
|switch|p2a: Gholdengo|Gholdengo|100/100
|turn|8
|
|t:|1779873810
|-terastallize|p2a: Gholdengo|Flying
|move|p1a: Ogerpon|Ivy Cudgel|p2a: Gholdengo
|-resisted|p2a: Gholdengo
|-damage|p2a: Gholdengo|40/100
|move|p2a: Gholdengo|Shadow Ball|p1a: Ogerpon
|-damage|p1a: Ogerpon|0 fnt
|faint|p1a: Ogerpon
|
|upkeep
|
|t:|1779873819
|switch|p1a: Latios|Latios, M|100/100
|turn|9
|
|t:|1779873823
|move|p2a: Gholdengo|Shadow Ball|p1a: Latios
|-supereffective|p1a: Latios
|-damage|p1a: Latios|29/100
|-enditem|p1a: Latios|Weakness Policy
|-boost|p1a: Latios|atk|2|[from] item: Weakness Policy
|-boost|p1a: Latios|spa|2|[from] item: Weakness Policy
|move|p1a: Latios|Agility|p1a: Latios
|-boost|p1a: Latios|spe|2
|
|upkeep
|turn|10
|
|t:|1779873832
|move|p1a: Latios|Stored Power|p2a: Gholdengo
|-damage|p2a: Gholdengo|0 fnt
|faint|p2a: Gholdengo
|
|upkeep
|
|t:|1779873844
|switch|p2a: Ting-Lu|Ting-Lu|100/100
|-ability|p2a: Ting-Lu|Vessel of Ruin
|turn|11
|
|t:|1779873846
|move|p1a: Latios|Aura Sphere|p2a: Ting-Lu
|-supereffective|p2a: Ting-Lu
|-damage|p2a: Ting-Lu|56/100
|move|p2a: Ting-Lu|Whirlwind|p1a: Latios
|drag|p1a: Manaphy|Manaphy|100/100
|
|-heal|p2a: Ting-Lu|62/100|[from] item: Leftovers
|upkeep
|turn|12
|
|t:|1779873852
|move|p1a: Manaphy|Tail Glow|p1a: Manaphy
|-boost|p1a: Manaphy|spa|3
|move|p2a: Ting-Lu|Whirlwind|p1a: Manaphy
|drag|p1a: Scizor|Scizor, F|100/100
|
|-heal|p2a: Ting-Lu|68/100|[from] item: Leftovers
|upkeep
|turn|13
|
|t:|1779873857
|move|p1a: Scizor|Knock Off|p2a: Ting-Lu
|-resisted|p2a: Ting-Lu
|-damage|p2a: Ting-Lu|58/100
|-enditem|p2a: Ting-Lu|Leftovers|[from] move: Knock Off|[of] p1a: Scizor
|move|p2a: Ting-Lu|Stealth Rock|p1a: Scizor
|-sidestart|p1: wuweiwushi11|move: Stealth Rock
|
|upkeep
|turn|14
|
|t:|1779873862
|move|p1a: Scizor|Swords Dance|p1a: Scizor
|-boost|p1a: Scizor|atk|2
|move|p2a: Ting-Lu|Ruination|p1a: Scizor
|-damage|p1a: Scizor|51/100
|
|upkeep
|turn|15
|
|t:|1779873875
|move|p1a: Scizor|Close Combat|p2a: Ting-Lu
|-supereffective|p2a: Ting-Lu
|-damage|p2a: Ting-Lu|0 fnt
|-unboost|p1a: Scizor|def|1
|-unboost|p1a: Scizor|spd|1
|faint|p2a: Ting-Lu
|
|upkeep
|
|t:|1779873878
|switch|p2a: Great Tusk|Great Tusk|75/100
|turn|16
|
|t:|1779873882
|move|p2a: Great Tusk|Knock Off|p1a: Scizor
|-damage|p1a: Scizor|1/100
|-enditem|p1a: Scizor|Sitrus Berry|[from] move: Knock Off|[of] p2a: Great Tusk
|move|p1a: Scizor|Close Combat|p2a: Great Tusk
|-damage|p2a: Great Tusk|14/100
|-unboost|p1a: Scizor|def|1
|-unboost|p1a: Scizor|spd|1
|
|upkeep
|turn|17
|
|t:|1779873889
|move|p1a: Scizor|Bullet Punch|p2a: Great Tusk
|-damage|p2a: Great Tusk|0 fnt
|faint|p2a: Great Tusk
|-end|p2a: Great Tusk|Protosynthesis|[silent]
|
|upkeep
|
|t:|1779873898
|switch|p2a: Greninja|Greninja, M|100/100
|turn|18
|
|t:|1779873901
|move|p1a: Scizor|Bullet Punch|p2a: Greninja
|-resisted|p2a: Greninja
|-damage|p2a: Greninja|40/100
|move|p2a: Greninja|Surf|p1a: Scizor
|-start|p2a: Greninja|typechange|Water|[from] ability: Protean
|-damage|p1a: Scizor|0 fnt
|faint|p1a: Scizor
|-damage|p2a: Greninja|30/100|[from] item: Life Orb
|
|upkeep
|
|t:|1779873907
|switch|p1a: Manaphy|Manaphy|100/100
|-damage|p1a: Manaphy|88/100|[from] Stealth Rock
|turn|19
|
|t:|1779873915
|move|p2a: Greninja|Dark Pulse|p1a: Manaphy
|-damage|p1a: Manaphy|60/100
|-damage|p2a: Greninja|20/100|[from] item: Life Orb
|move|p1a: Manaphy|Surf|p2a: Greninja
|-resisted|p2a: Greninja
|-damage|p2a: Greninja|0 fnt
|faint|p2a: Greninja
|
|upkeep
|
|t:|1779873918
|switch|p2a: Iron Moth|Iron Moth|100/100
|-enditem|p2a: Iron Moth|Booster Energy
|-activate|p2a: Iron Moth|ability: Quark Drive|[fromitem]
|-start|p2a: Iron Moth|quarkdrivespa
|turn|20
|
|t:|1779873923
|move|p1a: Manaphy|Surf|p2a: Iron Moth
|-supereffective|p2a: Iron Moth
|-damage|p2a: Iron Moth|16/100
|move|p2a: Iron Moth|Agility|p2a: Iron Moth
|-boost|p2a: Iron Moth|spe|2
|
|upkeep
|turn|21
|
|t:|1779873929
|move|p2a: Iron Moth|Sludge Wave|p1a: Manaphy
|-damage|p1a: Manaphy|0 fnt
|faint|p1a: Manaphy
|
|upkeep
|
|t:|1779873932
|switch|p1a: Iron Jugulis|Iron Jugulis|100/100
|-damage|p1a: Iron Jugulis|76/100|[from] Stealth Rock
|-enditem|p1a: Iron Jugulis|Booster Energy
|-activate|p1a: Iron Jugulis|ability: Quark Drive|[fromitem]
|-start|p1a: Iron Jugulis|quarkdrivespe
|turn|22
|
|t:|1779873936
|move|p2a: Iron Moth|Sludge Wave|p1a: Iron Jugulis
|-damage|p1a: Iron Jugulis|0 fnt
|faint|p1a: Iron Jugulis
|-end|p1a: Iron Jugulis|Quark Drive|[silent]
|
|upkeep
|
|t:|1779873940
|switch|p1a: Latios|Latios, M|29/100
|-damage|p1a: Latios|17/100|[from] Stealth Rock
|turn|23
|
|t:|1779873943
|move|p2a: Iron Moth|Fiery Dance|p1a: Latios
|-resisted|p1a: Latios
|-damage|p1a: Latios|0 fnt
|faint|p1a: Latios
|
|win|viutil
|raw|wuweiwushi11's rating: 1411 &rarr; <strong>1388</strong><br />(-23 for losing)
|raw|viutil's rating: 1361 &rarr; <strong>1384</strong><br />(+23 for winning)
|l|☆viutil
|player|p2|
|l|☆wuweiwushi11
|player|p1|
