|j|☆pikaragedd
|j|☆Kolo22
|t:|1779880159
|gametype|singles
|player|p1|pikaragedd|170|1396
|player|p2|Kolo22|169|1435
|gen|9
|tier|[Gen 9] OU
|rated|
|rule|HP Percentage Mod: HP is shown in percentages
|rule|Endless Battle Clause: Forcing endless battles is banned
|rule|Species Clause: Limit one of each Pokémon
|rule|OHKO Clause: OHKO moves are banned
|rule|Evasion Items Clause: Evasion items are banned
|rule|Evasion Moves Clause: Evasion moves are banned
|rule|Evasion Abilities Clause: Evasion abilities are banned
|rule|Sleep Moves Clause: Sleep-inducing moves are banned
|clearpoke
|poke|p1|Tyranitar, F|
|poke|p1|Cinderace, M|
|poke|p1|Lokix, M|
|poke|p1|Latios, M|
|poke|p1|Magnezone|
|poke|p1|Alomomola, M|
|poke|p2|Heatran, F|
|poke|p2|Clodsire, F|
|poke|p2|Pecharunt|
|poke|p2|Chesnaught, F|
|poke|p2|Greninja-*, F|
|poke|p2|Slowking, M|
|teampreview
|inactive|Battle timer is ON: inactive players will automatically lose when time's up. (requested by pikaragedd)
|
|t:|1779880175
|teamsize|p1|6
|teamsize|p2|6
|start
|switch|p1a: Latios|Latios, M|100/100
|switch|p2a: Chesnaught|Chesnaught, F|100/100
|turn|1
|
|t:|1779880188
|switch|p2a: Slowking|Slowking, M|100/100
|move|p1a: Latios|Trick|p2a: Slowking
|-activate|p1a: Latios|move: Trick|[of] p2a: Slowking
|-item|p2a: Slowking|Choice Scarf|[from] move: Trick
|-item|p1a: Latios|Heavy-Duty Boots|[from] move: Trick
|
|upkeep
|turn|2
|
|t:|1779880204
|switch|p1a: Magnezone|Magnezone|100/100
|move|p2a: Slowking|Thunder Wave|p1a: Magnezone|[miss]
|-miss|p2a: Slowking|p1a: Magnezone
|
|upkeep
|turn|3
|
|t:|1779880213
|switch|p2a: Clodsire|Clodsire, F|100/100
|move|p1a: Magnezone|Flash Cannon|p2a: Clodsire
|-damage|p2a: Clodsire|76/100
|
|upkeep
|turn|4
|
|t:|1779880236
|switch|p1a: Lokix|Lokix, M|100/100
|move|p2a: Clodsire|Toxic|p1a: Lokix
|-status|p1a: Lokix|tox
|
|-damage|p1a: Lokix|95/100 tox|[from] psn
|upkeep
|turn|5
|
|t:|1779880246
|switch|p2a: Chesnaught|Chesnaught, F|100/100
|move|p1a: Lokix|Swords Dance|p1a: Lokix
|-boost|p1a: Lokix|atk|2
|
|-damage|p1a: Lokix|83/100 tox|[from] psn
|upkeep
|turn|6
|
|t:|1779880256
|-terastallize|p1a: Lokix|Dark
|move|p1a: Lokix|Knock Off|p2a: Chesnaught
|-resisted|p2a: Chesnaught
|-crit|p2a: Chesnaught
|-damage|p2a: Chesnaught|0 fnt
|-damage|p1a: Lokix|66/100 tox|[from] item: Rocky Helmet|[of] p2a: Chesnaught
|-enditem|p2a: Chesnaught|Rocky Helmet|[from] move: Knock Off|[of] p1a: Lokix
|faint|p2a: Chesnaught
|-damage|p1a: Lokix|56/100 tox|[from] item: Life Orb
|
|-damage|p1a: Lokix|38/100 tox|[from] psn
|upkeep
|
|t:|1779880271
|switch|p2a: Pecharunt|Pecharunt|100/100
|turn|7
|
|t:|1779880275
|-terastallize|p2a: Pecharunt|Dark
|move|p1a: Lokix|Sucker Punch||[still]
|-fail|p1a: Lokix
|move|p2a: Pecharunt|Parting Shot|p1a: Lokix
|-unboost|p1a: Lokix|atk|1
|-unboost|p1a: Lokix|spa|1
|
|t:|1779880288
|switch|p2a: Greninja|Greninja, F|100/100|[from] Parting Shot
|
|-damage|p1a: Lokix|14/100 tox|[from] psn
|upkeep
|turn|8
|
|t:|1779880298
|move|p2a: Greninja|Surf|p1a: Lokix
|-start|p2a: Greninja|typechange|Water|[from] ability: Protean
|-damage|p1a: Lokix|0 fnt
|faint|p1a: Lokix
|
|upkeep
|
|t:|1779880308
|switch|p1a: Latios|Latios, M|100/100
|turn|9
|
|t:|1779880322
|switch|p2a: Slowking|Slowking, M|100/100
|move|p1a: Latios|Thunder Wave|p2a: Slowking
|-status|p2a: Slowking|par
|
|upkeep
|turn|10
|
|t:|1779880333
|switch|p1a: Magnezone|Magnezone|100/100
|move|p2a: Slowking|Future Sight|p1a: Magnezone
|-start|p2a: Slowking|move: Future Sight
|
|upkeep
|turn|11
|
|t:|1779880341
|switch|p1a: Latios|Latios, M|100/100
|switch|p2a: Clodsire|Clodsire, F|76/100
|
|upkeep
|turn|12
|
|t:|1779880351
|move|p1a: Latios|Draco Meteor|p2a: Clodsire
|-damage|p2a: Clodsire|36/100
|-unboost|p1a: Latios|spa|2
|move|p2a: Clodsire|Recover|p2a: Clodsire
|-heal|p2a: Clodsire|86/100
|
|-end|p1a: Latios|move: Future Sight
|-resisted|p1a: Latios
|-damage|p1a: Latios|78/100
|upkeep
|turn|13
|
|t:|1779880365
|move|p1a: Latios|Luster Purge|p2a: Clodsire
|-supereffective|p2a: Clodsire
|-damage|p2a: Clodsire|25/100
|move|p2a: Clodsire|Spikes|p1a: Latios
|-sidestart|p1: pikaragedd|Spikes
|
|upkeep
|turn|14
|
|t:|1779880377
|switch|p2a: Heatran|Heatran, F|100/100
|-item|p2a: Heatran|Air Balloon
|move|p1a: Latios|Luster Purge|p2a: Heatran
|-resisted|p2a: Heatran
|-damage|p2a: Heatran|88/100
|-unboost|p2a: Heatran|spd|1
|-enditem|p2a: Heatran|Air Balloon
|
|upkeep
|turn|15
|
|t:|1779880397
|move|p1a: Latios|Thunder Wave|p2a: Heatran
|-status|p2a: Heatran|par
|cant|p2a: Heatran|par
|
|upkeep
|turn|16
|
|t:|1779880405
|switch|p1a: Tyranitar|Tyranitar, F|100/100
|-damage|p1a: Tyranitar|88/100|[from] Spikes
|-weather|Sandstorm|[from] ability: Sand Stream|[of] p1a: Tyranitar
|cant|p2a: Heatran|par
|
|-weather|Sandstorm|[upkeep]
|upkeep
|turn|17
|
|t:|1779880417
|switch|p2a: Pecharunt|Pecharunt, tera:Dark|100/100
|move|p1a: Tyranitar|Knock Off|p2a: Pecharunt
|-resisted|p2a: Pecharunt
|-damage|p2a: Pecharunt|88/100
|-enditem|p2a: Pecharunt|Heavy-Duty Boots|[from] move: Knock Off|[of] p1a: Tyranitar
|
|-weather|Sandstorm|[upkeep]
|-damage|p2a: Pecharunt|82/100|[from] Sandstorm
|upkeep
|turn|18
|
|t:|1779880439
|switch|p1a: Magnezone|Magnezone|100/100
|-damage|p1a: Magnezone|88/100|[from] Spikes
|move|p2a: Pecharunt|Parting Shot|p1a: Magnezone
|-unboost|p1a: Magnezone|atk|1
|-unboost|p1a: Magnezone|spa|1
|
|t:|1779880445
|switch|p2a: Clodsire|Clodsire, F|25/100|[from] Parting Shot
|
|-weather|Sandstorm|[upkeep]
|upkeep
|turn|19
|
|t:|1779880454
|move|p1a: Magnezone|Flash Cannon|p2a: Clodsire
|-damage|p2a: Clodsire|0 fnt
|faint|p2a: Clodsire
|
|-weather|Sandstorm|[upkeep]
|upkeep
|
|t:|1779880460
|switch|p2a: Heatran|Heatran, F|88/100 par
|turn|20
|
|t:|1779880467
|move|p1a: Magnezone|Volt Switch|p2a: Heatran
|-damage|p2a: Heatran|66/100 par
|
|t:|1779880473
|switch|p1a: Cinderace|Cinderace, M|100/100|[from] Volt Switch
|move|p2a: Heatran|Magma Storm|p1a: Cinderace
|-resisted|p1a: Cinderace
|-damage|p1a: Cinderace|66/100
|-activate|p1a: Cinderace|move: Magma Storm|[of] p2a: Heatran
|
|-weather|none
|-damage|p1a: Cinderace|54/100|[from] move: Magma Storm|[partiallytrapped]
|upkeep
|turn|21
|
|t:|1779880486
|move|p1a: Cinderace|U-turn|p2a: Heatran
|-resisted|p2a: Heatran
|-damage|p2a: Heatran|62/100 par
|
|t:|1779880491
|switch|p1a: Tyranitar|Tyranitar, F|88/100|[from] U-turn
|-damage|p1a: Tyranitar|76/100|[from] Spikes
|-weather|Sandstorm|[from] ability: Sand Stream|[of] p1a: Tyranitar
|cant|p2a: Heatran|par
|
|-weather|Sandstorm|[upkeep]
|upkeep
|turn|22
|
|t:|1779880505
|switch|p2a: Pecharunt|Pecharunt, tera:Dark|82/100
|move|p1a: Tyranitar|Stone Edge|p2a: Pecharunt
|-crit|p2a: Pecharunt
|-damage|p2a: Pecharunt|37/100
|
|-weather|Sandstorm|[upkeep]
|-damage|p2a: Pecharunt|31/100|[from] Sandstorm
|upkeep
|turn|23
|
|t:|1779880514
|move|p2a: Pecharunt|Recover|p2a: Pecharunt
|-heal|p2a: Pecharunt|81/100
|move|p1a: Tyranitar|Stone Edge|p2a: Pecharunt
|-damage|p2a: Pecharunt|53/100
|
|-weather|Sandstorm|[upkeep]
|-damage|p2a: Pecharunt|47/100|[from] Sandstorm
|upkeep
|turn|24
|
|t:|1779880529
|move|p2a: Pecharunt|Recover|p2a: Pecharunt
|-heal|p2a: Pecharunt|97/100
|move|p1a: Tyranitar|Stone Edge|p2a: Pecharunt|[miss]
|-miss|p1a: Tyranitar|p2a: Pecharunt
|
|-weather|Sandstorm|[upkeep]
|-damage|p2a: Pecharunt|91/100|[from] Sandstorm
|upkeep
|turn|25
|
|t:|1779880542
|switch|p1a: Cinderace|Cinderace, M|54/100
|move|p2a: Pecharunt|Malignant Chain|p1a: Cinderace
|-damage|p1a: Cinderace|16/100
|
|-weather|none
|upkeep
|turn|26
|
|t:|1779880559
|move|p1a: Cinderace|Court Change|p1a: Cinderace
|-swapsideconditions
|-activate|p1a: Cinderace|move: Court Change
|move|p2a: Pecharunt|Malignant Chain|p1a: Cinderace
|-damage|p1a: Cinderace|0 fnt
|faint|p1a: Cinderace
|
|upkeep
|
|t:|1779880568
|switch|p1a: Magnezone|Magnezone|88/100
|turn|27
|
|t:|1779880587
|switch|p2a: Heatran|Heatran, F|62/100 par
|-damage|p2a: Heatran|50/100 par|[from] Spikes
|move|p1a: Magnezone|Volt Switch|p2a: Heatran
|-damage|p2a: Heatran|14/100 par
|
|t:|1779880603
|switch|p1a: Alomomola|Alomomola, M|100/100|[from] Volt Switch
|
|upkeep
|turn|28
|
|t:|1779880612
|move|p1a: Alomomola|Flip Turn|p2a: Heatran
|-supereffective|p2a: Heatran
|-damage|p2a: Heatran|0 fnt
|-status|p1a: Alomomola|brn|[from] ability: Flame Body|[of] p2a: Heatran
|faint|p2a: Heatran
|
|t:|1779880623
|switch|p1a: Latios|Latios, M|78/100|[from] Flip Turn
|
|upkeep
|
|t:|1779880636
|switch|p2a: Greninja|Greninja, F|100/100
|-damage|p2a: Greninja|88/100|[from] Spikes
|turn|29
|
|t:|1779880645
|switch|p1a: Alomomola|Alomomola, M|100/100 brn
|move|p2a: Greninja|Surf|p1a: Alomomola
|-start|p2a: Greninja|typechange|Water|[from] ability: Protean
|-resisted|p1a: Alomomola
|-damage|p1a: Alomomola|67/100 brn
|
|-damage|p1a: Alomomola|61/100 brn|[from] brn
|upkeep
|turn|30
|
|t:|1779880665
|move|p2a: Greninja|Surf|p1a: Alomomola
|-resisted|p1a: Alomomola
|-damage|p1a: Alomomola|27/100 brn
|move|p1a: Alomomola|Flip Turn|p2a: Greninja
|-resisted|p2a: Greninja
|-damage|p2a: Greninja|81/100
|
|t:|1779880671
|switch|p1a: Latios|Latios, M|78/100|[from] Flip Turn
|
|upkeep
|turn|31
|
|t:|1779880676
|switch|p2a: Slowking|Slowking, M|100/100 par
|-damage|p2a: Slowking|88/100 par|[from] Spikes
|move|p1a: Latios|Draco Meteor|p2a: Slowking
|-damage|p2a: Slowking|45/100 par
|-unboost|p1a: Latios|spa|2
|
|upkeep
|turn|32
|
|t:|1779880691
|move|p1a: Latios|Draco Meteor|p2a: Slowking
|-damage|p2a: Slowking|24/100 par
|-unboost|p1a: Latios|spa|2
|move|p2a: Slowking|Surf|p1a: Latios
|-resisted|p1a: Latios
|-damage|p1a: Latios|62/100
|
|upkeep
|turn|33
|
|t:|1779880701
|switch|p1a: Magnezone|Magnezone|88/100
|move|p2a: Slowking|Surf|p1a: Magnezone
|-damage|p1a: Magnezone|54/100
|
|upkeep
|turn|34
|
|t:|1779880709
|move|p1a: Magnezone|Volt Switch|p2a: Slowking
|-supereffective|p2a: Slowking
|-damage|p2a: Slowking|0 fnt
|faint|p2a: Slowking
|
|t:|1779880715
|switch|p1a: Latios|Latios, M|62/100|[from] Volt Switch
|
|upkeep
|
|t:|1779880725
|switch|p2a: Greninja|Greninja, F|81/100
|-damage|p2a: Greninja|69/100|[from] Spikes
|turn|35
|
|t:|1779880730
|switch|p1a: Alomomola|Alomomola, M|60/100 brn
|move|p2a: Greninja|U-turn|p1a: Alomomola
|-start|p2a: Greninja|typechange|Bug|[from] ability: Protean
|-damage|p1a: Alomomola|48/100 brn
|-damage|p2a: Greninja|52/100|[from] item: Rocky Helmet|[of] p1a: Alomomola
|
|t:|1779880738
|switch|p2a: Pecharunt|Pecharunt, tera:Dark|91/100|[from] U-turn
|-damage|p2a: Pecharunt|79/100|[from] Spikes
|
|-damage|p1a: Alomomola|42/100 brn|[from] brn
|upkeep
|turn|36
|
|t:|1779880749
|move|p2a: Pecharunt|Malignant Chain|p1a: Alomomola
|-damage|p1a: Alomomola|7/100 brn
|move|p1a: Alomomola|Flip Turn|p2a: Pecharunt
|-damage|p2a: Pecharunt|75/100
|
|t:|1779880758
|switch|p1a: Magnezone|Magnezone|54/100|[from] Flip Turn
|
|upkeep
|turn|37
|
|t:|1779880764
|move|p2a: Pecharunt|Recover|p2a: Pecharunt
|-heal|p2a: Pecharunt|100/100
|move|p1a: Magnezone|Thunderbolt|p2a: Pecharunt
|-damage|p2a: Pecharunt|50/100
|-status|p2a: Pecharunt|par
|
|upkeep
|turn|38
|c|☆Kolo22|lol
|-message|Kolo22 forfeited.
|
|win|pikaragedd
|raw|pikaragedd's rating: 1396 &rarr; <strong>1418</strong><br />(+22 for winning)
|raw|Kolo22's rating: 1435 &rarr; <strong>1413</strong><br />(-22 for losing)
|l|☆Kolo22
|player|p2|
|l|☆pikaragedd
|player|p1|
|j| samurajen
