|j|☆pokeoscar35
|j|☆hat_fm
|t:|1779847697
|gametype|singles
|player|p1|pokeoscar35|169|1273
|player|p2|hat_fm|pilot|1256
|gen|9
|tier|[Gen 9] OU
|rated|
|rule|HP Percentage Mod: HP is shown in percentages
|rule|Endless Battle Clause: Forcing endless battles is banned
|rule|Species Clause: Limit one of each Pokémon
|rule|OHKO Clause: OHKO moves are banned
|rule|Evasion Items Clause: Evasion items are banned
|rule|Evasion Moves Clause: Evasion moves are banned
|rule|Evasion Abilities Clause: Evasion abilities are banned
|rule|Sleep Moves Clause: Sleep-inducing moves are banned
|clearpoke
|poke|p1|Pelipper, F|
|poke|p1|Overqwil, F|
|poke|p1|Barraskewda, F|
|poke|p1|Iron Treads|
|poke|p1|Raging Bolt|
|poke|p1|Ogerpon-Wellspring, F|
|poke|p2|Zamazenta-*|
|poke|p2|Ceruledge, F|
|poke|p2|Scizor, F|
|poke|p2|Donphan, M|
|poke|p2|Lycanroc-Dusk, F|
|poke|p2|Florges, F|
|teampreview
|
|t:|1779847718
|teamsize|p1|6
|teamsize|p2|6
|start
|switch|p1a: Barraskewda|Barraskewda, F|100/100
|switch|p2a: Florges|Florges, F|100/100
|turn|1
|
|t:|1779847722
|-terastallize|p2a: Florges|Grass
|move|p1a: Barraskewda|Flip Turn|p2a: Florges
|-resisted|p2a: Florges
|-damage|p2a: Florges|69/100
|inactive|Battle timer is ON: inactive players will automatically lose when time's up. (requested by pokeoscar35)
|
|t:|1779847729
|switch|p1a: Iron Treads|Iron Treads|100/100|[from] Flip Turn
|-enditem|p1a: Iron Treads|Booster Energy
|-activate|p1a: Iron Treads|ability: Quark Drive|[fromitem]
|-start|p1a: Iron Treads|quarkdrivespe
|move|p2a: Florges|Giga Drain|p1a: Iron Treads
|-damage|p1a: Iron Treads|49/100
|-heal|p2a: Florges|95/100|[from] drain|[of] p1a: Iron Treads
|
|-heal|p2a: Florges|100/100|[from] item: Leftovers
|upkeep
|turn|2
|
|t:|1779847739
|move|p1a: Iron Treads|Stealth Rock|p2a: Florges
|-sidestart|p2: hat_fm|move: Stealth Rock
|move|p2a: Florges|Giga Drain|p1a: Iron Treads
|-damage|p1a: Iron Treads|0 fnt
|faint|p1a: Iron Treads
|-end|p1a: Iron Treads|Quark Drive|[silent]
|
|upkeep
|
|t:|1779847744
|switch|p1a: Pelipper|Pelipper, F|100/100
|-weather|RainDance|[from] ability: Drizzle|[of] p1a: Pelipper
|turn|3
|
|t:|1779847750
|move|p2a: Florges|Moonblast|p1a: Pelipper
|-damage|p1a: Pelipper|30/100
|-unboost|p1a: Pelipper|spa|1
|move|p1a: Pelipper|U-turn|p2a: Florges
|-supereffective|p2a: Florges
|-damage|p2a: Florges|77/100
|
|t:|1779847756
|switch|p1a: Overqwil|Overqwil, F|100/100|[from] U-turn
|
|-weather|RainDance|[upkeep]
|-heal|p2a: Florges|83/100|[from] item: Leftovers
|upkeep
|turn|4
|
|t:|1779847762
|switch|p2a: Scizor|Scizor, F|100/100
|-damage|p2a: Scizor|88/100|[from] Stealth Rock
|move|p1a: Overqwil|Gunk Shot|p2a: Scizor
|-immune|p2a: Scizor
|
|-weather|RainDance|[upkeep]
|upkeep
|turn|5
|
|t:|1779847770
|move|p1a: Overqwil|Liquidation|p2a: Scizor
|-damage|p2a: Scizor|30/100
|-damage|p1a: Overqwil|91/100|[from] item: Life Orb
|move|p2a: Scizor|U-turn|p1a: Overqwil
|-damage|p1a: Overqwil|35/100
|-damage|p2a: Scizor|20/100|[from] item: Life Orb
|
|t:|1779847775
|switch|p2a: Lycanroc|Lycanroc-Dusk, F|100/100|[from] U-turn
|-damage|p2a: Lycanroc|88/100|[from] Stealth Rock
|
|-weather|RainDance|[upkeep]
|upkeep
|turn|6
|
|t:|1779847800
|move|p2a: Lycanroc|Accelerock|p1a: Overqwil
|-damage|p1a: Overqwil|0 fnt
|faint|p1a: Overqwil
|-damage|p2a: Lycanroc|78/100|[from] item: Life Orb
|
|-weather|RainDance|[upkeep]
|upkeep
|
|t:|1779847803
|switch|p1a: Barraskewda|Barraskewda, F|100/100
|turn|7
|
|t:|1779847815
|move|p2a: Lycanroc|Accelerock|p1a: Barraskewda
|-damage|p1a: Barraskewda|23/100
|-damage|p2a: Lycanroc|68/100|[from] item: Life Orb
|move|p1a: Barraskewda|Liquidation|p2a: Lycanroc
|-supereffective|p2a: Lycanroc
|-damage|p2a: Lycanroc|0 fnt
|faint|p2a: Lycanroc
|
|-weather|RainDance|[upkeep]
|upkeep
|
|t:|1779847822
|switch|p2a: Scizor|Scizor, F|20/100
|-damage|p2a: Scizor|7/100|[from] Stealth Rock
|turn|8
|
|t:|1779847837
|switch|p1a: Raging Bolt|Raging Bolt|100/100
|-enditem|p1a: Raging Bolt|Booster Energy
|-activate|p1a: Raging Bolt|ability: Protosynthesis|[fromitem]
|-start|p1a: Raging Bolt|protosynthesisspa
|move|p2a: Scizor|Bullet Punch|p1a: Raging Bolt
|-resisted|p1a: Raging Bolt
|-damage|p1a: Raging Bolt|81/100
|-damage|p2a: Scizor|0 fnt|[from] item: Life Orb
|faint|p2a: Scizor
|
|-weather|RainDance|[upkeep]
|upkeep
|
|t:|1779847844
|switch|p2a: Florges|Florges, F, tera:Grass|83/100
|-damage|p2a: Florges|71/100|[from] Stealth Rock
|turn|9
|
|t:|1779847855
|move|p1a: Raging Bolt|Draco Meteor|p2a: Florges|[miss]
|-miss|p1a: Raging Bolt|p2a: Florges
|move|p2a: Florges|Calm Mind|p2a: Florges
|-boost|p2a: Florges|spa|1
|-boost|p2a: Florges|spd|1
|
|-weather|RainDance|[upkeep]
|-heal|p2a: Florges|77/100|[from] item: Leftovers
|upkeep
|turn|10
|
|t:|1779847861
|move|p1a: Raging Bolt|Calm Mind|p1a: Raging Bolt
|-boost|p1a: Raging Bolt|spa|1
|-boost|p1a: Raging Bolt|spd|1
|move|p2a: Florges|Calm Mind|p2a: Florges
|-boost|p2a: Florges|spa|1
|-boost|p2a: Florges|spd|1
|
|-weather|none
|-heal|p2a: Florges|83/100|[from] item: Leftovers
|upkeep
|turn|11
|
|t:|1779847869
|move|p2a: Florges|Giga Drain|p1a: Raging Bolt
|-resisted|p1a: Raging Bolt
|-damage|p1a: Raging Bolt|62/100
|-heal|p2a: Florges|97/100|[from] drain|[of] p1a: Raging Bolt
|move|p1a: Raging Bolt|Draco Meteor|p2a: Florges
|-damage|p2a: Florges|42/100
|-unboost|p1a: Raging Bolt|spa|2
|
|-heal|p2a: Florges|48/100|[from] item: Leftovers
|upkeep
|turn|12
|
|t:|1779847881
|-end|p1a: Raging Bolt|Protosynthesis|[silent]
|switch|p1a: Pelipper|Pelipper, F|30/100
|-weather|RainDance|[from] ability: Drizzle|[of] p1a: Pelipper
|move|p2a: Florges|Giga Drain|p1a: Pelipper
|-damage|p1a: Pelipper|0 fnt
|-heal|p2a: Florges|62/100|[from] drain|[of] p1a: Pelipper
|faint|p1a: Pelipper
|
|-weather|RainDance|[upkeep]
|-heal|p2a: Florges|68/100|[from] item: Leftovers
|upkeep
|
|t:|1779847885
|switch|p1a: Barraskewda|Barraskewda, F|23/100
|turn|13
|
|t:|1779847901
|switch|p2a: Donphan|Donphan, M|100/100
|-damage|p2a: Donphan|94/100|[from] Stealth Rock
|move|p1a: Barraskewda|Close Combat|p2a: Donphan
|-damage|p2a: Donphan|60/100
|-unboost|p1a: Barraskewda|def|1
|-unboost|p1a: Barraskewda|spd|1
|-damage|p1a: Barraskewda|7/100|[from] item: Rocky Helmet|[of] p2a: Donphan
|
|-weather|RainDance|[upkeep]
|upkeep
|turn|14
|
|t:|1779847912
|move|p1a: Barraskewda|Close Combat|p2a: Donphan
|-damage|p2a: Donphan|21/100
|-unboost|p1a: Barraskewda|def|1
|-unboost|p1a: Barraskewda|spd|1
|-damage|p1a: Barraskewda|0 fnt|[from] item: Rocky Helmet|[of] p2a: Donphan
|faint|p1a: Barraskewda
|move|p2a: Donphan|Rapid Spin|p1: Barraskewda|[notarget]
|-fail|p2a: Donphan
|
|-weather|RainDance|[upkeep]
|upkeep
|
|t:|1779847922
|switch|p1a: Ogerpon|Ogerpon-Wellspring, F|100/100
|turn|15
|
|t:|1779847933
|-terastallize|p1a: Ogerpon|Water
|detailschange|p1a: Ogerpon|Ogerpon-Wellspring-Tera, F, tera:Water
|-ability|p1a: Ogerpon|Embody Aspect (Wellspring)|boost
|-boost|p1a: Ogerpon|spd|1
|move|p1a: Ogerpon|Swords Dance|p1a: Ogerpon
|-boost|p1a: Ogerpon|atk|2
|move|p2a: Donphan|Rapid Spin|p1a: Ogerpon
|-damage|p1a: Ogerpon|82/100
|-boost|p2a: Donphan|spe|1
|-sideend|p2: hat_fm|Stealth Rock|[from] move: Rapid Spin|[of] p2a: Donphan
|
|-weather|RainDance|[upkeep]
|upkeep
|turn|16
|
|t:|1779847943
|move|p1a: Ogerpon|Horn Leech|p2a: Donphan
|-supereffective|p2a: Donphan
|-damage|p2a: Donphan|0 fnt
|-heal|p1a: Ogerpon|95/100|[from] drain|[of] p2a: Donphan
|-damage|p1a: Ogerpon|78/100|[from] item: Rocky Helmet|[of] p2a: Donphan
|faint|p2a: Donphan
|
|-weather|RainDance|[upkeep]
|upkeep
|
|t:|1779847945
|switch|p2a: Ceruledge|Ceruledge, F|100/100
|turn|17
|
|t:|1779847949
|move|p1a: Ogerpon|Ivy Cudgel|p2a: Ceruledge|[anim] Ivy Cudgel Water
|-supereffective|p2a: Ceruledge
|-enditem|p2a: Ceruledge|Focus Sash
|-damage|p2a: Ceruledge|1/100
|-ability|p2a: Ceruledge|Weak Armor|boost
|-unboost|p2a: Ceruledge|def|1
|-boost|p2a: Ceruledge|spe|2
|move|p2a: Ceruledge|Swords Dance|p2a: Ceruledge
|-boost|p2a: Ceruledge|atk|2
|
|-weather|RainDance|[upkeep]
|upkeep
|turn|18
|
|t:|1779847952
|move|p2a: Ceruledge|Poltergeist|p1a: Ogerpon
|-activate|p1a: Ogerpon|move: Poltergeist|Wellspring Mask
|-damage|p1a: Ogerpon|0 fnt
|faint|p1a: Ogerpon
|detailschange|p1: Ogerpon|Ogerpon-Wellspring, F|[silent]
|
|-weather|RainDance|[upkeep]
|upkeep
|-message|pokeoscar35 forfeited.
|
|win|hat_fm
|raw|pokeoscar35's rating: 1273 &rarr; <strong>1247</strong><br />(-26 for losing)
|raw|hat_fm's rating: 1256 &rarr; <strong>1282</strong><br />(+26 for winning)
|l|☆pokeoscar35
|player|p1|
|l|☆hat_fm
|player|p2|
