|j|☆hat_fm
|j|‽newgaem
|t:|1779849230
|gametype|singles
|player|p1|hat_fm|pilot|1364
|player|p2|newgaem|blue|1324
|gen|9
|tier|[Gen 9] OU
|rated|
|rule|HP Percentage Mod: HP is shown in percentages
|rule|Endless Battle Clause: Forcing endless battles is banned
|rule|Species Clause: Limit one of each Pokémon
|rule|OHKO Clause: OHKO moves are banned
|rule|Evasion Items Clause: Evasion items are banned
|rule|Evasion Moves Clause: Evasion moves are banned
|rule|Evasion Abilities Clause: Evasion abilities are banned
|rule|Sleep Moves Clause: Sleep-inducing moves are banned
|clearpoke
|poke|p1|Zamazenta-*|
|poke|p1|Ceruledge, F|
|poke|p1|Scizor, F|
|poke|p1|Donphan, M|
|poke|p1|Lycanroc-Dusk, M|
|poke|p1|Florges, F|
|poke|p2|Armarouge, M|
|poke|p2|Kingambit, F|
|poke|p2|Iron Valiant|
|poke|p2|Ceruledge, M|
|poke|p2|Mimikyu, F|
|poke|p2|Cyclizar, M|
|teampreview
|
|t:|1779849239
|teamsize|p1|6
|teamsize|p2|6
|start
|switch|p1a: Donphan|Donphan, M|100/100
|switch|p2a: Armarouge|Armarouge, M, shiny|100/100
|turn|1
|inactive|Battle timer is ON: inactive players will automatically lose when time's up. (requested by newgaem)
|
|t:|1779849248
|move|p2a: Armarouge|Armor Cannon|p1a: Donphan
|-damage|p1a: Donphan|17/100
|-unboost|p2a: Armarouge|def|1
|-unboost|p2a: Armarouge|spd|1
|move|p1a: Donphan|Stealth Rock|p2a: Armarouge
|-sidestart|p2: newgaem|move: Stealth Rock
|
|upkeep
|turn|2
|
|t:|1779849257
|move|p2a: Armarouge|Armor Cannon|p1a: Donphan
|-damage|p1a: Donphan|0 fnt
|-unboost|p2a: Armarouge|def|1
|-unboost|p2a: Armarouge|spd|1
|faint|p1a: Donphan
|
|upkeep
|
|t:|1779849265
|switch|p1a: Lycanroc|Lycanroc-Dusk, M|100/100
|turn|3
|
|t:|1779849291
|move|p1a: Lycanroc|Accelerock|p2a: Armarouge
|-supereffective|p2a: Armarouge
|-enditem|p2a: Armarouge|Focus Sash
|-damage|p2a: Armarouge|1/100
|-ability|p2a: Armarouge|Weak Armor|boost
|-unboost|p2a: Armarouge|def|1
|-boost|p2a: Armarouge|spe|2
|-damage|p1a: Lycanroc|91/100|[from] item: Life Orb
|move|p2a: Armarouge|Energy Ball|p1a: Lycanroc
|-supereffective|p1a: Lycanroc
|-damage|p1a: Lycanroc|0 fnt
|faint|p1a: Lycanroc
|
|upkeep
|
|t:|1779849299
|switch|p1a: Ceruledge|Ceruledge, F|100/100
|turn|4
|
|t:|1779849307
|move|p2a: Armarouge|Endure|p2a: Armarouge
|-singleturn|p2a: Armarouge|move: Endure
|move|p1a: Ceruledge|Swords Dance|p1a: Ceruledge
|-boost|p1a: Ceruledge|atk|2
|
|upkeep
|turn|5
|
|t:|1779849319
|move|p2a: Armarouge|Destiny Bond|p2a: Armarouge
|-singlemove|p2a: Armarouge|Destiny Bond
|move|p1a: Ceruledge|Swords Dance|p1a: Ceruledge
|-boost|p1a: Ceruledge|atk|2
|
|upkeep
|turn|6
|
|t:|1779849327
|move|p2a: Armarouge|Armor Cannon|p1a: Ceruledge
|-resisted|p1a: Ceruledge
|-damage|p1a: Ceruledge|63/100
|-unboost|p2a: Armarouge|def|1
|-unboost|p2a: Armarouge|spd|1
|move|p1a: Ceruledge|Swords Dance|p1a: Ceruledge
|-boost|p1a: Ceruledge|atk|2
|
|upkeep
|turn|7
|
|t:|1779849350
|move|p2a: Armarouge|Endure|p2a: Armarouge
|-singleturn|p2a: Armarouge|move: Endure
|move|p1a: Ceruledge|Swords Dance|p1a: Ceruledge
|-boost|p1a: Ceruledge|atk|0
|
|upkeep
|turn|8
|
|t:|1779849365
|move|p2a: Armarouge|Armor Cannon|p1a: Ceruledge
|-resisted|p1a: Ceruledge
|-damage|p1a: Ceruledge|26/100
|-unboost|p2a: Armarouge|def|1
|-unboost|p2a: Armarouge|spd|1
|move|p1a: Ceruledge|Swords Dance|p1a: Ceruledge
|-boost|p1a: Ceruledge|atk|0
|
|upkeep
|turn|9
|
|t:|1779849373
|move|p1a: Ceruledge|Shadow Sneak|p2a: Armarouge
|-supereffective|p2a: Armarouge
|-damage|p2a: Armarouge|0 fnt
|faint|p2a: Armarouge
|
|upkeep
|
|t:|1779849377
|switch|p2a: Ceruledge|Ceruledge, M, shiny|100/100
|-damage|p2a: Ceruledge|76/100|[from] Stealth Rock
|turn|10
|
|t:|1779849382
|move|p1a: Ceruledge|Shadow Sneak|p2a: Ceruledge
|-supereffective|p2a: Ceruledge
|-damage|p2a: Ceruledge|0 fnt
|faint|p2a: Ceruledge
|
|upkeep
|
|t:|1779849388
|switch|p2a: Mimikyu|Mimikyu, F|100/100
|-damage|p2a: Mimikyu|88/100|[from] Stealth Rock
|turn|11
|
|t:|1779849396
|move|p1a: Ceruledge|Shadow Sneak|p2a: Mimikyu
|-activate|p2a: Mimikyu|ability: Disguise
|-damage|p2a: Mimikyu|88/100
|detailschange|p2a: Mimikyu|Mimikyu-Busted, F
|-damage|p2a: Mimikyu|76/100|[from] pokemon: Mimikyu-Busted
|move|p2a: Mimikyu|Curse|p1a: Ceruledge
|-start|p1a: Ceruledge|Curse|[of] p2a: Mimikyu
|-damage|p2a: Mimikyu|26/100
|
|-heal|p2a: Mimikyu|32/100|[from] item: Leftovers
|-damage|p1a: Ceruledge|1/100|[from] Curse
|upkeep
|turn|12
|
|t:|1779849408
|switch|p2a: Cyclizar|Cyclizar, M|100/100
|move|p1a: Ceruledge|Shadow Sneak|p2a: Cyclizar
|-immune|p2a: Cyclizar
|
|-damage|p1a: Ceruledge|0 fnt|[from] Curse
|faint|p1a: Ceruledge
|upkeep
|
|t:|1779849420
|switch|p1a: Zamazenta|Zamazenta|100/100
|-ability|p1a: Zamazenta|Dauntless Shield|boost
|-boost|p1a: Zamazenta|def|1
|turn|13
|
|t:|1779849425
|move|p2a: Cyclizar|Draco Meteor|p1a: Zamazenta
|-damage|p1a: Zamazenta|61/100
|-unboost|p2a: Cyclizar|spa|2
|move|p1a: Zamazenta|Roar|p2a: Cyclizar
|drag|p2a: Mimikyu|Mimikyu-Busted, F|32/100
|-damage|p2a: Mimikyu|19/100|[from] Stealth Rock
|
|-heal|p1a: Zamazenta|67/100|[from] item: Leftovers
|-heal|p2a: Mimikyu|25/100|[from] item: Leftovers
|upkeep
|turn|14
|
|t:|1779849434
|move|p1a: Zamazenta|Crunch|p2a: Mimikyu
|-damage|p2a: Mimikyu|0 fnt
|faint|p2a: Mimikyu
|
|-heal|p1a: Zamazenta|73/100|[from] item: Leftovers
|upkeep
|
|t:|1779849450
|switch|p2a: Iron Valiant|Iron Valiant|100/100
|-damage|p2a: Iron Valiant|94/100|[from] Stealth Rock
|-enditem|p2a: Iron Valiant|Booster Energy
|-activate|p2a: Iron Valiant|ability: Quark Drive|[fromitem]
|-start|p2a: Iron Valiant|quarkdrivespe
|turn|15
|
|t:|1779849459
|switch|p1a: Scizor|Scizor, F|100/100
|move|p2a: Iron Valiant|Spirit Break|p1a: Scizor
|-resisted|p1a: Scizor
|-damage|p1a: Scizor|82/100
|-unboost|p1a: Scizor|spa|1
|
|upkeep
|turn|16
|
|t:|1779849470
|-end|p2a: Iron Valiant|Quark Drive|[silent]
|switch|p2a: Cyclizar|Cyclizar, M|100/100
|move|p1a: Scizor|U-turn|p2a: Cyclizar
|-damage|p2a: Cyclizar|13/100
|-damage|p1a: Scizor|72/100|[from] item: Life Orb
|
|t:|1779849476
|switch|p1a: Florges|Florges, F|100/100|[from] U-turn
|
|upkeep
|turn|17
|
|t:|1779849480
|move|p2a: Cyclizar|Rapid Spin|p1a: Florges
|-damage|p1a: Florges|82/100
|-boost|p2a: Cyclizar|spe|1
|-sideend|p2: newgaem|Stealth Rock|[from] move: Rapid Spin|[of] p2a: Cyclizar
|move|p1a: Florges|Calm Mind|p1a: Florges
|-boost|p1a: Florges|spa|1
|-boost|p1a: Florges|spd|1
|
|-heal|p1a: Florges|88/100|[from] item: Leftovers
|upkeep
|turn|18
|
|t:|1779849492
|move|p2a: Cyclizar|U-turn|p1a: Florges
|-resisted|p1a: Florges
|-damage|p1a: Florges|80/100
|
|t:|1779849495
|switch|p2a: Kingambit|Kingambit, F|100/100|[from] U-turn
|-activate|p2a: Kingambit|ability: Supreme Overlord
|-start|p2a: Kingambit|fallen3|[silent]
|move|p1a: Florges|Calm Mind|p1a: Florges
|-boost|p1a: Florges|spa|1
|-boost|p1a: Florges|spd|1
|
|-heal|p1a: Florges|86/100|[from] item: Leftovers
|upkeep
|turn|19
|
|t:|1779849506
|move|p1a: Florges|Moonblast|p2a: Kingambit
|-damage|p2a: Kingambit|0 fnt
|faint|p2a: Kingambit
|-end|p2a: Kingambit|fallen3|[silent]
|
|-heal|p1a: Florges|92/100|[from] item: Leftovers
|upkeep
|-message|newgaem forfeited.
|
|win|hat_fm
|raw|hat_fm's rating: 1364 &rarr; <strong>1382</strong><br />(+18 for winning)
|raw|newgaem's rating: 1324 &rarr; <strong>1306</strong><br />(-18 for losing)
|l|‽newgaem
|player|p2|
|l|☆hat_fm
|player|p1|
