|j|☆scizorsaopaulino
|j|☆ggdtzera
|t:|1779815051
|gametype|singles
|player|p1|scizorsaopaulino|roxie|1234
|player|p2|ggdtzera|169|1187
|gen|9
|tier|[Gen 9] OU
|rated|
|rule|HP Percentage Mod: HP is shown in percentages
|rule|Endless Battle Clause: Forcing endless battles is banned
|rule|Species Clause: Limit one of each Pokémon
|rule|OHKO Clause: OHKO moves are banned
|rule|Evasion Items Clause: Evasion items are banned
|rule|Evasion Moves Clause: Evasion moves are banned
|rule|Evasion Abilities Clause: Evasion abilities are banned
|rule|Sleep Moves Clause: Sleep-inducing moves are banned
|clearpoke
|poke|p1|Slowking-Galar, F|
|poke|p1|Great Tusk|
|poke|p1|Kyurem|
|poke|p1|Kingambit, M|
|poke|p1|Cinderace, M|
|poke|p1|Zapdos|
|poke|p2|Cyclizar, M|
|poke|p2|Ceruledge, F|
|poke|p2|Breloom, M|
|poke|p2|Thundurus, M|
|poke|p2|Clefable, M|
|poke|p2|Talonflame, M|
|teampreview
|inactive|Battle timer is ON: inactive players will automatically lose when time's up. (requested by ggdtzera)
|
|t:|1779815068
|teamsize|p1|6
|teamsize|p2|6
|start
|switch|p1a: Slowking|Slowking-Galar, F|100/100
|switch|p2a: Thundurus|Thundurus, M|100/100
|turn|1
|
|t:|1779815073
|move|p2a: Thundurus|Thunder Wave|p1a: Slowking
|-status|p1a: Slowking|par
|-prepare|p1a: Slowking|Chilly Reception|[premajor]
|cant|p1a: Slowking|par
|
|upkeep
|turn|2
|
|t:|1779815083
|move|p2a: Thundurus|U-turn|p1a: Slowking
|-damage|p1a: Slowking|79/100 par
|
|t:|1779815105
|switch|p2a: Cyclizar|Cyclizar, M|100/100|[from] U-turn
|-prepare|p1a: Slowking|Chilly Reception|[premajor]
|move|p1a: Slowking|Chilly Reception|p1a: Slowking
|-weather|Snowscape
|
|t:|1779815123
|switch|p1a: Great Tusk|Great Tusk|100/100|[from] Chilly Reception
|
|-weather|Snowscape|[upkeep]
|upkeep
|turn|3
|
|t:|1779815134
|move|p2a: Cyclizar|Knock Off|p1a: Great Tusk
|-resisted|p1a: Great Tusk
|-damage|p1a: Great Tusk|93/100
|-enditem|p1a: Great Tusk|Leftovers|[from] move: Knock Off|[of] p2a: Cyclizar
|move|p1a: Great Tusk|Headlong Rush|p2a: Cyclizar
|-damage|p2a: Cyclizar|9/100
|-unboost|p1a: Great Tusk|def|1
|-unboost|p1a: Great Tusk|spd|1
|
|-weather|Snowscape|[upkeep]
|upkeep
|turn|4
|
|t:|1779815142
|switch|p2a: Talonflame|Talonflame, M|100/100
|move|p1a: Great Tusk|Rapid Spin|p2a: Talonflame
|-damage|p2a: Talonflame|79/100
|-boost|p1a: Great Tusk|spe|1
|
|-weather|Snowscape|[upkeep]
|upkeep
|turn|5
|
|t:|1779815151
|-end|p1a: Great Tusk|Protosynthesis|[silent]
|switch|p1a: Zapdos|Zapdos, shiny|100/100
|move|p2a: Talonflame|Will-O-Wisp|p1a: Zapdos
|-status|p1a: Zapdos|brn
|
|-weather|Snowscape|[upkeep]
|-damage|p1a: Zapdos|94/100 brn|[from] brn
|upkeep
|turn|6
|
|t:|1779815157
|switch|p2a: Thundurus|Thundurus, M|100/100
|move|p1a: Zapdos|Volt Switch|p2a: Thundurus
|-damage|p2a: Thundurus|61/100
|
|t:|1779815169
|switch|p1a: Slowking|Slowking-Galar, F|100/100 par|[from] Volt Switch
|
|-weather|none
|upkeep
|turn|7
|
|t:|1779815174
|move|p2a: Thundurus|U-turn|p1a: Slowking
|-crit|p1a: Slowking
|-damage|p1a: Slowking|65/100 par
|
|t:|1779815176
|switch|p2a: Cyclizar|Cyclizar, M|42/100|[from] U-turn
|move|p1a: Slowking|Future Sight|p2a: Cyclizar
|-start|p1a: Slowking|move: Future Sight
|
|upkeep
|turn|8
|
|t:|1779815186
|switch|p1a: Great Tusk|Great Tusk|93/100
|move|p2a: Cyclizar|Knock Off|p1a: Great Tusk
|-resisted|p1a: Great Tusk
|-damage|p1a: Great Tusk|88/100
|
|upkeep
|turn|9
|
|t:|1779815207
|switch|p2a: Talonflame|Talonflame, M|79/100
|-end|p1a: Great Tusk|Protosynthesis|[silent]
|switch|p1a: Zapdos|Zapdos, shiny|94/100 brn
|
|-end|p2a: Talonflame|move: Future Sight
|-damage|p2a: Talonflame|20/100
|-damage|p1a: Zapdos|88/100 brn|[from] brn
|upkeep
|turn|10
|
|t:|1779815213
|move|p2a: Talonflame|Roost|p2a: Talonflame
|-heal|p2a: Talonflame|70/100
|-singleturn|p2a: Talonflame|move: Roost
|move|p1a: Zapdos|Volt Switch|p2a: Talonflame
|-damage|p2a: Talonflame|35/100
|
|t:|1779815233
|switch|p1a: Slowking|Slowking-Galar, F|99/100 par|[from] Volt Switch
|
|upkeep
|turn|11
|
|t:|1779815262
|move|p2a: Talonflame|Roost|p2a: Talonflame
|-heal|p2a: Talonflame|85/100
|-singleturn|p2a: Talonflame|move: Roost
|move|p1a: Slowking|Sludge Bomb|p2a: Talonflame
|-damage|p2a: Talonflame|45/100
|
|upkeep
|turn|12
|
|t:|1779815271
|switch|p2a: Cyclizar|Cyclizar, M|75/100
|move|p1a: Slowking|Thunder Wave|p2a: Cyclizar
|-status|p2a: Cyclizar|par
|
|upkeep
|turn|13
|
|t:|1779815280
|move|p2a: Cyclizar|U-turn|p1a: Slowking
|-damage|p1a: Slowking|84/100 par
|
|t:|1779815283
|switch|p2a: Ceruledge|Ceruledge, F|100/100|[from] U-turn
|-prepare|p1a: Slowking|Chilly Reception|[premajor]
|move|p1a: Slowking|Chilly Reception|p1a: Slowking
|-weather|Snowscape
|
|t:|1779815302
|switch|p1a: Great Tusk|Great Tusk|88/100|[from] Chilly Reception
|
|-weather|Snowscape|[upkeep]
|upkeep
|turn|14
|
|t:|1779815308
|switch|p2a: Talonflame|Talonflame, M|45/100
|move|p1a: Great Tusk|Headlong Rush|p2a: Talonflame
|-immune|p2a: Talonflame
|
|-weather|Snowscape|[upkeep]
|upkeep
|turn|15
|
|t:|1779815314
|-end|p1a: Great Tusk|Protosynthesis|[silent]
|switch|p1a: Cinderace|Cinderace, M|100/100
|move|p2a: Talonflame|Roost|p2a: Talonflame
|-heal|p2a: Talonflame|95/100
|-singleturn|p2a: Talonflame|move: Roost
|
|-weather|Snowscape|[upkeep]
|upkeep
|turn|16
|
|t:|1779815333
|move|p2a: Talonflame|Flamethrower|p1a: Cinderace
|-resisted|p1a: Cinderace
|-damage|p1a: Cinderace|87/100
|move|p1a: Cinderace|U-turn|p2a: Talonflame
|-resisted|p2a: Talonflame
|-damage|p2a: Talonflame|89/100
|
|t:|1779815339
|switch|p1a: Zapdos|Zapdos, shiny|88/100 brn|[from] U-turn
|
|-weather|Snowscape|[upkeep]
|-damage|p1a: Zapdos|82/100 brn|[from] brn
|upkeep
|turn|17
|
|t:|1779815347
|switch|p2a: Clefable|Clefable, M|100/100
|move|p1a: Zapdos|Thunder Wave|p2a: Clefable
|-status|p2a: Clefable|par
|
|-weather|none
|-damage|p1a: Zapdos|76/100 brn|[from] brn
|upkeep
|turn|18
|
|t:|1779815355
|move|p1a: Zapdos|Hurricane|p2a: Clefable
|-damage|p2a: Clefable|55/100 par
|move|p2a: Clefable|Calm Mind|p2a: Clefable
|-boost|p2a: Clefable|spa|1
|-boost|p2a: Clefable|spd|1
|
|-heal|p2a: Clefable|61/100 par|[from] item: Leftovers
|-damage|p1a: Zapdos|70/100 brn|[from] brn
|upkeep
|turn|19
|
|t:|1779815360
|move|p1a: Zapdos|Volt Switch|p2a: Clefable
|-damage|p2a: Clefable|42/100 par
|
|t:|1779815375
|switch|p1a: Slowking|Slowking-Galar, F|100/100 par|[from] Volt Switch
|move|p2a: Clefable|Draining Kiss|p1a: Slowking
|-resisted|p1a: Slowking
|-damage|p1a: Slowking|91/100 par
|-heal|p2a: Clefable|50/100 par|[from] drain|[of] p1a: Slowking
|
|-heal|p2a: Clefable|56/100 par|[from] item: Leftovers
|upkeep
|turn|20
|
|t:|1779815381
|move|p2a: Clefable|Psyshock|p1a: Slowking
|-damage|p1a: Slowking|55/100 par
|move|p1a: Slowking|Sludge Bomb|p2a: Clefable
|-supereffective|p2a: Clefable
|-damage|p2a: Clefable|16/100 par
|
|-heal|p2a: Clefable|22/100 par|[from] item: Leftovers
|upkeep
|turn|21
|
|t:|1779815391
|cant|p2a: Clefable|par
|move|p1a: Slowking|Sludge Bomb|p2a: Clefable
|-supereffective|p2a: Clefable
|-damage|p2a: Clefable|0 fnt
|faint|p2a: Clefable
|
|upkeep
|
|t:|1779815394
|switch|p2a: Ceruledge|Ceruledge, F|100/100
|turn|22
|
|t:|1779815412
|switch|p1a: Cinderace|Cinderace, M|87/100
|move|p2a: Ceruledge|Swords Dance|p2a: Ceruledge
|-boost|p2a: Ceruledge|atk|2
|
|upkeep
|turn|23
|
|t:|1779815420
|move|p1a: Cinderace|Pyro Ball|p2a: Ceruledge
|-resisted|p2a: Ceruledge
|-damage|p2a: Ceruledge|64/100
|-ability|p2a: Ceruledge|Weak Armor|boost
|-unboost|p2a: Ceruledge|def|1
|-boost|p2a: Ceruledge|spe|2
|move|p2a: Ceruledge|Swords Dance|p2a: Ceruledge
|-boost|p2a: Ceruledge|atk|2
|
|upkeep
|turn|24
|
|t:|1779815434
|move|p2a: Ceruledge|Bitter Blade|p1a: Cinderace
|-resisted|p1a: Cinderace
|-damage|p1a: Cinderace|0 fnt
|-heal|p2a: Ceruledge|100/100|[from] drain|[of] p1a: Cinderace
|faint|p1a: Cinderace
|-damage|p2a: Ceruledge|91/100|[from] item: Life Orb
|
|upkeep
|
|t:|1779815440
|switch|p1a: Zapdos|Zapdos, shiny|70/100 brn
|turn|25
|
|t:|1779815447
|move|p2a: Ceruledge|Bitter Blade|p1a: Zapdos
|-damage|p1a: Zapdos|0 fnt
|-heal|p2a: Ceruledge|100/100|[from] drain|[of] p1a: Zapdos
|-status|p2a: Ceruledge|par|[from] ability: Static|[of] p1a: Zapdos
|faint|p1a: Zapdos
|-damage|p2a: Ceruledge|91/100 par|[from] item: Life Orb
|
|upkeep
|
|t:|1779815468
|switch|p1a: Great Tusk|Great Tusk|88/100
|turn|26
|
|t:|1779815472
|move|p1a: Great Tusk|Headlong Rush|p2a: Ceruledge
|-supereffective|p2a: Ceruledge
|-damage|p2a: Ceruledge|0 fnt
|-unboost|p1a: Great Tusk|def|1
|-unboost|p1a: Great Tusk|spd|1
|faint|p2a: Ceruledge
|
|upkeep
|-message|ggdtzera forfeited.
|
|win|scizorsaopaulino
|raw|scizorsaopaulino's rating: 1234 &rarr; <strong>1256</strong><br />(+22 for winning)
|raw|ggdtzera's rating: 1187 &rarr; <strong>1165</strong><br />(-22 for losing)
|l|☆ggdtzera
|player|p2|
|l|☆scizorsaopaulino
|player|p1|
