|j|☆leoisreallysmart
|j|☆Avv2121
|t:|1779935630
|gametype|singles
|player|p1|leoisreallysmart|2|1242
|player|p2|Avv2121|janine|1295
|gen|9
|tier|[Gen 9] OU
|rated|
|rule|HP Percentage Mod: HP is shown in percentages
|rule|Endless Battle Clause: Forcing endless battles is banned
|rule|Species Clause: Limit one of each Pokémon
|rule|OHKO Clause: OHKO moves are banned
|rule|Evasion Items Clause: Evasion items are banned
|rule|Evasion Moves Clause: Evasion moves are banned
|rule|Evasion Abilities Clause: Evasion abilities are banned
|rule|Sleep Moves Clause: Sleep-inducing moves are banned
|clearpoke
|poke|p1|Whimsicott, M|
|poke|p1|Hoopa|
|poke|p1|Sneasel-Hisui, M|
|poke|p1|Mandibuzz, F|
|poke|p1|Oricorio, F|
|poke|p1|Golem, M|
|poke|p2|Garganacl, M|
|poke|p2|Dragapult, M|
|poke|p2|Kingambit, M|
|poke|p2|Iron Moth|
|poke|p2|Corviknight, M|
|poke|p2|Meowstic-F, F|
|teampreview
|inactive|Battle timer is ON: inactive players will automatically lose when time's up. (requested by Avv2121)
|
|t:|1779935635
|teamsize|p1|6
|teamsize|p2|6
|start
|switch|p1a: Golem|Golem, M|100/100
|switch|p2a: Dragapult|Dragapult, M|100/100
|turn|1
|
|t:|1779935646
|move|p2a: Dragapult|Will-O-Wisp|p1a: Golem
|-status|p1a: Golem|brn
|move|p1a: Golem|Stealth Rock|p2a: Dragapult
|-sidestart|p2: Avv2121|move: Stealth Rock
|
|-damage|p1a: Golem|94/100 brn|[from] brn
|upkeep
|turn|2
|
|t:|1779935653
|move|p2a: Dragapult|U-turn|p1a: Golem
|-damage|p1a: Golem|82/100 brn
|
|t:|1779935655
|switch|p2a: Corviknight|Corviknight, M|100/100|[from] U-turn
|-damage|p2a: Corviknight|88/100|[from] Stealth Rock
|move|p1a: Golem|Gyro Ball|p2a: Corviknight
|-resisted|p2a: Corviknight
|-damage|p2a: Corviknight|84/100
|-damage|p1a: Golem|66/100 brn|[from] item: Rocky Helmet|[of] p2a: Corviknight
|
|-damage|p1a: Golem|60/100 brn|[from] brn
|upkeep
|turn|3
|
|t:|1779935660
|switch|p1a: Oricorio|Oricorio, F|100/100
|move|p2a: Corviknight|Defog|p1a: Oricorio
|-unboost|p1a: Oricorio|evasion|1
|-sideend|p2: Avv2121|Stealth Rock|[from] move: Defog|[of] p2a: Corviknight
|
|upkeep
|turn|4
|
|t:|1779935667
|switch|p2a: Garganacl|Garganacl, M|100/100
|move|p1a: Oricorio|Quiver Dance|p1a: Oricorio
|-boost|p1a: Oricorio|spa|1
|-boost|p1a: Oricorio|spd|1
|-boost|p1a: Oricorio|spe|1
|
|upkeep
|turn|5
|
|t:|1779935672
|move|p1a: Oricorio|Quiver Dance|p1a: Oricorio
|-boost|p1a: Oricorio|spa|1
|-boost|p1a: Oricorio|spd|1
|-boost|p1a: Oricorio|spe|1
|move|p2a: Garganacl|Salt Cure|p1a: Oricorio
|-supereffective|p1a: Oricorio
|-damage|p1a: Oricorio|14/100
|-start|p1a: Oricorio|Salt Cure
|
|-damage|p1a: Oricorio|2/100|[from] Salt Cure
|upkeep
|turn|6
|
|t:|1779935676
|-terastallize|p1a: Oricorio|Ice
|move|p2a: Garganacl|Protect|p2a: Garganacl
|-singleturn|p2a: Garganacl|Protect
|move|p1a: Oricorio|Revelation Dance|p2a: Garganacl
|-activate|p2a: Garganacl|move: Protect
|
|-damage|p1a: Oricorio|0 fnt|[from] Salt Cure
|faint|p1a: Oricorio
|upkeep
|inactive|leoisreallysmart has 120 seconds left.
|
|t:|1779935710
|switch|p1a: Golem|Golem, M|60/100 brn
|turn|7
|
|t:|1779935717
|move|p2a: Garganacl|Curse|p2a: Garganacl
|-unboost|p2a: Garganacl|spe|1
|-boost|p2a: Garganacl|atk|1
|-boost|p2a: Garganacl|def|1
|move|p1a: Golem|Explosion|p2a: Garganacl
|-resisted|p2a: Garganacl
|-damage|p2a: Garganacl|92/100
|faint|p1a: Golem
|
|-heal|p2a: Garganacl|98/100|[from] item: Leftovers
|upkeep
|
|t:|1779935726
|switch|p1a: Sneasel|Sneasel-Hisui, M|100/100
|turn|8
|
|t:|1779935730
|move|p1a: Sneasel|Close Combat|p2a: Garganacl
|-supereffective|p2a: Garganacl
|-damage|p2a: Garganacl|63/100
|-unboost|p1a: Sneasel|def|1
|-unboost|p1a: Sneasel|spd|1
|move|p2a: Garganacl|Salt Cure|p1a: Sneasel
|-resisted|p1a: Sneasel
|-damage|p1a: Sneasel|78/100
|-start|p1a: Sneasel|Salt Cure
|
|-heal|p2a: Garganacl|70/100|[from] item: Leftovers
|-damage|p1a: Sneasel|65/100|[from] Salt Cure
|upkeep
|turn|9
|
|t:|1779935735
|move|p1a: Sneasel|Close Combat|p2a: Garganacl
|-supereffective|p2a: Garganacl
|-damage|p2a: Garganacl|32/100
|-unboost|p1a: Sneasel|def|1
|-unboost|p1a: Sneasel|spd|1
|move|p2a: Garganacl|Recover|p2a: Garganacl
|-heal|p2a: Garganacl|82/100
|
|-heal|p2a: Garganacl|89/100|[from] item: Leftovers
|-damage|p1a: Sneasel|53/100|[from] Salt Cure
|upkeep
|turn|10
|
|t:|1779935740
|move|p1a: Sneasel|Close Combat|p2a: Garganacl
|-supereffective|p2a: Garganacl
|-damage|p2a: Garganacl|51/100
|-unboost|p1a: Sneasel|def|1
|-unboost|p1a: Sneasel|spd|1
|move|p2a: Garganacl|Curse|p2a: Garganacl
|-unboost|p2a: Garganacl|spe|1
|-boost|p2a: Garganacl|atk|1
|-boost|p2a: Garganacl|def|1
|
|-heal|p2a: Garganacl|58/100|[from] item: Leftovers
|-damage|p1a: Sneasel|41/100|[from] Salt Cure
|upkeep
|turn|11
|
|t:|1779935743
|move|p2a: Garganacl|Protect|p2a: Garganacl
|-singleturn|p2a: Garganacl|Protect
|move|p1a: Sneasel|Close Combat|p2a: Garganacl
|-activate|p2a: Garganacl|move: Protect
|
|-heal|p2a: Garganacl|64/100|[from] item: Leftovers
|-damage|p1a: Sneasel|28/100|[from] Salt Cure
|upkeep
|turn|12
|
|t:|1779935757
|move|p1a: Sneasel|Close Combat|p2a: Garganacl
|-supereffective|p2a: Garganacl
|-damage|p2a: Garganacl|35/100
|-unboost|p1a: Sneasel|def|1
|-unboost|p1a: Sneasel|spd|1
|move|p2a: Garganacl|Recover|p2a: Garganacl
|-heal|p2a: Garganacl|85/100
|
|-heal|p2a: Garganacl|91/100|[from] item: Leftovers
|-damage|p1a: Sneasel|16/100|[from] Salt Cure
|upkeep
|turn|13
|
|t:|1779935760
|move|p2a: Garganacl|Protect|p2a: Garganacl
|-singleturn|p2a: Garganacl|Protect
|move|p1a: Sneasel|Close Combat|p2a: Garganacl
|-activate|p2a: Garganacl|move: Protect
|
|-heal|p2a: Garganacl|98/100|[from] item: Leftovers
|-damage|p1a: Sneasel|4/100|[from] Salt Cure
|upkeep
|turn|14
|
|t:|1779935771
|move|p1a: Sneasel|Swords Dance|p1a: Sneasel
|-boost|p1a: Sneasel|atk|2
|move|p2a: Garganacl|Curse|p2a: Garganacl
|-unboost|p2a: Garganacl|spe|1
|-boost|p2a: Garganacl|atk|1
|-boost|p2a: Garganacl|def|1
|
|-heal|p2a: Garganacl|100/100|[from] item: Leftovers
|-damage|p1a: Sneasel|0 fnt|[from] Salt Cure
|faint|p1a: Sneasel
|upkeep
|
|t:|1779935773
|switch|p1a: Hoopa|Hoopa|100/100
|-item|p1a: Hoopa|Air Balloon
|turn|15
|
|t:|1779935777
|move|p1a: Hoopa|Shadow Ball|p2a: Garganacl
|-damage|p2a: Garganacl|78/100
|move|p2a: Garganacl|Salt Cure|p1a: Hoopa
|-damage|p1a: Hoopa|48/100
|-start|p1a: Hoopa|Salt Cure
|-enditem|p1a: Hoopa|Air Balloon
|
|-heal|p2a: Garganacl|84/100|[from] item: Leftovers
|-damage|p1a: Hoopa|36/100|[from] Salt Cure
|upkeep
|turn|16
|
|t:|1779935782
|move|p2a: Garganacl|Protect|p2a: Garganacl
|-singleturn|p2a: Garganacl|Protect
|move|p1a: Hoopa|Psychic Noise|p2a: Garganacl
|-activate|p2a: Garganacl|move: Protect
|
|-heal|p2a: Garganacl|91/100|[from] item: Leftovers
|-damage|p1a: Hoopa|24/100|[from] Salt Cure
|upkeep
|turn|17
|l|☆leoisreallysmart
|inactive|leoisreallysmart disconnected and has a minute to reconnect!
|player|p1|
|c|☆Avv2121|Dude you okay?
|inactive|leoisreallysmart has 30 seconds to reconnect!
|inactive|leoisreallysmart has 20 seconds to reconnect!
|inactive|leoisreallysmart has 15 seconds to reconnect!
|inactive|leoisreallysmart has 10 seconds to reconnect!
|inactive|leoisreallysmart has 5 seconds to reconnect!
|-message|leoisreallysmart lost due to inactivity.
|
|win|Avv2121
|raw|leoisreallysmart's rating: 1242 &rarr; <strong>1221</strong><br />(-21 for losing)
|raw|Avv2121's rating: 1295 &rarr; <strong>1316</strong><br />(+21 for winning)
|l|☆Avv2121
|player|p2|
