|j|☆romander60
|j|☆ZeeVeeAy
|t:|1779914407
|gametype|singles
|player|p1|romander60|102|1540
|player|p2|ZeeVeeAy|daisy|1507
|gen|9
|tier|[Gen 9] OU
|rated|
|rule|HP Percentage Mod: HP is shown in percentages
|rule|Endless Battle Clause: Forcing endless battles is banned
|rule|Species Clause: Limit one of each Pokémon
|rule|OHKO Clause: OHKO moves are banned
|rule|Evasion Items Clause: Evasion items are banned
|rule|Evasion Moves Clause: Evasion moves are banned
|rule|Evasion Abilities Clause: Evasion abilities are banned
|rule|Sleep Moves Clause: Sleep-inducing moves are banned
|clearpoke
|poke|p1|Braviary-Hisui, M|
|poke|p1|Moltres|
|poke|p1|Ogerpon-Wellspring, F|
|poke|p1|Ting-Lu|
|poke|p1|Glimmora, M|
|poke|p1|Latios, M|
|poke|p2|Dragapult, M|
|poke|p2|Gliscor, M|
|poke|p2|Kyurem|
|poke|p2|Ogerpon-Wellspring, F|
|poke|p2|Hatterene, F|
|poke|p2|Kingambit, M|
|teampreview
|inactive|Battle timer is ON: inactive players will automatically lose when time's up. (requested by ZeeVeeAy)
|
|t:|1779914423
|teamsize|p1|6
|teamsize|p2|6
|start
|switch|p1a: Moltres|Moltres|100/100
|switch|p2a: Ogerpon|Ogerpon-Wellspring, F|100/100
|turn|1
|
|t:|1779914431
|move|p2a: Ogerpon|Spikes|p1a: Moltres
|-sidestart|p1: romander60|Spikes
|move|p1a: Moltres|Will-O-Wisp|p2a: Ogerpon
|-status|p2a: Ogerpon|brn
|
|-damage|p2a: Ogerpon|95/100 brn|[from] brn
|upkeep
|turn|2
|
|t:|1779914439
|move|p2a: Ogerpon|Ivy Cudgel|p1a: Moltres|[anim] Ivy Cudgel Water
|-supereffective|p1a: Moltres
|-damage|p1a: Moltres|57/100
|move|p1a: Moltres|Flamethrower|p2a: Ogerpon
|-damage|p2a: Ogerpon|53/100 brn
|
|-damage|p2a: Ogerpon|47/100 brn|[from] brn
|upkeep
|turn|3
|
|t:|1779914443
|move|p2a: Ogerpon|Spikes|p1a: Moltres
|-sidestart|p1: romander60|Spikes
|move|p1a: Moltres|Roost|p1a: Moltres
|-heal|p1a: Moltres|100/100
|-singleturn|p1a: Moltres|move: Roost
|
|-damage|p2a: Ogerpon|41/100 brn|[from] brn
|upkeep
|turn|4
|
|t:|1779914445
|move|p2a: Ogerpon|Spikes|p1a: Moltres
|-sidestart|p1: romander60|Spikes
|move|p1a: Moltres|Flamethrower|p2a: Ogerpon
|-damage|p2a: Ogerpon|0 fnt
|faint|p2a: Ogerpon
|
|upkeep
|
|t:|1779914447
|switch|p2a: Gliscor|Gliscor, M|100/100
|turn|5
|
|t:|1779914450
|move|p2a: Gliscor|Protect|p2a: Gliscor
|-singleturn|p2a: Gliscor|Protect
|move|p1a: Moltres|Will-O-Wisp|p2a: Gliscor
|-activate|p2a: Gliscor|move: Protect
|
|-status|p2a: Gliscor|tox|[from] item: Toxic Orb
|upkeep
|turn|6
|
|t:|1779914454
|move|p2a: Gliscor|Stealth Rock|p1a: Moltres
|-sidestart|p1: romander60|move: Stealth Rock
|move|p1a: Moltres|Flamethrower|p2a: Gliscor
|-damage|p2a: Gliscor|68/100 tox
|
|-heal|p2a: Gliscor|80/100 tox|[from] ability: Poison Heal
|upkeep
|turn|7
|
|t:|1779914463
|move|p2a: Gliscor|Knock Off|p1a: Moltres
|-damage|p1a: Moltres|85/100
|-enditem|p1a: Moltres|Heavy-Duty Boots|[from] move: Knock Off|[of] p2a: Gliscor
|move|p1a: Moltres|Flamethrower|p2a: Gliscor
|-damage|p2a: Gliscor|47/100 tox
|
|-heal|p2a: Gliscor|60/100 tox|[from] ability: Poison Heal
|upkeep
|turn|8
|
|t:|1779914472
|move|p2a: Gliscor|Toxic|p1a: Moltres
|-status|p1a: Moltres|tox
|move|p1a: Moltres|Flamethrower|p2a: Gliscor
|-damage|p2a: Gliscor|27/100 tox
|
|-heal|p2a: Gliscor|39/100 tox|[from] ability: Poison Heal
|-damage|p1a: Moltres|79/100 tox|[from] psn
|upkeep
|turn|9
|
|t:|1779914481
|move|p2a: Gliscor|Protect|p2a: Gliscor
|-singleturn|p2a: Gliscor|Protect
|move|p1a: Moltres|Flamethrower|p2a: Gliscor
|-activate|p2a: Gliscor|move: Protect
|
|-heal|p2a: Gliscor|52/100 tox|[from] ability: Poison Heal
|-damage|p1a: Moltres|67/100 tox|[from] psn
|upkeep
|turn|10
|
|t:|1779914485
|move|p2a: Gliscor|Knock Off|p1a: Moltres
|-damage|p1a: Moltres|58/100 tox
|move|p1a: Moltres|U-turn|p2a: Gliscor
|-resisted|p2a: Gliscor
|-damage|p2a: Gliscor|47/100 tox
|
|t:|1779914489
|switch|p1a: Ogerpon|Ogerpon-Wellspring, F|100/100|[from] U-turn
|-damage|p1a: Ogerpon|76/100|[from] Spikes
|-damage|p1a: Ogerpon|63/100|[from] Stealth Rock
|
|-heal|p2a: Gliscor|59/100 tox|[from] ability: Poison Heal
|upkeep
|turn|11
|
|t:|1779914491
|move|p2a: Gliscor|Protect|p2a: Gliscor
|-singleturn|p2a: Gliscor|Protect
|move|p1a: Ogerpon|Swords Dance|p1a: Ogerpon
|-boost|p1a: Ogerpon|atk|2
|
|-heal|p2a: Gliscor|72/100 tox|[from] ability: Poison Heal
|upkeep
|turn|12
|
|t:|1779914496
|switch|p2a: Dragapult|Dragapult, M|100/100
|move|p1a: Ogerpon|Play Rough|p2a: Dragapult
|-supereffective|p2a: Dragapult
|-damage|p2a: Dragapult|0 fnt
|faint|p2a: Dragapult
|
|upkeep
|
|t:|1779914501
|switch|p2a: Kingambit|Kingambit, M, shiny|100/100
|-activate|p2a: Kingambit|ability: Supreme Overlord
|-start|p2a: Kingambit|fallen2|[silent]
|turn|13
|
|t:|1779914503
|move|p2a: Kingambit|Sucker Punch|p1a: Ogerpon
|-damage|p1a: Ogerpon|0 fnt
|faint|p1a: Ogerpon
|
|upkeep
|
|t:|1779914529
|switch|p1a: Ting-Lu|Ting-Lu|100/100
|-damage|p1a: Ting-Lu|76/100|[from] Spikes
|-damage|p1a: Ting-Lu|69/100|[from] Stealth Rock
|-ability|p1a: Ting-Lu|Vessel of Ruin
|turn|14
|
|t:|1779914533
|-end|p2a: Kingambit|fallen2|[silent]
|switch|p2a: Gliscor|Gliscor, M|72/100 tox
|move|p1a: Ting-Lu|Whirlwind|p2a: Gliscor
|drag|p2a: Hatterene|Hatterene, F|100/100
|
|-heal|p1a: Ting-Lu|76/100|[from] item: Leftovers
|upkeep
|turn|15
|
|t:|1779914536
|move|p1a: Ting-Lu|Ruination|p2a: Hatterene
|-damage|p2a: Hatterene|50/100
|move|p2a: Hatterene|Draining Kiss|p1a: Ting-Lu
|-supereffective|p1a: Ting-Lu
|-damage|p1a: Ting-Lu|55/100
|-heal|p2a: Hatterene|76/100|[from] drain|[of] p1a: Ting-Lu
|
|-heal|p1a: Ting-Lu|61/100|[from] item: Leftovers
|upkeep
|turn|16
|
|t:|1779914539
|move|p1a: Ting-Lu|Earthquake|p2a: Hatterene
|-damage|p2a: Hatterene|33/100
|move|p2a: Hatterene|Draining Kiss|p1a: Ting-Lu
|-supereffective|p1a: Ting-Lu
|-damage|p1a: Ting-Lu|39/100
|-heal|p2a: Hatterene|59/100|[from] drain|[of] p1a: Ting-Lu
|
|-heal|p1a: Ting-Lu|46/100|[from] item: Leftovers
|upkeep
|turn|17
|
|t:|1779914541
|move|p1a: Ting-Lu|Earthquake|p2a: Hatterene
|-damage|p2a: Hatterene|19/100
|move|p2a: Hatterene|Draining Kiss|p1a: Ting-Lu
|-supereffective|p1a: Ting-Lu
|-damage|p1a: Ting-Lu|23/100
|-heal|p2a: Hatterene|46/100|[from] drain|[of] p1a: Ting-Lu
|
|-heal|p1a: Ting-Lu|29/100|[from] item: Leftovers
|upkeep
|turn|18
|
|t:|1779914544
|move|p1a: Ting-Lu|Ruination|p2a: Hatterene
|-damage|p2a: Hatterene|23/100
|move|p2a: Hatterene|Draining Kiss|p1a: Ting-Lu
|-supereffective|p1a: Ting-Lu
|-damage|p1a: Ting-Lu|8/100
|-heal|p2a: Hatterene|50/100|[from] drain|[of] p1a: Ting-Lu
|
|-heal|p1a: Ting-Lu|14/100|[from] item: Leftovers
|upkeep
|turn|19
|
|t:|1779914545
|move|p1a: Ting-Lu|Earthquake|p2a: Hatterene
|-damage|p2a: Hatterene|6/100
|move|p2a: Hatterene|Draining Kiss|p1a: Ting-Lu
|-supereffective|p1a: Ting-Lu
|-damage|p1a: Ting-Lu|0 fnt
|-heal|p2a: Hatterene|23/100|[from] drain|[of] p1a: Ting-Lu
|faint|p1a: Ting-Lu
|
|upkeep
|
|t:|1779914551
|switch|p1a: Braviary|Braviary-Hisui, M|100/100
|-damage|p1a: Braviary|76/100|[from] Stealth Rock
|turn|20
|
|t:|1779914555
|move|p1a: Braviary|Agility|p1a: Braviary
|-boost|p1a: Braviary|spe|2
|move|p2a: Hatterene|Mystical Fire|p1a: Braviary
|-damage|p1a: Braviary|43/100
|-unboost|p1a: Braviary|spa|1
|
|upkeep
|turn|21
|
|t:|1779914559
|move|p1a: Braviary|Hurricane|p2a: Hatterene
|-damage|p2a: Hatterene|0 fnt
|faint|p2a: Hatterene
|
|upkeep
|
|t:|1779914563
|switch|p2a: Kyurem|Kyurem|100/100
|-ability|p2a: Kyurem|Pressure
|turn|22
|
|t:|1779914576
|switch|p1a: Moltres|Moltres|58/100 tox
|-damage|p1a: Moltres|8/100 tox|[from] Stealth Rock
|move|p2a: Kyurem|Roar|p1a: Moltres
|drag|p1a: Latios|Latios, M|100/100
|-damage|p1a: Latios|88/100|[from] Stealth Rock
|
|upkeep
|turn|23
|
|t:|1779914584
|switch|p2a: Kingambit|Kingambit, M, shiny|100/100
|-activate|p2a: Kingambit|ability: Supreme Overlord
|-start|p2a: Kingambit|fallen3|[silent]
|move|p1a: Latios|Draco Meteor|p2a: Kingambit
|-resisted|p2a: Kingambit
|-crit|p2a: Kingambit
|-damage|p2a: Kingambit|26/100
|-unboost|p1a: Latios|spa|2
|
|-heal|p2a: Kingambit|33/100|[from] item: Leftovers
|upkeep
|turn|24
|
|t:|1779914588
|switch|p1a: Moltres|Moltres|8/100 tox
|-damage|p1a: Moltres|0 fnt|[from] Stealth Rock
|faint|p1a: Moltres
|move|p2a: Kingambit|Swords Dance|p2a: Kingambit
|-boost|p2a: Kingambit|atk|2
|
|-heal|p2a: Kingambit|39/100|[from] item: Leftovers
|upkeep
|
|t:|1779914594
|switch|p1a: Glimmora|Glimmora, M|100/100
|-damage|p1a: Glimmora|76/100|[from] Spikes
|-damage|p1a: Glimmora|63/100|[from] Stealth Rock
|turn|25
|
|t:|1779914596
|move|p2a: Kingambit|Sucker Punch|p1a: Glimmora
|-damage|p1a: Glimmora|0 fnt
|-activate|p1a: Glimmora|ability: Toxic Debris
|-sidestart|p2: ZeeVeeAy|move: Toxic Spikes
|faint|p1a: Glimmora
|
|-heal|p2a: Kingambit|45/100|[from] item: Leftovers
|upkeep
|
|t:|1779914599
|switch|p1a: Braviary|Braviary-Hisui, M|43/100
|-damage|p1a: Braviary|18/100|[from] Stealth Rock
|turn|26
|
|t:|1779914601
|move|p2a: Kingambit|Sucker Punch||[still]
|-fail|p2a: Kingambit
|move|p1a: Braviary|Agility|p1a: Braviary
|-boost|p1a: Braviary|spe|2
|
|-heal|p2a: Kingambit|51/100|[from] item: Leftovers
|upkeep
|turn|27
|
|t:|1779914603
|move|p2a: Kingambit|Sucker Punch||[still]
|-fail|p2a: Kingambit
|move|p1a: Braviary|Agility|p1a: Braviary
|-boost|p1a: Braviary|spe|2
|
|-heal|p2a: Kingambit|57/100|[from] item: Leftovers
|upkeep
|turn|28
|
|t:|1779914604
|move|p2a: Kingambit|Sucker Punch||[still]
|-fail|p2a: Kingambit
|move|p1a: Braviary|Agility|p1a: Braviary
|-boost|p1a: Braviary|spe|2
|
|-heal|p2a: Kingambit|64/100|[from] item: Leftovers
|upkeep
|turn|29
|j| hattybatty304
|
|t:|1779914606
|move|p2a: Kingambit|Sucker Punch||[still]
|-fail|p2a: Kingambit
|move|p1a: Braviary|Agility|p1a: Braviary
|-boost|p1a: Braviary|spe|0
|
|-heal|p2a: Kingambit|70/100|[from] item: Leftovers
|upkeep
|turn|30
|
|t:|1779914607
|move|p1a: Braviary|Heat Wave|p2a: Kingambit
|-supereffective|p2a: Kingambit
|-damage|p2a: Kingambit|0 fnt
|faint|p2a: Kingambit
|-end|p2a: Kingambit|fallen3|[silent]
|
|upkeep
|
|t:|1779914610
|switch|p2a: Gliscor|Gliscor, M|72/100 tox
|turn|31
|
|t:|1779914615
|move|p1a: Braviary|Hurricane|p2a: Gliscor
|-damage|p2a: Gliscor|0 fnt
|faint|p2a: Gliscor
|
|upkeep
|
|t:|1779914618
|switch|p2a: Kyurem|Kyurem|100/100
|-ability|p2a: Kyurem|Pressure
|turn|32
|
|t:|1779914622
|move|p1a: Braviary|Psychic|p2a: Kyurem
|-damage|p2a: Kyurem|36/100
|move|p2a: Kyurem|Ice Beam|p1a: Braviary
|-supereffective|p1a: Braviary
|-damage|p1a: Braviary|0 fnt
|faint|p1a: Braviary
|
|upkeep
|
|t:|1779914624
|switch|p1a: Latios|Latios, M|88/100
|-damage|p1a: Latios|76/100|[from] Stealth Rock
|turn|33
|
|t:|1779914627
|move|p1a: Latios|Luster Purge|p2a: Kyurem
|-damage|p2a: Kyurem|0 fnt
|faint|p2a: Kyurem
|
|win|romander60
|raw|romander60's rating: 1540 &rarr; <strong>1558</strong><br />(+18 for winning)
|raw|ZeeVeeAy's rating: 1507 &rarr; <strong>1489</strong><br />(-18 for losing)
|c|☆romander60|i am the goat
|l| hattybatty304
|c|☆romander60|ggs
|l|☆ZeeVeeAy
|player|p2|
