|j|☆yeoka
|j|☆mechamakachino
|t:|1779817683
|gametype|singles
|player|p1|yeoka|emma-lza|1510
|player|p2|mechamakachino|266|1463
|gen|9
|tier|[Gen 9] OU
|rated|
|rule|HP Percentage Mod: HP is shown in percentages
|rule|Endless Battle Clause: Forcing endless battles is banned
|rule|Species Clause: Limit one of each Pokémon
|rule|OHKO Clause: OHKO moves are banned
|rule|Evasion Items Clause: Evasion items are banned
|rule|Evasion Moves Clause: Evasion moves are banned
|rule|Evasion Abilities Clause: Evasion abilities are banned
|rule|Sleep Moves Clause: Sleep-inducing moves are banned
|clearpoke
|poke|p1|Garchomp, M|
|poke|p1|Cryogonal|
|poke|p1|Magnezone|
|poke|p1|Iron Boulder|
|poke|p1|Hatterene, F|
|poke|p1|Blaziken, M|
|poke|p2|Skarmory, M|
|poke|p2|Ting-Lu|
|poke|p2|Zamazenta-*|
|poke|p2|Pecharunt|
|poke|p2|Clefable, M|
|poke|p2|Walking Wake|
|teampreview
|inactive|Battle timer is ON: inactive players will automatically lose when time's up. (requested by yeoka)
|
|t:|1779817686
|teamsize|p1|6
|teamsize|p2|6
|start
|switch|p1a: Dave|Magnezone, shiny|100/100
|switch|p2a: Thriller|Walking Wake|100/100
|turn|1
|
|t:|1779817696
|move|p2a: Thriller|Flip Turn|p1a: Dave
|-damage|p1a: Dave|86/100
|
|t:|1779817699
|-end|p2a: Thriller|Protosynthesis|[silent]
|switch|p2a: Rock With You|Ting-Lu|100/100|[from] Flip Turn
|-ability|p2a: Rock With You|Vessel of Ruin
|move|p1a: Dave|Flash Cannon|p2a: Rock With You
|-damage|p2a: Rock With You|64/100
|
|-heal|p2a: Rock With You|71/100|[from] item: Leftovers
|upkeep
|turn|2
|
|t:|1779817703
|switch|p1a: Gigapoop|Cryogonal|100/100
|move|p2a: Rock With You|Earthquake|p1a: Gigapoop
|-immune|p1a: Gigapoop|[from] ability: Levitate
|
|-heal|p2a: Rock With You|77/100|[from] item: Leftovers
|upkeep
|turn|3
|
|t:|1779817706
|switch|p2a: Moonwalker|Clefable, M|100/100
|move|p1a: Gigapoop|Freeze-Dry|p2a: Moonwalker
|-damage|p2a: Moonwalker|77/100
|
|-heal|p2a: Moonwalker|83/100|[from] item: Leftovers
|upkeep
|turn|4
|
|t:|1779817713
|switch|p1a: Dave|Magnezone, shiny|86/100
|move|p2a: Moonwalker|Knock Off|p1a: Dave
|-damage|p1a: Dave|72/100
|-enditem|p1a: Dave|Choice Specs|[from] move: Knock Off|[of] p2a: Moonwalker
|
|-heal|p2a: Moonwalker|90/100|[from] item: Leftovers
|upkeep
|turn|5
|
|t:|1779817717
|switch|p2a: Rock With You|Ting-Lu|77/100
|-ability|p2a: Rock With You|Vessel of Ruin
|move|p1a: Dave|Steel Beam|p2a: Rock With You
|-damage|p2a: Rock With You|36/100
|-damage|p1a: Dave|22/100|[from] steelbeam
|
|-heal|p2a: Rock With You|43/100|[from] item: Leftovers
|upkeep
|turn|6
|
|t:|1779817722
|switch|p2a: Thriller|Walking Wake|100/100
|move|p1a: Dave|Flash Cannon|p2a: Thriller
|-resisted|p2a: Thriller
|-damage|p2a: Thriller|67/100
|
|upkeep
|turn|7
|
|t:|1779817728
|move|p2a: Thriller|Surf|p1a: Dave
|-damage|p1a: Dave|0 fnt
|faint|p1a: Dave
|
|upkeep
|
|t:|1779817735
|switch|p1a: Gigapoop|Cryogonal|100/100
|turn|8
|
|t:|1779817740
|move|p2a: Thriller|Flip Turn|p1a: Gigapoop
|-damage|p1a: Gigapoop|75/100
|
|t:|1779817741
|-end|p2a: Thriller|Protosynthesis|[silent]
|switch|p2a: Moonwalker|Clefable, M|90/100|[from] Flip Turn
|move|p1a: Gigapoop|Freeze-Dry|p2a: Moonwalker
|-damage|p2a: Moonwalker|66/100
|
|-heal|p2a: Moonwalker|73/100|[from] item: Leftovers
|upkeep
|turn|9
|
|t:|1779817746
|move|p1a: Gigapoop|Ancient Power|p2a: Moonwalker
|-damage|p2a: Moonwalker|61/100
|move|p2a: Moonwalker|Knock Off|p1a: Gigapoop
|-damage|p1a: Gigapoop|52/100
|-enditem|p1a: Gigapoop|Assault Vest|[from] move: Knock Off|[of] p2a: Moonwalker
|
|-heal|p2a: Moonwalker|67/100|[from] item: Leftovers
|upkeep
|turn|10
|
|t:|1779817749
|move|p1a: Gigapoop|Ancient Power|p2a: Moonwalker
|-damage|p2a: Moonwalker|55/100
|move|p2a: Moonwalker|Moonblast|p1a: Gigapoop
|-damage|p1a: Gigapoop|35/100
|
|-heal|p2a: Moonwalker|61/100|[from] item: Leftovers
|upkeep
|turn|11
|
|t:|1779817754
|move|p1a: Gigapoop|Freeze-Dry|p2a: Moonwalker
|-damage|p2a: Moonwalker|38/100
|move|p2a: Moonwalker|Calm Mind|p2a: Moonwalker
|-boost|p2a: Moonwalker|spa|1
|-boost|p2a: Moonwalker|spd|1
|
|-heal|p2a: Moonwalker|44/100|[from] item: Leftovers
|upkeep
|turn|12
|
|t:|1779817757
|switch|p1a: John earthquake|Garchomp, M|100/100
|move|p2a: Moonwalker|Moonlight|p2a: Moonwalker
|-heal|p2a: Moonwalker|94/100
|
|-heal|p2a: Moonwalker|99/100|[from] item: Leftovers
|upkeep
|turn|13
|
|t:|1779817760
|move|p1a: John earthquake|Iron Head|p2a: Moonwalker
|-supereffective|p2a: Moonwalker
|-damage|p2a: Moonwalker|38/100
|move|p2a: Moonwalker|Moonblast|p1a: John earthquake
|-supereffective|p1a: John earthquake
|-damage|p1a: John earthquake|5/100
|
|-heal|p2a: Moonwalker|44/100|[from] item: Leftovers
|upkeep
|turn|14
|
|t:|1779817765
|switch|p1a: Gigapoop|Cryogonal|35/100
|switch|p2a: Smooth Criminal|Skarmory, M|100/100
|
|upkeep
|turn|15
|
|t:|1779817777
|move|p1a: Gigapoop|Freeze-Dry|p2a: Smooth Criminal
|-damage|p2a: Smooth Criminal|67/100
|move|p2a: Smooth Criminal|Spikes|p1a: Gigapoop
|-sidestart|p1: yeoka|Spikes
|
|upkeep
|turn|16
|
|t:|1779817780
|move|p1a: Gigapoop|Rapid Spin|p2a: Smooth Criminal
|-resisted|p2a: Smooth Criminal
|-damage|p2a: Smooth Criminal|65/100
|-boost|p1a: Gigapoop|spe|1
|-damage|p1a: Gigapoop|18/100|[from] item: Rocky Helmet|[of] p2a: Smooth Criminal
|-sideend|p1: yeoka|Spikes|[from] move: Rapid Spin|[of] p1a: Gigapoop
|move|p2a: Smooth Criminal|Roost|p2a: Smooth Criminal
|-heal|p2a: Smooth Criminal|100/100
|-singleturn|p2a: Smooth Criminal|move: Roost
|
|upkeep
|turn|17
|
|t:|1779817784
|switch|p1a: Lebronathan|Blaziken, M|100/100
|move|p2a: Smooth Criminal|Brave Bird|p1a: Lebronathan
|-supereffective|p1a: Lebronathan
|-enditem|p1a: Lebronathan|Focus Sash
|-damage|p1a: Lebronathan|1/100
|-damage|p2a: Smooth Criminal|71/100|[from] Recoil
|
|upkeep
|turn|18
|
|t:|1779817788
|move|p1a: Lebronathan|Blaze Kick|p2a: Smooth Criminal
|-supereffective|p2a: Smooth Criminal
|-damage|p2a: Smooth Criminal|18/100
|-damage|p1a: Lebronathan|0 fnt|[from] item: Rocky Helmet|[of] p2a: Smooth Criminal
|faint|p1a: Lebronathan
|move|p2a: Smooth Criminal|Roost|p2a: Smooth Criminal
|-heal|p2a: Smooth Criminal|68/100
|-singleturn|p2a: Smooth Criminal|move: Roost
|
|upkeep
|
|t:|1779817797
|switch|p1a: Hat that eats you|Hatterene, F|100/100
|turn|19
|
|t:|1779817800
|move|p2a: Smooth Criminal|Brave Bird|p1a: Hat that eats you
|-damage|p1a: Hat that eats you|63/100
|-damage|p2a: Smooth Criminal|56/100|[from] Recoil
|move|p1a: Hat that eats you|Calm Mind|p1a: Hat that eats you
|-boost|p1a: Hat that eats you|spa|1
|-boost|p1a: Hat that eats you|spd|1
|
|-heal|p1a: Hat that eats you|69/100|[from] item: Leftovers
|upkeep
|turn|20
|
|t:|1779817803
|move|p2a: Smooth Criminal|Brave Bird|p1a: Hat that eats you
|-damage|p1a: Hat that eats you|32/100
|-damage|p2a: Smooth Criminal|44/100|[from] Recoil
|move|p1a: Hat that eats you|Mystical Fire|p2a: Smooth Criminal
|-supereffective|p2a: Smooth Criminal
|-damage|p2a: Smooth Criminal|0 fnt
|faint|p2a: Smooth Criminal
|
|-heal|p1a: Hat that eats you|38/100|[from] item: Leftovers
|upkeep
|
|t:|1779817808
|switch|p2a: Beat It|Zamazenta|100/100
|-ability|p2a: Beat It|Dauntless Shield|boost
|-boost|p2a: Beat It|def|1
|turn|21
|
|t:|1779817810
|-terastallize|p2a: Beat It|Steel
|move|p2a: Beat It|Heavy Slam|p1a: Hat that eats you
|-supereffective|p1a: Hat that eats you
|-damage|p1a: Hat that eats you|0 fnt
|faint|p1a: Hat that eats you
|
|upkeep
|
|t:|1779817815
|switch|p1a: Feral car|Iron Boulder|100/100
|-enditem|p1a: Feral car|Booster Energy
|-activate|p1a: Feral car|ability: Quark Drive|[fromitem]
|-start|p1a: Feral car|quarkdrivespe
|turn|22
|
|t:|1779817821
|-terastallize|p1a: Feral car|Fighting
|move|p1a: Feral car|Swords Dance|p1a: Feral car
|-boost|p1a: Feral car|atk|2
|move|p2a: Beat It|Crunch|p1a: Feral car
|-resisted|p1a: Feral car
|-damage|p1a: Feral car|84/100
|
|upkeep
|turn|23
|
|t:|1779817825
|switch|p2a: Rock With You|Ting-Lu|43/100
|-ability|p2a: Rock With You|Vessel of Ruin
|move|p1a: Feral car|Sacred Sword|p2a: Rock With You
|-supereffective|p2a: Rock With You
|-damage|p2a: Rock With You|0 fnt
|faint|p2a: Rock With You
|
|upkeep
|
|t:|1779817827
|switch|p2a: Poison Young Thing|Pecharunt|100/100
|turn|24
|
|t:|1779817830
|move|p1a: Feral car|Earthquake|p2a: Poison Young Thing
|-supereffective|p2a: Poison Young Thing
|-damage|p2a: Poison Young Thing|34/100
|move|p2a: Poison Young Thing|Foul Play|p1a: Feral car
|-resisted|p1a: Feral car
|-damage|p1a: Feral car|42/100
|
|upkeep
|turn|25
|
|t:|1779817836
|move|p1a: Feral car|Earthquake|p2a: Poison Young Thing
|-supereffective|p2a: Poison Young Thing
|-damage|p2a: Poison Young Thing|0 fnt
|faint|p2a: Poison Young Thing
|
|upkeep
|
|t:|1779817840
|switch|p2a: Moonwalker|Clefable, M|44/100
|turn|26
|
|t:|1779817845
|move|p1a: Feral car|Mighty Cleave|p2a: Moonwalker
|-damage|p2a: Moonwalker|0 fnt
|faint|p2a: Moonwalker
|
|upkeep
|-message|mechamakachino forfeited.
|
|win|yeoka
|raw|yeoka's rating: 1510 &rarr; <strong>1527</strong><br />(+17 for winning)
|raw|mechamakachino's rating: 1463 &rarr; <strong>1446</strong><br />(-17 for losing)
|l|☆mechamakachino
|player|p2|
|l|☆yeoka
|player|p1|
