|j|☆npctypebeat
|j|☆benoco
|t:|1779936453
|gametype|singles
|player|p1|npctypebeat|102|1095
|player|p2|benoco|266|1051
|gen|9
|tier|[Gen 9] OU
|rated|
|rule|HP Percentage Mod: HP is shown in percentages
|rule|Endless Battle Clause: Forcing endless battles is banned
|rule|Species Clause: Limit one of each Pokémon
|rule|OHKO Clause: OHKO moves are banned
|rule|Evasion Items Clause: Evasion items are banned
|rule|Evasion Moves Clause: Evasion moves are banned
|rule|Evasion Abilities Clause: Evasion abilities are banned
|rule|Sleep Moves Clause: Sleep-inducing moves are banned
|clearpoke
|poke|p1|Gliscor, F|
|poke|p1|Ogerpon, F|
|poke|p1|Walking Wake|
|poke|p1|Blissey, F|
|poke|p1|Corviknight, F|
|poke|p1|Pecharunt|
|poke|p2|Walking Wake|
|poke|p2|Great Tusk|
|poke|p2|Ninetales, M|
|poke|p2|Cresselia, F|
|poke|p2|Zarude|
|poke|p2|Ceruledge, M|
|teampreview
|inactive|Battle timer is ON: inactive players will automatically lose when time's up. (requested by benoco)
|c|☆npctypebeat|hf
|
|t:|1779936461
|teamsize|p1|6
|teamsize|p2|6
|start
|switch|p1a: Gliscor|Gliscor, F|100/100
|switch|p2a: Ninetales|Ninetales, M|100/100
|-weather|SunnyDay|[from] ability: Drought|[of] p2a: Ninetales
|turn|1
|inactive|npctypebeat also wants the timer to be on.
|
|t:|1779936468
|move|p2a: Ninetales|Will-O-Wisp|p1a: Gliscor
|-status|p1a: Gliscor|brn
|move|p1a: Gliscor|Earthquake|p2a: Ninetales
|-supereffective|p2a: Ninetales
|-damage|p2a: Ninetales|61/100
|
|-weather|SunnyDay|[upkeep]
|-damage|p1a: Gliscor|94/100 brn|[from] brn
|upkeep
|turn|2
|
|t:|1779936488
|switch|p2a: Walking Wake|Walking Wake|100/100
|-activate|p2a: Walking Wake|ability: Protosynthesis
|-start|p2a: Walking Wake|protosynthesisspe
|switch|p1a: Blissey|Blissey, F|100/100
|
|-weather|SunnyDay|[upkeep]
|upkeep
|turn|3
|
|t:|1779936498
|-end|p2a: Walking Wake|Protosynthesis|[silent]
|switch|p2a: Great Tusk|Great Tusk|100/100
|-activate|p2a: Great Tusk|ability: Protosynthesis
|-start|p2a: Great Tusk|protosynthesisatk
|move|p1a: Blissey|Stealth Rock|p2a: Great Tusk
|-sidestart|p2: benoco|move: Stealth Rock
|
|-weather|SunnyDay|[upkeep]
|upkeep
|turn|4
|
|t:|1779936504
|move|p2a: Great Tusk|Rapid Spin|p1a: Blissey
|-damage|p1a: Blissey|76/100
|-boost|p2a: Great Tusk|spe|1
|-sideend|p2: benoco|Stealth Rock|[from] move: Rapid Spin|[of] p2a: Great Tusk
|move|p1a: Blissey|Seismic Toss|p2a: Great Tusk
|-damage|p2a: Great Tusk|74/100
|
|-weather|SunnyDay|[upkeep]
|upkeep
|turn|5
|
|t:|1779936516
|move|p2a: Great Tusk|Headlong Rush|p1a: Blissey
|-damage|p1a: Blissey|0 fnt
|-unboost|p2a: Great Tusk|def|1
|-unboost|p2a: Great Tusk|spd|1
|faint|p1a: Blissey
|
|-weather|SunnyDay|[upkeep]
|upkeep
|
|t:|1779936523
|switch|p1a: Ogerpon|Ogerpon, F|100/100
|turn|6
|
|t:|1779936531
|move|p2a: Great Tusk|Ice Spinner|p1a: Ogerpon
|-supereffective|p1a: Ogerpon
|-damage|p1a: Ogerpon|0 fnt
|faint|p1a: Ogerpon
|
|-weather|SunnyDay|[upkeep]
|upkeep
|
|t:|1779936536
|switch|p1a: Walking Wake|Walking Wake|100/100
|-activate|p1a: Walking Wake|ability: Protosynthesis
|-start|p1a: Walking Wake|protosynthesisspe
|turn|7
|
|t:|1779936552
|-end|p2a: Great Tusk|Protosynthesis|[silent]
|switch|p2a: Cresselia|Cresselia, F|100/100
|move|p1a: Walking Wake|Surf|p2a: Cresselia
|-damage|p2a: Cresselia|88/100
|-enditem|p2a: Cresselia|Eject Button
|
|t:|1779936558
|switch|p2a: Zarude|Zarude|100/100
|
|-weather|SunnyDay|[upkeep]
|upkeep
|turn|8
|
|t:|1779936566
|move|p1a: Walking Wake|Surf|p2a: Zarude
|-resisted|p2a: Zarude
|-crit|p2a: Zarude
|-damage|p2a: Zarude|84/100
|move|p2a: Zarude|Knock Off|p1a: Walking Wake
|-damage|p1a: Walking Wake|48/100
|-enditem|p1a: Walking Wake|Heavy-Duty Boots|[from] move: Knock Off|[of] p2a: Zarude
|
|-weather|none
|-end|p1a: Walking Wake|Protosynthesis
|-heal|p2a: Zarude|90/100|[from] item: Leftovers
|upkeep
|turn|9
|
|t:|1779936577
|-end|p1a: Walking Wake|Protosynthesis|[silent]
|switch|p1a: Pecharunt|Pecharunt|100/100
|move|p2a: Zarude|Power Whip|p1a: Pecharunt|[miss]
|-miss|p2a: Zarude|p1a: Pecharunt
|
|-heal|p2a: Zarude|97/100|[from] item: Leftovers
|upkeep
|turn|10
|
|t:|1779936593
|move|p2a: Zarude|Knock Off|p1a: Pecharunt
|-supereffective|p1a: Pecharunt
|-damage|p1a: Pecharunt|57/100
|-enditem|p1a: Pecharunt|Heavy-Duty Boots|[from] move: Knock Off|[of] p2a: Zarude
|move|p1a: Pecharunt|Malignant Chain|p2a: Zarude
|-supereffective|p2a: Zarude
|-damage|p2a: Zarude|33/100
|-status|p2a: Zarude|tox
|-start|p2a: Zarude|confusion|[from] ability: Poison Puppeteer|[of] p1a: Pecharunt
|
|-heal|p2a: Zarude|39/100 tox|[from] item: Leftovers
|-damage|p2a: Zarude|33/100 tox|[from] psn
|upkeep
|turn|11
|
|t:|1779936602
|switch|p2a: Cresselia|Cresselia, F|88/100
|move|p1a: Pecharunt|Recover|p1a: Pecharunt
|-heal|p1a: Pecharunt|100/100
|
|upkeep
|turn|12
|
|t:|1779936610
|move|p1a: Pecharunt|Malignant Chain|p2a: Cresselia
|-damage|p2a: Cresselia|70/100
|move|p2a: Cresselia|Thunder Wave|p1a: Pecharunt
|-status|p1a: Pecharunt|par
|
|upkeep
|turn|13
|
|t:|1779936626
|move|p2a: Cresselia|Psychic|p1a: Pecharunt
|-supereffective|p1a: Pecharunt
|-damage|p1a: Pecharunt|53/100 par
|cant|p1a: Pecharunt|par
|
|upkeep
|turn|14
|
|t:|1779936644
|switch|p1a: Corviknight|Corviknight, F|100/100
|-ability|p1a: Corviknight|Pressure
|move|p2a: Cresselia|Psychic|p1a: Corviknight
|-resisted|p1a: Corviknight
|-damage|p1a: Corviknight|89/100
|
|upkeep
|turn|15
|
|t:|1779936665
|move|p2a: Cresselia|Psychic|p1a: Corviknight
|-resisted|p1a: Corviknight
|-damage|p1a: Corviknight|76/100
|move|p1a: Corviknight|U-turn|p2a: Cresselia
|-supereffective|p2a: Cresselia
|-damage|p2a: Cresselia|52/100
|inactive|npctypebeat has 120 seconds left.
|
|t:|1779936680
|switch|p1a: Walking Wake|Walking Wake|48/100|[from] U-turn
|
|upkeep
|turn|16
|inactive|npctypebeat has 120 seconds left.
|
|t:|1779936691
|move|p1a: Walking Wake|Surf|p2a: Cresselia
|-damage|p2a: Cresselia|25/100
|move|p2a: Cresselia|Thunder Wave|p1a: Walking Wake
|-status|p1a: Walking Wake|par
|
|upkeep
|turn|17
|inactive|npctypebeat has 120 seconds left.
|
|t:|1779936703
|move|p2a: Cresselia|Moonlight|p2a: Cresselia
|-heal|p2a: Cresselia|75/100
|move|p1a: Walking Wake|Surf|p2a: Cresselia
|-damage|p2a: Cresselia|48/100
|
|upkeep
|turn|18
|inactive|npctypebeat has 120 seconds left.
|
|t:|1779936714
|move|p2a: Cresselia|Moonlight|p2a: Cresselia
|-heal|p2a: Cresselia|98/100
|move|p1a: Walking Wake|Surf|p2a: Cresselia
|-damage|p2a: Cresselia|73/100
|
|upkeep
|turn|19
|inactive|npctypebeat has 120 seconds left.
|
|t:|1779936728
|-end|p1a: Walking Wake|Protosynthesis|[silent]
|switch|p1a: Corviknight|Corviknight, F|76/100
|-ability|p1a: Corviknight|Pressure
|move|p2a: Cresselia|Psychic|p1a: Corviknight
|-resisted|p1a: Corviknight
|-crit|p1a: Corviknight
|-damage|p1a: Corviknight|57/100
|
|upkeep
|turn|20
|
|t:|1779936742
|switch|p2a: Ninetales|Ninetales, M|61/100
|-weather|SunnyDay|[from] ability: Drought|[of] p2a: Ninetales
|move|p1a: Corviknight|Roost|p1a: Corviknight
|-heal|p1a: Corviknight|100/100
|-singleturn|p1a: Corviknight|move: Roost
|
|-weather|SunnyDay|[upkeep]
|upkeep
|turn|21
|
|t:|1779936755
|switch|p1a: Walking Wake|Walking Wake|48/100 par
|-activate|p1a: Walking Wake|ability: Protosynthesis
|-start|p1a: Walking Wake|protosynthesisspe
|move|p2a: Ninetales|Encore||[still]
|-fail|p2a: Ninetales
|
|-weather|SunnyDay|[upkeep]
|upkeep
|turn|22
|
|t:|1779936775
|switch|p2a: Walking Wake|Walking Wake|100/100
|-activate|p2a: Walking Wake|ability: Protosynthesis
|-start|p2a: Walking Wake|protosynthesisspe
|move|p1a: Walking Wake|Draco Meteor|p2a: Walking Wake
|-supereffective|p2a: Walking Wake
|-damage|p2a: Walking Wake|0 fnt
|-unboost|p1a: Walking Wake|spa|2
|faint|p2a: Walking Wake
|-end|p2a: Walking Wake|Protosynthesis|[silent]
|
|-weather|SunnyDay|[upkeep]
|upkeep
|inactive|benoco has 120 seconds left.
|
|t:|1779936806
|switch|p2a: Great Tusk|Great Tusk|74/100
|-activate|p2a: Great Tusk|ability: Protosynthesis
|-start|p2a: Great Tusk|protosynthesisatk
|turn|23
|
|t:|1779936828
|-end|p1a: Walking Wake|Protosynthesis|[silent]
|switch|p1a: Corviknight|Corviknight, F|100/100
|-ability|p1a: Corviknight|Pressure
|move|p2a: Great Tusk|Close Combat|p1a: Corviknight
|-damage|p1a: Corviknight|41/100
|-unboost|p2a: Great Tusk|def|1
|-unboost|p2a: Great Tusk|spd|1
|
|-weather|SunnyDay|[upkeep]
|upkeep
|turn|24
|
|t:|1779936848
|-end|p2a: Great Tusk|Protosynthesis|[silent]
|switch|p2a: Cresselia|Cresselia, F|73/100
|switch|p1a: Pecharunt|Pecharunt|53/100 par
|
|-weather|SunnyDay|[upkeep]
|upkeep
|turn|25
|
|t:|1779936862
|switch|p1a: Corviknight|Corviknight, F|41/100
|-ability|p1a: Corviknight|Pressure
|move|p2a: Cresselia|Psychic|p1a: Corviknight
|-resisted|p1a: Corviknight
|-damage|p1a: Corviknight|28/100
|
|-weather|SunnyDay|[upkeep]
|upkeep
|turn|26
|
|t:|1779936874
|move|p2a: Cresselia|Thunder Wave|p1a: Corviknight
|-status|p1a: Corviknight|par
|move|p1a: Corviknight|Roost|p1a: Corviknight
|-heal|p1a: Corviknight|78/100 par
|-singleturn|p1a: Corviknight|move: Roost
|
|-weather|SunnyDay|[upkeep]
|upkeep
|turn|27
|
|t:|1779936888
|move|p2a: Cresselia|Moonlight|p2a: Cresselia
|-heal|p2a: Cresselia|100/100
|move|p1a: Corviknight|U-turn|p2a: Cresselia
|-supereffective|p2a: Cresselia
|-damage|p2a: Cresselia|82/100
|
|t:|1779936898
|switch|p1a: Gliscor|Gliscor, F|94/100 brn|[from] U-turn
|
|-weather|none
|-damage|p1a: Gliscor|88/100 brn|[from] brn
|upkeep
|turn|28
|inactive|benoco has 120 seconds left.
|
|t:|1779936910
|switch|p2a: Ninetales|Ninetales, M|61/100
|-weather|SunnyDay|[from] ability: Drought|[of] p2a: Ninetales
|move|p1a: Gliscor|Toxic|p2a: Ninetales
|-status|p2a: Ninetales|tox
|
|-weather|SunnyDay|[upkeep]
|-damage|p2a: Ninetales|55/100 tox|[from] psn
|-damage|p1a: Gliscor|82/100 brn|[from] brn
|upkeep
|turn|29
|inactive|benoco has 120 seconds left.
|
|t:|1779936925
|switch|p1a: Pecharunt|Pecharunt|53/100 par
|move|p2a: Ninetales|Encore||[still]
|-fail|p2a: Ninetales
|
|-weather|SunnyDay|[upkeep]
|-damage|p2a: Ninetales|43/100 tox|[from] psn
|upkeep
|turn|30
|inactive|benoco has 120 seconds left.
|
|t:|1779936931
|move|p2a: Ninetales|Overheat|p1a: Pecharunt|[miss]
|-miss|p2a: Ninetales|p1a: Pecharunt
|cant|p1a: Pecharunt|par
|
|-weather|SunnyDay|[upkeep]
|-damage|p2a: Ninetales|25/100 tox|[from] psn
|upkeep
|turn|31
|
|t:|1779936942
|switch|p1a: Walking Wake|Walking Wake|48/100 par
|-activate|p1a: Walking Wake|ability: Protosynthesis
|-start|p1a: Walking Wake|protosynthesisspe
|move|p2a: Ninetales|Healing Wish|p2a: Ninetales
|faint|p2a: Ninetales
|
|-weather|SunnyDay|[upkeep]
|upkeep
|
|t:|1779936949
|switch|p2a: Zarude|Zarude|33/100 tox
|-heal|p2a: Zarude|100/100|[from] move: Healing Wish
|turn|32
|
|t:|1779936962
|-end|p1a: Walking Wake|Protosynthesis|[silent]
|switch|p1a: Corviknight|Corviknight, F|78/100 par
|-ability|p1a: Corviknight|Pressure
|move|p2a: Zarude|Power Whip|p1a: Corviknight
|-resisted|p1a: Corviknight
|-damage|p1a: Corviknight|68/100 par
|
|-weather|SunnyDay|[upkeep]
|upkeep
|turn|33
|inactive|benoco has 120 seconds left.
|
|t:|1779936979
|switch|p2a: Ceruledge|Ceruledge, M|100/100
|move|p1a: Corviknight|Roost|p1a: Corviknight
|-heal|p1a: Corviknight|100/100 par
|-singleturn|p1a: Corviknight|move: Roost
|
|-weather|SunnyDay|[upkeep]
|upkeep
|turn|34
|
|t:|1779936987
|move|p2a: Ceruledge|Swords Dance|p2a: Ceruledge
|-boost|p2a: Ceruledge|atk|2
|move|p1a: Corviknight|U-turn|p2a: Ceruledge
|-resisted|p2a: Ceruledge
|-damage|p2a: Ceruledge|95/100
|-ability|p2a: Ceruledge|Weak Armor|boost
|-unboost|p2a: Ceruledge|def|1
|-boost|p2a: Ceruledge|spe|2
|
|t:|1779936998
|switch|p1a: Pecharunt|Pecharunt|53/100 par|[from] U-turn
|
|-weather|SunnyDay|[upkeep]
|upkeep
|turn|35
|
|t:|1779937007
|move|p2a: Ceruledge|Bitter Blade|p1a: Pecharunt
|-damage|p1a: Pecharunt|0 fnt
|-heal|p2a: Ceruledge|100/100|[from] drain|[of] p1a: Pecharunt
|faint|p1a: Pecharunt
|
|-weather|none
|upkeep
|
|t:|1779937018
|switch|p1a: Walking Wake|Walking Wake|48/100 par
|turn|36
|
|t:|1779937028
|move|p2a: Ceruledge|Close Combat|p1a: Walking Wake
|-damage|p1a: Walking Wake|0 fnt
|-unboost|p2a: Ceruledge|def|1
|-unboost|p2a: Ceruledge|spd|1
|faint|p1a: Walking Wake
|-end|p1a: Walking Wake|Protosynthesis|[silent]
|
|upkeep
|
|t:|1779937039
|switch|p1a: Gliscor|Gliscor, F|82/100 brn
|turn|37
|
|t:|1779937059
|move|p2a: Ceruledge|Swords Dance|p2a: Ceruledge
|-boost|p2a: Ceruledge|atk|2
|move|p1a: Gliscor|Earthquake|p2a: Ceruledge
|-supereffective|p2a: Ceruledge
|-damage|p2a: Ceruledge|6/100
|-ability|p2a: Ceruledge|Weak Armor|boost
|-unboost|p2a: Ceruledge|def|1
|-boost|p2a: Ceruledge|spe|2
|
|-damage|p1a: Gliscor|76/100 brn|[from] brn
|upkeep
|turn|38
|
|t:|1779937072
|move|p2a: Ceruledge|Bitter Blade|p1a: Gliscor
|-damage|p1a: Gliscor|0 fnt
|-heal|p2a: Ceruledge|52/100|[from] drain|[of] p1a: Gliscor
|faint|p1a: Gliscor
|
|upkeep
|
|t:|1779937080
|switch|p1a: Corviknight|Corviknight, F|100/100 par
|-ability|p1a: Corviknight|Pressure
|turn|39
|
|t:|1779937087
|move|p2a: Ceruledge|Bitter Blade|p1a: Corviknight
|-supereffective|p1a: Corviknight
|-damage|p1a: Corviknight|0 fnt
|-heal|p2a: Ceruledge|100/100|[from] drain|[of] p1a: Corviknight
|faint|p1a: Corviknight
|
|win|benoco
|raw|npctypebeat's rating: 1058 &rarr; <strong>1039</strong><br />(-19 for losing)
|raw|benoco's rating: 1051 &rarr; <strong>1084</strong><br />(+33 for winning)
|c|☆npctypebeat|gg
|c|☆benoco|gg
