|j|☆hueehuuekkkk
|j|☆natty dice
|t:|1779858067
|gametype|singles
|player|p1|hueehuuekkkk|steven|1322
|player|p2|natty dice|bugcatcher-gen4dp|1340
|gen|9
|tier|[Gen 9] OU
|rated|
|rule|HP Percentage Mod: HP is shown in percentages
|rule|Endless Battle Clause: Forcing endless battles is banned
|rule|Species Clause: Limit one of each Pokémon
|rule|OHKO Clause: OHKO moves are banned
|rule|Evasion Items Clause: Evasion items are banned
|rule|Evasion Moves Clause: Evasion moves are banned
|rule|Evasion Abilities Clause: Evasion abilities are banned
|rule|Sleep Moves Clause: Sleep-inducing moves are banned
|clearpoke
|poke|p1|Suicune|
|poke|p1|Dragonite, M|
|poke|p1|Cinderace, M|
|poke|p1|Zamazenta-*|
|poke|p1|Blaziken, F|
|poke|p1|Rotom-Wash|
|poke|p2|Arcanine-Hisui, F|
|poke|p2|Quaquaval, F|
|poke|p2|Gholdengo|
|poke|p2|Iron Moth|
|poke|p2|Ting-Lu|
|poke|p2|Hydrapple, F|
|teampreview
|inactive|Battle timer is ON: inactive players will automatically lose when time's up. (requested by hueehuuekkkk)
|inactive|hueehuuekkkk has 120 seconds left.
|inactive|natty dice has 120 seconds left.
|inactive|hueehuuekkkk has 90 seconds left.
|
|t:|1779858143
|teamsize|p1|6
|teamsize|p2|6
|start
|switch|p1a: Blaziken|Blaziken, F|100/100
|switch|p2a: Arcanine|Arcanine-Hisui, F, shiny|100/100
|turn|1
|
|t:|1779858149
|move|p2a: Arcanine|Protect|p2a: Arcanine
|-singleturn|p2a: Arcanine|Protect
|move|p1a: Blaziken|Close Combat|p2a: Arcanine
|-activate|p2a: Arcanine|move: Protect
|
|-ability|p1a: Blaziken|Speed Boost|boost
|-boost|p1a: Blaziken|spe|1
|upkeep
|turn|2
|
|t:|1779858154
|switch|p2a: Gholdengo|Gholdengo|100/100
|move|p1a: Blaziken|Close Combat|p2a: Gholdengo
|-immune|p2a: Gholdengo
|
|-ability|p1a: Blaziken|Speed Boost|boost
|-boost|p1a: Blaziken|spe|1
|upkeep
|turn|3
|
|t:|1779858163
|-terastallize|p2a: Gholdengo|Water
|move|p1a: Blaziken|Swords Dance|p1a: Blaziken
|-boost|p1a: Blaziken|atk|2
|move|p2a: Gholdengo|Thunder Wave|p1a: Blaziken
|-status|p1a: Blaziken|par
|
|-ability|p1a: Blaziken|Speed Boost|boost
|-boost|p1a: Blaziken|spe|1
|upkeep
|turn|4
|
|t:|1779858167
|move|p1a: Blaziken|Close Combat|p2a: Gholdengo
|-damage|p2a: Gholdengo|0 fnt
|-unboost|p1a: Blaziken|def|1
|-unboost|p1a: Blaziken|spd|1
|faint|p2a: Gholdengo
|
|-ability|p1a: Blaziken|Speed Boost|boost
|-boost|p1a: Blaziken|spe|1
|upkeep
|
|t:|1779858174
|switch|p2a: Arcanine|Arcanine-Hisui, F, shiny|100/100
|turn|5
|
|t:|1779858177
|move|p2a: Arcanine|Extreme Speed|p1a: Blaziken
|-damage|p1a: Blaziken|19/100 par
|-damage|p2a: Arcanine|91/100|[from] item: Life Orb
|move|p1a: Blaziken|Close Combat|p2a: Arcanine
|-supereffective|p2a: Arcanine
|-damage|p2a: Arcanine|0 fnt
|-unboost|p1a: Blaziken|def|1
|-unboost|p1a: Blaziken|spd|1
|faint|p2a: Arcanine
|
|-ability|p1a: Blaziken|Speed Boost|boost
|-boost|p1a: Blaziken|spe|1
|upkeep
|
|t:|1779858185
|switch|p2a: Quaquaval|Quaquaval, F|100/100
|turn|6
|
|t:|1779858191
|switch|p1a: Rotom|Rotom-Wash|100/100
|move|p2a: Quaquaval|Aqua Step|p1a: Rotom
|-resisted|p1a: Rotom
|-damage|p1a: Rotom|81/100
|-boost|p2a: Quaquaval|spe|1
|
|upkeep
|turn|7
|
|t:|1779858196
|move|p2a: Quaquaval|Close Combat|p1a: Rotom
|-damage|p1a: Rotom|15/100
|-unboost|p2a: Quaquaval|def|1
|-unboost|p2a: Quaquaval|spd|1
|move|p1a: Rotom|Will-O-Wisp|p2a: Quaquaval
|-status|p2a: Quaquaval|brn
|
|-damage|p2a: Quaquaval|94/100 brn|[from] brn
|upkeep
|turn|8
|inactive|hueehuuekkkk has 120 seconds left.
|
|t:|1779858234
|switch|p1a: Suicune|Suicune, shiny|100/100
|-ability|p1a: Suicune|Pressure
|move|p2a: Quaquaval|Aqua Step|p1a: Suicune
|-resisted|p1a: Suicune
|-damage|p1a: Suicune|96/100
|-boost|p2a: Quaquaval|spe|1
|
|-heal|p2a: Quaquaval|100/100 brn|[from] item: Leftovers
|-heal|p1a: Suicune|100/100|[from] item: Leftovers
|-damage|p2a: Quaquaval|94/100 brn|[from] brn
|upkeep
|turn|9
|inactive|hueehuuekkkk has 120 seconds left.
|
|t:|1779858245
|switch|p2a: Hydrapple|Hydrapple, F|100/100
|move|p1a: Suicune|Scald|p2a: Hydrapple
|-resisted|p2a: Hydrapple
|-damage|p2a: Hydrapple|94/100
|
|-heal|p2a: Hydrapple|100/100|[from] item: Leftovers
|upkeep
|turn|10
|inactive|hueehuuekkkk has 120 seconds left.
|
|t:|1779858250
|switch|p1a: Blaziken|Blaziken, F|19/100 par
|move|p2a: Hydrapple|Giga Drain|p1a: Blaziken
|-resisted|p1a: Blaziken
|-damage|p1a: Blaziken|0 fnt
|faint|p1a: Blaziken
|
|upkeep
|inactive|hueehuuekkkk has 120 seconds left.
|
|t:|1779858261
|switch|p1a: Dragonite|Dragonite, M, shiny|100/100
|turn|11
|
|t:|1779858268
|move|p1a: Dragonite|Dragon Claw|p2a: Hydrapple
|-supereffective|p2a: Hydrapple
|-damage|p2a: Hydrapple|37/100
|move|p2a: Hydrapple|Fickle Beam|p1a: Dragonite
|-supereffective|p1a: Dragonite
|-damage|p1a: Dragonite|59/100
|-enditem|p1a: Dragonite|Weakness Policy
|-boost|p1a: Dragonite|atk|2|[from] item: Weakness Policy
|-boost|p1a: Dragonite|spa|2|[from] item: Weakness Policy
|
|-heal|p2a: Hydrapple|43/100|[from] item: Leftovers
|upkeep
|turn|12
|
|t:|1779858275
|switch|p2a: Quaquaval|Quaquaval, F|94/100 brn
|move|p1a: Dragonite|Dragon Claw|p2a: Quaquaval
|-damage|p2a: Quaquaval|0 fnt
|faint|p2a: Quaquaval
|
|upkeep
|
|t:|1779858277
|switch|p2a: Iron Moth|Iron Moth|100/100
|turn|13
|
|t:|1779858282
|-terastallize|p1a: Dragonite|Normal
|move|p1a: Dragonite|Extreme Speed|p2a: Iron Moth
|-damage|p2a: Iron Moth|0 fnt
|faint|p2a: Iron Moth
|-end|p2a: Iron Moth|Quark Drive|[silent]
|
|upkeep
|-message|natty dice forfeited.
|
|win|hueehuuekkkk
|raw|hueehuuekkkk's rating: 1322 &rarr; <strong>1343</strong><br />(+21 for winning)
|raw|natty dice's rating: 1340 &rarr; <strong>1319</strong><br />(-21 for losing)
|l|☆natty dice
|player|p2|
|l|☆hueehuuekkkk
|player|p1|
