|j|☆scykkroz
|j|☆bubaladis
|t:|1779885656
|gametype|singles
|player|p1|scykkroz|170|1148
|player|p2|bubaladis|2|1145
|gen|9
|tier|[Gen 9] OU
|rated|
|rule|HP Percentage Mod: HP is shown in percentages
|rule|Endless Battle Clause: Forcing endless battles is banned
|rule|Species Clause: Limit one of each Pokémon
|rule|OHKO Clause: OHKO moves are banned
|rule|Evasion Items Clause: Evasion items are banned
|rule|Evasion Moves Clause: Evasion moves are banned
|rule|Evasion Abilities Clause: Evasion abilities are banned
|rule|Sleep Moves Clause: Sleep-inducing moves are banned
|clearpoke
|poke|p1|Latios, M|
|poke|p1|Kyurem|
|poke|p1|Lucario, F|
|poke|p1|Gliscor, F|
|poke|p1|Talonflame, F|
|poke|p1|Dondozo, F|
|poke|p2|Tyranitar, M|
|poke|p2|Garchomp, M|
|poke|p2|Blastoise, M|
|poke|p2|Dragonite, M|
|poke|p2|Gyarados, M|
|poke|p2|Vileplume, F|
|teampreview
|inactive|Battle timer is ON: inactive players will automatically lose when time's up. (requested by scykkroz)
|
|t:|1779885686
|teamsize|p1|6
|teamsize|p2|6
|start
|switch|p1a: Gliscor|Gliscor, F|100/100
|switch|p2a: Tyranitar|Tyranitar, M|100/100
|-weather|Sandstorm|[from] ability: Sand Stream|[of] p2a: Tyranitar
|turn|1
|
|t:|1779885696
|move|p1a: Gliscor|Toxic Spikes|p2a: Tyranitar
|-sidestart|p2: bubaladis|move: Toxic Spikes
|move|p2a: Tyranitar|Stealth Rock|p1a: Gliscor
|-sidestart|p1: scykkroz|move: Stealth Rock
|
|-weather|Sandstorm|[upkeep]
|-status|p1a: Gliscor|tox|[from] item: Toxic Orb
|upkeep
|turn|2
|
|t:|1779885702
|move|p1a: Gliscor|Toxic Spikes|p2a: Tyranitar
|-sidestart|p2: bubaladis|move: Toxic Spikes
|move|p2a: Tyranitar|Avalanche|p1a: Gliscor
|-supereffective|p1a: Gliscor
|-damage|p1a: Gliscor|25/100 tox
|
|-weather|Sandstorm|[upkeep]
|-heal|p1a: Gliscor|37/100 tox|[from] ability: Poison Heal
|upkeep
|turn|3
|
|t:|1779885710
|move|p1a: Gliscor|Protect|p1a: Gliscor
|-singleturn|p1a: Gliscor|Protect
|move|p2a: Tyranitar|Avalanche|p1a: Gliscor
|-activate|p1a: Gliscor|move: Protect
|
|-weather|Sandstorm|[upkeep]
|-heal|p1a: Gliscor|50/100 tox|[from] ability: Poison Heal
|upkeep
|turn|4
|
|t:|1779885729
|switch|p1a: Dondozo|Dondozo, F|100/100
|move|p2a: Tyranitar|Avalanche|p1a: Dondozo
|-resisted|p1a: Dondozo
|-damage|p1a: Dondozo|95/100
|
|-weather|Sandstorm|[upkeep]
|-damage|p1a: Dondozo|89/100|[from] Sandstorm
|upkeep
|turn|5
|
|t:|1779885738
|switch|p2a: Vileplume|Vileplume, F|100/100
|-sideend|p2: bubaladis|move: Toxic Spikes|[of] p2a: Vileplume
|move|p1a: Dondozo|Curse|p1a: Dondozo
|-unboost|p1a: Dondozo|spe|1
|-boost|p1a: Dondozo|atk|1
|-boost|p1a: Dondozo|def|1
|
|-weather|none
|upkeep
|turn|6
|
|t:|1779885747
|switch|p1a: Talonflame|Talonflame, F|100/100
|-damage|p1a: Talonflame|51/100|[from] Stealth Rock
|move|p2a: Vileplume|Giga Drain|p1a: Talonflame
|-resisted|p1a: Talonflame
|-damage|p1a: Talonflame|38/100
|
|upkeep
|turn|7
|
|t:|1779885761
|switch|p2a: Tyranitar|Tyranitar, M|100/100
|-weather|Sandstorm|[from] ability: Sand Stream|[of] p2a: Tyranitar
|move|p1a: Talonflame|Flare Blitz|p2a: Tyranitar
|-resisted|p2a: Tyranitar
|-damage|p2a: Tyranitar|88/100
|-damage|p1a: Talonflame|34/100|[from] Recoil
|
|-weather|Sandstorm|[upkeep]
|-damage|p1a: Talonflame|28/100|[from] Sandstorm
|-heal|p2a: Tyranitar|94/100|[from] item: Leftovers
|upkeep
|turn|8
|
|t:|1779885777
|switch|p1a: Lucario|Lucario, F|100/100
|-damage|p1a: Lucario|98/100|[from] Stealth Rock
|-item|p1a: Lucario|Air Balloon
|move|p2a: Tyranitar|Avalanche|p1a: Lucario
|-resisted|p1a: Lucario
|-damage|p1a: Lucario|81/100
|-enditem|p1a: Lucario|Air Balloon
|
|-weather|Sandstorm|[upkeep]
|-heal|p2a: Tyranitar|100/100|[from] item: Leftovers
|upkeep
|turn|9
|
|t:|1779885790
|switch|p2a: Gyarados|Gyarados, M|100/100
|-ability|p2a: Gyarados|Intimidate|boost
|-fail|p1a: Lucario|unboost|Attack|[from] ability: Inner Focus|[of] p1a: Lucario
|move|p1a: Lucario|Swords Dance|p1a: Lucario
|-boost|p1a: Lucario|atk|2
|
|-weather|Sandstorm|[upkeep]
|-damage|p2a: Gyarados|94/100|[from] Sandstorm
|-heal|p2a: Gyarados|100/100|[from] item: Leftovers
|upkeep
|turn|10
|
|t:|1779885803
|move|p1a: Lucario|Swords Dance|p1a: Lucario
|-boost|p1a: Lucario|atk|2
|move|p2a: Gyarados|Thunder Wave|p1a: Lucario|[miss]
|-miss|p2a: Gyarados|p1a: Lucario
|
|-weather|Sandstorm|[upkeep]
|-damage|p2a: Gyarados|94/100|[from] Sandstorm
|-heal|p2a: Gyarados|100/100|[from] item: Leftovers
|upkeep
|turn|11
|
|t:|1779885812
|move|p1a: Lucario|Swords Dance|p1a: Lucario
|-boost|p1a: Lucario|atk|2
|move|p2a: Gyarados|Waterfall|p1a: Lucario
|-damage|p1a: Lucario|13/100
|
|-weather|none
|upkeep
|turn|12
|
|t:|1779885834
|move|p1a: Lucario|Extreme Speed|p2a: Gyarados
|-damage|p2a: Gyarados|0 fnt
|faint|p2a: Gyarados
|
|upkeep
|
|t:|1779885842
|switch|p2a: Dragonite|Dragonite, M|100/100
|turn|13
|
|t:|1779885846
|move|p1a: Lucario|Extreme Speed|p2a: Dragonite
|-damage|p2a: Dragonite|46/100
|move|p2a: Dragonite|Extreme Speed|p1a: Lucario
|-resisted|p1a: Lucario
|-damage|p1a: Lucario|0 fnt
|faint|p1a: Lucario
|
|-heal|p2a: Dragonite|52/100|[from] item: Leftovers
|upkeep
|
|t:|1779885864
|switch|p1a: Gliscor|Gliscor, F|50/100 tox
|-damage|p1a: Gliscor|37/100 tox|[from] Stealth Rock
|turn|14
|inactive|bubaladis has 120 seconds left.
|inactive|bubaladis has 90 seconds left.
|
|t:|1779885933
|switch|p2a: Tyranitar|Tyranitar, M|100/100
|-weather|Sandstorm|[from] ability: Sand Stream|[of] p2a: Tyranitar
|move|p1a: Gliscor|Protect||[still]
|-fail|p1a: Gliscor
|
|-weather|Sandstorm|[upkeep]
|-heal|p1a: Gliscor|50/100 tox|[from] ability: Poison Heal
|upkeep
|turn|15
|inactive|bubaladis has 90 seconds left.
|
|t:|1779885942
|move|p1a: Gliscor|Stealth Rock|p2a: Tyranitar
|-sidestart|p2: bubaladis|move: Stealth Rock
|move|p2a: Tyranitar|Avalanche|p1a: Gliscor
|-supereffective|p1a: Gliscor
|-crit|p1a: Gliscor
|-damage|p1a: Gliscor|0 fnt
|faint|p1a: Gliscor
|
|-weather|Sandstorm|[upkeep]
|upkeep
|
|t:|1779885950
|switch|p1a: Kyurem|Kyurem|100/100
|-damage|p1a: Kyurem|76/100|[from] Stealth Rock
|-ability|p1a: Kyurem|Pressure
|turn|16
|
|t:|1779885957
|move|p1a: Kyurem|Earth Power|p2a: Tyranitar
|-supereffective|p2a: Tyranitar
|-damage|p2a: Tyranitar|59/100
|move|p2a: Tyranitar|Earthquake|p1a: Kyurem
|-damage|p1a: Kyurem|45/100
|
|-weather|Sandstorm|[upkeep]
|-damage|p1a: Kyurem|39/100|[from] Sandstorm
|-heal|p2a: Tyranitar|65/100|[from] item: Leftovers
|upkeep
|turn|17
|
|t:|1779885967
|move|p1a: Kyurem|Earth Power|p2a: Tyranitar
|-supereffective|p2a: Tyranitar
|-damage|p2a: Tyranitar|23/100
|move|p2a: Tyranitar|Earthquake|p1a: Kyurem
|-damage|p1a: Kyurem|7/100
|
|-weather|Sandstorm|[upkeep]
|-damage|p1a: Kyurem|0 fnt|[from] Sandstorm
|faint|p1a: Kyurem
|-heal|p2a: Tyranitar|29/100|[from] item: Leftovers
|upkeep
|
|t:|1779885976
|switch|p1a: Latios|Latios, M|100/100
|-damage|p1a: Latios|88/100|[from] Stealth Rock
|turn|18
|
|t:|1779885981
|move|p1a: Latios|Calm Mind|p1a: Latios
|-boost|p1a: Latios|spa|1
|-boost|p1a: Latios|spd|1
|move|p2a: Tyranitar|Avalanche|p1a: Latios
|-supereffective|p1a: Latios
|-damage|p1a: Latios|54/100
|
|-weather|none
|-heal|p1a: Latios|60/100|[from] item: Leftovers
|-heal|p2a: Tyranitar|35/100|[from] item: Leftovers
|upkeep
|turn|19
|
|t:|1779885990
|switch|p1a: Dondozo|Dondozo, F|89/100
|move|p2a: Tyranitar|Avalanche|p1a: Dondozo
|-resisted|p1a: Dondozo
|-damage|p1a: Dondozo|82/100
|
|-heal|p2a: Tyranitar|42/100|[from] item: Leftovers
|upkeep
|turn|20
|
|t:|1779886000
|switch|p2a: Blastoise|Blastoise, M|100/100
|-damage|p2a: Blastoise|88/100|[from] Stealth Rock
|move|p1a: Dondozo|Aqua Tail|p2a: Blastoise
|-resisted|p2a: Blastoise
|-damage|p2a: Blastoise|73/100
|
|-heal|p2a: Blastoise|79/100|[from] item: Leftovers
|upkeep
|turn|21
|
|t:|1779886009
|move|p2a: Blastoise|Rapid Spin|p1a: Dondozo
|-damage|p1a: Dondozo|76/100
|-boost|p2a: Blastoise|spe|1
|-sideend|p2: bubaladis|Stealth Rock|[from] move: Rapid Spin|[of] p2a: Blastoise
|move|p1a: Dondozo|Curse|p1a: Dondozo
|-unboost|p1a: Dondozo|spe|1
|-boost|p1a: Dondozo|atk|1
|-boost|p1a: Dondozo|def|1
|
|-heal|p2a: Blastoise|85/100|[from] item: Leftovers
|upkeep
|turn|22
|
|t:|1779886019
|switch|p2a: Vileplume|Vileplume, F|100/100
|move|p1a: Dondozo|Curse|p1a: Dondozo
|-unboost|p1a: Dondozo|spe|1
|-boost|p1a: Dondozo|atk|1
|-boost|p1a: Dondozo|def|1
|
|upkeep
|turn|23
|
|t:|1779886027
|move|p2a: Vileplume|Giga Drain|p1a: Dondozo
|-supereffective|p1a: Dondozo
|-damage|p1a: Dondozo|22/100
|move|p1a: Dondozo|Curse|p1a: Dondozo
|-unboost|p1a: Dondozo|spe|1
|-boost|p1a: Dondozo|atk|1
|-boost|p1a: Dondozo|def|1
|
|upkeep
|turn|24
|
|t:|1779886034
|move|p2a: Vileplume|Giga Drain|p1a: Dondozo
|-supereffective|p1a: Dondozo
|-damage|p1a: Dondozo|0 fnt
|faint|p1a: Dondozo
|
|upkeep
|-message|scykkroz forfeited.
|
|win|bubaladis
|raw|scykkroz's rating: 1148 &rarr; <strong>1123</strong><br />(-25 for losing)
|raw|bubaladis's rating: 1145 &rarr; <strong>1170</strong><br />(+25 for winning)
|l|☆scykkroz
|player|p1|
|l|☆bubaladis
|player|p2|
