|j|☆taconohacko
|j|☆claudechamp
|t:|1779813151
|gametype|singles
|player|p1|taconohacko|170|1236
|player|p2|claudechamp|265|1225
|gen|9
|tier|[Gen 9] OU
|rated|
|rule|HP Percentage Mod: HP is shown in percentages
|rule|Endless Battle Clause: Forcing endless battles is banned
|rule|Species Clause: Limit one of each Pokémon
|rule|OHKO Clause: OHKO moves are banned
|rule|Evasion Items Clause: Evasion items are banned
|rule|Evasion Moves Clause: Evasion moves are banned
|rule|Evasion Abilities Clause: Evasion abilities are banned
|rule|Sleep Moves Clause: Sleep-inducing moves are banned
|clearpoke
|poke|p1|Blaziken, M|
|poke|p1|Decidueye-Hisui, M|
|poke|p1|Raging Bolt|
|poke|p1|Pelipper, M|
|poke|p1|Gholdengo|
|poke|p1|Avalugg-Hisui, M|
|poke|p2|Gliscor, F|
|poke|p2|Ogerpon, F|
|poke|p2|Walking Wake|
|poke|p2|Blissey, F|
|poke|p2|Corviknight, M|
|poke|p2|Pecharunt|
|teampreview
|c|☆claudechamp|hf
|inactive|Battle timer is ON: inactive players will automatically lose when time's up. (requested by claudechamp)
|
|t:|1779813161
|teamsize|p1|6
|teamsize|p2|6
|start
|switch|p1a: Pelipper|Pelipper, M|100/100
|switch|p2a: Gliscor|Gliscor, F|100/100
|-weather|RainDance|[from] ability: Drizzle|[of] p1a: Pelipper
|turn|1
|
|t:|1779813166
|move|p2a: Gliscor|Spikes|p1a: Pelipper
|-sidestart|p1: taconohacko|Spikes
|move|p1a: Pelipper|Weather Ball|p2a: Gliscor
|-supereffective|p2a: Gliscor
|-crit|p2a: Gliscor
|-damage|p2a: Gliscor|0 fnt
|faint|p2a: Gliscor
|
|-weather|RainDance|[upkeep]
|upkeep
|
|t:|1779813171
|switch|p2a: Blissey|Blissey, F|100/100
|turn|2
|
|t:|1779813177
|move|p1a: Pelipper|Hurricane|p2a: Blissey
|-damage|p2a: Blissey|84/100
|move|p2a: Blissey|Stealth Rock|p1a: Pelipper
|-sidestart|p1: taconohacko|move: Stealth Rock
|
|-weather|RainDance|[upkeep]
|upkeep
|turn|3
|
|t:|1779813182
|move|p1a: Pelipper|U-turn|p2a: Blissey
|-damage|p2a: Blissey|75/100
|
|t:|1779813185
|switch|p1a: Decidueye|Decidueye-Hisui, M|100/100|[from] U-turn
|-damage|p1a: Decidueye|88/100|[from] Spikes
|-damage|p1a: Decidueye|82/100|[from] Stealth Rock
|move|p2a: Blissey|Seismic Toss|p1a: Decidueye
|-damage|p1a: Decidueye|51/100
|
|-weather|RainDance|[upkeep]
|upkeep
|turn|4
|
|t:|1779813187
|move|p1a: Decidueye|Defog|p2a: Blissey
|-unboost|p2a: Blissey|evasion|1
|-sideend|p1: taconohacko|Spikes|[from] move: Defog|[of] p1a: Decidueye
|-sideend|p1: taconohacko|Stealth Rock|[from] move: Defog|[of] p1a: Decidueye
|move|p2a: Blissey|Calm Mind|p2a: Blissey
|-boost|p2a: Blissey|spa|1
|-boost|p2a: Blissey|spd|1
|
|-weather|RainDance|[upkeep]
|upkeep
|turn|5
|
|t:|1779813194
|move|p1a: Decidueye|Aura Sphere|p2a: Blissey
|-supereffective|p2a: Blissey
|-damage|p2a: Blissey|61/100
|move|p2a: Blissey|Stealth Rock|p1a: Decidueye
|-sidestart|p1: taconohacko|move: Stealth Rock
|
|-weather|none
|upkeep
|turn|6
|
|t:|1779813198
|move|p1a: Decidueye|Aura Sphere|p2a: Blissey
|-supereffective|p2a: Blissey
|-damage|p2a: Blissey|46/100
|move|p2a: Blissey|Seismic Toss|p1a: Decidueye
|-damage|p1a: Decidueye|19/100
|
|upkeep
|turn|7
|
|t:|1779813202
|move|p1a: Decidueye|Defog|p2a: Blissey
|-unboost|p2a: Blissey|evasion|1
|-sideend|p1: taconohacko|Stealth Rock|[from] move: Defog|[of] p1a: Decidueye
|move|p2a: Blissey|Soft-Boiled|p2a: Blissey
|-heal|p2a: Blissey|96/100
|
|upkeep
|turn|8
|
|t:|1779813210
|move|p1a: Decidueye|Aura Sphere|p2a: Blissey
|-supereffective|p2a: Blissey
|-damage|p2a: Blissey|80/100
|move|p2a: Blissey|Stealth Rock|p1a: Decidueye
|-sidestart|p1: taconohacko|move: Stealth Rock
|
|upkeep
|turn|9
|
|t:|1779813215
|move|p1a: Decidueye|Defog|p2a: Blissey
|-unboost|p2a: Blissey|evasion|1
|-sideend|p1: taconohacko|Stealth Rock|[from] move: Defog|[of] p1a: Decidueye
|move|p2a: Blissey|Seismic Toss|p1a: Decidueye
|-damage|p1a: Decidueye|0 fnt
|faint|p1a: Decidueye
|
|upkeep
|
|t:|1779813221
|switch|p1a: Blaziken|Blaziken, M|100/100
|turn|10
|
|t:|1779813227
|move|p1a: Blaziken|Close Combat|p2a: Blissey
|-supereffective|p2a: Blissey
|-damage|p2a: Blissey|0 fnt
|-unboost|p1a: Blaziken|def|1
|-unboost|p1a: Blaziken|spd|1
|faint|p2a: Blissey
|
|-ability|p1a: Blaziken|Speed Boost|boost
|-boost|p1a: Blaziken|spe|1
|upkeep
|
|t:|1779813234
|switch|p2a: Walking Wake|Walking Wake|100/100
|turn|11
|
|t:|1779813243
|move|p1a: Blaziken|Earthquake|p2a: Walking Wake
|-damage|p2a: Walking Wake|66/100
|move|p2a: Walking Wake|Surf|p1a: Blaziken
|-supereffective|p1a: Blaziken
|-enditem|p1a: Blaziken|Focus Sash
|-damage|p1a: Blaziken|1/100
|
|-ability|p1a: Blaziken|Speed Boost|boost
|-boost|p1a: Blaziken|spe|1
|upkeep
|turn|12
|
|t:|1779813248
|-end|p2a: Walking Wake|Protosynthesis|[silent]
|switch|p2a: Pecharunt|Pecharunt|100/100
|move|p1a: Blaziken|Close Combat|p2a: Pecharunt
|-immune|p2a: Pecharunt
|
|-ability|p1a: Blaziken|Speed Boost|boost
|-boost|p1a: Blaziken|spe|1
|upkeep
|turn|13
|
|t:|1779813257
|switch|p1a: Pelipper|Pelipper, M|100/100
|-weather|RainDance|[from] ability: Drizzle|[of] p1a: Pelipper
|move|p2a: Pecharunt|Malignant Chain|p1a: Pelipper
|-damage|p1a: Pelipper|50/100
|
|-weather|RainDance|[upkeep]
|upkeep
|turn|14
|
|t:|1779813265
|move|p2a: Pecharunt|Malignant Chain|p1a: Pelipper
|-damage|p1a: Pelipper|5/100
|-status|p1a: Pelipper|tox
|-start|p1a: Pelipper|confusion|[from] ability: Poison Puppeteer|[of] p2a: Pecharunt
|-activate|p1a: Pelipper|confusion
|move|p1a: Pelipper|Hurricane|p2a: Pecharunt
|-damage|p2a: Pecharunt|49/100
|
|-weather|RainDance|[upkeep]
|-damage|p1a: Pelipper|0 fnt|[from] psn
|faint|p1a: Pelipper
|upkeep
|
|t:|1779813275
|switch|p1a: Gholdengo|Gholdengo|100/100
|turn|15
|
|t:|1779813285
|-terastallize|p1a: Gholdengo|Fairy
|move|p1a: Gholdengo|Shadow Ball|p2a: Pecharunt
|-supereffective|p2a: Pecharunt
|-damage|p2a: Pecharunt|0 fnt
|faint|p2a: Pecharunt
|
|-weather|RainDance|[upkeep]
|upkeep
|
|t:|1779813292
|switch|p2a: Walking Wake|Walking Wake|66/100
|turn|16
|
|t:|1779813299
|move|p2a: Walking Wake|Surf|p1a: Gholdengo
|-damage|p1a: Gholdengo|27/100
|move|p1a: Gholdengo|Dazzling Gleam|p2a: Walking Wake
|-supereffective|p2a: Walking Wake
|-damage|p2a: Walking Wake|0 fnt
|faint|p2a: Walking Wake
|-end|p2a: Walking Wake|Protosynthesis|[silent]
|
|-weather|RainDance|[upkeep]
|upkeep
|
|t:|1779813307
|switch|p2a: Ogerpon|Ogerpon, F|100/100
|turn|17
|
|t:|1779813314
|move|p2a: Ogerpon|Ivy Cudgel|p1a: Gholdengo
|-damage|p1a: Gholdengo|0 fnt
|faint|p1a: Gholdengo
|
|-weather|none
|upkeep
|
|t:|1779813329
|switch|p1a: Blaziken|Blaziken, M|1/100
|turn|18
|
|t:|1779813334
|move|p2a: Ogerpon|Ivy Cudgel|p1a: Blaziken
|-resisted|p1a: Blaziken
|-damage|p1a: Blaziken|0 fnt
|faint|p1a: Blaziken
|
|upkeep
|
|t:|1779813337
|switch|p1a: Raging Bolt|Raging Bolt|100/100
|-enditem|p1a: Raging Bolt|Booster Energy
|-activate|p1a: Raging Bolt|ability: Protosynthesis|[fromitem]
|-start|p1a: Raging Bolt|protosynthesisspa
|turn|19
|
|t:|1779813346
|-terastallize|p2a: Ogerpon|Grass
|detailschange|p2a: Ogerpon|Ogerpon-Teal-Tera, F, tera:Grass
|-ability|p2a: Ogerpon|Embody Aspect (Teal)|boost
|-boost|p2a: Ogerpon|spe|1
|move|p2a: Ogerpon|Ivy Cudgel|p1a: Raging Bolt
|-resisted|p1a: Raging Bolt
|-damage|p1a: Raging Bolt|67/100
|move|p1a: Raging Bolt|Draco Meteor|p2a: Ogerpon
|-damage|p2a: Ogerpon|0 fnt
|-unboost|p1a: Raging Bolt|spa|2
|faint|p2a: Ogerpon
|detailschange|p2: Ogerpon|Ogerpon, F|[silent]
|
|upkeep
|
|t:|1779813354
|switch|p2a: Corviknight|Corviknight, M|100/100
|-ability|p2a: Corviknight|Pressure
|turn|20
|
|t:|1779813362
|move|p1a: Raging Bolt|Thunder|p2a: Corviknight
|-supereffective|p2a: Corviknight
|-damage|p2a: Corviknight|14/100
|move|p2a: Corviknight|Thief|p1a: Raging Bolt
|-damage|p1a: Raging Bolt|55/100
|
|upkeep
|turn|21
|
|t:|1779813371
|move|p1a: Raging Bolt|Thunderclap||[still]
|-fail|p1a: Raging Bolt
|move|p2a: Corviknight|Roost|p2a: Corviknight
|-heal|p2a: Corviknight|64/100
|-singleturn|p2a: Corviknight|move: Roost
|
|upkeep
|turn|22
|
|t:|1779813375
|move|p1a: Raging Bolt|Thunderclap|p2a: Corviknight
|-supereffective|p2a: Corviknight
|-damage|p2a: Corviknight|1/100
|move|p2a: Corviknight|Body Press|p1a: Raging Bolt
|-damage|p1a: Raging Bolt|28/100
|
|upkeep
|turn|23
|
|t:|1779813384
|move|p1a: Raging Bolt|Thunder|p2a: Corviknight
|-supereffective|p2a: Corviknight
|-damage|p2a: Corviknight|0 fnt
|faint|p2a: Corviknight
|
|win|taconohacko
|raw|taconohacko's rating: 1236 &rarr; <strong>1260</strong><br />(+24 for winning)
|raw|claudechamp's rating: 1225 &rarr; <strong>1201</strong><br />(-24 for losing)
|c|☆claudechamp|gg
|l|☆taconohacko
|player|p1|
|l|☆claudechamp
|player|p2|
