|j|☆placentastu
|j|☆gymplacek123
|t:|1779960129
|gametype|singles
|player|p1|placentastu|gentleman-gen4dp|1118
|player|p2|gymplacek123|2|1068
|gen|9
|tier|[Gen 9] OU
|rated|
|rule|HP Percentage Mod: HP is shown in percentages
|rule|Endless Battle Clause: Forcing endless battles is banned
|rule|Species Clause: Limit one of each Pokémon
|rule|OHKO Clause: OHKO moves are banned
|rule|Evasion Items Clause: Evasion items are banned
|rule|Evasion Moves Clause: Evasion moves are banned
|rule|Evasion Abilities Clause: Evasion abilities are banned
|rule|Sleep Moves Clause: Sleep-inducing moves are banned
|clearpoke
|poke|p1|Ogerpon-Wellspring, F|
|poke|p1|Moltres|
|poke|p1|Primarina, M|
|poke|p1|Galvantula, M|
|poke|p1|Dragonite, F|
|poke|p1|Great Tusk|
|poke|p2|Arbok, F|
|poke|p2|Gengar, M|
|poke|p2|Snorlax, M|
|poke|p2|Blaziken, M|
|poke|p2|Dragonite, F|
|poke|p2|Weezing, M|
|teampreview
|
|t:|1779960135
|teamsize|p1|6
|teamsize|p2|6
|start
|switch|p1a: Hypider|Galvantula, M|100/100
|switch|p2a: Weezing|Weezing, M|100/100
|turn|1
|
|t:|1779960148
|-terastallize|p1a: Hypider|Normal
|move|p1a: Hypider|Hyper Beam|p2a: Weezing
|-damage|p2a: Weezing|0 fnt
|-mustrecharge|p1a: Hypider
|faint|p2a: Weezing
|
|upkeep
|
|t:|1779960160
|switch|p2a: buřt|Arbok, F, shiny|100/100
|-ability|p2a: buřt|Intimidate|boost
|-unboost|p1a: Hypider|atk|1
|turn|2
|
|t:|1779960166
|cant|p1a: Hypider|recharge
|move|p2a: buřt|Toxic Spikes|p1a: Hypider
|-sidestart|p1: placentastu|move: Toxic Spikes
|
|upkeep
|turn|3
|
|t:|1779960171
|move|p2a: buřt|Protect|p2a: buřt
|-singleturn|p2a: buřt|Protect
|move|p1a: Hypider|Hyper Beam|p2a: buřt
|-activate|p2a: buřt|move: Protect
|
|upkeep
|turn|4
|
|t:|1779960177
|move|p1a: Hypider|Hyper Beam|p2a: buřt
|-enditem|p2a: buřt|Focus Sash
|-damage|p2a: buřt|1/100
|-mustrecharge|p1a: Hypider
|move|p2a: buřt|Toxic|p1a: Hypider
|-status|p1a: Hypider|tox
|
|-damage|p1a: Hypider|94/100 tox|[from] psn
|upkeep
|turn|5
|
|t:|1779960184
|cant|p1a: Hypider|recharge
|move|p2a: buřt|Dig||[still]
|-prepare|p2a: buřt|Dig
|
|-damage|p1a: Hypider|82/100 tox|[from] psn
|upkeep
|turn|6
|
|t:|1779960197
|move|p1a: Hypider|Hyper Beam|p2a: buřt|[miss]
|-miss|p1a: Hypider|p2a: buřt
|move|p2a: buřt|Dig|p1a: Hypider|[from] lockedmove
|-damage|p1a: Hypider|47/100 tox
|
|-damage|p1a: Hypider|29/100 tox|[from] psn
|upkeep
|turn|7
|
|t:|1779960204
|move|p2a: buřt|Protect|p2a: buřt
|-singleturn|p2a: buřt|Protect
|move|p1a: Hypider|Hyper Beam|p2a: buřt
|-activate|p2a: buřt|move: Protect
|
|-damage|p1a: Hypider|5/100 tox|[from] psn
|upkeep
|turn|8
|
|t:|1779960214
|move|p1a: Hypider|Hyper Beam|p2a: buřt
|-damage|p2a: buřt|0 fnt
|-mustrecharge|p1a: Hypider
|faint|p2a: buřt
|
|-damage|p1a: Hypider|0 fnt|[from] psn
|faint|p1a: Hypider
|upkeep
|
|t:|1779960231
|switch|p1a: Vamanos|Dragonite, F|100/100
|switch|p2a: Dragonite|Dragonite, F|100/100
|turn|9
|
|t:|1779960235
|move|p1a: Vamanos|Thunder Wave|p2a: Dragonite
|-status|p2a: Dragonite|par
|move|p2a: Dragonite|Dragon Tail|p1a: Vamanos|[miss]
|-miss|p2a: Dragonite|p1a: Vamanos
|
|upkeep
|turn|10
|
|t:|1779960247
|move|p1a: Vamanos|Dragon Tail|p2a: Dragonite
|-supereffective|p2a: Dragonite
|-damage|p2a: Dragonite|41/100 par
|-damage|p1a: Vamanos|84/100|[from] item: Rocky Helmet|[of] p2a: Dragonite
|drag|p2a: Blaziken|Blaziken, M|100/100
|
|upkeep
|turn|11
|
|t:|1779960264
|move|p1a: Vamanos|Thunder Wave|p2a: Blaziken
|-status|p2a: Blaziken|par
|cant|p2a: Blaziken|par
|
|upkeep
|turn|12
|
|t:|1779960269
|move|p1a: Vamanos|Earthquake|p2a: Blaziken
|-supereffective|p2a: Blaziken
|-damage|p2a: Blaziken|14/100 par
|move|p2a: Blaziken|Flame Charge|p1a: Vamanos
|-resisted|p1a: Vamanos
|-damage|p1a: Vamanos|66/100
|-boost|p2a: Blaziken|spe|1
|
|upkeep
|turn|13
|
|t:|1779960279
|switch|p2a: Snorlax|Snorlax, M|100/100
|move|p1a: Vamanos|Extreme Speed|p2a: Snorlax
|-damage|p2a: Snorlax|81/100
|-damage|p1a: Vamanos|50/100|[from] item: Rocky Helmet|[of] p2a: Snorlax
|
|upkeep
|turn|14
|
|t:|1779960287
|move|p1a: Vamanos|Thunder Wave|p2a: Snorlax
|-status|p2a: Snorlax|par
|cant|p2a: Snorlax|par
|
|upkeep
|turn|15
|
|t:|1779960292
|cant|p2a: Snorlax|par
|move|p1a: Vamanos|Dragon Tail|p2a: Snorlax
|-damage|p2a: Snorlax|58/100 par
|-damage|p1a: Vamanos|34/100|[from] item: Rocky Helmet|[of] p2a: Snorlax
|drag|p2a: Blaziken|Blaziken, M|14/100 par
|
|upkeep
|turn|16
|
|t:|1779960301
|move|p1a: Vamanos|Extreme Speed|p2a: Blaziken
|-damage|p2a: Blaziken|0 fnt
|faint|p2a: Blaziken
|
|upkeep
|
|t:|1779960305
|switch|p2a: Snorlax|Snorlax, M|58/100 par
|turn|17
|
|t:|1779960309
|move|p2a: Snorlax|Crunch|p1a: Vamanos
|-damage|p1a: Vamanos|12/100
|move|p1a: Vamanos|Dragon Tail|p2a: Snorlax
|-damage|p2a: Snorlax|37/100 par
|-damage|p1a: Vamanos|0 fnt|[from] item: Rocky Helmet|[of] p2a: Snorlax
|faint|p1a: Vamanos
|drag|p2a: Gengar|Gengar, M|100/100
|
|upkeep
|
|t:|1779960316
|switch|p1a: Donphantastic|Great Tusk|100/100
|-status|p1a: Donphantastic|psn
|turn|18
|
|t:|1779960322
|move|p2a: Gengar|Hex|p1a: Donphantastic
|-damage|p1a: Donphantastic|0 fnt
|faint|p1a: Donphantastic
|-end|p1a: Donphantastic|Protosynthesis|[silent]
|
|upkeep
|
|t:|1779960329
|switch|p1a: Mega-Flygon|Moltres|100/100
|turn|19
|
|t:|1779960332
|move|p2a: Gengar|Thunder|p1a: Mega-Flygon|[miss]
|-miss|p2a: Gengar|p1a: Mega-Flygon
|move|p1a: Mega-Flygon|Flamethrower|p2a: Gengar
|-crit|p2a: Gengar
|-enditem|p2a: Gengar|Focus Sash
|-damage|p2a: Gengar|1/100
|
|upkeep
|turn|20
|
|t:|1779960344
|move|p2a: Gengar|Thunder|p1a: Mega-Flygon|[miss]
|-miss|p2a: Gengar|p1a: Mega-Flygon
|move|p1a: Mega-Flygon|U-turn|p2a: Gengar
|-resisted|p2a: Gengar
|-damage|p2a: Gengar|0 fnt
|-start|p1a: Mega-Flygon|Disable|U-turn|[from] ability: Cursed Body|[of] p2a: Gengar
|faint|p2a: Gengar
|c|☆placentastu|Sorry
|
|t:|1779960354
|switch|p1a: Little Merman|Primarina, M|100/100|[from] U-turn
|-status|p1a: Little Merman|psn
|
|-damage|p1a: Little Merman|88/100 psn|[from] psn
|upkeep
|
|t:|1779960365
|switch|p2a: Snorlax|Snorlax, M|37/100 par
|turn|21
|
|t:|1779960373
|move|p1a: Little Merman|Moonblast|p2a: Snorlax
|-damage|p2a: Snorlax|0 fnt
|faint|p2a: Snorlax
|
|-damage|p1a: Little Merman|76/100 psn|[from] psn
|upkeep
|
|t:|1779960379
|switch|p2a: Dragonite|Dragonite, F|41/100 par
|turn|22
|
|t:|1779960382
|move|p2a: Dragonite|Protect|p2a: Dragonite
|-singleturn|p2a: Dragonite|Protect
|move|p1a: Little Merman|Moonblast|p2a: Dragonite
|-activate|p2a: Dragonite|move: Protect
|
|-damage|p1a: Little Merman|63/100 psn|[from] psn
|upkeep
|turn|23
|
|t:|1779960390
|move|p1a: Little Merman|Moonblast|p2a: Dragonite
|-supereffective|p2a: Dragonite
|-damage|p2a: Dragonite|0 fnt
|faint|p2a: Dragonite
|
|win|placentastu
|raw|placentastu's rating: 1118 &rarr; <strong>1139</strong><br />(+21 for winning)
|raw|gymplacek123's rating: 1068 &rarr; <strong>1051</strong><br />(-17 for losing)
|l|☆placentastu
|player|p1|
|l|☆gymplacek123
|player|p2|
