|j|☆claudechamp
|j|‽Duncandu
|t:|1779813143
|gametype|singles
|player|p1|claudechamp|265|1225
|player|p2|Duncandu|265|1272
|gen|9
|tier|[Gen 9] OU
|rated|
|rule|HP Percentage Mod: HP is shown in percentages
|rule|Endless Battle Clause: Forcing endless battles is banned
|rule|Species Clause: Limit one of each Pokémon
|rule|OHKO Clause: OHKO moves are banned
|rule|Evasion Items Clause: Evasion items are banned
|rule|Evasion Moves Clause: Evasion moves are banned
|rule|Evasion Abilities Clause: Evasion abilities are banned
|rule|Sleep Moves Clause: Sleep-inducing moves are banned
|clearpoke
|poke|p1|Gliscor, F|
|poke|p1|Gholdengo|
|poke|p1|Zamazenta-*|
|poke|p1|Blissey, F|
|poke|p1|Skarmory, F|
|poke|p1|Pecharunt|
|poke|p2|Ogerpon-Wellspring, F|
|poke|p2|Corviknight, F|
|poke|p2|Raging Bolt|
|poke|p2|Latias, F|
|poke|p2|Gliscor, F|
|poke|p2|Ceruledge, M|
|teampreview
|c|☆claudechamp|hf
|inactive|Battle timer is ON: inactive players will automatically lose when time's up. (requested by claudechamp)
|
|t:|1779813149
|teamsize|p1|6
|teamsize|p2|6
|start
|switch|p1a: Skarmory|Skarmory, F|100/100
|switch|p2a: Ogerpon|Ogerpon-Wellspring, F|100/100
|turn|1
|
|t:|1779813156
|switch|p2a: Gliscor|Gliscor, F|100/100
|move|p1a: Skarmory|Spikes|p2a: Gliscor
|-sidestart|p2: Duncandu|Spikes
|
|-status|p2a: Gliscor|tox|[from] item: Toxic Orb
|upkeep
|turn|2
|
|t:|1779813160
|move|p2a: Gliscor|Stealth Rock|p1a: Skarmory
|-sidestart|p1: claudechamp|move: Stealth Rock
|move|p1a: Skarmory|Spikes|p2a: Gliscor
|-sidestart|p2: Duncandu|Spikes
|
|upkeep
|turn|3
|
|t:|1779813166
|move|p2a: Gliscor|Knock Off|p1a: Skarmory
|-damage|p1a: Skarmory|86/100
|-enditem|p1a: Skarmory|Heavy-Duty Boots|[from] move: Knock Off|[of] p2a: Gliscor
|move|p1a: Skarmory|Spikes|p2a: Gliscor
|-sidestart|p2: Duncandu|Spikes
|
|upkeep
|turn|4
|
|t:|1779813172
|move|p2a: Gliscor|Facade|p1a: Skarmory
|-resisted|p1a: Skarmory
|-damage|p1a: Skarmory|75/100
|move|p1a: Skarmory|Roost|p1a: Skarmory
|-heal|p1a: Skarmory|100/100
|-singleturn|p1a: Skarmory|move: Roost
|
|upkeep
|turn|5
|
|t:|1779813180
|switch|p2a: Corviknight|Corviknight, F|100/100
|move|p1a: Skarmory|Whirlwind|p2a: Corviknight
|drag|p2a: Gliscor|Gliscor, F|100/100 tox
|
|upkeep
|turn|6
|
|t:|1779813189
|switch|p1a: Gholdengo|Gholdengo|100/100
|-damage|p1a: Gholdengo|94/100|[from] Stealth Rock
|move|p2a: Gliscor|Facade|p1a: Gholdengo
|-immune|p1a: Gholdengo
|
|upkeep
|turn|7
|
|t:|1779813194
|move|p1a: Gholdengo|Nasty Plot|p1a: Gholdengo
|-boost|p1a: Gholdengo|spa|2
|move|p2a: Gliscor|Knock Off|p1a: Gholdengo
|-supereffective|p1a: Gholdengo
|-damage|p1a: Gholdengo|58/100
|-enditem|p1a: Gholdengo|Ability Shield|[from] move: Knock Off|[of] p2a: Gliscor
|
|upkeep
|turn|8
|
|t:|1779813201
|move|p1a: Gholdengo|Hex|p2a: Gliscor
|-damage|p2a: Gliscor|0 fnt
|faint|p2a: Gliscor
|
|upkeep
|
|t:|1779813212
|switch|p2a: Ceruledge|Ceruledge, M|100/100
|-damage|p2a: Ceruledge|76/100|[from] Spikes
|turn|9
|
|t:|1779813217
|move|p2a: Ceruledge|Bitter Blade|p1a: Gholdengo
|-supereffective|p1a: Gholdengo
|-damage|p1a: Gholdengo|0 fnt
|-heal|p2a: Ceruledge|100/100|[from] drain|[of] p1a: Gholdengo
|faint|p1a: Gholdengo
|-damage|p2a: Ceruledge|91/100|[from] item: Life Orb
|
|upkeep
|
|t:|1779813220
|switch|p1a: Gliscor|Gliscor, F|100/100
|-damage|p1a: Gliscor|88/100|[from] Stealth Rock
|turn|10
|
|t:|1779813223
|switch|p2a: Corviknight|Corviknight, F|100/100
|move|p1a: Gliscor|Earthquake|p2a: Corviknight
|-immune|p2a: Corviknight
|
|-status|p1a: Gliscor|tox|[from] item: Toxic Orb
|upkeep
|turn|11
|
|t:|1779813229
|move|p1a: Gliscor|Knock Off|p2a: Corviknight
|-damage|p2a: Corviknight|88/100
|-damage|p1a: Gliscor|72/100 tox|[from] item: Rocky Helmet|[of] p2a: Corviknight
|-enditem|p2a: Corviknight|Rocky Helmet|[from] move: Knock Off|[of] p1a: Gliscor
|move|p2a: Corviknight|Defog|p1a: Gliscor
|-unboost|p1a: Gliscor|evasion|1
|-sideend|p1: claudechamp|Stealth Rock|[from] move: Defog|[of] p2a: Corviknight
|-sideend|p2: Duncandu|Spikes|[from] move: Defog|[of] p2a: Corviknight
|
|-heal|p1a: Gliscor|84/100 tox|[from] ability: Poison Heal
|upkeep
|turn|12
|
|t:|1779813237
|move|p1a: Gliscor|Swords Dance|p1a: Gliscor
|-boost|p1a: Gliscor|atk|2
|move|p2a: Corviknight|Roost|p2a: Corviknight
|-heal|p2a: Corviknight|100/100
|-singleturn|p2a: Corviknight|move: Roost
|
|-heal|p1a: Gliscor|97/100 tox|[from] ability: Poison Heal
|upkeep
|turn|13
|
|t:|1779813248
|move|p1a: Gliscor|Swords Dance|p1a: Gliscor
|-boost|p1a: Gliscor|atk|2
|move|p2a: Corviknight|Body Press|p1a: Gliscor
|-resisted|p1a: Gliscor
|-damage|p1a: Gliscor|87/100 tox
|
|-heal|p1a: Gliscor|99/100 tox|[from] ability: Poison Heal
|upkeep
|turn|14
|
|t:|1779813256
|move|p1a: Gliscor|Knock Off|p2a: Corviknight
|-damage|p2a: Corviknight|76/100
|move|p2a: Corviknight|Body Press|p1a: Gliscor
|-resisted|p1a: Gliscor
|-damage|p1a: Gliscor|90/100 tox
|
|-heal|p1a: Gliscor|100/100 tox|[from] ability: Poison Heal
|upkeep
|turn|15
|
|t:|1779813265
|move|p1a: Gliscor|Swords Dance|p1a: Gliscor
|-boost|p1a: Gliscor|atk|2
|move|p2a: Corviknight|U-turn|p1a: Gliscor
|-resisted|p1a: Gliscor
|-damage|p1a: Gliscor|94/100 tox
|
|t:|1779813267
|switch|p2a: Ogerpon|Ogerpon-Wellspring, F|100/100|[from] U-turn
|
|-heal|p1a: Gliscor|100/100 tox|[from] ability: Poison Heal
|upkeep
|turn|16
|
|t:|1779813271
|move|p2a: Ogerpon|Encore|p1a: Gliscor
|-start|p1a: Gliscor|Encore
|move|p1a: Gliscor|Swords Dance|p1a: Gliscor
|-boost|p1a: Gliscor|atk|0
|
|upkeep
|turn|17
|
|t:|1779813275
|switch|p1a: Zamazenta|Zamazenta|100/100
|-ability|p1a: Zamazenta|Dauntless Shield|boost
|-boost|p1a: Zamazenta|def|1
|-terastallize|p2a: Ogerpon|Water
|detailschange|p2a: Ogerpon|Ogerpon-Wellspring-Tera, F, tera:Water
|-ability|p2a: Ogerpon|Embody Aspect (Wellspring)|boost
|-boost|p2a: Ogerpon|spd|1
|move|p2a: Ogerpon|Ivy Cudgel|p1a: Zamazenta|[anim] Ivy Cudgel Water
|-damage|p1a: Zamazenta|50/100
|
|upkeep
|turn|18
|
|t:|1779813281
|move|p1a: Zamazenta|Close Combat|p2a: Ogerpon
|-damage|p2a: Ogerpon|30/100
|-unboost|p1a: Zamazenta|def|1
|-unboost|p1a: Zamazenta|spd|1
|move|p2a: Ogerpon|Ivy Cudgel|p1a: Zamazenta|[anim] Ivy Cudgel Water
|-crit|p1a: Zamazenta
|-damage|p1a: Zamazenta|0 fnt
|faint|p1a: Zamazenta
|
|upkeep
|
|t:|1779813284
|switch|p1a: Pecharunt|Pecharunt|100/100
|turn|19
|
|t:|1779813287
|switch|p2a: Corviknight|Corviknight, F|76/100
|move|p1a: Pecharunt|Toxic|p2a: Corviknight
|-immune|p2a: Corviknight
|
|upkeep
|turn|20
|
|t:|1779813295
|switch|p1a: Gliscor|Gliscor, F|100/100 tox
|move|p2a: Corviknight|U-turn|p1a: Gliscor
|-resisted|p1a: Gliscor
|-damage|p1a: Gliscor|95/100 tox
|
|t:|1779813297
|switch|p2a: Ogerpon|Ogerpon-Wellspring-Tera, F, tera:Water|30/100|[from] U-turn
|-ability|p2a: Ogerpon|Embody Aspect (Wellspring)|boost
|-boost|p2a: Ogerpon|spd|1
|
|-heal|p1a: Gliscor|100/100 tox|[from] ability: Poison Heal
|upkeep
|turn|21
|
|t:|1779813305
|-terastallize|p1a: Gliscor|Dark
|move|p2a: Ogerpon|Ivy Cudgel|p1a: Gliscor|[anim] Ivy Cudgel Water
|-damage|p1a: Gliscor|38/100 tox
|move|p1a: Gliscor|Earthquake|p2a: Ogerpon
|-damage|p2a: Ogerpon|0 fnt
|faint|p2a: Ogerpon
|detailschange|p2: Ogerpon|Ogerpon-Wellspring, F|[silent]
|
|-heal|p1a: Gliscor|50/100 tox|[from] ability: Poison Heal
|upkeep
|
|t:|1779813311
|switch|p2a: Corviknight|Corviknight, F|76/100
|turn|22
|
|t:|1779813315
|move|p1a: Gliscor|Protect|p1a: Gliscor
|-singleturn|p1a: Gliscor|Protect
|move|p2a: Corviknight|U-turn|p1a: Gliscor
|-activate|p1a: Gliscor|move: Protect
|
|-heal|p1a: Gliscor|63/100 tox|[from] ability: Poison Heal
|upkeep
|turn|23
|
|t:|1779813319
|switch|p1a: Pecharunt|Pecharunt|100/100
|move|p2a: Corviknight|U-turn|p1a: Pecharunt
|-resisted|p1a: Pecharunt
|-damage|p1a: Pecharunt|99/100
|
|t:|1779813323
|switch|p2a: Ceruledge|Ceruledge, M|91/100|[from] U-turn
|
|upkeep
|turn|24
|
|t:|1779813328
|move|p2a: Ceruledge|Swords Dance|p2a: Ceruledge
|-boost|p2a: Ceruledge|atk|2
|move|p1a: Pecharunt|Parting Shot|p2a: Ceruledge
|-unboost|p2a: Ceruledge|atk|1
|-unboost|p2a: Ceruledge|spa|1
|
|t:|1779813335
|switch|p1a: Gliscor|Gliscor, F, tera:Dark|63/100 tox|[from] Parting Shot
|
|-heal|p1a: Gliscor|75/100 tox|[from] ability: Poison Heal
|upkeep
|turn|25
|
|t:|1779813340
|move|p2a: Ceruledge|Bitter Blade|p1a: Gliscor
|-damage|p1a: Gliscor|0 fnt
|-heal|p2a: Ceruledge|100/100|[from] drain|[of] p1a: Gliscor
|faint|p1a: Gliscor
|-damage|p2a: Ceruledge|91/100|[from] item: Life Orb
|
|upkeep
|
|t:|1779813353
|switch|p1a: Skarmory|Skarmory, F|100/100
|turn|26
|
|t:|1779813361
|move|p2a: Ceruledge|Bitter Blade|p1a: Skarmory
|-supereffective|p1a: Skarmory
|-ability|p1a: Skarmory|Sturdy
|-damage|p1a: Skarmory|1/100
|-heal|p2a: Ceruledge|100/100|[from] drain|[of] p1a: Skarmory
|-damage|p2a: Ceruledge|91/100|[from] item: Life Orb
|move|p1a: Skarmory|Whirlwind|p2a: Ceruledge
|drag|p2a: Raging Bolt|Raging Bolt|100/100
|
|upkeep
|turn|27
|
|t:|1779813368
|move|p1a: Skarmory|Roost|p1a: Skarmory
|-heal|p1a: Skarmory|51/100
|-singleturn|p1a: Skarmory|move: Roost
|move|p2a: Raging Bolt|Volt Switch|p1a: Skarmory
|-damage|p1a: Skarmory|0 fnt
|faint|p1a: Skarmory
|
|t:|1779813374
|-end|p2a: Raging Bolt|Protosynthesis|[silent]
|switch|p2a: Corviknight|Corviknight, F|76/100|[from] Volt Switch
|
|upkeep
|
|t:|1779813380
|switch|p1a: Pecharunt|Pecharunt|99/100
|turn|28
|
|t:|1779813390
|move|p1a: Pecharunt|Shadow Ball|p2a: Corviknight
|-damage|p2a: Corviknight|51/100
|move|p2a: Corviknight|U-turn|p1a: Pecharunt
|-resisted|p1a: Pecharunt
|-damage|p1a: Pecharunt|97/100
|
|t:|1779813393
|switch|p2a: Ceruledge|Ceruledge, M|91/100|[from] U-turn
|
|upkeep
|turn|29
|
|t:|1779813398
|move|p2a: Ceruledge|Poltergeist|p1a: Pecharunt
|-activate|p1a: Pecharunt|move: Poltergeist|Heavy-Duty Boots
|-supereffective|p1a: Pecharunt
|-damage|p1a: Pecharunt|27/100
|-damage|p2a: Ceruledge|81/100|[from] item: Life Orb
|move|p1a: Pecharunt|Shadow Ball|p2a: Ceruledge
|-supereffective|p2a: Ceruledge
|-damage|p2a: Ceruledge|24/100
|-unboost|p2a: Ceruledge|spd|1
|
|upkeep
|turn|30
|
|t:|1779813411
|move|p2a: Ceruledge|Bitter Blade|p1a: Pecharunt
|-damage|p1a: Pecharunt|0 fnt
|-heal|p2a: Ceruledge|41/100|[from] drain|[of] p1a: Pecharunt
|faint|p1a: Pecharunt
|-damage|p2a: Ceruledge|31/100|[from] item: Life Orb
|
|upkeep
|
|t:|1779813420
|switch|p1a: Blissey|Blissey, F|100/100
|turn|31
|
|t:|1779813429
|move|p2a: Ceruledge|Bitter Blade|p1a: Blissey
|-damage|p1a: Blissey|39/100
|-heal|p2a: Ceruledge|100/100|[from] drain|[of] p1a: Blissey
|-damage|p2a: Ceruledge|91/100|[from] item: Life Orb
|move|p1a: Blissey|Shadow Ball|p2a: Ceruledge
|-supereffective|p2a: Ceruledge
|-damage|p2a: Ceruledge|36/100
|
|upkeep
|turn|32
|
|t:|1779813438
|move|p2a: Ceruledge|Bitter Blade|p1a: Blissey
|-damage|p1a: Blissey|0 fnt
|-heal|p2a: Ceruledge|79/100|[from] drain|[of] p1a: Blissey
|faint|p1a: Blissey
|-damage|p2a: Ceruledge|69/100|[from] item: Life Orb
|
|win|Duncandu
|raw|claudechamp's rating: 1227 &rarr; <strong>1205</strong><br />(-22 for losing)
|raw|Duncandu's rating: 1272 &rarr; <strong>1294</strong><br />(+22 for winning)
|c|☆claudechamp|gg
|l|‽Duncandu
|player|p2|
