|j|☆Soyyo1223
|j|☆WiiShopMusic
|t:|1779887187
|gametype|singles
|player|p1|Soyyo1223|palmer|1266
|player|p2|WiiShopMusic|265|1253
|gen|9
|tier|[Gen 9] OU
|rated|
|rule|HP Percentage Mod: HP is shown in percentages
|rule|Endless Battle Clause: Forcing endless battles is banned
|rule|Species Clause: Limit one of each Pokémon
|rule|OHKO Clause: OHKO moves are banned
|rule|Evasion Items Clause: Evasion items are banned
|rule|Evasion Moves Clause: Evasion moves are banned
|rule|Evasion Abilities Clause: Evasion abilities are banned
|rule|Sleep Moves Clause: Sleep-inducing moves are banned
|clearpoke
|poke|p1|Garganacl, F|
|poke|p1|Grimmsnarl, M|
|poke|p1|Gyarados, F|
|poke|p1|Iron Moth|
|poke|p1|Jirachi|
|poke|p1|Serperior, F|
|poke|p2|Ninetales-Alola, F|
|poke|p2|Sandslash-Alola, F|
|poke|p2|Cetitan, F|
|poke|p2|Rabsca, F|
|poke|p2|Toxapex, M|
|poke|p2|Zapdos|
|teampreview
|
|t:|1779887199
|teamsize|p1|6
|teamsize|p2|6
|start
|switch|p1a: Iron Moth|Iron Moth|100/100
|switch|p2a: Ninetales|Ninetales-Alola, F|100/100
|-weather|Snowscape|[from] ability: Snow Warning|[of] p2a: Ninetales
|turn|1
|
|t:|1779887206
|switch|p2a: Toxapex|Toxapex, M|100/100
|move|p1a: Iron Moth|Sludge Wave|p2a: Toxapex
|-resisted|p2a: Toxapex
|-damage|p2a: Toxapex|69/100
|-enditem|p2a: Toxapex|Eject Button
|
|t:|1779887216
|switch|p2a: Sandslash|Sandslash-Alola, F|100/100
|
|-weather|Snowscape|[upkeep]
|upkeep
|turn|2
|
|t:|1779887224
|-end|p1a: Iron Moth|Quark Drive|[silent]
|switch|p1a: Gyarados|Gyarados, F|100/100
|-ability|p1a: Gyarados|Intimidate|boost
|-unboost|p2a: Sandslash|atk|1
|move|p2a: Sandslash|Earthquake|p1a: Gyarados
|-immune|p1a: Gyarados
|
|-weather|Snowscape|[upkeep]
|upkeep
|turn|3
|
|t:|1779887229
|move|p2a: Sandslash|Swords Dance|p2a: Sandslash
|-boost|p2a: Sandslash|atk|2
|move|p1a: Gyarados|Dragon Dance|p1a: Gyarados
|-boost|p1a: Gyarados|atk|1
|-boost|p1a: Gyarados|spe|1
|
|-weather|Snowscape|[upkeep]
|upkeep
|turn|4
|
|t:|1779887234
|move|p2a: Sandslash|Ice Spinner|p1a: Gyarados
|-damage|p1a: Gyarados|22/100
|-enditem|p1a: Gyarados|Sitrus Berry|[eat]
|-heal|p1a: Gyarados|47/100|[from] item: Sitrus Berry
|-damage|p2a: Sandslash|91/100|[from] item: Life Orb
|move|p1a: Gyarados|Earthquake|p2a: Sandslash
|-supereffective|p2a: Sandslash
|-damage|p2a: Sandslash|20/100
|
|-weather|Snowscape|[upkeep]
|upkeep
|turn|5
|
|t:|1779887256
|switch|p1a: Grimmsnarl|Grimmsnarl, M|100/100
|move|p2a: Sandslash|Ice Spinner|p1a: Grimmsnarl
|-damage|p1a: Grimmsnarl|14/100
|-damage|p2a: Sandslash|10/100|[from] item: Life Orb
|
|-weather|Snowscape|[upkeep]
|upkeep
|turn|6
|
|t:|1779887274
|switch|p2a: Ninetales|Ninetales-Alola, F|100/100
|move|p1a: Grimmsnarl|Sucker Punch||[still]
|-fail|p1a: Grimmsnarl
|
|-weather|Snowscape|[upkeep]
|upkeep
|turn|7
|
|t:|1779887282
|move|p1a: Grimmsnarl|Parting Shot|p2a: Ninetales
|-unboost|p2a: Ninetales|atk|1
|-unboost|p2a: Ninetales|spa|1
|
|t:|1779887285
|switch|p1a: Jirachi|Jirachi|100/100|[from] Parting Shot
|move|p2a: Ninetales|Aurora Veil|p2a: Ninetales
|-sidestart|p2: WiiShopMusic|move: Aurora Veil
|
|-weather|Snowscape|[upkeep]
|upkeep
|turn|8
|
|t:|1779887297
|switch|p2a: Zapdos|Zapdos|100/100
|move|p1a: Jirachi|Thunder Wave|p2a: Zapdos
|-immune|p2a: Zapdos
|
|-weather|none
|upkeep
|turn|9
|
|t:|1779887303
|move|p2a: Zapdos|Thunderbolt|p1a: Jirachi
|-damage|p1a: Jirachi|74/100
|move|p1a: Jirachi|Cosmic Power|p1a: Jirachi
|-boost|p1a: Jirachi|def|1
|-boost|p1a: Jirachi|spd|1
|
|-heal|p1a: Jirachi|80/100|[from] item: Leftovers
|upkeep
|turn|10
|
|t:|1779887307
|move|p2a: Zapdos|Heat Wave|p1a: Jirachi
|-supereffective|p1a: Jirachi
|-damage|p1a: Jirachi|54/100
|-status|p1a: Jirachi|brn
|move|p1a: Jirachi|Cosmic Power|p1a: Jirachi
|-boost|p1a: Jirachi|def|1
|-boost|p1a: Jirachi|spd|1
|
|-heal|p1a: Jirachi|60/100 brn|[from] item: Leftovers
|-damage|p1a: Jirachi|54/100 brn|[from] brn
|upkeep
|turn|11
|
|t:|1779887319
|move|p2a: Zapdos|Heat Wave|p1a: Jirachi
|-supereffective|p1a: Jirachi
|-damage|p1a: Jirachi|34/100 brn
|move|p1a: Jirachi|Wish|p1a: Jirachi
|
|-heal|p1a: Jirachi|40/100 brn|[from] item: Leftovers
|-damage|p1a: Jirachi|34/100 brn|[from] brn
|-sideend|p2: WiiShopMusic|move: Aurora Veil
|upkeep
|turn|12
|
|t:|1779887324
|move|p2a: Zapdos|U-turn|p1a: Jirachi
|-damage|p1a: Jirachi|28/100 brn
|
|t:|1779887328
|switch|p2a: Ninetales|Ninetales-Alola, F|100/100|[from] U-turn
|-weather|Snowscape|[from] ability: Snow Warning|[of] p2a: Ninetales
|move|p1a: Jirachi|Cosmic Power|p1a: Jirachi
|-boost|p1a: Jirachi|def|1
|-boost|p1a: Jirachi|spd|1
|
|-weather|Snowscape|[upkeep]
|-heal|p1a: Jirachi|78/100 brn|[from] move: Wish|[wisher] Jirachi
|-heal|p1a: Jirachi|85/100 brn|[from] item: Leftovers
|-damage|p1a: Jirachi|78/100 brn|[from] brn
|upkeep
|turn|13
|
|t:|1779887332
|move|p2a: Ninetales|Encore|p1a: Jirachi
|-start|p1a: Jirachi|Encore
|move|p1a: Jirachi|Cosmic Power|p1a: Jirachi
|-boost|p1a: Jirachi|def|1
|-boost|p1a: Jirachi|spd|1
|
|-weather|Snowscape|[upkeep]
|-heal|p1a: Jirachi|85/100 brn|[from] item: Leftovers
|-damage|p1a: Jirachi|78/100 brn|[from] brn
|upkeep
|turn|14
|
|t:|1779887337
|move|p2a: Ninetales|Moonblast|p1a: Jirachi
|-resisted|p1a: Jirachi
|-damage|p1a: Jirachi|75/100 brn
|move|p1a: Jirachi|Cosmic Power|p1a: Jirachi
|-boost|p1a: Jirachi|def|1
|-boost|p1a: Jirachi|spd|1
|
|-weather|Snowscape|[upkeep]
|-heal|p1a: Jirachi|81/100 brn|[from] item: Leftovers
|-damage|p1a: Jirachi|75/100 brn|[from] brn
|upkeep
|turn|15
|
|t:|1779887345
|move|p2a: Ninetales|Moonblast|p1a: Jirachi
|-resisted|p1a: Jirachi
|-damage|p1a: Jirachi|71/100 brn
|-unboost|p1a: Jirachi|spa|1
|move|p1a: Jirachi|Cosmic Power|p1a: Jirachi
|-boost|p1a: Jirachi|def|1
|-boost|p1a: Jirachi|spd|1
|
|-weather|Snowscape|[upkeep]
|-heal|p1a: Jirachi|77/100 brn|[from] item: Leftovers
|-damage|p1a: Jirachi|71/100 brn|[from] brn
|-end|p1a: Jirachi|Encore
|upkeep
|turn|16
|
|t:|1779887348
|move|p2a: Ninetales|Encore|p1a: Jirachi
|-start|p1a: Jirachi|Encore
|move|p1a: Jirachi|Cosmic Power|p1a: Jirachi
|-boost|p1a: Jirachi|def|0
|-boost|p1a: Jirachi|spd|0
|
|-weather|Snowscape|[upkeep]
|-heal|p1a: Jirachi|77/100 brn|[from] item: Leftovers
|-damage|p1a: Jirachi|71/100 brn|[from] brn
|upkeep
|turn|17
|
|t:|1779887353
|move|p2a: Ninetales|Moonblast|p1a: Jirachi
|-resisted|p1a: Jirachi
|-damage|p1a: Jirachi|68/100 brn
|move|p1a: Jirachi|Cosmic Power|p1a: Jirachi
|-boost|p1a: Jirachi|def|0
|-boost|p1a: Jirachi|spd|0
|
|-weather|Snowscape|[upkeep]
|-heal|p1a: Jirachi|75/100 brn|[from] item: Leftovers
|-damage|p1a: Jirachi|68/100 brn|[from] brn
|upkeep
|turn|18
|
|t:|1779887357
|move|p2a: Ninetales|Moonblast|p1a: Jirachi
|-resisted|p1a: Jirachi
|-damage|p1a: Jirachi|66/100 brn
|move|p1a: Jirachi|Cosmic Power|p1a: Jirachi
|-boost|p1a: Jirachi|def|0
|-boost|p1a: Jirachi|spd|0
|
|-weather|Snowscape|[upkeep]
|-heal|p1a: Jirachi|72/100 brn|[from] item: Leftovers
|-damage|p1a: Jirachi|66/100 brn|[from] brn
|-end|p1a: Jirachi|Encore
|upkeep
|turn|19
|
|t:|1779887359
|move|p2a: Ninetales|Encore|p1a: Jirachi
|-start|p1a: Jirachi|Encore
|move|p1a: Jirachi|Cosmic Power|p1a: Jirachi
|-boost|p1a: Jirachi|def|0
|-boost|p1a: Jirachi|spd|0
|
|-weather|none
|-heal|p1a: Jirachi|72/100 brn|[from] item: Leftovers
|-damage|p1a: Jirachi|66/100 brn|[from] brn
|upkeep
|turn|20
|
|t:|1779887366
|switch|p2a: Zapdos|Zapdos|100/100
|move|p1a: Jirachi|Cosmic Power|p1a: Jirachi
|-boost|p1a: Jirachi|def|0
|-boost|p1a: Jirachi|spd|0
|
|-heal|p1a: Jirachi|72/100 brn|[from] item: Leftovers
|-damage|p1a: Jirachi|66/100 brn|[from] brn
|upkeep
|turn|21
|
|t:|1779887369
|switch|p2a: Ninetales|Ninetales-Alola, F|100/100
|-weather|Snowscape|[from] ability: Snow Warning|[of] p2a: Ninetales
|move|p1a: Jirachi|Cosmic Power|p1a: Jirachi
|-boost|p1a: Jirachi|def|0
|-boost|p1a: Jirachi|spd|0
|
|-weather|Snowscape|[upkeep]
|-heal|p1a: Jirachi|72/100 brn|[from] item: Leftovers
|-damage|p1a: Jirachi|66/100 brn|[from] brn
|-end|p1a: Jirachi|Encore
|upkeep
|turn|22
|
|t:|1779887373
|move|p2a: Ninetales|Encore|p1a: Jirachi
|-start|p1a: Jirachi|Encore
|move|p1a: Jirachi|Cosmic Power|p1a: Jirachi
|-boost|p1a: Jirachi|def|0
|-boost|p1a: Jirachi|spd|0
|
|-weather|Snowscape|[upkeep]
|-heal|p1a: Jirachi|72/100 brn|[from] item: Leftovers
|-damage|p1a: Jirachi|66/100 brn|[from] brn
|upkeep
|turn|23
|
|t:|1779887378
|switch|p2a: Zapdos|Zapdos|100/100
|move|p1a: Jirachi|Cosmic Power|p1a: Jirachi
|-boost|p1a: Jirachi|def|0
|-boost|p1a: Jirachi|spd|0
|
|-weather|Snowscape|[upkeep]
|-heal|p1a: Jirachi|72/100 brn|[from] item: Leftovers
|-damage|p1a: Jirachi|66/100 brn|[from] brn
|upkeep
|turn|24
|
|t:|1779887382
|move|p2a: Zapdos|U-turn|p1a: Jirachi
|-damage|p1a: Jirachi|62/100 brn
|
|t:|1779887385
|switch|p2a: Ninetales|Ninetales-Alola, F|100/100|[from] U-turn
|move|p1a: Jirachi|Cosmic Power|p1a: Jirachi
|-boost|p1a: Jirachi|def|0
|-boost|p1a: Jirachi|spd|0
|
|-weather|Snowscape|[upkeep]
|-heal|p1a: Jirachi|69/100 brn|[from] item: Leftovers
|-damage|p1a: Jirachi|62/100 brn|[from] brn
|-end|p1a: Jirachi|Encore
|upkeep
|turn|25
|
|t:|1779887392
|move|p2a: Ninetales|Encore|p1a: Jirachi
|-start|p1a: Jirachi|Encore
|move|p1a: Jirachi|Cosmic Power|p1a: Jirachi
|-boost|p1a: Jirachi|def|0
|-boost|p1a: Jirachi|spd|0
|
|-weather|Snowscape|[upkeep]
|-heal|p1a: Jirachi|69/100 brn|[from] item: Leftovers
|-damage|p1a: Jirachi|62/100 brn|[from] brn
|upkeep
|turn|26
|
|t:|1779887396
|switch|p2a: Zapdos|Zapdos|100/100
|move|p1a: Jirachi|Cosmic Power|p1a: Jirachi
|-boost|p1a: Jirachi|def|0
|-boost|p1a: Jirachi|spd|0
|
|-weather|Snowscape|[upkeep]
|-heal|p1a: Jirachi|69/100 brn|[from] item: Leftovers
|-damage|p1a: Jirachi|62/100 brn|[from] brn
|upkeep
|turn|27
|
|t:|1779887399
|move|p2a: Zapdos|U-turn|p1a: Jirachi
|-damage|p1a: Jirachi|59/100 brn
|
|t:|1779887401
|switch|p2a: Ninetales|Ninetales-Alola, F|100/100|[from] U-turn
|move|p1a: Jirachi|Cosmic Power|p1a: Jirachi
|-boost|p1a: Jirachi|def|0
|-boost|p1a: Jirachi|spd|0
|
|-weather|Snowscape|[upkeep]
|-heal|p1a: Jirachi|65/100 brn|[from] item: Leftovers
|-damage|p1a: Jirachi|59/100 brn|[from] brn
|-end|p1a: Jirachi|Encore
|upkeep
|turn|28
|
|t:|1779887404
|move|p2a: Ninetales|Encore|p1a: Jirachi
|-start|p1a: Jirachi|Encore
|move|p1a: Jirachi|Cosmic Power|p1a: Jirachi
|-boost|p1a: Jirachi|def|0
|-boost|p1a: Jirachi|spd|0
|
|-weather|none
|-heal|p1a: Jirachi|65/100 brn|[from] item: Leftovers
|-damage|p1a: Jirachi|59/100 brn|[from] brn
|upkeep
|turn|29
|
|t:|1779887408
|switch|p2a: Zapdos|Zapdos|100/100
|move|p1a: Jirachi|Cosmic Power|p1a: Jirachi
|-boost|p1a: Jirachi|def|0
|-boost|p1a: Jirachi|spd|0
|
|-heal|p1a: Jirachi|65/100 brn|[from] item: Leftovers
|-damage|p1a: Jirachi|59/100 brn|[from] brn
|upkeep
|turn|30
|
|t:|1779887410
|move|p2a: Zapdos|U-turn|p1a: Jirachi
|-damage|p1a: Jirachi|56/100 brn
|
|t:|1779887412
|switch|p2a: Ninetales|Ninetales-Alola, F|100/100|[from] U-turn
|-weather|Snowscape|[from] ability: Snow Warning|[of] p2a: Ninetales
|move|p1a: Jirachi|Cosmic Power|p1a: Jirachi
|-boost|p1a: Jirachi|def|0
|-boost|p1a: Jirachi|spd|0
|
|-weather|Snowscape|[upkeep]
|-heal|p1a: Jirachi|62/100 brn|[from] item: Leftovers
|-damage|p1a: Jirachi|56/100 brn|[from] brn
|-end|p1a: Jirachi|Encore
|upkeep
|turn|31
|
|t:|1779887415
|move|p2a: Ninetales|Encore|p1a: Jirachi
|-start|p1a: Jirachi|Encore
|move|p1a: Jirachi|Cosmic Power|p1a: Jirachi
|-boost|p1a: Jirachi|def|0
|-boost|p1a: Jirachi|spd|0
|
|-weather|Snowscape|[upkeep]
|-heal|p1a: Jirachi|62/100 brn|[from] item: Leftovers
|-damage|p1a: Jirachi|56/100 brn|[from] brn
|upkeep
|turn|32
|
|t:|1779887418
|switch|p2a: Zapdos|Zapdos|100/100
|move|p1a: Jirachi|Cosmic Power|p1a: Jirachi
|-boost|p1a: Jirachi|def|0
|-boost|p1a: Jirachi|spd|0
|
|-weather|Snowscape|[upkeep]
|-heal|p1a: Jirachi|62/100 brn|[from] item: Leftovers
|-damage|p1a: Jirachi|56/100 brn|[from] brn
|upkeep
|turn|33
|
|t:|1779887423
|move|p2a: Zapdos|U-turn|p1a: Jirachi
|-damage|p1a: Jirachi|53/100 brn
|
|t:|1779887425
|switch|p2a: Ninetales|Ninetales-Alola, F|100/100|[from] U-turn
|move|p1a: Jirachi|Cosmic Power|p1a: Jirachi
|-boost|p1a: Jirachi|def|0
|-boost|p1a: Jirachi|spd|0
|
|-weather|Snowscape|[upkeep]
|-heal|p1a: Jirachi|59/100 brn|[from] item: Leftovers
|-damage|p1a: Jirachi|53/100 brn|[from] brn
|-end|p1a: Jirachi|Encore
|upkeep
|turn|34
|
|t:|1779887430
|move|p2a: Ninetales|Encore|p1a: Jirachi
|-start|p1a: Jirachi|Encore
|move|p1a: Jirachi|Cosmic Power|p1a: Jirachi
|-boost|p1a: Jirachi|def|0
|-boost|p1a: Jirachi|spd|0
|
|-weather|Snowscape|[upkeep]
|-heal|p1a: Jirachi|59/100 brn|[from] item: Leftovers
|-damage|p1a: Jirachi|53/100 brn|[from] brn
|upkeep
|turn|35
|
|t:|1779887434
|move|p2a: Ninetales|Aurora Veil|p2a: Ninetales
|-sidestart|p2: WiiShopMusic|move: Aurora Veil
|move|p1a: Jirachi|Cosmic Power|p1a: Jirachi
|-boost|p1a: Jirachi|def|0
|-boost|p1a: Jirachi|spd|0
|
|-weather|Snowscape|[upkeep]
|-heal|p1a: Jirachi|59/100 brn|[from] item: Leftovers
|-damage|p1a: Jirachi|53/100 brn|[from] brn
|upkeep
|turn|36
|
|t:|1779887439
|switch|p2a: Sandslash|Sandslash-Alola, F|10/100
|move|p1a: Jirachi|Cosmic Power|p1a: Jirachi
|-boost|p1a: Jirachi|def|0
|-boost|p1a: Jirachi|spd|0
|
|-weather|Snowscape|[upkeep]
|-heal|p1a: Jirachi|59/100 brn|[from] item: Leftovers
|-damage|p1a: Jirachi|53/100 brn|[from] brn
|-end|p1a: Jirachi|Encore
|upkeep
|turn|37
|
|t:|1779887442
|move|p2a: Sandslash|Earthquake|p1a: Jirachi
|-supereffective|p1a: Jirachi
|-damage|p1a: Jirachi|36/100 brn
|-damage|p2a: Sandslash|0 fnt|[from] item: Life Orb
|faint|p2a: Sandslash
|move|p1a: Jirachi|Wish|p1a: Jirachi
|
|-weather|none
|-heal|p1a: Jirachi|42/100 brn|[from] item: Leftovers
|-damage|p1a: Jirachi|36/100 brn|[from] brn
|upkeep
|
|t:|1779887454
|switch|p2a: Rabsca|Rabsca, F|100/100
|turn|38
|
|t:|1779887458
|move|p1a: Jirachi|Iron Head|p2a: Rabsca
|-damage|p2a: Rabsca|93/100
|cant|p2a: Rabsca|flinch
|
|-heal|p1a: Jirachi|86/100 brn|[from] move: Wish|[wisher] Jirachi
|-heal|p1a: Jirachi|92/100 brn|[from] item: Leftovers
|-damage|p1a: Jirachi|86/100 brn|[from] brn
|upkeep
|turn|39
|
|t:|1779887463
|move|p1a: Jirachi|Thunder Wave||[still]
|-status|p2a: Rabsca|par
|-activate|p2a: Rabsca|ability: Synchronize
|-fail|p2a: Rabsca
|move|p2a: Rabsca|Revival Blessing|p2a: Rabsca
|-enditem|p2a: Rabsca|Leppa Berry|[eat]
|-activate|p2a: Rabsca|item: Leppa Berry|Revival Blessing|[consumed]
|
|t:|1779887465
|-heal|p2: Sandslash|50/100|[from] move: Revival Blessing
|
|-heal|p1a: Jirachi|92/100 brn|[from] item: Leftovers
|-damage|p1a: Jirachi|86/100 brn|[from] brn
|-sideend|p2: WiiShopMusic|move: Aurora Veil
|upkeep
|turn|40
|
|t:|1779887476
|move|p1a: Jirachi|Iron Head|p2a: Rabsca
|-damage|p2a: Rabsca|78/100 par
|cant|p2a: Rabsca|flinch
|
|-heal|p1a: Jirachi|92/100 brn|[from] item: Leftovers
|-damage|p1a: Jirachi|86/100 brn|[from] brn
|upkeep
|turn|41
|
|t:|1779887479
|move|p1a: Jirachi|Iron Head|p2a: Rabsca
|-damage|p2a: Rabsca|62/100 par
|cant|p2a: Rabsca|flinch
|
|-heal|p1a: Jirachi|92/100 brn|[from] item: Leftovers
|-damage|p1a: Jirachi|86/100 brn|[from] brn
|upkeep
|turn|42
|
|t:|1779887483
|move|p1a: Jirachi|Iron Head|p2a: Rabsca
|-damage|p2a: Rabsca|47/100 par
|cant|p2a: Rabsca|flinch
|
|-heal|p1a: Jirachi|92/100 brn|[from] item: Leftovers
|-damage|p1a: Jirachi|86/100 brn|[from] brn
|upkeep
|turn|43
|
|t:|1779887487
|move|p1a: Jirachi|Iron Head|p2a: Rabsca
|-damage|p2a: Rabsca|31/100 par
|move|p2a: Rabsca|Memento|p1a: Jirachi
|-unboost|p1a: Jirachi|atk|2
|-unboost|p1a: Jirachi|spa|2
|faint|p2a: Rabsca
|
|-heal|p1a: Jirachi|92/100 brn|[from] item: Leftovers
|-damage|p1a: Jirachi|86/100 brn|[from] brn
|upkeep
|
|t:|1779887498
|switch|p2a: Zapdos|Zapdos|100/100
|turn|44
|
|t:|1779887502
|move|p2a: Zapdos|Thunderbolt|p1a: Jirachi
|-damage|p1a: Jirachi|79/100 brn
|move|p1a: Jirachi|Iron Head|p2a: Zapdos
|-resisted|p2a: Zapdos
|-damage|p2a: Zapdos|96/100
|
|-heal|p1a: Jirachi|85/100 brn|[from] item: Leftovers
|-damage|p1a: Jirachi|79/100 brn|[from] brn
|upkeep
|turn|45
|
|t:|1779887505
|move|p2a: Zapdos|Thunderbolt|p1a: Jirachi
|-damage|p1a: Jirachi|72/100 brn
|move|p1a: Jirachi|Iron Head|p2a: Zapdos
|-resisted|p2a: Zapdos
|-damage|p2a: Zapdos|92/100
|
|-heal|p1a: Jirachi|78/100 brn|[from] item: Leftovers
|-damage|p1a: Jirachi|72/100 brn|[from] brn
|upkeep
|turn|46
|
|t:|1779887510
|move|p2a: Zapdos|Thunderbolt|p1a: Jirachi
|-damage|p1a: Jirachi|64/100 brn
|move|p1a: Jirachi|Iron Head|p2a: Zapdos
|-resisted|p2a: Zapdos
|-damage|p2a: Zapdos|88/100
|
|-heal|p1a: Jirachi|70/100 brn|[from] item: Leftovers
|-damage|p1a: Jirachi|64/100 brn|[from] brn
|upkeep
|turn|47
|
|t:|1779887519
|move|p2a: Zapdos|Heat Wave|p1a: Jirachi
|-supereffective|p1a: Jirachi
|-damage|p1a: Jirachi|54/100 brn
|move|p1a: Jirachi|Wish|p1a: Jirachi
|
|-heal|p1a: Jirachi|61/100 brn|[from] item: Leftovers
|-damage|p1a: Jirachi|54/100 brn|[from] brn
|upkeep
|turn|48
|
|t:|1779887527
|switch|p1a: Gyarados|Gyarados, F|47/100
|-ability|p1a: Gyarados|Intimidate|boost
|-unboost|p2a: Zapdos|atk|1
|move|p2a: Zapdos|Heat Wave|p1a: Gyarados
|-resisted|p1a: Gyarados
|-damage|p1a: Gyarados|33/100
|
|-heal|p1a: Gyarados|89/100|[from] move: Wish|[wisher] Jirachi
|upkeep
|turn|49
|
|t:|1779887535
|-terastallize|p1a: Gyarados|Ground
|move|p2a: Zapdos|Thunderbolt|p1a: Gyarados
|-immune|p1a: Gyarados
|move|p1a: Gyarados|Dragon Dance|p1a: Gyarados
|-boost|p1a: Gyarados|atk|1
|-boost|p1a: Gyarados|spe|1
|
|upkeep
|turn|50
|
|t:|1779887542
|move|p1a: Gyarados|Dragon Dance|p1a: Gyarados
|-boost|p1a: Gyarados|atk|1
|-boost|p1a: Gyarados|spe|1
|move|p2a: Zapdos|U-turn|p1a: Gyarados
|-damage|p1a: Gyarados|78/100
|
|t:|1779887544
|switch|p2a: Ninetales|Ninetales-Alola, F|100/100|[from] U-turn
|-weather|Snowscape|[from] ability: Snow Warning|[of] p2a: Ninetales
|
|-weather|Snowscape|[upkeep]
|upkeep
|turn|51
|
|t:|1779887550
|move|p1a: Gyarados|Earthquake|p2a: Ninetales
|-damage|p2a: Ninetales|0 fnt
|faint|p2a: Ninetales
|
|-weather|Snowscape|[upkeep]
|upkeep
|
|t:|1779887556
|switch|p2a: Cetitan|Cetitan, F|100/100
|turn|52
|
|t:|1779887565
|switch|p1a: Jirachi|Jirachi|54/100 brn
|move|p2a: Cetitan|Ice Spinner|p1a: Jirachi
|-resisted|p1a: Jirachi
|-damage|p1a: Jirachi|38/100 brn
|
|-weather|Snowscape|[upkeep]
|-heal|p1a: Jirachi|44/100 brn|[from] item: Leftovers
|-damage|p1a: Jirachi|38/100 brn|[from] brn
|upkeep
|turn|53
|
|t:|1779887568
|move|p2a: Cetitan|Earthquake|p1a: Jirachi
|-supereffective|p1a: Jirachi
|-damage|p1a: Jirachi|0 fnt
|faint|p1a: Jirachi
|
|-weather|Snowscape|[upkeep]
|upkeep
|
|t:|1779887574
|switch|p1a: Grimmsnarl|Grimmsnarl, M|14/100
|turn|54
|
|t:|1779887577
|move|p1a: Grimmsnarl|Reflect|p1a: Grimmsnarl
|-sidestart|p1: Soyyo1223|Reflect
|move|p2a: Cetitan|Ice Spinner|p1a: Grimmsnarl
|-damage|p1a: Grimmsnarl|0 fnt
|faint|p1a: Grimmsnarl
|
|-weather|Snowscape|[upkeep]
|upkeep
|
|t:|1779887584
|switch|p1a: Garganacl|Garganacl, F|100/100
|turn|55
|
|t:|1779887591
|move|p2a: Cetitan|Belly Drum|p2a: Cetitan
|-damage|p2a: Cetitan|50/100
|-setboost|p2a: Cetitan|atk|6|[from] move: Belly Drum
|-enditem|p2a: Cetitan|Sitrus Berry|[eat]
|-heal|p2a: Cetitan|75/100|[from] item: Sitrus Berry
|move|p1a: Garganacl|Body Press|p2a: Cetitan
|-supereffective|p2a: Cetitan
|-damage|p2a: Cetitan|33/100
|
|-weather|Snowscape|[upkeep]
|upkeep
|turn|56
|
|t:|1779887599
|-terastallize|p2a: Cetitan|Water
|move|p1a: Garganacl|Protect|p1a: Garganacl
|-singleturn|p1a: Garganacl|Protect
|move|p2a: Cetitan|Liquidation|p1a: Garganacl
|-activate|p1a: Garganacl|move: Protect
|
|-weather|Snowscape|[upkeep]
|upkeep
|turn|57
|
|t:|1779887611
|switch|p1a: Serperior|Serperior, F|100/100
|move|p2a: Cetitan|Liquidation|p1a: Serperior
|-resisted|p1a: Serperior
|-damage|p1a: Serperior|50/100
|
|-weather|none
|-heal|p1a: Serperior|56/100|[from] item: Leftovers
|upkeep
|turn|58
|
|t:|1779887617
|move|p1a: Serperior|Leaf Storm|p2a: Cetitan
|-supereffective|p2a: Cetitan
|-damage|p2a: Cetitan|0 fnt
|-boost|p1a: Serperior|spa|2
|faint|p2a: Cetitan
|
|-heal|p1a: Serperior|62/100|[from] item: Leftovers
|upkeep
|
|t:|1779887620
|switch|p2a: Zapdos|Zapdos|88/100
|turn|59
|
|t:|1779887630
|move|p1a: Serperior|Leaf Storm|p2a: Zapdos
|-resisted|p2a: Zapdos
|-damage|p2a: Zapdos|34/100
|-boost|p1a: Serperior|spa|2
|move|p2a: Zapdos|Thunderbolt|p1a: Serperior
|-resisted|p1a: Serperior
|-damage|p1a: Serperior|32/100
|
|-heal|p1a: Serperior|38/100|[from] item: Leftovers
|upkeep
|turn|60
|-message|WiiShopMusic forfeited.
|
|win|Soyyo1223
|raw|Soyyo1223's rating: 1266 &rarr; <strong>1290</strong><br />(+24 for winning)
|raw|WiiShopMusic's rating: 1253 &rarr; <strong>1229</strong><br />(-24 for losing)
|l|☆WiiShopMusic
|player|p2|
