|j|☆WiiShopMusic
|j|☆KingNothing_32
|t:|1779920300
|gametype|singles
|player|p1|WiiShopMusic|102|1337
|player|p2|KingNothing_32|colress|1422
|gen|9
|tier|[Gen 9] OU
|rated|
|rule|HP Percentage Mod: HP is shown in percentages
|rule|Endless Battle Clause: Forcing endless battles is banned
|rule|Species Clause: Limit one of each Pokémon
|rule|OHKO Clause: OHKO moves are banned
|rule|Evasion Items Clause: Evasion items are banned
|rule|Evasion Moves Clause: Evasion moves are banned
|rule|Evasion Abilities Clause: Evasion abilities are banned
|rule|Sleep Moves Clause: Sleep-inducing moves are banned
|clearpoke
|poke|p1|Ninetales-Alola, M|
|poke|p1|Sandslash-Alola, M|
|poke|p1|Toxapex, F|
|poke|p1|Beartic, M|
|poke|p1|Cetitan, M|
|poke|p1|Hatterene, F|
|poke|p2|Pelipper, F|
|poke|p2|Hatterene, F|
|poke|p2|Iron Treads|
|poke|p2|Toxicroak, M|
|poke|p2|Barraskewda, M|
|poke|p2|Zapdos|
|teampreview
|
|t:|1779920317
|teamsize|p1|6
|teamsize|p2|6
|start
|switch|p1a: Beartic|Beartic, M|100/100
|switch|p2a: In The Name of God|Barraskewda, M, shiny|100/100
|turn|1
|
|t:|1779920338
|switch|p1a: Toxapex|Toxapex, F|100/100
|move|p2a: In The Name of God|Close Combat|p1a: Toxapex
|-resisted|p1a: Toxapex
|-damage|p1a: Toxapex|81/100
|-unboost|p2a: In The Name of God|def|1
|-unboost|p2a: In The Name of God|spd|1
|-enditem|p1a: Toxapex|Eject Button
|
|t:|1779920343
|switch|p1a: Ninetales|Ninetales-Alola, M|100/100
|-weather|Snowscape|[from] ability: Snow Warning|[of] p1a: Ninetales
|
|-weather|Snowscape|[upkeep]
|upkeep
|turn|2
|
|t:|1779920360
|switch|p2a: bbygrl|Hatterene, F|100/100
|move|p1a: Ninetales|Blizzard|p2a: bbygrl
|-damage|p2a: bbygrl|58/100
|-enditem|p2a: bbygrl|Eject Button
|
|t:|1779920375
|switch|p2a: joyboy|Toxicroak, M|100/100
|
|-weather|Snowscape|[upkeep]
|upkeep
|turn|3
|
|t:|1779920390
|switch|p1a: Beartic|Beartic, M|100/100
|move|p2a: joyboy|Poison Jab|p1a: Beartic
|-damage|p1a: Beartic|77/100
|
|-weather|Snowscape|[upkeep]
|upkeep
|turn|4
|
|t:|1779920402
|move|p1a: Beartic|Icicle Spear|p2a: joyboy
|-damage|p2a: joyboy|86/100
|-damage|p2a: joyboy|73/100
|-damage|p2a: joyboy|61/100
|-damage|p2a: joyboy|48/100
|-hitcount|p2a: joyboy|4
|move|p2a: joyboy|Drain Punch|p1a: Beartic
|-supereffective|p1a: Beartic
|-damage|p1a: Beartic|31/100
|-heal|p2a: joyboy|69/100|[from] drain|[of] p1a: Beartic
|
|-weather|Snowscape|[upkeep]
|upkeep
|turn|5
|
|t:|1779920423
|move|p1a: Beartic|Earthquake|p2a: joyboy
|-supereffective|p2a: joyboy
|-damage|p2a: joyboy|0 fnt
|faint|p2a: joyboy
|
|-weather|Snowscape|[upkeep]
|upkeep
|c|☆KingNothing_32|!dt slush rush
|c|☆KingNothing_32|/raw <ul class="utilichart"><li class="result"><span class="col namecol"><a href="https://dex.pokemonshowdown.com/abilities/slushrush">Slush Rush</a></span> <span class="col abilitydesccol">If Snow is active, this Pokemon's Speed is doubled.</span> </li><li style="clear:both"></li></ul>
|c|☆KingNothing_32|/raw <font size="1"><font color="#686868">Gen:</font> 7</font>

|
|t:|1779920468
|switch|p2a: the taste of water|Pelipper, F|100/100
|-weather|RainDance|[from] ability: Drizzle|[of] p2a: the taste of water
|turn|6
|
|t:|1779920479
|switch|p1a: Ninetales|Ninetales-Alola, M|100/100
|-weather|Snowscape|[from] ability: Snow Warning|[of] p1a: Ninetales
|move|p2a: the taste of water|Hurricane|p1a: Ninetales
|-damage|p1a: Ninetales|59/100
|-start|p1a: Ninetales|confusion
|
|-weather|Snowscape|[upkeep]
|upkeep
|turn|7
|
|t:|1779920494
|switch|p1a: Cetitan|Cetitan, M|100/100
|switch|p2a: labomba|Iron Treads|100/100
|
|-weather|Snowscape|[upkeep]
|upkeep
|turn|8
|
|t:|1779920513
|-terastallize|p1a: Cetitan|Water
|move|p1a: Cetitan|Liquidation|p2a: labomba
|-supereffective|p2a: labomba
|-damage|p2a: labomba|0 fnt
|faint|p2a: labomba
|-end|p2a: labomba|Quark Drive|[silent]
|
|-weather|Snowscape|[upkeep]
|upkeep
|
|t:|1779920519
|switch|p2a: the taste of water|Pelipper, F|100/100
|-weather|RainDance|[from] ability: Drizzle|[of] p2a: the taste of water
|turn|9
|
|t:|1779920528
|move|p1a: Cetitan|Liquidation|p2a: the taste of water
|-resisted|p2a: the taste of water
|-crit|p2a: the taste of water
|-damage|p2a: the taste of water|29/100
|move|p2a: the taste of water|Hurricane|p1a: Cetitan
|-damage|p1a: Cetitan|58/100
|
|-weather|RainDance|[upkeep]
|upkeep
|turn|10
|
|t:|1779920537
|switch|p2a: bbygrl|Hatterene, F|58/100
|move|p1a: Cetitan|Liquidation|p2a: bbygrl
|-damage|p2a: bbygrl|0 fnt
|faint|p2a: bbygrl
|
|-weather|RainDance|[upkeep]
|upkeep
|
|t:|1779920543
|switch|p2a: Freak'd Out|Zapdos|100/100
|turn|11
|
|t:|1779920557
|switch|p1a: Hatterene|Hatterene, F|100/100
|move|p2a: Freak'd Out|Volt Switch|p1a: Hatterene
|-damage|p1a: Hatterene|45/100
|-enditem|p1a: Hatterene|Red Card|[of] p2a: Freak'd Out
|drag|p2a: In The Name of God|Barraskewda, M, shiny|100/100
|
|-weather|RainDance|[upkeep]
|upkeep
|turn|12
|
|t:|1779920572
|move|p2a: In The Name of God|Flip Turn|p1a: Hatterene
|-damage|p1a: Hatterene|0 fnt
|faint|p1a: Hatterene
|
|t:|1779920580
|switch|p2a: Freak'd Out|Zapdos|100/100|[from] Flip Turn
|
|-weather|RainDance|[upkeep]
|upkeep
|
|t:|1779920585
|switch|p1a: Ninetales|Ninetales-Alola, M|59/100
|-weather|Snowscape|[from] ability: Snow Warning|[of] p1a: Ninetales
|turn|13
|
|t:|1779920597
|move|p1a: Ninetales|Blizzard|p2a: Freak'd Out
|-supereffective|p2a: Freak'd Out
|-damage|p2a: Freak'd Out|5/100
|move|p2a: Freak'd Out|Volt Switch|p1a: Ninetales
|-damage|p1a: Ninetales|0 fnt
|faint|p1a: Ninetales
|
|t:|1779920605
|switch|p2a: the taste of water|Pelipper, F|29/100|[from] Volt Switch
|-weather|RainDance|[from] ability: Drizzle|[of] p2a: the taste of water
|
|-weather|RainDance|[upkeep]
|upkeep
|
|t:|1779920613
|switch|p1a: Sandslash|Sandslash-Alola, M|100/100
|turn|14
|
|t:|1779920628
|move|p1a: Sandslash|Ice Spinner|p2a: the taste of water
|-damage|p2a: the taste of water|0 fnt
|faint|p2a: the taste of water
|-damage|p1a: Sandslash|91/100|[from] item: Life Orb
|
|-weather|RainDance|[upkeep]
|upkeep
|
|t:|1779920631
|switch|p2a: In The Name of God|Barraskewda, M, shiny|100/100
|turn|15
|
|t:|1779920649
|switch|p1a: Beartic|Beartic, M|31/100
|move|p2a: In The Name of God|Close Combat|p1a: Beartic
|-supereffective|p1a: Beartic
|-damage|p1a: Beartic|0 fnt
|-unboost|p2a: In The Name of God|def|1
|-unboost|p2a: In The Name of God|spd|1
|faint|p1a: Beartic
|
|-weather|RainDance|[upkeep]
|upkeep
|
|t:|1779920655
|switch|p1a: Toxapex|Toxapex, F|100/100
|turn|16
|
|t:|1779920669
|switch|p2a: Freak'd Out|Zapdos|5/100
|move|p1a: Toxapex|Surf|p2a: Freak'd Out
|-damage|p2a: Freak'd Out|0 fnt
|faint|p2a: Freak'd Out
|
|-weather|RainDance|[upkeep]
|upkeep
|
|t:|1779920672
|switch|p2a: In The Name of God|Barraskewda, M, shiny|100/100
|turn|17
|
|t:|1779920676
|switch|p1a: Cetitan|Cetitan, M, tera:Water|58/100
|-terastallize|p2a: In The Name of God|Water
|move|p2a: In The Name of God|Liquidation|p1a: Cetitan
|-resisted|p1a: Cetitan
|-damage|p1a: Cetitan|0 fnt
|faint|p1a: Cetitan
|
|-weather|RainDance|[upkeep]
|upkeep
|
|t:|1779920685
|switch|p1a: Toxapex|Toxapex, F|100/100
|turn|18
|
|t:|1779920687
|move|p2a: In The Name of God|Liquidation|p1a: Toxapex
|-resisted|p1a: Toxapex
|-damage|p1a: Toxapex|58/100
|-unboost|p1a: Toxapex|def|1
|move|p1a: Toxapex|Toxic|p2a: In The Name of God
|-status|p2a: In The Name of God|tox
|
|-weather|RainDance|[upkeep]
|-damage|p2a: In The Name of God|94/100 tox|[from] psn
|upkeep
|turn|19
|
|t:|1779920691
|switch|p1a: Sandslash|Sandslash-Alola, M|91/100
|move|p2a: In The Name of God|Liquidation|p1a: Sandslash
|-damage|p1a: Sandslash|0 fnt
|faint|p1a: Sandslash
|
|-weather|RainDance|[upkeep]
|-damage|p2a: In The Name of God|82/100 tox|[from] psn
|upkeep
|
|t:|1779920696
|switch|p1a: Toxapex|Toxapex, F|91/100
|turn|20
|
|t:|1779920699
|move|p2a: In The Name of God|Liquidation|p1a: Toxapex
|-resisted|p1a: Toxapex
|-damage|p1a: Toxapex|50/100
|move|p1a: Toxapex|Recover|p1a: Toxapex
|-heal|p1a: Toxapex|99/100
|
|-weather|none
|-damage|p2a: In The Name of God|64/100 tox|[from] psn
|upkeep
|turn|21
|
|t:|1779920703
|move|p2a: In The Name of God|Liquidation|p1a: Toxapex
|-resisted|p1a: Toxapex
|-damage|p1a: Toxapex|73/100
|move|p1a: Toxapex|Recover|p1a: Toxapex
|-heal|p1a: Toxapex|100/100
|
|-damage|p2a: In The Name of God|40/100 tox|[from] psn
|upkeep
|turn|22
|c|☆KingNothing_32|damnnn gg
|c|☆WiiShopMusic|gg
|
|t:|1779920710
|move|p2a: In The Name of God|Liquidation|p1a: Toxapex
|-resisted|p1a: Toxapex
|-damage|p1a: Toxapex|71/100
|move|p1a: Toxapex|Recover|p1a: Toxapex
|-heal|p1a: Toxapex|100/100
|
|-damage|p2a: In The Name of God|9/100 tox|[from] psn
|upkeep
|turn|23
|
|t:|1779920715
|move|p2a: In The Name of God|Liquidation|p1a: Toxapex
|-resisted|p1a: Toxapex
|-crit|p1a: Toxapex
|-damage|p1a: Toxapex|55/100
|move|p1a: Toxapex|Recover|p1a: Toxapex
|-heal|p1a: Toxapex|100/100
|
|-damage|p2a: In The Name of God|0 fnt|[from] psn
|faint|p2a: In The Name of God
|
|win|WiiShopMusic
|raw|WiiShopMusic's rating: 1337 &rarr; <strong>1362</strong><br />(+25 for winning)
|raw|KingNothing_32's rating: 1422 &rarr; <strong>1397</strong><br />(-25 for losing)
|l|☆WiiShopMusic
|player|p1|
|l|☆KingNothing_32
|player|p2|
