|j|☆Peteblackx
|j|☆hueehuuekkkk
|t:|1779866504
|gametype|singles
|player|p1|Peteblackx|266|1313
|player|p2|hueehuuekkkk|steven|1361
|gen|9
|tier|[Gen 9] OU
|rated|
|rule|HP Percentage Mod: HP is shown in percentages
|rule|Endless Battle Clause: Forcing endless battles is banned
|rule|Species Clause: Limit one of each Pokémon
|rule|OHKO Clause: OHKO moves are banned
|rule|Evasion Items Clause: Evasion items are banned
|rule|Evasion Moves Clause: Evasion moves are banned
|rule|Evasion Abilities Clause: Evasion abilities are banned
|rule|Sleep Moves Clause: Sleep-inducing moves are banned
|clearpoke
|poke|p1|Toxtricity, M|
|poke|p1|Latios, M|
|poke|p1|Basculegion, M|
|poke|p1|Cinderace, F|
|poke|p1|Kingambit, M|
|poke|p1|Great Tusk|
|poke|p2|Suicune|
|poke|p2|Dragonite, M|
|poke|p2|Cinderace, M|
|poke|p2|Zamazenta-*|
|poke|p2|Blaziken, F|
|poke|p2|Sinistcha|
|teampreview
|inactive|Battle timer is ON: inactive players will automatically lose when time's up. (requested by hueehuuekkkk)
|inactive|hueehuuekkkk has 120 seconds left.
|inactive|hueehuuekkkk has 90 seconds left.
|inactive|hueehuuekkkk has 60 seconds left.
|
|t:|1779866600
|teamsize|p1|6
|teamsize|p2|6
|start
|switch|p1a: Great Tusk|Great Tusk|100/100
|switch|p2a: Blaziken|Blaziken, F|100/100
|turn|1
|
|t:|1779866603
|move|p2a: Blaziken|Swords Dance|p2a: Blaziken
|-boost|p2a: Blaziken|atk|2
|move|p1a: Great Tusk|Stealth Rock|p2a: Blaziken
|-sidestart|p2: hueehuuekkkk|move: Stealth Rock
|
|-ability|p2a: Blaziken|Speed Boost|boost
|-boost|p2a: Blaziken|spe|1
|upkeep
|turn|2
|
|t:|1779866611
|-terastallize|p2a: Blaziken|Fighting
|move|p2a: Blaziken|Close Combat|p1a: Great Tusk
|-damage|p1a: Great Tusk|18/100
|-unboost|p2a: Blaziken|def|1
|-unboost|p2a: Blaziken|spd|1
|move|p1a: Great Tusk|Earthquake|p2a: Blaziken
|-enditem|p2a: Blaziken|Focus Sash
|-damage|p2a: Blaziken|1/100
|
|-heal|p1a: Great Tusk|25/100|[from] item: Leftovers
|-ability|p2a: Blaziken|Speed Boost|boost
|-boost|p2a: Blaziken|spe|1
|upkeep
|turn|3
|
|t:|1779866623
|-end|p1a: Great Tusk|Protosynthesis|[silent]
|switch|p1a: Basculegion|Basculegion, M|100/100
|move|p2a: Blaziken|Close Combat|p1a: Basculegion
|-immune|p1a: Basculegion
|
|-ability|p2a: Blaziken|Speed Boost|boost
|-boost|p2a: Blaziken|spe|1
|upkeep
|turn|4
|
|t:|1779866625
|move|p1a: Basculegion|Aqua Jet|p2a: Blaziken
|-damage|p2a: Blaziken|0 fnt
|faint|p2a: Blaziken
|
|upkeep
|
|t:|1779866635
|switch|p2a: Cinderace|Cinderace, M|100/100
|-damage|p2a: Cinderace|76/100|[from] Stealth Rock
|turn|5
|
|t:|1779866638
|move|p1a: Basculegion|Aqua Jet|p2a: Cinderace
|-supereffective|p2a: Cinderace
|-crit|p2a: Cinderace
|-damage|p2a: Cinderace|0 fnt
|faint|p2a: Cinderace
|
|upkeep
|
|t:|1779866650
|switch|p2a: Sinistcha|Sinistcha|100/100
|-damage|p2a: Sinistcha|88/100|[from] Stealth Rock
|turn|6
|
|t:|1779866657
|switch|p1a: Cinderace|Cinderace, F|100/100
|move|p2a: Sinistcha|Matcha Gotcha|p1a: Cinderace
|-resisted|p1a: Cinderace
|-damage|p1a: Cinderace|79/100
|-heal|p2a: Sinistcha|98/100|[from] drain|[of] p1a: Cinderace
|
|-heal|p2a: Sinistcha|100/100|[from] item: Leftovers
|upkeep
|turn|7
|
|t:|1779866663
|move|p1a: Cinderace|Pyro Ball|p2a: Sinistcha
|-supereffective|p2a: Sinistcha
|-damage|p2a: Sinistcha|24/100
|move|p2a: Sinistcha|Strength Sap|p1a: Cinderace
|-unboost|p1a: Cinderace|atk|1
|-heal|p2a: Sinistcha|100/100
|
|upkeep
|turn|8
|
|t:|1779866668
|move|p1a: Cinderace|U-turn|p2a: Sinistcha
|-start|p1a: Cinderace|typechange|Bug|[from] ability: Libero
|-damage|p2a: Sinistcha|86/100
|
|t:|1779866670
|switch|p1a: Toxtricity|Toxtricity, M|100/100|[from] U-turn
|move|p2a: Sinistcha|Strength Sap|p1a: Toxtricity
|-unboost|p1a: Toxtricity|atk|1
|-heal|p2a: Sinistcha|100/100
|
|upkeep
|turn|9
|
|t:|1779866678
|move|p1a: Toxtricity|Shift Gear|p1a: Toxtricity
|-boost|p1a: Toxtricity|spe|2
|-boost|p1a: Toxtricity|atk|1
|move|p2a: Sinistcha|Nasty Plot|p2a: Sinistcha
|-boost|p2a: Sinistcha|spa|2
|
|upkeep
|turn|10
|
|t:|1779866689
|move|p1a: Toxtricity|Gunk Shot|p2a: Sinistcha|[miss]
|-miss|p1a: Toxtricity|p2a: Sinistcha
|move|p2a: Sinistcha|Shadow Ball|p1a: Toxtricity
|-damage|p1a: Toxtricity|11/100
|
|upkeep
|turn|11
|
|t:|1779866696
|switch|p1a: Kingambit|Kingambit, M|100/100
|move|p2a: Sinistcha|Strength Sap|p1a: Kingambit
|-unboost|p1a: Kingambit|atk|1
|
|upkeep
|turn|12
|
|t:|1779866704
|switch|p2a: Zamazenta|Zamazenta|100/100
|-damage|p2a: Zamazenta|94/100|[from] Stealth Rock
|-ability|p2a: Zamazenta|Dauntless Shield|boost
|-boost|p2a: Zamazenta|def|1
|move|p1a: Kingambit|Kowtow Cleave|p2a: Zamazenta
|-resisted|p2a: Zamazenta
|-damage|p2a: Zamazenta|83/100
|
|-heal|p2a: Zamazenta|90/100|[from] item: Leftovers
|upkeep
|turn|13
|
|t:|1779866711
|-end|p1a: Kingambit|fallenundefined|[silent]
|switch|p1a: Latios|Latios, M|100/100
|move|p2a: Zamazenta|Substitute|p2a: Zamazenta
|-start|p2a: Zamazenta|Substitute
|-damage|p2a: Zamazenta|65/100
|
|-heal|p2a: Zamazenta|71/100|[from] item: Leftovers
|upkeep
|turn|14
|
|t:|1779866717
|move|p2a: Zamazenta|Crunch|p1a: Latios
|-supereffective|p1a: Latios
|-damage|p1a: Latios|46/100
|move|p1a: Latios|Dragon Pulse|p2a: Zamazenta
|-end|p2a: Zamazenta|Substitute
|
|-heal|p2a: Zamazenta|77/100|[from] item: Leftovers
|-heal|p1a: Latios|52/100|[from] item: Leftovers
|upkeep
|turn|15
|
|t:|1779866723
|move|p2a: Zamazenta|Crunch|p1a: Latios
|-supereffective|p1a: Latios
|-damage|p1a: Latios|0 fnt
|faint|p1a: Latios
|
|-heal|p2a: Zamazenta|83/100|[from] item: Leftovers
|upkeep
|
|t:|1779866729
|switch|p1a: Basculegion|Basculegion, M|100/100
|turn|16
|
|t:|1779866732
|move|p2a: Zamazenta|Substitute|p2a: Zamazenta
|-start|p2a: Zamazenta|Substitute
|-damage|p2a: Zamazenta|59/100
|move|p1a: Basculegion|Wave Crash|p2a: Zamazenta
|-end|p2a: Zamazenta|Substitute
|-damage|p1a: Basculegion|93/100|[from] Recoil|[of] p2a: Zamazenta
|
|-heal|p2a: Zamazenta|65/100|[from] item: Leftovers
|upkeep
|turn|17
|
|t:|1779866734
|move|p2a: Zamazenta|Iron Defense|p2a: Zamazenta
|-boost|p2a: Zamazenta|def|2
|move|p1a: Basculegion|Wave Crash|p2a: Zamazenta
|-damage|p2a: Zamazenta|25/100
|-damage|p1a: Basculegion|82/100|[from] Recoil
|
|-heal|p2a: Zamazenta|32/100|[from] item: Leftovers
|upkeep
|turn|18
|
|t:|1779866739
|-terastallize|p1a: Basculegion|Water
|move|p2a: Zamazenta|Crunch|p1a: Basculegion
|-damage|p1a: Basculegion|58/100
|-unboost|p1a: Basculegion|def|1
|move|p1a: Basculegion|Wave Crash|p2a: Zamazenta
|-damage|p2a: Zamazenta|0 fnt
|faint|p2a: Zamazenta
|-damage|p1a: Basculegion|49/100|[from] Recoil
|
|upkeep
|
|t:|1779866743
|switch|p2a: Sinistcha|Sinistcha|100/100
|-damage|p2a: Sinistcha|88/100|[from] Stealth Rock
|turn|19
|
|t:|1779866748
|switch|p1a: Great Tusk|Great Tusk|25/100
|move|p2a: Sinistcha|Strength Sap|p1a: Great Tusk
|-unboost|p1a: Great Tusk|atk|1
|-heal|p2a: Sinistcha|100/100
|
|-heal|p1a: Great Tusk|31/100|[from] item: Leftovers
|upkeep
|turn|20
|
|t:|1779866753
|move|p1a: Great Tusk|Knock Off|p2a: Sinistcha
|-supereffective|p2a: Sinistcha
|-damage|p2a: Sinistcha|74/100
|-enditem|p2a: Sinistcha|Leftovers|[from] move: Knock Off|[of] p1a: Great Tusk
|move|p2a: Sinistcha|Strength Sap|p1a: Great Tusk
|-unboost|p1a: Great Tusk|atk|1
|-heal|p2a: Sinistcha|100/100
|
|-heal|p1a: Great Tusk|37/100|[from] item: Leftovers
|upkeep
|turn|21
|
|t:|1779866758
|-end|p1a: Great Tusk|Protosynthesis|[silent]
|switch|p1a: Cinderace|Cinderace, F|79/100
|move|p2a: Sinistcha|Nasty Plot|p2a: Sinistcha
|-boost|p2a: Sinistcha|spa|2
|
|upkeep
|turn|22
|
|t:|1779866761
|move|p1a: Cinderace|Pyro Ball|p2a: Sinistcha
|-supereffective|p2a: Sinistcha
|-damage|p2a: Sinistcha|20/100
|-status|p2a: Sinistcha|brn
|move|p2a: Sinistcha|Strength Sap|p1a: Cinderace
|-unboost|p1a: Cinderace|atk|1
|-heal|p2a: Sinistcha|100/100 brn
|
|-damage|p2a: Sinistcha|94/100 brn|[from] brn
|upkeep
|turn|23
|
|t:|1779866765
|move|p1a: Cinderace|U-turn|p2a: Sinistcha
|-start|p1a: Cinderace|typechange|Bug|[from] ability: Libero
|-damage|p2a: Sinistcha|80/100 brn
|
|t:|1779866768
|switch|p1a: Great Tusk|Great Tusk|37/100|[from] U-turn
|move|p2a: Sinistcha|Strength Sap|p1a: Great Tusk
|-unboost|p1a: Great Tusk|atk|1
|-heal|p2a: Sinistcha|100/100 brn
|
|-heal|p1a: Great Tusk|43/100|[from] item: Leftovers
|-damage|p2a: Sinistcha|94/100 brn|[from] brn
|upkeep
|turn|24
|
|t:|1779866775
|move|p1a: Great Tusk|Knock Off|p2a: Sinistcha
|-supereffective|p2a: Sinistcha
|-damage|p2a: Sinistcha|78/100 brn
|move|p2a: Sinistcha|Nasty Plot|p2a: Sinistcha
|-boost|p2a: Sinistcha|spa|2
|
|-heal|p1a: Great Tusk|50/100|[from] item: Leftovers
|-damage|p2a: Sinistcha|72/100 brn|[from] brn
|upkeep
|turn|25
|
|t:|1779866778
|move|p1a: Great Tusk|Knock Off|p2a: Sinistcha
|-supereffective|p2a: Sinistcha
|-damage|p2a: Sinistcha|55/100 brn
|move|p2a: Sinistcha|Strength Sap|p1a: Great Tusk
|-unboost|p1a: Great Tusk|atk|1
|-heal|p2a: Sinistcha|100/100 brn
|
|-heal|p1a: Great Tusk|56/100|[from] item: Leftovers
|-damage|p2a: Sinistcha|94/100 brn|[from] brn
|upkeep
|turn|26
|
|t:|1779866780
|move|p1a: Great Tusk|Knock Off|p2a: Sinistcha
|-supereffective|p2a: Sinistcha
|-damage|p2a: Sinistcha|81/100 brn
|move|p2a: Sinistcha|Strength Sap|p1a: Great Tusk
|-unboost|p1a: Great Tusk|atk|1
|-heal|p2a: Sinistcha|100/100 brn
|
|-heal|p1a: Great Tusk|62/100|[from] item: Leftovers
|-damage|p2a: Sinistcha|94/100 brn|[from] brn
|upkeep
|turn|27
|
|t:|1779866783
|move|p1a: Great Tusk|Knock Off|p2a: Sinistcha
|-supereffective|p2a: Sinistcha
|-damage|p2a: Sinistcha|83/100 brn
|move|p2a: Sinistcha|Nasty Plot|p2a: Sinistcha
|-boost|p2a: Sinistcha|spa|2
|
|-heal|p1a: Great Tusk|68/100|[from] item: Leftovers
|-damage|p2a: Sinistcha|77/100 brn|[from] brn
|upkeep
|turn|28
|
|t:|1779866786
|move|p1a: Great Tusk|Knock Off|p2a: Sinistcha
|-supereffective|p2a: Sinistcha
|-damage|p2a: Sinistcha|67/100 brn
|move|p2a: Sinistcha|Strength Sap|p1a: Great Tusk
|-unboost|p1a: Great Tusk|atk|1
|-heal|p2a: Sinistcha|100/100 brn
|
|-heal|p1a: Great Tusk|74/100|[from] item: Leftovers
|-damage|p2a: Sinistcha|94/100 brn|[from] brn
|upkeep
|turn|29
|
|t:|1779866789
|move|p1a: Great Tusk|Knock Off|p2a: Sinistcha
|-supereffective|p2a: Sinistcha
|-damage|p2a: Sinistcha|86/100 brn
|move|p2a: Sinistcha|Matcha Gotcha|p1a: Great Tusk|[miss]
|-miss|p2a: Sinistcha|p1a: Great Tusk
|
|-heal|p1a: Great Tusk|81/100|[from] item: Leftovers
|-damage|p2a: Sinistcha|80/100 brn|[from] brn
|upkeep
|turn|30
|
|t:|1779866793
|move|p1a: Great Tusk|Knock Off|p2a: Sinistcha
|-supereffective|p2a: Sinistcha
|-damage|p2a: Sinistcha|71/100 brn
|move|p2a: Sinistcha|Strength Sap|p1a: Great Tusk
|-unboost|p1a: Great Tusk|atk|1
|-heal|p2a: Sinistcha|99/100 brn
|
|-heal|p1a: Great Tusk|87/100|[from] item: Leftovers
|-damage|p2a: Sinistcha|94/100 brn|[from] brn
|upkeep
|turn|31
|
|t:|1779866796
|move|p1a: Great Tusk|Knock Off|p2a: Sinistcha
|-supereffective|p2a: Sinistcha
|-damage|p2a: Sinistcha|86/100 brn
|move|p2a: Sinistcha|Matcha Gotcha|p1a: Great Tusk
|-supereffective|p1a: Great Tusk
|-damage|p1a: Great Tusk|0 fnt
|-heal|p2a: Sinistcha|100/100 brn|[from] drain|[of] p1a: Great Tusk
|faint|p1a: Great Tusk
|-end|p1a: Great Tusk|Protosynthesis|[silent]
|
|-damage|p2a: Sinistcha|94/100 brn|[from] brn
|upkeep
|
|t:|1779866802
|switch|p1a: Cinderace|Cinderace, F|79/100
|turn|32
|
|t:|1779866804
|move|p1a: Cinderace|Pyro Ball|p2a: Sinistcha
|-supereffective|p2a: Sinistcha
|-damage|p2a: Sinistcha|18/100 brn
|move|p2a: Sinistcha|Strength Sap|p1a: Cinderace
|-unboost|p1a: Cinderace|atk|1
|-heal|p2a: Sinistcha|100/100 brn
|
|-damage|p2a: Sinistcha|94/100 brn|[from] brn
|upkeep
|turn|33
|
|t:|1779866808
|move|p1a: Cinderace|U-turn|p2a: Sinistcha
|-start|p1a: Cinderace|typechange|Bug|[from] ability: Libero
|-damage|p2a: Sinistcha|79/100 brn
|
|t:|1779866810
|switch|p1a: Toxtricity|Toxtricity, M|11/100|[from] U-turn
|move|p2a: Sinistcha|Strength Sap|p1a: Toxtricity
|-unboost|p1a: Toxtricity|atk|1
|-heal|p2a: Sinistcha|100/100 brn
|
|-damage|p2a: Sinistcha|94/100 brn|[from] brn
|upkeep
|turn|34
|
|t:|1779866815
|move|p1a: Toxtricity|Gunk Shot|p2a: Sinistcha|[miss]
|-miss|p1a: Toxtricity|p2a: Sinistcha
|move|p2a: Sinistcha|Matcha Gotcha|p1a: Toxtricity
|-resisted|p1a: Toxtricity
|-damage|p1a: Toxtricity|0 fnt
|-heal|p2a: Sinistcha|99/100 brn|[from] drain|[of] p1a: Toxtricity
|faint|p1a: Toxtricity
|
|-damage|p2a: Sinistcha|94/100 brn|[from] brn
|upkeep
|
|t:|1779866818
|switch|p1a: Cinderace|Cinderace, F|79/100
|turn|35
|
|t:|1779866820
|move|p1a: Cinderace|Pyro Ball|p2a: Sinistcha
|-supereffective|p2a: Sinistcha
|-damage|p2a: Sinistcha|20/100 brn
|move|p2a: Sinistcha|Strength Sap|p1a: Cinderace
|-unboost|p1a: Cinderace|atk|1
|-heal|p2a: Sinistcha|100/100 brn
|
|-damage|p2a: Sinistcha|94/100 brn|[from] brn
|upkeep
|turn|36
|
|t:|1779866824
|move|p1a: Cinderace|U-turn|p2a: Sinistcha
|-start|p1a: Cinderace|typechange|Bug|[from] ability: Libero
|-crit|p2a: Sinistcha
|-damage|p2a: Sinistcha|60/100 brn
|
|t:|1779866827
|switch|p1a: Basculegion|Basculegion, M, tera:Water|49/100|[from] U-turn
|move|p2a: Sinistcha|Strength Sap|p1a: Basculegion
|-unboost|p1a: Basculegion|atk|1
|-heal|p2a: Sinistcha|100/100 brn
|
|-damage|p2a: Sinistcha|94/100 brn|[from] brn
|upkeep
|turn|37
|
|t:|1779866830
|move|p1a: Basculegion|Flip Turn|p2a: Sinistcha
|-resisted|p2a: Sinistcha
|-damage|p2a: Sinistcha|78/100 brn
|
|t:|1779866833
|switch|p1a: Cinderace|Cinderace, F|79/100|[from] Flip Turn
|move|p2a: Sinistcha|Matcha Gotcha|p1a: Cinderace
|-resisted|p1a: Cinderace
|-damage|p1a: Cinderace|0 fnt
|-heal|p2a: Sinistcha|100/100 brn|[from] drain|[of] p1a: Cinderace
|faint|p1a: Cinderace
|
|-damage|p2a: Sinistcha|94/100 brn|[from] brn
|upkeep
|
|t:|1779866835
|switch|p1a: Kingambit|Kingambit, M|100/100
|-activate|p1a: Kingambit|ability: Supreme Overlord
|-start|p1a: Kingambit|fallen4|[silent]
|turn|38
|
|t:|1779866841
|move|p2a: Sinistcha|Matcha Gotcha|p1a: Kingambit
|-resisted|p1a: Kingambit
|-damage|p1a: Kingambit|33/100
|-heal|p2a: Sinistcha|100/100 brn|[from] drain|[of] p1a: Kingambit
|move|p1a: Kingambit|Kowtow Cleave|p2a: Sinistcha
|-supereffective|p2a: Sinistcha
|-damage|p2a: Sinistcha|0 fnt
|faint|p2a: Sinistcha
|
|upkeep
|
|t:|1779866848
|switch|p2a: Dragonite|Dragonite, M, shiny|100/100
|-damage|p2a: Dragonite|76/100|[from] Stealth Rock
|turn|39
|
|t:|1779866852
|move|p2a: Dragonite|Extreme Speed|p1a: Kingambit
|-resisted|p1a: Kingambit
|-damage|p1a: Kingambit|21/100
|move|p1a: Kingambit|Kowtow Cleave|p2a: Dragonite
|-damage|p2a: Dragonite|0 fnt
|faint|p2a: Dragonite
|
|upkeep
|
|t:|1779866855
|switch|p2a: Suicune|Suicune, shiny|100/100
|-damage|p2a: Suicune|88/100|[from] Stealth Rock
|-ability|p2a: Suicune|Pressure
|turn|40
|
|t:|1779866857
|move|p2a: Suicune|Scald|p1a: Kingambit
|-damage|p1a: Kingambit|0 fnt
|faint|p1a: Kingambit
|-end|p1a: Kingambit|fallen4|[silent]
|
|-heal|p2a: Suicune|94/100|[from] item: Leftovers
|upkeep
|
|t:|1779866860
|switch|p1a: Basculegion|Basculegion, M, tera:Water|49/100
|turn|41
|
|t:|1779866863
|move|p2a: Suicune|Scald|p1a: Basculegion
|-resisted|p1a: Basculegion
|-damage|p1a: Basculegion|37/100
|move|p1a: Basculegion|Phantom Force||[still]
|-prepare|p1a: Basculegion|Phantom Force
|
|-heal|p2a: Suicune|100/100|[from] item: Leftovers
|upkeep
|turn|42
|
|t:|1779866867
|move|p2a: Suicune|Scald|p1a: Basculegion|[miss]
|-miss|p2a: Suicune|p1a: Basculegion
|move|p1a: Basculegion|Phantom Force|p2a: Suicune|[from] lockedmove
|-damage|p2a: Suicune|65/100
|
|-heal|p2a: Suicune|71/100|[from] item: Leftovers
|upkeep
|turn|43
|
|t:|1779866874
|move|p2a: Suicune|Calm Mind|p2a: Suicune
|-boost|p2a: Suicune|spa|1
|-boost|p2a: Suicune|spd|1
|move|p1a: Basculegion|Phantom Force||[still]
|-prepare|p1a: Basculegion|Phantom Force
|
|-heal|p2a: Suicune|77/100|[from] item: Leftovers
|upkeep
|turn|44
|
|t:|1779866878
|move|p2a: Suicune|Calm Mind|p2a: Suicune
|-boost|p2a: Suicune|spa|1
|-boost|p2a: Suicune|spd|1
|move|p1a: Basculegion|Phantom Force|p2a: Suicune|[from] lockedmove
|-damage|p2a: Suicune|36/100
|
|-heal|p2a: Suicune|42/100|[from] item: Leftovers
|upkeep
|turn|45
|
|t:|1779866881
|move|p2a: Suicune|Scald|p1a: Basculegion
|-resisted|p1a: Basculegion
|-damage|p1a: Basculegion|11/100
|-status|p1a: Basculegion|brn
|move|p1a: Basculegion|Phantom Force||[still]
|-prepare|p1a: Basculegion|Phantom Force
|
|-heal|p2a: Suicune|48/100|[from] item: Leftovers
|-damage|p1a: Basculegion|5/100 brn|[from] brn
|upkeep
|turn|46
|
|t:|1779866885
|move|p2a: Suicune|Rest|p2a: Suicune
|-status|p2a: Suicune|slp|[from] move: Rest
|-heal|p2a: Suicune|100/100 slp|[silent]
|move|p1a: Basculegion|Phantom Force|p2a: Suicune|[from] lockedmove
|-damage|p2a: Suicune|81/100 slp
|
|-heal|p2a: Suicune|88/100 slp|[from] item: Leftovers
|-damage|p1a: Basculegion|0 fnt|[from] brn
|faint|p1a: Basculegion
|
|win|hueehuuekkkk
|raw|Peteblackx's rating: 1313 &rarr; <strong>1296</strong><br />(-17 for losing)
|raw|hueehuuekkkk's rating: 1361 &rarr; <strong>1378</strong><br />(+17 for winning)
|l|☆Peteblackx
|player|p1|
|l|☆hueehuuekkkk
|player|p2|
