|j|☆zukarusuke
|j|☆kvgreat1234567
|t:|1779942699
|gametype|singles
|player|p1|zukarusuke|unknown|1313
|player|p2|kvgreat1234567|102|1353
|gen|9
|tier|[Gen 9] OU
|rated|
|rule|HP Percentage Mod: HP is shown in percentages
|rule|Endless Battle Clause: Forcing endless battles is banned
|rule|Species Clause: Limit one of each Pokémon
|rule|OHKO Clause: OHKO moves are banned
|rule|Evasion Items Clause: Evasion items are banned
|rule|Evasion Moves Clause: Evasion moves are banned
|rule|Evasion Abilities Clause: Evasion abilities are banned
|rule|Sleep Moves Clause: Sleep-inducing moves are banned
|clearpoke
|poke|p1|Lokix, M|
|poke|p1|Iron Crown|
|poke|p1|Gliscor, M|
|poke|p1|Garganacl, M|
|poke|p1|Pecharunt|
|poke|p1|Cinderace, F|
|poke|p2|Blaziken, F|
|poke|p2|Zamazenta-*|
|poke|p2|Ogerpon-Wellspring, F|
|poke|p2|Iron Moth|
|poke|p2|Darkrai|
|poke|p2|Salamence, M|
|teampreview
|inactive|Battle timer is ON: inactive players will automatically lose when time's up. (requested by zukarusuke)
|inactive|zukarusuke has 120 seconds left.
|
|t:|1779942736
|teamsize|p1|6
|teamsize|p2|6
|start
|switch|p1a: Lokix|Lokix, M|100/100
|switch|p2a: Darkrai|Darkrai|100/100
|turn|1
|
|t:|1779942744
|-terastallize|p2a: Darkrai|Poison
|move|p1a: Lokix|First Impression|p2a: Darkrai
|-resisted|p2a: Darkrai
|-damage|p2a: Darkrai|27/100
|move|p2a: Darkrai|Sludge Bomb|p1a: Lokix
|-damage|p1a: Lokix|6/100
|
|upkeep
|turn|2
|
|t:|1779942751
|move|p1a: Lokix|Sucker Punch|p2a: Darkrai
|-damage|p2a: Darkrai|0 fnt
|faint|p2a: Darkrai
|
|upkeep
|
|t:|1779942757
|switch|p2a: Salamence|Salamence, M|100/100
|-ability|p2a: Salamence|Intimidate|boost
|-unboost|p1a: Lokix|atk|1
|turn|3
|
|t:|1779942773
|switch|p1a: Pecharunt|Pecharunt|100/100
|move|p2a: Salamence|Dragon Dance|p2a: Salamence
|-boost|p2a: Salamence|atk|1
|-boost|p2a: Salamence|spe|1
|
|upkeep
|turn|4
|
|t:|1779942779
|move|p2a: Salamence|Earthquake|p1a: Pecharunt
|-supereffective|p1a: Pecharunt
|-damage|p1a: Pecharunt|42/100
|move|p1a: Pecharunt|Malignant Chain|p2a: Salamence
|-damage|p2a: Salamence|62/100
|
|upkeep
|turn|5
|
|t:|1779942786
|switch|p1a: Gliscor|Gliscor, M|100/100
|move|p2a: Salamence|Earthquake|p1a: Gliscor
|-immune|p1a: Gliscor
|
|-status|p1a: Gliscor|tox|[from] item: Toxic Orb
|upkeep
|turn|6
|
|t:|1779942790
|move|p2a: Salamence|Dragon Claw|p1a: Gliscor
|-damage|p1a: Gliscor|33/100 tox
|move|p1a: Gliscor|Facade|p2a: Salamence
|-damage|p2a: Salamence|16/100
|
|-heal|p1a: Gliscor|45/100 tox|[from] ability: Poison Heal
|upkeep
|turn|7
|
|t:|1779942801
|move|p2a: Salamence|Dragon Claw|p1a: Gliscor
|-damage|p1a: Gliscor|0 fnt
|faint|p1a: Gliscor
|
|upkeep
|
|t:|1779942803
|switch|p1a: Lokix|Lokix, M|6/100
|turn|8
|
|t:|1779942806
|move|p1a: Lokix|First Impression|p2a: Salamence
|-resisted|p2a: Salamence
|-damage|p2a: Salamence|0 fnt
|faint|p2a: Salamence
|
|upkeep
|
|t:|1779942817
|switch|p2a: Ogerpon|Ogerpon-Wellspring, F|100/100
|turn|9
|
|t:|1779942836
|switch|p1a: Iron Crown|Iron Crown|100/100
|move|p2a: Ogerpon|Ivy Cudgel|p1a: Iron Crown|[anim] Ivy Cudgel Water
|-damage|p1a: Iron Crown|40/100
|
|upkeep
|turn|10
|
|t:|1779942842
|move|p2a: Ogerpon|Ivy Cudgel|p1a: Iron Crown|[anim] Ivy Cudgel Water
|-crit|p1a: Iron Crown
|-damage|p1a: Iron Crown|0 fnt
|faint|p1a: Iron Crown
|-end|p1a: Iron Crown|Quark Drive|[silent]
|
|upkeep
|
|t:|1779942846
|switch|p1a: Lokix|Lokix, M|6/100
|turn|11
|
|t:|1779942857
|switch|p2a: Blaziken|Blaziken, F|100/100
|move|p1a: Lokix|First Impression|p2a: Blaziken
|-resisted|p2a: Blaziken
|-damage|p2a: Blaziken|59/100
|
|upkeep
|turn|12
|
|t:|1779942868
|switch|p1a: Cinderace|Cinderace, F|100/100
|move|p2a: Blaziken|Endure||[still]
|-fail|p2a: Blaziken
|
|-ability|p2a: Blaziken|Speed Boost|boost
|-boost|p2a: Blaziken|spe|1
|upkeep
|turn|13
|
|t:|1779942879
|move|p2a: Blaziken|Endure|p2a: Blaziken
|-singleturn|p2a: Blaziken|move: Endure
|move|p1a: Cinderace|Pyro Ball|p2a: Blaziken
|-resisted|p2a: Blaziken
|-damage|p2a: Blaziken|11/100
|
|-ability|p2a: Blaziken|Speed Boost|boost
|-boost|p2a: Blaziken|spe|1
|upkeep
|turn|14
|
|t:|1779942886
|switch|p1a: Pecharunt|Pecharunt|42/100
|move|p2a: Blaziken|Reversal|p1a: Pecharunt
|-immune|p1a: Pecharunt
|
|-ability|p2a: Blaziken|Speed Boost|boost
|-boost|p2a: Blaziken|spe|1
|upkeep
|turn|15
|
|t:|1779942907
|move|p2a: Blaziken|Blaze Kick|p1a: Pecharunt
|-damage|p1a: Pecharunt|19/100
|move|p1a: Pecharunt|Recover|p1a: Pecharunt
|-heal|p1a: Pecharunt|69/100
|
|-ability|p2a: Blaziken|Speed Boost|boost
|-boost|p2a: Blaziken|spe|1
|upkeep
|turn|16
|
|t:|1779942917
|move|p2a: Blaziken|Swords Dance|p2a: Blaziken
|-boost|p2a: Blaziken|atk|2
|move|p1a: Pecharunt|Foul Play|p2a: Blaziken
|-resisted|p2a: Blaziken
|-damage|p2a: Blaziken|0 fnt
|faint|p2a: Blaziken
|
|upkeep
|
|t:|1779942925
|switch|p2a: Zamazenta|Zamazenta|100/100
|-ability|p2a: Zamazenta|Dauntless Shield|boost
|-boost|p2a: Zamazenta|def|1
|turn|17
|
|t:|1779942932
|move|p2a: Zamazenta|Psychic Fangs|p1a: Pecharunt
|-supereffective|p1a: Pecharunt
|-crit|p1a: Pecharunt
|-damage|p1a: Pecharunt|19/100
|-damage|p2a: Zamazenta|91/100|[from] item: Life Orb
|move|p1a: Pecharunt|Malignant Chain|p2a: Zamazenta
|-damage|p2a: Zamazenta|62/100
|
|upkeep
|turn|18
|
|t:|1779942940
|switch|p1a: Cinderace|Cinderace, F|100/100
|move|p2a: Zamazenta|Psychic Fangs|p1a: Cinderace
|-damage|p1a: Cinderace|50/100
|-damage|p2a: Zamazenta|52/100|[from] item: Life Orb
|
|upkeep
|turn|19
|
|t:|1779942946
|move|p2a: Zamazenta|Psychic Fangs|p1a: Cinderace
|-damage|p1a: Cinderace|0 fnt
|faint|p1a: Cinderace
|-damage|p2a: Zamazenta|42/100|[from] item: Life Orb
|
|upkeep
|
|t:|1779942960
|switch|p1a: Garganacl|Garganacl, M|100/100
|turn|20
|
|t:|1779942970
|-terastallize|p1a: Garganacl|Water
|move|p2a: Zamazenta|Close Combat|p1a: Garganacl
|-damage|p1a: Garganacl|48/100
|-unboost|p2a: Zamazenta|def|1
|-unboost|p2a: Zamazenta|spd|1
|-damage|p2a: Zamazenta|32/100|[from] item: Life Orb
|move|p1a: Garganacl|Salt Cure|p2a: Zamazenta
|-resisted|p2a: Zamazenta
|-damage|p2a: Zamazenta|26/100
|-start|p2a: Zamazenta|Salt Cure
|
|-heal|p1a: Garganacl|54/100|[from] item: Leftovers
|-damage|p2a: Zamazenta|14/100|[from] Salt Cure
|upkeep
|turn|21
|
|t:|1779942979
|move|p1a: Garganacl|Protect|p1a: Garganacl
|-singleturn|p1a: Garganacl|Protect
|move|p2a: Zamazenta|Close Combat|p1a: Garganacl
|-activate|p1a: Garganacl|move: Protect
|
|-heal|p1a: Garganacl|61/100|[from] item: Leftovers
|-damage|p2a: Zamazenta|2/100|[from] Salt Cure
|upkeep
|turn|22
|
|t:|1779942988
|switch|p1a: Pecharunt|Pecharunt|19/100
|move|p2a: Zamazenta|Close Combat|p1a: Pecharunt
|-immune|p1a: Pecharunt
|
|-damage|p2a: Zamazenta|0 fnt|[from] Salt Cure
|faint|p2a: Zamazenta
|upkeep
|
|t:|1779942991
|switch|p2a: Iron Moth|Iron Moth|100/100
|-enditem|p2a: Iron Moth|Booster Energy
|-activate|p2a: Iron Moth|ability: Quark Drive|[fromitem]
|-start|p2a: Iron Moth|quarkdrivespa
|turn|23
|
|t:|1779942994
|move|p2a: Iron Moth|Fiery Dance|p1a: Pecharunt
|-damage|p1a: Pecharunt|0 fnt
|-boost|p2a: Iron Moth|spa|1
|faint|p1a: Pecharunt
|
|upkeep
|
|t:|1779942996
|switch|p1a: Garganacl|Garganacl, M, tera:Water|61/100
|turn|24
|
|t:|1779942998
|move|p2a: Iron Moth|Discharge|p1a: Garganacl
|-supereffective|p1a: Garganacl
|-damage|p1a: Garganacl|0 fnt
|faint|p1a: Garganacl
|
|upkeep
|-message|zukarusuke forfeited.
|
|win|kvgreat1234567
|raw|zukarusuke's rating: 1313 &rarr; <strong>1296</strong><br />(-17 for losing)
|raw|kvgreat1234567's rating: 1373 &rarr; <strong>1390</strong><br />(+17 for winning)
|l|☆zukarusuke
|player|p1|
|l|☆kvgreat1234567
|player|p2|
