|j|☆flapjacque
|j|☆gabboh
|t:|1779873913
|gametype|singles
|player|p1|flapjacque|wallace|1368
|player|p2|gabboh|102|1399
|gen|9
|tier|[Gen 9] OU
|rated|
|rule|HP Percentage Mod: HP is shown in percentages
|rule|Endless Battle Clause: Forcing endless battles is banned
|rule|Species Clause: Limit one of each Pokémon
|rule|OHKO Clause: OHKO moves are banned
|rule|Evasion Items Clause: Evasion items are banned
|rule|Evasion Moves Clause: Evasion moves are banned
|rule|Evasion Abilities Clause: Evasion abilities are banned
|rule|Sleep Moves Clause: Sleep-inducing moves are banned
|clearpoke
|poke|p1|Milotic, F|
|poke|p1|Skarmory, F|
|poke|p1|Quagsire, F|
|poke|p1|Latias, F|
|poke|p1|Enamorus, F|
|poke|p1|Grafaiai, F|
|poke|p2|Samurott-Hisui, M|
|poke|p2|Zamazenta-*|
|poke|p2|Smeargle, F|
|poke|p2|Deoxys-Speed|
|poke|p2|Moltres-Galar|
|poke|p2|Gholdengo|
|teampreview
|
|t:|1779873920
|teamsize|p1|6
|teamsize|p2|6
|start
|switch|p1a: Enamorus|Enamorus, F|100/100
|switch|p2a: Samurott|Samurott-Hisui, M|100/100
|turn|1
|
|t:|1779873927
|move|p1a: Enamorus|Substitute|p1a: Enamorus
|-start|p1a: Enamorus|Substitute
|-damage|p1a: Enamorus|76/100
|move|p2a: Samurott|Razor Shell|p1a: Enamorus
|-end|p1a: Enamorus|Substitute
|
|-heal|p1a: Enamorus|82/100|[from] item: Leftovers
|upkeep
|turn|2
|
|t:|1779873935
|move|p1a: Enamorus|Superpower|p2a: Samurott
|-supereffective|p2a: Samurott
|-enditem|p2a: Samurott|Focus Sash
|-damage|p2a: Samurott|1/100
|-boost|p1a: Enamorus|atk|1
|-boost|p1a: Enamorus|def|1
|move|p2a: Samurott|Razor Shell|p1a: Enamorus
|-damage|p1a: Enamorus|27/100
|-boost|p1a: Enamorus|def|1
|
|-heal|p1a: Enamorus|33/100|[from] item: Leftovers
|upkeep
|turn|3
|
|t:|1779873949
|move|p2a: Samurott|Aqua Jet|p1a: Enamorus
|-damage|p1a: Enamorus|16/100
|move|p1a: Enamorus|Superpower|p2a: Samurott
|-supereffective|p2a: Samurott
|-damage|p2a: Samurott|0 fnt
|-boost|p1a: Enamorus|atk|1
|-boost|p1a: Enamorus|def|1
|faint|p2a: Samurott
|
|-heal|p1a: Enamorus|23/100|[from] item: Leftovers
|upkeep
|
|t:|1779873961
|switch|p2a: Deoxys|Deoxys-Speed|100/100
|-ability|p2a: Deoxys|Pressure
|turn|4
|
|t:|1779873969
|switch|p1a: Skarmory|Skarmory, F|100/100
|move|p2a: Deoxys|Psycho Boost|p1a: Skarmory
|-resisted|p1a: Skarmory
|-damage|p1a: Skarmory|68/100
|-unboost|p2a: Deoxys|spa|2
|
|upkeep
|turn|5
|
|t:|1779873980
|move|p2a: Deoxys|Taunt|p1a: Skarmory
|-start|p1a: Skarmory|move: Taunt
|move|p1a: Skarmory|Brave Bird|p2a: Deoxys
|-damage|p2a: Deoxys|55/100
|-damage|p1a: Skarmory|54/100|[from] Recoil
|
|upkeep
|turn|6
|
|t:|1779873993
|move|p2a: Deoxys|Reflect|p2a: Deoxys
|-sidestart|p2: gabboh|Reflect
|move|p1a: Skarmory|Brave Bird|p2a: Deoxys
|-damage|p2a: Deoxys|34/100
|-damage|p1a: Skarmory|48/100|[from] Recoil
|
|upkeep
|turn|7
|
|t:|1779873999
|switch|p1a: Grafaiai|Grafaiai, F|100/100
|move|p2a: Deoxys|Light Screen|p2a: Deoxys
|-sidestart|p2: gabboh|move: Light Screen
|
|upkeep
|turn|8
|
|t:|1779874007
|switch|p2a: Gholdengo|Gholdengo|100/100
|move|p1a: Grafaiai|Encore|p2a: Gholdengo
|-immune|p2a: Gholdengo|[from] ability: Good as Gold
|
|upkeep
|turn|9
|
|t:|1779874018
|move|p1a: Grafaiai|Parting Shot|p2a: Gholdengo
|-immune|p2a: Gholdengo|[from] ability: Good as Gold
|move|p2a: Gholdengo|Trick|p1a: Grafaiai
|-activate|p2a: Gholdengo|move: Trick|[of] p1a: Grafaiai
|-item|p1a: Grafaiai|Choice Scarf|[from] move: Trick
|-item|p2a: Gholdengo|Leftovers|[from] move: Trick
|
|upkeep
|turn|10
|
|t:|1779874029
|move|p1a: Grafaiai|Knock Off|p2a: Gholdengo
|-supereffective|p2a: Gholdengo
|-damage|p2a: Gholdengo|76/100
|-enditem|p2a: Gholdengo|Leftovers|[from] move: Knock Off|[of] p1a: Grafaiai
|move|p2a: Gholdengo|Make It Rain|p1a: Grafaiai
|-damage|p1a: Grafaiai|1/100
|-unboost|p2a: Gholdengo|spa|1
|
|upkeep
|turn|11
|
|t:|1779874038
|switch|p1a: Milotic|Milotic, F|100/100
|move|p2a: Gholdengo|Make It Rain|p1a: Milotic
|-resisted|p1a: Milotic
|-damage|p1a: Milotic|85/100
|-unboost|p2a: Gholdengo|spa|1
|
|-heal|p1a: Milotic|91/100|[from] item: Leftovers
|upkeep
|turn|12
|
|t:|1779874050
|switch|p2a: Moltres|Moltres-Galar, shiny|100/100
|move|p1a: Milotic|Hydro Pump|p2a: Moltres
|-damage|p2a: Moltres|79/100
|
|-heal|p1a: Milotic|97/100|[from] item: Leftovers
|upkeep
|turn|13
|
|t:|1779874059
|move|p2a: Moltres|Nasty Plot|p2a: Moltres
|-boost|p2a: Moltres|spa|2
|move|p1a: Milotic|Flip Turn|p2a: Moltres
|-damage|p2a: Moltres|72/100
|
|t:|1779874064
|switch|p1a: Grafaiai|Grafaiai, F|1/100|[from] Flip Turn
|
|-sideend|p2: gabboh|Reflect
|upkeep
|turn|14
|
|t:|1779874068
|move|p1a: Grafaiai|Encore|p2a: Moltres
|-hint|Since gen 7, Dark is immune to Prankster moves.
|-immune|p2a: Moltres
|move|p2a: Moltres|Agility|p2a: Moltres
|-boost|p2a: Moltres|spe|2
|
|-sideend|p2: gabboh|move: Light Screen
|upkeep
|turn|15
|
|t:|1779874082
|move|p1a: Grafaiai|Encore|p2a: Moltres
|-hint|Since gen 7, Dark is immune to Prankster moves.
|-immune|p2a: Moltres
|move|p2a: Moltres|Fiery Wrath|p1a: Grafaiai
|-damage|p1a: Grafaiai|0 fnt
|faint|p1a: Grafaiai
|
|upkeep
|
|t:|1779874095
|switch|p1a: Quagsire|Quagsire, F, shiny|100/100
|turn|16
|
|t:|1779874099
|move|p2a: Moltres|Fiery Wrath|p1a: Quagsire
|-damage|p1a: Quagsire|51/100
|cant|p1a: Quagsire|flinch
|
|-heal|p1a: Quagsire|57/100|[from] item: Leftovers
|upkeep
|turn|17
|
|t:|1779874106
|move|p2a: Moltres|Hurricane|p1a: Quagsire
|-damage|p1a: Quagsire|0 fnt
|faint|p1a: Quagsire
|
|upkeep
|
|t:|1779874112
|switch|p1a: Milotic|Milotic, F|97/100
|turn|18
|
|t:|1779874116
|move|p2a: Moltres|Fiery Wrath|p1a: Milotic
|-damage|p1a: Milotic|32/100
|move|p1a: Milotic|Ice Beam|p2a: Moltres
|-supereffective|p2a: Moltres
|-damage|p2a: Moltres|20/100
|-ability|p2a: Moltres|Berserk|boost
|-boost|p2a: Moltres|spa|1
|-enditem|p2a: Moltres|Sitrus Berry|[eat]
|-heal|p2a: Moltres|45/100|[from] item: Sitrus Berry
|
|-heal|p1a: Milotic|38/100|[from] item: Leftovers
|upkeep
|turn|19
|
|t:|1779874126
|move|p2a: Moltres|Fiery Wrath|p1a: Milotic
|-damage|p1a: Milotic|0 fnt
|faint|p1a: Milotic
|
|upkeep
|
|t:|1779874131
|switch|p1a: Latias|Latias, F|100/100
|turn|20
|
|t:|1779874137
|-terastallize|p1a: Latias|Fairy
|move|p2a: Moltres|Fiery Wrath|p1a: Latias
|-resisted|p1a: Latias
|-damage|p1a: Latias|60/100
|move|p1a: Latias|Draining Kiss|p2a: Moltres
|-supereffective|p2a: Moltres
|-damage|p2a: Moltres|7/100
|-heal|p1a: Latias|85/100|[from] drain|[of] p2a: Moltres
|
|upkeep
|turn|21
|
|t:|1779874146
|move|p2a: Moltres|Hurricane|p1a: Latias
|-damage|p1a: Latias|0 fnt
|faint|p1a: Latias
|
|upkeep
|
|t:|1779874151
|switch|p1a: Enamorus|Enamorus, F|23/100
|turn|22
|
|t:|1779874154
|move|p2a: Moltres|Fiery Wrath|p1a: Enamorus
|-resisted|p1a: Enamorus
|-damage|p1a: Enamorus|0 fnt
|faint|p1a: Enamorus
|
|upkeep
|
|t:|1779874158
|switch|p1a: Skarmory|Skarmory, F|48/100
|turn|23
|
|t:|1779874161
|move|p2a: Moltres|Fiery Wrath|p1a: Skarmory
|-crit|p1a: Skarmory
|-damage|p1a: Skarmory|0 fnt
|faint|p1a: Skarmory
|
|win|gabboh
|raw|flapjacque's rating: 1368 &rarr; <strong>1350</strong><br />(-18 for losing)
|raw|gabboh's rating: 1399 &rarr; <strong>1417</strong><br />(+18 for winning)
|l|☆gabboh
|player|p2|
|l|☆flapjacque
|player|p1|
|j| samurajen
