|j|☆askkw
|j|☆banjo guro
|t:|1779895668
|gametype|singles
|player|p1|askkw|101|1319
|player|p2|banjo guro|erika|1301
|gen|9
|tier|[Gen 9] OU
|rated|
|rule|HP Percentage Mod: HP is shown in percentages
|rule|Endless Battle Clause: Forcing endless battles is banned
|rule|Species Clause: Limit one of each Pokémon
|rule|OHKO Clause: OHKO moves are banned
|rule|Evasion Items Clause: Evasion items are banned
|rule|Evasion Moves Clause: Evasion moves are banned
|rule|Evasion Abilities Clause: Evasion abilities are banned
|rule|Sleep Moves Clause: Sleep-inducing moves are banned
|clearpoke
|poke|p1|Lilligant, F|
|poke|p1|Ninetales, F|
|poke|p1|Great Tusk|
|poke|p1|Walking Wake|
|poke|p1|Kingambit, M|
|poke|p1|Hatterene, F|
|poke|p2|Garganacl, M|
|poke|p2|Mimikyu, F|
|poke|p2|Chimecho, F|
|poke|p2|Serperior, M|
|poke|p2|Polteageist|
|poke|p2|Maushold|
|teampreview
|
|t:|1779895679
|teamsize|p1|6
|teamsize|p2|6
|start
|switch|p1a: Ninetales|Ninetales, F, shiny|100/100
|switch|p2a: Serperior|Serperior, M|100/100
|-weather|SunnyDay|[from] ability: Drought|[of] p1a: Ninetales
|turn|1
|inactive|Battle timer is ON: inactive players will automatically lose when time's up. (requested by banjo guro)
|
|t:|1779895685
|move|p1a: Ninetales|Overheat|p2a: Serperior
|-supereffective|p2a: Serperior
|-crit|p2a: Serperior
|-damage|p2a: Serperior|0 fnt
|-unboost|p1a: Ninetales|spa|2
|faint|p2a: Serperior
|
|-weather|SunnyDay|[upkeep]
|upkeep
|
|t:|1779895689
|switch|p2a: Polteageist|Polteageist|100/100
|turn|2
|
|t:|1779895701
|switch|p1a: Kingambit|Kingambit, M|100/100
|move|p2a: Polteageist|Shell Smash|p2a: Polteageist
|-unboost|p2a: Polteageist|def|1
|-unboost|p2a: Polteageist|spd|1
|-boost|p2a: Polteageist|atk|2
|-boost|p2a: Polteageist|spa|2
|-boost|p2a: Polteageist|spe|2
|
|-weather|SunnyDay|[upkeep]
|upkeep
|turn|3
|
|t:|1779895719
|switch|p2a: Garganacl|Garganacl, M|100/100
|move|p1a: Kingambit|Iron Head|p2a: Garganacl
|-supereffective|p2a: Garganacl
|-damage|p2a: Garganacl|35/100
|
|-weather|SunnyDay|[upkeep]
|-heal|p2a: Garganacl|42/100|[from] item: Leftovers
|upkeep
|turn|4
|
|t:|1779895728
|move|p1a: Kingambit|Low Kick|p2a: Garganacl
|-supereffective|p2a: Garganacl
|-damage|p2a: Garganacl|0 fnt
|faint|p2a: Garganacl
|
|-weather|SunnyDay|[upkeep]
|upkeep
|
|t:|1779895732
|switch|p2a: Chimecho|Chimecho, F|100/100
|turn|5
|
|t:|1779895737
|-terastallize|p2a: Chimecho|Electric
|move|p1a: Kingambit|Iron Head|p2a: Chimecho
|-resisted|p2a: Chimecho
|-damage|p2a: Chimecho|74/100
|move|p2a: Chimecho|Cosmic Power|p2a: Chimecho
|-boost|p2a: Chimecho|def|1
|-boost|p2a: Chimecho|spd|1
|
|-weather|SunnyDay|[upkeep]
|-heal|p2a: Chimecho|80/100|[from] item: Leftovers
|upkeep
|turn|6
|
|t:|1779895743
|-end|p1a: Kingambit|fallenundefined|[silent]
|switch|p1a: Ninetales|Ninetales, F, shiny|100/100
|move|p2a: Chimecho|Cosmic Power|p2a: Chimecho
|-boost|p2a: Chimecho|def|1
|-boost|p2a: Chimecho|spd|1
|
|-weather|SunnyDay|[upkeep]
|-heal|p2a: Chimecho|86/100|[from] item: Leftovers
|upkeep
|turn|7
|
|t:|1779895749
|move|p1a: Ninetales|Encore|p2a: Chimecho
|-start|p2a: Chimecho|Encore
|move|p2a: Chimecho|Cosmic Power|p2a: Chimecho
|-boost|p2a: Chimecho|def|1
|-boost|p2a: Chimecho|spd|1
|
|-weather|SunnyDay|[upkeep]
|-heal|p2a: Chimecho|92/100|[from] item: Leftovers
|upkeep
|turn|8
|
|t:|1779895765
|switch|p1a: Lilligant|Lilligant, F|100/100
|move|p2a: Chimecho|Cosmic Power|p2a: Chimecho
|-boost|p2a: Chimecho|def|1
|-boost|p2a: Chimecho|spd|1
|
|-weather|none
|-heal|p2a: Chimecho|98/100|[from] item: Leftovers
|upkeep
|turn|9
|
|t:|1779895769
|move|p1a: Lilligant|Quiver Dance|p1a: Lilligant
|-boost|p1a: Lilligant|spa|1
|-boost|p1a: Lilligant|spd|1
|-boost|p1a: Lilligant|spe|1
|move|p2a: Chimecho|Cosmic Power|p2a: Chimecho
|-boost|p2a: Chimecho|def|1
|-boost|p2a: Chimecho|spd|1
|
|-heal|p2a: Chimecho|100/100|[from] item: Leftovers
|-end|p2a: Chimecho|Encore
|upkeep
|turn|10
|
|t:|1779895772
|move|p1a: Lilligant|Quiver Dance|p1a: Lilligant
|-boost|p1a: Lilligant|spa|1
|-boost|p1a: Lilligant|spd|1
|-boost|p1a: Lilligant|spe|1
|move|p2a: Chimecho|Stored Power|p1a: Lilligant
|-damage|p1a: Lilligant|35/100
|
|upkeep
|turn|11
|
|t:|1779895777
|switch|p1a: Kingambit|Kingambit, M|100/100
|move|p2a: Chimecho|Charge Beam|p1a: Kingambit
|-damage|p1a: Kingambit|71/100
|-boost|p2a: Chimecho|spa|1
|
|upkeep
|turn|12
|
|t:|1779895786
|move|p1a: Kingambit|Swords Dance|p1a: Kingambit
|-boost|p1a: Kingambit|atk|2
|move|p2a: Chimecho|Charge Beam|p1a: Kingambit
|-damage|p1a: Kingambit|29/100
|-boost|p2a: Chimecho|spa|1
|
|upkeep
|turn|13
|
|t:|1779895789
|move|p1a: Kingambit|Sucker Punch|p2a: Chimecho
|-damage|p2a: Chimecho|71/100
|move|p2a: Chimecho|Charge Beam|p1a: Kingambit
|-damage|p1a: Kingambit|0 fnt
|faint|p1a: Kingambit
|-end|p1a: Kingambit|fallenundefined|[silent]
|
|-heal|p2a: Chimecho|77/100|[from] item: Leftovers
|upkeep
|
|t:|1779895793
|switch|p1a: Hatterene|Hatterene, F|100/100
|turn|14
|
|t:|1779895795
|move|p2a: Chimecho|Stored Power|p1a: Hatterene
|-resisted|p1a: Hatterene
|-damage|p1a: Hatterene|0 fnt
|faint|p1a: Hatterene
|
|-heal|p2a: Chimecho|83/100|[from] item: Leftovers
|upkeep
|-message|askkw forfeited.
|
|win|banjo guro
|raw|askkw's rating: 1302 &rarr; <strong>1282</strong><br />(-20 for losing)
|raw|banjo guro's rating: 1301 &rarr; <strong>1321</strong><br />(+20 for winning)
|l|☆askkw
|player|p1|
|l|☆banjo guro
|player|p2|
