|j|☆silver jay#2240
|j|☆wwwwwth
|inactive|Battle timer is ON: inactive players will automatically lose when time's up.
|t:|1779969970
|gametype|singles
|player|p1|silver jay#2240|grusha|
|player|p2|wwwwwth|iono|
|gen|9
|tier|[Gen 9] OU
|rated|Tournament battle
|rule|HP Percentage Mod: HP is shown in percentages
|rule|Endless Battle Clause: Forcing endless battles is banned
|rule|Species Clause: Limit one of each Pokémon
|rule|OHKO Clause: OHKO moves are banned
|rule|Evasion Items Clause: Evasion items are banned
|rule|Evasion Moves Clause: Evasion moves are banned
|rule|Evasion Abilities Clause: Evasion abilities are banned
|rule|Sleep Moves Clause: Sleep-inducing moves are banned
|raw|<div class="infobox"><details class="readmore"><summary><strong>15 custom rules:</strong></summary> -burmy, -caterpie, -combee, -kricketot, -magikarp, -scatterbug, -sunkern, -tynamo, -typenull, -weedle, -wurmple, -cosmog, -blipbug, -snom, -wynaut</details></div>
|clearpoke
|poke|p1|Rhydon, F|
|poke|p1|Duosion, F|
|poke|p1|Foongus, F|
|poke|p1|Snivy, F|
|poke|p2|Tepig, F|
|poke|p2|Girafarig, F|
|poke|p2|Galvantula, F|
|poke|p2|Malamar, M|
|teampreview
|j|*Lady Monita 
|inactive|wwwwwth also wants the timer to be on.
|c|☆silver jay#2240|hf
|j| Butterlol
|c|☆wwwwwth|u2
|j| WrenTheBurb
|
|t:|1779969986
|teamsize|p1|4
|teamsize|p2|4
|start
|switch|p1a: amongus|Foongus, F|100/100
|switch|p2a: Galvantula|Galvantula, F|100/100
|turn|1
|
|t:|1779969990
|switch|p2a: Girafarig|Girafarig, F|100/100
|move|p1a: amongus|Toxic|p2a: Girafarig
|-status|p2a: Girafarig|tox
|
|-damage|p2a: Girafarig|94/100 tox|[from] psn
|upkeep
|turn|2
|
|t:|1779969994
|switch|p1a: biology thing|Duosion, F, shiny|100/100
|move|p2a: Girafarig|Nasty Plot|p2a: Girafarig
|-boost|p2a: Girafarig|spa|2
|
|-damage|p2a: Girafarig|82/100 tox|[from] psn
|upkeep
|turn|3
|
|t:|1779970001
|move|p2a: Girafarig|Hyper Voice|p1a: biology thing
|-damage|p1a: biology thing|54/100
|move|p1a: biology thing|Trick Room|p1a: biology thing
|-fieldstart|move: Trick Room|[of] p1a: biology thing
|
|-damage|p2a: Girafarig|64/100 tox|[from] psn
|upkeep
|turn|4
|
|t:|1779970005
|move|p1a: biology thing|Recover|p1a: biology thing
|-heal|p1a: biology thing|100/100
|move|p2a: Girafarig|Hyper Voice|p1a: biology thing
|-damage|p1a: biology thing|54/100
|
|-damage|p2a: Girafarig|40/100 tox|[from] psn
|upkeep
|turn|5
|
|t:|1779970009
|switch|p2a: Galvantula|Galvantula, F|100/100
|move|p1a: biology thing|Recover|p1a: biology thing
|-heal|p1a: biology thing|100/100
|
|upkeep
|turn|6
|
|t:|1779970017
|switch|p1a: amongus|Foongus, F|100/100
|move|p2a: Galvantula|Bug Buzz|p1a: amongus
|-damage|p1a: amongus|72/100
|
|upkeep
|turn|7
|
|t:|1779970022
|switch|p2a: Girafarig|Girafarig, F|40/100 tox
|move|p1a: amongus|Toxic|p2a: Girafarig
|-fail|p2a: Girafarig|tox
|
|-damage|p2a: Girafarig|34/100 tox|[from] psn
|-fieldend|move: Trick Room
|upkeep
|turn|8
|
|t:|1779970027
|switch|p2a: uhuh|Malamar, M|100/100
|switch|p1a: biology thing|Duosion, F, shiny|100/100
|
|upkeep
|turn|9
|
|t:|1779970032
|switch|p1a: genwun|Rhydon, F|100/100
|move|p2a: uhuh|Knock Off|p1a: genwun
|-damage|p1a: genwun|80/100
|-enditem|p1a: genwun|Eviolite|[from] move: Knock Off|[of] p2a: uhuh
|
|upkeep
|turn|10
|c|☆silver jay#2240|wp
|
|t:|1779970042
|switch|p2a: Tepig|Tepig, F|100/100
|move|p1a: genwun|Earthquake|p2a: Tepig
|-supereffective|p2a: Tepig
|-enditem|p2a: Tepig|Focus Sash
|-damage|p2a: Tepig|1/100
|
|upkeep
|turn|11
|
|t:|1779970061
|switch|p1a: feels the aura*|Snivy, F, shiny|100/100
|move|p2a: Tepig|Endeavor|p1a: feels the aura*
|-damage|p1a: feels the aura*|1/100
|
|upkeep
|turn|12
|
|t:|1779970068
|move|p2a: Tepig|Sucker Punch||[still]
|-fail|p2a: Tepig
|move|p1a: feels the aura*|Glare|p2a: Tepig
|-status|p2a: Tepig|par
|
|upkeep
|turn|13
|
|t:|1779970072
|move|p2a: Tepig|Sucker Punch||[still]
|-fail|p2a: Tepig
|move|p1a: feels the aura*|Synthesis|p1a: feels the aura*
|-heal|p1a: feels the aura*|51/100
|
|upkeep
|turn|14
|
|t:|1779970078
|switch|p2a: Galvantula|Galvantula, F|100/100
|move|p1a: feels the aura*|Giga Drain|p2a: Galvantula
|-resisted|p2a: Galvantula
|-damage|p2a: Galvantula|88/100
|-heal|p1a: feels the aura*|57/100|[from] drain|[of] p2a: Galvantula
|
|upkeep
|turn|15
|c|☆silver jay#2240|aura farming
|c|☆silver jay#2240|snivy sprite in teambuilder got aura fr
|
|t:|1779970102
|switch|p1a: amongus|Foongus, F|100/100
|move|p2a: Galvantula|Bug Buzz|p1a: amongus
|-damage|p1a: amongus|76/100
|
|upkeep
|turn|16
|
|t:|1779970111
|move|p2a: Galvantula|Bug Buzz|p1a: amongus
|-damage|p1a: amongus|50/100
|move|p1a: amongus|Giga Drain|p2a: Galvantula
|-resisted|p2a: Galvantula
|-damage|p2a: Galvantula|74/100
|-heal|p1a: amongus|56/100|[from] drain|[of] p2a: Galvantula
|
|upkeep
|turn|17
|
|t:|1779970114
|move|p2a: Galvantula|Bug Buzz|p1a: amongus
|-damage|p1a: amongus|31/100
|move|p1a: amongus|Synthesis|p1a: amongus
|-heal|p1a: amongus|81/100
|
|upkeep
|turn|18
|
|t:|1779970123
|move|p2a: Galvantula|Bug Buzz|p1a: amongus
|-damage|p1a: amongus|54/100
|move|p1a: amongus|Giga Drain|p2a: Galvantula
|-resisted|p2a: Galvantula
|-damage|p2a: Galvantula|60/100
|-heal|p1a: amongus|60/100|[from] drain|[of] p2a: Galvantula
|
|upkeep
|turn|19
|
|t:|1779970126
|move|p2a: Galvantula|Bug Buzz|p1a: amongus
|-damage|p1a: amongus|32/100
|move|p1a: amongus|Synthesis|p1a: amongus
|-heal|p1a: amongus|82/100
|
|upkeep
|turn|20
|
|t:|1779970129
|move|p2a: Galvantula|Bug Buzz|p1a: amongus
|-damage|p1a: amongus|53/100
|move|p1a: amongus|Toxic|p2a: Galvantula
|-status|p2a: Galvantula|tox
|
|-damage|p2a: Galvantula|54/100 tox|[from] psn
|upkeep
|turn|21
|
|t:|1779970134
|switch|p2a: uhuh|Malamar, M|100/100
|move|p1a: amongus|Synthesis|p1a: amongus
|-heal|p1a: amongus|100/100
|
|upkeep
|turn|22
|
|t:|1779970139
|move|p2a: uhuh|Superpower|p1a: amongus
|-resisted|p1a: amongus
|-damage|p1a: amongus|80/100
|-boost|p2a: uhuh|atk|1
|-boost|p2a: uhuh|def|1
|move|p1a: amongus|Toxic|p2a: uhuh
|-status|p2a: uhuh|tox
|
|-damage|p2a: uhuh|94/100 tox|[from] psn
|upkeep
|turn|23
|
|t:|1779970147
|switch|p1a: genwun|Rhydon, F|80/100
|move|p2a: uhuh|Superpower|p1a: genwun
|-supereffective|p1a: genwun
|-damage|p1a: genwun|0 fnt
|-boost|p2a: uhuh|atk|1
|-boost|p2a: uhuh|def|1
|faint|p1a: genwun
|
|-damage|p2a: uhuh|82/100 tox|[from] psn
|upkeep
|
|t:|1779970168
|switch|p1a: amongus|Foongus, F|100/100
|turn|24
|
|t:|1779970175
|-terastallize|p2a: uhuh|Fighting
|-terastallize|p1a: amongus|Water
|move|p2a: uhuh|Superpower|p1a: amongus
|-damage|p1a: amongus|0 fnt
|-boost|p2a: uhuh|atk|1
|-boost|p2a: uhuh|def|1
|faint|p1a: amongus
|
|-damage|p2a: uhuh|64/100 tox|[from] psn
|upkeep
|c|☆silver jay#2240|shit
|
|t:|1779970183
|switch|p1a: feels the aura*|Snivy, F, shiny|57/100
|turn|25
|c| WrenTheBurb|hohoho
|
|t:|1779970185
|move|p2a: uhuh|Superpower|p1a: feels the aura*
|-damage|p1a: feels the aura*|0 fnt
|-boost|p2a: uhuh|atk|1
|-boost|p2a: uhuh|def|1
|faint|p1a: feels the aura*
|
|-damage|p2a: uhuh|40/100 tox|[from] psn
|upkeep
|
|t:|1779970188
|switch|p1a: biology thing|Duosion, F, shiny|100/100
|turn|26
|c| WrenTheBurb|green giant
|c|☆silver jay#2240|GG
|c|☆silver jay#2240|had clear smog smh..
|
|t:|1779970198
|move|p2a: uhuh|Superpower|p1a: biology thing
|-resisted|p1a: biology thing
|-damage|p1a: biology thing|6/100
|-boost|p2a: uhuh|atk|1
|-boost|p2a: uhuh|def|1
|move|p1a: biology thing|Psychic|p2a: uhuh
|-supereffective|p2a: uhuh
|-damage|p2a: uhuh|0 fnt
|faint|p2a: uhuh
|
|upkeep
|
|t:|1779970201
|switch|p2a: Galvantula|Galvantula, F|54/100 tox
|turn|27
|c|☆silver jay#2240|ok wtf
|c|☆wwwwwth|Gg
|c|☆silver jay#2240|why do u not click knock
|c|☆silver jay#2240|gg still tho
|
|t:|1779970209
|move|p2a: Galvantula|Bug Buzz|p1a: biology thing
|-supereffective|p1a: biology thing
|-damage|p1a: biology thing|0 fnt
|faint|p1a: biology thing
|
|win|wwwwwth
|n|☆silver jay#2240|silverjay2240
|n|☆wwwwwth|wwwwwth
|n|*Lady Monita |ladymonita
|n| Butterlol|butterlol
|n| WrenTheBurb|wrentheburb
