|j|☆Idiot with lumber
|j|☆JGCRAK1000
|t:|1779849012
|gametype|singles
|player|p1|Idiot with lumber|shadowtriad|1228
|player|p2|JGCRAK1000|hilbert-wonderlauncher|1186
|gen|9
|tier|[Gen 9] OU
|rated|
|rule|HP Percentage Mod: HP is shown in percentages
|rule|Endless Battle Clause: Forcing endless battles is banned
|rule|Species Clause: Limit one of each Pokémon
|rule|OHKO Clause: OHKO moves are banned
|rule|Evasion Items Clause: Evasion items are banned
|rule|Evasion Moves Clause: Evasion moves are banned
|rule|Evasion Abilities Clause: Evasion abilities are banned
|rule|Sleep Moves Clause: Sleep-inducing moves are banned
|clearpoke
|poke|p1|Meowscarada, F|
|poke|p1|Primarina, M|
|poke|p1|Ceruledge, M|
|poke|p1|Great Tusk|
|poke|p1|Zapdos|
|poke|p1|Kyurem|
|poke|p2|Incineroar, M|
|poke|p2|Smeargle, M|
|poke|p2|Cramorant, M|
|poke|p2|Meowscarada, F|
|poke|p2|Great Tusk|
|poke|p2|Dragapult, M|
|teampreview
|inactive|Battle timer is ON: inactive players will automatically lose when time's up. (requested by JGCRAK1000)
|
|t:|1779849023
|teamsize|p1|6
|teamsize|p2|6
|start
|switch|p1a: Ceruledge|Ceruledge, M|100/100
|switch|p2a: Smeargle|Smeargle, M|100/100
|turn|1
|
|t:|1779849025
|move|p2a: Smeargle|Nuzzle|p1a: Ceruledge
|-damage|p1a: Ceruledge|98/100
|-status|p1a: Ceruledge|par
|-ability|p1a: Ceruledge|Weak Armor|boost
|-unboost|p1a: Ceruledge|def|1
|-boost|p1a: Ceruledge|spe|2
|move|p1a: Ceruledge|Swords Dance|p1a: Ceruledge
|-boost|p1a: Ceruledge|atk|2
|
|upkeep
|turn|2
|
|t:|1779849033
|move|p2a: Smeargle|Sticky Web|p1a: Ceruledge
|-sidestart|p1: Idiot with lumber|move: Sticky Web
|move|p1a: Ceruledge|Bitter Blade|p2a: Smeargle
|-enditem|p2a: Smeargle|Focus Sash
|-damage|p2a: Smeargle|1/100
|-heal|p1a: Ceruledge|100/100 par|[from] drain|[of] p2a: Smeargle
|
|upkeep
|turn|3
|
|t:|1779849040
|move|p2a: Smeargle|Stone Axe|p1a: Ceruledge
|-supereffective|p1a: Ceruledge
|-damage|p1a: Ceruledge|81/100 par
|-ability|p1a: Ceruledge|Weak Armor|boost
|-unboost|p1a: Ceruledge|def|1
|-boost|p1a: Ceruledge|spe|2
|-sidestart|p1: Idiot with lumber|move: Stealth Rock
|move|p1a: Ceruledge|Bitter Blade|p2a: Smeargle
|-damage|p2a: Smeargle|0 fnt
|-heal|p1a: Ceruledge|82/100 par|[from] drain|[of] p2a: Smeargle
|faint|p2a: Smeargle
|
|upkeep
|
|t:|1779849054
|switch|p2a: Cramorant|Cramorant, M, shiny|100/100
|turn|4
|
|t:|1779849057
|move|p1a: Ceruledge|Shadow Sneak|p2a: Cramorant
|-damage|p2a: Cramorant|52/100
|move|p2a: Cramorant|Surf|p1a: Ceruledge
|-formechange|p2a: Cramorant|Cramorant-Gulping|
|-supereffective|p1a: Ceruledge
|-damage|p1a: Ceruledge|16/100 par
|
|upkeep
|turn|5
|
|t:|1779849063
|cant|p1a: Ceruledge|par
|move|p2a: Cramorant|Roost|p2a: Cramorant
|-heal|p2a: Cramorant|100/100
|-singleturn|p2a: Cramorant|move: Roost
|
|upkeep
|turn|6
|
|t:|1779849067
|move|p1a: Ceruledge|Shadow Sneak|p2a: Cramorant
|-damage|p2a: Cramorant|49/100
|-damage|p1a: Ceruledge|0 fnt|[from] ability: Gulp Missile|[of] p2a: Cramorant
|-formechange|p2a: Cramorant|Cramorant|
|faint|p1a: Ceruledge
|move|p2a: Cramorant|Surf|p1: Ceruledge|[notarget]
|-fail|p2a: Cramorant
|
|upkeep
|
|t:|1779849071
|switch|p1a: Zapdos|Zapdos|100/100
|turn|7
|
|t:|1779849075
|switch|p2a: Great Tusk|Great Tusk|100/100
|move|p1a: Zapdos|Hurricane|p2a: Great Tusk|[miss]
|-miss|p1a: Zapdos|p2a: Great Tusk
|
|upkeep
|turn|8
|c|☆Idiot with lumber|Ok
|c|☆Idiot with lumber|Tuff
|
|t:|1779849082
|move|p2a: Great Tusk|Ice Spinner|p1a: Zapdos
|-supereffective|p1a: Zapdos
|-damage|p1a: Zapdos|62/100
|move|p1a: Zapdos|Hurricane|p2a: Great Tusk|[miss]
|-miss|p1a: Zapdos|p2a: Great Tusk
|
|upkeep
|turn|9
|c|☆Idiot with lumber|Ok
|c|☆Idiot with lumber|tuff
|
|t:|1779849090
|move|p2a: Great Tusk|Ice Spinner|p1a: Zapdos
|-supereffective|p1a: Zapdos
|-damage|p1a: Zapdos|30/100
|move|p1a: Zapdos|Hurricane|p2a: Great Tusk|[miss]
|-miss|p1a: Zapdos|p2a: Great Tusk
|
|upkeep
|turn|10
|c|☆Idiot with lumber|Ok
|
|t:|1779849097
|-terastallize|p1a: Zapdos|Water
|move|p2a: Great Tusk|Ice Spinner|p1a: Zapdos
|-resisted|p1a: Zapdos
|-damage|p1a: Zapdos|22/100
|move|p1a: Zapdos|Roost|p1a: Zapdos
|-heal|p1a: Zapdos|72/100
|
|upkeep
|turn|11
|
|t:|1779849114
|move|p2a: Great Tusk|Body Press|p1a: Zapdos
|-damage|p1a: Zapdos|43/100
|-status|p2a: Great Tusk|par|[from] ability: Static|[of] p1a: Zapdos
|move|p1a: Zapdos|Hurricane|p2a: Great Tusk|[miss]
|-miss|p1a: Zapdos|p2a: Great Tusk
|
|upkeep
|turn|12
|c|☆Idiot with lumber|Alright
|
|t:|1779849120
|move|p1a: Zapdos|Roost|p1a: Zapdos
|-heal|p1a: Zapdos|93/100
|move|p2a: Great Tusk|Body Press|p1a: Zapdos
|-damage|p1a: Zapdos|69/100
|
|upkeep
|turn|13
|c|☆Idiot with lumber|how
|
|t:|1779849134
|-end|p2a: Great Tusk|Protosynthesis|[silent]
|switch|p2a: Incineroar|Incineroar, M, shiny|100/100
|-ability|p2a: Incineroar|Intimidate|boost
|-unboost|p1a: Zapdos|atk|1
|move|p1a: Zapdos|Hurricane|p2a: Incineroar
|-damage|p2a: Incineroar|71/100
|
|upkeep
|turn|14
|
|t:|1779849141
|move|p1a: Zapdos|U-turn|p2a: Incineroar
|-damage|p2a: Incineroar|62/100
|
|t:|1779849144
|switch|p1a: Great Tusk|Great Tusk|100/100|[from] U-turn
|move|p2a: Incineroar|Knock Off|p1a: Great Tusk
|-resisted|p1a: Great Tusk
|-damage|p1a: Great Tusk|89/100
|-enditem|p1a: Great Tusk|Heavy-Duty Boots|[from] move: Knock Off|[of] p2a: Incineroar
|
|upkeep
|turn|15
|
|t:|1779849151
|move|p1a: Great Tusk|Ice Spinner|p2a: Incineroar
|-resisted|p2a: Incineroar
|-damage|p2a: Incineroar|49/100
|move|p2a: Incineroar|Parting Shot|p1a: Great Tusk
|-unboost|p1a: Great Tusk|atk|1
|-unboost|p1a: Great Tusk|spa|1
|
|t:|1779849156
|switch|p2a: Cramorant|Cramorant, M, shiny|49/100|[from] Parting Shot
|
|upkeep
|turn|16
|
|t:|1779849158
|move|p1a: Great Tusk|Rapid Spin|p2a: Cramorant
|-damage|p2a: Cramorant|35/100
|-boost|p1a: Great Tusk|spe|1
|-sideend|p1: Idiot with lumber|Stealth Rock|[from] move: Rapid Spin|[of] p1a: Great Tusk
|-sideend|p1: Idiot with lumber|Sticky Web|[from] move: Rapid Spin|[of] p1a: Great Tusk
|move|p2a: Cramorant|Surf|p1a: Great Tusk
|-formechange|p2a: Cramorant|Cramorant-Gorging|
|-supereffective|p1a: Great Tusk
|-damage|p1a: Great Tusk|11/100
|
|upkeep
|turn|17
|
|t:|1779849168
|move|p1a: Great Tusk|Ice Spinner|p2a: Cramorant
|-damage|p2a: Cramorant|14/100
|-damage|p1a: Great Tusk|0 fnt|[from] ability: Gulp Missile|[of] p2a: Cramorant
|-formechange|p2a: Cramorant|Cramorant|
|faint|p1a: Great Tusk
|-end|p1a: Great Tusk|Protosynthesis|[silent]
|move|p2a: Cramorant|Roost|p2a: Cramorant
|-heal|p2a: Cramorant|64/100
|-singleturn|p2a: Cramorant|move: Roost
|
|upkeep
|
|t:|1779849171
|switch|p1a: Zapdos|Zapdos, tera:Water|69/100
|turn|18
|
|t:|1779849178
|move|p1a: Zapdos|Thunderbolt|p2a: Cramorant
|-supereffective|p2a: Cramorant
|-damage|p2a: Cramorant|0 fnt
|faint|p2a: Cramorant
|
|upkeep
|
|t:|1779849183
|switch|p2a: Incineroar|Incineroar, M, shiny|49/100
|-ability|p2a: Incineroar|Intimidate|boost
|-unboost|p1a: Zapdos|atk|1
|turn|19
|
|t:|1779849186
|move|p1a: Zapdos|Roost|p1a: Zapdos
|-heal|p1a: Zapdos|100/100
|move|p2a: Incineroar|Knock Off|p1a: Zapdos
|-damage|p1a: Zapdos|70/100
|-enditem|p1a: Zapdos|Heavy-Duty Boots|[from] move: Knock Off|[of] p2a: Incineroar
|
|upkeep
|turn|20
|
|t:|1779849194
|move|p1a: Zapdos|Hurricane|p2a: Incineroar
|-crit|p2a: Incineroar
|-damage|p2a: Incineroar|2/100
|move|p2a: Incineroar|Parting Shot|p1a: Zapdos
|-unboost|p1a: Zapdos|atk|1
|-unboost|p1a: Zapdos|spa|1
|
|t:|1779849200
|switch|p2a: Dragapult|Dragapult, M, shiny|100/100|[from] Parting Shot
|
|upkeep
|turn|21
|
|t:|1779849204
|move|p2a: Dragapult|Shadow Ball|p1a: Zapdos
|-damage|p1a: Zapdos|27/100
|-damage|p2a: Dragapult|91/100|[from] item: Life Orb
|move|p1a: Zapdos|U-turn|p2a: Dragapult
|-resisted|p2a: Dragapult
|-damage|p2a: Dragapult|86/100
|
|t:|1779849209
|switch|p1a: Primarina|Primarina, M|100/100|[from] U-turn
|
|upkeep
|turn|22
|
|t:|1779849214
|switch|p2a: Incineroar|Incineroar, M, shiny|2/100
|-ability|p2a: Incineroar|Intimidate|boost
|-unboost|p1a: Primarina|atk|1
|move|p1a: Primarina|Moonblast|p2a: Incineroar
|-damage|p2a: Incineroar|0 fnt
|faint|p2a: Incineroar
|
|upkeep
|
|t:|1779849221
|switch|p2a: Meowscarada|Meowscarada, F|100/100
|turn|23
|
|t:|1779849224
|switch|p1a: Zapdos|Zapdos, tera:Water|27/100
|move|p2a: Meowscarada|Flower Trick|p1a: Zapdos
|-start|p2a: Meowscarada|typechange|Grass|[from] ability: Protean
|-supereffective|p1a: Zapdos
|-crit|p1a: Zapdos
|-damage|p1a: Zapdos|0 fnt
|faint|p1a: Zapdos
|
|upkeep
|
|t:|1779849226
|switch|p1a: Meowscarada|Meowscarada, F|100/100
|turn|24
|
|t:|1779849234
|switch|p2a: Dragapult|Dragapult, M, shiny|86/100
|move|p1a: Meowscarada|Triple Axel|p2a: Dragapult
|-start|p1a: Meowscarada|typechange|Ice|[from] ability: Protean
|-supereffective|p2a: Dragapult
|-damage|p2a: Dragapult|50/100
|-supereffective|p2a: Dragapult
|-damage|p2a: Dragapult|0 fnt
|faint|p2a: Dragapult
|-hitcount|p2: Dragapult|2
|
|upkeep
|
|t:|1779849240
|switch|p2a: Great Tusk|Great Tusk|100/100 par
|turn|25
|
|t:|1779849242
|move|p1a: Meowscarada|Triple Axel|p2a: Great Tusk
|-supereffective|p2a: Great Tusk
|-damage|p2a: Great Tusk|83/100 par
|-supereffective|p2a: Great Tusk
|-damage|p2a: Great Tusk|52/100 par
|-supereffective|p2a: Great Tusk
|-damage|p2a: Great Tusk|0 fnt
|faint|p2a: Great Tusk
|-end|p2a: Great Tusk|Protosynthesis|[silent]
|-hitcount|p2: Great Tusk|3
|
|upkeep
|
|t:|1779849244
|switch|p2a: Meowscarada|Meowscarada, F|100/100
|turn|26
|
|t:|1779849247
|move|p2a: Meowscarada|Knock Off|p1a: Meowscarada
|-start|p2a: Meowscarada|typechange|Dark|[from] ability: Protean
|-damage|p1a: Meowscarada|24/100
|-enditem|p1a: Meowscarada|Choice Band|[from] move: Knock Off|[of] p2a: Meowscarada
|move|p1a: Meowscarada|Triple Axel|p2a: Meowscarada
|-damage|p2a: Meowscarada|86/100
|-damage|p2a: Meowscarada|54/100
|-damage|p2a: Meowscarada|14/100
|-hitcount|p2a: Meowscarada|3
|
|upkeep
|turn|27
|
|t:|1779849255
|move|p2a: Meowscarada|Knock Off|p1a: Meowscarada
|-damage|p1a: Meowscarada|0 fnt
|faint|p1a: Meowscarada
|
|upkeep
|
|t:|1779849261
|switch|p1a: Kyurem|Kyurem|100/100
|-ability|p1a: Kyurem|Pressure
|turn|28
|
|t:|1779849263
|move|p2a: Meowscarada|Knock Off|p1a: Kyurem
|-damage|p1a: Kyurem|57/100
|-enditem|p1a: Kyurem|Choice Specs|[from] move: Knock Off|[of] p2a: Meowscarada
|move|p1a: Kyurem|Freeze-Dry|p2a: Meowscarada
|-damage|p2a: Meowscarada|0 fnt
|faint|p2a: Meowscarada
|
|win|Idiot with lumber
|raw|Idiot with lumber's rating: 1228 &rarr; <strong>1250</strong><br />(+22 for winning)
|raw|JGCRAK1000's rating: 1186 &rarr; <strong>1164</strong><br />(-22 for losing)
|l|☆JGCRAK1000
|player|p2|
|c|☆Idiot with lumber|Scarf?
|c|☆Idiot with lumber|M
|c|☆Idiot with lumber|K
