|j|☆claudechamp
|j|☆mio12eews
|t:|1779849392
|gametype|singles
|player|p1|claudechamp|169|1198
|player|p2|mio12eews|cynthia|1219
|gen|9
|tier|[Gen 9] OU
|rated|
|rule|HP Percentage Mod: HP is shown in percentages
|rule|Endless Battle Clause: Forcing endless battles is banned
|rule|Species Clause: Limit one of each Pokémon
|rule|OHKO Clause: OHKO moves are banned
|rule|Evasion Items Clause: Evasion items are banned
|rule|Evasion Moves Clause: Evasion moves are banned
|rule|Evasion Abilities Clause: Evasion abilities are banned
|rule|Sleep Moves Clause: Sleep-inducing moves are banned
|clearpoke
|poke|p1|Corviknight, M|
|poke|p1|Ting-Lu|
|poke|p1|Kyurem|
|poke|p1|Dondozo, M|
|poke|p1|Slowking-Galar, M|
|poke|p1|Cinderace, M|
|poke|p2|Corviknight, M|
|poke|p2|Jolteon, F|
|poke|p2|Garchomp, F|
|poke|p2|Ogerpon-Wellspring, F|
|poke|p2|Gholdengo|
|poke|p2|Gliscor, F|
|teampreview
|inactive|Battle timer is ON: inactive players will automatically lose when time's up. (requested by mio12eews)
|c|☆claudechamp|hf
|inactive|claudechamp also wants the timer to be on.
|
|t:|1779849399
|teamsize|p1|6
|teamsize|p2|6
|start
|switch|p1a: Cinderace|Cinderace, M|100/100
|switch|p2a: Garchomp|Garchomp, F|100/100
|turn|1
|
|t:|1779849406
|move|p1a: Cinderace|Pyro Ball|p2a: Garchomp
|-resisted|p2a: Garchomp
|-damage|p2a: Garchomp|78/100
|move|p2a: Garchomp|Earthquake|p1a: Cinderace
|-supereffective|p1a: Cinderace
|-damage|p1a: Cinderace|0 fnt
|faint|p1a: Cinderace
|
|upkeep
|
|t:|1779849411
|switch|p1a: Kyurem|Kyurem|100/100
|-ability|p1a: Kyurem|Pressure
|turn|2
|
|t:|1779849418
|move|p2a: Garchomp|Scale Shot|p1a: Kyurem
|-supereffective|p1a: Kyurem
|-damage|p1a: Kyurem|76/100
|-supereffective|p1a: Kyurem
|-damage|p1a: Kyurem|52/100
|-supereffective|p1a: Kyurem
|-damage|p1a: Kyurem|25/100
|-supereffective|p1a: Kyurem
|-damage|p1a: Kyurem|0 fnt
|faint|p1a: Kyurem
|-hitcount|p1: Kyurem|4
|-unboost|p2a: Garchomp|def|1
|-boost|p2a: Garchomp|spe|1
|
|upkeep
|
|t:|1779849420
|switch|p1a: Ting-Lu|Ting-Lu|100/100
|-ability|p1a: Ting-Lu|Vessel of Ruin
|turn|3
|
|t:|1779849446
|move|p2a: Garchomp|Swords Dance|p2a: Garchomp
|-boost|p2a: Garchomp|atk|2
|move|p1a: Ting-Lu|Earthquake|p2a: Garchomp
|-damage|p2a: Garchomp|18/100
|
|upkeep
|turn|4
|
|t:|1779849455
|move|p2a: Garchomp|Scale Shot|p1a: Ting-Lu
|-damage|p1a: Ting-Lu|85/100
|-damage|p1a: Ting-Lu|71/100
|-damage|p1a: Ting-Lu|56/100
|-damage|p1a: Ting-Lu|43/100
|-hitcount|p1a: Ting-Lu|4
|-unboost|p2a: Garchomp|def|1
|-boost|p2a: Garchomp|spe|1
|move|p1a: Ting-Lu|Earthquake|p2a: Garchomp
|-damage|p2a: Garchomp|0 fnt
|faint|p2a: Garchomp
|
|-heal|p1a: Ting-Lu|49/100|[from] item: Leftovers
|upkeep
|inactive|mio12eews has 120 seconds left.
|
|t:|1779849470
|switch|p2a: Ogerpon|Ogerpon-Wellspring, F|100/100
|turn|5
|
|t:|1779849476
|switch|p1a: Corviknight|Corviknight, M|100/100
|-ability|p1a: Corviknight|Pressure
|move|p2a: Ogerpon|Swords Dance|p2a: Ogerpon
|-boost|p2a: Ogerpon|atk|2
|
|upkeep
|turn|6
|
|t:|1779849486
|-terastallize|p2a: Ogerpon|Water
|detailschange|p2a: Ogerpon|Ogerpon-Wellspring-Tera, F, tera:Water
|-ability|p2a: Ogerpon|Embody Aspect (Wellspring)|boost
|-boost|p2a: Ogerpon|spd|1
|move|p2a: Ogerpon|Ivy Cudgel|p1a: Corviknight|[anim] Ivy Cudgel Water
|-damage|p1a: Corviknight|8/100
|move|p1a: Corviknight|Brave Bird|p2a: Ogerpon
|-damage|p2a: Ogerpon|54/100
|-damage|p1a: Corviknight|0 fnt|[from] Recoil
|faint|p1a: Corviknight
|
|upkeep
|
|t:|1779849489
|switch|p1a: Dondozo|Dondozo, M|100/100
|turn|7
|
|t:|1779849501
|move|p2a: Ogerpon|Horn Leech|p1a: Dondozo
|-supereffective|p1a: Dondozo
|-damage|p1a: Dondozo|45/100
|-heal|p2a: Ogerpon|100/100|[from] drain|[of] p1a: Dondozo
|move|p1a: Dondozo|Body Press|p2a: Ogerpon
|-damage|p2a: Ogerpon|72/100
|
|-heal|p1a: Dondozo|51/100|[from] item: Leftovers
|upkeep
|turn|8
|
|t:|1779849512
|switch|p1a: Slowking|Slowking-Galar, M|100/100
|move|p2a: Ogerpon|Horn Leech|p1a: Slowking
|-resisted|p1a: Slowking
|-damage|p1a: Slowking|68/100
|-heal|p2a: Ogerpon|94/100|[from] drain|[of] p1a: Slowking
|
|upkeep
|turn|9
|
|t:|1779849520
|move|p2a: Ogerpon|Ivy Cudgel|p1a: Slowking|[anim] Ivy Cudgel Water
|-crit|p1a: Slowking
|-damage|p1a: Slowking|0 fnt
|faint|p1a: Slowking
|
|upkeep
|
|t:|1779849524
|switch|p1a: Dondozo|Dondozo, M|51/100
|turn|10
|
|t:|1779849530
|-terastallize|p1a: Dondozo|Dark
|move|p2a: Ogerpon|Horn Leech|p1a: Dondozo
|-damage|p1a: Dondozo|23/100
|-heal|p2a: Ogerpon|100/100|[from] drain|[of] p1a: Dondozo
|move|p1a: Dondozo|Rest|p1a: Dondozo
|-status|p1a: Dondozo|slp|[from] move: Rest
|-heal|p1a: Dondozo|100/100 slp|[silent]
|
|upkeep
|turn|11
|
|t:|1779849540
|move|p2a: Ogerpon|Play Rough|p1a: Dondozo
|-supereffective|p1a: Dondozo
|-damage|p1a: Dondozo|60/100 slp
|cant|p1a: Dondozo|slp
|
|-heal|p1a: Dondozo|66/100 slp|[from] item: Leftovers
|upkeep
|turn|12
|
|t:|1779849549
|move|p2a: Ogerpon|Play Rough|p1a: Dondozo
|-supereffective|p1a: Dondozo
|-damage|p1a: Dondozo|24/100 slp
|cant|p1a: Dondozo|slp
|
|-heal|p1a: Dondozo|31/100 slp|[from] item: Leftovers
|upkeep
|turn|13
|
|t:|1779849557
|move|p2a: Ogerpon|Play Rough|p1a: Dondozo|[miss]
|-miss|p2a: Ogerpon|p1a: Dondozo
|-curestatus|p1a: Dondozo|slp|[msg]
|move|p1a: Dondozo|Body Press|p2a: Ogerpon
|-damage|p2a: Ogerpon|73/100
|
|-heal|p1a: Dondozo|37/100|[from] item: Leftovers
|upkeep
|turn|14
|
|t:|1779849567
|move|p2a: Ogerpon|Play Rough|p1a: Dondozo
|-supereffective|p1a: Dondozo
|-damage|p1a: Dondozo|0 fnt
|faint|p1a: Dondozo
|
|upkeep
|
|t:|1779849572
|switch|p1a: Ting-Lu|Ting-Lu|49/100
|-ability|p1a: Ting-Lu|Vessel of Ruin
|turn|15
|
|t:|1779849577
|move|p2a: Ogerpon|Ivy Cudgel|p1a: Ting-Lu|[anim] Ivy Cudgel Water
|-supereffective|p1a: Ting-Lu
|-damage|p1a: Ting-Lu|0 fnt
|faint|p1a: Ting-Lu
|
|win|mio12eews
|raw|claudechamp's rating: 1198 &rarr; <strong>1175</strong><br />(-23 for losing)
|raw|mio12eews's rating: 1219 &rarr; <strong>1242</strong><br />(+23 for winning)
|c|☆claudechamp|gg
|l|☆mio12eews
|player|p2|
