|j|‽megastaruniverse
|j|☆seismitoaduser123
|t:|1779820329
|gametype|singles
|player|p1|megastaruniverse|nate|1365
|player|p2|seismitoaduser123|ltsurge|1354
|gen|9
|tier|[Gen 9] OU
|rated|
|rule|HP Percentage Mod: HP is shown in percentages
|rule|Endless Battle Clause: Forcing endless battles is banned
|rule|Species Clause: Limit one of each Pokémon
|rule|OHKO Clause: OHKO moves are banned
|rule|Evasion Items Clause: Evasion items are banned
|rule|Evasion Moves Clause: Evasion moves are banned
|rule|Evasion Abilities Clause: Evasion abilities are banned
|rule|Sleep Moves Clause: Sleep-inducing moves are banned
|clearpoke
|poke|p1|Dragapult, M|
|poke|p1|Gliscor, M|
|poke|p1|Ogerpon-Wellspring, F|
|poke|p1|Iron Crown|
|poke|p1|Ting-Lu|
|poke|p1|Kingambit, F|
|poke|p2|Tyranitar, F|
|poke|p2|Excadrill, F|
|poke|p2|Keldeo-Resolute|
|poke|p2|Tornadus-Therian, M|
|poke|p2|Heatran, F|
|poke|p2|Hydrapple, F|
|teampreview
|
|t:|1779820355
|teamsize|p1|6
|teamsize|p2|6
|start
|switch|p1a: Ting-Lu|Ting-Lu|100/100
|switch|p2a: Tyranitar|Tyranitar, F|100/100
|-weather|Sandstorm|[from] ability: Sand Stream|[of] p2a: Tyranitar
|-ability|p1a: Ting-Lu|Vessel of Ruin
|turn|1
|inactive|Battle timer is ON: inactive players will automatically lose when time's up. (requested by seismitoaduser123)
|
|t:|1779820369
|move|p2a: Tyranitar|Low Kick|p1a: Ting-Lu
|-supereffective|p1a: Ting-Lu
|-damage|p1a: Ting-Lu|18/100
|-damage|p2a: Tyranitar|84/100|[from] item: Rocky Helmet|[of] p1a: Ting-Lu
|move|p1a: Ting-Lu|Stealth Rock|p2a: Tyranitar
|-sidestart|p2: seismitoaduser123|move: Stealth Rock
|
|-weather|Sandstorm|[upkeep]
|upkeep
|turn|2
|
|t:|1779820384
|switch|p2a: Tornadus|Tornadus-Therian, M|100/100
|switch|p1a: Gliscor|Gliscor, M|100/100
|
|-weather|Sandstorm|[upkeep]
|-damage|p2a: Tornadus|94/100|[from] Sandstorm
|-status|p1a: Gliscor|tox|[from] item: Toxic Orb
|upkeep
|turn|3
|
|t:|1779820390
|move|p2a: Tornadus|Bleakwind Storm|p1a: Gliscor|[miss]
|-miss|p2a: Tornadus|p1a: Gliscor
|move|p1a: Gliscor|Toxic Spikes|p2a: Tornadus
|-sidestart|p2: seismitoaduser123|move: Toxic Spikes
|
|-weather|Sandstorm|[upkeep]
|-damage|p2a: Tornadus|88/100|[from] Sandstorm
|upkeep
|turn|4
|
|t:|1779820399
|move|p2a: Tornadus|Taunt|p1a: Gliscor
|-start|p1a: Gliscor|move: Taunt
|cant|p1a: Gliscor|move: Taunt|Toxic
|
|-weather|Sandstorm|[upkeep]
|-damage|p2a: Tornadus|82/100|[from] Sandstorm
|upkeep
|turn|5
|
|t:|1779820409
|switch|p1a: Dragapult|Dragapult, M|100/100
|move|p2a: Tornadus|Bleakwind Storm|p1a: Dragapult|[miss]
|-miss|p2a: Tornadus|p1a: Dragapult
|
|-weather|none
|upkeep
|turn|6
|
|t:|1779820418
|move|p1a: Dragapult|Dragon Darts|p2a: Tornadus
|-damage|p2a: Tornadus|60/100
|-anim|p1a: Dragapult|Dragon Darts|p2a: Tornadus
|-damage|p2a: Tornadus|38/100
|move|p2a: Tornadus|Bleakwind Storm|p1a: Dragapult
|-damage|p1a: Dragapult|44/100
|
|upkeep
|turn|7
|
|t:|1779820432
|switch|p2a: Heatran|Heatran, F|100/100
|-damage|p2a: Heatran|88/100|[from] Stealth Rock
|move|p1a: Dragapult|U-turn|p2a: Heatran
|-resisted|p2a: Heatran
|-damage|p2a: Heatran|84/100
|-status|p1a: Dragapult|brn|[from] ability: Flame Body|[of] p2a: Heatran
|
|t:|1779820441
|switch|p1a: Ogerpon|Ogerpon-Wellspring, F|100/100|[from] U-turn
|
|-heal|p2a: Heatran|90/100|[from] item: Leftovers
|upkeep
|turn|8
|
|t:|1779820449
|switch|p2a: Tyranitar|Tyranitar, F|84/100
|-damage|p2a: Tyranitar|72/100|[from] Stealth Rock
|-status|p2a: Tyranitar|psn
|-weather|Sandstorm|[from] ability: Sand Stream|[of] p2a: Tyranitar
|-terastallize|p1a: Ogerpon|Water
|detailschange|p1a: Ogerpon|Ogerpon-Wellspring-Tera, F, tera:Water
|-ability|p1a: Ogerpon|Embody Aspect (Wellspring)|boost
|-boost|p1a: Ogerpon|spd|1
|move|p1a: Ogerpon|Ivy Cudgel|p2a: Tyranitar|[anim] Ivy Cudgel Water
|-supereffective|p2a: Tyranitar
|-damage|p2a: Tyranitar|0 fnt
|faint|p2a: Tyranitar
|
|-weather|Sandstorm|[upkeep]
|-damage|p1a: Ogerpon|95/100|[from] Sandstorm
|upkeep
|
|t:|1779820454
|switch|p2a: Excadrill|Excadrill, F|100/100
|-damage|p2a: Excadrill|97/100|[from] Stealth Rock
|-item|p2a: Excadrill|Air Balloon
|turn|9
|
|t:|1779820461
|move|p2a: Excadrill|Rapid Spin|p1a: Ogerpon
|-damage|p1a: Ogerpon|69/100
|-boost|p2a: Excadrill|spe|1
|-sideend|p2: seismitoaduser123|Toxic Spikes|[from] move: Rapid Spin|[of] p2a: Excadrill
|-sideend|p2: seismitoaduser123|Stealth Rock|[from] move: Rapid Spin|[of] p2a: Excadrill
|move|p1a: Ogerpon|Ivy Cudgel|p2a: Excadrill|[anim] Ivy Cudgel Water
|-supereffective|p2a: Excadrill
|-damage|p2a: Excadrill|0 fnt
|-enditem|p2a: Excadrill|Air Balloon
|faint|p2a: Excadrill
|
|-weather|Sandstorm|[upkeep]
|-damage|p1a: Ogerpon|63/100|[from] Sandstorm
|upkeep
|
|t:|1779820464
|switch|p2a: Hydrapple|Hydrapple, F|100/100
|turn|10
|
|t:|1779820489
|move|p1a: Ogerpon|U-turn|p2a: Hydrapple
|-supereffective|p2a: Hydrapple
|-damage|p2a: Hydrapple|72/100
|-damage|p1a: Ogerpon|47/100|[from] item: Rocky Helmet|[of] p2a: Hydrapple
|
|t:|1779820493
|switch|p1a: Ting-Lu|Ting-Lu|18/100|[from] U-turn
|-ability|p1a: Ting-Lu|Vessel of Ruin
|move|p2a: Hydrapple|Earth Power|p1a: Ting-Lu
|-damage|p1a: Ting-Lu|5/100
|
|-weather|Sandstorm|[upkeep]
|-damage|p2a: Hydrapple|66/100|[from] Sandstorm
|upkeep
|turn|11
|
|t:|1779820502
|move|p1a: Ting-Lu|Stealth Rock|p2a: Hydrapple
|-sidestart|p2: seismitoaduser123|move: Stealth Rock
|move|p2a: Hydrapple|Giga Drain|p1a: Ting-Lu
|-supereffective|p1a: Ting-Lu
|-damage|p1a: Ting-Lu|0 fnt
|-heal|p2a: Hydrapple|69/100|[from] drain|[of] p1a: Ting-Lu
|faint|p1a: Ting-Lu
|
|-weather|Sandstorm|[upkeep]
|-damage|p2a: Hydrapple|63/100|[from] Sandstorm
|upkeep
|
|t:|1779820531
|switch|p1a: Iron Crown|Iron Crown|100/100
|-enditem|p1a: Iron Crown|Booster Energy
|-activate|p1a: Iron Crown|ability: Quark Drive|[fromitem]
|-start|p1a: Iron Crown|quarkdrivespe
|turn|12
|
|t:|1779820536
|switch|p2a: Heatran|Heatran, F|90/100
|-damage|p2a: Heatran|78/100|[from] Stealth Rock
|move|p1a: Iron Crown|Calm Mind|p1a: Iron Crown
|-boost|p1a: Iron Crown|spa|1
|-boost|p1a: Iron Crown|spd|1
|
|-weather|none
|-heal|p2a: Heatran|84/100|[from] item: Leftovers
|upkeep
|turn|13
|
|t:|1779820541
|move|p1a: Iron Crown|Focus Blast|p2a: Heatran|[miss]
|-miss|p1a: Iron Crown|p2a: Heatran
|move|p2a: Heatran|Magma Storm|p1a: Iron Crown
|-supereffective|p1a: Iron Crown
|-damage|p1a: Iron Crown|49/100
|-activate|p1a: Iron Crown|move: Magma Storm|[of] p2a: Heatran
|
|-heal|p2a: Heatran|90/100|[from] item: Leftovers
|-damage|p1a: Iron Crown|37/100|[from] move: Magma Storm|[partiallytrapped]
|upkeep
|turn|14
|
|t:|1779820554
|-terastallize|p2a: Heatran|Flying
|move|p1a: Iron Crown|Focus Blast|p2a: Heatran
|-resisted|p2a: Heatran
|-damage|p2a: Heatran|71/100
|move|p2a: Heatran|Earth Power|p1a: Iron Crown
|-supereffective|p1a: Iron Crown
|-damage|p1a: Iron Crown|2/100
|
|-heal|p2a: Heatran|78/100|[from] item: Leftovers
|-damage|p1a: Iron Crown|0 fnt|[from] move: Magma Storm|[partiallytrapped]
|faint|p1a: Iron Crown
|-end|p1a: Iron Crown|Quark Drive|[silent]
|upkeep
|
|t:|1779820562
|switch|p1a: Gliscor|Gliscor, M|100/100 tox
|turn|15
|
|t:|1779820569
|move|p1a: Gliscor|Toxic|p2a: Heatran
|-status|p2a: Heatran|tox
|move|p2a: Heatran|Stealth Rock|p1a: Gliscor
|-sidestart|p1: megastaruniverse|move: Stealth Rock
|
|-heal|p2a: Heatran|84/100 tox|[from] item: Leftovers
|-damage|p2a: Heatran|78/100 tox|[from] psn
|upkeep
|turn|16
|
|t:|1779820572
|move|p1a: Gliscor|Toxic Spikes|p2a: Heatran
|-sidestart|p2: seismitoaduser123|move: Toxic Spikes
|move|p2a: Heatran|Magma Storm|p1a: Gliscor
|-damage|p1a: Gliscor|60/100 tox
|-activate|p1a: Gliscor|move: Magma Storm|[of] p2a: Heatran
|
|-heal|p2a: Heatran|84/100 tox|[from] item: Leftovers
|-heal|p1a: Gliscor|73/100 tox|[from] ability: Poison Heal
|-damage|p2a: Heatran|71/100 tox|[from] psn
|-damage|p1a: Gliscor|60/100 tox|[from] move: Magma Storm|[partiallytrapped]
|upkeep
|turn|17
|
|t:|1779820578
|move|p1a: Gliscor|Protect|p1a: Gliscor
|-singleturn|p1a: Gliscor|Protect
|move|p2a: Heatran|Taunt|p1a: Gliscor
|-activate|p1a: Gliscor|move: Protect
|
|-heal|p2a: Heatran|78/100 tox|[from] item: Leftovers
|-heal|p1a: Gliscor|73/100 tox|[from] ability: Poison Heal
|-damage|p2a: Heatran|59/100 tox|[from] psn
|-damage|p1a: Gliscor|60/100 tox|[from] move: Magma Storm|[partiallytrapped]
|upkeep
|turn|18
|
|t:|1779820582
|move|p1a: Gliscor|Toxic Spikes|p2a: Heatran
|-sidestart|p2: seismitoaduser123|move: Toxic Spikes
|move|p2a: Heatran|Taunt|p1a: Gliscor
|-start|p1a: Gliscor|move: Taunt
|
|-heal|p2a: Heatran|65/100 tox|[from] item: Leftovers
|-heal|p1a: Gliscor|73/100 tox|[from] ability: Poison Heal
|-damage|p2a: Heatran|40/100 tox|[from] psn
|-damage|p1a: Gliscor|60/100 tox|[from] move: Magma Storm|[partiallytrapped]
|upkeep
|turn|19
|
|t:|1779820588
|move|p1a: Gliscor|Earthquake|p2a: Heatran
|-immune|p2a: Heatran
|move|p2a: Heatran|Magma Storm|p1a: Gliscor|[miss]
|-miss|p2a: Heatran|p1a: Gliscor
|
|-heal|p2a: Heatran|47/100 tox|[from] item: Leftovers
|-heal|p1a: Gliscor|73/100 tox|[from] ability: Poison Heal
|-damage|p2a: Heatran|16/100 tox|[from] psn
|-damage|p1a: Gliscor|60/100 tox|[from] move: Magma Storm|[partiallytrapped]
|upkeep
|turn|20
|
|t:|1779820593
|move|p1a: Gliscor|Earthquake|p2a: Heatran
|-immune|p2a: Heatran
|move|p2a: Heatran|Magma Storm|p1a: Gliscor|[miss]
|-miss|p2a: Heatran|p1a: Gliscor
|
|-heal|p2a: Heatran|22/100 tox|[from] item: Leftovers
|-heal|p1a: Gliscor|73/100 tox|[from] ability: Poison Heal
|-damage|p2a: Heatran|0 fnt|[from] psn
|faint|p2a: Heatran
|-end|p1a: Gliscor|Magma Storm|[partiallytrapped]|[silent]
|upkeep
|
|t:|1779820598
|switch|p2a: Hydrapple|Hydrapple, F|96/100
|-damage|p2a: Hydrapple|84/100|[from] Stealth Rock
|-status|p2a: Hydrapple|tox
|turn|21
|
|t:|1779820607
|switch|p1a: Ogerpon|Ogerpon-Wellspring-Tera, F, tera:Water|47/100
|-damage|p1a: Ogerpon|34/100|[from] Stealth Rock
|-ability|p1a: Ogerpon|Embody Aspect (Wellspring)|boost
|-boost|p1a: Ogerpon|spd|1
|move|p2a: Hydrapple|Nasty Plot|p2a: Hydrapple
|-boost|p2a: Hydrapple|spa|2
|
|-damage|p2a: Hydrapple|78/100 tox|[from] psn
|upkeep
|turn|22
|
|t:|1779820619
|move|p1a: Ogerpon|Knock Off|p2a: Hydrapple
|-damage|p2a: Hydrapple|56/100 tox
|-damage|p1a: Ogerpon|18/100|[from] item: Rocky Helmet|[of] p2a: Hydrapple
|-enditem|p2a: Hydrapple|Rocky Helmet|[from] move: Knock Off|[of] p1a: Ogerpon
|move|p2a: Hydrapple|Giga Drain|p1a: Ogerpon
|-supereffective|p1a: Ogerpon
|-damage|p1a: Ogerpon|0 fnt
|-heal|p2a: Hydrapple|62/100 tox|[from] drain|[of] p1a: Ogerpon
|faint|p1a: Ogerpon
|detailschange|p1: Ogerpon|Ogerpon-Wellspring, F|[silent]
|
|-damage|p2a: Hydrapple|50/100 tox|[from] psn
|upkeep
|
|t:|1779820629
|switch|p1a: Dragapult|Dragapult, M|44/100 brn
|turn|23
|
|t:|1779820638
|move|p1a: Dragapult|Dragon Darts|p2a: Hydrapple
|-supereffective|p2a: Hydrapple
|-damage|p2a: Hydrapple|38/100 tox
|-anim|p1a: Dragapult|Dragon Darts|p2a: Hydrapple
|-supereffective|p2a: Hydrapple
|-damage|p2a: Hydrapple|26/100 tox
|move|p2a: Hydrapple|Fickle Beam|p1a: Dragapult
|-supereffective|p1a: Dragapult
|-damage|p1a: Dragapult|0 fnt
|faint|p1a: Dragapult
|
|-damage|p2a: Hydrapple|8/100 tox|[from] psn
|upkeep
|
|t:|1779820651
|switch|p1a: Kingambit|Kingambit, F|100/100
|-damage|p1a: Kingambit|94/100|[from] Stealth Rock
|-activate|p1a: Kingambit|ability: Supreme Overlord
|-start|p1a: Kingambit|fallen4|[silent]
|-item|p1a: Kingambit|Air Balloon
|turn|24
|
|t:|1779820657
|move|p1a: Kingambit|Sucker Punch|p2a: Hydrapple
|-damage|p2a: Hydrapple|0 fnt
|faint|p2a: Hydrapple
|
|upkeep
|
|t:|1779820660
|switch|p2a: Keldeo|Keldeo-Resolute|100/100
|-damage|p2a: Keldeo|94/100|[from] Stealth Rock
|-status|p2a: Keldeo|tox
|turn|25
|
|t:|1779820667
|switch|p2a: Tornadus|Tornadus-Therian, M|71/100
|move|p1a: Kingambit|Sucker Punch||[still]
|-fail|p1a: Kingambit
|
|upkeep
|turn|26
|
|t:|1779820674
|move|p2a: Tornadus|Heat Wave|p1a: Kingambit
|-supereffective|p1a: Kingambit
|-damage|p1a: Kingambit|38/100
|-enditem|p1a: Kingambit|Air Balloon
|move|p1a: Kingambit|Swords Dance|p1a: Kingambit
|-boost|p1a: Kingambit|atk|2
|
|upkeep
|turn|27
|
|t:|1779820680
|move|p1a: Kingambit|Sucker Punch||[still]
|-fail|p1a: Kingambit
|move|p2a: Tornadus|Taunt|p1a: Kingambit
|-start|p1a: Kingambit|move: Taunt
|
|upkeep
|turn|28
|
|t:|1779820685
|move|p1a: Kingambit|Sucker Punch||[still]
|-fail|p1a: Kingambit
|move|p2a: Tornadus|Taunt||[still]
|-fail|p2a: Tornadus
|
|upkeep
|turn|29
|
|t:|1779820690
|move|p1a: Kingambit|Sucker Punch|p2a: Tornadus
|-damage|p2a: Tornadus|0 fnt
|faint|p2a: Tornadus
|
|upkeep
|
|t:|1779820692
|switch|p2a: Keldeo|Keldeo-Resolute|94/100 tox
|-damage|p2a: Keldeo|88/100 tox|[from] Stealth Rock
|turn|30
|
|t:|1779820696
|move|p1a: Kingambit|Sucker Punch|p2a: Keldeo
|-resisted|p2a: Keldeo
|-crit|p2a: Keldeo
|-damage|p2a: Keldeo|0 fnt
|faint|p2a: Keldeo
|
|win|megastaruniverse
|raw|megastaruniverse's rating: 1365 &rarr; <strong>1384</strong><br />(+19 for winning)
|raw|seismitoaduser123's rating: 1354 &rarr; <strong>1335</strong><br />(-19 for losing)
|l|☆seismitoaduser123
|player|p2|
