|j|☆ilostthisgame
|j|☆Princearena
|t:|1779958396
|gametype|singles
|player|p1|ilostthisgame|265|1131
|player|p2|Princearena|265|1082
|gen|9
|tier|[Gen 9] OU
|rated|
|rule|HP Percentage Mod: HP is shown in percentages
|rule|Endless Battle Clause: Forcing endless battles is banned
|rule|Species Clause: Limit one of each Pokémon
|rule|OHKO Clause: OHKO moves are banned
|rule|Evasion Items Clause: Evasion items are banned
|rule|Evasion Moves Clause: Evasion moves are banned
|rule|Evasion Abilities Clause: Evasion abilities are banned
|rule|Sleep Moves Clause: Sleep-inducing moves are banned
|clearpoke
|poke|p1|Thundurus-Therian, M|
|poke|p1|Weavile, F|
|poke|p1|Ceruledge, M|
|poke|p1|Regidrago|
|poke|p1|Corviknight, M|
|poke|p1|Ursaluna, M|
|poke|p2|Rhyperior, M|
|poke|p2|Tentacruel, F|
|poke|p2|Garchomp, F|
|poke|p2|Infernape, F|
|poke|p2|Leafeon, F|
|poke|p2|Staraptor, F|
|teampreview
|inactive|Battle timer is ON: inactive players will automatically lose when time's up. (requested by ilostthisgame)
|
|t:|1779958410
|teamsize|p1|6
|teamsize|p2|6
|start
|switch|p1a: Thundurus|Thundurus-Therian, M|100/100
|switch|p2a: Rhyperior|Rhyperior, M|100/100
|turn|1
|
|t:|1779958420
|move|p1a: Thundurus|Focus Blast|p2a: Rhyperior
|-supereffective|p2a: Rhyperior
|-damage|p2a: Rhyperior|15/100
|move|p2a: Rhyperior|Rock Wrecker|p1a: Thundurus
|-supereffective|p1a: Thundurus
|-damage|p1a: Thundurus|0 fnt
|-mustrecharge|p2a: Rhyperior
|faint|p1a: Thundurus
|
|upkeep
|
|t:|1779958428
|switch|p1a: Ceruledge|Ceruledge, M|100/100
|turn|2
|
|t:|1779958432
|move|p1a: Ceruledge|Swords Dance|p1a: Ceruledge
|-boost|p1a: Ceruledge|atk|2
|cant|p2a: Rhyperior|recharge
|
|upkeep
|turn|3
|
|t:|1779958439
|move|p1a: Ceruledge|Shadow Sneak|p2a: Rhyperior
|-damage|p2a: Rhyperior|0 fnt
|faint|p2a: Rhyperior
|
|upkeep
|
|t:|1779958445
|switch|p2a: Leafeon|Leafeon, F|100/100
|turn|4
|
|t:|1779958452
|-terastallize|p1a: Ceruledge|Fairy
|move|p1a: Ceruledge|Bitter Blade|p2a: Leafeon
|-supereffective|p2a: Leafeon
|-damage|p2a: Leafeon|0 fnt
|faint|p2a: Leafeon
|
|upkeep
|
|t:|1779958459
|switch|p2a: Staraptor|Staraptor, F|100/100
|-ability|p2a: Staraptor|Intimidate|boost
|-unboost|p1a: Ceruledge|atk|1
|turn|5
|
|t:|1779958468
|move|p2a: Staraptor|U-turn|p1a: Ceruledge
|-resisted|p1a: Ceruledge
|-damage|p1a: Ceruledge|84/100
|-ability|p1a: Ceruledge|Weak Armor|boost
|-unboost|p1a: Ceruledge|def|1
|-boost|p1a: Ceruledge|spe|2
|
|t:|1779958478
|switch|p2a: Garchomp|Garchomp, F|100/100|[from] U-turn
|move|p1a: Ceruledge|Swords Dance|p1a: Ceruledge
|-boost|p1a: Ceruledge|atk|2
|
|upkeep
|turn|6
|
|t:|1779958488
|move|p1a: Ceruledge|Poltergeist|p2a: Garchomp
|-activate|p2a: Garchomp|move: Poltergeist|Salac Berry
|-damage|p2a: Garchomp|0 fnt
|faint|p2a: Garchomp
|
|upkeep
|
|t:|1779958494
|switch|p2a: Tentacruel|Tentacruel, F|100/100
|turn|7
|
|t:|1779958498
|move|p1a: Ceruledge|Poltergeist|p2a: Tentacruel
|-activate|p2a: Tentacruel|move: Poltergeist|Black Sludge
|-damage|p2a: Tentacruel|0 fnt
|faint|p2a: Tentacruel
|
|upkeep
|
|t:|1779958506
|switch|p2a: Staraptor|Staraptor, F|100/100
|-ability|p2a: Staraptor|Intimidate|boost
|-unboost|p1a: Ceruledge|atk|1
|turn|8
|
|t:|1779958512
|move|p1a: Ceruledge|Bitter Blade|p2a: Staraptor
|-damage|p2a: Staraptor|0 fnt
|-heal|p1a: Ceruledge|100/100|[from] drain|[of] p2a: Staraptor
|faint|p2a: Staraptor
|
|upkeep
|inactive|Princearena has 120 seconds left.
|
|t:|1779958547
|switch|p2a: Infernape|Infernape, F|100/100
|turn|9
|inactive|Princearena has 120 seconds left.
|inactive|Princearena has 90 seconds left.
|inactive|Princearena has 60 seconds left.
|
|t:|1779958625
|move|p1a: Ceruledge|Poltergeist|p2a: Infernape
|-activate|p2a: Infernape|move: Poltergeist|Focus Sash
|-enditem|p2a: Infernape|Focus Sash
|-damage|p2a: Infernape|1/100
|move|p2a: Infernape|Nasty Plot|p2a: Infernape
|-boost|p2a: Infernape|spa|2
|
|upkeep
|turn|10
|inactive|Princearena has 60 seconds left.
|
|t:|1779958654
|move|p1a: Ceruledge|Shadow Sneak|p2a: Infernape
|-damage|p2a: Infernape|0 fnt
|faint|p2a: Infernape
|
|win|ilostthisgame
|raw|ilostthisgame's rating: 1131 &rarr; <strong>1156</strong><br />(+25 for winning)
|raw|Princearena's rating: 1135 &rarr; <strong>1110</strong><br />(-25 for losing)
|l|☆ilostthisgame
|player|p1|
