|j|☆Pristhit
|j|‽CHixxxxx122
|t:|1779849378
|gametype|singles
|player|p1|Pristhit|1|1145
|player|p2|CHixxxxx122|1|1148
|gen|9
|tier|[Gen 9] OU
|rated|
|rule|HP Percentage Mod: HP is shown in percentages
|rule|Endless Battle Clause: Forcing endless battles is banned
|rule|Species Clause: Limit one of each Pokémon
|rule|OHKO Clause: OHKO moves are banned
|rule|Evasion Items Clause: Evasion items are banned
|rule|Evasion Moves Clause: Evasion moves are banned
|rule|Evasion Abilities Clause: Evasion abilities are banned
|rule|Sleep Moves Clause: Sleep-inducing moves are banned
|clearpoke
|poke|p1|Kingdra, M|
|poke|p1|Dugtrio, M|
|poke|p1|Ribombee, M|
|poke|p1|Blaziken, F|
|poke|p1|Excadrill, F|
|poke|p1|Cinderace, M|
|poke|p2|Skuntank, F|
|poke|p2|Porygon2|
|poke|p2|Mamoswine, M|
|poke|p2|Staraptor, M|
|poke|p2|Lilligant-Hisui, F|
|poke|p2|Milotic, F|
|teampreview
|
|t:|1779849384
|teamsize|p1|6
|teamsize|p2|6
|start
|switch|p1a: Dugtrio|Dugtrio, M|100/100
|switch|p2a: Mamoswine|Mamoswine, M|100/100
|turn|1
|inactive|Battle timer is ON: inactive players will automatically lose when time's up. (requested by Pristhit)
|
|t:|1779849398
|move|p1a: Dugtrio|Stealth Rock|p2a: Mamoswine
|-sidestart|p2: CHixxxxx122|move: Stealth Rock
|move|p2a: Mamoswine|Icicle Spear|p1a: Dugtrio
|-supereffective|p1a: Dugtrio
|-damage|p1a: Dugtrio|32/100
|-supereffective|p1a: Dugtrio
|-damage|p1a: Dugtrio|0 fnt
|faint|p1a: Dugtrio
|-hitcount|p1: Dugtrio|2
|
|upkeep
|
|t:|1779849408
|switch|p1a: Cinderace|Cinderace, M|100/100
|turn|2
|
|t:|1779849411
|move|p1a: Cinderace|High Jump Kick|p2a: Mamoswine
|-start|p1a: Cinderace|typechange|Fighting|[from] ability: Libero
|-supereffective|p2a: Mamoswine
|-damage|p2a: Mamoswine|0 fnt
|-damage|p1a: Cinderace|84/100|[from] item: Rocky Helmet|[of] p2a: Mamoswine
|faint|p2a: Mamoswine
|-damage|p1a: Cinderace|74/100|[from] item: Life Orb
|
|upkeep
|
|t:|1779849417
|switch|p2a: Lilligant|Lilligant-Hisui, F|100/100
|-damage|p2a: Lilligant|94/100|[from] Stealth Rock
|turn|3
|
|t:|1779849420
|move|p2a: Lilligant|Close Combat|p1a: Cinderace
|-damage|p1a: Cinderace|0 fnt
|-unboost|p2a: Lilligant|def|1
|-unboost|p2a: Lilligant|spd|1
|faint|p1a: Cinderace
|
|upkeep
|
|t:|1779849424
|switch|p1a: Ribombee|Ribombee, M|100/100
|turn|4
|
|t:|1779849431
|switch|p2a: Porygon2|Porygon2|100/100
|-damage|p2a: Porygon2|88/100|[from] Stealth Rock
|-ability|p2a: Porygon2|Shield Dust|Trace|[from] ability: Trace|[of] p1a: Ribombee
|move|p1a: Ribombee|Sticky Web|p2a: Porygon2
|-sidestart|p2: CHixxxxx122|move: Sticky Web
|
|upkeep
|turn|5
|
|t:|1779849438
|move|p1a: Ribombee|Quiver Dance|p1a: Ribombee
|-boost|p1a: Ribombee|spa|1
|-boost|p1a: Ribombee|spd|1
|-boost|p1a: Ribombee|spe|1
|move|p2a: Porygon2|Charge Beam|p1a: Ribombee|[miss]
|-miss|p2a: Porygon2|p1a: Ribombee
|
|upkeep
|turn|6
|
|t:|1779849443
|switch|p2a: Milotic|Milotic, F|100/100
|-damage|p2a: Milotic|88/100|[from] Stealth Rock
|-activate|p2a: Milotic|move: Sticky Web
|-unboost|p2a: Milotic|spe|1
|move|p1a: Ribombee|Quiver Dance|p1a: Ribombee
|-boost|p1a: Ribombee|spa|1
|-boost|p1a: Ribombee|spd|1
|-boost|p1a: Ribombee|spe|1
|
|-heal|p2a: Milotic|94/100|[from] item: Leftovers
|upkeep
|turn|7
|
|t:|1779849450
|move|p1a: Ribombee|Moonblast|p2a: Milotic
|-damage|p2a: Milotic|39/100
|move|p2a: Milotic|Haze|p2a: Milotic
|-clearallboost
|
|-heal|p2a: Milotic|45/100|[from] item: Leftovers
|upkeep
|turn|8
|
|t:|1779849456
|move|p1a: Ribombee|Quiver Dance|p1a: Ribombee
|-boost|p1a: Ribombee|spa|1
|-boost|p1a: Ribombee|spd|1
|-boost|p1a: Ribombee|spe|1
|move|p2a: Milotic|Mirror Coat||[still]
|-fail|p2a: Milotic
|
|-heal|p2a: Milotic|51/100|[from] item: Leftovers
|upkeep
|turn|9
|
|t:|1779849461
|-terastallize|p2a: Milotic|Steel
|move|p1a: Ribombee|Moonblast|p2a: Milotic
|-resisted|p2a: Milotic
|-damage|p2a: Milotic|29/100
|move|p2a: Milotic|Mirror Coat|p1a: Ribombee
|-damage|p1a: Ribombee|50/100
|
|-heal|p2a: Milotic|36/100|[from] item: Leftovers
|upkeep
|turn|10
|
|t:|1779849468
|move|p1a: Ribombee|Quiver Dance|p1a: Ribombee
|-boost|p1a: Ribombee|spa|1
|-boost|p1a: Ribombee|spd|1
|-boost|p1a: Ribombee|spe|1
|move|p2a: Milotic|Mirror Coat||[still]
|-fail|p2a: Milotic
|
|-heal|p2a: Milotic|42/100|[from] item: Leftovers
|upkeep
|turn|11
|
|t:|1779849474
|move|p1a: Ribombee|Moonblast|p2a: Milotic
|-resisted|p2a: Milotic
|-damage|p2a: Milotic|16/100
|move|p2a: Milotic|Haze|p2a: Milotic
|-clearallboost
|
|-heal|p2a: Milotic|22/100|[from] item: Leftovers
|upkeep
|turn|12
|
|t:|1779849478
|move|p1a: Ribombee|Moonblast|p2a: Milotic
|-resisted|p2a: Milotic
|-damage|p2a: Milotic|10/100
|-unboost|p2a: Milotic|spa|1
|move|p2a: Milotic|Scald|p1a: Ribombee
|-damage|p1a: Ribombee|17/100
|
|-heal|p2a: Milotic|16/100|[from] item: Leftovers
|upkeep
|turn|13
|
|t:|1779849480
|move|p1a: Ribombee|Moonblast|p2a: Milotic
|-resisted|p2a: Milotic
|-damage|p2a: Milotic|1/100
|-unboost|p2a: Milotic|spa|1
|move|p2a: Milotic|Scald|p1a: Ribombee
|-damage|p1a: Ribombee|0 fnt
|faint|p1a: Ribombee
|
|-heal|p2a: Milotic|7/100|[from] item: Leftovers
|upkeep
|
|t:|1779849488
|switch|p1a: Blaziken|Blaziken, F|100/100
|turn|14
|
|t:|1779849490
|move|p1a: Blaziken|Protect|p1a: Blaziken
|-singleturn|p1a: Blaziken|Protect
|move|p2a: Milotic|Scald|p1a: Blaziken
|-activate|p1a: Blaziken|move: Protect
|
|-heal|p2a: Milotic|13/100|[from] item: Leftovers
|-ability|p1a: Blaziken|Speed Boost|boost
|-boost|p1a: Blaziken|spe|1
|upkeep
|turn|15
|
|t:|1779849494
|move|p1a: Blaziken|Blaze Kick|p2a: Milotic
|-supereffective|p2a: Milotic
|-damage|p2a: Milotic|0 fnt
|faint|p2a: Milotic
|
|-ability|p1a: Blaziken|Speed Boost|boost
|-boost|p1a: Blaziken|spe|1
|upkeep
|
|t:|1779849503
|switch|p2a: Staraptor|Staraptor, M|100/100
|-damage|p2a: Staraptor|76/100|[from] Stealth Rock
|turn|16
|
|t:|1779849506
|move|p1a: Blaziken|Swords Dance|p1a: Blaziken
|-boost|p1a: Blaziken|atk|2
|move|p2a: Staraptor|Brave Bird|p1a: Blaziken
|-supereffective|p1a: Blaziken
|-crit|p1a: Blaziken
|-enditem|p1a: Blaziken|Focus Sash
|-damage|p1a: Blaziken|1/100
|-damage|p2a: Staraptor|44/100|[from] Recoil
|
|-ability|p1a: Blaziken|Speed Boost|boost
|-boost|p1a: Blaziken|spe|1
|upkeep
|turn|17
|
|t:|1779849512
|move|p2a: Staraptor|Quick Attack|p1a: Blaziken
|-damage|p1a: Blaziken|0 fnt
|faint|p1a: Blaziken
|
|upkeep
|
|t:|1779849515
|switch|p1a: Kingdra|Kingdra, M, shiny|100/100
|turn|18
|
|t:|1779849519
|move|p2a: Staraptor|Brave Bird|p1a: Kingdra
|-damage|p1a: Kingdra|11/100
|-damage|p2a: Staraptor|16/100|[from] Recoil
|move|p1a: Kingdra|Focus Energy|p1a: Kingdra
|-start|p1a: Kingdra|move: Focus Energy
|
|upkeep
|turn|19
|
|t:|1779849525
|move|p2a: Staraptor|Quick Attack|p1a: Kingdra
|-damage|p1a: Kingdra|0 fnt
|faint|p1a: Kingdra
|
|upkeep
|
|t:|1779849527
|switch|p1a: Excadrill|Excadrill, F|100/100
|-ability|p1a: Excadrill|Mold Breaker
|turn|20
|
|t:|1779849533
|move|p2a: Staraptor|Close Combat|p1a: Excadrill
|-supereffective|p1a: Excadrill
|-damage|p1a: Excadrill|0 fnt
|-unboost|p2a: Staraptor|def|1
|-unboost|p2a: Staraptor|spd|1
|faint|p1a: Excadrill
|
|win|CHixxxxx122
|raw|Pristhit's rating: 1145 &rarr; <strong>1120</strong><br />(-25 for losing)
|raw|CHixxxxx122's rating: 1148 &rarr; <strong>1173</strong><br />(+25 for winning)
|l|☆Pristhit
|player|p1|
|l|‽CHixxxxx122
|player|p2|
