|j|☆Penguinxdd
|j|☆the 2nd clawming
|t:|1779804118
|gametype|singles
|player|p1|Penguinxdd|veteran|1529
|player|p2|the 2nd clawming|az-lza|1532
|gen|9
|tier|[Gen 9] OU
|rated|
|rule|HP Percentage Mod: HP is shown in percentages
|rule|Endless Battle Clause: Forcing endless battles is banned
|rule|Species Clause: Limit one of each Pokémon
|rule|OHKO Clause: OHKO moves are banned
|rule|Evasion Items Clause: Evasion items are banned
|rule|Evasion Moves Clause: Evasion moves are banned
|rule|Evasion Abilities Clause: Evasion abilities are banned
|rule|Sleep Moves Clause: Sleep-inducing moves are banned
|clearpoke
|poke|p1|Hatterene, F|
|poke|p1|Iron Treads|
|poke|p1|Volcanion|
|poke|p1|Gholdengo|
|poke|p1|Darkrai|
|poke|p1|Garchomp, F|
|poke|p2|Ninetales, M|
|poke|p2|Scovillain, M|
|poke|p2|Walking Wake|
|poke|p2|Great Tusk|
|poke|p2|Mandibuzz, F|
|poke|p2|Tinkaton, F|
|teampreview
|inactive|Battle timer is ON: inactive players will automatically lose when time's up. (requested by the 2nd clawming)
|j| Disscratch
|
|t:|1779804131
|teamsize|p1|6
|teamsize|p2|6
|start
|switch|p1a: Volcanion|Volcanion|100/100
|switch|p2a: Ninetales|Ninetales, M|100/100
|-weather|SunnyDay|[from] ability: Drought|[of] p2a: Ninetales
|turn|1
|
|t:|1779804137
|switch|p2a: Walking Wake|Walking Wake|100/100
|-activate|p2a: Walking Wake|ability: Protosynthesis
|-start|p2a: Walking Wake|protosynthesisspe
|move|p1a: Volcanion|Earth Power|p2a: Walking Wake
|-damage|p2a: Walking Wake|39/100
|
|-weather|SunnyDay|[upkeep]
|upkeep
|turn|2
|
|t:|1779804141
|switch|p1a: Magic Bounson|Hatterene, F|100/100
|move|p2a: Walking Wake|Draco Meteor|p1a: Magic Bounson
|-immune|p1a: Magic Bounson
|
|-weather|SunnyDay|[upkeep]
|upkeep
|turn|3
|
|t:|1779804150
|-terastallize|p2a: Walking Wake|Water
|move|p2a: Walking Wake|Hydro Steam|p1a: Magic Bounson
|-damage|p1a: Magic Bounson|0 fnt
|faint|p1a: Magic Bounson
|-damage|p2a: Walking Wake|29/100|[from] item: Life Orb
|
|-weather|SunnyDay|[upkeep]
|upkeep
|
|t:|1779804160
|switch|p1a: Darkrai|Darkrai|100/100
|turn|4
|
|t:|1779804163
|-end|p2a: Walking Wake|Protosynthesis|[silent]
|switch|p2a: Tinkaton|Tinkaton, F|100/100
|-ability|p2a: Tinkaton|Mold Breaker
|-item|p2a: Tinkaton|Air Balloon
|move|p1a: Darkrai|Dark Pulse|p2a: Tinkaton
|-resisted|p2a: Tinkaton
|-damage|p2a: Tinkaton|81/100
|-enditem|p2a: Tinkaton|Air Balloon
|
|-weather|SunnyDay|[upkeep]
|upkeep
|turn|5
|
|t:|1779804174
|switch|p1a: Iron Treads|Iron Treads|100/100
|-item|p1a: Iron Treads|Air Balloon
|move|p2a: Tinkaton|Stealth Rock|p1a: Iron Treads
|-sidestart|p1: Penguinxdd|move: Stealth Rock
|
|-weather|SunnyDay|[upkeep]
|upkeep
|turn|6
|
|t:|1779804190
|move|p1a: Iron Treads|Rapid Spin|p2a: Tinkaton
|-resisted|p2a: Tinkaton
|-damage|p2a: Tinkaton|73/100
|-boost|p1a: Iron Treads|spe|1
|-sideend|p1: Penguinxdd|Stealth Rock|[from] move: Rapid Spin|[of] p1a: Iron Treads
|move|p2a: Tinkaton|Gigaton Hammer|p1a: Iron Treads
|-resisted|p1a: Iron Treads
|-damage|p1a: Iron Treads|81/100
|-enditem|p1a: Iron Treads|Air Balloon
|
|-weather|SunnyDay|[upkeep]
|upkeep
|turn|7
|
|t:|1779804210
|switch|p2a: Great Tusk|Great Tusk|100/100
|-activate|p2a: Great Tusk|ability: Protosynthesis
|-start|p2a: Great Tusk|protosynthesisatk
|move|p1a: Iron Treads|Earthquake|p2a: Great Tusk
|-damage|p2a: Great Tusk|68/100
|
|-weather|SunnyDay|[upkeep]
|upkeep
|turn|8
|
|t:|1779804219
|move|p1a: Iron Treads|Earthquake|p2a: Great Tusk
|-damage|p2a: Great Tusk|35/100
|move|p2a: Great Tusk|Headlong Rush|p1a: Iron Treads
|-supereffective|p1a: Iron Treads
|-damage|p1a: Iron Treads|0 fnt
|-unboost|p2a: Great Tusk|def|1
|-unboost|p2a: Great Tusk|spd|1
|faint|p1a: Iron Treads
|-end|p1a: Iron Treads|Quark Drive|[silent]
|
|-weather|none
|-end|p2a: Great Tusk|Protosynthesis
|upkeep
|
|t:|1779804224
|switch|p1a: Garchomp|Garchomp, F|100/100
|turn|9
|
|t:|1779804233
|-end|p2a: Great Tusk|Protosynthesis|[silent]
|switch|p2a: Mandibuzz|Mandibuzz, F|100/100
|move|p1a: Garchomp|Scale Shot|p2a: Mandibuzz
|-damage|p2a: Mandibuzz|92/100
|-damage|p2a: Mandibuzz|85/100
|-damage|p2a: Mandibuzz|77/100
|-damage|p2a: Mandibuzz|70/100
|-hitcount|p2a: Mandibuzz|4
|-unboost|p1a: Garchomp|def|1
|-boost|p1a: Garchomp|spe|1
|
|upkeep
|turn|10
|
|t:|1779804239
|switch|p1a: Volcanion|Volcanion|100/100
|move|p2a: Mandibuzz|Roost|p2a: Mandibuzz
|-heal|p2a: Mandibuzz|100/100
|-singleturn|p2a: Mandibuzz|move: Roost
|
|upkeep
|turn|11
|
|t:|1779804252
|switch|p2a: Tinkaton|Tinkaton, F|73/100
|-ability|p2a: Tinkaton|Mold Breaker
|move|p1a: Volcanion|Steam Eruption|p2a: Tinkaton
|-damage|p2a: Tinkaton|0 fnt
|faint|p2a: Tinkaton
|
|upkeep
|
|t:|1779804259
|switch|p2a: Great Tusk|Great Tusk|35/100
|turn|12
|
|t:|1779804263
|switch|p1a: Garchomp|Garchomp, F|100/100
|move|p2a: Great Tusk|Headlong Rush|p1a: Garchomp
|-damage|p1a: Garchomp|32/100
|-unboost|p2a: Great Tusk|def|1
|-unboost|p2a: Great Tusk|spd|1
|-damage|p2a: Great Tusk|23/100|[from] ability: Rough Skin|[of] p1a: Garchomp
|
|upkeep
|turn|13
|
|t:|1779804266
|-end|p2a: Great Tusk|Protosynthesis|[silent]
|switch|p2a: Mandibuzz|Mandibuzz, F|100/100
|move|p1a: Garchomp|Scale Shot|p2a: Mandibuzz
|-damage|p2a: Mandibuzz|93/100
|-damage|p2a: Mandibuzz|86/100
|-damage|p2a: Mandibuzz|78/100
|-damage|p2a: Mandibuzz|70/100
|-damage|p2a: Mandibuzz|63/100
|-hitcount|p2a: Mandibuzz|5
|-unboost|p1a: Garchomp|def|1
|-boost|p1a: Garchomp|spe|1
|
|upkeep
|turn|14
|
|t:|1779804273
|switch|p1a: Volcanion|Volcanion|100/100
|move|p2a: Mandibuzz|Roost|p2a: Mandibuzz
|-heal|p2a: Mandibuzz|100/100
|-singleturn|p2a: Mandibuzz|move: Roost
|
|upkeep
|turn|15
|
|t:|1779804291
|move|p1a: Volcanion|Steam Eruption|p2a: Mandibuzz
|-damage|p2a: Mandibuzz|20/100
|-status|p2a: Mandibuzz|brn
|move|p2a: Mandibuzz|U-turn|p1a: Volcanion
|-resisted|p1a: Volcanion
|-damage|p1a: Volcanion|98/100
|
|t:|1779804295
|switch|p2a: Great Tusk|Great Tusk|23/100|[from] U-turn
|
|upkeep
|turn|16
|
|t:|1779804297
|switch|p1a: Garchomp|Garchomp, F|32/100
|move|p2a: Great Tusk|Headlong Rush|p1a: Garchomp
|-damage|p1a: Garchomp|0 fnt
|-unboost|p2a: Great Tusk|def|1
|-unboost|p2a: Great Tusk|spd|1
|-damage|p2a: Great Tusk|10/100|[from] ability: Rough Skin|[of] p1a: Garchomp
|faint|p1a: Garchomp
|
|upkeep
|
|t:|1779804301
|switch|p1a: Lebron Rains|Gholdengo|100/100
|turn|17
|
|t:|1779804306
|move|p1a: Lebron Rains|Shadow Ball|p2a: Great Tusk
|-damage|p2a: Great Tusk|0 fnt
|faint|p2a: Great Tusk
|-end|p2a: Great Tusk|Protosynthesis|[silent]
|
|upkeep
|
|t:|1779804309
|switch|p2a: Ninetales|Ninetales, M|100/100
|-weather|SunnyDay|[from] ability: Drought|[of] p2a: Ninetales
|turn|18
|
|t:|1779804312
|switch|p1a: Volcanion|Volcanion|98/100
|move|p2a: Ninetales|Healing Wish|p2a: Ninetales
|faint|p2a: Ninetales
|
|-weather|SunnyDay|[upkeep]
|upkeep
|
|t:|1779804318
|switch|p2a: Escanor|Scovillain, M|100/100
|turn|19
|
|t:|1779804326
|move|p2a: Escanor|Solar Beam||[still]
|-prepare|p2a: Escanor|Solar Beam
|-anim|p2a: Escanor|Solar Beam|p1a: Volcanion
|-damage|p1a: Volcanion|20/100
|move|p1a: Volcanion|Steam Eruption|p2a: Escanor
|-damage|p2a: Escanor|22/100
|
|-weather|SunnyDay|[upkeep]
|upkeep
|turn|20
|
|t:|1779804337
|switch|p1a: Lebron Rains|Gholdengo|100/100
|move|p2a: Escanor|Flamethrower|p1a: Lebron Rains
|-supereffective|p1a: Lebron Rains
|-damage|p1a: Lebron Rains|0 fnt
|faint|p1a: Lebron Rains
|
|-weather|SunnyDay|[upkeep]
|upkeep
|
|t:|1779804338
|switch|p1a: Darkrai|Darkrai|100/100
|turn|21
|
|t:|1779804345
|move|p1a: Darkrai|Dark Pulse|p2a: Escanor
|-damage|p2a: Escanor|0 fnt
|faint|p2a: Escanor
|
|-weather|SunnyDay|[upkeep]
|upkeep
|
|t:|1779804352
|switch|p2a: Walking Wake|Walking Wake, tera:Water|29/100
|-heal|p2a: Walking Wake|100/100|[from] move: Healing Wish
|-activate|p2a: Walking Wake|ability: Protosynthesis
|-start|p2a: Walking Wake|protosynthesisspe
|turn|22
|
|t:|1779804355
|switch|p1a: Volcanion|Volcanion|20/100
|move|p2a: Walking Wake|Draco Meteor|p1a: Volcanion
|-damage|p1a: Volcanion|0 fnt
|-unboost|p2a: Walking Wake|spa|2
|faint|p1a: Volcanion
|-damage|p2a: Walking Wake|91/100|[from] item: Life Orb
|
|-weather|SunnyDay|[upkeep]
|upkeep
|
|t:|1779804357
|switch|p1a: Darkrai|Darkrai|100/100
|turn|23
|
|t:|1779804361
|-end|p2a: Walking Wake|Protosynthesis|[silent]
|switch|p2a: Mandibuzz|Mandibuzz, F|20/100 brn
|move|p1a: Darkrai|Dark Pulse|p2a: Mandibuzz
|-resisted|p2a: Mandibuzz
|-damage|p2a: Mandibuzz|1/100 brn
|
|-weather|SunnyDay|[upkeep]
|-damage|p2a: Mandibuzz|0 fnt|[from] brn
|faint|p2a: Mandibuzz
|upkeep
|
|t:|1779804363
|switch|p2a: Walking Wake|Walking Wake, tera:Water|91/100
|-activate|p2a: Walking Wake|ability: Protosynthesis
|-start|p2a: Walking Wake|protosynthesisspe
|turn|24
|
|t:|1779804364
|move|p1a: Darkrai|Dark Pulse|p2a: Walking Wake
|-damage|p2a: Walking Wake|37/100
|move|p2a: Walking Wake|Hydro Steam|p1a: Darkrai
|-damage|p1a: Darkrai|0 fnt
|faint|p1a: Darkrai
|-damage|p2a: Walking Wake|27/100|[from] item: Life Orb
|
|win|the 2nd clawming
|raw|Penguinxdd's rating: 1529 &rarr; <strong>1509</strong><br />(-20 for losing)
|raw|the 2nd clawming's rating: 1532 &rarr; <strong>1552</strong><br />(+20 for winning)
|c|☆the 2nd clawming|gg
|l|☆Penguinxdd
|player|p1|
|l|☆the 2nd clawming
|player|p2|
|j|☆Penguinxdd
|player|p1|Penguinxdd|veteran|
|l|☆Penguinxdd
|player|p1|
