|j|☆YoSoyDelBronx
|j|☆jy_li
|t:|1779914874
|gametype|singles
|player|p1|YoSoyDelBronx|noland|1186
|player|p2|jy_li|1|1215
|gen|9
|tier|[Gen 9] OU
|rated|
|rule|HP Percentage Mod: HP is shown in percentages
|rule|Endless Battle Clause: Forcing endless battles is banned
|rule|Species Clause: Limit one of each Pokémon
|rule|OHKO Clause: OHKO moves are banned
|rule|Evasion Items Clause: Evasion items are banned
|rule|Evasion Moves Clause: Evasion moves are banned
|rule|Evasion Abilities Clause: Evasion abilities are banned
|rule|Sleep Moves Clause: Sleep-inducing moves are banned
|clearpoke
|poke|p1|Blaziken, M|
|poke|p1|Ninetales, M|
|poke|p1|Venusaur, F|
|poke|p1|Clefable, F|
|poke|p1|Great Tusk|
|poke|p1|Walking Wake|
|poke|p2|Kingambit, M|
|poke|p2|Great Tusk|
|poke|p2|Dragapult, M|
|poke|p2|Gholdengo|
|poke|p2|Iron Valiant|
|poke|p2|Ogerpon-Wellspring, F|
|teampreview
|inactive|Battle timer is ON: inactive players will automatically lose when time's up. (requested by jy_li)
|
|t:|1779914882
|teamsize|p1|6
|teamsize|p2|6
|start
|switch|p1a: Ranita|Venusaur, F|100/100
|switch|p2a: Kingambit|Kingambit, M|100/100
|turn|1
|
|t:|1779914889
|switch|p1a: Kurama|Ninetales, M|100/100
|-weather|SunnyDay|[from] ability: Drought|[of] p1a: Kurama
|-terastallize|p2a: Kingambit|Dark
|move|p2a: Kingambit|Swords Dance|p2a: Kingambit
|-boost|p2a: Kingambit|atk|2
|
|-weather|SunnyDay|[upkeep]
|upkeep
|turn|2
|
|t:|1779914903
|move|p2a: Kingambit|Sucker Punch||[still]
|-fail|p2a: Kingambit
|move|p1a: Kurama|Encore|p2a: Kingambit
|-start|p2a: Kingambit|Encore
|
|-weather|SunnyDay|[upkeep]
|upkeep
|turn|3
|
|t:|1779914912
|switch|p1a: Capitán Salami|Blaziken, M|100/100
|move|p2a: Kingambit|Sucker Punch||[still]
|-fail|p2a: Kingambit
|
|-weather|SunnyDay|[upkeep]
|upkeep
|turn|4
|
|t:|1779914919
|move|p2a: Kingambit|Sucker Punch||[still]
|-fail|p2a: Kingambit
|move|p1a: Capitán Salami|Focus Energy|p1a: Capitán Salami
|-start|p1a: Capitán Salami|move: Focus Energy
|
|-weather|SunnyDay|[upkeep]
|-ability|p1a: Capitán Salami|Speed Boost|boost
|-boost|p1a: Capitán Salami|spe|1
|upkeep
|turn|5
|
|t:|1779914927
|move|p1a: Capitán Salami|Upper Hand|p2a: Kingambit
|-supereffective|p2a: Kingambit
|-crit|p2a: Kingambit
|-damage|p2a: Kingambit|47/100
|cant|p2a: Kingambit|flinch
|
|-weather|SunnyDay|[upkeep]
|-heal|p2a: Kingambit|53/100|[from] item: Leftovers
|-end|p2a: Kingambit|Encore
|-ability|p1a: Capitán Salami|Speed Boost|boost
|-boost|p1a: Capitán Salami|spe|1
|upkeep
|turn|6
|
|t:|1779914942
|move|p1a: Capitán Salami|Overheat|p2a: Kingambit|[miss]
|-miss|p1a: Capitán Salami|p2a: Kingambit
|move|p2a: Kingambit|Kowtow Cleave|p1a: Capitán Salami
|-resisted|p1a: Capitán Salami
|-damage|p1a: Capitán Salami|0 fnt
|faint|p1a: Capitán Salami
|
|-weather|SunnyDay|[upkeep]
|-heal|p2a: Kingambit|59/100|[from] item: Leftovers
|upkeep
|
|t:|1779914951
|switch|p1a: Clefable|Clefable, F|100/100
|turn|7
|
|t:|1779914961
|move|p1a: Clefable|Moonblast|p2a: Kingambit
|-supereffective|p2a: Kingambit
|-damage|p2a: Kingambit|0 fnt
|faint|p2a: Kingambit
|-end|p2a: Kingambit|fallenundefined|[silent]
|
|-weather|SunnyDay|[upkeep]
|upkeep
|
|t:|1779914970
|switch|p2a: Great Tusk|Great Tusk|100/100
|-activate|p2a: Great Tusk|ability: Protosynthesis
|-start|p2a: Great Tusk|protosynthesisatk
|turn|8
|
|t:|1779914976
|move|p2a: Great Tusk|Ice Spinner|p1a: Clefable
|-damage|p1a: Clefable|70/100
|move|p1a: Clefable|Moonblast|p2a: Great Tusk
|-supereffective|p2a: Great Tusk
|-damage|p2a: Great Tusk|7/100
|
|-weather|none
|-end|p2a: Great Tusk|Protosynthesis
|upkeep
|-enditem|p2a: Great Tusk|Booster Energy
|-activate|p2a: Great Tusk|ability: Protosynthesis|[fromitem]
|-start|p2a: Great Tusk|protosynthesisatk
|turn|9
|inactive|jy_li has 120 seconds left.
|
|t:|1779915015
|-end|p2a: Great Tusk|Protosynthesis|[silent]
|switch|p2a: Iron Valiant|Iron Valiant|100/100
|-enditem|p2a: Iron Valiant|Booster Energy
|-activate|p2a: Iron Valiant|ability: Quark Drive|[fromitem]
|-start|p2a: Iron Valiant|quarkdrivespe
|move|p1a: Clefable|Moonlight|p1a: Clefable
|-heal|p1a: Clefable|100/100
|
|upkeep
|turn|10
|inactive|jy_li has 120 seconds left.
|
|t:|1779915026
|move|p2a: Iron Valiant|Moonblast|p1a: Clefable
|-damage|p1a: Clefable|62/100
|move|p1a: Clefable|Thunder Wave|p2a: Iron Valiant
|-status|p2a: Iron Valiant|par
|
|upkeep
|turn|11
|inactive|jy_li has 120 seconds left.
|
|t:|1779915033
|cant|p2a: Iron Valiant|par
|move|p1a: Clefable|Moonblast|p2a: Iron Valiant
|-supereffective|p2a: Iron Valiant
|-damage|p2a: Iron Valiant|0 fnt
|faint|p2a: Iron Valiant
|-end|p2a: Iron Valiant|Quark Drive|[silent]
|
|upkeep
|inactive|jy_li has 120 seconds left.
|
|t:|1779915041
|switch|p2a: Gholdengo|Gholdengo|100/100
|turn|12
|
|t:|1779915052
|switch|p1a: Kurama|Ninetales, M|100/100
|-weather|SunnyDay|[from] ability: Drought|[of] p1a: Kurama
|move|p2a: Gholdengo|Make It Rain|p1a: Kurama
|-resisted|p1a: Kurama
|-damage|p1a: Kurama|51/100
|-unboost|p2a: Gholdengo|spa|1
|
|-weather|SunnyDay|[upkeep]
|upkeep
|turn|13
|
|t:|1779915064
|switch|p2a: Great Tusk|Great Tusk|7/100
|-activate|p2a: Great Tusk|ability: Protosynthesis
|-start|p2a: Great Tusk|protosynthesisatk
|move|p1a: Kurama|Encore||[still]
|-fail|p1a: Kurama
|
|-weather|SunnyDay|[upkeep]
|upkeep
|turn|14
|
|t:|1779915072
|move|p1a: Kurama|Flamethrower|p2a: Great Tusk
|-damage|p2a: Great Tusk|0 fnt
|faint|p2a: Great Tusk
|-end|p2a: Great Tusk|Protosynthesis|[silent]
|
|-weather|SunnyDay|[upkeep]
|upkeep
|
|t:|1779915077
|switch|p2a: Dragapult|Dragapult, M|100/100
|turn|15
|
|t:|1779915083
|move|p2a: Dragapult|Shadow Ball|p1a: Kurama
|-damage|p1a: Kurama|3/100
|move|p1a: Kurama|Memento|p2a: Dragapult
|-unboost|p2a: Dragapult|atk|2
|-unboost|p2a: Dragapult|spa|2
|faint|p1a: Kurama
|
|-weather|SunnyDay|[upkeep]
|upkeep
|
|t:|1779915093
|switch|p1a: Ranita|Venusaur, F|100/100
|turn|16
|
|t:|1779915105
|switch|p2a: Gholdengo|Gholdengo|100/100
|move|p1a: Ranita|Growth|p1a: Ranita
|-boost|p1a: Ranita|atk|2
|-boost|p1a: Ranita|spa|2
|
|-weather|SunnyDay|[upkeep]
|upkeep
|turn|17
|
|t:|1779915115
|move|p1a: Ranita|Weather Ball|p2a: Gholdengo
|-supereffective|p2a: Gholdengo
|-damage|p2a: Gholdengo|0 fnt
|faint|p2a: Gholdengo
|-damage|p1a: Ranita|91/100|[from] item: Life Orb
|
|-weather|SunnyDay|[upkeep]
|upkeep
|
|t:|1779915122
|switch|p2a: Dragapult|Dragapult, M|100/100
|turn|18
|
|t:|1779915128
|move|p1a: Ranita|Sludge Bomb|p2a: Dragapult
|-resisted|p2a: Dragapult
|-damage|p2a: Dragapult|26/100
|-damage|p1a: Ranita|81/100|[from] item: Life Orb
|move|p2a: Dragapult|Flamethrower|p1a: Ranita
|-supereffective|p1a: Ranita
|-damage|p1a: Ranita|0 fnt
|faint|p1a: Ranita
|
|-weather|SunnyDay|[upkeep]
|upkeep
|
|t:|1779915136
|switch|p1a: Walking Wake|Walking Wake|100/100
|-activate|p1a: Walking Wake|ability: Protosynthesis
|-start|p1a: Walking Wake|protosynthesisspe
|turn|19
|
|t:|1779915143
|switch|p2a: Ogerpon|Ogerpon-Wellspring, F|100/100
|move|p1a: Walking Wake|Dragon Pulse|p2a: Ogerpon
|-damage|p2a: Ogerpon|23/100
|
|-weather|none
|-end|p1a: Walking Wake|Protosynthesis
|upkeep
|turn|20
|
|t:|1779915153
|move|p2a: Ogerpon|Power Whip|p1a: Walking Wake
|-damage|p1a: Walking Wake|27/100
|move|p1a: Walking Wake|Dragon Pulse|p2a: Ogerpon
|-damage|p2a: Ogerpon|0 fnt
|faint|p2a: Ogerpon
|
|upkeep
|
|t:|1779915159
|switch|p2a: Dragapult|Dragapult, M|26/100
|turn|21
|
|t:|1779915167
|move|p2a: Dragapult|Shadow Ball|p1a: Walking Wake
|-damage|p1a: Walking Wake|0 fnt
|faint|p1a: Walking Wake
|-end|p1a: Walking Wake|Protosynthesis|[silent]
|
|upkeep
|
|t:|1779915170
|switch|p1a: Clefable|Clefable, F|62/100
|turn|22
|
|t:|1779915176
|move|p2a: Dragapult|Shadow Ball|p1a: Clefable
|-damage|p1a: Clefable|15/100
|-unboost|p1a: Clefable|spd|1
|move|p1a: Clefable|Moonblast|p2a: Dragapult
|-supereffective|p2a: Dragapult
|-damage|p2a: Dragapult|0 fnt
|faint|p2a: Dragapult
|
|win|YoSoyDelBronx
|raw|YoSoyDelBronx's rating: 1186 &rarr; <strong>1213</strong><br />(+27 for winning)
|raw|jy_li's rating: 1215 &rarr; <strong>1188</strong><br />(-27 for losing)
|c|☆YoSoyDelBronx|gg
|c|☆jy_li|gg
|l|☆jy_li
|player|p2|
