|j|☆Mantis master1332
|j|☆lucius2002
|t:|1779814830
|gametype|singles
|player|p1|Mantis master1332|ghetsis|1056
|player|p2|lucius2002|veteran|1065
|gen|9
|tier|[Gen 9] OU
|rated|
|rule|HP Percentage Mod: HP is shown in percentages
|rule|Endless Battle Clause: Forcing endless battles is banned
|rule|Species Clause: Limit one of each Pokémon
|rule|OHKO Clause: OHKO moves are banned
|rule|Evasion Items Clause: Evasion items are banned
|rule|Evasion Moves Clause: Evasion moves are banned
|rule|Evasion Abilities Clause: Evasion abilities are banned
|rule|Sleep Moves Clause: Sleep-inducing moves are banned
|clearpoke
|poke|p1|Blaziken, M|
|poke|p1|Quaquaval, M|
|poke|p1|Decidueye-Hisui, M|
|poke|p1|Lilligant-Hisui, F|
|poke|p1|Falinks|
|poke|p1|Lucario, M|
|poke|p2|Meowscarada, F|
|poke|p2|Garganacl, M|
|poke|p2|Gallade, M|
|poke|p2|Tinkaton, F|
|poke|p2|Gyarados, M|
|poke|p2|Hydreigon, M|
|teampreview
|inactive|Battle timer is ON: inactive players will automatically lose when time's up. (requested by lucius2002)
|
|t:|1779814841
|teamsize|p1|6
|teamsize|p2|6
|start
|switch|p1a: Falinks|Falinks|100/100
|switch|p2a: Garganacl|Garganacl, M|100/100
|turn|1
|
|t:|1779814852
|move|p1a: Falinks|No Retreat|p1a: Falinks
|-boost|p1a: Falinks|atk|1
|-boost|p1a: Falinks|def|1
|-boost|p1a: Falinks|spa|1
|-boost|p1a: Falinks|spd|1
|-boost|p1a: Falinks|spe|1
|-start|p1a: Falinks|move: No Retreat
|move|p2a: Garganacl|Stealth Rock|p1a: Falinks
|-sidestart|p1: Mantis master1332|move: Stealth Rock
|
|upkeep
|turn|2
|
|t:|1779814862
|move|p2a: Garganacl|Protect|p2a: Garganacl
|-singleturn|p2a: Garganacl|Protect
|move|p1a: Falinks|Close Combat|p2a: Garganacl
|-activate|p2a: Garganacl|move: Protect
|
|upkeep
|turn|3
|
|t:|1779814876
|move|p1a: Falinks|High Horsepower|p2a: Garganacl
|-supereffective|p2a: Garganacl
|-damage|p2a: Garganacl|28/100
|-damage|p1a: Falinks|91/100|[from] item: Life Orb
|move|p2a: Garganacl|Salt Cure|p1a: Falinks
|-resisted|p1a: Falinks
|-damage|p1a: Falinks|85/100
|-start|p1a: Falinks|Salt Cure
|
|-heal|p2a: Garganacl|35/100|[from] item: Leftovers
|-damage|p1a: Falinks|73/100|[from] Salt Cure
|upkeep
|turn|4
|inactive|lucius2002 has 120 seconds left.
|inactive|lucius2002 has 90 seconds left.
|
|t:|1779814937
|move|p2a: Garganacl|Protect|p2a: Garganacl
|-singleturn|p2a: Garganacl|Protect
|move|p1a: Falinks|Close Combat|p2a: Garganacl
|-activate|p2a: Garganacl|move: Protect
|
|-heal|p2a: Garganacl|41/100|[from] item: Leftovers
|-damage|p1a: Falinks|61/100|[from] Salt Cure
|upkeep
|turn|5
|
|t:|1779814947
|move|p1a: Falinks|Close Combat|p2a: Garganacl
|-supereffective|p2a: Garganacl
|-damage|p2a: Garganacl|0 fnt
|-unboost|p1a: Falinks|def|1
|-unboost|p1a: Falinks|spd|1
|faint|p2a: Garganacl
|-damage|p1a: Falinks|51/100|[from] item: Life Orb
|
|-damage|p1a: Falinks|39/100|[from] Salt Cure
|upkeep
|inactive|lucius2002 has 90 seconds left.
|
|t:|1779814959
|switch|p2a: Gallade|Gallade, M|100/100
|turn|6
|
|t:|1779814967
|move|p1a: Falinks|High Horsepower|p2a: Gallade
|-damage|p2a: Gallade|10/100
|-damage|p1a: Falinks|29/100|[from] item: Life Orb
|move|p2a: Gallade|Psycho Cut|p1a: Falinks
|-supereffective|p1a: Falinks
|-damage|p1a: Falinks|0 fnt
|faint|p1a: Falinks
|-damage|p2a: Gallade|0 fnt|[from] item: Life Orb
|faint|p2a: Gallade
|
|upkeep
|inactive|lucius2002 has 90 seconds left.
|
|t:|1779814990
|switch|p2a: Meowscarada|Meowscarada, F|100/100
|switch|p1a: Lucario|Lucario, M|100/100
|-damage|p1a: Lucario|98/100|[from] Stealth Rock
|turn|7
|
|t:|1779815000
|move|p2a: Meowscarada|U-turn|p1a: Lucario
|-start|p2a: Meowscarada|typechange|Bug|[from] ability: Protean
|-resisted|p1a: Lucario
|-damage|p1a: Lucario|85/100
|
|t:|1779815005
|switch|p2a: Gyarados|Gyarados, M|100/100|[from] U-turn
|move|p1a: Lucario|Close Combat|p2a: Gyarados
|-resisted|p2a: Gyarados
|-crit|p2a: Gyarados
|-damage|p2a: Gyarados|46/100
|-unboost|p1a: Lucario|def|1
|-unboost|p1a: Lucario|spd|1
|
|upkeep
|turn|8
|inactive|lucius2002 has 90 seconds left.
|
|t:|1779815018
|move|p1a: Lucario|Extreme Speed|p2a: Gyarados
|-damage|p2a: Gyarados|15/100
|move|p2a: Gyarados|Waterfall|p1a: Lucario
|-damage|p1a: Lucario|0 fnt
|faint|p1a: Lucario
|-ability|p2a: Gyarados|Moxie|boost
|-boost|p2a: Gyarados|atk|1
|
|upkeep
|
|t:|1779815029
|switch|p1a: Quaquaval|Quaquaval, M|100/100
|-damage|p1a: Quaquaval|94/100|[from] Stealth Rock
|turn|9
|
|t:|1779815037
|move|p1a: Quaquaval|Aqua Step|p2a: Gyarados
|-resisted|p2a: Gyarados
|-damage|p2a: Gyarados|0 fnt
|-boost|p1a: Quaquaval|spe|1
|faint|p2a: Gyarados
|-ability|p1a: Quaquaval|Moxie|boost
|-boost|p1a: Quaquaval|atk|1
|
|upkeep
|
|t:|1779815046
|switch|p2a: Meowscarada|Meowscarada, F|100/100
|turn|10
|
|t:|1779815052
|move|p2a: Meowscarada|Flower Trick|p1a: Quaquaval
|-start|p2a: Meowscarada|typechange|Grass|[from] ability: Protean
|-supereffective|p1a: Quaquaval
|-crit|p1a: Quaquaval
|-damage|p1a: Quaquaval|0 fnt
|faint|p1a: Quaquaval
|
|upkeep
|
|t:|1779815060
|switch|p1a: Blaziken|Blaziken, M, shiny|100/100
|-damage|p1a: Blaziken|88/100|[from] Stealth Rock
|turn|11
|
|t:|1779815071
|switch|p2a: Tinkaton|Tinkaton, F|100/100
|-ability|p2a: Tinkaton|Mold Breaker
|-item|p2a: Tinkaton|Air Balloon
|move|p1a: Blaziken|Swords Dance|p1a: Blaziken
|-boost|p1a: Blaziken|atk|2
|
|-ability|p1a: Blaziken|Speed Boost|boost
|-boost|p1a: Blaziken|spe|1
|upkeep
|turn|12
|
|t:|1779815090
|move|p2a: Tinkaton|Fake Out|p1a: Blaziken
|-damage|p1a: Blaziken|77/100
|cant|p1a: Blaziken|flinch
|
|-ability|p1a: Blaziken|Speed Boost|boost
|-boost|p1a: Blaziken|spe|1
|upkeep
|turn|13
|
|t:|1779815098
|move|p1a: Blaziken|Flare Blitz|p2a: Tinkaton
|-supereffective|p2a: Tinkaton
|-damage|p2a: Tinkaton|0 fnt
|-enditem|p2a: Tinkaton|Air Balloon
|faint|p2a: Tinkaton
|-damage|p1a: Blaziken|36/100|[from] Recoil
|
|-ability|p1a: Blaziken|Speed Boost|boost
|-boost|p1a: Blaziken|spe|1
|upkeep
|
|t:|1779815101
|switch|p2a: Meowscarada|Meowscarada, F|100/100
|turn|14
|
|t:|1779815122
|-terastallize|p2a: Meowscarada|Ghost
|move|p1a: Blaziken|Flare Blitz|p2a: Meowscarada
|-damage|p2a: Meowscarada|0 fnt
|faint|p2a: Meowscarada
|-damage|p1a: Blaziken|4/100|[from] Recoil
|
|-ability|p1a: Blaziken|Speed Boost|boost
|-boost|p1a: Blaziken|spe|1
|upkeep
|-message|lucius2002 forfeited.
|
|win|Mantis master1332
|raw|Mantis master1332's rating: 1056 &rarr; <strong>1088</strong><br />(+32 for winning)
|raw|lucius2002's rating: 1065 &rarr; <strong>1045</strong><br />(-20 for losing)
|l|☆lucius2002
|player|p2|
|l|☆Mantis master1332
|player|p1|
