|j|☆claudechamp
|j|☆neon heat disease
|t:|1779811832
|gametype|singles
|player|p1|claudechamp|265|1284
|player|p2|neon heat disease|silver-gen2|1340
|gen|9
|tier|[Gen 9] OU
|rated|
|rule|HP Percentage Mod: HP is shown in percentages
|rule|Endless Battle Clause: Forcing endless battles is banned
|rule|Species Clause: Limit one of each Pokémon
|rule|OHKO Clause: OHKO moves are banned
|rule|Evasion Items Clause: Evasion items are banned
|rule|Evasion Moves Clause: Evasion moves are banned
|rule|Evasion Abilities Clause: Evasion abilities are banned
|rule|Sleep Moves Clause: Sleep-inducing moves are banned
|clearpoke
|poke|p1|Gliscor, M|
|poke|p1|Gholdengo|
|poke|p1|Zamazenta-*|
|poke|p1|Blissey, F|
|poke|p1|Skarmory, F|
|poke|p1|Pecharunt|
|poke|p2|Darkrai|
|poke|p2|Kingambit, F|
|poke|p2|Samurott-Hisui, F|
|poke|p2|Gholdengo|
|poke|p2|Primarina, M|
|poke|p2|Great Tusk|
|teampreview
|inactive|Battle timer is ON: inactive players will automatically lose when time's up. (requested by neon heat disease)
|c|☆claudechamp|hf
|inactive|claudechamp also wants the timer to be on.
|
|t:|1779811844
|teamsize|p1|6
|teamsize|p2|6
|start
|switch|p1a: Skarmory|Skarmory, F|100/100
|switch|p2a: Primarina|Primarina, M|100/100
|turn|1
|
|t:|1779811853
|move|p2a: Primarina|Hydro Pump|p1a: Skarmory
|-ability|p1a: Skarmory|Sturdy
|-damage|p1a: Skarmory|1/100
|move|p1a: Skarmory|Spikes|p2a: Primarina
|-sidestart|p2: neon heat disease|Spikes
|
|upkeep
|turn|2
|
|t:|1779811858
|switch|p1a: Blissey|Blissey, F|100/100
|move|p2a: Primarina|Hydro Pump|p1a: Blissey|[miss]
|-miss|p2a: Primarina|p1a: Blissey
|
|upkeep
|turn|3
|
|t:|1779811862
|switch|p2a: Samurott|Samurott-Hisui, F, shiny|100/100
|move|p1a: Blissey|Stealth Rock|p2a: Samurott
|-sidestart|p2: neon heat disease|move: Stealth Rock
|
|upkeep
|turn|4
|
|t:|1779811868
|switch|p1a: Gliscor|Gliscor, M|100/100
|move|p2a: Samurott|Sacred Sword|p1a: Gliscor
|-resisted|p1a: Gliscor
|-damage|p1a: Gliscor|85/100
|
|-status|p1a: Gliscor|tox|[from] item: Toxic Orb
|upkeep
|turn|5
|
|t:|1779811875
|move|p2a: Samurott|Razor Shell|p1a: Gliscor
|-supereffective|p1a: Gliscor
|-damage|p1a: Gliscor|8/100 tox
|-unboost|p1a: Gliscor|def|1
|move|p1a: Gliscor|Swords Dance|p1a: Gliscor
|-boost|p1a: Gliscor|atk|2
|
|-heal|p1a: Gliscor|21/100 tox|[from] ability: Poison Heal
|upkeep
|turn|6
|
|t:|1779811881
|switch|p1a: Zamazenta|Zamazenta|100/100
|-ability|p1a: Zamazenta|Dauntless Shield|boost
|-boost|p1a: Zamazenta|def|1
|move|p2a: Samurott|Ceaseless Edge|p1a: Zamazenta
|-resisted|p1a: Zamazenta
|-damage|p1a: Zamazenta|87/100
|-sidestart|p1: claudechamp|Spikes
|
|upkeep
|turn|7
|
|t:|1779811888
|switch|p2a: Gholdengo|Gholdengo|100/100
|-damage|p2a: Gholdengo|94/100|[from] Stealth Rock
|-item|p2a: Gholdengo|Air Balloon
|move|p1a: Zamazenta|Close Combat|p2a: Gholdengo
|-immune|p2a: Gholdengo
|
|upkeep
|turn|8
|
|t:|1779811894
|move|p1a: Zamazenta|Crunch|p2a: Gholdengo
|-supereffective|p2a: Gholdengo
|-damage|p2a: Gholdengo|39/100
|-enditem|p2a: Gholdengo|Air Balloon
|move|p2a: Gholdengo|Dazzling Gleam|p1a: Zamazenta
|-supereffective|p1a: Zamazenta
|-damage|p1a: Zamazenta|38/100
|
|upkeep
|turn|9
|
|t:|1779811905
|move|p1a: Zamazenta|Crunch|p2a: Gholdengo
|-supereffective|p2a: Gholdengo
|-damage|p2a: Gholdengo|0 fnt
|faint|p2a: Gholdengo
|
|upkeep
|
|t:|1779811921
|switch|p2a: Primarina|Primarina, M|100/100
|-damage|p2a: Primarina|88/100|[from] Spikes
|-damage|p2a: Primarina|76/100|[from] Stealth Rock
|turn|10
|
|t:|1779811940
|move|p1a: Zamazenta|Heavy Slam|p2a: Primarina
|-damage|p2a: Primarina|32/100
|move|p2a: Primarina|Moonblast|p1a: Zamazenta
|-supereffective|p1a: Zamazenta
|-damage|p1a: Zamazenta|0 fnt
|faint|p1a: Zamazenta
|
|upkeep
|
|t:|1779811948
|switch|p1a: Gliscor|Gliscor, M|21/100 tox
|turn|11
|
|t:|1779811966
|move|p1a: Gliscor|Earthquake|p2a: Primarina
|-damage|p2a: Primarina|0 fnt
|faint|p2a: Primarina
|
|-heal|p1a: Gliscor|33/100 tox|[from] ability: Poison Heal
|upkeep
|
|t:|1779811979
|switch|p2a: Darkrai|Darkrai|100/100
|-damage|p2a: Darkrai|88/100|[from] Spikes
|-damage|p2a: Darkrai|76/100|[from] Stealth Rock
|turn|12
|
|t:|1779811991
|move|p2a: Darkrai|Nasty Plot|p2a: Darkrai
|-boost|p2a: Darkrai|spa|2
|move|p1a: Gliscor|Knock Off|p2a: Darkrai
|-resisted|p2a: Darkrai
|-damage|p2a: Darkrai|61/100
|-enditem|p2a: Darkrai|Expert Belt|[from] move: Knock Off|[of] p1a: Gliscor
|
|-heal|p1a: Gliscor|46/100 tox|[from] ability: Poison Heal
|upkeep
|turn|13
|
|t:|1779811996
|move|p2a: Darkrai|Ice Beam|p1a: Gliscor
|-supereffective|p1a: Gliscor
|-damage|p1a: Gliscor|0 fnt
|faint|p1a: Gliscor
|
|upkeep
|
|t:|1779812001
|switch|p1a: Blissey|Blissey, F|100/100
|turn|14
|
|t:|1779812007
|move|p2a: Darkrai|Nasty Plot|p2a: Darkrai
|-boost|p2a: Darkrai|spa|2
|move|p1a: Blissey|Shadow Ball|p2a: Darkrai
|-resisted|p2a: Darkrai
|-damage|p2a: Darkrai|52/100
|-unboost|p2a: Darkrai|spd|1
|
|upkeep
|turn|15
|
|t:|1779812011
|move|p2a: Darkrai|Dark Pulse|p1a: Blissey
|-damage|p1a: Blissey|62/100
|move|p1a: Blissey|Shadow Ball|p2a: Darkrai
|-resisted|p2a: Darkrai
|-damage|p2a: Darkrai|38/100
|
|upkeep
|turn|16
|
|t:|1779812014
|-terastallize|p1a: Blissey|Dark
|move|p2a: Darkrai|Dark Pulse|p1a: Blissey
|-resisted|p1a: Blissey
|-damage|p1a: Blissey|42/100
|move|p1a: Blissey|Soft-Boiled|p1a: Blissey
|-heal|p1a: Blissey|92/100
|
|upkeep
|turn|17
|
|t:|1779812020
|move|p2a: Darkrai|Sludge Bomb|p1a: Blissey
|-damage|p1a: Blissey|63/100
|-status|p1a: Blissey|psn
|move|p1a: Blissey|Shadow Ball|p2a: Darkrai
|-resisted|p2a: Darkrai
|-damage|p2a: Darkrai|24/100
|
|-damage|p1a: Blissey|50/100 psn|[from] psn
|upkeep
|turn|18
|
|t:|1779812029
|-curestatus|p1a: Blissey|psn|[from] ability: Natural Cure|[silent]
|switch|p1a: Skarmory|Skarmory, F|1/100
|move|p2a: Darkrai|Sludge Bomb|p1a: Skarmory
|-immune|p1a: Skarmory
|
|upkeep
|turn|19
|
|t:|1779812033
|move|p2a: Darkrai|Dark Pulse|p1a: Skarmory
|-damage|p1a: Skarmory|0 fnt
|faint|p1a: Skarmory
|
|upkeep
|
|t:|1779812036
|switch|p1a: Blissey|Blissey, F, tera:Dark|50/100
|turn|20
|
|t:|1779812040
|-terastallize|p2a: Darkrai|Poison
|move|p2a: Darkrai|Sludge Bomb|p1a: Blissey
|-damage|p1a: Blissey|9/100
|move|p1a: Blissey|Shadow Ball|p2a: Darkrai
|-damage|p2a: Darkrai|0 fnt
|faint|p2a: Darkrai
|
|upkeep
|
|t:|1779812048
|switch|p2a: Samurott|Samurott-Hisui, F, shiny|100/100
|turn|21
|
|t:|1779812054
|move|p2a: Samurott|Ceaseless Edge|p1a: Blissey
|-resisted|p1a: Blissey
|-damage|p1a: Blissey|0 fnt
|-sidestart|p1: claudechamp|Spikes
|faint|p1a: Blissey
|
|upkeep
|
|t:|1779812060
|switch|p1a: Pecharunt|Pecharunt|100/100
|turn|22
|
|t:|1779812066
|move|p2a: Samurott|Ceaseless Edge|p1a: Pecharunt
|-supereffective|p1a: Pecharunt
|-damage|p1a: Pecharunt|55/100
|-sidestart|p1: claudechamp|Spikes
|move|p1a: Pecharunt|Toxic|p2a: Samurott
|-status|p2a: Samurott|tox
|-start|p2a: Samurott|confusion|[from] ability: Poison Puppeteer|[of] p1a: Pecharunt
|
|-damage|p2a: Samurott|94/100 tox|[from] psn
|upkeep
|turn|23
|
|t:|1779812074
|-activate|p2a: Samurott|confusion
|move|p2a: Samurott|Knock Off|p1a: Pecharunt
|-supereffective|p1a: Pecharunt
|-damage|p1a: Pecharunt|14/100
|-enditem|p1a: Pecharunt|Heavy-Duty Boots|[from] move: Knock Off|[of] p2a: Samurott
|move|p1a: Pecharunt|Recover|p1a: Pecharunt
|-heal|p1a: Pecharunt|64/100
|
|-damage|p2a: Samurott|82/100 tox|[from] psn
|upkeep
|turn|24
|
|t:|1779812079
|-activate|p2a: Samurott|confusion
|-damage|p2a: Samurott|67/100 tox|[from] confusion
|move|p1a: Pecharunt|Recover|p1a: Pecharunt
|-heal|p1a: Pecharunt|100/100
|
|-damage|p2a: Samurott|48/100 tox|[from] psn
|upkeep
|turn|25
|
|t:|1779812085
|-end|p2a: Samurott|confusion
|move|p2a: Samurott|Ceaseless Edge|p1a: Pecharunt
|-supereffective|p1a: Pecharunt
|-damage|p1a: Pecharunt|59/100
|move|p1a: Pecharunt|Shadow Ball|p2a: Samurott
|-resisted|p2a: Samurott
|-damage|p2a: Samurott|29/100 tox
|
|-damage|p2a: Samurott|5/100 tox|[from] psn
|upkeep
|turn|26
|
|t:|1779812092
|move|p2a: Samurott|Ceaseless Edge|p1a: Pecharunt
|-supereffective|p1a: Pecharunt
|-damage|p1a: Pecharunt|15/100
|move|p1a: Pecharunt|Recover|p1a: Pecharunt
|-heal|p1a: Pecharunt|65/100
|
|-damage|p2a: Samurott|0 fnt|[from] psn
|faint|p2a: Samurott
|upkeep
|
|t:|1779812095
|switch|p2a: Kingambit|Kingambit, F|100/100
|-damage|p2a: Kingambit|88/100|[from] Spikes
|-damage|p2a: Kingambit|82/100|[from] Stealth Rock
|-activate|p2a: Kingambit|ability: Supreme Overlord
|-start|p2a: Kingambit|fallen4|[silent]
|turn|27
|
|t:|1779812102
|move|p1a: Pecharunt|Shadow Ball|p2a: Kingambit
|-resisted|p2a: Kingambit
|-crit|p2a: Kingambit
|-damage|p2a: Kingambit|62/100
|move|p2a: Kingambit|Swords Dance|p2a: Kingambit
|-boost|p2a: Kingambit|atk|2
|
|-heal|p2a: Kingambit|68/100|[from] item: Leftovers
|upkeep
|turn|28
|
|t:|1779812110
|move|p1a: Pecharunt|Shadow Ball|p2a: Kingambit
|-resisted|p2a: Kingambit
|-damage|p2a: Kingambit|55/100
|move|p2a: Kingambit|Kowtow Cleave|p1a: Pecharunt
|-supereffective|p1a: Pecharunt
|-damage|p1a: Pecharunt|0 fnt
|faint|p1a: Pecharunt
|
|-heal|p2a: Kingambit|61/100|[from] item: Leftovers
|upkeep
|
|t:|1779812119
|switch|p1a: Gholdengo|Gholdengo|100/100
|-damage|p1a: Gholdengo|76/100|[from] Spikes
|turn|29
|
|t:|1779812127
|move|p1a: Gholdengo|Hex|p2a: Kingambit
|-resisted|p2a: Kingambit
|-damage|p2a: Kingambit|44/100
|move|p2a: Kingambit|Kowtow Cleave|p1a: Gholdengo
|-supereffective|p1a: Gholdengo
|-damage|p1a: Gholdengo|0 fnt
|faint|p1a: Gholdengo
|
|win|neon heat disease
|raw|claudechamp's rating: 1285 &rarr; <strong>1264</strong><br />(-21 for losing)
|raw|neon heat disease's rating: 1340 &rarr; <strong>1357</strong><br />(+17 for winning)
|c|☆claudechamp|gg
|c|☆neon heat disease|gg
