|j|☆bleedingcadaver
|j|☆newuser6967
|t:|1779866140
|gametype|singles
|player|p1|bleedingcadaver|miku-psychic|1341
|player|p2|newuser6967|169|1322
|gen|9
|tier|[Gen 9] OU
|rated|
|rule|HP Percentage Mod: HP is shown in percentages
|rule|Endless Battle Clause: Forcing endless battles is banned
|rule|Species Clause: Limit one of each Pokémon
|rule|OHKO Clause: OHKO moves are banned
|rule|Evasion Items Clause: Evasion items are banned
|rule|Evasion Moves Clause: Evasion moves are banned
|rule|Evasion Abilities Clause: Evasion abilities are banned
|rule|Sleep Moves Clause: Sleep-inducing moves are banned
|clearpoke
|poke|p1|Breloom, F|
|poke|p1|Gliscor, M|
|poke|p1|Moltres|
|poke|p1|Great Tusk|
|poke|p1|Hariyama, F|
|poke|p1|Weavile, M|
|poke|p2|Blaziken, M|
|poke|p2|Ninetales, M|
|poke|p2|Venusaur, M|
|poke|p2|Hatterene, F|
|poke|p2|Great Tusk|
|poke|p2|Walking Wake|
|teampreview
|
|t:|1779866166
|teamsize|p1|6
|teamsize|p2|6
|start
|switch|p1a: Gliscor|Gliscor, M|100/100
|switch|p2a: Ninetales|Ninetales, M|100/100
|-weather|SunnyDay|[from] ability: Drought|[of] p2a: Ninetales
|turn|1
|
|t:|1779866171
|switch|p2a: Hatterene|Hatterene, F|100/100
|move|p1a: Gliscor|Protect||[still]
|-fail|p1a: Gliscor
|
|-weather|SunnyDay|[upkeep]
|-status|p1a: Gliscor|tox|[from] item: Toxic Orb
|upkeep
|turn|2
|
|t:|1779866177
|move|p1a: Gliscor|Knock Off|p2a: Hatterene
|-damage|p2a: Hatterene|81/100
|-enditem|p2a: Hatterene|Eject Button|[from] move: Knock Off|[of] p1a: Gliscor
|move|p2a: Hatterene|Psychic Noise|p1a: Gliscor
|-damage|p1a: Gliscor|56/100 tox
|-start|p1a: Gliscor|move: Heal Block
|
|-weather|SunnyDay|[upkeep]
|upkeep
|turn|3
|
|t:|1779866198
|move|p1a: Gliscor|U-turn|p2a: Hatterene
|-damage|p2a: Hatterene|67/100
|inactive|Battle timer is ON: inactive players will automatically lose when time's up. (requested by newuser6967)
|
|t:|1779866220
|switch|p1a: Moltres|Moltres|100/100|[from] U-turn
|move|p2a: Hatterene|Psychic Noise|p1a: Moltres
|-damage|p1a: Moltres|70/100
|-start|p1a: Moltres|move: Heal Block
|
|-weather|SunnyDay|[upkeep]
|upkeep
|turn|4
|
|t:|1779866228
|switch|p2a: Walking Wake|Walking Wake|100/100
|-activate|p2a: Walking Wake|ability: Protosynthesis
|-start|p2a: Walking Wake|protosynthesisspe
|move|p1a: Moltres|Fire Blast|p2a: Walking Wake|[miss]
|-miss|p1a: Moltres|p2a: Walking Wake
|
|-weather|SunnyDay|[upkeep]
|-end|p1a: Moltres|move: Heal Block
|upkeep
|turn|5
|
|t:|1779866238
|switch|p1a: Breloom|Breloom, F|100/100
|move|p2a: Walking Wake|Hydro Steam|p1a: Breloom
|-resisted|p1a: Breloom
|-damage|p1a: Breloom|22/100
|
|-weather|SunnyDay|[upkeep]
|upkeep
|turn|6
|
|t:|1779866249
|move|p1a: Breloom|Mach Punch|p2a: Walking Wake
|-damage|p2a: Walking Wake|48/100
|move|p2a: Walking Wake|Hydro Steam|p1a: Breloom
|-resisted|p1a: Breloom
|-damage|p1a: Breloom|0 fnt
|faint|p1a: Breloom
|
|-weather|SunnyDay|[upkeep]
|upkeep
|
|t:|1779866266
|switch|p1a: Hariyama|Hariyama, F|100/100
|turn|7
|
|t:|1779866270
|-end|p2a: Walking Wake|Protosynthesis|[silent]
|switch|p2a: Hatterene|Hatterene, F|67/100
|move|p1a: Hariyama|Fake Out|p2a: Hatterene
|-damage|p2a: Hatterene|54/100
|
|-weather|SunnyDay|[upkeep]
|upkeep
|turn|8
|
|t:|1779866285
|switch|p1a: Weavile|Weavile, M|100/100
|-ability|p1a: Weavile|Pressure
|move|p2a: Hatterene|Pain Split|p1a: Weavile
|-sethp|p1a: Weavile|81/100|[from] move: Pain Split|[silent]
|-sethp|p2a: Hatterene|71/100|[from] move: Pain Split
|
|-weather|none
|upkeep
|turn|9
|
|t:|1779866291
|move|p1a: Weavile|Triple Axel|p2a: Hatterene
|-damage|p2a: Hatterene|61/100
|-damage|p2a: Hatterene|40/100
|-damage|p2a: Hatterene|12/100
|-hitcount|p2a: Hatterene|3
|move|p2a: Hatterene|Nuzzle|p1a: Weavile
|-damage|p1a: Weavile|73/100
|-status|p1a: Weavile|par
|
|upkeep
|turn|10
|
|t:|1779866297
|cant|p1a: Weavile|par
|move|p2a: Hatterene|Healing Wish|p2a: Hatterene
|faint|p2a: Hatterene
|
|upkeep
|
|t:|1779866299
|switch|p2a: Ninetales|Ninetales, M|100/100
|-weather|SunnyDay|[from] ability: Drought|[of] p2a: Ninetales
|turn|11
|
|t:|1779866310
|switch|p2a: Blaziken|Blaziken, M|100/100
|switch|p1a: Hariyama|Hariyama, F|100/100
|
|-weather|SunnyDay|[upkeep]
|upkeep
|turn|12
|
|t:|1779866314
|move|p1a: Hariyama|Fake Out|p2a: Blaziken
|-damage|p2a: Blaziken|77/100
|cant|p2a: Blaziken|flinch
|
|-weather|SunnyDay|[upkeep]
|-ability|p2a: Blaziken|Speed Boost|boost
|-boost|p2a: Blaziken|spe|1
|upkeep
|turn|13
|
|t:|1779866328
|move|p2a: Blaziken|Focus Energy|p2a: Blaziken
|-start|p2a: Blaziken|move: Focus Energy
|move|p1a: Hariyama|Knock Off|p2a: Blaziken
|-resisted|p2a: Blaziken
|-damage|p2a: Blaziken|50/100
|-enditem|p2a: Blaziken|Scope Lens|[from] move: Knock Off|[of] p1a: Hariyama
|
|-weather|SunnyDay|[upkeep]
|-ability|p2a: Blaziken|Speed Boost|boost
|-boost|p2a: Blaziken|spe|1
|upkeep
|turn|14
|
|t:|1779866337
|switch|p1a: Moltres|Moltres|70/100
|-terastallize|p2a: Blaziken|Fire
|move|p2a: Blaziken|Overheat|p1a: Moltres|[miss]
|-miss|p2a: Blaziken|p1a: Moltres
|
|-weather|SunnyDay|[upkeep]
|-ability|p2a: Blaziken|Speed Boost|boost
|-boost|p2a: Blaziken|spe|1
|upkeep
|turn|15
|
|t:|1779866343
|move|p2a: Blaziken|Overheat|p1a: Moltres|[miss]
|-miss|p2a: Blaziken|p1a: Moltres
|move|p1a: Moltres|U-turn|p2a: Blaziken
|-resisted|p2a: Blaziken
|-damage|p2a: Blaziken|38/100
|
|t:|1779866346
|switch|p1a: Hariyama|Hariyama, F|100/100|[from] U-turn
|
|-weather|SunnyDay|[upkeep]
|-ability|p2a: Blaziken|Speed Boost|boost
|-boost|p2a: Blaziken|spe|1
|upkeep
|turn|16
|
|t:|1779866348
|move|p1a: Hariyama|Fake Out|p2a: Blaziken
|-damage|p2a: Blaziken|16/100
|cant|p2a: Blaziken|flinch
|
|-weather|SunnyDay|[upkeep]
|-ability|p2a: Blaziken|Speed Boost|boost
|-boost|p2a: Blaziken|spe|1
|upkeep
|turn|17
|
|t:|1779866353
|switch|p1a: Weavile|Weavile, M|73/100 par
|-ability|p1a: Weavile|Pressure
|move|p2a: Blaziken|Overheat|p1a: Weavile
|-supereffective|p1a: Weavile
|-crit|p1a: Weavile
|-damage|p1a: Weavile|0 fnt
|-unboost|p2a: Blaziken|spa|2
|faint|p1a: Weavile
|
|-weather|SunnyDay|[upkeep]
|-ability|p2a: Blaziken|Speed Boost|boost
|-boost|p2a: Blaziken|spe|1
|upkeep
|
|t:|1779866356
|switch|p1a: Hariyama|Hariyama, F|100/100
|turn|18
|
|t:|1779866360
|switch|p2a: Great Tusk|Great Tusk|100/100
|-activate|p2a: Great Tusk|ability: Protosynthesis
|-start|p2a: Great Tusk|protosynthesisatk
|move|p1a: Hariyama|Fake Out|p2a: Great Tusk
|-damage|p2a: Great Tusk|90/100
|
|-weather|none
|-end|p2a: Great Tusk|Protosynthesis
|upkeep
|turn|19
|inactive|bleedingcadaver has 120 seconds left.
|
|t:|1779866392
|move|p2a: Great Tusk|Stealth Rock|p1a: Hariyama
|-sidestart|p1: bleedingcadaver|move: Stealth Rock
|move|p1a: Hariyama|Knock Off|p2a: Great Tusk
|-resisted|p2a: Great Tusk
|-damage|p2a: Great Tusk|79/100
|-enditem|p2a: Great Tusk|Heavy-Duty Boots|[from] move: Knock Off|[of] p1a: Hariyama
|
|upkeep
|turn|20
|
|t:|1779866401
|-end|p2a: Great Tusk|Protosynthesis|[silent]
|switch|p2a: Ninetales|Ninetales, M|100/100
|-weather|SunnyDay|[from] ability: Drought|[of] p2a: Ninetales
|switch|p1a: Great Tusk|Great Tusk|100/100
|-damage|p1a: Great Tusk|97/100|[from] Stealth Rock
|-activate|p1a: Great Tusk|ability: Protosynthesis
|-start|p1a: Great Tusk|protosynthesisdef
|
|-weather|SunnyDay|[upkeep]
|-heal|p1a: Great Tusk|100/100|[from] item: Leftovers
|upkeep
|turn|21
|
|t:|1779866408
|move|p2a: Ninetales|Will-O-Wisp|p1a: Great Tusk
|-status|p1a: Great Tusk|brn
|move|p1a: Great Tusk|Rapid Spin|p2a: Ninetales
|-damage|p2a: Ninetales|92/100
|-boost|p1a: Great Tusk|spe|1
|-sideend|p1: bleedingcadaver|Stealth Rock|[from] move: Rapid Spin|[of] p1a: Great Tusk
|
|-weather|SunnyDay|[upkeep]
|-damage|p1a: Great Tusk|94/100 brn|[from] brn
|upkeep
|turn|22
|
|t:|1779866413
|move|p1a: Great Tusk|Bulk Up|p1a: Great Tusk
|-boost|p1a: Great Tusk|atk|1
|-boost|p1a: Great Tusk|def|1
|move|p2a: Ninetales|Memento|p1a: Great Tusk
|-unboost|p1a: Great Tusk|atk|2
|-unboost|p1a: Great Tusk|spa|2
|faint|p2a: Ninetales
|
|-weather|SunnyDay|[upkeep]
|-heal|p1a: Great Tusk|100/100 brn|[from] item: Leftovers
|-damage|p1a: Great Tusk|94/100 brn|[from] brn
|upkeep
|
|t:|1779866423
|switch|p2a: Venusaur|Venusaur, M|100/100
|turn|23
|
|t:|1779866427
|move|p2a: Venusaur|Growth|p2a: Venusaur
|-boost|p2a: Venusaur|atk|2
|-boost|p2a: Venusaur|spa|2
|move|p1a: Great Tusk|Bulk Up|p1a: Great Tusk
|-boost|p1a: Great Tusk|atk|1
|-boost|p1a: Great Tusk|def|1
|
|-weather|SunnyDay|[upkeep]
|-heal|p1a: Great Tusk|100/100 brn|[from] item: Leftovers
|-damage|p1a: Great Tusk|94/100 brn|[from] brn
|upkeep
|turn|24
|
|t:|1779866432
|-terastallize|p1a: Great Tusk|Fighting
|move|p2a: Venusaur|Giga Drain|p1a: Great Tusk
|-damage|p1a: Great Tusk|0 fnt
|faint|p1a: Great Tusk
|-end|p1a: Great Tusk|Protosynthesis|[silent]
|-damage|p2a: Venusaur|91/100|[from] item: Life Orb
|
|-weather|SunnyDay|[upkeep]
|upkeep
|
|t:|1779866440
|switch|p1a: Hariyama|Hariyama, F|100/100
|turn|25
|
|t:|1779866443
|move|p1a: Hariyama|Fake Out|p2a: Venusaur
|-damage|p2a: Venusaur|73/100
|cant|p2a: Venusaur|flinch
|
|-weather|SunnyDay|[upkeep]
|upkeep
|turn|26
|
|t:|1779866448
|switch|p1a: Gliscor|Gliscor, M|56/100 tox
|move|p2a: Venusaur|Giga Drain|p1a: Gliscor
|-damage|p1a: Gliscor|0 fnt
|-heal|p2a: Venusaur|100/100|[from] drain|[of] p1a: Gliscor
|faint|p1a: Gliscor
|-damage|p2a: Venusaur|91/100|[from] item: Life Orb
|
|-weather|SunnyDay|[upkeep]
|upkeep
|
|t:|1779866450
|switch|p1a: Moltres|Moltres|70/100
|turn|27
|
|t:|1779866454
|move|p2a: Venusaur|Sludge Bomb|p1a: Moltres
|-damage|p1a: Moltres|0 fnt
|faint|p1a: Moltres
|-damage|p2a: Venusaur|81/100|[from] item: Life Orb
|
|-weather|none
|upkeep
|
|t:|1779866456
|switch|p1a: Hariyama|Hariyama, F|100/100
|turn|28
|
|t:|1779866459
|move|p1a: Hariyama|Fake Out|p2a: Venusaur
|-damage|p2a: Venusaur|63/100
|cant|p2a: Venusaur|flinch
|
|upkeep
|turn|29
|
|t:|1779866461
|move|p2a: Venusaur|Sludge Bomb|p1a: Hariyama
|-damage|p1a: Hariyama|2/100
|-damage|p2a: Venusaur|53/100|[from] item: Life Orb
|move|p1a: Hariyama|Knock Off|p2a: Venusaur
|-damage|p2a: Venusaur|9/100
|-enditem|p2a: Venusaur|Life Orb|[from] move: Knock Off|[of] p1a: Hariyama
|
|-heal|p1a: Hariyama|8/100|[from] item: Leftovers
|upkeep
|turn|30
|-message|bleedingcadaver forfeited.
|
|win|newuser6967
|raw|bleedingcadaver's rating: 1328 &rarr; <strong>1308</strong><br />(-20 for losing)
|raw|newuser6967's rating: 1322 &rarr; <strong>1342</strong><br />(+20 for winning)
|l|☆bleedingcadaver
|player|p1|
|l|☆newuser6967
|player|p2|
