|j|☆Yangyi_31
|j|☆alnaki
|t:|1779966881
|gametype|singles
|player|p1|Yangyi_31|102|1061
|player|p2|alnaki|266|1036
|gen|9
|tier|[Gen 9] OU
|rated|
|rule|HP Percentage Mod: HP is shown in percentages
|rule|Endless Battle Clause: Forcing endless battles is banned
|rule|Species Clause: Limit one of each Pokémon
|rule|OHKO Clause: OHKO moves are banned
|rule|Evasion Items Clause: Evasion items are banned
|rule|Evasion Moves Clause: Evasion moves are banned
|rule|Evasion Abilities Clause: Evasion abilities are banned
|rule|Sleep Moves Clause: Sleep-inducing moves are banned
|clearpoke
|poke|p1|Mimikyu, F|
|poke|p1|Gardevoir, F|
|poke|p1|Meowscarada, M|
|poke|p1|Garchomp, F|
|poke|p1|Umbreon, F|
|poke|p1|Gengar, F|
|poke|p2|Dragapult, F|
|poke|p2|Garganacl, F|
|poke|p2|Iron Crown|
|poke|p2|Kingambit, M|
|poke|p2|Ogerpon-Wellspring, F|
|poke|p2|Ting-Lu|
|teampreview
|inactive|Battle timer is ON: inactive players will automatically lose when time's up. (requested by Yangyi_31)
|c|☆Yangyi_31|hi
|inactive|alnaki has 120 seconds left.
|inactive|alnaki has 90 seconds left.
|inactive|alnaki has 60 seconds left.
|c|☆Yangyi_31|r u kinding？
|c|☆alnaki|srry
|
|t:|1779967019
|teamsize|p1|6
|teamsize|p2|6
|start
|switch|p1a: Mimikyu|Mimikyu, F|100/100
|switch|p2a: Dragapult|Dragapult, F|100/100
|turn|1
|c|☆Yangyi_31|ok im noob
|
|t:|1779967032
|move|p2a: Dragapult|Shadow Ball|p1a: Mimikyu
|-activate|p1a: Mimikyu|ability: Disguise
|-damage|p1a: Mimikyu|100/100
|-unboost|p1a: Mimikyu|spd|1
|detailschange|p1a: Mimikyu|Mimikyu-Busted, F
|-damage|p1a: Mimikyu|88/100|[from] pokemon: Mimikyu-Busted
|move|p1a: Mimikyu|Swords Dance|p1a: Mimikyu
|-boost|p1a: Mimikyu|atk|2
|
|upkeep
|turn|2
|
|t:|1779967045
|move|p1a: Mimikyu|Shadow Sneak|p2a: Dragapult
|-supereffective|p2a: Dragapult
|-damage|p2a: Dragapult|0 fnt
|faint|p2a: Dragapult
|-damage|p1a: Mimikyu|78/100|[from] item: Life Orb
|
|upkeep
|
|t:|1779967066
|switch|p2a: Kingambit|Kingambit, M|100/100
|-activate|p2a: Kingambit|ability: Supreme Overlord
|-start|p2a: Kingambit|fallen1|[silent]
|turn|3
|
|t:|1779967078
|switch|p1a: Garchomp|Garchomp, F|100/100
|move|p2a: Kingambit|Swords Dance|p2a: Kingambit
|-boost|p2a: Kingambit|atk|2
|
|upkeep
|turn|4
|
|t:|1779967088
|move|p2a: Kingambit|Sucker Punch|p1a: Garchomp
|-damage|p1a: Garchomp|27/100
|-damage|p2a: Kingambit|88/100|[from] ability: Rough Skin|[of] p1a: Garchomp
|move|p1a: Garchomp|Earthquake|p2a: Kingambit
|-supereffective|p2a: Kingambit
|-damage|p2a: Kingambit|24/100
|-enditem|p2a: Kingambit|Sitrus Berry|[eat]
|-heal|p2a: Kingambit|49/100|[from] item: Sitrus Berry
|
|upkeep
|turn|5
|
|t:|1779967098
|move|p1a: Garchomp|Stealth Rock|p2a: Kingambit
|-sidestart|p2: alnaki|move: Stealth Rock
|move|p2a: Kingambit|Iron Head|p1a: Garchomp
|-damage|p1a: Garchomp|0 fnt
|-damage|p2a: Kingambit|36/100|[from] ability: Rough Skin|[of] p1a: Garchomp
|faint|p1a: Garchomp
|
|upkeep
|c|☆Yangyi_31|why
|c|☆alnaki|wdym
|inactive|Yangyi_31 has 120 seconds left.
|
|t:|1779967131
|switch|p1a: Gengar|Gengar, F|100/100
|turn|6
|
|t:|1779967150
|move|p2a: Kingambit|Sucker Punch||[still]
|-fail|p2a: Kingambit
|move|p1a: Gengar|Destiny Bond|p1a: Gengar
|-singlemove|p1a: Gengar|Destiny Bond
|
|upkeep
|turn|7
|
|t:|1779967167
|move|p2a: Kingambit|Sucker Punch||[still]
|-fail|p2a: Kingambit
|move|p1a: Gengar|Will-O-Wisp|p2a: Kingambit
|-status|p2a: Kingambit|brn
|
|-damage|p2a: Kingambit|30/100 brn|[from] brn
|upkeep
|turn|8
|
|t:|1779967176
|switch|p1a: Umbreon|Umbreon, F|100/100
|move|p2a: Kingambit|Sucker Punch||[still]
|-fail|p2a: Kingambit
|
|-damage|p2a: Kingambit|24/100 brn|[from] brn
|upkeep
|turn|9
|
|t:|1779967190
|move|p1a: Umbreon|Snarl|p2a: Kingambit
|-resisted|p2a: Kingambit
|-damage|p2a: Kingambit|18/100 brn
|-unboost|p2a: Kingambit|spa|1
|move|p2a: Kingambit|Iron Head|p1a: Umbreon
|-damage|p1a: Umbreon|61/100
|
|-heal|p1a: Umbreon|67/100|[from] item: Leftovers
|-damage|p2a: Kingambit|11/100 brn|[from] brn
|upkeep
|turn|10
|
|t:|1779967202
|move|p1a: Umbreon|Foul Play|p2a: Kingambit
|-resisted|p2a: Kingambit
|-damage|p2a: Kingambit|0 fnt
|faint|p2a: Kingambit
|-end|p2a: Kingambit|fallen1|[silent]
|
|-heal|p1a: Umbreon|73/100|[from] item: Leftovers
|upkeep
|
|t:|1779967208
|switch|p2a: Iron Crown|Iron Crown|100/100
|-damage|p2a: Iron Crown|94/100|[from] Stealth Rock
|-enditem|p2a: Iron Crown|Booster Energy
|-activate|p2a: Iron Crown|ability: Quark Drive|[fromitem]
|-start|p2a: Iron Crown|quarkdrivespa
|turn|11
|
|t:|1779967220
|move|p2a: Iron Crown|Calm Mind|p2a: Iron Crown
|-boost|p2a: Iron Crown|spa|1
|-boost|p2a: Iron Crown|spd|1
|move|p1a: Umbreon|Roar|p2a: Iron Crown
|-end|p2a: Iron Crown|Quark Drive|[silent]
|drag|p2a: Ogerpon|Ogerpon-Wellspring, F|100/100
|-damage|p2a: Ogerpon|88/100|[from] Stealth Rock
|
|-heal|p1a: Umbreon|79/100|[from] item: Leftovers
|upkeep
|turn|12
|
|t:|1779967233
|move|p2a: Ogerpon|U-turn|p1a: Umbreon
|-supereffective|p1a: Umbreon
|-damage|p1a: Umbreon|37/100
|
|t:|1779967237
|switch|p2a: Ting-Lu|Ting-Lu|100/100|[from] U-turn
|-damage|p2a: Ting-Lu|94/100|[from] Stealth Rock
|-ability|p2a: Ting-Lu|Vessel of Ruin
|move|p1a: Umbreon|Foul Play|p2a: Ting-Lu
|-resisted|p2a: Ting-Lu
|-damage|p2a: Ting-Lu|85/100
|-damage|p1a: Umbreon|20/100|[from] item: Rocky Helmet|[of] p2a: Ting-Lu
|
|-heal|p1a: Umbreon|26/100|[from] item: Leftovers
|upkeep
|turn|13
|inactive|alnaki has 120 seconds left.
|
|t:|1779967257
|switch|p1a: Meowscarada|Meowscarada, M|100/100
|move|p2a: Ting-Lu|Stealth Rock|p1a: Meowscarada
|-sidestart|p1: Yangyi_31|move: Stealth Rock
|
|upkeep
|turn|14
|inactive|alnaki has 120 seconds left.
|
|t:|1779967278
|switch|p2a: Garganacl|Garganacl, F|100/100
|-damage|p2a: Garganacl|88/100|[from] Stealth Rock
|-terastallize|p1a: Meowscarada|Grass
|move|p1a: Meowscarada|Flower Trick|p2a: Garganacl
|-supereffective|p2a: Garganacl
|-crit|p2a: Garganacl
|-damage|p2a: Garganacl|10/100
|
|-heal|p2a: Garganacl|16/100|[from] item: Leftovers
|upkeep
|turn|15
|
|t:|1779967290
|move|p2a: Garganacl|Protect|p2a: Garganacl
|-singleturn|p2a: Garganacl|Protect
|move|p1a: Meowscarada|Flower Trick|p2a: Garganacl
|-activate|p2a: Garganacl|move: Protect
|
|-heal|p2a: Garganacl|23/100|[from] item: Leftovers
|upkeep
|turn|16
|inactive|alnaki has 120 seconds left.
|
|t:|1779967304
|switch|p2a: Iron Crown|Iron Crown|94/100
|-damage|p2a: Iron Crown|88/100|[from] Stealth Rock
|move|p1a: Meowscarada|Knock Off|p2a: Iron Crown
|-supereffective|p2a: Iron Crown
|-damage|p2a: Iron Crown|23/100
|
|upkeep
|turn|17
|inactive|alnaki has 120 seconds left.
|c|☆Yangyi_31|im not choice haha
|
|t:|1779967322
|-end|p2a: Iron Crown|Quark Drive|[silent]
|switch|p2a: Ogerpon|Ogerpon-Wellspring, F|88/100
|-damage|p2a: Ogerpon|76/100|[from] Stealth Rock
|move|p1a: Meowscarada|Knock Off|p2a: Ogerpon
|-damage|p2a: Ogerpon|38/100
|
|upkeep
|turn|18
|
|t:|1779967334
|move|p1a: Meowscarada|Flower Trick|p2a: Ogerpon
|-crit|p2a: Ogerpon
|-damage|p2a: Ogerpon|0 fnt
|faint|p2a: Ogerpon
|
|upkeep
|
|t:|1779967338
|switch|p2a: Ting-Lu|Ting-Lu|85/100
|-damage|p2a: Ting-Lu|79/100|[from] Stealth Rock
|-ability|p2a: Ting-Lu|Vessel of Ruin
|turn|19
|
|t:|1779967345
|move|p1a: Meowscarada|Flower Trick|p2a: Ting-Lu
|-supereffective|p2a: Ting-Lu
|-crit|p2a: Ting-Lu
|-damage|p2a: Ting-Lu|8/100
|move|p2a: Ting-Lu|Ruination|p1a: Meowscarada|[miss]
|-miss|p2a: Ting-Lu|p1a: Meowscarada
|
|upkeep
|turn|20
|
|t:|1779967352
|move|p1a: Meowscarada|Flower Trick|p2a: Ting-Lu
|-supereffective|p2a: Ting-Lu
|-crit|p2a: Ting-Lu
|-damage|p2a: Ting-Lu|0 fnt
|faint|p2a: Ting-Lu
|
|upkeep
|c|☆alnaki|gg
|-message|alnaki forfeited.
|
|win|Yangyi_31
|raw|Yangyi_31's rating: 1061 &rarr; <strong>1090</strong><br />(+29 for winning)
|raw|alnaki's rating: 1036 &rarr; <strong>1022</strong><br />(-14 for losing)
|l|☆alnaki
|player|p2|
