|j|☆SmithingLucki
|j|☆spreadcrosser
|t:|1779942687
|gametype|singles
|player|p1|SmithingLucki|byron|1328
|player|p2|spreadcrosser|169|1398
|gen|9
|tier|[Gen 9] OU
|rated|
|rule|HP Percentage Mod: HP is shown in percentages
|rule|Endless Battle Clause: Forcing endless battles is banned
|rule|Species Clause: Limit one of each Pokémon
|rule|OHKO Clause: OHKO moves are banned
|rule|Evasion Items Clause: Evasion items are banned
|rule|Evasion Moves Clause: Evasion moves are banned
|rule|Evasion Abilities Clause: Evasion abilities are banned
|rule|Sleep Moves Clause: Sleep-inducing moves are banned
|clearpoke
|poke|p1|Clodsire, F|
|poke|p1|Mandibuzz, F|
|poke|p1|Clefable, F|
|poke|p1|Garganacl, F|
|poke|p1|Cinderace, M|
|poke|p1|Kyurem|
|poke|p2|Iron Hands|
|poke|p2|Greninja-*, M|
|poke|p2|Cinderace, F|
|poke|p2|Zapdos|
|poke|p2|Great Tusk|
|poke|p2|Iron Moth|
|teampreview
|
|t:|1779942690
|teamsize|p1|6
|teamsize|p2|6
|start
|switch|p1a: Garganacl|Garganacl, F|100/100
|switch|p2a: Cinderace|Cinderace, F|100/100
|turn|1
|
|t:|1779942709
|move|p2a: Cinderace|High Jump Kick|p1a: Garganacl
|-start|p2a: Cinderace|typechange|Fighting|[from] ability: Libero
|-supereffective|p1a: Garganacl
|-damage|p1a: Garganacl|0 fnt
|faint|p1a: Garganacl
|
|upkeep
|
|t:|1779942716
|switch|p1a: Clefable|Clefable, F|100/100
|turn|2
|
|t:|1779942727
|switch|p2a: Iron Moth|Iron Moth|100/100
|-enditem|p2a: Iron Moth|Booster Energy
|-activate|p2a: Iron Moth|ability: Quark Drive|[fromitem]
|-start|p2a: Iron Moth|quarkdrivespe
|move|p1a: Clefable|Calm Mind|p1a: Clefable
|-boost|p1a: Clefable|spa|1
|-boost|p1a: Clefable|spd|1
|
|upkeep
|turn|3
|
|t:|1779942738
|-terastallize|p1a: Clefable|Poison
|move|p2a: Iron Moth|Sludge Wave|p1a: Clefable
|-resisted|p1a: Clefable
|-damage|p1a: Clefable|85/100
|move|p1a: Clefable|Thunder Wave|p2a: Iron Moth
|-status|p2a: Iron Moth|par
|
|-heal|p1a: Clefable|91/100|[from] item: Leftovers
|upkeep
|turn|4
|
|t:|1779942749
|move|p2a: Iron Moth|Psychic|p1a: Clefable
|-supereffective|p1a: Clefable
|-damage|p1a: Clefable|50/100
|move|p1a: Clefable|Calm Mind|p1a: Clefable
|-boost|p1a: Clefable|spa|1
|-boost|p1a: Clefable|spd|1
|
|-heal|p1a: Clefable|56/100|[from] item: Leftovers
|upkeep
|turn|5
|
|t:|1779942766
|-end|p2a: Iron Moth|Quark Drive|[silent]
|switch|p2a: Great Tusk|Great Tusk|100/100
|move|p1a: Clefable|Moonlight|p1a: Clefable
|-heal|p1a: Clefable|100/100
|
|upkeep
|turn|6
|
|t:|1779942775
|-terastallize|p2a: Great Tusk|Grass
|move|p2a: Great Tusk|Earthquake|p1a: Clefable
|-supereffective|p1a: Clefable
|-damage|p1a: Clefable|26/100
|move|p1a: Clefable|Moonblast|p2a: Great Tusk
|-damage|p2a: Great Tusk|45/100
|
|-heal|p1a: Clefable|32/100|[from] item: Leftovers
|upkeep
|turn|7
|
|t:|1779942786
|switch|p1a: Mandibuzz|Mandibuzz, F|100/100
|move|p2a: Great Tusk|Earthquake|p1a: Mandibuzz
|-immune|p1a: Mandibuzz
|
|upkeep
|turn|8
|inactive|Battle timer is ON: inactive players will automatically lose when time's up. (requested by spreadcrosser)
|
|t:|1779942796
|-end|p2a: Great Tusk|Protosynthesis|[silent]
|switch|p2a: Zapdos|Zapdos|100/100
|move|p1a: Mandibuzz|Foul Play|p2a: Zapdos
|-damage|p2a: Zapdos|70/100
|
|upkeep
|turn|9
|
|t:|1779942812
|switch|p2a: Iron Hands|Iron Hands|100/100
|-enditem|p2a: Iron Hands|Booster Energy
|-activate|p2a: Iron Hands|ability: Quark Drive|[fromitem]
|-start|p2a: Iron Hands|quarkdriveatk
|switch|p1a: Clodsire|Clodsire, F|100/100
|
|upkeep
|turn|10
|
|t:|1779942820
|move|p1a: Clodsire|Protect|p1a: Clodsire
|-singleturn|p1a: Clodsire|Protect
|move|p2a: Iron Hands|Earthquake|p1a: Clodsire
|-activate|p1a: Clodsire|move: Protect
|
|upkeep
|turn|11
|
|t:|1779942827
|move|p2a: Iron Hands|Swords Dance|p2a: Iron Hands
|-boost|p2a: Iron Hands|atk|2
|move|p1a: Clodsire|Toxic|p2a: Iron Hands
|-status|p2a: Iron Hands|tox
|
|-damage|p2a: Iron Hands|94/100 tox|[from] psn
|upkeep
|turn|12
|
|t:|1779942836
|switch|p1a: Mandibuzz|Mandibuzz, F|100/100
|move|p2a: Iron Hands|Swords Dance|p2a: Iron Hands
|-boost|p2a: Iron Hands|atk|2
|
|-damage|p2a: Iron Hands|82/100 tox|[from] psn
|upkeep
|turn|13
|
|t:|1779942846
|switch|p1a: Clodsire|Clodsire, F|100/100
|move|p2a: Iron Hands|Ice Punch|p1a: Clodsire
|-supereffective|p1a: Clodsire
|-damage|p1a: Clodsire|0 fnt
|faint|p1a: Clodsire
|
|-damage|p2a: Iron Hands|64/100 tox|[from] psn
|upkeep
|
|t:|1779942857
|switch|p1a: Kyurem|Kyurem|100/100
|-ability|p1a: Kyurem|Pressure
|turn|14
|
|t:|1779942862
|move|p1a: Kyurem|Protect|p1a: Kyurem
|-singleturn|p1a: Kyurem|Protect
|move|p2a: Iron Hands|Earthquake|p1a: Kyurem
|-activate|p1a: Kyurem|move: Protect
|
|-damage|p2a: Iron Hands|39/100 tox|[from] psn
|upkeep
|turn|15
|
|t:|1779942871
|-end|p2a: Iron Hands|Quark Drive|[silent]
|switch|p2a: Zapdos|Zapdos|70/100
|move|p1a: Kyurem|Substitute|p1a: Kyurem
|-start|p1a: Kyurem|Substitute
|-damage|p1a: Kyurem|75/100
|
|-heal|p1a: Kyurem|82/100|[from] item: Leftovers
|upkeep
|turn|16
|
|t:|1779942879
|move|p1a: Kyurem|Protect|p1a: Kyurem
|-singleturn|p1a: Kyurem|Protect
|move|p2a: Zapdos|Heat Wave|p1a: Kyurem
|-activate|p1a: Kyurem|move: Protect
|
|-heal|p1a: Kyurem|88/100|[from] item: Leftovers
|upkeep
|turn|17
|
|t:|1779942889
|move|p2a: Zapdos|Heat Wave|p1a: Kyurem
|-end|p1a: Kyurem|Substitute
|move|p1a: Kyurem|Freeze-Dry|p2a: Zapdos
|-supereffective|p2a: Zapdos
|-damage|p2a: Zapdos|0 fnt
|faint|p2a: Zapdos
|
|-heal|p1a: Kyurem|94/100|[from] item: Leftovers
|upkeep
|
|t:|1779942895
|switch|p2a: Cinderace|Cinderace, F|100/100
|turn|18
|
|t:|1779942902
|move|p1a: Kyurem|Protect|p1a: Kyurem
|-singleturn|p1a: Kyurem|Protect
|move|p2a: Cinderace|High Jump Kick|p1a: Kyurem
|-start|p2a: Cinderace|typechange|Fighting|[from] ability: Libero
|-activate|p1a: Kyurem|move: Protect
|-damage|p2a: Cinderace|51/100|[from] highjumpkick
|
|-heal|p1a: Kyurem|99/100|[from] item: Leftovers
|upkeep
|turn|19
|
|t:|1779942920
|switch|p1a: Clefable|Clefable, F, tera:Poison|32/100
|move|p2a: Cinderace|High Jump Kick|p1a: Clefable
|-resisted|p1a: Clefable
|-damage|p1a: Clefable|0 fnt
|faint|p1a: Clefable
|
|upkeep
|
|t:|1779942938
|switch|p1a: Mandibuzz|Mandibuzz, F|100/100
|turn|20
|
|t:|1779942946
|switch|p2a: Great Tusk|Great Tusk, tera:Grass|45/100
|move|p1a: Mandibuzz|Knock Off|p2a: Great Tusk
|-damage|p2a: Great Tusk|30/100
|-enditem|p2a: Great Tusk|Assault Vest|[from] move: Knock Off|[of] p1a: Mandibuzz
|
|upkeep
|turn|21
|
|t:|1779942955
|move|p2a: Great Tusk|Ice Spinner|p1a: Mandibuzz
|-supereffective|p1a: Mandibuzz
|-damage|p1a: Mandibuzz|62/100
|move|p1a: Mandibuzz|Toxic|p2a: Great Tusk
|-status|p2a: Great Tusk|tox
|
|-heal|p1a: Mandibuzz|68/100|[from] item: Leftovers
|-damage|p2a: Great Tusk|24/100 tox|[from] psn
|upkeep
|turn|22
|
|t:|1779942965
|-end|p2a: Great Tusk|Protosynthesis|[silent]
|switch|p2a: Iron Hands|Iron Hands|39/100 tox
|move|p1a: Mandibuzz|Knock Off|p2a: Iron Hands
|-resisted|p2a: Iron Hands
|-damage|p2a: Iron Hands|34/100 tox
|
|-heal|p1a: Mandibuzz|74/100|[from] item: Leftovers
|-damage|p2a: Iron Hands|28/100 tox|[from] psn
|upkeep
|turn|23
|
|t:|1779942974
|move|p1a: Mandibuzz|Foul Play|p2a: Iron Hands
|-resisted|p2a: Iron Hands
|-damage|p2a: Iron Hands|9/100 tox
|move|p2a: Iron Hands|Swords Dance|p2a: Iron Hands
|-boost|p2a: Iron Hands|atk|2
|
|-heal|p1a: Mandibuzz|81/100|[from] item: Leftovers
|-damage|p2a: Iron Hands|0 fnt|[from] psn
|faint|p2a: Iron Hands
|-end|p2a: Iron Hands|Quark Drive|[silent]
|upkeep
|
|t:|1779942986
|switch|p2a: Cinderace|Cinderace, F|51/100
|turn|24
|
|t:|1779942991
|move|p2a: Cinderace|Pyro Ball|p1a: Mandibuzz
|-damage|p1a: Mandibuzz|10/100
|move|p1a: Mandibuzz|Roost|p1a: Mandibuzz
|-heal|p1a: Mandibuzz|61/100
|-singleturn|p1a: Mandibuzz|move: Roost
|
|-heal|p1a: Mandibuzz|67/100|[from] item: Leftovers
|upkeep
|turn|25
|
|t:|1779943000
|switch|p1a: Cinderace|Cinderace, M|100/100
|move|p2a: Cinderace|Pyro Ball|p1a: Cinderace
|-resisted|p1a: Cinderace
|-damage|p1a: Cinderace|48/100
|
|upkeep
|turn|26
|
|t:|1779943010
|move|p2a: Cinderace|Pyro Ball|p1a: Cinderace
|-resisted|p1a: Cinderace
|-damage|p1a: Cinderace|0 fnt
|faint|p1a: Cinderace
|
|upkeep
|
|t:|1779943015
|switch|p1a: Kyurem|Kyurem|99/100
|-ability|p1a: Kyurem|Pressure
|turn|27
|
|t:|1779943025
|move|p2a: Cinderace|Pyro Ball|p1a: Kyurem
|-damage|p1a: Kyurem|26/100
|move|p1a: Kyurem|Earth Power|p2a: Cinderace
|-supereffective|p2a: Cinderace
|-damage|p2a: Cinderace|0 fnt
|faint|p2a: Cinderace
|
|-heal|p1a: Kyurem|32/100|[from] item: Leftovers
|upkeep
|
|t:|1779943035
|switch|p2a: Greninja|Greninja, M|100/100
|turn|28
|
|t:|1779943045
|move|p2a: Greninja|Dark Pulse|p1a: Kyurem
|-damage|p1a: Kyurem|0 fnt
|faint|p1a: Kyurem
|-ability|p2a: Greninja|Battle Bond|boost
|-boost|p2a: Greninja|atk|1
|-boost|p2a: Greninja|spa|1
|-boost|p2a: Greninja|spe|1
|-activate|p2a: Greninja|ability: Battle Bond
|-damage|p2a: Greninja|91/100|[from] item: Life Orb
|
|upkeep
|
|t:|1779943052
|switch|p1a: Mandibuzz|Mandibuzz, F|67/100
|turn|29
|
|t:|1779943058
|move|p2a: Greninja|Ice Beam|p1a: Mandibuzz
|-supereffective|p1a: Mandibuzz
|-damage|p1a: Mandibuzz|1/100
|-damage|p2a: Greninja|81/100|[from] item: Life Orb
|move|p1a: Mandibuzz|Foul Play|p2a: Greninja
|-resisted|p2a: Greninja
|-damage|p2a: Greninja|44/100
|
|-heal|p1a: Mandibuzz|7/100|[from] item: Leftovers
|upkeep
|turn|30
|
|t:|1779943066
|move|p2a: Greninja|Grass Knot|p1a: Mandibuzz
|-resisted|p1a: Mandibuzz
|-damage|p1a: Mandibuzz|0 fnt
|faint|p1a: Mandibuzz
|-damage|p2a: Greninja|34/100|[from] item: Life Orb
|
|win|spreadcrosser
|raw|SmithingLucki's rating: 1328 &rarr; <strong>1312</strong><br />(-16 for losing)
|raw|spreadcrosser's rating: 1398 &rarr; <strong>1414</strong><br />(+16 for winning)
