|j|☆npctypebeat
|j|☆ejejdjfhfjfjf
|t:|1779935595
|gametype|singles
|player|p1|npctypebeat|102|1084
|player|p2|ejejdjfhfjfjf|scientist|1069
|gen|9
|tier|[Gen 9] OU
|rated|
|rule|HP Percentage Mod: HP is shown in percentages
|rule|Endless Battle Clause: Forcing endless battles is banned
|rule|Species Clause: Limit one of each Pokémon
|rule|OHKO Clause: OHKO moves are banned
|rule|Evasion Items Clause: Evasion items are banned
|rule|Evasion Moves Clause: Evasion moves are banned
|rule|Evasion Abilities Clause: Evasion abilities are banned
|rule|Sleep Moves Clause: Sleep-inducing moves are banned
|clearpoke
|poke|p1|Corviknight, M|
|poke|p1|Ting-Lu|
|poke|p1|Kyurem|
|poke|p1|Dondozo, M|
|poke|p1|Slowking-Galar, M|
|poke|p1|Cinderace, M|
|poke|p2|Eiscue, M|
|poke|p2|Dragonite, F|
|poke|p2|Dipplin, M|
|poke|p2|Corviknight, F|
|poke|p2|Sinistcha|
|poke|p2|Ogerpon-Wellspring, F|
|teampreview
|c|☆npctypebeat|hf
|inactive|Battle timer is ON: inactive players will automatically lose when time's up. (requested by npctypebeat)
|
|t:|1779935612
|teamsize|p1|6
|teamsize|p2|6
|start
|switch|p1a: Cinderace|Cinderace, M|100/100
|switch|p2a: Dragonite|Dragonite, F|100/100
|turn|1
|c|☆ejejdjfhfjfjf|You too
|
|t:|1779935631
|switch|p1a: Kyurem|Kyurem|100/100
|-ability|p1a: Kyurem|Pressure
|move|p2a: Dragonite|Dragon Dance|p2a: Dragonite
|-boost|p2a: Dragonite|atk|1
|-boost|p2a: Dragonite|spe|1
|
|upkeep
|turn|2
|
|t:|1779935645
|-terastallize|p2a: Dragonite|Normal
|move|p2a: Dragonite|Dragon Dance|p2a: Dragonite
|-boost|p2a: Dragonite|atk|1
|-boost|p2a: Dragonite|spe|1
|move|p1a: Kyurem|Freeze-Dry|p2a: Dragonite
|-damage|p2a: Dragonite|64/100
|
|upkeep
|turn|3
|
|t:|1779935652
|move|p2a: Dragonite|Extreme Speed|p1a: Kyurem
|-damage|p1a: Kyurem|8/100
|move|p1a: Kyurem|Freeze-Dry|p2a: Dragonite
|-damage|p2a: Dragonite|24/100
|
|-heal|p1a: Kyurem|14/100|[from] item: Leftovers
|upkeep
|turn|4
|
|t:|1779935658
|switch|p1a: Corviknight|Corviknight, M|100/100
|-ability|p1a: Corviknight|Pressure
|move|p2a: Dragonite|Extreme Speed|p1a: Corviknight
|-resisted|p1a: Corviknight
|-damage|p1a: Corviknight|72/100
|-damage|p2a: Dragonite|7/100|[from] item: Rocky Helmet|[of] p1a: Corviknight
|
|upkeep
|turn|5
|
|t:|1779935667
|move|p2a: Dragonite|Ice Spinner|p1a: Corviknight
|-damage|p1a: Corviknight|37/100
|-damage|p2a: Dragonite|0 fnt|[from] item: Rocky Helmet|[of] p1a: Corviknight
|faint|p2a: Dragonite
|move|p1a: Corviknight|Brave Bird|p2: Dragonite|[notarget]
|-fail|p1a: Corviknight
|
|upkeep
|
|t:|1779935672
|switch|p2a: Eiscue|Eiscue, M|100/100
|turn|6
|
|t:|1779935676
|move|p2a: Eiscue|Belly Drum|p2a: Eiscue
|-damage|p2a: Eiscue|50/100
|-setboost|p2a: Eiscue|atk|6|[from] move: Belly Drum
|-enditem|p2a: Eiscue|Sitrus Berry|[eat]
|-heal|p2a: Eiscue|75/100|[from] item: Sitrus Berry
|move|p1a: Corviknight|Roost|p1a: Corviknight
|-heal|p1a: Corviknight|87/100
|-singleturn|p1a: Corviknight|move: Roost
|
|upkeep
|turn|7
|
|t:|1779935684
|move|p2a: Eiscue|Liquidation|p1a: Corviknight
|-damage|p1a: Corviknight|34/100
|-damage|p2a: Eiscue|59/100|[from] item: Rocky Helmet|[of] p1a: Corviknight
|move|p1a: Corviknight|Brave Bird|p2a: Eiscue
|-activate|p2a: Eiscue|ability: Ice Face
|-damage|p2a: Eiscue|59/100
|detailschange|p2a: Eiscue|Eiscue-Noice, M
|
|upkeep
|turn|8
|
|t:|1779935694
|switch|p1a: Dondozo|Dondozo, M|100/100
|move|p2a: Eiscue|Freeze-Dry|p1a: Dondozo
|-supereffective|p1a: Dondozo
|-damage|p1a: Dondozo|81/100
|-status|p1a: Dondozo|frz
|
|-heal|p1a: Dondozo|87/100 frz|[from] item: Leftovers
|upkeep
|turn|9
|
|t:|1779935700
|move|p2a: Eiscue|Liquidation|p1a: Dondozo
|-resisted|p1a: Dondozo
|-damage|p1a: Dondozo|80/100 frz
|-curestatus|p1a: Dondozo|frz|[msg]
|move|p1a: Dondozo|Body Press|p2a: Eiscue
|-supereffective|p2a: Eiscue
|-damage|p2a: Eiscue|0 fnt
|faint|p2a: Eiscue
|
|-heal|p1a: Dondozo|86/100|[from] item: Leftovers
|upkeep
|
|t:|1779935704
|switch|p2a: Ogerpon|Ogerpon-Wellspring, F|100/100
|turn|10
|
|t:|1779935710
|move|p2a: Ogerpon|Ivy Cudgel|p1a: Dondozo|[anim] Ivy Cudgel Water
|-resisted|p1a: Dondozo
|-damage|p1a: Dondozo|68/100
|move|p1a: Dondozo|Body Press|p2a: Ogerpon
|-damage|p2a: Ogerpon|72/100
|
|-heal|p1a: Dondozo|75/100|[from] item: Leftovers
|upkeep
|turn|11
|
|t:|1779935712
|switch|p1a: Slowking|Slowking-Galar, M|100/100
|move|p2a: Ogerpon|Horn Leech|p1a: Slowking
|-resisted|p1a: Slowking
|-damage|p1a: Slowking|82/100
|-heal|p2a: Ogerpon|84/100|[from] drain|[of] p1a: Slowking
|
|upkeep
|turn|12
|
|t:|1779935730
|move|p2a: Ogerpon|Ivy Cudgel|p1a: Slowking|[anim] Ivy Cudgel Water
|-damage|p1a: Slowking|39/100
|move|p1a: Slowking|Sludge Bomb|p2a: Ogerpon
|-supereffective|p2a: Ogerpon
|-damage|p2a: Ogerpon|12/100
|
|upkeep
|turn|13
|
|t:|1779935737
|switch|p1a: Kyurem|Kyurem|14/100
|-ability|p1a: Kyurem|Pressure
|move|p2a: Ogerpon|Ivy Cudgel|p1a: Kyurem|[anim] Ivy Cudgel Water
|-resisted|p1a: Kyurem
|-damage|p1a: Kyurem|0 fnt
|faint|p1a: Kyurem
|
|upkeep
|
|t:|1779935740
|switch|p1a: Cinderace|Cinderace, M|100/100
|turn|14
|
|t:|1779935748
|switch|p2a: Dipplin|Dipplin, M|100/100
|move|p1a: Cinderace|Pyro Ball|p2a: Dipplin
|-damage|p2a: Dipplin|74/100
|
|upkeep
|turn|15
|
|t:|1779935757
|move|p1a: Cinderace|Pyro Ball|p2a: Dipplin
|-damage|p2a: Dipplin|49/100
|move|p2a: Dipplin|Infestation|p1a: Cinderace
|-resisted|p1a: Cinderace
|-crit|p1a: Cinderace
|-damage|p1a: Cinderace|96/100
|-activate|p1a: Cinderace|move: Infestation|[of] p2a: Dipplin
|
|-damage|p1a: Cinderace|84/100|[from] move: Infestation|[partiallytrapped]
|upkeep
|turn|16
|
|t:|1779935766
|move|p1a: Cinderace|Pyro Ball|p2a: Dipplin
|-damage|p2a: Dipplin|22/100
|move|p2a: Dipplin|Recover|p2a: Dipplin
|-heal|p2a: Dipplin|72/100
|
|-damage|p1a: Cinderace|72/100|[from] move: Infestation|[partiallytrapped]
|upkeep
|turn|17
|
|t:|1779935774
|move|p1a: Cinderace|U-turn|p2a: Dipplin
|-supereffective|p2a: Dipplin
|-damage|p2a: Dipplin|52/100
|
|t:|1779935781
|switch|p1a: Slowking|Slowking-Galar, M|72/100|[from] U-turn
|move|p2a: Dipplin|Dragon Breath|p1a: Slowking
|-damage|p1a: Slowking|54/100
|
|upkeep
|turn|18
|
|t:|1779935795
|switch|p2a: Corviknight|Corviknight, F|100/100
|move|p1a: Slowking|Ice Beam|p2a: Corviknight
|-damage|p2a: Corviknight|82/100
|
|upkeep
|turn|19
|
|t:|1779935807
|move|p2a: Corviknight|Brave Bird|p1a: Slowking
|-damage|p1a: Slowking|24/100
|-damage|p2a: Corviknight|71/100|[from] Recoil
|move|p1a: Slowking|Ice Beam|p2a: Corviknight
|-damage|p2a: Corviknight|52/100
|
|upkeep
|turn|20
|
|t:|1779935820
|switch|p1a: Cinderace|Cinderace, M|72/100
|move|p2a: Corviknight|Brave Bird|p1a: Cinderace
|-damage|p1a: Cinderace|23/100
|-damage|p2a: Corviknight|36/100|[from] Recoil
|
|upkeep
|turn|21
|
|t:|1779935830
|move|p1a: Cinderace|Pyro Ball|p2a: Corviknight
|-supereffective|p2a: Corviknight
|-damage|p2a: Corviknight|0 fnt
|faint|p2a: Corviknight
|
|upkeep
|
|t:|1779935832
|switch|p2a: Dipplin|Dipplin, M|52/100
|turn|22
|
|t:|1779935840
|move|p1a: Cinderace|U-turn|p2a: Dipplin
|-supereffective|p2a: Dipplin
|-damage|p2a: Dipplin|30/100
|
|t:|1779935845
|switch|p1a: Slowking|Slowking-Galar, M|58/100|[from] U-turn
|move|p2a: Dipplin|Recover|p2a: Dipplin
|-heal|p2a: Dipplin|80/100
|
|upkeep
|turn|23
|
|t:|1779935859
|move|p2a: Dipplin|Infestation|p1a: Slowking
|-damage|p1a: Slowking|54/100
|-activate|p1a: Slowking|move: Infestation|[of] p2a: Dipplin
|move|p1a: Slowking|Ice Beam|p2a: Dipplin
|-supereffective|p2a: Dipplin
|-damage|p2a: Dipplin|25/100
|
|-damage|p1a: Slowking|42/100|[from] move: Infestation|[partiallytrapped]
|upkeep
|turn|24
|
|t:|1779935873
|move|p2a: Dipplin|Recover|p2a: Dipplin
|-heal|p2a: Dipplin|75/100
|move|p1a: Slowking|Ice Beam|p2a: Dipplin
|-supereffective|p2a: Dipplin
|-damage|p2a: Dipplin|25/100
|
|-damage|p1a: Slowking|29/100|[from] move: Infestation|[partiallytrapped]
|upkeep
|turn|25
|
|t:|1779935888
|move|p2a: Dipplin|Recover|p2a: Dipplin
|-heal|p2a: Dipplin|75/100
|-prepare|p1a: Slowking|Chilly Reception|[premajor]
|move|p1a: Slowking|Chilly Reception|p1a: Slowking
|-weather|Snowscape
|
|t:|1779935895
|switch|p1a: Corviknight|Corviknight, M|34/100|[from] Chilly Reception
|-ability|p1a: Corviknight|Pressure
|
|-weather|Snowscape|[upkeep]
|upkeep
|turn|26
|
|t:|1779935905
|move|p1a: Corviknight|Roost|p1a: Corviknight
|-heal|p1a: Corviknight|84/100
|-singleturn|p1a: Corviknight|move: Roost
|move|p2a: Dipplin|Infestation|p1a: Corviknight
|-resisted|p1a: Corviknight
|-crit|p1a: Corviknight
|-damage|p1a: Corviknight|80/100
|-activate|p1a: Corviknight|move: Infestation|[of] p2a: Dipplin
|-damage|p2a: Dipplin|58/100|[from] item: Rocky Helmet|[of] p1a: Corviknight
|
|-weather|Snowscape|[upkeep]
|-damage|p1a: Corviknight|68/100|[from] move: Infestation|[partiallytrapped]
|upkeep
|turn|27
|
|t:|1779935917
|move|p1a: Corviknight|Brave Bird|p2a: Dipplin
|-supereffective|p2a: Dipplin
|-damage|p2a: Dipplin|21/100
|-damage|p1a: Corviknight|57/100|[from] Recoil
|move|p2a: Dipplin|Dragon Breath|p1a: Corviknight
|-resisted|p1a: Corviknight
|-damage|p1a: Corviknight|47/100
|
|-weather|Snowscape|[upkeep]
|-damage|p1a: Corviknight|35/100|[from] move: Infestation|[partiallytrapped]
|upkeep
|turn|28
|
|t:|1779935936
|move|p1a: Corviknight|Brave Bird|p2a: Dipplin
|-supereffective|p2a: Dipplin
|-damage|p2a: Dipplin|0 fnt
|faint|p2a: Dipplin
|-damage|p1a: Corviknight|29/100|[from] Recoil
|
|-weather|Snowscape|[upkeep]
|-end|p1a: Corviknight|Infestation|[partiallytrapped]|[silent]
|upkeep
|
|t:|1779935939
|switch|p2a: Ogerpon|Ogerpon-Wellspring, F|12/100
|turn|29
|
|t:|1779935954
|move|p2a: Ogerpon|Ivy Cudgel|p1a: Corviknight|[anim] Ivy Cudgel Water
|-damage|p1a: Corviknight|0 fnt
|faint|p1a: Corviknight
|
|-weather|none
|upkeep
|
|t:|1779935972
|switch|p1a: Cinderace|Cinderace, M|23/100
|turn|30
|
|t:|1779935976
|move|p2a: Ogerpon|Quick Attack|p1a: Cinderace
|-damage|p1a: Cinderace|1/100
|move|p1a: Cinderace|Pyro Ball|p2a: Ogerpon
|-damage|p2a: Ogerpon|0 fnt
|faint|p2a: Ogerpon
|
|upkeep
|
|t:|1779935979
|switch|p2a: Sinistcha|Sinistcha|100/100
|turn|31
|
|t:|1779935985
|move|p1a: Cinderace|Pyro Ball|p2a: Sinistcha
|-supereffective|p2a: Sinistcha
|-damage|p2a: Sinistcha|31/100
|move|p2a: Sinistcha|Calm Mind|p2a: Sinistcha
|-boost|p2a: Sinistcha|spa|1
|-boost|p2a: Sinistcha|spd|1
|
|-heal|p2a: Sinistcha|37/100|[from] item: Leftovers
|upkeep
|turn|32
|
|t:|1779936004
|move|p1a: Cinderace|Pyro Ball|p2a: Sinistcha
|-supereffective|p2a: Sinistcha
|-damage|p2a: Sinistcha|0 fnt
|faint|p2a: Sinistcha
|
|win|npctypebeat
|raw|npctypebeat's rating: 1084 &rarr; <strong>1110</strong><br />(+26 for winning)
|raw|ejejdjfhfjfjf's rating: 1069 &rarr; <strong>1050</strong><br />(-19 for losing)
|c|☆npctypebeat|gg
|l|☆ejejdjfhfjfjf
|player|p2|
