|j|☆zionclass23
|j|☆Pelogrulla72
|t:|1779898696
|gametype|singles
|player|p1|zionclass23|266|1148
|player|p2|Pelogrulla72|erika|1134
|gen|9
|tier|[Gen 9] OU
|rated|
|rule|HP Percentage Mod: HP is shown in percentages
|rule|Endless Battle Clause: Forcing endless battles is banned
|rule|Species Clause: Limit one of each Pokémon
|rule|OHKO Clause: OHKO moves are banned
|rule|Evasion Items Clause: Evasion items are banned
|rule|Evasion Moves Clause: Evasion moves are banned
|rule|Evasion Abilities Clause: Evasion abilities are banned
|rule|Sleep Moves Clause: Sleep-inducing moves are banned
|clearpoke
|poke|p1|Cinderace, M|
|poke|p1|Dragapult, F|
|poke|p1|Landorus-Therian, M|
|poke|p1|Orthworm, M|
|poke|p1|Incineroar, F|
|poke|p1|Rotom-Wash|
|poke|p2|Ursaluna, F|
|poke|p2|Ambipom, M|
|poke|p2|Arbok, M|
|poke|p2|Lokix, F|
|poke|p2|Polteageist-Antique|
|poke|p2|Cinderace, M|
|teampreview
|
|t:|1779898704
|teamsize|p1|6
|teamsize|p2|6
|start
|switch|p1a: Incineroar|Incineroar, F|100/100
|switch|p2a: Ursaking|Ursaluna, F, shiny|100/100
|-ability|p1a: Incineroar|Intimidate|boost
|-unboost|p2a: Ursaking|atk|1
|turn|1
|inactive|Battle timer is ON: inactive players will automatically lose when time's up. (requested by Pelogrulla72)
|
|t:|1779898713
|switch|p2a: Teto pear 31|Arbok, M, shiny|100/100
|-ability|p2a: Teto pear 31|Intimidate|boost
|-unboost|p1a: Incineroar|atk|1
|move|p1a: Incineroar|Fake Out|p2a: Teto pear 31
|-damage|p2a: Teto pear 31|88/100
|
|-heal|p2a: Teto pear 31|94/100|[from] item: Leftovers
|upkeep
|turn|2
|
|t:|1779898721
|move|p2a: Teto pear 31|Coil|p2a: Teto pear 31
|-boost|p2a: Teto pear 31|atk|1
|-boost|p2a: Teto pear 31|def|1
|-boost|p2a: Teto pear 31|accuracy|1
|move|p1a: Incineroar|Knock Off|p2a: Teto pear 31
|-damage|p2a: Teto pear 31|68/100
|-enditem|p2a: Teto pear 31|Leftovers|[from] move: Knock Off|[of] p1a: Incineroar
|
|upkeep
|turn|3
|
|t:|1779898730
|move|p2a: Teto pear 31|Earthquake|p1a: Incineroar
|-supereffective|p1a: Incineroar
|-damage|p1a: Incineroar|15/100
|move|p1a: Incineroar|U-turn|p2a: Teto pear 31
|-resisted|p2a: Teto pear 31
|-damage|p2a: Teto pear 31|61/100
|
|t:|1779898737
|switch|p1a: Landorus|Landorus-Therian, M|100/100|[from] U-turn
|-ability|p1a: Landorus|Intimidate|boost
|-unboost|p2a: Teto pear 31|atk|1
|
|upkeep
|turn|4
|
|t:|1779898746
|switch|p2a: Ursaking|Ursaluna, F, shiny|100/100
|move|p1a: Landorus|Earthquake|p2a: Ursaking
|-damage|p2a: Ursaking|65/100
|
|-status|p2a: Ursaking|brn|[from] item: Flame Orb
|upkeep
|turn|5
|
|t:|1779898757
|move|p1a: Landorus|U-turn|p2a: Ursaking
|-damage|p2a: Ursaking|48/100 brn
|
|t:|1779898761
|switch|p1a: Incineroar|Incineroar, F|15/100|[from] U-turn
|-ability|p1a: Incineroar|Intimidate|boost
|-unboost|p2a: Ursaking|atk|1
|move|p2a: Ursaking|Facade|p1a: Incineroar
|-damage|p1a: Incineroar|0 fnt
|faint|p1a: Incineroar
|
|-damage|p2a: Ursaking|42/100 brn|[from] brn
|upkeep
|
|t:|1779898770
|switch|p1a: Rotom|Rotom-Wash|100/100
|turn|6
|
|t:|1779898776
|switch|p2a: Teto pear 31|Arbok, M, shiny|61/100
|-ability|p2a: Teto pear 31|Intimidate|boost
|-unboost|p1a: Rotom|atk|1
|move|p1a: Rotom|Hydro Pump|p2a: Teto pear 31|[miss]
|-miss|p1a: Rotom|p2a: Teto pear 31
|
|upkeep
|turn|7
|
|t:|1779898785
|move|p1a: Rotom|Hydro Pump|p2a: Teto pear 31
|-damage|p2a: Teto pear 31|12/100
|move|p2a: Teto pear 31|Gunk Shot|p1a: Rotom|[miss]
|-miss|p2a: Teto pear 31|p1a: Rotom
|
|upkeep
|turn|8
|
|t:|1779898794
|move|p1a: Rotom|Hydro Pump|p2a: Teto pear 31
|-damage|p2a: Teto pear 31|0 fnt
|faint|p2a: Teto pear 31
|
|upkeep
|
|t:|1779898801
|switch|p2a: Lil Netanyahu|Polteageist-Antique|100/100
|turn|9
|
|t:|1779898805
|move|p2a: Lil Netanyahu|Shell Smash|p2a: Lil Netanyahu
|-unboost|p2a: Lil Netanyahu|def|1
|-unboost|p2a: Lil Netanyahu|spd|1
|-boost|p2a: Lil Netanyahu|atk|2
|-boost|p2a: Lil Netanyahu|spa|2
|-boost|p2a: Lil Netanyahu|spe|2
|move|p1a: Rotom|Will-O-Wisp|p2a: Lil Netanyahu
|-status|p2a: Lil Netanyahu|brn
|
|-damage|p2a: Lil Netanyahu|94/100 brn|[from] brn
|upkeep
|turn|10
|
|t:|1779898815
|move|p2a: Lil Netanyahu|Stored Power|p1a: Rotom
|-damage|p1a: Rotom|0 fnt
|faint|p1a: Rotom
|
|-damage|p2a: Lil Netanyahu|88/100 brn|[from] brn
|upkeep
|
|t:|1779898842
|switch|p1a: Landorus|Landorus-Therian, M|100/100
|-ability|p1a: Landorus|Intimidate|boost
|-unboost|p2a: Lil Netanyahu|atk|1
|turn|11
|
|t:|1779898848
|move|p2a: Lil Netanyahu|Stored Power|p1a: Landorus
|-damage|p1a: Landorus|0 fnt
|faint|p1a: Landorus
|
|-damage|p2a: Lil Netanyahu|82/100 brn|[from] brn
|upkeep
|
|t:|1779898853
|switch|p1a: Dragapult|Dragapult, F|100/100
|turn|12
|
|t:|1779898860
|-terastallize|p2a: Lil Netanyahu|Normal
|move|p2a: Lil Netanyahu|Shadow Ball|p1a: Dragapult
|-supereffective|p1a: Dragapult
|-damage|p1a: Dragapult|0 fnt
|faint|p1a: Dragapult
|
|-damage|p2a: Lil Netanyahu|76/100 brn|[from] brn
|upkeep
|
|t:|1779898867
|switch|p1a: Cinderace|Cinderace, M|100/100
|turn|13
|
|t:|1779898878
|move|p2a: Lil Netanyahu|Stored Power|p1a: Cinderace
|-damage|p1a: Cinderace|0 fnt
|faint|p1a: Cinderace
|
|-damage|p2a: Lil Netanyahu|70/100 brn|[from] brn
|upkeep
|
|t:|1779898883
|switch|p1a: Orthworm|Orthworm, M|100/100
|turn|14
|c|☆Pelogrulla72|gg
|-message|zionclass23 forfeited.
|
|win|Pelogrulla72
|raw|zionclass23's rating: 1148 &rarr; <strong>1122</strong><br />(-26 for losing)
|raw|Pelogrulla72's rating: 1134 &rarr; <strong>1160</strong><br />(+26 for winning)
|l|☆zionclass23
|player|p1|
|l|☆Pelogrulla72
|player|p2|
