|j|☆FireWolf89
|j|☆LanceStern
|t:|1779861627
|gametype|singles
|player|p1|FireWolf89|psychic-gen4|1514
|player|p2|LanceStern|brock|1640
|gen|9
|tier|[Gen 9] OU
|rated|
|rule|HP Percentage Mod: HP is shown in percentages
|rule|Endless Battle Clause: Forcing endless battles is banned
|rule|Species Clause: Limit one of each Pokémon
|rule|OHKO Clause: OHKO moves are banned
|rule|Evasion Items Clause: Evasion items are banned
|rule|Evasion Moves Clause: Evasion moves are banned
|rule|Evasion Abilities Clause: Evasion abilities are banned
|rule|Sleep Moves Clause: Sleep-inducing moves are banned
|clearpoke
|poke|p1|Iron Valiant|
|poke|p1|Slowking-Galar, L99, F|
|poke|p1|Samurott-Hisui, F|
|poke|p1|Gliscor, F|
|poke|p1|Dragapult, F|
|poke|p1|Clefable, F|
|poke|p2|Deoxys-Speed|
|poke|p2|Iron Moth|
|poke|p2|Samurott-Hisui, M|
|poke|p2|Great Tusk|
|poke|p2|Scizor, F|
|poke|p2|Sinistcha-Masterpiece|
|teampreview
|inactive|Battle timer is ON: inactive players will automatically lose when time's up. (requested by FireWolf89)
|
|t:|1779861642
|teamsize|p1|6
|teamsize|p2|6
|start
|switch|p1a: Rifle|Gliscor, F|100/100
|switch|p2a: Scizor|Scizor, F|100/100
|turn|1
|
|t:|1779861647
|move|p1a: Rifle|Protect|p1a: Rifle
|-singleturn|p1a: Rifle|Protect
|move|p2a: Scizor|Knock Off|p1a: Rifle
|-activate|p1a: Rifle|move: Protect
|
|-status|p1a: Rifle|tox|[from] item: Toxic Orb
|upkeep
|turn|2
|
|t:|1779861651
|move|p1a: Rifle|Swords Dance|p1a: Rifle
|-boost|p1a: Rifle|atk|2
|move|p2a: Scizor|Knock Off|p1a: Rifle
|-damage|p1a: Rifle|56/100 tox
|-enditem|p1a: Rifle|Toxic Orb|[from] move: Knock Off|[of] p2a: Scizor
|
|-heal|p1a: Rifle|69/100 tox|[from] ability: Poison Heal
|upkeep
|turn|3
|
|t:|1779861657
|switch|p2a: Great Tusk|Great Tusk|100/100
|move|p1a: Rifle|Earthquake|p2a: Great Tusk
|-damage|p2a: Great Tusk|57/100
|
|-heal|p1a: Rifle|81/100 tox|[from] ability: Poison Heal
|upkeep
|turn|4
|
|t:|1779861666
|move|p1a: Rifle|Protect|p1a: Rifle
|-singleturn|p1a: Rifle|Protect
|move|p2a: Great Tusk|Ice Spinner|p1a: Rifle
|-activate|p1a: Rifle|move: Protect
|
|-heal|p1a: Rifle|94/100 tox|[from] ability: Poison Heal
|upkeep
|turn|5
|
|t:|1779861668
|switch|p1a: Dance|Clefable, F|100/100
|move|p2a: Great Tusk|Ice Spinner|p1a: Dance
|-damage|p1a: Dance|82/100
|
|upkeep
|turn|6
|
|t:|1779861671
|move|p2a: Great Tusk|Stealth Rock|p1a: Dance
|-sidestart|p1: FireWolf89|move: Stealth Rock
|move|p1a: Dance|Stealth Rock|p2a: Great Tusk
|-sidestart|p2: LanceStern|move: Stealth Rock
|
|upkeep
|turn|7
|
|t:|1779861674
|move|p2a: Great Tusk|Rapid Spin|p1a: Dance
|-damage|p1a: Dance|70/100
|-boost|p2a: Great Tusk|spe|1
|-sideend|p2: LanceStern|Stealth Rock|[from] move: Rapid Spin|[of] p2a: Great Tusk
|move|p1a: Dance|Moonlight|p1a: Dance
|-heal|p1a: Dance|100/100
|
|upkeep
|turn|8
|
|t:|1779861679
|move|p2a: Great Tusk|Headlong Rush|p1a: Dance
|-damage|p1a: Dance|61/100
|-unboost|p2a: Great Tusk|def|1
|-unboost|p2a: Great Tusk|spd|1
|move|p1a: Dance|Moonblast|p2a: Great Tusk
|-supereffective|p2a: Great Tusk
|-damage|p2a: Great Tusk|0 fnt
|faint|p2a: Great Tusk
|-end|p2a: Great Tusk|Protosynthesis|[silent]
|
|upkeep
|
|t:|1779861690
|switch|p2a: Scizor|Scizor, F|100/100
|turn|9
|
|t:|1779861694
|switch|p1a: Rifle|Gliscor, F|94/100 tox
|-damage|p1a: Rifle|81/100 tox|[from] Stealth Rock
|move|p2a: Scizor|Bullet Punch|p1a: Rifle
|-damage|p1a: Rifle|38/100 tox
|
|-heal|p1a: Rifle|50/100 tox|[from] ability: Poison Heal
|upkeep
|turn|10
|
|t:|1779861699
|move|p1a: Rifle|Protect|p1a: Rifle
|-singleturn|p1a: Rifle|Protect
|move|p2a: Scizor|Bullet Punch|p1a: Rifle
|-activate|p1a: Rifle|move: Protect
|
|-heal|p1a: Rifle|63/100 tox|[from] ability: Poison Heal
|upkeep
|turn|11
|
|t:|1779861712
|switch|p1a: Airblade|Samurott-Hisui, F|100/100
|-damage|p1a: Airblade|88/100|[from] Stealth Rock
|move|p2a: Scizor|Bullet Punch|p1a: Airblade
|-resisted|p1a: Airblade
|-damage|p1a: Airblade|60/100
|
|upkeep
|turn|12
|
|t:|1779861721
|switch|p2a: Samurott|Samurott-Hisui, M|100/100
|move|p1a: Airblade|Ceaseless Edge|p2a: Samurott
|-resisted|p2a: Samurott
|-damage|p2a: Samurott|74/100
|-sidestart|p2: LanceStern|Spikes
|
|upkeep
|turn|13
|
|t:|1779861727
|move|p2a: Samurott|Sacred Sword|p1a: Airblade
|-supereffective|p1a: Airblade
|-damage|p1a: Airblade|0 fnt
|faint|p1a: Airblade
|
|upkeep
|
|t:|1779861730
|switch|p1a: Dance|Clefable, F|61/100
|turn|14
|
|t:|1779861733
|move|p2a: Samurott|Aqua Cutter|p1a: Dance
|-crit|p1a: Dance
|-damage|p1a: Dance|9/100
|move|p1a: Dance|Moonlight|p1a: Dance
|-heal|p1a: Dance|59/100
|
|upkeep
|turn|15
|
|t:|1779861738
|move|p2a: Samurott|Encore|p1a: Dance
|-start|p1a: Dance|Encore
|move|p1a: Dance|Moonlight|p1a: Dance
|-heal|p1a: Dance|100/100
|
|upkeep
|turn|16
|
|t:|1779861746
|move|p2a: Samurott|Ceaseless Edge|p1a: Dance
|-resisted|p1a: Dance
|-damage|p1a: Dance|84/100
|-sidestart|p1: FireWolf89|Spikes
|move|p1a: Dance|Moonlight|p1a: Dance
|-heal|p1a: Dance|100/100
|
|upkeep
|turn|17
|
|t:|1779861752
|switch|p1a: Sabre|Iron Valiant|100/100
|move|p2a: Samurott|Aqua Cutter|p1a: Sabre
|-damage|p1a: Sabre|43/100
|
|upkeep
|turn|18
|
|t:|1779861759
|switch|p2a: Scizor|Scizor, F|100/100
|-damage|p2a: Scizor|88/100|[from] Spikes
|move|p1a: Sabre|Spirit Break|p2a: Scizor
|-resisted|p2a: Scizor
|-damage|p2a: Scizor|70/100
|-unboost|p2a: Scizor|spa|1
|
|upkeep
|turn|19
|
|t:|1779861776
|move|p2a: Scizor|Bullet Punch|p1a: Sabre
|-supereffective|p1a: Sabre
|-damage|p1a: Sabre|0 fnt
|faint|p1a: Sabre
|-end|p1a: Sabre|Quark Drive|[silent]
|
|upkeep
|inactive|FireWolf89 has 120 seconds left.
|
|t:|1779861796
|switch|p1a: Dance|Clefable, F|100/100
|turn|20
|
|t:|1779861801
|-terastallize|p1a: Dance|Water
|move|p2a: Scizor|Bullet Punch|p1a: Dance
|-resisted|p1a: Dance
|-damage|p1a: Dance|82/100
|move|p1a: Dance|Moonblast|p2a: Scizor
|-resisted|p2a: Scizor
|-damage|p2a: Scizor|52/100
|-unboost|p2a: Scizor|spa|1
|
|upkeep
|turn|21
|
|t:|1779861806
|switch|p2a: Sinistcha|Sinistcha-Masterpiece|100/100
|-damage|p2a: Sinistcha|88/100|[from] Spikes
|move|p1a: Dance|Stealth Rock|p2a: Sinistcha
|-sidestart|p2: LanceStern|move: Stealth Rock
|
|upkeep
|turn|22
|
|t:|1779861817
|move|p2a: Sinistcha|Matcha Gotcha|p1a: Dance
|-supereffective|p1a: Dance
|-damage|p1a: Dance|13/100
|-heal|p2a: Sinistcha|100/100|[from] drain|[of] p1a: Dance
|move|p1a: Dance|Calm Mind|p1a: Dance
|-boost|p1a: Dance|spa|1
|-boost|p1a: Dance|spd|1
|
|upkeep
|turn|23
|-message|FireWolf89 forfeited.
|
|win|LanceStern
|raw|FireWolf89's rating: 1514 &rarr; <strong>1501</strong><br />(-13 for losing)
|raw|LanceStern's rating: 1640 &rarr; <strong>1653</strong><br />(+13 for winning)
|l|☆FireWolf89
|player|p1|
|l|☆LanceStern
|player|p2|
