|j|☆claudechamp
|j|☆OreoTomato
|t:|1779871336
|gametype|singles
|player|p1|claudechamp|169|1278
|player|p2|OreoTomato|266|1314
|gen|9
|tier|[Gen 9] OU
|rated|
|rule|HP Percentage Mod: HP is shown in percentages
|rule|Endless Battle Clause: Forcing endless battles is banned
|rule|Species Clause: Limit one of each Pokémon
|rule|OHKO Clause: OHKO moves are banned
|rule|Evasion Items Clause: Evasion items are banned
|rule|Evasion Moves Clause: Evasion moves are banned
|rule|Evasion Abilities Clause: Evasion abilities are banned
|rule|Sleep Moves Clause: Sleep-inducing moves are banned
|clearpoke
|poke|p1|Gliscor, M|
|poke|p1|Gholdengo|
|poke|p1|Zamazenta-*|
|poke|p1|Blissey, F|
|poke|p1|Skarmory, F|
|poke|p1|Pecharunt|
|poke|p2|Gliscor, F|
|poke|p2|Excadrill, F|
|poke|p2|Ogerpon-Wellspring, F|
|poke|p2|Tyranitar, M|
|poke|p2|Scizor, M|
|poke|p2|Rotom-Wash|
|teampreview
|inactive|Battle timer is ON: inactive players will automatically lose when time's up. (requested by OreoTomato)
|c|☆claudechamp|hf
|inactive|claudechamp also wants the timer to be on.
|
|t:|1779871349
|teamsize|p1|6
|teamsize|p2|6
|start
|switch|p1a: Skarmory|Skarmory, F|100/100
|switch|p2a: Ogerpon|Ogerpon-Wellspring, F|100/100
|turn|1
|
|t:|1779871360
|switch|p2a: Gliscor|Gliscor, F|100/100
|move|p1a: Skarmory|Spikes|p2a: Gliscor
|-sidestart|p2: OreoTomato|Spikes
|
|-status|p2a: Gliscor|tox|[from] item: Toxic Orb
|upkeep
|turn|2
|
|t:|1779871364
|move|p2a: Gliscor|Stealth Rock|p1a: Skarmory
|-sidestart|p1: claudechamp|move: Stealth Rock
|move|p1a: Skarmory|Body Press|p2a: Gliscor
|-resisted|p2a: Gliscor
|-damage|p2a: Gliscor|92/100 tox
|
|-heal|p2a: Gliscor|100/100 tox|[from] ability: Poison Heal
|upkeep
|turn|3
|
|t:|1779871375
|switch|p2a: Rotom|Rotom-Wash|100/100
|move|p1a: Skarmory|Spikes|p2a: Rotom
|-sidestart|p2: OreoTomato|Spikes
|
|upkeep
|turn|4
|
|t:|1779871383
|move|p2a: Rotom|Substitute|p2a: Rotom
|-start|p2a: Rotom|Substitute
|-damage|p2a: Rotom|75/100
|move|p1a: Skarmory|Spikes|p2a: Rotom
|-sidestart|p2: OreoTomato|Spikes
|
|-heal|p2a: Rotom|82/100|[from] item: Leftovers
|upkeep
|turn|5
|
|t:|1779871388
|-terastallize|p1a: Skarmory|Dragon
|move|p2a: Rotom|Will-O-Wisp|p1a: Skarmory
|-status|p1a: Skarmory|brn
|move|p1a: Skarmory|Whirlwind|p2a: Rotom
|drag|p2a: Tyranitar|Tyranitar, M|100/100
|-damage|p2a: Tyranitar|75/100|[from] Spikes
|-weather|Sandstorm|[from] ability: Sand Stream|[of] p2a: Tyranitar
|
|-weather|Sandstorm|[upkeep]
|-damage|p1a: Skarmory|95/100 brn|[from] Sandstorm
|-damage|p1a: Skarmory|89/100 brn|[from] brn
|upkeep
|turn|6
|
|t:|1779871405
|move|p1a: Skarmory|Body Press|p2a: Tyranitar
|-supereffective|p2a: Tyranitar
|-damage|p2a: Tyranitar|25/100
|move|p2a: Tyranitar|Knock Off|p1a: Skarmory
|-damage|p1a: Skarmory|55/100 brn
|-enditem|p1a: Skarmory|Heavy-Duty Boots|[from] move: Knock Off|[of] p2a: Tyranitar
|
|-weather|Sandstorm|[upkeep]
|-damage|p1a: Skarmory|49/100 brn|[from] Sandstorm
|-damage|p1a: Skarmory|43/100 brn|[from] brn
|upkeep
|turn|7
|
|t:|1779871416
|move|p1a: Skarmory|Body Press|p2a: Tyranitar
|-supereffective|p2a: Tyranitar
|-damage|p2a: Tyranitar|0 fnt
|faint|p2a: Tyranitar
|
|-weather|Sandstorm|[upkeep]
|-damage|p1a: Skarmory|37/100 brn|[from] Sandstorm
|-damage|p1a: Skarmory|31/100 brn|[from] brn
|upkeep
|
|t:|1779871427
|switch|p2a: Excadrill|Excadrill, F|100/100
|-damage|p2a: Excadrill|76/100|[from] Spikes
|turn|8
|
|t:|1779871434
|move|p2a: Excadrill|Iron Head|p1a: Skarmory
|-damage|p1a: Skarmory|0 fnt
|faint|p1a: Skarmory
|-damage|p2a: Excadrill|66/100|[from] item: Life Orb
|
|-weather|Sandstorm|[upkeep]
|upkeep
|
|t:|1779871437
|switch|p1a: Gliscor|Gliscor, M|100/100
|-damage|p1a: Gliscor|88/100|[from] Stealth Rock
|turn|9
|
|t:|1779871460
|-terastallize|p2a: Excadrill|Flying
|move|p2a: Excadrill|Swords Dance|p2a: Excadrill
|-boost|p2a: Excadrill|atk|2
|move|p1a: Gliscor|Earthquake|p2a: Excadrill
|-immune|p2a: Excadrill
|
|-weather|none
|-status|p1a: Gliscor|tox|[from] item: Toxic Orb
|upkeep
|turn|10
|
|t:|1779871470
|switch|p1a: Zamazenta|Zamazenta|100/100
|-ability|p1a: Zamazenta|Dauntless Shield|boost
|-boost|p1a: Zamazenta|def|1
|move|p2a: Excadrill|Rapid Spin|p1a: Zamazenta
|-damage|p1a: Zamazenta|67/100
|-boost|p2a: Excadrill|spe|1
|-sideend|p2: OreoTomato|Spikes|[from] move: Rapid Spin|[of] p2a: Excadrill
|-damage|p2a: Excadrill|56/100|[from] item: Life Orb
|
|upkeep
|turn|11
|
|t:|1779871477
|move|p2a: Excadrill|Earthquake|p1a: Zamazenta
|-damage|p1a: Zamazenta|0 fnt
|faint|p1a: Zamazenta
|-damage|p2a: Excadrill|46/100|[from] item: Life Orb
|
|upkeep
|
|t:|1779871481
|switch|p1a: Gliscor|Gliscor, M|88/100 tox
|-damage|p1a: Gliscor|75/100 tox|[from] Stealth Rock
|turn|12
|
|t:|1779871488
|move|p2a: Excadrill|Iron Head|p1a: Gliscor
|-damage|p1a: Gliscor|0 fnt
|faint|p1a: Gliscor
|-damage|p2a: Excadrill|36/100|[from] item: Life Orb
|
|upkeep
|
|t:|1779871492
|switch|p1a: Blissey|Blissey, F|100/100
|turn|13
|
|t:|1779871496
|move|p2a: Excadrill|Earthquake|p1a: Blissey
|-damage|p1a: Blissey|0 fnt
|faint|p1a: Blissey
|-damage|p2a: Excadrill|26/100|[from] item: Life Orb
|
|upkeep
|
|t:|1779871499
|switch|p1a: Gholdengo|Gholdengo|100/100
|-damage|p1a: Gholdengo|94/100|[from] Stealth Rock
|turn|14
|
|t:|1779871509
|switch|p1a: Pecharunt|Pecharunt|100/100
|move|p2a: Excadrill|Earthquake|p1a: Pecharunt
|-supereffective|p1a: Pecharunt
|-damage|p1a: Pecharunt|0 fnt
|faint|p1a: Pecharunt
|-damage|p2a: Excadrill|16/100|[from] item: Life Orb
|
|upkeep
|
|t:|1779871513
|switch|p1a: Gholdengo|Gholdengo|94/100
|-damage|p1a: Gholdengo|88/100|[from] Stealth Rock
|turn|15
|
|t:|1779871516
|move|p2a: Excadrill|Earthquake|p1a: Gholdengo
|-supereffective|p1a: Gholdengo
|-damage|p1a: Gholdengo|0 fnt
|faint|p1a: Gholdengo
|-damage|p2a: Excadrill|6/100|[from] item: Life Orb
|
|win|OreoTomato
|raw|claudechamp's rating: 1309 &rarr; <strong>1289</strong><br />(-20 for losing)
|raw|OreoTomato's rating: 1314 &rarr; <strong>1334</strong><br />(+20 for winning)
|c|☆claudechamp|gg
|l|☆OreoTomato
|player|p2|
