|j|☆prepare 4 die
|j|☆PowPowP0WER
|t:|1779961438
|gametype|singles
|player|p1|prepare 4 die|wallace|1456
|player|p2|PowPowP0WER|pokemonbreederf-gen4|1504
|gen|9
|tier|[Gen 9] OU
|rated|
|rule|HP Percentage Mod: HP is shown in percentages
|rule|Endless Battle Clause: Forcing endless battles is banned
|rule|Species Clause: Limit one of each Pokémon
|rule|OHKO Clause: OHKO moves are banned
|rule|Evasion Items Clause: Evasion items are banned
|rule|Evasion Moves Clause: Evasion moves are banned
|rule|Evasion Abilities Clause: Evasion abilities are banned
|rule|Sleep Moves Clause: Sleep-inducing moves are banned
|clearpoke
|poke|p1|Gallade, M|
|poke|p1|Ceruledge, M|
|poke|p1|Hatterene, F|
|poke|p1|Rillaboom, F|
|poke|p1|Iron Crown|
|poke|p1|Great Tusk|
|poke|p2|Rillaboom, F|
|poke|p2|Incineroar, F|
|poke|p2|Hawlucha, F|
|poke|p2|Iron Hands|
|poke|p2|Hoopa-Unbound|
|poke|p2|Quaquaval, M|
|teampreview
|
|t:|1779961474
|teamsize|p1|6
|teamsize|p2|6
|start
|switch|p1a: Hatterene|Hatterene, F|100/100
|switch|p2a: Incineroar|Incineroar, F|100/100
|-ability|p2a: Incineroar|Intimidate|boost
|-unboost|p1a: Hatterene|atk|1
|turn|1
|
|t:|1779961486
|move|p2a: Incineroar|Knock Off|p1a: Hatterene
|-damage|p1a: Hatterene|68/100
|-enditem|p1a: Hatterene|Covert Cloak|[from] move: Knock Off|[of] p2a: Incineroar
|move|p1a: Hatterene|Nuzzle|p2a: Incineroar
|-damage|p2a: Incineroar|98/100
|-status|p2a: Incineroar|par
|
|-heal|p2a: Incineroar|100/100 par|[from] item: Leftovers
|upkeep
|turn|2
|
|t:|1779961491
|move|p1a: Hatterene|Draining Kiss|p2a: Incineroar
|-damage|p2a: Incineroar|81/100 par
|-heal|p1a: Hatterene|87/100|[from] drain|[of] p2a: Incineroar
|move|p2a: Incineroar|Flare Blitz|p1a: Hatterene
|-damage|p1a: Hatterene|46/100
|-damage|p2a: Incineroar|70/100 par|[from] Recoil
|
|-heal|p2a: Incineroar|76/100 par|[from] item: Leftovers
|upkeep
|turn|3
|
|t:|1779961505
|move|p1a: Hatterene|Draining Kiss|p2a: Incineroar
|-damage|p2a: Incineroar|54/100 par
|-heal|p1a: Hatterene|67/100|[from] drain|[of] p2a: Incineroar
|cant|p2a: Incineroar|par
|
|-heal|p2a: Incineroar|60/100 par|[from] item: Leftovers
|upkeep
|turn|4
|
|t:|1779961515
|move|p1a: Hatterene|Calm Mind|p1a: Hatterene
|-boost|p1a: Hatterene|spa|1
|-boost|p1a: Hatterene|spd|1
|cant|p2a: Incineroar|par
|
|-heal|p2a: Incineroar|66/100 par|[from] item: Leftovers
|upkeep
|turn|5
|
|t:|1779961522
|move|p1a: Hatterene|Calm Mind|p1a: Hatterene
|-boost|p1a: Hatterene|spa|1
|-boost|p1a: Hatterene|spd|1
|move|p2a: Incineroar|Flare Blitz|p1a: Hatterene
|-damage|p1a: Hatterene|27/100
|-status|p1a: Hatterene|brn
|-damage|p2a: Incineroar|55/100 par|[from] Recoil
|
|-heal|p2a: Incineroar|61/100 par|[from] item: Leftovers
|-damage|p1a: Hatterene|21/100 brn|[from] brn
|upkeep
|turn|6
|
|t:|1779961525
|move|p1a: Hatterene|Draining Kiss|p2a: Incineroar
|-damage|p2a: Incineroar|21/100 par
|-heal|p1a: Hatterene|59/100 brn|[from] drain|[of] p2a: Incineroar
|cant|p2a: Incineroar|par
|
|-heal|p2a: Incineroar|27/100 par|[from] item: Leftovers
|-damage|p1a: Hatterene|53/100 brn|[from] brn
|upkeep
|turn|7
|
|t:|1779961531
|move|p1a: Hatterene|Draining Kiss|p2a: Incineroar
|-damage|p2a: Incineroar|0 fnt
|-heal|p1a: Hatterene|77/100 brn|[from] drain|[of] p2a: Incineroar
|faint|p2a: Incineroar
|
|-damage|p1a: Hatterene|71/100 brn|[from] brn
|upkeep
|
|t:|1779961533
|switch|p2a: Rillaboom|Rillaboom, F|100/100
|-fieldstart|move: Grassy Terrain|[from] ability: Grassy Surge|[of] p2a: Rillaboom
|turn|8
|
|t:|1779961542
|move|p2a: Rillaboom|Wood Hammer|p1a: Hatterene
|-damage|p1a: Hatterene|0 fnt
|faint|p1a: Hatterene
|-damage|p2a: Rillaboom|80/100|[from] Recoil
|
|-heal|p2a: Rillaboom|86/100|[from] Grassy Terrain
|upkeep
|
|t:|1779961575
|switch|p1a: Ceruledge|Ceruledge, M|100/100
|turn|9
|
|t:|1779961585
|switch|p1a: Gallade|Gallade, M|100/100
|switch|p2a: Hawlucha|Hawlucha, F|100/100
|-enditem|p2a: Hawlucha|Grassy Seed
|-boost|p2a: Hawlucha|def|1|[from] item: Grassy Seed
|
|upkeep
|turn|10
|
|t:|1779961603
|switch|p1a: Iron Crown|Iron Crown|100/100
|move|p2a: Hawlucha|Acrobatics|p1a: Iron Crown
|-resisted|p1a: Iron Crown
|-damage|p1a: Iron Crown|73/100
|
|-heal|p1a: Iron Crown|80/100|[from] Grassy Terrain
|upkeep
|turn|11
|
|t:|1779961612
|-terastallize|p2a: Hawlucha|Flying
|move|p2a: Hawlucha|Swords Dance|p2a: Hawlucha
|-boost|p2a: Hawlucha|atk|2
|move|p1a: Iron Crown|Future Sight|p2a: Hawlucha
|-start|p1a: Iron Crown|move: Future Sight
|
|-heal|p1a: Iron Crown|86/100|[from] Grassy Terrain
|upkeep
|turn|12
|
|t:|1779961628
|move|p2a: Hawlucha|Close Combat|p1a: Iron Crown
|-damage|p1a: Iron Crown|0 fnt
|-unboost|p2a: Hawlucha|def|1
|-unboost|p2a: Hawlucha|spd|1
|faint|p1a: Iron Crown
|-end|p1a: Iron Crown|Quark Drive|[silent]
|
|-fieldend|move: Grassy Terrain
|upkeep
|
|t:|1779961644
|switch|p1a: Ceruledge|Ceruledge, M|100/100
|turn|13
|
|t:|1779961653
|switch|p2a: Hoopa|Hoopa-Unbound|100/100
|move|p1a: Ceruledge|Bitter Blade|p2a: Hoopa
|-damage|p2a: Hoopa|40/100
|
|-end|p2a: Hoopa|move: Future Sight
|-immune|p2a: Hoopa
|upkeep
|turn|14
|
|t:|1779961659
|move|p1a: Ceruledge|Bitter Blade|p2a: Hoopa
|-damage|p2a: Hoopa|0 fnt
|faint|p2a: Hoopa
|
|upkeep
|
|t:|1779961661
|switch|p2a: Quaquaval|Quaquaval, M|100/100
|turn|15
|
|t:|1779961707
|switch|p1a: Rillaboom|Rillaboom, F|100/100
|-fieldstart|move: Grassy Terrain|[from] ability: Grassy Surge|[of] p1a: Rillaboom
|move|p2a: Quaquaval|Aqua Step|p1a: Rillaboom
|-resisted|p1a: Rillaboom
|-damage|p1a: Rillaboom|81/100
|-boost|p2a: Quaquaval|spe|1
|
|-heal|p1a: Rillaboom|87/100|[from] Grassy Terrain
|upkeep
|turn|16
|
|t:|1779961726
|move|p2a: Quaquaval|U-turn|p1a: Rillaboom
|-supereffective|p1a: Rillaboom
|-damage|p1a: Rillaboom|34/100
|
|t:|1779961728
|switch|p2a: Rillaboom|Rillaboom, F|86/100|[from] U-turn
|move|p1a: Rillaboom|Wood Hammer|p2a: Rillaboom
|-resisted|p2a: Rillaboom
|-damage|p2a: Rillaboom|31/100
|-damage|p1a: Rillaboom|15/100|[from] Recoil
|-damage|p1a: Rillaboom|5/100|[from] item: Life Orb
|
|-heal|p1a: Rillaboom|11/100|[from] Grassy Terrain
|-heal|p2a: Rillaboom|37/100|[from] Grassy Terrain
|upkeep
|turn|17
|
|t:|1779961733
|move|p1a: Rillaboom|Grassy Glide|p2a: Rillaboom
|-resisted|p2a: Rillaboom
|-damage|p2a: Rillaboom|7/100
|-damage|p1a: Rillaboom|1/100|[from] item: Life Orb
|move|p2a: Rillaboom|Grassy Glide|p1a: Rillaboom
|-resisted|p1a: Rillaboom
|-damage|p1a: Rillaboom|0 fnt
|faint|p1a: Rillaboom
|
|-heal|p2a: Rillaboom|14/100|[from] Grassy Terrain
|upkeep
|
|t:|1779961759
|switch|p1a: Ceruledge|Ceruledge, M|100/100
|turn|18
|
|t:|1779961764
|move|p1a: Ceruledge|Shadow Sneak|p2a: Rillaboom
|-damage|p2a: Rillaboom|0 fnt
|faint|p2a: Rillaboom
|
|upkeep
|
|t:|1779961767
|switch|p2a: Iron Hands|Iron Hands|100/100
|-enditem|p2a: Iron Hands|Booster Energy
|-activate|p2a: Iron Hands|ability: Quark Drive|[fromitem]
|-start|p2a: Iron Hands|quarkdriveatk
|turn|19
|
|t:|1779961775
|switch|p1a: Great Tusk|Great Tusk|100/100
|move|p2a: Iron Hands|Ice Punch|p1a: Great Tusk
|-supereffective|p1a: Great Tusk
|-damage|p1a: Great Tusk|48/100
|-damage|p2a: Iron Hands|84/100|[from] item: Rocky Helmet|[of] p1a: Great Tusk
|
|-heal|p1a: Great Tusk|54/100|[from] Grassy Terrain
|-heal|p2a: Iron Hands|90/100|[from] Grassy Terrain
|-fieldend|move: Grassy Terrain
|upkeep
|turn|20
|
|t:|1779961786
|-end|p2a: Iron Hands|Quark Drive|[silent]
|switch|p2a: Hawlucha|Hawlucha, F, tera:Flying|100/100
|move|p1a: Great Tusk|Headlong Rush|p2a: Hawlucha
|-immune|p2a: Hawlucha
|
|upkeep
|turn|21
|
|t:|1779961804
|-terastallize|p1a: Great Tusk|Steel
|move|p2a: Hawlucha|Acrobatics|p1a: Great Tusk
|-resisted|p1a: Great Tusk
|-damage|p1a: Great Tusk|27/100
|-damage|p2a: Hawlucha|84/100|[from] item: Rocky Helmet|[of] p1a: Great Tusk
|move|p1a: Great Tusk|Ice Spinner|p2a: Hawlucha
|-supereffective|p2a: Hawlucha
|-damage|p2a: Hawlucha|8/100
|
|upkeep
|turn|22
|
|t:|1779961840
|switch|p2a: Quaquaval|Quaquaval, M|100/100
|move|p1a: Great Tusk|Ice Spinner|p2a: Quaquaval
|-resisted|p2a: Quaquaval
|-damage|p2a: Quaquaval|83/100
|
|upkeep
|turn|23
|
|t:|1779961843
|move|p1a: Great Tusk|Headlong Rush|p2a: Quaquaval
|-damage|p2a: Quaquaval|10/100
|-unboost|p1a: Great Tusk|def|1
|-unboost|p1a: Great Tusk|spd|1
|move|p2a: Quaquaval|Aqua Step|p1a: Great Tusk
|-damage|p1a: Great Tusk|0 fnt
|-boost|p2a: Quaquaval|spe|1
|-damage|p2a: Quaquaval|0 fnt|[from] item: Rocky Helmet|[of] p1a: Great Tusk
|faint|p1a: Great Tusk
|-end|p1a: Great Tusk|Protosynthesis|[silent]
|faint|p2a: Quaquaval
|
|upkeep
|
|t:|1779961859
|switch|p1a: Gallade|Gallade, M|100/100
|switch|p2a: Iron Hands|Iron Hands|90/100
|turn|24
|
|t:|1779961868
|move|p1a: Gallade|Psycho Cut|p2a: Iron Hands
|-supereffective|p2a: Iron Hands
|-crit|p2a: Iron Hands
|-damage|p2a: Iron Hands|0 fnt
|faint|p2a: Iron Hands
|-end|p2a: Iron Hands|Quark Drive|[silent]
|-damage|p1a: Gallade|91/100|[from] item: Life Orb
|
|upkeep
|-message|PowPowP0WER forfeited.
|
|win|prepare 4 die
|raw|prepare 4 die's rating: 1456 &rarr; <strong>1479</strong><br />(+23 for winning)
|raw|PowPowP0WER's rating: 1504 &rarr; <strong>1481</strong><br />(-23 for losing)
|l|☆PowPowP0WER
|player|p2|
|l|☆prepare 4 die
|player|p1|
