|j|☆zthariq
|j|☆MAGAboominGOOCH
|t:|1779932374
|gametype|singles
|player|p1|zthariq|265|1140
|player|p2|MAGAboominGOOCH|supernerd|1148
|gen|9
|tier|[Gen 9] OU
|rated|
|rule|HP Percentage Mod: HP is shown in percentages
|rule|Endless Battle Clause: Forcing endless battles is banned
|rule|Species Clause: Limit one of each Pokémon
|rule|OHKO Clause: OHKO moves are banned
|rule|Evasion Items Clause: Evasion items are banned
|rule|Evasion Moves Clause: Evasion moves are banned
|rule|Evasion Abilities Clause: Evasion abilities are banned
|rule|Sleep Moves Clause: Sleep-inducing moves are banned
|clearpoke
|poke|p1|Tinkaton, F|
|poke|p1|Sawsbuck-Autumn, F|
|poke|p1|Fezandipiti, M|
|poke|p1|Ditto|
|poke|p1|Hoopa-Unbound|
|poke|p1|Garganacl, F|
|poke|p2|Glimmora, M|
|poke|p2|Arcanine-Hisui, M|
|poke|p2|Torkoal, M|
|poke|p2|Houndoom, M|
|poke|p2|Inteleon, M|
|poke|p2|Scovillain, M|
|teampreview
|inactive|Battle timer is ON: inactive players will automatically lose when time's up. (requested by zthariq)
|
|t:|1779932398
|teamsize|p1|6
|teamsize|p2|6
|start
|switch|p1a: Tinkaton|Tinkaton, F|100/100
|switch|p2a: Glimmora|Glimmora, M|100/100
|-ability|p1a: Tinkaton|Mold Breaker
|-item|p2a: Glimmora|Air Balloon
|turn|1
|
|t:|1779932420
|move|p1a: Tinkaton|Gigaton Hammer|p2a: Glimmora
|-supereffective|p2a: Glimmora
|-damage|p2a: Glimmora|0 fnt
|-activate|p2a: Glimmora|ability: Toxic Debris
|-sidestart|p1: zthariq|move: Toxic Spikes
|-enditem|p2a: Glimmora|Air Balloon
|faint|p2a: Glimmora
|
|upkeep
|
|t:|1779932423
|switch|p2a: Torkoal|Torkoal, M|100/100
|-weather|SunnyDay|[from] ability: Drought|[of] p2a: Torkoal
|turn|2
|inactive|zthariq has 120 seconds left.
|inactive|zthariq has 90 seconds left.
|
|t:|1779932480
|switch|p1a: Fezandipiti|Fezandipiti, M|100/100
|-sideend|p1: zthariq|move: Toxic Spikes|[of] p1a: Fezandipiti
|move|p2a: Torkoal|Eruption|p1a: Fezandipiti
|-damage|p1a: Fezandipiti|26/100
|
|-weather|SunnyDay|[upkeep]
|upkeep
|turn|3
|inactive|zthariq has 90 seconds left.
|
|t:|1779932514
|move|p1a: Fezandipiti|Toxic|p2a: Torkoal
|-status|p2a: Torkoal|tox
|move|p2a: Torkoal|Flamethrower|p1a: Fezandipiti
|-damage|p1a: Fezandipiti|0 fnt
|faint|p1a: Fezandipiti
|
|-weather|SunnyDay|[upkeep]
|-damage|p2a: Torkoal|94/100 tox|[from] psn
|upkeep
|inactive|zthariq has 60 seconds left.
|
|t:|1779932529
|switch|p1a: Tinkaton|Tinkaton, F|100/100
|-ability|p1a: Tinkaton|Mold Breaker
|turn|4
|inactive|zthariq has 60 seconds left.
|
|t:|1779932548
|-terastallize|p1a: Tinkaton|Water
|move|p1a: Tinkaton|Knock Off|p2a: Torkoal
|-damage|p2a: Torkoal|80/100 tox
|-enditem|p2a: Torkoal|Heat Rock|[from] move: Knock Off|[of] p1a: Tinkaton
|move|p2a: Torkoal|Flamethrower|p1a: Tinkaton
|-resisted|p1a: Tinkaton
|-damage|p1a: Tinkaton|76/100
|-enditem|p1a: Tinkaton|Red Card|[of] p2a: Torkoal
|drag|p2a: Arcanine|Arcanine-Hisui, M|100/100
|
|-weather|SunnyDay|[upkeep]
|upkeep
|turn|5
|inactive|zthariq has 60 seconds left.
|
|t:|1779932569
|-terastallize|p2a: Arcanine|Normal
|move|p1a: Tinkaton|Gigaton Hammer|p2a: Arcanine
|-damage|p2a: Arcanine|42/100
|move|p2a: Arcanine|Wild Charge|p1a: Tinkaton
|-supereffective|p1a: Tinkaton
|-crit|p1a: Tinkaton
|-damage|p1a: Tinkaton|0 fnt
|faint|p1a: Tinkaton
|-damage|p2a: Arcanine|32/100|[from] item: Life Orb
|
|-weather|SunnyDay|[upkeep]
|upkeep
|
|t:|1779932589
|switch|p1a: Garganacl|Garganacl, F|100/100
|turn|6
|
|t:|1779932602
|switch|p2a: Scovillain|Scovillain, M, shiny|100/100
|move|p1a: Garganacl|Body Press|p2a: Scovillain
|-damage|p2a: Scovillain|58/100
|
|-weather|SunnyDay|[upkeep]
|upkeep
|turn|7
|
|t:|1779932613
|move|p2a: Scovillain|Giga Drain|p1a: Garganacl
|-supereffective|p1a: Garganacl
|-damage|p1a: Garganacl|53/100
|-heal|p2a: Scovillain|93/100|[from] drain|[of] p1a: Garganacl
|move|p1a: Garganacl|Iron Defense|p1a: Garganacl
|-boost|p1a: Garganacl|def|2
|
|-weather|SunnyDay|[upkeep]
|-heal|p1a: Garganacl|59/100|[from] item: Leftovers
|upkeep
|turn|8
|
|t:|1779932622
|move|p2a: Scovillain|Solar Beam||[still]
|-prepare|p2a: Scovillain|Solar Beam
|-anim|p2a: Scovillain|Solar Beam|p1a: Garganacl
|-supereffective|p1a: Garganacl
|-damage|p1a: Garganacl|0 fnt
|faint|p1a: Garganacl
|
|-weather|SunnyDay|[upkeep]
|upkeep
|
|t:|1779932634
|switch|p1a: Hoopa|Hoopa-Unbound|100/100
|turn|9
|
|t:|1779932646
|move|p2a: Scovillain|Flamethrower|p1a: Hoopa
|-damage|p1a: Hoopa|42/100
|move|p1a: Hoopa|Psychic Noise|p2a: Scovillain
|-damage|p2a: Scovillain|0 fnt
|faint|p2a: Scovillain
|-damage|p1a: Hoopa|32/100|[from] item: Life Orb
|
|-weather|none
|upkeep
|
|t:|1779932655
|switch|p2a: Inteleon|Inteleon, M, shiny|100/100
|turn|10
|
|t:|1779932676
|move|p2a: Inteleon|Fell Stinger|p1a: Hoopa
|-supereffective|p1a: Hoopa
|-damage|p1a: Hoopa|0 fnt
|faint|p1a: Hoopa
|-boost|p2a: Inteleon|atk|3
|
|upkeep
|
|t:|1779932683
|switch|p1a: Sawsbuck|Sawsbuck-Autumn, F|100/100
|turn|11
|
|t:|1779932696
|move|p2a: Inteleon|Fell Stinger|p1a: Sawsbuck
|-supereffective|p1a: Sawsbuck
|-damage|p1a: Sawsbuck|0 fnt
|faint|p1a: Sawsbuck
|-boost|p2a: Inteleon|atk|3
|
|upkeep
|
|t:|1779932702
|switch|p1a: Ditto|Ditto|100/100
|-transform|p1a: Ditto|p2a: Inteleon|[from] ability: Imposter
|turn|12
|
|t:|1779932713
|move|p2a: Inteleon|Sucker Punch|p1a: Ditto
|-damage|p1a: Ditto|0 fnt
|faint|p1a: Ditto
|
|win|MAGAboominGOOCH
|raw|zthariq's rating: 1140 &rarr; <strong>1116</strong><br />(-24 for losing)
|raw|MAGAboominGOOCH's rating: 1148 &rarr; <strong>1172</strong><br />(+24 for winning)
|l|☆zthariq
|player|p1|
|c|☆MAGAboominGOOCH|gg
|l|☆MAGAboominGOOCH
|player|p2|
