|j|‽dhklserdtfyguhi
|j|☆BugCatcherWeevil
|t:|1779866154
|gametype|singles
|player|p1|dhklserdtfyguhi|elesa|1506
|player|p2|BugCatcherWeevil|265|1617
|gen|9
|tier|[Gen 9] OU
|rated|
|rule|HP Percentage Mod: HP is shown in percentages
|rule|Endless Battle Clause: Forcing endless battles is banned
|rule|Species Clause: Limit one of each Pokémon
|rule|OHKO Clause: OHKO moves are banned
|rule|Evasion Items Clause: Evasion items are banned
|rule|Evasion Moves Clause: Evasion moves are banned
|rule|Evasion Abilities Clause: Evasion abilities are banned
|rule|Sleep Moves Clause: Sleep-inducing moves are banned
|clearpoke
|poke|p1|Pelipper, L99, F|
|poke|p1|Barraskewda, F|
|poke|p1|Raging Bolt|
|poke|p1|Golduck, M|
|poke|p1|Pawmot, F|
|poke|p1|Tentacruel, F|
|poke|p2|Weavile, F|
|poke|p2|Moltres|
|poke|p2|Hoopa-Unbound|
|poke|p2|Enamorus, F|
|poke|p2|Iron Treads|
|poke|p2|Zamazenta-*|
|teampreview
|inactive|Battle timer is ON: inactive players will automatically lose when time's up. (requested by dhklserdtfyguhi)
|
|t:|1779866175
|teamsize|p1|6
|teamsize|p2|6
|start
|switch|p1a: Pelipper|Pelipper, L99, F|100/100
|switch|p2a: Weavile|Weavile, F|100/100
|-ability|p2a: Weavile|Pressure
|-weather|RainDance|[from] ability: Drizzle|[of] p1a: Pelipper
|turn|1
|
|t:|1779866180
|switch|p1a: Pawmot|Pawmot, F|100/100
|-terastallize|p2a: Weavile|Dark
|move|p2a: Weavile|Beat Up|p1a: Pawmot
|-resisted|p1a: Pawmot
|-damage|p1a: Pawmot|88/100
|-resisted|p1a: Pawmot
|-damage|p1a: Pawmot|79/100
|-resisted|p1a: Pawmot
|-damage|p1a: Pawmot|66/100
|-resisted|p1a: Pawmot
|-damage|p1a: Pawmot|56/100
|-resisted|p1a: Pawmot
|-damage|p1a: Pawmot|46/100
|-resisted|p1a: Pawmot
|-damage|p1a: Pawmot|34/100
|-hitcount|p1a: Pawmot|6
|
|-weather|RainDance|[upkeep]
|upkeep
|turn|2
|
|t:|1779866196
|switch|p2a: Moltres|Moltres|100/100
|move|p1a: Pawmot|Nuzzle|p2a: Moltres
|-supereffective|p2a: Moltres
|-damage|p2a: Moltres|91/100
|-status|p2a: Moltres|par
|
|-weather|RainDance|[upkeep]
|upkeep
|turn|3
|
|t:|1779866204
|switch|p1a: Golduck|Golduck, M|100/100
|move|p2a: Moltres|U-turn|p1a: Golduck
|-damage|p1a: Golduck|80/100
|
|t:|1779866209
|switch|p2a: Hoopa|Hoopa-Unbound|100/100|[from] U-turn
|
|-weather|RainDance|[upkeep]
|upkeep
|turn|4
|
|t:|1779866216
|move|p1a: Golduck|Hydro Pump|p2a: Hoopa
|-damage|p2a: Hoopa|54/100
|-damage|p1a: Golduck|70/100|[from] item: Life Orb
|move|p2a: Hoopa|Knock Off|p1a: Golduck
|-damage|p1a: Golduck|4/100
|-enditem|p1a: Golduck|Life Orb|[from] move: Knock Off|[of] p2a: Hoopa
|
|-weather|RainDance|[upkeep]
|upkeep
|turn|5
|
|t:|1779866226
|move|p1a: Golduck|Hydro Pump|p2a: Hoopa
|-damage|p2a: Hoopa|18/100
|move|p2a: Hoopa|Knock Off|p1a: Golduck
|-damage|p1a: Golduck|0 fnt
|faint|p1a: Golduck
|
|-weather|RainDance|[upkeep]
|upkeep
|
|t:|1779866228
|switch|p1a: Barraskewda|Barraskewda, F|100/100
|turn|6
|
|t:|1779866236
|switch|p2a: Zamazenta|Zamazenta|100/100
|-ability|p2a: Zamazenta|Dauntless Shield|boost
|-boost|p2a: Zamazenta|def|1
|move|p1a: Barraskewda|Liquidation|p2a: Zamazenta
|-damage|p2a: Zamazenta|57/100
|
|-weather|RainDance|[upkeep]
|-heal|p2a: Zamazenta|63/100|[from] item: Leftovers
|upkeep
|turn|7
|
|t:|1779866246
|move|p1a: Barraskewda|Flip Turn|p2a: Zamazenta
|-crit|p2a: Zamazenta
|-damage|p2a: Zamazenta|0 fnt
|faint|p2a: Zamazenta
|
|t:|1779866252
|switch|p1a: Tentacruel|Tentacruel, F|100/100|[from] Flip Turn
|
|-weather|RainDance|[upkeep]
|upkeep
|
|t:|1779866259
|switch|p2a: Weavile|Weavile, F, tera:Dark|100/100
|-ability|p2a: Weavile|Pressure
|turn|8
|
|t:|1779866269
|move|p2a: Weavile|Knock Off|p1a: Tentacruel
|-damage|p1a: Tentacruel|0 fnt
|-enditem|p1a: Tentacruel|Assault Vest|[from] move: Knock Off|[of] p2a: Weavile
|faint|p1a: Tentacruel
|
|-weather|none
|upkeep
|
|t:|1779866272
|switch|p1a: Pelipper|Pelipper, L99, F|100/100
|-weather|RainDance|[from] ability: Drizzle|[of] p1a: Pelipper
|turn|9
|
|t:|1779866277
|switch|p1a: Pawmot|Pawmot, F|34/100
|move|p2a: Weavile|Knock Off|p1a: Pawmot
|-resisted|p1a: Pawmot
|-damage|p1a: Pawmot|0 fnt
|-enditem|p1a: Pawmot|Leppa Berry|[from] move: Knock Off|[of] p2a: Weavile
|faint|p1a: Pawmot
|
|-weather|RainDance|[upkeep]
|upkeep
|
|t:|1779866278
|switch|p1a: Barraskewda|Barraskewda, F|100/100
|turn|10
|j| Shiestfirefire
|
|t:|1779866289
|switch|p2a: Moltres|Moltres|91/100 par
|move|p1a: Barraskewda|Liquidation|p2a: Moltres
|-supereffective|p2a: Moltres
|-damage|p2a: Moltres|0 fnt
|-status|p1a: Barraskewda|brn|[from] ability: Flame Body|[of] p2a: Moltres
|faint|p2a: Moltres
|
|-weather|RainDance|[upkeep]
|-damage|p1a: Barraskewda|94/100 brn|[from] brn
|upkeep
|
|t:|1779866309
|switch|p2a: Enamorus|Enamorus, F|100/100
|turn|11
|
|t:|1779866315
|-terastallize|p1a: Barraskewda|Poison
|move|p1a: Barraskewda|Poison Jab|p2a: Enamorus
|-supereffective|p2a: Enamorus
|-damage|p2a: Enamorus|31/100
|-status|p2a: Enamorus|psn
|move|p2a: Enamorus|Moonblast|p1a: Barraskewda
|-resisted|p1a: Barraskewda
|-damage|p1a: Barraskewda|37/100 brn
|
|-weather|RainDance|[upkeep]
|-damage|p2a: Enamorus|18/100 psn|[from] psn
|-damage|p1a: Barraskewda|31/100 brn|[from] brn
|upkeep
|turn|12
|l| Shiestfirefire
|j| Shiestfirefire
|
|t:|1779866333
|switch|p2a: Hoopa|Hoopa-Unbound|18/100
|move|p1a: Barraskewda|Flip Turn|p2a: Hoopa
|-damage|p2a: Hoopa|0 fnt
|faint|p2a: Hoopa
|
|t:|1779866335
|switch|p1a: Raging Bolt|Raging Bolt|100/100|[from] Flip Turn
|
|-weather|RainDance|[upkeep]
|upkeep
|l| Shiestfirefire
|
|t:|1779866341
|switch|p2a: Iron Treads|Iron Treads|100/100
|turn|13
|
|t:|1779866346
|-end|p1a: Raging Bolt|Protosynthesis|[silent]
|switch|p1a: Pelipper|Pelipper, L99, F|100/100
|move|p2a: Iron Treads|Earthquake|p1a: Pelipper
|-immune|p1a: Pelipper
|
|-weather|RainDance|[upkeep]
|upkeep
|turn|14
|
|t:|1779866352
|move|p2a: Iron Treads|Stealth Rock|p1a: Pelipper
|-sidestart|p1: dhklserdtfyguhi|move: Stealth Rock
|move|p1a: Pelipper|Surf|p2a: Iron Treads
|-supereffective|p2a: Iron Treads
|-damage|p2a: Iron Treads|0 fnt
|faint|p2a: Iron Treads
|-end|p2a: Iron Treads|Quark Drive|[silent]
|
|-weather|RainDance|[upkeep]
|upkeep
|
|t:|1779866363
|switch|p2a: Weavile|Weavile, F, tera:Dark|100/100
|-ability|p2a: Weavile|Pressure
|turn|15
|
|t:|1779866368
|move|p2a: Weavile|Knock Off|p1a: Pelipper
|-damage|p1a: Pelipper|32/100
|-enditem|p1a: Pelipper|Damp Rock|[from] move: Knock Off|[of] p2a: Weavile
|move|p1a: Pelipper|Surf|p2a: Weavile
|-damage|p2a: Weavile|46/100
|
|-weather|RainDance|[upkeep]
|upkeep
|turn|16
|
|t:|1779866375
|move|p2a: Weavile|Knock Off|p1a: Pelipper
|-damage|p1a: Pelipper|0 fnt
|faint|p1a: Pelipper
|
|-weather|none
|upkeep
|
|t:|1779866377
|switch|p1a: Raging Bolt|Raging Bolt|100/100
|-damage|p1a: Raging Bolt|88/100|[from] Stealth Rock
|turn|17
|
|t:|1779866388
|switch|p2a: Enamorus|Enamorus, F|18/100 psn
|move|p1a: Raging Bolt|Thunderclap||[still]
|-fail|p1a: Raging Bolt
|
|-heal|p1a: Raging Bolt|94/100|[from] item: Leftovers
|-damage|p2a: Enamorus|6/100 psn|[from] psn
|upkeep
|turn|18
|
|t:|1779866393
|move|p1a: Raging Bolt|Thunderclap||[still]
|-fail|p1a: Raging Bolt
|move|p2a: Enamorus|Healing Wish|p2a: Enamorus
|faint|p2a: Enamorus
|
|-heal|p1a: Raging Bolt|100/100|[from] item: Leftovers
|upkeep
|
|t:|1779866395
|switch|p2a: Weavile|Weavile, F, tera:Dark|46/100
|-heal|p2a: Weavile|100/100|[from] move: Healing Wish
|-ability|p2a: Weavile|Pressure
|turn|19
|
|t:|1779866401
|move|p1a: Raging Bolt|Thunderclap|p2a: Weavile
|-damage|p2a: Weavile|39/100
|move|p2a: Weavile|Triple Axel|p1a: Raging Bolt|[miss]
|-miss|p2a: Weavile|p1a: Raging Bolt
|
|upkeep
|turn|20
|j| hattybatty304
|-message|BugCatcherWeevil forfeited.
|
|win|dhklserdtfyguhi
|raw|dhklserdtfyguhi's rating: 1506 &rarr; <strong>1532</strong><br />(+26 for winning)
|raw|BugCatcherWeevil's rating: 1617 &rarr; <strong>1591</strong><br />(-26 for losing)
|l|☆BugCatcherWeevil
|player|p2|
|l| hattybatty304
|l|‽dhklserdtfyguhi
|player|p1|
