|j|☆ja hoi
|j|☆gyhe
|t:|1779890360
|gametype|singles
|player|p1|ja hoi|265|1593
|player|p2|gyhe|2|1573
|gen|9
|tier|[Gen 9] OU
|rated|
|rule|HP Percentage Mod: HP is shown in percentages
|rule|Endless Battle Clause: Forcing endless battles is banned
|rule|Species Clause: Limit one of each Pokémon
|rule|OHKO Clause: OHKO moves are banned
|rule|Evasion Items Clause: Evasion items are banned
|rule|Evasion Moves Clause: Evasion moves are banned
|rule|Evasion Abilities Clause: Evasion abilities are banned
|rule|Sleep Moves Clause: Sleep-inducing moves are banned
|clearpoke
|poke|p1|Quaquaval, M|
|poke|p1|Zamazenta-*|
|poke|p1|Dragapult, M|
|poke|p1|Garganacl, F|
|poke|p1|Grimmsnarl, M|
|poke|p1|Iron Moth|
|poke|p2|Lokix, M|
|poke|p2|Pecharunt|
|poke|p2|Zamazenta-*|
|poke|p2|Ting-Lu|
|poke|p2|Latios, M|
|poke|p2|Gliscor, M|
|teampreview
|inactive|Battle timer is ON: inactive players will automatically lose when time's up. (requested by ja hoi)
|
|t:|1779890381
|teamsize|p1|6
|teamsize|p2|6
|start
|switch|p1a: Grimmsnarl|Grimmsnarl, M|100/100
|switch|p2a: Lokix|Lokix, M|100/100
|turn|1
|inactive|ja hoi has 120 seconds left.
|
|t:|1779890417
|move|p2a: Lokix|First Impression|p1a: Grimmsnarl
|-crit|p1a: Grimmsnarl
|-damage|p1a: Grimmsnarl|18/100
|move|p1a: Grimmsnarl|Reflect|p1a: Grimmsnarl
|-sidestart|p1: ja hoi|Reflect
|
|upkeep
|turn|2
|inactive|ja hoi has 120 seconds left.
|
|t:|1779890423
|move|p1a: Grimmsnarl|Light Screen|p1a: Grimmsnarl
|-sidestart|p1: ja hoi|move: Light Screen
|move|p2a: Lokix|Knock Off|p1a: Grimmsnarl
|-resisted|p1a: Grimmsnarl
|-damage|p1a: Grimmsnarl|4/100
|-enditem|p1a: Grimmsnarl|Light Clay|[from] move: Knock Off|[of] p2a: Lokix
|
|upkeep
|turn|3
|
|t:|1779890430
|switch|p1a: Zamazenta|Zamazenta|100/100
|-ability|p1a: Zamazenta|Dauntless Shield|boost
|-boost|p1a: Zamazenta|def|1
|move|p2a: Lokix|Knock Off|p1a: Zamazenta
|-resisted|p1a: Zamazenta
|-damage|p1a: Zamazenta|88/100
|-enditem|p1a: Zamazenta|Leftovers|[from] move: Knock Off|[of] p2a: Lokix
|
|upkeep
|turn|4
|
|t:|1779890445
|switch|p2a: Pecharunt|Pecharunt|100/100
|move|p1a: Zamazenta|Crunch|p2a: Pecharunt
|-supereffective|p2a: Pecharunt
|-damage|p2a: Pecharunt|81/100
|
|upkeep
|turn|5
|inactive|ja hoi has 120 seconds left.
|
|t:|1779890470
|switch|p1a: Garganacl|Garganacl, F|100/100
|move|p2a: Pecharunt|Malignant Chain|p1a: Garganacl
|-resisted|p1a: Garganacl
|-damage|p1a: Garganacl|95/100
|
|-heal|p1a: Garganacl|100/100|[from] item: Leftovers
|upkeep
|turn|6
|inactive|ja hoi has 120 seconds left.
|
|t:|1779890479
|move|p2a: Pecharunt|Parting Shot|p1a: Garganacl
|-unboost|p1a: Garganacl|atk|1
|-unboost|p1a: Garganacl|spa|1
|
|t:|1779890482
|switch|p2a: Gliscor|Gliscor, M|100/100|[from] Parting Shot
|move|p1a: Garganacl|Salt Cure|p2a: Gliscor
|-damage|p2a: Gliscor|94/100
|-start|p2a: Gliscor|Salt Cure
|
|-damage|p2a: Gliscor|81/100|[from] Salt Cure
|-status|p2a: Gliscor|tox|[from] item: Toxic Orb
|upkeep
|turn|7
|inactive|ja hoi has 120 seconds left.
|
|t:|1779890508
|move|p2a: Gliscor|Spikes|p1a: Garganacl
|-sidestart|p1: ja hoi|Spikes
|move|p1a: Garganacl|Iron Defense|p1a: Garganacl
|-boost|p1a: Garganacl|def|2
|
|-heal|p2a: Gliscor|94/100 tox|[from] ability: Poison Heal
|-damage|p2a: Gliscor|81/100 tox|[from] Salt Cure
|upkeep
|turn|8
|
|t:|1779890533
|move|p2a: Gliscor|Knock Off|p1a: Garganacl
|-damage|p1a: Garganacl|97/100
|-enditem|p1a: Garganacl|Leftovers|[from] move: Knock Off|[of] p2a: Gliscor
|move|p1a: Garganacl|Salt Cure|p2a: Gliscor
|-damage|p2a: Gliscor|74/100 tox
|
|-heal|p2a: Gliscor|87/100 tox|[from] ability: Poison Heal
|-damage|p2a: Gliscor|74/100 tox|[from] Salt Cure
|-sideend|p1: ja hoi|Reflect
|upkeep
|turn|9
|inactive|ja hoi has 120 seconds left.
|
|t:|1779890544
|move|p2a: Gliscor|U-turn|p1a: Garganacl
|-damage|p1a: Garganacl|91/100
|
|t:|1779890551
|switch|p2a: Latios|Latios, M|100/100|[from] U-turn
|move|p1a: Garganacl|Iron Defense|p1a: Garganacl
|-boost|p1a: Garganacl|def|2
|
|-sideend|p1: ja hoi|move: Light Screen
|upkeep
|turn|10
|inactive|ja hoi has 120 seconds left.
|
|t:|1779890567
|move|p2a: Latios|Psychic Noise|p1a: Garganacl
|-damage|p1a: Garganacl|61/100
|-start|p1a: Garganacl|move: Heal Block
|move|p1a: Garganacl|Salt Cure|p2a: Latios
|-damage|p2a: Latios|88/100
|-start|p2a: Latios|Salt Cure
|
|-damage|p2a: Latios|76/100|[from] Salt Cure
|upkeep
|turn|11
|inactive|ja hoi has 120 seconds left.
|
|t:|1779890577
|move|p2a: Latios|Psychic Noise|p1a: Garganacl
|-damage|p1a: Garganacl|30/100
|move|p1a: Garganacl|Body Press|p2a: Latios
|-resisted|p2a: Latios
|-damage|p2a: Latios|27/100
|
|-damage|p2a: Latios|15/100|[from] Salt Cure
|-end|p1a: Garganacl|move: Heal Block
|upkeep
|turn|12
|inactive|ja hoi has 120 seconds left.
|
|t:|1779890598
|switch|p1a: Grimmsnarl|Grimmsnarl, M|4/100
|-damage|p1a: Grimmsnarl|0 fnt|[from] Spikes
|faint|p1a: Grimmsnarl
|move|p2a: Latios|Recover|p2a: Latios
|-heal|p2a: Latios|65/100
|
|-damage|p2a: Latios|53/100|[from] Salt Cure
|upkeep
|
|t:|1779890612
|switch|p1a: Iron Moth|Iron Moth|100/100
|-damage|p1a: Iron Moth|88/100|[from] Spikes
|-enditem|p1a: Iron Moth|Booster Energy
|-activate|p1a: Iron Moth|ability: Quark Drive|[fromitem]
|-start|p1a: Iron Moth|quarkdrivespa
|turn|13
|
|t:|1779890620
|switch|p2a: Ting-Lu|Ting-Lu|100/100
|-ability|p2a: Ting-Lu|Vessel of Ruin
|-terastallize|p1a: Iron Moth|Fire
|move|p1a: Iron Moth|Agility|p1a: Iron Moth
|-boost|p1a: Iron Moth|spe|2
|
|upkeep
|turn|14
|
|t:|1779890633
|-end|p1a: Iron Moth|Quark Drive|[silent]
|switch|p1a: Zamazenta|Zamazenta|88/100
|-damage|p1a: Zamazenta|76/100|[from] Spikes
|move|p2a: Ting-Lu|Earthquake|p1a: Zamazenta
|-damage|p1a: Zamazenta|49/100
|
|upkeep
|turn|15
|
|t:|1779890643
|switch|p2a: Pecharunt|Pecharunt|81/100
|move|p1a: Zamazenta|Body Press|p2a: Pecharunt
|-immune|p2a: Pecharunt
|
|upkeep
|turn|16
|inactive|ja hoi has 120 seconds left.
|
|t:|1779890649
|move|p1a: Zamazenta|Crunch|p2a: Pecharunt
|-supereffective|p2a: Pecharunt
|-damage|p2a: Pecharunt|60/100
|move|p2a: Pecharunt|Parting Shot|p1a: Zamazenta
|-unboost|p1a: Zamazenta|atk|1
|-unboost|p1a: Zamazenta|spa|1
|
|t:|1779890656
|switch|p2a: Latios|Latios, M|53/100|[from] Parting Shot
|
|upkeep
|turn|17
|
|t:|1779890670
|move|p1a: Zamazenta|Crunch|p2a: Latios
|-supereffective|p2a: Latios
|-damage|p2a: Latios|11/100
|move|p2a: Latios|Recover|p2a: Latios
|-heal|p2a: Latios|62/100
|
|upkeep
|turn|18
|
|t:|1779890681
|move|p1a: Zamazenta|Crunch|p2a: Latios
|-supereffective|p2a: Latios
|-damage|p2a: Latios|22/100
|move|p2a: Latios|Psychic Noise|p1a: Zamazenta
|-supereffective|p1a: Zamazenta
|-damage|p1a: Zamazenta|0 fnt
|faint|p1a: Zamazenta
|
|upkeep
|
|t:|1779890694
|switch|p1a: Iron Moth|Iron Moth, tera:Fire|88/100
|-damage|p1a: Iron Moth|76/100|[from] Spikes
|turn|19
|
|t:|1779890697
|switch|p2a: Ting-Lu|Ting-Lu|100/100
|-ability|p2a: Ting-Lu|Vessel of Ruin
|move|p1a: Iron Moth|Fiery Dance|p2a: Ting-Lu
|-damage|p2a: Ting-Lu|72/100
|
|-heal|p2a: Ting-Lu|78/100|[from] item: Leftovers
|upkeep
|turn|20
|
|t:|1779890705
|move|p1a: Iron Moth|Fiery Dance|p2a: Ting-Lu
|-damage|p2a: Ting-Lu|50/100
|-boost|p1a: Iron Moth|spa|1
|move|p2a: Ting-Lu|Stealth Rock|p1a: Iron Moth
|-sidestart|p1: ja hoi|move: Stealth Rock
|
|-heal|p2a: Ting-Lu|56/100|[from] item: Leftovers
|upkeep
|turn|21
|
|t:|1779890713
|move|p1a: Iron Moth|Energy Ball|p2a: Ting-Lu
|-supereffective|p2a: Ting-Lu
|-damage|p2a: Ting-Lu|9/100
|move|p2a: Ting-Lu|Earthquake|p1a: Iron Moth
|-supereffective|p1a: Iron Moth
|-damage|p1a: Iron Moth|0 fnt
|faint|p1a: Iron Moth
|-end|p1a: Iron Moth|Quark Drive|[silent]
|
|-heal|p2a: Ting-Lu|16/100|[from] item: Leftovers
|upkeep
|
|t:|1779890723
|switch|p1a: Quaquaval|Quaquaval, M|100/100
|-damage|p1a: Quaquaval|88/100|[from] Spikes
|-damage|p1a: Quaquaval|82/100|[from] Stealth Rock
|turn|22
|
|t:|1779890728
|switch|p2a: Pecharunt|Pecharunt|60/100
|move|p1a: Quaquaval|Aqua Step|p2a: Pecharunt
|-damage|p2a: Pecharunt|39/100
|-boost|p1a: Quaquaval|spe|1
|
|upkeep
|turn|23
|
|t:|1779890740
|move|p1a: Quaquaval|Aqua Step|p2a: Pecharunt
|-damage|p2a: Pecharunt|16/100
|-boost|p1a: Quaquaval|spe|1
|move|p2a: Pecharunt|Recover|p2a: Pecharunt
|-heal|p2a: Pecharunt|66/100
|
|upkeep
|turn|24
|
|t:|1779890747
|switch|p1a: Garganacl|Garganacl, F|30/100
|-damage|p1a: Garganacl|18/100|[from] Spikes
|-damage|p1a: Garganacl|5/100|[from] Stealth Rock
|move|p2a: Pecharunt|Recover|p2a: Pecharunt
|-heal|p2a: Pecharunt|100/100
|
|upkeep
|turn|25
|
|t:|1779890755
|move|p2a: Pecharunt|Foul Play|p1a: Garganacl
|-damage|p1a: Garganacl|0 fnt
|faint|p1a: Garganacl
|
|upkeep
|-message|ja hoi forfeited.
|
|win|gyhe
|raw|ja hoi's rating: 1593 &rarr; <strong>1572</strong><br />(-21 for losing)
|raw|gyhe's rating: 1573 &rarr; <strong>1594</strong><br />(+21 for winning)
|l|☆ja hoi
|player|p1|
