|j|☆Test g17
|j|☆yatsalgado
|t:|1779799969
|gametype|singles
|player|p1|Test g17|hilbert|1173
|player|p2|yatsalgado|roxie|1163
|gen|9
|tier|[Gen 9] OU
|rated|
|rule|HP Percentage Mod: HP is shown in percentages
|rule|Endless Battle Clause: Forcing endless battles is banned
|rule|Species Clause: Limit one of each Pokémon
|rule|OHKO Clause: OHKO moves are banned
|rule|Evasion Items Clause: Evasion items are banned
|rule|Evasion Moves Clause: Evasion moves are banned
|rule|Evasion Abilities Clause: Evasion abilities are banned
|rule|Sleep Moves Clause: Sleep-inducing moves are banned
|clearpoke
|poke|p1|Feraligatr, F|
|poke|p1|Deoxys-Speed|
|poke|p1|Iron Treads|
|poke|p1|Iron Moth|
|poke|p1|Mamoswine, M|
|poke|p1|Keldeo-Resolute|
|poke|p2|Mienshao, M|
|poke|p2|Corviknight, F|
|poke|p2|Latios, M|
|poke|p2|Alomomola, M|
|poke|p2|Excadrill, M|
|poke|p2|Darkrai|
|teampreview
|inactive|Battle timer is ON: inactive players will automatically lose when time's up. (requested by yatsalgado)
|
|t:|1779799987
|teamsize|p1|6
|teamsize|p2|6
|start
|switch|p1a: Keldeo|Keldeo-Resolute|100/100
|switch|p2a: Mienshao|Mienshao, M, shiny|100/100
|turn|1
|
|t:|1779799994
|move|p2a: Mienshao|High Jump Kick|p1a: Keldeo
|-damage|p1a: Keldeo|0 fnt
|faint|p1a: Keldeo
|
|upkeep
|
|t:|1779800001
|switch|p1a: Iron Moth|Iron Moth|100/100
|-enditem|p1a: Iron Moth|Booster Energy
|-activate|p1a: Iron Moth|ability: Quark Drive|[fromitem]
|-start|p1a: Iron Moth|quarkdrivespe
|turn|2
|
|t:|1779800007
|switch|p2a: Alomomola|Alomomola, M|100/100
|move|p1a: Iron Moth|Fiery Dance|p2a: Alomomola
|-resisted|p2a: Alomomola
|-damage|p2a: Alomomola|79/100
|
|upkeep
|turn|3
|
|t:|1779800017
|move|p1a: Iron Moth|Energy Ball|p2a: Alomomola
|-supereffective|p2a: Alomomola
|-damage|p2a: Alomomola|14/100
|move|p2a: Alomomola|Mirror Coat|p1a: Iron Moth
|-damage|p1a: Iron Moth|0 fnt
|faint|p1a: Iron Moth
|-end|p1a: Iron Moth|Quark Drive|[silent]
|
|upkeep
|
|t:|1779800022
|switch|p1a: Feraligatr|Feraligatr, F|100/100
|turn|4
|
|t:|1779800028
|switch|p2a: Corviknight|Corviknight, F|100/100
|-ability|p2a: Corviknight|Pressure
|move|p1a: Feraligatr|Swords Dance|p1a: Feraligatr
|-boost|p1a: Feraligatr|atk|2
|
|upkeep
|turn|5
|
|t:|1779800035
|move|p1a: Feraligatr|Liquidation|p2a: Corviknight
|-damage|p2a: Corviknight|15/100
|-damage|p1a: Feraligatr|84/100|[from] item: Rocky Helmet|[of] p2a: Corviknight
|move|p2a: Corviknight|Brave Bird|p1a: Feraligatr
|-damage|p1a: Feraligatr|34/100
|-damage|p2a: Corviknight|2/100|[from] Recoil
|
|upkeep
|turn|6
|
|t:|1779800044
|switch|p2a: Alomomola|Alomomola, M|47/100
|move|p1a: Feraligatr|Liquidation|p2a: Alomomola
|-resisted|p2a: Alomomola
|-damage|p2a: Alomomola|11/100
|
|upkeep
|turn|7
|
|t:|1779800054
|switch|p2a: Corviknight|Corviknight, F|2/100
|-ability|p2a: Corviknight|Pressure
|move|p1a: Feraligatr|Crunch|p2a: Corviknight
|-damage|p2a: Corviknight|0 fnt
|-damage|p1a: Feraligatr|18/100|[from] item: Rocky Helmet|[of] p2a: Corviknight
|faint|p2a: Corviknight
|
|upkeep
|
|t:|1779800064
|switch|p2a: Mienshao|Mienshao, M, shiny|100/100
|turn|8
|
|t:|1779800069
|move|p1a: Feraligatr|Aqua Jet|p2a: Mienshao
|-damage|p2a: Mienshao|5/100
|-damage|p1a: Feraligatr|8/100|[from] item: Life Orb
|move|p2a: Mienshao|U-turn|p1a: Feraligatr
|-damage|p1a: Feraligatr|0 fnt
|faint|p1a: Feraligatr
|
|t:|1779800082
|switch|p2a: Darkrai|Darkrai|100/100|[from] U-turn
|
|upkeep
|
|t:|1779800085
|switch|p1a: Mamoswine|Mamoswine, M|100/100
|turn|9
|
|t:|1779800090
|move|p2a: Darkrai|Dark Pulse|p1a: Mamoswine
|-damage|p1a: Mamoswine|44/100
|-damage|p2a: Darkrai|91/100|[from] item: Life Orb
|cant|p1a: Mamoswine|flinch
|
|upkeep
|turn|10
|
|t:|1779800102
|move|p1a: Mamoswine|Ice Shard|p2a: Darkrai
|-damage|p2a: Darkrai|65/100
|move|p2a: Darkrai|Dark Pulse|p1a: Mamoswine
|-crit|p1a: Mamoswine
|-damage|p1a: Mamoswine|0 fnt
|faint|p1a: Mamoswine
|-damage|p2a: Darkrai|55/100|[from] item: Life Orb
|
|upkeep
|
|t:|1779800107
|switch|p1a: Iron Treads|Iron Treads|100/100
|turn|11
|
|t:|1779800116
|move|p2a: Darkrai|Dark Pulse|p1a: Iron Treads
|-damage|p1a: Iron Treads|26/100
|-damage|p2a: Darkrai|45/100|[from] item: Life Orb
|move|p1a: Iron Treads|Rapid Spin|p2a: Darkrai
|-damage|p2a: Darkrai|30/100
|-boost|p1a: Iron Treads|spe|1
|
|upkeep
|turn|12
|
|t:|1779800125
|move|p1a: Iron Treads|Earth Power|p2a: Darkrai
|-damage|p2a: Darkrai|0 fnt
|faint|p2a: Darkrai
|
|upkeep
|
|t:|1779800136
|switch|p2a: Alomomola|Alomomola, M|44/100
|turn|13
|
|t:|1779800139
|move|p1a: Iron Treads|Volt Switch|p2a: Alomomola
|-supereffective|p2a: Alomomola
|-damage|p2a: Alomomola|5/100
|
|t:|1779800142
|-end|p1a: Iron Treads|Quark Drive|[silent]
|switch|p1a: Deoxys|Deoxys-Speed|100/100|[from] Volt Switch
|-ability|p1a: Deoxys|Pressure
|move|p2a: Alomomola|Scald|p1a: Deoxys
|-damage|p1a: Deoxys|85/100
|
|upkeep
|turn|14
|
|t:|1779800151
|switch|p2a: Mienshao|Mienshao, M, shiny|5/100
|move|p1a: Deoxys|Stealth Rock|p2a: Mienshao
|-sidestart|p2: yatsalgado|move: Stealth Rock
|
|upkeep
|turn|15
|
|t:|1779800165
|-terastallize|p1a: Deoxys|Ghost
|move|p1a: Deoxys|Psycho Boost|p2a: Mienshao
|-supereffective|p2a: Mienshao
|-damage|p2a: Mienshao|0 fnt
|-unboost|p1a: Deoxys|spa|2
|faint|p2a: Mienshao
|
|upkeep
|
|t:|1779800177
|switch|p2a: Latios|Latios, M|100/100
|-damage|p2a: Latios|88/100|[from] Stealth Rock
|turn|16
|
|t:|1779800184
|switch|p1a: Iron Treads|Iron Treads|26/100
|-terastallize|p2a: Latios|Water
|move|p2a: Latios|Surf|p1a: Iron Treads
|-supereffective|p1a: Iron Treads
|-damage|p1a: Iron Treads|0 fnt
|faint|p1a: Iron Treads
|-end|p1a: Iron Treads|Quark Drive|[silent]
|
|upkeep
|
|t:|1779800190
|switch|p1a: Deoxys|Deoxys-Speed, tera:Ghost|85/100
|-ability|p1a: Deoxys|Pressure
|turn|17
|
|t:|1779800197
|move|p1a: Deoxys|Psycho Boost|p2a: Latios
|-damage|p2a: Latios|36/100
|-unboost|p1a: Deoxys|spa|2
|move|p2a: Latios|Surf|p1a: Deoxys
|-damage|p1a: Deoxys|5/100
|
|upkeep
|turn|18
|
|t:|1779800204
|move|p1a: Deoxys|Psycho Boost|p2a: Latios
|-damage|p2a: Latios|10/100
|-unboost|p1a: Deoxys|spa|2
|move|p2a: Latios|Surf|p1a: Deoxys
|-damage|p1a: Deoxys|0 fnt
|faint|p1a: Deoxys
|
|win|yatsalgado
|raw|Test g17's rating: 1173 &rarr; <strong>1147</strong><br />(-26 for losing)
|raw|yatsalgado's rating: 1163 &rarr; <strong>1189</strong><br />(+26 for winning)
|l|☆yatsalgado
|player|p2|
|l|☆Test g17
|player|p1|
