|j|‽Flarefofo
|j|☆somsleep
|t:|1779858305
|gametype|singles
|player|p1|Flarefofo|102|1368
|player|p2|somsleep|169|1467
|gen|9
|tier|[Gen 9] OU
|rated|
|rule|HP Percentage Mod: HP is shown in percentages
|rule|Endless Battle Clause: Forcing endless battles is banned
|rule|Species Clause: Limit one of each Pokémon
|rule|OHKO Clause: OHKO moves are banned
|rule|Evasion Items Clause: Evasion items are banned
|rule|Evasion Moves Clause: Evasion moves are banned
|rule|Evasion Abilities Clause: Evasion abilities are banned
|rule|Sleep Moves Clause: Sleep-inducing moves are banned
|clearpoke
|poke|p1|Hoopa-Unbound|
|poke|p1|Rillaboom, F|
|poke|p1|Alomomola, F|
|poke|p1|Pecharunt|
|poke|p1|Great Tusk|
|poke|p1|Iron Valiant|
|poke|p2|Abomasnow, M|
|poke|p2|Cetitan, F|
|poke|p2|Rotom|
|poke|p2|Illumise, F|
|poke|p2|Keldeo-Resolute|
|poke|p2|Iron Treads|
|teampreview
|inactive|Battle timer is ON: inactive players will automatically lose when time's up. (requested by somsleep)
|
|t:|1779858318
|teamsize|p1|6
|teamsize|p2|6
|start
|switch|p1a: Pecharunt|Pecharunt|100/100
|switch|p2a: Rotom|Rotom|100/100
|turn|1
|
|t:|1779858324
|switch|p1a: Hoopa|Hoopa-Unbound|100/100
|move|p2a: Rotom|Trick|p1a: Hoopa
|-activate|p2a: Rotom|move: Trick|[of] p1a: Hoopa
|-item|p1a: Hoopa|Choice Scarf|[from] move: Trick
|-item|p2a: Rotom|Assault Vest|[from] move: Trick
|
|upkeep
|turn|2
|
|t:|1779858329
|switch|p2a: Iron Treads|Iron Treads|100/100
|-enditem|p2a: Iron Treads|Booster Energy
|-activate|p2a: Iron Treads|ability: Quark Drive|[fromitem]
|-start|p2a: Iron Treads|quarkdrivespe
|move|p1a: Hoopa|Knock Off|p2a: Iron Treads
|-damage|p2a: Iron Treads|72/100
|
|upkeep
|turn|3
|
|t:|1779858340
|switch|p1a: Alomomola|Alomomola, F, shiny|100/100
|move|p2a: Iron Treads|Stealth Rock|p1a: Alomomola
|-sidestart|p1: Flarefofo|move: Stealth Rock
|
|upkeep
|turn|4
|
|t:|1779858352
|-end|p2a: Iron Treads|Quark Drive|[silent]
|switch|p2a: Rotom|Rotom|100/100
|move|p1a: Alomomola|Flip Turn|p2a: Rotom
|-damage|p2a: Rotom|76/100
|
|t:|1779858357
|switch|p1a: Rillaboom|Rillaboom, F, shiny|100/100|[from] Flip Turn
|-damage|p1a: Rillaboom|88/100|[from] Stealth Rock
|-fieldstart|move: Grassy Terrain|[from] ability: Grassy Surge|[of] p1a: Rillaboom
|
|-heal|p1a: Rillaboom|94/100|[from] Grassy Terrain
|upkeep
|turn|5
|
|t:|1779858364
|switch|p2a: Iron Treads|Iron Treads|72/100
|move|p1a: Rillaboom|Wood Hammer|p2a: Iron Treads
|-damage|p2a: Iron Treads|0 fnt
|faint|p2a: Iron Treads
|-end|p2a: Iron Treads|Quark Drive|[silent]
|-damage|p1a: Rillaboom|72/100|[from] Recoil
|
|-heal|p1a: Rillaboom|78/100|[from] Grassy Terrain
|upkeep
|
|t:|1779858367
|switch|p2a: Abomasnow|Abomasnow, M, shiny|100/100
|-weather|Snowscape|[from] ability: Snow Warning|[of] p2a: Abomasnow
|turn|6
|
|t:|1779858374
|switch|p1a: Hoopa|Hoopa-Unbound|100/100
|-damage|p1a: Hoopa|88/100|[from] Stealth Rock
|move|p2a: Abomasnow|Blizzard|p1a: Hoopa
|-damage|p1a: Hoopa|49/100
|-status|p1a: Hoopa|frz
|
|-weather|Snowscape|[upkeep]
|-heal|p1a: Hoopa|55/100 frz|[from] Grassy Terrain
|upkeep
|turn|7
|
|t:|1779858382
|cant|p1a: Hoopa|frz
|move|p2a: Abomasnow|Blizzard|p1a: Hoopa
|-damage|p1a: Hoopa|19/100 frz
|
|-weather|Snowscape|[upkeep]
|-heal|p1a: Hoopa|25/100 frz|[from] Grassy Terrain
|upkeep
|turn|8
|
|t:|1779858384
|cant|p1a: Hoopa|frz
|move|p2a: Abomasnow|Blizzard|p1a: Hoopa
|-damage|p1a: Hoopa|0 fnt
|faint|p1a: Hoopa
|
|-weather|Snowscape|[upkeep]
|-fieldend|move: Grassy Terrain
|upkeep
|
|t:|1779858401
|switch|p1a: Iron Valiant|Iron Valiant, shiny|100/100
|-damage|p1a: Iron Valiant|94/100|[from] Stealth Rock
|-enditem|p1a: Iron Valiant|Booster Energy
|-activate|p1a: Iron Valiant|ability: Quark Drive|[fromitem]
|-start|p1a: Iron Valiant|quarkdrivespa
|turn|9
|
|t:|1779858405
|switch|p2a: Rotom|Rotom|76/100
|move|p1a: Iron Valiant|Calm Mind|p1a: Iron Valiant
|-boost|p1a: Iron Valiant|spa|1
|-boost|p1a: Iron Valiant|spd|1
|
|-weather|Snowscape|[upkeep]
|upkeep
|turn|10
|
|t:|1779858410
|move|p1a: Iron Valiant|Shadow Ball|p2a: Rotom
|-supereffective|p2a: Rotom
|-damage|p2a: Rotom|0 fnt
|faint|p2a: Rotom
|
|-weather|none
|upkeep
|
|t:|1779858412
|switch|p2a: Illumise|Illumise, F|100/100
|turn|11
|
|t:|1779858424
|move|p2a: Illumise|Tailwind|p2a: Illumise
|-sidestart|p2: somsleep|move: Tailwind
|move|p1a: Iron Valiant|Moonblast|p2a: Illumise
|-damage|p2a: Illumise|0 fnt
|faint|p2a: Illumise
|
|upkeep
|
|t:|1779858431
|switch|p2a: Abomasnow|Abomasnow, M, shiny|100/100
|-weather|Snowscape|[from] ability: Snow Warning|[of] p2a: Abomasnow
|turn|12
|
|t:|1779858436
|move|p2a: Abomasnow|Aurora Veil|p2a: Abomasnow
|-sidestart|p2: somsleep|move: Aurora Veil
|move|p1a: Iron Valiant|Moonblast|p2a: Abomasnow
|-damage|p2a: Abomasnow|40/100
|
|-weather|Snowscape|[upkeep]
|upkeep
|turn|13
|
|t:|1779858444
|move|p1a: Iron Valiant|Vacuum Wave|p2a: Abomasnow
|-supereffective|p2a: Abomasnow
|-damage|p2a: Abomasnow|0 fnt
|faint|p2a: Abomasnow
|
|-weather|Snowscape|[upkeep]
|upkeep
|
|t:|1779858446
|switch|p2a: Cetitan|Cetitan, F|100/100
|turn|14
|
|t:|1779858450
|-terastallize|p2a: Cetitan|Water
|move|p1a: Iron Valiant|Vacuum Wave|p2a: Cetitan
|-damage|p2a: Cetitan|75/100
|move|p2a: Cetitan|Belly Drum|p2a: Cetitan
|-damage|p2a: Cetitan|25/100
|-setboost|p2a: Cetitan|atk|6|[from] move: Belly Drum
|-enditem|p2a: Cetitan|Sitrus Berry|[eat]
|-heal|p2a: Cetitan|50/100|[from] item: Sitrus Berry
|
|-weather|Snowscape|[upkeep]
|-sideend|p2: somsleep|move: Tailwind
|upkeep
|turn|15
|
|t:|1779858463
|move|p2a: Cetitan|Ice Shard|p1a: Iron Valiant
|-damage|p1a: Iron Valiant|0 fnt
|faint|p1a: Iron Valiant
|-end|p1a: Iron Valiant|Quark Drive|[silent]
|
|-weather|Snowscape|[upkeep]
|upkeep
|
|t:|1779858474
|switch|p1a: Alomomola|Alomomola, F, shiny|100/100
|turn|16
|
|t:|1779858476
|move|p2a: Cetitan|Earthquake|p1a: Alomomola
|-damage|p1a: Alomomola|12/100
|move|p1a: Alomomola|Flip Turn|p2a: Cetitan
|-resisted|p2a: Cetitan
|-damage|p2a: Cetitan|47/100
|
|t:|1779858478
|switch|p1a: Pecharunt|Pecharunt|100/100|[from] Flip Turn
|-damage|p1a: Pecharunt|88/100|[from] Stealth Rock
|
|-weather|none
|-sideend|p2: somsleep|move: Aurora Veil
|upkeep
|turn|17
|
|t:|1779858481
|move|p2a: Cetitan|Earthquake|p1a: Pecharunt
|-supereffective|p1a: Pecharunt
|-damage|p1a: Pecharunt|0 fnt
|faint|p1a: Pecharunt
|
|upkeep
|
|t:|1779858482
|switch|p1a: Rillaboom|Rillaboom, F, shiny|78/100
|-damage|p1a: Rillaboom|66/100|[from] Stealth Rock
|-fieldstart|move: Grassy Terrain|[from] ability: Grassy Surge|[of] p1a: Rillaboom
|turn|18
|
|t:|1779858486
|-terastallize|p1a: Rillaboom|Grass
|move|p1a: Rillaboom|Grassy Glide|p2a: Cetitan
|-supereffective|p2a: Cetitan
|-damage|p2a: Cetitan|0 fnt
|faint|p2a: Cetitan
|
|-heal|p1a: Rillaboom|72/100|[from] Grassy Terrain
|upkeep
|
|t:|1779858488
|switch|p2a: Keldeo|Keldeo-Resolute|100/100
|turn|19
|
|t:|1779858491
|move|p1a: Rillaboom|Grassy Glide|p2a: Keldeo
|-supereffective|p2a: Keldeo
|-damage|p2a: Keldeo|0 fnt
|faint|p2a: Keldeo
|
|win|Flarefofo
|raw|Flarefofo's rating: 1368 &rarr; <strong>1394</strong><br />(+26 for winning)
|raw|somsleep's rating: 1467 &rarr; <strong>1441</strong><br />(-26 for losing)
|l|☆somsleep
|player|p2|
|l|‽Flarefofo
|player|p1|
