|j|☆Penguinxdd
|j|☆spreadcrosser
|t:|1779940733
|gametype|singles
|player|p1|Penguinxdd|veteran|1316
|player|p2|spreadcrosser|169|1371
|gen|9
|tier|[Gen 9] OU
|rated|
|rule|HP Percentage Mod: HP is shown in percentages
|rule|Endless Battle Clause: Forcing endless battles is banned
|rule|Species Clause: Limit one of each Pokémon
|rule|OHKO Clause: OHKO moves are banned
|rule|Evasion Items Clause: Evasion items are banned
|rule|Evasion Moves Clause: Evasion moves are banned
|rule|Evasion Abilities Clause: Evasion abilities are banned
|rule|Sleep Moves Clause: Sleep-inducing moves are banned
|clearpoke
|poke|p1|Hatterene, F|
|poke|p1|Iron Treads|
|poke|p1|Volcanion|
|poke|p1|Gholdengo|
|poke|p1|Darkrai|
|poke|p1|Garchomp, M|
|poke|p2|Iron Hands|
|poke|p2|Greninja-*, M|
|poke|p2|Cinderace, F|
|poke|p2|Zapdos|
|poke|p2|Iron Moth|
|poke|p2|Great Tusk|
|teampreview
|
|t:|1779940738
|teamsize|p1|6
|teamsize|p2|6
|start
|switch|p1a: Iron Treads|Iron Treads|100/100
|switch|p2a: Iron Moth|Iron Moth|100/100
|-item|p1a: Iron Treads|Air Balloon
|-enditem|p2a: Iron Moth|Booster Energy
|-activate|p2a: Iron Moth|ability: Quark Drive|[fromitem]
|-start|p2a: Iron Moth|quarkdrivespe
|turn|1
|
|t:|1779940742
|-terastallize|p1a: Iron Treads|Ghost
|move|p2a: Iron Moth|Fiery Dance|p1a: Iron Treads
|-damage|p1a: Iron Treads|45/100
|-boost|p2a: Iron Moth|spa|1
|-enditem|p1a: Iron Treads|Air Balloon
|move|p1a: Iron Treads|Earthquake|p2a: Iron Moth
|-supereffective|p2a: Iron Moth
|-crit|p2a: Iron Moth
|-damage|p2a: Iron Moth|0 fnt
|faint|p2a: Iron Moth
|-end|p2a: Iron Moth|Quark Drive|[silent]
|
|upkeep
|
|t:|1779940750
|switch|p2a: Greninja|Greninja, M|100/100
|turn|2
|
|t:|1779940753
|-end|p1a: Iron Treads|Quark Drive|[silent]
|switch|p1a: Volcanion|Volcanion|100/100
|move|p2a: Greninja|Dark Pulse|p1a: Volcanion
|-damage|p1a: Volcanion|48/100
|-damage|p2a: Greninja|91/100|[from] item: Life Orb
|
|upkeep
|turn|3
|
|t:|1779940759
|switch|p1a: Magic Bounson|Hatterene, F|100/100
|move|p2a: Greninja|Dark Pulse|p1a: Magic Bounson
|-damage|p1a: Magic Bounson|56/100
|-damage|p2a: Greninja|81/100|[from] item: Life Orb
|
|upkeep
|turn|4
|
|t:|1779940765
|switch|p1a: Lebron Rains|Gholdengo|100/100
|-terastallize|p2a: Greninja|Grass
|move|p2a: Greninja|Dark Pulse|p1a: Lebron Rains
|-supereffective|p1a: Lebron Rains
|-damage|p1a: Lebron Rains|0 fnt
|faint|p1a: Lebron Rains
|-ability|p2a: Greninja|Battle Bond|boost
|-boost|p2a: Greninja|atk|1
|-boost|p2a: Greninja|spa|1
|-boost|p2a: Greninja|spe|1
|-activate|p2a: Greninja|ability: Battle Bond
|-damage|p2a: Greninja|71/100|[from] item: Life Orb
|
|upkeep
|
|t:|1779940770
|switch|p1a: Darkrai|Darkrai|100/100
|turn|5
|
|t:|1779940776
|switch|p2a: Cinderace|Cinderace, F|100/100
|move|p1a: Darkrai|Sludge Bomb|p2a: Cinderace
|-damage|p2a: Cinderace|54/100
|
|upkeep
|turn|6
|inactive|Battle timer is ON: inactive players will automatically lose when time's up. (requested by spreadcrosser)
|
|t:|1779940784
|switch|p1a: Volcanion|Volcanion|48/100
|move|p2a: Cinderace|U-turn|p1a: Volcanion
|-start|p2a: Cinderace|typechange|Bug|[from] ability: Libero
|-resisted|p1a: Volcanion
|-damage|p1a: Volcanion|25/100
|
|t:|1779940790
|switch|p2a: Greninja|Greninja, M, tera:Grass|71/100|[from] U-turn
|
|upkeep
|turn|7
|
|t:|1779940795
|switch|p1a: Iron Treads|Iron Treads, tera:Ghost|45/100
|move|p2a: Greninja|Dark Pulse|p1a: Iron Treads
|-supereffective|p1a: Iron Treads
|-damage|p1a: Iron Treads|0 fnt
|faint|p1a: Iron Treads
|-end|p1a: Iron Treads|Quark Drive|[silent]
|-damage|p2a: Greninja|61/100|[from] item: Life Orb
|
|upkeep
|
|t:|1779940797
|switch|p1a: Darkrai|Darkrai|100/100
|turn|8
|
|t:|1779940806
|switch|p2a: Great Tusk|Great Tusk|100/100
|move|p1a: Darkrai|Sludge Bomb|p2a: Great Tusk
|-resisted|p2a: Great Tusk
|-damage|p2a: Great Tusk|85/100
|
|upkeep
|turn|9
|
|t:|1779940816
|switch|p1a: Magic Bounson|Hatterene, F|56/100
|move|p2a: Great Tusk|Close Combat|p1a: Magic Bounson
|-resisted|p1a: Magic Bounson
|-damage|p1a: Magic Bounson|44/100
|-unboost|p2a: Great Tusk|def|1
|-unboost|p2a: Great Tusk|spd|1
|-damage|p2a: Great Tusk|69/100|[from] item: Rocky Helmet|[of] p1a: Magic Bounson
|
|upkeep
|turn|10
|
|t:|1779940828
|move|p2a: Great Tusk|Earthquake|p1a: Magic Bounson
|-damage|p1a: Magic Bounson|4/100
|move|p1a: Magic Bounson|Draining Kiss|p2a: Great Tusk
|-supereffective|p2a: Great Tusk
|-damage|p2a: Great Tusk|10/100
|-heal|p1a: Magic Bounson|62/100|[from] drain|[of] p2a: Great Tusk
|
|upkeep
|turn|11
|
|t:|1779940834
|-end|p2a: Great Tusk|Protosynthesis|[silent]
|switch|p2a: Zapdos|Zapdos|100/100
|move|p1a: Magic Bounson|Draining Kiss|p2a: Zapdos
|-damage|p2a: Zapdos|75/100
|-heal|p1a: Magic Bounson|81/100|[from] drain|[of] p2a: Zapdos
|
|upkeep
|turn|12
|
|t:|1779940838
|move|p2a: Zapdos|Hurricane|p1a: Magic Bounson
|-damage|p1a: Magic Bounson|20/100
|move|p1a: Magic Bounson|Psychic Noise|p2a: Zapdos
|-damage|p2a: Zapdos|39/100
|-start|p2a: Zapdos|move: Heal Block
|
|upkeep
|turn|13
|
|t:|1779940866
|move|p2a: Zapdos|Hurricane|p1a: Magic Bounson
|-damage|p1a: Magic Bounson|0 fnt
|faint|p1a: Magic Bounson
|
|-end|p2a: Zapdos|move: Heal Block
|upkeep
|
|t:|1779940868
|switch|p1a: Garchomp|Garchomp, M|100/100
|turn|14
|
|t:|1779940870
|move|p2a: Zapdos|Hurricane|p1a: Garchomp
|-damage|p1a: Garchomp|40/100
|move|p1a: Garchomp|Scale Shot|p2a: Zapdos
|-damage|p2a: Zapdos|24/100
|-damage|p2a: Zapdos|7/100
|-damage|p2a: Zapdos|0 fnt
|faint|p2a: Zapdos
|-hitcount|p2: Zapdos|3
|-unboost|p1a: Garchomp|def|1
|-boost|p1a: Garchomp|spe|1
|
|upkeep
|
|t:|1779940877
|switch|p2a: Greninja|Greninja, M, tera:Grass|61/100
|turn|15
|
|t:|1779940898
|move|p2a: Greninja|Water Shuriken|p1a: Garchomp
|-damage|p1a: Garchomp|30/100
|-damage|p1a: Garchomp|20/100
|-damage|p1a: Garchomp|10/100
|-hitcount|p1a: Garchomp|3
|-damage|p2a: Greninja|52/100|[from] item: Life Orb
|move|p1a: Garchomp|Scale Shot|p2a: Greninja|[miss]
|-miss|p1a: Garchomp|p2a: Greninja
|
|upkeep
|turn|16
|
|t:|1779940911
|switch|p1a: Volcanion|Volcanion|25/100
|move|p2a: Greninja|Dark Pulse|p1a: Volcanion
|-damage|p1a: Volcanion|0 fnt
|faint|p1a: Volcanion
|-damage|p2a: Greninja|42/100|[from] item: Life Orb
|
|upkeep
|
|t:|1779940913
|switch|p1a: Darkrai|Darkrai|100/100
|turn|17
|
|t:|1779940920
|move|p2a: Greninja|Water Shuriken|p1a: Darkrai
|-damage|p1a: Darkrai|88/100
|-damage|p1a: Darkrai|76/100
|-damage|p1a: Darkrai|65/100
|-damage|p1a: Darkrai|54/100
|-damage|p1a: Darkrai|42/100
|-hitcount|p1a: Darkrai|5
|-damage|p2a: Greninja|32/100|[from] item: Life Orb
|move|p1a: Darkrai|Ice Beam|p2a: Greninja
|-supereffective|p2a: Greninja
|-damage|p2a: Greninja|0 fnt
|faint|p2a: Greninja
|
|upkeep
|-message|Penguinxdd forfeited.
|
|win|spreadcrosser
|raw|Penguinxdd's rating: 1316 &rarr; <strong>1299</strong><br />(-17 for losing)
|raw|spreadcrosser's rating: 1371 &rarr; <strong>1388</strong><br />(+17 for winning)
|l|☆Penguinxdd
|player|p1|
