|j|☆Lucari09
|j|☆FIreFist_98
|t:|1779864571
|gametype|singles
|player|p1|Lucari09|hilbert-wonderlauncher|1106
|player|p2|FIreFist_98|steven|1101
|gen|9
|tier|[Gen 9] OU
|rated|
|rule|HP Percentage Mod: HP is shown in percentages
|rule|Endless Battle Clause: Forcing endless battles is banned
|rule|Species Clause: Limit one of each Pokémon
|rule|OHKO Clause: OHKO moves are banned
|rule|Evasion Items Clause: Evasion items are banned
|rule|Evasion Moves Clause: Evasion moves are banned
|rule|Evasion Abilities Clause: Evasion abilities are banned
|rule|Sleep Moves Clause: Sleep-inducing moves are banned
|clearpoke
|poke|p1|Thundurus, M|
|poke|p1|Grimmsnarl, M|
|poke|p1|Iron Moth|
|poke|p1|Dragapult, M|
|poke|p1|Hawlucha, M|
|poke|p1|Great Tusk|
|poke|p2|Torkoal, F|
|poke|p2|Blaziken, M|
|poke|p2|Walking Wake|
|poke|p2|Great Tusk|
|poke|p2|Raging Bolt|
|poke|p2|Kingambit, M|
|teampreview
|
|t:|1779864583
|teamsize|p1|6
|teamsize|p2|6
|start
|switch|p1a: Grimmsnarl|Grimmsnarl, M|100/100
|switch|p2a: Torkoal|Torkoal, F|100/100
|-weather|SunnyDay|[from] ability: Drought|[of] p2a: Torkoal
|turn|1
|
|t:|1779864605
|move|p1a: Grimmsnarl|Light Screen|p1a: Grimmsnarl
|-sidestart|p1: Lucari09|move: Light Screen
|move|p2a: Torkoal|Lava Plume|p1a: Grimmsnarl
|-damage|p1a: Grimmsnarl|84/100
|-status|p1a: Grimmsnarl|brn
|
|-weather|SunnyDay|[upkeep]
|-damage|p1a: Grimmsnarl|78/100 brn|[from] brn
|upkeep
|turn|2
|
|t:|1779864612
|move|p1a: Grimmsnarl|Reflect|p1a: Grimmsnarl
|-sidestart|p1: Lucari09|Reflect
|move|p2a: Torkoal|Stealth Rock|p1a: Grimmsnarl
|-sidestart|p1: Lucari09|move: Stealth Rock
|
|-weather|SunnyDay|[upkeep]
|-damage|p1a: Grimmsnarl|72/100 brn|[from] brn
|upkeep
|turn|3
|
|t:|1779864622
|switch|p1a: Thundurus|Thundurus, M|100/100
|-damage|p1a: Thundurus|76/100|[from] Stealth Rock
|move|p2a: Torkoal|Body Press|p1a: Thundurus
|-resisted|p1a: Thundurus
|-damage|p1a: Thundurus|65/100
|
|-weather|SunnyDay|[upkeep]
|upkeep
|turn|4
|
|t:|1779864633
|move|p1a: Thundurus|Electric Terrain|p1a: Thundurus
|-fieldstart|move: Electric Terrain
|move|p2a: Torkoal|Lava Plume|p1a: Thundurus
|-damage|p1a: Thundurus|46/100
|
|-weather|SunnyDay|[upkeep]
|upkeep
|turn|5
|
|t:|1779864641
|move|p1a: Thundurus|Volt Switch|p2a: Torkoal
|-damage|p2a: Torkoal|51/100
|inactive|Battle timer is ON: inactive players will automatically lose when time's up. (requested by Lucari09)
|
|t:|1779864646
|switch|p1a: Iron Moth|Iron Moth, shiny|100/100|[from] Volt Switch
|-damage|p1a: Iron Moth|75/100|[from] Stealth Rock
|-activate|p1a: Iron Moth|ability: Quark Drive
|-start|p1a: Iron Moth|quarkdrivespe
|move|p2a: Torkoal|Lava Plume|p1a: Iron Moth
|-resisted|p1a: Iron Moth
|-damage|p1a: Iron Moth|67/100
|
|-weather|SunnyDay|[upkeep]
|upkeep
|turn|6
|
|t:|1779864657
|switch|p2a: Great Tusk|Great Tusk|100/100
|-activate|p2a: Great Tusk|ability: Protosynthesis
|-start|p2a: Great Tusk|protosynthesisdef
|move|p1a: Iron Moth|Fiery Dance|p2a: Great Tusk
|-damage|p2a: Great Tusk|0 fnt
|-boost|p1a: Iron Moth|spa|1
|faint|p2a: Great Tusk
|-end|p2a: Great Tusk|Protosynthesis|[silent]
|
|-weather|SunnyDay|[upkeep]
|upkeep
|-message|FIreFist_98 forfeited.
|
|win|Lucari09
|raw|Lucari09's rating: 1106 &rarr; <strong>1131</strong><br />(+25 for winning)
|raw|FIreFist_98's rating: 1101 &rarr; <strong>1076</strong><br />(-25 for losing)
|l|☆FIreFist_98
|player|p2|
|l|☆Lucari09
|player|p1|
