|j|☆never say glhf
|j|☆Kaiko72
|t:|1779905228
|gametype|singles
|player|p1|never say glhf|gwynn|1433
|player|p2|Kaiko72|pokekid|1434
|gen|9
|tier|[Gen 9] OU
|rated|
|rule|HP Percentage Mod: HP is shown in percentages
|rule|Endless Battle Clause: Forcing endless battles is banned
|rule|Species Clause: Limit one of each Pokémon
|rule|OHKO Clause: OHKO moves are banned
|rule|Evasion Items Clause: Evasion items are banned
|rule|Evasion Moves Clause: Evasion moves are banned
|rule|Evasion Abilities Clause: Evasion abilities are banned
|rule|Sleep Moves Clause: Sleep-inducing moves are banned
|clearpoke
|poke|p1|Ceruledge, F|
|poke|p1|Hatterene, F|
|poke|p1|Iron Treads|
|poke|p1|Ogerpon-Wellspring, F|
|poke|p1|Darkrai|
|poke|p1|Zapdos|
|poke|p2|Hawlucha, F|
|poke|p2|Ambipom, M|
|poke|p2|Skeledirge, F|
|poke|p2|Gliscor, F|
|poke|p2|Gengar, F|
|poke|p2|Tentacruel, M|
|teampreview
|inactive|Battle timer is ON: inactive players will automatically lose when time's up. (requested by Kaiko72)
|
|t:|1779905245
|teamsize|p1|6
|teamsize|p2|6
|start
|switch|p1a: Ogerpon|Ogerpon-Wellspring, F|100/100
|switch|p2a: Ambipom|Ambipom, M|100/100
|turn|1
|
|t:|1779905250
|switch|p1a: Hatterene|Hatterene, F|100/100
|move|p2a: Ambipom|Fake Out|p1a: Hatterene
|-damage|p1a: Hatterene|74/100
|-damage|p2a: Ambipom|84/100|[from] item: Rocky Helmet|[of] p1a: Hatterene
|-damage|p2a: Ambipom|74/100|[from] item: Life Orb
|
|upkeep
|turn|2
|
|t:|1779905262
|move|p2a: Ambipom|Knock Off|p1a: Hatterene
|-damage|p1a: Hatterene|41/100
|-damage|p2a: Ambipom|58/100|[from] item: Rocky Helmet|[of] p1a: Hatterene
|-enditem|p1a: Hatterene|Rocky Helmet|[from] move: Knock Off|[of] p2a: Ambipom
|-damage|p2a: Ambipom|48/100|[from] item: Life Orb
|move|p1a: Hatterene|Psychic Noise|p2a: Ambipom
|-damage|p2a: Ambipom|0 fnt
|faint|p2a: Ambipom
|
|upkeep
|
|t:|1779905278
|switch|p2a: Gengar|Gengar, F|100/100
|turn|3
|
|t:|1779905287
|switch|p1a: Zapdos|Zapdos|100/100
|move|p2a: Gengar|Shadow Ball|p1a: Zapdos
|-damage|p1a: Zapdos|69/100
|
|upkeep
|turn|4
|
|t:|1779905294
|switch|p1a: Iron Treads|Iron Treads|100/100
|-enditem|p1a: Iron Treads|Booster Energy
|-activate|p1a: Iron Treads|ability: Quark Drive|[fromitem]
|-start|p1a: Iron Treads|quarkdrivespe
|move|p2a: Gengar|Sludge Wave|p1a: Iron Treads
|-immune|p1a: Iron Treads
|
|upkeep
|turn|5
|
|t:|1779905297
|move|p1a: Iron Treads|Knock Off|p2a: Gengar
|-supereffective|p2a: Gengar
|-enditem|p2a: Gengar|Focus Sash
|-damage|p2a: Gengar|1/100
|-start|p1a: Iron Treads|Disable|Knock Off|[from] ability: Cursed Body|[of] p2a: Gengar
|move|p2a: Gengar|Shadow Ball|p1a: Iron Treads
|-damage|p1a: Iron Treads|42/100
|
|upkeep
|turn|6
|
|t:|1779905304
|move|p1a: Iron Treads|Earthquake|p2a: Gengar
|-supereffective|p2a: Gengar
|-damage|p2a: Gengar|0 fnt
|faint|p2a: Gengar
|
|upkeep
|
|t:|1779905311
|switch|p2a: Gliscor|Gliscor, F|100/100
|turn|7
|
|t:|1779905315
|move|p1a: Iron Treads|Stealth Rock|p2a: Gliscor
|-sidestart|p2: Kaiko72|move: Stealth Rock
|move|p2a: Gliscor|Earthquake|p1a: Iron Treads
|-supereffective|p1a: Iron Treads
|-damage|p1a: Iron Treads|0 fnt
|faint|p1a: Iron Treads
|-end|p1a: Iron Treads|Quark Drive|[silent]
|
|-status|p2a: Gliscor|tox|[from] item: Toxic Orb
|upkeep
|
|t:|1779905330
|switch|p1a: Ogerpon|Ogerpon-Wellspring, F|100/100
|turn|8
|
|t:|1779905348
|move|p1a: Ogerpon|Swords Dance|p1a: Ogerpon
|-boost|p1a: Ogerpon|atk|2
|move|p2a: Gliscor|Ice Fang|p1a: Ogerpon
|-damage|p1a: Ogerpon|74/100
|
|upkeep
|turn|9
|
|t:|1779905355
|move|p1a: Ogerpon|Ivy Cudgel|p2a: Gliscor|[anim] Ivy Cudgel Water
|-supereffective|p2a: Gliscor
|-damage|p2a: Gliscor|0 fnt
|faint|p2a: Gliscor
|
|upkeep
|
|t:|1779905364
|switch|p2a: Tentacruel|Tentacruel, M|100/100
|-damage|p2a: Tentacruel|88/100|[from] Stealth Rock
|turn|10
|
|t:|1779905368
|move|p1a: Ogerpon|Ivy Cudgel|p2a: Tentacruel|[anim] Ivy Cudgel Water
|-resisted|p2a: Tentacruel
|-damage|p2a: Tentacruel|0 fnt
|faint|p2a: Tentacruel
|
|upkeep
|
|t:|1779905370
|switch|p2a: Skeledirge|Skeledirge, F, shiny|100/100
|-damage|p2a: Skeledirge|75/100|[from] Stealth Rock
|turn|11
|
|t:|1779905376
|move|p1a: Ogerpon|Ivy Cudgel|p2a: Skeledirge|[anim] Ivy Cudgel Water
|-supereffective|p2a: Skeledirge
|-crit|p2a: Skeledirge
|-damage|p2a: Skeledirge|0 fnt
|faint|p2a: Skeledirge
|
|upkeep
|
|t:|1779905377
|switch|p2a: Hawlucha|Hawlucha, F, shiny|100/100
|-damage|p2a: Hawlucha|88/100|[from] Stealth Rock
|turn|12
|
|t:|1779905380
|move|p1a: Ogerpon|Ivy Cudgel|p2a: Hawlucha|[anim] Ivy Cudgel Water
|-damage|p2a: Hawlucha|0 fnt
|faint|p2a: Hawlucha
|
|win|never say glhf
|raw|never say glhf's rating: 1433 &rarr; <strong>1453</strong><br />(+20 for winning)
|raw|Kaiko72's rating: 1434 &rarr; <strong>1414</strong><br />(-20 for losing)
|l|☆Kaiko72
|player|p2|
|l|☆never say glhf
|player|p1|
