|j|☆justbornus
|j|☆FrierenTheSlayer19
|t:|1779957969
|gametype|singles
|player|p1|justbornus|miku-ground|1551
|player|p2|FrierenTheSlayer19|170|1551
|gen|9
|tier|[Gen 9] OU
|rated|
|rule|HP Percentage Mod: HP is shown in percentages
|rule|Endless Battle Clause: Forcing endless battles is banned
|rule|Species Clause: Limit one of each Pokémon
|rule|OHKO Clause: OHKO moves are banned
|rule|Evasion Items Clause: Evasion items are banned
|rule|Evasion Moves Clause: Evasion moves are banned
|rule|Evasion Abilities Clause: Evasion abilities are banned
|rule|Sleep Moves Clause: Sleep-inducing moves are banned
|clearpoke
|poke|p1|Araquanid, M|
|poke|p1|Mimikyu, F|
|poke|p1|Iron Moth|
|poke|p1|Gallade, M|
|poke|p1|Great Tusk|
|poke|p1|Kingambit, M|
|poke|p2|Cinderace, M|
|poke|p2|Landorus-Therian, M|
|poke|p2|Gholdengo|
|poke|p2|Clefable, M|
|poke|p2|Mimikyu, M|
|poke|p2|Toxapex, M|
|teampreview
|
|t:|1779957978
|teamsize|p1|6
|teamsize|p2|6
|start
|switch|p1a: Araquanid|Araquanid, M|100/100
|switch|p2a: Toxapex|Toxapex, M|100/100
|turn|1
|j| chubai
|inactive|Battle timer is ON: inactive players will automatically lose when time's up. (requested by FrierenTheSlayer19)
|
|t:|1779958013
|switch|p1a: Iron Moth|Iron Moth|100/100
|move|p2a: Toxapex|Toxic|p1a: Iron Moth
|-immune|p1a: Iron Moth
|
|upkeep
|turn|2
|inactive|FrierenTheSlayer19 has 120 seconds left.
|
|t:|1779958066
|-end|p1a: Iron Moth|Quark Drive|[silent]
|switch|p1a: Mimikyu|Mimikyu, F|100/100
|move|p2a: Toxapex|Surf|p1a: Mimikyu
|-activate|p1a: Mimikyu|ability: Disguise
|-damage|p1a: Mimikyu|100/100
|detailschange|p1a: Mimikyu|Mimikyu-Busted, F
|-damage|p1a: Mimikyu|88/100|[from] pokemon: Mimikyu-Busted
|-enditem|p1a: Mimikyu|Red Card|[of] p2a: Toxapex
|drag|p2a: Clefable|Clefable, M|100/100
|
|upkeep
|turn|3
|
|t:|1779958079
|move|p2a: Clefable|Moonblast|p1a: Mimikyu
|-damage|p1a: Mimikyu|23/100
|move|p1a: Mimikyu|Trick Room|p1a: Mimikyu
|-fieldstart|move: Trick Room|[of] p1a: Mimikyu
|
|upkeep
|turn|4
|
|t:|1779958088
|switch|p2a: Toxapex|Toxapex, M|100/100
|move|p1a: Mimikyu|Curse|p2a: Toxapex
|-start|p2a: Toxapex|Curse|[of] p1a: Mimikyu
|-damage|p1a: Mimikyu|0 fnt
|faint|p1a: Mimikyu
|
|-damage|p2a: Toxapex|75/100|[from] Curse
|upkeep
|
|t:|1779958091
|switch|p1a: Gallade|Gallade, M|100/100
|turn|5
|inactive|FrierenTheSlayer19 has 120 seconds left.
|
|t:|1779958100
|switch|p2a: Landorus|Landorus-Therian, M|100/100
|-ability|p2a: Landorus|Intimidate|boost
|-unboost|p1a: Gallade|atk|1
|move|p1a: Gallade|Psycho Cut|p2a: Landorus
|-damage|p2a: Landorus|52/100
|-damage|p1a: Gallade|90/100|[from] item: Life Orb
|
|-heal|p2a: Landorus|58/100|[from] item: Leftovers
|upkeep
|turn|6
|
|t:|1779958112
|switch|p1a: Araquanid|Araquanid, M|100/100
|move|p2a: Landorus|U-turn|p1a: Araquanid
|-damage|p1a: Araquanid|77/100
|
|t:|1779958117
|switch|p2a: Toxapex|Toxapex, M|100/100|[from] U-turn
|
|upkeep
|turn|7
|
|t:|1779958123
|move|p2a: Toxapex|Toxic|p1a: Araquanid
|-status|p1a: Araquanid|tox
|move|p1a: Araquanid|Leech Life|p2a: Toxapex
|-resisted|p2a: Toxapex
|-damage|p2a: Toxapex|84/100
|-heal|p1a: Araquanid|85/100 tox|[from] drain|[of] p2a: Toxapex
|
|-heal|p2a: Toxapex|90/100|[from] item: Leftovers
|-damage|p1a: Araquanid|78/100 tox|[from] psn
|-fieldend|move: Trick Room
|upkeep
|turn|8
|
|t:|1779958133
|switch|p1a: Gallade|Gallade, M|90/100
|move|p2a: Toxapex|Surf|p1a: Gallade
|-damage|p1a: Gallade|74/100
|
|-heal|p2a: Toxapex|96/100|[from] item: Leftovers
|upkeep
|turn|9
|
|t:|1779958143
|move|p1a: Gallade|Psycho Cut|p2a: Toxapex
|-supereffective|p2a: Toxapex
|-damage|p2a: Toxapex|0 fnt
|faint|p2a: Toxapex
|-damage|p1a: Gallade|64/100|[from] item: Life Orb
|
|upkeep
|
|t:|1779958150
|switch|p2a: Cinderace|Cinderace, M|100/100
|turn|10
|
|t:|1779958154
|switch|p1a: Araquanid|Araquanid, M|78/100 tox
|move|p2a: Cinderace|Pyro Ball|p1a: Araquanid
|-damage|p1a: Araquanid|49/100 tox
|
|-damage|p1a: Araquanid|43/100 tox|[from] psn
|upkeep
|turn|11
|
|t:|1779958160
|move|p2a: Cinderace|U-turn|p1a: Araquanid
|-start|p2a: Cinderace|typechange|Bug|[from] ability: Libero
|-damage|p1a: Araquanid|4/100 tox
|
|t:|1779958166
|switch|p2a: Gholdengo|Gholdengo|100/100|[from] U-turn
|move|p1a: Araquanid|Liquidation|p2a: Gholdengo
|-damage|p2a: Gholdengo|0 fnt
|faint|p2a: Gholdengo
|
|-damage|p1a: Araquanid|0 fnt|[from] psn
|faint|p1a: Araquanid
|upkeep
|
|t:|1779958185
|switch|p2a: Clefable|Clefable, M|100/100
|switch|p1a: Gallade|Gallade, M|64/100
|turn|12
|
|t:|1779958196
|switch|p1a: Iron Moth|Iron Moth|100/100
|move|p2a: Clefable|Moonblast|p1a: Iron Moth
|-resisted|p1a: Iron Moth
|-damage|p1a: Iron Moth|85/100
|
|upkeep
|turn|13
|
|t:|1779958206
|switch|p2a: Cinderace|Cinderace, M|100/100
|move|p1a: Iron Moth|Sludge Wave|p2a: Cinderace
|-damage|p2a: Cinderace|0 fnt
|faint|p2a: Cinderace
|
|upkeep
|inactive|FrierenTheSlayer19 has 120 seconds left.
|inactive|FrierenTheSlayer19 has 90 seconds left.
|
|t:|1779958273
|switch|p2a: Landorus|Landorus-Therian, M|58/100
|-ability|p2a: Landorus|Intimidate|boost
|-unboost|p1a: Iron Moth|atk|1
|turn|14
|
|t:|1779958279
|-end|p1a: Iron Moth|Quark Drive|[silent]
|switch|p1a: Great Tusk|Great Tusk|100/100
|move|p2a: Landorus|Earthquake|p1a: Great Tusk
|-damage|p1a: Great Tusk|66/100
|
|-heal|p2a: Landorus|64/100|[from] item: Leftovers
|upkeep
|turn|15
|
|t:|1779958290
|move|p1a: Great Tusk|Ice Spinner|p2a: Landorus
|-supereffective|p2a: Landorus
|-damage|p2a: Landorus|0 fnt
|faint|p2a: Landorus
|
|upkeep
|
|t:|1779958295
|switch|p2a: Mimikyu|Mimikyu, M|100/100
|turn|16
|
|t:|1779958299
|move|p1a: Great Tusk|Ice Spinner|p2a: Mimikyu
|-activate|p2a: Mimikyu|ability: Disguise
|-damage|p2a: Mimikyu|100/100
|detailschange|p2a: Mimikyu|Mimikyu-Busted, M
|-damage|p2a: Mimikyu|88/100|[from] pokemon: Mimikyu-Busted
|move|p2a: Mimikyu|Swords Dance|p2a: Mimikyu
|-boost|p2a: Mimikyu|atk|2
|
|upkeep
|turn|17
|inactive|FrierenTheSlayer19 has 120 seconds left.
|
|t:|1779958310
|-end|p1a: Great Tusk|Protosynthesis|[silent]
|switch|p1a: Iron Moth|Iron Moth|85/100
|move|p2a: Mimikyu|Play Rough|p1a: Iron Moth
|-resisted|p1a: Iron Moth
|-damage|p1a: Iron Moth|46/100
|-damage|p2a: Mimikyu|78/100|[from] item: Life Orb
|
|upkeep
|turn|18
|
|t:|1779958320
|move|p2a: Mimikyu|Shadow Sneak|p1a: Iron Moth
|-damage|p1a: Iron Moth|0 fnt
|faint|p1a: Iron Moth
|-end|p1a: Iron Moth|Quark Drive|[silent]
|-damage|p2a: Mimikyu|68/100|[from] item: Life Orb
|
|upkeep
|
|t:|1779958331
|switch|p1a: Kingambit|Kingambit, M|100/100
|-activate|p1a: Kingambit|ability: Supreme Overlord
|-start|p1a: Kingambit|fallen3|[silent]
|-item|p1a: Kingambit|Air Balloon
|turn|19
|
|t:|1779958336
|-terastallize|p1a: Kingambit|Fire
|move|p2a: Mimikyu|Play Rough|p1a: Kingambit
|-resisted|p1a: Kingambit
|-damage|p1a: Kingambit|68/100
|-enditem|p1a: Kingambit|Air Balloon
|-damage|p2a: Mimikyu|58/100|[from] item: Life Orb
|move|p1a: Kingambit|Iron Head|p2a: Mimikyu
|-supereffective|p2a: Mimikyu
|-damage|p2a: Mimikyu|0 fnt
|faint|p2a: Mimikyu
|
|upkeep
|-message|FrierenTheSlayer19 forfeited.
|
|win|justbornus
|raw|justbornus's rating: 1551 &rarr; <strong>1571</strong><br />(+20 for winning)
|raw|FrierenTheSlayer19's rating: 1551 &rarr; <strong>1531</strong><br />(-20 for losing)
|l|☆FrierenTheSlayer19
|player|p2|
|l| chubai
|l|☆justbornus
|player|p1|
