|j|☆freddNRZ
|j|☆yeroVH
|t:|1779894448
|gametype|singles
|player|p1|freddNRZ|sailor|1077
|player|p2|yeroVH|hilbert|1126
|gen|9
|tier|[Gen 9] OU
|rated|
|rule|HP Percentage Mod: HP is shown in percentages
|rule|Endless Battle Clause: Forcing endless battles is banned
|rule|Species Clause: Limit one of each Pokémon
|rule|OHKO Clause: OHKO moves are banned
|rule|Evasion Items Clause: Evasion items are banned
|rule|Evasion Moves Clause: Evasion moves are banned
|rule|Evasion Abilities Clause: Evasion abilities are banned
|rule|Sleep Moves Clause: Sleep-inducing moves are banned
|clearpoke
|poke|p1|Honchkrow, M|
|poke|p1|Golurk|
|poke|p1|Glimmora, F|
|poke|p1|Scream Tail|
|poke|p1|Arcanine-Hisui, F|
|poke|p1|Slowking, M|
|poke|p2|Torkoal, F|
|poke|p2|Venusaur, M|
|poke|p2|Weezing-Galar, F|
|poke|p2|Camerupt, F|
|poke|p2|Shiftry, M|
|poke|p2|Whimsicott, M|
|teampreview
|
|t:|1779894463
|teamsize|p1|6
|teamsize|p2|6
|start
|switch|p1a: Glimmora|Glimmora, F|100/100
|switch|p2a: Camerupt|Camerupt, F|100/100
|turn|1
|
|t:|1779894476
|-terastallize|p1a: Glimmora|Flying
|move|p1a: Glimmora|Stealth Rock|p2a: Camerupt
|-sidestart|p2: yeroVH|move: Stealth Rock
|move|p2a: Camerupt|Earth Power|p1a: Glimmora
|-immune|p1a: Glimmora
|
|upkeep
|turn|2
|
|t:|1779894484
|move|p1a: Glimmora|Mortal Spin|p2a: Camerupt
|-resisted|p2a: Camerupt
|-damage|p2a: Camerupt|96/100
|-status|p2a: Camerupt|psn
|move|p2a: Camerupt|Flare Blitz|p1a: Glimmora
|-damage|p1a: Glimmora|61/100
|-activate|p1a: Glimmora|ability: Toxic Debris
|-sidestart|p2: yeroVH|move: Toxic Spikes
|-damage|p2a: Camerupt|83/100 psn|[from] Recoil
|
|-heal|p1a: Glimmora|67/100|[from] item: Leftovers
|-heal|p2a: Camerupt|90/100 psn|[from] item: Leftovers
|-damage|p2a: Camerupt|77/100 psn|[from] psn
|upkeep
|turn|3
|
|t:|1779894501
|switch|p1a: Slowking|Slowking, M|100/100
|move|p2a: Camerupt|Flare Blitz|p1a: Slowking
|-resisted|p1a: Slowking
|-damage|p1a: Slowking|75/100
|-damage|p2a: Camerupt|67/100 psn|[from] Recoil
|
|-heal|p2a: Camerupt|73/100 psn|[from] item: Leftovers
|-heal|p1a: Slowking|81/100|[from] item: Leftovers
|-damage|p2a: Camerupt|61/100 psn|[from] psn
|upkeep
|turn|4
|
|t:|1779894529
|move|p2a: Camerupt|Will-O-Wisp|p1a: Slowking
|-status|p1a: Slowking|brn
|move|p1a: Slowking|Calm Mind|p1a: Slowking
|-boost|p1a: Slowking|spa|1
|-boost|p1a: Slowking|spd|1
|
|-heal|p2a: Camerupt|67/100 psn|[from] item: Leftovers
|-heal|p1a: Slowking|87/100 brn|[from] item: Leftovers
|-damage|p2a: Camerupt|55/100 psn|[from] psn
|-damage|p1a: Slowking|81/100 brn|[from] brn
|upkeep
|turn|5
|
|t:|1779894538
|switch|p2a: Whimsicott|Whimsicott, M, shiny|100/100
|-damage|p2a: Whimsicott|88/100|[from] Stealth Rock
|-status|p2a: Whimsicott|psn
|move|p1a: Slowking|Scald|p2a: Whimsicott
|-resisted|p2a: Whimsicott
|-damage|p2a: Whimsicott|55/100 psn
|
|-heal|p1a: Slowking|87/100 brn|[from] item: Leftovers
|-damage|p2a: Whimsicott|43/100 psn|[from] psn
|-damage|p1a: Slowking|81/100 brn|[from] brn
|upkeep
|turn|6
|
|t:|1779894555
|switch|p1a: Scream Tail|Scream Tail|100/100
|move|p2a: Whimsicott|Tailwind|p2a: Whimsicott
|-sidestart|p2: yeroVH|move: Tailwind
|
|-damage|p2a: Whimsicott|31/100 psn|[from] psn
|upkeep
|turn|7
|
|t:|1779894564
|switch|p2a: Venusaur|Venusaur, M|100/100
|-damage|p2a: Venusaur|88/100|[from] Stealth Rock
|-sideend|p2: yeroVH|move: Toxic Spikes|[of] p2a: Venusaur
|move|p1a: Scream Tail|Wish|p1a: Scream Tail
|
|upkeep
|turn|8
|
|t:|1779894572
|move|p2a: Venusaur|Sludge Bomb|p1a: Scream Tail
|-supereffective|p1a: Scream Tail
|-damage|p1a: Scream Tail|24/100
|-damage|p2a: Venusaur|78/100|[from] item: Life Orb
|move|p1a: Scream Tail|Bulk Up|p1a: Scream Tail
|-boost|p1a: Scream Tail|atk|1
|-boost|p1a: Scream Tail|def|1
|
|-heal|p1a: Scream Tail|74/100|[from] move: Wish|[wisher] Scream Tail
|-heal|p1a: Scream Tail|81/100|[from] item: Leftovers
|upkeep
|turn|9
|
|t:|1779894583
|move|p2a: Venusaur|Sludge Bomb|p1a: Scream Tail
|-supereffective|p1a: Scream Tail
|-damage|p1a: Scream Tail|0 fnt
|faint|p1a: Scream Tail
|-end|p1a: Scream Tail|Protosynthesis|[silent]
|-damage|p2a: Venusaur|68/100|[from] item: Life Orb
|
|-sideend|p2: yeroVH|move: Tailwind
|upkeep
|
|t:|1779894591
|switch|p1a: Mafia|Honchkrow, M|100/100
|turn|10
|
|t:|1779894596
|switch|p2a: Weezing|Weezing-Galar, F|100/100
|-ability|p2a: Weezing|Neutralizing Gas
|-damage|p2a: Weezing|88/100|[from] Stealth Rock
|move|p1a: Mafia|Sucker Punch||[still]
|-fail|p1a: Mafia
|
|-heal|p2a: Weezing|94/100|[from] item: Black Sludge
|upkeep
|turn|11
|
|t:|1779894607
|move|p1a: Mafia|Drill Peck|p2a: Weezing
|-damage|p2a: Weezing|58/100
|move|p2a: Weezing|Defog|p1a: Mafia
|-unboost|p1a: Mafia|evasion|1
|-sideend|p2: yeroVH|Stealth Rock|[from] move: Defog|[of] p2a: Weezing
|
|-heal|p2a: Weezing|64/100|[from] item: Black Sludge
|upkeep
|turn|12
|
|t:|1779894614
|move|p1a: Mafia|Drill Peck|p2a: Weezing
|-damage|p2a: Weezing|31/100
|move|p2a: Weezing|Play Rough|p1a: Mafia
|-supereffective|p1a: Mafia
|-damage|p1a: Mafia|6/100
|
|-heal|p2a: Weezing|37/100|[from] item: Black Sludge
|upkeep
|turn|13
|
|t:|1779894624
|-end|p2a: Weezing|ability: Neutralizing Gas
|switch|p2a: Whimsicott|Whimsicott, M, shiny|31/100 psn
|move|p1a: Mafia|Drill Peck|p2a: Whimsicott
|-supereffective|p2a: Whimsicott
|-crit|p2a: Whimsicott
|-damage|p2a: Whimsicott|0 fnt
|faint|p2a: Whimsicott
|
|upkeep
|
|t:|1779894627
|switch|p2a: Torkoal|Torkoal, F, shiny|100/100
|-weather|SunnyDay|[from] ability: Drought|[of] p2a: Torkoal
|turn|14
|
|t:|1779894635
|move|p1a: Mafia|Night Slash|p2a: Torkoal
|-crit|p2a: Torkoal
|-damage|p2a: Torkoal|45/100
|move|p2a: Torkoal|Lava Plume|p1a: Mafia
|-damage|p1a: Mafia|0 fnt
|faint|p1a: Mafia
|
|-weather|SunnyDay|[upkeep]
|upkeep
|
|t:|1779894660
|switch|p1a: Golurk|Golurk|100/100
|turn|15
|
|t:|1779894671
|move|p1a: Golurk|Earthquake|p2a: Torkoal
|-supereffective|p2a: Torkoal
|-damage|p2a: Torkoal|0 fnt
|faint|p2a: Torkoal
|
|-weather|SunnyDay|[upkeep]
|upkeep
|
|t:|1779894674
|switch|p2a: Venusaur|Venusaur, M|68/100
|turn|16
|
|t:|1779894684
|move|p2a: Venusaur|Solar Beam||[still]
|-prepare|p2a: Venusaur|Solar Beam
|-anim|p2a: Venusaur|Solar Beam|p1a: Golurk
|-supereffective|p1a: Golurk
|-damage|p1a: Golurk|0 fnt
|faint|p1a: Golurk
|-damage|p2a: Venusaur|58/100|[from] item: Life Orb
|
|-weather|SunnyDay|[upkeep]
|upkeep
|
|t:|1779894693
|switch|p1a: Arcanine|Arcanine-Hisui, F|100/100
|-item|p1a: Arcanine|Air Balloon
|turn|17
|
|t:|1779894706
|switch|p2a: Weezing|Weezing-Galar, F|37/100
|-ability|p2a: Weezing|Neutralizing Gas
|move|p1a: Arcanine|Flare Blitz|p2a: Weezing
|-damage|p2a: Weezing|0 fnt
|faint|p2a: Weezing
|-end|p2a: Weezing|ability: Neutralizing Gas
|
|-weather|SunnyDay|[upkeep]
|upkeep
|
|t:|1779894712
|switch|p2a: Camerupt|Camerupt, F|55/100 psn
|turn|18
|
|t:|1779894721
|switch|p1a: Slowking|Slowking, M|100/100 brn
|move|p2a: Camerupt|Flare Blitz|p1a: Slowking
|-resisted|p1a: Slowking
|-damage|p1a: Slowking|67/100 brn
|-damage|p2a: Camerupt|41/100 psn|[from] Recoil
|
|-weather|SunnyDay|[upkeep]
|-heal|p2a: Camerupt|47/100 psn|[from] item: Leftovers
|-heal|p1a: Slowking|73/100 brn|[from] item: Leftovers
|-damage|p2a: Camerupt|35/100 psn|[from] psn
|-damage|p1a: Slowking|67/100 brn|[from] brn
|upkeep
|turn|19
|
|t:|1779894733
|switch|p2a: Shiftry|Shiftry, M|100/100
|move|p1a: Slowking|Future Sight|p2a: Shiftry
|-start|p1a: Slowking|move: Future Sight
|
|-weather|SunnyDay|[upkeep]
|-heal|p1a: Slowking|73/100 brn|[from] item: Leftovers
|-damage|p1a: Slowking|67/100 brn|[from] brn
|upkeep
|turn|20
|
|t:|1779894742
|switch|p1a: Glimmora|Glimmora, F, tera:Flying|67/100
|move|p2a: Shiftry|Tailwind|p2a: Shiftry
|-sidestart|p2: yeroVH|move: Tailwind
|-ability|p2a: Shiftry|Wind Rider|boost
|-boost|p2a: Shiftry|atk|1
|
|-weather|SunnyDay|[upkeep]
|-heal|p1a: Glimmora|73/100|[from] item: Leftovers
|upkeep
|turn|21
|
|t:|1779894753
|move|p2a: Shiftry|Knock Off|p1a: Glimmora
|-damage|p1a: Glimmora|8/100
|-activate|p1a: Glimmora|ability: Toxic Debris
|-sidestart|p2: yeroVH|move: Toxic Spikes
|-enditem|p1a: Glimmora|Leftovers|[from] move: Knock Off|[of] p2a: Shiftry
|move|p1a: Glimmora|Sludge Bomb|p2a: Shiftry
|-supereffective|p2a: Shiftry
|-enditem|p2a: Shiftry|Focus Sash
|-damage|p2a: Shiftry|1/100
|
|-weather|none
|-end|p2a: Shiftry|move: Future Sight
|-immune|p2a: Shiftry
|upkeep
|turn|22
|
|t:|1779894767
|move|p2a: Shiftry|Leaf Blade|p1a: Glimmora
|-resisted|p1a: Glimmora
|-damage|p1a: Glimmora|0 fnt
|-activate|p1a: Glimmora|ability: Toxic Debris
|-sidestart|p2: yeroVH|move: Toxic Spikes
|faint|p1a: Glimmora
|
|upkeep
|
|t:|1779894774
|switch|p1a: Arcanine|Arcanine-Hisui, F|100/100
|-item|p1a: Arcanine|Air Balloon
|turn|23
|
|t:|1779894778
|move|p1a: Arcanine|Extreme Speed|p2a: Shiftry
|-damage|p2a: Shiftry|0 fnt
|faint|p2a: Shiftry
|
|-sideend|p2: yeroVH|move: Tailwind
|upkeep
|
|t:|1779894781
|switch|p2a: Venusaur|Venusaur, M|58/100
|-sideend|p2: yeroVH|move: Toxic Spikes|[of] p2a: Venusaur
|turn|24
|
|t:|1779894790
|move|p1a: Arcanine|Flare Blitz|p2a: Venusaur
|-supereffective|p2a: Venusaur
|-damage|p2a: Venusaur|0 fnt
|faint|p2a: Venusaur
|
|upkeep
|
|t:|1779894792
|switch|p2a: Camerupt|Camerupt, F|35/100 psn
|turn|25
|
|t:|1779894797
|move|p1a: Arcanine|Extreme Speed|p2a: Camerupt
|-damage|p2a: Camerupt|0 fnt
|faint|p2a: Camerupt
|
|win|freddNRZ
|raw|freddNRZ's rating: 1077 &rarr; <strong>1109</strong><br />(+32 for winning)
|raw|yeroVH's rating: 1126 &rarr; <strong>1097</strong><br />(-29 for losing)
|l|☆yeroVH
|player|p2|
|l|☆freddNRZ
|player|p1|
