|j|☆momoLFT
|j|☆one4three4
|t:|1779816150
|gametype|singles
|player|p1|momoLFT|1|1315
|player|p2|one4three4|266|1320
|gen|9
|tier|[Gen 9] OU
|rated|
|rule|HP Percentage Mod: HP is shown in percentages
|rule|Endless Battle Clause: Forcing endless battles is banned
|rule|Species Clause: Limit one of each Pokémon
|rule|OHKO Clause: OHKO moves are banned
|rule|Evasion Items Clause: Evasion items are banned
|rule|Evasion Moves Clause: Evasion moves are banned
|rule|Evasion Abilities Clause: Evasion abilities are banned
|rule|Sleep Moves Clause: Sleep-inducing moves are banned
|clearpoke
|poke|p1|Darkrai|
|poke|p1|Moltres|
|poke|p1|Iron Treads|
|poke|p1|Sinistcha|
|poke|p1|Ogerpon-Wellspring, F|
|poke|p1|Medicham, F|
|poke|p2|Corviknight, M|
|poke|p2|Raging Bolt|
|poke|p2|Slowking-Galar, F|
|poke|p2|Landorus-Therian, M|
|poke|p2|Darkrai|
|poke|p2|Samurott-Hisui, F|
|teampreview
|
|t:|1779816159
|teamsize|p1|6
|teamsize|p2|6
|start
|switch|p1a: Darkrai|Darkrai|100/100
|switch|p2a: Landorus|Landorus-Therian, M|100/100
|-ability|p2a: Landorus|Intimidate|boost
|-unboost|p1a: Darkrai|atk|1
|turn|1
|inactive|Battle timer is ON: inactive players will automatically lose when time's up. (requested by momoLFT)
|
|t:|1779816171
|switch|p1a: Moltres|Moltres|100/100
|switch|p2a: Samurott|Samurott-Hisui, F|100/100
|
|upkeep
|turn|2
|
|t:|1779816180
|-terastallize|p2a: Samurott|Fire
|move|p2a: Samurott|Flip Turn|p1a: Moltres
|-supereffective|p1a: Moltres
|-damage|p1a: Moltres|65/100
|
|t:|1779816189
|switch|p2a: Slowking|Slowking-Galar, F|100/100|[from] Flip Turn
|move|p1a: Moltres|U-turn|p2a: Slowking
|-damage|p2a: Slowking|87/100
|
|t:|1779816196
|switch|p1a: Darkrai|Darkrai|100/100|[from] U-turn
|
|upkeep
|turn|3
|
|t:|1779816202
|move|p1a: Darkrai|Dark Pulse|p2a: Slowking
|-supereffective|p2a: Slowking
|-damage|p2a: Slowking|10/100
|cant|p2a: Slowking|flinch
|
|upkeep
|turn|4
|
|t:|1779816208
|switch|p2a: Samurott|Samurott-Hisui, F, tera:Fire|100/100
|move|p1a: Darkrai|Dark Pulse|p2a: Samurott
|-damage|p2a: Samurott|35/100
|
|upkeep
|turn|5
|
|t:|1779816219
|move|p2a: Samurott|Sucker Punch|p1a: Darkrai
|-resisted|p1a: Darkrai
|-damage|p1a: Darkrai|80/100
|move|p1a: Darkrai|Dark Pulse|p2a: Samurott
|-damage|p2a: Samurott|0 fnt
|faint|p2a: Samurott
|
|upkeep
|
|t:|1779816226
|switch|p2a: Darkrai|Darkrai|100/100
|turn|6
|
|t:|1779816236
|switch|p1a: Iron Treads|Iron Treads|100/100
|move|p2a: Darkrai|Focus Blast|p1a: Iron Treads
|-supereffective|p1a: Iron Treads
|-damage|p1a: Iron Treads|41/100
|
|upkeep
|turn|7
|
|t:|1779816245
|move|p2a: Darkrai|Focus Blast|p1a: Iron Treads
|-supereffective|p1a: Iron Treads
|-damage|p1a: Iron Treads|0 fnt
|faint|p1a: Iron Treads
|-end|p1a: Iron Treads|Quark Drive|[silent]
|
|upkeep
|
|t:|1779816250
|switch|p1a: Medicham|Medicham, F|100/100
|turn|8
|
|t:|1779816257
|switch|p2a: Corviknight|Corviknight, M|100/100
|-ability|p2a: Corviknight|Pressure
|move|p1a: Medicham|Close Combat|p2a: Corviknight
|-damage|p2a: Corviknight|58/100
|-unboost|p1a: Medicham|def|1
|-unboost|p1a: Medicham|spd|1
|
|-heal|p2a: Corviknight|64/100|[from] item: Leftovers
|upkeep
|turn|9
|
|t:|1779816267
|switch|p1a: Moltres|Moltres|65/100
|move|p2a: Corviknight|Roost|p2a: Corviknight
|-heal|p2a: Corviknight|100/100
|-singleturn|p2a: Corviknight|move: Roost
|
|upkeep
|turn|10
|
|t:|1779816274
|switch|p2a: Slowking|Slowking-Galar, F|44/100
|move|p1a: Moltres|U-turn|p2a: Slowking
|-damage|p2a: Slowking|29/100
|
|t:|1779816283
|switch|p1a: Ogerpon|Ogerpon-Wellspring, F|100/100|[from] U-turn
|
|upkeep
|turn|11
|
|t:|1779816288
|switch|p2a: Landorus|Landorus-Therian, M|100/100
|-ability|p2a: Landorus|Intimidate|boost
|-unboost|p1a: Ogerpon|atk|1
|move|p1a: Ogerpon|Ivy Cudgel|p2a: Landorus|[anim] Ivy Cudgel Water
|-supereffective|p2a: Landorus
|-damage|p2a: Landorus|26/100
|
|upkeep
|turn|12
|
|t:|1779816299
|switch|p2a: Corviknight|Corviknight, M|100/100
|-ability|p2a: Corviknight|Pressure
|move|p1a: Ogerpon|Ivy Cudgel|p2a: Corviknight|[anim] Ivy Cudgel Water
|-damage|p2a: Corviknight|79/100
|
|-heal|p2a: Corviknight|85/100|[from] item: Leftovers
|upkeep
|turn|13
|
|t:|1779816309
|switch|p1a: Moltres|Moltres|65/100
|move|p2a: Corviknight|U-turn|p1a: Moltres
|-resisted|p1a: Moltres
|-damage|p1a: Moltres|62/100
|
|t:|1779816314
|switch|p2a: Raging Bolt|Raging Bolt|100/100|[from] U-turn
|
|upkeep
|turn|14
|
|t:|1779816329
|switch|p1a: Sinistcha|Sinistcha|100/100
|move|p2a: Raging Bolt|Volt Switch|p1a: Sinistcha
|-resisted|p1a: Sinistcha
|-damage|p1a: Sinistcha|66/100
|
|t:|1779816334
|-end|p2a: Raging Bolt|Protosynthesis|[silent]
|switch|p2a: Darkrai|Darkrai|100/100|[from] Volt Switch
|
|-heal|p1a: Sinistcha|72/100|[from] item: Leftovers
|upkeep
|turn|15
|
|t:|1779816344
|switch|p1a: Medicham|Medicham, F|100/100
|move|p2a: Darkrai|Ice Beam|p1a: Medicham
|-damage|p1a: Medicham|50/100
|
|upkeep
|turn|16
|
|t:|1779816351
|move|p2a: Darkrai|Ice Beam|p1a: Medicham
|-damage|p1a: Medicham|1/100
|move|p1a: Medicham|Fire Punch|p2a: Darkrai
|-damage|p2a: Darkrai|61/100
|
|upkeep
|turn|17
|
|t:|1779816358
|switch|p1a: Moltres|Moltres|62/100
|move|p2a: Darkrai|Ice Beam|p1a: Moltres
|-damage|p1a: Moltres|31/100
|
|upkeep
|turn|18
|
|t:|1779816364
|switch|p2a: Slowking|Slowking-Galar, F|62/100
|move|p1a: Moltres|Roost|p1a: Moltres
|-heal|p1a: Moltres|81/100
|-singleturn|p1a: Moltres|move: Roost
|
|upkeep
|turn|19
|
|t:|1779816373
|move|p1a: Moltres|Flamethrower|p2a: Slowking
|-damage|p2a: Slowking|39/100
|move|p2a: Slowking|Thunder Wave|p1a: Moltres
|-status|p1a: Moltres|par
|
|upkeep
|turn|20
|
|t:|1779816379
|cant|p1a: Moltres|par
|-prepare|p2a: Slowking|Chilly Reception|[premajor]
|move|p2a: Slowking|Chilly Reception|p2a: Slowking
|-weather|Snowscape
|
|t:|1779816385
|switch|p2a: Raging Bolt|Raging Bolt|100/100|[from] Chilly Reception
|
|-weather|Snowscape|[upkeep]
|upkeep
|turn|21
|
|t:|1779816390
|move|p2a: Raging Bolt|Volt Switch|p1a: Moltres
|-supereffective|p1a: Moltres
|-damage|p1a: Moltres|0 fnt
|faint|p1a: Moltres
|
|t:|1779816396
|-end|p2a: Raging Bolt|Protosynthesis|[silent]
|switch|p2a: Darkrai|Darkrai|61/100|[from] Volt Switch
|
|-weather|Snowscape|[upkeep]
|upkeep
|
|t:|1779816408
|switch|p1a: Darkrai|Darkrai|80/100
|turn|22
|
|t:|1779816411
|switch|p1a: Sinistcha|Sinistcha|72/100
|move|p2a: Darkrai|Focus Blast|p1a: Sinistcha
|-immune|p1a: Sinistcha
|
|-weather|Snowscape|[upkeep]
|-heal|p1a: Sinistcha|78/100|[from] item: Leftovers
|upkeep
|turn|23
|
|t:|1779816419
|switch|p2a: Slowking|Slowking-Galar, F|72/100
|move|p1a: Sinistcha|Nasty Plot|p1a: Sinistcha
|-boost|p1a: Sinistcha|spa|2
|
|-weather|Snowscape|[upkeep]
|-heal|p1a: Sinistcha|84/100|[from] item: Leftovers
|upkeep
|turn|24
|
|t:|1779816427
|move|p1a: Sinistcha|Shadow Ball|p2a: Slowking
|-supereffective|p2a: Slowking
|-damage|p2a: Slowking|0 fnt
|faint|p2a: Slowking
|
|-weather|none
|-heal|p1a: Sinistcha|90/100|[from] item: Leftovers
|upkeep
|
|t:|1779816435
|switch|p2a: Darkrai|Darkrai|61/100
|turn|25
|
|t:|1779816448
|switch|p1a: Medicham|Medicham, F|1/100
|move|p2a: Darkrai|Dark Pulse|p1a: Medicham
|-damage|p1a: Medicham|0 fnt
|faint|p1a: Medicham
|
|upkeep
|
|t:|1779816457
|switch|p1a: Ogerpon|Ogerpon-Wellspring, F|100/100
|turn|26
|
|t:|1779816463
|switch|p2a: Corviknight|Corviknight, M|85/100
|-ability|p2a: Corviknight|Pressure
|-terastallize|p1a: Ogerpon|Water
|detailschange|p1a: Ogerpon|Ogerpon-Wellspring-Tera, F, tera:Water
|-ability|p1a: Ogerpon|Embody Aspect (Wellspring)|boost
|-boost|p1a: Ogerpon|spd|1
|move|p1a: Ogerpon|Swords Dance|p1a: Ogerpon
|-boost|p1a: Ogerpon|atk|2
|
|-heal|p2a: Corviknight|91/100|[from] item: Leftovers
|upkeep
|turn|27
|
|t:|1779816476
|move|p1a: Ogerpon|Ivy Cudgel|p2a: Corviknight|[anim] Ivy Cudgel Water
|-damage|p2a: Corviknight|0 fnt
|faint|p2a: Corviknight
|
|upkeep
|
|t:|1779816481
|switch|p2a: Raging Bolt|Raging Bolt|100/100
|turn|28
|
|t:|1779816487
|switch|p1a: Sinistcha|Sinistcha|90/100
|move|p2a: Raging Bolt|Thunderclap||[still]
|-fail|p2a: Raging Bolt
|
|-heal|p1a: Sinistcha|96/100|[from] item: Leftovers
|upkeep
|turn|29
|
|t:|1779816497
|-end|p2a: Raging Bolt|Protosynthesis|[silent]
|switch|p2a: Darkrai|Darkrai|61/100
|move|p1a: Sinistcha|Shadow Ball|p2a: Darkrai
|-resisted|p2a: Darkrai
|-damage|p2a: Darkrai|39/100
|
|-heal|p1a: Sinistcha|100/100|[from] item: Leftovers
|upkeep
|turn|30
|
|t:|1779816516
|switch|p1a: Darkrai|Darkrai|80/100
|move|p2a: Darkrai|Dark Pulse|p1a: Darkrai
|-resisted|p1a: Darkrai
|-damage|p1a: Darkrai|50/100
|
|upkeep
|turn|31
|
|t:|1779816526
|switch|p2a: Landorus|Landorus-Therian, M|26/100
|-ability|p2a: Landorus|Intimidate|boost
|-unboost|p1a: Darkrai|atk|1
|move|p1a: Darkrai|Dark Pulse|p2a: Landorus
|-damage|p2a: Landorus|0 fnt
|faint|p2a: Landorus
|
|upkeep
|
|t:|1779816535
|switch|p2a: Raging Bolt|Raging Bolt|100/100
|turn|32
|
|t:|1779816546
|move|p1a: Darkrai|Dark Pulse|p2a: Raging Bolt
|-damage|p2a: Raging Bolt|45/100
|move|p2a: Raging Bolt|Volt Switch|p1a: Darkrai
|-damage|p1a: Darkrai|0 fnt
|faint|p1a: Darkrai
|
|t:|1779816552
|-end|p2a: Raging Bolt|Protosynthesis|[silent]
|switch|p2a: Darkrai|Darkrai|39/100|[from] Volt Switch
|
|upkeep
|
|t:|1779816556
|switch|p1a: Ogerpon|Ogerpon-Wellspring-Tera, F, tera:Water|100/100
|-ability|p1a: Ogerpon|Embody Aspect (Wellspring)|boost
|-boost|p1a: Ogerpon|spd|1
|turn|33
|
|t:|1779816569
|move|p2a: Darkrai|Dark Pulse|p1a: Ogerpon
|-damage|p1a: Ogerpon|66/100
|move|p1a: Ogerpon|U-turn|p2a: Darkrai
|-supereffective|p2a: Darkrai
|-damage|p2a: Darkrai|0 fnt
|faint|p2a: Darkrai
|
|t:|1779816574
|switch|p1a: Sinistcha|Sinistcha|100/100|[from] U-turn
|
|upkeep
|
|t:|1779816577
|switch|p2a: Raging Bolt|Raging Bolt|45/100
|turn|34
|
|t:|1779816583
|move|p2a: Raging Bolt|Thunderbolt|p1a: Sinistcha
|-resisted|p1a: Sinistcha
|-damage|p1a: Sinistcha|51/100
|move|p1a: Sinistcha|Shadow Ball|p2a: Raging Bolt
|-damage|p2a: Raging Bolt|17/100
|
|-heal|p1a: Sinistcha|57/100|[from] item: Leftovers
|upkeep
|turn|35
|
|t:|1779816590
|move|p2a: Raging Bolt|Thunderbolt|p1a: Sinistcha
|-resisted|p1a: Sinistcha
|-damage|p1a: Sinistcha|11/100
|move|p1a: Sinistcha|Strength Sap|p2a: Raging Bolt
|-unboost|p2a: Raging Bolt|atk|1
|-heal|p1a: Sinistcha|55/100
|
|-heal|p1a: Sinistcha|61/100|[from] item: Leftovers
|upkeep
|turn|36
|
|t:|1779816598
|move|p2a: Raging Bolt|Thunderbolt|p1a: Sinistcha
|-resisted|p1a: Sinistcha
|-damage|p1a: Sinistcha|18/100
|move|p1a: Sinistcha|Shadow Ball|p2a: Raging Bolt
|-damage|p2a: Raging Bolt|0 fnt
|faint|p2a: Raging Bolt
|-end|p2a: Raging Bolt|Protosynthesis|[silent]
|
|win|momoLFT
|raw|momoLFT's rating: 1315 &rarr; <strong>1335</strong><br />(+20 for winning)
|raw|one4three4's rating: 1320 &rarr; <strong>1300</strong><br />(-20 for losing)
|l|☆one4three4
|player|p2|
|l|☆momoLFT
|player|p1|
