|j|☆Dom225
|j|☆rollinshahaha
|t:|1779919501
|gametype|singles
|player|p1|Dom225|1|1344
|player|p2|rollinshahaha|265|1389
|gen|9
|tier|[Gen 9] OU
|rated|
|rule|HP Percentage Mod: HP is shown in percentages
|rule|Endless Battle Clause: Forcing endless battles is banned
|rule|Species Clause: Limit one of each Pokémon
|rule|OHKO Clause: OHKO moves are banned
|rule|Evasion Items Clause: Evasion items are banned
|rule|Evasion Moves Clause: Evasion moves are banned
|rule|Evasion Abilities Clause: Evasion abilities are banned
|rule|Sleep Moves Clause: Sleep-inducing moves are banned
|clearpoke
|poke|p1|Suicune|
|poke|p1|Latios, M|
|poke|p1|Umbreon, M|
|poke|p1|Snorlax, F|
|poke|p1|Chesnaught, M|
|poke|p1|Primarina, F|
|poke|p2|Rillaboom, M|
|poke|p2|Hatterene, F|
|poke|p2|Raging Bolt|
|poke|p2|Landorus-Therian, M|
|poke|p2|Kingambit, M|
|poke|p2|Dragapult, F|
|teampreview
|inactive|Battle timer is ON: inactive players will automatically lose when time's up. (requested by rollinshahaha)
|
|t:|1779919525
|teamsize|p1|6
|teamsize|p2|6
|start
|switch|p1a: Gros Chat XL|Umbreon, M, shiny|100/100
|switch|p2a: Dragapult|Dragapult, F|100/100
|turn|1
|
|t:|1779919529
|move|p2a: Dragapult|U-turn|p1a: Gros Chat XL
|-supereffective|p1a: Gros Chat XL
|-damage|p1a: Gros Chat XL|74/100
|
|t:|1779919532
|switch|p2a: Hatterene|Hatterene, F|100/100|[from] U-turn
|move|p1a: Gros Chat XL|Foul Play|p2a: Hatterene
|-damage|p2a: Hatterene|82/100
|
|-heal|p1a: Gros Chat XL|80/100|[from] item: Leftovers
|upkeep
|turn|2
|
|t:|1779919546
|switch|p1a: Gros Ours XXL|Snorlax, F|100/100
|move|p2a: Hatterene|Calm Mind|p2a: Hatterene
|-boost|p2a: Hatterene|spa|1
|-boost|p2a: Hatterene|spd|1
|
|upkeep
|turn|3
|
|t:|1779919555
|switch|p2a: Dragapult|Dragapult, F|100/100
|move|p1a: Gros Ours XXL|Body Slam|p2a: Dragapult
|-immune|p2a: Dragapult
|
|upkeep
|turn|4
|
|t:|1779919564
|switch|p1a: Grande Sirène XL|Primarina, F, shiny|100/100
|move|p2a: Dragapult|Will-O-Wisp|p1a: Grande Sirène XL
|-status|p1a: Grande Sirène XL|brn
|
|-damage|p1a: Grande Sirène XL|94/100 brn|[from] brn
|upkeep
|turn|5
|
|t:|1779919573
|move|p2a: Dragapult|U-turn|p1a: Grande Sirène XL
|-resisted|p1a: Grande Sirène XL
|-damage|p1a: Grande Sirène XL|81/100 brn
|
|t:|1779919575
|switch|p2a: Rillaboom|Rillaboom, M|100/100|[from] U-turn
|-fieldstart|move: Grassy Terrain|[from] ability: Grassy Surge|[of] p2a: Rillaboom
|move|p1a: Grande Sirène XL|Ice Beam|p2a: Rillaboom
|-supereffective|p2a: Rillaboom
|-damage|p2a: Rillaboom|23/100
|
|-heal|p2a: Rillaboom|30/100|[from] Grassy Terrain
|-heal|p1a: Grande Sirène XL|87/100 brn|[from] Grassy Terrain
|-damage|p1a: Grande Sirène XL|81/100 brn|[from] brn
|upkeep
|turn|6
|
|t:|1779919589
|switch|p1a: PointeXL|Chesnaught, M|100/100
|move|p2a: Rillaboom|U-turn|p1a: PointeXL
|-damage|p1a: PointeXL|85/100
|
|t:|1779919591
|switch|p2a: Hatterene|Hatterene, F|82/100|[from] U-turn
|-enditem|p2a: Hatterene|Grassy Seed
|-boost|p2a: Hatterene|def|1|[from] item: Grassy Seed
|
|-heal|p1a: PointeXL|91/100|[from] Grassy Terrain
|-heal|p1a: PointeXL|97/100|[from] item: Leftovers
|-heal|p2a: Hatterene|88/100|[from] Grassy Terrain
|upkeep
|turn|7
|
|t:|1779919604
|switch|p1a: Gros Ours XXL|Snorlax, F|100/100
|move|p2a: Hatterene|Calm Mind|p2a: Hatterene
|-boost|p2a: Hatterene|spa|1
|-boost|p2a: Hatterene|spd|1
|
|-heal|p2a: Hatterene|94/100|[from] Grassy Terrain
|upkeep
|turn|8
|
|t:|1779919622
|switch|p1a: Grande Sirène XL|Primarina, F, shiny|81/100 brn
|-terastallize|p2a: Hatterene|Steel
|move|p2a: Hatterene|Calm Mind|p2a: Hatterene
|-boost|p2a: Hatterene|spa|1
|-boost|p2a: Hatterene|spd|1
|
|-heal|p1a: Grande Sirène XL|87/100 brn|[from] Grassy Terrain
|-heal|p2a: Hatterene|99/100|[from] Grassy Terrain
|-damage|p1a: Grande Sirène XL|81/100 brn|[from] brn
|upkeep
|turn|9
|
|t:|1779919632
|switch|p1a: Gros Ours XXL|Snorlax, F|100/100
|move|p2a: Hatterene|Calm Mind|p2a: Hatterene
|-boost|p2a: Hatterene|spa|1
|-boost|p2a: Hatterene|spd|1
|
|-heal|p2a: Hatterene|100/100|[from] Grassy Terrain
|upkeep
|turn|10
|
|t:|1779919640
|move|p1a: Gros Ours XXL|Heat Crash|p2a: Hatterene
|-supereffective|p2a: Hatterene
|-damage|p2a: Hatterene|53/100
|move|p2a: Hatterene|Calm Mind|p2a: Hatterene
|-boost|p2a: Hatterene|spa|1
|-boost|p2a: Hatterene|spd|1
|
|-heal|p2a: Hatterene|59/100|[from] Grassy Terrain
|upkeep
|turn|11
|
|t:|1779919648
|move|p1a: Gros Ours XXL|Heat Crash|p2a: Hatterene
|-supereffective|p2a: Hatterene
|-damage|p2a: Hatterene|14/100
|move|p2a: Hatterene|Draining Kiss|p1a: Gros Ours XXL
|-damage|p1a: Gros Ours XXL|73/100
|-heal|p2a: Hatterene|48/100|[from] drain|[of] p1a: Gros Ours XXL
|
|-heal|p1a: Gros Ours XXL|79/100|[from] Grassy Terrain
|-heal|p2a: Hatterene|54/100|[from] Grassy Terrain
|upkeep
|turn|12
|
|t:|1779919657
|move|p1a: Gros Ours XXL|Heat Crash|p2a: Hatterene
|-supereffective|p2a: Hatterene
|-damage|p2a: Hatterene|11/100
|move|p2a: Hatterene|Draining Kiss|p1a: Gros Ours XXL
|-damage|p1a: Gros Ours XXL|52/100
|-heal|p2a: Hatterene|45/100|[from] drain|[of] p1a: Gros Ours XXL
|
|-heal|p1a: Gros Ours XXL|58/100|[from] Grassy Terrain
|-heal|p2a: Hatterene|50/100|[from] Grassy Terrain
|-fieldend|move: Grassy Terrain
|upkeep
|turn|13
|
|t:|1779919666
|move|p1a: Gros Ours XXL|Heat Crash|p2a: Hatterene
|-supereffective|p2a: Hatterene
|-damage|p2a: Hatterene|5/100
|move|p2a: Hatterene|Psyshock|p1a: Gros Ours XXL
|-damage|p1a: Gros Ours XXL|0 fnt
|faint|p1a: Gros Ours XXL
|
|upkeep
|
|t:|1779919673
|switch|p1a: Dragon Bleu XL|Latios, M, shiny|100/100
|turn|14
|
|t:|1779919678
|move|p1a: Dragon Bleu XL|Thunderbolt|p2a: Hatterene
|-damage|p2a: Hatterene|0 fnt
|faint|p2a: Hatterene
|
|upkeep
|
|t:|1779919681
|switch|p2a: Dragapult|Dragapult, F|100/100
|turn|15
|
|t:|1779919686
|switch|p1a: Grande Sirène XL|Primarina, F, shiny|81/100 brn
|move|p2a: Dragapult|U-turn|p1a: Grande Sirène XL
|-resisted|p1a: Grande Sirène XL
|-damage|p1a: Grande Sirène XL|68/100 brn
|
|t:|1779919689
|switch|p2a: Rillaboom|Rillaboom, M|30/100|[from] U-turn
|-fieldstart|move: Grassy Terrain|[from] ability: Grassy Surge|[of] p2a: Rillaboom
|
|-heal|p2a: Rillaboom|36/100|[from] Grassy Terrain
|-heal|p1a: Grande Sirène XL|74/100 brn|[from] Grassy Terrain
|-damage|p1a: Grande Sirène XL|68/100 brn|[from] brn
|upkeep
|turn|16
|
|t:|1779919699
|switch|p1a: PointeXL|Chesnaught, M|97/100
|move|p2a: Rillaboom|Grassy Glide|p1a: PointeXL
|-resisted|p1a: PointeXL
|-damage|p1a: PointeXL|86/100
|
|-heal|p2a: Rillaboom|42/100|[from] Grassy Terrain
|-heal|p1a: PointeXL|92/100|[from] Grassy Terrain
|-heal|p1a: PointeXL|98/100|[from] item: Leftovers
|upkeep
|turn|17
|
|t:|1779919709
|move|p2a: Rillaboom|Knock Off|p1a: PointeXL
|-resisted|p1a: PointeXL
|-damage|p1a: PointeXL|88/100
|-enditem|p1a: PointeXL|Leftovers|[from] move: Knock Off|[of] p2a: Rillaboom
|move|p1a: PointeXL|Knock Off|p2a: Rillaboom
|-damage|p2a: Rillaboom|19/100
|-enditem|p2a: Rillaboom|Terrain Extender|[from] move: Knock Off|[of] p1a: PointeXL
|
|-heal|p2a: Rillaboom|25/100|[from] Grassy Terrain
|-heal|p1a: PointeXL|94/100|[from] Grassy Terrain
|upkeep
|turn|18
|
|t:|1779919722
|move|p2a: Rillaboom|Grassy Glide|p1a: PointeXL
|-resisted|p1a: PointeXL
|-damage|p1a: PointeXL|83/100
|move|p1a: PointeXL|Knock Off|p2a: Rillaboom
|-damage|p2a: Rillaboom|10/100
|
|-heal|p2a: Rillaboom|17/100|[from] Grassy Terrain
|-heal|p1a: PointeXL|89/100|[from] Grassy Terrain
|upkeep
|turn|19
|
|t:|1779919734
|move|p2a: Rillaboom|Grassy Glide|p1a: PointeXL
|-resisted|p1a: PointeXL
|-damage|p1a: PointeXL|78/100
|move|p1a: PointeXL|Body Press|p2a: Rillaboom
|-damage|p2a: Rillaboom|0 fnt
|faint|p2a: Rillaboom
|
|-heal|p1a: PointeXL|84/100|[from] Grassy Terrain
|upkeep
|
|t:|1779919742
|switch|p2a: Raging Bolt|Raging Bolt|100/100
|turn|20
|
|t:|1779919755
|move|p2a: Raging Bolt|Volt Switch|p1a: PointeXL
|-resisted|p1a: PointeXL
|-damage|p1a: PointeXL|46/100
|
|t:|1779919759
|-end|p2a: Raging Bolt|Protosynthesis|[silent]
|switch|p2a: Dragapult|Dragapult, F|100/100|[from] Volt Switch
|move|p1a: PointeXL|Leech Seed|p2a: Dragapult
|-start|p2a: Dragapult|move: Leech Seed
|
|-heal|p1a: PointeXL|52/100|[from] Grassy Terrain
|-damage|p2a: Dragapult|88/100|[from] Leech Seed|[of] p1a: PointeXL
|-heal|p1a: PointeXL|62/100|[silent]
|upkeep
|turn|21
|
|t:|1779919777
|switch|p1a: Grande Sirène XL|Primarina, F, shiny|68/100 brn
|move|p2a: Dragapult|U-turn|p1a: Grande Sirène XL
|-resisted|p1a: Grande Sirène XL
|-damage|p1a: Grande Sirène XL|53/100 brn
|
|t:|1779919780
|switch|p2a: Raging Bolt|Raging Bolt|100/100|[from] U-turn
|
|-heal|p1a: Grande Sirène XL|59/100 brn|[from] Grassy Terrain
|-damage|p1a: Grande Sirène XL|53/100 brn|[from] brn
|upkeep
|turn|22
|inactive|Dom225 has 120 seconds left.
|
|t:|1779919823
|move|p2a: Raging Bolt|Thunderbolt|p1a: Grande Sirène XL
|-supereffective|p1a: Grande Sirène XL
|-damage|p1a: Grande Sirène XL|0 fnt
|faint|p1a: Grande Sirène XL
|
|-fieldend|move: Grassy Terrain
|upkeep
|
|t:|1779919829
|switch|p1a: Dragon Bleu XL|Latios, M, shiny|100/100
|turn|23
|
|t:|1779919844
|-end|p2a: Raging Bolt|Protosynthesis|[silent]
|switch|p2a: Dragapult|Dragapult, F|88/100
|-terastallize|p1a: Dragon Bleu XL|Electric
|move|p1a: Dragon Bleu XL|Calm Mind|p1a: Dragon Bleu XL
|-boost|p1a: Dragon Bleu XL|spa|1
|-boost|p1a: Dragon Bleu XL|spd|1
|
|upkeep
|turn|24
|
|t:|1779919851
|move|p2a: Dragapult|Dragon Darts|p1a: Dragon Bleu XL
|-damage|p1a: Dragon Bleu XL|66/100
|-anim|p2a: Dragapult|Dragon Darts|p1a: Dragon Bleu XL
|-damage|p1a: Dragon Bleu XL|34/100
|move|p1a: Dragon Bleu XL|Ice Beam|p2a: Dragapult
|-supereffective|p2a: Dragapult
|-damage|p2a: Dragapult|0 fnt
|faint|p2a: Dragapult
|
|upkeep
|
|t:|1779919862
|switch|p2a: Kingambit|Kingambit, M|100/100
|-activate|p2a: Kingambit|ability: Supreme Overlord
|-start|p2a: Kingambit|fallen3|[silent]
|turn|25
|
|t:|1779919872
|switch|p1a: Gros Chat XL|Umbreon, M, shiny|80/100
|move|p2a: Kingambit|Kowtow Cleave|p1a: Gros Chat XL
|-resisted|p1a: Gros Chat XL
|-damage|p1a: Gros Chat XL|59/100
|
|-heal|p1a: Gros Chat XL|65/100|[from] item: Leftovers
|upkeep
|turn|26
|
|t:|1779919881
|move|p1a: Gros Chat XL|Thunder Wave|p2a: Kingambit
|-status|p2a: Kingambit|par
|-enditem|p2a: Kingambit|Lum Berry|[eat]
|-curestatus|p2a: Kingambit|par|[msg]
|move|p2a: Kingambit|Swords Dance|p2a: Kingambit
|-boost|p2a: Kingambit|atk|2
|
|-heal|p1a: Gros Chat XL|71/100|[from] item: Leftovers
|upkeep
|turn|27
|
|t:|1779919888
|move|p1a: Gros Chat XL|Thunder Wave|p2a: Kingambit
|-status|p2a: Kingambit|par
|move|p2a: Kingambit|Iron Head|p1a: Gros Chat XL
|-damage|p1a: Gros Chat XL|3/100
|
|-heal|p1a: Gros Chat XL|9/100|[from] item: Leftovers
|upkeep
|turn|28
|
|t:|1779919902
|cant|p2a: Kingambit|par
|move|p1a: Gros Chat XL|Foul Play|p2a: Kingambit
|-resisted|p2a: Kingambit
|-damage|p2a: Kingambit|62/100 par
|
|-heal|p1a: Gros Chat XL|15/100|[from] item: Leftovers
|upkeep
|turn|29
|
|t:|1779919913
|move|p1a: Gros Chat XL|Moonlight|p1a: Gros Chat XL
|-heal|p1a: Gros Chat XL|65/100
|move|p2a: Kingambit|Iron Head|p1a: Gros Chat XL
|-damage|p1a: Gros Chat XL|0 fnt
|faint|p1a: Gros Chat XL
|
|upkeep
|
|t:|1779919919
|switch|p1a: PointeXL|Chesnaught, M|62/100
|turn|30
|
|t:|1779919928
|-end|p2a: Kingambit|fallen3|[silent]
|switch|p2a: Landorus|Landorus-Therian, M|100/100
|-ability|p2a: Landorus|Intimidate|boost
|-unboost|p1a: PointeXL|atk|1
|move|p1a: PointeXL|Bulk Up|p1a: PointeXL
|-boost|p1a: PointeXL|atk|1
|-boost|p1a: PointeXL|def|1
|
|upkeep
|turn|31
|
|t:|1779919937
|move|p2a: Landorus|Taunt|p1a: PointeXL
|-start|p1a: PointeXL|move: Taunt
|cant|p1a: PointeXL|move: Taunt|Leech Seed
|
|upkeep
|turn|32
|
|t:|1779919944
|switch|p1a: Chien dressé XL|Suicune|100/100
|-ability|p1a: Chien dressé XL|Pressure
|move|p2a: Landorus|Stealth Rock|p1a: Chien dressé XL
|-sidestart|p1: Dom225|move: Stealth Rock
|
|upkeep
|turn|33
|
|t:|1779919950
|move|p2a: Landorus|Taunt|p1a: Chien dressé XL
|-start|p1a: Chien dressé XL|move: Taunt
|cant|p1a: Chien dressé XL|move: Taunt|Calm Mind
|
|upkeep
|turn|34
|
|t:|1779919956
|move|p2a: Landorus|U-turn|p1a: Chien dressé XL
|-damage|p1a: Chien dressé XL|90/100
|
|t:|1779919963
|switch|p2a: Raging Bolt|Raging Bolt|100/100|[from] U-turn
|move|p1a: Chien dressé XL|Ice Beam|p2a: Raging Bolt
|-supereffective|p2a: Raging Bolt
|-damage|p2a: Raging Bolt|62/100
|
|-heal|p1a: Chien dressé XL|96/100|[from] item: Leftovers
|upkeep
|turn|35
|
|t:|1779919978
|switch|p1a: Dragon Bleu XL|Latios, M, shiny, tera:Electric|34/100
|-damage|p1a: Dragon Bleu XL|22/100|[from] Stealth Rock
|move|p2a: Raging Bolt|Thunderbolt|p1a: Dragon Bleu XL
|-resisted|p1a: Dragon Bleu XL
|-damage|p1a: Dragon Bleu XL|0 fnt
|faint|p1a: Dragon Bleu XL
|
|upkeep
|
|t:|1779919990
|switch|p1a: PointeXL|Chesnaught, M|62/100
|-damage|p1a: PointeXL|56/100|[from] Stealth Rock
|turn|36
|
|t:|1779919998
|move|p2a: Raging Bolt|Thunderbolt|p1a: PointeXL
|-resisted|p1a: PointeXL
|-damage|p1a: PointeXL|13/100
|move|p1a: PointeXL|Body Press|p2a: Raging Bolt
|-damage|p2a: Raging Bolt|23/100
|
|upkeep
|turn|37
|
|t:|1779920008
|move|p2a: Raging Bolt|Thunderbolt|p1a: PointeXL
|-resisted|p1a: PointeXL
|-damage|p1a: PointeXL|0 fnt
|faint|p1a: PointeXL
|
|upkeep
|
|t:|1779920012
|switch|p1a: Chien dressé XL|Suicune|96/100
|-damage|p1a: Chien dressé XL|84/100|[from] Stealth Rock
|-ability|p1a: Chien dressé XL|Pressure
|turn|38
|
|t:|1779920020
|move|p2a: Raging Bolt|Thunderbolt|p1a: Chien dressé XL
|-supereffective|p1a: Chien dressé XL
|-damage|p1a: Chien dressé XL|0 fnt
|faint|p1a: Chien dressé XL
|
|win|rollinshahaha
|raw|Dom225's rating: 1344 &rarr; <strong>1327</strong><br />(-17 for losing)
|raw|rollinshahaha's rating: 1389 &rarr; <strong>1406</strong><br />(+17 for winning)
|c|☆rollinshahaha|gg au mec xxl
|l|☆rollinshahaha
|player|p2|
