|j|☆huuueehueekk
|j|☆newbie911
|t:|1779835045
|gametype|singles
|player|p1|huuueehueekk|steven|1124
|player|p2|newbie911|1|1124
|gen|9
|tier|[Gen 9] OU
|rated|
|rule|HP Percentage Mod: HP is shown in percentages
|rule|Endless Battle Clause: Forcing endless battles is banned
|rule|Species Clause: Limit one of each Pokémon
|rule|OHKO Clause: OHKO moves are banned
|rule|Evasion Items Clause: Evasion items are banned
|rule|Evasion Moves Clause: Evasion moves are banned
|rule|Evasion Abilities Clause: Evasion abilities are banned
|rule|Sleep Moves Clause: Sleep-inducing moves are banned
|clearpoke
|poke|p1|Suicune|
|poke|p1|Dragonite, M|
|poke|p1|Cinderace, M|
|poke|p1|Zamazenta-*|
|poke|p1|Blaziken, F|
|poke|p1|Zapdos|
|poke|p2|Ceruledge, F|
|poke|p2|Gholdengo|
|poke|p2|Rillaboom, F|
|poke|p2|Weavile, M|
|poke|p2|Wo-Chien|
|poke|p2|Leavanny, F|
|teampreview
|inactive|Battle timer is ON: inactive players will automatically lose when time's up. (requested by huuueehueekk)
|
|t:|1779835056
|teamsize|p1|6
|teamsize|p2|6
|start
|switch|p1a: Blaziken|Blaziken, F|100/100
|switch|p2a: Leavanny|Leavanny, F|100/100
|turn|1
|inactive|newbie911 has 120 seconds left.
|
|t:|1779835093
|move|p2a: Leavanny|Pounce|p1a: Blaziken
|-resisted|p1a: Blaziken
|-damage|p1a: Blaziken|92/100
|-unboost|p1a: Blaziken|spe|1
|move|p1a: Blaziken|Swords Dance|p1a: Blaziken
|-boost|p1a: Blaziken|atk|2
|
|-ability|p1a: Blaziken|Speed Boost|boost
|-boost|p1a: Blaziken|spe|1
|upkeep
|turn|2
|inactive|newbie911 has 120 seconds left.
|inactive|huuueehueekk has 120 seconds left.
|inactive|newbie911 has 90 seconds left.
|
|t:|1779835130
|switch|p2a: Rillaboom|Rillaboom, F|100/100
|-fieldstart|move: Grassy Terrain|[from] ability: Grassy Surge|[of] p2a: Rillaboom
|move|p1a: Blaziken|Knock Off|p2a: Rillaboom
|-damage|p2a: Rillaboom|34/100
|-enditem|p2a: Rillaboom|Quick Claw|[from] move: Knock Off|[of] p1a: Blaziken
|
|-heal|p1a: Blaziken|98/100|[from] Grassy Terrain
|-heal|p2a: Rillaboom|41/100|[from] Grassy Terrain
|-ability|p1a: Blaziken|Speed Boost|boost
|-boost|p1a: Blaziken|spe|1
|upkeep
|turn|3
|inactive|newbie911 has 90 seconds left.
|inactive|newbie911 has 60 seconds left.
|
|t:|1779835181
|switch|p2a: Leavanny|Leavanny, F|100/100
|move|p1a: Blaziken|Close Combat|p2a: Leavanny
|-resisted|p2a: Leavanny
|-damage|p2a: Leavanny|8/100
|-unboost|p1a: Blaziken|def|1
|-unboost|p1a: Blaziken|spd|1
|
|-heal|p1a: Blaziken|100/100|[from] Grassy Terrain
|-heal|p2a: Leavanny|14/100|[from] Grassy Terrain
|-ability|p1a: Blaziken|Speed Boost|boost
|-boost|p1a: Blaziken|spe|1
|upkeep
|turn|4
|
|t:|1779835189
|move|p1a: Blaziken|Knock Off|p2a: Leavanny
|-damage|p2a: Leavanny|0 fnt
|-enditem|p2a: Leavanny|Focus Sash|[from] move: Knock Off|[of] p1a: Blaziken
|faint|p2a: Leavanny
|
|-ability|p1a: Blaziken|Speed Boost|boost
|-boost|p1a: Blaziken|spe|1
|upkeep
|
|t:|1779835206
|switch|p2a: Wo-Chien|Wo-Chien|100/100
|-ability|p2a: Wo-Chien|Tablets of Ruin
|-enditem|p2a: Wo-Chien|Grassy Seed
|-boost|p2a: Wo-Chien|def|1|[from] item: Grassy Seed
|turn|5
|
|t:|1779835210
|-terastallize|p2a: Wo-Chien|Fighting
|move|p1a: Blaziken|Close Combat|p2a: Wo-Chien
|-damage|p2a: Wo-Chien|61/100
|-unboost|p1a: Blaziken|def|1
|-unboost|p1a: Blaziken|spd|1
|move|p2a: Wo-Chien|Body Press|p1a: Blaziken
|-enditem|p1a: Blaziken|Focus Sash
|-damage|p1a: Blaziken|1/100
|
|-heal|p1a: Blaziken|7/100|[from] Grassy Terrain
|-heal|p2a: Wo-Chien|67/100|[from] Grassy Terrain
|-ability|p1a: Blaziken|Speed Boost|boost
|-boost|p1a: Blaziken|spe|1
|upkeep
|turn|6
|inactive|newbie911 has 60 seconds left.
|
|t:|1779835238
|move|p1a: Blaziken|Close Combat|p2a: Wo-Chien
|-damage|p2a: Wo-Chien|23/100
|-unboost|p1a: Blaziken|def|1
|-unboost|p1a: Blaziken|spd|1
|move|p2a: Wo-Chien|Body Press|p1a: Blaziken
|-damage|p1a: Blaziken|0 fnt
|faint|p1a: Blaziken
|
|-heal|p2a: Wo-Chien|29/100|[from] Grassy Terrain
|-fieldend|move: Grassy Terrain
|upkeep
|
|t:|1779835247
|switch|p1a: Zapdos|Zapdos|100/100
|turn|7
|
|t:|1779835259
|move|p1a: Zapdos|Discharge|p2a: Wo-Chien
|-damage|p2a: Wo-Chien|7/100
|move|p2a: Wo-Chien|Dark Pulse|p1a: Zapdos
|-damage|p1a: Zapdos|75/100
|
|upkeep
|turn|8
|
|t:|1779835272
|move|p1a: Zapdos|Discharge|p2a: Wo-Chien
|-damage|p2a: Wo-Chien|0 fnt
|faint|p2a: Wo-Chien
|
|upkeep
|
|t:|1779835279
|switch|p2a: Weavile|Weavile, M|100/100
|turn|9
|inactive|newbie911 has 60 seconds left.
|
|t:|1779835289
|switch|p1a: Suicune|Suicune, shiny|100/100
|-ability|p1a: Suicune|Pressure
|move|p2a: Weavile|Knock Off|p1a: Suicune
|-damage|p1a: Suicune|76/100
|-enditem|p1a: Suicune|Leftovers|[from] move: Knock Off|[of] p2a: Weavile
|
|upkeep
|turn|10
|inactive|newbie911 has 60 seconds left.
|
|t:|1779835303
|switch|p2a: Gholdengo|Gholdengo|100/100
|move|p1a: Suicune|Scald|p2a: Gholdengo
|-damage|p2a: Gholdengo|84/100
|-status|p2a: Gholdengo|brn
|
|-damage|p2a: Gholdengo|78/100 brn|[from] brn
|upkeep
|turn|11
|inactive|newbie911 has 60 seconds left.
|
|t:|1779835327
|switch|p1a: Cinderace|Cinderace, M|100/100
|move|p2a: Gholdengo|Thunderbolt|p1a: Cinderace
|-damage|p1a: Cinderace|54/100
|
|-damage|p2a: Gholdengo|72/100 brn|[from] brn
|upkeep
|turn|12
|inactive|newbie911 has 60 seconds left.
|
|t:|1779835338
|move|p1a: Cinderace|U-turn|p2a: Gholdengo
|-start|p1a: Cinderace|typechange|Bug|[from] ability: Libero
|-resisted|p2a: Gholdengo
|-damage|p2a: Gholdengo|62/100 brn
|
|t:|1779835343
|switch|p1a: Suicune|Suicune, shiny|76/100|[from] U-turn
|-ability|p1a: Suicune|Pressure
|move|p2a: Gholdengo|Shadow Ball|p1a: Suicune
|-damage|p1a: Suicune|43/100
|
|-damage|p2a: Gholdengo|56/100 brn|[from] brn
|upkeep
|turn|13
|inactive|newbie911 has 60 seconds left.
|
|t:|1779835363
|move|p1a: Suicune|Scald|p2a: Gholdengo
|-damage|p2a: Gholdengo|40/100 brn
|move|p2a: Gholdengo|Thunderbolt|p1a: Suicune
|-supereffective|p1a: Suicune
|-damage|p1a: Suicune|0 fnt
|faint|p1a: Suicune
|
|-damage|p2a: Gholdengo|34/100 brn|[from] brn
|upkeep
|inactive|huuueehueekk has 120 seconds left.
|
|t:|1779835414
|switch|p1a: Cinderace|Cinderace, M|54/100
|turn|14
|
|t:|1779835419
|switch|p2a: Ceruledge|Ceruledge, F|100/100
|move|p1a: Cinderace|Pyro Ball|p2a: Ceruledge
|-start|p2a: Ceruledge|ability: Flash Fire
|
|upkeep
|turn|15
|
|t:|1779835428
|move|p1a: Cinderace|U-turn|p2a: Ceruledge
|-start|p1a: Cinderace|typechange|Bug|[from] ability: Libero
|-resisted|p2a: Ceruledge
|-damage|p2a: Ceruledge|88/100
|
|t:|1779835431
|switch|p1a: Zapdos|Zapdos|75/100|[from] U-turn
|move|p2a: Ceruledge|Shadow Claw|p1a: Zapdos
|-damage|p1a: Zapdos|45/100
|-damage|p2a: Ceruledge|78/100|[from] item: Life Orb
|
|upkeep
|turn|16
|
|t:|1779835445
|move|p2a: Ceruledge|Bitter Blade|p1a: Zapdos
|-crit|p1a: Zapdos
|-damage|p1a: Zapdos|0 fnt
|-heal|p2a: Ceruledge|100/100|[from] drain|[of] p1a: Zapdos
|faint|p1a: Zapdos
|-damage|p2a: Ceruledge|91/100|[from] item: Life Orb
|
|upkeep
|
|t:|1779835448
|switch|p1a: Zamazenta|Zamazenta|100/100
|-ability|p1a: Zamazenta|Dauntless Shield|boost
|-boost|p1a: Zamazenta|def|1
|turn|17
|
|t:|1779835476
|move|p1a: Zamazenta|Iron Defense|p1a: Zamazenta
|-boost|p1a: Zamazenta|def|2
|move|p2a: Ceruledge|Bitter Blade|p1a: Zamazenta
|-damage|p1a: Zamazenta|74/100
|-heal|p2a: Ceruledge|100/100|[from] drain|[of] p1a: Zamazenta
|-damage|p2a: Ceruledge|91/100|[from] item: Life Orb
|
|-heal|p1a: Zamazenta|81/100|[from] item: Leftovers
|upkeep
|turn|18
|
|t:|1779835481
|move|p1a: Zamazenta|Iron Defense|p1a: Zamazenta
|-boost|p1a: Zamazenta|def|2
|move|p2a: Ceruledge|Poison Jab|p1a: Zamazenta
|-damage|p1a: Zamazenta|73/100
|-status|p1a: Zamazenta|psn
|-damage|p2a: Ceruledge|81/100|[from] item: Life Orb
|
|-heal|p1a: Zamazenta|79/100 psn|[from] item: Leftovers
|-damage|p1a: Zamazenta|67/100 psn|[from] psn
|upkeep
|turn|19
|
|t:|1779835487
|move|p1a: Zamazenta|Crunch|p2a: Ceruledge
|-supereffective|p2a: Ceruledge
|-damage|p2a: Ceruledge|19/100
|move|p2a: Ceruledge|Poison Jab|p1a: Zamazenta
|-damage|p1a: Zamazenta|59/100 psn
|-damage|p2a: Ceruledge|9/100|[from] item: Life Orb
|
|-heal|p1a: Zamazenta|65/100 psn|[from] item: Leftovers
|-damage|p1a: Zamazenta|52/100 psn|[from] psn
|upkeep
|turn|20
|inactive|newbie911 has 60 seconds left.
|
|t:|1779835545
|move|p1a: Zamazenta|Crunch|p2a: Ceruledge
|-supereffective|p2a: Ceruledge
|-damage|p2a: Ceruledge|0 fnt
|faint|p2a: Ceruledge
|
|-heal|p1a: Zamazenta|59/100 psn|[from] item: Leftovers
|-damage|p1a: Zamazenta|46/100 psn|[from] psn
|upkeep
|inactive|newbie911 has 30 seconds left.
|inactive|newbie911 has 20 seconds left.
|inactive|newbie911 has 15 seconds left.
|
|t:|1779835570
|switch|p2a: Rillaboom|Rillaboom, F|41/100
|-fieldstart|move: Grassy Terrain|[from] ability: Grassy Surge|[of] p2a: Rillaboom
|turn|21
|inactive|newbie911 has 25 seconds left this turn.
|
|t:|1779835574
|move|p2a: Rillaboom|Grassy Glide|p1a: Zamazenta
|-damage|p1a: Zamazenta|38/100 psn
|move|p1a: Zamazenta|Body Press|p2a: Rillaboom
|-damage|p2a: Rillaboom|0 fnt
|faint|p2a: Rillaboom
|
|-heal|p1a: Zamazenta|44/100 psn|[from] Grassy Terrain
|-heal|p1a: Zamazenta|50/100 psn|[from] item: Leftovers
|-damage|p1a: Zamazenta|38/100 psn|[from] psn
|upkeep
|inactive|newbie911 has 30 seconds left this turn.
|
|t:|1779835579
|switch|p2a: Gholdengo|Gholdengo|34/100 brn
|turn|22
|
|t:|1779835588
|move|p1a: Zamazenta|Crunch|p2a: Gholdengo
|-supereffective|p2a: Gholdengo
|-damage|p2a: Gholdengo|0 fnt
|faint|p2a: Gholdengo
|
|-heal|p1a: Zamazenta|44/100 psn|[from] Grassy Terrain
|-heal|p1a: Zamazenta|50/100 psn|[from] item: Leftovers
|-damage|p1a: Zamazenta|38/100 psn|[from] psn
|upkeep
|
|t:|1779835593
|switch|p2a: Weavile|Weavile, M|100/100
|turn|23
|
|t:|1779835596
|move|p1a: Zamazenta|Body Press|p2a: Weavile
|-supereffective|p2a: Weavile
|-damage|p2a: Weavile|0 fnt
|faint|p2a: Weavile
|
|win|huuueehueekk
|raw|huuueehueekk's rating: 1149 &rarr; <strong>1173</strong><br />(+24 for winning)
|raw|newbie911's rating: 1142 &rarr; <strong>1118</strong><br />(-24 for losing)
