|j|☆Alvarenga150
|j|☆nappy
|t:|1779945287
|gametype|singles
|player|p1|Alvarenga150|ethan|1084
|player|p2|nappy|266|1061
|gen|9
|tier|[Gen 9] OU
|rated|
|rule|HP Percentage Mod: HP is shown in percentages
|rule|Endless Battle Clause: Forcing endless battles is banned
|rule|Species Clause: Limit one of each Pokémon
|rule|OHKO Clause: OHKO moves are banned
|rule|Evasion Items Clause: Evasion items are banned
|rule|Evasion Moves Clause: Evasion moves are banned
|rule|Evasion Abilities Clause: Evasion abilities are banned
|rule|Sleep Moves Clause: Sleep-inducing moves are banned
|clearpoke
|poke|p1|Gliscor, M|
|poke|p1|Iron Valiant|
|poke|p1|Quaquaval, F|
|poke|p1|Ceruledge, M|
|poke|p1|Umbreon, F|
|poke|p1|Pecharunt|
|poke|p2|Torkoal, M|
|poke|p2|Venusaur, M|
|poke|p2|Clefable, F|
|poke|p2|Thundurus, M|
|poke|p2|Great Tusk|
|poke|p2|Charizard, M|
|teampreview
|inactive|Battle timer is ON: inactive players will automatically lose when time's up. (requested by Alvarenga150)
|inactive|nappy has 120 seconds left.
|
|t:|1779945337
|teamsize|p1|6
|teamsize|p2|6
|start
|switch|p1a: Gliscor|Gliscor, M|100/100
|switch|p2a: Torkoal|Torkoal, M|100/100
|-weather|SunnyDay|[from] ability: Drought|[of] p2a: Torkoal
|turn|1
|
|t:|1779945348
|move|p1a: Gliscor|Toxic|p2a: Torkoal
|-status|p2a: Torkoal|tox
|move|p2a: Torkoal|Will-O-Wisp|p1a: Gliscor|[miss]
|-miss|p2a: Torkoal|p1a: Gliscor
|
|-weather|SunnyDay|[upkeep]
|-damage|p2a: Torkoal|94/100 tox|[from] psn
|-status|p1a: Gliscor|tox|[from] item: Toxic Orb
|upkeep
|turn|2
|
|t:|1779945358
|switch|p2a: Charizard|Charizard, M, shiny|100/100
|move|p1a: Gliscor|Swords Dance|p1a: Gliscor
|-boost|p1a: Gliscor|atk|2
|
|-weather|SunnyDay|[upkeep]
|-damage|p2a: Charizard|88/100|[from] ability: Solar Power|[of] p2a: Charizard
|upkeep
|turn|3
|
|t:|1779945364
|move|p2a: Charizard|Flamethrower|p1a: Gliscor
|-damage|p1a: Gliscor|0 fnt
|faint|p1a: Gliscor
|
|-weather|SunnyDay|[upkeep]
|-damage|p2a: Charizard|76/100|[from] ability: Solar Power|[of] p2a: Charizard
|upkeep
|
|t:|1779945369
|switch|p1a: Quaquaval|Quaquaval, F|100/100
|turn|4
|
|t:|1779945378
|move|p2a: Charizard|Flamethrower|p1a: Quaquaval
|-resisted|p1a: Quaquaval
|-damage|p1a: Quaquaval|3/100
|move|p1a: Quaquaval|Aqua Cutter|p2a: Charizard
|-supereffective|p2a: Charizard
|-damage|p2a: Charizard|13/100
|-damage|p1a: Quaquaval|0 fnt|[from] item: Life Orb
|faint|p1a: Quaquaval
|
|-weather|SunnyDay|[upkeep]
|-damage|p2a: Charizard|0 fnt|[from] ability: Solar Power|[of] p2a: Charizard
|faint|p2a: Charizard
|upkeep
|
|t:|1779945388
|switch|p2a: Venusaur|Venusaur, M|100/100
|switch|p1a: Umbreon|Umbreon, F|100/100
|turn|5
|
|t:|1779945396
|switch|p1a: Ceruledge|Ceruledge, M|100/100
|move|p2a: Venusaur|Growth|p2a: Venusaur
|-boost|p2a: Venusaur|atk|2
|-boost|p2a: Venusaur|spa|2
|
|-weather|SunnyDay|[upkeep]
|upkeep
|turn|6
|
|t:|1779945412
|-terastallize|p2a: Venusaur|Fire
|move|p2a: Venusaur|Giga Drain|p1a: Ceruledge
|-resisted|p1a: Ceruledge
|-damage|p1a: Ceruledge|48/100
|-damage|p2a: Venusaur|91/100|[from] item: Life Orb
|move|p1a: Ceruledge|Swords Dance|p1a: Ceruledge
|-boost|p1a: Ceruledge|atk|2
|
|-weather|SunnyDay|[upkeep]
|upkeep
|turn|7
|
|t:|1779945422
|move|p2a: Venusaur|Giga Drain|p1a: Ceruledge
|-resisted|p1a: Ceruledge
|-damage|p1a: Ceruledge|0 fnt
|-heal|p2a: Venusaur|100/100|[from] drain|[of] p1a: Ceruledge
|faint|p1a: Ceruledge
|-damage|p2a: Venusaur|91/100|[from] item: Life Orb
|
|-weather|SunnyDay|[upkeep]
|upkeep
|
|t:|1779945428
|switch|p1a: Pecharunt|Pecharunt|100/100
|turn|8
|
|t:|1779945434
|move|p2a: Venusaur|Weather Ball|p1a: Pecharunt
|-damage|p1a: Pecharunt|0 fnt
|faint|p1a: Pecharunt
|-damage|p2a: Venusaur|81/100|[from] item: Life Orb
|
|-weather|none
|upkeep
|-message|Alvarenga150 forfeited.
|
|win|nappy
|raw|Alvarenga150's rating: 1084 &rarr; <strong>1060</strong><br />(-24 for losing)
|raw|nappy's rating: 1061 &rarr; <strong>1094</strong><br />(+33 for winning)
|l|☆Alvarenga150
|player|p1|
|l|☆nappy
|player|p2|
