|j|☆summerenaissance
|j|☆summmm
|t:|1779966042
|gametype|singles
|player|p1|summerenaissance|iris-gen5bw2|1510
|player|p2|summmm|266|1559
|gen|9
|tier|[Gen 9] OU
|rated|
|rule|HP Percentage Mod: HP is shown in percentages
|rule|Endless Battle Clause: Forcing endless battles is banned
|rule|Species Clause: Limit one of each Pokémon
|rule|OHKO Clause: OHKO moves are banned
|rule|Evasion Items Clause: Evasion items are banned
|rule|Evasion Moves Clause: Evasion moves are banned
|rule|Evasion Abilities Clause: Evasion abilities are banned
|rule|Sleep Moves Clause: Sleep-inducing moves are banned
|clearpoke
|poke|p1|Gliscor, M|
|poke|p1|Alomomola, M|
|poke|p1|Amoonguss, F|
|poke|p1|Blissey, F|
|poke|p1|Dondozo, F|
|poke|p1|Weezing-Galar, F|
|poke|p2|Gliscor, F|
|poke|p2|Gholdengo|
|poke|p2|Dragonite, M|
|poke|p2|Darkrai|
|poke|p2|Zamazenta-*|
|poke|p2|Ting-Lu|
|teampreview
|
|t:|1779966049
|teamsize|p1|6
|teamsize|p2|6
|start
|switch|p1a: Gliscor|Gliscor, M|100/100
|switch|p2a: Darkrai|Darkrai|100/100
|turn|1
|
|t:|1779966062
|move|p1a: Gliscor|Protect|p1a: Gliscor
|-singleturn|p1a: Gliscor|Protect
|move|p2a: Darkrai|Knock Off|p1a: Gliscor
|-activate|p1a: Gliscor|move: Protect
|
|-status|p1a: Gliscor|tox|[from] item: Toxic Orb
|upkeep
|turn|2
|inactive|Battle timer is ON: inactive players will automatically lose when time's up. (requested by summmm)
|
|t:|1779966075
|-terastallize|p1a: Gliscor|Water
|move|p2a: Darkrai|Ice Beam|p1a: Gliscor
|-resisted|p1a: Gliscor
|-damage|p1a: Gliscor|87/100 tox
|move|p1a: Gliscor|Knock Off|p2a: Darkrai
|-resisted|p2a: Darkrai
|-damage|p2a: Darkrai|88/100
|-enditem|p2a: Darkrai|Heavy-Duty Boots|[from] move: Knock Off|[of] p1a: Gliscor
|
|-heal|p1a: Gliscor|99/100 tox|[from] ability: Poison Heal
|upkeep
|turn|3
|
|t:|1779966094
|move|p2a: Darkrai|Dark Pulse|p1a: Gliscor
|-damage|p1a: Gliscor|60/100 tox
|cant|p1a: Gliscor|flinch
|
|-heal|p1a: Gliscor|72/100 tox|[from] ability: Poison Heal
|upkeep
|turn|4
|
|t:|1779966112
|move|p1a: Gliscor|Protect|p1a: Gliscor
|-singleturn|p1a: Gliscor|Protect
|move|p2a: Darkrai|Dark Pulse|p1a: Gliscor
|-activate|p1a: Gliscor|move: Protect
|
|-heal|p1a: Gliscor|85/100 tox|[from] ability: Poison Heal
|upkeep
|turn|5
|
|t:|1779966115
|move|p2a: Darkrai|Dark Pulse|p1a: Gliscor
|-damage|p1a: Gliscor|49/100 tox
|move|p1a: Gliscor|Spikes|p2a: Darkrai
|-sidestart|p2: summmm|Spikes
|
|-heal|p1a: Gliscor|61/100 tox|[from] ability: Poison Heal
|upkeep
|turn|6
|
|t:|1779966123
|switch|p2a: Gliscor|Gliscor, F|100/100
|move|p1a: Gliscor|Spikes|p2a: Gliscor
|-sidestart|p2: summmm|Spikes
|
|-heal|p1a: Gliscor|74/100 tox|[from] ability: Poison Heal
|-status|p2a: Gliscor|tox|[from] item: Toxic Orb
|upkeep
|turn|7
|
|t:|1779966129
|move|p2a: Gliscor|Spikes|p1a: Gliscor
|-sidestart|p1: summerenaissance|Spikes
|move|p1a: Gliscor|Spikes|p2a: Gliscor
|-sidestart|p2: summmm|Spikes
|
|-heal|p1a: Gliscor|86/100 tox|[from] ability: Poison Heal
|upkeep
|turn|8
|
|t:|1779966136
|move|p2a: Gliscor|Toxic|p1a: Gliscor
|-fail|p1a: Gliscor|tox
|move|p1a: Gliscor|Knock Off|p2a: Gliscor
|-damage|p2a: Gliscor|87/100 tox
|-enditem|p2a: Gliscor|Toxic Orb|[from] move: Knock Off|[of] p1a: Gliscor
|
|-heal|p2a: Gliscor|99/100 tox|[from] ability: Poison Heal
|-heal|p1a: Gliscor|99/100 tox|[from] ability: Poison Heal
|upkeep
|turn|9
|
|t:|1779966139
|move|p2a: Gliscor|Spikes|p1a: Gliscor
|-sidestart|p1: summerenaissance|Spikes
|move|p1a: Gliscor|Knock Off|p2a: Gliscor
|-damage|p2a: Gliscor|91/100 tox
|
|-heal|p2a: Gliscor|100/100 tox|[from] ability: Poison Heal
|-heal|p1a: Gliscor|100/100 tox|[from] ability: Poison Heal
|upkeep
|turn|10
|
|t:|1779966142
|move|p2a: Gliscor|Spikes|p1a: Gliscor
|-sidestart|p1: summerenaissance|Spikes
|move|p1a: Gliscor|Knock Off|p2a: Gliscor
|-damage|p2a: Gliscor|91/100 tox
|
|-heal|p2a: Gliscor|100/100 tox|[from] ability: Poison Heal
|upkeep
|turn|11
|
|t:|1779966149
|switch|p2a: Zamazenta|Zamazenta|100/100
|-ability|p2a: Zamazenta|Dauntless Shield|boost
|-boost|p2a: Zamazenta|def|1
|move|p1a: Gliscor|Knock Off|p2a: Zamazenta
|-resisted|p2a: Zamazenta
|-damage|p2a: Zamazenta|94/100
|-enditem|p2a: Zamazenta|Heavy-Duty Boots|[from] move: Knock Off|[of] p1a: Gliscor
|
|upkeep
|turn|12
|
|t:|1779966164
|switch|p1a: Amoonguss|Amoonguss, F|100/100
|-damage|p1a: Amoonguss|76/100|[from] Spikes
|move|p2a: Zamazenta|Close Combat|p1a: Amoonguss
|-resisted|p1a: Amoonguss
|-damage|p1a: Amoonguss|55/100
|-unboost|p2a: Zamazenta|def|1
|-unboost|p2a: Zamazenta|spd|1
|
|-heal|p1a: Amoonguss|61/100|[from] item: Black Sludge
|upkeep
|turn|13
|
|t:|1779966178
|switch|p1a: Gliscor|Gliscor, M, tera:Water|100/100 tox
|-damage|p1a: Gliscor|75/100 tox|[from] Spikes
|-terastallize|p2a: Zamazenta|Ice
|move|p2a: Zamazenta|Ice Fang|p1a: Gliscor
|-resisted|p1a: Gliscor
|-damage|p1a: Gliscor|63/100 tox
|
|-heal|p1a: Gliscor|75/100 tox|[from] ability: Poison Heal
|upkeep
|turn|14
|-message|summmm forfeited.
|
|win|summerenaissance
|raw|summerenaissance's rating: 1510 &rarr; <strong>1533</strong><br />(+23 for winning)
|raw|summmm's rating: 1559 &rarr; <strong>1536</strong><br />(-23 for losing)
|l|☆summmm
|player|p2|
