|j|☆nesnot
|j|☆Minnesotaaa
|t:|1779808556
|gametype|singles
|player|p1|nesnot|169|1541
|player|p2|Minnesotaaa|blue|1519
|gen|9
|tier|[Gen 9] OU
|rated|
|rule|HP Percentage Mod: HP is shown in percentages
|rule|Endless Battle Clause: Forcing endless battles is banned
|rule|Species Clause: Limit one of each Pokémon
|rule|OHKO Clause: OHKO moves are banned
|rule|Evasion Items Clause: Evasion items are banned
|rule|Evasion Moves Clause: Evasion moves are banned
|rule|Evasion Abilities Clause: Evasion abilities are banned
|rule|Sleep Moves Clause: Sleep-inducing moves are banned
|clearpoke
|poke|p1|Lokix, M|
|poke|p1|Alomomola, M|
|poke|p1|Hatterene, F|
|poke|p1|Iron Treads|
|poke|p1|Amoonguss, M|
|poke|p1|Umbreon, F|
|poke|p2|Ribombee, M|
|poke|p2|Kingambit, F|
|poke|p2|Empoleon, M|
|poke|p2|Serperior, M|
|poke|p2|Milotic, M|
|poke|p2|Cinderace, M|
|teampreview
|inactive|Battle timer is ON: inactive players will automatically lose when time's up. (requested by nesnot)
|
|t:|1779808564
|teamsize|p1|6
|teamsize|p2|6
|start
|switch|p1a: Iron Treads|Iron Treads|100/100
|switch|p2a: Ribombee|Ribombee, M|100/100
|turn|1
|
|t:|1779808568
|move|p2a: Ribombee|Sticky Web|p1a: Iron Treads
|-sidestart|p1: nesnot|move: Sticky Web
|move|p1a: Iron Treads|Rapid Spin|p2a: Ribombee
|-damage|p2a: Ribombee|74/100
|-boost|p1a: Iron Treads|spe|1
|-sideend|p1: nesnot|Sticky Web|[from] move: Rapid Spin|[of] p1a: Iron Treads
|
|upkeep
|turn|2
|
|t:|1779808575
|switch|p2a: Milotic|Milotic, M|100/100
|move|p1a: Iron Treads|Rapid Spin|p2a: Milotic
|-damage|p2a: Milotic|89/100
|-boost|p1a: Iron Treads|spe|1
|
|-heal|p2a: Milotic|95/100|[from] item: Leftovers
|upkeep
|turn|3
|
|t:|1779808580
|-end|p1a: Iron Treads|Quark Drive|[silent]
|switch|p1a: Alomomola|Alomomola, M|100/100
|move|p2a: Milotic|Scald|p1a: Alomomola
|-resisted|p1a: Alomomola
|-damage|p1a: Alomomola|94/100
|
|-heal|p2a: Milotic|100/100|[from] item: Leftovers
|upkeep
|turn|4
|
|t:|1779808586
|switch|p2a: Ribombee|Ribombee, M|74/100
|move|p1a: Alomomola|Flip Turn|p2a: Ribombee
|-damage|p2a: Ribombee|40/100
|
|t:|1779808591
|switch|p1a: Lokix|Lokix, M|100/100|[from] Flip Turn
|
|upkeep
|turn|5
|
|t:|1779808603
|switch|p2a: Empoleon|Empoleon, M|100/100
|-terastallize|p1a: Lokix|Bug
|move|p1a: Lokix|First Impression|p2a: Empoleon
|-resisted|p2a: Empoleon
|-damage|p2a: Empoleon|10/100
|
|-heal|p2a: Empoleon|16/100|[from] item: Leftovers
|upkeep
|turn|6
|
|t:|1779808614
|switch|p1a: Alomomola|Alomomola, M|100/100
|move|p2a: Empoleon|Hydro Pump|p1a: Alomomola
|-resisted|p1a: Alomomola
|-damage|p1a: Alomomola|87/100
|
|-heal|p2a: Empoleon|23/100|[from] item: Leftovers
|upkeep
|turn|7
|
|t:|1779808619
|move|p2a: Empoleon|Flash Cannon|p1a: Alomomola
|-resisted|p1a: Alomomola
|-damage|p1a: Alomomola|77/100
|move|p1a: Alomomola|Flip Turn|p2a: Empoleon
|-resisted|p2a: Empoleon
|-damage|p2a: Empoleon|15/100
|
|t:|1779808624
|switch|p1a: Lokix|Lokix, M, tera:Bug|100/100|[from] Flip Turn
|
|-heal|p2a: Empoleon|21/100|[from] item: Leftovers
|upkeep
|turn|8
|inactive|Minnesotaaa has 120 seconds left.
|
|t:|1779808660
|move|p1a: Lokix|U-turn|p2a: Empoleon
|-resisted|p2a: Empoleon
|-damage|p2a: Empoleon|0 fnt
|faint|p2a: Empoleon
|
|t:|1779808665
|switch|p1a: Iron Treads|Iron Treads|100/100|[from] U-turn
|
|upkeep
|inactive|Minnesotaaa has 120 seconds left.
|
|t:|1779808672
|switch|p2a: Milotic|Milotic, M|100/100
|turn|9
|
|t:|1779808676
|-end|p1a: Iron Treads|Quark Drive|[silent]
|switch|p1a: Alomomola|Alomomola, M|100/100
|move|p2a: Milotic|Scald|p1a: Alomomola
|-resisted|p1a: Alomomola
|-damage|p1a: Alomomola|94/100
|
|upkeep
|turn|10
|inactive|Minnesotaaa has 120 seconds left.
|
|t:|1779808702
|move|p2a: Milotic|Scald|p1a: Alomomola
|-resisted|p1a: Alomomola
|-damage|p1a: Alomomola|87/100
|move|p1a: Alomomola|Flip Turn|p2a: Milotic
|-resisted|p2a: Milotic
|-damage|p2a: Milotic|93/100
|
|t:|1779808705
|switch|p1a: Lokix|Lokix, M, tera:Bug|100/100|[from] Flip Turn
|
|-heal|p2a: Milotic|99/100|[from] item: Leftovers
|upkeep
|turn|11
|inactive|Minnesotaaa has 120 seconds left.
|
|t:|1779808718
|move|p2a: Milotic|Protect|p2a: Milotic
|-singleturn|p2a: Milotic|Protect
|move|p1a: Lokix|U-turn|p2a: Milotic
|-activate|p2a: Milotic|move: Protect
|
|-heal|p2a: Milotic|100/100|[from] item: Leftovers
|upkeep
|turn|12
|
|t:|1779808722
|move|p1a: Lokix|U-turn|p2a: Milotic
|-damage|p2a: Milotic|40/100
|
|t:|1779808727
|switch|p1a: Alomomola|Alomomola, M|100/100|[from] U-turn
|move|p2a: Milotic|Scald|p1a: Alomomola
|-resisted|p1a: Alomomola
|-damage|p1a: Alomomola|94/100
|
|-heal|p2a: Milotic|46/100|[from] item: Leftovers
|upkeep
|turn|13
|
|t:|1779808731
|move|p2a: Milotic|Protect|p2a: Milotic
|-singleturn|p2a: Milotic|Protect
|move|p1a: Alomomola|Flip Turn|p2a: Milotic
|-activate|p2a: Milotic|move: Protect
|
|-heal|p2a: Milotic|52/100|[from] item: Leftovers
|upkeep
|turn|14
|
|t:|1779808745
|move|p2a: Milotic|Recover|p2a: Milotic
|-heal|p2a: Milotic|100/100
|move|p1a: Alomomola|Flip Turn|p2a: Milotic
|-resisted|p2a: Milotic
|-damage|p2a: Milotic|94/100
|
|t:|1779808753
|switch|p1a: Amoonguss|Amoonguss, M|100/100|[from] Flip Turn
|
|-heal|p2a: Milotic|99/100|[from] item: Leftovers
|upkeep
|turn|15
|
|t:|1779808758
|switch|p2a: Ribombee|Ribombee, M|40/100
|move|p1a: Amoonguss|Sludge Bomb|p2a: Ribombee
|-supereffective|p2a: Ribombee
|-damage|p2a: Ribombee|0 fnt
|faint|p2a: Ribombee
|
|upkeep
|
|t:|1779808759
|switch|p2a: Cinderace|Cinderace, M|100/100
|turn|16
|
|t:|1779808765
|move|p2a: Cinderace|U-turn|p1a: Amoonguss
|-start|p2a: Cinderace|typechange|Bug|[from] ability: Libero
|-damage|p1a: Amoonguss|74/100
|-damage|p2a: Cinderace|84/100|[from] item: Rocky Helmet|[of] p1a: Amoonguss
|
|t:|1779808768
|switch|p2a: Kingambit|Kingambit, F|100/100|[from] U-turn
|move|p1a: Amoonguss|Stun Spore|p2a: Kingambit
|-status|p2a: Kingambit|par
|
|upkeep
|turn|17
|
|t:|1779808771
|move|p1a: Amoonguss|Foul Play|p2a: Kingambit
|-resisted|p2a: Kingambit
|-crit|p2a: Kingambit
|-damage|p2a: Kingambit|80/100 par
|move|p2a: Kingambit|Kowtow Cleave|p1a: Amoonguss
|-damage|p1a: Amoonguss|32/100
|-damage|p2a: Kingambit|64/100 par|[from] item: Rocky Helmet|[of] p1a: Amoonguss
|
|upkeep
|turn|18
|
|t:|1779808775
|move|p1a: Amoonguss|Foul Play|p2a: Kingambit
|-resisted|p2a: Kingambit
|-damage|p2a: Kingambit|51/100 par
|move|p2a: Kingambit|Kowtow Cleave|p1a: Amoonguss
|-damage|p1a: Amoonguss|0 fnt
|-damage|p2a: Kingambit|34/100 par|[from] item: Rocky Helmet|[of] p1a: Amoonguss
|faint|p1a: Amoonguss
|
|upkeep
|
|t:|1779808777
|switch|p1a: Lokix|Lokix, M, tera:Bug|100/100
|turn|19
|
|t:|1779808800
|move|p1a: Lokix|First Impression|p2a: Kingambit
|-damage|p2a: Kingambit|0 fnt
|faint|p2a: Kingambit
|
|upkeep
|-message|Minnesotaaa forfeited.
|
|win|nesnot
|raw|nesnot's rating: 1535 &rarr; <strong>1554</strong><br />(+19 for winning)
|raw|Minnesotaaa's rating: 1519 &rarr; <strong>1500</strong><br />(-19 for losing)
|l|☆Minnesotaaa
|player|p2|
|l|☆nesnot
|player|p1|
|j|☆nesnot
|player|p1|nesnot|169|
|l|☆nesnot
|player|p1|
