|j|☆sedd22
|j|☆NeverUsedThisTeam
|t:|1779809138
|gametype|singles
|player|p1|sedd22|102|1119
|player|p2|NeverUsedThisTeam|richboy-gen4|1121
|gen|9
|tier|[Gen 9] OU
|rated|
|rule|HP Percentage Mod: HP is shown in percentages
|rule|Endless Battle Clause: Forcing endless battles is banned
|rule|Species Clause: Limit one of each Pokémon
|rule|OHKO Clause: OHKO moves are banned
|rule|Evasion Items Clause: Evasion items are banned
|rule|Evasion Moves Clause: Evasion moves are banned
|rule|Evasion Abilities Clause: Evasion abilities are banned
|rule|Sleep Moves Clause: Sleep-inducing moves are banned
|clearpoke
|poke|p1|Landorus-Therian, M|
|poke|p1|Primarina, F|
|poke|p1|Kommo-o, F|
|poke|p1|Incineroar, M|
|poke|p1|Heracross, M|
|poke|p1|Moltres|
|poke|p2|Leavanny, F|
|poke|p2|Blaziken, F|
|poke|p2|Quaquaval, F|
|poke|p2|Dragapult, F|
|poke|p2|Ting-Lu|
|poke|p2|Corviknight, F|
|teampreview
|
|t:|1779809152
|teamsize|p1|6
|teamsize|p2|6
|start
|switch|p1a: Primarina|Primarina, F|100/100
|switch|p2a: Dragapult|Dragapult, F|100/100
|turn|1
|
|t:|1779809160
|move|p2a: Dragapult|U-turn|p1a: Primarina
|-resisted|p1a: Primarina
|-damage|p1a: Primarina|80/100
|
|t:|1779809164
|switch|p2a: Leavanny|Leavanny, F|100/100|[from] U-turn
|move|p1a: Primarina|Moonblast|p2a: Leavanny
|-damage|p2a: Leavanny|53/100
|-unboost|p2a: Leavanny|spa|1
|
|upkeep
|turn|2
|
|t:|1779809177
|move|p2a: Leavanny|Light Screen|p2a: Leavanny
|-sidestart|p2: NeverUsedThisTeam|move: Light Screen
|move|p1a: Primarina|Moonblast|p2a: Leavanny
|-damage|p2a: Leavanny|27/100
|
|upkeep
|turn|3
|
|t:|1779809188
|switch|p1a: Landorus|Landorus-Therian, M|100/100
|-ability|p1a: Landorus|Intimidate|boost
|-unboost|p2a: Leavanny|atk|1
|move|p2a: Leavanny|Sticky Web|p1a: Landorus
|-sidestart|p1: sedd22|move: Sticky Web
|
|upkeep
|turn|4
|
|t:|1779809196
|move|p1a: Landorus|Brick Break|p2a: Leavanny
|-sideend|p2: NeverUsedThisTeam|move: Light Screen
|-resisted|p2a: Leavanny
|-damage|p2a: Leavanny|12/100
|move|p2a: Leavanny|Reflect|p2a: Leavanny
|-sidestart|p2: NeverUsedThisTeam|Reflect
|
|upkeep
|turn|5
|
|t:|1779809204
|move|p1a: Landorus|Brick Break|p2a: Leavanny
|-sideend|p2: NeverUsedThisTeam|Reflect
|-resisted|p2a: Leavanny
|-damage|p2a: Leavanny|0 fnt
|faint|p2a: Leavanny
|
|upkeep
|
|t:|1779809209
|switch|p2a: Quaquaval|Quaquaval, F|100/100
|turn|6
|
|t:|1779809214
|switch|p1a: Primarina|Primarina, F|80/100
|-activate|p1a: Primarina|move: Sticky Web
|-unboost|p1a: Primarina|spe|1
|move|p2a: Quaquaval|Swords Dance|p2a: Quaquaval
|-boost|p2a: Quaquaval|atk|2
|
|upkeep
|turn|7
|
|t:|1779809224
|-terastallize|p2a: Quaquaval|Steel
|-terastallize|p1a: Primarina|Water
|move|p2a: Quaquaval|Aqua Step|p1a: Primarina
|-resisted|p1a: Primarina
|-damage|p1a: Primarina|36/100
|-boost|p2a: Quaquaval|spe|1
|move|p1a: Primarina|Moonblast|p2a: Quaquaval
|-resisted|p2a: Quaquaval
|-damage|p2a: Quaquaval|72/100
|-unboost|p2a: Quaquaval|spa|1
|
|upkeep
|turn|8
|
|t:|1779809237
|move|p2a: Quaquaval|Aqua Step|p1a: Primarina
|-resisted|p1a: Primarina
|-damage|p1a: Primarina|0 fnt
|-boost|p2a: Quaquaval|spe|1
|faint|p1a: Primarina
|-ability|p2a: Quaquaval|Moxie|boost
|-boost|p2a: Quaquaval|atk|1
|
|upkeep
|
|t:|1779809248
|switch|p1a: Kommo-o|Kommo-o, F|100/100
|-activate|p1a: Kommo-o|move: Sticky Web
|-unboost|p1a: Kommo-o|spe|1
|turn|9
|
|t:|1779809255
|move|p2a: Quaquaval|Triple Axel|p1a: Kommo-o
|-supereffective|p1a: Kommo-o
|-damage|p1a: Kommo-o|72/100
|-supereffective|p1a: Kommo-o
|-damage|p1a: Kommo-o|20/100
|-enditem|p1a: Kommo-o|Sitrus Berry|[eat]
|-heal|p1a: Kommo-o|45/100|[from] item: Sitrus Berry
|-supereffective|p1a: Kommo-o
|-damage|p1a: Kommo-o|0 fnt
|faint|p1a: Kommo-o
|-ability|p2a: Quaquaval|Moxie|boost
|-boost|p2a: Quaquaval|atk|1
|-hitcount|p1: Kommo-o|3
|
|upkeep
|-message|sedd22 forfeited.
|
|win|NeverUsedThisTeam
|raw|sedd22's rating: 1119 &rarr; <strong>1094</strong><br />(-25 for losing)
|raw|NeverUsedThisTeam's rating: 1121 &rarr; <strong>1146</strong><br />(+25 for winning)
|l|☆sedd22
|player|p1|
|l|☆NeverUsedThisTeam
|player|p2|
