|j|☆th3r3d33m3r
|j|☆muskat-mix
|t:|1779955781
|gametype|singles
|player|p1|th3r3d33m3r|clerkf|1482
|player|p2|muskat-mix|1|1491
|gen|9
|tier|[Gen 9] OU
|rated|
|rule|HP Percentage Mod: HP is shown in percentages
|rule|Endless Battle Clause: Forcing endless battles is banned
|rule|Species Clause: Limit one of each Pokémon
|rule|OHKO Clause: OHKO moves are banned
|rule|Evasion Items Clause: Evasion items are banned
|rule|Evasion Moves Clause: Evasion moves are banned
|rule|Evasion Abilities Clause: Evasion abilities are banned
|rule|Sleep Moves Clause: Sleep-inducing moves are banned
|clearpoke
|poke|p1|Ninetales-Alola, F|
|poke|p1|Zapdos|
|poke|p1|Slowking-Galar, F|
|poke|p1|Kyurem|
|poke|p1|Great Tusk|
|poke|p1|Garganacl, F|
|poke|p2|Alomomola, F|
|poke|p2|Pecharunt|
|poke|p2|Great Tusk|
|poke|p2|Lokix, F|
|poke|p2|Iron Crown|
|poke|p2|Enamorus, F|
|teampreview
|inactive|Battle timer is ON: inactive players will automatically lose when time's up. (requested by muskat-mix)
|
|t:|1779955790
|teamsize|p1|6
|teamsize|p2|6
|start
|switch|p1a: Ninetales|Ninetales-Alola, F|100/100
|switch|p2a: Iron Crown|Iron Crown|100/100
|-weather|Snowscape|[from] ability: Snow Warning|[of] p1a: Ninetales
|turn|1
|
|t:|1779955795
|switch|p1a: Slowking|Slowking-Galar, F|100/100
|move|p2a: Iron Crown|Tachyon Cutter|p1a: Slowking
|-damage|p1a: Slowking|77/100
|-damage|p1a: Slowking|53/100
|-hitcount|p1a: Slowking|2
|
|-weather|Snowscape|[upkeep]
|upkeep
|turn|2
|
|t:|1779955802
|switch|p1a: Zapdos|Zapdos|100/100
|-terastallize|p2a: Iron Crown|Steel
|move|p2a: Iron Crown|Tachyon Cutter|p1a: Zapdos
|-resisted|p1a: Zapdos
|-damage|p1a: Zapdos|71/100
|-resisted|p1a: Zapdos
|-damage|p1a: Zapdos|43/100
|-hitcount|p1a: Zapdos|2
|
|-weather|Snowscape|[upkeep]
|upkeep
|turn|3
|
|t:|1779955811
|move|p1a: Zapdos|Heat Wave|p2a: Iron Crown
|-supereffective|p2a: Iron Crown
|-damage|p2a: Iron Crown|0 fnt
|faint|p2a: Iron Crown
|-end|p2a: Iron Crown|Quark Drive|[silent]
|
|-weather|Snowscape|[upkeep]
|upkeep
|
|t:|1779955814
|switch|p2a: Alomomola|Alomomola, F|100/100
|turn|4
|
|t:|1779955820
|switch|p1a: Slowking|Slowking-Galar, F|86/100
|move|p2a: Alomomola|Mirror Coat||[still]
|-fail|p2a: Alomomola
|
|-weather|Snowscape|[upkeep]
|upkeep
|turn|5
|
|t:|1779955828
|move|p2a: Alomomola|Scald|p1a: Slowking
|-damage|p1a: Slowking|78/100
|move|p1a: Slowking|Sludge Bomb|p2a: Alomomola
|-damage|p2a: Alomomola|84/100
|
|-weather|none
|upkeep
|turn|6
|
|t:|1779955835
|move|p2a: Alomomola|Scald|p1a: Slowking
|-damage|p1a: Slowking|70/100
|move|p1a: Slowking|Sludge Bomb|p2a: Alomomola
|-damage|p2a: Alomomola|69/100
|
|upkeep
|turn|7
|
|t:|1779955840
|move|p1a: Slowking|Sludge Bomb|p2a: Alomomola
|-damage|p2a: Alomomola|54/100
|move|p2a: Alomomola|Mirror Coat|p1a: Slowking
|-damage|p1a: Slowking|29/100
|
|upkeep
|turn|8
|
|t:|1779955843
|move|p2a: Alomomola|Flip Turn|p1a: Slowking
|-damage|p1a: Slowking|11/100
|
|t:|1779955849
|switch|p2a: Enamorus|Enamorus, F|100/100|[from] Flip Turn
|-prepare|p1a: Slowking|Chilly Reception|[premajor]
|move|p1a: Slowking|Chilly Reception|p1a: Slowking
|-weather|Snowscape
|
|t:|1779955854
|switch|p1a: Garganacl|Garganacl, F|100/100|[from] Chilly Reception
|
|-weather|Snowscape|[upkeep]
|upkeep
|turn|9
|
|t:|1779955858
|move|p2a: Enamorus|Moonblast|p1a: Garganacl
|-damage|p1a: Garganacl|62/100
|move|p1a: Garganacl|Salt Cure|p2a: Enamorus
|-supereffective|p2a: Enamorus
|-damage|p2a: Enamorus|54/100
|-start|p2a: Enamorus|Salt Cure
|
|-weather|Snowscape|[upkeep]
|-damage|p2a: Enamorus|42/100|[from] Salt Cure
|upkeep
|turn|10
|
|t:|1779955866
|switch|p2a: Great Tusk|Great Tusk|100/100
|move|p1a: Garganacl|Recover|p1a: Garganacl
|-heal|p1a: Garganacl|100/100
|
|-weather|Snowscape|[upkeep]
|upkeep
|turn|11
|
|t:|1779955870
|switch|p1a: Zapdos|Zapdos|43/100
|move|p2a: Great Tusk|Stealth Rock|p1a: Zapdos
|-sidestart|p1: th3r3d33m3r|move: Stealth Rock
|
|-weather|Snowscape|[upkeep]
|upkeep
|turn|12
|
|t:|1779955876
|-end|p2a: Great Tusk|Protosynthesis|[silent]
|switch|p2a: Alomomola|Alomomola, F|87/100
|move|p1a: Zapdos|Hurricane|p2a: Alomomola|[miss]
|-miss|p1a: Zapdos|p2a: Alomomola
|
|-weather|none
|upkeep
|turn|13
|
|t:|1779955883
|switch|p1a: Slowking|Slowking-Galar, F|45/100
|move|p2a: Alomomola|Flip Turn|p1a: Slowking
|-damage|p1a: Slowking|28/100
|
|t:|1779955887
|switch|p2a: Lokix|Lokix, F|100/100|[from] Flip Turn
|
|upkeep
|turn|14
|
|t:|1779955891
|switch|p1a: Great Tusk|Great Tusk|100/100
|-damage|p1a: Great Tusk|98/100|[from] Stealth Rock
|-enditem|p1a: Great Tusk|Booster Energy
|-activate|p1a: Great Tusk|ability: Protosynthesis|[fromitem]
|-start|p1a: Great Tusk|protosynthesisspe
|move|p2a: Lokix|Knock Off|p1a: Great Tusk
|-resisted|p1a: Great Tusk
|-damage|p1a: Great Tusk|66/100
|
|upkeep
|turn|15
|
|t:|1779955901
|switch|p2a: Pecharunt|Pecharunt|100/100
|move|p1a: Great Tusk|Rapid Spin|p2a: Pecharunt
|-immune|p2a: Pecharunt
|
|upkeep
|turn|16
|
|t:|1779955906
|switch|p2a: Enamorus|Enamorus, F|42/100
|move|p1a: Great Tusk|Bulk Up|p1a: Great Tusk
|-boost|p1a: Great Tusk|atk|1
|-boost|p1a: Great Tusk|def|1
|
|upkeep
|turn|17
|
|t:|1779955912
|-end|p1a: Great Tusk|Protosynthesis|[silent]
|switch|p1a: Slowking|Slowking-Galar, F|61/100
|move|p2a: Enamorus|Moonblast|p1a: Slowking
|-resisted|p1a: Slowking
|-damage|p1a: Slowking|44/100
|
|upkeep
|turn|18
|
|t:|1779955919
|switch|p2a: Lokix|Lokix, F|100/100
|-prepare|p1a: Slowking|Chilly Reception|[premajor]
|move|p1a: Slowking|Chilly Reception|p1a: Slowking
|-weather|Snowscape
|
|t:|1779955923
|switch|p1a: Great Tusk|Great Tusk|66/100|[from] Chilly Reception
|-damage|p1a: Great Tusk|63/100|[from] Stealth Rock
|
|-weather|Snowscape|[upkeep]
|upkeep
|turn|19
|
|t:|1779955930
|move|p1a: Great Tusk|Headlong Rush|p2a: Lokix
|-resisted|p2a: Lokix
|-damage|p2a: Lokix|61/100
|-unboost|p1a: Great Tusk|def|1
|-unboost|p1a: Great Tusk|spd|1
|move|p2a: Lokix|Leech Life|p1a: Great Tusk
|-resisted|p1a: Great Tusk
|-damage|p1a: Great Tusk|8/100
|-heal|p2a: Lokix|100/100|[from] drain|[of] p1a: Great Tusk
|
|-weather|Snowscape|[upkeep]
|upkeep
|turn|20
|
|t:|1779955934
|move|p1a: Great Tusk|Rapid Spin|p2a: Lokix
|-damage|p2a: Lokix|79/100
|-boost|p1a: Great Tusk|spe|1
|-sideend|p1: th3r3d33m3r|Stealth Rock|[from] move: Rapid Spin|[of] p1a: Great Tusk
|move|p2a: Lokix|Leech Life|p1a: Great Tusk
|-resisted|p1a: Great Tusk
|-damage|p1a: Great Tusk|0 fnt
|-heal|p2a: Lokix|85/100|[from] drain|[of] p1a: Great Tusk
|faint|p1a: Great Tusk
|-end|p1a: Great Tusk|Protosynthesis|[silent]
|
|-weather|Snowscape|[upkeep]
|upkeep
|
|t:|1779955940
|switch|p1a: Zapdos|Zapdos|43/100
|turn|21
|
|t:|1779955947
|switch|p2a: Alomomola|Alomomola, F|100/100
|move|p1a: Zapdos|Hurricane|p2a: Alomomola
|-damage|p2a: Alomomola|62/100
|
|-weather|Snowscape|[upkeep]
|upkeep
|turn|22
|
|t:|1779955956
|switch|p1a: Slowking|Slowking-Galar, F|77/100
|move|p2a: Alomomola|Flip Turn|p1a: Slowking
|-damage|p1a: Slowking|61/100
|
|t:|1779955960
|switch|p2a: Great Tusk|Great Tusk|100/100|[from] Flip Turn
|
|-weather|none
|upkeep
|turn|23
|
|t:|1779955969
|switch|p1a: Kyurem|Kyurem|100/100
|-ability|p1a: Kyurem|Pressure
|move|p2a: Great Tusk|Stealth Rock|p1a: Kyurem
|-sidestart|p1: th3r3d33m3r|move: Stealth Rock
|
|upkeep
|turn|24
|
|t:|1779955981
|-end|p2a: Great Tusk|Protosynthesis|[silent]
|switch|p2a: Alomomola|Alomomola, F|95/100
|move|p1a: Kyurem|Freeze-Dry|p2a: Alomomola
|-supereffective|p2a: Alomomola
|-damage|p2a: Alomomola|58/100
|
|upkeep
|turn|25
|
|t:|1779955991
|move|p1a: Kyurem|Earth Power|p2a: Alomomola
|-damage|p2a: Alomomola|43/100
|move|p2a: Alomomola|Mirror Coat|p1a: Kyurem
|-damage|p1a: Kyurem|63/100
|
|upkeep
|turn|26
|
|t:|1779955995
|-terastallize|p1a: Kyurem|Ice
|move|p1a: Kyurem|Freeze-Dry|p2a: Alomomola
|-supereffective|p2a: Alomomola
|-damage|p2a: Alomomola|0 fnt
|faint|p2a: Alomomola
|
|upkeep
|
|t:|1779955999
|switch|p2a: Lokix|Lokix, F|85/100
|turn|27
|
|t:|1779956003
|move|p2a: Lokix|First Impression|p1a: Kyurem
|-damage|p1a: Kyurem|8/100
|move|p1a: Kyurem|Draco Meteor|p2a: Lokix
|-damage|p2a: Lokix|0 fnt
|-unboost|p1a: Kyurem|spa|2
|faint|p2a: Lokix
|
|upkeep
|
|t:|1779956007
|switch|p2a: Enamorus|Enamorus, F|42/100
|turn|28
|
|t:|1779956009
|move|p2a: Enamorus|Earth Power|p1a: Kyurem
|-damage|p1a: Kyurem|0 fnt
|faint|p1a: Kyurem
|
|upkeep
|
|t:|1779956011
|switch|p1a: Garganacl|Garganacl, F|100/100
|turn|29
|
|t:|1779956015
|move|p2a: Enamorus|Earth Power|p1a: Garganacl
|-supereffective|p1a: Garganacl
|-damage|p1a: Garganacl|50/100
|move|p1a: Garganacl|Salt Cure|p2a: Enamorus
|-supereffective|p2a: Enamorus
|-damage|p2a: Enamorus|0 fnt
|faint|p2a: Enamorus
|
|upkeep
|
|t:|1779956018
|switch|p2a: Great Tusk|Great Tusk|100/100
|turn|30
|
|t:|1779956025
|move|p2a: Great Tusk|Ice Spinner|p1a: Garganacl
|-crit|p1a: Garganacl
|-damage|p1a: Garganacl|22/100
|move|p1a: Garganacl|Salt Cure|p2a: Great Tusk
|-resisted|p2a: Great Tusk
|-damage|p2a: Great Tusk|98/100
|-start|p2a: Great Tusk|Salt Cure
|
|-damage|p2a: Great Tusk|86/100|[from] Salt Cure
|upkeep
|turn|31
|
|t:|1779956029
|move|p2a: Great Tusk|Rapid Spin|p1a: Garganacl
|-resisted|p1a: Garganacl
|-damage|p1a: Garganacl|16/100
|-boost|p2a: Great Tusk|spe|1
|move|p1a: Garganacl|Recover|p1a: Garganacl
|-heal|p1a: Garganacl|66/100
|
|-damage|p2a: Great Tusk|73/100|[from] Salt Cure
|upkeep
|turn|32
|
|t:|1779956033
|move|p2a: Great Tusk|Headlong Rush|p1a: Garganacl
|-supereffective|p1a: Garganacl
|-damage|p1a: Garganacl|0 fnt
|-unboost|p2a: Great Tusk|def|1
|-unboost|p2a: Great Tusk|spd|1
|faint|p1a: Garganacl
|
|-damage|p2a: Great Tusk|61/100|[from] Salt Cure
|upkeep
|
|t:|1779956037
|switch|p1a: Ninetales|Ninetales-Alola, F|100/100
|-damage|p1a: Ninetales|76/100|[from] Stealth Rock
|-weather|Snowscape|[from] ability: Snow Warning|[of] p1a: Ninetales
|turn|33
|
|t:|1779956042
|-end|p2a: Great Tusk|Protosynthesis|[silent]
|switch|p2a: Pecharunt|Pecharunt|100/100
|move|p1a: Ninetales|Aurora Veil|p1a: Ninetales
|-sidestart|p1: th3r3d33m3r|move: Aurora Veil
|
|-weather|Snowscape|[upkeep]
|upkeep
|turn|34
|
|t:|1779956052
|switch|p1a: Slowking|Slowking-Galar, F|94/100
|move|p2a: Pecharunt|Malignant Chain|p1a: Slowking
|-resisted|p1a: Slowking
|-crit|p1a: Slowking
|-damage|p1a: Slowking|81/100
|
|-weather|Snowscape|[upkeep]
|upkeep
|turn|35
|
|t:|1779956055
|move|p2a: Pecharunt|Foul Play|p1a: Slowking
|-supereffective|p1a: Slowking
|-damage|p1a: Slowking|70/100
|-prepare|p1a: Slowking|Chilly Reception|[premajor]
|move|p1a: Slowking|Chilly Reception|p1a: Slowking
|
|t:|1779956057
|switch|p1a: Zapdos|Zapdos|43/100|[from] Chilly Reception
|-damage|p1a: Zapdos|18/100|[from] Stealth Rock
|
|-weather|Snowscape|[upkeep]
|upkeep
|turn|36
|
|t:|1779956065
|move|p1a: Zapdos|Hurricane|p2a: Pecharunt|[miss]
|-miss|p1a: Zapdos|p2a: Pecharunt
|move|p2a: Pecharunt|Malignant Chain|p1a: Zapdos
|-damage|p1a: Zapdos|0 fnt
|faint|p1a: Zapdos
|
|-weather|Snowscape|[upkeep]
|upkeep
|-message|th3r3d33m3r forfeited.
|
|win|muskat-mix
|raw|th3r3d33m3r's rating: 1482 &rarr; <strong>1463</strong><br />(-19 for losing)
|raw|muskat-mix's rating: 1491 &rarr; <strong>1510</strong><br />(+19 for winning)
|l|☆th3r3d33m3r
|player|p1|
|l|☆muskat-mix
|player|p2|
