|j|☆EddyduBourgPalette
|j|☆lobobomy
|t:|1779811259
|gametype|singles
|player|p1|EddyduBourgPalette|266|1350
|player|p2|lobobomy|brock|1308
|gen|9
|tier|[Gen 9] OU
|rated|
|rule|HP Percentage Mod: HP is shown in percentages
|rule|Endless Battle Clause: Forcing endless battles is banned
|rule|Species Clause: Limit one of each Pokémon
|rule|OHKO Clause: OHKO moves are banned
|rule|Evasion Items Clause: Evasion items are banned
|rule|Evasion Moves Clause: Evasion moves are banned
|rule|Evasion Abilities Clause: Evasion abilities are banned
|rule|Sleep Moves Clause: Sleep-inducing moves are banned
|clearpoke
|poke|p1|Hippowdon, M|
|poke|p1|Gastrodon, M|
|poke|p1|Corviknight, F|
|poke|p1|Gholdengo|
|poke|p1|Iron Valiant|
|poke|p1|Ting-Lu|
|poke|p2|Skarmory, F|
|poke|p2|Gholdengo|
|poke|p2|Rillaboom, F|
|poke|p2|Latios, M|
|poke|p2|Pecharunt|
|poke|p2|Hawlucha, F|
|teampreview
|inactive|Battle timer is ON: inactive players will automatically lose when time's up. (requested by lobobomy)
|j| espadaOP
|
|t:|1779811272
|teamsize|p1|6
|teamsize|p2|6
|start
|switch|p1a: Hippowdon|Hippowdon, M, shiny|100/100
|switch|p2a: Skarmory|Skarmory, F|100/100
|-weather|Sandstorm|[from] ability: Sand Stream|[of] p1a: Hippowdon
|turn|1
|
|t:|1779811278
|move|p2a: Skarmory|Taunt|p1a: Hippowdon
|-start|p1a: Hippowdon|move: Taunt
|cant|p1a: Hippowdon|move: Taunt|Stealth Rock
|
|-weather|Sandstorm|[upkeep]
|upkeep
|turn|2
|
|t:|1779811284
|switch|p1a: Corviknight|Corviknight, F, shiny|100/100
|-ability|p1a: Corviknight|Pressure
|move|p2a: Skarmory|Stealth Rock|p1a: Corviknight
|-sidestart|p1: EddyduBourgPalette|move: Stealth Rock
|
|-weather|Sandstorm|[upkeep]
|upkeep
|turn|3
|
|t:|1779811291
|switch|p2a: Gholdengo|Gholdengo|100/100
|move|p1a: Corviknight|Taunt|p2a: Gholdengo
|-immune|p2a: Gholdengo|[from] ability: Good as Gold
|
|-weather|Sandstorm|[upkeep]
|upkeep
|turn|4
|
|t:|1779811298
|move|p2a: Gholdengo|Thunder Wave|p1a: Corviknight
|-status|p1a: Corviknight|par
|move|p1a: Corviknight|U-turn|p2a: Gholdengo
|-resisted|p2a: Gholdengo
|-damage|p2a: Gholdengo|98/100
|
|t:|1779811304
|switch|p1a: Ting-Lu|Ting-Lu, shiny|100/100|[from] U-turn
|-damage|p1a: Ting-Lu|94/100|[from] Stealth Rock
|-ability|p1a: Ting-Lu|Vessel of Ruin
|
|-weather|Sandstorm|[upkeep]
|-heal|p2a: Gholdengo|100/100|[from] item: Leftovers
|-heal|p1a: Ting-Lu|100/100|[from] item: Leftovers
|upkeep
|turn|5
|
|t:|1779811317
|switch|p2a: Rillaboom|Rillaboom, F|100/100
|-fieldstart|move: Grassy Terrain|[from] ability: Grassy Surge|[of] p2a: Rillaboom
|move|p1a: Ting-Lu|Spikes|p2a: Rillaboom
|-sidestart|p2: lobobomy|Spikes
|
|-weather|none
|upkeep
|turn|6
|
|t:|1779811326
|switch|p1a: Corviknight|Corviknight, F, shiny|100/100 par
|-damage|p1a: Corviknight|88/100 par|[from] Stealth Rock
|-ability|p1a: Corviknight|Pressure
|move|p2a: Rillaboom|Swords Dance|p2a: Rillaboom
|-boost|p2a: Rillaboom|atk|2
|
|upkeep
|turn|7
|
|t:|1779811334
|move|p2a: Rillaboom|U-turn|p1a: Corviknight
|-resisted|p1a: Corviknight
|-damage|p1a: Corviknight|80/100 par
|-damage|p2a: Rillaboom|84/100|[from] item: Rocky Helmet|[of] p1a: Corviknight
|
|t:|1779811338
|switch|p2a: Pecharunt|Pecharunt|100/100|[from] U-turn
|-damage|p2a: Pecharunt|88/100|[from] Spikes
|move|p1a: Corviknight|U-turn|p2a: Pecharunt
|-resisted|p2a: Pecharunt
|-damage|p2a: Pecharunt|86/100
|
|t:|1779811345
|switch|p1a: Hippowdon|Hippowdon, M, shiny|100/100|[from] U-turn
|-damage|p1a: Hippowdon|94/100|[from] Stealth Rock
|-weather|Sandstorm|[from] ability: Sand Stream|[of] p1a: Hippowdon
|
|-weather|Sandstorm|[upkeep]
|-damage|p2a: Pecharunt|80/100|[from] Sandstorm
|-heal|p2a: Pecharunt|86/100|[from] Grassy Terrain
|-heal|p1a: Hippowdon|100/100|[from] Grassy Terrain
|upkeep
|turn|8
|
|t:|1779811354
|move|p2a: Pecharunt|Malignant Chain|p1a: Hippowdon
|-resisted|p1a: Hippowdon
|-damage|p1a: Hippowdon|83/100
|-status|p1a: Hippowdon|tox
|-start|p1a: Hippowdon|confusion|[from] ability: Poison Puppeteer|[of] p2a: Pecharunt
|-activate|p1a: Hippowdon|confusion
|-damage|p1a: Hippowdon|76/100 tox|[from] confusion
|
|-weather|Sandstorm|[upkeep]
|-damage|p2a: Pecharunt|80/100|[from] Sandstorm
|-heal|p2a: Pecharunt|86/100|[from] Grassy Terrain
|-heal|p1a: Hippowdon|82/100 tox|[from] Grassy Terrain
|-heal|p1a: Hippowdon|89/100 tox|[from] item: Leftovers
|-damage|p1a: Hippowdon|82/100 tox|[from] psn
|upkeep
|turn|9
|c|☆EddyduBourgPalette|alright
|c|☆EddyduBourgPalette|youll be annoying asf, i already know it
|
|t:|1779811381
|move|p2a: Pecharunt|Parting Shot|p1a: Hippowdon
|-unboost|p1a: Hippowdon|atk|1
|-unboost|p1a: Hippowdon|spa|1
|
|t:|1779811385
|switch|p2a: Skarmory|Skarmory, F|100/100|[from] Parting Shot
|-activate|p1a: Hippowdon|confusion
|-damage|p1a: Hippowdon|78/100 tox|[from] confusion
|
|-weather|Sandstorm|[upkeep]
|-heal|p1a: Hippowdon|84/100 tox|[from] Grassy Terrain
|-heal|p1a: Hippowdon|90/100 tox|[from] item: Leftovers
|-damage|p1a: Hippowdon|78/100 tox|[from] psn
|-fieldend|move: Grassy Terrain
|upkeep
|turn|10
|c|☆EddyduBourgPalette|foff
|
|t:|1779811403
|switch|p1a: Corviknight|Corviknight, F, shiny|80/100 par
|-damage|p1a: Corviknight|68/100 par|[from] Stealth Rock
|-ability|p1a: Corviknight|Pressure
|move|p2a: Skarmory|Taunt|p1a: Corviknight
|-start|p1a: Corviknight|move: Taunt
|
|-weather|Sandstorm|[upkeep]
|upkeep
|turn|11
|
|t:|1779811413
|move|p2a: Skarmory|Spikes|p1a: Corviknight
|-sidestart|p1: EddyduBourgPalette|Spikes
|move|p1a: Corviknight|U-turn|p2a: Skarmory
|-resisted|p2a: Skarmory
|-damage|p2a: Skarmory|97/100
|-ability|p2a: Skarmory|Weak Armor|boost
|-unboost|p2a: Skarmory|def|1
|-boost|p2a: Skarmory|spe|2
|c|☆lobobomy|Its easy
|c|☆lobobomy|Just l2p
|c|☆EddyduBourgPalette|?
|inactive|EddyduBourgPalette has 120 seconds left.
|c|☆lobobomy|Learn to play
|c|☆EddyduBourgPalette|funny guy
|c|☆EddyduBourgPalette|toxik+confused+getting confused twice
|inactive|EddyduBourgPalette has 90 seconds left.
|c|☆lobobomy|You are the one being annoying af playing this bad
|
|t:|1779811470
|switch|p1a: Ting-Lu|Ting-Lu, shiny|100/100|[from] U-turn
|-damage|p1a: Ting-Lu|94/100|[from] Stealth Rock
|-damage|p1a: Ting-Lu|82/100|[from] Spikes
|-ability|p1a: Ting-Lu|Vessel of Ruin
|
|-weather|none
|-heal|p1a: Ting-Lu|88/100|[from] item: Leftovers
|upkeep
|turn|12
|c|☆lobobomy|Hurry up btw
|inactive|EddyduBourgPalette has 90 seconds left.
|c|☆EddyduBourgPalette|L ragebait
|
|t:|1779811485
|move|p2a: Skarmory|Taunt|p1a: Ting-Lu
|-start|p1a: Ting-Lu|move: Taunt
|move|p1a: Ting-Lu|Ruination|p2a: Skarmory
|-damage|p2a: Skarmory|49/100
|
|-heal|p1a: Ting-Lu|94/100|[from] item: Leftovers
|upkeep
|turn|13
|inactive|EddyduBourgPalette has 90 seconds left.
|
|t:|1779811493
|move|p2a: Skarmory|Spikes|p1a: Ting-Lu
|-sidestart|p1: EddyduBourgPalette|Spikes
|move|p1a: Ting-Lu|Ruination|p2a: Skarmory
|-damage|p2a: Skarmory|25/100
|
|-heal|p1a: Ting-Lu|100/100|[from] item: Leftovers
|upkeep
|turn|14
|
|t:|1779811500
|move|p2a: Skarmory|Spikes|p1a: Ting-Lu
|-sidestart|p1: EddyduBourgPalette|Spikes
|move|p1a: Ting-Lu|Earthquake|p2a: Skarmory
|-immune|p2a: Skarmory
|
|-end|p1a: Ting-Lu|move: Taunt
|upkeep
|turn|15
|
|t:|1779811508
|move|p2a: Skarmory|Taunt|p1a: Ting-Lu
|-start|p1a: Ting-Lu|move: Taunt
|move|p1a: Ting-Lu|Ruination|p2a: Skarmory|[miss]
|-miss|p1a: Ting-Lu|p2a: Skarmory
|
|upkeep
|turn|16
|c|☆lobobomy|Not ragebait
|c|☆lobobomy|More like
|c|☆lobobomy|Reality check
|c|☆EddyduBourgPalette|gotta be 14 yo
|
|t:|1779811537
|switch|p2a: Rillaboom|Rillaboom, F|84/100
|-fieldstart|move: Grassy Terrain|[from] ability: Grassy Surge|[of] p2a: Rillaboom
|move|p1a: Ting-Lu|Earthquake|p2a: Rillaboom
|-resisted|p2a: Rillaboom
|-damage|p2a: Rillaboom|74/100
|
|-heal|p2a: Rillaboom|80/100|[from] Grassy Terrain
|upkeep
|turn|17
|
|t:|1779811547
|switch|p1a: Corviknight|Corviknight, F, shiny|68/100 par
|-damage|p1a: Corviknight|55/100 par|[from] Stealth Rock
|-ability|p1a: Corviknight|Pressure
|move|p2a: Rillaboom|U-turn|p1a: Corviknight
|-resisted|p1a: Corviknight
|-crit|p1a: Corviknight
|-damage|p1a: Corviknight|49/100 par
|-damage|p2a: Rillaboom|64/100|[from] item: Rocky Helmet|[of] p1a: Corviknight
|
|t:|1779811556
|switch|p2a: Gholdengo|Gholdengo|100/100|[from] U-turn
|-damage|p2a: Gholdengo|88/100|[from] Spikes
|
|-heal|p2a: Gholdengo|94/100|[from] Grassy Terrain
|-heal|p2a: Gholdengo|99/100|[from] item: Leftovers
|upkeep
|turn|18
|inactive|EddyduBourgPalette has 120 seconds left.
|
|t:|1779811564
|move|p2a: Gholdengo|Hex|p1a: Corviknight
|-damage|p1a: Corviknight|0 fnt
|faint|p1a: Corviknight
|
|-heal|p2a: Gholdengo|100/100|[from] Grassy Terrain
|upkeep
|-message|EddyduBourgPalette forfeited.
|
|win|lobobomy
|raw|EddyduBourgPalette's rating: 1350 &rarr; <strong>1328</strong><br />(-22 for losing)
|raw|lobobomy's rating: 1308 &rarr; <strong>1330</strong><br />(+22 for winning)
|l|☆EddyduBourgPalette
|player|p1|
|c|☆lobobomy|32 lol
|c|☆lobobomy|Easy
|c|☆lobobomy|Talk shit and dont back it up bro haha
|c| espadaOP|haha
|l| espadaOP
