|j|☆Wxkeful
|j|☆Asriel277
|t:|1779882442
|gametype|singles
|player|p1|Wxkeful|unknown|1314
|player|p2|Asriel277|wally|1347
|gen|9
|tier|[Gen 9] OU
|rated|
|rule|HP Percentage Mod: HP is shown in percentages
|rule|Endless Battle Clause: Forcing endless battles is banned
|rule|Species Clause: Limit one of each Pokémon
|rule|OHKO Clause: OHKO moves are banned
|rule|Evasion Items Clause: Evasion items are banned
|rule|Evasion Moves Clause: Evasion moves are banned
|rule|Evasion Abilities Clause: Evasion abilities are banned
|rule|Sleep Moves Clause: Sleep-inducing moves are banned
|clearpoke
|poke|p1|Meowscarada, F|
|poke|p1|Pecharunt|
|poke|p1|Enamorus, F|
|poke|p1|Iron Treads|
|poke|p1|Skarmory, M|
|poke|p1|Slowking, F|
|poke|p2|Iron Valiant|
|poke|p2|Iron Crown|
|poke|p2|Landorus-Therian, M|
|poke|p2|Samurott-Hisui, F|
|poke|p2|Gholdengo|
|poke|p2|Dragapult, M|
|teampreview
|inactive|Battle timer is ON: inactive players will automatically lose when time's up. (requested by Wxkeful)
|
|t:|1779882466
|teamsize|p1|6
|teamsize|p2|6
|start
|switch|p1a: Meowscarada|Meowscarada, F|100/100
|switch|p2a: Samurott|Samurott-Hisui, F|100/100
|turn|1
|
|t:|1779882476
|switch|p2a: Landorus|Landorus-Therian, M|100/100
|-ability|p2a: Landorus|Intimidate|boost
|-unboost|p1a: Meowscarada|atk|1
|move|p1a: Meowscarada|U-turn|p2a: Landorus
|-start|p1a: Meowscarada|typechange|Bug|[from] ability: Protean
|-resisted|p2a: Landorus
|-damage|p2a: Landorus|83/100
|-damage|p1a: Meowscarada|84/100|[from] item: Rocky Helmet|[of] p2a: Landorus
|
|t:|1779882481
|switch|p1a: Slowking|Slowking, F|100/100|[from] U-turn
|
|upkeep
|turn|2
|
|t:|1779882484
|move|p2a: Landorus|Stealth Rock|p1a: Slowking
|-sidestart|p1: Wxkeful|move: Stealth Rock
|move|p1a: Slowking|Scald|p2a: Landorus
|-supereffective|p2a: Landorus
|-damage|p2a: Landorus|12/100
|
|upkeep
|turn|3
|
|t:|1779882486
|move|p2a: Landorus|U-turn|p1a: Slowking
|-supereffective|p1a: Slowking
|-damage|p1a: Slowking|58/100
|
|t:|1779882488
|switch|p2a: Samurott|Samurott-Hisui, F|100/100|[from] U-turn
|move|p1a: Slowking|Psyshock|p2a: Samurott
|-immune|p2a: Samurott
|
|upkeep
|turn|4
|
|t:|1779882496
|switch|p1a: Iron Treads|Iron Treads|100/100
|-damage|p1a: Iron Treads|98/100|[from] Stealth Rock
|move|p2a: Samurott|Knock Off|p1a: Iron Treads
|-damage|p1a: Iron Treads|67/100
|-enditem|p1a: Iron Treads|Leftovers|[from] move: Knock Off|[of] p2a: Samurott
|
|upkeep
|turn|5
|
|t:|1779882512
|-end|p1a: Iron Treads|Quark Drive|[silent]
|switch|p1a: Enamorus|Enamorus, F|100/100
|-damage|p1a: Enamorus|76/100|[from] Stealth Rock
|move|p2a: Samurott|Razor Shell|p1a: Enamorus
|-damage|p1a: Enamorus|0 fnt
|faint|p1a: Enamorus
|
|upkeep
|
|t:|1779882516
|switch|p1a: Meowscarada|Meowscarada, F|84/100
|-damage|p1a: Meowscarada|72/100|[from] Stealth Rock
|turn|6
|
|t:|1779882519
|switch|p2a: Landorus|Landorus-Therian, M|12/100
|-ability|p2a: Landorus|Intimidate|boost
|-unboost|p1a: Meowscarada|atk|1
|move|p1a: Meowscarada|U-turn|p2a: Landorus
|-start|p1a: Meowscarada|typechange|Bug|[from] ability: Protean
|-resisted|p2a: Landorus
|-damage|p2a: Landorus|0 fnt
|-damage|p1a: Meowscarada|55/100|[from] item: Rocky Helmet|[of] p2a: Landorus
|faint|p2a: Landorus
|
|t:|1779882522
|switch|p1a: Iron Treads|Iron Treads|67/100|[from] U-turn
|-damage|p1a: Iron Treads|64/100|[from] Stealth Rock
|
|upkeep
|
|t:|1779882534
|switch|p2a: Iron Valiant|Iron Valiant|100/100
|-enditem|p2a: Iron Valiant|Booster Energy
|-activate|p2a: Iron Valiant|ability: Quark Drive|[fromitem]
|-start|p2a: Iron Valiant|quarkdrivespa
|turn|7
|
|t:|1779882539
|-end|p1a: Iron Treads|Quark Drive|[silent]
|switch|p1a: Pecharunt|Pecharunt|100/100
|-damage|p1a: Pecharunt|88/100|[from] Stealth Rock
|-terastallize|p2a: Iron Valiant|Ghost
|move|p2a: Iron Valiant|Calm Mind|p2a: Iron Valiant
|-boost|p2a: Iron Valiant|spa|1
|-boost|p2a: Iron Valiant|spd|1
|
|upkeep
|turn|8
|
|t:|1779882542
|move|p2a: Iron Valiant|Shadow Ball|p1a: Pecharunt
|-supereffective|p1a: Pecharunt
|-damage|p1a: Pecharunt|0 fnt
|faint|p1a: Pecharunt
|
|upkeep
|
|t:|1779882544
|switch|p1a: Meowscarada|Meowscarada, F|55/100
|-damage|p1a: Meowscarada|43/100|[from] Stealth Rock
|turn|9
|
|t:|1779882546
|move|p2a: Iron Valiant|Vacuum Wave|p1a: Meowscarada
|-supereffective|p1a: Meowscarada
|-damage|p1a: Meowscarada|0 fnt
|faint|p1a: Meowscarada
|
|upkeep
|l|☆Wxkeful
|inactive|Wxkeful disconnected and has a minute to reconnect!
|player|p1|
|c|☆Asriel277|gg lol
|inactive|Wxkeful has 30 seconds to reconnect!
|inactive|Wxkeful has 20 seconds to reconnect!
|inactive|Wxkeful has 15 seconds to reconnect!
|inactive|Wxkeful has 10 seconds to reconnect!
|inactive|Wxkeful has 5 seconds to reconnect!
|-message|Wxkeful lost due to inactivity.
|
|win|Asriel277
|raw|Wxkeful's rating: 1314 &rarr; <strong>1296</strong><br />(-18 for losing)
|raw|Asriel277's rating: 1347 &rarr; <strong>1365</strong><br />(+18 for winning)
