|j|☆Agathina
|j|☆lord_brains
|t:|1779934206
|gametype|singles
|player|p1|Agathina|cynthia-gen4|1358
|player|p2|lord_brains|nate|1343
|gen|9
|tier|[Gen 9] OU
|rated|
|rule|HP Percentage Mod: HP is shown in percentages
|rule|Endless Battle Clause: Forcing endless battles is banned
|rule|Species Clause: Limit one of each Pokémon
|rule|OHKO Clause: OHKO moves are banned
|rule|Evasion Items Clause: Evasion items are banned
|rule|Evasion Moves Clause: Evasion moves are banned
|rule|Evasion Abilities Clause: Evasion abilities are banned
|rule|Sleep Moves Clause: Sleep-inducing moves are banned
|clearpoke
|poke|p1|Tornadus-Therian, M|
|poke|p1|Meowscarada, M|
|poke|p1|Garchomp, F|
|poke|p1|Skeledirge, M|
|poke|p1|Slither Wing|
|poke|p1|Gholdengo|
|poke|p2|Scizor, M|
|poke|p2|Great Tusk|
|poke|p2|Kyurem|
|poke|p2|Glimmora, M|
|poke|p2|Chandelure, F|
|poke|p2|Samurott-Hisui, F|
|teampreview
|c|☆lord_brains|glhf :]
|
|t:|1779934226
|teamsize|p1|6
|teamsize|p2|6
|start
|switch|p1a: Slither Wing|Slither Wing|100/100
|switch|p2a: Glimmora|Glimmora, M|100/100
|turn|1
|
|t:|1779934245
|move|p2a: Glimmora|Stealth Rock|p1a: Slither Wing
|-sidestart|p1: Agathina|move: Stealth Rock
|move|p1a: Slither Wing|U-turn|p2a: Glimmora
|-resisted|p2a: Glimmora
|-damage|p2a: Glimmora|80/100
|-activate|p2a: Glimmora|ability: Toxic Debris
|-sidestart|p1: Agathina|move: Toxic Spikes
|
|t:|1779934247
|-end|p1a: Slither Wing|Protosynthesis|[silent]
|switch|p1a: Gholdengo|Gholdengo|100/100|[from] U-turn
|-damage|p1a: Gholdengo|94/100|[from] Stealth Rock
|
|upkeep
|turn|2
|
|t:|1779934258
|move|p1a: Gholdengo|Make It Rain|p2a: Glimmora
|-supereffective|p2a: Glimmora
|-crit|p2a: Glimmora
|-damage|p2a: Glimmora|0 fnt
|-unboost|p1a: Gholdengo|spa|1
|faint|p2a: Glimmora
|
|upkeep
|
|t:|1779934265
|switch|p2a: Scizor|Scizor, M|100/100
|turn|3
|
|t:|1779934269
|switch|p1a: Garchomp|Garchomp, F|100/100
|-damage|p1a: Garchomp|94/100|[from] Stealth Rock
|-status|p1a: Garchomp|psn
|move|p2a: Scizor|Swords Dance|p2a: Scizor
|-boost|p2a: Scizor|atk|2
|
|-damage|p1a: Garchomp|82/100 psn|[from] psn
|upkeep
|turn|4
|
|t:|1779934280
|move|p2a: Scizor|Aerial Ace|p1a: Garchomp
|-damage|p1a: Garchomp|22/100 psn
|-damage|p2a: Scizor|88/100|[from] ability: Rough Skin|[of] p1a: Garchomp
|-damage|p2a: Scizor|72/100|[from] item: Rocky Helmet|[of] p1a: Garchomp
|-damage|p2a: Scizor|62/100|[from] item: Life Orb
|move|p1a: Garchomp|Dragon Tail|p2a: Scizor
|-resisted|p2a: Scizor
|-damage|p2a: Scizor|49/100
|drag|p2a: Chandelure|Chandelure, F, shiny|100/100
|
|-damage|p1a: Garchomp|10/100 psn|[from] psn
|upkeep
|turn|5
|
|t:|1779934300
|switch|p2a: Scizor|Scizor, M|49/100
|move|p1a: Garchomp|Stealth Rock|p2a: Scizor
|-sidestart|p2: lord_brains|move: Stealth Rock
|
|-damage|p1a: Garchomp|0 fnt|[from] psn
|faint|p1a: Garchomp
|upkeep
|
|t:|1779934334
|switch|p1a: Gholdengo|Gholdengo|94/100
|-damage|p1a: Gholdengo|88/100|[from] Stealth Rock
|turn|6
|
|t:|1779934345
|move|p2a: Scizor|Bullet Punch|p1a: Gholdengo
|-resisted|p1a: Gholdengo
|-damage|p1a: Gholdengo|64/100
|-damage|p2a: Scizor|40/100|[from] item: Life Orb
|move|p1a: Gholdengo|Shadow Ball|p2a: Scizor
|-damage|p2a: Scizor|0 fnt
|faint|p2a: Scizor
|
|upkeep
|
|t:|1779934371
|switch|p2a: Samurott|Samurott-Hisui, F|100/100
|-damage|p2a: Samurott|88/100|[from] Stealth Rock
|turn|7
|
|t:|1779934380
|switch|p1a: Slither Wing|Slither Wing|100/100
|move|p2a: Samurott|Ceaseless Edge|p1a: Slither Wing
|-resisted|p1a: Slither Wing
|-damage|p1a: Slither Wing|81/100
|-sidestart|p1: Agathina|Spikes
|
|upkeep
|turn|8
|
|t:|1779934407
|switch|p2a: Chandelure|Chandelure, F, shiny|100/100
|move|p1a: Slither Wing|First Impression|p2a: Chandelure
|-resisted|p2a: Chandelure
|-damage|p2a: Chandelure|86/100
|
|upkeep
|turn|9
|l|☆lord_brains
|player|p2|
|inactive|Battle timer is ON: inactive players will automatically lose when time's up. (requested by Agathina)
|j|☆lord_brains
|inactive|lord_brains reconnected and has 150 seconds left.
|player|p2|lord_brains|nate|
|c|☆lord_brains|sorry
|
|t:|1779934484
|-end|p1a: Slither Wing|Protosynthesis|[silent]
|switch|p1a: Tornadus|Tornadus-Therian, M|100/100
|move|p2a: Chandelure|Will-O-Wisp|p1a: Tornadus
|-status|p1a: Tornadus|brn
|
|-damage|p1a: Tornadus|94/100 brn|[from] brn
|upkeep
|turn|10
|
|t:|1779934499
|move|p1a: Tornadus|Knock Off|p2a: Chandelure
|-supereffective|p2a: Chandelure
|-damage|p2a: Chandelure|55/100
|-enditem|p2a: Chandelure|Heavy-Duty Boots|[from] move: Knock Off|[of] p1a: Tornadus
|move|p2a: Chandelure|Hex|p1a: Tornadus
|-damage|p1a: Tornadus|18/100 brn
|
|-damage|p1a: Tornadus|12/100 brn|[from] brn
|upkeep
|turn|11
|
|t:|1779934516
|move|p1a: Tornadus|Bleakwind Storm|p2a: Chandelure
|-damage|p2a: Chandelure|0 fnt
|faint|p2a: Chandelure
|
|-damage|p1a: Tornadus|6/100 brn|[from] brn
|upkeep
|
|t:|1779934523
|switch|p2a: Samurott|Samurott-Hisui, F|88/100
|-damage|p2a: Samurott|76/100|[from] Stealth Rock
|turn|12
|
|t:|1779934527
|switch|p1a: Slither Wing|Slither Wing|81/100
|move|p2a: Samurott|Ceaseless Edge|p1a: Slither Wing|[miss]
|-miss|p2a: Samurott|p1a: Slither Wing
|
|upkeep
|turn|13
|
|t:|1779934534
|switch|p2a: Great Tusk|Great Tusk|100/100
|-damage|p2a: Great Tusk|97/100|[from] Stealth Rock
|move|p1a: Slither Wing|First Impression|p2a: Great Tusk
|-resisted|p2a: Great Tusk
|-damage|p2a: Great Tusk|84/100
|
|-heal|p2a: Great Tusk|90/100|[from] item: Leftovers
|upkeep
|turn|14
|
|t:|1779934543
|move|p2a: Great Tusk|Rapid Spin|p1a: Slither Wing
|-damage|p1a: Slither Wing|66/100
|-boost|p2a: Great Tusk|spe|1
|-sideend|p2: lord_brains|Stealth Rock|[from] move: Rapid Spin|[of] p2a: Great Tusk
|move|p1a: Slither Wing|Will-O-Wisp|p2a: Great Tusk|[miss]
|-miss|p1a: Slither Wing|p2a: Great Tusk
|
|-heal|p2a: Great Tusk|97/100|[from] item: Leftovers
|upkeep
|turn|15
|
|t:|1779934552
|-end|p2a: Great Tusk|Protosynthesis|[silent]
|switch|p2a: Kyurem|Kyurem|100/100
|-ability|p2a: Kyurem|Pressure
|move|p1a: Slither Wing|Will-O-Wisp|p2a: Kyurem
|-status|p2a: Kyurem|brn
|
|-damage|p2a: Kyurem|94/100 brn|[from] brn
|upkeep
|turn|16
|
|t:|1779934563
|-end|p1a: Slither Wing|Protosynthesis|[silent]
|switch|p1a: Skeledirge|Skeledirge, M|100/100
|move|p2a: Kyurem|Ice Beam|p1a: Skeledirge
|-resisted|p1a: Skeledirge
|-damage|p1a: Skeledirge|76/100
|
|-damage|p2a: Kyurem|88/100 brn|[from] brn
|upkeep
|turn|17
|
|t:|1779934580
|switch|p2a: Samurott|Samurott-Hisui, F|76/100
|move|p1a: Skeledirge|Torch Song|p2a: Samurott
|-resisted|p2a: Samurott
|-damage|p2a: Samurott|52/100
|-boost|p1a: Skeledirge|spa|1
|
|upkeep
|turn|18
|
|t:|1779934597
|-terastallize|p1a: Skeledirge|Fairy
|move|p2a: Samurott|Flip Turn|p1a: Skeledirge
|-damage|p1a: Skeledirge|55/100
|
|t:|1779934601
|switch|p2a: Great Tusk|Great Tusk|97/100|[from] Flip Turn
|move|p1a: Skeledirge|Encore||[still]
|-fail|p1a: Skeledirge
|
|-heal|p2a: Great Tusk|100/100|[from] item: Leftovers
|upkeep
|turn|19
|
|t:|1779934609
|move|p2a: Great Tusk|Headlong Rush|p1a: Skeledirge
|-damage|p1a: Skeledirge|8/100
|-unboost|p2a: Great Tusk|def|1
|-unboost|p2a: Great Tusk|spd|1
|move|p1a: Skeledirge|Slack Off|p1a: Skeledirge
|-heal|p1a: Skeledirge|58/100
|
|upkeep
|turn|20
|
|t:|1779934622
|switch|p1a: Tornadus|Tornadus-Therian, M|39/100 brn
|move|p2a: Great Tusk|Headlong Rush|p1a: Tornadus
|-immune|p1a: Tornadus
|
|-damage|p1a: Tornadus|33/100 brn|[from] brn
|upkeep
|turn|21
|
|t:|1779934630
|move|p1a: Tornadus|Bleakwind Storm|p2a: Great Tusk
|-supereffective|p2a: Great Tusk
|-damage|p2a: Great Tusk|0 fnt
|faint|p2a: Great Tusk
|-end|p2a: Great Tusk|Protosynthesis|[silent]
|
|-damage|p1a: Tornadus|27/100 brn|[from] brn
|upkeep
|
|t:|1779934635
|switch|p2a: Samurott|Samurott-Hisui, F|52/100
|turn|22
|
|t:|1779934642
|move|p2a: Samurott|Aqua Cutter|p1a: Tornadus
|-damage|p1a: Tornadus|0 fnt
|faint|p1a: Tornadus
|
|upkeep
|
|t:|1779934645
|switch|p1a: Slither Wing|Slither Wing|66/100
|turn|23
|
|t:|1779934654
|move|p1a: Slither Wing|First Impression|p2a: Samurott
|-supereffective|p2a: Samurott
|-damage|p2a: Samurott|0 fnt
|faint|p2a: Samurott
|
|upkeep
|
|t:|1779934659
|switch|p2a: Kyurem|Kyurem|88/100 brn
|-ability|p2a: Kyurem|Pressure
|turn|24
|
|t:|1779934664
|move|p2a: Kyurem|Ice Beam|p1a: Slither Wing
|-damage|p1a: Slither Wing|6/100
|move|p1a: Slither Wing|U-turn|p2a: Kyurem
|-damage|p2a: Kyurem|58/100 brn
|
|t:|1779934668
|-end|p1a: Slither Wing|Protosynthesis|[silent]
|switch|p1a: Gholdengo|Gholdengo|64/100|[from] U-turn
|-damage|p1a: Gholdengo|58/100|[from] Stealth Rock
|-damage|p1a: Gholdengo|46/100|[from] Spikes
|
|-damage|p2a: Kyurem|52/100 brn|[from] brn
|upkeep
|turn|25
|
|t:|1779934675
|move|p1a: Gholdengo|Make It Rain|p2a: Kyurem
|-supereffective|p2a: Kyurem
|-crit|p2a: Kyurem
|-damage|p2a: Kyurem|0 fnt
|-unboost|p1a: Gholdengo|spa|1
|faint|p2a: Kyurem
|
|win|Agathina
|raw|Agathina's rating: 1358 &rarr; <strong>1377</strong><br />(+19 for winning)
|raw|lord_brains's rating: 1343 &rarr; <strong>1324</strong><br />(-19 for losing)
|c|☆lord_brains|gg
