|j|☆boltv10
|j|☆nynthapa
|t:|1779884354
|gametype|singles
|player|p1|boltv10|lucas|1111
|player|p2|nynthapa|101|1182
|gen|9
|tier|[Gen 9] OU
|rated|
|rule|HP Percentage Mod: HP is shown in percentages
|rule|Endless Battle Clause: Forcing endless battles is banned
|rule|Species Clause: Limit one of each Pokémon
|rule|OHKO Clause: OHKO moves are banned
|rule|Evasion Items Clause: Evasion items are banned
|rule|Evasion Moves Clause: Evasion moves are banned
|rule|Evasion Abilities Clause: Evasion abilities are banned
|rule|Sleep Moves Clause: Sleep-inducing moves are banned
|clearpoke
|poke|p1|Zoroark, F|
|poke|p1|Venusaur, M|
|poke|p1|Talonflame, M|
|poke|p1|Conkeldurr, M|
|poke|p1|Gliscor, M|
|poke|p1|Cloyster, F|
|poke|p2|Glimmora, M|
|poke|p2|Dragapult, M|
|poke|p2|Kingambit, M|
|poke|p2|Iron Valiant|
|poke|p2|Dragonite, M|
|poke|p2|Samurott-Hisui, M|
|teampreview
|
|t:|1779884364
|teamsize|p1|6
|teamsize|p2|6
|start
|switch|p1a: Conkeldurr|Conkeldurr, M|100/100
|switch|p2a: Samurott|Samurott-Hisui, M|100/100
|turn|1
|
|t:|1779884374
|switch|p2a: Iron Valiant|Iron Valiant, shiny|100/100
|-enditem|p2a: Iron Valiant|Booster Energy
|-activate|p2a: Iron Valiant|ability: Quark Drive|[fromitem]
|-start|p2a: Iron Valiant|quarkdrivespe
|move|p1a: Conkeldurr|Knock Off|p2a: Iron Valiant
|-resisted|p2a: Iron Valiant
|-damage|p2a: Iron Valiant|93/100
|
|upkeep
|turn|2
|
|t:|1779884391
|move|p2a: Iron Valiant|Moonblast|p1a: Conkeldurr
|-supereffective|p1a: Conkeldurr
|-enditem|p1a: Conkeldurr|Focus Sash
|-damage|p1a: Conkeldurr|1/100
|replace|p1a: Zoroark|Zoroark, F
|-end|p1a: Zoroark|Illusion
|move|p1a: Zoroark|Psychic|p2a: Iron Valiant
|-supereffective|p2a: Iron Valiant
|-damage|p2a: Iron Valiant|0 fnt
|faint|p2a: Iron Valiant
|-end|p2a: Iron Valiant|Quark Drive|[silent]
|
|upkeep
|
|t:|1779884401
|switch|p2a: Dragonite|Dragonite, M|100/100
|turn|3
|
|t:|1779884404
|move|p2a: Dragonite|Extreme Speed|p1a: Zoroark
|-damage|p1a: Zoroark|0 fnt
|faint|p1a: Zoroark
|
|upkeep
|
|t:|1779884414
|switch|p1a: Cloyster|Cloyster, F|100/100
|turn|4
|
|t:|1779884420
|-terastallize|p2a: Dragonite|Normal
|move|p2a: Dragonite|Extreme Speed|p1a: Cloyster
|-damage|p1a: Cloyster|63/100
|move|p1a: Cloyster|Shell Smash|p1a: Cloyster
|-unboost|p1a: Cloyster|def|1
|-unboost|p1a: Cloyster|spd|1
|-boost|p1a: Cloyster|atk|2
|-boost|p1a: Cloyster|spa|2
|-boost|p1a: Cloyster|spe|2
|-enditem|p1a: Cloyster|White Herb
|-clearnegativeboost|p1a: Cloyster|[silent]
|
|upkeep
|turn|5
|
|t:|1779884433
|move|p2a: Dragonite|Extreme Speed|p1a: Cloyster
|-damage|p1a: Cloyster|25/100
|move|p1a: Cloyster|Icicle Spear|p2a: Dragonite
|-damage|p2a: Dragonite|88/100
|-damage|p2a: Dragonite|65/100
|-damage|p2a: Dragonite|39/100
|-damage|p2a: Dragonite|14/100
|-damage|p2a: Dragonite|0 fnt
|faint|p2a: Dragonite
|-hitcount|p2: Dragonite|5
|
|upkeep
|
|t:|1779884446
|switch|p2a: Samurott|Samurott-Hisui, M|100/100
|turn|6
|
|t:|1779884452
|move|p1a: Cloyster|Rock Blast|p2a: Samurott
|-damage|p2a: Samurott|79/100
|-damage|p2a: Samurott|58/100
|-crit|p2a: Samurott
|-damage|p2a: Samurott|30/100
|-damage|p2a: Samurott|11/100
|-damage|p2a: Samurott|0 fnt
|faint|p2a: Samurott
|-hitcount|p2: Samurott|5
|
|upkeep
|
|t:|1779884462
|switch|p2a: Glimmora|Glimmora, M|100/100
|turn|7
|
|t:|1779884470
|move|p1a: Cloyster|Razor Shell|p2a: Glimmora
|-supereffective|p2a: Glimmora
|-crit|p2a: Glimmora
|-enditem|p2a: Glimmora|Focus Sash
|-damage|p2a: Glimmora|1/100
|-activate|p2a: Glimmora|ability: Toxic Debris
|-sidestart|p1: boltv10|move: Toxic Spikes
|move|p2a: Glimmora|Power Gem|p1a: Cloyster
|-supereffective|p1a: Cloyster
|-damage|p1a: Cloyster|0 fnt
|faint|p1a: Cloyster
|
|upkeep
|
|t:|1779884484
|switch|p1a: Venusaur|Venusaur, M|100/100
|-sideend|p1: boltv10|move: Toxic Spikes|[of] p1a: Venusaur
|turn|8
|
|t:|1779884493
|move|p2a: Glimmora|Mortal Spin|p1a: Venusaur
|-damage|p1a: Venusaur|94/100
|move|p1a: Venusaur|Giga Drain|p2a: Glimmora
|-damage|p2a: Glimmora|0 fnt
|-heal|p1a: Venusaur|95/100|[from] drain|[of] p2a: Glimmora
|faint|p2a: Glimmora
|
|-heal|p1a: Venusaur|100/100|[from] item: Black Sludge
|upkeep
|
|t:|1779884502
|switch|p2a: Dragapult|Dragapult, M|100/100
|turn|9
|
|t:|1779884507
|move|p2a: Dragapult|Flamethrower|p1a: Venusaur
|-supereffective|p1a: Venusaur
|-damage|p1a: Venusaur|40/100
|move|p1a: Venusaur|Leech Seed|p2a: Dragapult|[miss]
|-miss|p1a: Venusaur|p2a: Dragapult
|
|-heal|p1a: Venusaur|46/100|[from] item: Black Sludge
|upkeep
|turn|10
|
|t:|1779884517
|move|p2a: Dragapult|Flamethrower|p1a: Venusaur
|-supereffective|p1a: Venusaur
|-damage|p1a: Venusaur|0 fnt
|faint|p1a: Venusaur
|
|upkeep
|
|t:|1779884523
|switch|p1a: Conkeldurr|Conkeldurr, M|100/100
|turn|11
|
|t:|1779884526
|move|p2a: Dragapult|Flamethrower|p1a: Conkeldurr
|-damage|p1a: Conkeldurr|54/100
|move|p1a: Conkeldurr|Ice Punch|p2a: Dragapult
|-supereffective|p2a: Dragapult
|-damage|p2a: Dragapult|25/100
|
|-status|p1a: Conkeldurr|brn|[from] item: Flame Orb
|upkeep
|turn|12
|
|t:|1779884536
|move|p2a: Dragapult|Flamethrower|p1a: Conkeldurr
|-damage|p1a: Conkeldurr|7/100 brn
|move|p1a: Conkeldurr|Ice Punch|p2a: Dragapult
|-supereffective|p2a: Dragapult
|-damage|p2a: Dragapult|0 fnt
|faint|p2a: Dragapult
|
|-damage|p1a: Conkeldurr|1/100 brn|[from] brn
|upkeep
|
|t:|1779884544
|switch|p2a: Kingambit|Kingambit, M|100/100
|-activate|p2a: Kingambit|ability: Supreme Overlord
|-start|p2a: Kingambit|fallen5|[silent]
|turn|13
|
|t:|1779884550
|move|p2a: Kingambit|Sucker Punch|p1a: Conkeldurr
|-resisted|p1a: Conkeldurr
|-damage|p1a: Conkeldurr|0 fnt
|faint|p1a: Conkeldurr
|
|upkeep
|
|t:|1779884557
|switch|p1a: Gliscor|Gliscor, M|100/100
|turn|14
|
|t:|1779884562
|move|p1a: Gliscor|Earthquake|p2a: Kingambit
|-supereffective|p2a: Kingambit
|-damage|p2a: Kingambit|40/100
|move|p2a: Kingambit|Swords Dance|p2a: Kingambit
|-boost|p2a: Kingambit|atk|2
|
|-status|p1a: Gliscor|tox|[from] item: Toxic Orb
|upkeep
|turn|15
|
|t:|1779884571
|move|p2a: Kingambit|Sucker Punch|p1a: Gliscor
|-damage|p1a: Gliscor|0 fnt
|faint|p1a: Gliscor
|
|upkeep
|
|t:|1779884576
|switch|p1a: Talonflame|Talonflame, M|100/100
|turn|16
|
|t:|1779884579
|move|p2a: Kingambit|Sucker Punch|p1a: Talonflame
|-damage|p1a: Talonflame|0 fnt
|faint|p1a: Talonflame
|
|win|nynthapa
|raw|boltv10's rating: 1111 &rarr; <strong>1091</strong><br />(-20 for losing)
|raw|nynthapa's rating: 1182 &rarr; <strong>1202</strong><br />(+20 for winning)
|l|☆boltv10
|player|p1|
|l|☆nynthapa
|player|p2|
