|j|☆hwylll
|j|☆Reaaaa
|t:|1779804711
|gametype|singles
|player|p1|hwylll|richboy-gen4|1162
|player|p2|Reaaaa|102|1157
|gen|9
|tier|[Gen 9] OU
|rated|
|rule|HP Percentage Mod: HP is shown in percentages
|rule|Endless Battle Clause: Forcing endless battles is banned
|rule|Species Clause: Limit one of each Pokémon
|rule|OHKO Clause: OHKO moves are banned
|rule|Evasion Items Clause: Evasion items are banned
|rule|Evasion Moves Clause: Evasion moves are banned
|rule|Evasion Abilities Clause: Evasion abilities are banned
|rule|Sleep Moves Clause: Sleep-inducing moves are banned
|clearpoke
|poke|p1|Kingambit, M|
|poke|p1|Rotom-Wash|
|poke|p1|Landorus-Therian, M|
|poke|p1|Heatran, F|
|poke|p1|Garchomp, F|
|poke|p1|Great Tusk|
|poke|p2|Krookodile, M|
|poke|p2|Metagross|
|poke|p2|Arcanine, F|
|poke|p2|Swampert, M|
|poke|p2|Meganium, F|
|poke|p2|Grimmsnarl, M|
|teampreview
|
|t:|1779804720
|teamsize|p1|6
|teamsize|p2|6
|start
|switch|p1a: Garchomp|Garchomp, F, shiny|100/100
|switch|p2a: Swampert|Swampert, M|100/100
|turn|1
|
|t:|1779804730
|move|p1a: Garchomp|Stealth Rock|p2a: Swampert
|-sidestart|p2: Reaaaa|move: Stealth Rock
|move|p2a: Swampert|Flip Turn|p1a: Garchomp
|-damage|p1a: Garchomp|83/100
|-damage|p2a: Swampert|88/100|[from] ability: Rough Skin|[of] p1a: Garchomp
|-damage|p2a: Swampert|71/100|[from] item: Rocky Helmet|[of] p1a: Garchomp
|inactive|Battle timer is ON: inactive players will automatically lose when time's up. (requested by Reaaaa)
|
|t:|1779804738
|switch|p2a: Krookodile|Krookodile, M|100/100|[from] Flip Turn
|-damage|p2a: Krookodile|95/100|[from] Stealth Rock
|-ability|p2a: Krookodile|Intimidate|boost
|-unboost|p1a: Garchomp|atk|1
|
|-heal|p2a: Krookodile|100/100|[from] item: Leftovers
|upkeep
|turn|2
|
|t:|1779804747
|move|p2a: Krookodile|Bulk Up|p2a: Krookodile
|-boost|p2a: Krookodile|atk|1
|-boost|p2a: Krookodile|def|1
|move|p1a: Garchomp|Spikes|p2a: Krookodile
|-sidestart|p2: Reaaaa|Spikes
|
|upkeep
|turn|3
|
|t:|1779804758
|-terastallize|p1a: Garchomp|Fairy
|move|p2a: Krookodile|Earthquake|p1a: Garchomp
|-damage|p1a: Garchomp|40/100
|move|p1a: Garchomp|Dragon Tail|p2a: Krookodile
|-damage|p2a: Krookodile|87/100
|drag|p2a: Meganium|Meganium, F|100/100
|-damage|p2a: Meganium|88/100|[from] Stealth Rock
|-damage|p2a: Meganium|76/100|[from] Spikes
|
|-heal|p2a: Meganium|82/100|[from] item: Leftovers
|upkeep
|turn|4
|
|t:|1779804776
|move|p2a: Meganium|Petal Blizzard|p1a: Garchomp
|-damage|p1a: Garchomp|21/100
|move|p1a: Garchomp|Dragon Tail|p2a: Meganium
|-damage|p2a: Meganium|66/100
|drag|p2a: Krookodile|Krookodile, M|87/100
|-damage|p2a: Krookodile|81/100|[from] Stealth Rock
|-damage|p2a: Krookodile|69/100|[from] Spikes
|-ability|p2a: Krookodile|Intimidate|boost
|-unboost|p1a: Garchomp|atk|1
|
|-heal|p2a: Krookodile|75/100|[from] item: Leftovers
|upkeep
|turn|5
|
|t:|1779804789
|move|p2a: Krookodile|Earthquake|p1a: Garchomp
|-damage|p1a: Garchomp|0 fnt
|faint|p1a: Garchomp
|
|-heal|p2a: Krookodile|81/100|[from] item: Leftovers
|upkeep
|inactive|hwylll has 120 seconds left.
|
|t:|1779804816
|switch|p1a: Great Tusk|Great Tusk, shiny|100/100
|-enditem|p1a: Great Tusk|Booster Energy
|-activate|p1a: Great Tusk|ability: Protosynthesis|[fromitem]
|-start|p1a: Great Tusk|protosynthesisspe
|turn|6
|inactive|hwylll has 120 seconds left.
|
|t:|1779804833
|switch|p2a: Arcanine|Arcanine, F|100/100
|-damage|p2a: Arcanine|76/100|[from] Stealth Rock
|-damage|p2a: Arcanine|63/100|[from] Spikes
|-ability|p2a: Arcanine|Intimidate|boost
|-unboost|p1a: Great Tusk|atk|1
|move|p1a: Great Tusk|Ice Spinner|p2a: Arcanine
|-resisted|p2a: Arcanine
|-damage|p2a: Arcanine|54/100
|
|upkeep
|turn|7
|inactive|hwylll has 120 seconds left.
|
|t:|1779804848
|move|p1a: Great Tusk|Headlong Rush|p2a: Arcanine
|-supereffective|p2a: Arcanine
|-damage|p2a: Arcanine|0 fnt
|-unboost|p1a: Great Tusk|def|1
|-unboost|p1a: Great Tusk|spd|1
|faint|p2a: Arcanine
|
|upkeep
|
|t:|1779804859
|switch|p2a: Grimmsnarl|Grimmsnarl, M|100/100
|-damage|p2a: Grimmsnarl|88/100|[from] Stealth Rock
|-damage|p2a: Grimmsnarl|76/100|[from] Spikes
|turn|8
|inactive|hwylll has 120 seconds left.
|
|t:|1779804883
|-end|p1a: Great Tusk|Protosynthesis|[silent]
|switch|p1a: Landorus|Landorus-Therian, M, shiny|100/100
|-ability|p1a: Landorus|Intimidate|boost
|-unboost|p2a: Grimmsnarl|atk|1
|move|p2a: Grimmsnarl|Reflect|p2a: Grimmsnarl
|-sidestart|p2: Reaaaa|Reflect
|
|upkeep
|turn|9
|
|t:|1779804904
|switch|p2a: Krookodile|Krookodile, M|81/100
|-damage|p2a: Krookodile|75/100|[from] Stealth Rock
|-damage|p2a: Krookodile|63/100|[from] Spikes
|-ability|p2a: Krookodile|Intimidate|boost
|-unboost|p1a: Landorus|atk|1
|move|p1a: Landorus|Taunt|p2a: Krookodile
|-start|p2a: Krookodile|move: Taunt
|
|-heal|p2a: Krookodile|69/100|[from] item: Leftovers
|upkeep
|turn|10
|
|t:|1779804917
|switch|p1a: Great Tusk|Great Tusk, shiny|100/100
|move|p2a: Krookodile|Knock Off|p1a: Great Tusk
|-resisted|p1a: Great Tusk
|-damage|p1a: Great Tusk|90/100
|
|-heal|p2a: Krookodile|75/100|[from] item: Leftovers
|upkeep
|turn|11
|
|t:|1779804925
|move|p1a: Great Tusk|Rapid Spin|p2a: Krookodile
|-damage|p2a: Krookodile|67/100
|-boost|p1a: Great Tusk|spe|1
|move|p2a: Krookodile|Earthquake|p1a: Great Tusk
|-damage|p1a: Great Tusk|63/100
|
|-heal|p2a: Krookodile|73/100|[from] item: Leftovers
|-end|p2a: Krookodile|move: Taunt
|upkeep
|turn|12
|
|t:|1779804936
|move|p1a: Great Tusk|Close Combat|p2a: Krookodile
|-supereffective|p2a: Krookodile
|-damage|p2a: Krookodile|15/100
|-unboost|p1a: Great Tusk|def|1
|-unboost|p1a: Great Tusk|spd|1
|move|p2a: Krookodile|Earthquake|p1a: Great Tusk
|-damage|p1a: Great Tusk|23/100
|
|-heal|p2a: Krookodile|21/100|[from] item: Leftovers
|upkeep
|turn|13
|
|t:|1779804946
|move|p1a: Great Tusk|Close Combat|p2a: Krookodile
|-supereffective|p2a: Krookodile
|-damage|p2a: Krookodile|0 fnt
|-unboost|p1a: Great Tusk|def|1
|-unboost|p1a: Great Tusk|spd|1
|faint|p2a: Krookodile
|
|upkeep
|
|t:|1779804949
|switch|p2a: Metagross|Metagross|100/100
|-damage|p2a: Metagross|94/100|[from] Stealth Rock
|-damage|p2a: Metagross|82/100|[from] Spikes
|turn|14
|
|t:|1779804970
|move|p1a: Great Tusk|Headlong Rush|p2a: Metagross
|-supereffective|p2a: Metagross
|-damage|p2a: Metagross|39/100
|-unboost|p1a: Great Tusk|def|1
|-unboost|p1a: Great Tusk|spd|1
|-enditem|p2a: Metagross|Weakness Policy
|-boost|p2a: Metagross|atk|2|[from] item: Weakness Policy
|-boost|p2a: Metagross|spa|2|[from] item: Weakness Policy
|move|p2a: Metagross|Agility|p2a: Metagross
|-boost|p2a: Metagross|spe|2
|
|upkeep
|turn|15
|
|t:|1779804988
|move|p2a: Metagross|Bullet Punch|p1a: Great Tusk
|-damage|p1a: Great Tusk|0 fnt
|faint|p1a: Great Tusk
|-end|p1a: Great Tusk|Protosynthesis|[silent]
|
|-sideend|p2: Reaaaa|Reflect
|upkeep
|
|t:|1779804997
|switch|p1a: Landorus|Landorus-Therian, M, shiny|100/100
|-ability|p1a: Landorus|Intimidate|boost
|-fail|p2a: Metagross|unboost|[from] ability: Clear Body|[of] p2a: Metagross
|turn|16
|inactive|hwylll has 90 seconds left.
|
|t:|1779805012
|move|p1a: Landorus|Earthquake|p2a: Metagross
|-supereffective|p2a: Metagross
|-crit|p2a: Metagross
|-damage|p2a: Metagross|0 fnt
|faint|p2a: Metagross
|
|upkeep
|-message|Reaaaa forfeited.
|
|win|hwylll
|raw|hwylll's rating: 1162 &rarr; <strong>1187</strong><br />(+25 for winning)
|raw|Reaaaa's rating: 1157 &rarr; <strong>1132</strong><br />(-25 for losing)
|l|☆Reaaaa
|player|p2|
|l|☆hwylll
|player|p1|
