|j|☆dddzdddq2
|j|‽Ponponstar2
|t:|1779957898
|gametype|singles
|player|p1|dddzdddq2|1|1388
|player|p2|Ponponstar2|harlequin|1393
|gen|9
|tier|[Gen 9] OU
|rated|
|rule|HP Percentage Mod: HP is shown in percentages
|rule|Endless Battle Clause: Forcing endless battles is banned
|rule|Species Clause: Limit one of each Pokémon
|rule|OHKO Clause: OHKO moves are banned
|rule|Evasion Items Clause: Evasion items are banned
|rule|Evasion Moves Clause: Evasion moves are banned
|rule|Evasion Abilities Clause: Evasion abilities are banned
|rule|Sleep Moves Clause: Sleep-inducing moves are banned
|clearpoke
|poke|p1|Hatterene, F|
|poke|p1|Farigiraf, F|
|poke|p1|Mimikyu, F|
|poke|p1|Slither Wing|
|poke|p1|Ursaluna, F|
|poke|p1|Torkoal, M|
|poke|p2|Great Tusk|
|poke|p2|Kingambit, M|
|poke|p2|Iron Valiant|
|poke|p2|Pecharunt|
|poke|p2|Zamazenta-*|
|poke|p2|Raging Bolt|
|teampreview
|inactive|Battle timer is ON: inactive players will automatically lose when time's up. (requested by Ponponstar2)
|
|t:|1779957925
|teamsize|p1|6
|teamsize|p2|6
|start
|switch|p1a: Hatterene|Hatterene, F|100/100
|switch|p2a: Kingambit|Kingambit, M|100/100
|turn|1
|
|t:|1779957932
|move|p2a: Kingambit|Swords Dance|p2a: Kingambit
|-boost|p2a: Kingambit|atk|2
|move|p1a: Hatterene|Trick Room|p1a: Hatterene
|-fieldstart|move: Trick Room|[of] p1a: Hatterene
|
|upkeep
|turn|2
|
|t:|1779957953
|move|p1a: Hatterene|Misty Explosion|p2a: Kingambit
|-damage|p2a: Kingambit|53/100
|faint|p1a: Hatterene
|move|p2a: Kingambit|Swords Dance|p2a: Kingambit
|-boost|p2a: Kingambit|atk|2
|
|-heal|p2a: Kingambit|59/100|[from] item: Leftovers
|upkeep
|
|t:|1779957956
|switch|p1a: Slither Wing|Slither Wing|100/100
|turn|3
|inactive|Ponponstar2 has 120 seconds left.
|
|t:|1779957990
|-end|p2a: Kingambit|fallenundefined|[silent]
|switch|p2a: Zamazenta|Zamazenta, shiny|100/100
|-ability|p2a: Zamazenta|Dauntless Shield|boost
|-boost|p2a: Zamazenta|def|1
|move|p1a: Slither Wing|Flare Blitz|p2a: Zamazenta
|-damage|p2a: Zamazenta|62/100
|-damage|p1a: Slither Wing|88/100|[from] Recoil
|
|-heal|p2a: Zamazenta|69/100|[from] item: Leftovers
|upkeep
|turn|4
|inactive|Ponponstar2 has 120 seconds left.
|inactive|dddzdddq2 has 120 seconds left.
|
|t:|1779958022
|-terastallize|p1a: Slither Wing|Fire
|move|p1a: Slither Wing|Flare Blitz|p2a: Zamazenta
|-damage|p2a: Zamazenta|12/100
|-damage|p1a: Slither Wing|70/100|[from] Recoil
|move|p2a: Zamazenta|Iron Defense|p2a: Zamazenta
|-boost|p2a: Zamazenta|def|2
|
|-heal|p2a: Zamazenta|18/100|[from] item: Leftovers
|upkeep
|turn|5
|inactive|Ponponstar2 has 120 seconds left.
|
|t:|1779958034
|switch|p2a: Raging Bolt|Raging Bolt|100/100
|move|p1a: Slither Wing|Flare Blitz|p2a: Raging Bolt
|-resisted|p2a: Raging Bolt
|-damage|p2a: Raging Bolt|58/100
|-damage|p1a: Slither Wing|52/100|[from] Recoil
|
|-heal|p2a: Raging Bolt|64/100|[from] item: Leftovers
|-fieldend|move: Trick Room
|upkeep
|turn|6
|inactive|Ponponstar2 has 120 seconds left.
|
|t:|1779958048
|-end|p1a: Slither Wing|Protosynthesis|[silent]
|switch|p1a: Ursaluna|Ursaluna, F|100/100
|move|p2a: Raging Bolt|Calm Mind|p2a: Raging Bolt
|-boost|p2a: Raging Bolt|spa|1
|-boost|p2a: Raging Bolt|spd|1
|
|-heal|p2a: Raging Bolt|71/100|[from] item: Leftovers
|-status|p1a: Ursaluna|brn|[from] item: Flame Orb
|upkeep
|turn|7
|
|t:|1779958058
|move|p2a: Raging Bolt|Dragon Pulse|p1a: Ursaluna
|-damage|p1a: Ursaluna|37/100 brn
|move|p1a: Ursaluna|Earthquake|p2a: Raging Bolt
|-supereffective|p2a: Raging Bolt
|-damage|p2a: Raging Bolt|0 fnt
|faint|p2a: Raging Bolt
|-end|p2a: Raging Bolt|Protosynthesis|[silent]
|
|-damage|p1a: Ursaluna|31/100 brn|[from] brn
|upkeep
|inactive|Ponponstar2 has 120 seconds left.
|
|t:|1779958068
|switch|p2a: Zamazenta|Zamazenta, shiny|18/100
|turn|8
|
|t:|1779958071
|switch|p1a: Mimikyu|Mimikyu, F|100/100
|move|p2a: Zamazenta|Crunch|p1a: Mimikyu
|-activate|p1a: Mimikyu|ability: Disguise
|-damage|p1a: Mimikyu|100/100
|detailschange|p1a: Mimikyu|Mimikyu-Busted, F
|-damage|p1a: Mimikyu|88/100|[from] pokemon: Mimikyu-Busted
|
|-heal|p2a: Zamazenta|24/100|[from] item: Leftovers
|upkeep
|turn|9
|
|t:|1779958082
|move|p2a: Zamazenta|Crunch|p1a: Mimikyu
|-damage|p1a: Mimikyu|61/100
|move|p1a: Mimikyu|Trick Room|p1a: Mimikyu
|-fieldstart|move: Trick Room|[of] p1a: Mimikyu
|
|-heal|p2a: Zamazenta|30/100|[from] item: Leftovers
|upkeep
|turn|10
|
|t:|1779958090
|move|p1a: Mimikyu|Play Rough|p2a: Zamazenta
|-supereffective|p2a: Zamazenta
|-damage|p2a: Zamazenta|0 fnt
|faint|p2a: Zamazenta
|-damage|p1a: Mimikyu|51/100|[from] item: Life Orb
|
|upkeep
|
|t:|1779958108
|switch|p2a: Great Tusk|Great Tusk, shiny|100/100
|turn|11
|
|t:|1779958113
|move|p1a: Mimikyu|Play Rough|p2a: Great Tusk
|-supereffective|p2a: Great Tusk
|-damage|p2a: Great Tusk|33/100
|-damage|p1a: Mimikyu|42/100|[from] item: Life Orb
|move|p2a: Great Tusk|Ice Spinner|p1a: Mimikyu
|-damage|p1a: Mimikyu|7/100
|
|-heal|p2a: Great Tusk|39/100|[from] item: Leftovers
|upkeep
|turn|12
|
|t:|1779958123
|move|p1a: Mimikyu|Play Rough|p2a: Great Tusk
|-supereffective|p2a: Great Tusk
|-damage|p2a: Great Tusk|0 fnt
|faint|p2a: Great Tusk
|-end|p2a: Great Tusk|Protosynthesis|[silent]
|-damage|p1a: Mimikyu|0 fnt|[from] item: Life Orb
|faint|p1a: Mimikyu
|
|upkeep
|
|t:|1779958135
|switch|p1a: Torkoal|Torkoal, M|100/100
|switch|p2a: Pecharunt|Pecharunt|100/100
|-weather|SunnyDay|[from] ability: Drought|[of] p1a: Torkoal
|-item|p2a: Pecharunt|Air Balloon
|turn|13
|
|t:|1779958142
|move|p1a: Torkoal|Eruption|p2a: Pecharunt
|-damage|p2a: Pecharunt|0 fnt
|-enditem|p2a: Pecharunt|Air Balloon
|faint|p2a: Pecharunt
|
|-weather|SunnyDay|[upkeep]
|-fieldend|move: Trick Room
|upkeep
|
|t:|1779958150
|switch|p2a: Iron Valiant|Iron Valiant, shiny|100/100
|-enditem|p2a: Iron Valiant|Booster Energy
|-activate|p2a: Iron Valiant|ability: Quark Drive|[fromitem]
|-start|p2a: Iron Valiant|quarkdrivespe
|turn|14
|
|t:|1779958163
|switch|p1a: Ursaluna|Ursaluna, F|31/100 brn
|move|p2a: Iron Valiant|Knock Off|p1a: Ursaluna
|-damage|p1a: Ursaluna|14/100 brn
|-enditem|p1a: Ursaluna|Flame Orb|[from] move: Knock Off|[of] p2a: Iron Valiant
|
|-weather|SunnyDay|[upkeep]
|-damage|p1a: Ursaluna|7/100 brn|[from] brn
|upkeep
|turn|15
|
|t:|1779958174
|move|p2a: Iron Valiant|Moonblast|p1a: Ursaluna
|-damage|p1a: Ursaluna|0 fnt
|faint|p1a: Ursaluna
|
|-weather|SunnyDay|[upkeep]
|upkeep
|
|t:|1779958181
|switch|p1a: Farigiraf|Farigiraf, F|100/100
|turn|16
|inactive|dddzdddq2 has 120 seconds left.
|
|t:|1779958215
|move|p2a: Iron Valiant|Knock Off|p1a: Farigiraf
|-supereffective|p1a: Farigiraf
|-damage|p1a: Farigiraf|45/100
|-enditem|p1a: Farigiraf|Throat Spray|[from] move: Knock Off|[of] p2a: Iron Valiant
|move|p1a: Farigiraf|Trick Room|p1a: Farigiraf
|-fieldstart|move: Trick Room|[of] p1a: Farigiraf
|
|-weather|SunnyDay|[upkeep]
|upkeep
|turn|17
|
|t:|1779958227
|move|p1a: Farigiraf|Hyper Voice|p2a: Iron Valiant
|-damage|p2a: Iron Valiant|25/100
|move|p2a: Iron Valiant|Destiny Bond|p2a: Iron Valiant
|-singlemove|p2a: Iron Valiant|Destiny Bond
|
|-weather|none
|upkeep
|turn|18
|
|t:|1779958243
|move|p1a: Farigiraf|Hyper Voice|p2a: Iron Valiant
|-damage|p2a: Iron Valiant|0 fnt
|faint|p2a: Iron Valiant
|-activate|p2a: Iron Valiant|move: Destiny Bond
|-end|p2a: Iron Valiant|Quark Drive|[silent]
|faint|p1a: Farigiraf
|
|upkeep
|inactive|dddzdddq2 has 120 seconds left.
|
|t:|1779958265
|switch|p1a: Torkoal|Torkoal, M|100/100
|switch|p2a: Kingambit|Kingambit, M|59/100
|-weather|SunnyDay|[from] ability: Drought|[of] p1a: Torkoal
|-activate|p2a: Kingambit|ability: Supreme Overlord
|-start|p2a: Kingambit|fallen5|[silent]
|turn|19
|
|t:|1779958273
|move|p2a: Kingambit|Sucker Punch|p1a: Torkoal
|-damage|p1a: Torkoal|58/100
|move|p1a: Torkoal|Flamethrower|p2a: Kingambit
|-supereffective|p2a: Kingambit
|-damage|p2a: Kingambit|0 fnt
|faint|p2a: Kingambit
|-end|p2a: Kingambit|fallen5|[silent]
|
|win|dddzdddq2
|raw|dddzdddq2's rating: 1388 &rarr; <strong>1408</strong><br />(+20 for winning)
|raw|Ponponstar2's rating: 1393 &rarr; <strong>1373</strong><br />(-20 for losing)
|l|‽Ponponstar2
|player|p2|
|l|☆dddzdddq2
|player|p1|
