|j|☆blooflazh
|j|☆marlon morales
|t:|1779846624
|gametype|singles
|player|p1|blooflazh|rood|1139
|player|p2|marlon morales|cheren|1111
|gen|9
|tier|[Gen 9] OU
|rated|
|rule|HP Percentage Mod: HP is shown in percentages
|rule|Endless Battle Clause: Forcing endless battles is banned
|rule|Species Clause: Limit one of each Pokémon
|rule|OHKO Clause: OHKO moves are banned
|rule|Evasion Items Clause: Evasion items are banned
|rule|Evasion Moves Clause: Evasion moves are banned
|rule|Evasion Abilities Clause: Evasion abilities are banned
|rule|Sleep Moves Clause: Sleep-inducing moves are banned
|clearpoke
|poke|p1|Scyther, F|
|poke|p1|Shelgon, F|
|poke|p1|Porygon2|
|poke|p1|Metang|
|poke|p1|Cryogonal|
|poke|p1|Magmar, F|
|poke|p2|Tinkaton, F|
|poke|p2|Tyranitar, M|
|poke|p2|Excadrill, M|
|poke|p2|Iron Valiant|
|poke|p2|Tornadus-Therian, M|
|poke|p2|Gholdengo|
|teampreview
|
|t:|1779846644
|teamsize|p1|6
|teamsize|p2|6
|start
|switch|p1a: Metang|Metang|100/100
|switch|p2a: Tinkaton|Tinkaton, F|100/100
|-item|p2a: Tinkaton|Air Balloon
|turn|1
|
|t:|1779846650
|move|p2a: Tinkaton|Stealth Rock|p1a: Metang
|-sidestart|p1: blooflazh|move: Stealth Rock
|move|p1a: Metang|Hone Claws|p1a: Metang
|-boost|p1a: Metang|atk|1
|-boost|p1a: Metang|accuracy|1
|
|upkeep
|turn|2
|
|t:|1779846659
|move|p2a: Tinkaton|Encore|p1a: Metang
|-start|p1a: Metang|Encore
|move|p1a: Metang|Hone Claws|p1a: Metang
|-boost|p1a: Metang|atk|1
|-boost|p1a: Metang|accuracy|1
|
|upkeep
|turn|3
|
|t:|1779846668
|switch|p2a: Gholdengo|Gholdengo|100/100
|move|p1a: Metang|Hone Claws|p1a: Metang
|-boost|p1a: Metang|atk|1
|-boost|p1a: Metang|accuracy|1
|
|upkeep
|turn|4
|
|t:|1779846681
|switch|p1a: Porygon2|Porygon2|100/100
|-damage|p1a: Porygon2|88/100|[from] Stealth Rock
|move|p2a: Gholdengo|Shadow Ball|p1a: Porygon2
|-immune|p1a: Porygon2
|
|upkeep
|turn|5
|
|t:|1779846693
|switch|p2a: Tyranitar|Tyranitar, M, shiny|100/100
|-weather|Sandstorm|[from] ability: Sand Stream|[of] p2a: Tyranitar
|move|p1a: Porygon2|Discharge|p2a: Tyranitar
|-damage|p2a: Tyranitar|81/100
|
|-weather|Sandstorm|[upkeep]
|-damage|p1a: Porygon2|82/100|[from] Sandstorm
|upkeep
|turn|6
|
|t:|1779846717
|move|p2a: Tyranitar|Knock Off|p1a: Porygon2
|-damage|p1a: Porygon2|28/100
|-enditem|p1a: Porygon2|Eviolite|[from] move: Knock Off|[of] p2a: Tyranitar
|move|p1a: Porygon2|Discharge|p2a: Tyranitar
|-damage|p2a: Tyranitar|63/100
|-status|p2a: Tyranitar|par
|
|-weather|Sandstorm|[upkeep]
|-damage|p1a: Porygon2|22/100|[from] Sandstorm
|upkeep
|turn|7
|
|t:|1779846749
|move|p1a: Porygon2|Discharge|p2a: Tyranitar
|-damage|p2a: Tyranitar|48/100 par
|cant|p2a: Tyranitar|par
|
|-weather|Sandstorm|[upkeep]
|-damage|p1a: Porygon2|16/100|[from] Sandstorm
|upkeep
|turn|8
|
|t:|1779846757
|move|p1a: Porygon2|Discharge|p2a: Tyranitar
|-damage|p2a: Tyranitar|32/100 par
|move|p2a: Tyranitar|Knock Off|p1a: Porygon2
|-damage|p1a: Porygon2|0 fnt
|faint|p1a: Porygon2
|
|-weather|Sandstorm|[upkeep]
|upkeep
|
|t:|1779846800
|switch|p1a: Magmar|Magmar, F|100/100
|-damage|p1a: Magmar|76/100|[from] Stealth Rock
|turn|9
|
|t:|1779846813
|switch|p2a: Tornadus|Tornadus-Therian, M, shiny|100/100
|move|p1a: Magmar|Mach Punch|p2a: Tornadus
|-resisted|p2a: Tornadus
|-damage|p2a: Tornadus|93/100
|
|-weather|none
|upkeep
|turn|10
|
|t:|1779846822
|move|p2a: Tornadus|Taunt|p1a: Magmar
|-start|p1a: Magmar|move: Taunt
|move|p1a: Magmar|Overheat|p2a: Tornadus
|-damage|p2a: Tornadus|50/100
|-unboost|p1a: Magmar|spa|2
|
|upkeep
|turn|11
|
|t:|1779846851
|move|p2a: Tornadus|Knock Off|p1a: Magmar
|-damage|p1a: Magmar|44/100
|-enditem|p1a: Magmar|Eviolite|[from] move: Knock Off|[of] p2a: Tornadus
|move|p1a: Magmar|Knock Off|p2a: Tornadus
|-damage|p2a: Tornadus|13/100
|-enditem|p2a: Tornadus|Heavy-Duty Boots|[from] move: Knock Off|[of] p1a: Magmar
|
|upkeep
|turn|12
|l|☆marlon morales
|player|p2|
|inactive|Battle timer is ON: inactive players will automatically lose when time's up. (requested by blooflazh)
|inactive|marlon morales has 30 seconds to reconnect!
|inactive|marlon morales has 20 seconds to reconnect!
|inactive|marlon morales has 15 seconds to reconnect!
|inactive|marlon morales has 10 seconds to reconnect!
|inactive|marlon morales has 5 seconds to reconnect!
|-message|marlon morales lost due to inactivity.
|
|win|blooflazh
|raw|blooflazh's rating: 1139 &rarr; <strong>1162</strong><br />(+23 for winning)
|raw|marlon morales's rating: 1111 &rarr; <strong>1088</strong><br />(-23 for losing)
|l|☆blooflazh
|player|p1|
