|j|☆YoSoyDelBronx
|j|☆fregene97
|t:|1779958392
|gametype|singles
|player|p1|YoSoyDelBronx|noland|1314
|player|p2|fregene97|266|1343
|gen|9
|tier|[Gen 9] OU
|rated|
|rule|HP Percentage Mod: HP is shown in percentages
|rule|Endless Battle Clause: Forcing endless battles is banned
|rule|Species Clause: Limit one of each Pokémon
|rule|OHKO Clause: OHKO moves are banned
|rule|Evasion Items Clause: Evasion items are banned
|rule|Evasion Moves Clause: Evasion moves are banned
|rule|Evasion Abilities Clause: Evasion abilities are banned
|rule|Sleep Moves Clause: Sleep-inducing moves are banned
|clearpoke
|poke|p1|Blaziken, M|
|poke|p1|Diancie|
|poke|p1|Rotom-Wash|
|poke|p1|Great Tusk|
|poke|p1|Ninetales, M|
|poke|p1|Cresselia, F|
|poke|p2|Araquanid, M|
|poke|p2|Mimikyu, M|
|poke|p2|Iron Moth|
|poke|p2|Gallade, M|
|poke|p2|Great Tusk|
|poke|p2|Kingambit, M|
|teampreview
|inactive|Battle timer is ON: inactive players will automatically lose when time's up. (requested by fregene97)
|
|t:|1779958400
|teamsize|p1|6
|teamsize|p2|6
|start
|switch|p1a: Capitán Salami|Blaziken, M, shiny|100/100
|switch|p2a: Araquanid|Araquanid, M|100/100
|turn|1
|inactive|fregene97 has 120 seconds left.
|
|t:|1779958431
|move|p1a: Capitán Salami|Focus Energy|p1a: Capitán Salami
|-start|p1a: Capitán Salami|move: Focus Energy
|move|p2a: Araquanid|Liquidation|p1a: Capitán Salami
|-supereffective|p1a: Capitán Salami
|-damage|p1a: Capitán Salami|0 fnt
|faint|p1a: Capitán Salami
|
|upkeep
|
|t:|1779958437
|switch|p1a: Rotom|Rotom-Wash|100/100
|turn|2
|
|t:|1779958448
|switch|p2a: Mimikyu|Mimikyu, M|100/100
|move|p1a: Rotom|Thunderbolt|p2a: Mimikyu
|-activate|p2a: Mimikyu|ability: Disguise
|-damage|p2a: Mimikyu|100/100
|detailschange|p2a: Mimikyu|Mimikyu-Busted, M
|-damage|p2a: Mimikyu|88/100|[from] pokemon: Mimikyu-Busted
|-enditem|p2a: Mimikyu|Red Card|[of] p1a: Rotom
|drag|p1a: Great Tusk|Great Tusk|100/100
|
|upkeep
|turn|3
|
|t:|1779958454
|move|p1a: Great Tusk|Knock Off|p2a: Mimikyu
|-damage|p2a: Mimikyu|63/100
|move|p2a: Mimikyu|Trick Room|p2a: Mimikyu
|-fieldstart|move: Trick Room|[of] p2a: Mimikyu
|
|upkeep
|turn|4
|
|t:|1779958466
|move|p2a: Mimikyu|Curse|p1a: Great Tusk
|-start|p1a: Great Tusk|Curse|[of] p2a: Mimikyu
|-damage|p2a: Mimikyu|13/100
|move|p1a: Great Tusk|Headlong Rush|p2a: Mimikyu
|-damage|p2a: Mimikyu|0 fnt
|-unboost|p1a: Great Tusk|def|1
|-unboost|p1a: Great Tusk|spd|1
|faint|p2a: Mimikyu
|
|-damage|p1a: Great Tusk|76/100|[from] Curse
|upkeep
|
|t:|1779958473
|switch|p2a: Araquanid|Araquanid, M|100/100
|turn|5
|
|t:|1779958479
|-end|p1a: Great Tusk|Protosynthesis|[silent]
|switch|p1a: Rotom|Rotom-Wash|100/100
|move|p2a: Araquanid|Lunge|p1a: Rotom
|-damage|p1a: Rotom|39/100
|-unboost|p1a: Rotom|atk|1
|
|upkeep
|turn|6
|
|t:|1779958495
|move|p2a: Araquanid|Lunge|p1a: Rotom
|-damage|p1a: Rotom|0 fnt
|faint|p1a: Rotom
|
|upkeep
|
|t:|1779958499
|switch|p1a: SimaSoyYo|Diancie, shiny|100/100
|turn|7
|
|t:|1779958501
|move|p1a: SimaSoyYo|Meteor Beam||[still]
|-prepare|p1a: SimaSoyYo|Meteor Beam
|-boost|p1a: SimaSoyYo|spa|1
|-enditem|p1a: SimaSoyYo|Power Herb
|-anim|p1a: SimaSoyYo|Meteor Beam|p2a: Araquanid
|-supereffective|p2a: Araquanid
|-damage|p2a: Araquanid|0 fnt
|faint|p2a: Araquanid
|
|-fieldend|move: Trick Room
|upkeep
|
|t:|1779958505
|switch|p2a: Great Tusk|Great Tusk|100/100
|turn|8
|
|t:|1779958508
|-terastallize|p1a: SimaSoyYo|Water
|move|p2a: Great Tusk|Headlong Rush|p1a: SimaSoyYo
|-damage|p1a: SimaSoyYo|46/100
|-unboost|p2a: Great Tusk|def|1
|-unboost|p2a: Great Tusk|spd|1
|move|p1a: SimaSoyYo|Trick Room|p1a: SimaSoyYo
|-fieldstart|move: Trick Room|[of] p1a: SimaSoyYo
|
|upkeep
|turn|9
|
|t:|1779958515
|-end|p2a: Great Tusk|Protosynthesis|[silent]
|switch|p2a: Kingambit|Kingambit, M|100/100
|-activate|p2a: Kingambit|ability: Supreme Overlord
|-start|p2a: Kingambit|fallen2|[silent]
|-item|p2a: Kingambit|Air Balloon
|move|p1a: SimaSoyYo|Moonblast|p2a: Kingambit
|-damage|p2a: Kingambit|40/100
|-enditem|p2a: Kingambit|Air Balloon
|
|upkeep
|turn|10
|
|t:|1779958519
|move|p1a: SimaSoyYo|Earth Power|p2a: Kingambit
|-supereffective|p2a: Kingambit
|-damage|p2a: Kingambit|0 fnt
|faint|p2a: Kingambit
|-end|p2a: Kingambit|fallen2|[silent]
|
|upkeep
|
|t:|1779958523
|switch|p2a: Gallade|Gallade, M|100/100
|turn|11
|
|t:|1779958529
|-terastallize|p2a: Gallade|Dark
|move|p1a: SimaSoyYo|Moonblast|p2a: Gallade
|-supereffective|p2a: Gallade
|-damage|p2a: Gallade|0 fnt
|faint|p2a: Gallade
|
|upkeep
|
|t:|1779958533
|switch|p2a: Iron Moth|Iron Moth|100/100
|turn|12
|
|t:|1779958538
|move|p1a: SimaSoyYo|Earth Power|p2a: Iron Moth
|-supereffective|p2a: Iron Moth
|-damage|p2a: Iron Moth|0 fnt
|faint|p2a: Iron Moth
|-end|p2a: Iron Moth|Quark Drive|[silent]
|
|-fieldend|move: Trick Room
|upkeep
|
|t:|1779958541
|switch|p2a: Great Tusk|Great Tusk|100/100
|turn|13
|c|☆YoSoyDelBronx|XD
|
|t:|1779958549
|switch|p1a: Great Tusk|Great Tusk|76/100
|move|p2a: Great Tusk|Close Combat|p1a: Great Tusk
|-damage|p1a: Great Tusk|37/100
|-unboost|p2a: Great Tusk|def|1
|-unboost|p2a: Great Tusk|spd|1
|
|upkeep
|turn|14
|
|t:|1779958556
|-end|p1a: Great Tusk|Protosynthesis|[silent]
|switch|p1a: Moony|Cresselia, F, shiny|100/100
|move|p2a: Great Tusk|Close Combat|p1a: Moony
|-resisted|p1a: Moony
|-damage|p1a: Moony|82/100
|-unboost|p2a: Great Tusk|def|1
|-unboost|p2a: Great Tusk|spd|1
|-damage|p2a: Great Tusk|84/100|[from] item: Rocky Helmet|[of] p1a: Moony
|
|upkeep
|turn|15
|-message|fregene97 forfeited.
|
|win|YoSoyDelBronx
|raw|YoSoyDelBronx's rating: 1314 &rarr; <strong>1336</strong><br />(+22 for winning)
|raw|fregene97's rating: 1343 &rarr; <strong>1321</strong><br />(-22 for losing)
|l|☆fregene97
|player|p2|
|l|☆YoSoyDelBronx
|player|p1|
