|j|☆Jazzuthy
|j|☆Jerelemiah
|t:|1779814737
|gametype|singles
|player|p1|Jazzuthy|veteran-gen4|1202
|player|p2|Jerelemiah|265|1227
|gen|9
|tier|[Gen 9] OU
|rated|
|rule|HP Percentage Mod: HP is shown in percentages
|rule|Endless Battle Clause: Forcing endless battles is banned
|rule|Species Clause: Limit one of each Pokémon
|rule|OHKO Clause: OHKO moves are banned
|rule|Evasion Items Clause: Evasion items are banned
|rule|Evasion Moves Clause: Evasion moves are banned
|rule|Evasion Abilities Clause: Evasion abilities are banned
|rule|Sleep Moves Clause: Sleep-inducing moves are banned
|clearpoke
|poke|p1|Froslass, F|
|poke|p1|Comfey, F|
|poke|p1|Goodra-Hisui, F|
|poke|p1|Salazzle, F|
|poke|p1|Cinccino, F|
|poke|p1|Dondozo, M|
|poke|p2|Iron Treads|
|poke|p2|Gliscor, M|
|poke|p2|Dragonite, M|
|poke|p2|Slowking-Galar, F|
|poke|p2|Samurott-Hisui, F|
|poke|p2|Scizor, M|
|teampreview
|c|☆Jazzuthy|glhf
|
|t:|1779814746
|teamsize|p1|6
|teamsize|p2|6
|start
|switch|p1a: Froslass|Froslass, F|100/100
|switch|p2a: Samurott|Samurott-Hisui, F|100/100
|turn|1
|
|t:|1779814780
|switch|p1a: Comfey|Comfey, F|100/100
|move|p2a: Samurott|Ceaseless Edge|p1a: Comfey
|-resisted|p1a: Comfey
|-damage|p1a: Comfey|72/100
|-sidestart|p1: Jazzuthy|Spikes
|
|upkeep
|turn|2
|
|t:|1779814787
|switch|p2a: Scizor|Scizor, M|100/100
|move|p1a: Comfey|Draining Kiss|p2a: Scizor
|-resisted|p2a: Scizor
|-damage|p2a: Scizor|85/100
|-heal|p1a: Comfey|85/100|[from] drain|[of] p2a: Scizor
|-damage|p1a: Comfey|76/100|[from] item: Life Orb
|
|-heal|p2a: Scizor|91/100|[from] item: Leftovers
|upkeep
|turn|3
|
|t:|1779814800
|switch|p1a: Dondozo|Dondozo, M|100/100
|-damage|p1a: Dondozo|88/100|[from] Spikes
|move|p2a: Scizor|Swords Dance|p2a: Scizor
|-boost|p2a: Scizor|atk|2
|
|-heal|p2a: Scizor|97/100|[from] item: Leftovers
|-heal|p1a: Dondozo|94/100|[from] item: Leftovers
|upkeep
|turn|4
|
|t:|1779814808
|move|p2a: Scizor|Knock Off|p1a: Dondozo
|-damage|p1a: Dondozo|78/100
|-enditem|p1a: Dondozo|Leftovers|[from] move: Knock Off|[of] p2a: Scizor
|move|p1a: Dondozo|Curse|p1a: Dondozo
|-unboost|p1a: Dondozo|spe|1
|-boost|p1a: Dondozo|atk|1
|-boost|p1a: Dondozo|def|1
|
|-heal|p2a: Scizor|100/100|[from] item: Leftovers
|upkeep
|turn|5
|
|t:|1779814819
|move|p2a: Scizor|U-turn|p1a: Dondozo
|-damage|p1a: Dondozo|66/100
|
|t:|1779814824
|switch|p2a: Iron Treads|Iron Treads|100/100|[from] U-turn
|-item|p2a: Iron Treads|Air Balloon
|move|p1a: Dondozo|Waterfall|p2a: Iron Treads
|-supereffective|p2a: Iron Treads
|-damage|p2a: Iron Treads|18/100
|-enditem|p2a: Iron Treads|Air Balloon
|
|upkeep
|turn|6
|
|t:|1779814834
|move|p2a: Iron Treads|Stealth Rock|p1a: Dondozo
|-sidestart|p1: Jazzuthy|move: Stealth Rock
|move|p1a: Dondozo|Waterfall|p2a: Iron Treads
|-supereffective|p2a: Iron Treads
|-damage|p2a: Iron Treads|0 fnt
|faint|p2a: Iron Treads
|-end|p2a: Iron Treads|Quark Drive|[silent]
|
|upkeep
|
|t:|1779814837
|switch|p2a: Slowking|Slowking-Galar, F|100/100
|turn|7
|
|t:|1779814842
|move|p2a: Slowking|Sludge Wave|p1a: Dondozo
|-damage|p1a: Dondozo|26/100
|move|p1a: Dondozo|Waterfall|p2a: Slowking
|-damage|p2a: Slowking|61/100
|
|upkeep
|turn|8
|
|t:|1779814851
|switch|p1a: Goodra|Goodra-Hisui, F|100/100
|-damage|p1a: Goodra|88/100|[from] Spikes
|-damage|p1a: Goodra|82/100|[from] Stealth Rock
|move|p2a: Slowking|Psychic Noise|p1a: Goodra
|-resisted|p1a: Goodra
|-damage|p1a: Goodra|74/100
|-start|p1a: Goodra|move: Heal Block
|
|upkeep
|turn|9
|
|t:|1779814863
|move|p1a: Goodra|Ice Beam|p2a: Slowking
|-damage|p2a: Slowking|39/100
|-prepare|p2a: Slowking|Chilly Reception|[premajor]
|move|p2a: Slowking|Chilly Reception|p2a: Slowking
|-weather|Snowscape
|
|t:|1779814875
|switch|p2a: Gliscor|Gliscor, M|100/100|[from] Chilly Reception
|
|-weather|Snowscape|[upkeep]
|-end|p1a: Goodra|move: Heal Block
|-status|p2a: Gliscor|tox|[from] item: Toxic Orb
|upkeep
|turn|10
|
|t:|1779814883
|-terastallize|p2a: Gliscor|Normal
|-terastallize|p1a: Goodra|Flying
|move|p2a: Gliscor|Swords Dance|p2a: Gliscor
|-boost|p2a: Gliscor|atk|2
|move|p1a: Goodra|Ice Beam|p2a: Gliscor
|-damage|p2a: Gliscor|59/100 tox
|
|-weather|Snowscape|[upkeep]
|-heal|p2a: Gliscor|71/100 tox|[from] ability: Poison Heal
|upkeep
|turn|11
|
|t:|1779814894
|move|p2a: Gliscor|Facade|p1a: Goodra
|-damage|p1a: Goodra|0 fnt
|faint|p1a: Goodra
|
|-weather|Snowscape|[upkeep]
|-heal|p2a: Gliscor|84/100 tox|[from] ability: Poison Heal
|upkeep
|
|t:|1779814907
|switch|p1a: Cinccino|Cinccino, F|100/100
|-damage|p1a: Cinccino|88/100|[from] Spikes
|-damage|p1a: Cinccino|76/100|[from] Stealth Rock
|turn|12
|
|t:|1779814912
|move|p2a: Gliscor|Protect|p2a: Gliscor
|-singleturn|p2a: Gliscor|Protect
|move|p1a: Cinccino|Tidy Up|p1a: Cinccino
|-sideend|p1: Jazzuthy|Spikes
|-sideend|p1: Jazzuthy|Stealth Rock
|-activate|p1a: Cinccino|move: Tidy Up
|-boost|p1a: Cinccino|atk|1
|-boost|p1a: Cinccino|spe|1
|
|-weather|Snowscape|[upkeep]
|-heal|p2a: Gliscor|96/100 tox|[from] ability: Poison Heal
|upkeep
|turn|13
|
|t:|1779814921
|move|p1a: Cinccino|Tail Slap|p2a: Gliscor|[miss]
|-miss|p1a: Cinccino|p2a: Gliscor
|move|p2a: Gliscor|Earthquake|p1a: Cinccino
|-damage|p1a: Cinccino|0 fnt
|faint|p1a: Cinccino
|
|-weather|none
|-heal|p2a: Gliscor|100/100 tox|[from] ability: Poison Heal
|upkeep
|
|t:|1779814929
|switch|p1a: Dondozo|Dondozo, M|26/100
|turn|14
|
|t:|1779814934
|move|p2a: Gliscor|Earthquake|p1a: Dondozo
|-damage|p1a: Dondozo|8/100
|move|p1a: Dondozo|Rest|p1a: Dondozo
|-status|p1a: Dondozo|slp|[from] move: Rest
|-heal|p1a: Dondozo|100/100 slp|[silent]
|
|upkeep
|turn|15
|
|t:|1779814940
|move|p2a: Gliscor|Facade|p1a: Dondozo
|-damage|p1a: Dondozo|77/100 slp
|cant|p1a: Dondozo|slp
|move|p1a: Dondozo|Sleep Talk|p1a: Dondozo
|move|p1a: Dondozo|Rest||[from] move: Sleep Talk|[still]
|-fail|p1a: Dondozo
|
|upkeep
|turn|16
|
|t:|1779814956
|switch|p2a: Slowking|Slowking-Galar, F|72/100
|cant|p1a: Dondozo|slp
|move|p1a: Dondozo|Sleep Talk|p1a: Dondozo
|move|p1a: Dondozo|Rest||[from] move: Sleep Talk|[still]
|-fail|p1a: Dondozo
|
|upkeep
|turn|17
|
|t:|1779814964
|-curestatus|p1a: Dondozo|slp|[msg]
|move|p1a: Dondozo|Waterfall|p2a: Slowking
|-damage|p2a: Slowking|46/100
|move|p2a: Slowking|Psychic Noise|p1a: Dondozo
|-damage|p1a: Dondozo|45/100
|-start|p1a: Dondozo|move: Heal Block
|
|upkeep
|turn|18
|
|t:|1779814973
|move|p1a: Dondozo|Waterfall|p2a: Slowking
|-damage|p2a: Slowking|15/100
|cant|p2a: Slowking|flinch
|
|-end|p1a: Dondozo|move: Heal Block
|upkeep
|turn|19
|
|t:|1779814979
|switch|p2a: Samurott|Samurott-Hisui, F|100/100
|move|p1a: Dondozo|Waterfall|p2a: Samurott
|-resisted|p2a: Samurott
|-damage|p2a: Samurott|84/100
|
|upkeep
|turn|20
|
|t:|1779814985
|move|p2a: Samurott|Ceaseless Edge|p1a: Dondozo
|-damage|p1a: Dondozo|24/100
|-sidestart|p1: Jazzuthy|Spikes
|move|p1a: Dondozo|Rest|p1a: Dondozo
|-status|p1a: Dondozo|slp|[from] move: Rest
|-heal|p1a: Dondozo|100/100 slp|[silent]
|
|upkeep
|turn|21
|
|t:|1779814992
|move|p2a: Samurott|Ceaseless Edge|p1a: Dondozo
|-damage|p1a: Dondozo|78/100 slp
|-sidestart|p1: Jazzuthy|Spikes
|cant|p1a: Dondozo|slp
|move|p1a: Dondozo|Sleep Talk|p1a: Dondozo
|move|p1a: Dondozo|Waterfall|p2a: Samurott|[from] move: Sleep Talk
|-resisted|p2a: Samurott
|-damage|p2a: Samurott|67/100
|
|upkeep
|turn|22
|
|t:|1779815001
|move|p2a: Samurott|Ceaseless Edge|p1a: Dondozo
|-damage|p1a: Dondozo|55/100 slp
|-sidestart|p1: Jazzuthy|Spikes
|cant|p1a: Dondozo|slp
|move|p1a: Dondozo|Sleep Talk|p1a: Dondozo
|move|p1a: Dondozo|Curse|p1a: Dondozo|[from] move: Sleep Talk
|-unboost|p1a: Dondozo|spe|1
|-boost|p1a: Dondozo|atk|1
|-boost|p1a: Dondozo|def|1
|
|upkeep
|turn|23
|
|t:|1779815011
|switch|p2a: Scizor|Scizor, M|100/100
|-curestatus|p1a: Dondozo|slp|[msg]
|move|p1a: Dondozo|Waterfall|p2a: Scizor
|-damage|p2a: Scizor|58/100
|
|-heal|p2a: Scizor|64/100|[from] item: Leftovers
|upkeep
|turn|24
|
|t:|1779815020
|move|p2a: Scizor|U-turn|p1a: Dondozo
|-damage|p1a: Dondozo|43/100
|
|t:|1779815024
|switch|p2a: Dragonite|Dragonite, M|100/100|[from] U-turn
|move|p1a: Dondozo|Waterfall|p2a: Dragonite
|-resisted|p2a: Dragonite
|-damage|p2a: Dragonite|90/100
|
|upkeep
|turn|25
|
|t:|1779815039
|move|p2a: Dragonite|Earthquake|p1a: Dondozo
|-damage|p1a: Dondozo|32/100
|move|p1a: Dondozo|Rest|p1a: Dondozo
|-status|p1a: Dondozo|slp|[from] move: Rest
|-heal|p1a: Dondozo|100/100 slp|[silent]
|
|upkeep
|turn|26
|
|t:|1779815049
|switch|p2a: Slowking|Slowking-Galar, F|49/100
|cant|p1a: Dondozo|slp
|move|p1a: Dondozo|Sleep Talk|p1a: Dondozo
|move|p1a: Dondozo|Curse|p1a: Dondozo|[from] move: Sleep Talk
|-unboost|p1a: Dondozo|spe|1
|-boost|p1a: Dondozo|atk|1
|-boost|p1a: Dondozo|def|1
|
|upkeep
|turn|27
|
|t:|1779815058
|switch|p2a: Samurott|Samurott-Hisui, F|67/100
|cant|p1a: Dondozo|slp
|move|p1a: Dondozo|Sleep Talk|p1a: Dondozo
|move|p1a: Dondozo|Waterfall|p2a: Samurott|[from] move: Sleep Talk
|-resisted|p2a: Samurott
|-crit|p2a: Samurott
|-damage|p2a: Samurott|16/100
|
|upkeep
|turn|28
|
|t:|1779815067
|move|p2a: Samurott|Flip Turn|p1a: Dondozo
|-resisted|p1a: Dondozo
|-damage|p1a: Dondozo|97/100 slp
|
|t:|1779815071
|switch|p2a: Slowking|Slowking-Galar, F|82/100|[from] Flip Turn
|-curestatus|p1a: Dondozo|slp|[msg]
|move|p1a: Dondozo|Waterfall|p2a: Slowking
|-damage|p2a: Slowking|27/100
|
|upkeep
|turn|29
|
|t:|1779815082
|-prepare|p2a: Slowking|Chilly Reception|[premajor]
|move|p2a: Slowking|Chilly Reception|p2a: Slowking
|-weather|Snowscape
|
|t:|1779815086
|switch|p2a: Dragonite|Dragonite, M|90/100|[from] Chilly Reception
|move|p1a: Dondozo|Waterfall|p2a: Dragonite
|-resisted|p2a: Dragonite
|-crit|p2a: Dragonite
|-damage|p2a: Dragonite|41/100
|
|-weather|Snowscape|[upkeep]
|upkeep
|turn|30
|
|t:|1779815095
|move|p2a: Dragonite|Earthquake|p1a: Dondozo
|-damage|p1a: Dondozo|89/100
|move|p1a: Dondozo|Waterfall|p2a: Dragonite
|-resisted|p2a: Dragonite
|-damage|p2a: Dragonite|9/100
|
|-weather|Snowscape|[upkeep]
|upkeep
|turn|31
|
|t:|1779815102
|switch|p2a: Scizor|Scizor, M|64/100
|move|p1a: Dondozo|Waterfall|p2a: Scizor
|-damage|p2a: Scizor|13/100
|
|-weather|Snowscape|[upkeep]
|-heal|p2a: Scizor|19/100|[from] item: Leftovers
|upkeep
|turn|32
|
|t:|1779815109
|move|p2a: Scizor|U-turn|p1a: Dondozo
|-damage|p1a: Dondozo|80/100
|
|t:|1779815112
|switch|p2a: Dragonite|Dragonite, M|9/100|[from] U-turn
|move|p1a: Dondozo|Waterfall|p2a: Dragonite
|-resisted|p2a: Dragonite
|-damage|p2a: Dragonite|0 fnt
|faint|p2a: Dragonite
|
|-weather|Snowscape|[upkeep]
|upkeep
|
|t:|1779815113
|switch|p2a: Slowking|Slowking-Galar, F|60/100
|turn|33
|c|☆Jazzuthy|do u not have special attackers?
|
|t:|1779815121
|move|p2a: Slowking|Psychic Noise|p1a: Dondozo
|-crit|p1a: Dondozo
|-damage|p1a: Dondozo|31/100
|-start|p1a: Dondozo|move: Heal Block
|move|p1a: Dondozo|Waterfall|p2a: Slowking
|-damage|p2a: Slowking|2/100
|
|-weather|none
|upkeep
|turn|34
|
|t:|1779815137
|move|p2a: Slowking|Sludge Wave|p1a: Dondozo
|-damage|p1a: Dondozo|0 fnt
|faint|p1a: Dondozo
|
|upkeep
|
|t:|1779815143
|switch|p1a: Comfey|Comfey, F|76/100
|-damage|p1a: Comfey|51/100|[from] Spikes
|turn|35
|
|t:|1779815150
|switch|p2a: Samurott|Samurott-Hisui, F|16/100
|move|p1a: Comfey|Draining Kiss|p2a: Samurott
|-supereffective|p2a: Samurott
|-damage|p2a: Samurott|0 fnt
|-heal|p1a: Comfey|63/100|[from] drain|[of] p2a: Samurott
|faint|p2a: Samurott
|-damage|p1a: Comfey|53/100|[from] item: Life Orb
|
|upkeep
|
|t:|1779815153
|switch|p2a: Gliscor|Gliscor, M, tera:Normal|100/100 tox
|turn|36
|
|t:|1779815165
|move|p1a: Comfey|Draining Kiss|p2a: Gliscor
|-damage|p2a: Gliscor|68/100 tox
|-heal|p1a: Comfey|80/100|[from] drain|[of] p2a: Gliscor
|-damage|p1a: Comfey|70/100|[from] item: Life Orb
|move|p2a: Gliscor|Facade|p1a: Comfey
|-damage|p1a: Comfey|1/100
|
|-heal|p2a: Gliscor|81/100 tox|[from] ability: Poison Heal
|upkeep
|turn|37
|
|t:|1779815184
|switch|p1a: Froslass|Froslass, F|100/100
|-damage|p1a: Froslass|76/100|[from] Spikes
|move|p2a: Gliscor|Earthquake|p1a: Froslass
|-damage|p1a: Froslass|13/100
|-start|p2a: Gliscor|Disable|Earthquake|[from] ability: Cursed Body|[of] p1a: Froslass
|
|-heal|p2a: Gliscor|93/100 tox|[from] ability: Poison Heal
|upkeep
|turn|38
|
|t:|1779815202
|switch|p2a: Slowking|Slowking-Galar, F|35/100
|move|p1a: Froslass|Poltergeist|p2a: Slowking
|-activate|p2a: Slowking|move: Poltergeist|Heavy-Duty Boots
|-supereffective|p2a: Slowking
|-damage|p2a: Slowking|0 fnt
|faint|p2a: Slowking
|
|upkeep
|
|t:|1779815204
|switch|p2a: Scizor|Scizor, M|19/100
|turn|39
|
|t:|1779815214
|move|p2a: Scizor|Bullet Punch|p1a: Froslass
|-supereffective|p1a: Froslass
|-damage|p1a: Froslass|0 fnt
|faint|p1a: Froslass
|
|-heal|p2a: Scizor|25/100|[from] item: Leftovers
|upkeep
|
|t:|1779815221
|switch|p1a: Salazzle|Salazzle, F|100/100
|-damage|p1a: Salazzle|76/100|[from] Spikes
|turn|40
|
|t:|1779815226
|move|p1a: Salazzle|Toxic|p2a: Scizor
|-status|p2a: Scizor|tox
|move|p2a: Scizor|Knock Off|p1a: Salazzle
|-damage|p1a: Salazzle|24/100
|-enditem|p1a: Salazzle|Leftovers|[from] move: Knock Off|[of] p2a: Scizor
|
|-heal|p2a: Scizor|32/100 tox|[from] item: Leftovers
|-damage|p2a: Scizor|25/100 tox|[from] psn
|upkeep
|turn|41
|
|t:|1779815236
|move|p1a: Salazzle|Disable|p2a: Scizor
|-start|p2a: Scizor|Disable|Knock Off
|move|p2a: Scizor|U-turn|p1a: Salazzle
|-resisted|p1a: Salazzle
|-damage|p1a: Salazzle|8/100
|
|t:|1779815239
|switch|p2a: Gliscor|Gliscor, M, tera:Normal|93/100 tox|[from] U-turn
|
|-heal|p2a: Gliscor|100/100 tox|[from] ability: Poison Heal
|upkeep
|turn|42
|
|t:|1779815252
|move|p1a: Salazzle|Encore||[still]
|-fail|p1a: Salazzle
|move|p2a: Gliscor|Earthquake|p1a: Salazzle
|-supereffective|p1a: Salazzle
|-damage|p1a: Salazzle|0 fnt
|faint|p1a: Salazzle
|
|upkeep
|
|t:|1779815258
|switch|p1a: Comfey|Comfey, F|1/100
|-damage|p1a: Comfey|0 fnt|[from] Spikes
|faint|p1a: Comfey
|
|win|Jerelemiah
|raw|Jazzuthy's rating: 1202 &rarr; <strong>1179</strong><br />(-23 for losing)
|raw|Jerelemiah's rating: 1227 &rarr; <strong>1250</strong><br />(+23 for winning)
|l|☆Jazzuthy
|player|p1|
|l|☆Jerelemiah
|player|p2|
