|j|‽indoubtwaterspout
|j|☆chrisfeb1992
|t:|1779905322
|gametype|singles
|player|p1|indoubtwaterspout|266|1468
|player|p2|chrisfeb1992|266|1467
|gen|9
|tier|[Gen 9] OU
|rated|
|rule|HP Percentage Mod: HP is shown in percentages
|rule|Endless Battle Clause: Forcing endless battles is banned
|rule|Species Clause: Limit one of each Pokémon
|rule|OHKO Clause: OHKO moves are banned
|rule|Evasion Items Clause: Evasion items are banned
|rule|Evasion Moves Clause: Evasion moves are banned
|rule|Evasion Abilities Clause: Evasion abilities are banned
|rule|Sleep Moves Clause: Sleep-inducing moves are banned
|clearpoke
|poke|p1|Zamazenta-*|
|poke|p1|Dragapult, F|
|poke|p1|Pecharunt|
|poke|p1|Ogerpon-Wellspring, F|
|poke|p1|Iron Treads|
|poke|p1|Kingambit, F|
|poke|p2|Ceruledge, M|
|poke|p2|Ribombee, M|
|poke|p2|Ursaluna, M|
|poke|p2|Darkrai|
|poke|p2|Iron Treads|
|poke|p2|Regieleki|
|teampreview
|inactive|Battle timer is ON: inactive players will automatically lose when time's up. (requested by indoubtwaterspout)
|
|t:|1779905339
|teamsize|p1|6
|teamsize|p2|6
|start
|switch|p1a: Pecharunt|Pecharunt|100/100
|switch|p2a: Ribombee|Ribombee, M|100/100
|turn|1
|
|t:|1779905345
|move|p2a: Ribombee|Sticky Web|p1a: Pecharunt
|-sidestart|p1: indoubtwaterspout|move: Sticky Web
|move|p1a: Pecharunt|Malignant Chain|p2a: Ribombee
|-supereffective|p2a: Ribombee
|-enditem|p2a: Ribombee|Focus Sash
|-damage|p2a: Ribombee|1/100
|
|upkeep
|turn|2
|
|t:|1779905352
|move|p2a: Ribombee|U-turn|p1a: Pecharunt
|-resisted|p1a: Pecharunt
|-damage|p1a: Pecharunt|99/100
|
|t:|1779905355
|switch|p2a: Ursaluna|Ursaluna, M|100/100|[from] U-turn
|move|p1a: Pecharunt|Shadow Ball|p2a: Ursaluna
|-immune|p2a: Ursaluna
|
|-heal|p1a: Pecharunt|100/100|[from] item: Leftovers
|-status|p2a: Ursaluna|brn|[from] item: Flame Orb
|upkeep
|turn|3
|
|t:|1779905376
|move|p1a: Pecharunt|Malignant Chain|p2a: Ursaluna
|-resisted|p2a: Ursaluna
|-damage|p2a: Ursaluna|84/100 brn
|move|p2a: Ursaluna|Trailblaze|p1a: Pecharunt
|-resisted|p1a: Pecharunt
|-damage|p1a: Pecharunt|93/100
|-boost|p2a: Ursaluna|spe|1
|
|-heal|p1a: Pecharunt|99/100|[from] item: Leftovers
|-damage|p2a: Ursaluna|77/100 brn|[from] brn
|upkeep
|turn|4
|inactive|indoubtwaterspout has 120 seconds left.
|
|t:|1779905396
|switch|p1a: Zamazenta|Zamazenta|100/100
|-activate|p1a: Zamazenta|move: Sticky Web
|-unboost|p1a: Zamazenta|spe|1
|-ability|p1a: Zamazenta|Dauntless Shield|boost
|-boost|p1a: Zamazenta|def|1
|move|p2a: Ursaluna|Swords Dance|p2a: Ursaluna
|-boost|p2a: Ursaluna|atk|2
|
|-damage|p2a: Ursaluna|71/100 brn|[from] brn
|upkeep
|turn|5
|
|t:|1779905408
|move|p2a: Ursaluna|Facade|p1a: Zamazenta
|-damage|p1a: Zamazenta|0 fnt
|faint|p1a: Zamazenta
|
|-damage|p2a: Ursaluna|65/100 brn|[from] brn
|upkeep
|
|t:|1779905422
|switch|p1a: Dragapult|Dragapult, F|100/100
|-activate|p1a: Dragapult|move: Sticky Web
|-fail|p1a: Dragapult|unboost|[from] ability: Clear Body|[of] p1a: Dragapult
|turn|6
|
|t:|1779905427
|move|p1a: Dragapult|Substitute|p1a: Dragapult
|-start|p1a: Dragapult|Substitute
|-damage|p1a: Dragapult|76/100
|move|p2a: Ursaluna|Earthquake|p1a: Dragapult
|-end|p1a: Dragapult|Substitute
|
|-heal|p1a: Dragapult|82/100|[from] item: Leftovers
|-damage|p2a: Ursaluna|59/100 brn|[from] brn
|upkeep
|turn|7
|
|t:|1779905439
|move|p1a: Dragapult|Substitute|p1a: Dragapult
|-start|p1a: Dragapult|Substitute
|-damage|p1a: Dragapult|57/100
|move|p2a: Ursaluna|Trailblaze|p1a: Dragapult
|-resisted|p1a: Dragapult
|-end|p1a: Dragapult|Substitute
|-boost|p2a: Ursaluna|spe|1
|
|-heal|p1a: Dragapult|63/100|[from] item: Leftovers
|-damage|p2a: Ursaluna|52/100 brn|[from] brn
|upkeep
|turn|8
|
|t:|1779905453
|move|p2a: Ursaluna|Earthquake|p1a: Dragapult
|-damage|p1a: Dragapult|0 fnt
|faint|p1a: Dragapult
|
|-damage|p2a: Ursaluna|46/100 brn|[from] brn
|upkeep
|
|t:|1779905464
|switch|p1a: Iron Treads|Iron Treads|100/100
|-activate|p1a: Iron Treads|move: Sticky Web
|-unboost|p1a: Iron Treads|spe|1
|-enditem|p1a: Iron Treads|Booster Energy
|-activate|p1a: Iron Treads|ability: Quark Drive|[fromitem]
|-start|p1a: Iron Treads|quarkdriveatk
|turn|9
|
|t:|1779905472
|-terastallize|p2a: Ursaluna|Ghost
|-terastallize|p1a: Iron Treads|Ghost
|move|p2a: Ursaluna|Earthquake|p1a: Iron Treads
|-damage|p1a: Iron Treads|0 fnt
|faint|p1a: Iron Treads
|-end|p1a: Iron Treads|Quark Drive|[silent]
|
|-damage|p2a: Ursaluna|40/100 brn|[from] brn
|upkeep
|-message|indoubtwaterspout forfeited.
|
|win|chrisfeb1992
|raw|indoubtwaterspout's rating: 1468 &rarr; <strong>1448</strong><br />(-20 for losing)
|raw|chrisfeb1992's rating: 1467 &rarr; <strong>1487</strong><br />(+20 for winning)
|l|‽indoubtwaterspout
|player|p1|
