|j|☆psygoat12
|j|☆aria4games
|t:|1779847334
|gametype|singles
|player|p1|psygoat12|chuck|1355
|player|p2|aria4games|baker|1416
|gen|9
|tier|[Gen 9] OU
|rated|
|rule|HP Percentage Mod: HP is shown in percentages
|rule|Endless Battle Clause: Forcing endless battles is banned
|rule|Species Clause: Limit one of each Pokémon
|rule|OHKO Clause: OHKO moves are banned
|rule|Evasion Items Clause: Evasion items are banned
|rule|Evasion Moves Clause: Evasion moves are banned
|rule|Evasion Abilities Clause: Evasion abilities are banned
|rule|Sleep Moves Clause: Sleep-inducing moves are banned
|clearpoke
|poke|p1|Pelipper, M|
|poke|p1|Iron Treads|
|poke|p1|Zapdos|
|poke|p1|Kingdra, F|
|poke|p1|Kingambit, M|
|poke|p1|Hariyama, M|
|poke|p2|Cinderace, M|
|poke|p2|Reuniclus, F|
|poke|p2|Kyurem|
|poke|p2|Raging Bolt|
|poke|p2|Darkrai|
|poke|p2|Keldeo-Resolute|
|teampreview
|
|t:|1779847344
|teamsize|p1|6
|teamsize|p2|6
|start
|switch|p1a: Hariyama|Hariyama, M|100/100
|switch|p2a: super mario|Kyurem, shiny|100/100
|-ability|p2a: super mario|Pressure
|turn|1
|
|t:|1779847348
|switch|p2a: NU's finest|Reuniclus, F, shiny|100/100
|move|p1a: Hariyama|Drain Punch|p2a: NU's finest
|-resisted|p2a: NU's finest
|-damage|p2a: NU's finest|88/100
|-damage|p1a: Hariyama|84/100|[from] item: Rocky Helmet|[of] p2a: NU's finest
|
|upkeep
|turn|2
|
|t:|1779847354
|move|p1a: Hariyama|Knock Off|p2a: NU's finest
|-supereffective|p2a: NU's finest
|-damage|p2a: NU's finest|50/100
|-damage|p1a: Hariyama|68/100|[from] item: Rocky Helmet|[of] p2a: NU's finest
|-enditem|p2a: NU's finest|Rocky Helmet|[from] move: Knock Off|[of] p1a: Hariyama
|move|p2a: NU's finest|Thunder Wave|p1a: Hariyama|[miss]
|-miss|p2a: NU's finest|p1a: Hariyama
|
|upkeep
|turn|3
|
|t:|1779847361
|switch|p1a: Zapdos|Zapdos|100/100
|move|p2a: NU's finest|Recover|p2a: NU's finest
|-heal|p2a: NU's finest|99/100
|
|upkeep
|turn|4
|
|t:|1779847368
|move|p1a: Zapdos|Thunder|p2a: NU's finest
|-damage|p2a: NU's finest|25/100
|move|p2a: NU's finest|Future Sight|p1a: Zapdos
|-start|p2a: NU's finest|move: Future Sight
|
|upkeep
|turn|5
|
|t:|1779847374
|switch|p2a: raging goat|Raging Bolt|100/100
|-enditem|p2a: raging goat|Booster Energy
|-activate|p2a: raging goat|ability: Protosynthesis|[fromitem]
|-start|p2a: raging goat|protosynthesisspa
|move|p1a: Zapdos|Thunder|p2a: raging goat
|-resisted|p2a: raging goat
|-crit|p2a: raging goat
|-damage|p2a: raging goat|74/100
|
|upkeep
|turn|6
|
|t:|1779847382
|switch|p1a: Hariyama|Hariyama, M|68/100
|move|p2a: raging goat|Calm Mind|p2a: raging goat
|-boost|p2a: raging goat|spa|1
|-boost|p2a: raging goat|spd|1
|
|-end|p1a: Hariyama|move: Future Sight
|-supereffective|p1a: Hariyama
|-damage|p1a: Hariyama|17/100
|upkeep
|turn|7
|
|t:|1779847393
|move|p2a: raging goat|Dragon Pulse|p1a: Hariyama
|-damage|p1a: Hariyama|0 fnt
|faint|p1a: Hariyama
|
|upkeep
|
|t:|1779847402
|switch|p1a: Iron Treads|Iron Treads|100/100
|-enditem|p1a: Iron Treads|Booster Energy
|-activate|p1a: Iron Treads|ability: Quark Drive|[fromitem]
|-start|p1a: Iron Treads|quarkdrivespe
|turn|8
|
|t:|1779847405
|move|p1a: Iron Treads|Earthquake|p2a: raging goat
|-supereffective|p2a: raging goat
|-damage|p2a: raging goat|12/100
|move|p2a: raging goat|Dragon Pulse|p1a: Iron Treads
|-resisted|p1a: Iron Treads
|-damage|p1a: Iron Treads|52/100
|
|upkeep
|turn|9
|
|t:|1779847410
|move|p1a: Iron Treads|Earthquake|p2a: raging goat
|-supereffective|p2a: raging goat
|-damage|p2a: raging goat|0 fnt
|faint|p2a: raging goat
|-end|p2a: raging goat|Protosynthesis|[silent]
|
|upkeep
|
|t:|1779847419
|switch|p2a: NU's finest|Reuniclus, F, shiny|25/100
|turn|10
|
|t:|1779847423
|move|p1a: Iron Treads|Earthquake|p2a: NU's finest
|-damage|p2a: NU's finest|0 fnt
|faint|p2a: NU's finest
|
|upkeep
|
|t:|1779847427
|switch|p2a: lil trooper|Keldeo-Resolute|100/100
|turn|11
|
|t:|1779847435
|move|p2a: lil trooper|Flip Turn|p1a: Iron Treads
|-supereffective|p1a: Iron Treads
|-damage|p1a: Iron Treads|32/100
|
|t:|1779847442
|switch|p2a: super mario|Kyurem, shiny|100/100|[from] Flip Turn
|-ability|p2a: super mario|Pressure
|move|p1a: Iron Treads|Stealth Rock|p2a: super mario
|-sidestart|p2: aria4games|move: Stealth Rock
|
|upkeep
|turn|12
|
|t:|1779847450
|move|p1a: Iron Treads|Earthquake|p2a: super mario
|-damage|p2a: super mario|68/100
|move|p2a: super mario|Earth Power|p1a: Iron Treads
|-supereffective|p1a: Iron Treads
|-damage|p1a: Iron Treads|0 fnt
|faint|p1a: Iron Treads
|-end|p1a: Iron Treads|Quark Drive|[silent]
|
|upkeep
|
|t:|1779847460
|switch|p1a: Pelipper|Pelipper, M|100/100
|-weather|RainDance|[from] ability: Drizzle|[of] p1a: Pelipper
|turn|13
|
|t:|1779847477
|move|p2a: super mario|Freeze-Dry|p1a: Pelipper
|-supereffective|p1a: Pelipper
|-damage|p1a: Pelipper|0 fnt
|faint|p1a: Pelipper
|
|-weather|RainDance|[upkeep]
|upkeep
|
|t:|1779847479
|switch|p1a: Kingdra|Kingdra, F|100/100
|turn|14
|
|t:|1779847486
|-terastallize|p2a: super mario|Ground
|move|p1a: Kingdra|Draco Meteor|p2a: super mario
|-damage|p2a: super mario|31/100
|-unboost|p1a: Kingdra|spa|2
|move|p2a: super mario|Freeze-Dry|p1a: Kingdra
|-supereffective|p1a: Kingdra
|-damage|p1a: Kingdra|0 fnt
|faint|p1a: Kingdra
|
|-weather|RainDance|[upkeep]
|upkeep
|
|t:|1779847491
|switch|p1a: Zapdos|Zapdos|100/100
|turn|15
|
|t:|1779847499
|move|p1a: Zapdos|Weather Ball|p2a: super mario
|-supereffective|p2a: super mario
|-damage|p2a: super mario|0 fnt
|faint|p2a: super mario
|
|-weather|RainDance|[upkeep]
|upkeep
|
|t:|1779847513
|switch|p2a: freddie gibbs|Darkrai|100/100
|-damage|p2a: freddie gibbs|88/100|[from] Stealth Rock
|turn|16
|
|t:|1779847516
|move|p2a: freddie gibbs|Ice Beam|p1a: Zapdos
|-supereffective|p1a: Zapdos
|-damage|p1a: Zapdos|0 fnt
|faint|p1a: Zapdos
|
|-weather|RainDance|[upkeep]
|upkeep
|
|t:|1779847529
|switch|p1a: Kingambit|Kingambit, M|100/100
|-activate|p1a: Kingambit|ability: Supreme Overlord
|-start|p1a: Kingambit|fallen5|[silent]
|turn|17
|
|t:|1779847541
|switch|p2a: '06 wayne rooney|Cinderace, M|100/100
|-terastallize|p1a: Kingambit|Dark
|move|p1a: Kingambit|Swords Dance|p1a: Kingambit
|-boost|p1a: Kingambit|atk|2
|
|-weather|RainDance|[upkeep]
|upkeep
|turn|18
|
|t:|1779847547
|move|p2a: '06 wayne rooney|Pyro Ball|p1a: Kingambit
|-damage|p1a: Kingambit|77/100
|move|p1a: Kingambit|Swords Dance|p1a: Kingambit
|-boost|p1a: Kingambit|atk|2
|
|-weather|RainDance|[upkeep]
|-heal|p1a: Kingambit|83/100|[from] item: Leftovers
|upkeep
|turn|19
|
|t:|1779847551
|move|p1a: Kingambit|Sucker Punch|p2a: '06 wayne rooney
|-damage|p2a: '06 wayne rooney|0 fnt
|faint|p2a: '06 wayne rooney
|
|-weather|RainDance|[upkeep]
|-heal|p1a: Kingambit|89/100|[from] item: Leftovers
|upkeep
|
|t:|1779847554
|switch|p2a: lil trooper|Keldeo-Resolute|100/100
|-damage|p2a: lil trooper|94/100|[from] Stealth Rock
|turn|20
|
|t:|1779847558
|move|p1a: Kingambit|Sucker Punch|p2a: lil trooper
|-resisted|p2a: lil trooper
|-damage|p2a: lil trooper|0 fnt
|faint|p2a: lil trooper
|
|-weather|none
|-heal|p1a: Kingambit|96/100|[from] item: Leftovers
|upkeep
|
|t:|1779847560
|switch|p2a: freddie gibbs|Darkrai|88/100
|-damage|p2a: freddie gibbs|76/100|[from] Stealth Rock
|turn|21
|
|t:|1779847563
|move|p1a: Kingambit|Sucker Punch|p2a: freddie gibbs
|-resisted|p2a: freddie gibbs
|-damage|p2a: freddie gibbs|0 fnt
|faint|p2a: freddie gibbs
|
|win|psygoat12
|raw|psygoat12's rating: 1355 &rarr; <strong>1378</strong><br />(+23 for winning)
|raw|aria4games's rating: 1416 &rarr; <strong>1393</strong><br />(-23 for losing)
|l|☆aria4games
|player|p2|
|l|☆psygoat12
|player|p1|
