|j|☆Surging Strokes 2
|j|☆indoubtwaterspout
|t:|1779891153
|gametype|singles
|player|p1|Surging Strokes 2|ballguy|1436
|player|p2|indoubtwaterspout|266|1466
|gen|9
|tier|[Gen 9] OU
|rated|
|rule|HP Percentage Mod: HP is shown in percentages
|rule|Endless Battle Clause: Forcing endless battles is banned
|rule|Species Clause: Limit one of each Pokémon
|rule|OHKO Clause: OHKO moves are banned
|rule|Evasion Items Clause: Evasion items are banned
|rule|Evasion Moves Clause: Evasion moves are banned
|rule|Evasion Abilities Clause: Evasion abilities are banned
|rule|Sleep Moves Clause: Sleep-inducing moves are banned
|clearpoke
|poke|p1|Veluza, F|
|poke|p1|Araquanid, M|
|poke|p1|Great Tusk|
|poke|p1|Ceruledge, M|
|poke|p1|Gholdengo|
|poke|p1|Kommo-o, F|
|poke|p2|Pecharunt|
|poke|p2|Great Tusk|
|poke|p2|Kingambit, M|
|poke|p2|Ogerpon-Wellspring, F|
|poke|p2|Raging Bolt|
|poke|p2|Enamorus, F|
|teampreview
|inactive|Battle timer is ON: inactive players will automatically lose when time's up. (requested by indoubtwaterspout)
|
|t:|1779891171
|teamsize|p1|6
|teamsize|p2|6
|start
|switch|p1a: Araquanid|Araquanid, M, shiny|100/100
|switch|p2a: Enamorus|Enamorus, F, shiny|100/100
|turn|1
|
|t:|1779891176
|move|p2a: Enamorus|Moonblast|p1a: Araquanid
|-damage|p1a: Araquanid|67/100
|move|p1a: Araquanid|Sticky Web|p2a: Enamorus
|-sidestart|p2: indoubtwaterspout|move: Sticky Web
|
|upkeep
|turn|2
|
|t:|1779891180
|switch|p2a: Ogerpon|Ogerpon-Wellspring, F|100/100
|-activate|p2a: Ogerpon|move: Sticky Web
|-unboost|p2a: Ogerpon|spe|1
|move|p1a: Araquanid|Surf|p2a: Ogerpon
|-immune|p2a: Ogerpon|[from] ability: Water Absorb
|
|upkeep
|turn|3
|
|t:|1779891185
|switch|p1a: Gholdengo|Gholdengo|100/100
|-item|p1a: Gholdengo|Air Balloon
|move|p2a: Ogerpon|Power Whip|p1a: Gholdengo|[miss]
|-miss|p2a: Ogerpon|p1a: Gholdengo
|
|upkeep
|turn|4
|
|t:|1779891191
|move|p1a: Gholdengo|Nasty Plot|p1a: Gholdengo
|-boost|p1a: Gholdengo|spa|2
|move|p2a: Ogerpon|Knock Off|p1a: Gholdengo
|-supereffective|p1a: Gholdengo
|-damage|p1a: Gholdengo|17/100
|-enditem|p1a: Gholdengo|Air Balloon
|
|upkeep
|turn|5
|
|t:|1779891200
|switch|p2a: Pecharunt|Pecharunt|100/100
|move|p1a: Gholdengo|Shadow Ball|p2a: Pecharunt
|-supereffective|p2a: Pecharunt
|-damage|p2a: Pecharunt|0 fnt
|faint|p2a: Pecharunt
|
|upkeep
|
|t:|1779891202
|switch|p2a: Enamorus|Enamorus, F, shiny|100/100
|turn|6
|
|t:|1779891228
|move|p2a: Enamorus|Moonblast|p1a: Gholdengo
|-resisted|p1a: Gholdengo
|-damage|p1a: Gholdengo|0 fnt
|faint|p1a: Gholdengo
|
|upkeep
|
|t:|1779891238
|switch|p1a: Ceruledge|Ceruledge, M|100/100
|turn|7
|
|t:|1779891249
|switch|p2a: Great Tusk|Great Tusk, shiny|100/100
|-activate|p2a: Great Tusk|move: Sticky Web
|-unboost|p2a: Great Tusk|spe|1
|move|p1a: Ceruledge|Swords Dance|p1a: Ceruledge
|-boost|p1a: Ceruledge|atk|2
|
|upkeep
|turn|8
|
|t:|1779891254
|-terastallize|p1a: Ceruledge|Grass
|move|p1a: Ceruledge|Bitter Blade|p2a: Great Tusk
|-damage|p2a: Great Tusk|33/100
|-damage|p1a: Ceruledge|84/100|[from] item: Rocky Helmet|[of] p2a: Great Tusk
|move|p2a: Great Tusk|Headlong Rush|p1a: Ceruledge
|-resisted|p1a: Ceruledge
|-damage|p1a: Ceruledge|37/100
|-unboost|p2a: Great Tusk|def|1
|-unboost|p2a: Great Tusk|spd|1
|
|upkeep
|turn|9
|
|t:|1779891265
|move|p1a: Ceruledge|Bitter Blade|p2a: Great Tusk
|-damage|p2a: Great Tusk|0 fnt
|-heal|p1a: Ceruledge|58/100|[from] drain|[of] p2a: Great Tusk
|-damage|p1a: Ceruledge|41/100|[from] item: Rocky Helmet|[of] p2a: Great Tusk
|faint|p2a: Great Tusk
|-end|p2a: Great Tusk|Protosynthesis|[silent]
|
|upkeep
|
|t:|1779891270
|switch|p2a: Enamorus|Enamorus, F, shiny|100/100
|turn|10
|
|t:|1779891279
|move|p2a: Enamorus|Moonblast|p1a: Ceruledge
|-damage|p1a: Ceruledge|0 fnt
|faint|p1a: Ceruledge
|
|upkeep
|
|t:|1779891284
|switch|p1a: Kommo-o|Kommo-o, F|100/100
|turn|11
|
|t:|1779891289
|move|p2a: Enamorus|Moonblast|p1a: Kommo-o
|-supereffective|p1a: Kommo-o
|-damage|p1a: Kommo-o|0 fnt
|faint|p1a: Kommo-o
|
|upkeep
|
|t:|1779891292
|switch|p1a: Bruxish but Bad|Veluza, F|100/100
|turn|12
|
|t:|1779891297
|switch|p2a: Raging Bolt|Raging Bolt|100/100
|-activate|p2a: Raging Bolt|move: Sticky Web
|-unboost|p2a: Raging Bolt|spe|1
|move|p1a: Bruxish but Bad|Psycho Cut|p2a: Raging Bolt
|-crit|p2a: Raging Bolt
|-damage|p2a: Raging Bolt|33/100
|
|-heal|p2a: Raging Bolt|39/100|[from] item: Leftovers
|upkeep
|turn|13
|
|t:|1779891300
|switch|p1a: Babban Buhu|Great Tusk|100/100
|-enditem|p1a: Babban Buhu|Booster Energy
|-activate|p1a: Babban Buhu|ability: Protosynthesis|[fromitem]
|-start|p1a: Babban Buhu|protosynthesisspe
|move|p2a: Raging Bolt|Protect||[still]
|-fail|p2a: Raging Bolt
|
|-heal|p2a: Raging Bolt|45/100|[from] item: Leftovers
|upkeep
|turn|14
|
|t:|1779891309
|move|p1a: Babban Buhu|Ice Spinner|p2a: Raging Bolt
|-supereffective|p2a: Raging Bolt
|-damage|p2a: Raging Bolt|6/100
|move|p2a: Raging Bolt|Dragon Pulse|p1a: Babban Buhu
|-damage|p1a: Babban Buhu|37/100
|
|-heal|p2a: Raging Bolt|12/100|[from] item: Leftovers
|upkeep
|turn|15
|
|t:|1779891312
|move|p1a: Babban Buhu|Ice Spinner|p2a: Raging Bolt
|-supereffective|p2a: Raging Bolt
|-damage|p2a: Raging Bolt|0 fnt
|faint|p2a: Raging Bolt
|-end|p2a: Raging Bolt|Protosynthesis|[silent]
|
|upkeep
|
|t:|1779891314
|switch|p2a: Enamorus|Enamorus, F, shiny|100/100
|turn|16
|
|t:|1779891316
|move|p2a: Enamorus|Moonblast|p1a: Babban Buhu
|-supereffective|p1a: Babban Buhu
|-damage|p1a: Babban Buhu|0 fnt
|faint|p1a: Babban Buhu
|-end|p1a: Babban Buhu|Protosynthesis|[silent]
|
|upkeep
|
|t:|1779891321
|switch|p1a: Araquanid|Araquanid, M, shiny|67/100
|turn|17
|
|t:|1779891323
|switch|p2a: Kingambit|Kingambit, M, shiny|100/100
|-activate|p2a: Kingambit|move: Sticky Web
|-unboost|p2a: Kingambit|spe|1
|-activate|p2a: Kingambit|ability: Supreme Overlord
|-start|p2a: Kingambit|fallen3|[silent]
|move|p1a: Araquanid|Surf|p2a: Kingambit
|-damage|p2a: Kingambit|64/100
|
|-heal|p2a: Kingambit|70/100|[from] item: Leftovers
|upkeep
|turn|18
|
|t:|1779891327
|move|p1a: Araquanid|Surf|p2a: Kingambit
|-damage|p2a: Kingambit|34/100
|move|p2a: Kingambit|Kowtow Cleave|p1a: Araquanid
|-damage|p1a: Araquanid|0 fnt
|faint|p1a: Araquanid
|
|-heal|p2a: Kingambit|41/100|[from] item: Leftovers
|upkeep
|
|t:|1779891329
|switch|p1a: Bruxish but Bad|Veluza, F|100/100
|turn|19
|
|t:|1779891331
|move|p1a: Bruxish but Bad|Aqua Cutter|p2a: Kingambit
|-damage|p2a: Kingambit|7/100
|move|p2a: Kingambit|Kowtow Cleave|p1a: Bruxish but Bad
|-supereffective|p1a: Bruxish but Bad
|-damage|p1a: Bruxish but Bad|0 fnt
|faint|p1a: Bruxish but Bad
|
|win|indoubtwaterspout
|raw|Surging Strokes 2's rating: 1436 &rarr; <strong>1418</strong><br />(-18 for losing)
|raw|indoubtwaterspout's rating: 1466 &rarr; <strong>1484</strong><br />(+18 for winning)
|l|☆Surging Strokes 2
|player|p1|
|l|☆indoubtwaterspout
|player|p2|
