|j|☆Nonchalant_Chef
|j|☆nadzim
|t:|1779923356
|gametype|singles
|player|p1|Nonchalant_Chef|waiter-gen4dp|1119
|player|p2|nadzim|ethan|1111
|gen|9
|tier|[Gen 9] OU
|rated|
|rule|HP Percentage Mod: HP is shown in percentages
|rule|Endless Battle Clause: Forcing endless battles is banned
|rule|Species Clause: Limit one of each Pokémon
|rule|OHKO Clause: OHKO moves are banned
|rule|Evasion Items Clause: Evasion items are banned
|rule|Evasion Moves Clause: Evasion moves are banned
|rule|Evasion Abilities Clause: Evasion abilities are banned
|rule|Sleep Moves Clause: Sleep-inducing moves are banned
|clearpoke
|poke|p1|Scovillain, M|
|poke|p1|Illumise, F|
|poke|p1|Chandelure, M|
|poke|p1|Orthworm, M|
|poke|p1|Lapras, M|
|poke|p1|Persian-Alola, F|
|poke|p2|Umbreon, M|
|poke|p2|Dragonite, M|
|poke|p2|Corviknight, M|
|poke|p2|Skeledirge, F|
|poke|p2|Quaquaval, F|
|poke|p2|Tinkaton, F|
|teampreview
|inactive|Battle timer is ON: inactive players will automatically lose when time's up. (requested by Nonchalant_Chef)
|
|t:|1779923364
|teamsize|p1|6
|teamsize|p2|6
|start
|switch|p1a: Perusian|Persian-Alola, F|100/100
|switch|p2a: Tinkaton|Tinkaton, F|100/100
|-item|p2a: Tinkaton|Air Balloon
|turn|1
|
|t:|1779923374
|move|p1a: Perusian|Parting Shot|p2a: Tinkaton
|-unboost|p2a: Tinkaton|atk|1
|-unboost|p2a: Tinkaton|spa|1
|
|t:|1779923377
|switch|p1a: Lumian|Illumise, F|100/100|[from] Parting Shot
|move|p2a: Tinkaton|Stealth Rock|p1a: Lumian
|-sidestart|p1: Nonchalant_Chef|move: Stealth Rock
|
|upkeep
|turn|2
|
|t:|1779923387
|move|p1a: Lumian|Encore|p2a: Tinkaton
|-start|p2a: Tinkaton|Encore
|move|p2a: Tinkaton|Stealth Rock||[still]
|-fail|p2a: Tinkaton
|
|upkeep
|turn|3
|
|t:|1779923396
|switch|p2a: Corviknight|Corviknight, M|100/100
|-ability|p2a: Corviknight|Pressure
|move|p1a: Lumian|Sunny Day|p1a: Lumian
|-weather|SunnyDay
|
|-weather|SunnyDay|[upkeep]
|upkeep
|turn|4
|
|t:|1779923406
|switch|p1a: Ella|Chandelure, M|100/100
|-damage|p1a: Ella|76/100|[from] Stealth Rock
|move|p2a: Corviknight|Brave Bird|p1a: Ella
|-crit|p1a: Ella
|-damage|p1a: Ella|0 fnt
|faint|p1a: Ella
|-damage|p2a: Corviknight|84/100|[from] Recoil
|
|-weather|SunnyDay|[upkeep]
|upkeep
|
|t:|1779923408
|switch|p1a: Hab N' Ero|Scovillain, M, shiny|100/100
|-damage|p1a: Hab N' Ero|76/100|[from] Stealth Rock
|turn|5
|
|t:|1779923434
|move|p1a: Hab N' Ero|Flamethrower|p2a: Corviknight
|-supereffective|p2a: Corviknight
|-damage|p2a: Corviknight|0 fnt
|faint|p2a: Corviknight
|-damage|p1a: Hab N' Ero|66/100|[from] item: Life Orb
|
|-weather|SunnyDay|[upkeep]
|upkeep
|inactive|nadzim has 120 seconds left.
|
|t:|1779923450
|switch|p2a: Skeledirge|Skeledirge, F|100/100
|turn|6
|inactive|nadzim has 120 seconds left.
|
|t:|1779923462
|move|p1a: Hab N' Ero|Flamethrower|p2a: Skeledirge
|-resisted|p2a: Skeledirge
|-damage|p2a: Skeledirge|70/100
|-damage|p1a: Hab N' Ero|56/100|[from] item: Life Orb
|move|p2a: Skeledirge|Torch Song|p1a: Hab N' Ero
|-damage|p1a: Hab N' Ero|0 fnt
|-boost|p2a: Skeledirge|spa|1
|faint|p1a: Hab N' Ero
|
|-weather|SunnyDay|[upkeep]
|upkeep
|
|t:|1779923469
|switch|p1a: Nessy|Lapras, M|100/100
|-damage|p1a: Nessy|76/100|[from] Stealth Rock
|turn|7
|
|t:|1779923481
|-terastallize|p1a: Nessy|Water
|move|p1a: Nessy|Dragon Dance|p1a: Nessy
|-boost|p1a: Nessy|atk|1
|-boost|p1a: Nessy|spe|1
|move|p2a: Skeledirge|Torch Song|p1a: Nessy
|-resisted|p1a: Nessy
|-damage|p1a: Nessy|46/100
|-boost|p2a: Skeledirge|spa|1
|
|-weather|SunnyDay|[upkeep]
|upkeep
|turn|8
|
|t:|1779923492
|move|p1a: Nessy|Waterfall|p2a: Skeledirge
|-supereffective|p2a: Skeledirge
|-damage|p2a: Skeledirge|35/100
|move|p2a: Skeledirge|Torch Song|p1a: Nessy
|-resisted|p1a: Nessy
|-damage|p1a: Nessy|5/100
|-boost|p2a: Skeledirge|spa|1
|
|-weather|SunnyDay|[upkeep]
|upkeep
|turn|9
|-message|Nonchalant_Chef forfeited.
|
|win|nadzim
|raw|Nonchalant_Chef's rating: 1119 &rarr; <strong>1093</strong><br />(-26 for losing)
|raw|nadzim's rating: 1111 &rarr; <strong>1137</strong><br />(+26 for winning)
|l|☆Nonchalant_Chef
|player|p1|
|l|☆nadzim
|player|p2|
