|j|☆eserraba
|j|☆Ged_Muncher
|t:|1779814351
|gametype|singles
|player|p1|eserraba|101|1214
|player|p2|Ged_Muncher|2|1284
|gen|9
|tier|[Gen 9] OU
|rated|
|rule|HP Percentage Mod: HP is shown in percentages
|rule|Endless Battle Clause: Forcing endless battles is banned
|rule|Species Clause: Limit one of each Pokémon
|rule|OHKO Clause: OHKO moves are banned
|rule|Evasion Items Clause: Evasion items are banned
|rule|Evasion Moves Clause: Evasion moves are banned
|rule|Evasion Abilities Clause: Evasion abilities are banned
|rule|Sleep Moves Clause: Sleep-inducing moves are banned
|clearpoke
|poke|p1|Masquerain, M|
|poke|p1|Eelektross, M|
|poke|p1|Shiftry, M|
|poke|p1|Volbeat, M|
|poke|p1|Seviper, F|
|poke|p1|Golduck, F|
|poke|p2|Garganacl, F|
|poke|p2|Darkrai|
|poke|p2|Great Tusk|
|poke|p2|Hatterene, F|
|poke|p2|Tornadus-Therian, M|
|poke|p2|Dragonite, M|
|teampreview
|inactive|Battle timer is ON: inactive players will automatically lose when time's up. (requested by eserraba)
|
|t:|1779814370
|teamsize|p1|6
|teamsize|p2|6
|start
|switch|p1a: Seviper|Seviper, F|100/100
|switch|p2a: Tornadus|Tornadus-Therian, M, shiny|100/100
|turn|1
|
|t:|1779814378
|move|p1a: Seviper|Poison Jab|p2a: Tornadus
|-damage|p2a: Tornadus|58/100
|-status|p2a: Tornadus|psn
|move|p2a: Tornadus|U-turn|p1a: Seviper
|-resisted|p1a: Seviper
|-damage|p1a: Seviper|88/100
|
|t:|1779814390
|switch|p2a: Garganacl|Garganacl, F|100/100|[from] U-turn
|
|upkeep
|turn|2
|
|t:|1779814401
|move|p1a: Seviper|Poison Jab|p2a: Garganacl
|-resisted|p2a: Garganacl
|-damage|p2a: Garganacl|89/100
|move|p2a: Garganacl|Stealth Rock|p1a: Seviper
|-sidestart|p1: eserraba|move: Stealth Rock
|
|-heal|p2a: Garganacl|96/100|[from] item: Leftovers
|upkeep
|turn|3
|
|t:|1779814407
|move|p1a: Seviper|Poison Jab|p2a: Garganacl
|-resisted|p2a: Garganacl
|-damage|p2a: Garganacl|84/100
|move|p2a: Garganacl|Salt Cure|p1a: Seviper
|-damage|p1a: Seviper|63/100
|-start|p1a: Seviper|Salt Cure
|
|-heal|p2a: Garganacl|90/100|[from] item: Leftovers
|-damage|p1a: Seviper|51/100|[from] Salt Cure
|upkeep
|turn|4
|
|t:|1779814416
|switch|p1a: Volbeat|Volbeat, M|100/100
|-damage|p1a: Volbeat|76/100|[from] Stealth Rock
|switch|p2a: Tornadus|Tornadus-Therian, M, shiny|91/100 psn
|
|-damage|p2a: Tornadus|78/100 psn|[from] psn
|upkeep
|turn|5
|
|t:|1779814426
|move|p1a: Volbeat|Light Screen|p1a: Volbeat
|-sidestart|p1: eserraba|move: Light Screen
|move|p2a: Tornadus|Bleakwind Storm|p1a: Volbeat
|-supereffective|p1a: Volbeat
|-damage|p1a: Volbeat|35/100
|-unboost|p1a: Volbeat|spe|1
|-enditem|p1a: Volbeat|Red Card|[of] p2a: Tornadus
|drag|p2a: Great Tusk|Great Tusk|100/100
|-enditem|p2a: Great Tusk|Booster Energy
|-activate|p2a: Great Tusk|ability: Protosynthesis|[fromitem]
|-start|p2a: Great Tusk|protosynthesisatk
|
|upkeep
|turn|6
|
|t:|1779814441
|move|p1a: Volbeat|Tailwind|p1a: Volbeat
|-sidestart|p1: eserraba|move: Tailwind
|move|p2a: Great Tusk|Rapid Spin|p1a: Volbeat
|-damage|p1a: Volbeat|14/100
|-boost|p2a: Great Tusk|spe|1
|
|upkeep
|turn|7
|
|t:|1779814448
|move|p1a: Volbeat|Encore|p2a: Great Tusk
|-start|p2a: Great Tusk|Encore
|move|p2a: Great Tusk|Rapid Spin|p1a: Volbeat
|-damage|p1a: Volbeat|0 fnt
|-boost|p2a: Great Tusk|spe|1
|faint|p1a: Volbeat
|
|upkeep
|
|t:|1779814455
|switch|p1a: Masquerain|Masquerain, M|100/100
|-ability|p1a: Masquerain|Intimidate|boost
|-unboost|p2a: Great Tusk|atk|1
|turn|8
|
|t:|1779814465
|-terastallize|p2a: Great Tusk|Ice
|move|p2a: Great Tusk|Rapid Spin|p1a: Masquerain
|-damage|p1a: Masquerain|76/100
|-boost|p2a: Great Tusk|spe|1
|move|p1a: Masquerain|Quiver Dance|p1a: Masquerain
|-boost|p1a: Masquerain|spa|1
|-boost|p1a: Masquerain|spd|1
|-boost|p1a: Masquerain|spe|1
|
|upkeep
|turn|9
|
|t:|1779814483
|move|p1a: Masquerain|Giga Drain|p2a: Great Tusk
|-damage|p2a: Great Tusk|50/100
|-heal|p1a: Masquerain|100/100|[from] drain|[of] p2a: Great Tusk
|move|p2a: Great Tusk|Rapid Spin|p1a: Masquerain
|-damage|p1a: Masquerain|74/100
|-boost|p2a: Great Tusk|spe|1
|
|-end|p2a: Great Tusk|Encore
|-sideend|p1: eserraba|move: Light Screen
|-sideend|p1: eserraba|move: Tailwind
|upkeep
|turn|10
|
|t:|1779814493
|move|p2a: Great Tusk|Ice Spinner|p1a: Masquerain
|-supereffective|p1a: Masquerain
|-damage|p1a: Masquerain|0 fnt
|faint|p1a: Masquerain
|
|upkeep
|
|t:|1779814497
|switch|p1a: Eelektross|Eelektross, M|100/100
|-damage|p1a: Eelektross|88/100|[from] Stealth Rock
|turn|11
|
|t:|1779814505
|-end|p2a: Great Tusk|Protosynthesis|[silent]
|switch|p2a: Garganacl|Garganacl, F|90/100
|move|p1a: Eelektross|Drain Punch|p2a: Garganacl
|-supereffective|p2a: Garganacl
|-damage|p2a: Garganacl|58/100
|-heal|p1a: Eelektross|100/100|[from] drain|[of] p2a: Garganacl
|
|-heal|p2a: Garganacl|64/100|[from] item: Leftovers
|upkeep
|turn|12
|
|t:|1779814514
|move|p1a: Eelektross|U-turn|p2a: Garganacl
|-damage|p2a: Garganacl|49/100
|
|t:|1779814519
|switch|p1a: Seviper|Seviper, F|51/100|[from] U-turn
|-damage|p1a: Seviper|38/100|[from] Stealth Rock
|move|p2a: Garganacl|Salt Cure|p1a: Seviper
|-damage|p1a: Seviper|14/100
|-start|p1a: Seviper|Salt Cure
|
|-heal|p2a: Garganacl|55/100|[from] item: Leftovers
|-damage|p1a: Seviper|2/100|[from] Salt Cure
|upkeep
|turn|13
|
|t:|1779814528
|move|p2a: Garganacl|Protect|p2a: Garganacl
|-singleturn|p2a: Garganacl|Protect
|move|p1a: Seviper|Switcheroo|p2a: Garganacl
|-activate|p2a: Garganacl|move: Protect
|
|-heal|p2a: Garganacl|61/100|[from] item: Leftovers
|-damage|p1a: Seviper|0 fnt|[from] Salt Cure
|faint|p1a: Seviper
|upkeep
|
|t:|1779814531
|switch|p1a: Golduck|Golduck, F|100/100
|-damage|p1a: Golduck|88/100|[from] Stealth Rock
|-ability|p1a: Golduck|Cloud Nine
|turn|14
|
|t:|1779814537
|move|p1a: Golduck|Surf|p2a: Garganacl
|-supereffective|p2a: Garganacl
|-damage|p2a: Garganacl|8/100
|move|p2a: Garganacl|Recover|p2a: Garganacl
|-heal|p2a: Garganacl|58/100
|
|-heal|p2a: Garganacl|64/100|[from] item: Leftovers
|upkeep
|turn|15
|
|t:|1779814545
|move|p1a: Golduck|Surf|p2a: Garganacl
|-supereffective|p2a: Garganacl
|-damage|p2a: Garganacl|18/100
|move|p2a: Garganacl|Salt Cure|p1a: Golduck
|-damage|p1a: Golduck|69/100
|-start|p1a: Golduck|Salt Cure
|
|-heal|p2a: Garganacl|24/100|[from] item: Leftovers
|-damage|p1a: Golduck|44/100|[from] Salt Cure
|upkeep
|-enditem|p1a: Golduck|Sitrus Berry|[eat]
|-heal|p1a: Golduck|69/100|[from] item: Sitrus Berry
|turn|16
|
|t:|1779814555
|move|p2a: Garganacl|Protect|p2a: Garganacl
|-singleturn|p2a: Garganacl|Protect
|move|p1a: Golduck|Nasty Plot|p1a: Golduck
|-boost|p1a: Golduck|spa|2
|
|-heal|p2a: Garganacl|30/100|[from] item: Leftovers
|-damage|p1a: Golduck|44/100|[from] Salt Cure
|upkeep
|turn|17
|
|t:|1779814563
|move|p1a: Golduck|Surf|p2a: Garganacl
|-supereffective|p2a: Garganacl
|-damage|p2a: Garganacl|0 fnt
|faint|p2a: Garganacl
|
|-damage|p1a: Golduck|19/100|[from] Salt Cure
|upkeep
|
|t:|1779814566
|switch|p2a: Dragonite|Dragonite, M|100/100
|turn|18
|
|t:|1779814572
|move|p1a: Golduck|Vacuum Wave|p2a: Dragonite
|-resisted|p2a: Dragonite
|-damage|p2a: Dragonite|96/100
|move|p2a: Dragonite|Dragon Dance|p2a: Dragonite
|-boost|p2a: Dragonite|atk|1
|-boost|p2a: Dragonite|spe|1
|
|-damage|p1a: Golduck|0 fnt|[from] Salt Cure
|faint|p1a: Golduck
|upkeep
|
|t:|1779814580
|switch|p1a: Shiftry|Shiftry, M|100/100
|-damage|p1a: Shiftry|88/100|[from] Stealth Rock
|turn|19
|
|t:|1779814585
|-terastallize|p1a: Shiftry|Normal
|move|p2a: Dragonite|Extreme Speed|p1a: Shiftry
|-crit|p1a: Shiftry
|-damage|p1a: Shiftry|0 fnt
|faint|p1a: Shiftry
|
|upkeep
|-message|eserraba forfeited.
|
|win|Ged_Muncher
|raw|eserraba's rating: 1214 &rarr; <strong>1194</strong><br />(-20 for losing)
|raw|Ged_Muncher's rating: 1284 &rarr; <strong>1304</strong><br />(+20 for winning)
|l|☆eserraba
|player|p1|
|l|☆Ged_Muncher
|player|p2|
