|j|☆magikarp soup
|j|☆klopkik
|t:|1779887160
|gametype|singles
|player|p1|magikarp soup|medium|1616
|player|p2|klopkik|101|1551
|gen|9
|tier|[Gen 9] OU
|rated|
|rule|HP Percentage Mod: HP is shown in percentages
|rule|Endless Battle Clause: Forcing endless battles is banned
|rule|Species Clause: Limit one of each Pokémon
|rule|OHKO Clause: OHKO moves are banned
|rule|Evasion Items Clause: Evasion items are banned
|rule|Evasion Moves Clause: Evasion moves are banned
|rule|Evasion Abilities Clause: Evasion abilities are banned
|rule|Sleep Moves Clause: Sleep-inducing moves are banned
|clearpoke
|poke|p1|Cramorant, M|
|poke|p1|Ceruledge, F|
|poke|p1|Kyurem|
|poke|p1|Moltres-Galar|
|poke|p1|Kingambit, M|
|poke|p1|Okidogi, M|
|poke|p2|Ursaluna, M|
|poke|p2|Dragonite, M|
|poke|p2|Toxapex, M|
|poke|p2|Heatran, M|
|poke|p2|Hydreigon, F|
|poke|p2|Hatterene, F|
|teampreview
|inactive|Battle timer is ON: inactive players will automatically lose when time's up. (requested by klopkik)
|
|t:|1779887202
|teamsize|p1|6
|teamsize|p2|6
|start
|switch|p1a: Cramorant|Cramorant, M|100/100
|switch|p2a: Hydreigon|Hydreigon, F|100/100
|turn|1
|
|t:|1779887208
|switch|p2a: Toxapex|Toxapex, M|100/100
|move|p1a: Cramorant|Surf|p2a: Toxapex
|-formechange|p1a: Cramorant|Cramorant-Gulping|
|-resisted|p2a: Toxapex
|-damage|p2a: Toxapex|89/100
|-enditem|p2a: Toxapex|Eject Button
|
|t:|1779887227
|switch|p2a: Ursaluna|Ursaluna, M|100/100
|
|-status|p2a: Ursaluna|brn|[from] item: Flame Orb
|upkeep
|turn|2
|
|t:|1779887242
|-terastallize|p2a: Ursaluna|Normal
|move|p1a: Cramorant|Hurricane|p2a: Ursaluna|[miss]
|-miss|p1a: Cramorant|p2a: Ursaluna
|move|p2a: Ursaluna|Facade|p1a: Cramorant
|-enditem|p1a: Cramorant|Focus Sash
|-damage|p1a: Cramorant|1/100
|-damage|p2a: Ursaluna|75/100 brn|[from] ability: Gulp Missile|[of] p1a: Cramorant
|-unboost|p2a: Ursaluna|def|1
|-formechange|p1a: Cramorant|Cramorant|
|
|-damage|p2a: Ursaluna|69/100 brn|[from] brn
|upkeep
|turn|3
|
|t:|1779887251
|switch|p2a: Toxapex|Toxapex, M|100/100
|move|p1a: Cramorant|Surf|p2a: Toxapex
|-formechange|p1a: Cramorant|Cramorant-Gorging|
|-resisted|p2a: Toxapex
|-damage|p2a: Toxapex|89/100
|
|upkeep
|turn|4
|
|t:|1779887260
|move|p1a: Cramorant|Hurricane|p2a: Toxapex
|-damage|p2a: Toxapex|64/100
|move|p2a: Toxapex|Toxic|p1a: Cramorant
|-status|p1a: Cramorant|tox
|
|-damage|p1a: Cramorant|0 fnt|[from] psn
|faint|p1a: Cramorant
|upkeep
|
|t:|1779887266
|switch|p1a: Okidogi|Okidogi, M|100/100
|turn|5
|
|t:|1779887270
|move|p1a: Okidogi|Bulk Up|p1a: Okidogi
|-boost|p1a: Okidogi|atk|1
|-boost|p1a: Okidogi|def|1
|move|p2a: Toxapex|Toxic Spikes|p1a: Okidogi
|-sidestart|p1: magikarp soup|move: Toxic Spikes
|
|upkeep
|turn|6
|inactive|magikarp soup has 120 seconds left.
|
|t:|1779887301
|move|p1a: Okidogi|Bulk Up|p1a: Okidogi
|-boost|p1a: Okidogi|atk|1
|-boost|p1a: Okidogi|def|1
|move|p2a: Toxapex|Haze|p2a: Toxapex
|-clearallboost
|
|upkeep
|turn|7
|
|t:|1779887310
|move|p1a: Okidogi|Bulk Up|p1a: Okidogi
|-boost|p1a: Okidogi|atk|1
|-boost|p1a: Okidogi|def|1
|move|p2a: Toxapex|Recover|p2a: Toxapex
|-heal|p2a: Toxapex|100/100
|
|upkeep
|turn|8
|
|t:|1779887314
|move|p1a: Okidogi|Knock Off|p2a: Toxapex
|-damage|p2a: Toxapex|73/100
|move|p2a: Toxapex|Haze|p2a: Toxapex
|-clearallboost
|
|upkeep
|turn|9
|-message|magikarp soup forfeited.
|
|win|klopkik
|raw|magikarp soup's rating: 1616 &rarr; <strong>1592</strong><br />(-24 for losing)
|raw|klopkik's rating: 1551 &rarr; <strong>1575</strong><br />(+24 for winning)
|l|☆magikarp soup
|player|p1|
|l|☆klopkik
|player|p2|
