|j|☆csr not honse
|j|☆Igneos901
|t:|1779904702
|gametype|singles
|player|p1|csr not honse|blackbelt-gen4dp|1390
|player|p2|Igneos901|170|1390
|gen|9
|tier|[Gen 9] OU
|rated|
|rule|HP Percentage Mod: HP is shown in percentages
|rule|Endless Battle Clause: Forcing endless battles is banned
|rule|Species Clause: Limit one of each Pokémon
|rule|OHKO Clause: OHKO moves are banned
|rule|Evasion Items Clause: Evasion items are banned
|rule|Evasion Moves Clause: Evasion moves are banned
|rule|Evasion Abilities Clause: Evasion abilities are banned
|rule|Sleep Moves Clause: Sleep-inducing moves are banned
|clearpoke
|poke|p1|Ting-Lu|
|poke|p1|Skarmory, F|
|poke|p1|Pecharunt|
|poke|p1|Ogerpon-Wellspring, F|
|poke|p1|Darkrai|
|poke|p1|Zamazenta-*|
|poke|p2|Cinderace, F|
|poke|p2|Dragapult, M|
|poke|p2|Goodra, F|
|poke|p2|Whimsicott, M|
|poke|p2|Torkoal, F|
|poke|p2|Ursaluna, M|
|teampreview
|inactive|Battle timer is ON: inactive players will automatically lose when time's up. (requested by csr not honse)
|
|t:|1779904717
|teamsize|p1|6
|teamsize|p2|6
|start
|switch|p1a: Darkrai|Darkrai|100/100
|switch|p2a: Dragapult|Dragapult, M|100/100
|turn|1
|
|t:|1779904732
|switch|p1a: Pecharunt|Pecharunt|100/100
|move|p2a: Dragapult|Dragon Darts|p1a: Pecharunt
|-damage|p1a: Pecharunt|82/100
|-anim|p2a: Dragapult|Dragon Darts|p1a: Pecharunt
|-damage|p1a: Pecharunt|62/100
|
|upkeep
|turn|2
|
|t:|1779904745
|switch|p2a: Ursaluna|Ursaluna, M|100/100
|move|p1a: Pecharunt|Parting Shot|p2a: Ursaluna
|-unboost|p2a: Ursaluna|atk|1
|-unboost|p2a: Ursaluna|spa|1
|
|t:|1779904757
|switch|p1a: Ogerpon|Ogerpon-Wellspring, F|100/100|[from] Parting Shot
|
|-status|p2a: Ursaluna|brn|[from] item: Flame Orb
|upkeep
|turn|3
|
|t:|1779904763
|switch|p2a: Torkoal|Torkoal, F|100/100
|-weather|SunnyDay|[from] ability: Drought|[of] p2a: Torkoal
|move|p1a: Ogerpon|Ivy Cudgel|p2a: Torkoal|[anim] Ivy Cudgel Water
|-supereffective|p2a: Torkoal
|-damage|p2a: Torkoal|62/100
|
|-weather|SunnyDay|[upkeep]
|upkeep
|turn|4
|
|t:|1779904779
|move|p1a: Ogerpon|Knock Off|p2a: Torkoal
|-damage|p2a: Torkoal|34/100
|-damage|p1a: Ogerpon|84/100|[from] item: Rocky Helmet|[of] p2a: Torkoal
|-enditem|p2a: Torkoal|Rocky Helmet|[from] move: Knock Off|[of] p1a: Ogerpon
|move|p2a: Torkoal|Flamethrower|p1a: Ogerpon
|-damage|p1a: Ogerpon|24/100
|
|-weather|SunnyDay|[upkeep]
|upkeep
|turn|5
|
|t:|1779904791
|-terastallize|p2a: Torkoal|Flying
|move|p1a: Ogerpon|Ivy Cudgel|p2a: Torkoal|[anim] Ivy Cudgel Water
|-crit|p2a: Torkoal
|-damage|p2a: Torkoal|0 fnt
|faint|p2a: Torkoal
|
|-weather|SunnyDay|[upkeep]
|upkeep
|
|t:|1779904797
|switch|p2a: Dragapult|Dragapult, M|100/100
|turn|6
|
|t:|1779904800
|move|p2a: Dragapult|Dragon Darts|p1a: Ogerpon
|-damage|p1a: Ogerpon|0 fnt
|faint|p1a: Ogerpon
|
|-weather|SunnyDay|[upkeep]
|upkeep
|
|t:|1779904803
|switch|p1a: Darkrai|Darkrai|100/100
|turn|7
|
|t:|1779904805
|move|p2a: Dragapult|Dragon Darts|p1a: Darkrai
|-damage|p1a: Darkrai|47/100
|-anim|p2a: Dragapult|Dragon Darts|p1a: Darkrai
|-damage|p1a: Darkrai|0 fnt
|faint|p1a: Darkrai
|
|-weather|none
|upkeep
|
|t:|1779904816
|switch|p1a: Zamazenta|Zamazenta|100/100
|-ability|p1a: Zamazenta|Dauntless Shield|boost
|-boost|p1a: Zamazenta|def|1
|turn|8
|
|t:|1779904818
|switch|p2a: Whimsicott|Whimsicott, M|100/100
|move|p1a: Zamazenta|Iron Defense|p1a: Zamazenta
|-boost|p1a: Zamazenta|def|2
|
|upkeep
|turn|9
|
|t:|1779904834
|switch|p1a: Pecharunt|Pecharunt|62/100
|move|p2a: Whimsicott|Substitute|p2a: Whimsicott
|-start|p2a: Whimsicott|Substitute
|-damage|p2a: Whimsicott|76/100
|
|-heal|p2a: Whimsicott|82/100|[from] item: Leftovers
|upkeep
|turn|10
|
|t:|1779904839
|move|p2a: Whimsicott|Leech Seed|p1a: Pecharunt
|-start|p1a: Pecharunt|move: Leech Seed
|move|p1a: Pecharunt|Malignant Chain|p2a: Whimsicott
|-supereffective|p2a: Whimsicott
|-end|p2a: Whimsicott|Substitute
|
|-heal|p2a: Whimsicott|88/100|[from] item: Leftovers
|-damage|p1a: Pecharunt|49/100|[from] Leech Seed|[of] p2a: Whimsicott
|-heal|p2a: Whimsicott|100/100|[silent]
|upkeep
|turn|11
|
|t:|1779904849
|move|p2a: Whimsicott|Substitute|p2a: Whimsicott
|-start|p2a: Whimsicott|Substitute
|-damage|p2a: Whimsicott|76/100
|move|p1a: Pecharunt|Malignant Chain|p2a: Whimsicott
|-supereffective|p2a: Whimsicott
|-end|p2a: Whimsicott|Substitute
|
|-heal|p2a: Whimsicott|82/100|[from] item: Leftovers
|-damage|p1a: Pecharunt|37/100|[from] Leech Seed|[of] p2a: Whimsicott
|-heal|p2a: Whimsicott|99/100|[silent]
|upkeep
|turn|12
|
|t:|1779904853
|move|p2a: Whimsicott|Substitute|p2a: Whimsicott
|-start|p2a: Whimsicott|Substitute
|-damage|p2a: Whimsicott|75/100
|move|p1a: Pecharunt|Recover|p1a: Pecharunt
|-heal|p1a: Pecharunt|87/100
|
|-heal|p2a: Whimsicott|81/100|[from] item: Leftovers
|-damage|p1a: Pecharunt|75/100|[from] Leech Seed|[of] p2a: Whimsicott
|-heal|p2a: Whimsicott|99/100|[silent]
|upkeep
|turn|13
|
|t:|1779904857
|move|p2a: Whimsicott|Moonblast|p1a: Pecharunt
|-resisted|p1a: Pecharunt
|-damage|p1a: Pecharunt|60/100
|-unboost|p1a: Pecharunt|spa|1
|move|p1a: Pecharunt|Malignant Chain|p2a: Whimsicott
|-supereffective|p2a: Whimsicott
|-end|p2a: Whimsicott|Substitute
|
|-heal|p2a: Whimsicott|100/100|[from] item: Leftovers
|-damage|p1a: Pecharunt|48/100|[from] Leech Seed|[of] p2a: Whimsicott
|upkeep
|turn|14
|
|t:|1779904874
|move|p2a: Whimsicott|Substitute|p2a: Whimsicott
|-start|p2a: Whimsicott|Substitute
|-damage|p2a: Whimsicott|76/100
|move|p1a: Pecharunt|Recover|p1a: Pecharunt
|-heal|p1a: Pecharunt|98/100
|
|-heal|p2a: Whimsicott|82/100|[from] item: Leftovers
|-damage|p1a: Pecharunt|86/100|[from] Leech Seed|[of] p2a: Whimsicott
|-heal|p2a: Whimsicott|99/100|[silent]
|upkeep
|turn|15
|
|t:|1779904879
|move|p2a: Whimsicott|Moonblast|p1a: Pecharunt
|-resisted|p1a: Pecharunt
|-damage|p1a: Pecharunt|73/100
|-unboost|p1a: Pecharunt|spa|1
|move|p1a: Pecharunt|Malignant Chain|p2a: Whimsicott
|-supereffective|p2a: Whimsicott
|-end|p2a: Whimsicott|Substitute
|
|-heal|p2a: Whimsicott|100/100|[from] item: Leftovers
|-damage|p1a: Pecharunt|61/100|[from] Leech Seed|[of] p2a: Whimsicott
|upkeep
|turn|16
|
|t:|1779904909
|move|p2a: Whimsicott|Substitute|p2a: Whimsicott
|-start|p2a: Whimsicott|Substitute
|-damage|p2a: Whimsicott|76/100
|move|p1a: Pecharunt|Parting Shot|p2a: Whimsicott
|-unboost|p2a: Whimsicott|atk|1
|-unboost|p2a: Whimsicott|spa|1
|inactive|csr not honse has 120 seconds left.
|
|t:|1779904936
|switch|p1a: Skarmory|Skarmory, F|100/100|[from] Parting Shot
|
|-heal|p2a: Whimsicott|82/100|[from] item: Leftovers
|upkeep
|turn|17
|
|t:|1779904942
|move|p2a: Whimsicott|Leech Seed|p1a: Skarmory
|-start|p1a: Skarmory|move: Leech Seed
|move|p1a: Skarmory|Spikes|p2a: Whimsicott
|-sidestart|p2: Igneos901|Spikes
|
|-heal|p2a: Whimsicott|88/100|[from] item: Leftovers
|-damage|p1a: Skarmory|88/100|[from] Leech Seed|[of] p2a: Whimsicott
|-heal|p2a: Whimsicott|100/100|[silent]
|upkeep
|turn|18
|
|t:|1779904950
|move|p2a: Whimsicott|Encore|p1a: Skarmory
|-start|p1a: Skarmory|Encore
|move|p1a: Skarmory|Spikes|p2a: Whimsicott
|-sidestart|p2: Igneos901|Spikes
|
|-damage|p1a: Skarmory|76/100|[from] Leech Seed|[of] p2a: Whimsicott
|upkeep
|turn|19
|
|t:|1779904952
|switch|p2a: Cinderace|Cinderace, F|100/100
|move|p1a: Skarmory|Spikes|p2a: Cinderace
|-sidestart|p2: Igneos901|Spikes
|
|-damage|p1a: Skarmory|64/100|[from] Leech Seed|[of] p2a: Cinderace
|upkeep
|turn|20
|
|t:|1779904956
|switch|p1a: Ting-Lu|Ting-Lu|100/100
|-ability|p1a: Ting-Lu|Vessel of Ruin
|move|p2a: Cinderace|Court Change|p2a: Cinderace
|-start|p2a: Cinderace|typechange|Normal|[from] ability: Libero
|-swapsideconditions
|-activate|p2a: Cinderace|move: Court Change
|
|upkeep
|turn|21
|
|t:|1779904970
|move|p2a: Cinderace|Swords Dance|p2a: Cinderace
|-boost|p2a: Cinderace|atk|2
|move|p1a: Ting-Lu|Earthquake|p2a: Cinderace
|-damage|p2a: Cinderace|47/100
|
|upkeep
|turn|22
|
|t:|1779904978
|move|p2a: Cinderace|Pyro Ball|p1a: Ting-Lu
|-damage|p1a: Ting-Lu|64/100
|move|p1a: Ting-Lu|Earthquake|p2a: Cinderace
|-damage|p2a: Cinderace|0 fnt
|faint|p2a: Cinderace
|
|-heal|p1a: Ting-Lu|70/100|[from] item: Leftovers
|upkeep
|
|t:|1779904987
|switch|p2a: Dragapult|Dragapult, M|100/100
|turn|23
|
|t:|1779904997
|move|p2a: Dragapult|U-turn|p1a: Ting-Lu
|-supereffective|p1a: Ting-Lu
|-damage|p1a: Ting-Lu|26/100
|
|t:|1779905004
|switch|p2a: Ursaluna|Ursaluna, M|100/100 brn|[from] U-turn
|move|p1a: Ting-Lu|Earthquake|p2a: Ursaluna
|-damage|p2a: Ursaluna|74/100 brn
|
|-heal|p1a: Ting-Lu|32/100|[from] item: Leftovers
|-damage|p2a: Ursaluna|68/100 brn|[from] brn
|upkeep
|turn|24
|
|t:|1779905008
|move|p2a: Ursaluna|Drain Punch|p1a: Ting-Lu
|-supereffective|p1a: Ting-Lu
|-damage|p1a: Ting-Lu|0 fnt
|-heal|p2a: Ursaluna|85/100 brn|[from] drain|[of] p1a: Ting-Lu
|faint|p1a: Ting-Lu
|
|-damage|p2a: Ursaluna|79/100 brn|[from] brn
|upkeep
|
|t:|1779905017
|switch|p1a: Zamazenta|Zamazenta|100/100
|-damage|p1a: Zamazenta|75/100|[from] Spikes
|turn|25
|
|t:|1779905024
|switch|p2a: Whimsicott|Whimsicott, M|100/100
|move|p1a: Zamazenta|Substitute|p1a: Zamazenta
|-start|p1a: Zamazenta|Substitute
|-damage|p1a: Zamazenta|50/100
|
|-heal|p1a: Zamazenta|57/100|[from] item: Leftovers
|upkeep
|turn|26
|inactive|csr not honse has 120 seconds left.
|
|t:|1779905058
|-terastallize|p1a: Zamazenta|Fire
|move|p2a: Whimsicott|Encore|p1a: Zamazenta
|-start|p1a: Zamazenta|Encore
|move|p1a: Zamazenta|Substitute|p1a: Zamazenta
|-fail|p1a: Zamazenta|move: Substitute
|
|-heal|p1a: Zamazenta|63/100|[from] item: Leftovers
|upkeep
|turn|27
|
|t:|1779905070
|switch|p2a: Dragapult|Dragapult, M|100/100
|move|p1a: Zamazenta|Substitute|p1a: Zamazenta
|-fail|p1a: Zamazenta|move: Substitute
|
|-heal|p1a: Zamazenta|69/100|[from] item: Leftovers
|upkeep
|turn|28
|
|t:|1779905081
|switch|p1a: Skarmory|Skarmory, F|64/100
|move|p2a: Dragapult|Dragon Darts|p1a: Skarmory
|-resisted|p1a: Skarmory
|-damage|p1a: Skarmory|51/100
|-anim|p2a: Dragapult|Dragon Darts|p1a: Skarmory
|-resisted|p1a: Skarmory
|-damage|p1a: Skarmory|39/100
|
|upkeep
|turn|29
|
|t:|1779905094
|switch|p2a: Goodra|Goodra, F|100/100
|switch|p1a: Pecharunt|Pecharunt|61/100
|
|upkeep
|turn|30
|
|t:|1779905099
|move|p1a: Pecharunt|Malignant Chain|p2a: Goodra
|-damage|p2a: Goodra|87/100
|-status|p2a: Goodra|tox
|-start|p2a: Goodra|confusion|[from] ability: Poison Puppeteer|[of] p1a: Pecharunt
|-activate|p2a: Goodra|confusion
|move|p2a: Goodra|Dragon Tail|p1a: Pecharunt
|-damage|p1a: Pecharunt|53/100
|drag|p1a: Skarmory|Skarmory, F|39/100
|
|-damage|p2a: Goodra|81/100 tox|[from] psn
|upkeep
|turn|31
|
|t:|1779905111
|-activate|p2a: Goodra|confusion
|move|p2a: Goodra|Flamethrower|p1a: Skarmory
|-supereffective|p1a: Skarmory
|-damage|p1a: Skarmory|0 fnt
|faint|p1a: Skarmory
|
|-damage|p2a: Goodra|68/100 tox|[from] psn
|upkeep
|inactive|csr not honse has 120 seconds left.
|
|t:|1779905127
|switch|p1a: Pecharunt|Pecharunt|53/100
|turn|32
|
|t:|1779905132
|move|p1a: Pecharunt|Recover|p1a: Pecharunt
|-heal|p1a: Pecharunt|100/100
|-end|p2a: Goodra|confusion
|move|p2a: Goodra|Dragon Tail|p1a: Pecharunt
|-damage|p1a: Pecharunt|91/100
|drag|p1a: Zamazenta|Zamazenta, tera:Fire|69/100
|-damage|p1a: Zamazenta|44/100|[from] Spikes
|
|-heal|p1a: Zamazenta|50/100|[from] item: Leftovers
|-damage|p2a: Goodra|50/100 tox|[from] psn
|upkeep
|turn|33
|
|t:|1779905138
|switch|p2a: Whimsicott|Whimsicott, M|100/100
|move|p1a: Zamazenta|Substitute|p1a: Zamazenta
|-start|p1a: Zamazenta|Substitute
|-damage|p1a: Zamazenta|25/100
|
|-heal|p1a: Zamazenta|31/100|[from] item: Leftovers
|upkeep
|turn|34
|
|t:|1779905144
|switch|p1a: Pecharunt|Pecharunt|91/100
|move|p2a: Whimsicott|Encore||[still]
|-fail|p2a: Whimsicott
|
|upkeep
|turn|35
|
|t:|1779905148
|switch|p2a: Goodra|Goodra, F|50/100 tox
|move|p1a: Pecharunt|Malignant Chain|p2a: Goodra
|-damage|p2a: Goodra|38/100 tox
|
|-damage|p2a: Goodra|32/100 tox|[from] psn
|upkeep
|turn|36
|
|t:|1779905156
|move|p1a: Pecharunt|Foul Play|p2a: Goodra
|-damage|p2a: Goodra|12/100 tox
|-ability|p2a: Goodra|Gooey
|-unboost|p1a: Pecharunt|spe|1
|move|p2a: Goodra|Dragon Tail|p1a: Pecharunt
|-damage|p1a: Pecharunt|82/100
|drag|p1a: Zamazenta|Zamazenta, tera:Fire|31/100
|-damage|p1a: Zamazenta|6/100|[from] Spikes
|
|-heal|p1a: Zamazenta|13/100|[from] item: Leftovers
|-damage|p2a: Goodra|0 fnt|[from] psn
|faint|p2a: Goodra
|upkeep
|
|t:|1779905160
|switch|p2a: Whimsicott|Whimsicott, M|100/100
|turn|37
|
|t:|1779905172
|move|p2a: Whimsicott|Leech Seed|p1a: Zamazenta
|-start|p1a: Zamazenta|move: Leech Seed
|move|p1a: Zamazenta|Body Press|p2a: Whimsicott
|-resisted|p2a: Whimsicott
|-damage|p2a: Whimsicott|84/100
|
|-heal|p1a: Zamazenta|19/100|[from] item: Leftovers
|-heal|p2a: Whimsicott|90/100|[from] item: Leftovers
|-damage|p1a: Zamazenta|6/100|[from] Leech Seed|[of] p2a: Whimsicott
|-heal|p2a: Whimsicott|100/100|[silent]
|upkeep
|turn|38
|
|t:|1779905178
|move|p2a: Whimsicott|Encore|p1a: Zamazenta
|-start|p1a: Zamazenta|Encore
|move|p1a: Zamazenta|Body Press|p2a: Whimsicott
|-resisted|p2a: Whimsicott
|-damage|p2a: Whimsicott|84/100
|
|-heal|p1a: Zamazenta|13/100|[from] item: Leftovers
|-heal|p2a: Whimsicott|90/100|[from] item: Leftovers
|-damage|p1a: Zamazenta|0 fnt|[from] Leech Seed|[of] p2a: Whimsicott
|-heal|p2a: Whimsicott|100/100|[silent]
|faint|p1a: Zamazenta
|upkeep
|
|t:|1779905180
|switch|p1a: Pecharunt|Pecharunt|82/100
|turn|39
|
|t:|1779905189
|switch|p2a: Dragapult|Dragapult, M|100/100
|move|p1a: Pecharunt|Malignant Chain|p2a: Dragapult
|-resisted|p2a: Dragapult
|-damage|p2a: Dragapult|79/100
|-status|p2a: Dragapult|tox
|-start|p2a: Dragapult|confusion|[from] ability: Poison Puppeteer|[of] p1a: Pecharunt
|
|-damage|p2a: Dragapult|73/100 tox|[from] psn
|upkeep
|turn|40
|
|t:|1779905195
|switch|p2a: Ursaluna|Ursaluna, M|79/100 brn
|move|p1a: Pecharunt|Foul Play|p2a: Ursaluna
|-damage|p2a: Ursaluna|50/100 brn
|
|-damage|p2a: Ursaluna|44/100 brn|[from] brn
|upkeep
|turn|41
|
|t:|1779905200
|move|p1a: Pecharunt|Foul Play|p2a: Ursaluna
|-damage|p2a: Ursaluna|19/100 brn
|move|p2a: Ursaluna|Crunch|p1a: Pecharunt
|-supereffective|p1a: Pecharunt
|-damage|p1a: Pecharunt|40/100
|
|-damage|p2a: Ursaluna|13/100 brn|[from] brn
|upkeep
|turn|42
|
|t:|1779905203
|move|p1a: Pecharunt|Foul Play|p2a: Ursaluna
|-damage|p2a: Ursaluna|0 fnt
|faint|p2a: Ursaluna
|
|upkeep
|
|t:|1779905205
|switch|p2a: Whimsicott|Whimsicott, M|100/100
|turn|43
|
|t:|1779905220
|move|p2a: Whimsicott|Encore|p1a: Pecharunt
|-start|p1a: Pecharunt|Encore
|move|p1a: Pecharunt|Foul Play|p2a: Whimsicott
|-resisted|p2a: Whimsicott
|-damage|p2a: Whimsicott|95/100
|
|-heal|p2a: Whimsicott|100/100|[from] item: Leftovers
|upkeep
|turn|44
|-message|csr not honse forfeited.
|
|win|Igneos901
|raw|csr not honse's rating: 1390 &rarr; <strong>1370</strong><br />(-20 for losing)
|raw|Igneos901's rating: 1390 &rarr; <strong>1410</strong><br />(+20 for winning)
|l|☆csr not honse
|player|p1|
|l|☆Igneos901
|player|p2|
