|j|☆YoSoyDelBronx
|j|☆Z4W6
|t:|1779959932
|gametype|singles
|player|p1|YoSoyDelBronx|noland|1359
|player|p2|Z4W6|ghetsis|1398
|gen|9
|tier|[Gen 9] OU
|rated|
|rule|HP Percentage Mod: HP is shown in percentages
|rule|Endless Battle Clause: Forcing endless battles is banned
|rule|Species Clause: Limit one of each Pokémon
|rule|OHKO Clause: OHKO moves are banned
|rule|Evasion Items Clause: Evasion items are banned
|rule|Evasion Moves Clause: Evasion moves are banned
|rule|Evasion Abilities Clause: Evasion abilities are banned
|rule|Sleep Moves Clause: Sleep-inducing moves are banned
|clearpoke
|poke|p1|Blaziken, M|
|poke|p1|Diancie|
|poke|p1|Rotom-Wash|
|poke|p1|Great Tusk|
|poke|p1|Ninetales, M|
|poke|p1|Cresselia, F|
|poke|p2|Cloyster, F|
|poke|p2|Gallade, M|
|poke|p2|Kingambit, M|
|poke|p2|Iron Moth|
|poke|p2|Enamorus, F|
|poke|p2|Ogerpon-Cornerstone, F|
|teampreview
|
|t:|1779959939
|teamsize|p1|6
|teamsize|p2|6
|start
|switch|p1a: Rotom|Rotom-Wash|100/100
|switch|p2a: Cloyster|Cloyster, F|100/100
|turn|1
|
|t:|1779959944
|move|p1a: Rotom|Volt Switch|p2a: Cloyster
|-supereffective|p2a: Cloyster
|-enditem|p2a: Cloyster|Focus Sash
|-damage|p2a: Cloyster|1/100
|
|t:|1779959956
|switch|p1a: Moony|Cresselia, F, shiny|100/100|[from] Volt Switch
|move|p2a: Cloyster|Shell Smash|p2a: Cloyster
|-unboost|p2a: Cloyster|def|1
|-unboost|p2a: Cloyster|spd|1
|-boost|p2a: Cloyster|atk|2
|-boost|p2a: Cloyster|spa|2
|-boost|p2a: Cloyster|spe|2
|
|upkeep
|turn|2
|
|t:|1779959963
|move|p2a: Cloyster|Icicle Spear|p1a: Moony
|-damage|p1a: Moony|87/100
|-damage|p1a: Moony|75/100
|-damage|p1a: Moony|61/100
|-damage|p1a: Moony|49/100
|-damage|p1a: Moony|35/100
|-hitcount|p1a: Moony|5
|move|p1a: Moony|Trick Room|p1a: Moony
|-fieldstart|move: Trick Room|[of] p1a: Moony
|
|upkeep
|turn|3
|
|t:|1779959979
|switch|p2a: Kingambit|Kingambit, M|100/100
|move|p1a: Moony|Ice Beam|p2a: Kingambit
|-resisted|p2a: Kingambit
|-damage|p2a: Kingambit|91/100
|-status|p2a: Kingambit|frz
|
|upkeep
|turn|4
|
|t:|1779959985
|switch|p1a: SimaSoyYo|Diancie, shiny|100/100
|cant|p2a: Kingambit|frz
|
|upkeep
|turn|5
|
|t:|1779960003
|-end|p2a: Kingambit|fallenundefined|[silent]
|switch|p2a: Gallade|Gallade, M|100/100
|move|p1a: SimaSoyYo|Moonblast|p2a: Gallade
|-supereffective|p2a: Gallade
|-damage|p2a: Gallade|7/100
|
|upkeep
|turn|6
|
|t:|1779960009
|move|p1a: SimaSoyYo|Moonblast|p2a: Gallade
|-supereffective|p2a: Gallade
|-crit|p2a: Gallade
|-damage|p2a: Gallade|0 fnt
|faint|p2a: Gallade
|
|-fieldend|move: Trick Room
|upkeep
|
|t:|1779960012
|switch|p2a: Iron Moth|Iron Moth|100/100
|-enditem|p2a: Iron Moth|Booster Energy
|-activate|p2a: Iron Moth|ability: Quark Drive|[fromitem]
|-start|p2a: Iron Moth|quarkdrivespe
|turn|7
|
|t:|1779960016
|-terastallize|p1a: SimaSoyYo|Water
|move|p2a: Iron Moth|Energy Ball|p1a: SimaSoyYo
|-supereffective|p1a: SimaSoyYo
|-damage|p1a: SimaSoyYo|50/100
|move|p1a: SimaSoyYo|Trick Room|p1a: SimaSoyYo
|-fieldstart|move: Trick Room|[of] p1a: SimaSoyYo
|
|upkeep
|turn|8
|
|t:|1779960024
|move|p1a: SimaSoyYo|Earth Power|p2a: Iron Moth
|-supereffective|p2a: Iron Moth
|-damage|p2a: Iron Moth|0 fnt
|faint|p2a: Iron Moth
|-end|p2a: Iron Moth|Quark Drive|[silent]
|
|upkeep
|
|t:|1779960027
|switch|p2a: Ogerpon|Ogerpon-Cornerstone, F|100/100
|turn|9
|
|t:|1779960031
|-terastallize|p2a: Ogerpon|Rock
|detailschange|p2a: Ogerpon|Ogerpon-Cornerstone-Tera, F, tera:Rock
|-ability|p2a: Ogerpon|Embody Aspect (Cornerstone)|boost
|-boost|p2a: Ogerpon|def|1
|move|p1a: SimaSoyYo|Meteor Beam||[still]
|-prepare|p1a: SimaSoyYo|Meteor Beam
|-boost|p1a: SimaSoyYo|spa|1
|-enditem|p1a: SimaSoyYo|Power Herb
|-anim|p1a: SimaSoyYo|Meteor Beam|p2a: Ogerpon
|-damage|p2a: Ogerpon|3/100
|move|p2a: Ogerpon|Power Whip|p1a: SimaSoyYo|[miss]
|-miss|p2a: Ogerpon|p1a: SimaSoyYo
|
|upkeep
|turn|10
|-message|Z4W6 forfeited.
|
|win|YoSoyDelBronx
|raw|YoSoyDelBronx's rating: 1359 &rarr; <strong>1381</strong><br />(+22 for winning)
|raw|Z4W6's rating: 1398 &rarr; <strong>1376</strong><br />(-22 for losing)
|l|☆Z4W6
|player|p2|
|l|☆YoSoyDelBronx
|player|p1|
