|j|☆bliss1225
|j|☆el metrallas
|t:|1779894366
|gametype|singles
|player|p1|bliss1225|cynthia|1320
|player|p2|el metrallas|swimmerf-gen4|1314
|gen|9
|tier|[Gen 9] OU
|rated|
|rule|HP Percentage Mod: HP is shown in percentages
|rule|Endless Battle Clause: Forcing endless battles is banned
|rule|Species Clause: Limit one of each Pokémon
|rule|OHKO Clause: OHKO moves are banned
|rule|Evasion Items Clause: Evasion items are banned
|rule|Evasion Moves Clause: Evasion moves are banned
|rule|Evasion Abilities Clause: Evasion abilities are banned
|rule|Sleep Moves Clause: Sleep-inducing moves are banned
|clearpoke
|poke|p1|Sinistcha|
|poke|p1|Ting-Lu|
|poke|p1|Dragonite, M|
|poke|p1|Gliscor, F|
|poke|p1|Weavile, F|
|poke|p1|Keldeo|
|poke|p2|Hydreigon, M|
|poke|p2|Ribombee, M|
|poke|p2|Tauros-Paldea-Blaze, M|
|poke|p2|Clodsire, M|
|poke|p2|Mamoswine, M|
|poke|p2|Gholdengo|
|teampreview
|inactive|Battle timer is ON: inactive players will automatically lose when time's up. (requested by bliss1225)
|
|t:|1779894379
|teamsize|p1|6
|teamsize|p2|6
|start
|switch|p1a: Gliscor|Gliscor, F|100/100
|switch|p2a: Tuerta|Ribombee, M, shiny|100/100
|turn|1
|
|t:|1779894382
|move|p1a: Gliscor|Protect|p1a: Gliscor
|-singleturn|p1a: Gliscor|Protect
|move|p2a: Tuerta|Stun Spore|p1a: Gliscor
|-activate|p1a: Gliscor|move: Protect
|
|-status|p1a: Gliscor|tox|[from] item: Toxic Orb
|upkeep
|turn|2
|
|t:|1779894388
|move|p2a: Tuerta|Sticky Web|p1a: Gliscor
|-sidestart|p1: bliss1225|move: Sticky Web
|move|p1a: Gliscor|Spikes|p2a: Tuerta
|-sidestart|p2: el metrallas|Spikes
|
|upkeep
|turn|3
|
|t:|1779894393
|switch|p2a: Collejas|Hydreigon, M|100/100
|move|p1a: Gliscor|Spikes|p2a: Collejas
|-sidestart|p2: el metrallas|Spikes
|
|upkeep
|turn|4
|
|t:|1779894398
|move|p2a: Collejas|Draco Meteor|p1a: Gliscor
|-damage|p1a: Gliscor|23/100 tox
|-unboost|p2a: Collejas|spa|2
|move|p1a: Gliscor|Knock Off|p2a: Collejas
|-resisted|p2a: Collejas
|-damage|p2a: Collejas|88/100
|-enditem|p2a: Collejas|Choice Specs|[from] move: Knock Off|[of] p1a: Gliscor
|
|-heal|p1a: Gliscor|35/100 tox|[from] ability: Poison Heal
|upkeep
|turn|5
|
|t:|1779894410
|switch|p2a: Mamuten|Mamoswine, M|100/100
|-damage|p2a: Mamuten|84/100|[from] Spikes
|move|p1a: Gliscor|Protect||[still]
|-fail|p1a: Gliscor
|
|-heal|p1a: Gliscor|48/100 tox|[from] ability: Poison Heal
|upkeep
|turn|6
|
|t:|1779894421
|switch|p1a: Keldeo|Keldeo|100/100
|move|p2a: Mamuten|Earthquake|p1a: Keldeo
|-damage|p1a: Keldeo|30/100
|
|upkeep
|turn|7
|
|t:|1779894427
|move|p2a: Mamuten|Earthquake|p1a: Keldeo
|-damage|p1a: Keldeo|0 fnt
|faint|p1a: Keldeo
|
|upkeep
|
|t:|1779894435
|switch|p1a: Sinistcha|Sinistcha|100/100
|turn|8
|
|t:|1779894439
|switch|p2a: Director|Clodsire, M, shiny|100/100
|-damage|p2a: Director|84/100|[from] Spikes
|move|p1a: Sinistcha|Strength Sap|p2a: Director
|-unboost|p2a: Director|atk|1
|
|-heal|p2a: Director|90/100|[from] item: Leftovers
|upkeep
|turn|9
|
|t:|1779894447
|switch|p1a: Gliscor|Gliscor, F|48/100 tox
|move|p2a: Director|Stealth Rock|p1a: Gliscor
|-sidestart|p1: bliss1225|move: Stealth Rock
|
|-heal|p2a: Director|96/100|[from] item: Leftovers
|-heal|p1a: Gliscor|60/100 tox|[from] ability: Poison Heal
|upkeep
|turn|10
|
|t:|1779894456
|switch|p2a: Collejas|Hydreigon, M|88/100
|move|p1a: Gliscor|Earthquake|p2a: Collejas
|-immune|p2a: Collejas|[from] ability: Levitate
|
|-heal|p1a: Gliscor|73/100 tox|[from] ability: Poison Heal
|upkeep
|turn|11
|
|t:|1779894463
|move|p1a: Gliscor|Protect|p1a: Gliscor
|-singleturn|p1a: Gliscor|Protect
|move|p2a: Collejas|Draco Meteor|p1a: Gliscor
|-activate|p1a: Gliscor|move: Protect
|
|-heal|p1a: Gliscor|85/100 tox|[from] ability: Poison Heal
|upkeep
|turn|12
|
|t:|1779894468
|switch|p1a: Ting-Lu|Ting-Lu|100/100
|-activate|p1a: Ting-Lu|move: Sticky Web
|-unboost|p1a: Ting-Lu|spe|1
|-damage|p1a: Ting-Lu|94/100|[from] Stealth Rock
|-ability|p1a: Ting-Lu|Vessel of Ruin
|move|p2a: Collejas|Draco Meteor|p1a: Ting-Lu
|-damage|p1a: Ting-Lu|68/100
|-unboost|p2a: Collejas|spa|2
|
|-heal|p1a: Ting-Lu|74/100|[from] item: Leftovers
|upkeep
|turn|13
|
|t:|1779894477
|switch|p2a: Torete|Tauros-Paldea-Blaze, M, shiny|100/100
|-damage|p2a: Torete|84/100|[from] Spikes
|-ability|p2a: Torete|Intimidate|boost
|-unboost|p1a: Ting-Lu|atk|1
|move|p1a: Ting-Lu|Stealth Rock|p2a: Torete
|-sidestart|p2: el metrallas|move: Stealth Rock
|
|-heal|p1a: Ting-Lu|80/100|[from] item: Leftovers
|upkeep
|turn|14
|
|t:|1779894488
|switch|p1a: Gliscor|Gliscor, F|85/100 tox
|-damage|p1a: Gliscor|73/100 tox|[from] Stealth Rock
|move|p2a: Torete|Close Combat|p1a: Gliscor
|-resisted|p1a: Gliscor
|-damage|p1a: Gliscor|44/100 tox
|-unboost|p2a: Torete|def|1
|-unboost|p2a: Torete|spd|1
|-damage|p2a: Torete|74/100|[from] item: Life Orb
|
|-heal|p1a: Gliscor|57/100 tox|[from] ability: Poison Heal
|upkeep
|turn|15
|
|t:|1779894502
|move|p1a: Gliscor|Protect|p1a: Gliscor
|-singleturn|p1a: Gliscor|Protect
|move|p2a: Torete|Flare Blitz|p1a: Gliscor
|-activate|p1a: Gliscor|move: Protect
|
|-heal|p1a: Gliscor|69/100 tox|[from] ability: Poison Heal
|upkeep
|turn|16
|
|t:|1779894512
|switch|p1a: Dragonite|Dragonite, M|100/100
|move|p2a: Torete|Flare Blitz|p1a: Dragonite
|-resisted|p1a: Dragonite
|-damage|p1a: Dragonite|83/100
|-damage|p2a: Torete|66/100|[from] Recoil
|-damage|p2a: Torete|57/100|[from] item: Life Orb
|
|upkeep
|turn|17
|
|t:|1779894524
|move|p2a: Torete|Stone Edge|p1a: Dragonite
|-supereffective|p1a: Dragonite
|-damage|p1a: Dragonite|10/100
|-damage|p2a: Torete|47/100|[from] item: Life Orb
|move|p1a: Dragonite|Roost|p1a: Dragonite
|-heal|p1a: Dragonite|60/100
|-singleturn|p1a: Dragonite|move: Roost
|
|upkeep
|turn|18
|
|t:|1779894534
|switch|p1a: Gliscor|Gliscor, F|69/100 tox
|-damage|p1a: Gliscor|57/100 tox|[from] Stealth Rock
|move|p2a: Torete|Stone Edge|p1a: Gliscor|[miss]
|-miss|p2a: Torete|p1a: Gliscor
|
|-heal|p1a: Gliscor|69/100 tox|[from] ability: Poison Heal
|upkeep
|turn|19
|
|t:|1779894540
|switch|p2a: Collejas|Hydreigon, M|88/100
|-damage|p2a: Collejas|76/100|[from] Stealth Rock
|move|p1a: Gliscor|Protect||[still]
|-fail|p1a: Gliscor
|
|-heal|p1a: Gliscor|82/100 tox|[from] ability: Poison Heal
|upkeep
|turn|20
|
|t:|1779894550
|switch|p1a: Ting-Lu|Ting-Lu|80/100
|-activate|p1a: Ting-Lu|move: Sticky Web
|-unboost|p1a: Ting-Lu|spe|1
|-damage|p1a: Ting-Lu|74/100|[from] Stealth Rock
|-ability|p1a: Ting-Lu|Vessel of Ruin
|move|p2a: Collejas|Draco Meteor|p1a: Ting-Lu
|-damage|p1a: Ting-Lu|49/100
|-unboost|p2a: Collejas|spa|2
|
|-heal|p1a: Ting-Lu|55/100|[from] item: Leftovers
|upkeep
|turn|21
|
|t:|1779894562
|switch|p2a: Tuerta|Ribombee, M, shiny|100/100
|-damage|p2a: Tuerta|84/100|[from] Spikes
|-damage|p2a: Tuerta|59/100|[from] Stealth Rock
|move|p1a: Ting-Lu|Whirlwind|p2a: Tuerta
|drag|p2a: Mamuten|Mamoswine, M|84/100
|-damage|p2a: Mamuten|67/100|[from] Spikes
|-damage|p2a: Mamuten|55/100|[from] Stealth Rock
|
|-heal|p1a: Ting-Lu|61/100|[from] item: Leftovers
|upkeep
|turn|22
|
|t:|1779894577
|move|p2a: Mamuten|Icicle Crash|p1a: Ting-Lu
|-supereffective|p1a: Ting-Lu
|-damage|p1a: Ting-Lu|10/100
|move|p1a: Ting-Lu|Whirlwind|p2a: Mamuten
|drag|p2a: Torete|Tauros-Paldea-Blaze, M, shiny|47/100
|-damage|p2a: Torete|30/100|[from] Spikes
|-damage|p2a: Torete|18/100|[from] Stealth Rock
|-ability|p2a: Torete|Intimidate|boost
|-unboost|p1a: Ting-Lu|atk|1
|
|-heal|p1a: Ting-Lu|16/100|[from] item: Leftovers
|upkeep
|turn|23
|
|t:|1779894589
|move|p2a: Torete|Flare Blitz|p1a: Ting-Lu
|-damage|p1a: Ting-Lu|0 fnt
|faint|p1a: Ting-Lu
|-damage|p2a: Torete|9/100|[from] Recoil
|-damage|p2a: Torete|0 fnt|[from] item: Life Orb
|faint|p2a: Torete
|
|upkeep
|
|t:|1779894604
|switch|p2a: Tuerta|Ribombee, M, shiny|59/100
|switch|p1a: Dragonite|Dragonite, M|60/100
|-damage|p2a: Tuerta|43/100|[from] Spikes
|-damage|p2a: Tuerta|18/100|[from] Stealth Rock
|turn|24
|
|t:|1779894610
|move|p1a: Dragonite|Extreme Speed|p2a: Tuerta
|-damage|p2a: Tuerta|0 fnt
|faint|p2a: Tuerta
|
|upkeep
|
|t:|1779894615
|switch|p2a: Bombas|Gholdengo|100/100
|-damage|p2a: Bombas|94/100|[from] Stealth Rock
|-item|p2a: Bombas|Air Balloon
|turn|25
|
|t:|1779894620
|switch|p1a: Gliscor|Gliscor, F|82/100 tox
|-damage|p1a: Gliscor|69/100 tox|[from] Stealth Rock
|move|p2a: Bombas|Nasty Plot|p2a: Bombas
|-boost|p2a: Bombas|spa|2
|
|-heal|p1a: Gliscor|82/100 tox|[from] ability: Poison Heal
|upkeep
|turn|26
|
|t:|1779894626
|move|p1a: Gliscor|Protect|p1a: Gliscor
|-singleturn|p1a: Gliscor|Protect
|move|p2a: Bombas|Nasty Plot|p2a: Bombas
|-boost|p2a: Bombas|spa|2
|
|-heal|p1a: Gliscor|94/100 tox|[from] ability: Poison Heal
|upkeep
|turn|27
|
|t:|1779894631
|move|p2a: Bombas|Make It Rain|p1a: Gliscor
|-damage|p1a: Gliscor|0 fnt
|-unboost|p2a: Bombas|spa|1
|faint|p1a: Gliscor
|
|upkeep
|
|t:|1779894635
|switch|p1a: Weavile|Weavile, F|100/100
|-ability|p1a: Weavile|Pressure
|turn|28
|
|t:|1779894648
|-terastallize|p2a: Bombas|Normal
|move|p1a: Weavile|Knock Off|p2a: Bombas
|-damage|p2a: Bombas|37/100
|-enditem|p2a: Bombas|Air Balloon
|move|p2a: Bombas|Dazzling Gleam|p1a: Weavile
|-supereffective|p1a: Weavile
|-damage|p1a: Weavile|0 fnt
|faint|p1a: Weavile
|
|upkeep
|
|t:|1779894656
|switch|p1a: Dragonite|Dragonite, M|60/100
|turn|29
|
|t:|1779894660
|move|p1a: Dragonite|Extreme Speed|p2a: Bombas
|-damage|p2a: Bombas|1/100
|move|p2a: Bombas|Make It Rain|p1a: Dragonite
|-damage|p1a: Dragonite|0 fnt
|-unboost|p2a: Bombas|spa|1
|faint|p1a: Dragonite
|
|upkeep
|-message|bliss1225 forfeited.
|
|win|el metrallas
|raw|bliss1225's rating: 1320 &rarr; <strong>1300</strong><br />(-20 for losing)
|raw|el metrallas's rating: 1314 &rarr; <strong>1334</strong><br />(+20 for winning)
|l|☆bliss1225
|player|p1|
|c|☆el metrallas|. Atao
