|j|☆lockheed shartin
|j|☆Good Neuro Sama
|t:|1779809997
|gametype|singles
|player|p1|lockheed shartin|preschooler|1491
|player|p2|Good Neuro Sama|grimsley|1499
|gen|9
|tier|[Gen 9] OU
|rated|
|rule|HP Percentage Mod: HP is shown in percentages
|rule|Endless Battle Clause: Forcing endless battles is banned
|rule|Species Clause: Limit one of each Pokémon
|rule|OHKO Clause: OHKO moves are banned
|rule|Evasion Items Clause: Evasion items are banned
|rule|Evasion Moves Clause: Evasion moves are banned
|rule|Evasion Abilities Clause: Evasion abilities are banned
|rule|Sleep Moves Clause: Sleep-inducing moves are banned
|clearpoke
|poke|p1|Gliscor, F|
|poke|p1|Hatterene, F|
|poke|p1|Lokix, M|
|poke|p1|Volcanion|
|poke|p1|Zamazenta-*|
|poke|p1|Dragapult, M|
|poke|p2|Regieleki|
|poke|p2|Moltres|
|poke|p2|Great Tusk|
|poke|p2|Kingambit, M|
|poke|p2|Alomomola, M|
|poke|p2|Hydrapple, M|
|teampreview
|inactive|Battle timer is ON: inactive players will automatically lose when time's up. (requested by lockheed shartin)
|
|t:|1779810026
|teamsize|p1|6
|teamsize|p2|6
|start
|switch|p1a: Gliscor|Gliscor, F|100/100
|switch|p2a: Alomomola|Alomomola, M|100/100
|turn|1
|
|t:|1779810039
|move|p1a: Gliscor|Stealth Rock|p2a: Alomomola
|-sidestart|p2: Good Neuro Sama|move: Stealth Rock
|move|p2a: Alomomola|Scald|p1a: Gliscor
|-supereffective|p1a: Gliscor
|-damage|p1a: Gliscor|74/100
|-status|p1a: Gliscor|brn
|
|-damage|p1a: Gliscor|68/100 brn|[from] brn
|upkeep
|turn|2
|
|t:|1779810055
|switch|p2a: Regieleki|Regieleki|100/100
|-damage|p2a: Regieleki|88/100|[from] Stealth Rock
|move|p1a: Gliscor|U-turn|p2a: Regieleki
|-damage|p2a: Regieleki|74/100
|
|t:|1779810063
|switch|p1a: Lokix|Lokix, M|100/100|[from] U-turn
|
|upkeep
|turn|3
|
|t:|1779810067
|switch|p2a: Great Tusk|Great Tusk|100/100
|-damage|p2a: Great Tusk|98/100|[from] Stealth Rock
|move|p1a: Lokix|Knock Off|p2a: Great Tusk
|-resisted|p2a: Great Tusk
|-damage|p2a: Great Tusk|70/100
|-damage|p1a: Lokix|84/100|[from] item: Rocky Helmet|[of] p2a: Great Tusk
|-enditem|p2a: Great Tusk|Rocky Helmet|[from] move: Knock Off|[of] p1a: Lokix
|
|upkeep
|turn|4
|
|t:|1779810075
|switch|p1a: Dragapult|Dragapult, M|100/100
|move|p2a: Great Tusk|Stealth Rock|p1a: Dragapult
|-sidestart|p1: lockheed shartin|move: Stealth Rock
|
|upkeep
|turn|5
|
|t:|1779810083
|-end|p2a: Great Tusk|Protosynthesis|[silent]
|switch|p2a: Moltres|Moltres|100/100
|move|p1a: Dragapult|U-turn|p2a: Moltres
|-resisted|p2a: Moltres
|-damage|p2a: Moltres|98/100
|-status|p1a: Dragapult|brn|[from] ability: Flame Body|[of] p2a: Moltres
|
|t:|1779810088
|switch|p1a: Volcanion|Volcanion|100/100|[from] U-turn
|
|upkeep
|turn|6
|
|t:|1779810091
|move|p2a: Moltres|U-turn|p1a: Volcanion
|-resisted|p1a: Volcanion
|-damage|p1a: Volcanion|97/100
|
|t:|1779810093
|switch|p2a: Alomomola|Alomomola, M|100/100|[from] U-turn
|-damage|p2a: Alomomola|88/100|[from] Stealth Rock
|move|p1a: Volcanion|Steam Eruption|p2a: Alomomola
|-resisted|p2a: Alomomola
|-damage|p2a: Alomomola|77/100
|
|upkeep
|turn|7
|
|t:|1779810099
|move|p1a: Volcanion|Will-O-Wisp|p2a: Alomomola
|-status|p2a: Alomomola|brn
|move|p2a: Alomomola|Play Rough|p1a: Volcanion
|-resisted|p1a: Volcanion
|-damage|p1a: Volcanion|94/100
|
|-damage|p2a: Alomomola|71/100 brn|[from] brn
|upkeep
|turn|8
|
|t:|1779810117
|switch|p2a: Moltres|Moltres|98/100
|move|p1a: Volcanion|Flamethrower|p2a: Moltres
|-resisted|p2a: Moltres
|-damage|p2a: Moltres|78/100
|
|upkeep
|turn|9
|
|t:|1779810127
|move|p2a: Moltres|U-turn|p1a: Volcanion
|-resisted|p1a: Volcanion
|-crit|p1a: Volcanion
|-damage|p1a: Volcanion|88/100
|
|t:|1779810133
|switch|p2a: Hydrapple|Hydrapple, M|100/100|[from] U-turn
|move|p1a: Volcanion|Sludge Bomb|p2a: Hydrapple
|-supereffective|p2a: Hydrapple
|-damage|p2a: Hydrapple|49/100
|
|upkeep
|turn|10
|
|t:|1779810145
|switch|p1a: Lokix|Lokix, M|84/100
|switch|p2a: Alomomola|Alomomola, M|100/100 brn
|-damage|p2a: Alomomola|88/100 brn|[from] Stealth Rock
|
|-damage|p2a: Alomomola|82/100 brn|[from] brn
|upkeep
|turn|11
|
|t:|1779810153
|move|p1a: Lokix|Swords Dance|p1a: Lokix
|-boost|p1a: Lokix|atk|2
|move|p2a: Alomomola|Play Rough|p1a: Lokix
|-supereffective|p1a: Lokix
|-damage|p1a: Lokix|62/100
|
|-damage|p2a: Alomomola|76/100 brn|[from] brn
|upkeep
|turn|12
|
|t:|1779810164
|move|p1a: Lokix|Swords Dance|p1a: Lokix
|-boost|p1a: Lokix|atk|2
|move|p2a: Alomomola|Flip Turn|p1a: Lokix
|-damage|p1a: Lokix|50/100
|
|t:|1779810176
|switch|p2a: Great Tusk|Great Tusk|70/100|[from] Flip Turn
|-damage|p2a: Great Tusk|67/100|[from] Stealth Rock
|
|upkeep
|turn|13
|
|t:|1779810187
|-terastallize|p1a: Lokix|Dark
|move|p1a: Lokix|Sucker Punch|p2a: Great Tusk
|-resisted|p2a: Great Tusk
|-damage|p2a: Great Tusk|0 fnt
|faint|p2a: Great Tusk
|-end|p2a: Great Tusk|Protosynthesis|[silent]
|
|upkeep
|
|t:|1779810196
|switch|p2a: Moltres|Moltres|78/100
|turn|14
|
|t:|1779810205
|move|p1a: Lokix|Knock Off|p2a: Moltres
|-damage|p2a: Moltres|0 fnt
|-enditem|p2a: Moltres|Heavy-Duty Boots|[from] move: Knock Off|[of] p1a: Lokix
|faint|p2a: Moltres
|
|upkeep
|-message|Good Neuro Sama forfeited.
|
|win|lockheed shartin
|raw|lockheed shartin's rating: 1491 &rarr; <strong>1511</strong><br />(+20 for winning)
|raw|Good Neuro Sama's rating: 1499 &rarr; <strong>1479</strong><br />(-20 for losing)
|l|☆Good Neuro Sama
|player|p2|
