|j|☆kronas
|j|☆dogegod 89
|t:|1779888891
|gametype|singles
|player|p1|kronas|102|1076
|player|p2|dogegod 89|ethan|1105
|gen|9
|tier|[Gen 9] OU
|rated|
|rule|HP Percentage Mod: HP is shown in percentages
|rule|Endless Battle Clause: Forcing endless battles is banned
|rule|Species Clause: Limit one of each Pokémon
|rule|OHKO Clause: OHKO moves are banned
|rule|Evasion Items Clause: Evasion items are banned
|rule|Evasion Moves Clause: Evasion moves are banned
|rule|Evasion Abilities Clause: Evasion abilities are banned
|rule|Sleep Moves Clause: Sleep-inducing moves are banned
|clearpoke
|poke|p1|Zoroark, M|
|poke|p1|Muk, M|
|poke|p1|Hitmonlee, M|
|poke|p1|Skeledirge, M|
|poke|p1|Ditto|
|poke|p1|Munkidori, M|
|poke|p2|Darkrai|
|poke|p2|Samurott-Hisui, F|
|poke|p2|Dragapult, M|
|poke|p2|Cloyster, M|
|poke|p2|Iron Valiant|
|poke|p2|Landorus-Therian, M|
|teampreview
|c|☆dogegod 89|glhf
|
|t:|1779888898
|teamsize|p1|6
|teamsize|p2|6
|start
|switch|p1a: Munkidori|Munkidori, M|100/100
|switch|p2a: Baller|Cloyster, M, shiny|100/100
|turn|1
|c|☆dogegod 89|I can smell the toxic from here
|
|t:|1779888915
|move|p1a: Munkidori|Grass Knot|p2a: Baller
|-supereffective|p2a: Baller
|-enditem|p2a: Baller|Focus Sash
|-damage|p2a: Baller|1/100
|move|p2a: Baller|Shell Smash|p2a: Baller
|-unboost|p2a: Baller|def|1
|-unboost|p2a: Baller|spd|1
|-boost|p2a: Baller|atk|2
|-boost|p2a: Baller|spa|2
|-boost|p2a: Baller|spe|2
|
|upkeep
|turn|2
|
|t:|1779888933
|move|p2a: Baller|Rock Blast|p1a: Munkidori
|-damage|p1a: Munkidori|84/100
|-damage|p1a: Munkidori|66/100
|-damage|p1a: Munkidori|48/100
|-crit|p1a: Munkidori
|-damage|p1a: Munkidori|22/100
|-damage|p1a: Munkidori|5/100
|-hitcount|p1a: Munkidori|5
|move|p1a: Munkidori|Clear Smog|p2a: Baller
|-damage|p2a: Baller|0 fnt
|-clearboost|p2a: Baller
|faint|p2a: Baller
|
|-heal|p1a: Munkidori|12/100|[from] item: Leftovers
|upkeep
|
|t:|1779888938
|switch|p2a: Balls|Iron Valiant, shiny|100/100
|-enditem|p2a: Balls|Booster Energy
|-activate|p2a: Balls|ability: Quark Drive|[fromitem]
|-start|p2a: Balls|quarkdrivespe
|turn|3
|
|t:|1779888958
|move|p2a: Balls|Psycho Cut|p1a: Munkidori
|-damage|p1a: Munkidori|0 fnt
|faint|p1a: Munkidori
|
|upkeep
|
|t:|1779888968
|switch|p1a: Hitmonlee|Hitmonlee, M|100/100
|turn|4
|
|t:|1779888973
|move|p1a: Hitmonlee|Fake Out|p2a: Balls
|-enditem|p1a: Hitmonlee|Normal Gem|[from] gem
|-damage|p2a: Balls|75/100
|cant|p2a: Balls|flinch
|
|upkeep
|turn|5
|c|☆dogegod 89|that's zoroak
|
|t:|1779888982
|move|p1a: Hitmonlee|Double-Edge|p2a: Balls
|-damage|p2a: Balls|22/100
|-damage|p1a: Hitmonlee|79/100|[from] Recoil
|move|p2a: Balls|Swords Dance|p2a: Balls
|-boost|p2a: Balls|atk|2
|
|upkeep
|turn|6
|
|t:|1779888989
|move|p1a: Hitmonlee|Double-Edge|p2a: Balls
|-damage|p2a: Balls|0 fnt
|faint|p2a: Balls
|-end|p2a: Balls|Quark Drive|[silent]
|-damage|p1a: Hitmonlee|71/100|[from] Recoil
|
|upkeep
|c|☆dogegod 89|wait why didn't I use brick break?
|
|t:|1779888997
|switch|p2a: Wet Dream|Darkrai, shiny|100/100
|turn|7
|inactive|Battle timer is ON: inactive players will automatically lose when time's up. (requested by dogegod 89)
|c|☆dogegod 89|You there?
|
|t:|1779889034
|move|p1a: Hitmonlee|High Jump Kick|p2a: Wet Dream
|-supereffective|p2a: Wet Dream
|-damage|p2a: Wet Dream|0 fnt
|faint|p2a: Wet Dream
|
|upkeep
|c|☆dogegod 89|maybe not
|
|t:|1779889045
|switch|p2a: Luka Dončić|Landorus-Therian, M|100/100
|-ability|p2a: Luka Dončić|Intimidate|boost
|-unboost|p1a: Hitmonlee|atk|1
|turn|8
|
|t:|1779889049
|move|p1a: Hitmonlee|Knock Off|p2a: Luka Dončić
|-damage|p2a: Luka Dončić|75/100
|-enditem|p2a: Luka Dončić|Choice Scarf|[from] move: Knock Off|[of] p1a: Hitmonlee
|move|p2a: Luka Dončić|Earthquake|p1a: Hitmonlee
|-damage|p1a: Hitmonlee|0 fnt
|faint|p1a: Hitmonlee
|
|upkeep
|c|☆dogegod 89|dang it
|c|☆dogegod 89|oh it wasn't zoroark?
|
|t:|1779889068
|switch|p1a: Muk|Muk, M|100/100
|turn|9
|
|t:|1779889073
|-terastallize|p2a: Luka Dončić|Steel
|move|p1a: Muk|Night Daze|p2a: Luka Dončić
|-damage|p2a: Luka Dončić|10/100
|-unboost|p2a: Luka Dončić|accuracy|1
|move|p2a: Luka Dončić|Earthquake|p1a: Muk|[miss]
|-miss|p2a: Luka Dončić|p1a: Muk
|
|upkeep
|turn|10
|
|t:|1779889083
|move|p1a: Muk|Night Daze|p2a: Luka Dončić
|-damage|p2a: Luka Dončić|0 fnt
|faint|p2a: Luka Dončić
|
|upkeep
|c|☆dogegod 89|Now THATS zoroark
|
|t:|1779889087
|switch|p2a: Dih slicer|Samurott-Hisui, F, shiny|100/100
|turn|11
|
|t:|1779889096
|move|p1a: Muk|Focus Blast|p2a: Dih slicer
|-supereffective|p2a: Dih slicer
|-damage|p2a: Dih slicer|7/100
|move|p2a: Dih slicer|Knock Off|p1a: Muk
|-resisted|p1a: Muk
|-damage|p1a: Muk|60/100
|replace|p1a: Zoroark|Zoroark, M
|-end|p1a: Zoroark|Illusion
|-enditem|p1a: Zoroark|Expert Belt|[from] move: Knock Off|[of] p2a: Dih slicer
|
|upkeep
|turn|12
|c|☆dogegod 89|yup
|
|t:|1779889114
|move|p1a: Zoroark|Flamethrower|p2a: Dih slicer
|-resisted|p2a: Dih slicer
|-damage|p2a: Dih slicer|0 fnt
|faint|p2a: Dih slicer
|
|upkeep
|
|t:|1779889117
|switch|p2a: Ball Locker|Dragapult, M|100/100
|turn|13
|c|☆dogegod 89|ggs
|
|t:|1779889122
|move|p2a: Ball Locker|Flamethrower|p1a: Zoroark
|-damage|p1a: Zoroark|0 fnt
|faint|p1a: Zoroark
|
|upkeep
|c|☆dogegod 89|you won ggs
|
|t:|1779889148
|switch|p1a: Skeledirge|Skeledirge, M|100/100
|turn|14
|inactive|kronas has 120 seconds left.
|
|t:|1779889172
|move|p2a: Ball Locker|Flamethrower|p1a: Skeledirge
|-resisted|p1a: Skeledirge
|-damage|p1a: Skeledirge|83/100
|move|p1a: Skeledirge|Will-O-Wisp|p2a: Ball Locker
|-status|p2a: Ball Locker|brn
|
|-heal|p1a: Skeledirge|89/100|[from] item: Leftovers
|-damage|p2a: Ball Locker|95/100 brn|[from] brn
|upkeep
|turn|15
|inactive|kronas has 120 seconds left.
|
|t:|1779889178
|move|p2a: Ball Locker|Flamethrower|p1a: Skeledirge
|-resisted|p1a: Skeledirge
|-damage|p1a: Skeledirge|70/100
|move|p1a: Skeledirge|Hex|p2a: Ball Locker
|-supereffective|p2a: Ball Locker
|-damage|p2a: Ball Locker|0 fnt
|-start|p1a: Skeledirge|Disable|Hex|[from] ability: Cursed Body|[of] p2a: Ball Locker
|faint|p2a: Ball Locker
|
|win|kronas
|raw|kronas's rating: 1076 &rarr; <strong>1107</strong><br />(+31 for winning)
|raw|dogegod 89's rating: 1105 &rarr; <strong>1078</strong><br />(-27 for losing)
|c|☆dogegod 89|ggs
|l|☆dogegod 89
|player|p2|
|l|☆kronas
|player|p1|
