|j|☆The Hamm
|j|☆wintersquirrel
|t:|1779920762
|gametype|singles
|player|p1|The Hamm|artist-gen4|1198
|player|p2|wintersquirrel|brycenman|1190
|gen|9
|tier|[Gen 9] OU
|rated|
|rule|HP Percentage Mod: HP is shown in percentages
|rule|Endless Battle Clause: Forcing endless battles is banned
|rule|Species Clause: Limit one of each Pokémon
|rule|OHKO Clause: OHKO moves are banned
|rule|Evasion Items Clause: Evasion items are banned
|rule|Evasion Moves Clause: Evasion moves are banned
|rule|Evasion Abilities Clause: Evasion abilities are banned
|rule|Sleep Moves Clause: Sleep-inducing moves are banned
|clearpoke
|poke|p1|Hitmonlee, M|
|poke|p1|Clefable, F|
|poke|p1|Blastoise, F|
|poke|p1|Dragonite, M|
|poke|p1|Weezing, M|
|poke|p1|Snorlax, M|
|poke|p2|Hydrapple, F|
|poke|p2|Dragonite, M|
|poke|p2|Slowking-Galar, M|
|poke|p2|Typhlosion-Hisui, M|
|poke|p2|Weezing-Galar, F|
|poke|p2|Samurott-Hisui, M|
|teampreview
|inactive|Battle timer is ON: inactive players will automatically lose when time's up. (requested by The Hamm)
|
|t:|1779920789
|teamsize|p1|6
|teamsize|p2|6
|start
|switch|p1a: Clefable|Clefable, F|100/100
|switch|p2a: Samurott|Samurott-Hisui, M, shiny|100/100
|turn|1
|
|t:|1779920801
|move|p2a: Samurott|Razor Shell|p1a: Clefable
|-damage|p1a: Clefable|42/100
|-unboost|p1a: Clefable|def|1
|move|p1a: Clefable|Reflect|p1a: Clefable
|-sidestart|p1: The Hamm|Reflect
|
|upkeep
|turn|2
|
|t:|1779920811
|switch|p1a: Weezing|Weezing, M|100/100
|-ability|p1a: Weezing|Neutralizing Gas
|move|p2a: Samurott|Razor Shell|p1a: Weezing|[miss]
|-miss|p2a: Samurott|p1a: Weezing
|
|upkeep
|turn|3
|
|t:|1779920820
|move|p2a: Samurott|Ceaseless Edge|p1a: Weezing
|-damage|p1a: Weezing|91/100
|-sidestart|p1: The Hamm|Spikes
|move|p1a: Weezing|Will-O-Wisp|p2a: Samurott|[miss]
|-miss|p1a: Weezing|p2a: Samurott
|
|upkeep
|turn|4
|
|t:|1779920829
|move|p2a: Samurott|Razor Shell|p1a: Weezing
|-damage|p1a: Weezing|79/100
|-unboost|p1a: Weezing|def|1
|move|p1a: Weezing|Will-O-Wisp|p2a: Samurott
|-status|p2a: Samurott|brn
|-enditem|p2a: Samurott|Lum Berry|[eat]
|-curestatus|p2a: Samurott|brn|[msg]
|
|upkeep
|turn|5
|
|t:|1779920841
|switch|p2a: Typhlosion|Typhlosion-Hisui, M|100/100
|move|p1a: Weezing|Will-O-Wisp|p2a: Typhlosion
|-immune|p2a: Typhlosion
|
|upkeep
|turn|6
|
|t:|1779920855
|-end|p1a: Weezing|ability: Neutralizing Gas
|switch|p1a: Blastoise|Blastoise, F|100/100
|move|p2a: Typhlosion|Eruption|p1a: Blastoise
|-resisted|p1a: Blastoise
|-damage|p1a: Blastoise|53/100
|
|upkeep
|turn|7
|
|t:|1779920867
|switch|p2a: Hydrapple|Hydrapple, F, shiny|100/100
|move|p1a: Blastoise|Shell Smash|p1a: Blastoise
|-unboost|p1a: Blastoise|def|1
|-unboost|p1a: Blastoise|spd|1
|-boost|p1a: Blastoise|atk|2
|-boost|p1a: Blastoise|spa|2
|-boost|p1a: Blastoise|spe|2
|
|upkeep
|turn|8
|
|t:|1779920885
|-terastallize|p1a: Blastoise|Dark
|-terastallize|p2a: Hydrapple|Steel
|move|p1a: Blastoise|Dark Pulse|p2a: Hydrapple
|-damage|p2a: Hydrapple|29/100
|move|p2a: Hydrapple|Giga Drain|p1a: Blastoise
|-damage|p1a: Blastoise|0 fnt
|-heal|p2a: Hydrapple|48/100|[from] drain|[of] p1a: Blastoise
|faint|p1a: Blastoise
|-damage|p2a: Hydrapple|38/100|[from] item: Life Orb
|
|-sideend|p1: The Hamm|Reflect
|upkeep
|
|t:|1779920908
|switch|p1a: Snorlax|Snorlax, M|100/100
|-damage|p1a: Snorlax|88/100|[from] Spikes
|turn|9
|
|t:|1779920914
|move|p2a: Hydrapple|Nasty Plot|p2a: Hydrapple
|-boost|p2a: Hydrapple|spa|2
|move|p1a: Snorlax|Curse|p1a: Snorlax
|-unboost|p1a: Snorlax|spe|1
|-boost|p1a: Snorlax|atk|1
|-boost|p1a: Snorlax|def|1
|
|upkeep
|turn|10
|
|t:|1779920925
|move|p2a: Hydrapple|Giga Drain|p1a: Snorlax
|-damage|p1a: Snorlax|28/100
|-heal|p2a: Hydrapple|76/100|[from] drain|[of] p1a: Snorlax
|-damage|p2a: Hydrapple|66/100|[from] item: Life Orb
|move|p1a: Snorlax|Earthquake|p2a: Hydrapple
|-supereffective|p2a: Hydrapple
|-damage|p2a: Hydrapple|0 fnt
|faint|p2a: Hydrapple
|
|upkeep
|
|t:|1779920935
|switch|p2a: Typhlosion|Typhlosion-Hisui, M|100/100
|turn|11
|
|t:|1779920945
|move|p2a: Typhlosion|Eruption|p1a: Snorlax
|-damage|p1a: Snorlax|4/100
|move|p1a: Snorlax|Earthquake|p2a: Typhlosion
|-supereffective|p2a: Typhlosion
|-damage|p2a: Typhlosion|0 fnt
|faint|p2a: Typhlosion
|
|upkeep
|
|t:|1779920955
|switch|p2a: Samurott|Samurott-Hisui, M, shiny|100/100
|turn|12
|inactive|The Hamm has 120 seconds left.
|
|t:|1779920991
|switch|p1a: Hitmonlee|Hitmonlee, M|100/100
|-damage|p1a: Hitmonlee|88/100|[from] Spikes
|move|p2a: Samurott|Ceaseless Edge|p1a: Hitmonlee
|-resisted|p1a: Hitmonlee
|-damage|p1a: Hitmonlee|40/100
|-sidestart|p1: The Hamm|Spikes
|
|upkeep
|turn|13
|inactive|The Hamm has 120 seconds left.
|
|t:|1779921001
|move|p2a: Samurott|Aqua Jet|p1a: Hitmonlee
|-damage|p1a: Hitmonlee|0 fnt
|faint|p1a: Hitmonlee
|
|upkeep
|inactive|The Hamm has 120 seconds left.
|
|t:|1779921007
|switch|p1a: Dragonite|Dragonite, M|100/100
|turn|14
|
|t:|1779921015
|move|p2a: Samurott|Ceaseless Edge|p1a: Dragonite
|-damage|p1a: Dragonite|71/100
|-sidestart|p1: The Hamm|Spikes
|move|p1a: Dragonite|Thunderbolt|p2a: Samurott
|-supereffective|p2a: Samurott
|-damage|p2a: Samurott|0 fnt
|faint|p2a: Samurott
|
|upkeep
|
|t:|1779921027
|switch|p2a: Weezing|Weezing-Galar, F|100/100
|-ability|p2a: Weezing|Neutralizing Gas
|turn|15
|
|t:|1779921034
|switch|p1a: Clefable|Clefable, F|42/100
|-damage|p1a: Clefable|17/100|[from] Spikes
|move|p2a: Weezing|Will-O-Wisp|p1a: Clefable
|-status|p1a: Clefable|brn
|
|-damage|p1a: Clefable|11/100 brn|[from] brn
|upkeep
|turn|16
|
|t:|1779921045
|move|p1a: Clefable|Healing Wish|p1a: Clefable
|faint|p1a: Clefable
|move|p2a: Weezing|Shadow Ball|p1: Clefable|[notarget]
|-fail|p2a: Weezing
|
|upkeep
|
|t:|1779921050
|switch|p1a: Snorlax|Snorlax, M|4/100
|-heal|p1a: Snorlax|100/100|[from] move: Healing Wish
|-damage|p1a: Snorlax|75/100|[from] Spikes
|turn|17
|
|t:|1779921057
|move|p2a: Weezing|Will-O-Wisp|p1a: Snorlax
|-status|p1a: Snorlax|brn
|-enditem|p1a: Snorlax|Lum Berry|[eat]
|-curestatus|p1a: Snorlax|brn|[msg]
|move|p1a: Snorlax|Curse|p1a: Snorlax
|-unboost|p1a: Snorlax|spe|1
|-boost|p1a: Snorlax|atk|1
|-boost|p1a: Snorlax|def|1
|
|upkeep
|turn|18
|
|t:|1779921070
|move|p2a: Weezing|Will-O-Wisp|p1a: Snorlax|[miss]
|-miss|p2a: Weezing|p1a: Snorlax
|move|p1a: Snorlax|Curse|p1a: Snorlax
|-unboost|p1a: Snorlax|spe|1
|-boost|p1a: Snorlax|atk|1
|-boost|p1a: Snorlax|def|1
|
|upkeep
|turn|19
|
|t:|1779921084
|move|p2a: Weezing|Will-O-Wisp|p1a: Snorlax
|-status|p1a: Snorlax|brn
|move|p1a: Snorlax|Curse|p1a: Snorlax
|-unboost|p1a: Snorlax|spe|1
|-boost|p1a: Snorlax|atk|1
|-boost|p1a: Snorlax|def|1
|
|-damage|p1a: Snorlax|69/100 brn|[from] brn
|upkeep
|turn|20
|
|t:|1779921104
|-end|p2a: Weezing|ability: Neutralizing Gas
|switch|p2a: Dragonite|Dragonite, M|100/100
|move|p1a: Snorlax|Rest|p1a: Snorlax
|-status|p1a: Snorlax|slp|[from] move: Rest
|-heal|p1a: Snorlax|100/100 slp|[silent]
|
|upkeep
|turn|21
|
|t:|1779921118
|move|p2a: Dragonite|Encore|p1a: Snorlax
|-start|p1a: Snorlax|Encore
|cant|p1a: Snorlax|slp
|
|upkeep
|turn|22
|
|t:|1779921135
|switch|p2a: Slowking|Slowking-Galar, M|100/100
|switch|p1a: Weezing|Weezing, M|79/100
|-ability|p1a: Weezing|Neutralizing Gas
|-damage|p1a: Weezing|54/100|[from] Spikes
|
|upkeep
|turn|23
|
|t:|1779921145
|move|p1a: Weezing|Pain Split|p2a: Slowking
|-sethp|p2a: Slowking|78/100|[from] move: Pain Split|[silent]
|-sethp|p1a: Weezing|77/100|[from] move: Pain Split
|move|p2a: Slowking|Psychic Noise|p1a: Weezing
|-supereffective|p1a: Weezing
|-damage|p1a: Weezing|0 fnt
|faint|p1a: Weezing
|-end|p1a: Weezing|ability: Neutralizing Gas
|
|upkeep
|
|t:|1779921155
|switch|p1a: Snorlax|Snorlax, M|100/100 slp
|-damage|p1a: Snorlax|75/100 slp|[from] Spikes
|turn|24
|
|t:|1779921173
|cant|p1a: Snorlax|slp
|move|p2a: Slowking|Psychic Noise|p1a: Snorlax
|-damage|p1a: Snorlax|56/100 slp
|-start|p1a: Snorlax|move: Heal Block
|
|upkeep
|turn|25
|
|t:|1779921191
|-curestatus|p1a: Snorlax|slp|[msg]
|move|p1a: Snorlax|Curse|p1a: Snorlax
|-unboost|p1a: Snorlax|spe|1
|-boost|p1a: Snorlax|atk|1
|-boost|p1a: Snorlax|def|1
|-prepare|p2a: Slowking|Chilly Reception|[premajor]
|move|p2a: Slowking|Chilly Reception|p2a: Slowking
|-weather|Snowscape
|
|t:|1779921200
|switch|p2a: Dragonite|Dragonite, M|100/100|[from] Chilly Reception
|
|-weather|Snowscape|[upkeep]
|-end|p1a: Snorlax|move: Heal Block
|upkeep
|turn|26
|inactive|wintersquirrel has 120 seconds left.
|
|t:|1779921223
|move|p2a: Dragonite|Ice Spinner|p1a: Snorlax
|-damage|p1a: Snorlax|46/100
|move|p1a: Snorlax|Ice Punch|p2a: Dragonite
|-supereffective|p2a: Dragonite
|-damage|p2a: Dragonite|19/100
|
|-weather|Snowscape|[upkeep]
|upkeep
|turn|27
|inactive|wintersquirrel has 120 seconds left.
|
|t:|1779921240
|switch|p2a: Slowking|Slowking-Galar, M|100/100
|move|p1a: Snorlax|Ice Punch|p2a: Slowking
|-damage|p2a: Slowking|69/100
|-damage|p1a: Snorlax|30/100|[from] item: Rocky Helmet|[of] p2a: Slowking
|
|-weather|Snowscape|[upkeep]
|upkeep
|turn|28
|inactive|wintersquirrel has 120 seconds left.
|
|t:|1779921249
|move|p2a: Slowking|Toxic|p1a: Snorlax
|-status|p1a: Snorlax|tox
|move|p1a: Snorlax|Earthquake|p2a: Slowking
|-supereffective|p2a: Slowking
|-crit|p2a: Slowking
|-damage|p2a: Slowking|0 fnt
|faint|p2a: Slowking
|
|-weather|Snowscape|[upkeep]
|-damage|p1a: Snorlax|23/100 tox|[from] psn
|upkeep
|inactive|wintersquirrel has 120 seconds left.
|
|t:|1779921258
|switch|p2a: Dragonite|Dragonite, M|19/100
|turn|29
|
|t:|1779921263
|move|p2a: Dragonite|Encore|p1a: Snorlax
|-start|p1a: Snorlax|Encore
|move|p1a: Snorlax|Earthquake|p2a: Dragonite
|-immune|p2a: Dragonite
|
|-weather|none
|-damage|p1a: Snorlax|11/100 tox|[from] psn
|upkeep
|turn|30
|
|t:|1779921274
|move|p2a: Dragonite|Dragon Dance|p2a: Dragonite
|-boost|p2a: Dragonite|atk|1
|-boost|p2a: Dragonite|spe|1
|move|p1a: Snorlax|Earthquake|p2a: Dragonite
|-immune|p2a: Dragonite
|
|-damage|p1a: Snorlax|0 fnt|[from] psn
|faint|p1a: Snorlax
|upkeep
|
|t:|1779921285
|switch|p1a: Dragonite|Dragonite, M|71/100
|turn|31
|
|t:|1779921300
|move|p2a: Dragonite|Ice Spinner|p1a: Dragonite
|-supereffective|p1a: Dragonite
|-damage|p1a: Dragonite|0 fnt
|faint|p1a: Dragonite
|
|win|wintersquirrel
|raw|The Hamm's rating: 1198 &rarr; <strong>1172</strong><br />(-26 for losing)
|raw|wintersquirrel's rating: 1190 &rarr; <strong>1216</strong><br />(+26 for winning)
|c|☆wintersquirrel|GGS
|l|☆The Hamm
|player|p1|
