|badge|p2|bronze|gen9ubers|100-9
|uhtml|medal-msg|<div class="broadcast-blue">Curious what those medals under the avatar are? PS now has Ladder Seasons! For more information, check out the <a href="https://www.smogon.com/forums/threads/3740067/">thread on Smogon.</a></div>
|j|☆gojiratar
|j|☆itztrip
|t:|1779886665
|gametype|singles
|player|p1|gojiratar|rancher|1615
|player|p2|itztrip|proton|1619
|gen|9
|tier|[Gen 9] OU
|rated|
|rule|HP Percentage Mod: HP is shown in percentages
|rule|Endless Battle Clause: Forcing endless battles is banned
|rule|Species Clause: Limit one of each Pokémon
|rule|OHKO Clause: OHKO moves are banned
|rule|Evasion Items Clause: Evasion items are banned
|rule|Evasion Moves Clause: Evasion moves are banned
|rule|Evasion Abilities Clause: Evasion abilities are banned
|rule|Sleep Moves Clause: Sleep-inducing moves are banned
|clearpoke
|poke|p1|Ting-Lu|
|poke|p1|Raging Bolt|
|poke|p1|Zamazenta-*|
|poke|p1|Ogerpon-Wellspring, F|
|poke|p1|Corviknight, M|
|poke|p1|Slowking-Galar, M|
|poke|p2|Darkrai|
|poke|p2|Garchomp, F|
|poke|p2|Alomomola, F|
|poke|p2|Corviknight, F|
|poke|p2|Weezing-Galar, F|
|poke|p2|Ogerpon, F|
|teampreview
|inactive|Battle timer is ON: inactive players will automatically lose when time's up. (requested by itztrip)
|
|t:|1779886672
|teamsize|p1|6
|teamsize|p2|6
|start
|switch|p1a: Ting-Lu|Ting-Lu|100/100
|switch|p2a: Darkrai|Darkrai|100/100
|-ability|p1a: Ting-Lu|Vessel of Ruin
|turn|1
|
|t:|1779886678
|switch|p1a: Zamazenta|Zamazenta|100/100
|-ability|p1a: Zamazenta|Dauntless Shield|boost
|-boost|p1a: Zamazenta|def|1
|move|p2a: Darkrai|Ice Beam|p1a: Zamazenta
|-damage|p1a: Zamazenta|58/100
|-status|p1a: Zamazenta|frz
|
|upkeep
|turn|2
|
|t:|1779886686
|switch|p1a: Slowking|Slowking-Galar, M|100/100
|switch|p2a: Corviknight|Corviknight, F|100/100
|-ability|p2a: Corviknight|Pressure
|
|upkeep
|turn|3
|
|t:|1779886689
|move|p2a: Corviknight|U-turn|p1a: Slowking
|-damage|p1a: Slowking|86/100
|
|t:|1779886691
|switch|p2a: Alomomola|Alomomola, F|100/100|[from] U-turn
|move|p1a: Slowking|Ice Beam|p2a: Alomomola
|-resisted|p2a: Alomomola
|-damage|p2a: Alomomola|94/100
|-status|p2a: Alomomola|frz
|
|upkeep
|turn|4
|
|t:|1779886696
|switch|p1a: Ogerpon|Ogerpon-Wellspring, F|100/100
|cant|p2a: Alomomola|frz
|
|upkeep
|turn|5
|
|t:|1779886699
|switch|p2a: Weezing|Weezing-Galar, F|100/100
|-ability|p2a: Weezing|Neutralizing Gas
|move|p1a: Ogerpon|Knock Off|p2a: Weezing
|-resisted|p2a: Weezing
|-damage|p2a: Weezing|87/100
|-enditem|p2a: Weezing|Heavy-Duty Boots|[from] move: Knock Off|[of] p1a: Ogerpon
|
|upkeep
|turn|6
|
|t:|1779886706
|move|p1a: Ogerpon|U-turn|p2a: Weezing
|-resisted|p2a: Weezing
|-damage|p2a: Weezing|82/100
|
|t:|1779886708
|switch|p1a: Slowking|Slowking-Galar, M|100/100|[from] U-turn
|move|p2a: Weezing|Will-O-Wisp|p1a: Slowking
|-status|p1a: Slowking|brn
|
|-damage|p1a: Slowking|94/100 brn|[from] brn
|upkeep
|turn|7
|
|t:|1779886712
|-end|p2a: Weezing|ability: Neutralizing Gas
|switch|p2a: Alomomola|Alomomola, F|100/100 frz
|move|p1a: Slowking|Psychic Noise|p2a: Alomomola
|-damage|p2a: Alomomola|84/100 frz
|-start|p2a: Alomomola|move: Heal Block
|
|-damage|p1a: Slowking|88/100 brn|[from] brn
|upkeep
|turn|8
|
|t:|1779886716
|switch|p1a: Zamazenta|Zamazenta|58/100 frz
|cant|p2a: Alomomola|frz
|
|-end|p2a: Alomomola|move: Heal Block
|upkeep
|turn|9
|
|t:|1779886719
|cant|p1a: Zamazenta|frz
|cant|p2a: Alomomola|frz
|
|upkeep
|turn|10
|
|t:|1779886723
|-curestatus|p1a: Zamazenta|frz|[msg]
|move|p1a: Zamazenta|Close Combat|p2a: Alomomola
|-damage|p2a: Alomomola|40/100 frz
|-unboost|p1a: Zamazenta|def|1
|-unboost|p1a: Zamazenta|spd|1
|-curestatus|p2a: Alomomola|frz|[msg]
|move|p2a: Alomomola|Flip Turn|p1a: Zamazenta
|-damage|p1a: Zamazenta|36/100
|
|t:|1779886726
|switch|p2a: Garchomp|Garchomp, F|100/100|[from] Flip Turn
|
|upkeep
|turn|11
|
|t:|1779886732
|switch|p1a: Ogerpon|Ogerpon-Wellspring, F|100/100
|move|p2a: Garchomp|Stealth Rock|p1a: Ogerpon
|-sidestart|p1: gojiratar|move: Stealth Rock
|
|upkeep
|turn|12
|
|t:|1779886740
|move|p1a: Ogerpon|Ivy Cudgel|p2a: Garchomp|[anim] Ivy Cudgel Water
|-damage|p2a: Garchomp|62/100
|move|p2a: Garchomp|Dragon Tail|p1a: Ogerpon
|-crit|p1a: Ogerpon
|-damage|p1a: Ogerpon|50/100
|drag|p1a: Ting-Lu|Ting-Lu|100/100
|-damage|p1a: Ting-Lu|94/100|[from] Stealth Rock
|-ability|p1a: Ting-Lu|Vessel of Ruin
|
|-heal|p1a: Ting-Lu|100/100|[from] item: Leftovers
|upkeep
|turn|13
|
|t:|1779886746
|move|p2a: Garchomp|Spikes|p1a: Ting-Lu
|-sidestart|p1: gojiratar|Spikes
|move|p1a: Ting-Lu|Stealth Rock|p2a: Garchomp
|-sidestart|p2: itztrip|move: Stealth Rock
|
|upkeep
|turn|14
|
|t:|1779886752
|move|p1a: Ting-Lu|Earthquake|p2a: Garchomp
|-damage|p2a: Garchomp|37/100
|move|p2a: Garchomp|Dragon Tail|p1a: Ting-Lu
|-damage|p1a: Ting-Lu|86/100
|drag|p1a: Ogerpon|Ogerpon-Wellspring, F|50/100
|-damage|p1a: Ogerpon|38/100|[from] Stealth Rock
|-damage|p1a: Ogerpon|26/100|[from] Spikes
|
|upkeep
|turn|15
|
|t:|1779886755
|switch|p2a: Corviknight|Corviknight, F|100/100
|-ability|p2a: Corviknight|Pressure
|move|p1a: Ogerpon|Ivy Cudgel|p2a: Corviknight|[anim] Ivy Cudgel Water
|-damage|p2a: Corviknight|53/100
|
|upkeep
|turn|16
|j| sgaah
|
|t:|1779886759
|move|p1a: Ogerpon|Ivy Cudgel|p2a: Corviknight|[anim] Ivy Cudgel Water
|-damage|p2a: Corviknight|8/100
|move|p2a: Corviknight|Roost|p2a: Corviknight
|-heal|p2a: Corviknight|58/100
|-singleturn|p2a: Corviknight|move: Roost
|
|upkeep
|turn|17
|
|t:|1779886761
|move|p1a: Ogerpon|Ivy Cudgel|p2a: Corviknight|[anim] Ivy Cudgel Water
|-damage|p2a: Corviknight|13/100
|move|p2a: Corviknight|U-turn|p1a: Ogerpon
|-supereffective|p1a: Ogerpon
|-damage|p1a: Ogerpon|0 fnt
|faint|p1a: Ogerpon
|
|t:|1779886763
|switch|p2a: Darkrai|Darkrai|100/100|[from] U-turn
|-damage|p2a: Darkrai|88/100|[from] Stealth Rock
|
|upkeep
|
|t:|1779886768
|switch|p1a: Ting-Lu|Ting-Lu|86/100
|-damage|p1a: Ting-Lu|80/100|[from] Stealth Rock
|-damage|p1a: Ting-Lu|68/100|[from] Spikes
|-ability|p1a: Ting-Lu|Vessel of Ruin
|turn|18
|
|t:|1779886772
|move|p2a: Darkrai|Ice Beam|p1a: Ting-Lu
|-supereffective|p1a: Ting-Lu
|-damage|p1a: Ting-Lu|26/100
|move|p1a: Ting-Lu|Earthquake|p2a: Darkrai
|-damage|p2a: Darkrai|42/100
|
|-heal|p1a: Ting-Lu|32/100|[from] item: Leftovers
|upkeep
|turn|19
|
|t:|1779886779
|switch|p2a: Garchomp|Garchomp, F|37/100
|-damage|p2a: Garchomp|30/100|[from] Stealth Rock
|-terastallize|p1a: Ting-Lu|Water
|move|p1a: Ting-Lu|Earthquake|p2a: Garchomp
|-damage|p2a: Garchomp|5/100
|
|-heal|p1a: Ting-Lu|38/100|[from] item: Leftovers
|upkeep
|turn|20
|
|t:|1779886786
|switch|p1a: Corviknight|Corviknight, M|100/100
|-damage|p1a: Corviknight|88/100|[from] Stealth Rock
|-ability|p1a: Corviknight|Pressure
|move|p2a: Garchomp|Earthquake|p1a: Corviknight
|-immune|p1a: Corviknight
|
|upkeep
|turn|21
|
|t:|1779886789
|move|p2a: Garchomp|Spikes|p1a: Corviknight
|-sidestart|p1: gojiratar|Spikes
|move|p1a: Corviknight|Defog|p2a: Garchomp
|-unboost|p2a: Garchomp|evasion|1
|-sideend|p2: itztrip|Stealth Rock|[from] move: Defog|[of] p1a: Corviknight
|-sideend|p1: gojiratar|Spikes|[from] move: Defog|[of] p1a: Corviknight
|-sideend|p1: gojiratar|Stealth Rock|[from] move: Defog|[of] p1a: Corviknight
|
|upkeep
|turn|22
|
|t:|1779886792
|switch|p1a: Zamazenta|Zamazenta|36/100
|move|p2a: Garchomp|Spikes|p1a: Zamazenta
|-sidestart|p1: gojiratar|Spikes
|
|upkeep
|turn|23
|
|t:|1779886795
|move|p1a: Zamazenta|Crunch|p2a: Garchomp
|-damage|p2a: Garchomp|0 fnt
|-damage|p1a: Zamazenta|23/100|[from] ability: Rough Skin|[of] p2a: Garchomp
|-damage|p1a: Zamazenta|7/100|[from] item: Rocky Helmet|[of] p2a: Garchomp
|faint|p2a: Garchomp
|
|upkeep
|
|t:|1779886801
|switch|p2a: Weezing|Weezing-Galar, F|82/100
|-ability|p2a: Weezing|Neutralizing Gas
|turn|24
|
|t:|1779886806
|switch|p1a: Slowking|Slowking-Galar, M|100/100 brn
|-damage|p1a: Slowking|88/100 brn|[from] Spikes
|-end|p2a: Weezing|ability: Neutralizing Gas
|switch|p2a: Darkrai|Darkrai|42/100
|
|-damage|p1a: Slowking|82/100 brn|[from] brn
|upkeep
|turn|25
|
|t:|1779886811
|move|p2a: Darkrai|Dark Pulse|p1a: Slowking
|-supereffective|p1a: Slowking
|-damage|p1a: Slowking|21/100 brn
|move|p1a: Slowking|Sludge Bomb|p2a: Darkrai
|-damage|p2a: Darkrai|0 fnt
|faint|p2a: Darkrai
|
|-damage|p1a: Slowking|15/100 brn|[from] brn
|upkeep
|
|t:|1779886814
|switch|p2a: Ogerpon|Ogerpon, F|100/100
|turn|26
|
|t:|1779886820
|switch|p1a: Zamazenta|Zamazenta|7/100
|move|p2a: Ogerpon|Knock Off|p1a: Zamazenta
|-resisted|p1a: Zamazenta
|-damage|p1a: Zamazenta|0 fnt
|-enditem|p1a: Zamazenta|Heavy-Duty Boots|[from] move: Knock Off|[of] p2a: Ogerpon
|faint|p1a: Zamazenta
|
|upkeep
|
|t:|1779886822
|switch|p1a: Corviknight|Corviknight, M|88/100
|-ability|p1a: Corviknight|Pressure
|turn|27
|
|t:|1779886828
|switch|p2a: Corviknight|Corviknight, F|13/100
|-ability|p2a: Corviknight|Pressure
|move|p1a: Corviknight|Defog|p2a: Corviknight
|-unboost|p2a: Corviknight|evasion|1
|-sideend|p1: gojiratar|Spikes|[from] move: Defog|[of] p1a: Corviknight
|
|upkeep
|turn|28
|
|t:|1779886831
|move|p1a: Corviknight|U-turn|p2a: Corviknight
|-resisted|p2a: Corviknight
|-damage|p2a: Corviknight|11/100
|
|t:|1779886832
|switch|p1a: Ting-Lu|Ting-Lu, tera:Water|38/100|[from] U-turn
|-ability|p1a: Ting-Lu|Vessel of Ruin
|move|p2a: Corviknight|Roost|p2a: Corviknight
|-heal|p2a: Corviknight|61/100
|-singleturn|p2a: Corviknight|move: Roost
|
|-heal|p1a: Ting-Lu|45/100|[from] item: Leftovers
|upkeep
|turn|29
|
|t:|1779886836
|move|p2a: Corviknight|Brave Bird|p1a: Ting-Lu
|-damage|p1a: Ting-Lu|24/100
|-damage|p2a: Corviknight|52/100|[from] Recoil
|move|p1a: Ting-Lu|Stealth Rock|p2a: Corviknight
|-sidestart|p2: itztrip|move: Stealth Rock
|
|-heal|p1a: Ting-Lu|30/100|[from] item: Leftovers
|upkeep
|turn|30
|
|t:|1779886840
|move|p2a: Corviknight|Defog|p1a: Ting-Lu
|-unboost|p1a: Ting-Lu|evasion|1
|-sideend|p2: itztrip|Stealth Rock|[from] move: Defog|[of] p2a: Corviknight
|move|p1a: Ting-Lu|Ruination|p2a: Corviknight
|-damage|p2a: Corviknight|26/100
|
|-heal|p1a: Ting-Lu|37/100|[from] item: Leftovers
|upkeep
|turn|31
|j| Wildkoter
|
|t:|1779886843
|move|p2a: Corviknight|Roost|p2a: Corviknight
|-heal|p2a: Corviknight|76/100
|-singleturn|p2a: Corviknight|move: Roost
|move|p1a: Ting-Lu|Stealth Rock|p2a: Corviknight
|-sidestart|p2: itztrip|move: Stealth Rock
|
|-heal|p1a: Ting-Lu|43/100|[from] item: Leftovers
|upkeep
|turn|32
|
|t:|1779886846
|switch|p1a: Raging Bolt|Raging Bolt|100/100
|move|p2a: Corviknight|Defog|p1a: Raging Bolt
|-unboost|p1a: Raging Bolt|evasion|1
|-sideend|p2: itztrip|Stealth Rock|[from] move: Defog|[of] p2a: Corviknight
|
|upkeep
|turn|33
|
|t:|1779886851
|switch|p2a: Weezing|Weezing-Galar, F|82/100
|-ability|p2a: Weezing|Neutralizing Gas
|move|p1a: Raging Bolt|Calm Mind|p1a: Raging Bolt
|-boost|p1a: Raging Bolt|spa|1
|-boost|p1a: Raging Bolt|spd|1
|
|upkeep
|turn|34
|
|t:|1779886855
|move|p1a: Raging Bolt|Thunderbolt|p2a: Weezing
|-damage|p2a: Weezing|0 fnt
|faint|p2a: Weezing
|-end|p2a: Weezing|ability: Neutralizing Gas
|
|upkeep
|
|t:|1779886857
|switch|p2a: Alomomola|Alomomola, F|73/100
|turn|35
|
|t:|1779886859
|-terastallize|p2a: Alomomola|Normal
|move|p1a: Raging Bolt|Calm Mind|p1a: Raging Bolt
|-boost|p1a: Raging Bolt|spa|1
|-boost|p1a: Raging Bolt|spd|1
|move|p2a: Alomomola|Mirror Coat||[still]
|-fail|p2a: Alomomola
|
|upkeep
|turn|36
|
|t:|1779886862
|move|p1a: Raging Bolt|Calm Mind|p1a: Raging Bolt
|-boost|p1a: Raging Bolt|spa|1
|-boost|p1a: Raging Bolt|spd|1
|move|p2a: Alomomola|Mirror Coat||[still]
|-fail|p2a: Alomomola
|
|upkeep
|turn|37
|
|t:|1779886867
|move|p1a: Raging Bolt|Calm Mind|p1a: Raging Bolt
|-boost|p1a: Raging Bolt|spa|1
|-boost|p1a: Raging Bolt|spd|1
|move|p2a: Alomomola|Flip Turn|p1a: Raging Bolt
|-resisted|p1a: Raging Bolt
|-damage|p1a: Raging Bolt|92/100
|
|t:|1779886869
|switch|p2a: Ogerpon|Ogerpon, F|100/100|[from] Flip Turn
|
|-heal|p1a: Raging Bolt|98/100|[from] item: Leftovers
|upkeep
|turn|38
|
|t:|1779886873
|-end|p1a: Raging Bolt|Protosynthesis|[silent]
|switch|p1a: Corviknight|Corviknight, M|88/100
|-ability|p1a: Corviknight|Pressure
|move|p2a: Ogerpon|Encore||[still]
|-fail|p2a: Ogerpon
|
|upkeep
|turn|39
|
|t:|1779886878
|switch|p2a: Alomomola|Alomomola, F, tera:Normal|100/100
|move|p1a: Corviknight|U-turn|p2a: Alomomola
|-damage|p2a: Alomomola|90/100
|
|t:|1779886884
|switch|p1a: Slowking|Slowking-Galar, M|48/100 brn|[from] U-turn
|
|-damage|p1a: Slowking|42/100 brn|[from] brn
|upkeep
|turn|40
|
|t:|1779886887
|switch|p1a: Corviknight|Corviknight, M|88/100
|-ability|p1a: Corviknight|Pressure
|move|p2a: Alomomola|Body Slam|p1a: Corviknight
|-resisted|p1a: Corviknight
|-damage|p1a: Corviknight|81/100
|-damage|p2a: Alomomola|74/100|[from] item: Rocky Helmet|[of] p1a: Corviknight
|
|upkeep
|turn|41
|
|t:|1779886890
|move|p1a: Corviknight|U-turn|p2a: Alomomola
|-damage|p2a: Alomomola|63/100
|
|t:|1779886892
|switch|p1a: Raging Bolt|Raging Bolt|98/100|[from] U-turn
|move|p2a: Alomomola|Flip Turn|p1a: Raging Bolt
|-resisted|p1a: Raging Bolt
|-damage|p1a: Raging Bolt|91/100
|
|t:|1779886895
|switch|p2a: Ogerpon|Ogerpon, F|100/100|[from] Flip Turn
|
|-heal|p1a: Raging Bolt|97/100|[from] item: Leftovers
|upkeep
|turn|42
|
|t:|1779886898
|-end|p1a: Raging Bolt|Protosynthesis|[silent]
|switch|p1a: Corviknight|Corviknight, M|81/100
|-ability|p1a: Corviknight|Pressure
|move|p2a: Ogerpon|Knock Off|p1a: Corviknight
|-damage|p1a: Corviknight|63/100
|-damage|p2a: Ogerpon|84/100|[from] item: Rocky Helmet|[of] p1a: Corviknight
|-enditem|p1a: Corviknight|Rocky Helmet|[from] move: Knock Off|[of] p2a: Ogerpon
|
|upkeep
|turn|43
|
|t:|1779886903
|switch|p2a: Alomomola|Alomomola, F, tera:Normal|96/100
|move|p1a: Corviknight|U-turn|p2a: Alomomola
|-crit|p2a: Alomomola
|-damage|p2a: Alomomola|81/100
|
|t:|1779886905
|switch|p1a: Ting-Lu|Ting-Lu, tera:Water|43/100|[from] U-turn
|-ability|p1a: Ting-Lu|Vessel of Ruin
|
|-heal|p1a: Ting-Lu|49/100|[from] item: Leftovers
|upkeep
|turn|44
|
|t:|1779886908
|move|p1a: Ting-Lu|Stealth Rock|p2a: Alomomola
|-sidestart|p2: itztrip|move: Stealth Rock
|move|p2a: Alomomola|Body Slam|p1a: Ting-Lu
|-damage|p1a: Ting-Lu|37/100
|
|-heal|p1a: Ting-Lu|43/100|[from] item: Leftovers
|upkeep
|turn|45
|
|t:|1779886918
|move|p1a: Ting-Lu|Ruination|p2a: Alomomola
|-damage|p2a: Alomomola|41/100
|move|p2a: Alomomola|Body Slam|p1a: Ting-Lu
|-damage|p1a: Ting-Lu|31/100
|
|-heal|p1a: Ting-Lu|37/100|[from] item: Leftovers
|upkeep
|turn|46
|
|t:|1779886924
|move|p1a: Ting-Lu|Earthquake|p2a: Alomomola
|-damage|p2a: Alomomola|11/100
|move|p2a: Alomomola|Body Slam|p1a: Ting-Lu
|-damage|p1a: Ting-Lu|25/100
|
|-heal|p1a: Ting-Lu|31/100|[from] item: Leftovers
|upkeep
|turn|47
|
|t:|1779886929
|switch|p1a: Corviknight|Corviknight, M|63/100
|-ability|p1a: Corviknight|Pressure
|switch|p2a: Corviknight|Corviknight, F|76/100
|-ability|p2a: Corviknight|Pressure
|
|upkeep
|turn|48
|
|t:|1779886932
|move|p1a: Corviknight|U-turn|p2a: Corviknight
|-resisted|p2a: Corviknight
|-damage|p2a: Corviknight|73/100
|
|t:|1779886934
|switch|p1a: Ting-Lu|Ting-Lu, tera:Water|31/100|[from] U-turn
|-ability|p1a: Ting-Lu|Vessel of Ruin
|move|p2a: Corviknight|Defog|p1a: Ting-Lu
|-unboost|p1a: Ting-Lu|evasion|1
|-sideend|p2: itztrip|Stealth Rock|[from] move: Defog|[of] p2a: Corviknight
|
|-heal|p1a: Ting-Lu|38/100|[from] item: Leftovers
|upkeep
|turn|49
|
|t:|1779886938
|switch|p2a: Alomomola|Alomomola, F, tera:Normal|44/100
|move|p1a: Ting-Lu|Ruination|p2a: Alomomola
|-damage|p2a: Alomomola|22/100
|
|-heal|p1a: Ting-Lu|44/100|[from] item: Leftovers
|upkeep
|turn|50
|l| sgaah
|
|t:|1779886941
|switch|p2a: Ogerpon|Ogerpon, F|84/100
|move|p1a: Ting-Lu|Stealth Rock|p2a: Ogerpon
|-sidestart|p2: itztrip|move: Stealth Rock
|
|-heal|p1a: Ting-Lu|50/100|[from] item: Leftovers
|upkeep
|turn|51
|
|t:|1779886944
|switch|p1a: Corviknight|Corviknight, M|63/100
|-ability|p1a: Corviknight|Pressure
|move|p2a: Ogerpon|Swords Dance|p2a: Ogerpon
|-boost|p2a: Ogerpon|atk|2
|
|upkeep
|turn|52
|
|t:|1779886947
|move|p2a: Ogerpon|Knock Off|p1a: Corviknight
|-damage|p1a: Corviknight|38/100
|move|p1a: Corviknight|Brave Bird|p2a: Ogerpon
|-supereffective|p2a: Ogerpon
|-damage|p2a: Ogerpon|0 fnt
|faint|p2a: Ogerpon
|-damage|p1a: Corviknight|18/100|[from] Recoil
|
|upkeep
|
|t:|1779886949
|switch|p2a: Alomomola|Alomomola, F, tera:Normal|56/100
|-damage|p2a: Alomomola|43/100|[from] Stealth Rock
|turn|53
|
|t:|1779886955
|move|p1a: Corviknight|Roost|p1a: Corviknight
|-heal|p1a: Corviknight|68/100
|-singleturn|p1a: Corviknight|move: Roost
|move|p2a: Alomomola|Flip Turn|p1a: Corviknight
|-damage|p1a: Corviknight|58/100
|
|t:|1779886957
|switch|p2a: Corviknight|Corviknight, F|73/100|[from] Flip Turn
|-ability|p2a: Corviknight|Pressure
|
|upkeep
|turn|54
|-message|itztrip forfeited.
|
|win|gojiratar
|raw|gojiratar's rating: 1615 &rarr; <strong>1635</strong><br />(+20 for winning)
|raw|itztrip's rating: 1619 &rarr; <strong>1599</strong><br />(-20 for losing)
|l|☆itztrip
|player|p2|
|l|☆gojiratar
|player|p1|
