|j|☆wierdchamp13332
|j|☆Dogg25hunna
|t:|1779884681
|gametype|singles
|player|p1|wierdchamp13332|skyla|1080
|player|p2|Dogg25hunna|2|1083
|gen|9
|tier|[Gen 9] OU
|rated|
|rule|HP Percentage Mod: HP is shown in percentages
|rule|Endless Battle Clause: Forcing endless battles is banned
|rule|Species Clause: Limit one of each Pokémon
|rule|OHKO Clause: OHKO moves are banned
|rule|Evasion Items Clause: Evasion items are banned
|rule|Evasion Moves Clause: Evasion moves are banned
|rule|Evasion Abilities Clause: Evasion abilities are banned
|rule|Sleep Moves Clause: Sleep-inducing moves are banned
|clearpoke
|poke|p1|Suicune|
|poke|p1|Entei|
|poke|p1|Raikou|
|poke|p1|Rillaboom, F|
|poke|p1|Corviknight, F|
|poke|p1|Gliscor, F|
|poke|p2|Hatterene, F|
|poke|p2|Landorus-Therian, M|
|poke|p2|Heatran, M|
|poke|p2|Great Tusk|
|poke|p2|Iron Valiant|
|poke|p2|Mienshao, M|
|teampreview
|inactive|Battle timer is ON: inactive players will automatically lose when time's up. (requested by Dogg25hunna)
|c|☆wierdchamp13332|Glhf
|
|t:|1779884695
|teamsize|p1|6
|teamsize|p2|6
|start
|switch|p1a: Corviknight|Corviknight, F|100/100
|switch|p2a: Mienshao|Mienshao, M|100/100
|-ability|p1a: Corviknight|Pressure
|turn|1
|
|t:|1779884707
|switch|p2a: Landorus|Landorus-Therian, M|100/100
|-ability|p2a: Landorus|Intimidate|boost
|-unboost|p1a: Corviknight|atk|1
|move|p1a: Corviknight|Brave Bird|p2a: Landorus
|-damage|p2a: Landorus|69/100
|-damage|p1a: Corviknight|92/100|[from] Recoil
|
|-heal|p2a: Landorus|75/100|[from] item: Leftovers
|upkeep
|turn|2
|
|t:|1779884737
|switch|p1a: Gliscor|Gliscor, F|100/100
|move|p2a: Landorus|Stealth Rock|p1a: Gliscor
|-sidestart|p1: wierdchamp13332|move: Stealth Rock
|
|-heal|p2a: Landorus|82/100|[from] item: Leftovers
|-status|p1a: Gliscor|tox|[from] item: Toxic Orb
|upkeep
|turn|3
|
|t:|1779884746
|switch|p2a: Hatterene|Hatterene, F|100/100
|move|p1a: Gliscor|Swords Dance|p1a: Gliscor
|-boost|p1a: Gliscor|atk|2
|
|upkeep
|turn|4
|
|t:|1779884752
|move|p1a: Gliscor|Facade|p2a: Hatterene
|-damage|p2a: Hatterene|14/100
|move|p2a: Hatterene|Psychic Noise|p1a: Gliscor
|-damage|p1a: Gliscor|51/100 tox
|-start|p1a: Gliscor|move: Heal Block
|
|upkeep
|turn|5
|
|t:|1779884760
|switch|p2a: Landorus|Landorus-Therian, M|82/100
|-ability|p2a: Landorus|Intimidate|boost
|-unboost|p1a: Gliscor|atk|1
|move|p1a: Gliscor|Facade|p2a: Landorus
|-damage|p2a: Landorus|14/100
|
|-heal|p2a: Landorus|20/100|[from] item: Leftovers
|-end|p1a: Gliscor|move: Heal Block
|upkeep
|turn|6
|
|t:|1779884771
|move|p1a: Gliscor|Facade|p2a: Landorus
|-damage|p2a: Landorus|0 fnt
|faint|p2a: Landorus
|
|-heal|p1a: Gliscor|63/100 tox|[from] ability: Poison Heal
|upkeep
|
|t:|1779884784
|switch|p2a: Iron Valiant|Iron Valiant|100/100
|-enditem|p2a: Iron Valiant|Booster Energy
|-activate|p2a: Iron Valiant|ability: Quark Drive|[fromitem]
|-start|p2a: Iron Valiant|quarkdrivespe
|turn|7
|
|t:|1779884791
|move|p2a: Iron Valiant|Moonblast|p1a: Gliscor
|-damage|p1a: Gliscor|0 fnt
|faint|p1a: Gliscor
|
|upkeep
|
|t:|1779884795
|switch|p1a: Corviknight|Corviknight, F|92/100
|-damage|p1a: Corviknight|80/100|[from] Stealth Rock
|-ability|p1a: Corviknight|Pressure
|turn|8
|
|t:|1779884799
|move|p2a: Iron Valiant|Thunderbolt|p1a: Corviknight
|-supereffective|p1a: Corviknight
|-damage|p1a: Corviknight|20/100
|move|p1a: Corviknight|Defog|p2a: Iron Valiant
|-unboost|p2a: Iron Valiant|evasion|1
|-sideend|p1: wierdchamp13332|Stealth Rock|[from] move: Defog|[of] p1a: Corviknight
|
|upkeep
|turn|9
|inactive|wierdchamp13332 has 120 seconds left.
|
|t:|1779884843
|move|p2a: Iron Valiant|Aura Sphere|p1a: Corviknight
|-damage|p1a: Corviknight|0 fnt
|faint|p1a: Corviknight
|
|upkeep
|
|t:|1779884853
|switch|p1a: Raikou|Raikou|100/100
|-ability|p1a: Raikou|Pressure
|turn|10
|
|t:|1779884859
|move|p2a: Iron Valiant|Moonblast|p1a: Raikou
|-damage|p1a: Raikou|55/100
|move|p1a: Raikou|Calm Mind|p1a: Raikou
|-boost|p1a: Raikou|spa|1
|-boost|p1a: Raikou|spd|1
|
|upkeep
|turn|11
|
|t:|1779884864
|move|p2a: Iron Valiant|Moonblast|p1a: Raikou
|-damage|p1a: Raikou|26/100
|-unboost|p1a: Raikou|spa|1
|move|p1a: Raikou|Thunderbolt|p2a: Iron Valiant
|-damage|p2a: Iron Valiant|0 fnt
|faint|p2a: Iron Valiant
|-end|p2a: Iron Valiant|Quark Drive|[silent]
|
|upkeep
|
|t:|1779884873
|switch|p2a: Great Tusk|Great Tusk|100/100
|-enditem|p2a: Great Tusk|Booster Energy
|-activate|p2a: Great Tusk|ability: Protosynthesis|[fromitem]
|-start|p2a: Great Tusk|protosynthesisdef
|turn|12
|inactive|wierdchamp13332 has 120 seconds left.
|inactive|wierdchamp13332 has 90 seconds left.
|inactive|wierdchamp13332 has 60 seconds left.
|
|t:|1779884978
|move|p1a: Raikou|Aura Sphere|p2a: Great Tusk
|-damage|p2a: Great Tusk|62/100
|move|p2a: Great Tusk|Rapid Spin|p1a: Raikou
|-damage|p1a: Raikou|6/100
|-boost|p2a: Great Tusk|spe|1
|
|upkeep
|turn|13
|
|t:|1779884985
|move|p2a: Great Tusk|Rapid Spin|p1a: Raikou
|-damage|p1a: Raikou|0 fnt
|-boost|p2a: Great Tusk|spe|1
|faint|p1a: Raikou
|
|upkeep
|
|t:|1779884989
|switch|p1a: Rillaboom|Rillaboom, F|100/100
|-fieldstart|move: Grassy Terrain|[from] ability: Grassy Surge|[of] p1a: Rillaboom
|turn|14
|
|t:|1779884994
|move|p1a: Rillaboom|Fake Out|p2a: Great Tusk
|-damage|p2a: Great Tusk|56/100
|cant|p2a: Great Tusk|flinch
|
|-heal|p2a: Great Tusk|62/100|[from] Grassy Terrain
|upkeep
|turn|15
|
|t:|1779885005
|move|p1a: Rillaboom|Grassy Glide|p2a: Great Tusk
|-supereffective|p2a: Great Tusk
|-damage|p2a: Great Tusk|24/100
|move|p2a: Great Tusk|Ice Spinner|p1a: Rillaboom
|-supereffective|p1a: Rillaboom
|-damage|p1a: Rillaboom|38/100
|-fieldend|move: Grassy Terrain
|
|upkeep
|turn|16
|
|t:|1779885013
|move|p2a: Great Tusk|Body Press|p1a: Rillaboom
|-damage|p1a: Rillaboom|0 fnt
|faint|p1a: Rillaboom
|
|upkeep
|
|t:|1779885015
|switch|p1a: Suicune|Suicune|100/100
|-ability|p1a: Suicune|Pressure
|turn|17
|
|t:|1779885021
|move|p2a: Great Tusk|Body Press|p1a: Suicune
|-damage|p1a: Suicune|68/100
|move|p1a: Suicune|Scald|p2a: Great Tusk
|-supereffective|p2a: Great Tusk
|-damage|p2a: Great Tusk|0 fnt
|faint|p2a: Great Tusk
|-end|p2a: Great Tusk|Protosynthesis|[silent]
|
|-heal|p1a: Suicune|74/100|[from] item: Leftovers
|upkeep
|c|☆wierdchamp13332|That's a sick set
|
|t:|1779885033
|switch|p2a: Hatterene|Hatterene, F|14/100
|turn|18
|c|☆wierdchamp13332|I liked that great tusk set alot
|
|t:|1779885038
|move|p1a: Suicune|Calm Mind|p1a: Suicune
|-boost|p1a: Suicune|spa|1
|-boost|p1a: Suicune|spd|1
|move|p2a: Hatterene|Giga Drain|p1a: Suicune
|-supereffective|p1a: Suicune
|-damage|p1a: Suicune|52/100
|-heal|p2a: Hatterene|29/100|[from] drain|[of] p1a: Suicune
|
|-heal|p1a: Suicune|58/100|[from] item: Leftovers
|upkeep
|turn|19
|c|☆Dogg25hunna|thx bro
|
|t:|1779885055
|move|p1a: Suicune|Scald|p2a: Hatterene
|-damage|p2a: Hatterene|3/100
|move|p2a: Hatterene|Giga Drain|p1a: Suicune
|-supereffective|p1a: Suicune
|-damage|p1a: Suicune|36/100
|-heal|p2a: Hatterene|19/100|[from] drain|[of] p1a: Suicune
|
|-heal|p1a: Suicune|42/100|[from] item: Leftovers
|upkeep
|turn|20
|
|t:|1779885063
|move|p1a: Suicune|Scald|p2a: Hatterene
|-damage|p2a: Hatterene|0 fnt
|faint|p2a: Hatterene
|
|-heal|p1a: Suicune|48/100|[from] item: Leftovers
|upkeep
|
|t:|1779885078
|switch|p2a: Mienshao|Mienshao, M|100/100
|turn|21
|inactive|wierdchamp13332 has 120 seconds left.
|c|☆wierdchamp13332|I just end up seeing a lot of the moves for Great Tusk (I'm guilty of that as well)
|
|t:|1779885095
|move|p2a: Mienshao|Close Combat|p1a: Suicune
|-crit|p1a: Suicune
|-damage|p1a: Suicune|0 fnt
|-unboost|p2a: Mienshao|def|1
|-unboost|p2a: Mienshao|spd|1
|faint|p1a: Suicune
|-damage|p2a: Mienshao|91/100|[from] item: Life Orb
|
|upkeep
|
|t:|1779885097
|switch|p1a: Entei|Entei|100/100
|-ability|p1a: Entei|Pressure
|turn|22
|
|t:|1779885105
|switch|p2a: Heatran|Heatran, M|100/100
|-terastallize|p1a: Entei|Fire
|move|p1a: Entei|Flame Charge|p2a: Heatran
|-start|p2a: Heatran|ability: Flash Fire
|
|upkeep
|turn|23
|
|t:|1779885113
|move|p1a: Entei|Crunch|p2a: Heatran
|-damage|p2a: Heatran|81/100
|move|p2a: Heatran|Earth Power|p1a: Entei
|-supereffective|p1a: Entei
|-damage|p1a: Entei|47/100
|
|-heal|p2a: Heatran|88/100|[from] item: Leftovers
|upkeep
|turn|24
|c|☆wierdchamp13332|Gg
|c|☆Dogg25hunna|gg
|-message|wierdchamp13332 forfeited.
|
|win|Dogg25hunna
|raw|wierdchamp13332's rating: 1080 &rarr; <strong>1058</strong><br />(-22 for losing)
|raw|Dogg25hunna's rating: 1083 &rarr; <strong>1110</strong><br />(+27 for winning)
|l|☆wierdchamp13332
|player|p1|
|l|☆Dogg25hunna
|player|p2|
