|j|☆Danielesqueda17
|j|☆KanyeAsadaa
|t:|1779945080
|gametype|singles
|player|p1|Danielesqueda17|bellelba|1493
|player|p2|KanyeAsadaa|clown|1476
|gen|9
|tier|[Gen 9] OU
|rated|
|rule|HP Percentage Mod: HP is shown in percentages
|rule|Endless Battle Clause: Forcing endless battles is banned
|rule|Species Clause: Limit one of each Pokémon
|rule|OHKO Clause: OHKO moves are banned
|rule|Evasion Items Clause: Evasion items are banned
|rule|Evasion Moves Clause: Evasion moves are banned
|rule|Evasion Abilities Clause: Evasion abilities are banned
|rule|Sleep Moves Clause: Sleep-inducing moves are banned
|clearpoke
|poke|p1|Araquanid, F|
|poke|p1|Mamoswine, F|
|poke|p1|Iron Valiant|
|poke|p1|Enamorus, F|
|poke|p1|Dragapult, M|
|poke|p1|Gholdengo|
|poke|p2|Hoopa-Unbound|
|poke|p2|Clefable, M|
|poke|p2|Great Tusk|
|poke|p2|Cinderace, M|
|poke|p2|Dragonite, M|
|poke|p2|Slowking-Galar, M|
|teampreview
|inactive|Battle timer is ON: inactive players will automatically lose when time's up. (requested by Danielesqueda17)
|
|t:|1779945111
|teamsize|p1|6
|teamsize|p2|6
|start
|switch|p1a: Dragapult|Dragapult, M|100/100
|switch|p2a: Clefable|Clefable, M|100/100
|turn|1
|
|t:|1779945118
|move|p1a: Dragapult|U-turn|p2a: Clefable
|-resisted|p2a: Clefable
|-damage|p2a: Clefable|94/100
|
|t:|1779945119
|switch|p1a: Gholdengo|Gholdengo|100/100|[from] U-turn
|-item|p1a: Gholdengo|Air Balloon
|move|p2a: Clefable|Stealth Rock|p1a: Gholdengo
|-sidestart|p1: Danielesqueda17|move: Stealth Rock
|
|-heal|p2a: Clefable|99/100|[from] item: Leftovers
|upkeep
|turn|2
|
|t:|1779945142
|switch|p1a: Araquanid|Araquanid, F|100/100
|-damage|p1a: Araquanid|75/100|[from] Stealth Rock
|switch|p2a: Slowking|Slowking-Galar, M|100/100
|
|upkeep
|turn|3
|
|t:|1779945152
|move|p1a: Araquanid|Sticky Web|p2a: Slowking
|-sidestart|p2: KanyeAsadaa|move: Sticky Web
|-prepare|p2a: Slowking|Chilly Reception|[premajor]
|move|p2a: Slowking|Chilly Reception|p2a: Slowking
|-weather|Snowscape
|
|t:|1779945167
|switch|p2a: Clefable|Clefable, M|99/100|[from] Chilly Reception
|-activate|p2a: Clefable|move: Sticky Web
|-unboost|p2a: Clefable|spe|1
|
|-weather|Snowscape|[upkeep]
|-heal|p2a: Clefable|100/100|[from] item: Leftovers
|upkeep
|turn|4
|
|t:|1779945171
|move|p1a: Araquanid|Liquidation|p2a: Clefable
|-damage|p2a: Clefable|70/100
|move|p2a: Clefable|Moonblast|p1a: Araquanid
|-damage|p1a: Araquanid|52/100
|
|-weather|Snowscape|[upkeep]
|-heal|p2a: Clefable|76/100|[from] item: Leftovers
|upkeep
|turn|5
|
|t:|1779945179
|move|p1a: Araquanid|Liquidation|p2a: Clefable
|-crit|p2a: Clefable
|-damage|p2a: Clefable|26/100
|-unboost|p2a: Clefable|def|1
|move|p2a: Clefable|Thunder Wave|p1a: Araquanid
|-status|p1a: Araquanid|par
|
|-weather|Snowscape|[upkeep]
|-heal|p2a: Clefable|32/100|[from] item: Leftovers
|upkeep
|turn|6
|
|t:|1779945193
|switch|p2a: Slowking|Slowking-Galar, M|100/100
|cant|p1a: Araquanid|par
|
|-weather|Snowscape|[upkeep]
|upkeep
|turn|7
|
|t:|1779945199
|move|p2a: Slowking|Future Sight|p1a: Araquanid
|-start|p2a: Slowking|move: Future Sight
|move|p1a: Araquanid|Liquidation|p2a: Slowking
|-damage|p2a: Slowking|52/100
|
|-weather|none
|upkeep
|turn|8
|
|t:|1779945204
|-prepare|p2a: Slowking|Chilly Reception|[premajor]
|move|p2a: Slowking|Chilly Reception|p2a: Slowking
|-weather|Snowscape
|
|t:|1779945209
|switch|p2a: Clefable|Clefable, M|32/100|[from] Chilly Reception
|-activate|p2a: Clefable|move: Sticky Web
|-unboost|p2a: Clefable|spe|1
|move|p1a: Araquanid|Liquidation|p2a: Clefable
|-damage|p2a: Clefable|0 fnt
|faint|p2a: Clefable
|
|-weather|Snowscape|[upkeep]
|upkeep
|
|t:|1779945216
|switch|p2a: Cinderace|Cinderace, M|100/100
|turn|9
|
|t:|1779945219
|move|p2a: Cinderace|Pyro Ball|p1a: Araquanid
|-damage|p1a: Araquanid|35/100 par
|move|p1a: Araquanid|Liquidation|p2a: Cinderace
|-supereffective|p2a: Cinderace
|-crit|p2a: Cinderace
|-damage|p2a: Cinderace|0 fnt
|faint|p2a: Cinderace
|
|-weather|Snowscape|[upkeep]
|-end|p1a: Araquanid|move: Future Sight
|-damage|p1a: Araquanid|0 fnt
|faint|p1a: Araquanid
|upkeep
|
|t:|1779945227
|switch|p2a: Hoopa|Hoopa-Unbound|100/100
|switch|p1a: Mamoswine|Mamoswine, F|100/100
|-damage|p1a: Mamoswine|88/100|[from] Stealth Rock
|-activate|p2a: Hoopa|move: Sticky Web
|-unboost|p2a: Hoopa|spe|1
|turn|10
|
|t:|1779945236
|move|p1a: Mamoswine|Icicle Crash|p2a: Hoopa
|-damage|p2a: Hoopa|14/100
|-damage|p1a: Mamoswine|78/100|[from] item: Life Orb
|move|p2a: Hoopa|Knock Off|p1a: Mamoswine
|-damage|p1a: Mamoswine|36/100
|-enditem|p1a: Mamoswine|Life Orb|[from] move: Knock Off|[of] p2a: Hoopa
|
|-weather|Snowscape|[upkeep]
|upkeep
|turn|11
|-message|KanyeAsadaa forfeited.
|
|win|Danielesqueda17
|raw|Danielesqueda17's rating: 1493 &rarr; <strong>1512</strong><br />(+19 for winning)
|raw|KanyeAsadaa's rating: 1476 &rarr; <strong>1457</strong><br />(-19 for losing)
|l|☆KanyeAsadaa
|player|p2|
|l|☆Danielesqueda17
|player|p1|
