|j|☆iosoyio
|j|☆Docter_Peng99
|t:|1779831708
|gametype|singles
|player|p1|iosoyio|gambler|1336
|player|p2|Docter_Peng99|corbeau|1343
|gen|9
|tier|[Gen 9] OU
|rated|
|rule|HP Percentage Mod: HP is shown in percentages
|rule|Endless Battle Clause: Forcing endless battles is banned
|rule|Species Clause: Limit one of each Pokémon
|rule|OHKO Clause: OHKO moves are banned
|rule|Evasion Items Clause: Evasion items are banned
|rule|Evasion Moves Clause: Evasion moves are banned
|rule|Evasion Abilities Clause: Evasion abilities are banned
|rule|Sleep Moves Clause: Sleep-inducing moves are banned
|clearpoke
|poke|p1|Grafaiai, F|
|poke|p1|Kilowattrel, M|
|poke|p1|Meowscarada, M|
|poke|p1|Garganacl, F|
|poke|p1|Ceruledge, F|
|poke|p1|Rillaboom, F|
|poke|p2|Gliscor, M|
|poke|p2|Great Tusk|
|poke|p2|Gholdengo|
|poke|p2|Zamazenta-*|
|poke|p2|Primarina, F|
|poke|p2|Kingambit, M|
|teampreview
|
|t:|1779831713
|teamsize|p1|6
|teamsize|p2|6
|start
|switch|p1a: Grafaiai|Grafaiai, F|100/100
|switch|p2a: Darkwing|Gliscor, M|100/100
|turn|1
|
|t:|1779831718
|move|p2a: Darkwing|Protect|p2a: Darkwing
|-singleturn|p2a: Darkwing|Protect
|move|p1a: Grafaiai|Switcheroo|p2a: Darkwing
|-activate|p2a: Darkwing|move: Protect
|
|-status|p2a: Darkwing|tox|[from] item: Toxic Orb
|upkeep
|turn|2
|
|t:|1779831725
|switch|p2a: Mr. Moneybags|Gholdengo|100/100
|move|p1a: Grafaiai|Taunt|p2a: Mr. Moneybags
|-immune|p2a: Mr. Moneybags|[from] ability: Good as Gold
|
|upkeep
|turn|3
|
|t:|1779831729
|move|p2a: Mr. Moneybags|Trick|p1a: Grafaiai
|-activate|p2a: Mr. Moneybags|move: Trick|[of] p1a: Grafaiai
|-item|p1a: Grafaiai|Choice Scarf|[from] move: Trick
|-item|p2a: Mr. Moneybags|Black Sludge|[from] move: Trick
|move|p1a: Grafaiai|Knock Off|p2a: Mr. Moneybags
|-supereffective|p2a: Mr. Moneybags
|-damage|p2a: Mr. Moneybags|42/100
|-enditem|p2a: Mr. Moneybags|Black Sludge|[from] move: Knock Off|[of] p1a: Grafaiai
|
|upkeep
|turn|4
|
|t:|1779831740
|switch|p1a: Meowscarada|Meowscarada, M|100/100
|move|p2a: Mr. Moneybags|Make It Rain|p1a: Meowscarada
|-damage|p1a: Meowscarada|0 fnt
|-unboost|p2a: Mr. Moneybags|spa|1
|faint|p1a: Meowscarada
|
|upkeep
|
|t:|1779831749
|switch|p1a: Ceruledge|Ceruledge, F|100/100
|turn|5
|
|t:|1779831753
|move|p2a: Mr. Moneybags|Shadow Ball|p1a: Ceruledge
|-supereffective|p1a: Ceruledge
|-damage|p1a: Ceruledge|34/100
|-enditem|p1a: Ceruledge|Weakness Policy
|-boost|p1a: Ceruledge|atk|2|[from] item: Weakness Policy
|-boost|p1a: Ceruledge|spa|2|[from] item: Weakness Policy
|move|p1a: Ceruledge|Swords Dance|p1a: Ceruledge
|-boost|p1a: Ceruledge|atk|2
|
|upkeep
|turn|6
|
|t:|1779831757
|move|p2a: Mr. Moneybags|Shadow Ball|p1a: Ceruledge
|-supereffective|p1a: Ceruledge
|-damage|p1a: Ceruledge|0 fnt
|faint|p1a: Ceruledge
|
|upkeep
|
|t:|1779831770
|switch|p1a: Garganacl|Garganacl, F, shiny|100/100
|turn|7
|
|t:|1779831776
|switch|p2a: Darkwing|Gliscor, M|100/100 tox
|move|p1a: Garganacl|Salt Cure|p2a: Darkwing
|-damage|p2a: Darkwing|89/100 tox
|-start|p2a: Darkwing|Salt Cure
|
|-heal|p2a: Darkwing|100/100 tox|[from] ability: Poison Heal
|-damage|p2a: Darkwing|88/100 tox|[from] Salt Cure
|upkeep
|turn|8
|
|t:|1779831782
|move|p2a: Darkwing|Spikes|p1a: Garganacl
|-sidestart|p1: iosoyio|Spikes
|move|p1a: Garganacl|Iron Defense|p1a: Garganacl
|-boost|p1a: Garganacl|def|2
|
|-heal|p2a: Darkwing|100/100 tox|[from] ability: Poison Heal
|-damage|p2a: Darkwing|88/100 tox|[from] Salt Cure
|upkeep
|turn|9
|
|t:|1779831788
|move|p2a: Darkwing|Knock Off|p1a: Garganacl
|-damage|p1a: Garganacl|94/100
|-damage|p2a: Darkwing|72/100 tox|[from] item: Rocky Helmet|[of] p1a: Garganacl
|-enditem|p1a: Garganacl|Rocky Helmet|[from] move: Knock Off|[of] p2a: Darkwing
|move|p1a: Garganacl|Body Press|p2a: Darkwing
|-resisted|p2a: Darkwing
|-damage|p2a: Darkwing|49/100 tox
|
|-heal|p2a: Darkwing|61/100 tox|[from] ability: Poison Heal
|-damage|p2a: Darkwing|49/100 tox|[from] Salt Cure
|upkeep
|turn|10
|
|t:|1779831800
|move|p2a: Darkwing|Spikes|p1a: Garganacl
|-sidestart|p1: iosoyio|Spikes
|move|p1a: Garganacl|Body Press|p2a: Darkwing
|-resisted|p2a: Darkwing
|-damage|p2a: Darkwing|28/100 tox
|
|-heal|p2a: Darkwing|40/100 tox|[from] ability: Poison Heal
|-damage|p2a: Darkwing|28/100 tox|[from] Salt Cure
|upkeep
|turn|11
|
|t:|1779831808
|move|p2a: Darkwing|Spikes|p1a: Garganacl
|-sidestart|p1: iosoyio|Spikes
|move|p1a: Garganacl|Salt Cure|p2a: Darkwing
|-damage|p2a: Darkwing|18/100 tox
|
|-heal|p2a: Darkwing|30/100 tox|[from] ability: Poison Heal
|-damage|p2a: Darkwing|18/100 tox|[from] Salt Cure
|upkeep
|turn|12
|
|t:|1779831818
|switch|p2a: Mr. Moneybags|Gholdengo|42/100
|move|p1a: Garganacl|Body Press|p2a: Mr. Moneybags
|-immune|p2a: Mr. Moneybags
|
|upkeep
|turn|13
|
|t:|1779831833
|switch|p1a: Kilowattrel|Kilowattrel, M|100/100
|move|p2a: Mr. Moneybags|Make It Rain|p1a: Kilowattrel
|-resisted|p1a: Kilowattrel
|-damage|p1a: Kilowattrel|39/100
|-unboost|p2a: Mr. Moneybags|spa|1
|
|upkeep
|turn|14
|
|t:|1779831842
|switch|p2a: Darkwing|Gliscor, M|18/100 tox
|move|p1a: Kilowattrel|Hurricane|p2a: Darkwing
|-damage|p2a: Darkwing|0 fnt
|faint|p2a: Darkwing
|
|upkeep
|
|t:|1779831850
|switch|p2a: WhoLetTheDogsOut|Zamazenta|100/100
|-ability|p2a: WhoLetTheDogsOut|Dauntless Shield|boost
|-boost|p2a: WhoLetTheDogsOut|def|1
|turn|15
|
|t:|1779831853
|switch|p1a: Rillaboom|Rillaboom, F|100/100
|-damage|p1a: Rillaboom|76/100|[from] Spikes
|-fieldstart|move: Grassy Terrain|[from] ability: Grassy Surge|[of] p1a: Rillaboom
|move|p2a: WhoLetTheDogsOut|Body Press|p1a: Rillaboom
|-damage|p1a: Rillaboom|23/100
|
|-heal|p1a: Rillaboom|29/100|[from] Grassy Terrain
|upkeep
|turn|16
|
|t:|1779831858
|move|p2a: WhoLetTheDogsOut|Iron Defense|p2a: WhoLetTheDogsOut
|-boost|p2a: WhoLetTheDogsOut|def|2
|move|p1a: Rillaboom|Drum Beating|p2a: WhoLetTheDogsOut
|-crit|p2a: WhoLetTheDogsOut
|-damage|p2a: WhoLetTheDogsOut|37/100
|-unboost|p2a: WhoLetTheDogsOut|spe|1
|
|-heal|p1a: Rillaboom|35/100|[from] Grassy Terrain
|-heal|p2a: WhoLetTheDogsOut|43/100|[from] Grassy Terrain
|-heal|p2a: WhoLetTheDogsOut|49/100|[from] item: Leftovers
|upkeep
|turn|17
|
|t:|1779831866
|move|p1a: Rillaboom|Knock Off|p2a: WhoLetTheDogsOut
|-resisted|p2a: WhoLetTheDogsOut
|-damage|p2a: WhoLetTheDogsOut|45/100
|-enditem|p2a: WhoLetTheDogsOut|Leftovers|[from] move: Knock Off|[of] p1a: Rillaboom
|move|p2a: WhoLetTheDogsOut|Body Press|p1a: Rillaboom
|-damage|p1a: Rillaboom|0 fnt
|faint|p1a: Rillaboom
|
|-heal|p2a: WhoLetTheDogsOut|51/100|[from] Grassy Terrain
|upkeep
|
|t:|1779831895
|switch|p1a: Garganacl|Garganacl, F, shiny|94/100
|-damage|p1a: Garganacl|69/100|[from] Spikes
|turn|18
|
|t:|1779831902
|-terastallize|p1a: Garganacl|Fairy
|move|p2a: WhoLetTheDogsOut|Body Press|p1a: Garganacl
|-resisted|p1a: Garganacl
|-damage|p1a: Garganacl|44/100
|move|p1a: Garganacl|Recover|p1a: Garganacl
|-heal|p1a: Garganacl|94/100
|
|-heal|p2a: WhoLetTheDogsOut|57/100|[from] Grassy Terrain
|-heal|p1a: Garganacl|100/100|[from] Grassy Terrain
|upkeep
|turn|19
|
|t:|1779831911
|move|p2a: WhoLetTheDogsOut|Substitute|p2a: WhoLetTheDogsOut
|-start|p2a: WhoLetTheDogsOut|Substitute
|-damage|p2a: WhoLetTheDogsOut|32/100
|move|p1a: Garganacl|Salt Cure|p2a: WhoLetTheDogsOut
|-resisted|p2a: WhoLetTheDogsOut
|-activate|p2a: WhoLetTheDogsOut|move: Substitute|[damage]
|
|-heal|p2a: WhoLetTheDogsOut|39/100|[from] Grassy Terrain
|-fieldend|move: Grassy Terrain
|upkeep
|turn|20
|
|t:|1779831914
|move|p2a: WhoLetTheDogsOut|Iron Defense|p2a: WhoLetTheDogsOut
|-boost|p2a: WhoLetTheDogsOut|def|2
|move|p1a: Garganacl|Iron Defense|p1a: Garganacl
|-boost|p1a: Garganacl|def|2
|
|upkeep
|turn|21
|
|t:|1779831921
|move|p2a: WhoLetTheDogsOut|Iron Defense|p2a: WhoLetTheDogsOut
|-boost|p2a: WhoLetTheDogsOut|def|1
|move|p1a: Garganacl|Body Press|p2a: WhoLetTheDogsOut
|-activate|p2a: WhoLetTheDogsOut|move: Substitute|[damage]
|
|upkeep
|turn|22
|
|t:|1779831926
|move|p2a: WhoLetTheDogsOut|Body Press|p1a: Garganacl
|-resisted|p1a: Garganacl
|-damage|p1a: Garganacl|80/100
|move|p1a: Garganacl|Body Press|p2a: WhoLetTheDogsOut
|-activate|p2a: WhoLetTheDogsOut|move: Substitute|[damage]
|
|upkeep
|turn|23
|
|t:|1779831931
|move|p2a: WhoLetTheDogsOut|Body Press|p1a: Garganacl
|-resisted|p1a: Garganacl
|-damage|p1a: Garganacl|60/100
|move|p1a: Garganacl|Iron Defense|p1a: Garganacl
|-boost|p1a: Garganacl|def|2
|
|upkeep
|turn|24
|
|t:|1779831935
|move|p2a: WhoLetTheDogsOut|Body Press|p1a: Garganacl
|-resisted|p1a: Garganacl
|-damage|p1a: Garganacl|47/100
|move|p1a: Garganacl|Recover|p1a: Garganacl
|-heal|p1a: Garganacl|97/100
|
|upkeep
|turn|25
|
|t:|1779831939
|move|p2a: WhoLetTheDogsOut|Body Press|p1a: Garganacl
|-resisted|p1a: Garganacl
|-damage|p1a: Garganacl|85/100
|move|p1a: Garganacl|Body Press|p2a: WhoLetTheDogsOut
|-end|p2a: WhoLetTheDogsOut|Substitute
|
|upkeep
|turn|26
|
|t:|1779831948
|move|p2a: WhoLetTheDogsOut|Body Press|p1a: Garganacl
|-resisted|p1a: Garganacl
|-damage|p1a: Garganacl|72/100
|move|p1a: Garganacl|Salt Cure|p2a: WhoLetTheDogsOut
|-resisted|p2a: WhoLetTheDogsOut
|-damage|p2a: WhoLetTheDogsOut|37/100
|-start|p2a: WhoLetTheDogsOut|Salt Cure
|
|-damage|p2a: WhoLetTheDogsOut|25/100|[from] Salt Cure
|upkeep
|turn|27
|
|t:|1779831953
|move|p2a: WhoLetTheDogsOut|Body Press|p1a: Garganacl
|-resisted|p1a: Garganacl
|-damage|p1a: Garganacl|60/100
|move|p1a: Garganacl|Body Press|p2a: WhoLetTheDogsOut
|-damage|p2a: WhoLetTheDogsOut|8/100
|
|-damage|p2a: WhoLetTheDogsOut|0 fnt|[from] Salt Cure
|faint|p2a: WhoLetTheDogsOut
|upkeep
|
|t:|1779831955
|switch|p2a: Mr. Moneybags|Gholdengo|42/100
|turn|28
|
|t:|1779831961
|switch|p1a: Grafaiai|Grafaiai, F|100/100
|-damage|p1a: Grafaiai|76/100|[from] Spikes
|move|p2a: Mr. Moneybags|Make It Rain|p1a: Grafaiai
|-damage|p1a: Grafaiai|0 fnt
|-unboost|p2a: Mr. Moneybags|spa|1
|faint|p1a: Grafaiai
|
|upkeep
|
|t:|1779831971
|switch|p1a: Kilowattrel|Kilowattrel, M|39/100
|turn|29
|
|t:|1779831976
|switch|p2a: Ancient Elephant|Great Tusk|100/100
|move|p1a: Kilowattrel|Hurricane|p2a: Ancient Elephant
|-supereffective|p2a: Ancient Elephant
|-damage|p2a: Ancient Elephant|0 fnt
|faint|p2a: Ancient Elephant
|-end|p2a: Ancient Elephant|Protosynthesis|[silent]
|
|upkeep
|
|t:|1779831980
|switch|p2a: Shirahoshi|Primarina, F|100/100
|turn|30
|
|t:|1779831988
|switch|p1a: Garganacl|Garganacl, F, shiny, tera:Fairy|60/100
|-damage|p1a: Garganacl|35/100|[from] Spikes
|move|p2a: Shirahoshi|Moonblast|p1a: Garganacl
|-damage|p1a: Garganacl|0 fnt
|faint|p1a: Garganacl
|
|upkeep
|
|t:|1779831990
|switch|p1a: Kilowattrel|Kilowattrel, M|39/100
|turn|31
|
|t:|1779831993
|move|p1a: Kilowattrel|Thunderbolt|p2a: Shirahoshi
|-supereffective|p2a: Shirahoshi
|-damage|p2a: Shirahoshi|29/100
|move|p2a: Shirahoshi|Moonblast|p1a: Kilowattrel
|-damage|p1a: Kilowattrel|0 fnt
|faint|p1a: Kilowattrel
|
|win|Docter_Peng99
|raw|iosoyio's rating: 1336 &rarr; <strong>1316</strong><br />(-20 for losing)
|raw|Docter_Peng99's rating: 1343 &rarr; <strong>1363</strong><br />(+20 for winning)
|c|☆Docter_Peng99|gg
|l|☆iosoyio
|player|p1|
