|j|☆jopper44
|j|☆Dolispas
|t:|1779960478
|gametype|singles
|player|p1|jopper44|roughneck|1074
|player|p2|Dolispas|morty|1057
|gen|9
|tier|[Gen 9] OU
|rated|
|rule|HP Percentage Mod: HP is shown in percentages
|rule|Endless Battle Clause: Forcing endless battles is banned
|rule|Species Clause: Limit one of each Pokémon
|rule|OHKO Clause: OHKO moves are banned
|rule|Evasion Items Clause: Evasion items are banned
|rule|Evasion Moves Clause: Evasion moves are banned
|rule|Evasion Abilities Clause: Evasion abilities are banned
|rule|Sleep Moves Clause: Sleep-inducing moves are banned
|clearpoke
|poke|p1|Eelektross, F|
|poke|p1|Krookodile, M|
|poke|p1|Drifblim, M|
|poke|p1|Cloyster, M|
|poke|p1|Goodra-Hisui, F|
|poke|p1|Garganacl, F|
|poke|p2|Delphox, F|
|poke|p2|Decidueye-Hisui, M|
|poke|p2|Swampert, M|
|poke|p2|Goodra-Hisui, F|
|poke|p2|Toxtricity, M|
|poke|p2|Zoroark-Hisui, M|
|teampreview
|inactive|Battle timer is ON: inactive players will automatically lose when time's up. (requested by Dolispas)
|
|t:|1779960489
|teamsize|p1|6
|teamsize|p2|6
|start
|switch|p1a: punani|Cloyster, M|100/100
|switch|p2a: The Shield-Lizard|Goodra-Hisui, F|100/100
|turn|1
|
|t:|1779960496
|move|p2a: The Shield-Lizard|Trick|p1a: punani
|-activate|p2a: The Shield-Lizard|move: Trick|[of] p1a: punani
|-item|p1a: punani|Choice Scarf|[from] move: Trick
|-item|p2a: The Shield-Lizard|Focus Sash|[from] move: Trick
|move|p1a: punani|Icicle Spear|p2a: The Shield-Lizard
|-damage|p2a: The Shield-Lizard|84/100
|replace|p2a: Zoroark|Zoroark-Hisui, M, shiny
|-end|p2a: Zoroark|Illusion
|-damage|p2a: Zoroark|67/100
|-crit|p2a: Zoroark
|-damage|p2a: Zoroark|45/100
|-damage|p2a: Zoroark|30/100
|-damage|p2a: Zoroark|13/100
|-hitcount|p2a: Zoroark|5
|
|upkeep
|turn|2
|
|t:|1779960509
|move|p2a: Zoroark|Pain Split|p1a: punani
|-sethp|p1a: punani|59/100|[from] move: Pain Split|[silent]
|-sethp|p2a: Zoroark|45/100|[from] move: Pain Split
|move|p1a: punani|Icicle Spear|p2a: Zoroark
|-damage|p2a: Zoroark|29/100
|-damage|p2a: Zoroark|11/100
|-crit|p2a: Zoroark
|-damage|p2a: Zoroark|0 fnt
|faint|p2a: Zoroark
|-hitcount|p2: Zoroark|3
|
|upkeep
|
|t:|1779960520
|switch|p2a: Goupelin|Delphox, F|100/100
|turn|3
|
|t:|1779960536
|switch|p1a: argh|Garganacl, F|100/100
|move|p2a: Goupelin|Future Sight|p1a: argh
|-start|p2a: Goupelin|move: Future Sight
|
|upkeep
|turn|4
|
|t:|1779960541
|switch|p2a: Swampert|Swampert, M|100/100
|move|p1a: argh|Salt Cure|p2a: Swampert
|-resisted|p2a: Swampert
|-damage|p2a: Swampert|94/100
|-start|p2a: Swampert|Salt Cure
|
|-damage|p2a: Swampert|69/100|[from] Salt Cure
|upkeep
|turn|5
|
|t:|1779960549
|move|p1a: argh|Protect|p1a: argh
|-singleturn|p1a: argh|Protect
|move|p2a: Swampert|Earthquake|p1a: argh
|-activate|p1a: argh|move: Protect
|
|-end|p1a: argh|move: Future Sight
|-damage|p1a: argh|50/100
|-damage|p2a: Swampert|44/100|[from] Salt Cure
|upkeep
|-enditem|p2a: Swampert|Sitrus Berry|[eat]
|-heal|p2a: Swampert|69/100|[from] item: Sitrus Berry
|turn|6
|
|t:|1779960563
|switch|p1a: aal|Eelektross, F|100/100
|move|p2a: Swampert|Earthquake|p1a: aal
|-immune|p1a: aal|[from] ability: Levitate
|
|-damage|p2a: Swampert|44/100|[from] Salt Cure
|upkeep
|turn|7
|
|t:|1779960575
|switch|p2a: Toxtricity|Toxtricity, M|100/100
|move|p1a: aal|Bulk Up|p1a: aal
|-boost|p1a: aal|atk|1
|-boost|p1a: aal|def|1
|
|upkeep
|turn|8
|
|t:|1779960584
|move|p2a: Toxtricity|Sludge Wave|p1a: aal
|-damage|p1a: aal|57/100
|move|p1a: aal|U-turn|p2a: Toxtricity
|-resisted|p2a: Toxtricity
|-damage|p2a: Toxtricity|82/100
|
|t:|1779960591
|switch|p1a: kila|Krookodile, M|100/100|[from] U-turn
|
|upkeep
|turn|9
|
|t:|1779960596
|switch|p2a: Goupelin|Delphox, F|100/100
|move|p1a: kila|Earthquake|p2a: Goupelin
|-supereffective|p2a: Goupelin
|-damage|p2a: Goupelin|0 fnt
|faint|p2a: Goupelin
|-ability|p1a: kila|Moxie|boost
|-boost|p1a: kila|atk|1
|
|upkeep
|
|t:|1779960604
|switch|p2a: Decidueye|Decidueye-Hisui, M|100/100
|turn|10
|
|t:|1779960611
|move|p1a: kila|Double-Edge|p2a: Decidueye
|-damage|p2a: Decidueye|40/100
|-damage|p1a: kila|80/100|[from] Recoil
|move|p2a: Decidueye|Triple Arrows|p1a: kila
|-supereffective|p1a: kila
|-damage|p1a: kila|0 fnt
|faint|p1a: kila
|
|upkeep
|
|t:|1779960623
|switch|p1a: goopy|Goodra-Hisui, F|100/100
|turn|11
|
|t:|1779960627
|move|p1a: goopy|Flamethrower|p2a: Decidueye
|-supereffective|p2a: Decidueye
|-damage|p2a: Decidueye|0 fnt
|faint|p2a: Decidueye
|
|upkeep
|
|t:|1779960632
|switch|p2a: The Shield-Lizard|Goodra-Hisui, F|100/100
|turn|12
|
|t:|1779960647
|switch|p1a: punani|Cloyster, M|59/100
|move|p2a: The Shield-Lizard|Acid Armor|p2a: The Shield-Lizard
|-boost|p2a: The Shield-Lizard|def|2
|
|upkeep
|turn|13
|
|t:|1779960655
|move|p1a: punani|Icicle Spear|p2a: The Shield-Lizard
|-damage|p2a: The Shield-Lizard|96/100
|-damage|p2a: The Shield-Lizard|93/100
|-damage|p2a: The Shield-Lizard|88/100
|-damage|p2a: The Shield-Lizard|84/100
|-damage|p2a: The Shield-Lizard|80/100
|-hitcount|p2a: The Shield-Lizard|5
|move|p2a: The Shield-Lizard|Acid Armor|p2a: The Shield-Lizard
|-boost|p2a: The Shield-Lizard|def|2
|
|upkeep
|turn|14
|
|t:|1779960670
|switch|p1a: vliegmannetje|Drifblim, M|100/100
|move|p2a: The Shield-Lizard|Acid Armor|p2a: The Shield-Lizard
|-boost|p2a: The Shield-Lizard|def|2
|
|upkeep
|turn|15
|
|t:|1779960676
|move|p1a: vliegmannetje|Will-O-Wisp|p2a: The Shield-Lizard|[miss]
|-miss|p1a: vliegmannetje|p2a: The Shield-Lizard
|move|p2a: The Shield-Lizard|Draco Meteor|p1a: vliegmannetje
|-damage|p1a: vliegmannetje|28/100
|-unboost|p2a: The Shield-Lizard|spa|2
|-damage|p2a: The Shield-Lizard|70/100|[from] item: Life Orb
|
|upkeep
|turn|16
|
|t:|1779960688
|move|p1a: vliegmannetje|Will-O-Wisp|p2a: The Shield-Lizard
|-status|p2a: The Shield-Lizard|brn
|move|p2a: The Shield-Lizard|Draco Meteor|p1a: vliegmannetje
|-damage|p1a: vliegmannetje|0 fnt
|-unboost|p2a: The Shield-Lizard|spa|2
|faint|p1a: vliegmannetje
|-damage|p2a: The Shield-Lizard|60/100 brn|[from] item: Life Orb
|
|-damage|p2a: The Shield-Lizard|54/100 brn|[from] brn
|upkeep
|
|t:|1779960699
|switch|p1a: aal|Eelektross, F|57/100
|turn|17
|
|t:|1779960702
|move|p2a: The Shield-Lizard|Rest|p2a: The Shield-Lizard
|-status|p2a: The Shield-Lizard|slp|[from] move: Rest
|-heal|p2a: The Shield-Lizard|100/100 slp|[silent]
|move|p1a: aal|Bulk Up|p1a: aal
|-boost|p1a: aal|atk|1
|-boost|p1a: aal|def|1
|
|-heal|p1a: aal|63/100|[from] item: Leftovers
|upkeep
|turn|18
|
|t:|1779960711
|cant|p2a: The Shield-Lizard|slp
|move|p2a: The Shield-Lizard|Sleep Talk|p2a: The Shield-Lizard
|move|p2a: The Shield-Lizard|Draco Meteor|p1a: aal|[from] move: Sleep Talk
|-damage|p1a: aal|41/100
|-unboost|p2a: The Shield-Lizard|spa|2
|-damage|p2a: The Shield-Lizard|91/100 slp|[from] item: Life Orb
|move|p1a: aal|Bulk Up|p1a: aal
|-boost|p1a: aal|atk|1
|-boost|p1a: aal|def|1
|
|-heal|p1a: aal|47/100|[from] item: Leftovers
|upkeep
|turn|19
|
|t:|1779960723
|cant|p2a: The Shield-Lizard|slp
|move|p2a: The Shield-Lizard|Sleep Talk|p2a: The Shield-Lizard
|move|p2a: The Shield-Lizard|Acid Armor|p2a: The Shield-Lizard|[from] move: Sleep Talk
|-boost|p2a: The Shield-Lizard|def|0
|move|p1a: aal|Bulk Up|p1a: aal
|-boost|p1a: aal|atk|1
|-boost|p1a: aal|def|1
|
|-heal|p1a: aal|54/100|[from] item: Leftovers
|upkeep
|turn|20
|
|t:|1779960733
|-curestatus|p2a: The Shield-Lizard|slp|[msg]
|move|p2a: The Shield-Lizard|Sleep Talk||[still]
|-fail|p2a: The Shield-Lizard
|move|p1a: aal|Bulk Up|p1a: aal
|-boost|p1a: aal|atk|1
|-boost|p1a: aal|def|1
|
|-heal|p1a: aal|60/100|[from] item: Leftovers
|upkeep
|turn|21
|
|t:|1779960746
|move|p2a: The Shield-Lizard|Acid Armor|p2a: The Shield-Lizard
|-boost|p2a: The Shield-Lizard|def|0
|move|p1a: aal|Close Combat|p2a: The Shield-Lizard
|-supereffective|p2a: The Shield-Lizard
|-damage|p2a: The Shield-Lizard|51/100
|-unboost|p1a: aal|def|1
|-unboost|p1a: aal|spd|1
|
|-heal|p1a: aal|66/100|[from] item: Leftovers
|upkeep
|turn|22
|
|t:|1779960757
|move|p2a: The Shield-Lizard|Acid Armor|p2a: The Shield-Lizard
|-boost|p2a: The Shield-Lizard|def|0
|move|p1a: aal|Bulk Up|p1a: aal
|-boost|p1a: aal|atk|1
|-boost|p1a: aal|def|1
|
|-heal|p1a: aal|72/100|[from] item: Leftovers
|upkeep
|turn|23
|
|t:|1779960764
|move|p2a: The Shield-Lizard|Rest|p2a: The Shield-Lizard
|-status|p2a: The Shield-Lizard|slp|[from] move: Rest
|-heal|p2a: The Shield-Lizard|100/100 slp|[silent]
|move|p1a: aal|Bulk Up|p1a: aal
|-boost|p1a: aal|atk|1
|-boost|p1a: aal|def|1
|
|-heal|p1a: aal|78/100|[from] item: Leftovers
|upkeep
|turn|24
|
|t:|1779960775
|cant|p2a: The Shield-Lizard|slp
|move|p1a: aal|Close Combat|p2a: The Shield-Lizard
|-supereffective|p2a: The Shield-Lizard
|-damage|p2a: The Shield-Lizard|46/100 slp
|-unboost|p1a: aal|def|1
|-unboost|p1a: aal|spd|1
|
|-heal|p1a: aal|84/100|[from] item: Leftovers
|upkeep
|turn|25
|
|t:|1779960785
|-terastallize|p2a: The Shield-Lizard|Dragon
|cant|p2a: The Shield-Lizard|slp
|move|p1a: aal|Close Combat|p2a: The Shield-Lizard
|-damage|p2a: The Shield-Lizard|16/100 slp
|-unboost|p1a: aal|def|1
|-unboost|p1a: aal|spd|1
|
|-heal|p1a: aal|90/100|[from] item: Leftovers
|upkeep
|turn|26
|
|t:|1779960801
|-curestatus|p2a: The Shield-Lizard|slp|[msg]
|move|p2a: The Shield-Lizard|Rest|p2a: The Shield-Lizard
|-status|p2a: The Shield-Lizard|slp|[from] move: Rest
|-heal|p2a: The Shield-Lizard|100/100 slp|[silent]
|move|p1a: aal|Close Combat|p2a: The Shield-Lizard
|-damage|p2a: The Shield-Lizard|71/100 slp
|-unboost|p1a: aal|def|1
|-unboost|p1a: aal|spd|1
|
|-heal|p1a: aal|96/100|[from] item: Leftovers
|upkeep
|turn|27
|
|t:|1779960812
|cant|p2a: The Shield-Lizard|slp
|move|p1a: aal|Close Combat|p2a: The Shield-Lizard
|-damage|p2a: The Shield-Lizard|43/100 slp
|-unboost|p1a: aal|def|1
|-unboost|p1a: aal|spd|1
|
|-heal|p1a: aal|100/100|[from] item: Leftovers
|upkeep
|turn|28
|
|t:|1779960820
|cant|p2a: The Shield-Lizard|slp
|move|p1a: aal|Close Combat|p2a: The Shield-Lizard
|-damage|p2a: The Shield-Lizard|15/100 slp
|-unboost|p1a: aal|def|1
|-unboost|p1a: aal|spd|1
|
|upkeep
|turn|29
|
|t:|1779960827
|-curestatus|p2a: The Shield-Lizard|slp|[msg]
|move|p2a: The Shield-Lizard|Rest|p2a: The Shield-Lizard
|-status|p2a: The Shield-Lizard|slp|[from] move: Rest
|-heal|p2a: The Shield-Lizard|100/100 slp|[silent]
|move|p1a: aal|Close Combat|p2a: The Shield-Lizard
|-damage|p2a: The Shield-Lizard|72/100 slp
|-unboost|p1a: aal|def|1
|
|upkeep
|turn|30
|
|t:|1779960845
|switch|p1a: argh|Garganacl, F|50/100
|cant|p2a: The Shield-Lizard|slp
|
|upkeep
|turn|31
|
|t:|1779960854
|cant|p2a: The Shield-Lizard|slp
|move|p1a: argh|Recover|p1a: argh
|-heal|p1a: argh|99/100
|
|upkeep
|turn|32
|
|t:|1779960862
|-curestatus|p2a: The Shield-Lizard|slp|[msg]
|move|p2a: The Shield-Lizard|Draco Meteor|p1a: argh
|-damage|p1a: argh|82/100
|-damage|p2a: The Shield-Lizard|62/100|[from] item: Life Orb
|move|p1a: argh|Salt Cure|p2a: The Shield-Lizard
|-damage|p2a: The Shield-Lizard|58/100
|-start|p2a: The Shield-Lizard|Salt Cure
|
|-damage|p2a: The Shield-Lizard|46/100|[from] Salt Cure
|upkeep
|turn|33
|
|t:|1779960874
|switch|p1a: punani|Cloyster, M|59/100
|move|p2a: The Shield-Lizard|Rest|p2a: The Shield-Lizard
|-status|p2a: The Shield-Lizard|slp|[from] move: Rest
|-heal|p2a: The Shield-Lizard|100/100 slp|[silent]
|
|-damage|p2a: The Shield-Lizard|88/100 slp|[from] Salt Cure
|upkeep
|turn|34
|
|t:|1779960882
|move|p1a: punani|Icicle Spear|p2a: The Shield-Lizard
|-supereffective|p2a: The Shield-Lizard
|-damage|p2a: The Shield-Lizard|84/100 slp
|-supereffective|p2a: The Shield-Lizard
|-damage|p2a: The Shield-Lizard|80/100 slp
|-supereffective|p2a: The Shield-Lizard
|-damage|p2a: The Shield-Lizard|77/100 slp
|-supereffective|p2a: The Shield-Lizard
|-damage|p2a: The Shield-Lizard|73/100 slp
|-supereffective|p2a: The Shield-Lizard
|-damage|p2a: The Shield-Lizard|69/100 slp
|-hitcount|p2a: The Shield-Lizard|5
|cant|p2a: The Shield-Lizard|slp
|move|p2a: The Shield-Lizard|Sleep Talk|p2a: The Shield-Lizard
|move|p2a: The Shield-Lizard|Draco Meteor|p1a: punani|[from] move: Sleep Talk
|-damage|p1a: punani|15/100
|-damage|p2a: The Shield-Lizard|59/100 slp|[from] item: Life Orb
|
|-damage|p2a: The Shield-Lizard|47/100 slp|[from] Salt Cure
|upkeep
|turn|35
|
|t:|1779960903
|switch|p1a: goopy|Goodra-Hisui, F|100/100
|cant|p2a: The Shield-Lizard|slp
|move|p2a: The Shield-Lizard|Sleep Talk|p2a: The Shield-Lizard
|move|p2a: The Shield-Lizard|Rest||[from] move: Sleep Talk|[still]
|-fail|p2a: The Shield-Lizard
|
|-damage|p2a: The Shield-Lizard|34/100 slp|[from] Salt Cure
|upkeep
|turn|36
|
|t:|1779960915
|-curestatus|p2a: The Shield-Lizard|slp|[msg]
|move|p2a: The Shield-Lizard|Rest|p2a: The Shield-Lizard
|-status|p2a: The Shield-Lizard|slp|[from] move: Rest
|-heal|p2a: The Shield-Lizard|100/100 slp|[silent]
|move|p1a: goopy|Dragon Pulse|p2a: The Shield-Lizard
|-supereffective|p2a: The Shield-Lizard
|-damage|p2a: The Shield-Lizard|54/100 slp
|
|-damage|p2a: The Shield-Lizard|41/100 slp|[from] Salt Cure
|upkeep
|turn|37
|
|t:|1779960927
|cant|p2a: The Shield-Lizard|slp
|move|p2a: The Shield-Lizard|Sleep Talk|p2a: The Shield-Lizard
|move|p2a: The Shield-Lizard|Draco Meteor|p1a: goopy|[from] move: Sleep Talk
|-damage|p1a: goopy|84/100
|-damage|p2a: The Shield-Lizard|32/100 slp|[from] item: Life Orb
|move|p1a: goopy|Dragon Pulse|p2a: The Shield-Lizard
|-supereffective|p2a: The Shield-Lizard
|-damage|p2a: The Shield-Lizard|0 fnt
|faint|p2a: The Shield-Lizard
|
|upkeep
|
|t:|1779960937
|switch|p2a: Swampert|Swampert, M|44/100
|turn|38
|
|t:|1779960943
|switch|p1a: aal|Eelektross, F|100/100
|move|p2a: Swampert|Earthquake|p1a: aal
|-immune|p1a: aal|[from] ability: Levitate
|
|upkeep
|turn|39
|
|t:|1779960956
|move|p1a: aal|Close Combat|p2a: Swampert
|-damage|p2a: Swampert|13/100
|-unboost|p1a: aal|def|1
|-unboost|p1a: aal|spd|1
|move|p2a: Swampert|Roar|p1a: aal
|drag|p1a: goopy|Goodra-Hisui, F|84/100
|
|upkeep
|turn|40
|
|t:|1779960967
|move|p2a: Swampert|Stealth Rock|p1a: goopy
|-sidestart|p1: jopper44|move: Stealth Rock
|move|p1a: goopy|Hydro Pump|p2a: Swampert
|-damage|p2a: Swampert|0 fnt
|faint|p2a: Swampert
|
|upkeep
|
|t:|1779960972
|switch|p2a: Toxtricity|Toxtricity, M|82/100
|turn|41
|
|t:|1779960977
|move|p2a: Toxtricity|Sludge Wave|p1a: goopy
|-immune|p1a: goopy
|move|p1a: goopy|Flamethrower|p2a: Toxtricity
|-damage|p2a: Toxtricity|49/100
|
|upkeep
|turn|42
|
|t:|1779960985
|move|p2a: Toxtricity|Thunder|p1a: goopy|[miss]
|-miss|p2a: Toxtricity|p1a: goopy
|move|p1a: goopy|Hydro Pump|p2a: Toxtricity
|-crit|p2a: Toxtricity
|-damage|p2a: Toxtricity|0 fnt
|faint|p2a: Toxtricity
|
|win|jopper44
|raw|jopper44's rating: 1074 &rarr; <strong>1101</strong><br />(+27 for winning)
|raw|Dolispas's rating: 1057 &rarr; <strong>1039</strong><br />(-18 for losing)
|c|☆Dolispas|gg
|c|☆jopper44|gg
|l|☆jopper44
|player|p1|
|l|☆Dolispas
|player|p2|
