|j|☆Hike Mawk
|j|☆jknbi
|t:|1779894364
|gametype|singles
|player|p1|Hike Mawk|riley|1339
|player|p2|jknbi|101|1405
|gen|9
|tier|[Gen 9] OU
|rated|
|rule|HP Percentage Mod: HP is shown in percentages
|rule|Endless Battle Clause: Forcing endless battles is banned
|rule|Species Clause: Limit one of each Pokémon
|rule|OHKO Clause: OHKO moves are banned
|rule|Evasion Items Clause: Evasion items are banned
|rule|Evasion Moves Clause: Evasion moves are banned
|rule|Evasion Abilities Clause: Evasion abilities are banned
|rule|Sleep Moves Clause: Sleep-inducing moves are banned
|clearpoke
|poke|p1|Gliscor, M|
|poke|p1|Clefable, F|
|poke|p1|Corviknight, M|
|poke|p1|Blissey, F|
|poke|p1|Forretress, F|
|poke|p1|Garganacl, F|
|poke|p2|Glimmora, F|
|poke|p2|Kingambit, M|
|poke|p2|Darkrai|
|poke|p2|Zamazenta-*|
|poke|p2|Dragonite, M|
|poke|p2|Iron Valiant|
|teampreview
|
|t:|1779894366
|teamsize|p1|6
|teamsize|p2|6
|start
|switch|p1a: Rocki|Garganacl, F, shiny|100/100
|switch|p2a: Glimmora|Glimmora, F|100/100
|turn|1
|
|t:|1779894375
|move|p2a: Glimmora|Earth Power|p1a: Rocki
|-supereffective|p1a: Rocki
|-damage|p1a: Rocki|45/100
|-enditem|p1a: Rocki|Sitrus Berry|[eat]
|-heal|p1a: Rocki|70/100|[from] item: Sitrus Berry
|move|p1a: Rocki|Salt Cure|p2a: Glimmora
|-damage|p2a: Glimmora|76/100
|-start|p2a: Glimmora|Salt Cure
|-activate|p2a: Glimmora|ability: Toxic Debris
|-sidestart|p1: Hike Mawk|move: Toxic Spikes
|
|-damage|p2a: Glimmora|64/100|[from] Salt Cure
|upkeep
|turn|2
|
|t:|1779894382
|switch|p1a: Rookidon|Corviknight, M|100/100
|move|p2a: Glimmora|Earth Power|p1a: Rookidon
|-immune|p1a: Rookidon
|
|-damage|p2a: Glimmora|51/100|[from] Salt Cure
|upkeep
|turn|3
|
|t:|1779894388
|move|p2a: Glimmora|Power Gem|p1a: Rookidon
|-damage|p1a: Rookidon|57/100
|move|p1a: Rookidon|Agility|p1a: Rookidon
|-boost|p1a: Rookidon|spe|2
|
|-damage|p2a: Glimmora|39/100|[from] Salt Cure
|upkeep
|turn|4
|
|t:|1779894394
|move|p1a: Rookidon|Roost|p1a: Rookidon
|-heal|p1a: Rookidon|100/100
|-singleturn|p1a: Rookidon|move: Roost
|move|p2a: Glimmora|Power Gem|p1a: Rookidon
|-resisted|p1a: Rookidon
|-damage|p1a: Rookidon|81/100
|
|-damage|p2a: Glimmora|27/100|[from] Salt Cure
|upkeep
|turn|5
|
|t:|1779894413
|move|p1a: Rookidon|Agility|p1a: Rookidon
|-boost|p1a: Rookidon|spe|2
|move|p2a: Glimmora|Earth Power|p1a: Rookidon
|-immune|p1a: Rookidon
|
|-damage|p2a: Glimmora|14/100|[from] Salt Cure
|upkeep
|turn|6
|
|t:|1779894427
|move|p1a: Rookidon|Agility|p1a: Rookidon
|-boost|p1a: Rookidon|spe|2
|move|p2a: Glimmora|Earth Power|p1a: Rookidon
|-immune|p1a: Rookidon
|
|-damage|p2a: Glimmora|2/100|[from] Salt Cure
|upkeep
|turn|7
|
|t:|1779894434
|move|p1a: Rookidon|Power Trip|p2a: Glimmora
|-damage|p2a: Glimmora|0 fnt
|-activate|p2a: Glimmora|ability: Toxic Debris
|-sidestart|p1: Hike Mawk|move: Toxic Spikes
|faint|p2a: Glimmora
|
|upkeep
|
|t:|1779894442
|switch|p2a: Zamazenta|Zamazenta|100/100
|-ability|p2a: Zamazenta|Dauntless Shield|boost
|-boost|p2a: Zamazenta|def|1
|turn|8
|
|t:|1779894445
|move|p1a: Rookidon|Bulk Up|p1a: Rookidon
|-boost|p1a: Rookidon|atk|1
|-boost|p1a: Rookidon|def|1
|move|p2a: Zamazenta|Iron Defense|p2a: Zamazenta
|-boost|p2a: Zamazenta|def|2
|
|upkeep
|turn|9
|
|t:|1779894450
|move|p1a: Rookidon|Bulk Up|p1a: Rookidon
|-boost|p1a: Rookidon|atk|1
|-boost|p1a: Rookidon|def|1
|move|p2a: Zamazenta|Roar|p1a: Rookidon
|drag|p1a: Cleffairable|Clefable, F, shiny|100/100
|
|upkeep
|turn|10
|
|t:|1779894458
|move|p2a: Zamazenta|Body Press|p1a: Cleffairable
|-resisted|p1a: Cleffairable
|-damage|p1a: Cleffairable|85/100
|move|p1a: Cleffairable|Moonblast|p2a: Zamazenta
|-supereffective|p2a: Zamazenta
|-damage|p2a: Zamazenta|32/100
|-unboost|p2a: Zamazenta|spa|1
|
|-heal|p2a: Zamazenta|38/100|[from] item: Leftovers
|upkeep
|turn|11
|
|t:|1779894463
|switch|p2a: Darkrai|Darkrai|100/100
|move|p1a: Cleffairable|Moonblast|p2a: Darkrai
|-supereffective|p2a: Darkrai
|-damage|p2a: Darkrai|0 fnt
|faint|p2a: Darkrai
|
|upkeep
|
|t:|1779894469
|switch|p2a: Kingambit|Kingambit, M|100/100
|-activate|p2a: Kingambit|ability: Supreme Overlord
|-start|p2a: Kingambit|fallen2|[silent]
|turn|12
|
|t:|1779894481
|switch|p1a: Goldenuke|Forretress, F, shiny|100/100
|move|p2a: Kingambit|Iron Head|p1a: Goldenuke
|-resisted|p1a: Goldenuke
|-damage|p1a: Goldenuke|84/100
|
|upkeep
|turn|13
|
|t:|1779894492
|move|p2a: Kingambit|Swords Dance|p2a: Kingambit
|-boost|p2a: Kingambit|atk|2
|move|p1a: Goldenuke|Body Press|p2a: Kingambit
|-supereffective|p2a: Kingambit
|-damage|p2a: Kingambit|0 fnt
|faint|p2a: Kingambit
|-end|p2a: Kingambit|fallen2|[silent]
|
|upkeep
|
|t:|1779894500
|switch|p2a: Zamazenta|Zamazenta|38/100
|turn|14
|
|t:|1779894504
|move|p2a: Zamazenta|Body Press|p1a: Goldenuke
|-damage|p1a: Goldenuke|67/100
|move|p1a: Goldenuke|Iron Defense|p1a: Goldenuke
|-boost|p1a: Goldenuke|def|2
|
|-heal|p2a: Zamazenta|44/100|[from] item: Leftovers
|upkeep
|turn|15
|
|t:|1779894510
|move|p1a: Goldenuke|Iron Defense|p1a: Goldenuke
|-boost|p1a: Goldenuke|def|2
|move|p2a: Zamazenta|Roar|p1a: Goldenuke
|drag|p1a: Rookidon|Corviknight, M|81/100
|
|-heal|p2a: Zamazenta|50/100|[from] item: Leftovers
|upkeep
|turn|16
|
|t:|1779894514
|switch|p1a: Cleffairable|Clefable, F, shiny|85/100
|move|p2a: Zamazenta|Roar|p1a: Cleffairable
|drag|p1a: Goldenuke|Forretress, F, shiny|67/100
|
|-heal|p2a: Zamazenta|57/100|[from] item: Leftovers
|upkeep
|turn|17
|
|t:|1779894523
|move|p1a: Goldenuke|Iron Defense|p1a: Goldenuke
|-boost|p1a: Goldenuke|def|2
|move|p2a: Zamazenta|Roar|p1a: Goldenuke
|drag|p1a: Rookidon|Corviknight, M|81/100
|
|-heal|p2a: Zamazenta|63/100|[from] item: Leftovers
|upkeep
|turn|18
|
|t:|1779894542
|switch|p1a: Goldenuke|Forretress, F, shiny|67/100
|move|p2a: Zamazenta|Roar|p1a: Goldenuke
|drag|p1a: Cleffairable|Clefable, F, shiny|85/100
|
|-heal|p2a: Zamazenta|69/100|[from] item: Leftovers
|upkeep
|turn|19
|
|t:|1779894549
|move|p1a: Cleffairable|Moonblast|p2a: Zamazenta
|-supereffective|p2a: Zamazenta
|-damage|p2a: Zamazenta|0 fnt
|faint|p2a: Zamazenta
|
|upkeep
|
|t:|1779894560
|switch|p2a: Dragonite|Dragonite, M|100/100
|turn|20
|
|t:|1779894564
|move|p2a: Dragonite|Dragon Dance|p2a: Dragonite
|-boost|p2a: Dragonite|atk|1
|-boost|p2a: Dragonite|spe|1
|move|p1a: Cleffairable|Moonblast|p2a: Dragonite
|-supereffective|p2a: Dragonite
|-damage|p2a: Dragonite|53/100
|
|upkeep
|turn|21
|
|t:|1779894571
|-terastallize|p2a: Dragonite|Normal
|move|p2a: Dragonite|Extreme Speed|p1a: Cleffairable
|-damage|p1a: Cleffairable|34/100
|move|p1a: Cleffairable|Moonblast|p2a: Dragonite
|-damage|p2a: Dragonite|6/100
|
|upkeep
|turn|22
|
|t:|1779894577
|move|p2a: Dragonite|Extreme Speed|p1a: Cleffairable
|-damage|p1a: Cleffairable|0 fnt
|faint|p1a: Cleffairable
|
|upkeep
|
|t:|1779894582
|switch|p1a: Goldenuke|Forretress, F, shiny|67/100
|turn|23
|
|t:|1779894584
|move|p2a: Dragonite|Earthquake|p1a: Goldenuke
|-damage|p1a: Goldenuke|34/100
|move|p1a: Goldenuke|Body Press|p2a: Dragonite
|-supereffective|p2a: Dragonite
|-damage|p2a: Dragonite|0 fnt
|faint|p2a: Dragonite
|
|upkeep
|
|t:|1779894589
|switch|p2a: Iron Valiant|Iron Valiant|100/100
|-enditem|p2a: Iron Valiant|Booster Energy
|-activate|p2a: Iron Valiant|ability: Quark Drive|[fromitem]
|-start|p2a: Iron Valiant|quarkdrivespe
|turn|24
|
|t:|1779894597
|move|p2a: Iron Valiant|Calm Mind|p2a: Iron Valiant
|-boost|p2a: Iron Valiant|spa|1
|-boost|p2a: Iron Valiant|spd|1
|move|p1a: Goldenuke|Rapid Spin|p2a: Iron Valiant
|-damage|p2a: Iron Valiant|87/100
|-boost|p1a: Goldenuke|spe|1
|-sideend|p1: Hike Mawk|Toxic Spikes|[from] move: Rapid Spin|[of] p1a: Goldenuke
|
|upkeep
|turn|25
|
|t:|1779894604
|switch|p1a: Zira|Blissey, F|100/100
|move|p2a: Iron Valiant|Shadow Ball|p1a: Zira
|-immune|p1a: Zira
|
|upkeep
|turn|26
|
|t:|1779894609
|move|p2a: Iron Valiant|Vacuum Wave|p1a: Zira
|-supereffective|p1a: Zira
|-damage|p1a: Zira|77/100
|move|p1a: Zira|Calm Mind|p1a: Zira
|-boost|p1a: Zira|spa|1
|-boost|p1a: Zira|spd|1
|
|upkeep
|turn|27
|-message|jknbi forfeited.
|
|win|Hike Mawk
|raw|Hike Mawk's rating: 1339 &rarr; <strong>1363</strong><br />(+24 for winning)
|raw|jknbi's rating: 1405 &rarr; <strong>1381</strong><br />(-24 for losing)
|l|☆jknbi
|player|p2|
