|j|☆tauros3
|j|☆SpectralWaveYt
|t:|1779917655
|gametype|singles
|player|p1|tauros3|swimmer-gen4dp|1544
|player|p2|SpectralWaveYt|zinzolin|1566
|gen|9
|tier|[Gen 9] OU
|rated|
|rule|HP Percentage Mod: HP is shown in percentages
|rule|Endless Battle Clause: Forcing endless battles is banned
|rule|Species Clause: Limit one of each Pokémon
|rule|OHKO Clause: OHKO moves are banned
|rule|Evasion Items Clause: Evasion items are banned
|rule|Evasion Moves Clause: Evasion moves are banned
|rule|Evasion Abilities Clause: Evasion abilities are banned
|rule|Sleep Moves Clause: Sleep-inducing moves are banned
|clearpoke
|poke|p1|Ribombee, M|
|poke|p1|Kingambit, F|
|poke|p1|Milotic, F|
|poke|p1|Serperior, M|
|poke|p1|Gothitelle, M|
|poke|p1|Cinderace, F|
|poke|p2|Dragapult, M|
|poke|p2|Iron Valiant|
|poke|p2|Zamazenta-*|
|poke|p2|Landorus-Therian, M|
|poke|p2|Iron Moth|
|poke|p2|Kingambit, F|
|teampreview
|inactive|Battle timer is ON: inactive players will automatically lose when time's up. (requested by tauros3)
|
|t:|1779917672
|teamsize|p1|6
|teamsize|p2|6
|start
|switch|p1a: Ribombee|Ribombee, M|100/100
|switch|p2a: Iron Moth|Iron Moth|100/100
|-enditem|p2a: Iron Moth|Booster Energy
|-activate|p2a: Iron Moth|ability: Quark Drive|[fromitem]
|-start|p2a: Iron Moth|quarkdrivespe
|turn|1
|
|t:|1779917679
|move|p2a: Iron Moth|Fiery Dance|p1a: Ribombee
|-supereffective|p1a: Ribombee
|-enditem|p1a: Ribombee|Focus Sash
|-damage|p1a: Ribombee|1/100
|-boost|p2a: Iron Moth|spa|1
|move|p1a: Ribombee|Stun Spore|p2a: Iron Moth|[miss]
|-miss|p1a: Ribombee|p2a: Iron Moth
|
|upkeep
|turn|2
|
|t:|1779917692
|switch|p1a: Milotic|Milotic, F|100/100
|move|p2a: Iron Moth|Fiery Dance|p1a: Milotic
|-resisted|p1a: Milotic
|-damage|p1a: Milotic|87/100
|-boost|p2a: Iron Moth|spa|1
|
|upkeep
|turn|3
|
|t:|1779917698
|-terastallize|p2a: Iron Moth|Fairy
|move|p2a: Iron Moth|Energy Ball|p1a: Milotic
|-supereffective|p1a: Milotic
|-damage|p1a: Milotic|33/100
|move|p1a: Milotic|Scald|p2a: Iron Moth
|-damage|p2a: Iron Moth|60/100
|
|upkeep
|turn|4
|
|t:|1779917712
|move|p2a: Iron Moth|Energy Ball|p1a: Milotic
|-supereffective|p1a: Milotic
|-damage|p1a: Milotic|0 fnt
|faint|p1a: Milotic
|
|upkeep
|
|t:|1779917721
|switch|p1a: Gothitelle|Gothitelle, M|100/100
|turn|5
|
|t:|1779917728
|move|p2a: Iron Moth|Sludge Wave|p1a: Gothitelle
|-damage|p1a: Gothitelle|9/100
|move|p1a: Gothitelle|Trick Room|p1a: Gothitelle
|-fieldstart|move: Trick Room|[of] p1a: Gothitelle
|
|upkeep
|turn|6
|
|t:|1779917735
|move|p1a: Gothitelle|Psychic Noise|p2a: Iron Moth
|-damage|p2a: Iron Moth|26/100
|-start|p2a: Iron Moth|move: Heal Block
|move|p2a: Iron Moth|Fiery Dance|p1a: Gothitelle
|-damage|p1a: Gothitelle|0 fnt
|-boost|p2a: Iron Moth|spa|1
|faint|p1a: Gothitelle
|
|upkeep
|
|t:|1779917740
|switch|p1a: Ribombee|Ribombee, M|1/100
|turn|7
|
|t:|1779917744
|move|p1a: Ribombee|Sticky Web|p2a: Iron Moth
|-sidestart|p2: SpectralWaveYt|move: Sticky Web
|move|p2a: Iron Moth|Fiery Dance|p1a: Ribombee
|-supereffective|p1a: Ribombee
|-damage|p1a: Ribombee|0 fnt
|-boost|p2a: Iron Moth|spa|1
|faint|p1a: Ribombee
|
|-end|p2a: Iron Moth|move: Heal Block
|upkeep
|
|t:|1779917747
|switch|p1a: Cinderace|Cinderace, F|100/100
|turn|8
|
|t:|1779917751
|move|p1a: Cinderace|Pyro Ball|p2a: Iron Moth
|-damage|p2a: Iron Moth|0 fnt
|faint|p2a: Iron Moth
|-end|p2a: Iron Moth|Quark Drive|[silent]
|
|upkeep
|
|t:|1779917760
|switch|p2a: Dragapult|Dragapult, M|100/100
|-activate|p2a: Dragapult|move: Sticky Web
|-fail|p2a: Dragapult|unboost|[from] ability: Clear Body|[of] p2a: Dragapult
|turn|9
|
|t:|1779917764
|move|p1a: Cinderace|Court Change|p1a: Cinderace
|-swapsideconditions
|-activate|p1a: Cinderace|move: Court Change
|move|p2a: Dragapult|Fire Blast|p1a: Cinderace
|-resisted|p1a: Cinderace
|-damage|p1a: Cinderace|74/100
|-damage|p2a: Dragapult|91/100|[from] item: Life Orb
|
|-fieldend|move: Trick Room
|upkeep
|turn|10
|
|t:|1779917776
|move|p2a: Dragapult|Draco Meteor|p1a: Cinderace
|-damage|p1a: Cinderace|0 fnt
|-unboost|p2a: Dragapult|spa|2
|faint|p1a: Cinderace
|-damage|p2a: Dragapult|81/100|[from] item: Life Orb
|
|upkeep
|
|t:|1779917780
|switch|p1a: Serperior|Serperior, M|100/100
|-activate|p1a: Serperior|move: Sticky Web
|-boost|p1a: Serperior|spe|1
|turn|11
|
|t:|1779917786
|-terastallize|p1a: Serperior|Steel
|move|p1a: Serperior|Substitute|p1a: Serperior
|-start|p1a: Serperior|Substitute
|-damage|p1a: Serperior|76/100
|move|p2a: Dragapult|Dragon Darts|p1a: Serperior
|-resisted|p1a: Serperior
|-activate|p1a: Serperior|move: Substitute|[damage]
|-anim|p2a: Dragapult|Dragon Darts|p1a: Serperior
|-resisted|p1a: Serperior
|-crit|p1a: Serperior
|-end|p1a: Serperior|Substitute
|-damage|p2a: Dragapult|71/100|[from] item: Life Orb
|
|-heal|p1a: Serperior|82/100|[from] item: Leftovers
|upkeep
|turn|12
|
|t:|1779917801
|move|p1a: Serperior|Dragon Pulse|p2a: Dragapult
|-supereffective|p2a: Dragapult
|-damage|p2a: Dragapult|13/100
|move|p2a: Dragapult|Fire Blast|p1a: Serperior
|-supereffective|p1a: Serperior
|-damage|p1a: Serperior|31/100
|-damage|p2a: Dragapult|3/100|[from] item: Life Orb
|
|-heal|p1a: Serperior|37/100|[from] item: Leftovers
|upkeep
|turn|13
|
|t:|1779917808
|move|p1a: Serperior|Leaf Storm|p2a: Dragapult|[miss]
|-miss|p1a: Serperior|p2a: Dragapult
|move|p2a: Dragapult|Dragon Darts|p1a: Serperior
|-resisted|p1a: Serperior
|-damage|p1a: Serperior|22/100
|-anim|p2a: Dragapult|Dragon Darts|p1a: Serperior
|-resisted|p1a: Serperior
|-damage|p1a: Serperior|5/100
|-damage|p2a: Dragapult|0 fnt|[from] item: Life Orb
|faint|p2a: Dragapult
|
|-heal|p1a: Serperior|11/100|[from] item: Leftovers
|upkeep
|
|t:|1779917817
|switch|p2a: Landorus|Landorus-Therian, M|100/100
|-ability|p2a: Landorus|Intimidate|boost
|-boost|p1a: Serperior|atk|1
|turn|14
|
|t:|1779917838
|move|p1a: Serperior|Leaf Storm|p2a: Landorus|[miss]
|-miss|p1a: Serperior|p2a: Landorus
|move|p2a: Landorus|Earth Power|p1a: Serperior
|-supereffective|p1a: Serperior
|-damage|p1a: Serperior|0 fnt
|faint|p1a: Serperior
|
|upkeep
|
|t:|1779917841
|switch|p1a: Kingambit|Kingambit, F|100/100
|-activate|p1a: Kingambit|move: Sticky Web
|-unboost|p1a: Kingambit|spe|1
|-ability|p1a: Kingambit|Defiant|boost
|-boost|p1a: Kingambit|atk|2
|turn|15
|
|t:|1779917845
|move|p2a: Landorus|Taunt|p1a: Kingambit
|-start|p1a: Kingambit|move: Taunt
|move|p1a: Kingambit|Kowtow Cleave|p2a: Landorus
|-damage|p2a: Landorus|23/100
|-damage|p1a: Kingambit|84/100|[from] item: Rocky Helmet|[of] p2a: Landorus
|
|upkeep
|turn|16
|
|t:|1779917849
|move|p1a: Kingambit|Sucker Punch|p2a: Landorus
|-damage|p2a: Landorus|0 fnt
|-damage|p1a: Kingambit|67/100|[from] item: Rocky Helmet|[of] p2a: Landorus
|faint|p2a: Landorus
|
|upkeep
|
|t:|1779917852
|switch|p2a: Zamazenta|Zamazenta|100/100
|-ability|p2a: Zamazenta|Dauntless Shield|boost
|-boost|p2a: Zamazenta|def|1
|turn|17
|
|t:|1779917855
|move|p2a: Zamazenta|Close Combat|p1a: Kingambit
|-supereffective|p1a: Kingambit
|-damage|p1a: Kingambit|0 fnt
|-unboost|p2a: Zamazenta|def|1
|-unboost|p2a: Zamazenta|spd|1
|faint|p1a: Kingambit
|
|win|SpectralWaveYt
|raw|tauros3's rating: 1544 &rarr; <strong>1525</strong><br />(-19 for losing)
|raw|SpectralWaveYt's rating: 1566 &rarr; <strong>1585</strong><br />(+19 for winning)
|l|☆SpectralWaveYt
|player|p2|
|l|☆tauros3
|player|p1|
