|j|☆GStaticX
|j|☆Spinio
|t:|1779835176
|gametype|singles
|player|p1|GStaticX|volkner|1242
|player|p2|Spinio|170|1340
|gen|9
|tier|[Gen 9] OU
|rated|
|rule|HP Percentage Mod: HP is shown in percentages
|rule|Endless Battle Clause: Forcing endless battles is banned
|rule|Species Clause: Limit one of each Pokémon
|rule|OHKO Clause: OHKO moves are banned
|rule|Evasion Items Clause: Evasion items are banned
|rule|Evasion Moves Clause: Evasion moves are banned
|rule|Evasion Abilities Clause: Evasion abilities are banned
|rule|Sleep Moves Clause: Sleep-inducing moves are banned
|clearpoke
|poke|p1|Dragonite, F|
|poke|p1|Gholdengo|
|poke|p1|Scizor, F|
|poke|p1|Great Tusk|
|poke|p1|Toxapex, M|
|poke|p1|Iron Valiant|
|poke|p2|Kyurem|
|poke|p2|Corviknight, M|
|poke|p2|Ting-Lu|
|poke|p2|Dondozo, F|
|poke|p2|Slowking-Galar, F|
|poke|p2|Cinderace, F|
|teampreview
|inactive|Battle timer is ON: inactive players will automatically lose when time's up. (requested by Spinio)
|
|t:|1779835197
|teamsize|p1|6
|teamsize|p2|6
|start
|switch|p1a: Toxapex|Toxapex, M|100/100
|switch|p2a: Kyurem|Kyurem|100/100
|-ability|p2a: Kyurem|Pressure
|turn|1
|
|t:|1779835207
|switch|p1a: Scizor|Scizor, F|100/100
|move|p2a: Kyurem|Substitute|p2a: Kyurem
|-start|p2a: Kyurem|Substitute
|-damage|p2a: Kyurem|75/100
|
|-heal|p2a: Kyurem|82/100|[from] item: Leftovers
|upkeep
|turn|2
|
|t:|1779835213
|move|p1a: Scizor|Bullet Punch|p2a: Kyurem
|-supereffective|p2a: Kyurem
|-end|p2a: Kyurem|Substitute
|move|p2a: Kyurem|Earth Power|p1a: Scizor
|-damage|p1a: Scizor|59/100
|-unboost|p1a: Scizor|spd|1
|
|-heal|p2a: Kyurem|88/100|[from] item: Leftovers
|upkeep
|turn|3
|
|t:|1779835220
|move|p2a: Kyurem|Protect|p2a: Kyurem
|-singleturn|p2a: Kyurem|Protect
|move|p1a: Scizor|Bullet Punch|p2a: Kyurem
|-activate|p2a: Kyurem|move: Protect
|
|-heal|p2a: Kyurem|94/100|[from] item: Leftovers
|upkeep
|turn|4
|
|t:|1779835228
|switch|p2a: Cinderace|Cinderace, F|100/100
|move|p1a: Scizor|Bullet Punch|p2a: Cinderace
|-resisted|p2a: Cinderace
|-damage|p2a: Cinderace|71/100
|
|upkeep
|turn|5
|
|t:|1779835232
|switch|p1a: Toxapex|Toxapex, M|100/100
|move|p2a: Cinderace|Will-O-Wisp|p1a: Toxapex
|-status|p1a: Toxapex|brn
|
|-damage|p1a: Toxapex|95/100 brn|[from] brn
|upkeep
|turn|6
|
|t:|1779835240
|move|p2a: Cinderace|U-turn|p1a: Toxapex
|-resisted|p1a: Toxapex
|-damage|p1a: Toxapex|88/100 brn
|
|t:|1779835243
|switch|p2a: Slowking|Slowking-Galar, F|100/100|[from] U-turn
|move|p1a: Toxapex|Toxic|p2a: Slowking
|-immune|p2a: Slowking
|
|-damage|p1a: Toxapex|82/100 brn|[from] brn
|upkeep
|turn|7
|
|t:|1779835267
|switch|p1a: Scizor|Scizor, F|59/100
|move|p2a: Slowking|Future Sight|p1a: Scizor
|-start|p2a: Slowking|move: Future Sight
|
|upkeep
|turn|8
|
|t:|1779835272
|move|p1a: Scizor|Knock Off|p2a: Slowking
|-supereffective|p2a: Slowking
|-damage|p2a: Slowking|0 fnt
|-enditem|p2a: Slowking|Heavy-Duty Boots|[from] move: Knock Off|[of] p1a: Scizor
|faint|p2a: Slowking
|
|upkeep
|
|t:|1779835280
|switch|p2a: Dondozo|Dondozo, F|100/100
|turn|9
|
|t:|1779835283
|switch|p1a: Toxapex|Toxapex, M|100/100 brn
|move|p2a: Dondozo|Waterfall|p1a: Toxapex
|-resisted|p1a: Toxapex
|-damage|p1a: Toxapex|91/100 brn
|
|-end|p1a: Toxapex|move: Future Sight
|-supereffective|p1a: Toxapex
|-damage|p1a: Toxapex|37/100 brn
|-damage|p1a: Toxapex|31/100 brn|[from] brn
|upkeep
|turn|10
|
|t:|1779835293
|switch|p2a: Kyurem|Kyurem|94/100
|-ability|p2a: Kyurem|Pressure
|switch|p1a: Great Tusk|Great Tusk|100/100
|
|-heal|p2a: Kyurem|99/100|[from] item: Leftovers
|upkeep
|turn|11
|
|t:|1779835307
|-end|p1a: Great Tusk|Protosynthesis|[silent]
|switch|p1a: Gholdengo|Gholdengo|100/100
|-item|p1a: Gholdengo|Air Balloon
|move|p2a: Kyurem|Substitute|p2a: Kyurem
|-start|p2a: Kyurem|Substitute
|-damage|p2a: Kyurem|75/100
|
|-heal|p2a: Kyurem|81/100|[from] item: Leftovers
|upkeep
|turn|12
|
|t:|1779835313
|move|p2a: Kyurem|Protect|p2a: Kyurem
|-singleturn|p2a: Kyurem|Protect
|move|p1a: Gholdengo|Shadow Ball|p2a: Kyurem
|-activate|p2a: Kyurem|move: Protect
|
|-heal|p2a: Kyurem|88/100|[from] item: Leftovers
|upkeep
|turn|13
|
|t:|1779835316
|move|p2a: Kyurem|Freeze-Dry|p1a: Gholdengo
|-resisted|p1a: Gholdengo
|-damage|p1a: Gholdengo|80/100
|-enditem|p1a: Gholdengo|Air Balloon
|move|p1a: Gholdengo|Shadow Ball|p2a: Kyurem
|-end|p2a: Kyurem|Substitute
|
|-heal|p2a: Kyurem|94/100|[from] item: Leftovers
|upkeep
|turn|14
|
|t:|1779835320
|move|p2a: Kyurem|Earth Power|p1a: Gholdengo
|-supereffective|p1a: Gholdengo
|-damage|p1a: Gholdengo|6/100
|move|p1a: Gholdengo|Make It Rain|p2a: Kyurem
|-supereffective|p2a: Kyurem
|-damage|p2a: Kyurem|0 fnt
|-unboost|p1a: Gholdengo|spa|1
|faint|p2a: Kyurem
|
|upkeep
|
|t:|1779835327
|switch|p2a: Cinderace|Cinderace, F|71/100
|turn|15
|
|t:|1779835339
|switch|p1a: Toxapex|Toxapex, M|65/100 brn
|move|p2a: Cinderace|Pyro Ball|p1a: Toxapex
|-resisted|p1a: Toxapex
|-damage|p1a: Toxapex|46/100 brn
|
|-damage|p1a: Toxapex|40/100 brn|[from] brn
|upkeep
|turn|16
|-message|Spinio forfeited.
|
|win|GStaticX
|raw|GStaticX's rating: 1242 &rarr; <strong>1274</strong><br />(+32 for winning)
|raw|Spinio's rating: 1340 &rarr; <strong>1315</strong><br />(-25 for losing)
|l|☆Spinio
|player|p2|
