|j|☆harryshorcrux
|j|☆Nyrkry
|inactive|Battle timer is ON: inactive players will automatically lose when time's up.
|t:|1779914775
|gametype|singles
|player|p1|harryshorcrux|benga|
|player|p2|Nyrkry|allister|
|gen|9
|tier|[Gen 9] OU
|rated|Tournament battle
|rule|HP Percentage Mod: HP is shown in percentages
|rule|Endless Battle Clause: Forcing endless battles is banned
|rule|Species Clause: Limit one of each Pokémon
|rule|OHKO Clause: OHKO moves are banned
|rule|Evasion Items Clause: Evasion items are banned
|rule|Evasion Moves Clause: Evasion moves are banned
|rule|Evasion Abilities Clause: Evasion abilities are banned
|rule|Sleep Moves Clause: Sleep-inducing moves are banned
|clearpoke
|poke|p1|Gliscor, F|
|poke|p1|Dragapult, M|
|poke|p1|Ogerpon-Wellspring, F|
|poke|p1|Iron Crown|
|poke|p1|Ting-Lu|
|poke|p1|Kingambit, F|
|poke|p2|Dragapult, M|
|poke|p2|Zamazenta-*|
|poke|p2|Great Tusk|
|poke|p2|Ogerpon-Wellspring, F|
|poke|p2|Glimmora, M|
|poke|p2|Slowking-Galar, M|
|teampreview
|j|*Lady Monita 
|inactive|Nyrkry also wants the timer to be on.
|j| justcamebackseoul
|c|☆Nyrkry|glhf
|c| justcamebackseoul|What about me disappoints you?
|inactive|harryshorcrux has 120 seconds left.
|c|☆Nyrkry|2 Dragapults!
|c|☆harryshorcrux|glhf
|
|t:|1779914817
|teamsize|p1|6
|teamsize|p2|6
|start
|switch|p1a: Dragapult|Dragapult, M|100/100
|switch|p2a: Ogerpon|Ogerpon-Wellspring, F|100/100
|turn|1
|
|t:|1779914827
|move|p1a: Dragapult|Will-O-Wisp|p2a: Ogerpon
|-status|p2a: Ogerpon|brn
|move|p2a: Ogerpon|Spikes|p1a: Dragapult
|-sidestart|p1: harryshorcrux|Spikes
|
|-damage|p2a: Ogerpon|95/100 brn|[from] brn
|upkeep
|turn|2
|c| justcamebackseoul|Hey
|
|t:|1779914833
|move|p1a: Dragapult|U-turn|p2a: Ogerpon
|-supereffective|p2a: Ogerpon
|-damage|p2a: Ogerpon|47/100 brn
|c| justcamebackseoul|Have u guys been to pigeon forge
|
|t:|1779914840
|switch|p1a: Iron Crown|Iron Crown|100/100|[from] U-turn
|-damage|p1a: Iron Crown|88/100|[from] Spikes
|-enditem|p1a: Iron Crown|Booster Energy
|-activate|p1a: Iron Crown|ability: Quark Drive|[fromitem]
|-start|p1a: Iron Crown|quarkdrivespe
|move|p2a: Ogerpon|U-turn|p1a: Iron Crown
|-damage|p1a: Iron Crown|74/100
|
|t:|1779914847
|switch|p2a: Slowking|Slowking-Galar, M|100/100|[from] U-turn
|
|upkeep
|turn|3
|
|t:|1779914852
|move|p1a: Iron Crown|Calm Mind|p1a: Iron Crown
|-boost|p1a: Iron Crown|spa|1
|-boost|p1a: Iron Crown|spd|1
|move|p2a: Slowking|Thunder Wave|p1a: Iron Crown
|-status|p1a: Iron Crown|par
|
|upkeep
|turn|4
|
|t:|1779914857
|move|p1a: Iron Crown|Psychic|p2a: Slowking
|-damage|p2a: Slowking|66/100
|-unboost|p2a: Slowking|spd|1
|-prepare|p2a: Slowking|Chilly Reception|[premajor]
|move|p2a: Slowking|Chilly Reception|p2a: Slowking
|-weather|Snowscape
|
|t:|1779914872
|switch|p2a: Dragapult|Dragapult, M|100/100|[from] Chilly Reception
|
|-weather|Snowscape|[upkeep]
|upkeep
|turn|5
|inactive|harryshorcrux has 120 seconds left.
|c| justcamebackseoul|Have u guys been to pigeon forge
|inactive|harryshorcrux has 90 seconds left.
|
|t:|1779914940
|move|p2a: Dragapult|U-turn|p1a: Iron Crown
|-damage|p1a: Iron Crown|57/100 par
|c|☆Nyrkry|https://giphy.com/gifs/who-is-he-does-think-bro-QI9Qs2jpfyCuXAFTeA
|
|t:|1779914954
|switch|p2a: Ogerpon|Ogerpon-Wellspring, F|47/100 brn|[from] U-turn
|move|p1a: Iron Crown|Tachyon Cutter|p2a: Ogerpon
|-resisted|p2a: Ogerpon
|-damage|p2a: Ogerpon|27/100 brn
|-resisted|p2a: Ogerpon
|-damage|p2a: Ogerpon|5/100 brn
|-hitcount|p2a: Ogerpon|2
|
|-weather|Snowscape|[upkeep]
|-damage|p2a: Ogerpon|0 fnt|[from] brn
|faint|p2a: Ogerpon
|upkeep
|
|t:|1779914956
|switch|p2a: Dragapult|Dragapult, M|100/100
|turn|6
|c| justcamebackseoul|Have u guys been to pigeon forge
|inactive|harryshorcrux has 90 seconds left.
|
|t:|1779914985
|move|p2a: Dragapult|Shadow Ball|p1a: Iron Crown
|-supereffective|p1a: Iron Crown
|-crit|p1a: Iron Crown
|-damage|p1a: Iron Crown|0 fnt
|faint|p1a: Iron Crown
|-end|p1a: Iron Crown|Quark Drive|[silent]
|
|-weather|Snowscape|[upkeep]
|upkeep
|c| justcamebackseoul|Have u guys been to pigeon forge
|
|t:|1779915003
|switch|p1a: Ting-Lu|Ting-Lu|100/100
|-damage|p1a: Ting-Lu|88/100|[from] Spikes
|-ability|p1a: Ting-Lu|Vessel of Ruin
|turn|7
|
|t:|1779915007
|switch|p2a: Great Tusk|Great Tusk|100/100
|move|p1a: Ting-Lu|Stealth Rock|p2a: Great Tusk
|-sidestart|p2: Nyrkry|move: Stealth Rock
|
|-weather|Snowscape|[upkeep]
|upkeep
|turn|8
|
|t:|1779915014
|switch|p1a: Dragapult|Dragapult, M|100/100
|move|p2a: Great Tusk|Stealth Rock|p1a: Dragapult
|-sidestart|p1: harryshorcrux|move: Stealth Rock
|
|-weather|none
|upkeep
|turn|9
|
|t:|1779915019
|-end|p2a: Great Tusk|Protosynthesis|[silent]
|switch|p2a: Slowking|Slowking-Galar, M|99/100
|move|p1a: Dragapult|Will-O-Wisp|p2a: Slowking
|-status|p2a: Slowking|brn
|
|-damage|p2a: Slowking|93/100 brn|[from] brn
|upkeep
|turn|10
|
|t:|1779915025
|move|p1a: Dragapult|U-turn|p2a: Slowking
|-crit|p2a: Slowking
|-damage|p2a: Slowking|62/100 brn
|
|t:|1779915028
|switch|p1a: Gliscor|Gliscor, F|100/100|[from] U-turn
|-damage|p1a: Gliscor|88/100|[from] Stealth Rock
|-prepare|p2a: Slowking|Chilly Reception|[premajor]
|move|p2a: Slowking|Chilly Reception|p2a: Slowking
|-weather|Snowscape
|
|t:|1779915031
|switch|p2a: Great Tusk|Great Tusk|100/100|[from] Chilly Reception
|-damage|p2a: Great Tusk|98/100|[from] Stealth Rock
|
|-weather|Snowscape|[upkeep]
|-status|p1a: Gliscor|tox|[from] item: Toxic Orb
|upkeep
|turn|11
|
|t:|1779915036
|move|p2a: Great Tusk|Ice Spinner|p1a: Gliscor
|-supereffective|p1a: Gliscor
|-damage|p1a: Gliscor|10/100 tox
|move|p1a: Gliscor|Toxic|p2a: Great Tusk
|-status|p2a: Great Tusk|tox
|
|-weather|Snowscape|[upkeep]
|-damage|p2a: Great Tusk|91/100 tox|[from] psn
|-heal|p1a: Gliscor|22/100 tox|[from] ability: Poison Heal
|upkeep
|turn|12
|
|t:|1779915041
|move|p1a: Gliscor|Protect|p1a: Gliscor
|-singleturn|p1a: Gliscor|Protect
|move|p2a: Great Tusk|Rapid Spin|p1a: Gliscor
|-activate|p1a: Gliscor|move: Protect
|
|-weather|Snowscape|[upkeep]
|-damage|p2a: Great Tusk|79/100 tox|[from] psn
|-heal|p1a: Gliscor|35/100 tox|[from] ability: Poison Heal
|upkeep
|turn|13
|
|t:|1779915048
|switch|p1a: Dragapult|Dragapult, M|100/100
|move|p2a: Great Tusk|Ice Spinner|p1a: Dragapult
|-supereffective|p1a: Dragapult
|-damage|p1a: Dragapult|40/100
|
|-weather|Snowscape|[upkeep]
|-damage|p2a: Great Tusk|60/100 tox|[from] psn
|upkeep
|turn|14
|
|t:|1779915053
|-end|p2a: Great Tusk|Protosynthesis|[silent]
|switch|p2a: Slowking|Slowking-Galar, M|95/100 brn
|move|p1a: Dragapult|Hex|p2a: Slowking
|-supereffective|p2a: Slowking
|-damage|p2a: Slowking|35/100 brn
|
|-weather|none
|-damage|p2a: Slowking|29/100 brn|[from] brn
|upkeep
|turn|15
|c| justcamebackseoul|Have u guys been to pigeon forge
|
|t:|1779915062
|move|p1a: Dragapult|Hex|p2a: Slowking
|-supereffective|p2a: Slowking
|-damage|p2a: Slowking|0 fnt
|faint|p2a: Slowking
|
|upkeep
|c|☆harryshorcrux|yeah ofc
|
|t:|1779915067
|switch|p2a: Dragapult|Dragapult, M|100/100
|-damage|p2a: Dragapult|88/100|[from] Stealth Rock
|turn|16
|
|t:|1779915088
|switch|p1a: Ting-Lu|Ting-Lu|88/100
|-damage|p1a: Ting-Lu|76/100|[from] Spikes
|-damage|p1a: Ting-Lu|69/100|[from] Stealth Rock
|-ability|p1a: Ting-Lu|Vessel of Ruin
|-terastallize|p2a: Dragapult|Ghost
|move|p2a: Dragapult|Shadow Ball|p1a: Ting-Lu
|-resisted|p1a: Ting-Lu
|-damage|p1a: Ting-Lu|51/100
|
|upkeep
|turn|17
|c| justcamebackseoul|Have u guys been to pigeon forge
|
|t:|1779915103
|switch|p2a: Great Tusk|Great Tusk|60/100 tox
|-damage|p2a: Great Tusk|57/100 tox|[from] Stealth Rock
|move|p1a: Ting-Lu|Ruination|p2a: Great Tusk
|-damage|p2a: Great Tusk|29/100 tox
|
|-damage|p2a: Great Tusk|23/100 tox|[from] psn
|upkeep
|turn|18
|c| justcamebackseoul|What is the best thing to do there
|
|t:|1779915113
|switch|p1a: Dragapult|Dragapult, M|40/100
|move|p2a: Great Tusk|Ice Spinner|p1a: Dragapult
|-supereffective|p1a: Dragapult
|-damage|p1a: Dragapult|0 fnt
|faint|p1a: Dragapult
|
|-damage|p2a: Great Tusk|10/100 tox|[from] psn
|upkeep
|
|t:|1779915119
|switch|p1a: Ogerpon|Ogerpon-Wellspring, F|100/100
|-damage|p1a: Ogerpon|88/100|[from] Spikes
|-damage|p1a: Ogerpon|76/100|[from] Stealth Rock
|turn|19
|
|t:|1779915123
|move|p1a: Ogerpon|Knock Off|p2a: Great Tusk
|-resisted|p2a: Great Tusk
|-damage|p2a: Great Tusk|0 fnt
|-damage|p1a: Ogerpon|59/100|[from] item: Rocky Helmet|[of] p2a: Great Tusk
|-enditem|p2a: Great Tusk|Rocky Helmet|[from] move: Knock Off|[of] p1a: Ogerpon
|faint|p2a: Great Tusk
|-end|p2a: Great Tusk|Protosynthesis|[silent]
|
|upkeep
|
|t:|1779915131
|switch|p2a: Dragapult|Dragapult, M, tera:Ghost|88/100
|-damage|p2a: Dragapult|76/100|[from] Stealth Rock
|turn|20
|
|t:|1779915139
|switch|p1a: Ting-Lu|Ting-Lu|51/100
|-damage|p1a: Ting-Lu|38/100|[from] Spikes
|-damage|p1a: Ting-Lu|32/100|[from] Stealth Rock
|-ability|p1a: Ting-Lu|Vessel of Ruin
|move|p2a: Dragapult|Shadow Ball|p1a: Ting-Lu
|-resisted|p1a: Ting-Lu
|-damage|p1a: Ting-Lu|15/100
|
|upkeep
|turn|21
|
|t:|1779915149
|move|p2a: Dragapult|Shadow Ball|p1a: Ting-Lu
|-resisted|p1a: Ting-Lu
|-damage|p1a: Ting-Lu|0 fnt
|faint|p1a: Ting-Lu
|
|upkeep
|
|t:|1779915151
|switch|p1a: Kingambit|Kingambit, F|100/100
|-damage|p1a: Kingambit|94/100|[from] Stealth Rock
|-activate|p1a: Kingambit|ability: Supreme Overlord
|-start|p1a: Kingambit|fallen3|[silent]
|-item|p1a: Kingambit|Air Balloon
|turn|22
|l| justcamebackseoul
|
|t:|1779915167
|switch|p2a: Zamazenta|Zamazenta|100/100
|-damage|p2a: Zamazenta|94/100|[from] Stealth Rock
|-ability|p2a: Zamazenta|Dauntless Shield|boost
|-boost|p2a: Zamazenta|def|1
|move|p1a: Kingambit|Swords Dance|p1a: Kingambit
|-boost|p1a: Kingambit|atk|2
|
|-heal|p2a: Zamazenta|100/100|[from] item: Leftovers
|upkeep
|turn|23
|
|t:|1779915171
|-terastallize|p1a: Kingambit|Dark
|move|p2a: Zamazenta|Iron Defense|p2a: Zamazenta
|-boost|p2a: Zamazenta|def|2
|move|p1a: Kingambit|Low Kick|p2a: Zamazenta
|-damage|p2a: Zamazenta|69/100
|
|-heal|p2a: Zamazenta|75/100|[from] item: Leftovers
|upkeep
|turn|24
|
|t:|1779915175
|move|p2a: Zamazenta|Body Press|p1a: Kingambit
|-supereffective|p1a: Kingambit
|-damage|p1a: Kingambit|0 fnt
|-enditem|p1a: Kingambit|Air Balloon
|faint|p1a: Kingambit
|-end|p1a: Kingambit|fallen3|[silent]
|
|-heal|p2a: Zamazenta|81/100|[from] item: Leftovers
|upkeep
|
|t:|1779915178
|switch|p1a: Ogerpon|Ogerpon-Wellspring, F|59/100
|-damage|p1a: Ogerpon|47/100|[from] Spikes
|-damage|p1a: Ogerpon|35/100|[from] Stealth Rock
|turn|25
|
|t:|1779915182
|move|p2a: Zamazenta|Body Press|p1a: Ogerpon
|-damage|p1a: Ogerpon|0 fnt
|faint|p1a: Ogerpon
|
|-heal|p2a: Zamazenta|87/100|[from] item: Leftovers
|upkeep
|c|☆harryshorcrux|unlucky this game
|c|☆harryshorcrux|gg
|-message|harryshorcrux forfeited.
|
|win|Nyrkry
|n|☆harryshorcrux|harryshorcrux
|n|☆Nyrkry|nyrkry
|n|*Lady Monita |ladymonita
|l|*Lady Monita 
|c|☆Nyrkry|GG
