|j|☆30delta
|j|☆Wembles
|t:|1779921046
|gametype|singles
|player|p1|30delta|rocketgrunt|1448
|player|p2|Wembles|blaine|1491
|gen|9
|tier|[Gen 9] OU
|rated|
|rule|HP Percentage Mod: HP is shown in percentages
|rule|Endless Battle Clause: Forcing endless battles is banned
|rule|Species Clause: Limit one of each Pokémon
|rule|OHKO Clause: OHKO moves are banned
|rule|Evasion Items Clause: Evasion items are banned
|rule|Evasion Moves Clause: Evasion moves are banned
|rule|Evasion Abilities Clause: Evasion abilities are banned
|rule|Sleep Moves Clause: Sleep-inducing moves are banned
|clearpoke
|poke|p1|Garganacl, F|
|poke|p1|Dondozo, M|
|poke|p1|Kingambit, M|
|poke|p1|Great Tusk|
|poke|p1|Amoonguss, F|
|poke|p1|Chandelure, F|
|poke|p2|Gholdengo|
|poke|p2|Darkrai|
|poke|p2|Rillaboom, F|
|poke|p2|Slowking, F|
|poke|p2|Heatran, F|
|poke|p2|Landorus-Therian, M|
|teampreview
|inactive|Battle timer is ON: inactive players will automatically lose when time's up. (requested by Wembles)
|inactive|30delta also wants the timer to be on.
|
|t:|1779921065
|teamsize|p1|6
|teamsize|p2|6
|start
|switch|p1a: Garganacl|Garganacl, F|100/100
|switch|p2a: Heatran|Heatran, F|100/100
|-item|p2a: Heatran|Air Balloon
|turn|1
|
|t:|1779921070
|move|p2a: Heatran|Taunt|p1a: Garganacl
|-start|p1a: Garganacl|move: Taunt
|move|p1a: Garganacl|Salt Cure|p2a: Heatran
|-damage|p2a: Heatran|89/100
|-start|p2a: Heatran|Salt Cure
|-enditem|p2a: Heatran|Air Balloon
|
|-damage|p2a: Heatran|64/100|[from] Salt Cure
|upkeep
|turn|2
|
|t:|1779921075
|switch|p1a: Dondozo|Dondozo, M|100/100
|move|p2a: Heatran|Magma Storm|p1a: Dondozo
|-resisted|p1a: Dondozo
|-damage|p1a: Dondozo|80/100
|-activate|p1a: Dondozo|move: Magma Storm|[of] p2a: Heatran
|
|-heal|p1a: Dondozo|86/100|[from] item: Leftovers
|-damage|p2a: Heatran|40/100|[from] Salt Cure
|-damage|p1a: Dondozo|73/100|[from] move: Magma Storm|[partiallytrapped]
|upkeep
|turn|3
|
|t:|1779921085
|switch|p2a: Rillaboom|Rillaboom, F|100/100
|-fieldstart|move: Grassy Terrain|[from] ability: Grassy Surge|[of] p2a: Rillaboom
|move|p1a: Dondozo|Body Press|p2a: Rillaboom
|-damage|p2a: Rillaboom|69/100
|
|-heal|p2a: Rillaboom|75/100|[from] Grassy Terrain
|-heal|p1a: Dondozo|79/100|[from] Grassy Terrain
|-heal|p1a: Dondozo|86/100|[from] item: Leftovers
|-end|p1a: Dondozo|Magma Storm|[partiallytrapped]|[silent]
|upkeep
|turn|4
|
|t:|1779921090
|switch|p1a: Amoonguss|Amoonguss, F|100/100
|move|p2a: Rillaboom|U-turn|p1a: Amoonguss
|-damage|p1a: Amoonguss|76/100
|-damage|p2a: Rillaboom|65/100|[from] item: Life Orb
|
|t:|1779921098
|switch|p2a: Heatran|Heatran, F|40/100|[from] U-turn
|
|-heal|p2a: Heatran|46/100|[from] Grassy Terrain
|-heal|p1a: Amoonguss|82/100|[from] Grassy Terrain
|upkeep
|turn|5
|
|t:|1779921106
|switch|p1a: Dondozo|Dondozo, M|86/100
|move|p2a: Heatran|Magma Storm|p1a: Dondozo
|-resisted|p1a: Dondozo
|-damage|p1a: Dondozo|66/100
|-activate|p1a: Dondozo|move: Magma Storm|[of] p2a: Heatran
|
|-heal|p2a: Heatran|52/100|[from] Grassy Terrain
|-heal|p1a: Dondozo|72/100|[from] Grassy Terrain
|-heal|p1a: Dondozo|78/100|[from] item: Leftovers
|-damage|p1a: Dondozo|66/100|[from] move: Magma Storm|[partiallytrapped]
|upkeep
|turn|6
|
|t:|1779921110
|move|p2a: Heatran|Will-O-Wisp|p1a: Dondozo
|-status|p1a: Dondozo|brn
|move|p1a: Dondozo|Waterfall|p2a: Heatran
|-supereffective|p2a: Heatran
|-damage|p2a: Heatran|28/100
|
|-heal|p2a: Heatran|35/100|[from] Grassy Terrain
|-heal|p1a: Dondozo|72/100 brn|[from] Grassy Terrain
|-heal|p1a: Dondozo|78/100 brn|[from] item: Leftovers
|-damage|p1a: Dondozo|72/100 brn|[from] brn
|-damage|p1a: Dondozo|59/100 brn|[from] move: Magma Storm|[partiallytrapped]
|upkeep
|turn|7
|
|t:|1779921116
|move|p2a: Heatran|Protect|p2a: Heatran
|-singleturn|p2a: Heatran|Protect
|move|p1a: Dondozo|Rest|p1a: Dondozo
|-status|p1a: Dondozo|slp|[from] move: Rest
|-heal|p1a: Dondozo|100/100 slp|[silent]
|
|-heal|p2a: Heatran|41/100|[from] Grassy Terrain
|-damage|p1a: Dondozo|88/100 slp|[from] move: Magma Storm|[partiallytrapped]
|-fieldend|move: Grassy Terrain
|upkeep
|turn|8
|
|t:|1779921123
|move|p2a: Heatran|Taunt|p1a: Dondozo
|-start|p1a: Dondozo|move: Taunt
|cant|p1a: Dondozo|slp
|cant|p1a: Dondozo|move: Taunt|Sleep Talk
|
|-heal|p1a: Dondozo|94/100 slp|[from] item: Leftovers
|-damage|p1a: Dondozo|82/100 slp|[from] move: Magma Storm|[partiallytrapped]
|upkeep
|turn|9
|
|t:|1779921130
|move|p2a: Heatran|Magma Storm|p1a: Dondozo|[miss]
|-miss|p2a: Heatran|p1a: Dondozo
|cant|p1a: Dondozo|slp
|
|-heal|p1a: Dondozo|88/100 slp|[from] item: Leftovers
|-damage|p1a: Dondozo|75/100 slp|[from] move: Magma Storm|[partiallytrapped]
|upkeep
|turn|10
|
|t:|1779921141
|move|p2a: Heatran|Protect|p2a: Heatran
|-singleturn|p2a: Heatran|Protect
|-curestatus|p1a: Dondozo|slp|[msg]
|move|p1a: Dondozo|Waterfall|p2a: Heatran
|-activate|p2a: Heatran|move: Protect
|
|-heal|p1a: Dondozo|81/100|[from] item: Leftovers
|-end|p1a: Dondozo|Magma Storm|[partiallytrapped]
|-end|p1a: Dondozo|move: Taunt
|upkeep
|turn|11
|
|t:|1779921147
|move|p2a: Heatran|Will-O-Wisp|p1a: Dondozo
|-status|p1a: Dondozo|brn
|move|p1a: Dondozo|Waterfall|p2a: Heatran
|-supereffective|p2a: Heatran
|-damage|p2a: Heatran|18/100
|
|-heal|p1a: Dondozo|88/100 brn|[from] item: Leftovers
|-damage|p1a: Dondozo|81/100 brn|[from] brn
|upkeep
|turn|12
|
|t:|1779921157
|switch|p1a: Garganacl|Garganacl, F|100/100
|move|p2a: Heatran|Taunt|p1a: Garganacl
|-start|p1a: Garganacl|move: Taunt
|
|upkeep
|turn|13
|
|t:|1779921170
|switch|p2a: Landorus|Landorus-Therian, M|100/100
|-ability|p2a: Landorus|Intimidate|boost
|-unboost|p1a: Garganacl|atk|1
|move|p1a: Garganacl|Salt Cure|p2a: Landorus
|-damage|p2a: Landorus|92/100
|-start|p2a: Landorus|Salt Cure
|
|-damage|p2a: Landorus|80/100|[from] Salt Cure
|upkeep
|turn|14
|
|t:|1779921178
|switch|p1a: Dondozo|Dondozo, M|81/100 brn
|move|p2a: Landorus|Stealth Rock|p1a: Dondozo
|-sidestart|p1: 30delta|move: Stealth Rock
|
|-heal|p1a: Dondozo|88/100 brn|[from] item: Leftovers
|-damage|p1a: Dondozo|81/100 brn|[from] brn
|-damage|p2a: Landorus|67/100|[from] Salt Cure
|upkeep
|turn|15
|
|t:|1779921182
|move|p2a: Landorus|U-turn|p1a: Dondozo
|-damage|p1a: Dondozo|73/100 brn
|
|t:|1779921187
|switch|p2a: Rillaboom|Rillaboom, F|65/100|[from] U-turn
|-fieldstart|move: Grassy Terrain|[from] ability: Grassy Surge|[of] p2a: Rillaboom
|move|p1a: Dondozo|Rest|p1a: Dondozo
|-status|p1a: Dondozo|slp|[from] move: Rest
|-heal|p1a: Dondozo|100/100 slp|[silent]
|
|-heal|p2a: Rillaboom|71/100|[from] Grassy Terrain
|upkeep
|turn|16
|
|t:|1779921192
|switch|p1a: Amoonguss|Amoonguss, F|100/100
|move|p2a: Rillaboom|Swords Dance|p2a: Rillaboom
|-boost|p2a: Rillaboom|atk|2
|
|-heal|p2a: Rillaboom|77/100|[from] Grassy Terrain
|upkeep
|turn|17
|
|t:|1779921199
|move|p2a: Rillaboom|U-turn|p1a: Amoonguss
|-damage|p1a: Amoonguss|55/100
|-damage|p2a: Rillaboom|67/100|[from] item: Life Orb
|
|t:|1779921205
|switch|p2a: Heatran|Heatran, F|18/100|[from] U-turn
|move|p1a: Amoonguss|Clear Smog|p2a: Heatran
|-immune|p2a: Heatran
|
|-heal|p2a: Heatran|25/100|[from] Grassy Terrain
|-heal|p1a: Amoonguss|61/100|[from] Grassy Terrain
|upkeep
|turn|18
|
|t:|1779921212
|switch|p1a: Dondozo|Dondozo, M|100/100 slp
|-damage|p1a: Dondozo|88/100 slp|[from] Stealth Rock
|move|p2a: Heatran|Magma Storm|p1a: Dondozo
|-resisted|p1a: Dondozo
|-damage|p1a: Dondozo|67/100 slp
|-activate|p1a: Dondozo|move: Magma Storm|[of] p2a: Heatran
|
|-heal|p2a: Heatran|31/100|[from] Grassy Terrain
|-heal|p1a: Dondozo|73/100 slp|[from] Grassy Terrain
|-heal|p1a: Dondozo|79/100 slp|[from] item: Leftovers
|-damage|p1a: Dondozo|67/100 slp|[from] move: Magma Storm|[partiallytrapped]
|upkeep
|turn|19
|
|t:|1779921218
|move|p2a: Heatran|Magma Storm|p1a: Dondozo|[miss]
|-miss|p2a: Heatran|p1a: Dondozo
|cant|p1a: Dondozo|slp
|move|p1a: Dondozo|Sleep Talk|p1a: Dondozo
|move|p1a: Dondozo|Body Press|p2a: Heatran|[from] move: Sleep Talk
|-supereffective|p2a: Heatran
|-damage|p2a: Heatran|0 fnt
|faint|p2a: Heatran
|
|-heal|p1a: Dondozo|73/100 slp|[from] Grassy Terrain
|-heal|p1a: Dondozo|79/100 slp|[from] item: Leftovers
|-end|p1a: Dondozo|Magma Storm|[partiallytrapped]|[silent]
|-fieldend|move: Grassy Terrain
|upkeep
|
|t:|1779921231
|switch|p2a: Rillaboom|Rillaboom, F|67/100
|-fieldstart|move: Grassy Terrain|[from] ability: Grassy Surge|[of] p2a: Rillaboom
|turn|20
|
|t:|1779921236
|switch|p1a: Amoonguss|Amoonguss, F|94/100
|move|p2a: Rillaboom|Swords Dance|p2a: Rillaboom
|-boost|p2a: Rillaboom|atk|2
|
|-heal|p2a: Rillaboom|73/100|[from] Grassy Terrain
|-heal|p1a: Amoonguss|99/100|[from] Grassy Terrain
|upkeep
|turn|21
|
|t:|1779921240
|move|p2a: Rillaboom|U-turn|p1a: Amoonguss
|-damage|p1a: Amoonguss|54/100
|-damage|p2a: Rillaboom|63/100|[from] item: Life Orb
|
|t:|1779921242
|switch|p2a: Gholdengo|Gholdengo, shiny|100/100|[from] U-turn
|-enditem|p2a: Gholdengo|Grassy Seed
|-boost|p2a: Gholdengo|def|1|[from] item: Grassy Seed
|move|p1a: Amoonguss|Toxic|p2a: Gholdengo
|-immune|p2a: Gholdengo|[from] ability: Good as Gold
|
|-heal|p1a: Amoonguss|60/100|[from] Grassy Terrain
|upkeep
|turn|22
|
|t:|1779921246
|move|p2a: Gholdengo|Nasty Plot|p2a: Gholdengo
|-boost|p2a: Gholdengo|spa|2
|move|p1a: Amoonguss|Foul Play|p2a: Gholdengo
|-supereffective|p2a: Gholdengo
|-damage|p2a: Gholdengo|91/100
|
|-heal|p2a: Gholdengo|97/100|[from] Grassy Terrain
|-heal|p1a: Amoonguss|66/100|[from] Grassy Terrain
|upkeep
|turn|23
|
|t:|1779921252
|switch|p1a: Dondozo|Dondozo, M|79/100 slp
|-damage|p1a: Dondozo|67/100 slp|[from] Stealth Rock
|move|p2a: Gholdengo|Shadow Ball|p1a: Dondozo
|-damage|p1a: Dondozo|30/100 slp
|
|-heal|p2a: Gholdengo|100/100|[from] Grassy Terrain
|-heal|p1a: Dondozo|36/100 slp|[from] Grassy Terrain
|-heal|p1a: Dondozo|43/100 slp|[from] item: Leftovers
|upkeep
|turn|24
|
|t:|1779921258
|move|p2a: Gholdengo|Shadow Ball|p1a: Dondozo
|-damage|p1a: Dondozo|10/100 slp
|-unboost|p1a: Dondozo|spd|1
|cant|p1a: Dondozo|slp
|
|-heal|p1a: Dondozo|16/100 slp|[from] Grassy Terrain
|-heal|p1a: Dondozo|22/100 slp|[from] item: Leftovers
|-fieldend|move: Grassy Terrain
|upkeep
|turn|25
|
|t:|1779921261
|move|p2a: Gholdengo|Shadow Ball|p1a: Dondozo
|-damage|p1a: Dondozo|0 fnt
|faint|p1a: Dondozo
|
|upkeep
|
|t:|1779921268
|switch|p1a: Chandelure|Chandelure, F|100/100
|-damage|p1a: Chandelure|76/100|[from] Stealth Rock
|turn|26
|
|t:|1779921275
|-terastallize|p1a: Chandelure|Grass
|-terastallize|p2a: Gholdengo|Fairy
|move|p1a: Chandelure|Shadow Ball|p2a: Gholdengo
|-damage|p2a: Gholdengo|40/100
|move|p2a: Gholdengo|Shadow Ball|p1a: Chandelure
|-damage|p1a: Chandelure|0 fnt
|faint|p1a: Chandelure
|
|upkeep
|
|t:|1779921290
|switch|p1a: Kingambit|Kingambit, M|100/100
|-damage|p1a: Kingambit|94/100|[from] Stealth Rock
|-activate|p1a: Kingambit|ability: Supreme Overlord
|-start|p1a: Kingambit|fallen2|[silent]
|turn|27
|
|t:|1779921294
|move|p1a: Kingambit|Sucker Punch|p2a: Gholdengo
|-resisted|p2a: Gholdengo
|-damage|p2a: Gholdengo|29/100
|move|p2a: Gholdengo|Dazzling Gleam|p1a: Kingambit
|-damage|p1a: Kingambit|17/100
|
|-heal|p1a: Kingambit|23/100|[from] item: Leftovers
|upkeep
|turn|28
|
|t:|1779921300
|move|p2a: Gholdengo|Recover|p2a: Gholdengo
|-heal|p2a: Gholdengo|79/100
|move|p1a: Kingambit|Iron Head|p2a: Gholdengo
|-supereffective|p2a: Gholdengo
|-damage|p2a: Gholdengo|27/100
|
|-heal|p1a: Kingambit|29/100|[from] item: Leftovers
|upkeep
|turn|29
|-message|30delta forfeited.
|
|win|Wembles
|raw|30delta's rating: 1448 &rarr; <strong>1430</strong><br />(-18 for losing)
|raw|Wembles's rating: 1491 &rarr; <strong>1509</strong><br />(+18 for winning)
|l|☆30delta
|player|p1|
|l|☆Wembles
|player|p2|
