|j|☆blake-mamba
|j|☆Gking10
|t:|1779941706
|gametype|singles
|player|p1|blake-mamba|lance|1568
|player|p2|Gking10|cheryl|1595
|gen|9
|tier|[Gen 9] OU
|rated|
|rule|HP Percentage Mod: HP is shown in percentages
|rule|Endless Battle Clause: Forcing endless battles is banned
|rule|Species Clause: Limit one of each Pokémon
|rule|OHKO Clause: OHKO moves are banned
|rule|Evasion Items Clause: Evasion items are banned
|rule|Evasion Moves Clause: Evasion moves are banned
|rule|Evasion Abilities Clause: Evasion abilities are banned
|rule|Sleep Moves Clause: Sleep-inducing moves are banned
|clearpoke
|poke|p1|Kleavor, M|
|poke|p1|Glimmora, F|
|poke|p1|Iron Boulder|
|poke|p1|Arcanine-Hisui, M|
|poke|p1|Ogerpon-Cornerstone, F|
|poke|p1|Minior|
|poke|p2|Skeledirge, F|
|poke|p2|Rillaboom, F|
|poke|p2|Iron Treads|
|poke|p2|Raging Bolt|
|poke|p2|Ogerpon-Wellspring, F|
|poke|p2|Enamorus, F|
|teampreview
|
|t:|1779941724
|teamsize|p1|6
|teamsize|p2|6
|start
|switch|p1a: Glimmora|Glimmora, F|100/100
|switch|p2a: Rillaboom|Rillaboom, F|100/100
|-fieldstart|move: Grassy Terrain|[from] ability: Grassy Surge|[of] p2a: Rillaboom
|turn|1
|
|t:|1779941761
|switch|p2a: Iron Treads|Iron Treads|100/100
|move|p1a: Glimmora|Rock Polish|p1a: Glimmora
|-boost|p1a: Glimmora|spe|2
|
|upkeep
|turn|2
|
|t:|1779941777
|-terastallize|p1a: Glimmora|Ground
|move|p1a: Glimmora|Earth Power|p2a: Iron Treads
|-supereffective|p2a: Iron Treads
|-damage|p2a: Iron Treads|16/100
|move|p2a: Iron Treads|High Horsepower|p1a: Glimmora
|-damage|p1a: Glimmora|56/100
|-activate|p1a: Glimmora|ability: Toxic Debris
|-sidestart|p2: Gking10|move: Toxic Spikes
|
|-heal|p1a: Glimmora|62/100|[from] Grassy Terrain
|-heal|p2a: Iron Treads|22/100|[from] Grassy Terrain
|upkeep
|turn|3
|inactive|Battle timer is ON: inactive players will automatically lose when time's up. (requested by blake-mamba)
|
|t:|1779941857
|-end|p2a: Iron Treads|Quark Drive|[silent]
|switch|p2a: Enamorus|Enamorus, F|100/100
|move|p1a: Glimmora|Meteor Beam||[still]
|-prepare|p1a: Glimmora|Meteor Beam
|-boost|p1a: Glimmora|spa|1
|-enditem|p1a: Glimmora|Power Herb
|-anim|p1a: Glimmora|Meteor Beam|p2a: Enamorus|[miss]
|-miss|p1a: Glimmora|p2a: Enamorus
|
|-heal|p1a: Glimmora|69/100|[from] Grassy Terrain
|upkeep
|turn|4
|
|t:|1779941872
|move|p1a: Glimmora|Sludge Wave|p2a: Enamorus
|-supereffective|p2a: Enamorus
|-damage|p2a: Enamorus|0 fnt
|faint|p2a: Enamorus
|
|-heal|p1a: Glimmora|75/100|[from] Grassy Terrain
|upkeep
|
|t:|1779941882
|switch|p2a: Rillaboom|Rillaboom, F|100/100
|-status|p2a: Rillaboom|psn
|turn|5
|
|t:|1779941888
|move|p2a: Rillaboom|Grassy Glide|p1a: Glimmora
|-supereffective|p1a: Glimmora
|-damage|p1a: Glimmora|0 fnt
|-activate|p1a: Glimmora|ability: Toxic Debris
|-sidestart|p2: Gking10|move: Toxic Spikes
|faint|p1a: Glimmora
|
|-damage|p2a: Rillaboom|88/100 psn|[from] psn
|-fieldend|move: Grassy Terrain
|upkeep
|
|t:|1779941906
|switch|p1a: Kleavor|Kleavor, M|100/100
|turn|6
|
|t:|1779941930
|switch|p2a: Raging Bolt|Raging Bolt|100/100
|-status|p2a: Raging Bolt|tox
|move|p1a: Kleavor|Stone Axe|p2a: Raging Bolt
|-damage|p2a: Raging Bolt|49/100 tox
|-sidestart|p2: Gking10|move: Stealth Rock
|
|-damage|p2a: Raging Bolt|43/100 tox|[from] psn
|upkeep
|turn|7
|inactive|Gking10 has 120 seconds left.
|
|t:|1779941959
|move|p2a: Raging Bolt|Thunderclap|p1a: Kleavor
|-damage|p1a: Kleavor|6/100
|move|p1a: Kleavor|Stone Axe|p2a: Raging Bolt
|-damage|p2a: Raging Bolt|0 fnt
|faint|p2a: Raging Bolt
|-end|p2a: Raging Bolt|Protosynthesis|[silent]
|
|upkeep
|
|t:|1779941968
|switch|p2a: Rillaboom|Rillaboom, F|88/100 psn
|-damage|p2a: Rillaboom|76/100 psn|[from] Stealth Rock
|-fieldstart|move: Grassy Terrain|[from] ability: Grassy Surge|[of] p2a: Rillaboom
|turn|8
|inactive|Gking10 has 120 seconds left.
|
|t:|1779941974
|move|p1a: Kleavor|Stone Axe|p2a: Rillaboom
|-damage|p2a: Rillaboom|11/100 psn
|move|p2a: Rillaboom|U-turn|p1a: Kleavor
|-damage|p1a: Kleavor|0 fnt
|faint|p1a: Kleavor
|inactive|Gking10 has 120 seconds left.
|
|t:|1779941986
|switch|p2a: Iron Treads|Iron Treads|22/100|[from] U-turn
|
|-heal|p2a: Iron Treads|28/100|[from] Grassy Terrain
|upkeep
|
|t:|1779941995
|switch|p1a: Iron Boulder|Iron Boulder|100/100
|-enditem|p1a: Iron Boulder|Booster Energy
|-activate|p1a: Iron Boulder|ability: Quark Drive|[fromitem]
|-start|p1a: Iron Boulder|quarkdrivespe
|turn|9
|inactive|Gking10 has 120 seconds left.
|inactive|Gking10 has 90 seconds left.
|
|t:|1779942039
|-terastallize|p2a: Iron Treads|Ghost
|move|p1a: Iron Boulder|Sacred Sword|p2a: Iron Treads
|-immune|p2a: Iron Treads
|move|p2a: Iron Treads|Rapid Spin|p1a: Iron Boulder
|-resisted|p1a: Iron Boulder
|-damage|p1a: Iron Boulder|92/100
|-boost|p2a: Iron Treads|spe|1
|-sideend|p2: Gking10|Toxic Spikes|[from] move: Rapid Spin|[of] p2a: Iron Treads
|-sideend|p2: Gking10|Stealth Rock|[from] move: Rapid Spin|[of] p2a: Iron Treads
|
|-heal|p1a: Iron Boulder|99/100|[from] Grassy Terrain
|-heal|p2a: Iron Treads|34/100|[from] Grassy Terrain
|upkeep
|turn|10
|inactive|Gking10 has 90 seconds left.
|
|t:|1779942061
|move|p1a: Iron Boulder|Mighty Cleave|p2a: Iron Treads
|-damage|p2a: Iron Treads|0 fnt
|faint|p2a: Iron Treads
|-end|p2a: Iron Treads|Quark Drive|[silent]
|
|-heal|p1a: Iron Boulder|100/100|[from] Grassy Terrain
|upkeep
|
|t:|1779942079
|switch|p2a: Ogerpon|Ogerpon-Wellspring, F|100/100
|turn|11
|
|t:|1779942085
|move|p2a: Ogerpon|Grassy Glide|p1a: Iron Boulder
|-supereffective|p1a: Iron Boulder
|-damage|p1a: Iron Boulder|0 fnt
|faint|p1a: Iron Boulder
|-end|p1a: Iron Boulder|Quark Drive|[silent]
|
|upkeep
|
|t:|1779942095
|switch|p1a: Ogerpon|Ogerpon-Cornerstone, F|100/100
|turn|12
|
|t:|1779942111
|switch|p2a: Skeledirge|Skeledirge, F|100/100
|-enditem|p2a: Skeledirge|Grassy Seed
|-boost|p2a: Skeledirge|def|1|[from] item: Grassy Seed
|move|p1a: Ogerpon|Trailblaze|p2a: Skeledirge
|-resisted|p2a: Skeledirge
|-damage|p2a: Skeledirge|90/100
|-boost|p1a: Ogerpon|spe|1
|
|-heal|p2a: Skeledirge|96/100|[from] Grassy Terrain
|-fieldend|move: Grassy Terrain
|upkeep
|turn|13
|
|t:|1779942136
|move|p1a: Ogerpon|Ivy Cudgel|p2a: Skeledirge|[anim] Ivy Cudgel Rock
|-supereffective|p2a: Skeledirge
|-damage|p2a: Skeledirge|34/100
|move|p2a: Skeledirge|Torch Song|p1a: Ogerpon
|-damage|p1a: Ogerpon|64/100
|-boost|p2a: Skeledirge|spa|1
|
|upkeep
|turn|14
|
|t:|1779942147
|move|p1a: Ogerpon|Ivy Cudgel|p2a: Skeledirge|[anim] Ivy Cudgel Rock
|-supereffective|p2a: Skeledirge
|-damage|p2a: Skeledirge|0 fnt
|faint|p2a: Skeledirge
|
|upkeep
|
|t:|1779942153
|switch|p2a: Rillaboom|Rillaboom, F|11/100 psn
|-fieldstart|move: Grassy Terrain|[from] ability: Grassy Surge|[of] p2a: Rillaboom
|turn|15
|
|t:|1779942164
|move|p2a: Rillaboom|Grassy Glide|p1a: Ogerpon
|-damage|p1a: Ogerpon|0 fnt
|faint|p1a: Ogerpon
|
|-heal|p2a: Rillaboom|18/100 psn|[from] Grassy Terrain
|-damage|p2a: Rillaboom|5/100 psn|[from] psn
|upkeep
|
|t:|1779942173
|switch|p1a: Arcanine|Arcanine-Hisui, M|100/100
|turn|16
|
|t:|1779942176
|move|p2a: Rillaboom|Grassy Glide|p1a: Arcanine
|-damage|p1a: Arcanine|37/100
|move|p1a: Arcanine|Flame Charge|p2a: Rillaboom
|-supereffective|p2a: Rillaboom
|-damage|p2a: Rillaboom|0 fnt
|-boost|p1a: Arcanine|spe|1
|faint|p2a: Rillaboom
|-damage|p1a: Arcanine|27/100|[from] item: Life Orb
|
|-heal|p1a: Arcanine|33/100|[from] Grassy Terrain
|upkeep
|
|t:|1779942188
|switch|p2a: Ogerpon|Ogerpon-Wellspring, F|100/100
|turn|17
|
|t:|1779942193
|move|p2a: Ogerpon|Grassy Glide|p1a: Arcanine
|-damage|p1a: Arcanine|0 fnt
|faint|p1a: Arcanine
|
|upkeep
|
|t:|1779942198
|switch|p1a: Minior|Minior|100/100
|-formechange|p1a: Minior|Minior-Meteor||[from] ability: Shields Down
|turn|18
|
|t:|1779942205
|move|p2a: Ogerpon|Ivy Cudgel|p1a: Minior|[anim] Ivy Cudgel Water
|-supereffective|p1a: Minior
|-crit|p1a: Minior
|-damage|p1a: Minior|0 fnt
|faint|p1a: Minior
|
|win|Gking10
|raw|blake-mamba's rating: 1568 &rarr; <strong>1550</strong><br />(-18 for losing)
|raw|Gking10's rating: 1595 &rarr; <strong>1613</strong><br />(+18 for winning)
|l|☆blake-mamba
|player|p1|
|l|☆Gking10
|player|p2|
