|j|☆0c3an m4n
|j|☆TwinkleLittleStars
|t:|1779800078
|gametype|singles
|player|p1|0c3an m4n|marlon|1537
|player|p2|TwinkleLittleStars|alec-anime|1527
|gen|9
|tier|[Gen 9] OU
|rated|
|rule|HP Percentage Mod: HP is shown in percentages
|rule|Endless Battle Clause: Forcing endless battles is banned
|rule|Species Clause: Limit one of each Pokémon
|rule|OHKO Clause: OHKO moves are banned
|rule|Evasion Items Clause: Evasion items are banned
|rule|Evasion Moves Clause: Evasion moves are banned
|rule|Evasion Abilities Clause: Evasion abilities are banned
|rule|Sleep Moves Clause: Sleep-inducing moves are banned
|clearpoke
|poke|p1|Quaquaval, M|
|poke|p1|Barraskewda, M|
|poke|p1|Pelipper, F|
|poke|p1|Slither Wing|
|poke|p1|Hatterene, F|
|poke|p1|Crawdaunt, F|
|poke|p2|Deoxys-Speed|
|poke|p2|Latias, F|
|poke|p2|Great Tusk|
|poke|p2|Zamazenta-*|
|poke|p2|Ceruledge, F|
|poke|p2|Metagross|
|teampreview
|
|t:|1779800106
|teamsize|p1|6
|teamsize|p2|6
|start
|switch|p1a: El papu|Slither Wing, shiny|100/100
|switch|p2a: Deoxys|Deoxys-Speed|100/100
|-ability|p2a: Deoxys|Pressure
|turn|1
|
|t:|1779800113
|switch|p2a: Ceruledge|Ceruledge, F|100/100
|move|p1a: El papu|First Impression|p2a: Ceruledge
|-resisted|p2a: Ceruledge
|-damage|p2a: Ceruledge|72/100
|-ability|p2a: Ceruledge|Weak Armor|boost
|-unboost|p2a: Ceruledge|def|1
|-boost|p2a: Ceruledge|spe|2
|
|upkeep
|turn|2
|
|t:|1779800118
|-end|p1a: El papu|Protosynthesis|[silent]
|switch|p1a: Apernao 🔥|Crawdaunt, F, shiny|100/100
|move|p2a: Ceruledge|Swords Dance|p2a: Ceruledge
|-boost|p2a: Ceruledge|atk|2
|
|upkeep
|turn|3
|
|t:|1779800124
|switch|p2a: Deoxys|Deoxys-Speed|100/100
|-ability|p2a: Deoxys|Pressure
|move|p1a: Apernao 🔥|Knock Off|p2a: Deoxys
|-supereffective|p2a: Deoxys
|-damage|p2a: Deoxys|0 fnt
|-enditem|p2a: Deoxys|Light Clay|[from] move: Knock Off|[of] p1a: Apernao 🔥
|faint|p2a: Deoxys
|
|upkeep
|
|t:|1779800128
|switch|p2a: Great Tusk|Great Tusk|100/100
|-enditem|p2a: Great Tusk|Booster Energy
|-activate|p2a: Great Tusk|ability: Protosynthesis|[fromitem]
|-start|p2a: Great Tusk|protosynthesisspe
|turn|4
|
|t:|1779800133
|switch|p1a: Si|Hatterene, F, shiny|100/100
|move|p2a: Great Tusk|Knock Off|p1a: Si
|-damage|p1a: Si|70/100
|-enditem|p1a: Si|Assault Vest|[from] move: Knock Off|[of] p2a: Great Tusk
|
|upkeep
|turn|5
|
|t:|1779800140
|move|p2a: Great Tusk|Headlong Rush|p1a: Si
|-damage|p1a: Si|12/100
|-unboost|p2a: Great Tusk|def|1
|-unboost|p2a: Great Tusk|spd|1
|move|p1a: Si|Psychic|p2a: Great Tusk
|-supereffective|p2a: Great Tusk
|-damage|p2a: Great Tusk|0 fnt
|faint|p2a: Great Tusk
|-end|p2a: Great Tusk|Protosynthesis|[silent]
|
|upkeep
|
|t:|1779800144
|switch|p2a: Metagross|Metagross|100/100
|turn|6
|
|t:|1779800150
|move|p2a: Metagross|Agility|p2a: Metagross
|-boost|p2a: Metagross|spe|2
|move|p1a: Si|Nuzzle|p2a: Metagross
|-damage|p2a: Metagross|96/100
|-status|p2a: Metagross|par
|
|upkeep
|turn|7
|
|t:|1779800152
|cant|p2a: Metagross|par
|move|p1a: Si|Mystical Fire|p2a: Metagross
|-supereffective|p2a: Metagross
|-damage|p2a: Metagross|28/100 par
|-enditem|p2a: Metagross|Weakness Policy
|-boost|p2a: Metagross|atk|2|[from] item: Weakness Policy
|-boost|p2a: Metagross|spa|2|[from] item: Weakness Policy
|
|upkeep
|turn|8
|-message|TwinkleLittleStars forfeited.
|
|win|0c3an m4n
|raw|0c3an m4n's rating: 1537 &rarr; <strong>1556</strong><br />(+19 for winning)
|raw|TwinkleLittleStars's rating: 1527 &rarr; <strong>1508</strong><br />(-19 for losing)
|l|☆TwinkleLittleStars
|player|p2|
|l|☆0c3an m4n
|player|p1|
