|j|☆uncle brown
|j|☆waha8
|t:|1779877622
|gametype|singles
|player|p1|uncle brown|266|1563
|player|p2|waha8|169|1542
|gen|9
|tier|[Gen 9] OU
|rated|
|rule|HP Percentage Mod: HP is shown in percentages
|rule|Endless Battle Clause: Forcing endless battles is banned
|rule|Species Clause: Limit one of each Pokémon
|rule|OHKO Clause: OHKO moves are banned
|rule|Evasion Items Clause: Evasion items are banned
|rule|Evasion Moves Clause: Evasion moves are banned
|rule|Evasion Abilities Clause: Evasion abilities are banned
|rule|Sleep Moves Clause: Sleep-inducing moves are banned
|clearpoke
|poke|p1|Ogerpon, F|
|poke|p1|Deoxys-Speed|
|poke|p1|Dragonite, M|
|poke|p1|Zamazenta-*|
|poke|p1|Iron Treads|
|poke|p1|Hatterene, F|
|poke|p2|Pelipper, F|
|poke|p2|Barraskewda, F|
|poke|p2|Kingdra, F|
|poke|p2|Raging Bolt|
|poke|p2|Indeedee, M|
|poke|p2|Garchomp, M|
|teampreview
|
|t:|1779877628
|teamsize|p1|6
|teamsize|p2|6
|start
|switch|p1a: Deoxys|Deoxys-Speed|100/100
|switch|p2a: Garchomp|Garchomp, M|100/100
|-ability|p1a: Deoxys|Pressure
|turn|1
|
|t:|1779877636
|move|p1a: Deoxys|Taunt|p2a: Garchomp
|-start|p2a: Garchomp|move: Taunt
|move|p2a: Garchomp|Scale Shot|p1a: Deoxys|[miss]
|-miss|p2a: Garchomp|p1a: Deoxys
|
|upkeep
|turn|2
|j| yuureisuisei
|
|t:|1779877642
|switch|p1a: Hatterene|Hatterene, F|100/100
|move|p2a: Garchomp|Scale Shot|p1a: Hatterene
|-immune|p1a: Hatterene
|
|upkeep
|turn|3
|
|t:|1779877649
|switch|p2a: Pelipper|Pelipper, F|100/100
|-weather|RainDance|[from] ability: Drizzle|[of] p2a: Pelipper
|move|p1a: Hatterene|Dazzling Gleam|p2a: Pelipper
|-damage|p2a: Pelipper|35/100
|
|-weather|RainDance|[upkeep]
|upkeep
|turn|4
|
|t:|1779877657
|move|p2a: Pelipper|Weather Ball|p1a: Hatterene
|-damage|p1a: Hatterene|31/100
|move|p1a: Hatterene|Dazzling Gleam|p2a: Pelipper
|-damage|p2a: Pelipper|0 fnt
|faint|p2a: Pelipper
|
|-weather|RainDance|[upkeep]
|upkeep
|
|t:|1779877664
|switch|p2a: Barraskewda|Barraskewda, F|100/100
|turn|5
|
|t:|1779877667
|move|p2a: Barraskewda|Flip Turn|p1a: Hatterene
|-damage|p1a: Hatterene|0 fnt
|faint|p1a: Hatterene
|
|t:|1779877671
|switch|p2a: Kingdra|Kingdra, F|100/100|[from] Flip Turn
|
|-weather|RainDance|[upkeep]
|upkeep
|
|t:|1779877677
|switch|p1a: Ogerpon|Ogerpon, F|100/100
|turn|6
|
|t:|1779877680
|-terastallize|p1a: Ogerpon|Grass
|detailschange|p1a: Ogerpon|Ogerpon-Teal-Tera, F, tera:Grass
|-ability|p1a: Ogerpon|Embody Aspect (Teal)|boost
|-boost|p1a: Ogerpon|spe|1
|move|p2a: Kingdra|Hurricane|p1a: Ogerpon
|-supereffective|p1a: Ogerpon
|-damage|p1a: Ogerpon|23/100
|move|p1a: Ogerpon|Ivy Cudgel|p2a: Kingdra
|-damage|p2a: Kingdra|0 fnt
|faint|p2a: Kingdra
|-damage|p1a: Ogerpon|13/100|[from] item: Life Orb
|
|-weather|RainDance|[upkeep]
|upkeep
|
|t:|1779877692
|switch|p2a: Barraskewda|Barraskewda, F|100/100
|turn|7
|
|t:|1779877698
|switch|p1a: Deoxys|Deoxys-Speed|100/100
|-ability|p1a: Deoxys|Pressure
|move|p2a: Barraskewda|Flip Turn|p1a: Deoxys
|-damage|p1a: Deoxys|2/100
|-enditem|p1a: Deoxys|Red Card|[of] p2a: Barraskewda
|drag|p2a: Raging Bolt|Raging Bolt|100/100
|-enditem|p2a: Raging Bolt|Booster Energy
|-activate|p2a: Raging Bolt|ability: Protosynthesis|[fromitem]
|-start|p2a: Raging Bolt|protosynthesisspa
|
|-weather|RainDance|[upkeep]
|upkeep
|turn|8
|
|t:|1779877715
|-end|p2a: Raging Bolt|Protosynthesis|[silent]
|switch|p2a: Garchomp|Garchomp, M|100/100
|move|p1a: Deoxys|Stealth Rock|p2a: Garchomp
|-sidestart|p2: waha8|move: Stealth Rock
|
|-weather|RainDance|[upkeep]
|upkeep
|turn|9
|
|t:|1779877721
|move|p1a: Deoxys|Taunt|p2a: Garchomp
|-start|p2a: Garchomp|move: Taunt
|move|p2a: Garchomp|Scale Shot|p1a: Deoxys|[miss]
|-miss|p2a: Garchomp|p1a: Deoxys
|
|-weather|RainDance|[upkeep]
|upkeep
|turn|10
|
|t:|1779877728
|move|p1a: Deoxys|Spikes|p2a: Garchomp
|-sidestart|p2: waha8|Spikes
|move|p2a: Garchomp|Scale Shot|p1a: Deoxys
|-damage|p1a: Deoxys|0 fnt
|faint|p1a: Deoxys
|-hitcount|p1: Deoxys|1
|-unboost|p2a: Garchomp|def|1
|-boost|p2a: Garchomp|spe|1
|
|-weather|none
|upkeep
|
|t:|1779877730
|switch|p1a: Iron Treads|Iron Treads|100/100
|-item|p1a: Iron Treads|Air Balloon
|turn|11
|
|t:|1779877741
|move|p2a: Garchomp|Scale Shot|p1a: Iron Treads
|-resisted|p1a: Iron Treads
|-damage|p1a: Iron Treads|94/100
|-enditem|p1a: Iron Treads|Air Balloon
|-resisted|p1a: Iron Treads
|-damage|p1a: Iron Treads|87/100
|-resisted|p1a: Iron Treads
|-damage|p1a: Iron Treads|80/100
|-resisted|p1a: Iron Treads
|-damage|p1a: Iron Treads|74/100
|-resisted|p1a: Iron Treads
|-damage|p1a: Iron Treads|67/100
|-hitcount|p1a: Iron Treads|5
|-unboost|p2a: Garchomp|def|1
|-boost|p2a: Garchomp|spe|1
|move|p1a: Iron Treads|Ice Spinner|p2a: Garchomp
|-supereffective|p2a: Garchomp
|-damage|p2a: Garchomp|0 fnt
|-damage|p1a: Iron Treads|55/100|[from] ability: Rough Skin|[of] p2a: Garchomp
|faint|p2a: Garchomp
|
|upkeep
|l| yuureisuisei
|
|t:|1779877760
|switch|p2a: Barraskewda|Barraskewda, F|100/100
|-damage|p2a: Barraskewda|88/100|[from] Stealth Rock
|-damage|p2a: Barraskewda|76/100|[from] Spikes
|turn|12
|
|t:|1779877766
|-end|p1a: Iron Treads|Quark Drive|[silent]
|switch|p1a: Zamazenta|Zamazenta|100/100
|-ability|p1a: Zamazenta|Dauntless Shield|boost
|-boost|p1a: Zamazenta|def|1
|move|p2a: Barraskewda|Liquidation|p1a: Zamazenta
|-damage|p1a: Zamazenta|59/100
|
|upkeep
|turn|13
|
|t:|1779877774
|-terastallize|p2a: Barraskewda|Water
|move|p1a: Zamazenta|Close Combat|p2a: Barraskewda
|-damage|p2a: Barraskewda|0 fnt
|-unboost|p1a: Zamazenta|def|1
|-unboost|p1a: Zamazenta|spd|1
|faint|p2a: Barraskewda
|
|upkeep
|
|t:|1779877780
|switch|p2a: Raging Bolt|Raging Bolt|100/100
|-damage|p2a: Raging Bolt|88/100|[from] Stealth Rock
|-damage|p2a: Raging Bolt|76/100|[from] Spikes
|turn|14
|
|t:|1779877785
|move|p1a: Zamazenta|Close Combat|p2a: Raging Bolt
|-damage|p2a: Raging Bolt|0 fnt
|-unboost|p1a: Zamazenta|def|1
|-unboost|p1a: Zamazenta|spd|1
|faint|p2a: Raging Bolt
|-end|p2a: Raging Bolt|Protosynthesis|[silent]
|
|upkeep
|c|☆waha8|gg
|-message|waha8 forfeited.
|
|win|uncle brown
|raw|uncle brown's rating: 1563 &rarr; <strong>1582</strong><br />(+19 for winning)
|raw|waha8's rating: 1542 &rarr; <strong>1523</strong><br />(-19 for losing)
|l|☆waha8
|player|p2|
|l|☆uncle brown
|player|p1|
