|j|☆MAGAboominGOOCH
|j|☆ketchupandrice
|t:|1779931954
|gametype|singles
|player|p1|MAGAboominGOOCH|supernerd|1096
|player|p2|ketchupandrice|170|1159
|gen|9
|tier|[Gen 9] OU
|rated|
|rule|HP Percentage Mod: HP is shown in percentages
|rule|Endless Battle Clause: Forcing endless battles is banned
|rule|Species Clause: Limit one of each Pokémon
|rule|OHKO Clause: OHKO moves are banned
|rule|Evasion Items Clause: Evasion items are banned
|rule|Evasion Moves Clause: Evasion moves are banned
|rule|Evasion Abilities Clause: Evasion abilities are banned
|rule|Sleep Moves Clause: Sleep-inducing moves are banned
|clearpoke
|poke|p1|Glimmora, M|
|poke|p1|Arcanine-Hisui, M|
|poke|p1|Torkoal, M|
|poke|p1|Houndoom, M|
|poke|p1|Inteleon, M|
|poke|p1|Scovillain, M|
|poke|p2|Garganacl, F|
|poke|p2|Glimmora, M|
|poke|p2|Ogerpon-Wellspring, F|
|poke|p2|Gholdengo|
|poke|p2|Slowking-Galar, M|
|poke|p2|Ninetales-Alola, M|
|teampreview
|inactive|Battle timer is ON: inactive players will automatically lose when time's up. (requested by ketchupandrice)
|
|t:|1779931963
|teamsize|p1|6
|teamsize|p2|6
|start
|switch|p1a: Torkoal|Torkoal, M|100/100
|switch|p2a: Garganacl|Garganacl, F|100/100
|-weather|SunnyDay|[from] ability: Drought|[of] p1a: Torkoal
|turn|1
|
|t:|1779931973
|move|p2a: Garganacl|Stealth Rock|p1a: Torkoal
|-sidestart|p1: MAGAboominGOOCH|move: Stealth Rock
|move|p1a: Torkoal|Earth Power|p2a: Garganacl
|-supereffective|p2a: Garganacl
|-damage|p2a: Garganacl|56/100
|
|-weather|SunnyDay|[upkeep]
|-heal|p2a: Garganacl|62/100|[from] item: Leftovers
|upkeep
|turn|2
|
|t:|1779931982
|switch|p2a: Glimmora|Glimmora, M, shiny|100/100
|-item|p2a: Glimmora|Air Balloon
|move|p1a: Torkoal|Shell Smash|p1a: Torkoal
|-unboost|p1a: Torkoal|def|1
|-unboost|p1a: Torkoal|spd|1
|-boost|p1a: Torkoal|atk|2
|-boost|p1a: Torkoal|spa|2
|-boost|p1a: Torkoal|spe|2
|
|-weather|SunnyDay|[upkeep]
|upkeep
|turn|3
|
|t:|1779931992
|move|p2a: Glimmora|Toxic|p1a: Torkoal
|-status|p1a: Torkoal|tox
|move|p1a: Torkoal|Flamethrower|p2a: Glimmora
|-resisted|p2a: Glimmora
|-damage|p2a: Glimmora|56/100
|-enditem|p2a: Glimmora|Air Balloon
|
|-weather|SunnyDay|[upkeep]
|-damage|p1a: Torkoal|94/100 tox|[from] psn
|upkeep
|turn|4
|
|t:|1779932001
|move|p2a: Glimmora|Spiky Shield|p2a: Glimmora
|-singleturn|p2a: Glimmora|move: Protect
|move|p1a: Torkoal|Flamethrower|p2a: Glimmora
|-activate|p2a: Glimmora|move: Protect
|
|-weather|SunnyDay|[upkeep]
|-damage|p1a: Torkoal|82/100 tox|[from] psn
|upkeep
|turn|5
|
|t:|1779932009
|switch|p2a: Slowking|Slowking-Galar, M|100/100
|move|p1a: Torkoal|Flamethrower|p2a: Slowking
|-damage|p2a: Slowking|11/100
|
|-weather|SunnyDay|[upkeep]
|-heal|p2a: Slowking|18/100|[from] item: Leftovers
|-damage|p1a: Torkoal|64/100 tox|[from] psn
|upkeep
|turn|6
|inactive|MAGAboominGOOCH has 120 seconds left.
|
|t:|1779932058
|switch|p2a: Garganacl|Garganacl, F|62/100
|move|p1a: Torkoal|Earth Power|p2a: Garganacl
|-supereffective|p2a: Garganacl
|-damage|p2a: Garganacl|0 fnt
|faint|p2a: Garganacl
|
|-weather|SunnyDay|[upkeep]
|-damage|p1a: Torkoal|40/100 tox|[from] psn
|upkeep
|
|t:|1779932068
|switch|p2a: Ogerpon|Ogerpon-Wellspring, F|100/100
|turn|7
|
|t:|1779932080
|switch|p1a: Scovillain|Scovillain, M, shiny|100/100
|-damage|p1a: Scovillain|76/100|[from] Stealth Rock
|move|p2a: Ogerpon|Ivy Cudgel|p1a: Scovillain|[anim] Ivy Cudgel Water
|-damage|p1a: Scovillain|22/100
|
|-weather|SunnyDay|[upkeep]
|upkeep
|turn|8
|
|t:|1779932099
|switch|p2a: Slowking|Slowking-Galar, M|51/100
|move|p1a: Scovillain|Giga Drain|p2a: Slowking
|-resisted|p2a: Slowking
|-damage|p2a: Slowking|36/100
|-heal|p1a: Scovillain|33/100|[from] drain|[of] p2a: Slowking
|
|-weather|none
|-heal|p2a: Slowking|42/100|[from] item: Leftovers
|upkeep
|turn|9
|inactive|MAGAboominGOOCH has 120 seconds left.
|
|t:|1779932109
|move|p1a: Scovillain|Fire Blast|p2a: Slowking
|-damage|p2a: Slowking|0 fnt
|faint|p2a: Slowking
|
|upkeep
|
|t:|1779932115
|switch|p2a: Ogerpon|Ogerpon-Wellspring, F|100/100
|turn|10
|
|t:|1779932124
|move|p2a: Ogerpon|Ivy Cudgel|p1a: Scovillain|[anim] Ivy Cudgel Water
|-damage|p1a: Scovillain|0 fnt
|faint|p1a: Scovillain
|
|upkeep
|
|t:|1779932127
|switch|p1a: Torkoal|Torkoal, M|40/100 tox
|-damage|p1a: Torkoal|15/100 tox|[from] Stealth Rock
|-weather|SunnyDay|[from] ability: Drought|[of] p1a: Torkoal
|turn|11
|
|t:|1779932136
|move|p2a: Ogerpon|U-turn|p1a: Torkoal
|-resisted|p1a: Torkoal
|-damage|p1a: Torkoal|4/100 tox
|
|t:|1779932139
|switch|p2a: Ninetales|Ninetales-Alola, M, shiny|100/100|[from] U-turn
|-weather|Snowscape|[from] ability: Snow Warning|[of] p2a: Ninetales
|move|p1a: Torkoal|Flamethrower|p2a: Ninetales
|-supereffective|p2a: Ninetales
|-damage|p2a: Ninetales|4/100
|
|-weather|Snowscape|[upkeep]
|-damage|p1a: Torkoal|0 fnt|[from] psn
|faint|p1a: Torkoal
|upkeep
|
|t:|1779932148
|switch|p1a: Inteleon|Inteleon, M, shiny|100/100
|-damage|p1a: Inteleon|88/100|[from] Stealth Rock
|turn|12
|
|t:|1779932156
|move|p1a: Inteleon|Fell Stinger|p2a: Ninetales
|-resisted|p2a: Ninetales
|-damage|p2a: Ninetales|0 fnt
|faint|p2a: Ninetales
|-boost|p1a: Inteleon|atk|3
|
|-weather|Snowscape|[upkeep]
|upkeep
|-message|ketchupandrice forfeited.
|
|win|MAGAboominGOOCH
|raw|MAGAboominGOOCH's rating: 1096 &rarr; <strong>1126</strong><br />(+30 for winning)
|raw|ketchupandrice's rating: 1159 &rarr; <strong>1130</strong><br />(-29 for losing)
|l|☆ketchupandrice
|player|p2|
