|j|☆pls game
|j|☆isaac_gam3r
|t:|1779889683
|gametype|singles
|player|p1|pls game|ingo|1722
|player|p2|isaac_gam3r|acetrainer-gen4dp|1750
|gen|9
|tier|[Gen 9] OU
|rated|
|rule|HP Percentage Mod: HP is shown in percentages
|rule|Endless Battle Clause: Forcing endless battles is banned
|rule|Species Clause: Limit one of each Pokémon
|rule|OHKO Clause: OHKO moves are banned
|rule|Evasion Items Clause: Evasion items are banned
|rule|Evasion Moves Clause: Evasion moves are banned
|rule|Evasion Abilities Clause: Evasion abilities are banned
|rule|Sleep Moves Clause: Sleep-inducing moves are banned
|clearpoke
|poke|p1|Deoxys-Speed|
|poke|p1|Zamazenta-*|
|poke|p1|Ceruledge, M|
|poke|p1|Iron Valiant|
|poke|p1|Dragonite, M|
|poke|p1|Kingambit, M|
|poke|p2|Primarina, F|
|poke|p2|Raging Bolt|
|poke|p2|Heatran, M|
|poke|p2|Weezing-Galar, M|
|poke|p2|Garchomp, M|
|poke|p2|Weavile, F|
|teampreview
|inactive|Battle timer is ON: inactive players will automatically lose when time's up. (requested by pls game)
|
|t:|1779889690
|teamsize|p1|6
|teamsize|p2|6
|start
|switch|p1a: Deoxys|Deoxys-Speed|100/100
|switch|p2a: Weavile|Weavile, F|100/100
|-ability|p1a: Deoxys|Pressure
|-ability|p2a: Weavile|Pressure
|turn|1
|
|t:|1779889699
|move|p1a: Deoxys|Spikes|p2a: Weavile
|-sidestart|p2: isaac_gam3r|Spikes
|move|p2a: Weavile|Knock Off|p1a: Deoxys
|-supereffective|p1a: Deoxys
|-crit|p1a: Deoxys
|-enditem|p1a: Deoxys|Focus Sash
|-damage|p1a: Deoxys|1/100
|
|upkeep
|turn|2
|
|t:|1779889705
|switch|p1a: Ceruledge|Ceruledge, M|100/100
|move|p2a: Weavile|Ice Shard|p1a: Ceruledge
|-resisted|p1a: Ceruledge
|-damage|p1a: Ceruledge|87/100
|-ability|p1a: Ceruledge|Weak Armor|boost
|-unboost|p1a: Ceruledge|def|1
|-boost|p1a: Ceruledge|spe|2
|
|upkeep
|turn|3
|
|t:|1779889724
|move|p1a: Ceruledge|Swords Dance|p1a: Ceruledge
|-boost|p1a: Ceruledge|atk|2
|move|p2a: Weavile|Knock Off|p1a: Ceruledge
|-supereffective|p1a: Ceruledge
|-damage|p1a: Ceruledge|0 fnt
|-enditem|p1a: Ceruledge|Focus Sash|[from] move: Knock Off|[of] p2a: Weavile
|faint|p1a: Ceruledge
|
|upkeep
|
|t:|1779889737
|switch|p1a: Iron Valiant|Iron Valiant|100/100
|-enditem|p1a: Iron Valiant|Booster Energy
|-activate|p1a: Iron Valiant|ability: Quark Drive|[fromitem]
|-start|p1a: Iron Valiant|quarkdrivespe
|turn|4
|
|t:|1779889751
|-end|p1a: Iron Valiant|Quark Drive|[silent]
|switch|p1a: Zamazenta|Zamazenta|100/100
|-ability|p1a: Zamazenta|Dauntless Shield|boost
|-boost|p1a: Zamazenta|def|1
|switch|p2a: Primarina|Primarina, F, shiny|100/100
|-damage|p2a: Primarina|88/100|[from] Spikes
|
|-heal|p2a: Primarina|94/100|[from] item: Leftovers
|upkeep
|turn|5
|-message|pls game forfeited.
|
|win|isaac_gam3r
|raw|pls game's rating: 1722 &rarr; <strong>1704</strong><br />(-18 for losing)
|raw|isaac_gam3r's rating: 1750 &rarr; <strong>1768</strong><br />(+18 for winning)
|l|☆pls game
|player|p1|
|j| NoirSoumission
|l|☆isaac_gam3r
|player|p2|
