|j|☆whisperingcloth
|j|☆eucalipto69!
|t:|1779897708
|gametype|singles
|player|p1|whisperingcloth|2|1477
|player|p2|eucalipto69!|steven|1420
|gen|9
|tier|[Gen 9] OU
|rated|
|rule|HP Percentage Mod: HP is shown in percentages
|rule|Endless Battle Clause: Forcing endless battles is banned
|rule|Species Clause: Limit one of each Pokémon
|rule|OHKO Clause: OHKO moves are banned
|rule|Evasion Items Clause: Evasion items are banned
|rule|Evasion Moves Clause: Evasion moves are banned
|rule|Evasion Abilities Clause: Evasion abilities are banned
|rule|Sleep Moves Clause: Sleep-inducing moves are banned
|clearpoke
|poke|p1|Scizor, F|
|poke|p1|Deoxys-Speed|
|poke|p1|Garganacl, M|
|poke|p1|Kyurem|
|poke|p1|Great Tusk|
|poke|p1|Zapdos|
|poke|p2|Haxorus, M|
|poke|p2|Grimmsnarl, M|
|poke|p2|Great Tusk|
|poke|p2|Zapdos|
|poke|p2|Kingambit, M|
|poke|p2|Typhlosion, M|
|teampreview
|inactive|Battle timer is ON: inactive players will automatically lose when time's up. (requested by whisperingcloth)
|
|t:|1779897728
|teamsize|p1|6
|teamsize|p2|6
|start
|switch|p1a: Kyurem|Kyurem|100/100
|switch|p2a: Kingambit|Kingambit, M, shiny|100/100
|-ability|p1a: Kyurem|Pressure
|turn|1
|
|t:|1779897734
|move|p1a: Kyurem|Earth Power|p2a: Kingambit
|-supereffective|p2a: Kingambit
|-damage|p2a: Kingambit|42/100
|move|p2a: Kingambit|Iron Head|p1a: Kyurem
|-supereffective|p1a: Kyurem
|-damage|p1a: Kyurem|21/100
|
|upkeep
|turn|2
|
|t:|1779897741
|switch|p1a: Zapdos|Zapdos|100/100
|move|p2a: Kingambit|Iron Head|p1a: Zapdos
|-resisted|p1a: Zapdos
|-damage|p1a: Zapdos|85/100
|
|upkeep
|turn|3
|
|t:|1779897745
|move|p1a: Zapdos|Volt Switch|p2a: Kingambit
|-damage|p2a: Kingambit|21/100
|
|t:|1779897748
|switch|p1a: Great Tusk|Great Tusk|100/100|[from] Volt Switch
|move|p2a: Kingambit|Kowtow Cleave|p1a: Great Tusk
|-resisted|p1a: Great Tusk
|-damage|p1a: Great Tusk|83/100
|
|upkeep
|turn|4
|
|t:|1779897753
|switch|p2a: Great Tusk|Great Tusk|100/100
|move|p1a: Great Tusk|Knock Off|p2a: Great Tusk
|-resisted|p2a: Great Tusk
|-damage|p2a: Great Tusk|88/100
|-enditem|p2a: Great Tusk|Focus Sash|[from] move: Knock Off|[of] p1a: Great Tusk
|
|upkeep
|turn|5
|
|t:|1779897760
|move|p2a: Great Tusk|Ice Spinner|p1a: Great Tusk
|-supereffective|p1a: Great Tusk
|-damage|p1a: Great Tusk|41/100
|move|p1a: Great Tusk|Ice Spinner|p2a: Great Tusk
|-supereffective|p2a: Great Tusk
|-damage|p2a: Great Tusk|49/100
|
|upkeep
|turn|6
|
|t:|1779897765
|-end|p1a: Great Tusk|Protosynthesis|[silent]
|switch|p1a: Zapdos|Zapdos|85/100
|move|p2a: Great Tusk|Ice Spinner|p1a: Zapdos
|-supereffective|p1a: Zapdos
|-damage|p1a: Zapdos|41/100
|-status|p2a: Great Tusk|par|[from] ability: Static|[of] p1a: Zapdos
|
|upkeep
|turn|7
|
|t:|1779897769
|move|p1a: Zapdos|Roost|p1a: Zapdos
|-heal|p1a: Zapdos|92/100
|-singleturn|p1a: Zapdos|move: Roost
|move|p2a: Great Tusk|Headlong Rush|p1a: Zapdos
|-supereffective|p1a: Zapdos
|-damage|p1a: Zapdos|0 fnt
|-unboost|p2a: Great Tusk|def|1
|-unboost|p2a: Great Tusk|spd|1
|faint|p1a: Zapdos
|
|upkeep
|
|t:|1779897773
|switch|p1a: Kyurem|Kyurem|21/100
|-ability|p1a: Kyurem|Pressure
|turn|8
|
|t:|1779897786
|-end|p2a: Great Tusk|Protosynthesis|[silent]
|switch|p2a: Grimmsnarl|Grimmsnarl, M|100/100
|move|p1a: Kyurem|Ice Beam|p2a: Grimmsnarl
|-damage|p2a: Grimmsnarl|36/100
|
|upkeep
|turn|9
|
|t:|1779897791
|move|p2a: Grimmsnarl|Thunder Wave|p1a: Kyurem
|-status|p1a: Kyurem|par
|cant|p1a: Kyurem|par
|
|upkeep
|turn|10
|
|t:|1779897799
|move|p2a: Grimmsnarl|Reflect|p2a: Grimmsnarl
|-sidestart|p2: eucalipto69!|Reflect
|move|p1a: Kyurem|Ice Beam|p2a: Grimmsnarl
|-damage|p2a: Grimmsnarl|0 fnt
|faint|p2a: Grimmsnarl
|
|upkeep
|
|t:|1779897810
|switch|p2a: Haxorus|Haxorus, M, shiny|100/100
|-ability|p2a: Haxorus|Mold Breaker
|turn|11
|
|t:|1779897813
|move|p2a: Haxorus|Iron Head|p1a: Kyurem
|-supereffective|p1a: Kyurem
|-damage|p1a: Kyurem|0 fnt
|faint|p1a: Kyurem
|
|upkeep
|
|t:|1779897818
|switch|p1a: Deoxys|Deoxys-Speed|100/100
|-ability|p1a: Deoxys|Pressure
|turn|12
|
|t:|1779897821
|switch|p2a: Kingambit|Kingambit, M, shiny|21/100
|move|p1a: Deoxys|Psycho Boost|p2a: Kingambit
|-immune|p2a: Kingambit
|
|upkeep
|turn|13
|
|t:|1779897834
|switch|p1a: Great Tusk|Great Tusk|41/100
|move|p2a: Kingambit|Sucker Punch||[still]
|-fail|p2a: Kingambit
|
|upkeep
|turn|14
|
|t:|1779897839
|switch|p2a: Zapdos|Zapdos|100/100
|move|p1a: Great Tusk|Headlong Rush|p2a: Zapdos
|-immune|p2a: Zapdos
|
|upkeep
|turn|15
|
|t:|1779897845
|-end|p1a: Great Tusk|Protosynthesis|[silent]
|switch|p1a: Garganacl|Garganacl, M|100/100
|move|p2a: Zapdos|U-turn|p1a: Garganacl
|-damage|p1a: Garganacl|92/100
|
|t:|1779897851
|switch|p2a: Kingambit|Kingambit, M, shiny|21/100|[from] U-turn
|
|-heal|p1a: Garganacl|98/100|[from] item: Leftovers
|upkeep
|turn|16
|
|t:|1779897854
|move|p2a: Kingambit|Iron Head|p1a: Garganacl
|-supereffective|p1a: Garganacl
|-damage|p1a: Garganacl|35/100
|move|p1a: Garganacl|Salt Cure|p2a: Kingambit
|-resisted|p2a: Kingambit
|-crit|p2a: Kingambit
|-damage|p2a: Kingambit|14/100
|-start|p2a: Kingambit|Salt Cure
|
|-heal|p1a: Garganacl|42/100|[from] item: Leftovers
|-damage|p2a: Kingambit|0 fnt|[from] Salt Cure
|faint|p2a: Kingambit
|upkeep
|
|t:|1779897862
|switch|p2a: Haxorus|Haxorus, M, shiny|100/100
|-ability|p2a: Haxorus|Mold Breaker
|turn|17
|
|t:|1779897867
|move|p2a: Haxorus|Close Combat|p1a: Garganacl
|-supereffective|p1a: Garganacl
|-damage|p1a: Garganacl|0 fnt
|-unboost|p2a: Haxorus|def|1
|-unboost|p2a: Haxorus|spd|1
|faint|p1a: Garganacl
|
|-sideend|p2: eucalipto69!|Reflect
|upkeep
|
|t:|1779897870
|switch|p1a: Deoxys|Deoxys-Speed|100/100
|-ability|p1a: Deoxys|Pressure
|turn|18
|
|t:|1779897873
|switch|p2a: Great Tusk|Great Tusk|49/100 par
|move|p1a: Deoxys|Ice Beam|p2a: Great Tusk
|-supereffective|p2a: Great Tusk
|-damage|p2a: Great Tusk|0 fnt
|faint|p2a: Great Tusk
|-end|p2a: Great Tusk|Protosynthesis|[silent]
|
|upkeep
|
|t:|1779897881
|switch|p2a: Zapdos|Zapdos|100/100
|turn|19
|
|t:|1779897886
|-terastallize|p2a: Zapdos|Steel
|move|p1a: Deoxys|Psycho Boost|p2a: Zapdos
|-resisted|p2a: Zapdos
|-damage|p2a: Zapdos|74/100
|-unboost|p1a: Deoxys|spa|2
|-enditem|p1a: Deoxys|Eject Pack
|
|t:|1779897890
|switch|p1a: Great Tusk|Great Tusk|41/100
|move|p2a: Zapdos|Discharge|p1a: Great Tusk
|-immune|p1a: Great Tusk
|
|upkeep
|turn|20
|
|t:|1779897896
|switch|p2a: Haxorus|Haxorus, M, shiny|100/100
|-ability|p2a: Haxorus|Mold Breaker
|move|p1a: Great Tusk|Headlong Rush|p2a: Haxorus
|-damage|p2a: Haxorus|21/100
|-unboost|p1a: Great Tusk|def|1
|-unboost|p1a: Great Tusk|spd|1
|
|upkeep
|turn|21
|
|t:|1779897903
|-end|p1a: Great Tusk|Protosynthesis|[silent]
|switch|p1a: Scizor|Scizor, F|100/100
|move|p2a: Haxorus|Scale Shot|p1a: Scizor
|-resisted|p1a: Scizor
|-damage|p1a: Scizor|93/100
|-resisted|p1a: Scizor
|-damage|p1a: Scizor|84/100
|-resisted|p1a: Scizor
|-damage|p1a: Scizor|75/100
|-resisted|p1a: Scizor
|-damage|p1a: Scizor|66/100
|-hitcount|p1a: Scizor|4
|-unboost|p2a: Haxorus|def|1
|-boost|p2a: Haxorus|spe|1
|
|upkeep
|turn|22
|
|t:|1779897905
|switch|p2a: Zapdos|Zapdos, tera:Steel|74/100
|move|p1a: Scizor|Bullet Punch|p2a: Zapdos
|-resisted|p2a: Zapdos
|-damage|p2a: Zapdos|49/100
|
|upkeep
|turn|23
|
|t:|1779897913
|switch|p1a: Great Tusk|Great Tusk|41/100
|move|p2a: Zapdos|Hurricane|p1a: Great Tusk
|-supereffective|p1a: Great Tusk
|-damage|p1a: Great Tusk|0 fnt
|faint|p1a: Great Tusk
|-end|p1a: Great Tusk|Protosynthesis|[silent]
|
|upkeep
|
|t:|1779897917
|switch|p1a: Deoxys|Deoxys-Speed|100/100
|-ability|p1a: Deoxys|Pressure
|turn|24
|
|t:|1779897919
|move|p1a: Deoxys|Superpower|p2a: Zapdos
|-supereffective|p2a: Zapdos
|-damage|p2a: Zapdos|0 fnt
|-unboost|p1a: Deoxys|atk|1
|-unboost|p1a: Deoxys|def|1
|-status|p1a: Deoxys|par|[from] ability: Static|[of] p2a: Zapdos
|faint|p2a: Zapdos
|
|upkeep
|
|t:|1779897927
|switch|p2a: Typhlosion|Typhlosion, M|100/100
|turn|25
|
|t:|1779897933
|move|p2a: Typhlosion|Eruption|p1a: Deoxys
|-crit|p1a: Deoxys
|-damage|p1a: Deoxys|0 fnt
|faint|p1a: Deoxys
|
|upkeep
|
|t:|1779897935
|switch|p1a: Scizor|Scizor, F|66/100
|turn|26
|
|t:|1779897941
|-terastallize|p1a: Scizor|Steel
|move|p1a: Scizor|Bullet Punch|p2a: Typhlosion
|-resisted|p2a: Typhlosion
|-damage|p2a: Typhlosion|56/100
|move|p2a: Typhlosion|Eruption|p1a: Scizor
|-supereffective|p1a: Scizor
|-damage|p1a: Scizor|0 fnt
|faint|p1a: Scizor
|
|win|eucalipto69!
|raw|whisperingcloth's rating: 1477 &rarr; <strong>1454</strong><br />(-23 for losing)
|raw|eucalipto69!'s rating: 1420 &rarr; <strong>1443</strong><br />(+23 for winning)
|l|☆whisperingcloth
|player|p1|
|l|☆eucalipto69!
|player|p2|
|j|☆eucalipto69!
|player|p2|eucalipto69!|steven|
|l|☆eucalipto69!
|player|p2|
