|j|☆MAGAboominGOOCH
|j|☆Gloryboykeef
|t:|1779931695
|gametype|singles
|player|p1|MAGAboominGOOCH|supernerd|1058
|player|p2|Gloryboykeef|policeman-gen4|1138
|gen|9
|tier|[Gen 9] OU
|rated|
|rule|HP Percentage Mod: HP is shown in percentages
|rule|Endless Battle Clause: Forcing endless battles is banned
|rule|Species Clause: Limit one of each Pokémon
|rule|OHKO Clause: OHKO moves are banned
|rule|Evasion Items Clause: Evasion items are banned
|rule|Evasion Moves Clause: Evasion moves are banned
|rule|Evasion Abilities Clause: Evasion abilities are banned
|rule|Sleep Moves Clause: Sleep-inducing moves are banned
|clearpoke
|poke|p1|Glimmora, M|
|poke|p1|Arcanine-Hisui, M|
|poke|p1|Torkoal, M|
|poke|p1|Houndoom, M|
|poke|p1|Inteleon, M|
|poke|p1|Scovillain, M|
|poke|p2|Pelipper, M|
|poke|p2|Barraskewda, F|
|poke|p2|Kingdra, M|
|poke|p2|Slaking, M|
|poke|p2|Mandibuzz, F|
|poke|p2|Iron Valiant|
|teampreview
|inactive|Battle timer is ON: inactive players will automatically lose when time's up. (requested by Gloryboykeef)
|
|t:|1779931713
|teamsize|p1|6
|teamsize|p2|6
|start
|switch|p1a: Torkoal|Torkoal, M|100/100
|switch|p2a: Barraskewda|Barraskewda, F, shiny|100/100
|-weather|SunnyDay|[from] ability: Drought|[of] p1a: Torkoal
|turn|1
|
|t:|1779931727
|switch|p1a: Inteleon|Inteleon, M, shiny|100/100
|move|p2a: Barraskewda|Flip Turn|p1a: Inteleon
|-resisted|p1a: Inteleon
|-damage|p1a: Inteleon|83/100
|-damage|p2a: Barraskewda|91/100|[from] item: Life Orb
|
|t:|1779931731
|switch|p2a: Pelipper|Pelipper, M|100/100|[from] Flip Turn
|-weather|RainDance|[from] ability: Drizzle|[of] p2a: Pelipper
|
|-weather|RainDance|[upkeep]
|upkeep
|turn|2
|
|t:|1779931742
|move|p1a: Inteleon|Ice Shard|p2a: Pelipper
|-damage|p2a: Pelipper|93/100
|move|p2a: Pelipper|Hurricane|p1a: Inteleon
|-damage|p1a: Inteleon|26/100
|
|-weather|RainDance|[upkeep]
|upkeep
|turn|3
|
|t:|1779931747
|switch|p1a: Torkoal|Torkoal, M|100/100
|-weather|SunnyDay|[from] ability: Drought|[of] p1a: Torkoal
|move|p2a: Pelipper|Hurricane|p1a: Torkoal|[miss]
|-miss|p2a: Pelipper|p1a: Torkoal
|
|-weather|SunnyDay|[upkeep]
|upkeep
|turn|4
|
|t:|1779931753
|switch|p2a: Slaking|Slaking, M, shiny|100/100
|move|p1a: Torkoal|Shell Smash|p1a: Torkoal
|-unboost|p1a: Torkoal|def|1
|-unboost|p1a: Torkoal|spd|1
|-boost|p1a: Torkoal|atk|2
|-boost|p1a: Torkoal|spa|2
|-boost|p1a: Torkoal|spe|2
|
|-weather|SunnyDay|[upkeep]
|upkeep
|turn|5
|
|t:|1779931758
|move|p2a: Slaking|Earthquake|p1a: Torkoal
|-supereffective|p1a: Torkoal
|-damage|p1a: Torkoal|8/100
|move|p1a: Torkoal|Flamethrower|p2a: Slaking
|-damage|p2a: Slaking|0 fnt
|faint|p2a: Slaking
|
|-weather|SunnyDay|[upkeep]
|upkeep
|
|t:|1779931762
|switch|p2a: Pelipper|Pelipper, M|93/100
|-weather|RainDance|[from] ability: Drizzle|[of] p2a: Pelipper
|turn|6
|
|t:|1779931769
|switch|p1a: Inteleon|Inteleon, M, shiny|26/100
|move|p2a: Pelipper|U-turn|p1a: Inteleon
|-damage|p1a: Inteleon|11/100
|
|t:|1779931772
|switch|p2a: Barraskewda|Barraskewda, F, shiny|91/100|[from] U-turn
|
|-weather|RainDance|[upkeep]
|upkeep
|turn|7
|
|t:|1779931778
|move|p1a: Inteleon|Sucker Punch|p2a: Barraskewda
|-damage|p2a: Barraskewda|56/100
|move|p2a: Barraskewda|Flip Turn|p1a: Inteleon
|-resisted|p1a: Inteleon
|-damage|p1a: Inteleon|0 fnt
|faint|p1a: Inteleon
|-damage|p2a: Barraskewda|46/100|[from] item: Life Orb
|
|t:|1779931784
|switch|p2a: Kingdra|Kingdra, M|100/100|[from] Flip Turn
|
|-weather|RainDance|[upkeep]
|upkeep
|
|t:|1779931794
|switch|p1a: Torkoal|Torkoal, M|8/100
|-weather|SunnyDay|[from] ability: Drought|[of] p1a: Torkoal
|turn|8
|
|t:|1779931802
|switch|p2a: Pelipper|Pelipper, M|93/100
|-weather|RainDance|[from] ability: Drizzle|[of] p2a: Pelipper
|switch|p1a: Scovillain|Scovillain, M, shiny|100/100
|
|-weather|RainDance|[upkeep]
|upkeep
|turn|9
|
|t:|1779931809
|move|p1a: Scovillain|Giga Drain|p2a: Pelipper
|-damage|p2a: Pelipper|43/100
|move|p2a: Pelipper|Hurricane|p1a: Scovillain
|-supereffective|p1a: Scovillain
|-damage|p1a: Scovillain|0 fnt
|faint|p1a: Scovillain
|
|-weather|RainDance|[upkeep]
|upkeep
|
|t:|1779931814
|switch|p1a: Torkoal|Torkoal, M|8/100
|-weather|SunnyDay|[from] ability: Drought|[of] p1a: Torkoal
|turn|10
|
|t:|1779931818
|move|p2a: Pelipper|Hydro Pump|p1a: Torkoal
|-supereffective|p1a: Torkoal
|-damage|p1a: Torkoal|0 fnt
|faint|p1a: Torkoal
|
|-weather|SunnyDay|[upkeep]
|upkeep
|
|t:|1779931824
|switch|p1a: Arcanine|Arcanine-Hisui, M|100/100
|turn|11
|c|☆Gloryboykeef|gg
|
|t:|1779931832
|switch|p2a: Mandibuzz|Mandibuzz, F|100/100
|move|p1a: Arcanine|Wild Charge|p2a: Mandibuzz
|-supereffective|p2a: Mandibuzz
|-damage|p2a: Mandibuzz|55/100
|-damage|p1a: Arcanine|91/100|[from] item: Life Orb
|
|-weather|SunnyDay|[upkeep]
|upkeep
|turn|12
|
|t:|1779931838
|move|p1a: Arcanine|Head Smash|p2a: Mandibuzz
|-supereffective|p2a: Mandibuzz
|-damage|p2a: Mandibuzz|0 fnt
|faint|p2a: Mandibuzz
|-damage|p1a: Arcanine|81/100|[from] item: Life Orb
|
|-weather|SunnyDay|[upkeep]
|upkeep
|
|t:|1779931841
|switch|p2a: Pelipper|Pelipper, M|43/100
|-weather|RainDance|[from] ability: Drizzle|[of] p2a: Pelipper
|turn|13
|
|t:|1779931848
|move|p1a: Arcanine|Wild Charge|p2a: Pelipper
|-supereffective|p2a: Pelipper
|-damage|p2a: Pelipper|0 fnt
|faint|p2a: Pelipper
|-damage|p1a: Arcanine|71/100|[from] item: Life Orb
|
|-weather|RainDance|[upkeep]
|upkeep
|
|t:|1779931850
|switch|p2a: Barraskewda|Barraskewda, F, shiny|46/100
|turn|14
|
|t:|1779931852
|-terastallize|p1a: Arcanine|Normal
|move|p1a: Arcanine|Extreme Speed|p2a: Barraskewda
|-damage|p2a: Barraskewda|0 fnt
|faint|p2a: Barraskewda
|-damage|p1a: Arcanine|61/100|[from] item: Life Orb
|
|-weather|RainDance|[upkeep]
|upkeep
|
|t:|1779931856
|switch|p2a: Kingdra|Kingdra, M|100/100
|turn|15
|
|t:|1779931871
|move|p1a: Arcanine|Extreme Speed|p2a: Kingdra
|-damage|p2a: Kingdra|40/100
|-damage|p1a: Arcanine|51/100|[from] item: Life Orb
|move|p2a: Kingdra|Hydro Pump|p1a: Arcanine|[miss]
|-miss|p2a: Kingdra|p1a: Arcanine
|
|-weather|RainDance|[upkeep]
|upkeep
|turn|16
|
|t:|1779931874
|move|p1a: Arcanine|Extreme Speed|p2a: Kingdra
|-damage|p2a: Kingdra|0 fnt
|faint|p2a: Kingdra
|-damage|p1a: Arcanine|41/100|[from] item: Life Orb
|
|-weather|RainDance|[upkeep]
|upkeep
|
|t:|1779931876
|switch|p2a: Iron Valiant|Iron Valiant, shiny|100/100
|-enditem|p2a: Iron Valiant|Booster Energy
|-activate|p2a: Iron Valiant|ability: Quark Drive|[fromitem]
|-start|p2a: Iron Valiant|quarkdrivespe
|turn|17
|
|t:|1779931881
|move|p1a: Arcanine|Extreme Speed|p2a: Iron Valiant
|-damage|p2a: Iron Valiant|35/100
|-damage|p1a: Arcanine|31/100|[from] item: Life Orb
|move|p2a: Iron Valiant|Focus Blast|p1a: Arcanine|[miss]
|-miss|p2a: Iron Valiant|p1a: Arcanine
|
|-weather|RainDance|[upkeep]
|upkeep
|turn|18
|
|t:|1779931884
|move|p1a: Arcanine|Extreme Speed|p2a: Iron Valiant
|-damage|p2a: Iron Valiant|0 fnt
|faint|p2a: Iron Valiant
|-end|p2a: Iron Valiant|Quark Drive|[silent]
|-damage|p1a: Arcanine|21/100|[from] item: Life Orb
|
|win|MAGAboominGOOCH
|raw|MAGAboominGOOCH's rating: 1058 &rarr; <strong>1096</strong><br />(+38 for winning)
|raw|Gloryboykeef's rating: 1138 &rarr; <strong>1107</strong><br />(-31 for losing)
|l|☆Gloryboykeef
|player|p2|
|c|☆MAGAboominGOOCH|gg
|c|☆MAGAboominGOOCH|wp
