|j|☆Yung Embryo
|j|☆klopkik
|t:|1779924232
|gametype|singles
|player|p1|Yung Embryo|giovanni-gen1rb|1609
|player|p2|klopkik|101|1613
|gen|9
|tier|[Gen 9] OU
|rated|
|rule|HP Percentage Mod: HP is shown in percentages
|rule|Endless Battle Clause: Forcing endless battles is banned
|rule|Species Clause: Limit one of each Pokémon
|rule|OHKO Clause: OHKO moves are banned
|rule|Evasion Items Clause: Evasion items are banned
|rule|Evasion Moves Clause: Evasion moves are banned
|rule|Evasion Abilities Clause: Evasion abilities are banned
|rule|Sleep Moves Clause: Sleep-inducing moves are banned
|clearpoke
|poke|p1|Eiscue, M|
|poke|p1|Slowking-Galar, F|
|poke|p1|Kingambit, F|
|poke|p1|Iron Treads|
|poke|p1|Kyurem|
|poke|p1|Moltres|
|poke|p2|Ursaluna, M|
|poke|p2|Toxapex, M|
|poke|p2|Heatran, M|
|poke|p2|Hydreigon, M|
|poke|p2|Hatterene, F|
|poke|p2|Keldeo-Resolute|
|teampreview
|inactive|Battle timer is ON: inactive players will automatically lose when time's up. (requested by klopkik)
|
|t:|1779924260
|teamsize|p1|6
|teamsize|p2|6
|start
|switch|p1a: Slowking|Slowking-Galar, F|100/100
|switch|p2a: Keldeo|Keldeo-Resolute|100/100
|turn|1
|inactive|Yung Embryo has 120 seconds left.
|
|t:|1779924306
|move|p2a: Keldeo|Flip Turn|p1a: Slowking
|-damage|p1a: Slowking|87/100
|
|t:|1779924315
|switch|p2a: Heatran|Heatran, M|100/100|[from] Flip Turn
|-item|p2a: Heatran|Air Balloon
|move|p1a: Slowking|Thunder Wave|p2a: Heatran
|-status|p2a: Heatran|par
|
|upkeep
|turn|2
|
|t:|1779924332
|move|p2a: Heatran|Taunt|p1a: Slowking
|-start|p1a: Slowking|move: Taunt
|-prepare|p1a: Slowking|Chilly Reception|[premajor]
|cant|p1a: Slowking|move: Taunt|Chilly Reception
|
|upkeep
|turn|3
|inactive|Yung Embryo has 120 seconds left.
|
|t:|1779924351
|switch|p1a: Moltres|Moltres|100/100
|move|p2a: Heatran|Stealth Rock|p1a: Moltres
|-sidestart|p1: Yung Embryo|move: Stealth Rock
|
|upkeep
|turn|4
|
|t:|1779924358
|switch|p2a: Toxapex|Toxapex, M|100/100
|move|p1a: Moltres|U-turn|p2a: Toxapex
|-resisted|p2a: Toxapex
|-damage|p2a: Toxapex|95/100
|-enditem|p2a: Toxapex|Eject Button
|
|t:|1779924363
|switch|p2a: Ursaluna|Ursaluna, M|100/100
|
|-status|p2a: Ursaluna|brn|[from] item: Flame Orb
|upkeep
|turn|5
|
|t:|1779924375
|move|p1a: Moltres|U-turn|p2a: Ursaluna
|-damage|p2a: Ursaluna|89/100 brn
|
|t:|1779924376
|switch|p1a: Iron Treads|Iron Treads|100/100|[from] U-turn
|-damage|p1a: Iron Treads|97/100|[from] Stealth Rock
|move|p2a: Ursaluna|Facade|p1a: Iron Treads
|-resisted|p1a: Iron Treads
|-damage|p1a: Iron Treads|37/100
|
|-heal|p1a: Iron Treads|43/100|[from] item: Leftovers
|-damage|p2a: Ursaluna|83/100 brn|[from] brn
|upkeep
|turn|6
|
|t:|1779924395
|switch|p2a: Hatterene|Hatterene, F|100/100
|move|p1a: Iron Treads|Stealth Rock|p2a: Hatterene
|move|p2a: Hatterene|Stealth Rock||[from] ability: Magic Bounce|[still]
|-fail|p2a: Hatterene
|
|-heal|p1a: Iron Treads|49/100|[from] item: Leftovers
|upkeep
|turn|7
|
|t:|1779924401
|move|p1a: Iron Treads|Rapid Spin|p2a: Hatterene
|-crit|p2a: Hatterene
|-damage|p2a: Hatterene|80/100
|-boost|p1a: Iron Treads|spe|1
|-sideend|p1: Yung Embryo|Stealth Rock|[from] move: Rapid Spin|[of] p1a: Iron Treads
|move|p2a: Hatterene|Calm Mind|p2a: Hatterene
|-boost|p2a: Hatterene|spa|1
|-boost|p2a: Hatterene|spd|1
|
|-heal|p1a: Iron Treads|55/100|[from] item: Leftovers
|-heal|p2a: Hatterene|86/100|[from] item: Leftovers
|upkeep
|turn|8
|
|t:|1779924414
|move|p1a: Iron Treads|Knock Off|p2a: Hatterene
|-damage|p2a: Hatterene|61/100
|-enditem|p2a: Hatterene|Leftovers|[from] move: Knock Off|[of] p1a: Iron Treads
|move|p2a: Hatterene|Calm Mind|p2a: Hatterene
|-boost|p2a: Hatterene|spa|1
|-boost|p2a: Hatterene|spd|1
|
|-heal|p1a: Iron Treads|62/100|[from] item: Leftovers
|upkeep
|turn|9
|
|t:|1779924422
|move|p1a: Iron Treads|Earthquake|p2a: Hatterene
|-damage|p2a: Hatterene|24/100
|move|p2a: Hatterene|Pain Split|p1a: Iron Treads
|-sethp|p1a: Iron Treads|43/100|[from] move: Pain Split|[silent]
|-sethp|p2a: Hatterene|43/100|[from] move: Pain Split
|
|-heal|p1a: Iron Treads|49/100|[from] item: Leftovers
|upkeep
|turn|10
|
|t:|1779924430
|move|p1a: Iron Treads|Earthquake|p2a: Hatterene
|-damage|p2a: Hatterene|5/100
|move|p2a: Hatterene|Draining Kiss|p1a: Iron Treads
|-resisted|p1a: Iron Treads
|-crit|p1a: Iron Treads
|-damage|p1a: Iron Treads|0 fnt
|-heal|p2a: Hatterene|41/100|[from] drain|[of] p1a: Iron Treads
|faint|p1a: Iron Treads
|-end|p1a: Iron Treads|Quark Drive|[silent]
|
|upkeep
|
|t:|1779924447
|switch|p1a: Kingambit|Kingambit, F|100/100
|-activate|p1a: Kingambit|ability: Supreme Overlord
|-start|p1a: Kingambit|fallen1|[silent]
|turn|11
|inactive|klopkik has 120 seconds left.
|
|t:|1779924478
|switch|p2a: Toxapex|Toxapex, M|100/100
|move|p1a: Kingambit|Iron Head|p2a: Toxapex
|-resisted|p2a: Toxapex
|-damage|p2a: Toxapex|83/100
|
|upkeep
|turn|12
|
|t:|1779924484
|-end|p1a: Kingambit|fallen1|[silent]
|switch|p1a: Slowking|Slowking-Galar, F|100/100
|move|p2a: Toxapex|Toxic Spikes|p1a: Slowking
|-sidestart|p1: Yung Embryo|move: Toxic Spikes
|
|upkeep
|turn|13
|
|t:|1779924496
|switch|p2a: Ursaluna|Ursaluna, M|83/100 brn
|-prepare|p1a: Slowking|Chilly Reception|[premajor]
|move|p1a: Slowking|Chilly Reception|p1a: Slowking
|-weather|Snowscape
|
|t:|1779924503
|switch|p1a: Eiscue|Eiscue, M|100/100|[from] Chilly Reception
|
|-weather|Snowscape|[upkeep]
|-damage|p2a: Ursaluna|77/100 brn|[from] brn
|upkeep
|turn|14
|
|t:|1779924512
|switch|p2a: Keldeo|Keldeo-Resolute|100/100
|move|p1a: Eiscue|Icicle Crash|p2a: Keldeo|[miss]
|-miss|p1a: Eiscue|p2a: Keldeo
|
|-weather|Snowscape|[upkeep]
|upkeep
|turn|15
|
|t:|1779924524
|switch|p1a: Slowking|Slowking-Galar, F|100/100
|-sideend|p1: Yung Embryo|move: Toxic Spikes|[of] p1a: Slowking
|move|p2a: Keldeo|Flip Turn|p1a: Slowking
|-damage|p1a: Slowking|86/100
|
|t:|1779924527
|switch|p2a: Ursaluna|Ursaluna, M|77/100 brn|[from] Flip Turn
|
|-weather|Snowscape|[upkeep]
|-damage|p2a: Ursaluna|71/100 brn|[from] brn
|upkeep
|turn|16
|
|t:|1779924531
|switch|p1a: Moltres|Moltres|100/100
|move|p2a: Ursaluna|Facade|p1a: Moltres
|-damage|p1a: Moltres|0 fnt
|faint|p1a: Moltres
|
|-weather|Snowscape|[upkeep]
|-damage|p2a: Ursaluna|65/100 brn|[from] brn
|upkeep
|
|t:|1779924533
|switch|p1a: Eiscue|Eiscue, M|100/100
|turn|17
|
|t:|1779924539
|switch|p2a: Toxapex|Toxapex, M|100/100
|move|p1a: Eiscue|Liquidation|p2a: Toxapex
|-resisted|p2a: Toxapex
|-crit|p2a: Toxapex
|-damage|p2a: Toxapex|88/100
|
|-weather|none
|upkeep
|turn|18
|
|t:|1779924548
|switch|p1a: Slowking|Slowking-Galar, F|100/100
|move|p2a: Toxapex|Toxic|p1a: Slowking
|-immune|p1a: Slowking
|
|upkeep
|turn|19
|
|t:|1779924555
|move|p2a: Toxapex|Toxic Spikes|p1a: Slowking
|-sidestart|p1: Yung Embryo|move: Toxic Spikes
|-prepare|p1a: Slowking|Chilly Reception|[premajor]
|move|p1a: Slowking|Chilly Reception|p1a: Slowking
|-weather|Snowscape
|
|t:|1779924560
|switch|p1a: Eiscue|Eiscue, M|100/100|[from] Chilly Reception
|
|-weather|Snowscape|[upkeep]
|upkeep
|turn|20
|
|t:|1779924567
|switch|p1a: Slowking|Slowking-Galar, F|100/100
|-sideend|p1: Yung Embryo|move: Toxic Spikes|[of] p1a: Slowking
|switch|p2a: Ursaluna|Ursaluna, M|65/100 brn
|
|-weather|Snowscape|[upkeep]
|-damage|p2a: Ursaluna|58/100 brn|[from] brn
|upkeep
|turn|21
|
|t:|1779924575
|switch|p1a: Eiscue|Eiscue, M|100/100
|move|p2a: Ursaluna|Facade|p1a: Eiscue
|-activate|p1a: Eiscue|ability: Ice Face
|-damage|p1a: Eiscue|100/100
|detailschange|p1a: Eiscue|Eiscue-Noice, M
|
|-weather|Snowscape|[upkeep]
|-damage|p2a: Ursaluna|52/100 brn|[from] brn
|upkeep
|turn|22
|
|t:|1779924583
|switch|p2a: Toxapex|Toxapex, M|100/100
|move|p1a: Eiscue|Icicle Crash|p2a: Toxapex
|-resisted|p2a: Toxapex
|-damage|p2a: Toxapex|88/100
|
|-weather|Snowscape|[upkeep]
|upkeep
|turn|23
|
|t:|1779924595
|switch|p1a: Slowking|Slowking-Galar, F|100/100
|move|p2a: Toxapex|Toxic Spikes|p1a: Slowking
|-sidestart|p1: Yung Embryo|move: Toxic Spikes
|
|-weather|none
|upkeep
|turn|24
|
|t:|1779924604
|switch|p2a: Heatran|Heatran, M|100/100 par
|-item|p2a: Heatran|Air Balloon
|-prepare|p1a: Slowking|Chilly Reception|[premajor]
|move|p1a: Slowking|Chilly Reception|p1a: Slowking
|-weather|Snowscape
|
|t:|1779924614
|switch|p1a: Kingambit|Kingambit, F|100/100|[from] Chilly Reception
|-activate|p1a: Kingambit|ability: Supreme Overlord
|-start|p1a: Kingambit|fallen2|[silent]
|
|-weather|Snowscape|[upkeep]
|upkeep
|turn|25
|inactive|klopkik has 120 seconds left.
|
|t:|1779924651
|move|p1a: Kingambit|Low Kick|p2a: Heatran
|-supereffective|p2a: Heatran
|-damage|p2a: Heatran|17/100 par
|-enditem|p2a: Heatran|Air Balloon
|move|p2a: Heatran|Magma Storm|p1a: Kingambit|[miss]
|-miss|p2a: Heatran|p1a: Kingambit
|
|-weather|Snowscape|[upkeep]
|upkeep
|turn|26
|inactive|klopkik has 120 seconds left.
|
|t:|1779924658
|move|p1a: Kingambit|Low Kick|p2a: Heatran
|-supereffective|p2a: Heatran
|-crit|p2a: Heatran
|-damage|p2a: Heatran|0 fnt
|faint|p2a: Heatran
|
|-weather|Snowscape|[upkeep]
|upkeep
|inactive|klopkik has 120 seconds left.
|
|t:|1779924669
|switch|p2a: Keldeo|Keldeo-Resolute|100/100
|turn|27
|
|t:|1779924674
|-end|p1a: Kingambit|fallen2|[silent]
|switch|p1a: Slowking|Slowking-Galar, F|100/100
|-sideend|p1: Yung Embryo|move: Toxic Spikes|[of] p1a: Slowking
|move|p2a: Keldeo|Flip Turn|p1a: Slowking
|-damage|p1a: Slowking|87/100
|
|t:|1779924684
|switch|p2a: Ursaluna|Ursaluna, M|52/100 brn|[from] Flip Turn
|
|-weather|Snowscape|[upkeep]
|-damage|p2a: Ursaluna|46/100 brn|[from] brn
|upkeep
|turn|28
|
|t:|1779924689
|switch|p1a: Eiscue|Eiscue-Noice, M|100/100
|-activate|p1a: Eiscue|ability: Ice Face
|detailschange|p1a: Eiscue|Eiscue, M
|move|p2a: Ursaluna|Facade|p1a: Eiscue
|-activate|p1a: Eiscue|ability: Ice Face
|-damage|p1a: Eiscue|100/100
|detailschange|p1a: Eiscue|Eiscue-Noice, M
|
|-weather|none
|-damage|p2a: Ursaluna|40/100 brn|[from] brn
|upkeep
|turn|29
|
|t:|1779924702
|-terastallize|p2a: Ursaluna|Normal
|move|p1a: Eiscue|Icicle Crash|p2a: Ursaluna
|-damage|p2a: Ursaluna|14/100 brn
|cant|p2a: Ursaluna|flinch
|
|-damage|p2a: Ursaluna|8/100 brn|[from] brn
|upkeep
|turn|30
|
|t:|1779924716
|switch|p2a: Keldeo|Keldeo-Resolute|100/100
|move|p1a: Eiscue|Liquidation|p2a: Keldeo
|-resisted|p2a: Keldeo
|-damage|p2a: Keldeo|88/100
|
|upkeep
|turn|31
|
|t:|1779924722
|move|p1a: Eiscue|Belly Drum|p1a: Eiscue
|-damage|p1a: Eiscue|51/100
|-setboost|p1a: Eiscue|atk|6|[from] move: Belly Drum
|move|p2a: Keldeo|Flip Turn|p1a: Eiscue
|-damage|p1a: Eiscue|26/100
|
|t:|1779924734
|switch|p2a: Hatterene|Hatterene, F|41/100|[from] Flip Turn
|
|upkeep
|turn|32
|
|t:|1779924741
|move|p1a: Eiscue|Liquidation|p2a: Hatterene
|-damage|p2a: Hatterene|0 fnt
|faint|p2a: Hatterene
|
|upkeep
|
|t:|1779924745
|switch|p2a: Keldeo|Keldeo-Resolute|88/100
|turn|33
|
|t:|1779924751
|switch|p1a: Slowking|Slowking-Galar, F|100/100
|move|p2a: Keldeo|Flip Turn|p1a: Slowking
|-damage|p1a: Slowking|85/100
|
|t:|1779924755
|switch|p2a: Ursaluna|Ursaluna, M, tera:Normal|8/100 brn|[from] Flip Turn
|
|-damage|p2a: Ursaluna|1/100 brn|[from] brn
|upkeep
|turn|34
|
|t:|1779924760
|switch|p1a: Eiscue|Eiscue-Noice, M|26/100
|move|p2a: Ursaluna|Facade|p1a: Eiscue
|-damage|p1a: Eiscue|0 fnt
|faint|p1a: Eiscue
|
|-damage|p2a: Ursaluna|0 fnt|[from] brn
|faint|p2a: Ursaluna
|upkeep
|
|t:|1779924776
|switch|p1a: Kyurem|Kyurem|100/100
|switch|p2a: Hydreigon|Hydreigon, M|100/100
|-ability|p1a: Kyurem|Pressure
|turn|35
|
|t:|1779924789
|switch|p1a: Kingambit|Kingambit, F|100/100
|-activate|p1a: Kingambit|ability: Supreme Overlord
|-start|p1a: Kingambit|fallen3|[silent]
|switch|p2a: Toxapex|Toxapex, M|100/100
|
|upkeep
|turn|36
|
|t:|1779924794
|move|p1a: Kingambit|Swords Dance|p1a: Kingambit
|-boost|p1a: Kingambit|atk|2
|move|p2a: Toxapex|Toxic Spikes|p1a: Kingambit
|-sidestart|p1: Yung Embryo|move: Toxic Spikes
|
|upkeep
|turn|37
|
|t:|1779924802
|-end|p1a: Kingambit|fallen3|[silent]
|switch|p1a: Slowking|Slowking-Galar, F|100/100
|-sideend|p1: Yung Embryo|move: Toxic Spikes|[of] p1a: Slowking
|move|p2a: Toxapex|Haze|p2a: Toxapex
|-clearallboost
|
|upkeep
|turn|38
|
|t:|1779924814
|move|p2a: Toxapex|Toxic Spikes|p1a: Slowking
|-sidestart|p1: Yung Embryo|move: Toxic Spikes
|move|p1a: Slowking|Future Sight|p2a: Toxapex
|-start|p1a: Slowking|move: Future Sight
|
|upkeep
|turn|39
|
|t:|1779924824
|move|p2a: Toxapex|Toxic|p1a: Slowking
|-immune|p1a: Slowking
|-prepare|p1a: Slowking|Chilly Reception|[premajor]
|move|p1a: Slowking|Chilly Reception|p1a: Slowking
|-weather|Snowscape
|
|t:|1779924828
|switch|p1a: Kingambit|Kingambit, F|100/100|[from] Chilly Reception
|-activate|p1a: Kingambit|ability: Supreme Overlord
|-start|p1a: Kingambit|fallen3|[silent]
|
|-weather|Snowscape|[upkeep]
|upkeep
|turn|40
|
|t:|1779924838
|move|p1a: Kingambit|Swords Dance|p1a: Kingambit
|-boost|p1a: Kingambit|atk|2
|move|p2a: Toxapex|Toxic Spikes|p1a: Kingambit
|-sidestart|p1: Yung Embryo|move: Toxic Spikes
|
|-weather|Snowscape|[upkeep]
|-end|p2a: Toxapex|move: Future Sight
|-supereffective|p2a: Toxapex
|-damage|p2a: Toxapex|48/100
|upkeep
|turn|41
|
|t:|1779924843
|move|p1a: Kingambit|Iron Head|p2a: Toxapex
|-resisted|p2a: Toxapex
|-damage|p2a: Toxapex|7/100
|move|p2a: Toxapex|Haze|p2a: Toxapex
|-clearallboost
|
|-weather|Snowscape|[upkeep]
|upkeep
|turn|42
|
|t:|1779924850
|move|p1a: Kingambit|Iron Head|p2a: Toxapex
|-resisted|p2a: Toxapex
|-damage|p2a: Toxapex|0 fnt
|faint|p2a: Toxapex
|
|-weather|Snowscape|[upkeep]
|upkeep
|
|t:|1779924853
|switch|p2a: Hydreigon|Hydreigon, M|100/100
|turn|43
|
|t:|1779924857
|move|p2a: Hydreigon|Earth Power|p1a: Kingambit
|-supereffective|p1a: Kingambit
|-damage|p1a: Kingambit|0 fnt
|faint|p1a: Kingambit
|-end|p1a: Kingambit|fallen3|[silent]
|
|-weather|none
|upkeep
|
|t:|1779924859
|switch|p1a: Slowking|Slowking-Galar, F|100/100
|-sideend|p1: Yung Embryo|move: Toxic Spikes|[of] p1a: Slowking
|turn|44
|
|t:|1779924872
|move|p2a: Hydreigon|Earth Power|p1a: Slowking
|-supereffective|p1a: Slowking
|-damage|p1a: Slowking|51/100
|move|p1a: Slowking|Sludge Bomb|p2a: Hydreigon
|-damage|p2a: Hydreigon|60/100
|
|upkeep
|turn|45
|
|t:|1779924878
|move|p2a: Hydreigon|Earth Power|p1a: Slowking
|-supereffective|p1a: Slowking
|-damage|p1a: Slowking|0 fnt
|faint|p1a: Slowking
|
|upkeep
|
|t:|1779924880
|switch|p1a: Kyurem|Kyurem|100/100
|-ability|p1a: Kyurem|Pressure
|turn|46
|
|t:|1779924888
|move|p1a: Kyurem|Freeze-Dry|p2a: Hydreigon
|-supereffective|p2a: Hydreigon
|-damage|p2a: Hydreigon|0 fnt
|faint|p2a: Hydreigon
|
|upkeep
|
|t:|1779924891
|switch|p2a: Keldeo|Keldeo-Resolute|88/100
|turn|47
|j| VicBossMG
|
|t:|1779924900
|-terastallize|p1a: Kyurem|Ice
|move|p1a: Kyurem|Freeze-Dry|p2a: Keldeo
|-supereffective|p2a: Keldeo
|-damage|p2a: Keldeo|0 fnt
|faint|p2a: Keldeo
|
|win|Yung Embryo
|raw|Yung Embryo's rating: 1609 &rarr; <strong>1629</strong><br />(+20 for winning)
|raw|klopkik's rating: 1613 &rarr; <strong>1593</strong><br />(-20 for losing)
|l|☆klopkik
|player|p2|
|l|☆Yung Embryo
|player|p1|
|l| VicBossMG
