|j|☆Avv2121
|j|☆marcus goobrelius
|t:|1779956085
|gametype|singles
|player|p1|Avv2121|janine|1283
|player|p2|marcus goobrelius|flint|1389
|gen|9
|tier|[Gen 9] OU
|rated|
|rule|HP Percentage Mod: HP is shown in percentages
|rule|Endless Battle Clause: Forcing endless battles is banned
|rule|Species Clause: Limit one of each Pokémon
|rule|OHKO Clause: OHKO moves are banned
|rule|Evasion Items Clause: Evasion items are banned
|rule|Evasion Moves Clause: Evasion moves are banned
|rule|Evasion Abilities Clause: Evasion abilities are banned
|rule|Sleep Moves Clause: Sleep-inducing moves are banned
|clearpoke
|poke|p1|Garganacl, F|
|poke|p1|Dragapult, M|
|poke|p1|Kingambit, M|
|poke|p1|Iron Moth|
|poke|p1|Corviknight, F|
|poke|p1|Porygon-Z|
|poke|p2|Dragonite, F|
|poke|p2|Great Tusk|
|poke|p2|Deoxys-Speed|
|poke|p2|Gholdengo|
|poke|p2|Zamazenta-*|
|poke|p2|Iron Valiant|
|teampreview
|inactive|Battle timer is ON: inactive players will automatically lose when time's up. (requested by Avv2121)
|
|t:|1779956095
|teamsize|p1|6
|teamsize|p2|6
|start
|switch|p1a: Dragapult|Dragapult, M|100/100
|switch|p2a: Deoxys|Deoxys-Speed|100/100
|-ability|p2a: Deoxys|Pressure
|turn|1
|
|t:|1779956106
|move|p2a: Deoxys|Stealth Rock|p1a: Dragapult
|-sidestart|p1: Avv2121|move: Stealth Rock
|move|p1a: Dragapult|U-turn|p2a: Deoxys
|-supereffective|p2a: Deoxys
|-damage|p2a: Deoxys|58/100
|
|t:|1779956110
|switch|p1a: Corviknight|Corviknight, F|100/100|[from] U-turn
|-damage|p1a: Corviknight|88/100|[from] Stealth Rock
|
|upkeep
|turn|2
|
|t:|1779956118
|move|p2a: Deoxys|Taunt|p1a: Corviknight
|-start|p1a: Corviknight|move: Taunt
|cant|p1a: Corviknight|move: Taunt|Defog
|
|upkeep
|turn|3
|
|t:|1779956122
|move|p2a: Deoxys|Spikes|p1a: Corviknight
|-sidestart|p1: Avv2121|Spikes
|move|p1a: Corviknight|U-turn|p2a: Deoxys
|-supereffective|p2a: Deoxys
|-damage|p2a: Deoxys|21/100
|
|t:|1779956124
|switch|p1a: Dragapult|Dragapult, M|100/100|[from] U-turn
|
|upkeep
|turn|4
|
|t:|1779956135
|move|p2a: Deoxys|Spikes|p1a: Dragapult
|-sidestart|p1: Avv2121|Spikes
|move|p1a: Dragapult|Shadow Ball|p2a: Deoxys
|-supereffective|p2a: Deoxys
|-damage|p2a: Deoxys|0 fnt
|faint|p2a: Deoxys
|
|upkeep
|inactive|marcus goobrelius has 120 seconds left.
|l|☆Avv2121
|inactive|Avv2121 disconnected and has a minute to reconnect!
|player|p1|
|inactive|marcus goobrelius has 90 seconds left.
|j|☆Avv2121
|inactive|Avv2121 reconnected.
|player|p1|Avv2121|janine|
|c|☆Avv2121|Woo
|
|t:|1779956216
|switch|p2a: Iron Valiant|Iron Valiant|100/100
|-enditem|p2a: Iron Valiant|Booster Energy
|-activate|p2a: Iron Valiant|ability: Quark Drive|[fromitem]
|-start|p2a: Iron Valiant|quarkdrivespe
|turn|5
|
|t:|1779956236
|switch|p1a: Garganacl|Garganacl, F|100/100
|-damage|p1a: Garganacl|88/100|[from] Stealth Rock
|-damage|p1a: Garganacl|72/100|[from] Spikes
|move|p2a: Iron Valiant|Knock Off|p1a: Garganacl
|-damage|p1a: Garganacl|56/100
|-enditem|p1a: Garganacl|Leftovers|[from] move: Knock Off|[of] p2a: Iron Valiant
|
|upkeep
|turn|6
|
|t:|1779956247
|move|p2a: Iron Valiant|Moonblast|p1a: Garganacl
|-damage|p1a: Garganacl|18/100
|-unboost|p1a: Garganacl|spa|1
|move|p1a: Garganacl|Salt Cure|p2a: Iron Valiant
|-resisted|p2a: Iron Valiant
|-damage|p2a: Iron Valiant|92/100
|-start|p2a: Iron Valiant|Salt Cure
|
|-damage|p2a: Iron Valiant|79/100|[from] Salt Cure
|upkeep
|turn|7
|
|t:|1779956257
|move|p1a: Garganacl|Protect|p1a: Garganacl
|-singleturn|p1a: Garganacl|Protect
|move|p2a: Iron Valiant|Knock Off|p1a: Garganacl
|-activate|p1a: Garganacl|move: Protect
|
|-damage|p2a: Iron Valiant|67/100|[from] Salt Cure
|upkeep
|turn|8
|
|t:|1779956263
|switch|p1a: Corviknight|Corviknight, F|88/100
|-damage|p1a: Corviknight|76/100|[from] Stealth Rock
|move|p2a: Iron Valiant|Moonblast|p1a: Corviknight
|-resisted|p1a: Corviknight
|-damage|p1a: Corviknight|61/100
|
|-damage|p2a: Iron Valiant|54/100|[from] Salt Cure
|upkeep
|turn|9
|
|t:|1779956272
|move|p2a: Iron Valiant|Taunt|p1a: Corviknight
|-start|p1a: Corviknight|move: Taunt
|cant|p1a: Corviknight|move: Taunt|Defog
|
|-damage|p2a: Iron Valiant|42/100|[from] Salt Cure
|upkeep
|turn|10
|inactive|marcus goobrelius has 90 seconds left.
|
|t:|1779956277
|move|p2a: Iron Valiant|Knock Off|p1a: Corviknight
|-damage|p1a: Corviknight|37/100
|-damage|p2a: Iron Valiant|25/100|[from] item: Rocky Helmet|[of] p1a: Corviknight
|-enditem|p1a: Corviknight|Rocky Helmet|[from] move: Knock Off|[of] p2a: Iron Valiant
|move|p1a: Corviknight|Brave Bird|p2a: Iron Valiant
|-supereffective|p2a: Iron Valiant
|-damage|p2a: Iron Valiant|0 fnt
|faint|p2a: Iron Valiant
|-end|p2a: Iron Valiant|Quark Drive|[silent]
|-damage|p1a: Corviknight|31/100|[from] Recoil
|
|upkeep
|inactive|marcus goobrelius has 90 seconds left.
|inactive|marcus goobrelius has 60 seconds left.
|inactive|marcus goobrelius has 30 seconds left.
|
|t:|1779956345
|switch|p2a: Dragonite|Dragonite, F|100/100
|turn|11
|
|t:|1779956357
|move|p2a: Dragonite|Dragon Dance|p2a: Dragonite
|-boost|p2a: Dragonite|atk|1
|-boost|p2a: Dragonite|spe|1
|move|p1a: Corviknight|U-turn|p2a: Dragonite
|-resisted|p2a: Dragonite
|-damage|p2a: Dragonite|97/100
|
|t:|1779956365
|switch|p1a: Iron Moth|Iron Moth|100/100|[from] U-turn
|-damage|p1a: Iron Moth|76/100|[from] Stealth Rock
|-damage|p1a: Iron Moth|59/100|[from] Spikes
|-enditem|p1a: Iron Moth|Booster Energy
|-activate|p1a: Iron Moth|ability: Quark Drive|[fromitem]
|-start|p1a: Iron Moth|quarkdrivespe
|
|upkeep
|turn|12
|
|t:|1779956373
|-terastallize|p1a: Iron Moth|Fairy
|-terastallize|p2a: Dragonite|Fire
|move|p1a: Iron Moth|Dazzling Gleam|p2a: Dragonite
|-resisted|p2a: Dragonite
|-damage|p2a: Dragonite|75/100
|move|p2a: Dragonite|Dragon Dance|p2a: Dragonite
|-boost|p2a: Dragonite|atk|1
|-boost|p2a: Dragonite|spe|1
|
|upkeep
|turn|13
|
|t:|1779956386
|move|p1a: Iron Moth|Sludge Wave|p2a: Dragonite
|-damage|p2a: Dragonite|24/100
|move|p2a: Dragonite|Fire Punch|p1a: Iron Moth
|-damage|p1a: Iron Moth|0 fnt
|faint|p1a: Iron Moth
|-end|p1a: Iron Moth|Quark Drive|[silent]
|-damage|p2a: Dragonite|14/100|[from] item: Life Orb
|
|upkeep
|
|t:|1779956393
|switch|p1a: Corviknight|Corviknight, F|31/100
|-damage|p1a: Corviknight|19/100|[from] Stealth Rock
|turn|14
|inactive|marcus goobrelius has 60 seconds left.
|
|t:|1779956405
|move|p2a: Dragonite|Fire Punch|p1a: Corviknight
|-supereffective|p1a: Corviknight
|-damage|p1a: Corviknight|0 fnt
|faint|p1a: Corviknight
|-damage|p2a: Dragonite|4/100|[from] item: Life Orb
|
|upkeep
|
|t:|1779956417
|switch|p1a: Kingambit|Kingambit, M|100/100
|-damage|p1a: Kingambit|94/100|[from] Stealth Rock
|-damage|p1a: Kingambit|78/100|[from] Spikes
|-activate|p1a: Kingambit|ability: Supreme Overlord
|-start|p1a: Kingambit|fallen2|[silent]
|turn|15
|
|t:|1779956426
|move|p2a: Dragonite|Extreme Speed|p1a: Kingambit
|-resisted|p1a: Kingambit
|-damage|p1a: Kingambit|41/100
|-damage|p2a: Dragonite|0 fnt|[from] item: Life Orb
|faint|p2a: Dragonite
|move|p1a: Kingambit|Sucker Punch|p2: Dragonite|[notarget]
|-fail|p1a: Kingambit
|
|upkeep
|inactive|marcus goobrelius has 60 seconds left.
|
|t:|1779956442
|switch|p2a: Great Tusk|Great Tusk|100/100
|-enditem|p2a: Great Tusk|Booster Energy
|-activate|p2a: Great Tusk|ability: Protosynthesis|[fromitem]
|-start|p2a: Great Tusk|protosynthesisspe
|turn|16
|inactive|marcus goobrelius has 60 seconds left.
|
|t:|1779956449
|move|p1a: Kingambit|Sucker Punch|p2a: Great Tusk
|-resisted|p2a: Great Tusk
|-damage|p2a: Great Tusk|84/100
|move|p2a: Great Tusk|Headlong Rush|p1a: Kingambit
|-supereffective|p1a: Kingambit
|-damage|p1a: Kingambit|0 fnt
|-unboost|p2a: Great Tusk|def|1
|-unboost|p2a: Great Tusk|spd|1
|faint|p1a: Kingambit
|-end|p1a: Kingambit|fallen2|[silent]
|
|upkeep
|
|t:|1779956456
|switch|p1a: Porygon-Z|Porygon-Z|100/100
|-damage|p1a: Porygon-Z|88/100|[from] Stealth Rock
|-damage|p1a: Porygon-Z|72/100|[from] Spikes
|turn|17
|
|t:|1779956463
|move|p1a: Porygon-Z|Ice Beam|p2a: Great Tusk
|-supereffective|p2a: Great Tusk
|-damage|p2a: Great Tusk|0 fnt
|faint|p2a: Great Tusk
|-end|p2a: Great Tusk|Protosynthesis|[silent]
|
|upkeep
|
|t:|1779956475
|switch|p2a: Gholdengo|Gholdengo|100/100
|turn|18
|
|t:|1779956483
|switch|p1a: Dragapult|Dragapult, M|100/100
|move|p2a: Gholdengo|Shadow Ball|p1a: Dragapult
|-supereffective|p1a: Dragapult
|-damage|p1a: Dragapult|0 fnt
|faint|p1a: Dragapult
|
|upkeep
|
|t:|1779956486
|switch|p1a: Garganacl|Garganacl, F|18/100
|-damage|p1a: Garganacl|5/100|[from] Stealth Rock
|-damage|p1a: Garganacl|0 fnt|[from] Spikes
|faint|p1a: Garganacl
|
|t:|1779956488
|switch|p1a: Porygon-Z|Porygon-Z|72/100
|-damage|p1a: Porygon-Z|60/100|[from] Stealth Rock
|-damage|p1a: Porygon-Z|43/100|[from] Spikes
|turn|19
|inactive|marcus goobrelius has 90 seconds left.
|
|t:|1779956497
|move|p1a: Porygon-Z|Dark Pulse|p2a: Gholdengo
|-supereffective|p2a: Gholdengo
|-damage|p2a: Gholdengo|44/100
|move|p2a: Gholdengo|Make It Rain|p1a: Porygon-Z
|-damage|p1a: Porygon-Z|0 fnt
|-unboost|p2a: Gholdengo|spa|1
|faint|p1a: Porygon-Z
|
|win|marcus goobrelius
|raw|Avv2121's rating: 1283 &rarr; <strong>1265</strong><br />(-18 for losing)
|raw|marcus goobrelius's rating: 1389 &rarr; <strong>1403</strong><br />(+14 for winning)
|l|☆Avv2121
|player|p1|
