|j|☆asg0rath
|j|☆Seb 998955
|t:|1779899507
|gametype|singles
|player|p1|asg0rath|101|1132
|player|p2|Seb 998955|170|1176
|gen|9
|tier|[Gen 9] OU
|rated|
|rule|HP Percentage Mod: HP is shown in percentages
|rule|Endless Battle Clause: Forcing endless battles is banned
|rule|Species Clause: Limit one of each Pokémon
|rule|OHKO Clause: OHKO moves are banned
|rule|Evasion Items Clause: Evasion items are banned
|rule|Evasion Moves Clause: Evasion moves are banned
|rule|Evasion Abilities Clause: Evasion abilities are banned
|rule|Sleep Moves Clause: Sleep-inducing moves are banned
|clearpoke
|poke|p1|Zapdos|
|poke|p1|Iron Treads|
|poke|p1|Samurott-Hisui, M|
|poke|p1|Ceruledge, M|
|poke|p1|Gholdengo|
|poke|p1|Kingambit, M|
|poke|p2|Gengar, M|
|poke|p2|Golem-Alola, F|
|poke|p2|Hoopa-Unbound|
|poke|p2|Torterra, F|
|poke|p2|Blaziken, M|
|poke|p2|Empoleon, M|
|teampreview
|
|t:|1779899536
|teamsize|p1|6
|teamsize|p2|6
|start
|switch|p1a: Ceruledge|Ceruledge, M|100/100
|switch|p2a: Golem|Golem-Alola, F|100/100
|turn|1
|
|t:|1779899544
|move|p1a: Ceruledge|Swords Dance|p1a: Ceruledge
|-boost|p1a: Ceruledge|atk|2
|move|p2a: Golem|Stealth Rock|p1a: Ceruledge
|-sidestart|p1: asg0rath|move: Stealth Rock
|
|upkeep
|turn|2
|
|t:|1779899551
|move|p1a: Ceruledge|Swords Dance|p1a: Ceruledge
|-boost|p1a: Ceruledge|atk|2
|move|p2a: Golem|Stone Edge|p1a: Ceruledge
|-supereffective|p1a: Ceruledge
|-damage|p1a: Ceruledge|0 fnt
|faint|p1a: Ceruledge
|
|upkeep
|
|t:|1779899564
|switch|p1a: Iron Treads|Iron Treads|100/100
|-damage|p1a: Iron Treads|97/100|[from] Stealth Rock
|turn|3
|
|t:|1779899576
|move|p1a: Iron Treads|Stealth Rock|p2a: Golem
|-sidestart|p2: Seb 998955|move: Stealth Rock
|move|p2a: Golem|Body Press|p1a: Iron Treads
|-supereffective|p1a: Iron Treads
|-damage|p1a: Iron Treads|53/100
|
|-heal|p1a: Iron Treads|59/100|[from] item: Leftovers
|upkeep
|turn|4
|
|t:|1779899585
|move|p1a: Iron Treads|Rapid Spin|p2a: Golem
|-resisted|p2a: Golem
|-damage|p2a: Golem|94/100
|-boost|p1a: Iron Treads|spe|1
|-sideend|p1: asg0rath|Stealth Rock|[from] move: Rapid Spin|[of] p1a: Iron Treads
|move|p2a: Golem|Body Press|p1a: Iron Treads
|-supereffective|p1a: Iron Treads
|-damage|p1a: Iron Treads|14/100
|
|-heal|p1a: Iron Treads|20/100|[from] item: Leftovers
|upkeep
|turn|5
|
|t:|1779899594
|move|p1a: Iron Treads|Earthquake|p2a: Golem
|-supereffective|p2a: Golem
|-damage|p2a: Golem|0 fnt
|faint|p2a: Golem
|
|-heal|p1a: Iron Treads|26/100|[from] item: Leftovers
|upkeep
|
|t:|1779899602
|switch|p2a: Gengar|Gengar, M|100/100
|-damage|p2a: Gengar|88/100|[from] Stealth Rock
|turn|6
|
|t:|1779899616
|switch|p2a: Torterra|Torterra, F|100/100
|-damage|p2a: Torterra|94/100|[from] Stealth Rock
|move|p1a: Iron Treads|Knock Off|p2a: Torterra
|-damage|p2a: Torterra|77/100
|-enditem|p2a: Torterra|Leftovers|[from] move: Knock Off|[of] p1a: Iron Treads
|
|-heal|p1a: Iron Treads|33/100|[from] item: Leftovers
|upkeep
|turn|7
|
|t:|1779899626
|move|p1a: Iron Treads|Rapid Spin|p2a: Torterra
|-damage|p2a: Torterra|68/100
|-boost|p1a: Iron Treads|spe|1
|move|p2a: Torterra|Leech Seed|p1a: Iron Treads
|-start|p1a: Iron Treads|move: Leech Seed
|
|-heal|p1a: Iron Treads|39/100|[from] item: Leftovers
|-damage|p1a: Iron Treads|26/100|[from] Leech Seed|[of] p2a: Torterra
|-heal|p2a: Torterra|78/100|[silent]
|upkeep
|turn|8
|
|t:|1779899642
|move|p1a: Iron Treads|Earthquake|p2a: Torterra
|-resisted|p2a: Torterra
|-damage|p2a: Torterra|64/100
|move|p2a: Torterra|Body Slam|p1a: Iron Treads
|-resisted|p1a: Iron Treads
|-damage|p1a: Iron Treads|17/100
|-status|p1a: Iron Treads|par
|
|-heal|p1a: Iron Treads|23/100 par|[from] item: Leftovers
|-damage|p1a: Iron Treads|10/100 par|[from] Leech Seed|[of] p2a: Torterra
|-heal|p2a: Torterra|75/100|[silent]
|upkeep
|turn|9
|
|t:|1779899655
|cant|p1a: Iron Treads|par
|move|p2a: Torterra|Body Slam|p1a: Iron Treads
|-resisted|p1a: Iron Treads
|-damage|p1a: Iron Treads|0 fnt
|faint|p1a: Iron Treads
|-end|p1a: Iron Treads|Quark Drive|[silent]
|
|upkeep
|
|t:|1779899657
|switch|p1a: Zapdos|Zapdos|100/100
|turn|10
|
|t:|1779899677
|move|p1a: Zapdos|Hurricane|p2a: Torterra|[miss]
|-miss|p1a: Zapdos|p2a: Torterra
|move|p2a: Torterra|Leech Seed|p1a: Zapdos
|-start|p1a: Zapdos|move: Leech Seed
|
|-damage|p1a: Zapdos|88/100|[from] Leech Seed|[of] p2a: Torterra
|-heal|p2a: Torterra|87/100|[silent]
|upkeep
|turn|11
|-message|asg0rath forfeited.
|
|win|Seb 998955
|raw|asg0rath's rating: 1132 &rarr; <strong>1110</strong><br />(-22 for losing)
|raw|Seb 998955's rating: 1176 &rarr; <strong>1198</strong><br />(+22 for winning)
|l|☆asg0rath
|player|p1|
|l|☆Seb 998955
|player|p2|
