|j|☆Rellageforce
|j|☆claudechamp
|t:|1779800311
|gametype|singles
|player|p1|Rellageforce|steven|1166
|player|p2|claudechamp|265|1195
|gen|9
|tier|[Gen 9] OU
|rated|
|rule|HP Percentage Mod: HP is shown in percentages
|rule|Endless Battle Clause: Forcing endless battles is banned
|rule|Species Clause: Limit one of each Pokémon
|rule|OHKO Clause: OHKO moves are banned
|rule|Evasion Items Clause: Evasion items are banned
|rule|Evasion Moves Clause: Evasion moves are banned
|rule|Evasion Abilities Clause: Evasion abilities are banned
|rule|Sleep Moves Clause: Sleep-inducing moves are banned
|clearpoke
|poke|p1|Talonflame, M|
|poke|p1|Sandslash-Alola, M|
|poke|p1|Darkrai|
|poke|p1|Garchomp, F|
|poke|p1|Greninja-*, M|
|poke|p1|Slowking-Galar, F|
|poke|p2|Corviknight, F|
|poke|p2|Ting-Lu|
|poke|p2|Kyurem|
|poke|p2|Dondozo, M|
|poke|p2|Slowking-Galar, M|
|poke|p2|Cinderace, F|
|teampreview
|c|☆claudechamp|hf
|inactive|Battle timer is ON: inactive players will automatically lose when time's up. (requested by claudechamp)
|c|☆Rellageforce|u too
|
|t:|1779800326
|teamsize|p1|6
|teamsize|p2|6
|start
|switch|p1a: Frogbob|Greninja, M|100/100
|switch|p2a: Cinderace|Cinderace, F|100/100
|turn|1
|
|t:|1779800330
|move|p1a: Frogbob|U-turn|p2a: Cinderace
|-resisted|p2a: Cinderace
|-damage|p2a: Cinderace|92/100
|
|t:|1779800334
|switch|p1a: Those who know|Slowking-Galar, F|100/100|[from] U-turn
|move|p2a: Cinderace|Pyro Ball|p1a: Those who know
|-damage|p1a: Those who know|54/100
|
|-heal|p1a: Those who know|60/100|[from] item: Leftovers
|upkeep
|turn|2
|
|t:|1779800339
|move|p2a: Cinderace|Pyro Ball|p1a: Those who know
|-damage|p1a: Those who know|20/100
|-prepare|p1a: Those who know|Chilly Reception|[premajor]
|move|p1a: Those who know|Chilly Reception|p1a: Those who know
|-weather|Snowscape
|
|t:|1779800342
|switch|p1a: Frogbob|Greninja, M|100/100|[from] Chilly Reception
|
|-weather|Snowscape|[upkeep]
|upkeep
|turn|3
|
|t:|1779800353
|move|p1a: Frogbob|Surf|p2a: Cinderace
|-supereffective|p2a: Cinderace
|-damage|p2a: Cinderace|0 fnt
|faint|p2a: Cinderace
|-ability|p1a: Frogbob|Battle Bond|boost
|-boost|p1a: Frogbob|atk|1
|-boost|p1a: Frogbob|spa|1
|-boost|p1a: Frogbob|spe|1
|-activate|p1a: Frogbob|ability: Battle Bond
|
|-weather|Snowscape|[upkeep]
|upkeep
|
|t:|1779800356
|switch|p2a: Kyurem|Kyurem|100/100
|-ability|p2a: Kyurem|Pressure
|turn|4
|
|t:|1779800376
|switch|p1a: Knack|Sandslash-Alola, M, shiny|100/100
|move|p2a: Kyurem|Freeze-Dry|p1a: Knack
|-resisted|p1a: Knack
|-damage|p1a: Knack|90/100
|
|-weather|Snowscape|[upkeep]
|upkeep
|turn|5
|
|t:|1779800381
|move|p1a: Knack|Iron Head|p2a: Kyurem
|-supereffective|p2a: Kyurem
|-damage|p2a: Kyurem|60/100
|move|p2a: Kyurem|Freeze-Dry|p1a: Knack
|-resisted|p1a: Knack
|-damage|p1a: Knack|80/100
|
|-weather|Snowscape|[upkeep]
|-heal|p2a: Kyurem|67/100|[from] item: Leftovers
|upkeep
|turn|6
|
|t:|1779800388
|move|p1a: Knack|Iron Head|p2a: Kyurem
|-supereffective|p2a: Kyurem
|-damage|p2a: Kyurem|22/100
|move|p2a: Kyurem|Earth Power|p1a: Knack
|-supereffective|p1a: Knack
|-damage|p1a: Knack|7/100
|-unboost|p1a: Knack|spd|1
|
|-weather|none
|-heal|p2a: Kyurem|28/100|[from] item: Leftovers
|upkeep
|turn|7
|
|t:|1779800394
|switch|p1a: Those who know|Slowking-Galar, F|53/100
|move|p2a: Kyurem|Freeze-Dry|p1a: Those who know
|-damage|p1a: Those who know|23/100
|
|-heal|p2a: Kyurem|34/100|[from] item: Leftovers
|-heal|p1a: Those who know|29/100|[from] item: Leftovers
|upkeep
|turn|8
|
|t:|1779800405
|move|p2a: Kyurem|Earth Power|p1a: Those who know
|-supereffective|p1a: Those who know
|-damage|p1a: Those who know|0 fnt
|faint|p1a: Those who know
|
|-heal|p2a: Kyurem|40/100|[from] item: Leftovers
|upkeep
|
|t:|1779800411
|switch|p1a: Leagye Lour|Garchomp, F|100/100
|turn|9
|
|t:|1779800415
|move|p1a: Leagye Lour|Scale Shot|p2a: Kyurem
|-supereffective|p2a: Kyurem
|-damage|p2a: Kyurem|16/100
|-supereffective|p2a: Kyurem
|-damage|p2a: Kyurem|0 fnt
|faint|p2a: Kyurem
|-hitcount|p2: Kyurem|2
|-unboost|p1a: Leagye Lour|def|1
|-boost|p1a: Leagye Lour|spe|1
|
|upkeep
|
|t:|1779800418
|switch|p2a: Corviknight|Corviknight, F|100/100
|-ability|p2a: Corviknight|Pressure
|turn|10
|
|t:|1779800432
|switch|p1a: Knack|Sandslash-Alola, M, shiny|7/100
|move|p2a: Corviknight|Brave Bird|p1a: Knack
|-resisted|p1a: Knack
|-damage|p1a: Knack|0 fnt
|faint|p1a: Knack
|-damage|p2a: Corviknight|99/100|[from] Recoil
|
|upkeep
|
|t:|1779800442
|switch|p1a: The demon within|Darkrai|100/100
|turn|11
|
|t:|1779800455
|switch|p2a: Slowking|Slowking-Galar, M|100/100
|move|p1a: The demon within|Will-O-Wisp|p2a: Slowking
|-status|p2a: Slowking|brn
|
|-damage|p2a: Slowking|94/100 brn|[from] brn
|upkeep
|turn|12
|
|t:|1779800462
|move|p1a: The demon within|Dark Pulse|p2a: Slowking
|-supereffective|p2a: Slowking
|-damage|p2a: Slowking|11/100 brn
|-damage|p1a: The demon within|91/100|[from] item: Life Orb
|cant|p2a: Slowking|flinch
|
|-damage|p2a: Slowking|5/100 brn|[from] brn
|upkeep
|turn|13
|
|t:|1779800475
|switch|p2a: Ting-Lu|Ting-Lu|100/100
|-ability|p2a: Ting-Lu|Vessel of Ruin
|move|p1a: The demon within|Dark Pulse|p2a: Ting-Lu
|-resisted|p2a: Ting-Lu
|-damage|p2a: Ting-Lu|89/100
|-damage|p1a: The demon within|81/100|[from] item: Life Orb
|
|-heal|p2a: Ting-Lu|95/100|[from] item: Leftovers
|upkeep
|turn|14
|
|t:|1779800489
|move|p1a: The demon within|Will-O-Wisp|p2a: Ting-Lu
|-status|p2a: Ting-Lu|brn
|move|p2a: Ting-Lu|Earthquake|p1a: The demon within
|-damage|p1a: The demon within|56/100
|
|-heal|p2a: Ting-Lu|100/100 brn|[from] item: Leftovers
|-damage|p2a: Ting-Lu|94/100 brn|[from] brn
|upkeep
|turn|15
|
|t:|1779800497
|switch|p1a: Frogbob|Greninja, M|100/100
|move|p2a: Ting-Lu|Rest|p2a: Ting-Lu
|-status|p2a: Ting-Lu|slp|[from] move: Rest
|-heal|p2a: Ting-Lu|100/100 slp|[silent]
|
|upkeep
|turn|16
|
|t:|1779800511
|move|p1a: Frogbob|Surf|p2a: Ting-Lu
|-supereffective|p2a: Ting-Lu
|-damage|p2a: Ting-Lu|49/100 slp
|cant|p2a: Ting-Lu|slp
|move|p2a: Ting-Lu|Sleep Talk|p2a: Ting-Lu
|move|p2a: Ting-Lu|Rest||[from] move: Sleep Talk|[still]
|-fail|p2a: Ting-Lu
|
|-heal|p2a: Ting-Lu|55/100 slp|[from] item: Leftovers
|upkeep
|turn|17
|
|t:|1779800524
|-terastallize|p2a: Ting-Lu|Water
|move|p1a: Frogbob|Surf|p2a: Ting-Lu
|-resisted|p2a: Ting-Lu
|-damage|p2a: Ting-Lu|42/100 slp
|cant|p2a: Ting-Lu|slp
|move|p2a: Ting-Lu|Sleep Talk|p2a: Ting-Lu
|move|p2a: Ting-Lu|Earthquake|p1a: Frogbob|[from] move: Sleep Talk
|-damage|p1a: Frogbob|42/100
|
|-heal|p2a: Ting-Lu|48/100 slp|[from] item: Leftovers
|upkeep
|turn|18
|
|t:|1779800538
|switch|p1a: The demon within|Darkrai|56/100
|-curestatus|p2a: Ting-Lu|slp|[msg]
|move|p2a: Ting-Lu|Earthquake|p1a: The demon within
|-damage|p1a: The demon within|8/100
|
|-heal|p2a: Ting-Lu|54/100|[from] item: Leftovers
|upkeep
|turn|19
|
|t:|1779800549
|move|p1a: The demon within|Will-O-Wisp|p2a: Ting-Lu
|-status|p2a: Ting-Lu|brn
|move|p2a: Ting-Lu|Earthquake|p1a: The demon within
|-damage|p1a: The demon within|0 fnt
|faint|p1a: The demon within
|
|-heal|p2a: Ting-Lu|61/100 brn|[from] item: Leftovers
|-damage|p2a: Ting-Lu|54/100 brn|[from] brn
|upkeep
|
|t:|1779800552
|switch|p1a: Frogbob|Greninja, M|42/100
|turn|20
|
|t:|1779800562
|move|p1a: Frogbob|Grass Knot|p2a: Ting-Lu
|-supereffective|p2a: Ting-Lu
|-damage|p2a: Ting-Lu|10/100 brn
|move|p2a: Ting-Lu|Rest|p2a: Ting-Lu
|-status|p2a: Ting-Lu|slp|[from] move: Rest
|-heal|p2a: Ting-Lu|100/100 slp|[silent]
|
|upkeep
|turn|21
|
|t:|1779800583
|switch|p2a: Corviknight|Corviknight, F|99/100
|-ability|p2a: Corviknight|Pressure
|move|p1a: Frogbob|Grass Knot|p2a: Corviknight
|-resisted|p2a: Corviknight
|-damage|p2a: Corviknight|91/100
|-damage|p1a: Frogbob|26/100|[from] item: Rocky Helmet|[of] p2a: Corviknight
|
|upkeep
|turn|22
|
|t:|1779800598
|switch|p1a: Leagye Lour|Garchomp, F|100/100
|move|p2a: Corviknight|Brave Bird|p1a: Leagye Lour
|-damage|p1a: Leagye Lour|64/100
|-damage|p2a: Corviknight|79/100|[from] ability: Rough Skin|[of] p1a: Leagye Lour
|-damage|p2a: Corviknight|68/100|[from] Recoil
|
|upkeep
|turn|23
|
|t:|1779800608
|move|p1a: Leagye Lour|Swords Dance|p1a: Leagye Lour
|-boost|p1a: Leagye Lour|atk|2
|move|p2a: Corviknight|Brave Bird|p1a: Leagye Lour
|-damage|p1a: Leagye Lour|25/100
|-damage|p2a: Corviknight|56/100|[from] ability: Rough Skin|[of] p1a: Leagye Lour
|-damage|p2a: Corviknight|44/100|[from] Recoil
|
|upkeep
|turn|24
|
|t:|1779800622
|-terastallize|p1a: Leagye Lour|Steel
|move|p1a: Leagye Lour|Swords Dance|p1a: Leagye Lour
|-boost|p1a: Leagye Lour|atk|2
|move|p2a: Corviknight|Roost|p2a: Corviknight
|-heal|p2a: Corviknight|94/100
|-singleturn|p2a: Corviknight|move: Roost
|
|upkeep
|turn|25
|inactive|Rellageforce has 120 seconds left.
|
|t:|1779800674
|move|p1a: Leagye Lour|Scale Shot|p2a: Corviknight
|-resisted|p2a: Corviknight
|-damage|p2a: Corviknight|82/100
|-resisted|p2a: Corviknight
|-damage|p2a: Corviknight|71/100
|-resisted|p2a: Corviknight
|-damage|p2a: Corviknight|60/100
|-resisted|p2a: Corviknight
|-damage|p2a: Corviknight|47/100
|-resisted|p2a: Corviknight
|-damage|p2a: Corviknight|36/100
|-hitcount|p2a: Corviknight|5
|-unboost|p1a: Leagye Lour|def|1
|-boost|p1a: Leagye Lour|spe|1
|move|p2a: Corviknight|Brave Bird|p1a: Leagye Lour
|-resisted|p1a: Leagye Lour
|-damage|p1a: Leagye Lour|0 fnt
|-damage|p2a: Corviknight|24/100|[from] ability: Rough Skin|[of] p1a: Leagye Lour
|faint|p1a: Leagye Lour
|-damage|p2a: Corviknight|17/100|[from] Recoil
|
|upkeep
|
|t:|1779800689
|switch|p1a: Frogbob|Greninja, M|26/100
|turn|26
|
|t:|1779800693
|move|p1a: Frogbob|Surf|p2a: Corviknight
|-damage|p2a: Corviknight|0 fnt
|faint|p2a: Corviknight
|
|upkeep
|
|t:|1779800701
|switch|p2a: Dondozo|Dondozo, M|100/100
|turn|27
|
|t:|1779800706
|switch|p1a: Jonathan Talo|Talonflame, M|100/100
|move|p2a: Dondozo|Curse|p2a: Dondozo
|-unboost|p2a: Dondozo|spe|1
|-boost|p2a: Dondozo|atk|1
|-boost|p2a: Dondozo|def|1
|
|upkeep
|turn|28
|inactive|Rellageforce has 120 seconds left.
|
|t:|1779800720
|move|p1a: Jonathan Talo|Acrobatics|p2a: Dondozo
|-damage|p2a: Dondozo|83/100
|move|p2a: Dondozo|Body Press|p1a: Jonathan Talo
|-resisted|p1a: Jonathan Talo
|-damage|p1a: Jonathan Talo|78/100
|
|-heal|p2a: Dondozo|89/100|[from] item: Leftovers
|upkeep
|turn|29
|inactive|Rellageforce has 120 seconds left.
|
|t:|1779800759
|move|p1a: Jonathan Talo|Tailwind|p1a: Jonathan Talo
|-sidestart|p1: Rellageforce|move: Tailwind
|move|p2a: Dondozo|Waterfall|p1a: Jonathan Talo
|-supereffective|p1a: Jonathan Talo
|-damage|p1a: Jonathan Talo|0 fnt
|faint|p1a: Jonathan Talo
|
|-heal|p2a: Dondozo|96/100|[from] item: Leftovers
|upkeep
|
|t:|1779800761
|switch|p1a: Frogbob|Greninja, M|26/100
|turn|30
|
|t:|1779800767
|move|p1a: Frogbob|Grass Knot|p2a: Dondozo
|-supereffective|p2a: Dondozo
|-damage|p2a: Dondozo|32/100
|move|p2a: Dondozo|Waterfall|p1a: Frogbob
|-resisted|p1a: Frogbob
|-damage|p1a: Frogbob|0 fnt
|faint|p1a: Frogbob
|
|win|claudechamp
|raw|Rellageforce's rating: 1166 &rarr; <strong>1144</strong><br />(-22 for losing)
|raw|claudechamp's rating: 1203 &rarr; <strong>1225</strong><br />(+22 for winning)
|c|☆claudechamp|gg
|l|☆Rellageforce
|player|p1|
