|j|☆go b3yond
|j|☆maxcondones
|t:|1779879405
|gametype|singles
|player|p1|go b3yond|265|1550
|player|p2|maxcondones|102|1544
|gen|9
|tier|[Gen 9] OU
|rated|
|rule|HP Percentage Mod: HP is shown in percentages
|rule|Endless Battle Clause: Forcing endless battles is banned
|rule|Species Clause: Limit one of each Pokémon
|rule|OHKO Clause: OHKO moves are banned
|rule|Evasion Items Clause: Evasion items are banned
|rule|Evasion Moves Clause: Evasion moves are banned
|rule|Evasion Abilities Clause: Evasion abilities are banned
|rule|Sleep Moves Clause: Sleep-inducing moves are banned
|clearpoke
|poke|p1|Ogerpon-Cornerstone, F|
|poke|p1|Ribombee, F|
|poke|p1|Kingambit, F|
|poke|p1|Gholdengo|
|poke|p1|Dragonite, M|
|poke|p1|Great Tusk|
|poke|p2|Excadrill, F|
|poke|p2|Landorus-Therian, M|
|poke|p2|Deoxys-Speed|
|poke|p2|Tyranitar, F|
|poke|p2|Tornadus-Therian, M|
|poke|p2|Hippowdon, F|
|teampreview
|inactive|Battle timer is ON: inactive players will automatically lose when time's up. (requested by go b3yond)
|
|t:|1779879429
|teamsize|p1|6
|teamsize|p2|6
|start
|switch|p1a: Ribombee|Ribombee, F|100/100
|switch|p2a: Tyranitar|Tyranitar, F|100/100
|-weather|Sandstorm|[from] ability: Sand Stream|[of] p2a: Tyranitar
|turn|1
|l|☆go b3yond
|inactive|go b3yond disconnected and has a minute to reconnect!
|player|p1|
|inactive|go b3yond has 30 seconds to reconnect!
|j|☆go b3yond
|inactive|go b3yond reconnected and has 105 seconds left.
|player|p1|go b3yond|265|
|
|t:|1779879480
|move|p1a: Ribombee|Sticky Web|p2a: Tyranitar
|-sidestart|p2: maxcondones|move: Sticky Web
|move|p2a: Tyranitar|Stone Edge|p1a: Ribombee
|-supereffective|p1a: Ribombee
|-enditem|p1a: Ribombee|Focus Sash
|-damage|p1a: Ribombee|1/100
|
|-weather|Sandstorm|[upkeep]
|-damage|p1a: Ribombee|0 fnt|[from] Sandstorm
|faint|p1a: Ribombee
|upkeep
|
|t:|1779879493
|switch|p1a: Ogerpon|Ogerpon-Cornerstone, F|100/100
|turn|2
|j| Ctannn
|
|t:|1779879507
|switch|p2a: Landorus|Landorus-Therian, M|100/100
|-ability|p2a: Landorus|Intimidate|boost
|-unboost|p1a: Ogerpon|atk|1
|move|p1a: Ogerpon|Swords Dance|p1a: Ogerpon
|-boost|p1a: Ogerpon|atk|2
|
|-weather|Sandstorm|[upkeep]
|upkeep
|turn|3
|
|t:|1779879513
|move|p1a: Ogerpon|Power Whip|p2a: Landorus|[miss]
|-miss|p1a: Ogerpon|p2a: Landorus
|move|p2a: Landorus|U-turn|p1a: Ogerpon
|-supereffective|p1a: Ogerpon
|-damage|p1a: Ogerpon|51/100
|inactive|maxcondones has 120 seconds left.
|
|t:|1779879546
|switch|p2a: Excadrill|Excadrill, F|100/100|[from] U-turn
|-activate|p2a: Excadrill|move: Sticky Web
|-unboost|p2a: Excadrill|spe|1
|
|-weather|Sandstorm|[upkeep]
|upkeep
|turn|4
|
|t:|1779879551
|move|p2a: Excadrill|Earthquake|p1a: Ogerpon
|-damage|p1a: Ogerpon|0 fnt
|faint|p1a: Ogerpon
|
|-weather|Sandstorm|[upkeep]
|upkeep
|inactive|go b3yond has 120 seconds left.
|
|t:|1779879564
|switch|p1a: Kingambit|Kingambit, F|100/100
|-activate|p1a: Kingambit|ability: Supreme Overlord
|-start|p1a: Kingambit|fallen2|[silent]
|-item|p1a: Kingambit|Air Balloon
|turn|5
|inactive|go b3yond has 120 seconds left.
|l| Ctannn
|inactive|maxcondones has 120 seconds left.
|
|t:|1779879592
|switch|p2a: Landorus|Landorus-Therian, M|100/100
|-ability|p2a: Landorus|Intimidate|boost
|-unboost|p1a: Kingambit|atk|1
|move|p1a: Kingambit|Swords Dance|p1a: Kingambit
|-boost|p1a: Kingambit|atk|2
|
|-weather|none
|upkeep
|turn|6
|inactive|maxcondones has 120 seconds left.
|
|t:|1779879605
|move|p2a: Landorus|Taunt|p1a: Kingambit
|-start|p1a: Kingambit|move: Taunt
|move|p1a: Kingambit|Kowtow Cleave|p2a: Landorus
|-damage|p2a: Landorus|19/100
|-damage|p1a: Kingambit|84/100|[from] item: Rocky Helmet|[of] p2a: Landorus
|
|upkeep
|turn|7
|inactive|go b3yond has 120 seconds left.
|l|☆go b3yond
|inactive|go b3yond disconnected and has a minute to reconnect!
|player|p1|
|j|☆go b3yond
|inactive|go b3yond reconnected and has 80 seconds left.
|player|p1|go b3yond|265|
|
|t:|1779879669
|move|p1a: Kingambit|Sucker Punch||[still]
|-fail|p1a: Kingambit
|move|p2a: Landorus|Gravity|p2a: Landorus
|-fieldstart|move: Gravity
|
|upkeep
|turn|8
|
|t:|1779879680
|switch|p2a: Tornadus|Tornadus-Therian, M|100/100
|-activate|p2a: Tornadus|move: Sticky Web
|-unboost|p2a: Tornadus|spe|1
|move|p1a: Kingambit|Sucker Punch||[still]
|-fail|p1a: Kingambit
|
|-end|p1a: Kingambit|move: Taunt
|upkeep
|turn|9
|inactive|go b3yond has 90 seconds left.
|
|t:|1779879688
|move|p2a: Tornadus|Focus Blast|p1a: Kingambit
|-supereffective|p1a: Kingambit
|-damage|p1a: Kingambit|0 fnt
|-enditem|p1a: Kingambit|Air Balloon
|faint|p1a: Kingambit
|-end|p1a: Kingambit|fallen2|[silent]
|-damage|p2a: Tornadus|91/100|[from] item: Life Orb
|
|upkeep
|-message|go b3yond forfeited.
|
|win|maxcondones
|raw|go b3yond's rating: 1550 &rarr; <strong>1530</strong><br />(-20 for losing)
|raw|maxcondones's rating: 1544 &rarr; <strong>1564</strong><br />(+20 for winning)
|l|☆go b3yond
|player|p1|
