|j|☆ShadowTree87
|j|☆WiiShopMusic
|t:|1779899162
|gametype|singles
|player|p1|ShadowTree87|falkner|1250
|player|p2|WiiShopMusic|102|1200
|gen|9
|tier|[Gen 9] OU
|rated|
|rule|HP Percentage Mod: HP is shown in percentages
|rule|Endless Battle Clause: Forcing endless battles is banned
|rule|Species Clause: Limit one of each Pokémon
|rule|OHKO Clause: OHKO moves are banned
|rule|Evasion Items Clause: Evasion items are banned
|rule|Evasion Moves Clause: Evasion moves are banned
|rule|Evasion Abilities Clause: Evasion abilities are banned
|rule|Sleep Moves Clause: Sleep-inducing moves are banned
|clearpoke
|poke|p1|Great Tusk|
|poke|p1|Walking Wake|
|poke|p1|Kingambit, M|
|poke|p1|Venusaur, F|
|poke|p1|Ninetales, M|
|poke|p1|Raging Bolt|
|poke|p2|Ninetales-Alola, M|
|poke|p2|Sandslash-Alola, M|
|poke|p2|Cetitan, M|
|poke|p2|Toxapex, F|
|poke|p2|Pawmot, F|
|poke|p2|Beartic, F|
|teampreview
|c|☆ShadowTree87|whats the plan here
|c|☆WiiShopMusic|lose
|c|☆ShadowTree87|great plan, ngl
|
|t:|1779899193
|teamsize|p1|6
|teamsize|p2|6
|start
|switch|p1a: Ninetales|Ninetales, M|100/100
|switch|p2a: Ninetales|Ninetales-Alola, M|100/100
|-weather|Snowscape|[from] ability: Snow Warning|[of] p2a: Ninetales
|-weather|SunnyDay|[from] ability: Drought|[of] p1a: Ninetales
|turn|1
|
|t:|1779899202
|switch|p2a: Toxapex|Toxapex, F|100/100
|switch|p1a: Raging Bolt|Raging Bolt|100/100
|-item|p1a: Raging Bolt|Air Balloon
|-activate|p1a: Raging Bolt|ability: Protosynthesis
|-start|p1a: Raging Bolt|protosynthesisspa
|
|-weather|SunnyDay|[upkeep]
|upkeep
|turn|2
|c|☆WiiShopMusic|its working
|
|t:|1779899212
|-end|p1a: Raging Bolt|Protosynthesis|[silent]
|switch|p1a: Ninetales|Ninetales, M|100/100
|switch|p2a: Ninetales|Ninetales-Alola, M|100/100
|-weather|Snowscape|[from] ability: Snow Warning|[of] p2a: Ninetales
|
|-weather|Snowscape|[upkeep]
|upkeep
|turn|3
|c|☆ShadowTree87|i thought id get weather >_<
|
|t:|1779899230
|switch|p1a: Kingambit|Kingambit, M|100/100
|-item|p1a: Kingambit|Air Balloon
|-terastallize|p2a: Ninetales|Water
|move|p2a: Ninetales|Aurora Veil|p2a: Ninetales
|-sidestart|p2: WiiShopMusic|move: Aurora Veil
|
|-weather|Snowscape|[upkeep]
|upkeep
|turn|4
|
|t:|1779899241
|switch|p2a: Sandslash|Sandslash-Alola, M|100/100
|move|p1a: Kingambit|Swords Dance|p1a: Kingambit
|-boost|p1a: Kingambit|atk|2
|
|-weather|Snowscape|[upkeep]
|upkeep
|turn|5
|
|t:|1779899245
|-terastallize|p1a: Kingambit|Ghost
|move|p2a: Sandslash|Ice Spinner|p1a: Kingambit
|-damage|p1a: Kingambit|65/100
|-enditem|p1a: Kingambit|Air Balloon
|-damage|p2a: Sandslash|91/100|[from] item: Life Orb
|move|p1a: Kingambit|Swords Dance|p1a: Kingambit
|-boost|p1a: Kingambit|atk|2
|
|-weather|Snowscape|[upkeep]
|upkeep
|turn|6
|
|t:|1779899255
|move|p2a: Sandslash|Iron Head|p1a: Kingambit
|-damage|p1a: Kingambit|32/100
|-damage|p2a: Sandslash|81/100|[from] item: Life Orb
|cant|p1a: Kingambit|flinch
|
|-weather|Snowscape|[upkeep]
|upkeep
|turn|7
|c|☆ShadowTree87|.....
|
|t:|1779899262
|move|p1a: Kingambit|Sucker Punch|p2a: Sandslash
|-damage|p2a: Sandslash|40/100
|move|p2a: Sandslash|Ice Spinner|p1a: Kingambit
|-damage|p1a: Kingambit|0 fnt
|faint|p1a: Kingambit
|-end|p1a: Kingambit|fallenundefined|[silent]
|-damage|p2a: Sandslash|30/100|[from] item: Life Orb
|
|-weather|Snowscape|[upkeep]
|-sideend|p2: WiiShopMusic|move: Aurora Veil
|upkeep
|
|t:|1779899265
|switch|p1a: Ninetales|Ninetales, M|100/100
|-weather|SunnyDay|[from] ability: Drought|[of] p1a: Ninetales
|turn|8
|
|t:|1779899271
|switch|p2a: Toxapex|Toxapex, F|100/100
|move|p1a: Ninetales|Weather Ball|p2a: Toxapex
|-resisted|p2a: Toxapex
|-damage|p2a: Toxapex|83/100
|-enditem|p2a: Toxapex|Eject Button
|
|t:|1779899274
|switch|p2a: Ninetales|Ninetales-Alola, M, tera:Water|100/100
|-weather|Snowscape|[from] ability: Snow Warning|[of] p2a: Ninetales
|
|-weather|Snowscape|[upkeep]
|upkeep
|turn|9
|
|t:|1779899311
|switch|p1a: Venusaur|Venusaur, F|100/100
|move|p2a: Ninetales|Aurora Veil|p2a: Ninetales
|-sidestart|p2: WiiShopMusic|move: Aurora Veil
|
|-weather|Snowscape|[upkeep]
|upkeep
|turn|10
|
|t:|1779899315
|switch|p2a: Sandslash|Sandslash-Alola, M|30/100
|switch|p1a: Ninetales|Ninetales, M|100/100
|-weather|SunnyDay|[from] ability: Drought|[of] p1a: Ninetales
|
|-weather|SunnyDay|[upkeep]
|upkeep
|turn|11
|
|t:|1779899319
|move|p1a: Ninetales|Weather Ball|p2a: Sandslash
|-supereffective|p2a: Sandslash
|-damage|p2a: Sandslash|0 fnt
|faint|p2a: Sandslash
|
|-weather|SunnyDay|[upkeep]
|upkeep
|
|t:|1779899326
|switch|p2a: Cetitan|Cetitan, M|100/100
|turn|12
|
|t:|1779899329
|move|p1a: Ninetales|Will-O-Wisp|p2a: Cetitan
|-status|p2a: Cetitan|brn
|move|p2a: Cetitan|Earthquake|p1a: Ninetales
|-supereffective|p1a: Ninetales
|-damage|p1a: Ninetales|63/100
|
|-weather|SunnyDay|[upkeep]
|-damage|p2a: Cetitan|94/100 brn|[from] brn
|upkeep
|turn|13
|
|t:|1779899332
|move|p1a: Ninetales|Weather Ball|p2a: Cetitan
|-supereffective|p2a: Cetitan
|-damage|p2a: Cetitan|49/100 brn
|-enditem|p2a: Cetitan|Sitrus Berry|[eat]
|-heal|p2a: Cetitan|74/100 brn|[from] item: Sitrus Berry
|move|p2a: Cetitan|Earthquake|p1a: Ninetales
|-supereffective|p1a: Ninetales
|-damage|p1a: Ninetales|20/100
|
|-weather|SunnyDay|[upkeep]
|-damage|p2a: Cetitan|67/100 brn|[from] brn
|-sideend|p2: WiiShopMusic|move: Aurora Veil
|upkeep
|turn|14
|
|t:|1779899338
|switch|p2a: Ninetales|Ninetales-Alola, M, tera:Water|100/100
|-weather|Snowscape|[from] ability: Snow Warning|[of] p2a: Ninetales
|move|p1a: Ninetales|Weather Ball|p2a: Ninetales
|-resisted|p2a: Ninetales
|-damage|p2a: Ninetales|89/100
|
|-weather|Snowscape|[upkeep]
|upkeep
|turn|15
|
|t:|1779899347
|switch|p1a: Venusaur|Venusaur, F|100/100
|move|p2a: Ninetales|Blizzard|p1a: Venusaur
|-supereffective|p1a: Venusaur
|-damage|p1a: Venusaur|12/100
|
|-weather|Snowscape|[upkeep]
|upkeep
|turn|16
|
|t:|1779899351
|move|p2a: Ninetales|Moonblast|p1a: Venusaur
|-resisted|p1a: Venusaur
|-damage|p1a: Venusaur|0 fnt
|faint|p1a: Venusaur
|
|-weather|Snowscape|[upkeep]
|upkeep
|
|t:|1779899354
|switch|p1a: Ninetales|Ninetales, M|20/100
|-weather|SunnyDay|[from] ability: Drought|[of] p1a: Ninetales
|turn|17
|
|t:|1779899356
|move|p2a: Ninetales|Moonblast|p1a: Ninetales
|-resisted|p1a: Ninetales
|-damage|p1a: Ninetales|4/100
|move|p1a: Ninetales|Will-O-Wisp|p2a: Ninetales
|-status|p2a: Ninetales|brn
|
|-weather|SunnyDay|[upkeep]
|-damage|p2a: Ninetales|83/100 brn|[from] brn
|upkeep
|turn|18
|
|t:|1779899364
|switch|p1a: Great Tusk|Great Tusk|100/100
|-activate|p1a: Great Tusk|ability: Protosynthesis
|-start|p1a: Great Tusk|protosynthesisatk
|move|p2a: Ninetales|Moonblast|p1a: Great Tusk
|-supereffective|p1a: Great Tusk
|-damage|p1a: Great Tusk|30/100
|
|-weather|SunnyDay|[upkeep]
|-damage|p2a: Ninetales|77/100 brn|[from] brn
|upkeep
|turn|19
|
|t:|1779899368
|move|p2a: Ninetales|Moonblast|p1a: Great Tusk
|-supereffective|p1a: Great Tusk
|-crit|p1a: Great Tusk
|-damage|p1a: Great Tusk|0 fnt
|faint|p1a: Great Tusk
|-end|p1a: Great Tusk|Protosynthesis|[silent]
|
|-weather|SunnyDay|[upkeep]
|-damage|p2a: Ninetales|71/100 brn|[from] brn
|upkeep
|
|t:|1779899371
|switch|p1a: Walking Wake|Walking Wake|100/100
|-activate|p1a: Walking Wake|ability: Protosynthesis
|-start|p1a: Walking Wake|protosynthesisspe
|turn|20
|
|t:|1779899376
|switch|p2a: Toxapex|Toxapex, F|100/100
|move|p1a: Walking Wake|Draco Meteor|p2a: Toxapex
|-damage|p2a: Toxapex|39/100
|-unboost|p1a: Walking Wake|spa|2
|
|-weather|SunnyDay|[upkeep]
|upkeep
|turn|21
|
|t:|1779899382
|switch|p2a: Ninetales|Ninetales-Alola, M, tera:Water|71/100 brn
|-weather|Snowscape|[from] ability: Snow Warning|[of] p2a: Ninetales
|-end|p1a: Walking Wake|Protosynthesis
|move|p1a: Walking Wake|Flip Turn|p2a: Ninetales
|-resisted|p2a: Ninetales
|-damage|p2a: Ninetales|60/100 brn
|
|t:|1779899385
|-end|p1a: Walking Wake|Protosynthesis|[silent]
|switch|p1a: Ninetales|Ninetales, M|4/100|[from] Flip Turn
|-weather|SunnyDay|[from] ability: Drought|[of] p1a: Ninetales
|
|-weather|SunnyDay|[upkeep]
|-damage|p2a: Ninetales|54/100 brn|[from] brn
|upkeep
|turn|22
|
|t:|1779899388
|move|p2a: Ninetales|Moonblast|p1a: Ninetales
|-resisted|p1a: Ninetales
|-damage|p1a: Ninetales|0 fnt
|faint|p1a: Ninetales
|
|-weather|SunnyDay|[upkeep]
|-damage|p2a: Ninetales|48/100 brn|[from] brn
|upkeep
|
|t:|1779899392
|switch|p1a: Raging Bolt|Raging Bolt|100/100
|-item|p1a: Raging Bolt|Air Balloon
|-activate|p1a: Raging Bolt|ability: Protosynthesis
|-start|p1a: Raging Bolt|protosynthesisspa
|turn|23
|
|t:|1779899410
|switch|p2a: Toxapex|Toxapex, F|72/100
|move|p1a: Raging Bolt|Calm Mind|p1a: Raging Bolt
|-boost|p1a: Raging Bolt|spa|1
|-boost|p1a: Raging Bolt|spd|1
|
|-weather|SunnyDay|[upkeep]
|upkeep
|turn|24
|
|t:|1779899414
|move|p1a: Raging Bolt|Thunderbolt|p2a: Toxapex
|-supereffective|p2a: Toxapex
|-crit|p2a: Toxapex
|-damage|p2a: Toxapex|0 fnt
|faint|p2a: Toxapex
|
|-weather|SunnyDay|[upkeep]
|upkeep
|
|t:|1779899416
|switch|p2a: Ninetales|Ninetales-Alola, M, tera:Water|48/100 brn
|-weather|Snowscape|[from] ability: Snow Warning|[of] p2a: Ninetales
|-end|p1a: Raging Bolt|Protosynthesis
|turn|25
|c|☆ShadowTree87|lowkey i sold
|
|t:|1779899429
|move|p2a: Ninetales|Encore|p1a: Raging Bolt
|-start|p1a: Raging Bolt|Encore
|move|p1a: Raging Bolt|Thunderbolt|p2a: Ninetales
|-supereffective|p2a: Ninetales
|-damage|p2a: Ninetales|0 fnt
|faint|p2a: Ninetales
|
|-weather|Snowscape|[upkeep]
|upkeep
|
|t:|1779899432
|switch|p2a: Pawmot|Pawmot, F|100/100
|turn|26
|
|t:|1779899436
|-end|p1a: Raging Bolt|Protosynthesis|[silent]
|switch|p1a: Walking Wake|Walking Wake|100/100
|move|p2a: Pawmot|Revival Blessing|p2a: Pawmot
|-enditem|p2a: Pawmot|Leppa Berry|[eat]
|-activate|p2a: Pawmot|item: Leppa Berry|Revival Blessing|[consumed]
|c|☆ShadowTree87|...
|
|t:|1779899442
|-heal|p2: Ninetales|50/100|[from] move: Revival Blessing
|
|-weather|Snowscape|[upkeep]
|upkeep
|turn|27
|
|t:|1779899449
|move|p1a: Walking Wake|Draco Meteor|p2a: Pawmot|[miss]
|-miss|p1a: Walking Wake|p2a: Pawmot
|move|p2a: Pawmot|Revival Blessing|p2a: Pawmot
|
|t:|1779899453
|-heal|p2: Sandslash|50/100|[from] move: Revival Blessing
|
|-weather|Snowscape|[upkeep]
|upkeep
|turn|28
|c|☆ShadowTree87|bruh
|
|t:|1779899457
|move|p1a: Walking Wake|Hydro Steam|p2a: Pawmot
|-damage|p2a: Pawmot|35/100
|move|p2a: Pawmot|Nuzzle|p1a: Walking Wake
|-damage|p1a: Walking Wake|92/100
|-status|p1a: Walking Wake|par
|
|-weather|Snowscape|[upkeep]
|upkeep
|turn|29
|
|t:|1779899461
|move|p2a: Pawmot|Brick Break|p1a: Walking Wake
|-damage|p1a: Walking Wake|61/100 par
|move|p1a: Walking Wake|Hydro Steam|p2a: Pawmot
|-damage|p2a: Pawmot|0 fnt
|faint|p2a: Pawmot
|
|-weather|Snowscape|[upkeep]
|upkeep
|
|t:|1779899464
|switch|p2a: Beartic|Beartic, F|100/100
|turn|30
|
|t:|1779899466
|move|p2a: Beartic|Icicle Spear|p1a: Walking Wake
|-damage|p1a: Walking Wake|45/100 par
|-damage|p1a: Walking Wake|29/100 par
|-damage|p1a: Walking Wake|13/100 par
|-crit|p1a: Walking Wake
|-damage|p1a: Walking Wake|0 fnt
|faint|p1a: Walking Wake
|-end|p1a: Walking Wake|Protosynthesis|[silent]
|-hitcount|p1: Walking Wake|4
|
|-weather|Snowscape|[upkeep]
|upkeep
|
|t:|1779899469
|switch|p1a: Raging Bolt|Raging Bolt|100/100
|-item|p1a: Raging Bolt|Air Balloon
|turn|31
|
|t:|1779899471
|move|p1a: Raging Bolt|Thunderclap|p2a: Beartic
|-crit|p2a: Beartic
|-damage|p2a: Beartic|18/100
|move|p2a: Beartic|Icicle Spear|p1a: Raging Bolt
|-supereffective|p1a: Raging Bolt
|-damage|p1a: Raging Bolt|74/100
|-enditem|p1a: Raging Bolt|Air Balloon
|-supereffective|p1a: Raging Bolt
|-damage|p1a: Raging Bolt|46/100
|-supereffective|p1a: Raging Bolt
|-damage|p1a: Raging Bolt|21/100
|-supereffective|p1a: Raging Bolt
|-damage|p1a: Raging Bolt|0 fnt
|faint|p1a: Raging Bolt
|-end|p1a: Raging Bolt|Protosynthesis|[silent]
|-hitcount|p1: Raging Bolt|4
|
|win|WiiShopMusic
|raw|ShadowTree87's rating: 1250 &rarr; <strong>1221</strong><br />(-29 for losing)
|raw|WiiShopMusic's rating: 1200 &rarr; <strong>1229</strong><br />(+29 for winning)
|c|☆WiiShopMusic|gg
|c|☆ShadowTree87|gg
