|j|☆claudechamp
|j|☆Kolo22
|t:|1779828954
|gametype|singles
|player|p1|claudechamp|265|1261
|player|p2|Kolo22|265|1332
|gen|9
|tier|[Gen 9] OU
|rated|
|rule|HP Percentage Mod: HP is shown in percentages
|rule|Endless Battle Clause: Forcing endless battles is banned
|rule|Species Clause: Limit one of each Pokémon
|rule|OHKO Clause: OHKO moves are banned
|rule|Evasion Items Clause: Evasion items are banned
|rule|Evasion Moves Clause: Evasion moves are banned
|rule|Evasion Abilities Clause: Evasion abilities are banned
|rule|Sleep Moves Clause: Sleep-inducing moves are banned
|clearpoke
|poke|p1|Gliscor, F|
|poke|p1|Ogerpon, F|
|poke|p1|Walking Wake|
|poke|p1|Blissey, F|
|poke|p1|Corviknight, M|
|poke|p1|Pecharunt|
|poke|p2|Heatran, F|
|poke|p2|Clodsire, M|
|poke|p2|Pecharunt|
|poke|p2|Chesnaught, M|
|poke|p2|Greninja-*, F|
|poke|p2|Slowking, M|
|teampreview
|c|☆claudechamp|hf
|inactive|Battle timer is ON: inactive players will automatically lose when time's up. (requested by claudechamp)
|
|t:|1779828962
|teamsize|p1|6
|teamsize|p2|6
|start
|switch|p1a: Gliscor|Gliscor, F|100/100
|switch|p2a: Chesnaught|Chesnaught, M|100/100
|turn|1
|
|t:|1779828967
|switch|p2a: Greninja|Greninja, F|100/100
|move|p1a: Gliscor|Spikes|p2a: Greninja
|-sidestart|p2: Kolo22|Spikes
|
|-status|p1a: Gliscor|tox|[from] item: Toxic Orb
|upkeep
|turn|2
|
|t:|1779828975
|move|p2a: Greninja|U-turn|p1a: Gliscor
|-start|p2a: Greninja|typechange|Bug|[from] ability: Protean
|-resisted|p1a: Gliscor
|-damage|p1a: Gliscor|93/100 tox
|
|t:|1779828986
|switch|p2a: Pecharunt|Pecharunt|100/100|[from] U-turn
|move|p1a: Gliscor|Spikes|p2a: Pecharunt
|-sidestart|p2: Kolo22|Spikes
|
|-heal|p1a: Gliscor|100/100 tox|[from] ability: Poison Heal
|upkeep
|turn|3
|
|t:|1779828994
|move|p1a: Gliscor|Spikes|p2a: Pecharunt
|-sidestart|p2: Kolo22|Spikes
|move|p2a: Pecharunt|Parting Shot|p1a: Gliscor
|-unboost|p1a: Gliscor|atk|1
|-unboost|p1a: Gliscor|spa|1
|
|t:|1779829000
|switch|p2a: Greninja|Greninja, F|100/100|[from] Parting Shot
|-damage|p2a: Greninja|76/100|[from] Spikes
|
|upkeep
|turn|4
|
|t:|1779829004
|move|p2a: Greninja|Ice Beam|p1a: Gliscor
|-start|p2a: Greninja|typechange|Ice|[from] ability: Protean
|-supereffective|p1a: Gliscor
|-damage|p1a: Gliscor|0 fnt
|faint|p1a: Gliscor
|
|upkeep
|
|t:|1779829011
|switch|p1a: Walking Wake|Walking Wake|100/100
|turn|5
|
|t:|1779829017
|switch|p2a: Slowking|Slowking, M|100/100
|move|p1a: Walking Wake|Surf|p2a: Slowking
|-resisted|p2a: Slowking
|-damage|p2a: Slowking|87/100
|
|upkeep
|turn|6
|
|t:|1779829023
|move|p1a: Walking Wake|Knock Off|p2a: Slowking
|-supereffective|p2a: Slowking
|-damage|p2a: Slowking|52/100
|-enditem|p2a: Slowking|Heavy-Duty Boots|[from] move: Knock Off|[of] p1a: Walking Wake
|move|p2a: Slowking|Thunder Wave|p1a: Walking Wake
|-status|p1a: Walking Wake|par
|
|upkeep
|turn|7
|
|t:|1779829033
|cant|p1a: Walking Wake|par
|move|p2a: Slowking|Future Sight|p1a: Walking Wake
|-start|p2a: Slowking|move: Future Sight
|
|upkeep
|turn|8
|
|t:|1779829040
|-end|p1a: Walking Wake|Protosynthesis|[silent]
|switch|p1a: Blissey|Blissey, F|100/100
|move|p2a: Slowking|Psyshock|p1a: Blissey
|-damage|p1a: Blissey|70/100
|
|upkeep
|turn|9
|
|t:|1779829050
|switch|p2a: Chesnaught|Chesnaught, M|100/100
|-damage|p2a: Chesnaught|75/100|[from] Spikes
|move|p1a: Blissey|Stealth Rock|p2a: Chesnaught
|-sidestart|p2: Kolo22|move: Stealth Rock
|
|-end|p1a: Blissey|move: Future Sight
|-damage|p1a: Blissey|57/100
|upkeep
|turn|10
|
|t:|1779829058
|move|p2a: Chesnaught|Body Press|p1a: Blissey
|-supereffective|p1a: Blissey
|-damage|p1a: Blissey|0 fnt
|faint|p1a: Blissey
|
|upkeep
|
|t:|1779829064
|switch|p1a: Pecharunt|Pecharunt|100/100
|turn|11
|
|t:|1779829067
|move|p1a: Pecharunt|Malignant Chain|p2a: Chesnaught
|-supereffective|p2a: Chesnaught
|-damage|p2a: Chesnaught|4/100
|-status|p2a: Chesnaught|tox
|-start|p2a: Chesnaught|confusion|[from] ability: Poison Puppeteer|[of] p1a: Pecharunt
|-activate|p2a: Chesnaught|confusion
|move|p2a: Chesnaught|Knock Off|p1a: Pecharunt
|-supereffective|p1a: Pecharunt
|-damage|p1a: Pecharunt|78/100
|-enditem|p1a: Pecharunt|Heavy-Duty Boots|[from] move: Knock Off|[of] p2a: Chesnaught
|
|-damage|p2a: Chesnaught|0 fnt|[from] psn
|faint|p2a: Chesnaught
|upkeep
|
|t:|1779829083
|switch|p2a: Clodsire|Clodsire, M|100/100
|turn|12
|
|t:|1779829090
|move|p1a: Pecharunt|Recover|p1a: Pecharunt
|-heal|p1a: Pecharunt|100/100
|move|p2a: Clodsire|Spikes|p1a: Pecharunt
|-sidestart|p1: claudechamp|Spikes
|
|upkeep
|turn|13
|
|t:|1779829100
|switch|p1a: Ogerpon|Ogerpon, F|100/100
|move|p2a: Clodsire|Spikes|p1a: Ogerpon
|-sidestart|p1: claudechamp|Spikes
|
|upkeep
|turn|14
|
|t:|1779829106
|move|p1a: Ogerpon|Ivy Cudgel|p2a: Clodsire
|-damage|p2a: Clodsire|50/100
|move|p2a: Clodsire|Toxic|p1a: Ogerpon
|-status|p1a: Ogerpon|tox
|
|-damage|p1a: Ogerpon|95/100 tox|[from] psn
|upkeep
|turn|15
|
|t:|1779829114
|switch|p2a: Pecharunt|Pecharunt|100/100
|move|p1a: Ogerpon|Ivy Cudgel|p2a: Pecharunt
|-resisted|p2a: Pecharunt
|-damage|p2a: Pecharunt|88/100
|
|-damage|p1a: Ogerpon|83/100 tox|[from] psn
|upkeep
|turn|16
|
|t:|1779829122
|move|p1a: Ogerpon|Knock Off|p2a: Pecharunt
|-supereffective|p2a: Pecharunt
|-damage|p2a: Pecharunt|57/100
|-enditem|p2a: Pecharunt|Heavy-Duty Boots|[from] move: Knock Off|[of] p1a: Ogerpon
|move|p2a: Pecharunt|Foul Play|p1a: Ogerpon
|-damage|p1a: Ogerpon|39/100 tox
|
|-damage|p1a: Ogerpon|21/100 tox|[from] psn
|upkeep
|turn|17
|
|t:|1779829131
|move|p1a: Ogerpon|Knock Off|p2a: Pecharunt
|-supereffective|p2a: Pecharunt
|-damage|p2a: Pecharunt|35/100
|move|p2a: Pecharunt|Recover|p2a: Pecharunt
|-heal|p2a: Pecharunt|85/100
|
|-damage|p1a: Ogerpon|0 fnt|[from] psn
|faint|p1a: Ogerpon
|upkeep
|
|t:|1779829136
|switch|p1a: Walking Wake|Walking Wake|100/100 par
|turn|18
|
|t:|1779829145
|move|p2a: Pecharunt|Parting Shot|p1a: Walking Wake
|-unboost|p1a: Walking Wake|atk|1
|-unboost|p1a: Walking Wake|spa|1
|
|t:|1779829149
|switch|p2a: Slowking|Slowking, M|85/100|[from] Parting Shot
|-damage|p2a: Slowking|60/100|[from] Spikes
|-damage|p2a: Slowking|47/100|[from] Stealth Rock
|move|p1a: Walking Wake|Substitute|p1a: Walking Wake
|-start|p1a: Walking Wake|Substitute
|-damage|p1a: Walking Wake|76/100 par
|
|upkeep
|turn|19
|
|t:|1779829157
|move|p1a: Walking Wake|Draco Meteor|p2a: Slowking
|-damage|p2a: Slowking|22/100
|-unboost|p1a: Walking Wake|spa|2
|move|p2a: Slowking|Psyshock|p1a: Walking Wake
|-crit|p1a: Walking Wake
|-end|p1a: Walking Wake|Substitute
|
|upkeep
|turn|20
|
|t:|1779829165
|-end|p1a: Walking Wake|Protosynthesis|[silent]
|switch|p1a: Corviknight|Corviknight, M|100/100
|-ability|p1a: Corviknight|Pressure
|move|p2a: Slowking|Future Sight|p1a: Corviknight
|-start|p2a: Slowking|move: Future Sight
|
|upkeep
|turn|21
|
|t:|1779829175
|switch|p2a: Clodsire|Clodsire, M|50/100
|move|p1a: Corviknight|Thief|p2a: Clodsire
|-damage|p2a: Clodsire|37/100
|
|upkeep
|turn|22
|
|t:|1779829187
|move|p1a: Corviknight|Thief|p2a: Clodsire
|-damage|p2a: Clodsire|25/100
|move|p2a: Clodsire|Recover|p2a: Clodsire
|-heal|p2a: Clodsire|75/100
|
|-end|p1a: Corviknight|move: Future Sight
|-resisted|p1a: Corviknight
|-damage|p1a: Corviknight|79/100
|upkeep
|turn|23
|
|t:|1779829195
|move|p1a: Corviknight|Roost|p1a: Corviknight
|-heal|p1a: Corviknight|100/100
|-singleturn|p1a: Corviknight|move: Roost
|move|p2a: Clodsire|Spikes|p1a: Corviknight
|-sidestart|p1: claudechamp|Spikes
|
|upkeep
|turn|24
|
|t:|1779829202
|switch|p1a: Walking Wake|Walking Wake|76/100 par
|move|p2a: Clodsire|Recover|p2a: Clodsire
|-heal|p2a: Clodsire|100/100
|
|upkeep
|turn|25
|
|t:|1779829213
|cant|p1a: Walking Wake|par
|move|p2a: Clodsire|Earthquake|p1a: Walking Wake
|-damage|p1a: Walking Wake|48/100 par
|
|upkeep
|turn|26
|
|t:|1779829225
|move|p1a: Walking Wake|Surf|p2a: Clodsire
|-supereffective|p2a: Clodsire
|-damage|p2a: Clodsire|51/100
|move|p2a: Clodsire|Earthquake|p1a: Walking Wake
|-damage|p1a: Walking Wake|18/100 par
|
|upkeep
|turn|27
|
|t:|1779829242
|move|p1a: Walking Wake|Surf|p2a: Clodsire
|-supereffective|p2a: Clodsire
|-damage|p2a: Clodsire|0 fnt
|faint|p2a: Clodsire
|
|upkeep
|
|t:|1779829251
|switch|p2a: Greninja|Greninja, F|76/100
|-damage|p2a: Greninja|51/100|[from] Spikes
|-damage|p2a: Greninja|38/100|[from] Stealth Rock
|turn|28
|
|t:|1779829263
|-end|p1a: Walking Wake|Protosynthesis|[silent]
|switch|p1a: Pecharunt|Pecharunt|100/100
|-damage|p1a: Pecharunt|75/100|[from] Spikes
|move|p2a: Greninja|Dark Pulse|p1a: Pecharunt
|-start|p2a: Greninja|typechange|Dark|[from] ability: Protean
|-supereffective|p1a: Pecharunt
|-damage|p1a: Pecharunt|0 fnt
|faint|p1a: Pecharunt
|
|upkeep
|
|t:|1779829278
|switch|p1a: Corviknight|Corviknight, M|100/100
|-ability|p1a: Corviknight|Pressure
|turn|29
|
|t:|1779829292
|move|p2a: Greninja|Dark Pulse|p1a: Corviknight
|-damage|p1a: Corviknight|48/100
|move|p1a: Corviknight|Body Press|p2a: Greninja
|-supereffective|p2a: Greninja
|-damage|p2a: Greninja|0 fnt
|faint|p2a: Greninja
|
|upkeep
|
|t:|1779829299
|switch|p2a: Heatran|Heatran, F|100/100
|-damage|p2a: Heatran|88/100|[from] Stealth Rock
|-item|p2a: Heatran|Air Balloon
|turn|30
|
|t:|1779829308
|-terastallize|p1a: Corviknight|Ghost
|move|p1a: Corviknight|Roost|p1a: Corviknight
|-heal|p1a: Corviknight|99/100
|move|p2a: Heatran|Magma Storm|p1a: Corviknight
|-damage|p1a: Corviknight|43/100
|-activate|p1a: Corviknight|move: Magma Storm|[of] p2a: Heatran
|
|-damage|p1a: Corviknight|30/100|[from] move: Magma Storm|[partiallytrapped]
|upkeep
|turn|31
|
|t:|1779829319
|move|p1a: Corviknight|Roost|p1a: Corviknight
|-heal|p1a: Corviknight|80/100
|move|p2a: Heatran|Magma Storm|p1a: Corviknight
|-damage|p1a: Corviknight|18/100
|
|-damage|p1a: Corviknight|5/100|[from] move: Magma Storm|[partiallytrapped]
|upkeep
|turn|32
|
|t:|1779829330
|switch|p1a: Walking Wake|Walking Wake|18/100 par
|move|p2a: Heatran|Magma Storm|p1a: Walking Wake
|-resisted|p1a: Walking Wake
|-damage|p1a: Walking Wake|0 fnt
|faint|p1a: Walking Wake
|-end|p1a: Walking Wake|Protosynthesis|[silent]
|
|upkeep
|
|t:|1779829343
|switch|p1a: Corviknight|Corviknight, M, tera:Ghost|5/100
|-ability|p1a: Corviknight|Pressure
|turn|33
|
|t:|1779829357
|move|p1a: Corviknight|Roost|p1a: Corviknight
|-heal|p1a: Corviknight|55/100
|move|p2a: Heatran|Magma Storm|p1a: Corviknight
|-damage|p1a: Corviknight|0 fnt
|faint|p1a: Corviknight
|
|win|Kolo22
|raw|claudechamp's rating: 1283 &rarr; <strong>1262</strong><br />(-21 for losing)
|raw|Kolo22's rating: 1332 &rarr; <strong>1349</strong><br />(+17 for winning)
|c|☆claudechamp|gg
|l|☆Kolo22
|player|p2|
