|j|☆Foodiscoolski
|j|☆OdaC
|t:|1779806138
|gametype|singles
|player|p1|Foodiscoolski|265|1142
|player|p2|OdaC|265|1096
|gen|9
|tier|[Gen 9] OU
|rated|
|rule|HP Percentage Mod: HP is shown in percentages
|rule|Endless Battle Clause: Forcing endless battles is banned
|rule|Species Clause: Limit one of each Pokémon
|rule|OHKO Clause: OHKO moves are banned
|rule|Evasion Items Clause: Evasion items are banned
|rule|Evasion Moves Clause: Evasion moves are banned
|rule|Evasion Abilities Clause: Evasion abilities are banned
|rule|Sleep Moves Clause: Sleep-inducing moves are banned
|clearpoke
|poke|p1|Weezing-Galar, M|
|poke|p1|Ninetales-Alola, F|
|poke|p1|Ogerpon-Wellspring, F|
|poke|p1|Raging Bolt|
|poke|p1|Great Tusk|
|poke|p1|Gliscor, F|
|poke|p2|Cinderace, M|
|poke|p2|Dragapult, F|
|poke|p2|Ribombee, F|
|poke|p2|Meowscarada, M|
|poke|p2|Great Tusk|
|poke|p2|Gengar, M|
|teampreview
|
|t:|1779806154
|teamsize|p1|6
|teamsize|p2|6
|start
|switch|p1a: Ranni|Ogerpon-Wellspring, F|100/100
|switch|p2a: Cinderace|Cinderace, M|100/100
|turn|1
|inactive|Battle timer is ON: inactive players will automatically lose when time's up. (requested by Foodiscoolski)
|
|t:|1779806162
|move|p2a: Cinderace|U-turn|p1a: Ranni
|-start|p2a: Cinderace|typechange|Bug|[from] ability: Libero
|-supereffective|p1a: Ranni
|-damage|p1a: Ranni|12/100
|
|t:|1779806169
|switch|p2a: Ribombee|Ribombee, F|100/100|[from] U-turn
|move|p1a: Ranni|Ivy Cudgel|p2a: Ribombee|[anim] Ivy Cudgel Water
|-enditem|p2a: Ribombee|Focus Sash
|-damage|p2a: Ribombee|1/100
|
|upkeep
|turn|2
|
|t:|1779806179
|move|p2a: Ribombee|Sticky Web|p1a: Ranni
|-sidestart|p1: Foodiscoolski|move: Sticky Web
|move|p1a: Ranni|Play Rough|p2a: Ribombee
|-damage|p2a: Ribombee|0 fnt
|faint|p2a: Ribombee
|
|upkeep
|
|t:|1779806183
|switch|p2a: Cinderace|Cinderace, M|100/100
|turn|3
|
|t:|1779806189
|switch|p1a: Late Capitalism|Weezing-Galar, M|100/100
|-ability|p1a: Late Capitalism|Neutralizing Gas
|move|p2a: Cinderace|Pyro Ball|p1a: Late Capitalism|[miss]
|-miss|p2a: Cinderace|p1a: Late Capitalism
|
|upkeep
|turn|4
|
|t:|1779806209
|move|p2a: Cinderace|U-turn|p1a: Late Capitalism
|-resisted|p1a: Late Capitalism
|-damage|p1a: Late Capitalism|96/100
|
|t:|1779806212
|switch|p2a: Great Tusk|Great Tusk|100/100|[from] U-turn
|move|p1a: Late Capitalism|Toxic|p2a: Great Tusk
|-status|p2a: Great Tusk|tox
|
|-damage|p2a: Great Tusk|94/100 tox|[from] psn
|upkeep
|turn|5
|
|t:|1779806220
|move|p2a: Great Tusk|Headlong Rush|p1a: Late Capitalism
|-supereffective|p1a: Late Capitalism
|-damage|p1a: Late Capitalism|3/100
|-unboost|p2a: Great Tusk|def|1
|-unboost|p2a: Great Tusk|spd|1
|move|p1a: Late Capitalism|Strange Steam|p2a: Great Tusk
|-supereffective|p2a: Great Tusk
|-damage|p2a: Great Tusk|0 fnt
|faint|p2a: Great Tusk
|-end|p2a: Great Tusk|Protosynthesis|[silent]
|
|upkeep
|
|t:|1779806232
|switch|p2a: Meowscarada|Meowscarada, M|100/100
|turn|6
|
|t:|1779806240
|-terastallize|p1a: Late Capitalism|Ghost
|move|p2a: Meowscarada|Triple Axel|p1a: Late Capitalism
|-damage|p1a: Late Capitalism|0 fnt
|faint|p1a: Late Capitalism
|-end|p1a: Late Capitalism|ability: Neutralizing Gas
|-hitcount|p1: Late Capitalism|1
|
|upkeep
|
|t:|1779806256
|switch|p1a: Shari|Ninetales-Alola, F|100/100
|-activate|p1a: Shari|move: Sticky Web
|-unboost|p1a: Shari|spe|1
|-weather|Snowscape|[from] ability: Snow Warning|[of] p1a: Shari
|turn|7
|
|t:|1779806265
|move|p2a: Meowscarada|U-turn|p1a: Shari
|-start|p2a: Meowscarada|typechange|Bug|[from] ability: Protean
|-resisted|p1a: Shari
|-damage|p1a: Shari|86/100
|
|t:|1779806268
|switch|p2a: Cinderace|Cinderace, M|100/100|[from] U-turn
|move|p1a: Shari|Blizzard|p2a: Cinderace
|-resisted|p2a: Cinderace
|-damage|p2a: Cinderace|72/100
|
|-weather|Snowscape|[upkeep]
|upkeep
|turn|8
|
|t:|1779806285
|switch|p1a: Chester Cheetah|Raging Bolt|100/100
|-activate|p1a: Chester Cheetah|move: Sticky Web
|-unboost|p1a: Chester Cheetah|spe|1
|move|p2a: Cinderace|Pyro Ball|p1a: Chester Cheetah
|-resisted|p1a: Chester Cheetah
|-damage|p1a: Chester Cheetah|72/100
|
|-weather|Snowscape|[upkeep]
|upkeep
|turn|9
|
|t:|1779806306
|move|p2a: Cinderace|U-turn|p1a: Chester Cheetah
|-start|p2a: Cinderace|typechange|Bug|[from] ability: Libero
|-damage|p1a: Chester Cheetah|42/100
|
|t:|1779806312
|switch|p2a: Meowscarada|Meowscarada, M|100/100|[from] U-turn
|move|p1a: Chester Cheetah|Draco Meteor|p2a: Meowscarada
|-damage|p2a: Meowscarada|0 fnt
|-unboost|p1a: Chester Cheetah|spa|2
|faint|p2a: Meowscarada
|
|-weather|Snowscape|[upkeep]
|upkeep
|
|t:|1779806317
|switch|p2a: Dragapult|Dragapult, F|100/100
|turn|10
|
|t:|1779806322
|move|p2a: Dragapult|Dragon Darts|p1a: Chester Cheetah
|-supereffective|p1a: Chester Cheetah
|-damage|p1a: Chester Cheetah|0 fnt
|faint|p1a: Chester Cheetah
|-end|p1a: Chester Cheetah|Protosynthesis|[silent]
|
|-weather|Snowscape|[upkeep]
|upkeep
|
|t:|1779806331
|switch|p1a: Shari|Ninetales-Alola, F|86/100
|-activate|p1a: Shari|move: Sticky Web
|-unboost|p1a: Shari|spe|1
|turn|11
|
|t:|1779806340
|switch|p2a: Gengar|Gengar, M|100/100
|-item|p2a: Gengar|Air Balloon
|move|p1a: Shari|Blizzard|p2a: Gengar
|-damage|p2a: Gengar|30/100
|-start|p1a: Shari|Disable|Blizzard|[from] ability: Cursed Body|[of] p2a: Gengar
|-enditem|p2a: Gengar|Air Balloon
|
|-weather|none
|upkeep
|turn|12
|
|t:|1779806346
|move|p2a: Gengar|Sludge Wave|p1a: Shari
|-supereffective|p1a: Shari
|-damage|p1a: Shari|0 fnt
|faint|p1a: Shari
|
|upkeep
|
|t:|1779806352
|switch|p1a: Willy|Great Tusk|100/100
|-activate|p1a: Willy|move: Sticky Web
|-unboost|p1a: Willy|spe|1
|turn|13
|
|t:|1779806365
|move|p2a: Gengar|Shadow Ball|p1a: Willy
|-damage|p1a: Willy|60/100
|-unboost|p1a: Willy|spd|1
|move|p1a: Willy|Knock Off|p2a: Gengar
|-supereffective|p2a: Gengar
|-damage|p2a: Gengar|0 fnt
|faint|p2a: Gengar
|
|upkeep
|
|t:|1779806372
|switch|p2a: Dragapult|Dragapult, F|100/100
|turn|14
|
|t:|1779806384
|-terastallize|p2a: Dragapult|Dragon
|move|p2a: Dragapult|Dragon Dance|p2a: Dragapult
|-boost|p2a: Dragapult|atk|1
|-boost|p2a: Dragapult|spe|1
|move|p1a: Willy|Ice Spinner|p2a: Dragapult
|-supereffective|p2a: Dragapult
|-damage|p2a: Dragapult|22/100
|
|upkeep
|turn|15
|
|t:|1779806394
|move|p2a: Dragapult|Phantom Force||[still]
|-prepare|p2a: Dragapult|Phantom Force
|move|p1a: Willy|Ice Spinner|p2a: Dragapult|[miss]
|-miss|p1a: Willy|p2a: Dragapult
|
|upkeep
|turn|16
|
|t:|1779806399
|move|p2a: Dragapult|Phantom Force|p1a: Willy|[from] lockedmove
|-damage|p1a: Willy|16/100
|move|p1a: Willy|Ice Spinner|p2a: Dragapult
|-supereffective|p2a: Dragapult
|-damage|p2a: Dragapult|0 fnt
|faint|p2a: Dragapult
|
|upkeep
|
|t:|1779806404
|switch|p2a: Cinderace|Cinderace, M|72/100
|turn|17
|
|t:|1779806411
|move|p2a: Cinderace|Pyro Ball|p1a: Willy
|-damage|p1a: Willy|0 fnt
|faint|p1a: Willy
|-end|p1a: Willy|Protosynthesis|[silent]
|
|upkeep
|
|t:|1779806418
|switch|p1a: Ranni|Ogerpon-Wellspring, F|12/100
|-activate|p1a: Ranni|move: Sticky Web
|-unboost|p1a: Ranni|spe|1
|turn|18
|
|t:|1779806426
|move|p2a: Cinderace|U-turn|p1a: Ranni
|-start|p2a: Cinderace|typechange|Bug|[from] ability: Libero
|-supereffective|p1a: Ranni
|-damage|p1a: Ranni|0 fnt
|faint|p1a: Ranni
|
|upkeep
|
|t:|1779806431
|switch|p1a: Gliscor|Gliscor, F|100/100
|turn|19
|
|t:|1779806436
|move|p2a: Cinderace|Pyro Ball|p1a: Gliscor
|-damage|p1a: Gliscor|62/100
|move|p1a: Gliscor|Knock Off|p2a: Cinderace
|-crit|p2a: Cinderace
|-damage|p2a: Cinderace|12/100
|-enditem|p2a: Cinderace|Heavy-Duty Boots|[from] move: Knock Off|[of] p1a: Gliscor
|
|-status|p1a: Gliscor|tox|[from] item: Toxic Orb
|upkeep
|turn|20
|
|t:|1779806444
|move|p2a: Cinderace|Pyro Ball|p1a: Gliscor
|-damage|p1a: Gliscor|25/100 tox
|move|p1a: Gliscor|Earthquake|p2a: Cinderace
|-resisted|p2a: Cinderace
|-damage|p2a: Cinderace|0 fnt
|faint|p2a: Cinderace
|
|win|Foodiscoolski
|raw|Foodiscoolski's rating: 1142 &rarr; <strong>1164</strong><br />(+22 for winning)
|raw|OdaC's rating: 1096 &rarr; <strong>1075</strong><br />(-21 for losing)
