|j|☆omari p
|j|☆cachowcapow
|t:|1779812340
|gametype|singles
|player|p1|omari p|pokemonrangerf|1642
|player|p2|cachowcapow|2|1593
|gen|9
|tier|[Gen 9] OU
|rated|
|rule|HP Percentage Mod: HP is shown in percentages
|rule|Endless Battle Clause: Forcing endless battles is banned
|rule|Species Clause: Limit one of each Pokémon
|rule|OHKO Clause: OHKO moves are banned
|rule|Evasion Items Clause: Evasion items are banned
|rule|Evasion Moves Clause: Evasion moves are banned
|rule|Evasion Abilities Clause: Evasion abilities are banned
|rule|Sleep Moves Clause: Sleep-inducing moves are banned
|clearpoke
|poke|p1|Thundurus-Therian, M|
|poke|p1|Cinderace, F|
|poke|p1|Latios, M|
|poke|p1|Jirachi|
|poke|p1|Mandibuzz, F|
|poke|p1|Great Tusk|
|poke|p2|Lokix, M|
|poke|p2|Alomomola, F|
|poke|p2|Slowking-Galar, M|
|poke|p2|Corviknight, M|
|poke|p2|Kyurem|
|poke|p2|Gardevoir, M|
|teampreview
|j| espadaOP
|inactive|Battle timer is ON: inactive players will automatically lose when time's up. (requested by cachowcapow)
|
|t:|1779812460
|teamsize|p1|6
|teamsize|p2|6
|start
|switch|p1a: Cinderace|Cinderace, F|100/100
|switch|p2a: Slowking|Slowking-Galar, M|100/100
|turn|1
|
|t:|1779812465
|move|p1a: Cinderace|Pyro Ball|p2a: Slowking
|-damage|p2a: Slowking|20/100
|move|p2a: Slowking|Future Sight|p1a: Cinderace
|-start|p2a: Slowking|move: Future Sight
|
|upkeep
|turn|2
|
|t:|1779812469
|switch|p1a: Great Tusk|Great Tusk|100/100
|switch|p2a: Alomomola|Alomomola, F|100/100
|
|upkeep
|turn|3
|
|t:|1779812474
|-end|p1a: Great Tusk|Protosynthesis|[silent]
|switch|p1a: Mandibuzz|Mandibuzz, F, shiny|100/100
|move|p2a: Alomomola|Scald|p1a: Mandibuzz
|-damage|p1a: Mandibuzz|89/100
|
|-end|p1a: Mandibuzz|move: Future Sight
|-immune|p1a: Mandibuzz
|upkeep
|turn|4
|c|☆omari p|cachowcapow
|c|☆omari p|i have a mandibuzz
|
|t:|1779812489
|move|p1a: Mandibuzz|Toxic|p2a: Alomomola
|-status|p2a: Alomomola|tox
|move|p2a: Alomomola|Flip Turn|p1a: Mandibuzz
|-damage|p1a: Mandibuzz|79/100
|-damage|p2a: Alomomola|84/100 tox|[from] item: Rocky Helmet|[of] p1a: Mandibuzz
|c|☆omari p|u will have to go gard
|
|t:|1779812497
|switch|p2a: Gardevoir|Gardevoir, M|100/100|[from] Flip Turn
|-ability|p2a: Gardevoir|Overcoat|Trace|[from] ability: Trace|[of] p1a: Mandibuzz
|
|upkeep
|turn|5
|c|☆omari p|to force me to have that interaction
|
|t:|1779812504
|switch|p1a: Jirachi|Jirachi|100/100
|move|p2a: Gardevoir|Shadow Ball|p1a: Jirachi
|-supereffective|p1a: Jirachi
|-damage|p1a: Jirachi|52/100
|
|upkeep
|turn|6
|
|t:|1779812510
|switch|p2a: Alomomola|Alomomola, F|100/100 tox
|move|p1a: Jirachi|Doom Desire|p2a: Alomomola
|-start|p1a: Jirachi|Doom Desire
|
|-damage|p2a: Alomomola|94/100 tox|[from] psn
|upkeep
|turn|7
|
|t:|1779812514
|move|p1a: Jirachi|Psychic Noise|p2a: Alomomola
|-damage|p2a: Alomomola|65/100 tox
|-start|p2a: Alomomola|move: Heal Block
|cant|p2a: Alomomola|move: Heal Block|Wish
|
|-damage|p2a: Alomomola|53/100 tox|[from] psn
|upkeep
|turn|8
|
|t:|1779812526
|move|p1a: Jirachi|Psychic Noise|p2a: Alomomola
|-damage|p2a: Alomomola|22/100 tox
|move|p2a: Alomomola|Scald|p1a: Jirachi
|-damage|p1a: Jirachi|43/100
|
|-end|p2a: Alomomola|move: Doom Desire
|-resisted|p2a: Alomomola
|-damage|p2a: Alomomola|0 fnt
|faint|p2a: Alomomola
|upkeep
|
|t:|1779812535
|switch|p2a: Lokix|Lokix, M|100/100
|turn|9
|
|t:|1779812540
|move|p2a: Lokix|U-turn|p1a: Jirachi
|-damage|p1a: Jirachi|4/100
|
|t:|1779812547
|switch|p2a: Slowking|Slowking-Galar, M|53/100|[from] U-turn
|move|p1a: Jirachi|Doom Desire|p2a: Slowking
|-start|p1a: Jirachi|Doom Desire
|
|upkeep
|turn|10
|
|t:|1779812551
|move|p1a: Jirachi|Psychic Noise|p2a: Slowking
|-damage|p2a: Slowking|32/100
|-start|p2a: Slowking|move: Heal Block
|move|p2a: Slowking|Future Sight|p1a: Jirachi
|-start|p2a: Slowking|move: Future Sight
|
|upkeep
|turn|11
|
|t:|1779812557
|switch|p2a: Corviknight|Corviknight, M|100/100
|-ability|p2a: Corviknight|Pressure
|move|p1a: Jirachi|Psychic Noise|p2a: Corviknight
|-resisted|p2a: Corviknight
|-damage|p2a: Corviknight|82/100
|-start|p2a: Corviknight|move: Heal Block
|
|-end|p2a: Corviknight|move: Doom Desire
|-resisted|p2a: Corviknight
|-damage|p2a: Corviknight|52/100
|upkeep
|turn|12
|
|t:|1779812565
|switch|p2a: Slowking|Slowking-Galar, M|65/100
|move|p1a: Jirachi|Doom Desire|p2a: Slowking
|-start|p1a: Jirachi|Doom Desire
|
|-end|p1a: Jirachi|move: Future Sight
|-resisted|p1a: Jirachi
|-damage|p1a: Jirachi|0 fnt
|faint|p1a: Jirachi
|upkeep
|
|t:|1779812569
|switch|p1a: Cinderace|Cinderace, F|100/100
|turn|13
|
|t:|1779812573
|move|p1a: Cinderace|Pyro Ball|p2a: Slowking
|-damage|p2a: Slowking|0 fnt
|faint|p2a: Slowking
|
|upkeep
|
|t:|1779812581
|switch|p2a: Kyurem|Kyurem|100/100
|-ability|p2a: Kyurem|Pressure
|turn|14
|
|t:|1779812587
|switch|p2a: Corviknight|Corviknight, M|52/100
|-ability|p2a: Corviknight|Pressure
|move|p1a: Cinderace|High Jump Kick|p2a: Corviknight
|-start|p1a: Cinderace|typechange|Fighting|[from] ability: Libero
|-damage|p2a: Corviknight|10/100
|-damage|p1a: Cinderace|84/100|[from] item: Rocky Helmet|[of] p2a: Corviknight
|
|-end|p2a: Corviknight|move: Doom Desire
|-resisted|p2a: Corviknight
|-damage|p2a: Corviknight|0 fnt
|faint|p2a: Corviknight
|upkeep
|
|t:|1779812601
|switch|p2a: Lokix|Lokix, M|100/100
|turn|15
|inactive|omari p has 120 seconds left.
|inactive|omari p has 90 seconds left.
|
|t:|1779812677
|switch|p1a: Mandibuzz|Mandibuzz, F, shiny|79/100
|move|p2a: Lokix|U-turn|p1a: Mandibuzz
|-damage|p1a: Mandibuzz|53/100
|-damage|p2a: Lokix|84/100|[from] item: Rocky Helmet|[of] p1a: Mandibuzz
|
|t:|1779812684
|switch|p2a: Kyurem|Kyurem|100/100|[from] U-turn
|-ability|p2a: Kyurem|Pressure
|
|upkeep
|turn|16
|
|t:|1779812691
|switch|p1a: Cinderace|Cinderace, F|84/100
|move|p2a: Kyurem|Substitute|p2a: Kyurem
|-start|p2a: Kyurem|Substitute
|-damage|p2a: Kyurem|76/100
|
|-heal|p2a: Kyurem|82/100|[from] item: Leftovers
|upkeep
|turn|17
|
|t:|1779812697
|move|p2a: Kyurem|Protect|p2a: Kyurem
|-singleturn|p2a: Kyurem|Protect
|move|p1a: Cinderace|Pyro Ball|p2a: Kyurem
|-activate|p2a: Kyurem|move: Protect
|
|-heal|p2a: Kyurem|88/100|[from] item: Leftovers
|upkeep
|turn|18
|inactive|omari p has 90 seconds left.
|inactive|omari p has 60 seconds left.
|inactive|omari p has 30 seconds left.
|inactive|omari p has 20 seconds left.
|inactive|omari p has 15 seconds left.
|inactive|omari p has 10 seconds left.
|inactive|omari p has 5 seconds left.
|
|t:|1779812801
|move|p1a: Cinderace|Pyro Ball|p2a: Kyurem
|-end|p2a: Kyurem|Substitute
|move|p2a: Kyurem|Dragon Dance|p2a: Kyurem
|-boost|p2a: Kyurem|atk|1
|-boost|p2a: Kyurem|spe|1
|
|-heal|p2a: Kyurem|94/100|[from] item: Leftovers
|upkeep
|turn|19
|inactive|omari p has 15 seconds left this turn.
|
|t:|1779812811
|move|p2a: Kyurem|Dragon Dance|p2a: Kyurem
|-boost|p2a: Kyurem|atk|1
|-boost|p2a: Kyurem|spe|1
|move|p1a: Cinderace|High Jump Kick|p2a: Kyurem
|-start|p1a: Cinderace|typechange|Fighting|[from] ability: Libero
|-supereffective|p2a: Kyurem
|-damage|p2a: Kyurem|2/100
|
|-heal|p2a: Kyurem|8/100|[from] item: Leftovers
|upkeep
|turn|20
|inactive|omari p has 25 seconds left this turn.
|inactive|omari p has 20 seconds left.
|
|t:|1779812818
|move|p2a: Kyurem|Protect|p2a: Kyurem
|-singleturn|p2a: Kyurem|Protect
|move|p1a: Cinderace|Sucker Punch||[still]
|-fail|p1a: Cinderace
|
|-heal|p2a: Kyurem|14/100|[from] item: Leftovers
|upkeep
|turn|21
|inactive|omari p has 30 seconds left this turn.
|
|t:|1779812826
|-terastallize|p1a: Cinderace|Fire
|move|p2a: Kyurem|Icicle Spear|p1a: Cinderace
|-resisted|p1a: Cinderace
|-damage|p1a: Cinderace|67/100
|-resisted|p1a: Cinderace
|-damage|p1a: Cinderace|50/100
|-hitcount|p1a: Cinderace|2
|move|p1a: Cinderace|High Jump Kick|p2a: Kyurem
|-supereffective|p2a: Kyurem
|-damage|p2a: Kyurem|0 fnt
|faint|p2a: Kyurem
|
|upkeep
|
|t:|1779812830
|switch|p2a: Lokix|Lokix, M|84/100
|turn|22
|
|t:|1779812833
|move|p1a: Cinderace|High Jump Kick|p2a: Lokix
|-damage|p2a: Lokix|0 fnt
|faint|p2a: Lokix
|
|upkeep
|-message|cachowcapow forfeited.
|
|win|omari p
|raw|omari p's rating: 1642 &rarr; <strong>1659</strong><br />(+17 for winning)
|raw|cachowcapow's rating: 1593 &rarr; <strong>1576</strong><br />(-17 for losing)
|l|☆cachowcapow
|player|p2|
|l| espadaOP
