|j|☆Bruen01
|j|☆Steez Ibanez
|t:|1779804712
|gametype|singles
|player|p1|Bruen01|bruno|1639
|player|p2|Steez Ibanez|willow-casual|1669
|gen|9
|tier|[Gen 9] OU
|rated|
|rule|HP Percentage Mod: HP is shown in percentages
|rule|Endless Battle Clause: Forcing endless battles is banned
|rule|Species Clause: Limit one of each Pokémon
|rule|OHKO Clause: OHKO moves are banned
|rule|Evasion Items Clause: Evasion items are banned
|rule|Evasion Moves Clause: Evasion moves are banned
|rule|Evasion Abilities Clause: Evasion abilities are banned
|rule|Sleep Moves Clause: Sleep-inducing moves are banned
|clearpoke
|poke|p1|Slowking-Galar, F|
|poke|p1|Landorus-Therian, M|
|poke|p1|Kyurem|
|poke|p1|Iron Valiant|
|poke|p1|Cinderace, F|
|poke|p1|Kingambit, F|
|poke|p2|Samurott-Hisui, F|
|poke|p2|Zapdos|
|poke|p2|Iron Treads|
|poke|p2|Ceruledge, M|
|poke|p2|Gholdengo|
|poke|p2|Kingambit, M|
|teampreview
|
|t:|1779804750
|teamsize|p1|6
|teamsize|p2|6
|start
|switch|p1a: Cinderace|Cinderace, F|100/100
|switch|p2a: Ceruledge|Ceruledge, M|100/100
|turn|1
|
|t:|1779804765
|move|p1a: Cinderace|U-turn|p2a: Ceruledge
|-start|p1a: Cinderace|typechange|Bug|[from] ability: Libero
|-resisted|p2a: Ceruledge
|-damage|p2a: Ceruledge|90/100
|-ability|p2a: Ceruledge|Weak Armor|boost
|-unboost|p2a: Ceruledge|def|1
|-boost|p2a: Ceruledge|spe|2
|
|t:|1779804794
|switch|p1a: Kingambit|Kingambit, F|100/100|[from] U-turn
|move|p2a: Ceruledge|Swords Dance|p2a: Ceruledge
|-boost|p2a: Ceruledge|atk|2
|
|upkeep
|turn|2
|
|t:|1779804808
|-terastallize|p2a: Ceruledge|Fairy
|move|p1a: Kingambit|Sucker Punch|p2a: Ceruledge
|-resisted|p2a: Ceruledge
|-damage|p2a: Ceruledge|56/100
|-ability|p2a: Ceruledge|Weak Armor|boost
|-unboost|p2a: Ceruledge|def|1
|-boost|p2a: Ceruledge|spe|2
|move|p2a: Ceruledge|Bitter Blade|p1a: Kingambit
|-supereffective|p1a: Kingambit
|-damage|p1a: Kingambit|0 fnt
|-heal|p2a: Ceruledge|100/100|[from] drain|[of] p1a: Kingambit
|faint|p1a: Kingambit
|-end|p1a: Kingambit|fallenundefined|[silent]
|
|upkeep
|
|t:|1779804855
|switch|p1a: Slowking|Slowking-Galar, F|100/100
|turn|3
|
|t:|1779804865
|-terastallize|p1a: Slowking|Water
|move|p2a: Ceruledge|Poltergeist|p1a: Slowking
|-activate|p1a: Slowking|move: Poltergeist|Heavy-Duty Boots
|-damage|p1a: Slowking|0 fnt
|faint|p1a: Slowking
|
|upkeep
|
|t:|1779804872
|switch|p1a: Kyurem|Kyurem|100/100
|-ability|p1a: Kyurem|Pressure
|turn|4
|
|t:|1779804884
|move|p2a: Ceruledge|Swords Dance|p2a: Ceruledge
|-boost|p2a: Ceruledge|atk|2
|move|p1a: Kyurem|Blizzard|p2a: Ceruledge
|-damage|p2a: Ceruledge|17/100
|
|upkeep
|turn|5
|
|t:|1779804891
|move|p2a: Ceruledge|Bitter Blade|p1a: Kyurem
|-damage|p1a: Kyurem|0 fnt
|-heal|p2a: Ceruledge|73/100|[from] drain|[of] p1a: Kyurem
|faint|p1a: Kyurem
|
|upkeep
|
|t:|1779804903
|switch|p1a: Landorus|Landorus-Therian, M|100/100
|-ability|p1a: Landorus|Intimidate|boost
|-unboost|p2a: Ceruledge|atk|1
|turn|6
|
|t:|1779804907
|move|p2a: Ceruledge|Bitter Blade|p1a: Landorus
|-damage|p1a: Landorus|0 fnt
|-heal|p2a: Ceruledge|100/100|[from] drain|[of] p1a: Landorus
|-damage|p2a: Ceruledge|84/100|[from] item: Rocky Helmet|[of] p1a: Landorus
|faint|p1a: Landorus
|
|upkeep
|-message|Bruen01 forfeited.
|
|win|Steez Ibanez
|raw|Bruen01's rating: 1639 &rarr; <strong>1621</strong><br />(-18 for losing)
|raw|Steez Ibanez's rating: 1669 &rarr; <strong>1687</strong><br />(+18 for winning)
|l|☆Bruen01
|player|p1|
|l|☆Steez Ibanez
|player|p2|
