|j|☆angel engine
|j|☆g3thyp
|t:|1779861632
|gametype|singles
|player|p1|angel engine|170|1477
|player|p2|g3thyp|backersf|1474
|gen|9
|tier|[Gen 9] OU
|rated|
|rule|HP Percentage Mod: HP is shown in percentages
|rule|Endless Battle Clause: Forcing endless battles is banned
|rule|Species Clause: Limit one of each Pokémon
|rule|OHKO Clause: OHKO moves are banned
|rule|Evasion Items Clause: Evasion items are banned
|rule|Evasion Moves Clause: Evasion moves are banned
|rule|Evasion Abilities Clause: Evasion abilities are banned
|rule|Sleep Moves Clause: Sleep-inducing moves are banned
|clearpoke
|poke|p1|Latios, M|
|poke|p1|Lokix, M|
|poke|p1|Pecharunt|
|poke|p1|Cinderace, F|
|poke|p1|Corviknight, F|
|poke|p1|Ting-Lu|
|poke|p2|Regieleki|
|poke|p2|Kommo-o, M|
|poke|p2|Gholdengo|
|poke|p2|Landorus-Therian, M|
|poke|p2|Ting-Lu|
|poke|p2|Ogerpon-Wellspring, F|
|teampreview
|inactive|Battle timer is ON: inactive players will automatically lose when time's up. (requested by g3thyp)
|inactive|angel engine also wants the timer to be on.
|
|t:|1779861643
|teamsize|p1|6
|teamsize|p2|6
|start
|switch|p1a: Ting-Lu|Ting-Lu|100/100
|switch|p2a: Regieleki|Regieleki|100/100
|-ability|p1a: Ting-Lu|Vessel of Ruin
|turn|1
|
|t:|1779861650
|switch|p2a: Ogerpon|Ogerpon-Wellspring, F|100/100
|move|p1a: Ting-Lu|Ruination|p2a: Ogerpon
|-damage|p2a: Ogerpon|51/100
|
|upkeep
|turn|2
|
|t:|1779861673
|switch|p1a: Pecharunt|Pecharunt|100/100
|move|p2a: Ogerpon|Horn Leech|p1a: Pecharunt
|-resisted|p1a: Pecharunt
|-crit|p1a: Pecharunt
|-damage|p1a: Pecharunt|85/100
|-heal|p2a: Ogerpon|60/100|[from] drain|[of] p1a: Pecharunt
|-damage|p2a: Ogerpon|44/100|[from] item: Rocky Helmet|[of] p1a: Pecharunt
|
|upkeep
|turn|3
|
|t:|1779861684
|move|p2a: Ogerpon|Knock Off|p1a: Pecharunt
|-supereffective|p1a: Pecharunt
|-damage|p1a: Pecharunt|51/100
|-damage|p2a: Ogerpon|27/100|[from] item: Rocky Helmet|[of] p1a: Pecharunt
|-enditem|p1a: Pecharunt|Rocky Helmet|[from] move: Knock Off|[of] p2a: Ogerpon
|move|p1a: Pecharunt|Parting Shot|p2a: Ogerpon
|-unboost|p2a: Ogerpon|atk|1
|-unboost|p2a: Ogerpon|spa|1
|
|t:|1779861691
|switch|p1a: Cinderace|Cinderace, F|100/100|[from] Parting Shot
|
|upkeep
|turn|4
|
|t:|1779861695
|switch|p2a: Landorus|Landorus-Therian, M|100/100
|-ability|p2a: Landorus|Intimidate|boost
|-unboost|p1a: Cinderace|atk|1
|move|p1a: Cinderace|U-turn|p2a: Landorus
|-resisted|p2a: Landorus
|-damage|p2a: Landorus|95/100
|-damage|p1a: Cinderace|84/100|[from] item: Rocky Helmet|[of] p2a: Landorus
|
|t:|1779861707
|switch|p1a: Corviknight|Corviknight, F|100/100|[from] U-turn
|-ability|p1a: Corviknight|Pressure
|
|upkeep
|turn|5
|
|t:|1779861710
|move|p2a: Landorus|Taunt|p1a: Corviknight
|-start|p1a: Corviknight|move: Taunt
|move|p1a: Corviknight|U-turn|p2a: Landorus
|-resisted|p2a: Landorus
|-damage|p2a: Landorus|88/100
|-damage|p1a: Corviknight|84/100|[from] item: Rocky Helmet|[of] p2a: Landorus
|
|t:|1779861719
|switch|p1a: Pecharunt|Pecharunt|51/100|[from] U-turn
|
|upkeep
|turn|6
|
|t:|1779861727
|move|p2a: Landorus|Earth Power|p1a: Pecharunt
|-supereffective|p1a: Pecharunt
|-damage|p1a: Pecharunt|0 fnt
|faint|p1a: Pecharunt
|
|upkeep
|
|t:|1779861732
|switch|p1a: Cinderace|Cinderace, F|84/100
|turn|7
|
|t:|1779861737
|move|p1a: Cinderace|Will-O-Wisp|p2a: Landorus
|-status|p2a: Landorus|brn
|move|p2a: Landorus|Stealth Rock|p1a: Cinderace
|-sidestart|p1: angel engine|move: Stealth Rock
|
|-damage|p2a: Landorus|82/100 brn|[from] brn
|upkeep
|turn|8
|
|t:|1779861740
|move|p1a: Cinderace|Court Change|p1a: Cinderace
|-swapsideconditions
|-activate|p1a: Cinderace|move: Court Change
|move|p2a: Landorus|Earth Power|p1a: Cinderace
|-supereffective|p1a: Cinderace
|-damage|p1a: Cinderace|0 fnt
|faint|p1a: Cinderace
|
|-damage|p2a: Landorus|76/100 brn|[from] brn
|upkeep
|
|t:|1779861744
|switch|p1a: Latios|Latios, M|100/100
|turn|9
|
|t:|1779861748
|move|p1a: Latios|Calm Mind|p1a: Latios
|-boost|p1a: Latios|spa|1
|-boost|p1a: Latios|spd|1
|move|p2a: Landorus|Taunt|p1a: Latios
|-start|p1a: Latios|move: Taunt
|
|-damage|p2a: Landorus|70/100 brn|[from] brn
|upkeep
|turn|10
|
|t:|1779861758
|switch|p2a: Ting-Lu|Ting-Lu|100/100
|-damage|p2a: Ting-Lu|94/100|[from] Stealth Rock
|-ability|p2a: Ting-Lu|Vessel of Ruin
|move|p1a: Latios|Psychic Noise|p2a: Ting-Lu
|-immune|p2a: Ting-Lu
|
|-heal|p2a: Ting-Lu|100/100|[from] item: Leftovers
|upkeep
|turn|11
|
|t:|1779861766
|move|p1a: Latios|Draco Meteor|p2a: Ting-Lu
|-damage|p2a: Ting-Lu|57/100
|-unboost|p1a: Latios|spa|2
|move|p2a: Ting-Lu|Ruination|p1a: Latios
|-damage|p1a: Latios|51/100
|
|-heal|p2a: Ting-Lu|63/100|[from] item: Leftovers
|upkeep
|turn|12
|
|t:|1779861771
|move|p1a: Latios|Draco Meteor|p2a: Ting-Lu
|-damage|p2a: Ting-Lu|43/100
|-unboost|p1a: Latios|spa|2
|move|p2a: Ting-Lu|Whirlwind|p1a: Latios
|drag|p1a: Corviknight|Corviknight, F|84/100
|-ability|p1a: Corviknight|Pressure
|
|-heal|p2a: Ting-Lu|50/100|[from] item: Leftovers
|upkeep
|turn|13
|
|t:|1779861776
|switch|p2a: Landorus|Landorus-Therian, M|70/100 brn
|-damage|p2a: Landorus|58/100 brn|[from] Stealth Rock
|-ability|p2a: Landorus|Intimidate|boost
|-unboost|p1a: Corviknight|atk|1
|move|p1a: Corviknight|U-turn|p2a: Landorus
|-resisted|p2a: Landorus
|-damage|p2a: Landorus|54/100 brn
|-damage|p1a: Corviknight|67/100|[from] item: Rocky Helmet|[of] p2a: Landorus
|
|t:|1779861784
|switch|p1a: Lokix|Lokix, M|100/100|[from] U-turn
|
|-damage|p2a: Landorus|48/100 brn|[from] brn
|upkeep
|turn|14
|
|t:|1779861788
|move|p1a: Lokix|First Impression|p2a: Landorus
|-resisted|p2a: Landorus
|-damage|p2a: Landorus|0 fnt
|-damage|p1a: Lokix|84/100|[from] item: Rocky Helmet|[of] p2a: Landorus
|faint|p2a: Landorus
|
|upkeep
|
|t:|1779861791
|switch|p2a: Kommo-o|Kommo-o, M|100/100
|-damage|p2a: Kommo-o|94/100|[from] Stealth Rock
|turn|15
|
|t:|1779861797
|switch|p1a: Ting-Lu|Ting-Lu|100/100
|-ability|p1a: Ting-Lu|Vessel of Ruin
|move|p2a: Kommo-o|Clangorous Soul|p2a: Kommo-o
|-boost|p2a: Kommo-o|atk|1
|-boost|p2a: Kommo-o|def|1
|-boost|p2a: Kommo-o|spa|1
|-boost|p2a: Kommo-o|spd|1
|-boost|p2a: Kommo-o|spe|1
|-damage|p2a: Kommo-o|61/100
|-enditem|p2a: Kommo-o|Throat Spray
|-boost|p2a: Kommo-o|spa|1|[from] item: Throat Spray
|
|upkeep
|turn|16
|
|t:|1779861802
|move|p2a: Kommo-o|Boomburst|p1a: Ting-Lu
|-crit|p1a: Ting-Lu
|-damage|p1a: Ting-Lu|47/100
|move|p1a: Ting-Lu|Ruination|p2a: Kommo-o
|-damage|p2a: Kommo-o|31/100
|
|-heal|p1a: Ting-Lu|53/100|[from] item: Leftovers
|upkeep
|turn|17
|
|t:|1779861806
|move|p2a: Kommo-o|Boomburst|p1a: Ting-Lu
|-damage|p1a: Ting-Lu|20/100
|move|p1a: Ting-Lu|Earthquake|p2a: Kommo-o
|-damage|p2a: Kommo-o|6/100
|
|-heal|p1a: Ting-Lu|27/100|[from] item: Leftovers
|upkeep
|turn|18
|
|t:|1779861811
|move|p2a: Kommo-o|Boomburst|p1a: Ting-Lu
|-damage|p1a: Ting-Lu|0 fnt
|faint|p1a: Ting-Lu
|
|upkeep
|
|t:|1779861814
|switch|p1a: Lokix|Lokix, M|84/100
|turn|19
|
|t:|1779861816
|move|p1a: Lokix|First Impression|p2a: Kommo-o
|-resisted|p2a: Kommo-o
|-damage|p2a: Kommo-o|0 fnt
|faint|p2a: Kommo-o
|
|upkeep
|
|t:|1779861818
|switch|p2a: Regieleki|Regieleki|100/100
|-damage|p2a: Regieleki|88/100|[from] Stealth Rock
|turn|20
|
|t:|1779861829
|switch|p1a: Corviknight|Corviknight, F|67/100
|-ability|p1a: Corviknight|Pressure
|move|p2a: Regieleki|Electro Ball|p1a: Corviknight
|-supereffective|p1a: Corviknight
|-damage|p1a: Corviknight|0 fnt
|faint|p1a: Corviknight
|
|upkeep
|
|t:|1779861832
|switch|p1a: Latios|Latios, M|51/100
|turn|21
|
|t:|1779861839
|switch|p2a: Ogerpon|Ogerpon-Wellspring, F|27/100
|-damage|p2a: Ogerpon|15/100|[from] Stealth Rock
|move|p1a: Latios|Recover|p1a: Latios
|-heal|p1a: Latios|100/100
|
|upkeep
|turn|22
|
|t:|1779861841
|move|p1a: Latios|Psychic Noise|p2a: Ogerpon
|-damage|p2a: Ogerpon|0 fnt
|faint|p2a: Ogerpon
|
|upkeep
|
|t:|1779861843
|switch|p2a: Gholdengo|Gholdengo|100/100
|-damage|p2a: Gholdengo|94/100|[from] Stealth Rock
|turn|23
|
|t:|1779861848
|switch|p1a: Lokix|Lokix, M|84/100
|move|p2a: Gholdengo|Thunder Wave|p1a: Lokix
|-status|p1a: Lokix|par
|
|upkeep
|turn|24
|
|t:|1779861857
|-terastallize|p2a: Gholdengo|Fairy
|move|p2a: Gholdengo|Recover|p2a: Gholdengo
|-heal|p2a: Gholdengo|100/100
|move|p1a: Lokix|Knock Off|p2a: Gholdengo
|-resisted|p2a: Gholdengo
|-damage|p2a: Gholdengo|48/100
|-damage|p1a: Lokix|67/100 par|[from] item: Rocky Helmet|[of] p2a: Gholdengo
|-enditem|p2a: Gholdengo|Rocky Helmet|[from] move: Knock Off|[of] p1a: Lokix
|
|upkeep
|turn|25
|
|t:|1779861863
|switch|p1a: Latios|Latios, M|100/100
|move|p2a: Gholdengo|Make It Rain|p1a: Latios
|-damage|p1a: Latios|46/100
|-unboost|p2a: Gholdengo|spa|1
|
|upkeep
|turn|26
|
|t:|1779861870
|move|p1a: Latios|Recover|p1a: Latios
|-heal|p1a: Latios|97/100
|move|p2a: Gholdengo|Thunder Wave|p1a: Latios
|-status|p1a: Latios|par
|
|upkeep
|turn|27
|
|t:|1779861873
|move|p2a: Gholdengo|Recover|p2a: Gholdengo
|-heal|p2a: Gholdengo|98/100
|cant|p1a: Latios|par
|
|upkeep
|turn|28
|
|t:|1779861878
|switch|p2a: Ting-Lu|Ting-Lu|50/100
|-damage|p2a: Ting-Lu|43/100|[from] Stealth Rock
|-ability|p2a: Ting-Lu|Vessel of Ruin
|cant|p1a: Latios|par
|
|-heal|p2a: Ting-Lu|50/100|[from] item: Leftovers
|upkeep
|turn|29
|
|t:|1779861882
|move|p1a: Latios|Calm Mind|p1a: Latios
|-boost|p1a: Latios|spa|1
|-boost|p1a: Latios|spd|1
|move|p2a: Ting-Lu|Ruination|p1a: Latios
|-damage|p1a: Latios|49/100 par
|
|-heal|p2a: Ting-Lu|56/100|[from] item: Leftovers
|upkeep
|turn|30
|
|t:|1779861884
|cant|p1a: Latios|par
|move|p2a: Ting-Lu|Whirlwind|p1a: Latios
|drag|p1a: Lokix|Lokix, M|67/100 par
|
|-heal|p2a: Ting-Lu|62/100|[from] item: Leftovers
|upkeep
|turn|31
|
|t:|1779861888
|move|p1a: Lokix|First Impression|p2a: Ting-Lu
|-supereffective|p2a: Ting-Lu
|-damage|p2a: Ting-Lu|0 fnt
|faint|p2a: Ting-Lu
|
|upkeep
|
|t:|1779861889
|switch|p2a: Gholdengo|Gholdengo, tera:Fairy|98/100
|-damage|p2a: Gholdengo|85/100|[from] Stealth Rock
|turn|32
|
|t:|1779861892
|switch|p1a: Latios|Latios, M|49/100 par
|move|p2a: Gholdengo|Hex|p1a: Latios
|-supereffective|p1a: Latios
|-damage|p1a: Latios|0 fnt
|faint|p1a: Latios
|
|upkeep
|
|t:|1779861894
|switch|p1a: Lokix|Lokix, M|67/100 par
|turn|33
|
|t:|1779861897
|-terastallize|p1a: Lokix|Bug
|move|p2a: Gholdengo|Make It Rain|p1a: Lokix
|-damage|p1a: Lokix|0 fnt
|-unboost|p2a: Gholdengo|spa|1
|faint|p1a: Lokix
|
|win|g3thyp
|raw|angel engine's rating: 1477 &rarr; <strong>1457</strong><br />(-20 for losing)
|raw|g3thyp's rating: 1474 &rarr; <strong>1494</strong><br />(+20 for winning)
|l|☆angel engine
|player|p1|
|l|☆g3thyp
|player|p2|
