|j|☆Muy bc kill
|j|☆dwightsrevenge
|t:|1779948826
|gametype|singles
|player|p1|Muy bc kill|lass-gen4dp|1292
|player|p2|dwightsrevenge|2|1251
|gen|9
|tier|[Gen 9] OU
|rated|
|rule|HP Percentage Mod: HP is shown in percentages
|rule|Endless Battle Clause: Forcing endless battles is banned
|rule|Species Clause: Limit one of each Pokémon
|rule|OHKO Clause: OHKO moves are banned
|rule|Evasion Items Clause: Evasion items are banned
|rule|Evasion Moves Clause: Evasion moves are banned
|rule|Evasion Abilities Clause: Evasion abilities are banned
|rule|Sleep Moves Clause: Sleep-inducing moves are banned
|clearpoke
|poke|p1|Ninetales, F|
|poke|p1|Espeon, F|
|poke|p1|Great Tusk|
|poke|p1|Slither Wing|
|poke|p1|Iron Moth|
|poke|p1|Raging Bolt|
|poke|p2|Arcanine, M|
|poke|p2|Lapras, F|
|poke|p2|Scyther, M|
|poke|p2|Hitmonchan, M|
|poke|p2|Clefable, F|
|poke|p2|Dragonite, M|
|teampreview
|inactive|Battle timer is ON: inactive players will automatically lose when time's up. (requested by Muy bc kill)
|
|t:|1779948837
|teamsize|p1|6
|teamsize|p2|6
|start
|switch|p1a: Ninetales|Ninetales, F|100/100
|switch|p2a: Scyther|Scyther, M, shiny|100/100
|-weather|SunnyDay|[from] ability: Drought|[of] p1a: Ninetales
|turn|1
|
|t:|1779948854
|-terastallize|p2a: Scyther|Fire
|move|p2a: Scyther|Swords Dance|p2a: Scyther
|-boost|p2a: Scyther|atk|2
|move|p1a: Ninetales|Will-O-Wisp|p2a: Scyther
|-immune|p2a: Scyther
|
|-weather|SunnyDay|[upkeep]
|upkeep
|turn|2
|
|t:|1779948863
|switch|p1a: Raging Bolt|Raging Bolt|100/100
|-activate|p1a: Raging Bolt|ability: Protosynthesis
|-start|p1a: Raging Bolt|protosynthesisspa
|move|p2a: Scyther|Dual Wingbeat|p1a: Raging Bolt
|-resisted|p1a: Raging Bolt
|-damage|p1a: Raging Bolt|74/100
|-resisted|p1a: Raging Bolt
|-damage|p1a: Raging Bolt|46/100
|-hitcount|p1a: Raging Bolt|2
|
|-weather|SunnyDay|[upkeep]
|upkeep
|turn|3
|
|t:|1779948880
|move|p1a: Raging Bolt|Thunderbolt|p2a: Scyther
|-damage|p2a: Scyther|30/100
|move|p2a: Scyther|Dual Wingbeat|p1a: Raging Bolt
|-resisted|p1a: Raging Bolt
|-damage|p1a: Raging Bolt|18/100
|-resisted|p1a: Raging Bolt
|-damage|p1a: Raging Bolt|0 fnt
|faint|p1a: Raging Bolt
|-end|p1a: Raging Bolt|Protosynthesis|[silent]
|-hitcount|p1: Raging Bolt|2
|
|-weather|SunnyDay|[upkeep]
|upkeep
|
|t:|1779948884
|switch|p1a: Slither Wing|Slither Wing, shiny|100/100
|-activate|p1a: Slither Wing|ability: Protosynthesis
|-start|p1a: Slither Wing|protosynthesisatk
|turn|4
|
|t:|1779948903
|move|p1a: Slither Wing|First Impression|p2a: Scyther
|-resisted|p2a: Scyther
|-damage|p2a: Scyther|0 fnt
|faint|p2a: Scyther
|
|-weather|SunnyDay|[upkeep]
|upkeep
|
|t:|1779948908
|switch|p2a: Arcanine|Arcanine, M|100/100
|-ability|p2a: Arcanine|Intimidate|boost
|-unboost|p1a: Slither Wing|atk|1
|turn|5
|
|t:|1779948914
|-end|p1a: Slither Wing|Protosynthesis|[silent]
|switch|p1a: Iron Moth|Iron Moth, shiny|100/100
|-enditem|p1a: Iron Moth|Booster Energy
|-activate|p1a: Iron Moth|ability: Quark Drive|[fromitem]
|-start|p1a: Iron Moth|quarkdrivespa
|move|p2a: Arcanine|Will-O-Wisp|p1a: Iron Moth
|-immune|p1a: Iron Moth
|
|-weather|SunnyDay|[upkeep]
|upkeep
|turn|6
|
|t:|1779948923
|switch|p2a: Hitmonchan|Hitmonchan, M|100/100
|move|p1a: Iron Moth|Fiery Dance|p2a: Hitmonchan
|-damage|p2a: Hitmonchan|37/100
|
|-weather|SunnyDay|[upkeep]
|upkeep
|turn|7
|
|t:|1779948940
|move|p1a: Iron Moth|Fiery Dance|p2a: Hitmonchan
|-damage|p2a: Hitmonchan|0 fnt
|-boost|p1a: Iron Moth|spa|1
|faint|p2a: Hitmonchan
|
|-weather|SunnyDay|[upkeep]
|upkeep
|
|t:|1779948956
|switch|p2a: Lapras|Lapras, F|100/100
|turn|8
|
|t:|1779948959
|move|p1a: Iron Moth|Sludge Wave|p2a: Lapras
|-damage|p2a: Lapras|18/100
|move|p2a: Lapras|Hydro Pump|p1a: Iron Moth
|-supereffective|p1a: Iron Moth
|-damage|p1a: Iron Moth|21/100
|
|-weather|none
|upkeep
|turn|9
|
|t:|1779948969
|move|p1a: Iron Moth|Fiery Dance|p2a: Lapras
|-crit|p2a: Lapras
|-damage|p2a: Lapras|0 fnt
|faint|p2a: Lapras
|
|upkeep
|
|t:|1779948974
|switch|p2a: Dragonite|Dragonite, M|100/100
|turn|10
|
|t:|1779948984
|move|p2a: Dragonite|Extreme Speed|p1a: Iron Moth
|-damage|p1a: Iron Moth|0 fnt
|faint|p1a: Iron Moth
|-end|p1a: Iron Moth|Quark Drive|[silent]
|
|upkeep
|
|t:|1779948986
|switch|p1a: Ninetales|Ninetales, F|100/100
|-weather|SunnyDay|[from] ability: Drought|[of] p1a: Ninetales
|turn|11
|
|t:|1779948991
|move|p1a: Ninetales|Will-O-Wisp|p2a: Dragonite
|-status|p2a: Dragonite|brn
|move|p2a: Dragonite|Dragon Dance|p2a: Dragonite
|-boost|p2a: Dragonite|atk|1
|-boost|p2a: Dragonite|spe|1
|
|-weather|SunnyDay|[upkeep]
|-damage|p2a: Dragonite|94/100 brn|[from] brn
|upkeep
|turn|12
|
|t:|1779948998
|move|p2a: Dragonite|Dragon Dance|p2a: Dragonite
|-boost|p2a: Dragonite|atk|1
|-boost|p2a: Dragonite|spe|1
|move|p1a: Ninetales|Encore|p2a: Dragonite
|-start|p2a: Dragonite|Encore
|
|-weather|SunnyDay|[upkeep]
|-damage|p2a: Dragonite|88/100 brn|[from] brn
|upkeep
|turn|13
|
|t:|1779949005
|switch|p1a: Great Tusk|Great Tusk|100/100
|-activate|p1a: Great Tusk|ability: Protosynthesis
|-start|p1a: Great Tusk|protosynthesisatk
|move|p2a: Dragonite|Dragon Dance|p2a: Dragonite
|-boost|p2a: Dragonite|atk|1
|-boost|p2a: Dragonite|spe|1
|
|-weather|SunnyDay|[upkeep]
|-damage|p2a: Dragonite|82/100 brn|[from] brn
|upkeep
|turn|14
|
|t:|1779949019
|move|p2a: Dragonite|Dragon Dance|p2a: Dragonite
|-boost|p2a: Dragonite|atk|1
|-boost|p2a: Dragonite|spe|1
|move|p1a: Great Tusk|Ice Spinner|p2a: Dragonite
|-supereffective|p2a: Dragonite
|-damage|p2a: Dragonite|0 fnt
|faint|p2a: Dragonite
|
|-weather|SunnyDay|[upkeep]
|upkeep
|-message|dwightsrevenge forfeited.
|
|win|Muy bc kill
|raw|Muy bc kill's rating: 1292 &rarr; <strong>1314</strong><br />(+22 for winning)
|raw|dwightsrevenge's rating: 1251 &rarr; <strong>1229</strong><br />(-22 for losing)
|l|☆dwightsrevenge
|player|p2|
|l|☆Muy bc kill
|player|p1|
