|j|☆YoSoyDelBronx
|j|☆The Great Swede
|t:|1779906058
|gametype|singles
|player|p1|YoSoyDelBronx|noland|1170
|player|p2|The Great Swede|1|1217
|gen|9
|tier|[Gen 9] OU
|rated|
|rule|HP Percentage Mod: HP is shown in percentages
|rule|Endless Battle Clause: Forcing endless battles is banned
|rule|Species Clause: Limit one of each Pokémon
|rule|OHKO Clause: OHKO moves are banned
|rule|Evasion Items Clause: Evasion items are banned
|rule|Evasion Moves Clause: Evasion moves are banned
|rule|Evasion Abilities Clause: Evasion abilities are banned
|rule|Sleep Moves Clause: Sleep-inducing moves are banned
|clearpoke
|poke|p1|Blaziken, M|
|poke|p1|Ninetales, F|
|poke|p1|Venusaur, M|
|poke|p1|Hatterene, F|
|poke|p1|Great Tusk|
|poke|p1|Walking Wake|
|poke|p2|Chansey, F|
|poke|p2|Toxapex, M|
|poke|p2|Azumarill, F|
|poke|p2|Hawlucha, F|
|poke|p2|Landorus-Therian, M|
|poke|p2|Regieleki|
|teampreview
|inactive|Battle timer is ON: inactive players will automatically lose when time's up. (requested by The Great Swede)
|
|t:|1779906070
|teamsize|p1|6
|teamsize|p2|6
|start
|switch|p1a: Blaziken|Blaziken, M|100/100
|switch|p2a: Chansey|Chansey, F|100/100
|turn|1
|
|t:|1779906076
|switch|p2a: Landorus|Landorus-Therian, M|100/100
|-ability|p2a: Landorus|Intimidate|boost
|-unboost|p1a: Blaziken|atk|1
|move|p1a: Blaziken|Focus Energy|p1a: Blaziken
|-start|p1a: Blaziken|move: Focus Energy
|
|-ability|p1a: Blaziken|Speed Boost|boost
|-boost|p1a: Blaziken|spe|1
|upkeep
|turn|2
|
|t:|1779906085
|-terastallize|p1a: Blaziken|Fire
|move|p1a: Blaziken|Overheat|p2a: Landorus
|-crit|p2a: Landorus
|-damage|p2a: Landorus|0 fnt
|-unboost|p1a: Blaziken|spa|2
|faint|p2a: Landorus
|
|-ability|p1a: Blaziken|Speed Boost|boost
|-boost|p1a: Blaziken|spe|1
|upkeep
|
|t:|1779906106
|switch|p2a: Azumarill|Azumarill, F|100/100
|turn|3
|
|t:|1779906115
|move|p1a: Blaziken|Overheat|p2a: Azumarill
|-resisted|p2a: Azumarill
|-crit|p2a: Azumarill
|-damage|p2a: Azumarill|19/100
|-unboost|p1a: Blaziken|spa|2
|-enditem|p2a: Azumarill|Sitrus Berry|[eat]
|-heal|p2a: Azumarill|44/100|[from] item: Sitrus Berry
|move|p2a: Azumarill|Belly Drum||[still]
|-fail|p2a: Azumarill
|
|-ability|p1a: Blaziken|Speed Boost|boost
|-boost|p1a: Blaziken|spe|1
|upkeep
|turn|4
|
|t:|1779906126
|move|p1a: Blaziken|Upper Hand|p2a: Azumarill
|-resisted|p2a: Azumarill
|-crit|p2a: Azumarill
|-damage|p2a: Azumarill|21/100
|cant|p2a: Azumarill|flinch
|
|-ability|p1a: Blaziken|Speed Boost|boost
|-boost|p1a: Blaziken|spe|1
|upkeep
|turn|5
|
|t:|1779906132
|move|p2a: Azumarill|Aqua Jet|p1a: Blaziken
|-supereffective|p1a: Blaziken
|-damage|p1a: Blaziken|8/100
|move|p1a: Blaziken|Close Combat|p2a: Azumarill
|-resisted|p2a: Azumarill
|-crit|p2a: Azumarill
|-damage|p2a: Azumarill|0 fnt
|-unboost|p1a: Blaziken|def|1
|-unboost|p1a: Blaziken|spd|1
|faint|p2a: Azumarill
|
|-ability|p1a: Blaziken|Speed Boost|boost
|-boost|p1a: Blaziken|spe|1
|upkeep
|
|t:|1779906153
|switch|p2a: Hawlucha|Hawlucha, F|100/100
|turn|6
|inactive|YoSoyDelBronx has 120 seconds left.
|
|t:|1779906196
|move|p1a: Blaziken|Overheat|p2a: Hawlucha
|-crit|p2a: Hawlucha
|-damage|p2a: Hawlucha|0 fnt
|-unboost|p1a: Blaziken|spa|2
|faint|p2a: Hawlucha
|
|-ability|p1a: Blaziken|Speed Boost|boost
|-boost|p1a: Blaziken|spe|1
|upkeep
|
|t:|1779906204
|switch|p2a: Regieleki|Regieleki|100/100
|turn|7
|inactive|YoSoyDelBronx has 120 seconds left.
|
|t:|1779906213
|move|p2a: Regieleki|Extreme Speed|p1a: Blaziken
|-damage|p1a: Blaziken|0 fnt
|faint|p1a: Blaziken
|
|upkeep
|inactive|YoSoyDelBronx has 120 seconds left.
|
|t:|1779906218
|switch|p1a: Ninetales|Ninetales, F|100/100
|-weather|SunnyDay|[from] ability: Drought|[of] p1a: Ninetales
|turn|8
|
|t:|1779906223
|switch|p2a: Toxapex|Toxapex, M|100/100
|move|p1a: Ninetales|Memento|p2a: Toxapex
|-unboost|p2a: Toxapex|atk|2
|-unboost|p2a: Toxapex|spa|2
|faint|p1a: Ninetales
|
|-weather|SunnyDay|[upkeep]
|upkeep
|inactive|YoSoyDelBronx has 120 seconds left.
|
|t:|1779906236
|switch|p1a: Great Tusk|Great Tusk|100/100
|-activate|p1a: Great Tusk|ability: Protosynthesis
|-start|p1a: Great Tusk|protosynthesisatk
|turn|9
|
|t:|1779906241
|move|p1a: Great Tusk|Headlong Rush|p2a: Toxapex
|-supereffective|p2a: Toxapex
|-damage|p2a: Toxapex|0 fnt
|-unboost|p1a: Great Tusk|def|1
|-unboost|p1a: Great Tusk|spd|1
|-damage|p1a: Great Tusk|84/100|[from] item: Rocky Helmet|[of] p2a: Toxapex
|faint|p2a: Toxapex
|
|-weather|SunnyDay|[upkeep]
|upkeep
|-message|The Great Swede forfeited.
|
|win|YoSoyDelBronx
|raw|YoSoyDelBronx's rating: 1170 &rarr; <strong>1198</strong><br />(+28 for winning)
|raw|The Great Swede's rating: 1217 &rarr; <strong>1189</strong><br />(-28 for losing)
|l|☆The Great Swede
|player|p2|
