|j|☆pepinoloko
|j|☆dfih
|t:|1779971591
|gametype|singles
|player|p1|pepinoloko|byron|1475
|player|p2|dfih|cynthia-masters4|1430
|gen|9
|tier|[Gen 9] OU
|rated|
|rule|HP Percentage Mod: HP is shown in percentages
|rule|Endless Battle Clause: Forcing endless battles is banned
|rule|Species Clause: Limit one of each Pokémon
|rule|OHKO Clause: OHKO moves are banned
|rule|Evasion Items Clause: Evasion items are banned
|rule|Evasion Moves Clause: Evasion moves are banned
|rule|Evasion Abilities Clause: Evasion abilities are banned
|rule|Sleep Moves Clause: Sleep-inducing moves are banned
|clearpoke
|poke|p1|Salazzle, F|
|poke|p1|Zoroark-Hisui, F|
|poke|p1|Cinderace, M|
|poke|p1|Toxapex, M|
|poke|p1|Chesnaught, F|
|poke|p1|Grimmsnarl, M|
|poke|p2|Slither Wing|
|poke|p2|Ninetales, F|
|poke|p2|Walking Wake|
|poke|p2|Iron Moth|
|poke|p2|Hatterene, F|
|poke|p2|Blaziken, F|
|teampreview
|inactive|Battle timer is ON: inactive players will automatically lose when time's up. (requested by pepinoloko)
|
|t:|1779971617
|teamsize|p1|6
|teamsize|p2|6
|start
|switch|p1a: Forgive|Salazzle, F|100/100
|switch|p2a: Tamamo|Ninetales, F, shiny|100/100
|-weather|SunnyDay|[from] ability: Drought|[of] p2a: Tamamo
|turn|1
|inactive|pepinoloko has 120 seconds left.
|inactive|dfih has 120 seconds left.
|inactive|dfih has 90 seconds left.
|
|t:|1779971683
|switch|p2a: Tonelico|Hatterene, F, shiny|100/100
|move|p1a: Forgive|Substitute|p1a: Forgive
|-start|p1a: Forgive|Substitute
|-damage|p1a: Forgive|76/100
|
|-weather|SunnyDay|[upkeep]
|-heal|p1a: Forgive|82/100|[from] item: Leftovers
|upkeep
|turn|2
|
|t:|1779971687
|move|p1a: Forgive|Flamethrower|p2a: Tonelico
|-damage|p2a: Tonelico|48/100
|-enditem|p2a: Tonelico|Eject Button
|inactive|dfih has 90 seconds left.
|
|t:|1779971703
|switch|p2a: Infernape's Son|Blaziken, F, shiny|100/100
|
|-weather|SunnyDay|[upkeep]
|-heal|p1a: Forgive|88/100|[from] item: Leftovers
|upkeep
|turn|3
|
|t:|1779971709
|move|p1a: Forgive|Toxic|p2a: Infernape's Son
|-status|p2a: Infernape's Son|tox
|move|p2a: Infernape's Son|Flare Blitz|p1a: Forgive
|-resisted|p1a: Forgive
|-end|p1a: Forgive|Substitute
|-damage|p2a: Infernape's Son|91/100 tox|[from] Recoil|[of] p1a: Forgive
|-damage|p2a: Infernape's Son|81/100 tox|[from] item: Life Orb
|
|-weather|SunnyDay|[upkeep]
|-heal|p1a: Forgive|94/100|[from] item: Leftovers
|-damage|p2a: Infernape's Son|75/100 tox|[from] psn
|-ability|p2a: Infernape's Son|Speed Boost|boost
|-boost|p2a: Infernape's Son|spe|1
|upkeep
|turn|4
|
|t:|1779971715
|move|p2a: Infernape's Son|Flare Blitz|p1a: Forgive
|-resisted|p1a: Forgive
|-damage|p1a: Forgive|0 fnt
|faint|p1a: Forgive
|-damage|p2a: Infernape's Son|40/100 tox|[from] Recoil
|-damage|p2a: Infernape's Son|30/100 tox|[from] item: Life Orb
|
|-weather|SunnyDay|[upkeep]
|-damage|p2a: Infernape's Son|18/100 tox|[from] psn
|-ability|p2a: Infernape's Son|Speed Boost|boost
|-boost|p2a: Infernape's Son|spe|1
|upkeep
|
|t:|1779971720
|switch|p1a: I U-turn on U|Cinderace, M|100/100
|turn|5
|
|t:|1779971729
|switch|p2a: Tonelico|Hatterene, F, shiny|48/100
|move|p1a: I U-turn on U|Sucker Punch||[still]
|-fail|p1a: I U-turn on U
|
|-weather|SunnyDay|[upkeep]
|upkeep
|turn|6
|inactive|dfih has 120 seconds left.
|
|t:|1779971738
|move|p1a: I U-turn on U|Pyro Ball|p2a: Tonelico
|-damage|p2a: Tonelico|0 fnt
|faint|p2a: Tonelico
|
|-weather|SunnyDay|[upkeep]
|upkeep
|inactive|dfih has 120 seconds left.
|
|t:|1779971763
|switch|p2a: Beru|Slither Wing, shiny|100/100
|-activate|p2a: Beru|ability: Protosynthesis
|-start|p2a: Beru|protosynthesisatk
|turn|7
|
|t:|1779971770
|-terastallize|p2a: Beru|Bug
|move|p2a: Beru|First Impression|p1a: I U-turn on U
|-resisted|p1a: I U-turn on U
|-damage|p1a: I U-turn on U|0 fnt
|faint|p1a: I U-turn on U
|
|-weather|SunnyDay|[upkeep]
|upkeep
|
|t:|1779971776
|switch|p1a: Chesnaught|Chesnaught, F|100/100
|turn|8
|
|t:|1779971780
|-end|p2a: Beru|Protosynthesis|[silent]
|switch|p2a: Infernape's Son|Blaziken, F, shiny|18/100 tox
|move|p1a: Chesnaught|Leech Seed|p2a: Infernape's Son
|-start|p2a: Infernape's Son|move: Leech Seed
|
|-weather|none
|-damage|p2a: Infernape's Son|6/100 tox|[from] Leech Seed|[of] p1a: Chesnaught
|-damage|p2a: Infernape's Son|0 fnt|[from] psn
|faint|p2a: Infernape's Son
|upkeep
|
|t:|1779971783
|switch|p2a: Tamamo|Ninetales, F, shiny|100/100
|-weather|SunnyDay|[from] ability: Drought|[of] p2a: Tamamo
|turn|9
|
|t:|1779971792
|switch|p1a: Sin poisons|Toxapex, M, shiny|100/100
|move|p2a: Tamamo|Healing Wish|p2a: Tamamo
|faint|p2a: Tamamo
|
|-weather|SunnyDay|[upkeep]
|upkeep
|inactive|dfih has 120 seconds left.
|
|t:|1779971813
|switch|p2a: Granberia|Walking Wake|100/100
|-activate|p2a: Granberia|ability: Protosynthesis
|-start|p2a: Granberia|protosynthesisspe
|turn|10
|
|t:|1779971818
|move|p2a: Granberia|Draco Meteor|p1a: Sin poisons|[miss]
|-miss|p2a: Granberia|p1a: Sin poisons
|move|p1a: Sin poisons|Toxic|p2a: Granberia
|-status|p2a: Granberia|tox
|
|-weather|SunnyDay|[upkeep]
|-damage|p2a: Granberia|94/100 tox|[from] psn
|upkeep
|turn|11
|
|t:|1779971823
|-end|p2a: Granberia|Protosynthesis|[silent]
|switch|p2a: MOTH|Iron Moth|100/100
|-enditem|p2a: MOTH|Booster Energy
|-activate|p2a: MOTH|ability: Quark Drive|[fromitem]
|-start|p2a: MOTH|quarkdrivespe
|move|p1a: Sin poisons|Infestation|p2a: MOTH
|-resisted|p2a: MOTH
|-damage|p2a: MOTH|99/100
|-activate|p2a: MOTH|move: Infestation|[of] p1a: Sin poisons
|
|-weather|SunnyDay|[upkeep]
|-damage|p2a: MOTH|88/100|[from] move: Infestation|[partiallytrapped]
|upkeep
|turn|12
|
|t:|1779971827
|move|p1a: Sin poisons|Baneful Bunker|p1a: Sin poisons
|-singleturn|p1a: Sin poisons|move: Protect
|move|p2a: MOTH|Psychic|p1a: Sin poisons
|-activate|p1a: Sin poisons|move: Protect
|
|-weather|SunnyDay|[upkeep]
|-damage|p2a: MOTH|75/100|[from] move: Infestation|[partiallytrapped]
|upkeep
|turn|13
|
|t:|1779971833
|move|p2a: MOTH|Psychic|p1a: Sin poisons
|-supereffective|p1a: Sin poisons
|-damage|p1a: Sin poisons|60/100
|move|p1a: Sin poisons|Infestation|p2a: MOTH
|-resisted|p2a: MOTH
|-damage|p2a: MOTH|75/100
|
|-weather|SunnyDay|[upkeep]
|-heal|p1a: Sin poisons|66/100|[from] item: Leftovers
|-damage|p2a: MOTH|62/100|[from] move: Infestation|[partiallytrapped]
|upkeep
|turn|14
|
|t:|1779971837
|move|p1a: Sin poisons|Baneful Bunker|p1a: Sin poisons
|-singleturn|p1a: Sin poisons|move: Protect
|move|p2a: MOTH|Psychic|p1a: Sin poisons
|-activate|p1a: Sin poisons|move: Protect
|
|-weather|SunnyDay|[upkeep]
|-heal|p1a: Sin poisons|72/100|[from] item: Leftovers
|-damage|p2a: MOTH|50/100|[from] move: Infestation|[partiallytrapped]
|upkeep
|turn|15
|
|t:|1779971840
|move|p2a: MOTH|Psychic|p1a: Sin poisons
|-supereffective|p1a: Sin poisons
|-damage|p1a: Sin poisons|32/100
|move|p1a: Sin poisons|Recover|p1a: Sin poisons
|-heal|p1a: Sin poisons|82/100
|
|-weather|SunnyDay|[upkeep]
|-heal|p1a: Sin poisons|88/100|[from] item: Leftovers
|-damage|p2a: MOTH|38/100|[from] move: Infestation|[partiallytrapped]
|upkeep
|turn|16
|
|t:|1779971850
|move|p1a: Sin poisons|Baneful Bunker|p1a: Sin poisons
|-singleturn|p1a: Sin poisons|move: Protect
|move|p2a: MOTH|Psychic|p1a: Sin poisons
|-activate|p1a: Sin poisons|move: Protect
|
|-weather|none
|-heal|p1a: Sin poisons|95/100|[from] item: Leftovers
|-end|p2a: MOTH|Infestation|[partiallytrapped]
|upkeep
|turn|17
|
|t:|1779971856
|move|p2a: MOTH|Psychic|p1a: Sin poisons
|-supereffective|p1a: Sin poisons
|-damage|p1a: Sin poisons|54/100
|move|p1a: Sin poisons|Infestation|p2a: MOTH
|-resisted|p2a: MOTH
|-damage|p2a: MOTH|37/100
|-activate|p2a: MOTH|move: Infestation|[of] p1a: Sin poisons
|
|-heal|p1a: Sin poisons|60/100|[from] item: Leftovers
|-damage|p2a: MOTH|25/100|[from] move: Infestation|[partiallytrapped]
|upkeep
|turn|18
|
|t:|1779971860
|move|p1a: Sin poisons|Baneful Bunker|p1a: Sin poisons
|-singleturn|p1a: Sin poisons|move: Protect
|move|p2a: MOTH|Psychic|p1a: Sin poisons
|-activate|p1a: Sin poisons|move: Protect
|
|-heal|p1a: Sin poisons|66/100|[from] item: Leftovers
|-damage|p2a: MOTH|12/100|[from] move: Infestation|[partiallytrapped]
|upkeep
|turn|19
|
|t:|1779971862
|move|p2a: MOTH|Psychic|p1a: Sin poisons
|-supereffective|p1a: Sin poisons
|-crit|p1a: Sin poisons
|-damage|p1a: Sin poisons|6/100
|-unboost|p1a: Sin poisons|spd|1
|move|p1a: Sin poisons|Recover|p1a: Sin poisons
|-heal|p1a: Sin poisons|56/100
|
|-heal|p1a: Sin poisons|63/100|[from] item: Leftovers
|-damage|p2a: MOTH|0 fnt|[from] move: Infestation|[partiallytrapped]
|faint|p2a: MOTH
|-end|p2a: MOTH|Quark Drive|[silent]
|upkeep
|
|t:|1779971868
|switch|p2a: Beru|Slither Wing, shiny, tera:Bug|100/100
|turn|20
|
|t:|1779971874
|switch|p1a: Chesnaught|Chesnaught, F|100/100
|move|p2a: Beru|Earthquake|p1a: Chesnaught
|-resisted|p1a: Chesnaught
|-damage|p1a: Chesnaught|83/100
|
|upkeep
|turn|21
|
|t:|1779971876
|-end|p2a: Beru|Protosynthesis|[silent]
|switch|p2a: Granberia|Walking Wake|94/100 tox
|-heal|p2a: Granberia|100/100|[from] move: Healing Wish
|move|p1a: Chesnaught|Leech Seed|p2a: Granberia
|-start|p2a: Granberia|move: Leech Seed
|
|-damage|p2a: Granberia|88/100|[from] Leech Seed|[of] p1a: Chesnaught
|-heal|p1a: Chesnaught|94/100|[silent]
|upkeep
|turn|22
|
|t:|1779971883
|move|p1a: Chesnaught|Spiky Shield|p1a: Chesnaught
|-singleturn|p1a: Chesnaught|move: Protect
|move|p2a: Granberia|Flip Turn|p1a: Chesnaught
|-activate|p1a: Chesnaught|move: Protect
|-damage|p2a: Granberia|76/100|[from] Spiky Shield|[of] p1a: Chesnaught
|
|-damage|p2a: Granberia|64/100|[from] Leech Seed|[of] p1a: Chesnaught
|-heal|p1a: Chesnaught|100/100|[silent]
|upkeep
|turn|23
|
|t:|1779971888
|switch|p1a: Sin poisons|Toxapex, M, shiny|96/100
|move|p2a: Granberia|Flip Turn|p1a: Sin poisons
|-resisted|p1a: Sin poisons
|-damage|p1a: Sin poisons|90/100
|
|t:|1779971891
|-end|p2a: Granberia|Protosynthesis|[silent]
|switch|p2a: Beru|Slither Wing, shiny, tera:Bug|100/100|[from] Flip Turn
|
|-heal|p1a: Sin poisons|96/100|[from] item: Leftovers
|upkeep
|turn|24
|
|t:|1779971896
|move|p2a: Beru|U-turn|p1a: Sin poisons
|-resisted|p1a: Sin poisons
|-damage|p1a: Sin poisons|69/100
|
|t:|1779971899
|-end|p2a: Beru|Protosynthesis|[silent]
|switch|p2a: Granberia|Walking Wake|64/100|[from] U-turn
|move|p1a: Sin poisons|Toxic|p2a: Granberia
|-status|p2a: Granberia|tox
|
|-heal|p1a: Sin poisons|75/100|[from] item: Leftovers
|-damage|p2a: Granberia|58/100 tox|[from] psn
|upkeep
|turn|25
|
|t:|1779971903
|move|p1a: Sin poisons|Baneful Bunker|p1a: Sin poisons
|-singleturn|p1a: Sin poisons|move: Protect
|move|p2a: Granberia|Flip Turn|p1a: Sin poisons
|-activate|p1a: Sin poisons|move: Protect
|
|-heal|p1a: Sin poisons|81/100|[from] item: Leftovers
|-damage|p2a: Granberia|45/100 tox|[from] psn
|upkeep
|turn|26
|
|t:|1779971906
|move|p2a: Granberia|Flip Turn|p1a: Sin poisons
|-resisted|p1a: Sin poisons
|-damage|p1a: Sin poisons|75/100
|
|t:|1779971909
|-end|p2a: Granberia|Protosynthesis|[silent]
|switch|p2a: Beru|Slither Wing, shiny, tera:Bug|100/100|[from] Flip Turn
|move|p1a: Sin poisons|Infestation|p2a: Beru
|-damage|p2a: Beru|98/100
|-activate|p2a: Beru|move: Infestation|[of] p1a: Sin poisons
|
|-heal|p1a: Sin poisons|82/100|[from] item: Leftovers
|-damage|p2a: Beru|85/100|[from] move: Infestation|[partiallytrapped]
|upkeep
|turn|27
|
|t:|1779971913
|move|p1a: Sin poisons|Baneful Bunker|p1a: Sin poisons
|-singleturn|p1a: Sin poisons|move: Protect
|move|p2a: Beru|First Impression|p1a: Sin poisons
|-activate|p1a: Sin poisons|move: Protect
|-status|p2a: Beru|psn
|
|-heal|p1a: Sin poisons|88/100|[from] item: Leftovers
|-damage|p2a: Beru|73/100 psn|[from] psn
|-damage|p2a: Beru|61/100 psn|[from] move: Infestation|[partiallytrapped]
|upkeep
|turn|28
|-message|dfih forfeited.
|
|win|pepinoloko
|raw|pepinoloko's rating: 1475 &rarr; <strong>1492</strong><br />(+17 for winning)
|raw|dfih's rating: 1430 &rarr; <strong>1413</strong><br />(-17 for losing)
|l|☆dfih
|player|p2|
|l|☆pepinoloko
|player|p1|
