|j|‽Lano Del Rey2
|j|☆Fear covraa
|t:|1779944042
|gametype|singles
|player|p1|Lano Del Rey2|swimmer-gen4dp|1400
|player|p2|Fear covraa|waiter-gen4|1486
|gen|9
|tier|[Gen 9] OU
|rated|
|rule|HP Percentage Mod: HP is shown in percentages
|rule|Endless Battle Clause: Forcing endless battles is banned
|rule|Species Clause: Limit one of each Pokémon
|rule|OHKO Clause: OHKO moves are banned
|rule|Evasion Items Clause: Evasion items are banned
|rule|Evasion Moves Clause: Evasion moves are banned
|rule|Evasion Abilities Clause: Evasion abilities are banned
|rule|Sleep Moves Clause: Sleep-inducing moves are banned
|clearpoke
|poke|p1|Clefable, F|
|poke|p1|Araquanid, M|
|poke|p1|Glimmora, F|
|poke|p1|Dragonite, M|
|poke|p1|Skarmory, M|
|poke|p1|Sinistcha-Masterpiece|
|poke|p2|Iron Boulder|
|poke|p2|Thundurus, M|
|poke|p2|Polteageist-Antique|
|poke|p2|Glimmora, F|
|poke|p2|Darkrai|
|poke|p2|Zamazenta-*|
|teampreview
|inactive|Battle timer is ON: inactive players will automatically lose when time's up. (requested by Fear covraa)
|inactive|Lano Del Rey2 also wants the timer to be on.
|c|☆Fear covraa|Gl
|
|t:|1779944052
|teamsize|p1|6
|teamsize|p2|6
|start
|switch|p1a: Araquanid|Araquanid, M|100/100
|switch|p2a: Glimmora|Glimmora, F|100/100
|turn|1
|
|t:|1779944060
|switch|p1a: Skarmory|Skarmory, M|100/100
|move|p2a: Glimmora|Stealth Rock|p1a: Skarmory
|-sidestart|p1: Lano Del Rey2|move: Stealth Rock
|
|upkeep
|turn|2
|
|t:|1779944067
|move|p2a: Glimmora|Memento|p1a: Skarmory
|-unboost|p1a: Skarmory|atk|2
|-unboost|p1a: Skarmory|spa|2
|faint|p2a: Glimmora
|move|p1a: Skarmory|Stealth Rock|p2: Glimmora
|-sidestart|p2: Fear covraa|move: Stealth Rock
|
|upkeep
|
|t:|1779944072
|switch|p2a: Tea|Polteageist-Antique|100/100
|-damage|p2a: Tea|88/100|[from] Stealth Rock
|turn|3
|
|t:|1779944078
|move|p2a: Tea|Shell Smash|p2a: Tea
|-unboost|p2a: Tea|def|1
|-unboost|p2a: Tea|spd|1
|-boost|p2a: Tea|atk|2
|-boost|p2a: Tea|spa|2
|-boost|p2a: Tea|spe|2
|move|p1a: Skarmory|Whirlwind|p2a: Tea
|drag|p2a: Iron Boulder|Iron Boulder|100/100
|-damage|p2a: Iron Boulder|88/100|[from] Stealth Rock
|-enditem|p2a: Iron Boulder|Booster Energy
|-activate|p2a: Iron Boulder|ability: Quark Drive|[fromitem]
|-start|p2a: Iron Boulder|quarkdrivespe
|
|upkeep
|turn|4
|
|t:|1779944092
|move|p2a: Iron Boulder|Mighty Cleave|p1a: Skarmory
|-damage|p1a: Skarmory|73/100
|-damage|p2a: Iron Boulder|72/100|[from] item: Rocky Helmet|[of] p1a: Skarmory
|move|p1a: Skarmory|Body Press|p2a: Iron Boulder
|-damage|p2a: Iron Boulder|36/100
|
|upkeep
|turn|5
|
|t:|1779944100
|move|p2a: Iron Boulder|Mighty Cleave|p1a: Skarmory
|-damage|p1a: Skarmory|46/100
|-damage|p2a: Iron Boulder|19/100|[from] item: Rocky Helmet|[of] p1a: Skarmory
|move|p1a: Skarmory|Roost|p1a: Skarmory
|-heal|p1a: Skarmory|96/100
|-singleturn|p1a: Skarmory|move: Roost
|
|upkeep
|turn|6
|
|t:|1779944110
|move|p2a: Iron Boulder|Swords Dance|p2a: Iron Boulder
|-boost|p2a: Iron Boulder|atk|2
|move|p1a: Skarmory|Body Press|p2a: Iron Boulder
|-damage|p2a: Iron Boulder|0 fnt
|faint|p2a: Iron Boulder
|-end|p2a: Iron Boulder|Quark Drive|[silent]
|
|upkeep
|
|t:|1779944116
|switch|p2a: Thundurus|Thundurus, M|100/100
|-damage|p2a: Thundurus|76/100|[from] Stealth Rock
|turn|7
|
|t:|1779944132
|switch|p1a: Dragonite|Dragonite, M|100/100
|move|p2a: Thundurus|Swagger|p1a: Dragonite
|-boost|p1a: Dragonite|atk|2
|-start|p1a: Dragonite|confusion
|-enditem|p2a: Thundurus|Mirror Herb
|-boost|p2a: Thundurus|atk|2|[from] item: Mirror Herb
|
|upkeep
|turn|8
|
|t:|1779944143
|move|p2a: Thundurus|Supercell Slam|p1a: Dragonite
|-damage|p1a: Dragonite|52/100
|-activate|p1a: Dragonite|confusion
|move|p1a: Dragonite|Ice Punch|p2a: Thundurus
|-supereffective|p2a: Thundurus
|-damage|p2a: Thundurus|0 fnt
|faint|p2a: Thundurus
|
|upkeep
|
|t:|1779944147
|switch|p2a: Zamazenta|Zamazenta|100/100
|-damage|p2a: Zamazenta|94/100|[from] Stealth Rock
|-ability|p2a: Zamazenta|Dauntless Shield|boost
|-boost|p2a: Zamazenta|def|1
|turn|9
|
|t:|1779944161
|switch|p1a: Glimmora|Glimmora, F, shiny|100/100
|-damage|p1a: Glimmora|88/100|[from] Stealth Rock
|move|p2a: Zamazenta|Iron Defense|p2a: Zamazenta
|-boost|p2a: Zamazenta|def|2
|
|-heal|p2a: Zamazenta|100/100|[from] item: Leftovers
|-heal|p1a: Glimmora|94/100|[from] item: Leftovers
|upkeep
|turn|10
|
|t:|1779944171
|move|p2a: Zamazenta|Body Press|p1a: Glimmora
|-damage|p1a: Glimmora|0 fnt
|-activate|p1a: Glimmora|ability: Toxic Debris
|-sidestart|p2: Fear covraa|move: Toxic Spikes
|faint|p1a: Glimmora
|
|upkeep
|
|t:|1779944180
|switch|p1a: Sinistcha|Sinistcha-Masterpiece, shiny|100/100
|-damage|p1a: Sinistcha|88/100|[from] Stealth Rock
|turn|11
|
|t:|1779944188
|move|p2a: Zamazenta|Crunch|p1a: Sinistcha
|-supereffective|p1a: Sinistcha
|-damage|p1a: Sinistcha|56/100
|-unboost|p1a: Sinistcha|def|1
|move|p1a: Sinistcha|Strength Sap|p2a: Zamazenta
|-unboost|p2a: Zamazenta|atk|1
|-heal|p1a: Sinistcha|100/100
|
|-damage|p1a: Sinistcha|88/100|[from] item: Black Sludge
|upkeep
|turn|12
|
|t:|1779944199
|-terastallize|p1a: Sinistcha|Poison
|move|p2a: Zamazenta|Crunch|p1a: Sinistcha
|-damage|p1a: Sinistcha|72/100
|move|p1a: Sinistcha|Giga Drain|p2a: Zamazenta
|-damage|p2a: Zamazenta|72/100
|-heal|p1a: Sinistcha|85/100|[from] drain|[of] p2a: Zamazenta
|
|-heal|p2a: Zamazenta|78/100|[from] item: Leftovers
|-heal|p1a: Sinistcha|92/100|[from] item: Black Sludge
|upkeep
|turn|13
|
|t:|1779944209
|move|p2a: Zamazenta|Iron Defense|p2a: Zamazenta
|-boost|p2a: Zamazenta|def|2
|move|p1a: Sinistcha|Strength Sap|p2a: Zamazenta
|-unboost|p2a: Zamazenta|atk|1
|-heal|p1a: Sinistcha|100/100
|
|-heal|p2a: Zamazenta|84/100|[from] item: Leftovers
|upkeep
|turn|14
|
|t:|1779944218
|move|p2a: Zamazenta|Body Press|p1a: Sinistcha
|-resisted|p1a: Sinistcha
|-damage|p1a: Sinistcha|35/100
|move|p1a: Sinistcha|Giga Drain|p2a: Zamazenta
|-damage|p2a: Zamazenta|58/100
|-heal|p1a: Sinistcha|47/100|[from] drain|[of] p2a: Zamazenta
|
|-heal|p2a: Zamazenta|64/100|[from] item: Leftovers
|-heal|p1a: Sinistcha|53/100|[from] item: Black Sludge
|upkeep
|turn|15
|
|t:|1779944229
|move|p2a: Zamazenta|Body Press|p1a: Sinistcha
|-resisted|p1a: Sinistcha
|-damage|p1a: Sinistcha|0 fnt
|faint|p1a: Sinistcha
|
|-heal|p2a: Zamazenta|71/100|[from] item: Leftovers
|upkeep
|
|t:|1779944247
|switch|p1a: Skarmory|Skarmory, M|96/100
|-damage|p1a: Skarmory|84/100|[from] Stealth Rock
|turn|16
|
|t:|1779944251
|move|p2a: Zamazenta|Body Press|p1a: Skarmory
|-damage|p1a: Skarmory|0 fnt
|-damage|p2a: Zamazenta|54/100|[from] item: Rocky Helmet|[of] p1a: Skarmory
|faint|p1a: Skarmory
|
|-heal|p2a: Zamazenta|60/100|[from] item: Leftovers
|upkeep
|
|t:|1779944259
|switch|p1a: Araquanid|Araquanid, M|100/100
|-damage|p1a: Araquanid|75/100|[from] Stealth Rock
|turn|17
|
|t:|1779944266
|move|p2a: Zamazenta|Body Press|p1a: Araquanid
|-resisted|p1a: Araquanid
|-damage|p1a: Araquanid|10/100
|move|p1a: Araquanid|Liquidation|p2a: Zamazenta
|-damage|p2a: Zamazenta|50/100
|
|-heal|p2a: Zamazenta|56/100|[from] item: Leftovers
|-heal|p1a: Araquanid|16/100|[from] item: Leftovers
|upkeep
|turn|18
|
|t:|1779944274
|move|p2a: Zamazenta|Body Press|p1a: Araquanid
|-resisted|p1a: Araquanid
|-damage|p1a: Araquanid|0 fnt
|faint|p1a: Araquanid
|
|-heal|p2a: Zamazenta|62/100|[from] item: Leftovers
|upkeep
|-message|Lano Del Rey2 forfeited.
|
|win|Fear covraa
|raw|Lano Del Rey2's rating: 1400 &rarr; <strong>1385</strong><br />(-15 for losing)
|raw|Fear covraa's rating: 1486 &rarr; <strong>1501</strong><br />(+15 for winning)
|l|‽Lano Del Rey2
|player|p1|
|l|☆Fear covraa
|player|p2|
