|j|☆Dom225
|j|☆Jol Bol
|t:|1779883786
|gametype|singles
|player|p1|Dom225|170|1257
|player|p2|Jol Bol|2|1240
|gen|9
|tier|[Gen 9] OU
|rated|
|rule|HP Percentage Mod: HP is shown in percentages
|rule|Endless Battle Clause: Forcing endless battles is banned
|rule|Species Clause: Limit one of each Pokémon
|rule|OHKO Clause: OHKO moves are banned
|rule|Evasion Items Clause: Evasion items are banned
|rule|Evasion Moves Clause: Evasion moves are banned
|rule|Evasion Abilities Clause: Evasion abilities are banned
|rule|Sleep Moves Clause: Sleep-inducing moves are banned
|clearpoke
|poke|p1|Dondozo, M|
|poke|p1|Clodsire, F|
|poke|p1|Latios, M|
|poke|p1|Snorlax, F|
|poke|p1|Raikou|
|poke|p1|Great Tusk|
|poke|p2|Ting-Lu|
|poke|p2|Corviknight, F|
|poke|p2|Walking Wake|
|poke|p2|Slowking-Galar, M|
|poke|p2|Iron Valiant|
|poke|p2|Iron Moth|
|teampreview
|inactive|Battle timer is ON: inactive players will automatically lose when time's up. (requested by Jol Bol)
|
|t:|1779883805
|teamsize|p1|6
|teamsize|p2|6
|start
|switch|p1a: Gros Mamouth|Great Tusk|100/100
|switch|p2a: Wide Awake|Walking Wake|100/100
|turn|1
|
|t:|1779883811
|-end|p1a: Gros Mamouth|Protosynthesis|[silent]
|switch|p1a: Gros panda|Snorlax, F|100/100
|move|p2a: Wide Awake|Flip Turn|p1a: Gros panda
|-damage|p1a: Gros panda|87/100
|
|t:|1779883823
|-end|p2a: Wide Awake|Protosynthesis|[silent]
|switch|p2a: Ling-Tu|Ting-Lu, shiny|100/100|[from] Flip Turn
|-ability|p2a: Ling-Tu|Vessel of Ruin
|
|upkeep
|turn|2
|
|t:|1779883830
|switch|p1a: Gros Mamouth|Great Tusk|100/100
|move|p2a: Ling-Tu|Stealth Rock|p1a: Gros Mamouth
|-sidestart|p1: Dom225|move: Stealth Rock
|
|upkeep
|turn|3
|
|t:|1779883839
|move|p1a: Gros Mamouth|Close Combat|p2a: Ling-Tu
|-supereffective|p2a: Ling-Tu
|-damage|p2a: Ling-Tu|0 fnt
|-unboost|p1a: Gros Mamouth|def|1
|-unboost|p1a: Gros Mamouth|spd|1
|faint|p2a: Ling-Tu
|
|upkeep
|
|t:|1779883843
|switch|p2a: Wide Awake|Walking Wake|100/100
|turn|4
|
|t:|1779883851
|-end|p1a: Gros Mamouth|Protosynthesis|[silent]
|switch|p1a: Gros panda|Snorlax, F|87/100
|-damage|p1a: Gros panda|74/100|[from] Stealth Rock
|move|p2a: Wide Awake|Surf|p1a: Gros panda
|-damage|p1a: Gros panda|57/100
|
|upkeep
|turn|5
|
|t:|1779883859
|move|p2a: Wide Awake|Flip Turn|p1a: Gros panda
|-damage|p1a: Gros panda|42/100
|
|t:|1779883861
|-end|p2a: Wide Awake|Protosynthesis|[silent]
|switch|p2a: Birdbox|Corviknight, F, shiny|100/100|[from] Flip Turn
|move|p1a: Gros panda|Body Slam|p2a: Birdbox
|-resisted|p2a: Birdbox
|-damage|p2a: Birdbox|88/100
|-damage|p1a: Gros panda|25/100|[from] item: Rocky Helmet|[of] p2a: Birdbox
|
|upkeep
|turn|6
|
|t:|1779883871
|switch|p1a: Grand Chien|Raikou|100/100
|-damage|p1a: Grand Chien|88/100|[from] Stealth Rock
|-ability|p1a: Grand Chien|Pressure
|move|p2a: Birdbox|Brave Bird|p1a: Grand Chien
|-resisted|p1a: Grand Chien
|-damage|p1a: Grand Chien|63/100
|-damage|p2a: Birdbox|82/100|[from] Recoil
|
|upkeep
|turn|7
|
|t:|1779883881
|switch|p2a: Boiled Crab|Slowking-Galar, M|100/100
|move|p1a: Grand Chien|Reflect|p1a: Grand Chien
|-sidestart|p1: Dom225|Reflect
|
|upkeep
|turn|8
|
|t:|1779883887
|move|p1a: Grand Chien|Light Screen|p1a: Grand Chien
|-sidestart|p1: Dom225|move: Light Screen
|move|p2a: Boiled Crab|Future Sight|p1a: Grand Chien
|-start|p2a: Boiled Crab|move: Future Sight
|
|upkeep
|turn|9
|
|t:|1779883902
|move|p1a: Grand Chien|Discharge|p2a: Boiled Crab
|-crit|p2a: Boiled Crab
|-damage|p2a: Boiled Crab|66/100
|move|p2a: Boiled Crab|Sludge Bomb|p1a: Grand Chien
|-damage|p1a: Grand Chien|45/100
|-status|p1a: Grand Chien|psn
|
|-damage|p1a: Grand Chien|32/100 psn|[from] psn
|upkeep
|turn|10
|
|t:|1779883911
|switch|p1a: Grand dragon|Latios, M|100/100
|-damage|p1a: Grand dragon|88/100|[from] Stealth Rock
|-prepare|p2a: Boiled Crab|Chilly Reception|[premajor]
|move|p2a: Boiled Crab|Chilly Reception|p2a: Boiled Crab
|-weather|Snowscape
|
|t:|1779883918
|switch|p2a: Birdbox|Corviknight, F, shiny|82/100|[from] Chilly Reception
|
|-weather|Snowscape|[upkeep]
|-end|p1a: Grand dragon|move: Future Sight
|-resisted|p1a: Grand dragon
|-damage|p1a: Grand dragon|77/100
|upkeep
|turn|11
|
|t:|1779883926
|move|p1a: Grand dragon|Calm Mind|p1a: Grand dragon
|-boost|p1a: Grand dragon|spa|1
|-boost|p1a: Grand dragon|spd|1
|move|p2a: Birdbox|Defog|p1a: Grand dragon
|-unboost|p1a: Grand dragon|evasion|1
|-sideend|p1: Dom225|Reflect
|-sideend|p1: Dom225|move: Light Screen
|-sideend|p1: Dom225|Stealth Rock|[from] move: Defog|[of] p2a: Birdbox
|
|-weather|Snowscape|[upkeep]
|upkeep
|turn|12
|
|t:|1779883939
|move|p1a: Grand dragon|Thunderbolt|p2a: Birdbox
|-supereffective|p2a: Birdbox
|-damage|p2a: Birdbox|0 fnt
|faint|p2a: Birdbox
|
|-weather|Snowscape|[upkeep]
|upkeep
|
|t:|1779883956
|switch|p2a: Jekyll Or Hyde|Iron Valiant, shiny|100/100
|turn|13
|
|t:|1779883965
|-terastallize|p1a: Grand dragon|Electric
|move|p2a: Jekyll Or Hyde|Knock Off|p1a: Grand dragon
|-damage|p1a: Grand dragon|28/100
|-enditem|p1a: Grand dragon|Wise Glasses|[from] move: Knock Off|[of] p2a: Jekyll Or Hyde
|move|p1a: Grand dragon|Psyshock|p2a: Jekyll Or Hyde
|-supereffective|p2a: Jekyll Or Hyde
|-damage|p2a: Jekyll Or Hyde|0 fnt
|faint|p2a: Jekyll Or Hyde
|-end|p2a: Jekyll Or Hyde|Quark Drive|[silent]
|
|-weather|Snowscape|[upkeep]
|upkeep
|
|t:|1779883987
|switch|p2a: Sunburst|Iron Moth|100/100
|-enditem|p2a: Sunburst|Booster Energy
|-activate|p2a: Sunburst|ability: Quark Drive|[fromitem]
|-start|p2a: Sunburst|quarkdrivespe
|turn|14
|
|t:|1779884002
|switch|p1a: Grosse Limace|Clodsire, F|100/100
|move|p2a: Sunburst|Fiery Dance|p1a: Grosse Limace
|-damage|p1a: Grosse Limace|78/100
|-boost|p2a: Sunburst|spa|1
|
|-weather|none
|-heal|p1a: Grosse Limace|85/100|[from] item: Leftovers
|upkeep
|turn|15
|
|t:|1779884017
|-end|p2a: Sunburst|Quark Drive|[silent]
|switch|p2a: Wide Awake|Walking Wake|100/100
|move|p1a: Grosse Limace|Earthquake|p2a: Wide Awake
|-damage|p2a: Wide Awake|70/100
|
|-heal|p1a: Grosse Limace|91/100|[from] item: Leftovers
|upkeep
|turn|16
|
|t:|1779884024
|move|p2a: Wide Awake|Surf|p1a: Grosse Limace
|-supereffective|p1a: Grosse Limace
|-damage|p1a: Grosse Limace|45/100
|move|p1a: Grosse Limace|Toxic|p2a: Wide Awake
|-status|p2a: Wide Awake|tox
|
|-heal|p1a: Grosse Limace|51/100|[from] item: Leftovers
|-damage|p2a: Wide Awake|63/100 tox|[from] psn
|upkeep
|turn|17
|
|t:|1779884051
|move|p2a: Wide Awake|Surf|p1a: Grosse Limace
|-supereffective|p1a: Grosse Limace
|-damage|p1a: Grosse Limace|2/100
|move|p1a: Grosse Limace|Earthquake|p2a: Wide Awake
|-damage|p2a: Wide Awake|31/100 tox
|
|-heal|p1a: Grosse Limace|8/100|[from] item: Leftovers
|-damage|p2a: Wide Awake|19/100 tox|[from] psn
|upkeep
|turn|18
|
|t:|1779884060
|move|p2a: Wide Awake|Flip Turn|p1a: Grosse Limace
|-supereffective|p1a: Grosse Limace
|-damage|p1a: Grosse Limace|0 fnt
|faint|p1a: Grosse Limace
|
|t:|1779884070
|-end|p2a: Wide Awake|Protosynthesis|[silent]
|switch|p2a: Sunburst|Iron Moth|100/100|[from] Flip Turn
|
|upkeep
|
|t:|1779884074
|switch|p1a: Gros panda|Snorlax, F|25/100
|turn|19
|
|t:|1779884079
|move|p2a: Sunburst|Fiery Dance|p1a: Gros panda
|-damage|p1a: Gros panda|8/100
|-boost|p2a: Sunburst|spa|1
|move|p1a: Gros panda|Earthquake|p2a: Sunburst
|-supereffective|p2a: Sunburst
|-damage|p2a: Sunburst|0 fnt
|faint|p2a: Sunburst
|-end|p2a: Sunburst|Quark Drive|[silent]
|
|upkeep
|-message|Jol Bol forfeited.
|
|win|Dom225
|raw|Dom225's rating: 1257 &rarr; <strong>1281</strong><br />(+24 for winning)
|raw|Jol Bol's rating: 1240 &rarr; <strong>1216</strong><br />(-24 for losing)
|l|☆Jol Bol
|player|p2|
