|j|☆luneor
|j|☆jbrunson
|t:|1779884612
|gametype|singles
|player|p1|luneor|lady-gen4|1386
|player|p2|jbrunson|buck|1381
|gen|9
|tier|[Gen 9] OU
|rated|
|rule|HP Percentage Mod: HP is shown in percentages
|rule|Endless Battle Clause: Forcing endless battles is banned
|rule|Species Clause: Limit one of each Pokémon
|rule|OHKO Clause: OHKO moves are banned
|rule|Evasion Items Clause: Evasion items are banned
|rule|Evasion Moves Clause: Evasion moves are banned
|rule|Evasion Abilities Clause: Evasion abilities are banned
|rule|Sleep Moves Clause: Sleep-inducing moves are banned
|clearpoke
|poke|p1|Cinderace, M|
|poke|p1|Darkrai|
|poke|p1|Landorus-Therian, M|
|poke|p1|Zamazenta-*|
|poke|p1|Pecharunt|
|poke|p1|Primarina, F|
|poke|p2|Hoopa|
|poke|p2|Cinderace, M|
|poke|p2|Mandibuzz, F|
|poke|p2|Kyurem|
|poke|p2|Ting-Lu|
|poke|p2|Manaphy|
|teampreview
|
|t:|1779884621
|teamsize|p1|6
|teamsize|p2|6
|start
|switch|p1a: Cinderace|Cinderace, M|100/100
|switch|p2a: Ting-Lucifer|Ting-Lu|100/100
|-ability|p2a: Ting-Lucifer|Vessel of Ruin
|turn|1
|
|t:|1779884631
|move|p1a: Cinderace|U-turn|p2a: Ting-Lucifer
|-start|p1a: Cinderace|typechange|Bug|[from] ability: Libero
|-supereffective|p2a: Ting-Lucifer
|-damage|p2a: Ting-Lucifer|62/100
|-enditem|p2a: Ting-Lucifer|Weakness Policy
|-boost|p2a: Ting-Lucifer|atk|2|[from] item: Weakness Policy
|-boost|p2a: Ting-Lucifer|spa|2|[from] item: Weakness Policy
|
|t:|1779884643
|switch|p1a: Landorus|Landorus-Therian, M|100/100|[from] U-turn
|-ability|p1a: Landorus|Intimidate|boost
|-unboost|p2a: Ting-Lucifer|atk|1
|move|p2a: Ting-Lucifer|Earthquake|p1a: Landorus
|-immune|p1a: Landorus
|
|upkeep
|turn|2
|
|t:|1779884657
|move|p1a: Landorus|U-turn|p2a: Ting-Lucifer
|-supereffective|p2a: Ting-Lucifer
|-damage|p2a: Ting-Lucifer|31/100
|
|t:|1779884663
|switch|p1a: Primarina|Primarina, F|100/100|[from] U-turn
|move|p2a: Ting-Lucifer|Heavy Slam|p1a: Primarina
|-damage|p1a: Primarina|10/100
|
|upkeep
|turn|3
|
|t:|1779884676
|move|p1a: Primarina|Surf|p2a: Ting-Lucifer
|-supereffective|p2a: Ting-Lucifer
|-damage|p2a: Ting-Lucifer|0 fnt
|faint|p2a: Ting-Lucifer
|
|upkeep
|
|t:|1779884711
|switch|p2a: Kyurem|Kyurem|100/100
|-ability|p2a: Kyurem|Pressure
|turn|4
|
|t:|1779884720
|move|p2a: Kyurem|Freeze-Dry|p1a: Primarina
|-supereffective|p1a: Primarina
|-damage|p1a: Primarina|0 fnt
|faint|p1a: Primarina
|
|upkeep
|
|t:|1779884725
|switch|p1a: Cinderace|Cinderace, M|100/100
|turn|5
|
|t:|1779884734
|switch|p2a: Manaphy|Manaphy|100/100
|move|p1a: Cinderace|Low Kick|p2a: Manaphy
|-start|p1a: Cinderace|typechange|Fighting|[from] ability: Libero
|-damage|p2a: Manaphy|92/100
|
|-heal|p2a: Manaphy|99/100|[from] item: Leftovers
|upkeep
|turn|6
|
|t:|1779884744
|move|p1a: Cinderace|U-turn|p2a: Manaphy
|-damage|p2a: Manaphy|80/100
|
|t:|1779884750
|switch|p1a: Darkrai|Darkrai|100/100|[from] U-turn
|move|p2a: Manaphy|Take Heart|p2a: Manaphy
|-boost|p2a: Manaphy|spa|1
|-boost|p2a: Manaphy|spd|1
|
|-heal|p2a: Manaphy|86/100|[from] item: Leftovers
|upkeep
|turn|7
|
|t:|1779884757
|move|p1a: Darkrai|Dark Pulse|p2a: Manaphy
|-damage|p2a: Manaphy|60/100
|move|p2a: Manaphy|Alluring Voice|p1a: Darkrai
|-supereffective|p1a: Darkrai
|-damage|p1a: Darkrai|21/100
|
|-heal|p2a: Manaphy|67/100|[from] item: Leftovers
|upkeep
|turn|8
|
|t:|1779884764
|move|p1a: Darkrai|Dark Pulse|p2a: Manaphy
|-damage|p2a: Manaphy|40/100
|move|p2a: Manaphy|Alluring Voice|p1a: Darkrai
|-supereffective|p1a: Darkrai
|-damage|p1a: Darkrai|0 fnt
|faint|p1a: Darkrai
|
|-heal|p2a: Manaphy|46/100|[from] item: Leftovers
|upkeep
|
|t:|1779884773
|switch|p1a: Landorus|Landorus-Therian, M|100/100
|-ability|p1a: Landorus|Intimidate|boost
|-unboost|p2a: Manaphy|atk|1
|turn|9
|
|t:|1779884778
|move|p1a: Landorus|Earthquake|p2a: Manaphy
|-damage|p2a: Manaphy|0 fnt
|faint|p2a: Manaphy
|
|upkeep
|
|t:|1779884810
|switch|p2a: Kyurem|Kyurem|100/100
|-ability|p2a: Kyurem|Pressure
|turn|10
|
|t:|1779884824
|switch|p1a: Cinderace|Cinderace, M|100/100
|move|p2a: Kyurem|Ice Beam|p1a: Cinderace
|-resisted|p1a: Cinderace
|-damage|p1a: Cinderace|65/100
|
|upkeep
|turn|11
|
|t:|1779884835
|switch|p2a: Mandibuzz|Mandibuzz, F, shiny|100/100
|move|p1a: Cinderace|Low Kick|p2a: Mandibuzz
|-start|p1a: Cinderace|typechange|Fighting|[from] ability: Libero
|-damage|p2a: Mandibuzz|84/100
|-damage|p1a: Cinderace|48/100|[from] item: Rocky Helmet|[of] p2a: Mandibuzz
|
|upkeep
|turn|12
|
|t:|1779884846
|move|p1a: Cinderace|U-turn|p2a: Mandibuzz
|-damage|p2a: Mandibuzz|72/100
|-damage|p1a: Cinderace|31/100|[from] item: Rocky Helmet|[of] p2a: Mandibuzz
|inactive|Battle timer is ON: inactive players will automatically lose when time's up. (requested by jbrunson)
|
|t:|1779884875
|switch|p1a: Pecharunt|Pecharunt|100/100|[from] U-turn
|move|p2a: Mandibuzz|Toxic|p1a: Pecharunt
|-immune|p1a: Pecharunt
|
|upkeep
|turn|13
|
|t:|1779884898
|move|p1a: Pecharunt|Malignant Chain|p2a: Mandibuzz
|-damage|p2a: Mandibuzz|45/100
|-status|p2a: Mandibuzz|tox
|-start|p2a: Mandibuzz|confusion|[from] ability: Poison Puppeteer|[of] p1a: Pecharunt
|-activate|p2a: Mandibuzz|confusion
|move|p2a: Mandibuzz|Foul Play|p1a: Pecharunt
|-supereffective|p1a: Pecharunt
|-damage|p1a: Pecharunt|72/100
|
|-damage|p2a: Mandibuzz|39/100 tox|[from] psn
|upkeep
|turn|14
|
|t:|1779884909
|move|p1a: Pecharunt|Shadow Ball|p2a: Mandibuzz
|-resisted|p2a: Mandibuzz
|-crit|p2a: Mandibuzz
|-damage|p2a: Mandibuzz|23/100 tox
|-activate|p2a: Mandibuzz|confusion
|-damage|p2a: Mandibuzz|20/100 tox|[from] confusion
|
|-damage|p2a: Mandibuzz|8/100 tox|[from] psn
|upkeep
|turn|15
|
|t:|1779884918
|move|p1a: Pecharunt|Shadow Ball|p2a: Mandibuzz
|-resisted|p2a: Mandibuzz
|-damage|p2a: Mandibuzz|0 fnt
|faint|p2a: Mandibuzz
|
|upkeep
|
|t:|1779884928
|switch|p2a: Hoopa|Hoopa|100/100
|turn|16
|
|t:|1779884935
|-terastallize|p2a: Hoopa|Fairy
|move|p1a: Pecharunt|Shadow Ball|p2a: Hoopa
|-damage|p2a: Hoopa|78/100
|move|p2a: Hoopa|Shadow Ball|p1a: Pecharunt
|-supereffective|p1a: Pecharunt
|-damage|p1a: Pecharunt|0 fnt
|faint|p1a: Pecharunt
|
|upkeep
|
|t:|1779884944
|switch|p1a: Cinderace|Cinderace, M|31/100
|turn|17
|inactive|jbrunson has 120 seconds left.
|
|t:|1779884977
|move|p1a: Cinderace|Gunk Shot|p2a: Hoopa|[miss]
|-start|p1a: Cinderace|typechange|Poison|[from] ability: Libero
|-miss|p1a: Cinderace|p2a: Hoopa
|move|p2a: Hoopa|Shadow Ball|p1a: Cinderace
|-damage|p1a: Cinderace|0 fnt
|faint|p1a: Cinderace
|
|upkeep
|
|t:|1779884988
|switch|p1a: Zamazenta|Zamazenta|100/100
|-ability|p1a: Zamazenta|Dauntless Shield|boost
|-boost|p1a: Zamazenta|def|1
|turn|18
|
|t:|1779884997
|move|p1a: Zamazenta|Heavy Slam|p2a: Hoopa
|-supereffective|p2a: Hoopa
|-damage|p2a: Hoopa|0 fnt
|faint|p2a: Hoopa
|
|upkeep
|
|t:|1779885007
|switch|p2a: Kyurem|Kyurem|100/100
|-ability|p2a: Kyurem|Pressure
|turn|19
|
|t:|1779885015
|move|p2a: Kyurem|Ice Beam|p1a: Zamazenta
|-damage|p1a: Zamazenta|60/100
|move|p1a: Zamazenta|Heavy Slam|p2a: Kyurem
|-supereffective|p2a: Kyurem
|-damage|p2a: Kyurem|76/100
|
|upkeep
|turn|20
|
|t:|1779885022
|move|p2a: Kyurem|Ice Beam|p1a: Zamazenta
|-damage|p1a: Zamazenta|17/100
|move|p1a: Zamazenta|Close Combat|p2a: Kyurem
|-supereffective|p2a: Kyurem
|-damage|p2a: Kyurem|0 fnt
|-unboost|p1a: Zamazenta|def|1
|-unboost|p1a: Zamazenta|spd|1
|faint|p2a: Kyurem
|
|upkeep
|
|t:|1779885031
|switch|p2a: Cinderace|Cinderace, M, shiny|100/100
|turn|21
|
|t:|1779885043
|move|p1a: Zamazenta|Stone Edge|p2a: Cinderace
|-supereffective|p2a: Cinderace
|-damage|p2a: Cinderace|4/100
|move|p2a: Cinderace|High Jump Kick|p1a: Zamazenta
|-start|p2a: Cinderace|typechange|Fighting|[from] ability: Libero
|-damage|p1a: Zamazenta|0 fnt
|faint|p1a: Zamazenta
|
|upkeep
|
|t:|1779885046
|switch|p1a: Landorus|Landorus-Therian, M|100/100
|-ability|p1a: Landorus|Intimidate|boost
|-unboost|p2a: Cinderace|atk|1
|turn|22
|-message|jbrunson forfeited.
|
|win|luneor
|raw|luneor's rating: 1386 &rarr; <strong>1404</strong><br />(+18 for winning)
|raw|jbrunson's rating: 1354 &rarr; <strong>1336</strong><br />(-18 for losing)
|l|☆jbrunson
|player|p2|
|l|☆luneor
|player|p1|
