|badge|p1|silver|gen9ou|30-9
|badge|p1|bronze|gen9pu|100-9
|uhtml|medal-msg|<div class="broadcast-blue">Curious what those medals under the avatar are? PS now has Ladder Seasons! For more information, check out the <a href="https://www.smogon.com/forums/threads/3740067/">thread on Smogon.</a></div>
|badge|p2|silver|gen9ou|30-9
|uhtml|medal-msg|<div class="broadcast-blue">Curious what those medals under the avatar are? PS now has Ladder Seasons! For more information, check out the <a href="https://www.smogon.com/forums/threads/3740067/">thread on Smogon.</a></div>
|j|☆Ceo O Wo Chien
|j|☆Rexydoodlesss
|t:|1779920157
|gametype|singles
|player|p1|Ceo O Wo Chien|fisherman-gen4|1890
|player|p2|Rexydoodlesss|adaman|1897
|gen|9
|tier|[Gen 9] OU
|rated|
|rule|HP Percentage Mod: HP is shown in percentages
|rule|Endless Battle Clause: Forcing endless battles is banned
|rule|Species Clause: Limit one of each Pokémon
|rule|OHKO Clause: OHKO moves are banned
|rule|Evasion Items Clause: Evasion items are banned
|rule|Evasion Moves Clause: Evasion moves are banned
|rule|Evasion Abilities Clause: Evasion abilities are banned
|rule|Sleep Moves Clause: Sleep-inducing moves are banned
|clearpoke
|poke|p1|Wo-Chien|
|poke|p1|Cresselia, F|
|poke|p1|Kingambit, F|
|poke|p1|Raging Bolt|
|poke|p1|Iron Treads|
|poke|p1|Ogerpon-Wellspring, F|
|poke|p2|Ribombee, F|
|poke|p2|Gholdengo|
|poke|p2|Ogerpon-Cornerstone, F|
|poke|p2|Ceruledge, M|
|poke|p2|Raging Bolt|
|poke|p2|Cinderace, F|
|teampreview
|inactive|Battle timer is ON: inactive players will automatically lose when time's up. (requested by Ceo O Wo Chien)
|j| ParticlezZ
|c|☆Ceo O Wo Chien|hf
|c|☆Rexydoodlesss|u2
|j| noot134
|
|t:|1779920175
|teamsize|p1|6
|teamsize|p2|6
|start
|switch|p1a: Kingambit|Kingambit, F|100/100
|switch|p2a: Cinderace|Cinderace, F, shiny|100/100
|turn|1
|
|t:|1779920179
|-end|p1a: Kingambit|fallenundefined|[silent]
|switch|p1a: Cresselia|Cresselia, F|100/100
|move|p2a: Cinderace|Pyro Ball|p1a: Cresselia
|-damage|p1a: Cresselia|71/100
|
|upkeep
|turn|2
|
|t:|1779920182
|move|p2a: Cinderace|Swords Dance|p2a: Cinderace
|-boost|p2a: Cinderace|atk|2
|move|p1a: Cresselia|Thunder Wave|p2a: Cinderace
|-status|p2a: Cinderace|par
|
|upkeep
|turn|3
|
|t:|1779920186
|switch|p1a: Raging Bolt|Raging Bolt|100/100
|-enditem|p1a: Raging Bolt|Booster Energy
|-activate|p1a: Raging Bolt|ability: Protosynthesis|[fromitem]
|-start|p1a: Raging Bolt|protosynthesisspa
|move|p2a: Cinderace|Pyro Ball|p1a: Raging Bolt
|-resisted|p1a: Raging Bolt
|-damage|p1a: Raging Bolt|50/100
|
|upkeep
|turn|4
|
|t:|1779920190
|move|p1a: Raging Bolt|Thunderbolt|p2a: Cinderace
|-enditem|p2a: Cinderace|Focus Sash
|-damage|p2a: Cinderace|1/100 par
|move|p2a: Cinderace|Pyro Ball|p1a: Raging Bolt
|-resisted|p1a: Raging Bolt
|-damage|p1a: Raging Bolt|0 fnt
|faint|p1a: Raging Bolt
|-end|p1a: Raging Bolt|Protosynthesis|[silent]
|
|upkeep
|
|t:|1779920193
|switch|p1a: Iron Treads|Iron Treads|100/100
|turn|5
|
|t:|1779920195
|move|p2a: Cinderace|Sucker Punch|p1a: Iron Treads
|-damage|p1a: Iron Treads|67/100
|move|p1a: Iron Treads|Knock Off|p2a: Cinderace
|-damage|p2a: Cinderace|0 fnt
|faint|p2a: Cinderace
|
|-heal|p1a: Iron Treads|73/100|[from] item: Leftovers
|upkeep
|j| Lowladderubersnoob
|
|t:|1779920219
|switch|p2a: Ogerpon|Ogerpon-Cornerstone, F|100/100
|turn|6
|
|t:|1779920223
|-end|p1a: Iron Treads|Quark Drive|[silent]
|switch|p1a: Cresselia|Cresselia, F|71/100
|move|p2a: Ogerpon|Power Whip|p1a: Cresselia
|-damage|p1a: Cresselia|32/100
|-damage|p2a: Ogerpon|84/100|[from] item: Rocky Helmet|[of] p1a: Cresselia
|
|upkeep
|turn|7
|
|t:|1779920227
|switch|p1a: Escargoat|Wo-Chien|100/100
|-ability|p1a: Escargoat|Tablets of Ruin
|move|p2a: Ogerpon|Ivy Cudgel|p1a: Escargoat|[anim] Ivy Cudgel Rock
|-damage|p1a: Escargoat|64/100
|
|-heal|p1a: Escargoat|71/100|[from] item: Leftovers
|upkeep
|turn|8
|
|t:|1779920233
|move|p2a: Ogerpon|Ivy Cudgel|p1a: Escargoat|[anim] Ivy Cudgel Rock
|-damage|p1a: Escargoat|38/100
|move|p1a: Escargoat|Foul Play|p2a: Ogerpon
|-damage|p2a: Ogerpon|13/100
|
|-heal|p1a: Escargoat|44/100|[from] item: Leftovers
|upkeep
|turn|9
|
|t:|1779920238
|move|p2a: Ogerpon|Ivy Cudgel|p1a: Escargoat|[anim] Ivy Cudgel Rock
|-damage|p1a: Escargoat|8/100
|move|p1a: Escargoat|Foul Play|p2a: Ogerpon
|-damage|p2a: Ogerpon|0 fnt
|faint|p2a: Ogerpon
|
|-heal|p1a: Escargoat|14/100|[from] item: Leftovers
|upkeep
|
|t:|1779920258
|switch|p2a: Gholdengo|Gholdengo, shiny|100/100
|-item|p2a: Gholdengo|Air Balloon
|turn|10
|
|t:|1779920261
|switch|p1a: Ogerpon|Ogerpon-Wellspring, F|100/100
|move|p2a: Gholdengo|Shadow Ball|p1a: Ogerpon
|-damage|p1a: Ogerpon|56/100
|
|upkeep
|turn|11
|
|t:|1779920266
|switch|p2a: Ribombee|Ribombee, F, shiny|100/100
|move|p1a: Ogerpon|Swords Dance|p1a: Ogerpon
|-boost|p1a: Ogerpon|atk|2
|
|upkeep
|turn|12
|
|t:|1779920269
|move|p2a: Ribombee|Moonblast|p1a: Ogerpon
|-damage|p1a: Ogerpon|19/100
|-unboost|p1a: Ogerpon|spa|1
|move|p1a: Ogerpon|Trailblaze|p2a: Ribombee
|-resisted|p2a: Ribombee
|-damage|p2a: Ribombee|54/100
|-boost|p1a: Ogerpon|spe|1
|
|upkeep
|turn|13
|
|t:|1779920275
|move|p1a: Ogerpon|Ivy Cudgel|p2a: Ribombee|[anim] Ivy Cudgel Water
|-damage|p2a: Ribombee|0 fnt
|faint|p2a: Ribombee
|
|upkeep
|
|t:|1779920277
|switch|p2a: Ceruledge|Ceruledge, M, shiny|100/100
|turn|14
|
|t:|1779920280
|move|p2a: Ceruledge|Shadow Sneak|p1a: Ogerpon
|-damage|p1a: Ogerpon|0 fnt
|faint|p1a: Ogerpon
|
|upkeep
|
|t:|1779920293
|switch|p1a: Kingambit|Kingambit, F|100/100
|-activate|p1a: Kingambit|ability: Supreme Overlord
|-start|p1a: Kingambit|fallen2|[silent]
|turn|15
|l| noot134
|
|t:|1779920308
|move|p2a: Ceruledge|Close Combat|p1a: Kingambit
|-supereffective|p1a: Kingambit
|-damage|p1a: Kingambit|0 fnt
|-unboost|p2a: Ceruledge|def|1
|-unboost|p2a: Ceruledge|spd|1
|faint|p1a: Kingambit
|-end|p1a: Kingambit|fallen2|[silent]
|
|upkeep
|
|t:|1779920311
|switch|p1a: Iron Treads|Iron Treads|73/100
|turn|16
|
|t:|1779920314
|move|p1a: Iron Treads|Earthquake|p2a: Ceruledge
|-supereffective|p2a: Ceruledge
|-enditem|p2a: Ceruledge|Focus Sash
|-damage|p2a: Ceruledge|1/100
|-ability|p2a: Ceruledge|Weak Armor|boost
|-unboost|p2a: Ceruledge|def|1
|-boost|p2a: Ceruledge|spe|2
|move|p2a: Ceruledge|Close Combat|p1a: Iron Treads
|-supereffective|p1a: Iron Treads
|-damage|p1a: Iron Treads|11/100
|-unboost|p2a: Ceruledge|def|1
|-unboost|p2a: Ceruledge|spd|1
|
|-heal|p1a: Iron Treads|17/100|[from] item: Leftovers
|upkeep
|turn|17
|
|t:|1779920320
|-end|p1a: Iron Treads|Quark Drive|[silent]
|switch|p1a: Cresselia|Cresselia, F|32/100
|move|p2a: Ceruledge|Close Combat|p1a: Cresselia
|-resisted|p1a: Cresselia
|-damage|p1a: Cresselia|20/100
|-unboost|p2a: Ceruledge|def|1
|-unboost|p2a: Ceruledge|spd|1
|-damage|p2a: Ceruledge|0 fnt|[from] item: Rocky Helmet|[of] p1a: Cresselia
|faint|p2a: Ceruledge
|
|upkeep
|
|t:|1779920326
|switch|p2a: Raging Bolt|Raging Bolt|100/100
|-enditem|p2a: Raging Bolt|Booster Energy
|-activate|p2a: Raging Bolt|ability: Protosynthesis|[fromitem]
|-start|p2a: Raging Bolt|protosynthesisspa
|turn|18
|
|t:|1779920329
|move|p2a: Raging Bolt|Dragon Pulse|p1a: Cresselia
|-damage|p1a: Cresselia|0 fnt
|faint|p1a: Cresselia
|
|upkeep
|
|t:|1779920331
|switch|p1a: Iron Treads|Iron Treads|17/100
|turn|19
|
|t:|1779920333
|-terastallize|p2a: Raging Bolt|Fairy
|move|p1a: Iron Treads|Earthquake|p2a: Raging Bolt
|-damage|p2a: Raging Bolt|68/100
|move|p2a: Raging Bolt|Dragon Pulse|p1a: Iron Treads
|-resisted|p1a: Iron Treads
|-damage|p1a: Iron Treads|0 fnt
|faint|p1a: Iron Treads
|-end|p1a: Iron Treads|Quark Drive|[silent]
|
|upkeep
|-message|Ceo O Wo Chien forfeited.
|
|win|Rexydoodlesss
|raw|Ceo O Wo Chien's rating: 1890 &rarr; <strong>1870</strong><br />(-20 for losing)
|raw|Rexydoodlesss's rating: 1897 &rarr; <strong>1917</strong><br />(+20 for winning)
|l|☆Ceo O Wo Chien
|player|p1|
|l| Lowladderubersnoob
|l|☆Rexydoodlesss
|player|p2|
|l| ParticlezZ
