|j|☆untoxablepex
|j|☆greynolabar
|t:|1779840055
|gametype|singles
|player|p1|untoxablepex|volkner|1360
|player|p2|greynolabar|brock|1417
|gen|9
|tier|[Gen 9] OU
|rated|
|rule|HP Percentage Mod: HP is shown in percentages
|rule|Endless Battle Clause: Forcing endless battles is banned
|rule|Species Clause: Limit one of each Pokémon
|rule|OHKO Clause: OHKO moves are banned
|rule|Evasion Items Clause: Evasion items are banned
|rule|Evasion Moves Clause: Evasion moves are banned
|rule|Evasion Abilities Clause: Evasion abilities are banned
|rule|Sleep Moves Clause: Sleep-inducing moves are banned
|clearpoke
|poke|p1|Greninja-*, M|
|poke|p1|Talonflame, M|
|poke|p1|Noivern, M|
|poke|p1|Hoopa-Unbound|
|poke|p1|Klefki, M|
|poke|p1|Chesnaught, M|
|poke|p2|Skeledirge, M|
|poke|p2|Serperior, F|
|poke|p2|Ditto|
|poke|p2|Malamar, F|
|poke|p2|Azumarill, F|
|poke|p2|Corviknight, M|
|teampreview
|inactive|Battle timer is ON: inactive players will automatically lose when time's up. (requested by greynolabar)
|
|t:|1779840063
|teamsize|p1|6
|teamsize|p2|6
|start
|switch|p1a: Klefki|Klefki, M, shiny|100/100
|switch|p2a: Corviknight|Corviknight, M|100/100
|turn|1
|
|t:|1779840069
|move|p1a: Klefki|Reflect|p1a: Klefki
|-sidestart|p1: untoxablepex|Reflect
|move|p2a: Corviknight|Nasty Plot|p2a: Corviknight
|-boost|p2a: Corviknight|spa|2
|
|upkeep
|turn|2
|
|t:|1779840074
|move|p1a: Klefki|Light Screen|p1a: Klefki
|-sidestart|p1: untoxablepex|move: Light Screen
|move|p2a: Corviknight|Nasty Plot|p2a: Corviknight
|-boost|p2a: Corviknight|spa|2
|
|upkeep
|turn|3
|
|t:|1779840079
|move|p1a: Klefki|Thunder Wave|p2a: Corviknight
|-status|p2a: Corviknight|par
|move|p2a: Corviknight|Defog|p1a: Klefki
|-unboost|p1a: Klefki|evasion|1
|-sideend|p1: untoxablepex|Reflect
|-sideend|p1: untoxablepex|move: Light Screen
|
|upkeep
|turn|4
|
|t:|1779840086
|move|p1a: Klefki|Reflect|p1a: Klefki
|-sidestart|p1: untoxablepex|Reflect
|cant|p2a: Corviknight|par
|
|upkeep
|turn|5
|
|t:|1779840089
|move|p1a: Klefki|Light Screen|p1a: Klefki
|-sidestart|p1: untoxablepex|move: Light Screen
|move|p2a: Corviknight|Defog|p1a: Klefki
|-unboost|p1a: Klefki|evasion|1
|-sideend|p1: untoxablepex|Reflect
|-sideend|p1: untoxablepex|move: Light Screen
|
|upkeep
|turn|6
|
|t:|1779840098
|switch|p1a: Hoopa|Hoopa-Unbound|100/100
|cant|p2a: Corviknight|par
|
|upkeep
|turn|7
|
|t:|1779840104
|move|p1a: Hoopa|Dark Pulse|p2a: Corviknight
|-damage|p2a: Corviknight|38/100 par
|cant|p2a: Corviknight|flinch
|
|upkeep
|turn|8
|
|t:|1779840115
|switch|p2a: Azumarill|Azumarill, F|100/100
|move|p1a: Hoopa|Dark Pulse|p2a: Azumarill
|-resisted|p2a: Azumarill
|-damage|p2a: Azumarill|70/100
|
|upkeep
|turn|9
|
|t:|1779840122
|move|p1a: Hoopa|Psyshock|p2a: Azumarill
|-damage|p2a: Azumarill|12/100
|-enditem|p2a: Azumarill|Sitrus Berry|[eat]
|-heal|p2a: Azumarill|37/100|[from] item: Sitrus Berry
|move|p2a: Azumarill|Belly Drum||[still]
|-fail|p2a: Azumarill
|
|upkeep
|turn|10
|
|t:|1779840131
|switch|p2a: Serperior|Serperior, F|100/100
|move|p1a: Hoopa|Shadow Ball|p2a: Serperior
|-damage|p2a: Serperior|60/100
|
|upkeep
|turn|11
|
|t:|1779840137
|move|p2a: Serperior|Light Screen|p2a: Serperior
|-sidestart|p2: greynolabar|move: Light Screen
|move|p1a: Hoopa|Dark Pulse|p2a: Serperior
|-crit|p2a: Serperior
|-damage|p2a: Serperior|0 fnt
|faint|p2a: Serperior
|
|upkeep
|
|t:|1779840144
|switch|p2a: Ursula|Malamar, F|100/100
|turn|12
|c|☆untoxablepex|What’s the point of nasty plot corv btw
|
|t:|1779840158
|move|p1a: Hoopa|Dark Pulse|p2a: Ursula
|-damage|p2a: Ursula|77/100
|move|p2a: Ursula|Superpower|p1a: Hoopa
|-damage|p1a: Hoopa|63/100
|-boost|p2a: Ursula|atk|1
|-boost|p2a: Ursula|def|1
|
|-heal|p2a: Ursula|83/100|[from] item: Leftovers
|upkeep
|turn|13
|c|☆greynolabar|rematch after? I'll show you
|c|☆untoxablepex|sure
|
|t:|1779840184
|move|p1a: Hoopa|Dark Pulse|p2a: Ursula
|-damage|p2a: Ursula|63/100
|move|p2a: Ursula|Superpower|p1a: Hoopa
|-damage|p1a: Hoopa|7/100
|-boost|p2a: Ursula|atk|1
|-boost|p2a: Ursula|def|1
|
|-heal|p2a: Ursula|69/100|[from] item: Leftovers
|upkeep
|turn|14
|c|☆greynolabar|just for demo purposes. might still suck
|inactive|greynolabar has 120 seconds left.
|c|☆untoxablepex|lol ok
|
|t:|1779840203
|move|p1a: Hoopa|Dark Pulse|p2a: Ursula
|-damage|p2a: Ursula|49/100
|cant|p2a: Ursula|flinch
|
|-heal|p2a: Ursula|55/100|[from] item: Leftovers
|upkeep
|turn|15
|inactive|greynolabar has 120 seconds left.
|
|t:|1779840213
|move|p1a: Hoopa|Dark Pulse|p2a: Ursula
|-damage|p2a: Ursula|33/100
|move|p2a: Ursula|Rest|p2a: Ursula
|-status|p2a: Ursula|slp|[from] move: Rest
|-heal|p2a: Ursula|100/100 slp|[silent]
|
|upkeep
|turn|16
|
|t:|1779840221
|switch|p1a: Noivern|Noivern, M, shiny|100/100
|cant|p2a: Ursula|slp
|move|p2a: Ursula|Sleep Talk|p2a: Ursula
|move|p2a: Ursula|Rest||[from] move: Sleep Talk|[still]
|-fail|p2a: Ursula
|
|upkeep
|turn|17
|
|t:|1779840231
|move|p1a: Noivern|Boomburst|p2a: Ursula
|-damage|p2a: Ursula|52/100 slp
|cant|p2a: Ursula|slp
|move|p2a: Ursula|Sleep Talk|p2a: Ursula
|move|p2a: Ursula|Knock Off|p1a: Noivern|[from] move: Sleep Talk
|-damage|p1a: Noivern|12/100
|-enditem|p1a: Noivern|Choice Specs|[from] move: Knock Off|[of] p2a: Ursula
|
|-heal|p2a: Ursula|58/100 slp|[from] item: Leftovers
|upkeep
|turn|18
|inactive|greynolabar has 120 seconds left.
|
|t:|1779840252
|-terastallize|p2a: Ursula|Steel
|move|p1a: Noivern|Draco Meteor|p2a: Ursula
|-resisted|p2a: Ursula
|-damage|p2a: Ursula|36/100 slp
|-unboost|p1a: Noivern|spa|2
|-curestatus|p2a: Ursula|slp|[msg]
|move|p2a: Ursula|Superpower|p1a: Noivern
|-resisted|p1a: Noivern
|-damage|p1a: Noivern|0 fnt
|-boost|p2a: Ursula|atk|1
|-boost|p2a: Ursula|def|1
|faint|p1a: Noivern
|
|-heal|p2a: Ursula|43/100|[from] item: Leftovers
|-sideend|p2: greynolabar|move: Light Screen
|upkeep
|
|t:|1779840267
|switch|p1a: Greninja|Greninja, M|100/100
|turn|19
|
|t:|1779840274
|move|p1a: Greninja|Surf|p2a: Ursula
|-damage|p2a: Ursula|2/100
|-damage|p1a: Greninja|91/100|[from] item: Life Orb
|move|p2a: Ursula|Rest|p2a: Ursula
|-status|p2a: Ursula|slp|[from] move: Rest
|-heal|p2a: Ursula|100/100 slp|[silent]
|
|upkeep
|turn|20
|
|t:|1779840281
|move|p1a: Greninja|Surf|p2a: Ursula
|-damage|p2a: Ursula|57/100 slp
|-damage|p1a: Greninja|81/100|[from] item: Life Orb
|cant|p2a: Ursula|slp
|move|p2a: Ursula|Sleep Talk|p2a: Ursula
|move|p2a: Ursula|Rest||[from] move: Sleep Talk|[still]
|-fail|p2a: Ursula
|
|-heal|p2a: Ursula|63/100 slp|[from] item: Leftovers
|upkeep
|turn|21
|
|t:|1779840291
|move|p1a: Greninja|Surf|p2a: Ursula
|-damage|p2a: Ursula|20/100 slp
|-damage|p1a: Greninja|71/100|[from] item: Life Orb
|cant|p2a: Ursula|slp
|move|p2a: Ursula|Sleep Talk|p2a: Ursula
|move|p2a: Ursula|Superpower|p1a: Greninja|[from] move: Sleep Talk
|-supereffective|p1a: Greninja
|-damage|p1a: Greninja|0 fnt
|-boost|p2a: Ursula|atk|1
|-boost|p2a: Ursula|def|1
|faint|p1a: Greninja
|
|-heal|p2a: Ursula|26/100 slp|[from] item: Leftovers
|upkeep
|
|t:|1779840304
|switch|p1a: Talonflame|Talonflame, M, shiny|100/100
|turn|22
|
|t:|1779840308
|move|p1a: Talonflame|Flare Blitz|p2a: Ursula
|-supereffective|p2a: Ursula
|-damage|p2a: Ursula|0 fnt
|faint|p2a: Ursula
|-damage|p1a: Talonflame|90/100|[from] Recoil
|
|upkeep
|
|t:|1779840324
|switch|p2a: Skeledirge|Skeledirge, M|100/100
|turn|23
|
|t:|1779840328
|move|p1a: Talonflame|Brave Bird|p2a: Skeledirge
|-damage|p2a: Skeledirge|62/100
|-damage|p1a: Talonflame|73/100|[from] Recoil
|move|p2a: Skeledirge|Torch Song|p1a: Talonflame
|-resisted|p1a: Talonflame
|-damage|p1a: Talonflame|44/100
|-boost|p2a: Skeledirge|spa|1
|
|-heal|p2a: Skeledirge|68/100|[from] item: Leftovers
|upkeep
|turn|24
|
|t:|1779840338
|move|p1a: Talonflame|Brave Bird|p2a: Skeledirge
|-damage|p2a: Skeledirge|29/100
|-damage|p1a: Talonflame|27/100|[from] Recoil
|move|p2a: Skeledirge|Slack Off|p2a: Skeledirge
|-heal|p2a: Skeledirge|79/100
|
|-heal|p2a: Skeledirge|86/100|[from] item: Leftovers
|upkeep
|turn|25
|
|t:|1779840347
|move|p1a: Talonflame|Brave Bird|p2a: Skeledirge
|-damage|p2a: Skeledirge|51/100
|-damage|p1a: Talonflame|12/100|[from] Recoil
|move|p2a: Skeledirge|Torch Song|p1a: Talonflame
|-resisted|p1a: Talonflame
|-damage|p1a: Talonflame|0 fnt
|-boost|p2a: Skeledirge|spa|1
|faint|p1a: Talonflame
|
|-heal|p2a: Skeledirge|57/100|[from] item: Leftovers
|upkeep
|
|t:|1779840353
|switch|p1a: Hoopa|Hoopa-Unbound|7/100
|turn|26
|
|t:|1779840371
|switch|p2a: Corviknight|Corviknight, M|38/100 par
|move|p1a: Hoopa|Dark Pulse|p2a: Corviknight
|-damage|p2a: Corviknight|0 fnt
|faint|p2a: Corviknight
|
|upkeep
|
|t:|1779840377
|switch|p2a: Azumarill|Azumarill, F|37/100
|turn|27
|
|t:|1779840381
|switch|p1a: Chesnaught|Chesnaught, M, shiny|100/100
|move|p2a: Azumarill|Aqua Jet|p1a: Chesnaught
|-resisted|p1a: Chesnaught
|-damage|p1a: Chesnaught|92/100
|-damage|p2a: Azumarill|20/100|[from] item: Rocky Helmet|[of] p1a: Chesnaught
|
|upkeep
|turn|28
|
|t:|1779840392
|switch|p2a: Ditto|Ditto|100/100
|-transform|p2a: Ditto|p1a: Chesnaught|[from] ability: Imposter
|move|p1a: Chesnaught|Leech Seed|p2a: Ditto
|-immune|p2a: Ditto
|
|upkeep
|turn|29
|
|t:|1779840418
|move|p2a: Ditto|Body Press|p1a: Chesnaught
|-damage|p1a: Chesnaught|66/100
|-damage|p2a: Ditto|84/100|[from] item: Rocky Helmet|[of] p1a: Chesnaught
|move|p1a: Chesnaught|Bulk Up|p1a: Chesnaught
|-boost|p1a: Chesnaught|atk|1
|-boost|p1a: Chesnaught|def|1
|
|upkeep
|turn|30
|
|t:|1779840430
|switch|p2a: Skeledirge|Skeledirge, M|57/100
|move|p1a: Chesnaught|Body Press|p2a: Skeledirge
|-immune|p2a: Skeledirge
|
|-heal|p2a: Skeledirge|63/100|[from] item: Leftovers
|upkeep
|turn|31
|
|t:|1779840440
|move|p2a: Skeledirge|Torch Song|p1a: Chesnaught
|-supereffective|p1a: Chesnaught
|-damage|p1a: Chesnaught|0 fnt
|-boost|p2a: Skeledirge|spa|1
|faint|p1a: Chesnaught
|
|-heal|p2a: Skeledirge|69/100|[from] item: Leftovers
|upkeep
|
|t:|1779840443
|switch|p1a: Klefki|Klefki, M, shiny|100/100
|turn|32
|
|t:|1779840449
|move|p1a: Klefki|Thunder Wave|p2a: Skeledirge
|-status|p2a: Skeledirge|par
|move|p2a: Skeledirge|Torch Song|p1a: Klefki
|-supereffective|p1a: Klefki
|-damage|p1a: Klefki|0 fnt
|-boost|p2a: Skeledirge|spa|1
|faint|p1a: Klefki
|
|-heal|p2a: Skeledirge|75/100 par|[from] item: Leftovers
|upkeep
|
|t:|1779840454
|switch|p1a: Hoopa|Hoopa-Unbound|7/100
|turn|33
|c|☆greynolabar|alright, i'll show you real quick then I just have to forfeit.
|
|t:|1779840475
|move|p1a: Hoopa|Dark Pulse|p2a: Skeledirge
|-supereffective|p2a: Skeledirge
|-damage|p2a: Skeledirge|0 fnt
|faint|p2a: Skeledirge
|
|upkeep
|
|t:|1779840479
|switch|p2a: Azumarill|Azumarill, F|20/100
|turn|34
|
|t:|1779840483
|move|p2a: Azumarill|Aqua Jet|p1a: Hoopa
|-damage|p1a: Hoopa|0 fnt
|faint|p1a: Hoopa
|
|win|greynolabar
|raw|untoxablepex's rating: 1360 &rarr; <strong>1343</strong><br />(-17 for losing)
|raw|greynolabar's rating: 1417 &rarr; <strong>1434</strong><br />(+17 for winning)
|l|☆untoxablepex
|player|p1|
|l|☆greynolabar
|player|p2|
