|j|☆pivotslophaxmaxxer
|j|☆juiicychiller
|t:|1779922283
|gametype|singles
|player|p1|pivotslophaxmaxxer|tate|1658
|player|p2|juiicychiller|clerk|1679
|gen|9
|tier|[Gen 9] OU
|rated|
|rule|HP Percentage Mod: HP is shown in percentages
|rule|Endless Battle Clause: Forcing endless battles is banned
|rule|Species Clause: Limit one of each Pokémon
|rule|OHKO Clause: OHKO moves are banned
|rule|Evasion Items Clause: Evasion items are banned
|rule|Evasion Moves Clause: Evasion moves are banned
|rule|Evasion Abilities Clause: Evasion abilities are banned
|rule|Sleep Moves Clause: Sleep-inducing moves are banned
|clearpoke
|poke|p1|Grimmsnarl, M|
|poke|p1|Veluza, F|
|poke|p1|Great Tusk|
|poke|p1|Dragonite, M|
|poke|p1|Iron Moth|
|poke|p1|Maushold|
|poke|p2|Alomomola, F|
|poke|p2|Weezing-Galar, M|
|poke|p2|Blissey, F|
|poke|p2|Weavile, F|
|poke|p2|Iron Treads|
|poke|p2|Corviknight, F|
|teampreview
|inactive|Battle timer is ON: inactive players will automatically lose when time's up. (requested by juiicychiller)
|
|t:|1779922322
|teamsize|p1|6
|teamsize|p2|6
|start
|switch|p1a: Grimmsnarl|Grimmsnarl, M|100/100
|switch|p2a: Weezing|Weezing-Galar, M|100/100
|-ability|p2a: Weezing|Neutralizing Gas
|turn|1
|
|t:|1779922329
|switch|p1a: Iron Moth|Iron Moth|100/100
|move|p2a: Weezing|Sludge Bomb|p1a: Iron Moth
|-resisted|p1a: Iron Moth
|-damage|p1a: Iron Moth|87/100
|
|upkeep
|turn|2
|
|t:|1779922339
|-end|p1a: Iron Moth|Quark Drive|[silent]
|switch|p1a: Grimmsnarl|Grimmsnarl, M|100/100
|-end|p2a: Weezing|ability: Neutralizing Gas
|switch|p2a: Alomomola|Alomomola, F|100/100
|
|upkeep
|turn|3
|
|t:|1779922344
|move|p1a: Grimmsnarl|Reflect|p1a: Grimmsnarl
|-sidestart|p1: pivotslophaxmaxxer|Reflect
|move|p2a: Alomomola|Flip Turn|p1a: Grimmsnarl
|-damage|p1a: Grimmsnarl|90/100
|
|t:|1779922348
|switch|p2a: Weezing|Weezing-Galar, M|100/100|[from] Flip Turn
|-ability|p2a: Weezing|Neutralizing Gas
|
|upkeep
|turn|4
|
|t:|1779922355
|switch|p1a: Iron Moth|Iron Moth|87/100
|move|p2a: Weezing|Sludge Bomb|p1a: Iron Moth
|-resisted|p1a: Iron Moth
|-damage|p1a: Iron Moth|72/100
|
|upkeep
|turn|5
|
|t:|1779922359
|-end|p2a: Weezing|ability: Neutralizing Gas
|switch|p2a: Alomomola|Alomomola, F|100/100
|-enditem|p1a: Iron Moth|Booster Energy
|-activate|p1a: Iron Moth|ability: Quark Drive|[fromitem]
|-start|p1a: Iron Moth|quarkdrivespe
|move|p1a: Iron Moth|Fiery Dance|p2a: Alomomola
|-resisted|p2a: Alomomola
|-damage|p2a: Alomomola|84/100
|
|upkeep
|turn|6
|
|t:|1779922366
|move|p1a: Iron Moth|Sludge Wave|p2a: Alomomola
|-damage|p2a: Alomomola|44/100
|move|p2a: Alomomola|Flip Turn|p1a: Iron Moth
|-supereffective|p1a: Iron Moth
|-damage|p1a: Iron Moth|49/100
|
|t:|1779922372
|switch|p2a: Blissey|Blissey, F|100/100|[from] Flip Turn
|
|upkeep
|turn|7
|
|t:|1779922376
|move|p1a: Iron Moth|Fiery Dance|p2a: Blissey
|-damage|p2a: Blissey|88/100
|-boost|p1a: Iron Moth|spa|1
|move|p2a: Blissey|Seismic Toss|p1a: Iron Moth
|-damage|p1a: Iron Moth|16/100
|
|-heal|p2a: Blissey|94/100|[from] item: Leftovers
|upkeep
|turn|8
|
|t:|1779922380
|move|p1a: Iron Moth|Sludge Wave|p2a: Blissey
|-damage|p2a: Blissey|74/100
|move|p2a: Blissey|Seismic Toss|p1a: Iron Moth
|-damage|p1a: Iron Moth|0 fnt
|faint|p1a: Iron Moth
|-end|p1a: Iron Moth|Quark Drive|[silent]
|
|-heal|p2a: Blissey|80/100|[from] item: Leftovers
|upkeep
|
|t:|1779922390
|switch|p1a: Great Tusk|Great Tusk|100/100
|-enditem|p1a: Great Tusk|Booster Energy
|-activate|p1a: Great Tusk|ability: Protosynthesis|[fromitem]
|-start|p1a: Great Tusk|protosynthesisspe
|turn|9
|
|t:|1779922395
|switch|p2a: Alomomola|Alomomola, F|77/100
|move|p1a: Great Tusk|Bulk Up|p1a: Great Tusk
|-boost|p1a: Great Tusk|atk|1
|-boost|p1a: Great Tusk|def|1
|
|upkeep
|turn|10
|
|t:|1779922399
|move|p1a: Great Tusk|Earthquake|p2a: Alomomola
|-damage|p2a: Alomomola|36/100
|move|p2a: Alomomola|Tickle|p1a: Great Tusk
|-unboost|p1a: Great Tusk|atk|1
|-unboost|p1a: Great Tusk|def|1
|
|-sideend|p1: pivotslophaxmaxxer|Reflect
|upkeep
|turn|11
|
|t:|1779922405
|move|p1a: Great Tusk|Taunt|p2a: Alomomola
|-start|p2a: Alomomola|move: Taunt
|move|p2a: Alomomola|Flip Turn|p1a: Great Tusk
|-supereffective|p1a: Great Tusk
|-damage|p1a: Great Tusk|81/100
|
|t:|1779922410
|switch|p2a: Corviknight|Corviknight, F|100/100|[from] Flip Turn
|-ability|p2a: Corviknight|Pressure
|
|upkeep
|turn|12
|
|t:|1779922415
|move|p1a: Great Tusk|Bulk Up|p1a: Great Tusk
|-boost|p1a: Great Tusk|atk|1
|-boost|p1a: Great Tusk|def|1
|move|p2a: Corviknight|Iron Defense|p2a: Corviknight
|-boost|p2a: Corviknight|def|2
|
|upkeep
|turn|13
|
|t:|1779922418
|move|p1a: Great Tusk|Taunt|p2a: Corviknight
|-start|p2a: Corviknight|move: Taunt
|move|p2a: Corviknight|Body Press|p1a: Great Tusk
|-damage|p1a: Great Tusk|60/100
|
|upkeep
|turn|14
|
|t:|1779922421
|move|p1a: Great Tusk|Bulk Up|p1a: Great Tusk
|-boost|p1a: Great Tusk|atk|1
|-boost|p1a: Great Tusk|def|1
|move|p2a: Corviknight|Body Press|p1a: Great Tusk
|-crit|p1a: Great Tusk
|-damage|p1a: Great Tusk|16/100
|
|upkeep
|turn|15
|
|t:|1779922424
|move|p1a: Great Tusk|Stone Edge|p2a: Corviknight
|-damage|p2a: Corviknight|80/100
|move|p2a: Corviknight|Body Press|p1a: Great Tusk
|-damage|p1a: Great Tusk|0 fnt
|faint|p1a: Great Tusk
|-end|p1a: Great Tusk|Protosynthesis|[silent]
|
|-end|p2a: Corviknight|move: Taunt
|upkeep
|
|t:|1779922428
|switch|p1a: Veluza|Veluza, F|100/100
|-ability|p1a: Veluza|Mold Breaker
|turn|16
|
|t:|1779922433
|move|p2a: Corviknight|Body Press|p1a: Veluza
|-resisted|p1a: Veluza
|-damage|p1a: Veluza|70/100
|move|p1a: Veluza|Fillet Away|p1a: Veluza
|-boost|p1a: Veluza|atk|2
|-boost|p1a: Veluza|spa|2
|-boost|p1a: Veluza|spe|2
|-damage|p1a: Veluza|20/100
|-enditem|p1a: Veluza|Sitrus Berry|[eat]
|-heal|p1a: Veluza|45/100|[from] item: Sitrus Berry
|
|upkeep
|turn|17
|inactive|pivotslophaxmaxxer has 120 seconds left.
|
|t:|1779922472
|move|p1a: Veluza|Pain Split|p2a: Corviknight
|-sethp|p2a: Corviknight|63/100|[from] move: Pain Split|[silent]
|-sethp|p1a: Veluza|61/100|[from] move: Pain Split
|move|p2a: Corviknight|Body Press|p1a: Veluza
|-resisted|p1a: Veluza
|-damage|p1a: Veluza|30/100
|
|upkeep
|turn|18
|
|t:|1779922478
|move|p1a: Veluza|Pain Split|p2a: Corviknight
|-sethp|p2a: Corviknight|47/100|[from] move: Pain Split|[silent]
|-sethp|p1a: Veluza|46/100|[from] move: Pain Split
|move|p2a: Corviknight|Body Press|p1a: Veluza
|-resisted|p1a: Veluza
|-damage|p1a: Veluza|16/100
|
|upkeep
|turn|19
|
|t:|1779922485
|move|p1a: Veluza|Pain Split|p2a: Corviknight
|-sethp|p2a: Corviknight|32/100|[from] move: Pain Split|[silent]
|-sethp|p1a: Veluza|31/100|[from] move: Pain Split
|move|p2a: Corviknight|Body Press|p1a: Veluza
|-resisted|p1a: Veluza
|-damage|p1a: Veluza|0 fnt
|faint|p1a: Veluza
|
|upkeep
|
|t:|1779922490
|switch|p1a: Maushold|Maushold|100/100
|turn|20
|
|t:|1779922494
|-terastallize|p1a: Maushold|Ghost
|move|p1a: Maushold|Encore|p2a: Corviknight
|-start|p2a: Corviknight|Encore
|move|p2a: Corviknight|Body Press|p1a: Maushold
|-immune|p1a: Maushold
|
|upkeep
|turn|21
|
|t:|1779922502
|switch|p2a: Weezing|Weezing-Galar, M|100/100
|-ability|p2a: Weezing|Neutralizing Gas
|move|p1a: Maushold|Tidy Up|p1a: Maushold
|-boost|p1a: Maushold|atk|1
|-boost|p1a: Maushold|spe|1
|
|upkeep
|turn|22
|
|t:|1779922507
|move|p1a: Maushold|Population Bomb|p2a: Weezing
|-damage|p2a: Weezing|93/100
|-damage|p2a: Weezing|86/100
|-damage|p2a: Weezing|79/100
|-damage|p2a: Weezing|71/100
|-damage|p2a: Weezing|62/100
|-damage|p2a: Weezing|56/100
|-damage|p2a: Weezing|49/100
|-damage|p2a: Weezing|42/100
|-damage|p2a: Weezing|35/100
|-damage|p2a: Weezing|28/100
|-hitcount|p2a: Weezing|10
|move|p2a: Weezing|Will-O-Wisp|p1a: Maushold
|-status|p1a: Maushold|brn
|
|-heal|p2a: Weezing|34/100|[from] item: Leftovers
|-damage|p1a: Maushold|94/100 brn|[from] brn
|upkeep
|turn|23
|
|t:|1779922513
|-end|p2a: Weezing|ability: Neutralizing Gas
|switch|p2a: Corviknight|Corviknight, F|32/100
|-ability|p2a: Corviknight|Pressure
|move|p1a: Maushold|Population Bomb|p2a: Corviknight
|-resisted|p2a: Corviknight
|-damage|p2a: Corviknight|29/100
|-damage|p1a: Maushold|78/100 brn|[from] item: Rocky Helmet|[of] p2a: Corviknight
|-resisted|p2a: Corviknight
|-damage|p2a: Corviknight|26/100
|-damage|p1a: Maushold|61/100 brn|[from] item: Rocky Helmet|[of] p2a: Corviknight
|-resisted|p2a: Corviknight
|-crit|p2a: Corviknight
|-damage|p2a: Corviknight|22/100
|-damage|p1a: Maushold|44/100 brn|[from] item: Rocky Helmet|[of] p2a: Corviknight
|-resisted|p2a: Corviknight
|-damage|p2a: Corviknight|19/100
|-damage|p1a: Maushold|28/100 brn|[from] item: Rocky Helmet|[of] p2a: Corviknight
|-resisted|p2a: Corviknight
|-damage|p2a: Corviknight|17/100
|-damage|p1a: Maushold|11/100 brn|[from] item: Rocky Helmet|[of] p2a: Corviknight
|-resisted|p2a: Corviknight
|-damage|p2a: Corviknight|14/100
|-damage|p1a: Maushold|0 fnt|[from] item: Rocky Helmet|[of] p2a: Corviknight
|faint|p1a: Maushold
|-hitcount|p2a: Corviknight|6
|
|upkeep
|
|t:|1779922519
|switch|p1a: Dragonite|Dragonite, M|100/100
|turn|24
|
|t:|1779922525
|switch|p2a: Alomomola|Alomomola, F|69/100
|move|p1a: Dragonite|Ice Spinner|p2a: Alomomola
|-resisted|p2a: Alomomola
|-damage|p2a: Alomomola|61/100
|
|upkeep
|turn|25
|-message|pivotslophaxmaxxer forfeited.
|
|win|juiicychiller
|raw|pivotslophaxmaxxer's rating: 1658 &rarr; <strong>1639</strong><br />(-19 for losing)
|raw|juiicychiller's rating: 1679 &rarr; <strong>1698</strong><br />(+19 for winning)
|l|☆pivotslophaxmaxxer
|player|p1|
|l|☆juiicychiller
|player|p2|
