|j|☆HokaHemat
|j|☆random168
|t:|1779934089
|gametype|singles
|player|p1|HokaHemat|169|1142
|player|p2|random168|265|1197
|gen|9
|tier|[Gen 9] OU
|rated|
|rule|HP Percentage Mod: HP is shown in percentages
|rule|Endless Battle Clause: Forcing endless battles is banned
|rule|Species Clause: Limit one of each Pokémon
|rule|OHKO Clause: OHKO moves are banned
|rule|Evasion Items Clause: Evasion items are banned
|rule|Evasion Moves Clause: Evasion moves are banned
|rule|Evasion Abilities Clause: Evasion abilities are banned
|rule|Sleep Moves Clause: Sleep-inducing moves are banned
|clearpoke
|poke|p1|Whimsicott, F|
|poke|p1|Hatterene, F|
|poke|p1|Great Tusk|
|poke|p1|Ursaluna, M|
|poke|p1|Reuniclus, M|
|poke|p1|Iron Crown|
|poke|p2|Pelipper, L99, F|
|poke|p2|Barraskewda, F|
|poke|p2|Toxicroak, F|
|poke|p2|Tentacruel, F|
|poke|p2|Raging Bolt|
|poke|p2|Great Tusk|
|teampreview
|
|t:|1779934097
|teamsize|p1|6
|teamsize|p2|6
|start
|switch|p1a: Whimsicott|Whimsicott, F|100/100
|switch|p2a: Great Tusk|Great Tusk|100/100
|turn|1
|
|t:|1779934107
|move|p2a: Great Tusk|Ice Spinner|p1a: Whimsicott
|-supereffective|p1a: Whimsicott
|-damage|p1a: Whimsicott|46/100
|move|p1a: Whimsicott|Trick Room|p1a: Whimsicott
|-fieldstart|move: Trick Room|[of] p1a: Whimsicott
|
|-heal|p1a: Whimsicott|52/100|[from] item: Leftovers
|upkeep
|turn|2
|
|t:|1779934123
|move|p1a: Whimsicott|Memento|p2a: Great Tusk
|-unboost|p2a: Great Tusk|atk|2
|-unboost|p2a: Great Tusk|spa|2
|faint|p1a: Whimsicott
|move|p2a: Great Tusk|Ice Spinner|p1: Whimsicott|[notarget]
|-fail|p2a: Great Tusk
|
|upkeep
|
|t:|1779934129
|switch|p1a: Reuniclus|Reuniclus, M|100/100
|turn|3
|
|t:|1779934138
|-end|p2a: Great Tusk|Protosynthesis|[silent]
|switch|p2a: Ghoti carrier|Pelipper, L99, F|100/100
|-weather|RainDance|[from] ability: Drizzle|[of] p2a: Ghoti carrier
|move|p1a: Reuniclus|Calm Mind|p1a: Reuniclus
|-boost|p1a: Reuniclus|spa|1
|-boost|p1a: Reuniclus|spd|1
|
|-weather|RainDance|[upkeep]
|upkeep
|turn|4
|
|t:|1779934148
|switch|p2a: Tentacruel|Tentacruel, F|100/100
|move|p1a: Reuniclus|Expanding Force|p2a: Tentacruel
|-supereffective|p2a: Tentacruel
|-damage|p2a: Tentacruel|49/100
|
|-weather|RainDance|[upkeep]
|-heal|p2a: Tentacruel|55/100|[from] ability: Rain Dish
|upkeep
|turn|5
|
|t:|1779934160
|move|p1a: Reuniclus|Expanding Force|p2a: Tentacruel
|-supereffective|p2a: Tentacruel
|-damage|p2a: Tentacruel|5/100
|move|p2a: Tentacruel|Mirror Coat|p1a: Reuniclus
|-damage|p1a: Reuniclus|15/100
|
|-weather|RainDance|[upkeep]
|-heal|p2a: Tentacruel|11/100|[from] ability: Rain Dish
|-fieldend|move: Trick Room
|upkeep
|turn|6
|
|t:|1779934175
|switch|p1a: Great Tusk|Great Tusk|100/100
|-enditem|p1a: Great Tusk|Booster Energy
|-activate|p1a: Great Tusk|ability: Protosynthesis|[fromitem]
|-start|p1a: Great Tusk|protosynthesisspe
|move|p2a: Tentacruel|Knock Off|p1a: Great Tusk
|-resisted|p1a: Great Tusk
|-damage|p1a: Great Tusk|97/100
|
|-weather|RainDance|[upkeep]
|-heal|p2a: Tentacruel|17/100|[from] ability: Rain Dish
|upkeep
|turn|7
|
|t:|1779934192
|move|p1a: Great Tusk|Headlong Rush|p2a: Tentacruel
|-supereffective|p2a: Tentacruel
|-damage|p2a: Tentacruel|0 fnt
|-unboost|p1a: Great Tusk|def|1
|-unboost|p1a: Great Tusk|spd|1
|faint|p2a: Tentacruel
|
|-weather|RainDance|[upkeep]
|upkeep
|
|t:|1779934198
|switch|p2a: ExSkewda Me|Barraskewda, F|100/100
|turn|8
|
|t:|1779934210
|move|p2a: ExSkewda Me|Liquidation|p1a: Great Tusk
|-supereffective|p1a: Great Tusk
|-damage|p1a: Great Tusk|0 fnt
|faint|p1a: Great Tusk
|-end|p1a: Great Tusk|Protosynthesis|[silent]
|
|-weather|RainDance|[upkeep]
|upkeep
|
|t:|1779934219
|switch|p1a: Hatterene|Hatterene, F|100/100
|turn|9
|
|t:|1779934223
|-terastallize|p2a: ExSkewda Me|Water
|move|p2a: ExSkewda Me|Liquidation|p1a: Hatterene
|-enditem|p1a: Hatterene|Focus Sash
|-damage|p1a: Hatterene|1/100
|move|p1a: Hatterene|Trick Room|p1a: Hatterene
|-fieldstart|move: Trick Room|[of] p1a: Hatterene
|
|-weather|RainDance|[upkeep]
|upkeep
|turn|10
|
|t:|1779934237
|switch|p2a: Toxicroak|Toxicroak, F|100/100
|move|p1a: Hatterene|Misty Explosion|p2a: Toxicroak
|-damage|p2a: Toxicroak|22/100
|faint|p1a: Hatterene
|
|-weather|none
|-heal|p2a: Toxicroak|29/100|[from] item: Leftovers
|upkeep
|
|t:|1779934245
|switch|p1a: Ursaluna|Ursaluna, M|100/100
|turn|11
|
|t:|1779934249
|move|p1a: Ursaluna|Facade|p2a: Toxicroak
|-crit|p2a: Toxicroak
|-damage|p2a: Toxicroak|0 fnt
|faint|p2a: Toxicroak
|
|-status|p1a: Ursaluna|brn|[from] item: Flame Orb
|upkeep
|
|t:|1779934254
|switch|p2a: Raging Bolt|Raging Bolt|100/100
|turn|12
|
|t:|1779934259
|move|p1a: Ursaluna|Headlong Rush|p2a: Raging Bolt
|-supereffective|p2a: Raging Bolt
|-crit|p2a: Raging Bolt
|-damage|p2a: Raging Bolt|0 fnt
|-unboost|p1a: Ursaluna|def|1
|-unboost|p1a: Ursaluna|spd|1
|faint|p2a: Raging Bolt
|-end|p2a: Raging Bolt|Protosynthesis|[silent]
|
|-damage|p1a: Ursaluna|94/100 brn|[from] brn
|upkeep
|
|t:|1779934263
|switch|p2a: Great Tusk|Great Tusk|100/100
|turn|13
|
|t:|1779934273
|move|p1a: Ursaluna|Facade|p2a: Great Tusk
|-damage|p2a: Great Tusk|8/100
|move|p2a: Great Tusk|Ice Spinner|p1a: Ursaluna
|-supereffective|p1a: Ursaluna
|-damage|p1a: Ursaluna|31/100 brn
|
|-damage|p1a: Ursaluna|25/100 brn|[from] brn
|-fieldend|move: Trick Room
|upkeep
|turn|14
|
|t:|1779934284
|switch|p1a: Iron Crown|Iron Crown|100/100
|-enditem|p1a: Iron Crown|Booster Energy
|-activate|p1a: Iron Crown|ability: Quark Drive|[fromitem]
|-start|p1a: Iron Crown|quarkdrivespa
|move|p2a: Great Tusk|Ice Spinner|p1a: Iron Crown
|-resisted|p1a: Iron Crown
|-damage|p1a: Iron Crown|85/100
|
|upkeep
|turn|15
|
|t:|1779934293
|move|p2a: Great Tusk|Ice Spinner|p1a: Iron Crown
|-resisted|p1a: Iron Crown
|-damage|p1a: Iron Crown|69/100
|move|p1a: Iron Crown|Tachyon Cutter|p2a: Great Tusk
|-damage|p2a: Great Tusk|0 fnt
|faint|p2a: Great Tusk
|-end|p2a: Great Tusk|Protosynthesis|[silent]
|-hitcount|p2: Great Tusk|1
|
|upkeep
|
|t:|1779934296
|switch|p2a: Ghoti carrier|Pelipper, L99, F|100/100
|-weather|RainDance|[from] ability: Drizzle|[of] p2a: Ghoti carrier
|turn|16
|
|t:|1779934326
|-terastallize|p1a: Iron Crown|Steel
|move|p1a: Iron Crown|Sacred Sword|p2a: Ghoti carrier
|-resisted|p2a: Ghoti carrier
|-damage|p2a: Ghoti carrier|95/100
|move|p2a: Ghoti carrier|U-turn|p1a: Iron Crown
|-resisted|p1a: Iron Crown
|-damage|p1a: Iron Crown|64/100
|
|t:|1779934330
|switch|p2a: ExSkewda Me|Barraskewda, F, tera:Water|100/100|[from] U-turn
|
|-weather|RainDance|[upkeep]
|upkeep
|turn|17
|
|t:|1779934342
|move|p2a: ExSkewda Me|Liquidation|p1a: Iron Crown
|-damage|p1a: Iron Crown|0 fnt
|faint|p1a: Iron Crown
|-end|p1a: Iron Crown|Quark Drive|[silent]
|
|-weather|RainDance|[upkeep]
|upkeep
|
|t:|1779934347
|switch|p1a: Reuniclus|Reuniclus, M|15/100
|turn|18
|
|t:|1779934351
|move|p2a: ExSkewda Me|Liquidation|p1a: Reuniclus
|-damage|p1a: Reuniclus|0 fnt
|faint|p1a: Reuniclus
|
|-weather|RainDance|[upkeep]
|upkeep
|inactive|Battle timer is ON: inactive players will automatically lose when time's up. (requested by random168)
|
|t:|1779934356
|switch|p1a: Ursaluna|Ursaluna, M|25/100 brn
|turn|19
|
|t:|1779934360
|move|p2a: ExSkewda Me|Liquidation|p1a: Ursaluna
|-supereffective|p1a: Ursaluna
|-damage|p1a: Ursaluna|0 fnt
|faint|p1a: Ursaluna
|
|win|random168
|raw|HokaHemat's rating: 1142 &rarr; <strong>1121</strong><br />(-21 for losing)
|raw|random168's rating: 1197 &rarr; <strong>1218</strong><br />(+21 for winning)
|l|☆random168
|player|p2|
