|j|☆Rubicouss
|j|☆pineapplefred2
|t:|1779947936
|gametype|singles
|player|p1|Rubicouss|gambler|1326
|player|p2|pineapplefred2|red|1368
|gen|9
|tier|[Gen 9] OU
|rated|
|rule|HP Percentage Mod: HP is shown in percentages
|rule|Endless Battle Clause: Forcing endless battles is banned
|rule|Species Clause: Limit one of each Pokémon
|rule|OHKO Clause: OHKO moves are banned
|rule|Evasion Items Clause: Evasion items are banned
|rule|Evasion Moves Clause: Evasion moves are banned
|rule|Evasion Abilities Clause: Evasion abilities are banned
|rule|Sleep Moves Clause: Sleep-inducing moves are banned
|clearpoke
|poke|p1|Empoleon, F|
|poke|p1|Spidops, F|
|poke|p1|Sinistcha|
|poke|p1|Cinderace, M|
|poke|p1|Bisharp, F|
|poke|p1|Rotom-Wash|
|poke|p2|Kyurem|
|poke|p2|Slowking-Galar, F|
|poke|p2|Dragapult, F|
|poke|p2|Kingambit, F|
|poke|p2|Great Tusk|
|poke|p2|Moltres|
|teampreview
|
|t:|1779947946
|teamsize|p1|6
|teamsize|p2|6
|start
|switch|p1a: Spidops|Spidops, F|100/100
|switch|p2a: Moltres|Moltres|100/100
|turn|1
|
|t:|1779947952
|switch|p1a: Rotom|Rotom-Wash|100/100
|move|p2a: Moltres|Flamethrower|p1a: Rotom
|-resisted|p1a: Rotom
|-damage|p1a: Rotom|75/100
|
|upkeep
|turn|2
|
|t:|1779947959
|switch|p2a: Slowking|Slowking-Galar, F|100/100
|move|p1a: Rotom|Hydro Pump|p2a: Slowking
|-damage|p2a: Slowking|73/100
|
|upkeep
|turn|3
|
|t:|1779947964
|switch|p1a: Spidops|Spidops, F|100/100
|-prepare|p2a: Slowking|Chilly Reception|[premajor]
|move|p2a: Slowking|Chilly Reception|p2a: Slowking
|-weather|Snowscape
|
|t:|1779947971
|switch|p2a: Moltres|Moltres|100/100|[from] Chilly Reception
|
|-weather|Snowscape|[upkeep]
|upkeep
|turn|4
|
|t:|1779947974
|switch|p1a: Rotom|Rotom-Wash|75/100
|move|p2a: Moltres|Flamethrower|p1a: Rotom
|-resisted|p1a: Rotom
|-crit|p1a: Rotom
|-damage|p1a: Rotom|39/100
|
|-weather|Snowscape|[upkeep]
|upkeep
|turn|5
|
|t:|1779947981
|switch|p2a: Great Tusk|Great Tusk|100/100
|move|p1a: Rotom|Trick|p2a: Great Tusk
|-activate|p1a: Rotom|move: Trick|[of] p2a: Great Tusk
|-item|p2a: Great Tusk|Choice Scarf|[from] move: Trick
|-item|p1a: Rotom|Heavy-Duty Boots|[from] move: Trick
|
|-weather|Snowscape|[upkeep]
|upkeep
|turn|6
|
|t:|1779947992
|move|p2a: Great Tusk|Knock Off|p1a: Rotom
|-damage|p1a: Rotom|0 fnt
|-enditem|p1a: Rotom|Heavy-Duty Boots|[from] move: Knock Off|[of] p2a: Great Tusk
|faint|p1a: Rotom
|
|-weather|Snowscape|[upkeep]
|upkeep
|
|t:|1779947996
|switch|p1a: Spidops|Spidops, F|100/100
|turn|7
|
|t:|1779948000
|move|p2a: Great Tusk|Knock Off|p1a: Spidops
|-damage|p1a: Spidops|66/100
|-enditem|p1a: Spidops|Red Card|[from] move: Knock Off|[of] p2a: Great Tusk
|move|p1a: Spidops|Sticky Web|p2a: Great Tusk
|-sidestart|p2: pineapplefred2|move: Sticky Web
|
|-weather|none
|upkeep
|turn|8
|
|t:|1779948015
|-end|p2a: Great Tusk|Protosynthesis|[silent]
|switch|p2a: Moltres|Moltres|100/100
|switch|p1a: Bisharp|Bisharp, F|100/100
|
|upkeep
|turn|9
|
|t:|1779948021
|switch|p1a: Cinderace|Cinderace, M|100/100
|move|p2a: Moltres|Will-O-Wisp|p1a: Cinderace
|-immune|p1a: Cinderace
|
|upkeep
|turn|10
|
|t:|1779948028
|move|p1a: Cinderace|Court Change|p1a: Cinderace
|-start|p1a: Cinderace|typechange|Normal|[from] ability: Libero
|-swapsideconditions
|-activate|p1a: Cinderace|move: Court Change
|move|p2a: Moltres|U-turn|p1a: Cinderace
|-damage|p1a: Cinderace|81/100
|
|t:|1779948036
|switch|p2a: Great Tusk|Great Tusk|100/100|[from] U-turn
|
|upkeep
|turn|11
|
|t:|1779948039
|move|p2a: Great Tusk|Knock Off|p1a: Cinderace
|-damage|p1a: Cinderace|40/100
|-enditem|p1a: Cinderace|Heavy-Duty Boots|[from] move: Knock Off|[of] p2a: Great Tusk
|move|p1a: Cinderace|Will-O-Wisp|p2a: Great Tusk
|-status|p2a: Great Tusk|brn
|
|-damage|p2a: Great Tusk|94/100 brn|[from] brn
|upkeep
|turn|12
|
|t:|1779948053
|switch|p1a: Spidops|Spidops, F|66/100
|-activate|p1a: Spidops|move: Sticky Web
|-unboost|p1a: Spidops|spe|1
|move|p2a: Great Tusk|Knock Off|p1a: Spidops
|-damage|p1a: Spidops|54/100
|
|-damage|p2a: Great Tusk|88/100 brn|[from] brn
|upkeep
|turn|13
|
|t:|1779948073
|-end|p2a: Great Tusk|Protosynthesis|[silent]
|switch|p2a: Dragapult|Dragapult, F|100/100
|move|p1a: Spidops|Sticky Web|p2a: Dragapult
|-sidestart|p2: pineapplefred2|move: Sticky Web
|
|upkeep
|turn|14
|
|t:|1779948078
|move|p2a: Dragapult|Dragon Darts|p1a: Spidops
|-damage|p1a: Spidops|14/100
|-anim|p2a: Dragapult|Dragon Darts|p1a: Spidops
|-damage|p1a: Spidops|0 fnt
|faint|p1a: Spidops
|
|upkeep
|
|t:|1779948084
|switch|p1a: Bisharp|Bisharp, F|100/100
|-activate|p1a: Bisharp|move: Sticky Web
|-unboost|p1a: Bisharp|spe|1
|-ability|p1a: Bisharp|Defiant|boost
|-boost|p1a: Bisharp|atk|2
|turn|15
|
|t:|1779948087
|switch|p2a: Moltres|Moltres|100/100
|move|p1a: Bisharp|Swords Dance|p1a: Bisharp
|-boost|p1a: Bisharp|atk|2
|
|upkeep
|turn|16
|
|t:|1779948095
|switch|p1a: Empoleon|Empoleon, F|100/100
|-activate|p1a: Empoleon|move: Sticky Web
|-unboost|p1a: Empoleon|spe|1
|-ability|p1a: Empoleon|Competitive|boost
|-boost|p1a: Empoleon|spa|2
|-enditem|p1a: Empoleon|White Herb
|-clearnegativeboost|p1a: Empoleon|[silent]
|move|p2a: Moltres|Will-O-Wisp|p1a: Empoleon
|-status|p1a: Empoleon|brn
|
|-damage|p1a: Empoleon|95/100 brn|[from] brn
|upkeep
|turn|17
|
|t:|1779948108
|switch|p2a: Kyurem|Kyurem|100/100
|-activate|p2a: Kyurem|move: Sticky Web
|-unboost|p2a: Kyurem|spe|1
|-ability|p2a: Kyurem|Pressure
|move|p1a: Empoleon|Agility|p1a: Empoleon
|-boost|p1a: Empoleon|spe|2
|
|-damage|p1a: Empoleon|89/100 brn|[from] brn
|upkeep
|turn|18
|
|t:|1779948119
|-terastallize|p2a: Kyurem|Ground
|move|p1a: Empoleon|Ice Beam|p2a: Kyurem
|-supereffective|p2a: Kyurem
|-damage|p2a: Kyurem|0 fnt
|faint|p2a: Kyurem
|
|-damage|p1a: Empoleon|83/100 brn|[from] brn
|upkeep
|
|t:|1779948127
|switch|p2a: Kingambit|Kingambit, F|100/100
|-activate|p2a: Kingambit|move: Sticky Web
|-unboost|p2a: Kingambit|spe|1
|-activate|p2a: Kingambit|ability: Supreme Overlord
|-start|p2a: Kingambit|fallen1|[silent]
|turn|19
|
|t:|1779948137
|move|p1a: Empoleon|Surf|p2a: Kingambit
|-crit|p2a: Kingambit
|-damage|p2a: Kingambit|0 fnt
|faint|p2a: Kingambit
|-end|p2a: Kingambit|fallen1|[silent]
|
|-damage|p1a: Empoleon|77/100 brn|[from] brn
|upkeep
|
|t:|1779948139
|switch|p2a: Slowking|Slowking-Galar, F|100/100
|turn|20
|
|t:|1779948154
|move|p1a: Empoleon|Surf|p2a: Slowking
|-damage|p2a: Slowking|49/100
|move|p2a: Slowking|Future Sight|p1a: Empoleon
|-start|p2a: Slowking|move: Future Sight
|
|-damage|p1a: Empoleon|71/100 brn|[from] brn
|upkeep
|turn|21
|
|t:|1779948165
|move|p1a: Empoleon|Surf|p2a: Slowking
|-damage|p2a: Slowking|0 fnt
|faint|p2a: Slowking
|
|-damage|p1a: Empoleon|65/100 brn|[from] brn
|upkeep
|
|t:|1779948170
|switch|p2a: Great Tusk|Great Tusk|88/100 brn
|-activate|p2a: Great Tusk|move: Sticky Web
|-unboost|p2a: Great Tusk|spe|1
|turn|22
|l|☆Rubicouss
|player|p1|
|j|☆Rubicouss
|player|p1|Rubicouss|gambler|
|
|t:|1779948228
|move|p1a: Empoleon|Ice Beam|p2a: Great Tusk
|-supereffective|p2a: Great Tusk
|-damage|p2a: Great Tusk|0 fnt
|faint|p2a: Great Tusk
|-end|p2a: Great Tusk|Protosynthesis|[silent]
|
|-end|p1a: Empoleon|move: Future Sight
|-resisted|p1a: Empoleon
|-damage|p1a: Empoleon|42/100 brn
|-damage|p1a: Empoleon|36/100 brn|[from] brn
|upkeep
|
|t:|1779948239
|switch|p2a: Moltres|Moltres|100/100
|turn|23
|
|t:|1779948244
|move|p1a: Empoleon|Surf|p2a: Moltres
|-supereffective|p2a: Moltres
|-damage|p2a: Moltres|0 fnt
|faint|p2a: Moltres
|
|-damage|p1a: Empoleon|30/100 brn|[from] brn
|upkeep
|
|t:|1779948246
|switch|p2a: Dragapult|Dragapult, F|100/100
|-activate|p2a: Dragapult|move: Sticky Web
|-unboost|p2a: Dragapult|spe|1
|turn|24
|
|t:|1779948249
|move|p1a: Empoleon|Ice Beam|p2a: Dragapult
|-supereffective|p2a: Dragapult
|-damage|p2a: Dragapult|0 fnt
|faint|p2a: Dragapult
|
|win|Rubicouss
|raw|Rubicouss's rating: 1326 &rarr; <strong>1348</strong><br />(+22 for winning)
|raw|pineapplefred2's rating: 1368 &rarr; <strong>1346</strong><br />(-22 for losing)
|l|☆pineapplefred2
|player|p2|
