|j|☆teapause
|j|☆3rdIblind
|t:|1779889078
|gametype|singles
|player|p1|teapause|waiter|1466
|player|p2|3rdIblind|shauntal|1478
|gen|9
|tier|[Gen 9] OU
|rated|
|rule|HP Percentage Mod: HP is shown in percentages
|rule|Endless Battle Clause: Forcing endless battles is banned
|rule|Species Clause: Limit one of each Pokémon
|rule|OHKO Clause: OHKO moves are banned
|rule|Evasion Items Clause: Evasion items are banned
|rule|Evasion Moves Clause: Evasion moves are banned
|rule|Evasion Abilities Clause: Evasion abilities are banned
|rule|Sleep Moves Clause: Sleep-inducing moves are banned
|clearpoke
|poke|p1|Tropius, F|
|poke|p1|Torkoal, M|
|poke|p1|Heatran, F|
|poke|p1|Clefable, M|
|poke|p1|Glimmora, M|
|poke|p1|Walking Wake|
|poke|p2|Great Tusk|
|poke|p2|Alomomola, M|
|poke|p2|Kingambit, M|
|poke|p2|Tornadus-Therian, M|
|poke|p2|Ogerpon, F|
|poke|p2|Glimmora, M|
|teampreview
|inactive|Battle timer is ON: inactive players will automatically lose when time's up. (requested by teapause)
|inactive|3rdIblind has 120 seconds left.
|
|t:|1779889127
|teamsize|p1|6
|teamsize|p2|6
|start
|switch|p1a: Torkoal|Torkoal, M|100/100
|switch|p2a: Glimmora|Glimmora, M|100/100
|-weather|SunnyDay|[from] ability: Drought|[of] p1a: Torkoal
|turn|1
|
|t:|1779889136
|move|p2a: Glimmora|Toxic|p1a: Torkoal
|-status|p1a: Torkoal|tox
|move|p1a: Torkoal|Earth Power|p2a: Glimmora
|-supereffective|p2a: Glimmora
|-damage|p2a: Glimmora|18/100
|
|-weather|SunnyDay|[upkeep]
|-heal|p2a: Glimmora|25/100|[from] item: Leftovers
|-damage|p1a: Torkoal|94/100 tox|[from] psn
|upkeep
|turn|2
|
|t:|1779889153
|switch|p2a: Alomomola|Alomomola, M|100/100
|switch|p1a: Walking Wake|Walking Wake|100/100
|-activate|p1a: Walking Wake|ability: Protosynthesis
|-start|p1a: Walking Wake|protosynthesisspa
|
|-weather|SunnyDay|[upkeep]
|upkeep
|turn|3
|
|t:|1779889164
|move|p1a: Walking Wake|Dragon Pulse|p2a: Alomomola
|-damage|p2a: Alomomola|73/100
|move|p2a: Alomomola|Mirror Coat|p1a: Walking Wake
|-damage|p1a: Walking Wake|15/100
|
|-weather|SunnyDay|[upkeep]
|upkeep
|turn|4
|
|t:|1779889175
|-end|p1a: Walking Wake|Protosynthesis|[silent]
|switch|p1a: Glimmora|Glimmora, M|100/100
|move|p2a: Alomomola|Flip Turn|p1a: Glimmora
|-supereffective|p1a: Glimmora
|-damage|p1a: Glimmora|80/100
|-activate|p1a: Glimmora|ability: Toxic Debris
|-sidestart|p2: 3rdIblind|move: Toxic Spikes
|inactive|3rdIblind has 120 seconds left.
|
|t:|1779889214
|switch|p2a: Great Tusk|Great Tusk|100/100|[from] Flip Turn
|-status|p2a: Great Tusk|psn
|-activate|p2a: Great Tusk|ability: Protosynthesis
|-start|p2a: Great Tusk|protosynthesisatk
|
|-weather|SunnyDay|[upkeep]
|-damage|p2a: Great Tusk|88/100 psn|[from] psn
|upkeep
|turn|5
|
|t:|1779889226
|switch|p1a: Torkoal|Torkoal, M|94/100 tox
|move|p2a: Great Tusk|Close Combat|p1a: Torkoal
|-damage|p1a: Torkoal|38/100 tox
|-unboost|p2a: Great Tusk|def|1
|-unboost|p2a: Great Tusk|spd|1
|-damage|p2a: Great Tusk|71/100 psn|[from] item: Rocky Helmet|[of] p1a: Torkoal
|
|-weather|none
|-end|p2a: Great Tusk|Protosynthesis
|-damage|p2a: Great Tusk|59/100 psn|[from] psn
|-damage|p1a: Torkoal|32/100 tox|[from] psn
|upkeep
|turn|6
|
|t:|1779889239
|-end|p2a: Great Tusk|Protosynthesis|[silent]
|switch|p2a: Alomomola|Alomomola, M|100/100
|-status|p2a: Alomomola|psn
|switch|p1a: Tropius|Tropius, F|100/100
|
|-damage|p2a: Alomomola|88/100 psn|[from] psn
|upkeep
|turn|7
|
|t:|1779889249
|move|p1a: Tropius|Substitute|p1a: Tropius
|-start|p1a: Tropius|Substitute
|-damage|p1a: Tropius|76/100
|move|p2a: Alomomola|Flip Turn|p1a: Tropius
|-resisted|p1a: Tropius
|-activate|p1a: Tropius|move: Substitute|[damage]
|
|t:|1779889252
|switch|p2a: Glimmora|Glimmora, M|25/100|[from] Flip Turn
|-sideend|p2: 3rdIblind|move: Toxic Spikes|[of] p2a: Glimmora
|
|-heal|p2a: Glimmora|31/100|[from] item: Leftovers
|upkeep
|turn|8
|
|t:|1779889262
|move|p2a: Glimmora|Mortal Spin|p1a: Tropius
|-supereffective|p1a: Tropius
|-activate|p1a: Tropius|move: Substitute|[damage]
|move|p1a: Tropius|Leech Seed|p2a: Glimmora
|-start|p2a: Glimmora|move: Leech Seed
|
|-heal|p2a: Glimmora|37/100|[from] item: Leftovers
|-damage|p2a: Glimmora|25/100|[from] Leech Seed|[of] p1a: Tropius
|-heal|p1a: Tropius|87/100|[silent]
|upkeep
|turn|9
|
|t:|1779889272
|move|p1a: Tropius|Protect|p1a: Tropius
|-singleturn|p1a: Tropius|Protect
|move|p2a: Glimmora|Sludge Bomb|p1a: Tropius
|-activate|p1a: Tropius|move: Protect
|
|-heal|p2a: Glimmora|31/100|[from] item: Leftovers
|-damage|p2a: Glimmora|18/100|[from] Leech Seed|[of] p1a: Tropius
|-heal|p1a: Tropius|99/100|[silent]
|upkeep
|turn|10
|
|t:|1779889283
|move|p2a: Glimmora|Sludge Bomb|p1a: Tropius
|-supereffective|p1a: Tropius
|-end|p1a: Tropius|Substitute
|move|p1a: Tropius|Substitute|p1a: Tropius
|-start|p1a: Tropius|Substitute
|-damage|p1a: Tropius|74/100
|
|-heal|p2a: Glimmora|25/100|[from] item: Leftovers
|-damage|p2a: Glimmora|12/100|[from] Leech Seed|[of] p1a: Tropius
|-heal|p1a: Tropius|85/100|[silent]
|upkeep
|turn|11
|
|t:|1779889294
|switch|p2a: Ogerpon|Ogerpon, F|100/100
|move|p1a: Tropius|Hurricane|p2a: Ogerpon
|-supereffective|p2a: Ogerpon
|-damage|p2a: Ogerpon|0 fnt
|faint|p2a: Ogerpon
|
|upkeep
|
|t:|1779889305
|switch|p2a: Great Tusk|Great Tusk|59/100 psn
|turn|12
|
|t:|1779889310
|move|p2a: Great Tusk|Ice Spinner|p1a: Tropius
|-supereffective|p1a: Tropius
|-end|p1a: Tropius|Substitute
|move|p1a: Tropius|Hurricane|p2a: Great Tusk|[miss]
|-miss|p1a: Tropius|p2a: Great Tusk
|
|-damage|p2a: Great Tusk|47/100 psn|[from] psn
|upkeep
|turn|13
|
|t:|1779889319
|move|p1a: Tropius|Protect|p1a: Tropius
|-singleturn|p1a: Tropius|Protect
|move|p2a: Great Tusk|Ice Spinner|p1a: Tropius
|-activate|p1a: Tropius|move: Protect
|
|-damage|p2a: Great Tusk|34/100 psn|[from] psn
|upkeep
|turn|14
|
|t:|1779889331
|-end|p2a: Great Tusk|Protosynthesis|[silent]
|switch|p2a: Glimmora|Glimmora, M|12/100
|-terastallize|p1a: Tropius|Steel
|move|p1a: Tropius|Substitute|p1a: Tropius
|-start|p1a: Tropius|Substitute
|-damage|p1a: Tropius|60/100
|
|-heal|p2a: Glimmora|18/100|[from] item: Leftovers
|upkeep
|turn|15
|
|t:|1779889342
|move|p2a: Glimmora|Stealth Rock|p1a: Tropius
|-sidestart|p1: teapause|move: Stealth Rock
|move|p1a: Tropius|Leech Seed|p2a: Glimmora
|-start|p2a: Glimmora|move: Leech Seed
|
|-heal|p2a: Glimmora|25/100|[from] item: Leftovers
|-damage|p2a: Glimmora|12/100|[from] Leech Seed|[of] p1a: Tropius
|-heal|p1a: Tropius|72/100|[silent]
|upkeep
|turn|16
|
|t:|1779889351
|switch|p2a: Alomomola|Alomomola, M|100/100 psn
|move|p1a: Tropius|Hurricane|p2a: Alomomola
|-damage|p2a: Alomomola|79/100 psn
|-start|p2a: Alomomola|confusion
|
|-damage|p2a: Alomomola|67/100 psn|[from] psn
|upkeep
|turn|17
|
|t:|1779889361
|move|p1a: Tropius|Leech Seed|p2a: Alomomola
|-start|p2a: Alomomola|move: Leech Seed
|-activate|p2a: Alomomola|confusion
|move|p2a: Alomomola|Flip Turn|p1a: Tropius
|-activate|p1a: Tropius|move: Substitute|[damage]
|
|t:|1779889369
|switch|p2a: Tornadus|Tornadus-Therian, M|100/100|[from] Flip Turn
|
|upkeep
|turn|18
|
|t:|1779889374
|move|p2a: Tornadus|Heat Wave|p1a: Tropius
|-supereffective|p1a: Tropius
|-end|p1a: Tropius|Substitute
|-damage|p2a: Tornadus|91/100|[from] item: Life Orb
|move|p1a: Tropius|Leech Seed|p2a: Tornadus
|-start|p2a: Tornadus|move: Leech Seed
|
|-damage|p2a: Tornadus|78/100|[from] Leech Seed|[of] p1a: Tropius
|-heal|p1a: Tropius|81/100|[silent]
|upkeep
|turn|19
|
|t:|1779889385
|move|p1a: Tropius|Protect|p1a: Tropius
|-singleturn|p1a: Tropius|Protect
|move|p2a: Tornadus|Nasty Plot|p2a: Tornadus
|-boost|p2a: Tornadus|spa|2
|
|-damage|p2a: Tornadus|66/100|[from] Leech Seed|[of] p1a: Tropius
|-heal|p1a: Tropius|90/100|[silent]
|upkeep
|turn|20
|
|t:|1779889394
|switch|p1a: Heatran|Heatran, F|100/100
|-damage|p1a: Heatran|88/100|[from] Stealth Rock
|move|p2a: Tornadus|Knock Off|p1a: Heatran
|-damage|p1a: Heatran|62/100
|-enditem|p1a: Heatran|Binding Band|[from] move: Knock Off|[of] p2a: Tornadus
|-damage|p2a: Tornadus|56/100|[from] item: Life Orb
|
|-damage|p2a: Tornadus|44/100|[from] Leech Seed|[of] p1a: Heatran
|-heal|p1a: Heatran|72/100|[silent]
|upkeep
|turn|21
|
|t:|1779889409
|switch|p2a: Alomomola|Alomomola, M|99/100 psn
|move|p1a: Heatran|Magma Storm|p2a: Alomomola
|-resisted|p2a: Alomomola
|-damage|p2a: Alomomola|90/100 psn
|-activate|p2a: Alomomola|move: Magma Storm|[of] p1a: Heatran
|
|-damage|p2a: Alomomola|78/100 psn|[from] psn
|-damage|p2a: Alomomola|65/100 psn|[from] move: Magma Storm|[partiallytrapped]
|upkeep
|turn|22
|
|t:|1779889420
|move|p1a: Heatran|Stealth Rock|p2a: Alomomola
|-sidestart|p2: 3rdIblind|move: Stealth Rock
|move|p2a: Alomomola|Flip Turn|p1a: Heatran
|-supereffective|p1a: Heatran
|-damage|p1a: Heatran|42/100
|
|t:|1779889432
|switch|p2a: Great Tusk|Great Tusk|34/100 psn|[from] Flip Turn
|-damage|p2a: Great Tusk|31/100 psn|[from] Stealth Rock
|
|-damage|p2a: Great Tusk|19/100 psn|[from] psn
|upkeep
|turn|23
|
|t:|1779889446
|switch|p1a: Torkoal|Torkoal, M|32/100 tox
|-damage|p1a: Torkoal|7/100 tox|[from] Stealth Rock
|-weather|SunnyDay|[from] ability: Drought|[of] p1a: Torkoal
|-activate|p2a: Great Tusk|ability: Protosynthesis
|-start|p2a: Great Tusk|protosynthesisatk
|move|p2a: Great Tusk|Close Combat|p1a: Torkoal
|-damage|p1a: Torkoal|0 fnt
|-unboost|p2a: Great Tusk|def|1
|-unboost|p2a: Great Tusk|spd|1
|-damage|p2a: Great Tusk|2/100 psn|[from] item: Rocky Helmet|[of] p1a: Torkoal
|faint|p1a: Torkoal
|
|-weather|SunnyDay|[upkeep]
|-damage|p2a: Great Tusk|0 fnt|[from] psn
|faint|p2a: Great Tusk
|-end|p2a: Great Tusk|Protosynthesis|[silent]
|upkeep
|inactive|teapause has 120 seconds left.
|
|t:|1779889471
|switch|p2a: Tornadus|Tornadus-Therian, M|77/100
|switch|p1a: Tropius|Tropius, F, tera:Steel|90/100
|-damage|p2a: Tornadus|52/100|[from] Stealth Rock
|-damage|p1a: Tropius|84/100|[from] Stealth Rock
|turn|24
|
|t:|1779889485
|switch|p1a: Heatran|Heatran, F|42/100
|-damage|p1a: Heatran|30/100|[from] Stealth Rock
|move|p2a: Tornadus|Heat Wave|p1a: Heatran
|-start|p1a: Heatran|ability: Flash Fire
|
|-weather|SunnyDay|[upkeep]
|upkeep
|turn|25
|
|t:|1779889497
|move|p2a: Tornadus|Bleakwind Storm|p1a: Heatran
|-resisted|p1a: Heatran
|-damage|p1a: Heatran|10/100
|-damage|p2a: Tornadus|43/100|[from] item: Life Orb
|move|p1a: Heatran|Magma Storm|p2a: Tornadus
|-damage|p2a: Tornadus|0 fnt
|faint|p2a: Tornadus
|
|-weather|SunnyDay|[upkeep]
|upkeep
|-message|3rdIblind forfeited.
|
|win|teapause
|raw|teapause's rating: 1466 &rarr; <strong>1487</strong><br />(+21 for winning)
|raw|3rdIblind's rating: 1478 &rarr; <strong>1457</strong><br />(-21 for losing)
|l|☆3rdIblind
|player|p2|
|l|☆teapause
|player|p1|
