|j|☆audryml
|j|☆CodarusKiang
|t:|1779834232
|gametype|singles
|player|p1|audryml|lucas-gen4pt|1082
|player|p2|CodarusKiang|hilbert|1077
|gen|9
|tier|[Gen 9] OU
|rated|
|rule|HP Percentage Mod: HP is shown in percentages
|rule|Endless Battle Clause: Forcing endless battles is banned
|rule|Species Clause: Limit one of each Pokémon
|rule|OHKO Clause: OHKO moves are banned
|rule|Evasion Items Clause: Evasion items are banned
|rule|Evasion Moves Clause: Evasion moves are banned
|rule|Evasion Abilities Clause: Evasion abilities are banned
|rule|Sleep Moves Clause: Sleep-inducing moves are banned
|clearpoke
|poke|p1|Umbreon, M|
|poke|p1|Espeon, F|
|poke|p1|Jolteon, M|
|poke|p1|Vaporeon, F|
|poke|p1|Sylveon, M|
|poke|p1|Cinderace, M|
|poke|p2|Mamoswine, F|
|poke|p2|Feraligatr, M|
|poke|p2|Tyranitar, F|
|poke|p2|Espeon, M|
|poke|p2|Infernape, F|
|poke|p2|Garchomp, M|
|teampreview
|
|t:|1779834241
|teamsize|p1|6
|teamsize|p2|6
|start
|switch|p1a: Séréna|Sylveon, M|100/100
|switch|p2a: Tyranitar|Tyranitar, F|100/100
|-weather|Sandstorm|[from] ability: Sand Stream|[of] p2a: Tyranitar
|turn|1
|
|t:|1779834251
|move|p2a: Tyranitar|Crunch|p1a: Séréna
|-resisted|p1a: Séréna
|-damage|p1a: Séréna|81/100
|-unboost|p1a: Séréna|def|1
|move|p1a: Séréna|Wish|p1a: Séréna
|
|-weather|Sandstorm|[upkeep]
|-damage|p1a: Séréna|75/100|[from] Sandstorm
|-heal|p1a: Séréna|81/100|[from] item: Leftovers
|upkeep
|turn|2
|
|t:|1779834263
|switch|p1a: Vaporeon|Vaporeon, F|100/100
|move|p2a: Tyranitar|Earthquake|p1a: Vaporeon
|-damage|p1a: Vaporeon|70/100
|
|-weather|Sandstorm|[upkeep]
|-damage|p1a: Vaporeon|64/100|[from] Sandstorm
|-heal|p1a: Vaporeon|100/100|[from] move: Wish|[wisher] Séréna
|upkeep
|turn|3
|
|t:|1779834284
|switch|p2a: Feraligatr|Feraligatr, M|100/100
|move|p1a: Vaporeon|Scald|p2a: Feraligatr
|-resisted|p2a: Feraligatr
|-damage|p2a: Feraligatr|85/100
|
|-weather|Sandstorm|[upkeep]
|-damage|p2a: Feraligatr|79/100|[from] Sandstorm
|-damage|p1a: Vaporeon|94/100|[from] Sandstorm
|-heal|p1a: Vaporeon|100/100|[from] item: Leftovers
|upkeep
|turn|4
|
|t:|1779834298
|move|p2a: Feraligatr|Crunch|p1a: Vaporeon
|-damage|p1a: Vaporeon|75/100
|move|p1a: Vaporeon|Scald|p2a: Feraligatr
|-resisted|p2a: Feraligatr
|-damage|p2a: Feraligatr|63/100
|
|-weather|Sandstorm|[upkeep]
|-damage|p2a: Feraligatr|57/100|[from] Sandstorm
|-damage|p1a: Vaporeon|69/100|[from] Sandstorm
|-heal|p1a: Vaporeon|75/100|[from] item: Leftovers
|upkeep
|turn|5
|
|t:|1779834309
|move|p2a: Feraligatr|Crunch|p1a: Vaporeon
|-damage|p1a: Vaporeon|49/100
|move|p1a: Vaporeon|Wish|p1a: Vaporeon
|
|-weather|none
|-heal|p1a: Vaporeon|55/100|[from] item: Leftovers
|upkeep
|turn|6
|
|t:|1779834317
|move|p2a: Feraligatr|Crunch|p1a: Vaporeon
|-damage|p1a: Vaporeon|30/100
|move|p1a: Vaporeon|Scald|p2a: Feraligatr
|-resisted|p2a: Feraligatr
|-damage|p2a: Feraligatr|41/100
|
|-heal|p1a: Vaporeon|80/100|[from] move: Wish|[wisher] Vaporeon
|-heal|p1a: Vaporeon|86/100|[from] item: Leftovers
|upkeep
|turn|7
|
|t:|1779834338
|move|p2a: Feraligatr|Crunch|p1a: Vaporeon
|-damage|p1a: Vaporeon|60/100
|move|p1a: Vaporeon|Wish|p1a: Vaporeon
|
|-heal|p1a: Vaporeon|67/100|[from] item: Leftovers
|upkeep
|turn|8
|
|t:|1779834345
|move|p2a: Feraligatr|Crunch|p1a: Vaporeon
|-damage|p1a: Vaporeon|38/100
|move|p1a: Vaporeon|Scald|p2a: Feraligatr
|-resisted|p2a: Feraligatr
|-damage|p2a: Feraligatr|25/100
|
|-heal|p1a: Vaporeon|88/100|[from] move: Wish|[wisher] Vaporeon
|-heal|p1a: Vaporeon|94/100|[from] item: Leftovers
|upkeep
|turn|9
|
|t:|1779834357
|move|p2a: Feraligatr|Crunch|p1a: Vaporeon
|-damage|p1a: Vaporeon|67/100
|move|p1a: Vaporeon|Scald|p2a: Feraligatr
|-resisted|p2a: Feraligatr
|-damage|p2a: Feraligatr|9/100
|
|-heal|p1a: Vaporeon|73/100|[from] item: Leftovers
|upkeep
|turn|10
|
|t:|1779834368
|move|p2a: Feraligatr|Crunch|p1a: Vaporeon
|-damage|p1a: Vaporeon|44/100
|move|p1a: Vaporeon|Wish|p1a: Vaporeon
|
|-heal|p1a: Vaporeon|50/100|[from] item: Leftovers
|upkeep
|turn|11
|
|t:|1779834377
|move|p2a: Feraligatr|Crunch|p1a: Vaporeon
|-damage|p1a: Vaporeon|26/100
|move|p1a: Vaporeon|Ice Beam|p2a: Feraligatr
|-resisted|p2a: Feraligatr
|-damage|p2a: Feraligatr|0 fnt
|faint|p2a: Feraligatr
|
|-heal|p1a: Vaporeon|76/100|[from] move: Wish|[wisher] Vaporeon
|-heal|p1a: Vaporeon|82/100|[from] item: Leftovers
|upkeep
|
|t:|1779834388
|switch|p2a: Espeon|Espeon, M|100/100
|turn|12
|
|t:|1779834394
|move|p2a: Espeon|Grass Knot|p1a: Vaporeon
|-supereffective|p1a: Vaporeon
|-damage|p1a: Vaporeon|50/100
|move|p1a: Vaporeon|Scald|p2a: Espeon
|-damage|p2a: Espeon|60/100
|
|-heal|p1a: Vaporeon|56/100|[from] item: Leftovers
|upkeep
|turn|13
|
|t:|1779834403
|move|p2a: Espeon|Psychic|p1a: Vaporeon
|-crit|p1a: Vaporeon
|-damage|p1a: Vaporeon|7/100
|move|p1a: Vaporeon|Wish|p1a: Vaporeon
|
|-heal|p1a: Vaporeon|13/100|[from] item: Leftovers
|upkeep
|turn|14
|
|t:|1779834411
|move|p1a: Vaporeon|Protect|p1a: Vaporeon
|-singleturn|p1a: Vaporeon|Protect
|move|p2a: Espeon|Grass Knot|p1a: Vaporeon
|-activate|p1a: Vaporeon|move: Protect
|
|-heal|p1a: Vaporeon|63/100|[from] move: Wish|[wisher] Vaporeon
|-heal|p1a: Vaporeon|69/100|[from] item: Leftovers
|upkeep
|turn|15
|
|t:|1779834421
|move|p2a: Espeon|Psychic|p1a: Vaporeon
|-damage|p1a: Vaporeon|38/100
|move|p1a: Vaporeon|Wish|p1a: Vaporeon
|
|-heal|p1a: Vaporeon|44/100|[from] item: Leftovers
|upkeep
|turn|16
|
|t:|1779834435
|move|p2a: Espeon|Grass Knot|p1a: Vaporeon
|-supereffective|p1a: Vaporeon
|-damage|p1a: Vaporeon|15/100
|move|p1a: Vaporeon|Scald|p2a: Espeon
|-damage|p2a: Espeon|21/100
|
|-heal|p1a: Vaporeon|65/100|[from] move: Wish|[wisher] Vaporeon
|-heal|p1a: Vaporeon|71/100|[from] item: Leftovers
|upkeep
|turn|17
|
|t:|1779834448
|move|p2a: Espeon|Psychic|p1a: Vaporeon
|-damage|p1a: Vaporeon|40/100
|move|p1a: Vaporeon|Wish|p1a: Vaporeon
|
|-heal|p1a: Vaporeon|46/100|[from] item: Leftovers
|upkeep
|turn|18
|
|t:|1779834459
|move|p2a: Espeon|Grass Knot|p1a: Vaporeon
|-supereffective|p1a: Vaporeon
|-damage|p1a: Vaporeon|17/100
|move|p1a: Vaporeon|Ice Beam|p2a: Espeon
|-damage|p2a: Espeon|0 fnt
|faint|p2a: Espeon
|
|-heal|p1a: Vaporeon|67/100|[from] move: Wish|[wisher] Vaporeon
|-heal|p1a: Vaporeon|73/100|[from] item: Leftovers
|upkeep
|
|t:|1779834480
|switch|p2a: Mamoswine|Mamoswine, F|100/100
|turn|19
|
|t:|1779834486
|move|p2a: Mamoswine|Earthquake|p1a: Vaporeon
|-damage|p1a: Vaporeon|29/100
|move|p1a: Vaporeon|Scald|p2a: Mamoswine
|-supereffective|p2a: Mamoswine
|-damage|p2a: Mamoswine|12/100
|
|-heal|p1a: Vaporeon|35/100|[from] item: Leftovers
|upkeep
|turn|20
|
|t:|1779834503
|move|p1a: Vaporeon|Protect|p1a: Vaporeon
|-singleturn|p1a: Vaporeon|Protect
|move|p2a: Mamoswine|Earthquake|p1a: Vaporeon
|-activate|p1a: Vaporeon|move: Protect
|
|-heal|p1a: Vaporeon|41/100|[from] item: Leftovers
|upkeep
|turn|21
|
|t:|1779834514
|move|p1a: Vaporeon|Protect||[still]
|-fail|p1a: Vaporeon
|move|p2a: Mamoswine|Earthquake|p1a: Vaporeon
|-damage|p1a: Vaporeon|0 fnt
|faint|p1a: Vaporeon
|
|upkeep
|
|t:|1779834525
|switch|p1a: Jolteon|Jolteon, M|100/100
|turn|22
|
|t:|1779834533
|switch|p2a: Tyranitar|Tyranitar, F|100/100
|-weather|Sandstorm|[from] ability: Sand Stream|[of] p2a: Tyranitar
|-terastallize|p1a: Jolteon|Flying
|move|p1a: Jolteon|Alluring Voice|p2a: Tyranitar
|-supereffective|p2a: Tyranitar
|-damage|p2a: Tyranitar|72/100
|
|-weather|Sandstorm|[upkeep]
|-damage|p1a: Jolteon|95/100|[from] Sandstorm
|upkeep
|turn|23
|
|t:|1779834547
|move|p1a: Jolteon|Volt Switch|p2a: Tyranitar
|-damage|p2a: Tyranitar|55/100
|
|t:|1779834552
|switch|p1a: Séréna|Sylveon, M|81/100|[from] Volt Switch
|move|p2a: Tyranitar|Rock Slide|p1a: Séréna
|-damage|p1a: Séréna|47/100
|
|-weather|Sandstorm|[upkeep]
|-damage|p1a: Séréna|41/100|[from] Sandstorm
|-heal|p1a: Séréna|47/100|[from] item: Leftovers
|upkeep
|turn|24
|
|t:|1779834565
|move|p2a: Tyranitar|Earthquake|p1a: Séréna
|-damage|p1a: Séréna|15/100
|move|p1a: Séréna|Wish|p1a: Séréna
|
|-weather|Sandstorm|[upkeep]
|-damage|p1a: Séréna|9/100|[from] Sandstorm
|-heal|p1a: Séréna|15/100|[from] item: Leftovers
|upkeep
|turn|25
|
|t:|1779834576
|move|p1a: Séréna|Protect|p1a: Séréna
|-singleturn|p1a: Séréna|Protect
|move|p2a: Tyranitar|Rock Slide|p1a: Séréna
|-activate|p1a: Séréna|move: Protect
|
|-weather|Sandstorm|[upkeep]
|-damage|p1a: Séréna|9/100|[from] Sandstorm
|-heal|p1a: Séréna|59/100|[from] move: Wish|[wisher] Séréna
|-heal|p1a: Séréna|65/100|[from] item: Leftovers
|upkeep
|turn|26
|
|t:|1779834589
|move|p2a: Tyranitar|Brick Break|p1a: Séréna
|-resisted|p1a: Séréna
|-damage|p1a: Séréna|52/100
|move|p1a: Séréna|Wish|p1a: Séréna
|
|-weather|none
|-heal|p1a: Séréna|58/100|[from] item: Leftovers
|upkeep
|turn|27
|
|t:|1779834598
|move|p2a: Tyranitar|Crunch|p1a: Séréna
|-resisted|p1a: Séréna
|-damage|p1a: Séréna|38/100
|move|p1a: Séréna|Hyper Voice|p2a: Tyranitar
|-supereffective|p2a: Tyranitar
|-damage|p2a: Tyranitar|0 fnt
|faint|p2a: Tyranitar
|
|-heal|p1a: Séréna|88/100|[from] move: Wish|[wisher] Séréna
|-heal|p1a: Séréna|94/100|[from] item: Leftovers
|upkeep
|
|t:|1779834610
|switch|p2a: Infernape|Infernape, F|100/100
|turn|28
|
|t:|1779834616
|move|p2a: Infernape|Close Combat|p1a: Séréna
|-resisted|p1a: Séréna
|-damage|p1a: Séréna|70/100
|-unboost|p2a: Infernape|def|1
|-unboost|p2a: Infernape|spd|1
|move|p1a: Séréna|Wish|p1a: Séréna
|
|-heal|p1a: Séréna|77/100|[from] item: Leftovers
|upkeep
|turn|29
|
|t:|1779834626
|move|p2a: Infernape|Fire Punch|p1a: Séréna
|-damage|p1a: Séréna|43/100
|move|p1a: Séréna|Calm Mind|p1a: Séréna
|-boost|p1a: Séréna|spa|1
|-boost|p1a: Séréna|spd|1
|
|-heal|p1a: Séréna|93/100|[from] move: Wish|[wisher] Séréna
|-heal|p1a: Séréna|99/100|[from] item: Leftovers
|upkeep
|turn|30
|
|t:|1779834636
|move|p2a: Infernape|Thunder Punch|p1a: Séréna
|-damage|p1a: Séréna|74/100
|move|p1a: Séréna|Hyper Voice|p2a: Infernape
|-damage|p2a: Infernape|0 fnt
|faint|p2a: Infernape
|
|-heal|p1a: Séréna|81/100|[from] item: Leftovers
|upkeep
|
|t:|1779834647
|switch|p2a: Garchomp|Garchomp, M|100/100
|turn|31
|
|t:|1779834655
|move|p2a: Garchomp|Dragon Claw|p1a: Séréna
|-immune|p1a: Séréna
|move|p1a: Séréna|Hyper Voice|p2a: Garchomp
|-supereffective|p2a: Garchomp
|-damage|p2a: Garchomp|0 fnt
|faint|p2a: Garchomp
|
|-heal|p1a: Séréna|87/100|[from] item: Leftovers
|upkeep
|
|t:|1779834665
|switch|p2a: Mamoswine|Mamoswine, F|12/100
|turn|32
|
|t:|1779834669
|move|p2a: Mamoswine|Ice Shard|p1a: Séréna
|-damage|p1a: Séréna|67/100
|move|p1a: Séréna|Hyper Voice|p2a: Mamoswine
|-damage|p2a: Mamoswine|0 fnt
|faint|p2a: Mamoswine
|
|win|audryml
|raw|audryml's rating: 1082 &rarr; <strong>1109</strong><br />(+27 for winning)
|raw|CodarusKiang's rating: 1077 &rarr; <strong>1056</strong><br />(-21 for losing)
|l|☆audryml
|player|p1|
