|j|☆claudechamp
|j|☆LessionTTV
|t:|1779822171
|gametype|singles
|player|p1|claudechamp|265|1215
|player|p2|LessionTTV|steven|1273
|gen|9
|tier|[Gen 9] OU
|rated|
|rule|HP Percentage Mod: HP is shown in percentages
|rule|Endless Battle Clause: Forcing endless battles is banned
|rule|Species Clause: Limit one of each Pokémon
|rule|OHKO Clause: OHKO moves are banned
|rule|Evasion Items Clause: Evasion items are banned
|rule|Evasion Moves Clause: Evasion moves are banned
|rule|Evasion Abilities Clause: Evasion abilities are banned
|rule|Sleep Moves Clause: Sleep-inducing moves are banned
|clearpoke
|poke|p1|Gliscor, M|
|poke|p1|Gholdengo|
|poke|p1|Zamazenta-*|
|poke|p1|Blissey, F|
|poke|p1|Skarmory, F|
|poke|p1|Pecharunt|
|poke|p2|Darkrai|
|poke|p2|Gholdengo|
|poke|p2|Raging Bolt|
|poke|p2|Kingambit, F|
|poke|p2|Heatran, M|
|poke|p2|Landorus-Therian, M|
|teampreview
|inactive|Battle timer is ON: inactive players will automatically lose when time's up. (requested by LessionTTV)
|c|☆claudechamp|hf
|
|t:|1779822173
|teamsize|p1|6
|teamsize|p2|6
|start
|switch|p1a: Zamazenta|Zamazenta|100/100
|switch|p2a: Nightmare|Darkrai, shiny|100/100
|-ability|p1a: Zamazenta|Dauntless Shield|boost
|-boost|p1a: Zamazenta|def|1
|turn|1
|inactive|claudechamp also wants the timer to be on.
|
|t:|1779822186
|-terastallize|p2a: Nightmare|Poison
|move|p1a: Zamazenta|Close Combat|p2a: Nightmare
|-resisted|p2a: Nightmare
|-damage|p2a: Nightmare|62/100
|-unboost|p1a: Zamazenta|def|1
|-unboost|p1a: Zamazenta|spd|1
|move|p2a: Nightmare|Sludge Bomb|p1a: Zamazenta
|-damage|p1a: Zamazenta|11/100
|-damage|p2a: Nightmare|52/100|[from] item: Life Orb
|
|upkeep
|turn|2
|
|t:|1779822200
|move|p1a: Zamazenta|Close Combat|p2a: Nightmare
|-resisted|p2a: Nightmare
|-damage|p2a: Nightmare|14/100
|-unboost|p1a: Zamazenta|def|1
|-unboost|p1a: Zamazenta|spd|1
|move|p2a: Nightmare|Dark Pulse|p1a: Zamazenta
|-resisted|p1a: Zamazenta
|-damage|p1a: Zamazenta|0 fnt
|faint|p1a: Zamazenta
|-damage|p2a: Nightmare|4/100|[from] item: Life Orb
|
|upkeep
|
|t:|1779822204
|switch|p1a: Blissey|Blissey, F|100/100
|turn|3
|
|t:|1779822212
|switch|p2a: GoldenGod|Gholdengo, shiny|100/100
|move|p1a: Blissey|Stealth Rock|p2a: GoldenGod
|-sidestart|p2: LessionTTV|move: Stealth Rock
|
|upkeep
|turn|4
|
|t:|1779822216
|switch|p1a: Gliscor|Gliscor, M|100/100
|move|p2a: GoldenGod|Focus Blast|p1a: Gliscor
|-resisted|p1a: Gliscor
|-damage|p1a: Gliscor|83/100
|
|-status|p1a: Gliscor|tox|[from] item: Toxic Orb
|upkeep
|turn|5
|
|t:|1779822222
|switch|p2a: OldPal|Landorus-Therian, M, shiny|100/100
|-damage|p2a: OldPal|88/100|[from] Stealth Rock
|-ability|p2a: OldPal|Intimidate|boost
|-unboost|p1a: Gliscor|atk|1
|move|p1a: Gliscor|Earthquake|p2a: OldPal
|-immune|p2a: OldPal
|
|-heal|p1a: Gliscor|95/100 tox|[from] ability: Poison Heal
|upkeep
|turn|6
|
|t:|1779822230
|move|p2a: OldPal|Taunt|p1a: Gliscor
|-start|p1a: Gliscor|move: Taunt
|cant|p1a: Gliscor|move: Taunt|Swords Dance
|
|-heal|p1a: Gliscor|100/100 tox|[from] ability: Poison Heal
|upkeep
|turn|7
|
|t:|1779822238
|move|p2a: OldPal|U-turn|p1a: Gliscor
|-resisted|p1a: Gliscor
|-damage|p1a: Gliscor|92/100 tox
|
|t:|1779822241
|switch|p2a: OldGramp|Heatran, M, shiny|100/100|[from] U-turn
|-damage|p2a: OldGramp|88/100|[from] Stealth Rock
|move|p1a: Gliscor|Knock Off|p2a: OldGramp
|-damage|p2a: OldGramp|77/100
|-enditem|p2a: OldGramp|Leftovers|[from] move: Knock Off|[of] p1a: Gliscor
|
|-heal|p1a: Gliscor|100/100 tox|[from] ability: Poison Heal
|upkeep
|turn|8
|
|t:|1779822248
|switch|p2a: GoldenGod|Gholdengo, shiny|100/100
|-damage|p2a: GoldenGod|94/100|[from] Stealth Rock
|move|p1a: Gliscor|Knock Off|p2a: GoldenGod
|-supereffective|p2a: GoldenGod
|-damage|p2a: GoldenGod|63/100
|-enditem|p2a: GoldenGod|Choice Scarf|[from] move: Knock Off|[of] p1a: Gliscor
|
|-end|p1a: Gliscor|move: Taunt
|upkeep
|turn|9
|
|t:|1779822256
|move|p2a: GoldenGod|Make It Rain|p1a: Gliscor
|-damage|p1a: Gliscor|40/100 tox
|-unboost|p2a: GoldenGod|spa|1
|move|p1a: Gliscor|Earthquake|p2a: GoldenGod
|-supereffective|p2a: GoldenGod
|-damage|p2a: GoldenGod|15/100
|
|-heal|p1a: Gliscor|52/100 tox|[from] ability: Poison Heal
|upkeep
|turn|10
|
|t:|1779822262
|move|p2a: GoldenGod|Make It Rain|p1a: Gliscor
|-damage|p1a: Gliscor|14/100 tox
|-unboost|p2a: GoldenGod|spa|1
|move|p1a: Gliscor|Knock Off|p2a: GoldenGod
|-supereffective|p2a: GoldenGod
|-damage|p2a: GoldenGod|0 fnt
|faint|p2a: GoldenGod
|
|-heal|p1a: Gliscor|26/100 tox|[from] ability: Poison Heal
|upkeep
|
|t:|1779822270
|switch|p2a: OldPal|Landorus-Therian, M, shiny|88/100
|-damage|p2a: OldPal|76/100|[from] Stealth Rock
|-ability|p2a: OldPal|Intimidate|boost
|-unboost|p1a: Gliscor|atk|1
|turn|11
|
|t:|1779822284
|move|p2a: OldPal|U-turn|p1a: Gliscor
|-resisted|p1a: Gliscor
|-damage|p1a: Gliscor|18/100 tox
|
|t:|1779822286
|switch|p2a: OldGramp|Heatran, M, shiny|77/100|[from] U-turn
|-damage|p2a: OldGramp|64/100|[from] Stealth Rock
|move|p1a: Gliscor|Swords Dance|p1a: Gliscor
|-boost|p1a: Gliscor|atk|2
|
|-heal|p1a: Gliscor|30/100 tox|[from] ability: Poison Heal
|upkeep
|turn|12
|
|t:|1779822293
|move|p1a: Gliscor|Swords Dance|p1a: Gliscor
|-boost|p1a: Gliscor|atk|2
|move|p2a: OldGramp|Magma Storm|p1a: Gliscor
|-damage|p1a: Gliscor|0 fnt
|faint|p1a: Gliscor
|
|upkeep
|
|t:|1779822300
|switch|p1a: Pecharunt|Pecharunt|100/100
|turn|13
|
|t:|1779822305
|move|p1a: Pecharunt|Parting Shot|p2a: OldGramp
|-unboost|p2a: OldGramp|atk|1
|-unboost|p2a: OldGramp|spa|1
|
|t:|1779822309
|switch|p1a: Blissey|Blissey, F|100/100|[from] Parting Shot
|move|p2a: OldGramp|Earth Power|p1a: Blissey
|-damage|p1a: Blissey|93/100
|
|upkeep
|turn|14
|
|t:|1779822316
|move|p2a: OldGramp|Taunt|p1a: Blissey
|-start|p1a: Blissey|move: Taunt
|cant|p1a: Blissey|move: Taunt|Calm Mind
|
|upkeep
|turn|15
|
|t:|1779822322
|move|p2a: OldGramp|Magma Storm|p1a: Blissey|[miss]
|-miss|p2a: OldGramp|p1a: Blissey
|move|p1a: Blissey|Shadow Ball|p2a: OldGramp
|-damage|p2a: OldGramp|52/100
|-unboost|p2a: OldGramp|spd|1
|
|upkeep
|turn|16
|
|t:|1779822327
|move|p2a: OldGramp|Magma Storm|p1a: Blissey
|-damage|p1a: Blissey|82/100
|-activate|p1a: Blissey|move: Magma Storm|[of] p2a: OldGramp
|move|p1a: Blissey|Shadow Ball|p2a: OldGramp
|-damage|p2a: OldGramp|33/100
|
|-damage|p1a: Blissey|70/100|[from] move: Magma Storm|[partiallytrapped]
|-end|p1a: Blissey|move: Taunt
|upkeep
|turn|17
|
|t:|1779822337
|move|p2a: OldGramp|Taunt|p1a: Blissey
|-start|p1a: Blissey|move: Taunt
|move|p1a: Blissey|Shadow Ball|p2a: OldGramp
|-damage|p2a: OldGramp|14/100
|
|-damage|p1a: Blissey|58/100|[from] move: Magma Storm|[partiallytrapped]
|upkeep
|turn|18
|
|t:|1779822344
|move|p2a: OldGramp|Magma Storm|p1a: Blissey
|-damage|p1a: Blissey|47/100
|move|p1a: Blissey|Shadow Ball|p2a: OldGramp
|-crit|p2a: OldGramp
|-damage|p2a: OldGramp|0 fnt
|faint|p2a: OldGramp
|
|-end|p1a: Blissey|Magma Storm|[partiallytrapped]|[silent]
|upkeep
|
|t:|1779822349
|switch|p2a: Nightmare|Darkrai, shiny, tera:Poison|4/100
|-damage|p2a: Nightmare|0 fnt|[from] Stealth Rock
|faint|p2a: Nightmare
|
|t:|1779822353
|switch|p2a: SheWasAFairy|Raging Bolt|100/100
|-damage|p2a: SheWasAFairy|88/100|[from] Stealth Rock
|turn|19
|
|t:|1779822360
|switch|p1a: Pecharunt|Pecharunt|100/100
|move|p2a: SheWasAFairy|Thunderbolt|p1a: Pecharunt
|-damage|p1a: Pecharunt|14/100
|-status|p1a: Pecharunt|par
|
|upkeep
|turn|20
|
|t:|1779822369
|move|p2a: SheWasAFairy|Thunderbolt|p1a: Pecharunt
|-damage|p1a: Pecharunt|0 fnt
|faint|p1a: Pecharunt
|
|upkeep
|
|t:|1779822378
|switch|p1a: Blissey|Blissey, F|47/100
|turn|21
|
|t:|1779822391
|move|p2a: SheWasAFairy|Thunderbolt|p1a: Blissey
|-damage|p1a: Blissey|25/100
|move|p1a: Blissey|Soft-Boiled|p1a: Blissey
|-heal|p1a: Blissey|75/100
|
|upkeep
|turn|22
|
|t:|1779822397
|move|p2a: SheWasAFairy|Thunderbolt|p1a: Blissey
|-damage|p1a: Blissey|50/100
|move|p1a: Blissey|Calm Mind|p1a: Blissey
|-boost|p1a: Blissey|spa|1
|-boost|p1a: Blissey|spd|1
|
|upkeep
|turn|23
|
|t:|1779822404
|move|p2a: SheWasAFairy|Thunderbolt|p1a: Blissey
|-damage|p1a: Blissey|32/100
|move|p1a: Blissey|Soft-Boiled|p1a: Blissey
|-heal|p1a: Blissey|82/100
|
|upkeep
|turn|24
|
|t:|1779822413
|move|p2a: SheWasAFairy|Thunderbolt|p1a: Blissey
|-damage|p1a: Blissey|66/100
|-status|p1a: Blissey|par
|cant|p1a: Blissey|par
|
|upkeep
|turn|25
|
|t:|1779822423
|-end|p2a: SheWasAFairy|Protosynthesis|[silent]
|switch|p2a: OldGeneral|Kingambit, F, shiny|100/100
|-damage|p2a: OldGeneral|94/100|[from] Stealth Rock
|-activate|p2a: OldGeneral|ability: Supreme Overlord
|-start|p2a: OldGeneral|fallen3|[silent]
|move|p1a: Blissey|Soft-Boiled|p1a: Blissey
|-heal|p1a: Blissey|100/100 par
|
|upkeep
|turn|26
|
|t:|1779822430
|-curestatus|p1a: Blissey|par|[from] ability: Natural Cure|[silent]
|switch|p1a: Skarmory|Skarmory, F|100/100
|move|p2a: OldGeneral|Swords Dance|p2a: OldGeneral
|-boost|p2a: OldGeneral|atk|2
|
|upkeep
|turn|27
|
|t:|1779822440
|move|p2a: OldGeneral|Sucker Punch||[still]
|-fail|p2a: OldGeneral
|move|p1a: Skarmory|Whirlwind|p2a: OldGeneral
|-end|p2a: OldGeneral|fallen3|[silent]
|drag|p2a: SheWasAFairy|Raging Bolt|88/100
|-damage|p2a: SheWasAFairy|76/100|[from] Stealth Rock
|
|upkeep
|turn|28
|
|t:|1779822451
|switch|p1a: Blissey|Blissey, F|100/100
|move|p2a: SheWasAFairy|Draco Meteor|p1a: Blissey
|-damage|p1a: Blissey|68/100
|-unboost|p2a: SheWasAFairy|spa|2
|
|upkeep
|turn|29
|
|t:|1779822461
|-end|p2a: SheWasAFairy|Protosynthesis|[silent]
|switch|p2a: OldPal|Landorus-Therian, M, shiny|76/100
|-damage|p2a: OldPal|64/100|[from] Stealth Rock
|-ability|p2a: OldPal|Intimidate|boost
|-unboost|p1a: Blissey|atk|1
|move|p1a: Blissey|Soft-Boiled|p1a: Blissey
|-heal|p1a: Blissey|100/100
|
|upkeep
|turn|30
|
|t:|1779822467
|switch|p1a: Skarmory|Skarmory, F|100/100
|move|p2a: OldPal|Taunt|p1a: Skarmory
|-start|p1a: Skarmory|move: Taunt
|
|upkeep
|turn|31
|
|t:|1779822472
|move|p2a: OldPal|Stealth Rock|p1a: Skarmory
|-sidestart|p1: claudechamp|move: Stealth Rock
|move|p1a: Skarmory|Body Press|p2a: OldPal
|-resisted|p2a: OldPal
|-damage|p2a: OldPal|49/100
|-damage|p1a: Skarmory|84/100|[from] item: Rocky Helmet|[of] p2a: OldPal
|
|upkeep
|turn|32
|
|t:|1779822480
|move|p2a: OldPal|U-turn|p1a: Skarmory
|-resisted|p1a: Skarmory
|-damage|p1a: Skarmory|81/100
|
|t:|1779822482
|switch|p2a: SheWasAFairy|Raging Bolt|76/100|[from] U-turn
|-damage|p2a: SheWasAFairy|64/100|[from] Stealth Rock
|move|p1a: Skarmory|Body Press|p2a: SheWasAFairy
|-damage|p2a: SheWasAFairy|37/100
|
|-end|p1a: Skarmory|move: Taunt
|upkeep
|turn|33
|
|t:|1779822489
|switch|p1a: Blissey|Blissey, F|100/100
|move|p2a: SheWasAFairy|Thunderbolt|p1a: Blissey
|-damage|p1a: Blissey|76/100
|
|upkeep
|turn|34
|
|t:|1779822496
|move|p2a: SheWasAFairy|Thunderbolt|p1a: Blissey
|-damage|p1a: Blissey|50/100
|move|p1a: Blissey|Soft-Boiled|p1a: Blissey
|-heal|p1a: Blissey|99/100
|
|upkeep
|turn|35
|
|t:|1779822501
|move|p2a: SheWasAFairy|Thunderbolt|p1a: Blissey
|-damage|p1a: Blissey|74/100
|move|p1a: Blissey|Calm Mind|p1a: Blissey
|-boost|p1a: Blissey|spa|1
|-boost|p1a: Blissey|spd|1
|
|upkeep
|turn|36
|
|t:|1779822507
|move|p2a: SheWasAFairy|Thunderbolt|p1a: Blissey
|-damage|p1a: Blissey|58/100
|move|p1a: Blissey|Soft-Boiled|p1a: Blissey
|-heal|p1a: Blissey|100/100
|
|upkeep
|turn|37
|
|t:|1779822514
|move|p2a: SheWasAFairy|Thunderbolt|p1a: Blissey
|-damage|p1a: Blissey|84/100
|move|p1a: Blissey|Calm Mind|p1a: Blissey
|-boost|p1a: Blissey|spa|1
|-boost|p1a: Blissey|spd|1
|
|upkeep
|turn|38
|
|t:|1779822522
|move|p2a: SheWasAFairy|Thunderbolt|p1a: Blissey
|-damage|p1a: Blissey|71/100
|move|p1a: Blissey|Shadow Ball|p2a: SheWasAFairy
|-damage|p2a: SheWasAFairy|9/100
|-unboost|p2a: SheWasAFairy|spd|1
|
|upkeep
|turn|39
|
|t:|1779822529
|move|p2a: SheWasAFairy|Thunderbolt|p1a: Blissey
|-damage|p1a: Blissey|59/100
|move|p1a: Blissey|Calm Mind|p1a: Blissey
|-boost|p1a: Blissey|spa|1
|-boost|p1a: Blissey|spd|1
|
|upkeep
|turn|40
|
|t:|1779822536
|move|p2a: SheWasAFairy|Thunderbolt|p1a: Blissey
|-damage|p1a: Blissey|49/100
|move|p1a: Blissey|Soft-Boiled|p1a: Blissey
|-heal|p1a: Blissey|99/100
|
|upkeep
|turn|41
|
|t:|1779822544
|move|p2a: SheWasAFairy|Thunderbolt|p1a: Blissey
|-damage|p1a: Blissey|90/100
|move|p1a: Blissey|Calm Mind|p1a: Blissey
|-boost|p1a: Blissey|spa|1
|-boost|p1a: Blissey|spd|1
|
|upkeep
|turn|42
|
|t:|1779822551
|move|p2a: SheWasAFairy|Thunderbolt|p1a: Blissey
|-damage|p1a: Blissey|82/100
|move|p1a: Blissey|Soft-Boiled|p1a: Blissey
|-heal|p1a: Blissey|100/100
|
|upkeep
|turn|43
|
|t:|1779822559
|move|p2a: SheWasAFairy|Thunderbolt|p1a: Blissey
|-damage|p1a: Blissey|92/100
|move|p1a: Blissey|Shadow Ball|p2a: SheWasAFairy
|-crit|p2a: SheWasAFairy
|-damage|p2a: SheWasAFairy|0 fnt
|faint|p2a: SheWasAFairy
|-end|p2a: SheWasAFairy|Protosynthesis|[silent]
|
|upkeep
|
|t:|1779822563
|switch|p2a: OldGeneral|Kingambit, F, shiny|94/100
|-damage|p2a: OldGeneral|88/100|[from] Stealth Rock
|-activate|p2a: OldGeneral|ability: Supreme Overlord
|-start|p2a: OldGeneral|fallen4|[silent]
|turn|44
|
|t:|1779822571
|switch|p1a: Skarmory|Skarmory, F|81/100
|move|p2a: OldGeneral|Sucker Punch||[still]
|-fail|p2a: OldGeneral
|
|upkeep
|turn|45
|
|t:|1779822581
|move|p2a: OldGeneral|Low Kick|p1a: Skarmory
|-damage|p1a: Skarmory|51/100
|move|p1a: Skarmory|Whirlwind|p2a: OldGeneral
|-end|p2a: OldGeneral|fallen4|[silent]
|drag|p2a: OldPal|Landorus-Therian, M, shiny|49/100
|-damage|p2a: OldPal|36/100|[from] Stealth Rock
|-ability|p2a: OldPal|Intimidate|boost
|-unboost|p1a: Skarmory|atk|1
|
|upkeep
|turn|46
|
|t:|1779822590
|move|p2a: OldPal|U-turn|p1a: Skarmory
|-resisted|p1a: Skarmory
|-damage|p1a: Skarmory|48/100
|
|t:|1779822592
|switch|p2a: OldGeneral|Kingambit, F, shiny|88/100|[from] U-turn
|-damage|p2a: OldGeneral|82/100|[from] Stealth Rock
|-activate|p2a: OldGeneral|ability: Supreme Overlord
|-start|p2a: OldGeneral|fallen4|[silent]
|move|p1a: Skarmory|Roost|p1a: Skarmory
|-heal|p1a: Skarmory|98/100
|-singleturn|p1a: Skarmory|move: Roost
|
|upkeep
|turn|47
|
|t:|1779822603
|move|p2a: OldGeneral|Swords Dance|p2a: OldGeneral
|-boost|p2a: OldGeneral|atk|2
|move|p1a: Skarmory|Whirlwind|p2a: OldGeneral
|-end|p2a: OldGeneral|fallen4|[silent]
|drag|p2a: OldPal|Landorus-Therian, M, shiny|36/100
|-damage|p2a: OldPal|24/100|[from] Stealth Rock
|-ability|p2a: OldPal|Intimidate|boost
|-unboost|p1a: Skarmory|atk|1
|
|upkeep
|turn|48
|
|t:|1779822608
|move|p2a: OldPal|Taunt|p1a: Skarmory
|-start|p1a: Skarmory|move: Taunt
|move|p1a: Skarmory|Body Press|p2a: OldPal
|-resisted|p2a: OldPal
|-damage|p2a: OldPal|10/100
|-damage|p1a: Skarmory|82/100|[from] item: Rocky Helmet|[of] p2a: OldPal
|
|upkeep
|turn|49
|
|t:|1779822615
|move|p2a: OldPal|U-turn|p1a: Skarmory
|-resisted|p1a: Skarmory
|-damage|p1a: Skarmory|78/100
|
|t:|1779822617
|switch|p2a: OldGeneral|Kingambit, F, shiny|82/100|[from] U-turn
|-damage|p2a: OldGeneral|76/100|[from] Stealth Rock
|-activate|p2a: OldGeneral|ability: Supreme Overlord
|-start|p2a: OldGeneral|fallen4|[silent]
|move|p1a: Skarmory|Body Press|p2a: OldGeneral
|-supereffective|p2a: OldGeneral
|-damage|p2a: OldGeneral|0 fnt
|faint|p2a: OldGeneral
|-end|p2a: OldGeneral|fallen4|[silent]
|
|upkeep
|
|t:|1779822625
|switch|p2a: OldPal|Landorus-Therian, M, shiny|10/100
|-damage|p2a: OldPal|0 fnt|[from] Stealth Rock
|faint|p2a: OldPal
|
|win|claudechamp
|raw|claudechamp's rating: 1215 &rarr; <strong>1244</strong><br />(+29 for winning)
|raw|LessionTTV's rating: 1273 &rarr; <strong>1244</strong><br />(-29 for losing)
|c|☆claudechamp|gg
