|j|☆llkonaiok
|j|☆Cata1ys7
|t:|1779880095
|gametype|singles
|player|p1|llkonaiok|2|1116
|player|p2|Cata1ys7|steven-masters2|1082
|gen|9
|tier|[Gen 9] OU
|rated|
|rule|HP Percentage Mod: HP is shown in percentages
|rule|Endless Battle Clause: Forcing endless battles is banned
|rule|Species Clause: Limit one of each Pokémon
|rule|OHKO Clause: OHKO moves are banned
|rule|Evasion Items Clause: Evasion items are banned
|rule|Evasion Moves Clause: Evasion moves are banned
|rule|Evasion Abilities Clause: Evasion abilities are banned
|rule|Sleep Moves Clause: Sleep-inducing moves are banned
|clearpoke
|poke|p1|Yanmega, F|
|poke|p1|Heracross, F|
|poke|p1|Galvantula, F|
|poke|p1|Scizor, F|
|poke|p1|Illumise, F|
|poke|p1|Scyther, M|
|poke|p2|Garchomp, M|
|poke|p2|Rampardos, M|
|poke|p2|Azumarill, M|
|poke|p2|Meowscarada, M|
|poke|p2|Latios, M|
|poke|p2|Iron Moth|
|teampreview
|inactive|Battle timer is ON: inactive players will automatically lose when time's up. (requested by Cata1ys7)
|
|t:|1779880105
|teamsize|p1|6
|teamsize|p2|6
|start
|switch|p1a: Galvantula|Galvantula, F|100/100
|switch|p2a: Azumarill|Azumarill, M, shiny|100/100
|turn|1
|
|t:|1779880114
|move|p1a: Galvantula|Thunder|p2a: Azumarill
|-supereffective|p2a: Azumarill
|-damage|p2a: Azumarill|12/100
|-enditem|p2a: Azumarill|Sitrus Berry|[eat]
|-heal|p2a: Azumarill|37/100|[from] item: Sitrus Berry
|move|p2a: Azumarill|Belly Drum||[still]
|-fail|p2a: Azumarill
|
|upkeep
|turn|2
|
|t:|1779880131
|move|p2a: Azumarill|Aqua Jet|p1a: Galvantula
|-damage|p1a: Galvantula|56/100
|move|p1a: Galvantula|Sticky Web|p2a: Azumarill
|-sidestart|p2: Cata1ys7|move: Sticky Web
|
|upkeep
|turn|3
|
|t:|1779880144
|move|p2a: Azumarill|Aqua Jet|p1a: Galvantula
|-damage|p1a: Galvantula|13/100
|move|p1a: Galvantula|Thunder|p2a: Azumarill
|-supereffective|p2a: Azumarill
|-damage|p2a: Azumarill|0 fnt
|faint|p2a: Azumarill
|
|upkeep
|
|t:|1779880167
|switch|p2a: Garchomp|Garchomp, M|100/100
|-activate|p2a: Garchomp|move: Sticky Web
|-unboost|p2a: Garchomp|spe|1
|turn|4
|
|t:|1779880180
|move|p1a: Galvantula|Energy Ball|p2a: Garchomp
|-damage|p2a: Garchomp|77/100
|-unboost|p2a: Garchomp|spd|1
|move|p2a: Garchomp|Swords Dance|p2a: Garchomp
|-boost|p2a: Garchomp|atk|2
|
|upkeep
|turn|5
|
|t:|1779880190
|move|p1a: Galvantula|Energy Ball|p2a: Garchomp
|-damage|p2a: Garchomp|42/100
|move|p2a: Garchomp|Dragon Claw|p1a: Galvantula
|-damage|p1a: Galvantula|0 fnt
|faint|p1a: Galvantula
|
|upkeep
|
|t:|1779880197
|switch|p1a: Heracross|Heracross, F|100/100
|turn|6
|
|t:|1779880210
|move|p1a: Heracross|Close Combat|p2a: Garchomp
|-damage|p2a: Garchomp|0 fnt
|-unboost|p1a: Heracross|def|1
|-unboost|p1a: Heracross|spd|1
|-damage|p1a: Heracross|88/100|[from] ability: Rough Skin|[of] p2a: Garchomp
|faint|p2a: Garchomp
|-ability|p1a: Heracross|Moxie|boost
|-boost|p1a: Heracross|atk|1
|
|upkeep
|
|t:|1779880222
|switch|p2a: Latios|Latios, M|100/100
|turn|7
|
|t:|1779880229
|-terastallize|p1a: Heracross|Ghost
|move|p2a: Latios|Calm Mind|p2a: Latios
|-boost|p2a: Latios|spa|1
|-boost|p2a: Latios|spd|1
|move|p1a: Heracross|Knock Off|p2a: Latios
|-supereffective|p2a: Latios
|-damage|p2a: Latios|5/100
|-enditem|p2a: Latios|Soul Dew|[from] move: Knock Off|[of] p1a: Heracross
|
|upkeep
|turn|8
|
|t:|1779880240
|move|p2a: Latios|Luster Purge|p1a: Heracross
|-damage|p1a: Heracross|0 fnt
|faint|p1a: Heracross
|
|upkeep
|inactive|llkonaiok has 120 seconds left.
|
|t:|1779880268
|switch|p1a: Scyther|Scyther, M|100/100
|turn|9
|
|t:|1779880272
|move|p2a: Latios|Ice Beam|p1a: Scyther
|-supereffective|p1a: Scyther
|-damage|p1a: Scyther|9/100
|move|p1a: Scyther|Trailblaze|p2a: Latios
|-resisted|p2a: Latios
|-damage|p2a: Latios|0 fnt
|-boost|p1a: Scyther|spe|1
|faint|p2a: Latios
|
|upkeep
|
|t:|1779880279
|switch|p2a: Meowscarada|Meowscarada, M|100/100
|-activate|p2a: Meowscarada|move: Sticky Web
|-unboost|p2a: Meowscarada|spe|1
|turn|10
|
|t:|1779880288
|switch|p1a: Scizor|Scizor, F|100/100
|move|p2a: Meowscarada|Sucker Punch||[still]
|-fail|p2a: Meowscarada
|
|upkeep
|turn|11
|
|t:|1779880302
|move|p2a: Meowscarada|Play Rough|p1a: Scizor
|-start|p2a: Meowscarada|typechange|Fairy|[from] ability: Protean
|-resisted|p1a: Scizor
|-crit|p1a: Scizor
|-damage|p1a: Scizor|67/100
|move|p1a: Scizor|Dual Wingbeat|p2a: Meowscarada
|-damage|p2a: Meowscarada|61/100
|-damage|p2a: Meowscarada|19/100
|-hitcount|p2a: Meowscarada|2
|-damage|p1a: Scizor|57/100|[from] item: Life Orb
|
|upkeep
|turn|12
|
|t:|1779880313
|move|p1a: Scizor|Bullet Punch|p2a: Meowscarada
|-supereffective|p2a: Meowscarada
|-damage|p2a: Meowscarada|0 fnt
|faint|p2a: Meowscarada
|-damage|p1a: Scizor|48/100|[from] item: Life Orb
|
|upkeep
|
|t:|1779880316
|switch|p2a: Iron Moth|Iron Moth, shiny|100/100
|-activate|p2a: Iron Moth|move: Sticky Web
|-unboost|p2a: Iron Moth|spe|1
|-enditem|p2a: Iron Moth|Booster Energy
|-activate|p2a: Iron Moth|ability: Quark Drive|[fromitem]
|-start|p2a: Iron Moth|quarkdrivespa
|turn|13
|
|t:|1779880325
|move|p1a: Scizor|Dual Wingbeat|p2a: Iron Moth
|-damage|p2a: Iron Moth|55/100
|-damage|p2a: Iron Moth|9/100
|-hitcount|p2a: Iron Moth|2
|-damage|p1a: Scizor|38/100|[from] item: Life Orb
|move|p2a: Iron Moth|Fiery Dance|p1a: Scizor
|-supereffective|p1a: Scizor
|-damage|p1a: Scizor|0 fnt
|faint|p1a: Scizor
|
|upkeep
|
|t:|1779880331
|switch|p1a: Scyther|Scyther, M|9/100
|turn|14
|
|t:|1779880339
|move|p1a: Scyther|Trailblaze|p2a: Iron Moth
|-resisted|p2a: Iron Moth
|-damage|p2a: Iron Moth|0 fnt
|-boost|p1a: Scyther|spe|1
|faint|p2a: Iron Moth
|-end|p2a: Iron Moth|Quark Drive|[silent]
|
|upkeep
|
|t:|1779880341
|switch|p2a: Rampardos|Rampardos, M|100/100
|-activate|p2a: Rampardos|move: Sticky Web
|-unboost|p2a: Rampardos|spe|1
|turn|15
|
|t:|1779880348
|move|p1a: Scyther|Trailblaze|p2a: Rampardos
|-supereffective|p2a: Rampardos
|-damage|p2a: Rampardos|16/100
|-boost|p1a: Scyther|spe|1
|move|p2a: Rampardos|Fire Punch|p1a: Scyther
|-supereffective|p1a: Scyther
|-damage|p1a: Scyther|0 fnt
|faint|p1a: Scyther
|
|upkeep
|
|t:|1779880352
|switch|p1a: Illumise|Illumise, F|100/100
|turn|16
|
|t:|1779880354
|move|p1a: Illumise|Charm|p2a: Rampardos
|-unboost|p2a: Rampardos|atk|2
|move|p2a: Rampardos|Fire Punch|p1a: Illumise
|-supereffective|p1a: Illumise
|-damage|p1a: Illumise|27/100
|
|upkeep
|turn|17
|
|t:|1779880359
|move|p1a: Illumise|Charm|p2a: Rampardos
|-unboost|p2a: Rampardos|atk|2
|move|p2a: Rampardos|Fire Punch|p1a: Illumise
|-supereffective|p1a: Illumise
|-damage|p1a: Illumise|0 fnt
|faint|p1a: Illumise
|
|upkeep
|
|t:|1779880361
|switch|p1a: Yanmega|Yanmega, F|100/100
|turn|18
|
|t:|1779880366
|move|p1a: Yanmega|Bug Buzz|p2a: Rampardos
|-damage|p2a: Rampardos|0 fnt
|faint|p2a: Rampardos
|-enditem|p1a: Yanmega|Throat Spray
|
|win|llkonaiok
|raw|llkonaiok's rating: 1116 &rarr; <strong>1139</strong><br />(+23 for winning)
|raw|Cata1ys7's rating: 1082 &rarr; <strong>1062</strong><br />(-20 for losing)
|l|☆Cata1ys7
|player|p2|
|l|☆llkonaiok
|player|p1|
