|j|☆spauty18
|j|☆Player UNOWN
|t:|1779872989
|gametype|singles
|player|p1|spauty18|1|1121
|player|p2|Player UNOWN|scientist-gen4|1166
|gen|9
|tier|[Gen 9] OU
|rated|
|rule|HP Percentage Mod: HP is shown in percentages
|rule|Endless Battle Clause: Forcing endless battles is banned
|rule|Species Clause: Limit one of each Pokémon
|rule|OHKO Clause: OHKO moves are banned
|rule|Evasion Items Clause: Evasion items are banned
|rule|Evasion Moves Clause: Evasion moves are banned
|rule|Evasion Abilities Clause: Evasion abilities are banned
|rule|Sleep Moves Clause: Sleep-inducing moves are banned
|clearpoke
|poke|p1|Umbreon, M|
|poke|p1|Manaphy|
|poke|p1|Great Tusk|
|poke|p1|Garganacl, F|
|poke|p1|Corviknight, M|
|poke|p1|Alomomola, F|
|poke|p2|Tyranitar, M|
|poke|p2|Scizor, M|
|poke|p2|Flygon, F|
|poke|p2|Empoleon, M|
|poke|p2|Hippowdon, M|
|poke|p2|Garchomp, M|
|teampreview
|
|t:|1779873004
|teamsize|p1|6
|teamsize|p2|6
|start
|switch|p1a: Garganacl|Garganacl, F|100/100
|switch|p2a: Hippowdon|Hippowdon, M|100/100
|-weather|Sandstorm|[from] ability: Sand Stream|[of] p2a: Hippowdon
|turn|1
|inactive|Battle timer is ON: inactive players will automatically lose when time's up. (requested by spauty18)
|
|t:|1779873019
|move|p2a: Hippowdon|Stealth Rock|p1a: Garganacl
|-sidestart|p1: spauty18|move: Stealth Rock
|move|p1a: Garganacl|Salt Cure|p2a: Hippowdon
|-resisted|p2a: Hippowdon
|-damage|p2a: Hippowdon|96/100
|-start|p2a: Hippowdon|Salt Cure
|
|-weather|Sandstorm|[upkeep]
|-damage|p2a: Hippowdon|84/100|[from] Salt Cure
|upkeep
|turn|2
|
|t:|1779873033
|switch|p1a: Great Tusk|Great Tusk|100/100
|-damage|p1a: Great Tusk|98/100|[from] Stealth Rock
|-enditem|p1a: Great Tusk|Booster Energy
|-activate|p1a: Great Tusk|ability: Protosynthesis|[fromitem]
|-start|p1a: Great Tusk|protosynthesisatk
|move|p2a: Hippowdon|Whirlwind|p1a: Great Tusk
|-end|p1a: Great Tusk|Protosynthesis|[silent]
|drag|p1a: Alomomola|Alomomola, F|100/100
|-damage|p1a: Alomomola|88/100|[from] Stealth Rock
|
|-weather|Sandstorm|[upkeep]
|-damage|p1a: Alomomola|82/100|[from] Sandstorm
|-heal|p1a: Alomomola|88/100|[from] item: Leftovers
|-damage|p2a: Hippowdon|71/100|[from] Salt Cure
|upkeep
|turn|3
|
|t:|1779873049
|move|p1a: Alomomola|Flip Turn|p2a: Hippowdon
|-supereffective|p2a: Hippowdon
|-damage|p2a: Hippowdon|48/100
|-damage|p1a: Alomomola|71/100|[from] item: Rocky Helmet|[of] p2a: Hippowdon
|
|t:|1779873054
|switch|p1a: Great Tusk|Great Tusk|98/100|[from] Flip Turn
|-damage|p1a: Great Tusk|95/100|[from] Stealth Rock
|move|p2a: Hippowdon|Whirlwind|p1a: Great Tusk
|-end|p1a: Great Tusk|Protosynthesis|[silent]
|drag|p1a: Umbreon|Umbreon, M|100/100
|-damage|p1a: Umbreon|88/100|[from] Stealth Rock
|
|-weather|Sandstorm|[upkeep]
|-damage|p1a: Umbreon|82/100|[from] Sandstorm
|-heal|p1a: Umbreon|88/100|[from] item: Leftovers
|-damage|p2a: Hippowdon|35/100|[from] Salt Cure
|upkeep
|turn|4
|
|t:|1779873078
|move|p1a: Umbreon|Wish|p1a: Umbreon
|move|p2a: Hippowdon|Whirlwind|p1a: Umbreon
|drag|p1a: Great Tusk|Great Tusk|95/100
|-damage|p1a: Great Tusk|92/100|[from] Stealth Rock
|
|-weather|Sandstorm|[upkeep]
|-damage|p2a: Hippowdon|23/100|[from] Salt Cure
|upkeep
|turn|5
|
|t:|1779873088
|move|p1a: Great Tusk|Rapid Spin|p2a: Hippowdon
|-damage|p2a: Hippowdon|10/100
|-boost|p1a: Great Tusk|spe|1
|-damage|p1a: Great Tusk|75/100|[from] item: Rocky Helmet|[of] p2a: Hippowdon
|-sideend|p1: spauty18|Stealth Rock|[from] move: Rapid Spin|[of] p1a: Great Tusk
|move|p2a: Hippowdon|Whirlwind|p1a: Great Tusk
|-end|p1a: Great Tusk|Protosynthesis|[silent]
|drag|p1a: Garganacl|Garganacl, F|100/100
|
|-weather|none
|-damage|p2a: Hippowdon|0 fnt|[from] Salt Cure
|faint|p2a: Hippowdon
|upkeep
|
|t:|1779873100
|switch|p2a: Tyranitar|Tyranitar, M|100/100
|-weather|Sandstorm|[from] ability: Sand Stream|[of] p2a: Tyranitar
|turn|6
|
|t:|1779873108
|move|p2a: Tyranitar|Dragon Dance|p2a: Tyranitar
|-boost|p2a: Tyranitar|atk|1
|-boost|p2a: Tyranitar|spe|1
|move|p1a: Garganacl|Body Press|p2a: Tyranitar
|-supereffective|p2a: Tyranitar
|-damage|p2a: Tyranitar|0 fnt
|-damage|p1a: Garganacl|84/100|[from] item: Rocky Helmet|[of] p2a: Tyranitar
|faint|p2a: Tyranitar
|
|-weather|Sandstorm|[upkeep]
|-heal|p1a: Garganacl|90/100|[from] item: Leftovers
|upkeep
|
|t:|1779873126
|switch|p2a: Garchomp|Garchomp, M|100/100
|turn|7
|
|t:|1779873131
|move|p2a: Garchomp|Earthquake|p1a: Garganacl
|-supereffective|p1a: Garganacl
|-crit|p1a: Garganacl
|-damage|p1a: Garganacl|0 fnt
|faint|p1a: Garganacl
|
|-weather|Sandstorm|[upkeep]
|upkeep
|
|t:|1779873141
|switch|p1a: Umbreon|Umbreon, M|88/100
|turn|8
|
|t:|1779873146
|move|p2a: Garchomp|Earthquake|p1a: Umbreon
|-damage|p1a: Umbreon|56/100
|move|p1a: Umbreon|Toxic|p2a: Garchomp
|-status|p2a: Garchomp|tox
|
|-weather|Sandstorm|[upkeep]
|-damage|p1a: Umbreon|50/100|[from] Sandstorm
|-heal|p1a: Umbreon|56/100|[from] item: Leftovers
|-damage|p2a: Garchomp|94/100 tox|[from] psn
|upkeep
|turn|9
|
|t:|1779873160
|move|p2a: Garchomp|Stealth Rock|p1a: Umbreon
|-sidestart|p1: spauty18|move: Stealth Rock
|move|p1a: Umbreon|Wish|p1a: Umbreon
|
|-weather|Sandstorm|[upkeep]
|-damage|p1a: Umbreon|50/100|[from] Sandstorm
|-heal|p1a: Umbreon|56/100|[from] item: Leftovers
|-damage|p2a: Garchomp|82/100 tox|[from] psn
|upkeep
|turn|10
|
|t:|1779873169
|switch|p1a: Great Tusk|Great Tusk|75/100
|-damage|p1a: Great Tusk|72/100|[from] Stealth Rock
|move|p2a: Garchomp|Dragon Tail|p1a: Great Tusk
|-damage|p1a: Great Tusk|54/100
|-end|p1a: Great Tusk|Protosynthesis|[silent]
|drag|p1a: Umbreon|Umbreon, M|56/100
|-damage|p1a: Umbreon|44/100|[from] Stealth Rock
|
|-weather|none
|-heal|p1a: Umbreon|94/100|[from] move: Wish|[wisher] Umbreon
|-heal|p1a: Umbreon|99/100|[from] item: Leftovers
|-damage|p2a: Garchomp|63/100 tox|[from] psn
|upkeep
|turn|11
|
|t:|1779873184
|move|p1a: Umbreon|Foul Play|p2a: Garchomp
|-damage|p2a: Garchomp|27/100 tox
|-damage|p1a: Umbreon|87/100|[from] ability: Rough Skin|[of] p2a: Garchomp
|-damage|p1a: Umbreon|71/100|[from] item: Rocky Helmet|[of] p2a: Garchomp
|move|p2a: Garchomp|Dragon Tail|p1a: Umbreon
|-damage|p1a: Umbreon|52/100
|drag|p1a: Corviknight|Corviknight, M|100/100
|-damage|p1a: Corviknight|88/100|[from] Stealth Rock
|-ability|p1a: Corviknight|Pressure
|
|-damage|p2a: Garchomp|3/100 tox|[from] psn
|upkeep
|turn|12
|
|t:|1779873203
|switch|p1a: Alomomola|Alomomola, F|100/100
|-damage|p1a: Alomomola|88/100|[from] Stealth Rock
|move|p2a: Garchomp|Dragon Rush|p1a: Alomomola
|-crit|p1a: Alomomola
|-damage|p1a: Alomomola|48/100
|
|-heal|p1a: Alomomola|54/100|[from] item: Leftovers
|-damage|p2a: Garchomp|0 fnt|[from] psn
|faint|p2a: Garchomp
|upkeep
|
|t:|1779873215
|switch|p2a: Scizor|Scizor, M|100/100
|turn|13
|
|t:|1779873220
|move|p2a: Scizor|Swords Dance|p2a: Scizor
|-boost|p2a: Scizor|atk|2
|move|p1a: Alomomola|Flip Turn|p2a: Scizor
|-damage|p2a: Scizor|82/100
|-damage|p1a: Alomomola|37/100|[from] item: Rocky Helmet|[of] p2a: Scizor
|
|t:|1779873228
|switch|p1a: Manaphy|Manaphy|100/100|[from] Flip Turn
|-damage|p1a: Manaphy|88/100|[from] Stealth Rock
|
|-heal|p1a: Manaphy|94/100|[from] item: Leftovers
|upkeep
|turn|14
|
|t:|1779873237
|-terastallize|p1a: Manaphy|Steel
|move|p1a: Manaphy|Tail Glow|p1a: Manaphy
|-boost|p1a: Manaphy|spa|3
|move|p2a: Scizor|Swords Dance|p2a: Scizor
|-boost|p2a: Scizor|atk|2
|
|-heal|p1a: Manaphy|100/100|[from] item: Leftovers
|upkeep
|turn|15
|
|t:|1779873248
|move|p1a: Manaphy|Surf|p2a: Scizor
|-damage|p2a: Scizor|0 fnt
|faint|p2a: Scizor
|
|upkeep
|
|t:|1779873255
|switch|p2a: Flygon|Flygon, F|100/100
|turn|16
|-message|Player UNOWN forfeited.
|
|win|spauty18
|raw|spauty18's rating: 1121 &rarr; <strong>1149</strong><br />(+28 for winning)
|raw|Player UNOWN's rating: 1166 &rarr; <strong>1138</strong><br />(-28 for losing)
|l|☆Player UNOWN
|player|p2|
|l|☆spauty18
|player|p1|
