|j|☆spindle pit
|j|☆qqmatic
|t:|1779942663
|gametype|singles
|player|p1|spindle pit|ethan|1298
|player|p2|qqmatic|2|1315
|gen|9
|tier|[Gen 9] OU
|rated|
|rule|HP Percentage Mod: HP is shown in percentages
|rule|Endless Battle Clause: Forcing endless battles is banned
|rule|Species Clause: Limit one of each Pokémon
|rule|OHKO Clause: OHKO moves are banned
|rule|Evasion Items Clause: Evasion items are banned
|rule|Evasion Moves Clause: Evasion moves are banned
|rule|Evasion Abilities Clause: Evasion abilities are banned
|rule|Sleep Moves Clause: Sleep-inducing moves are banned
|clearpoke
|poke|p1|Minior-Green|
|poke|p1|Scizor, M|
|poke|p1|Dragapult, F|
|poke|p1|Samurott-Hisui, F|
|poke|p1|Iron Treads|
|poke|p1|Iron Valiant|
|poke|p2|Zoroark-Hisui, F|
|poke|p2|Darkrai|
|poke|p2|Ceruledge, F|
|poke|p2|Hydreigon, M|
|poke|p2|Gholdengo|
|poke|p2|Ribombee, M|
|teampreview
|inactive|Battle timer is ON: inactive players will automatically lose when time's up. (requested by spindle pit)
|
|t:|1779942677
|teamsize|p1|6
|teamsize|p2|6
|start
|switch|p1a: Mancarhookdoorhand|Dragapult, F|100/100
|switch|p2a: Ribombee|Ribombee, M|100/100
|turn|1
|
|t:|1779942683
|move|p2a: Ribombee|Trick|p1a: Mancarhookdoorhand
|-activate|p2a: Ribombee|move: Trick|[of] p1a: Mancarhookdoorhand
|-item|p1a: Mancarhookdoorhand|Choice Scarf|[from] move: Trick
|-item|p2a: Ribombee|Choice Specs|[from] move: Trick
|move|p1a: Mancarhookdoorhand|U-turn|p2a: Ribombee
|-resisted|p2a: Ribombee
|-damage|p2a: Ribombee|85/100
|
|t:|1779942690
|switch|p1a: Silo|Minior-Green|100/100|[from] U-turn
|-formechange|p1a: Silo|Minior-Meteor||[from] ability: Shields Down
|
|upkeep
|turn|2
|
|t:|1779942696
|move|p2a: Ribombee|Trick|p1a: Silo
|-activate|p2a: Ribombee|move: Trick|[of] p1a: Silo
|-item|p1a: Silo|Choice Specs|[from] move: Trick
|-item|p2a: Ribombee|Focus Sash|[from] move: Trick
|move|p1a: Silo|Shell Smash|p1a: Silo
|-unboost|p1a: Silo|def|1
|-unboost|p1a: Silo|spd|1
|-boost|p1a: Silo|atk|2
|-boost|p1a: Silo|spa|2
|-boost|p1a: Silo|spe|2
|
|upkeep
|turn|3
|
|t:|1779942710
|switch|p1a: Mizer|Scizor, M|100/100
|move|p2a: Ribombee|Sticky Web|p1a: Mizer
|-sidestart|p1: spindle pit|move: Sticky Web
|
|upkeep
|turn|4
|
|t:|1779942713
|switch|p2a: Gholdengo|Gholdengo|100/100
|-item|p2a: Gholdengo|Air Balloon
|move|p1a: Mizer|Defog|p2a: Gholdengo
|-immune|p2a: Gholdengo|[from] ability: Good as Gold
|
|upkeep
|turn|5
|
|t:|1779942719
|move|p2a: Gholdengo|Nasty Plot|p2a: Gholdengo
|-boost|p2a: Gholdengo|spa|2
|move|p1a: Mizer|Knock Off|p2a: Gholdengo
|-supereffective|p2a: Gholdengo
|-damage|p2a: Gholdengo|34/100
|-enditem|p2a: Gholdengo|Air Balloon
|
|upkeep
|turn|6
|
|t:|1779942726
|-terastallize|p2a: Gholdengo|Steel
|move|p1a: Mizer|Bullet Punch|p2a: Gholdengo
|-resisted|p2a: Gholdengo
|-damage|p2a: Gholdengo|21/100
|move|p2a: Gholdengo|Shadow Ball|p1a: Mizer
|-damage|p1a: Mizer|8/100
|
|upkeep
|turn|7
|
|t:|1779942733
|move|p1a: Mizer|Bullet Punch|p2a: Gholdengo
|-resisted|p2a: Gholdengo
|-damage|p2a: Gholdengo|8/100
|move|p2a: Gholdengo|Recover|p2a: Gholdengo
|-heal|p2a: Gholdengo|58/100
|
|upkeep
|turn|8
|
|t:|1779942738
|move|p1a: Mizer|Bullet Punch|p2a: Gholdengo
|-resisted|p2a: Gholdengo
|-damage|p2a: Gholdengo|43/100
|move|p2a: Gholdengo|Recover|p2a: Gholdengo
|-heal|p2a: Gholdengo|93/100
|
|upkeep
|turn|9
|
|t:|1779942741
|move|p1a: Mizer|Bullet Punch|p2a: Gholdengo
|-resisted|p2a: Gholdengo
|-damage|p2a: Gholdengo|79/100
|move|p2a: Gholdengo|Shadow Ball|p1a: Mizer
|-damage|p1a: Mizer|0 fnt
|faint|p1a: Mizer
|
|upkeep
|
|t:|1779942744
|switch|p1a: Calmy|Iron Valiant|100/100
|-activate|p1a: Calmy|move: Sticky Web
|-unboost|p1a: Calmy|spe|1
|-enditem|p1a: Calmy|Booster Energy
|-activate|p1a: Calmy|ability: Quark Drive|[fromitem]
|-start|p1a: Calmy|quarkdrivespa
|turn|10
|
|t:|1779942749
|move|p1a: Calmy|Aura Sphere|p2a: Gholdengo
|-supereffective|p2a: Gholdengo
|-damage|p2a: Gholdengo|0 fnt
|faint|p2a: Gholdengo
|
|upkeep
|
|t:|1779942756
|switch|p2a: Ribombee|Ribombee, M|85/100
|turn|11
|
|t:|1779942782
|-end|p1a: Calmy|Quark Drive|[silent]
|switch|p1a: Irne|Iron Treads|100/100
|-activate|p1a: Irne|move: Sticky Web
|-unboost|p1a: Irne|spe|1
|-enditem|p1a: Irne|Booster Energy
|-activate|p1a: Irne|ability: Quark Drive|[fromitem]
|-start|p1a: Irne|quarkdriveatk
|move|p2a: Ribombee|Stun Spore|p1a: Irne
|-status|p1a: Irne|par
|
|upkeep
|turn|12
|
|t:|1779942793
|switch|p2a: Darkrai|Darkrai|100/100
|move|p1a: Irne|Volt Switch|p2a: Darkrai
|-damage|p2a: Darkrai|77/100
|replace|p2a: Zoroark|Zoroark-Hisui, F
|-end|p2a: Zoroark|Illusion
|
|t:|1779942796
|-end|p1a: Irne|Quark Drive|[silent]
|switch|p1a: Sam|Samurott-Hisui, F|100/100|[from] Volt Switch
|-activate|p1a: Sam|move: Sticky Web
|-unboost|p1a: Sam|spe|1
|
|upkeep
|turn|13
|l|☆qqmatic
|inactive|qqmatic disconnected and has a minute to reconnect!
|player|p2|
|j|☆qqmatic
|inactive|qqmatic reconnected and has 125 seconds left.
|player|p2|qqmatic|2|
|inactive|qqmatic has 120 seconds left.
|l|☆qqmatic
|inactive|qqmatic disconnected and has a minute to reconnect!
|player|p2|
|inactive|qqmatic has 30 seconds to reconnect!
|inactive|qqmatic has 20 seconds to reconnect!
|inactive|qqmatic has 15 seconds to reconnect!
|inactive|qqmatic has 10 seconds to reconnect!
|inactive|qqmatic has 5 seconds to reconnect!
|-message|qqmatic lost due to inactivity.
|
|win|spindle pit
|raw|spindle pit's rating: 1298 &rarr; <strong>1324</strong><br />(+26 for winning)
|raw|qqmatic's rating: 1315 &rarr; <strong>1294</strong><br />(-21 for losing)
|l|☆spindle pit
|player|p1|
