|j|☆Dragavian NTK
|j|☆OscarGamble
|t:|1779808868
|gametype|singles
|player|p1|Dragavian NTK|gentleman-gen4|1369
|player|p2|OscarGamble|101|1373
|gen|9
|tier|[Gen 9] OU
|rated|
|rule|HP Percentage Mod: HP is shown in percentages
|rule|Endless Battle Clause: Forcing endless battles is banned
|rule|Species Clause: Limit one of each Pokémon
|rule|OHKO Clause: OHKO moves are banned
|rule|Evasion Items Clause: Evasion items are banned
|rule|Evasion Moves Clause: Evasion moves are banned
|rule|Evasion Abilities Clause: Evasion abilities are banned
|rule|Sleep Moves Clause: Sleep-inducing moves are banned
|clearpoke
|poke|p1|Dragonite, M|
|poke|p1|Dragapult, F|
|poke|p1|Scizor, M|
|poke|p1|Cresselia, F|
|poke|p1|Rillaboom, M|
|poke|p1|Heatran, F|
|poke|p2|Dragonite, F|
|poke|p2|Gholdengo|
|poke|p2|Salazzle, F|
|poke|p2|Corviknight, F|
|poke|p2|Samurott-Hisui, F|
|poke|p2|Ting-Lu|
|teampreview
|inactive|Battle timer is ON: inactive players will automatically lose when time's up. (requested by Dragavian NTK)
|inactive|Dragavian NTK has 120 seconds left.
|inactive|OscarGamble has 120 seconds left.
|
|t:|1779808923
|teamsize|p1|6
|teamsize|p2|6
|start
|switch|p1a: Dragapult|Dragapult, F|100/100
|switch|p2a: Ting-Lu|Ting-Lu|100/100
|-ability|p2a: Ting-Lu|Vessel of Ruin
|turn|1
|
|t:|1779808929
|move|p1a: Dragapult|U-turn|p2a: Ting-Lu
|-supereffective|p2a: Ting-Lu
|-damage|p2a: Ting-Lu|83/100
|
|t:|1779808933
|switch|p1a: Scizor|Scizor, M|100/100|[from] U-turn
|move|p2a: Ting-Lu|Stealth Rock|p1a: Scizor
|-sidestart|p1: Dragavian NTK|move: Stealth Rock
|
|-heal|p2a: Ting-Lu|90/100|[from] item: Leftovers
|upkeep
|turn|2
|
|t:|1779808942
|switch|p2a: Corviknight|Corviknight, F|100/100
|-ability|p2a: Corviknight|Pressure
|move|p1a: Scizor|Defog|p2a: Corviknight
|-unboost|p2a: Corviknight|evasion|1
|-sideend|p1: Dragavian NTK|Stealth Rock|[from] move: Defog|[of] p1a: Scizor
|
|upkeep
|turn|3
|
|t:|1779808957
|switch|p1a: Heatran|Heatran, F|100/100
|-item|p1a: Heatran|Air Balloon
|move|p2a: Corviknight|Body Press|p1a: Heatran
|-supereffective|p1a: Heatran
|-damage|p1a: Heatran|66/100
|-enditem|p1a: Heatran|Air Balloon
|
|upkeep
|turn|4
|
|t:|1779808965
|switch|p2a: Samurott|Samurott-Hisui, F|100/100
|move|p1a: Heatran|Stealth Rock|p2a: Samurott
|-sidestart|p2: OscarGamble|move: Stealth Rock
|
|upkeep
|turn|5
|
|t:|1779808972
|switch|p1a: Scizor|Scizor, M|100/100
|move|p2a: Samurott|Ceaseless Edge|p1a: Scizor
|-damage|p1a: Scizor|57/100
|-damage|p2a: Samurott|84/100|[from] item: Rocky Helmet|[of] p1a: Scizor
|-sidestart|p1: Dragavian NTK|Spikes
|
|upkeep
|turn|6
|
|t:|1779808980
|switch|p2a: Corviknight|Corviknight, F|100/100
|-damage|p2a: Corviknight|88/100|[from] Stealth Rock
|-ability|p2a: Corviknight|Pressure
|move|p1a: Scizor|U-turn|p2a: Corviknight
|-resisted|p2a: Corviknight
|-damage|p2a: Corviknight|80/100
|-damage|p1a: Scizor|40/100|[from] item: Rocky Helmet|[of] p2a: Corviknight
|
|t:|1779808985
|switch|p1a: Heatran|Heatran, F|66/100|[from] U-turn
|-damage|p1a: Heatran|54/100|[from] Spikes
|
|upkeep
|turn|7
|
|t:|1779808991
|switch|p2a: Samurott|Samurott-Hisui, F|84/100
|-damage|p2a: Samurott|72/100|[from] Stealth Rock
|move|p1a: Heatran|Lava Plume|p2a: Samurott
|-resisted|p2a: Samurott
|-damage|p2a: Samurott|55/100
|
|upkeep
|turn|8
|
|t:|1779809000
|move|p2a: Samurott|Razor Shell|p1a: Heatran
|-supereffective|p1a: Heatran
|-damage|p1a: Heatran|0 fnt
|faint|p1a: Heatran
|
|upkeep
|
|t:|1779809007
|switch|p1a: Dragapult|Dragapult, F|100/100
|-damage|p1a: Dragapult|88/100|[from] Spikes
|turn|9
|
|t:|1779809013
|move|p2a: Samurott|Sucker Punch|p1a: Dragapult
|-supereffective|p1a: Dragapult
|-damage|p1a: Dragapult|8/100
|move|p1a: Dragapult|U-turn|p2a: Samurott
|-supereffective|p2a: Samurott
|-damage|p2a: Samurott|17/100
|
|t:|1779809018
|switch|p1a: Scizor|Scizor, M|40/100|[from] U-turn
|-damage|p1a: Scizor|28/100|[from] Spikes
|
|upkeep
|turn|10
|
|t:|1779809031
|switch|p2a: Salazzle|Salazzle, F|100/100
|move|p1a: Scizor|Knock Off|p2a: Salazzle
|-damage|p2a: Salazzle|27/100
|-enditem|p2a: Salazzle|Heavy-Duty Boots|[from] move: Knock Off|[of] p1a: Scizor
|
|upkeep
|turn|11
|
|t:|1779809037
|move|p1a: Scizor|Bullet Punch|p2a: Salazzle
|-resisted|p2a: Salazzle
|-damage|p2a: Salazzle|0 fnt
|faint|p2a: Salazzle
|
|upkeep
|
|t:|1779809043
|switch|p2a: Corviknight|Corviknight, F|80/100
|-damage|p2a: Corviknight|68/100|[from] Stealth Rock
|-ability|p2a: Corviknight|Pressure
|turn|12
|
|t:|1779809051
|move|p2a: Corviknight|Iron Defense|p2a: Corviknight
|-boost|p2a: Corviknight|def|2
|move|p1a: Scizor|Knock Off|p2a: Corviknight
|-damage|p2a: Corviknight|55/100
|-damage|p1a: Scizor|11/100|[from] item: Rocky Helmet|[of] p2a: Corviknight
|-enditem|p2a: Corviknight|Rocky Helmet|[from] move: Knock Off|[of] p1a: Scizor
|
|upkeep
|turn|13
|
|t:|1779809063
|switch|p1a: Dragonite|Dragonite, M|100/100
|move|p2a: Corviknight|Roost|p2a: Corviknight
|-heal|p2a: Corviknight|100/100
|-singleturn|p2a: Corviknight|move: Roost
|
|upkeep
|turn|14
|
|t:|1779809073
|move|p1a: Dragonite|Dragon Dance|p1a: Dragonite
|-boost|p1a: Dragonite|atk|1
|-boost|p1a: Dragonite|spe|1
|move|p2a: Corviknight|Body Press|p1a: Dragonite
|-resisted|p1a: Dragonite
|-damage|p1a: Dragonite|89/100
|
|upkeep
|turn|15
|
|t:|1779809079
|move|p1a: Dragonite|Dragon Dance|p1a: Dragonite
|-boost|p1a: Dragonite|atk|1
|-boost|p1a: Dragonite|spe|1
|move|p2a: Corviknight|Iron Defense|p2a: Corviknight
|-boost|p2a: Corviknight|def|2
|
|upkeep
|turn|16
|
|t:|1779809085
|move|p1a: Dragonite|Fire Punch|p2a: Corviknight
|-supereffective|p2a: Corviknight
|-damage|p2a: Corviknight|70/100
|move|p2a: Corviknight|Iron Defense|p2a: Corviknight
|-boost|p2a: Corviknight|def|2
|
|upkeep
|turn|17
|
|t:|1779809092
|move|p1a: Dragonite|Fire Punch|p2a: Corviknight
|-supereffective|p2a: Corviknight
|-damage|p2a: Corviknight|49/100
|move|p2a: Corviknight|Body Press|p1a: Dragonite
|-resisted|p1a: Dragonite
|-damage|p1a: Dragonite|41/100
|
|upkeep
|turn|18
|
|t:|1779809100
|move|p1a: Dragonite|Fire Punch|p2a: Corviknight
|-supereffective|p2a: Corviknight
|-crit|p2a: Corviknight
|-damage|p2a: Corviknight|0 fnt
|faint|p2a: Corviknight
|
|upkeep
|
|t:|1779809105
|switch|p2a: Dragonite|Dragonite, F|100/100
|turn|19
|
|t:|1779809125
|move|p1a: Dragonite|Ice Spinner|p2a: Dragonite
|-supereffective|p2a: Dragonite
|-damage|p2a: Dragonite|0 fnt
|faint|p2a: Dragonite
|
|upkeep
|
|t:|1779809139
|switch|p2a: Gholdengo|Gholdengo|100/100
|-damage|p2a: Gholdengo|94/100|[from] Stealth Rock
|turn|20
|
|t:|1779809143
|-terastallize|p2a: Gholdengo|Fairy
|move|p1a: Dragonite|Fire Punch|p2a: Gholdengo
|-damage|p2a: Gholdengo|30/100
|move|p2a: Gholdengo|Make It Rain|p1a: Dragonite
|-damage|p1a: Dragonite|0 fnt
|-unboost|p2a: Gholdengo|spa|1
|faint|p1a: Dragonite
|
|upkeep
|
|t:|1779809152
|switch|p1a: Scizor|Scizor, M|11/100
|-damage|p1a: Scizor|0 fnt|[from] Spikes
|faint|p1a: Scizor
|-message|OscarGamble forfeited.
|
|win|Dragavian NTK
|raw|Dragavian NTK's rating: 1369 &rarr; <strong>1389</strong><br />(+20 for winning)
|raw|OscarGamble's rating: 1373 &rarr; <strong>1353</strong><br />(-20 for losing)
|l|☆OscarGamble
|player|p2|
|l|☆Dragavian NTK
|player|p1|
