|j|☆totally ligit
|j|☆PlashShlate
|t:|1779805592
|gametype|singles
|player|p1|totally ligit|1|1483
|player|p2|PlashShlate|2|1483
|gen|9
|tier|[Gen 9] OU
|rated|
|rule|HP Percentage Mod: HP is shown in percentages
|rule|Endless Battle Clause: Forcing endless battles is banned
|rule|Species Clause: Limit one of each Pokémon
|rule|OHKO Clause: OHKO moves are banned
|rule|Evasion Items Clause: Evasion items are banned
|rule|Evasion Moves Clause: Evasion moves are banned
|rule|Evasion Abilities Clause: Evasion abilities are banned
|rule|Sleep Moves Clause: Sleep-inducing moves are banned
|clearpoke
|poke|p1|Dragapult, M|
|poke|p1|Maushold-Four|
|poke|p1|Meowscarada, M|
|poke|p1|Walking Wake|
|poke|p1|Weezing-Galar, F|
|poke|p1|Magnezone|
|poke|p2|Landorus-Therian, M|
|poke|p2|Gholdengo|
|poke|p2|Rillaboom, F|
|poke|p2|Walking Wake|
|poke|p2|Volcanion|
|poke|p2|Zamazenta-*|
|teampreview
|inactive|Battle timer is ON: inactive players will automatically lose when time's up. (requested by PlashShlate)
|inactive|totally ligit also wants the timer to be on.
|
|t:|1779805605
|teamsize|p1|6
|teamsize|p2|6
|start
|switch|p1a: Meowscarada|Meowscarada, M|100/100
|switch|p2a: Volcanion|Volcanion|100/100
|turn|1
|
|t:|1779805609
|move|p1a: Meowscarada|U-turn|p2a: Volcanion
|-start|p1a: Meowscarada|typechange|Bug|[from] ability: Protean
|-resisted|p2a: Volcanion
|-damage|p2a: Volcanion|84/100
|
|t:|1779805613
|switch|p1a: Magnezone|Magnezone|100/100|[from] U-turn
|move|p2a: Volcanion|Will-O-Wisp|p1a: Magnezone
|-status|p1a: Magnezone|brn
|
|-damage|p1a: Magnezone|94/100 brn|[from] brn
|upkeep
|turn|2
|
|t:|1779805617
|switch|p2a: Landorus|Landorus-Therian, M|100/100
|-ability|p2a: Landorus|Intimidate|boost
|-unboost|p1a: Magnezone|atk|1
|move|p1a: Magnezone|Volt Switch|p2a: Landorus
|-immune|p2a: Landorus
|
|-damage|p1a: Magnezone|88/100 brn|[from] brn
|upkeep
|turn|3
|
|t:|1779805620
|switch|p1a: Weezing|Weezing-Galar, F|100/100
|move|p2a: Landorus|Stealth Rock|p1a: Weezing
|-sidestart|p1: totally ligit|move: Stealth Rock
|
|upkeep
|turn|4
|
|t:|1779805628
|switch|p1a: Meowscarada|Meowscarada, M|100/100
|-damage|p1a: Meowscarada|88/100|[from] Stealth Rock
|move|p2a: Landorus|U-turn|p1a: Meowscarada
|-supereffective|p1a: Meowscarada
|-damage|p1a: Meowscarada|0 fnt
|faint|p1a: Meowscarada
|
|t:|1779805633
|switch|p2a: Volcanion|Volcanion|84/100|[from] U-turn
|
|upkeep
|
|t:|1779805637
|switch|p1a: Magnezone|Magnezone|88/100 brn
|-damage|p1a: Magnezone|82/100 brn|[from] Stealth Rock
|turn|5
|
|t:|1779805642
|switch|p1a: Walking Wake|Walking Wake|100/100
|-damage|p1a: Walking Wake|88/100|[from] Stealth Rock
|-enditem|p1a: Walking Wake|Booster Energy
|-activate|p1a: Walking Wake|ability: Protosynthesis|[fromitem]
|-start|p1a: Walking Wake|protosynthesisspa
|move|p2a: Volcanion|Flamethrower|p1a: Walking Wake
|-resisted|p1a: Walking Wake
|-damage|p1a: Walking Wake|73/100
|
|upkeep
|turn|6
|
|t:|1779805646
|move|p1a: Walking Wake|Dragon Pulse|p2a: Volcanion
|-damage|p2a: Volcanion|11/100
|move|p2a: Volcanion|Sludge Bomb|p1a: Walking Wake
|-damage|p1a: Walking Wake|29/100
|
|upkeep
|turn|7
|
|t:|1779805649
|move|p1a: Walking Wake|Dragon Pulse|p2a: Volcanion
|-damage|p2a: Volcanion|0 fnt
|faint|p2a: Volcanion
|
|upkeep
|
|t:|1779805650
|switch|p2a: Rillaboom|Rillaboom, F|100/100
|-fieldstart|move: Grassy Terrain|[from] ability: Grassy Surge|[of] p2a: Rillaboom
|turn|8
|
|t:|1779805653
|move|p2a: Rillaboom|Grassy Glide|p1a: Walking Wake
|-damage|p1a: Walking Wake|0 fnt
|faint|p1a: Walking Wake
|-end|p1a: Walking Wake|Protosynthesis|[silent]
|-damage|p2a: Rillaboom|91/100|[from] item: Life Orb
|
|-heal|p2a: Rillaboom|97/100|[from] Grassy Terrain
|upkeep
|
|t:|1779805657
|switch|p1a: Weezing|Weezing-Galar, F|100/100
|-damage|p1a: Weezing|88/100|[from] Stealth Rock
|turn|9
|
|t:|1779805662
|switch|p2a: Gholdengo|Gholdengo|100/100
|-enditem|p2a: Gholdengo|Grassy Seed
|-boost|p2a: Gholdengo|def|1|[from] item: Grassy Seed
|move|p1a: Weezing|Defog|p2a: Gholdengo
|-immune|p2a: Gholdengo|[from] ability: Good as Gold
|
|-heal|p1a: Weezing|94/100|[from] item: Leftovers
|upkeep
|turn|10
|
|t:|1779805666
|switch|p1a: Magnezone|Magnezone|82/100 brn
|-damage|p1a: Magnezone|76/100 brn|[from] Stealth Rock
|move|p2a: Gholdengo|Nasty Plot|p2a: Gholdengo
|-boost|p2a: Gholdengo|spa|2
|
|-heal|p1a: Magnezone|82/100 brn|[from] Grassy Terrain
|-damage|p1a: Magnezone|76/100 brn|[from] brn
|upkeep
|turn|11
|
|t:|1779805670
|move|p2a: Gholdengo|Shadow Ball|p1a: Magnezone
|-damage|p1a: Magnezone|0 fnt
|faint|p1a: Magnezone
|
|upkeep
|
|t:|1779805673
|switch|p1a: Dragapult|Dragapult, M|100/100
|-damage|p1a: Dragapult|88/100|[from] Stealth Rock
|turn|12
|
|t:|1779805677
|-terastallize|p2a: Gholdengo|Fairy
|move|p1a: Dragapult|Phantom Force||[still]
|-prepare|p1a: Dragapult|Phantom Force
|move|p2a: Gholdengo|Shadow Ball|p1a: Dragapult|[miss]
|-miss|p2a: Gholdengo|p1a: Dragapult
|
|-fieldend|move: Grassy Terrain
|upkeep
|turn|13
|
|t:|1779805681
|move|p1a: Dragapult|Phantom Force|p2a: Gholdengo|[from] lockedmove
|-damage|p2a: Gholdengo|74/100
|move|p2a: Gholdengo|Shadow Ball|p1a: Dragapult
|-supereffective|p1a: Dragapult
|-damage|p1a: Dragapult|0 fnt
|faint|p1a: Dragapult
|
|upkeep
|
|t:|1779805683
|switch|p1a: Bonk*10|Maushold-Four|100/100
|-damage|p1a: Bonk*10|88/100|[from] Stealth Rock
|turn|14
|
|t:|1779805686
|-terastallize|p1a: Bonk*10|Normal
|move|p1a: Bonk*10|Population Bomb|p2a: Gholdengo
|-damage|p2a: Gholdengo|65/100
|-damage|p2a: Gholdengo|55/100
|-damage|p2a: Gholdengo|45/100
|-damage|p2a: Gholdengo|35/100
|-damage|p2a: Gholdengo|26/100
|-damage|p2a: Gholdengo|16/100
|-damage|p2a: Gholdengo|6/100
|-damage|p2a: Gholdengo|0 fnt
|faint|p2a: Gholdengo
|-hitcount|p2: Gholdengo|8
|
|upkeep
|
|t:|1779805690
|switch|p2a: Landorus|Landorus-Therian, M|100/100
|-ability|p2a: Landorus|Intimidate|boost
|-unboost|p1a: Bonk*10|atk|1
|turn|15
|
|t:|1779805693
|switch|p1a: Weezing|Weezing-Galar, F|94/100
|-damage|p1a: Weezing|82/100|[from] Stealth Rock
|move|p2a: Landorus|Earth Power|p1a: Weezing
|-immune|p1a: Weezing|[from] ability: Levitate
|
|-heal|p1a: Weezing|88/100|[from] item: Leftovers
|upkeep
|turn|16
|
|t:|1779805695
|move|p2a: Landorus|Taunt|p1a: Weezing
|-start|p1a: Weezing|move: Taunt
|cant|p1a: Weezing|move: Taunt|Defog
|
|-heal|p1a: Weezing|94/100|[from] item: Leftovers
|upkeep
|turn|17
|
|t:|1779805700
|move|p2a: Landorus|U-turn|p1a: Weezing
|-resisted|p1a: Weezing
|-damage|p1a: Weezing|91/100
|
|t:|1779805703
|switch|p2a: Walking Wake|Walking Wake|100/100|[from] U-turn
|-enditem|p2a: Walking Wake|Booster Energy
|-activate|p2a: Walking Wake|ability: Protosynthesis|[fromitem]
|-start|p2a: Walking Wake|protosynthesisspa
|move|p1a: Weezing|Strange Steam|p2a: Walking Wake
|-supereffective|p2a: Walking Wake
|-damage|p2a: Walking Wake|38/100
|
|-heal|p1a: Weezing|97/100|[from] item: Leftovers
|upkeep
|turn|18
|
|t:|1779805706
|move|p2a: Walking Wake|Surf|p1a: Weezing
|-damage|p1a: Weezing|6/100
|move|p1a: Weezing|Strange Steam|p2a: Walking Wake
|-supereffective|p2a: Walking Wake
|-damage|p2a: Walking Wake|0 fnt
|faint|p2a: Walking Wake
|-end|p2a: Walking Wake|Protosynthesis|[silent]
|
|-heal|p1a: Weezing|12/100|[from] item: Leftovers
|-end|p1a: Weezing|move: Taunt
|upkeep
|
|t:|1779805708
|switch|p2a: Rillaboom|Rillaboom, F|97/100
|-fieldstart|move: Grassy Terrain|[from] ability: Grassy Surge|[of] p2a: Rillaboom
|turn|19
|
|t:|1779805711
|move|p2a: Rillaboom|Grassy Glide|p1a: Weezing
|-resisted|p1a: Weezing
|-damage|p1a: Weezing|0 fnt
|faint|p1a: Weezing
|-damage|p2a: Rillaboom|87/100|[from] item: Life Orb
|
|-heal|p2a: Rillaboom|93/100|[from] Grassy Terrain
|upkeep
|
|t:|1779805713
|switch|p1a: Bonk*10|Maushold-Four, tera:Normal|88/100
|-damage|p1a: Bonk*10|76/100|[from] Stealth Rock
|turn|20
|
|t:|1779805716
|move|p2a: Rillaboom|Grassy Glide|p1a: Bonk*10
|-damage|p1a: Bonk*10|0 fnt
|faint|p1a: Bonk*10
|-damage|p2a: Rillaboom|84/100|[from] item: Life Orb
|
|win|PlashShlate
|raw|totally ligit's rating: 1483 &rarr; <strong>1463</strong><br />(-20 for losing)
|raw|PlashShlate's rating: 1483 &rarr; <strong>1503</strong><br />(+20 for winning)
|l|☆totally ligit
|player|p1|
|l|☆PlashShlate
|player|p2|
