|j|☆NojaKalm
|j|☆Hunter_of_Keys
|t:|1779855343
|gametype|singles
|player|p1|NojaKalm|1|1637
|player|p2|Hunter_of_Keys|veteran|1630
|gen|9
|tier|[Gen 9] OU
|rated|
|rule|HP Percentage Mod: HP is shown in percentages
|rule|Endless Battle Clause: Forcing endless battles is banned
|rule|Species Clause: Limit one of each Pokémon
|rule|OHKO Clause: OHKO moves are banned
|rule|Evasion Items Clause: Evasion items are banned
|rule|Evasion Moves Clause: Evasion moves are banned
|rule|Evasion Abilities Clause: Evasion abilities are banned
|rule|Sleep Moves Clause: Sleep-inducing moves are banned
|clearpoke
|poke|p1|Comfey, M|
|poke|p1|Whimsicott, F|
|poke|p1|Iron Moth|
|poke|p1|Walking Wake|
|poke|p1|Great Tusk|
|poke|p1|Ninetales, F|
|poke|p2|Gallade, M|
|poke|p2|Armarouge, F|
|poke|p2|Indeedee, M|
|poke|p2|Cresselia, F|
|poke|p2|Rabsca, M|
|poke|p2|Espeon, M|
|teampreview
|inactive|Battle timer is ON: inactive players will automatically lose when time's up. (requested by Hunter_of_Keys)
|inactive|NojaKalm also wants the timer to be on.
|inactive|NojaKalm has 120 seconds left.
|
|t:|1779855387
|teamsize|p1|6
|teamsize|p2|6
|start
|switch|p1a: Ninetales|Ninetales, F|100/100
|switch|p2a: Indeedee|Indeedee, M|100/100
|-weather|SunnyDay|[from] ability: Drought|[of] p1a: Ninetales
|-fieldstart|move: Psychic Terrain|[from] ability: Psychic Surge|[of] p2a: Indeedee
|turn|1
|j| Jippyjip
|
|t:|1779855394
|switch|p1a: Walking Wake|Walking Wake|100/100
|-activate|p1a: Walking Wake|ability: Protosynthesis
|-start|p1a: Walking Wake|protosynthesisspe
|switch|p2a: Armarouge|Armarouge, F|100/100
|
|-weather|SunnyDay|[upkeep]
|upkeep
|turn|2
|l| Jippyjip
|
|t:|1779855397
|move|p1a: Walking Wake|Hydro Steam|p2a: Armarouge
|-supereffective|p2a: Armarouge
|-damage|p2a: Armarouge|0 fnt
|faint|p2a: Armarouge
|
|-weather|SunnyDay|[upkeep]
|upkeep
|
|t:|1779855406
|switch|p2a: Cresselia|Cresselia, F|100/100
|turn|3
|
|t:|1779855408
|move|p1a: Walking Wake|Knock Off|p2a: Cresselia
|-supereffective|p2a: Cresselia
|-damage|p2a: Cresselia|79/100
|-damage|p1a: Walking Wake|84/100|[from] item: Rocky Helmet|[of] p2a: Cresselia
|-enditem|p2a: Cresselia|Rocky Helmet|[from] move: Knock Off|[of] p1a: Walking Wake
|move|p2a: Cresselia|Thunder Wave|p1a: Walking Wake
|-status|p1a: Walking Wake|par
|
|-weather|SunnyDay|[upkeep]
|upkeep
|turn|4
|
|t:|1779855415
|move|p1a: Walking Wake|Hydro Steam|p2a: Cresselia
|-damage|p2a: Cresselia|45/100
|move|p2a: Cresselia|Thunderbolt|p1a: Walking Wake
|-damage|p1a: Walking Wake|73/100 par
|
|-weather|SunnyDay|[upkeep]
|upkeep
|turn|5
|
|t:|1779855422
|move|p1a: Walking Wake|Hydro Steam|p2a: Cresselia
|-damage|p2a: Cresselia|15/100
|move|p2a: Cresselia|Lunar Dance|p2a: Cresselia
|faint|p2a: Cresselia
|
|-weather|SunnyDay|[upkeep]
|upkeep
|
|t:|1779855424
|switch|p2a: Gallade|Gallade, M|100/100
|turn|6
|
|t:|1779855428
|move|p2a: Gallade|Psycho Cut|p1a: Walking Wake
|-damage|p1a: Walking Wake|3/100 par
|move|p1a: Walking Wake|Hydro Steam|p2a: Gallade
|-damage|p2a: Gallade|41/100
|
|-weather|SunnyDay|[upkeep]
|upkeep
|turn|7
|
|t:|1779855434
|move|p2a: Gallade|Psycho Cut|p1a: Walking Wake
|-damage|p1a: Walking Wake|0 fnt
|faint|p1a: Walking Wake
|-end|p1a: Walking Wake|Protosynthesis|[silent]
|
|-weather|SunnyDay|[upkeep]
|upkeep
|
|t:|1779855439
|switch|p1a: Whimsicott|Whimsicott, F|100/100
|turn|8
|
|t:|1779855442
|move|p1a: Whimsicott|Moonblast|p2a: Gallade
|-supereffective|p2a: Gallade
|-damage|p2a: Gallade|0 fnt
|faint|p2a: Gallade
|-damage|p1a: Whimsicott|91/100|[from] item: Life Orb
|
|-weather|none
|-fieldend|move: Psychic Terrain
|upkeep
|
|t:|1779855452
|switch|p2a: Rabsca|Rabsca, M|100/100
|turn|9
|
|t:|1779855457
|switch|p1a: Ninetales|Ninetales, F|100/100
|-weather|SunnyDay|[from] ability: Drought|[of] p1a: Ninetales
|move|p2a: Rabsca|Revival Blessing|p2a: Rabsca
|-enditem|p2a: Rabsca|Leppa Berry|[eat]
|-activate|p2a: Rabsca|item: Leppa Berry|Revival Blessing|[consumed]
|
|t:|1779855459
|-heal|p2: Armarouge|50/100|[from] move: Revival Blessing
|
|-weather|SunnyDay|[upkeep]
|upkeep
|turn|10
|
|t:|1779855470
|-terastallize|p2a: Rabsca|Water
|move|p1a: Ninetales|Weather Ball|p2a: Rabsca
|-resisted|p2a: Rabsca
|-damage|p2a: Rabsca|82/100
|move|p2a: Rabsca|Speed Swap|p1a: Ninetales
|-activate|p2a: Rabsca|move: Speed Swap|[of] p1a: Ninetales
|
|-weather|SunnyDay|[upkeep]
|upkeep
|turn|11
|
|t:|1779855484
|switch|p1a: Whimsicott|Whimsicott, F|91/100
|move|p2a: Rabsca|Revival Blessing|p2a: Rabsca
|
|t:|1779855492
|-heal|p2: Cresselia|50/100|[from] move: Revival Blessing
|
|-weather|SunnyDay|[upkeep]
|upkeep
|turn|12
|
|t:|1779855498
|switch|p2a: Indeedee|Indeedee, M|100/100
|-fieldstart|move: Psychic Terrain|[from] ability: Psychic Surge|[of] p2a: Indeedee
|move|p1a: Whimsicott|Growth|p1a: Whimsicott
|-boost|p1a: Whimsicott|atk|2
|-boost|p1a: Whimsicott|spa|2
|
|-weather|SunnyDay|[upkeep]
|upkeep
|turn|13
|
|t:|1779855503
|move|p1a: Whimsicott|Moonblast|p2a: Indeedee
|-damage|p2a: Indeedee|0 fnt
|faint|p2a: Indeedee
|-damage|p1a: Whimsicott|81/100|[from] item: Life Orb
|
|-weather|SunnyDay|[upkeep]
|upkeep
|
|t:|1779855510
|switch|p2a: Espeon|Espeon, M|100/100
|turn|14
|
|t:|1779855517
|move|p1a: Whimsicott|Shadow Ball|p2a: Espeon
|-supereffective|p2a: Espeon
|-damage|p2a: Espeon|0 fnt
|faint|p2a: Espeon
|-damage|p1a: Whimsicott|71/100|[from] item: Life Orb
|
|-weather|SunnyDay|[upkeep]
|upkeep
|
|t:|1779855528
|switch|p2a: Rabsca|Rabsca, M, tera:Water|82/100
|-heal|p2a: Rabsca|100/100|[from] move: Lunar Dance
|turn|15
|
|t:|1779855532
|move|p1a: Whimsicott|Giga Drain|p2a: Rabsca
|-supereffective|p2a: Rabsca
|-damage|p2a: Rabsca|0 fnt
|-heal|p1a: Whimsicott|100/100|[from] drain|[of] p2a: Rabsca
|faint|p2a: Rabsca
|-damage|p1a: Whimsicott|91/100|[from] item: Life Orb
|
|-weather|SunnyDay|[upkeep]
|upkeep
|
|t:|1779855545
|switch|p2a: Armarouge|Armarouge, F|50/100
|turn|16
|
|t:|1779855548
|move|p1a: Whimsicott|Shadow Ball|p2a: Armarouge
|-supereffective|p2a: Armarouge
|-damage|p2a: Armarouge|0 fnt
|faint|p2a: Armarouge
|-damage|p1a: Whimsicott|81/100|[from] item: Life Orb
|
|-weather|none
|upkeep
|
|t:|1779855550
|switch|p2a: Cresselia|Cresselia, F|50/100
|turn|17
|
|t:|1779855553
|move|p1a: Whimsicott|Shadow Ball|p2a: Cresselia
|-supereffective|p2a: Cresselia
|-damage|p2a: Cresselia|0 fnt
|faint|p2a: Cresselia
|-damage|p1a: Whimsicott|71/100|[from] item: Life Orb
|
|win|NojaKalm
|raw|NojaKalm's rating: 1637 &rarr; <strong>1657</strong><br />(+20 for winning)
|raw|Hunter_of_Keys's rating: 1630 &rarr; <strong>1610</strong><br />(-20 for losing)
|l|☆Hunter_of_Keys
|player|p2|
|l|☆NojaKalm
|player|p1|
|j|☆NojaKalm
|player|p1|NojaKalm|1|
|l|☆NojaKalm
|player|p1|
