|j|☆maxcondones
|j|☆rebaar
|t:|1779942220
|gametype|singles
|player|p1|maxcondones|102|1540
|player|p2|rebaar|psychic-gen4|1522
|gen|9
|tier|[Gen 9] OU
|rated|
|rule|HP Percentage Mod: HP is shown in percentages
|rule|Endless Battle Clause: Forcing endless battles is banned
|rule|Species Clause: Limit one of each Pokémon
|rule|OHKO Clause: OHKO moves are banned
|rule|Evasion Items Clause: Evasion items are banned
|rule|Evasion Moves Clause: Evasion moves are banned
|rule|Evasion Abilities Clause: Evasion abilities are banned
|rule|Sleep Moves Clause: Sleep-inducing moves are banned
|clearpoke
|poke|p1|Excadrill, F|
|poke|p1|Landorus-Therian, M|
|poke|p1|Deoxys-Speed|
|poke|p1|Tyranitar, F|
|poke|p1|Tornadus-Therian, M|
|poke|p1|Hippowdon, F|
|poke|p2|Ogerpon-Wellspring, F|
|poke|p2|Kingambit, M|
|poke|p2|Landorus-Therian, M|
|poke|p2|Glimmora, F|
|poke|p2|Dragapult, F|
|poke|p2|Iron Valiant|
|teampreview
|j| Leamper
|c|☆rebaar|glhf
|
|t:|1779942243
|teamsize|p1|6
|teamsize|p2|6
|start
|switch|p1a: Landorus|Landorus-Therian, M|100/100
|switch|p2a: Glimmora|Glimmora, F|100/100
|-ability|p1a: Landorus|Intimidate|boost
|-unboost|p2a: Glimmora|atk|1
|turn|1
|
|t:|1779942248
|move|p1a: Landorus|Taunt|p2a: Glimmora
|-start|p2a: Glimmora|move: Taunt
|move|p2a: Glimmora|Meteor Beam||[still]
|-prepare|p2a: Glimmora|Meteor Beam
|-boost|p2a: Glimmora|spa|1
|-enditem|p2a: Glimmora|Power Herb
|-anim|p2a: Glimmora|Meteor Beam|p1a: Landorus
|-damage|p1a: Landorus|0 fnt
|faint|p1a: Landorus
|
|upkeep
|
|t:|1779942255
|switch|p1a: Deoxys|Deoxys-Speed|100/100
|-ability|p1a: Deoxys|Pressure
|turn|2
|
|t:|1779942265
|switch|p2a: Kingambit|Kingambit, M|100/100
|move|p1a: Deoxys|Psycho Boost|p2a: Kingambit
|-immune|p2a: Kingambit
|
|upkeep
|turn|3
|
|t:|1779942268
|-end|p2a: Kingambit|fallenundefined|[silent]
|switch|p2a: Glimmora|Glimmora, F|100/100
|move|p1a: Deoxys|Superpower|p2a: Glimmora
|-damage|p2a: Glimmora|65/100
|-unboost|p1a: Deoxys|atk|1
|-unboost|p1a: Deoxys|def|1
|-activate|p2a: Glimmora|ability: Toxic Debris
|-sidestart|p1: maxcondones|move: Toxic Spikes
|-enditem|p1a: Deoxys|Eject Pack
|
|t:|1779942274
|switch|p1a: Excadrill|Excadrill, F|100/100
|
|upkeep
|turn|4
|
|t:|1779942303
|move|p1a: Excadrill|Iron Head|p2a: Glimmora
|-supereffective|p2a: Glimmora
|-damage|p2a: Glimmora|0 fnt
|-activate|p2a: Glimmora|ability: Toxic Debris
|-sidestart|p1: maxcondones|move: Toxic Spikes
|faint|p2a: Glimmora
|
|upkeep
|
|t:|1779942308
|switch|p2a: Ogerpon|Ogerpon-Wellspring, F|100/100
|turn|5
|
|t:|1779942332
|switch|p1a: Hippowdon|Hippowdon, F|100/100
|-status|p1a: Hippowdon|tox
|-weather|Sandstorm|[from] ability: Sand Stream|[of] p1a: Hippowdon
|move|p2a: Ogerpon|Ivy Cudgel|p1a: Hippowdon|[anim] Ivy Cudgel Water
|-supereffective|p1a: Hippowdon
|-damage|p1a: Hippowdon|40/100 tox
|-enditem|p1a: Hippowdon|Eject Button
|
|t:|1779942336
|switch|p1a: Tornadus|Tornadus-Therian, M|100/100
|
|-weather|Sandstorm|[upkeep]
|-damage|p1a: Tornadus|94/100|[from] Sandstorm
|-damage|p2a: Ogerpon|95/100|[from] Sandstorm
|upkeep
|turn|6
|inactive|Battle timer is ON: inactive players will automatically lose when time's up. (requested by rebaar)
|
|t:|1779942360
|switch|p1a: Hippowdon|Hippowdon, F|40/100 tox
|switch|p2a: Kingambit|Kingambit, M|100/100
|-activate|p2a: Kingambit|ability: Supreme Overlord
|-start|p2a: Kingambit|fallen1|[silent]
|
|-weather|Sandstorm|[upkeep]
|-damage|p1a: Hippowdon|34/100 tox|[from] psn
|upkeep
|turn|7
|
|t:|1779942384
|move|p2a: Kingambit|Kowtow Cleave|p1a: Hippowdon
|-damage|p1a: Hippowdon|7/100 tox
|move|p1a: Hippowdon|Stealth Rock|p2a: Kingambit
|-sidestart|p2: rebaar|move: Stealth Rock
|
|-weather|Sandstorm|[upkeep]
|-damage|p1a: Hippowdon|0 fnt|[from] psn
|faint|p1a: Hippowdon
|upkeep
|
|t:|1779942411
|switch|p1a: Excadrill|Excadrill, F|100/100
|turn|8
|
|t:|1779942415
|-end|p2a: Kingambit|fallen1|[silent]
|switch|p2a: Landorus|Landorus-Therian, M|100/100
|-damage|p2a: Landorus|88/100|[from] Stealth Rock
|-ability|p2a: Landorus|Intimidate|boost
|-unboost|p1a: Excadrill|atk|1
|move|p1a: Excadrill|Iron Head|p2a: Landorus
|-damage|p2a: Landorus|39/100
|-damage|p1a: Excadrill|84/100|[from] item: Rocky Helmet|[of] p2a: Landorus
|
|-weather|Sandstorm|[upkeep]
|upkeep
|turn|9
|
|t:|1779942425
|move|p1a: Excadrill|Iron Head|p2a: Landorus
|-damage|p2a: Landorus|0 fnt
|-damage|p1a: Excadrill|67/100|[from] item: Rocky Helmet|[of] p2a: Landorus
|faint|p2a: Landorus
|
|-weather|none
|upkeep
|
|t:|1779942428
|switch|p2a: Ogerpon|Ogerpon-Wellspring, F|95/100
|-damage|p2a: Ogerpon|82/100|[from] Stealth Rock
|turn|10
|
|t:|1779942434
|switch|p1a: Tornadus|Tornadus-Therian, M|100/100
|move|p2a: Ogerpon|Ivy Cudgel|p1a: Tornadus|[anim] Ivy Cudgel Water
|-damage|p1a: Tornadus|19/100
|
|upkeep
|turn|11
|
|t:|1779942444
|-terastallize|p2a: Ogerpon|Water
|detailschange|p2a: Ogerpon|Ogerpon-Wellspring-Tera, F, tera:Water
|-ability|p2a: Ogerpon|Embody Aspect (Wellspring)|boost
|-boost|p2a: Ogerpon|spd|1
|move|p1a: Tornadus|Focus Blast|p2a: Ogerpon|[miss]
|-miss|p1a: Tornadus|p2a: Ogerpon
|move|p2a: Ogerpon|Ivy Cudgel|p1a: Tornadus|[anim] Ivy Cudgel Water
|-damage|p1a: Tornadus|0 fnt
|faint|p1a: Tornadus
|
|upkeep
|
|t:|1779942465
|switch|p1a: Tyranitar|Tyranitar, F|100/100
|-status|p1a: Tyranitar|tox
|-weather|Sandstorm|[from] ability: Sand Stream|[of] p1a: Tyranitar
|turn|12
|
|t:|1779942477
|move|p2a: Ogerpon|Horn Leech|p1a: Tyranitar
|-supereffective|p1a: Tyranitar
|-damage|p1a: Tyranitar|14/100 tox
|-heal|p2a: Ogerpon|100/100|[from] drain|[of] p1a: Tyranitar
|-enditem|p1a: Tyranitar|Eject Button
|
|t:|1779942483
|switch|p1a: Excadrill|Excadrill, F|67/100
|
|-weather|Sandstorm|[upkeep]
|-damage|p2a: Ogerpon|95/100|[from] Sandstorm
|upkeep
|turn|13
|
|t:|1779942491
|move|p1a: Excadrill|Earthquake|p2a: Ogerpon
|-damage|p2a: Ogerpon|0 fnt
|faint|p2a: Ogerpon
|detailschange|p2: Ogerpon|Ogerpon-Wellspring, F|[silent]
|
|-weather|Sandstorm|[upkeep]
|upkeep
|c|☆rebaar|ayo
|c|☆rebaar|cb drill???
|inactive|rebaar has 120 seconds left.
|c|☆maxcondones|yea
|
|t:|1779942542
|switch|p2a: Kingambit|Kingambit, M|100/100
|-damage|p2a: Kingambit|94/100|[from] Stealth Rock
|-activate|p2a: Kingambit|ability: Supreme Overlord
|-start|p2a: Kingambit|fallen3|[silent]
|turn|14
|
|t:|1779942565
|switch|p1a: Deoxys|Deoxys-Speed|100/100
|-status|p1a: Deoxys|tox
|-ability|p1a: Deoxys|Pressure
|move|p2a: Kingambit|Sucker Punch||[still]
|-fail|p2a: Kingambit
|
|-weather|Sandstorm|[upkeep]
|-damage|p1a: Deoxys|94/100 tox|[from] Sandstorm
|-heal|p2a: Kingambit|100/100|[from] item: Leftovers
|-damage|p1a: Deoxys|88/100 tox|[from] psn
|upkeep
|turn|15
|
|t:|1779942571
|-end|p2a: Kingambit|fallen3|[silent]
|switch|p2a: Dragapult|Dragapult, F|100/100
|-damage|p2a: Dragapult|88/100|[from] Stealth Rock
|-terastallize|p1a: Deoxys|Fighting
|move|p1a: Deoxys|Superpower|p2a: Dragapult
|-immune|p2a: Dragapult
|
|-weather|Sandstorm|[upkeep]
|-damage|p1a: Deoxys|82/100 tox|[from] Sandstorm
|-damage|p2a: Dragapult|82/100|[from] Sandstorm
|-damage|p1a: Deoxys|69/100 tox|[from] psn
|upkeep
|turn|16
|inactive|rebaar has 120 seconds left.
|
|t:|1779942583
|move|p1a: Deoxys|Ice Beam|p2a: Dragapult
|-supereffective|p2a: Dragapult
|-damage|p2a: Dragapult|10/100
|move|p2a: Dragapult|Shadow Ball|p1a: Deoxys
|-damage|p1a: Deoxys|0 fnt
|faint|p1a: Deoxys
|
|-weather|none
|upkeep
|
|t:|1779942585
|switch|p1a: Tyranitar|Tyranitar, F|14/100 tox
|-weather|Sandstorm|[from] ability: Sand Stream|[of] p1a: Tyranitar
|turn|17
|
|t:|1779942591
|switch|p1a: Excadrill|Excadrill, F|67/100
|move|p2a: Dragapult|Shadow Ball|p1a: Excadrill
|-damage|p1a: Excadrill|0 fnt
|faint|p1a: Excadrill
|
|-weather|Sandstorm|[upkeep]
|-damage|p2a: Dragapult|4/100|[from] Sandstorm
|upkeep
|-message|maxcondones forfeited.
|
|win|rebaar
|raw|maxcondones's rating: 1540 &rarr; <strong>1519</strong><br />(-21 for losing)
|raw|rebaar's rating: 1522 &rarr; <strong>1543</strong><br />(+21 for winning)
|l|☆maxcondones
|player|p1|
|l|☆rebaar
|player|p2|
