|j|☆mai42
|j|☆Skorpion94
|t:|1779869273
|gametype|singles
|player|p1|mai42|boarder|1300
|player|p2|Skorpion94|gentleman|1286
|gen|9
|tier|[Gen 9] OU
|rated|
|rule|HP Percentage Mod: HP is shown in percentages
|rule|Endless Battle Clause: Forcing endless battles is banned
|rule|Species Clause: Limit one of each Pokémon
|rule|OHKO Clause: OHKO moves are banned
|rule|Evasion Items Clause: Evasion items are banned
|rule|Evasion Moves Clause: Evasion moves are banned
|rule|Evasion Abilities Clause: Evasion abilities are banned
|rule|Sleep Moves Clause: Sleep-inducing moves are banned
|clearpoke
|poke|p1|Gallade, M|
|poke|p1|Ogerpon-Cornerstone, F|
|poke|p1|Hatterene, F|
|poke|p1|Iron Treads|
|poke|p1|Kingambit, F|
|poke|p1|Zapdos|
|poke|p2|Ursaluna, M|
|poke|p2|Corviknight, F|
|poke|p2|Iron Valiant|
|poke|p2|Skeledirge, F|
|poke|p2|Lokix, F|
|poke|p2|Slowking, M|
|teampreview
|inactive|Battle timer is ON: inactive players will automatically lose when time's up. (requested by mai42)
|inactive|mai42 has 120 seconds left.
|
|t:|1779869307
|teamsize|p1|6
|teamsize|p2|6
|start
|switch|p1a: Gladee|Gallade, M, shiny|100/100
|switch|p2a: Lokix|Lokix, F|100/100
|turn|1
|
|t:|1779869331
|switch|p2a: Corviknight|Corviknight, F|100/100
|-ability|p2a: Corviknight|Pressure
|move|p1a: Gladee|Sacred Sword|p2a: Corviknight
|-damage|p2a: Corviknight|58/100
|-damage|p1a: Gladee|84/100|[from] item: Rocky Helmet|[of] p2a: Corviknight
|
|upkeep
|turn|2
|
|t:|1779869342
|switch|p1a: Zapdos|Zapdos|100/100
|move|p2a: Corviknight|Roost|p2a: Corviknight
|-heal|p2a: Corviknight|100/100
|-singleturn|p2a: Corviknight|move: Roost
|
|upkeep
|turn|3
|
|t:|1779869351
|switch|p2a: Skeledirge|Skeledirge, F|100/100
|-item|p2a: Skeledirge|Air Balloon
|move|p1a: Zapdos|Heat Wave|p2a: Skeledirge
|-resisted|p2a: Skeledirge
|-damage|p2a: Skeledirge|89/100
|-enditem|p2a: Skeledirge|Air Balloon
|
|upkeep
|turn|4
|
|t:|1779869368
|switch|p1a: Gladee|Gallade, M, shiny|84/100
|move|p2a: Skeledirge|Torch Song|p1a: Gladee
|-damage|p1a: Gladee|61/100
|-boost|p2a: Skeledirge|spa|1
|
|upkeep
|turn|5
|
|t:|1779869387
|switch|p2a: Corviknight|Corviknight, F|100/100
|-ability|p2a: Corviknight|Pressure
|move|p1a: Gladee|Night Slash|p2a: Corviknight
|-damage|p2a: Corviknight|79/100
|-damage|p1a: Gladee|44/100|[from] item: Rocky Helmet|[of] p2a: Corviknight
|
|upkeep
|turn|6
|
|t:|1779869396
|switch|p1a: Kingambit|Kingambit, F|100/100
|move|p2a: Corviknight|U-turn|p1a: Kingambit
|-damage|p1a: Kingambit|88/100
|
|t:|1779869401
|switch|p2a: Ursaluna|Ursaluna, M|100/100|[from] U-turn
|
|-heal|p1a: Kingambit|95/100|[from] item: Leftovers
|-status|p2a: Ursaluna|brn|[from] item: Flame Orb
|upkeep
|turn|7
|
|t:|1779869411
|-terastallize|p1a: Kingambit|Flying
|move|p1a: Kingambit|Swords Dance|p1a: Kingambit
|-boost|p1a: Kingambit|atk|2
|move|p2a: Ursaluna|Facade|p1a: Kingambit
|-damage|p1a: Kingambit|0 fnt
|faint|p1a: Kingambit
|-end|p1a: Kingambit|fallenundefined|[silent]
|
|-damage|p2a: Ursaluna|94/100 brn|[from] brn
|upkeep
|
|t:|1779869438
|switch|p1a: Hatterene|Hatterene, F, shiny|100/100
|turn|8
|-message|mai42 forfeited.
|
|win|Skorpion94
|raw|mai42's rating: 1300 &rarr; <strong>1274</strong><br />(-26 for losing)
|raw|Skorpion94's rating: 1286 &rarr; <strong>1312</strong><br />(+26 for winning)
|l|☆mai42
|player|p1|
