|j|☆talljake7
|j|☆brokensand
|t:|1779806437
|gametype|singles
|player|p1|talljake7|ethan|1152
|player|p2|brokensand|170|1135
|gen|9
|tier|[Gen 9] OU
|rated|
|rule|HP Percentage Mod: HP is shown in percentages
|rule|Endless Battle Clause: Forcing endless battles is banned
|rule|Species Clause: Limit one of each Pokémon
|rule|OHKO Clause: OHKO moves are banned
|rule|Evasion Items Clause: Evasion items are banned
|rule|Evasion Moves Clause: Evasion moves are banned
|rule|Evasion Abilities Clause: Evasion abilities are banned
|rule|Sleep Moves Clause: Sleep-inducing moves are banned
|clearpoke
|poke|p1|Zoroark, M|
|poke|p1|Blastoise, F|
|poke|p1|Goodra-Hisui, M|
|poke|p1|Mimikyu, M|
|poke|p1|Kingambit, F|
|poke|p1|Hypno, M|
|poke|p2|Seviper, F|
|poke|p2|Arbok, F|
|poke|p2|Serperior, F|
|poke|p2|Sandaconda, M|
|poke|p2|Milotic, F|
|poke|p2|Eelektross, F|
|teampreview
|c|☆brokensand|An Hypno :o
|c|☆talljake7|oo snake team
|c|☆brokensand|Yeah
|c|☆talljake7|i like it
|
|t:|1779806472
|teamsize|p1|6
|teamsize|p2|6
|start
|switch|p1a: Hypno|Hypno, M|100/100
|switch|p2a: Eelektross|Eelektross, F|100/100
|turn|1
|c|☆brokensand|I like your hypno
|
|t:|1779806483
|move|p1a: Hypno|Nasty Plot|p1a: Hypno
|-boost|p1a: Hypno|spa|2
|move|p2a: Eelektross|Knock Off|p1a: Hypno
|-resisted|p1a: Hypno
|-damage|p1a: Hypno|78/100
|replace|p1a: Zoroark|Zoroark, M
|-end|p1a: Zoroark|Illusion
|-enditem|p1a: Zoroark|Expert Belt|[from] move: Knock Off|[of] p2a: Eelektross
|
|upkeep
|turn|2
|c|☆talljake7|thank you
|
|t:|1779806506
|move|p1a: Zoroark|Dark Pulse|p2a: Eelektross
|-damage|p2a: Eelektross|42/100
|cant|p2a: Eelektross|flinch
|
|upkeep
|turn|3
|
|t:|1779806519
|move|p1a: Zoroark|Dark Pulse|p2a: Eelektross
|-damage|p2a: Eelektross|0 fnt
|faint|p2a: Eelektross
|
|upkeep
|
|t:|1779806526
|switch|p2a: Milotic|Milotic, F|100/100
|turn|4
|
|t:|1779806531
|-terastallize|p2a: Milotic|Fairy
|move|p1a: Zoroark|Dark Pulse|p2a: Milotic
|-resisted|p2a: Milotic
|-damage|p2a: Milotic|74/100
|move|p2a: Milotic|Draining Kiss|p1a: Zoroark
|-supereffective|p1a: Zoroark
|-damage|p1a: Zoroark|0 fnt
|-heal|p2a: Milotic|100/100|[from] drain|[of] p1a: Zoroark
|faint|p1a: Zoroark
|
|-status|p2a: Milotic|brn|[from] item: Flame Orb
|upkeep
|
|t:|1779806544
|switch|p1a: Goodra|Goodra-Hisui, M|100/100
|turn|5
|
|t:|1779806550
|switch|p2a: Sandaconda|Sandaconda, M|100/100
|move|p1a: Goodra|Flash Cannon|p2a: Sandaconda
|-damage|p2a: Sandaconda|45/100
|-unboost|p2a: Sandaconda|spd|1
|
|upkeep
|turn|6
|
|t:|1779806558
|move|p1a: Goodra|Flash Cannon|p2a: Sandaconda
|-damage|p2a: Sandaconda|0 fnt
|faint|p2a: Sandaconda
|
|upkeep
|
|t:|1779806563
|switch|p2a: Arbok|Arbok, F|100/100
|-ability|p2a: Arbok|Intimidate|boost
|-unboost|p1a: Goodra|atk|1
|turn|7
|
|t:|1779806568
|move|p1a: Goodra|Flash Cannon|p2a: Arbok
|-damage|p2a: Arbok|39/100
|move|p2a: Arbok|Earthquake|p1a: Goodra
|-supereffective|p1a: Goodra
|-damage|p1a: Goodra|34/100
|
|-heal|p2a: Arbok|45/100|[from] item: Black Sludge
|upkeep
|turn|8
|
|t:|1779806584
|switch|p2a: Milotic|Milotic, F, tera:Fairy|100/100 brn
|move|p1a: Goodra|Flash Cannon|p2a: Milotic
|-supereffective|p2a: Milotic
|-damage|p2a: Milotic|45/100 brn
|
|-damage|p2a: Milotic|39/100 brn|[from] brn
|upkeep
|turn|9
|
|t:|1779806591
|move|p1a: Goodra|Flash Cannon|p2a: Milotic
|-supereffective|p2a: Milotic
|-damage|p2a: Milotic|0 fnt
|faint|p2a: Milotic
|
|upkeep
|
|t:|1779806596
|switch|p2a: Seviper|Seviper, F|100/100
|turn|10
|
|t:|1779806600
|move|p2a: Seviper|Flamethrower|p1a: Goodra
|-damage|p1a: Goodra|12/100
|move|p1a: Goodra|Flash Cannon|p2a: Seviper
|-damage|p2a: Seviper|12/100
|
|upkeep
|turn|11
|
|t:|1779806605
|move|p2a: Seviper|Flamethrower|p1a: Goodra
|-damage|p1a: Goodra|0 fnt
|faint|p1a: Goodra
|
|upkeep
|
|t:|1779806612
|switch|p1a: Hypno|Hypno, M|100/100
|turn|12
|
|t:|1779806616
|switch|p2a: Arbok|Arbok, F|45/100
|-ability|p2a: Arbok|Intimidate|boost
|-unboost|p1a: Hypno|atk|1
|move|p1a: Hypno|Psychic|p2a: Arbok
|-supereffective|p2a: Arbok
|-damage|p2a: Arbok|0 fnt
|faint|p2a: Arbok
|
|upkeep
|
|t:|1779806623
|switch|p2a: Seviper|Seviper, F|12/100
|turn|13
|
|t:|1779806629
|move|p2a: Seviper|Dark Pulse|p1a: Hypno
|-supereffective|p1a: Hypno
|-damage|p1a: Hypno|51/100
|move|p1a: Hypno|Psychic|p2a: Seviper
|-supereffective|p2a: Seviper
|-damage|p2a: Seviper|0 fnt
|faint|p2a: Seviper
|
|upkeep
|
|t:|1779806636
|switch|p2a: Serperior|Serperior, F|100/100
|turn|14
|
|t:|1779806642
|move|p2a: Serperior|Leaf Storm|p1a: Hypno
|-damage|p1a: Hypno|8/100
|-boost|p2a: Serperior|spa|2
|move|p1a: Hypno|Psychic|p2a: Serperior
|-damage|p2a: Serperior|50/100
|
|-heal|p2a: Serperior|56/100|[from] item: Leftovers
|upkeep
|turn|15
|
|t:|1779806650
|move|p2a: Serperior|Leaf Storm|p1a: Hypno
|-damage|p1a: Hypno|0 fnt
|-boost|p2a: Serperior|spa|2
|faint|p1a: Hypno
|
|-heal|p2a: Serperior|62/100|[from] item: Leftovers
|upkeep
|
|t:|1779806659
|switch|p1a: Mimikyu|Mimikyu, M|100/100
|turn|16
|
|t:|1779806663
|move|p2a: Serperior|Leaf Storm|p1a: Mimikyu
|-activate|p1a: Mimikyu|ability: Disguise
|-damage|p1a: Mimikyu|100/100
|-boost|p2a: Serperior|spa|2
|detailschange|p1a: Mimikyu|Mimikyu-Busted, M
|-damage|p1a: Mimikyu|88/100|[from] pokemon: Mimikyu-Busted
|move|p1a: Mimikyu|Shadow Claw|p2a: Serperior
|-damage|p2a: Serperior|17/100
|
|-heal|p2a: Serperior|23/100|[from] item: Leftovers
|upkeep
|turn|17
|
|t:|1779806674
|move|p1a: Mimikyu|Shadow Sneak|p2a: Serperior
|-damage|p2a: Serperior|0 fnt
|faint|p2a: Serperior
|
|win|talljake7
|raw|talljake7's rating: 1152 &rarr; <strong>1176</strong><br />(+24 for winning)
|raw|brokensand's rating: 1135 &rarr; <strong>1111</strong><br />(-24 for losing)
|c|☆brokensand|gg
|c|☆talljake7|gg
|l|☆brokensand
|player|p2|
|l|☆talljake7
|player|p1|
