|j|☆headbergs
|j|☆claudechamp
|t:|1779881259
|gametype|singles
|player|p1|headbergs|nessa|1293
|player|p2|claudechamp|169|1287
|gen|9
|tier|[Gen 9] OU
|rated|
|rule|HP Percentage Mod: HP is shown in percentages
|rule|Endless Battle Clause: Forcing endless battles is banned
|rule|Species Clause: Limit one of each Pokémon
|rule|OHKO Clause: OHKO moves are banned
|rule|Evasion Items Clause: Evasion items are banned
|rule|Evasion Moves Clause: Evasion moves are banned
|rule|Evasion Abilities Clause: Evasion abilities are banned
|rule|Sleep Moves Clause: Sleep-inducing moves are banned
|clearpoke
|poke|p1|Alomomola, F|
|poke|p1|Garganacl, M|
|poke|p1|Samurott-Hisui, F|
|poke|p1|Okidogi, M|
|poke|p1|Gliscor, F|
|poke|p1|Iron Valiant|
|poke|p2|Gliscor, M|
|poke|p2|Gholdengo|
|poke|p2|Zamazenta-*|
|poke|p2|Blissey, F|
|poke|p2|Skarmory, M|
|poke|p2|Pecharunt|
|teampreview
|c|☆claudechamp|hf
|inactive|Battle timer is ON: inactive players will automatically lose when time's up. (requested by claudechamp)
|
|t:|1779881273
|teamsize|p1|6
|teamsize|p2|6
|start
|switch|p1a: Okidogi|Okidogi, M|100/100
|switch|p2a: Skarmory|Skarmory, M|100/100
|turn|1
|
|t:|1779881278
|switch|p1a: Garganacl|Garganacl, M|100/100
|move|p2a: Skarmory|Spikes|p1a: Garganacl
|-sidestart|p1: headbergs|Spikes
|
|upkeep
|turn|2
|
|t:|1779881281
|move|p2a: Skarmory|Spikes|p1a: Garganacl
|-sidestart|p1: headbergs|Spikes
|move|p1a: Garganacl|Salt Cure|p2a: Skarmory
|-damage|p2a: Skarmory|92/100
|-start|p2a: Skarmory|Salt Cure
|
|-damage|p2a: Skarmory|67/100|[from] Salt Cure
|upkeep
|turn|3
|
|t:|1779881287
|switch|p2a: Gliscor|Gliscor, M|100/100
|move|p1a: Garganacl|Body Press|p2a: Gliscor
|-resisted|p2a: Gliscor
|-damage|p2a: Gliscor|89/100
|
|-status|p2a: Gliscor|tox|[from] item: Toxic Orb
|upkeep
|turn|4
|
|t:|1779881290
|move|p2a: Gliscor|Swords Dance|p2a: Gliscor
|-boost|p2a: Gliscor|atk|2
|move|p1a: Garganacl|Salt Cure|p2a: Gliscor
|-damage|p2a: Gliscor|77/100 tox
|-start|p2a: Gliscor|Salt Cure
|
|-heal|p2a: Gliscor|89/100 tox|[from] ability: Poison Heal
|-damage|p2a: Gliscor|77/100 tox|[from] Salt Cure
|upkeep
|turn|5
|
|t:|1779881299
|switch|p1a: Samurott|Samurott-Hisui, F|100/100
|-damage|p1a: Samurott|84/100|[from] Spikes
|move|p2a: Gliscor|Earthquake|p1a: Samurott
|-damage|p1a: Samurott|0 fnt
|faint|p1a: Samurott
|
|-heal|p2a: Gliscor|89/100 tox|[from] ability: Poison Heal
|-damage|p2a: Gliscor|77/100 tox|[from] Salt Cure
|upkeep
|
|t:|1779881301
|switch|p1a: Gliscor|Gliscor, F|100/100
|turn|6
|
|t:|1779881303
|move|p2a: Gliscor|Swords Dance|p2a: Gliscor
|-boost|p2a: Gliscor|atk|2
|move|p1a: Gliscor|Stealth Rock|p2a: Gliscor
|-sidestart|p2: claudechamp|move: Stealth Rock
|
|-heal|p2a: Gliscor|89/100 tox|[from] ability: Poison Heal
|-damage|p2a: Gliscor|77/100 tox|[from] Salt Cure
|-status|p1a: Gliscor|tox|[from] item: Toxic Orb
|upkeep
|turn|7
|
|t:|1779881307
|move|p2a: Gliscor|Knock Off|p1a: Gliscor
|-damage|p1a: Gliscor|62/100 tox
|-enditem|p1a: Gliscor|Toxic Orb|[from] move: Knock Off|[of] p2a: Gliscor
|move|p1a: Gliscor|Toxic|p2a: Gliscor
|-fail|p2a: Gliscor|tox
|
|-heal|p2a: Gliscor|89/100 tox|[from] ability: Poison Heal
|-heal|p1a: Gliscor|74/100 tox|[from] ability: Poison Heal
|-damage|p2a: Gliscor|77/100 tox|[from] Salt Cure
|upkeep
|turn|8
|
|t:|1779881316
|switch|p1a: Alomomola|Alomomola, F|100/100
|move|p2a: Gliscor|Knock Off|p1a: Alomomola
|-damage|p1a: Alomomola|49/100
|-enditem|p1a: Alomomola|Heavy-Duty Boots|[from] move: Knock Off|[of] p2a: Gliscor
|
|-heal|p2a: Gliscor|89/100 tox|[from] ability: Poison Heal
|-damage|p2a: Gliscor|77/100 tox|[from] Salt Cure
|upkeep
|turn|9
|
|t:|1779881319
|-terastallize|p2a: Gliscor|Dark
|move|p2a: Gliscor|Knock Off|p1a: Alomomola
|-damage|p1a: Alomomola|0 fnt
|faint|p1a: Alomomola
|
|-heal|p2a: Gliscor|89/100 tox|[from] ability: Poison Heal
|-damage|p2a: Gliscor|77/100 tox|[from] Salt Cure
|upkeep
|
|t:|1779881322
|switch|p1a: Gliscor|Gliscor, F|74/100 tox
|turn|10
|
|t:|1779881324
|move|p2a: Gliscor|Knock Off|p1a: Gliscor
|-damage|p1a: Gliscor|32/100 tox
|move|p1a: Gliscor|Earthquake|p2a: Gliscor
|-damage|p2a: Gliscor|53/100 tox
|
|-heal|p2a: Gliscor|65/100 tox|[from] ability: Poison Heal
|-heal|p1a: Gliscor|45/100 tox|[from] ability: Poison Heal
|-damage|p2a: Gliscor|53/100 tox|[from] Salt Cure
|upkeep
|turn|11
|
|t:|1779881329
|move|p2a: Gliscor|Knock Off|p1a: Gliscor
|-damage|p1a: Gliscor|4/100 tox
|move|p1a: Gliscor|Earthquake|p2a: Gliscor
|-damage|p2a: Gliscor|24/100 tox
|
|-heal|p2a: Gliscor|36/100 tox|[from] ability: Poison Heal
|-heal|p1a: Gliscor|17/100 tox|[from] ability: Poison Heal
|-damage|p2a: Gliscor|24/100 tox|[from] Salt Cure
|upkeep
|turn|12
|
|t:|1779881334
|move|p1a: Gliscor|Protect|p1a: Gliscor
|-singleturn|p1a: Gliscor|Protect
|move|p2a: Gliscor|Knock Off|p1a: Gliscor
|-activate|p1a: Gliscor|move: Protect
|
|-heal|p2a: Gliscor|36/100 tox|[from] ability: Poison Heal
|-heal|p1a: Gliscor|29/100 tox|[from] ability: Poison Heal
|-damage|p2a: Gliscor|24/100 tox|[from] Salt Cure
|upkeep
|turn|13
|
|t:|1779881339
|switch|p1a: Garganacl|Garganacl, M|100/100
|-damage|p1a: Garganacl|84/100|[from] Spikes
|move|p2a: Gliscor|Knock Off|p1a: Garganacl
|-damage|p1a: Garganacl|36/100
|-enditem|p1a: Garganacl|Leftovers|[from] move: Knock Off|[of] p2a: Gliscor
|
|-heal|p2a: Gliscor|36/100 tox|[from] ability: Poison Heal
|-damage|p2a: Gliscor|24/100 tox|[from] Salt Cure
|upkeep
|turn|14
|
|t:|1779881342
|move|p1a: Garganacl|Protect|p1a: Garganacl
|-singleturn|p1a: Garganacl|Protect
|move|p2a: Gliscor|Knock Off|p1a: Garganacl
|-activate|p1a: Garganacl|move: Protect
|
|-heal|p2a: Gliscor|36/100 tox|[from] ability: Poison Heal
|-damage|p2a: Gliscor|24/100 tox|[from] Salt Cure
|upkeep
|turn|15
|
|t:|1779881347
|move|p2a: Gliscor|Knock Off|p1a: Garganacl
|-damage|p1a: Garganacl|5/100
|move|p1a: Garganacl|Body Press|p2a: Gliscor
|-supereffective|p2a: Gliscor
|-damage|p2a: Gliscor|0 fnt
|faint|p2a: Gliscor
|
|upkeep
|
|t:|1779881347
|switch|p2a: Gholdengo|Gholdengo|100/100
|-damage|p2a: Gholdengo|94/100|[from] Stealth Rock
|turn|16
|
|t:|1779881350
|move|p2a: Gholdengo|Hex|p1a: Garganacl
|-damage|p1a: Garganacl|0 fnt
|faint|p1a: Garganacl
|
|upkeep
|
|t:|1779881354
|switch|p1a: Okidogi|Okidogi, M|100/100
|-damage|p1a: Okidogi|84/100|[from] Spikes
|turn|17
|
|t:|1779881357
|move|p2a: Gholdengo|Hex|p1a: Okidogi
|-damage|p1a: Okidogi|53/100
|move|p1a: Okidogi|Knock Off|p2a: Gholdengo
|-supereffective|p2a: Gholdengo
|-damage|p2a: Gholdengo|44/100
|-enditem|p2a: Gholdengo|Ability Shield|[from] move: Knock Off|[of] p1a: Okidogi
|
|-heal|p1a: Okidogi|59/100|[from] item: Leftovers
|upkeep
|turn|18
|
|t:|1779881361
|move|p2a: Gholdengo|Thunder Wave|p1a: Okidogi
|-status|p1a: Okidogi|par
|move|p1a: Okidogi|Knock Off|p2a: Gholdengo
|-supereffective|p2a: Gholdengo
|-damage|p2a: Gholdengo|9/100
|
|-heal|p1a: Okidogi|65/100 par|[from] item: Leftovers
|upkeep
|turn|19
|
|t:|1779881365
|move|p2a: Gholdengo|Hex|p1a: Okidogi
|-damage|p1a: Okidogi|3/100 par
|move|p1a: Okidogi|Knock Off|p2a: Gholdengo
|-supereffective|p2a: Gholdengo
|-damage|p2a: Gholdengo|0 fnt
|faint|p2a: Gholdengo
|
|-heal|p1a: Okidogi|9/100 par|[from] item: Leftovers
|upkeep
|
|t:|1779881365
|switch|p2a: Pecharunt|Pecharunt|100/100
|turn|20
|
|t:|1779881369
|move|p2a: Pecharunt|Shadow Ball|p1a: Okidogi
|-damage|p1a: Okidogi|0 fnt
|faint|p1a: Okidogi
|
|upkeep
|
|t:|1779881372
|switch|p1a: Gliscor|Gliscor, F|29/100 tox
|turn|21
|
|t:|1779881376
|switch|p2a: Zamazenta|Zamazenta|100/100
|-ability|p2a: Zamazenta|Dauntless Shield|boost
|-boost|p2a: Zamazenta|def|1
|move|p1a: Gliscor|Protect||[still]
|-fail|p1a: Gliscor
|
|-heal|p1a: Gliscor|41/100 tox|[from] ability: Poison Heal
|upkeep
|turn|22
|
|t:|1779881378
|move|p2a: Zamazenta|Ice Fang|p1a: Gliscor
|-supereffective|p1a: Gliscor
|-damage|p1a: Gliscor|0 fnt
|faint|p1a: Gliscor
|
|upkeep
|
|t:|1779881381
|switch|p1a: Iron Valiant|Iron Valiant|100/100
|-damage|p1a: Iron Valiant|84/100|[from] Spikes
|-enditem|p1a: Iron Valiant|Booster Energy
|-activate|p1a: Iron Valiant|ability: Quark Drive|[fromitem]
|-start|p1a: Iron Valiant|quarkdrivespa
|turn|23
|
|t:|1779881385
|-terastallize|p1a: Iron Valiant|Fairy
|move|p2a: Zamazenta|Heavy Slam|p1a: Iron Valiant
|-supereffective|p1a: Iron Valiant
|-damage|p1a: Iron Valiant|0 fnt
|faint|p1a: Iron Valiant
|-end|p1a: Iron Valiant|Quark Drive|[silent]
|
|win|claudechamp
|raw|headbergs's rating: 1293 &rarr; <strong>1268</strong><br />(-25 for losing)
|raw|claudechamp's rating: 1287 &rarr; <strong>1312</strong><br />(+25 for winning)
|c|☆claudechamp|gg
