|j|☆Poisonstingpete
|j|☆Alvarenga150
|t:|1779944265
|gametype|singles
|player|p1|Poisonstingpete|bugcatcher-gen1rb|1176
|player|p2|Alvarenga150|ethan|1147
|gen|9
|tier|[Gen 9] OU
|rated|
|rule|HP Percentage Mod: HP is shown in percentages
|rule|Endless Battle Clause: Forcing endless battles is banned
|rule|Species Clause: Limit one of each Pokémon
|rule|OHKO Clause: OHKO moves are banned
|rule|Evasion Items Clause: Evasion items are banned
|rule|Evasion Moves Clause: Evasion moves are banned
|rule|Evasion Abilities Clause: Evasion abilities are banned
|rule|Sleep Moves Clause: Sleep-inducing moves are banned
|clearpoke
|poke|p1|Garganacl, M|
|poke|p1|Gardevoir, M|
|poke|p1|Garchomp, M|
|poke|p1|Gengar, F|
|poke|p1|Galvantula, M|
|poke|p1|Gastrodon, M|
|poke|p2|Gliscor, M|
|poke|p2|Iron Valiant|
|poke|p2|Quaquaval, F|
|poke|p2|Ceruledge, M|
|poke|p2|Umbreon, F|
|poke|p2|Pecharunt|
|teampreview
|inactive|Battle timer is ON: inactive players will automatically lose when time's up. (requested by Alvarenga150)
|inactive|Poisonstingpete has 120 seconds left.
|
|t:|1779944319
|teamsize|p1|6
|teamsize|p2|6
|start
|switch|p1a: Gengar|Gengar, F, shiny|100/100
|switch|p2a: Gliscor|Gliscor, M|100/100
|turn|1
|
|t:|1779944328
|move|p1a: Gengar|Shadow Ball|p2a: Gliscor
|-damage|p2a: Gliscor|35/100
|move|p2a: Gliscor|Swords Dance|p2a: Gliscor
|-boost|p2a: Gliscor|atk|2
|
|-status|p2a: Gliscor|tox|[from] item: Toxic Orb
|upkeep
|turn|2
|
|t:|1779944332
|move|p2a: Gliscor|Protect|p2a: Gliscor
|-singleturn|p2a: Gliscor|Protect
|move|p1a: Gengar|Shadow Ball|p2a: Gliscor
|-activate|p2a: Gliscor|move: Protect
|
|-heal|p2a: Gliscor|47/100 tox|[from] ability: Poison Heal
|upkeep
|turn|3
|
|t:|1779944342
|-terastallize|p2a: Gliscor|Normal
|move|p1a: Gengar|Shadow Ball|p2a: Gliscor
|-immune|p2a: Gliscor
|move|p2a: Gliscor|Earthquake|p1a: Gengar
|-supereffective|p1a: Gengar
|-damage|p1a: Gengar|0 fnt
|faint|p1a: Gengar
|
|-heal|p2a: Gliscor|59/100 tox|[from] ability: Poison Heal
|upkeep
|
|t:|1779944371
|switch|p1a: Galvantula|Galvantula, M|100/100
|turn|4
|
|t:|1779944375
|move|p1a: Galvantula|Thunder|p2a: Gliscor
|-damage|p2a: Gliscor|0 fnt
|faint|p2a: Gliscor
|
|upkeep
|
|t:|1779944382
|switch|p2a: Ceruledge|Ceruledge, M|100/100
|turn|5
|
|t:|1779944386
|switch|p1a: Gastrodon|Gastrodon, M|100/100
|move|p2a: Ceruledge|Bitter Blade|p1a: Gastrodon
|-resisted|p1a: Gastrodon
|-damage|p1a: Gastrodon|68/100
|-damage|p2a: Ceruledge|91/100|[from] item: Life Orb
|
|-heal|p1a: Gastrodon|74/100|[from] item: Leftovers
|upkeep
|turn|6
|
|t:|1779944397
|switch|p2a: Umbreon|Umbreon, F|100/100
|move|p1a: Gastrodon|Stealth Rock|p2a: Umbreon
|-sidestart|p2: Alvarenga150|move: Stealth Rock
|
|-heal|p1a: Gastrodon|80/100|[from] item: Leftovers
|upkeep
|turn|7
|
|t:|1779944411
|move|p2a: Umbreon|Toxic|p1a: Gastrodon
|-status|p1a: Gastrodon|tox
|move|p1a: Gastrodon|Sludge Bomb|p2a: Umbreon
|-damage|p2a: Umbreon|82/100
|
|-heal|p2a: Umbreon|88/100|[from] item: Leftovers
|-heal|p1a: Gastrodon|86/100 tox|[from] item: Leftovers
|-damage|p1a: Gastrodon|80/100 tox|[from] psn
|upkeep
|turn|8
|
|t:|1779944418
|move|p2a: Umbreon|Wish|p2a: Umbreon
|move|p1a: Gastrodon|Sludge Bomb|p2a: Umbreon
|-damage|p2a: Umbreon|69/100
|-status|p2a: Umbreon|psn
|
|-heal|p2a: Umbreon|75/100 psn|[from] item: Leftovers
|-heal|p1a: Gastrodon|86/100 tox|[from] item: Leftovers
|-damage|p2a: Umbreon|63/100 psn|[from] psn
|-damage|p1a: Gastrodon|74/100 tox|[from] psn
|upkeep
|turn|9
|
|t:|1779944422
|switch|p1a: Garchomp|Garchomp, M|100/100
|move|p2a: Umbreon|Foul Play|p1a: Garchomp
|-damage|p1a: Garchomp|51/100
|-damage|p2a: Umbreon|51/100 psn|[from] ability: Rough Skin|[of] p1a: Garchomp
|
|-heal|p2a: Umbreon|100/100 psn|[from] move: Wish|[wisher] Umbreon
|-damage|p2a: Umbreon|88/100 psn|[from] psn
|upkeep
|turn|10
|
|t:|1779944428
|move|p1a: Garchomp|Spikes|p2a: Umbreon
|-sidestart|p2: Alvarenga150|Spikes
|move|p2a: Umbreon|Toxic|p1a: Garchomp
|-status|p1a: Garchomp|tox
|
|-heal|p2a: Umbreon|94/100 psn|[from] item: Leftovers
|-damage|p1a: Garchomp|45/100 tox|[from] psn
|-damage|p2a: Umbreon|82/100 psn|[from] psn
|upkeep
|turn|11
|
|t:|1779944435
|switch|p1a: Galvantula|Galvantula, M|100/100
|move|p2a: Umbreon|Wish|p2a: Umbreon
|
|-heal|p2a: Umbreon|88/100 psn|[from] item: Leftovers
|-damage|p2a: Umbreon|75/100 psn|[from] psn
|upkeep
|turn|12
|
|t:|1779944438
|move|p1a: Galvantula|Sticky Web|p2a: Umbreon
|-sidestart|p2: Alvarenga150|move: Sticky Web
|move|p2a: Umbreon|Toxic|p1a: Galvantula
|-status|p1a: Galvantula|tox
|
|-heal|p2a: Umbreon|100/100 psn|[from] move: Wish|[wisher] Umbreon
|-damage|p1a: Galvantula|94/100 tox|[from] psn
|-damage|p2a: Umbreon|88/100 psn|[from] psn
|upkeep
|turn|13
|
|t:|1779944442
|move|p1a: Galvantula|Bug Buzz|p2a: Umbreon
|-supereffective|p2a: Umbreon
|-damage|p2a: Umbreon|33/100 psn
|move|p2a: Umbreon|Foul Play|p1a: Galvantula
|-damage|p1a: Galvantula|55/100 tox
|
|-heal|p2a: Umbreon|39/100 psn|[from] item: Leftovers
|-damage|p1a: Galvantula|42/100 tox|[from] psn
|-damage|p2a: Umbreon|27/100 psn|[from] psn
|upkeep
|turn|14
|inactive|Alvarenga150 has 120 seconds left.
|
|t:|1779944475
|move|p2a: Umbreon|Protect|p2a: Umbreon
|-singleturn|p2a: Umbreon|Protect
|move|p1a: Galvantula|Thunder|p2a: Umbreon
|-activate|p2a: Umbreon|move: Protect
|
|-heal|p2a: Umbreon|33/100 psn|[from] item: Leftovers
|-damage|p1a: Galvantula|24/100 tox|[from] psn
|-damage|p2a: Umbreon|20/100 psn|[from] psn
|upkeep
|turn|15
|inactive|Alvarenga150 has 120 seconds left.
|
|t:|1779944491
|switch|p2a: Iron Valiant|Iron Valiant|100/100
|-damage|p2a: Iron Valiant|94/100|[from] Stealth Rock
|-damage|p2a: Iron Valiant|82/100|[from] Spikes
|-activate|p2a: Iron Valiant|move: Sticky Web
|-unboost|p2a: Iron Valiant|spe|1
|-enditem|p2a: Iron Valiant|Booster Energy
|-activate|p2a: Iron Valiant|ability: Quark Drive|[fromitem]
|-start|p2a: Iron Valiant|quarkdrivespa
|move|p1a: Galvantula|Thunder|p2a: Iron Valiant
|-crit|p2a: Iron Valiant
|-damage|p2a: Iron Valiant|0 fnt
|faint|p2a: Iron Valiant
|-end|p2a: Iron Valiant|Quark Drive|[silent]
|
|-damage|p1a: Galvantula|0 fnt|[from] psn
|faint|p1a: Galvantula
|upkeep
|
|t:|1779944508
|switch|p1a: Garchomp|Garchomp, M|45/100 tox
|switch|p2a: Umbreon|Umbreon, F|20/100 psn
|-damage|p2a: Umbreon|8/100 psn|[from] Stealth Rock
|-damage|p2a: Umbreon|0 fnt|[from] Spikes
|faint|p2a: Umbreon
|
|t:|1779944517
|switch|p2a: Quaquaval|Quaquaval, F|100/100
|-damage|p2a: Quaquaval|94/100|[from] Stealth Rock
|-damage|p2a: Quaquaval|82/100|[from] Spikes
|-activate|p2a: Quaquaval|move: Sticky Web
|-unboost|p2a: Quaquaval|spe|1
|turn|16
|
|t:|1779944521
|move|p1a: Garchomp|Earthquake|p2a: Quaquaval
|-damage|p2a: Quaquaval|9/100
|move|p2a: Quaquaval|Ice Spinner|p1a: Garchomp
|-supereffective|p1a: Garchomp
|-damage|p1a: Garchomp|0 fnt
|-damage|p2a: Quaquaval|0 fnt|[from] ability: Rough Skin|[of] p1a: Garchomp
|faint|p1a: Garchomp
|faint|p2a: Quaquaval
|
|upkeep
|inactive|Alvarenga150 has 120 seconds left.
|
|t:|1779944529
|switch|p1a: Gastrodon|Gastrodon, M|74/100 tox
|switch|p2a: Pecharunt|Pecharunt|100/100
|-damage|p2a: Pecharunt|88/100|[from] Stealth Rock
|-damage|p2a: Pecharunt|76/100|[from] Spikes
|-activate|p2a: Pecharunt|move: Sticky Web
|-unboost|p2a: Pecharunt|spe|1
|turn|17
|inactive|Alvarenga150 has 120 seconds left.
|
|t:|1779944540
|move|p2a: Pecharunt|Hex|p1a: Gastrodon
|-damage|p1a: Gastrodon|25/100 tox
|-damage|p2a: Pecharunt|66/100|[from] item: Life Orb
|move|p1a: Gastrodon|Earth Power|p2a: Pecharunt
|-supereffective|p2a: Pecharunt
|-damage|p2a: Pecharunt|0 fnt
|faint|p2a: Pecharunt
|
|-heal|p1a: Gastrodon|31/100 tox|[from] item: Leftovers
|-damage|p1a: Gastrodon|25/100 tox|[from] psn
|upkeep
|inactive|Alvarenga150 has 120 seconds left.
|
|t:|1779944547
|switch|p2a: Ceruledge|Ceruledge, M|91/100
|-damage|p2a: Ceruledge|66/100|[from] Stealth Rock
|-damage|p2a: Ceruledge|53/100|[from] Spikes
|-activate|p2a: Ceruledge|move: Sticky Web
|-unboost|p2a: Ceruledge|spe|1
|turn|18
|
|t:|1779944550
|move|p2a: Ceruledge|Shadow Sneak|p1a: Gastrodon
|-damage|p1a: Gastrodon|0 fnt
|faint|p1a: Gastrodon
|-damage|p2a: Ceruledge|43/100|[from] item: Life Orb
|
|upkeep
|
|t:|1779944553
|switch|p1a: Gardevoir|Gardevoir, M|100/100
|-ability|p1a: Gardevoir|Weak Armor|Trace|[from] ability: Trace|[of] p2a: Ceruledge
|turn|19
|
|t:|1779944560
|move|p2a: Ceruledge|Shadow Sneak|p1a: Gardevoir
|-supereffective|p1a: Gardevoir
|-damage|p1a: Gardevoir|4/100
|-ability|p1a: Gardevoir|Weak Armor|boost
|-unboost|p1a: Gardevoir|def|1
|-boost|p1a: Gardevoir|spe|2
|-enditem|p1a: Gardevoir|Salac Berry|[eat]
|-boost|p1a: Gardevoir|spe|1|[from] item: Salac Berry
|-damage|p2a: Ceruledge|33/100|[from] item: Life Orb
|move|p1a: Gardevoir|Psyshock|p2a: Ceruledge
|-damage|p2a: Ceruledge|0 fnt
|faint|p2a: Ceruledge
|
|win|Poisonstingpete
|raw|Poisonstingpete's rating: 1176 &rarr; <strong>1199</strong><br />(+23 for winning)
|raw|Alvarenga150's rating: 1147 &rarr; <strong>1124</strong><br />(-23 for losing)
|l|☆Alvarenga150
|player|p2|
|l|☆Poisonstingpete
|player|p1|
