|j|☆showdowngodz
|j|☆rashyd
|t:|1779805972
|gametype|singles
|player|p1|showdowngodz|n-masters|1136
|player|p2|rashyd|volkner|1127
|gen|9
|tier|[Gen 9] OU
|rated|
|rule|HP Percentage Mod: HP is shown in percentages
|rule|Endless Battle Clause: Forcing endless battles is banned
|rule|Species Clause: Limit one of each Pokémon
|rule|OHKO Clause: OHKO moves are banned
|rule|Evasion Items Clause: Evasion items are banned
|rule|Evasion Moves Clause: Evasion moves are banned
|rule|Evasion Abilities Clause: Evasion abilities are banned
|rule|Sleep Moves Clause: Sleep-inducing moves are banned
|clearpoke
|poke|p1|Slowking-Galar, M|
|poke|p1|Kyurem|
|poke|p1|Iron Valiant|
|poke|p1|Cinderace, F|
|poke|p1|Landorus-Therian, M|
|poke|p1|Kingambit, M|
|poke|p2|Ting-Lu|
|poke|p2|Tyranitar, M|
|poke|p2|Excadrill, M|
|poke|p2|Sandy Shocks|
|poke|p2|Gastrodon, F|
|poke|p2|Arcanine-Hisui, F|
|teampreview
|inactive|Battle timer is ON: inactive players will automatically lose when time's up. (requested by rashyd)
|
|t:|1779806000
|teamsize|p1|6
|teamsize|p2|6
|start
|switch|p1a: Landorus|Landorus-Therian, M|100/100
|switch|p2a: Gastrodon|Gastrodon, F|100/100
|-ability|p1a: Landorus|Intimidate|boost
|-unboost|p2a: Gastrodon|atk|1
|turn|1
|
|t:|1779806026
|move|p1a: Landorus|U-turn|p2a: Gastrodon
|-damage|p2a: Gastrodon|77/100
|inactive|showdowngodz has 120 seconds left.
|
|t:|1779806038
|switch|p1a: Kyurem|Kyurem|100/100|[from] U-turn
|-ability|p1a: Kyurem|Pressure
|move|p2a: Gastrodon|Chilling Water|p1a: Kyurem
|-resisted|p1a: Kyurem
|-damage|p1a: Kyurem|94/100
|-unboost|p1a: Kyurem|atk|1
|
|-heal|p2a: Gastrodon|83/100|[from] item: Leftovers
|upkeep
|turn|2
|inactive|showdowngodz has 120 seconds left.
|
|t:|1779806054
|switch|p2a: Excadrill|Excadrill, M|100/100
|move|p1a: Kyurem|Freeze-Dry|p2a: Excadrill
|-damage|p2a: Excadrill|21/100
|
|upkeep
|turn|3
|inactive|showdowngodz has 120 seconds left.
|
|t:|1779806063
|switch|p2a: Tyranitar|Tyranitar, M|100/100
|-weather|Sandstorm|[from] ability: Sand Stream|[of] p2a: Tyranitar
|move|p1a: Kyurem|Freeze-Dry|p2a: Tyranitar
|-damage|p2a: Tyranitar|80/100
|
|-weather|Sandstorm|[upkeep]
|-damage|p1a: Kyurem|87/100|[from] Sandstorm
|upkeep
|turn|4
|inactive|showdowngodz has 120 seconds left.
|
|t:|1779806074
|switch|p1a: Landorus|Landorus-Therian, M|100/100
|-ability|p1a: Landorus|Intimidate|boost
|-unboost|p2a: Tyranitar|atk|1
|move|p2a: Tyranitar|Knock Off|p1a: Landorus
|-damage|p1a: Landorus|73/100
|-damage|p2a: Tyranitar|63/100|[from] item: Rocky Helmet|[of] p1a: Landorus
|-enditem|p1a: Landorus|Rocky Helmet|[from] move: Knock Off|[of] p2a: Tyranitar
|
|-weather|Sandstorm|[upkeep]
|upkeep
|turn|5
|inactive|showdowngodz has 120 seconds left.
|
|t:|1779806092
|switch|p2a: Gastrodon|Gastrodon, F|83/100
|move|p1a: Landorus|Earthquake|p2a: Gastrodon
|-damage|p2a: Gastrodon|29/100
|
|-weather|Sandstorm|[upkeep]
|-heal|p2a: Gastrodon|35/100|[from] item: Leftovers
|upkeep
|turn|6
|
|t:|1779806101
|move|p1a: Landorus|Earthquake|p2a: Gastrodon
|-crit|p2a: Gastrodon
|-damage|p2a: Gastrodon|0 fnt
|faint|p2a: Gastrodon
|
|-weather|Sandstorm|[upkeep]
|upkeep
|
|t:|1779806110
|switch|p2a: Arcanine|Arcanine-Hisui, F|100/100
|turn|7
|
|t:|1779806119
|move|p2a: Arcanine|Flare Blitz|p1a: Landorus
|-damage|p1a: Landorus|9/100
|move|p1a: Landorus|Earthquake|p2a: Arcanine
|-supereffective|p2a: Arcanine
|-damage|p2a: Arcanine|0 fnt
|faint|p2a: Arcanine
|
|-weather|Sandstorm|[upkeep]
|upkeep
|c|☆showdowngodz|Dang
|
|t:|1779806130
|switch|p2a: Excadrill|Excadrill, M|21/100
|turn|8
|inactive|showdowngodz has 120 seconds left.
|
|t:|1779806166
|switch|p1a: Cinderace|Cinderace, F|100/100
|move|p2a: Excadrill|Iron Head|p1a: Cinderace
|-resisted|p1a: Cinderace
|-damage|p1a: Cinderace|65/100
|-damage|p2a: Excadrill|11/100|[from] item: Life Orb
|
|-weather|Sandstorm|[upkeep]
|-damage|p1a: Cinderace|59/100|[from] Sandstorm
|upkeep
|turn|9
|inactive|showdowngodz has 120 seconds left.
|
|t:|1779806180
|move|p2a: Excadrill|Earthquake|p1a: Cinderace
|-supereffective|p1a: Cinderace
|-damage|p1a: Cinderace|0 fnt
|faint|p1a: Cinderace
|-damage|p2a: Excadrill|1/100|[from] item: Life Orb
|
|-weather|Sandstorm|[upkeep]
|upkeep
|
|t:|1779806189
|switch|p1a: Kingambit|Kingambit, M|100/100
|-activate|p1a: Kingambit|ability: Supreme Overlord
|-start|p1a: Kingambit|fallen1|[silent]
|turn|10
|inactive|showdowngodz has 120 seconds left.
|
|t:|1779806201
|switch|p2a: Ting-Lu|Ting-Lu|100/100
|-ability|p2a: Ting-Lu|Vessel of Ruin
|-terastallize|p1a: Kingambit|Ghost
|move|p1a: Kingambit|Kowtow Cleave|p2a: Ting-Lu
|-resisted|p2a: Ting-Lu
|-damage|p2a: Ting-Lu|87/100
|
|-weather|none
|-heal|p2a: Ting-Lu|94/100|[from] item: Leftovers
|upkeep
|turn|11
|inactive|showdowngodz has 120 seconds left.
|
|t:|1779806218
|-end|p1a: Kingambit|fallen1|[silent]
|switch|p1a: Slowking|Slowking-Galar, M|100/100
|move|p2a: Ting-Lu|Ruination|p1a: Slowking
|-damage|p1a: Slowking|50/100
|
|-heal|p2a: Ting-Lu|99/100|[from] item: Leftovers
|upkeep
|turn|12
|
|t:|1779806229
|switch|p1a: Landorus|Landorus-Therian, M|9/100
|-ability|p1a: Landorus|Intimidate|boost
|-unboost|p2a: Ting-Lu|atk|1
|move|p2a: Ting-Lu|Earthquake|p1a: Landorus
|-immune|p1a: Landorus
|
|-heal|p2a: Ting-Lu|100/100|[from] item: Leftovers
|upkeep
|turn|13
|
|t:|1779806242
|switch|p2a: Tyranitar|Tyranitar, M|63/100
|-weather|Sandstorm|[from] ability: Sand Stream|[of] p2a: Tyranitar
|move|p1a: Landorus|U-turn|p2a: Tyranitar
|-supereffective|p2a: Tyranitar
|-damage|p2a: Tyranitar|27/100
|
|t:|1779806250
|switch|p1a: Kyurem|Kyurem|87/100|[from] U-turn
|-ability|p1a: Kyurem|Pressure
|
|-weather|Sandstorm|[upkeep]
|-damage|p1a: Kyurem|81/100|[from] Sandstorm
|upkeep
|turn|14
|
|t:|1779806259
|move|p1a: Kyurem|Earth Power|p2a: Tyranitar
|-supereffective|p2a: Tyranitar
|-damage|p2a: Tyranitar|0 fnt
|faint|p2a: Tyranitar
|
|-weather|Sandstorm|[upkeep]
|-damage|p1a: Kyurem|75/100|[from] Sandstorm
|upkeep
|
|t:|1779806267
|switch|p2a: Excadrill|Excadrill, M|1/100
|turn|15
|
|t:|1779806271
|switch|p1a: Landorus|Landorus-Therian, M|9/100
|-ability|p1a: Landorus|Intimidate|boost
|-unboost|p2a: Excadrill|atk|1
|move|p2a: Excadrill|Iron Head|p1a: Landorus
|-damage|p1a: Landorus|0 fnt
|faint|p1a: Landorus
|-damage|p2a: Excadrill|0 fnt|[from] item: Life Orb
|faint|p2a: Excadrill
|
|-weather|Sandstorm|[upkeep]
|upkeep
|
|t:|1779806284
|switch|p1a: Slowking|Slowking-Galar, M|84/100
|switch|p2a: Sandy Shocks|Sandy Shocks|100/100
|turn|16
|
|t:|1779806292
|move|p2a: Sandy Shocks|Earth Power|p1a: Slowking
|-supereffective|p1a: Slowking
|-damage|p1a: Slowking|7/100
|move|p1a: Slowking|Toxic|p2a: Sandy Shocks
|-status|p2a: Sandy Shocks|tox
|
|-weather|Sandstorm|[upkeep]
|-damage|p1a: Slowking|1/100|[from] Sandstorm
|-damage|p2a: Sandy Shocks|94/100 tox|[from] psn
|upkeep
|turn|17
|
|t:|1779806302
|move|p2a: Sandy Shocks|Earth Power|p1a: Slowking
|-supereffective|p1a: Slowking
|-damage|p1a: Slowking|0 fnt
|faint|p1a: Slowking
|
|-weather|Sandstorm|[upkeep]
|-damage|p2a: Sandy Shocks|82/100 tox|[from] psn
|upkeep
|
|t:|1779806311
|switch|p1a: Kingambit|Kingambit, M, tera:Ghost|100/100
|-activate|p1a: Kingambit|ability: Supreme Overlord
|-start|p1a: Kingambit|fallen3|[silent]
|turn|18
|
|t:|1779806318
|-end|p2a: Sandy Shocks|Protosynthesis|[silent]
|switch|p2a: Ting-Lu|Ting-Lu|100/100
|-ability|p2a: Ting-Lu|Vessel of Ruin
|move|p1a: Kingambit|Swords Dance|p1a: Kingambit
|-boost|p1a: Kingambit|atk|2
|
|-weather|Sandstorm|[upkeep]
|-damage|p1a: Kingambit|94/100|[from] Sandstorm
|-heal|p1a: Kingambit|100/100|[from] item: Leftovers
|upkeep
|turn|19
|
|t:|1779806330
|move|p1a: Kingambit|Iron Head|p2a: Ting-Lu
|-damage|p2a: Ting-Lu|39/100
|move|p2a: Ting-Lu|Whirlwind|p1a: Kingambit
|-end|p1a: Kingambit|fallen3|[silent]
|drag|p1a: Kyurem|Kyurem|75/100
|-ability|p1a: Kyurem|Pressure
|
|-weather|Sandstorm|[upkeep]
|-damage|p1a: Kyurem|69/100|[from] Sandstorm
|-heal|p2a: Ting-Lu|45/100|[from] item: Leftovers
|upkeep
|turn|20
|
|t:|1779806344
|move|p1a: Kyurem|Ice Beam|p2a: Ting-Lu
|-supereffective|p2a: Ting-Lu
|-damage|p2a: Ting-Lu|0 fnt
|faint|p2a: Ting-Lu
|
|-weather|none
|upkeep
|
|t:|1779806350
|switch|p2a: Sandy Shocks|Sandy Shocks|82/100 tox
|turn|21
|
|t:|1779806366
|-terastallize|p2a: Sandy Shocks|Electric
|move|p2a: Sandy Shocks|Volt Switch|p1a: Kyurem
|-resisted|p1a: Kyurem
|-damage|p1a: Kyurem|34/100
|move|p1a: Kyurem|Ice Beam|p2a: Sandy Shocks
|-damage|p2a: Sandy Shocks|0 fnt
|faint|p2a: Sandy Shocks
|-end|p2a: Sandy Shocks|Protosynthesis|[silent]
|
|win|showdowngodz
|raw|showdowngodz's rating: 1136 &rarr; <strong>1160</strong><br />(+24 for winning)
|raw|rashyd's rating: 1127 &rarr; <strong>1103</strong><br />(-24 for losing)
|l|☆rashyd
|player|p2|
|c|☆showdowngodz|ggwp
