|j|‽rocketproton24
|j|☆ItzIsaac0
|t:|1779967037
|gametype|singles
|player|p1|rocketproton24|proton|1136
|player|p2|ItzIsaac0|n|1077
|gen|9
|tier|[Gen 9] OU
|rated|
|rule|HP Percentage Mod: HP is shown in percentages
|rule|Endless Battle Clause: Forcing endless battles is banned
|rule|Species Clause: Limit one of each Pokémon
|rule|OHKO Clause: OHKO moves are banned
|rule|Evasion Items Clause: Evasion items are banned
|rule|Evasion Moves Clause: Evasion moves are banned
|rule|Evasion Abilities Clause: Evasion abilities are banned
|rule|Sleep Moves Clause: Sleep-inducing moves are banned
|clearpoke
|poke|p1|Garchomp, F|
|poke|p1|Dipplin, M|
|poke|p1|Salazzle, F|
|poke|p1|Alomomola, M|
|poke|p1|Ambipom, F|
|poke|p1|Kingambit, M|
|poke|p2|Garchomp, M|
|poke|p2|Swampert, F|
|poke|p2|Gardevoir, F|
|poke|p2|Staraptor, M|
|poke|p2|Lapras, F|
|poke|p2|Umbreon, M|
|teampreview
|
|t:|1779967043
|teamsize|p1|6
|teamsize|p2|6
|start
|switch|p1a: Ambipom|Ambipom, F|100/100
|switch|p2a: Pinky|Swampert, F, shiny|100/100
|turn|1
|
|t:|1779967059
|-terastallize|p1a: Ambipom|Normal
|move|p1a: Ambipom|Fake Out|p2a: Pinky
|-enditem|p1a: Ambipom|Normal Gem|[from] gem
|-damage|p2a: Pinky|61/100
|cant|p2a: Pinky|flinch
|
|upkeep
|turn|2
|
|t:|1779967070
|move|p1a: Ambipom|U-turn|p2a: Pinky
|-damage|p2a: Pinky|44/100
|
|t:|1779967075
|switch|p1a: Dipplin|Dipplin, M|100/100|[from] U-turn
|-ability|p1a: Dipplin|Supersweet Syrup
|-unboost|p2a: Pinky|evasion|1
|move|p2a: Pinky|Hammer Arm|p1a: Dipplin
|-damage|p1a: Dipplin|78/100
|-unboost|p2a: Pinky|spe|1
|-damage|p2a: Pinky|34/100|[from] item: Life Orb
|
|upkeep
|turn|3
|
|t:|1779967088
|move|p1a: Dipplin|Syrup Bomb|p2a: Pinky
|-supereffective|p2a: Pinky
|-damage|p2a: Pinky|0 fnt
|faint|p2a: Pinky
|
|upkeep
|
|t:|1779967092
|switch|p2a: Sweet Lady|Lapras, F, shiny|100/100
|turn|4
|
|t:|1779967096
|move|p2a: Sweet Lady|Freeze-Dry|p1a: Dipplin
|-supereffective|p1a: Dipplin
|-damage|p1a: Dipplin|0 fnt
|faint|p1a: Dipplin
|
|upkeep
|
|t:|1779967103
|switch|p1a: Ambipom|Ambipom, F, tera:Normal|100/100
|turn|5
|-activate|p2a: Sweet Lady|item: Quick Claw
|
|t:|1779967109
|move|p1a: Ambipom|Fake Out|p2a: Sweet Lady
|-damage|p2a: Sweet Lady|69/100
|cant|p2a: Sweet Lady|flinch
|
|upkeep
|turn|6
|
|t:|1779967118
|move|p1a: Ambipom|U-turn|p2a: Sweet Lady
|-damage|p2a: Sweet Lady|53/100
|
|t:|1779967123
|switch|p1a: Alomomola|Alomomola, M|100/100|[from] U-turn
|move|p2a: Sweet Lady|Hydro Pump|p1a: Alomomola
|-resisted|p1a: Alomomola
|-damage|p1a: Alomomola|71/100
|
|-heal|p1a: Alomomola|77/100|[from] item: Leftovers
|upkeep
|turn|7
|inactive|Battle timer is ON: inactive players will automatically lose when time's up. (requested by ItzIsaac0)
|
|t:|1779967140
|move|p1a: Alomomola|Chilling Water|p2a: Sweet Lady
|-resisted|p2a: Sweet Lady
|-damage|p2a: Sweet Lady|49/100
|-unboost|p2a: Sweet Lady|atk|1
|move|p2a: Sweet Lady|Thunder|p1a: Alomomola|[miss]
|-miss|p2a: Sweet Lady|p1a: Alomomola
|
|-heal|p1a: Alomomola|84/100|[from] item: Leftovers
|upkeep
|turn|8
|
|t:|1779967151
|move|p1a: Alomomola|Flip Turn|p2a: Sweet Lady
|-resisted|p2a: Sweet Lady
|-damage|p2a: Sweet Lady|42/100
|
|t:|1779967154
|switch|p1a: Garchomp|Garchomp, F|100/100|[from] Flip Turn
|move|p2a: Sweet Lady|Thunder|p1a: Garchomp
|-immune|p1a: Garchomp
|
|upkeep
|turn|9
|
|t:|1779967164
|move|p1a: Garchomp|Dragon Claw|p2a: Sweet Lady
|-damage|p2a: Sweet Lady|6/100
|move|p2a: Sweet Lady|Freeze-Dry|p1a: Garchomp
|-supereffective|p1a: Garchomp
|-damage|p1a: Garchomp|0 fnt
|faint|p1a: Garchomp
|
|upkeep
|
|t:|1779967173
|switch|p1a: Salazzle|Salazzle, F|100/100
|-item|p1a: Salazzle|Air Balloon
|turn|10
|
|t:|1779967178
|move|p1a: Salazzle|Fake Out|p2a: Sweet Lady
|-damage|p2a: Sweet Lady|0 fnt
|faint|p2a: Sweet Lady
|
|upkeep
|
|t:|1779967181
|switch|p2a: Biggest Bird|Staraptor, M, shiny|100/100
|turn|11
|
|t:|1779967189
|move|p1a: Salazzle|Toxic|p2a: Biggest Bird
|-status|p2a: Biggest Bird|tox
|move|p2a: Biggest Bird|Brave Bird|p1a: Salazzle
|-damage|p1a: Salazzle|0 fnt
|-enditem|p1a: Salazzle|Air Balloon
|faint|p1a: Salazzle
|-damage|p2a: Biggest Bird|64/100 tox|[from] Recoil
|
|-damage|p2a: Biggest Bird|58/100 tox|[from] psn
|upkeep
|
|t:|1779967203
|switch|p1a: Ambipom|Ambipom, F, tera:Normal|100/100
|turn|12
|
|t:|1779967208
|move|p1a: Ambipom|Fake Out|p2a: Biggest Bird
|-damage|p2a: Biggest Bird|5/100 tox
|cant|p2a: Biggest Bird|flinch
|
|-damage|p2a: Biggest Bird|0 fnt|[from] psn
|faint|p2a: Biggest Bird
|upkeep
|
|t:|1779967226
|switch|p2a: Princess|Gardevoir, F, shiny|100/100
|turn|13
|
|t:|1779967237
|move|p1a: Ambipom|U-turn|p2a: Princess
|-damage|p2a: Princess|65/100
|
|t:|1779967245
|switch|p1a: Alomomola|Alomomola, M|100/100|[from] U-turn
|move|p2a: Princess|Calm Mind|p2a: Princess
|-boost|p2a: Princess|spa|1
|-boost|p2a: Princess|spd|1
|
|-heal|p2a: Princess|71/100|[from] item: Leftovers
|upkeep
|turn|14
|
|t:|1779967255
|move|p2a: Princess|Psychic|p1a: Alomomola
|-damage|p1a: Alomomola|13/100
|move|p1a: Alomomola|Flip Turn|p2a: Princess
|-damage|p2a: Princess|43/100
|
|t:|1779967261
|switch|p1a: Ambipom|Ambipom, F, tera:Normal|100/100|[from] Flip Turn
|
|-heal|p2a: Princess|49/100|[from] item: Leftovers
|upkeep
|turn|15
|
|t:|1779967268
|move|p1a: Ambipom|Fake Out|p2a: Princess
|-damage|p2a: Princess|0 fnt
|faint|p2a: Princess
|
|upkeep
|
|t:|1779967271
|switch|p2a: Moony|Umbreon, M, shiny|100/100
|turn|16
|
|t:|1779967275
|move|p1a: Ambipom|U-turn|p2a: Moony
|-supereffective|p2a: Moony
|-damage|p2a: Moony|70/100
|
|t:|1779967279
|switch|p1a: Alomomola|Alomomola, M|46/100|[from] U-turn
|move|p2a: Moony|Thunder Wave|p1a: Alomomola
|-status|p1a: Alomomola|par
|
|-heal|p1a: Alomomola|52/100 par|[from] item: Leftovers
|upkeep
|turn|17
|
|t:|1779967290
|move|p2a: Moony|Trailblaze|p1a: Alomomola
|-supereffective|p1a: Alomomola
|-damage|p1a: Alomomola|37/100 par
|-boost|p2a: Moony|spe|1
|move|p1a: Alomomola|Flip Turn|p2a: Moony
|-damage|p2a: Moony|56/100
|
|t:|1779967298
|switch|p1a: Ambipom|Ambipom, F, tera:Normal|100/100|[from] Flip Turn
|
|upkeep
|turn|18
|
|t:|1779967303
|move|p1a: Ambipom|Fake Out|p2a: Moony
|-damage|p2a: Moony|29/100
|cant|p2a: Moony|flinch
|
|upkeep
|turn|19
|
|t:|1779967310
|move|p1a: Ambipom|Fake Out||[still]
|-hint|Fake Out only works on your first turn out.
|-fail|p1a: Ambipom
|move|p2a: Moony|Thunder Wave|p1a: Ambipom
|-status|p1a: Ambipom|par
|
|upkeep
|turn|20
|
|t:|1779967318
|-terastallize|p2a: Moony|Dark
|move|p2a: Moony|Lash Out|p1a: Ambipom
|-damage|p1a: Ambipom|36/100 par
|move|p1a: Ambipom|U-turn|p2a: Moony
|-supereffective|p2a: Moony
|-damage|p2a: Moony|0 fnt
|faint|p2a: Moony
|
|t:|1779967327
|switch|p1a: Alomomola|Alomomola, M|70/100 par|[from] U-turn
|
|-heal|p1a: Alomomola|77/100 par|[from] item: Leftovers
|upkeep
|
|t:|1779967331
|switch|p2a: FIH|Garchomp, M, shiny|100/100
|turn|21
|
|t:|1779967339
|move|p2a: FIH|Swords Dance|p2a: FIH
|-boost|p2a: FIH|atk|2
|move|p1a: Alomomola|Chilling Water|p2a: FIH
|-damage|p2a: FIH|91/100
|-unboost|p2a: FIH|atk|1
|
|-heal|p1a: Alomomola|83/100 par|[from] item: Leftovers
|upkeep
|turn|22
|
|t:|1779967354
|move|p2a: FIH|Dragon Rush|p1a: Alomomola
|-damage|p1a: Alomomola|40/100 par
|cant|p1a: Alomomola|flinch
|
|-heal|p1a: Alomomola|46/100 par|[from] item: Leftovers
|upkeep
|turn|23
|
|t:|1779967362
|move|p2a: FIH|Swords Dance|p2a: FIH
|-boost|p2a: FIH|atk|2
|move|p1a: Alomomola|Flip Turn|p2a: FIH
|-crit|p2a: FIH
|-damage|p2a: FIH|65/100
|-damage|p1a: Alomomola|34/100 par|[from] ability: Rough Skin|[of] p2a: FIH
|
|t:|1779967370
|switch|p1a: Ambipom|Ambipom, F, tera:Normal|36/100 par|[from] Flip Turn
|
|upkeep
|turn|24
|
|t:|1779967375
|cant|p1a: Ambipom|par
|move|p2a: FIH|Dragon Rush|p1a: Ambipom|[miss]
|-miss|p2a: FIH|p1a: Ambipom
|
|upkeep
|turn|25
|
|t:|1779967382
|switch|p1a: Alomomola|Alomomola, M|67/100 par
|move|p2a: FIH|Dragon Rush|p1a: Alomomola
|-crit|p1a: Alomomola
|-damage|p1a: Alomomola|0 fnt
|faint|p1a: Alomomola
|
|upkeep
|
|t:|1779967390
|switch|p1a: Ambipom|Ambipom, F, tera:Normal|36/100 par
|turn|26
|
|t:|1779967394
|cant|p1a: Ambipom|par
|move|p2a: FIH|Dragon Rush|p1a: Ambipom
|-damage|p1a: Ambipom|0 fnt
|faint|p1a: Ambipom
|
|upkeep
|
|t:|1779967401
|switch|p1a: Kingambit|Kingambit, M|100/100
|-activate|p1a: Kingambit|ability: Supreme Overlord
|-start|p1a: Kingambit|fallen5|[silent]
|turn|27
|
|t:|1779967408
|move|p1a: Kingambit|Sucker Punch|p2a: FIH
|-damage|p2a: FIH|0 fnt
|-damage|p1a: Kingambit|88/100|[from] ability: Rough Skin|[of] p2a: FIH
|faint|p2a: FIH
|-damage|p1a: Kingambit|78/100|[from] item: Life Orb
|
|win|rocketproton24
|raw|rocketproton24's rating: 1136 &rarr; <strong>1157</strong><br />(+21 for winning)
|raw|ItzIsaac0's rating: 1077 &rarr; <strong>1059</strong><br />(-18 for losing)
|l|‽rocketproton24
|player|p1|
|l|☆ItzIsaac0
|player|p2|
