|j|☆suntt1
|j|☆TheManOfSausage
|t:|1779961555
|gametype|singles
|player|p1|suntt1|265|1358
|player|p2|TheManOfSausage|miku-water|1401
|gen|9
|tier|[Gen 9] OU
|rated|
|rule|HP Percentage Mod: HP is shown in percentages
|rule|Endless Battle Clause: Forcing endless battles is banned
|rule|Species Clause: Limit one of each Pokémon
|rule|OHKO Clause: OHKO moves are banned
|rule|Evasion Items Clause: Evasion items are banned
|rule|Evasion Moves Clause: Evasion moves are banned
|rule|Evasion Abilities Clause: Evasion abilities are banned
|rule|Sleep Moves Clause: Sleep-inducing moves are banned
|clearpoke
|poke|p1|Torkoal, F|
|poke|p1|Slither Wing|
|poke|p1|Great Tusk|
|poke|p1|Walking Wake|
|poke|p1|Lilligant-Hisui, F|
|poke|p1|Heatran, M|
|poke|p2|Tyranitar, M|
|poke|p2|Excadrill, M|
|poke|p2|Hydrapple, M|
|poke|p2|Moltres|
|poke|p2|Alomomola, M|
|poke|p2|Zamazenta-*|
|teampreview
|
|t:|1779961562
|teamsize|p1|6
|teamsize|p2|6
|start
|switch|p1a: Torkoal|Torkoal, F|100/100
|switch|p2a: Moltres|Moltres|100/100
|-weather|SunnyDay|[from] ability: Drought|[of] p1a: Torkoal
|turn|1
|
|t:|1779961573
|move|p2a: Moltres|U-turn|p1a: Torkoal
|-resisted|p1a: Torkoal
|-damage|p1a: Torkoal|96/100
|
|t:|1779961575
|switch|p2a: Tyranitar|Tyranitar, M|100/100|[from] U-turn
|-weather|Sandstorm|[from] ability: Sand Stream|[of] p2a: Tyranitar
|move|p1a: Torkoal|Sunny Day|p1a: Torkoal
|-weather|SunnyDay
|
|-weather|SunnyDay|[upkeep]
|upkeep
|turn|2
|
|t:|1779961590
|switch|p1a: Walking Wake|Walking Wake|100/100
|-activate|p1a: Walking Wake|ability: Protosynthesis
|-start|p1a: Walking Wake|protosynthesisspa
|move|p2a: Tyranitar|Stealth Rock|p1a: Walking Wake
|-sidestart|p1: suntt1|move: Stealth Rock
|
|-weather|SunnyDay|[upkeep]
|upkeep
|turn|3
|
|t:|1779961597
|switch|p2a: Hydrapple|Hydrapple, M|100/100
|-terastallize|p1a: Walking Wake|Water
|move|p1a: Walking Wake|Hydro Steam|p2a: Hydrapple
|-resisted|p2a: Hydrapple
|-damage|p2a: Hydrapple|58/100
|
|-weather|SunnyDay|[upkeep]
|upkeep
|turn|4
|
|t:|1779961612
|-end|p1a: Walking Wake|Protosynthesis|[silent]
|switch|p1a: Lilligant|Lilligant-Hisui, F|100/100
|-damage|p1a: Lilligant|94/100|[from] Stealth Rock
|switch|p2a: Excadrill|Excadrill, M|100/100
|
|-weather|SunnyDay|[upkeep]
|upkeep
|turn|5
|
|t:|1779961618
|switch|p2a: Moltres|Moltres|100/100
|move|p1a: Lilligant|Axe Kick|p2a: Moltres
|-resisted|p2a: Moltres
|-damage|p2a: Moltres|72/100
|-start|p2a: Moltres|confusion
|-status|p1a: Lilligant|brn|[from] ability: Flame Body|[of] p2a: Moltres
|-damage|p1a: Lilligant|84/100 brn|[from] item: Life Orb
|
|-weather|SunnyDay|[upkeep]
|-damage|p1a: Lilligant|78/100 brn|[from] brn
|upkeep
|turn|6
|
|t:|1779961623
|move|p1a: Lilligant|Triple Axel|p2a: Moltres
|-damage|p2a: Moltres|69/100
|-damage|p2a: Moltres|63/100
|-damage|p2a: Moltres|54/100
|-hitcount|p2a: Moltres|3
|-damage|p1a: Lilligant|68/100 brn|[from] item: Life Orb
|-activate|p2a: Moltres|confusion
|move|p2a: Moltres|U-turn|p1a: Lilligant
|-damage|p1a: Lilligant|47/100 brn
|
|t:|1779961632
|switch|p2a: Alomomola|Alomomola, M|100/100|[from] U-turn
|
|-weather|SunnyDay|[upkeep]
|-damage|p1a: Lilligant|41/100 brn|[from] brn
|upkeep
|turn|7
|
|t:|1779961638
|move|p1a: Lilligant|Solar Blade||[still]
|-prepare|p1a: Lilligant|Solar Blade
|-anim|p1a: Lilligant|Solar Blade|p2a: Alomomola
|-supereffective|p2a: Alomomola
|-damage|p2a: Alomomola|59/100
|-damage|p1a: Lilligant|31/100 brn|[from] item: Life Orb
|move|p2a: Alomomola|Wish|p2a: Alomomola
|
|-weather|SunnyDay|[upkeep]
|-damage|p1a: Lilligant|25/100 brn|[from] brn
|upkeep
|turn|8
|
|t:|1779961644
|move|p2a: Alomomola|Protect|p2a: Alomomola
|-singleturn|p2a: Alomomola|Protect
|move|p1a: Lilligant|Encore|p2a: Alomomola
|-activate|p2a: Alomomola|move: Protect
|
|-weather|none
|-heal|p2a: Alomomola|100/100|[from] move: Wish|[wisher] Alomomola
|-damage|p1a: Lilligant|19/100 brn|[from] brn
|upkeep
|turn|9
|
|t:|1779961651
|switch|p1a: Walking Wake|Walking Wake, tera:Water|100/100
|-damage|p1a: Walking Wake|88/100|[from] Stealth Rock
|switch|p2a: Moltres|Moltres|54/100
|
|upkeep
|turn|10
|
|t:|1779961660
|switch|p2a: Hydrapple|Hydrapple, M|91/100
|move|p1a: Walking Wake|Draco Meteor|p2a: Hydrapple
|-supereffective|p2a: Hydrapple
|-damage|p2a: Hydrapple|0 fnt
|-unboost|p1a: Walking Wake|spa|2
|faint|p2a: Hydrapple
|
|upkeep
|
|t:|1779961673
|switch|p2a: Zamazenta|Zamazenta|100/100
|-ability|p2a: Zamazenta|Dauntless Shield|boost
|-boost|p2a: Zamazenta|def|1
|turn|11
|
|t:|1779961680
|-end|p1a: Walking Wake|Protosynthesis|[silent]
|switch|p1a: Torkoal|Torkoal, F|96/100
|-damage|p1a: Torkoal|71/100|[from] Stealth Rock
|-weather|SunnyDay|[from] ability: Drought|[of] p1a: Torkoal
|move|p2a: Zamazenta|Close Combat|p1a: Torkoal
|-damage|p1a: Torkoal|20/100
|-unboost|p2a: Zamazenta|def|1
|-unboost|p2a: Zamazenta|spd|1
|
|-weather|SunnyDay|[upkeep]
|upkeep
|turn|12
|
|t:|1779961683
|switch|p1a: Slither Wing|Slither Wing|100/100
|-damage|p1a: Slither Wing|88/100|[from] Stealth Rock
|-activate|p1a: Slither Wing|ability: Protosynthesis
|-start|p1a: Slither Wing|protosynthesisdef
|move|p2a: Zamazenta|Close Combat|p1a: Slither Wing
|-resisted|p1a: Slither Wing
|-crit|p1a: Slither Wing
|-damage|p1a: Slither Wing|51/100
|-unboost|p2a: Zamazenta|def|1
|-unboost|p2a: Zamazenta|spd|1
|-damage|p2a: Zamazenta|84/100|[from] item: Rocky Helmet|[of] p1a: Slither Wing
|
|-weather|SunnyDay|[upkeep]
|upkeep
|turn|13
|
|t:|1779961689
|switch|p2a: Moltres|Moltres|54/100
|move|p1a: Slither Wing|Morning Sun|p1a: Slither Wing
|-heal|p1a: Slither Wing|100/100
|
|-weather|SunnyDay|[upkeep]
|upkeep
|turn|14
|
|t:|1779961693
|-end|p1a: Slither Wing|Protosynthesis|[silent]
|switch|p1a: Walking Wake|Walking Wake, tera:Water|88/100
|-damage|p1a: Walking Wake|76/100|[from] Stealth Rock
|-activate|p1a: Walking Wake|ability: Protosynthesis
|-start|p1a: Walking Wake|protosynthesisspa
|move|p2a: Moltres|Flamethrower|p1a: Walking Wake
|-resisted|p1a: Walking Wake
|-damage|p1a: Walking Wake|41/100
|
|-weather|SunnyDay|[upkeep]
|upkeep
|turn|15
|
|t:|1779961697
|switch|p2a: Alomomola|Alomomola, M|100/100
|move|p1a: Walking Wake|Hydro Steam|p2a: Alomomola
|-resisted|p2a: Alomomola
|-damage|p2a: Alomomola|6/100
|
|-weather|SunnyDay|[upkeep]
|upkeep
|turn|16
|
|t:|1779961702
|move|p2a: Alomomola|Protect|p2a: Alomomola
|-singleturn|p2a: Alomomola|Protect
|move|p1a: Walking Wake|Hydro Steam|p2a: Alomomola
|-activate|p2a: Alomomola|move: Protect
|
|-weather|SunnyDay|[upkeep]
|upkeep
|turn|17
|
|t:|1779961707
|move|p1a: Walking Wake|Hydro Steam|p2a: Alomomola
|-resisted|p2a: Alomomola
|-damage|p2a: Alomomola|0 fnt
|faint|p2a: Alomomola
|
|-weather|SunnyDay|[upkeep]
|upkeep
|
|t:|1779961712
|switch|p2a: Zamazenta|Zamazenta|84/100
|turn|18
|
|t:|1779961716
|switch|p2a: Moltres|Moltres|54/100
|-end|p1a: Walking Wake|Protosynthesis|[silent]
|switch|p1a: Slither Wing|Slither Wing|100/100
|-damage|p1a: Slither Wing|88/100|[from] Stealth Rock
|-activate|p1a: Slither Wing|ability: Protosynthesis
|-start|p1a: Slither Wing|protosynthesisdef
|
|-weather|none
|-end|p1a: Slither Wing|Protosynthesis
|upkeep
|turn|19
|
|t:|1779961721
|-end|p1a: Slither Wing|Protosynthesis|[silent]
|switch|p1a: Great Tusk|Great Tusk|100/100
|-damage|p1a: Great Tusk|97/100|[from] Stealth Rock
|move|p2a: Moltres|Roost|p2a: Moltres
|-heal|p2a: Moltres|100/100
|-singleturn|p2a: Moltres|move: Roost
|
|upkeep
|turn|20
|
|t:|1779961724
|move|p1a: Great Tusk|Rapid Spin|p2a: Moltres
|-damage|p2a: Moltres|90/100
|-boost|p1a: Great Tusk|spe|1
|-sideend|p1: suntt1|Stealth Rock|[from] move: Rapid Spin|[of] p1a: Great Tusk
|move|p2a: Moltres|Flamethrower|p1a: Great Tusk
|-damage|p1a: Great Tusk|51/100
|
|upkeep
|turn|21
|
|t:|1779961734
|-end|p1a: Great Tusk|Protosynthesis|[silent]
|switch|p1a: Heatran|Heatran, M|100/100
|move|p2a: Moltres|Flamethrower|p1a: Heatran
|-start|p1a: Heatran|ability: Flash Fire
|
|upkeep
|turn|22
|
|t:|1779961739
|move|p1a: Heatran|Stealth Rock|p2a: Moltres
|-sidestart|p2: TheManOfSausage|move: Stealth Rock
|move|p2a: Moltres|U-turn|p1a: Heatran
|-resisted|p1a: Heatran
|-crit|p1a: Heatran
|-damage|p1a: Heatran|95/100
|
|t:|1779961742
|switch|p2a: Tyranitar|Tyranitar, M|100/100|[from] U-turn
|-damage|p2a: Tyranitar|88/100|[from] Stealth Rock
|-weather|Sandstorm|[from] ability: Sand Stream|[of] p2a: Tyranitar
|
|-weather|Sandstorm|[upkeep]
|upkeep
|turn|23
|
|t:|1779961747
|-end|p1a: Heatran|ability: Flash Fire|[silent]
|switch|p1a: Walking Wake|Walking Wake, tera:Water|41/100
|move|p2a: Tyranitar|Knock Off|p1a: Walking Wake
|-damage|p1a: Walking Wake|0 fnt
|-enditem|p1a: Walking Wake|Choice Specs|[from] move: Knock Off|[of] p2a: Tyranitar
|faint|p1a: Walking Wake
|-end|p1a: Walking Wake|Protosynthesis|[silent]
|
|-weather|Sandstorm|[upkeep]
|upkeep
|
|t:|1779961754
|switch|p1a: Torkoal|Torkoal, F|20/100
|-weather|SunnyDay|[from] ability: Drought|[of] p1a: Torkoal
|turn|24
|
|t:|1779961759
|switch|p1a: Slither Wing|Slither Wing|88/100
|-activate|p1a: Slither Wing|ability: Protosynthesis
|-start|p1a: Slither Wing|protosynthesisdef
|move|p2a: Tyranitar|Knock Off|p1a: Slither Wing
|-resisted|p1a: Slither Wing
|-damage|p1a: Slither Wing|72/100
|-damage|p2a: Tyranitar|72/100|[from] item: Rocky Helmet|[of] p1a: Slither Wing
|-enditem|p1a: Slither Wing|Rocky Helmet|[from] move: Knock Off|[of] p2a: Tyranitar
|
|-weather|SunnyDay|[upkeep]
|upkeep
|turn|25
|
|t:|1779961763
|switch|p2a: Moltres|Moltres|90/100
|move|p1a: Slither Wing|U-turn|p2a: Moltres
|-resisted|p2a: Moltres
|-damage|p2a: Moltres|85/100
|
|t:|1779961773
|-end|p1a: Slither Wing|Protosynthesis|[silent]
|switch|p1a: Heatran|Heatran, M|95/100|[from] U-turn
|
|-weather|SunnyDay|[upkeep]
|upkeep
|turn|26
|
|t:|1779961775
|move|p1a: Heatran|Overheat|p2a: Moltres
|-resisted|p2a: Moltres
|-damage|p2a: Moltres|11/100
|-unboost|p1a: Heatran|spa|2
|move|p2a: Moltres|U-turn|p1a: Heatran
|-resisted|p1a: Heatran
|-damage|p1a: Heatran|92/100
|
|t:|1779961793
|switch|p2a: Excadrill|Excadrill, M|100/100|[from] U-turn
|-damage|p2a: Excadrill|97/100|[from] Stealth Rock
|
|-weather|SunnyDay|[upkeep]
|upkeep
|turn|27
|
|t:|1779961800
|switch|p1a: Slither Wing|Slither Wing|72/100
|-activate|p1a: Slither Wing|ability: Protosynthesis
|-start|p1a: Slither Wing|protosynthesisdef
|move|p2a: Excadrill|Earthquake|p1a: Slither Wing
|-resisted|p1a: Slither Wing
|-damage|p1a: Slither Wing|51/100
|
|-weather|SunnyDay|[upkeep]
|upkeep
|turn|28
|
|t:|1779961808
|move|p2a: Excadrill|Rapid Spin|p1a: Slither Wing
|-damage|p1a: Slither Wing|40/100
|-boost|p2a: Excadrill|spe|1
|-sideend|p2: TheManOfSausage|Stealth Rock|[from] move: Rapid Spin|[of] p2a: Excadrill
|move|p1a: Slither Wing|Flare Blitz|p2a: Excadrill
|-supereffective|p2a: Excadrill
|-damage|p2a: Excadrill|0 fnt
|faint|p2a: Excadrill
|-damage|p1a: Slither Wing|9/100|[from] Recoil
|
|-weather|SunnyDay|[upkeep]
|upkeep
|
|t:|1779961817
|switch|p2a: Zamazenta|Zamazenta|84/100
|turn|29
|
|t:|1779961827
|switch|p2a: Moltres|Moltres|11/100
|move|p1a: Slither Wing|Morning Sun|p1a: Slither Wing
|-heal|p1a: Slither Wing|76/100
|
|-weather|SunnyDay|[upkeep]
|upkeep
|turn|30
|
|t:|1779961832
|-end|p1a: Slither Wing|Protosynthesis|[silent]
|switch|p1a: Lilligant|Lilligant-Hisui, F|19/100 brn
|move|p2a: Moltres|Roost|p2a: Moltres
|-heal|p2a: Moltres|61/100
|-singleturn|p2a: Moltres|move: Roost
|
|-weather|SunnyDay|[upkeep]
|-damage|p1a: Lilligant|13/100 brn|[from] brn
|upkeep
|turn|31
|
|t:|1779961843
|move|p1a: Lilligant|Encore|p2a: Moltres
|-start|p2a: Moltres|Encore
|move|p2a: Moltres|Roost|p2a: Moltres
|-heal|p2a: Moltres|100/100
|-singleturn|p2a: Moltres|move: Roost
|
|-weather|none
|-damage|p1a: Lilligant|7/100 brn|[from] brn
|upkeep
|turn|32
|
|t:|1779961846
|switch|p2a: Tyranitar|Tyranitar, M|72/100
|-weather|Sandstorm|[from] ability: Sand Stream|[of] p2a: Tyranitar
|move|p1a: Lilligant|Axe Kick|p2a: Tyranitar
|-supereffective|p2a: Tyranitar
|-damage|p2a: Tyranitar|0 fnt
|faint|p2a: Tyranitar
|-damage|p1a: Lilligant|0 fnt|[from] item: Life Orb
|faint|p1a: Lilligant
|
|-weather|Sandstorm|[upkeep]
|upkeep
|
|t:|1779961851
|switch|p1a: Torkoal|Torkoal, F|20/100
|switch|p2a: Moltres|Moltres|100/100
|-weather|SunnyDay|[from] ability: Drought|[of] p1a: Torkoal
|turn|33
|
|t:|1779961854
|move|p2a: Moltres|U-turn|p1a: Torkoal
|-resisted|p1a: Torkoal
|-damage|p1a: Torkoal|16/100
|
|t:|1779961857
|switch|p2a: Zamazenta|Zamazenta|84/100|[from] U-turn
|move|p1a: Torkoal|Lava Plume|p2a: Zamazenta
|-damage|p2a: Zamazenta|51/100
|-status|p2a: Zamazenta|brn
|
|-weather|SunnyDay|[upkeep]
|-damage|p2a: Zamazenta|45/100 brn|[from] brn
|upkeep
|turn|34
|-message|TheManOfSausage forfeited.
|
|win|suntt1
|raw|suntt1's rating: 1358 &rarr; <strong>1380</strong><br />(+22 for winning)
|raw|TheManOfSausage's rating: 1401 &rarr; <strong>1379</strong><br />(-22 for losing)
|l|☆TheManOfSausage
|player|p2|
|l|☆suntt1
|player|p1|
