|inactive|Battle timer is ON: inactive players will automatically lose when time's up.
|t:|1779904261
|gametype|singles
|player|p1|Laroxyl|#wcop2026italy2|
|player|p2|AgencyIsOwn|#wcop2026latinamerica|
|gen|9
|tier|[Gen 9] OU
|rule|HP Percentage Mod: HP is shown in percentages
|rule|Endless Battle Clause: Forcing endless battles is banned
|rule|Species Clause: Limit one of each Pokémon
|rule|OHKO Clause: OHKO moves are banned
|rule|Evasion Items Clause: Evasion items are banned
|rule|Evasion Moves Clause: Evasion moves are banned
|rule|Evasion Abilities Clause: Evasion abilities are banned
|rule|Sleep Moves Clause: Sleep-inducing moves are banned
|clearpoke
|poke|p1|Slowking-Galar, M|
|poke|p1|Ting-Lu|
|poke|p1|Corviknight, M|
|poke|p1|Hydrapple, F|
|poke|p1|Cinderace, M|
|poke|p1|Garganacl, M|
|poke|p2|Tyranitar, M|
|poke|p2|Excadrill, M|
|poke|p2|Iron Valiant|
|poke|p2|Tornadus-Therian, M|
|poke|p2|Ogerpon-Cornerstone, F|
|poke|p2|Toxapex, M|
|teampreview
|c|☆AgencyIsOwn|hf
|c|☆Laroxyl|hf
|inactive|Laroxyl has 270 seconds left.
|inactive|AgencyIsOwn has 270 seconds left.
|c|+fate1q|wcop?
|c|☆AgencyIsOwn|yessir
|c|+fate1q|thank you
|inactive|AgencyIsOwn has 240 seconds left.
|inactive|AgencyIsOwn has 210 seconds left.
|
|t:|1779904359
|teamsize|p1|6
|teamsize|p2|6
|start
|switch|p1a: Slowking|Slowking-Galar, M|100/100
|switch|p2a: Tornadus|Tornadus-Therian, M|100/100
|turn|1
|inactive|AgencyIsOwn has 270 seconds left.
|
|t:|1779904373
|switch|p2a: Tyranitar|Tyranitar, M|100/100
|-weather|Sandstorm|[from] ability: Sand Stream|[of] p2a: Tyranitar
|move|p1a: Slowking|Trick|p2a: Tyranitar
|-activate|p1a: Slowking|move: Trick|[of] p2a: Tyranitar
|-item|p2a: Tyranitar|Black Sludge|[from] move: Trick
|-item|p1a: Slowking|Smooth Rock|[from] move: Trick
|
|-weather|Sandstorm|[upkeep]
|-damage|p1a: Slowking|94/100|[from] Sandstorm
|-damage|p2a: Tyranitar|88/100|[from] item: Black Sludge
|upkeep
|turn|2
|inactive|AgencyIsOwn has 270 seconds left.
|
|t:|1779904390
|switch|p1a: Corviknight|Corviknight, M|100/100
|-ability|p1a: Corviknight|Pressure
|move|p2a: Tyranitar|Knock Off|p1a: Corviknight
|-damage|p1a: Corviknight|69/100
|-damage|p2a: Tyranitar|72/100|[from] item: Rocky Helmet|[of] p1a: Corviknight
|-enditem|p1a: Corviknight|Rocky Helmet|[from] move: Knock Off|[of] p2a: Tyranitar
|
|-weather|Sandstorm|[upkeep]
|-damage|p2a: Tyranitar|59/100|[from] item: Black Sludge
|upkeep
|turn|3
|inactive|AgencyIsOwn has 270 seconds left.
|inactive|AgencyIsOwn has 240 seconds left.
|inactive|AgencyIsOwn has 210 seconds left.
|
|t:|1779904468
|switch|p2a: Tornadus|Tornadus-Therian, M|100/100
|move|p1a: Corviknight|Roost|p1a: Corviknight
|-heal|p1a: Corviknight|100/100
|-singleturn|p1a: Corviknight|move: Roost
|
|-weather|Sandstorm|[upkeep]
|-damage|p2a: Tornadus|94/100|[from] Sandstorm
|upkeep
|turn|4
|inactive|Laroxyl has 270 seconds left.
|inactive|Laroxyl has 240 seconds left.
|rated|World Cup of Pokemon
|inactive|Laroxyl has 210 seconds left.
|inactive|Laroxyl has 180 seconds left.
|
|t:|1779904615
|switch|p1a: Garganacl|Garganacl, M|100/100
|move|p2a: Tornadus|Nasty Plot|p2a: Tornadus
|-boost|p2a: Tornadus|spa|2
|
|-weather|Sandstorm|[upkeep]
|-damage|p2a: Tornadus|88/100|[from] Sandstorm
|upkeep
|turn|5
|inactive|Laroxyl has 150 seconds left.
|inactive|Laroxyl has 120 seconds left.
|inactive|Laroxyl has 90 seconds left.
|
|t:|1779904693
|move|p2a: Tornadus|Grass Knot|p1a: Garganacl
|-supereffective|p1a: Garganacl
|-damage|p1a: Garganacl|16/100
|-damage|p2a: Tornadus|79/100|[from] item: Life Orb
|move|p1a: Garganacl|Salt Cure|p2a: Tornadus
|-supereffective|p2a: Tornadus
|-crit|p2a: Tornadus
|-damage|p2a: Tornadus|18/100
|-start|p2a: Tornadus|Salt Cure
|
|-weather|Sandstorm|[upkeep]
|-damage|p2a: Tornadus|12/100|[from] Sandstorm
|-heal|p1a: Garganacl|22/100|[from] item: Leftovers
|-damage|p2a: Tornadus|0 fnt|[from] Salt Cure
|faint|p2a: Tornadus
|upkeep
|inactive|AgencyIsOwn has 210 seconds left.
|inactive|AgencyIsOwn has 180 seconds left.
|
|t:|1779904738
|switch|p2a: Ogerpon|Ogerpon-Cornerstone, F|100/100
|turn|6
|inactive|AgencyIsOwn has 180 seconds left.
|inactive|Laroxyl has 90 seconds left.
|
|t:|1779904758
|move|p2a: Ogerpon|Ivy Cudgel|p1a: Garganacl|[anim] Ivy Cudgel Rock
|-crit|p1a: Garganacl
|-damage|p1a: Garganacl|0 fnt
|faint|p1a: Garganacl
|
|-weather|Sandstorm|[upkeep]
|upkeep
|inactive|Laroxyl has 90 seconds left.
|
|t:|1779904792
|switch|p1a: Hydrapple|Hydrapple, F|100/100
|turn|7
|
|t:|1779904803
|switch|p2a: Toxapex|Toxapex, M|100/100
|move|p1a: Hydrapple|Fickle Beam|p2a: Toxapex|[anim] Fickle Beam All Out
|-activate|p1a: Hydrapple|move: Fickle Beam
|-damage|p2a: Toxapex|54/100
|-enditem|p2a: Toxapex|Eject Button
|inactive|AgencyIsOwn has 180 seconds left.
|
|t:|1779904821
|switch|p2a: Iron Valiant|Iron Valiant|100/100
|
|-weather|Sandstorm|[upkeep]
|-damage|p2a: Iron Valiant|94/100|[from] Sandstorm
|-damage|p1a: Hydrapple|94/100|[from] Sandstorm
|-heal|p1a: Hydrapple|100/100|[from] item: Leftovers
|upkeep
|turn|8
|inactive|AgencyIsOwn has 180 seconds left.
|
|t:|1779904842
|-end|p2a: Iron Valiant|Quark Drive|[silent]
|switch|p2a: Ogerpon|Ogerpon-Cornerstone, F|100/100
|switch|p1a: Slowking|Slowking-Galar, M|100/100
|
|-weather|none
|upkeep
|turn|9
|inactive|AgencyIsOwn has 150 seconds left.
|
|t:|1779904873
|move|p2a: Ogerpon|Knock Off|p1a: Slowking
|-supereffective|p1a: Slowking
|-damage|p1a: Slowking|43/100
|-enditem|p1a: Slowking|Smooth Rock|[from] move: Knock Off|[of] p2a: Ogerpon
|move|p1a: Slowking|Ice Beam|p2a: Ogerpon
|-supereffective|p2a: Ogerpon
|-damage|p2a: Ogerpon|45/100
|
|upkeep
|turn|10
|inactive|AgencyIsOwn has 150 seconds left.
|inactive|AgencyIsOwn has 120 seconds left.
|inactive|AgencyIsOwn has 90 seconds left.
|
|t:|1779904948
|switch|p1a: Hydrapple|Hydrapple, F|100/100
|-terastallize|p2a: Ogerpon|Rock
|detailschange|p2a: Ogerpon|Ogerpon-Cornerstone-Tera, F, tera:Rock
|-ability|p2a: Ogerpon|Embody Aspect (Cornerstone)|boost
|-boost|p2a: Ogerpon|def|1
|move|p2a: Ogerpon|Ivy Cudgel|p1a: Hydrapple|[anim] Ivy Cudgel Rock
|-damage|p1a: Hydrapple|51/100
|
|-heal|p1a: Hydrapple|58/100|[from] item: Leftovers
|upkeep
|turn|11
|inactive|Laroxyl has 60 seconds left.
|inactive|AgencyIsOwn has 60 seconds left.
|
|t:|1779905004
|switch|p2a: Toxapex|Toxapex, M|87/100
|move|p1a: Hydrapple|Giga Drain|p2a: Toxapex
|-damage|p2a: Toxapex|66/100
|-heal|p1a: Hydrapple|66/100|[from] drain|[of] p2a: Toxapex
|
|-heal|p1a: Hydrapple|72/100|[from] item: Leftovers
|upkeep
|turn|12
|inactive|Laroxyl has 30 seconds left.
|inactive|AgencyIsOwn has 30 seconds left.
|
|t:|1779905021
|switch|p1a: Slowking|Slowking-Galar, M|76/100
|switch|p2a: Ogerpon|Ogerpon-Cornerstone-Tera, F, tera:Rock|45/100
|-ability|p2a: Ogerpon|Embody Aspect (Cornerstone)|boost
|-boost|p2a: Ogerpon|def|1
|
|upkeep
|turn|13
|inactive|Laroxyl has 30 seconds left.
|
|t:|1779905035
|switch|p1a: Hydrapple|Hydrapple, F|100/100
|move|p2a: Ogerpon|Knock Off|p1a: Hydrapple
|-damage|p1a: Hydrapple|79/100
|-enditem|p1a: Hydrapple|Leftovers|[from] move: Knock Off|[of] p2a: Ogerpon
|
|upkeep
|turn|14
|inactive|Laroxyl has 30 seconds left.
|inactive|AgencyIsOwn has 30 seconds left.
|
|t:|1779905055
|switch|p2a: Tyranitar|Tyranitar, M|59/100
|-weather|Sandstorm|[from] ability: Sand Stream|[of] p2a: Tyranitar
|move|p1a: Hydrapple|Earth Power|p2a: Tyranitar
|-supereffective|p2a: Tyranitar
|-damage|p2a: Tyranitar|24/100
|
|-weather|Sandstorm|[upkeep]
|-damage|p1a: Hydrapple|72/100|[from] Sandstorm
|-damage|p2a: Tyranitar|11/100|[from] item: Black Sludge
|upkeep
|turn|15
|inactive|Laroxyl has 30 seconds left.
|inactive|AgencyIsOwn has 30 seconds left.
|
|t:|1779905078
|switch|p1a: Corviknight|Corviknight, M|100/100
|-ability|p1a: Corviknight|Pressure
|move|p2a: Tyranitar|Ice Punch|p1a: Corviknight
|-damage|p1a: Corviknight|81/100
|
|-weather|Sandstorm|[upkeep]
|-damage|p2a: Tyranitar|0 fnt|[from] item: Black Sludge
|faint|p2a: Tyranitar
|upkeep
|inactive|AgencyIsOwn has 30 seconds left this turn.
|
|t:|1779905083
|switch|p2a: Ogerpon|Ogerpon-Cornerstone-Tera, F, tera:Rock|45/100
|-ability|p2a: Ogerpon|Embody Aspect (Cornerstone)|boost
|-boost|p2a: Ogerpon|def|1
|turn|16
|
|t:|1779905093
|move|p2a: Ogerpon|Ivy Cudgel|p1a: Corviknight|[anim] Ivy Cudgel Rock
|-damage|p1a: Corviknight|38/100
|move|p1a: Corviknight|Body Press|p2a: Ogerpon
|-supereffective|p2a: Ogerpon
|-crit|p2a: Ogerpon
|-damage|p2a: Ogerpon|0 fnt
|faint|p2a: Ogerpon
|detailschange|p2: Ogerpon|Ogerpon-Cornerstone, F|[silent]
|
|-weather|Sandstorm|[upkeep]
|upkeep
|inactive|AgencyIsOwn has 30 seconds left.
|
|t:|1779905104
|switch|p2a: Iron Valiant|Iron Valiant|94/100
|turn|17
|
|t:|1779905112
|-end|p2a: Iron Valiant|Quark Drive|[silent]
|switch|p2a: Excadrill|Excadrill, M|100/100
|-item|p2a: Excadrill|Air Balloon
|switch|p1a: Slowking|Slowking-Galar, M|100/100
|
|-weather|Sandstorm|[upkeep]
|-damage|p1a: Slowking|94/100|[from] Sandstorm
|upkeep
|turn|18
|
|t:|1779905127
|switch|p1a: Corviknight|Corviknight, M|38/100
|-ability|p1a: Corviknight|Pressure
|move|p2a: Excadrill|Swords Dance|p2a: Excadrill
|-boost|p2a: Excadrill|atk|2
|
|-weather|none
|upkeep
|turn|19
|
|t:|1779905131
|move|p2a: Excadrill|Rock Slide|p1a: Corviknight
|-damage|p1a: Corviknight|3/100
|cant|p1a: Corviknight|flinch
|
|upkeep
|turn|20
|inactive|Laroxyl has 60 seconds left.
|
|t:|1779905140
|move|p2a: Excadrill|Rapid Spin|p1a: Corviknight
|-resisted|p1a: Corviknight
|-damage|p1a: Corviknight|0 fnt
|-boost|p2a: Excadrill|spe|1
|faint|p1a: Corviknight
|
|upkeep
|inactive|Laroxyl has 60 seconds left.
|inactive|Laroxyl has 30 seconds left.
|
|t:|1779905184
|switch|p1a: Hydrapple|Hydrapple, F|100/100
|turn|21
|inactive|AgencyIsOwn has 60 seconds left.
|
|t:|1779905212
|switch|p2a: Toxapex|Toxapex, M|99/100
|move|p1a: Hydrapple|Giga Drain|p2a: Toxapex
|-damage|p2a: Toxapex|79/100
|
|upkeep
|turn|22
|inactive|Laroxyl has 30 seconds left.
|
|t:|1779905231
|switch|p1a: Slowking|Slowking-Galar, M|100/100
|move|p2a: Toxapex|Toxic Spikes|p1a: Slowking
|-sidestart|p1: Laroxyl|move: Toxic Spikes
|
|upkeep
|turn|23
|inactive|Laroxyl has 30 seconds left.
|
|t:|1779905245
|move|p2a: Toxapex|Toxic Spikes|p1a: Slowking
|-sidestart|p1: Laroxyl|move: Toxic Spikes
|-prepare|p1a: Slowking|Chilly Reception|[premajor]
|move|p1a: Slowking|Chilly Reception|p1a: Slowking
|-weather|Snowscape
|
|t:|1779905248
|switch|p1a: Cinderace|Cinderace, M|100/100|[from] Chilly Reception
|
|-weather|Snowscape|[upkeep]
|upkeep
|turn|24
|
|t:|1779905252
|move|p1a: Cinderace|U-turn|p2a: Toxapex
|-resisted|p2a: Toxapex
|-damage|p2a: Toxapex|72/100
|
|t:|1779905254
|switch|p1a: Slowking|Slowking-Galar, M|100/100|[from] U-turn
|-sideend|p1: Laroxyl|move: Toxic Spikes|[of] p1a: Slowking
|move|p2a: Toxapex|Toxic Spikes|p1a: Slowking
|-sidestart|p1: Laroxyl|move: Toxic Spikes
|
|-weather|Snowscape|[upkeep]
|upkeep
|turn|25
|
|t:|1779905268
|switch|p2a: Excadrill|Excadrill, M|100/100
|-item|p2a: Excadrill|Air Balloon
|-prepare|p1a: Slowking|Chilly Reception|[premajor]
|move|p1a: Slowking|Chilly Reception|p1a: Slowking
|
|t:|1779905273
|switch|p1a: Cinderace|Cinderace, M|100/100|[from] Chilly Reception
|
|-weather|Snowscape|[upkeep]
|upkeep
|turn|26
|inactive|Laroxyl has 60 seconds left.
|
|t:|1779905291
|switch|p2a: Toxapex|Toxapex, M|100/100
|move|p1a: Cinderace|Pyro Ball|p2a: Toxapex
|-resisted|p2a: Toxapex
|-damage|p2a: Toxapex|82/100
|
|-weather|Snowscape|[upkeep]
|upkeep
|turn|27
|
|t:|1779905301
|move|p1a: Cinderace|U-turn|p2a: Toxapex
|-resisted|p2a: Toxapex
|-damage|p2a: Toxapex|75/100
|
|t:|1779905303
|switch|p1a: Slowking|Slowking-Galar, M|100/100|[from] U-turn
|-sideend|p1: Laroxyl|move: Toxic Spikes|[of] p1a: Slowking
|move|p2a: Toxapex|Toxic Spikes|p1a: Slowking
|-sidestart|p1: Laroxyl|move: Toxic Spikes
|
|-weather|none
|upkeep
|turn|28
|inactive|AgencyIsOwn has 90 seconds left.
|
|t:|1779905310
|switch|p2a: Excadrill|Excadrill, M|100/100
|-item|p2a: Excadrill|Air Balloon
|-prepare|p1a: Slowking|Chilly Reception|[premajor]
|move|p1a: Slowking|Chilly Reception|p1a: Slowking
|-weather|Snowscape
|
|t:|1779905314
|switch|p1a: Cinderace|Cinderace, M|100/100|[from] Chilly Reception
|
|-weather|Snowscape|[upkeep]
|upkeep
|turn|29
|
|t:|1779905321
|switch|p2a: Toxapex|Toxapex, M|100/100
|move|p1a: Cinderace|U-turn|p2a: Toxapex
|-resisted|p2a: Toxapex
|-damage|p2a: Toxapex|93/100
|
|t:|1779905322
|switch|p1a: Slowking|Slowking-Galar, M|100/100|[from] U-turn
|-sideend|p1: Laroxyl|move: Toxic Spikes|[of] p1a: Slowking
|
|-weather|Snowscape|[upkeep]
|upkeep
|turn|30
|
|t:|1779905327
|move|p2a: Toxapex|Toxic Spikes|p1a: Slowking
|-sidestart|p1: Laroxyl|move: Toxic Spikes
|move|p1a: Slowking|Future Sight|p2a: Toxapex
|-start|p1a: Slowking|move: Future Sight
|
|-weather|Snowscape|[upkeep]
|upkeep
|turn|31
|inactive|AgencyIsOwn has 120 seconds left.
|
|t:|1779905343
|move|p2a: Toxapex|Toxic Spikes|p1a: Slowking
|-sidestart|p1: Laroxyl|move: Toxic Spikes
|-prepare|p1a: Slowking|Chilly Reception|[premajor]
|move|p1a: Slowking|Chilly Reception|p1a: Slowking
|inactive|Laroxyl has 90 seconds left.
|
|t:|1779905369
|switch|p1a: Cinderace|Cinderace, M|100/100|[from] Chilly Reception
|
|-weather|Snowscape|[upkeep]
|upkeep
|turn|32
|inactive|AgencyIsOwn has 120 seconds left.
|
|t:|1779905387
|move|p1a: Cinderace|U-turn|p2a: Toxapex
|-resisted|p2a: Toxapex
|-damage|p2a: Toxapex|86/100
|
|t:|1779905389
|switch|p1a: Slowking|Slowking-Galar, M|100/100|[from] U-turn
|-sideend|p1: Laroxyl|move: Toxic Spikes|[of] p1a: Slowking
|move|p2a: Toxapex|Toxic Spikes|p1a: Slowking
|-sidestart|p1: Laroxyl|move: Toxic Spikes
|
|-weather|none
|-end|p2a: Toxapex|move: Future Sight
|-supereffective|p2a: Toxapex
|-damage|p2a: Toxapex|25/100
|upkeep
|turn|33
|inactive|AgencyIsOwn has 120 seconds left.
|
|t:|1779905401
|switch|p2a: Iron Valiant|Iron Valiant|94/100
|-prepare|p1a: Slowking|Chilly Reception|[premajor]
|move|p1a: Slowking|Chilly Reception|p1a: Slowking
|-weather|Snowscape
|
|t:|1779905405
|switch|p1a: Cinderace|Cinderace, M|100/100|[from] Chilly Reception
|
|-weather|Snowscape|[upkeep]
|upkeep
|turn|34
|inactive|AgencyIsOwn has 120 seconds left.
|
|t:|1779905426
|switch|p1a: Slowking|Slowking-Galar, M|100/100
|-sideend|p1: Laroxyl|move: Toxic Spikes|[of] p1a: Slowking
|move|p2a: Iron Valiant|Thunderbolt|p1a: Slowking
|-damage|p1a: Slowking|68/100
|
|-weather|Snowscape|[upkeep]
|upkeep
|turn|35
|inactive|AgencyIsOwn has 120 seconds left.
|
|t:|1779905441
|-end|p2a: Iron Valiant|Quark Drive|[silent]
|switch|p2a: Toxapex|Toxapex, M|58/100
|move|p1a: Slowking|Future Sight|p2a: Toxapex
|-start|p1a: Slowking|move: Future Sight
|
|-weather|Snowscape|[upkeep]
|upkeep
|turn|36
|
|t:|1779905446
|move|p2a: Toxapex|Toxic Spikes|p1a: Slowking
|-sidestart|p1: Laroxyl|move: Toxic Spikes
|-prepare|p1a: Slowking|Chilly Reception|[premajor]
|move|p1a: Slowking|Chilly Reception|p1a: Slowking
|
|t:|1779905453
|switch|p1a: Cinderace|Cinderace, M|100/100|[from] Chilly Reception
|
|-weather|Snowscape|[upkeep]
|upkeep
|turn|37
|inactive|Laroxyl has 90 seconds left.
|
|t:|1779905489
|move|p1a: Cinderace|Court Change|p1a: Cinderace
|-swapsideconditions
|-activate|p1a: Cinderace|move: Court Change
|move|p2a: Toxapex|Recover|p2a: Toxapex
|-heal|p2a: Toxapex|100/100
|
|-weather|none
|-end|p2a: Toxapex|move: Future Sight
|-supereffective|p2a: Toxapex
|-crit|p2a: Toxapex
|-damage|p2a: Toxapex|13/100
|upkeep
|turn|38
|inactive|AgencyIsOwn has 120 seconds left.
|
|t:|1779905528
|switch|p2a: Iron Valiant|Iron Valiant|94/100
|-status|p2a: Iron Valiant|psn
|move|p1a: Cinderace|Pyro Ball|p2a: Iron Valiant
|-damage|p2a: Iron Valiant|36/100 psn
|
|-damage|p2a: Iron Valiant|23/100 psn|[from] psn
|upkeep
|turn|39
|
|t:|1779905541
|-end|p2a: Iron Valiant|Quark Drive|[silent]
|switch|p2a: Toxapex|Toxapex, M|46/100
|-sideend|p2: AgencyIsOwn|move: Toxic Spikes|[of] p2a: Toxapex
|move|p1a: Cinderace|U-turn|p2a: Toxapex
|-resisted|p2a: Toxapex
|-damage|p2a: Toxapex|39/100
|
|t:|1779905546
|switch|p1a: Hydrapple|Hydrapple, F|100/100|[from] U-turn
|
|upkeep
|turn|40
|
|t:|1779905557
|move|p1a: Hydrapple|Earth Power|p2a: Toxapex
|-supereffective|p2a: Toxapex
|-damage|p2a: Toxapex|6/100
|move|p2a: Toxapex|Toxic|p1a: Hydrapple
|-status|p1a: Hydrapple|tox
|
|-damage|p1a: Hydrapple|94/100 tox|[from] psn
|upkeep
|turn|41
|
|t:|1779905569
|switch|p2a: Iron Valiant|Iron Valiant|23/100 psn
|move|p1a: Hydrapple|Giga Drain|p2a: Iron Valiant
|-damage|p2a: Iron Valiant|0 fnt
|-heal|p1a: Hydrapple|100/100 tox|[from] drain|[of] p2a: Iron Valiant
|faint|p2a: Iron Valiant
|-end|p2a: Iron Valiant|Quark Drive|[silent]
|
|-damage|p1a: Hydrapple|88/100 tox|[from] psn
|upkeep
|
|t:|1779905578
|switch|p2a: Toxapex|Toxapex, M|39/100
|turn|42
|inactive|Laroxyl has 90 seconds left.
|
|t:|1779905589
|switch|p2a: Excadrill|Excadrill, M|100/100
|-item|p2a: Excadrill|Air Balloon
|move|p1a: Hydrapple|Nasty Plot|p1a: Hydrapple
|-boost|p1a: Hydrapple|spa|2
|
|-damage|p1a: Hydrapple|69/100 tox|[from] psn
|upkeep
|turn|43
|inactive|Laroxyl has 90 seconds left.
|
|t:|1779905601
|switch|p2a: Toxapex|Toxapex, M|72/100
|move|p1a: Hydrapple|Giga Drain|p2a: Toxapex
|-damage|p2a: Toxapex|33/100
|-heal|p1a: Hydrapple|84/100 tox|[from] drain|[of] p2a: Toxapex
|
|-damage|p1a: Hydrapple|59/100 tox|[from] psn
|upkeep
|turn|44
|
|t:|1779905608
|move|p1a: Hydrapple|Giga Drain|p2a: Toxapex
|-damage|p2a: Toxapex|0 fnt
|-heal|p1a: Hydrapple|71/100 tox|[from] drain|[of] p2a: Toxapex
|faint|p2a: Toxapex
|
|-damage|p1a: Hydrapple|39/100 tox|[from] psn
|upkeep
|
|t:|1779905609
|switch|p2a: Excadrill|Excadrill, M|100/100
|-item|p2a: Excadrill|Air Balloon
|turn|45
|
|t:|1779905612
|move|p2a: Excadrill|Swords Dance|p2a: Excadrill
|-boost|p2a: Excadrill|atk|2
|move|p1a: Hydrapple|Giga Drain|p2a: Excadrill
|-damage|p2a: Excadrill|25/100
|-heal|p1a: Hydrapple|72/100 tox|[from] drain|[of] p2a: Excadrill
|-enditem|p2a: Excadrill|Air Balloon
|
|-damage|p1a: Hydrapple|35/100 tox|[from] psn
|upkeep
|turn|46
|inactive|Laroxyl has 120 seconds left.
|
|t:|1779905619
|move|p2a: Excadrill|Rapid Spin|p1a: Hydrapple
|-damage|p1a: Hydrapple|13/100 tox
|-boost|p2a: Excadrill|spe|1
|move|p1a: Hydrapple|Giga Drain|p2a: Excadrill
|-damage|p2a: Excadrill|0 fnt
|-heal|p1a: Hydrapple|24/100 tox|[from] drain|[of] p2a: Excadrill
|faint|p2a: Excadrill
|
|win|Laroxyl
|c|☆Laroxyl|gg
|c|☆AgencyIsOwn|gg
|player|p1|
|player|p2|
|player|p2|AgencyIsOwn|#wcop2026latinamerica|
