|j|‽LLCDoubleOG
|j|☆riarley
|t:|1779857462
|gametype|singles
|player|p1|LLCDoubleOG|dancer|1156
|player|p2|riarley|102|1109
|gen|9
|tier|[Gen 9] OU
|rated|
|rule|HP Percentage Mod: HP is shown in percentages
|rule|Endless Battle Clause: Forcing endless battles is banned
|rule|Species Clause: Limit one of each Pokémon
|rule|OHKO Clause: OHKO moves are banned
|rule|Evasion Items Clause: Evasion items are banned
|rule|Evasion Moves Clause: Evasion moves are banned
|rule|Evasion Abilities Clause: Evasion abilities are banned
|rule|Sleep Moves Clause: Sleep-inducing moves are banned
|clearpoke
|poke|p1|Farigiraf, F|
|poke|p1|Moltres|
|poke|p1|Alomomola, M|
|poke|p1|Landorus-Therian, M|
|poke|p1|Meowscarada, F|
|poke|p1|Great Tusk|
|poke|p2|Corviknight, M|
|poke|p2|Slowking-Galar, M|
|poke|p2|Blissey, F|
|poke|p2|Dondozo, M|
|poke|p2|Kyurem|
|poke|p2|Great Tusk|
|teampreview
|inactive|Battle timer is ON: inactive players will automatically lose when time's up. (requested by LLCDoubleOG)
|
|t:|1779857502
|teamsize|p1|6
|teamsize|p2|6
|start
|switch|p1a: Meowscarada|Meowscarada, F|100/100
|switch|p2a: Slowking|Slowking-Galar, M|100/100
|turn|1
|
|t:|1779857510
|move|p1a: Meowscarada|Knock Off|p2a: Slowking
|-start|p1a: Meowscarada|typechange|Dark|[from] ability: Protean
|-supereffective|p2a: Slowking
|-damage|p2a: Slowking|4/100
|-enditem|p2a: Slowking|Heavy-Duty Boots|[from] move: Knock Off|[of] p1a: Meowscarada
|move|p2a: Slowking|Toxic|p1a: Meowscarada
|-status|p1a: Meowscarada|tox
|
|-damage|p1a: Meowscarada|94/100 tox|[from] psn
|upkeep
|turn|2
|
|t:|1779857521
|switch|p2a: Corviknight|Corviknight, M|100/100
|-ability|p2a: Corviknight|Pressure
|move|p1a: Meowscarada|Knock Off|p2a: Corviknight
|-damage|p2a: Corviknight|72/100
|-damage|p1a: Meowscarada|78/100 tox|[from] item: Rocky Helmet|[of] p2a: Corviknight
|-enditem|p2a: Corviknight|Rocky Helmet|[from] move: Knock Off|[of] p1a: Meowscarada
|
|-damage|p1a: Meowscarada|65/100 tox|[from] psn
|upkeep
|turn|3
|
|t:|1779857527
|switch|p1a: Moltres|Moltres|100/100
|move|p2a: Corviknight|U-turn|p1a: Moltres
|-resisted|p1a: Moltres
|-damage|p1a: Moltres|98/100
|-status|p2a: Corviknight|brn|[from] ability: Flame Body|[of] p1a: Moltres
|
|t:|1779857530
|switch|p2a: Slowking|Slowking-Galar, M|37/100|[from] U-turn
|
|upkeep
|turn|4
|
|t:|1779857538
|move|p1a: Moltres|Will-O-Wisp|p2a: Slowking|[miss]
|-miss|p1a: Moltres|p2a: Slowking
|move|p2a: Slowking|Toxic|p1a: Moltres
|-status|p1a: Moltres|tox
|
|-damage|p1a: Moltres|92/100 tox|[from] psn
|upkeep
|turn|5
|
|t:|1779857542
|switch|p2a: Blissey|Blissey, F|100/100
|move|p1a: Moltres|Scorching Sands|p2a: Blissey
|-damage|p2a: Blissey|94/100
|
|-damage|p1a: Moltres|79/100 tox|[from] psn
|upkeep
|turn|6
|
|t:|1779857548
|switch|p1a: Alomomola|Alomomola, M|100/100
|move|p2a: Blissey|Stealth Rock|p1a: Alomomola
|-sidestart|p1: LLCDoubleOG|move: Stealth Rock
|
|upkeep
|turn|7
|
|t:|1779857552
|switch|p2a: Slowking|Slowking-Galar, M|71/100
|move|p1a: Alomomola|Flip Turn|p2a: Slowking
|-crit|p2a: Slowking
|-damage|p2a: Slowking|46/100
|
|t:|1779857558
|switch|p1a: Landorus|Landorus-Therian, M|100/100|[from] Flip Turn
|-damage|p1a: Landorus|88/100|[from] Stealth Rock
|-ability|p1a: Landorus|Intimidate|boost
|-unboost|p2a: Slowking|atk|1
|
|upkeep
|turn|8
|
|t:|1779857564
|switch|p2a: Corviknight|Corviknight, M|72/100 brn
|-ability|p2a: Corviknight|Pressure
|move|p1a: Landorus|Stealth Rock|p2a: Corviknight
|-sidestart|p2: riarley|move: Stealth Rock
|
|-damage|p2a: Corviknight|66/100 brn|[from] brn
|upkeep
|turn|9
|
|t:|1779857568
|move|p1a: Landorus|Taunt|p2a: Corviknight
|-start|p2a: Corviknight|move: Taunt
|move|p2a: Corviknight|U-turn|p1a: Landorus
|-resisted|p1a: Landorus
|-damage|p1a: Landorus|84/100
|-damage|p2a: Corviknight|50/100 brn|[from] item: Rocky Helmet|[of] p1a: Landorus
|
|t:|1779857577
|switch|p2a: Kyurem|Kyurem|100/100|[from] U-turn
|-damage|p2a: Kyurem|75/100|[from] Stealth Rock
|-ability|p2a: Kyurem|Pressure
|
|upkeep
|turn|10
|
|t:|1779857584
|switch|p1a: Alomomola|Alomomola, M|100/100
|-damage|p1a: Alomomola|88/100|[from] Stealth Rock
|move|p2a: Kyurem|Ice Beam|p1a: Alomomola
|-resisted|p1a: Alomomola
|-damage|p1a: Alomomola|70/100
|
|upkeep
|turn|11
|
|t:|1779857587
|switch|p2a: Great Tusk|Great Tusk|100/100
|move|p1a: Alomomola|Flip Turn|p2a: Great Tusk
|-supereffective|p2a: Great Tusk
|-damage|p2a: Great Tusk|76/100
|
|t:|1779857594
|switch|p1a: Meowscarada|Meowscarada, F|65/100 tox|[from] Flip Turn
|-damage|p1a: Meowscarada|53/100 tox|[from] Stealth Rock
|
|-damage|p1a: Meowscarada|47/100 tox|[from] psn
|upkeep
|turn|12
|
|t:|1779857601
|-end|p2a: Great Tusk|Protosynthesis|[silent]
|switch|p2a: Corviknight|Corviknight, M|50/100 brn
|-damage|p2a: Corviknight|37/100 brn|[from] Stealth Rock
|-ability|p2a: Corviknight|Pressure
|move|p1a: Meowscarada|Knock Off|p2a: Corviknight
|-start|p1a: Meowscarada|typechange|Dark|[from] ability: Protean
|-crit|p2a: Corviknight
|-damage|p2a: Corviknight|8/100 brn
|
|-damage|p1a: Meowscarada|35/100 tox|[from] psn
|-damage|p2a: Corviknight|1/100 brn|[from] brn
|upkeep
|turn|13
|
|t:|1779857605
|move|p1a: Meowscarada|Knock Off|p2a: Corviknight
|-damage|p2a: Corviknight|0 fnt
|faint|p2a: Corviknight
|
|-damage|p1a: Meowscarada|16/100 tox|[from] psn
|upkeep
|
|t:|1779857614
|switch|p2a: Slowking|Slowking-Galar, M|79/100
|-damage|p2a: Slowking|67/100|[from] Stealth Rock
|turn|14
|
|t:|1779857618
|switch|p1a: Landorus|Landorus-Therian, M|84/100
|-damage|p1a: Landorus|71/100|[from] Stealth Rock
|-ability|p1a: Landorus|Intimidate|boost
|-unboost|p2a: Slowking|atk|1
|switch|p2a: Dondozo|Dondozo, M|100/100
|-damage|p2a: Dondozo|88/100|[from] Stealth Rock
|
|-heal|p2a: Dondozo|94/100|[from] item: Leftovers
|upkeep
|turn|15
|
|t:|1779857623
|move|p1a: Landorus|Earth Power|p2a: Dondozo
|-crit|p2a: Dondozo
|-damage|p2a: Dondozo|40/100
|move|p2a: Dondozo|Curse|p2a: Dondozo
|-unboost|p2a: Dondozo|spe|1
|-boost|p2a: Dondozo|atk|1
|-boost|p2a: Dondozo|def|1
|
|-heal|p2a: Dondozo|47/100|[from] item: Leftovers
|upkeep
|turn|16
|
|t:|1779857627
|move|p1a: Landorus|Taunt|p2a: Dondozo
|-start|p2a: Dondozo|move: Taunt
|cant|p2a: Dondozo|move: Taunt|Rest
|
|-heal|p2a: Dondozo|53/100|[from] item: Leftovers
|upkeep
|turn|17
|
|t:|1779857629
|move|p1a: Landorus|Earth Power|p2a: Dondozo
|-damage|p2a: Dondozo|15/100
|move|p2a: Dondozo|Waterfall|p1a: Landorus
|-supereffective|p1a: Landorus
|-damage|p1a: Landorus|0 fnt
|-damage|p2a: Dondozo|0 fnt|[from] item: Rocky Helmet|[of] p1a: Landorus
|faint|p1a: Landorus
|faint|p2a: Dondozo
|
|upkeep
|
|t:|1779857637
|switch|p1a: Great Tusk|Great Tusk|100/100
|switch|p2a: Slowking|Slowking-Galar, M|99/100
|-damage|p1a: Great Tusk|98/100|[from] Stealth Rock
|-damage|p2a: Slowking|88/100|[from] Stealth Rock
|-enditem|p1a: Great Tusk|Booster Energy
|-activate|p1a: Great Tusk|ability: Protosynthesis|[fromitem]
|-start|p1a: Great Tusk|protosynthesisatk
|turn|18
|
|t:|1779857644
|-terastallize|p2a: Slowking|Dark
|move|p1a: Great Tusk|Rapid Spin|p2a: Slowking
|-damage|p2a: Slowking|65/100
|-boost|p1a: Great Tusk|spe|1
|-sideend|p1: LLCDoubleOG|Stealth Rock|[from] move: Rapid Spin|[of] p1a: Great Tusk
|move|p2a: Slowking|Future Sight|p1a: Great Tusk
|-start|p2a: Slowking|move: Future Sight
|
|upkeep
|turn|19
|
|t:|1779857653
|move|p1a: Great Tusk|Close Combat|p2a: Slowking
|-supereffective|p2a: Slowking
|-crit|p2a: Slowking
|-damage|p2a: Slowking|0 fnt
|-unboost|p1a: Great Tusk|def|1
|-unboost|p1a: Great Tusk|spd|1
|faint|p2a: Slowking
|
|upkeep
|
|t:|1779857661
|switch|p2a: Kyurem|Kyurem|75/100
|-damage|p2a: Kyurem|50/100|[from] Stealth Rock
|-ability|p2a: Kyurem|Pressure
|turn|20
|
|t:|1779857664
|-terastallize|p1a: Great Tusk|Steel
|move|p1a: Great Tusk|Close Combat|p2a: Kyurem
|-supereffective|p2a: Kyurem
|-damage|p2a: Kyurem|0 fnt
|-unboost|p1a: Great Tusk|def|1
|-unboost|p1a: Great Tusk|spd|1
|faint|p2a: Kyurem
|
|-end|p1a: Great Tusk|move: Future Sight
|-resisted|p1a: Great Tusk
|-crit|p1a: Great Tusk
|-damage|p1a: Great Tusk|2/100
|upkeep
|
|t:|1779857669
|switch|p2a: Great Tusk|Great Tusk|76/100
|turn|21
|-message|riarley forfeited.
|
|win|LLCDoubleOG
|raw|LLCDoubleOG's rating: 1156 &rarr; <strong>1178</strong><br />(+22 for winning)
|raw|riarley's rating: 1109 &rarr; <strong>1087</strong><br />(-22 for losing)
|l|☆riarley
|player|p2|
