|j|☆killer07
|j|☆claudechamp
|t:|1779829079
|gametype|singles
|player|p1|killer07|266|1268
|player|p2|claudechamp|265|1283
|gen|9
|tier|[Gen 9] OU
|rated|
|rule|HP Percentage Mod: HP is shown in percentages
|rule|Endless Battle Clause: Forcing endless battles is banned
|rule|Species Clause: Limit one of each Pokémon
|rule|OHKO Clause: OHKO moves are banned
|rule|Evasion Items Clause: Evasion items are banned
|rule|Evasion Moves Clause: Evasion moves are banned
|rule|Evasion Abilities Clause: Evasion abilities are banned
|rule|Sleep Moves Clause: Sleep-inducing moves are banned
|clearpoke
|poke|p1|Slowking-Galar, M|
|poke|p1|Corviknight, F|
|poke|p1|Lokix, M|
|poke|p1|Rotom-Wash|
|poke|p1|Kyurem|
|poke|p1|Meowscarada, F|
|poke|p2|Corviknight, F|
|poke|p2|Ting-Lu|
|poke|p2|Kyurem|
|poke|p2|Dondozo, F|
|poke|p2|Slowking-Galar, M|
|poke|p2|Cinderace, F|
|teampreview
|c|☆claudechamp|hf
|inactive|Battle timer is ON: inactive players will automatically lose when time's up. (requested by claudechamp)
|
|t:|1779829086
|teamsize|p1|6
|teamsize|p2|6
|start
|switch|p1a: Rotom|Rotom-Wash|100/100
|switch|p2a: Cinderace|Cinderace, F|100/100
|turn|1
|
|t:|1779829095
|move|p2a: Cinderace|Pyro Ball|p1a: Rotom
|-resisted|p1a: Rotom
|-damage|p1a: Rotom|84/100
|-status|p1a: Rotom|brn
|move|p1a: Rotom|Hydro Pump|p2a: Cinderace
|-supereffective|p2a: Cinderace
|-damage|p2a: Cinderace|7/100
|
|-heal|p1a: Rotom|90/100 brn|[from] item: Leftovers
|-damage|p1a: Rotom|84/100 brn|[from] brn
|upkeep
|turn|2
|
|t:|1779829110
|switch|p2a: Kyurem|Kyurem|100/100
|-ability|p2a: Kyurem|Pressure
|move|p1a: Rotom|Volt Switch|p2a: Kyurem
|-resisted|p2a: Kyurem
|-damage|p2a: Kyurem|89/100
|
|t:|1779829127
|switch|p1a: Kyurem|Kyurem|100/100|[from] Volt Switch
|-ability|p1a: Kyurem|Pressure
|
|-heal|p2a: Kyurem|95/100|[from] item: Leftovers
|upkeep
|turn|3
|
|t:|1779829130
|move|p2a: Kyurem|Protect|p2a: Kyurem
|-singleturn|p2a: Kyurem|Protect
|move|p1a: Kyurem|Draco Meteor|p2a: Kyurem
|-activate|p2a: Kyurem|move: Protect
|
|-heal|p2a: Kyurem|100/100|[from] item: Leftovers
|upkeep
|turn|4
|
|t:|1779829132
|switch|p2a: Corviknight|Corviknight, F|100/100
|-ability|p2a: Corviknight|Pressure
|move|p1a: Kyurem|Draco Meteor|p2a: Corviknight
|-resisted|p2a: Corviknight
|-damage|p2a: Corviknight|67/100
|-unboost|p1a: Kyurem|spa|2
|
|upkeep
|turn|5
|
|t:|1779829138
|switch|p1a: Slowking|Slowking-Galar, M|100/100
|move|p2a: Corviknight|Roost|p2a: Corviknight
|-heal|p2a: Corviknight|100/100
|-singleturn|p2a: Corviknight|move: Roost
|
|upkeep
|turn|6
|
|t:|1779829146
|move|p2a: Corviknight|U-turn|p1a: Slowking
|-damage|p1a: Slowking|86/100
|
|t:|1779829149
|switch|p2a: Kyurem|Kyurem|100/100|[from] U-turn
|-ability|p2a: Kyurem|Pressure
|move|p1a: Slowking|Future Sight|p2a: Kyurem
|-start|p1a: Slowking|move: Future Sight
|
|upkeep
|turn|7
|
|t:|1779829159
|move|p2a: Kyurem|Freeze-Dry|p1a: Slowking
|-damage|p1a: Slowking|65/100
|-prepare|p1a: Slowking|Chilly Reception|[premajor]
|move|p1a: Slowking|Chilly Reception|p1a: Slowking
|-weather|Snowscape
|
|t:|1779829174
|switch|p1a: Kyurem|Kyurem|100/100|[from] Chilly Reception
|-ability|p1a: Kyurem|Pressure
|
|-weather|Snowscape|[upkeep]
|upkeep
|turn|8
|
|t:|1779829183
|switch|p2a: Ting-Lu|Ting-Lu|100/100
|-ability|p2a: Ting-Lu|Vessel of Ruin
|move|p1a: Kyurem|Blizzard|p2a: Ting-Lu
|-supereffective|p2a: Ting-Lu
|-damage|p2a: Ting-Lu|54/100
|
|-weather|Snowscape|[upkeep]
|-end|p2a: Ting-Lu|move: Future Sight
|-immune|p2a: Ting-Lu
|-heal|p2a: Ting-Lu|60/100|[from] item: Leftovers
|upkeep
|turn|9
|
|t:|1779829191
|-terastallize|p1a: Kyurem|Ice
|move|p1a: Kyurem|Blizzard|p2a: Ting-Lu
|-supereffective|p2a: Ting-Lu
|-damage|p2a: Ting-Lu|0 fnt
|faint|p2a: Ting-Lu
|
|-weather|Snowscape|[upkeep]
|upkeep
|
|t:|1779829196
|switch|p2a: Cinderace|Cinderace, F|7/100
|turn|10
|
|t:|1779829208
|move|p1a: Kyurem|Blizzard|p2a: Cinderace
|-resisted|p2a: Cinderace
|-damage|p2a: Cinderace|0 fnt
|faint|p2a: Cinderace
|
|-weather|Snowscape|[upkeep]
|upkeep
|
|t:|1779829216
|switch|p2a: Dondozo|Dondozo, F|100/100
|turn|11
|
|t:|1779829237
|switch|p1a: Rotom|Rotom-Wash|84/100 brn
|move|p2a: Dondozo|Body Press|p1a: Rotom
|-damage|p1a: Rotom|67/100 brn
|
|-weather|none
|-heal|p1a: Rotom|74/100 brn|[from] item: Leftovers
|-damage|p1a: Rotom|67/100 brn|[from] brn
|upkeep
|turn|12
|
|t:|1779829245
|switch|p2a: Kyurem|Kyurem|100/100
|-ability|p2a: Kyurem|Pressure
|move|p1a: Rotom|Volt Switch|p2a: Kyurem
|-resisted|p2a: Kyurem
|-damage|p2a: Kyurem|89/100
|
|t:|1779829249
|switch|p1a: Slowking|Slowking-Galar, M|99/100|[from] Volt Switch
|
|-heal|p2a: Kyurem|95/100|[from] item: Leftovers
|upkeep
|turn|13
|
|t:|1779829252
|move|p2a: Kyurem|Substitute|p2a: Kyurem
|-start|p2a: Kyurem|Substitute
|-damage|p2a: Kyurem|70/100
|move|p1a: Slowking|Future Sight|p2a: Kyurem
|-start|p1a: Slowking|move: Future Sight
|
|-heal|p2a: Kyurem|76/100|[from] item: Leftovers
|upkeep
|turn|14
|
|t:|1779829271
|move|p2a: Kyurem|Freeze-Dry|p1a: Slowking
|-damage|p1a: Slowking|77/100
|move|p1a: Slowking|Sludge Bomb|p2a: Kyurem
|-end|p2a: Kyurem|Substitute
|
|-heal|p2a: Kyurem|82/100|[from] item: Leftovers
|upkeep
|turn|15
|
|t:|1779829281
|move|p2a: Kyurem|Protect|p2a: Kyurem
|-singleturn|p2a: Kyurem|Protect
|-prepare|p1a: Slowking|Chilly Reception|[premajor]
|move|p1a: Slowking|Chilly Reception|p1a: Slowking
|-weather|Snowscape
|
|t:|1779829284
|switch|p1a: Kyurem|Kyurem, tera:Ice|100/100|[from] Chilly Reception
|-ability|p1a: Kyurem|Pressure
|
|-weather|Snowscape|[upkeep]
|-end|p2a: Kyurem|move: Future Sight
|-damage|p2a: Kyurem|41/100
|-heal|p2a: Kyurem|48/100|[from] item: Leftovers
|upkeep
|turn|16
|
|t:|1779829294
|switch|p2a: Dondozo|Dondozo, F|100/100
|move|p1a: Kyurem|Freeze-Dry|p2a: Dondozo
|-supereffective|p2a: Dondozo
|-damage|p2a: Dondozo|34/100
|
|-weather|Snowscape|[upkeep]
|-heal|p2a: Dondozo|40/100|[from] item: Leftovers
|upkeep
|turn|17
|
|t:|1779829307
|-terastallize|p2a: Dondozo|Dark
|move|p1a: Kyurem|Freeze-Dry|p2a: Dondozo
|-damage|p2a: Dondozo|8/100
|-status|p2a: Dondozo|frz
|cant|p2a: Dondozo|frz
|
|-weather|Snowscape|[upkeep]
|-heal|p2a: Dondozo|14/100 frz|[from] item: Leftovers
|upkeep
|turn|18
|
|t:|1779829312
|move|p1a: Kyurem|Freeze-Dry|p2a: Dondozo
|-damage|p2a: Dondozo|0 fnt
|faint|p2a: Dondozo
|
|-weather|Snowscape|[upkeep]
|upkeep
|
|t:|1779829321
|switch|p2a: Slowking|Slowking-Galar, M|100/100
|turn|19
|
|t:|1779829336
|switch|p1a: Rotom|Rotom-Wash|67/100 brn
|move|p2a: Slowking|Sludge Bomb|p1a: Rotom
|-damage|p1a: Rotom|33/100 brn
|
|-weather|none
|-heal|p1a: Rotom|39/100 brn|[from] item: Leftovers
|-damage|p1a: Rotom|33/100 brn|[from] brn
|upkeep
|turn|20
|
|t:|1779829346
|move|p1a: Rotom|Pain Split|p2a: Slowking
|-sethp|p2a: Slowking|63/100|[from] move: Pain Split|[silent]
|-sethp|p1a: Rotom|81/100 brn|[from] move: Pain Split
|move|p2a: Slowking|Future Sight|p1a: Rotom
|-start|p2a: Slowking|move: Future Sight
|
|-heal|p1a: Rotom|88/100 brn|[from] item: Leftovers
|-damage|p1a: Rotom|81/100 brn|[from] brn
|upkeep
|turn|21
|
|t:|1779829360
|move|p1a: Rotom|Volt Switch|p2a: Slowking
|-damage|p2a: Slowking|43/100
|
|t:|1779829363
|switch|p1a: Slowking|Slowking-Galar, M|100/100|[from] Volt Switch
|-prepare|p2a: Slowking|Chilly Reception|[premajor]
|move|p2a: Slowking|Chilly Reception|p2a: Slowking
|-weather|Snowscape
|
|t:|1779829369
|switch|p2a: Kyurem|Kyurem|48/100|[from] Chilly Reception
|-ability|p2a: Kyurem|Pressure
|
|-weather|Snowscape|[upkeep]
|-heal|p2a: Kyurem|54/100|[from] item: Leftovers
|upkeep
|turn|22
|
|t:|1779829379
|move|p2a: Kyurem|Earth Power|p1a: Slowking
|-supereffective|p1a: Slowking
|-damage|p1a: Slowking|62/100
|move|p1a: Slowking|Future Sight|p2a: Kyurem
|-start|p1a: Slowking|move: Future Sight
|
|-weather|Snowscape|[upkeep]
|-end|p1a: Slowking|move: Future Sight
|-damage|p1a: Slowking|36/100
|-heal|p2a: Kyurem|60/100|[from] item: Leftovers
|upkeep
|turn|23
|
|t:|1779829389
|switch|p1a: Rotom|Rotom-Wash|81/100 brn
|move|p2a: Kyurem|Earth Power|p1a: Rotom
|-immune|p1a: Rotom|[from] ability: Levitate
|
|-weather|Snowscape|[upkeep]
|-heal|p2a: Kyurem|66/100|[from] item: Leftovers
|-heal|p1a: Rotom|88/100 brn|[from] item: Leftovers
|-damage|p1a: Rotom|81/100 brn|[from] brn
|upkeep
|turn|24
|
|t:|1779829398
|move|p2a: Kyurem|Freeze-Dry|p1a: Rotom
|-supereffective|p1a: Rotom
|-damage|p1a: Rotom|6/100 brn
|move|p1a: Rotom|Volt Switch|p2a: Kyurem
|-resisted|p2a: Kyurem
|-damage|p2a: Kyurem|54/100
|
|t:|1779829409
|switch|p1a: Kyurem|Kyurem, tera:Ice|100/100|[from] Volt Switch
|-ability|p1a: Kyurem|Pressure
|
|-weather|Snowscape|[upkeep]
|-end|p2a: Kyurem|move: Future Sight
|-damage|p2a: Kyurem|16/100
|-heal|p2a: Kyurem|22/100|[from] item: Leftovers
|upkeep
|turn|25
|
|t:|1779829417
|move|p2a: Kyurem|Protect|p2a: Kyurem
|-singleturn|p2a: Kyurem|Protect
|move|p1a: Kyurem|Blizzard|p2a: Kyurem
|-activate|p2a: Kyurem|move: Protect
|
|-weather|none
|-heal|p2a: Kyurem|28/100|[from] item: Leftovers
|upkeep
|turn|26
|
|t:|1779829435
|move|p1a: Kyurem|Blizzard|p2a: Kyurem
|-damage|p2a: Kyurem|0 fnt
|faint|p2a: Kyurem
|
|upkeep
|
|t:|1779829440
|switch|p2a: Corviknight|Corviknight, F|100/100
|-ability|p2a: Corviknight|Pressure
|turn|27
|
|t:|1779829452
|switch|p1a: Slowking|Slowking-Galar, M|69/100
|move|p2a: Corviknight|Brave Bird|p1a: Slowking
|-damage|p1a: Slowking|31/100
|-damage|p2a: Corviknight|88/100|[from] Recoil
|
|upkeep
|turn|28
|
|t:|1779829464
|switch|p1a: Rotom|Rotom-Wash|6/100 brn
|move|p2a: Corviknight|Brave Bird|p1a: Rotom
|-resisted|p1a: Rotom
|-damage|p1a: Rotom|0 fnt
|faint|p1a: Rotom
|-damage|p2a: Corviknight|86/100|[from] Recoil
|
|upkeep
|
|t:|1779829473
|switch|p1a: Slowking|Slowking-Galar, M|64/100
|turn|29
|
|t:|1779829480
|move|p2a: Corviknight|Roost|p2a: Corviknight
|-heal|p2a: Corviknight|100/100
|-singleturn|p2a: Corviknight|move: Roost
|-prepare|p1a: Slowking|Chilly Reception|[premajor]
|move|p1a: Slowking|Chilly Reception|p1a: Slowking
|-weather|Snowscape
|
|t:|1779829488
|switch|p1a: Kyurem|Kyurem, tera:Ice|100/100|[from] Chilly Reception
|-ability|p1a: Kyurem|Pressure
|
|-weather|Snowscape|[upkeep]
|upkeep
|turn|30
|
|t:|1779829497
|move|p1a: Kyurem|Blizzard|p2a: Corviknight
|-damage|p2a: Corviknight|20/100
|move|p2a: Corviknight|U-turn|p1a: Kyurem
|-damage|p1a: Kyurem|91/100
|
|t:|1779829507
|switch|p2a: Slowking|Slowking-Galar, M|76/100|[from] U-turn
|
|-weather|Snowscape|[upkeep]
|upkeep
|turn|31
|
|t:|1779829520
|switch|p1a: Slowking|Slowking-Galar, M|97/100
|-prepare|p2a: Slowking|Chilly Reception|[premajor]
|move|p2a: Slowking|Chilly Reception|p2a: Slowking
|
|t:|1779829526
|switch|p2a: Corviknight|Corviknight, F|20/100|[from] Chilly Reception
|-ability|p2a: Corviknight|Pressure
|
|-weather|Snowscape|[upkeep]
|upkeep
|turn|32
|
|t:|1779829532
|move|p2a: Corviknight|Roost|p2a: Corviknight
|-heal|p2a: Corviknight|70/100
|-singleturn|p2a: Corviknight|move: Roost
|move|p1a: Slowking|Future Sight|p2a: Corviknight
|-start|p1a: Slowking|move: Future Sight
|
|-weather|Snowscape|[upkeep]
|upkeep
|turn|33
|
|t:|1779829541
|move|p2a: Corviknight|Roost|p2a: Corviknight
|-heal|p2a: Corviknight|100/100
|-singleturn|p2a: Corviknight|move: Roost
|move|p1a: Slowking|Thunder Wave|p2a: Corviknight
|-status|p2a: Corviknight|par
|
|-weather|none
|upkeep
|turn|34
|
|t:|1779829559
|move|p2a: Corviknight|Brave Bird|p1a: Slowking
|-damage|p1a: Slowking|60/100
|-damage|p2a: Corviknight|88/100 par|[from] Recoil
|move|p1a: Slowking|Future Sight||[still]
|-fail|p1a: Slowking
|
|-end|p2a: Corviknight|move: Future Sight
|-resisted|p2a: Corviknight
|-damage|p2a: Corviknight|68/100 par
|upkeep
|turn|35
|
|t:|1779829567
|move|p2a: Corviknight|U-turn|p1a: Slowking
|-damage|p1a: Slowking|46/100
|
|t:|1779829574
|switch|p2a: Slowking|Slowking-Galar, M|100/100|[from] U-turn
|move|p1a: Slowking|Future Sight|p2a: Slowking
|-start|p1a: Slowking|move: Future Sight
|
|upkeep
|turn|36
|
|t:|1779829588
|move|p2a: Slowking|Sludge Bomb|p1a: Slowking
|-resisted|p1a: Slowking
|-damage|p1a: Slowking|36/100
|-prepare|p1a: Slowking|Chilly Reception|[premajor]
|move|p1a: Slowking|Chilly Reception|p1a: Slowking
|-weather|Snowscape
|
|t:|1779829592
|switch|p1a: Meowscarada|Meowscarada, F|100/100|[from] Chilly Reception
|
|-weather|Snowscape|[upkeep]
|upkeep
|turn|37
|
|t:|1779829599
|move|p1a: Meowscarada|Knock Off|p2a: Slowking
|-start|p1a: Meowscarada|typechange|Dark|[from] ability: Protean
|-supereffective|p2a: Slowking
|-damage|p2a: Slowking|39/100
|-enditem|p2a: Slowking|Shuca Berry|[from] move: Knock Off|[of] p1a: Meowscarada
|move|p2a: Slowking|Sludge Bomb|p1a: Meowscarada
|-damage|p1a: Meowscarada|50/100
|
|-weather|Snowscape|[upkeep]
|-end|p2a: Slowking|move: Future Sight
|-damage|p2a: Slowking|1/100
|upkeep
|turn|38
|
|t:|1779829610
|switch|p2a: Corviknight|Corviknight, F|68/100 par
|-ability|p2a: Corviknight|Pressure
|move|p1a: Meowscarada|Knock Off|p2a: Corviknight
|-damage|p2a: Corviknight|42/100 par
|-damage|p1a: Meowscarada|34/100|[from] item: Rocky Helmet|[of] p2a: Corviknight
|-enditem|p2a: Corviknight|Rocky Helmet|[from] move: Knock Off|[of] p1a: Meowscarada
|
|-weather|Snowscape|[upkeep]
|upkeep
|turn|39
|
|t:|1779829622
|move|p1a: Meowscarada|Knock Off|p2a: Corviknight
|-damage|p2a: Corviknight|23/100 par
|move|p2a: Corviknight|Roost|p2a: Corviknight
|-heal|p2a: Corviknight|73/100 par
|-singleturn|p2a: Corviknight|move: Roost
|
|-weather|Snowscape|[upkeep]
|upkeep
|turn|40
|
|t:|1779829631
|switch|p1a: Slowking|Slowking-Galar, M|69/100
|move|p2a: Corviknight|Roost|p2a: Corviknight
|-heal|p2a: Corviknight|100/100 par
|-singleturn|p2a: Corviknight|move: Roost
|
|-weather|none
|upkeep
|turn|41
|
|t:|1779829644
|move|p2a: Corviknight|U-turn|p1a: Slowking
|-damage|p1a: Slowking|55/100
|
|t:|1779829651
|switch|p2a: Slowking|Slowking-Galar, M|34/100|[from] U-turn
|move|p1a: Slowking|Future Sight|p2a: Slowking
|-start|p1a: Slowking|move: Future Sight
|
|upkeep
|turn|42
|
|t:|1779829664
|-prepare|p2a: Slowking|Chilly Reception|[premajor]
|move|p2a: Slowking|Chilly Reception|p2a: Slowking
|-weather|Snowscape
|
|t:|1779829672
|switch|p2a: Corviknight|Corviknight, F|100/100 par|[from] Chilly Reception
|-ability|p2a: Corviknight|Pressure
|-prepare|p1a: Slowking|Chilly Reception|[premajor]
|move|p1a: Slowking|Chilly Reception|p1a: Slowking
|
|t:|1779829677
|switch|p1a: Kyurem|Kyurem, tera:Ice|91/100|[from] Chilly Reception
|-ability|p1a: Kyurem|Pressure
|
|-weather|Snowscape|[upkeep]
|upkeep
|turn|43
|
|t:|1779829686
|move|p1a: Kyurem|Freeze-Dry|p2a: Corviknight
|-crit|p2a: Corviknight
|-damage|p2a: Corviknight|34/100 par
|move|p2a: Corviknight|U-turn|p1a: Kyurem
|-damage|p1a: Kyurem|82/100
|
|t:|1779829693
|switch|p2a: Slowking|Slowking-Galar, M|68/100|[from] U-turn
|
|-weather|Snowscape|[upkeep]
|-end|p2a: Slowking|move: Future Sight
|-damage|p2a: Slowking|29/100
|upkeep
|turn|44
|
|t:|1779829703
|switch|p2a: Corviknight|Corviknight, F|34/100 par
|-ability|p2a: Corviknight|Pressure
|move|p1a: Kyurem|Freeze-Dry|p2a: Corviknight
|-damage|p2a: Corviknight|0 fnt
|faint|p2a: Corviknight
|
|-weather|Snowscape|[upkeep]
|upkeep
|
|t:|1779829710
|switch|p2a: Slowking|Slowking-Galar, M|63/100
|turn|45
|j| Makatuk
|c| Makatuk|Dang. Thought the bot owner could be in here
|inactive|killer07 has 120 seconds left.
|c| Makatuk|Dudes not even watching its battles
|
|t:|1779829745
|move|p1a: Kyurem|Freeze-Dry|p2a: Slowking
|-damage|p2a: Slowking|25/100
|-prepare|p2a: Slowking|Chilly Reception|[premajor]
|move|p2a: Slowking|Chilly Reception||[still]
|-fail|p2a: Slowking
|
|-weather|Snowscape|[upkeep]
|upkeep
|turn|46
|
|t:|1779829754
|move|p1a: Kyurem|Freeze-Dry|p2a: Slowking
|-damage|p2a: Slowking|0 fnt
|faint|p2a: Slowking
|
|win|killer07
|raw|killer07's rating: 1268 &rarr; <strong>1289</strong><br />(+21 for winning)
|raw|claudechamp's rating: 1207 &rarr; <strong>1186</strong><br />(-21 for losing)
|c|☆claudechamp|gg
|l|☆killer07
|player|p1|
