|j|☆trndstta
|j|☆waha8
|t:|1779871432
|gametype|singles
|player|p1|trndstta|170|1417
|player|p2|waha8|169|1371
|gen|9
|tier|[Gen 9] OU
|rated|
|rule|HP Percentage Mod: HP is shown in percentages
|rule|Endless Battle Clause: Forcing endless battles is banned
|rule|Species Clause: Limit one of each Pokémon
|rule|OHKO Clause: OHKO moves are banned
|rule|Evasion Items Clause: Evasion items are banned
|rule|Evasion Moves Clause: Evasion moves are banned
|rule|Evasion Abilities Clause: Evasion abilities are banned
|rule|Sleep Moves Clause: Sleep-inducing moves are banned
|clearpoke
|poke|p1|Moltres-Galar|
|poke|p1|Gholdengo|
|poke|p1|Samurott-Hisui, F|
|poke|p1|Smeargle, F|
|poke|p1|Zamazenta-*|
|poke|p1|Deoxys-Speed|
|poke|p2|Typhlosion-Hisui, F|
|poke|p2|Torkoal, M|
|poke|p2|Indeedee, M|
|poke|p2|Ribombee, F|
|poke|p2|Blaziken, M|
|poke|p2|Dragalge, M|
|teampreview
|
|t:|1779871443
|teamsize|p1|6
|teamsize|p2|6
|start
|switch|p1a: Deoxys|Deoxys-Speed|100/100
|switch|p2a: Mavis|Ribombee, F|100/100
|-ability|p1a: Deoxys|Pressure
|turn|1
|
|t:|1779871449
|move|p2a: Mavis|Sticky Web|p1a: Deoxys
|-sidestart|p1: trndstta|move: Sticky Web
|move|p1a: Deoxys|Taunt|p2a: Mavis
|-start|p2a: Mavis|move: Taunt
|
|upkeep
|turn|2
|
|t:|1779871457
|switch|p2a: Torkoal|Torkoal, M|100/100
|-weather|SunnyDay|[from] ability: Drought|[of] p2a: Torkoal
|move|p1a: Deoxys|Light Screen|p1a: Deoxys
|-sidestart|p1: trndstta|move: Light Screen
|
|-weather|SunnyDay|[upkeep]
|upkeep
|turn|3
|
|t:|1779871463
|move|p1a: Deoxys|Reflect|p1a: Deoxys
|-sidestart|p1: trndstta|Reflect
|move|p2a: Torkoal|Lava Plume|p1a: Deoxys
|-damage|p1a: Deoxys|68/100
|
|-weather|SunnyDay|[upkeep]
|upkeep
|turn|4
|
|t:|1779871468
|switch|p1a: Samurott|Samurott-Hisui, F|100/100
|-activate|p1a: Samurott|move: Sticky Web
|-unboost|p1a: Samurott|spe|1
|move|p2a: Torkoal|Lava Plume|p1a: Samurott
|-resisted|p1a: Samurott
|-damage|p1a: Samurott|80/100
|
|-weather|SunnyDay|[upkeep]
|upkeep
|turn|5
|
|t:|1779871475
|move|p1a: Samurott|Ceaseless Edge|p2a: Torkoal
|-damage|p2a: Torkoal|70/100
|-sidestart|p2: waha8|Spikes
|move|p2a: Torkoal|Lava Plume|p1a: Samurott
|-resisted|p1a: Samurott
|-damage|p1a: Samurott|59/100
|
|-weather|SunnyDay|[upkeep]
|upkeep
|turn|6
|
|t:|1779871483
|move|p1a: Samurott|Ceaseless Edge|p2a: Torkoal
|-damage|p2a: Torkoal|39/100
|-sidestart|p2: waha8|Spikes
|move|p2a: Torkoal|Lava Plume|p1a: Samurott
|-resisted|p1a: Samurott
|-damage|p1a: Samurott|41/100
|
|-weather|SunnyDay|[upkeep]
|upkeep
|turn|7
|
|t:|1779871491
|move|p1a: Samurott|Razor Shell|p2a: Torkoal
|-supereffective|p2a: Torkoal
|-damage|p2a: Torkoal|4/100
|-unboost|p2a: Torkoal|def|1
|move|p2a: Torkoal|Rapid Spin|p1a: Samurott
|-damage|p1a: Samurott|34/100
|-boost|p2a: Torkoal|spe|1
|-sideend|p2: waha8|Spikes|[from] move: Rapid Spin|[of] p2a: Torkoal
|
|-weather|SunnyDay|[upkeep]
|upkeep
|turn|8
|
|t:|1779871500
|move|p1a: Samurott|Ceaseless Edge|p2a: Torkoal
|-damage|p2a: Torkoal|0 fnt
|-sidestart|p2: waha8|Spikes
|faint|p2a: Torkoal
|
|-weather|SunnyDay|[upkeep]
|upkeep
|
|t:|1779871509
|switch|p2a: Mavis|Ribombee, F|100/100
|-damage|p2a: Mavis|88/100|[from] Spikes
|turn|9
|
|t:|1779871515
|move|p2a: Mavis|Moonblast|p1a: Samurott
|-supereffective|p1a: Samurott
|-damage|p1a: Samurott|0 fnt
|faint|p1a: Samurott
|
|-weather|none
|-sideend|p1: trndstta|move: Light Screen
|upkeep
|
|t:|1779871524
|switch|p1a: Gholdengo|Gholdengo|100/100
|-activate|p1a: Gholdengo|move: Sticky Web
|-unboost|p1a: Gholdengo|spe|1
|turn|10
|
|t:|1779871539
|switch|p2a: Dragalge|Dragalge, M|100/100
|-damage|p2a: Dragalge|88/100|[from] Spikes
|move|p1a: Gholdengo|Shadow Ball|p2a: Dragalge
|-damage|p2a: Dragalge|65/100
|
|-sideend|p1: trndstta|Reflect
|upkeep
|turn|11
|
|t:|1779871548
|move|p1a: Gholdengo|Shadow Ball|p2a: Dragalge
|-crit|p2a: Dragalge
|-damage|p2a: Dragalge|28/100
|move|p2a: Dragalge|Flip Turn|p1a: Gholdengo
|-damage|p1a: Gholdengo|89/100
|
|t:|1779871554
|switch|p2a: DeeDee|Indeedee, M|100/100|[from] Flip Turn
|-damage|p2a: DeeDee|88/100|[from] Spikes
|-fieldstart|move: Psychic Terrain|[from] ability: Psychic Surge|[of] p2a: DeeDee
|
|upkeep
|turn|12
|
|t:|1779871562
|switch|p1a: Smeargle|Smeargle, F|100/100
|-activate|p1a: Smeargle|move: Sticky Web
|-unboost|p1a: Smeargle|spe|1
|move|p2a: DeeDee|Dazzling Gleam|p1a: Smeargle
|-damage|p1a: Smeargle|56/100
|
|upkeep
|turn|13
|
|t:|1779871582
|move|p2a: DeeDee|Expanding Force|p1a: Smeargle
|-damage|p1a: Smeargle|0 fnt
|faint|p1a: Smeargle
|
|upkeep
|
|t:|1779871585
|switch|p1a: Deoxys|Deoxys-Speed|68/100
|-activate|p1a: Deoxys|move: Sticky Web
|-unboost|p1a: Deoxys|spe|1
|-ability|p1a: Deoxys|Pressure
|turn|14
|
|t:|1779871591
|move|p1a: Deoxys|Light Screen|p1a: Deoxys
|-sidestart|p1: trndstta|move: Light Screen
|move|p2a: DeeDee|Dazzling Gleam|p1a: Deoxys
|-damage|p1a: Deoxys|54/100
|
|upkeep
|turn|15
|
|t:|1779871596
|move|p1a: Deoxys|Reflect|p1a: Deoxys
|-sidestart|p1: trndstta|Reflect
|move|p2a: DeeDee|Encore|p1a: Deoxys
|-start|p1a: Deoxys|Encore
|
|upkeep
|turn|16
|
|t:|1779871601
|switch|p1a: Zamazenta|Zamazenta|100/100
|-activate|p1a: Zamazenta|move: Sticky Web
|-unboost|p1a: Zamazenta|spe|1
|-ability|p1a: Zamazenta|Dauntless Shield|boost
|-boost|p1a: Zamazenta|def|1
|switch|p2a: Mavis|Ribombee, F|88/100
|-damage|p2a: Mavis|76/100|[from] Spikes
|
|upkeep
|turn|17
|
|t:|1779871606
|move|p2a: Mavis|Trick|p1a: Zamazenta
|-activate|p2a: Mavis|move: Trick|[of] p1a: Zamazenta
|-item|p1a: Zamazenta|Choice Scarf|[from] move: Trick
|-item|p2a: Mavis|Leftovers|[from] move: Trick
|move|p1a: Zamazenta|Iron Defense|p1a: Zamazenta
|-boost|p1a: Zamazenta|def|2
|
|-heal|p2a: Mavis|82/100|[from] item: Leftovers
|upkeep
|turn|18
|
|t:|1779871618
|switch|p1a: Moltres|Moltres-Galar|100/100
|switch|p2a: Ken|Blaziken, M|100/100
|-damage|p2a: Ken|88/100|[from] Spikes
|
|-fieldend|move: Psychic Terrain
|upkeep
|turn|19
|
|t:|1779871625
|move|p1a: Moltres|Agility|p1a: Moltres
|-boost|p1a: Moltres|spe|2
|move|p2a: Ken|Focus Energy|p2a: Ken
|-start|p2a: Ken|move: Focus Energy
|
|-ability|p2a: Ken|Speed Boost|boost
|-boost|p2a: Ken|spe|1
|upkeep
|turn|20
|
|t:|1779871633
|-terastallize|p2a: Ken|Fire
|move|p1a: Moltres|Hurricane|p2a: Ken
|-damage|p2a: Ken|0 fnt
|faint|p2a: Ken
|
|upkeep
|-message|waha8 forfeited.
|
|win|trndstta
|raw|trndstta's rating: 1417 &rarr; <strong>1434</strong><br />(+17 for winning)
|raw|waha8's rating: 1371 &rarr; <strong>1354</strong><br />(-17 for losing)
|l|☆waha8
|player|p2|
|l|☆trndstta
|player|p1|
