|j|☆stallkiller393
|j|☆Drifter2k
|t:|1779823449
|gametype|singles
|player|p1|stallkiller393|1|1099
|player|p2|Drifter2k|benga|1128
|gen|9
|tier|[Gen 9] OU
|rated|
|rule|HP Percentage Mod: HP is shown in percentages
|rule|Endless Battle Clause: Forcing endless battles is banned
|rule|Species Clause: Limit one of each Pokémon
|rule|OHKO Clause: OHKO moves are banned
|rule|Evasion Items Clause: Evasion items are banned
|rule|Evasion Moves Clause: Evasion moves are banned
|rule|Evasion Abilities Clause: Evasion abilities are banned
|rule|Sleep Moves Clause: Sleep-inducing moves are banned
|clearpoke
|poke|p1|Latios, M|
|poke|p1|Okidogi, M|
|poke|p1|Ursaring, M|
|poke|p1|Galvantula, M|
|poke|p1|Gogoat, M|
|poke|p1|Slowking-Galar, M|
|poke|p2|Iron Valiant|
|poke|p2|Feraligatr, M|
|poke|p2|Ogerpon, F|
|poke|p2|Ribombee, M|
|poke|p2|Corviknight, F|
|poke|p2|Tornadus-Therian, M|
|teampreview
|inactive|Battle timer is ON: inactive players will automatically lose when time's up. (requested by Drifter2k)
|
|t:|1779823487
|teamsize|p1|6
|teamsize|p2|6
|start
|switch|p1a: Galvantula|Galvantula, M|100/100
|switch|p2a: Ribombee|Ribombee, M|100/100
|turn|1
|
|t:|1779823495
|move|p2a: Ribombee|Quiver Dance|p2a: Ribombee
|-boost|p2a: Ribombee|spa|1
|-boost|p2a: Ribombee|spd|1
|-boost|p2a: Ribombee|spe|1
|move|p1a: Galvantula|Sticky Web|p2a: Ribombee
|-sidestart|p2: Drifter2k|move: Sticky Web
|
|upkeep
|turn|2
|
|t:|1779823502
|move|p2a: Ribombee|Moonblast|p1a: Galvantula
|-enditem|p1a: Galvantula|Focus Sash
|-damage|p1a: Galvantula|1/100
|move|p1a: Galvantula|Thunder|p2a: Ribombee
|-damage|p2a: Ribombee|50/100
|
|upkeep
|turn|3
|
|t:|1779823511
|move|p2a: Ribombee|Moonblast|p1a: Galvantula
|-damage|p1a: Galvantula|0 fnt
|faint|p1a: Galvantula
|
|upkeep
|
|t:|1779823522
|switch|p1a: Okidogi|Okidogi, M|100/100
|turn|4
|
|t:|1779823528
|move|p2a: Ribombee|Sticky Web|p1a: Okidogi
|-sidestart|p1: stallkiller393|move: Sticky Web
|move|p1a: Okidogi|Gunk Shot|p2a: Ribombee|[miss]
|-miss|p1a: Okidogi|p2a: Ribombee
|
|upkeep
|turn|5
|
|t:|1779823534
|move|p2a: Ribombee|Tailwind|p2a: Ribombee
|-sidestart|p2: Drifter2k|move: Tailwind
|move|p1a: Okidogi|Gunk Shot|p2a: Ribombee
|-supereffective|p2a: Ribombee
|-crit|p2a: Ribombee
|-damage|p2a: Ribombee|0 fnt
|faint|p2a: Ribombee
|
|upkeep
|
|t:|1779823541
|switch|p2a: Tornadus|Tornadus-Therian, M|100/100
|turn|6
|
|t:|1779823559
|-terastallize|p1a: Okidogi|Poison
|move|p2a: Tornadus|Bleakwind Storm|p1a: Okidogi
|-damage|p1a: Okidogi|55/100
|move|p1a: Okidogi|Gunk Shot|p2a: Tornadus
|-damage|p2a: Tornadus|0 fnt
|faint|p2a: Tornadus
|
|upkeep
|
|t:|1779823568
|switch|p2a: Corviknight|Corviknight, F|100/100
|turn|7
|
|t:|1779823585
|move|p2a: Corviknight|Brave Bird|p1a: Okidogi
|-damage|p1a: Okidogi|23/100
|-damage|p2a: Corviknight|90/100|[from] Recoil
|move|p1a: Okidogi|Drain Punch|p2a: Corviknight
|-damage|p2a: Corviknight|62/100
|-heal|p1a: Okidogi|38/100|[from] drain|[of] p2a: Corviknight
|-damage|p1a: Okidogi|21/100|[from] item: Rocky Helmet|[of] p2a: Corviknight
|
|upkeep
|turn|8
|
|t:|1779823599
|switch|p1a: Slowking|Slowking-Galar, M|100/100
|-activate|p1a: Slowking|move: Sticky Web
|-unboost|p1a: Slowking|spe|1
|move|p2a: Corviknight|Brave Bird|p1a: Slowking
|-damage|p1a: Slowking|60/100
|-damage|p2a: Corviknight|46/100|[from] item: Rocky Helmet|[of] p1a: Slowking
|-damage|p2a: Corviknight|33/100|[from] Recoil
|
|-sideend|p2: Drifter2k|move: Tailwind
|upkeep
|turn|9
|
|t:|1779823606
|move|p2a: Corviknight|Roost|p2a: Corviknight
|-heal|p2a: Corviknight|83/100
|-singleturn|p2a: Corviknight|move: Roost
|-prepare|p1a: Slowking|Chilly Reception|[premajor]
|move|p1a: Slowking|Chilly Reception|p1a: Slowking
|-weather|Snowscape
|
|t:|1779823617
|switch|p1a: Latios|Latios, M|100/100|[from] Chilly Reception
|
|-weather|Snowscape|[upkeep]
|upkeep
|turn|10
|
|t:|1779823623
|move|p1a: Latios|Thunderbolt|p2a: Corviknight
|-supereffective|p2a: Corviknight
|-damage|p2a: Corviknight|0 fnt
|faint|p2a: Corviknight
|
|-weather|Snowscape|[upkeep]
|upkeep
|
|t:|1779823628
|switch|p2a: Iron Valiant|Iron Valiant, shiny|100/100
|-activate|p2a: Iron Valiant|move: Sticky Web
|-unboost|p2a: Iron Valiant|spe|1
|-enditem|p2a: Iron Valiant|Booster Energy
|-activate|p2a: Iron Valiant|ability: Quark Drive|[fromitem]
|-start|p2a: Iron Valiant|quarkdrivespa
|turn|11
|
|t:|1779823651
|switch|p1a: Okidogi|Okidogi, M, tera:Poison|21/100
|-activate|p1a: Okidogi|move: Sticky Web
|-unboost|p1a: Okidogi|spe|1
|move|p2a: Iron Valiant|Calm Mind|p2a: Iron Valiant
|-boost|p2a: Iron Valiant|spa|1
|-boost|p2a: Iron Valiant|spd|1
|
|-weather|Snowscape|[upkeep]
|upkeep
|turn|12
|
|t:|1779823661
|move|p2a: Iron Valiant|Psychic|p1a: Okidogi
|-supereffective|p1a: Okidogi
|-damage|p1a: Okidogi|0 fnt
|faint|p1a: Okidogi
|
|-weather|Snowscape|[upkeep]
|upkeep
|
|t:|1779823665
|switch|p1a: Latios|Latios, M|100/100
|turn|13
|
|t:|1779823672
|-terastallize|p2a: Iron Valiant|Fairy
|move|p1a: Latios|Psyshock|p2a: Iron Valiant
|-damage|p2a: Iron Valiant|24/100
|move|p2a: Iron Valiant|Moonblast|p1a: Latios
|-supereffective|p1a: Latios
|-damage|p1a: Latios|0 fnt
|faint|p1a: Latios
|
|-weather|none
|upkeep
|
|t:|1779823682
|switch|p1a: Slowking|Slowking-Galar, M|93/100
|-activate|p1a: Slowking|move: Sticky Web
|-unboost|p1a: Slowking|spe|1
|turn|14
|
|t:|1779823688
|move|p2a: Iron Valiant|Moonblast|p1a: Slowking
|-resisted|p1a: Slowking
|-damage|p1a: Slowking|44/100
|move|p1a: Slowking|Sludge Bomb|p2a: Iron Valiant
|-supereffective|p2a: Iron Valiant
|-damage|p2a: Iron Valiant|0 fnt
|faint|p2a: Iron Valiant
|-end|p2a: Iron Valiant|Quark Drive|[silent]
|
|upkeep
|
|t:|1779823694
|switch|p2a: Feraligatr|Feraligatr, M|100/100
|-activate|p2a: Feraligatr|move: Sticky Web
|-unboost|p2a: Feraligatr|spe|1
|turn|15
|
|t:|1779823698
|move|p2a: Feraligatr|Dragon Dance|p2a: Feraligatr
|-boost|p2a: Feraligatr|atk|1
|-boost|p2a: Feraligatr|spe|1
|move|p1a: Slowking|Future Sight|p2a: Feraligatr
|-start|p1a: Slowking|move: Future Sight
|
|upkeep
|turn|16
|
|t:|1779823703
|switch|p1a: Gogoat|Gogoat, M|100/100
|-activate|p1a: Gogoat|move: Sticky Web
|-unboost|p1a: Gogoat|spe|1
|move|p2a: Feraligatr|Earthquake|p1a: Gogoat
|-resisted|p1a: Gogoat
|-damage|p1a: Gogoat|65/100
|-damage|p2a: Feraligatr|91/100|[from] item: Life Orb
|
|-heal|p1a: Gogoat|71/100|[from] item: Leftovers
|upkeep
|turn|17
|
|t:|1779823715
|move|p2a: Feraligatr|Ice Punch|p1a: Gogoat
|-supereffective|p1a: Gogoat
|-damage|p1a: Gogoat|0 fnt
|faint|p1a: Gogoat
|
|-end|p2a: Feraligatr|move: Future Sight
|-damage|p2a: Feraligatr|8/100
|upkeep
|
|t:|1779823736
|switch|p1a: Slowking|Slowking-Galar, M|78/100
|-activate|p1a: Slowking|move: Sticky Web
|-unboost|p1a: Slowking|spe|1
|turn|18
|
|t:|1779823745
|move|p2a: Feraligatr|Earthquake|p1a: Slowking
|-supereffective|p1a: Slowking
|-damage|p1a: Slowking|0 fnt
|faint|p1a: Slowking
|-damage|p2a: Feraligatr|0 fnt|[from] item: Life Orb
|faint|p2a: Feraligatr
|
|upkeep
|
|t:|1779823759
|switch|p2a: Ogerpon|Ogerpon, F|100/100
|switch|p1a: Ursaring|Ursaring, M|100/100
|-activate|p2a: Ogerpon|move: Sticky Web
|-unboost|p2a: Ogerpon|spe|1
|-ability|p2a: Ogerpon|Defiant|boost
|-boost|p2a: Ogerpon|atk|2
|-activate|p1a: Ursaring|move: Sticky Web
|-unboost|p1a: Ursaring|spe|1
|turn|19
|c|☆stallkiller393|gg
|
|t:|1779823768
|move|p2a: Ogerpon|Ivy Cudgel|p1a: Ursaring
|-damage|p1a: Ursaring|0 fnt
|faint|p1a: Ursaring
|
|win|Drifter2k
|raw|stallkiller393's rating: 1099 &rarr; <strong>1076</strong><br />(-23 for losing)
|raw|Drifter2k's rating: 1128 &rarr; <strong>1151</strong><br />(+23 for winning)
|l|☆stallkiller393
|player|p1|
|l|☆Drifter2k
|player|p2|
