|j|☆th3r3d33m3r
|j|☆ballred
|t:|1779917749
|gametype|singles
|player|p1|th3r3d33m3r|clerkf|1481
|player|p2|ballred|hoopster|1534
|gen|9
|tier|[Gen 9] OU
|rated|
|rule|HP Percentage Mod: HP is shown in percentages
|rule|Endless Battle Clause: Forcing endless battles is banned
|rule|Species Clause: Limit one of each Pokémon
|rule|OHKO Clause: OHKO moves are banned
|rule|Evasion Items Clause: Evasion items are banned
|rule|Evasion Moves Clause: Evasion moves are banned
|rule|Evasion Abilities Clause: Evasion abilities are banned
|rule|Sleep Moves Clause: Sleep-inducing moves are banned
|clearpoke
|poke|p1|Hoopa-Unbound|
|poke|p1|Zapdos|
|poke|p1|Clefable, M|
|poke|p1|Iron Treads|
|poke|p1|Zamazenta-*|
|poke|p1|Primarina, M|
|poke|p2|Metagross|
|poke|p2|Cinderace, F|
|poke|p2|Hydrapple, F|
|poke|p2|Landorus-Therian, M|
|poke|p2|Raging Bolt|
|poke|p2|Alomomola, F|
|teampreview
|
|t:|1779917762
|teamsize|p1|6
|teamsize|p2|6
|start
|switch|p1a: Hoopa|Hoopa-Unbound|100/100
|switch|p2a: Feisimo|Landorus-Therian, M|100/100
|-ability|p2a: Feisimo|Intimidate|boost
|-unboost|p1a: Hoopa|atk|1
|turn|1
|
|t:|1779917776
|switch|p1a: Zapdos|Zapdos|100/100
|move|p2a: Feisimo|U-turn|p1a: Zapdos
|-resisted|p1a: Zapdos
|-damage|p1a: Zapdos|92/100
|
|t:|1779917779
|switch|p2a: Chernobyl|Raging Bolt|100/100|[from] U-turn
|
|upkeep
|turn|2
|
|t:|1779917782
|move|p1a: Zapdos|U-turn|p2a: Chernobyl
|-crit|p2a: Chernobyl
|-damage|p2a: Chernobyl|83/100
|
|t:|1779917784
|switch|p1a: Iron Treads|Iron Treads|100/100|[from] U-turn
|move|p2a: Chernobyl|Draco Meteor|p1a: Iron Treads
|-resisted|p1a: Iron Treads
|-damage|p1a: Iron Treads|31/100
|-unboost|p2a: Chernobyl|spa|2
|
|-heal|p1a: Iron Treads|37/100|[from] item: Leftovers
|upkeep
|turn|3
|
|t:|1779917789
|-end|p2a: Chernobyl|Protosynthesis|[silent]
|switch|p2a: Bubba|Alomomola, F|100/100
|move|p1a: Iron Treads|Stealth Rock|p2a: Bubba
|-sidestart|p2: ballred|move: Stealth Rock
|
|-heal|p1a: Iron Treads|43/100|[from] item: Leftovers
|upkeep
|turn|4
|
|t:|1779917798
|-end|p1a: Iron Treads|Quark Drive|[silent]
|switch|p1a: Zapdos|Zapdos|92/100
|move|p2a: Bubba|Flip Turn|p1a: Zapdos
|-damage|p1a: Zapdos|81/100
|
|t:|1779917801
|switch|p2a: Chucharito|Cinderace, F, shiny|100/100|[from] Flip Turn
|
|upkeep
|turn|5
|
|t:|1779917807
|move|p2a: Chucharito|Pyro Ball|p1a: Zapdos
|-damage|p1a: Zapdos|40/100
|move|p1a: Zapdos|Discharge|p2a: Chucharito
|-damage|p2a: Chucharito|55/100
|
|upkeep
|turn|6
|
|t:|1779917812
|switch|p1a: Primarina|Primarina, M|100/100
|move|p2a: Chucharito|Pyro Ball|p1a: Primarina
|-resisted|p1a: Primarina
|-damage|p1a: Primarina|62/100
|
|upkeep
|turn|7
|
|t:|1779917816
|move|p2a: Chucharito|Court Change|p2a: Chucharito
|-start|p2a: Chucharito|typechange|Normal|[from] ability: Libero
|-swapsideconditions
|-activate|p2a: Chucharito|move: Court Change
|move|p1a: Primarina|Flip Turn|p2a: Chucharito
|-damage|p2a: Chucharito|33/100
|
|t:|1779917822
|switch|p1a: Zamazenta|Zamazenta|100/100|[from] Flip Turn
|-damage|p1a: Zamazenta|94/100|[from] Stealth Rock
|-ability|p1a: Zamazenta|Dauntless Shield|boost
|-boost|p1a: Zamazenta|def|1
|
|-heal|p1a: Zamazenta|100/100|[from] item: Leftovers
|upkeep
|turn|8
|inactive|Battle timer is ON: inactive players will automatically lose when time's up. (requested by th3r3d33m3r)
|
|t:|1779917845
|switch|p1a: Zapdos|Zapdos|40/100
|switch|p2a: Bubba|Alomomola, F|100/100
|
|upkeep
|turn|9
|
|t:|1779917847
|move|p1a: Zapdos|Roost|p1a: Zapdos
|-heal|p1a: Zapdos|91/100
|-singleturn|p1a: Zapdos|move: Roost
|move|p2a: Bubba|Flip Turn|p1a: Zapdos
|-damage|p1a: Zapdos|79/100
|-status|p2a: Bubba|par|[from] ability: Static|[of] p1a: Zapdos
|
|t:|1779917854
|switch|p2a: Chernobyl|Raging Bolt|83/100|[from] Flip Turn
|
|upkeep
|turn|10
|
|t:|1779917858
|switch|p1a: Primarina|Primarina, M|62/100
|-damage|p1a: Primarina|50/100|[from] Stealth Rock
|move|p2a: Chernobyl|Volt Switch|p1a: Primarina
|-supereffective|p1a: Primarina
|-damage|p1a: Primarina|0 fnt
|faint|p1a: Primarina
|
|t:|1779917865
|-end|p2a: Chernobyl|Protosynthesis|[silent]
|switch|p2a: Applecrisp|Hydrapple, F|100/100|[from] Volt Switch
|
|upkeep
|
|t:|1779917878
|switch|p1a: Hoopa|Hoopa-Unbound|100/100
|-damage|p1a: Hoopa|88/100|[from] Stealth Rock
|turn|11
|
|t:|1779917897
|switch|p2a: Bubba|Alomomola, F|100/100 par
|move|p1a: Hoopa|Gunk Shot|p2a: Bubba
|-damage|p2a: Bubba|60/100 par
|
|upkeep
|turn|12
|
|t:|1779917904
|switch|p1a: Clefable|Clefable, M|100/100
|cant|p2a: Bubba|par
|
|upkeep
|turn|13
|
|t:|1779917908
|move|p1a: Clefable|Knock Off|p2a: Bubba
|-damage|p2a: Bubba|52/100 par
|-enditem|p2a: Bubba|Rocky Helmet|[from] move: Knock Off|[of] p1a: Clefable
|cant|p2a: Bubba|par
|
|upkeep
|turn|14
|
|t:|1779917911
|move|p1a: Clefable|Moonblast|p2a: Bubba
|-damage|p2a: Bubba|11/100 par
|-unboost|p2a: Bubba|spa|1
|move|p2a: Bubba|Flip Turn|p1a: Clefable
|-damage|p1a: Clefable|88/100
|-damage|p2a: Bubba|0 fnt|[from] item: Rocky Helmet|[of] p1a: Clefable
|faint|p2a: Bubba
|
|upkeep
|
|t:|1779917916
|switch|p2a: Professor X|Metagross, shiny|100/100
|turn|15
|
|t:|1779917923
|switch|p1a: Zapdos|Zapdos|79/100
|move|p2a: Professor X|Heavy Slam|p1a: Zapdos
|-resisted|p1a: Zapdos
|-damage|p1a: Zapdos|55/100
|-status|p2a: Professor X|par|[from] ability: Static|[of] p1a: Zapdos
|
|upkeep
|turn|16
|
|t:|1779917948
|move|p1a: Zapdos|U-turn|p2a: Professor X
|-damage|p2a: Professor X|89/100 par
|
|t:|1779917952
|switch|p1a: Clefable|Clefable, M|88/100|[from] U-turn
|move|p2a: Professor X|Knock Off|p1a: Clefable
|-resisted|p1a: Clefable
|-damage|p1a: Clefable|74/100
|-damage|p2a: Professor X|73/100 par|[from] item: Rocky Helmet|[of] p1a: Clefable
|-enditem|p1a: Clefable|Rocky Helmet|[from] move: Knock Off|[of] p2a: Professor X
|
|-heal|p2a: Professor X|79/100 par|[from] item: Leftovers
|upkeep
|turn|17
|
|t:|1779917959
|switch|p1a: Zapdos|Zapdos|55/100
|move|p2a: Professor X|Heavy Slam|p1a: Zapdos
|-resisted|p1a: Zapdos
|-damage|p1a: Zapdos|29/100
|
|-heal|p2a: Professor X|85/100 par|[from] item: Leftovers
|upkeep
|turn|18
|
|t:|1779917961
|move|p1a: Zapdos|Roost|p1a: Zapdos
|-heal|p1a: Zapdos|79/100
|-singleturn|p1a: Zapdos|move: Roost
|cant|p2a: Professor X|par
|
|-heal|p2a: Professor X|91/100 par|[from] item: Leftovers
|upkeep
|turn|19
|
|t:|1779917966
|move|p1a: Zapdos|Discharge|p2a: Professor X
|-damage|p2a: Professor X|55/100 par
|move|p2a: Professor X|Psychic Fangs|p1a: Zapdos
|-damage|p1a: Zapdos|45/100
|
|-heal|p2a: Professor X|61/100 par|[from] item: Leftovers
|upkeep
|turn|20
|
|t:|1779917970
|move|p1a: Zapdos|Discharge|p2a: Professor X
|-damage|p2a: Professor X|23/100 par
|move|p2a: Professor X|Knock Off|p1a: Zapdos
|-damage|p1a: Zapdos|20/100
|-enditem|p1a: Zapdos|Heavy-Duty Boots|[from] move: Knock Off|[of] p2a: Professor X
|
|-heal|p2a: Professor X|29/100 par|[from] item: Leftovers
|upkeep
|turn|21
|
|t:|1779917977
|switch|p2a: Applecrisp|Hydrapple, F|100/100
|move|p1a: Zapdos|Roost|p1a: Zapdos
|-heal|p1a: Zapdos|70/100
|-singleturn|p1a: Zapdos|move: Roost
|
|upkeep
|turn|22
|
|t:|1779917979
|move|p1a: Zapdos|Hurricane|p2a: Applecrisp
|-supereffective|p2a: Applecrisp
|-damage|p2a: Applecrisp|42/100
|-start|p2a: Applecrisp|confusion
|-activate|p2a: Applecrisp|confusion
|move|p2a: Applecrisp|Fickle Beam|p1a: Zapdos|[anim] Fickle Beam All Out
|-activate|p2a: Applecrisp|move: Fickle Beam
|-damage|p1a: Zapdos|0 fnt
|faint|p1a: Zapdos
|
|upkeep
|
|t:|1779917984
|switch|p1a: Zamazenta|Zamazenta|100/100
|-damage|p1a: Zamazenta|94/100|[from] Stealth Rock
|turn|23
|
|t:|1779917990
|switch|p1a: Clefable|Clefable, M|74/100
|-activate|p2a: Applecrisp|confusion
|-damage|p2a: Applecrisp|37/100|[from] confusion
|
|upkeep
|turn|24
|
|t:|1779917997
|switch|p2a: Feisimo|Landorus-Therian, M|100/100
|-ability|p2a: Feisimo|Intimidate|boost
|-unboost|p1a: Clefable|atk|1
|move|p1a: Clefable|Knock Off|p2a: Feisimo
|-damage|p2a: Feisimo|89/100
|-enditem|p2a: Feisimo|Leftovers|[from] move: Knock Off|[of] p1a: Clefable
|
|upkeep
|turn|25
|
|t:|1779918003
|move|p2a: Feisimo|Bulk Up|p2a: Feisimo
|-boost|p2a: Feisimo|atk|1
|-boost|p2a: Feisimo|def|1
|move|p1a: Clefable|Moonblast|p2a: Feisimo
|-damage|p2a: Feisimo|49/100
|
|upkeep
|turn|26
|
|t:|1779918005
|move|p2a: Feisimo|Earthquake|p1a: Clefable
|-damage|p1a: Clefable|10/100
|move|p1a: Clefable|Moonblast|p2a: Feisimo
|-damage|p2a: Feisimo|11/100
|-unboost|p2a: Feisimo|spa|1
|
|upkeep
|turn|27
|
|t:|1779918009
|switch|p1a: Zamazenta|Zamazenta|94/100
|-damage|p1a: Zamazenta|88/100|[from] Stealth Rock
|move|p2a: Feisimo|Earthquake|p1a: Zamazenta
|-damage|p1a: Zamazenta|30/100
|
|-heal|p1a: Zamazenta|36/100|[from] item: Leftovers
|upkeep
|turn|28
|
|t:|1779918015
|move|p1a: Zamazenta|Body Press|p2a: Feisimo
|-resisted|p2a: Feisimo
|-damage|p2a: Feisimo|0 fnt
|faint|p2a: Feisimo
|
|-heal|p1a: Zamazenta|42/100|[from] item: Leftovers
|upkeep
|
|t:|1779918018
|switch|p2a: Applecrisp|Hydrapple, F|70/100
|turn|29
|
|t:|1779918025
|switch|p1a: Clefable|Clefable, M|10/100
|move|p2a: Applecrisp|Giga Drain|p1a: Clefable
|-damage|p1a: Clefable|0 fnt
|-heal|p2a: Applecrisp|75/100|[from] drain|[of] p1a: Clefable
|faint|p1a: Clefable
|
|upkeep
|
|t:|1779918027
|switch|p1a: Hoopa|Hoopa-Unbound|88/100
|-damage|p1a: Hoopa|76/100|[from] Stealth Rock
|turn|30
|
|t:|1779918031
|switch|p2a: Professor X|Metagross, shiny|29/100 par
|move|p1a: Hoopa|Knock Off|p2a: Professor X
|-supereffective|p2a: Professor X
|-crit|p2a: Professor X
|-damage|p2a: Professor X|0 fnt
|-enditem|p2a: Professor X|Leftovers|[from] move: Knock Off|[of] p1a: Hoopa
|faint|p2a: Professor X
|
|upkeep
|
|t:|1779918037
|switch|p2a: Chucharito|Cinderace, F, shiny|33/100
|turn|31
|
|t:|1779918040
|-terastallize|p1a: Hoopa|Poison
|move|p2a: Chucharito|Low Kick|p1a: Hoopa
|-start|p2a: Chucharito|typechange|Fighting|[from] ability: Libero
|-resisted|p1a: Hoopa
|-damage|p1a: Hoopa|28/100
|move|p1a: Hoopa|Knock Off|p2a: Chucharito
|-resisted|p2a: Chucharito
|-damage|p2a: Chucharito|0 fnt
|-enditem|p2a: Chucharito|Heavy-Duty Boots|[from] move: Knock Off|[of] p1a: Hoopa
|faint|p2a: Chucharito
|
|upkeep
|
|t:|1779918049
|switch|p2a: Applecrisp|Hydrapple, F|100/100
|turn|32
|
|t:|1779918054
|switch|p1a: Zamazenta|Zamazenta|42/100
|-damage|p1a: Zamazenta|36/100|[from] Stealth Rock
|move|p2a: Applecrisp|Earth Power|p1a: Zamazenta
|-damage|p1a: Zamazenta|11/100
|
|-heal|p1a: Zamazenta|17/100|[from] item: Leftovers
|upkeep
|turn|33
|
|t:|1779918057
|move|p1a: Zamazenta|Body Press|p2a: Applecrisp
|-damage|p2a: Applecrisp|73/100
|move|p2a: Applecrisp|Giga Drain|p1a: Zamazenta
|-damage|p1a: Zamazenta|0 fnt
|-heal|p2a: Applecrisp|81/100|[from] drain|[of] p1a: Zamazenta
|faint|p1a: Zamazenta
|
|upkeep
|
|t:|1779918060
|switch|p1a: Iron Treads|Iron Treads|43/100
|-damage|p1a: Iron Treads|40/100|[from] Stealth Rock
|turn|34
|
|t:|1779918065
|-terastallize|p2a: Applecrisp|Fire
|move|p1a: Iron Treads|Ice Spinner|p2a: Applecrisp
|-resisted|p2a: Applecrisp
|-damage|p2a: Applecrisp|73/100
|move|p2a: Applecrisp|Giga Drain|p1a: Iron Treads
|-damage|p1a: Iron Treads|0 fnt
|-heal|p2a: Applecrisp|92/100|[from] drain|[of] p1a: Iron Treads
|faint|p1a: Iron Treads
|-end|p1a: Iron Treads|Quark Drive|[silent]
|
|upkeep
|
|t:|1779918067
|switch|p1a: Hoopa|Hoopa-Unbound, tera:Poison|28/100
|-damage|p1a: Hoopa|16/100|[from] Stealth Rock
|turn|35
|
|t:|1779918070
|move|p1a: Hoopa|Zen Headbutt|p2a: Applecrisp
|-damage|p2a: Applecrisp|24/100
|cant|p2a: Applecrisp|flinch
|
|upkeep
|turn|36
|
|t:|1779918076
|move|p1a: Hoopa|Zen Headbutt|p2a: Applecrisp
|-damage|p2a: Applecrisp|0 fnt
|faint|p2a: Applecrisp
|
|upkeep
|
|t:|1779918079
|switch|p2a: Chernobyl|Raging Bolt|83/100
|turn|37
|
|t:|1779918080
|move|p1a: Hoopa|Zen Headbutt|p2a: Chernobyl
|-damage|p2a: Chernobyl|16/100
|move|p2a: Chernobyl|Thunderbolt|p1a: Hoopa
|-damage|p1a: Hoopa|0 fnt
|faint|p1a: Hoopa
|
|win|ballred
|raw|th3r3d33m3r's rating: 1481 &rarr; <strong>1464</strong><br />(-17 for losing)
|raw|ballred's rating: 1534 &rarr; <strong>1551</strong><br />(+17 for winning)
|l|☆ballred
|player|p2|
