|j|☆omari p
|j|☆Capidaxter
|t:|1779817700
|gametype|singles
|player|p1|omari p|pokemonrangerf|1597
|player|p2|Capidaxter|schoolkid|1589
|gen|9
|tier|[Gen 9] OU
|rated|
|rule|HP Percentage Mod: HP is shown in percentages
|rule|Endless Battle Clause: Forcing endless battles is banned
|rule|Species Clause: Limit one of each Pokémon
|rule|OHKO Clause: OHKO moves are banned
|rule|Evasion Items Clause: Evasion items are banned
|rule|Evasion Moves Clause: Evasion moves are banned
|rule|Evasion Abilities Clause: Evasion abilities are banned
|rule|Sleep Moves Clause: Sleep-inducing moves are banned
|clearpoke
|poke|p1|Frosmoth, M|
|poke|p1|Latias, F|
|poke|p1|Cinderace, M|
|poke|p1|Braviary-Hisui, M|
|poke|p1|Zoroark-Hisui, F|
|poke|p1|Garganacl, M|
|poke|p2|Ting-Lu|
|poke|p2|Glimmora, F|
|poke|p2|Gholdengo|
|poke|p2|Iron Valiant|
|poke|p2|Ogerpon-Wellspring, F|
|poke|p2|Dragonite, M|
|teampreview
|inactive|Battle timer is ON: inactive players will automatically lose when time's up. (requested by Capidaxter)
|
|t:|1779817732
|teamsize|p1|6
|teamsize|p2|6
|start
|switch|p1a: Braviary|Braviary-Hisui, M|100/100
|switch|p2a: Glimmora|Glimmora, F|100/100
|turn|1
|
|t:|1779817758
|switch|p2a: Ting-Lu|Ting-Lu|100/100
|-ability|p2a: Ting-Lu|Vessel of Ruin
|move|p1a: Braviary|Nasty Plot|p1a: Braviary
|-boost|p1a: Braviary|spa|2
|
|upkeep
|turn|2
|inactive|Capidaxter has 120 seconds left.
|
|t:|1779817781
|move|p1a: Braviary|Focus Blast|p2a: Ting-Lu
|-supereffective|p2a: Ting-Lu
|-damage|p2a: Ting-Lu|15/100
|-unboost|p2a: Ting-Lu|spd|1
|move|p2a: Ting-Lu|Heavy Slam|p1a: Braviary
|-damage|p1a: Braviary|42/100
|replace|p1a: Zoroark|Zoroark-Hisui, F
|-end|p1a: Zoroark|Illusion
|
|upkeep
|turn|3
|inactive|Capidaxter has 120 seconds left.
|-enditem|p2a: Ting-Lu|Custap Berry|[eat]
|-activate|p2a: Ting-Lu|item: Custap Berry|[consumed]
|
|t:|1779817790
|move|p2a: Ting-Lu|Heavy Slam|p1a: Zoroark
|-damage|p1a: Zoroark|0 fnt
|faint|p1a: Zoroark
|
|upkeep
|
|t:|1779817797
|switch|p1a: Cinderace|Cinderace, M|100/100
|turn|4
|
|t:|1779817807
|switch|p2a: Glimmora|Glimmora, F|100/100
|move|p1a: Cinderace|Pyro Ball|p2a: Glimmora
|-resisted|p2a: Glimmora
|-damage|p2a: Glimmora|79/100
|-activate|p2a: Glimmora|ability: Toxic Debris
|-sidestart|p1: omari p|move: Toxic Spikes
|-enditem|p2a: Glimmora|Red Card|[of] p1a: Cinderace
|drag|p1a: Latias|Latias, F|100/100
|
|upkeep
|turn|5
|
|t:|1779817817
|switch|p2a: Ogerpon|Ogerpon-Wellspring, F|100/100
|-terastallize|p1a: Latias|Poison
|move|p1a: Latias|Calm Mind|p1a: Latias
|-boost|p1a: Latias|spa|1
|-boost|p1a: Latias|spd|1
|
|upkeep
|turn|6
|
|t:|1779817822
|move|p2a: Ogerpon|Encore|p1a: Latias
|-start|p1a: Latias|Encore
|move|p1a: Latias|Calm Mind|p1a: Latias
|-boost|p1a: Latias|spa|1
|-boost|p1a: Latias|spd|1
|
|upkeep
|turn|7
|
|t:|1779817843
|switch|p1a: Braviary|Braviary-Hisui, M|100/100
|move|p2a: Ogerpon|Ivy Cudgel|p1a: Braviary|[anim] Ivy Cudgel Water
|-damage|p1a: Braviary|34/100
|
|upkeep
|turn|8
|
|t:|1779817867
|move|p2a: Ogerpon|Ivy Cudgel|p1a: Braviary|[anim] Ivy Cudgel Water
|-damage|p1a: Braviary|0 fnt
|faint|p1a: Braviary
|
|upkeep
|
|t:|1779817870
|switch|p1a: Garganacl|Garganacl, M|100/100
|turn|9
|
|t:|1779817877
|move|p2a: Ogerpon|Knock Off|p1a: Garganacl
|-damage|p1a: Garganacl|75/100
|-enditem|p1a: Garganacl|Leftovers|[from] move: Knock Off|[of] p2a: Ogerpon
|move|p1a: Garganacl|Salt Cure|p2a: Ogerpon
|-damage|p2a: Ogerpon|81/100
|-start|p2a: Ogerpon|Salt Cure
|
|-damage|p2a: Ogerpon|56/100|[from] Salt Cure
|upkeep
|turn|10
|
|t:|1779817900
|switch|p2a: Glimmora|Glimmora, F|79/100
|move|p1a: Garganacl|Salt Cure|p2a: Glimmora
|-damage|p2a: Glimmora|69/100
|-start|p2a: Glimmora|Salt Cure
|-activate|p2a: Glimmora|ability: Toxic Debris
|-sidestart|p1: omari p|move: Toxic Spikes
|
|-damage|p2a: Glimmora|56/100|[from] Salt Cure
|upkeep
|turn|11
|
|t:|1779817910
|switch|p2a: Gholdengo|Gholdengo|100/100
|-item|p2a: Gholdengo|Air Balloon
|move|p1a: Garganacl|Stealth Rock|p2a: Gholdengo
|-sidestart|p2: Capidaxter|move: Stealth Rock
|
|upkeep
|turn|12
|
|t:|1779817917
|switch|p1a: Cinderace|Cinderace, M|100/100
|move|p2a: Gholdengo|Make It Rain|p1a: Cinderace
|-resisted|p1a: Cinderace
|-damage|p1a: Cinderace|50/100
|-unboost|p2a: Gholdengo|spa|1
|
|upkeep
|turn|13
|
|t:|1779817922
|switch|p2a: Glimmora|Glimmora, F|56/100
|-damage|p2a: Glimmora|44/100|[from] Stealth Rock
|move|p1a: Cinderace|Pyro Ball|p2a: Glimmora
|-resisted|p2a: Glimmora
|-damage|p2a: Glimmora|22/100
|
|upkeep
|turn|14
|
|t:|1779817946
|move|p1a: Cinderace|Pyro Ball|p2a: Glimmora
|-resisted|p2a: Glimmora
|-crit|p2a: Glimmora
|-damage|p2a: Glimmora|0 fnt
|faint|p2a: Glimmora
|
|upkeep
|
|t:|1779817959
|switch|p2a: Dragonite|Dragonite, M|100/100
|turn|15
|inactive|omari p has 120 seconds left.
|inactive|omari p has 90 seconds left.
|
|t:|1779818043
|-terastallize|p2a: Dragonite|Fire
|move|p1a: Cinderace|Pyro Ball|p2a: Dragonite
|-resisted|p2a: Dragonite
|-damage|p2a: Dragonite|84/100
|move|p2a: Dragonite|Dragon Dance|p2a: Dragonite
|-boost|p2a: Dragonite|atk|1
|-boost|p2a: Dragonite|spe|1
|
|upkeep
|turn|16
|
|t:|1779818047
|move|p2a: Dragonite|Dragon Dance|p2a: Dragonite
|-boost|p2a: Dragonite|atk|1
|-boost|p2a: Dragonite|spe|1
|move|p1a: Cinderace|High Jump Kick|p2a: Dragonite
|-damage|p2a: Dragonite|36/100
|
|upkeep
|turn|17
|inactive|omari p has 60 seconds left.
|
|t:|1779818077
|move|p2a: Dragonite|Dragon Claw|p1a: Cinderace
|-damage|p1a: Cinderace|0 fnt
|faint|p1a: Cinderace
|
|upkeep
|inactive|omari p has 60 seconds left.
|-message|omari p forfeited.
|
|win|Capidaxter
|raw|omari p's rating: 1597 &rarr; <strong>1577</strong><br />(-20 for losing)
|raw|Capidaxter's rating: 1589 &rarr; <strong>1609</strong><br />(+20 for winning)
|l|☆omari p
|player|p1|
