|j|☆suaiaj
|j|☆Acastillo631
|t:|1779812582
|gametype|singles
|player|p1|suaiaj|brendan-e|1501
|player|p2|Acastillo631|silver|1509
|gen|9
|tier|[Gen 9] OU
|rated|
|rule|HP Percentage Mod: HP is shown in percentages
|rule|Endless Battle Clause: Forcing endless battles is banned
|rule|Species Clause: Limit one of each Pokémon
|rule|OHKO Clause: OHKO moves are banned
|rule|Evasion Items Clause: Evasion items are banned
|rule|Evasion Moves Clause: Evasion moves are banned
|rule|Evasion Abilities Clause: Evasion abilities are banned
|rule|Sleep Moves Clause: Sleep-inducing moves are banned
|clearpoke
|poke|p1|Weavile, M|
|poke|p1|Sandy Shocks|
|poke|p1|Moltres|
|poke|p1|Great Tusk|
|poke|p1|Fezandipiti, M|
|poke|p1|Azumarill, M|
|poke|p2|Iron Valiant|
|poke|p2|Sinistcha|
|poke|p2|Tyranitar, F|
|poke|p2|Klefki, M|
|poke|p2|Swampert, M|
|poke|p2|Talonflame, M|
|teampreview
|
|t:|1779812610
|teamsize|p1|6
|teamsize|p2|6
|start
|switch|p1a: Fezandipiti|Fezandipiti, M|100/100
|switch|p2a: Duff Mcwhalen|Swampert, M|100/100
|turn|1
|
|t:|1779812635
|switch|p1a: Moltres|Moltres|100/100
|move|p2a: Duff Mcwhalen|Stealth Rock|p1a: Moltres
|-sidestart|p1: suaiaj|move: Stealth Rock
|
|upkeep
|turn|2
|
|t:|1779812644
|move|p1a: Moltres|Hurricane|p2a: Duff Mcwhalen
|-damage|p2a: Duff Mcwhalen|71/100
|-start|p2a: Duff Mcwhalen|confusion
|-activate|p2a: Duff Mcwhalen|confusion
|move|p2a: Duff Mcwhalen|Knock Off|p1a: Moltres
|-damage|p1a: Moltres|83/100
|-enditem|p1a: Moltres|Heavy-Duty Boots|[from] move: Knock Off|[of] p2a: Duff Mcwhalen
|
|-heal|p2a: Duff Mcwhalen|77/100|[from] item: Leftovers
|upkeep
|turn|3
|
|t:|1779812700
|switch|p2a: Eregion|Tyranitar, F|100/100
|-weather|Sandstorm|[from] ability: Sand Stream|[of] p2a: Eregion
|move|p1a: Moltres|Hurricane|p2a: Eregion|[miss]
|-miss|p1a: Moltres|p2a: Eregion
|
|-weather|Sandstorm|[upkeep]
|-damage|p1a: Moltres|76/100|[from] Sandstorm
|upkeep
|turn|4
|
|t:|1779812711
|move|p1a: Moltres|U-turn|p2a: Eregion
|-supereffective|p2a: Eregion
|-damage|p2a: Eregion|78/100
|
|t:|1779812715
|switch|p1a: Great Tusk|Great Tusk|100/100|[from] U-turn
|-damage|p1a: Great Tusk|97/100|[from] Stealth Rock
|move|p2a: Eregion|Ice Beam|p1a: Great Tusk
|-supereffective|p1a: Great Tusk
|-damage|p1a: Great Tusk|57/100
|
|-weather|Sandstorm|[upkeep]
|-heal|p2a: Eregion|84/100|[from] item: Leftovers
|upkeep
|turn|5
|
|t:|1779812727
|switch|p2a: Wire Sponge|Sinistcha|100/100
|move|p1a: Great Tusk|Rapid Spin|p2a: Wire Sponge
|-immune|p2a: Wire Sponge
|
|-weather|Sandstorm|[upkeep]
|-damage|p2a: Wire Sponge|94/100|[from] Sandstorm
|upkeep
|turn|6
|
|t:|1779812769
|-end|p1a: Great Tusk|Protosynthesis|[silent]
|switch|p1a: Moltres|Moltres|76/100
|-damage|p1a: Moltres|26/100|[from] Stealth Rock
|move|p2a: Wire Sponge|Matcha Gotcha|p1a: Moltres
|-resisted|p1a: Moltres
|-damage|p1a: Moltres|18/100
|-heal|p2a: Wire Sponge|99/100|[from] drain|[of] p1a: Moltres
|
|-weather|Sandstorm|[upkeep]
|-damage|p1a: Moltres|11/100|[from] Sandstorm
|-damage|p2a: Wire Sponge|93/100|[from] Sandstorm
|upkeep
|turn|7
|
|t:|1779812781
|switch|p2a: Duff Mcwhalen|Swampert, M|77/100
|move|p1a: Moltres|Roost|p1a: Moltres
|-heal|p1a: Moltres|61/100
|-singleturn|p1a: Moltres|move: Roost
|
|-weather|none
|-heal|p2a: Duff Mcwhalen|84/100|[from] item: Leftovers
|upkeep
|turn|8
|inactive|Battle timer is ON: inactive players will automatically lose when time's up. (requested by Acastillo631)
|inactive|suaiaj has 120 seconds left.
|inactive|suaiaj has 90 seconds left.
|
|t:|1779812869
|move|p1a: Moltres|Hurricane|p2a: Duff Mcwhalen
|-damage|p2a: Duff Mcwhalen|54/100
|-start|p2a: Duff Mcwhalen|confusion
|-activate|p2a: Duff Mcwhalen|confusion
|move|p2a: Duff Mcwhalen|Flip Turn|p1a: Moltres
|-supereffective|p1a: Moltres
|-damage|p1a: Moltres|30/100
|
|t:|1779812879
|switch|p2a: Eregion|Tyranitar, F|84/100|[from] Flip Turn
|-weather|Sandstorm|[from] ability: Sand Stream|[of] p2a: Eregion
|
|-weather|Sandstorm|[upkeep]
|-damage|p1a: Moltres|24/100|[from] Sandstorm
|-heal|p2a: Eregion|91/100|[from] item: Leftovers
|upkeep
|turn|9
|inactive|suaiaj has 120 seconds left.
|
|t:|1779812933
|move|p1a: Moltres|U-turn|p2a: Eregion
|-supereffective|p2a: Eregion
|-damage|p2a: Eregion|68/100
|
|t:|1779812935
|switch|p1a: Great Tusk|Great Tusk|57/100|[from] U-turn
|-damage|p1a: Great Tusk|54/100|[from] Stealth Rock
|move|p2a: Eregion|Roar|p1a: Great Tusk
|-end|p1a: Great Tusk|Protosynthesis|[silent]
|drag|p1a: Moltres|Moltres|24/100
|-damage|p1a: Moltres|0 fnt|[from] Stealth Rock
|faint|p1a: Moltres
|
|-weather|Sandstorm|[upkeep]
|-heal|p2a: Eregion|74/100|[from] item: Leftovers
|upkeep
|
|t:|1779812946
|switch|p1a: Sandy Shocks|Sandy Shocks|100/100
|-damage|p1a: Sandy Shocks|94/100|[from] Stealth Rock
|-enditem|p1a: Sandy Shocks|Booster Energy
|-activate|p1a: Sandy Shocks|ability: Protosynthesis|[fromitem]
|-start|p1a: Sandy Shocks|protosynthesisspe
|turn|10
|
|t:|1779812951
|move|p1a: Sandy Shocks|Stealth Rock|p2a: Eregion
|-sidestart|p2: Acastillo631|move: Stealth Rock
|move|p2a: Eregion|Roar|p1a: Sandy Shocks
|-end|p1a: Sandy Shocks|Protosynthesis|[silent]
|drag|p1a: Great Tusk|Great Tusk|54/100
|-damage|p1a: Great Tusk|50/100|[from] Stealth Rock
|
|-weather|Sandstorm|[upkeep]
|-heal|p2a: Eregion|80/100|[from] item: Leftovers
|upkeep
|turn|11
|
|t:|1779812956
|switch|p2a: Wire Sponge|Sinistcha|93/100
|move|p1a: Great Tusk|Ice Spinner|p2a: Wire Sponge
|-supereffective|p2a: Wire Sponge
|-damage|p2a: Wire Sponge|45/100
|
|-weather|Sandstorm|[upkeep]
|-damage|p2a: Wire Sponge|39/100|[from] Sandstorm
|upkeep
|turn|12
|
|t:|1779812967
|move|p1a: Great Tusk|Ice Spinner|p2a: Wire Sponge
|-supereffective|p2a: Wire Sponge
|-damage|p2a: Wire Sponge|0 fnt
|faint|p2a: Wire Sponge
|
|-weather|none
|upkeep
|
|t:|1779812980
|switch|p2a: Redips|Klefki, M|100/100
|-damage|p2a: Redips|95/100|[from] Stealth Rock
|turn|13
|inactive|suaiaj has 120 seconds left.
|inactive|suaiaj has 90 seconds left.
|
|t:|1779813051
|move|p2a: Redips|Magnet Rise|p2a: Redips
|-start|p2a: Redips|Magnet Rise
|move|p1a: Great Tusk|Earthquake|p2a: Redips
|-immune|p2a: Redips
|
|upkeep
|turn|14
|
|t:|1779813058
|move|p1a: Great Tusk|Rapid Spin|p2a: Redips
|-resisted|p2a: Redips
|-damage|p2a: Redips|87/100
|-boost|p1a: Great Tusk|spe|1
|-damage|p1a: Great Tusk|34/100|[from] item: Rocky Helmet|[of] p2a: Redips
|-sideend|p1: suaiaj|Stealth Rock|[from] move: Rapid Spin|[of] p1a: Great Tusk
|move|p2a: Redips|Dazzling Gleam|p1a: Great Tusk
|-supereffective|p1a: Great Tusk
|-damage|p1a: Great Tusk|0 fnt
|faint|p1a: Great Tusk
|-end|p1a: Great Tusk|Protosynthesis|[silent]
|
|upkeep
|
|t:|1779813064
|switch|p1a: Sandy Shocks|Sandy Shocks|94/100
|turn|15
|
|t:|1779813070
|move|p2a: Redips|Spikes|p1a: Sandy Shocks
|-sidestart|p1: suaiaj|Spikes
|move|p1a: Sandy Shocks|Discharge|p2a: Redips
|-damage|p2a: Redips|41/100
|
|upkeep
|turn|16
|
|t:|1779813078
|switch|p2a: Duff Mcwhalen|Swampert, M|54/100
|-damage|p2a: Duff Mcwhalen|48/100|[from] Stealth Rock
|move|p1a: Sandy Shocks|Discharge|p2a: Duff Mcwhalen
|-immune|p2a: Duff Mcwhalen
|
|-heal|p2a: Duff Mcwhalen|54/100|[from] item: Leftovers
|upkeep
|turn|17
|
|t:|1779813084
|-terastallize|p1a: Sandy Shocks|Ghost
|move|p1a: Sandy Shocks|Earth Power|p2a: Duff Mcwhalen
|-damage|p2a: Duff Mcwhalen|28/100
|move|p2a: Duff Mcwhalen|Earthquake|p1a: Sandy Shocks
|-damage|p1a: Sandy Shocks|56/100
|
|-heal|p2a: Duff Mcwhalen|34/100|[from] item: Leftovers
|upkeep
|turn|18
|
|t:|1779813096
|switch|p2a: Eregion|Tyranitar, F|80/100
|-damage|p2a: Eregion|68/100|[from] Stealth Rock
|-weather|Sandstorm|[from] ability: Sand Stream|[of] p2a: Eregion
|move|p1a: Sandy Shocks|Spikes|p2a: Eregion
|-sidestart|p2: Acastillo631|Spikes
|
|-weather|Sandstorm|[upkeep]
|-damage|p1a: Sandy Shocks|50/100|[from] Sandstorm
|-heal|p2a: Eregion|74/100|[from] item: Leftovers
|upkeep
|turn|19
|
|t:|1779813099
|move|p1a: Sandy Shocks|Spikes|p2a: Eregion
|-sidestart|p2: Acastillo631|Spikes
|move|p2a: Eregion|Knock Off|p1a: Sandy Shocks
|-supereffective|p1a: Sandy Shocks
|-damage|p1a: Sandy Shocks|0 fnt
|faint|p1a: Sandy Shocks
|-end|p1a: Sandy Shocks|Protosynthesis|[silent]
|
|-weather|Sandstorm|[upkeep]
|-heal|p2a: Eregion|80/100|[from] item: Leftovers
|upkeep
|inactive|suaiaj has 120 seconds left.
|
|t:|1779813105
|switch|p1a: Azumarill|Azumarill, M|100/100
|-damage|p1a: Azumarill|88/100|[from] Spikes
|turn|20
|
|t:|1779813115
|move|p1a: Azumarill|Belly Drum|p1a: Azumarill
|-damage|p1a: Azumarill|38/100
|-setboost|p1a: Azumarill|atk|6|[from] move: Belly Drum
|-enditem|p1a: Azumarill|Sitrus Berry|[eat]
|-heal|p1a: Azumarill|63/100|[from] item: Sitrus Berry
|move|p2a: Eregion|Roar|p1a: Azumarill
|drag|p1a: Weavile|Weavile, M|100/100
|-damage|p1a: Weavile|88/100|[from] Spikes
|-ability|p1a: Weavile|Pressure
|
|-weather|Sandstorm|[upkeep]
|-damage|p1a: Weavile|82/100|[from] Sandstorm
|-heal|p2a: Eregion|86/100|[from] item: Leftovers
|upkeep
|turn|21
|
|t:|1779813133
|move|p1a: Weavile|Brick Break|p2a: Eregion
|-supereffective|p2a: Eregion
|-damage|p2a: Eregion|0 fnt
|faint|p2a: Eregion
|
|-weather|Sandstorm|[upkeep]
|-damage|p1a: Weavile|76/100|[from] Sandstorm
|upkeep
|
|t:|1779813138
|switch|p2a: Talonflame|Talonflame, M|100/100
|turn|22
|
|t:|1779813142
|switch|p1a: Fezandipiti|Fezandipiti, M|100/100
|-damage|p1a: Fezandipiti|88/100|[from] Spikes
|move|p2a: Talonflame|Defog|p1a: Fezandipiti
|-unboost|p1a: Fezandipiti|evasion|1
|-sideend|p1: suaiaj|Spikes|[from] move: Defog|[of] p2a: Talonflame
|-sideend|p2: Acastillo631|Spikes|[from] move: Defog|[of] p2a: Talonflame
|-sideend|p2: Acastillo631|Stealth Rock|[from] move: Defog|[of] p2a: Talonflame
|
|-weather|none
|-heal|p1a: Fezandipiti|94/100|[from] item: Leftovers
|upkeep
|turn|23
|
|t:|1779813148
|move|p2a: Talonflame|Will-O-Wisp|p1a: Fezandipiti
|-status|p1a: Fezandipiti|brn
|move|p1a: Fezandipiti|U-turn|p2a: Talonflame
|-resisted|p2a: Talonflame
|-damage|p2a: Talonflame|99/100
|-status|p2a: Talonflame|tox|[from] ability: Toxic Chain|[of] p1a: Fezandipiti
|
|t:|1779813151
|switch|p1a: Azumarill|Azumarill, M|63/100|[from] U-turn
|
|-damage|p2a: Talonflame|92/100 tox|[from] psn
|upkeep
|turn|24
|
|t:|1779813154
|switch|p1a: Fezandipiti|Fezandipiti, M|94/100 brn
|move|p2a: Talonflame|Will-O-Wisp|p1a: Fezandipiti
|-fail|p1a: Fezandipiti|brn
|
|-heal|p1a: Fezandipiti|99/100 brn|[from] item: Leftovers
|-damage|p2a: Talonflame|80/100 tox|[from] psn
|-damage|p1a: Fezandipiti|94/100 brn|[from] brn
|upkeep
|turn|25
|
|t:|1779813164
|move|p2a: Talonflame|Flamethrower|p1a: Fezandipiti
|-damage|p1a: Fezandipiti|80/100 brn
|move|p1a: Fezandipiti|U-turn|p2a: Talonflame
|-resisted|p2a: Talonflame
|-damage|p2a: Talonflame|78/100 tox
|inactive|suaiaj has 120 seconds left.
|
|t:|1779813204
|switch|p1a: Azumarill|Azumarill, M|63/100|[from] U-turn
|
|-damage|p2a: Talonflame|60/100 tox|[from] psn
|upkeep
|turn|26
|
|t:|1779813228
|switch|p2a: Redips|Klefki, M|41/100
|move|p1a: Azumarill|Liquidation|p2a: Redips
|-damage|p2a: Redips|19/100
|-damage|p1a: Azumarill|46/100|[from] item: Rocky Helmet|[of] p2a: Redips
|
|upkeep
|turn|27
|inactive|suaiaj has 120 seconds left.
|
|t:|1779813243
|move|p2a: Redips|Dazzling Gleam|p1a: Azumarill
|-damage|p1a: Azumarill|23/100
|move|p1a: Azumarill|Liquidation|p2a: Redips
|-damage|p2a: Redips|0 fnt
|-damage|p1a: Azumarill|6/100|[from] item: Rocky Helmet|[of] p2a: Redips
|faint|p2a: Redips
|
|upkeep
|
|t:|1779813250
|switch|p2a: Sage Harpuia|Iron Valiant|100/100
|-enditem|p2a: Sage Harpuia|Booster Energy
|-activate|p2a: Sage Harpuia|ability: Quark Drive|[fromitem]
|-start|p2a: Sage Harpuia|quarkdrivespe
|turn|28
|
|t:|1779813252
|switch|p1a: Fezandipiti|Fezandipiti, M|80/100 brn
|move|p2a: Sage Harpuia|Moonblast|p1a: Fezandipiti
|-resisted|p1a: Fezandipiti
|-damage|p1a: Fezandipiti|66/100 brn
|
|-heal|p1a: Fezandipiti|72/100 brn|[from] item: Leftovers
|-damage|p1a: Fezandipiti|66/100 brn|[from] brn
|upkeep
|turn|29
|
|t:|1779813257
|-terastallize|p2a: Sage Harpuia|Steel
|move|p2a: Sage Harpuia|Moonblast|p1a: Fezandipiti
|-resisted|p1a: Fezandipiti
|-damage|p1a: Fezandipiti|52/100 brn
|-unboost|p1a: Fezandipiti|spa|1
|move|p1a: Fezandipiti|Gunk Shot|p2a: Sage Harpuia
|-immune|p2a: Sage Harpuia
|
|-heal|p1a: Fezandipiti|58/100 brn|[from] item: Leftovers
|-damage|p1a: Fezandipiti|52/100 brn|[from] brn
|upkeep
|turn|30
|
|t:|1779813261
|move|p2a: Sage Harpuia|Encore|p1a: Fezandipiti
|-start|p1a: Fezandipiti|Encore
|move|p1a: Fezandipiti|Gunk Shot|p2a: Sage Harpuia
|-immune|p2a: Sage Harpuia
|
|-heal|p1a: Fezandipiti|58/100 brn|[from] item: Leftovers
|-damage|p1a: Fezandipiti|52/100 brn|[from] brn
|upkeep
|turn|31
|
|t:|1779813264
|switch|p1a: Azumarill|Azumarill, M|6/100
|move|p2a: Sage Harpuia|Moonblast|p1a: Azumarill
|-damage|p1a: Azumarill|0 fnt
|faint|p1a: Azumarill
|
|upkeep
|
|t:|1779813266
|switch|p1a: Fezandipiti|Fezandipiti, M|52/100 brn
|turn|32
|
|t:|1779813269
|move|p2a: Sage Harpuia|Moonblast|p1a: Fezandipiti
|-resisted|p1a: Fezandipiti
|-damage|p1a: Fezandipiti|39/100 brn
|move|p1a: Fezandipiti|Play Rough|p2a: Sage Harpuia
|-resisted|p2a: Sage Harpuia
|-damage|p2a: Sage Harpuia|92/100
|
|-heal|p1a: Fezandipiti|45/100 brn|[from] item: Leftovers
|-damage|p1a: Fezandipiti|39/100 brn|[from] brn
|upkeep
|turn|33
|
|t:|1779813273
|move|p2a: Sage Harpuia|Encore|p1a: Fezandipiti
|-start|p1a: Fezandipiti|Encore
|move|p1a: Fezandipiti|Play Rough|p2a: Sage Harpuia
|-resisted|p2a: Sage Harpuia
|-damage|p2a: Sage Harpuia|83/100
|
|-heal|p1a: Fezandipiti|45/100 brn|[from] item: Leftovers
|-damage|p1a: Fezandipiti|39/100 brn|[from] brn
|upkeep
|turn|34
|
|t:|1779813278
|move|p2a: Sage Harpuia|Moonblast|p1a: Fezandipiti
|-resisted|p1a: Fezandipiti
|-damage|p1a: Fezandipiti|25/100 brn
|-unboost|p1a: Fezandipiti|spa|1
|move|p1a: Fezandipiti|Play Rough|p2a: Sage Harpuia
|-resisted|p2a: Sage Harpuia
|-damage|p2a: Sage Harpuia|75/100
|
|-heal|p1a: Fezandipiti|32/100 brn|[from] item: Leftovers
|-damage|p1a: Fezandipiti|25/100 brn|[from] brn
|upkeep
|turn|35
|
|t:|1779813285
|move|p2a: Sage Harpuia|Moonblast|p1a: Fezandipiti
|-resisted|p1a: Fezandipiti
|-damage|p1a: Fezandipiti|13/100 brn
|-unboost|p1a: Fezandipiti|spa|1
|move|p1a: Fezandipiti|Play Rough|p2a: Sage Harpuia|[miss]
|-miss|p1a: Fezandipiti|p2a: Sage Harpuia
|
|-heal|p1a: Fezandipiti|19/100 brn|[from] item: Leftovers
|-damage|p1a: Fezandipiti|13/100 brn|[from] brn
|-end|p1a: Fezandipiti|Encore
|upkeep
|turn|36
|
|t:|1779813288
|move|p2a: Sage Harpuia|Encore|p1a: Fezandipiti
|-start|p1a: Fezandipiti|Encore
|move|p1a: Fezandipiti|Play Rough|p2a: Sage Harpuia
|-resisted|p2a: Sage Harpuia
|-damage|p2a: Sage Harpuia|66/100
|
|-heal|p1a: Fezandipiti|19/100 brn|[from] item: Leftovers
|-damage|p1a: Fezandipiti|13/100 brn|[from] brn
|upkeep
|turn|37
|-message|suaiaj forfeited.
|
|win|Acastillo631
|raw|suaiaj's rating: 1501 &rarr; <strong>1481</strong><br />(-20 for losing)
|raw|Acastillo631's rating: 1509 &rarr; <strong>1529</strong><br />(+20 for winning)
|l|☆Acastillo631
|player|p2|
|l|☆suaiaj
|player|p1|
