|j|☆pokeaurabuster$_&
|j|☆2(sweet)
|t:|1779948639
|gametype|singles
|player|p1|pokeaurabuster$_&|red|1246
|player|p2|2(sweet)|170|1245
|gen|9
|tier|[Gen 9] OU
|rated|
|rule|HP Percentage Mod: HP is shown in percentages
|rule|Endless Battle Clause: Forcing endless battles is banned
|rule|Species Clause: Limit one of each Pokémon
|rule|OHKO Clause: OHKO moves are banned
|rule|Evasion Items Clause: Evasion items are banned
|rule|Evasion Moves Clause: Evasion moves are banned
|rule|Evasion Abilities Clause: Evasion abilities are banned
|rule|Sleep Moves Clause: Sleep-inducing moves are banned
|clearpoke
|poke|p1|Moltres|
|poke|p1|Jirachi|
|poke|p1|Dragonite, F|
|poke|p1|Great Tusk|
|poke|p1|Iron Valiant|
|poke|p1|Toxapex, F|
|poke|p2|Walking Wake|
|poke|p2|Vileplume, M|
|poke|p2|Raging Bolt|
|poke|p2|Torkoal, F|
|poke|p2|Slither Wing|
|poke|p2|Great Tusk|
|teampreview
|
|t:|1779948660
|teamsize|p1|6
|teamsize|p2|6
|start
|switch|p1a: Great Tusk|Great Tusk, shiny|100/100
|switch|p2a: Torkoal|Torkoal, F|100/100
|-weather|SunnyDay|[from] ability: Drought|[of] p2a: Torkoal
|-activate|p1a: Great Tusk|ability: Protosynthesis
|-start|p1a: Great Tusk|protosynthesisdef
|turn|1
|l|☆pokeaurabuster$_&
|player|p1|
|j|☆pokeaurabuster$_&
|player|p1|pokeaurabuster$_&|red|
|
|t:|1779948700
|-terastallize|p2a: Torkoal|Grass
|move|p1a: Great Tusk|Earthquake|p2a: Torkoal
|-resisted|p2a: Torkoal
|-damage|p2a: Torkoal|83/100
|move|p2a: Torkoal|Solar Beam||[still]
|-prepare|p2a: Torkoal|Solar Beam
|-anim|p2a: Torkoal|Solar Beam|p1a: Great Tusk
|-supereffective|p1a: Great Tusk
|-damage|p1a: Great Tusk|0 fnt
|faint|p1a: Great Tusk
|-end|p1a: Great Tusk|Protosynthesis|[silent]
|
|-weather|SunnyDay|[upkeep]
|upkeep
|
|t:|1779948717
|switch|p1a: Moltres|Moltres, shiny|100/100
|turn|2
|
|t:|1779948733
|switch|p2a: Raging Bolt|Raging Bolt|100/100
|-activate|p2a: Raging Bolt|ability: Protosynthesis
|-start|p2a: Raging Bolt|protosynthesisspa
|move|p1a: Moltres|U-turn|p2a: Raging Bolt
|-damage|p2a: Raging Bolt|86/100
|
|t:|1779948751
|switch|p1a: Jirachi|Jirachi, shiny|100/100|[from] U-turn
|
|-weather|SunnyDay|[upkeep]
|upkeep
|turn|3
|
|t:|1779948759
|move|p1a: Jirachi|Body Slam|p2a: Raging Bolt
|-damage|p2a: Raging Bolt|65/100
|move|p2a: Raging Bolt|Weather Ball|p1a: Jirachi
|-supereffective|p1a: Jirachi
|-damage|p1a: Jirachi|0 fnt
|faint|p1a: Jirachi
|-damage|p2a: Raging Bolt|55/100|[from] item: Life Orb
|
|-weather|SunnyDay|[upkeep]
|upkeep
|
|t:|1779948767
|switch|p1a: Iron Valiant|Iron Valiant, shiny|100/100
|-enditem|p1a: Iron Valiant|Booster Energy
|-activate|p1a: Iron Valiant|ability: Quark Drive|[fromitem]
|-start|p1a: Iron Valiant|quarkdrivespe
|turn|4
|
|t:|1779948776
|move|p2a: Raging Bolt|Thunderclap|p1a: Iron Valiant
|-damage|p1a: Iron Valiant|0 fnt
|faint|p1a: Iron Valiant
|-end|p1a: Iron Valiant|Quark Drive|[silent]
|-damage|p2a: Raging Bolt|45/100|[from] item: Life Orb
|
|-weather|SunnyDay|[upkeep]
|upkeep
|c|☆pokeaurabuster$_&|!data thunderclap
|c|☆pokeaurabuster$_&|/raw <ul class="utilichart"><li class="result"><span class="col movenamecol"><a href="https://dex.pokemonshowdown.com/moves/thunderclap">Thunderclap</a></span> <span class="col typecol"><img src="//play.pokemonshowdown.com/sprites/types/Electric.png" alt="Electric" width="32" height="14"><img src="//play.pokemonshowdown.com/sprites/categories/Special.png" alt="Special" width="32" height="14"></span> <span class="col labelcol"><em>Power</em><br>70</span> <span class="col widelabelcol"><em>Accuracy</em><br>100%</span> <span class="col pplabelcol"><em>PP</em><br>8</span> <span class="col movedesccol">Usually goes first. Fails if target is not attacking.</span> </li><li style="clear:both"></li></ul>

|c|☆pokeaurabuster$_&|Dam that hit hards
|
|t:|1779948796
|switch|p1a: Dragonite|Dragonite, F, shiny|100/100
|turn|5
|
|t:|1779948800
|-terastallize|p1a: Dragonite|Normal
|move|p1a: Dragonite|Dragon Dance|p1a: Dragonite
|-boost|p1a: Dragonite|atk|1
|-boost|p1a: Dragonite|spe|1
|move|p2a: Raging Bolt|Dragon Pulse|p1a: Dragonite
|-damage|p1a: Dragonite|55/100
|-damage|p2a: Raging Bolt|35/100|[from] item: Life Orb
|
|-weather|SunnyDay|[upkeep]
|upkeep
|turn|6
|
|t:|1779948812
|move|p1a: Dragonite|Extreme Speed|p2a: Raging Bolt
|-damage|p2a: Raging Bolt|0 fnt
|faint|p2a: Raging Bolt
|-end|p2a: Raging Bolt|Protosynthesis|[silent]
|
|-weather|SunnyDay|[upkeep]
|upkeep
|
|t:|1779948817
|switch|p2a: Slither Wing|Slither Wing|100/100
|-activate|p2a: Slither Wing|ability: Protosynthesis
|-start|p2a: Slither Wing|protosynthesisatk
|turn|7
|l|☆pokeaurabuster$_&
|player|p1|
|j|☆pokeaurabuster$_&
|player|p1|pokeaurabuster$_&|red|
|
|t:|1779948853
|switch|p1a: Moltres|Moltres, shiny|100/100
|move|p2a: Slither Wing|First Impression|p1a: Moltres
|-resisted|p1a: Moltres
|-damage|p1a: Moltres|84/100
|-damage|p2a: Slither Wing|91/100|[from] item: Life Orb
|
|-weather|SunnyDay|[upkeep]
|upkeep
|turn|8
|inactive|Battle timer is ON: inactive players will automatically lose when time's up. (requested by pokeaurabuster$_&)
|l|☆pokeaurabuster$_&
|inactive|pokeaurabuster$_& disconnected and has a minute to reconnect!
|player|p1|
|j|☆pokeaurabuster$_&
|inactive|pokeaurabuster$_& reconnected and has 135 seconds left.
|player|p1|pokeaurabuster$_&|red|
|inactive|pokeaurabuster$_& has 120 seconds left.
|
|t:|1779948899
|-end|p2a: Slither Wing|Protosynthesis|[silent]
|switch|p2a: Walking Wake|Walking Wake|100/100
|-activate|p2a: Walking Wake|ability: Protosynthesis
|-start|p2a: Walking Wake|protosynthesisspe
|move|p1a: Moltres|U-turn|p2a: Walking Wake
|-damage|p2a: Walking Wake|84/100
|
|t:|1779948904
|switch|p1a: Toxapex|Toxapex, F, shiny|100/100|[from] U-turn
|
|-weather|none
|-end|p2a: Walking Wake|Protosynthesis
|upkeep
|turn|9
|
|t:|1779948914
|-end|p2a: Walking Wake|Protosynthesis|[silent]
|switch|p2a: Torkoal|Torkoal, F, tera:Grass|83/100
|-weather|SunnyDay|[from] ability: Drought|[of] p2a: Torkoal
|move|p1a: Toxapex|Toxic|p2a: Torkoal
|-status|p2a: Torkoal|tox
|
|-weather|SunnyDay|[upkeep]
|-damage|p2a: Torkoal|77/100 tox|[from] psn
|upkeep
|turn|10
|
|t:|1779948923
|move|p1a: Toxapex|Baneful Bunker|p1a: Toxapex
|-singleturn|p1a: Toxapex|move: Protect
|move|p2a: Torkoal|Stealth Rock|p1a: Toxapex
|-sidestart|p1: pokeaurabuster$_&|move: Stealth Rock
|
|-weather|SunnyDay|[upkeep]
|-damage|p2a: Torkoal|65/100 tox|[from] psn
|upkeep
|turn|11
|inactive|2(sweet) has 120 seconds left.
|
|t:|1779948957
|switch|p1a: Moltres|Moltres, shiny|84/100
|move|p2a: Torkoal|Solar Beam||[still]
|-prepare|p2a: Torkoal|Solar Beam
|-anim|p2a: Torkoal|Solar Beam|p1a: Moltres
|-resisted|p1a: Moltres
|-damage|p1a: Moltres|72/100
|
|-weather|SunnyDay|[upkeep]
|-damage|p2a: Torkoal|46/100 tox|[from] psn
|upkeep
|turn|12
|
|t:|1779948968
|switch|p2a: Walking Wake|Walking Wake|84/100
|-activate|p2a: Walking Wake|ability: Protosynthesis
|-start|p2a: Walking Wake|protosynthesisspe
|move|p1a: Moltres|U-turn|p2a: Walking Wake
|-damage|p2a: Walking Wake|69/100
|
|t:|1779948971
|switch|p1a: Toxapex|Toxapex, F, shiny|100/100|[from] U-turn
|-damage|p1a: Toxapex|88/100|[from] Stealth Rock
|
|-weather|SunnyDay|[upkeep]
|-heal|p1a: Toxapex|94/100|[from] item: Black Sludge
|upkeep
|turn|13
|
|t:|1779948977
|move|p2a: Walking Wake|Dragon Pulse|p1a: Toxapex
|-damage|p1a: Toxapex|57/100
|-damage|p2a: Walking Wake|59/100|[from] item: Life Orb
|move|p1a: Toxapex|Toxic|p2a: Walking Wake
|-status|p2a: Walking Wake|tox
|
|-weather|SunnyDay|[upkeep]
|-heal|p1a: Toxapex|63/100|[from] item: Black Sludge
|-damage|p2a: Walking Wake|53/100 tox|[from] psn
|upkeep
|turn|14
|
|t:|1779948989
|-end|p2a: Walking Wake|Protosynthesis|[silent]
|switch|p2a: Slither Wing|Slither Wing|91/100
|-activate|p2a: Slither Wing|ability: Protosynthesis
|-start|p2a: Slither Wing|protosynthesisatk
|move|p1a: Toxapex|Recover|p1a: Toxapex
|-heal|p1a: Toxapex|100/100
|
|-weather|SunnyDay|[upkeep]
|upkeep
|turn|15
|
|t:|1779949002
|move|p1a: Toxapex|Baneful Bunker|p1a: Toxapex
|-singleturn|p1a: Toxapex|move: Protect
|move|p2a: Slither Wing|Earthquake|p1a: Toxapex
|-activate|p1a: Toxapex|move: Protect
|
|-weather|SunnyDay|[upkeep]
|upkeep
|turn|16
|
|t:|1779949012
|-end|p2a: Slither Wing|Protosynthesis|[silent]
|switch|p2a: Walking Wake|Walking Wake|53/100 tox
|-activate|p2a: Walking Wake|ability: Protosynthesis
|-start|p2a: Walking Wake|protosynthesisspe
|switch|p1a: Moltres|Moltres, shiny|72/100
|
|-weather|none
|-end|p2a: Walking Wake|Protosynthesis
|-damage|p2a: Walking Wake|47/100 tox|[from] psn
|upkeep
|turn|17
|
|t:|1779949019
|switch|p1a: Toxapex|Toxapex, F, shiny|100/100
|-damage|p1a: Toxapex|88/100|[from] Stealth Rock
|move|p2a: Walking Wake|Hydro Steam|p1a: Toxapex
|-resisted|p1a: Toxapex
|-damage|p1a: Toxapex|71/100
|-damage|p2a: Walking Wake|37/100 tox|[from] item: Life Orb
|
|-heal|p1a: Toxapex|77/100|[from] item: Black Sludge
|-damage|p2a: Walking Wake|25/100 tox|[from] psn
|upkeep
|turn|18
|
|t:|1779949032
|-end|p2a: Walking Wake|Protosynthesis|[silent]
|switch|p2a: Torkoal|Torkoal, F, tera:Grass|46/100 tox
|-weather|SunnyDay|[from] ability: Drought|[of] p2a: Torkoal
|move|p1a: Toxapex|Toxic|p2a: Torkoal
|-fail|p2a: Torkoal|tox
|
|-weather|SunnyDay|[upkeep]
|-heal|p1a: Toxapex|83/100|[from] item: Black Sludge
|-damage|p2a: Torkoal|40/100 tox|[from] psn
|upkeep
|turn|19
|l|☆pokeaurabuster$_&
|inactive|pokeaurabuster$_& disconnected and has a minute to reconnect!
|player|p1|
|inactive|pokeaurabuster$_& has 30 seconds to reconnect!
|inactive|pokeaurabuster$_& has 20 seconds to reconnect!
|j|☆pokeaurabuster$_&
|inactive|pokeaurabuster$_& reconnected and has 105 seconds left.
|player|p1|pokeaurabuster$_&|red|
|
|t:|1779949091
|switch|p2a: Vileplume|Vileplume, M|100/100
|move|p1a: Toxapex|Baneful Bunker||[still]
|-fail|p1a: Toxapex
|
|-weather|SunnyDay|[upkeep]
|-heal|p1a: Toxapex|90/100|[from] item: Black Sludge
|upkeep
|turn|20
|
|t:|1779949101
|move|p2a: Vileplume|Solar Beam||[still]
|-prepare|p2a: Vileplume|Solar Beam
|-anim|p2a: Vileplume|Solar Beam|p1a: Toxapex
|-damage|p1a: Toxapex|41/100
|-damage|p2a: Vileplume|91/100|[from] item: Life Orb
|move|p1a: Toxapex|Haze|p1a: Toxapex
|-clearallboost
|
|-weather|SunnyDay|[upkeep]
|-heal|p1a: Toxapex|47/100|[from] item: Black Sludge
|upkeep
|turn|21
|
|t:|1779949114
|move|p1a: Toxapex|Baneful Bunker|p1a: Toxapex
|-singleturn|p1a: Toxapex|move: Protect
|move|p2a: Vileplume|Sludge Wave|p1a: Toxapex
|-activate|p1a: Toxapex|move: Protect
|
|-weather|SunnyDay|[upkeep]
|-heal|p1a: Toxapex|53/100|[from] item: Black Sludge
|upkeep
|turn|22
|
|t:|1779949121
|move|p2a: Vileplume|Solar Beam||[still]
|-prepare|p2a: Vileplume|Solar Beam
|-anim|p2a: Vileplume|Solar Beam|p1a: Toxapex
|-damage|p1a: Toxapex|6/100
|-damage|p2a: Vileplume|81/100|[from] item: Life Orb
|move|p1a: Toxapex|Recover|p1a: Toxapex
|-heal|p1a: Toxapex|56/100
|
|-weather|SunnyDay|[upkeep]
|-heal|p1a: Toxapex|62/100|[from] item: Black Sludge
|upkeep
|turn|23
|
|t:|1779949130
|move|p1a: Toxapex|Baneful Bunker|p1a: Toxapex
|-singleturn|p1a: Toxapex|move: Protect
|move|p2a: Vileplume|Sludge Wave|p1a: Toxapex
|-activate|p1a: Toxapex|move: Protect
|
|-weather|SunnyDay|[upkeep]
|-heal|p1a: Toxapex|68/100|[from] item: Black Sludge
|upkeep
|turn|24
|inactive|pokeaurabuster$_& has 120 seconds left.
|
|t:|1779949142
|move|p2a: Vileplume|Solar Beam||[still]
|-prepare|p2a: Vileplume|Solar Beam
|-anim|p2a: Vileplume|Solar Beam|p1a: Toxapex
|-damage|p1a: Toxapex|22/100
|-damage|p2a: Vileplume|71/100|[from] item: Life Orb
|move|p1a: Toxapex|Recover|p1a: Toxapex
|-heal|p1a: Toxapex|72/100
|
|-weather|SunnyDay|[upkeep]
|-heal|p1a: Toxapex|78/100|[from] item: Black Sludge
|upkeep
|turn|25
|inactive|pokeaurabuster$_& has 120 seconds left.
|
|t:|1779949153
|move|p1a: Toxapex|Baneful Bunker|p1a: Toxapex
|-singleturn|p1a: Toxapex|move: Protect
|move|p2a: Vileplume|Sludge Wave|p1a: Toxapex
|-activate|p1a: Toxapex|move: Protect
|
|-weather|none
|-heal|p1a: Toxapex|85/100|[from] item: Black Sludge
|upkeep
|turn|26
|inactive|pokeaurabuster$_& has 120 seconds left.
|l|☆pokeaurabuster$_&
|inactive|pokeaurabuster$_& disconnected and has a minute to reconnect!
|player|p1|
|j|☆pokeaurabuster$_&
|inactive|pokeaurabuster$_& reconnected and has 100 seconds left.
|player|p1|pokeaurabuster$_&|red|
|
|t:|1779949186
|move|p2a: Vileplume|Sludge Wave|p1a: Toxapex
|-resisted|p1a: Toxapex
|-damage|p1a: Toxapex|66/100
|-damage|p2a: Vileplume|61/100|[from] item: Life Orb
|move|p1a: Toxapex|Haze|p1a: Toxapex
|-clearallboost
|
|-heal|p1a: Toxapex|72/100|[from] item: Black Sludge
|upkeep
|turn|27
|
|t:|1779949197
|switch|p2a: Torkoal|Torkoal, F, tera:Grass|40/100 tox
|-weather|SunnyDay|[from] ability: Drought|[of] p2a: Torkoal
|move|p1a: Toxapex|Haze|p1a: Toxapex
|-clearallboost
|
|-weather|SunnyDay|[upkeep]
|-heal|p1a: Toxapex|78/100|[from] item: Black Sludge
|-damage|p2a: Torkoal|34/100 tox|[from] psn
|upkeep
|turn|28
|
|t:|1779949210
|switch|p1a: Dragonite|Dragonite, F, shiny, tera:Normal|55/100
|switch|p2a: Vileplume|Vileplume, M|61/100
|
|-weather|SunnyDay|[upkeep]
|upkeep
|turn|29
|
|t:|1779949214
|switch|p2a: Great Tusk|Great Tusk|100/100
|-activate|p2a: Great Tusk|ability: Protosynthesis
|-start|p2a: Great Tusk|protosynthesisatk
|move|p1a: Dragonite|Extreme Speed|p2a: Great Tusk
|-damage|p2a: Great Tusk|66/100
|
|-weather|SunnyDay|[upkeep]
|upkeep
|turn|30
|inactive|pokeaurabuster$_& has 120 seconds left.
|
|t:|1779949229
|switch|p1a: Moltres|Moltres, shiny|72/100
|move|p2a: Great Tusk|Ice Spinner|p1a: Moltres
|-damage|p1a: Moltres|42/100
|
|-weather|SunnyDay|[upkeep]
|upkeep
|turn|31
|
|t:|1779949248
|move|p2a: Great Tusk|Headlong Rush|p1a: Moltres
|-immune|p1a: Moltres
|move|p1a: Moltres|Roost|p1a: Moltres
|-heal|p1a: Moltres|92/100
|-singleturn|p1a: Moltres|move: Roost
|
|-weather|SunnyDay|[upkeep]
|upkeep
|turn|32
|
|t:|1779949260
|-end|p2a: Great Tusk|Protosynthesis|[silent]
|switch|p2a: Torkoal|Torkoal, F, tera:Grass|34/100 tox
|move|p1a: Moltres|Flamethrower|p2a: Torkoal
|-supereffective|p2a: Torkoal
|-damage|p2a: Torkoal|0 fnt
|faint|p2a: Torkoal
|
|-weather|SunnyDay|[upkeep]
|upkeep
|
|t:|1779949281
|switch|p2a: Walking Wake|Walking Wake|25/100 tox
|-activate|p2a: Walking Wake|ability: Protosynthesis
|-start|p2a: Walking Wake|protosynthesisspe
|turn|33
|
|t:|1779949284
|switch|p1a: Toxapex|Toxapex, F, shiny|100/100
|-damage|p1a: Toxapex|88/100|[from] Stealth Rock
|move|p2a: Walking Wake|Dragon Pulse|p1a: Toxapex
|-damage|p1a: Toxapex|53/100
|-damage|p2a: Walking Wake|15/100 tox|[from] item: Life Orb
|
|-weather|SunnyDay|[upkeep]
|-heal|p1a: Toxapex|59/100|[from] item: Black Sludge
|-damage|p2a: Walking Wake|9/100 tox|[from] psn
|upkeep
|turn|34
|
|t:|1779949290
|move|p2a: Walking Wake|Dragon Pulse|p1a: Toxapex
|-damage|p1a: Toxapex|22/100
|-damage|p2a: Walking Wake|0 fnt|[from] item: Life Orb
|faint|p2a: Walking Wake
|-end|p2a: Walking Wake|Protosynthesis|[silent]
|move|p1a: Toxapex|Recover|p1a: Toxapex
|-heal|p1a: Toxapex|72/100
|
|-weather|none
|-heal|p1a: Toxapex|78/100|[from] item: Black Sludge
|upkeep
|inactive|2(sweet) has 120 seconds left.
|
|t:|1779949322
|switch|p2a: Great Tusk|Great Tusk|66/100
|-enditem|p2a: Great Tusk|Booster Energy
|-activate|p2a: Great Tusk|ability: Protosynthesis|[fromitem]
|-start|p2a: Great Tusk|protosynthesisatk
|turn|35
|-message|2(sweet) forfeited.
|
|win|pokeaurabuster$_&
|raw|pokeaurabuster$_&amp;'s rating: 1246 &rarr; <strong>1271</strong><br />(+25 for winning)
|raw|2(sweet)'s rating: 1245 &rarr; <strong>1220</strong><br />(-25 for losing)
|l|☆2(sweet)
|player|p2|
|c|☆pokeaurabuster$_&|Gg wp
|l|☆pokeaurabuster$_&
|player|p1|
