|j|☆goderockthetrashed
|j|☆Dolispas
|t:|1779963338
|gametype|singles
|player|p1|goderockthetrashed|worker-gen4|1086
|player|p2|Dolispas|morty|1064
|gen|9
|tier|[Gen 9] OU
|rated|
|rule|HP Percentage Mod: HP is shown in percentages
|rule|Endless Battle Clause: Forcing endless battles is banned
|rule|Species Clause: Limit one of each Pokémon
|rule|OHKO Clause: OHKO moves are banned
|rule|Evasion Items Clause: Evasion items are banned
|rule|Evasion Moves Clause: Evasion moves are banned
|rule|Evasion Abilities Clause: Evasion abilities are banned
|rule|Sleep Moves Clause: Sleep-inducing moves are banned
|clearpoke
|poke|p1|Magnezone|
|poke|p1|Dragapult, M|
|poke|p1|Typhlosion-Hisui, F|
|poke|p1|Registeel|
|poke|p1|Ursaluna, M|
|poke|p1|Primarina, F|
|poke|p2|Delphox, F|
|poke|p2|Decidueye-Hisui, M|
|poke|p2|Swampert, M|
|poke|p2|Goodra-Hisui, F|
|poke|p2|Toxtricity, M|
|poke|p2|Zoroark-Hisui, F|
|teampreview
|inactive|Battle timer is ON: inactive players will automatically lose when time's up. (requested by Dolispas)
|
|t:|1779963344
|teamsize|p1|6
|teamsize|p2|6
|start
|switch|p1a: Lanza bebes|Dragapult, M|100/100
|switch|p2a: The Shield-Lizard|Goodra-Hisui, F|100/100
|turn|1
|
|t:|1779963355
|move|p2a: The Shield-Lizard|Trick|p1a: Lanza bebes
|-activate|p2a: The Shield-Lizard|move: Trick|[of] p1a: Lanza bebes
|-item|p1a: Lanza bebes|Choice Scarf|[from] move: Trick
|-item|p2a: The Shield-Lizard|Draco Plate|[from] move: Trick
|move|p1a: Lanza bebes|Dragon Darts|p2a: The Shield-Lizard
|-damage|p2a: The Shield-Lizard|59/100
|replace|p2a: Zoroark|Zoroark-Hisui, F, shiny
|-end|p2a: Zoroark|Illusion
|-anim|p1a: Lanza bebes|Dragon Darts|p2a: Zoroark
|-damage|p2a: Zoroark|17/100
|
|upkeep
|turn|2
|
|t:|1779963367
|switch|p2a: Swampert|Swampert, M|100/100
|move|p1a: Lanza bebes|Dragon Darts|p2a: Swampert
|-damage|p2a: Swampert|82/100
|-anim|p1a: Lanza bebes|Dragon Darts|p2a: Swampert
|-damage|p2a: Swampert|61/100
|
|upkeep
|turn|3
|
|t:|1779963376
|switch|p1a: BEAR WITNESS|Ursaluna, M|100/100
|move|p2a: Swampert|Stealth Rock|p1a: BEAR WITNESS
|-sidestart|p1: goderockthetrashed|move: Stealth Rock
|
|upkeep
|turn|4
|
|t:|1779963385
|move|p1a: BEAR WITNESS|Seed Bomb|p2a: Swampert
|-supereffective|p2a: Swampert
|-damage|p2a: Swampert|0 fnt
|faint|p2a: Swampert
|
|upkeep
|
|t:|1779963390
|switch|p2a: The Shield-Lizard|Goodra-Hisui, F|17/100
|turn|5
|
|t:|1779963394
|move|p2a: The Shield-Lizard|Pain Split|p1a: BEAR WITNESS
|-sethp|p1a: BEAR WITNESS|56/100|[from] move: Pain Split|[silent]
|-sethp|p2a: The Shield-Lizard|83/100|[from] move: Pain Split
|move|p1a: BEAR WITNESS|Earthquake|p2a: The Shield-Lizard
|-damage|p2a: The Shield-Lizard|0 fnt
|replace|p2a: Zoroark|Zoroark-Hisui, F, shiny
|-end|p2a: Zoroark|Illusion
|faint|p2a: Zoroark
|
|upkeep
|
|t:|1779963402
|switch|p2a: Decidueye|Decidueye-Hisui, M|100/100
|turn|6
|
|t:|1779963406
|move|p2a: Decidueye|Triple Arrows|p1a: BEAR WITNESS
|-supereffective|p1a: BEAR WITNESS
|-damage|p1a: BEAR WITNESS|3/100
|move|p1a: BEAR WITNESS|Gunk Shot|p2a: Decidueye
|-supereffective|p2a: Decidueye
|-crit|p2a: Decidueye
|-enditem|p2a: Decidueye|Focus Sash
|-damage|p2a: Decidueye|1/100
|
|upkeep
|turn|7
|
|t:|1779963418
|move|p2a: Decidueye|Sucker Punch|p1a: BEAR WITNESS
|-damage|p1a: BEAR WITNESS|0 fnt
|faint|p1a: BEAR WITNESS
|
|upkeep
|
|t:|1779963425
|switch|p1a: avernus|Typhlosion-Hisui, F|100/100
|-damage|p1a: avernus|76/100|[from] Stealth Rock
|turn|8
|
|t:|1779963439
|move|p2a: Decidueye|Sucker Punch|p1a: avernus
|-supereffective|p1a: avernus
|-damage|p1a: avernus|19/100
|move|p1a: avernus|Extrasensory|p2a: Decidueye
|-supereffective|p2a: Decidueye
|-damage|p2a: Decidueye|0 fnt
|faint|p2a: Decidueye
|
|upkeep
|
|t:|1779963446
|switch|p2a: Goupelin|Delphox, F|100/100
|turn|9
|
|t:|1779963452
|switch|p1a: Lanza bebes|Dragapult, M|100/100
|-damage|p1a: Lanza bebes|88/100|[from] Stealth Rock
|move|p2a: Goupelin|Psychic|p1a: Lanza bebes
|-damage|p1a: Lanza bebes|33/100
|
|upkeep
|turn|10
|
|t:|1779963459
|move|p1a: Lanza bebes|Sucker Punch|p2a: Goupelin
|-supereffective|p2a: Goupelin
|-damage|p2a: Goupelin|45/100
|move|p2a: Goupelin|Psychic|p1a: Lanza bebes
|-damage|p1a: Lanza bebes|0 fnt
|faint|p1a: Lanza bebes
|
|upkeep
|
|t:|1779963468
|switch|p1a: ௹௹௹௹௹௹|Primarina, F|100/100
|-damage|p1a: ௹௹௹௹௹௹|88/100|[from] Stealth Rock
|turn|11
|
|t:|1779963472
|move|p2a: Goupelin|Psychic|p1a: ௹௹௹௹௹௹
|-damage|p1a: ௹௹௹௹௹௹|55/100
|move|p1a: ௹௹௹௹௹௹|Hyper Voice|p2a: Goupelin
|-supereffective|p2a: Goupelin
|-damage|p2a: Goupelin|0 fnt
|faint|p2a: Goupelin
|
|-heal|p1a: ௹௹௹௹௹௹|61/100|[from] item: Leftovers
|upkeep
|
|t:|1779963480
|switch|p2a: Toxtricity|Toxtricity, M|100/100
|turn|12
|
|t:|1779963495
|-terastallize|p1a: ௹௹௹௹௹௹|Fairy
|move|p2a: Toxtricity|Sludge Wave|p1a: ௹௹௹௹௹௹
|-supereffective|p1a: ௹௹௹௹௹௹
|-crit|p1a: ௹௹௹௹௹௹
|-damage|p1a: ௹௹௹௹௹௹|0 fnt
|faint|p1a: ௹௹௹௹௹௹
|
|upkeep
|
|t:|1779963501
|switch|p1a: avernus|Typhlosion-Hisui, F|19/100
|-damage|p1a: avernus|0 fnt|[from] Stealth Rock
|faint|p1a: avernus
|
|t:|1779963506
|switch|p1a: Bola di metano|Registeel|100/100
|-damage|p1a: Bola di metano|94/100|[from] Stealth Rock
|turn|13
|
|t:|1779963520
|move|p2a: Toxtricity|Thunder|p1a: Bola di metano|[miss]
|-miss|p2a: Toxtricity|p1a: Bola di metano
|move|p1a: Bola di metano|Earthquake|p2a: Toxtricity
|-supereffective|p2a: Toxtricity
|-damage|p2a: Toxtricity|0 fnt
|faint|p2a: Toxtricity
|
|upkeep
|
|t:|1779963529
|switch|p2a: The Shield-Lizard|Goodra-Hisui, F|100/100
|turn|14
|
|t:|1779963541
|move|p2a: The Shield-Lizard|Acid Armor|p2a: The Shield-Lizard
|-boost|p2a: The Shield-Lizard|def|2
|move|p1a: Bola di metano|Earthquake|p2a: The Shield-Lizard
|-supereffective|p2a: The Shield-Lizard
|-damage|p2a: The Shield-Lizard|86/100
|
|upkeep
|turn|15
|
|t:|1779963547
|move|p2a: The Shield-Lizard|Acid Armor|p2a: The Shield-Lizard
|-boost|p2a: The Shield-Lizard|def|2
|move|p1a: Bola di metano|Curse|p1a: Bola di metano
|-unboost|p1a: Bola di metano|spe|1
|-boost|p1a: Bola di metano|atk|1
|-boost|p1a: Bola di metano|def|1
|
|upkeep
|turn|16
|
|t:|1779963553
|move|p2a: The Shield-Lizard|Acid Armor|p2a: The Shield-Lizard
|-boost|p2a: The Shield-Lizard|def|2
|move|p1a: Bola di metano|Curse|p1a: Bola di metano
|-unboost|p1a: Bola di metano|spe|1
|-boost|p1a: Bola di metano|atk|1
|-boost|p1a: Bola di metano|def|1
|
|upkeep
|turn|17
|
|t:|1779963562
|move|p2a: The Shield-Lizard|Draco Meteor|p1a: Bola di metano|[miss]
|-miss|p2a: The Shield-Lizard|p1a: Bola di metano
|move|p1a: Bola di metano|Curse|p1a: Bola di metano
|-unboost|p1a: Bola di metano|spe|1
|-boost|p1a: Bola di metano|atk|1
|-boost|p1a: Bola di metano|def|1
|
|upkeep
|turn|18
|
|t:|1779963573
|move|p2a: The Shield-Lizard|Acid Armor|p2a: The Shield-Lizard
|-boost|p2a: The Shield-Lizard|def|0
|move|p1a: Bola di metano|Curse|p1a: Bola di metano
|-unboost|p1a: Bola di metano|spe|1
|-boost|p1a: Bola di metano|atk|1
|-boost|p1a: Bola di metano|def|1
|
|upkeep
|turn|19
|
|t:|1779963580
|move|p2a: The Shield-Lizard|Acid Armor|p2a: The Shield-Lizard
|-boost|p2a: The Shield-Lizard|def|0
|move|p1a: Bola di metano|Curse|p1a: Bola di metano
|-unboost|p1a: Bola di metano|spe|1
|-boost|p1a: Bola di metano|atk|1
|-boost|p1a: Bola di metano|def|1
|
|upkeep
|turn|20
|
|t:|1779963587
|move|p2a: The Shield-Lizard|Acid Armor|p2a: The Shield-Lizard
|-boost|p2a: The Shield-Lizard|def|0
|move|p1a: Bola di metano|Curse|p1a: Bola di metano
|-unboost|p1a: Bola di metano|spe|1
|-boost|p1a: Bola di metano|atk|1
|-boost|p1a: Bola di metano|def|1
|
|upkeep
|turn|21
|
|t:|1779963594
|move|p2a: The Shield-Lizard|Acid Armor|p2a: The Shield-Lizard
|-boost|p2a: The Shield-Lizard|def|0
|move|p1a: Bola di metano|Earthquake|p2a: The Shield-Lizard
|-supereffective|p2a: The Shield-Lizard
|-damage|p2a: The Shield-Lizard|53/100
|
|upkeep
|turn|22
|
|t:|1779963600
|move|p2a: The Shield-Lizard|Acid Armor|p2a: The Shield-Lizard
|-boost|p2a: The Shield-Lizard|def|0
|move|p1a: Bola di metano|Earthquake|p2a: The Shield-Lizard
|-supereffective|p2a: The Shield-Lizard
|-damage|p2a: The Shield-Lizard|24/100
|
|upkeep
|turn|23
|
|t:|1779963608
|move|p2a: The Shield-Lizard|Rest|p2a: The Shield-Lizard
|-status|p2a: The Shield-Lizard|slp|[from] move: Rest
|-heal|p2a: The Shield-Lizard|100/100 slp|[silent]
|move|p1a: Bola di metano|Earthquake|p2a: The Shield-Lizard
|-supereffective|p2a: The Shield-Lizard
|-damage|p2a: The Shield-Lizard|71/100 slp
|
|upkeep
|turn|24
|
|t:|1779963615
|cant|p2a: The Shield-Lizard|slp
|move|p1a: Bola di metano|Earthquake|p2a: The Shield-Lizard
|-supereffective|p2a: The Shield-Lizard
|-damage|p2a: The Shield-Lizard|42/100 slp
|
|upkeep
|turn|25
|
|t:|1779963621
|cant|p2a: The Shield-Lizard|slp
|move|p1a: Bola di metano|Earthquake|p2a: The Shield-Lizard
|-supereffective|p2a: The Shield-Lizard
|-damage|p2a: The Shield-Lizard|10/100 slp
|
|upkeep
|turn|26
|
|t:|1779963628
|-curestatus|p2a: The Shield-Lizard|slp|[msg]
|move|p2a: The Shield-Lizard|Rest|p2a: The Shield-Lizard
|-status|p2a: The Shield-Lizard|slp|[from] move: Rest
|-heal|p2a: The Shield-Lizard|100/100 slp|[silent]
|move|p1a: Bola di metano|Earthquake|p2a: The Shield-Lizard
|-supereffective|p2a: The Shield-Lizard
|-damage|p2a: The Shield-Lizard|68/100 slp
|
|upkeep
|turn|27
|
|t:|1779963637
|cant|p2a: The Shield-Lizard|slp
|move|p1a: Bola di metano|Ice Spinner|p2a: The Shield-Lizard
|-damage|p2a: The Shield-Lizard|55/100 slp
|
|upkeep
|turn|28
|
|t:|1779963644
|cant|p2a: The Shield-Lizard|slp
|move|p1a: Bola di metano|Earthquake|p2a: The Shield-Lizard
|-supereffective|p2a: The Shield-Lizard
|-damage|p2a: The Shield-Lizard|25/100 slp
|
|upkeep
|turn|29
|c|☆goderockthetrashed|2 nobodes fighting over nothing at the end of the world
|
|t:|1779963657
|-curestatus|p2a: The Shield-Lizard|slp|[msg]
|move|p2a: The Shield-Lizard|Rest|p2a: The Shield-Lizard
|-status|p2a: The Shield-Lizard|slp|[from] move: Rest
|-heal|p2a: The Shield-Lizard|100/100 slp|[silent]
|move|p1a: Bola di metano|Earthquake|p2a: The Shield-Lizard
|-supereffective|p2a: The Shield-Lizard
|-damage|p2a: The Shield-Lizard|69/100 slp
|
|upkeep
|turn|30
|
|t:|1779963667
|cant|p2a: The Shield-Lizard|slp
|move|p1a: Bola di metano|Ice Spinner|p2a: The Shield-Lizard
|-damage|p2a: The Shield-Lizard|56/100 slp
|
|upkeep
|turn|31
|
|t:|1779963672
|cant|p2a: The Shield-Lizard|slp
|move|p1a: Bola di metano|Ice Spinner|p2a: The Shield-Lizard
|-damage|p2a: The Shield-Lizard|43/100 slp
|
|upkeep
|turn|32
|
|t:|1779963678
|-curestatus|p2a: The Shield-Lizard|slp|[msg]
|move|p2a: The Shield-Lizard|Acid Armor|p2a: The Shield-Lizard
|-boost|p2a: The Shield-Lizard|def|0
|move|p1a: Bola di metano|Earthquake|p2a: The Shield-Lizard
|-supereffective|p2a: The Shield-Lizard
|-damage|p2a: The Shield-Lizard|12/100
|
|upkeep
|turn|33
|
|t:|1779963685
|move|p2a: The Shield-Lizard|Rest|p2a: The Shield-Lizard
|-status|p2a: The Shield-Lizard|slp|[from] move: Rest
|-heal|p2a: The Shield-Lizard|100/100 slp|[silent]
|move|p1a: Bola di metano|Earthquake|p2a: The Shield-Lizard
|-supereffective|p2a: The Shield-Lizard
|-damage|p2a: The Shield-Lizard|71/100 slp
|
|upkeep
|turn|34
|
|t:|1779963693
|cant|p2a: The Shield-Lizard|slp
|move|p1a: Bola di metano|Ice Spinner|p2a: The Shield-Lizard
|-damage|p2a: The Shield-Lizard|59/100 slp
|
|upkeep
|turn|35
|
|t:|1779963699
|cant|p2a: The Shield-Lizard|slp
|move|p1a: Bola di metano|Ice Spinner|p2a: The Shield-Lizard
|-damage|p2a: The Shield-Lizard|46/100 slp
|
|upkeep
|turn|36
|
|t:|1779963704
|-curestatus|p2a: The Shield-Lizard|slp|[msg]
|move|p2a: The Shield-Lizard|Acid Armor|p2a: The Shield-Lizard
|-boost|p2a: The Shield-Lizard|def|0
|move|p1a: Bola di metano|Ice Spinner|p2a: The Shield-Lizard
|-damage|p2a: The Shield-Lizard|33/100
|
|upkeep
|turn|37
|
|t:|1779963711
|move|p2a: The Shield-Lizard|Rest|p2a: The Shield-Lizard
|-status|p2a: The Shield-Lizard|slp|[from] move: Rest
|-heal|p2a: The Shield-Lizard|100/100 slp|[silent]
|move|p1a: Bola di metano|Ice Spinner|p2a: The Shield-Lizard
|-damage|p2a: The Shield-Lizard|87/100 slp
|
|upkeep
|turn|38
|
|t:|1779963720
|cant|p2a: The Shield-Lizard|slp
|move|p1a: Bola di metano|Ice Spinner|p2a: The Shield-Lizard
|-damage|p2a: The Shield-Lizard|74/100 slp
|
|upkeep
|turn|39
|c|☆goderockthetrashed|how many pp is rest
|
|t:|1779963733
|cant|p2a: The Shield-Lizard|slp
|move|p1a: Bola di metano|Ice Spinner|p2a: The Shield-Lizard
|-damage|p2a: The Shield-Lizard|61/100 slp
|
|upkeep
|turn|40
|
|t:|1779963742
|-curestatus|p2a: The Shield-Lizard|slp|[msg]
|move|p2a: The Shield-Lizard|Acid Armor|p2a: The Shield-Lizard
|-boost|p2a: The Shield-Lizard|def|0
|move|p1a: Bola di metano|Ice Spinner|p2a: The Shield-Lizard
|-damage|p2a: The Shield-Lizard|49/100
|
|upkeep
|turn|41
|
|t:|1779963763
|move|p2a: The Shield-Lizard|Acid Armor|p2a: The Shield-Lizard
|-boost|p2a: The Shield-Lizard|def|0
|move|p1a: Bola di metano|Ice Spinner|p2a: The Shield-Lizard
|-damage|p2a: The Shield-Lizard|37/100
|
|upkeep
|turn|42
|
|t:|1779963768
|move|p2a: The Shield-Lizard|Rest|p2a: The Shield-Lizard
|-status|p2a: The Shield-Lizard|slp|[from] move: Rest
|-heal|p2a: The Shield-Lizard|100/100 slp|[silent]
|move|p1a: Bola di metano|Earthquake|p2a: The Shield-Lizard
|-supereffective|p2a: The Shield-Lizard
|-damage|p2a: The Shield-Lizard|67/100 slp
|
|upkeep
|turn|43
|
|t:|1779963781
|cant|p2a: The Shield-Lizard|slp
|move|p1a: Bola di metano|Ice Spinner|p2a: The Shield-Lizard
|-damage|p2a: The Shield-Lizard|55/100 slp
|
|upkeep
|turn|44
|
|t:|1779963787
|-terastallize|p2a: The Shield-Lizard|Dragon
|cant|p2a: The Shield-Lizard|slp
|move|p1a: Bola di metano|Ice Spinner|p2a: The Shield-Lizard
|-supereffective|p2a: The Shield-Lizard
|-damage|p2a: The Shield-Lizard|29/100 slp
|
|upkeep
|turn|45
|
|t:|1779963794
|-curestatus|p2a: The Shield-Lizard|slp|[msg]
|move|p2a: The Shield-Lizard|Rest|p2a: The Shield-Lizard
|-status|p2a: The Shield-Lizard|slp|[from] move: Rest
|-heal|p2a: The Shield-Lizard|100/100 slp|[silent]
|move|p1a: Bola di metano|Ice Spinner|p2a: The Shield-Lizard
|-supereffective|p2a: The Shield-Lizard
|-damage|p2a: The Shield-Lizard|74/100 slp
|
|upkeep
|turn|46
|
|t:|1779963804
|cant|p2a: The Shield-Lizard|slp
|move|p1a: Bola di metano|Ice Spinner|p2a: The Shield-Lizard
|-supereffective|p2a: The Shield-Lizard
|-damage|p2a: The Shield-Lizard|48/100 slp
|
|upkeep
|turn|47
|
|t:|1779963810
|cant|p2a: The Shield-Lizard|slp
|move|p1a: Bola di metano|Ice Spinner|p2a: The Shield-Lizard
|-supereffective|p2a: The Shield-Lizard
|-damage|p2a: The Shield-Lizard|25/100 slp
|
|upkeep
|turn|48
|
|t:|1779963816
|-curestatus|p2a: The Shield-Lizard|slp|[msg]
|move|p2a: The Shield-Lizard|Rest|p2a: The Shield-Lizard
|-status|p2a: The Shield-Lizard|slp|[from] move: Rest
|-heal|p2a: The Shield-Lizard|100/100 slp|[silent]
|move|p1a: Bola di metano|Ice Spinner|p2a: The Shield-Lizard
|-supereffective|p2a: The Shield-Lizard
|-damage|p2a: The Shield-Lizard|77/100 slp
|
|upkeep
|turn|49
|
|t:|1779963824
|cant|p2a: The Shield-Lizard|slp
|move|p1a: Bola di metano|Heavy Slam|p2a: The Shield-Lizard
|-damage|p2a: The Shield-Lizard|65/100 slp
|
|upkeep
|turn|50
|
|t:|1779963829
|cant|p2a: The Shield-Lizard|slp
|move|p1a: Bola di metano|Heavy Slam|p2a: The Shield-Lizard
|-damage|p2a: The Shield-Lizard|54/100 slp
|
|upkeep
|turn|51
|
|t:|1779963834
|-curestatus|p2a: The Shield-Lizard|slp|[msg]
|move|p2a: The Shield-Lizard|Acid Armor|p2a: The Shield-Lizard
|-boost|p2a: The Shield-Lizard|def|0
|move|p1a: Bola di metano|Heavy Slam|p2a: The Shield-Lizard
|-damage|p2a: The Shield-Lizard|41/100
|
|upkeep
|turn|52
|
|t:|1779963842
|move|p2a: The Shield-Lizard|Acid Armor|p2a: The Shield-Lizard
|-boost|p2a: The Shield-Lizard|def|0
|move|p1a: Bola di metano|Heavy Slam|p2a: The Shield-Lizard
|-damage|p2a: The Shield-Lizard|28/100
|
|upkeep
|turn|53
|c|☆Dolispas|heuuuuu
|
|t:|1779963849
|move|p2a: The Shield-Lizard|Acid Armor|p2a: The Shield-Lizard
|-boost|p2a: The Shield-Lizard|def|0
|move|p1a: Bola di metano|Ice Spinner|p2a: The Shield-Lizard
|-supereffective|p2a: The Shield-Lizard
|-damage|p2a: The Shield-Lizard|2/100
|
|upkeep
|turn|54
|c|☆Dolispas|gg
|c|☆Dolispas|ggggg
|
|t:|1779963861
|move|p2a: The Shield-Lizard|Draco Meteor|p1a: Bola di metano
|-resisted|p1a: Bola di metano
|-damage|p1a: Bola di metano|64/100
|-unboost|p2a: The Shield-Lizard|spa|2
|-damage|p2a: The Shield-Lizard|0 fnt|[from] item: Life Orb
|faint|p2a: The Shield-Lizard
|
|win|goderockthetrashed
|raw|goderockthetrashed's rating: 1086 &rarr; <strong>1111</strong><br />(+25 for winning)
|raw|Dolispas's rating: 1064 &rarr; <strong>1046</strong><br />(-18 for losing)
|c|☆goderockthetrashed|gg
|l|☆Dolispas
|player|p2|
