|j|☆Dakota1683
|j|☆GGeodude1212
|t:|1779963094
|gametype|singles
|player|p1|Dakota1683|101|1159
|player|p2|GGeodude1212|drayden|1255
|gen|9
|tier|[Gen 9] OU
|rated|
|rule|HP Percentage Mod: HP is shown in percentages
|rule|Endless Battle Clause: Forcing endless battles is banned
|rule|Species Clause: Limit one of each Pokémon
|rule|OHKO Clause: OHKO moves are banned
|rule|Evasion Items Clause: Evasion items are banned
|rule|Evasion Moves Clause: Evasion moves are banned
|rule|Evasion Abilities Clause: Evasion abilities are banned
|rule|Sleep Moves Clause: Sleep-inducing moves are banned
|clearpoke
|poke|p1|Breloom, M|
|poke|p1|Metagross|
|poke|p1|Swampert, F|
|poke|p1|Latias, F|
|poke|p1|Torkoal, F|
|poke|p1|Gardevoir, F|
|poke|p2|Zamazenta-*|
|poke|p2|Arcanine, F|
|poke|p2|Lucario, M|
|poke|p2|Suicune|
|poke|p2|Espeon, M|
|poke|p2|Raging Bolt|
|teampreview
|
|t:|1779963111
|teamsize|p1|6
|teamsize|p2|6
|start
|switch|p1a: Swampert|Swampert, F|100/100
|switch|p2a: Espeon|Espeon, M|100/100
|turn|1
|
|t:|1779963117
|move|p2a: Espeon|Calm Mind|p2a: Espeon
|-boost|p2a: Espeon|spa|1
|-boost|p2a: Espeon|spd|1
|move|p1a: Swampert|Earthquake|p2a: Espeon
|-damage|p2a: Espeon|53/100
|-enditem|p2a: Espeon|Kee Berry|[eat]
|-boost|p2a: Espeon|def|1|[from] item: Kee Berry
|
|upkeep
|turn|2
|
|t:|1779963133
|move|p2a: Espeon|Calm Mind|p2a: Espeon
|-boost|p2a: Espeon|spa|1
|-boost|p2a: Espeon|spd|1
|move|p1a: Swampert|Earthquake|p2a: Espeon
|-damage|p2a: Espeon|19/100
|
|upkeep
|turn|3
|
|t:|1779963161
|-terastallize|p1a: Swampert|Water
|move|p2a: Espeon|Morning Sun|p2a: Espeon
|-heal|p2a: Espeon|69/100
|move|p1a: Swampert|Liquidation|p2a: Espeon
|-damage|p2a: Espeon|32/100
|
|upkeep
|turn|4
|
|t:|1779963173
|move|p2a: Espeon|Morning Sun|p2a: Espeon
|-heal|p2a: Espeon|82/100
|move|p1a: Swampert|Liquidation|p2a: Espeon
|-damage|p2a: Espeon|39/100
|
|upkeep
|turn|5
|
|t:|1779963179
|move|p2a: Espeon|Stored Power|p1a: Swampert
|-damage|p1a: Swampert|33/100
|move|p1a: Swampert|Liquidation|p2a: Espeon
|-damage|p2a: Espeon|0 fnt
|faint|p2a: Espeon
|
|upkeep
|
|t:|1779963187
|switch|p2a: Raging Bolt|Raging Bolt|100/100
|-enditem|p2a: Raging Bolt|Booster Energy
|-activate|p2a: Raging Bolt|ability: Protosynthesis|[fromitem]
|-start|p2a: Raging Bolt|protosynthesisspa
|turn|6
|
|t:|1779963193
|switch|p1a: Gardevoir|Gardevoir, F|100/100
|move|p2a: Raging Bolt|Thunderbolt|p1a: Gardevoir
|-damage|p1a: Gardevoir|70/100
|
|upkeep
|turn|7
|
|t:|1779963216
|-end|p2a: Raging Bolt|Protosynthesis|[silent]
|switch|p2a: Arcanine|Arcanine, F|100/100
|-ability|p2a: Arcanine|Intimidate|boost
|-unboost|p1a: Gardevoir|atk|1
|move|p1a: Gardevoir|Draining Kiss|p2a: Arcanine
|-resisted|p2a: Arcanine
|-damage|p2a: Arcanine|90/100
|-heal|p1a: Gardevoir|80/100|[from] drain|[of] p2a: Arcanine
|
|upkeep
|turn|8
|
|t:|1779963224
|switch|p1a: Torkoal|Torkoal, F|100/100
|move|p2a: Arcanine|Flare Blitz|p1a: Torkoal
|-resisted|p1a: Torkoal
|-damage|p1a: Torkoal|73/100
|-damage|p2a: Arcanine|81/100|[from] Recoil
|
|upkeep
|turn|9
|
|t:|1779963236
|switch|p2a: Suicune|Suicune|100/100
|-ability|p2a: Suicune|Pressure
|move|p1a: Torkoal|Body Press|p2a: Suicune
|-damage|p2a: Suicune|82/100
|
|-heal|p2a: Suicune|88/100|[from] item: Leftovers
|upkeep
|turn|10
|
|t:|1779963240
|switch|p1a: Breloom|Breloom, M|100/100
|move|p2a: Suicune|Calm Mind|p2a: Suicune
|-boost|p2a: Suicune|spa|1
|-boost|p2a: Suicune|spd|1
|
|-heal|p2a: Suicune|94/100|[from] item: Leftovers
|upkeep
|turn|11
|
|t:|1779963243
|switch|p2a: Arcanine|Arcanine, F|81/100
|-ability|p2a: Arcanine|Intimidate|boost
|-unboost|p1a: Breloom|atk|1
|move|p1a: Breloom|Bullet Seed|p2a: Arcanine
|-resisted|p2a: Arcanine
|-damage|p2a: Arcanine|74/100
|-resisted|p2a: Arcanine
|-damage|p2a: Arcanine|66/100
|-hitcount|p2a: Arcanine|2
|
|upkeep
|turn|12
|
|t:|1779963252
|switch|p1a: Torkoal|Torkoal, F|73/100
|move|p2a: Arcanine|Flare Blitz|p1a: Torkoal
|-resisted|p1a: Torkoal
|-damage|p1a: Torkoal|49/100
|-damage|p2a: Arcanine|59/100|[from] Recoil
|
|upkeep
|turn|13
|
|t:|1779963262
|switch|p2a: Suicune|Suicune|94/100
|-ability|p2a: Suicune|Pressure
|move|p1a: Torkoal|Body Press|p2a: Suicune
|-damage|p2a: Suicune|76/100
|
|-heal|p2a: Suicune|83/100|[from] item: Leftovers
|upkeep
|turn|14
|
|t:|1779963267
|switch|p1a: Breloom|Breloom, M|100/100
|move|p2a: Suicune|Scald|p1a: Breloom
|-resisted|p1a: Breloom
|-damage|p1a: Breloom|82/100
|
|-heal|p2a: Suicune|89/100|[from] item: Leftovers
|upkeep
|turn|15
|
|t:|1779963270
|switch|p2a: Arcanine|Arcanine, F|59/100
|-ability|p2a: Arcanine|Intimidate|boost
|-unboost|p1a: Breloom|atk|1
|move|p1a: Breloom|Drain Punch|p2a: Arcanine
|-damage|p2a: Arcanine|27/100
|-heal|p1a: Breloom|100/100|[from] drain|[of] p2a: Arcanine
|
|upkeep
|turn|16
|
|t:|1779963293
|move|p1a: Breloom|Mach Punch|p2a: Arcanine
|-damage|p2a: Arcanine|0 fnt
|faint|p2a: Arcanine
|
|upkeep
|
|t:|1779963299
|switch|p2a: Zamazenta|Zamazenta|100/100
|-ability|p2a: Zamazenta|Dauntless Shield|boost
|-boost|p2a: Zamazenta|def|1
|turn|17
|
|t:|1779963305
|switch|p1a: Latias|Latias, F|100/100
|move|p2a: Zamazenta|Iron Defense|p2a: Zamazenta
|-boost|p2a: Zamazenta|def|2
|
|upkeep
|turn|18
|
|t:|1779963316
|move|p2a: Zamazenta|Trailblaze|p1a: Latias
|-resisted|p1a: Latias
|-damage|p1a: Latias|92/100
|-boost|p2a: Zamazenta|spe|1
|move|p1a: Latias|Mist Ball|p2a: Zamazenta
|-supereffective|p2a: Zamazenta
|-damage|p2a: Zamazenta|0 fnt
|faint|p2a: Zamazenta
|
|upkeep
|
|t:|1779963336
|switch|p2a: Lucario|Lucario, M|100/100
|turn|19
|
|t:|1779963354
|move|p1a: Latias|Mist Ball|p2a: Lucario
|-damage|p2a: Lucario|22/100
|-unboost|p2a: Lucario|spa|1
|move|p2a: Lucario|Swords Dance|p2a: Lucario
|-boost|p2a: Lucario|atk|2
|
|upkeep
|turn|20
|
|t:|1779963364
|switch|p1a: Torkoal|Torkoal, F|49/100
|move|p2a: Lucario|Extreme Speed|p1a: Torkoal
|-damage|p1a: Torkoal|21/100
|
|upkeep
|turn|21
|
|t:|1779963373
|move|p2a: Lucario|Extreme Speed|p1a: Torkoal
|-damage|p1a: Torkoal|0 fnt
|faint|p1a: Torkoal
|
|upkeep
|
|t:|1779963379
|switch|p1a: Breloom|Breloom, M|100/100
|turn|22
|
|t:|1779963386
|move|p2a: Lucario|Extreme Speed|p1a: Breloom
|-damage|p1a: Breloom|39/100
|move|p1a: Breloom|Mach Punch|p2a: Lucario
|-supereffective|p2a: Lucario
|-damage|p2a: Lucario|0 fnt
|faint|p2a: Lucario
|
|upkeep
|
|t:|1779963393
|switch|p2a: Raging Bolt|Raging Bolt|100/100
|turn|23
|
|t:|1779963401
|move|p2a: Raging Bolt|Dragon Pulse|p1a: Breloom
|-damage|p1a: Breloom|0 fnt
|faint|p1a: Breloom
|
|upkeep
|
|t:|1779963410
|switch|p1a: Latias|Latias, F|92/100
|turn|24
|
|t:|1779963415
|move|p1a: Latias|Draco Meteor|p2a: Raging Bolt|[miss]
|-miss|p1a: Latias|p2a: Raging Bolt
|move|p2a: Raging Bolt|Dragon Pulse|p1a: Latias
|-supereffective|p1a: Latias
|-damage|p1a: Latias|5/100
|
|upkeep
|turn|25
|
|t:|1779963420
|switch|p1a: Metagross|Metagross|100/100
|move|p2a: Raging Bolt|Thunderclap||[still]
|-fail|p2a: Raging Bolt
|
|upkeep
|turn|26
|
|t:|1779963423
|move|p2a: Raging Bolt|Thunderbolt|p1a: Metagross
|-damage|p1a: Metagross|64/100
|-status|p1a: Metagross|par
|move|p1a: Metagross|Earthquake|p2a: Raging Bolt
|-supereffective|p2a: Raging Bolt
|-damage|p2a: Raging Bolt|33/100
|
|upkeep
|turn|27
|
|t:|1779963436
|move|p2a: Raging Bolt|Thunderbolt|p1a: Metagross
|-damage|p1a: Metagross|25/100 par
|move|p1a: Metagross|Psychic Fangs|p2a: Raging Bolt
|-damage|p2a: Raging Bolt|0 fnt
|faint|p2a: Raging Bolt
|-end|p2a: Raging Bolt|Protosynthesis|[silent]
|
|upkeep
|
|t:|1779963441
|switch|p2a: Suicune|Suicune|89/100
|-ability|p2a: Suicune|Pressure
|turn|28
|
|t:|1779963445
|move|p2a: Suicune|Calm Mind|p2a: Suicune
|-boost|p2a: Suicune|spa|1
|-boost|p2a: Suicune|spd|1
|move|p1a: Metagross|Psychic Fangs|p2a: Suicune
|-damage|p2a: Suicune|60/100
|
|-heal|p2a: Suicune|66/100|[from] item: Leftovers
|upkeep
|turn|29
|
|t:|1779963455
|switch|p1a: Swampert|Swampert, F, tera:Water|33/100
|move|p2a: Suicune|Calm Mind|p2a: Suicune
|-boost|p2a: Suicune|spa|1
|-boost|p2a: Suicune|spd|1
|
|-heal|p2a: Suicune|72/100|[from] item: Leftovers
|upkeep
|turn|30
|
|t:|1779963462
|-terastallize|p2a: Suicune|Water
|move|p2a: Suicune|Scald|p1a: Swampert
|-resisted|p1a: Swampert
|-damage|p1a: Swampert|10/100
|-status|p1a: Swampert|brn
|move|p1a: Swampert|Earthquake|p2a: Suicune
|-damage|p2a: Suicune|59/100
|
|-heal|p2a: Suicune|65/100|[from] item: Leftovers
|-damage|p1a: Swampert|4/100 brn|[from] brn
|upkeep
|turn|31
|
|t:|1779963471
|move|p2a: Suicune|Calm Mind|p2a: Suicune
|-boost|p2a: Suicune|spa|1
|-boost|p2a: Suicune|spd|1
|move|p1a: Swampert|Facade|p2a: Suicune
|-damage|p2a: Suicune|37/100
|
|-heal|p2a: Suicune|43/100|[from] item: Leftovers
|-damage|p1a: Swampert|0 fnt|[from] brn
|faint|p1a: Swampert
|upkeep
|
|t:|1779963481
|switch|p1a: Latias|Latias, F|5/100
|turn|32
|
|t:|1779963486
|move|p1a: Latias|Draco Meteor|p2a: Suicune
|-crit|p2a: Suicune
|-damage|p2a: Suicune|0 fnt
|-unboost|p1a: Latias|spa|2
|faint|p2a: Suicune
|
|win|Dakota1683
|raw|Dakota1683's rating: 1159 &rarr; <strong>1191</strong><br />(+32 for winning)
|raw|GGeodude1212's rating: 1255 &rarr; <strong>1223</strong><br />(-32 for losing)
|c|☆GGeodude1212|:(
|c|☆GGeodude1212|gg
|l|☆GGeodude1212
|player|p2|
|l|☆Dakota1683
|player|p1|
