|j|☆F1amewheel
|j|☆bald wooper
|t:|1779960436
|gametype|singles
|player|p1|F1amewheel|urbain|1454
|player|p2|bald wooper|101|1484
|gen|9
|tier|[Gen 9] OU
|rated|
|rule|HP Percentage Mod: HP is shown in percentages
|rule|Endless Battle Clause: Forcing endless battles is banned
|rule|Species Clause: Limit one of each Pokémon
|rule|OHKO Clause: OHKO moves are banned
|rule|Evasion Items Clause: Evasion items are banned
|rule|Evasion Moves Clause: Evasion moves are banned
|rule|Evasion Abilities Clause: Evasion abilities are banned
|rule|Sleep Moves Clause: Sleep-inducing moves are banned
|clearpoke
|poke|p1|Maushold|
|poke|p1|Samurott-Hisui, F|
|poke|p1|Corviknight, M|
|poke|p1|Iron Moth|
|poke|p1|Kyurem|
|poke|p1|Dragapult, M|
|poke|p2|Regieleki|
|poke|p2|Dragapult, F|
|poke|p2|Alomomola, F|
|poke|p2|Iron Crown|
|poke|p2|Ogerpon-Wellspring, F|
|poke|p2|Meowscarada, F|
|teampreview
|
|t:|1779960447
|teamsize|p1|6
|teamsize|p2|6
|start
|switch|p1a: Samurott|Samurott-Hisui, F|100/100
|switch|p2a: Meowscarada|Meowscarada, F|100/100
|turn|1
|
|t:|1779960451
|move|p2a: Meowscarada|U-turn|p1a: Samurott
|-start|p2a: Meowscarada|typechange|Bug|[from] ability: Protean
|-supereffective|p1a: Samurott
|-enditem|p1a: Samurott|Focus Sash
|-damage|p1a: Samurott|1/100
|
|t:|1779960460
|switch|p2a: Alomomola|Alomomola, F|100/100|[from] U-turn
|move|p1a: Samurott|Ceaseless Edge|p2a: Alomomola
|-damage|p2a: Alomomola|66/100
|-sidestart|p2: bald wooper|Spikes
|
|upkeep
|turn|2
|
|t:|1779960463
|move|p1a: Samurott|Knock Off|p2a: Alomomola
|-damage|p2a: Alomomola|33/100
|-enditem|p2a: Alomomola|Assault Vest|[from] move: Knock Off|[of] p1a: Samurott
|move|p2a: Alomomola|Flip Turn|p1a: Samurott
|-resisted|p1a: Samurott
|-damage|p1a: Samurott|0 fnt
|faint|p1a: Samurott
|
|t:|1779960471
|switch|p2a: Regieleki|Regieleki|100/100|[from] Flip Turn
|
|upkeep
|
|t:|1779960478
|switch|p1a: Maushold|Maushold|100/100
|turn|3
|
|t:|1779960483
|move|p2a: Regieleki|Volt Switch|p1a: Maushold
|-damage|p1a: Maushold|43/100
|
|t:|1779960496
|switch|p2a: Iron Crown|Iron Crown|100/100|[from] Volt Switch
|-damage|p2a: Iron Crown|88/100|[from] Spikes
|move|p1a: Maushold|Population Bomb|p2a: Iron Crown
|-resisted|p2a: Iron Crown
|-damage|p2a: Iron Crown|82/100
|-resisted|p2a: Iron Crown
|-damage|p2a: Iron Crown|76/100
|-resisted|p2a: Iron Crown
|-damage|p2a: Iron Crown|70/100
|-resisted|p2a: Iron Crown
|-damage|p2a: Iron Crown|64/100
|-resisted|p2a: Iron Crown
|-damage|p2a: Iron Crown|58/100
|-resisted|p2a: Iron Crown
|-damage|p2a: Iron Crown|53/100
|-resisted|p2a: Iron Crown
|-damage|p2a: Iron Crown|47/100
|-resisted|p2a: Iron Crown
|-damage|p2a: Iron Crown|41/100
|-resisted|p2a: Iron Crown
|-damage|p2a: Iron Crown|35/100
|-resisted|p2a: Iron Crown
|-damage|p2a: Iron Crown|29/100
|-hitcount|p2a: Iron Crown|10
|
|upkeep
|turn|4
|
|t:|1779960503
|-end|p2a: Iron Crown|Quark Drive|[silent]
|switch|p2a: Dragapult|Dragapult, F|100/100
|move|p1a: Maushold|Bite|p2a: Dragapult
|-supereffective|p2a: Dragapult
|-damage|p2a: Dragapult|33/100
|
|upkeep
|turn|5
|
|t:|1779960510
|switch|p1a: Iron Moth|Iron Moth|100/100
|-enditem|p1a: Iron Moth|Booster Energy
|-activate|p1a: Iron Moth|ability: Quark Drive|[fromitem]
|-start|p1a: Iron Moth|quarkdrivespe
|move|p2a: Dragapult|Dragon Darts|p1a: Iron Moth
|-damage|p1a: Iron Moth|65/100
|-anim|p2a: Dragapult|Dragon Darts|p1a: Iron Moth
|-damage|p1a: Iron Moth|23/100
|
|upkeep
|turn|6
|
|t:|1779960518
|switch|p2a: Alomomola|Alomomola, F|67/100
|-damage|p2a: Alomomola|54/100|[from] Spikes
|move|p1a: Iron Moth|Dazzling Gleam|p2a: Alomomola
|-damage|p2a: Alomomola|34/100
|
|upkeep
|turn|7
|
|t:|1779960521
|move|p1a: Iron Moth|Energy Ball|p2a: Alomomola
|-supereffective|p2a: Alomomola
|-damage|p2a: Alomomola|0 fnt
|faint|p2a: Alomomola
|
|upkeep
|
|t:|1779960525
|switch|p2a: Regieleki|Regieleki|100/100
|turn|8
|
|t:|1779960558
|-terastallize|p1a: Iron Moth|Ground
|move|p2a: Regieleki|Thunderbolt|p1a: Iron Moth
|-immune|p1a: Iron Moth
|move|p1a: Iron Moth|Fiery Dance|p2a: Regieleki
|-damage|p2a: Regieleki|25/100
|
|upkeep
|turn|9
|
|t:|1779960566
|move|p2a: Regieleki|Extreme Speed|p1a: Iron Moth
|-damage|p1a: Iron Moth|0 fnt
|faint|p1a: Iron Moth
|-end|p1a: Iron Moth|Quark Drive|[silent]
|
|upkeep
|
|t:|1779960574
|switch|p1a: Kyurem|Kyurem|100/100
|-ability|p1a: Kyurem|Pressure
|turn|10
|
|t:|1779960584
|switch|p2a: Iron Crown|Iron Crown|29/100
|-damage|p2a: Iron Crown|17/100|[from] Spikes
|move|p1a: Kyurem|Dragon Dance|p1a: Kyurem
|-boost|p1a: Kyurem|atk|1
|-boost|p1a: Kyurem|spe|1
|
|upkeep
|turn|11
|
|t:|1779960651
|move|p1a: Kyurem|Earth Power|p2a: Iron Crown
|-supereffective|p2a: Iron Crown
|-damage|p2a: Iron Crown|0 fnt
|faint|p2a: Iron Crown
|-end|p2a: Iron Crown|Quark Drive|[silent]
|
|upkeep
|
|t:|1779960657
|switch|p2a: Ogerpon|Ogerpon-Wellspring, F|100/100
|-damage|p2a: Ogerpon|88/100|[from] Spikes
|turn|12
|
|t:|1779960661
|-terastallize|p2a: Ogerpon|Water
|detailschange|p2a: Ogerpon|Ogerpon-Wellspring-Tera, F, tera:Water
|-ability|p2a: Ogerpon|Embody Aspect (Wellspring)|boost
|-boost|p2a: Ogerpon|spd|1
|move|p1a: Kyurem|Freeze-Dry|p2a: Ogerpon
|-supereffective|p2a: Ogerpon
|-damage|p2a: Ogerpon|35/100
|move|p2a: Ogerpon|Encore|p1a: Kyurem
|-start|p1a: Kyurem|Encore
|
|upkeep
|turn|13
|inactive|Battle timer is ON: inactive players will automatically lose when time's up. (requested by F1amewheel)
|
|t:|1779960667
|move|p1a: Kyurem|Freeze-Dry|p2a: Ogerpon
|-supereffective|p2a: Ogerpon
|-damage|p2a: Ogerpon|0 fnt
|faint|p2a: Ogerpon
|detailschange|p2: Ogerpon|Ogerpon-Wellspring, F|[silent]
|
|upkeep
|
|t:|1779960670
|switch|p2a: Meowscarada|Meowscarada, F|100/100
|-damage|p2a: Meowscarada|88/100|[from] Spikes
|turn|14
|
|t:|1779960672
|move|p1a: Kyurem|Freeze-Dry|p2a: Meowscarada
|-supereffective|p2a: Meowscarada
|-damage|p2a: Meowscarada|0 fnt
|faint|p2a: Meowscarada
|
|upkeep
|-message|bald wooper forfeited.
|
|win|F1amewheel
|raw|F1amewheel's rating: 1454 &rarr; <strong>1476</strong><br />(+22 for winning)
|raw|bald wooper's rating: 1484 &rarr; <strong>1462</strong><br />(-22 for losing)
|l|☆bald wooper
|player|p2|
|l|☆F1amewheel
|player|p1|
