|j|☆woopers-icepunch
|j|‽rocketproton24
|t:|1779966866
|gametype|singles
|player|p1|woopers-icepunch|170|1136
|player|p2|rocketproton24|proton|1109
|gen|9
|tier|[Gen 9] OU
|rated|
|rule|HP Percentage Mod: HP is shown in percentages
|rule|Endless Battle Clause: Forcing endless battles is banned
|rule|Species Clause: Limit one of each Pokémon
|rule|OHKO Clause: OHKO moves are banned
|rule|Evasion Items Clause: Evasion items are banned
|rule|Evasion Moves Clause: Evasion moves are banned
|rule|Evasion Abilities Clause: Evasion abilities are banned
|rule|Sleep Moves Clause: Sleep-inducing moves are banned
|clearpoke
|poke|p1|Tornadus-Therian, M|
|poke|p1|Garganacl, F|
|poke|p1|Hatterene, F|
|poke|p1|Great Tusk|
|poke|p1|Raging Bolt|
|poke|p1|Gholdengo|
|poke|p2|Garchomp, M|
|poke|p2|Dipplin, F|
|poke|p2|Salazzle, F|
|poke|p2|Alomomola, F|
|poke|p2|Ambipom, F|
|poke|p2|Kingambit, F|
|teampreview
|inactive|Battle timer is ON: inactive players will automatically lose when time's up. (requested by woopers-icepunch)
|
|t:|1779966873
|teamsize|p1|6
|teamsize|p2|6
|start
|switch|p1a: Hatterene|Hatterene, F|100/100
|switch|p2a: Alomomola|Alomomola, F|100/100
|turn|1
|
|t:|1779966881
|move|p2a: Alomomola|Wish|p2a: Alomomola
|move|p1a: Hatterene|Nuzzle|p2a: Alomomola
|-supereffective|p2a: Alomomola
|-damage|p2a: Alomomola|96/100
|-status|p2a: Alomomola|par
|
|-heal|p2a: Alomomola|100/100 par|[from] item: Leftovers
|upkeep
|turn|2
|
|t:|1779966890
|move|p2a: Alomomola|Flip Turn|p1a: Hatterene
|-damage|p1a: Hatterene|87/100
|-damage|p2a: Alomomola|84/100 par|[from] item: Rocky Helmet|[of] p1a: Hatterene
|
|t:|1779966896
|switch|p2a: Dipplin|Dipplin, F|100/100|[from] Flip Turn
|-ability|p2a: Dipplin|Supersweet Syrup
|-unboost|p1a: Hatterene|evasion|1
|move|p1a: Hatterene|Future Sight|p2a: Dipplin
|-start|p1a: Hatterene|move: Future Sight
|
|upkeep
|turn|3
|
|t:|1779966907
|move|p2a: Dipplin|Syrup Bomb|p1a: Hatterene
|-damage|p1a: Hatterene|65/100
|-start|p1a: Hatterene|Syrup Bomb
|move|p1a: Hatterene|Dazzling Gleam|p2a: Dipplin
|-supereffective|p2a: Dipplin
|-damage|p2a: Dipplin|54/100
|
|-unboost|p1a: Hatterene|spe|1
|upkeep
|turn|4
|
|t:|1779966920
|-terastallize|p2a: Dipplin|Steel
|move|p2a: Dipplin|Giga Drain|p1a: Hatterene
|-damage|p1a: Hatterene|34/100
|-heal|p2a: Dipplin|67/100|[from] drain|[of] p1a: Hatterene
|move|p1a: Hatterene|Dazzling Gleam|p2a: Dipplin
|-resisted|p2a: Dipplin
|-damage|p2a: Dipplin|56/100
|
|-end|p2a: Dipplin|move: Future Sight
|-resisted|p2a: Dipplin
|-damage|p2a: Dipplin|39/100
|-unboost|p1a: Hatterene|spe|1
|upkeep
|turn|5
|
|t:|1779966939
|move|p2a: Dipplin|Recover|p2a: Dipplin
|-heal|p2a: Dipplin|89/100
|move|p1a: Hatterene|Pain Split|p2a: Dipplin
|-sethp|p2a: Dipplin|59/100|[from] move: Pain Split|[silent]
|-sethp|p1a: Hatterene|68/100|[from] move: Pain Split
|
|-unboost|p1a: Hatterene|spe|1
|upkeep
|turn|6
|
|t:|1779966960
|move|p2a: Dipplin|Dragon Pulse|p1a: Hatterene
|-immune|p1a: Hatterene
|move|p1a: Hatterene|Nuzzle|p2a: Dipplin
|-damage|p2a: Dipplin|57/100
|-status|p2a: Dipplin|par
|
|-end|p1a: Hatterene|Syrup Bomb|[silent]
|upkeep
|turn|7
|
|t:|1779966971
|move|p2a: Dipplin|Syrup Bomb|p1a: Hatterene
|-damage|p1a: Hatterene|43/100
|-start|p1a: Hatterene|Syrup Bomb
|move|p1a: Hatterene|Future Sight|p2a: Dipplin
|-start|p1a: Hatterene|move: Future Sight
|
|-unboost|p1a: Hatterene|spe|1
|upkeep
|turn|8
|
|t:|1779966979
|move|p2a: Dipplin|Syrup Bomb|p1a: Hatterene
|-damage|p1a: Hatterene|21/100
|move|p1a: Hatterene|Dazzling Gleam|p2a: Dipplin
|-resisted|p2a: Dipplin
|-damage|p2a: Dipplin|46/100 par
|
|-unboost|p1a: Hatterene|spe|1
|upkeep
|turn|9
|
|t:|1779966988
|move|p2a: Dipplin|Syrup Bomb|p1a: Hatterene
|-damage|p1a: Hatterene|0 fnt
|faint|p1a: Hatterene
|
|-end|p2a: Dipplin|move: Future Sight
|-resisted|p2a: Dipplin
|-damage|p2a: Dipplin|28/100 par
|upkeep
|
|t:|1779967010
|switch|p1a: Gholdengo|Gholdengo|100/100
|-item|p1a: Gholdengo|Air Balloon
|turn|10
|
|t:|1779967015
|move|p1a: Gholdengo|Shadow Ball|p2a: Dipplin
|-damage|p2a: Dipplin|3/100 par
|move|p2a: Dipplin|Syrup Bomb|p1a: Gholdengo
|-resisted|p1a: Gholdengo
|-damage|p1a: Gholdengo|89/100
|-start|p1a: Gholdengo|Syrup Bomb
|-enditem|p1a: Gholdengo|Air Balloon
|
|-unboost|p1a: Gholdengo|spe|1
|upkeep
|turn|11
|-message|woopers-icepunch forfeited.
|
|win|rocketproton24
|raw|woopers-icepunch's rating: 1136 &rarr; <strong>1109</strong><br />(-27 for losing)
|raw|rocketproton24's rating: 1109 &rarr; <strong>1136</strong><br />(+27 for winning)
|l|☆woopers-icepunch
|player|p1|
|l|‽rocketproton24
|player|p2|
