|j|☆planetninex
|j|☆Marquez190
|t:|1779958826
|gametype|singles
|player|p1|planetninex|102|1363
|player|p2|Marquez190|170|1396
|gen|9
|tier|[Gen 9] OU
|rated|
|rule|HP Percentage Mod: HP is shown in percentages
|rule|Endless Battle Clause: Forcing endless battles is banned
|rule|Species Clause: Limit one of each Pokémon
|rule|OHKO Clause: OHKO moves are banned
|rule|Evasion Items Clause: Evasion items are banned
|rule|Evasion Moves Clause: Evasion moves are banned
|rule|Evasion Abilities Clause: Evasion abilities are banned
|rule|Sleep Moves Clause: Sleep-inducing moves are banned
|clearpoke
|poke|p1|Ogerpon-Wellspring, F|
|poke|p1|Weezing-Galar, M|
|poke|p1|Alomomola, F|
|poke|p1|Garganacl, M|
|poke|p1|Dragapult, M|
|poke|p1|Slowking-Galar, M|
|poke|p2|Thundurus-Therian, M|
|poke|p2|Gyarados, F|
|poke|p2|Primarina, F|
|poke|p2|Kingambit, M|
|poke|p2|Heatran, M|
|poke|p2|Great Tusk|
|teampreview
|inactive|Battle timer is ON: inactive players will automatically lose when time's up. (requested by planetninex)
|
|t:|1779958845
|teamsize|p1|6
|teamsize|p2|6
|start
|switch|p1a: Garganacl|Garganacl, M|100/100
|switch|p2a: Thundurus|Thundurus-Therian, M|100/100
|turn|1
|
|t:|1779958855
|switch|p2a: Great Tusk|Great Tusk|100/100
|move|p1a: Garganacl|Salt Cure|p2a: Great Tusk
|-resisted|p2a: Great Tusk
|-damage|p2a: Great Tusk|98/100
|-start|p2a: Great Tusk|Salt Cure
|
|-damage|p2a: Great Tusk|86/100|[from] Salt Cure
|upkeep
|turn|2
|
|t:|1779958869
|switch|p1a: Alomomola|Alomomola, F|100/100
|move|p2a: Great Tusk|Stealth Rock|p1a: Alomomola
|-sidestart|p1: planetninex|move: Stealth Rock
|
|-damage|p2a: Great Tusk|74/100|[from] Salt Cure
|upkeep
|turn|3
|
|t:|1779958887
|-end|p2a: Great Tusk|Protosynthesis|[silent]
|switch|p2a: Primarina|Primarina, F|100/100
|move|p1a: Alomomola|Flip Turn|p2a: Primarina
|-resisted|p2a: Primarina
|-damage|p2a: Primarina|90/100
|
|t:|1779958898
|switch|p1a: Slowking|Slowking-Galar, M|100/100|[from] Flip Turn
|-damage|p1a: Slowking|88/100|[from] Stealth Rock
|
|upkeep
|turn|4
|
|t:|1779958904
|move|p2a: Primarina|Flip Turn|p1a: Slowking
|-damage|p1a: Slowking|73/100
|
|t:|1779958908
|switch|p2a: Heatran|Heatran, M|100/100|[from] Flip Turn
|move|p1a: Slowking|Sludge Bomb|p2a: Heatran
|-immune|p2a: Heatran
|
|upkeep
|turn|5
|
|t:|1779958916
|switch|p1a: Alomomola|Alomomola, F|100/100
|move|p2a: Heatran|Earth Power|p1a: Alomomola
|-damage|p1a: Alomomola|66/100
|
|upkeep
|turn|6
|
|t:|1779958926
|switch|p2a: Primarina|Primarina, F|90/100
|move|p1a: Alomomola|Flip Turn|p2a: Primarina
|-resisted|p2a: Primarina
|-crit|p2a: Primarina
|-damage|p2a: Primarina|75/100
|
|t:|1779958939
|switch|p1a: Slowking|Slowking-Galar, M|100/100|[from] Flip Turn
|-damage|p1a: Slowking|88/100|[from] Stealth Rock
|
|upkeep
|turn|7
|
|t:|1779958950
|switch|p1a: Weezing|Weezing-Galar, M|100/100
|-ability|p1a: Weezing|Neutralizing Gas
|move|p2a: Primarina|Flip Turn|p1a: Weezing
|-damage|p1a: Weezing|91/100
|
|t:|1779958958
|switch|p2a: Heatran|Heatran, M|100/100|[from] Flip Turn
|
|upkeep
|turn|8
|
|t:|1779958964
|-end|p1a: Weezing|ability: Neutralizing Gas
|switch|p1a: Alomomola|Alomomola, F|99/100
|move|p2a: Heatran|Magma Storm|p1a: Alomomola
|-resisted|p1a: Alomomola
|-damage|p1a: Alomomola|69/100
|-activate|p1a: Alomomola|move: Magma Storm|[of] p2a: Heatran
|
|-damage|p1a: Alomomola|56/100|[from] move: Magma Storm|[partiallytrapped]
|upkeep
|turn|9
|
|t:|1779958975
|move|p2a: Heatran|Earth Power|p1a: Alomomola
|-damage|p1a: Alomomola|20/100
|move|p1a: Alomomola|Flip Turn|p2a: Heatran
|-supereffective|p2a: Heatran
|-damage|p2a: Heatran|67/100
|inactive|planetninex has 120 seconds left.
|
|t:|1779959017
|switch|p1a: Ogerpon|Ogerpon-Wellspring, F|100/100|[from] Flip Turn
|-damage|p1a: Ogerpon|88/100|[from] Stealth Rock
|
|-heal|p2a: Heatran|73/100|[from] item: Leftovers
|upkeep
|turn|10
|inactive|planetninex has 120 seconds left.
|inactive|Marquez190 has 120 seconds left.
|inactive|Marquez190 has 90 seconds left.
|
|t:|1779959081
|switch|p2a: Gyarados|Gyarados, F|100/100
|move|p1a: Ogerpon|Power Whip|p2a: Gyarados
|-damage|p2a: Gyarados|15/100
|
|-heal|p2a: Gyarados|21/100|[from] item: Leftovers
|upkeep
|turn|11
|inactive|planetninex has 120 seconds left.
|inactive|Marquez190 has 90 seconds left.
|
|t:|1779959098
|switch|p2a: Kingambit|Kingambit, M|100/100
|move|p1a: Ogerpon|Knock Off|p2a: Kingambit
|-resisted|p2a: Kingambit
|-damage|p2a: Kingambit|85/100
|-enditem|p2a: Kingambit|Leftovers|[from] move: Knock Off|[of] p1a: Ogerpon
|
|upkeep
|turn|12
|inactive|planetninex has 120 seconds left.
|inactive|Marquez190 has 90 seconds left.
|
|t:|1779959117
|move|p1a: Ogerpon|U-turn|p2a: Kingambit
|-damage|p2a: Kingambit|62/100
|
|t:|1779959133
|switch|p1a: Alomomola|Alomomola, F|53/100|[from] U-turn
|move|p2a: Kingambit|Kowtow Cleave|p1a: Alomomola
|-damage|p1a: Alomomola|29/100
|
|upkeep
|turn|13
|
|t:|1779959142
|-end|p2a: Kingambit|fallenundefined|[silent]
|switch|p2a: Primarina|Primarina, F|75/100
|move|p1a: Alomomola|Flip Turn|p2a: Primarina
|-resisted|p2a: Primarina
|-damage|p2a: Primarina|65/100
|
|t:|1779959155
|switch|p1a: Ogerpon|Ogerpon-Wellspring, F|88/100|[from] Flip Turn
|-damage|p1a: Ogerpon|76/100|[from] Stealth Rock
|
|upkeep
|turn|14
|
|t:|1779959166
|move|p1a: Ogerpon|Power Whip|p2a: Primarina
|-supereffective|p2a: Primarina
|-damage|p2a: Primarina|0 fnt
|faint|p2a: Primarina
|
|upkeep
|
|t:|1779959170
|switch|p2a: Thundurus|Thundurus-Therian, M|100/100
|turn|15
|inactive|planetninex has 120 seconds left.
|
|t:|1779959191
|switch|p1a: Slowking|Slowking-Galar, M|100/100
|-damage|p1a: Slowking|88/100|[from] Stealth Rock
|move|p2a: Thundurus|Sludge Bomb|p1a: Slowking
|-resisted|p1a: Slowking
|-damage|p1a: Slowking|80/100
|
|upkeep
|turn|16
|
|t:|1779959213
|switch|p2a: Heatran|Heatran, M|73/100
|move|p1a: Slowking|Ice Beam|p2a: Heatran
|-resisted|p2a: Heatran
|-damage|p2a: Heatran|66/100
|
|-heal|p2a: Heatran|72/100|[from] item: Leftovers
|upkeep
|turn|17
|
|t:|1779959225
|switch|p1a: Garganacl|Garganacl, M|100/100
|-damage|p1a: Garganacl|88/100|[from] Stealth Rock
|move|p2a: Heatran|Magma Storm|p1a: Garganacl
|-resisted|p1a: Garganacl
|-damage|p1a: Garganacl|71/100
|-activate|p1a: Garganacl|move: Magma Storm|[of] p2a: Heatran
|
|-heal|p2a: Heatran|78/100|[from] item: Leftovers
|-heal|p1a: Garganacl|77/100|[from] item: Leftovers
|-damage|p1a: Garganacl|64/100|[from] move: Magma Storm|[partiallytrapped]
|upkeep
|turn|18
|
|t:|1779959239
|move|p2a: Heatran|Earth Power|p1a: Garganacl
|-supereffective|p1a: Garganacl
|-damage|p1a: Garganacl|24/100
|move|p1a: Garganacl|Salt Cure|p2a: Heatran
|-damage|p2a: Heatran|65/100
|-start|p2a: Heatran|Salt Cure
|
|-heal|p2a: Heatran|71/100|[from] item: Leftovers
|-heal|p1a: Garganacl|30/100|[from] item: Leftovers
|-damage|p2a: Heatran|46/100|[from] Salt Cure
|-damage|p1a: Garganacl|18/100|[from] move: Magma Storm|[partiallytrapped]
|upkeep
|turn|19
|
|t:|1779959244
|move|p1a: Garganacl|Protect|p1a: Garganacl
|-singleturn|p1a: Garganacl|Protect
|move|p2a: Heatran|Earth Power|p1a: Garganacl
|-activate|p1a: Garganacl|move: Protect
|
|-heal|p2a: Heatran|53/100|[from] item: Leftovers
|-heal|p1a: Garganacl|24/100|[from] item: Leftovers
|-damage|p2a: Heatran|28/100|[from] Salt Cure
|-damage|p1a: Garganacl|12/100|[from] move: Magma Storm|[partiallytrapped]
|upkeep
|turn|20
|
|t:|1779959246
|move|p2a: Heatran|Earth Power|p1a: Garganacl
|-supereffective|p1a: Garganacl
|-damage|p1a: Garganacl|0 fnt
|faint|p1a: Garganacl
|
|-heal|p2a: Heatran|34/100|[from] item: Leftovers
|-damage|p2a: Heatran|9/100|[from] Salt Cure
|upkeep
|inactive|planetninex has 120 seconds left.
|
|t:|1779959261
|switch|p1a: Alomomola|Alomomola, F|62/100
|turn|21
|
|t:|1779959265
|move|p2a: Heatran|Earth Power|p1a: Alomomola
|-damage|p1a: Alomomola|25/100
|move|p1a: Alomomola|Flip Turn|p2a: Heatran
|-supereffective|p2a: Heatran
|-damage|p2a: Heatran|0 fnt
|faint|p2a: Heatran
|inactive|planetninex has 120 seconds left.
|
|t:|1779959293
|switch|p1a: Dragapult|Dragapult, M|100/100|[from] Flip Turn
|
|upkeep
|
|t:|1779959300
|switch|p2a: Kingambit|Kingambit, M|62/100
|-activate|p2a: Kingambit|ability: Supreme Overlord
|-start|p2a: Kingambit|fallen2|[silent]
|turn|22
|
|t:|1779959321
|move|p1a: Dragapult|U-turn|p2a: Kingambit
|-crit|p2a: Kingambit
|-damage|p2a: Kingambit|38/100
|inactive|planetninex has 90 seconds left.
|
|t:|1779959336
|switch|p1a: Weezing|Weezing-Galar, M|91/100|[from] U-turn
|-ability|p1a: Weezing|Neutralizing Gas
|move|p2a: Kingambit|Kowtow Cleave|p1a: Weezing
|-resisted|p1a: Weezing
|-damage|p1a: Weezing|75/100
|
|upkeep
|turn|23
|
|t:|1779959346
|-end|p2a: Kingambit|fallen2|[silent]
|switch|p2a: Thundurus|Thundurus-Therian, M|100/100
|move|p1a: Weezing|Will-O-Wisp|p2a: Thundurus
|-status|p2a: Thundurus|brn
|
|-damage|p2a: Thundurus|94/100 brn|[from] brn
|upkeep
|turn|24
|
|t:|1779959353
|switch|p2a: Great Tusk|Great Tusk|74/100
|move|p1a: Weezing|Defog|p2a: Great Tusk
|-unboost|p2a: Great Tusk|evasion|1
|-sideend|p1: planetninex|Stealth Rock|[from] move: Defog|[of] p1a: Weezing
|
|upkeep
|turn|25
|
|t:|1779959365
|-end|p1a: Weezing|ability: Neutralizing Gas
|switch|p1a: Ogerpon|Ogerpon-Wellspring, F|76/100
|move|p2a: Great Tusk|Headlong Rush|p1a: Ogerpon
|-resisted|p1a: Ogerpon
|-damage|p1a: Ogerpon|45/100
|-unboost|p2a: Great Tusk|def|1
|-unboost|p2a: Great Tusk|spd|1
|
|upkeep
|turn|26
|
|t:|1779959376
|move|p1a: Ogerpon|Ivy Cudgel|p2a: Great Tusk|[anim] Ivy Cudgel Water
|-supereffective|p2a: Great Tusk
|-damage|p2a: Great Tusk|0 fnt
|faint|p2a: Great Tusk
|-end|p2a: Great Tusk|Protosynthesis|[silent]
|
|upkeep
|
|t:|1779959383
|switch|p2a: Thundurus|Thundurus-Therian, M|94/100 brn
|turn|27
|
|t:|1779959405
|switch|p1a: Slowking|Slowking-Galar, M|100/100
|switch|p2a: Kingambit|Kingambit, M|38/100
|-activate|p2a: Kingambit|ability: Supreme Overlord
|-start|p2a: Kingambit|fallen3|[silent]
|
|upkeep
|turn|28
|
|t:|1779959411
|-terastallize|p1a: Slowking|Grass
|move|p2a: Kingambit|Swords Dance|p2a: Kingambit
|-boost|p2a: Kingambit|atk|2
|move|p1a: Slowking|Flamethrower|p2a: Kingambit
|-supereffective|p2a: Kingambit
|-damage|p2a: Kingambit|0 fnt
|faint|p2a: Kingambit
|-end|p2a: Kingambit|fallen3|[silent]
|
|upkeep
|
|t:|1779959419
|switch|p2a: Thundurus|Thundurus-Therian, M|94/100 brn
|turn|29
|
|t:|1779959436
|move|p2a: Thundurus|Nasty Plot|p2a: Thundurus
|-boost|p2a: Thundurus|spa|2
|move|p1a: Slowking|Ice Beam|p2a: Thundurus
|-supereffective|p2a: Thundurus
|-damage|p2a: Thundurus|28/100 brn
|-enditem|p2a: Thundurus|Sitrus Berry|[eat]
|-heal|p2a: Thundurus|53/100 brn|[from] item: Sitrus Berry
|
|-damage|p2a: Thundurus|47/100 brn|[from] brn
|upkeep
|turn|30
|
|t:|1779959444
|-terastallize|p2a: Thundurus|Water
|move|p2a: Thundurus|Agility|p2a: Thundurus
|-boost|p2a: Thundurus|spe|2
|move|p1a: Slowking|Ice Beam|p2a: Thundurus
|-resisted|p2a: Thundurus
|-damage|p2a: Thundurus|31/100 brn
|
|-damage|p2a: Thundurus|25/100 brn|[from] brn
|upkeep
|turn|31
|
|t:|1779959449
|move|p2a: Thundurus|Sludge Bomb|p1a: Slowking
|-supereffective|p1a: Slowking
|-damage|p1a: Slowking|34/100
|move|p1a: Slowking|Sludge Bomb|p2a: Thundurus
|-damage|p2a: Thundurus|0 fnt
|faint|p2a: Thundurus
|
|upkeep
|
|t:|1779959452
|switch|p2a: Gyarados|Gyarados, F|21/100
|turn|32
|
|t:|1779959460
|move|p2a: Gyarados|Scale Shot|p1a: Slowking
|-damage|p1a: Slowking|25/100
|-damage|p1a: Slowking|16/100
|-hitcount|p1a: Slowking|2
|-unboost|p2a: Gyarados|def|1
|-boost|p2a: Gyarados|spe|1
|move|p1a: Slowking|Sludge Bomb|p2a: Gyarados
|-damage|p2a: Gyarados|0 fnt
|faint|p2a: Gyarados
|
|win|planetninex
|raw|planetninex's rating: 1363 &rarr; <strong>1385</strong><br />(+22 for winning)
|raw|Marquez190's rating: 1396 &rarr; <strong>1374</strong><br />(-22 for losing)
|l|☆Marquez190
|player|p2|
|l|☆planetninex
|player|p1|
