|j|☆dragon fram
|j|☆Titor88
|t:|1779924100
|gametype|singles
|player|p1|dragon fram|1|
|player|p2|Titor88|2|
|gen|9
|tier|[Gen 9] OU
|rule|HP Percentage Mod: HP is shown in percentages
|rule|Endless Battle Clause: Forcing endless battles is banned
|rule|Species Clause: Limit one of each Pokémon
|rule|OHKO Clause: OHKO moves are banned
|rule|Evasion Items Clause: Evasion items are banned
|rule|Evasion Moves Clause: Evasion moves are banned
|rule|Evasion Abilities Clause: Evasion abilities are banned
|rule|Sleep Moves Clause: Sleep-inducing moves are banned
|clearpoke
|poke|p1|Pikachu, M|
|poke|p1|Noivern, M|
|poke|p1|Breloom, M|
|poke|p1|Cramorant, F|
|poke|p1|Charizard, M|
|poke|p1|Skarmory, M|
|poke|p2|Charizard, M|
|poke|p2|Corviknight, M|
|poke|p2|Dipplin, M|
|poke|p2|Dragonite, F|
|poke|p2|Tauros-Paldea-Aqua, M|
|poke|p2|Pikachu, F|
|teampreview
|
|t:|1779924117
|teamsize|p1|6
|teamsize|p2|6
|start
|switch|p1a: Noivern|Noivern, M|100/100
|switch|p2a: pikaJEW|Pikachu, F|100/100
|turn|1
|
|t:|1779924123
|-singleturn|p2a: pikaJEW|move: Focus Punch
|move|p1a: Noivern|Boomburst|p2a: pikaJEW
|-damage|p2a: pikaJEW|0 fnt
|faint|p2a: pikaJEW
|
|upkeep
|
|t:|1779924131
|switch|p2a: crow bitch|Corviknight, M|100/100
|-ability|p2a: crow bitch|Pressure
|turn|2
|
|t:|1779924135
|switch|p1a: Pikachu|Pikachu, M|100/100
|move|p2a: crow bitch|Brave Bird|p1a: Pikachu
|-resisted|p1a: Pikachu
|-damage|p1a: Pikachu|41/100
|-damage|p2a: crow bitch|90/100|[from] Recoil
|
|upkeep
|turn|3
|
|t:|1779924142
|move|p1a: Pikachu|Thunderbolt|p2a: crow bitch
|-supereffective|p2a: crow bitch
|-damage|p2a: crow bitch|14/100
|move|p2a: crow bitch|Brave Bird|p1a: Pikachu
|-resisted|p1a: Pikachu
|-crit|p1a: Pikachu
|-damage|p1a: Pikachu|0 fnt
|faint|p1a: Pikachu
|-damage|p2a: crow bitch|7/100|[from] Recoil
|
|upkeep
|
|t:|1779924154
|switch|p1a: Cramorant|Cramorant, F|100/100
|turn|4
|
|t:|1779924163
|move|p1a: Cramorant|Surf|p2a: crow bitch
|-formechange|p1a: Cramorant|Cramorant-Gulping|
|-damage|p2a: crow bitch|0 fnt
|faint|p2a: crow bitch
|
|upkeep
|
|t:|1779924174
|switch|p2a: raging jew|Tauros-Paldea-Aqua, M|100/100
|-ability|p2a: raging jew|Intimidate|boost
|-unboost|p1a: Cramorant|atk|1
|turn|5
|
|t:|1779924182
|move|p2a: raging jew|Earthquake|p1a: Cramorant
|-immune|p1a: Cramorant
|move|p1a: Cramorant|Brave Bird|p2a: raging jew
|-supereffective|p2a: raging jew
|-damage|p2a: raging jew|41/100
|-damage|p1a: Cramorant|84/100|[from] Recoil
|
|upkeep
|turn|6
|
|t:|1779924195
|move|p2a: raging jew|Raging Bull|p1a: Cramorant
|-resisted|p1a: Cramorant
|-damage|p1a: Cramorant|45/100
|-damage|p2a: raging jew|16/100|[from] ability: Gulp Missile|[of] p1a: Cramorant
|-unboost|p2a: raging jew|def|1
|-formechange|p1a: Cramorant|Cramorant|
|move|p1a: Cramorant|Brave Bird|p2a: raging jew
|-supereffective|p2a: raging jew
|-damage|p2a: raging jew|0 fnt
|faint|p2a: raging jew
|-damage|p1a: Cramorant|41/100|[from] Recoil
|
|upkeep
|
|t:|1779924211
|switch|p2a: BigChungus|Dragonite, F|100/100
|turn|7
|
|t:|1779924219
|switch|p1a: Skarmory|Skarmory, M|100/100
|move|p2a: BigChungus|Dragon Dance|p2a: BigChungus
|-boost|p2a: BigChungus|atk|1
|-boost|p2a: BigChungus|spe|1
|
|upkeep
|turn|8
|
|t:|1779924226
|move|p2a: BigChungus|Outrage|p1a: Skarmory
|-resisted|p1a: Skarmory
|-damage|p1a: Skarmory|71/100
|-damage|p2a: BigChungus|84/100|[from] item: Rocky Helmet|[of] p1a: Skarmory
|move|p1a: Skarmory|Stealth Rock|p2a: BigChungus
|-sidestart|p2: Titor88|move: Stealth Rock
|
|upkeep
|turn|9
|
|t:|1779924234
|move|p2a: BigChungus|Outrage|p1a: Skarmory|[from] lockedmove
|-resisted|p1a: Skarmory
|-damage|p1a: Skarmory|39/100
|-damage|p2a: BigChungus|68/100|[from] item: Rocky Helmet|[of] p1a: Skarmory
|move|p1a: Skarmory|Roost|p1a: Skarmory
|-heal|p1a: Skarmory|89/100
|-singleturn|p1a: Skarmory|move: Roost
|
|upkeep
|turn|10
|
|t:|1779924242
|move|p2a: BigChungus|Outrage|p1a: Skarmory|[from] lockedmove
|-resisted|p1a: Skarmory
|-damage|p1a: Skarmory|59/100
|-damage|p2a: BigChungus|51/100|[from] item: Rocky Helmet|[of] p1a: Skarmory
|-start|p2a: BigChungus|confusion|[fatigue]
|move|p1a: Skarmory|Roost|p1a: Skarmory
|-heal|p1a: Skarmory|100/100
|-singleturn|p1a: Skarmory|move: Roost
|
|upkeep
|turn|11
|
|t:|1779924247
|-activate|p2a: BigChungus|confusion
|move|p2a: BigChungus|Outrage|p1a: Skarmory
|-resisted|p1a: Skarmory
|-damage|p1a: Skarmory|68/100
|-damage|p2a: BigChungus|35/100|[from] item: Rocky Helmet|[of] p1a: Skarmory
|move|p1a: Skarmory|Whirlwind|p2a: BigChungus
|drag|p2a: diddy|Dipplin, M|100/100
|-damage|p2a: diddy|88/100|[from] Stealth Rock
|
|upkeep
|turn|12
|
|t:|1779924255
|move|p1a: Skarmory|Roost|p1a: Skarmory
|-heal|p1a: Skarmory|100/100
|-singleturn|p1a: Skarmory|move: Roost
|move|p2a: diddy|Recover|p2a: diddy
|-heal|p2a: diddy|100/100
|
|upkeep
|turn|13
|
|t:|1779924263
|switch|p1a: Charizard|Charizard, M|100/100
|move|p2a: diddy|Infestation|p1a: Charizard
|-resisted|p1a: Charizard
|-damage|p1a: Charizard|99/100
|-activate|p1a: Charizard|move: Infestation|[of] p2a: diddy
|
|-damage|p1a: Charizard|86/100|[from] move: Infestation|[partiallytrapped]
|upkeep
|turn|14
|
|t:|1779924273
|-terastallize|p1a: Charizard|Fire
|move|p1a: Charizard|Substitute|p1a: Charizard
|-start|p1a: Charizard|Substitute
|-end|p1a: Charizard|Infestation|[partiallytrapped]|[silent]
|-damage|p1a: Charizard|61/100
|move|p2a: diddy|Infestation|p1a: Charizard
|-resisted|p1a: Charizard
|-activate|p1a: Charizard|move: Substitute|[damage]
|
|upkeep
|turn|15
|
|t:|1779924288
|switch|p2a: BigChungus|Dragonite, F|35/100
|-damage|p2a: BigChungus|10/100|[from] Stealth Rock
|move|p1a: Charizard|Dragon Dance|p1a: Charizard
|-boost|p1a: Charizard|atk|1
|-boost|p1a: Charizard|spe|1
|
|upkeep
|turn|16
|
|t:|1779924307
|move|p2a: BigChungus|Extreme Speed|p1a: Charizard
|-end|p1a: Charizard|Substitute
|move|p1a: Charizard|Flare Blitz|p2a: BigChungus
|-resisted|p2a: BigChungus
|-damage|p2a: BigChungus|0 fnt
|faint|p2a: BigChungus
|-damage|p1a: Charizard|58/100|[from] Recoil
|
|upkeep
|
|t:|1779924317
|switch|p2a: diddy|Dipplin, M|100/100
|-damage|p2a: diddy|88/100|[from] Stealth Rock
|turn|17
|
|t:|1779924321
|move|p1a: Charizard|Flare Blitz|p2a: diddy
|-damage|p2a: diddy|33/100
|-damage|p1a: Charizard|36/100|[from] Recoil
|move|p2a: diddy|Infestation|p1a: Charizard
|-resisted|p1a: Charizard
|-damage|p1a: Charizard|32/100
|-activate|p1a: Charizard|move: Infestation|[of] p2a: diddy
|
|-damage|p1a: Charizard|19/100|[from] move: Infestation|[partiallytrapped]
|upkeep
|turn|18
|
|t:|1779924332
|move|p1a: Charizard|Flare Blitz|p2a: diddy
|-damage|p2a: diddy|0 fnt
|faint|p2a: diddy
|-damage|p1a: Charizard|6/100|[from] Recoil
|
|-end|p1a: Charizard|Infestation|[partiallytrapped]|[silent]
|upkeep
|
|t:|1779924337
|switch|p2a: AuschwitzCook|Charizard, M|100/100
|turn|19
|j| iforgetwhyimhere
|l| iforgetwhyimhere
|
|t:|1779924348
|move|p1a: Charizard|Flare Blitz|p2a: AuschwitzCook
|-resisted|p2a: AuschwitzCook
|-damage|p2a: AuschwitzCook|0 fnt
|faint|p2a: AuschwitzCook
|-damage|p1a: Charizard|0 fnt|[from] Recoil
|faint|p1a: Charizard
|
|win|dragon fram
|l|☆Titor88
|player|p2|
