|j|☆Hallommora
|j|☆Omari P
|t:|1779904080
|gametype|singles
|player|p1|Hallommora|clown|1592
|player|p2|Omari P|pokemonrangerf|1554
|gen|9
|tier|[Gen 9] OU
|rated|
|rule|HP Percentage Mod: HP is shown in percentages
|rule|Endless Battle Clause: Forcing endless battles is banned
|rule|Species Clause: Limit one of each Pokémon
|rule|OHKO Clause: OHKO moves are banned
|rule|Evasion Items Clause: Evasion items are banned
|rule|Evasion Moves Clause: Evasion moves are banned
|rule|Evasion Abilities Clause: Evasion abilities are banned
|rule|Sleep Moves Clause: Sleep-inducing moves are banned
|clearpoke
|poke|p1|Iron Treads|
|poke|p1|Raging Bolt|
|poke|p1|Iron Valiant|
|poke|p1|Kingambit, M|
|poke|p1|Great Tusk|
|poke|p1|Ogerpon-Wellspring, F|
|poke|p2|Morpeko, M|
|poke|p2|Fezandipiti, M|
|poke|p2|Rillaboom, F|
|poke|p2|Dragapult, M|
|poke|p2|Deoxys-Speed|
|poke|p2|Great Tusk|
|teampreview
|inactive|Battle timer is ON: inactive players will automatically lose when time's up. (requested by Hallommora)
|
|t:|1779904085
|teamsize|p1|6
|teamsize|p2|6
|start
|switch|p1a: Iron Treads|Iron Treads|100/100
|switch|p2a: Great Tusk|Great Tusk|100/100
|turn|1
|
|t:|1779904089
|move|p1a: Iron Treads|Stealth Rock|p2a: Great Tusk
|-sidestart|p2: Omari P|move: Stealth Rock
|move|p2a: Great Tusk|Headlong Rush|p1a: Iron Treads
|-supereffective|p1a: Iron Treads
|-damage|p1a: Iron Treads|12/100
|-unboost|p2a: Great Tusk|def|1
|-unboost|p2a: Great Tusk|spd|1
|
|upkeep
|turn|2
|
|t:|1779904098
|-terastallize|p1a: Iron Treads|Ghost
|move|p1a: Iron Treads|Endeavor|p2a: Great Tusk
|-damage|p2a: Great Tusk|9/100
|-damage|p1a: Iron Treads|0 fnt|[from] item: Rocky Helmet|[of] p2a: Great Tusk
|faint|p1a: Iron Treads
|-end|p1a: Iron Treads|Quark Drive|[silent]
|move|p2a: Great Tusk|Rapid Spin|p1: Iron Treads|[notarget]
|-fail|p2a: Great Tusk
|
|upkeep
|
|t:|1779904109
|switch|p1a: Ogerpon|Ogerpon-Wellspring, F|100/100
|turn|3
|j| FaronAan
|
|t:|1779904112
|move|p1a: Ogerpon|Ivy Cudgel|p2a: Great Tusk|[anim] Ivy Cudgel Water
|-supereffective|p2a: Great Tusk
|-crit|p2a: Great Tusk
|-damage|p2a: Great Tusk|0 fnt
|faint|p2a: Great Tusk
|-end|p2a: Great Tusk|Protosynthesis|[silent]
|
|upkeep
|
|t:|1779904115
|switch|p2a: Rillaboom|Rillaboom, F|100/100
|-damage|p2a: Rillaboom|88/100|[from] Stealth Rock
|-fieldstart|move: Grassy Terrain|[from] ability: Grassy Surge|[of] p2a: Rillaboom
|turn|4
|
|t:|1779904118
|move|p1a: Ogerpon|Power Whip|p2a: Rillaboom
|-resisted|p2a: Rillaboom
|-damage|p2a: Rillaboom|34/100
|move|p2a: Rillaboom|Swords Dance|p2a: Rillaboom
|-boost|p2a: Rillaboom|atk|2
|
|-heal|p2a: Rillaboom|40/100|[from] Grassy Terrain
|upkeep
|turn|5
|
|t:|1779904124
|switch|p1a: Kingambit|Kingambit, M|100/100
|-activate|p1a: Kingambit|ability: Supreme Overlord
|-start|p1a: Kingambit|fallen1|[silent]
|move|p2a: Rillaboom|Grassy Glide|p1a: Kingambit
|-resisted|p1a: Kingambit
|-damage|p1a: Kingambit|55/100
|-damage|p2a: Rillaboom|30/100|[from] item: Life Orb
|
|-heal|p2a: Rillaboom|36/100|[from] Grassy Terrain
|-heal|p1a: Kingambit|61/100|[from] Grassy Terrain
|upkeep
|turn|6
|
|t:|1779904128
|move|p1a: Kingambit|Sucker Punch|p2a: Rillaboom
|-damage|p2a: Rillaboom|0 fnt
|faint|p2a: Rillaboom
|
|-heal|p1a: Kingambit|67/100|[from] Grassy Terrain
|upkeep
|
|t:|1779904132
|switch|p2a: Morpeko|Morpeko, M|100/100
|-damage|p2a: Morpeko|88/100|[from] Stealth Rock
|turn|7
|
|t:|1779904143
|-end|p1a: Kingambit|fallen1|[silent]
|switch|p1a: Iron Valiant|Iron Valiant|100/100
|-enditem|p1a: Iron Valiant|Booster Energy
|-activate|p1a: Iron Valiant|ability: Quark Drive|[fromitem]
|-start|p1a: Iron Valiant|quarkdrivespe
|move|p2a: Morpeko|Rapid Spin|p1a: Iron Valiant
|-damage|p1a: Iron Valiant|82/100
|-boost|p2a: Morpeko|spe|1
|-sideend|p2: Omari P|Stealth Rock|[from] move: Rapid Spin|[of] p2a: Morpeko
|
|-heal|p1a: Iron Valiant|88/100|[from] Grassy Terrain
|-heal|p2a: Morpeko|94/100|[from] Grassy Terrain
|-heal|p2a: Morpeko|100/100|[from] item: Leftovers
|-formechange|p2a: Morpeko|Morpeko-Hangry||[from] ability: Hunger Switch
|upkeep
|turn|8
|j| nepturee
|
|t:|1779904150
|switch|p2a: Haku|Fezandipiti, M|100/100
|-item|p2a: Haku|Air Balloon
|move|p1a: Iron Valiant|Moonblast|p2a: Haku
|-resisted|p2a: Haku
|-damage|p2a: Haku|81/100
|-enditem|p2a: Haku|Air Balloon
|
|-heal|p1a: Iron Valiant|94/100|[from] Grassy Terrain
|-heal|p2a: Haku|87/100|[from] Grassy Terrain
|-fieldend|move: Grassy Terrain
|upkeep
|turn|9
|
|t:|1779904154
|move|p1a: Iron Valiant|Psyshock|p2a: Haku
|-supereffective|p2a: Haku
|-damage|p2a: Haku|33/100
|move|p2a: Haku|Play Rough|p1a: Iron Valiant
|-supereffective|p1a: Iron Valiant
|-damage|p1a: Iron Valiant|0 fnt
|faint|p1a: Iron Valiant
|-end|p1a: Iron Valiant|Quark Drive|[silent]
|
|upkeep
|
|t:|1779904161
|switch|p1a: Ogerpon|Ogerpon-Wellspring, F|100/100
|turn|10
|
|t:|1779904164
|move|p1a: Ogerpon|Ivy Cudgel|p2a: Haku|[anim] Ivy Cudgel Water
|-damage|p2a: Haku|0 fnt
|faint|p2a: Haku
|
|upkeep
|
|t:|1779904166
|switch|p2a: Deoxys|Deoxys-Speed|100/100
|-ability|p2a: Deoxys|Pressure
|turn|11
|
|t:|1779904170
|move|p2a: Deoxys|Psycho Boost|p1a: Ogerpon
|-damage|p1a: Ogerpon|22/100
|-unboost|p2a: Deoxys|spa|2
|move|p1a: Ogerpon|Encore|p2a: Deoxys
|-start|p2a: Deoxys|Encore
|
|upkeep
|turn|12
|
|t:|1779904176
|switch|p2a: Morpeko|Morpeko, M|100/100
|move|p1a: Ogerpon|Ivy Cudgel|p2a: Morpeko|[anim] Ivy Cudgel Water
|-damage|p2a: Morpeko|4/100
|
|-heal|p2a: Morpeko|10/100|[from] item: Leftovers
|-formechange|p2a: Morpeko|Morpeko-Hangry||[from] ability: Hunger Switch
|upkeep
|turn|13
|
|t:|1779904180
|move|p1a: Ogerpon|Ivy Cudgel|p2a: Morpeko|[anim] Ivy Cudgel Water
|-damage|p2a: Morpeko|0 fnt
|faint|p2a: Morpeko
|
|upkeep
|
|t:|1779904182
|switch|p2a: Deoxys|Deoxys-Speed|100/100
|-ability|p2a: Deoxys|Pressure
|turn|14
|l| nepturee
|
|t:|1779904186
|move|p2a: Deoxys|Ice Beam|p1a: Ogerpon
|-crit|p1a: Ogerpon
|-damage|p1a: Ogerpon|0 fnt
|faint|p1a: Ogerpon
|
|upkeep
|
|t:|1779904192
|switch|p1a: Raging Bolt|Raging Bolt|100/100
|-enditem|p1a: Raging Bolt|Booster Energy
|-activate|p1a: Raging Bolt|ability: Protosynthesis|[fromitem]
|-start|p1a: Raging Bolt|protosynthesisspa
|turn|15
|
|t:|1779904221
|move|p2a: Deoxys|Ice Beam|p1a: Raging Bolt
|-supereffective|p1a: Raging Bolt
|-damage|p1a: Raging Bolt|51/100
|-status|p1a: Raging Bolt|frz
|cant|p1a: Raging Bolt|frz
|
|upkeep
|turn|16
|
|t:|1779904228
|-curestatus|p1a: Raging Bolt|frz|[msg]
|move|p1a: Raging Bolt|Thunderclap||[still]
|-fail|p1a: Raging Bolt
|move|p2a: Deoxys|Nasty Plot|p2a: Deoxys
|-boost|p2a: Deoxys|spa|2
|
|upkeep
|turn|17
|
|t:|1779904234
|move|p1a: Raging Bolt|Thunderclap||[still]
|-fail|p1a: Raging Bolt
|move|p2a: Deoxys|Spikes|p1a: Raging Bolt
|-sidestart|p1: Hallommora|Spikes
|
|upkeep
|turn|18
|
|t:|1779904237
|move|p1a: Raging Bolt|Thunderclap||[still]
|-fail|p1a: Raging Bolt
|move|p2a: Deoxys|Spikes|p1a: Raging Bolt
|-sidestart|p1: Hallommora|Spikes
|
|upkeep
|turn|19
|
|t:|1779904240
|move|p1a: Raging Bolt|Thunderclap|p2a: Deoxys
|-damage|p2a: Deoxys|10/100
|move|p2a: Deoxys|Ice Beam|p1a: Raging Bolt
|-supereffective|p1a: Raging Bolt
|-damage|p1a: Raging Bolt|0 fnt
|faint|p1a: Raging Bolt
|-end|p1a: Raging Bolt|Protosynthesis|[silent]
|
|upkeep
|
|t:|1779904246
|switch|p1a: Kingambit|Kingambit, M|67/100
|-damage|p1a: Kingambit|51/100|[from] Spikes
|-activate|p1a: Kingambit|ability: Supreme Overlord
|-start|p1a: Kingambit|fallen4|[silent]
|turn|20
|
|t:|1779904251
|move|p1a: Kingambit|Sucker Punch||[still]
|-fail|p1a: Kingambit
|move|p2a: Deoxys|Spikes|p1a: Kingambit
|-sidestart|p1: Hallommora|Spikes
|
|upkeep
|turn|21
|
|t:|1779904254
|move|p1a: Kingambit|Sucker Punch||[still]
|-fail|p1a: Kingambit
|move|p2a: Deoxys|Nasty Plot|p2a: Deoxys
|-boost|p2a: Deoxys|spa|2
|
|upkeep
|turn|22
|
|t:|1779904257
|move|p1a: Kingambit|Sucker Punch||[still]
|-fail|p1a: Kingambit
|move|p2a: Deoxys|Nasty Plot|p2a: Deoxys
|-boost|p2a: Deoxys|spa|2
|
|upkeep
|turn|23
|
|t:|1779904259
|move|p2a: Deoxys|Nasty Plot|p2a: Deoxys
|-boost|p2a: Deoxys|spa|0
|move|p1a: Kingambit|Kowtow Cleave|p2a: Deoxys
|-supereffective|p2a: Deoxys
|-crit|p2a: Deoxys
|-damage|p2a: Deoxys|0 fnt
|faint|p2a: Deoxys
|
|upkeep
|
|t:|1779904261
|switch|p2a: Dragapult|Dragapult, M|100/100
|turn|24
|
|t:|1779904264
|move|p1a: Kingambit|Sucker Punch|p2a: Dragapult
|-supereffective|p2a: Dragapult
|-damage|p2a: Dragapult|0 fnt
|faint|p2a: Dragapult
|
|win|Hallommora
|raw|Hallommora's rating: 1592 &rarr; <strong>1610</strong><br />(+18 for winning)
|raw|Omari P's rating: 1554 &rarr; <strong>1536</strong><br />(-18 for losing)
|j| Lowladderubersnoob
|l| FaronAan
|l| Lowladderubersnoob
|l|☆Hallommora
|player|p1|
