|j|☆sjeabcd
|j|☆suettam
|t:|1779946842
|gametype|singles
|player|p1|sjeabcd|266|1000
|player|p2|suettam|backpackerf|1046
|gen|9
|tier|[Gen 9] OU
|rated|
|rule|HP Percentage Mod: HP is shown in percentages
|rule|Endless Battle Clause: Forcing endless battles is banned
|rule|Species Clause: Limit one of each Pokémon
|rule|OHKO Clause: OHKO moves are banned
|rule|Evasion Items Clause: Evasion items are banned
|rule|Evasion Moves Clause: Evasion moves are banned
|rule|Evasion Abilities Clause: Evasion abilities are banned
|rule|Sleep Moves Clause: Sleep-inducing moves are banned
|clearpoke
|poke|p1|Moltres|
|poke|p1|Zamazenta-*|
|poke|p1|Darkrai|
|poke|p1|Hydrapple, M|
|poke|p1|Ting-Lu|
|poke|p1|Tinkaton, F|
|poke|p2|Gliscor, F|
|poke|p2|Gholdengo|
|poke|p2|Dragonite, M|
|poke|p2|Ting-Lu|
|poke|p2|Darkrai|
|poke|p2|Zamazenta-*|
|teampreview
|inactive|Battle timer is ON: inactive players will automatically lose when time's up. (requested by suettam)
|
|t:|1779946885
|teamsize|p1|6
|teamsize|p2|6
|start
|switch|p1a: Darkrai|Darkrai, shiny|100/100
|switch|p2a: Style|Ting-Lu|100/100
|-ability|p2a: Style|Vessel of Ruin
|turn|1
|
|t:|1779946892
|move|p1a: Darkrai|Knock Off|p2a: Style
|-resisted|p2a: Style
|-damage|p2a: Style|93/100
|-enditem|p2a: Style|Leftovers|[from] move: Knock Off|[of] p1a: Darkrai
|move|p2a: Style|Stealth Rock|p1a: Darkrai
|-sidestart|p1: sjeabcd|move: Stealth Rock
|
|upkeep
|turn|2
|
|t:|1779946905
|move|p1a: Darkrai|Ice Beam|p2a: Style
|-supereffective|p2a: Style
|-damage|p2a: Style|68/100
|move|p2a: Style|Whirlwind|p1a: Darkrai
|drag|p1a: Hydrapple|Hydrapple, M|100/100
|
|upkeep
|turn|3
|
|t:|1779946930
|switch|p2a: Overrated|Darkrai|100/100
|move|p1a: Hydrapple|Fickle Beam|p2a: Overrated|[anim] Fickle Beam All Out
|-activate|p1a: Hydrapple|move: Fickle Beam
|-damage|p2a: Overrated|11/100
|
|upkeep
|turn|4
|
|t:|1779946940
|switch|p1a: Ting-Lu|Ting-Lu|100/100
|-damage|p1a: Ting-Lu|94/100|[from] Stealth Rock
|-ability|p1a: Ting-Lu|Vessel of Ruin
|move|p2a: Overrated|Ice Beam|p1a: Ting-Lu
|-supereffective|p1a: Ting-Lu
|-damage|p1a: Ting-Lu|66/100
|
|-heal|p1a: Ting-Lu|72/100|[from] item: Leftovers
|upkeep
|turn|5
|
|t:|1779946953
|move|p2a: Overrated|Will-O-Wisp|p1a: Ting-Lu
|-status|p1a: Ting-Lu|brn
|move|p1a: Ting-Lu|Spikes|p2a: Overrated
|-sidestart|p2: suettam|Spikes
|
|-heal|p1a: Ting-Lu|78/100 brn|[from] item: Leftovers
|-damage|p1a: Ting-Lu|72/100 brn|[from] brn
|upkeep
|turn|6
|inactive|sjeabcd has 120 seconds left.
|
|t:|1779946975
|switch|p2a: Clap Clap|Gliscor, F, shiny|100/100
|move|p1a: Ting-Lu|Whirlwind|p2a: Clap Clap
|drag|p2a: Auuuuuu|Zamazenta|100/100
|-ability|p2a: Auuuuuu|Dauntless Shield|boost
|-boost|p2a: Auuuuuu|def|1
|
|-heal|p1a: Ting-Lu|78/100 brn|[from] item: Leftovers
|-damage|p1a: Ting-Lu|72/100 brn|[from] brn
|upkeep
|turn|7
|
|t:|1779946987
|switch|p1a: Moltres|Moltres|100/100
|move|p2a: Auuuuuu|Close Combat|p1a: Moltres
|-resisted|p1a: Moltres
|-damage|p1a: Moltres|81/100
|-unboost|p2a: Auuuuuu|def|1
|-unboost|p2a: Auuuuuu|spd|1
|
|upkeep
|turn|8
|inactive|sjeabcd has 120 seconds left.
|
|t:|1779947008
|switch|p2a: Style|Ting-Lu|68/100
|-damage|p2a: Style|56/100|[from] Spikes
|-ability|p2a: Style|Vessel of Ruin
|move|p1a: Moltres|Roar|p2a: Style
|drag|p2a: Fat Dragon|Dragonite, M, shiny|100/100
|
|upkeep
|turn|9
|inactive|sjeabcd has 120 seconds left.
|
|t:|1779947032
|move|p2a: Fat Dragon|Dragon Dance|p2a: Fat Dragon
|-boost|p2a: Fat Dragon|atk|1
|-boost|p2a: Fat Dragon|spe|1
|move|p1a: Moltres|Flamethrower|p2a: Fat Dragon
|-resisted|p2a: Fat Dragon
|-damage|p2a: Fat Dragon|92/100
|
|upkeep
|turn|10
|
|t:|1779947041
|-terastallize|p2a: Fat Dragon|Normal
|move|p2a: Fat Dragon|Extreme Speed|p1a: Moltres
|-damage|p1a: Moltres|37/100
|-status|p2a: Fat Dragon|brn|[from] ability: Flame Body|[of] p1a: Moltres
|move|p1a: Moltres|Roar|p2a: Fat Dragon
|drag|p2a: Fighting Ghold|Gholdengo|100/100
|-damage|p2a: Fighting Ghold|88/100|[from] Spikes
|
|upkeep
|turn|11
|
|t:|1779947057
|switch|p1a: Ting-Lu|Ting-Lu|72/100 brn
|-damage|p1a: Ting-Lu|66/100 brn|[from] Stealth Rock
|-ability|p1a: Ting-Lu|Vessel of Ruin
|move|p2a: Fighting Ghold|Shadow Ball|p1a: Ting-Lu
|-resisted|p1a: Ting-Lu
|-damage|p1a: Ting-Lu|58/100 brn
|-unboost|p1a: Ting-Lu|spd|1
|
|-heal|p1a: Ting-Lu|64/100 brn|[from] item: Leftovers
|-damage|p1a: Ting-Lu|58/100 brn|[from] brn
|upkeep
|turn|12
|
|t:|1779947073
|switch|p2a: Fat Dragon|Dragonite, M, shiny, tera:Normal|92/100 brn
|move|p1a: Ting-Lu|Ruination|p2a: Fat Dragon
|-damage|p2a: Fat Dragon|46/100 brn
|
|-heal|p1a: Ting-Lu|64/100 brn|[from] item: Leftovers
|-damage|p2a: Fat Dragon|40/100 brn|[from] brn
|-damage|p1a: Ting-Lu|58/100 brn|[from] brn
|upkeep
|turn|13
|
|t:|1779947083
|switch|p1a: Moltres|Moltres|37/100
|move|p2a: Fat Dragon|Extreme Speed|p1a: Moltres
|-damage|p1a: Moltres|22/100
|
|-damage|p2a: Fat Dragon|34/100 brn|[from] brn
|upkeep
|turn|14
|
|t:|1779947090
|move|p2a: Fat Dragon|Extreme Speed|p1a: Moltres
|-damage|p1a: Moltres|5/100
|move|p1a: Moltres|Roost|p1a: Moltres
|-heal|p1a: Moltres|55/100
|-singleturn|p1a: Moltres|move: Roost
|
|-damage|p2a: Fat Dragon|28/100 brn|[from] brn
|upkeep
|turn|15
|
|t:|1779947096
|move|p2a: Fat Dragon|Dragon Dance|p2a: Fat Dragon
|-boost|p2a: Fat Dragon|atk|1
|-boost|p2a: Fat Dragon|spe|1
|move|p1a: Moltres|Roost|p1a: Moltres
|-heal|p1a: Moltres|100/100
|-singleturn|p1a: Moltres|move: Roost
|
|-damage|p2a: Fat Dragon|21/100 brn|[from] brn
|upkeep
|turn|16
|inactive|sjeabcd has 120 seconds left.
|
|t:|1779947104
|move|p2a: Fat Dragon|Extreme Speed|p1a: Moltres
|-damage|p1a: Moltres|79/100
|move|p1a: Moltres|Flamethrower|p2a: Fat Dragon
|-damage|p2a: Fat Dragon|0 fnt
|faint|p2a: Fat Dragon
|
|upkeep
|
|t:|1779947113
|switch|p2a: Overrated|Darkrai|11/100
|turn|17
|
|t:|1779947120
|switch|p1a: Ting-Lu|Ting-Lu|58/100 brn
|-damage|p1a: Ting-Lu|51/100 brn|[from] Stealth Rock
|-ability|p1a: Ting-Lu|Vessel of Ruin
|move|p2a: Overrated|Dark Pulse|p1a: Ting-Lu
|-resisted|p1a: Ting-Lu
|-damage|p1a: Ting-Lu|43/100 brn
|
|-heal|p1a: Ting-Lu|49/100 brn|[from] item: Leftovers
|-damage|p1a: Ting-Lu|43/100 brn|[from] brn
|upkeep
|turn|18
|
|t:|1779947134
|move|p2a: Overrated|Ice Beam|p1a: Ting-Lu
|-supereffective|p1a: Ting-Lu
|-damage|p1a: Ting-Lu|15/100 brn
|move|p1a: Ting-Lu|Earthquake|p2a: Overrated
|-damage|p2a: Overrated|0 fnt
|faint|p2a: Overrated
|
|-heal|p1a: Ting-Lu|21/100 brn|[from] item: Leftovers
|-damage|p1a: Ting-Lu|15/100 brn|[from] brn
|upkeep
|
|t:|1779947151
|switch|p2a: Clap Clap|Gliscor, F, shiny|100/100
|turn|19
|
|t:|1779947171
|switch|p1a: Darkrai|Darkrai, shiny|100/100
|move|p2a: Clap Clap|Spikes|p1a: Darkrai
|-sidestart|p1: sjeabcd|Spikes
|
|-status|p2a: Clap Clap|tox|[from] item: Toxic Orb
|upkeep
|turn|20
|
|t:|1779947186
|move|p1a: Darkrai|Ice Beam|p2a: Clap Clap
|-supereffective|p2a: Clap Clap
|-damage|p2a: Clap Clap|0 fnt
|faint|p2a: Clap Clap
|
|upkeep
|
|t:|1779947192
|switch|p2a: Auuuuuu|Zamazenta|100/100
|turn|21
|
|t:|1779947199
|switch|p1a: Moltres|Moltres|79/100
|move|p2a: Auuuuuu|Close Combat|p1a: Moltres
|-resisted|p1a: Moltres
|-damage|p1a: Moltres|58/100
|-unboost|p2a: Auuuuuu|def|1
|-unboost|p2a: Auuuuuu|spd|1
|
|upkeep
|turn|22
|
|t:|1779947213
|move|p2a: Auuuuuu|Crunch|p1a: Moltres
|-damage|p1a: Moltres|41/100
|move|p1a: Moltres|Roost|p1a: Moltres
|-heal|p1a: Moltres|91/100
|-singleturn|p1a: Moltres|move: Roost
|
|upkeep
|turn|23
|
|t:|1779947222
|switch|p2a: Fighting Ghold|Gholdengo|88/100
|-damage|p2a: Fighting Ghold|76/100|[from] Spikes
|move|p1a: Moltres|Flamethrower|p2a: Fighting Ghold
|-supereffective|p2a: Fighting Ghold
|-damage|p2a: Fighting Ghold|0 fnt
|faint|p2a: Fighting Ghold
|
|upkeep
|c|☆suettam|lol
|-message|suettam forfeited.
|
|win|sjeabcd
|raw|sjeabcd's rating: 1000 &rarr; <strong>1045</strong><br />(+45 for winning)
|raw|suettam's rating: 1046 &rarr; <strong>1027</strong><br />(-19 for losing)
|l|☆suettam
|player|p2|
