|j|☆GabrielaVitoria016
|j|☆claudechamp
|t:|1779809205
|gametype|singles
|player|p1|GabrielaVitoria016|2|1221
|player|p2|claudechamp|265|1242
|gen|9
|tier|[Gen 9] OU
|rated|
|rule|HP Percentage Mod: HP is shown in percentages
|rule|Endless Battle Clause: Forcing endless battles is banned
|rule|Species Clause: Limit one of each Pokémon
|rule|OHKO Clause: OHKO moves are banned
|rule|Evasion Items Clause: Evasion items are banned
|rule|Evasion Moves Clause: Evasion moves are banned
|rule|Evasion Abilities Clause: Evasion abilities are banned
|rule|Sleep Moves Clause: Sleep-inducing moves are banned
|clearpoke
|poke|p1|Galvantula, F|
|poke|p1|Kingambit, M|
|poke|p1|Landorus-Therian, M|
|poke|p1|Hatterene, F|
|poke|p1|Iron Valiant|
|poke|p1|Toxtricity, M|
|poke|p2|Gliscor, F|
|poke|p2|Ogerpon, F|
|poke|p2|Walking Wake|
|poke|p2|Blissey, F|
|poke|p2|Corviknight, M|
|poke|p2|Pecharunt|
|teampreview
|c|☆claudechamp|hf
|inactive|Battle timer is ON: inactive players will automatically lose when time's up. (requested by claudechamp)
|
|t:|1779809212
|teamsize|p1|6
|teamsize|p2|6
|start
|switch|p1a: Yesterday|Landorus-Therian, M|100/100
|switch|p2a: Gliscor|Gliscor, F|100/100
|-ability|p1a: Yesterday|Intimidate|boost
|-unboost|p2a: Gliscor|atk|1
|turn|1
|
|t:|1779809217
|move|p1a: Yesterday|Stealth Rock|p2a: Gliscor
|-sidestart|p2: claudechamp|move: Stealth Rock
|move|p2a: Gliscor|Spikes|p1a: Yesterday
|-sidestart|p1: GabrielaVitoria016|Spikes
|
|-status|p2a: Gliscor|tox|[from] item: Toxic Orb
|upkeep
|turn|2
|
|t:|1779809224
|move|p1a: Yesterday|U-turn|p2a: Gliscor
|-resisted|p2a: Gliscor
|-damage|p2a: Gliscor|90/100 tox
|
|t:|1779809230
|switch|p1a: Palmada|Hatterene, F|100/100|[from] U-turn
|-damage|p1a: Palmada|88/100|[from] Spikes
|move|p2a: Gliscor|Spikes|p1a: Palmada
|move|p1a: Palmada|Spikes|p2a: Gliscor|[from] ability: Magic Bounce
|-sidestart|p2: claudechamp|Spikes
|
|-heal|p1a: Palmada|94/100|[from] item: Leftovers
|-heal|p2a: Gliscor|100/100 tox|[from] ability: Poison Heal
|upkeep
|turn|3
|
|t:|1779809236
|switch|p2a: Blissey|Blissey, F|100/100
|move|p1a: Palmada|Psyshock|p2a: Blissey
|-damage|p2a: Blissey|47/100
|
|-heal|p1a: Palmada|99/100|[from] item: Leftovers
|upkeep
|turn|4
|
|t:|1779809241
|move|p2a: Blissey|Soft-Boiled|p2a: Blissey
|-heal|p2a: Blissey|97/100
|move|p1a: Palmada|Psyshock|p2a: Blissey
|-damage|p2a: Blissey|51/100
|
|-heal|p1a: Palmada|100/100|[from] item: Leftovers
|upkeep
|turn|5
|
|t:|1779809246
|-terastallize|p2a: Blissey|Dark
|move|p2a: Blissey|Calm Mind|p2a: Blissey
|-boost|p2a: Blissey|spa|1
|-boost|p2a: Blissey|spd|1
|move|p1a: Palmada|Nuzzle|p2a: Blissey
|-damage|p2a: Blissey|47/100
|-status|p2a: Blissey|par
|
|upkeep
|turn|6
|
|t:|1779809253
|move|p1a: Palmada|Draining Kiss|p2a: Blissey
|-supereffective|p2a: Blissey
|-damage|p2a: Blissey|35/100 par
|move|p2a: Blissey|Soft-Boiled|p2a: Blissey
|-heal|p2a: Blissey|85/100 par
|
|upkeep
|turn|7
|
|t:|1779809260
|switch|p1a: Galvantula|Galvantula, F|100/100
|-damage|p1a: Galvantula|88/100|[from] Spikes
|move|p2a: Blissey|Seismic Toss|p1a: Galvantula
|-damage|p1a: Galvantula|52/100
|
|upkeep
|turn|8
|
|t:|1779809266
|-curestatus|p2a: Blissey|par|[from] ability: Natural Cure|[silent]
|switch|p2a: Pecharunt|Pecharunt|100/100
|move|p1a: Galvantula|Sticky Web|p2a: Pecharunt
|-sidestart|p2: claudechamp|move: Sticky Web
|
|upkeep
|turn|9
|
|t:|1779809277
|switch|p1a: Bebê Chorão|Toxtricity, M, shiny|100/100
|-damage|p1a: Bebê Chorão|88/100|[from] Spikes
|move|p2a: Pecharunt|Malignant Chain|p1a: Bebê Chorão
|-resisted|p1a: Bebê Chorão
|-damage|p1a: Bebê Chorão|70/100
|
|upkeep
|turn|10
|
|t:|1779809281
|move|p2a: Pecharunt|Malignant Chain|p1a: Bebê Chorão
|-resisted|p1a: Bebê Chorão
|-damage|p1a: Bebê Chorão|50/100
|move|p1a: Bebê Chorão|Shift Gear|p1a: Bebê Chorão
|-boost|p1a: Bebê Chorão|spe|2
|-boost|p1a: Bebê Chorão|atk|1
|
|upkeep
|turn|11
|
|t:|1779809289
|move|p1a: Bebê Chorão|Overdrive|p2a: Pecharunt
|-damage|p2a: Pecharunt|50/100
|-enditem|p1a: Bebê Chorão|Throat Spray
|-boost|p1a: Bebê Chorão|spa|1|[from] item: Throat Spray
|move|p2a: Pecharunt|Malignant Chain|p1a: Bebê Chorão
|-resisted|p1a: Bebê Chorão
|-damage|p1a: Bebê Chorão|30/100
|
|upkeep
|turn|12
|
|t:|1779809296
|switch|p2a: Gliscor|Gliscor, F|100/100 tox
|-damage|p2a: Gliscor|88/100 tox|[from] Stealth Rock
|move|p1a: Bebê Chorão|Overdrive|p2a: Gliscor
|-immune|p2a: Gliscor
|
|-heal|p2a: Gliscor|100/100 tox|[from] ability: Poison Heal
|upkeep
|turn|13
|
|t:|1779809301
|move|p1a: Bebê Chorão|Boomburst|p2a: Gliscor
|-damage|p2a: Gliscor|22/100 tox
|move|p2a: Gliscor|Earthquake|p1a: Bebê Chorão
|-supereffective|p1a: Bebê Chorão
|-damage|p1a: Bebê Chorão|0 fnt
|faint|p1a: Bebê Chorão
|
|-heal|p2a: Gliscor|35/100 tox|[from] ability: Poison Heal
|upkeep
|
|t:|1779809308
|switch|p1a: Zoro|Iron Valiant|100/100
|-damage|p1a: Zoro|88/100|[from] Spikes
|turn|14
|
|t:|1779809310
|switch|p2a: Pecharunt|Pecharunt|50/100
|move|p1a: Zoro|Moonblast|p2a: Pecharunt
|-resisted|p2a: Pecharunt
|-damage|p2a: Pecharunt|18/100
|-damage|p1a: Zoro|78/100|[from] item: Life Orb
|
|upkeep
|turn|15
|
|t:|1779809319
|move|p1a: Zoro|Moonblast|p2a: Pecharunt
|-resisted|p2a: Pecharunt
|-damage|p2a: Pecharunt|0 fnt
|faint|p2a: Pecharunt
|-damage|p1a: Zoro|69/100|[from] item: Life Orb
|
|upkeep
|
|t:|1779809324
|switch|p2a: Blissey|Blissey, F, tera:Dark|85/100
|turn|16
|
|t:|1779809328
|switch|p2a: Corviknight|Corviknight, M|100/100
|-ability|p2a: Corviknight|Pressure
|move|p1a: Zoro|Close Combat|p2a: Corviknight
|-damage|p2a: Corviknight|56/100
|-unboost|p1a: Zoro|def|1
|-unboost|p1a: Zoro|spd|1
|-damage|p1a: Zoro|59/100|[from] item: Life Orb
|
|upkeep
|turn|17
|
|t:|1779809334
|move|p1a: Zoro|Thunderbolt|p2a: Corviknight
|-supereffective|p2a: Corviknight
|-damage|p2a: Corviknight|0 fnt
|faint|p2a: Corviknight
|-damage|p1a: Zoro|49/100|[from] item: Life Orb
|
|upkeep
|
|t:|1779809337
|switch|p2a: Ogerpon|Ogerpon, F|100/100
|turn|18
|
|t:|1779809346
|-end|p1a: Zoro|Quark Drive|[silent]
|switch|p1a: Galvantula|Galvantula, F|52/100
|-damage|p1a: Galvantula|40/100|[from] Spikes
|move|p2a: Ogerpon|Ivy Cudgel|p1a: Galvantula
|-resisted|p1a: Galvantula
|-damage|p1a: Galvantula|0 fnt
|faint|p1a: Galvantula
|
|upkeep
|
|t:|1779809354
|switch|p1a: Palmada|Hatterene, F|100/100
|-damage|p1a: Palmada|88/100|[from] Spikes
|turn|19
|
|t:|1779809368
|move|p2a: Ogerpon|Ivy Cudgel|p1a: Palmada
|-damage|p1a: Palmada|34/100
|move|p1a: Palmada|Nuzzle|p2a: Ogerpon
|-resisted|p2a: Ogerpon
|-damage|p2a: Ogerpon|98/100
|-status|p2a: Ogerpon|par
|
|-heal|p1a: Palmada|40/100|[from] item: Leftovers
|upkeep
|turn|20
|
|t:|1779809373
|move|p2a: Ogerpon|Ivy Cudgel|p1a: Palmada
|-damage|p1a: Palmada|0 fnt
|faint|p1a: Palmada
|
|upkeep
|
|t:|1779809384
|switch|p1a: Yesterday|Landorus-Therian, M|100/100
|-ability|p1a: Yesterday|Intimidate|boost
|-unboost|p2a: Ogerpon|atk|1
|-ability|p2a: Ogerpon|Defiant|boost
|-boost|p2a: Ogerpon|atk|2
|turn|21
|
|t:|1779809388
|move|p1a: Yesterday|U-turn|p2a: Ogerpon
|-supereffective|p2a: Ogerpon
|-damage|p2a: Ogerpon|33/100 par
|
|t:|1779809393
|switch|p1a: Chack Chack|Kingambit, M, shiny|100/100|[from] U-turn
|-activate|p1a: Chack Chack|ability: Supreme Overlord
|-start|p1a: Chack Chack|fallen3|[silent]
|move|p2a: Ogerpon|Ivy Cudgel|p1a: Chack Chack
|-resisted|p1a: Chack Chack
|-damage|p1a: Chack Chack|72/100
|
|upkeep
|turn|22
|
|t:|1779809403
|switch|p2a: Gliscor|Gliscor, F|35/100 tox
|-damage|p2a: Gliscor|22/100 tox|[from] Stealth Rock
|move|p1a: Chack Chack|Swords Dance|p1a: Chack Chack
|-boost|p1a: Chack Chack|atk|2
|
|-heal|p2a: Gliscor|35/100 tox|[from] ability: Poison Heal
|upkeep
|turn|23
|
|t:|1779809410
|move|p2a: Gliscor|Earthquake|p1a: Chack Chack
|-supereffective|p1a: Chack Chack
|-damage|p1a: Chack Chack|25/100
|move|p1a: Chack Chack|Iron Head|p2a: Gliscor
|-damage|p2a: Gliscor|0 fnt
|faint|p2a: Gliscor
|
|upkeep
|
|t:|1779809420
|switch|p2a: Walking Wake|Walking Wake|100/100
|turn|24
|
|t:|1779809424
|move|p1a: Chack Chack|Sucker Punch|p2a: Walking Wake
|-damage|p2a: Walking Wake|0 fnt
|faint|p2a: Walking Wake
|-end|p2a: Walking Wake|Protosynthesis|[silent]
|
|upkeep
|
|t:|1779809425
|switch|p2a: Blissey|Blissey, F, tera:Dark|85/100
|turn|25
|
|t:|1779809429
|move|p2a: Blissey|Seismic Toss|p1a: Chack Chack
|-damage|p1a: Chack Chack|1/100
|move|p1a: Chack Chack|Low Kick|p2a: Blissey
|-supereffective|p2a: Blissey
|-damage|p2a: Blissey|0 fnt
|faint|p2a: Blissey
|
|upkeep
|
|t:|1779809435
|switch|p2a: Ogerpon|Ogerpon, F|33/100 par
|turn|26
|
|t:|1779809437
|move|p1a: Chack Chack|Sucker Punch|p2a: Ogerpon
|-damage|p2a: Ogerpon|0 fnt
|faint|p2a: Ogerpon
|
|win|GabrielaVitoria016
|raw|GabrielaVitoria016's rating: 1221 &rarr; <strong>1248</strong><br />(+27 for winning)
|raw|claudechamp's rating: 1242 &rarr; <strong>1215</strong><br />(-27 for losing)
|c|☆claudechamp|gg
|l|☆GabrielaVitoria016
|player|p1|
