|j|☆owl_with_scarf
|j|☆suminkwak249
|t:|1779922144
|gametype|singles
|player|p1|owl_with_scarf|#owlwithscarf|1715
|player|p2|suminkwak249|266|1565
|gen|9
|tier|[Gen 9] OU
|rated|
|rule|HP Percentage Mod: HP is shown in percentages
|rule|Endless Battle Clause: Forcing endless battles is banned
|rule|Species Clause: Limit one of each Pokémon
|rule|OHKO Clause: OHKO moves are banned
|rule|Evasion Items Clause: Evasion items are banned
|rule|Evasion Moves Clause: Evasion moves are banned
|rule|Evasion Abilities Clause: Evasion abilities are banned
|rule|Sleep Moves Clause: Sleep-inducing moves are banned
|clearpoke
|poke|p1|Diancie|
|poke|p1|Blaziken, F|
|poke|p1|Oricorio-Pom-Pom, F|
|poke|p1|Cinderace, M|
|poke|p1|Regidrago|
|poke|p1|Ursaluna, F|
|poke|p2|Hoopa-Unbound|
|poke|p2|Ursaluna, F|
|poke|p2|Hatterene, F|
|poke|p2|Cresselia, F|
|poke|p2|Iron Hands|
|poke|p2|Kingambit, F|
|teampreview
|inactive|Battle timer is ON: inactive players will automatically lose when time's up. (requested by owl_with_scarf)
|inactive|owl_with_scarf has 120 seconds left.
|
|t:|1779922184
|teamsize|p1|6
|teamsize|p2|6
|start
|switch|p1a: Ursaluna|Ursaluna, F|100/100
|switch|p2a: Hoopa|Hoopa-Unbound|100/100
|turn|1
|
|t:|1779922188
|move|p1a: Ursaluna|Earthquake|p2a: Hoopa
|-crit|p2a: Hoopa
|-damage|p2a: Hoopa|0 fnt
|faint|p2a: Hoopa
|
|-status|p1a: Ursaluna|brn|[from] item: Flame Orb
|upkeep
|
|t:|1779922197
|switch|p2a: Cresselia|Cresselia, F|100/100
|turn|2
|inactive|owl_with_scarf has 120 seconds left.
|inactive|owl_with_scarf has 90 seconds left.
|
|t:|1779922263
|move|p1a: Ursaluna|Swords Dance|p1a: Ursaluna
|-boost|p1a: Ursaluna|atk|2
|move|p2a: Cresselia|Trick Room|p2a: Cresselia
|-fieldstart|move: Trick Room|[of] p2a: Cresselia
|
|-damage|p1a: Ursaluna|94/100 brn|[from] brn
|upkeep
|turn|3
|
|t:|1779922269
|switch|p2a: Kingambit|Kingambit, F|100/100
|-activate|p2a: Kingambit|ability: Supreme Overlord
|-start|p2a: Kingambit|fallen1|[silent]
|move|p1a: Ursaluna|Facade|p2a: Kingambit
|-resisted|p2a: Kingambit
|-damage|p2a: Kingambit|21/100
|
|-heal|p2a: Kingambit|27/100|[from] item: Leftovers
|-damage|p1a: Ursaluna|88/100 brn|[from] brn
|upkeep
|turn|4
|
|t:|1779922272
|move|p2a: Kingambit|Kowtow Cleave|p1a: Ursaluna
|-crit|p1a: Ursaluna
|-damage|p1a: Ursaluna|25/100 brn
|move|p1a: Ursaluna|Facade|p2a: Kingambit
|-resisted|p2a: Kingambit
|-damage|p2a: Kingambit|0 fnt
|faint|p2a: Kingambit
|-end|p2a: Kingambit|fallen1|[silent]
|
|-damage|p1a: Ursaluna|18/100 brn|[from] brn
|upkeep
|
|t:|1779922275
|switch|p2a: Ursaluna|Ursaluna, F|100/100
|turn|5
|inactive|owl_with_scarf has 90 seconds left.
|
|t:|1779922311
|move|p2a: Ursaluna|Headlong Rush|p1a: Ursaluna
|-damage|p1a: Ursaluna|0 fnt
|-unboost|p2a: Ursaluna|def|1
|-unboost|p2a: Ursaluna|spd|1
|faint|p1a: Ursaluna
|
|-status|p2a: Ursaluna|brn|[from] item: Flame Orb
|upkeep
|
|t:|1779922316
|switch|p1a: cartierGOD|Diancie|100/100
|turn|6
|
|t:|1779922318
|move|p2a: Ursaluna|Headlong Rush|p1a: cartierGOD
|-supereffective|p1a: cartierGOD
|-damage|p1a: cartierGOD|0 fnt
|-unboost|p2a: Ursaluna|def|1
|-unboost|p2a: Ursaluna|spd|1
|faint|p1a: cartierGOD
|
|-damage|p2a: Ursaluna|94/100 brn|[from] brn
|-fieldend|move: Trick Room
|upkeep
|
|t:|1779922322
|switch|p1a: Blaziken|Blaziken, F|100/100
|turn|7
|
|t:|1779922326
|move|p1a: Blaziken|Swords Dance|p1a: Blaziken
|-boost|p1a: Blaziken|atk|2
|move|p2a: Ursaluna|Headlong Rush|p1a: Blaziken
|-supereffective|p1a: Blaziken
|-damage|p1a: Blaziken|0 fnt
|-unboost|p2a: Ursaluna|def|1
|-unboost|p2a: Ursaluna|spd|1
|faint|p1a: Blaziken
|
|-damage|p2a: Ursaluna|88/100 brn|[from] brn
|upkeep
|
|t:|1779922329
|switch|p1a: Cinderace|Cinderace, M|100/100
|turn|8
|
|t:|1779922332
|switch|p2a: Cresselia|Cresselia, F|100/100
|move|p1a: Cinderace|Pyro Ball|p2a: Cresselia
|-damage|p2a: Cresselia|66/100
|
|upkeep
|turn|9
|
|t:|1779922335
|move|p1a: Cinderace|Pyro Ball|p2a: Cresselia
|-damage|p2a: Cresselia|30/100
|move|p2a: Cresselia|Trick Room|p2a: Cresselia
|-fieldstart|move: Trick Room|[of] p2a: Cresselia
|
|upkeep
|turn|10
|
|t:|1779922337
|move|p2a: Cresselia|Lunar Dance|p2a: Cresselia
|faint|p2a: Cresselia
|move|p1a: Cinderace|Pyro Ball|p2: Cresselia|[notarget]
|-fail|p1a: Cinderace
|
|upkeep
|
|t:|1779922339
|switch|p2a: Ursaluna|Ursaluna, F|88/100 brn
|-heal|p2a: Ursaluna|100/100|[from] move: Lunar Dance
|turn|11
|
|t:|1779922341
|move|p2a: Ursaluna|Swords Dance|p2a: Ursaluna
|-boost|p2a: Ursaluna|atk|2
|move|p1a: Cinderace|High Jump Kick|p2a: Ursaluna
|-start|p1a: Cinderace|typechange|Fighting|[from] ability: Libero
|-supereffective|p2a: Ursaluna
|-damage|p2a: Ursaluna|18/100
|
|-status|p2a: Ursaluna|brn|[from] item: Flame Orb
|upkeep
|turn|12
|
|t:|1779922344
|move|p2a: Ursaluna|Facade|p1a: Cinderace
|-damage|p1a: Cinderace|0 fnt
|faint|p1a: Cinderace
|
|-damage|p2a: Ursaluna|11/100 brn|[from] brn
|upkeep
|
|t:|1779922345
|switch|p1a: Regidrago|Regidrago|100/100
|turn|13
|
|t:|1779922347
|move|p2a: Ursaluna|Facade|p1a: Regidrago
|-damage|p1a: Regidrago|0 fnt
|faint|p1a: Regidrago
|
|-damage|p2a: Ursaluna|5/100 brn|[from] brn
|-fieldend|move: Trick Room
|upkeep
|
|t:|1779922348
|switch|p1a: Oricorio|Oricorio-Pom-Pom, F|100/100
|turn|14
|
|t:|1779922350
|move|p1a: Oricorio|Hurricane|p2a: Ursaluna|[miss]
|-miss|p1a: Oricorio|p2a: Ursaluna
|move|p2a: Ursaluna|Facade|p1a: Oricorio
|-damage|p1a: Oricorio|0 fnt
|faint|p1a: Oricorio
|
|win|suminkwak249
|raw|owl_with_scarf's rating: 1715 &rarr; <strong>1687</strong><br />(-28 for losing)
|raw|suminkwak249's rating: 1565 &rarr; <strong>1593</strong><br />(+28 for winning)
|l|☆owl_with_scarf
|player|p1|
|l|☆suminkwak249
|player|p2|
