|j|☆tucumabreads
|j|☆KenjiShiguma
|t:|1779841206
|gametype|singles
|player|p1|tucumabreads|parasollady|1161
|player|p2|KenjiShiguma|pokemonbreeder-gen4|1119
|gen|9
|tier|[Gen 9] OU
|rated|
|rule|HP Percentage Mod: HP is shown in percentages
|rule|Endless Battle Clause: Forcing endless battles is banned
|rule|Species Clause: Limit one of each Pokémon
|rule|OHKO Clause: OHKO moves are banned
|rule|Evasion Items Clause: Evasion items are banned
|rule|Evasion Moves Clause: Evasion moves are banned
|rule|Evasion Abilities Clause: Evasion abilities are banned
|rule|Sleep Moves Clause: Sleep-inducing moves are banned
|clearpoke
|poke|p1|Hoopa-Unbound|
|poke|p1|Cresselia, F|
|poke|p1|Hatterene, F|
|poke|p1|Ursaluna, F|
|poke|p1|Porygon2|
|poke|p1|Primarina, F|
|poke|p2|Golduck, M|
|poke|p2|Porygon2|
|poke|p2|Gardevoir, F|
|poke|p2|Grumpig, M|
|poke|p2|Toxapex, M|
|poke|p2|Sandaconda, F|
|teampreview
|inactive|Battle timer is ON: inactive players will automatically lose when time's up. (requested by tucumabreads)
|
|t:|1779841219
|teamsize|p1|6
|teamsize|p2|6
|start
|switch|p1a: Hatterene|Hatterene, F|100/100
|switch|p2a: Toxapex|Toxapex, M|100/100
|turn|1
|
|t:|1779841225
|move|p2a: Toxapex|Infestation|p1a: Hatterene
|-damage|p1a: Hatterene|98/100
|-activate|p1a: Hatterene|move: Infestation|[of] p2a: Toxapex
|move|p1a: Hatterene|Trick Room|p1a: Hatterene
|-fieldstart|move: Trick Room|[of] p1a: Hatterene
|
|-damage|p1a: Hatterene|85/100|[from] move: Infestation|[partiallytrapped]
|upkeep
|turn|2
|
|t:|1779841232
|move|p1a: Hatterene|Psychic Noise|p2a: Toxapex
|-supereffective|p2a: Toxapex
|-damage|p2a: Toxapex|51/100
|-start|p2a: Toxapex|move: Heal Block
|move|p2a: Toxapex|Acid Spray|p1a: Hatterene
|-supereffective|p1a: Hatterene
|-damage|p1a: Hatterene|68/100
|-unboost|p1a: Hatterene|spd|2
|
|-damage|p1a: Hatterene|56/100|[from] move: Infestation|[partiallytrapped]
|upkeep
|turn|3
|
|t:|1779841245
|move|p1a: Hatterene|Psychic Noise|p2a: Toxapex
|-supereffective|p2a: Toxapex
|-damage|p2a: Toxapex|1/100
|move|p2a: Toxapex|Acid Spray|p1a: Hatterene
|-supereffective|p1a: Hatterene
|-damage|p1a: Hatterene|22/100
|-unboost|p1a: Hatterene|spd|2
|
|-damage|p1a: Hatterene|9/100|[from] move: Infestation|[partiallytrapped]
|-end|p2a: Toxapex|move: Heal Block
|upkeep
|turn|4
|
|t:|1779841268
|switch|p2a: Grumpig|Grumpig, M|100/100
|move|p1a: Hatterene|Psychic Noise|p2a: Grumpig
|-resisted|p2a: Grumpig
|-damage|p2a: Grumpig|86/100
|-start|p2a: Grumpig|move: Heal Block
|
|-end|p1a: Hatterene|Infestation|[partiallytrapped]|[silent]
|upkeep
|turn|5
|
|t:|1779841277
|move|p1a: Hatterene|Misty Explosion|p2a: Grumpig
|-damage|p2a: Grumpig|48/100
|faint|p1a: Hatterene
|move|p2a: Grumpig|Simple Beam|p1: Hatterene|[notarget]
|-fail|p2a: Grumpig
|
|-end|p2a: Grumpig|move: Heal Block
|-fieldend|move: Trick Room
|upkeep
|-enditem|p2a: Grumpig|Aguav Berry|[eat]
|-heal|p2a: Grumpig|81/100|[from] item: Aguav Berry
|
|t:|1779841286
|switch|p1a: Cresselia|Cresselia, F|100/100
|turn|6
|
|t:|1779841296
|switch|p2a: Toxapex|Toxapex, M|34/100
|move|p1a: Cresselia|Trick Room|p1a: Cresselia
|-fieldstart|move: Trick Room|[of] p1a: Cresselia
|
|upkeep
|turn|7
|
|t:|1779841304
|switch|p2a: Grumpig|Grumpig, M|81/100
|switch|p1a: Hoopa|Hoopa-Unbound|100/100
|
|upkeep
|turn|8
|
|t:|1779841310
|switch|p2a: Sandaconda|Sandaconda, F|100/100
|move|p1a: Hoopa|Hyperspace Fury|p2a: Sandaconda
|-damage|p2a: Sandaconda|71/100
|-unboost|p1a: Hoopa|def|1
|-enditem|p1a: Hoopa|Eject Pack
|
|t:|1779841317
|switch|p1a: Primarina|Primarina, F|100/100
|
|upkeep
|turn|9
|
|t:|1779841323
|switch|p2a: Porygon2|Porygon2|100/100
|-ability|p2a: Porygon2|Torrent|Trace|[from] ability: Trace|[of] p1a: Primarina
|move|p1a: Primarina|Psychic Noise|p2a: Porygon2
|-damage|p2a: Porygon2|84/100
|-start|p2a: Porygon2|move: Heal Block
|-damage|p1a: Primarina|91/100|[from] item: Life Orb
|
|upkeep
|turn|10
|
|t:|1779841334
|move|p1a: Primarina|Flip Turn|p2a: Porygon2
|-damage|p2a: Porygon2|69/100
|-damage|p1a: Primarina|81/100|[from] item: Life Orb
|
|t:|1779841338
|switch|p1a: Porygon2|Porygon2|100/100|[from] Flip Turn
|-ability|p1a: Porygon2|Download|boost
|-boost|p1a: Porygon2|atk|1
|move|p2a: Porygon2|Charge Beam|p1a: Porygon2
|-damage|p1a: Porygon2|93/100
|
|-end|p2a: Porygon2|move: Heal Block
|-fieldend|move: Trick Room
|upkeep
|turn|11
|
|t:|1779841349
|switch|p2a: Toxapex|Toxapex, M|68/100
|move|p1a: Porygon2|Trick Room|p1a: Porygon2
|-fieldstart|move: Trick Room|[of] p1a: Porygon2
|
|upkeep
|turn|12
|
|t:|1779841356
|switch|p2a: Grumpig|Grumpig, M|81/100
|switch|p1a: Primarina|Primarina, F|81/100
|
|upkeep
|turn|13
|
|t:|1779841366
|move|p1a: Primarina|Psychic Noise|p2a: Grumpig
|-resisted|p2a: Grumpig
|-damage|p2a: Grumpig|71/100
|-start|p2a: Grumpig|move: Heal Block
|-damage|p1a: Primarina|71/100|[from] item: Life Orb
|move|p2a: Grumpig|Simple Beam|p1a: Primarina
|-ability|p1a: Primarina|Simple|Torrent|[from] move: Simple Beam
|
|upkeep
|turn|14
|
|t:|1779841380
|switch|p1a: Hoopa|Hoopa-Unbound|100/100
|move|p2a: Grumpig|Snarl|p1a: Hoopa
|-damage|p1a: Hoopa|93/100
|-unboost|p1a: Hoopa|spa|1
|
|-end|p2a: Grumpig|move: Heal Block
|upkeep
|turn|15
|
|t:|1779841390
|switch|p2a: Sandaconda|Sandaconda, F|71/100
|move|p1a: Hoopa|Psychic Noise|p2a: Sandaconda
|-damage|p2a: Sandaconda|38/100
|-start|p2a: Sandaconda|move: Heal Block
|-item|p1a: Hoopa|Rocky Helmet|[from] ability: Magician|[of] p2a: Sandaconda
|
|-fieldend|move: Trick Room
|upkeep
|turn|16
|
|t:|1779841400
|move|p2a: Sandaconda|Stealth Rock|p1a: Hoopa
|-sidestart|p1: tucumabreads|move: Stealth Rock
|move|p1a: Hoopa|Trick Room|p1a: Hoopa
|-fieldstart|move: Trick Room|[of] p1a: Hoopa
|
|-end|p2a: Sandaconda|move: Heal Block
|upkeep
|turn|17
|
|t:|1779841407
|switch|p1a: Ursaluna|Ursaluna, F|100/100
|-damage|p1a: Ursaluna|94/100|[from] Stealth Rock
|move|p2a: Sandaconda|Glare|p1a: Ursaluna
|-status|p1a: Ursaluna|par
|
|upkeep
|turn|18
|
|t:|1779841414
|move|p1a: Ursaluna|Facade|p2a: Sandaconda
|-damage|p2a: Sandaconda|0 fnt
|faint|p2a: Sandaconda
|
|upkeep
|
|t:|1779841425
|switch|p2a: Porygon2|Porygon2|69/100
|-ability|p2a: Porygon2|Guts|Trace|[from] ability: Trace|[of] p1a: Ursaluna
|turn|19
|
|t:|1779841432
|move|p1a: Ursaluna|Facade|p2a: Porygon2
|-damage|p2a: Porygon2|0 fnt
|faint|p2a: Porygon2
|
|upkeep
|
|t:|1779841439
|switch|p2a: Toxapex|Toxapex, M|100/100
|turn|20
|
|t:|1779841445
|cant|p1a: Ursaluna|par
|move|p2a: Toxapex|Chilling Water|p1a: Ursaluna
|-supereffective|p1a: Ursaluna
|-damage|p1a: Ursaluna|76/100 par
|-unboost|p1a: Ursaluna|atk|1
|
|-fieldend|move: Trick Room
|upkeep
|turn|21
|
|t:|1779841452
|switch|p1a: Cresselia|Cresselia, F|100/100
|-damage|p1a: Cresselia|88/100|[from] Stealth Rock
|move|p2a: Toxapex|Infestation|p1a: Cresselia
|-supereffective|p1a: Cresselia
|-damage|p1a: Cresselia|85/100
|-activate|p1a: Cresselia|move: Infestation|[of] p2a: Toxapex
|
|-damage|p1a: Cresselia|73/100|[from] move: Infestation|[partiallytrapped]
|upkeep
|turn|22
|
|t:|1779841461
|move|p2a: Toxapex|Acid Spray|p1a: Cresselia
|-damage|p1a: Cresselia|68/100
|-unboost|p1a: Cresselia|spd|2
|move|p1a: Cresselia|Trick Room|p1a: Cresselia
|-fieldstart|move: Trick Room|[of] p1a: Cresselia
|
|-damage|p1a: Cresselia|56/100|[from] move: Infestation|[partiallytrapped]
|upkeep
|turn|23
|
|t:|1779841469
|move|p2a: Toxapex|Acid Spray|p1a: Cresselia
|-damage|p1a: Cresselia|48/100
|-unboost|p1a: Cresselia|spd|2
|move|p1a: Cresselia|Lunar Dance|p1a: Cresselia
|faint|p1a: Cresselia
|
|upkeep
|
|t:|1779841471
|switch|p1a: Ursaluna|Ursaluna, F|76/100 par
|-heal|p1a: Ursaluna|100/100|[from] move: Lunar Dance
|-damage|p1a: Ursaluna|94/100|[from] Stealth Rock
|turn|24
|
|t:|1779841483
|move|p2a: Toxapex|Chilling Water|p1a: Ursaluna
|-supereffective|p1a: Ursaluna
|-damage|p1a: Ursaluna|76/100
|-unboost|p1a: Ursaluna|atk|1
|move|p1a: Ursaluna|Swords Dance|p1a: Ursaluna
|-boost|p1a: Ursaluna|atk|2
|
|-status|p1a: Ursaluna|brn|[from] item: Flame Orb
|upkeep
|turn|25
|
|t:|1779841494
|move|p2a: Toxapex|Chilling Water|p1a: Ursaluna
|-supereffective|p1a: Ursaluna
|-damage|p1a: Ursaluna|57/100 brn
|-unboost|p1a: Ursaluna|atk|1
|move|p1a: Ursaluna|Earthquake|p2a: Toxapex
|-supereffective|p2a: Toxapex
|-damage|p2a: Toxapex|0 fnt
|faint|p2a: Toxapex
|
|-damage|p1a: Ursaluna|50/100 brn|[from] brn
|upkeep
|
|t:|1779841509
|switch|p2a: Grumpig|Grumpig, M|71/100
|turn|26
|
|t:|1779841518
|move|p1a: Ursaluna|Facade|p2a: Grumpig
|-crit|p2a: Grumpig
|-damage|p2a: Grumpig|0 fnt
|faint|p2a: Grumpig
|
|-damage|p1a: Ursaluna|44/100 brn|[from] brn
|-fieldend|move: Trick Room
|upkeep
|
|t:|1779841525
|switch|p2a: Golduck|Golduck, M|100/100
|-ability|p2a: Golduck|Cloud Nine
|turn|27
|
|t:|1779841530
|switch|p1a: Porygon2|Porygon2|93/100
|-damage|p1a: Porygon2|81/100|[from] Stealth Rock
|-ability|p1a: Porygon2|Download|boost
|-boost|p1a: Porygon2|atk|1
|move|p2a: Golduck|Whirlpool|p1a: Porygon2
|-damage|p1a: Porygon2|73/100
|-activate|p1a: Porygon2|move: Whirlpool|[of] p2a: Golduck
|
|-damage|p1a: Porygon2|61/100|[from] move: Whirlpool|[partiallytrapped]
|upkeep
|turn|28
|
|t:|1779841540
|move|p2a: Golduck|Simple Beam|p1a: Porygon2
|-ability|p1a: Porygon2|Simple|Download|[from] move: Simple Beam
|move|p1a: Porygon2|Trick Room|p1a: Porygon2
|-fieldstart|move: Trick Room|[of] p1a: Porygon2
|
|-damage|p1a: Porygon2|49/100|[from] move: Whirlpool|[partiallytrapped]
|upkeep
|turn|29
|
|t:|1779841548
|move|p1a: Porygon2|Tri Attack|p2a: Golduck
|-damage|p2a: Golduck|66/100
|move|p2a: Golduck|Encore|p1a: Porygon2
|-start|p1a: Porygon2|Encore
|
|-damage|p1a: Porygon2|36/100|[from] move: Whirlpool|[partiallytrapped]
|upkeep
|turn|30
|
|t:|1779841569
|move|p1a: Porygon2|Tri Attack|p2a: Golduck
|-damage|p2a: Golduck|36/100
|move|p2a: Golduck|Whirlpool|p1a: Porygon2
|-damage|p1a: Porygon2|29/100
|
|-damage|p1a: Porygon2|17/100|[from] move: Whirlpool|[partiallytrapped]
|upkeep
|turn|31
|
|t:|1779841584
|-terastallize|p2a: Golduck|Steel
|move|p1a: Porygon2|Tri Attack|p2a: Golduck
|-resisted|p2a: Golduck
|-damage|p2a: Golduck|19/100
|move|p2a: Golduck|Encore||[still]
|-fail|p2a: Golduck
|
|-damage|p1a: Porygon2|5/100|[from] move: Whirlpool|[partiallytrapped]
|upkeep
|turn|32
|
|t:|1779841594
|switch|p2a: Gardevoir|Gardevoir, F|100/100
|-ability|p2a: Gardevoir|Simple|Trace|[from] ability: Trace|[of] p1a: Porygon2
|move|p1a: Porygon2|Tri Attack|p2a: Gardevoir
|-damage|p2a: Gardevoir|71/100
|
|-heal|p2a: Gardevoir|77/100|[from] item: Leftovers
|-end|p1a: Porygon2|Whirlpool|[partiallytrapped]|[silent]
|-end|p1a: Porygon2|Encore
|-fieldend|move: Trick Room
|upkeep
|turn|33
|
|t:|1779841606
|move|p2a: Gardevoir|Draining Kiss|p1a: Porygon2
|-damage|p1a: Porygon2|0 fnt
|-heal|p2a: Gardevoir|81/100|[from] drain|[of] p1a: Porygon2
|faint|p1a: Porygon2
|
|-heal|p2a: Gardevoir|88/100|[from] item: Leftovers
|upkeep
|
|t:|1779841609
|switch|p1a: Hoopa|Hoopa-Unbound|93/100
|-damage|p1a: Hoopa|80/100|[from] Stealth Rock
|turn|34
|
|t:|1779841622
|-terastallize|p1a: Hoopa|Fairy
|move|p2a: Gardevoir|Calm Mind|p2a: Gardevoir
|-boost|p2a: Gardevoir|spa|2
|-boost|p2a: Gardevoir|spd|2
|move|p1a: Hoopa|Trick Room|p1a: Hoopa
|-fieldstart|move: Trick Room|[of] p1a: Hoopa
|
|-heal|p2a: Gardevoir|94/100|[from] item: Leftovers
|upkeep
|turn|35
|
|t:|1779841632
|switch|p1a: Ursaluna|Ursaluna, F|44/100 brn
|-damage|p1a: Ursaluna|38/100 brn|[from] Stealth Rock
|move|p2a: Gardevoir|Calm Mind|p2a: Gardevoir
|-boost|p2a: Gardevoir|spa|2
|-boost|p2a: Gardevoir|spd|2
|
|-heal|p2a: Gardevoir|99/100|[from] item: Leftovers
|-damage|p1a: Ursaluna|32/100 brn|[from] brn
|upkeep
|turn|36
|
|t:|1779841642
|move|p1a: Ursaluna|Facade|p2a: Gardevoir
|-crit|p2a: Gardevoir
|-damage|p2a: Gardevoir|0 fnt
|faint|p2a: Gardevoir
|
|-damage|p1a: Ursaluna|25/100 brn|[from] brn
|upkeep
|c|☆KenjiShiguma|If i attacked i won
|c|☆KenjiShiguma|Ugh
|c|☆KenjiShiguma|Gg
|
|t:|1779841664
|switch|p2a: Golduck|Golduck, M, tera:Steel|19/100
|-ability|p2a: Golduck|Cloud Nine
|turn|37
|
|t:|1779841672
|move|p1a: Ursaluna|Facade|p2a: Golduck
|-resisted|p2a: Golduck
|-damage|p2a: Golduck|0 fnt
|faint|p2a: Golduck
|
|win|tucumabreads
|raw|tucumabreads's rating: 1161 &rarr; <strong>1183</strong><br />(+22 for winning)
|raw|KenjiShiguma's rating: 1119 &rarr; <strong>1097</strong><br />(-22 for losing)
|c|☆tucumabreads|gg
|c|☆KenjiShiguma|Yup
|c|☆tucumabreads|cool team
|l|☆tucumabreads
|player|p1|
|c|☆KenjiShiguma|Too much trick room
|l|☆KenjiShiguma
|player|p2|
