|j|☆richka52
|j|☆Jak sucks a
|t:|1779813836
|gametype|singles
|player|p1|richka52|brycen|1186
|player|p2|Jak sucks a|169|1179
|gen|9
|tier|[Gen 9] OU
|rated|
|rule|HP Percentage Mod: HP is shown in percentages
|rule|Endless Battle Clause: Forcing endless battles is banned
|rule|Species Clause: Limit one of each Pokémon
|rule|OHKO Clause: OHKO moves are banned
|rule|Evasion Items Clause: Evasion items are banned
|rule|Evasion Moves Clause: Evasion moves are banned
|rule|Evasion Abilities Clause: Evasion abilities are banned
|rule|Sleep Moves Clause: Sleep-inducing moves are banned
|clearpoke
|poke|p1|Landorus-Therian, M|
|poke|p1|Skeledirge, F|
|poke|p1|Skarmory, M|
|poke|p1|Hydrapple, M|
|poke|p1|Samurott-Hisui, F|
|poke|p1|Fezandipiti, M|
|poke|p2|Chansey, F|
|poke|p2|Gliscor, F|
|poke|p2|Iron Hands|
|poke|p2|Toxapex, M|
|poke|p2|Dragapult, F|
|poke|p2|Rabsca, F|
|teampreview
|
|t:|1779813854
|teamsize|p1|6
|teamsize|p2|6
|start
|switch|p1a: Skeledirge|Skeledirge, F|100/100
|switch|p2a: Chansey|Chansey, F|100/100
|turn|1
|inactive|Battle timer is ON: inactive players will automatically lose when time's up. (requested by richka52)
|
|t:|1779813861
|move|p1a: Skeledirge|Torch Song|p2a: Chansey
|-damage|p2a: Chansey|91/100
|-boost|p1a: Skeledirge|spa|1
|move|p2a: Chansey|Thunder Wave|p1a: Skeledirge
|-status|p1a: Skeledirge|par
|
|upkeep
|turn|2
|
|t:|1779813872
|switch|p2a: Toxapex|Toxapex, M|100/100
|cant|p1a: Skeledirge|par
|
|upkeep
|turn|3
|
|t:|1779813878
|move|p2a: Toxapex|Surf|p1a: Skeledirge
|-supereffective|p1a: Skeledirge
|-damage|p1a: Skeledirge|68/100 par
|move|p1a: Skeledirge|Earth Power|p2a: Toxapex
|-supereffective|p2a: Toxapex
|-damage|p2a: Toxapex|42/100
|
|-heal|p2a: Toxapex|48/100|[from] item: Black Sludge
|upkeep
|turn|4
|
|t:|1779813888
|-terastallize|p2a: Toxapex|Dark
|move|p2a: Toxapex|Haze|p2a: Toxapex
|-clearallboost
|move|p1a: Skeledirge|Torch Song|p2a: Toxapex
|-damage|p2a: Toxapex|25/100
|-boost|p1a: Skeledirge|spa|1
|
|-damage|p2a: Toxapex|13/100|[from] item: Black Sludge
|upkeep
|turn|5
|
|t:|1779813896
|move|p2a: Toxapex|Surf|p1a: Skeledirge
|-supereffective|p1a: Skeledirge
|-damage|p1a: Skeledirge|40/100 par
|cant|p1a: Skeledirge|par
|
|-damage|p2a: Toxapex|0 fnt|[from] item: Black Sludge
|faint|p2a: Toxapex
|upkeep
|
|t:|1779813912
|switch|p2a: Gliscor|Gliscor, F|100/100
|turn|6
|
|t:|1779813917
|move|p2a: Gliscor|Swords Dance|p2a: Gliscor
|-boost|p2a: Gliscor|atk|2
|move|p1a: Skeledirge|Torch Song|p2a: Gliscor
|-damage|p2a: Gliscor|30/100
|-boost|p1a: Skeledirge|spa|1
|
|-status|p2a: Gliscor|tox|[from] item: Toxic Orb
|upkeep
|turn|7
|
|t:|1779813926
|move|p2a: Gliscor|Earthquake|p1a: Skeledirge
|-supereffective|p1a: Skeledirge
|-damage|p1a: Skeledirge|0 fnt
|faint|p1a: Skeledirge
|
|-heal|p2a: Gliscor|42/100 tox|[from] ability: Poison Heal
|upkeep
|
|t:|1779813931
|switch|p1a: Samurott|Samurott-Hisui, F|100/100
|turn|8
|
|t:|1779813936
|move|p2a: Gliscor|Facade|p1a: Samurott
|-damage|p1a: Samurott|2/100
|move|p1a: Samurott|Flip Turn|p2a: Gliscor
|-supereffective|p2a: Gliscor
|-damage|p2a: Gliscor|0 fnt
|faint|p2a: Gliscor
|
|t:|1779813943
|switch|p1a: Skarmory|Skarmory, M|100/100|[from] Flip Turn
|
|upkeep
|inactive|Jak sucks a has 120 seconds left.
|
|t:|1779813980
|switch|p2a: Iron Hands|Iron Hands|100/100
|-enditem|p2a: Iron Hands|Booster Energy
|-activate|p2a: Iron Hands|ability: Quark Drive|[fromitem]
|-start|p2a: Iron Hands|quarkdriveatk
|turn|9
|
|t:|1779813991
|move|p1a: Skarmory|Stealth Rock|p2a: Iron Hands
|-sidestart|p2: Jak sucks a|move: Stealth Rock
|move|p2a: Iron Hands|Volt Switch|p1a: Skarmory
|-supereffective|p1a: Skarmory
|-damage|p1a: Skarmory|66/100
|
|t:|1779813997
|-end|p2a: Iron Hands|Quark Drive|[silent]
|switch|p2a: Chansey|Chansey, F|91/100|[from] Volt Switch
|-damage|p2a: Chansey|79/100|[from] Stealth Rock
|
|upkeep
|turn|10
|
|t:|1779814004
|-terastallize|p1a: Skarmory|Fighting
|move|p1a: Skarmory|Body Press|p2a: Chansey
|-supereffective|p2a: Chansey
|-damage|p2a: Chansey|11/100
|move|p2a: Chansey|Thunder Wave|p1a: Skarmory
|-status|p1a: Skarmory|par
|
|upkeep
|turn|11
|
|t:|1779814016
|move|p2a: Chansey|Soft-Boiled|p2a: Chansey
|-heal|p2a: Chansey|61/100
|move|p1a: Skarmory|Roost|p1a: Skarmory
|-heal|p1a: Skarmory|100/100 par
|
|upkeep
|turn|12
|
|t:|1779814021
|move|p2a: Chansey|Soft-Boiled|p2a: Chansey
|-heal|p2a: Chansey|100/100
|cant|p1a: Skarmory|par
|
|upkeep
|turn|13
|
|t:|1779814025
|move|p2a: Chansey|Seismic Toss|p1a: Skarmory
|-damage|p1a: Skarmory|70/100 par
|-damage|p2a: Chansey|84/100|[from] item: Rocky Helmet|[of] p1a: Skarmory
|move|p1a: Skarmory|Body Press|p2a: Chansey
|-supereffective|p2a: Chansey
|-damage|p2a: Chansey|25/100
|
|upkeep
|turn|14
|
|t:|1779814033
|move|p2a: Chansey|Soft-Boiled|p2a: Chansey
|-heal|p2a: Chansey|75/100
|move|p1a: Skarmory|Roost|p1a: Skarmory
|-heal|p1a: Skarmory|100/100 par
|
|upkeep
|turn|15
|
|t:|1779814037
|move|p2a: Chansey|Seismic Toss|p1a: Skarmory
|-damage|p1a: Skarmory|70/100 par
|-damage|p2a: Chansey|58/100|[from] item: Rocky Helmet|[of] p1a: Skarmory
|cant|p1a: Skarmory|par
|
|upkeep
|turn|16
|
|t:|1779814045
|move|p2a: Chansey|Soft-Boiled|p2a: Chansey
|-heal|p2a: Chansey|100/100
|move|p1a: Skarmory|Body Press|p2a: Chansey
|-supereffective|p2a: Chansey
|-damage|p2a: Chansey|33/100
|
|upkeep
|turn|17
|
|t:|1779814049
|move|p2a: Chansey|Seismic Toss|p1a: Skarmory
|-damage|p1a: Skarmory|40/100 par
|-damage|p2a: Chansey|16/100|[from] item: Rocky Helmet|[of] p1a: Skarmory
|cant|p1a: Skarmory|par
|
|upkeep
|turn|18
|
|t:|1779814052
|move|p2a: Chansey|Seismic Toss|p1a: Skarmory
|-damage|p1a: Skarmory|10/100 par
|-damage|p2a: Chansey|0 fnt|[from] item: Rocky Helmet|[of] p1a: Skarmory
|faint|p2a: Chansey
|cant|p1a: Skarmory|par
|
|upkeep
|
|t:|1779814073
|switch|p2a: Rabsca|Rabsca, F|100/100
|-damage|p2a: Rabsca|76/100|[from] Stealth Rock
|turn|19
|
|t:|1779814080
|move|p2a: Rabsca|Revival Blessing|p2a: Rabsca
|-enditem|p2a: Rabsca|Leppa Berry|[eat]
|-activate|p2a: Rabsca|item: Leppa Berry|Revival Blessing|[consumed]
|
|t:|1779814087
|-heal|p2: Gliscor|50/100|[from] move: Revival Blessing
|move|p1a: Skarmory|Brave Bird|p2a: Rabsca
|-supereffective|p2a: Rabsca
|-damage|p2a: Rabsca|24/100
|-damage|p1a: Skarmory|0 fnt|[from] Recoil
|faint|p1a: Skarmory
|
|upkeep
|
|t:|1779814096
|switch|p1a: Samurott|Samurott-Hisui, F|2/100
|turn|20
|
|t:|1779814102
|move|p1a: Samurott|Ceaseless Edge|p2a: Rabsca
|-supereffective|p2a: Rabsca
|-damage|p2a: Rabsca|0 fnt
|-sidestart|p2: Jak sucks a|Spikes
|faint|p2a: Rabsca
|
|upkeep
|
|t:|1779814112
|switch|p2a: Dragapult|Dragapult, F|100/100
|-damage|p2a: Dragapult|88/100|[from] Stealth Rock
|-damage|p2a: Dragapult|76/100|[from] Spikes
|turn|21
|
|t:|1779814117
|move|p2a: Dragapult|Protect|p2a: Dragapult
|-singleturn|p2a: Dragapult|Protect
|move|p1a: Samurott|Ceaseless Edge|p2a: Dragapult
|-activate|p2a: Dragapult|move: Protect
|
|-status|p2a: Dragapult|tox|[from] item: Toxic Orb
|upkeep
|turn|22
|
|t:|1779814125
|move|p1a: Samurott|Sucker Punch|p2a: Dragapult
|-supereffective|p2a: Dragapult
|-damage|p2a: Dragapult|0 fnt
|faint|p2a: Dragapult
|
|upkeep
|
|t:|1779814133
|switch|p2a: Iron Hands|Iron Hands|100/100
|-damage|p2a: Iron Hands|94/100|[from] Stealth Rock
|-damage|p2a: Iron Hands|82/100|[from] Spikes
|turn|23
|
|t:|1779814139
|move|p1a: Samurott|Ceaseless Edge|p2a: Iron Hands
|-resisted|p2a: Iron Hands
|-damage|p2a: Iron Hands|68/100
|-sidestart|p2: Jak sucks a|Spikes
|move|p2a: Iron Hands|Earthquake|p1a: Samurott
|-damage|p1a: Samurott|0 fnt
|faint|p1a: Samurott
|
|upkeep
|
|t:|1779814146
|switch|p1a: Landorus|Landorus-Therian, M|100/100
|-ability|p1a: Landorus|Intimidate|boost
|-unboost|p2a: Iron Hands|atk|1
|turn|24
|
|t:|1779814152
|move|p1a: Landorus|U-turn|p2a: Iron Hands
|-resisted|p2a: Iron Hands
|-damage|p2a: Iron Hands|60/100
|
|t:|1779814154
|switch|p1a: Hydrapple|Hydrapple, M|100/100|[from] U-turn
|move|p2a: Iron Hands|Ice Punch|p1a: Hydrapple
|-supereffective|p1a: Hydrapple
|-damage|p1a: Hydrapple|39/100
|
|upkeep
|turn|25
|
|t:|1779814162
|move|p2a: Iron Hands|Ice Punch|p1a: Hydrapple
|-supereffective|p1a: Hydrapple
|-damage|p1a: Hydrapple|0 fnt
|faint|p1a: Hydrapple
|
|upkeep
|
|t:|1779814165
|switch|p1a: Fezandipiti|Fezandipiti, M|100/100
|turn|26
|
|t:|1779814172
|move|p1a: Fezandipiti|Moonblast|p2a: Iron Hands
|-supereffective|p2a: Iron Hands
|-damage|p2a: Iron Hands|16/100
|move|p2a: Iron Hands|Earthquake|p1a: Fezandipiti
|-supereffective|p1a: Fezandipiti
|-damage|p1a: Fezandipiti|40/100
|
|upkeep
|turn|27
|
|t:|1779814179
|move|p1a: Fezandipiti|Moonblast|p2a: Iron Hands
|-supereffective|p2a: Iron Hands
|-damage|p2a: Iron Hands|0 fnt
|faint|p2a: Iron Hands
|-end|p2a: Iron Hands|Quark Drive|[silent]
|
|upkeep
|
|t:|1779814180
|switch|p2a: Gliscor|Gliscor, F|50/100
|-damage|p2a: Gliscor|38/100|[from] Stealth Rock
|turn|28
|
|t:|1779814184
|move|p2a: Gliscor|Earthquake|p1a: Fezandipiti
|-supereffective|p1a: Fezandipiti
|-damage|p1a: Fezandipiti|0 fnt
|faint|p1a: Fezandipiti
|
|-status|p2a: Gliscor|tox|[from] item: Toxic Orb
|upkeep
|
|t:|1779814187
|switch|p1a: Landorus|Landorus-Therian, M|100/100
|-ability|p1a: Landorus|Intimidate|boost
|-unboost|p2a: Gliscor|atk|1
|turn|29
|
|t:|1779814191
|move|p1a: Landorus|Stone Edge|p2a: Gliscor
|-damage|p2a: Gliscor|0 fnt
|faint|p2a: Gliscor
|
|win|richka52
|raw|richka52's rating: 1186 &rarr; <strong>1210</strong><br />(+24 for winning)
|raw|Jak sucks a's rating: 1179 &rarr; <strong>1155</strong><br />(-24 for losing)
|l|☆Jak sucks a
|player|p2|
|l|☆richka52
|player|p1|
