|j|☆marrafiku
|j|☆YoSoyDelBronx
|t:|1779912452
|gametype|singles
|player|p1|marrafiku|blue|1096
|player|p2|YoSoyDelBronx|noland|1141
|gen|9
|tier|[Gen 9] OU
|rated|
|rule|HP Percentage Mod: HP is shown in percentages
|rule|Endless Battle Clause: Forcing endless battles is banned
|rule|Species Clause: Limit one of each Pokémon
|rule|OHKO Clause: OHKO moves are banned
|rule|Evasion Items Clause: Evasion items are banned
|rule|Evasion Moves Clause: Evasion moves are banned
|rule|Evasion Abilities Clause: Evasion abilities are banned
|rule|Sleep Moves Clause: Sleep-inducing moves are banned
|clearpoke
|poke|p1|Gliscor, F|
|poke|p1|Snorlax, F|
|poke|p1|Great Tusk|
|poke|p1|Walking Wake|
|poke|p1|Corviknight, M|
|poke|p1|Toxapex, F|
|poke|p2|Blaziken, M|
|poke|p2|Ninetales, M|
|poke|p2|Venusaur, F|
|poke|p2|Clefable, F|
|poke|p2|Great Tusk|
|poke|p2|Walking Wake|
|teampreview
|inactive|Battle timer is ON: inactive players will automatically lose when time's up. (requested by YoSoyDelBronx)
|
|t:|1779912469
|teamsize|p1|6
|teamsize|p2|6
|start
|switch|p1a: Idu|Walking Wake|100/100
|switch|p2a: Capitán Salami|Blaziken, M|100/100
|turn|1
|
|t:|1779912478
|switch|p2a: Clefable|Clefable, F|100/100
|move|p1a: Idu|Hydro Steam|p2a: Clefable
|-damage|p2a: Clefable|44/100
|
|upkeep
|turn|2
|
|t:|1779912485
|switch|p2a: Ranita|Venusaur, F|100/100
|move|p1a: Idu|Hydro Steam|p2a: Ranita
|-resisted|p2a: Ranita
|-damage|p2a: Ranita|63/100
|
|upkeep
|turn|3
|
|t:|1779912493
|-end|p1a: Idu|Protosynthesis|[silent]
|switch|p1a: Tripas|Corviknight, M|100/100
|-ability|p1a: Tripas|Pressure
|move|p2a: Ranita|Giga Drain|p1a: Tripas
|-resisted|p1a: Tripas
|-damage|p1a: Tripas|90/100
|-heal|p2a: Ranita|70/100|[from] drain|[of] p1a: Tripas
|-damage|p2a: Ranita|60/100|[from] item: Life Orb
|
|-heal|p1a: Tripas|97/100|[from] item: Leftovers
|upkeep
|turn|4
|
|t:|1779912505
|switch|p2a: Kurama|Ninetales, M|100/100
|-weather|SunnyDay|[from] ability: Drought|[of] p2a: Kurama
|move|p1a: Tripas|Bulk Up|p1a: Tripas
|-boost|p1a: Tripas|atk|1
|-boost|p1a: Tripas|def|1
|
|-weather|SunnyDay|[upkeep]
|-heal|p1a: Tripas|100/100|[from] item: Leftovers
|upkeep
|turn|5
|
|t:|1779912517
|switch|p1a: Idu|Walking Wake|100/100
|-activate|p1a: Idu|ability: Protosynthesis
|-start|p1a: Idu|protosynthesisspa
|move|p2a: Kurama|Encore||[still]
|-fail|p2a: Kurama
|
|-weather|SunnyDay|[upkeep]
|upkeep
|turn|6
|
|t:|1779912525
|move|p1a: Idu|Dragon Pulse|p2a: Kurama
|-damage|p2a: Kurama|17/100
|move|p2a: Kurama|Memento|p1a: Idu
|-unboost|p1a: Idu|atk|2
|-unboost|p1a: Idu|spa|2
|faint|p2a: Kurama
|
|-weather|SunnyDay|[upkeep]
|upkeep
|
|t:|1779912532
|switch|p2a: Capitán Salami|Blaziken, M|100/100
|turn|7
|
|t:|1779912540
|-end|p1a: Idu|Protosynthesis|[silent]
|switch|p1a: Boby|Toxapex, F|100/100
|move|p2a: Capitán Salami|Focus Energy|p2a: Capitán Salami
|-start|p2a: Capitán Salami|move: Focus Energy
|
|-weather|SunnyDay|[upkeep]
|-ability|p2a: Capitán Salami|Speed Boost|boost
|-boost|p2a: Capitán Salami|spe|1
|upkeep
|turn|8
|
|t:|1779912549
|-terastallize|p2a: Capitán Salami|Fire
|move|p1a: Boby|Baneful Bunker|p1a: Boby
|-singleturn|p1a: Boby|move: Protect
|move|p2a: Capitán Salami|Overheat|p1a: Boby
|-activate|p1a: Boby|move: Protect
|
|-weather|SunnyDay|[upkeep]
|-ability|p2a: Capitán Salami|Speed Boost|boost
|-boost|p2a: Capitán Salami|spe|1
|upkeep
|turn|9
|
|t:|1779912560
|move|p2a: Capitán Salami|Overheat|p1a: Boby
|-resisted|p1a: Boby
|-crit|p1a: Boby
|-damage|p1a: Boby|15/100
|-unboost|p2a: Capitán Salami|spa|2
|move|p1a: Boby|Hydro Pump|p2a: Capitán Salami|[miss]
|-miss|p1a: Boby|p2a: Capitán Salami
|
|-weather|SunnyDay|[upkeep]
|-heal|p1a: Boby|21/100|[from] item: Black Sludge
|-ability|p2a: Capitán Salami|Speed Boost|boost
|-boost|p2a: Capitán Salami|spe|1
|upkeep
|turn|10
|
|t:|1779912573
|move|p1a: Boby|Baneful Bunker|p1a: Boby
|-singleturn|p1a: Boby|move: Protect
|move|p2a: Capitán Salami|Close Combat|p1a: Boby
|-activate|p1a: Boby|move: Protect
|-status|p2a: Capitán Salami|psn
|
|-weather|SunnyDay|[upkeep]
|-heal|p1a: Boby|27/100|[from] item: Black Sludge
|-damage|p2a: Capitán Salami|88/100 psn|[from] psn
|-ability|p2a: Capitán Salami|Speed Boost|boost
|-boost|p2a: Capitán Salami|spe|1
|upkeep
|turn|11
|
|t:|1779912586
|move|p2a: Capitán Salami|Overheat|p1a: Boby
|-resisted|p1a: Boby
|-crit|p1a: Boby
|-damage|p1a: Boby|0 fnt
|-unboost|p2a: Capitán Salami|spa|2
|faint|p1a: Boby
|
|-weather|none
|-damage|p2a: Capitán Salami|76/100 psn|[from] psn
|-ability|p2a: Capitán Salami|Speed Boost|boost
|-boost|p2a: Capitán Salami|spe|1
|upkeep
|
|t:|1779912597
|switch|p1a: Gorlof|Snorlax, F|100/100
|turn|12
|
|t:|1779912602
|move|p2a: Capitán Salami|Overheat|p1a: Gorlof
|-crit|p1a: Gorlof
|-damage|p1a: Gorlof|63/100
|-unboost|p2a: Capitán Salami|spa|2
|move|p1a: Gorlof|Curse|p1a: Gorlof
|-unboost|p1a: Gorlof|spe|1
|-boost|p1a: Gorlof|atk|1
|-boost|p1a: Gorlof|def|1
|
|-heal|p1a: Gorlof|70/100|[from] item: Leftovers
|-damage|p2a: Capitán Salami|64/100 psn|[from] psn
|-ability|p2a: Capitán Salami|Speed Boost|boost
|-boost|p2a: Capitán Salami|spe|1
|upkeep
|turn|13
|
|t:|1779912616
|move|p2a: Capitán Salami|Close Combat|p1a: Gorlof
|-supereffective|p1a: Gorlof
|-crit|p1a: Gorlof
|-damage|p1a: Gorlof|0 fnt
|-unboost|p2a: Capitán Salami|def|1
|-unboost|p2a: Capitán Salami|spd|1
|faint|p1a: Gorlof
|
|-damage|p2a: Capitán Salami|51/100 psn|[from] psn
|upkeep
|
|t:|1779912626
|switch|p1a: Jimmy|Gliscor, F|100/100
|turn|14
|
|t:|1779912630
|move|p1a: Jimmy|Protect|p1a: Jimmy
|-singleturn|p1a: Jimmy|Protect
|move|p2a: Capitán Salami|Overheat|p1a: Jimmy
|-activate|p1a: Jimmy|move: Protect
|
|-damage|p2a: Capitán Salami|39/100 psn|[from] psn
|-status|p1a: Jimmy|tox|[from] item: Toxic Orb
|upkeep
|turn|15
|
|t:|1779912640
|move|p2a: Capitán Salami|Overheat|p1a: Jimmy
|-crit|p1a: Jimmy
|-damage|p1a: Jimmy|0 fnt
|faint|p1a: Jimmy
|
|-damage|p2a: Capitán Salami|27/100 psn|[from] psn
|upkeep
|
|t:|1779912647
|switch|p1a: Jackie|Great Tusk|100/100
|turn|16
|
|t:|1779912651
|move|p2a: Capitán Salami|Overheat|p1a: Jackie
|-crit|p1a: Jackie
|-damage|p1a: Jackie|0 fnt
|faint|p1a: Jackie
|-end|p1a: Jackie|Protosynthesis|[silent]
|
|-damage|p2a: Capitán Salami|14/100 psn|[from] psn
|upkeep
|
|t:|1779912660
|switch|p1a: Tripas|Corviknight, M|100/100
|-ability|p1a: Tripas|Pressure
|turn|17
|
|t:|1779912666
|-terastallize|p1a: Tripas|Flying
|move|p2a: Capitán Salami|Close Combat|p1a: Tripas
|-resisted|p1a: Tripas
|-crit|p1a: Tripas
|-damage|p1a: Tripas|77/100
|-unboost|p2a: Capitán Salami|def|1
|-unboost|p2a: Capitán Salami|spd|1
|move|p1a: Tripas|Roost|p1a: Tripas
|-heal|p1a: Tripas|100/100
|-hint|If a Terastallized Pokemon uses Roost, it remains Flying-type.
|
|-damage|p2a: Capitán Salami|2/100 psn|[from] psn
|upkeep
|turn|18
|
|t:|1779912683
|switch|p1a: Idu|Walking Wake|100/100
|move|p2a: Capitán Salami|Overheat|p1a: Idu
|-resisted|p1a: Idu
|-crit|p1a: Idu
|-damage|p1a: Idu|64/100
|
|-damage|p2a: Capitán Salami|0 fnt|[from] psn
|faint|p2a: Capitán Salami
|upkeep
|
|t:|1779912691
|switch|p2a: Clefable|Clefable, F|44/100
|turn|19
|
|t:|1779912695
|move|p1a: Idu|Hydro Steam|p2a: Clefable
|-damage|p2a: Clefable|0 fnt
|faint|p2a: Clefable
|
|upkeep
|
|t:|1779912698
|switch|p2a: Ranita|Venusaur, F|60/100
|turn|20
|
|t:|1779912703
|-end|p1a: Idu|Protosynthesis|[silent]
|switch|p1a: Tripas|Corviknight, M, tera:Flying|100/100
|-ability|p1a: Tripas|Pressure
|switch|p2a: Walking Wake|Walking Wake|100/100
|
|upkeep
|turn|21
|
|t:|1779912711
|move|p2a: Walking Wake|Draco Meteor|p1a: Tripas|[miss]
|-miss|p2a: Walking Wake|p1a: Tripas
|move|p1a: Tripas|Brave Bird|p2a: Walking Wake
|-damage|p2a: Walking Wake|51/100
|-damage|p1a: Tripas|87/100|[from] Recoil
|
|-heal|p1a: Tripas|93/100|[from] item: Leftovers
|upkeep
|turn|22
|
|t:|1779912722
|move|p2a: Walking Wake|Draco Meteor|p1a: Tripas|[miss]
|-miss|p2a: Walking Wake|p1a: Tripas
|move|p1a: Tripas|Roost|p1a: Tripas
|-heal|p1a: Tripas|100/100
|-hint|If a Terastallized Pokemon uses Roost, it remains Flying-type.
|
|upkeep
|turn|23
|
|t:|1779912729
|move|p2a: Walking Wake|Draco Meteor|p1a: Tripas
|-damage|p1a: Tripas|11/100
|-unboost|p2a: Walking Wake|spa|2
|move|p1a: Tripas|Roost|p1a: Tripas
|-heal|p1a: Tripas|61/100
|-hint|If a Terastallized Pokemon uses Roost, it remains Flying-type.
|
|-heal|p1a: Tripas|67/100|[from] item: Leftovers
|upkeep
|turn|24
|
|t:|1779912739
|move|p2a: Walking Wake|Draco Meteor|p1a: Tripas
|-damage|p1a: Tripas|27/100
|-unboost|p2a: Walking Wake|spa|2
|move|p1a: Tripas|Roost|p1a: Tripas
|-heal|p1a: Tripas|77/100
|-hint|If a Terastallized Pokemon uses Roost, it remains Flying-type.
|
|-heal|p1a: Tripas|84/100|[from] item: Leftovers
|upkeep
|turn|25
|
|t:|1779912751
|-end|p2a: Walking Wake|Protosynthesis|[silent]
|switch|p2a: Ranita|Venusaur, F|60/100
|move|p1a: Tripas|Bulk Up|p1a: Tripas
|-boost|p1a: Tripas|atk|1
|-boost|p1a: Tripas|def|1
|
|-heal|p1a: Tripas|90/100|[from] item: Leftovers
|upkeep
|turn|26
|
|t:|1779912761
|move|p2a: Ranita|Sludge Bomb|p1a: Tripas
|-damage|p1a: Tripas|45/100
|-damage|p2a: Ranita|50/100|[from] item: Life Orb
|move|p1a: Tripas|Brave Bird|p2a: Ranita
|-supereffective|p2a: Ranita
|-damage|p2a: Ranita|0 fnt
|faint|p2a: Ranita
|-damage|p1a: Tripas|32/100|[from] Recoil
|
|-heal|p1a: Tripas|39/100|[from] item: Leftovers
|upkeep
|
|t:|1779912766
|switch|p2a: Walking Wake|Walking Wake|51/100
|turn|27
|
|t:|1779912776
|move|p2a: Walking Wake|Dragon Pulse|p1a: Tripas
|-damage|p1a: Tripas|0 fnt
|faint|p1a: Tripas
|
|upkeep
|
|t:|1779912781
|switch|p1a: Idu|Walking Wake|64/100
|turn|28
|
|t:|1779912786
|move|p2a: Walking Wake|Dragon Pulse|p1a: Idu
|-supereffective|p1a: Idu
|-damage|p1a: Idu|0 fnt
|faint|p1a: Idu
|-end|p1a: Idu|Protosynthesis|[silent]
|
|win|YoSoyDelBronx
|raw|marrafiku's rating: 1096 &rarr; <strong>1075</strong><br />(-21 for losing)
|raw|YoSoyDelBronx's rating: 1141 &rarr; <strong>1163</strong><br />(+22 for winning)
|l|☆marrafiku
|player|p1|
