|j|☆jessies boyfriend
|j|☆Hidden-Chaos-7777
|t:|1779850494
|gametype|singles
|player|p1|jessies boyfriend|brock|1389
|player|p2|Hidden-Chaos-7777|265|1434
|gen|9
|tier|[Gen 9] OU
|rated|
|rule|HP Percentage Mod: HP is shown in percentages
|rule|Endless Battle Clause: Forcing endless battles is banned
|rule|Species Clause: Limit one of each Pokémon
|rule|OHKO Clause: OHKO moves are banned
|rule|Evasion Items Clause: Evasion items are banned
|rule|Evasion Moves Clause: Evasion moves are banned
|rule|Evasion Abilities Clause: Evasion abilities are banned
|rule|Sleep Moves Clause: Sleep-inducing moves are banned
|clearpoke
|poke|p1|Houndstone, F|
|poke|p1|Glimmora, F|
|poke|p1|Scrafty, M|
|poke|p1|Samurott-Hisui, M|
|poke|p1|Great Tusk|
|poke|p1|Milotic, M|
|poke|p2|Meowscarada, M|
|poke|p2|Samurott-Hisui, M|
|poke|p2|Gholdengo|
|poke|p2|Great Tusk|
|poke|p2|Dragonite, F|
|poke|p2|Kingambit, F|
|teampreview
|inactive|Battle timer is ON: inactive players will automatically lose when time's up. (requested by jessies boyfriend)
|inactive|Hidden-Chaos-7777 also wants the timer to be on.
|
|t:|1779850525
|teamsize|p1|6
|teamsize|p2|6
|start
|switch|p1a: Glimmora|Glimmora, F|100/100
|switch|p2a: Great Tusk|Great Tusk|100/100
|-item|p1a: Glimmora|Air Balloon
|turn|1
|
|t:|1779850536
|move|p2a: Great Tusk|Rapid Spin|p1a: Glimmora
|-resisted|p1a: Glimmora
|-damage|p1a: Glimmora|91/100
|-boost|p2a: Great Tusk|spe|1
|-activate|p1a: Glimmora|ability: Toxic Debris
|-sidestart|p2: Hidden-Chaos-7777|move: Toxic Spikes
|-enditem|p1a: Glimmora|Air Balloon
|-sideend|p2: Hidden-Chaos-7777|Toxic Spikes|[from] move: Rapid Spin|[of] p2a: Great Tusk
|move|p1a: Glimmora|Energy Ball|p2a: Great Tusk
|-supereffective|p2a: Great Tusk
|-damage|p2a: Great Tusk|14/100
|
|upkeep
|turn|2
|
|t:|1779850550
|switch|p1a: Houndstone|Houndstone, F|100/100
|move|p2a: Great Tusk|Headlong Rush|p1a: Houndstone
|-damage|p1a: Houndstone|70/100
|-unboost|p2a: Great Tusk|def|1
|-unboost|p2a: Great Tusk|spd|1
|
|-heal|p1a: Houndstone|76/100|[from] item: Leftovers
|upkeep
|turn|3
|
|t:|1779850565
|-end|p2a: Great Tusk|Protosynthesis|[silent]
|switch|p2a: Gholdengo|Gholdengo|100/100
|move|p1a: Houndstone|Roar|p2a: Gholdengo
|-immune|p2a: Gholdengo|[from] ability: Good as Gold
|
|-heal|p1a: Houndstone|82/100|[from] item: Leftovers
|upkeep
|turn|4
|
|t:|1779850579
|move|p1a: Houndstone|Protect|p1a: Houndstone
|-singleturn|p1a: Houndstone|Protect
|move|p2a: Gholdengo|Shadow Ball|p1a: Houndstone
|-activate|p1a: Houndstone|move: Protect
|
|-heal|p1a: Houndstone|88/100|[from] item: Leftovers
|upkeep
|turn|5
|
|t:|1779850587
|switch|p1a: Samurott|Samurott-Hisui, M, shiny|100/100
|move|p2a: Gholdengo|Shadow Ball|p1a: Samurott
|-resisted|p1a: Samurott
|-damage|p1a: Samurott|81/100
|
|upkeep
|turn|6
|
|t:|1779850599
|switch|p2a: Samurott|Samurott-Hisui, M|100/100
|move|p1a: Samurott|Ceaseless Edge|p2a: Samurott
|-resisted|p2a: Samurott
|-damage|p2a: Samurott|78/100
|-sidestart|p2: Hidden-Chaos-7777|Spikes
|
|upkeep
|turn|7
|
|t:|1779850610
|switch|p1a: Glimmora|Glimmora, F|91/100
|move|p2a: Samurott|Ceaseless Edge|p1a: Glimmora
|-damage|p1a: Glimmora|46/100
|-activate|p1a: Glimmora|ability: Toxic Debris
|-sidestart|p2: Hidden-Chaos-7777|move: Toxic Spikes
|-sidestart|p1: jessies boyfriend|Spikes
|
|upkeep
|turn|8
|
|t:|1779850618
|move|p2a: Samurott|Ceaseless Edge|p1a: Glimmora
|-damage|p1a: Glimmora|0 fnt
|-activate|p1a: Glimmora|ability: Toxic Debris
|-sidestart|p2: Hidden-Chaos-7777|move: Toxic Spikes
|-sidestart|p1: jessies boyfriend|Spikes
|faint|p1a: Glimmora
|
|upkeep
|
|t:|1779850622
|switch|p1a: Great Tusk|Great Tusk|100/100
|-damage|p1a: Great Tusk|84/100|[from] Spikes
|turn|9
|
|t:|1779850634
|switch|p2a: Gholdengo|Gholdengo|100/100
|-damage|p2a: Gholdengo|88/100|[from] Spikes
|move|p1a: Great Tusk|Stealth Rock|p2a: Gholdengo
|-sidestart|p2: Hidden-Chaos-7777|move: Stealth Rock
|
|-heal|p1a: Great Tusk|90/100|[from] item: Leftovers
|upkeep
|turn|10
|
|t:|1779850647
|-end|p1a: Great Tusk|Protosynthesis|[silent]
|switch|p1a: Samurott|Samurott-Hisui, M, shiny|81/100
|-damage|p1a: Samurott|65/100|[from] Spikes
|move|p2a: Gholdengo|Shadow Ball|p1a: Samurott
|-resisted|p1a: Samurott
|-damage|p1a: Samurott|44/100
|
|upkeep
|turn|11
|
|t:|1779850667
|move|p2a: Gholdengo|Shadow Ball|p1a: Samurott
|-resisted|p1a: Samurott
|-damage|p1a: Samurott|26/100
|move|p1a: Samurott|Knock Off|p2a: Gholdengo
|-supereffective|p2a: Gholdengo
|-damage|p2a: Gholdengo|7/100
|-enditem|p2a: Gholdengo|Choice Specs|[from] move: Knock Off|[of] p1a: Samurott
|
|upkeep
|turn|12
|
|t:|1779850677
|move|p2a: Gholdengo|Focus Blast|p1a: Samurott
|-supereffective|p1a: Samurott
|-damage|p1a: Samurott|0 fnt
|faint|p1a: Samurott
|
|upkeep
|
|t:|1779850687
|switch|p1a: Milotic|Milotic, M|100/100
|-damage|p1a: Milotic|84/100|[from] Spikes
|turn|13
|
|t:|1779850694
|move|p2a: Gholdengo|Shadow Ball|p1a: Milotic
|-damage|p1a: Milotic|63/100
|-unboost|p1a: Milotic|spd|1
|-ability|p1a: Milotic|Competitive|boost
|-boost|p1a: Milotic|spa|2
|move|p1a: Milotic|Draining Kiss|p2a: Gholdengo
|-resisted|p2a: Gholdengo
|-damage|p2a: Gholdengo|0 fnt
|-heal|p1a: Milotic|68/100|[from] drain|[of] p2a: Gholdengo
|faint|p2a: Gholdengo
|
|upkeep
|
|t:|1779850715
|switch|p2a: Great Tusk|Great Tusk|14/100
|turn|14
|
|t:|1779850725
|switch|p1a: Houndstone|Houndstone, F|88/100
|-damage|p1a: Houndstone|72/100|[from] Spikes
|move|p2a: Great Tusk|Headlong Rush|p1a: Houndstone
|-damage|p1a: Houndstone|39/100
|-unboost|p2a: Great Tusk|def|1
|-unboost|p2a: Great Tusk|spd|1
|
|-heal|p1a: Houndstone|45/100|[from] item: Leftovers
|upkeep
|turn|15
|
|t:|1779850745
|-end|p2a: Great Tusk|Protosynthesis|[silent]
|switch|p2a: Kingambit|Kingambit, F|100/100
|-damage|p2a: Kingambit|88/100|[from] Spikes
|-damage|p2a: Kingambit|82/100|[from] Stealth Rock
|-activate|p2a: Kingambit|ability: Supreme Overlord
|-start|p2a: Kingambit|fallen1|[silent]
|move|p1a: Houndstone|Roar|p2a: Kingambit
|-end|p2a: Kingambit|fallen1|[silent]
|drag|p2a: Meowscarada|Meowscarada, M|100/100
|-damage|p2a: Meowscarada|88/100|[from] Spikes
|-status|p2a: Meowscarada|tox
|-damage|p2a: Meowscarada|76/100 tox|[from] Stealth Rock
|
|-heal|p1a: Houndstone|51/100|[from] item: Leftovers
|-damage|p2a: Meowscarada|70/100 tox|[from] psn
|upkeep
|turn|16
|inactive|Hidden-Chaos-7777 has 120 seconds left.
|
|t:|1779850761
|move|p1a: Houndstone|Protect|p1a: Houndstone
|-singleturn|p1a: Houndstone|Protect
|move|p2a: Meowscarada|Knock Off|p1a: Houndstone
|-start|p2a: Meowscarada|typechange|Dark|[from] ability: Protean
|-activate|p1a: Houndstone|move: Protect
|
|-heal|p1a: Houndstone|57/100|[from] item: Leftovers
|-damage|p2a: Meowscarada|57/100 tox|[from] psn
|upkeep
|turn|17
|
|t:|1779850770
|switch|p1a: Great Tusk|Great Tusk|90/100
|-damage|p1a: Great Tusk|73/100|[from] Spikes
|move|p2a: Meowscarada|Knock Off|p1a: Great Tusk
|-resisted|p1a: Great Tusk
|-damage|p1a: Great Tusk|58/100
|-enditem|p1a: Great Tusk|Leftovers|[from] move: Knock Off|[of] p2a: Meowscarada
|
|-damage|p2a: Meowscarada|39/100 tox|[from] psn
|upkeep
|turn|18
|
|t:|1779850780
|switch|p2a: Kingambit|Kingambit, F|82/100
|-damage|p2a: Kingambit|70/100|[from] Spikes
|-damage|p2a: Kingambit|64/100|[from] Stealth Rock
|-activate|p2a: Kingambit|ability: Supreme Overlord
|-start|p2a: Kingambit|fallen1|[silent]
|move|p1a: Great Tusk|Rapid Spin|p2a: Kingambit
|-resisted|p2a: Kingambit
|-damage|p2a: Kingambit|57/100
|-boost|p1a: Great Tusk|spe|1
|-sideend|p1: jessies boyfriend|Spikes|[from] move: Rapid Spin|[of] p1a: Great Tusk
|
|-heal|p2a: Kingambit|64/100|[from] item: Leftovers
|upkeep
|turn|19
|inactive|Hidden-Chaos-7777 has 120 seconds left.
|
|t:|1779850805
|move|p1a: Great Tusk|Body Press|p2a: Kingambit
|-supereffective|p2a: Kingambit
|-damage|p2a: Kingambit|0 fnt
|faint|p2a: Kingambit
|-end|p2a: Kingambit|fallen1|[silent]
|
|upkeep
|
|t:|1779850827
|switch|p2a: Samurott|Samurott-Hisui, M|78/100
|-damage|p2a: Samurott|66/100|[from] Spikes
|-status|p2a: Samurott|tox
|-damage|p2a: Samurott|53/100 tox|[from] Stealth Rock
|turn|20
|
|t:|1779850850
|-terastallize|p1a: Great Tusk|Ghost
|move|p2a: Samurott|Razor Shell|p1a: Great Tusk
|-damage|p1a: Great Tusk|31/100
|move|p1a: Great Tusk|Body Press|p2a: Samurott
|-supereffective|p2a: Samurott
|-damage|p2a: Samurott|0 fnt
|faint|p2a: Samurott
|
|upkeep
|inactive|Hidden-Chaos-7777 has 90 seconds left.
|
|t:|1779850868
|switch|p2a: Dragonite|Dragonite, F|100/100
|-damage|p2a: Dragonite|76/100|[from] Stealth Rock
|turn|21
|inactive|Hidden-Chaos-7777 has 90 seconds left.
|
|t:|1779850882
|-terastallize|p2a: Dragonite|Normal
|move|p2a: Dragonite|Dragon Dance|p2a: Dragonite
|-boost|p2a: Dragonite|atk|1
|-boost|p2a: Dragonite|spe|1
|move|p1a: Great Tusk|Roar|p2a: Dragonite
|drag|p2a: Great Tusk|Great Tusk|14/100
|
|upkeep
|turn|22
|inactive|Hidden-Chaos-7777 has 90 seconds left.
|-message|Hidden-Chaos-7777 forfeited.
|
|win|jessies boyfriend
|raw|jessies boyfriend's rating: 1389 &rarr; <strong>1412</strong><br />(+23 for winning)
|raw|Hidden-Chaos-7777's rating: 1434 &rarr; <strong>1411</strong><br />(-23 for losing)
|l|☆Hidden-Chaos-7777
|player|p2|
|l|☆jessies boyfriend
|player|p1|
