|j|☆Aidster
|j|‽gimmicksrule
|t:|1779895620
|gametype|singles
|player|p1|Aidster|boarder|1602
|player|p2|gimmicksrule|unknown|1593
|gen|9
|tier|[Gen 9] OU
|rated|
|rule|HP Percentage Mod: HP is shown in percentages
|rule|Endless Battle Clause: Forcing endless battles is banned
|rule|Species Clause: Limit one of each Pokémon
|rule|OHKO Clause: OHKO moves are banned
|rule|Evasion Items Clause: Evasion items are banned
|rule|Evasion Moves Clause: Evasion moves are banned
|rule|Evasion Abilities Clause: Evasion abilities are banned
|rule|Sleep Moves Clause: Sleep-inducing moves are banned
|clearpoke
|poke|p1|Glimmora, F|
|poke|p1|Raging Bolt|
|poke|p1|Zamazenta-*|
|poke|p1|Gliscor, M|
|poke|p1|Darkrai|
|poke|p1|Gholdengo|
|poke|p2|Araquanid, F|
|poke|p2|Cinderace, M|
|poke|p2|Articuno-Galar|
|poke|p2|Kingambit, F|
|poke|p2|Empoleon, F|
|poke|p2|Serperior, F|
|teampreview
|inactive|Battle timer is ON: inactive players will automatically lose when time's up. (requested by gimmicksrule)
|j| nesnot
|
|t:|1779895632
|teamsize|p1|6
|teamsize|p2|6
|start
|switch|p1a: Gholdengo|Gholdengo|100/100
|switch|p2a: Araquanid|Araquanid, F|100/100
|turn|1
|
|t:|1779895635
|move|p1a: Gholdengo|Nasty Plot|p1a: Gholdengo
|-boost|p1a: Gholdengo|spa|2
|move|p2a: Araquanid|Sticky Web|p1a: Gholdengo
|-sidestart|p1: Aidster|move: Sticky Web
|
|upkeep
|turn|2
|
|t:|1779895639
|move|p1a: Gholdengo|Thunderbolt|p2a: Araquanid
|-supereffective|p2a: Araquanid
|-crit|p2a: Araquanid
|-damage|p2a: Araquanid|0 fnt
|faint|p2a: Araquanid
|
|upkeep
|
|t:|1779895641
|switch|p2a: Cinderace|Cinderace, M|100/100
|turn|3
|
|t:|1779895660
|move|p2a: Cinderace|Pyro Ball|p1a: Gholdengo
|-supereffective|p1a: Gholdengo
|-damage|p1a: Gholdengo|0 fnt
|faint|p1a: Gholdengo
|
|upkeep
|
|t:|1779895673
|switch|p1a: Gliscor|Gliscor, M|100/100
|turn|4
|
|t:|1779895677
|move|p2a: Cinderace|Will-O-Wisp|p1a: Gliscor
|-status|p1a: Gliscor|brn
|move|p1a: Gliscor|Agility|p1a: Gliscor
|-boost|p1a: Gliscor|spe|2
|
|-damage|p1a: Gliscor|94/100 brn|[from] brn
|upkeep
|turn|5
|
|t:|1779895680
|move|p1a: Gliscor|Knock Off|p2a: Cinderace
|-damage|p2a: Cinderace|88/100
|-enditem|p2a: Cinderace|Focus Sash|[from] move: Knock Off|[of] p1a: Gliscor
|move|p2a: Cinderace|Taunt|p1a: Gliscor
|-start|p1a: Gliscor|move: Taunt
|
|-damage|p1a: Gliscor|88/100 brn|[from] brn
|upkeep
|turn|6
|
|t:|1779895684
|move|p1a: Gliscor|Facade|p2a: Cinderace
|-damage|p2a: Cinderace|51/100
|move|p2a: Cinderace|Court Change|p2a: Cinderace
|-swapsideconditions
|-activate|p2a: Cinderace|move: Court Change
|
|-damage|p1a: Gliscor|82/100 brn|[from] brn
|upkeep
|turn|7
|
|t:|1779895691
|move|p1a: Gliscor|Facade|p2a: Cinderace
|-damage|p2a: Cinderace|14/100
|move|p2a: Cinderace|Pyro Ball|p1a: Gliscor
|-damage|p1a: Gliscor|26/100 brn
|
|-damage|p1a: Gliscor|20/100 brn|[from] brn
|upkeep
|turn|8
|
|t:|1779895701
|move|p1a: Gliscor|Knock Off|p2a: Cinderace
|-damage|p2a: Cinderace|5/100
|move|p2a: Cinderace|Pyro Ball|p1a: Gliscor|[miss]
|-miss|p2a: Cinderace|p1a: Gliscor
|
|-damage|p1a: Gliscor|14/100 brn|[from] brn
|-end|p1a: Gliscor|move: Taunt
|upkeep
|turn|9
|
|t:|1779895710
|move|p1a: Gliscor|Swords Dance|p1a: Gliscor
|-boost|p1a: Gliscor|atk|2
|move|p2a: Cinderace|Pyro Ball|p1a: Gliscor
|-damage|p1a: Gliscor|0 fnt
|faint|p1a: Gliscor
|
|upkeep
|
|t:|1779895717
|switch|p1a: Zamazenta|Zamazenta|100/100
|-ability|p1a: Zamazenta|Dauntless Shield|boost
|-boost|p1a: Zamazenta|def|1
|turn|10
|
|t:|1779895733
|move|p1a: Zamazenta|Close Combat|p2a: Cinderace
|-damage|p2a: Cinderace|0 fnt
|-unboost|p1a: Zamazenta|def|1
|-unboost|p1a: Zamazenta|spd|1
|faint|p2a: Cinderace
|
|upkeep
|
|t:|1779895736
|switch|p2a: Articuno|Articuno-Galar|100/100
|-activate|p2a: Articuno|move: Sticky Web
|-unboost|p2a: Articuno|spe|1
|-ability|p2a: Articuno|Competitive|boost
|-boost|p2a: Articuno|spa|2
|turn|11
|
|t:|1779895739
|move|p1a: Zamazenta|Light Screen|p1a: Zamazenta
|-sidestart|p1: Aidster|move: Light Screen
|move|p2a: Articuno|Trick Room|p2a: Articuno
|-fieldstart|move: Trick Room|[of] p2a: Articuno
|
|upkeep
|turn|12
|
|t:|1779895743
|switch|p1a: Darkrai|Darkrai|100/100
|move|p2a: Articuno|Freezing Glare|p1a: Darkrai
|-immune|p1a: Darkrai
|
|upkeep
|turn|13
|c|☆Aidster|iron ball is crazy
|
|t:|1779895770
|move|p2a: Articuno|Hurricane|p1a: Darkrai
|-crit|p1a: Darkrai
|-damage|p1a: Darkrai|0 fnt
|faint|p1a: Darkrai
|
|upkeep
|inactive|Aidster has 120 seconds left.
|
|t:|1779895787
|switch|p1a: Raging Bolt|Raging Bolt|100/100
|-enditem|p1a: Raging Bolt|Booster Energy
|-activate|p1a: Raging Bolt|ability: Protosynthesis|[fromitem]
|-start|p1a: Raging Bolt|protosynthesisspa
|turn|14
|inactive|Aidster has 120 seconds left.
|
|t:|1779895811
|move|p2a: Articuno|Freezing Glare|p1a: Raging Bolt
|-damage|p1a: Raging Bolt|53/100
|move|p1a: Raging Bolt|Thunderbolt|p2a: Articuno
|-supereffective|p2a: Articuno
|-damage|p2a: Articuno|0 fnt
|faint|p2a: Articuno
|
|upkeep
|
|t:|1779895818
|switch|p2a: Kingambit|Kingambit, F|100/100
|-activate|p2a: Kingambit|move: Sticky Web
|-unboost|p2a: Kingambit|spe|1
|-ability|p2a: Kingambit|Defiant|boost
|-boost|p2a: Kingambit|atk|2
|turn|15
|inactive|Aidster has 120 seconds left.
|
|t:|1779895847
|move|p2a: Kingambit|Low Kick|p1a: Raging Bolt
|-damage|p1a: Raging Bolt|0 fnt
|faint|p1a: Raging Bolt
|-end|p1a: Raging Bolt|Protosynthesis|[silent]
|
|-fieldend|move: Trick Room
|upkeep
|
|t:|1779895851
|switch|p1a: Zamazenta|Zamazenta|100/100
|turn|16
|
|t:|1779895862
|-terastallize|p2a: Kingambit|Fairy
|move|p1a: Zamazenta|Reflect|p1a: Zamazenta
|-sidestart|p1: Aidster|Reflect
|move|p2a: Kingambit|Iron Head|p1a: Zamazenta
|-damage|p1a: Zamazenta|64/100
|
|upkeep
|turn|17
|inactive|Aidster has 120 seconds left.
|
|t:|1779895885
|move|p2a: Kingambit|Kowtow Cleave|p1a: Zamazenta
|-resisted|p1a: Zamazenta
|-damage|p1a: Zamazenta|40/100
|move|p1a: Zamazenta|Roar|p2a: Kingambit
|drag|p2a: Serperior|Serperior, F|100/100
|-activate|p2a: Serperior|move: Sticky Web
|-boost|p2a: Serperior|spe|1
|
|upkeep
|turn|18
|inactive|Aidster has 120 seconds left.
|
|t:|1779895898
|move|p2a: Serperior|Glare|p1a: Zamazenta
|-status|p1a: Zamazenta|par
|move|p1a: Zamazenta|Close Combat|p2a: Serperior
|-damage|p2a: Serperior|39/100
|-unboost|p1a: Zamazenta|def|1
|-unboost|p1a: Zamazenta|spd|1
|
|-heal|p2a: Serperior|45/100|[from] item: Leftovers
|-sideend|p1: Aidster|move: Light Screen
|upkeep
|turn|19
|
|t:|1779895901
|move|p2a: Serperior|Leaf Storm|p1a: Zamazenta
|-damage|p1a: Zamazenta|0 fnt
|-boost|p2a: Serperior|spa|2
|faint|p1a: Zamazenta
|
|-heal|p2a: Serperior|51/100|[from] item: Leftovers
|upkeep
|-message|Aidster forfeited.
|
|win|gimmicksrule
|raw|Aidster's rating: 1602 &rarr; <strong>1581</strong><br />(-21 for losing)
|raw|gimmicksrule's rating: 1593 &rarr; <strong>1614</strong><br />(+21 for winning)
|l|☆Aidster
|player|p1|
|l|‽gimmicksrule
|player|p2|
|l| nesnot
|j| nesnot
|l| nesnot
