|j|☆42q
|j|☆7ddo7ed
|t:|1779901863
|gametype|singles
|player|p1|42q|skierf|1105
|player|p2|7ddo7ed|265|1111
|gen|9
|tier|[Gen 9] OU
|rated|
|rule|HP Percentage Mod: HP is shown in percentages
|rule|Endless Battle Clause: Forcing endless battles is banned
|rule|Species Clause: Limit one of each Pokémon
|rule|OHKO Clause: OHKO moves are banned
|rule|Evasion Items Clause: Evasion items are banned
|rule|Evasion Moves Clause: Evasion moves are banned
|rule|Evasion Abilities Clause: Evasion abilities are banned
|rule|Sleep Moves Clause: Sleep-inducing moves are banned
|clearpoke
|poke|p1|Regidrago|
|poke|p1|Regice|
|poke|p1|Regigigas|
|poke|p1|Regirock|
|poke|p1|Registeel|
|poke|p1|Regieleki|
|poke|p2|Dragonite, M|
|poke|p2|Great Tusk|
|poke|p2|Deoxys-Speed|
|poke|p2|Gholdengo|
|poke|p2|Zamazenta-*|
|poke|p2|Iron Valiant|
|teampreview
|
|t:|1779901887
|teamsize|p1|6
|teamsize|p2|6
|start
|switch|p1a: Regidrago|Regidrago|100/100
|switch|p2a: Deoxys|Deoxys-Speed|100/100
|-ability|p2a: Deoxys|Pressure
|turn|1
|
|t:|1779901898
|move|p2a: Deoxys|Taunt|p1a: Regidrago
|-start|p1a: Regidrago|move: Taunt
|move|p1a: Regidrago|Dragon Pulse|p2a: Deoxys
|-damage|p2a: Deoxys|36/100
|
|upkeep
|turn|2
|
|t:|1779901906
|move|p2a: Deoxys|Stealth Rock|p1a: Regidrago
|-sidestart|p1: 42q|move: Stealth Rock
|move|p1a: Regidrago|Dragon Pulse|p2a: Deoxys
|-damage|p2a: Deoxys|0 fnt
|faint|p2a: Deoxys
|
|upkeep
|
|t:|1779901914
|switch|p2a: Iron Valiant|Iron Valiant|100/100
|-enditem|p2a: Iron Valiant|Booster Energy
|-activate|p2a: Iron Valiant|ability: Quark Drive|[fromitem]
|-start|p2a: Iron Valiant|quarkdrivespe
|turn|3
|
|t:|1779901933
|switch|p1a: Registeel|Registeel|100/100
|-damage|p1a: Registeel|94/100|[from] Stealth Rock
|move|p2a: Iron Valiant|Moonblast|p1a: Registeel
|-resisted|p1a: Registeel
|-damage|p1a: Registeel|80/100
|
|upkeep
|turn|4
|
|t:|1779901958
|-end|p2a: Iron Valiant|Quark Drive|[silent]
|switch|p2a: Gholdengo|Gholdengo|100/100
|-terastallize|p1a: Registeel|Flying
|move|p1a: Registeel|Flash Cannon|p2a: Gholdengo
|-resisted|p2a: Gholdengo
|-damage|p2a: Gholdengo|86/100
|
|upkeep
|turn|5
|
|t:|1779901971
|switch|p1a: Regieleki|Regieleki|100/100
|-damage|p1a: Regieleki|88/100|[from] Stealth Rock
|move|p2a: Gholdengo|Nasty Plot|p2a: Gholdengo
|-boost|p2a: Gholdengo|spa|2
|
|upkeep
|turn|6
|
|t:|1779901979
|move|p1a: Regieleki|Thunderbolt|p2a: Gholdengo
|-damage|p2a: Gholdengo|28/100
|move|p2a: Gholdengo|Shadow Ball|p1a: Regieleki
|-damage|p1a: Regieleki|0 fnt
|faint|p1a: Regieleki
|
|upkeep
|
|t:|1779901985
|switch|p1a: Regidrago|Regidrago|100/100
|-damage|p1a: Regidrago|88/100|[from] Stealth Rock
|turn|7
|
|t:|1779901993
|move|p1a: Regidrago|Earthquake|p2a: Gholdengo
|-supereffective|p2a: Gholdengo
|-damage|p2a: Gholdengo|0 fnt
|faint|p2a: Gholdengo
|
|upkeep
|
|t:|1779902010
|switch|p2a: Great Tusk|Great Tusk|100/100
|-enditem|p2a: Great Tusk|Booster Energy
|-activate|p2a: Great Tusk|ability: Protosynthesis|[fromitem]
|-start|p2a: Great Tusk|protosynthesisspe
|turn|8
|
|t:|1779902020
|switch|p1a: Registeel|Registeel, tera:Flying|80/100
|-damage|p1a: Registeel|55/100|[from] Stealth Rock
|move|p2a: Great Tusk|Bulk Up|p2a: Great Tusk
|-boost|p2a: Great Tusk|atk|1
|-boost|p2a: Great Tusk|def|1
|
|upkeep
|turn|9
|
|t:|1779902030
|move|p2a: Great Tusk|Ice Spinner|p1a: Registeel
|-supereffective|p1a: Registeel
|-damage|p1a: Registeel|10/100
|move|p1a: Registeel|Flash Cannon|p2a: Great Tusk
|-damage|p2a: Great Tusk|57/100
|-unboost|p2a: Great Tusk|spd|1
|
|upkeep
|turn|10
|
|t:|1779902038
|move|p2a: Great Tusk|Ice Spinner|p1a: Registeel
|-supereffective|p1a: Registeel
|-damage|p1a: Registeel|0 fnt
|faint|p1a: Registeel
|
|upkeep
|
|t:|1779902045
|switch|p1a: Regigigas|Regigigas|100/100
|-damage|p1a: Regigigas|88/100|[from] Stealth Rock
|-start|p1a: Regigigas|ability: Slow Start
|turn|11
|
|t:|1779902063
|move|p2a: Great Tusk|Headlong Rush|p1a: Regigigas
|-damage|p1a: Regigigas|27/100
|-unboost|p2a: Great Tusk|def|1
|-unboost|p2a: Great Tusk|spd|1
|move|p1a: Regigigas|Hyper Beam|p2a: Great Tusk
|-damage|p2a: Great Tusk|0 fnt
|-mustrecharge|p1a: Regigigas
|faint|p2a: Great Tusk
|-end|p2a: Great Tusk|Protosynthesis|[silent]
|
|-heal|p1a: Regigigas|33/100|[from] item: Leftovers
|upkeep
|
|t:|1779902078
|switch|p2a: Zamazenta|Zamazenta|100/100
|-ability|p2a: Zamazenta|Dauntless Shield|boost
|-boost|p2a: Zamazenta|def|1
|turn|12
|
|t:|1779902100
|move|p2a: Zamazenta|Close Combat|p1a: Regigigas
|-supereffective|p1a: Regigigas
|-damage|p1a: Regigigas|0 fnt
|-unboost|p2a: Zamazenta|def|1
|-unboost|p2a: Zamazenta|spd|1
|faint|p1a: Regigigas
|-end|p1a: Regigigas|Slow Start|[silent]
|-damage|p2a: Zamazenta|91/100|[from] item: Life Orb
|
|upkeep
|
|t:|1779902116
|switch|p1a: Regidrago|Regidrago|88/100
|-damage|p1a: Regidrago|76/100|[from] Stealth Rock
|turn|13
|
|t:|1779902125
|-terastallize|p2a: Zamazenta|Steel
|move|p1a: Regidrago|Dragon Energy|p2a: Zamazenta
|-resisted|p2a: Zamazenta
|-damage|p2a: Zamazenta|38/100
|move|p2a: Zamazenta|Ice Fang|p1a: Regidrago
|-supereffective|p1a: Regidrago
|-damage|p1a: Regidrago|2/100
|-damage|p2a: Zamazenta|28/100|[from] item: Life Orb
|
|upkeep
|turn|14
|
|t:|1779902138
|switch|p2a: Iron Valiant|Iron Valiant|100/100
|move|p1a: Regidrago|Dragon Energy|p2a: Iron Valiant
|-immune|p2a: Iron Valiant
|
|upkeep
|turn|15
|
|t:|1779902146
|move|p1a: Regidrago|Dragon Energy|p2a: Iron Valiant
|-immune|p2a: Iron Valiant
|move|p2a: Iron Valiant|Moonblast|p1a: Regidrago
|-supereffective|p1a: Regidrago
|-damage|p1a: Regidrago|0 fnt
|faint|p1a: Regidrago
|
|upkeep
|
|t:|1779902151
|switch|p1a: Regice|Regice|100/100
|turn|16
|
|t:|1779902175
|move|p2a: Iron Valiant|Taunt|p1a: Regice
|-start|p1a: Regice|move: Taunt
|move|p1a: Regice|Blizzard|p2a: Iron Valiant
|-damage|p2a: Iron Valiant|3/100
|
|upkeep
|turn|17
|
|t:|1779902182
|move|p2a: Iron Valiant|Destiny Bond|p2a: Iron Valiant
|-singlemove|p2a: Iron Valiant|Destiny Bond
|move|p1a: Regice|Blizzard|p2a: Iron Valiant
|-damage|p2a: Iron Valiant|0 fnt
|faint|p2a: Iron Valiant
|-activate|p2a: Iron Valiant|move: Destiny Bond
|-end|p2a: Iron Valiant|Quark Drive|[silent]
|faint|p1a: Regice
|
|upkeep
|
|t:|1779902192
|switch|p2a: Zamazenta|Zamazenta, tera:Steel|28/100
|switch|p1a: Regirock|Regirock|100/100
|-damage|p1a: Regirock|88/100|[from] Stealth Rock
|turn|18
|
|t:|1779902200
|move|p2a: Zamazenta|Heavy Slam|p1a: Regirock
|-supereffective|p1a: Regirock
|-damage|p1a: Regirock|66/100
|-damage|p2a: Zamazenta|18/100|[from] item: Life Orb
|move|p1a: Regirock|Body Press|p2a: Zamazenta
|-supereffective|p2a: Zamazenta
|-damage|p2a: Zamazenta|0 fnt
|faint|p2a: Zamazenta
|
|-heal|p1a: Regirock|72/100|[from] item: Leftovers
|upkeep
|
|t:|1779902211
|switch|p2a: Dragonite|Dragonite, M|100/100
|turn|19
|
|t:|1779902216
|move|p2a: Dragonite|Outrage|p1a: Regirock
|-damage|p1a: Regirock|35/100
|-damage|p2a: Dragonite|91/100|[from] item: Life Orb
|move|p1a: Regirock|Thunder Wave|p2a: Dragonite
|-status|p2a: Dragonite|par
|
|-heal|p1a: Regirock|41/100|[from] item: Leftovers
|upkeep
|turn|20
|
|t:|1779902228
|move|p1a: Regirock|Curse|p1a: Regirock
|-unboost|p1a: Regirock|spe|1
|-boost|p1a: Regirock|atk|1
|-boost|p1a: Regirock|def|1
|move|p2a: Dragonite|Outrage|p1a: Regirock|[from] lockedmove
|-damage|p1a: Regirock|15/100
|-damage|p2a: Dragonite|81/100 par|[from] item: Life Orb
|-start|p2a: Dragonite|confusion|[fatigue]
|
|-heal|p1a: Regirock|21/100|[from] item: Leftovers
|upkeep
|turn|21
|
|t:|1779902242
|-activate|p2a: Dragonite|confusion
|-damage|p2a: Dragonite|63/100 par|[from] confusion
|move|p1a: Regirock|Body Press|p2a: Dragonite
|-resisted|p2a: Dragonite
|-damage|p2a: Dragonite|30/100 par
|
|-heal|p1a: Regirock|27/100|[from] item: Leftovers
|upkeep
|turn|22
|
|t:|1779902250
|-activate|p2a: Dragonite|confusion
|-damage|p2a: Dragonite|13/100 par|[from] confusion
|move|p1a: Regirock|Body Press|p2a: Dragonite
|-resisted|p2a: Dragonite
|-crit|p2a: Dragonite
|-damage|p2a: Dragonite|0 fnt
|faint|p2a: Dragonite
|
|win|42q
|raw|42q's rating: 1105 &rarr; <strong>1130</strong><br />(+25 for winning)
|raw|7ddo7ed's rating: 1111 &rarr; <strong>1086</strong><br />(-25 for losing)
|l|☆7ddo7ed
|player|p2|
|l|☆42q
|player|p1|
