|j|☆lockheed shartin
|j|☆danyab
|t:|1779928248
|gametype|singles
|player|p1|lockheed shartin|preschooler|1557
|player|p2|danyab|giovanni|1525
|gen|9
|tier|[Gen 9] OU
|rated|
|rule|HP Percentage Mod: HP is shown in percentages
|rule|Endless Battle Clause: Forcing endless battles is banned
|rule|Species Clause: Limit one of each Pokémon
|rule|OHKO Clause: OHKO moves are banned
|rule|Evasion Items Clause: Evasion items are banned
|rule|Evasion Moves Clause: Evasion moves are banned
|rule|Evasion Abilities Clause: Evasion abilities are banned
|rule|Sleep Moves Clause: Sleep-inducing moves are banned
|clearpoke
|poke|p1|Zamazenta-*|
|poke|p1|Dragonite, M|
|poke|p1|Iron Treads|
|poke|p1|Samurott-Hisui, M|
|poke|p1|Pecharunt|
|poke|p1|Rillaboom, M|
|poke|p2|Blaziken, F|
|poke|p2|Ninetales, F|
|poke|p2|Venusaur, M|
|poke|p2|Hatterene, F|
|poke|p2|Great Tusk|
|poke|p2|Walking Wake|
|teampreview
|inactive|Battle timer is ON: inactive players will automatically lose when time's up. (requested by lockheed shartin)
|
|t:|1779928268
|teamsize|p1|6
|teamsize|p2|6
|start
|switch|p1a: LiquidSwords|Samurott-Hisui, M|100/100
|switch|p2a: Ninetales|Ninetales, F|100/100
|-weather|SunnyDay|[from] ability: Drought|[of] p2a: Ninetales
|turn|1
|
|t:|1779928296
|switch|p2a: Venusaur|Venusaur, M|100/100
|move|p1a: LiquidSwords|Knock Off|p2a: Venusaur
|-damage|p2a: Venusaur|44/100
|-enditem|p2a: Venusaur|Life Orb|[from] move: Knock Off|[of] p1a: LiquidSwords
|
|-weather|SunnyDay|[upkeep]
|upkeep
|turn|2
|
|t:|1779928307
|move|p2a: Venusaur|Giga Drain|p1a: LiquidSwords
|-supereffective|p1a: LiquidSwords
|-damage|p1a: LiquidSwords|56/100
|-heal|p2a: Venusaur|73/100|[from] drain|[of] p1a: LiquidSwords
|move|p1a: LiquidSwords|Ceaseless Edge|p2a: Venusaur
|-damage|p2a: Venusaur|14/100
|-sidestart|p2: danyab|Spikes
|
|-weather|SunnyDay|[upkeep]
|upkeep
|turn|3
|
|t:|1779928318
|move|p1a: LiquidSwords|Sucker Punch|p2a: Venusaur
|-damage|p2a: Venusaur|0 fnt
|faint|p2a: Venusaur
|
|-weather|SunnyDay|[upkeep]
|upkeep
|inactive|danyab has 120 seconds left.
|
|t:|1779928332
|switch|p2a: Great Tusk|Great Tusk|100/100
|-activate|p2a: Great Tusk|ability: Protosynthesis
|-start|p2a: Great Tusk|protosynthesisatk
|turn|4
|
|t:|1779928343
|move|p2a: Great Tusk|Headlong Rush|p1a: LiquidSwords
|-crit|p1a: LiquidSwords
|-damage|p1a: LiquidSwords|0 fnt
|-unboost|p2a: Great Tusk|def|1
|-unboost|p2a: Great Tusk|spd|1
|faint|p1a: LiquidSwords
|
|-weather|SunnyDay|[upkeep]
|upkeep
|
|t:|1779928346
|switch|p1a: John Boomham|Rillaboom, M|100/100
|-fieldstart|move: Grassy Terrain|[from] ability: Grassy Surge|[of] p1a: John Boomham
|turn|5
|
|t:|1779928362
|-end|p2a: Great Tusk|Protosynthesis|[silent]
|switch|p2a: Blaziken|Blaziken, F|100/100
|-damage|p2a: Blaziken|88/100|[from] Spikes
|move|p1a: John Boomham|Swords Dance|p1a: John Boomham
|-boost|p1a: John Boomham|atk|2
|
|-weather|SunnyDay|[upkeep]
|-heal|p2a: Blaziken|94/100|[from] Grassy Terrain
|upkeep
|turn|6
|
|t:|1779928376
|switch|p1a: SleeplessNites|Dragonite, M|100/100
|move|p2a: Blaziken|Overheat|p1a: SleeplessNites
|-resisted|p1a: SleeplessNites
|-damage|p1a: SleeplessNites|79/100
|-unboost|p2a: Blaziken|spa|2
|
|-weather|SunnyDay|[upkeep]
|-heal|p2a: Blaziken|99/100|[from] Grassy Terrain
|-ability|p2a: Blaziken|Speed Boost|boost
|-boost|p2a: Blaziken|spe|1
|upkeep
|turn|7
|inactive|danyab has 120 seconds left.
|
|t:|1779928394
|move|p2a: Blaziken|Focus Energy|p2a: Blaziken
|-start|p2a: Blaziken|move: Focus Energy
|move|p1a: SleeplessNites|Roost|p1a: SleeplessNites
|-heal|p1a: SleeplessNites|100/100
|-singleturn|p1a: SleeplessNites|move: Roost
|
|-weather|SunnyDay|[upkeep]
|-heal|p2a: Blaziken|100/100|[from] Grassy Terrain
|-ability|p2a: Blaziken|Speed Boost|boost
|-boost|p2a: Blaziken|spe|1
|upkeep
|turn|8
|
|t:|1779928407
|move|p2a: Blaziken|Overheat|p1a: SleeplessNites
|-resisted|p1a: SleeplessNites
|-crit|p1a: SleeplessNites
|-damage|p1a: SleeplessNites|67/100
|-unboost|p2a: Blaziken|spa|2
|move|p1a: SleeplessNites|Roost|p1a: SleeplessNites
|-heal|p1a: SleeplessNites|100/100
|-singleturn|p1a: SleeplessNites|move: Roost
|
|-weather|none
|-ability|p2a: Blaziken|Speed Boost|boost
|-boost|p2a: Blaziken|spe|1
|upkeep
|turn|9
|
|t:|1779928417
|move|p2a: Blaziken|Overheat|p1a: SleeplessNites|[miss]
|-miss|p2a: Blaziken|p1a: SleeplessNites
|move|p1a: SleeplessNites|Dragon Tail|p2a: Blaziken
|-damage|p2a: Blaziken|43/100
|drag|p2a: Hatterene|Hatterene, F|100/100
|-damage|p2a: Hatterene|88/100|[from] Spikes
|
|-heal|p2a: Hatterene|94/100|[from] Grassy Terrain
|-fieldend|move: Grassy Terrain
|upkeep
|turn|10
|
|t:|1779928427
|move|p1a: SleeplessNites|Earthquake|p2a: Hatterene
|-damage|p2a: Hatterene|58/100
|-enditem|p2a: Hatterene|Eject Button
|
|t:|1779928443
|switch|p2a: Great Tusk|Great Tusk|100/100
|
|upkeep
|turn|11
|
|t:|1779928451
|move|p2a: Great Tusk|Rapid Spin|p1a: SleeplessNites
|-damage|p1a: SleeplessNites|92/100
|-boost|p2a: Great Tusk|spe|1
|-sideend|p2: danyab|Spikes|[from] move: Rapid Spin|[of] p2a: Great Tusk
|move|p1a: SleeplessNites|Dragon Tail|p2a: Great Tusk
|-damage|p2a: Great Tusk|75/100
|-end|p2a: Great Tusk|Protosynthesis|[silent]
|drag|p2a: Walking Wake|Walking Wake|100/100
|
|upkeep
|turn|12
|
|t:|1779928459
|move|p2a: Walking Wake|Draco Meteor|p1a: SleeplessNites
|-supereffective|p1a: SleeplessNites
|-damage|p1a: SleeplessNites|0 fnt
|-unboost|p2a: Walking Wake|spa|2
|faint|p1a: SleeplessNites
|
|upkeep
|j| Clodmired
|
|t:|1779928478
|switch|p1a: John Boomham|Rillaboom, M|100/100
|-fieldstart|move: Grassy Terrain|[from] ability: Grassy Surge|[of] p1a: John Boomham
|turn|13
|l| Clodmired
|
|t:|1779928499
|-end|p2a: Walking Wake|Protosynthesis|[silent]
|switch|p2a: Ninetales|Ninetales, F|100/100
|-weather|SunnyDay|[from] ability: Drought|[of] p2a: Ninetales
|move|p1a: John Boomham|High Horsepower|p2a: Ninetales
|-supereffective|p2a: Ninetales
|-damage|p2a: Ninetales|0 fnt
|faint|p2a: Ninetales
|-damage|p1a: John Boomham|91/100|[from] item: Life Orb
|
|-weather|SunnyDay|[upkeep]
|-heal|p1a: John Boomham|97/100|[from] Grassy Terrain
|upkeep
|
|t:|1779928505
|switch|p2a: Walking Wake|Walking Wake|100/100
|-activate|p2a: Walking Wake|ability: Protosynthesis
|-start|p2a: Walking Wake|protosynthesisspe
|turn|14
|
|t:|1779928511
|switch|p1a: C.T.E.Spins|Iron Treads|100/100
|move|p2a: Walking Wake|Flamethrower|p1a: C.T.E.Spins
|-supereffective|p1a: C.T.E.Spins
|-damage|p1a: C.T.E.Spins|0 fnt
|faint|p1a: C.T.E.Spins
|-end|p1a: C.T.E.Spins|Quark Drive|[silent]
|
|-weather|SunnyDay|[upkeep]
|upkeep
|
|t:|1779928522
|switch|p1a: Pfizer Inc|Pecharunt|100/100
|turn|15
|inactive|danyab has 120 seconds left.
|
|t:|1779928576
|-end|p2a: Walking Wake|Protosynthesis|[silent]
|switch|p2a: Hatterene|Hatterene, F|58/100
|move|p1a: Pfizer Inc|Malignant Chain|p2a: Hatterene
|-supereffective|p2a: Hatterene
|-damage|p2a: Hatterene|0 fnt
|faint|p2a: Hatterene
|
|-weather|SunnyDay|[upkeep]
|upkeep
|
|t:|1779928584
|switch|p2a: Blaziken|Blaziken, F|43/100
|turn|16
|
|t:|1779928591
|move|p2a: Blaziken|Overheat|p1a: Pfizer Inc
|-damage|p1a: Pfizer Inc|4/100
|-unboost|p2a: Blaziken|spa|2
|move|p1a: Pfizer Inc|Malignant Chain|p2a: Blaziken
|-damage|p2a: Blaziken|0 fnt
|faint|p2a: Blaziken
|
|-weather|SunnyDay|[upkeep]
|-heal|p1a: Pfizer Inc|10/100|[from] Grassy Terrain
|upkeep
|
|t:|1779928601
|switch|p2a: Great Tusk|Great Tusk|75/100
|-activate|p2a: Great Tusk|ability: Protosynthesis
|-start|p2a: Great Tusk|protosynthesisatk
|turn|17
|
|t:|1779928604
|move|p2a: Great Tusk|Ice Spinner|p1a: Pfizer Inc
|-damage|p1a: Pfizer Inc|0 fnt
|-fieldend|move: Grassy Terrain
|faint|p1a: Pfizer Inc
|
|-weather|SunnyDay|[upkeep]
|upkeep
|
|t:|1779928626
|switch|p1a: Mr. TalkAboutIt|Zamazenta, shiny|100/100
|-ability|p1a: Mr. TalkAboutIt|Dauntless Shield|boost
|-boost|p1a: Mr. TalkAboutIt|def|1
|turn|18
|inactive|lockheed shartin has 120 seconds left.
|
|t:|1779928655
|move|p1a: Mr. TalkAboutIt|Moonblast|p2a: Great Tusk
|-supereffective|p2a: Great Tusk
|-damage|p2a: Great Tusk|3/100
|move|p2a: Great Tusk|Headlong Rush|p1a: Mr. TalkAboutIt
|-damage|p1a: Mr. TalkAboutIt|46/100
|-unboost|p2a: Great Tusk|def|1
|-unboost|p2a: Great Tusk|spd|1
|
|-weather|SunnyDay|[upkeep]
|upkeep
|turn|19
|
|t:|1779928662
|move|p1a: Mr. TalkAboutIt|Moonblast|p2a: Great Tusk
|-supereffective|p2a: Great Tusk
|-damage|p2a: Great Tusk|0 fnt
|faint|p2a: Great Tusk
|-end|p2a: Great Tusk|Protosynthesis|[silent]
|
|-weather|SunnyDay|[upkeep]
|upkeep
|
|t:|1779928665
|switch|p2a: Walking Wake|Walking Wake|100/100
|-activate|p2a: Walking Wake|ability: Protosynthesis
|-start|p2a: Walking Wake|protosynthesisspe
|turn|20
|
|t:|1779928669
|move|p2a: Walking Wake|Flamethrower|p1a: Mr. TalkAboutIt
|-damage|p1a: Mr. TalkAboutIt|0 fnt
|faint|p1a: Mr. TalkAboutIt
|
|-weather|none
|-end|p2a: Walking Wake|Protosynthesis
|upkeep
|
|t:|1779928671
|switch|p1a: John Boomham|Rillaboom, M|97/100
|-fieldstart|move: Grassy Terrain|[from] ability: Grassy Surge|[of] p1a: John Boomham
|turn|21
|
|t:|1779928676
|-terastallize|p1a: John Boomham|Dark
|move|p2a: Walking Wake|Flamethrower|p1a: John Boomham
|-crit|p1a: John Boomham
|-damage|p1a: John Boomham|0 fnt
|faint|p1a: John Boomham
|
|win|danyab
|raw|lockheed shartin's rating: 1557 &rarr; <strong>1535</strong><br />(-22 for losing)
|raw|danyab's rating: 1525 &rarr; <strong>1547</strong><br />(+22 for winning)
