|j|☆wintersquirrel
|j|☆Rapirak
|t:|1779831591
|gametype|singles
|player|p1|wintersquirrel|brycenman|1196
|player|p2|Rapirak|102|1191
|gen|9
|tier|[Gen 9] OU
|rated|
|rule|HP Percentage Mod: HP is shown in percentages
|rule|Endless Battle Clause: Forcing endless battles is banned
|rule|Species Clause: Limit one of each Pokémon
|rule|OHKO Clause: OHKO moves are banned
|rule|Evasion Items Clause: Evasion items are banned
|rule|Evasion Moves Clause: Evasion moves are banned
|rule|Evasion Abilities Clause: Evasion abilities are banned
|rule|Sleep Moves Clause: Sleep-inducing moves are banned
|clearpoke
|poke|p1|Hydrapple, F|
|poke|p1|Dragonite, F|
|poke|p1|Slowking-Galar, M|
|poke|p1|Quaquaval, M|
|poke|p1|Typhlosion-Hisui, F|
|poke|p1|Weezing-Galar, F|
|poke|p2|Staraptor, M|
|poke|p2|Dragapult, F|
|poke|p2|Garchomp, F|
|poke|p2|Galvantula, F|
|poke|p2|Ninetales, M|
|poke|p2|Glimmora, F|
|teampreview
|inactive|Battle timer is ON: inactive players will automatically lose when time's up. (requested by Rapirak)
|
|t:|1779831618
|teamsize|p1|6
|teamsize|p2|6
|start
|switch|p1a: Typhlosion|Typhlosion-Hisui, F|100/100
|switch|p2a: Galvantula|Galvantula, F|100/100
|turn|1
|
|t:|1779831626
|move|p1a: Typhlosion|Eruption|p2a: Galvantula
|-supereffective|p2a: Galvantula
|-crit|p2a: Galvantula
|-enditem|p2a: Galvantula|Focus Sash
|-damage|p2a: Galvantula|1/100
|move|p2a: Galvantula|Sticky Web|p1a: Typhlosion
|-sidestart|p1: wintersquirrel|move: Sticky Web
|
|upkeep
|turn|2
|
|t:|1779831634
|move|p1a: Typhlosion|Eruption|p2a: Galvantula
|-supereffective|p2a: Galvantula
|-damage|p2a: Galvantula|0 fnt
|faint|p2a: Galvantula
|
|upkeep
|
|t:|1779831649
|switch|p2a: Garchomp|Garchomp, F|100/100
|turn|3
|
|t:|1779831662
|switch|p1a: Dragonite|Dragonite, F|100/100
|move|p2a: Garchomp|Swords Dance|p2a: Garchomp
|-boost|p2a: Garchomp|atk|2
|
|upkeep
|turn|4
|
|t:|1779831676
|move|p2a: Garchomp|Scale Shot|p1a: Dragonite
|-supereffective|p1a: Dragonite
|-damage|p1a: Dragonite|72/100
|-supereffective|p1a: Dragonite
|-damage|p1a: Dragonite|17/100
|-supereffective|p1a: Dragonite
|-crit|p1a: Dragonite
|-damage|p1a: Dragonite|0 fnt
|faint|p1a: Dragonite
|-hitcount|p1: Dragonite|3
|-unboost|p2a: Garchomp|def|1
|-boost|p2a: Garchomp|spe|1
|
|upkeep
|
|t:|1779831699
|switch|p1a: Weezing|Weezing-Galar, F|100/100
|-ability|p1a: Weezing|Neutralizing Gas
|-activate|p1a: Weezing|move: Sticky Web
|-unboost|p1a: Weezing|spe|1
|turn|5
|
|t:|1779831707
|-terastallize|p1a: Weezing|Water
|move|p2a: Garchomp|Earthquake|p1a: Weezing
|-damage|p1a: Weezing|0 fnt
|faint|p1a: Weezing
|-end|p1a: Weezing|ability: Neutralizing Gas
|
|upkeep
|
|t:|1779831716
|switch|p1a: Hydrapple|Hydrapple, F, shiny|100/100
|-activate|p1a: Hydrapple|move: Sticky Web
|-unboost|p1a: Hydrapple|spe|1
|turn|6
|c|☆Rapirak|Not levitate?
|c|☆Rapirak|Crazy
|
|t:|1779831728
|move|p2a: Garchomp|Scale Shot|p1a: Hydrapple
|-supereffective|p1a: Hydrapple
|-damage|p1a: Hydrapple|64/100
|-supereffective|p1a: Hydrapple
|-damage|p1a: Hydrapple|24/100
|-supereffective|p1a: Hydrapple
|-damage|p1a: Hydrapple|0 fnt
|faint|p1a: Hydrapple
|-hitcount|p1: Hydrapple|3
|-unboost|p2a: Garchomp|def|1
|-boost|p2a: Garchomp|spe|1
|
|upkeep
|c|☆wintersquirrel|ok ggs
|-message|wintersquirrel forfeited.
|
|win|Rapirak
|raw|wintersquirrel's rating: 1196 &rarr; <strong>1171</strong><br />(-25 for losing)
|raw|Rapirak's rating: 1191 &rarr; <strong>1216</strong><br />(+25 for winning)
|l|☆wintersquirrel
|player|p1|
|c|☆Rapirak|Fried
