|j|☆Totototo6719
|j|☆JuanCaGonzalez
|t:|1779816515
|gametype|singles
|player|p1|Totototo6719|pryce|1108
|player|p2|JuanCaGonzalez|101|1186
|gen|9
|tier|[Gen 9] OU
|rated|
|rule|HP Percentage Mod: HP is shown in percentages
|rule|Endless Battle Clause: Forcing endless battles is banned
|rule|Species Clause: Limit one of each Pokémon
|rule|OHKO Clause: OHKO moves are banned
|rule|Evasion Items Clause: Evasion items are banned
|rule|Evasion Moves Clause: Evasion moves are banned
|rule|Evasion Abilities Clause: Evasion abilities are banned
|rule|Sleep Moves Clause: Sleep-inducing moves are banned
|clearpoke
|poke|p1|Pelipper, F|
|poke|p1|Azumarill, F|
|poke|p1|Basculegion, M|
|poke|p1|Lanturn, M|
|poke|p1|Kingdra, F|
|poke|p1|Alomomola, M|
|poke|p2|Darkrai|
|poke|p2|Toxapex, M|
|poke|p2|Primarina, M|
|poke|p2|Moltres|
|poke|p2|Dragapult, M|
|poke|p2|Tyranitar, F|
|teampreview
|inactive|Battle timer is ON: inactive players will automatically lose when time's up. (requested by Totototo6719)
|
|t:|1779816558
|teamsize|p1|6
|teamsize|p2|6
|start
|switch|p1a: Pelipper|Pelipper, F|100/100
|switch|p2a: Toxapex|Toxapex, M, shiny|100/100
|-weather|RainDance|[from] ability: Drizzle|[of] p1a: Pelipper
|turn|1
|
|t:|1779816571
|move|p1a: Pelipper|Hurricane|p2a: Toxapex
|-damage|p2a: Toxapex|71/100
|-start|p2a: Toxapex|confusion
|-activate|p2a: Toxapex|confusion
|move|p2a: Toxapex|Toxic|p1a: Pelipper
|-status|p1a: Pelipper|tox
|
|-weather|RainDance|[upkeep]
|-heal|p2a: Toxapex|77/100|[from] item: Leftovers
|-damage|p1a: Pelipper|94/100 tox|[from] psn
|upkeep
|turn|2
|
|t:|1779816588
|move|p1a: Pelipper|U-turn|p2a: Toxapex
|-resisted|p2a: Toxapex
|-damage|p2a: Toxapex|74/100
|
|t:|1779816593
|switch|p1a: Lanturn|Lanturn, M|100/100|[from] U-turn
|-activate|p2a: Toxapex|confusion
|move|p2a: Toxapex|Recover|p2a: Toxapex
|-heal|p2a: Toxapex|100/100
|
|-weather|RainDance|[upkeep]
|upkeep
|turn|3
|
|t:|1779816614
|move|p1a: Lanturn|Thunder|p2a: Toxapex
|-supereffective|p2a: Toxapex
|-damage|p2a: Toxapex|30/100
|-end|p2a: Toxapex|confusion
|move|p2a: Toxapex|Toxic Spikes|p1a: Lanturn
|-sidestart|p1: Totototo6719|move: Toxic Spikes
|
|-weather|RainDance|[upkeep]
|-heal|p2a: Toxapex|36/100|[from] item: Leftovers
|upkeep
|turn|4
|
|t:|1779816630
|switch|p2a: Primarina|Primarina, M|100/100
|move|p1a: Lanturn|Thunder|p2a: Primarina
|-supereffective|p2a: Primarina
|-crit|p2a: Primarina
|-damage|p2a: Primarina|28/100
|
|-weather|RainDance|[upkeep]
|upkeep
|turn|5
|
|t:|1779816640
|move|p1a: Lanturn|Volt Switch|p2a: Primarina
|-supereffective|p2a: Primarina
|-damage|p2a: Primarina|0 fnt
|faint|p2a: Primarina
|
|t:|1779816646
|switch|p1a: Basculegion|Basculegion, M|100/100|[from] Volt Switch
|-status|p1a: Basculegion|psn
|
|-weather|RainDance|[upkeep]
|-damage|p1a: Basculegion|88/100 psn|[from] psn
|upkeep
|
|t:|1779816654
|switch|p2a: Darkrai|Darkrai, shiny|100/100
|turn|6
|
|t:|1779816659
|move|p1a: Basculegion|Wave Crash|p2a: Darkrai
|-damage|p2a: Darkrai|0 fnt
|faint|p2a: Darkrai
|-damage|p1a: Basculegion|64/100 psn|[from] Recoil
|
|-weather|RainDance|[upkeep]
|-damage|p1a: Basculegion|51/100 psn|[from] psn
|upkeep
|
|t:|1779816669
|switch|p2a: Tyranitar|Tyranitar, F|100/100
|-ability|p2a: Tyranitar|Unnerve
|turn|7
|
|t:|1779816677
|-terastallize|p2a: Tyranitar|Ghost
|move|p1a: Basculegion|Wave Crash|p2a: Tyranitar
|-damage|p2a: Tyranitar|0 fnt
|faint|p2a: Tyranitar
|-damage|p1a: Basculegion|22/100 psn|[from] Recoil
|
|-weather|RainDance|[upkeep]
|-damage|p1a: Basculegion|9/100 psn|[from] psn
|upkeep
|
|t:|1779816697
|switch|p2a: Toxapex|Toxapex, M, shiny|69/100
|turn|8
|
|t:|1779816710
|switch|p1a: Kingdra|Kingdra, F|100/100
|-status|p1a: Kingdra|psn
|move|p2a: Toxapex|Recover|p2a: Toxapex
|-heal|p2a: Toxapex|100/100
|
|-weather|none
|-damage|p1a: Kingdra|88/100 psn|[from] psn
|upkeep
|turn|9
|
|t:|1779816728
|switch|p1a: Pelipper|Pelipper, F|94/100 tox
|-weather|RainDance|[from] ability: Drizzle|[of] p1a: Pelipper
|move|p2a: Toxapex|Toxic Spikes|p1a: Pelipper
|-sidestart|p1: Totototo6719|move: Toxic Spikes
|
|-weather|RainDance|[upkeep]
|-damage|p1a: Pelipper|88/100 tox|[from] psn
|upkeep
|turn|10
|inactive|JuanCaGonzalez has 120 seconds left.
|
|t:|1779816762
|move|p1a: Pelipper|Hurricane|p2a: Toxapex
|-damage|p2a: Toxapex|69/100
|move|p2a: Toxapex|Toxic|p1a: Pelipper
|-fail|p1a: Pelipper|tox
|
|-weather|RainDance|[upkeep]
|-heal|p2a: Toxapex|75/100|[from] item: Leftovers
|-damage|p1a: Pelipper|76/100 tox|[from] psn
|upkeep
|turn|11
|inactive|JuanCaGonzalez has 120 seconds left.
|
|t:|1779816787
|move|p1a: Pelipper|U-turn|p2a: Toxapex
|-resisted|p2a: Toxapex
|-damage|p2a: Toxapex|71/100
|
|t:|1779816790
|switch|p1a: Lanturn|Lanturn, M|100/100|[from] U-turn
|-status|p1a: Lanturn|tox
|move|p2a: Toxapex|Recover|p2a: Toxapex
|-heal|p2a: Toxapex|100/100
|
|-weather|RainDance|[upkeep]
|-damage|p1a: Lanturn|94/100 tox|[from] psn
|upkeep
|turn|12
|inactive|JuanCaGonzalez has 120 seconds left.
|
|t:|1779816816
|switch|p2a: Dragapult|Dragapult, M|100/100
|move|p1a: Lanturn|Thunder|p2a: Dragapult
|-resisted|p2a: Dragapult
|-damage|p2a: Dragapult|64/100
|
|-weather|RainDance|[upkeep]
|-heal|p1a: Lanturn|100/100 tox|[from] item: Leftovers
|-damage|p1a: Lanturn|88/100 tox|[from] psn
|upkeep
|turn|13
|
|t:|1779816835
|switch|p1a: Azumarill|Azumarill, F|100/100
|move|p2a: Dragapult|Protect||[still]
|-fail|p2a: Dragapult
|
|-weather|RainDance|[upkeep]
|upkeep
|turn|14
|inactive|JuanCaGonzalez has 90 seconds left.
|
|t:|1779816851
|switch|p2a: Toxapex|Toxapex, M, shiny|100/100
|move|p1a: Azumarill|Draining Kiss|p2a: Toxapex
|-resisted|p2a: Toxapex
|-damage|p2a: Toxapex|93/100
|
|-weather|RainDance|[upkeep]
|-heal|p2a: Toxapex|99/100|[from] item: Leftovers
|upkeep
|turn|15
|
|t:|1779816860
|move|p1a: Azumarill|Grass Knot|p2a: Toxapex
|-damage|p2a: Toxapex|91/100
|move|p2a: Toxapex|Toxic|p1a: Azumarill
|-status|p1a: Azumarill|tox
|
|-weather|RainDance|[upkeep]
|-heal|p2a: Toxapex|97/100|[from] item: Leftovers
|-damage|p1a: Azumarill|94/100 tox|[from] psn
|upkeep
|turn|16
|
|t:|1779816871
|move|p1a: Azumarill|Encore|p2a: Toxapex
|-start|p2a: Toxapex|Encore
|move|p2a: Toxapex|Toxic|p1a: Azumarill
|-fail|p1a: Azumarill|tox
|
|-weather|none
|-heal|p2a: Toxapex|100/100|[from] item: Leftovers
|-damage|p1a: Azumarill|82/100 tox|[from] psn
|upkeep
|turn|17
|
|t:|1779816880
|switch|p1a: Pelipper|Pelipper, F|76/100 tox
|-weather|RainDance|[from] ability: Drizzle|[of] p1a: Pelipper
|move|p2a: Toxapex|Toxic|p1a: Pelipper
|-fail|p1a: Pelipper|tox
|
|-weather|RainDance|[upkeep]
|-damage|p1a: Pelipper|70/100 tox|[from] psn
|upkeep
|turn|18
|
|t:|1779816894
|switch|p1a: Kingdra|Kingdra, F|88/100 psn
|move|p2a: Toxapex|Toxic||[still]
|-fail|p2a: Toxapex
|
|-weather|RainDance|[upkeep]
|-damage|p1a: Kingdra|76/100 psn|[from] psn
|-end|p2a: Toxapex|Encore
|upkeep
|turn|19
|inactive|JuanCaGonzalez has 90 seconds left.
|
|t:|1779816925
|move|p1a: Kingdra|Draco Meteor|p2a: Toxapex
|-damage|p2a: Toxapex|47/100
|-unboost|p1a: Kingdra|spa|2
|-damage|p1a: Kingdra|66/100 psn|[from] item: Life Orb
|move|p2a: Toxapex|Recover|p2a: Toxapex
|-heal|p2a: Toxapex|97/100
|
|-weather|RainDance|[upkeep]
|-heal|p2a: Toxapex|100/100|[from] item: Leftovers
|-damage|p1a: Kingdra|54/100 psn|[from] psn
|upkeep
|turn|20
|
|t:|1779816941
|move|p1a: Kingdra|Dragon Dance|p1a: Kingdra
|-boost|p1a: Kingdra|atk|1
|-boost|p1a: Kingdra|spe|1
|move|p2a: Toxapex|Hydro Pump|p1a: Kingdra
|-resisted|p1a: Kingdra
|-damage|p1a: Kingdra|43/100 psn
|
|-weather|RainDance|[upkeep]
|-damage|p1a: Kingdra|31/100 psn|[from] psn
|upkeep
|turn|21
|
|t:|1779816956
|move|p1a: Kingdra|Dragon Dance|p1a: Kingdra
|-boost|p1a: Kingdra|atk|1
|-boost|p1a: Kingdra|spe|1
|move|p2a: Toxapex|Recover||[still]
|-fail|p2a: Toxapex|heal
|
|-weather|RainDance|[upkeep]
|-damage|p1a: Kingdra|19/100 psn|[from] psn
|upkeep
|turn|22
|
|t:|1779816969
|move|p1a: Kingdra|Waterfall|p2a: Toxapex
|-resisted|p2a: Toxapex
|-damage|p2a: Toxapex|61/100
|-damage|p1a: Kingdra|9/100 psn|[from] item: Life Orb
|cant|p2a: Toxapex|flinch
|
|-weather|RainDance|[upkeep]
|-heal|p2a: Toxapex|68/100|[from] item: Leftovers
|-damage|p1a: Kingdra|0 fnt|[from] psn
|faint|p1a: Kingdra
|upkeep
|
|t:|1779816972
|switch|p1a: Basculegion|Basculegion, M|9/100 psn
|turn|23
|
|t:|1779816985
|move|p1a: Basculegion|Psychic Fangs|p2a: Toxapex
|-supereffective|p2a: Toxapex
|-damage|p2a: Toxapex|0 fnt
|faint|p2a: Toxapex
|
|-weather|RainDance|[upkeep]
|-damage|p1a: Basculegion|0 fnt|[from] psn
|faint|p1a: Basculegion
|upkeep
|
|t:|1779816996
|switch|p1a: Azumarill|Azumarill, F|82/100 tox
|switch|p2a: Moltres|Moltres|100/100
|turn|24
|inactive|JuanCaGonzalez has 60 seconds left.
|
|t:|1779817031
|move|p2a: Moltres|Flamethrower|p1a: Azumarill
|-resisted|p1a: Azumarill
|-damage|p1a: Azumarill|73/100 tox
|move|p1a: Azumarill|Draining Kiss|p2a: Moltres
|-resisted|p2a: Moltres
|-damage|p2a: Moltres|91/100
|-heal|p1a: Azumarill|79/100 tox|[from] drain|[of] p2a: Moltres
|
|-weather|none
|-damage|p1a: Azumarill|73/100 tox|[from] psn
|upkeep
|turn|25
|inactive|JuanCaGonzalez has 60 seconds left.
|
|t:|1779817044
|move|p2a: Moltres|Flamethrower|p1a: Azumarill
|-resisted|p1a: Azumarill
|-damage|p1a: Azumarill|55/100 tox
|move|p1a: Azumarill|Encore|p2a: Moltres
|-start|p2a: Moltres|Encore
|
|-damage|p1a: Azumarill|43/100 tox|[from] psn
|upkeep
|turn|26
|inactive|JuanCaGonzalez has 60 seconds left.
|
|t:|1779817054
|move|p2a: Moltres|Flamethrower|p1a: Azumarill
|-resisted|p1a: Azumarill
|-damage|p1a: Azumarill|24/100 tox
|move|p1a: Azumarill|Surf|p2a: Moltres
|-supereffective|p2a: Moltres
|-crit|p2a: Moltres
|-damage|p2a: Moltres|0 fnt
|faint|p2a: Moltres
|
|-damage|p1a: Azumarill|5/100 tox|[from] psn
|upkeep
|
|t:|1779817063
|switch|p2a: Dragapult|Dragapult, M|64/100
|turn|27
|
|t:|1779817066
|switch|p1a: Alomomola|Alomomola, M|100/100
|-status|p1a: Alomomola|tox
|move|p2a: Dragapult|Protect||[still]
|-fail|p2a: Dragapult
|
|-damage|p1a: Alomomola|94/100 tox|[from] psn
|upkeep
|turn|28
|inactive|JuanCaGonzalez has 60 seconds left.
|
|t:|1779817092
|move|p2a: Dragapult|Dragon Darts|p1a: Alomomola
|-damage|p1a: Alomomola|80/100 tox
|-anim|p2a: Dragapult|Dragon Darts|p1a: Alomomola
|-damage|p1a: Alomomola|67/100 tox
|-damage|p2a: Dragapult|54/100|[from] item: Life Orb
|move|p1a: Alomomola|Wish|p1a: Alomomola
|
|-damage|p1a: Alomomola|55/100 tox|[from] psn
|upkeep
|turn|29
|
|t:|1779817106
|move|p2a: Dragapult|Draco Meteor|p1a: Alomomola
|-damage|p1a: Alomomola|0 fnt
|-unboost|p2a: Dragapult|spa|2
|faint|p1a: Alomomola
|-damage|p2a: Dragapult|45/100|[from] item: Life Orb
|
|upkeep
|
|t:|1779817110
|switch|p1a: Azumarill|Azumarill, F|5/100 tox
|turn|30
|
|t:|1779817114
|move|p2a: Dragapult|Protect|p2a: Dragapult
|-singleturn|p2a: Dragapult|Protect
|move|p1a: Azumarill|Draining Kiss|p2a: Dragapult
|-activate|p2a: Dragapult|move: Protect
|
|-damage|p1a: Azumarill|0 fnt|[from] psn
|faint|p1a: Azumarill
|upkeep
|
|t:|1779817119
|switch|p1a: Pelipper|Pelipper, F|70/100 tox
|-weather|RainDance|[from] ability: Drizzle|[of] p1a: Pelipper
|turn|31
|
|t:|1779817129
|move|p2a: Dragapult|Draco Meteor|p1a: Pelipper
|-damage|p1a: Pelipper|20/100 tox
|-unboost|p2a: Dragapult|spa|2
|-damage|p2a: Dragapult|35/100|[from] item: Life Orb
|move|p1a: Pelipper|Hurricane|p2a: Dragapult
|-damage|p2a: Dragapult|0 fnt
|faint|p2a: Dragapult
|
|win|Totototo6719
|raw|Totototo6719's rating: 1108 &rarr; <strong>1139</strong><br />(+31 for winning)
|raw|JuanCaGonzalez's rating: 1186 &rarr; <strong>1155</strong><br />(-31 for losing)
|l|☆Totototo6719
|player|p1|
|l|☆JuanCaGonzalez
|player|p2|
