|j|☆Suddapon
|j|☆Swolecandy
|t:|1779929884
|gametype|singles
|player|p1|Suddapon|unknown|1452
|player|p2|Swolecandy|169|1528
|gen|9
|tier|[Gen 9] OU
|rated|
|rule|HP Percentage Mod: HP is shown in percentages
|rule|Endless Battle Clause: Forcing endless battles is banned
|rule|Species Clause: Limit one of each Pokémon
|rule|OHKO Clause: OHKO moves are banned
|rule|Evasion Items Clause: Evasion items are banned
|rule|Evasion Moves Clause: Evasion moves are banned
|rule|Evasion Abilities Clause: Evasion abilities are banned
|rule|Sleep Moves Clause: Sleep-inducing moves are banned
|clearpoke
|poke|p1|Ribombee, F|
|poke|p1|Cinderace, M|
|poke|p1|Malamar, M|
|poke|p1|Serperior, M|
|poke|p1|Empoleon, M|
|poke|p1|Dragapult, M|
|poke|p2|Iron Moth|
|poke|p2|Gliscor, M|
|poke|p2|Hatterene, F|
|poke|p2|Ogerpon-Wellspring, F|
|poke|p2|Raging Bolt|
|poke|p2|Zamazenta-*|
|teampreview
|
|t:|1779929891
|teamsize|p1|6
|teamsize|p2|6
|start
|switch|p1a: Ribombee|Ribombee, F|100/100
|switch|p2a: Zamazenta|Zamazenta|100/100
|-ability|p2a: Zamazenta|Dauntless Shield|boost
|-boost|p2a: Zamazenta|def|1
|turn|1
|
|t:|1779929894
|switch|p2a: Ogerpon|Ogerpon-Wellspring, F|100/100
|move|p1a: Ribombee|Moonblast|p2a: Ogerpon
|-damage|p2a: Ogerpon|52/100
|
|upkeep
|turn|2
|
|t:|1779929903
|switch|p2a: Gliscor|Gliscor, M|100/100
|move|p1a: Ribombee|Sticky Web|p2a: Gliscor
|-sidestart|p2: Swolecandy|move: Sticky Web
|
|-status|p2a: Gliscor|tox|[from] item: Toxic Orb
|upkeep
|turn|3
|
|t:|1779929909
|move|p1a: Ribombee|Psychic Noise|p2a: Gliscor
|-damage|p2a: Gliscor|71/100 tox
|-start|p2a: Gliscor|move: Heal Block
|move|p2a: Gliscor|Facade|p1a: Ribombee
|-damage|p1a: Ribombee|17/100
|
|upkeep
|turn|4
|
|t:|1779929915
|move|p1a: Ribombee|Moonblast|p2a: Gliscor
|-damage|p2a: Gliscor|24/100 tox
|-unboost|p2a: Gliscor|spa|1
|move|p2a: Gliscor|Agility|p2a: Gliscor
|-boost|p2a: Gliscor|spe|2
|
|-end|p2a: Gliscor|move: Heal Block
|upkeep
|turn|5
|
|t:|1779929926
|move|p2a: Gliscor|Earthquake|p1a: Ribombee
|-resisted|p1a: Ribombee
|-damage|p1a: Ribombee|0 fnt
|faint|p1a: Ribombee
|
|-heal|p2a: Gliscor|36/100 tox|[from] ability: Poison Heal
|upkeep
|
|t:|1779929933
|switch|p1a: Dragapult|Dragapult, M|100/100
|turn|6
|
|t:|1779929938
|-terastallize|p2a: Gliscor|Normal
|move|p2a: Gliscor|Earthquake|p1a: Dragapult
|-damage|p1a: Dragapult|39/100
|move|p1a: Dragapult|Shadow Ball|p2a: Gliscor
|-immune|p2a: Gliscor
|
|-heal|p2a: Gliscor|48/100 tox|[from] ability: Poison Heal
|upkeep
|turn|7
|
|t:|1779929945
|move|p2a: Gliscor|Earthquake|p1a: Dragapult
|-damage|p1a: Dragapult|0 fnt
|faint|p1a: Dragapult
|
|-heal|p2a: Gliscor|60/100 tox|[from] ability: Poison Heal
|upkeep
|
|t:|1779929949
|switch|p1a: Serperior|Serperior, M|100/100
|turn|8
|
|t:|1779929953
|move|p2a: Gliscor|Facade|p1a: Serperior
|-damage|p1a: Serperior|27/100
|move|p1a: Serperior|Leaf Storm|p2a: Gliscor
|-damage|p2a: Gliscor|0 fnt
|-boost|p1a: Serperior|spa|2
|faint|p2a: Gliscor
|
|-heal|p1a: Serperior|33/100|[from] item: Leftovers
|upkeep
|
|t:|1779929960
|switch|p2a: Iron Moth|Iron Moth|100/100
|-activate|p2a: Iron Moth|move: Sticky Web
|-unboost|p2a: Iron Moth|spe|1
|-enditem|p2a: Iron Moth|Booster Energy
|-activate|p2a: Iron Moth|ability: Quark Drive|[fromitem]
|-start|p2a: Iron Moth|quarkdrivespa
|turn|9
|
|t:|1779929970
|move|p1a: Serperior|Glare|p2a: Iron Moth
|-status|p2a: Iron Moth|par
|move|p2a: Iron Moth|Fiery Dance|p1a: Serperior
|-supereffective|p1a: Serperior
|-damage|p1a: Serperior|0 fnt
|faint|p1a: Serperior
|
|upkeep
|
|t:|1779929974
|switch|p1a: Empoleon|Empoleon, M|100/100
|turn|10
|
|t:|1779929979
|move|p1a: Empoleon|Surf|p2a: Iron Moth
|-supereffective|p2a: Iron Moth
|-damage|p2a: Iron Moth|17/100 par
|move|p2a: Iron Moth|Whirlwind|p1a: Empoleon
|drag|p1a: Cinderace|Cinderace, M|100/100
|
|upkeep
|turn|11
|
|t:|1779929983
|move|p1a: Cinderace|Court Change|p1a: Cinderace
|-swapsideconditions
|-activate|p1a: Cinderace|move: Court Change
|cant|p2a: Iron Moth|par
|
|upkeep
|turn|12
|
|t:|1779929991
|move|p1a: Cinderace|Pyro Ball|p2a: Iron Moth
|-resisted|p2a: Iron Moth
|-damage|p2a: Iron Moth|0 fnt
|faint|p2a: Iron Moth
|-end|p2a: Iron Moth|Quark Drive|[silent]
|
|upkeep
|
|t:|1779929993
|switch|p2a: Zamazenta|Zamazenta|100/100
|turn|13
|
|t:|1779929997
|move|p2a: Zamazenta|Reflect|p2a: Zamazenta
|-sidestart|p2: Swolecandy|Reflect
|move|p1a: Cinderace|Will-O-Wisp|p2a: Zamazenta
|-status|p2a: Zamazenta|brn
|
|-damage|p2a: Zamazenta|94/100 brn|[from] brn
|upkeep
|turn|14
|
|t:|1779930001
|move|p2a: Zamazenta|Light Screen|p2a: Zamazenta
|-sidestart|p2: Swolecandy|move: Light Screen
|move|p1a: Cinderace|Pyro Ball|p2a: Zamazenta
|-damage|p2a: Zamazenta|77/100 brn
|
|-damage|p2a: Zamazenta|71/100 brn|[from] brn
|upkeep
|turn|15
|
|t:|1779930011
|switch|p2a: Ogerpon|Ogerpon-Wellspring, F|52/100
|move|p1a: Cinderace|Court Change|p1a: Cinderace
|-swapsideconditions
|-activate|p1a: Cinderace|move: Court Change
|
|upkeep
|turn|16
|
|t:|1779930017
|move|p1a: Cinderace|Pyro Ball|p2a: Ogerpon
|-crit|p2a: Ogerpon
|-damage|p2a: Ogerpon|0 fnt
|faint|p2a: Ogerpon
|
|upkeep
|
|t:|1779930022
|switch|p2a: Zamazenta|Zamazenta|71/100 brn
|-activate|p2a: Zamazenta|move: Sticky Web
|-unboost|p2a: Zamazenta|spe|1
|turn|17
|
|t:|1779930026
|move|p1a: Cinderace|Pyro Ball|p2a: Zamazenta
|-damage|p2a: Zamazenta|35/100 brn
|move|p2a: Zamazenta|Reflect|p2a: Zamazenta
|-sidestart|p2: Swolecandy|Reflect
|
|-damage|p2a: Zamazenta|29/100 brn|[from] brn
|upkeep
|turn|18
|
|t:|1779930028
|move|p1a: Cinderace|Pyro Ball|p2a: Zamazenta
|-damage|p2a: Zamazenta|11/100 brn
|move|p2a: Zamazenta|Light Screen|p2a: Zamazenta
|-sidestart|p2: Swolecandy|move: Light Screen
|
|-damage|p2a: Zamazenta|5/100 brn|[from] brn
|upkeep
|turn|19
|
|t:|1779930032
|switch|p2a: Hatterene|Hatterene, F|100/100
|-activate|p2a: Hatterene|move: Sticky Web
|-unboost|p2a: Hatterene|spe|1
|move|p1a: Cinderace|Court Change|p1a: Cinderace
|-swapsideconditions
|-activate|p1a: Cinderace|move: Court Change
|
|upkeep
|turn|20
|
|t:|1779930038
|move|p1a: Cinderace|Pyro Ball|p2a: Hatterene
|-damage|p2a: Hatterene|79/100
|move|p2a: Hatterene|Calm Mind|p2a: Hatterene
|-boost|p2a: Hatterene|spa|1
|-boost|p2a: Hatterene|spd|1
|
|-heal|p2a: Hatterene|85/100|[from] item: Leftovers
|-sideend|p2: Swolecandy|Reflect
|upkeep
|turn|21
|
|t:|1779930041
|move|p1a: Cinderace|Pyro Ball|p2a: Hatterene
|-damage|p2a: Hatterene|48/100
|move|p2a: Hatterene|Calm Mind|p2a: Hatterene
|-boost|p2a: Hatterene|spa|1
|-boost|p2a: Hatterene|spd|1
|
|-heal|p2a: Hatterene|54/100|[from] item: Leftovers
|-sideend|p2: Swolecandy|move: Light Screen
|upkeep
|turn|22
|
|t:|1779930046
|-terastallize|p1a: Cinderace|Fire
|move|p1a: Cinderace|Pyro Ball|p2a: Hatterene
|-damage|p2a: Hatterene|4/100
|move|p2a: Hatterene|Stored Power|p1a: Cinderace
|-damage|p1a: Cinderace|49/100
|
|-heal|p2a: Hatterene|10/100|[from] item: Leftovers
|upkeep
|turn|23
|
|t:|1779930054
|move|p1a: Cinderace|U-turn|p2a: Hatterene
|-damage|p2a: Hatterene|0 fnt
|faint|p2a: Hatterene
|
|t:|1779930059
|switch|p1a: Empoleon|Empoleon, M|100/100|[from] U-turn
|-activate|p1a: Empoleon|move: Sticky Web
|-unboost|p1a: Empoleon|spe|1
|-ability|p1a: Empoleon|Competitive|boost
|-boost|p1a: Empoleon|spa|2
|
|upkeep
|
|t:|1779930067
|switch|p2a: Raging Bolt|Raging Bolt|100/100
|-enditem|p2a: Raging Bolt|Booster Energy
|-activate|p2a: Raging Bolt|ability: Protosynthesis|[fromitem]
|-start|p2a: Raging Bolt|protosynthesisspa
|turn|24
|
|t:|1779930070
|move|p2a: Raging Bolt|Thunderbolt|p1a: Empoleon
|-supereffective|p1a: Empoleon
|-damage|p1a: Empoleon|57/100
|move|p1a: Empoleon|Ice Beam|p2a: Raging Bolt
|-supereffective|p2a: Raging Bolt
|-damage|p2a: Raging Bolt|0 fnt
|faint|p2a: Raging Bolt
|-end|p2a: Raging Bolt|Protosynthesis|[silent]
|
|-sideend|p1: Suddapon|Reflect
|upkeep
|
|t:|1779930075
|switch|p2a: Zamazenta|Zamazenta|5/100 brn
|turn|25
|
|t:|1779930077
|move|p1a: Empoleon|Vacuum Wave|p2a: Zamazenta
|-damage|p2a: Zamazenta|0 fnt
|faint|p2a: Zamazenta
|
|win|Suddapon
|raw|Suddapon's rating: 1452 &rarr; <strong>1476</strong><br />(+24 for winning)
|raw|Swolecandy's rating: 1528 &rarr; <strong>1504</strong><br />(-24 for losing)
|l|☆Swolecandy
|player|p2|
|l|☆Suddapon
|player|p1|
