|j|☆klopkik
|j|☆beeboobaa
|t:|1779888823
|gametype|singles
|player|p1|klopkik|101|1467
|player|p2|beeboobaa|1|1451
|gen|9
|tier|[Gen 9] OU
|rated|
|rule|HP Percentage Mod: HP is shown in percentages
|rule|Endless Battle Clause: Forcing endless battles is banned
|rule|Species Clause: Limit one of each Pokémon
|rule|OHKO Clause: OHKO moves are banned
|rule|Evasion Items Clause: Evasion items are banned
|rule|Evasion Moves Clause: Evasion moves are banned
|rule|Evasion Abilities Clause: Evasion abilities are banned
|rule|Sleep Moves Clause: Sleep-inducing moves are banned
|clearpoke
|poke|p1|Ursaluna, M|
|poke|p1|Dragonite, M|
|poke|p1|Toxapex, M|
|poke|p1|Heatran, F|
|poke|p1|Hydreigon, M|
|poke|p1|Hatterene, F|
|poke|p2|Charizard, M|
|poke|p2|Clefable, F|
|poke|p2|Gengar, M|
|poke|p2|Chansey, F|
|poke|p2|Ditto|
|poke|p2|Dragonite, M|
|teampreview
|inactive|Battle timer is ON: inactive players will automatically lose when time's up. (requested by beeboobaa)
|
|t:|1779888835
|teamsize|p1|6
|teamsize|p2|6
|start
|switch|p1a: Hydreigon|Hydreigon, M|100/100
|switch|p2a: Charizard|Charizard, M|100/100
|turn|1
|
|t:|1779888842
|move|p1a: Hydreigon|Draco Meteor|p2a: Charizard|[miss]
|-miss|p1a: Hydreigon|p2a: Charizard
|move|p2a: Charizard|Belly Drum|p2a: Charizard
|-damage|p2a: Charizard|50/100
|-setboost|p2a: Charizard|atk|6|[from] move: Belly Drum
|-enditem|p2a: Charizard|Sitrus Berry|[eat]
|-heal|p2a: Charizard|75/100|[from] item: Sitrus Berry
|
|upkeep
|turn|2
|
|t:|1779888853
|move|p1a: Hydreigon|Draco Meteor|p2a: Charizard
|-damage|p2a: Charizard|0 fnt
|-unboost|p1a: Hydreigon|spa|2
|faint|p2a: Charizard
|
|upkeep
|c|☆beeboobaa|darn
|
|t:|1779888880
|switch|p2a: Dragonite|Dragonite, M|100/100
|turn|3
|
|t:|1779888884
|move|p1a: Hydreigon|Draco Meteor|p2a: Dragonite
|-supereffective|p2a: Dragonite
|-damage|p2a: Dragonite|58/100
|-unboost|p1a: Hydreigon|spa|2
|move|p2a: Dragonite|Dragon Dance|p2a: Dragonite
|-boost|p2a: Dragonite|atk|1
|-boost|p2a: Dragonite|spe|1
|
|upkeep
|turn|4
|
|t:|1779888892
|switch|p1a: Toxapex|Toxapex, M|100/100
|move|p2a: Dragonite|Roost|p2a: Dragonite
|-heal|p2a: Dragonite|100/100
|-singleturn|p2a: Dragonite|move: Roost
|
|upkeep
|turn|5
|
|t:|1779888902
|switch|p1a: Hydreigon|Hydreigon, M|100/100
|move|p2a: Dragonite|Earthquake|p1a: Hydreigon
|-immune|p1a: Hydreigon|[from] ability: Levitate
|
|upkeep
|turn|6
|
|t:|1779888916
|switch|p1a: Toxapex|Toxapex, M|100/100
|-terastallize|p2a: Dragonite|Steel
|move|p2a: Dragonite|Dragon Dance|p2a: Dragonite
|-boost|p2a: Dragonite|atk|1
|-boost|p2a: Dragonite|spe|1
|
|upkeep
|turn|7
|
|t:|1779888926
|-terastallize|p1a: Toxapex|Fairy
|move|p2a: Dragonite|Earthquake|p1a: Toxapex
|-damage|p1a: Toxapex|39/100
|-enditem|p1a: Toxapex|Eject Button
|
|t:|1779888936
|switch|p1a: Heatran|Heatran, F|100/100
|-item|p1a: Heatran|Air Balloon
|
|upkeep
|turn|8
|
|t:|1779888957
|move|p2a: Dragonite|Scale Shot|p1a: Heatran
|-resisted|p1a: Heatran
|-crit|p1a: Heatran
|-damage|p1a: Heatran|80/100
|-enditem|p1a: Heatran|Air Balloon
|-resisted|p1a: Heatran
|-damage|p1a: Heatran|69/100
|-resisted|p1a: Heatran
|-damage|p1a: Heatran|56/100
|-hitcount|p1a: Heatran|3
|-unboost|p2a: Dragonite|def|1
|-boost|p2a: Dragonite|spe|1
|move|p1a: Heatran|Magma Storm|p2a: Dragonite
|-supereffective|p2a: Dragonite
|-damage|p2a: Dragonite|60/100
|-activate|p2a: Dragonite|move: Magma Storm|[of] p1a: Heatran
|
|-damage|p2a: Dragonite|47/100|[from] move: Magma Storm|[partiallytrapped]
|upkeep
|turn|9
|
|t:|1779888970
|switch|p1a: Dragonite|Dragonite, M|100/100
|move|p2a: Dragonite|Earthquake|p1a: Dragonite
|-immune|p1a: Dragonite
|
|-end|p2a: Dragonite|Magma Storm|[partiallytrapped]|[silent]
|upkeep
|turn|10
|
|t:|1779888979
|switch|p1a: Toxapex|Toxapex, M, tera:Fairy|72/100
|move|p2a: Dragonite|Scale Shot|p1a: Toxapex
|-immune|p1a: Toxapex
|
|upkeep
|turn|11
|
|t:|1779888985
|move|p2a: Dragonite|Earthquake|p1a: Toxapex
|-damage|p1a: Toxapex|13/100
|move|p1a: Toxapex|Haze|p1a: Toxapex
|-clearallboost
|
|upkeep
|turn|12
|
|t:|1779888998
|switch|p1a: Ursaluna|Ursaluna, M|100/100
|move|p2a: Dragonite|Scale Shot|p1a: Ursaluna
|-damage|p1a: Ursaluna|90/100
|-damage|p1a: Ursaluna|78/100
|-hitcount|p1a: Ursaluna|2
|-unboost|p2a: Dragonite|def|1
|-boost|p2a: Dragonite|spe|1
|
|-status|p1a: Ursaluna|brn|[from] item: Flame Orb
|upkeep
|turn|13
|
|t:|1779889012
|move|p2a: Dragonite|Scale Shot|p1a: Ursaluna
|-damage|p1a: Ursaluna|66/100 brn
|-damage|p1a: Ursaluna|55/100 brn
|-damage|p1a: Ursaluna|44/100 brn
|-hitcount|p1a: Ursaluna|3
|-unboost|p2a: Dragonite|def|1
|-boost|p2a: Dragonite|spe|1
|move|p1a: Ursaluna|Facade|p2a: Dragonite
|-resisted|p2a: Dragonite
|-damage|p2a: Dragonite|0 fnt
|faint|p2a: Dragonite
|
|-damage|p1a: Ursaluna|38/100 brn|[from] brn
|upkeep
|
|t:|1779889026
|switch|p2a: Gengar|Gengar, M, shiny|100/100
|turn|14
|
|t:|1779889034
|switch|p1a: Toxapex|Toxapex, M, tera:Fairy|46/100
|move|p2a: Gengar|Focus Blast|p1a: Toxapex|[miss]
|-miss|p2a: Gengar|p1a: Toxapex
|
|upkeep
|turn|15
|
|t:|1779889043
|switch|p2a: Chansey|Chansey, F|100/100
|switch|p1a: Heatran|Heatran, F|56/100
|
|upkeep
|turn|16
|
|t:|1779889050
|move|p1a: Heatran|Stealth Rock|p2a: Chansey
|-sidestart|p2: beeboobaa|move: Stealth Rock
|move|p2a: Chansey|Seismic Toss|p1a: Heatran
|-damage|p1a: Heatran|30/100
|
|upkeep
|turn|17
|
|t:|1779889061
|move|p1a: Heatran|Magma Storm|p2a: Chansey|[miss]
|-miss|p1a: Heatran|p2a: Chansey
|move|p2a: Chansey|Seismic Toss|p1a: Heatran
|-damage|p1a: Heatran|3/100
|
|upkeep
|turn|18
|
|t:|1779889068
|move|p1a: Heatran|Taunt|p2a: Chansey
|-start|p2a: Chansey|move: Taunt
|move|p2a: Chansey|Seismic Toss|p1a: Heatran
|-damage|p1a: Heatran|0 fnt
|faint|p1a: Heatran
|
|upkeep
|
|t:|1779889074
|switch|p1a: Ursaluna|Ursaluna, M|38/100 brn
|turn|19
|
|t:|1779889082
|switch|p2a: Gengar|Gengar, M, shiny|100/100
|-damage|p2a: Gengar|88/100|[from] Stealth Rock
|move|p1a: Ursaluna|Headlong Rush|p2a: Gengar
|-supereffective|p2a: Gengar
|-damage|p2a: Gengar|0 fnt
|-unboost|p1a: Ursaluna|def|1
|-unboost|p1a: Ursaluna|spd|1
|-start|p1a: Ursaluna|Disable|Headlong Rush|[from] ability: Cursed Body|[of] p2a: Gengar
|faint|p2a: Gengar
|
|-damage|p1a: Ursaluna|32/100 brn|[from] brn
|upkeep
|
|t:|1779889104
|switch|p2a: Clefable|Clefable, F|100/100
|turn|20
|
|t:|1779889112
|move|p1a: Ursaluna|Facade|p2a: Clefable
|-damage|p2a: Clefable|8/100
|-damage|p1a: Ursaluna|15/100 brn|[from] item: Rocky Helmet|[of] p2a: Clefable
|move|p2a: Clefable|Moonblast|p1a: Ursaluna
|-damage|p1a: Ursaluna|0 fnt
|faint|p1a: Ursaluna
|
|upkeep
|c|☆beeboobaa|dam
|c|☆beeboobaa|so much damage
|
|t:|1779889124
|switch|p1a: Dragonite|Dragonite, M|100/100
|turn|21
|
|t:|1779889130
|move|p1a: Dragonite|Ice Spinner|p2a: Clefable
|-damage|p2a: Clefable|0 fnt
|-damage|p1a: Dragonite|84/100|[from] item: Rocky Helmet|[of] p2a: Clefable
|faint|p2a: Clefable
|
|upkeep
|
|t:|1779889138
|switch|p2a: Chansey|Chansey, F|100/100
|-damage|p2a: Chansey|88/100|[from] Stealth Rock
|turn|22
|
|t:|1779889143
|move|p1a: Dragonite|Low Kick|p2a: Chansey
|-supereffective|p2a: Chansey
|-damage|p2a: Chansey|57/100
|move|p2a: Chansey|Thunder Wave|p1a: Dragonite
|-status|p1a: Dragonite|par
|
|upkeep
|turn|23
|
|t:|1779889151
|switch|p1a: Hatterene|Hatterene, F|100/100
|move|p2a: Chansey|Light Screen|p2a: Chansey
|-sidestart|p2: beeboobaa|move: Light Screen
|
|upkeep
|turn|24
|
|t:|1779889170
|switch|p1a: Toxapex|Toxapex, M, tera:Fairy|80/100
|move|p2a: Chansey|Seismic Toss|p1a: Toxapex
|-damage|p1a: Toxapex|47/100
|
|upkeep
|turn|25
|
|t:|1779889177
|move|p2a: Chansey|Seismic Toss|p1a: Toxapex
|-damage|p1a: Toxapex|14/100
|move|p1a: Toxapex|Toxic|p2a: Chansey
|-status|p2a: Chansey|tox
|
|-damage|p2a: Chansey|51/100 tox|[from] psn
|upkeep
|turn|26
|
|t:|1779889184
|switch|p1a: Hatterene|Hatterene, F|100/100
|move|p2a: Chansey|Soft-Boiled|p2a: Chansey
|-heal|p2a: Chansey|100/100 tox
|
|-damage|p2a: Chansey|88/100 tox|[from] psn
|upkeep
|turn|27
|
|t:|1779889202
|-curestatus|p2a: Chansey|tox|[from] ability: Natural Cure|[silent]
|switch|p2a: Ditto|Ditto|100/100
|-damage|p2a: Ditto|88/100|[from] Stealth Rock
|-transform|p2a: Ditto|p1a: Hatterene|[from] ability: Imposter
|move|p1a: Hatterene|Pain Split|p2a: Ditto
|-sethp|p2a: Ditto|97/100|[from] move: Pain Split|[silent]
|-sethp|p1a: Hatterene|92/100|[from] move: Pain Split
|
|-heal|p1a: Hatterene|98/100|[from] item: Leftovers
|-sideend|p2: beeboobaa|move: Light Screen
|upkeep
|turn|28
|
|t:|1779889216
|switch|p2a: Chansey|Chansey, F|88/100
|-damage|p2a: Chansey|76/100|[from] Stealth Rock
|switch|p1a: Toxapex|Toxapex, M, tera:Fairy|47/100
|
|upkeep
|turn|29
|
|t:|1779889221
|move|p2a: Chansey|Seismic Toss|p1a: Toxapex
|-damage|p1a: Toxapex|14/100
|move|p1a: Toxapex|Toxic|p2a: Chansey
|-status|p2a: Chansey|tox
|
|-damage|p2a: Chansey|70/100 tox|[from] psn
|upkeep
|turn|30
|
|t:|1779889225
|switch|p1a: Hatterene|Hatterene, F|98/100
|move|p2a: Chansey|Seismic Toss|p1a: Hatterene
|-damage|p1a: Hatterene|66/100
|
|-heal|p1a: Hatterene|72/100|[from] item: Leftovers
|-damage|p2a: Chansey|57/100 tox|[from] psn
|upkeep
|turn|31
|
|t:|1779889236
|-curestatus|p2a: Chansey|tox|[from] ability: Natural Cure|[silent]
|switch|p2a: Ditto|Ditto|97/100
|-damage|p2a: Ditto|85/100|[from] Stealth Rock
|-transform|p2a: Ditto|p1a: Hatterene|[from] ability: Imposter
|move|p1a: Hatterene|Draining Kiss|p2a: Ditto
|-damage|p2a: Ditto|62/100
|-heal|p1a: Hatterene|89/100|[from] drain|[of] p2a: Ditto
|
|-heal|p1a: Hatterene|95/100|[from] item: Leftovers
|upkeep
|turn|32
|
|t:|1779889241
|switch|p1a: Toxapex|Toxapex, M, tera:Fairy|47/100
|move|p2a: Ditto|Draining Kiss|p1a: Toxapex
|-damage|p1a: Toxapex|32/100
|-heal|p2a: Ditto|74/100|[from] drain|[of] p1a: Toxapex
|
|upkeep
|turn|33
|
|t:|1779889248
|move|p2a: Ditto|Draining Kiss|p1a: Toxapex
|-damage|p1a: Toxapex|17/100
|-heal|p2a: Ditto|84/100|[from] drain|[of] p1a: Toxapex
|move|p1a: Toxapex|Toxic Spikes|p2a: Ditto
|move|p2a: Ditto|Toxic Spikes|p1a: Toxapex|[from] ability: Magic Bounce
|-sidestart|p1: klopkik|move: Toxic Spikes
|
|upkeep
|turn|34
|
|t:|1779889262
|move|p2a: Ditto|Draining Kiss|p1a: Toxapex
|-damage|p1a: Toxapex|3/100
|-heal|p2a: Ditto|95/100|[from] drain|[of] p1a: Toxapex
|move|p1a: Toxapex|Toxic|p2a: Ditto
|move|p2a: Ditto|Toxic|p1a: Toxapex|[from] ability: Magic Bounce
|-status|p1a: Toxapex|tox
|
|-damage|p1a: Toxapex|0 fnt|[from] psn
|faint|p1a: Toxapex
|upkeep
|
|t:|1779889266
|switch|p1a: Hydreigon|Hydreigon, M|100/100
|turn|35
|
|t:|1779889272
|move|p1a: Hydreigon|Flash Cannon|p2a: Ditto
|-supereffective|p2a: Ditto
|-damage|p2a: Ditto|10/100
|move|p2a: Ditto|Draining Kiss|p1a: Hydreigon
|-supereffective|p1a: Hydreigon
|-damage|p1a: Hydreigon|3/100
|-heal|p2a: Ditto|89/100|[from] drain|[of] p1a: Hydreigon
|
|upkeep
|turn|36
|
|t:|1779889278
|switch|p2a: Chansey|Chansey, F|57/100
|-damage|p2a: Chansey|45/100|[from] Stealth Rock
|move|p1a: Hydreigon|Flash Cannon|p2a: Chansey
|-damage|p2a: Chansey|35/100
|
|upkeep
|turn|37
|
|t:|1779889282
|switch|p1a: Dragonite|Dragonite, M|84/100 par
|move|p2a: Chansey|Soft-Boiled|p2a: Chansey
|-heal|p2a: Chansey|85/100
|
|upkeep
|turn|38
|
|t:|1779889290
|move|p2a: Chansey|Seismic Toss|p1a: Dragonite
|-damage|p1a: Dragonite|53/100 par
|cant|p1a: Dragonite|par
|
|upkeep
|turn|39
|
|t:|1779889294
|move|p2a: Chansey|Seismic Toss|p1a: Dragonite
|-damage|p1a: Dragonite|22/100 par
|move|p1a: Dragonite|Dragon Dance|p1a: Dragonite
|-boost|p1a: Dragonite|atk|1
|-boost|p1a: Dragonite|spe|1
|
|upkeep
|turn|40
|
|t:|1779889298
|cant|p1a: Dragonite|par
|move|p2a: Chansey|Seismic Toss|p1a: Dragonite
|-damage|p1a: Dragonite|0 fnt
|faint|p1a: Dragonite
|
|upkeep
|-message|klopkik forfeited.
|
|win|beeboobaa
|raw|klopkik's rating: 1467 &rarr; <strong>1446</strong><br />(-21 for losing)
|raw|beeboobaa's rating: 1451 &rarr; <strong>1472</strong><br />(+21 for winning)
|l|☆klopkik
|player|p1|
|l|☆beeboobaa
|player|p2|
