|j|☆Safari Guru
|j|☆uncle brown
|t:|1779878602
|gametype|singles
|player|p1|Safari Guru|bugsy|1515
|player|p2|uncle brown|266|1583
|gen|9
|tier|[Gen 9] OU
|rated|
|rule|HP Percentage Mod: HP is shown in percentages
|rule|Endless Battle Clause: Forcing endless battles is banned
|rule|Species Clause: Limit one of each Pokémon
|rule|OHKO Clause: OHKO moves are banned
|rule|Evasion Items Clause: Evasion items are banned
|rule|Evasion Moves Clause: Evasion moves are banned
|rule|Evasion Abilities Clause: Evasion abilities are banned
|rule|Sleep Moves Clause: Sleep-inducing moves are banned
|clearpoke
|poke|p1|Regice|
|poke|p1|Slowking-Galar, F|
|poke|p1|Kyurem|
|poke|p1|Alomomola, M|
|poke|p1|Moltres|
|poke|p1|Weezing-Galar, M|
|poke|p2|Ogerpon, F|
|poke|p2|Deoxys-Speed|
|poke|p2|Dragonite, M|
|poke|p2|Zamazenta-*|
|poke|p2|Iron Treads|
|poke|p2|Hatterene, F|
|teampreview
|inactive|Battle timer is ON: inactive players will automatically lose when time's up. (requested by Safari Guru)
|
|t:|1779878613
|teamsize|p1|6
|teamsize|p2|6
|start
|switch|p1a: Slowking|Slowking-Galar, F|100/100
|switch|p2a: Deoxys|Deoxys-Speed|100/100
|-ability|p2a: Deoxys|Pressure
|turn|1
|
|t:|1779878617
|move|p2a: Deoxys|Stealth Rock|p1a: Slowking
|-sidestart|p1: Safari Guru|move: Stealth Rock
|-prepare|p1a: Slowking|Chilly Reception|[premajor]
|move|p1a: Slowking|Chilly Reception|p1a: Slowking
|-weather|Snowscape
|
|t:|1779878620
|switch|p1a: Regice|Regice|100/100|[from] Chilly Reception
|-damage|p1a: Regice|76/100|[from] Stealth Rock
|
|-weather|Snowscape|[upkeep]
|upkeep
|turn|2
|
|t:|1779878624
|move|p2a: Deoxys|Spikes|p1a: Regice
|-sidestart|p1: Safari Guru|Spikes
|move|p1a: Regice|Zap Cannon|p2a: Deoxys|[miss]
|-miss|p1a: Regice|p2a: Deoxys
|-enditem|p1a: Regice|Blunder Policy
|-boost|p1a: Regice|spe|2
|
|-weather|Snowscape|[upkeep]
|upkeep
|turn|3
|
|t:|1779878627
|move|p2a: Deoxys|Taunt|p1a: Regice
|-start|p1a: Regice|move: Taunt
|move|p1a: Regice|Zap Cannon|p2a: Deoxys
|-damage|p2a: Deoxys|54/100
|-status|p2a: Deoxys|par
|-enditem|p2a: Deoxys|Red Card|[of] p1a: Regice
|drag|p1a: Kyurem|Kyurem, shiny|100/100
|-damage|p1a: Kyurem|75/100|[from] Stealth Rock
|-damage|p1a: Kyurem|63/100|[from] Spikes
|-ability|p1a: Kyurem|Pressure
|
|-weather|Snowscape|[upkeep]
|-heal|p1a: Kyurem|69/100|[from] item: Leftovers
|upkeep
|turn|4
|
|t:|1779878636
|move|p1a: Kyurem|Protect|p1a: Kyurem
|-singleturn|p1a: Kyurem|Protect
|move|p2a: Deoxys|Taunt|p1a: Kyurem
|-activate|p1a: Kyurem|move: Protect
|
|-weather|Snowscape|[upkeep]
|-heal|p1a: Kyurem|75/100|[from] item: Leftovers
|upkeep
|turn|5
|
|t:|1779878639
|move|p1a: Kyurem|Dragon Dance|p1a: Kyurem
|-boost|p1a: Kyurem|atk|1
|-boost|p1a: Kyurem|spe|1
|move|p2a: Deoxys|Taunt|p1a: Kyurem
|-start|p1a: Kyurem|move: Taunt
|
|-weather|none
|-heal|p1a: Kyurem|82/100|[from] item: Leftovers
|upkeep
|turn|6
|
|t:|1779878645
|move|p1a: Kyurem|Icicle Spear|p2a: Deoxys
|-crit|p2a: Deoxys
|-damage|p2a: Deoxys|13/100 par
|-damage|p2a: Deoxys|0 fnt
|faint|p2a: Deoxys
|-hitcount|p2: Deoxys|2
|
|-heal|p1a: Kyurem|88/100|[from] item: Leftovers
|upkeep
|
|t:|1779878647
|switch|p2a: Zamazenta|Zamazenta|100/100
|-ability|p2a: Zamazenta|Dauntless Shield|boost
|-boost|p2a: Zamazenta|def|1
|turn|7
|
|t:|1779878650
|switch|p1a: Moltres|Moltres|100/100
|move|p2a: Zamazenta|Stone Edge|p1a: Moltres
|-supereffective|p1a: Moltres
|-damage|p1a: Moltres|0 fnt
|faint|p1a: Moltres
|
|upkeep
|
|t:|1779878652
|switch|p1a: Weezing|Weezing-Galar, M|100/100
|-ability|p1a: Weezing|Neutralizing Gas
|turn|8
|
|t:|1779878656
|switch|p2a: Hatterene|Hatterene, F|100/100
|move|p1a: Weezing|Will-O-Wisp|p2a: Hatterene
|-status|p2a: Hatterene|brn
|
|-damage|p2a: Hatterene|95/100 brn|[from] brn
|upkeep
|turn|9
|
|t:|1779878660
|move|p1a: Weezing|Defog|p2a: Hatterene
|-unboost|p2a: Hatterene|evasion|1
|-sideend|p1: Safari Guru|Spikes|[from] move: Defog|[of] p1a: Weezing
|-sideend|p1: Safari Guru|Stealth Rock|[from] move: Defog|[of] p1a: Weezing
|move|p2a: Hatterene|Psychic Noise|p1a: Weezing
|-supereffective|p1a: Weezing
|-damage|p1a: Weezing|6/100
|-start|p1a: Weezing|move: Heal Block
|
|-damage|p2a: Hatterene|89/100 brn|[from] brn
|upkeep
|turn|10
|
|t:|1779878668
|move|p1a: Weezing|Pain Split|p2a: Hatterene
|-sethp|p2a: Hatterene|48/100 brn|[from] move: Pain Split|[silent]
|-sethp|p1a: Weezing|45/100|[from] move: Pain Split
|move|p2a: Hatterene|Nuzzle|p1a: Weezing
|-damage|p1a: Weezing|44/100
|-status|p1a: Weezing|par
|
|-damage|p2a: Hatterene|42/100 brn|[from] brn
|-end|p1a: Weezing|move: Heal Block
|upkeep
|turn|11
|
|t:|1779878672
|move|p2a: Hatterene|Psychic Noise|p1a: Weezing
|-supereffective|p1a: Weezing
|-damage|p1a: Weezing|0 fnt
|faint|p1a: Weezing
|-end|p1a: Weezing|ability: Neutralizing Gas
|
|-damage|p2a: Hatterene|36/100 brn|[from] brn
|upkeep
|
|t:|1779878677
|switch|p1a: Slowking|Slowking-Galar, F|100/100
|turn|12
|
|t:|1779878679
|switch|p2a: Iron Treads|Iron Treads|100/100
|-item|p2a: Iron Treads|Air Balloon
|move|p1a: Slowking|Future Sight|p2a: Iron Treads
|-start|p1a: Slowking|move: Future Sight
|
|upkeep
|turn|13
|
|t:|1779878683
|move|p2a: Iron Treads|Earthquake|p1a: Slowking
|-supereffective|p1a: Slowking
|-damage|p1a: Slowking|11/100
|-prepare|p1a: Slowking|Chilly Reception|[premajor]
|move|p1a: Slowking|Chilly Reception|p1a: Slowking
|-weather|Snowscape
|
|t:|1779878685
|switch|p1a: Alomomola|Alomomola, M|100/100|[from] Chilly Reception
|
|-weather|Snowscape|[upkeep]
|upkeep
|turn|14
|
|t:|1779878689
|-end|p2a: Iron Treads|Quark Drive|[silent]
|switch|p2a: Hatterene|Hatterene, F|36/100 brn
|move|p1a: Alomomola|Flip Turn|p2a: Hatterene
|-damage|p2a: Hatterene|23/100 brn
|
|t:|1779878692
|switch|p1a: Kyurem|Kyurem, shiny|88/100|[from] Flip Turn
|-ability|p1a: Kyurem|Pressure
|
|-weather|Snowscape|[upkeep]
|-end|p2a: Hatterene|move: Future Sight
|-resisted|p2a: Hatterene
|-damage|p2a: Hatterene|0 fnt
|faint|p2a: Hatterene
|-heal|p1a: Kyurem|94/100|[from] item: Leftovers
|upkeep
|
|t:|1779878695
|switch|p2a: Zamazenta|Zamazenta|100/100
|turn|15
|
|t:|1779878698
|switch|p1a: Alomomola|Alomomola, M|100/100
|move|p2a: Zamazenta|Close Combat|p1a: Alomomola
|-damage|p1a: Alomomola|32/100
|-unboost|p2a: Zamazenta|def|1
|-unboost|p2a: Zamazenta|spd|1
|
|-weather|Snowscape|[upkeep]
|upkeep
|turn|16
|
|t:|1779878709
|switch|p1a: Slowking|Slowking-Galar, F|44/100
|move|p2a: Zamazenta|Close Combat|p1a: Slowking
|-resisted|p1a: Slowking
|-crit|p1a: Slowking
|-damage|p1a: Slowking|8/100
|-unboost|p2a: Zamazenta|def|1
|-unboost|p2a: Zamazenta|spd|1
|
|-weather|Snowscape|[upkeep]
|upkeep
|turn|17
|
|t:|1779878716
|move|p2a: Zamazenta|Close Combat|p1a: Slowking
|-resisted|p1a: Slowking
|-damage|p1a: Slowking|0 fnt
|-unboost|p2a: Zamazenta|def|1
|-unboost|p2a: Zamazenta|spd|1
|faint|p1a: Slowking
|
|-weather|none
|upkeep
|
|t:|1779878718
|switch|p1a: Alomomola|Alomomola, M|65/100
|turn|18
|
|t:|1779878722
|-terastallize|p1a: Alomomola|Fairy
|move|p2a: Zamazenta|Close Combat|p1a: Alomomola
|-resisted|p1a: Alomomola
|-damage|p1a: Alomomola|31/100
|-unboost|p2a: Zamazenta|def|1
|-unboost|p2a: Zamazenta|spd|1
|move|p1a: Alomomola|Play Rough|p2a: Zamazenta
|-supereffective|p2a: Zamazenta
|-crit|p2a: Zamazenta
|-damage|p2a: Zamazenta|0 fnt
|faint|p2a: Zamazenta
|
|upkeep
|
|t:|1779878726
|switch|p2a: Ogerpon|Ogerpon, F|100/100
|turn|19
|
|t:|1779878728
|switch|p1a: Regice|Regice|76/100
|move|p2a: Ogerpon|Swords Dance|p2a: Ogerpon
|-boost|p2a: Ogerpon|atk|2
|
|upkeep
|turn|20
|
|t:|1779878733
|move|p2a: Ogerpon|Ivy Cudgel|p1a: Regice
|-damage|p1a: Regice|0 fnt
|faint|p1a: Regice
|-damage|p2a: Ogerpon|91/100|[from] item: Life Orb
|
|upkeep
|
|t:|1779878735
|switch|p1a: Kyurem|Kyurem, shiny|94/100
|-ability|p1a: Kyurem|Pressure
|turn|21
|
|t:|1779878740
|move|p1a: Kyurem|Protect|p1a: Kyurem
|-singleturn|p1a: Kyurem|Protect
|move|p2a: Ogerpon|Knock Off|p1a: Kyurem
|-activate|p1a: Kyurem|move: Protect
|
|-heal|p1a: Kyurem|99/100|[from] item: Leftovers
|upkeep
|turn|22
|
|t:|1779878743
|move|p2a: Ogerpon|Knock Off|p1a: Kyurem
|-crit|p1a: Kyurem
|-damage|p1a: Kyurem|0 fnt
|-enditem|p1a: Kyurem|Leftovers|[from] move: Knock Off|[of] p2a: Ogerpon
|faint|p1a: Kyurem
|-damage|p2a: Ogerpon|81/100|[from] item: Life Orb
|
|upkeep
|-message|Safari Guru forfeited.
|
|win|uncle brown
|raw|Safari Guru's rating: 1515 &rarr; <strong>1498</strong><br />(-17 for losing)
|raw|uncle brown's rating: 1566 &rarr; <strong>1583</strong><br />(+17 for winning)
|l|☆Safari Guru
|player|p1|
|l|☆uncle brown
|player|p2|
