|j|☆Omari P
|j|☆Oweiner95
|t:|1779906840
|gametype|singles
|player|p1|Omari P|pokemonrangerf|1538
|player|p2|Oweiner95|flannery|1662
|gen|9
|tier|[Gen 9] OU
|rated|
|rule|HP Percentage Mod: HP is shown in percentages
|rule|Endless Battle Clause: Forcing endless battles is banned
|rule|Species Clause: Limit one of each Pokémon
|rule|OHKO Clause: OHKO moves are banned
|rule|Evasion Items Clause: Evasion items are banned
|rule|Evasion Moves Clause: Evasion moves are banned
|rule|Evasion Abilities Clause: Evasion abilities are banned
|rule|Sleep Moves Clause: Sleep-inducing moves are banned
|clearpoke
|poke|p1|Thundurus-Therian, M|
|poke|p1|Cinderace, F|
|poke|p1|Skeledirge, F|
|poke|p1|Latios, M|
|poke|p1|Mandibuzz, F|
|poke|p1|Gallade, M|
|poke|p2|Slowking-Galar, M|
|poke|p2|Great Tusk|
|poke|p2|Kyurem|
|poke|p2|Kingambit, M|
|poke|p2|Cinderace, M|
|poke|p2|Zapdos|
|teampreview
|inactive|Battle timer is ON: inactive players will automatically lose when time's up. (requested by Oweiner95)
|inactive|Omari P has 120 seconds left.
|inactive|Oweiner95 has 120 seconds left.
|inactive|Omari P has 90 seconds left.
|j| 1Slyver2_
|
|t:|1779906918
|teamsize|p1|6
|teamsize|p2|6
|start
|switch|p1a: Skeledirge|Skeledirge, F|100/100
|switch|p2a: Cinderace|Cinderace, M|100/100
|turn|1
|
|t:|1779906923
|move|p2a: Cinderace|U-turn|p1a: Skeledirge
|-resisted|p1a: Skeledirge
|-damage|p1a: Skeledirge|96/100
|
|t:|1779906927
|switch|p2a: Slowking|Slowking-Galar, M|100/100|[from] U-turn
|move|p1a: Skeledirge|Torch Song|p2a: Slowking
|-damage|p2a: Slowking|79/100
|-boost|p1a: Skeledirge|spa|1
|
|upkeep
|turn|2
|
|t:|1779906931
|move|p1a: Skeledirge|Substitute|p1a: Skeledirge
|-start|p1a: Skeledirge|Substitute
|-damage|p1a: Skeledirge|72/100
|move|p2a: Slowking|Future Sight|p1a: Skeledirge
|-start|p2a: Slowking|move: Future Sight
|
|upkeep
|turn|3
|
|t:|1779906932
|move|p1a: Skeledirge|Torch Song|p2a: Slowking
|-damage|p2a: Slowking|45/100
|-boost|p1a: Skeledirge|spa|1
|-prepare|p2a: Slowking|Chilly Reception|[premajor]
|move|p2a: Slowking|Chilly Reception|p2a: Slowking
|-weather|Snowscape
|
|t:|1779906941
|switch|p2a: Kyurem|Kyurem|100/100|[from] Chilly Reception
|-ability|p2a: Kyurem|Pressure
|
|-weather|Snowscape|[upkeep]
|upkeep
|turn|4
|
|t:|1779906943
|move|p2a: Kyurem|Blizzard|p1a: Skeledirge
|-resisted|p1a: Skeledirge
|-end|p1a: Skeledirge|Substitute
|move|p1a: Skeledirge|Torch Song|p2a: Kyurem
|-damage|p2a: Kyurem|30/100
|-boost|p1a: Skeledirge|spa|1
|
|-weather|Snowscape|[upkeep]
|-end|p1a: Skeledirge|move: Future Sight
|-damage|p1a: Skeledirge|31/100
|upkeep
|turn|5
|
|t:|1779906950
|move|p2a: Kyurem|Blizzard|p1a: Skeledirge
|-resisted|p1a: Skeledirge
|-damage|p1a: Skeledirge|0 fnt
|faint|p1a: Skeledirge
|
|-weather|Snowscape|[upkeep]
|upkeep
|
|t:|1779906951
|switch|p1a: Cinderace|Cinderace, F|100/100
|turn|6
|
|t:|1779906958
|switch|p2a: Zapdos|Zapdos|100/100
|move|p1a: Cinderace|Pyro Ball|p2a: Zapdos
|-damage|p2a: Zapdos|44/100
|
|-weather|Snowscape|[upkeep]
|upkeep
|turn|7
|
|t:|1779906968
|switch|p2a: Cinderace|Cinderace, M|100/100
|move|p1a: Cinderace|Pyro Ball|p2a: Cinderace
|-resisted|p2a: Cinderace
|-damage|p2a: Cinderace|55/100
|
|-weather|none
|upkeep
|turn|8
|inactive|Omari P has 120 seconds left.
|
|t:|1779907010
|move|p2a: Cinderace|Pyro Ball|p1a: Cinderace
|-resisted|p1a: Cinderace
|-damage|p1a: Cinderace|64/100
|move|p1a: Cinderace|Pyro Ball|p2a: Cinderace
|-resisted|p2a: Cinderace
|-damage|p2a: Cinderace|9/100
|
|upkeep
|turn|9
|
|t:|1779907014
|move|p1a: Cinderace|Sucker Punch|p2a: Cinderace
|-start|p1a: Cinderace|typechange|Dark|[from] ability: Libero
|-damage|p2a: Cinderace|0 fnt
|faint|p2a: Cinderace
|
|upkeep
|
|t:|1779907019
|switch|p2a: Great Tusk|Great Tusk|100/100
|turn|10
|inactive|Omari P has 120 seconds left.
|inactive|Omari P has 90 seconds left.
|inactive|Omari P has 60 seconds left.
|
|t:|1779907096
|switch|p1a: Omari P Bird|Mandibuzz, F, shiny|100/100
|move|p2a: Great Tusk|Rapid Spin|p1a: Omari P Bird
|-damage|p1a: Omari P Bird|90/100
|-boost|p2a: Great Tusk|spe|1
|-damage|p2a: Great Tusk|84/100|[from] item: Rocky Helmet|[of] p1a: Omari P Bird
|
|-heal|p2a: Great Tusk|90/100|[from] item: Leftovers
|upkeep
|turn|11
|
|t:|1779907103
|-end|p2a: Great Tusk|Protosynthesis|[silent]
|switch|p2a: Slowking|Slowking-Galar, M|78/100
|move|p1a: Omari P Bird|Toxic|p2a: Slowking|[miss]
|-miss|p1a: Omari P Bird|p2a: Slowking
|
|upkeep
|turn|12
|inactive|Omari P has 60 seconds left.
|
|t:|1779907125
|switch|p1a: Gallade|Gallade, M|100/100
|move|p2a: Slowking|Sludge Bomb|p1a: Gallade
|-damage|p1a: Gallade|65/100
|
|upkeep
|turn|13
|
|t:|1779907135
|move|p1a: Gallade|Psycho Cut|p2a: Slowking
|-damage|p2a: Slowking|6/100
|-prepare|p2a: Slowking|Chilly Reception|[premajor]
|move|p2a: Slowking|Chilly Reception|p2a: Slowking
|-weather|Snowscape
|
|t:|1779907139
|switch|p2a: Kyurem|Kyurem|30/100|[from] Chilly Reception
|-ability|p2a: Kyurem|Pressure
|
|-weather|Snowscape|[upkeep]
|upkeep
|turn|14
|
|t:|1779907141
|move|p2a: Kyurem|Blizzard|p1a: Gallade
|-damage|p1a: Gallade|0 fnt
|faint|p1a: Gallade
|
|-weather|Snowscape|[upkeep]
|upkeep
|
|t:|1779907144
|switch|p1a: Cinderace|Cinderace, F|64/100
|turn|15
|
|t:|1779907147
|move|p1a: Cinderace|Pyro Ball|p2a: Kyurem
|-damage|p2a: Kyurem|0 fnt
|faint|p2a: Kyurem
|
|-weather|Snowscape|[upkeep]
|upkeep
|j| yuureisuisei
|
|t:|1779907150
|switch|p2a: Great Tusk|Great Tusk|90/100
|turn|16
|
|t:|1779907158
|move|p1a: Cinderace|Pyro Ball|p2a: Great Tusk
|-damage|p2a: Great Tusk|36/100
|move|p2a: Great Tusk|Ice Spinner|p1a: Cinderace
|-resisted|p1a: Cinderace
|-damage|p1a: Cinderace|45/100
|
|-weather|Snowscape|[upkeep]
|-heal|p2a: Great Tusk|43/100|[from] item: Leftovers
|upkeep
|turn|17
|
|t:|1779907164
|move|p1a: Cinderace|Pyro Ball|p2a: Great Tusk
|-damage|p2a: Great Tusk|0 fnt
|faint|p2a: Great Tusk
|-end|p2a: Great Tusk|Protosynthesis|[silent]
|
|-weather|none
|upkeep
|
|t:|1779907170
|switch|p2a: Kingambit|Kingambit, M|100/100
|-activate|p2a: Kingambit|ability: Supreme Overlord
|-start|p2a: Kingambit|fallen3|[silent]
|turn|18
|inactive|Omari P has 120 seconds left.
|
|t:|1779907189
|switch|p1a: Omari P Bird|Mandibuzz, F, shiny|90/100
|move|p2a: Kingambit|Sucker Punch||[still]
|-fail|p2a: Kingambit
|
|upkeep
|turn|19
|
|t:|1779907193
|-end|p2a: Kingambit|fallen3|[silent]
|switch|p2a: Slowking|Slowking-Galar, M|39/100
|move|p1a: Omari P Bird|Foul Play|p2a: Slowking
|-supereffective|p2a: Slowking
|-enditem|p2a: Slowking|Colbur Berry|[eat]
|-enditem|p2a: Slowking|Colbur Berry|[weaken]
|-damage|p2a: Slowking|21/100
|
|upkeep
|turn|20
|
|t:|1779907196
|switch|p1a: Cinderace|Cinderace, F|45/100
|switch|p2a: Zapdos|Zapdos|44/100
|
|upkeep
|turn|21
|
|t:|1779907200
|move|p1a: Cinderace|Pyro Ball|p2a: Zapdos
|-damage|p2a: Zapdos|0 fnt
|faint|p2a: Zapdos
|
|upkeep
|
|t:|1779907204
|switch|p2a: Kingambit|Kingambit, M|100/100
|-activate|p2a: Kingambit|ability: Supreme Overlord
|-start|p2a: Kingambit|fallen4|[silent]
|turn|22
|
|t:|1779907210
|move|p2a: Kingambit|Sucker Punch|p1a: Cinderace
|-damage|p1a: Cinderace|0 fnt
|faint|p1a: Cinderace
|
|upkeep
|
|t:|1779907213
|switch|p1a: Omari P Bird|Mandibuzz, F, shiny|90/100
|turn|23
|
|t:|1779907219
|-end|p2a: Kingambit|fallen4|[silent]
|switch|p2a: Slowking|Slowking-Galar, M|54/100
|move|p1a: Omari P Bird|Foul Play|p2a: Slowking
|-supereffective|p2a: Slowking
|-damage|p2a: Slowking|15/100
|
|upkeep
|turn|24
|
|t:|1779907222
|switch|p2a: Kingambit|Kingambit, M|100/100
|-activate|p2a: Kingambit|ability: Supreme Overlord
|-start|p2a: Kingambit|fallen4|[silent]
|move|p1a: Omari P Bird|Foul Play|p2a: Kingambit
|-resisted|p2a: Kingambit
|-damage|p2a: Kingambit|80/100
|
|-heal|p2a: Kingambit|86/100|[from] item: Leftovers
|upkeep
|turn|25
|
|t:|1779907226
|-end|p2a: Kingambit|fallen4|[silent]
|switch|p2a: Slowking|Slowking-Galar, M|48/100
|move|p1a: Omari P Bird|Foul Play|p2a: Slowking
|-supereffective|p2a: Slowking
|-damage|p2a: Slowking|9/100
|
|upkeep
|turn|26
|
|t:|1779907229
|move|p1a: Omari P Bird|Foul Play|p2a: Slowking
|-supereffective|p2a: Slowking
|-crit|p2a: Slowking
|-damage|p2a: Slowking|0 fnt
|faint|p2a: Slowking
|
|upkeep
|
|t:|1779907231
|switch|p2a: Kingambit|Kingambit, M|86/100
|-activate|p2a: Kingambit|ability: Supreme Overlord
|-start|p2a: Kingambit|fallen5|[silent]
|turn|27
|
|t:|1779907233
|move|p1a: Omari P Bird|Foul Play|p2a: Kingambit
|-resisted|p2a: Kingambit
|-damage|p2a: Kingambit|66/100
|move|p2a: Kingambit|Swords Dance|p2a: Kingambit
|-boost|p2a: Kingambit|atk|2
|
|-heal|p2a: Kingambit|72/100|[from] item: Leftovers
|upkeep
|turn|28
|
|t:|1779907236
|move|p1a: Omari P Bird|Foul Play|p2a: Kingambit
|-resisted|p2a: Kingambit
|-damage|p2a: Kingambit|27/100
|move|p2a: Kingambit|Iron Head|p1a: Omari P Bird
|-damage|p1a: Omari P Bird|10/100
|-damage|p2a: Kingambit|10/100|[from] item: Rocky Helmet|[of] p1a: Omari P Bird
|
|-heal|p2a: Kingambit|16/100|[from] item: Leftovers
|upkeep
|turn|29
|
|t:|1779907248
|move|p1a: Omari P Bird|Foul Play|p2a: Kingambit
|-resisted|p2a: Kingambit
|-damage|p2a: Kingambit|0 fnt
|faint|p2a: Kingambit
|-end|p2a: Kingambit|fallen5|[silent]
|
|win|Omari P
|raw|Omari P's rating: 1538 &rarr; <strong>1565</strong><br />(+27 for winning)
|raw|Oweiner95's rating: 1662 &rarr; <strong>1635</strong><br />(-27 for losing)
|l|☆Oweiner95
|player|p2|
|l| yuureisuisei
|l| 1Slyver2_
