|j|☆randomefre
|j|☆Chooir
|t:|1779844777
|gametype|singles
|player|p1|randomefre|dawn|1117
|player|p2|Chooir|bruno|1148
|gen|9
|tier|[Gen 9] OU
|rated|
|rule|HP Percentage Mod: HP is shown in percentages
|rule|Endless Battle Clause: Forcing endless battles is banned
|rule|Species Clause: Limit one of each Pokémon
|rule|OHKO Clause: OHKO moves are banned
|rule|Evasion Items Clause: Evasion items are banned
|rule|Evasion Moves Clause: Evasion moves are banned
|rule|Evasion Abilities Clause: Evasion abilities are banned
|rule|Sleep Moves Clause: Sleep-inducing moves are banned
|clearpoke
|poke|p1|Polteageist-Antique|
|poke|p1|Heatran, F|
|poke|p1|Sinistcha-Masterpiece|
|poke|p1|Skeledirge, F|
|poke|p1|Meowscarada, M|
|poke|p1|Cinderace, F|
|poke|p2|Dragonite, F|
|poke|p2|Great Tusk|
|poke|p2|Deoxys-Speed|
|poke|p2|Gholdengo|
|poke|p2|Zamazenta-*|
|poke|p2|Iron Valiant|
|teampreview
|inactive|Battle timer is ON: inactive players will automatically lose when time's up. (requested by Chooir)
|inactive|randomefre also wants the timer to be on.
|
|t:|1779844782
|teamsize|p1|6
|teamsize|p2|6
|start
|switch|p1a: Meowscarada|Meowscarada, M|100/100
|switch|p2a: Deoxys|Deoxys-Speed|100/100
|-ability|p2a: Deoxys|Pressure
|turn|1
|
|t:|1779844790
|switch|p2a: Zamazenta|Zamazenta|100/100
|-ability|p2a: Zamazenta|Dauntless Shield|boost
|-boost|p2a: Zamazenta|def|1
|move|p1a: Meowscarada|Knock Off|p2a: Zamazenta
|-start|p1a: Meowscarada|typechange|Dark|[from] ability: Protean
|-resisted|p2a: Zamazenta
|-damage|p2a: Zamazenta|80/100
|-enditem|p2a: Zamazenta|Life Orb|[from] move: Knock Off|[of] p1a: Meowscarada
|
|upkeep
|turn|2
|
|t:|1779844801
|switch|p1a: Skeledirge|Skeledirge, F|100/100
|move|p2a: Zamazenta|Crunch|p1a: Skeledirge
|-supereffective|p1a: Skeledirge
|-damage|p1a: Skeledirge|56/100
|
|-heal|p1a: Skeledirge|62/100|[from] item: Leftovers
|upkeep
|turn|3
|
|t:|1779844815
|-terastallize|p1a: Skeledirge|Fairy
|move|p2a: Zamazenta|Crunch|p1a: Skeledirge
|-resisted|p1a: Skeledirge
|-crit|p1a: Skeledirge
|-damage|p1a: Skeledirge|43/100
|move|p1a: Skeledirge|Torch Song|p2a: Zamazenta
|-damage|p2a: Zamazenta|52/100
|-boost|p1a: Skeledirge|spa|1
|
|-heal|p1a: Skeledirge|49/100|[from] item: Leftovers
|upkeep
|turn|4
|
|t:|1779844844
|move|p2a: Zamazenta|Heavy Slam|p1a: Skeledirge
|-supereffective|p1a: Skeledirge
|-damage|p1a: Skeledirge|25/100
|move|p1a: Skeledirge|Slack Off|p1a: Skeledirge
|-heal|p1a: Skeledirge|75/100
|
|-heal|p1a: Skeledirge|81/100|[from] item: Leftovers
|upkeep
|turn|5
|
|t:|1779844855
|move|p2a: Zamazenta|Crunch|p1a: Skeledirge
|-resisted|p1a: Skeledirge
|-damage|p1a: Skeledirge|70/100
|move|p1a: Skeledirge|Torch Song|p2a: Zamazenta
|-damage|p2a: Zamazenta|10/100
|-boost|p1a: Skeledirge|spa|1
|
|-heal|p1a: Skeledirge|76/100|[from] item: Leftovers
|upkeep
|turn|6
|
|t:|1779844866
|move|p2a: Zamazenta|Crunch|p1a: Skeledirge
|-resisted|p1a: Skeledirge
|-damage|p1a: Skeledirge|65/100
|move|p1a: Skeledirge|Torch Song|p2a: Zamazenta
|-damage|p2a: Zamazenta|0 fnt
|-boost|p1a: Skeledirge|spa|1
|faint|p2a: Zamazenta
|
|-heal|p1a: Skeledirge|71/100|[from] item: Leftovers
|upkeep
|inactive|Chooir has 120 seconds left.
|
|t:|1779844889
|switch|p2a: Dragonite|Dragonite, F|100/100
|turn|7
|inactive|Chooir has 120 seconds left.
|
|t:|1779844900
|-terastallize|p2a: Dragonite|Fire
|move|p2a: Dragonite|Fire Punch|p1a: Skeledirge
|-damage|p1a: Skeledirge|21/100
|-damage|p2a: Dragonite|91/100|[from] item: Life Orb
|move|p1a: Skeledirge|Torch Song|p2a: Dragonite
|-resisted|p2a: Dragonite
|-damage|p2a: Dragonite|51/100
|-boost|p1a: Skeledirge|spa|1
|
|-heal|p1a: Skeledirge|27/100|[from] item: Leftovers
|upkeep
|turn|8
|
|t:|1779844913
|move|p2a: Dragonite|Extreme Speed|p1a: Skeledirge
|-damage|p1a: Skeledirge|0 fnt
|faint|p1a: Skeledirge
|-damage|p2a: Dragonite|41/100|[from] item: Life Orb
|
|upkeep
|
|t:|1779844935
|switch|p1a: Heatran|Heatran, F|100/100
|turn|9
|inactive|Chooir has 120 seconds left.
|
|t:|1779844956
|move|p2a: Dragonite|Dragon Claw|p1a: Heatran
|-resisted|p1a: Heatran
|-damage|p1a: Heatran|75/100
|-damage|p2a: Dragonite|31/100|[from] item: Life Orb
|move|p1a: Heatran|Earth Power|p2a: Dragonite
|-supereffective|p2a: Dragonite
|-damage|p2a: Dragonite|0 fnt
|faint|p2a: Dragonite
|
|-heal|p1a: Heatran|81/100|[from] item: Leftovers
|upkeep
|inactive|Chooir has 120 seconds left.
|
|t:|1779844970
|switch|p2a: Great Tusk|Great Tusk|100/100
|-enditem|p2a: Great Tusk|Booster Energy
|-activate|p2a: Great Tusk|ability: Protosynthesis|[fromitem]
|-start|p2a: Great Tusk|protosynthesisspe
|turn|10
|
|t:|1779844977
|switch|p1a: Sinistcha|Sinistcha-Masterpiece|100/100
|move|p2a: Great Tusk|Headlong Rush|p1a: Sinistcha
|-resisted|p1a: Sinistcha
|-damage|p1a: Sinistcha|74/100
|-unboost|p2a: Great Tusk|def|1
|-unboost|p2a: Great Tusk|spd|1
|
|upkeep
|turn|11
|inactive|Chooir has 120 seconds left.
|
|t:|1779844994
|move|p2a: Great Tusk|Bulk Up|p2a: Great Tusk
|-boost|p2a: Great Tusk|atk|1
|-boost|p2a: Great Tusk|def|1
|move|p1a: Sinistcha|Strength Sap|p2a: Great Tusk
|-unboost|p2a: Great Tusk|atk|1
|-heal|p1a: Sinistcha|100/100
|
|upkeep
|turn|12
|
|t:|1779845002
|move|p2a: Great Tusk|Bulk Up|p2a: Great Tusk
|-boost|p2a: Great Tusk|atk|1
|-boost|p2a: Great Tusk|def|1
|move|p1a: Sinistcha|Matcha Gotcha|p2a: Great Tusk|[miss]
|-miss|p1a: Sinistcha|p2a: Great Tusk
|
|upkeep
|turn|13
|
|t:|1779845010
|move|p2a: Great Tusk|Taunt|p1a: Sinistcha
|-start|p1a: Sinistcha|move: Taunt
|move|p1a: Sinistcha|Matcha Gotcha|p2a: Great Tusk
|-supereffective|p2a: Great Tusk
|-damage|p2a: Great Tusk|0 fnt
|faint|p2a: Great Tusk
|-end|p2a: Great Tusk|Protosynthesis|[silent]
|
|upkeep
|
|t:|1779845023
|switch|p2a: Gholdengo|Gholdengo|100/100
|turn|14
|
|t:|1779845026
|move|p2a: Gholdengo|Shadow Ball|p1a: Sinistcha
|-supereffective|p1a: Sinistcha
|-damage|p1a: Sinistcha|5/100
|move|p1a: Sinistcha|Shadow Ball|p2a: Gholdengo
|-supereffective|p2a: Gholdengo
|-damage|p2a: Gholdengo|17/100
|
|upkeep
|turn|15
|-enditem|p2a: Gholdengo|Custap Berry|[eat]
|-activate|p2a: Gholdengo|item: Custap Berry|[consumed]
|
|t:|1779845034
|move|p2a: Gholdengo|Shadow Ball|p1a: Sinistcha
|-supereffective|p1a: Sinistcha
|-damage|p1a: Sinistcha|0 fnt
|faint|p1a: Sinistcha
|
|upkeep
|
|t:|1779845042
|switch|p1a: Cinderace|Cinderace, F|100/100
|turn|16
|
|t:|1779845051
|move|p1a: Cinderace|Pyro Ball|p2a: Gholdengo
|-supereffective|p2a: Gholdengo
|-damage|p2a: Gholdengo|0 fnt
|faint|p2a: Gholdengo
|
|upkeep
|
|t:|1779845052
|switch|p2a: Iron Valiant|Iron Valiant|100/100
|-enditem|p2a: Iron Valiant|Booster Energy
|-activate|p2a: Iron Valiant|ability: Quark Drive|[fromitem]
|-start|p2a: Iron Valiant|quarkdrivespe
|turn|17
|
|t:|1779845061
|move|p2a: Iron Valiant|Knock Off|p1a: Cinderace
|-damage|p1a: Cinderace|59/100
|-enditem|p1a: Cinderace|Heavy-Duty Boots|[from] move: Knock Off|[of] p2a: Iron Valiant
|move|p1a: Cinderace|Gunk Shot|p2a: Iron Valiant
|-start|p1a: Cinderace|typechange|Poison|[from] ability: Libero
|-supereffective|p2a: Iron Valiant
|-damage|p2a: Iron Valiant|0 fnt
|faint|p2a: Iron Valiant
|-end|p2a: Iron Valiant|Quark Drive|[silent]
|
|upkeep
|
|t:|1779845069
|switch|p2a: Deoxys|Deoxys-Speed|100/100
|-ability|p2a: Deoxys|Pressure
|turn|18
|-message|Chooir forfeited.
|
|win|randomefre
|raw|randomefre's rating: 1117 &rarr; <strong>1144</strong><br />(+27 for winning)
|raw|Chooir's rating: 1148 &rarr; <strong>1121</strong><br />(-27 for losing)
|l|☆Chooir
|player|p2|
