|j|☆ROLFI03
|j|☆stone douchebag
|t:|1779920946
|gametype|singles
|player|p1|ROLFI03|265|1333
|player|p2|stone douchebag|265|1360
|gen|9
|tier|[Gen 9] OU
|rated|
|rule|HP Percentage Mod: HP is shown in percentages
|rule|Endless Battle Clause: Forcing endless battles is banned
|rule|Species Clause: Limit one of each Pokémon
|rule|OHKO Clause: OHKO moves are banned
|rule|Evasion Items Clause: Evasion items are banned
|rule|Evasion Moves Clause: Evasion moves are banned
|rule|Evasion Abilities Clause: Evasion abilities are banned
|rule|Sleep Moves Clause: Sleep-inducing moves are banned
|clearpoke
|poke|p1|Regieleki|
|poke|p1|Porygon2|
|poke|p1|Iron Hands|
|poke|p1|Keldeo-Resolute|
|poke|p1|Corviknight, M|
|poke|p1|Chansey, F|
|poke|p2|Dondozo, M|
|poke|p2|Skarmory, M|
|poke|p2|Vileplume, M|
|poke|p2|Gliscor, M|
|poke|p2|Blissey, F|
|poke|p2|Clefable, M|
|teampreview
|c|☆ROLFI03|Omfg stall team
|
|t:|1779920972
|teamsize|p1|6
|teamsize|p2|6
|start
|switch|p1a: Porygon2|Porygon2|100/100
|switch|p2a: Blissey?|Clefable, M|100/100
|turn|1
|
|t:|1779920977
|move|p1a: Porygon2|Tri Attack|p2a: Blissey?
|-damage|p2a: Blissey?|76/100
|-status|p2a: Blissey?|par
|move|p2a: Blissey?|Stealth Rock|p1a: Porygon2
|-sidestart|p1: ROLFI03|move: Stealth Rock
|
|-heal|p2a: Blissey?|82/100 par|[from] item: Leftovers
|upkeep
|turn|2
|
|t:|1779920985
|move|p1a: Porygon2|Tri Attack|p2a: Blissey?
|-damage|p2a: Blissey?|56/100 par
|cant|p2a: Blissey?|par
|
|-heal|p2a: Blissey?|62/100 par|[from] item: Leftovers
|upkeep
|turn|3
|
|t:|1779920998
|move|p1a: Porygon2|Tri Attack|p2a: Blissey?
|-damage|p2a: Blissey?|33/100 par
|cant|p2a: Blissey?|par
|
|-heal|p2a: Blissey?|39/100 par|[from] item: Leftovers
|upkeep
|turn|4
|
|t:|1779921015
|move|p1a: Porygon2|Tri Attack|p2a: Blissey?
|-damage|p2a: Blissey?|14/100 par
|move|p2a: Blissey?|Moonlight|p2a: Blissey?
|-heal|p2a: Blissey?|64/100 par
|
|-heal|p2a: Blissey?|70/100 par|[from] item: Leftovers
|upkeep
|turn|5
|
|t:|1779921032
|move|p1a: Porygon2|Shadow Ball|p2a: Blissey?
|-damage|p2a: Blissey?|51/100 par
|-unboost|p2a: Blissey?|spd|1
|move|p2a: Blissey?|Knock Off|p1a: Porygon2
|-damage|p1a: Porygon2|90/100
|-enditem|p1a: Porygon2|Eviolite|[from] move: Knock Off|[of] p2a: Blissey?
|
|-heal|p2a: Blissey?|57/100 par|[from] item: Leftovers
|upkeep
|turn|6
|
|t:|1779921040
|switch|p2a: Clefable?|Blissey, F|100/100
|move|p1a: Porygon2|Shadow Ball|p2a: Clefable?
|-immune|p2a: Clefable?
|
|upkeep
|turn|7
|
|t:|1779921045
|switch|p1a: Corviknight|Corviknight, M|100/100
|-damage|p1a: Corviknight|88/100|[from] Stealth Rock
|move|p2a: Clefable?|Seismic Toss|p1a: Corviknight
|-damage|p1a: Corviknight|63/100
|
|-heal|p1a: Corviknight|69/100|[from] item: Leftovers
|upkeep
|turn|8
|
|t:|1779921058
|switch|p2a: Amoongus?|Vileplume, M|100/100
|move|p1a: Corviknight|Defog|p2a: Amoongus?
|-unboost|p2a: Amoongus?|evasion|1
|-sideend|p1: ROLFI03|Stealth Rock|[from] move: Defog|[of] p1a: Corviknight
|
|-heal|p1a: Corviknight|75/100|[from] item: Leftovers
|upkeep
|turn|9
|
|t:|1779921069
|switch|p1a: Porygon2|Porygon2|90/100
|move|p2a: Amoongus?|Leech Seed|p1a: Porygon2
|-start|p1a: Porygon2|move: Leech Seed
|
|-damage|p1a: Porygon2|78/100|[from] Leech Seed|[of] p2a: Amoongus?
|upkeep
|turn|10
|
|t:|1779921082
|switch|p2a: Blissey?|Clefable, M|57/100 par
|move|p1a: Porygon2|Ice Beam|p2a: Blissey?
|-damage|p2a: Blissey?|29/100 par
|
|-heal|p2a: Blissey?|35/100 par|[from] item: Leftovers
|-damage|p1a: Porygon2|65/100|[from] Leech Seed|[of] p2a: Blissey?
|-heal|p2a: Blissey?|47/100 par|[silent]
|upkeep
|turn|11
|
|t:|1779921086
|switch|p1a: Keldeo|Keldeo-Resolute|100/100
|move|p2a: Blissey?|Moonlight|p2a: Blissey?
|-heal|p2a: Blissey?|97/100 par
|
|-heal|p2a: Blissey?|100/100 par|[from] item: Leftovers
|upkeep
|turn|12
|
|t:|1779921091
|move|p1a: Keldeo|Substitute|p1a: Keldeo
|-start|p1a: Keldeo|Substitute
|-damage|p1a: Keldeo|75/100
|move|p2a: Blissey?|Moonblast|p1a: Keldeo
|-supereffective|p1a: Keldeo
|-end|p1a: Keldeo|Substitute
|
|-heal|p1a: Keldeo|82/100|[from] item: Leftovers
|upkeep
|turn|13
|
|t:|1779921104
|switch|p2a: Amoongus?|Vileplume, M|100/100
|-terastallize|p1a: Keldeo|Water
|move|p1a: Keldeo|Calm Mind|p1a: Keldeo
|-boost|p1a: Keldeo|spa|1
|-boost|p1a: Keldeo|spd|1
|
|-heal|p1a: Keldeo|88/100|[from] item: Leftovers
|upkeep
|turn|14
|
|t:|1779921107
|move|p1a: Keldeo|Substitute|p1a: Keldeo
|-start|p1a: Keldeo|Substitute
|-damage|p1a: Keldeo|63/100
|move|p2a: Amoongus?|Toxic||[still]
|-fail|p2a: Amoongus?
|
|-heal|p1a: Keldeo|69/100|[from] item: Leftovers
|upkeep
|turn|15
|
|t:|1779921110
|move|p1a: Keldeo|Calm Mind|p1a: Keldeo
|-boost|p1a: Keldeo|spa|1
|-boost|p1a: Keldeo|spd|1
|move|p2a: Amoongus?|Sludge Bomb|p1a: Keldeo
|-activate|p1a: Keldeo|move: Substitute|[damage]
|
|-heal|p1a: Keldeo|75/100|[from] item: Leftovers
|upkeep
|turn|16
|
|t:|1779921113
|move|p1a: Keldeo|Calm Mind|p1a: Keldeo
|-boost|p1a: Keldeo|spa|1
|-boost|p1a: Keldeo|spd|1
|move|p2a: Amoongus?|Sludge Bomb|p1a: Keldeo
|-end|p1a: Keldeo|Substitute
|
|-heal|p1a: Keldeo|81/100|[from] item: Leftovers
|upkeep
|turn|17
|
|t:|1779921122
|move|p1a: Keldeo|Substitute|p1a: Keldeo
|-start|p1a: Keldeo|Substitute
|-damage|p1a: Keldeo|56/100
|move|p2a: Amoongus?|Leech Seed||[still]
|-fail|p2a: Amoongus?
|
|-heal|p1a: Keldeo|63/100|[from] item: Leftovers
|upkeep
|turn|18
|
|t:|1779921127
|switch|p2a: Quagsire?|Dondozo, M|100/100
|move|p1a: Keldeo|Calm Mind|p1a: Keldeo
|-boost|p1a: Keldeo|spa|1
|-boost|p1a: Keldeo|spd|1
|
|-heal|p1a: Keldeo|69/100|[from] item: Leftovers
|upkeep
|turn|19
|
|t:|1779921130
|move|p1a: Keldeo|Secret Sword|p2a: Quagsire?
|-damage|p2a: Quagsire?|80/100
|move|p2a: Quagsire?|Curse|p2a: Quagsire?
|-unboost|p2a: Quagsire?|spe|1
|-boost|p2a: Quagsire?|atk|1
|-boost|p2a: Quagsire?|def|1
|
|-heal|p1a: Keldeo|75/100|[from] item: Leftovers
|upkeep
|turn|20
|
|t:|1779921136
|move|p1a: Keldeo|Secret Sword|p2a: Quagsire?
|-damage|p2a: Quagsire?|66/100
|move|p2a: Quagsire?|Curse|p2a: Quagsire?
|-unboost|p2a: Quagsire?|spe|1
|-boost|p2a: Quagsire?|atk|1
|-boost|p2a: Quagsire?|def|1
|
|-heal|p1a: Keldeo|81/100|[from] item: Leftovers
|upkeep
|turn|21
|inactive|Battle timer is ON: inactive players will automatically lose when time's up. (requested by ROLFI03)
|
|t:|1779921145
|move|p1a: Keldeo|Secret Sword|p2a: Quagsire?
|-damage|p2a: Quagsire?|56/100
|move|p2a: Quagsire?|Curse|p2a: Quagsire?
|-unboost|p2a: Quagsire?|spe|1
|-boost|p2a: Quagsire?|atk|1
|-boost|p2a: Quagsire?|def|1
|
|-heal|p1a: Keldeo|87/100|[from] item: Leftovers
|upkeep
|turn|22
|
|t:|1779921150
|move|p1a: Keldeo|Secret Sword|p2a: Quagsire?
|-damage|p2a: Quagsire?|48/100
|move|p2a: Quagsire?|Rest|p2a: Quagsire?
|-status|p2a: Quagsire?|slp|[from] move: Rest
|-heal|p2a: Quagsire?|100/100 slp|[silent]
|
|-heal|p1a: Keldeo|93/100|[from] item: Leftovers
|upkeep
|turn|23
|
|t:|1779921158
|switch|p1a: Porygon2|Porygon2|65/100
|cant|p2a: Quagsire?|slp
|move|p2a: Quagsire?|Sleep Talk|p2a: Quagsire?
|move|p2a: Quagsire?|Curse|p2a: Quagsire?|[from] move: Sleep Talk
|-unboost|p2a: Quagsire?|spe|1
|-boost|p2a: Quagsire?|atk|1
|-boost|p2a: Quagsire?|def|1
|
|upkeep
|turn|24
|
|t:|1779921164
|move|p1a: Porygon2|Tri Attack|p2a: Quagsire?
|-damage|p2a: Quagsire?|65/100 slp
|cant|p2a: Quagsire?|slp
|move|p2a: Quagsire?|Sleep Talk|p2a: Quagsire?
|move|p2a: Quagsire?|Liquidation|p1a: Porygon2|[from] move: Sleep Talk
|-damage|p1a: Porygon2|0 fnt
|faint|p1a: Porygon2
|
|upkeep
|
|t:|1779921179
|switch|p1a: Corviknight|Corviknight, M|75/100
|turn|25
|
|t:|1779921183
|move|p1a: Corviknight|Iron Defense|p1a: Corviknight
|-boost|p1a: Corviknight|def|2
|-curestatus|p2a: Quagsire?|slp|[msg]
|move|p2a: Quagsire?|Liquidation|p1a: Corviknight
|-damage|p1a: Corviknight|20/100
|
|-heal|p1a: Corviknight|26/100|[from] item: Leftovers
|upkeep
|turn|26
|
|t:|1779921189
|move|p1a: Corviknight|Roost|p1a: Corviknight
|-heal|p1a: Corviknight|76/100
|-singleturn|p1a: Corviknight|move: Roost
|move|p2a: Quagsire?|Liquidation|p1a: Corviknight
|-damage|p1a: Corviknight|23/100
|
|-heal|p1a: Corviknight|30/100|[from] item: Leftovers
|upkeep
|turn|27
|-message|ROLFI03 forfeited.
|
|win|stone douchebag
|raw|ROLFI03's rating: 1353 &rarr; <strong>1333</strong><br />(-20 for losing)
|raw|stone douchebag's rating: 1360 &rarr; <strong>1380</strong><br />(+20 for winning)
|l|☆ROLFI03
|player|p1|
|l|☆stone douchebag
|player|p2|
