|j|☆apppl8816
|j|☆spicychickenman
|t:|1779866404
|gametype|singles
|player|p1|apppl8816|cynthia-gen4|1384
|player|p2|spicychickenman|veteran|1419
|gen|9
|tier|[Gen 9] OU
|rated|
|rule|HP Percentage Mod: HP is shown in percentages
|rule|Endless Battle Clause: Forcing endless battles is banned
|rule|Species Clause: Limit one of each Pokémon
|rule|OHKO Clause: OHKO moves are banned
|rule|Evasion Items Clause: Evasion items are banned
|rule|Evasion Moves Clause: Evasion moves are banned
|rule|Evasion Abilities Clause: Evasion abilities are banned
|rule|Sleep Moves Clause: Sleep-inducing moves are banned
|clearpoke
|poke|p1|Hydrapple, F|
|poke|p1|Slowking, F|
|poke|p1|Great Tusk|
|poke|p1|Moltres|
|poke|p1|Zamazenta-*|
|poke|p1|Kingambit, F|
|poke|p2|Deoxys-Speed|
|poke|p2|Iron Valiant|
|poke|p2|Kingambit, F|
|poke|p2|Ceruledge, F|
|poke|p2|Dragonite, F|
|poke|p2|Raging Bolt|
|teampreview
|inactive|Battle timer is ON: inactive players will automatically lose when time's up. (requested by apppl8816)
|
|t:|1779866436
|teamsize|p1|6
|teamsize|p2|6
|start
|switch|p1a: Kingambit|Kingambit, F|100/100
|switch|p2a: METROOO|Deoxys-Speed|100/100
|-ability|p2a: METROOO|Pressure
|turn|1
|inactive|spicychickenman has 120 seconds left.
|
|t:|1779866473
|switch|p2a: BIG STEPPA|Dragonite, F|100/100
|move|p1a: Kingambit|Swords Dance|p1a: Kingambit
|-boost|p1a: Kingambit|atk|2
|
|upkeep
|turn|2
|inactive|spicychickenman has 120 seconds left.
|
|t:|1779866483
|move|p2a: BIG STEPPA|Earthquake|p1a: Kingambit
|-supereffective|p1a: Kingambit
|-damage|p1a: Kingambit|40/100
|move|p1a: Kingambit|Kowtow Cleave|p2a: BIG STEPPA
|-damage|p2a: BIG STEPPA|45/100
|
|-heal|p1a: Kingambit|46/100|[from] item: Leftovers
|upkeep
|turn|3
|inactive|spicychickenman has 120 seconds left.
|
|t:|1779866509
|move|p1a: Kingambit|Sucker Punch||[still]
|-fail|p1a: Kingambit
|move|p2a: BIG STEPPA|Encore|p1a: Kingambit
|-start|p1a: Kingambit|Encore
|
|-heal|p1a: Kingambit|52/100|[from] item: Leftovers
|upkeep
|turn|4
|
|t:|1779866517
|move|p2a: BIG STEPPA|Extreme Speed|p1a: Kingambit
|-resisted|p1a: Kingambit
|-damage|p1a: Kingambit|41/100
|move|p1a: Kingambit|Sucker Punch||[still]
|-fail|p1a: Kingambit
|
|-heal|p1a: Kingambit|48/100|[from] item: Leftovers
|upkeep
|turn|5
|
|t:|1779866532
|-end|p1a: Kingambit|fallenundefined|[silent]
|switch|p1a: Moltres|Moltres|100/100
|move|p2a: BIG STEPPA|Dragon Dance|p2a: BIG STEPPA
|-boost|p2a: BIG STEPPA|atk|1
|-boost|p2a: BIG STEPPA|spe|1
|
|upkeep
|turn|6
|
|t:|1779866550
|switch|p2a: SHIESTY|Ceruledge, F|100/100
|move|p1a: Moltres|Roar|p2a: SHIESTY
|drag|p2a: CATCH A FADE|Raging Bolt|100/100
|-enditem|p2a: CATCH A FADE|Booster Energy
|-activate|p2a: CATCH A FADE|ability: Protosynthesis|[fromitem]
|-start|p2a: CATCH A FADE|protosynthesisspa
|
|upkeep
|turn|7
|
|t:|1779866562
|switch|p1a: Great Tusk|Great Tusk|100/100
|move|p2a: CATCH A FADE|Dragon Pulse|p1a: Great Tusk
|-damage|p1a: Great Tusk|13/100
|
|upkeep
|turn|8
|
|t:|1779866575
|-end|p2a: CATCH A FADE|Protosynthesis|[silent]
|switch|p2a: BIG STEPPA|Dragonite, F|45/100
|move|p1a: Great Tusk|Stealth Rock|p2a: BIG STEPPA
|-sidestart|p2: spicychickenman|move: Stealth Rock
|
|upkeep
|turn|9
|
|t:|1779866584
|-end|p1a: Great Tusk|Protosynthesis|[silent]
|switch|p1a: Moltres|Moltres|100/100
|switch|p2a: METROOO|Deoxys-Speed|100/100
|-damage|p2a: METROOO|88/100|[from] Stealth Rock
|-ability|p2a: METROOO|Pressure
|
|upkeep
|turn|10
|
|t:|1779866594
|move|p2a: METROOO|Stealth Rock|p1a: Moltres
|-sidestart|p1: apppl8816|move: Stealth Rock
|move|p1a: Moltres|Roost||[still]
|-fail|p1a: Moltres|heal
|
|upkeep
|turn|11
|inactive|spicychickenman has 120 seconds left.
|
|t:|1779866600
|move|p2a: METROOO|Taunt|p1a: Moltres
|-start|p1a: Moltres|move: Taunt
|cant|p1a: Moltres|move: Taunt|Roost
|
|upkeep
|turn|12
|inactive|spicychickenman has 120 seconds left.
|
|t:|1779866622
|switch|p2a: SHIESTY|Ceruledge, F|100/100
|-damage|p2a: SHIESTY|76/100|[from] Stealth Rock
|switch|p1a: Great Tusk|Great Tusk|13/100
|
|upkeep
|turn|13
|
|t:|1779866637
|move|p2a: SHIESTY|Shadow Sneak|p1a: Great Tusk
|-damage|p1a: Great Tusk|0 fnt
|faint|p1a: Great Tusk
|-end|p1a: Great Tusk|Protosynthesis|[silent]
|
|upkeep
|
|t:|1779866644
|switch|p1a: Slowking|Slowking, F|100/100
|turn|14
|inactive|spicychickenman has 120 seconds left.
|inactive|spicychickenman has 90 seconds left.
|
|t:|1779866703
|switch|p2a: CATCH A FADE|Raging Bolt|100/100
|-damage|p2a: CATCH A FADE|88/100|[from] Stealth Rock
|move|p1a: Slowking|Thunder Wave|p2a: CATCH A FADE
|-immune|p2a: CATCH A FADE
|
|upkeep
|turn|15
|
|t:|1779866712
|switch|p1a: Hydrapple|Hydrapple, F|100/100
|-damage|p1a: Hydrapple|88/100|[from] Stealth Rock
|move|p2a: CATCH A FADE|Calm Mind|p2a: CATCH A FADE
|-boost|p2a: CATCH A FADE|spa|1
|-boost|p2a: CATCH A FADE|spd|1
|
|upkeep
|turn|16
|
|t:|1779866726
|-terastallize|p1a: Hydrapple|Poison
|move|p2a: CATCH A FADE|Dragon Pulse|p1a: Hydrapple
|-damage|p1a: Hydrapple|11/100
|move|p1a: Hydrapple|Fickle Beam|p2a: CATCH A FADE
|-supereffective|p2a: CATCH A FADE
|-damage|p2a: CATCH A FADE|14/100
|-damage|p1a: Hydrapple|2/100|[from] item: Life Orb
|
|upkeep
|turn|17
|
|t:|1779866738
|move|p2a: CATCH A FADE|Thunderbolt|p1a: Hydrapple
|-damage|p1a: Hydrapple|0 fnt
|faint|p1a: Hydrapple
|
|upkeep
|
|t:|1779866743
|switch|p1a: Kingambit|Kingambit, F|48/100
|-damage|p1a: Kingambit|41/100|[from] Stealth Rock
|-activate|p1a: Kingambit|ability: Supreme Overlord
|-start|p1a: Kingambit|fallen2|[silent]
|turn|18
|inactive|spicychickenman has 90 seconds left.
|
|t:|1779866751
|move|p2a: CATCH A FADE|Thunderclap|p1a: Kingambit
|-crit|p1a: Kingambit
|-damage|p1a: Kingambit|0 fnt
|faint|p1a: Kingambit
|-end|p1a: Kingambit|fallen2|[silent]
|
|upkeep
|
|t:|1779866754
|switch|p1a: Zamazenta|Zamazenta|100/100
|-damage|p1a: Zamazenta|94/100|[from] Stealth Rock
|-ability|p1a: Zamazenta|Dauntless Shield|boost
|-boost|p1a: Zamazenta|def|1
|turn|19
|
|t:|1779866764
|move|p2a: CATCH A FADE|Thunderclap|p1a: Zamazenta
|-damage|p1a: Zamazenta|37/100
|move|p1a: Zamazenta|Close Combat|p2a: CATCH A FADE
|-damage|p2a: CATCH A FADE|0 fnt
|-unboost|p1a: Zamazenta|def|1
|-unboost|p1a: Zamazenta|spd|1
|faint|p2a: CATCH A FADE
|-end|p2a: CATCH A FADE|Protosynthesis|[silent]
|
|upkeep
|inactive|spicychickenman has 90 seconds left.
|
|t:|1779866782
|switch|p2a: METROOO|Deoxys-Speed|88/100
|-damage|p2a: METROOO|76/100|[from] Stealth Rock
|-ability|p2a: METROOO|Pressure
|turn|20
|
|t:|1779866788
|move|p2a: METROOO|Psycho Boost|p1a: Zamazenta
|-supereffective|p1a: Zamazenta
|-damage|p1a: Zamazenta|0 fnt
|-unboost|p2a: METROOO|spa|2
|faint|p1a: Zamazenta
|-enditem|p2a: METROOO|Eject Pack
|inactive|spicychickenman has 90 seconds left.
|
|t:|1779866809
|switch|p2a: BIG STEPPA|Dragonite, F|45/100
|
|upkeep
|
|t:|1779866813
|switch|p1a: Moltres|Moltres|100/100
|turn|21
|inactive|spicychickenman has 90 seconds left.
|
|t:|1779866821
|move|p2a: BIG STEPPA|Dragon Dance|p2a: BIG STEPPA
|-boost|p2a: BIG STEPPA|atk|1
|-boost|p2a: BIG STEPPA|spe|1
|move|p1a: Moltres|Flamethrower|p2a: BIG STEPPA
|-resisted|p2a: BIG STEPPA
|-damage|p2a: BIG STEPPA|27/100
|
|upkeep
|turn|22
|inactive|spicychickenman has 90 seconds left.
|
|t:|1779866835
|move|p2a: BIG STEPPA|Dragon Dance|p2a: BIG STEPPA
|-boost|p2a: BIG STEPPA|atk|1
|-boost|p2a: BIG STEPPA|spe|1
|move|p1a: Moltres|Roar|p2a: BIG STEPPA
|drag|p2a: METROOO|Deoxys-Speed|76/100
|-damage|p2a: METROOO|64/100|[from] Stealth Rock
|-ability|p2a: METROOO|Pressure
|
|upkeep
|turn|23
|
|t:|1779866843
|move|p2a: METROOO|Taunt|p1a: Moltres
|-start|p1a: Moltres|move: Taunt
|move|p1a: Moltres|Flamethrower|p2a: METROOO
|-damage|p2a: METROOO|17/100
|
|upkeep
|turn|24
|
|t:|1779866855
|move|p2a: METROOO|Psycho Boost|p1a: Moltres
|-damage|p1a: Moltres|56/100
|-unboost|p2a: METROOO|spa|2
|move|p1a: Moltres|U-turn|p2a: METROOO
|-supereffective|p2a: METROOO
|-damage|p2a: METROOO|0 fnt
|faint|p2a: METROOO
|
|t:|1779866859
|switch|p1a: Slowking|Slowking, F|100/100|[from] U-turn
|
|upkeep
|
|t:|1779866866
|switch|p2a: SHIESTY|Ceruledge, F|76/100
|-damage|p2a: SHIESTY|51/100|[from] Stealth Rock
|turn|25
|
|t:|1779866882
|move|p2a: SHIESTY|Shadow Sneak|p1a: Slowking
|-supereffective|p1a: Slowking
|-damage|p1a: Slowking|50/100
|move|p1a: Slowking|Scald|p2a: SHIESTY
|-supereffective|p2a: SHIESTY
|-damage|p2a: SHIESTY|0 fnt
|faint|p2a: SHIESTY
|
|upkeep
|
|t:|1779866893
|switch|p2a: CRASH OUT|Iron Valiant|100/100
|-damage|p2a: CRASH OUT|94/100|[from] Stealth Rock
|-enditem|p2a: CRASH OUT|Booster Energy
|-activate|p2a: CRASH OUT|ability: Quark Drive|[fromitem]
|-start|p2a: CRASH OUT|quarkdrivespe
|turn|26
|
|t:|1779866905
|move|p2a: CRASH OUT|Knock Off|p1a: Slowking
|-supereffective|p1a: Slowking
|-damage|p1a: Slowking|0 fnt
|-enditem|p1a: Slowking|Heavy-Duty Boots|[from] move: Knock Off|[of] p2a: CRASH OUT
|faint|p1a: Slowking
|
|upkeep
|
|t:|1779866907
|switch|p1a: Moltres|Moltres|56/100
|turn|27
|
|t:|1779866913
|move|p2a: CRASH OUT|Moonblast|p1a: Moltres
|-resisted|p1a: Moltres
|-damage|p1a: Moltres|34/100
|move|p1a: Moltres|Roost|p1a: Moltres
|-heal|p1a: Moltres|84/100
|-singleturn|p1a: Moltres|move: Roost
|
|upkeep
|turn|28
|
|t:|1779866925
|move|p2a: CRASH OUT|Encore|p1a: Moltres
|-start|p1a: Moltres|Encore
|move|p1a: Moltres|Roost|p1a: Moltres
|-heal|p1a: Moltres|100/100
|-singleturn|p1a: Moltres|move: Roost
|
|upkeep
|turn|29
|inactive|spicychickenman has 120 seconds left.
|
|t:|1779866933
|move|p2a: CRASH OUT|Moonblast|p1a: Moltres
|-resisted|p1a: Moltres
|-damage|p1a: Moltres|79/100
|move|p1a: Moltres|Roost|p1a: Moltres
|-heal|p1a: Moltres|100/100
|-singleturn|p1a: Moltres|move: Roost
|
|upkeep
|turn|30
|l|☆apppl8816
|inactive|apppl8816 disconnected and has a minute to reconnect!
|player|p1|
|inactive|apppl8816 has 30 seconds to reconnect!
|inactive|apppl8816 has 20 seconds to reconnect!
|inactive|apppl8816 has 15 seconds to reconnect!
|inactive|apppl8816 has 10 seconds to reconnect!
|inactive|apppl8816 has 5 seconds to reconnect!
|-message|apppl8816 lost due to inactivity.
|
|win|spicychickenman
|raw|apppl8816's rating: 1384 &rarr; <strong>1366</strong><br />(-18 for losing)
|raw|spicychickenman's rating: 1419 &rarr; <strong>1437</strong><br />(+18 for winning)
|l|☆spicychickenman
|player|p2|
