|j|☆Phasmyx
|j|☆The impimp
|inactive|Battle timer is ON: inactive players will automatically lose when time's up.
|t:|1779824998
|gametype|singles
|player|p1|Phasmyx|archie-gen6|
|player|p2|The impimp|1|
|gen|9
|tier|[Gen 9] OU
|rated|Tournament battle
|rule|HP Percentage Mod: HP is shown in percentages
|rule|Endless Battle Clause: Forcing endless battles is banned
|rule|Species Clause: Limit one of each Pokémon
|rule|OHKO Clause: OHKO moves are banned
|rule|Evasion Items Clause: Evasion items are banned
|rule|Evasion Moves Clause: Evasion moves are banned
|rule|Evasion Abilities Clause: Evasion abilities are banned
|rule|Sleep Moves Clause: Sleep-inducing moves are banned
|raw|<div class="infobox"><details class="readmore" open><summary><strong>1 custom rule:</strong></summary> + Tera Blast</details></div>
|clearpoke
|poke|p1|Trapinch, F|
|poke|p1|Muk-Alola, F|
|poke|p2|Magmar, F|
|poke|p2|Deerling-Autumn, F|
|teampreview
|j|*Lady Monita 
|inactive|Phasmyx also wants the timer to be on.
|c|☆The impimp|Yeah I lost
|
|t:|1779825007
|teamsize|p1|2
|teamsize|p2|2
|start
|switch|p1a: Muk|Muk-Alola, F|100/100
|switch|p2a: Dear|Deerling-Autumn, F|100/100
|turn|1
|
|t:|1779825013
|move|p2a: Dear|Thunder Wave|p1a: Muk
|-status|p1a: Muk|par
|move|p1a: Muk|Poison Jab|p2a: Dear
|-supereffective|p2a: Dear
|-damage|p2a: Dear|28/100
|
|upkeep
|turn|2
|
|t:|1779825016
|move|p2a: Dear|Headbutt|p1a: Muk
|-damage|p1a: Muk|74/100 par
|cant|p1a: Muk|par
|
|-heal|p1a: Muk|80/100 par|[from] item: Leftovers
|upkeep
|turn|3
|
|t:|1779825021
|switch|p1a: Trapinch|Trapinch, F|100/100
|move|p2a: Dear|Headbutt|p1a: Trapinch
|-damage|p1a: Trapinch|48/100
|
|upkeep
|turn|4
|c|☆Phasmyx|dang
|
|t:|1779825029
|move|p1a: Trapinch|First Impression|p2a: Dear
|-supereffective|p2a: Dear
|-damage|p2a: Dear|0 fnt
|faint|p2a: Dear
|
|upkeep
|
|t:|1779825031
|switch|p2a: Drummer|Magmar, F|100/100
|turn|5
|
|t:|1779825034
|switch|p1a: Muk|Muk-Alola, F|80/100 par
|move|p2a: Drummer|Belly Drum|p2a: Drummer
|-damage|p2a: Drummer|50/100
|-setboost|p2a: Drummer|atk|6|[from] move: Belly Drum
|-enditem|p2a: Drummer|Sitrus Berry|[eat]
|-heal|p2a: Drummer|75/100|[from] item: Sitrus Berry
|
|-heal|p1a: Muk|86/100 par|[from] item: Leftovers
|upkeep
|turn|6
|
|t:|1779825040
|-terastallize|p1a: Muk|Water
|move|p2a: Drummer|Fire Punch|p1a: Muk
|-resisted|p1a: Muk
|-damage|p1a: Muk|36/100 par
|move|p1a: Muk|Poison Jab|p2a: Drummer
|-damage|p2a: Drummer|46/100
|
|-heal|p1a: Muk|43/100 par|[from] item: Leftovers
|upkeep
|turn|7
|
|t:|1779825048
|move|p2a: Drummer|Thunder Punch|p1a: Muk
|-supereffective|p1a: Muk
|-damage|p1a: Muk|0 fnt
|faint|p1a: Muk
|
|upkeep
|
|t:|1779825049
|switch|p1a: Trapinch|Trapinch, F|48/100
|turn|8
|
|t:|1779825055
|-terastallize|p2a: Drummer|Fighting
|move|p2a: Drummer|Fire Punch|p1a: Trapinch
|-damage|p1a: Trapinch|0 fnt
|faint|p1a: Trapinch
|
|win|The impimp
|n|☆Phasmyx|phasmyx
|n|☆The impimp|theimpimp
|n|*Lady Monita |ladymonita
|l|*Lady Monita 
|l|☆Phasmyx
|player|p1|
|c|☆The impimp|Good game
