|j|☆Huntercotton3233
|j|☆crabgang72
|t:|1779942133
|gametype|singles
|player|p1|Huntercotton3233|pokefanf-gen4|1119
|player|p2|crabgang72|acetrainerf-gen4|1071
|gen|9
|tier|[Gen 9] OU
|rated|
|rule|HP Percentage Mod: HP is shown in percentages
|rule|Endless Battle Clause: Forcing endless battles is banned
|rule|Species Clause: Limit one of each Pokémon
|rule|OHKO Clause: OHKO moves are banned
|rule|Evasion Items Clause: Evasion items are banned
|rule|Evasion Moves Clause: Evasion moves are banned
|rule|Evasion Abilities Clause: Evasion abilities are banned
|rule|Sleep Moves Clause: Sleep-inducing moves are banned
|clearpoke
|poke|p1|Clefable, F|
|poke|p1|Gliscor, M|
|poke|p1|Alomomola, M|
|poke|p1|Gholdengo|
|poke|p1|Great Tusk|
|poke|p1|Sinistcha|
|poke|p2|Chimecho, F|
|poke|p2|Crawdaunt, F|
|poke|p2|Zoroark-Hisui, M|
|poke|p2|Crabominable, F|
|poke|p2|Trevenant, F|
|poke|p2|Maushold|
|teampreview
|inactive|Battle timer is ON: inactive players will automatically lose when time's up. (requested by crabgang72)
|
|t:|1779942162
|teamsize|p1|6
|teamsize|p2|6
|start
|switch|p1a: Gliscor|Gliscor, M|100/100
|switch|p2a: CRAB|Crawdaunt, F|100/100
|turn|1
|
|t:|1779942170
|move|p1a: Gliscor|Toxic|p2a: CRAB
|-status|p2a: CRAB|tox
|move|p2a: CRAB|Swords Dance|p2a: CRAB
|-boost|p2a: CRAB|atk|2
|
|-damage|p2a: CRAB|94/100 tox|[from] psn
|-status|p1a: Gliscor|tox|[from] item: Toxic Orb
|upkeep
|turn|2
|
|t:|1779942182
|move|p2a: CRAB|Aqua Jet|p1a: Gliscor
|-supereffective|p1a: Gliscor
|-damage|p1a: Gliscor|0 fnt
|faint|p1a: Gliscor
|-damage|p2a: CRAB|84/100 tox|[from] item: Life Orb
|
|-damage|p2a: CRAB|72/100 tox|[from] psn
|upkeep
|
|t:|1779942193
|switch|p1a: Clefable|Clefable, F|100/100
|turn|3
|inactive|Huntercotton3233 has 120 seconds left.
|
|t:|1779942223
|move|p2a: CRAB|Aqua Jet|p1a: Clefable
|-damage|p1a: Clefable|72/100
|-damage|p2a: CRAB|62/100 tox|[from] item: Life Orb
|move|p1a: Clefable|Wish|p1a: Clefable
|
|-heal|p1a: Clefable|78/100|[from] item: Leftovers
|-damage|p2a: CRAB|44/100 tox|[from] psn
|upkeep
|turn|4
|
|t:|1779942233
|move|p1a: Clefable|Protect|p1a: Clefable
|-singleturn|p1a: Clefable|Protect
|move|p2a: CRAB|Knock Off|p1a: Clefable
|-activate|p1a: Clefable|move: Protect
|
|-heal|p1a: Clefable|100/100|[from] move: Wish|[wisher] Clefable
|-damage|p2a: CRAB|20/100 tox|[from] psn
|upkeep
|turn|5
|
|t:|1779942248
|switch|p1a: Great Tusk|Great Tusk|100/100
|move|p2a: CRAB|Knock Off|p1a: Great Tusk
|-resisted|p1a: Great Tusk
|-damage|p1a: Great Tusk|59/100
|-enditem|p1a: Great Tusk|Leftovers|[from] move: Knock Off|[of] p2a: CRAB
|-damage|p2a: CRAB|10/100 tox|[from] item: Life Orb
|
|-damage|p2a: CRAB|0 fnt|[from] psn
|faint|p2a: CRAB
|upkeep
|inactive|crabgang72 has 120 seconds left.
|
|t:|1779942273
|switch|p2a: GANG|Crabominable, F|100/100
|turn|6
|
|t:|1779942288
|-end|p1a: Great Tusk|Protosynthesis|[silent]
|switch|p1a: Alomomola|Alomomola, M|100/100
|move|p2a: GANG|Ice Punch|p1a: Alomomola
|-resisted|p1a: Alomomola
|-damage|p1a: Alomomola|85/100
|
|upkeep
|turn|7
|
|t:|1779942300
|switch|p2a: Flamewood|Trevenant, F, shiny|100/100
|move|p1a: Alomomola|Scald|p2a: Flamewood
|-resisted|p2a: Flamewood
|-damage|p2a: Flamewood|95/100
|-status|p2a: Flamewood|brn
|
|-damage|p2a: Flamewood|89/100 brn|[from] brn
|upkeep
|turn|8
|inactive|crabgang72 has 120 seconds left.
|
|t:|1779942317
|move|p1a: Alomomola|Flip Turn|p2a: Flamewood
|-resisted|p2a: Flamewood
|-damage|p2a: Flamewood|81/100 brn
|
|t:|1779942324
|switch|p1a: Gholdengo|Gholdengo|100/100|[from] Flip Turn
|move|p2a: Flamewood|Poltergeist|p1a: Gholdengo
|-activate|p1a: Gholdengo|move: Poltergeist|Leftovers
|-supereffective|p1a: Gholdengo
|-damage|p1a: Gholdengo|72/100
|
|-heal|p1a: Gholdengo|78/100|[from] item: Leftovers
|-damage|p2a: Flamewood|75/100 brn|[from] brn
|upkeep
|turn|9
|
|t:|1779942342
|-terastallize|p1a: Gholdengo|Flying
|move|p1a: Gholdengo|Hex|p2a: Flamewood
|-supereffective|p2a: Flamewood
|-damage|p2a: Flamewood|0 fnt
|faint|p2a: Flamewood
|
|-heal|p1a: Gholdengo|84/100|[from] item: Leftovers
|upkeep
|
|t:|1779942351
|switch|p2a: GANG|Crabominable, F|100/100
|turn|10
|
|t:|1779942356
|move|p2a: GANG|Ice Punch|p1a: Gholdengo
|-supereffective|p1a: Gholdengo
|-damage|p1a: Gholdengo|11/100
|move|p1a: Gholdengo|Nasty Plot|p1a: Gholdengo
|-boost|p1a: Gholdengo|spa|2
|
|-heal|p1a: Gholdengo|17/100|[from] item: Leftovers
|upkeep
|turn|11
|
|t:|1779942370
|switch|p1a: Alomomola|Alomomola, M|100/100
|move|p2a: GANG|Ice Punch|p1a: Alomomola
|-resisted|p1a: Alomomola
|-damage|p1a: Alomomola|87/100
|
|upkeep
|turn|12
|
|t:|1779942392
|switch|p2a: House of Mouse|Maushold|100/100
|move|p1a: Alomomola|Scald|p2a: House of Mouse
|-damage|p2a: House of Mouse|74/100
|-status|p2a: House of Mouse|brn
|replace|p2a: Meow|Zoroark-Hisui, M, shiny
|-end|p2a: Meow|Illusion
|
|-damage|p2a: Meow|68/100 brn|[from] brn
|upkeep
|turn|13
|
|t:|1779942409
|move|p2a: Meow|Bitter Malice|p1a: Alomomola
|-damage|p1a: Alomomola|30/100
|-unboost|p1a: Alomomola|atk|1
|move|p1a: Alomomola|Wish|p1a: Alomomola
|
|-damage|p2a: Meow|62/100 brn|[from] brn
|upkeep
|turn|14
|
|t:|1779942420
|move|p1a: Alomomola|Protect|p1a: Alomomola
|-singleturn|p1a: Alomomola|Protect
|move|p2a: Meow|Bitter Malice|p1a: Alomomola
|-activate|p1a: Alomomola|move: Protect
|
|-heal|p1a: Alomomola|80/100|[from] move: Wish|[wisher] Alomomola
|-damage|p2a: Meow|56/100 brn|[from] brn
|upkeep
|turn|15
|
|t:|1779942433
|move|p2a: Meow|Bitter Malice|p1a: Alomomola
|-damage|p1a: Alomomola|30/100
|-unboost|p1a: Alomomola|atk|1
|move|p1a: Alomomola|Flip Turn|p2a: Meow
|-damage|p2a: Meow|39/100 brn
|inactive|Huntercotton3233 has 120 seconds left.
|
|t:|1779942460
|switch|p1a: Great Tusk|Great Tusk|59/100|[from] Flip Turn
|
|-damage|p2a: Meow|33/100 brn|[from] brn
|upkeep
|turn|16
|
|t:|1779942469
|move|p2a: Meow|Bitter Malice|p1a: Great Tusk
|-crit|p1a: Great Tusk
|-damage|p1a: Great Tusk|0 fnt
|faint|p1a: Great Tusk
|-end|p1a: Great Tusk|Protosynthesis|[silent]
|
|-damage|p2a: Meow|27/100 brn|[from] brn
|upkeep
|
|t:|1779942481
|switch|p1a: Sinistcha|Sinistcha|100/100
|turn|17
|
|t:|1779942485
|move|p2a: Meow|Bitter Malice|p1a: Sinistcha
|-supereffective|p1a: Sinistcha
|-damage|p1a: Sinistcha|0 fnt
|faint|p1a: Sinistcha
|
|-damage|p2a: Meow|22/100 brn|[from] brn
|upkeep
|
|t:|1779942493
|switch|p1a: Gholdengo|Gholdengo, tera:Flying|17/100
|turn|18
|inactive|Huntercotton3233 has 120 seconds left.
|
|t:|1779942499
|move|p2a: Meow|Bitter Malice|p1a: Gholdengo
|-damage|p1a: Gholdengo|0 fnt
|faint|p1a: Gholdengo
|
|-damage|p2a: Meow|16/100 brn|[from] brn
|upkeep
|inactive|Huntercotton3233 has 120 seconds left.
|
|t:|1779942508
|switch|p1a: Clefable|Clefable, F|100/100
|turn|19
|
|t:|1779942512
|move|p2a: Meow|Bitter Malice|p1a: Clefable
|-damage|p1a: Clefable|44/100
|-unboost|p1a: Clefable|atk|1
|move|p1a: Clefable|Moonblast|p2a: Meow
|-damage|p2a: Meow|0 fnt
|faint|p2a: Meow
|
|-heal|p1a: Clefable|50/100|[from] item: Leftovers
|upkeep
|
|t:|1779942525
|switch|p2a: House of Mouse|Maushold|100/100
|turn|20
|inactive|Huntercotton3233 has 120 seconds left.
|l|☆Huntercotton3233
|inactive|Huntercotton3233 disconnected and has a minute to reconnect!
|player|p1|
|inactive|Huntercotton3233 has 30 seconds to reconnect!
|inactive|Huntercotton3233 has 20 seconds to reconnect!
|inactive|Huntercotton3233 has 15 seconds to reconnect!
|inactive|Huntercotton3233 has 10 seconds to reconnect!
|inactive|Huntercotton3233 has 5 seconds to reconnect!
|-message|Huntercotton3233 lost due to inactivity.
|
|win|crabgang72
|raw|Huntercotton3233's rating: 1119 &rarr; <strong>1091</strong><br />(-28 for losing)
|raw|crabgang72's rating: 1071 &rarr; <strong>1104</strong><br />(+33 for winning)
|l|☆crabgang72
|player|p2|
