|j|☆pscplayer
|j|☆pscopp
|t:|1779854960
|gametype|singles
|player|p1|pscplayer|cynthia|
|player|p2|pscopp|102|
|gen|9
|tier|[Gen 9] OU
|rule|HP Percentage Mod: HP is shown in percentages
|rule|Endless Battle Clause: Forcing endless battles is banned
|rule|Species Clause: Limit one of each Pokémon
|rule|OHKO Clause: OHKO moves are banned
|rule|Evasion Items Clause: Evasion items are banned
|rule|Evasion Moves Clause: Evasion moves are banned
|rule|Evasion Abilities Clause: Evasion abilities are banned
|rule|Sleep Moves Clause: Sleep-inducing moves are banned
|clearpoke
|poke|p1|Dragonite, M|
|poke|p1|Great Tusk|
|poke|p1|Deoxys-Speed|
|poke|p1|Gholdengo|
|poke|p1|Zamazenta-*|
|poke|p1|Iron Valiant|
|poke|p2|Weezing-Galar, F|
|poke|p2|Alomomola, M|
|poke|p2|Iron Treads|
|poke|p2|Tornadus-Therian, M|
|poke|p2|Zamazenta-*|
|poke|p2|Lokix, M|
|teampreview
|
|t:|1779855143
|teamsize|p1|6
|teamsize|p2|6
|start
|switch|p1a: Dragonite|Dragonite, M|100/100
|switch|p2a: Zamazenta|Zamazenta|100/100
|-ability|p2a: Zamazenta|Dauntless Shield|boost
|-boost|p2a: Zamazenta|def|1
|turn|1
|c|☆pscplayer|hf
|
|t:|1779855175
|move|p2a: Zamazenta|Stone Edge|p1a: Dragonite
|-supereffective|p1a: Dragonite
|-damage|p1a: Dragonite|39/100
|move|p1a: Dragonite|Outrage|p2a: Zamazenta
|-damage|p2a: Zamazenta|44/100
|-damage|p1a: Dragonite|29/100|[from] item: Life Orb
|
|upkeep
|turn|2
|
|t:|1779855178
|move|p2a: Zamazenta|Stone Edge|p1a: Dragonite|[miss]
|-miss|p2a: Zamazenta|p1a: Dragonite
|move|p1a: Dragonite|Outrage|p2a: Zamazenta|[from] lockedmove
|-damage|p2a: Zamazenta|0 fnt
|faint|p2a: Zamazenta
|-damage|p1a: Dragonite|19/100|[from] item: Life Orb
|-start|p1a: Dragonite|confusion|[fatigue]
|
|upkeep
|
|t:|1779855179
|switch|p2a: Tornadus|Tornadus-Therian, M|100/100
|turn|3
|
|t:|1779855211
|move|p2a: Tornadus|Knock Off|p1a: Dragonite
|-damage|p1a: Dragonite|0 fnt
|-enditem|p1a: Dragonite|Life Orb|[from] move: Knock Off|[of] p2a: Tornadus
|faint|p1a: Dragonite
|
|upkeep
|
|t:|1779855263
|switch|p1a: Great Tusk|Great Tusk|100/100
|-enditem|p1a: Great Tusk|Booster Energy
|-activate|p1a: Great Tusk|ability: Protosynthesis|[fromitem]
|-start|p1a: Great Tusk|protosynthesisspe
|turn|4
|
|t:|1779855264
|move|p1a: Great Tusk|Headlong Rush|p2a: Tornadus
|-immune|p2a: Tornadus
|move|p2a: Tornadus|Bleakwind Storm|p1a: Great Tusk
|-supereffective|p1a: Great Tusk
|-damage|p1a: Great Tusk|0 fnt
|faint|p1a: Great Tusk
|-end|p1a: Great Tusk|Protosynthesis|[silent]
|
|upkeep
|
|t:|1779855279
|switch|p1a: Deoxys|Deoxys-Speed|100/100
|-ability|p1a: Deoxys|Pressure
|turn|5
|
|t:|1779855302
|move|p1a: Deoxys|Taunt|p2a: Tornadus
|-start|p2a: Tornadus|move: Taunt
|move|p2a: Tornadus|Knock Off|p1a: Deoxys
|-supereffective|p1a: Deoxys
|-crit|p1a: Deoxys
|-damage|p1a: Deoxys|31/100
|-enditem|p1a: Deoxys|Focus Sash|[from] move: Knock Off|[of] p2a: Tornadus
|
|upkeep
|turn|6
|
|t:|1779855324
|move|p1a: Deoxys|Taunt||[still]
|-fail|p1a: Deoxys
|move|p2a: Tornadus|Knock Off|p1a: Deoxys
|-supereffective|p1a: Deoxys
|-damage|p1a: Deoxys|0 fnt
|faint|p1a: Deoxys
|
|upkeep
|
|t:|1779855353
|switch|p1a: Gholdengo|Gholdengo|100/100
|turn|7
|
|t:|1779855379
|move|p2a: Tornadus|Heat Wave|p1a: Gholdengo
|-supereffective|p1a: Gholdengo
|-damage|p1a: Gholdengo|53/100
|move|p1a: Gholdengo|Shadow Ball|p2a: Tornadus
|-damage|p2a: Tornadus|73/100
|-unboost|p2a: Tornadus|spd|1
|
|-end|p2a: Tornadus|move: Taunt
|upkeep
|turn|8
|
|t:|1779855403
|move|p2a: Tornadus|U-turn|p1a: Gholdengo
|-resisted|p1a: Gholdengo
|-damage|p1a: Gholdengo|50/100
|
|t:|1779855404
|switch|p2a: Iron Treads|Iron Treads|100/100|[from] U-turn
|move|p1a: Gholdengo|Shadow Ball|p2a: Iron Treads
|-crit|p2a: Iron Treads
|-damage|p2a: Iron Treads|33/100
|
|-heal|p2a: Iron Treads|39/100|[from] item: Leftovers
|upkeep
|turn|9
|
|t:|1779855435
|move|p2a: Iron Treads|Earthquake|p1a: Gholdengo
|-supereffective|p1a: Gholdengo
|-damage|p1a: Gholdengo|0 fnt
|faint|p1a: Gholdengo
|
|-heal|p2a: Iron Treads|45/100|[from] item: Leftovers
|upkeep
|
|t:|1779855472
|switch|p1a: Zamazenta|Zamazenta|100/100
|-ability|p1a: Zamazenta|Dauntless Shield|boost
|-boost|p1a: Zamazenta|def|1
|turn|10
|
|t:|1779855506
|-end|p2a: Iron Treads|Quark Drive|[silent]
|switch|p2a: Alomomola|Alomomola, M|100/100
|move|p1a: Zamazenta|Close Combat|p2a: Alomomola
|-damage|p2a: Alomomola|46/100
|-unboost|p1a: Zamazenta|def|1
|-unboost|p1a: Zamazenta|spd|1
|-damage|p1a: Zamazenta|84/100|[from] item: Rocky Helmet|[of] p2a: Alomomola
|-damage|p1a: Zamazenta|74/100|[from] item: Life Orb
|
|upkeep
|turn|11
|
|t:|1779855535
|switch|p2a: Tornadus|Tornadus-Therian, M|100/100
|move|p1a: Zamazenta|Close Combat|p2a: Tornadus
|-resisted|p2a: Tornadus
|-damage|p2a: Tornadus|55/100
|-unboost|p1a: Zamazenta|def|1
|-unboost|p1a: Zamazenta|spd|1
|-damage|p1a: Zamazenta|64/100|[from] item: Life Orb
|
|upkeep
|turn|12
|
|t:|1779855563
|switch|p2a: Weezing|Weezing-Galar, F|100/100
|-ability|p2a: Weezing|Neutralizing Gas
|move|p1a: Zamazenta|Close Combat|p2a: Weezing
|-resisted|p2a: Weezing
|-damage|p2a: Weezing|86/100
|-unboost|p1a: Zamazenta|def|1
|-unboost|p1a: Zamazenta|spd|1
|-damage|p1a: Zamazenta|54/100|[from] item: Life Orb
|
|-heal|p2a: Weezing|92/100|[from] item: Leftovers
|upkeep
|turn|13
|
|t:|1779855590
|move|p1a: Zamazenta|Close Combat|p2a: Weezing
|-resisted|p2a: Weezing
|-damage|p2a: Weezing|79/100
|-unboost|p1a: Zamazenta|def|1
|-unboost|p1a: Zamazenta|spd|1
|-damage|p1a: Zamazenta|44/100|[from] item: Life Orb
|move|p2a: Weezing|Toxic|p1a: Zamazenta
|-status|p1a: Zamazenta|tox
|
|-heal|p2a: Weezing|85/100|[from] item: Leftovers
|-damage|p1a: Zamazenta|38/100 tox|[from] psn
|upkeep
|turn|14
|
|t:|1779855622
|-end|p2a: Weezing|ability: Neutralizing Gas
|switch|p2a: Alomomola|Alomomola, M|80/100
|move|p1a: Zamazenta|Close Combat|p2a: Alomomola
|-damage|p2a: Alomomola|32/100
|-unboost|p1a: Zamazenta|def|1
|-unboost|p1a: Zamazenta|spd|1
|-damage|p1a: Zamazenta|22/100 tox|[from] item: Rocky Helmet|[of] p2a: Alomomola
|-damage|p1a: Zamazenta|12/100 tox|[from] item: Life Orb
|
|-damage|p1a: Zamazenta|0 fnt|[from] psn
|faint|p1a: Zamazenta
|upkeep
|
|t:|1779855623
|switch|p1a: Iron Valiant|Iron Valiant|100/100
|-enditem|p1a: Iron Valiant|Booster Energy
|-activate|p1a: Iron Valiant|ability: Quark Drive|[fromitem]
|-start|p1a: Iron Valiant|quarkdrivespe
|turn|15
|
|t:|1779855653
|move|p1a: Iron Valiant|Moonblast|p2a: Alomomola
|-damage|p2a: Alomomola|0 fnt
|faint|p2a: Alomomola
|
|upkeep
|
|t:|1779855655
|switch|p2a: Tornadus|Tornadus-Therian, M|88/100
|turn|16
|
|t:|1779855681
|move|p1a: Iron Valiant|Moonblast|p2a: Tornadus
|-damage|p2a: Tornadus|55/100
|-unboost|p2a: Tornadus|spa|1
|move|p2a: Tornadus|Bleakwind Storm|p1a: Iron Valiant
|-supereffective|p1a: Iron Valiant
|-damage|p1a: Iron Valiant|0 fnt
|faint|p1a: Iron Valiant
|-end|p1a: Iron Valiant|Quark Drive|[silent]
|
|win|pscopp
|c|☆pscplayer|gg
