|j|☆asde444
|j|☆buqiucaoMAX
|t:|1779949741
|gametype|singles
|player|p1|asde444|1|1124
|player|p2|buqiucaoMAX|pokemaniac|1077
|gen|9
|tier|[Gen 9] OU
|rated|
|rule|HP Percentage Mod: HP is shown in percentages
|rule|Endless Battle Clause: Forcing endless battles is banned
|rule|Species Clause: Limit one of each Pokémon
|rule|OHKO Clause: OHKO moves are banned
|rule|Evasion Items Clause: Evasion items are banned
|rule|Evasion Moves Clause: Evasion moves are banned
|rule|Evasion Abilities Clause: Evasion abilities are banned
|rule|Sleep Moves Clause: Sleep-inducing moves are banned
|clearpoke
|poke|p1|Gliscor, F|
|poke|p1|Weavile, F|
|poke|p1|Reuniclus, F|
|poke|p1|Muk, F|
|poke|p1|Alomomola, F|
|poke|p1|Vileplume, F|
|poke|p2|Excadrill, F|
|poke|p2|Gastrodon, F|
|poke|p2|Skeledirge, F|
|poke|p2|Toxapex, M|
|poke|p2|Mienshao, M|
|poke|p2|Tyranitar, F|
|teampreview
|inactive|Battle timer is ON: inactive players will automatically lose when time's up. (requested by buqiucaoMAX)
|
|t:|1779949748
|teamsize|p1|6
|teamsize|p2|6
|start
|switch|p1a: Gliscor|Gliscor, F|100/100
|switch|p2a: Mienshao|Mienshao, M|100/100
|turn|1
|
|t:|1779949756
|move|p1a: Gliscor|Protect|p1a: Gliscor
|-singleturn|p1a: Gliscor|Protect
|move|p2a: Mienshao|Fake Out|p1a: Gliscor
|-activate|p1a: Gliscor|move: Protect
|
|-status|p1a: Gliscor|tox|[from] item: Toxic Orb
|upkeep
|turn|2
|
|t:|1779949768
|switch|p1a: Alomomola|Alomomola, F|100/100
|move|p2a: Mienshao|Triple Axel|p1a: Alomomola
|-resisted|p1a: Alomomola
|-damage|p1a: Alomomola|98/100
|-resisted|p1a: Alomomola
|-damage|p1a: Alomomola|92/100
|-resisted|p1a: Alomomola
|-damage|p1a: Alomomola|84/100
|-hitcount|p1a: Alomomola|3
|-damage|p2a: Mienshao|91/100|[from] item: Life Orb
|
|upkeep
|turn|3
|
|t:|1779949786
|move|p2a: Mienshao|Knock Off|p1a: Alomomola
|-damage|p1a: Alomomola|59/100
|-enditem|p1a: Alomomola|Heavy-Duty Boots|[from] move: Knock Off|[of] p2a: Mienshao
|-damage|p2a: Mienshao|81/100|[from] item: Life Orb
|move|p1a: Alomomola|Scald|p2a: Mienshao
|-damage|p2a: Mienshao|57/100
|
|upkeep
|turn|4
|
|t:|1779949797
|move|p2a: Mienshao|Close Combat|p1a: Alomomola
|-damage|p1a: Alomomola|12/100
|-unboost|p2a: Mienshao|def|1
|-unboost|p2a: Mienshao|spd|1
|-damage|p2a: Mienshao|47/100|[from] item: Life Orb
|move|p1a: Alomomola|Wish|p1a: Alomomola
|
|upkeep
|turn|5
|
|t:|1779949813
|switch|p1a: Reuniclus|Reuniclus, F|100/100
|move|p2a: Mienshao|Close Combat|p1a: Reuniclus
|-resisted|p1a: Reuniclus
|-damage|p1a: Reuniclus|73/100
|-unboost|p2a: Mienshao|def|1
|-unboost|p2a: Mienshao|spd|1
|-damage|p2a: Mienshao|37/100|[from] item: Life Orb
|
|-heal|p1a: Reuniclus|100/100|[from] move: Wish|[wisher] Alomomola
|upkeep
|turn|6
|
|t:|1779949830
|switch|p2a: Tyranitar|Tyranitar, F|100/100
|-weather|Sandstorm|[from] ability: Sand Stream|[of] p2a: Tyranitar
|move|p1a: Reuniclus|Calm Mind|p1a: Reuniclus
|-boost|p1a: Reuniclus|spa|1
|-boost|p1a: Reuniclus|spd|1
|
|-weather|Sandstorm|[upkeep]
|upkeep
|turn|7
|
|t:|1779949846
|switch|p1a: Gliscor|Gliscor, F|100/100 tox
|move|p2a: Tyranitar|Knock Off|p1a: Gliscor
|-crit|p1a: Gliscor
|-damage|p1a: Gliscor|38/100 tox
|-enditem|p1a: Gliscor|Toxic Orb|[from] move: Knock Off|[of] p2a: Tyranitar
|
|-weather|Sandstorm|[upkeep]
|-heal|p1a: Gliscor|50/100 tox|[from] ability: Poison Heal
|upkeep
|turn|8
|
|t:|1779949858
|move|p1a: Gliscor|Protect|p1a: Gliscor
|-singleturn|p1a: Gliscor|Protect
|move|p2a: Tyranitar|Ice Punch|p1a: Gliscor
|-activate|p1a: Gliscor|move: Protect
|
|-weather|Sandstorm|[upkeep]
|-heal|p1a: Gliscor|62/100 tox|[from] ability: Poison Heal
|upkeep
|turn|9
|
|t:|1779949871
|switch|p1a: Alomomola|Alomomola, F|45/100
|move|p2a: Tyranitar|Ice Punch|p1a: Alomomola
|-resisted|p1a: Alomomola
|-damage|p1a: Alomomola|36/100
|
|-weather|Sandstorm|[upkeep]
|-damage|p1a: Alomomola|30/100|[from] Sandstorm
|upkeep
|turn|10
|
|t:|1779949882
|switch|p1a: Gliscor|Gliscor, F|62/100 tox
|move|p2a: Tyranitar|Thunder Punch|p1a: Gliscor
|-immune|p1a: Gliscor
|
|-weather|Sandstorm|[upkeep]
|-heal|p1a: Gliscor|75/100 tox|[from] ability: Poison Heal
|upkeep
|turn|11
|
|t:|1779949892
|move|p1a: Gliscor|Protect|p1a: Gliscor
|-singleturn|p1a: Gliscor|Protect
|move|p2a: Tyranitar|Knock Off|p1a: Gliscor
|-activate|p1a: Gliscor|move: Protect
|
|-weather|Sandstorm|[upkeep]
|-heal|p1a: Gliscor|87/100 tox|[from] ability: Poison Heal
|upkeep
|turn|12
|
|t:|1779949902
|move|p1a: Gliscor|Toxic|p2a: Tyranitar
|-status|p2a: Tyranitar|tox
|move|p2a: Tyranitar|Ice Punch|p1a: Gliscor
|-supereffective|p1a: Gliscor
|-damage|p1a: Gliscor|0 fnt
|faint|p1a: Gliscor
|
|-weather|Sandstorm|[upkeep]
|-damage|p2a: Tyranitar|94/100 tox|[from] psn
|upkeep
|
|t:|1779949909
|switch|p1a: Reuniclus|Reuniclus, F|100/100
|turn|13
|
|t:|1779949914
|-terastallize|p1a: Reuniclus|Fighting
|move|p2a: Tyranitar|Knock Off|p1a: Reuniclus
|-resisted|p1a: Reuniclus
|-damage|p1a: Reuniclus|81/100
|-enditem|p1a: Reuniclus|Leftovers|[from] move: Knock Off|[of] p2a: Tyranitar
|move|p1a: Reuniclus|Calm Mind|p1a: Reuniclus
|-boost|p1a: Reuniclus|spa|1
|-boost|p1a: Reuniclus|spd|1
|
|-weather|none
|-damage|p2a: Tyranitar|82/100 tox|[from] psn
|upkeep
|turn|14
|
|t:|1779949928
|move|p2a: Tyranitar|Rock Slide|p1a: Reuniclus
|-resisted|p1a: Reuniclus
|-damage|p1a: Reuniclus|67/100
|move|p1a: Reuniclus|Calm Mind|p1a: Reuniclus
|-boost|p1a: Reuniclus|spa|1
|-boost|p1a: Reuniclus|spd|1
|
|-damage|p2a: Tyranitar|63/100 tox|[from] psn
|upkeep
|turn|15
|
|t:|1779949938
|switch|p2a: Skeledirge|Skeledirge, F, shiny|100/100
|move|p1a: Reuniclus|Recover|p1a: Reuniclus
|-heal|p1a: Reuniclus|100/100
|
|upkeep
|turn|16
|
|t:|1779949946
|move|p2a: Skeledirge|Torch Song|p1a: Reuniclus
|-damage|p1a: Reuniclus|73/100
|-boost|p2a: Skeledirge|spa|1
|move|p1a: Reuniclus|Psychic Noise|p2a: Skeledirge
|-damage|p2a: Skeledirge|78/100
|-start|p2a: Skeledirge|move: Heal Block
|
|upkeep
|turn|17
|-message|asde444 forfeited.
|
|win|buqiucaoMAX
|raw|asde444's rating: 1124 &rarr; <strong>1096</strong><br />(-28 for losing)
|raw|buqiucaoMAX's rating: 1077 &rarr; <strong>1109</strong><br />(+32 for winning)
|l|☆buqiucaoMAX
|player|p2|
|l|☆asde444
|player|p1|
