|j|☆alksdjguzb
|j|☆uminini
|t:|1779928882
|gametype|singles
|player|p1|alksdjguzb|102|1205
|player|p2|uminini|alder|1233
|gen|9
|tier|[Gen 9] OU
|rated|
|rule|HP Percentage Mod: HP is shown in percentages
|rule|Endless Battle Clause: Forcing endless battles is banned
|rule|Species Clause: Limit one of each Pokémon
|rule|OHKO Clause: OHKO moves are banned
|rule|Evasion Items Clause: Evasion items are banned
|rule|Evasion Moves Clause: Evasion moves are banned
|rule|Evasion Abilities Clause: Evasion abilities are banned
|rule|Sleep Moves Clause: Sleep-inducing moves are banned
|clearpoke
|poke|p1|Wo-Chien|
|poke|p1|Cinderace, F|
|poke|p1|Metagross|
|poke|p1|Kyurem|
|poke|p1|Primarina, F|
|poke|p1|Terrakion|
|poke|p2|Kingambit, F|
|poke|p2|Moltres|
|poke|p2|Gliscor, F|
|poke|p2|Raging Bolt|
|poke|p2|Zamazenta-*|
|poke|p2|Iron Valiant|
|teampreview
|inactive|Battle timer is ON: inactive players will automatically lose when time's up. (requested by alksdjguzb)
|
|t:|1779928907
|teamsize|p1|6
|teamsize|p2|6
|start
|switch|p1a: Primarina|Primarina, F|100/100
|switch|p2a: Cassie|Gliscor, F|100/100
|turn|1
|
|t:|1779928932
|switch|p1a: Metagross|Metagross|100/100
|-terastallize|p2a: Cassie|Water
|move|p2a: Cassie|Toxic|p1a: Metagross
|-immune|p1a: Metagross
|
|-status|p2a: Cassie|tox|[from] item: Toxic Orb
|upkeep
|turn|2
|
|t:|1779928942
|move|p2a: Cassie|Earthquake|p1a: Metagross
|-supereffective|p1a: Metagross
|-damage|p1a: Metagross|49/100
|move|p1a: Metagross|Stealth Rock|p2a: Cassie
|-sidestart|p2: uminini|move: Stealth Rock
|
|upkeep
|turn|3
|
|t:|1779928947
|switch|p1a: Kyurem|Kyurem|100/100
|-ability|p1a: Kyurem|Pressure
|move|p2a: Cassie|Earthquake|p1a: Kyurem
|-damage|p1a: Kyurem|67/100
|
|upkeep
|turn|4
|
|t:|1779928955
|switch|p2a: Dumbledore|Moltres|100/100
|move|p1a: Kyurem|Freeze-Dry|p2a: Dumbledore
|-damage|p2a: Dumbledore|60/100
|
|upkeep
|turn|5
|
|t:|1779928967
|move|p1a: Kyurem|Draco Meteor|p2a: Dumbledore
|-damage|p2a: Dumbledore|0 fnt
|-unboost|p1a: Kyurem|spa|2
|faint|p2a: Dumbledore
|
|upkeep
|
|t:|1779928975
|switch|p2a: Zamazenta|Zamazenta|100/100
|-damage|p2a: Zamazenta|94/100|[from] Stealth Rock
|-ability|p2a: Zamazenta|Dauntless Shield|boost
|-boost|p2a: Zamazenta|def|1
|turn|6
|
|t:|1779928988
|switch|p1a: Primarina|Primarina, F|100/100
|move|p2a: Zamazenta|Iron Defense|p2a: Zamazenta
|-boost|p2a: Zamazenta|def|2
|
|-heal|p2a: Zamazenta|100/100|[from] item: Leftovers
|upkeep
|turn|7
|
|t:|1779928994
|move|p2a: Zamazenta|Heavy Slam|p1a: Primarina
|-crit|p1a: Primarina
|-damage|p1a: Primarina|39/100
|move|p1a: Primarina|Moonblast|p2a: Zamazenta
|-supereffective|p2a: Zamazenta
|-damage|p2a: Zamazenta|0 fnt
|faint|p2a: Zamazenta
|
|upkeep
|
|t:|1779928999
|switch|p2a: Beth|Kingambit, F|100/100
|-damage|p2a: Beth|94/100|[from] Stealth Rock
|-activate|p2a: Beth|ability: Supreme Overlord
|-start|p2a: Beth|fallen2|[silent]
|turn|8
|
|t:|1779929016
|move|p1a: Primarina|Moonblast|p2a: Beth
|-damage|p2a: Beth|20/100
|move|p2a: Beth|Iron Head|p1a: Primarina
|-damage|p1a: Primarina|0 fnt
|faint|p1a: Primarina
|
|upkeep
|
|t:|1779929027
|switch|p1a: Terrakion|Terrakion|100/100
|turn|9
|
|t:|1779929038
|-end|p2a: Beth|fallen2|[silent]
|switch|p2a: Cassie|Gliscor, F, tera:Water|100/100 tox
|-damage|p2a: Cassie|88/100 tox|[from] Stealth Rock
|move|p1a: Terrakion|Close Combat|p2a: Cassie
|-damage|p2a: Cassie|53/100 tox
|-unboost|p1a: Terrakion|def|1
|-unboost|p1a: Terrakion|spd|1
|
|-heal|p2a: Cassie|65/100 tox|[from] ability: Poison Heal
|upkeep
|turn|10
|
|t:|1779929049
|switch|p1a: Metagross|Metagross|49/100
|move|p2a: Cassie|Toxic|p1a: Metagross
|-immune|p1a: Metagross
|
|-heal|p2a: Cassie|78/100 tox|[from] ability: Poison Heal
|upkeep
|turn|11
|
|t:|1779929066
|move|p2a: Cassie|Earthquake|p1a: Metagross
|-supereffective|p1a: Metagross
|-damage|p1a: Metagross|0 fnt
|faint|p1a: Metagross
|
|-heal|p2a: Cassie|90/100 tox|[from] ability: Poison Heal
|upkeep
|
|t:|1779929069
|switch|p1a: Kyurem|Kyurem|67/100
|-ability|p1a: Kyurem|Pressure
|turn|12
|
|t:|1779929091
|switch|p2a: Dohko|Iron Valiant|100/100
|-damage|p2a: Dohko|94/100|[from] Stealth Rock
|-enditem|p2a: Dohko|Booster Energy
|-activate|p2a: Dohko|ability: Quark Drive|[fromitem]
|-start|p2a: Dohko|quarkdrivespe
|move|p1a: Kyurem|Freeze-Dry|p2a: Dohko
|-damage|p2a: Dohko|33/100
|
|upkeep
|turn|13
|
|t:|1779929109
|switch|p1a: Cinderace|Cinderace, F|100/100
|move|p2a: Dohko|Aura Sphere|p1a: Cinderace
|-damage|p1a: Cinderace|46/100
|
|upkeep
|turn|14
|
|t:|1779929122
|move|p2a: Dohko|Aura Sphere|p1a: Cinderace
|-damage|p1a: Cinderace|0 fnt
|faint|p1a: Cinderace
|
|upkeep
|
|t:|1779929128
|switch|p1a: Terrakion|Terrakion|100/100
|turn|15
|
|t:|1779929139
|move|p2a: Dohko|Moonblast|p1a: Terrakion
|-supereffective|p1a: Terrakion
|-damage|p1a: Terrakion|37/100
|move|p1a: Terrakion|Close Combat|p2a: Dohko
|-resisted|p2a: Dohko
|-damage|p2a: Dohko|0 fnt
|-unboost|p1a: Terrakion|def|1
|-unboost|p1a: Terrakion|spd|1
|faint|p2a: Dohko
|-end|p2a: Dohko|Quark Drive|[silent]
|
|upkeep
|
|t:|1779929147
|switch|p2a: Cassie|Gliscor, F, tera:Water|90/100 tox
|-damage|p2a: Cassie|78/100 tox|[from] Stealth Rock
|turn|16
|
|t:|1779929155
|move|p1a: Terrakion|Close Combat|p2a: Cassie
|-damage|p2a: Cassie|42/100 tox
|-unboost|p1a: Terrakion|def|1
|-unboost|p1a: Terrakion|spd|1
|move|p2a: Cassie|Earthquake|p1a: Terrakion
|-supereffective|p1a: Terrakion
|-damage|p1a: Terrakion|0 fnt
|faint|p1a: Terrakion
|
|-heal|p2a: Cassie|54/100 tox|[from] ability: Poison Heal
|upkeep
|
|t:|1779929160
|switch|p1a: Kyurem|Kyurem|67/100
|-ability|p1a: Kyurem|Pressure
|turn|17
|
|t:|1779929166
|move|p2a: Cassie|Protect|p2a: Cassie
|-singleturn|p2a: Cassie|Protect
|move|p1a: Kyurem|Freeze-Dry|p2a: Cassie
|-activate|p2a: Cassie|move: Protect
|
|-heal|p2a: Cassie|67/100 tox|[from] ability: Poison Heal
|upkeep
|turn|18
|
|t:|1779929187
|move|p1a: Kyurem|Freeze-Dry|p2a: Cassie
|-supereffective|p2a: Cassie
|-damage|p2a: Cassie|0 fnt
|faint|p2a: Cassie
|
|upkeep
|
|t:|1779929190
|switch|p2a: Pé Pequeno|Raging Bolt|100/100
|-damage|p2a: Pé Pequeno|88/100|[from] Stealth Rock
|-enditem|p2a: Pé Pequeno|Booster Energy
|-activate|p2a: Pé Pequeno|ability: Protosynthesis|[fromitem]
|-start|p2a: Pé Pequeno|protosynthesisspa
|turn|19
|
|t:|1779929197
|move|p1a: Kyurem|Draco Meteor|p2a: Pé Pequeno
|-supereffective|p2a: Pé Pequeno
|-damage|p2a: Pé Pequeno|0 fnt
|-unboost|p1a: Kyurem|spa|2
|faint|p2a: Pé Pequeno
|-end|p2a: Pé Pequeno|Protosynthesis|[silent]
|
|upkeep
|
|t:|1779929201
|switch|p2a: Beth|Kingambit, F|20/100
|-damage|p2a: Beth|14/100|[from] Stealth Rock
|-activate|p2a: Beth|ability: Supreme Overlord
|-start|p2a: Beth|fallen5|[silent]
|turn|20
|
|t:|1779929204
|move|p2a: Beth|Sucker Punch|p1a: Kyurem
|-damage|p1a: Kyurem|2/100
|move|p1a: Kyurem|Earth Power|p2a: Beth
|-supereffective|p2a: Beth
|-damage|p2a: Beth|0 fnt
|faint|p2a: Beth
|-end|p2a: Beth|fallen5|[silent]
|
|win|alksdjguzb
|raw|alksdjguzb's rating: 1205 &rarr; <strong>1232</strong><br />(+27 for winning)
|raw|uminini's rating: 1233 &rarr; <strong>1206</strong><br />(-27 for losing)
|l|☆alksdjguzb
|player|p1|
|l|☆uminini
|player|p2|
