|j|☆Verbalseduction
|j|☆Eisen7111
|t:|1779965953
|gametype|singles
|player|p1|Verbalseduction|265|1528
|player|p2|Eisen7111|bruno|1457
|gen|9
|tier|[Gen 9] OU
|rated|
|rule|HP Percentage Mod: HP is shown in percentages
|rule|Endless Battle Clause: Forcing endless battles is banned
|rule|Species Clause: Limit one of each Pokémon
|rule|OHKO Clause: OHKO moves are banned
|rule|Evasion Items Clause: Evasion items are banned
|rule|Evasion Moves Clause: Evasion moves are banned
|rule|Evasion Abilities Clause: Evasion abilities are banned
|rule|Sleep Moves Clause: Sleep-inducing moves are banned
|clearpoke
|poke|p1|Blaziken, M|
|poke|p1|Ninetales, M|
|poke|p1|Venusaur, F|
|poke|p1|Hatterene, F|
|poke|p1|Great Tusk|
|poke|p1|Walking Wake|
|poke|p2|Hatterene, F|
|poke|p2|Ursaluna, M|
|poke|p2|Hoopa-Unbound|
|poke|p2|Klefki, F|
|poke|p2|Kingambit, M|
|poke|p2|Cresselia, F|
|teampreview
|inactive|Battle timer is ON: inactive players will automatically lose when time's up. (requested by Eisen7111)
|
|t:|1779965970
|teamsize|p1|6
|teamsize|p2|6
|start
|switch|p1a: Blaziken|Blaziken, M|100/100
|switch|p2a: Klefki|Klefki, F|100/100
|turn|1
|
|t:|1779965975
|move|p2a: Klefki|Thunder Wave|p1a: Blaziken
|-status|p1a: Blaziken|par
|move|p1a: Blaziken|Overheat|p2a: Klefki
|-supereffective|p2a: Klefki
|-damage|p2a: Klefki|0 fnt
|-unboost|p1a: Blaziken|spa|2
|faint|p2a: Klefki
|
|-ability|p1a: Blaziken|Speed Boost|boost
|-boost|p1a: Blaziken|spe|1
|upkeep
|
|t:|1779965990
|switch|p2a: Ursaluna|Ursaluna, M|100/100
|turn|2
|
|t:|1779965997
|move|p1a: Blaziken|Close Combat|p2a: Ursaluna
|-supereffective|p2a: Ursaluna
|-crit|p2a: Ursaluna
|-damage|p2a: Ursaluna|0 fnt
|-unboost|p1a: Blaziken|def|1
|-unboost|p1a: Blaziken|spd|1
|faint|p2a: Ursaluna
|
|-ability|p1a: Blaziken|Speed Boost|boost
|-boost|p1a: Blaziken|spe|1
|upkeep
|
|t:|1779966015
|switch|p2a: Cresselia|Cresselia, F|100/100
|turn|3
|
|t:|1779966019
|move|p1a: Blaziken|Focus Energy|p1a: Blaziken
|-start|p1a: Blaziken|move: Focus Energy
|move|p2a: Cresselia|Trick Room|p2a: Cresselia
|-fieldstart|move: Trick Room|[of] p2a: Cresselia
|
|-ability|p1a: Blaziken|Speed Boost|boost
|-boost|p1a: Blaziken|spe|1
|upkeep
|turn|4
|
|t:|1779966024
|move|p2a: Cresselia|Calm Mind|p2a: Cresselia
|-boost|p2a: Cresselia|spa|1
|-boost|p2a: Cresselia|spd|1
|move|p1a: Blaziken|Overheat|p2a: Cresselia
|-crit|p2a: Cresselia
|-damage|p2a: Cresselia|37/100
|-unboost|p1a: Blaziken|spa|2
|
|-heal|p2a: Cresselia|44/100|[from] item: Leftovers
|-ability|p1a: Blaziken|Speed Boost|boost
|-boost|p1a: Blaziken|spe|1
|upkeep
|turn|5
|
|t:|1779966034
|move|p2a: Cresselia|Stored Power|p1a: Blaziken
|-supereffective|p1a: Blaziken
|-damage|p1a: Blaziken|0 fnt
|faint|p1a: Blaziken
|
|-heal|p2a: Cresselia|50/100|[from] item: Leftovers
|upkeep
|
|t:|1779966045
|switch|p1a: Ninetales|Ninetales, M|100/100
|-weather|SunnyDay|[from] ability: Drought|[of] p1a: Ninetales
|turn|6
|
|t:|1779966050
|move|p2a: Cresselia|Calm Mind|p2a: Cresselia
|-boost|p2a: Cresselia|spa|1
|-boost|p2a: Cresselia|spd|1
|move|p1a: Ninetales|Encore|p2a: Cresselia
|-start|p2a: Cresselia|Encore
|
|-weather|SunnyDay|[upkeep]
|-heal|p2a: Cresselia|56/100|[from] item: Leftovers
|upkeep
|turn|7
|
|t:|1779966061
|switch|p2a: Hatterene|Hatterene, F|100/100
|move|p1a: Ninetales|Flamethrower|p2a: Hatterene
|-damage|p2a: Hatterene|65/100
|
|-weather|SunnyDay|[upkeep]
|-heal|p2a: Hatterene|71/100|[from] item: Leftovers
|-fieldend|move: Trick Room
|upkeep
|turn|8
|
|t:|1779966081
|move|p1a: Ninetales|Flamethrower|p2a: Hatterene
|-damage|p2a: Hatterene|32/100
|move|p2a: Hatterene|Psychic Noise|p1a: Ninetales
|-damage|p1a: Ninetales|62/100
|-start|p1a: Ninetales|move: Heal Block
|
|-weather|SunnyDay|[upkeep]
|-heal|p2a: Hatterene|38/100|[from] item: Leftovers
|upkeep
|turn|9
|
|t:|1779966087
|move|p1a: Ninetales|Flamethrower|p2a: Hatterene
|-damage|p2a: Hatterene|0 fnt
|faint|p2a: Hatterene
|
|-weather|SunnyDay|[upkeep]
|-end|p1a: Ninetales|move: Heal Block
|upkeep
|-message|Eisen7111 forfeited.
|
|win|Verbalseduction
|raw|Verbalseduction's rating: 1528 &rarr; <strong>1544</strong><br />(+16 for winning)
|raw|Eisen7111's rating: 1457 &rarr; <strong>1441</strong><br />(-16 for losing)
|l|☆Eisen7111
|player|p2|
|l|☆Verbalseduction
|player|p1|
