|j|☆RainyDream sky
|j|☆pigperfect9831
|t:|1779898505
|gametype|singles
|player|p1|RainyDream sky|dawn|1540
|player|p2|pigperfect9831|workerice|1544
|gen|9
|tier|[Gen 9] OU
|rated|
|rule|HP Percentage Mod: HP is shown in percentages
|rule|Endless Battle Clause: Forcing endless battles is banned
|rule|Species Clause: Limit one of each Pokémon
|rule|OHKO Clause: OHKO moves are banned
|rule|Evasion Items Clause: Evasion items are banned
|rule|Evasion Moves Clause: Evasion moves are banned
|rule|Evasion Abilities Clause: Evasion abilities are banned
|rule|Sleep Moves Clause: Sleep-inducing moves are banned
|clearpoke
|poke|p1|Pelipper, F|
|poke|p1|Sandy Shocks|
|poke|p1|Basculegion, M|
|poke|p1|Hatterene, F|
|poke|p1|Ogerpon-Wellspring, F|
|poke|p1|Tornadus-Therian, M|
|poke|p2|Great Tusk|
|poke|p2|Hatterene, F|
|poke|p2|Ninetales, M|
|poke|p2|Slither Wing|
|poke|p2|Talonflame, F|
|poke|p2|Walking Wake|
|teampreview
|inactive|Battle timer is ON: inactive players will automatically lose when time's up. (requested by RainyDream sky)
|inactive|pigperfect9831 has 120 seconds left.
|
|t:|1779898556
|teamsize|p1|6
|teamsize|p2|6
|start
|switch|p1a: Pelipper|Pelipper, F|100/100
|switch|p2a: Slither Wing|Slither Wing|100/100
|-weather|RainDance|[from] ability: Drizzle|[of] p1a: Pelipper
|turn|1
|
|t:|1779898566
|switch|p1a: Sandy Shocks|Sandy Shocks|100/100
|-enditem|p1a: Sandy Shocks|Booster Energy
|-activate|p1a: Sandy Shocks|ability: Protosynthesis|[fromitem]
|-start|p1a: Sandy Shocks|protosynthesisspe
|move|p2a: Slither Wing|U-turn|p1a: Sandy Shocks
|-damage|p1a: Sandy Shocks|66/100
|
|t:|1779898594
|-end|p2a: Slither Wing|Protosynthesis|[silent]
|switch|p2a: Hatterene|Hatterene, F|100/100|[from] U-turn
|
|-weather|RainDance|[upkeep]
|upkeep
|turn|2
|
|t:|1779898603
|move|p1a: Sandy Shocks|Thunderbolt|p2a: Hatterene
|-damage|p2a: Hatterene|54/100
|-enditem|p2a: Hatterene|Eject Button
|
|t:|1779898621
|switch|p2a: Walking Wake|Walking Wake|100/100
|
|-weather|RainDance|[upkeep]
|upkeep
|turn|3
|
|t:|1779898628
|move|p1a: Sandy Shocks|Thunder Wave|p2a: Walking Wake
|-status|p2a: Walking Wake|par
|move|p2a: Walking Wake|Dragon Pulse|p1a: Sandy Shocks
|-damage|p1a: Sandy Shocks|0 fnt
|faint|p1a: Sandy Shocks
|-end|p1a: Sandy Shocks|Protosynthesis|[silent]
|
|-weather|RainDance|[upkeep]
|upkeep
|
|t:|1779898644
|switch|p1a: Ogerpon|Ogerpon-Wellspring, F|100/100
|turn|4
|
|t:|1779898655
|move|p1a: Ogerpon|Ivy Cudgel|p2a: Walking Wake|[anim] Ivy Cudgel Water
|-resisted|p2a: Walking Wake
|-crit|p2a: Walking Wake
|-damage|p2a: Walking Wake|67/100 par
|move|p2a: Walking Wake|Dragon Pulse|p1a: Ogerpon
|-damage|p1a: Ogerpon|26/100
|
|-weather|RainDance|[upkeep]
|upkeep
|turn|5
|
|t:|1779898661
|move|p1a: Ogerpon|Power Whip|p2a: Walking Wake
|-damage|p2a: Walking Wake|0 fnt
|faint|p2a: Walking Wake
|-end|p2a: Walking Wake|Protosynthesis|[silent]
|
|-weather|RainDance|[upkeep]
|upkeep
|inactive|pigperfect9831 has 120 seconds left.
|
|t:|1779898697
|switch|p2a: Slither Wing|Slither Wing|100/100
|turn|6
|
|t:|1779898701
|switch|p1a: Tornadus|Tornadus-Therian, M|100/100
|move|p2a: Slither Wing|First Impression|p1a: Tornadus
|-resisted|p1a: Tornadus
|-damage|p1a: Tornadus|73/100
|
|-weather|RainDance|[upkeep]
|upkeep
|turn|7
|inactive|pigperfect9831 has 120 seconds left.
|
|t:|1779898731
|-end|p2a: Slither Wing|Protosynthesis|[silent]
|switch|p2a: Ninetales|Ninetales, M|100/100
|-weather|SunnyDay|[from] ability: Drought|[of] p2a: Ninetales
|move|p1a: Tornadus|Hurricane|p2a: Ninetales|[miss]
|-miss|p1a: Tornadus|p2a: Ninetales
|
|-weather|SunnyDay|[upkeep]
|upkeep
|turn|8
|
|t:|1779898749
|switch|p1a: Pelipper|Pelipper, F|100/100
|-weather|RainDance|[from] ability: Drizzle|[of] p1a: Pelipper
|switch|p2a: Hatterene|Hatterene, F|54/100
|
|-weather|RainDance|[upkeep]
|upkeep
|turn|9
|
|t:|1779898760
|move|p1a: Pelipper|U-turn|p2a: Hatterene
|-damage|p2a: Hatterene|47/100
|
|t:|1779898773
|switch|p1a: Ogerpon|Ogerpon-Wellspring, F|26/100|[from] U-turn
|move|p2a: Hatterene|Draining Kiss|p1a: Ogerpon
|-damage|p1a: Ogerpon|0 fnt
|-heal|p2a: Hatterene|65/100|[from] drain|[of] p1a: Ogerpon
|faint|p1a: Ogerpon
|
|-weather|RainDance|[upkeep]
|upkeep
|
|t:|1779898777
|switch|p1a: Basculegion|Basculegion, M|100/100
|turn|10
|inactive|pigperfect9831 has 120 seconds left.
|
|t:|1779898789
|switch|p2a: Ninetales|Ninetales, M|100/100
|-weather|SunnyDay|[from] ability: Drought|[of] p2a: Ninetales
|move|p1a: Basculegion|Wave Crash|p2a: Ninetales
|-supereffective|p2a: Ninetales
|-damage|p2a: Ninetales|0 fnt
|faint|p2a: Ninetales
|-damage|p1a: Basculegion|70/100|[from] Recoil
|
|-weather|SunnyDay|[upkeep]
|upkeep
|
|t:|1779898802
|switch|p2a: Great Tusk|Great Tusk|100/100
|-activate|p2a: Great Tusk|ability: Protosynthesis
|-start|p2a: Great Tusk|protosynthesisatk
|turn|11
|
|t:|1779898811
|switch|p1a: Pelipper|Pelipper, F|100/100
|-weather|RainDance|[from] ability: Drizzle|[of] p1a: Pelipper
|-end|p2a: Great Tusk|Protosynthesis
|move|p2a: Great Tusk|Stealth Rock|p1a: Pelipper
|-sidestart|p1: RainyDream sky|move: Stealth Rock
|
|-weather|RainDance|[upkeep]
|upkeep
|turn|12
|inactive|pigperfect9831 has 120 seconds left.
|
|t:|1779898819
|-end|p2a: Great Tusk|Protosynthesis|[silent]
|switch|p2a: Hatterene|Hatterene, F|65/100
|move|p1a: Pelipper|Weather Ball|p2a: Hatterene
|-damage|p2a: Hatterene|11/100
|
|-weather|RainDance|[upkeep]
|upkeep
|turn|13
|
|t:|1779898827
|move|p1a: Pelipper|Weather Ball|p2a: Hatterene
|-damage|p2a: Hatterene|0 fnt
|faint|p2a: Hatterene
|
|-weather|RainDance|[upkeep]
|upkeep
|
|t:|1779898833
|switch|p2a: Talonflame|Talonflame, F|100/100
|turn|14
|
|t:|1779898843
|move|p2a: Talonflame|U-turn|p1a: Pelipper
|-resisted|p1a: Pelipper
|-damage|p1a: Pelipper|87/100
|
|t:|1779898848
|switch|p2a: Slither Wing|Slither Wing|100/100|[from] U-turn
|move|p1a: Pelipper|Weather Ball|p2a: Slither Wing
|-damage|p2a: Slither Wing|55/100
|
|-weather|RainDance|[upkeep]
|upkeep
|turn|15
|
|t:|1779898855
|switch|p1a: Hatterene|Hatterene, F|100/100
|-damage|p1a: Hatterene|88/100|[from] Stealth Rock
|move|p2a: Slither Wing|First Impression|p1a: Hatterene
|-damage|p1a: Hatterene|50/100
|-enditem|p1a: Hatterene|Eject Button
|
|t:|1779898864
|switch|p1a: Tornadus|Tornadus-Therian, M|100/100
|-damage|p1a: Tornadus|76/100|[from] Stealth Rock
|
|-weather|RainDance|[upkeep]
|upkeep
|turn|16
|
|t:|1779898875
|-end|p2a: Slither Wing|Protosynthesis|[silent]
|switch|p2a: Great Tusk|Great Tusk|100/100
|move|p1a: Tornadus|Hurricane|p2a: Great Tusk
|-supereffective|p2a: Great Tusk
|-damage|p2a: Great Tusk|0 fnt
|faint|p2a: Great Tusk
|-end|p2a: Great Tusk|Protosynthesis|[silent]
|-damage|p1a: Tornadus|66/100|[from] item: Life Orb
|
|-weather|RainDance|[upkeep]
|upkeep
|
|t:|1779898877
|switch|p2a: Talonflame|Talonflame, F|100/100
|turn|17
|
|t:|1779898893
|-terastallize|p2a: Talonflame|Flying
|move|p2a: Talonflame|Dual Wingbeat|p1a: Tornadus|[miss]
|-miss|p2a: Talonflame|p1a: Tornadus
|move|p1a: Tornadus|Weather Ball|p2a: Talonflame
|-damage|p2a: Talonflame|13/100
|-damage|p1a: Tornadus|56/100|[from] item: Life Orb
|
|-weather|RainDance|[upkeep]
|upkeep
|turn|18
|
|t:|1779898903
|move|p2a: Talonflame|Dual Wingbeat|p1a: Tornadus
|-damage|p1a: Tornadus|16/100
|-damage|p1a: Tornadus|0 fnt
|faint|p1a: Tornadus
|-hitcount|p1: Tornadus|2
|
|-weather|none
|upkeep
|
|t:|1779898907
|switch|p1a: Pelipper|Pelipper, F|87/100
|-damage|p1a: Pelipper|62/100|[from] Stealth Rock
|-weather|RainDance|[from] ability: Drizzle|[of] p1a: Pelipper
|turn|19
|
|t:|1779898912
|move|p2a: Talonflame|Dual Wingbeat|p1a: Pelipper
|-damage|p1a: Pelipper|33/100
|-damage|p1a: Pelipper|5/100
|-hitcount|p1a: Pelipper|2
|move|p1a: Pelipper|Weather Ball|p2a: Talonflame
|-damage|p2a: Talonflame|0 fnt
|faint|p2a: Talonflame
|
|-weather|RainDance|[upkeep]
|upkeep
|
|t:|1779898916
|switch|p2a: Slither Wing|Slither Wing|55/100
|turn|20
|
|t:|1779898920
|move|p2a: Slither Wing|Morning Sun|p2a: Slither Wing
|-heal|p2a: Slither Wing|79/100
|move|p1a: Pelipper|Hurricane|p2a: Slither Wing
|-supereffective|p2a: Slither Wing
|-damage|p2a: Slither Wing|0 fnt
|faint|p2a: Slither Wing
|-end|p2a: Slither Wing|Protosynthesis|[silent]
|
|win|RainyDream sky
|raw|RainyDream sky's rating: 1540 &rarr; <strong>1560</strong><br />(+20 for winning)
|raw|pigperfect9831's rating: 1544 &rarr; <strong>1524</strong><br />(-20 for losing)
|l|☆pigperfect9831
|player|p2|
|l|☆RainyDream sky
|player|p1|
