|j|☆ohko_charjabug
|j|☆evoqative
|t:|1779970911
|gametype|singles
|player|p1|ohko_charjabug|sophocles|1447
|player|p2|evoqative|hiker-gen4|1430
|gen|9
|tier|[Gen 9] OU
|rated|
|rule|HP Percentage Mod: HP is shown in percentages
|rule|Endless Battle Clause: Forcing endless battles is banned
|rule|Species Clause: Limit one of each Pokémon
|rule|OHKO Clause: OHKO moves are banned
|rule|Evasion Items Clause: Evasion items are banned
|rule|Evasion Moves Clause: Evasion moves are banned
|rule|Evasion Abilities Clause: Evasion abilities are banned
|rule|Sleep Moves Clause: Sleep-inducing moves are banned
|clearpoke
|poke|p1|Weezing-Galar, M|
|poke|p1|Kingambit, M|
|poke|p1|Gliscor, M|
|poke|p1|Kyurem|
|poke|p1|Quaquaval, M|
|poke|p1|Ogerpon-Cornerstone, F|
|poke|p2|Sneasel-Hisui, F|
|poke|p2|Iron Leaves|
|poke|p2|Ursaluna, M|
|poke|p2|Toxapex, M|
|poke|p2|Corviknight, F|
|poke|p2|Clefable, F|
|teampreview
|inactive|Battle timer is ON: inactive players will automatically lose when time's up. (requested by evoqative)
|
|t:|1779970935
|teamsize|p1|6
|teamsize|p2|6
|start
|switch|p1a: Batman|Gliscor, M|100/100
|switch|p2a: Clefable|Clefable, F, shiny|100/100
|turn|1
|
|t:|1779970939
|move|p1a: Batman|Protect|p1a: Batman
|-singleturn|p1a: Batman|Protect
|move|p2a: Clefable|Stealth Rock|p1a: Batman
|-sidestart|p1: ohko_charjabug|move: Stealth Rock
|
|-status|p1a: Batman|tox|[from] item: Toxic Orb
|upkeep
|turn|2
|
|t:|1779970943
|move|p1a: Batman|Stealth Rock|p2a: Clefable
|-sidestart|p2: evoqative|move: Stealth Rock
|move|p2a: Clefable|Encore|p1a: Batman
|-start|p1a: Batman|Encore
|
|upkeep
|turn|3
|
|t:|1779970951
|switch|p1a: Smokey|Weezing-Galar, M|100/100
|-damage|p1a: Smokey|88/100|[from] Stealth Rock
|-fieldstart|move: Misty Terrain|[from] ability: Misty Surge|[of] p1a: Smokey
|move|p2a: Clefable|Moonblast|p1a: Smokey
|-resisted|p1a: Smokey
|-damage|p1a: Smokey|64/100
|-unboost|p1a: Smokey|spa|1
|
|upkeep
|turn|4
|
|t:|1779970970
|switch|p2a: Ursaluna|Ursaluna, M, shiny|100/100
|-damage|p2a: Ursaluna|94/100|[from] Stealth Rock
|move|p1a: Smokey|Sludge Wave|p2a: Ursaluna
|-resisted|p2a: Ursaluna
|-damage|p2a: Ursaluna|80/100
|
|-heal|p2a: Ursaluna|86/100|[from] item: Leftovers
|upkeep
|turn|5
|
|t:|1779970976
|switch|p1a: Batman|Gliscor, M|100/100 tox
|-damage|p1a: Batman|88/100 tox|[from] Stealth Rock
|move|p2a: Ursaluna|Bulk Up|p2a: Ursaluna
|-boost|p2a: Ursaluna|atk|1
|-boost|p2a: Ursaluna|def|1
|
|-heal|p2a: Ursaluna|93/100|[from] item: Leftovers
|-heal|p1a: Batman|100/100 tox|[from] ability: Poison Heal
|upkeep
|turn|6
|
|t:|1779970985
|move|p1a: Batman|U-turn|p2a: Ursaluna
|-damage|p2a: Ursaluna|85/100
|
|t:|1779970997
|switch|p1a: Oni-Chan|Ogerpon-Cornerstone, F|100/100|[from] U-turn
|-damage|p1a: Oni-Chan|88/100|[from] Stealth Rock
|move|p2a: Ursaluna|Bulk Up|p2a: Ursaluna
|-boost|p2a: Ursaluna|atk|1
|-boost|p2a: Ursaluna|def|1
|
|-heal|p2a: Ursaluna|92/100|[from] item: Leftovers
|upkeep
|turn|7
|
|t:|1779971007
|move|p1a: Oni-Chan|Encore|p2a: Ursaluna
|-start|p2a: Ursaluna|Encore
|move|p2a: Ursaluna|Bulk Up|p2a: Ursaluna
|-boost|p2a: Ursaluna|atk|1
|-boost|p2a: Ursaluna|def|1
|
|-heal|p2a: Ursaluna|98/100|[from] item: Leftovers
|-fieldend|Misty Terrain
|upkeep
|turn|8
|
|t:|1779971012
|move|p1a: Oni-Chan|Horn Leech|p2a: Ursaluna
|-supereffective|p2a: Ursaluna
|-damage|p2a: Ursaluna|75/100
|-heal|p1a: Oni-Chan|100/100|[from] drain|[of] p2a: Ursaluna
|move|p2a: Ursaluna|Bulk Up|p2a: Ursaluna
|-boost|p2a: Ursaluna|atk|1
|-boost|p2a: Ursaluna|def|1
|
|-heal|p2a: Ursaluna|82/100|[from] item: Leftovers
|upkeep
|turn|9
|
|t:|1779971015
|switch|p1a: Smokey|Weezing-Galar, M|64/100
|-damage|p1a: Smokey|51/100|[from] Stealth Rock
|-fieldstart|move: Misty Terrain|[from] ability: Misty Surge|[of] p1a: Smokey
|move|p2a: Ursaluna|Bulk Up|p2a: Ursaluna
|-boost|p2a: Ursaluna|atk|1
|-boost|p2a: Ursaluna|def|1
|
|-heal|p2a: Ursaluna|88/100|[from] item: Leftovers
|-end|p2a: Ursaluna|Encore
|upkeep
|turn|10
|
|t:|1779971019
|move|p1a: Smokey|Misty Explosion|p2a: Ursaluna
|-damage|p2a: Ursaluna|17/100
|faint|p1a: Smokey
|move|p2a: Ursaluna|Body Slam|p1: Smokey|[notarget]
|-fail|p2a: Ursaluna
|
|-heal|p2a: Ursaluna|24/100|[from] item: Leftovers
|upkeep
|
|t:|1779971023
|switch|p1a: Kyutie|Kyurem|100/100
|-damage|p1a: Kyutie|75/100|[from] Stealth Rock
|-ability|p1a: Kyutie|Pressure
|turn|11
|
|t:|1779971025
|move|p2a: Ursaluna|Protect|p2a: Ursaluna
|-singleturn|p2a: Ursaluna|Protect
|move|p1a: Kyutie|Freeze-Dry|p2a: Ursaluna
|-activate|p2a: Ursaluna|move: Protect
|
|-heal|p1a: Kyutie|82/100|[from] item: Leftovers
|-heal|p2a: Ursaluna|30/100|[from] item: Leftovers
|upkeep
|turn|12
|
|t:|1779971045
|move|p1a: Kyutie|Freeze-Dry|p2a: Ursaluna
|-supereffective|p2a: Ursaluna
|-damage|p2a: Ursaluna|0 fnt
|faint|p2a: Ursaluna
|
|-heal|p1a: Kyutie|88/100|[from] item: Leftovers
|upkeep
|
|t:|1779971051
|switch|p2a: Clefable|Clefable, F, shiny|100/100
|turn|13
|
|t:|1779971058
|move|p2a: Clefable|Moonblast|p1a: Kyutie
|-supereffective|p1a: Kyutie
|-damage|p1a: Kyutie|30/100
|-unboost|p1a: Kyutie|spa|1
|move|p1a: Kyutie|Roar|p2a: Clefable
|drag|p2a: Sneasel|Sneasel-Hisui, F, shiny|100/100
|-damage|p2a: Sneasel|95/100|[from] Stealth Rock
|
|-heal|p1a: Kyutie|36/100|[from] item: Leftovers
|-fieldend|Misty Terrain
|upkeep
|turn|14
|
|t:|1779971070
|switch|p1a: King Pin|Kingambit, M|100/100
|-damage|p1a: King Pin|94/100|[from] Stealth Rock
|-activate|p1a: King Pin|ability: Supreme Overlord
|-start|p1a: King Pin|fallen1|[silent]
|move|p2a: Sneasel|Swords Dance|p2a: Sneasel
|-boost|p2a: Sneasel|atk|2
|
|-heal|p1a: King Pin|100/100|[from] item: Leftovers
|upkeep
|turn|15
|
|t:|1779971077
|move|p2a: Sneasel|Close Combat|p1a: King Pin
|-supereffective|p1a: King Pin
|-damage|p1a: King Pin|0 fnt
|-unboost|p2a: Sneasel|def|1
|-unboost|p2a: Sneasel|spd|1
|faint|p1a: King Pin
|-end|p1a: King Pin|fallen1|[silent]
|
|upkeep
|
|t:|1779971087
|switch|p1a: Gooey|Quaquaval, M|100/100
|-damage|p1a: Gooey|94/100|[from] Stealth Rock
|turn|16
|
|t:|1779971100
|move|p2a: Sneasel|Close Combat|p1a: Gooey
|-damage|p1a: Gooey|0 fnt
|-unboost|p2a: Sneasel|def|1
|-unboost|p2a: Sneasel|spd|1
|faint|p1a: Gooey
|
|upkeep
|
|t:|1779971105
|switch|p1a: Batman|Gliscor, M|100/100 tox
|-damage|p1a: Batman|88/100 tox|[from] Stealth Rock
|turn|17
|
|t:|1779971115
|switch|p2a: Clefable|Clefable, F, shiny|100/100
|-terastallize|p1a: Batman|Water
|move|p1a: Batman|U-turn|p2a: Clefable
|-resisted|p2a: Clefable
|-damage|p2a: Clefable|95/100
|
|t:|1779971117
|switch|p1a: Oni-Chan|Ogerpon-Cornerstone, F|100/100|[from] U-turn
|-damage|p1a: Oni-Chan|88/100|[from] Stealth Rock
|
|upkeep
|turn|18
|
|t:|1779971123
|move|p1a: Oni-Chan|Horn Leech|p2a: Clefable
|-damage|p2a: Clefable|60/100
|-heal|p1a: Oni-Chan|100/100|[from] drain|[of] p2a: Clefable
|move|p2a: Clefable|Moonblast|p1a: Oni-Chan
|-damage|p1a: Oni-Chan|65/100
|
|upkeep
|turn|19
|
|t:|1779971130
|switch|p2a: Iron Leaves|Iron Leaves|100/100
|-damage|p2a: Iron Leaves|88/100|[from] Stealth Rock
|-enditem|p2a: Iron Leaves|Booster Energy
|-activate|p2a: Iron Leaves|ability: Quark Drive|[fromitem]
|-start|p2a: Iron Leaves|quarkdrivespe
|move|p1a: Oni-Chan|Horn Leech|p2a: Iron Leaves
|-resisted|p2a: Iron Leaves
|-damage|p2a: Iron Leaves|64/100
|-heal|p1a: Oni-Chan|79/100|[from] drain|[of] p2a: Iron Leaves
|
|upkeep
|turn|20
|
|t:|1779971136
|move|p2a: Iron Leaves|Sacred Sword|p1a: Oni-Chan
|-supereffective|p1a: Oni-Chan
|-damage|p1a: Oni-Chan|3/100
|move|p1a: Oni-Chan|Ivy Cudgel|p2a: Iron Leaves|[anim] Ivy Cudgel Rock
|-damage|p2a: Iron Leaves|3/100
|
|upkeep
|turn|21
|
|t:|1779971142
|move|p2a: Iron Leaves|Sacred Sword|p1a: Oni-Chan
|-supereffective|p1a: Oni-Chan
|-damage|p1a: Oni-Chan|0 fnt
|faint|p1a: Oni-Chan
|
|upkeep
|
|t:|1779971144
|switch|p1a: Batman|Gliscor, M, tera:Water|88/100 tox
|-damage|p1a: Batman|75/100 tox|[from] Stealth Rock
|turn|22
|
|t:|1779971146
|move|p2a: Iron Leaves|Leaf Blade|p1a: Batman
|-supereffective|p1a: Batman
|-damage|p1a: Batman|11/100 tox
|move|p1a: Batman|Earthquake|p2a: Iron Leaves
|-resisted|p2a: Iron Leaves
|-damage|p2a: Iron Leaves|0 fnt
|faint|p2a: Iron Leaves
|-end|p2a: Iron Leaves|Quark Drive|[silent]
|
|-heal|p1a: Batman|23/100 tox|[from] ability: Poison Heal
|upkeep
|
|t:|1779971156
|switch|p2a: Sneasel|Sneasel-Hisui, F, shiny|95/100
|-damage|p2a: Sneasel|89/100|[from] Stealth Rock
|turn|23
|
|t:|1779971160
|move|p2a: Sneasel|Close Combat|p1a: Batman
|-damage|p1a: Batman|0 fnt
|-unboost|p2a: Sneasel|def|1
|-unboost|p2a: Sneasel|spd|1
|faint|p1a: Batman
|
|upkeep
|
|t:|1779971161
|switch|p1a: Kyutie|Kyurem|36/100
|-damage|p1a: Kyutie|11/100|[from] Stealth Rock
|-ability|p1a: Kyutie|Pressure
|turn|24
|
|t:|1779971164
|move|p2a: Sneasel|Close Combat|p1a: Kyutie
|-supereffective|p1a: Kyutie
|-damage|p1a: Kyutie|0 fnt
|-unboost|p2a: Sneasel|def|1
|-unboost|p2a: Sneasel|spd|1
|faint|p1a: Kyutie
|
|win|evoqative
|raw|ohko_charjabug's rating: 1447 &rarr; <strong>1426</strong><br />(-21 for losing)
|raw|evoqative's rating: 1430 &rarr; <strong>1451</strong><br />(+21 for winning)
|l|☆ohko_charjabug
|player|p1|
|l|☆evoqative
|player|p2|
