|j|☆tigereyehs
|j|☆Mr_Stonks0406
|t:|1779944136
|gametype|singles
|player|p1|tigereyehs|gambler|1470
|player|p2|Mr_Stonks0406|102|1456
|gen|9
|tier|[Gen 9] OU
|rated|
|rule|HP Percentage Mod: HP is shown in percentages
|rule|Endless Battle Clause: Forcing endless battles is banned
|rule|Species Clause: Limit one of each Pokémon
|rule|OHKO Clause: OHKO moves are banned
|rule|Evasion Items Clause: Evasion items are banned
|rule|Evasion Moves Clause: Evasion moves are banned
|rule|Evasion Abilities Clause: Evasion abilities are banned
|rule|Sleep Moves Clause: Sleep-inducing moves are banned
|clearpoke
|poke|p1|Iron Moth|
|poke|p1|Gliscor, M|
|poke|p1|Hatterene, F|
|poke|p1|Ogerpon-Wellspring, F|
|poke|p1|Raging Bolt|
|poke|p1|Zamazenta-*|
|poke|p2|Meowscarada, M|
|poke|p2|Pecharunt|
|poke|p2|Enamorus, F|
|poke|p2|Iron Treads|
|poke|p2|Corviknight, M|
|poke|p2|Slowking, F|
|teampreview
|
|t:|1779944150
|teamsize|p1|6
|teamsize|p2|6
|start
|switch|p1a: Zamazenta|Zamazenta, shiny|100/100
|switch|p2a: Meowscarada|Meowscarada, M|100/100
|-ability|p1a: Zamazenta|Dauntless Shield|boost
|-boost|p1a: Zamazenta|def|1
|turn|1
|inactive|Battle timer is ON: inactive players will automatically lose when time's up. (requested by tigereyehs)
|
|t:|1779944158
|switch|p2a: Pecharunt|Pecharunt|100/100
|move|p1a: Zamazenta|Close Combat|p2a: Pecharunt
|-immune|p2a: Pecharunt
|
|upkeep
|turn|2
|
|t:|1779944173
|move|p1a: Zamazenta|Light Screen|p1a: Zamazenta
|-sidestart|p1: tigereyehs|move: Light Screen
|move|p2a: Pecharunt|Parting Shot|p1a: Zamazenta
|-unboost|p1a: Zamazenta|atk|1
|-unboost|p1a: Zamazenta|spa|1
|
|t:|1779944183
|switch|p2a: Iron Treads|Iron Treads|100/100|[from] Parting Shot
|
|upkeep
|turn|3
|
|t:|1779944186
|-end|p2a: Iron Treads|Quark Drive|[silent]
|switch|p2a: Pecharunt|Pecharunt|100/100
|move|p1a: Zamazenta|Reflect|p1a: Zamazenta
|-sidestart|p1: tigereyehs|Reflect
|
|upkeep
|turn|4
|
|t:|1779944197
|switch|p1a: Iron Moth|Iron Moth|100/100
|-enditem|p1a: Iron Moth|Booster Energy
|-activate|p1a: Iron Moth|ability: Quark Drive|[fromitem]
|-start|p1a: Iron Moth|quarkdrivespe
|move|p2a: Pecharunt|Parting Shot|p1a: Iron Moth
|-unboost|p1a: Iron Moth|atk|1
|-unboost|p1a: Iron Moth|spa|1
|
|t:|1779944208
|switch|p2a: Slowking|Slowking, F|100/100|[from] Parting Shot
|
|upkeep
|turn|5
|
|t:|1779944218
|move|p1a: Iron Moth|Toxic Spikes|p2a: Slowking
|-sidestart|p2: Mr_Stonks0406|move: Toxic Spikes
|move|p2a: Slowking|Psyshock|p1a: Iron Moth
|-supereffective|p1a: Iron Moth
|-damage|p1a: Iron Moth|57/100
|
|upkeep
|turn|6
|
|t:|1779944226
|-end|p1a: Iron Moth|Quark Drive|[silent]
|switch|p1a: Hatterene|Hatterene, F|100/100
|move|p2a: Slowking|Psyshock|p1a: Hatterene
|-resisted|p1a: Hatterene
|-damage|p1a: Hatterene|94/100
|
|-heal|p1a: Hatterene|99/100|[from] item: Leftovers
|upkeep
|turn|7
|
|t:|1779944234
|switch|p2a: Iron Treads|Iron Treads|100/100
|move|p1a: Hatterene|Calm Mind|p1a: Hatterene
|-boost|p1a: Hatterene|spa|1
|-boost|p1a: Hatterene|spd|1
|
|-heal|p1a: Hatterene|100/100|[from] item: Leftovers
|upkeep
|turn|8
|
|t:|1779944242
|-terastallize|p1a: Hatterene|Water
|move|p2a: Iron Treads|Rapid Spin|p1a: Hatterene
|-damage|p1a: Hatterene|95/100
|-boost|p2a: Iron Treads|spe|1
|-sideend|p2: Mr_Stonks0406|Toxic Spikes|[from] move: Rapid Spin|[of] p2a: Iron Treads
|move|p1a: Hatterene|Calm Mind|p1a: Hatterene
|-boost|p1a: Hatterene|spa|1
|-boost|p1a: Hatterene|spd|1
|
|-heal|p1a: Hatterene|100/100|[from] item: Leftovers
|upkeep
|turn|9
|inactive|Mr_Stonks0406 has 120 seconds left.
|inactive|Mr_Stonks0406 has 90 seconds left.
|
|t:|1779944304
|-end|p2a: Iron Treads|Quark Drive|[silent]
|switch|p2a: Corviknight|Corviknight, M|100/100
|-ability|p2a: Corviknight|Pressure
|move|p1a: Hatterene|Calm Mind|p1a: Hatterene
|-boost|p1a: Hatterene|spa|1
|-boost|p1a: Hatterene|spd|1
|
|-sideend|p1: tigereyehs|move: Light Screen
|upkeep
|turn|10
|inactive|Mr_Stonks0406 has 90 seconds left.
|
|t:|1779944316
|move|p2a: Corviknight|Defog|p1a: Hatterene
|move|p1a: Hatterene|Defog|p2a: Corviknight|[from] ability: Magic Bounce
|-unboost|p2a: Corviknight|evasion|1
|move|p1a: Hatterene|Mystical Fire|p2a: Corviknight
|-supereffective|p2a: Corviknight
|-damage|p2a: Corviknight|0 fnt
|faint|p2a: Corviknight
|
|-sideend|p1: tigereyehs|Reflect
|upkeep
|inactive|Mr_Stonks0406 has 90 seconds left.
|
|t:|1779944323
|switch|p2a: Meowscarada|Meowscarada, M|100/100
|turn|11
|
|t:|1779944327
|move|p2a: Meowscarada|Flower Trick|p1a: Hatterene
|-start|p2a: Meowscarada|typechange|Grass|[from] ability: Protean
|-supereffective|p1a: Hatterene
|-crit|p1a: Hatterene
|-damage|p1a: Hatterene|0 fnt
|faint|p1a: Hatterene
|
|upkeep
|
|t:|1779944335
|switch|p1a: Zamazenta|Zamazenta, shiny|100/100
|turn|12
|
|t:|1779944343
|switch|p2a: Enamorus|Enamorus, F|100/100
|move|p1a: Zamazenta|Light Screen|p1a: Zamazenta
|-sidestart|p1: tigereyehs|move: Light Screen
|
|upkeep
|turn|13
|
|t:|1779944352
|move|p2a: Enamorus|Earth Power|p1a: Zamazenta
|-damage|p1a: Zamazenta|87/100
|move|p1a: Zamazenta|Ice Fang|p2a: Enamorus
|-supereffective|p2a: Enamorus
|-damage|p2a: Enamorus|47/100
|
|upkeep
|turn|14
|inactive|Mr_Stonks0406 has 120 seconds left.
|
|t:|1779944361
|switch|p2a: Pecharunt|Pecharunt|100/100
|move|p1a: Zamazenta|Reflect|p1a: Zamazenta
|-sidestart|p1: tigereyehs|Reflect
|
|upkeep
|turn|15
|
|t:|1779944370
|switch|p1a: Iron Moth|Iron Moth|57/100
|move|p2a: Pecharunt|Parting Shot|p1a: Iron Moth
|-unboost|p1a: Iron Moth|atk|1
|-unboost|p1a: Iron Moth|spa|1
|
|t:|1779944373
|switch|p2a: Slowking|Slowking, F|100/100|[from] Parting Shot
|
|upkeep
|turn|16
|
|t:|1779944381
|move|p1a: Iron Moth|Sludge Wave|p2a: Slowking
|-damage|p2a: Slowking|87/100
|move|p2a: Slowking|Psyshock|p1a: Iron Moth
|-supereffective|p1a: Iron Moth
|-damage|p1a: Iron Moth|11/100
|
|upkeep
|turn|17
|
|t:|1779944387
|move|p1a: Iron Moth|Toxic Spikes|p2a: Slowking
|-sidestart|p2: Mr_Stonks0406|move: Toxic Spikes
|move|p2a: Slowking|Psyshock|p1a: Iron Moth
|-supereffective|p1a: Iron Moth
|-damage|p1a: Iron Moth|0 fnt
|faint|p1a: Iron Moth
|-end|p1a: Iron Moth|Quark Drive|[silent]
|
|upkeep
|
|t:|1779944392
|switch|p1a: Gliscor|Gliscor, M|100/100
|turn|18
|inactive|Mr_Stonks0406 has 120 seconds left.
|
|t:|1779944425
|switch|p2a: Pecharunt|Pecharunt|100/100
|-sideend|p2: Mr_Stonks0406|move: Toxic Spikes|[of] p2a: Pecharunt
|move|p1a: Gliscor|Swords Dance|p1a: Gliscor
|-boost|p1a: Gliscor|atk|2
|
|-status|p1a: Gliscor|tox|[from] item: Toxic Orb
|upkeep
|turn|19
|inactive|Mr_Stonks0406 has 120 seconds left.
|
|t:|1779944444
|switch|p2a: Slowking|Slowking, F|100/100
|move|p1a: Gliscor|Agility|p1a: Gliscor
|-boost|p1a: Gliscor|spe|2
|
|-sideend|p1: tigereyehs|move: Light Screen
|upkeep
|turn|20
|inactive|Mr_Stonks0406 has 120 seconds left.
|
|t:|1779944450
|move|p1a: Gliscor|Swords Dance|p1a: Gliscor
|-boost|p1a: Gliscor|atk|2
|move|p2a: Slowking|Scald|p1a: Gliscor
|-supereffective|p1a: Gliscor
|-damage|p1a: Gliscor|19/100 tox
|
|-heal|p1a: Gliscor|31/100 tox|[from] ability: Poison Heal
|upkeep
|turn|21
|
|t:|1779944458
|move|p1a: Gliscor|Facade|p2a: Slowking
|-damage|p2a: Slowking|0 fnt
|faint|p2a: Slowking
|
|-heal|p1a: Gliscor|44/100 tox|[from] ability: Poison Heal
|-sideend|p1: tigereyehs|Reflect
|upkeep
|
|t:|1779944464
|switch|p2a: Enamorus|Enamorus, F|47/100
|turn|22
|
|t:|1779944466
|move|p1a: Gliscor|Facade|p2a: Enamorus
|-damage|p2a: Enamorus|0 fnt
|faint|p2a: Enamorus
|
|-heal|p1a: Gliscor|56/100 tox|[from] ability: Poison Heal
|upkeep
|inactive|Mr_Stonks0406 has 120 seconds left.
|
|t:|1779944487
|switch|p2a: Pecharunt|Pecharunt|100/100
|turn|23
|
|t:|1779944492
|-terastallize|p2a: Pecharunt|Dark
|move|p1a: Gliscor|Earthquake|p2a: Pecharunt
|-crit|p2a: Pecharunt
|-damage|p2a: Pecharunt|9/100
|move|p2a: Pecharunt|Foul Play|p1a: Gliscor
|-damage|p1a: Gliscor|0 fnt
|faint|p1a: Gliscor
|
|upkeep
|
|t:|1779944504
|switch|p1a: Zamazenta|Zamazenta, shiny|87/100
|turn|24
|
|t:|1779944516
|move|p1a: Zamazenta|Close Combat|p2a: Pecharunt
|-supereffective|p2a: Pecharunt
|-damage|p2a: Pecharunt|0 fnt
|-unboost|p1a: Zamazenta|def|1
|-unboost|p1a: Zamazenta|spd|1
|-damage|p1a: Zamazenta|70/100|[from] item: Rocky Helmet|[of] p2a: Pecharunt
|faint|p2a: Pecharunt
|
|upkeep
|-message|Mr_Stonks0406 forfeited.
|
|win|tigereyehs
|raw|tigereyehs's rating: 1470 &rarr; <strong>1489</strong><br />(+19 for winning)
|raw|Mr_Stonks0406's rating: 1456 &rarr; <strong>1437</strong><br />(-19 for losing)
|l|☆Mr_Stonks0406
|player|p2|
|l|☆tigereyehs
|player|p1|
