|j|☆MouseMont
|j|☆zamnezia
|t:|1779903442
|gametype|singles
|player|p1|MouseMont|pokemonrangerf-gen4|1092
|player|p2|zamnezia|cynthia|1151
|gen|9
|tier|[Gen 9] OU
|rated|
|rule|HP Percentage Mod: HP is shown in percentages
|rule|Endless Battle Clause: Forcing endless battles is banned
|rule|Species Clause: Limit one of each Pokémon
|rule|OHKO Clause: OHKO moves are banned
|rule|Evasion Items Clause: Evasion items are banned
|rule|Evasion Moves Clause: Evasion moves are banned
|rule|Evasion Abilities Clause: Evasion abilities are banned
|rule|Sleep Moves Clause: Sleep-inducing moves are banned
|clearpoke
|poke|p1|Rotom-Mow|
|poke|p1|Overqwil, F|
|poke|p1|Scream Tail|
|poke|p1|Tauros-Paldea-Blaze, M|
|poke|p1|Wugtrio, M|
|poke|p1|Golem-Alola, M|
|poke|p2|Breloom, M|
|poke|p2|Skeledirge, M|
|poke|p2|Ogerpon-Cornerstone, F|
|poke|p2|Sinistcha|
|poke|p2|Rillaboom, F|
|poke|p2|Volcanion|
|teampreview
|inactive|Battle timer is ON: inactive players will automatically lose when time's up. (requested by zamnezia)
|
|t:|1779903458
|teamsize|p1|6
|teamsize|p2|6
|start
|switch|p1a: Tauros|Tauros-Paldea-Blaze, M|100/100
|switch|p2a: Rillaboom|Rillaboom, F|100/100
|-ability|p1a: Tauros|Intimidate|boost
|-unboost|p2a: Rillaboom|atk|1
|-fieldstart|move: Grassy Terrain|[from] ability: Grassy Surge|[of] p2a: Rillaboom
|turn|1
|
|t:|1779903468
|switch|p2a: Volcanion|Volcanion|100/100
|move|p1a: Tauros|Flare Blitz|p2a: Volcanion
|-resisted|p2a: Volcanion
|-damage|p2a: Volcanion|84/100
|-damage|p1a: Tauros|94/100|[from] Recoil
|
|-heal|p1a: Tauros|99/100|[from] Grassy Terrain
|-heal|p2a: Volcanion|90/100|[from] Grassy Terrain
|upkeep
|turn|2
|
|t:|1779903483
|switch|p1a: Golem|Golem-Alola, M|100/100
|-item|p1a: Golem|Air Balloon
|move|p2a: Volcanion|Steam Eruption|p1a: Golem|[miss]
|-miss|p2a: Volcanion|p1a: Golem
|
|-heal|p2a: Volcanion|96/100|[from] Grassy Terrain
|upkeep
|turn|3
|
|t:|1779903493
|move|p1a: Golem|Explosion|p2a: Volcanion
|-supereffective|p2a: Volcanion
|-damage|p2a: Volcanion|0 fnt
|faint|p1a: Golem
|faint|p2a: Volcanion
|
|upkeep
|
|t:|1779903500
|switch|p1a: Wugtrio|Wugtrio, M, shiny|100/100
|switch|p2a: Breloom|Breloom, M|100/100
|turn|4
|
|t:|1779903504
|switch|p1a: Tauros|Tauros-Paldea-Blaze, M|99/100
|-ability|p1a: Tauros|Intimidate|boost
|-unboost|p2a: Breloom|atk|1
|move|p2a: Breloom|Substitute|p2a: Breloom
|-start|p2a: Breloom|Substitute
|-damage|p2a: Breloom|76/100
|
|-heal|p1a: Tauros|100/100|[from] Grassy Terrain
|-heal|p2a: Breloom|82/100|[from] Grassy Terrain
|upkeep
|turn|5
|
|t:|1779903511
|move|p1a: Tauros|Flare Blitz|p2a: Breloom
|-supereffective|p2a: Breloom
|-end|p2a: Breloom|Substitute
|-damage|p1a: Tauros|93/100|[from] Recoil|[of] p2a: Breloom
|move|p2a: Breloom|Rock Tomb|p1a: Tauros
|-damage|p1a: Tauros|65/100
|-unboost|p1a: Tauros|spe|1
|
|-heal|p2a: Breloom|88/100|[from] Grassy Terrain
|-heal|p1a: Tauros|72/100|[from] Grassy Terrain
|upkeep
|turn|6
|
|t:|1779903523
|switch|p2a: Skeledirge|Skeledirge, M|100/100
|move|p1a: Tauros|Flare Blitz|p2a: Skeledirge
|-resisted|p2a: Skeledirge
|-damage|p2a: Skeledirge|65/100
|-damage|p1a: Tauros|55/100|[from] Recoil
|
|-heal|p1a: Tauros|61/100|[from] Grassy Terrain
|-heal|p2a: Skeledirge|71/100|[from] Grassy Terrain
|upkeep
|turn|7
|
|t:|1779903533
|switch|p1a: Wugtrio|Wugtrio, M, shiny|100/100
|move|p2a: Skeledirge|Slack Off|p2a: Skeledirge
|-heal|p2a: Skeledirge|100/100
|
|upkeep
|turn|8
|
|t:|1779903540
|move|p1a: Wugtrio|Triple Dive|p2a: Skeledirge
|-supereffective|p2a: Skeledirge
|-damage|p2a: Skeledirge|79/100
|-supereffective|p2a: Skeledirge
|-damage|p2a: Skeledirge|57/100
|-supereffective|p2a: Skeledirge
|-damage|p2a: Skeledirge|33/100
|-hitcount|p2a: Skeledirge|3
|move|p2a: Skeledirge|Will-O-Wisp|p1a: Wugtrio|[miss]
|-miss|p2a: Skeledirge|p1a: Wugtrio
|
|-heal|p2a: Skeledirge|39/100|[from] Grassy Terrain
|-fieldend|move: Grassy Terrain
|upkeep
|turn|9
|
|t:|1779903548
|switch|p2a: Rillaboom|Rillaboom, F|100/100
|-fieldstart|move: Grassy Terrain|[from] ability: Grassy Surge|[of] p2a: Rillaboom
|move|p1a: Wugtrio|Triple Dive|p2a: Rillaboom
|-resisted|p2a: Rillaboom
|-damage|p2a: Rillaboom|94/100
|-resisted|p2a: Rillaboom
|-damage|p2a: Rillaboom|88/100
|-resisted|p2a: Rillaboom
|-damage|p2a: Rillaboom|82/100
|-hitcount|p2a: Rillaboom|3
|
|-heal|p2a: Rillaboom|88/100|[from] Grassy Terrain
|upkeep
|turn|10
|
|t:|1779903554
|switch|p1a: Tauros|Tauros-Paldea-Blaze, M|61/100
|-ability|p1a: Tauros|Intimidate|boost
|-unboost|p2a: Rillaboom|atk|1
|move|p2a: Rillaboom|U-turn|p1a: Tauros
|-resisted|p1a: Tauros
|-damage|p1a: Tauros|56/100
|c|☆zamnezia|Double miss really
|
|t:|1779903577
|switch|p2a: Ogerpon|Ogerpon-Cornerstone, F|100/100|[from] U-turn
|
|-heal|p1a: Tauros|62/100|[from] Grassy Terrain
|upkeep
|turn|11
|
|t:|1779903584
|move|p2a: Ogerpon|Ivy Cudgel|p1a: Tauros|[anim] Ivy Cudgel Rock
|-damage|p1a: Tauros|0 fnt
|faint|p1a: Tauros
|
|upkeep
|l|☆zamnezia
|inactive|zamnezia disconnected and has a minute to reconnect!
|player|p2|
|
|t:|1779903607
|switch|p1a: Scream Tail|Scream Tail|100/100
|-enditem|p1a: Scream Tail|Booster Energy
|-activate|p1a: Scream Tail|ability: Protosynthesis|[fromitem]
|-start|p1a: Scream Tail|protosynthesisspe
|turn|12
|j|☆zamnezia
|inactive|zamnezia reconnected and has 135 seconds left.
|player|p2|zamnezia|cynthia|
|
|t:|1779903626
|move|p1a: Scream Tail|Psychic Noise|p2a: Ogerpon
|-damage|p2a: Ogerpon|72/100
|-start|p2a: Ogerpon|move: Heal Block
|cant|p2a: Ogerpon|move: Heal Block|Horn Leech
|
|upkeep
|turn|13
|
|t:|1779903637
|switch|p2a: Rillaboom|Rillaboom, F|88/100
|move|p1a: Scream Tail|Fire Blast|p2a: Rillaboom
|-supereffective|p2a: Rillaboom
|-damage|p2a: Rillaboom|34/100
|
|-heal|p2a: Rillaboom|40/100|[from] Grassy Terrain
|upkeep
|turn|14
|
|t:|1779903645
|move|p2a: Rillaboom|Grassy Glide|p1a: Scream Tail
|-damage|p1a: Scream Tail|62/100
|move|p1a: Scream Tail|Fire Blast|p2a: Rillaboom|[miss]
|-miss|p1a: Scream Tail|p2a: Rillaboom
|
|-heal|p1a: Scream Tail|68/100|[from] Grassy Terrain
|-heal|p2a: Rillaboom|46/100|[from] Grassy Terrain
|upkeep
|turn|15
|
|t:|1779903653
|move|p1a: Scream Tail|Fire Blast|p2a: Rillaboom|[miss]
|-miss|p1a: Scream Tail|p2a: Rillaboom
|move|p2a: Rillaboom|U-turn|p1a: Scream Tail
|-damage|p1a: Scream Tail|43/100
|
|t:|1779903655
|switch|p2a: Skeledirge|Skeledirge, M|39/100|[from] U-turn
|
|-heal|p1a: Scream Tail|49/100|[from] Grassy Terrain
|-heal|p2a: Skeledirge|45/100|[from] Grassy Terrain
|upkeep
|turn|16
|c|☆zamnezia|Sorry
|
|t:|1779903662
|move|p1a: Scream Tail|Psychic Noise|p2a: Skeledirge
|-damage|p2a: Skeledirge|26/100
|-start|p2a: Skeledirge|move: Heal Block
|cant|p2a: Skeledirge|move: Heal Block|Slack Off
|
|-heal|p1a: Scream Tail|55/100|[from] Grassy Terrain
|-fieldend|move: Grassy Terrain
|upkeep
|turn|17
|
|t:|1779903675
|move|p1a: Scream Tail|Psychic Noise|p2a: Skeledirge
|-damage|p2a: Skeledirge|9/100
|move|p2a: Skeledirge|Torch Song|p1a: Scream Tail
|-damage|p1a: Scream Tail|33/100
|-boost|p2a: Skeledirge|spa|1
|
|-end|p2a: Skeledirge|move: Heal Block
|upkeep
|turn|18
|
|t:|1779903678
|move|p1a: Scream Tail|Psychic Noise|p2a: Skeledirge
|-damage|p2a: Skeledirge|0 fnt
|faint|p2a: Skeledirge
|
|upkeep
|
|t:|1779903682
|switch|p2a: Rillaboom|Rillaboom, F|46/100
|-fieldstart|move: Grassy Terrain|[from] ability: Grassy Surge|[of] p2a: Rillaboom
|turn|19
|
|t:|1779903686
|move|p2a: Rillaboom|Grassy Glide|p1a: Scream Tail
|-damage|p1a: Scream Tail|0 fnt
|faint|p1a: Scream Tail
|-end|p1a: Scream Tail|Protosynthesis|[silent]
|
|-heal|p2a: Rillaboom|52/100|[from] Grassy Terrain
|upkeep
|
|t:|1779903694
|switch|p1a: Overqwil|Overqwil, F|100/100
|-ability|p1a: Overqwil|Intimidate|boost
|-unboost|p2a: Rillaboom|atk|1
|turn|20
|
|t:|1779903714
|move|p2a: Rillaboom|Grassy Glide|p1a: Overqwil
|-resisted|p1a: Overqwil
|-damage|p1a: Overqwil|86/100
|move|p1a: Overqwil|Gunk Shot|p2a: Rillaboom
|-supereffective|p2a: Rillaboom
|-damage|p2a: Rillaboom|0 fnt
|faint|p2a: Rillaboom
|
|-heal|p1a: Overqwil|92/100|[from] Grassy Terrain
|upkeep
|
|t:|1779903719
|switch|p2a: Ogerpon|Ogerpon-Cornerstone, F|72/100
|turn|21
|
|t:|1779903734
|move|p2a: Ogerpon|Ivy Cudgel|p1a: Overqwil|[anim] Ivy Cudgel Rock
|-damage|p1a: Overqwil|22/100
|move|p1a: Overqwil|Gunk Shot|p2a: Ogerpon|[miss]
|-miss|p1a: Overqwil|p2a: Ogerpon
|
|-heal|p2a: Ogerpon|78/100|[from] Grassy Terrain
|-heal|p1a: Overqwil|28/100|[from] Grassy Terrain
|upkeep
|turn|22
|l|☆zamnezia
|inactive|zamnezia disconnected and has a minute to reconnect!
|player|p2|
|inactive|zamnezia has 30 seconds to reconnect!
|inactive|zamnezia has 20 seconds to reconnect!
|inactive|zamnezia has 15 seconds to reconnect!
|inactive|zamnezia has 10 seconds to reconnect!
|inactive|zamnezia has 5 seconds to reconnect!
|-message|zamnezia lost due to inactivity.
|
|win|MouseMont
|raw|MouseMont's rating: 1092 &rarr; <strong>1123</strong><br />(+31 for winning)
|raw|zamnezia's rating: 1151 &rarr; <strong>1122</strong><br />(-29 for losing)
|l|☆MouseMont
|player|p1|
