|j|☆gqgamer5367
|j|☆ChicomeOllin
|t:|1779941754
|gametype|singles
|player|p1|gqgamer5367|n|1101
|player|p2|ChicomeOllin|harlequin|1137
|gen|9
|tier|[Gen 9] OU
|rated|
|rule|HP Percentage Mod: HP is shown in percentages
|rule|Endless Battle Clause: Forcing endless battles is banned
|rule|Species Clause: Limit one of each Pokémon
|rule|OHKO Clause: OHKO moves are banned
|rule|Evasion Items Clause: Evasion items are banned
|rule|Evasion Moves Clause: Evasion moves are banned
|rule|Evasion Abilities Clause: Evasion abilities are banned
|rule|Sleep Moves Clause: Sleep-inducing moves are banned
|clearpoke
|poke|p1|Blissey, F|
|poke|p1|Dondozo, M|
|poke|p1|Gliscor, M|
|poke|p1|Alomomola, M|
|poke|p1|Gholdengo|
|poke|p1|Ting-Lu|
|poke|p2|Sylveon, M|
|poke|p2|Falinks|
|poke|p2|Ceruledge, M|
|poke|p2|Dedenne, M|
|poke|p2|Quaquaval, F|
|poke|p2|Ursaluna, F|
|teampreview
|inactive|Battle timer is ON: inactive players will automatically lose when time's up. (requested by gqgamer5367)
|
|t:|1779941761
|teamsize|p1|6
|teamsize|p2|6
|start
|switch|p1a: Ting-Lu|Ting-Lu|100/100
|switch|p2a: Peréz|Dedenne, M|100/100
|-ability|p1a: Ting-Lu|Vessel of Ruin
|turn|1
|
|t:|1779941774
|switch|p2a: Shiva|Quaquaval, F|100/100
|move|p1a: Ting-Lu|Spikes|p2a: Shiva
|-sidestart|p2: ChicomeOllin|Spikes
|
|upkeep
|turn|2
|
|t:|1779941785
|move|p2a: Shiva|Aqua Step|p1a: Ting-Lu
|-supereffective|p1a: Ting-Lu
|-damage|p1a: Ting-Lu|61/100
|-boost|p2a: Shiva|spe|1
|move|p1a: Ting-Lu|Whirlwind|p2a: Shiva
|drag|p2a: Oberon|Sylveon, M|100/100
|-damage|p2a: Oberon|88/100|[from] Spikes
|
|-heal|p1a: Ting-Lu|67/100|[from] item: Leftovers
|upkeep
|turn|3
|
|t:|1779941804
|move|p2a: Oberon|Draining Kiss|p1a: Ting-Lu
|-supereffective|p1a: Ting-Lu
|-damage|p1a: Ting-Lu|43/100
|-heal|p2a: Oberon|100/100|[from] drain|[of] p1a: Ting-Lu
|move|p1a: Ting-Lu|Whirlwind|p2a: Oberon
|drag|p2a: Peréz|Dedenne, M|100/100
|-damage|p2a: Peréz|88/100|[from] Spikes
|
|-heal|p1a: Ting-Lu|50/100|[from] item: Leftovers
|upkeep
|turn|4
|
|t:|1779941822
|move|p2a: Peréz|Dazzling Gleam|p1a: Ting-Lu
|-supereffective|p1a: Ting-Lu
|-damage|p1a: Ting-Lu|25/100
|move|p1a: Ting-Lu|Earthquake|p2a: Peréz
|-supereffective|p2a: Peréz
|-damage|p2a: Peréz|0 fnt
|faint|p2a: Peréz
|
|-heal|p1a: Ting-Lu|31/100|[from] item: Leftovers
|upkeep
|
|t:|1779941832
|switch|p2a: Shiva|Quaquaval, F|100/100
|turn|5
|
|t:|1779941840
|move|p2a: Shiva|Close Combat|p1a: Ting-Lu
|-supereffective|p1a: Ting-Lu
|-damage|p1a: Ting-Lu|0 fnt
|-unboost|p2a: Shiva|def|1
|-unboost|p2a: Shiva|spd|1
|faint|p1a: Ting-Lu
|-ability|p2a: Shiva|Moxie|boost
|-boost|p2a: Shiva|atk|1
|
|upkeep
|
|t:|1779941858
|switch|p1a: Gholdengo|Gholdengo|100/100
|turn|6
|
|t:|1779941870
|move|p2a: Shiva|Aqua Step|p1a: Gholdengo
|-damage|p1a: Gholdengo|59/100
|-boost|p2a: Shiva|spe|1
|move|p1a: Gholdengo|Make It Rain|p2a: Shiva
|-resisted|p2a: Shiva
|-crit|p2a: Shiva
|-damage|p2a: Shiva|16/100
|-unboost|p1a: Gholdengo|spa|1
|
|-heal|p1a: Gholdengo|65/100|[from] item: Leftovers
|upkeep
|turn|7
|
|t:|1779941886
|switch|p1a: Dondozo|Dondozo, M|100/100
|move|p2a: Shiva|Aqua Step|p1a: Dondozo
|-resisted|p1a: Dondozo
|-damage|p1a: Dondozo|92/100
|-boost|p2a: Shiva|spe|1
|
|-heal|p1a: Dondozo|98/100|[from] item: Leftovers
|upkeep
|turn|8
|
|t:|1779941905
|move|p2a: Shiva|Rapid Spin|p1a: Dondozo
|-damage|p1a: Dondozo|91/100
|-boost|p2a: Shiva|spe|1
|-sideend|p2: ChicomeOllin|Spikes|[from] move: Rapid Spin|[of] p2a: Shiva
|move|p1a: Dondozo|Liquidation|p2a: Shiva
|-resisted|p2a: Shiva
|-damage|p2a: Shiva|0 fnt
|faint|p2a: Shiva
|
|-heal|p1a: Dondozo|97/100|[from] item: Leftovers
|upkeep
|
|t:|1779941918
|switch|p2a: Oberon|Sylveon, M|100/100
|turn|9
|
|t:|1779941927
|move|p2a: Oberon|Calm Mind|p2a: Oberon
|-boost|p2a: Oberon|spa|1
|-boost|p2a: Oberon|spd|1
|move|p1a: Dondozo|Liquidation|p2a: Oberon
|-damage|p2a: Oberon|51/100
|
|-heal|p1a: Dondozo|100/100|[from] item: Leftovers
|upkeep
|turn|10
|
|t:|1779941938
|-terastallize|p2a: Oberon|Fairy
|move|p2a: Oberon|Draining Kiss|p1a: Dondozo
|-damage|p1a: Dondozo|59/100
|-heal|p2a: Oberon|100/100|[from] drain|[of] p1a: Dondozo
|move|p1a: Dondozo|Liquidation|p2a: Oberon
|-damage|p2a: Oberon|56/100
|
|-heal|p1a: Dondozo|65/100|[from] item: Leftovers
|upkeep
|turn|11
|
|t:|1779941956
|switch|p1a: Gholdengo|Gholdengo|65/100
|move|p2a: Oberon|Hyper Voice|p1a: Gholdengo
|-resisted|p1a: Gholdengo
|-damage|p1a: Gholdengo|0 fnt
|faint|p1a: Gholdengo
|
|upkeep
|
|t:|1779941965
|switch|p1a: Gliscor|Gliscor, M|100/100
|turn|12
|
|t:|1779941973
|move|p1a: Gliscor|Toxic|p2a: Oberon|[miss]
|-miss|p1a: Gliscor|p2a: Oberon
|move|p2a: Oberon|Draining Kiss|p1a: Gliscor
|-damage|p1a: Gliscor|45/100
|-heal|p2a: Oberon|100/100|[from] drain|[of] p1a: Gliscor
|
|-status|p1a: Gliscor|tox|[from] item: Toxic Orb
|upkeep
|turn|13
|
|t:|1779941991
|move|p1a: Gliscor|Earthquake|p2a: Oberon
|-damage|p2a: Oberon|43/100
|move|p2a: Oberon|Calm Mind|p2a: Oberon
|-boost|p2a: Oberon|spa|1
|-boost|p2a: Oberon|spd|1
|
|-heal|p1a: Gliscor|58/100 tox|[from] ability: Poison Heal
|upkeep
|turn|14
|
|t:|1779942002
|switch|p2a: Coyolxauhqui|Ursaluna, F|100/100
|move|p1a: Gliscor|Earthquake|p2a: Coyolxauhqui
|-damage|p2a: Coyolxauhqui|76/100
|
|-heal|p1a: Gliscor|70/100 tox|[from] ability: Poison Heal
|-status|p2a: Coyolxauhqui|brn|[from] item: Flame Orb
|upkeep
|turn|15
|
|t:|1779942013
|switch|p1a: Dondozo|Dondozo, M|65/100
|move|p2a: Coyolxauhqui|Facade|p1a: Dondozo
|-damage|p1a: Dondozo|11/100
|
|-heal|p1a: Dondozo|17/100|[from] item: Leftovers
|-damage|p2a: Coyolxauhqui|70/100 brn|[from] brn
|upkeep
|turn|16
|inactive|ChicomeOllin has 120 seconds left.
|
|t:|1779942058
|switch|p1a: Alomomola|Alomomola, M|100/100
|move|p2a: Coyolxauhqui|Facade|p1a: Alomomola
|-damage|p1a: Alomomola|38/100
|-damage|p2a: Coyolxauhqui|54/100 brn|[from] item: Rocky Helmet|[of] p1a: Alomomola
|
|-damage|p2a: Coyolxauhqui|48/100 brn|[from] brn
|upkeep
|turn|17
|
|t:|1779942082
|move|p1a: Alomomola|Protect|p1a: Alomomola
|-singleturn|p1a: Alomomola|Protect
|move|p2a: Coyolxauhqui|Facade|p1a: Alomomola
|-activate|p1a: Alomomola|move: Protect
|
|-damage|p2a: Coyolxauhqui|42/100 brn|[from] brn
|upkeep
|turn|18
|inactive|gqgamer5367 has 120 seconds left.
|
|t:|1779942108
|move|p1a: Alomomola|Scald|p2a: Coyolxauhqui
|-supereffective|p2a: Coyolxauhqui
|-damage|p2a: Coyolxauhqui|15/100 brn
|move|p2a: Coyolxauhqui|Facade|p1a: Alomomola
|-damage|p1a: Alomomola|0 fnt
|-damage|p2a: Coyolxauhqui|0 fnt|[from] item: Rocky Helmet|[of] p1a: Alomomola
|faint|p1a: Alomomola
|faint|p2a: Coyolxauhqui
|
|upkeep
|inactive|ChicomeOllin has 120 seconds left.
|
|t:|1779942124
|switch|p1a: Gliscor|Gliscor, M|70/100 tox
|switch|p2a: Oberon|Sylveon, M, tera:Fairy|43/100
|turn|19
|inactive|ChicomeOllin has 120 seconds left.
|
|t:|1779942152
|switch|p2a: Ares|Falinks|100/100
|move|p1a: Gliscor|Earthquake|p2a: Ares
|-damage|p2a: Ares|70/100
|
|-heal|p1a: Gliscor|83/100 tox|[from] ability: Poison Heal
|upkeep
|turn|20
|
|t:|1779942164
|move|p1a: Gliscor|Spikes|p2a: Ares
|-sidestart|p2: ChicomeOllin|Spikes
|move|p2a: Ares|No Retreat|p2a: Ares
|-boost|p2a: Ares|atk|1
|-boost|p2a: Ares|def|1
|-boost|p2a: Ares|spa|1
|-boost|p2a: Ares|spd|1
|-boost|p2a: Ares|spe|1
|-start|p2a: Ares|move: No Retreat
|
|-heal|p1a: Gliscor|95/100 tox|[from] ability: Poison Heal
|upkeep
|turn|21
|
|t:|1779942176
|move|p2a: Ares|Bulk Up|p2a: Ares
|-boost|p2a: Ares|atk|1
|-boost|p2a: Ares|def|1
|move|p1a: Gliscor|Toxic|p2a: Ares
|-status|p2a: Ares|tox
|
|-damage|p2a: Ares|64/100 tox|[from] psn
|-heal|p1a: Gliscor|100/100 tox|[from] ability: Poison Heal
|upkeep
|turn|22
|
|t:|1779942195
|move|p1a: Gliscor|Protect|p1a: Gliscor
|-singleturn|p1a: Gliscor|Protect
|move|p2a: Ares|Iron Head|p1a: Gliscor
|-activate|p1a: Gliscor|move: Protect
|
|-damage|p2a: Ares|52/100 tox|[from] psn
|upkeep
|turn|23
|
|t:|1779942218
|-terastallize|p1a: Gliscor|Water
|move|p2a: Ares|Iron Head|p1a: Gliscor
|-resisted|p1a: Gliscor
|-damage|p1a: Gliscor|81/100 tox
|move|p1a: Gliscor|Earthquake|p2a: Ares
|-damage|p2a: Ares|36/100 tox
|-enditem|p2a: Ares|Sitrus Berry|[eat]
|-heal|p2a: Ares|60/100 tox|[from] item: Sitrus Berry
|
|-damage|p2a: Ares|42/100 tox|[from] psn
|-heal|p1a: Gliscor|94/100 tox|[from] ability: Poison Heal
|upkeep
|turn|24
|
|t:|1779942235
|move|p2a: Ares|Close Combat|p1a: Gliscor
|-crit|p1a: Gliscor
|-damage|p1a: Gliscor|0 fnt
|-unboost|p2a: Ares|def|1
|-unboost|p2a: Ares|spd|1
|faint|p1a: Gliscor
|
|-damage|p2a: Ares|18/100 tox|[from] psn
|upkeep
|inactive|gqgamer5367 has 90 seconds left.
|
|t:|1779942253
|switch|p1a: Dondozo|Dondozo, M|17/100
|turn|25
|
|t:|1779942262
|move|p2a: Ares|Close Combat|p1a: Dondozo
|-crit|p1a: Dondozo
|-damage|p1a: Dondozo|0 fnt
|-unboost|p2a: Ares|def|1
|-unboost|p2a: Ares|spd|1
|faint|p1a: Dondozo
|
|-damage|p2a: Ares|0 fnt|[from] psn
|faint|p2a: Ares
|upkeep
|
|t:|1779942275
|switch|p2a: Oberon|Sylveon, M, tera:Fairy|43/100
|switch|p1a: Blissey|Blissey, F|100/100
|-damage|p2a: Oberon|31/100|[from] Spikes
|turn|26
|
|t:|1779942288
|move|p2a: Oberon|Draining Kiss|p1a: Blissey
|-damage|p1a: Blissey|89/100
|-heal|p2a: Oberon|50/100|[from] drain|[of] p1a: Blissey
|move|p1a: Blissey|Stealth Rock|p2a: Oberon
|-sidestart|p2: ChicomeOllin|move: Stealth Rock
|
|upkeep
|turn|27
|
|t:|1779942296
|move|p2a: Oberon|Draining Kiss|p1a: Blissey
|-damage|p1a: Blissey|77/100
|-heal|p2a: Oberon|69/100|[from] drain|[of] p1a: Blissey
|move|p1a: Blissey|Seismic Toss|p2a: Oberon
|-damage|p2a: Oberon|37/100
|
|upkeep
|turn|28
|inactive|ChicomeOllin has 120 seconds left.
|
|t:|1779942305
|move|p2a: Oberon|Draining Kiss|p1a: Blissey
|-damage|p1a: Blissey|64/100
|-heal|p2a: Oberon|57/100|[from] drain|[of] p1a: Blissey
|move|p1a: Blissey|Thunder Wave|p2a: Oberon
|-status|p2a: Oberon|par
|
|upkeep
|turn|29
|
|t:|1779942313
|move|p1a: Blissey|Soft-Boiled|p1a: Blissey
|-heal|p1a: Blissey|100/100
|move|p2a: Oberon|Draining Kiss|p1a: Blissey
|-damage|p1a: Blissey|89/100
|-heal|p2a: Oberon|76/100 par|[from] drain|[of] p1a: Blissey
|
|upkeep
|turn|30
|
|t:|1779942320
|move|p1a: Blissey|Seismic Toss|p2a: Oberon
|-damage|p2a: Oberon|43/100 par
|move|p2a: Oberon|Calm Mind|p2a: Oberon
|-boost|p2a: Oberon|spa|1
|-boost|p2a: Oberon|spd|1
|
|upkeep
|turn|31
|
|t:|1779942329
|move|p1a: Blissey|Seismic Toss|p2a: Oberon
|-damage|p2a: Oberon|10/100 par
|cant|p2a: Oberon|par
|
|upkeep
|turn|32
|
|t:|1779942336
|move|p1a: Blissey|Seismic Toss|p2a: Oberon
|-damage|p2a: Oberon|0 fnt
|faint|p2a: Oberon
|
|upkeep
|
|t:|1779942341
|switch|p2a: Huitzilopochtli|Ceruledge, M|100/100
|turn|33
|c|☆gqgamer5367|Gg
|
|t:|1779942351
|move|p2a: Huitzilopochtli|Swords Dance|p2a: Huitzilopochtli
|-boost|p2a: Huitzilopochtli|atk|2
|move|p1a: Blissey|Thunder Wave|p2a: Huitzilopochtli
|-status|p2a: Huitzilopochtli|par
|
|upkeep
|turn|34
|
|t:|1779942371
|move|p2a: Huitzilopochtli|Bitter Blade|p1a: Blissey
|-damage|p1a: Blissey|0 fnt
|faint|p1a: Blissey
|
|win|ChicomeOllin
|raw|gqgamer5367's rating: 1101 &rarr; <strong>1079</strong><br />(-22 for losing)
|raw|ChicomeOllin's rating: 1137 &rarr; <strong>1159</strong><br />(+22 for winning)
