|j|☆swaggulisus
|j|☆YassirLala
|t:|1779810785
|gametype|singles
|player|p1|swaggulisus|silver|1166
|player|p2|YassirLala|102|1226
|gen|9
|tier|[Gen 9] OU
|rated|
|rule|HP Percentage Mod: HP is shown in percentages
|rule|Endless Battle Clause: Forcing endless battles is banned
|rule|Species Clause: Limit one of each Pokémon
|rule|OHKO Clause: OHKO moves are banned
|rule|Evasion Items Clause: Evasion items are banned
|rule|Evasion Moves Clause: Evasion moves are banned
|rule|Evasion Abilities Clause: Evasion abilities are banned
|rule|Sleep Moves Clause: Sleep-inducing moves are banned
|clearpoke
|poke|p1|Darkrai|
|poke|p1|Gliscor, M|
|poke|p1|Zamazenta-*|
|poke|p1|Ogerpon-Wellspring, F|
|poke|p1|Gholdengo|
|poke|p1|Rillaboom, M|
|poke|p2|Zapdos|
|poke|p2|Iron Treads|
|poke|p2|Samurott-Hisui, M|
|poke|p2|Ceruledge, M|
|poke|p2|Gholdengo|
|poke|p2|Kingambit, M|
|teampreview
|
|t:|1779810802
|teamsize|p1|6
|teamsize|p2|6
|start
|switch|p1a: Gliscor|Gliscor, M|100/100
|switch|p2a: Samurott|Samurott-Hisui, M|100/100
|turn|1
|
|t:|1779810832
|move|p1a: Gliscor|Toxic|p2a: Samurott
|-status|p2a: Samurott|tox
|move|p2a: Samurott|Ceaseless Edge|p1a: Gliscor
|-damage|p1a: Gliscor|73/100
|-sidestart|p1: swaggulisus|Spikes
|
|-damage|p2a: Samurott|94/100 tox|[from] psn
|-status|p1a: Gliscor|tox|[from] item: Toxic Orb
|upkeep
|turn|2
|
|t:|1779810854
|move|p1a: Gliscor|Spikes|p2a: Samurott
|-sidestart|p2: YassirLala|Spikes
|move|p2a: Samurott|Knock Off|p1a: Gliscor
|-damage|p1a: Gliscor|49/100 tox
|-enditem|p1a: Gliscor|Toxic Orb|[from] move: Knock Off|[of] p2a: Samurott
|
|-heal|p1a: Gliscor|61/100 tox|[from] ability: Poison Heal
|-damage|p2a: Samurott|82/100 tox|[from] psn
|upkeep
|turn|3
|
|t:|1779810875
|move|p1a: Gliscor|Earthquake|p2a: Samurott
|-damage|p2a: Samurott|47/100 tox
|move|p2a: Samurott|Razor Shell|p1a: Gliscor
|-supereffective|p1a: Gliscor
|-damage|p1a: Gliscor|0 fnt
|faint|p1a: Gliscor
|
|-damage|p2a: Samurott|29/100 tox|[from] psn
|upkeep
|
|t:|1779810884
|switch|p1a: Gholdengo|Gholdengo|100/100
|-item|p1a: Gholdengo|Air Balloon
|turn|4
|
|t:|1779810908
|move|p2a: Samurott|Sucker Punch|p1a: Gholdengo
|-supereffective|p1a: Gholdengo
|-damage|p1a: Gholdengo|24/100
|-enditem|p1a: Gholdengo|Air Balloon
|move|p1a: Gholdengo|Focus Blast|p2a: Samurott
|-supereffective|p2a: Samurott
|-crit|p2a: Samurott
|-damage|p2a: Samurott|0 fnt
|faint|p2a: Samurott
|
|upkeep
|
|t:|1779810926
|switch|p2a: Iron Treads|Iron Treads|100/100
|-damage|p2a: Iron Treads|88/100|[from] Spikes
|turn|5
|
|t:|1779810937
|-terastallize|p1a: Gholdengo|Fairy
|move|p2a: Iron Treads|Knock Off|p1a: Gholdengo
|-resisted|p1a: Gholdengo
|-damage|p1a: Gholdengo|13/100
|move|p1a: Gholdengo|Focus Blast|p2a: Iron Treads
|-supereffective|p2a: Iron Treads
|-damage|p2a: Iron Treads|0 fnt
|faint|p2a: Iron Treads
|-end|p2a: Iron Treads|Quark Drive|[silent]
|
|upkeep
|
|t:|1779810973
|switch|p2a: Zapdos|Zapdos|100/100
|turn|6
|
|t:|1779811019
|move|p1a: Gholdengo|Shadow Ball|p2a: Zapdos
|-damage|p2a: Zapdos|58/100
|move|p2a: Zapdos|Volt Switch|p1a: Gholdengo
|-damage|p1a: Gholdengo|0 fnt
|faint|p1a: Gholdengo
|
|t:|1779811027
|switch|p2a: Gholdengo|Gholdengo|100/100|[from] Volt Switch
|-item|p2a: Gholdengo|Air Balloon
|
|upkeep
|
|t:|1779811031
|switch|p1a: Darkrai|Darkrai|100/100
|-damage|p1a: Darkrai|88/100|[from] Spikes
|turn|7
|inactive|Battle timer is ON: inactive players will automatically lose when time's up. (requested by swaggulisus)
|
|t:|1779811112
|move|p1a: Darkrai|Dark Pulse|p2a: Gholdengo
|-supereffective|p2a: Gholdengo
|-damage|p2a: Gholdengo|0 fnt
|-enditem|p2a: Gholdengo|Air Balloon
|faint|p2a: Gholdengo
|-damage|p1a: Darkrai|78/100|[from] item: Life Orb
|
|upkeep
|inactive|YassirLala has 120 seconds left.
|
|t:|1779811170
|switch|p2a: Kingambit|Kingambit, M|100/100
|-damage|p2a: Kingambit|88/100|[from] Spikes
|-activate|p2a: Kingambit|ability: Supreme Overlord
|-start|p2a: Kingambit|fallen3|[silent]
|turn|8
|
|t:|1779811181
|switch|p1a: Zamazenta|Zamazenta|100/100
|-damage|p1a: Zamazenta|88/100|[from] Spikes
|-ability|p1a: Zamazenta|Dauntless Shield|boost
|-boost|p1a: Zamazenta|def|1
|-terastallize|p2a: Kingambit|Fighting
|move|p2a: Kingambit|Low Kick|p1a: Zamazenta
|-damage|p1a: Zamazenta|48/100
|
|-heal|p1a: Zamazenta|54/100|[from] item: Leftovers
|-heal|p2a: Kingambit|94/100|[from] item: Leftovers
|upkeep
|turn|9
|inactive|YassirLala has 120 seconds left.
|
|t:|1779811212
|-end|p2a: Kingambit|fallen3|[silent]
|switch|p2a: Ceruledge|Ceruledge, M|100/100
|move|p1a: Zamazenta|Roar|p2a: Ceruledge
|drag|p2a: Kingambit|Kingambit, M, tera:Fighting|94/100
|-damage|p2a: Kingambit|82/100|[from] Spikes
|-activate|p2a: Kingambit|ability: Supreme Overlord
|-start|p2a: Kingambit|fallen3|[silent]
|
|-heal|p1a: Zamazenta|60/100|[from] item: Leftovers
|-heal|p2a: Kingambit|88/100|[from] item: Leftovers
|upkeep
|turn|10
|inactive|YassirLala has 120 seconds left.
|
|t:|1779811223
|switch|p1a: Rillaboom|Rillaboom, M|100/100
|-damage|p1a: Rillaboom|88/100|[from] Spikes
|-fieldstart|move: Grassy Terrain|[from] ability: Grassy Surge|[of] p1a: Rillaboom
|-end|p2a: Kingambit|fallen3|[silent]
|switch|p2a: Ceruledge|Ceruledge, M|100/100
|
|-heal|p1a: Rillaboom|94/100|[from] Grassy Terrain
|upkeep
|turn|11
|inactive|YassirLala has 120 seconds left.
|
|t:|1779811248
|switch|p1a: Ogerpon|Ogerpon-Wellspring, F|100/100
|-damage|p1a: Ogerpon|88/100|[from] Spikes
|move|p2a: Ceruledge|Bitter Blade|p1a: Ogerpon
|-damage|p1a: Ogerpon|21/100
|
|-heal|p1a: Ogerpon|27/100|[from] Grassy Terrain
|upkeep
|turn|12
|
|t:|1779811264
|switch|p2a: Zapdos|Zapdos|58/100
|move|p1a: Ogerpon|Ivy Cudgel|p2a: Zapdos|[anim] Ivy Cudgel Water
|-damage|p2a: Zapdos|16/100
|
|-heal|p1a: Ogerpon|33/100|[from] Grassy Terrain
|upkeep
|turn|13
|
|t:|1779811289
|move|p1a: Ogerpon|Swords Dance|p1a: Ogerpon
|-boost|p1a: Ogerpon|atk|2
|move|p2a: Zapdos|Roost|p2a: Zapdos
|-heal|p2a: Zapdos|66/100
|-singleturn|p2a: Zapdos|move: Roost
|
|-heal|p1a: Ogerpon|39/100|[from] Grassy Terrain
|-heal|p2a: Zapdos|72/100|[from] Grassy Terrain
|upkeep
|turn|14
|
|t:|1779811299
|move|p1a: Ogerpon|Ivy Cudgel|p2a: Zapdos|[anim] Ivy Cudgel Water
|-damage|p2a: Zapdos|0 fnt
|faint|p2a: Zapdos
|
|-heal|p1a: Ogerpon|45/100|[from] Grassy Terrain
|upkeep
|inactive|YassirLala has 90 seconds left.
|
|t:|1779811329
|switch|p2a: Ceruledge|Ceruledge, M|100/100
|turn|15
|
|t:|1779811344
|move|p2a: Ceruledge|Shadow Sneak|p1a: Ogerpon
|-damage|p1a: Ogerpon|16/100
|move|p1a: Ogerpon|Ivy Cudgel|p2a: Ceruledge|[anim] Ivy Cudgel Water
|-supereffective|p2a: Ceruledge
|-damage|p2a: Ceruledge|0 fnt
|faint|p2a: Ceruledge
|
|-heal|p1a: Ogerpon|22/100|[from] Grassy Terrain
|upkeep
|
|t:|1779811351
|switch|p2a: Kingambit|Kingambit, M, tera:Fighting|88/100
|-damage|p2a: Kingambit|76/100|[from] Spikes
|-activate|p2a: Kingambit|ability: Supreme Overlord
|-start|p2a: Kingambit|fallen5|[silent]
|turn|16
|inactive|YassirLala has 60 seconds left.
|c|☆swaggulisus|Im listening to emo trap music
|c|☆YassirLala|fk you
|
|t:|1779811396
|move|p2a: Kingambit|Sucker Punch|p1a: Ogerpon
|-damage|p1a: Ogerpon|0 fnt
|faint|p1a: Ogerpon
|
|-heal|p2a: Kingambit|82/100|[from] Grassy Terrain
|-heal|p2a: Kingambit|88/100|[from] item: Leftovers
|upkeep
|inactive|swaggulisus has 120 seconds left.
|
|t:|1779811429
|switch|p1a: Darkrai|Darkrai|78/100
|-damage|p1a: Darkrai|66/100|[from] Spikes
|turn|17
|
|t:|1779811433
|move|p1a: Darkrai|Psychic|p2a: Kingambit
|-supereffective|p2a: Kingambit
|-damage|p2a: Kingambit|0 fnt
|faint|p2a: Kingambit
|-end|p2a: Kingambit|fallen5|[silent]
|-damage|p1a: Darkrai|56/100|[from] item: Life Orb
|
|win|swaggulisus
|raw|swaggulisus's rating: 1166 &rarr; <strong>1195</strong><br />(+29 for winning)
|raw|YassirLala's rating: 1226 &rarr; <strong>1197</strong><br />(-29 for losing)
|c|☆swaggulisus|gg
|c|☆YassirLala|gg
