|j|☆mizuwalz
|j|☆The honored birb
|t:|1779931961
|gametype|singles
|player|p1|mizuwalz|2|1123
|player|p2|The honored birb|hilbert|1094
|gen|9
|tier|[Gen 9] OU
|rated|
|rule|HP Percentage Mod: HP is shown in percentages
|rule|Endless Battle Clause: Forcing endless battles is banned
|rule|Species Clause: Limit one of each Pokémon
|rule|OHKO Clause: OHKO moves are banned
|rule|Evasion Items Clause: Evasion items are banned
|rule|Evasion Moves Clause: Evasion moves are banned
|rule|Evasion Abilities Clause: Evasion abilities are banned
|rule|Sleep Moves Clause: Sleep-inducing moves are banned
|clearpoke
|poke|p1|Hoopa-Unbound|
|poke|p1|Mamoswine, F|
|poke|p1|Hatterene, F|
|poke|p1|Garganacl, M|
|poke|p1|Espeon, F|
|poke|p1|Kingambit, F|
|poke|p2|Tyranitar, F|
|poke|p2|Garchomp, M|
|poke|p2|Ceruledge, F|
|poke|p2|Darkrai|
|poke|p2|Kingambit, M|
|poke|p2|Dragonite, F|
|teampreview
|c|☆The honored birb|Nice team
|c|☆The honored birb|Glhf :)
|
|t:|1779931987
|teamsize|p1|6
|teamsize|p2|6
|start
|switch|p1a: Hoopa|Hoopa-Unbound|100/100
|switch|p2a: Garchomp|Garchomp, M|100/100
|turn|1
|inactive|Battle timer is ON: inactive players will automatically lose when time's up. (requested by mizuwalz)
|
|t:|1779931995
|move|p2a: Garchomp|Swords Dance|p2a: Garchomp
|-boost|p2a: Garchomp|atk|2
|move|p1a: Hoopa|Trick Room|p1a: Hoopa
|-fieldstart|move: Trick Room|[of] p1a: Hoopa
|
|upkeep
|turn|2
|
|t:|1779932000
|move|p1a: Hoopa|Expanding Force|p2a: Garchomp
|-damage|p2a: Garchomp|37/100
|move|p2a: Garchomp|Earthquake|p1a: Hoopa
|-enditem|p1a: Hoopa|Focus Sash
|-damage|p1a: Hoopa|1/100
|
|upkeep
|turn|3
|
|t:|1779932008
|move|p1a: Hoopa|Expanding Force|p2a: Garchomp
|-damage|p2a: Garchomp|0 fnt
|faint|p2a: Garchomp
|-item|p1a: Hoopa|Focus Sash|[from] ability: Magician|[of] p2: Garchomp
|
|upkeep
|
|t:|1779932015
|switch|p2a: Tyranitar|Tyranitar, F|100/100
|-weather|Sandstorm|[from] ability: Sand Stream|[of] p2a: Tyranitar
|turn|4
|
|t:|1779932020
|move|p2a: Tyranitar|Dragon Dance|p2a: Tyranitar
|-boost|p2a: Tyranitar|atk|1
|-boost|p2a: Tyranitar|spe|1
|move|p1a: Hoopa|Destiny Bond|p1a: Hoopa
|-singlemove|p1a: Hoopa|Destiny Bond
|
|-weather|Sandstorm|[upkeep]
|-damage|p1a: Hoopa|0 fnt|[from] Sandstorm
|faint|p1a: Hoopa
|upkeep
|
|t:|1779932028
|switch|p1a: Hatterene|Hatterene, F|100/100
|turn|5
|
|t:|1779932037
|move|p1a: Hatterene|Draining Kiss|p2a: Tyranitar
|-supereffective|p2a: Tyranitar
|-damage|p2a: Tyranitar|69/100
|-enditem|p2a: Tyranitar|Weakness Policy
|-boost|p2a: Tyranitar|atk|2|[from] item: Weakness Policy
|-boost|p2a: Tyranitar|spa|2|[from] item: Weakness Policy
|move|p2a: Tyranitar|Stone Edge|p1a: Hatterene|[miss]
|-miss|p2a: Tyranitar|p1a: Hatterene
|
|-weather|Sandstorm|[upkeep]
|-damage|p1a: Hatterene|95/100|[from] Sandstorm
|-fieldend|move: Trick Room
|upkeep
|turn|6
|
|t:|1779932046
|move|p2a: Tyranitar|Stone Edge|p1a: Hatterene
|-damage|p1a: Hatterene|0 fnt
|faint|p1a: Hatterene
|
|-weather|Sandstorm|[upkeep]
|upkeep
|
|t:|1779932051
|switch|p1a: Garganacl|Garganacl, M|100/100
|turn|7
|
|t:|1779932056
|move|p2a: Tyranitar|Earthquake|p1a: Garganacl
|-supereffective|p1a: Garganacl
|-damage|p1a: Garganacl|15/100
|move|p1a: Garganacl|Salt Cure|p2a: Tyranitar
|-damage|p2a: Tyranitar|59/100
|-start|p2a: Tyranitar|Salt Cure
|
|-weather|Sandstorm|[upkeep]
|-heal|p1a: Garganacl|21/100|[from] item: Leftovers
|-damage|p2a: Tyranitar|46/100|[from] Salt Cure
|upkeep
|turn|8
|
|t:|1779932065
|move|p1a: Garganacl|Protect|p1a: Garganacl
|-singleturn|p1a: Garganacl|Protect
|move|p2a: Tyranitar|Earthquake|p1a: Garganacl
|-activate|p1a: Garganacl|move: Protect
|
|-weather|none
|-heal|p1a: Garganacl|27/100|[from] item: Leftovers
|-damage|p2a: Tyranitar|34/100|[from] Salt Cure
|upkeep
|turn|9
|
|t:|1779932073
|move|p2a: Tyranitar|Earthquake|p1a: Garganacl
|-supereffective|p1a: Garganacl
|-damage|p1a: Garganacl|0 fnt
|faint|p1a: Garganacl
|
|-damage|p2a: Tyranitar|21/100|[from] Salt Cure
|upkeep
|
|t:|1779932083
|switch|p1a: Espeon|Espeon, F|100/100
|turn|10
|
|t:|1779932088
|move|p1a: Espeon|Draining Kiss|p2a: Tyranitar
|-supereffective|p2a: Tyranitar
|-damage|p2a: Tyranitar|0 fnt
|faint|p2a: Tyranitar
|
|upkeep
|
|t:|1779932092
|switch|p2a: Ceruledge|Ceruledge, F|100/100
|turn|11
|
|t:|1779932097
|switch|p1a: Mamoswine|Mamoswine, F|100/100
|move|p2a: Ceruledge|Bulk Up|p2a: Ceruledge
|-boost|p2a: Ceruledge|atk|1
|-boost|p2a: Ceruledge|def|1
|
|upkeep
|turn|12
|
|t:|1779932107
|move|p1a: Mamoswine|Earthquake|p2a: Ceruledge
|-supereffective|p2a: Ceruledge
|-damage|p2a: Ceruledge|0 fnt
|faint|p2a: Ceruledge
|
|upkeep
|
|t:|1779932115
|switch|p2a: Dragonite|Dragonite, F|100/100
|turn|13
|
|t:|1779932118
|switch|p1a: Espeon|Espeon, F|100/100
|move|p2a: Dragonite|Fire Punch|p1a: Espeon
|-damage|p1a: Espeon|58/100
|
|upkeep
|turn|14
|
|t:|1779932124
|move|p2a: Dragonite|Extreme Speed|p1a: Espeon
|-damage|p1a: Espeon|7/100
|move|p1a: Espeon|Draining Kiss|p2a: Dragonite
|-supereffective|p2a: Dragonite
|-damage|p2a: Dragonite|68/100
|-heal|p1a: Espeon|41/100|[from] drain|[of] p2a: Dragonite
|
|upkeep
|turn|15
|
|t:|1779932131
|move|p2a: Dragonite|Extreme Speed|p1a: Espeon
|-damage|p1a: Espeon|0 fnt
|faint|p1a: Espeon
|
|upkeep
|
|t:|1779932135
|switch|p1a: Mamoswine|Mamoswine, F|100/100
|turn|16
|
|t:|1779932139
|move|p1a: Mamoswine|Icicle Crash|p2a: Dragonite
|-supereffective|p2a: Dragonite
|-damage|p2a: Dragonite|0 fnt
|faint|p2a: Dragonite
|
|upkeep
|
|t:|1779932148
|switch|p2a: Darkrai|Darkrai|100/100
|turn|17
|
|t:|1779932151
|move|p2a: Darkrai|Nasty Plot|p2a: Darkrai
|-boost|p2a: Darkrai|spa|2
|move|p1a: Mamoswine|Icicle Crash|p2a: Darkrai
|-damage|p2a: Darkrai|23/100
|
|upkeep
|turn|18
|
|t:|1779932156
|move|p2a: Darkrai|Dark Pulse|p1a: Mamoswine
|-damage|p1a: Mamoswine|0 fnt
|faint|p1a: Mamoswine
|-damage|p2a: Darkrai|13/100|[from] item: Life Orb
|
|upkeep
|
|t:|1779932162
|switch|p1a: Kingambit|Kingambit, F|100/100
|-activate|p1a: Kingambit|ability: Supreme Overlord
|-start|p1a: Kingambit|fallen5|[silent]
|turn|19
|
|t:|1779932169
|move|p2a: Darkrai|Dark Pulse|p1a: Kingambit
|-resisted|p1a: Kingambit
|-damage|p1a: Kingambit|52/100
|-damage|p2a: Darkrai|3/100|[from] item: Life Orb
|cant|p1a: Kingambit|flinch
|
|upkeep
|turn|20
|
|t:|1779932175
|move|p1a: Kingambit|Sucker Punch|p2a: Darkrai
|-resisted|p2a: Darkrai
|-damage|p2a: Darkrai|0 fnt
|faint|p2a: Darkrai
|
|upkeep
|
|t:|1779932177
|switch|p2a: Kingambit|Kingambit, M|100/100
|-activate|p2a: Kingambit|ability: Supreme Overlord
|-start|p2a: Kingambit|fallen5|[silent]
|turn|21
|
|t:|1779932184
|move|p1a: Kingambit|Swords Dance|p1a: Kingambit
|-boost|p1a: Kingambit|atk|2
|move|p2a: Kingambit|Swords Dance|p2a: Kingambit
|-boost|p2a: Kingambit|atk|2
|
|upkeep
|turn|22
|
|t:|1779932191
|move|p1a: Kingambit|Swords Dance|p1a: Kingambit
|-boost|p1a: Kingambit|atk|2
|move|p2a: Kingambit|Kowtow Cleave|p1a: Kingambit
|-resisted|p1a: Kingambit
|-damage|p1a: Kingambit|8/100
|
|upkeep
|turn|23
|
|t:|1779932200
|move|p2a: Kingambit|Sucker Punch|p1a: Kingambit
|-resisted|p1a: Kingambit
|-damage|p1a: Kingambit|0 fnt
|faint|p1a: Kingambit
|-end|p1a: Kingambit|fallen5|[silent]
|
|win|The honored birb
|raw|mizuwalz's rating: 1123 &rarr; <strong>1096</strong><br />(-27 for losing)
|raw|The honored birb's rating: 1094 &rarr; <strong>1122</strong><br />(+28 for winning)
|c|☆The honored birb|Gg
|l|☆mizuwalz
|player|p1|
