|j|☆kdelekto
|j|☆gatorskk
|t:|1779961599
|gametype|singles
|player|p1|kdelekto|266|1565
|player|p2|gatorskk|1|1562
|gen|9
|tier|[Gen 9] OU
|rated|
|rule|HP Percentage Mod: HP is shown in percentages
|rule|Endless Battle Clause: Forcing endless battles is banned
|rule|Species Clause: Limit one of each Pokémon
|rule|OHKO Clause: OHKO moves are banned
|rule|Evasion Items Clause: Evasion items are banned
|rule|Evasion Moves Clause: Evasion moves are banned
|rule|Evasion Abilities Clause: Evasion abilities are banned
|rule|Sleep Moves Clause: Sleep-inducing moves are banned
|clearpoke
|poke|p1|Corviknight, F|
|poke|p1|Ting-Lu|
|poke|p1|Quagsire, F|
|poke|p1|Gliscor, F|
|poke|p1|Toxapex, F|
|poke|p1|Dragonite, F|
|poke|p2|Hawlucha, M|
|poke|p2|Samurott-Hisui, F|
|poke|p2|Rillaboom, F|
|poke|p2|Gholdengo|
|poke|p2|Kyurem|
|poke|p2|Landorus-Therian, M|
|teampreview
|inactive|Battle timer is ON: inactive players will automatically lose when time's up. (requested by gatorskk)
|
|t:|1779961620
|teamsize|p1|6
|teamsize|p2|6
|start
|switch|p1a: Quagsire|Quagsire, F|100/100
|switch|p2a: Rillaboom|Rillaboom, F|100/100
|-fieldstart|move: Grassy Terrain|[from] ability: Grassy Surge|[of] p2a: Rillaboom
|turn|1
|
|t:|1779961625
|switch|p1a: Corviknight|Corviknight, F|100/100
|-ability|p1a: Corviknight|Pressure
|move|p2a: Rillaboom|Knock Off|p1a: Corviknight
|-damage|p1a: Corviknight|73/100
|-enditem|p1a: Corviknight|Leftovers|[from] move: Knock Off|[of] p2a: Rillaboom
|
|upkeep
|turn|2
|
|t:|1779961644
|switch|p2a: Landorus|Landorus-Therian, M|100/100
|-ability|p2a: Landorus|Intimidate|boost
|-unboost|p1a: Corviknight|atk|1
|move|p1a: Corviknight|Roost|p1a: Corviknight
|-heal|p1a: Corviknight|100/100
|-singleturn|p1a: Corviknight|move: Roost
|
|upkeep
|turn|3
|
|t:|1779961656
|switch|p1a: Gliscor|Gliscor, F, shiny|100/100
|move|p2a: Landorus|Stealth Rock|p1a: Gliscor
|-sidestart|p1: kdelekto|move: Stealth Rock
|
|-status|p1a: Gliscor|tox|[from] item: Toxic Orb
|upkeep
|turn|4
|
|t:|1779961674
|move|p2a: Landorus|Taunt|p1a: Gliscor
|-start|p1a: Gliscor|move: Taunt
|cant|p1a: Gliscor|move: Taunt|Swords Dance
|
|upkeep
|turn|5
|inactive|gatorskk has 120 seconds left.
|
|t:|1779961719
|move|p2a: Landorus|U-turn|p1a: Gliscor
|-resisted|p1a: Gliscor
|-damage|p1a: Gliscor|92/100 tox
|
|t:|1779961729
|switch|p2a: Samurott|Samurott-Hisui, F|100/100|[from] U-turn
|move|p1a: Gliscor|Knock Off|p2a: Samurott
|-resisted|p2a: Samurott
|-damage|p2a: Samurott|88/100
|-enditem|p2a: Samurott|Assault Vest|[from] move: Knock Off|[of] p1a: Gliscor
|
|-heal|p2a: Samurott|94/100|[from] Grassy Terrain
|-heal|p1a: Gliscor|100/100 tox|[from] ability: Poison Heal
|-fieldend|move: Grassy Terrain
|upkeep
|turn|6
|
|t:|1779961749
|switch|p1a: Toxapex|Toxapex, F|100/100
|move|p2a: Samurott|Ceaseless Edge|p1a: Toxapex
|-damage|p1a: Toxapex|76/100
|-sidestart|p1: kdelekto|Spikes
|
|upkeep
|turn|7
|
|t:|1779961758
|move|p2a: Samurott|Flip Turn|p1a: Toxapex
|-resisted|p1a: Toxapex
|-damage|p1a: Toxapex|69/100
|
|t:|1779961761
|switch|p2a: Gholdengo|Gholdengo|100/100|[from] Flip Turn
|move|p1a: Toxapex|Toxic Spikes|p2a: Gholdengo
|-sidestart|p2: gatorskk|move: Toxic Spikes
|
|upkeep
|turn|8
|inactive|kdelekto has 120 seconds left.
|
|t:|1779961808
|switch|p1a: Ting-Lu|Ting-Lu|100/100
|-ability|p1a: Ting-Lu|Vessel of Ruin
|move|p2a: Gholdengo|Trick|p1a: Ting-Lu
|-activate|p2a: Gholdengo|move: Trick|[of] p1a: Ting-Lu
|-item|p1a: Ting-Lu|Choice Scarf|[from] move: Trick
|-item|p2a: Gholdengo|Heavy-Duty Boots|[from] move: Trick
|
|upkeep
|turn|9
|inactive|gatorskk has 120 seconds left.
|
|t:|1779961835
|switch|p2a: Landorus|Landorus-Therian, M|100/100
|-ability|p2a: Landorus|Intimidate|boost
|-unboost|p1a: Ting-Lu|atk|1
|move|p1a: Ting-Lu|Stealth Rock|p2a: Landorus
|-sidestart|p2: gatorskk|move: Stealth Rock
|
|upkeep
|turn|10
|inactive|kdelekto has 120 seconds left.
|inactive|kdelekto has 90 seconds left.
|inactive|kdelekto has 60 seconds left.
|inactive|kdelekto has 30 seconds left.
|inactive|kdelekto has 20 seconds left.
|inactive|kdelekto has 15 seconds left.
|inactive|kdelekto has 10 seconds left.
|l|☆gatorskk
|inactive|gatorskk disconnected and has a minute to reconnect!
|player|p2|
|inactive|kdelekto has 5 seconds left.
|j|☆gatorskk
|inactive|gatorskk reconnected.
|player|p2|gatorskk|1|
|
|t:|1779961958
|move|p2a: Landorus|U-turn|p1a: Ting-Lu
|-supereffective|p1a: Ting-Lu
|-damage|p1a: Ting-Lu|78/100
|inactive|gatorskk has 90 seconds left.
|
|t:|1779961996
|switch|p2a: Samurott|Samurott-Hisui, F|94/100|[from] U-turn
|-status|p2a: Samurott|psn
|-damage|p2a: Samurott|82/100 psn|[from] Stealth Rock
|move|p1a: Ting-Lu|Stealth Rock||[still]
|-fail|p1a: Ting-Lu
|
|-damage|p2a: Samurott|69/100 psn|[from] psn
|upkeep
|turn|11
|inactive|kdelekto has 20 seconds left this turn.
|inactive|kdelekto has 15 seconds left.
|inactive|kdelekto has 10 seconds left.
|
|t:|1779962010
|switch|p1a: Corviknight|Corviknight, F|100/100
|-damage|p1a: Corviknight|88/100|[from] Stealth Rock
|-ability|p1a: Corviknight|Pressure
|move|p2a: Samurott|Ceaseless Edge|p1a: Corviknight
|-damage|p1a: Corviknight|52/100
|-sidestart|p1: kdelekto|Spikes
|
|-damage|p2a: Samurott|57/100 psn|[from] psn
|upkeep
|turn|12
|inactive|kdelekto has 20 seconds left this turn.
|
|t:|1779962028
|move|p2a: Samurott|Flip Turn|p1a: Corviknight
|-damage|p1a: Corviknight|32/100
|
|t:|1779962031
|switch|p2a: Landorus|Landorus-Therian, M|100/100|[from] Flip Turn
|-damage|p2a: Landorus|88/100|[from] Stealth Rock
|-ability|p2a: Landorus|Intimidate|boost
|-unboost|p1a: Corviknight|atk|1
|move|p1a: Corviknight|Roost|p1a: Corviknight
|-heal|p1a: Corviknight|82/100
|-singleturn|p1a: Corviknight|move: Roost
|
|upkeep
|turn|13
|inactive|kdelekto has 30 seconds left.
|
|t:|1779962040
|switch|p1a: Gliscor|Gliscor, F, shiny|100/100 tox
|-damage|p1a: Gliscor|88/100 tox|[from] Stealth Rock
|move|p2a: Landorus|Taunt|p1a: Gliscor
|-start|p1a: Gliscor|move: Taunt
|
|-heal|p1a: Gliscor|100/100 tox|[from] ability: Poison Heal
|upkeep
|turn|14
|inactive|gatorskk has 60 seconds left.
|j| lord shiddenfards
|
|t:|1779962078
|move|p2a: Landorus|U-turn|p1a: Gliscor
|-resisted|p1a: Gliscor
|-damage|p1a: Gliscor|92/100 tox
|
|t:|1779962079
|switch|p2a: Samurott|Samurott-Hisui, F|57/100 psn|[from] U-turn
|-damage|p2a: Samurott|45/100 psn|[from] Stealth Rock
|move|p1a: Gliscor|Knock Off|p2a: Samurott
|-resisted|p2a: Samurott
|-damage|p2a: Samurott|36/100 psn
|
|-heal|p1a: Gliscor|100/100 tox|[from] ability: Poison Heal
|-damage|p2a: Samurott|23/100 psn|[from] psn
|upkeep
|turn|15
|
|t:|1779962090
|move|p1a: Gliscor|Earthquake|p2a: Samurott
|-damage|p2a: Samurott|0 fnt
|faint|p2a: Samurott
|
|-end|p1a: Gliscor|move: Taunt
|upkeep
|
|t:|1779962096
|switch|p2a: Kyurem|Kyurem|100/100
|-status|p2a: Kyurem|psn
|-damage|p2a: Kyurem|76/100 psn|[from] Stealth Rock
|-ability|p2a: Kyurem|Pressure
|turn|16
|
|t:|1779962112
|move|p1a: Gliscor|Protect|p1a: Gliscor
|-singleturn|p1a: Gliscor|Protect
|move|p2a: Kyurem|Freeze-Dry|p1a: Gliscor
|-activate|p1a: Gliscor|move: Protect
|
|-damage|p2a: Kyurem|63/100 psn|[from] psn
|upkeep
|turn|17
|
|t:|1779962118
|switch|p1a: Toxapex|Toxapex, F|100/100
|move|p2a: Kyurem|Freeze-Dry|p1a: Toxapex
|-supereffective|p1a: Toxapex
|-damage|p1a: Toxapex|45/100
|
|-damage|p2a: Kyurem|51/100 psn|[from] psn
|upkeep
|turn|18
|
|t:|1779962125
|switch|p1a: Corviknight|Corviknight, F|82/100
|-damage|p1a: Corviknight|70/100|[from] Stealth Rock
|-ability|p1a: Corviknight|Pressure
|move|p2a: Kyurem|Freeze-Dry|p1a: Corviknight
|-damage|p1a: Corviknight|42/100
|
|-damage|p2a: Kyurem|39/100 psn|[from] psn
|upkeep
|turn|19
|
|t:|1779962138
|move|p2a: Kyurem|Ice Beam|p1a: Corviknight
|-damage|p1a: Corviknight|11/100
|-status|p1a: Corviknight|frz
|cant|p1a: Corviknight|frz
|
|-damage|p2a: Kyurem|27/100 psn|[from] psn
|upkeep
|turn|20
|
|t:|1779962143
|move|p2a: Kyurem|Freeze-Dry|p1a: Corviknight
|-damage|p1a: Corviknight|0 fnt
|faint|p1a: Corviknight
|
|-damage|p2a: Kyurem|14/100 psn|[from] psn
|upkeep
|
|t:|1779962150
|switch|p1a: Dragonite|Dragonite, F|100/100
|turn|21
|
|t:|1779962154
|move|p1a: Dragonite|Extreme Speed|p2a: Kyurem
|-damage|p2a: Kyurem|0 fnt
|faint|p2a: Kyurem
|
|upkeep
|
|t:|1779962160
|switch|p2a: Landorus|Landorus-Therian, M|88/100
|-damage|p2a: Landorus|76/100|[from] Stealth Rock
|-ability|p2a: Landorus|Intimidate|boost
|-unboost|p1a: Dragonite|atk|1
|turn|22
|
|t:|1779962165
|switch|p1a: Gliscor|Gliscor, F, shiny|100/100 tox
|-damage|p1a: Gliscor|88/100 tox|[from] Stealth Rock
|move|p2a: Landorus|U-turn|p1a: Gliscor
|-resisted|p1a: Gliscor
|-damage|p1a: Gliscor|80/100 tox
|
|t:|1779962169
|switch|p2a: Rillaboom|Rillaboom, F|100/100|[from] U-turn
|-status|p2a: Rillaboom|psn
|-enditem|p2a: Rillaboom|Lum Berry|[eat]
|-curestatus|p2a: Rillaboom|psn|[msg]
|-damage|p2a: Rillaboom|88/100|[from] Stealth Rock
|-fieldstart|move: Grassy Terrain|[from] ability: Grassy Surge|[of] p2a: Rillaboom
|
|-heal|p2a: Rillaboom|94/100|[from] Grassy Terrain
|-heal|p1a: Gliscor|93/100 tox|[from] ability: Poison Heal
|upkeep
|turn|23
|inactive|kdelekto has 120 seconds left.
|
|t:|1779962183
|switch|p1a: Toxapex|Toxapex, F|78/100
|move|p2a: Rillaboom|Swords Dance|p2a: Rillaboom
|-boost|p2a: Rillaboom|atk|2
|
|-heal|p2a: Rillaboom|100/100|[from] Grassy Terrain
|-heal|p1a: Toxapex|84/100|[from] Grassy Terrain
|upkeep
|turn|24
|inactive|kdelekto has 120 seconds left.
|
|t:|1779962193
|move|p2a: Rillaboom|Wood Hammer|p1a: Toxapex
|-damage|p1a: Toxapex|0 fnt
|faint|p1a: Toxapex
|-damage|p2a: Rillaboom|78/100|[from] Recoil
|
|-heal|p2a: Rillaboom|84/100|[from] Grassy Terrain
|upkeep
|inactive|kdelekto has 120 seconds left.
|
|t:|1779962199
|switch|p1a: Dragonite|Dragonite, F|100/100
|turn|25
|
|t:|1779962208
|move|p2a: Rillaboom|Knock Off|p1a: Dragonite
|-damage|p1a: Dragonite|66/100
|-enditem|p1a: Dragonite|Heavy-Duty Boots|[from] move: Knock Off|[of] p2a: Rillaboom
|move|p1a: Dragonite|Dragon Dance|p1a: Dragonite
|-boost|p1a: Dragonite|atk|1
|-boost|p1a: Dragonite|spe|1
|
|-heal|p2a: Rillaboom|90/100|[from] Grassy Terrain
|upkeep
|turn|26
|
|t:|1779962224
|move|p1a: Dragonite|Roost|p1a: Dragonite
|-heal|p1a: Dragonite|100/100
|-singleturn|p1a: Dragonite|move: Roost
|move|p2a: Rillaboom|Knock Off|p1a: Dragonite
|-damage|p1a: Dragonite|78/100
|
|-heal|p1a: Dragonite|84/100|[from] Grassy Terrain
|-heal|p2a: Rillaboom|96/100|[from] Grassy Terrain
|-fieldend|move: Grassy Terrain
|upkeep
|turn|27
|
|t:|1779962230
|move|p1a: Dragonite|Dragon Dance|p1a: Dragonite
|-boost|p1a: Dragonite|atk|1
|-boost|p1a: Dragonite|spe|1
|move|p2a: Rillaboom|Knock Off|p1a: Dragonite
|-damage|p1a: Dragonite|39/100
|
|upkeep
|turn|28
|
|t:|1779962244
|move|p1a: Dragonite|Roost|p1a: Dragonite
|-heal|p1a: Dragonite|89/100
|-singleturn|p1a: Dragonite|move: Roost
|move|p2a: Rillaboom|Wood Hammer|p1a: Dragonite
|-resisted|p1a: Dragonite
|-damage|p1a: Dragonite|25/100
|-damage|p2a: Rillaboom|75/100|[from] Recoil
|
|upkeep
|turn|29
|
|t:|1779962265
|move|p1a: Dragonite|Dragon Claw|p2a: Rillaboom
|-damage|p2a: Rillaboom|0 fnt
|faint|p2a: Rillaboom
|
|upkeep
|-message|gatorskk forfeited.
|
|win|kdelekto
|raw|kdelekto's rating: 1565 &rarr; <strong>1585</strong><br />(+20 for winning)
|raw|gatorskk's rating: 1562 &rarr; <strong>1542</strong><br />(-20 for losing)
|l|☆gatorskk
|player|p2|
|l|☆kdelekto
|player|p1|
