|j|☆kdelekto
|j|☆no ratings
|t:|1779962791
|gametype|singles
|player|p1|kdelekto|266|1601
|player|p2|no ratings|policeman-gen4|1528
|gen|9
|tier|[Gen 9] OU
|rated|
|rule|HP Percentage Mod: HP is shown in percentages
|rule|Endless Battle Clause: Forcing endless battles is banned
|rule|Species Clause: Limit one of each Pokémon
|rule|OHKO Clause: OHKO moves are banned
|rule|Evasion Items Clause: Evasion items are banned
|rule|Evasion Moves Clause: Evasion moves are banned
|rule|Evasion Abilities Clause: Evasion abilities are banned
|rule|Sleep Moves Clause: Sleep-inducing moves are banned
|clearpoke
|poke|p1|Corviknight, F|
|poke|p1|Ting-Lu|
|poke|p1|Quagsire, F|
|poke|p1|Gliscor, F|
|poke|p1|Toxapex, F|
|poke|p1|Dragonite, F|
|poke|p2|Keldeo-Resolute|
|poke|p2|Iron Crown|
|poke|p2|Gliscor, M|
|poke|p2|Samurott-Hisui, M|
|poke|p2|Mandibuzz, F|
|poke|p2|Empoleon, M|
|teampreview
|inactive|Battle timer is ON: inactive players will automatically lose when time's up. (requested by no ratings)
|j| just-jaype
|inactive|kdelekto has 120 seconds left.
|
|t:|1779962843
|teamsize|p1|6
|teamsize|p2|6
|start
|switch|p1a: Ting-Lu|Ting-Lu|100/100
|switch|p2a: Samurott|Samurott-Hisui, M, shiny|100/100
|-ability|p1a: Ting-Lu|Vessel of Ruin
|turn|1
|
|t:|1779962853
|move|p2a: Samurott|Knock Off|p1a: Ting-Lu
|-resisted|p1a: Ting-Lu
|-damage|p1a: Ting-Lu|89/100
|-enditem|p1a: Ting-Lu|Heavy-Duty Boots|[from] move: Knock Off|[of] p2a: Samurott
|move|p1a: Ting-Lu|Stealth Rock|p2a: Samurott
|-sidestart|p2: no ratings|move: Stealth Rock
|
|upkeep
|turn|2
|
|t:|1779962871
|switch|p2a: Mandibuzz|Mandibuzz, F|100/100
|switch|p1a: Toxapex|Toxapex, F|100/100
|
|upkeep
|turn|3
|
|t:|1779962874
|switch|p2a: Empoleon|Empoleon, M, shiny|100/100
|-damage|p2a: Empoleon|94/100|[from] Stealth Rock
|move|p1a: Toxapex|Toxic|p2a: Empoleon
|-immune|p2a: Empoleon
|
|-heal|p2a: Empoleon|100/100|[from] item: Leftovers
|upkeep
|turn|4
|
|t:|1779962880
|move|p2a: Empoleon|Stealth Rock|p1a: Toxapex
|-sidestart|p1: kdelekto|move: Stealth Rock
|move|p1a: Toxapex|Toxic Spikes|p2a: Empoleon
|-sidestart|p2: no ratings|move: Toxic Spikes
|
|upkeep
|turn|5
|
|t:|1779962888
|switch|p2a: Gliscor|Gliscor, M|100/100
|-damage|p2a: Gliscor|88/100|[from] Stealth Rock
|switch|p1a: Quagsire|Quagsire, F|100/100
|
|-status|p2a: Gliscor|tox|[from] item: Toxic Orb
|upkeep
|turn|6
|inactive|kdelekto has 120 seconds left.
|l| just-jaype
|inactive|kdelekto has 90 seconds left.
|
|t:|1779962956
|switch|p1a: Corviknight|Corviknight, F|100/100
|-damage|p1a: Corviknight|88/100|[from] Stealth Rock
|-ability|p1a: Corviknight|Pressure
|move|p2a: Gliscor|Knock Off|p1a: Corviknight
|-damage|p1a: Corviknight|70/100
|-enditem|p1a: Corviknight|Leftovers|[from] move: Knock Off|[of] p2a: Gliscor
|
|-heal|p2a: Gliscor|100/100 tox|[from] ability: Poison Heal
|upkeep
|turn|7
|
|t:|1779962965
|switch|p2a: Mandibuzz|Mandibuzz, F|100/100
|move|p1a: Corviknight|Bulk Up|p1a: Corviknight
|-boost|p1a: Corviknight|atk|1
|-boost|p1a: Corviknight|def|1
|
|upkeep
|turn|8
|
|t:|1779962970
|move|p2a: Mandibuzz|Defog|p1a: Corviknight
|-unboost|p1a: Corviknight|evasion|1
|-sideend|p1: kdelekto|Stealth Rock|[from] move: Defog|[of] p2a: Mandibuzz
|-sideend|p2: no ratings|Toxic Spikes|[from] move: Defog|[of] p2a: Mandibuzz
|-sideend|p2: no ratings|Stealth Rock|[from] move: Defog|[of] p2a: Mandibuzz
|move|p1a: Corviknight|Bulk Up|p1a: Corviknight
|-boost|p1a: Corviknight|atk|1
|-boost|p1a: Corviknight|def|1
|
|upkeep
|turn|9
|
|t:|1779962976
|move|p2a: Mandibuzz|Iron Defense|p2a: Mandibuzz
|-boost|p2a: Mandibuzz|def|2
|move|p1a: Corviknight|Body Press|p2a: Mandibuzz
|-damage|p2a: Mandibuzz|90/100
|
|upkeep
|turn|10
|
|t:|1779962984
|switch|p1a: Quagsire|Quagsire, F|100/100
|move|p2a: Mandibuzz|Foul Play|p1a: Quagsire
|-damage|p1a: Quagsire|81/100
|
|upkeep
|turn|11
|
|t:|1779962997
|switch|p2a: Samurott|Samurott-Hisui, M, shiny|100/100
|move|p1a: Quagsire|Earthquake|p2a: Samurott
|-damage|p2a: Samurott|60/100
|
|upkeep
|turn|12
|inactive|kdelekto has 120 seconds left.
|
|t:|1779963005
|switch|p1a: Toxapex|Toxapex, F|100/100
|move|p2a: Samurott|Ceaseless Edge|p1a: Toxapex|[miss]
|-miss|p2a: Samurott|p1a: Toxapex
|
|upkeep
|turn|13
|
|t:|1779963010
|move|p2a: Samurott|Ceaseless Edge|p1a: Toxapex
|-damage|p1a: Toxapex|74/100
|-sidestart|p1: kdelekto|Spikes
|move|p1a: Toxapex|Toxic|p2a: Samurott
|-status|p2a: Samurott|tox
|
|-damage|p2a: Samurott|54/100 tox|[from] psn
|upkeep
|turn|14
|
|t:|1779963016
|switch|p2a: Empoleon|Empoleon, M, shiny|100/100
|move|p1a: Toxapex|Toxic Spikes|p2a: Empoleon
|-sidestart|p2: no ratings|move: Toxic Spikes
|
|upkeep
|turn|15
|
|t:|1779963026
|move|p2a: Empoleon|Stealth Rock|p1a: Toxapex
|-sidestart|p1: kdelekto|move: Stealth Rock
|move|p1a: Toxapex|Toxic Spikes|p2a: Empoleon
|-sidestart|p2: no ratings|move: Toxic Spikes
|
|upkeep
|turn|16
|
|t:|1779963042
|switch|p2a: Iron Crown|Iron Crown|100/100
|move|p1a: Toxapex|Pain Split|p2a: Iron Crown
|-sethp|p2a: Iron Crown|85/100|[from] move: Pain Split|[silent]
|-sethp|p1a: Toxapex|90/100|[from] move: Pain Split
|
|upkeep
|turn|17
|
|t:|1779963055
|-end|p2a: Iron Crown|Quark Drive|[silent]
|switch|p2a: Keldeo|Keldeo-Resolute|100/100
|switch|p1a: Ting-Lu|Ting-Lu|89/100
|-damage|p1a: Ting-Lu|76/100|[from] Spikes
|-damage|p1a: Ting-Lu|70/100|[from] Stealth Rock
|-ability|p1a: Ting-Lu|Vessel of Ruin
|
|upkeep
|turn|18
|
|t:|1779963064
|switch|p1a: Toxapex|Toxapex, F|100/100
|move|p2a: Keldeo|Surf|p1a: Toxapex
|-resisted|p1a: Toxapex
|-damage|p1a: Toxapex|81/100
|
|upkeep
|turn|19
|
|t:|1779963072
|move|p2a: Keldeo|Flip Turn|p1a: Toxapex
|-resisted|p1a: Toxapex
|-damage|p1a: Toxapex|77/100
|
|t:|1779963075
|switch|p2a: Iron Crown|Iron Crown|85/100|[from] Flip Turn
|move|p1a: Toxapex|Toxic|p2a: Iron Crown
|-immune|p2a: Iron Crown
|
|upkeep
|turn|20
|
|t:|1779963084
|switch|p1a: Ting-Lu|Ting-Lu|70/100
|-damage|p1a: Ting-Lu|58/100|[from] Spikes
|-damage|p1a: Ting-Lu|51/100|[from] Stealth Rock
|-ability|p1a: Ting-Lu|Vessel of Ruin
|move|p2a: Iron Crown|Future Sight|p1a: Ting-Lu
|-start|p2a: Iron Crown|move: Future Sight
|
|upkeep
|turn|21
|
|t:|1779963089
|-end|p2a: Iron Crown|Quark Drive|[silent]
|switch|p2a: Gliscor|Gliscor, M|100/100 tox
|move|p1a: Ting-Lu|Stealth Rock|p2a: Gliscor
|-sidestart|p2: no ratings|move: Stealth Rock
|
|upkeep
|turn|22
|
|t:|1779963099
|switch|p1a: Corviknight|Corviknight, F|70/100
|-damage|p1a: Corviknight|57/100|[from] Stealth Rock
|-ability|p1a: Corviknight|Pressure
|move|p2a: Gliscor|Swords Dance|p2a: Gliscor
|-boost|p2a: Gliscor|atk|2
|
|-end|p1a: Corviknight|move: Future Sight
|-resisted|p1a: Corviknight
|-damage|p1a: Corviknight|38/100
|upkeep
|turn|23
|j| Almirante Matthew
|
|t:|1779963116
|switch|p2a: Keldeo|Keldeo-Resolute|100/100
|switch|p1a: Quagsire|Quagsire, F|81/100
|
|upkeep
|turn|24
|
|t:|1779963121
|switch|p1a: Toxapex|Toxapex, F|100/100
|move|p2a: Keldeo|Surf|p1a: Toxapex
|-resisted|p1a: Toxapex
|-damage|p1a: Toxapex|84/100
|
|upkeep
|turn|25
|
|t:|1779963138
|move|p2a: Keldeo|Flip Turn|p1a: Toxapex
|-resisted|p1a: Toxapex
|-damage|p1a: Toxapex|79/100
|
|t:|1779963147
|switch|p2a: Empoleon|Empoleon, M, shiny|100/100|[from] Flip Turn
|-damage|p2a: Empoleon|94/100|[from] Stealth Rock
|move|p1a: Toxapex|Toxic|p2a: Empoleon
|-immune|p2a: Empoleon
|
|-heal|p2a: Empoleon|100/100|[from] item: Leftovers
|upkeep
|turn|26
|
|t:|1779963162
|switch|p2a: Gliscor|Gliscor, M|100/100 tox
|-damage|p2a: Gliscor|88/100 tox|[from] Stealth Rock
|switch|p1a: Quagsire|Quagsire, F|81/100
|
|-heal|p2a: Gliscor|100/100 tox|[from] ability: Poison Heal
|upkeep
|turn|27
|
|t:|1779963166
|move|p2a: Gliscor|Swords Dance|p2a: Gliscor
|-boost|p2a: Gliscor|atk|2
|move|p1a: Quagsire|Spikes|p2a: Gliscor
|-sidestart|p2: no ratings|Spikes
|
|upkeep
|turn|28
|
|t:|1779963169
|move|p2a: Gliscor|Facade|p1a: Quagsire
|-damage|p1a: Quagsire|61/100
|move|p1a: Quagsire|Recover|p1a: Quagsire
|-heal|p1a: Quagsire|100/100
|
|upkeep
|turn|29
|
|t:|1779963173
|move|p2a: Gliscor|Knock Off|p1a: Quagsire
|-damage|p1a: Quagsire|85/100
|-enditem|p1a: Quagsire|Heavy-Duty Boots|[from] move: Knock Off|[of] p2a: Gliscor
|move|p1a: Quagsire|Spikes|p2a: Gliscor
|-sidestart|p2: no ratings|Spikes
|
|upkeep
|turn|30
|
|t:|1779963186
|move|p2a: Gliscor|Facade|p1a: Quagsire
|-damage|p1a: Quagsire|62/100
|move|p1a: Quagsire|Spikes|p2a: Gliscor
|-sidestart|p2: no ratings|Spikes
|
|upkeep
|turn|31
|
|t:|1779963189
|move|p2a: Gliscor|Facade|p1a: Quagsire
|-damage|p1a: Quagsire|39/100
|move|p1a: Quagsire|Recover|p1a: Quagsire
|-heal|p1a: Quagsire|89/100
|
|upkeep
|turn|32
|j| karlheinzIX
|
|t:|1779963200
|move|p2a: Gliscor|Facade|p1a: Quagsire
|-damage|p1a: Quagsire|69/100
|move|p1a: Quagsire|Earthquake|p2a: Gliscor
|-immune|p2a: Gliscor
|
|upkeep
|turn|33
|
|t:|1779963204
|move|p2a: Gliscor|Swords Dance|p2a: Gliscor
|-boost|p2a: Gliscor|atk|2
|move|p1a: Quagsire|Recover|p1a: Quagsire
|-heal|p1a: Quagsire|100/100
|
|upkeep
|turn|34
|
|t:|1779963210
|switch|p1a: Toxapex|Toxapex, F|100/100
|move|p2a: Gliscor|Knock Off|p1a: Toxapex
|-damage|p1a: Toxapex|59/100
|-enditem|p1a: Toxapex|Heavy-Duty Boots|[from] move: Knock Off|[of] p2a: Gliscor
|
|upkeep
|turn|35
|-message|kdelekto forfeited.
|
|win|no ratings
|raw|kdelekto's rating: 1601 &rarr; <strong>1577</strong><br />(-24 for losing)
|raw|no ratings's rating: 1528 &rarr; <strong>1552</strong><br />(+24 for winning)
|l|☆kdelekto
|player|p1|
|l|☆no ratings
|player|p2|
|n| finchihator|karlheinzix
|l| finchihator
