|j|☆321Godspeed
|j|‽sawquarete
|t:|1779856016
|gametype|singles
|player|p1|321Godspeed|266|1340
|player|p2|sawquarete|li|1409
|gen|9
|tier|[Gen 9] OU
|rated|
|rule|HP Percentage Mod: HP is shown in percentages
|rule|Endless Battle Clause: Forcing endless battles is banned
|rule|Species Clause: Limit one of each Pokémon
|rule|OHKO Clause: OHKO moves are banned
|rule|Evasion Items Clause: Evasion items are banned
|rule|Evasion Moves Clause: Evasion moves are banned
|rule|Evasion Abilities Clause: Evasion abilities are banned
|rule|Sleep Moves Clause: Sleep-inducing moves are banned
|clearpoke
|poke|p1|Iron Moth|
|poke|p1|Gliscor, F|
|poke|p1|Hatterene, F|
|poke|p1|Ogerpon-Wellspring, F|
|poke|p1|Raging Bolt|
|poke|p1|Zamazenta-*|
|poke|p2|Gholdengo|
|poke|p2|Kingambit, F|
|poke|p2|Hatterene, F|
|poke|p2|Samurott-Hisui, M|
|poke|p2|Pecharunt|
|poke|p2|Landorus-Therian, M|
|teampreview
|
|t:|1779856037
|teamsize|p1|6
|teamsize|p2|6
|start
|switch|p1a: Zamazenta|Zamazenta|100/100
|switch|p2a: Samurott|Samurott-Hisui, M|100/100
|-ability|p1a: Zamazenta|Dauntless Shield|boost
|-boost|p1a: Zamazenta|def|1
|turn|1
|
|t:|1779856042
|move|p2a: Samurott|Flip Turn|p1a: Zamazenta
|-damage|p1a: Zamazenta|85/100
|
|t:|1779856044
|switch|p2a: Hatterene|Hatterene, F|100/100|[from] Flip Turn
|move|p1a: Zamazenta|Reflect|p1a: Zamazenta
|-sidestart|p1: 321Godspeed|Reflect
|
|upkeep
|turn|2
|
|t:|1779856049
|move|p1a: Zamazenta|Light Screen|p1a: Zamazenta
|-sidestart|p1: 321Godspeed|move: Light Screen
|move|p2a: Hatterene|Nuzzle|p1a: Zamazenta
|-damage|p1a: Zamazenta|84/100
|-status|p1a: Zamazenta|par
|
|upkeep
|turn|3
|
|t:|1779856055
|switch|p1a: Gliscor|Gliscor, F|100/100
|switch|p2a: Landorus|Landorus-Therian, M|100/100
|-ability|p2a: Landorus|Intimidate|boost
|-unboost|p1a: Gliscor|atk|1
|
|-status|p1a: Gliscor|tox|[from] item: Toxic Orb
|upkeep
|turn|4
|
|t:|1779856061
|move|p2a: Landorus|U-turn|p1a: Gliscor
|-resisted|p1a: Gliscor
|-damage|p1a: Gliscor|95/100 tox
|
|t:|1779856064
|switch|p2a: Samurott|Samurott-Hisui, M|100/100|[from] U-turn
|move|p1a: Gliscor|Swords Dance|p1a: Gliscor
|-boost|p1a: Gliscor|atk|2
|
|-heal|p1a: Gliscor|100/100 tox|[from] ability: Poison Heal
|upkeep
|turn|5
|
|t:|1779856078
|-terastallize|p2a: Samurott|Water
|move|p2a: Samurott|Razor Shell|p1a: Gliscor
|-supereffective|p1a: Gliscor
|-damage|p1a: Gliscor|46/100 tox
|-unboost|p1a: Gliscor|def|1
|move|p1a: Gliscor|Agility|p1a: Gliscor
|-boost|p1a: Gliscor|spe|2
|
|-heal|p1a: Gliscor|58/100 tox|[from] ability: Poison Heal
|upkeep
|turn|6
|
|t:|1779856094
|-terastallize|p1a: Gliscor|Normal
|move|p1a: Gliscor|Swords Dance|p1a: Gliscor
|-boost|p1a: Gliscor|atk|2
|move|p2a: Samurott|Razor Shell|p1a: Gliscor
|-damage|p1a: Gliscor|18/100 tox
|-unboost|p1a: Gliscor|def|1
|
|-heal|p1a: Gliscor|30/100 tox|[from] ability: Poison Heal
|upkeep
|turn|7
|
|t:|1779856101
|move|p1a: Gliscor|Facade|p2a: Samurott
|-damage|p2a: Samurott|0 fnt
|faint|p2a: Samurott
|
|-heal|p1a: Gliscor|42/100 tox|[from] ability: Poison Heal
|upkeep
|
|t:|1779856121
|switch|p2a: Landorus|Landorus-Therian, M|100/100
|-ability|p2a: Landorus|Intimidate|boost
|-unboost|p1a: Gliscor|atk|1
|turn|8
|
|t:|1779856126
|move|p1a: Gliscor|Facade|p2a: Landorus
|-crit|p2a: Landorus
|-damage|p2a: Landorus|0 fnt
|-damage|p1a: Gliscor|26/100 tox|[from] item: Rocky Helmet|[of] p2a: Landorus
|faint|p2a: Landorus
|
|-heal|p1a: Gliscor|38/100 tox|[from] ability: Poison Heal
|-sideend|p1: 321Godspeed|Reflect
|upkeep
|
|t:|1779856133
|switch|p2a: Kingambit|Kingambit, F|100/100
|-activate|p2a: Kingambit|ability: Supreme Overlord
|-start|p2a: Kingambit|fallen2|[silent]
|turn|9
|
|t:|1779856136
|move|p2a: Kingambit|Sucker Punch|p1a: Gliscor
|-damage|p1a: Gliscor|0 fnt
|faint|p1a: Gliscor
|
|-sideend|p1: 321Godspeed|move: Light Screen
|upkeep
|
|t:|1779856156
|switch|p1a: Zamazenta|Zamazenta|84/100 par
|turn|10
|
|t:|1779856164
|-end|p2a: Kingambit|fallen2|[silent]
|switch|p2a: Gholdengo|Gholdengo|100/100
|-item|p2a: Gholdengo|Air Balloon
|move|p1a: Zamazenta|Reflect|p1a: Zamazenta
|-sidestart|p1: 321Godspeed|Reflect
|
|upkeep
|turn|11
|
|t:|1779856167
|move|p2a: Gholdengo|Nasty Plot|p2a: Gholdengo
|-boost|p2a: Gholdengo|spa|2
|cant|p1a: Zamazenta|par
|
|upkeep
|turn|12
|
|t:|1779856178
|move|p2a: Gholdengo|Nasty Plot|p2a: Gholdengo
|-boost|p2a: Gholdengo|spa|2
|move|p1a: Zamazenta|Ice Fang|p2a: Gholdengo
|-resisted|p2a: Gholdengo
|-damage|p2a: Gholdengo|89/100
|-enditem|p2a: Gholdengo|Air Balloon
|
|upkeep
|turn|13
|
|t:|1779856187
|move|p2a: Gholdengo|Shadow Ball|p1a: Zamazenta
|-damage|p1a: Zamazenta|0 fnt
|faint|p1a: Zamazenta
|
|upkeep
|
|t:|1779856190
|switch|p1a: Iron Moth|Iron Moth|100/100
|-enditem|p1a: Iron Moth|Booster Energy
|-activate|p1a: Iron Moth|ability: Quark Drive|[fromitem]
|-start|p1a: Iron Moth|quarkdrivespe
|turn|14
|
|t:|1779856199
|switch|p2a: Hatterene|Hatterene, F|100/100
|move|p1a: Iron Moth|Fiery Dance|p2a: Hatterene
|-damage|p2a: Hatterene|74/100
|
|upkeep
|turn|15
|
|t:|1779856203
|move|p1a: Iron Moth|Sludge Wave|p2a: Hatterene
|-supereffective|p2a: Hatterene
|-damage|p2a: Hatterene|9/100
|move|p2a: Hatterene|Nuzzle|p1a: Iron Moth
|-damage|p1a: Iron Moth|98/100
|-status|p1a: Iron Moth|par
|
|upkeep
|turn|16
|
|t:|1779856210
|move|p1a: Iron Moth|Fiery Dance|p2a: Hatterene
|-damage|p2a: Hatterene|0 fnt
|-boost|p1a: Iron Moth|spa|1
|faint|p2a: Hatterene
|
|upkeep
|
|t:|1779856217
|switch|p2a: Gholdengo|Gholdengo|89/100
|turn|17
|
|t:|1779856219
|move|p2a: Gholdengo|Shadow Ball|p1a: Iron Moth
|-crit|p1a: Iron Moth
|-damage|p1a: Iron Moth|39/100 par
|cant|p1a: Iron Moth|par
|
|-sideend|p1: 321Godspeed|Reflect
|upkeep
|turn|18
|
|t:|1779856223
|move|p2a: Gholdengo|Shadow Ball|p1a: Iron Moth
|-damage|p1a: Iron Moth|0 fnt
|faint|p1a: Iron Moth
|-end|p1a: Iron Moth|Quark Drive|[silent]
|
|upkeep
|
|t:|1779856249
|switch|p1a: Raging Bolt|Raging Bolt|100/100
|-enditem|p1a: Raging Bolt|Booster Energy
|-activate|p1a: Raging Bolt|ability: Protosynthesis|[fromitem]
|-start|p1a: Raging Bolt|protosynthesisspa
|turn|19
|
|t:|1779856255
|move|p2a: Gholdengo|Shadow Ball|p1a: Raging Bolt
|-damage|p1a: Raging Bolt|60/100
|move|p1a: Raging Bolt|Calm Mind|p1a: Raging Bolt
|-boost|p1a: Raging Bolt|spa|1
|-boost|p1a: Raging Bolt|spd|1
|
|upkeep
|turn|20
|
|t:|1779856266
|move|p1a: Raging Bolt|Thunderclap|p2a: Gholdengo
|-damage|p2a: Gholdengo|0 fnt
|faint|p2a: Gholdengo
|
|upkeep
|
|t:|1779856271
|switch|p2a: Pecharunt|Pecharunt|100/100
|turn|21
|
|t:|1779856279
|move|p1a: Raging Bolt|Thunderclap||[still]
|-fail|p1a: Raging Bolt
|move|p2a: Pecharunt|Toxic|p1a: Raging Bolt
|-status|p1a: Raging Bolt|tox
|-start|p1a: Raging Bolt|confusion|[from] ability: Poison Puppeteer|[of] p2a: Pecharunt
|
|-damage|p1a: Raging Bolt|53/100 tox|[from] psn
|upkeep
|turn|22
|
|t:|1779856284
|-activate|p1a: Raging Bolt|confusion
|move|p1a: Raging Bolt|Thunderclap||[still]
|-fail|p1a: Raging Bolt
|move|p2a: Pecharunt|Parting Shot|p1a: Raging Bolt
|-unboost|p1a: Raging Bolt|atk|1
|-unboost|p1a: Raging Bolt|spa|1
|
|t:|1779856286
|switch|p2a: Kingambit|Kingambit, F|100/100|[from] Parting Shot
|-activate|p2a: Kingambit|ability: Supreme Overlord
|-start|p2a: Kingambit|fallen4|[silent]
|
|-damage|p1a: Raging Bolt|41/100 tox|[from] psn
|upkeep
|turn|23
|
|t:|1779856297
|-end|p1a: Raging Bolt|confusion
|move|p1a: Raging Bolt|Thunderclap||[still]
|-fail|p1a: Raging Bolt
|move|p2a: Kingambit|Swords Dance|p2a: Kingambit
|-boost|p2a: Kingambit|atk|2
|
|-damage|p1a: Raging Bolt|23/100 tox|[from] psn
|upkeep
|turn|24
|
|t:|1779856308
|move|p1a: Raging Bolt|Thunderclap|p2a: Kingambit
|-damage|p2a: Kingambit|34/100
|move|p2a: Kingambit|Sucker Punch||[still]
|-fail|p2a: Kingambit
|
|-damage|p1a: Raging Bolt|0 fnt|[from] psn
|faint|p1a: Raging Bolt
|-end|p1a: Raging Bolt|Protosynthesis|[silent]
|upkeep
|
|t:|1779856315
|switch|p1a: Ogerpon|Ogerpon-Wellspring, F|100/100
|turn|25
|
|t:|1779856317
|move|p2a: Kingambit|Sucker Punch||[still]
|-fail|p2a: Kingambit
|move|p1a: Ogerpon|Encore|p2a: Kingambit
|-start|p2a: Kingambit|Encore
|
|upkeep
|turn|26
|
|t:|1779856321
|-end|p2a: Kingambit|fallen4|[silent]
|switch|p2a: Pecharunt|Pecharunt|100/100
|move|p1a: Ogerpon|Swords Dance|p1a: Ogerpon
|-boost|p1a: Ogerpon|atk|2
|
|upkeep
|turn|27
|
|t:|1779856326
|move|p1a: Ogerpon|Ivy Cudgel|p2a: Pecharunt|[anim] Ivy Cudgel Water
|-crit|p2a: Pecharunt
|-damage|p2a: Pecharunt|6/100
|move|p2a: Pecharunt|Toxic|p1a: Ogerpon
|-status|p1a: Ogerpon|tox
|-start|p1a: Ogerpon|confusion|[from] ability: Poison Puppeteer|[of] p2a: Pecharunt
|
|-damage|p1a: Ogerpon|95/100 tox|[from] psn
|upkeep
|turn|28
|
|t:|1779856336
|-activate|p1a: Ogerpon|confusion
|move|p1a: Ogerpon|Trailblaze|p2a: Pecharunt
|-resisted|p2a: Pecharunt
|-damage|p2a: Pecharunt|0 fnt
|-boost|p1a: Ogerpon|spe|1
|faint|p2a: Pecharunt
|
|-damage|p1a: Ogerpon|83/100 tox|[from] psn
|upkeep
|
|t:|1779856338
|switch|p2a: Kingambit|Kingambit, F|34/100
|-activate|p2a: Kingambit|ability: Supreme Overlord
|-start|p2a: Kingambit|fallen5|[silent]
|turn|29
|
|t:|1779856342
|-end|p1a: Ogerpon|confusion
|move|p1a: Ogerpon|Ivy Cudgel|p2a: Kingambit|[anim] Ivy Cudgel Water
|-damage|p2a: Kingambit|0 fnt
|faint|p2a: Kingambit
|-end|p2a: Kingambit|fallen5|[silent]
|
|win|321Godspeed
|raw|321Godspeed's rating: 1340 &rarr; <strong>1364</strong><br />(+24 for winning)
|raw|sawquarete's rating: 1409 &rarr; <strong>1385</strong><br />(-24 for losing)
|l|☆321Godspeed
|player|p1|
