|j|☆lolkingston
|j|☆its tetover
|t:|1779949155
|gametype|singles
|player|p1|lolkingston|102|1525
|player|p2|its tetover|gardenia|1491
|gen|9
|tier|[Gen 9] OU
|rated|
|rule|HP Percentage Mod: HP is shown in percentages
|rule|Endless Battle Clause: Forcing endless battles is banned
|rule|Species Clause: Limit one of each Pokémon
|rule|OHKO Clause: OHKO moves are banned
|rule|Evasion Items Clause: Evasion items are banned
|rule|Evasion Moves Clause: Evasion moves are banned
|rule|Evasion Abilities Clause: Evasion abilities are banned
|rule|Sleep Moves Clause: Sleep-inducing moves are banned
|clearpoke
|poke|p1|Regieleki|
|poke|p1|Raging Bolt|
|poke|p1|Overqwil, M|
|poke|p1|Greninja-*, M|
|poke|p1|Pelipper, M|
|poke|p1|Iron Treads|
|poke|p2|Ribombee, F|
|poke|p2|Brambleghast, M|
|poke|p2|Pawmot, M|
|poke|p2|Kyurem|
|poke|p2|Ursaluna, F|
|poke|p2|Tornadus, M|
|teampreview
|inactive|Battle timer is ON: inactive players will automatically lose when time's up. (requested by its tetover)
|inactive|lolkingston has 120 seconds left.
|
|t:|1779949254
|teamsize|p1|6
|teamsize|p2|6
|start
|switch|p1a: Regieleki|Regieleki, shiny|100/100
|switch|p2a: Ribombee|Ribombee, F|100/100
|turn|1
|
|t:|1779949268
|move|p1a: Regieleki|Volt Switch|p2a: Ribombee
|-damage|p2a: Ribombee|10/100
|
|t:|1779949279
|switch|p1a: Greninja|Greninja, M|100/100|[from] Volt Switch
|move|p2a: Ribombee|Sticky Web|p1a: Greninja
|-sidestart|p1: lolkingston|move: Sticky Web
|
|upkeep
|turn|2
|
|t:|1779949286
|switch|p2a: Kyurem|Kyurem|100/100
|-ability|p2a: Kyurem|Pressure
|move|p1a: Greninja|Water Shuriken|p2a: Kyurem
|-resisted|p2a: Kyurem
|-damage|p2a: Kyurem|98/100
|-resisted|p2a: Kyurem
|-damage|p2a: Kyurem|95/100
|-hitcount|p2a: Kyurem|2
|-damage|p1a: Greninja|91/100|[from] item: Life Orb
|
|upkeep
|turn|3
|
|t:|1779949292
|switch|p1a: Iron Treads|Iron Treads, shiny|100/100
|-activate|p1a: Iron Treads|move: Sticky Web
|-unboost|p1a: Iron Treads|spe|1
|-enditem|p1a: Iron Treads|Booster Energy
|-activate|p1a: Iron Treads|ability: Quark Drive|[fromitem]
|-start|p1a: Iron Treads|quarkdrivedef
|move|p2a: Kyurem|Earth Power|p1a: Iron Treads
|-supereffective|p1a: Iron Treads
|-damage|p1a: Iron Treads|0 fnt
|faint|p1a: Iron Treads
|-end|p1a: Iron Treads|Quark Drive|[silent]
|
|upkeep
|
|t:|1779949303
|switch|p1a: Pelipper|Pelipper, M, shiny|100/100
|-weather|RainDance|[from] ability: Drizzle|[of] p1a: Pelipper
|turn|4
|
|t:|1779949323
|move|p2a: Kyurem|Freeze-Dry|p1a: Pelipper
|-supereffective|p1a: Pelipper
|-damage|p1a: Pelipper|0 fnt
|faint|p1a: Pelipper
|
|-weather|RainDance|[upkeep]
|upkeep
|
|t:|1779949327
|switch|p1a: Overqwil|Overqwil, M, shiny|100/100
|-activate|p1a: Overqwil|move: Sticky Web
|-unboost|p1a: Overqwil|spe|1
|turn|5
|inactive|its tetover has 120 seconds left.
|
|t:|1779949364
|switch|p2a: Ribombee|Ribombee, F|10/100
|move|p1a: Overqwil|Gunk Shot|p2a: Ribombee
|-supereffective|p2a: Ribombee
|-damage|p2a: Ribombee|0 fnt
|faint|p2a: Ribombee
|-damage|p1a: Overqwil|91/100|[from] item: Life Orb
|
|-weather|RainDance|[upkeep]
|upkeep
|
|t:|1779949371
|switch|p2a: Tornadus|Tornadus, M|100/100
|turn|6
|
|t:|1779949376
|switch|p1a: Regieleki|Regieleki, shiny|100/100
|-activate|p1a: Regieleki|move: Sticky Web
|-unboost|p1a: Regieleki|spe|1
|move|p2a: Tornadus|Tailwind|p2a: Tornadus
|-sidestart|p2: its tetover|move: Tailwind
|
|-weather|RainDance|[upkeep]
|upkeep
|turn|7
|
|t:|1779949382
|switch|p2a: Brambleghast|Brambleghast, M|100/100
|-ability|p2a: Brambleghast|Wind Rider|boost
|-boost|p2a: Brambleghast|atk|1
|move|p1a: Regieleki|Rapid Spin|p2a: Brambleghast
|-immune|p2a: Brambleghast
|
|-weather|RainDance|[upkeep]
|upkeep
|turn|8
|
|t:|1779949386
|switch|p1a: Overqwil|Overqwil, M, shiny|91/100
|-activate|p1a: Overqwil|move: Sticky Web
|-unboost|p1a: Overqwil|spe|1
|move|p2a: Brambleghast|Poltergeist|p1a: Overqwil
|-activate|p1a: Overqwil|move: Poltergeist|Life Orb
|-resisted|p1a: Overqwil
|-damage|p1a: Overqwil|28/100
|-damage|p2a: Brambleghast|91/100|[from] item: Life Orb
|
|-weather|RainDance|[upkeep]
|upkeep
|turn|9
|
|t:|1779949393
|move|p2a: Brambleghast|Poltergeist|p1a: Overqwil|[miss]
|-miss|p2a: Brambleghast|p1a: Overqwil
|move|p1a: Overqwil|Gunk Shot|p2a: Brambleghast
|-damage|p2a: Brambleghast|0 fnt
|faint|p2a: Brambleghast
|-damage|p1a: Overqwil|18/100|[from] item: Life Orb
|
|-weather|RainDance|[upkeep]
|-sideend|p2: its tetover|move: Tailwind
|upkeep
|
|t:|1779949405
|switch|p2a: Tornadus|Tornadus, M|100/100
|turn|10
|
|t:|1779949416
|move|p2a: Tornadus|Tailwind|p2a: Tornadus
|-sidestart|p2: its tetover|move: Tailwind
|move|p1a: Overqwil|Gunk Shot|p2a: Tornadus
|-damage|p2a: Tornadus|2/100
|-enditem|p2a: Tornadus|Eject Button
|-damage|p1a: Overqwil|8/100|[from] item: Life Orb
|
|t:|1779949424
|switch|p2a: Ursaluna|Ursaluna, F|100/100
|
|-weather|RainDance|[upkeep]
|-status|p2a: Ursaluna|brn|[from] item: Flame Orb
|upkeep
|turn|11
|
|t:|1779949431
|move|p2a: Ursaluna|Facade|p1a: Overqwil
|-damage|p1a: Overqwil|0 fnt
|faint|p1a: Overqwil
|
|-weather|none
|-damage|p2a: Ursaluna|94/100 brn|[from] brn
|upkeep
|
|t:|1779949440
|switch|p1a: Regieleki|Regieleki, shiny|100/100
|-activate|p1a: Regieleki|move: Sticky Web
|-unboost|p1a: Regieleki|spe|1
|turn|12
|
|t:|1779949443
|-terastallize|p1a: Regieleki|Flying
|move|p2a: Ursaluna|Facade|p1a: Regieleki
|-damage|p1a: Regieleki|0 fnt
|faint|p1a: Regieleki
|
|-damage|p2a: Ursaluna|88/100 brn|[from] brn
|upkeep
|-message|lolkingston forfeited.
|
|win|its tetover
|raw|lolkingston's rating: 1525 &rarr; <strong>1503</strong><br />(-22 for losing)
|raw|its tetover's rating: 1491 &rarr; <strong>1513</strong><br />(+22 for winning)
|l|☆lolkingston
|player|p1|
