|j|☆fregene97
|j|☆masaluca026
|t:|1779878500
|gametype|singles
|player|p1|fregene97|dragontamer|1224
|player|p2|masaluca026|102|1163
|gen|9
|tier|[Gen 9] OU
|rated|
|rule|HP Percentage Mod: HP is shown in percentages
|rule|Endless Battle Clause: Forcing endless battles is banned
|rule|Species Clause: Limit one of each Pokémon
|rule|OHKO Clause: OHKO moves are banned
|rule|Evasion Items Clause: Evasion items are banned
|rule|Evasion Moves Clause: Evasion moves are banned
|rule|Evasion Abilities Clause: Evasion abilities are banned
|rule|Sleep Moves Clause: Sleep-inducing moves are banned
|clearpoke
|poke|p1|Walking Wake|
|poke|p1|Raging Bolt|
|poke|p1|Great Tusk|
|poke|p1|Typhlosion-Hisui, F|
|poke|p1|Greninja-*, M|
|poke|p1|Iron Treads|
|poke|p2|Porygon-Z|
|poke|p2|Gengar, M|
|poke|p2|Necrozma|
|poke|p2|Registeel|
|poke|p2|Corviknight, M|
|poke|p2|Dragonite, F|
|teampreview
|
|t:|1779878515
|teamsize|p1|6
|teamsize|p2|6
|start
|switch|p1a: Typhlosion|Typhlosion-Hisui, F|100/100
|switch|p2a: Porygon-Z|Porygon-Z|100/100
|-item|p2a: Porygon-Z|Choice Specs|[from] ability: Frisk|[of] p1a: Typhlosion
|turn|1
|inactive|Battle timer is ON: inactive players will automatically lose when time's up. (requested by fregene97)
|
|t:|1779878524
|move|p1a: Typhlosion|Eruption|p2a: Porygon-Z
|-damage|p2a: Porygon-Z|0 fnt
|faint|p2a: Porygon-Z
|
|upkeep
|
|t:|1779878533
|switch|p2a: Gengar|Gengar, M|100/100
|turn|2
|
|t:|1779878549
|move|p2a: Gengar|Shadow Ball|p1a: Typhlosion
|-supereffective|p1a: Typhlosion
|-damage|p1a: Typhlosion|0 fnt
|faint|p1a: Typhlosion
|-damage|p2a: Gengar|91/100|[from] item: Life Orb
|
|upkeep
|
|t:|1779878552
|switch|p1a: Greninja|Greninja, M|100/100
|turn|3
|
|t:|1779878559
|move|p1a: Greninja|Swords Dance|p1a: Greninja
|-boost|p1a: Greninja|atk|2
|move|p2a: Gengar|Focus Blast|p1a: Greninja
|-supereffective|p1a: Greninja
|-enditem|p1a: Greninja|Focus Sash
|-damage|p1a: Greninja|1/100
|-damage|p2a: Gengar|81/100|[from] item: Life Orb
|
|upkeep
|turn|4
|
|t:|1779878574
|switch|p2a: Necrozma|Necrozma|100/100
|move|p1a: Greninja|Water Shuriken|p2a: Necrozma
|-damage|p2a: Necrozma|95/100
|-crit|p2a: Necrozma
|-damage|p2a: Necrozma|88/100
|-damage|p2a: Necrozma|82/100
|-damage|p2a: Necrozma|78/100
|-hitcount|p2a: Necrozma|4
|
|-heal|p2a: Necrozma|84/100|[from] item: Leftovers
|upkeep
|turn|5
|
|t:|1779878588
|move|p1a: Greninja|U-turn|p2a: Necrozma
|-supereffective|p2a: Necrozma
|-damage|p2a: Necrozma|50/100
|
|t:|1779878591
|switch|p1a: Raging Bolt|Raging Bolt|100/100|[from] U-turn
|-enditem|p1a: Raging Bolt|Booster Energy
|-activate|p1a: Raging Bolt|ability: Protosynthesis|[fromitem]
|-start|p1a: Raging Bolt|protosynthesisspa
|move|p2a: Necrozma|Earth Power|p1a: Raging Bolt
|-supereffective|p1a: Raging Bolt
|-damage|p1a: Raging Bolt|58/100
|
|-heal|p2a: Necrozma|57/100|[from] item: Leftovers
|upkeep
|turn|6
|
|t:|1779878605
|move|p2a: Necrozma|Earth Power|p1a: Raging Bolt
|-supereffective|p1a: Raging Bolt
|-damage|p1a: Raging Bolt|18/100
|move|p1a: Raging Bolt|Volt Switch|p2a: Necrozma
|-damage|p2a: Necrozma|8/100
|
|t:|1779878610
|-end|p1a: Raging Bolt|Protosynthesis|[silent]
|switch|p1a: Greninja|Greninja, M|1/100|[from] Volt Switch
|
|-heal|p2a: Necrozma|14/100|[from] item: Leftovers
|upkeep
|turn|7
|
|t:|1779878624
|switch|p2a: Registeel|Registeel|100/100
|move|p1a: Greninja|U-turn|p2a: Registeel
|-resisted|p2a: Registeel
|-damage|p2a: Registeel|94/100
|
|t:|1779878631
|switch|p1a: Great Tusk|Great Tusk, shiny|100/100|[from] U-turn
|
|-heal|p2a: Registeel|99/100|[from] item: Leftovers
|upkeep
|turn|8
|
|t:|1779878650
|move|p2a: Registeel|Protect|p2a: Registeel
|-singleturn|p2a: Registeel|Protect
|move|p1a: Great Tusk|Bulk Up|p1a: Great Tusk
|-boost|p1a: Great Tusk|atk|1
|-boost|p1a: Great Tusk|def|1
|
|-heal|p2a: Registeel|100/100|[from] item: Leftovers
|upkeep
|turn|9
|
|t:|1779878658
|switch|p2a: Corviknight|Corviknight, M|100/100
|-ability|p2a: Corviknight|Pressure
|move|p1a: Great Tusk|Bulk Up|p1a: Great Tusk
|-boost|p1a: Great Tusk|atk|1
|-boost|p1a: Great Tusk|def|1
|
|upkeep
|turn|10
|inactive|fregene97 has 120 seconds left.
|inactive|fregene97 has 90 seconds left.
|
|t:|1779878736
|-terastallize|p1a: Great Tusk|Ground
|move|p1a: Great Tusk|Bulk Up|p1a: Great Tusk
|-boost|p1a: Great Tusk|atk|1
|-boost|p1a: Great Tusk|def|1
|move|p2a: Corviknight|Brave Bird|p1a: Great Tusk
|-damage|p1a: Great Tusk|91/100
|-damage|p2a: Corviknight|97/100|[from] Recoil
|
|-heal|p1a: Great Tusk|97/100|[from] item: Leftovers
|-heal|p2a: Corviknight|100/100|[from] item: Leftovers
|upkeep
|turn|11
|
|t:|1779878751
|move|p1a: Great Tusk|Close Combat|p2a: Corviknight
|-damage|p2a: Corviknight|0 fnt
|-unboost|p1a: Great Tusk|def|1
|-unboost|p1a: Great Tusk|spd|1
|faint|p2a: Corviknight
|
|-heal|p1a: Great Tusk|100/100|[from] item: Leftovers
|upkeep
|
|t:|1779878768
|switch|p2a: Gengar|Gengar, M|81/100
|turn|12
|inactive|fregene97 has 90 seconds left.
|
|t:|1779878781
|move|p2a: Gengar|Focus Blast|p1a: Great Tusk
|-damage|p1a: Great Tusk|0 fnt
|faint|p1a: Great Tusk
|-end|p1a: Great Tusk|Protosynthesis|[silent]
|-damage|p2a: Gengar|71/100|[from] item: Life Orb
|
|upkeep
|inactive|fregene97 has 90 seconds left.
|
|t:|1779878786
|switch|p1a: Iron Treads|Iron Treads, shiny|100/100
|turn|13
|
|t:|1779878795
|move|p2a: Gengar|Focus Blast|p1a: Iron Treads|[miss]
|-miss|p2a: Gengar|p1a: Iron Treads
|move|p1a: Iron Treads|Volt Switch|p2a: Gengar
|-damage|p2a: Gengar|50/100
|
|t:|1779878799
|-end|p1a: Iron Treads|Quark Drive|[silent]
|switch|p1a: Walking Wake|Walking Wake|100/100|[from] Volt Switch
|-enditem|p1a: Walking Wake|Booster Energy
|-activate|p1a: Walking Wake|ability: Protosynthesis|[fromitem]
|-start|p1a: Walking Wake|protosynthesisspe
|
|upkeep
|turn|14
|
|t:|1779878808
|move|p1a: Walking Wake|Hydro Steam|p2a: Gengar
|-damage|p2a: Gengar|0 fnt
|faint|p2a: Gengar
|
|upkeep
|
|t:|1779878813
|switch|p2a: Registeel|Registeel|100/100
|turn|15
|
|t:|1779878821
|move|p1a: Walking Wake|Dragon Dance|p1a: Walking Wake
|-boost|p1a: Walking Wake|atk|1
|-boost|p1a: Walking Wake|spe|1
|move|p2a: Registeel|Thunder Wave|p1a: Walking Wake
|-status|p1a: Walking Wake|par
|
|upkeep
|turn|16
|
|t:|1779878830
|move|p1a: Walking Wake|Dragon Dance|p1a: Walking Wake
|-boost|p1a: Walking Wake|atk|1
|-boost|p1a: Walking Wake|spe|1
|move|p2a: Registeel|Explosion|p1a: Walking Wake
|-damage|p1a: Walking Wake|48/100 par
|faint|p2a: Registeel
|
|upkeep
|
|t:|1779878838
|switch|p2a: Dragonite|Dragonite, F|100/100
|turn|17
|
|t:|1779878846
|move|p2a: Dragonite|Extreme Speed|p1a: Walking Wake
|-damage|p1a: Walking Wake|15/100 par
|cant|p1a: Walking Wake|par
|
|upkeep
|turn|18
|
|t:|1779878851
|move|p2a: Dragonite|Extreme Speed|p1a: Walking Wake
|-damage|p1a: Walking Wake|0 fnt
|faint|p1a: Walking Wake
|-end|p1a: Walking Wake|Protosynthesis|[silent]
|
|upkeep
|
|t:|1779878856
|switch|p1a: Iron Treads|Iron Treads, shiny|100/100
|turn|19
|
|t:|1779878865
|move|p1a: Iron Treads|Iron Defense|p1a: Iron Treads
|-boost|p1a: Iron Treads|def|2
|move|p2a: Dragonite|Earthquake|p1a: Iron Treads
|-supereffective|p1a: Iron Treads
|-damage|p1a: Iron Treads|72/100
|
|upkeep
|turn|20
|
|t:|1779878871
|move|p1a: Iron Treads|Iron Defense|p1a: Iron Treads
|-boost|p1a: Iron Treads|def|2
|move|p2a: Dragonite|Earthquake|p1a: Iron Treads
|-supereffective|p1a: Iron Treads
|-damage|p1a: Iron Treads|55/100
|
|upkeep
|turn|21
|
|t:|1779878878
|move|p1a: Iron Treads|Body Press|p2a: Dragonite
|-resisted|p2a: Dragonite
|-damage|p2a: Dragonite|84/100
|move|p2a: Dragonite|Dragon Dance|p2a: Dragonite
|-boost|p2a: Dragonite|atk|1
|-boost|p2a: Dragonite|spe|1
|
|upkeep
|turn|22
|
|t:|1779878887
|move|p2a: Dragonite|Fire Punch|p1a: Iron Treads
|-supereffective|p1a: Iron Treads
|-damage|p1a: Iron Treads|35/100
|-damage|p2a: Dragonite|67/100|[from] item: Rocky Helmet|[of] p1a: Iron Treads
|move|p1a: Iron Treads|Body Press|p2a: Dragonite
|-resisted|p2a: Dragonite
|-damage|p2a: Dragonite|32/100
|
|upkeep
|turn|23
|
|t:|1779878894
|move|p2a: Dragonite|Earthquake|p1a: Iron Treads
|-supereffective|p1a: Iron Treads
|-damage|p1a: Iron Treads|7/100
|move|p1a: Iron Treads|Body Press|p2a: Dragonite
|-resisted|p2a: Dragonite
|-damage|p2a: Dragonite|0 fnt
|faint|p2a: Dragonite
|
|upkeep
|
|t:|1779878901
|switch|p2a: Necrozma|Necrozma|14/100
|turn|24
|
|t:|1779878906
|move|p1a: Iron Treads|Body Press|p2a: Necrozma
|-resisted|p2a: Necrozma
|-damage|p2a: Necrozma|0 fnt
|faint|p2a: Necrozma
|
|win|fregene97
|raw|fregene97's rating: 1196 &rarr; <strong>1219</strong><br />(+23 for winning)
|raw|masaluca026's rating: 1163 &rarr; <strong>1140</strong><br />(-23 for losing)
|l|☆masaluca026
|player|p2|
|l|☆fregene97
|player|p1|
