|j|☆Psyduck is stupid
|j|☆metallettuce52
|t:|1779971011
|gametype|singles
|player|p1|Psyduck is stupid|169|1170
|player|p2|metallettuce52|elesa|1228
|gen|9
|tier|[Gen 9] OU
|rated|
|rule|HP Percentage Mod: HP is shown in percentages
|rule|Endless Battle Clause: Forcing endless battles is banned
|rule|Species Clause: Limit one of each Pokémon
|rule|OHKO Clause: OHKO moves are banned
|rule|Evasion Items Clause: Evasion items are banned
|rule|Evasion Moves Clause: Evasion moves are banned
|rule|Evasion Abilities Clause: Evasion abilities are banned
|rule|Sleep Moves Clause: Sleep-inducing moves are banned
|clearpoke
|poke|p1|Garganacl, F|
|poke|p1|Slowking-Galar, F|
|poke|p1|Porygon2|
|poke|p1|Quagsire, F|
|poke|p1|Torkoal, F|
|poke|p1|Trevenant, M|
|poke|p2|Oricorio-Sensu, M|
|poke|p2|Alomomola, F|
|poke|p2|Glimmora, M|
|poke|p2|Meowscarada, M|
|poke|p2|Cloyster, F|
|poke|p2|Arcanine-Hisui, F|
|teampreview
|inactive|Battle timer is ON: inactive players will automatically lose when time's up. (requested by metallettuce52)
|
|t:|1779971025
|teamsize|p1|6
|teamsize|p2|6
|start
|switch|p1a: Rock|Garganacl, F|100/100
|switch|p2a: Flesh|Cloyster, F|100/100
|turn|1
|
|t:|1779971031
|move|p2a: Flesh|Waterfall|p1a: Rock
|-supereffective|p1a: Rock
|-damage|p1a: Rock|51/100
|move|p1a: Rock|Curse|p1a: Rock
|-unboost|p1a: Rock|spe|1
|-boost|p1a: Rock|atk|1
|-boost|p1a: Rock|def|1
|
|upkeep
|turn|2
|
|t:|1779971039
|move|p2a: Flesh|Waterfall|p1a: Rock
|-supereffective|p1a: Rock
|-damage|p1a: Rock|18/100
|move|p1a: Rock|Earthquake|p2a: Flesh
|-damage|p2a: Flesh|45/100
|-damage|p1a: Rock|8/100|[from] item: Life Orb
|
|upkeep
|turn|3
|
|t:|1779971047
|move|p2a: Flesh|Waterfall|p1a: Rock
|-supereffective|p1a: Rock
|-damage|p1a: Rock|0 fnt
|faint|p1a: Rock
|
|upkeep
|
|t:|1779971064
|switch|p1a: Stupid Psyduck|Quagsire, F|100/100
|turn|4
|
|t:|1779971071
|move|p2a: Flesh|Shell Smash|p2a: Flesh
|-unboost|p2a: Flesh|def|1
|-unboost|p2a: Flesh|spd|1
|-boost|p2a: Flesh|atk|2
|-boost|p2a: Flesh|spa|2
|-boost|p2a: Flesh|spe|2
|move|p1a: Stupid Psyduck|Curse|p1a: Stupid Psyduck
|-unboost|p1a: Stupid Psyduck|spe|1
|-boost|p1a: Stupid Psyduck|atk|1
|-boost|p1a: Stupid Psyduck|def|1
|
|upkeep
|turn|5
|
|t:|1779971080
|move|p2a: Flesh|Icicle Spear|p1a: Stupid Psyduck
|-damage|p1a: Stupid Psyduck|93/100
|-damage|p1a: Stupid Psyduck|85/100
|-damage|p1a: Stupid Psyduck|77/100
|-damage|p1a: Stupid Psyduck|69/100
|-damage|p1a: Stupid Psyduck|61/100
|-hitcount|p1a: Stupid Psyduck|5
|move|p1a: Stupid Psyduck|Earthquake|p2a: Flesh
|-damage|p2a: Flesh|0 fnt
|faint|p2a: Flesh
|-damage|p1a: Stupid Psyduck|51/100|[from] item: Life Orb
|
|upkeep
|
|t:|1779971093
|switch|p2a: Asmongold|Glimmora, M|100/100
|turn|6
|
|t:|1779971097
|move|p2a: Asmongold|Stealth Rock|p1a: Stupid Psyduck
|-sidestart|p1: Psyduck is stupid|move: Stealth Rock
|move|p1a: Stupid Psyduck|Earthquake|p2a: Asmongold
|-supereffective|p2a: Asmongold
|-enditem|p2a: Asmongold|Focus Sash
|-damage|p2a: Asmongold|1/100
|-activate|p2a: Asmongold|ability: Toxic Debris
|-sidestart|p1: Psyduck is stupid|move: Toxic Spikes
|-damage|p1a: Stupid Psyduck|41/100|[from] item: Life Orb
|
|upkeep
|turn|7
|
|t:|1779971102
|move|p2a: Asmongold|Mortal Spin|p1a: Stupid Psyduck
|-resisted|p1a: Stupid Psyduck
|-damage|p1a: Stupid Psyduck|39/100
|-status|p1a: Stupid Psyduck|psn
|move|p1a: Stupid Psyduck|Earthquake|p2a: Asmongold
|-supereffective|p2a: Asmongold
|-damage|p2a: Asmongold|0 fnt
|-activate|p2a: Asmongold|ability: Toxic Debris
|-sidestart|p1: Psyduck is stupid|move: Toxic Spikes
|faint|p2a: Asmongold
|-damage|p1a: Stupid Psyduck|29/100 psn|[from] item: Life Orb
|
|-damage|p1a: Stupid Psyduck|16/100 psn|[from] psn
|upkeep
|
|t:|1779971117
|switch|p2a: Assreaper|Oricorio-Sensu, M|100/100
|turn|8
|
|t:|1779971121
|move|p2a: Assreaper|Quiver Dance|p2a: Assreaper
|-boost|p2a: Assreaper|spa|1
|-boost|p2a: Assreaper|spd|1
|-boost|p2a: Assreaper|spe|1
|move|p1a: Stupid Psyduck|Avalanche|p2a: Assreaper
|-supereffective|p2a: Assreaper
|-damage|p2a: Assreaper|37/100
|-damage|p1a: Stupid Psyduck|7/100 psn|[from] item: Life Orb
|
|-heal|p2a: Assreaper|43/100|[from] item: Leftovers
|-damage|p1a: Stupid Psyduck|0 fnt|[from] psn
|faint|p1a: Stupid Psyduck
|upkeep
|
|t:|1779971130
|switch|p1a: Tree with feet|Trevenant, M|100/100
|-damage|p1a: Tree with feet|88/100|[from] Stealth Rock
|-status|p1a: Tree with feet|tox
|turn|9
|
|t:|1779971139
|move|p1a: Tree with feet|Sucker Punch|p2a: Assreaper
|-supereffective|p2a: Assreaper
|-damage|p2a: Assreaper|0 fnt
|faint|p2a: Assreaper
|-damage|p1a: Tree with feet|78/100 tox|[from] item: Life Orb
|
|-damage|p1a: Tree with feet|72/100 tox|[from] psn
|upkeep
|
|t:|1779971145
|switch|p2a: The Bouncer|Meowscarada, M|100/100
|turn|10
|
|t:|1779971150
|move|p2a: The Bouncer|Triple Axel|p1a: Tree with feet
|-start|p2a: The Bouncer|typechange|Ice|[from] ability: Protean
|-supereffective|p1a: Tree with feet
|-damage|p1a: Tree with feet|40/100 tox
|-supereffective|p1a: Tree with feet
|-damage|p1a: Tree with feet|0 fnt
|faint|p1a: Tree with feet
|-hitcount|p1: Tree with feet|2
|
|upkeep
|
|t:|1779971157
|switch|p1a: Psyduck Gigamax|Porygon2|100/100
|-damage|p1a: Psyduck Gigamax|88/100|[from] Stealth Rock
|-status|p1a: Psyduck Gigamax|tox
|-ability|p1a: Psyduck Gigamax|Download|boost
|-boost|p1a: Psyduck Gigamax|atk|1
|turn|11
|
|t:|1779971165
|move|p2a: The Bouncer|Triple Axel|p1a: Psyduck Gigamax
|-damage|p1a: Psyduck Gigamax|78/100 tox
|-damage|p1a: Psyduck Gigamax|60/100 tox
|-damage|p1a: Psyduck Gigamax|36/100 tox
|-hitcount|p1a: Psyduck Gigamax|3
|move|p1a: Psyduck Gigamax|Trick Room|p1a: Psyduck Gigamax
|-fieldstart|move: Trick Room|[of] p1a: Psyduck Gigamax
|
|-damage|p1a: Psyduck Gigamax|30/100 tox|[from] psn
|upkeep
|turn|12
|
|t:|1779971177
|switch|p2a: Fih|Alomomola, F|100/100
|move|p1a: Psyduck Gigamax|Tri Attack|p2a: Fih
|-damage|p2a: Fih|51/100
|
|-heal|p2a: Fih|57/100|[from] item: Leftovers
|-damage|p1a: Psyduck Gigamax|17/100 tox|[from] psn
|upkeep
|turn|13
|
|t:|1779971187
|move|p1a: Psyduck Gigamax|Tri Attack|p2a: Fih
|-damage|p2a: Fih|7/100
|move|p2a: Fih|Flip Turn|p1a: Psyduck Gigamax
|-damage|p1a: Psyduck Gigamax|7/100 tox
|
|t:|1779971198
|switch|p2a: The Bouncer|Meowscarada, M|100/100|[from] Flip Turn
|
|-damage|p1a: Psyduck Gigamax|0 fnt|[from] psn
|faint|p1a: Psyduck Gigamax
|upkeep
|
|t:|1779971201
|switch|p1a: Useless turtle|Torkoal, F|100/100
|-damage|p1a: Useless turtle|75/100|[from] Stealth Rock
|-status|p1a: Useless turtle|tox
|-weather|SunnyDay|[from] ability: Drought|[of] p1a: Useless turtle
|turn|14
|
|t:|1779971211
|-terastallize|p1a: Useless turtle|Fighting
|move|p2a: The Bouncer|Sucker Punch|p1a: Useless turtle
|-start|p2a: The Bouncer|typechange|Dark|[from] ability: Protean
|-resisted|p1a: Useless turtle
|-damage|p1a: Useless turtle|58/100 tox
|move|p1a: Useless turtle|Eruption|p2a: The Bouncer
|-damage|p2a: The Bouncer|0 fnt
|faint|p2a: The Bouncer
|-damage|p1a: Useless turtle|48/100 tox|[from] item: Life Orb
|
|-weather|SunnyDay|[upkeep]
|-damage|p1a: Useless turtle|42/100 tox|[from] psn
|upkeep
|
|t:|1779971228
|switch|p2a: Doug|Arcanine-Hisui, F|100/100
|turn|15
|
|t:|1779971238
|move|p2a: Doug|Extreme Speed|p1a: Useless turtle
|-damage|p1a: Useless turtle|15/100 tox
|move|p1a: Useless turtle|Earth Power|p2a: Doug
|-supereffective|p2a: Doug
|-damage|p2a: Doug|0 fnt
|faint|p2a: Doug
|-damage|p1a: Useless turtle|5/100 tox|[from] item: Life Orb
|
|-weather|SunnyDay|[upkeep]
|-damage|p1a: Useless turtle|0 fnt|[from] psn
|faint|p1a: Useless turtle
|-fieldend|move: Trick Room
|upkeep
|
|t:|1779971251
|switch|p2a: Fih|Alomomola, F|40/100
|switch|p1a: Clefable with hat|Slowking-Galar, F|100/100
|-damage|p1a: Clefable with hat|88/100|[from] Stealth Rock
|-sideend|p1: Psyduck is stupid|move: Toxic Spikes|[of] p1a: Clefable with hat
|turn|16
|
|t:|1779971263
|move|p2a: Fih|Aqua Ring|p2a: Fih
|-start|p2a: Fih|Aqua Ring
|move|p1a: Clefable with hat|Sludge Bomb|p2a: Fih
|-damage|p2a: Fih|0 fnt
|faint|p2a: Fih
|-damage|p1a: Clefable with hat|78/100|[from] item: Life Orb
|
|win|Psyduck is stupid
|raw|Psyduck is stupid's rating: 1170 &rarr; <strong>1199</strong><br />(+29 for winning)
|raw|metallettuce52's rating: 1228 &rarr; <strong>1199</strong><br />(-29 for losing)
|c|☆metallettuce52|gg
|l|☆Psyduck is stupid
|player|p1|
|l|☆metallettuce52
|player|p2|
