|j|☆ortix08
|j|☆BoofGodTheIII
|t:|1779841754
|gametype|singles
|player|p1|ortix08|169|1065
|player|p2|BoofGodTheIII|101|1158
|gen|9
|tier|[Gen 9] OU
|rated|
|rule|HP Percentage Mod: HP is shown in percentages
|rule|Endless Battle Clause: Forcing endless battles is banned
|rule|Species Clause: Limit one of each Pokémon
|rule|OHKO Clause: OHKO moves are banned
|rule|Evasion Items Clause: Evasion items are banned
|rule|Evasion Moves Clause: Evasion moves are banned
|rule|Evasion Abilities Clause: Evasion abilities are banned
|rule|Sleep Moves Clause: Sleep-inducing moves are banned
|clearpoke
|poke|p1|Cinderace, F|
|poke|p1|Raging Bolt|
|poke|p1|Ting-Lu|
|poke|p1|Pecharunt|
|poke|p1|Zamazenta-*|
|poke|p1|Serperior, F|
|poke|p2|Breloom, F|
|poke|p2|Kyurem|
|poke|p2|Zamazenta-*|
|poke|p2|Gholdengo|
|poke|p2|Tornadus-Therian, M|
|poke|p2|Tatsugiri, F|
|teampreview
|
|t:|1779841766
|teamsize|p1|6
|teamsize|p2|6
|start
|switch|p1a: Ting-Lu|Ting-Lu|100/100
|switch|p2a: Kyurem|Kyurem|100/100
|-ability|p2a: Kyurem|Pressure
|-ability|p1a: Ting-Lu|Vessel of Ruin
|turn|1
|
|t:|1779841793
|move|p2a: Kyurem|Ice Beam|p1a: Ting-Lu
|-supereffective|p1a: Ting-Lu
|-crit|p1a: Ting-Lu
|-damage|p1a: Ting-Lu|35/100
|move|p1a: Ting-Lu|Taunt|p2a: Kyurem
|-start|p2a: Kyurem|move: Taunt
|
|-heal|p1a: Ting-Lu|41/100|[from] item: Leftovers
|upkeep
|turn|2
|
|t:|1779841813
|switch|p1a: Zamazenta|Zamazenta|100/100
|-ability|p1a: Zamazenta|Dauntless Shield|boost
|-boost|p1a: Zamazenta|def|1
|move|p2a: Kyurem|Ice Beam|p1a: Zamazenta
|-damage|p1a: Zamazenta|67/100
|
|-heal|p1a: Zamazenta|73/100|[from] item: Leftovers
|upkeep
|turn|3
|
|t:|1779841826
|switch|p2a: Gholdengo|Gholdengo|100/100
|-item|p2a: Gholdengo|Air Balloon
|move|p1a: Zamazenta|Iron Defense|p1a: Zamazenta
|-boost|p1a: Zamazenta|def|2
|
|-heal|p1a: Zamazenta|79/100|[from] item: Leftovers
|upkeep
|turn|4
|
|t:|1779841835
|switch|p1a: Ting-Lu|Ting-Lu|41/100
|-ability|p1a: Ting-Lu|Vessel of Ruin
|move|p2a: Gholdengo|Thunder Wave|p1a: Ting-Lu
|-immune|p1a: Ting-Lu
|
|-heal|p1a: Ting-Lu|47/100|[from] item: Leftovers
|upkeep
|turn|5
|
|t:|1779841846
|switch|p2a: Kyurem|Kyurem|100/100
|-ability|p2a: Kyurem|Pressure
|move|p1a: Ting-Lu|Payback|p2a: Kyurem
|-damage|p2a: Kyurem|83/100
|
|-heal|p1a: Ting-Lu|54/100|[from] item: Leftovers
|upkeep
|turn|6
|
|t:|1779841858
|move|p2a: Kyurem|Ice Beam|p1a: Ting-Lu
|-supereffective|p1a: Ting-Lu
|-damage|p1a: Ting-Lu|11/100
|move|p1a: Ting-Lu|Stealth Rock|p2a: Kyurem
|-sidestart|p2: BoofGodTheIII|move: Stealth Rock
|
|-heal|p1a: Ting-Lu|17/100|[from] item: Leftovers
|upkeep
|turn|7
|
|t:|1779841884
|move|p2a: Kyurem|Ice Beam|p1a: Ting-Lu
|-supereffective|p1a: Ting-Lu
|-damage|p1a: Ting-Lu|0 fnt
|faint|p1a: Ting-Lu
|
|upkeep
|
|t:|1779841891
|switch|p1a: Cinderace|Cinderace, F|100/100
|-item|p1a: Cinderace|Air Balloon
|turn|8
|
|t:|1779841904
|switch|p2a: Tatsugiri|Tatsugiri, F|100/100
|-damage|p2a: Tatsugiri|88/100|[from] Stealth Rock
|move|p1a: Cinderace|Pyro Ball|p2a: Tatsugiri
|-resisted|p2a: Tatsugiri
|-damage|p2a: Tatsugiri|59/100
|
|upkeep
|turn|9
|
|t:|1779841915
|move|p1a: Cinderace|Zen Headbutt|p2a: Tatsugiri|[miss]
|-start|p1a: Cinderace|typechange|Psychic|[from] ability: Libero
|-miss|p1a: Cinderace|p2a: Tatsugiri
|move|p2a: Tatsugiri|Rapid Spin|p1a: Cinderace
|-damage|p1a: Cinderace|92/100
|-boost|p2a: Tatsugiri|spe|1
|-enditem|p1a: Cinderace|Air Balloon
|-sideend|p2: BoofGodTheIII|Stealth Rock|[from] move: Rapid Spin|[of] p2a: Tatsugiri
|
|upkeep
|turn|10
|
|t:|1779841930
|switch|p2a: Kyurem|Kyurem|83/100
|-ability|p2a: Kyurem|Pressure
|move|p1a: Cinderace|Zen Headbutt|p2a: Kyurem
|-damage|p2a: Kyurem|42/100
|
|upkeep
|turn|11
|
|t:|1779841938
|move|p2a: Kyurem|Draco Meteor|p1a: Cinderace
|-damage|p1a: Cinderace|2/100
|-unboost|p2a: Kyurem|spa|2
|move|p1a: Cinderace|Pyro Ball|p2a: Kyurem
|-damage|p2a: Kyurem|5/100
|
|upkeep
|turn|12
|
|t:|1779841953
|switch|p2a: Tatsugiri|Tatsugiri, F|59/100
|switch|p1a: Serperior|Serperior, F|100/100
|
|upkeep
|turn|13
|
|t:|1779841959
|move|p1a: Serperior|Leaf Storm|p2a: Tatsugiri
|-damage|p2a: Tatsugiri|3/100
|-boost|p1a: Serperior|spa|2
|-damage|p1a: Serperior|91/100|[from] item: Life Orb
|move|p2a: Tatsugiri|Mirror Coat|p1a: Serperior
|-damage|p1a: Serperior|0 fnt
|faint|p1a: Serperior
|
|upkeep
|
|t:|1779841969
|switch|p1a: Raging Bolt|Raging Bolt|100/100
|-enditem|p1a: Raging Bolt|Booster Energy
|-activate|p1a: Raging Bolt|ability: Protosynthesis|[fromitem]
|-start|p1a: Raging Bolt|protosynthesisspa
|turn|14
|
|t:|1779841975
|move|p2a: Tatsugiri|Rapid Spin|p1a: Raging Bolt
|-damage|p1a: Raging Bolt|96/100
|-boost|p2a: Tatsugiri|spe|1
|move|p1a: Raging Bolt|Volt Switch|p2a: Tatsugiri
|-damage|p2a: Tatsugiri|0 fnt
|faint|p2a: Tatsugiri
|
|t:|1779841982
|-end|p1a: Raging Bolt|Protosynthesis|[silent]
|switch|p1a: Cinderace|Cinderace, F|2/100|[from] Volt Switch
|
|upkeep
|
|t:|1779841987
|switch|p2a: Kyurem|Kyurem|5/100
|-ability|p2a: Kyurem|Pressure
|turn|15
|
|t:|1779841993
|move|p2a: Kyurem|Ice Beam|p1a: Cinderace
|-resisted|p1a: Cinderace
|-damage|p1a: Cinderace|0 fnt
|faint|p1a: Cinderace
|
|upkeep
|
|t:|1779841999
|switch|p1a: Raging Bolt|Raging Bolt|96/100
|turn|16
|
|t:|1779842025
|move|p1a: Raging Bolt|Thunderclap|p2a: Kyurem
|-resisted|p2a: Kyurem
|-damage|p2a: Kyurem|0 fnt
|faint|p2a: Kyurem
|
|upkeep
|
|t:|1779842028
|switch|p2a: Breloom|Breloom, F|100/100
|turn|17
|inactive|Battle timer is ON: inactive players will automatically lose when time's up. (requested by BoofGodTheIII)
|
|t:|1779842050
|move|p2a: Breloom|Substitute|p2a: Breloom
|-start|p2a: Breloom|Substitute
|-damage|p2a: Breloom|76/100
|move|p1a: Raging Bolt|Thunder Wave||[still]
|-fail|p1a: Raging Bolt
|
|-heal|p2a: Breloom|82/100|[from] item: Leftovers
|upkeep
|turn|18
|
|t:|1779842064
|-end|p1a: Raging Bolt|Protosynthesis|[silent]
|switch|p1a: Pecharunt|Pecharunt|100/100
|move|p2a: Breloom|Swords Dance|p2a: Breloom
|-boost|p2a: Breloom|atk|2
|
|-heal|p2a: Breloom|88/100|[from] item: Leftovers
|upkeep
|turn|19
|
|t:|1779842070
|move|p2a: Breloom|Rock Tomb|p1a: Pecharunt|[miss]
|-miss|p2a: Breloom|p1a: Pecharunt
|move|p1a: Pecharunt|Malignant Chain|p2a: Breloom
|-supereffective|p2a: Breloom
|-end|p2a: Breloom|Substitute
|
|-heal|p2a: Breloom|94/100|[from] item: Leftovers
|upkeep
|turn|20
|
|t:|1779842079
|move|p2a: Breloom|Rock Tomb|p1a: Pecharunt
|-damage|p1a: Pecharunt|53/100
|-unboost|p1a: Pecharunt|spe|1
|move|p1a: Pecharunt|Malignant Chain|p2a: Breloom
|-supereffective|p2a: Breloom
|-damage|p2a: Breloom|0 fnt
|faint|p2a: Breloom
|
|-heal|p1a: Pecharunt|59/100|[from] item: Leftovers
|upkeep
|
|t:|1779842091
|switch|p2a: Gholdengo|Gholdengo|100/100
|-item|p2a: Gholdengo|Air Balloon
|turn|21
|
|t:|1779842105
|-terastallize|p1a: Pecharunt|Poison
|move|p2a: Gholdengo|Hex|p1a: Pecharunt
|-crit|p1a: Pecharunt
|-damage|p1a: Pecharunt|20/100
|move|p1a: Pecharunt|Poltergeist|p2a: Gholdengo
|-activate|p2a: Gholdengo|move: Poltergeist|Air Balloon
|-supereffective|p2a: Gholdengo
|-damage|p2a: Gholdengo|49/100
|-enditem|p2a: Gholdengo|Air Balloon
|
|-heal|p1a: Pecharunt|26/100|[from] item: Leftovers
|upkeep
|turn|22
|
|t:|1779842131
|move|p2a: Gholdengo|Recover|p2a: Gholdengo
|-heal|p2a: Gholdengo|99/100
|move|p1a: Pecharunt|Recover|p1a: Pecharunt
|-heal|p1a: Pecharunt|76/100
|
|-heal|p1a: Pecharunt|82/100|[from] item: Leftovers
|upkeep
|turn|23
|
|t:|1779842137
|move|p2a: Gholdengo|Thunder Wave|p1a: Pecharunt
|-status|p1a: Pecharunt|par
|cant|p1a: Pecharunt|par
|
|-heal|p1a: Pecharunt|88/100 par|[from] item: Leftovers
|upkeep
|turn|24
|
|t:|1779842144
|switch|p1a: Raging Bolt|Raging Bolt|96/100
|move|p2a: Gholdengo|Hex|p1a: Raging Bolt
|-damage|p1a: Raging Bolt|73/100
|
|upkeep
|turn|25
|
|t:|1779842151
|switch|p2a: Zamazenta|Zamazenta|100/100
|-ability|p2a: Zamazenta|Dauntless Shield|boost
|-boost|p2a: Zamazenta|def|1
|move|p1a: Raging Bolt|Thunderclap||[still]
|-fail|p1a: Raging Bolt
|
|upkeep
|turn|26
|
|t:|1779842157
|move|p2a: Zamazenta|Body Press|p1a: Raging Bolt
|-damage|p1a: Raging Bolt|31/100
|move|p1a: Raging Bolt|Thunder Wave|p2a: Zamazenta
|-status|p2a: Zamazenta|par
|
|upkeep
|turn|27
|
|t:|1779842171
|move|p2a: Zamazenta|Body Press|p1a: Raging Bolt
|-damage|p1a: Raging Bolt|0 fnt
|faint|p1a: Raging Bolt
|-end|p1a: Raging Bolt|Protosynthesis|[silent]
|
|upkeep
|
|t:|1779842175
|switch|p1a: Zamazenta|Zamazenta|79/100
|turn|28
|inactive|BoofGodTheIII has 120 seconds left.
|
|t:|1779842208
|move|p1a: Zamazenta|Iron Defense|p1a: Zamazenta
|-boost|p1a: Zamazenta|def|2
|move|p2a: Zamazenta|Substitute|p2a: Zamazenta
|-start|p2a: Zamazenta|Substitute
|-damage|p2a: Zamazenta|76/100 par
|
|-heal|p1a: Zamazenta|85/100|[from] item: Leftovers
|-heal|p2a: Zamazenta|82/100 par|[from] item: Leftovers
|upkeep
|turn|29
|
|t:|1779842222
|move|p1a: Zamazenta|Iron Defense|p1a: Zamazenta
|-boost|p1a: Zamazenta|def|2
|move|p2a: Zamazenta|Iron Defense|p2a: Zamazenta
|-boost|p2a: Zamazenta|def|2
|
|-heal|p1a: Zamazenta|92/100|[from] item: Leftovers
|-heal|p2a: Zamazenta|88/100 par|[from] item: Leftovers
|upkeep
|turn|30
|
|t:|1779842229
|move|p1a: Zamazenta|Body Press|p2a: Zamazenta
|-end|p2a: Zamazenta|Substitute
|move|p2a: Zamazenta|Iron Defense|p2a: Zamazenta
|-boost|p2a: Zamazenta|def|2
|
|-heal|p1a: Zamazenta|98/100|[from] item: Leftovers
|-heal|p2a: Zamazenta|94/100 par|[from] item: Leftovers
|upkeep
|turn|31
|
|t:|1779842236
|move|p1a: Zamazenta|Body Press|p2a: Zamazenta
|-damage|p2a: Zamazenta|67/100 par
|move|p2a: Zamazenta|Iron Defense|p2a: Zamazenta
|-boost|p2a: Zamazenta|def|1
|
|-heal|p1a: Zamazenta|100/100|[from] item: Leftovers
|-heal|p2a: Zamazenta|73/100 par|[from] item: Leftovers
|upkeep
|turn|32
|
|t:|1779842243
|move|p1a: Zamazenta|Iron Defense|p1a: Zamazenta
|-boost|p1a: Zamazenta|def|2
|cant|p2a: Zamazenta|par
|
|-heal|p2a: Zamazenta|79/100 par|[from] item: Leftovers
|upkeep
|turn|33
|
|t:|1779842249
|move|p1a: Zamazenta|Body Press|p2a: Zamazenta
|-damage|p2a: Zamazenta|51/100 par
|move|p2a: Zamazenta|Body Press|p1a: Zamazenta
|-damage|p1a: Zamazenta|73/100
|
|-heal|p1a: Zamazenta|79/100|[from] item: Leftovers
|-heal|p2a: Zamazenta|57/100 par|[from] item: Leftovers
|upkeep
|turn|34
|
|t:|1779842257
|move|p1a: Zamazenta|Body Press|p2a: Zamazenta
|-damage|p2a: Zamazenta|27/100 par
|cant|p2a: Zamazenta|par
|
|-heal|p1a: Zamazenta|85/100|[from] item: Leftovers
|-heal|p2a: Zamazenta|33/100 par|[from] item: Leftovers
|upkeep
|turn|35
|
|t:|1779842263
|move|p1a: Zamazenta|Body Press|p2a: Zamazenta
|-damage|p2a: Zamazenta|3/100 par
|move|p2a: Zamazenta|Body Press|p1a: Zamazenta
|-damage|p1a: Zamazenta|57/100
|
|-heal|p1a: Zamazenta|64/100|[from] item: Leftovers
|-heal|p2a: Zamazenta|9/100 par|[from] item: Leftovers
|upkeep
|turn|36
|inactiveoff|Battle timer is now OFF.
|inactive|Battle timer is ON: inactive players will automatically lose when time's up. (requested by ortix08)
|inactive|BoofGodTheIII has 120 seconds left.
|inactive|BoofGodTheIII has 90 seconds left.
|
|t:|1779842341
|move|p1a: Zamazenta|Body Press|p2a: Zamazenta
|-damage|p2a: Zamazenta|0 fnt
|faint|p2a: Zamazenta
|
|-heal|p1a: Zamazenta|70/100|[from] item: Leftovers
|upkeep
|
|t:|1779842343
|switch|p2a: Gholdengo|Gholdengo|99/100
|turn|37
|
|t:|1779842362
|move|p1a: Zamazenta|Heavy Slam|p2a: Gholdengo
|-resisted|p2a: Gholdengo
|-damage|p2a: Gholdengo|87/100
|move|p2a: Gholdengo|Thunder Wave|p1a: Zamazenta
|-status|p1a: Zamazenta|par
|
|-heal|p1a: Zamazenta|76/100 par|[from] item: Leftovers
|upkeep
|turn|38
|
|t:|1779842370
|switch|p1a: Pecharunt|Pecharunt, tera:Poison|88/100 par
|move|p2a: Gholdengo|Hex|p1a: Pecharunt
|-damage|p1a: Pecharunt|39/100 par
|
|-heal|p1a: Pecharunt|45/100 par|[from] item: Leftovers
|upkeep
|turn|39
|
|t:|1779842378
|move|p2a: Gholdengo|Hex|p1a: Pecharunt
|-damage|p1a: Pecharunt|0 fnt
|faint|p1a: Pecharunt
|
|upkeep
|c|☆BoofGodTheIII|gg
|-message|ortix08 forfeited.
|
|win|BoofGodTheIII
|raw|ortix08's rating: 1065 &rarr; <strong>1050</strong><br />(-15 for losing)
|raw|BoofGodTheIII's rating: 1158 &rarr; <strong>1176</strong><br />(+18 for winning)
|l|☆ortix08
|player|p1|
|l|☆BoofGodTheIII
|player|p2|
