|j|☆Penguinxdd
|j|☆klopkik
|t:|1779929548
|gametype|singles
|player|p1|Penguinxdd|veteran|1567
|player|p2|klopkik|101|1539
|gen|9
|tier|[Gen 9] OU
|rated|
|rule|HP Percentage Mod: HP is shown in percentages
|rule|Endless Battle Clause: Forcing endless battles is banned
|rule|Species Clause: Limit one of each Pokémon
|rule|OHKO Clause: OHKO moves are banned
|rule|Evasion Items Clause: Evasion items are banned
|rule|Evasion Moves Clause: Evasion moves are banned
|rule|Evasion Abilities Clause: Evasion abilities are banned
|rule|Sleep Moves Clause: Sleep-inducing moves are banned
|clearpoke
|poke|p1|Orthworm, M|
|poke|p1|Hatterene, F|
|poke|p1|Overqwil, F|
|poke|p1|Pelipper, F|
|poke|p1|Zapdos|
|poke|p1|Volcanion|
|poke|p2|Ursaluna, F|
|poke|p2|Toxapex, F|
|poke|p2|Heatran, M|
|poke|p2|Hydreigon, F|
|poke|p2|Hatterene, F|
|poke|p2|Zapdos-Galar|
|teampreview
|inactive|Battle timer is ON: inactive players will automatically lose when time's up. (requested by Penguinxdd)
|
|t:|1779929564
|teamsize|p1|6
|teamsize|p2|6
|start
|switch|p1a: Orthworm|Orthworm, M|100/100
|switch|p2a: Hydreigon|Hydreigon, F|100/100
|turn|1
|
|t:|1779929581
|switch|p2a: Hatterene|Hatterene, F|100/100
|move|p1a: Orthworm|Metal Burst||[still]
|-fail|p1a: Orthworm
|
|upkeep
|turn|2
|
|t:|1779929591
|switch|p1a: Pelipper|Pelipper, F|100/100
|-weather|RainDance|[from] ability: Drizzle|[of] p1a: Pelipper
|move|p2a: Hatterene|Calm Mind|p2a: Hatterene
|-boost|p2a: Hatterene|spa|1
|-boost|p2a: Hatterene|spd|1
|
|-weather|RainDance|[upkeep]
|upkeep
|turn|3
|j| gumball froth show
|l| gumball froth show
|
|t:|1779929608
|move|p1a: Pelipper|U-turn|p2a: Hatterene
|-damage|p2a: Hatterene|93/100
|
|t:|1779929613
|switch|p1a: Hatterene|Hatterene, F|100/100|[from] U-turn
|move|p2a: Hatterene|Calm Mind|p2a: Hatterene
|-boost|p2a: Hatterene|spa|1
|-boost|p2a: Hatterene|spd|1
|
|-weather|RainDance|[upkeep]
|-heal|p2a: Hatterene|99/100|[from] item: Leftovers
|upkeep
|turn|4
|
|t:|1779929619
|switch|p2a: Ursaluna|Ursaluna, F|100/100
|move|p1a: Hatterene|Nuzzle|p2a: Ursaluna
|-immune|p2a: Ursaluna
|
|-weather|RainDance|[upkeep]
|-status|p2a: Ursaluna|brn|[from] item: Flame Orb
|upkeep
|turn|5
|
|t:|1779929632
|move|p2a: Ursaluna|Facade|p1a: Hatterene
|-damage|p1a: Hatterene|1/100
|-enditem|p1a: Hatterene|Eject Button
|
|t:|1779929637
|switch|p1a: Volcanion|Volcanion|100/100
|
|-weather|RainDance|[upkeep]
|-damage|p2a: Ursaluna|94/100 brn|[from] brn
|upkeep
|turn|6
|
|t:|1779929645
|switch|p2a: Toxapex|Toxapex, F|100/100
|move|p1a: Volcanion|Taunt|p2a: Toxapex
|-start|p2a: Toxapex|move: Taunt
|
|-weather|RainDance|[upkeep]
|upkeep
|turn|7
|
|t:|1779929651
|move|p1a: Volcanion|Steam Eruption|p2a: Toxapex
|-resisted|p2a: Toxapex
|-damage|p2a: Toxapex|71/100
|-enditem|p2a: Toxapex|Eject Button
|
|t:|1779929658
|switch|p2a: Hydreigon|Hydreigon, F|100/100
|
|-weather|RainDance|[upkeep]
|upkeep
|turn|8
|
|t:|1779929665
|switch|p1a: Hatterene|Hatterene, F|1/100
|move|p2a: Hydreigon|Draco Meteor|p1a: Hatterene
|-immune|p1a: Hatterene
|
|-weather|RainDance|[upkeep]
|upkeep
|turn|9
|
|t:|1779929676
|switch|p2a: Ursaluna|Ursaluna, F|94/100 brn
|move|p1a: Hatterene|Healing Wish|p1a: Hatterene
|faint|p1a: Hatterene
|
|-weather|none
|-damage|p2a: Ursaluna|88/100 brn|[from] brn
|upkeep
|
|t:|1779929679
|switch|p1a: Volcanion|Volcanion|100/100
|turn|10
|
|t:|1779929684
|switch|p2a: Toxapex|Toxapex, F|100/100
|move|p1a: Volcanion|Steam Eruption|p2a: Toxapex
|-resisted|p2a: Toxapex
|-damage|p2a: Toxapex|80/100
|
|upkeep
|turn|11
|
|t:|1779929691
|switch|p2a: Ursaluna|Ursaluna, F|88/100 brn
|move|p1a: Volcanion|Taunt|p2a: Ursaluna
|-start|p2a: Ursaluna|move: Taunt
|
|-damage|p2a: Ursaluna|82/100 brn|[from] brn
|upkeep
|turn|12
|
|t:|1779929701
|switch|p2a: Toxapex|Toxapex, F|100/100
|move|p1a: Volcanion|Steam Eruption|p2a: Toxapex
|-resisted|p2a: Toxapex
|-damage|p2a: Toxapex|80/100
|-status|p2a: Toxapex|brn
|
|-damage|p2a: Toxapex|74/100 brn|[from] brn
|upkeep
|turn|13
|
|t:|1779929707
|switch|p2a: Hydreigon|Hydreigon, F|100/100
|move|p1a: Volcanion|Taunt|p2a: Hydreigon
|-start|p2a: Hydreigon|move: Taunt
|
|upkeep
|turn|14
|
|t:|1779929716
|switch|p1a: Zapdos|Zapdos|100/100
|move|p2a: Hydreigon|Draco Meteor|p1a: Zapdos
|-damage|p1a: Zapdos|0 fnt
|-unboost|p2a: Hydreigon|spa|2
|faint|p1a: Zapdos
|
|upkeep
|
|t:|1779929720
|switch|p1a: Pelipper|Pelipper, F|100/100
|-weather|RainDance|[from] ability: Drizzle|[of] p1a: Pelipper
|turn|15
|
|t:|1779929733
|switch|p2a: Heatran|Heatran, M|100/100
|-item|p2a: Heatran|Air Balloon
|move|p1a: Pelipper|U-turn|p2a: Heatran
|-resisted|p2a: Heatran
|-damage|p2a: Heatran|99/100
|-enditem|p2a: Heatran|Air Balloon
|
|t:|1779929735
|switch|p1a: Volcanion|Volcanion|100/100|[from] U-turn
|
|-weather|RainDance|[upkeep]
|upkeep
|turn|16
|
|t:|1779929747
|switch|p2a: Toxapex|Toxapex, F|100/100 brn
|move|p1a: Volcanion|Steam Eruption|p2a: Toxapex
|-resisted|p2a: Toxapex
|-damage|p2a: Toxapex|71/100 brn
|
|-weather|RainDance|[upkeep]
|-damage|p2a: Toxapex|65/100 brn|[from] brn
|upkeep
|turn|17
|
|t:|1779929753
|switch|p1a: Overqwil|Overqwil, F|100/100
|switch|p2a: Hatterene|Hatterene, F|99/100
|
|-weather|RainDance|[upkeep]
|-heal|p2a: Hatterene|100/100|[from] item: Leftovers
|upkeep
|turn|18
|
|t:|1779929770
|move|p1a: Overqwil|Swords Dance|p1a: Overqwil
|-boost|p1a: Overqwil|atk|2
|move|p2a: Hatterene|Draining Kiss|p1a: Overqwil
|-damage|p1a: Overqwil|68/100
|
|-weather|RainDance|[upkeep]
|upkeep
|turn|19
|
|t:|1779929792
|move|p1a: Overqwil|Liquidation|p2a: Hatterene
|-damage|p2a: Hatterene|12/100
|-unboost|p2a: Hatterene|def|1
|-damage|p1a: Overqwil|58/100|[from] item: Life Orb
|move|p2a: Hatterene|Draining Kiss|p1a: Overqwil
|-damage|p1a: Overqwil|25/100
|-heal|p2a: Hatterene|36/100|[from] drain|[of] p1a: Overqwil
|
|-weather|RainDance|[upkeep]
|-heal|p2a: Hatterene|42/100|[from] item: Leftovers
|upkeep
|turn|20
|
|t:|1779929796
|switch|p2a: Toxapex|Toxapex, F|98/100 brn
|move|p1a: Overqwil|Crunch|p2a: Toxapex
|-damage|p2a: Toxapex|15/100 brn
|-damage|p1a: Overqwil|15/100|[from] item: Life Orb
|
|-weather|RainDance|[upkeep]
|-damage|p2a: Toxapex|9/100 brn|[from] brn
|upkeep
|turn|21
|
|t:|1779929804
|switch|p2a: Hatterene|Hatterene, F|42/100
|move|p1a: Overqwil|Liquidation|p2a: Hatterene
|-damage|p2a: Hatterene|0 fnt
|faint|p2a: Hatterene
|-damage|p1a: Overqwil|5/100|[from] item: Life Orb
|
|-weather|RainDance|[upkeep]
|upkeep
|
|t:|1779929817
|switch|p2a: Hydreigon|Hydreigon, F|100/100
|turn|22
|
|t:|1779929821
|switch|p1a: Orthworm|Orthworm, M|100/100
|switch|p2a: Toxapex|Toxapex, F|42/100 brn
|
|-weather|none
|-damage|p2a: Toxapex|36/100 brn|[from] brn
|upkeep
|turn|23
|
|t:|1779929836
|switch|p1a: Overqwil|Overqwil, F|5/100
|-heal|p1a: Overqwil|100/100|[from] move: Healing Wish
|move|p2a: Toxapex|Toxic Spikes|p1a: Overqwil
|-sidestart|p1: Penguinxdd|move: Toxic Spikes
|
|-damage|p2a: Toxapex|30/100 brn|[from] brn
|upkeep
|turn|24
|
|t:|1779929849
|switch|p1a: Pelipper|Pelipper, F|100/100
|-weather|RainDance|[from] ability: Drizzle|[of] p1a: Pelipper
|switch|p2a: Zapdos|Zapdos-Galar|100/100
|
|-weather|RainDance|[upkeep]
|upkeep
|turn|25
|
|t:|1779929867
|move|p2a: Zapdos|U-turn|p1a: Pelipper
|-resisted|p1a: Pelipper
|-damage|p1a: Pelipper|92/100
|
|t:|1779929873
|switch|p2a: Heatran|Heatran, M|99/100|[from] U-turn
|move|p1a: Pelipper|Hurricane|p2a: Heatran
|-resisted|p2a: Heatran
|-damage|p2a: Heatran|87/100
|-start|p2a: Heatran|confusion
|
|-weather|RainDance|[upkeep]
|upkeep
|turn|26
|
|t:|1779929887
|switch|p1a: Volcanion|Volcanion|100/100
|-activate|p2a: Heatran|confusion
|move|p2a: Heatran|Stealth Rock|p1a: Volcanion
|-sidestart|p1: Penguinxdd|move: Stealth Rock
|
|-weather|RainDance|[upkeep]
|upkeep
|turn|27
|
|t:|1779929898
|switch|p1a: Orthworm|Orthworm, M|100/100
|-damage|p1a: Orthworm|94/100|[from] Stealth Rock
|switch|p2a: Toxapex|Toxapex, F|64/100 brn
|
|-weather|RainDance|[upkeep]
|-damage|p2a: Toxapex|58/100 brn|[from] brn
|upkeep
|turn|28
|
|t:|1779929906
|switch|p2a: Heatran|Heatran, M|87/100
|move|p1a: Orthworm|Iron Defense|p1a: Orthworm
|-boost|p1a: Orthworm|def|2
|
|-weather|RainDance|[upkeep]
|upkeep
|turn|29
|
|t:|1779929914
|move|p1a: Orthworm|Metal Burst||[still]
|-fail|p1a: Orthworm
|move|p2a: Heatran|Magma Storm|p1a: Orthworm
|-supereffective|p1a: Orthworm
|-damage|p1a: Orthworm|26/100
|-activate|p1a: Orthworm|move: Magma Storm|[of] p2a: Heatran
|
|-weather|RainDance|[upkeep]
|-damage|p1a: Orthworm|14/100|[from] move: Magma Storm|[partiallytrapped]
|upkeep
|turn|30
|
|t:|1779929928
|move|p1a: Orthworm|Body Press|p2a: Heatran
|-supereffective|p2a: Heatran
|-damage|p2a: Heatran|0 fnt
|faint|p2a: Heatran
|
|-weather|RainDance|[upkeep]
|-end|p1a: Orthworm|Magma Storm|[partiallytrapped]|[silent]
|upkeep
|
|t:|1779929935
|switch|p2a: Hydreigon|Hydreigon, F|100/100
|turn|31
|
|t:|1779929943
|move|p2a: Hydreigon|Dark Pulse|p1a: Orthworm
|-damage|p1a: Orthworm|0 fnt
|faint|p1a: Orthworm
|
|-weather|none
|upkeep
|
|t:|1779929945
|switch|p1a: Overqwil|Overqwil, F|100/100
|-sideend|p1: Penguinxdd|move: Toxic Spikes|[of] p1a: Overqwil
|-damage|p1a: Overqwil|88/100|[from] Stealth Rock
|turn|32
|
|t:|1779929958
|switch|p1a: Pelipper|Pelipper, F|92/100
|-damage|p1a: Pelipper|67/100|[from] Stealth Rock
|-weather|RainDance|[from] ability: Drizzle|[of] p1a: Pelipper
|move|p2a: Hydreigon|Dark Pulse|p1a: Pelipper
|-damage|p1a: Pelipper|0 fnt
|faint|p1a: Pelipper
|
|-weather|RainDance|[upkeep]
|upkeep
|
|t:|1779929967
|switch|p1a: Overqwil|Overqwil, F|88/100
|-damage|p1a: Overqwil|76/100|[from] Stealth Rock
|turn|33
|
|t:|1779929978
|move|p1a: Overqwil|Swords Dance|p1a: Overqwil
|-boost|p1a: Overqwil|atk|2
|move|p2a: Hydreigon|Dark Pulse|p1a: Overqwil
|-resisted|p1a: Overqwil
|-damage|p1a: Overqwil|28/100
|
|-weather|RainDance|[upkeep]
|upkeep
|turn|34
|inactive|Penguinxdd has 120 seconds left.
|
|t:|1779930019
|switch|p2a: Toxapex|Toxapex, F|91/100 brn
|move|p1a: Overqwil|Gunk Shot|p2a: Toxapex
|-resisted|p2a: Toxapex
|-damage|p2a: Toxapex|37/100 brn
|-damage|p1a: Overqwil|18/100|[from] item: Life Orb
|
|-weather|RainDance|[upkeep]
|-damage|p2a: Toxapex|31/100 brn|[from] brn
|upkeep
|turn|35
|
|t:|1779930029
|switch|p2a: Ursaluna|Ursaluna, F|82/100 brn
|move|p1a: Overqwil|Crunch|p2a: Ursaluna
|-damage|p2a: Ursaluna|11/100 brn
|-damage|p1a: Overqwil|8/100|[from] item: Life Orb
|
|-weather|RainDance|[upkeep]
|-damage|p2a: Ursaluna|5/100 brn|[from] brn
|upkeep
|turn|36
|
|t:|1779930034
|switch|p2a: Toxapex|Toxapex, F|64/100 brn
|move|p1a: Overqwil|Crunch|p2a: Toxapex
|-damage|p2a: Toxapex|0 fnt
|faint|p2a: Toxapex
|-damage|p1a: Overqwil|0 fnt|[from] item: Life Orb
|faint|p1a: Overqwil
|
|-weather|RainDance|[upkeep]
|upkeep
|
|t:|1779930046
|switch|p1a: Volcanion|Volcanion|100/100
|switch|p2a: Ursaluna|Ursaluna, F|5/100 brn
|turn|37
|
|t:|1779930053
|move|p1a: Volcanion|Sludge Bomb|p2a: Ursaluna
|-resisted|p2a: Ursaluna
|-damage|p2a: Ursaluna|0 fnt
|faint|p2a: Ursaluna
|
|-weather|RainDance|[upkeep]
|upkeep
|
|t:|1779930061
|switch|p2a: Hydreigon|Hydreigon, F|100/100
|turn|38
|
|t:|1779930071
|move|p2a: Hydreigon|Earth Power|p1a: Volcanion
|-supereffective|p1a: Volcanion
|-damage|p1a: Volcanion|0 fnt
|faint|p1a: Volcanion
|
|win|klopkik
|raw|Penguinxdd's rating: 1567 &rarr; <strong>1545</strong><br />(-22 for losing)
|raw|klopkik's rating: 1539 &rarr; <strong>1561</strong><br />(+22 for winning)
|l|☆Penguinxdd
|player|p1|
|l|☆klopkik
|player|p2|
