|j|☆Dragavian NTK
|j|☆claudechamp
|t:|1779877661
|gametype|singles
|player|p1|Dragavian NTK|gentleman-gen4|1355
|player|p2|claudechamp|169|1245
|gen|9
|tier|[Gen 9] OU
|rated|
|rule|HP Percentage Mod: HP is shown in percentages
|rule|Endless Battle Clause: Forcing endless battles is banned
|rule|Species Clause: Limit one of each Pokémon
|rule|OHKO Clause: OHKO moves are banned
|rule|Evasion Items Clause: Evasion items are banned
|rule|Evasion Moves Clause: Evasion moves are banned
|rule|Evasion Abilities Clause: Evasion abilities are banned
|rule|Sleep Moves Clause: Sleep-inducing moves are banned
|clearpoke
|poke|p1|Dragonite, M|
|poke|p1|Dragapult, F|
|poke|p1|Scizor, M|
|poke|p1|Cresselia, F|
|poke|p1|Heatran, M|
|poke|p1|Ogerpon-Wellspring, F|
|poke|p2|Gliscor, M|
|poke|p2|Gholdengo|
|poke|p2|Zamazenta-*|
|poke|p2|Blissey, F|
|poke|p2|Skarmory, M|
|poke|p2|Pecharunt|
|teampreview
|inactive|Battle timer is ON: inactive players will automatically lose when time's up. (requested by Dragavian NTK)
|c|☆claudechamp|hf
|inactive|claudechamp also wants the timer to be on.
|
|t:|1779877681
|teamsize|p1|6
|teamsize|p2|6
|start
|switch|p1a: Scizor|Scizor, M|100/100
|switch|p2a: Skarmory|Skarmory, M|100/100
|turn|1
|
|t:|1779877696
|move|p2a: Skarmory|Spikes|p1a: Scizor
|-sidestart|p1: Dragavian NTK|Spikes
|move|p1a: Scizor|Knock Off|p2a: Skarmory
|-damage|p2a: Skarmory|76/100
|-enditem|p2a: Skarmory|Heavy-Duty Boots|[from] move: Knock Off|[of] p1a: Scizor
|
|upkeep
|turn|2
|
|t:|1779877720
|move|p2a: Skarmory|Spikes|p1a: Scizor
|-sidestart|p1: Dragavian NTK|Spikes
|move|p1a: Scizor|Defog|p2a: Skarmory
|-unboost|p2a: Skarmory|evasion|1
|-sideend|p1: Dragavian NTK|Spikes|[from] move: Defog|[of] p1a: Scizor
|
|upkeep
|turn|3
|
|t:|1779877727
|switch|p1a: Heatran|Heatran, M|100/100
|-item|p1a: Heatran|Air Balloon
|move|p2a: Skarmory|Body Press|p1a: Heatran
|-supereffective|p1a: Heatran
|-damage|p1a: Heatran|50/100
|-enditem|p1a: Heatran|Air Balloon
|
|upkeep
|turn|4
|
|t:|1779877736
|switch|p2a: Gliscor|Gliscor, M|100/100
|move|p1a: Heatran|Lava Plume|p2a: Gliscor
|-damage|p2a: Gliscor|55/100
|
|-status|p2a: Gliscor|tox|[from] item: Toxic Orb
|upkeep
|turn|5
|
|t:|1779877747
|switch|p1a: Ogerpon|Ogerpon-Wellspring, F|100/100
|move|p2a: Gliscor|Swords Dance|p2a: Gliscor
|-boost|p2a: Gliscor|atk|2
|
|-heal|p2a: Gliscor|68/100 tox|[from] ability: Poison Heal
|upkeep
|turn|6
|
|t:|1779877754
|move|p1a: Ogerpon|Ivy Cudgel|p2a: Gliscor|[anim] Ivy Cudgel Water
|-supereffective|p2a: Gliscor
|-damage|p2a: Gliscor|0 fnt
|faint|p2a: Gliscor
|
|upkeep
|
|t:|1779877758
|switch|p2a: Zamazenta|Zamazenta|100/100
|-ability|p2a: Zamazenta|Dauntless Shield|boost
|-boost|p2a: Zamazenta|def|1
|turn|7
|
|t:|1779877770
|move|p2a: Zamazenta|Close Combat|p1a: Ogerpon
|-damage|p1a: Ogerpon|29/100
|-unboost|p2a: Zamazenta|def|1
|-unboost|p2a: Zamazenta|spd|1
|move|p1a: Ogerpon|Ivy Cudgel|p2a: Zamazenta|[anim] Ivy Cudgel Water
|-damage|p2a: Zamazenta|48/100
|
|upkeep
|turn|8
|
|t:|1779877781
|switch|p1a: Dragapult|Dragapult, F|100/100
|move|p2a: Zamazenta|Close Combat|p1a: Dragapult
|-immune|p1a: Dragapult
|
|upkeep
|turn|9
|
|t:|1779877794
|move|p2a: Zamazenta|Crunch|p1a: Dragapult
|-supereffective|p1a: Dragapult
|-damage|p1a: Dragapult|25/100
|move|p1a: Dragapult|Draco Meteor|p2a: Zamazenta
|-damage|p2a: Zamazenta|0 fnt
|-unboost|p1a: Dragapult|spa|2
|faint|p2a: Zamazenta
|
|upkeep
|
|t:|1779877804
|switch|p2a: Blissey|Blissey, F|100/100
|turn|10
|
|t:|1779877812
|switch|p1a: Ogerpon|Ogerpon-Wellspring, F|29/100
|move|p2a: Blissey|Stealth Rock|p1a: Ogerpon
|-sidestart|p1: Dragavian NTK|move: Stealth Rock
|
|upkeep
|turn|11
|
|t:|1779877827
|switch|p2a: Pecharunt|Pecharunt|100/100
|move|p1a: Ogerpon|Encore||[still]
|-fail|p1a: Ogerpon
|
|upkeep
|turn|12
|
|t:|1779877835
|move|p1a: Ogerpon|Ivy Cudgel|p2a: Pecharunt|[anim] Ivy Cudgel Water
|-damage|p2a: Pecharunt|72/100
|move|p2a: Pecharunt|Shadow Ball|p1a: Ogerpon
|-damage|p1a: Ogerpon|1/100
|
|upkeep
|turn|13
|
|t:|1779877848
|move|p1a: Ogerpon|Ivy Cudgel|p2a: Pecharunt|[anim] Ivy Cudgel Water
|-damage|p2a: Pecharunt|42/100
|move|p2a: Pecharunt|Recover|p2a: Pecharunt
|-heal|p2a: Pecharunt|92/100
|
|upkeep
|turn|14
|
|t:|1779877860
|move|p1a: Ogerpon|Ivy Cudgel|p2a: Pecharunt|[anim] Ivy Cudgel Water
|-damage|p2a: Pecharunt|66/100
|move|p2a: Pecharunt|Shadow Ball|p1a: Ogerpon
|-damage|p1a: Ogerpon|0 fnt
|faint|p1a: Ogerpon
|
|upkeep
|
|t:|1779877866
|switch|p1a: Scizor|Scizor, M|100/100
|-damage|p1a: Scizor|88/100|[from] Stealth Rock
|turn|15
|
|t:|1779877875
|move|p2a: Pecharunt|Recover|p2a: Pecharunt
|-heal|p2a: Pecharunt|100/100
|move|p1a: Scizor|Defog|p2a: Pecharunt
|-unboost|p2a: Pecharunt|evasion|1
|-sideend|p1: Dragavian NTK|Stealth Rock|[from] move: Defog|[of] p1a: Scizor
|
|-heal|p1a: Scizor|94/100|[from] item: Leftovers
|upkeep
|turn|16
|
|t:|1779877887
|move|p2a: Pecharunt|Parting Shot|p1a: Scizor
|-unboost|p1a: Scizor|atk|1
|-unboost|p1a: Scizor|spa|1
|
|t:|1779877890
|switch|p2a: Blissey|Blissey, F|100/100|[from] Parting Shot
|move|p1a: Scizor|Knock Off|p2a: Blissey
|-damage|p2a: Blissey|76/100
|-enditem|p2a: Blissey|Heavy-Duty Boots|[from] move: Knock Off|[of] p1a: Scizor
|
|-heal|p1a: Scizor|99/100|[from] item: Leftovers
|upkeep
|turn|17
|
|t:|1779877906
|move|p1a: Scizor|U-turn|p2a: Blissey
|-damage|p2a: Blissey|48/100
|
|t:|1779877910
|switch|p1a: Heatran|Heatran, M|50/100|[from] U-turn
|move|p2a: Blissey|Stealth Rock|p1a: Heatran
|-sidestart|p1: Dragavian NTK|move: Stealth Rock
|
|upkeep
|turn|18
|
|t:|1779877924
|move|p1a: Heatran|Stealth Rock|p2a: Blissey
|-sidestart|p2: claudechamp|move: Stealth Rock
|move|p2a: Blissey|Soft-Boiled|p2a: Blissey
|-heal|p2a: Blissey|98/100
|
|upkeep
|turn|19
|
|t:|1779877935
|move|p1a: Heatran|Lava Plume|p2a: Blissey
|-damage|p2a: Blissey|83/100
|-status|p2a: Blissey|brn
|move|p2a: Blissey|Calm Mind|p2a: Blissey
|-boost|p2a: Blissey|spa|1
|-boost|p2a: Blissey|spd|1
|
|-damage|p2a: Blissey|77/100 brn|[from] brn
|upkeep
|turn|20
|
|t:|1779877948
|move|p1a: Heatran|Taunt|p2a: Blissey
|-start|p2a: Blissey|move: Taunt
|cant|p2a: Blissey|move: Taunt|Calm Mind
|
|-damage|p2a: Blissey|71/100 brn|[from] brn
|upkeep
|turn|21
|
|t:|1779877956
|move|p1a: Heatran|Lava Plume|p2a: Blissey
|-damage|p2a: Blissey|62/100 brn
|move|p2a: Blissey|Shadow Ball|p1a: Heatran
|-damage|p1a: Heatran|30/100
|
|-damage|p2a: Blissey|56/100 brn|[from] brn
|upkeep
|turn|22
|
|t:|1779877977
|move|p1a: Heatran|Lava Plume|p2a: Blissey
|-damage|p2a: Blissey|45/100 brn
|move|p2a: Blissey|Shadow Ball|p1a: Heatran
|-damage|p1a: Heatran|13/100
|
|-damage|p2a: Blissey|39/100 brn|[from] brn
|-end|p2a: Blissey|move: Taunt
|upkeep
|turn|23
|
|t:|1779877987
|move|p1a: Heatran|Taunt|p2a: Blissey
|-start|p2a: Blissey|move: Taunt
|cant|p2a: Blissey|move: Taunt|Soft-Boiled
|
|-damage|p2a: Blissey|33/100 brn|[from] brn
|upkeep
|turn|24
|
|t:|1779877998
|move|p1a: Heatran|Earth Power|p2a: Blissey
|-damage|p2a: Blissey|26/100 brn
|move|p2a: Blissey|Shadow Ball|p1a: Heatran
|-damage|p1a: Heatran|0 fnt
|faint|p1a: Heatran
|
|-damage|p2a: Blissey|20/100 brn|[from] brn
|upkeep
|
|t:|1779878016
|switch|p1a: Scizor|Scizor, M|99/100
|-damage|p1a: Scizor|88/100|[from] Stealth Rock
|turn|25
|
|t:|1779878031
|-curestatus|p2a: Blissey|brn|[from] ability: Natural Cure|[silent]
|switch|p2a: Gholdengo|Gholdengo|100/100
|-damage|p2a: Gholdengo|94/100|[from] Stealth Rock
|move|p1a: Scizor|Knock Off|p2a: Gholdengo
|-supereffective|p2a: Gholdengo
|-damage|p2a: Gholdengo|42/100
|-enditem|p2a: Gholdengo|Ability Shield|[from] move: Knock Off|[of] p1a: Scizor
|
|-heal|p1a: Scizor|94/100|[from] item: Leftovers
|upkeep
|turn|26
|
|t:|1779878044
|-terastallize|p2a: Gholdengo|Fairy
|move|p2a: Gholdengo|Nasty Plot|p2a: Gholdengo
|-boost|p2a: Gholdengo|spa|2
|move|p1a: Scizor|Knock Off|p2a: Gholdengo
|-resisted|p2a: Gholdengo
|-damage|p2a: Gholdengo|33/100
|
|-heal|p1a: Scizor|99/100|[from] item: Leftovers
|upkeep
|turn|27
|
|t:|1779878061
|move|p1a: Scizor|Bullet Punch|p2a: Gholdengo
|-supereffective|p2a: Gholdengo
|-damage|p2a: Gholdengo|0 fnt
|faint|p2a: Gholdengo
|
|-heal|p1a: Scizor|100/100|[from] item: Leftovers
|upkeep
|
|t:|1779878070
|switch|p2a: Pecharunt|Pecharunt|100/100
|turn|28
|
|t:|1779878082
|move|p2a: Pecharunt|Shadow Ball|p1a: Scizor
|-damage|p1a: Scizor|71/100
|move|p1a: Scizor|Knock Off|p2a: Pecharunt
|-supereffective|p2a: Pecharunt
|-damage|p2a: Pecharunt|67/100
|-enditem|p2a: Pecharunt|Heavy-Duty Boots|[from] move: Knock Off|[of] p1a: Scizor
|
|-heal|p1a: Scizor|77/100|[from] item: Leftovers
|upkeep
|turn|29
|
|t:|1779878091
|move|p2a: Pecharunt|Shadow Ball|p1a: Scizor
|-damage|p1a: Scizor|46/100
|move|p1a: Scizor|U-turn|p2a: Pecharunt
|-resisted|p2a: Pecharunt
|-damage|p2a: Pecharunt|62/100
|
|t:|1779878111
|switch|p1a: Dragapult|Dragapult, F|25/100|[from] U-turn
|-damage|p1a: Dragapult|12/100|[from] Stealth Rock
|
|upkeep
|turn|30
|
|t:|1779878122
|move|p1a: Dragapult|Hex|p2a: Pecharunt
|-supereffective|p2a: Pecharunt
|-damage|p2a: Pecharunt|0 fnt
|faint|p2a: Pecharunt
|
|upkeep
|
|t:|1779878134
|switch|p2a: Blissey|Blissey, F|20/100
|-damage|p2a: Blissey|8/100|[from] Stealth Rock
|turn|31
|
|t:|1779878158
|switch|p1a: Scizor|Scizor, M|46/100
|-damage|p1a: Scizor|34/100|[from] Stealth Rock
|move|p2a: Blissey|Soft-Boiled|p2a: Blissey
|-heal|p2a: Blissey|58/100
|
|-heal|p1a: Scizor|40/100|[from] item: Leftovers
|upkeep
|turn|32
|
|t:|1779878172
|switch|p2a: Skarmory|Skarmory, M|76/100
|-damage|p2a: Skarmory|63/100|[from] Stealth Rock
|move|p1a: Scizor|Bullet Punch|p2a: Skarmory
|-resisted|p2a: Skarmory
|-crit|p2a: Skarmory
|-damage|p2a: Skarmory|48/100
|
|-heal|p1a: Scizor|46/100|[from] item: Leftovers
|upkeep
|turn|33
|
|t:|1779878191
|move|p1a: Scizor|Bullet Punch|p2a: Skarmory
|-resisted|p2a: Skarmory
|-damage|p2a: Skarmory|38/100
|move|p2a: Skarmory|Body Press|p1a: Scizor
|-damage|p1a: Scizor|16/100
|
|-heal|p1a: Scizor|23/100|[from] item: Leftovers
|upkeep
|turn|34
|inactive|Dragavian NTK has 120 seconds left.
|
|t:|1779878212
|move|p2a: Skarmory|Body Press|p1a: Scizor
|-damage|p1a: Scizor|0 fnt
|faint|p1a: Scizor
|
|upkeep
|
|t:|1779878219
|switch|p1a: Dragapult|Dragapult, F|12/100
|-damage|p1a: Dragapult|0 fnt|[from] Stealth Rock
|faint|p1a: Dragapult
|
|t:|1779878228
|switch|p1a: Dragonite|Dragonite, M|100/100
|turn|35
|
|t:|1779878233
|move|p1a: Dragonite|Dragon Dance|p1a: Dragonite
|-boost|p1a: Dragonite|atk|1
|-boost|p1a: Dragonite|spe|1
|move|p2a: Skarmory|Roost|p2a: Skarmory
|-heal|p2a: Skarmory|88/100
|-singleturn|p2a: Skarmory|move: Roost
|
|upkeep
|turn|36
|
|t:|1779878247
|move|p1a: Dragonite|Dragon Dance|p1a: Dragonite
|-boost|p1a: Dragonite|atk|1
|-boost|p1a: Dragonite|spe|1
|move|p2a: Skarmory|Whirlwind|p1a: Dragonite
|drag|p1a: Cresselia|Cresselia, F|100/100
|-damage|p1a: Cresselia|88/100|[from] Stealth Rock
|
|upkeep
|turn|37
|
|t:|1779878259
|switch|p1a: Dragonite|Dragonite, M|100/100
|move|p2a: Skarmory|Whirlwind|p1a: Dragonite
|drag|p1a: Cresselia|Cresselia, F|88/100
|-damage|p1a: Cresselia|76/100|[from] Stealth Rock
|
|upkeep
|turn|38
|
|t:|1779878273
|move|p1a: Cresselia|Calm Mind|p1a: Cresselia
|-boost|p1a: Cresselia|spa|1
|-boost|p1a: Cresselia|spd|1
|move|p2a: Skarmory|Body Press|p1a: Cresselia
|-resisted|p1a: Cresselia
|-damage|p1a: Cresselia|67/100
|
|upkeep
|turn|39
|
|t:|1779878287
|move|p1a: Cresselia|Moonlight|p1a: Cresselia
|-heal|p1a: Cresselia|100/100
|move|p2a: Skarmory|Whirlwind|p1a: Cresselia
|drag|p1a: Dragonite|Dragonite, M|100/100
|
|upkeep
|turn|40
|
|t:|1779878314
|move|p1a: Dragonite|Extreme Speed|p2a: Skarmory
|-resisted|p2a: Skarmory
|-damage|p2a: Skarmory|78/100
|move|p2a: Skarmory|Body Press|p1a: Dragonite
|-resisted|p1a: Dragonite
|-damage|p1a: Dragonite|92/100
|
|upkeep
|turn|41
|
|t:|1779878328
|move|p1a: Dragonite|Dragon Dance|p1a: Dragonite
|-boost|p1a: Dragonite|atk|1
|-boost|p1a: Dragonite|spe|1
|move|p2a: Skarmory|Roost|p2a: Skarmory
|-heal|p2a: Skarmory|100/100
|-singleturn|p2a: Skarmory|move: Roost
|
|upkeep
|turn|42
|
|t:|1779878342
|move|p1a: Dragonite|Dragon Dance|p1a: Dragonite
|-boost|p1a: Dragonite|atk|1
|-boost|p1a: Dragonite|spe|1
|move|p2a: Skarmory|Whirlwind|p1a: Dragonite
|drag|p1a: Cresselia|Cresselia, F|100/100
|-damage|p1a: Cresselia|88/100|[from] Stealth Rock
|
|upkeep
|turn|43
|
|t:|1779878352
|move|p1a: Cresselia|Calm Mind|p1a: Cresselia
|-boost|p1a: Cresselia|spa|1
|-boost|p1a: Cresselia|spd|1
|move|p2a: Skarmory|Body Press|p1a: Cresselia
|-resisted|p1a: Cresselia
|-crit|p1a: Cresselia
|-damage|p1a: Cresselia|75/100
|
|upkeep
|turn|44
|inactive|Dragavian NTK has 120 seconds left.
|
|t:|1779878386
|move|p1a: Cresselia|Calm Mind|p1a: Cresselia
|-boost|p1a: Cresselia|spa|1
|-boost|p1a: Cresselia|spd|1
|move|p2a: Skarmory|Whirlwind|p1a: Cresselia
|drag|p1a: Dragonite|Dragonite, M|92/100
|
|upkeep
|turn|45
|
|t:|1779878404
|move|p1a: Dragonite|Dragon Dance|p1a: Dragonite
|-boost|p1a: Dragonite|atk|1
|-boost|p1a: Dragonite|spe|1
|move|p2a: Skarmory|Body Press|p1a: Dragonite
|-resisted|p1a: Dragonite
|-damage|p1a: Dragonite|77/100
|
|upkeep
|turn|46
|inactive|Dragavian NTK has 120 seconds left.
|
|t:|1779878420
|move|p1a: Dragonite|Extreme Speed|p2a: Skarmory
|-resisted|p2a: Skarmory
|-damage|p2a: Skarmory|86/100
|move|p2a: Skarmory|Whirlwind|p1a: Dragonite
|drag|p1a: Cresselia|Cresselia, F|75/100
|-damage|p1a: Cresselia|62/100|[from] Stealth Rock
|
|upkeep
|turn|47
|inactive|Dragavian NTK has 120 seconds left.
|
|t:|1779878439
|move|p1a: Cresselia|Moonlight|p1a: Cresselia
|-heal|p1a: Cresselia|100/100
|move|p2a: Skarmory|Body Press|p1a: Cresselia
|-resisted|p1a: Cresselia
|-damage|p1a: Cresselia|92/100
|
|upkeep
|turn|48
|inactive|Dragavian NTK has 120 seconds left.
|
|t:|1779878456
|move|p1a: Cresselia|Calm Mind|p1a: Cresselia
|-boost|p1a: Cresselia|spa|1
|-boost|p1a: Cresselia|spd|1
|move|p2a: Skarmory|Roost|p2a: Skarmory
|-heal|p2a: Skarmory|100/100
|-singleturn|p2a: Skarmory|move: Roost
|
|upkeep
|turn|49
|inactive|Dragavian NTK has 120 seconds left.
|
|t:|1779878471
|move|p1a: Cresselia|Calm Mind|p1a: Cresselia
|-boost|p1a: Cresselia|spa|1
|-boost|p1a: Cresselia|spd|1
|move|p2a: Skarmory|Whirlwind|p1a: Cresselia
|drag|p1a: Dragonite|Dragonite, M|77/100
|
|upkeep
|turn|50
|inactive|claudechamp has 120 seconds left.
|
|t:|1779878489
|move|p1a: Dragonite|Extreme Speed|p2a: Skarmory
|-resisted|p2a: Skarmory
|-damage|p2a: Skarmory|90/100
|move|p2a: Skarmory|Body Press|p1a: Dragonite
|-resisted|p1a: Dragonite
|-damage|p1a: Dragonite|61/100
|
|upkeep
|turn|51
|inactive|claudechamp has 120 seconds left.
|inactive|Dragavian NTK has 120 seconds left.
|
|t:|1779878524
|move|p1a: Dragonite|Dragon Dance|p1a: Dragonite
|-boost|p1a: Dragonite|atk|1
|-boost|p1a: Dragonite|spe|1
|move|p2a: Skarmory|Whirlwind|p1a: Dragonite
|drag|p1a: Cresselia|Cresselia, F|92/100
|-damage|p1a: Cresselia|80/100|[from] Stealth Rock
|
|upkeep
|turn|52
|inactive|claudechamp has 120 seconds left.
|
|t:|1779878541
|move|p1a: Cresselia|Calm Mind|p1a: Cresselia
|-boost|p1a: Cresselia|spa|1
|-boost|p1a: Cresselia|spd|1
|move|p2a: Skarmory|Body Press|p1a: Cresselia
|-resisted|p1a: Cresselia
|-damage|p1a: Cresselia|72/100
|
|upkeep
|turn|53
|inactive|claudechamp has 120 seconds left.
|inactive|Dragavian NTK has 90 seconds left.
|
|t:|1779878581
|move|p1a: Cresselia|Stored Power|p2a: Skarmory
|-resisted|p2a: Skarmory
|-damage|p2a: Skarmory|74/100
|move|p2a: Skarmory|Whirlwind|p1a: Cresselia
|drag|p1a: Dragonite|Dragonite, M|61/100
|
|upkeep
|turn|54
|inactive|Dragavian NTK has 90 seconds left.
|
|t:|1779878598
|move|p1a: Dragonite|Extreme Speed|p2a: Skarmory
|-resisted|p2a: Skarmory
|-crit|p2a: Skarmory
|-damage|p2a: Skarmory|61/100
|move|p2a: Skarmory|Roost|p2a: Skarmory
|-heal|p2a: Skarmory|100/100
|-singleturn|p2a: Skarmory|move: Roost
|
|upkeep
|turn|55
|inactive|Dragavian NTK has 90 seconds left.
|
|t:|1779878611
|move|p1a: Dragonite|Extreme Speed|p2a: Skarmory
|-resisted|p2a: Skarmory
|-damage|p2a: Skarmory|91/100
|move|p2a: Skarmory|Whirlwind|p1a: Dragonite
|drag|p1a: Cresselia|Cresselia, F|72/100
|-damage|p1a: Cresselia|60/100|[from] Stealth Rock
|
|upkeep
|turn|56
|
|t:|1779878620
|move|p1a: Cresselia|Stored Power|p2a: Skarmory
|-resisted|p2a: Skarmory
|-damage|p2a: Skarmory|87/100
|move|p2a: Skarmory|Body Press|p1a: Cresselia
|-resisted|p1a: Cresselia
|-damage|p1a: Cresselia|52/100
|
|upkeep
|turn|57
|inactive|claudechamp has 120 seconds left.
|
|t:|1779878632
|move|p1a: Cresselia|Moonblast|p2a: Skarmory
|-resisted|p2a: Skarmory
|-damage|p2a: Skarmory|76/100
|move|p2a: Skarmory|Whirlwind|p1a: Cresselia
|drag|p1a: Dragonite|Dragonite, M|61/100
|
|upkeep
|turn|58
|inactive|claudechamp has 120 seconds left.
|
|t:|1779878647
|move|p1a: Dragonite|Extreme Speed|p2a: Skarmory
|-resisted|p2a: Skarmory
|-damage|p2a: Skarmory|65/100
|move|p2a: Skarmory|Roost|p2a: Skarmory
|-heal|p2a: Skarmory|100/100
|-singleturn|p2a: Skarmory|move: Roost
|
|upkeep
|turn|59
|inactive|claudechamp has 120 seconds left.
|
|t:|1779878657
|move|p1a: Dragonite|Dragon Dance|p1a: Dragonite
|-boost|p1a: Dragonite|atk|1
|-boost|p1a: Dragonite|spe|1
|move|p2a: Skarmory|Whirlwind|p1a: Dragonite
|drag|p1a: Cresselia|Cresselia, F|52/100
|-damage|p1a: Cresselia|40/100|[from] Stealth Rock
|
|upkeep
|turn|60
|inactive|claudechamp has 120 seconds left.
|
|t:|1779878665
|move|p1a: Cresselia|Moonlight|p1a: Cresselia
|-heal|p1a: Cresselia|90/100
|move|p2a: Skarmory|Body Press|p1a: Cresselia
|-resisted|p1a: Cresselia
|-damage|p1a: Cresselia|81/100
|
|upkeep
|turn|61
|inactive|claudechamp has 120 seconds left.
|
|t:|1779878683
|move|p1a: Cresselia|Calm Mind|p1a: Cresselia
|-boost|p1a: Cresselia|spa|1
|-boost|p1a: Cresselia|spd|1
|move|p2a: Skarmory|Whirlwind|p1a: Cresselia
|drag|p1a: Dragonite|Dragonite, M|61/100
|
|upkeep
|turn|62
|inactive|Dragavian NTK has 120 seconds left.
|inactive|claudechamp has 120 seconds left.
|
|t:|1779878696
|move|p1a: Dragonite|Dragon Dance|p1a: Dragonite
|-boost|p1a: Dragonite|atk|1
|-boost|p1a: Dragonite|spe|1
|move|p2a: Skarmory|Body Press|p1a: Dragonite
|-resisted|p1a: Dragonite
|-damage|p1a: Dragonite|45/100
|
|upkeep
|turn|63
|inactive|claudechamp has 120 seconds left.
|inactive|Dragavian NTK has 120 seconds left.
|inactive|Dragavian NTK has 90 seconds left.
|inactive|Dragavian NTK has 60 seconds left.
|inactive|Dragavian NTK has 30 seconds left.
|inactive|Dragavian NTK has 20 seconds left.
|inactive|Dragavian NTK has 15 seconds left.
|inactive|Dragavian NTK has 10 seconds left.
|inactive|Dragavian NTK has 5 seconds left.
|-message|Dragavian NTK lost due to inactivity.
|
|win|claudechamp
|raw|Dragavian NTK's rating: 1355 &rarr; <strong>1329</strong><br />(-26 for losing)
|raw|claudechamp's rating: 1241 &rarr; <strong>1274</strong><br />(+33 for winning)
|c|☆claudechamp|gg
