|j|☆zahonidas
|j|☆nwalesu
|t:|1779881372
|gametype|singles
|player|p1|zahonidas|hoopster|1370
|player|p2|nwalesu|pokemaniac|1437
|gen|9
|tier|[Gen 9] OU
|rated|
|rule|HP Percentage Mod: HP is shown in percentages
|rule|Endless Battle Clause: Forcing endless battles is banned
|rule|Species Clause: Limit one of each Pokémon
|rule|OHKO Clause: OHKO moves are banned
|rule|Evasion Items Clause: Evasion items are banned
|rule|Evasion Moves Clause: Evasion moves are banned
|rule|Evasion Abilities Clause: Evasion abilities are banned
|rule|Sleep Moves Clause: Sleep-inducing moves are banned
|clearpoke
|poke|p1|Deoxys-Defense|
|poke|p1|Gyarados, M|
|poke|p1|Serperior, F|
|poke|p1|Iron Valiant|
|poke|p1|Skeledirge, M|
|poke|p1|Haxorus, M|
|poke|p2|Dragapult, M|
|poke|p2|Rotom-Heat|
|poke|p2|Clodsire, F|
|poke|p2|Mandibuzz, F|
|poke|p2|Dragonite, M|
|poke|p2|Iron Valiant|
|teampreview
|inactive|Battle timer is ON: inactive players will automatically lose when time's up. (requested by nwalesu)
|inactive|zahonidas also wants the timer to be on.
|
|t:|1779881380
|teamsize|p1|6
|teamsize|p2|6
|start
|switch|p1a: Serperior|Serperior, F|100/100
|switch|p2a: Drippy|Dragapult, M|100/100
|turn|1
|
|t:|1779881384
|move|p2a: Drippy|U-turn|p1a: Serperior
|-supereffective|p1a: Serperior
|-damage|p1a: Serperior|47/100
|
|t:|1779881392
|switch|p2a: Cookie maker|Rotom-Heat|100/100|[from] U-turn
|move|p1a: Serperior|Leech Seed|p2a: Cookie maker
|-start|p2a: Cookie maker|move: Leech Seed
|
|-damage|p2a: Cookie maker|88/100|[from] Leech Seed|[of] p1a: Serperior
|-heal|p1a: Serperior|58/100|[silent]
|upkeep
|turn|2
|
|t:|1779881404
|switch|p1a: Skeledirge|Skeledirge, M|100/100
|switch|p2a: Drippy|Dragapult, M|100/100
|
|upkeep
|turn|3
|
|t:|1779881427
|move|p2a: Drippy|U-turn|p1a: Skeledirge
|-resisted|p1a: Skeledirge
|-crit|p1a: Skeledirge
|-damage|p1a: Skeledirge|92/100
|
|t:|1779881441
|switch|p2a: Clodsire|Clodsire, F|100/100|[from] U-turn
|move|p1a: Skeledirge|Flame Charge|p2a: Clodsire
|-crit|p2a: Clodsire
|-damage|p2a: Clodsire|79/100
|-boost|p1a: Skeledirge|spe|1
|
|-heal|p1a: Skeledirge|98/100|[from] item: Leftovers
|-heal|p2a: Clodsire|85/100|[from] item: Black Sludge
|upkeep
|turn|4
|
|t:|1779881446
|switch|p1a: Gyarados|Gyarados, M|100/100
|move|p2a: Clodsire|Toxic|p1a: Gyarados
|-status|p1a: Gyarados|tox
|
|-heal|p2a: Clodsire|91/100|[from] item: Black Sludge
|-damage|p1a: Gyarados|94/100 tox|[from] psn
|upkeep
|turn|5
|
|t:|1779881453
|move|p1a: Gyarados|Dragon Dance|p1a: Gyarados
|-boost|p1a: Gyarados|atk|1
|-boost|p1a: Gyarados|spe|1
|move|p2a: Clodsire|Stealth Rock|p1a: Gyarados
|-sidestart|p1: zahonidas|move: Stealth Rock
|
|-heal|p2a: Clodsire|97/100|[from] item: Black Sludge
|-damage|p1a: Gyarados|82/100 tox|[from] psn
|upkeep
|turn|6
|
|t:|1779881457
|switch|p2a: Mandibuzz|Mandibuzz, F|100/100
|move|p1a: Gyarados|Earthquake|p2a: Mandibuzz
|-immune|p2a: Mandibuzz
|
|-damage|p1a: Gyarados|64/100 tox|[from] psn
|upkeep
|turn|7
|
|t:|1779881461
|move|p1a: Gyarados|Waterfall|p2a: Mandibuzz
|-damage|p2a: Mandibuzz|64/100
|move|p2a: Mandibuzz|Foul Play|p1a: Gyarados
|-damage|p1a: Gyarados|0 fnt
|faint|p1a: Gyarados
|
|upkeep
|
|t:|1779881468
|switch|p1a: Iron Valiant|Iron Valiant|100/100
|-damage|p1a: Iron Valiant|94/100|[from] Stealth Rock
|-enditem|p1a: Iron Valiant|Booster Energy
|-activate|p1a: Iron Valiant|ability: Quark Drive|[fromitem]
|-start|p1a: Iron Valiant|quarkdrivespe
|turn|8
|
|t:|1779881481
|switch|p2a: Clodsire|Clodsire, F|97/100
|move|p1a: Iron Valiant|Swords Dance|p1a: Iron Valiant
|-boost|p1a: Iron Valiant|atk|2
|
|-heal|p2a: Clodsire|100/100|[from] item: Black Sludge
|upkeep
|turn|9
|
|t:|1779881501
|move|p1a: Iron Valiant|Swords Dance|p1a: Iron Valiant
|-boost|p1a: Iron Valiant|atk|2
|move|p2a: Clodsire|Earthquake|p1a: Iron Valiant
|-damage|p1a: Iron Valiant|59/100
|
|upkeep
|turn|10
|
|t:|1779881514
|move|p1a: Iron Valiant|Drain Punch|p2a: Clodsire
|-resisted|p2a: Clodsire
|-damage|p2a: Clodsire|34/100
|-heal|p1a: Iron Valiant|100/100|[from] drain|[of] p2a: Clodsire
|move|p2a: Clodsire|Earthquake|p1a: Iron Valiant
|-damage|p1a: Iron Valiant|65/100
|
|-heal|p2a: Clodsire|40/100|[from] item: Black Sludge
|upkeep
|turn|11
|
|t:|1779881527
|move|p1a: Iron Valiant|Spirit Break|p2a: Clodsire
|-resisted|p2a: Clodsire
|-damage|p2a: Clodsire|0 fnt
|faint|p2a: Clodsire
|
|upkeep
|
|t:|1779881532
|switch|p2a: Iron Valiant|Iron Valiant|100/100
|-enditem|p2a: Iron Valiant|Booster Energy
|-activate|p2a: Iron Valiant|ability: Quark Drive|[fromitem]
|-start|p2a: Iron Valiant|quarkdrivespe
|turn|12
|
|t:|1779881536
|move|p2a: Iron Valiant|Moonblast|p1a: Iron Valiant
|-supereffective|p1a: Iron Valiant
|-damage|p1a: Iron Valiant|0 fnt
|faint|p1a: Iron Valiant
|-end|p1a: Iron Valiant|Quark Drive|[silent]
|
|upkeep
|
|t:|1779881542
|switch|p1a: Skeledirge|Skeledirge, M|98/100
|-damage|p1a: Skeledirge|73/100|[from] Stealth Rock
|turn|13
|
|t:|1779881554
|move|p2a: Iron Valiant|Shadow Ball|p1a: Skeledirge
|-supereffective|p1a: Skeledirge
|-damage|p1a: Skeledirge|4/100
|-unboost|p1a: Skeledirge|spd|1
|move|p1a: Skeledirge|Flame Charge|p2a: Iron Valiant
|-damage|p2a: Iron Valiant|86/100
|-boost|p1a: Skeledirge|spe|1
|
|-heal|p1a: Skeledirge|10/100|[from] item: Leftovers
|upkeep
|turn|14
|
|t:|1779881562
|move|p2a: Iron Valiant|Shadow Ball|p1a: Skeledirge
|-supereffective|p1a: Skeledirge
|-damage|p1a: Skeledirge|0 fnt
|faint|p1a: Skeledirge
|
|upkeep
|
|t:|1779881580
|switch|p1a: Deoxys|Deoxys-Defense|100/100
|-damage|p1a: Deoxys|88/100|[from] Stealth Rock
|-ability|p1a: Deoxys|Pressure
|turn|15
|
|t:|1779881589
|-terastallize|p1a: Deoxys|Steel
|move|p2a: Iron Valiant|Calm Mind|p2a: Iron Valiant
|-boost|p2a: Iron Valiant|spa|1
|-boost|p2a: Iron Valiant|spd|1
|move|p1a: Deoxys|Cosmic Power|p1a: Deoxys
|-boost|p1a: Deoxys|def|1
|-boost|p1a: Deoxys|spd|1
|
|-heal|p1a: Deoxys|94/100|[from] item: Leftovers
|upkeep
|turn|16
|
|t:|1779881600
|-terastallize|p2a: Iron Valiant|Ghost
|move|p2a: Iron Valiant|Shadow Ball|p1a: Deoxys
|-damage|p1a: Deoxys|60/100
|move|p1a: Deoxys|Cosmic Power|p1a: Deoxys
|-boost|p1a: Deoxys|def|1
|-boost|p1a: Deoxys|spd|1
|
|-heal|p1a: Deoxys|66/100|[from] item: Leftovers
|upkeep
|turn|17
|
|t:|1779881606
|move|p2a: Iron Valiant|Shadow Ball|p1a: Deoxys
|-damage|p1a: Deoxys|44/100
|move|p1a: Deoxys|Cosmic Power|p1a: Deoxys
|-boost|p1a: Deoxys|def|1
|-boost|p1a: Deoxys|spd|1
|
|-heal|p1a: Deoxys|50/100|[from] item: Leftovers
|upkeep
|turn|18
|
|t:|1779881610
|move|p2a: Iron Valiant|Shadow Ball|p1a: Deoxys
|-crit|p1a: Deoxys
|-damage|p1a: Deoxys|0 fnt
|faint|p1a: Deoxys
|
|upkeep
|
|t:|1779881615
|switch|p1a: Serperior|Serperior, F|58/100
|-damage|p1a: Serperior|46/100|[from] Stealth Rock
|turn|19
|
|t:|1779881622
|move|p2a: Iron Valiant|Moonblast|p1a: Serperior
|-damage|p1a: Serperior|0 fnt
|faint|p1a: Serperior
|
|upkeep
|l|☆zahonidas
|inactive|zahonidas disconnected and has a minute to reconnect!
|player|p1|
|inactive|zahonidas has 30 seconds to reconnect!
|inactive|zahonidas has 20 seconds to reconnect!
|inactive|zahonidas has 15 seconds to reconnect!
|inactive|zahonidas has 10 seconds to reconnect!
|inactive|zahonidas has 5 seconds to reconnect!
|-message|zahonidas lost due to inactivity.
|
|win|nwalesu
|raw|zahonidas's rating: 1370 &rarr; <strong>1353</strong><br />(-17 for losing)
|raw|nwalesu's rating: 1421 &rarr; <strong>1438</strong><br />(+17 for winning)
|l|☆nwalesu
|player|p2|
