|j|☆zermoon
|j|☆Juave
|t:|1779893806
|gametype|singles
|player|p1|zermoon|265|1244
|player|p2|Juave|waitress-gen4|1246
|gen|9
|tier|[Gen 9] OU
|rated|
|rule|HP Percentage Mod: HP is shown in percentages
|rule|Endless Battle Clause: Forcing endless battles is banned
|rule|Species Clause: Limit one of each Pokémon
|rule|OHKO Clause: OHKO moves are banned
|rule|Evasion Items Clause: Evasion items are banned
|rule|Evasion Moves Clause: Evasion moves are banned
|rule|Evasion Abilities Clause: Evasion abilities are banned
|rule|Sleep Moves Clause: Sleep-inducing moves are banned
|clearpoke
|poke|p1|Primarina, M|
|poke|p1|Ceruledge, M|
|poke|p1|Hydrapple, M|
|poke|p1|Gallade, M|
|poke|p1|Gligar, M|
|poke|p1|Kingambit, M|
|poke|p2|Iron Moth|
|poke|p2|Gliscor, M|
|poke|p2|Hatterene, F|
|poke|p2|Ogerpon-Wellspring, F|
|poke|p2|Raging Bolt|
|poke|p2|Zamazenta-*|
|teampreview
|inactive|Battle timer is ON: inactive players will automatically lose when time's up. (requested by Juave)
|
|t:|1779893814
|teamsize|p1|6
|teamsize|p2|6
|start
|switch|p1a: Primarina|Primarina, M|100/100
|switch|p2a: Gliscor|Gliscor, M|100/100
|turn|1
|
|t:|1779893824
|move|p2a: Gliscor|Swords Dance|p2a: Gliscor
|-boost|p2a: Gliscor|atk|2
|move|p1a: Primarina|Surf|p2a: Gliscor
|-supereffective|p2a: Gliscor
|-damage|p2a: Gliscor|0 fnt
|faint|p2a: Gliscor
|
|upkeep
|
|t:|1779893828
|switch|p2a: Zamazenta|Zamazenta|100/100
|-ability|p2a: Zamazenta|Dauntless Shield|boost
|-boost|p2a: Zamazenta|def|1
|turn|2
|
|t:|1779893836
|move|p2a: Zamazenta|Light Screen|p2a: Zamazenta
|-sidestart|p2: Juave|move: Light Screen
|move|p1a: Primarina|Moonblast|p2a: Zamazenta
|-supereffective|p2a: Zamazenta
|-damage|p2a: Zamazenta|61/100
|
|upkeep
|turn|3
|
|t:|1779893849
|switch|p2a: Ogerpon|Ogerpon-Wellspring, F|100/100
|move|p1a: Primarina|Moonblast|p2a: Ogerpon
|-damage|p2a: Ogerpon|68/100
|
|upkeep
|turn|4
|
|t:|1779893862
|switch|p1a: Hydrapple|Hydrapple, M|100/100
|move|p2a: Ogerpon|Trailblaze|p1a: Hydrapple
|-resisted|p1a: Hydrapple
|-damage|p1a: Hydrapple|94/100
|-boost|p2a: Ogerpon|spe|1
|-damage|p2a: Ogerpon|51/100|[from] item: Rocky Helmet|[of] p1a: Hydrapple
|
|upkeep
|turn|5
|
|t:|1779893886
|switch|p2a: Zamazenta|Zamazenta|61/100
|move|p1a: Hydrapple|Fickle Beam|p2a: Zamazenta|[anim] Fickle Beam All Out
|-activate|p1a: Hydrapple|move: Fickle Beam
|-damage|p2a: Zamazenta|26/100
|
|upkeep
|turn|6
|
|t:|1779893896
|move|p2a: Zamazenta|Ice Fang|p1a: Hydrapple
|-supereffective|p1a: Hydrapple
|-damage|p1a: Hydrapple|42/100
|-status|p1a: Hydrapple|frz
|-damage|p2a: Zamazenta|9/100|[from] item: Rocky Helmet|[of] p1a: Hydrapple
|cant|p1a: Hydrapple|frz
|
|upkeep
|turn|7
|
|t:|1779893905
|move|p2a: Zamazenta|Reflect|p2a: Zamazenta
|-sidestart|p2: Juave|Reflect
|cant|p1a: Hydrapple|frz
|
|upkeep
|turn|8
|
|t:|1779893910
|move|p2a: Zamazenta|Ice Fang|p1a: Hydrapple
|-supereffective|p1a: Hydrapple
|-damage|p1a: Hydrapple|0 fnt
|-damage|p2a: Zamazenta|0 fnt|[from] item: Rocky Helmet|[of] p1a: Hydrapple
|faint|p1a: Hydrapple
|faint|p2a: Zamazenta
|
|upkeep
|
|t:|1779893927
|switch|p2a: Ogerpon|Ogerpon-Wellspring, F|51/100
|switch|p1a: Gligar|Gligar, M, shiny|100/100
|turn|9
|
|t:|1779893933
|move|p2a: Ogerpon|Ivy Cudgel|p1a: Gligar|[anim] Ivy Cudgel Water
|-supereffective|p1a: Gligar
|-damage|p1a: Gligar|21/100
|move|p1a: Gligar|Stealth Rock|p2a: Ogerpon
|-sidestart|p2: Juave|move: Stealth Rock
|
|-sideend|p2: Juave|move: Light Screen
|upkeep
|turn|10
|
|t:|1779893942
|move|p2a: Ogerpon|Trailblaze|p1a: Gligar
|-damage|p1a: Gligar|0 fnt
|-boost|p2a: Ogerpon|spe|1
|faint|p1a: Gligar
|
|upkeep
|
|t:|1779893951
|switch|p1a: Kingambit|Kingambit, M|100/100
|-activate|p1a: Kingambit|ability: Supreme Overlord
|-start|p1a: Kingambit|fallen2|[silent]
|turn|11
|
|t:|1779893971
|move|p1a: Kingambit|Sucker Punch|p2a: Ogerpon
|-damage|p2a: Ogerpon|4/100
|move|p2a: Ogerpon|Ivy Cudgel|p1a: Kingambit|[anim] Ivy Cudgel Water
|-damage|p1a: Kingambit|53/100
|
|upkeep
|turn|12
|
|t:|1779893978
|move|p1a: Kingambit|Sucker Punch||[still]
|-fail|p1a: Kingambit
|move|p2a: Ogerpon|Encore|p1a: Kingambit
|-start|p1a: Kingambit|Encore
|
|upkeep
|turn|13
|
|t:|1779893984
|move|p1a: Kingambit|Sucker Punch||[still]
|-fail|p1a: Kingambit
|move|p2a: Ogerpon|Swords Dance|p2a: Ogerpon
|-boost|p2a: Ogerpon|atk|2
|
|upkeep
|turn|14
|
|t:|1779893991
|move|p1a: Kingambit|Sucker Punch||[still]
|-fail|p1a: Kingambit
|move|p2a: Ogerpon|Swords Dance|p2a: Ogerpon
|-boost|p2a: Ogerpon|atk|2
|
|-sideend|p2: Juave|Reflect
|upkeep
|turn|15
|
|t:|1779893999
|move|p1a: Kingambit|Sucker Punch||[still]
|-fail|p1a: Kingambit
|move|p2a: Ogerpon|Swords Dance|p2a: Ogerpon
|-boost|p2a: Ogerpon|atk|2
|
|-end|p1a: Kingambit|Encore
|upkeep
|turn|16
|
|t:|1779894007
|move|p1a: Kingambit|Sucker Punch||[still]
|-fail|p1a: Kingambit
|move|p2a: Ogerpon|Encore|p1a: Kingambit
|-start|p1a: Kingambit|Encore
|
|upkeep
|turn|17
|
|t:|1779894020
|-end|p1a: Kingambit|fallen2|[silent]
|switch|p1a: Gallade|Gallade, M|100/100
|move|p2a: Ogerpon|Swords Dance|p2a: Ogerpon
|-boost|p2a: Ogerpon|atk|0
|
|upkeep
|turn|18
|
|t:|1779894035
|move|p2a: Ogerpon|Ivy Cudgel|p1a: Gallade|[anim] Ivy Cudgel Water
|-damage|p1a: Gallade|0 fnt
|faint|p1a: Gallade
|
|upkeep
|
|t:|1779894041
|switch|p1a: Ceruledge|Ceruledge, M|100/100
|turn|19
|
|t:|1779894045
|move|p1a: Ceruledge|Shadow Sneak|p2a: Ogerpon
|-damage|p2a: Ogerpon|0 fnt
|faint|p2a: Ogerpon
|
|upkeep
|
|t:|1779894051
|switch|p2a: Raging Bolt|Raging Bolt|100/100
|-damage|p2a: Raging Bolt|88/100|[from] Stealth Rock
|-enditem|p2a: Raging Bolt|Booster Energy
|-activate|p2a: Raging Bolt|ability: Protosynthesis|[fromitem]
|-start|p2a: Raging Bolt|protosynthesisspa
|turn|20
|
|t:|1779894060
|move|p1a: Ceruledge|Poltergeist||[still]
|-fail|p1a: Ceruledge
|move|p2a: Raging Bolt|Calm Mind|p2a: Raging Bolt
|-boost|p2a: Raging Bolt|spa|1
|-boost|p2a: Raging Bolt|spd|1
|
|upkeep
|turn|21
|
|t:|1779894085
|move|p1a: Ceruledge|Swords Dance|p1a: Ceruledge
|-boost|p1a: Ceruledge|atk|2
|move|p2a: Raging Bolt|Calm Mind|p2a: Raging Bolt
|-boost|p2a: Raging Bolt|spa|1
|-boost|p2a: Raging Bolt|spd|1
|
|upkeep
|turn|22
|
|t:|1779894093
|move|p2a: Raging Bolt|Thunderclap||[still]
|-fail|p2a: Raging Bolt
|move|p1a: Ceruledge|Swords Dance|p1a: Ceruledge
|-boost|p1a: Ceruledge|atk|2
|
|upkeep
|turn|23
|
|t:|1779894099
|move|p1a: Ceruledge|Swords Dance|p1a: Ceruledge
|-boost|p1a: Ceruledge|atk|2
|move|p2a: Raging Bolt|Calm Mind|p2a: Raging Bolt
|-boost|p2a: Raging Bolt|spa|1
|-boost|p2a: Raging Bolt|spd|1
|
|upkeep
|turn|24
|
|t:|1779894108
|move|p1a: Ceruledge|Shadow Sneak|p2a: Raging Bolt
|-crit|p2a: Raging Bolt
|-damage|p2a: Raging Bolt|0 fnt
|faint|p2a: Raging Bolt
|-end|p2a: Raging Bolt|Protosynthesis|[silent]
|
|upkeep
|
|t:|1779894117
|switch|p2a: Iron Moth|Iron Moth|100/100
|-damage|p2a: Iron Moth|76/100|[from] Stealth Rock
|-enditem|p2a: Iron Moth|Booster Energy
|-activate|p2a: Iron Moth|ability: Quark Drive|[fromitem]
|-start|p2a: Iron Moth|quarkdrivespe
|turn|25
|
|t:|1779894124
|move|p1a: Ceruledge|Shadow Sneak|p2a: Iron Moth
|-damage|p2a: Iron Moth|0 fnt
|faint|p2a: Iron Moth
|-end|p2a: Iron Moth|Quark Drive|[silent]
|
|upkeep
|
|t:|1779894126
|switch|p2a: Hatterene|Hatterene, F|100/100
|-damage|p2a: Hatterene|88/100|[from] Stealth Rock
|turn|26
|-message|Juave forfeited.
|
|win|zermoon
|raw|zermoon's rating: 1244 &rarr; <strong>1267</strong><br />(+23 for winning)
|raw|Juave's rating: 1218 &rarr; <strong>1195</strong><br />(-23 for losing)
|l|☆Juave
|player|p2|
|l|☆zermoon
|player|p1|
