|j|☆h f ddgbbv
|j|☆claudechamp
|t:|1779867375
|gametype|singles
|player|p1|h f ddgbbv|170|1132
|player|p2|claudechamp|169|1194
|gen|9
|tier|[Gen 9] OU
|rated|
|rule|HP Percentage Mod: HP is shown in percentages
|rule|Endless Battle Clause: Forcing endless battles is banned
|rule|Species Clause: Limit one of each Pokémon
|rule|OHKO Clause: OHKO moves are banned
|rule|Evasion Items Clause: Evasion items are banned
|rule|Evasion Moves Clause: Evasion moves are banned
|rule|Evasion Abilities Clause: Evasion abilities are banned
|rule|Sleep Moves Clause: Sleep-inducing moves are banned
|clearpoke
|poke|p1|Hatterene, F|
|poke|p1|Volcanion|
|poke|p1|Zamazenta-*|
|poke|p1|Ceruledge, M|
|poke|p1|Glastrier|
|poke|p1|Ursaluna, M|
|poke|p2|Corviknight, M|
|poke|p2|Ting-Lu|
|poke|p2|Kyurem|
|poke|p2|Dondozo, M|
|poke|p2|Slowking-Galar, F|
|poke|p2|Cinderace, M|
|teampreview
|c|☆claudechamp|hf
|inactive|Battle timer is ON: inactive players will automatically lose when time's up. (requested by claudechamp)
|
|t:|1779867395
|teamsize|p1|6
|teamsize|p2|6
|start
|switch|p1a: Zamazenta|Zamazenta|100/100
|switch|p2a: Cinderace|Cinderace, M|100/100
|-ability|p1a: Zamazenta|Dauntless Shield|boost
|-boost|p1a: Zamazenta|def|1
|turn|1
|
|t:|1779867410
|switch|p1a: Volcanion|Volcanion|100/100
|switch|p2a: Kyurem|Kyurem|100/100
|-ability|p2a: Kyurem|Pressure
|
|upkeep
|turn|2
|
|t:|1779867424
|switch|p1a: Hatterene|Hatterene, F|100/100
|move|p2a: Kyurem|Freeze-Dry|p1a: Hatterene
|-damage|p1a: Hatterene|75/100
|
|upkeep
|turn|3
|
|t:|1779867435
|move|p2a: Kyurem|Earth Power|p1a: Hatterene
|-damage|p1a: Hatterene|51/100
|move|p1a: Hatterene|Shadow Ball|p2a: Kyurem
|-damage|p2a: Kyurem|70/100
|
|-heal|p2a: Kyurem|76/100|[from] item: Leftovers
|upkeep
|turn|4
|
|t:|1779867444
|move|p2a: Kyurem|Freeze-Dry|p1a: Hatterene
|-damage|p1a: Hatterene|24/100
|move|p1a: Hatterene|Draining Kiss|p2a: Kyurem
|-supereffective|p2a: Kyurem
|-damage|p2a: Kyurem|22/100
|-heal|p1a: Hatterene|89/100|[from] drain|[of] p2a: Kyurem
|
|-heal|p2a: Kyurem|28/100|[from] item: Leftovers
|upkeep
|turn|5
|
|t:|1779867454
|move|p2a: Kyurem|Protect|p2a: Kyurem
|-singleturn|p2a: Kyurem|Protect
|move|p1a: Hatterene|Shadow Ball|p2a: Kyurem
|-activate|p2a: Kyurem|move: Protect
|
|-heal|p2a: Kyurem|34/100|[from] item: Leftovers
|upkeep
|turn|6
|
|t:|1779867462
|switch|p2a: Corviknight|Corviknight, M|100/100
|-ability|p2a: Corviknight|Pressure
|move|p1a: Hatterene|Draining Kiss|p2a: Corviknight
|-resisted|p2a: Corviknight
|-damage|p2a: Corviknight|87/100
|-heal|p1a: Hatterene|100/100|[from] drain|[of] p2a: Corviknight
|-damage|p1a: Hatterene|84/100|[from] item: Rocky Helmet|[of] p2a: Corviknight
|
|upkeep
|turn|7
|
|t:|1779867475
|move|p2a: Corviknight|Brave Bird|p1a: Hatterene
|-damage|p1a: Hatterene|40/100
|-damage|p2a: Corviknight|78/100|[from] Recoil
|move|p1a: Hatterene|Mystical Fire|p2a: Corviknight
|-supereffective|p2a: Corviknight
|-damage|p2a: Corviknight|17/100
|-unboost|p2a: Corviknight|spa|1
|
|upkeep
|turn|8
|inactive|h f ddgbbv has 120 seconds left.
|
|t:|1779867513
|switch|p1a: Ceruledge|Ceruledge, M|100/100
|move|p2a: Corviknight|Roost|p2a: Corviknight
|-heal|p2a: Corviknight|67/100
|-singleturn|p2a: Corviknight|move: Roost
|
|upkeep
|turn|9
|inactive|h f ddgbbv has 120 seconds left.
|
|t:|1779867521
|move|p1a: Ceruledge|Bitter Blade|p2a: Corviknight
|-supereffective|p2a: Corviknight
|-damage|p2a: Corviknight|3/100
|-damage|p1a: Ceruledge|84/100|[from] item: Rocky Helmet|[of] p2a: Corviknight
|move|p2a: Corviknight|Roost|p2a: Corviknight
|-heal|p2a: Corviknight|53/100
|-singleturn|p2a: Corviknight|move: Roost
|
|upkeep
|turn|10
|
|t:|1779867531
|switch|p2a: Ting-Lu|Ting-Lu|100/100
|-ability|p2a: Ting-Lu|Vessel of Ruin
|move|p1a: Ceruledge|Bitter Blade|p2a: Ting-Lu
|-damage|p2a: Ting-Lu|71/100
|-heal|p1a: Ceruledge|100/100|[from] drain|[of] p2a: Ting-Lu
|
|-heal|p2a: Ting-Lu|78/100|[from] item: Leftovers
|upkeep
|turn|11
|inactive|h f ddgbbv has 120 seconds left.
|
|t:|1779867548
|switch|p1a: Zamazenta|Zamazenta|100/100
|move|p2a: Ting-Lu|Earthquake|p1a: Zamazenta
|-damage|p1a: Zamazenta|66/100
|
|-heal|p2a: Ting-Lu|84/100|[from] item: Leftovers
|upkeep
|turn|12
|inactive|h f ddgbbv has 120 seconds left.
|
|t:|1779867578
|switch|p1a: Volcanion|Volcanion|100/100
|-terastallize|p2a: Ting-Lu|Water
|move|p2a: Ting-Lu|Earthquake|p1a: Volcanion
|-supereffective|p1a: Volcanion
|-enditem|p1a: Volcanion|Shuca Berry|[eat]
|-enditem|p1a: Volcanion|Shuca Berry|[weaken]
|-damage|p1a: Volcanion|69/100
|
|-heal|p2a: Ting-Lu|90/100|[from] item: Leftovers
|upkeep
|turn|13
|inactive|h f ddgbbv has 90 seconds left.
|
|t:|1779867604
|switch|p1a: Zamazenta|Zamazenta|66/100
|move|p2a: Ting-Lu|Earthquake|p1a: Zamazenta
|-damage|p1a: Zamazenta|32/100
|
|-heal|p2a: Ting-Lu|96/100|[from] item: Leftovers
|upkeep
|turn|14
|inactive|h f ddgbbv has 90 seconds left.
|
|t:|1779867612
|move|p1a: Zamazenta|Wild Charge|p2a: Ting-Lu
|-supereffective|p2a: Ting-Lu
|-damage|p2a: Ting-Lu|58/100
|-damage|p1a: Zamazenta|17/100|[from] Recoil
|move|p2a: Ting-Lu|Earthquake|p1a: Zamazenta
|-damage|p1a: Zamazenta|0 fnt
|faint|p1a: Zamazenta
|
|-heal|p2a: Ting-Lu|64/100|[from] item: Leftovers
|upkeep
|inactive|h f ddgbbv has 90 seconds left.
|
|t:|1779867627
|switch|p1a: Hatterene|Hatterene, F|40/100
|turn|15
|
|t:|1779867632
|move|p2a: Ting-Lu|Earthquake|p1a: Hatterene
|-damage|p1a: Hatterene|0 fnt
|faint|p1a: Hatterene
|
|-heal|p2a: Ting-Lu|71/100|[from] item: Leftovers
|upkeep
|inactive|h f ddgbbv has 90 seconds left.
|
|t:|1779867649
|switch|p1a: Glastrier|Glastrier|100/100
|turn|16
|inactive|h f ddgbbv has 90 seconds left.
|
|t:|1779867658
|move|p2a: Ting-Lu|Earthquake|p1a: Glastrier
|-damage|p1a: Glastrier|77/100
|move|p1a: Glastrier|High Horsepower|p2a: Ting-Lu
|-damage|p2a: Ting-Lu|39/100
|
|-heal|p2a: Ting-Lu|45/100|[from] item: Leftovers
|upkeep
|turn|17
|
|t:|1779867666
|move|p2a: Ting-Lu|Earthquake|p1a: Glastrier
|-damage|p1a: Glastrier|50/100
|move|p1a: Glastrier|High Horsepower|p2a: Ting-Lu
|-damage|p2a: Ting-Lu|14/100
|
|-heal|p2a: Ting-Lu|20/100|[from] item: Leftovers
|upkeep
|turn|18
|inactive|h f ddgbbv has 90 seconds left.
|
|t:|1779867689
|move|p2a: Ting-Lu|Rest|p2a: Ting-Lu
|-status|p2a: Ting-Lu|slp|[from] move: Rest
|-heal|p2a: Ting-Lu|100/100 slp|[silent]
|move|p1a: Glastrier|High Horsepower|p2a: Ting-Lu
|-damage|p2a: Ting-Lu|71/100 slp
|
|-heal|p2a: Ting-Lu|77/100 slp|[from] item: Leftovers
|upkeep
|turn|19
|inactive|h f ddgbbv has 90 seconds left.
|
|t:|1779867698
|cant|p2a: Ting-Lu|slp
|move|p2a: Ting-Lu|Sleep Talk|p2a: Ting-Lu
|move|p2a: Ting-Lu|Rest||[from] move: Sleep Talk|[still]
|-fail|p2a: Ting-Lu
|move|p1a: Glastrier|High Horsepower|p2a: Ting-Lu|[miss]
|-miss|p1a: Glastrier|p2a: Ting-Lu
|
|-heal|p2a: Ting-Lu|83/100 slp|[from] item: Leftovers
|upkeep
|turn|20
|inactive|h f ddgbbv has 90 seconds left.
|
|t:|1779867709
|cant|p2a: Ting-Lu|slp
|move|p2a: Ting-Lu|Sleep Talk|p2a: Ting-Lu
|move|p2a: Ting-Lu|Rest||[from] move: Sleep Talk|[still]
|-fail|p2a: Ting-Lu
|move|p1a: Glastrier|High Horsepower|p2a: Ting-Lu
|-damage|p2a: Ting-Lu|51/100 slp
|
|-heal|p2a: Ting-Lu|57/100 slp|[from] item: Leftovers
|upkeep
|turn|21
|inactive|h f ddgbbv has 90 seconds left.
|
|t:|1779867724
|switch|p1a: Ursaluna|Ursaluna, M|100/100
|-curestatus|p2a: Ting-Lu|slp|[msg]
|move|p2a: Ting-Lu|Earthquake|p1a: Ursaluna
|-damage|p1a: Ursaluna|68/100
|
|-heal|p2a: Ting-Lu|64/100|[from] item: Leftovers
|-status|p1a: Ursaluna|brn|[from] item: Flame Orb
|upkeep
|turn|22
|inactive|h f ddgbbv has 90 seconds left.
|
|t:|1779867735
|move|p1a: Ursaluna|Thunder Punch|p2a: Ting-Lu
|-supereffective|p2a: Ting-Lu
|-damage|p2a: Ting-Lu|12/100
|move|p2a: Ting-Lu|Earthquake|p1a: Ursaluna
|-damage|p1a: Ursaluna|38/100 brn
|
|-heal|p2a: Ting-Lu|18/100|[from] item: Leftovers
|-damage|p1a: Ursaluna|31/100 brn|[from] brn
|upkeep
|turn|23
|inactive|h f ddgbbv has 90 seconds left.
|-message|h f ddgbbv forfeited.
|
|win|claudechamp
|raw|h f ddgbbv's rating: 1132 &rarr; <strong>1114</strong><br />(-18 for losing)
|raw|claudechamp's rating: 1238 &rarr; <strong>1256</strong><br />(+18 for winning)
|l|☆h f ddgbbv
|player|p1|
|c|☆claudechamp|gg
