|j|☆claudechamp
|j|☆Sableyemygoat
|t:|1779830876
|gametype|singles
|player|p1|claudechamp|265|1124
|player|p2|Sableyemygoat|aromalady|1158
|gen|9
|tier|[Gen 9] OU
|rated|
|rule|HP Percentage Mod: HP is shown in percentages
|rule|Endless Battle Clause: Forcing endless battles is banned
|rule|Species Clause: Limit one of each Pokémon
|rule|OHKO Clause: OHKO moves are banned
|rule|Evasion Items Clause: Evasion items are banned
|rule|Evasion Moves Clause: Evasion moves are banned
|rule|Evasion Abilities Clause: Evasion abilities are banned
|rule|Sleep Moves Clause: Sleep-inducing moves are banned
|clearpoke
|poke|p1|Gliscor, M|
|poke|p1|Ogerpon, F|
|poke|p1|Walking Wake|
|poke|p1|Blissey, F|
|poke|p1|Corviknight, F|
|poke|p1|Pecharunt|
|poke|p2|Sableye, M|
|poke|p2|Deoxys-Defense|
|poke|p2|Zamazenta-*|
|poke|p2|Regigigas|
|poke|p2|Maushold-Four|
|poke|p2|Iron Valiant|
|teampreview
|c|☆claudechamp|hf
|inactive|Battle timer is ON: inactive players will automatically lose when time's up. (requested by claudechamp)
|
|t:|1779830882
|teamsize|p1|6
|teamsize|p2|6
|start
|switch|p1a: Gliscor|Gliscor, M|100/100
|switch|p2a: Thegang|Maushold-Four|100/100
|turn|1
|
|t:|1779830889
|move|p2a: Thegang|Tidy Up|p2a: Thegang
|-boost|p2a: Thegang|atk|1
|-boost|p2a: Thegang|spe|1
|move|p1a: Gliscor|Spikes|p2a: Thegang
|-sidestart|p2: Sableyemygoat|Spikes
|
|-status|p1a: Gliscor|tox|[from] item: Toxic Orb
|upkeep
|turn|2
|
|t:|1779830902
|move|p2a: Thegang|Tidy Up|p2a: Thegang
|-sideend|p2: Sableyemygoat|Spikes
|-activate|p2a: Thegang|move: Tidy Up
|-boost|p2a: Thegang|atk|1
|-boost|p2a: Thegang|spe|1
|move|p1a: Gliscor|Earthquake|p2a: Thegang
|-damage|p2a: Thegang|38/100
|
|upkeep
|turn|3
|
|t:|1779830910
|move|p2a: Thegang|Population Bomb|p1a: Gliscor
|-damage|p1a: Gliscor|84/100 tox
|-damage|p1a: Gliscor|67/100 tox
|-damage|p1a: Gliscor|50/100 tox
|-damage|p1a: Gliscor|34/100 tox
|-damage|p1a: Gliscor|17/100 tox
|-damage|p1a: Gliscor|0 fnt
|faint|p1a: Gliscor
|-hitcount|p1: Gliscor|6
|
|upkeep
|
|t:|1779830911
|switch|p1a: Pecharunt|Pecharunt|100/100
|turn|4
|
|t:|1779830923
|move|p2a: Thegang|Beat Up|p1a: Pecharunt
|-supereffective|p1a: Pecharunt
|-damage|p1a: Pecharunt|92/100
|-supereffective|p1a: Pecharunt
|-damage|p1a: Pecharunt|84/100
|-supereffective|p1a: Pecharunt
|-damage|p1a: Pecharunt|71/100
|-supereffective|p1a: Pecharunt
|-damage|p1a: Pecharunt|56/100
|-supereffective|p1a: Pecharunt
|-damage|p1a: Pecharunt|48/100
|-supereffective|p1a: Pecharunt
|-damage|p1a: Pecharunt|36/100
|-hitcount|p1a: Pecharunt|6
|move|p1a: Pecharunt|Malignant Chain|p2a: Thegang
|-damage|p2a: Thegang|0 fnt
|faint|p2a: Thegang
|
|upkeep
|
|t:|1779830941
|switch|p2a: Bulky|Iron Valiant|100/100
|-enditem|p2a: Bulky|Booster Energy
|-activate|p2a: Bulky|ability: Quark Drive|[fromitem]
|-start|p2a: Bulky|quarkdrivespe
|turn|5
|
|t:|1779830946
|move|p2a: Bulky|Knock Off|p1a: Pecharunt
|-supereffective|p1a: Pecharunt
|-damage|p1a: Pecharunt|2/100
|-enditem|p1a: Pecharunt|Heavy-Duty Boots|[from] move: Knock Off|[of] p2a: Bulky
|move|p1a: Pecharunt|Malignant Chain|p2a: Bulky
|-supereffective|p2a: Bulky
|-damage|p2a: Bulky|0 fnt
|faint|p2a: Bulky
|-end|p2a: Bulky|Quark Drive|[silent]
|
|upkeep
|
|t:|1779830955
|switch|p2a: I wouldn’t mind|Zamazenta|100/100
|-ability|p2a: I wouldn’t mind|Dauntless Shield|boost
|-boost|p2a: I wouldn’t mind|def|1
|turn|6
|
|t:|1779830961
|move|p2a: I wouldn’t mind|Crunch|p1a: Pecharunt
|-supereffective|p1a: Pecharunt
|-damage|p1a: Pecharunt|0 fnt
|faint|p1a: Pecharunt
|
|upkeep
|
|t:|1779830963
|switch|p1a: Blissey|Blissey, F|100/100
|turn|7
|
|t:|1779830968
|move|p2a: I wouldn’t mind|Body Press|p1a: Blissey
|-supereffective|p1a: Blissey
|-damage|p1a: Blissey|0 fnt
|faint|p1a: Blissey
|
|upkeep
|
|t:|1779830970
|switch|p1a: Corviknight|Corviknight, F|100/100
|-ability|p1a: Corviknight|Pressure
|turn|8
|
|t:|1779830990
|move|p2a: I wouldn’t mind|Body Press|p1a: Corviknight
|-damage|p1a: Corviknight|61/100
|move|p1a: Corviknight|Body Press|p2a: I wouldn’t mind
|-damage|p2a: I wouldn’t mind|86/100
|
|upkeep
|turn|9
|
|t:|1779830999
|move|p2a: I wouldn’t mind|Body Press|p1a: Corviknight
|-damage|p1a: Corviknight|27/100
|move|p1a: Corviknight|Roost|p1a: Corviknight
|-heal|p1a: Corviknight|77/100
|-singleturn|p1a: Corviknight|move: Roost
|
|upkeep
|turn|10
|
|t:|1779831007
|move|p2a: I wouldn’t mind|Body Press|p1a: Corviknight
|-damage|p1a: Corviknight|40/100
|move|p1a: Corviknight|Roost|p1a: Corviknight
|-heal|p1a: Corviknight|90/100
|-singleturn|p1a: Corviknight|move: Roost
|
|upkeep
|turn|11
|
|t:|1779831014
|move|p2a: I wouldn’t mind|Body Press|p1a: Corviknight
|-crit|p1a: Corviknight
|-damage|p1a: Corviknight|32/100
|move|p1a: Corviknight|Body Press|p2a: I wouldn’t mind
|-damage|p2a: I wouldn’t mind|73/100
|
|upkeep
|turn|12
|
|t:|1779831022
|-terastallize|p1a: Corviknight|Ghost
|move|p2a: I wouldn’t mind|Body Press|p1a: Corviknight
|-immune|p1a: Corviknight
|move|p1a: Corviknight|Roost|p1a: Corviknight
|-heal|p1a: Corviknight|82/100
|
|upkeep
|turn|13
|
|t:|1779831030
|move|p2a: I wouldn’t mind|Crunch|p1a: Corviknight
|-supereffective|p1a: Corviknight
|-damage|p1a: Corviknight|53/100
|-unboost|p1a: Corviknight|def|1
|move|p1a: Corviknight|Body Press|p2a: I wouldn’t mind
|-damage|p2a: I wouldn’t mind|63/100
|
|upkeep
|turn|14
|
|t:|1779831038
|move|p2a: I wouldn’t mind|Crunch|p1a: Corviknight
|-supereffective|p1a: Corviknight
|-damage|p1a: Corviknight|11/100
|move|p1a: Corviknight|Roost|p1a: Corviknight
|-heal|p1a: Corviknight|61/100
|
|upkeep
|turn|15
|
|t:|1779831045
|move|p2a: I wouldn’t mind|Crunch|p1a: Corviknight
|-supereffective|p1a: Corviknight
|-damage|p1a: Corviknight|23/100
|move|p1a: Corviknight|Roost|p1a: Corviknight
|-heal|p1a: Corviknight|73/100
|
|upkeep
|turn|16
|
|t:|1779831051
|switch|p1a: Walking Wake|Walking Wake|100/100
|move|p2a: I wouldn’t mind|Crunch|p1a: Walking Wake
|-damage|p1a: Walking Wake|77/100
|
|upkeep
|turn|17
|
|t:|1779831059
|-end|p1a: Walking Wake|Protosynthesis|[silent]
|switch|p1a: Corviknight|Corviknight, F, tera:Ghost|73/100
|-ability|p1a: Corviknight|Pressure
|move|p2a: I wouldn’t mind|Play Rough|p1a: Corviknight
|-damage|p1a: Corviknight|57/100
|
|upkeep
|turn|18
|
|t:|1779831067
|move|p2a: I wouldn’t mind|Crunch|p1a: Corviknight
|-supereffective|p1a: Corviknight
|-damage|p1a: Corviknight|31/100
|-unboost|p1a: Corviknight|def|1
|move|p1a: Corviknight|Roost|p1a: Corviknight
|-heal|p1a: Corviknight|81/100
|
|upkeep
|turn|19
|
|t:|1779831076
|switch|p1a: Walking Wake|Walking Wake|77/100
|move|p2a: I wouldn’t mind|Crunch|p1a: Walking Wake
|-damage|p1a: Walking Wake|56/100
|
|upkeep
|turn|20
|
|t:|1779831083
|-end|p1a: Walking Wake|Protosynthesis|[silent]
|switch|p1a: Corviknight|Corviknight, F, tera:Ghost|81/100
|-ability|p1a: Corviknight|Pressure
|move|p2a: I wouldn’t mind|Crunch|p1a: Corviknight
|-supereffective|p1a: Corviknight
|-damage|p1a: Corviknight|54/100
|
|upkeep
|turn|21
|
|t:|1779831091
|move|p2a: I wouldn’t mind|Crunch|p1a: Corviknight
|-supereffective|p1a: Corviknight
|-damage|p1a: Corviknight|26/100
|move|p1a: Corviknight|Roost|p1a: Corviknight
|-heal|p1a: Corviknight|76/100
|
|upkeep
|turn|22
|
|t:|1779831098
|move|p2a: I wouldn’t mind|Crunch|p1a: Corviknight
|-supereffective|p1a: Corviknight
|-damage|p1a: Corviknight|47/100
|move|p1a: Corviknight|Body Press|p2a: I wouldn’t mind
|-damage|p2a: I wouldn’t mind|50/100
|
|upkeep
|turn|23
|
|t:|1779831114
|move|p2a: I wouldn’t mind|Crunch|p1a: Corviknight
|-supereffective|p1a: Corviknight
|-damage|p1a: Corviknight|18/100
|move|p1a: Corviknight|Roost|p1a: Corviknight
|-heal|p1a: Corviknight|68/100
|
|upkeep
|turn|24
|
|t:|1779831121
|move|p2a: I wouldn’t mind|Crunch|p1a: Corviknight
|-supereffective|p1a: Corviknight
|-crit|p1a: Corviknight
|-damage|p1a: Corviknight|25/100
|move|p1a: Corviknight|Body Press|p2a: I wouldn’t mind
|-damage|p2a: I wouldn’t mind|36/100
|
|upkeep
|turn|25
|
|t:|1779831129
|switch|p1a: Walking Wake|Walking Wake|56/100
|move|p2a: I wouldn’t mind|Crunch|p1a: Walking Wake
|-crit|p1a: Walking Wake
|-damage|p1a: Walking Wake|20/100
|
|upkeep
|turn|26
|
|t:|1779831135
|-end|p1a: Walking Wake|Protosynthesis|[silent]
|switch|p1a: Ogerpon|Ogerpon, F|100/100
|move|p2a: I wouldn’t mind|Crunch|p1a: Ogerpon
|-damage|p1a: Ogerpon|73/100
|
|upkeep
|turn|27
|
|t:|1779831146
|switch|p1a: Corviknight|Corviknight, F, tera:Ghost|25/100
|-ability|p1a: Corviknight|Pressure
|move|p2a: I wouldn’t mind|Body Press|p1a: Corviknight
|-immune|p1a: Corviknight
|
|upkeep
|turn|28
|
|t:|1779831154
|switch|p1a: Ogerpon|Ogerpon, F|73/100
|move|p2a: I wouldn’t mind|Crunch|p1a: Ogerpon
|-damage|p1a: Ogerpon|45/100
|
|upkeep
|turn|29
|
|t:|1779831162
|switch|p1a: Corviknight|Corviknight, F, tera:Ghost|25/100
|-ability|p1a: Corviknight|Pressure
|move|p2a: I wouldn’t mind|Heavy Slam|p1a: Corviknight
|-damage|p1a: Corviknight|14/100
|
|upkeep
|turn|30
|
|t:|1779831170
|switch|p1a: Ogerpon|Ogerpon, F|45/100
|move|p2a: I wouldn’t mind|Heavy Slam|p1a: Ogerpon
|-damage|p1a: Ogerpon|0 fnt
|faint|p1a: Ogerpon
|
|upkeep
|
|t:|1779831175
|switch|p1a: Walking Wake|Walking Wake|20/100
|turn|31
|
|t:|1779831182
|move|p2a: I wouldn’t mind|Heavy Slam|p1a: Walking Wake
|-resisted|p1a: Walking Wake
|-damage|p1a: Walking Wake|14/100
|move|p1a: Walking Wake|Surf|p2a: I wouldn’t mind
|-damage|p2a: I wouldn’t mind|9/100
|
|upkeep
|turn|32
|
|t:|1779831189
|move|p2a: I wouldn’t mind|Play Rough|p1a: Walking Wake
|-supereffective|p1a: Walking Wake
|-damage|p1a: Walking Wake|0 fnt
|faint|p1a: Walking Wake
|-end|p1a: Walking Wake|Protosynthesis|[silent]
|
|upkeep
|
|t:|1779831194
|switch|p1a: Corviknight|Corviknight, F, tera:Ghost|14/100
|-ability|p1a: Corviknight|Pressure
|turn|33
|
|t:|1779831199
|move|p2a: I wouldn’t mind|Heavy Slam|p1a: Corviknight
|-damage|p1a: Corviknight|3/100
|move|p1a: Corviknight|Body Press|p2a: I wouldn’t mind
|-damage|p2a: I wouldn’t mind|0 fnt
|faint|p2a: I wouldn’t mind
|
|upkeep
|
|t:|1779831209
|switch|p2a: Attackform|Deoxys-Defense|100/100
|-ability|p2a: Attackform|Pressure
|turn|34
|
|t:|1779831215
|move|p2a: Attackform|Cosmic Power|p2a: Attackform
|-boost|p2a: Attackform|def|1
|-boost|p2a: Attackform|spd|1
|move|p1a: Corviknight|Body Press|p2a: Attackform
|-resisted|p2a: Attackform
|-damage|p2a: Attackform|95/100
|
|upkeep
|turn|35
|
|t:|1779831223
|move|p2a: Attackform|Stored Power|p1a: Corviknight
|-damage|p1a: Corviknight|0 fnt
|faint|p1a: Corviknight
|
|win|Sableyemygoat
|raw|claudechamp's rating: 1149 &rarr; <strong>1125</strong><br />(-24 for losing)
|raw|Sableyemygoat's rating: 1158 &rarr; <strong>1182</strong><br />(+24 for winning)
|c|☆claudechamp|gg
|l|☆Sableyemygoat
|player|p2|
