|j|☆ChicomeOllin
|j|☆beegslurper
|t:|1779935485
|gametype|singles
|player|p1|ChicomeOllin|harlequin|1081
|player|p2|beegslurper|marley|1030
|gen|9
|tier|[Gen 9] OU
|rated|
|rule|HP Percentage Mod: HP is shown in percentages
|rule|Endless Battle Clause: Forcing endless battles is banned
|rule|Species Clause: Limit one of each Pokémon
|rule|OHKO Clause: OHKO moves are banned
|rule|Evasion Items Clause: Evasion items are banned
|rule|Evasion Moves Clause: Evasion moves are banned
|rule|Evasion Abilities Clause: Evasion abilities are banned
|rule|Sleep Moves Clause: Sleep-inducing moves are banned
|clearpoke
|poke|p1|Sylveon, M|
|poke|p1|Falinks|
|poke|p1|Ceruledge, M|
|poke|p1|Dedenne, M|
|poke|p1|Quaquaval, F|
|poke|p1|Ursaluna, F|
|poke|p2|Electivire, M|
|poke|p2|Zoroark, M|
|poke|p2|Infernape, F|
|poke|p2|Haxorus, F|
|poke|p2|Corviknight, M|
|poke|p2|Scizor, F|
|teampreview
|inactive|Battle timer is ON: inactive players will automatically lose when time's up. (requested by ChicomeOllin)
|
|t:|1779935519
|teamsize|p1|6
|teamsize|p2|6
|start
|switch|p1a: Huitzilopochtli|Ceruledge, M|100/100
|switch|p2a: Infernape|Infernape, F|100/100
|turn|1
|
|t:|1779935535
|move|p2a: Infernape|U-turn|p1a: Huitzilopochtli
|-resisted|p1a: Huitzilopochtli
|-damage|p1a: Huitzilopochtli|92/100
|-ability|p1a: Huitzilopochtli|Weak Armor|boost
|-unboost|p1a: Huitzilopochtli|def|1
|-boost|p1a: Huitzilopochtli|spe|2
|-damage|p2a: Infernape|91/100|[from] item: Life Orb
|
|t:|1779935544
|switch|p2a: Electivire|Electivire, M|100/100|[from] U-turn
|move|p1a: Huitzilopochtli|Swords Dance|p1a: Huitzilopochtli
|-boost|p1a: Huitzilopochtli|atk|2
|
|upkeep
|turn|2
|
|t:|1779935564
|move|p1a: Huitzilopochtli|Bitter Blade|p2a: Electivire
|-crit|p2a: Electivire
|-damage|p2a: Electivire|0 fnt
|-heal|p1a: Huitzilopochtli|100/100|[from] drain|[of] p2a: Electivire
|faint|p2a: Electivire
|
|upkeep
|
|t:|1779935578
|switch|p2a: Corviknight|Corviknight, M|100/100
|turn|3
|
|t:|1779935584
|-terastallize|p2a: Corviknight|Ghost
|move|p1a: Huitzilopochtli|Bitter Blade|p2a: Corviknight
|-enditem|p2a: Corviknight|Focus Sash
|-damage|p2a: Corviknight|1/100
|replace|p2a: Zoroark|Zoroark, M
|-end|p2a: Zoroark|Illusion
|move|p2a: Zoroark|Calm Mind|p2a: Zoroark
|-boost|p2a: Zoroark|spa|1
|-boost|p2a: Zoroark|spd|1
|
|upkeep
|turn|4
|
|t:|1779935596
|move|p1a: Huitzilopochtli|Shadow Sneak|p2a: Zoroark
|-supereffective|p2a: Zoroark
|-damage|p2a: Zoroark|0 fnt
|faint|p2a: Zoroark
|
|upkeep
|
|t:|1779935602
|switch|p2a: Haxorus|Haxorus, F|100/100
|-ability|p2a: Haxorus|Mold Breaker
|turn|5
|
|t:|1779935622
|move|p2a: Haxorus|First Impression|p1a: Huitzilopochtli
|-resisted|p1a: Huitzilopochtli
|-damage|p1a: Huitzilopochtli|81/100
|-ability|p1a: Huitzilopochtli|Weak Armor|boost
|-unboost|p1a: Huitzilopochtli|def|1
|-boost|p1a: Huitzilopochtli|spe|2
|move|p1a: Huitzilopochtli|Close Combat|p2a: Haxorus
|-damage|p2a: Haxorus|0 fnt
|-unboost|p1a: Huitzilopochtli|def|1
|-unboost|p1a: Huitzilopochtli|spd|1
|faint|p2a: Haxorus
|
|upkeep
|
|t:|1779935640
|switch|p2a: Infernape|Infernape, F|91/100
|turn|6
|
|t:|1779935649
|move|p1a: Huitzilopochtli|Close Combat|p2a: Infernape
|-damage|p2a: Infernape|0 fnt
|-unboost|p1a: Huitzilopochtli|def|1
|-unboost|p1a: Huitzilopochtli|spd|1
|faint|p2a: Infernape
|
|upkeep
|
|t:|1779935667
|switch|p2a: Scizor|Scizor, F, shiny|100/100
|turn|7
|
|t:|1779935671
|move|p1a: Huitzilopochtli|Bitter Blade|p2a: Scizor
|-supereffective|p2a: Scizor
|-enditem|p2a: Scizor|Occa Berry|[eat]
|-enditem|p2a: Scizor|Occa Berry|[weaken]
|-damage|p2a: Scizor|0 fnt
|-heal|p1a: Huitzilopochtli|100/100|[from] drain|[of] p2a: Scizor
|faint|p2a: Scizor
|
|upkeep
|
|t:|1779935679
|switch|p2a: Corviknight|Corviknight, M|100/100
|turn|8
|
|t:|1779935690
|move|p1a: Huitzilopochtli|Bitter Blade|p2a: Corviknight
|-supereffective|p2a: Corviknight
|-damage|p2a: Corviknight|0 fnt
|faint|p2a: Corviknight
|
|win|ChicomeOllin
|raw|ChicomeOllin's rating: 1081 &rarr; <strong>1105</strong><br />(+24 for winning)
|raw|beegslurper's rating: 1030 &rarr; <strong>1018</strong><br />(-12 for losing)
|l|☆beegslurper
|player|p2|
