|j|☆claudechamp
|j|☆sp1tf1r3
|t:|1779882368
|gametype|singles
|player|p1|claudechamp|169|1290
|player|p2|sp1tf1r3|266|1291
|gen|9
|tier|[Gen 9] OU
|rated|
|rule|HP Percentage Mod: HP is shown in percentages
|rule|Endless Battle Clause: Forcing endless battles is banned
|rule|Species Clause: Limit one of each Pokémon
|rule|OHKO Clause: OHKO moves are banned
|rule|Evasion Items Clause: Evasion items are banned
|rule|Evasion Moves Clause: Evasion moves are banned
|rule|Evasion Abilities Clause: Evasion abilities are banned
|rule|Sleep Moves Clause: Sleep-inducing moves are banned
|clearpoke
|poke|p1|Gliscor, M|
|poke|p1|Ogerpon, F|
|poke|p1|Walking Wake|
|poke|p1|Blissey, F|
|poke|p1|Corviknight, M|
|poke|p1|Pecharunt|
|poke|p2|Rillaboom, F|
|poke|p2|Iron Valiant|
|poke|p2|Garganacl, M|
|poke|p2|Mandibuzz, F|
|poke|p2|Hawlucha, M|
|poke|p2|Deoxys-Speed|
|teampreview
|inactive|Battle timer is ON: inactive players will automatically lose when time's up. (requested by sp1tf1r3)
|c|☆claudechamp|hf
|c|☆sp1tf1r3|u2
|inactive|claudechamp also wants the timer to be on.
|
|t:|1779882386
|teamsize|p1|6
|teamsize|p2|6
|start
|switch|p1a: Gliscor|Gliscor, M|100/100
|switch|p2a: Garganacl|Garganacl, M|100/100
|turn|1
|
|t:|1779882404
|move|p1a: Gliscor|Spikes|p2a: Garganacl
|-sidestart|p2: sp1tf1r3|Spikes
|move|p2a: Garganacl|Salt Cure|p1a: Gliscor
|-damage|p1a: Gliscor|89/100
|-start|p1a: Gliscor|Salt Cure
|
|-damage|p1a: Gliscor|77/100|[from] Salt Cure
|-status|p1a: Gliscor|tox|[from] item: Toxic Orb
|upkeep
|turn|2
|
|t:|1779882414
|switch|p2a: Mandibuzz|Mandibuzz, F|100/100
|move|p1a: Gliscor|Spikes|p2a: Mandibuzz
|-sidestart|p2: sp1tf1r3|Spikes
|
|-heal|p1a: Gliscor|89/100 tox|[from] ability: Poison Heal
|-damage|p1a: Gliscor|77/100 tox|[from] Salt Cure
|upkeep
|turn|3
|
|t:|1779882423
|move|p1a: Gliscor|Toxic|p2a: Mandibuzz|[miss]
|-miss|p1a: Gliscor|p2a: Mandibuzz
|move|p2a: Mandibuzz|Defog|p1a: Gliscor
|-unboost|p1a: Gliscor|evasion|1
|-sideend|p2: sp1tf1r3|Spikes|[from] move: Defog|[of] p2a: Mandibuzz
|
|-heal|p1a: Gliscor|89/100 tox|[from] ability: Poison Heal
|-damage|p1a: Gliscor|77/100 tox|[from] Salt Cure
|upkeep
|turn|4
|
|t:|1779882441
|switch|p2a: Garganacl|Garganacl, M|100/100
|move|p1a: Gliscor|Toxic|p2a: Garganacl
|-immune|p2a: Garganacl|[from] ability: Purifying Salt
|
|-heal|p1a: Gliscor|89/100 tox|[from] ability: Poison Heal
|-damage|p1a: Gliscor|77/100 tox|[from] Salt Cure
|upkeep
|turn|5
|
|t:|1779882452
|move|p1a: Gliscor|Spikes|p2a: Garganacl
|-sidestart|p2: sp1tf1r3|Spikes
|move|p2a: Garganacl|Salt Cure|p1a: Gliscor
|-damage|p1a: Gliscor|67/100 tox
|
|-heal|p1a: Gliscor|79/100 tox|[from] ability: Poison Heal
|-damage|p1a: Gliscor|67/100 tox|[from] Salt Cure
|upkeep
|turn|6
|
|t:|1779882469
|move|p1a: Gliscor|Earthquake|p2a: Garganacl
|-supereffective|p2a: Garganacl
|-damage|p2a: Garganacl|57/100
|move|p2a: Garganacl|Stealth Rock|p1a: Gliscor
|-sidestart|p1: claudechamp|move: Stealth Rock
|
|-heal|p2a: Garganacl|63/100|[from] item: Leftovers
|-heal|p1a: Gliscor|79/100 tox|[from] ability: Poison Heal
|-damage|p1a: Gliscor|67/100 tox|[from] Salt Cure
|upkeep
|turn|7
|
|t:|1779882480
|move|p2a: Garganacl|Protect|p2a: Garganacl
|-singleturn|p2a: Garganacl|Protect
|move|p1a: Gliscor|Spikes|p2a: Garganacl
|-sidestart|p2: sp1tf1r3|Spikes
|
|-heal|p2a: Garganacl|69/100|[from] item: Leftovers
|-heal|p1a: Gliscor|79/100 tox|[from] ability: Poison Heal
|-damage|p1a: Gliscor|67/100 tox|[from] Salt Cure
|upkeep
|turn|8
|
|t:|1779882497
|switch|p2a: Iron Valiant|Iron Valiant|100/100
|-damage|p2a: Iron Valiant|84/100|[from] Spikes
|-enditem|p2a: Iron Valiant|Booster Energy
|-activate|p2a: Iron Valiant|ability: Quark Drive|[fromitem]
|-start|p2a: Iron Valiant|quarkdrivespe
|move|p1a: Gliscor|Earthquake|p2a: Iron Valiant
|-damage|p2a: Iron Valiant|38/100
|
|-heal|p1a: Gliscor|79/100 tox|[from] ability: Poison Heal
|-damage|p1a: Gliscor|67/100 tox|[from] Salt Cure
|upkeep
|turn|9
|
|t:|1779882505
|move|p2a: Iron Valiant|Moonblast|p1a: Gliscor
|-damage|p1a: Gliscor|29/100 tox
|move|p1a: Gliscor|Earthquake|p2a: Iron Valiant
|-damage|p2a: Iron Valiant|0 fnt
|faint|p2a: Iron Valiant
|-end|p2a: Iron Valiant|Quark Drive|[silent]
|
|-heal|p1a: Gliscor|41/100 tox|[from] ability: Poison Heal
|-damage|p1a: Gliscor|29/100 tox|[from] Salt Cure
|upkeep
|
|t:|1779882519
|switch|p2a: Rillaboom|Rillaboom, F|100/100
|-damage|p2a: Rillaboom|84/100|[from] Spikes
|-fieldstart|move: Grassy Terrain|[from] ability: Grassy Surge|[of] p2a: Rillaboom
|turn|10
|
|t:|1779882526
|switch|p1a: Walking Wake|Walking Wake|100/100
|move|p2a: Rillaboom|Grassy Glide|p1a: Walking Wake
|-damage|p1a: Walking Wake|39/100
|
|-heal|p1a: Walking Wake|46/100|[from] Grassy Terrain
|-heal|p2a: Rillaboom|90/100|[from] Grassy Terrain
|upkeep
|turn|11
|
|t:|1779882533
|-end|p1a: Walking Wake|Protosynthesis|[silent]
|switch|p1a: Pecharunt|Pecharunt|100/100
|move|p2a: Rillaboom|Grassy Glide|p1a: Pecharunt
|-resisted|p1a: Pecharunt
|-damage|p1a: Pecharunt|85/100
|
|-heal|p2a: Rillaboom|96/100|[from] Grassy Terrain
|-heal|p1a: Pecharunt|92/100|[from] Grassy Terrain
|upkeep
|turn|12
|
|t:|1779882547
|switch|p2a: Deoxys|Deoxys-Speed|100/100
|-damage|p2a: Deoxys|84/100|[from] Spikes
|-ability|p2a: Deoxys|Pressure
|move|p1a: Pecharunt|Malignant Chain|p2a: Deoxys
|-damage|p2a: Deoxys|39/100
|-status|p2a: Deoxys|tox
|-start|p2a: Deoxys|confusion|[from] ability: Poison Puppeteer|[of] p1a: Pecharunt
|
|-heal|p2a: Deoxys|45/100 tox|[from] Grassy Terrain
|-heal|p1a: Pecharunt|98/100|[from] Grassy Terrain
|-damage|p2a: Deoxys|39/100 tox|[from] psn
|upkeep
|turn|13
|
|t:|1779882558
|-activate|p2a: Deoxys|confusion
|-damage|p2a: Deoxys|28/100 tox|[from] confusion
|move|p1a: Pecharunt|Malignant Chain|p2a: Deoxys
|-damage|p2a: Deoxys|0 fnt
|faint|p2a: Deoxys
|
|-heal|p1a: Pecharunt|100/100|[from] Grassy Terrain
|upkeep
|-message|sp1tf1r3 forfeited.
|
|win|claudechamp
|raw|claudechamp's rating: 1315 &rarr; <strong>1334</strong><br />(+19 for winning)
|raw|sp1tf1r3's rating: 1291 &rarr; <strong>1268</strong><br />(-23 for losing)
|c|☆claudechamp|gg
|l|☆sp1tf1r3
|player|p2|
