|j|☆otsuke
|j|☆claudechamp
|t:|1779851796
|gametype|singles
|player|p1|otsuke|shadowtriad|1143
|player|p2|claudechamp|169|1195
|gen|9
|tier|[Gen 9] OU
|rated|
|rule|HP Percentage Mod: HP is shown in percentages
|rule|Endless Battle Clause: Forcing endless battles is banned
|rule|Species Clause: Limit one of each Pokémon
|rule|OHKO Clause: OHKO moves are banned
|rule|Evasion Items Clause: Evasion items are banned
|rule|Evasion Moves Clause: Evasion moves are banned
|rule|Evasion Abilities Clause: Evasion abilities are banned
|rule|Sleep Moves Clause: Sleep-inducing moves are banned
|clearpoke
|poke|p1|Kleavor, F|
|poke|p1|Torkoal, M|
|poke|p1|Trevenant, F|
|poke|p1|Glimmora, M|
|poke|p1|Greninja-*, M|
|poke|p1|Espeon, M|
|poke|p2|Gliscor, M|
|poke|p2|Ogerpon, F|
|poke|p2|Walking Wake|
|poke|p2|Blissey, F|
|poke|p2|Corviknight, F|
|poke|p2|Pecharunt|
|teampreview
|c|☆claudechamp|hf
|
|t:|1779851804
|teamsize|p1|6
|teamsize|p2|6
|start
|switch|p1a: Fire Storm|Torkoal, M|100/100
|switch|p2a: Gliscor|Gliscor, M|100/100
|-weather|SunnyDay|[from] ability: Drought|[of] p1a: Fire Storm
|turn|1
|inactive|Battle timer is ON: inactive players will automatically lose when time's up. (requested by claudechamp)
|
|t:|1779851823
|move|p2a: Gliscor|Earthquake|p1a: Fire Storm
|-supereffective|p1a: Fire Storm
|-damage|p1a: Fire Storm|46/100
|move|p1a: Fire Storm|Flamethrower|p2a: Gliscor
|-damage|p2a: Gliscor|53/100
|
|-weather|SunnyDay|[upkeep]
|-status|p2a: Gliscor|tox|[from] item: Toxic Orb
|upkeep
|turn|2
|
|t:|1779851839
|move|p2a: Gliscor|Earthquake|p1a: Fire Storm
|-supereffective|p1a: Fire Storm
|-damage|p1a: Fire Storm|0 fnt
|faint|p1a: Fire Storm
|
|-weather|SunnyDay|[upkeep]
|-heal|p2a: Gliscor|65/100 tox|[from] ability: Poison Heal
|upkeep
|
|t:|1779851850
|switch|p1a: Gank|Greninja, M|100/100
|turn|3
|
|t:|1779851865
|move|p1a: Gank|Surf|p2a: Gliscor
|-supereffective|p2a: Gliscor
|-damage|p2a: Gliscor|26/100 tox
|move|p2a: Gliscor|Spikes|p1a: Gank
|-sidestart|p1: otsuke|Spikes
|
|-weather|SunnyDay|[upkeep]
|-heal|p2a: Gliscor|39/100 tox|[from] ability: Poison Heal
|upkeep
|turn|4
|
|t:|1779851881
|-terastallize|p2a: Gliscor|Ghost
|move|p1a: Gank|Ice Beam|p2a: Gliscor
|-damage|p2a: Gliscor|16/100 tox
|move|p2a: Gliscor|Earthquake|p1a: Gank
|-damage|p1a: Gank|44/100
|
|-weather|SunnyDay|[upkeep]
|-heal|p2a: Gliscor|29/100 tox|[from] ability: Poison Heal
|upkeep
|turn|5
|
|t:|1779851891
|move|p2a: Gliscor|Protect|p2a: Gliscor
|-singleturn|p2a: Gliscor|Protect
|move|p1a: Gank|Dark Pulse|p2a: Gliscor
|-activate|p2a: Gliscor|move: Protect
|
|-weather|none
|-heal|p2a: Gliscor|41/100 tox|[from] ability: Poison Heal
|upkeep
|turn|6
|
|t:|1779851905
|switch|p2a: Blissey|Blissey, F|100/100
|move|p1a: Gank|Dark Pulse|p2a: Blissey
|-damage|p2a: Blissey|90/100
|
|upkeep
|turn|7
|
|t:|1779851913
|switch|p1a: Glick|Glimmora, M|100/100
|-damage|p1a: Glick|88/100|[from] Spikes
|move|p2a: Blissey|Stealth Rock|p1a: Glick
|-sidestart|p1: otsuke|move: Stealth Rock
|
|upkeep
|turn|8
|
|t:|1779851924
|move|p1a: Glick|Power Gem|p2a: Blissey
|-damage|p2a: Blissey|77/100
|move|p2a: Blissey|Seismic Toss|p1a: Glick
|-damage|p1a: Glick|56/100
|-activate|p1a: Glick|ability: Toxic Debris
|-sidestart|p2: claudechamp|move: Toxic Spikes
|
|upkeep
|turn|9
|
|t:|1779851938
|move|p1a: Glick|Mortal Spin|p2a: Blissey
|-damage|p2a: Blissey|71/100
|-status|p2a: Blissey|psn
|-sideend|p1: otsuke|Spikes|[from] move: Mortal Spin|[of] p1a: Glick
|-sideend|p1: otsuke|Stealth Rock|[from] move: Mortal Spin|[of] p1a: Glick
|move|p2a: Blissey|Seismic Toss|p1a: Glick
|-damage|p1a: Glick|23/100
|-activate|p1a: Glick|ability: Toxic Debris
|-sidestart|p2: claudechamp|move: Toxic Spikes
|
|-damage|p2a: Blissey|58/100 psn|[from] psn
|upkeep
|turn|10
|
|t:|1779851951
|switch|p1a: Nitequil|Espeon, M|100/100
|move|p2a: Blissey|Soft-Boiled|p2a: Blissey
|-heal|p2a: Blissey|100/100 psn
|
|-damage|p2a: Blissey|88/100 psn|[from] psn
|upkeep
|turn|11
|
|t:|1779851964
|-curestatus|p2a: Blissey|psn|[from] ability: Natural Cure|[silent]
|switch|p2a: Ogerpon|Ogerpon, F|100/100
|move|p1a: Nitequil|Protect||[still]
|-fail|p1a: Nitequil
|
|upkeep
|turn|12
|
|t:|1779851976
|move|p2a: Ogerpon|Ivy Cudgel|p1a: Nitequil
|-crit|p1a: Nitequil
|-enditem|p1a: Nitequil|Focus Sash
|-damage|p1a: Nitequil|1/100
|move|p1a: Nitequil|Thunder Wave|p2a: Ogerpon
|-status|p2a: Ogerpon|par
|
|upkeep
|turn|13
|
|t:|1779851985
|move|p1a: Nitequil|Protect|p1a: Nitequil
|-singleturn|p1a: Nitequil|Protect
|cant|p2a: Ogerpon|par
|
|upkeep
|turn|14
|
|t:|1779851993
|switch|p2a: Gliscor|Gliscor, M, tera:Ghost|41/100 tox
|move|p1a: Nitequil|Future Sight|p2a: Gliscor
|-start|p1a: Nitequil|move: Future Sight
|
|-heal|p2a: Gliscor|54/100 tox|[from] ability: Poison Heal
|upkeep
|turn|15
|
|t:|1779852004
|move|p1a: Nitequil|Protect|p1a: Nitequil
|-singleturn|p1a: Nitequil|Protect
|move|p2a: Gliscor|Earthquake|p1a: Nitequil
|-activate|p1a: Nitequil|move: Protect
|
|-heal|p2a: Gliscor|66/100 tox|[from] ability: Poison Heal
|upkeep
|turn|16
|
|t:|1779852012
|switch|p2a: Blissey|Blissey, F|88/100
|move|p1a: Nitequil|Dazzling Gleam|p2a: Blissey
|-damage|p2a: Blissey|80/100
|
|-end|p2a: Blissey|move: Future Sight
|-damage|p2a: Blissey|62/100
|upkeep
|turn|17
|
|t:|1779852023
|move|p1a: Nitequil|Future Sight|p2a: Blissey
|-start|p1a: Nitequil|move: Future Sight
|move|p2a: Blissey|Soft-Boiled|p2a: Blissey
|-heal|p2a: Blissey|100/100
|
|upkeep
|turn|18
|
|t:|1779852028
|move|p1a: Nitequil|Thunder Wave|p2a: Blissey
|-status|p2a: Blissey|par
|move|p2a: Blissey|Seismic Toss|p1a: Nitequil
|-damage|p1a: Nitequil|0 fnt
|faint|p1a: Nitequil
|
|upkeep
|
|t:|1779852037
|switch|p1a: Cursed Roots|Trevenant, F|100/100
|turn|19
|
|t:|1779852040
|move|p1a: Cursed Roots|Substitute|p1a: Cursed Roots
|-start|p1a: Cursed Roots|Substitute
|-damage|p1a: Cursed Roots|75/100
|move|p2a: Blissey|Stealth Rock|p1a: Cursed Roots
|-sidestart|p1: otsuke|move: Stealth Rock
|
|-end|p2a: Blissey|move: Future Sight
|-damage|p2a: Blissey|80/100 par
|upkeep
|turn|20
|
|t:|1779852049
|-curestatus|p2a: Blissey|par|[from] ability: Natural Cure|[silent]
|switch|p2a: Walking Wake|Walking Wake|100/100
|move|p1a: Cursed Roots|Leech Seed|p2a: Walking Wake
|-start|p2a: Walking Wake|move: Leech Seed
|
|-damage|p2a: Walking Wake|88/100|[from] Leech Seed|[of] p1a: Cursed Roots
|-heal|p1a: Cursed Roots|87/100|[silent]
|upkeep
|turn|21
|
|t:|1779852069
|-end|p2a: Walking Wake|Protosynthesis|[silent]
|switch|p2a: Gliscor|Gliscor, M, tera:Ghost|66/100 tox
|-terastallize|p1a: Cursed Roots|Ghost
|move|p1a: Cursed Roots|Curse|p2a: Gliscor
|-start|p2a: Gliscor|Curse|[of] p1a: Cursed Roots
|-damage|p1a: Cursed Roots|37/100
|-enditem|p1a: Cursed Roots|Sitrus Berry|[eat]
|-heal|p1a: Cursed Roots|62/100|[from] item: Sitrus Berry
|
|-heal|p2a: Gliscor|78/100 tox|[from] ability: Poison Heal
|-damage|p2a: Gliscor|54/100 tox|[from] Curse
|-item|p1a: Cursed Roots|Sitrus Berry|[from] ability: Harvest
|upkeep
|turn|22
|
|t:|1779852086
|move|p2a: Gliscor|Earthquake|p1a: Cursed Roots
|-end|p1a: Cursed Roots|Substitute
|move|p1a: Cursed Roots|Knock Off|p2a: Gliscor
|-supereffective|p2a: Gliscor
|-damage|p2a: Gliscor|14/100 tox
|-enditem|p2a: Gliscor|Toxic Orb|[from] move: Knock Off|[of] p1a: Cursed Roots
|
|-heal|p2a: Gliscor|26/100 tox|[from] ability: Poison Heal
|-damage|p2a: Gliscor|2/100 tox|[from] Curse
|upkeep
|turn|23
|
|t:|1779852097
|move|p2a: Gliscor|Earthquake|p1a: Cursed Roots
|-damage|p1a: Cursed Roots|23/100
|-enditem|p1a: Cursed Roots|Sitrus Berry|[eat]
|-heal|p1a: Cursed Roots|48/100|[from] item: Sitrus Berry
|move|p1a: Cursed Roots|Substitute|p1a: Cursed Roots
|-start|p1a: Cursed Roots|Substitute
|-damage|p1a: Cursed Roots|23/100
|
|-heal|p2a: Gliscor|14/100 tox|[from] ability: Poison Heal
|-damage|p2a: Gliscor|0 fnt|[from] Curse
|faint|p2a: Gliscor
|-item|p1a: Cursed Roots|Sitrus Berry|[from] ability: Harvest
|upkeep
|-enditem|p1a: Cursed Roots|Sitrus Berry|[eat]
|-heal|p1a: Cursed Roots|48/100|[from] item: Sitrus Berry
|
|t:|1779852102
|switch|p2a: Ogerpon|Ogerpon, F|100/100 par
|turn|24
|inactive|otsuke has 120 seconds left.
|
|t:|1779852125
|cant|p2a: Ogerpon|par
|move|p1a: Cursed Roots|Substitute|p1a: Cursed Roots
|-fail|p1a: Cursed Roots|move: Substitute
|
|upkeep
|turn|25
|
|t:|1779852132
|move|p2a: Ogerpon|Ivy Cudgel|p1a: Cursed Roots
|-end|p1a: Cursed Roots|Substitute
|move|p1a: Cursed Roots|Substitute|p1a: Cursed Roots
|-start|p1a: Cursed Roots|Substitute
|-damage|p1a: Cursed Roots|23/100
|
|-item|p1a: Cursed Roots|Sitrus Berry|[from] ability: Harvest
|upkeep
|-enditem|p1a: Cursed Roots|Sitrus Berry|[eat]
|-heal|p1a: Cursed Roots|48/100|[from] item: Sitrus Berry
|turn|26
|
|t:|1779852146
|move|p2a: Ogerpon|Knock Off|p1a: Cursed Roots
|-supereffective|p1a: Cursed Roots
|-end|p1a: Cursed Roots|Substitute
|move|p1a: Cursed Roots|Substitute|p1a: Cursed Roots
|-start|p1a: Cursed Roots|Substitute
|-damage|p1a: Cursed Roots|23/100
|
|upkeep
|turn|27
|inactive|otsuke has 120 seconds left.
|
|t:|1779852163
|cant|p2a: Ogerpon|par
|move|p1a: Cursed Roots|Knock Off|p2a: Ogerpon
|-damage|p2a: Ogerpon|68/100 par
|-enditem|p2a: Ogerpon|Heavy-Duty Boots|[from] move: Knock Off|[of] p1a: Cursed Roots
|
|upkeep
|turn|28
|inactive|otsuke has 120 seconds left.
|
|t:|1779852177
|cant|p2a: Ogerpon|par
|move|p1a: Cursed Roots|Knock Off|p2a: Ogerpon
|-damage|p2a: Ogerpon|47/100 par
|
|-item|p1a: Cursed Roots|Sitrus Berry|[from] ability: Harvest
|upkeep
|-enditem|p1a: Cursed Roots|Sitrus Berry|[eat]
|-heal|p1a: Cursed Roots|48/100|[from] item: Sitrus Berry
|turn|29
|inactive|otsuke has 120 seconds left.
|
|t:|1779852192
|move|p2a: Ogerpon|Ivy Cudgel|p1a: Cursed Roots
|-end|p1a: Cursed Roots|Substitute
|move|p1a: Cursed Roots|Knock Off|p2a: Ogerpon
|-damage|p2a: Ogerpon|26/100 par
|
|upkeep
|turn|30
|inactive|otsuke has 120 seconds left.
|
|t:|1779852209
|switch|p1a: Kane|Kleavor, F|100/100
|-damage|p1a: Kane|76/100|[from] Stealth Rock
|move|p2a: Ogerpon|Ivy Cudgel|p1a: Kane
|-damage|p1a: Kane|14/100
|
|upkeep
|turn|31
|inactive|otsuke has 120 seconds left.
|
|t:|1779852219
|move|p1a: Kane|Stone Axe|p2a: Ogerpon
|-damage|p2a: Ogerpon|0 fnt
|-sidestart|p2: claudechamp|move: Stealth Rock
|faint|p2a: Ogerpon
|
|upkeep
|
|t:|1779852228
|switch|p2a: Walking Wake|Walking Wake|88/100
|turn|32
|
|t:|1779852239
|move|p1a: Kane|Stone Axe|p2a: Walking Wake
|-damage|p2a: Walking Wake|31/100
|move|p2a: Walking Wake|Surf|p1a: Kane
|-supereffective|p1a: Kane
|-damage|p1a: Kane|0 fnt
|faint|p1a: Kane
|
|upkeep
|
|t:|1779852254
|switch|p1a: Gank|Greninja, M|44/100
|-damage|p1a: Gank|32/100|[from] Stealth Rock
|turn|33
|
|t:|1779852270
|-end|p2a: Walking Wake|Protosynthesis|[silent]
|switch|p2a: Blissey|Blissey, F|80/100
|move|p1a: Gank|Ice Beam|p2a: Blissey
|-damage|p2a: Blissey|72/100
|
|upkeep
|turn|34
|
|t:|1779852279
|switch|p1a: Glick|Glimmora, M|23/100
|-damage|p1a: Glick|11/100|[from] Stealth Rock
|move|p2a: Blissey|Soft-Boiled|p2a: Blissey
|-heal|p2a: Blissey|100/100
|
|upkeep
|turn|35
|
|t:|1779852286
|move|p1a: Glick|Mortal Spin|p2a: Blissey
|-damage|p2a: Blissey|95/100
|-status|p2a: Blissey|psn
|-sideend|p1: otsuke|Stealth Rock|[from] move: Mortal Spin|[of] p1a: Glick
|move|p2a: Blissey|Seismic Toss|p1a: Glick
|-damage|p1a: Glick|0 fnt
|faint|p1a: Glick
|
|-damage|p2a: Blissey|83/100 psn|[from] psn
|upkeep
|
|t:|1779852298
|switch|p1a: Cursed Roots|Trevenant, F, tera:Ghost|48/100
|turn|36
|
|t:|1779852305
|-curestatus|p2a: Blissey|psn|[from] ability: Natural Cure|[silent]
|switch|p2a: Walking Wake|Walking Wake|31/100
|move|p1a: Cursed Roots|Substitute|p1a: Cursed Roots
|-start|p1a: Cursed Roots|Substitute
|-damage|p1a: Cursed Roots|23/100
|
|upkeep
|turn|37
|
|t:|1779852317
|move|p2a: Walking Wake|Surf|p1a: Cursed Roots
|-end|p1a: Cursed Roots|Substitute
|move|p1a: Cursed Roots|Leech Seed|p2a: Walking Wake
|-start|p2a: Walking Wake|move: Leech Seed
|
|-damage|p2a: Walking Wake|19/100|[from] Leech Seed|[of] p1a: Cursed Roots
|-heal|p1a: Cursed Roots|34/100|[silent]
|-item|p1a: Cursed Roots|Sitrus Berry|[from] ability: Harvest
|upkeep
|-enditem|p1a: Cursed Roots|Sitrus Berry|[eat]
|-heal|p1a: Cursed Roots|59/100|[from] item: Sitrus Berry
|turn|38
|
|t:|1779852339
|move|p2a: Walking Wake|Draco Meteor|p1a: Cursed Roots|[miss]
|-miss|p2a: Walking Wake|p1a: Cursed Roots
|move|p1a: Cursed Roots|Knock Off|p2a: Walking Wake
|-crit|p2a: Walking Wake
|-damage|p2a: Walking Wake|0 fnt
|-enditem|p2a: Walking Wake|Heavy-Duty Boots|[from] move: Knock Off|[of] p1a: Cursed Roots
|faint|p2a: Walking Wake
|-end|p2a: Walking Wake|Protosynthesis|[silent]
|
|-item|p1a: Cursed Roots|Sitrus Berry|[from] ability: Harvest
|upkeep
|
|t:|1779852340
|switch|p2a: Corviknight|Corviknight, F|100/100
|-ability|p2a: Corviknight|Pressure
|turn|39
|
|t:|1779852355
|move|p2a: Corviknight|U-turn|p1a: Cursed Roots
|-resisted|p1a: Cursed Roots
|-damage|p1a: Cursed Roots|51/100
|
|t:|1779852367
|switch|p2a: Pecharunt|Pecharunt|100/100|[from] U-turn
|-sideend|p2: claudechamp|move: Toxic Spikes|[of] p2a: Pecharunt
|move|p1a: Cursed Roots|Leech Seed|p2a: Pecharunt
|-start|p2a: Pecharunt|move: Leech Seed
|
|-damage|p2a: Pecharunt|88/100|[from] Leech Seed|[of] p1a: Cursed Roots
|-heal|p1a: Cursed Roots|64/100|[silent]
|upkeep
|turn|40
|
|t:|1779852384
|switch|p1a: Gank|Greninja, M|32/100
|move|p2a: Pecharunt|Foul Play|p1a: Gank
|-resisted|p1a: Gank
|-damage|p1a: Gank|15/100
|
|-damage|p2a: Pecharunt|76/100|[from] Leech Seed|[of] p1a: Gank
|-heal|p1a: Gank|32/100|[silent]
|upkeep
|turn|41
|
|t:|1779852396
|switch|p2a: Blissey|Blissey, F|83/100
|move|p1a: Gank|Dark Pulse|p2a: Blissey
|-damage|p2a: Blissey|72/100
|
|upkeep
|turn|42
|
|t:|1779852403
|move|p1a: Gank|Ice Beam|p2a: Blissey
|-damage|p2a: Blissey|64/100
|move|p2a: Blissey|Soft-Boiled|p2a: Blissey
|-heal|p2a: Blissey|100/100
|
|upkeep
|turn|43
|
|t:|1779852410
|move|p1a: Gank|Ice Beam|p2a: Blissey
|-damage|p2a: Blissey|93/100
|move|p2a: Blissey|Stealth Rock|p1a: Gank
|-sidestart|p1: otsuke|move: Stealth Rock
|
|upkeep
|turn|44
|
|t:|1779852416
|move|p1a: Gank|Ice Beam|p2a: Blissey
|-damage|p2a: Blissey|84/100
|move|p2a: Blissey|Seismic Toss|p1a: Gank
|-damage|p1a: Gank|0 fnt
|faint|p1a: Gank
|
|upkeep
|
|t:|1779852424
|switch|p1a: Cursed Roots|Trevenant, F, tera:Ghost|64/100
|-damage|p1a: Cursed Roots|52/100|[from] Stealth Rock
|turn|45
|
|t:|1779852434
|switch|p2a: Pecharunt|Pecharunt|76/100
|move|p1a: Cursed Roots|Substitute|p1a: Cursed Roots
|-start|p1a: Cursed Roots|Substitute
|-damage|p1a: Cursed Roots|27/100
|-enditem|p1a: Cursed Roots|Sitrus Berry|[eat]
|-heal|p1a: Cursed Roots|52/100|[from] item: Sitrus Berry
|
|upkeep
|turn|46
|
|t:|1779852443
|move|p2a: Pecharunt|Foul Play|p1a: Cursed Roots
|-supereffective|p1a: Cursed Roots
|-end|p1a: Cursed Roots|Substitute
|move|p1a: Cursed Roots|Leech Seed|p2a: Pecharunt
|-start|p2a: Pecharunt|move: Leech Seed
|
|-damage|p2a: Pecharunt|63/100|[from] Leech Seed|[of] p1a: Cursed Roots
|-heal|p1a: Cursed Roots|64/100|[silent]
|upkeep
|turn|47
|
|t:|1779852451
|move|p2a: Pecharunt|Foul Play|p1a: Cursed Roots
|-supereffective|p1a: Cursed Roots
|-damage|p1a: Cursed Roots|11/100
|move|p1a: Cursed Roots|Substitute|p1a: Cursed Roots
|-fail|p1a: Cursed Roots|move: Substitute|[weak]
|
|-damage|p2a: Pecharunt|51/100|[from] Leech Seed|[of] p1a: Cursed Roots
|-heal|p1a: Cursed Roots|24/100|[silent]
|-item|p1a: Cursed Roots|Sitrus Berry|[from] ability: Harvest
|upkeep
|-enditem|p1a: Cursed Roots|Sitrus Berry|[eat]
|-heal|p1a: Cursed Roots|49/100|[from] item: Sitrus Berry
|turn|48
|
|t:|1779852463
|move|p2a: Pecharunt|Foul Play|p1a: Cursed Roots
|-supereffective|p1a: Cursed Roots
|-damage|p1a: Cursed Roots|0 fnt
|faint|p1a: Cursed Roots
|
|win|claudechamp
|raw|otsuke's rating: 1143 &rarr; <strong>1125</strong><br />(-18 for losing)
|raw|claudechamp's rating: 1238 &rarr; <strong>1256</strong><br />(+18 for winning)
|c|☆claudechamp|gg
|l|☆otsuke
|player|p1|
