|j|☆AWildCaveman
|j|☆SilverPath
|t:|1779804984
|gametype|singles
|player|p1|AWildCaveman|steven|1207
|player|p2|SilverPath|grimsley|1179
|gen|9
|tier|[Gen 9] OU
|rated|
|rule|HP Percentage Mod: HP is shown in percentages
|rule|Endless Battle Clause: Forcing endless battles is banned
|rule|Species Clause: Limit one of each Pokémon
|rule|OHKO Clause: OHKO moves are banned
|rule|Evasion Items Clause: Evasion items are banned
|rule|Evasion Moves Clause: Evasion moves are banned
|rule|Evasion Abilities Clause: Evasion abilities are banned
|rule|Sleep Moves Clause: Sleep-inducing moves are banned
|clearpoke
|poke|p1|Slowking-Galar, M|
|poke|p1|Frosmoth, F|
|poke|p1|Pecharunt|
|poke|p1|Diancie|
|poke|p1|Regice|
|poke|p1|Ninetales-Alola, F|
|poke|p2|Weavile, M|
|poke|p2|Kyurem|
|poke|p2|Sandslash-Alola, F|
|poke|p2|Ninetales-Alola, F|
|poke|p2|Cetitan, F|
|poke|p2|Eiscue, M|
|teampreview
|inactive|Battle timer is ON: inactive players will automatically lose when time's up. (requested by SilverPath)
|
|t:|1779804994
|teamsize|p1|6
|teamsize|p2|6
|start
|switch|p1a: Slowking|Slowking-Galar, M|100/100
|switch|p2a: Weavile|Weavile, M|100/100
|turn|1
|
|t:|1779805002
|move|p2a: Weavile|Knock Off|p1a: Slowking
|-supereffective|p1a: Slowking
|-damage|p1a: Slowking|17/100
|-enditem|p1a: Slowking|Icy Rock|[from] move: Knock Off|[of] p2a: Weavile
|move|p1a: Slowking|Trick Room|p1a: Slowking
|-fieldstart|move: Trick Room|[of] p1a: Slowking
|
|upkeep
|turn|2
|
|t:|1779805011
|-prepare|p1a: Slowking|Chilly Reception|[premajor]
|move|p1a: Slowking|Chilly Reception|p1a: Slowking
|-weather|Snowscape
|
|t:|1779805021
|switch|p1a: Regice|Regice|100/100|[from] Chilly Reception
|move|p2a: Weavile|Knock Off|p1a: Regice
|-damage|p1a: Regice|73/100
|-enditem|p1a: Regice|Leftovers|[from] move: Knock Off|[of] p2a: Weavile
|
|-weather|Snowscape|[upkeep]
|-heal|p1a: Regice|79/100|[from] ability: Ice Body
|upkeep
|turn|3
|
|t:|1779805041
|move|p1a: Regice|Body Press|p2a: Weavile
|-supereffective|p2a: Weavile
|-enditem|p2a: Weavile|Focus Sash
|-damage|p2a: Weavile|1/100
|move|p2a: Weavile|Poison Jab|p1a: Regice
|-damage|p1a: Regice|66/100
|
|-weather|Snowscape|[upkeep]
|-heal|p1a: Regice|72/100|[from] ability: Ice Body
|upkeep
|turn|4
|
|t:|1779805059
|move|p1a: Regice|Flash Cannon|p2a: Weavile
|-supereffective|p2a: Weavile
|-damage|p2a: Weavile|0 fnt
|faint|p2a: Weavile
|
|-weather|Snowscape|[upkeep]
|-heal|p1a: Regice|78/100|[from] ability: Ice Body
|upkeep
|
|t:|1779805068
|switch|p2a: Sandslash|Sandslash-Alola, F|100/100
|turn|5
|
|t:|1779805071
|move|p1a: Regice|Body Press|p2a: Sandslash
|-supereffective|p2a: Sandslash
|-damage|p2a: Sandslash|32/100
|move|p2a: Sandslash|Counter|p1a: Regice
|-damage|p1a: Regice|0 fnt
|faint|p1a: Regice
|
|-weather|Snowscape|[upkeep]
|-fieldend|move: Trick Room
|upkeep
|
|t:|1779805081
|switch|p1a: Slowking|Slowking-Galar, M|50/100
|turn|6
|
|t:|1779805084
|move|p2a: Sandslash|Earthquake|p1a: Slowking
|-supereffective|p1a: Slowking
|-damage|p1a: Slowking|0 fnt
|faint|p1a: Slowking
|
|-weather|none
|upkeep
|
|t:|1779805096
|switch|p1a: Diancie|Diancie, shiny|100/100
|turn|7
|
|t:|1779805101
|move|p2a: Sandslash|Earthquake|p1a: Diancie
|-supereffective|p1a: Diancie
|-damage|p1a: Diancie|42/100
|move|p1a: Diancie|Body Press|p2a: Sandslash
|-supereffective|p2a: Sandslash
|-damage|p2a: Sandslash|0 fnt
|faint|p2a: Sandslash
|
|upkeep
|
|t:|1779805112
|switch|p2a: Kyurem|Kyurem|100/100
|-ability|p2a: Kyurem|Pressure
|turn|8
|
|t:|1779805132
|move|p2a: Kyurem|Flash Cannon|p1a: Diancie
|-supereffective|p1a: Diancie
|-damage|p1a: Diancie|0 fnt
|faint|p1a: Diancie
|
|upkeep
|
|t:|1779805137
|switch|p1a: Ninetales|Ninetales-Alola, F|100/100
|-weather|Snowscape|[from] ability: Snow Warning|[of] p1a: Ninetales
|turn|9
|
|t:|1779805143
|move|p2a: Kyurem|Flash Cannon|p1a: Ninetales
|-supereffective|p1a: Ninetales
|-damage|p1a: Ninetales|0 fnt
|faint|p1a: Ninetales
|
|-weather|Snowscape|[upkeep]
|upkeep
|
|t:|1779805149
|switch|p1a: Frosmoth|Frosmoth, F|100/100
|turn|10
|
|t:|1779805164
|move|p2a: Kyurem|Flash Cannon|p1a: Frosmoth
|-supereffective|p1a: Frosmoth
|-crit|p1a: Frosmoth
|-damage|p1a: Frosmoth|60/100
|move|p1a: Frosmoth|Blizzard|p2a: Kyurem
|-damage|p2a: Kyurem|40/100
|
|-weather|Snowscape|[upkeep]
|upkeep
|turn|11
|
|t:|1779805172
|move|p2a: Kyurem|Flash Cannon|p1a: Frosmoth
|-supereffective|p1a: Frosmoth
|-damage|p1a: Frosmoth|30/100
|move|p1a: Frosmoth|Blizzard|p2a: Kyurem
|-damage|p2a: Kyurem|0 fnt
|faint|p2a: Kyurem
|
|-weather|Snowscape|[upkeep]
|upkeep
|
|t:|1779805185
|switch|p2a: Cetitan|Cetitan, F|100/100
|turn|12
|
|t:|1779805192
|move|p2a: Cetitan|Liquidation|p1a: Frosmoth
|-damage|p1a: Frosmoth|0 fnt
|faint|p1a: Frosmoth
|
|-weather|Snowscape|[upkeep]
|upkeep
|
|t:|1779805198
|switch|p1a: Pecharunt|Pecharunt|100/100
|turn|13
|
|t:|1779805205
|move|p1a: Pecharunt|Malignant Chain|p2a: Cetitan
|-damage|p2a: Cetitan|61/100
|-status|p2a: Cetitan|tox
|-start|p2a: Cetitan|confusion|[from] ability: Poison Puppeteer|[of] p1a: Pecharunt
|-activate|p2a: Cetitan|confusion
|-damage|p2a: Cetitan|49/100 tox|[from] confusion
|
|-weather|Snowscape|[upkeep]
|-damage|p2a: Cetitan|43/100 tox|[from] psn
|upkeep
|turn|14
|
|t:|1779805217
|move|p1a: Pecharunt|Hex|p2a: Cetitan
|-crit|p2a: Cetitan
|-damage|p2a: Cetitan|0 fnt
|faint|p2a: Cetitan
|
|-weather|Snowscape|[upkeep]
|upkeep
|
|t:|1779805222
|switch|p2a: Eiscue|Eiscue, M|100/100
|turn|15
|
|t:|1779805226
|move|p2a: Eiscue|Zen Headbutt|p1a: Pecharunt
|-supereffective|p1a: Pecharunt
|-crit|p1a: Pecharunt
|-damage|p1a: Pecharunt|52/100
|move|p1a: Pecharunt|Malignant Chain|p2a: Eiscue
|-damage|p2a: Eiscue|49/100
|-status|p2a: Eiscue|tox
|-start|p2a: Eiscue|confusion|[from] ability: Poison Puppeteer|[of] p1a: Pecharunt
|-enditem|p2a: Eiscue|Sitrus Berry|[eat]
|-heal|p2a: Eiscue|74/100 tox|[from] item: Sitrus Berry
|
|-weather|Snowscape|[upkeep]
|-damage|p2a: Eiscue|68/100 tox|[from] psn
|upkeep
|turn|16
|
|t:|1779805246
|switch|p2a: Ninetales|Ninetales-Alola, F|100/100
|move|p1a: Pecharunt|Hex|p2a: Ninetales
|-damage|p2a: Ninetales|67/100
|
|-weather|none
|upkeep
|turn|17
|
|t:|1779805255
|move|p2a: Ninetales|Blizzard|p1a: Pecharunt
|-damage|p1a: Pecharunt|30/100
|move|p1a: Pecharunt|Malignant Chain|p2a: Ninetales
|-supereffective|p2a: Ninetales
|-damage|p2a: Ninetales|0 fnt
|faint|p2a: Ninetales
|
|upkeep
|
|t:|1779805261
|switch|p2a: Eiscue|Eiscue, M|68/100 tox
|turn|18
|
|t:|1779805265
|move|p2a: Eiscue|Zen Headbutt|p1a: Pecharunt
|-supereffective|p1a: Pecharunt
|-damage|p1a: Pecharunt|0 fnt
|faint|p1a: Pecharunt
|
|win|SilverPath
|raw|AWildCaveman's rating: 1207 &rarr; <strong>1180</strong><br />(-27 for losing)
|raw|SilverPath's rating: 1179 &rarr; <strong>1206</strong><br />(+27 for winning)
|l|☆AWildCaveman
|player|p1|
|l|☆SilverPath
|player|p2|
