|j|☆KING丶3266926956今余
|j|☆spamtongspamtondr
|t:|1779886220
|gametype|singles
|player|p1|KING丶3266926956今余|dawn|1289
|player|p2|spamtongspamtondr|266|1275
|gen|9
|tier|[Gen 9] OU
|rated|
|rule|HP Percentage Mod: HP is shown in percentages
|rule|Endless Battle Clause: Forcing endless battles is banned
|rule|Species Clause: Limit one of each Pokémon
|rule|OHKO Clause: OHKO moves are banned
|rule|Evasion Items Clause: Evasion items are banned
|rule|Evasion Moves Clause: Evasion moves are banned
|rule|Evasion Abilities Clause: Evasion abilities are banned
|rule|Sleep Moves Clause: Sleep-inducing moves are banned
|clearpoke
|poke|p1|Luxray, M|
|poke|p1|Noctowl, F|
|poke|p1|Alomomola, M|
|poke|p1|Meowstic, M|
|poke|p1|Incineroar, F|
|poke|p1|Meowscarada, F|
|poke|p2|Zamazenta-*|
|poke|p2|Alomomola, F|
|poke|p2|Kyurem|
|poke|p2|Iron Treads|
|poke|p2|Pecharunt|
|poke|p2|Gardevoir, F|
|teampreview
|inactive|Battle timer is ON: inactive players will automatically lose when time's up. (requested by KING丶3266926956今余)
|
|t:|1779886228
|teamsize|p1|6
|teamsize|p2|6
|start
|switch|p1a: Incineroar|Incineroar, F|100/100
|switch|p2a: Kyurem|Kyurem|100/100
|-ability|p2a: Kyurem|Pressure
|-ability|p1a: Incineroar|Intimidate|boost
|-unboost|p2a: Kyurem|atk|1
|turn|1
|
|t:|1779886238
|switch|p2a: Zamazenta|Zamazenta|100/100
|-ability|p2a: Zamazenta|Dauntless Shield|boost
|-boost|p2a: Zamazenta|def|1
|move|p1a: Incineroar|Parting Shot|p2a: Zamazenta
|-unboost|p2a: Zamazenta|atk|1
|-unboost|p2a: Zamazenta|spa|1
|
|t:|1779886246
|switch|p1a: Meowstic|Meowstic, M|100/100|[from] Parting Shot
|
|upkeep
|turn|2
|
|t:|1779886268
|move|p1a: Meowstic|Trick|p2a: Zamazenta
|-activate|p1a: Meowstic|move: Trick|[of] p2a: Zamazenta
|-item|p2a: Zamazenta|Choice Specs|[from] move: Trick
|-item|p1a: Meowstic|Life Orb|[from] move: Trick
|move|p2a: Zamazenta|Crunch|p1a: Meowstic
|-supereffective|p1a: Meowstic
|-damage|p1a: Meowstic|56/100
|
|upkeep
|turn|3
|
|t:|1779886274
|switch|p2a: Pecharunt|Pecharunt|100/100
|switch|p1a: Incineroar|Incineroar, F|100/100
|-ability|p1a: Incineroar|Intimidate|boost
|-unboost|p2a: Pecharunt|atk|1
|
|upkeep
|turn|4
|
|t:|1779886277
|move|p2a: Pecharunt|Nasty Plot|p2a: Pecharunt
|-boost|p2a: Pecharunt|spa|2
|move|p1a: Incineroar|Will-O-Wisp|p2a: Pecharunt
|-status|p2a: Pecharunt|brn
|
|-damage|p2a: Pecharunt|94/100 brn|[from] brn
|upkeep
|turn|5
|
|t:|1779886283
|move|p2a: Pecharunt|Malignant Chain|p1a: Incineroar
|-damage|p1a: Incineroar|51/100
|-status|p1a: Incineroar|tox
|-start|p1a: Incineroar|confusion|[from] ability: Poison Puppeteer|[of] p2a: Pecharunt
|-activate|p1a: Incineroar|confusion
|move|p1a: Incineroar|Parting Shot|p2a: Pecharunt
|-unboost|p2a: Pecharunt|atk|1
|-unboost|p2a: Pecharunt|spa|1
|
|t:|1779886292
|switch|p1a: Alomomola|Alomomola, M|100/100|[from] Parting Shot
|
|-heal|p2a: Pecharunt|100/100 brn|[from] item: Leftovers
|-damage|p2a: Pecharunt|94/100 brn|[from] brn
|upkeep
|turn|6
|
|t:|1779886296
|move|p2a: Pecharunt|Recover|p2a: Pecharunt
|-heal|p2a: Pecharunt|100/100 brn
|move|p1a: Alomomola|Wish|p1a: Alomomola
|
|-damage|p2a: Pecharunt|94/100 brn|[from] brn
|upkeep
|turn|7
|
|t:|1779886303
|move|p2a: Pecharunt|Nasty Plot|p2a: Pecharunt
|-boost|p2a: Pecharunt|spa|2
|move|p1a: Alomomola|Mirror Coat||[still]
|-fail|p1a: Alomomola
|
|-heal|p2a: Pecharunt|100/100 brn|[from] item: Leftovers
|-damage|p2a: Pecharunt|94/100 brn|[from] brn
|upkeep
|turn|8
|
|t:|1779886311
|move|p2a: Pecharunt|Nasty Plot|p2a: Pecharunt
|-boost|p2a: Pecharunt|spa|2
|move|p1a: Alomomola|Mirror Coat||[still]
|-fail|p1a: Alomomola
|
|-heal|p2a: Pecharunt|100/100 brn|[from] item: Leftovers
|-damage|p2a: Pecharunt|94/100 brn|[from] brn
|upkeep
|turn|9
|
|t:|1779886315
|move|p2a: Pecharunt|Shadow Ball|p1a: Alomomola
|-damage|p1a: Alomomola|37/100
|move|p1a: Alomomola|Flip Turn|p2a: Pecharunt
|-damage|p2a: Pecharunt|87/100 brn
|
|t:|1779886332
|switch|p1a: Incineroar|Incineroar, F|51/100 tox|[from] Flip Turn
|-ability|p1a: Incineroar|Intimidate|boost
|-unboost|p2a: Pecharunt|atk|1
|
|-heal|p2a: Pecharunt|93/100 brn|[from] item: Leftovers
|-damage|p1a: Incineroar|45/100 tox|[from] psn
|-damage|p2a: Pecharunt|87/100 brn|[from] brn
|upkeep
|turn|10
|
|t:|1779886341
|switch|p1a: Noctowl|Noctowl, F|100/100
|move|p2a: Pecharunt|Malignant Chain|p1a: Noctowl
|-damage|p1a: Noctowl|0 fnt
|faint|p1a: Noctowl
|
|-heal|p2a: Pecharunt|93/100 brn|[from] item: Leftovers
|-damage|p2a: Pecharunt|87/100 brn|[from] brn
|upkeep
|
|t:|1779886364
|switch|p1a: Alomomola|Alomomola, M|70/100
|turn|11
|
|t:|1779886369
|move|p2a: Pecharunt|Malignant Chain|p1a: Alomomola
|-damage|p1a: Alomomola|0 fnt
|faint|p1a: Alomomola
|
|-heal|p2a: Pecharunt|93/100 brn|[from] item: Leftovers
|-damage|p2a: Pecharunt|87/100 brn|[from] brn
|upkeep
|
|t:|1779886375
|switch|p1a: Meowstic|Meowstic, M|56/100
|turn|12
|
|t:|1779886382
|move|p1a: Meowstic|Light Screen|p1a: Meowstic
|-sidestart|p1: KING丶3266926956今余|move: Light Screen
|move|p2a: Pecharunt|Shadow Ball|p1a: Meowstic
|-supereffective|p1a: Meowstic
|-damage|p1a: Meowstic|0 fnt
|faint|p1a: Meowstic
|
|-heal|p2a: Pecharunt|93/100 brn|[from] item: Leftovers
|-damage|p2a: Pecharunt|87/100 brn|[from] brn
|upkeep
|
|t:|1779886388
|switch|p1a: Luxray|Luxray, M|100/100
|turn|13
|
|t:|1779886397
|move|p1a: Luxray|Crunch|p2a: Pecharunt
|-supereffective|p2a: Pecharunt
|-damage|p2a: Pecharunt|63/100 brn
|move|p2a: Pecharunt|Malignant Chain|p1a: Luxray
|-damage|p1a: Luxray|24/100
|-status|p1a: Luxray|tox
|-start|p1a: Luxray|confusion|[from] ability: Poison Puppeteer|[of] p2a: Pecharunt
|
|-heal|p2a: Pecharunt|69/100 brn|[from] item: Leftovers
|-damage|p1a: Luxray|18/100 tox|[from] psn
|-damage|p2a: Pecharunt|63/100 brn|[from] brn
|upkeep
|turn|14
|
|t:|1779886403
|-activate|p1a: Luxray|confusion
|move|p1a: Luxray|Crunch|p2a: Pecharunt
|-supereffective|p2a: Pecharunt
|-damage|p2a: Pecharunt|25/100 brn
|move|p2a: Pecharunt|Recover|p2a: Pecharunt
|-heal|p2a: Pecharunt|75/100 brn
|
|-heal|p2a: Pecharunt|81/100 brn|[from] item: Leftovers
|-damage|p1a: Luxray|6/100 tox|[from] psn
|-damage|p2a: Pecharunt|75/100 brn|[from] brn
|upkeep
|turn|15
|-message|KING丶3266926956今余 forfeited.
|
|win|spamtongspamtondr
|raw|KING丶3266926956今余's rating: 1289 &rarr; <strong>1264</strong><br />(-25 for losing)
|raw|spamtongspamtondr's rating: 1295 &rarr; <strong>1320</strong><br />(+25 for winning)
|l|☆KING丶3266926956今余
|player|p1|
|j|☆KING丶3266926956今余
|player|p1|KING丶3266926956今余|dawn|
|l|☆KING丶3266926956今余
|player|p1|
|l|☆spamtongspamtondr
|player|p2|
