|j|☆claudechamp
|j|‽CHixxxxx122
|t:|1779844305
|gametype|singles
|player|p1|claudechamp|265|1200
|player|p2|CHixxxxx122|1|1158
|gen|9
|tier|[Gen 9] OU
|rated|
|rule|HP Percentage Mod: HP is shown in percentages
|rule|Endless Battle Clause: Forcing endless battles is banned
|rule|Species Clause: Limit one of each Pokémon
|rule|OHKO Clause: OHKO moves are banned
|rule|Evasion Items Clause: Evasion items are banned
|rule|Evasion Moves Clause: Evasion moves are banned
|rule|Evasion Abilities Clause: Evasion abilities are banned
|rule|Sleep Moves Clause: Sleep-inducing moves are banned
|clearpoke
|poke|p1|Gliscor, M|
|poke|p1|Gholdengo|
|poke|p1|Zamazenta-*|
|poke|p1|Blissey, F|
|poke|p1|Skarmory, F|
|poke|p1|Pecharunt|
|poke|p2|Skuntank, F|
|poke|p2|Porygon2|
|poke|p2|Mamoswine, M|
|poke|p2|Staraptor, M|
|poke|p2|Lilligant-Hisui, F|
|poke|p2|Milotic, F|
|teampreview
|c|☆claudechamp|hf
|inactive|Battle timer is ON: inactive players will automatically lose when time's up. (requested by claudechamp)
|
|t:|1779844318
|teamsize|p1|6
|teamsize|p2|6
|start
|switch|p1a: Skarmory|Skarmory, F|100/100
|switch|p2a: Mamoswine|Mamoswine, M|100/100
|turn|1
|
|t:|1779844327
|switch|p2a: Porygon2|Porygon2|100/100
|-ability|p2a: Porygon2|Sturdy|Trace|[from] ability: Trace|[of] p1a: Skarmory
|move|p1a: Skarmory|Spikes|p2a: Porygon2
|-sidestart|p2: CHixxxxx122|Spikes
|
|upkeep
|turn|2
|
|t:|1779844331
|move|p1a: Skarmory|Spikes|p2a: Porygon2
|-sidestart|p2: CHixxxxx122|Spikes
|move|p2a: Porygon2|Charge Beam|p1a: Skarmory
|-supereffective|p1a: Skarmory
|-damage|p1a: Skarmory|62/100
|-boost|p2a: Porygon2|spa|1
|
|upkeep
|turn|3
|
|t:|1779844342
|move|p2a: Porygon2|Charge Beam|p1a: Skarmory
|-supereffective|p1a: Skarmory
|-damage|p1a: Skarmory|7/100
|move|p1a: Skarmory|Whirlwind|p2a: Porygon2
|drag|p2a: Mamoswine|Mamoswine, M|100/100
|-damage|p2a: Mamoswine|84/100|[from] Spikes
|
|upkeep
|turn|4
|
|t:|1779844351
|move|p2a: Mamoswine|Ice Shard|p1a: Skarmory
|-damage|p1a: Skarmory|0 fnt
|faint|p1a: Skarmory
|
|upkeep
|
|t:|1779844355
|switch|p1a: Zamazenta|Zamazenta|100/100
|-ability|p1a: Zamazenta|Dauntless Shield|boost
|-boost|p1a: Zamazenta|def|1
|turn|5
|
|t:|1779844359
|move|p1a: Zamazenta|Close Combat|p2a: Mamoswine
|-supereffective|p2a: Mamoswine
|-damage|p2a: Mamoswine|0 fnt
|-unboost|p1a: Zamazenta|def|1
|-unboost|p1a: Zamazenta|spd|1
|-damage|p1a: Zamazenta|84/100|[from] item: Rocky Helmet|[of] p2a: Mamoswine
|faint|p2a: Mamoswine
|
|upkeep
|
|t:|1779844362
|switch|p2a: Staraptor|Staraptor, M|100/100
|turn|6
|
|t:|1779844368
|-terastallize|p2a: Staraptor|Flying
|move|p1a: Zamazenta|Close Combat|p2a: Staraptor
|-resisted|p2a: Staraptor
|-damage|p2a: Staraptor|60/100
|-unboost|p1a: Zamazenta|def|1
|-unboost|p1a: Zamazenta|spd|1
|move|p2a: Staraptor|Brave Bird|p1a: Zamazenta
|-supereffective|p1a: Zamazenta
|-damage|p1a: Zamazenta|0 fnt
|faint|p1a: Zamazenta
|-damage|p2a: Staraptor|31/100|[from] Recoil
|
|upkeep
|
|t:|1779844373
|switch|p1a: Gliscor|Gliscor, M|100/100
|turn|7
|
|t:|1779844380
|move|p2a: Staraptor|Brave Bird|p1a: Gliscor
|-damage|p1a: Gliscor|21/100
|-damage|p2a: Staraptor|1/100|[from] Recoil
|move|p1a: Gliscor|Knock Off|p2a: Staraptor
|-damage|p2a: Staraptor|0 fnt
|-enditem|p2a: Staraptor|Sharp Beak|[from] move: Knock Off|[of] p1a: Gliscor
|faint|p2a: Staraptor
|
|-status|p1a: Gliscor|tox|[from] item: Toxic Orb
|upkeep
|
|t:|1779844384
|switch|p2a: Milotic|Milotic, F|100/100
|-damage|p2a: Milotic|84/100|[from] Spikes
|turn|8
|
|t:|1779844386
|move|p1a: Gliscor|Swords Dance|p1a: Gliscor
|-boost|p1a: Gliscor|atk|2
|move|p2a: Milotic|Ice Beam|p1a: Gliscor
|-supereffective|p1a: Gliscor
|-damage|p1a: Gliscor|0 fnt
|faint|p1a: Gliscor
|
|-heal|p2a: Milotic|90/100|[from] item: Leftovers
|upkeep
|
|t:|1779844390
|switch|p1a: Blissey|Blissey, F|100/100
|turn|9
|
|t:|1779844393
|move|p2a: Milotic|Scald|p1a: Blissey
|-damage|p1a: Blissey|91/100
|move|p1a: Blissey|Calm Mind|p1a: Blissey
|-boost|p1a: Blissey|spa|1
|-boost|p1a: Blissey|spd|1
|
|-heal|p2a: Milotic|96/100|[from] item: Leftovers
|upkeep
|turn|10
|
|t:|1779844402
|move|p2a: Milotic|Scald|p1a: Blissey
|-damage|p1a: Blissey|84/100
|move|p1a: Blissey|Stealth Rock|p2a: Milotic
|-sidestart|p2: CHixxxxx122|move: Stealth Rock
|
|-heal|p2a: Milotic|100/100|[from] item: Leftovers
|upkeep
|turn|11
|
|t:|1779844410
|move|p2a: Milotic|Scald|p1a: Blissey
|-damage|p1a: Blissey|77/100
|move|p1a: Blissey|Calm Mind|p1a: Blissey
|-boost|p1a: Blissey|spa|1
|-boost|p1a: Blissey|spd|1
|
|upkeep
|turn|12
|
|t:|1779844419
|move|p2a: Milotic|Haze|p2a: Milotic
|-clearallboost
|move|p1a: Blissey|Soft-Boiled|p1a: Blissey
|-heal|p1a: Blissey|100/100
|
|upkeep
|turn|13
|
|t:|1779844425
|move|p2a: Milotic|Scald|p1a: Blissey
|-damage|p1a: Blissey|91/100
|move|p1a: Blissey|Calm Mind|p1a: Blissey
|-boost|p1a: Blissey|spa|1
|-boost|p1a: Blissey|spd|1
|
|upkeep
|turn|14
|
|t:|1779844429
|move|p2a: Milotic|Haze|p2a: Milotic
|-clearallboost
|move|p1a: Blissey|Soft-Boiled|p1a: Blissey
|-heal|p1a: Blissey|100/100
|
|upkeep
|turn|15
|
|t:|1779844440
|move|p2a: Milotic|Scald|p1a: Blissey
|-damage|p1a: Blissey|91/100
|move|p1a: Blissey|Calm Mind|p1a: Blissey
|-boost|p1a: Blissey|spa|1
|-boost|p1a: Blissey|spd|1
|
|upkeep
|turn|16
|
|t:|1779844447
|move|p2a: Milotic|Haze|p2a: Milotic
|-clearallboost
|move|p1a: Blissey|Soft-Boiled|p1a: Blissey
|-heal|p1a: Blissey|100/100
|
|upkeep
|turn|17
|
|t:|1779844454
|move|p2a: Milotic|Scald|p1a: Blissey
|-damage|p1a: Blissey|90/100
|move|p1a: Blissey|Calm Mind|p1a: Blissey
|-boost|p1a: Blissey|spa|1
|-boost|p1a: Blissey|spd|1
|
|upkeep
|turn|18
|
|t:|1779844461
|move|p2a: Milotic|Scald|p1a: Blissey
|-damage|p1a: Blissey|83/100
|move|p1a: Blissey|Soft-Boiled|p1a: Blissey
|-heal|p1a: Blissey|100/100
|
|upkeep
|turn|19
|
|t:|1779844470
|move|p2a: Milotic|Haze|p2a: Milotic
|-clearallboost
|move|p1a: Blissey|Calm Mind|p1a: Blissey
|-boost|p1a: Blissey|spa|1
|-boost|p1a: Blissey|spd|1
|
|upkeep
|turn|20
|
|t:|1779844477
|switch|p1a: Gholdengo|Gholdengo|100/100
|move|p2a: Milotic|Scald|p1a: Gholdengo
|-damage|p1a: Gholdengo|68/100
|
|upkeep
|turn|21
|
|t:|1779844485
|move|p1a: Gholdengo|Thunder Wave|p2a: Milotic
|-status|p2a: Milotic|par
|move|p2a: Milotic|Scald|p1a: Gholdengo
|-damage|p1a: Gholdengo|38/100
|
|upkeep
|turn|22
|
|t:|1779844497
|move|p1a: Gholdengo|Recover|p1a: Gholdengo
|-heal|p1a: Gholdengo|88/100
|cant|p2a: Milotic|par
|
|upkeep
|turn|23
|
|t:|1779844505
|move|p1a: Gholdengo|Nasty Plot|p1a: Gholdengo
|-boost|p1a: Gholdengo|spa|2
|move|p2a: Milotic|Scald|p1a: Gholdengo
|-damage|p1a: Gholdengo|57/100
|
|upkeep
|turn|24
|
|t:|1779844519
|move|p1a: Gholdengo|Hex|p2a: Milotic
|-damage|p2a: Milotic|14/100 par
|move|p2a: Milotic|Mirror Coat|p1a: Gholdengo
|-damage|p1a: Gholdengo|0 fnt
|faint|p1a: Gholdengo
|
|-heal|p2a: Milotic|20/100 par|[from] item: Leftovers
|upkeep
|
|t:|1779844535
|switch|p1a: Pecharunt|Pecharunt|100/100
|turn|25
|
|t:|1779844544
|move|p1a: Pecharunt|Shadow Ball|p2a: Milotic
|-damage|p2a: Milotic|3/100 par
|cant|p2a: Milotic|par
|
|-heal|p2a: Milotic|9/100 par|[from] item: Leftovers
|upkeep
|turn|26
|
|t:|1779844547
|move|p1a: Pecharunt|Shadow Ball|p2a: Milotic
|-damage|p2a: Milotic|0 fnt
|faint|p2a: Milotic
|
|upkeep
|
|t:|1779844551
|switch|p2a: Skuntank|Skuntank, F|100/100
|-damage|p2a: Skuntank|84/100|[from] Spikes
|-damage|p2a: Skuntank|72/100|[from] Stealth Rock
|turn|27
|
|t:|1779844561
|move|p2a: Skuntank|Knock Off|p1a: Pecharunt
|-supereffective|p1a: Pecharunt
|-damage|p1a: Pecharunt|41/100
|-enditem|p1a: Pecharunt|Heavy-Duty Boots|[from] move: Knock Off|[of] p2a: Skuntank
|-damage|p2a: Skuntank|62/100|[from] item: Life Orb
|move|p1a: Pecharunt|Parting Shot|p2a: Skuntank
|-unboost|p2a: Skuntank|atk|1
|-unboost|p2a: Skuntank|spa|1
|
|t:|1779844573
|switch|p1a: Blissey|Blissey, F|100/100|[from] Parting Shot
|
|upkeep
|turn|28
|
|t:|1779844578
|move|p2a: Skuntank|Knock Off|p1a: Blissey
|-damage|p1a: Blissey|64/100
|-enditem|p1a: Blissey|Heavy-Duty Boots|[from] move: Knock Off|[of] p2a: Skuntank
|-damage|p2a: Skuntank|52/100|[from] item: Life Orb
|move|p1a: Blissey|Calm Mind|p1a: Blissey
|-boost|p1a: Blissey|spa|1
|-boost|p1a: Blissey|spd|1
|
|upkeep
|turn|29
|
|t:|1779844591
|switch|p2a: Lilligant|Lilligant-Hisui, F|100/100
|-damage|p2a: Lilligant|84/100|[from] Spikes
|-damage|p2a: Lilligant|78/100|[from] Stealth Rock
|move|p1a: Blissey|Soft-Boiled|p1a: Blissey
|-heal|p1a: Blissey|100/100
|
|upkeep
|turn|30
|
|t:|1779844596
|move|p2a: Lilligant|Leaf Blade|p1a: Blissey
|-damage|p1a: Blissey|54/100
|move|p1a: Blissey|Calm Mind|p1a: Blissey
|-boost|p1a: Blissey|spa|1
|-boost|p1a: Blissey|spd|1
|
|upkeep
|turn|31
|
|t:|1779844607
|switch|p1a: Pecharunt|Pecharunt|41/100
|move|p2a: Lilligant|Leaf Blade|p1a: Pecharunt
|-resisted|p1a: Pecharunt
|-damage|p1a: Pecharunt|31/100
|
|upkeep
|turn|32
|
|t:|1779844619
|switch|p2a: Skuntank|Skuntank, F|52/100
|-damage|p2a: Skuntank|36/100|[from] Spikes
|-damage|p2a: Skuntank|23/100|[from] Stealth Rock
|move|p1a: Pecharunt|Recover|p1a: Pecharunt
|-heal|p1a: Pecharunt|81/100
|
|upkeep
|turn|33
|
|t:|1779844626
|move|p2a: Skuntank|Knock Off|p1a: Pecharunt
|-supereffective|p1a: Pecharunt
|-crit|p1a: Pecharunt
|-damage|p1a: Pecharunt|25/100
|-damage|p2a: Skuntank|13/100|[from] item: Life Orb
|move|p1a: Pecharunt|Shadow Ball|p2a: Skuntank
|-resisted|p2a: Skuntank
|-damage|p2a: Skuntank|0 fnt
|faint|p2a: Skuntank
|
|upkeep
|
|t:|1779844631
|switch|p2a: Porygon2|Porygon2|100/100
|-damage|p2a: Porygon2|84/100|[from] Spikes
|-damage|p2a: Porygon2|72/100|[from] Stealth Rock
|turn|34
|
|t:|1779844638
|move|p1a: Pecharunt|Toxic|p2a: Porygon2
|-status|p2a: Porygon2|tox
|-start|p2a: Porygon2|confusion|[from] ability: Poison Puppeteer|[of] p1a: Pecharunt
|-activate|p2a: Porygon2|confusion
|-damage|p2a: Porygon2|66/100 tox|[from] confusion
|
|-damage|p2a: Porygon2|60/100 tox|[from] psn
|upkeep
|turn|35
|
|t:|1779844649
|move|p1a: Pecharunt|Recover|p1a: Pecharunt
|-heal|p1a: Pecharunt|75/100
|-activate|p2a: Porygon2|confusion
|-damage|p2a: Porygon2|55/100 tox|[from] confusion
|
|-damage|p2a: Porygon2|42/100 tox|[from] psn
|upkeep
|turn|36
|
|t:|1779844660
|move|p1a: Pecharunt|Recover|p1a: Pecharunt
|-heal|p1a: Pecharunt|100/100
|-activate|p2a: Porygon2|confusion
|move|p2a: Porygon2|Ice Beam|p1a: Pecharunt
|-damage|p1a: Pecharunt|75/100
|
|-damage|p2a: Porygon2|24/100 tox|[from] psn
|upkeep
|turn|37
|
|t:|1779844668
|move|p1a: Pecharunt|Recover|p1a: Pecharunt
|-heal|p1a: Pecharunt|100/100
|-end|p2a: Porygon2|confusion
|move|p2a: Porygon2|Charge Beam|p1a: Pecharunt|[miss]
|-miss|p2a: Porygon2|p1a: Pecharunt
|
|-damage|p2a: Porygon2|0 fnt|[from] psn
|faint|p2a: Porygon2
|upkeep
|
|t:|1779844670
|switch|p2a: Lilligant|Lilligant-Hisui, F|78/100
|-damage|p2a: Lilligant|62/100|[from] Spikes
|-damage|p2a: Lilligant|56/100|[from] Stealth Rock
|turn|38
|
|t:|1779844675
|move|p2a: Lilligant|Leaf Blade|p1a: Pecharunt
|-resisted|p1a: Pecharunt
|-crit|p1a: Pecharunt
|-damage|p1a: Pecharunt|84/100
|move|p1a: Pecharunt|Toxic|p2a: Lilligant
|-status|p2a: Lilligant|tox
|-start|p2a: Lilligant|confusion|[from] ability: Poison Puppeteer|[of] p1a: Pecharunt
|
|-damage|p2a: Lilligant|50/100 tox|[from] psn
|upkeep
|turn|39
|
|t:|1779844701
|-activate|p2a: Lilligant|confusion
|move|p2a: Lilligant|Leaf Blade|p1a: Pecharunt
|-resisted|p1a: Pecharunt
|-damage|p1a: Pecharunt|74/100
|move|p1a: Pecharunt|Recover|p1a: Pecharunt
|-heal|p1a: Pecharunt|100/100
|
|-damage|p2a: Lilligant|38/100 tox|[from] psn
|upkeep
|turn|40
|
|t:|1779844710
|-activate|p2a: Lilligant|confusion
|move|p2a: Lilligant|Leaf Blade|p1a: Pecharunt
|-resisted|p1a: Pecharunt
|-damage|p1a: Pecharunt|89/100
|move|p1a: Pecharunt|Parting Shot|p2a: Lilligant
|-unboost|p2a: Lilligant|atk|1
|-unboost|p2a: Lilligant|spa|1
|
|t:|1779844720
|switch|p1a: Blissey|Blissey, F|54/100|[from] Parting Shot
|
|-damage|p2a: Lilligant|19/100 tox|[from] psn
|upkeep
|turn|41
|
|t:|1779844733
|-activate|p2a: Lilligant|confusion
|move|p2a: Lilligant|Leaf Blade|p1a: Blissey
|-damage|p1a: Blissey|25/100
|move|p1a: Blissey|Soft-Boiled|p1a: Blissey
|-heal|p1a: Blissey|75/100
|
|-damage|p2a: Lilligant|0 fnt|[from] psn
|faint|p2a: Lilligant
|
|win|claudechamp
|raw|claudechamp's rating: 1175 &rarr; <strong>1199</strong><br />(+24 for winning)
|raw|CHixxxxx122's rating: 1158 &rarr; <strong>1134</strong><br />(-24 for losing)
|c|☆claudechamp|gg
|l|‽CHixxxxx122
|player|p2|
|l|☆claudechamp
|player|p1|
