|j|☆neonorigin
|j|☆Nxp Nxp
|t:|1779965081
|gametype|singles
|player|p1|neonorigin|266|1484
|player|p2|Nxp Nxp|roxie-masters|1454
|gen|9
|tier|[Gen 9] OU
|rated|
|rule|HP Percentage Mod: HP is shown in percentages
|rule|Endless Battle Clause: Forcing endless battles is banned
|rule|Species Clause: Limit one of each Pokémon
|rule|OHKO Clause: OHKO moves are banned
|rule|Evasion Items Clause: Evasion items are banned
|rule|Evasion Moves Clause: Evasion moves are banned
|rule|Evasion Abilities Clause: Evasion abilities are banned
|rule|Sleep Moves Clause: Sleep-inducing moves are banned
|clearpoke
|poke|p1|Snorlax, M|
|poke|p1|Ting-Lu|
|poke|p1|Dragonite, M|
|poke|p1|Great Tusk|
|poke|p1|Kyurem|
|poke|p1|Slowking-Galar, M|
|poke|p2|Gholdengo|
|poke|p2|Zamazenta-*|
|poke|p2|Ting-Lu|
|poke|p2|Clefable, F|
|poke|p2|Dragonite, M|
|poke|p2|Deoxys-Speed|
|teampreview
|inactive|Battle timer is ON: inactive players will automatically lose when time's up. (requested by Nxp Nxp)
|
|t:|1779965098
|teamsize|p1|6
|teamsize|p2|6
|start
|switch|p1a: Ting-Lu|Ting-Lu|100/100
|switch|p2a: Clefable|Clefable, F|100/100
|-ability|p1a: Ting-Lu|Vessel of Ruin
|turn|1
|
|t:|1779965107
|move|p2a: Clefable|Stealth Rock|p1a: Ting-Lu
|-sidestart|p1: neonorigin|move: Stealth Rock
|move|p1a: Ting-Lu|Stealth Rock|p2a: Clefable
|-sidestart|p2: Nxp Nxp|move: Stealth Rock
|
|upkeep
|turn|2
|
|t:|1779965122
|switch|p1a: Slowking|Slowking-Galar, M|100/100
|move|p2a: Clefable|Knock Off|p1a: Slowking
|-supereffective|p1a: Slowking
|-crit|p1a: Slowking
|-damage|p1a: Slowking|50/100
|-enditem|p1a: Slowking|Heavy-Duty Boots|[from] move: Knock Off|[of] p2a: Clefable
|
|upkeep
|turn|3
|
|t:|1779965129
|switch|p2a: Gholdengo|Gholdengo|100/100
|move|p1a: Slowking|Thunder Wave|p2a: Gholdengo
|-immune|p2a: Gholdengo|[from] ability: Good as Gold
|
|upkeep
|turn|4
|
|t:|1779965137
|switch|p2a: Ting-Lu|Ting-Lu|100/100
|-damage|p2a: Ting-Lu|94/100|[from] Stealth Rock
|-ability|p2a: Ting-Lu|Vessel of Ruin
|switch|p1a: Ting-Lu|Ting-Lu|100/100
|-damage|p1a: Ting-Lu|94/100|[from] Stealth Rock
|-ability|p1a: Ting-Lu|Vessel of Ruin
|
|-heal|p2a: Ting-Lu|100/100|[from] item: Leftovers
|-heal|p1a: Ting-Lu|100/100|[from] item: Leftovers
|upkeep
|turn|5
|
|t:|1779965140
|switch|p1a: Great Tusk|Great Tusk|100/100
|move|p2a: Ting-Lu|Spikes|p1a: Great Tusk
|-sidestart|p1: neonorigin|Spikes
|
|upkeep
|turn|6
|
|t:|1779965162
|-terastallize|p2a: Ting-Lu|Ghost
|move|p1a: Great Tusk|Headlong Rush|p2a: Ting-Lu
|-crit|p2a: Ting-Lu
|-damage|p2a: Ting-Lu|50/100
|-unboost|p1a: Great Tusk|def|1
|-unboost|p1a: Great Tusk|spd|1
|move|p2a: Ting-Lu|Ruination|p1a: Great Tusk
|-damage|p1a: Great Tusk|51/100
|
|-heal|p2a: Ting-Lu|56/100|[from] item: Leftovers
|upkeep
|turn|7
|
|t:|1779965179
|switch|p2a: Clefable|Clefable, F|100/100
|move|p1a: Great Tusk|Headlong Rush|p2a: Clefable
|-damage|p2a: Clefable|51/100
|-unboost|p1a: Great Tusk|def|1
|-unboost|p1a: Great Tusk|spd|1
|-damage|p1a: Great Tusk|34/100|[from] item: Rocky Helmet|[of] p2a: Clefable
|
|upkeep
|turn|8
|
|t:|1779965182
|switch|p2a: Ting-Lu|Ting-Lu, tera:Ghost|56/100
|-damage|p2a: Ting-Lu|44/100|[from] Stealth Rock
|-ability|p2a: Ting-Lu|Vessel of Ruin
|move|p1a: Great Tusk|Rapid Spin|p2a: Ting-Lu
|-immune|p2a: Ting-Lu
|
|-heal|p2a: Ting-Lu|50/100|[from] item: Leftovers
|upkeep
|turn|9
|
|t:|1779965188
|move|p1a: Great Tusk|Headlong Rush|p2a: Ting-Lu
|-damage|p2a: Ting-Lu|15/100
|-unboost|p1a: Great Tusk|def|1
|-unboost|p1a: Great Tusk|spd|1
|move|p2a: Ting-Lu|Earthquake|p1a: Great Tusk
|-damage|p1a: Great Tusk|0 fnt
|faint|p1a: Great Tusk
|-end|p1a: Great Tusk|Protosynthesis|[silent]
|
|-heal|p2a: Ting-Lu|21/100|[from] item: Leftovers
|upkeep
|l|☆Nxp Nxp
|inactive|Nxp Nxp disconnected and has a minute to reconnect!
|player|p2|
|
|t:|1779965216
|switch|p1a: Kyurem|Kyurem|100/100
|-ability|p1a: Kyurem|Pressure
|turn|10
|j|☆Nxp Nxp
|inactive|Nxp Nxp reconnected and has 145 seconds left.
|player|p2|Nxp Nxp|roxie-masters|
|
|t:|1779965229
|move|p1a: Kyurem|Ice Beam|p2a: Ting-Lu
|-damage|p2a: Ting-Lu|1/100
|move|p2a: Ting-Lu|Whirlwind|p1a: Kyurem
|drag|p1a: Ting-Lu|Ting-Lu|100/100
|-damage|p1a: Ting-Lu|94/100|[from] Stealth Rock
|-damage|p1a: Ting-Lu|82/100|[from] Spikes
|-ability|p1a: Ting-Lu|Vessel of Ruin
|
|-heal|p2a: Ting-Lu|8/100|[from] item: Leftovers
|-heal|p1a: Ting-Lu|88/100|[from] item: Leftovers
|upkeep
|turn|11
|
|t:|1779965235
|move|p2a: Ting-Lu|Spikes|p1a: Ting-Lu
|-sidestart|p1: neonorigin|Spikes
|move|p1a: Ting-Lu|Earthquake|p2a: Ting-Lu
|-crit|p2a: Ting-Lu
|-damage|p2a: Ting-Lu|0 fnt
|faint|p2a: Ting-Lu
|
|-heal|p1a: Ting-Lu|94/100|[from] item: Leftovers
|upkeep
|
|t:|1779965239
|switch|p2a: Clefable|Clefable, F|51/100
|turn|12
|
|t:|1779965256
|move|p2a: Clefable|Moonlight|p2a: Clefable
|-heal|p2a: Clefable|100/100
|move|p1a: Ting-Lu|Spikes|p2a: Clefable
|-sidestart|p2: Nxp Nxp|Spikes
|
|-heal|p1a: Ting-Lu|100/100|[from] item: Leftovers
|upkeep
|turn|13
|
|t:|1779965262
|move|p2a: Clefable|Knock Off|p1a: Ting-Lu
|-resisted|p1a: Ting-Lu
|-damage|p1a: Ting-Lu|97/100
|-enditem|p1a: Ting-Lu|Leftovers|[from] move: Knock Off|[of] p2a: Clefable
|move|p1a: Ting-Lu|Spikes|p2a: Clefable
|-sidestart|p2: Nxp Nxp|Spikes
|
|upkeep
|turn|14
|
|t:|1779965265
|move|p2a: Clefable|Moonblast|p1a: Ting-Lu
|-supereffective|p1a: Ting-Lu
|-damage|p1a: Ting-Lu|70/100
|move|p1a: Ting-Lu|Spikes|p2a: Clefable
|-sidestart|p2: Nxp Nxp|Spikes
|
|upkeep
|turn|15
|
|t:|1779965270
|switch|p1a: Slowking|Slowking-Galar, M|83/100
|-damage|p1a: Slowking|71/100|[from] Stealth Rock
|-damage|p1a: Slowking|54/100|[from] Spikes
|move|p2a: Clefable|Moonblast|p1a: Slowking
|-resisted|p1a: Slowking
|-damage|p1a: Slowking|44/100
|
|upkeep
|turn|16
|
|t:|1779965275
|switch|p2a: Gholdengo|Gholdengo|100/100
|-prepare|p1a: Slowking|Chilly Reception|[premajor]
|move|p1a: Slowking|Chilly Reception|p1a: Slowking
|-weather|Snowscape
|
|t:|1779965290
|switch|p1a: Snorlax|Snorlax, M|100/100|[from] Chilly Reception
|-damage|p1a: Snorlax|88/100|[from] Stealth Rock
|-damage|p1a: Snorlax|71/100|[from] Spikes
|
|-weather|Snowscape|[upkeep]
|-heal|p1a: Snorlax|78/100|[from] item: Leftovers
|upkeep
|turn|17
|
|t:|1779965295
|switch|p2a: Zamazenta|Zamazenta|100/100
|-ability|p2a: Zamazenta|Dauntless Shield|boost
|-boost|p2a: Zamazenta|def|1
|move|p1a: Snorlax|Curse|p1a: Snorlax
|-unboost|p1a: Snorlax|spe|1
|-boost|p1a: Snorlax|atk|1
|-boost|p1a: Snorlax|def|1
|
|-weather|Snowscape|[upkeep]
|-heal|p1a: Snorlax|84/100|[from] item: Leftovers
|upkeep
|turn|18
|
|t:|1779965308
|-terastallize|p1a: Snorlax|Fairy
|move|p2a: Zamazenta|Close Combat|p1a: Snorlax
|-resisted|p1a: Snorlax
|-damage|p1a: Snorlax|65/100
|-unboost|p2a: Zamazenta|def|1
|-unboost|p2a: Zamazenta|spd|1
|move|p1a: Snorlax|Curse|p1a: Snorlax
|-unboost|p1a: Snorlax|spe|1
|-boost|p1a: Snorlax|atk|1
|-boost|p1a: Snorlax|def|1
|
|-weather|Snowscape|[upkeep]
|-heal|p1a: Snorlax|71/100|[from] item: Leftovers
|upkeep
|turn|19
|
|t:|1779965312
|move|p2a: Zamazenta|Heavy Slam|p1a: Snorlax
|-supereffective|p1a: Snorlax
|-damage|p1a: Snorlax|60/100
|move|p1a: Snorlax|Heat Crash|p2a: Zamazenta
|-damage|p2a: Zamazenta|76/100
|
|-weather|Snowscape|[upkeep]
|-heal|p1a: Snorlax|66/100|[from] item: Leftovers
|upkeep
|turn|20
|
|t:|1779965317
|switch|p2a: Clefable|Clefable, F|100/100
|move|p1a: Snorlax|Curse|p1a: Snorlax
|-unboost|p1a: Snorlax|spe|1
|-boost|p1a: Snorlax|atk|1
|-boost|p1a: Snorlax|def|1
|
|-weather|none
|-heal|p1a: Snorlax|72/100|[from] item: Leftovers
|upkeep
|turn|21
|
|t:|1779965323
|move|p2a: Clefable|Knock Off|p1a: Snorlax
|-resisted|p1a: Snorlax
|-damage|p1a: Snorlax|69/100
|-enditem|p1a: Snorlax|Leftovers|[from] move: Knock Off|[of] p2a: Clefable
|move|p1a: Snorlax|Body Slam|p2a: Clefable
|-damage|p2a: Clefable|34/100
|-damage|p1a: Snorlax|53/100|[from] item: Rocky Helmet|[of] p2a: Clefable
|
|upkeep
|turn|22
|
|t:|1779965327
|move|p2a: Clefable|Moonblast|p1a: Snorlax
|-damage|p1a: Snorlax|40/100
|-unboost|p1a: Snorlax|spa|1
|move|p1a: Snorlax|Heat Crash|p2a: Clefable
|-damage|p2a: Clefable|0 fnt
|-damage|p1a: Snorlax|23/100|[from] item: Rocky Helmet|[of] p2a: Clefable
|faint|p2a: Clefable
|
|upkeep
|
|t:|1779965330
|switch|p2a: Gholdengo|Gholdengo|100/100
|turn|23
|
|t:|1779965336
|switch|p1a: Ting-Lu|Ting-Lu|70/100
|-damage|p1a: Ting-Lu|64/100|[from] Stealth Rock
|-damage|p1a: Ting-Lu|47/100|[from] Spikes
|-ability|p1a: Ting-Lu|Vessel of Ruin
|move|p2a: Gholdengo|Make It Rain|p1a: Ting-Lu
|-damage|p1a: Ting-Lu|24/100
|-unboost|p2a: Gholdengo|spa|1
|
|upkeep
|turn|24
|
|t:|1779965342
|switch|p2a: Zamazenta|Zamazenta|76/100
|move|p1a: Ting-Lu|Earthquake|p2a: Zamazenta
|-damage|p2a: Zamazenta|46/100
|
|upkeep
|turn|25
|
|t:|1779965345
|move|p2a: Zamazenta|Close Combat|p1a: Ting-Lu
|-supereffective|p1a: Ting-Lu
|-damage|p1a: Ting-Lu|0 fnt
|-unboost|p2a: Zamazenta|def|1
|-unboost|p2a: Zamazenta|spd|1
|faint|p1a: Ting-Lu
|
|upkeep
|
|t:|1779965361
|switch|p1a: Dragonite|Dragonite, M|100/100
|-damage|p1a: Dragonite|76/100|[from] Stealth Rock
|turn|26
|
|t:|1779965368
|move|p2a: Zamazenta|Stone Edge|p1a: Dragonite
|-supereffective|p1a: Dragonite
|-damage|p1a: Dragonite|0 fnt
|faint|p1a: Dragonite
|
|upkeep
|c|☆Nxp Nxp|the fabled 4 attack zama
|
|t:|1779965385
|switch|p1a: Slowking|Slowking-Galar, M|77/100
|-damage|p1a: Slowking|65/100|[from] Stealth Rock
|-damage|p1a: Slowking|48/100|[from] Spikes
|turn|27
|
|t:|1779965390
|move|p2a: Zamazenta|Crunch|p1a: Slowking
|-supereffective|p1a: Slowking
|-damage|p1a: Slowking|0 fnt
|faint|p1a: Slowking
|
|upkeep
|
|t:|1779965394
|switch|p1a: Kyurem|Kyurem|100/100
|-ability|p1a: Kyurem|Pressure
|turn|28
|
|t:|1779965401
|move|p2a: Zamazenta|Close Combat|p1a: Kyurem
|-supereffective|p1a: Kyurem
|-damage|p1a: Kyurem|0 fnt
|-unboost|p2a: Zamazenta|def|1
|-unboost|p2a: Zamazenta|spd|1
|faint|p1a: Kyurem
|
|upkeep
|-message|neonorigin forfeited.
|
|win|Nxp Nxp
|raw|neonorigin's rating: 1484 &rarr; <strong>1462</strong><br />(-22 for losing)
|raw|Nxp Nxp's rating: 1454 &rarr; <strong>1476</strong><br />(+22 for winning)
|l|☆neonorigin
|player|p1|
|l|☆Nxp Nxp
|player|p2|
