|j|☆oseimak000
|j|☆oculo escuros
|t:|1779816186
|gametype|singles
|player|p1|oseimak000|hilbert|1192
|player|p2|oculo escuros|touristf|1200
|gen|9
|tier|[Gen 9] OU
|rated|
|rule|HP Percentage Mod: HP is shown in percentages
|rule|Endless Battle Clause: Forcing endless battles is banned
|rule|Species Clause: Limit one of each Pokémon
|rule|OHKO Clause: OHKO moves are banned
|rule|Evasion Items Clause: Evasion items are banned
|rule|Evasion Moves Clause: Evasion moves are banned
|rule|Evasion Abilities Clause: Evasion abilities are banned
|rule|Sleep Moves Clause: Sleep-inducing moves are banned
|clearpoke
|poke|p1|Ceruledge, M|
|poke|p1|Greninja-*, M|
|poke|p1|Blaziken, M|
|poke|p1|Ogerpon-Wellspring, F|
|poke|p1|Dragonite, F|
|poke|p1|Lucario, M|
|poke|p2|Umbreon, F|
|poke|p2|Mandibuzz, F|
|poke|p2|Clodsire, F|
|poke|p2|Hatterene, F|
|poke|p2|Slowking, M|
|poke|p2|Crocalor, F|
|teampreview
|inactive|Battle timer is ON: inactive players will automatically lose when time's up. (requested by oculo escuros)
|
|t:|1779816202
|teamsize|p1|6
|teamsize|p2|6
|start
|switch|p1a: Dragonite|Dragonite, F|100/100
|switch|p2a: Checktung|Slowking, M|100/100
|turn|1
|
|t:|1779816214
|move|p1a: Dragonite|Dragon Dance|p1a: Dragonite
|-boost|p1a: Dragonite|atk|1
|-boost|p1a: Dragonite|spe|1
|move|p2a: Checktung|Scald|p1a: Dragonite
|-resisted|p1a: Dragonite
|-crit|p1a: Dragonite
|-damage|p1a: Dragonite|85/100
|-status|p1a: Dragonite|brn
|
|-damage|p1a: Dragonite|79/100 brn|[from] brn
|upkeep
|turn|2
|inactive|oculo escuros has 120 seconds left.
|
|t:|1779816266
|switch|p2a: Checking|Mandibuzz, F|100/100
|move|p1a: Dragonite|Dragon Dance|p1a: Dragonite
|-boost|p1a: Dragonite|atk|1
|-boost|p1a: Dragonite|spe|1
|
|-damage|p1a: Dragonite|73/100 brn|[from] brn
|upkeep
|turn|3
|inactive|oculo escuros has 90 seconds left.
|
|t:|1779816294
|move|p1a: Dragonite|Ice Beam|p2a: Checking
|-supereffective|p2a: Checking
|-damage|p2a: Checking|64/100
|move|p2a: Checking|Foul Play|p1a: Dragonite
|-damage|p1a: Dragonite|0 fnt
|faint|p1a: Dragonite
|
|upkeep
|
|t:|1779816306
|switch|p1a: Ogerpon|Ogerpon-Wellspring, F|100/100
|turn|4
|
|t:|1779816313
|-terastallize|p1a: Ogerpon|Water
|detailschange|p1a: Ogerpon|Ogerpon-Wellspring-Tera, F, tera:Water
|-ability|p1a: Ogerpon|Embody Aspect (Wellspring)|boost
|-boost|p1a: Ogerpon|spd|1
|move|p1a: Ogerpon|Swords Dance|p1a: Ogerpon
|-boost|p1a: Ogerpon|atk|2
|move|p2a: Checking|Roost|p2a: Checking
|-heal|p2a: Checking|100/100
|-singleturn|p2a: Checking|move: Roost
|
|upkeep
|turn|5
|
|t:|1779816335
|move|p1a: Ogerpon|Swords Dance|p1a: Ogerpon
|-boost|p1a: Ogerpon|atk|2
|move|p2a: Checking|Foul Play|p1a: Ogerpon
|-damage|p1a: Ogerpon|0 fnt
|faint|p1a: Ogerpon
|detailschange|p1: Ogerpon|Ogerpon-Wellspring, F|[silent]
|
|upkeep
|
|t:|1779816341
|switch|p1a: Lucario|Lucario, M, shiny|100/100
|turn|6
|
|t:|1779816356
|switch|p2a: Checkaloo|Crocalor, F|100/100
|move|p1a: Lucario|Swords Dance|p1a: Lucario
|-boost|p1a: Lucario|atk|2
|
|upkeep
|turn|7
|
|t:|1779816363
|move|p1a: Lucario|Swords Dance|p1a: Lucario
|-boost|p1a: Lucario|atk|2
|move|p2a: Checkaloo|Will-O-Wisp|p1a: Lucario
|-status|p1a: Lucario|brn
|
|-damage|p1a: Lucario|94/100 brn|[from] brn
|upkeep
|turn|8
|
|t:|1779816373
|move|p1a: Lucario|Close Combat|p2a: Checkaloo
|-damage|p2a: Checkaloo|86/100
|-unboost|p1a: Lucario|def|1
|-unboost|p1a: Lucario|spd|1
|move|p2a: Checkaloo|Fire Spin|p1a: Lucario|[miss]
|-miss|p2a: Checkaloo|p1a: Lucario
|
|-damage|p1a: Lucario|88/100 brn|[from] brn
|upkeep
|turn|9
|
|t:|1779816382
|move|p1a: Lucario|Extreme Speed|p2a: Checkaloo
|-damage|p2a: Checkaloo|79/100
|move|p2a: Checkaloo|Fire Spin|p1a: Lucario
|-supereffective|p1a: Lucario
|-damage|p1a: Lucario|50/100 brn
|-activate|p1a: Lucario|move: Fire Spin|[of] p2a: Checkaloo
|
|-damage|p1a: Lucario|44/100 brn|[from] brn
|-damage|p1a: Lucario|31/100 brn|[from] move: Fire Spin|[partiallytrapped]
|upkeep
|turn|10
|inactive|oculo escuros has 120 seconds left.
|
|t:|1779816419
|move|p1a: Lucario|Close Combat|p2a: Checkaloo
|-damage|p2a: Checkaloo|65/100
|-unboost|p1a: Lucario|def|1
|-unboost|p1a: Lucario|spd|1
|move|p2a: Checkaloo|Flamethrower|p1a: Lucario
|-supereffective|p1a: Lucario
|-damage|p1a: Lucario|0 fnt
|faint|p1a: Lucario
|
|upkeep
|
|t:|1779816434
|switch|p1a: Blaziken|Blaziken, M, shiny|100/100
|turn|11
|inactive|oculo escuros has 120 seconds left.
|
|t:|1779816457
|switch|p2a: Checking|Mandibuzz, F|100/100
|move|p1a: Blaziken|Swords Dance|p1a: Blaziken
|-boost|p1a: Blaziken|atk|2
|
|-ability|p1a: Blaziken|Speed Boost|boost
|-boost|p1a: Blaziken|spe|1
|upkeep
|turn|12
|
|t:|1779816472
|move|p1a: Blaziken|Swords Dance|p1a: Blaziken
|-boost|p1a: Blaziken|atk|2
|move|p2a: Checking|Foul Play|p1a: Blaziken
|-resisted|p1a: Blaziken
|-enditem|p1a: Blaziken|Focus Sash
|-damage|p1a: Blaziken|1/100
|
|-ability|p1a: Blaziken|Speed Boost|boost
|-boost|p1a: Blaziken|spe|1
|upkeep
|turn|13
|inactive|oculo escuros has 120 seconds left.
|
|t:|1779816480
|move|p1a: Blaziken|Detect|p1a: Blaziken
|-singleturn|p1a: Blaziken|Protect
|move|p2a: Checking|Foul Play|p1a: Blaziken
|-activate|p1a: Blaziken|move: Protect
|
|-ability|p1a: Blaziken|Speed Boost|boost
|-boost|p1a: Blaziken|spe|1
|upkeep
|turn|14
|
|t:|1779816489
|move|p1a: Blaziken|Close Combat|p2a: Checking
|-damage|p2a: Checking|0 fnt
|-unboost|p1a: Blaziken|def|1
|-unboost|p1a: Blaziken|spd|1
|faint|p2a: Checking
|
|-ability|p1a: Blaziken|Speed Boost|boost
|-boost|p1a: Blaziken|spe|1
|upkeep
|
|t:|1779816494
|switch|p2a: Checkaloo|Crocalor, F|65/100
|turn|15
|
|t:|1779816499
|move|p1a: Blaziken|Earthquake|p2a: Checkaloo
|-supereffective|p2a: Checkaloo
|-damage|p2a: Checkaloo|24/100
|move|p2a: Checkaloo|Flamethrower|p1a: Blaziken
|-resisted|p1a: Blaziken
|-damage|p1a: Blaziken|0 fnt
|faint|p1a: Blaziken
|
|upkeep
|
|t:|1779816506
|switch|p1a: Greninja|Greninja, M|100/100
|turn|16
|
|t:|1779816511
|switch|p2a: Checkelung|Clodsire, F|100/100
|move|p1a: Greninja|Hydro Pump|p2a: Checkelung
|-immune|p2a: Checkelung|[from] ability: Water Absorb
|
|upkeep
|turn|17
|
|t:|1779816517
|move|p1a: Greninja|Ice Beam|p2a: Checkelung
|-supereffective|p2a: Checkelung
|-damage|p2a: Checkelung|65/100
|-status|p2a: Checkelung|frz
|cant|p2a: Checkelung|frz
|
|-heal|p2a: Checkelung|71/100 frz|[from] item: Leftovers
|upkeep
|turn|18
|
|t:|1779816526
|move|p1a: Greninja|Ice Beam|p2a: Checkelung
|-supereffective|p2a: Checkelung
|-damage|p2a: Checkelung|36/100 frz
|cant|p2a: Checkelung|frz
|
|-heal|p2a: Checkelung|42/100 frz|[from] item: Leftovers
|upkeep
|turn|19
|
|t:|1779816533
|switch|p2a: Checker|Umbreon, F|100/100
|move|p1a: Greninja|Ice Beam|p2a: Checker
|-damage|p2a: Checker|86/100
|
|-heal|p2a: Checker|92/100|[from] item: Leftovers
|upkeep
|turn|20
|
|t:|1779816545
|switch|p1a: Ceruledge|Ceruledge, M|100/100
|move|p2a: Checker|Toxic|p1a: Ceruledge
|-status|p1a: Ceruledge|tox
|
|-heal|p2a: Checker|98/100|[from] item: Leftovers
|-damage|p1a: Ceruledge|94/100 tox|[from] psn
|upkeep
|turn|21
|
|t:|1779816553
|move|p1a: Ceruledge|Swords Dance|p1a: Ceruledge
|-boost|p1a: Ceruledge|atk|2
|move|p2a: Checker|Foul Play|p1a: Ceruledge
|-supereffective|p1a: Ceruledge
|-damage|p1a: Ceruledge|0 fnt
|faint|p1a: Ceruledge
|
|-heal|p2a: Checker|100/100|[from] item: Leftovers
|upkeep
|c|☆oculo escuros|swords dance
|
|t:|1779816561
|switch|p1a: Greninja|Greninja, M|100/100
|turn|22
|c|☆oculo escuros|swords dance
|c|☆oculo escuros|swords danc
|c|☆oculo escuros|swords dan
|c|☆oculo escuros|swords da
|c|☆oculo escuros|swords d
|c|☆oculo escuros|swords
|
|t:|1779816577
|move|p1a: Greninja|Hydro Pump|p2a: Checker
|-crit|p2a: Checker
|-damage|p2a: Checker|65/100
|move|p2a: Checker|Toxic|p1a: Greninja
|-status|p1a: Greninja|tox
|
|-heal|p2a: Checker|71/100|[from] item: Leftovers
|-damage|p1a: Greninja|95/100 tox|[from] psn
|upkeep
|turn|23
|
|t:|1779816596
|move|p1a: Greninja|Ice Beam|p2a: Checker
|-damage|p2a: Checker|56/100
|move|p2a: Checker|Foul Play|p1a: Greninja
|-resisted|p1a: Greninja
|-damage|p1a: Greninja|72/100 tox
|
|-heal|p1a: Greninja|78/100 tox|[from] item: Leftovers
|-heal|p2a: Checker|62/100|[from] item: Leftovers
|-damage|p1a: Greninja|66/100 tox|[from] psn
|upkeep
|turn|24
|
|t:|1779816605
|move|p2a: Checker|Protect|p2a: Checker
|-singleturn|p2a: Checker|Protect
|move|p1a: Greninja|Ice Beam|p2a: Checker
|-activate|p2a: Checker|move: Protect
|
|-heal|p1a: Greninja|72/100 tox|[from] item: Leftovers
|-heal|p2a: Checker|68/100|[from] item: Leftovers
|-damage|p1a: Greninja|55/100 tox|[from] psn
|upkeep
|turn|25
|
|t:|1779816613
|move|p1a: Greninja|Hydro Pump|p2a: Checker|[miss]
|-miss|p1a: Greninja|p2a: Checker
|move|p2a: Checker|Wish|p2a: Checker
|
|-heal|p1a: Greninja|60/100 tox|[from] item: Leftovers
|-heal|p2a: Checker|74/100|[from] item: Leftovers
|-damage|p1a: Greninja|37/100 tox|[from] psn
|upkeep
|turn|26
|-message|oseimak000 forfeited.
|
|win|oculo escuros
|raw|oseimak000's rating: 1192 &rarr; <strong>1168</strong><br />(-24 for losing)
|raw|oculo escuros's rating: 1200 &rarr; <strong>1224</strong><br />(+24 for winning)
|l|☆oseimak000
|player|p1|
|l|☆oculo escuros
|player|p2|
