|j|☆mafuyuyume
|j|‽CP28028
|t:|1779941586
|gametype|singles
|player|p1|mafuyuyume|169|1355
|player|p2|CP28028|swimmerf-gen4dp|1458
|gen|9
|tier|[Gen 9] OU
|rated|
|rule|HP Percentage Mod: HP is shown in percentages
|rule|Endless Battle Clause: Forcing endless battles is banned
|rule|Species Clause: Limit one of each Pokémon
|rule|OHKO Clause: OHKO moves are banned
|rule|Evasion Items Clause: Evasion items are banned
|rule|Evasion Moves Clause: Evasion moves are banned
|rule|Evasion Abilities Clause: Evasion abilities are banned
|rule|Sleep Moves Clause: Sleep-inducing moves are banned
|clearpoke
|poke|p1|Enamorus, F|
|poke|p1|Weavile, M|
|poke|p1|Dragapult, F|
|poke|p1|Gholdengo|
|poke|p1|Great Tusk|
|poke|p1|Samurott-Hisui, M|
|poke|p2|Regieleki|
|poke|p2|Kingambit, F|
|poke|p2|Kyurem|
|poke|p2|Garganacl, M|
|poke|p2|Ting-Lu|
|poke|p2|Moltres|
|teampreview
|inactive|Battle timer is ON: inactive players will automatically lose when time's up. (requested by CP28028)
|
|t:|1779941592
|teamsize|p1|6
|teamsize|p2|6
|start
|switch|p1a: Gramps|Samurott-Hisui, M|100/100
|switch|p2a: Regieleki|Regieleki|100/100
|turn|1
|
|t:|1779941625
|switch|p2a: Moltres|Moltres|100/100
|move|p1a: Gramps|Ceaseless Edge|p2a: Moltres
|-damage|p2a: Moltres|72/100
|-sidestart|p2: CP28028|Spikes
|
|upkeep
|turn|2
|
|t:|1779941629
|move|p1a: Gramps|Knock Off|p2a: Moltres
|-damage|p2a: Moltres|42/100
|-enditem|p2a: Moltres|Heavy-Duty Boots|[from] move: Knock Off|[of] p1a: Gramps
|move|p2a: Moltres|U-turn|p1a: Gramps
|-supereffective|p1a: Gramps
|-damage|p1a: Gramps|63/100
|
|t:|1779941633
|switch|p2a: Regieleki|Regieleki|100/100|[from] U-turn
|
|upkeep
|turn|3
|
|t:|1779941640
|switch|p1a: Great Tusk|Great Tusk|100/100
|-enditem|p1a: Great Tusk|Booster Energy
|-activate|p1a: Great Tusk|ability: Protosynthesis|[fromitem]
|-start|p1a: Great Tusk|protosynthesisatk
|move|p2a: Regieleki|Volt Switch|p1a: Great Tusk
|-immune|p1a: Great Tusk
|
|upkeep
|turn|4
|
|t:|1779941654
|switch|p2a: Moltres|Moltres|42/100
|move|p1a: Great Tusk|Knock Off|p2a: Moltres
|-damage|p2a: Moltres|21/100
|
|upkeep
|turn|5
|
|t:|1779941669
|move|p1a: Great Tusk|Close Combat|p2a: Moltres
|-resisted|p2a: Moltres
|-damage|p2a: Moltres|0 fnt
|-unboost|p1a: Great Tusk|def|1
|-unboost|p1a: Great Tusk|spd|1
|-status|p1a: Great Tusk|brn|[from] ability: Flame Body|[of] p2a: Moltres
|faint|p2a: Moltres
|
|-damage|p1a: Great Tusk|94/100 brn|[from] brn
|upkeep
|
|t:|1779941688
|switch|p2a: Garganacl|Garganacl, M|100/100
|-damage|p2a: Garganacl|88/100|[from] Spikes
|turn|6
|l|‽CP28028
|inactive|CP28028 disconnected and has a minute to reconnect!
|player|p2|
|
|t:|1779941707
|-end|p1a: Great Tusk|Protosynthesis|[silent]
|switch|p1a: Gramps|Samurott-Hisui, M|63/100
|move|p2a: Garganacl|Curse|p2a: Garganacl
|-unboost|p2a: Garganacl|spe|1
|-boost|p2a: Garganacl|atk|1
|-boost|p2a: Garganacl|def|1
|
|-heal|p2a: Garganacl|94/100|[from] item: Leftovers
|upkeep
|turn|7
|j|‽CP28028
|inactive|CP28028 reconnected and has 130 seconds left.
|player|p2|CP28028|swimmerf-gen4dp|
|n|‽CP28028|cp28028
|l|‽CP28028
|inactive|CP28028 disconnected and has a minute to reconnect!
|player|p2|
|j|‽CP28028
|inactive|CP28028 reconnected and has 115 seconds left.
|player|p2|CP28028|swimmerf-gen4dp|
|
|t:|1779941754
|move|p1a: Gramps|Knock Off|p2a: Garganacl
|-damage|p2a: Garganacl|75/100
|-enditem|p2a: Garganacl|Leftovers|[from] move: Knock Off|[of] p1a: Gramps
|move|p2a: Garganacl|Curse|p2a: Garganacl
|-unboost|p2a: Garganacl|spe|1
|-boost|p2a: Garganacl|atk|1
|-boost|p2a: Garganacl|def|1
|
|upkeep
|turn|8
|
|t:|1779941765
|move|p1a: Gramps|Ceaseless Edge|p2a: Garganacl
|-damage|p2a: Garganacl|59/100
|-sidestart|p2: CP28028|Spikes
|move|p2a: Garganacl|Recover|p2a: Garganacl
|-heal|p2a: Garganacl|100/100
|
|upkeep
|turn|9
|
|t:|1779941772
|move|p1a: Gramps|Ceaseless Edge|p2a: Garganacl
|-damage|p2a: Garganacl|85/100
|-sidestart|p2: CP28028|Spikes
|move|p2a: Garganacl|Curse|p2a: Garganacl
|-unboost|p2a: Garganacl|spe|1
|-boost|p2a: Garganacl|atk|1
|-boost|p2a: Garganacl|def|1
|
|upkeep
|turn|10
|
|t:|1779941789
|move|p1a: Gramps|Razor Shell|p2a: Garganacl
|-supereffective|p2a: Garganacl
|-damage|p2a: Garganacl|58/100
|move|p2a: Garganacl|Curse|p2a: Garganacl
|-unboost|p2a: Garganacl|spe|1
|-boost|p2a: Garganacl|atk|1
|-boost|p2a: Garganacl|def|1
|
|upkeep
|turn|11
|inactive|CP28028 has 120 seconds left.
|
|t:|1779941796
|move|p1a: Gramps|Razor Shell|p2a: Garganacl
|-supereffective|p2a: Garganacl
|-damage|p2a: Garganacl|34/100
|move|p2a: Garganacl|Recover|p2a: Garganacl
|-heal|p2a: Garganacl|84/100
|
|upkeep
|turn|12
|
|t:|1779941801
|move|p1a: Gramps|Razor Shell|p2a: Garganacl
|-supereffective|p2a: Garganacl
|-damage|p2a: Garganacl|62/100
|move|p2a: Garganacl|Avalanche|p1a: Gramps
|-resisted|p1a: Gramps
|-damage|p1a: Gramps|14/100
|
|upkeep
|turn|13
|
|t:|1779941808
|move|p1a: Gramps|Razor Shell|p2a: Garganacl
|-supereffective|p2a: Garganacl
|-damage|p2a: Garganacl|37/100
|move|p2a: Garganacl|Recover|p2a: Garganacl
|-heal|p2a: Garganacl|87/100
|
|upkeep
|turn|14
|
|t:|1779941814
|move|p1a: Gramps|Razor Shell|p2a: Garganacl
|-supereffective|p2a: Garganacl
|-damage|p2a: Garganacl|66/100
|-unboost|p2a: Garganacl|def|1
|move|p2a: Garganacl|Salt Cure|p1a: Gramps
|-damage|p1a: Gramps|0 fnt
|faint|p1a: Gramps
|
|upkeep
|
|t:|1779941819
|switch|p1a: Gholdengo|Gholdengo|100/100
|-item|p1a: Gholdengo|Air Balloon
|turn|15
|
|t:|1779941829
|move|p1a: Gholdengo|Make It Rain|p2a: Garganacl
|-supereffective|p2a: Garganacl
|-damage|p2a: Garganacl|0 fnt
|-unboost|p1a: Gholdengo|spa|1
|faint|p2a: Garganacl
|
|upkeep
|
|t:|1779941840
|switch|p2a: Kingambit|Kingambit, F|100/100
|-damage|p2a: Kingambit|76/100|[from] Spikes
|-activate|p2a: Kingambit|ability: Supreme Overlord
|-start|p2a: Kingambit|fallen2|[silent]
|turn|16
|
|t:|1779941858
|switch|p1a: Great Tusk|Great Tusk|94/100 brn
|move|p2a: Kingambit|Swords Dance|p2a: Kingambit
|-boost|p2a: Kingambit|atk|2
|
|-damage|p1a: Great Tusk|88/100 brn|[from] brn
|upkeep
|turn|17
|
|t:|1779941870
|move|p1a: Great Tusk|Close Combat|p2a: Kingambit
|-supereffective|p2a: Kingambit
|-damage|p2a: Kingambit|0 fnt
|-unboost|p1a: Great Tusk|def|1
|-unboost|p1a: Great Tusk|spd|1
|faint|p2a: Kingambit
|-end|p2a: Kingambit|fallen2|[silent]
|
|-damage|p1a: Great Tusk|82/100 brn|[from] brn
|upkeep
|-message|CP28028 forfeited.
|
|win|mafuyuyume
|raw|mafuyuyume's rating: 1355 &rarr; <strong>1381</strong><br />(+26 for winning)
|raw|CP28028's rating: 1458 &rarr; <strong>1432</strong><br />(-26 for losing)
|l|‽CP28028
|player|p2|
|c|☆mafuyuyume|ggg
