|j|☆hallowman33
|j|☆sneedhonedge
|t:|1779870394
|gametype|singles
|player|p1|hallowman33|bugcatcher-gen4dp|1345
|player|p2|sneedhonedge|bugsy|1385
|gen|9
|tier|[Gen 9] OU
|rated|
|rule|HP Percentage Mod: HP is shown in percentages
|rule|Endless Battle Clause: Forcing endless battles is banned
|rule|Species Clause: Limit one of each Pokémon
|rule|OHKO Clause: OHKO moves are banned
|rule|Evasion Items Clause: Evasion items are banned
|rule|Evasion Moves Clause: Evasion moves are banned
|rule|Evasion Abilities Clause: Evasion abilities are banned
|rule|Sleep Moves Clause: Sleep-inducing moves are banned
|clearpoke
|poke|p1|Cyclizar, M|
|poke|p1|Deoxys-Defense|
|poke|p1|Iron Valiant|
|poke|p1|Kyurem|
|poke|p1|Polteageist-Antique|
|poke|p1|Haxorus, M|
|poke|p2|Zapdos|
|poke|p2|Ting-Lu|
|poke|p2|Samurott-Hisui, M|
|poke|p2|Gholdengo|
|poke|p2|Slowking-Galar, F|
|poke|p2|Kyurem|
|teampreview
|inactive|Battle timer is ON: inactive players will automatically lose when time's up. (requested by sneedhonedge)
|inactive|hallowman33 has 120 seconds left.
|
|t:|1779870434
|teamsize|p1|6
|teamsize|p2|6
|start
|switch|p1a: Haxorus|Haxorus, M|100/100
|switch|p2a: Gholdengo|Gholdengo|100/100
|-ability|p1a: Haxorus|Mold Breaker
|turn|1
|inactive|hallowman33 has 120 seconds left.
|inactive|hallowman33 has 90 seconds left.
|
|t:|1779870502
|switch|p2a: Zapdos|Zapdos|100/100
|move|p1a: Haxorus|Dragon Dance|p1a: Haxorus
|-boost|p1a: Haxorus|atk|1
|-boost|p1a: Haxorus|spe|1
|
|upkeep
|turn|2
|inactive|hallowman33 has 90 seconds left.
|
|t:|1779870534
|move|p1a: Haxorus|Dragon Claw|p2a: Zapdos
|-damage|p2a: Zapdos|35/100
|-status|p1a: Haxorus|par|[from] ability: Static|[of] p2a: Zapdos
|-damage|p1a: Haxorus|91/100 par|[from] item: Life Orb
|move|p2a: Zapdos|Discharge|p1a: Haxorus
|-resisted|p1a: Haxorus
|-crit|p1a: Haxorus
|-damage|p1a: Haxorus|52/100 par
|
|upkeep
|turn|3
|
|t:|1779870546
|move|p2a: Zapdos|Volt Switch|p1a: Haxorus
|-resisted|p1a: Haxorus
|-damage|p1a: Haxorus|28/100 par
|
|t:|1779870549
|switch|p2a: Ting-Lu|Ting-Lu|100/100|[from] Volt Switch
|-ability|p2a: Ting-Lu|Vessel of Ruin
|cant|p1a: Haxorus|par
|
|upkeep
|turn|4
|
|t:|1779870561
|cant|p1a: Haxorus|par
|move|p2a: Ting-Lu|Stealth Rock|p1a: Haxorus
|-sidestart|p1: hallowman33|move: Stealth Rock
|
|upkeep
|turn|5
|
|t:|1779870567
|move|p1a: Haxorus|Dragon Claw|p2a: Ting-Lu
|-damage|p2a: Ting-Lu|50/100
|-damage|p1a: Haxorus|18/100 par|[from] item: Life Orb
|move|p2a: Ting-Lu|Earthquake|p1a: Haxorus
|-damage|p1a: Haxorus|0 fnt
|faint|p1a: Haxorus
|
|-heal|p2a: Ting-Lu|56/100|[from] item: Leftovers
|upkeep
|inactive|hallowman33 has 60 seconds left.
|
|t:|1779870607
|switch|p1a: Iron Valiant|Iron Valiant|100/100
|-damage|p1a: Iron Valiant|94/100|[from] Stealth Rock
|turn|6
|inactive|hallowman33 has 30 seconds left.
|
|t:|1779870637
|switch|p2a: Slowking|Slowking-Galar, F|100/100
|move|p1a: Iron Valiant|Knock Off|p2a: Slowking
|-supereffective|p2a: Slowking
|-damage|p2a: Slowking|0 fnt
|-enditem|p2a: Slowking|Heavy-Duty Boots|[from] move: Knock Off|[of] p1a: Iron Valiant
|faint|p2a: Slowking
|
|upkeep
|
|t:|1779870648
|switch|p2a: Ting-Lu|Ting-Lu|56/100
|-ability|p2a: Ting-Lu|Vessel of Ruin
|turn|7
|inactive|hallowman33 has 30 seconds left.
|
|t:|1779870665
|-end|p1a: Iron Valiant|Quark Drive|[silent]
|switch|p1a: Cyclizar|Cyclizar, M|100/100
|move|p2a: Ting-Lu|Earthquake|p1a: Cyclizar
|-damage|p1a: Cyclizar|47/100
|
|-heal|p2a: Ting-Lu|62/100|[from] item: Leftovers
|upkeep
|turn|8
|inactive|hallowman33 has 30 seconds left.
|inactive|hallowman33 has 20 seconds left.
|inactive|hallowman33 has 15 seconds left.
|
|t:|1779870692
|switch|p2a: Gholdengo|Gholdengo|100/100
|move|p1a: Cyclizar|Rapid Spin|p2a: Gholdengo
|-immune|p2a: Gholdengo
|
|upkeep
|turn|9
|inactive|hallowman33 has 25 seconds left this turn.
|inactive|hallowman33 has 20 seconds left.
|
|t:|1779870702
|move|p2a: Gholdengo|Make It Rain|p1a: Cyclizar
|-damage|p1a: Cyclizar|0 fnt
|-unboost|p2a: Gholdengo|spa|1
|faint|p1a: Cyclizar
|
|upkeep
|inactive|hallowman33 has 25 seconds left this turn.
|inactive|hallowman33 has 20 seconds left.
|inactive|hallowman33 has 15 seconds left.
|inactive|hallowman33 has 10 seconds left.
|inactive|hallowman33 has 5 seconds left.
|
|t:|1779870724
|switch|p1a: Kyurem|Kyurem|100/100
|-ability|p1a: Kyurem|Pressure
|turn|10
|inactive|hallowman33 has 15 seconds left this turn.
|inactive|hallowman33 has 10 seconds left.
|
|t:|1779870730
|switch|p2a: Samurott|Samurott-Hisui, M|100/100
|move|p1a: Kyurem|Freeze-Dry|p2a: Samurott
|-supereffective|p2a: Samurott
|-damage|p2a: Samurott|51/100
|-status|p2a: Samurott|frz
|
|upkeep
|turn|11
|inactive|hallowman33 has 20 seconds left this turn.
|inactive|hallowman33 has 15 seconds left.
|inactive|hallowman33 has 10 seconds left.
|
|t:|1779870741
|move|p1a: Kyurem|Freeze-Dry|p2a: Samurott
|-supereffective|p2a: Samurott
|-damage|p2a: Samurott|0 fnt
|faint|p2a: Samurott
|
|upkeep
|
|t:|1779870746
|switch|p2a: Gholdengo|Gholdengo|100/100
|turn|12
|inactive|hallowman33 has 25 seconds left this turn.
|inactive|hallowman33 has 20 seconds left.
|
|t:|1779870753
|-terastallize|p1a: Kyurem|Dragon
|move|p2a: Gholdengo|Make It Rain|p1a: Kyurem
|-damage|p1a: Kyurem|43/100
|-unboost|p2a: Gholdengo|spa|1
|move|p1a: Kyurem|Earth Power|p2a: Gholdengo
|-supereffective|p2a: Gholdengo
|-damage|p2a: Gholdengo|31/100
|
|upkeep
|turn|13
|inactive|hallowman33 has 30 seconds left this turn.
|inactive|hallowman33 has 20 seconds left.
|
|t:|1779870763
|move|p2a: Gholdengo|Make It Rain|p1a: Kyurem
|-damage|p1a: Kyurem|0 fnt
|-unboost|p2a: Gholdengo|spa|1
|faint|p1a: Kyurem
|
|upkeep
|inactive|hallowman33 has 25 seconds left this turn.
|inactive|hallowman33 has 20 seconds left.
|
|t:|1779870770
|switch|p1a: Iron Valiant|Iron Valiant|94/100
|-damage|p1a: Iron Valiant|88/100|[from] Stealth Rock
|turn|14
|inactive|hallowman33 has 30 seconds left this turn.
|
|t:|1779870780
|switch|p2a: Zapdos|Zapdos|35/100
|move|p1a: Iron Valiant|Spirit Break|p2a: Zapdos
|-crit|p2a: Zapdos
|-damage|p2a: Zapdos|0 fnt
|-status|p1a: Iron Valiant|par|[from] ability: Static|[of] p2a: Zapdos
|faint|p2a: Zapdos
|
|upkeep
|
|t:|1779870786
|switch|p2a: Gholdengo|Gholdengo|31/100
|turn|15
|
|t:|1779870795
|-end|p1a: Iron Valiant|Quark Drive|[silent]
|switch|p1a: Deoxys|Deoxys-Defense|100/100
|-damage|p1a: Deoxys|88/100|[from] Stealth Rock
|-ability|p1a: Deoxys|Pressure
|move|p2a: Gholdengo|Make It Rain|p1a: Deoxys
|-damage|p1a: Deoxys|42/100
|-unboost|p2a: Gholdengo|spa|1
|
|upkeep
|turn|16
|
|t:|1779870800
|switch|p2a: Ting-Lu|Ting-Lu|62/100
|-ability|p2a: Ting-Lu|Vessel of Ruin
|move|p1a: Deoxys|Light Screen|p1a: Deoxys
|-sidestart|p1: hallowman33|move: Light Screen
|
|-heal|p2a: Ting-Lu|68/100|[from] item: Leftovers
|upkeep
|turn|17
|
|t:|1779870818
|move|p1a: Deoxys|Reflect|p1a: Deoxys
|-sidestart|p1: hallowman33|Reflect
|move|p2a: Ting-Lu|Whirlwind|p1a: Deoxys
|drag|p1a: Iron Valiant|Iron Valiant|88/100 par
|-damage|p1a: Iron Valiant|82/100 par|[from] Stealth Rock
|
|-heal|p2a: Ting-Lu|75/100|[from] item: Leftovers
|upkeep
|turn|18
|
|t:|1779870824
|move|p1a: Iron Valiant|Spirit Break|p2a: Ting-Lu
|-supereffective|p2a: Ting-Lu
|-damage|p2a: Ting-Lu|9/100
|-unboost|p2a: Ting-Lu|spa|1
|move|p2a: Ting-Lu|Earthquake|p1a: Iron Valiant
|-crit|p1a: Iron Valiant
|-damage|p1a: Iron Valiant|13/100 par
|
|-heal|p2a: Ting-Lu|15/100|[from] item: Leftovers
|upkeep
|turn|19
|
|t:|1779870832
|cant|p1a: Iron Valiant|par
|move|p2a: Ting-Lu|Whirlwind|p1a: Iron Valiant
|-end|p1a: Iron Valiant|Quark Drive|[silent]
|drag|p1a: Harry Potter|Polteageist-Antique|100/100
|-damage|p1a: Harry Potter|88/100|[from] Stealth Rock
|
|-heal|p2a: Ting-Lu|21/100|[from] item: Leftovers
|upkeep
|turn|20
|
|t:|1779870852
|move|p1a: Harry Potter|Shadow Ball|p2a: Ting-Lu
|-resisted|p2a: Ting-Lu
|-damage|p2a: Ting-Lu|12/100
|-unboost|p2a: Ting-Lu|spd|1
|move|p2a: Ting-Lu|Whirlwind|p1a: Harry Potter
|drag|p1a: Deoxys|Deoxys-Defense|42/100
|-damage|p1a: Deoxys|29/100|[from] Stealth Rock
|-ability|p1a: Deoxys|Pressure
|
|-heal|p2a: Ting-Lu|18/100|[from] item: Leftovers
|upkeep
|turn|21
|
|t:|1779870864
|move|p1a: Deoxys|Teleport|p1a: Deoxys
|
|t:|1779870870
|switch|p1a: Iron Valiant|Iron Valiant|13/100 par|[from] Teleport
|-damage|p1a: Iron Valiant|6/100 par|[from] Stealth Rock
|move|p2a: Ting-Lu|Whirlwind|p1a: Iron Valiant
|-end|p1a: Iron Valiant|Quark Drive|[silent]
|drag|p1a: Deoxys|Deoxys-Defense|29/100
|-damage|p1a: Deoxys|17/100|[from] Stealth Rock
|-ability|p1a: Deoxys|Pressure
|
|-heal|p2a: Ting-Lu|24/100|[from] item: Leftovers
|upkeep
|turn|22
|
|t:|1779870892
|switch|p1a: Iron Valiant|Iron Valiant|6/100 par
|-damage|p1a: Iron Valiant|0 fnt|[from] Stealth Rock
|faint|p1a: Iron Valiant
|-end|p1a: Iron Valiant|Quark Drive|[silent]
|move|p2a: Ting-Lu|Earthquake|p1: Iron Valiant|[notarget]
|-fail|p2a: Ting-Lu
|
|-heal|p2a: Ting-Lu|31/100|[from] item: Leftovers
|upkeep
|
|t:|1779870895
|switch|p1a: Harry Potter|Polteageist-Antique|88/100
|-damage|p1a: Harry Potter|76/100|[from] Stealth Rock
|turn|23
|
|t:|1779870906
|move|p1a: Harry Potter|Shadow Ball|p2a: Ting-Lu
|-resisted|p2a: Ting-Lu
|-damage|p2a: Ting-Lu|18/100
|-unboost|p2a: Ting-Lu|spd|1
|move|p2a: Ting-Lu|Earthquake|p1a: Harry Potter
|-damage|p1a: Harry Potter|41/100
|-ability|p1a: Harry Potter|Weak Armor|boost
|-unboost|p1a: Harry Potter|def|1
|-boost|p1a: Harry Potter|spe|2
|-enditem|p1a: Harry Potter|White Herb
|-clearnegativeboost|p1a: Harry Potter|[silent]
|
|-heal|p2a: Ting-Lu|25/100|[from] item: Leftovers
|-sideend|p1: hallowman33|move: Light Screen
|upkeep
|turn|24
|
|t:|1779870926
|move|p1a: Harry Potter|Shell Smash|p1a: Harry Potter
|-unboost|p1a: Harry Potter|def|1
|-unboost|p1a: Harry Potter|spd|1
|-boost|p1a: Harry Potter|atk|2
|-boost|p1a: Harry Potter|spa|2
|-boost|p1a: Harry Potter|spe|2
|move|p2a: Ting-Lu|Whirlwind|p1a: Harry Potter
|drag|p1a: Deoxys|Deoxys-Defense|17/100
|-damage|p1a: Deoxys|4/100|[from] Stealth Rock
|-ability|p1a: Deoxys|Pressure
|
|-heal|p2a: Ting-Lu|31/100|[from] item: Leftovers
|-sideend|p1: hallowman33|Reflect
|upkeep
|turn|25
|
|t:|1779870937
|move|p1a: Deoxys|Light Screen|p1a: Deoxys
|-sidestart|p1: hallowman33|move: Light Screen
|move|p2a: Ting-Lu|Earthquake|p1a: Deoxys
|-damage|p1a: Deoxys|0 fnt
|faint|p1a: Deoxys
|
|-heal|p2a: Ting-Lu|37/100|[from] item: Leftovers
|upkeep
|
|t:|1779870941
|switch|p1a: Harry Potter|Polteageist-Antique|41/100
|-damage|p1a: Harry Potter|28/100|[from] Stealth Rock
|turn|26
|
|t:|1779870947
|move|p1a: Harry Potter|Strength Sap|p2a: Ting-Lu
|-unboost|p2a: Ting-Lu|atk|1
|-heal|p1a: Harry Potter|100/100
|move|p2a: Ting-Lu|Earthquake|p1a: Harry Potter
|-damage|p1a: Harry Potter|51/100
|-ability|p1a: Harry Potter|Weak Armor|boost
|-unboost|p1a: Harry Potter|def|1
|-boost|p1a: Harry Potter|spe|2
|
|-heal|p2a: Ting-Lu|43/100|[from] item: Leftovers
|upkeep
|turn|27
|
|t:|1779870962
|move|p1a: Harry Potter|Strength Sap|p2a: Ting-Lu
|-unboost|p2a: Ting-Lu|atk|1
|-heal|p1a: Harry Potter|100/100
|move|p2a: Ting-Lu|Earthquake|p1a: Harry Potter
|-damage|p1a: Harry Potter|47/100
|-ability|p1a: Harry Potter|Weak Armor|boost
|-unboost|p1a: Harry Potter|def|1
|-boost|p1a: Harry Potter|spe|2
|
|-heal|p2a: Ting-Lu|50/100|[from] item: Leftovers
|upkeep
|turn|28
|
|t:|1779870964
|move|p1a: Harry Potter|Shadow Ball|p2a: Ting-Lu
|-resisted|p2a: Ting-Lu
|-damage|p2a: Ting-Lu|33/100
|move|p2a: Ting-Lu|Earthquake|p1a: Harry Potter
|-damage|p1a: Harry Potter|0 fnt
|faint|p1a: Harry Potter
|
|win|sneedhonedge
|raw|hallowman33's rating: 1345 &rarr; <strong>1327</strong><br />(-18 for losing)
|raw|sneedhonedge's rating: 1385 &rarr; <strong>1403</strong><br />(+18 for winning)
|l|☆sneedhonedge
|player|p2|
|l|☆hallowman33
|player|p1|
