|j|☆tperz
|j|☆zyysama333
|t:|1779892494
|gametype|singles
|player|p1|tperz|gentleman-gen4dp|1496
|player|p2|zyysama333|169|1489
|gen|9
|tier|[Gen 9] OU
|rated|
|rule|HP Percentage Mod: HP is shown in percentages
|rule|Endless Battle Clause: Forcing endless battles is banned
|rule|Species Clause: Limit one of each Pokémon
|rule|OHKO Clause: OHKO moves are banned
|rule|Evasion Items Clause: Evasion items are banned
|rule|Evasion Moves Clause: Evasion moves are banned
|rule|Evasion Abilities Clause: Evasion abilities are banned
|rule|Sleep Moves Clause: Sleep-inducing moves are banned
|clearpoke
|poke|p1|Goodra-Hisui, F|
|poke|p1|Ninetales-Alola, F|
|poke|p1|Glimmora, F|
|poke|p1|Mandibuzz, F|
|poke|p1|Ogerpon-Wellspring, F|
|poke|p1|Great Tusk|
|poke|p2|Alomomola, F|
|poke|p2|Tyranitar, M|
|poke|p2|Blissey, F|
|poke|p2|Great Tusk|
|poke|p2|Dragonite, M|
|poke|p2|Weezing-Galar, F|
|teampreview
|inactive|Battle timer is ON: inactive players will automatically lose when time's up. (requested by tperz)
|
|t:|1779892503
|teamsize|p1|6
|teamsize|p2|6
|start
|switch|p1a: Ogerpon|Ogerpon-Wellspring, F|100/100
|switch|p2a: Great Tusk|Great Tusk|100/100
|turn|1
|
|t:|1779892521
|-end|p2a: Great Tusk|Protosynthesis|[silent]
|switch|p2a: Dragonite|Dragonite, M|100/100
|move|p1a: Ogerpon|Power Whip|p2a: Dragonite
|-resisted|p2a: Dragonite
|-damage|p2a: Dragonite|95/100
|-damage|p1a: Ogerpon|84/100|[from] item: Rocky Helmet|[of] p2a: Dragonite
|
|upkeep
|turn|2
|
|t:|1779892528
|move|p1a: Ogerpon|Knock Off|p2a: Dragonite
|-damage|p2a: Dragonite|68/100
|-damage|p1a: Ogerpon|67/100|[from] item: Rocky Helmet|[of] p2a: Dragonite
|-enditem|p2a: Dragonite|Rocky Helmet|[from] move: Knock Off|[of] p1a: Ogerpon
|move|p2a: Dragonite|Thunder Wave|p1a: Ogerpon
|-status|p1a: Ogerpon|par
|
|upkeep
|turn|3
|inactive|zyysama333 has 120 seconds left.
|
|t:|1779892565
|switch|p1a: Great Tusk|Great Tusk|100/100
|move|p2a: Dragonite|Roost|p2a: Dragonite
|-heal|p2a: Dragonite|100/100
|-singleturn|p2a: Dragonite|move: Roost
|
|upkeep
|turn|4
|
|t:|1779892568
|move|p1a: Great Tusk|Rapid Spin|p2a: Dragonite
|-damage|p2a: Dragonite|95/100
|-boost|p1a: Great Tusk|spe|1
|move|p2a: Dragonite|Draco Meteor|p1a: Great Tusk
|-damage|p1a: Great Tusk|40/100
|-unboost|p2a: Dragonite|spa|2
|
|upkeep
|turn|5
|
|t:|1779892576
|switch|p2a: Alomomola|Alomomola, F|100/100
|move|p1a: Great Tusk|Ice Spinner|p2a: Alomomola
|-resisted|p2a: Alomomola
|-damage|p2a: Alomomola|94/100
|
|-heal|p2a: Alomomola|100/100|[from] item: Leftovers
|upkeep
|turn|6
|
|t:|1779892583
|-end|p1a: Great Tusk|Protosynthesis|[silent]
|switch|p1a: Glimmora|Glimmora, F|100/100
|move|p2a: Alomomola|Flip Turn|p1a: Glimmora
|-supereffective|p1a: Glimmora
|-damage|p1a: Glimmora|73/100
|
|t:|1779892603
|switch|p2a: Great Tusk|Great Tusk|100/100|[from] Flip Turn
|
|-heal|p1a: Glimmora|79/100|[from] item: Black Sludge
|upkeep
|turn|7
|
|t:|1779892610
|switch|p1a: Mandibuzz|Mandibuzz, F|100/100
|move|p2a: Great Tusk|Headlong Rush|p1a: Mandibuzz
|-immune|p1a: Mandibuzz
|
|upkeep
|turn|8
|
|t:|1779892615
|move|p2a: Great Tusk|Ice Spinner|p1a: Mandibuzz
|-supereffective|p1a: Mandibuzz
|-damage|p1a: Mandibuzz|56/100
|-damage|p2a: Great Tusk|84/100|[from] item: Rocky Helmet|[of] p1a: Mandibuzz
|-damage|p2a: Great Tusk|74/100|[from] item: Life Orb
|move|p1a: Mandibuzz|Foul Play|p2a: Great Tusk
|-resisted|p2a: Great Tusk
|-damage|p2a: Great Tusk|53/100
|
|upkeep
|turn|9
|
|t:|1779892623
|-end|p2a: Great Tusk|Protosynthesis|[silent]
|switch|p2a: Dragonite|Dragonite, M|95/100
|move|p1a: Mandibuzz|Roost|p1a: Mandibuzz
|-heal|p1a: Mandibuzz|100/100
|-singleturn|p1a: Mandibuzz|move: Roost
|
|upkeep
|turn|10
|
|t:|1779892626
|move|p1a: Mandibuzz|Foul Play|p2a: Dragonite
|-damage|p2a: Dragonite|71/100
|move|p2a: Dragonite|Thunder Wave|p1a: Mandibuzz
|-status|p1a: Mandibuzz|par
|
|upkeep
|turn|11
|
|t:|1779892653
|move|p2a: Dragonite|Encore|p1a: Mandibuzz
|-start|p1a: Mandibuzz|Encore
|move|p1a: Mandibuzz|Foul Play|p2a: Dragonite
|-damage|p2a: Dragonite|47/100
|
|upkeep
|turn|12
|
|t:|1779892658
|switch|p1a: Ninetales|Ninetales-Alola, F|100/100
|-weather|Snowscape|[from] ability: Snow Warning|[of] p1a: Ninetales
|move|p2a: Dragonite|Roost|p2a: Dragonite
|-heal|p2a: Dragonite|97/100
|-singleturn|p2a: Dragonite|move: Roost
|
|-weather|Snowscape|[upkeep]
|upkeep
|turn|13
|
|t:|1779892662
|switch|p2a: Blissey|Blissey, F|100/100
|move|p1a: Ninetales|Blizzard|p2a: Blissey
|-damage|p2a: Blissey|88/100
|
|-weather|Snowscape|[upkeep]
|upkeep
|turn|14
|
|t:|1779892666
|move|p1a: Ninetales|Aurora Veil|p1a: Ninetales
|-sidestart|p1: tperz|move: Aurora Veil
|move|p2a: Blissey|Stealth Rock|p1a: Ninetales
|-sidestart|p1: tperz|move: Stealth Rock
|
|-weather|Snowscape|[upkeep]
|upkeep
|turn|15
|
|t:|1779892680
|switch|p1a: Great Tusk|Great Tusk|40/100
|move|p2a: Blissey|Seismic Toss|p1a: Great Tusk
|-damage|p1a: Great Tusk|15/100
|
|-weather|Snowscape|[upkeep]
|upkeep
|turn|16
|
|t:|1779892686
|switch|p2a: Dragonite|Dragonite, M|97/100
|move|p1a: Great Tusk|Body Press|p2a: Dragonite
|-resisted|p2a: Dragonite
|-damage|p2a: Dragonite|84/100
|
|-weather|none
|upkeep
|turn|17
|
|t:|1779892691
|move|p1a: Great Tusk|Ice Spinner|p2a: Dragonite
|-supereffective|p2a: Dragonite
|-damage|p2a: Dragonite|27/100
|move|p2a: Dragonite|Draco Meteor|p1a: Great Tusk
|-damage|p1a: Great Tusk|0 fnt
|-unboost|p2a: Dragonite|spa|2
|faint|p1a: Great Tusk
|-end|p1a: Great Tusk|Protosynthesis|[silent]
|
|upkeep
|
|t:|1779892695
|switch|p1a: Goodra|Goodra-Hisui, F|100/100
|-damage|p1a: Goodra|94/100|[from] Stealth Rock
|turn|18
|
|t:|1779892724
|switch|p2a: Blissey|Blissey, F|88/100
|move|p1a: Goodra|Curse|p1a: Goodra
|-unboost|p1a: Goodra|spe|1
|-boost|p1a: Goodra|atk|1
|-boost|p1a: Goodra|def|1
|
|-heal|p1a: Goodra|100/100|[from] item: Leftovers
|upkeep
|turn|19
|
|t:|1779892733
|move|p2a: Blissey|Seismic Toss|p1a: Goodra
|-damage|p1a: Goodra|73/100
|move|p1a: Goodra|Curse|p1a: Goodra
|-unboost|p1a: Goodra|spe|1
|-boost|p1a: Goodra|atk|1
|-boost|p1a: Goodra|def|1
|
|-heal|p1a: Goodra|79/100|[from] item: Leftovers
|upkeep
|turn|20
|
|t:|1779892737
|move|p2a: Blissey|Seismic Toss|p1a: Goodra
|-damage|p1a: Goodra|52/100
|move|p1a: Goodra|Curse|p1a: Goodra
|-unboost|p1a: Goodra|spe|1
|-boost|p1a: Goodra|atk|1
|-boost|p1a: Goodra|def|1
|
|-heal|p1a: Goodra|58/100|[from] item: Leftovers
|upkeep
|turn|21
|
|t:|1779892744
|move|p2a: Blissey|Seismic Toss|p1a: Goodra
|-damage|p1a: Goodra|30/100
|move|p1a: Goodra|Curse|p1a: Goodra
|-unboost|p1a: Goodra|spe|1
|-boost|p1a: Goodra|atk|1
|-boost|p1a: Goodra|def|1
|
|-heal|p1a: Goodra|36/100|[from] item: Leftovers
|-sideend|p1: tperz|move: Aurora Veil
|upkeep
|turn|22
|inactive|tperz has 120 seconds left.
|inactive|tperz has 90 seconds left.
|inactive|tperz has 60 seconds left.
|inactive|tperz has 30 seconds left.
|inactive|tperz has 20 seconds left.
|inactive|tperz has 15 seconds left.
|inactive|tperz has 10 seconds left.
|inactive|tperz has 5 seconds left.
|-message|tperz lost due to inactivity.
|
|win|zyysama333
|raw|tperz's rating: 1496 &rarr; <strong>1476</strong><br />(-20 for losing)
|raw|zyysama333's rating: 1490 &rarr; <strong>1510</strong><br />(+20 for winning)
|l|☆zyysama333
|player|p2|
|l|☆tperz
|player|p1|
