|j|☆owl_with_scarf
|j|☆juiicychiller
|t:|1779924614
|gametype|singles
|player|p1|owl_with_scarf|#owlwithscarf|1674
|player|p2|juiicychiller|clerk|1651
|gen|9
|tier|[Gen 9] OU
|rated|
|rule|HP Percentage Mod: HP is shown in percentages
|rule|Endless Battle Clause: Forcing endless battles is banned
|rule|Species Clause: Limit one of each Pokémon
|rule|OHKO Clause: OHKO moves are banned
|rule|Evasion Items Clause: Evasion items are banned
|rule|Evasion Moves Clause: Evasion moves are banned
|rule|Evasion Abilities Clause: Evasion abilities are banned
|rule|Sleep Moves Clause: Sleep-inducing moves are banned
|clearpoke
|poke|p1|Mandibuzz, F|
|poke|p1|Tyranitar, F|
|poke|p1|Glimmora, F|
|poke|p1|Ogerpon, F|
|poke|p1|Gliscor, M|
|poke|p1|Sinistcha|
|poke|p2|Pelipper, F|
|poke|p2|Iron Treads|
|poke|p2|Raging Bolt|
|poke|p2|Overqwil, M|
|poke|p2|Greninja-*, M|
|poke|p2|Kingambit, M|
|teampreview
|inactive|Battle timer is ON: inactive players will automatically lose when time's up. (requested by owl_with_scarf)
|
|t:|1779924626
|teamsize|p1|6
|teamsize|p2|6
|start
|switch|p1a: Glimmora|Glimmora, F|100/100
|switch|p2a: Iron Treads|Iron Treads|100/100
|turn|1
|j| VicBossMG
|inactive|owl_with_scarf has 120 seconds left.
|
|t:|1779924668
|switch|p1a: Gliscor|Gliscor, M|100/100
|move|p2a: Iron Treads|Knock Off|p1a: Gliscor
|-damage|p1a: Gliscor|79/100
|-enditem|p1a: Gliscor|Toxic Orb|[from] move: Knock Off|[of] p2a: Iron Treads
|
|upkeep
|turn|2
|inactive|owl_with_scarf has 120 seconds left.
|
|t:|1779924673
|move|p2a: Iron Treads|Stealth Rock|p1a: Gliscor
|-sidestart|p1: owl_with_scarf|move: Stealth Rock
|move|p1a: Gliscor|Earthquake|p2a: Iron Treads
|-supereffective|p2a: Iron Treads
|-damage|p2a: Iron Treads|41/100
|-enditem|p2a: Iron Treads|Red Card|[of] p1a: Gliscor
|drag|p1a: Glimmora|Glimmora, F|100/100
|-damage|p1a: Glimmora|88/100|[from] Stealth Rock
|
|-heal|p1a: Glimmora|94/100|[from] item: Leftovers
|upkeep
|turn|3
|
|t:|1779924681
|switch|p1a: Gliscor|Gliscor, M|79/100
|-damage|p1a: Gliscor|66/100|[from] Stealth Rock
|move|p2a: Iron Treads|Earthquake|p1a: Gliscor
|-immune|p1a: Gliscor
|
|upkeep
|turn|4
|
|t:|1779924687
|move|p2a: Iron Treads|Knock Off|p1a: Gliscor
|-crit|p1a: Gliscor
|-damage|p1a: Gliscor|43/100
|move|p1a: Gliscor|Earthquake|p2a: Iron Treads
|-supereffective|p2a: Iron Treads
|-damage|p2a: Iron Treads|0 fnt
|faint|p2a: Iron Treads
|-end|p2a: Iron Treads|Quark Drive|[silent]
|
|upkeep
|
|t:|1779924691
|switch|p2a: Pelipper|Pelipper, F|100/100
|-weather|RainDance|[from] ability: Drizzle|[of] p2a: Pelipper
|turn|5
|
|t:|1779924697
|switch|p2a: Greninja|Greninja, M|100/100
|move|p1a: Gliscor|Facade|p2a: Greninja
|-damage|p2a: Greninja|65/100
|
|-weather|RainDance|[upkeep]
|upkeep
|turn|6
|
|t:|1779924703
|switch|p1a: Tyranitar|Tyranitar, F|100/100
|-damage|p1a: Tyranitar|88/100|[from] Stealth Rock
|-weather|Sandstorm|[from] ability: Sand Stream|[of] p1a: Tyranitar
|move|p2a: Greninja|Hydro Pump|p1a: Tyranitar
|-supereffective|p1a: Tyranitar
|-damage|p1a: Tyranitar|53/100
|-damage|p2a: Greninja|55/100|[from] item: Life Orb
|
|-weather|Sandstorm|[upkeep]
|-damage|p2a: Greninja|49/100|[from] Sandstorm
|upkeep
|turn|7
|
|t:|1779924711
|switch|p2a: Kingambit|Kingambit, M|100/100
|-activate|p2a: Kingambit|ability: Supreme Overlord
|-start|p2a: Kingambit|fallen1|[silent]
|move|p1a: Tyranitar|Stone Edge|p2a: Kingambit|[miss]
|-miss|p1a: Tyranitar|p2a: Kingambit
|
|-weather|Sandstorm|[upkeep]
|upkeep
|turn|8
|
|t:|1779924719
|switch|p1a: Gliscor|Gliscor, M|43/100
|-damage|p1a: Gliscor|30/100|[from] Stealth Rock
|move|p2a: Kingambit|Low Kick|p1a: Gliscor
|-resisted|p1a: Gliscor
|-damage|p1a: Gliscor|17/100
|
|-weather|Sandstorm|[upkeep]
|upkeep
|turn|9
|
|t:|1779924723
|move|p2a: Kingambit|Sucker Punch|p1a: Gliscor
|-damage|p1a: Gliscor|0 fnt
|faint|p1a: Gliscor
|
|-weather|Sandstorm|[upkeep]
|upkeep
|
|t:|1779924728
|switch|p1a: Ogerpon|Ogerpon, F|100/100
|turn|10
|
|t:|1779924733
|-end|p2a: Kingambit|fallen1|[silent]
|switch|p2a: Pelipper|Pelipper, F|100/100
|-weather|RainDance|[from] ability: Drizzle|[of] p2a: Pelipper
|move|p1a: Ogerpon|Encore||[still]
|-fail|p1a: Ogerpon
|
|-weather|RainDance|[upkeep]
|upkeep
|turn|11
|
|t:|1779924738
|switch|p2a: Kingambit|Kingambit, M|100/100
|-activate|p2a: Kingambit|ability: Supreme Overlord
|-start|p2a: Kingambit|fallen1|[silent]
|move|p1a: Ogerpon|Ivy Cudgel|p2a: Kingambit
|-resisted|p2a: Kingambit
|-crit|p2a: Kingambit
|-damage|p2a: Kingambit|70/100
|
|-weather|RainDance|[upkeep]
|upkeep
|turn|12
|
|t:|1779924744
|move|p1a: Ogerpon|Ivy Cudgel|p2a: Kingambit
|-resisted|p2a: Kingambit
|-damage|p2a: Kingambit|48/100
|move|p2a: Kingambit|Kowtow Cleave|p1a: Ogerpon
|-damage|p1a: Ogerpon|15/100
|
|-weather|RainDance|[upkeep]
|upkeep
|turn|13
|
|t:|1779924750
|move|p1a: Ogerpon|Ivy Cudgel|p2a: Kingambit
|-resisted|p2a: Kingambit
|-crit|p2a: Kingambit
|-damage|p2a: Kingambit|16/100
|move|p2a: Kingambit|Kowtow Cleave|p1a: Ogerpon
|-damage|p1a: Ogerpon|0 fnt
|faint|p1a: Ogerpon
|
|-weather|RainDance|[upkeep]
|upkeep
|
|t:|1779924759
|switch|p1a: Glimmora|Glimmora, F|94/100
|-damage|p1a: Glimmora|82/100|[from] Stealth Rock
|turn|14
|
|t:|1779924768
|-end|p2a: Kingambit|fallen1|[silent]
|switch|p2a: Greninja|Greninja, M|49/100
|move|p1a: Glimmora|Earth Power|p2a: Greninja
|-damage|p2a: Greninja|0 fnt
|faint|p2a: Greninja
|
|-weather|RainDance|[upkeep]
|-heal|p1a: Glimmora|88/100|[from] item: Leftovers
|upkeep
|
|t:|1779924774
|switch|p2a: Overqwil|Overqwil, M|100/100
|turn|15
|
|t:|1779924778
|-terastallize|p1a: Glimmora|Grass
|move|p2a: Overqwil|Liquidation|p1a: Glimmora
|-resisted|p1a: Glimmora
|-damage|p1a: Glimmora|60/100
|-activate|p1a: Glimmora|ability: Toxic Debris
|-sidestart|p2: juiicychiller|move: Toxic Spikes
|-damage|p2a: Overqwil|91/100|[from] item: Life Orb
|move|p1a: Glimmora|Earth Power|p2a: Overqwil
|-supereffective|p2a: Overqwil
|-damage|p2a: Overqwil|0 fnt
|faint|p2a: Overqwil
|
|-weather|RainDance|[upkeep]
|-heal|p1a: Glimmora|66/100|[from] item: Leftovers
|upkeep
|
|t:|1779924796
|switch|p2a: Pelipper|Pelipper, F|100/100
|turn|16
|
|t:|1779924804
|switch|p1a: Tyranitar|Tyranitar, F|53/100
|-damage|p1a: Tyranitar|41/100|[from] Stealth Rock
|-weather|Sandstorm|[from] ability: Sand Stream|[of] p1a: Tyranitar
|move|p2a: Pelipper|Hurricane|p1a: Tyranitar|[miss]
|-miss|p2a: Pelipper|p1a: Tyranitar
|
|-weather|Sandstorm|[upkeep]
|-damage|p2a: Pelipper|94/100|[from] Sandstorm
|upkeep
|turn|17
|
|t:|1779924810
|move|p1a: Tyranitar|Stone Edge|p2a: Pelipper
|-supereffective|p2a: Pelipper
|-crit|p2a: Pelipper
|-damage|p2a: Pelipper|0 fnt
|faint|p2a: Pelipper
|
|-weather|Sandstorm|[upkeep]
|upkeep
|
|t:|1779924814
|switch|p2a: Kingambit|Kingambit, M|16/100
|-activate|p2a: Kingambit|ability: Supreme Overlord
|-start|p2a: Kingambit|fallen4|[silent]
|turn|18
|
|t:|1779924819
|move|p2a: Kingambit|Low Kick|p1a: Tyranitar
|-supereffective|p1a: Tyranitar
|-damage|p1a: Tyranitar|0 fnt
|faint|p1a: Tyranitar
|
|-weather|Sandstorm|[upkeep]
|upkeep
|
|t:|1779924821
|switch|p1a: Glimmora|Glimmora, F, tera:Grass|66/100
|-damage|p1a: Glimmora|53/100|[from] Stealth Rock
|turn|19
|
|t:|1779924825
|move|p2a: Kingambit|Sucker Punch||[still]
|-fail|p2a: Kingambit
|move|p1a: Glimmora|Stealth Rock|p2a: Kingambit
|-sidestart|p2: juiicychiller|move: Stealth Rock
|
|-weather|Sandstorm|[upkeep]
|-damage|p1a: Glimmora|47/100|[from] Sandstorm
|-heal|p1a: Glimmora|53/100|[from] item: Leftovers
|upkeep
|turn|20
|
|t:|1779924830
|switch|p1a: Sinistcha|Sinistcha|100/100
|move|p2a: Kingambit|Sucker Punch||[still]
|-fail|p2a: Kingambit
|
|-weather|none
|upkeep
|turn|21
|
|t:|1779924835
|move|p2a: Kingambit|Sucker Punch||[still]
|-fail|p2a: Kingambit
|move|p1a: Sinistcha|Strength Sap|p2a: Kingambit
|-unboost|p2a: Kingambit|atk|1
|
|upkeep
|turn|22
|
|t:|1779924842
|-end|p2a: Kingambit|fallen4|[silent]
|switch|p2a: Raging Bolt|Raging Bolt|100/100
|-status|p2a: Raging Bolt|psn
|-damage|p2a: Raging Bolt|88/100 psn|[from] Stealth Rock
|move|p1a: Sinistcha|Shadow Ball|p2a: Raging Bolt
|-damage|p2a: Raging Bolt|66/100 psn
|
|-damage|p2a: Raging Bolt|54/100 psn|[from] psn
|upkeep
|turn|23
|
|t:|1779924850
|move|p2a: Raging Bolt|Draco Meteor|p1a: Sinistcha
|-damage|p1a: Sinistcha|2/100
|-unboost|p2a: Raging Bolt|spa|2
|move|p1a: Sinistcha|Shadow Ball|p2a: Raging Bolt
|-damage|p2a: Raging Bolt|34/100 psn
|-unboost|p2a: Raging Bolt|spd|1
|
|-damage|p2a: Raging Bolt|22/100 psn|[from] psn
|upkeep
|turn|24
|
|t:|1779924857
|move|p2a: Raging Bolt|Draco Meteor|p1a: Sinistcha
|-damage|p1a: Sinistcha|0 fnt
|-unboost|p2a: Raging Bolt|spa|2
|faint|p1a: Sinistcha
|
|-damage|p2a: Raging Bolt|10/100 psn|[from] psn
|upkeep
|
|t:|1779924860
|switch|p1a: Mandibuzz|Mandibuzz, F|100/100
|turn|25
|
|t:|1779924863
|switch|p1a: Glimmora|Glimmora, F, tera:Grass|53/100
|-damage|p1a: Glimmora|41/100|[from] Stealth Rock
|move|p2a: Raging Bolt|Thunder|p1a: Glimmora
|-resisted|p1a: Glimmora
|-damage|p1a: Glimmora|26/100
|
|-heal|p1a: Glimmora|33/100|[from] item: Leftovers
|-damage|p2a: Raging Bolt|0 fnt|[from] psn
|faint|p2a: Raging Bolt
|-end|p2a: Raging Bolt|Protosynthesis|[silent]
|upkeep
|
|t:|1779924867
|switch|p2a: Kingambit|Kingambit, M|16/100
|-damage|p2a: Kingambit|10/100|[from] Stealth Rock
|-activate|p2a: Kingambit|ability: Supreme Overlord
|-start|p2a: Kingambit|fallen5|[silent]
|turn|26
|
|t:|1779924872
|move|p2a: Kingambit|Sucker Punch|p1a: Glimmora
|-damage|p1a: Glimmora|0 fnt
|-activate|p1a: Glimmora|ability: Toxic Debris
|-sidestart|p2: juiicychiller|move: Toxic Spikes
|faint|p1a: Glimmora
|
|upkeep
|
|t:|1779924874
|switch|p1a: Mandibuzz|Mandibuzz, F|100/100
|turn|27
|
|t:|1779924878
|-terastallize|p2a: Kingambit|Dark
|move|p2a: Kingambit|Kowtow Cleave|p1a: Mandibuzz
|-resisted|p1a: Mandibuzz
|-damage|p1a: Mandibuzz|65/100
|move|p1a: Mandibuzz|Foul Play|p2a: Kingambit
|-resisted|p2a: Kingambit
|-damage|p2a: Kingambit|0 fnt
|faint|p2a: Kingambit
|-end|p2a: Kingambit|fallen5|[silent]
|
|win|owl_with_scarf
|raw|owl_with_scarf's rating: 1674 &rarr; <strong>1693</strong><br />(+19 for winning)
|raw|juiicychiller's rating: 1651 &rarr; <strong>1632</strong><br />(-19 for losing)
|l|☆juiicychiller
|player|p2|
|l|☆owl_with_scarf
|player|p1|
|l| VicBossMG
