|j|☆g3thyp
|j|☆PieCubed^3
|t:|1779946989
|gametype|singles
|player|p1|g3thyp|backersf|1476
|player|p2|PieCubed^3|hilda-wonderlauncher|1454
|gen|9
|tier|[Gen 9] OU
|rated|
|rule|HP Percentage Mod: HP is shown in percentages
|rule|Endless Battle Clause: Forcing endless battles is banned
|rule|Species Clause: Limit one of each Pokémon
|rule|OHKO Clause: OHKO moves are banned
|rule|Evasion Items Clause: Evasion items are banned
|rule|Evasion Moves Clause: Evasion moves are banned
|rule|Evasion Abilities Clause: Evasion abilities are banned
|rule|Sleep Moves Clause: Sleep-inducing moves are banned
|clearpoke
|poke|p1|Rotom-Wash|
|poke|p1|Cinderace, M|
|poke|p1|Tyranitar, F|
|poke|p1|Dragapult, F|
|poke|p1|Gliscor, M|
|poke|p1|Corviknight, F|
|poke|p2|Ninetales, M|
|poke|p2|Raging Bolt|
|poke|p2|Ceruledge, M|
|poke|p2|Leafeon, M|
|poke|p2|Great Tusk|
|poke|p2|Walking Wake|
|teampreview
|inactive|Battle timer is ON: inactive players will automatically lose when time's up. (requested by g3thyp)
|
|t:|1779947013
|teamsize|p1|6
|teamsize|p2|6
|start
|switch|p1a: Cinderace|Cinderace, M|100/100
|switch|p2a: Raging Bolt|Raging Bolt|100/100
|turn|1
|
|t:|1779947015
|move|p1a: Cinderace|U-turn|p2a: Raging Bolt
|-damage|p2a: Raging Bolt|84/100
|
|t:|1779947018
|switch|p1a: Gliscor|Gliscor, M|100/100|[from] U-turn
|move|p2a: Raging Bolt|Draco Meteor|p1a: Gliscor
|-damage|p1a: Gliscor|7/100
|-unboost|p2a: Raging Bolt|spa|2
|
|-status|p1a: Gliscor|tox|[from] item: Toxic Orb
|upkeep
|turn|2
|inactive|PieCubed^3 has 120 seconds left.
|
|t:|1779947048
|-end|p2a: Raging Bolt|Protosynthesis|[silent]
|switch|p2a: Walking Wake|Walking Wake|100/100
|move|p1a: Gliscor|Toxic|p2a: Walking Wake
|-status|p2a: Walking Wake|tox
|
|-damage|p2a: Walking Wake|94/100 tox|[from] psn
|-heal|p1a: Gliscor|19/100 tox|[from] ability: Poison Heal
|upkeep
|turn|3
|
|t:|1779947056
|move|p1a: Gliscor|Protect|p1a: Gliscor
|-singleturn|p1a: Gliscor|Protect
|move|p2a: Walking Wake|Dragon Pulse|p1a: Gliscor
|-activate|p1a: Gliscor|move: Protect
|
|-damage|p2a: Walking Wake|82/100 tox|[from] psn
|-heal|p1a: Gliscor|32/100 tox|[from] ability: Poison Heal
|upkeep
|turn|4
|
|t:|1779947075
|move|p2a: Walking Wake|Dragon Pulse|p1a: Gliscor
|-damage|p1a: Gliscor|0 fnt
|faint|p1a: Gliscor
|
|-damage|p2a: Walking Wake|64/100 tox|[from] psn
|upkeep
|
|t:|1779947077
|switch|p1a: Dragapult|Dragapult, F|100/100
|turn|5
|inactive|PieCubed^3 has 120 seconds left.
|
|t:|1779947119
|-end|p2a: Walking Wake|Protosynthesis|[silent]
|switch|p2a: Ninetales|Ninetales, M|100/100
|-weather|SunnyDay|[from] ability: Drought|[of] p2a: Ninetales
|move|p1a: Dragapult|Dragon Darts|p2a: Ninetales
|-damage|p2a: Ninetales|69/100
|-anim|p1a: Dragapult|Dragon Darts|p2a: Ninetales
|-damage|p2a: Ninetales|34/100
|-damage|p1a: Dragapult|91/100|[from] item: Life Orb
|
|-weather|SunnyDay|[upkeep]
|upkeep
|turn|6
|
|t:|1779947125
|switch|p2a: Great Tusk|Great Tusk|100/100
|-activate|p2a: Great Tusk|ability: Protosynthesis
|-start|p2a: Great Tusk|protosynthesisspe
|move|p1a: Dragapult|Dragon Darts|p2a: Great Tusk
|-damage|p2a: Great Tusk|83/100
|-anim|p1a: Dragapult|Dragon Darts|p2a: Great Tusk
|-damage|p2a: Great Tusk|66/100
|-damage|p1a: Dragapult|81/100|[from] item: Life Orb
|
|-weather|SunnyDay|[upkeep]
|upkeep
|turn|7
|
|t:|1779947137
|move|p2a: Great Tusk|Headlong Rush|p1a: Dragapult
|-damage|p1a: Dragapult|14/100
|-unboost|p2a: Great Tusk|def|1
|-unboost|p2a: Great Tusk|spd|1
|move|p1a: Dragapult|Draco Meteor|p2a: Great Tusk
|-damage|p2a: Great Tusk|0 fnt
|-unboost|p1a: Dragapult|spa|2
|faint|p2a: Great Tusk
|-end|p2a: Great Tusk|Protosynthesis|[silent]
|-damage|p1a: Dragapult|4/100|[from] item: Life Orb
|
|-weather|SunnyDay|[upkeep]
|upkeep
|
|t:|1779947149
|switch|p2a: Walking Wake|Walking Wake|64/100 tox
|-activate|p2a: Walking Wake|ability: Protosynthesis
|-start|p2a: Walking Wake|protosynthesisspe
|turn|8
|
|t:|1779947157
|move|p2a: Walking Wake|Hydro Steam|p1a: Dragapult
|-resisted|p1a: Dragapult
|-damage|p1a: Dragapult|0 fnt
|faint|p1a: Dragapult
|
|-weather|SunnyDay|[upkeep]
|-damage|p2a: Walking Wake|58/100 tox|[from] psn
|upkeep
|
|t:|1779947165
|switch|p1a: Rotom|Rotom-Wash|100/100
|turn|9
|inactive|PieCubed^3 has 120 seconds left.
|inactive|PieCubed^3 has 90 seconds left.
|
|t:|1779947202
|-terastallize|p2a: Walking Wake|Water
|move|p2a: Walking Wake|Hydro Steam|p1a: Rotom
|-resisted|p1a: Rotom
|-damage|p1a: Rotom|37/100
|move|p1a: Rotom|Volt Switch|p2a: Walking Wake
|-supereffective|p2a: Walking Wake
|-damage|p2a: Walking Wake|1/100 tox
|
|t:|1779947209
|switch|p1a: Cinderace|Cinderace, M|100/100|[from] Volt Switch
|
|-weather|SunnyDay|[upkeep]
|-damage|p2a: Walking Wake|0 fnt|[from] psn
|faint|p2a: Walking Wake
|-end|p2a: Walking Wake|Protosynthesis|[silent]
|upkeep
|
|t:|1779947217
|switch|p2a: Raging Bolt|Raging Bolt|84/100
|-activate|p2a: Raging Bolt|ability: Protosynthesis
|-start|p2a: Raging Bolt|protosynthesisspa
|turn|10
|
|t:|1779947225
|move|p1a: Cinderace|U-turn|p2a: Raging Bolt
|-damage|p2a: Raging Bolt|65/100
|
|t:|1779947227
|switch|p1a: Tyranitar|Tyranitar, F|100/100|[from] U-turn
|-weather|Sandstorm|[from] ability: Sand Stream|[of] p1a: Tyranitar
|-end|p2a: Raging Bolt|Protosynthesis
|move|p2a: Raging Bolt|Volt Switch|p1a: Tyranitar
|-damage|p1a: Tyranitar|77/100
|
|t:|1779947234
|-end|p2a: Raging Bolt|Protosynthesis|[silent]
|switch|p2a: Ninetales|Ninetales, M|34/100|[from] Volt Switch
|-weather|SunnyDay|[from] ability: Drought|[of] p2a: Ninetales
|
|-weather|SunnyDay|[upkeep]
|-heal|p1a: Tyranitar|83/100|[from] item: Leftovers
|upkeep
|turn|11
|
|t:|1779947237
|move|p2a: Ninetales|Will-O-Wisp|p1a: Tyranitar
|-status|p1a: Tyranitar|brn
|move|p1a: Tyranitar|Stealth Rock|p2a: Ninetales
|-sidestart|p2: PieCubed^3|move: Stealth Rock
|
|-weather|SunnyDay|[upkeep]
|-heal|p1a: Tyranitar|89/100 brn|[from] item: Leftovers
|-damage|p1a: Tyranitar|83/100 brn|[from] brn
|upkeep
|turn|12
|
|t:|1779947241
|move|p2a: Ninetales|Encore|p1a: Tyranitar
|-start|p1a: Tyranitar|Encore
|move|p1a: Tyranitar|Stealth Rock||[still]
|-fail|p1a: Tyranitar
|
|-weather|SunnyDay|[upkeep]
|-heal|p1a: Tyranitar|89/100 brn|[from] item: Leftovers
|-damage|p1a: Tyranitar|83/100 brn|[from] brn
|upkeep
|turn|13
|
|t:|1779947249
|switch|p2a: Ceruledge|Ceruledge, M|100/100
|-damage|p2a: Ceruledge|76/100|[from] Stealth Rock
|-item|p2a: Ceruledge|Air Balloon
|switch|p1a: Cinderace|Cinderace, M|100/100
|
|-weather|SunnyDay|[upkeep]
|upkeep
|turn|14
|
|t:|1779947254
|move|p1a: Cinderace|U-turn|p2a: Ceruledge
|-resisted|p2a: Ceruledge
|-damage|p2a: Ceruledge|69/100
|-ability|p2a: Ceruledge|Weak Armor|boost
|-unboost|p2a: Ceruledge|def|1
|-boost|p2a: Ceruledge|spe|2
|-enditem|p2a: Ceruledge|Air Balloon
|
|t:|1779947256
|switch|p1a: Rotom|Rotom-Wash|37/100|[from] U-turn
|move|p2a: Ceruledge|Swords Dance|p2a: Ceruledge
|-boost|p2a: Ceruledge|atk|2
|
|-weather|SunnyDay|[upkeep]
|-heal|p1a: Rotom|43/100|[from] item: Leftovers
|upkeep
|turn|15
|
|t:|1779947268
|move|p2a: Ceruledge|Bitter Blade|p1a: Rotom
|-resisted|p1a: Rotom
|-damage|p1a: Rotom|0 fnt
|-heal|p2a: Ceruledge|91/100|[from] drain|[of] p1a: Rotom
|faint|p1a: Rotom
|
|-weather|SunnyDay|[upkeep]
|upkeep
|
|t:|1779947271
|switch|p1a: Corviknight|Corviknight, F|100/100
|turn|16
|
|t:|1779947274
|-terastallize|p1a: Corviknight|Dark
|move|p2a: Ceruledge|Poltergeist|p1a: Corviknight|[miss]
|-miss|p2a: Ceruledge|p1a: Corviknight
|move|p1a: Corviknight|Bulk Up|p1a: Corviknight
|-boost|p1a: Corviknight|atk|1
|-boost|p1a: Corviknight|def|1
|
|-weather|SunnyDay|[upkeep]
|upkeep
|turn|17
|
|t:|1779947282
|move|p2a: Ceruledge|Bitter Blade|p1a: Corviknight
|-damage|p1a: Corviknight|43/100
|-heal|p2a: Ceruledge|100/100|[from] drain|[of] p1a: Corviknight
|move|p1a: Corviknight|Agility|p1a: Corviknight
|-boost|p1a: Corviknight|spe|2
|
|-weather|none
|-heal|p1a: Corviknight|49/100|[from] item: Leftovers
|upkeep
|turn|18
|
|t:|1779947291
|move|p2a: Ceruledge|Bitter Blade|p1a: Corviknight
|-damage|p1a: Corviknight|7/100
|move|p1a: Corviknight|Power Trip|p2a: Ceruledge
|-supereffective|p2a: Ceruledge
|-damage|p2a: Ceruledge|0 fnt
|faint|p2a: Ceruledge
|
|-heal|p1a: Corviknight|14/100|[from] item: Leftovers
|upkeep
|
|t:|1779947317
|switch|p2a: Leafeon|Leafeon, M|100/100
|-damage|p2a: Leafeon|88/100|[from] Stealth Rock
|turn|19
|
|t:|1779947321
|move|p1a: Corviknight|Power Trip|p2a: Leafeon
|-damage|p2a: Leafeon|39/100
|move|p2a: Leafeon|Knock Off|p1a: Corviknight
|-resisted|p1a: Corviknight
|-damage|p1a: Corviknight|4/100
|-enditem|p1a: Corviknight|Leftovers|[from] move: Knock Off|[of] p2a: Leafeon
|-damage|p2a: Leafeon|29/100|[from] item: Life Orb
|
|upkeep
|turn|20
|-message|PieCubed^3 forfeited.
|
|win|g3thyp
|raw|g3thyp's rating: 1476 &rarr; <strong>1495</strong><br />(+19 for winning)
|raw|PieCubed^3's rating: 1454 &rarr; <strong>1435</strong><br />(-19 for losing)
|l|☆PieCubed^3
|player|p2|
|l|☆g3thyp
|player|p1|
