|j|☆gammaroidgamma
|j|☆Sirbadong
|t:|1779811313
|gametype|singles
|player|p1|gammaroidgamma|will|1180
|player|p2|Sirbadong|101|1183
|gen|9
|tier|[Gen 9] OU
|rated|
|rule|HP Percentage Mod: HP is shown in percentages
|rule|Endless Battle Clause: Forcing endless battles is banned
|rule|Species Clause: Limit one of each Pokémon
|rule|OHKO Clause: OHKO moves are banned
|rule|Evasion Items Clause: Evasion items are banned
|rule|Evasion Moves Clause: Evasion moves are banned
|rule|Evasion Abilities Clause: Evasion abilities are banned
|rule|Sleep Moves Clause: Sleep-inducing moves are banned
|clearpoke
|poke|p1|Lokix, M|
|poke|p1|Samurott-Hisui, M|
|poke|p1|Thundurus-Therian, M|
|poke|p1|Iron Crown|
|poke|p1|Zamazenta-*|
|poke|p1|Great Tusk|
|poke|p2|Weavile, M|
|poke|p2|Avalugg, M|
|poke|p2|Cloyster, F|
|poke|p2|Mamoswine, M|
|poke|p2|Kyurem|
|poke|p2|Delibird, L1, F|
|teampreview
|inactive|Battle timer is ON: inactive players will automatically lose when time's up. (requested by Sirbadong)
|
|t:|1779811323
|teamsize|p1|6
|teamsize|p2|6
|start
|switch|p1a: Blue Knight|Iron Crown|100/100
|switch|p2a: Weavile|Weavile, M|100/100
|-ability|p2a: Weavile|Pressure
|turn|1
|
|t:|1779811336
|move|p2a: Weavile|Fake Out|p1a: Blue Knight
|-resisted|p1a: Blue Knight
|-damage|p1a: Blue Knight|94/100
|cant|p1a: Blue Knight|flinch
|
|upkeep
|turn|2
|
|t:|1779811344
|move|p2a: Weavile|Knock Off|p1a: Blue Knight
|-supereffective|p1a: Blue Knight
|-damage|p1a: Blue Knight|0 fnt
|-enditem|p1a: Blue Knight|Assault Vest|[from] move: Knock Off|[of] p2a: Weavile
|faint|p1a: Blue Knight
|-end|p1a: Blue Knight|Quark Drive|[silent]
|
|upkeep
|
|t:|1779811353
|switch|p1a: Jack|Samurott-Hisui, M|100/100
|turn|3
|
|t:|1779811356
|move|p2a: Weavile|Knock Off|p1a: Jack
|-resisted|p1a: Jack
|-damage|p1a: Jack|72/100
|-enditem|p1a: Jack|Heavy-Duty Boots|[from] move: Knock Off|[of] p2a: Weavile
|move|p1a: Jack|Ceaseless Edge|p2a: Weavile
|-resisted|p2a: Weavile
|-damage|p2a: Weavile|64/100
|-sidestart|p2: Sirbadong|Spikes
|
|upkeep
|turn|4
|
|t:|1779811375
|move|p2a: Weavile|Low Kick|p1a: Jack
|-supereffective|p1a: Jack
|-damage|p1a: Jack|6/100
|move|p1a: Jack|Ceaseless Edge|p2a: Weavile
|-resisted|p2a: Weavile
|-damage|p2a: Weavile|25/100
|-sidestart|p2: Sirbadong|Spikes
|
|upkeep
|turn|5
|l|☆Sirbadong
|inactive|Sirbadong disconnected and has a minute to reconnect!
|player|p2|
|j|☆Sirbadong
|inactive|Sirbadong reconnected and has 125 seconds left.
|player|p2|Sirbadong|101|
|inactive|Sirbadong has 120 seconds left.
|
|t:|1779811410
|switch|p1a: Man-Eater Bug|Lokix, M|100/100
|move|p2a: Weavile|Knock Off|p1a: Man-Eater Bug
|-resisted|p1a: Man-Eater Bug
|-crit|p1a: Man-Eater Bug
|-damage|p1a: Man-Eater Bug|47/100
|-enditem|p1a: Man-Eater Bug|Choice Band|[from] move: Knock Off|[of] p2a: Weavile
|
|upkeep
|turn|6
|
|t:|1779811423
|switch|p2a: Avalugg|Avalugg, M|100/100
|move|p1a: Man-Eater Bug|First Impression|p2a: Avalugg
|-damage|p2a: Avalugg|84/100
|
|upkeep
|turn|7
|
|t:|1779811434
|move|p1a: Man-Eater Bug|U-turn|p2a: Avalugg
|-damage|p2a: Avalugg|70/100
|
|t:|1779811437
|switch|p1a: Atlas|Zamazenta|100/100|[from] U-turn
|-ability|p1a: Atlas|Dauntless Shield|boost
|-boost|p1a: Atlas|def|1
|move|p2a: Avalugg|Rapid Spin|p1a: Atlas
|-damage|p1a: Atlas|95/100
|-boost|p2a: Avalugg|spe|1
|-sideend|p2: Sirbadong|Spikes|[from] move: Rapid Spin|[of] p2a: Avalugg
|
|-heal|p1a: Atlas|100/100|[from] item: Leftovers
|upkeep
|turn|8
|inactive|Sirbadong has 120 seconds left.
|
|t:|1779811455
|switch|p2a: Delibird|Delibird, L1, F|100/100
|move|p1a: Atlas|Iron Defense|p1a: Atlas
|-boost|p1a: Atlas|def|2
|
|upkeep
|turn|9
|inactive|Sirbadong has 120 seconds left.
|
|t:|1779811463
|move|p1a: Atlas|Body Press|p2a: Delibird
|-enditem|p2a: Delibird|Focus Sash
|-damage|p2a: Delibird|9/100
|move|p2a: Delibird|Endeavor|p1a: Atlas
|-damage|p1a: Atlas|1/100
|
|-heal|p1a: Atlas|7/100|[from] item: Leftovers
|upkeep
|turn|10
|inactive|Sirbadong has 120 seconds left.
|
|t:|1779811473
|switch|p1a: Jack|Samurott-Hisui, M|6/100
|move|p2a: Delibird|Destiny Bond|p2a: Delibird
|-singlemove|p2a: Delibird|Destiny Bond
|
|upkeep
|turn|11
|
|t:|1779811481
|move|p1a: Jack|Ceaseless Edge|p2a: Delibird
|-damage|p2a: Delibird|0 fnt
|-sidestart|p2: Sirbadong|Spikes
|faint|p2a: Delibird
|-activate|p2a: Delibird|move: Destiny Bond
|faint|p1a: Jack
|
|upkeep
|inactive|Sirbadong has 120 seconds left.
|
|t:|1779811493
|switch|p1a: Taser|Thundurus-Therian, M|100/100
|switch|p2a: Avalugg|Avalugg, M|70/100
|turn|12
|
|t:|1779811500
|move|p1a: Taser|Nasty Plot|p1a: Taser
|-boost|p1a: Taser|spa|2
|move|p2a: Avalugg|Rapid Spin|p1a: Taser
|-damage|p1a: Taser|86/100
|-boost|p2a: Avalugg|spe|1
|-sideend|p2: Sirbadong|Spikes|[from] move: Rapid Spin|[of] p2a: Avalugg
|
|upkeep
|turn|13
|
|t:|1779811510
|move|p1a: Taser|Thunder|p2a: Avalugg|[miss]
|-miss|p1a: Taser|p2a: Avalugg
|move|p2a: Avalugg|Recover|p2a: Avalugg
|-heal|p2a: Avalugg|100/100
|
|upkeep
|turn|14
|
|t:|1779811521
|move|p1a: Taser|Thunder|p2a: Avalugg|[miss]
|-miss|p1a: Taser|p2a: Avalugg
|move|p2a: Avalugg|Mirror Coat||[still]
|-fail|p2a: Avalugg
|
|upkeep
|turn|15
|
|t:|1779811528
|move|p1a: Taser|Thunder|p2a: Avalugg
|-ability|p2a: Avalugg|Sturdy
|-damage|p2a: Avalugg|1/100
|move|p2a: Avalugg|Mirror Coat|p1a: Taser
|-damage|p1a: Taser|0 fnt
|faint|p1a: Taser
|
|upkeep
|
|t:|1779811536
|switch|p1a: Pook|Great Tusk|100/100
|turn|16
|
|t:|1779811541
|move|p1a: Pook|Rapid Spin|p2a: Avalugg
|-damage|p2a: Avalugg|0 fnt
|-boost|p1a: Pook|spe|1
|faint|p2a: Avalugg
|
|upkeep
|
|t:|1779811563
|switch|p2a: Mamoswine|Mamoswine, M|100/100
|turn|17
|
|t:|1779811577
|-terastallize|p1a: Pook|Water
|move|p1a: Pook|Ice Spinner|p2a: Mamoswine
|-damage|p2a: Mamoswine|86/100
|move|p2a: Mamoswine|Trailblaze|p1a: Pook
|-supereffective|p1a: Pook
|-damage|p1a: Pook|78/100
|-boost|p2a: Mamoswine|spe|1
|-damage|p2a: Mamoswine|69/100|[from] item: Rocky Helmet|[of] p1a: Pook
|
|upkeep
|turn|18
|
|t:|1779811589
|move|p1a: Pook|Headlong Rush|p2a: Mamoswine
|-damage|p2a: Mamoswine|13/100
|-unboost|p1a: Pook|def|1
|-unboost|p1a: Pook|spd|1
|move|p2a: Mamoswine|Earthquake|p1a: Pook
|-damage|p1a: Pook|23/100
|
|upkeep
|turn|19
|
|t:|1779811598
|move|p2a: Mamoswine|Ice Shard|p1a: Pook
|-resisted|p1a: Pook
|-damage|p1a: Pook|13/100
|move|p1a: Pook|Headlong Rush|p2a: Mamoswine
|-damage|p2a: Mamoswine|0 fnt
|-unboost|p1a: Pook|def|1
|-unboost|p1a: Pook|spd|1
|faint|p2a: Mamoswine
|
|upkeep
|
|t:|1779811607
|switch|p2a: Weavile|Weavile, M|25/100
|-ability|p2a: Weavile|Pressure
|turn|20
|
|t:|1779811616
|move|p2a: Weavile|Fake Out|p1a: Pook
|-damage|p1a: Pook|0 fnt
|-damage|p2a: Weavile|9/100|[from] item: Rocky Helmet|[of] p1a: Pook
|faint|p1a: Pook
|-end|p1a: Pook|Protosynthesis|[silent]
|
|upkeep
|
|t:|1779811619
|switch|p1a: Man-Eater Bug|Lokix, M|47/100
|turn|21
|
|t:|1779811626
|move|p1a: Man-Eater Bug|First Impression|p2a: Weavile
|-supereffective|p2a: Weavile
|-damage|p2a: Weavile|0 fnt
|faint|p2a: Weavile
|
|upkeep
|
|t:|1779811632
|switch|p2a: Cloyster|Cloyster, F|100/100
|turn|22
|
|t:|1779811639
|-terastallize|p2a: Cloyster|Poison
|move|p1a: Man-Eater Bug|Leech Life|p2a: Cloyster
|-resisted|p2a: Cloyster
|-damage|p2a: Cloyster|69/100
|-heal|p1a: Man-Eater Bug|61/100|[from] drain|[of] p2a: Cloyster
|move|p2a: Cloyster|Shell Smash|p2a: Cloyster
|-unboost|p2a: Cloyster|def|1
|-unboost|p2a: Cloyster|spd|1
|-boost|p2a: Cloyster|atk|2
|-boost|p2a: Cloyster|spa|2
|-boost|p2a: Cloyster|spe|2
|-enditem|p2a: Cloyster|White Herb
|-clearnegativeboost|p2a: Cloyster|[silent]
|
|upkeep
|turn|23
|
|t:|1779811652
|switch|p1a: Atlas|Zamazenta|7/100
|move|p2a: Cloyster|Icicle Spear|p1a: Atlas
|-damage|p1a: Atlas|0 fnt
|faint|p1a: Atlas
|-hitcount|p1: Atlas|1
|
|upkeep
|
|t:|1779811656
|switch|p1a: Man-Eater Bug|Lokix, M|61/100
|turn|24
|
|t:|1779811662
|move|p1a: Man-Eater Bug|First Impression|p2a: Cloyster
|-resisted|p2a: Cloyster
|-damage|p2a: Cloyster|31/100
|move|p2a: Cloyster|Icicle Spear|p1a: Man-Eater Bug
|-damage|p1a: Man-Eater Bug|31/100
|-damage|p1a: Man-Eater Bug|0 fnt
|faint|p1a: Man-Eater Bug
|-hitcount|p1: Man-Eater Bug|2
|
|win|Sirbadong
|raw|gammaroidgamma's rating: 1180 &rarr; <strong>1155</strong><br />(-25 for losing)
|raw|Sirbadong's rating: 1183 &rarr; <strong>1208</strong><br />(+25 for winning)
|l|☆gammaroidgamma
|player|p1|
|l|☆Sirbadong
|player|p2|
