|j|☆rockeater9000
|j|☆Walvis Timmy
|t:|1779815976
|gametype|singles
|player|p1|rockeater9000|dawn|1578
|player|p2|Walvis Timmy|1|1592
|gen|9
|tier|[Gen 9] OU
|rated|
|rule|HP Percentage Mod: HP is shown in percentages
|rule|Endless Battle Clause: Forcing endless battles is banned
|rule|Species Clause: Limit one of each Pokémon
|rule|OHKO Clause: OHKO moves are banned
|rule|Evasion Items Clause: Evasion items are banned
|rule|Evasion Moves Clause: Evasion moves are banned
|rule|Evasion Abilities Clause: Evasion abilities are banned
|rule|Sleep Moves Clause: Sleep-inducing moves are banned
|clearpoke
|poke|p1|Hydrapple, F|
|poke|p1|Clodsire, M|
|poke|p1|Bronzong|
|poke|p1|Regieleki|
|poke|p1|Pecharunt|
|poke|p1|Walking Wake|
|poke|p2|Cramorant, M|
|poke|p2|Gallade, M|
|poke|p2|Kingambit, M|
|poke|p2|Iron Moth|
|poke|p2|Enamorus, F|
|poke|p2|Ogerpon-Cornerstone, F|
|teampreview
|inactive|Battle timer is ON: inactive players will automatically lose when time's up. (requested by rockeater9000)
|inactive|Walvis Timmy has 120 seconds left.
|
|t:|1779816011
|teamsize|p1|6
|teamsize|p2|6
|start
|switch|p1a: Regieleki|Regieleki|100/100
|switch|p2a: Cramorant|Cramorant, M, shiny|100/100
|turn|1
|
|t:|1779816023
|-terastallize|p2a: Cramorant|Ground
|move|p1a: Regieleki|Volt Switch|p2a: Cramorant
|-immune|p2a: Cramorant
|move|p2a: Cramorant|Tailwind|p2a: Cramorant
|-sidestart|p2: Walvis Timmy|move: Tailwind
|
|upkeep
|turn|2
|
|t:|1779816026
|switch|p1a: Walking Wake|Walking Wake|100/100
|move|p2a: Cramorant|Surf|p1a: Walking Wake
|-formechange|p2a: Cramorant|Cramorant-Gulping|
|-resisted|p1a: Walking Wake
|-damage|p1a: Walking Wake|89/100
|
|upkeep
|turn|3
|
|t:|1779816033
|move|p2a: Cramorant|Hurricane|p1a: Walking Wake
|-damage|p1a: Walking Wake|38/100
|-start|p1a: Walking Wake|confusion
|-activate|p1a: Walking Wake|confusion
|move|p1a: Walking Wake|Surf|p2a: Cramorant
|-supereffective|p2a: Cramorant
|-enditem|p2a: Cramorant|Focus Sash
|-damage|p2a: Cramorant|1/100
|-damage|p1a: Walking Wake|13/100|[from] ability: Gulp Missile|[of] p2a: Cramorant
|-unboost|p1a: Walking Wake|def|1
|-formechange|p2a: Cramorant|Cramorant|
|
|upkeep
|turn|4
|
|t:|1779816043
|move|p2a: Cramorant|Surf|p1a: Walking Wake
|-formechange|p2a: Cramorant|Cramorant-Gorging|
|-resisted|p1a: Walking Wake
|-damage|p1a: Walking Wake|2/100
|-activate|p1a: Walking Wake|confusion
|move|p1a: Walking Wake|Flip Turn|p2a: Cramorant
|-supereffective|p2a: Cramorant
|-damage|p2a: Cramorant|0 fnt
|-damage|p1a: Walking Wake|0 fnt|[from] ability: Gulp Missile|[of] p2a: Cramorant
|-formechange|p2a: Cramorant|Cramorant|
|faint|p2a: Cramorant
|faint|p1a: Walking Wake
|-end|p1a: Walking Wake|Protosynthesis|[silent]
|
|-sideend|p2: Walvis Timmy|move: Tailwind
|upkeep
|
|t:|1779816052
|switch|p1a: Regieleki|Regieleki|100/100
|switch|p2a: Kingambit|Kingambit, M|100/100
|-activate|p2a: Kingambit|ability: Supreme Overlord
|-start|p2a: Kingambit|fallen1|[silent]
|turn|5
|
|t:|1779816057
|move|p1a: Regieleki|Volt Switch|p2a: Kingambit
|-damage|p2a: Kingambit|58/100
|
|t:|1779816065
|switch|p1a: Hydrapple|Hydrapple, F|100/100|[from] Volt Switch
|move|p2a: Kingambit|Iron Head|p1a: Hydrapple
|-damage|p1a: Hydrapple|60/100
|-damage|p2a: Kingambit|42/100|[from] item: Rocky Helmet|[of] p1a: Hydrapple
|-damage|p2a: Kingambit|32/100|[from] item: Life Orb
|
|upkeep
|turn|6
|j| ty-tyui↻
|
|t:|1779816070
|-end|p2a: Kingambit|fallen1|[silent]
|switch|p2a: Gallade|Gallade, M|100/100
|move|p1a: Hydrapple|Earth Power|p2a: Gallade
|-damage|p2a: Gallade|73/100
|
|upkeep
|turn|7
|
|t:|1779816075
|move|p2a: Gallade|Swords Dance|p2a: Gallade
|-boost|p2a: Gallade|atk|2
|move|p1a: Hydrapple|Giga Drain|p2a: Gallade
|-damage|p2a: Gallade|41/100
|-heal|p1a: Hydrapple|71/100|[from] drain|[of] p2a: Gallade
|
|upkeep
|turn|8
|j| beebeebaobao
|
|t:|1779816078
|move|p2a: Gallade|Sacred Sword|p1a: Hydrapple
|-damage|p1a: Hydrapple|0 fnt
|-damage|p2a: Gallade|24/100|[from] item: Rocky Helmet|[of] p1a: Hydrapple
|faint|p1a: Hydrapple
|
|upkeep
|
|t:|1779816085
|switch|p1a: Pecharunt|Pecharunt|100/100
|turn|9
|
|t:|1779816090
|-terastallize|p1a: Pecharunt|Dark
|move|p2a: Gallade|Shadow Sneak|p1a: Pecharunt
|-resisted|p1a: Pecharunt
|-damage|p1a: Pecharunt|92/100
|move|p1a: Pecharunt|Foul Play|p2a: Gallade
|-damage|p2a: Gallade|0 fnt
|faint|p2a: Gallade
|
|upkeep
|
|t:|1779816095
|switch|p2a: Enamorus|Enamorus, F|100/100
|turn|10
|
|t:|1779816098
|switch|p1a: Bronzong|Bronzong|100/100
|move|p2a: Enamorus|Moonblast|p1a: Bronzong
|-resisted|p1a: Bronzong
|-crit|p1a: Bronzong
|-damage|p1a: Bronzong|76/100
|-unboost|p1a: Bronzong|spa|1
|
|-heal|p1a: Bronzong|82/100|[from] item: Leftovers
|upkeep
|turn|11
|
|t:|1779816107
|move|p2a: Enamorus|Superpower|p1a: Bronzong
|-damage|p1a: Bronzong|52/100
|-boost|p2a: Enamorus|atk|1
|-boost|p2a: Enamorus|def|1
|move|p1a: Bronzong|Stealth Rock|p2a: Enamorus
|-sidestart|p2: Walvis Timmy|move: Stealth Rock
|
|-heal|p1a: Bronzong|58/100|[from] item: Leftovers
|upkeep
|turn|12
|
|t:|1779816109
|move|p2a: Enamorus|Superpower|p1a: Bronzong
|-damage|p1a: Bronzong|20/100
|-boost|p2a: Enamorus|atk|1
|-boost|p2a: Enamorus|def|1
|move|p1a: Bronzong|Night Shade|p2a: Enamorus
|-damage|p2a: Enamorus|66/100
|
|-heal|p1a: Bronzong|27/100|[from] item: Leftovers
|upkeep
|turn|13
|
|t:|1779816113
|move|p2a: Enamorus|Superpower|p1a: Bronzong
|-crit|p1a: Bronzong
|-damage|p1a: Bronzong|0 fnt
|-boost|p2a: Enamorus|atk|1
|-boost|p2a: Enamorus|def|1
|faint|p1a: Bronzong
|
|upkeep
|
|t:|1779816115
|switch|p1a: Clodsire|Clodsire, M|100/100
|turn|14
|
|t:|1779816118
|move|p2a: Enamorus|Earth Power|p1a: Clodsire
|-supereffective|p1a: Clodsire
|-damage|p1a: Clodsire|66/100
|move|p1a: Clodsire|Toxic|p2a: Enamorus
|-status|p2a: Enamorus|tox
|
|-heal|p1a: Clodsire|73/100|[from] item: Leftovers
|-damage|p2a: Enamorus|60/100 tox|[from] psn
|upkeep
|turn|15
|
|t:|1779816122
|move|p2a: Enamorus|Earth Power|p1a: Clodsire
|-supereffective|p1a: Clodsire
|-damage|p1a: Clodsire|40/100
|move|p1a: Clodsire|Recover|p1a: Clodsire
|-heal|p1a: Clodsire|90/100
|
|-heal|p1a: Clodsire|96/100|[from] item: Leftovers
|-damage|p2a: Enamorus|47/100 tox|[from] psn
|upkeep
|turn|16
|
|t:|1779816137
|move|p2a: Enamorus|Earth Power|p1a: Clodsire
|-supereffective|p1a: Clodsire
|-damage|p1a: Clodsire|60/100
|move|p1a: Clodsire|Recover|p1a: Clodsire
|-heal|p1a: Clodsire|100/100
|
|-damage|p2a: Enamorus|29/100 tox|[from] psn
|upkeep
|turn|17
|
|t:|1779816141
|move|p2a: Enamorus|Earth Power|p1a: Clodsire
|-supereffective|p1a: Clodsire
|-damage|p1a: Clodsire|68/100
|move|p1a: Clodsire|Spikes|p2a: Enamorus
|-sidestart|p2: Walvis Timmy|Spikes
|
|-heal|p1a: Clodsire|74/100|[from] item: Leftovers
|-damage|p2a: Enamorus|4/100 tox|[from] psn
|upkeep
|turn|18
|
|t:|1779816144
|move|p2a: Enamorus|Healing Wish|p2a: Enamorus
|faint|p2a: Enamorus
|move|p1a: Clodsire|Recover|p1a: Clodsire
|-heal|p1a: Clodsire|100/100
|
|upkeep
|
|t:|1779816146
|switch|p2a: Kingambit|Kingambit, M|32/100
|-heal|p2a: Kingambit|100/100|[from] move: Healing Wish
|-damage|p2a: Kingambit|94/100|[from] Stealth Rock
|-damage|p2a: Kingambit|82/100|[from] Spikes
|-activate|p2a: Kingambit|ability: Supreme Overlord
|-start|p2a: Kingambit|fallen3|[silent]
|turn|19
|
|t:|1779816153
|move|p2a: Kingambit|Swords Dance|p2a: Kingambit
|-boost|p2a: Kingambit|atk|2
|move|p1a: Clodsire|Earthquake|p2a: Kingambit
|-supereffective|p2a: Kingambit
|-damage|p2a: Kingambit|34/100
|
|upkeep
|turn|20
|
|t:|1779816157
|move|p2a: Kingambit|Iron Head|p1a: Clodsire
|-damage|p1a: Clodsire|16/100
|-damage|p2a: Kingambit|24/100|[from] item: Life Orb
|cant|p1a: Clodsire|flinch
|
|-heal|p1a: Clodsire|23/100|[from] item: Leftovers
|upkeep
|turn|21
|
|t:|1779816161
|move|p2a: Kingambit|Iron Head|p1a: Clodsire
|-damage|p1a: Clodsire|0 fnt
|faint|p1a: Clodsire
|-damage|p2a: Kingambit|14/100|[from] item: Life Orb
|
|upkeep
|
|t:|1779816163
|switch|p1a: Pecharunt|Pecharunt, tera:Dark|92/100
|turn|22
|
|t:|1779816167
|move|p2a: Kingambit|Sucker Punch|p1a: Pecharunt
|-resisted|p1a: Pecharunt
|-crit|p1a: Pecharunt
|-damage|p1a: Pecharunt|30/100
|-damage|p2a: Kingambit|4/100|[from] item: Life Orb
|move|p1a: Pecharunt|Foul Play|p2a: Kingambit
|-resisted|p2a: Kingambit
|-damage|p2a: Kingambit|0 fnt
|faint|p2a: Kingambit
|-end|p2a: Kingambit|fallen3|[silent]
|
|upkeep
|
|t:|1779816175
|switch|p2a: Ogerpon|Ogerpon-Cornerstone, F|100/100
|-damage|p2a: Ogerpon|88/100|[from] Stealth Rock
|-damage|p2a: Ogerpon|76/100|[from] Spikes
|turn|23
|j| Heliophete
|
|t:|1779816182
|move|p2a: Ogerpon|Ivy Cudgel|p1a: Pecharunt|[anim] Ivy Cudgel Rock
|-damage|p1a: Pecharunt|0 fnt
|faint|p1a: Pecharunt
|
|upkeep
|
|t:|1779816185
|switch|p1a: Regieleki|Regieleki|100/100
|turn|24
|
|t:|1779816187
|move|p1a: Regieleki|Thunderbolt|p2a: Ogerpon
|-resisted|p2a: Ogerpon
|-damage|p2a: Ogerpon|45/100
|move|p2a: Ogerpon|Ivy Cudgel|p1a: Regieleki|[anim] Ivy Cudgel Rock
|-damage|p1a: Regieleki|0 fnt
|faint|p1a: Regieleki
|
|win|Walvis Timmy
|raw|rockeater9000's rating: 1578 &rarr; <strong>1559</strong><br />(-19 for losing)
|raw|Walvis Timmy's rating: 1592 &rarr; <strong>1611</strong><br />(+19 for winning)
|l|☆rockeater9000
|player|p1|
|l|☆Walvis Timmy
|player|p2|
|l| beebeebaobao
