|j|☆TheFlo1990
|j|☆claudechamp
|t:|1779822743
|gametype|singles
|player|p1|TheFlo1990|265|1276
|player|p2|claudechamp|265|1264
|gen|9
|tier|[Gen 9] OU
|rated|
|rule|HP Percentage Mod: HP is shown in percentages
|rule|Endless Battle Clause: Forcing endless battles is banned
|rule|Species Clause: Limit one of each Pokémon
|rule|OHKO Clause: OHKO moves are banned
|rule|Evasion Items Clause: Evasion items are banned
|rule|Evasion Moves Clause: Evasion moves are banned
|rule|Evasion Abilities Clause: Evasion abilities are banned
|rule|Sleep Moves Clause: Sleep-inducing moves are banned
|clearpoke
|poke|p1|Alomomola, M|
|poke|p1|Darkrai|
|poke|p1|Rillaboom, M|
|poke|p1|Cinderace, M|
|poke|p1|Gholdengo|
|poke|p1|Clefable, F|
|poke|p2|Gliscor, F|
|poke|p2|Ogerpon, F|
|poke|p2|Walking Wake|
|poke|p2|Blissey, F|
|poke|p2|Corviknight, F|
|poke|p2|Pecharunt|
|teampreview
|inactive|Battle timer is ON: inactive players will automatically lose when time's up. (requested by TheFlo1990)
|c|☆claudechamp|hf
|inactive|claudechamp also wants the timer to be on.
|
|t:|1779822762
|teamsize|p1|6
|teamsize|p2|6
|start
|switch|p1a: Cinderace|Cinderace, M|100/100
|switch|p2a: Gliscor|Gliscor, F|100/100
|turn|1
|
|t:|1779822767
|move|p1a: Cinderace|U-turn|p2a: Gliscor
|-start|p1a: Cinderace|typechange|Bug|[from] ability: Libero
|-resisted|p2a: Gliscor
|-damage|p2a: Gliscor|88/100
|
|t:|1779822768
|switch|p1a: Rillaboom|Rillaboom, M|100/100|[from] U-turn
|-fieldstart|move: Grassy Terrain|[from] ability: Grassy Surge|[of] p1a: Rillaboom
|move|p2a: Gliscor|Spikes|p1a: Rillaboom
|-sidestart|p1: TheFlo1990|Spikes
|
|-status|p2a: Gliscor|tox|[from] item: Toxic Orb
|upkeep
|turn|2
|
|t:|1779822772
|move|p1a: Rillaboom|Wood Hammer|p2a: Gliscor
|-damage|p2a: Gliscor|0 fnt
|faint|p2a: Gliscor
|-damage|p1a: Rillaboom|71/100|[from] Recoil
|
|-heal|p1a: Rillaboom|77/100|[from] Grassy Terrain
|upkeep
|
|t:|1779822775
|switch|p2a: Pecharunt|Pecharunt|100/100
|turn|3
|
|t:|1779822785
|switch|p1a: Darkrai|Darkrai|100/100
|-damage|p1a: Darkrai|88/100|[from] Spikes
|move|p2a: Pecharunt|Malignant Chain|p1a: Darkrai
|-crit|p1a: Darkrai
|-damage|p1a: Darkrai|31/100
|-status|p1a: Darkrai|tox
|-start|p1a: Darkrai|confusion|[from] ability: Poison Puppeteer|[of] p2a: Pecharunt
|
|-heal|p1a: Darkrai|37/100 tox|[from] Grassy Terrain
|-damage|p1a: Darkrai|31/100 tox|[from] psn
|upkeep
|turn|4
|
|t:|1779822797
|-activate|p1a: Darkrai|confusion
|-damage|p1a: Darkrai|22/100 tox|[from] confusion
|move|p2a: Pecharunt|Malignant Chain|p1a: Darkrai
|-damage|p1a: Darkrai|0 fnt
|faint|p1a: Darkrai
|
|upkeep
|c|☆TheFlo1990|Fair
|
|t:|1779822811
|switch|p1a: Gholdengo|Gholdengo|100/100
|-damage|p1a: Gholdengo|88/100|[from] Spikes
|turn|5
|
|t:|1779822814
|move|p1a: Gholdengo|Substitute|p1a: Gholdengo
|-start|p1a: Gholdengo|Substitute
|-damage|p1a: Gholdengo|63/100
|move|p2a: Pecharunt|Foul Play|p1a: Gholdengo
|-supereffective|p1a: Gholdengo
|-end|p1a: Gholdengo|Substitute
|
|-heal|p1a: Gholdengo|69/100|[from] Grassy Terrain
|-heal|p1a: Gholdengo|75/100|[from] item: Leftovers
|-fieldend|move: Grassy Terrain
|upkeep
|turn|6
|
|t:|1779822819
|move|p1a: Gholdengo|Shadow Ball|p2a: Pecharunt
|-supereffective|p2a: Pecharunt
|-damage|p2a: Pecharunt|12/100
|move|p2a: Pecharunt|Foul Play|p1a: Gholdengo
|-supereffective|p1a: Gholdengo
|-damage|p1a: Gholdengo|53/100
|
|-heal|p1a: Gholdengo|59/100|[from] item: Leftovers
|upkeep
|turn|7
|
|t:|1779822829
|switch|p2a: Ogerpon|Ogerpon, F|100/100
|move|p1a: Gholdengo|Psyshock|p2a: Ogerpon
|-damage|p2a: Ogerpon|64/100
|
|-heal|p1a: Gholdengo|65/100|[from] item: Leftovers
|upkeep
|turn|8
|
|t:|1779822840
|move|p2a: Ogerpon|Knock Off|p1a: Gholdengo
|-supereffective|p1a: Gholdengo
|-damage|p1a: Gholdengo|0 fnt
|-enditem|p1a: Gholdengo|Leftovers|[from] move: Knock Off|[of] p2a: Ogerpon
|faint|p1a: Gholdengo
|
|upkeep
|
|t:|1779822843
|switch|p1a: Cinderace|Cinderace, M|100/100
|-damage|p1a: Cinderace|88/100|[from] Spikes
|turn|9
|
|t:|1779822848
|move|p1a: Cinderace|Pyro Ball|p2a: Ogerpon
|-supereffective|p2a: Ogerpon
|-damage|p2a: Ogerpon|0 fnt
|faint|p2a: Ogerpon
|
|upkeep
|
|t:|1779822856
|switch|p2a: Walking Wake|Walking Wake|100/100
|turn|10
|
|t:|1779822860
|switch|p1a: Rillaboom|Rillaboom, M|77/100
|-damage|p1a: Rillaboom|64/100|[from] Spikes
|-fieldstart|move: Grassy Terrain|[from] ability: Grassy Surge|[of] p1a: Rillaboom
|move|p2a: Walking Wake|Surf|p1a: Rillaboom
|-resisted|p1a: Rillaboom
|-damage|p1a: Rillaboom|33/100
|
|-heal|p1a: Rillaboom|40/100|[from] Grassy Terrain
|upkeep
|turn|11
|
|t:|1779822871
|move|p2a: Walking Wake|Draco Meteor|p1a: Rillaboom
|-damage|p1a: Rillaboom|0 fnt
|-unboost|p2a: Walking Wake|spa|2
|faint|p1a: Rillaboom
|
|upkeep
|
|t:|1779822876
|switch|p1a: Clefable|Clefable, F|100/100
|-damage|p1a: Clefable|88/100|[from] Spikes
|turn|12
|
|t:|1779822891
|-terastallize|p2a: Walking Wake|Water
|move|p2a: Walking Wake|Surf|p1a: Clefable
|-damage|p1a: Clefable|35/100
|move|p1a: Clefable|Cosmic Power|p1a: Clefable
|-boost|p1a: Clefable|def|1
|-boost|p1a: Clefable|spd|1
|
|-heal|p1a: Clefable|41/100|[from] Grassy Terrain
|-heal|p1a: Clefable|47/100|[from] item: Leftovers
|upkeep
|turn|13
|
|t:|1779822899
|move|p2a: Walking Wake|Surf|p1a: Clefable
|-damage|p1a: Clefable|11/100
|move|p1a: Clefable|Moonlight|p1a: Clefable
|-heal|p1a: Clefable|61/100
|
|-heal|p1a: Clefable|68/100|[from] Grassy Terrain
|-heal|p1a: Clefable|74/100|[from] item: Leftovers
|upkeep
|turn|14
|
|t:|1779822903
|move|p2a: Walking Wake|Surf|p1a: Clefable
|-damage|p1a: Clefable|42/100
|move|p1a: Clefable|Moonlight|p1a: Clefable
|-heal|p1a: Clefable|92/100
|
|-heal|p1a: Clefable|98/100|[from] Grassy Terrain
|-heal|p1a: Clefable|100/100|[from] item: Leftovers
|-fieldend|move: Grassy Terrain
|upkeep
|turn|15
|
|t:|1779822907
|-end|p2a: Walking Wake|Protosynthesis|[silent]
|switch|p2a: Blissey|Blissey, F|100/100
|move|p1a: Clefable|Cosmic Power|p1a: Clefable
|-boost|p1a: Clefable|def|1
|-boost|p1a: Clefable|spd|1
|
|upkeep
|turn|16
|
|t:|1779822916
|-terastallize|p1a: Clefable|Poison
|move|p1a: Clefable|Cosmic Power|p1a: Clefable
|-boost|p1a: Clefable|def|1
|-boost|p1a: Clefable|spd|1
|move|p2a: Blissey|Seismic Toss|p1a: Clefable
|-damage|p1a: Clefable|75/100
|
|-heal|p1a: Clefable|81/100|[from] item: Leftovers
|upkeep
|turn|17
|
|t:|1779822921
|move|p1a: Clefable|Cosmic Power|p1a: Clefable
|-boost|p1a: Clefable|def|1
|-boost|p1a: Clefable|spd|1
|move|p2a: Blissey|Seismic Toss|p1a: Clefable
|-damage|p1a: Clefable|56/100
|
|-heal|p1a: Clefable|62/100|[from] item: Leftovers
|upkeep
|turn|18
|
|t:|1779822933
|switch|p2a: Pecharunt|Pecharunt|12/100
|move|p1a: Clefable|Cosmic Power|p1a: Clefable
|-boost|p1a: Clefable|def|1
|-boost|p1a: Clefable|spd|1
|
|-heal|p1a: Clefable|68/100|[from] item: Leftovers
|upkeep
|turn|19
|
|t:|1779822941
|move|p2a: Pecharunt|Recover|p2a: Pecharunt
|-heal|p2a: Pecharunt|62/100
|move|p1a: Clefable|Stored Power|p2a: Pecharunt
|-supereffective|p2a: Pecharunt
|-damage|p2a: Pecharunt|0 fnt
|faint|p2a: Pecharunt
|
|-heal|p1a: Clefable|74/100|[from] item: Leftovers
|upkeep
|
|t:|1779822945
|switch|p2a: Blissey|Blissey, F|100/100
|turn|20
|
|t:|1779822952
|move|p1a: Clefable|Cosmic Power|p1a: Clefable
|-boost|p1a: Clefable|def|1
|-boost|p1a: Clefable|spd|1
|move|p2a: Blissey|Seismic Toss|p1a: Clefable
|-damage|p1a: Clefable|49/100
|
|-heal|p1a: Clefable|55/100|[from] item: Leftovers
|upkeep
|turn|21
|
|t:|1779822957
|move|p1a: Clefable|Stored Power|p2a: Blissey
|-damage|p2a: Blissey|83/100
|move|p2a: Blissey|Seismic Toss|p1a: Clefable
|-damage|p1a: Clefable|29/100
|
|-heal|p1a: Clefable|36/100|[from] item: Leftovers
|upkeep
|turn|22
|
|t:|1779822964
|move|p1a: Clefable|Moonlight|p1a: Clefable
|-heal|p1a: Clefable|86/100
|move|p2a: Blissey|Soft-Boiled|p2a: Blissey
|-heal|p2a: Blissey|100/100
|
|-heal|p1a: Clefable|92/100|[from] item: Leftovers
|upkeep
|turn|23
|
|t:|1779822973
|move|p1a: Clefable|Flamethrower|p2a: Blissey
|-damage|p2a: Blissey|95/100
|move|p2a: Blissey|Seismic Toss|p1a: Clefable
|-damage|p1a: Clefable|66/100
|
|-heal|p1a: Clefable|72/100|[from] item: Leftovers
|upkeep
|turn|24
|
|t:|1779822979
|move|p1a: Clefable|Flamethrower|p2a: Blissey
|-crit|p2a: Blissey
|-damage|p2a: Blissey|84/100
|move|p2a: Blissey|Soft-Boiled|p2a: Blissey
|-heal|p2a: Blissey|100/100
|
|-heal|p1a: Clefable|78/100|[from] item: Leftovers
|upkeep
|turn|25
|
|t:|1779822984
|move|p1a: Clefable|Flamethrower|p2a: Blissey
|-damage|p2a: Blissey|94/100
|move|p2a: Blissey|Seismic Toss|p1a: Clefable
|-damage|p1a: Clefable|53/100
|
|-heal|p1a: Clefable|59/100|[from] item: Leftovers
|upkeep
|turn|26
|
|t:|1779822992
|move|p1a: Clefable|Flamethrower|p2a: Blissey
|-damage|p2a: Blissey|88/100
|move|p2a: Blissey|Soft-Boiled|p2a: Blissey
|-heal|p2a: Blissey|100/100
|
|-heal|p1a: Clefable|65/100|[from] item: Leftovers
|upkeep
|turn|27
|
|t:|1779822998
|move|p1a: Clefable|Flamethrower|p2a: Blissey
|-damage|p2a: Blissey|94/100
|move|p2a: Blissey|Seismic Toss|p1a: Clefable
|-damage|p1a: Clefable|40/100
|
|-heal|p1a: Clefable|46/100|[from] item: Leftovers
|upkeep
|turn|28
|
|t:|1779823006
|move|p1a: Clefable|Flamethrower|p2a: Blissey
|-damage|p2a: Blissey|88/100
|move|p2a: Blissey|Soft-Boiled|p2a: Blissey
|-heal|p2a: Blissey|100/100
|
|-heal|p1a: Clefable|52/100|[from] item: Leftovers
|upkeep
|turn|29
|
|t:|1779823014
|move|p1a: Clefable|Flamethrower|p2a: Blissey
|-damage|p2a: Blissey|94/100
|move|p2a: Blissey|Seismic Toss|p1a: Clefable
|-damage|p1a: Clefable|27/100
|
|-heal|p1a: Clefable|33/100|[from] item: Leftovers
|upkeep
|turn|30
|
|t:|1779823023
|move|p1a: Clefable|Flamethrower|p2a: Blissey
|-damage|p2a: Blissey|88/100
|move|p2a: Blissey|Soft-Boiled|p2a: Blissey
|-heal|p2a: Blissey|100/100
|
|-heal|p1a: Clefable|39/100|[from] item: Leftovers
|upkeep
|turn|31
|
|t:|1779823033
|move|p1a: Clefable|Flamethrower|p2a: Blissey
|-damage|p2a: Blissey|94/100
|move|p2a: Blissey|Seismic Toss|p1a: Clefable
|-damage|p1a: Clefable|13/100
|
|-heal|p1a: Clefable|20/100|[from] item: Leftovers
|upkeep
|turn|32
|
|t:|1779823041
|move|p1a: Clefable|Moonlight|p1a: Clefable
|-heal|p1a: Clefable|70/100
|move|p2a: Blissey|Stealth Rock|p1a: Clefable
|-sidestart|p1: TheFlo1990|move: Stealth Rock
|
|-heal|p1a: Clefable|76/100|[from] item: Leftovers
|upkeep
|turn|33
|
|t:|1779823051
|move|p1a: Clefable|Flamethrower|p2a: Blissey
|-damage|p2a: Blissey|88/100
|-status|p2a: Blissey|brn
|move|p2a: Blissey|Seismic Toss|p1a: Clefable
|-damage|p1a: Clefable|50/100
|
|-heal|p1a: Clefable|56/100|[from] item: Leftovers
|-damage|p2a: Blissey|82/100 brn|[from] brn
|upkeep
|turn|34
|
|t:|1779823066
|move|p1a: Clefable|Moonlight|p1a: Clefable
|-heal|p1a: Clefable|100/100
|move|p2a: Blissey|Soft-Boiled|p2a: Blissey
|-heal|p2a: Blissey|100/100 brn
|
|-damage|p2a: Blissey|94/100 brn|[from] brn
|upkeep
|turn|35
|
|t:|1779823079
|move|p1a: Clefable|Stored Power|p2a: Blissey
|-damage|p2a: Blissey|77/100 brn
|move|p2a: Blissey|Seismic Toss|p1a: Clefable
|-damage|p1a: Clefable|75/100
|
|-heal|p1a: Clefable|81/100|[from] item: Leftovers
|-damage|p2a: Blissey|71/100 brn|[from] brn
|upkeep
|turn|36
|
|t:|1779823089
|move|p1a: Clefable|Stored Power|p2a: Blissey
|-damage|p2a: Blissey|53/100 brn
|move|p2a: Blissey|Soft-Boiled|p2a: Blissey
|-heal|p2a: Blissey|100/100 brn
|
|-heal|p1a: Clefable|87/100|[from] item: Leftovers
|-damage|p2a: Blissey|94/100 brn|[from] brn
|upkeep
|turn|37
|
|t:|1779823101
|move|p1a: Clefable|Flamethrower|p2a: Blissey
|-damage|p2a: Blissey|88/100 brn
|move|p2a: Blissey|Seismic Toss|p1a: Clefable
|-damage|p1a: Clefable|62/100
|
|-heal|p1a: Clefable|68/100|[from] item: Leftovers
|-damage|p2a: Blissey|82/100 brn|[from] brn
|upkeep
|turn|38
|
|t:|1779823111
|-curestatus|p2a: Blissey|brn|[from] ability: Natural Cure|[silent]
|switch|p2a: Corviknight|Corviknight, F|100/100
|-ability|p2a: Corviknight|Pressure
|move|p1a: Clefable|Stored Power|p2a: Corviknight
|-resisted|p2a: Corviknight
|-damage|p2a: Corviknight|72/100
|
|-heal|p1a: Clefable|74/100|[from] item: Leftovers
|upkeep
|turn|39
|
|t:|1779823126
|move|p2a: Corviknight|U-turn|p1a: Clefable
|-resisted|p1a: Clefable
|-damage|p1a: Clefable|73/100
|
|t:|1779823137
|switch|p2a: Blissey|Blissey, F|82/100|[from] U-turn
|move|p1a: Clefable|Flamethrower|p2a: Blissey
|-damage|p2a: Blissey|75/100
|
|-heal|p1a: Clefable|79/100|[from] item: Leftovers
|upkeep
|turn|40
|
|t:|1779823150
|move|p1a: Clefable|Stored Power|p2a: Blissey
|-damage|p2a: Blissey|58/100
|move|p2a: Blissey|Seismic Toss|p1a: Clefable
|-damage|p1a: Clefable|53/100
|
|-heal|p1a: Clefable|59/100|[from] item: Leftovers
|upkeep
|turn|41
|
|t:|1779823160
|move|p1a: Clefable|Flamethrower|p2a: Blissey
|-damage|p2a: Blissey|52/100
|move|p2a: Blissey|Soft-Boiled|p2a: Blissey
|-heal|p2a: Blissey|100/100
|
|-heal|p1a: Clefable|65/100|[from] item: Leftovers
|upkeep
|turn|42
|
|t:|1779823168
|move|p1a: Clefable|Stored Power|p2a: Blissey
|-damage|p2a: Blissey|82/100
|move|p2a: Blissey|Seismic Toss|p1a: Clefable
|-damage|p1a: Clefable|40/100
|
|-heal|p1a: Clefable|46/100|[from] item: Leftovers
|upkeep
|turn|43
|
|t:|1779823179
|move|p1a: Clefable|Stored Power|p2a: Blissey
|-damage|p2a: Blissey|64/100
|move|p2a: Blissey|Seismic Toss|p1a: Clefable
|-damage|p1a: Clefable|21/100
|
|-heal|p1a: Clefable|27/100|[from] item: Leftovers
|upkeep
|turn|44
|
|t:|1779823191
|switch|p2a: Corviknight|Corviknight, F|72/100
|-ability|p2a: Corviknight|Pressure
|move|p1a: Clefable|Moonlight|p1a: Clefable
|-heal|p1a: Clefable|77/100
|
|-heal|p1a: Clefable|83/100|[from] item: Leftovers
|upkeep
|turn|45
|
|t:|1779823200
|move|p2a: Corviknight|Body Press|p1a: Clefable
|-resisted|p1a: Clefable
|-damage|p1a: Clefable|80/100
|move|p1a: Clefable|Flamethrower|p2a: Corviknight
|-supereffective|p2a: Corviknight
|-damage|p2a: Corviknight|31/100
|
|-heal|p1a: Clefable|86/100|[from] item: Leftovers
|upkeep
|turn|46
|
|t:|1779823207
|move|p2a: Corviknight|Body Press|p1a: Clefable
|-resisted|p1a: Clefable
|-damage|p1a: Clefable|83/100
|move|p1a: Clefable|Flamethrower|p2a: Corviknight
|-supereffective|p2a: Corviknight
|-damage|p2a: Corviknight|0 fnt
|faint|p2a: Corviknight
|
|-heal|p1a: Clefable|89/100|[from] item: Leftovers
|upkeep
|
|t:|1779823217
|switch|p2a: Walking Wake|Walking Wake, tera:Water|100/100
|turn|47
|
|t:|1779823227
|move|p2a: Walking Wake|Draco Meteor|p1a: Clefable
|-crit|p1a: Clefable
|-damage|p1a: Clefable|11/100
|-unboost|p2a: Walking Wake|spa|2
|move|p1a: Clefable|Stored Power|p2a: Walking Wake
|-damage|p2a: Walking Wake|30/100
|
|-heal|p1a: Clefable|17/100|[from] item: Leftovers
|upkeep
|turn|48
|c|☆TheFlo1990|Fair
|
|t:|1779823237
|move|p2a: Walking Wake|Surf|p1a: Clefable
|-damage|p1a: Clefable|4/100
|move|p1a: Clefable|Moonlight|p1a: Clefable
|-heal|p1a: Clefable|54/100
|
|-heal|p1a: Clefable|60/100|[from] item: Leftovers
|upkeep
|turn|49
|
|t:|1779823251
|move|p2a: Walking Wake|Surf|p1a: Clefable
|-damage|p1a: Clefable|47/100
|move|p1a: Clefable|Moonlight|p1a: Clefable
|-heal|p1a: Clefable|97/100
|
|-heal|p1a: Clefable|100/100|[from] item: Leftovers
|upkeep
|turn|50
|
|t:|1779823265
|-end|p2a: Walking Wake|Protosynthesis|[silent]
|switch|p2a: Blissey|Blissey, F|64/100
|move|p1a: Clefable|Stored Power|p2a: Blissey
|-damage|p2a: Blissey|46/100
|
|upkeep
|turn|51
|
|t:|1779823273
|move|p1a: Clefable|Stored Power|p2a: Blissey
|-damage|p2a: Blissey|27/100
|move|p2a: Blissey|Seismic Toss|p1a: Clefable
|-damage|p1a: Clefable|75/100
|
|-heal|p1a: Clefable|81/100|[from] item: Leftovers
|upkeep
|turn|52
|
|t:|1779823283
|move|p1a: Clefable|Stored Power|p2a: Blissey
|-damage|p2a: Blissey|11/100
|move|p2a: Blissey|Seismic Toss|p1a: Clefable
|-damage|p1a: Clefable|56/100
|
|-heal|p1a: Clefable|62/100|[from] item: Leftovers
|upkeep
|turn|53
|
|t:|1779823294
|switch|p2a: Walking Wake|Walking Wake, tera:Water|30/100
|move|p1a: Clefable|Stored Power|p2a: Walking Wake
|-damage|p2a: Walking Wake|0 fnt
|faint|p2a: Walking Wake
|-end|p2a: Walking Wake|Protosynthesis|[silent]
|
|-heal|p1a: Clefable|68/100|[from] item: Leftovers
|upkeep
|
|t:|1779823303
|switch|p2a: Blissey|Blissey, F|11/100
|turn|54
|
|t:|1779823310
|move|p1a: Clefable|Stored Power|p2a: Blissey
|-damage|p2a: Blissey|0 fnt
|faint|p2a: Blissey
|
|win|TheFlo1990
|raw|TheFlo1990's rating: 1276 &rarr; <strong>1296</strong><br />(+20 for winning)
|raw|claudechamp's rating: 1208 &rarr; <strong>1188</strong><br />(-20 for losing)
|c|☆claudechamp|gg
|l|☆TheFlo1990
|player|p1|
