|j|☆SirGayalot
|j|☆louwilliamzz
|t:|1779895147
|gametype|singles
|player|p1|SirGayalot|102|1527
|player|p2|louwilliamzz|1|1557
|gen|9
|tier|[Gen 9] OU
|rated|
|rule|HP Percentage Mod: HP is shown in percentages
|rule|Endless Battle Clause: Forcing endless battles is banned
|rule|Species Clause: Limit one of each Pokémon
|rule|OHKO Clause: OHKO moves are banned
|rule|Evasion Items Clause: Evasion items are banned
|rule|Evasion Moves Clause: Evasion moves are banned
|rule|Evasion Abilities Clause: Evasion abilities are banned
|rule|Sleep Moves Clause: Sleep-inducing moves are banned
|clearpoke
|poke|p1|Samurott-Hisui, F|
|poke|p1|Zapdos|
|poke|p1|Iron Treads|
|poke|p1|Ceruledge, M|
|poke|p1|Gholdengo|
|poke|p1|Ogerpon-Wellspring, F|
|poke|p2|Whimsicott, M|
|poke|p2|Ninetales, F|
|poke|p2|Walking Wake|
|poke|p2|Great Tusk|
|poke|p2|Ceruledge, M|
|poke|p2|Kingambit, M|
|teampreview
|inactive|Battle timer is ON: inactive players will automatically lose when time's up. (requested by SirGayalot)
|
|t:|1779895155
|teamsize|p1|6
|teamsize|p2|6
|start
|switch|p1a: Samurott|Samurott-Hisui, F|100/100
|switch|p2a: Ninetales|Ninetales, F, shiny|100/100
|-weather|SunnyDay|[from] ability: Drought|[of] p2a: Ninetales
|turn|1
|
|t:|1779895160
|move|p2a: Ninetales|Will-O-Wisp|p1a: Samurott
|-status|p1a: Samurott|brn
|move|p1a: Samurott|Ceaseless Edge|p2a: Ninetales
|-damage|p2a: Ninetales|74/100
|-sidestart|p2: louwilliamzz|Spikes
|
|-weather|SunnyDay|[upkeep]
|-damage|p1a: Samurott|94/100 brn|[from] brn
|upkeep
|turn|2
|
|t:|1779895167
|switch|p2a: Great Tusk|Great Tusk|100/100
|-damage|p2a: Great Tusk|88/100|[from] Spikes
|-activate|p2a: Great Tusk|ability: Protosynthesis
|-start|p2a: Great Tusk|protosynthesisspe
|move|p1a: Samurott|Ceaseless Edge|p2a: Great Tusk
|-resisted|p2a: Great Tusk
|-damage|p2a: Great Tusk|82/100
|-damage|p1a: Samurott|78/100 brn|[from] item: Rocky Helmet|[of] p2a: Great Tusk
|-sidestart|p2: louwilliamzz|Spikes
|
|-weather|SunnyDay|[upkeep]
|-damage|p1a: Samurott|72/100 brn|[from] brn
|upkeep
|turn|3
|
|t:|1779895184
|switch|p1a: Gholdengo|Gholdengo|100/100
|-item|p1a: Gholdengo|Air Balloon
|move|p2a: Great Tusk|Rapid Spin|p1a: Gholdengo
|-immune|p1a: Gholdengo
|
|-weather|SunnyDay|[upkeep]
|upkeep
|turn|4
|
|t:|1779895194
|move|p2a: Great Tusk|Stealth Rock|p1a: Gholdengo
|-sidestart|p1: SirGayalot|move: Stealth Rock
|move|p1a: Gholdengo|Hex|p2a: Great Tusk
|-damage|p2a: Great Tusk|44/100
|
|-weather|SunnyDay|[upkeep]
|upkeep
|turn|5
|
|t:|1779895201
|move|p2a: Great Tusk|Ice Spinner|p1a: Gholdengo
|-resisted|p1a: Gholdengo
|-damage|p1a: Gholdengo|92/100
|-enditem|p1a: Gholdengo|Air Balloon
|move|p1a: Gholdengo|Hex|p2a: Great Tusk
|-damage|p2a: Great Tusk|6/100
|
|-weather|SunnyDay|[upkeep]
|upkeep
|turn|6
|
|t:|1779895217
|switch|p1a: Samurott|Samurott-Hisui, F|72/100 brn
|-damage|p1a: Samurott|60/100 brn|[from] Stealth Rock
|move|p2a: Great Tusk|Headlong Rush|p1a: Samurott
|-damage|p1a: Samurott|0 fnt
|-unboost|p2a: Great Tusk|def|1
|-unboost|p2a: Great Tusk|spd|1
|faint|p1a: Samurott
|
|-weather|SunnyDay|[upkeep]
|upkeep
|
|t:|1779895225
|switch|p1a: Ogerpon|Ogerpon-Wellspring, F|100/100
|-damage|p1a: Ogerpon|88/100|[from] Stealth Rock
|turn|7
|
|t:|1779895231
|switch|p1a: Gholdengo|Gholdengo|92/100
|-damage|p1a: Gholdengo|86/100|[from] Stealth Rock
|move|p2a: Great Tusk|Rapid Spin|p1a: Gholdengo
|-immune|p1a: Gholdengo
|
|-weather|SunnyDay|[upkeep]
|upkeep
|turn|8
|
|t:|1779895241
|switch|p1a: Ogerpon|Ogerpon-Wellspring, F|88/100
|-damage|p1a: Ogerpon|76/100|[from] Stealth Rock
|move|p2a: Great Tusk|Headlong Rush|p1a: Ogerpon
|-resisted|p1a: Ogerpon
|-damage|p1a: Ogerpon|41/100
|-unboost|p2a: Great Tusk|def|1
|-unboost|p2a: Great Tusk|spd|1
|
|-weather|none
|-end|p2a: Great Tusk|Protosynthesis
|upkeep
|turn|9
|
|t:|1779895249
|move|p1a: Ogerpon|Ivy Cudgel|p2a: Great Tusk|[anim] Ivy Cudgel Water
|-supereffective|p2a: Great Tusk
|-damage|p2a: Great Tusk|0 fnt
|faint|p2a: Great Tusk
|-end|p2a: Great Tusk|Protosynthesis|[silent]
|
|upkeep
|
|t:|1779895266
|switch|p2a: Ninetales|Ninetales, F, shiny|74/100
|-damage|p2a: Ninetales|57/100|[from] Spikes
|-weather|SunnyDay|[from] ability: Drought|[of] p2a: Ninetales
|turn|10
|
|t:|1779895283
|switch|p2a: Walking Wake|Walking Wake|100/100
|-damage|p2a: Walking Wake|84/100|[from] Spikes
|-activate|p2a: Walking Wake|ability: Protosynthesis
|-start|p2a: Walking Wake|protosynthesisspe
|move|p1a: Ogerpon|Substitute|p1a: Ogerpon
|-start|p1a: Ogerpon|Substitute
|-damage|p1a: Ogerpon|16/100
|
|-weather|SunnyDay|[upkeep]
|upkeep
|turn|11
|
|t:|1779895301
|move|p2a: Walking Wake|Draco Meteor|p1a: Ogerpon
|-end|p1a: Ogerpon|Substitute
|-unboost|p2a: Walking Wake|spa|2
|move|p1a: Ogerpon|Power Whip|p2a: Walking Wake
|-damage|p2a: Walking Wake|12/100
|
|-weather|SunnyDay|[upkeep]
|upkeep
|turn|12
|
|t:|1779895314
|switch|p1a: Gholdengo|Gholdengo|86/100
|-damage|p1a: Gholdengo|80/100|[from] Stealth Rock
|move|p2a: Walking Wake|Draco Meteor|p1a: Gholdengo
|-resisted|p1a: Gholdengo
|-damage|p1a: Gholdengo|65/100
|-unboost|p2a: Walking Wake|spa|2
|
|-weather|SunnyDay|[upkeep]
|upkeep
|turn|13
|
|t:|1779895323
|move|p2a: Walking Wake|Knock Off|p1a: Gholdengo
|-supereffective|p1a: Gholdengo
|-damage|p1a: Gholdengo|50/100
|move|p1a: Gholdengo|Hex|p2a: Walking Wake
|-damage|p2a: Walking Wake|0 fnt
|faint|p2a: Walking Wake
|-end|p2a: Walking Wake|Protosynthesis|[silent]
|
|-weather|SunnyDay|[upkeep]
|upkeep
|
|t:|1779895334
|switch|p2a: Whimsicott|Whimsicott, M|100/100
|-damage|p2a: Whimsicott|84/100|[from] Spikes
|turn|14
|
|t:|1779895342
|move|p2a: Whimsicott|Shadow Ball|p1a: Gholdengo
|-supereffective|p1a: Gholdengo
|-damage|p1a: Gholdengo|0 fnt
|faint|p1a: Gholdengo
|-damage|p2a: Whimsicott|74/100|[from] item: Life Orb
|
|-weather|SunnyDay|[upkeep]
|upkeep
|
|t:|1779895355
|switch|p1a: Ceruledge|Ceruledge, M|100/100
|turn|15
|
|t:|1779895362
|-terastallize|p1a: Ceruledge|Fairy
|move|p2a: Whimsicott|Shadow Ball|p1a: Ceruledge
|-damage|p1a: Ceruledge|73/100
|-unboost|p1a: Ceruledge|spd|1
|-damage|p2a: Whimsicott|64/100|[from] item: Life Orb
|move|p1a: Ceruledge|Bitter Blade|p2a: Whimsicott
|-supereffective|p2a: Whimsicott
|-damage|p2a: Whimsicott|0 fnt
|-heal|p1a: Ceruledge|97/100|[from] drain|[of] p2a: Whimsicott
|faint|p2a: Whimsicott
|
|-weather|SunnyDay|[upkeep]
|upkeep
|
|t:|1779895387
|switch|p2a: Ninetales|Ninetales, F, shiny|57/100
|-damage|p2a: Ninetales|41/100|[from] Spikes
|turn|16
|
|t:|1779895404
|switch|p1a: Ogerpon|Ogerpon-Wellspring, F|16/100
|-damage|p1a: Ogerpon|4/100|[from] Stealth Rock
|move|p2a: Ninetales|Will-O-Wisp|p1a: Ogerpon|[miss]
|-miss|p2a: Ninetales|p1a: Ogerpon
|
|-weather|SunnyDay|[upkeep]
|upkeep
|turn|17
|inactive|louwilliamzz has 120 seconds left.
|
|t:|1779895439
|switch|p2a: Kingambit|Kingambit, M|100/100
|-damage|p2a: Kingambit|84/100|[from] Spikes
|move|p1a: Ogerpon|Ivy Cudgel|p2a: Kingambit|[anim] Ivy Cudgel Water
|-damage|p2a: Kingambit|62/100
|
|-weather|none
|-heal|p2a: Kingambit|69/100|[from] item: Leftovers
|upkeep
|turn|18
|
|t:|1779895450
|switch|p2a: Ninetales|Ninetales, F, shiny|41/100
|-damage|p2a: Ninetales|24/100|[from] Spikes
|-weather|SunnyDay|[from] ability: Drought|[of] p2a: Ninetales
|move|p1a: Ogerpon|Ivy Cudgel|p2a: Ninetales|[anim] Ivy Cudgel Water
|-supereffective|p2a: Ninetales
|-damage|p2a: Ninetales|0 fnt
|faint|p2a: Ninetales
|
|-weather|SunnyDay|[upkeep]
|upkeep
|
|t:|1779895457
|switch|p2a: Ceruledge|Ceruledge, M|100/100
|turn|19
|
|t:|1779895480
|move|p1a: Ogerpon|Ivy Cudgel|p2a: Ceruledge|[anim] Ivy Cudgel Water
|-supereffective|p2a: Ceruledge
|-damage|p2a: Ceruledge|24/100
|-ability|p2a: Ceruledge|Weak Armor|boost
|-unboost|p2a: Ceruledge|def|1
|-boost|p2a: Ceruledge|spe|2
|move|p2a: Ceruledge|Swords Dance|p2a: Ceruledge
|-boost|p2a: Ceruledge|atk|2
|
|-weather|SunnyDay|[upkeep]
|upkeep
|turn|20
|
|t:|1779895489
|move|p2a: Ceruledge|Bitter Blade|p1a: Ogerpon
|-damage|p1a: Ogerpon|0 fnt
|-heal|p2a: Ceruledge|26/100|[from] drain|[of] p1a: Ogerpon
|faint|p1a: Ogerpon
|
|-weather|SunnyDay|[upkeep]
|upkeep
|
|t:|1779895491
|switch|p1a: Ceruledge|Ceruledge, M, tera:Fairy|97/100
|turn|21
|
|t:|1779895505
|move|p2a: Ceruledge|Shadow Sneak|p1a: Ceruledge
|-damage|p1a: Ceruledge|44/100
|-ability|p1a: Ceruledge|Weak Armor|boost
|-unboost|p1a: Ceruledge|def|1
|-boost|p1a: Ceruledge|spe|2
|move|p1a: Ceruledge|Shadow Sneak|p2a: Ceruledge
|-supereffective|p2a: Ceruledge
|-damage|p2a: Ceruledge|0 fnt
|faint|p2a: Ceruledge
|
|-weather|SunnyDay|[upkeep]
|upkeep
|
|t:|1779895510
|switch|p2a: Kingambit|Kingambit, M|69/100
|-damage|p2a: Kingambit|52/100|[from] Spikes
|turn|22
|c|☆louwilliamzz|damn thought u were FF
|c|☆louwilliamzz|gg
|inactive|louwilliamzz has 120 seconds left.
|
|t:|1779895536
|switch|p1a: Iron Treads|Iron Treads|100/100
|-damage|p1a: Iron Treads|97/100|[from] Stealth Rock
|-terastallize|p2a: Kingambit|Fairy
|move|p2a: Kingambit|Iron Head|p1a: Iron Treads
|-resisted|p1a: Iron Treads
|-damage|p1a: Iron Treads|75/100
|
|-weather|SunnyDay|[upkeep]
|-heal|p1a: Iron Treads|81/100|[from] item: Leftovers
|-heal|p2a: Kingambit|58/100|[from] item: Leftovers
|upkeep
|turn|23
|
|t:|1779895545
|move|p1a: Iron Treads|Earthquake|p2a: Kingambit
|-damage|p2a: Kingambit|21/100
|move|p2a: Kingambit|Low Kick|p1a: Iron Treads
|-supereffective|p1a: Iron Treads
|-damage|p1a: Iron Treads|0 fnt
|faint|p1a: Iron Treads
|-end|p1a: Iron Treads|Quark Drive|[silent]
|
|-weather|SunnyDay|[upkeep]
|-heal|p2a: Kingambit|27/100|[from] item: Leftovers
|upkeep
|
|t:|1779895553
|switch|p1a: Zapdos|Zapdos|100/100
|turn|24
|
|t:|1779895561
|move|p1a: Zapdos|Volt Switch|p2a: Kingambit
|-damage|p2a: Kingambit|0 fnt
|faint|p2a: Kingambit
|
|win|SirGayalot
|raw|SirGayalot's rating: 1527 &rarr; <strong>1549</strong><br />(+22 for winning)
|raw|louwilliamzz's rating: 1557 &rarr; <strong>1535</strong><br />(-22 for losing)
|l|☆louwilliamzz
|player|p2|
|l|☆SirGayalot
|player|p1|
