|j|☆jvelepose
|j|☆claudechamp
|t:|1779907306
|gametype|singles
|player|p1|jvelepose|iris-gen5bw2|1152
|player|p2|claudechamp|169|1243
|gen|9
|tier|[Gen 9] OU
|rated|
|rule|HP Percentage Mod: HP is shown in percentages
|rule|Endless Battle Clause: Forcing endless battles is banned
|rule|Species Clause: Limit one of each Pokémon
|rule|OHKO Clause: OHKO moves are banned
|rule|Evasion Items Clause: Evasion items are banned
|rule|Evasion Moves Clause: Evasion moves are banned
|rule|Evasion Abilities Clause: Evasion abilities are banned
|rule|Sleep Moves Clause: Sleep-inducing moves are banned
|clearpoke
|poke|p1|Primarina, M|
|poke|p1|Great Tusk|
|poke|p1|Zapdos|
|poke|p1|Dragapult, F|
|poke|p1|Kingambit, F|
|poke|p1|Iron Moth|
|poke|p2|Corviknight, F|
|poke|p2|Ting-Lu|
|poke|p2|Kyurem|
|poke|p2|Dondozo, F|
|poke|p2|Slowking-Galar, F|
|poke|p2|Cinderace, F|
|teampreview
|c|☆claudechamp|hf
|inactive|Battle timer is ON: inactive players will automatically lose when time's up. (requested by claudechamp)
|
|t:|1779907324
|teamsize|p1|6
|teamsize|p2|6
|start
|switch|p1a: Great Tusk|Great Tusk|100/100
|switch|p2a: Cinderace|Cinderace, F|100/100
|turn|1
|
|t:|1779907337
|move|p2a: Cinderace|Pyro Ball|p1a: Great Tusk
|-damage|p1a: Great Tusk|70/100
|move|p1a: Great Tusk|Headlong Rush|p2a: Cinderace
|-supereffective|p2a: Cinderace
|-damage|p2a: Cinderace|0 fnt
|-unboost|p1a: Great Tusk|def|1
|-unboost|p1a: Great Tusk|spd|1
|faint|p2a: Cinderace
|
|upkeep
|
|t:|1779907340
|switch|p2a: Kyurem|Kyurem|100/100
|-ability|p2a: Kyurem|Pressure
|turn|2
|
|t:|1779907365
|-end|p1a: Great Tusk|Protosynthesis|[silent]
|switch|p1a: Primarina|Primarina, M|100/100
|move|p2a: Kyurem|Freeze-Dry|p1a: Primarina
|-supereffective|p1a: Primarina
|-damage|p1a: Primarina|71/100
|
|upkeep
|turn|3
|
|t:|1779907372
|move|p2a: Kyurem|Freeze-Dry|p1a: Primarina
|-supereffective|p1a: Primarina
|-damage|p1a: Primarina|40/100
|move|p1a: Primarina|Moonblast|p2a: Kyurem
|-supereffective|p2a: Kyurem
|-damage|p2a: Kyurem|16/100
|
|-heal|p2a: Kyurem|22/100|[from] item: Leftovers
|upkeep
|turn|4
|
|t:|1779907381
|switch|p2a: Slowking|Slowking-Galar, F|100/100
|move|p1a: Primarina|Moonblast|p2a: Slowking
|-resisted|p2a: Slowking
|-damage|p2a: Slowking|82/100
|
|upkeep
|turn|5
|
|t:|1779907395
|switch|p1a: Great Tusk|Great Tusk|70/100
|move|p2a: Slowking|Sludge Bomb|p1a: Great Tusk
|-resisted|p1a: Great Tusk
|-damage|p1a: Great Tusk|43/100
|
|upkeep
|turn|6
|
|t:|1779907406
|move|p1a: Great Tusk|Rapid Spin|p2a: Slowking
|-damage|p2a: Slowking|70/100
|-boost|p1a: Great Tusk|spe|1
|move|p2a: Slowking|Ice Beam|p1a: Great Tusk
|-supereffective|p1a: Great Tusk
|-damage|p1a: Great Tusk|0 fnt
|faint|p1a: Great Tusk
|-end|p1a: Great Tusk|Protosynthesis|[silent]
|
|upkeep
|inactive|jvelepose has 120 seconds left.
|
|t:|1779907433
|switch|p1a: Kingambit|Kingambit, F, shiny|100/100
|-activate|p1a: Kingambit|ability: Supreme Overlord
|-start|p1a: Kingambit|fallen1|[silent]
|turn|7
|
|t:|1779907442
|switch|p2a: Kyurem|Kyurem|22/100
|-ability|p2a: Kyurem|Pressure
|move|p1a: Kingambit|Sucker Punch||[still]
|-fail|p1a: Kingambit
|
|-heal|p2a: Kyurem|28/100|[from] item: Leftovers
|upkeep
|turn|8
|
|t:|1779907447
|move|p1a: Kingambit|Sucker Punch||[still]
|-fail|p1a: Kingambit
|move|p2a: Kyurem|Substitute|p2a: Kyurem
|-start|p2a: Kyurem|Substitute
|-damage|p2a: Kyurem|3/100
|
|-heal|p2a: Kyurem|9/100|[from] item: Leftovers
|upkeep
|turn|9
|
|t:|1779907468
|-end|p1a: Kingambit|fallen1|[silent]
|switch|p1a: Zapdos|Zapdos|100/100
|move|p2a: Kyurem|Substitute|p2a: Kyurem
|-fail|p2a: Kyurem|move: Substitute
|
|-heal|p2a: Kyurem|16/100|[from] item: Leftovers
|upkeep
|turn|10
|
|t:|1779907482
|-terastallize|p2a: Kyurem|Ground
|move|p1a: Zapdos|Hurricane|p2a: Kyurem
|-end|p2a: Kyurem|Substitute
|move|p2a: Kyurem|Earth Power|p1a: Zapdos
|-immune|p1a: Zapdos
|
|-heal|p2a: Kyurem|22/100|[from] item: Leftovers
|upkeep
|turn|11
|
|t:|1779907491
|move|p2a: Kyurem|Protect|p2a: Kyurem
|-singleturn|p2a: Kyurem|Protect
|move|p1a: Zapdos|Hurricane|p2a: Kyurem
|-activate|p2a: Kyurem|move: Protect
|
|-heal|p2a: Kyurem|28/100|[from] item: Leftovers
|upkeep
|turn|12
|
|t:|1779907494
|switch|p2a: Ting-Lu|Ting-Lu|100/100
|-ability|p2a: Ting-Lu|Vessel of Ruin
|move|p1a: Zapdos|Hurricane|p2a: Ting-Lu|[miss]
|-miss|p1a: Zapdos|p2a: Ting-Lu
|
|upkeep
|turn|13
|
|t:|1779907521
|switch|p1a: Iron Moth|Iron Moth|100/100
|-enditem|p1a: Iron Moth|Booster Energy
|-activate|p1a: Iron Moth|ability: Quark Drive|[fromitem]
|-start|p1a: Iron Moth|quarkdrivespe
|move|p2a: Ting-Lu|Payback|p1a: Iron Moth
|-damage|p1a: Iron Moth|71/100
|
|upkeep
|turn|14
|
|t:|1779907534
|move|p1a: Iron Moth|Energy Ball|p2a: Ting-Lu
|-supereffective|p2a: Ting-Lu
|-damage|p2a: Ting-Lu|74/100
|move|p2a: Ting-Lu|Earthquake|p1a: Iron Moth
|-supereffective|p1a: Iron Moth
|-damage|p1a: Iron Moth|0 fnt
|faint|p1a: Iron Moth
|-end|p1a: Iron Moth|Quark Drive|[silent]
|
|-heal|p2a: Ting-Lu|81/100|[from] item: Leftovers
|upkeep
|
|t:|1779907539
|switch|p1a: Primarina|Primarina, M|40/100
|turn|15
|
|t:|1779907543
|move|p1a: Primarina|Surf|p2a: Ting-Lu
|-supereffective|p2a: Ting-Lu
|-damage|p2a: Ting-Lu|48/100
|move|p2a: Ting-Lu|Earthquake|p1a: Primarina
|-damage|p1a: Primarina|0 fnt
|faint|p1a: Primarina
|
|-heal|p2a: Ting-Lu|54/100|[from] item: Leftovers
|upkeep
|
|t:|1779907554
|switch|p1a: Kingambit|Kingambit, F, shiny|100/100
|-activate|p1a: Kingambit|ability: Supreme Overlord
|-start|p1a: Kingambit|fallen3|[silent]
|turn|16
|
|t:|1779907562
|move|p1a: Kingambit|Low Kick|p2a: Ting-Lu
|-supereffective|p2a: Ting-Lu
|-damage|p2a: Ting-Lu|0 fnt
|faint|p2a: Ting-Lu
|
|upkeep
|
|t:|1779907567
|switch|p2a: Dondozo|Dondozo, F|100/100
|turn|17
|
|t:|1779907574
|move|p1a: Kingambit|Swords Dance|p1a: Kingambit
|-boost|p1a: Kingambit|atk|2
|move|p2a: Dondozo|Curse|p2a: Dondozo
|-unboost|p2a: Dondozo|spe|1
|-boost|p2a: Dondozo|atk|1
|-boost|p2a: Dondozo|def|1
|
|upkeep
|turn|18
|
|t:|1779907584
|move|p1a: Kingambit|Low Kick|p2a: Dondozo
|-damage|p2a: Dondozo|77/100
|move|p2a: Dondozo|Waterfall|p1a: Kingambit
|-damage|p1a: Kingambit|68/100
|-damage|p2a: Dondozo|61/100|[from] item: Rocky Helmet|[of] p1a: Kingambit
|
|-heal|p2a: Dondozo|67/100|[from] item: Leftovers
|upkeep
|turn|19
|
|t:|1779907605
|move|p1a: Kingambit|Sucker Punch|p2a: Dondozo
|-damage|p2a: Dondozo|47/100
|move|p2a: Dondozo|Body Press|p1a: Kingambit
|-supereffective|p1a: Kingambit
|-damage|p1a: Kingambit|0 fnt
|-damage|p2a: Dondozo|31/100|[from] item: Rocky Helmet|[of] p1a: Kingambit
|faint|p1a: Kingambit
|-end|p1a: Kingambit|fallen3|[silent]
|
|-heal|p2a: Dondozo|37/100|[from] item: Leftovers
|upkeep
|
|t:|1779907613
|switch|p1a: Zapdos|Zapdos|100/100
|turn|20
|
|t:|1779907623
|move|p1a: Zapdos|Thunderbolt|p2a: Dondozo
|-supereffective|p2a: Dondozo
|-damage|p2a: Dondozo|0 fnt
|faint|p2a: Dondozo
|
|upkeep
|
|t:|1779907636
|switch|p2a: Slowking|Slowking-Galar, F|100/100
|turn|21
|
|t:|1779907646
|move|p1a: Zapdos|Light Screen|p1a: Zapdos
|-sidestart|p1: jvelepose|move: Light Screen
|move|p2a: Slowking|Ice Beam|p1a: Zapdos
|-supereffective|p1a: Zapdos
|-damage|p1a: Zapdos|74/100
|
|-heal|p1a: Zapdos|80/100|[from] item: Leftovers
|upkeep
|turn|22
|
|t:|1779907650
|move|p1a: Zapdos|Thunderbolt|p2a: Slowking
|-damage|p2a: Slowking|62/100
|-status|p2a: Slowking|par
|move|p2a: Slowking|Ice Beam|p1a: Zapdos
|-supereffective|p1a: Zapdos
|-damage|p1a: Zapdos|55/100
|
|-heal|p1a: Zapdos|61/100|[from] item: Leftovers
|upkeep
|turn|23
|
|t:|1779907656
|move|p1a: Zapdos|Thunderbolt|p2a: Slowking
|-damage|p2a: Slowking|28/100 par
|move|p2a: Slowking|Future Sight|p1a: Zapdos
|-start|p2a: Slowking|move: Future Sight
|
|-heal|p1a: Zapdos|67/100|[from] item: Leftovers
|upkeep
|turn|24
|
|t:|1779907662
|switch|p2a: Corviknight|Corviknight, F|100/100
|-ability|p2a: Corviknight|Pressure
|move|p1a: Zapdos|Thunderbolt|p2a: Corviknight
|-supereffective|p2a: Corviknight
|-damage|p2a: Corviknight|18/100
|
|-heal|p1a: Zapdos|73/100|[from] item: Leftovers
|upkeep
|turn|25
|
|t:|1779907668
|switch|p2a: Slowking|Slowking-Galar, F|61/100 par
|move|p1a: Zapdos|Thunderbolt|p2a: Slowking
|-damage|p2a: Slowking|23/100 par
|
|-end|p1a: Zapdos|move: Future Sight
|-damage|p1a: Zapdos|45/100
|-heal|p1a: Zapdos|52/100|[from] item: Leftovers
|-sideend|p1: jvelepose|move: Light Screen
|upkeep
|turn|26
|
|t:|1779907673
|switch|p2a: Corviknight|Corviknight, F|18/100
|-ability|p2a: Corviknight|Pressure
|move|p1a: Zapdos|Thunderbolt|p2a: Corviknight
|-supereffective|p2a: Corviknight
|-crit|p2a: Corviknight
|-damage|p2a: Corviknight|0 fnt
|faint|p2a: Corviknight
|
|-heal|p1a: Zapdos|58/100|[from] item: Leftovers
|upkeep
|
|t:|1779907678
|switch|p2a: Slowking|Slowking-Galar, F|56/100 par
|turn|27
|
|t:|1779907683
|move|p1a: Zapdos|Light Screen|p1a: Zapdos
|-sidestart|p1: jvelepose|move: Light Screen
|move|p2a: Slowking|Sludge Bomb|p1a: Zapdos
|-damage|p1a: Zapdos|39/100
|
|-heal|p1a: Zapdos|45/100|[from] item: Leftovers
|upkeep
|turn|28
|
|t:|1779907688
|move|p1a: Zapdos|Thunderbolt|p2a: Slowking
|-damage|p2a: Slowking|19/100 par
|-prepare|p2a: Slowking|Chilly Reception|[premajor]
|move|p2a: Slowking|Chilly Reception|p2a: Slowking
|-weather|Snowscape
|
|t:|1779907693
|switch|p2a: Kyurem|Kyurem, tera:Ground|28/100|[from] Chilly Reception
|-ability|p2a: Kyurem|Pressure
|
|-weather|Snowscape|[upkeep]
|-heal|p1a: Zapdos|51/100|[from] item: Leftovers
|-heal|p2a: Kyurem|34/100|[from] item: Leftovers
|upkeep
|turn|29
|
|t:|1779907702
|move|p2a: Kyurem|Protect|p2a: Kyurem
|-singleturn|p2a: Kyurem|Protect
|move|p1a: Zapdos|Hurricane|p2a: Kyurem
|-activate|p2a: Kyurem|move: Protect
|
|-weather|Snowscape|[upkeep]
|-heal|p1a: Zapdos|58/100|[from] item: Leftovers
|-heal|p2a: Kyurem|40/100|[from] item: Leftovers
|upkeep
|turn|30
|
|t:|1779907707
|switch|p2a: Slowking|Slowking-Galar, F|53/100 par
|move|p1a: Zapdos|Hurricane|p2a: Slowking|[miss]
|-miss|p1a: Zapdos|p2a: Slowking
|
|-weather|Snowscape|[upkeep]
|-heal|p1a: Zapdos|64/100|[from] item: Leftovers
|upkeep
|turn|31
|
|t:|1779907717
|move|p1a: Zapdos|Volt Switch|p2a: Slowking
|-damage|p2a: Slowking|24/100 par
|
|t:|1779907720
|switch|p1a: Dragapult|Dragapult, F|100/100|[from] Volt Switch
|-prepare|p2a: Slowking|Chilly Reception|[premajor]
|move|p2a: Slowking|Chilly Reception|p2a: Slowking
|
|t:|1779907725
|switch|p2a: Kyurem|Kyurem, tera:Ground|40/100|[from] Chilly Reception
|-ability|p2a: Kyurem|Pressure
|
|-weather|Snowscape|[upkeep]
|-heal|p2a: Kyurem|47/100|[from] item: Leftovers
|-sideend|p1: jvelepose|move: Light Screen
|upkeep
|turn|32
|
|t:|1779907734
|move|p1a: Dragapult|Draco Meteor|p2a: Kyurem
|-damage|p2a: Kyurem|0 fnt
|-unboost|p1a: Dragapult|spa|2
|faint|p2a: Kyurem
|
|-weather|none
|upkeep
|
|t:|1779907739
|switch|p2a: Slowking|Slowking-Galar, F|58/100 par
|turn|33
|
|t:|1779907747
|switch|p1a: Zapdos|Zapdos|64/100
|-prepare|p2a: Slowking|Chilly Reception|[premajor]
|move|p2a: Slowking|Chilly Reception|p2a: Slowking
|-weather|Snowscape
|
|-weather|Snowscape|[upkeep]
|-heal|p1a: Zapdos|70/100|[from] item: Leftovers
|upkeep
|turn|34
|
|t:|1779907755
|move|p1a: Zapdos|Light Screen|p1a: Zapdos
|-sidestart|p1: jvelepose|move: Light Screen
|cant|p2a: Slowking|par
|
|-weather|Snowscape|[upkeep]
|-heal|p1a: Zapdos|76/100|[from] item: Leftovers
|upkeep
|turn|35
|
|t:|1779907760
|move|p1a: Zapdos|Thunderbolt|p2a: Slowking
|-damage|p2a: Slowking|23/100 par
|move|p2a: Slowking|Ice Beam|p1a: Zapdos
|-supereffective|p1a: Zapdos
|-damage|p1a: Zapdos|51/100
|
|-weather|Snowscape|[upkeep]
|-heal|p1a: Zapdos|58/100|[from] item: Leftovers
|upkeep
|turn|36
|
|t:|1779907765
|move|p1a: Zapdos|Thunderbolt|p2a: Slowking
|-damage|p2a: Slowking|0 fnt
|faint|p2a: Slowking
|
|win|jvelepose
|raw|jvelepose's rating: 1152 &rarr; <strong>1182</strong><br />(+30 for winning)
|raw|claudechamp's rating: 1221 &rarr; <strong>1191</strong><br />(-30 for losing)
|c|☆claudechamp|gg
|l|☆jvelepose
|player|p1|
