|j|☆acadaver
|j|☆Rising Ursaring
|t:|1779967599
|gametype|singles
|player|p1|acadaver|170|1433
|player|p2|Rising Ursaring|burglar|1404
|gen|9
|tier|[Gen 9] OU
|rated|
|rule|HP Percentage Mod: HP is shown in percentages
|rule|Endless Battle Clause: Forcing endless battles is banned
|rule|Species Clause: Limit one of each Pokémon
|rule|OHKO Clause: OHKO moves are banned
|rule|Evasion Items Clause: Evasion items are banned
|rule|Evasion Moves Clause: Evasion moves are banned
|rule|Evasion Abilities Clause: Evasion abilities are banned
|rule|Sleep Moves Clause: Sleep-inducing moves are banned
|clearpoke
|poke|p1|Conkeldurr, M|
|poke|p1|Alomomola, M|
|poke|p1|Kingambit, F|
|poke|p1|Rillaboom, F|
|poke|p1|Dragapult, F|
|poke|p1|Iron Treads|
|poke|p2|Glimmora, F|
|poke|p2|Gholdengo|
|poke|p2|Gliscor, F|
|poke|p2|Kingambit, F|
|poke|p2|Pecharunt|
|poke|p2|Iron Valiant|
|teampreview
|inactive|Battle timer is ON: inactive players will automatically lose when time's up. (requested by Rising Ursaring)
|
|t:|1779967644
|teamsize|p1|6
|teamsize|p2|6
|start
|switch|p1a: Alomomola|Alomomola, M|100/100
|switch|p2a: Kingambit|Kingambit, F|100/100
|turn|1
|
|t:|1779967659
|move|p2a: Kingambit|Swords Dance|p2a: Kingambit
|-boost|p2a: Kingambit|atk|2
|move|p1a: Alomomola|Flip Turn|p2a: Kingambit
|-damage|p2a: Kingambit|86/100
|
|t:|1779967667
|switch|p1a: King Conk|Conkeldurr, M|100/100|[from] Flip Turn
|
|-heal|p2a: Kingambit|92/100|[from] item: Leftovers
|-status|p1a: King Conk|brn|[from] item: Flame Orb
|upkeep
|turn|2
|
|t:|1779967671
|-terastallize|p2a: Kingambit|Dark
|move|p1a: King Conk|Mach Punch|p2a: Kingambit
|-supereffective|p2a: Kingambit
|-damage|p2a: Kingambit|34/100
|move|p2a: Kingambit|Iron Head|p1a: King Conk
|-damage|p1a: King Conk|19/100 brn
|
|-heal|p2a: Kingambit|40/100|[from] item: Leftovers
|-damage|p1a: King Conk|13/100 brn|[from] brn
|upkeep
|turn|3
|
|t:|1779967685
|move|p2a: Kingambit|Sucker Punch|p1a: King Conk
|-resisted|p1a: King Conk
|-damage|p1a: King Conk|0 fnt
|faint|p1a: King Conk
|
|-heal|p2a: Kingambit|47/100|[from] item: Leftovers
|upkeep
|
|t:|1779967698
|switch|p1a: Rillaboom|Rillaboom, F|100/100
|-fieldstart|move: Grassy Terrain|[from] ability: Grassy Surge|[of] p1a: Rillaboom
|turn|4
|
|t:|1779967722
|move|p1a: Rillaboom|U-turn|p2a: Kingambit
|-supereffective|p2a: Kingambit
|-damage|p2a: Kingambit|0 fnt
|faint|p2a: Kingambit
|-end|p2a: Kingambit|fallenundefined|[silent]
|
|t:|1779967741
|switch|p1a: Alomomola|Alomomola, M|100/100|[from] U-turn
|
|upkeep
|inactive|Rising Ursaring has 120 seconds left.
|
|t:|1779967767
|switch|p2a: Glimmora|Glimmora, F|100/100
|turn|5
|inactive|Rising Ursaring has 120 seconds left.
|
|t:|1779967773
|move|p2a: Glimmora|Earth Power|p1a: Alomomola
|-damage|p1a: Alomomola|72/100
|move|p1a: Alomomola|Flip Turn|p2a: Glimmora
|-supereffective|p2a: Glimmora
|-damage|p2a: Glimmora|59/100
|-activate|p2a: Glimmora|ability: Toxic Debris
|-sidestart|p1: acadaver|move: Toxic Spikes
|
|t:|1779967779
|switch|p1a: Iron Treads|Iron Treads|100/100|[from] Flip Turn
|
|-heal|p2a: Glimmora|66/100|[from] Grassy Terrain
|upkeep
|turn|6
|
|t:|1779967783
|move|p1a: Iron Treads|High Horsepower|p2a: Glimmora
|-supereffective|p2a: Glimmora
|-damage|p2a: Glimmora|0 fnt
|-activate|p2a: Glimmora|ability: Toxic Debris
|-sidestart|p1: acadaver|move: Toxic Spikes
|faint|p2a: Glimmora
|
|upkeep
|
|t:|1779967786
|switch|p2a: Gliscor|Gliscor, F|100/100
|turn|7
|
|t:|1779967796
|switch|p2a: Pecharunt|Pecharunt|100/100
|move|p1a: Iron Treads|Stealth Rock|p2a: Pecharunt
|-sidestart|p2: Rising Ursaring|move: Stealth Rock
|
|upkeep
|turn|8
|
|t:|1779967800
|move|p1a: Iron Treads|High Horsepower|p2a: Pecharunt
|-supereffective|p2a: Pecharunt
|-damage|p2a: Pecharunt|67/100
|move|p2a: Pecharunt|Foul Play|p1a: Iron Treads
|-damage|p1a: Iron Treads|82/100
|
|-heal|p1a: Iron Treads|88/100|[from] Grassy Terrain
|-heal|p1a: Iron Treads|94/100|[from] item: Leftovers
|-heal|p2a: Pecharunt|73/100|[from] Grassy Terrain
|-fieldend|move: Grassy Terrain
|upkeep
|turn|9
|inactive|Rising Ursaring has 120 seconds left.
|
|t:|1779967837
|move|p1a: Iron Treads|High Horsepower|p2a: Pecharunt
|-supereffective|p2a: Pecharunt
|-damage|p2a: Pecharunt|40/100
|move|p2a: Pecharunt|Foul Play|p1a: Iron Treads
|-damage|p1a: Iron Treads|76/100
|
|-heal|p1a: Iron Treads|82/100|[from] item: Leftovers
|upkeep
|turn|10
|inactive|Rising Ursaring has 120 seconds left.
|
|t:|1779967843
|move|p1a: Iron Treads|High Horsepower|p2a: Pecharunt
|-supereffective|p2a: Pecharunt
|-damage|p2a: Pecharunt|5/100
|move|p2a: Pecharunt|Recover|p2a: Pecharunt
|-heal|p2a: Pecharunt|55/100
|
|-heal|p1a: Iron Treads|88/100|[from] item: Leftovers
|upkeep
|turn|11
|
|t:|1779967846
|move|p1a: Iron Treads|High Horsepower|p2a: Pecharunt
|-supereffective|p2a: Pecharunt
|-damage|p2a: Pecharunt|23/100
|move|p2a: Pecharunt|Recover|p2a: Pecharunt
|-heal|p2a: Pecharunt|73/100
|
|-heal|p1a: Iron Treads|94/100|[from] item: Leftovers
|upkeep
|turn|12
|
|t:|1779967851
|move|p1a: Iron Treads|High Horsepower|p2a: Pecharunt|[miss]
|-miss|p1a: Iron Treads|p2a: Pecharunt
|move|p2a: Pecharunt|Recover|p2a: Pecharunt
|-heal|p2a: Pecharunt|100/100
|
|-heal|p1a: Iron Treads|99/100|[from] item: Leftovers
|upkeep
|turn|13
|
|t:|1779967855
|move|p1a: Iron Treads|High Horsepower|p2a: Pecharunt
|-supereffective|p2a: Pecharunt
|-damage|p2a: Pecharunt|69/100
|move|p2a: Pecharunt|Parting Shot|p1a: Iron Treads
|-unboost|p1a: Iron Treads|atk|1
|-unboost|p1a: Iron Treads|spa|1
|
|t:|1779967858
|switch|p2a: Gholdengo|Gholdengo|100/100|[from] Parting Shot
|-damage|p2a: Gholdengo|94/100|[from] Stealth Rock
|-item|p2a: Gholdengo|Air Balloon
|
|-heal|p1a: Iron Treads|100/100|[from] item: Leftovers
|upkeep
|turn|14
|
|t:|1779967861
|move|p1a: Iron Treads|Volt Switch|p2a: Gholdengo
|-damage|p2a: Gholdengo|87/100
|-enditem|p2a: Gholdengo|Air Balloon
|
|t:|1779967864
|-end|p1a: Iron Treads|Quark Drive|[silent]
|switch|p1a: Kingambit|Kingambit, F|100/100|[from] Volt Switch
|-activate|p1a: Kingambit|ability: Supreme Overlord
|-start|p1a: Kingambit|fallen1|[silent]
|move|p2a: Gholdengo|Hex|p1a: Kingambit
|-resisted|p1a: Kingambit
|-damage|p1a: Kingambit|86/100
|
|-heal|p1a: Kingambit|92/100|[from] item: Leftovers
|upkeep
|turn|15
|
|t:|1779967872
|switch|p2a: Gliscor|Gliscor, F|100/100
|-damage|p2a: Gliscor|88/100|[from] Stealth Rock
|move|p1a: Kingambit|Kowtow Cleave|p2a: Gliscor
|-damage|p2a: Gliscor|51/100
|
|-heal|p1a: Kingambit|98/100|[from] item: Leftovers
|-status|p2a: Gliscor|tox|[from] item: Toxic Orb
|upkeep
|turn|16
|
|t:|1779967883
|move|p2a: Gliscor|Swords Dance|p2a: Gliscor
|-boost|p2a: Gliscor|atk|2
|move|p1a: Kingambit|Swords Dance|p1a: Kingambit
|-boost|p1a: Kingambit|atk|2
|
|-heal|p1a: Kingambit|100/100|[from] item: Leftovers
|-heal|p2a: Gliscor|64/100 tox|[from] ability: Poison Heal
|upkeep
|turn|17
|
|t:|1779967891
|move|p2a: Gliscor|Protect|p2a: Gliscor
|-singleturn|p2a: Gliscor|Protect
|move|p1a: Kingambit|Kowtow Cleave|p2a: Gliscor
|-activate|p2a: Gliscor|move: Protect
|
|-heal|p2a: Gliscor|76/100 tox|[from] ability: Poison Heal
|upkeep
|turn|18
|
|t:|1779967898
|move|p1a: Kingambit|Sucker Punch||[still]
|-fail|p1a: Kingambit
|move|p2a: Gliscor|Swords Dance|p2a: Gliscor
|-boost|p2a: Gliscor|atk|2
|
|-heal|p2a: Gliscor|89/100 tox|[from] ability: Poison Heal
|upkeep
|turn|19
|
|t:|1779967903
|move|p1a: Kingambit|Sucker Punch|p2a: Gliscor
|-damage|p2a: Gliscor|23/100 tox
|move|p2a: Gliscor|Earthquake|p1a: Kingambit
|-supereffective|p1a: Kingambit
|-damage|p1a: Kingambit|0 fnt
|faint|p1a: Kingambit
|-end|p1a: Kingambit|fallen1|[silent]
|
|-heal|p2a: Gliscor|36/100 tox|[from] ability: Poison Heal
|upkeep
|
|t:|1779967908
|switch|p1a: Dragapult|Dragapult, F|100/100
|-status|p1a: Dragapult|tox
|turn|20
|
|t:|1779967911
|move|p2a: Gliscor|Protect|p2a: Gliscor
|-singleturn|p2a: Gliscor|Protect
|move|p1a: Dragapult|Shadow Ball|p2a: Gliscor
|-activate|p2a: Gliscor|move: Protect
|
|-damage|p1a: Dragapult|95/100 tox|[from] psn
|-heal|p2a: Gliscor|48/100 tox|[from] ability: Poison Heal
|upkeep
|turn|21
|
|t:|1779967921
|move|p1a: Dragapult|Shadow Ball|p2a: Gliscor
|-damage|p2a: Gliscor|0 fnt
|faint|p2a: Gliscor
|
|-damage|p1a: Dragapult|83/100 tox|[from] psn
|upkeep
|
|t:|1779967927
|switch|p2a: Iron Valiant|Iron Valiant|100/100
|-damage|p2a: Iron Valiant|94/100|[from] Stealth Rock
|-enditem|p2a: Iron Valiant|Booster Energy
|-activate|p2a: Iron Valiant|ability: Quark Drive|[fromitem]
|-start|p2a: Iron Valiant|quarkdrivespe
|turn|22
|
|t:|1779967933
|switch|p1a: Alomomola|Alomomola, M|100/100
|move|p2a: Iron Valiant|Calm Mind|p2a: Iron Valiant
|-boost|p2a: Iron Valiant|spa|1
|-boost|p2a: Iron Valiant|spd|1
|
|upkeep
|turn|23
|
|t:|1779967938
|move|p2a: Iron Valiant|Calm Mind|p2a: Iron Valiant
|-boost|p2a: Iron Valiant|spa|1
|-boost|p2a: Iron Valiant|spd|1
|move|p1a: Alomomola|Tickle|p2a: Iron Valiant
|-unboost|p2a: Iron Valiant|atk|1
|-unboost|p2a: Iron Valiant|def|1
|
|upkeep
|turn|24
|
|t:|1779967944
|move|p2a: Iron Valiant|Calm Mind|p2a: Iron Valiant
|-boost|p2a: Iron Valiant|spa|1
|-boost|p2a: Iron Valiant|spd|1
|move|p1a: Alomomola|Flip Turn|p2a: Iron Valiant
|-damage|p2a: Iron Valiant|61/100
|
|t:|1779967947
|switch|p1a: Rillaboom|Rillaboom, F|100/100|[from] Flip Turn
|-status|p1a: Rillaboom|tox
|-fieldstart|move: Grassy Terrain|[from] ability: Grassy Surge|[of] p1a: Rillaboom
|
|-heal|p2a: Iron Valiant|67/100|[from] Grassy Terrain
|-damage|p1a: Rillaboom|94/100 tox|[from] psn
|upkeep
|turn|25
|
|t:|1779967952
|move|p1a: Rillaboom|Grassy Glide|p2a: Iron Valiant
|-damage|p2a: Iron Valiant|0 fnt
|faint|p2a: Iron Valiant
|-end|p2a: Iron Valiant|Quark Drive|[silent]
|
|-heal|p1a: Rillaboom|100/100 tox|[from] Grassy Terrain
|-damage|p1a: Rillaboom|88/100 tox|[from] psn
|upkeep
|
|t:|1779967956
|switch|p2a: Pecharunt|Pecharunt|69/100
|turn|26
|
|t:|1779967968
|switch|p1a: Iron Treads|Iron Treads|100/100
|move|p2a: Pecharunt|Parting Shot|p1a: Iron Treads
|-unboost|p1a: Iron Treads|atk|1
|-unboost|p1a: Iron Treads|spa|1
|
|t:|1779967970
|switch|p2a: Gholdengo|Gholdengo|87/100|[from] Parting Shot
|-damage|p2a: Gholdengo|81/100|[from] Stealth Rock
|
|-heal|p2a: Gholdengo|87/100|[from] Grassy Terrain
|upkeep
|turn|27
|
|t:|1779967974
|move|p1a: Iron Treads|Volt Switch|p2a: Gholdengo
|-damage|p2a: Gholdengo|79/100
|
|t:|1779967977
|-end|p1a: Iron Treads|Quark Drive|[silent]
|switch|p1a: Alomomola|Alomomola, M|100/100|[from] Volt Switch
|move|p2a: Gholdengo|Hex|p1a: Alomomola
|-damage|p1a: Alomomola|73/100
|
|-heal|p2a: Gholdengo|85/100|[from] Grassy Terrain
|-heal|p1a: Alomomola|79/100|[from] Grassy Terrain
|upkeep
|turn|28
|
|t:|1779967981
|move|p2a: Gholdengo|Thunder Wave|p1a: Alomomola
|-status|p1a: Alomomola|par
|move|p1a: Alomomola|Flip Turn|p2a: Gholdengo
|-damage|p2a: Gholdengo|74/100
|
|t:|1779967983
|switch|p1a: Dragapult|Dragapult, F|83/100 tox|[from] Flip Turn
|
|-heal|p1a: Dragapult|89/100 tox|[from] Grassy Terrain
|-heal|p2a: Gholdengo|80/100|[from] Grassy Terrain
|-damage|p1a: Dragapult|83/100 tox|[from] psn
|-fieldend|move: Grassy Terrain
|upkeep
|turn|29
|
|t:|1779967987
|move|p1a: Dragapult|Shadow Ball|p2a: Gholdengo
|-supereffective|p2a: Gholdengo
|-damage|p2a: Gholdengo|0 fnt
|faint|p2a: Gholdengo
|
|-damage|p1a: Dragapult|71/100 tox|[from] psn
|upkeep
|
|t:|1779967988
|switch|p2a: Pecharunt|Pecharunt|69/100
|turn|30
|
|t:|1779967990
|move|p1a: Dragapult|Shadow Ball|p2a: Pecharunt
|-supereffective|p2a: Pecharunt
|-damage|p2a: Pecharunt|0 fnt
|faint|p2a: Pecharunt
|
|win|acadaver
|raw|acadaver's rating: 1433 &rarr; <strong>1451</strong><br />(+18 for winning)
|raw|Rising Ursaring's rating: 1404 &rarr; <strong>1386</strong><br />(-18 for losing)
|l|☆acadaver
|player|p1|
|l|☆Rising Ursaring
|player|p2|
