|j|☆Hidrog
|j|☆Alfredo_Arbuz
|t:|1779947137
|gametype|singles
|player|p1|Hidrog|youngcouple|1164
|player|p2|Alfredo_Arbuz|ethan|1118
|gen|9
|tier|[Gen 9] OU
|rated|
|rule|HP Percentage Mod: HP is shown in percentages
|rule|Endless Battle Clause: Forcing endless battles is banned
|rule|Species Clause: Limit one of each Pokémon
|rule|OHKO Clause: OHKO moves are banned
|rule|Evasion Items Clause: Evasion items are banned
|rule|Evasion Moves Clause: Evasion moves are banned
|rule|Evasion Abilities Clause: Evasion abilities are banned
|rule|Sleep Moves Clause: Sleep-inducing moves are banned
|clearpoke
|poke|p1|Deoxys-Speed|
|poke|p1|Gholdengo|
|poke|p1|Samurott-Hisui, M|
|poke|p1|Great Tusk|
|poke|p1|Moltres|
|poke|p1|Scizor, F|
|poke|p2|Garchomp, M|
|poke|p2|Heracross, M|
|poke|p2|Zoroark-Hisui, M|
|poke|p2|Armarouge, M|
|poke|p2|Clodsire, F|
|poke|p2|Kilowattrel, F|
|teampreview
|inactive|Battle timer is ON: inactive players will automatically lose when time's up. (requested by Alfredo_Arbuz)
|
|t:|1779947149
|teamsize|p1|6
|teamsize|p2|6
|start
|switch|p1a: Deoxys|Deoxys-Speed|100/100
|switch|p2a: Monarch|Kilowattrel, F|100/100
|-ability|p1a: Deoxys|Pressure
|turn|1
|
|t:|1779947158
|move|p1a: Deoxys|Ice Beam|p2a: Monarch
|-damage|p2a: Monarch|49/100
|replace|p2a: Mario|Zoroark-Hisui, M
|-end|p2a: Mario|Illusion
|move|p2a: Mario|Shadow Ball|p1a: Deoxys
|-supereffective|p1a: Deoxys
|-damage|p1a: Deoxys|0 fnt
|faint|p1a: Deoxys
|
|upkeep
|
|t:|1779947167
|switch|p1a: Scizor|Scizor, F|100/100
|turn|2
|inactive|Alfredo_Arbuz has 120 seconds left.
|
|t:|1779947204
|switch|p2a: Deimos|Armarouge, M, shiny|100/100
|move|p1a: Scizor|U-turn|p2a: Deimos
|-damage|p2a: Deimos|40/100
|-ability|p2a: Deimos|Weak Armor|boost
|-unboost|p2a: Deimos|def|1
|-boost|p2a: Deimos|spe|2
|
|t:|1779947215
|switch|p1a: Samurott|Samurott-Hisui, M|100/100|[from] U-turn
|
|upkeep
|turn|3
|
|t:|1779947223
|-terastallize|p2a: Deimos|Fighting
|move|p1a: Samurott|Aqua Jet|p2a: Deimos
|-damage|p2a: Deimos|13/100
|-ability|p2a: Deimos|Weak Armor|boost
|-unboost|p2a: Deimos|def|1
|-boost|p2a: Deimos|spe|2
|move|p2a: Deimos|Aura Sphere|p1a: Samurott
|-supereffective|p1a: Samurott
|-damage|p1a: Samurott|23/100
|-damage|p2a: Deimos|3/100|[from] item: Life Orb
|
|upkeep
|turn|4
|
|t:|1779947234
|switch|p2a: DoorMatt|Clodsire, F|100/100
|move|p1a: Samurott|Aqua Jet|p2a: DoorMatt
|-immune|p2a: DoorMatt|[from] ability: Water Absorb
|
|upkeep
|turn|5
|
|t:|1779947244
|switch|p1a: Gholdengo|Gholdengo|100/100
|move|p2a: DoorMatt|Toxic|p1a: Gholdengo
|-immune|p1a: Gholdengo|[from] ability: Good as Gold
|
|upkeep
|turn|6
|
|t:|1779947251
|switch|p2a: Deimos|Armarouge, M, shiny, tera:Fighting|3/100
|move|p1a: Gholdengo|Trick|p2a: Deimos
|-activate|p1a: Gholdengo|move: Trick|[of] p2a: Deimos
|-item|p2a: Deimos|Choice Scarf|[from] move: Trick
|-item|p1a: Gholdengo|Life Orb|[from] move: Trick
|
|upkeep
|turn|7
|
|t:|1779947263
|move|p2a: Deimos|Armor Cannon|p1a: Gholdengo
|-supereffective|p1a: Gholdengo
|-damage|p1a: Gholdengo|0 fnt
|-unboost|p2a: Deimos|def|1
|-unboost|p2a: Deimos|spd|1
|faint|p1a: Gholdengo
|
|upkeep
|
|t:|1779947274
|switch|p1a: Moltres|Moltres|100/100
|turn|8
|inactive|Alfredo_Arbuz has 120 seconds left.
|
|t:|1779947322
|move|p2a: Deimos|Armor Cannon|p1a: Moltres
|-resisted|p1a: Moltres
|-damage|p1a: Moltres|72/100
|-unboost|p2a: Deimos|def|1
|-unboost|p2a: Deimos|spd|1
|move|p1a: Moltres|U-turn|p2a: Deimos
|-resisted|p2a: Deimos
|-damage|p2a: Deimos|0 fnt
|faint|p2a: Deimos
|
|t:|1779947337
|switch|p1a: Scizor|Scizor, F|100/100|[from] U-turn
|
|upkeep
|inactive|Alfredo_Arbuz has 90 seconds left.
|
|t:|1779947369
|switch|p2a: Monarch|Kilowattrel, F|100/100
|turn|9
|
|t:|1779947379
|switch|p1a: Moltres|Moltres|72/100
|move|p2a: Monarch|Tailwind|p2a: Monarch
|-sidestart|p2: Alfredo_Arbuz|move: Tailwind
|
|upkeep
|turn|10
|
|t:|1779947383
|move|p2a: Monarch|Thunderbolt|p1a: Moltres
|-supereffective|p1a: Moltres
|-damage|p1a: Moltres|0 fnt
|faint|p1a: Moltres
|
|upkeep
|
|t:|1779947388
|switch|p1a: Scizor|Scizor, F|100/100
|turn|11
|
|t:|1779947393
|move|p2a: Monarch|Thunderbolt|p1a: Scizor
|-damage|p1a: Scizor|47/100
|move|p1a: Scizor|Knock Off|p2a: Monarch
|-damage|p2a: Monarch|6/100
|-enditem|p2a: Monarch|Focus Sash|[from] move: Knock Off|[of] p1a: Scizor
|
|upkeep
|turn|12
|inactive|Alfredo_Arbuz has 120 seconds left.
|-message|Hidrog forfeited.
|
|win|Alfredo_Arbuz
|raw|Hidrog's rating: 1164 &rarr; <strong>1136</strong><br />(-28 for losing)
|raw|Alfredo_Arbuz's rating: 1118 &rarr; <strong>1146</strong><br />(+28 for winning)
|l|☆Hidrog
|player|p1|
|l|☆Alfredo_Arbuz
|player|p2|
