|j|☆BigCungusxRemix
|j|☆MBlas2002
|t:|1779810382
|gametype|singles
|player|p1|BigCungusxRemix|1|1255
|player|p2|MBlas2002|palmer|1292
|gen|9
|tier|[Gen 9] OU
|rated|
|rule|HP Percentage Mod: HP is shown in percentages
|rule|Endless Battle Clause: Forcing endless battles is banned
|rule|Species Clause: Limit one of each Pokémon
|rule|OHKO Clause: OHKO moves are banned
|rule|Evasion Items Clause: Evasion items are banned
|rule|Evasion Moves Clause: Evasion moves are banned
|rule|Evasion Abilities Clause: Evasion abilities are banned
|rule|Sleep Moves Clause: Sleep-inducing moves are banned
|clearpoke
|poke|p1|Volcanion|
|poke|p1|Samurott-Hisui, M|
|poke|p1|Pecharunt|
|poke|p1|Quaquaval, M|
|poke|p1|Gliscor, M|
|poke|p1|Darkrai|
|poke|p2|Tornadus-Therian, M|
|poke|p2|Landorus-Therian, M|
|poke|p2|Chandelure, F|
|poke|p2|Scizor, M|
|poke|p2|Sylveon, F|
|poke|p2|Toxapex, F|
|teampreview
|inactive|Battle timer is ON: inactive players will automatically lose when time's up. (requested by MBlas2002)
|
|t:|1779810407
|teamsize|p1|6
|teamsize|p2|6
|start
|switch|p1a: Samurott|Samurott-Hisui, M|100/100
|switch|p2a: Chocolate|Landorus-Therian, M|100/100
|-ability|p2a: Chocolate|Intimidate|boost
|-unboost|p1a: Samurott|atk|1
|turn|1
|
|t:|1779810417
|move|p2a: Chocolate|U-turn|p1a: Samurott
|-supereffective|p1a: Samurott
|-damage|p1a: Samurott|37/100
|
|t:|1779810421
|switch|p2a: Miley|Scizor, M|100/100|[from] U-turn
|move|p1a: Samurott|Ceaseless Edge|p2a: Miley
|-damage|p2a: Miley|70/100
|-damage|p1a: Samurott|20/100|[from] item: Rocky Helmet|[of] p2a: Miley
|-sidestart|p2: MBlas2002|Spikes
|
|upkeep
|turn|2
|
|t:|1779810431
|switch|p1a: Volcanion|Volcanion|100/100
|move|p2a: Miley|Defog|p1a: Volcanion
|-unboost|p1a: Volcanion|evasion|1
|-sideend|p2: MBlas2002|Spikes|[from] move: Defog|[of] p2a: Miley
|
|upkeep
|turn|3
|
|t:|1779810443
|switch|p2a: Toxica|Toxapex, F, shiny|100/100
|move|p1a: Volcanion|Fire Spin|p2a: Toxica
|-resisted|p2a: Toxica
|-damage|p2a: Toxica|93/100
|-activate|p2a: Toxica|move: Fire Spin|[of] p1a: Volcanion
|
|-heal|p2a: Toxica|99/100|[from] item: Black Sludge
|-damage|p2a: Toxica|86/100|[from] move: Fire Spin|[partiallytrapped]
|upkeep
|turn|4
|
|t:|1779810453
|move|p1a: Volcanion|Taunt|p2a: Toxica
|-start|p2a: Toxica|move: Taunt
|cant|p2a: Toxica|move: Taunt|Toxic
|
|-heal|p2a: Toxica|93/100|[from] item: Black Sludge
|-damage|p2a: Toxica|80/100|[from] move: Fire Spin|[partiallytrapped]
|upkeep
|turn|5
|
|t:|1779810461
|move|p1a: Volcanion|Steam Eruption|p2a: Toxica
|-resisted|p2a: Toxica
|-damage|p2a: Toxica|54/100
|-status|p2a: Toxica|brn
|move|p2a: Toxica|Chilling Water|p1a: Volcanion
|-immune|p1a: Volcanion|[from] ability: Water Absorb
|
|-heal|p2a: Toxica|60/100 brn|[from] item: Black Sludge
|-damage|p2a: Toxica|54/100 brn|[from] brn
|-damage|p2a: Toxica|42/100 brn|[from] move: Fire Spin|[partiallytrapped]
|upkeep
|turn|6
|c|☆MBlas2002|wow
|
|t:|1779810476
|move|p1a: Volcanion|Steam Eruption|p2a: Toxica
|-resisted|p2a: Toxica
|-damage|p2a: Toxica|18/100 brn
|move|p2a: Toxica|Chilling Water|p1a: Volcanion
|-immune|p1a: Volcanion|[from] ability: Water Absorb
|
|-heal|p2a: Toxica|24/100 brn|[from] item: Black Sludge
|-damage|p2a: Toxica|18/100 brn|[from] brn
|-damage|p2a: Toxica|5/100 brn|[from] move: Fire Spin|[partiallytrapped]
|-end|p2a: Toxica|move: Taunt
|upkeep
|turn|7
|
|t:|1779810486
|move|p1a: Volcanion|Sludge Bomb|p2a: Toxica
|-resisted|p2a: Toxica
|-damage|p2a: Toxica|0 fnt
|faint|p2a: Toxica
|
|upkeep
|
|t:|1779810499
|switch|p2a: Cierzo|Tornadus-Therian, M|100/100
|turn|8
|c|☆BigCungusxRemix|wow what?
|
|t:|1779810509
|move|p2a: Cierzo|Bleakwind Storm|p1a: Volcanion
|-damage|p1a: Volcanion|53/100
|move|p1a: Volcanion|Steam Eruption|p2a: Cierzo
|-damage|p2a: Cierzo|15/100
|-enditem|p2a: Cierzo|Eject Button
|
|t:|1779810518
|switch|p2a: Chocolate|Landorus-Therian, M|100/100
|-ability|p2a: Chocolate|Intimidate|boost
|-unboost|p1a: Volcanion|atk|1
|
|upkeep
|turn|9
|
|t:|1779810523
|switch|p1a: Gliscor|Gliscor, M|100/100
|move|p2a: Chocolate|Earthquake|p1a: Gliscor
|-immune|p1a: Gliscor
|
|-status|p1a: Gliscor|tox|[from] item: Toxic Orb
|upkeep
|turn|10
|
|t:|1779810540
|move|p2a: Chocolate|Stealth Rock|p1a: Gliscor
|-sidestart|p1: BigCungusxRemix|move: Stealth Rock
|move|p1a: Gliscor|Toxic|p2a: Chocolate
|-status|p2a: Chocolate|tox
|
|-damage|p2a: Chocolate|95/100 tox|[from] psn
|upkeep
|turn|11
|inactive|MBlas2002 has 120 seconds left.
|c|☆MBlas2002|you killed my toxapex with no effort
|
|t:|1779810568
|move|p2a: Chocolate|U-turn|p1a: Gliscor
|-resisted|p1a: Gliscor
|-damage|p1a: Gliscor|90/100 tox
|inactive|MBlas2002 has 120 seconds left.
|
|t:|1779810573
|switch|p2a: Miley|Scizor, M|70/100|[from] U-turn
|move|p1a: Gliscor|Knock Off|p2a: Miley
|-damage|p2a: Miley|49/100
|-damage|p1a: Gliscor|74/100 tox|[from] item: Rocky Helmet|[of] p2a: Miley
|-enditem|p2a: Miley|Rocky Helmet|[from] move: Knock Off|[of] p1a: Gliscor
|
|-heal|p1a: Gliscor|86/100 tox|[from] ability: Poison Heal
|upkeep
|turn|12
|c|☆BigCungusxRemix|yup I have that guy for mons like pex and alomomola
|c|☆BigCungusxRemix|were you born in 2002
|c|☆BigCungusxRemix|we're very similar age
|inactive|BigCungusxRemix has 120 seconds left.
|c|☆MBlas2002|yes june 2002
|
|t:|1779810609
|move|p1a: Gliscor|Taunt|p2a: Miley
|-start|p2a: Miley|move: Taunt
|move|p2a: Miley|Knock Off|p1a: Gliscor
|-damage|p1a: Gliscor|58/100 tox
|-enditem|p1a: Gliscor|Toxic Orb|[from] move: Knock Off|[of] p2a: Miley
|
|-heal|p1a: Gliscor|71/100 tox|[from] ability: Poison Heal
|upkeep
|turn|13
|inactive|BigCungusxRemix has 120 seconds left.
|c|☆BigCungusxRemix|feb 2003 here
|
|t:|1779810620
|move|p1a: Gliscor|Knock Off|p2a: Miley
|-damage|p2a: Miley|35/100
|move|p2a: Miley|U-turn|p1a: Gliscor
|-resisted|p1a: Gliscor
|-damage|p1a: Gliscor|55/100 tox
|
|t:|1779810624
|switch|p2a: Cierzo|Tornadus-Therian, M|49/100|[from] U-turn
|
|-heal|p1a: Gliscor|67/100 tox|[from] ability: Poison Heal
|upkeep
|turn|14
|
|t:|1779810629
|move|p2a: Cierzo|Icy Wind|p1a: Gliscor
|-supereffective|p1a: Gliscor
|-damage|p1a: Gliscor|2/100 tox
|-unboost|p1a: Gliscor|spe|1
|move|p1a: Gliscor|Toxic|p2a: Cierzo
|-status|p2a: Cierzo|tox
|
|-damage|p2a: Cierzo|43/100 tox|[from] psn
|-heal|p1a: Gliscor|14/100 tox|[from] ability: Poison Heal
|upkeep
|turn|15
|
|t:|1779810648
|move|p2a: Cierzo|Tailwind|p2a: Cierzo
|-sidestart|p2: MBlas2002|move: Tailwind
|move|p1a: Gliscor|Knock Off|p2a: Cierzo
|-damage|p2a: Cierzo|20/100 tox
|
|-damage|p2a: Cierzo|8/100 tox|[from] psn
|-heal|p1a: Gliscor|26/100 tox|[from] ability: Poison Heal
|upkeep
|turn|16
|
|t:|1779810659
|move|p2a: Cierzo|Icy Wind|p1a: Gliscor
|-supereffective|p1a: Gliscor
|-damage|p1a: Gliscor|0 fnt
|faint|p1a: Gliscor
|
|-damage|p2a: Cierzo|0 fnt|[from] psn
|faint|p2a: Cierzo
|upkeep
|inactive|BigCungusxRemix has 120 seconds left.
|
|t:|1779810670
|switch|p2a: Irene|Chandelure, F, shiny|100/100
|switch|p1a: Quaquaval|Quaquaval, M|100/100
|turn|17
|inactive|BigCungusxRemix has 120 seconds left.
|
|t:|1779810686
|move|p2a: Irene|Shadow Ball|p1a: Quaquaval
|-damage|p1a: Quaquaval|0 fnt
|faint|p1a: Quaquaval
|
|upkeep
|
|t:|1779810691
|switch|p1a: Darkrai|Darkrai|100/100
|turn|18
|
|t:|1779810702
|switch|p2a: Miley|Scizor, M|35/100
|move|p1a: Darkrai|Dark Pulse|p2a: Miley
|-damage|p2a: Miley|0 fnt
|faint|p2a: Miley
|
|-sideend|p2: MBlas2002|move: Tailwind
|upkeep
|
|t:|1779810704
|switch|p2a: The G.O.A.T.|Sylveon, F, shiny|100/100
|turn|19
|
|t:|1779810710
|switch|p1a: Pecharunt|Pecharunt|100/100
|-damage|p1a: Pecharunt|88/100|[from] Stealth Rock
|-item|p1a: Pecharunt|Air Balloon
|move|p2a: The G.O.A.T.|Hyper Voice|p1a: Pecharunt
|-resisted|p1a: Pecharunt
|-damage|p1a: Pecharunt|69/100
|-enditem|p1a: Pecharunt|Air Balloon
|
|upkeep
|turn|20
|
|t:|1779810721
|switch|p2a: Chocolate|Landorus-Therian, M|95/100 tox
|-ability|p2a: Chocolate|Intimidate|boost
|-unboost|p1a: Pecharunt|atk|1
|move|p1a: Pecharunt|Malignant Chain|p2a: Chocolate
|-resisted|p2a: Chocolate
|-damage|p2a: Chocolate|74/100 tox
|
|-damage|p2a: Chocolate|68/100 tox|[from] psn
|upkeep
|turn|21
|
|t:|1779810740
|move|p2a: Chocolate|Earthquake|p1a: Pecharunt
|-supereffective|p1a: Pecharunt
|-damage|p1a: Pecharunt|0 fnt
|faint|p1a: Pecharunt
|
|-damage|p2a: Chocolate|56/100 tox|[from] psn
|upkeep
|inactive|BigCungusxRemix has 120 seconds left.
|
|t:|1779810757
|switch|p1a: Darkrai|Darkrai|100/100
|turn|22
|
|t:|1779810764
|switch|p2a: The G.O.A.T.|Sylveon, F, shiny|100/100
|move|p1a: Darkrai|Ice Beam|p2a: The G.O.A.T.
|-damage|p2a: The G.O.A.T.|84/100
|
|-heal|p2a: The G.O.A.T.|90/100|[from] item: Leftovers
|upkeep
|turn|23
|
|t:|1779810777
|-terastallize|p1a: Darkrai|Poison
|move|p1a: Darkrai|Will-O-Wisp|p2a: The G.O.A.T.
|-status|p2a: The G.O.A.T.|brn
|move|p2a: The G.O.A.T.|Hyper Voice|p1a: Darkrai
|-resisted|p1a: Darkrai
|-damage|p1a: Darkrai|75/100
|
|-heal|p2a: The G.O.A.T.|96/100 brn|[from] item: Leftovers
|-damage|p2a: The G.O.A.T.|90/100 brn|[from] brn
|upkeep
|turn|24
|
|t:|1779810788
|move|p1a: Darkrai|Taunt|p2a: The G.O.A.T.
|-start|p2a: The G.O.A.T.|move: Taunt
|move|p2a: The G.O.A.T.|Psyshock|p1a: Darkrai
|-supereffective|p1a: Darkrai
|-damage|p1a: Darkrai|20/100
|
|-heal|p2a: The G.O.A.T.|96/100 brn|[from] item: Leftovers
|-damage|p2a: The G.O.A.T.|90/100 brn|[from] brn
|upkeep
|turn|25
|
|t:|1779810797
|switch|p1a: Samurott|Samurott-Hisui, M|20/100
|-damage|p1a: Samurott|8/100|[from] Stealth Rock
|move|p2a: The G.O.A.T.|Hyper Voice|p1a: Samurott
|-supereffective|p1a: Samurott
|-damage|p1a: Samurott|0 fnt
|faint|p1a: Samurott
|
|-heal|p2a: The G.O.A.T.|96/100 brn|[from] item: Leftovers
|-damage|p2a: The G.O.A.T.|90/100 brn|[from] brn
|upkeep
|
|t:|1779810806
|switch|p1a: Volcanion|Volcanion|53/100
|turn|26
|
|t:|1779810814
|switch|p2a: Irene|Chandelure, F, shiny|100/100
|move|p1a: Volcanion|Sludge Bomb|p2a: Irene
|-resisted|p2a: Irene
|-crit|p2a: Irene
|-damage|p2a: Irene|73/100
|-status|p2a: Irene|psn
|
|-damage|p2a: Irene|60/100 psn|[from] psn
|upkeep
|turn|27
|
|t:|1779810823
|move|p2a: Irene|Shadow Ball|p1a: Volcanion
|-damage|p1a: Volcanion|0 fnt
|faint|p1a: Volcanion
|
|-damage|p2a: Irene|48/100 psn|[from] psn
|upkeep
|c|☆BigCungusxRemix|gg syl clutched
|
|t:|1779810836
|switch|p1a: Darkrai|Darkrai, tera:Poison|20/100
|turn|28
|
|t:|1779810844
|move|p1a: Darkrai|Dark Pulse|p2a: Irene
|-supereffective|p2a: Irene
|-damage|p2a: Irene|0 fnt
|faint|p2a: Irene
|
|upkeep
|
|t:|1779810846
|switch|p2a: The G.O.A.T.|Sylveon, F, shiny|90/100 brn
|turn|29
|-message|BigCungusxRemix forfeited.
|
|win|MBlas2002
|raw|BigCungusxRemix's rating: 1255 &rarr; <strong>1233</strong><br />(-22 for losing)
|raw|MBlas2002's rating: 1292 &rarr; <strong>1314</strong><br />(+22 for winning)
