|j|☆how play pkm
|j|☆brockpewtercitygym
|inactive|Battle timer is ON: inactive players will automatically lose when time's up.
|t:|1779851353
|gametype|singles
|player|p1|how play pkm|yellow|
|player|p2|brockpewtercitygym|brock|
|gen|9
|tier|[Gen 9] OU
|rated|Tournament battle
|rule|HP Percentage Mod: HP is shown in percentages
|rule|Endless Battle Clause: Forcing endless battles is banned
|rule|Species Clause: Limit one of each Pokémon
|rule|OHKO Clause: OHKO moves are banned
|rule|Evasion Items Clause: Evasion items are banned
|rule|Evasion Moves Clause: Evasion moves are banned
|rule|Evasion Abilities Clause: Evasion abilities are banned
|rule|Sleep Moves Clause: Sleep-inducing moves are banned
|clearpoke
|poke|p1|Ninetales, M|
|poke|p1|Walking Wake|
|poke|p1|Hoopa-Unbound|
|poke|p1|Dragonite, F|
|poke|p1|Venusaur, M|
|poke|p1|Hatterene, F|
|poke|p2|Ninetales, M|
|poke|p2|Cresselia, F|
|poke|p2|Raging Bolt|
|poke|p2|Iron Moth|
|poke|p2|Great Tusk|
|poke|p2|Walking Wake|
|teampreview
|inactive|how play pkm also wants the timer to be on.
|j|*Lady Monita 
|inactive|brockpewtercitygym has 120 seconds left.
|
|t:|1779851401
|teamsize|p1|6
|teamsize|p2|6
|start
|switch|p1a: Ninetales|Ninetales, M|100/100
|switch|p2a: Walking Wake|Walking Wake|100/100
|-weather|SunnyDay|[from] ability: Drought|[of] p1a: Ninetales
|-activate|p2a: Walking Wake|ability: Protosynthesis
|-start|p2a: Walking Wake|protosynthesisspa
|turn|1
|
|t:|1779851409
|switch|p1a: Hatterene|Hatterene, F|100/100
|move|p2a: Walking Wake|Dragon Pulse|p1a: Hatterene
|-immune|p1a: Hatterene
|
|-weather|SunnyDay|[upkeep]
|upkeep
|turn|2
|
|t:|1779851414
|-end|p2a: Walking Wake|Protosynthesis|[silent]
|switch|p2a: Iron Moth|Iron Moth|100/100
|-enditem|p2a: Iron Moth|Booster Energy
|-activate|p2a: Iron Moth|ability: Quark Drive|[fromitem]
|-start|p2a: Iron Moth|quarkdrivespe
|move|p1a: Hatterene|Psychic Noise|p2a: Iron Moth
|-supereffective|p2a: Iron Moth
|-damage|p2a: Iron Moth|36/100
|-start|p2a: Iron Moth|move: Heal Block
|
|-weather|SunnyDay|[upkeep]
|upkeep
|turn|3
|
|t:|1779851418
|move|p2a: Iron Moth|Sludge Wave|p1a: Hatterene
|-supereffective|p1a: Hatterene
|-damage|p1a: Hatterene|6/100
|-enditem|p1a: Hatterene|Eject Button
|
|t:|1779851421
|switch|p1a: Hoopa|Hoopa-Unbound|100/100
|
|-weather|SunnyDay|[upkeep]
|-end|p2a: Iron Moth|move: Heal Block
|upkeep
|turn|4
|
|t:|1779851424
|move|p2a: Iron Moth|Morning Sun|p2a: Iron Moth
|-heal|p2a: Iron Moth|100/100
|move|p1a: Hoopa|Psychic Noise|p2a: Iron Moth
|-supereffective|p2a: Iron Moth
|-damage|p2a: Iron Moth|17/100
|-start|p2a: Iron Moth|move: Heal Block
|
|-weather|SunnyDay|[upkeep]
|upkeep
|turn|5
|
|t:|1779851427
|move|p2a: Iron Moth|Fiery Dance|p1a: Hoopa
|-damage|p1a: Hoopa|48/100
|move|p1a: Hoopa|Psychic Noise|p2a: Iron Moth
|-supereffective|p2a: Iron Moth
|-damage|p2a: Iron Moth|0 fnt
|faint|p2a: Iron Moth
|-end|p2a: Iron Moth|Quark Drive|[silent]
|
|-weather|SunnyDay|[upkeep]
|upkeep
|
|t:|1779851432
|switch|p2a: Raging Bolt|Raging Bolt|100/100
|-activate|p2a: Raging Bolt|ability: Protosynthesis
|-start|p2a: Raging Bolt|protosynthesisspa
|turn|6
|j| Rambleton
|
|t:|1779851436
|move|p1a: Hoopa|Hyperspace Fury|p2a: Raging Bolt
|-damage|p2a: Raging Bolt|35/100
|-unboost|p1a: Hoopa|def|1
|move|p2a: Raging Bolt|Weather Ball|p1a: Hoopa
|-damage|p1a: Hoopa|0 fnt
|faint|p1a: Hoopa
|-damage|p2a: Raging Bolt|25/100|[from] item: Life Orb
|
|-weather|SunnyDay|[upkeep]
|upkeep
|
|t:|1779851443
|switch|p1a: Venusaur|Venusaur, M|100/100
|turn|7
|
|t:|1779851448
|move|p2a: Raging Bolt|Thunderclap|p1a: Venusaur
|-resisted|p1a: Venusaur
|-damage|p1a: Venusaur|58/100
|-damage|p2a: Raging Bolt|15/100|[from] item: Life Orb
|move|p1a: Venusaur|Earth Power|p2a: Raging Bolt
|-supereffective|p2a: Raging Bolt
|-damage|p2a: Raging Bolt|0 fnt
|faint|p2a: Raging Bolt
|-end|p2a: Raging Bolt|Protosynthesis|[silent]
|-damage|p1a: Venusaur|48/100|[from] item: Life Orb
|
|-weather|SunnyDay|[upkeep]
|upkeep
|
|t:|1779851452
|switch|p2a: Cresselia|Cresselia, F|100/100
|turn|8
|
|t:|1779851456
|move|p1a: Venusaur|Giga Drain|p2a: Cresselia
|-damage|p2a: Cresselia|75/100
|-heal|p1a: Venusaur|67/100|[from] drain|[of] p2a: Cresselia
|-enditem|p2a: Cresselia|Eject Button
|-damage|p1a: Venusaur|57/100|[from] item: Life Orb
|
|t:|1779851461
|switch|p2a: Walking Wake|Walking Wake|100/100
|-activate|p2a: Walking Wake|ability: Protosynthesis
|-start|p2a: Walking Wake|protosynthesisspa
|
|-weather|none
|-end|p2a: Walking Wake|Protosynthesis
|upkeep
|turn|9
|
|t:|1779851465
|switch|p1a: Hatterene|Hatterene, F|6/100
|move|p2a: Walking Wake|Flamethrower|p1a: Hatterene
|-damage|p1a: Hatterene|0 fnt
|faint|p1a: Hatterene
|
|upkeep
|
|t:|1779851468
|switch|p1a: Dragonite|Dragonite, F|100/100
|turn|10
|
|t:|1779851470
|-end|p2a: Walking Wake|Protosynthesis|[silent]
|switch|p2a: Cresselia|Cresselia, F|75/100
|move|p1a: Dragonite|Dragon Dance|p1a: Dragonite
|-boost|p1a: Dragonite|atk|1
|-boost|p1a: Dragonite|spe|1
|
|upkeep
|turn|11
|
|t:|1779851473
|move|p1a: Dragonite|Scale Shot|p2a: Cresselia
|-damage|p2a: Cresselia|64/100
|-damage|p2a: Cresselia|52/100
|-damage|p2a: Cresselia|40/100
|-damage|p2a: Cresselia|29/100
|-damage|p2a: Cresselia|17/100
|-hitcount|p2a: Cresselia|5
|-unboost|p1a: Dragonite|def|1
|-boost|p1a: Dragonite|spe|1
|move|p2a: Cresselia|Thunder Wave|p1a: Dragonite
|-status|p1a: Dragonite|par
|
|upkeep
|turn|12
|
|t:|1779851476
|cant|p1a: Dragonite|par
|move|p2a: Cresselia|Moonlight|p2a: Cresselia
|-heal|p2a: Cresselia|67/100
|
|upkeep
|turn|13
|
|t:|1779851477
|cant|p1a: Dragonite|par
|move|p2a: Cresselia|Moonlight|p2a: Cresselia
|-heal|p2a: Cresselia|100/100
|
|upkeep
|turn|14
|
|t:|1779851479
|cant|p1a: Dragonite|par
|move|p2a: Cresselia|Ice Beam|p1a: Dragonite
|-supereffective|p1a: Dragonite
|-damage|p1a: Dragonite|64/100 par
|
|upkeep
|turn|15
|
|t:|1779851484
|move|p1a: Dragonite|Scale Shot|p2a: Cresselia|[miss]
|-miss|p1a: Dragonite|p2a: Cresselia
|move|p2a: Cresselia|Ice Beam|p1a: Dragonite
|-supereffective|p1a: Dragonite
|-damage|p1a: Dragonite|0 fnt
|faint|p1a: Dragonite
|
|upkeep
|
|t:|1779851487
|switch|p1a: Ninetales|Ninetales, M|100/100
|-weather|SunnyDay|[from] ability: Drought|[of] p1a: Ninetales
|turn|16
|
|t:|1779851491
|move|p1a: Ninetales|Encore|p2a: Cresselia
|-start|p2a: Cresselia|Encore
|move|p2a: Cresselia|Ice Beam|p1a: Ninetales
|-resisted|p1a: Ninetales
|-damage|p1a: Ninetales|93/100
|
|-weather|SunnyDay|[upkeep]
|upkeep
|turn|17
|
|t:|1779851494
|switch|p1a: Walking Wake|Walking Wake|100/100
|-activate|p1a: Walking Wake|ability: Protosynthesis
|-start|p1a: Walking Wake|protosynthesisspe
|switch|p2a: Walking Wake|Walking Wake|100/100
|-activate|p2a: Walking Wake|ability: Protosynthesis
|-start|p2a: Walking Wake|protosynthesisspa
|
|-weather|SunnyDay|[upkeep]
|upkeep
|turn|18
|
|t:|1779851499
|-end|p2a: Walking Wake|Protosynthesis|[silent]
|switch|p2a: Cresselia|Cresselia, F|100/100
|move|p1a: Walking Wake|Dragon Pulse|p2a: Cresselia
|-damage|p2a: Cresselia|63/100
|-damage|p1a: Walking Wake|91/100|[from] item: Life Orb
|
|-weather|SunnyDay|[upkeep]
|upkeep
|turn|19
|
|t:|1779851503
|move|p1a: Walking Wake|Hydro Steam|p2a: Cresselia
|-damage|p2a: Cresselia|11/100
|-damage|p1a: Walking Wake|81/100|[from] item: Life Orb
|move|p2a: Cresselia|Moonlight|p2a: Cresselia
|-heal|p2a: Cresselia|78/100
|
|-weather|SunnyDay|[upkeep]
|upkeep
|turn|20
|
|t:|1779851507
|-terastallize|p1a: Walking Wake|Water
|move|p1a: Walking Wake|Hydro Steam|p2a: Cresselia
|-damage|p2a: Cresselia|5/100
|-damage|p1a: Walking Wake|71/100|[from] item: Life Orb
|move|p2a: Cresselia|Moonlight|p2a: Cresselia
|-heal|p2a: Cresselia|71/100
|
|-weather|SunnyDay|[upkeep]
|upkeep
|turn|21
|
|t:|1779851511
|switch|p2a: Walking Wake|Walking Wake|100/100
|-activate|p2a: Walking Wake|ability: Protosynthesis
|-start|p2a: Walking Wake|protosynthesisspa
|move|p1a: Walking Wake|Hydro Steam|p2a: Walking Wake
|-resisted|p2a: Walking Wake
|-damage|p2a: Walking Wake|70/100
|-damage|p1a: Walking Wake|62/100|[from] item: Life Orb
|
|-weather|SunnyDay|[upkeep]
|upkeep
|turn|22
|
|t:|1779851517
|-terastallize|p2a: Walking Wake|Water
|move|p1a: Walking Wake|Hydro Steam|p2a: Walking Wake
|-resisted|p2a: Walking Wake
|-damage|p2a: Walking Wake|8/100
|-damage|p1a: Walking Wake|52/100|[from] item: Life Orb
|move|p2a: Walking Wake|Draco Meteor|p1a: Walking Wake
|-damage|p1a: Walking Wake|0 fnt
|-unboost|p2a: Walking Wake|spa|2
|faint|p1a: Walking Wake
|-end|p1a: Walking Wake|Protosynthesis|[silent]
|
|-weather|SunnyDay|[upkeep]
|upkeep
|
|t:|1779851521
|switch|p1a: Venusaur|Venusaur, M|57/100
|turn|23
|
|t:|1779851524
|move|p1a: Venusaur|Giga Drain|p2a: Walking Wake
|-supereffective|p2a: Walking Wake
|-damage|p2a: Walking Wake|0 fnt
|-heal|p1a: Venusaur|62/100|[from] drain|[of] p2a: Walking Wake
|faint|p2a: Walking Wake
|-end|p2a: Walking Wake|Protosynthesis|[silent]
|-damage|p1a: Venusaur|52/100|[from] item: Life Orb
|
|-weather|none
|upkeep
|
|t:|1779851526
|switch|p2a: Ninetales|Ninetales, M|100/100
|-weather|SunnyDay|[from] ability: Drought|[of] p2a: Ninetales
|turn|24
|
|t:|1779851531
|switch|p1a: Ninetales|Ninetales, M|93/100
|switch|p2a: Cresselia|Cresselia, F|71/100
|
|-weather|SunnyDay|[upkeep]
|upkeep
|turn|25
|
|t:|1779851535
|move|p1a: Ninetales|Flamethrower|p2a: Cresselia
|-damage|p2a: Cresselia|44/100
|-status|p2a: Cresselia|brn
|move|p2a: Cresselia|Thunder Wave|p1a: Ninetales
|-status|p1a: Ninetales|par
|
|-weather|SunnyDay|[upkeep]
|-damage|p2a: Cresselia|38/100 brn|[from] brn
|upkeep
|turn|26
|
|t:|1779851537
|move|p2a: Cresselia|Moonlight|p2a: Cresselia
|-heal|p2a: Cresselia|100/100 brn
|cant|p1a: Ninetales|par
|
|-weather|SunnyDay|[upkeep]
|-damage|p2a: Cresselia|94/100 brn|[from] brn
|upkeep
|turn|27
|
|t:|1779851541
|move|p2a: Cresselia|Ice Beam|p1a: Ninetales
|-resisted|p1a: Ninetales
|-damage|p1a: Ninetales|84/100 par
|move|p1a: Ninetales|Encore|p2a: Cresselia
|-start|p2a: Cresselia|Encore
|
|-weather|SunnyDay|[upkeep]
|-damage|p2a: Cresselia|88/100 brn|[from] brn
|upkeep
|turn|28
|
|t:|1779851543
|switch|p2a: Ninetales|Ninetales, M|100/100
|move|p1a: Ninetales|Healing Wish|p1a: Ninetales
|faint|p1a: Ninetales
|
|-weather|SunnyDay|[upkeep]
|upkeep
|
|t:|1779851545
|switch|p1a: Venusaur|Venusaur, M|52/100
|-heal|p1a: Venusaur|100/100|[from] move: Healing Wish
|turn|29
|
|t:|1779851549
|move|p1a: Venusaur|Growth|p1a: Venusaur
|-boost|p1a: Venusaur|atk|2
|-boost|p1a: Venusaur|spa|2
|move|p2a: Ninetales|Encore|p1a: Venusaur
|-start|p1a: Venusaur|Encore
|
|-weather|SunnyDay|[upkeep]
|upkeep
|turn|30
|
|t:|1779851551
|move|p1a: Venusaur|Growth|p1a: Venusaur
|-boost|p1a: Venusaur|atk|2
|-boost|p1a: Venusaur|spa|2
|move|p2a: Ninetales|Overheat|p1a: Venusaur|[miss]
|-miss|p2a: Ninetales|p1a: Venusaur
|
|-weather|SunnyDay|[upkeep]
|upkeep
|turn|31
|
|t:|1779851555
|move|p1a: Venusaur|Growth|p1a: Venusaur
|-boost|p1a: Venusaur|atk|2
|-boost|p1a: Venusaur|spa|2
|move|p2a: Ninetales|Overheat|p1a: Venusaur
|-supereffective|p1a: Venusaur
|-damage|p1a: Venusaur|0 fnt
|-unboost|p2a: Ninetales|spa|2
|faint|p1a: Venusaur
|
|win|brockpewtercitygym
|n|☆how play pkm|howplaypkm
|n|☆brockpewtercitygym|brockpewtercitygym
|n|*Lady Monita |ladymonita
|n| Rambleton|rambleton
