|j|☆Jules93
|j|☆Psypedro
|t:|1779906335
|gametype|singles
|player|p1|Jules93|hilbert|1223
|player|p2|Psypedro|dragontamer|1211
|gen|9
|tier|[Gen 9] OU
|rated|
|rule|HP Percentage Mod: HP is shown in percentages
|rule|Endless Battle Clause: Forcing endless battles is banned
|rule|Species Clause: Limit one of each Pokémon
|rule|OHKO Clause: OHKO moves are banned
|rule|Evasion Items Clause: Evasion items are banned
|rule|Evasion Moves Clause: Evasion moves are banned
|rule|Evasion Abilities Clause: Evasion abilities are banned
|rule|Sleep Moves Clause: Sleep-inducing moves are banned
|clearpoke
|poke|p1|Eelektross, M|
|poke|p1|Bisharp, F|
|poke|p1|Zoroark, F|
|poke|p1|Galvantula, F|
|poke|p1|Hydreigon, F|
|poke|p1|Arbok, F|
|poke|p2|Grimmsnarl, M|
|poke|p2|Glimmora, F|
|poke|p2|Dragonite, F|
|poke|p2|Iron Moth|
|poke|p2|Iron Valiant|
|poke|p2|Kingambit, M|
|teampreview
|inactive|Battle timer is ON: inactive players will automatically lose when time's up. (requested by Psypedro)
|inactive|Jules93 has 120 seconds left.
|
|t:|1779906393
|teamsize|p1|6
|teamsize|p2|6
|start
|switch|p1a: Eelektross|Eelektross, M|100/100
|switch|p2a: Grimmsnarl|Grimmsnarl, M|100/100
|turn|1
|
|t:|1779906404
|switch|p1a: Bisharp|Bisharp, F|100/100
|move|p2a: Grimmsnarl|Reflect|p2a: Grimmsnarl
|-sidestart|p2: Psypedro|Reflect
|
|upkeep
|turn|2
|
|t:|1779906412
|move|p2a: Grimmsnarl|Taunt|p1a: Bisharp
|-hint|Since gen 7, Dark is immune to Prankster moves.
|-immune|p1a: Bisharp
|move|p1a: Bisharp|Brick Break|p2a: Grimmsnarl
|-sideend|p2: Psypedro|Reflect
|-damage|p2a: Grimmsnarl|70/100
|
|upkeep
|turn|3
|
|t:|1779906422
|move|p2a: Grimmsnarl|Reflect|p2a: Grimmsnarl
|-sidestart|p2: Psypedro|Reflect
|move|p1a: Bisharp|Iron Head|p2a: Grimmsnarl
|-supereffective|p2a: Grimmsnarl
|-damage|p2a: Grimmsnarl|15/100
|
|upkeep
|turn|4
|
|t:|1779906434
|switch|p2a: Iron Valiant|Iron Valiant|100/100
|-enditem|p2a: Iron Valiant|Booster Energy
|-activate|p2a: Iron Valiant|ability: Quark Drive|[fromitem]
|-start|p2a: Iron Valiant|quarkdrivespe
|move|p1a: Bisharp|Brick Break|p2a: Iron Valiant
|-sideend|p2: Psypedro|Reflect
|-resisted|p2a: Iron Valiant
|-damage|p2a: Iron Valiant|84/100
|
|upkeep
|turn|5
|
|t:|1779906446
|move|p2a: Iron Valiant|Close Combat|p1a: Bisharp
|-supereffective|p1a: Bisharp
|-damage|p1a: Bisharp|0 fnt
|-unboost|p2a: Iron Valiant|def|1
|-unboost|p2a: Iron Valiant|spd|1
|faint|p1a: Bisharp
|
|upkeep
|
|t:|1779906474
|switch|p1a: Eelektross|Eelektross, M|100/100
|turn|6
|
|t:|1779906481
|move|p2a: Iron Valiant|Calm Mind|p2a: Iron Valiant
|-boost|p2a: Iron Valiant|spa|1
|-boost|p2a: Iron Valiant|spd|1
|move|p1a: Eelektross|Sludge Bomb|p2a: Iron Valiant
|-supereffective|p2a: Iron Valiant
|-damage|p2a: Iron Valiant|0 fnt
|faint|p2a: Iron Valiant
|-end|p2a: Iron Valiant|Quark Drive|[silent]
|
|upkeep
|
|t:|1779906497
|switch|p2a: Grimmsnarl|Grimmsnarl, M|15/100
|turn|7
|
|t:|1779906506
|move|p2a: Grimmsnarl|Reflect|p2a: Grimmsnarl
|-sidestart|p2: Psypedro|Reflect
|move|p1a: Eelektross|Nasty Plot|p1a: Eelektross
|-boost|p1a: Eelektross|spa|2
|
|upkeep
|turn|8
|
|t:|1779906513
|move|p2a: Grimmsnarl|Parting Shot|p1a: Eelektross
|-hint|Since gen 7, Dark is immune to Prankster moves.
|-immune|p1a: Eelektross
|move|p1a: Eelektross|Sludge Bomb|p2a: Grimmsnarl
|-supereffective|p2a: Grimmsnarl
|-damage|p2a: Grimmsnarl|0 fnt
|faint|p2a: Grimmsnarl
|
|upkeep
|
|t:|1779906527
|switch|p2a: Glimmora|Glimmora, F|100/100
|turn|9
|
|t:|1779906533
|move|p1a: Eelektross|Dark Pulse|p2a: Glimmora
|-enditem|p2a: Glimmora|Focus Sash
|-damage|p2a: Glimmora|1/100
|move|p2a: Glimmora|Mortal Spin|p1a: Eelektross
|-damage|p1a: Eelektross|87/100
|-status|p1a: Eelektross|psn
|replace|p1a: Zoroark|Zoroark, F
|-end|p1a: Zoroark|Illusion
|
|-damage|p1a: Zoroark|74/100 psn|[from] psn
|upkeep
|turn|10
|
|t:|1779906550
|move|p1a: Zoroark|Flamethrower|p2a: Glimmora
|-resisted|p2a: Glimmora
|-damage|p2a: Glimmora|0 fnt
|faint|p2a: Glimmora
|
|-damage|p1a: Zoroark|62/100 psn|[from] psn
|upkeep
|
|t:|1779906568
|switch|p2a: Iron Moth|Iron Moth|100/100
|-enditem|p2a: Iron Moth|Booster Energy
|-activate|p2a: Iron Moth|ability: Quark Drive|[fromitem]
|-start|p2a: Iron Moth|quarkdrivespe
|turn|11
|
|t:|1779906576
|move|p2a: Iron Moth|Fiery Dance|p1a: Zoroark
|-damage|p1a: Zoroark|0 fnt
|faint|p1a: Zoroark
|
|upkeep
|
|t:|1779906585
|switch|p1a: Galvantula|Galvantula, F|100/100
|turn|12
|
|t:|1779906594
|move|p2a: Iron Moth|Fiery Dance|p1a: Galvantula
|-supereffective|p1a: Galvantula
|-damage|p1a: Galvantula|0 fnt
|-boost|p2a: Iron Moth|spa|1
|faint|p1a: Galvantula
|
|upkeep
|
|t:|1779906607
|switch|p1a: Arbok|Arbok, F|100/100
|-ability|p1a: Arbok|Intimidate|boost
|-unboost|p2a: Iron Moth|atk|1
|-item|p1a: Arbok|Air Balloon
|turn|13
|
|t:|1779906616
|move|p2a: Iron Moth|Fiery Dance|p1a: Arbok
|-damage|p1a: Arbok|22/100
|-enditem|p1a: Arbok|Air Balloon
|move|p1a: Arbok|Glare|p2a: Iron Moth
|-status|p2a: Iron Moth|par
|
|upkeep
|turn|14
|
|t:|1779906625
|cant|p2a: Iron Moth|par
|move|p1a: Arbok|Toxic Spikes|p2a: Iron Moth
|-sidestart|p2: Psypedro|move: Toxic Spikes
|
|-sideend|p2: Psypedro|Reflect
|upkeep
|turn|15
|
|t:|1779906632
|cant|p2a: Iron Moth|par
|move|p1a: Arbok|Dragon Tail|p2a: Iron Moth
|-crit|p2a: Iron Moth
|-damage|p2a: Iron Moth|73/100 par
|-end|p2a: Iron Moth|Quark Drive|[silent]
|drag|p2a: Kingambit|Kingambit, M|100/100
|-activate|p2a: Kingambit|ability: Supreme Overlord
|-start|p2a: Kingambit|fallen3|[silent]
|
|upkeep
|turn|16
|
|t:|1779906643
|move|p1a: Arbok|Glare|p2a: Kingambit
|-status|p2a: Kingambit|par
|cant|p2a: Kingambit|par
|
|upkeep
|turn|17
|
|t:|1779906652
|-end|p2a: Kingambit|fallen3|[silent]
|switch|p2a: Dragonite|Dragonite, F|100/100
|move|p1a: Arbok|Dragon Tail|p2a: Dragonite
|-supereffective|p2a: Dragonite
|-damage|p2a: Dragonite|86/100
|drag|p2a: Iron Moth|Iron Moth|73/100 par
|-sideend|p2: Psypedro|move: Toxic Spikes|[of] p2a: Iron Moth
|
|upkeep
|turn|18
|
|t:|1779906664
|move|p2a: Iron Moth|Fiery Dance|p1a: Arbok
|-damage|p1a: Arbok|0 fnt
|-boost|p2a: Iron Moth|spa|1
|faint|p1a: Arbok
|
|upkeep
|
|t:|1779906669
|switch|p1a: Hydreigon|Hydreigon, F|100/100
|turn|19
|
|t:|1779906680
|move|p1a: Hydreigon|Draco Meteor|p2a: Iron Moth|[miss]
|-miss|p1a: Hydreigon|p2a: Iron Moth
|cant|p2a: Iron Moth|par
|
|upkeep
|turn|20
|
|t:|1779906686
|move|p1a: Hydreigon|Draco Meteor|p2a: Iron Moth
|-damage|p2a: Iron Moth|2/100 par
|-unboost|p1a: Hydreigon|spa|2
|-enditem|p1a: Hydreigon|White Herb
|-clearnegativeboost|p1a: Hydreigon|[silent]
|move|p2a: Iron Moth|Substitute|p2a: Iron Moth
|-fail|p2a: Iron Moth|move: Substitute|[weak]
|
|upkeep
|turn|21
|
|t:|1779906698
|move|p1a: Hydreigon|Heat Wave|p2a: Iron Moth
|-resisted|p2a: Iron Moth
|-damage|p2a: Iron Moth|0 fnt
|faint|p2a: Iron Moth
|-end|p2a: Iron Moth|Quark Drive|[silent]
|
|upkeep
|
|t:|1779906710
|switch|p2a: Dragonite|Dragonite, F|86/100
|turn|22
|
|t:|1779906717
|-terastallize|p2a: Dragonite|Normal
|move|p1a: Hydreigon|Draco Meteor|p2a: Dragonite
|-damage|p2a: Dragonite|19/100
|-unboost|p1a: Hydreigon|spa|2
|move|p2a: Dragonite|Ice Spinner|p1a: Hydreigon
|-supereffective|p1a: Hydreigon
|-damage|p1a: Hydreigon|33/100
|
|upkeep
|turn|23
|
|t:|1779906728
|move|p2a: Dragonite|Extreme Speed|p1a: Hydreigon
|-damage|p1a: Hydreigon|0 fnt
|faint|p1a: Hydreigon
|
|upkeep
|
|t:|1779906733
|switch|p1a: Eelektross|Eelektross, M|100/100
|turn|24
|
|t:|1779906738
|move|p2a: Dragonite|Extreme Speed|p1a: Eelektross
|-damage|p1a: Eelektross|50/100
|move|p1a: Eelektross|Coil|p1a: Eelektross
|-boost|p1a: Eelektross|atk|1
|-boost|p1a: Eelektross|def|1
|-boost|p1a: Eelektross|accuracy|1
|
|-heal|p1a: Eelektross|57/100|[from] item: Leftovers
|upkeep
|turn|25
|
|t:|1779906751
|move|p2a: Dragonite|Extreme Speed|p1a: Eelektross
|-crit|p1a: Eelektross
|-damage|p1a: Eelektross|0 fnt
|faint|p1a: Eelektross
|
|win|Psypedro
|raw|Jules93's rating: 1223 &rarr; <strong>1197</strong><br />(-26 for losing)
|raw|Psypedro's rating: 1211 &rarr; <strong>1237</strong><br />(+26 for winning)
|l|☆Jules93
|player|p1|
|l|☆Psypedro
|player|p2|
