|j|☆vvnvcv
|j|☆claudechamp
|t:|1779812151
|gametype|singles
|player|p1|vvnvcv|2|1289
|player|p2|claudechamp|265|1264
|gen|9
|tier|[Gen 9] OU
|rated|
|rule|HP Percentage Mod: HP is shown in percentages
|rule|Endless Battle Clause: Forcing endless battles is banned
|rule|Species Clause: Limit one of each Pokémon
|rule|OHKO Clause: OHKO moves are banned
|rule|Evasion Items Clause: Evasion items are banned
|rule|Evasion Moves Clause: Evasion moves are banned
|rule|Evasion Abilities Clause: Evasion abilities are banned
|rule|Sleep Moves Clause: Sleep-inducing moves are banned
|clearpoke
|poke|p1|Dondozo, F|
|poke|p1|Dragapult, M|
|poke|p1|Great Tusk|
|poke|p1|Gholdengo|
|poke|p1|Garchomp, M|
|poke|p1|Kleavor, F|
|poke|p2|Gliscor, F|
|poke|p2|Gholdengo|
|poke|p2|Zamazenta-*|
|poke|p2|Blissey, F|
|poke|p2|Skarmory, M|
|poke|p2|Pecharunt|
|teampreview
|c|☆claudechamp|hf
|
|t:|1779812155
|teamsize|p1|6
|teamsize|p2|6
|start
|switch|p1a: Kleavor|Kleavor, F|100/100
|switch|p2a: Skarmory|Skarmory, M|100/100
|turn|1
|inactive|Battle timer is ON: inactive players will automatically lose when time's up. (requested by claudechamp)
|
|t:|1779812166
|move|p1a: Kleavor|Stone Axe|p2a: Skarmory
|-damage|p2a: Skarmory|69/100
|-sidestart|p2: claudechamp|move: Stealth Rock
|move|p2a: Skarmory|Spikes|p1a: Kleavor
|-sidestart|p1: vvnvcv|Spikes
|
|upkeep
|turn|2
|
|t:|1779812178
|switch|p1a: Dragapult|Dragapult, M|100/100
|-damage|p1a: Dragapult|88/100|[from] Spikes
|move|p2a: Skarmory|Roost|p2a: Skarmory
|-heal|p2a: Skarmory|100/100
|-singleturn|p2a: Skarmory|move: Roost
|
|upkeep
|turn|3
|
|t:|1779812187
|move|p1a: Dragapult|Will-O-Wisp|p2a: Skarmory
|-status|p2a: Skarmory|brn
|move|p2a: Skarmory|Spikes|p1a: Dragapult
|-sidestart|p1: vvnvcv|Spikes
|
|-damage|p2a: Skarmory|95/100 brn|[from] brn
|upkeep
|turn|4
|
|t:|1779812193
|move|p1a: Dragapult|Hex|p2a: Skarmory
|-damage|p2a: Skarmory|0 fnt
|faint|p2a: Skarmory
|-damage|p1a: Dragapult|78/100|[from] item: Life Orb
|
|upkeep
|
|t:|1779812198
|switch|p2a: Pecharunt|Pecharunt|100/100
|turn|5
|
|t:|1779812205
|switch|p1a: Gholdengo|Gholdengo|100/100
|-damage|p1a: Gholdengo|84/100|[from] Spikes
|move|p2a: Pecharunt|Shadow Ball|p1a: Gholdengo
|-supereffective|p1a: Gholdengo
|-damage|p1a: Gholdengo|38/100
|
|upkeep
|turn|6
|
|t:|1779812218
|move|p2a: Pecharunt|Shadow Ball|p1a: Gholdengo
|-supereffective|p1a: Gholdengo
|-damage|p1a: Gholdengo|0 fnt
|faint|p1a: Gholdengo
|
|upkeep
|
|t:|1779812235
|switch|p1a: Kleavor|Kleavor, F|100/100
|-damage|p1a: Kleavor|84/100|[from] Spikes
|turn|7
|
|t:|1779812240
|move|p1a: Kleavor|Stone Axe|p2a: Pecharunt
|-damage|p2a: Pecharunt|75/100
|move|p2a: Pecharunt|Toxic|p1a: Kleavor
|-status|p1a: Kleavor|tox
|-start|p1a: Kleavor|confusion|[from] ability: Poison Puppeteer|[of] p2a: Pecharunt
|
|-damage|p1a: Kleavor|78/100 tox|[from] psn
|upkeep
|turn|8
|
|t:|1779812247
|-activate|p1a: Kleavor|confusion
|move|p1a: Kleavor|Stone Axe|p2a: Pecharunt|[miss]
|-miss|p1a: Kleavor|p2a: Pecharunt
|move|p2a: Pecharunt|Shadow Ball|p1a: Kleavor
|-damage|p1a: Kleavor|38/100 tox
|
|-damage|p1a: Kleavor|26/100 tox|[from] psn
|upkeep
|turn|9
|
|t:|1779812254
|-activate|p1a: Kleavor|confusion
|move|p1a: Kleavor|Stone Axe|p2a: Pecharunt
|-damage|p2a: Pecharunt|51/100
|move|p2a: Pecharunt|Recover|p2a: Pecharunt
|-heal|p2a: Pecharunt|100/100
|
|-damage|p1a: Kleavor|8/100 tox|[from] psn
|upkeep
|turn|10
|
|t:|1779812265
|-end|p1a: Kleavor|confusion
|move|p1a: Kleavor|Stone Axe|p2a: Pecharunt
|-damage|p2a: Pecharunt|76/100
|move|p2a: Pecharunt|Shadow Ball|p1a: Kleavor
|-damage|p1a: Kleavor|0 fnt
|faint|p1a: Kleavor
|
|upkeep
|
|t:|1779812280
|switch|p1a: Garchomp|Garchomp, M|100/100
|-damage|p1a: Garchomp|84/100|[from] Spikes
|turn|11
|
|t:|1779812286
|move|p1a: Garchomp|Swords Dance|p1a: Garchomp
|-boost|p1a: Garchomp|atk|2
|move|p2a: Pecharunt|Shadow Ball|p1a: Garchomp
|-damage|p1a: Garchomp|59/100
|-unboost|p1a: Garchomp|spd|1
|
|upkeep
|turn|12
|
|t:|1779812294
|move|p1a: Garchomp|Earthquake|p2a: Pecharunt
|-supereffective|p2a: Pecharunt
|-damage|p2a: Pecharunt|0 fnt
|faint|p2a: Pecharunt
|-damage|p1a: Garchomp|49/100|[from] item: Life Orb
|
|upkeep
|
|t:|1779812299
|switch|p2a: Zamazenta|Zamazenta|100/100
|-ability|p2a: Zamazenta|Dauntless Shield|boost
|-boost|p2a: Zamazenta|def|1
|turn|13
|
|t:|1779812304
|move|p2a: Zamazenta|Close Combat|p1a: Garchomp
|-damage|p1a: Garchomp|0 fnt
|-unboost|p2a: Zamazenta|def|1
|-unboost|p2a: Zamazenta|spd|1
|-damage|p2a: Zamazenta|88/100|[from] ability: Rough Skin|[of] p1a: Garchomp
|faint|p1a: Garchomp
|
|upkeep
|
|t:|1779812320
|switch|p1a: Dragapult|Dragapult, M|78/100
|-damage|p1a: Dragapult|62/100|[from] Spikes
|turn|14
|
|t:|1779812326
|switch|p2a: Blissey|Blissey, F|100/100
|move|p1a: Dragapult|Draco Meteor|p2a: Blissey
|-damage|p2a: Blissey|76/100
|-unboost|p1a: Dragapult|spa|2
|-damage|p1a: Dragapult|52/100|[from] item: Life Orb
|
|upkeep
|turn|15
|
|t:|1779812334
|move|p1a: Dragapult|Dragon Darts|p2a: Blissey
|-damage|p2a: Blissey|48/100
|-anim|p1a: Dragapult|Dragon Darts|p2a: Blissey
|-damage|p2a: Blissey|23/100
|-damage|p1a: Dragapult|42/100|[from] item: Life Orb
|move|p2a: Blissey|Calm Mind|p2a: Blissey
|-boost|p2a: Blissey|spa|1
|-boost|p2a: Blissey|spd|1
|
|upkeep
|turn|16
|
|t:|1779812345
|switch|p2a: Gholdengo|Gholdengo|100/100
|-damage|p2a: Gholdengo|94/100|[from] Stealth Rock
|move|p1a: Dragapult|Dragon Darts|p2a: Gholdengo
|-resisted|p2a: Gholdengo
|-damage|p2a: Gholdengo|85/100
|-anim|p1a: Dragapult|Dragon Darts|p2a: Gholdengo
|-resisted|p2a: Gholdengo
|-damage|p2a: Gholdengo|76/100
|-damage|p1a: Dragapult|33/100|[from] item: Life Orb
|
|upkeep
|turn|17
|
|t:|1779812354
|move|p1a: Dragapult|Hex|p2a: Gholdengo
|-supereffective|p2a: Gholdengo
|-damage|p2a: Gholdengo|38/100
|-damage|p1a: Dragapult|23/100|[from] item: Life Orb
|move|p2a: Gholdengo|Nasty Plot|p2a: Gholdengo
|-boost|p2a: Gholdengo|spa|2
|
|upkeep
|turn|18
|
|t:|1779812362
|-terastallize|p2a: Gholdengo|Fairy
|move|p1a: Dragapult|Hex|p2a: Gholdengo
|-damage|p2a: Gholdengo|19/100
|-damage|p1a: Dragapult|13/100|[from] item: Life Orb
|move|p2a: Gholdengo|Recover|p2a: Gholdengo
|-heal|p2a: Gholdengo|69/100
|
|upkeep
|turn|19
|
|t:|1779812374
|switch|p1a: Dondozo|Dondozo, F|100/100
|-damage|p1a: Dondozo|84/100|[from] Spikes
|move|p2a: Gholdengo|Hex|p1a: Dondozo
|-damage|p1a: Dondozo|61/100
|
|upkeep
|turn|20
|
|t:|1779812389
|move|p2a: Gholdengo|Hex|p1a: Dondozo
|-damage|p1a: Dondozo|39/100
|move|p1a: Dondozo|Wave Crash|p2a: Gholdengo
|-damage|p2a: Gholdengo|25/100
|-damage|p1a: Dondozo|26/100|[from] Recoil
|
|upkeep
|turn|21
|
|t:|1779812395
|move|p2a: Gholdengo|Recover|p2a: Gholdengo
|-heal|p2a: Gholdengo|75/100
|move|p1a: Dondozo|Rest|p1a: Dondozo
|-status|p1a: Dondozo|slp|[from] move: Rest
|-heal|p1a: Dondozo|100/100 slp|[silent]
|-enditem|p1a: Dondozo|Chesto Berry|[eat]
|-curestatus|p1a: Dondozo|slp|[msg]
|
|upkeep
|turn|22
|
|t:|1779812404
|move|p2a: Gholdengo|Thunder Wave|p1a: Dondozo
|-status|p1a: Dondozo|par
|move|p1a: Dondozo|Wave Crash|p2a: Gholdengo
|-damage|p2a: Gholdengo|33/100
|-damage|p1a: Dondozo|88/100 par|[from] Recoil
|
|upkeep
|turn|23
|
|t:|1779812413
|move|p2a: Gholdengo|Recover|p2a: Gholdengo
|-heal|p2a: Gholdengo|83/100
|move|p1a: Dondozo|Wave Crash|p2a: Gholdengo
|-damage|p2a: Gholdengo|39/100
|-damage|p1a: Dondozo|76/100 par|[from] Recoil
|
|upkeep
|turn|24
|
|t:|1779812423
|move|p2a: Gholdengo|Recover|p2a: Gholdengo
|-heal|p2a: Gholdengo|89/100
|move|p1a: Dondozo|Wave Crash|p2a: Gholdengo
|-damage|p2a: Gholdengo|47/100
|-damage|p1a: Dondozo|64/100 par|[from] Recoil
|
|upkeep
|turn|25
|
|t:|1779812437
|move|p2a: Gholdengo|Hex|p1a: Dondozo
|-damage|p1a: Dondozo|16/100 par
|cant|p1a: Dondozo|par
|
|upkeep
|turn|26
|
|t:|1779812441
|move|p2a: Gholdengo|Hex|p1a: Dondozo
|-damage|p1a: Dondozo|0 fnt
|faint|p1a: Dondozo
|
|upkeep
|
|t:|1779812446
|switch|p1a: Great Tusk|Great Tusk|100/100
|-damage|p1a: Great Tusk|84/100|[from] Spikes
|-enditem|p1a: Great Tusk|Booster Energy
|-activate|p1a: Great Tusk|ability: Protosynthesis|[fromitem]
|-start|p1a: Great Tusk|protosynthesisatk
|turn|27
|
|t:|1779812453
|move|p1a: Great Tusk|Ice Spinner|p2a: Gholdengo
|-damage|p2a: Gholdengo|20/100
|move|p2a: Gholdengo|Recover|p2a: Gholdengo
|-heal|p2a: Gholdengo|70/100
|
|upkeep
|turn|28
|
|t:|1779812462
|move|p1a: Great Tusk|Headlong Rush|p2a: Gholdengo
|-damage|p2a: Gholdengo|0 fnt
|-unboost|p1a: Great Tusk|def|1
|-unboost|p1a: Great Tusk|spd|1
|faint|p2a: Gholdengo
|
|upkeep
|
|t:|1779812472
|switch|p2a: Zamazenta|Zamazenta|88/100
|turn|29
|
|t:|1779812486
|move|p2a: Zamazenta|Ice Fang|p1a: Great Tusk
|-supereffective|p1a: Great Tusk
|-damage|p1a: Great Tusk|35/100
|-status|p1a: Great Tusk|frz
|cant|p1a: Great Tusk|frz
|
|upkeep
|turn|30
|-message|vvnvcv forfeited.
|
|win|claudechamp
|raw|vvnvcv's rating: 1289 &rarr; <strong>1262</strong><br />(-27 for losing)
|raw|claudechamp's rating: 1264 &rarr; <strong>1291</strong><br />(+27 for winning)
|c|☆claudechamp|gg
|l|☆vvnvcv
|player|p1|
