|j|☆peeeeeeecu
|j|☆itstheboyjay
|t:|1779812447
|gametype|singles
|player|p1|peeeeeeecu|266|1224
|player|p2|itstheboyjay|palmer|1189
|gen|9
|tier|[Gen 9] OU
|rated|
|rule|HP Percentage Mod: HP is shown in percentages
|rule|Endless Battle Clause: Forcing endless battles is banned
|rule|Species Clause: Limit one of each Pokémon
|rule|OHKO Clause: OHKO moves are banned
|rule|Evasion Items Clause: Evasion items are banned
|rule|Evasion Moves Clause: Evasion moves are banned
|rule|Evasion Abilities Clause: Evasion abilities are banned
|rule|Sleep Moves Clause: Sleep-inducing moves are banned
|clearpoke
|poke|p1|Glimmora, F|
|poke|p1|Garganacl, M|
|poke|p1|Gholdengo|
|poke|p1|Corviknight, F|
|poke|p1|Lokix, M|
|poke|p1|Great Tusk|
|poke|p2|Jolteon, M|
|poke|p2|Rhydon, F|
|poke|p2|Blastoise, F|
|poke|p2|Gengar, M|
|poke|p2|Arcanine, F|
|poke|p2|Exeggutor, M|
|teampreview
|
|t:|1779812453
|teamsize|p1|6
|teamsize|p2|6
|start
|switch|p1a: Glimmora|Glimmora, F, shiny|100/100
|switch|p2a: Blastoise|Blastoise, F, shiny|100/100
|turn|1
|
|t:|1779812460
|move|p1a: Glimmora|Stealth Rock|p2a: Blastoise
|-sidestart|p2: itstheboyjay|move: Stealth Rock
|move|p2a: Blastoise|Hydro Pump|p1a: Glimmora
|-supereffective|p1a: Glimmora
|-damage|p1a: Glimmora|12/100
|
|upkeep
|turn|2
|c|☆peeeeeeecu|g e n g a r
|
|t:|1779812471
|move|p1a: Glimmora|Mortal Spin|p2a: Blastoise
|-damage|p2a: Blastoise|96/100
|-status|p2a: Blastoise|psn
|move|p2a: Blastoise|Hydro Pump|p1a: Glimmora
|-supereffective|p1a: Glimmora
|-damage|p1a: Glimmora|0 fnt
|faint|p1a: Glimmora
|
|-damage|p2a: Blastoise|84/100 psn|[from] psn
|upkeep
|
|t:|1779812481
|switch|p1a: Corviknight|Corviknight, F, shiny|100/100
|turn|3
|
|t:|1779812486
|move|p2a: Blastoise|Rapid Spin|p1a: Corviknight
|-resisted|p1a: Corviknight
|-damage|p1a: Corviknight|98/100
|-boost|p2a: Blastoise|spe|1
|-damage|p2a: Blastoise|67/100 psn|[from] item: Rocky Helmet|[of] p1a: Corviknight
|-sideend|p2: itstheboyjay|Stealth Rock|[from] move: Rapid Spin|[of] p2a: Blastoise
|move|p1a: Corviknight|Brave Bird|p2a: Blastoise
|-damage|p2a: Blastoise|40/100 psn
|-damage|p1a: Corviknight|89/100|[from] Recoil
|
|-damage|p2a: Blastoise|27/100 psn|[from] psn
|upkeep
|turn|4
|
|t:|1779812498
|move|p2a: Blastoise|Hydro Pump|p1a: Corviknight|[miss]
|-miss|p2a: Blastoise|p1a: Corviknight
|move|p1a: Corviknight|Taunt|p2a: Blastoise
|-start|p2a: Blastoise|move: Taunt
|
|-damage|p2a: Blastoise|15/100 psn|[from] psn
|upkeep
|turn|5
|
|t:|1779812508
|move|p2a: Blastoise|Hydro Pump|p1a: Corviknight
|-damage|p1a: Corviknight|42/100
|move|p1a: Corviknight|U-turn|p2a: Blastoise
|-damage|p2a: Blastoise|5/100 psn
|
|t:|1779812513
|switch|p1a: Garganacl|Garganacl, M, shiny|100/100|[from] U-turn
|
|-damage|p2a: Blastoise|0 fnt|[from] psn
|faint|p2a: Blastoise
|upkeep
|
|t:|1779812520
|switch|p2a: Exeggutor|Exeggutor, M, shiny|100/100
|turn|6
|
|t:|1779812527
|move|p2a: Exeggutor|Substitute|p2a: Exeggutor
|-start|p2a: Exeggutor|Substitute
|-damage|p2a: Exeggutor|76/100
|move|p1a: Garganacl|Stealth Rock|p2a: Exeggutor
|-sidestart|p2: itstheboyjay|move: Stealth Rock
|
|upkeep
|turn|7
|
|t:|1779812535
|move|p2a: Exeggutor|Leech Seed|p1a: Garganacl
|-start|p1a: Garganacl|move: Leech Seed
|move|p1a: Garganacl|Salt Cure|p2a: Exeggutor
|-activate|p2a: Exeggutor|move: Substitute|[damage]
|
|-damage|p1a: Garganacl|88/100|[from] Leech Seed|[of] p2a: Exeggutor
|-heal|p2a: Exeggutor|91/100|[silent]
|upkeep
|turn|8
|
|t:|1779812555
|move|p2a: Exeggutor|Stun Spore|p1a: Garganacl|[miss]
|-miss|p2a: Exeggutor|p1a: Garganacl
|move|p1a: Garganacl|Salt Cure|p2a: Exeggutor
|-end|p2a: Exeggutor|Substitute
|
|-heal|p1a: Garganacl|94/100|[from] item: Leftovers
|-damage|p1a: Garganacl|82/100|[from] Leech Seed|[of] p2a: Exeggutor
|-heal|p2a: Exeggutor|100/100|[silent]
|upkeep
|turn|9
|
|t:|1779812566
|move|p2a: Exeggutor|Substitute|p2a: Exeggutor
|-start|p2a: Exeggutor|Substitute
|-damage|p2a: Exeggutor|76/100
|move|p1a: Garganacl|Salt Cure|p2a: Exeggutor
|-activate|p2a: Exeggutor|move: Substitute|[damage]
|
|-heal|p1a: Garganacl|88/100|[from] item: Leftovers
|-damage|p1a: Garganacl|76/100|[from] Leech Seed|[of] p2a: Exeggutor
|-heal|p2a: Exeggutor|91/100|[silent]
|upkeep
|turn|10
|
|t:|1779812578
|switch|p1a: Gholdengo|Gholdengo|100/100
|-item|p1a: Gholdengo|Air Balloon
|move|p2a: Exeggutor|Giga Drain|p1a: Gholdengo
|-resisted|p1a: Gholdengo
|-damage|p1a: Gholdengo|83/100
|-heal|p2a: Exeggutor|99/100|[from] drain|[of] p1a: Gholdengo
|-enditem|p1a: Gholdengo|Air Balloon
|
|upkeep
|turn|11
|
|t:|1779812591
|move|p1a: Gholdengo|Nasty Plot|p1a: Gholdengo
|-boost|p1a: Gholdengo|spa|2
|move|p2a: Exeggutor|Giga Drain|p1a: Gholdengo
|-resisted|p1a: Gholdengo
|-damage|p1a: Gholdengo|64/100
|-heal|p2a: Exeggutor|100/100|[from] drain|[of] p1a: Gholdengo
|
|upkeep
|turn|12
|
|t:|1779812599
|move|p1a: Gholdengo|Shadow Ball|p2a: Exeggutor
|-supereffective|p2a: Exeggutor
|-end|p2a: Exeggutor|Substitute
|move|p2a: Exeggutor|Giga Drain|p1a: Gholdengo
|-resisted|p1a: Gholdengo
|-damage|p1a: Gholdengo|45/100
|
|upkeep
|turn|13
|
|t:|1779812613
|switch|p2a: Rhydon|Rhydon, F, shiny|100/100
|-damage|p2a: Rhydon|95/100|[from] Stealth Rock
|move|p1a: Gholdengo|Shadow Ball|p2a: Rhydon
|-damage|p2a: Rhydon|0 fnt
|faint|p2a: Rhydon
|
|upkeep
|
|t:|1779812622
|switch|p2a: Gengar|Gengar, M, shiny|100/100
|-damage|p2a: Gengar|88/100|[from] Stealth Rock
|turn|14
|
|t:|1779812633
|move|p2a: Gengar|Shadow Ball|p1a: Gholdengo
|-supereffective|p1a: Gholdengo
|-damage|p1a: Gholdengo|0 fnt
|faint|p1a: Gholdengo
|
|upkeep
|
|t:|1779812638
|switch|p1a: Lokix|Lokix, M, shiny|100/100
|turn|15
|
|t:|1779812643
|switch|p2a: Arcanine|Arcanine, F, shiny|100/100
|-damage|p2a: Arcanine|75/100|[from] Stealth Rock
|-ability|p2a: Arcanine|Intimidate|boost
|-unboost|p1a: Lokix|atk|1
|move|p1a: Lokix|First Impression|p2a: Arcanine
|-resisted|p2a: Arcanine
|-damage|p2a: Arcanine|47/100
|-damage|p1a: Lokix|84/100|[from] item: Rocky Helmet|[of] p2a: Arcanine
|
|upkeep
|turn|16
|
|t:|1779812654
|switch|p1a: Corviknight|Corviknight, F, shiny|42/100
|move|p2a: Arcanine|Fire Spin|p1a: Corviknight
|-supereffective|p1a: Corviknight
|-damage|p1a: Corviknight|19/100
|-activate|p1a: Corviknight|move: Fire Spin|[of] p2a: Arcanine
|
|-damage|p1a: Corviknight|7/100|[from] move: Fire Spin|[partiallytrapped]
|upkeep
|turn|17
|
|t:|1779812665
|move|p2a: Arcanine|Morning Sun|p2a: Arcanine
|-heal|p2a: Arcanine|97/100
|move|p1a: Corviknight|Brave Bird|p2a: Arcanine
|-damage|p2a: Arcanine|67/100
|-damage|p1a: Corviknight|0 fnt|[from] item: Rocky Helmet|[of] p2a: Arcanine
|faint|p1a: Corviknight
|
|upkeep
|
|t:|1779812681
|switch|p1a: Lokix|Lokix, M, shiny|84/100
|turn|18
|
|t:|1779812685
|move|p1a: Lokix|First Impression|p2a: Arcanine
|-resisted|p2a: Arcanine
|-damage|p2a: Arcanine|21/100
|-damage|p1a: Lokix|67/100|[from] item: Rocky Helmet|[of] p2a: Arcanine
|move|p2a: Arcanine|Will-O-Wisp|p1a: Lokix
|-status|p1a: Lokix|brn
|
|-damage|p1a: Lokix|61/100 brn|[from] brn
|upkeep
|turn|19
|
|t:|1779812696
|switch|p1a: Great Tusk|Great Tusk, shiny|100/100
|move|p2a: Arcanine|Morning Sun|p2a: Arcanine
|-heal|p2a: Arcanine|71/100
|
|upkeep
|turn|20
|
|t:|1779812704
|-terastallize|p2a: Arcanine|Water
|move|p1a: Great Tusk|Earthquake|p2a: Arcanine
|-damage|p2a: Arcanine|41/100
|move|p2a: Arcanine|Will-O-Wisp|p1a: Great Tusk
|-status|p1a: Great Tusk|brn
|
|-damage|p1a: Great Tusk|94/100 brn|[from] brn
|upkeep
|turn|21
|
|t:|1779812720
|switch|p2a: Gengar|Gengar, M, shiny|88/100
|-damage|p2a: Gengar|76/100|[from] Stealth Rock
|move|p1a: Great Tusk|Close Combat|p2a: Gengar
|-immune|p2a: Gengar
|
|-damage|p1a: Great Tusk|88/100 brn|[from] brn
|upkeep
|turn|22
|
|t:|1779812731
|move|p2a: Gengar|Trick|p1a: Great Tusk
|-activate|p2a: Gengar|move: Trick|[of] p1a: Great Tusk
|-item|p1a: Great Tusk|Choice Specs|[from] move: Trick
|-item|p2a: Gengar|Heavy-Duty Boots|[from] move: Trick
|move|p1a: Great Tusk|Earthquake|p2a: Gengar
|-supereffective|p2a: Gengar
|-damage|p2a: Gengar|0 fnt
|faint|p2a: Gengar
|
|-damage|p1a: Great Tusk|82/100 brn|[from] brn
|upkeep
|
|t:|1779812742
|switch|p2a: Exeggutor|Exeggutor, M, shiny|100/100
|-damage|p2a: Exeggutor|88/100|[from] Stealth Rock
|turn|23
|
|t:|1779812749
|-end|p1a: Great Tusk|Protosynthesis|[silent]
|switch|p1a: Garganacl|Garganacl, M, shiny|76/100
|move|p2a: Exeggutor|Substitute|p2a: Exeggutor
|-start|p2a: Exeggutor|Substitute
|-damage|p2a: Exeggutor|63/100
|
|-heal|p1a: Garganacl|82/100|[from] item: Leftovers
|upkeep
|turn|24
|
|t:|1779812758
|move|p2a: Exeggutor|Leech Seed|p1a: Garganacl
|-start|p1a: Garganacl|move: Leech Seed
|move|p1a: Garganacl|Salt Cure|p2a: Exeggutor
|-activate|p2a: Exeggutor|move: Substitute|[damage]
|
|-heal|p1a: Garganacl|88/100|[from] item: Leftovers
|-damage|p1a: Garganacl|76/100|[from] Leech Seed|[of] p2a: Exeggutor
|-heal|p2a: Exeggutor|78/100|[silent]
|upkeep
|turn|25
|
|t:|1779812776
|move|p2a: Exeggutor|Giga Drain|p1a: Garganacl
|-supereffective|p1a: Garganacl
|-damage|p1a: Garganacl|16/100
|-heal|p2a: Exeggutor|100/100|[from] drain|[of] p1a: Garganacl
|move|p1a: Garganacl|Recover|p1a: Garganacl
|-heal|p1a: Garganacl|66/100
|
|-heal|p1a: Garganacl|73/100|[from] item: Leftovers
|-damage|p1a: Garganacl|60/100|[from] Leech Seed|[of] p2a: Exeggutor
|upkeep
|turn|26
|
|t:|1779812790
|switch|p1a: Great Tusk|Great Tusk, shiny|82/100 brn
|move|p2a: Exeggutor|Giga Drain|p1a: Great Tusk
|-supereffective|p1a: Great Tusk
|-damage|p1a: Great Tusk|0 fnt
|faint|p1a: Great Tusk
|-end|p1a: Great Tusk|Protosynthesis|[silent]
|
|upkeep
|
|t:|1779812799
|switch|p1a: Garganacl|Garganacl, M, shiny|60/100
|turn|27
|
|t:|1779812802
|move|p2a: Exeggutor|Leech Seed|p1a: Garganacl
|-start|p1a: Garganacl|move: Leech Seed
|move|p1a: Garganacl|Salt Cure|p2a: Exeggutor
|-end|p2a: Exeggutor|Substitute
|
|-heal|p1a: Garganacl|66/100|[from] item: Leftovers
|-damage|p1a: Garganacl|54/100|[from] Leech Seed|[of] p2a: Exeggutor
|upkeep
|turn|28
|
|t:|1779812812
|move|p2a: Exeggutor|Substitute|p2a: Exeggutor
|-start|p2a: Exeggutor|Substitute
|-damage|p2a: Exeggutor|76/100
|move|p1a: Garganacl|Salt Cure|p2a: Exeggutor
|-activate|p2a: Exeggutor|move: Substitute|[damage]
|
|-heal|p1a: Garganacl|60/100|[from] item: Leftovers
|-damage|p1a: Garganacl|48/100|[from] Leech Seed|[of] p2a: Exeggutor
|-heal|p2a: Exeggutor|91/100|[silent]
|upkeep
|turn|29
|
|t:|1779812826
|move|p2a: Exeggutor|Giga Drain|p1a: Garganacl
|-supereffective|p1a: Garganacl
|-damage|p1a: Garganacl|0 fnt
|-heal|p2a: Exeggutor|100/100|[from] drain|[of] p1a: Garganacl
|faint|p1a: Garganacl
|
|upkeep
|
|t:|1779812835
|switch|p1a: Lokix|Lokix, M, shiny|61/100 brn
|turn|30
|
|t:|1779812841
|move|p1a: Lokix|First Impression|p2a: Exeggutor
|-supereffective|p2a: Exeggutor
|-end|p2a: Exeggutor|Substitute
|move|p2a: Exeggutor|Substitute|p2a: Exeggutor
|-start|p2a: Exeggutor|Substitute
|-damage|p2a: Exeggutor|76/100
|
|-damage|p1a: Lokix|55/100 brn|[from] brn
|upkeep
|turn|31
|-message|peeeeeeecu forfeited.
|
|win|itstheboyjay
|raw|peeeeeeecu's rating: 1224 &rarr; <strong>1196</strong><br />(-28 for losing)
|raw|itstheboyjay's rating: 1189 &rarr; <strong>1217</strong><br />(+28 for winning)
|l|☆peeeeeeecu
|player|p1|
|l|☆itstheboyjay
|player|p2|
