|j|☆the 2nd clawming
|j|☆wxdwxdwxd
|t:|1779803766
|gametype|singles
|player|p1|the 2nd clawming|az-lza|1555
|player|p2|wxdwxdwxd|102|1508
|gen|9
|tier|[Gen 9] OU
|rated|
|rule|HP Percentage Mod: HP is shown in percentages
|rule|Endless Battle Clause: Forcing endless battles is banned
|rule|Species Clause: Limit one of each Pokémon
|rule|OHKO Clause: OHKO moves are banned
|rule|Evasion Items Clause: Evasion items are banned
|rule|Evasion Moves Clause: Evasion moves are banned
|rule|Evasion Abilities Clause: Evasion abilities are banned
|rule|Sleep Moves Clause: Sleep-inducing moves are banned
|clearpoke
|poke|p1|Ninetales, F|
|poke|p1|Scovillain, M|
|poke|p1|Walking Wake|
|poke|p1|Great Tusk|
|poke|p1|Mandibuzz, F|
|poke|p1|Tinkaton, F|
|poke|p2|Dragonite, M|
|poke|p2|Ogerpon-Cornerstone, F|
|poke|p2|Hatterene, F|
|poke|p2|Iron Treads|
|poke|p2|Kingambit, F|
|poke|p2|Zapdos|
|teampreview
|inactive|Battle timer is ON: inactive players will automatically lose when time's up. (requested by the 2nd clawming)
|
|t:|1779803782
|teamsize|p1|6
|teamsize|p2|6
|start
|switch|p1a: Ninetales|Ninetales, F|100/100
|switch|p2a: Zapdos|Zapdos|100/100
|-weather|SunnyDay|[from] ability: Drought|[of] p1a: Ninetales
|turn|1
|
|t:|1779803800
|move|p2a: Zapdos|Volt Switch|p1a: Ninetales
|-damage|p1a: Ninetales|64/100
|
|t:|1779803804
|switch|p2a: Hatterene|Hatterene, F|100/100|[from] Volt Switch
|move|p1a: Ninetales|Overheat|p2a: Hatterene
|-damage|p2a: Hatterene|46/100
|-unboost|p1a: Ninetales|spa|2
|
|-weather|SunnyDay|[upkeep]
|upkeep
|turn|2
|inactive|the 2nd clawming has 120 seconds left.
|
|t:|1779803835
|switch|p1a: Tinkaton|Tinkaton, F|100/100
|-ability|p1a: Tinkaton|Mold Breaker
|-item|p1a: Tinkaton|Air Balloon
|move|p2a: Hatterene|Pain Split|p1a: Tinkaton
|-sethp|p1a: Tinkaton|70/100|[from] move: Pain Split|[silent]
|-sethp|p2a: Hatterene|82/100|[from] move: Pain Split
|
|-weather|SunnyDay|[upkeep]
|upkeep
|turn|3
|inactive|the 2nd clawming has 120 seconds left.
|
|t:|1779803851
|switch|p2a: Iron Treads|Iron Treads|100/100
|-item|p2a: Iron Treads|Air Balloon
|move|p1a: Tinkaton|Stealth Rock|p2a: Iron Treads
|-sidestart|p2: wxdwxdwxd|move: Stealth Rock
|
|-weather|SunnyDay|[upkeep]
|upkeep
|turn|4
|inactive|the 2nd clawming has 120 seconds left.
|
|t:|1779803859
|switch|p1a: Great Tusk|Great Tusk|100/100
|-activate|p1a: Great Tusk|ability: Protosynthesis
|-start|p1a: Great Tusk|protosynthesisatk
|move|p2a: Iron Treads|Rapid Spin|p1a: Great Tusk
|-damage|p1a: Great Tusk|89/100
|-boost|p2a: Iron Treads|spe|1
|-sideend|p2: wxdwxdwxd|Stealth Rock|[from] move: Rapid Spin|[of] p2a: Iron Treads
|
|-weather|SunnyDay|[upkeep]
|upkeep
|turn|5
|
|t:|1779803871
|-end|p2a: Iron Treads|Quark Drive|[silent]
|switch|p2a: Zapdos|Zapdos|100/100
|-end|p1a: Great Tusk|Protosynthesis|[silent]
|switch|p1a: Escanor|Scovillain, M|100/100
|
|-weather|SunnyDay|[upkeep]
|upkeep
|turn|6
|
|t:|1779803883
|-terastallize|p1a: Escanor|Fire
|move|p1a: Escanor|Flamethrower|p2a: Zapdos
|-damage|p2a: Zapdos|0 fnt
|faint|p2a: Zapdos
|
|-weather|SunnyDay|[upkeep]
|upkeep
|
|t:|1779803892
|switch|p2a: Ogerpon|Ogerpon-Cornerstone, F|100/100
|turn|7
|
|t:|1779803913
|switch|p1a: Tinkaton|Tinkaton, F|70/100
|-ability|p1a: Tinkaton|Mold Breaker
|-item|p1a: Tinkaton|Air Balloon
|move|p2a: Ogerpon|Ivy Cudgel|p1a: Tinkaton|[anim] Ivy Cudgel Rock
|-resisted|p1a: Tinkaton
|-damage|p1a: Tinkaton|36/100
|-enditem|p1a: Tinkaton|Air Balloon
|
|-weather|SunnyDay|[upkeep]
|upkeep
|turn|8
|
|t:|1779803934
|move|p2a: Ogerpon|Low Kick|p1a: Tinkaton
|-damage|p1a: Tinkaton|0 fnt
|faint|p1a: Tinkaton
|
|-weather|none
|upkeep
|
|t:|1779803940
|switch|p1a: Great Tusk|Great Tusk|89/100
|turn|9
|inactive|the 2nd clawming has 120 seconds left.
|
|t:|1779803961
|switch|p2a: Iron Treads|Iron Treads|100/100
|-item|p2a: Iron Treads|Air Balloon
|-end|p1a: Great Tusk|Protosynthesis|[silent]
|switch|p1a: Ninetales|Ninetales, F|64/100
|-weather|SunnyDay|[from] ability: Drought|[of] p1a: Ninetales
|
|-weather|SunnyDay|[upkeep]
|upkeep
|turn|10
|inactive|the 2nd clawming has 120 seconds left.
|
|t:|1779803987
|-terastallize|p2a: Iron Treads|Fire
|move|p2a: Iron Treads|Earthquake|p1a: Ninetales
|-supereffective|p1a: Ninetales
|-damage|p1a: Ninetales|0 fnt
|faint|p1a: Ninetales
|
|-weather|SunnyDay|[upkeep]
|upkeep
|
|t:|1779803991
|switch|p1a: Walking Wake|Walking Wake|100/100
|-activate|p1a: Walking Wake|ability: Protosynthesis
|-start|p1a: Walking Wake|protosynthesisspe
|turn|11
|
|t:|1779804000
|-end|p2a: Iron Treads|Quark Drive|[silent]
|switch|p2a: Hatterene|Hatterene, F|82/100
|move|p1a: Walking Wake|Hydro Steam|p2a: Hatterene
|-damage|p2a: Hatterene|0 fnt
|faint|p2a: Hatterene
|-damage|p1a: Walking Wake|91/100|[from] item: Life Orb
|
|-weather|SunnyDay|[upkeep]
|upkeep
|
|t:|1779804006
|switch|p2a: Dragonite|Dragonite, M|100/100
|turn|12
|
|t:|1779804014
|move|p1a: Walking Wake|Flip Turn|p2a: Dragonite
|-resisted|p2a: Dragonite
|-damage|p2a: Dragonite|98/100
|-damage|p1a: Walking Wake|81/100|[from] item: Life Orb
|
|t:|1779804015
|-end|p1a: Walking Wake|Protosynthesis|[silent]
|switch|p1a: Mandibuzz|Mandibuzz, F|100/100|[from] Flip Turn
|move|p2a: Dragonite|Earthquake|p1a: Mandibuzz
|-immune|p1a: Mandibuzz
|
|-weather|SunnyDay|[upkeep]
|-heal|p2a: Dragonite|100/100|[from] item: Leftovers
|upkeep
|turn|13
|
|t:|1779804029
|switch|p2a: Iron Treads|Iron Treads, tera:Fire|100/100
|-item|p2a: Iron Treads|Air Balloon
|move|p1a: Mandibuzz|Foul Play|p2a: Iron Treads
|-damage|p2a: Iron Treads|60/100
|-enditem|p2a: Iron Treads|Air Balloon
|
|-weather|SunnyDay|[upkeep]
|upkeep
|turn|14
|
|t:|1779804035
|move|p2a: Iron Treads|Stealth Rock|p1a: Mandibuzz
|-sidestart|p1: the 2nd clawming|move: Stealth Rock
|move|p1a: Mandibuzz|U-turn|p2a: Iron Treads
|-resisted|p2a: Iron Treads
|-damage|p2a: Iron Treads|55/100
|
|t:|1779804040
|switch|p1a: Walking Wake|Walking Wake|81/100|[from] U-turn
|-damage|p1a: Walking Wake|69/100|[from] Stealth Rock
|-activate|p1a: Walking Wake|ability: Protosynthesis
|-start|p1a: Walking Wake|protosynthesisspe
|
|-weather|SunnyDay|[upkeep]
|upkeep
|turn|15
|
|t:|1779804045
|move|p1a: Walking Wake|Hydro Steam|p2a: Iron Treads
|-supereffective|p2a: Iron Treads
|-damage|p2a: Iron Treads|0 fnt
|faint|p2a: Iron Treads
|-end|p2a: Iron Treads|Quark Drive|[silent]
|-damage|p1a: Walking Wake|59/100|[from] item: Life Orb
|
|-weather|SunnyDay|[upkeep]
|upkeep
|
|t:|1779804053
|switch|p2a: Dragonite|Dragonite, M|100/100
|turn|16
|
|t:|1779804060
|move|p1a: Walking Wake|Draco Meteor|p2a: Dragonite
|-supereffective|p2a: Dragonite
|-damage|p2a: Dragonite|5/100
|-unboost|p1a: Walking Wake|spa|2
|-damage|p1a: Walking Wake|49/100|[from] item: Life Orb
|move|p2a: Dragonite|Substitute|p2a: Dragonite
|-fail|p2a: Dragonite|move: Substitute|[weak]
|
|-weather|none
|-end|p1a: Walking Wake|Protosynthesis
|-heal|p2a: Dragonite|11/100|[from] item: Leftovers
|upkeep
|turn|17
|
|t:|1779804068
|move|p1a: Walking Wake|Hydro Steam|p2a: Dragonite
|-resisted|p2a: Dragonite
|-damage|p2a: Dragonite|0 fnt
|faint|p2a: Dragonite
|-damage|p1a: Walking Wake|39/100|[from] item: Life Orb
|
|upkeep
|
|t:|1779804071
|switch|p2a: Ogerpon|Ogerpon-Cornerstone, F|100/100
|turn|18
|
|t:|1779804073
|move|p2a: Ogerpon|Swords Dance|p2a: Ogerpon
|-boost|p2a: Ogerpon|atk|2
|move|p1a: Walking Wake|Flip Turn|p2a: Ogerpon
|-damage|p2a: Ogerpon|72/100
|-damage|p1a: Walking Wake|30/100|[from] item: Life Orb
|
|t:|1779804081
|-end|p1a: Walking Wake|Protosynthesis|[silent]
|switch|p1a: Great Tusk|Great Tusk|89/100|[from] Flip Turn
|
|upkeep
|turn|19
|
|t:|1779804085
|move|p2a: Ogerpon|Power Whip|p1a: Great Tusk
|-supereffective|p1a: Great Tusk
|-crit|p1a: Great Tusk
|-damage|p1a: Great Tusk|0 fnt
|faint|p1a: Great Tusk
|-end|p1a: Great Tusk|Protosynthesis|[silent]
|
|upkeep
|
|t:|1779804088
|switch|p1a: Mandibuzz|Mandibuzz, F|100/100
|turn|20
|-message|the 2nd clawming forfeited.
|
|win|wxdwxdwxd
|raw|the 2nd clawming's rating: 1555 &rarr; <strong>1532</strong><br />(-23 for losing)
|raw|wxdwxdwxd's rating: 1508 &rarr; <strong>1531</strong><br />(+23 for winning)
|l|☆the 2nd clawming
|player|p1|
|l|☆wxdwxdwxd
|player|p2|
