|j|☆jessies boyfriend
|j|☆varimare
|t:|1779934981
|gametype|singles
|player|p1|jessies boyfriend|brock|1423
|player|p2|varimare|alder|1469
|gen|9
|tier|[Gen 9] OU
|rated|
|rule|HP Percentage Mod: HP is shown in percentages
|rule|Endless Battle Clause: Forcing endless battles is banned
|rule|Species Clause: Limit one of each Pokémon
|rule|OHKO Clause: OHKO moves are banned
|rule|Evasion Items Clause: Evasion items are banned
|rule|Evasion Moves Clause: Evasion moves are banned
|rule|Evasion Abilities Clause: Evasion abilities are banned
|rule|Sleep Moves Clause: Sleep-inducing moves are banned
|clearpoke
|poke|p1|Houndstone, F|
|poke|p1|Glimmora, M|
|poke|p1|Scrafty, F|
|poke|p1|Samurott-Hisui, F|
|poke|p1|Great Tusk|
|poke|p1|Milotic, M|
|poke|p2|Samurott-Hisui, F|
|poke|p2|Ceruledge, M|
|poke|p2|Gholdengo|
|poke|p2|Raging Bolt|
|poke|p2|Kingambit, F|
|poke|p2|Corviknight, M|
|teampreview
|inactive|Battle timer is ON: inactive players will automatically lose when time's up. (requested by jessies boyfriend)
|
|t:|1779935001
|teamsize|p1|6
|teamsize|p2|6
|start
|switch|p1a: Glimmora|Glimmora, M|100/100
|switch|p2a: Raging Bolt|Raging Bolt|100/100
|-item|p1a: Glimmora|Air Balloon
|turn|1
|
|t:|1779935007
|move|p1a: Glimmora|Toxic Spikes|p2a: Raging Bolt
|-sidestart|p2: varimare|move: Toxic Spikes
|move|p2a: Raging Bolt|Draco Meteor|p1a: Glimmora
|-damage|p1a: Glimmora|13/100
|-unboost|p2a: Raging Bolt|spa|2
|-enditem|p1a: Glimmora|Air Balloon
|
|upkeep
|turn|2
|
|t:|1779935017
|move|p1a: Glimmora|Toxic Spikes|p2a: Raging Bolt
|-sidestart|p2: varimare|move: Toxic Spikes
|move|p2a: Raging Bolt|Draco Meteor|p1a: Glimmora
|-damage|p1a: Glimmora|0 fnt
|-unboost|p2a: Raging Bolt|spa|2
|faint|p1a: Glimmora
|
|upkeep
|
|t:|1779935022
|switch|p1a: Samurott|Samurott-Hisui, F, shiny|100/100
|turn|3
|
|t:|1779935026
|-end|p2a: Raging Bolt|Protosynthesis|[silent]
|switch|p2a: Corviknight|Corviknight, M|100/100
|-ability|p2a: Corviknight|Pressure
|move|p1a: Samurott|Ceaseless Edge|p2a: Corviknight
|-damage|p2a: Corviknight|81/100
|-damage|p1a: Samurott|84/100|[from] item: Rocky Helmet|[of] p2a: Corviknight
|-sidestart|p2: varimare|Spikes
|
|upkeep
|turn|4
|
|t:|1779935029
|switch|p1a: Milotic|Milotic, M|100/100
|move|p2a: Corviknight|Defog|p1a: Milotic
|-unboost|p1a: Milotic|evasion|1
|-ability|p1a: Milotic|Competitive|boost
|-boost|p1a: Milotic|spa|2
|-sideend|p2: varimare|Spikes|[from] move: Defog|[of] p2a: Corviknight
|-sideend|p2: varimare|Toxic Spikes|[from] move: Defog|[of] p2a: Corviknight
|
|upkeep
|turn|5
|
|t:|1779935032
|move|p1a: Milotic|Scald|p2a: Corviknight
|-damage|p2a: Corviknight|1/100
|move|p2a: Corviknight|U-turn|p1a: Milotic
|-damage|p1a: Milotic|87/100
|
|t:|1779935036
|switch|p2a: Raging Bolt|Raging Bolt|100/100|[from] U-turn
|
|upkeep
|turn|6
|
|t:|1779935042
|-terastallize|p1a: Milotic|Fairy
|move|p2a: Raging Bolt|Calm Mind|p2a: Raging Bolt
|-boost|p2a: Raging Bolt|spa|1
|-boost|p2a: Raging Bolt|spd|1
|move|p1a: Milotic|Draining Kiss|p2a: Raging Bolt
|-supereffective|p2a: Raging Bolt
|-damage|p2a: Raging Bolt|29/100
|-heal|p1a: Milotic|100/100|[from] drain|[of] p2a: Raging Bolt
|
|-heal|p2a: Raging Bolt|36/100|[from] item: Leftovers
|upkeep
|turn|7
|
|t:|1779935051
|move|p2a: Raging Bolt|Thunderbolt|p1a: Milotic
|-damage|p1a: Milotic|63/100
|move|p1a: Milotic|Draining Kiss|p2a: Raging Bolt
|-supereffective|p2a: Raging Bolt
|-damage|p2a: Raging Bolt|0 fnt
|-heal|p1a: Milotic|90/100|[from] drain|[of] p2a: Raging Bolt
|faint|p2a: Raging Bolt
|-end|p2a: Raging Bolt|Protosynthesis|[silent]
|
|upkeep
|
|t:|1779935055
|switch|p2a: Kingambit|Kingambit, F|100/100
|-activate|p2a: Kingambit|ability: Supreme Overlord
|-start|p2a: Kingambit|fallen1|[silent]
|turn|8
|
|t:|1779935059
|move|p1a: Milotic|Scald|p2a: Kingambit
|-damage|p2a: Kingambit|33/100
|-status|p2a: Kingambit|brn
|move|p2a: Kingambit|Iron Head|p1a: Milotic
|-supereffective|p1a: Milotic
|-damage|p1a: Milotic|40/100
|
|-damage|p2a: Kingambit|27/100 brn|[from] brn
|upkeep
|turn|9
|
|t:|1779935069
|move|p1a: Milotic|Draining Kiss|p2a: Kingambit
|-damage|p2a: Kingambit|0 fnt
|-heal|p1a: Milotic|61/100|[from] drain|[of] p2a: Kingambit
|faint|p2a: Kingambit
|-end|p2a: Kingambit|fallen1|[silent]
|
|upkeep
|
|t:|1779935073
|switch|p2a: Gholdengo|Gholdengo|100/100
|turn|10
|
|t:|1779935075
|move|p2a: Gholdengo|Make It Rain|p1a: Milotic
|-supereffective|p1a: Milotic
|-damage|p1a: Milotic|0 fnt
|-unboost|p2a: Gholdengo|spa|1
|faint|p1a: Milotic
|
|upkeep
|
|t:|1779935082
|switch|p1a: Samurott|Samurott-Hisui, F, shiny|84/100
|turn|11
|
|t:|1779935086
|switch|p2a: Samurott|Samurott-Hisui, F|100/100
|move|p1a: Samurott|Ceaseless Edge|p2a: Samurott
|-resisted|p2a: Samurott
|-damage|p2a: Samurott|81/100
|-sidestart|p2: varimare|Spikes
|
|upkeep
|turn|12
|
|t:|1779935092
|move|p2a: Samurott|Ceaseless Edge|p1a: Samurott
|-resisted|p1a: Samurott
|-crit|p1a: Samurott
|-damage|p1a: Samurott|56/100
|-sidestart|p1: jessies boyfriend|Spikes
|move|p1a: Samurott|Ceaseless Edge|p2a: Samurott
|-resisted|p2a: Samurott
|-damage|p2a: Samurott|62/100
|-sidestart|p2: varimare|Spikes
|
|upkeep
|turn|13
|
|t:|1779935101
|move|p2a: Samurott|Ceaseless Edge|p1a: Samurott
|-resisted|p1a: Samurott
|-damage|p1a: Samurott|36/100
|-sidestart|p1: jessies boyfriend|Spikes
|move|p1a: Samurott|Ceaseless Edge|p2a: Samurott|[miss]
|-miss|p1a: Samurott|p2a: Samurott
|
|upkeep
|turn|14
|
|t:|1779935107
|move|p2a: Samurott|Ceaseless Edge|p1a: Samurott
|-resisted|p1a: Samurott
|-damage|p1a: Samurott|15/100
|-sidestart|p1: jessies boyfriend|Spikes
|move|p1a: Samurott|Ceaseless Edge|p2a: Samurott
|-resisted|p2a: Samurott
|-damage|p2a: Samurott|43/100
|-sidestart|p2: varimare|Spikes
|
|upkeep
|turn|15
|
|t:|1779935119
|move|p2a: Samurott|Razor Shell|p1a: Samurott
|-resisted|p1a: Samurott
|-damage|p1a: Samurott|0 fnt
|faint|p1a: Samurott
|
|upkeep
|
|t:|1779935124
|switch|p1a: Scrafty|Scrafty, F, shiny|100/100
|-damage|p1a: Scrafty|76/100|[from] Spikes
|-ability|p1a: Scrafty|Intimidate|boost
|-unboost|p2a: Samurott|atk|1
|turn|16
|
|t:|1779935131
|move|p2a: Samurott|Razor Shell|p1a: Scrafty
|-damage|p1a: Scrafty|51/100
|move|p1a: Scrafty|Drain Punch|p2a: Samurott
|-supereffective|p2a: Samurott
|-damage|p2a: Samurott|0 fnt
|-heal|p1a: Scrafty|76/100|[from] drain|[of] p2a: Samurott
|faint|p2a: Samurott
|
|upkeep
|
|t:|1779935140
|switch|p2a: Gholdengo|Gholdengo|100/100
|turn|17
|
|t:|1779935142
|move|p2a: Gholdengo|Dazzling Gleam|p1a: Scrafty
|-supereffective|p1a: Scrafty
|-damage|p1a: Scrafty|5/100
|move|p1a: Scrafty|Knock Off|p2a: Gholdengo
|-supereffective|p2a: Gholdengo
|-damage|p2a: Gholdengo|26/100
|-enditem|p2a: Gholdengo|Heavy-Duty Boots|[from] move: Knock Off|[of] p1a: Scrafty
|
|upkeep
|turn|18
|
|t:|1779935155
|move|p2a: Gholdengo|Shadow Ball|p1a: Scrafty
|-resisted|p1a: Scrafty
|-damage|p1a: Scrafty|0 fnt
|faint|p1a: Scrafty
|
|upkeep
|
|t:|1779935161
|switch|p1a: Houndstone|Houndstone, F|100/100
|-damage|p1a: Houndstone|76/100|[from] Spikes
|turn|19
|
|t:|1779935170
|move|p1a: Houndstone|Protect|p1a: Houndstone
|-singleturn|p1a: Houndstone|Protect
|move|p2a: Gholdengo|Make It Rain|p1a: Houndstone
|-activate|p1a: Houndstone|move: Protect
|
|-heal|p1a: Houndstone|82/100|[from] item: Leftovers
|upkeep
|turn|20
|
|t:|1779935174
|move|p2a: Gholdengo|Shadow Ball|p1a: Houndstone
|-supereffective|p1a: Houndstone
|-damage|p1a: Houndstone|14/100
|move|p1a: Houndstone|Phantom Force||[still]
|-prepare|p1a: Houndstone|Phantom Force
|
|-heal|p1a: Houndstone|20/100|[from] item: Leftovers
|upkeep
|turn|21
|
|t:|1779935177
|move|p2a: Gholdengo|Shadow Ball|p1a: Houndstone|[miss]
|-miss|p2a: Gholdengo|p1a: Houndstone
|move|p1a: Houndstone|Phantom Force|p2a: Gholdengo|[from] lockedmove
|-supereffective|p2a: Gholdengo
|-damage|p2a: Gholdengo|0 fnt
|faint|p2a: Gholdengo
|
|-heal|p1a: Houndstone|26/100|[from] item: Leftovers
|upkeep
|
|t:|1779935183
|switch|p2a: Ceruledge|Ceruledge, M|100/100
|-damage|p2a: Ceruledge|76/100|[from] Spikes
|turn|22
|
|t:|1779935191
|move|p2a: Ceruledge|Poltergeist|p1a: Houndstone
|-activate|p1a: Houndstone|move: Poltergeist|Leftovers
|-supereffective|p1a: Houndstone
|-damage|p1a: Houndstone|0 fnt
|faint|p1a: Houndstone
|
|upkeep
|
|t:|1779935192
|switch|p1a: Great Tusk|Great Tusk|100/100
|-damage|p1a: Great Tusk|76/100|[from] Spikes
|turn|23
|
|t:|1779935199
|-terastallize|p2a: Ceruledge|Fighting
|move|p2a: Ceruledge|Bitter Blade|p1a: Great Tusk
|-damage|p1a: Great Tusk|51/100
|-heal|p2a: Ceruledge|94/100|[from] drain|[of] p1a: Great Tusk
|move|p1a: Great Tusk|Stealth Rock|p2a: Ceruledge
|-sidestart|p2: varimare|move: Stealth Rock
|
|-heal|p1a: Great Tusk|58/100|[from] item: Leftovers
|upkeep
|turn|24
|
|t:|1779935211
|move|p2a: Ceruledge|Bitter Blade|p1a: Great Tusk
|-damage|p1a: Great Tusk|36/100
|-heal|p2a: Ceruledge|100/100|[from] drain|[of] p1a: Great Tusk
|move|p1a: Great Tusk|Body Press|p2a: Ceruledge
|-damage|p2a: Ceruledge|30/100
|-ability|p2a: Ceruledge|Weak Armor|boost
|-unboost|p2a: Ceruledge|def|1
|-boost|p2a: Ceruledge|spe|2
|
|-heal|p1a: Great Tusk|42/100|[from] item: Leftovers
|upkeep
|turn|25
|l|☆jessies boyfriend
|inactive|jessies boyfriend disconnected and has a minute to reconnect!
|player|p1|
|
|t:|1779935230
|move|p2a: Ceruledge|Poltergeist|p1a: Great Tusk
|-activate|p1a: Great Tusk|move: Poltergeist|Leftovers
|-damage|p1a: Great Tusk|16/100
|move|p1a: Great Tusk|Body Press|p2a: Ceruledge
|-damage|p2a: Ceruledge|0 fnt
|faint|p2a: Ceruledge
|
|-heal|p1a: Great Tusk|22/100|[from] item: Leftovers
|upkeep
|
|t:|1779935231
|switch|p2a: Corviknight|Corviknight, M|1/100
|-damage|p2a: Corviknight|0 fnt|[from] Stealth Rock
|faint|p2a: Corviknight
|
|win|jessies boyfriend
|raw|jessies boyfriend's rating: 1423 &rarr; <strong>1446</strong><br />(+23 for winning)
|raw|varimare's rating: 1469 &rarr; <strong>1446</strong><br />(-23 for losing)
|l|☆varimare
|player|p2|
|j|☆jessies boyfriend
|player|p1|jessies boyfriend|brock|
|l|☆jessies boyfriend
|player|p1|
