|j|☆SgtBrick14
|j|☆itkenreiza
|t:|1779946834
|gametype|singles
|player|p1|SgtBrick14|pokemonranger|1333
|player|p2|itkenreiza|169|1319
|gen|9
|tier|[Gen 9] OU
|rated|
|rule|HP Percentage Mod: HP is shown in percentages
|rule|Endless Battle Clause: Forcing endless battles is banned
|rule|Species Clause: Limit one of each Pokémon
|rule|OHKO Clause: OHKO moves are banned
|rule|Evasion Items Clause: Evasion items are banned
|rule|Evasion Moves Clause: Evasion moves are banned
|rule|Evasion Abilities Clause: Evasion abilities are banned
|rule|Sleep Moves Clause: Sleep-inducing moves are banned
|clearpoke
|poke|p1|Glimmora, F|
|poke|p1|Rillaboom, M|
|poke|p1|Comfey, M|
|poke|p1|Cloyster, F|
|poke|p1|Deoxys-Speed|
|poke|p1|Gengar, F|
|poke|p2|Darkrai|
|poke|p2|Ogerpon, F|
|poke|p2|Iron Crown|
|poke|p2|Dragapult, F|
|poke|p2|Whimsicott, F|
|poke|p2|Rotom-Wash|
|teampreview
|inactive|Battle timer is ON: inactive players will automatically lose when time's up. (requested by itkenreiza)
|
|t:|1779946844
|teamsize|p1|6
|teamsize|p2|6
|start
|switch|p1a: Deoxys|Deoxys-Speed|100/100
|switch|p2a: Whimsicott|Whimsicott, F|100/100
|-ability|p1a: Deoxys|Pressure
|turn|1
|
|t:|1779946852
|move|p2a: Whimsicott|Stun Spore|p1a: Deoxys
|-status|p1a: Deoxys|par
|move|p1a: Deoxys|Taunt|p2a: Whimsicott
|-start|p2a: Whimsicott|move: Taunt
|
|upkeep
|turn|2
|
|t:|1779946855
|switch|p1a: Glimmora|Glimmora, F|100/100
|move|p2a: Whimsicott|Moonblast|p1a: Glimmora
|-resisted|p1a: Glimmora
|-damage|p1a: Glimmora|76/100
|
|upkeep
|turn|3
|inactive|SgtBrick14 has 120 seconds left.
|
|t:|1779946889
|switch|p2a: Iron Crown|Iron Crown|100/100
|-enditem|p2a: Iron Crown|Booster Energy
|-activate|p2a: Iron Crown|ability: Quark Drive|[fromitem]
|-start|p2a: Iron Crown|quarkdrivespe
|move|p1a: Glimmora|Sludge Wave|p2a: Iron Crown
|-immune|p2a: Iron Crown
|
|upkeep
|turn|4
|
|t:|1779946896
|switch|p1a: Deoxys|Deoxys-Speed|100/100 par
|-ability|p1a: Deoxys|Pressure
|move|p2a: Iron Crown|Tachyon Cutter|p1a: Deoxys
|-damage|p1a: Deoxys|64/100 par
|-damage|p1a: Deoxys|26/100 par
|-hitcount|p1a: Deoxys|2
|
|upkeep
|turn|5
|
|t:|1779946900
|move|p2a: Iron Crown|Tachyon Cutter|p1a: Deoxys
|-damage|p1a: Deoxys|0 fnt
|faint|p1a: Deoxys
|-hitcount|p1: Deoxys|1
|
|upkeep
|
|t:|1779946900
|switch|p1a: Gengar|Gengar, F|100/100
|turn|6
|
|t:|1779946903
|move|p2a: Iron Crown|Psyshock|p1a: Gengar
|-supereffective|p1a: Gengar
|-enditem|p1a: Gengar|Focus Sash
|-damage|p1a: Gengar|1/100
|-start|p2a: Iron Crown|Disable|Psyshock|[from] ability: Cursed Body|[of] p1a: Gengar
|move|p1a: Gengar|Shadow Ball|p2a: Iron Crown
|-supereffective|p2a: Iron Crown
|-damage|p2a: Iron Crown|17/100
|
|upkeep
|turn|7
|
|t:|1779946907
|move|p2a: Iron Crown|Tachyon Cutter|p1a: Gengar
|-damage|p1a: Gengar|0 fnt
|faint|p1a: Gengar
|-hitcount|p1: Gengar|1
|
|upkeep
|
|t:|1779946907
|switch|p1a: Rillaboom|Rillaboom, M|100/100
|-fieldstart|move: Grassy Terrain|[from] ability: Grassy Surge|[of] p1a: Rillaboom
|turn|8
|
|t:|1779946929
|move|p2a: Iron Crown|Tachyon Cutter|p1a: Rillaboom
|-damage|p1a: Rillaboom|66/100
|-damage|p1a: Rillaboom|37/100
|-hitcount|p1a: Rillaboom|2
|move|p1a: Rillaboom|Wood Hammer|p2a: Iron Crown
|-resisted|p2a: Iron Crown
|-damage|p2a: Iron Crown|0 fnt
|faint|p2a: Iron Crown
|-end|p2a: Iron Crown|Quark Drive|[silent]
|-damage|p1a: Rillaboom|32/100|[from] Recoil
|
|-heal|p1a: Rillaboom|38/100|[from] Grassy Terrain
|upkeep
|
|t:|1779946933
|switch|p2a: Whimsicott|Whimsicott, F|100/100
|turn|9
|
|t:|1779946940
|switch|p2a: Rotom|Rotom-Wash|100/100
|move|p1a: Rillaboom|Wood Hammer|p2a: Rotom
|-supereffective|p2a: Rotom
|-damage|p2a: Rotom|0 fnt
|-damage|p1a: Rillaboom|21/100|[from] item: Rocky Helmet|[of] p2a: Rotom
|faint|p2a: Rotom
|-damage|p1a: Rillaboom|0 fnt|[from] Recoil
|faint|p1a: Rillaboom
|
|upkeep
|
|t:|1779946948
|switch|p1a: Cloyster|Cloyster, F|100/100
|switch|p2a: Darkrai|Darkrai|100/100
|turn|10
|
|t:|1779946956
|move|p2a: Darkrai|Dark Pulse|p1a: Cloyster
|-enditem|p1a: Cloyster|Focus Sash
|-damage|p1a: Cloyster|1/100
|-damage|p2a: Darkrai|91/100|[from] item: Life Orb
|move|p1a: Cloyster|Icicle Spear|p2a: Darkrai
|-damage|p2a: Darkrai|73/100
|-damage|p2a: Darkrai|56/100
|-damage|p2a: Darkrai|38/100
|-damage|p2a: Darkrai|19/100
|-damage|p2a: Darkrai|0 fnt
|faint|p2a: Darkrai
|-hitcount|p2: Darkrai|5
|
|-heal|p1a: Cloyster|7/100|[from] Grassy Terrain
|upkeep
|
|t:|1779946961
|switch|p2a: Ogerpon|Ogerpon, F|100/100
|turn|11
|
|t:|1779946968
|move|p1a: Cloyster|Ice Shard|p2a: Ogerpon
|-supereffective|p2a: Ogerpon
|-damage|p2a: Ogerpon|55/100
|move|p2a: Ogerpon|Ivy Cudgel|p1a: Cloyster
|-supereffective|p1a: Cloyster
|-damage|p1a: Cloyster|0 fnt
|faint|p1a: Cloyster
|
|-heal|p2a: Ogerpon|61/100|[from] Grassy Terrain
|upkeep
|
|t:|1779946969
|switch|p1a: Glimmora|Glimmora, F|76/100
|turn|12
|
|t:|1779946971
|move|p2a: Ogerpon|Ivy Cudgel|p1a: Glimmora
|-damage|p1a: Glimmora|0 fnt
|-activate|p1a: Glimmora|ability: Toxic Debris
|-sidestart|p2: itkenreiza|move: Toxic Spikes
|faint|p1a: Glimmora
|
|-heal|p2a: Ogerpon|67/100|[from] Grassy Terrain
|upkeep
|
|t:|1779946973
|switch|p1a: Comfey|Comfey, M|100/100
|turn|13
|
|t:|1779946978
|-terastallize|p1a: Comfey|Grass
|move|p2a: Ogerpon|Ivy Cudgel|p1a: Comfey
|-resisted|p1a: Comfey
|-crit|p1a: Comfey
|-damage|p1a: Comfey|17/100
|move|p1a: Comfey|Calm Mind|p1a: Comfey
|-boost|p1a: Comfey|spa|1
|-boost|p1a: Comfey|spd|1
|
|-heal|p2a: Ogerpon|73/100|[from] Grassy Terrain
|-heal|p1a: Comfey|23/100|[from] Grassy Terrain
|upkeep
|turn|14
|
|t:|1779946981
|move|p1a: Comfey|Synthesis|p1a: Comfey
|-heal|p1a: Comfey|73/100
|move|p2a: Ogerpon|Ivy Cudgel|p1a: Comfey
|-resisted|p1a: Comfey
|-damage|p1a: Comfey|16/100
|
|-heal|p2a: Ogerpon|79/100|[from] Grassy Terrain
|-heal|p1a: Comfey|22/100|[from] Grassy Terrain
|upkeep
|turn|15
|
|t:|1779946989
|switch|p2a: Whimsicott|Whimsicott, F|100/100
|-status|p2a: Whimsicott|psn
|move|p1a: Comfey|Synthesis|p1a: Comfey
|-heal|p1a: Comfey|72/100
|
|-heal|p1a: Comfey|79/100|[from] Grassy Terrain
|-damage|p2a: Whimsicott|88/100 psn|[from] psn
|-fieldend|move: Grassy Terrain
|upkeep
|turn|16
|
|t:|1779946992
|move|p2a: Whimsicott|Encore|p1a: Comfey
|-start|p1a: Comfey|Encore
|move|p1a: Comfey|Synthesis|p1a: Comfey
|-heal|p1a: Comfey|100/100
|
|-damage|p2a: Whimsicott|76/100 psn|[from] psn
|upkeep
|turn|17
|inactive|SgtBrick14 has 120 seconds left.
|inactive|SgtBrick14 has 90 seconds left.
|inactive|SgtBrick14 has 60 seconds left.
|inactive|SgtBrick14 has 30 seconds left.
|inactive|SgtBrick14 has 20 seconds left.
|inactive|SgtBrick14 has 15 seconds left.
|inactive|SgtBrick14 has 10 seconds left.
|inactive|SgtBrick14 has 5 seconds left.
|-message|SgtBrick14 lost due to inactivity.
|
|win|itkenreiza
|raw|SgtBrick14's rating: 1333 &rarr; <strong>1312</strong><br />(-21 for losing)
|raw|itkenreiza's rating: 1319 &rarr; <strong>1340</strong><br />(+21 for winning)
|l|☆itkenreiza
|player|p2|
