|j|☆kakakahehehe
|j|☆Quagsires gf
|t:|1779972635
|gametype|singles
|player|p1|kakakahehehe|cynthia|1068
|player|p2|Quagsires gf|101|1117
|gen|9
|tier|[Gen 9] OU
|rated|
|rule|HP Percentage Mod: HP is shown in percentages
|rule|Endless Battle Clause: Forcing endless battles is banned
|rule|Species Clause: Limit one of each Pokémon
|rule|OHKO Clause: OHKO moves are banned
|rule|Evasion Items Clause: Evasion items are banned
|rule|Evasion Moves Clause: Evasion moves are banned
|rule|Evasion Abilities Clause: Evasion abilities are banned
|rule|Sleep Moves Clause: Sleep-inducing moves are banned
|clearpoke
|poke|p1|Masquerain, M|
|poke|p1|Infernape, M|
|poke|p1|Tsareena, F|
|poke|p1|Gastrodon-East, M|
|poke|p1|Pachirisu, F|
|poke|p1|Gardevoir, M|
|poke|p2|Mew|
|poke|p2|Gardevoir, M|
|poke|p2|Hypno, F|
|poke|p2|Volbeat, M|
|poke|p2|Hitmonlee, M|
|poke|p2|Pawmot, F|
|teampreview
|inactive|Battle timer is ON: inactive players will automatically lose when time's up. (requested by Quagsires gf)
|
|t:|1779972643
|teamsize|p1|6
|teamsize|p2|6
|start
|switch|p1a: Masquerain|Masquerain, M|100/100
|switch|p2a: Gardevoir|Gardevoir, M, shiny|100/100
|-ability|p1a: Masquerain|Intimidate|boost
|-unboost|p2a: Gardevoir|atk|1
|-ability|p2a: Gardevoir|Intimidate|Trace|[from] ability: Trace|[of] p1a: Masquerain
|-ability|p2a: Gardevoir|Intimidate|boost
|-unboost|p1a: Masquerain|atk|1
|turn|1
|
|t:|1779972654
|move|p1a: Masquerain|Quiver Dance|p1a: Masquerain
|-boost|p1a: Masquerain|spa|1
|-boost|p1a: Masquerain|spd|1
|-boost|p1a: Masquerain|spe|1
|move|p2a: Gardevoir|Substitute|p2a: Gardevoir
|-start|p2a: Gardevoir|Substitute
|-damage|p2a: Gardevoir|75/100
|
|upkeep
|turn|2
|
|t:|1779972662
|move|p1a: Masquerain|Bug Buzz|p2a: Gardevoir
|-damage|p2a: Gardevoir|26/100
|move|p2a: Gardevoir|Metronome|p2a: Gardevoir
|move|p2a: Gardevoir|Milk Drink|p2a: Gardevoir|[from] move: Metronome
|-heal|p2a: Gardevoir|76/100
|
|upkeep
|turn|3
|
|t:|1779972670
|move|p1a: Masquerain|Bug Buzz|p2a: Gardevoir
|-damage|p2a: Gardevoir|30/100
|move|p2a: Gardevoir|Teleport|p2a: Gardevoir
|
|t:|1779972686
|switch|p2a: Pawmot|Pawmot, F|100/100|[from] Teleport
|
|upkeep
|turn|4
|
|t:|1779972691
|move|p1a: Masquerain|Quiver Dance|p1a: Masquerain
|-boost|p1a: Masquerain|spa|1
|-boost|p1a: Masquerain|spd|1
|-boost|p1a: Masquerain|spe|1
|move|p2a: Pawmot|Nuzzle|p1a: Masquerain
|-supereffective|p1a: Masquerain
|-damage|p1a: Masquerain|68/100
|-status|p1a: Masquerain|par
|
|upkeep
|turn|5
|
|t:|1779972702
|move|p2a: Pawmot|Double Shock|p1a: Masquerain
|-supereffective|p1a: Masquerain
|-damage|p1a: Masquerain|0 fnt
|-start|p2a: Pawmot|typechange|???/Fighting|[from] move: Double Shock
|faint|p1a: Masquerain
|
|upkeep
|
|t:|1779972712
|switch|p1a: Tsareena|Tsareena, F|100/100
|turn|6
|
|t:|1779972717
|move|p2a: Pawmot|Nuzzle|p1a: Tsareena
|-resisted|p1a: Tsareena
|-damage|p1a: Tsareena|97/100
|-status|p1a: Tsareena|par
|move|p1a: Tsareena|Trop Kick|p2a: Pawmot
|-damage|p2a: Pawmot|32/100
|-unboost|p2a: Pawmot|atk|1
|
|upkeep
|turn|7
|
|t:|1779972725
|switch|p2a: Gardevoir|Gardevoir, M, shiny|30/100
|-ability|p2a: Gardevoir|Queenly Majesty|Trace|[from] ability: Trace|[of] p1a: Tsareena
|cant|p1a: Tsareena|par
|
|upkeep
|turn|8
|-activate|p2a: Gardevoir|item: Quick Claw
|
|t:|1779972732
|move|p2a: Gardevoir|Substitute|p2a: Gardevoir
|-start|p2a: Gardevoir|Substitute
|-damage|p2a: Gardevoir|5/100
|move|p1a: Tsareena|Trop Kick|p2a: Gardevoir
|-end|p2a: Gardevoir|Substitute
|
|upkeep
|turn|9
|-activate|p2a: Gardevoir|item: Quick Claw
|
|t:|1779972739
|move|p2a: Gardevoir|Wish|p2a: Gardevoir
|cant|p1a: Tsareena|par
|
|upkeep
|turn|10
|
|t:|1779972746
|move|p2a: Gardevoir|Metronome|p2a: Gardevoir
|move|p2a: Gardevoir|Horn Drill|p1a: Tsareena|[from] move: Metronome|[miss]
|-miss|p2a: Gardevoir|p1a: Tsareena
|cant|p1a: Tsareena|par
|
|-heal|p2a: Gardevoir|55/100|[from] move: Wish|[wisher] Gardevoir
|upkeep
|turn|11
|
|t:|1779972754
|move|p2a: Gardevoir|Wish|p2a: Gardevoir
|move|p1a: Tsareena|Knock Off|p2a: Gardevoir
|-damage|p2a: Gardevoir|7/100
|-enditem|p2a: Gardevoir|Quick Claw|[from] move: Knock Off|[of] p1a: Tsareena
|
|upkeep
|turn|12
|
|t:|1779972759
|move|p2a: Gardevoir|Metronome|p2a: Gardevoir
|move|p2a: Gardevoir|Volt Tackle|p1a: Tsareena|[from] move: Metronome
|-resisted|p1a: Tsareena
|-damage|p1a: Tsareena|88/100 par
|-damage|p2a: Gardevoir|4/100|[from] Recoil
|move|p1a: Tsareena|Trop Kick|p2a: Gardevoir
|-damage|p2a: Gardevoir|0 fnt
|faint|p2a: Gardevoir
|
|upkeep
|
|t:|1779972774
|switch|p2a: Volbeat|Volbeat, M, shiny|100/100
|turn|13
|
|t:|1779972778
|move|p2a: Volbeat|Confuse Ray||[still]
|cant|p1a: Tsareena|ability: Queenly Majesty|Confuse Ray|[of] p2a: Volbeat
|cant|p1a: Tsareena|par
|
|upkeep
|turn|14
|
|t:|1779972784
|switch|p2a: Hypno|Hypno, F, shiny|100/100
|cant|p1a: Tsareena|par
|
|upkeep
|turn|15
|-activate|p2a: Hypno|item: Quick Claw
|
|t:|1779972792
|move|p2a: Hypno|Skill Swap|p1a: Tsareena
|-activate|p2a: Hypno|Skill Swap|Queenly Majesty|Insomnia|[of] p1a: Tsareena
|cant|p1a: Tsareena|par
|
|upkeep
|turn|16
|-activate|p2a: Hypno|item: Quick Claw
|
|t:|1779972798
|move|p2a: Hypno|Psychic Noise|p1a: Tsareena
|-damage|p1a: Tsareena|67/100 par
|-start|p1a: Tsareena|move: Heal Block
|move|p1a: Tsareena|Knock Off|p2a: Hypno
|-supereffective|p2a: Hypno
|-damage|p2a: Hypno|28/100
|-enditem|p2a: Hypno|Quick Claw|[from] move: Knock Off|[of] p1a: Tsareena
|
|upkeep
|turn|17
|
|t:|1779972808
|move|p2a: Hypno|Draining Kiss|p1a: Tsareena
|-damage|p1a: Tsareena|58/100 par
|-heal|p2a: Hypno|35/100|[from] drain|[of] p1a: Tsareena
|move|p1a: Tsareena|Knock Off|p2a: Hypno
|-supereffective|p2a: Hypno
|-damage|p2a: Hypno|0 fnt
|faint|p2a: Hypno
|
|-end|p1a: Tsareena|move: Heal Block
|upkeep
|
|t:|1779972816
|switch|p2a: Volbeat|Volbeat, M, shiny|100/100
|turn|18
|
|t:|1779972819
|move|p2a: Volbeat|Confuse Ray|p1a: Tsareena
|-start|p1a: Tsareena|confusion
|-activate|p1a: Tsareena|confusion
|move|p1a: Tsareena|Acrobatics|p2a: Volbeat
|-supereffective|p2a: Volbeat
|-damage|p2a: Volbeat|11/100
|
|-heal|p2a: Volbeat|17/100|[from] item: Leftovers
|upkeep
|turn|19
|
|t:|1779972826
|move|p2a: Volbeat|Mud-Slap|p1a: Tsareena
|-resisted|p1a: Tsareena
|-damage|p1a: Tsareena|57/100 par
|-unboost|p1a: Tsareena|accuracy|1
|-end|p1a: Tsareena|confusion
|move|p1a: Tsareena|Acrobatics|p2a: Volbeat
|-supereffective|p2a: Volbeat
|-damage|p2a: Volbeat|0 fnt
|faint|p2a: Volbeat
|
|upkeep
|
|t:|1779972829
|switch|p2a: Pawmot|Pawmot, F|32/100
|turn|20
|
|t:|1779972836
|move|p2a: Pawmot|Revival Blessing|p2a: Pawmot
|-enditem|p2a: Pawmot|Leppa Berry|[eat]
|-activate|p2a: Pawmot|item: Leppa Berry|Revival Blessing|[consumed]
|
|t:|1779972839
|-heal|p2: Gardevoir|50/100|[from] move: Revival Blessing
|move|p1a: Tsareena|Trop Kick|p2a: Pawmot
|-damage|p2a: Pawmot|0 fnt
|faint|p2a: Pawmot
|
|upkeep
|
|t:|1779972841
|switch|p2a: Mew|Mew, shiny|100/100
|turn|21
|
|t:|1779972848
|move|p2a: Mew|Flip Turn|p1a: Tsareena
|-resisted|p1a: Tsareena
|-damage|p1a: Tsareena|50/100 par
|
|t:|1779972850
|switch|p2a: Gardevoir|Gardevoir, M, shiny|50/100|[from] Flip Turn
|-ability|p2a: Gardevoir|Insomnia|Trace|[from] ability: Trace|[of] p1a: Tsareena
|move|p1a: Tsareena|Knock Off|p2a: Gardevoir
|-damage|p2a: Gardevoir|17/100
|
|upkeep
|turn|22
|
|t:|1779972858
|move|p2a: Gardevoir|Metronome|p2a: Gardevoir
|move|p2a: Gardevoir|Superpower|p1a: Tsareena|[from] move: Metronome
|-damage|p1a: Tsareena|31/100 par
|-unboost|p2a: Gardevoir|atk|1
|-unboost|p2a: Gardevoir|def|1
|move|p1a: Tsareena|Knock Off|p2a: Gardevoir|[miss]
|-miss|p1a: Tsareena|p2a: Gardevoir
|
|upkeep
|turn|23
|
|t:|1779972866
|move|p2a: Gardevoir|Metronome|p2a: Gardevoir
|move|p2a: Gardevoir|Fiery Dance|p1a: Tsareena|[from] move: Metronome
|-supereffective|p1a: Tsareena
|-damage|p1a: Tsareena|0 fnt
|-boost|p2a: Gardevoir|spa|1
|faint|p1a: Tsareena
|
|upkeep
|
|t:|1779972878
|switch|p1a: Gastrodon|Gastrodon-East, M|100/100
|turn|24
|
|t:|1779972883
|switch|p2a: Mew|Mew, shiny|100/100
|move|p1a: Gastrodon|Sludge Bomb|p2a: Mew
|-damage|p2a: Mew|75/100
|
|upkeep
|turn|25
|
|t:|1779972890
|switch|p2a: Gardevoir|Gardevoir, M, shiny|17/100
|-ability|p2a: Gardevoir|Storm Drain|Trace|[from] ability: Trace|[of] p1a: Gastrodon
|move|p1a: Gastrodon|Muddy Water|p2a: Gardevoir
|-ability|p2a: Gardevoir|Storm Drain|boost
|-boost|p2a: Gardevoir|spa|1
|
|upkeep
|turn|26
|
|t:|1779972899
|move|p2a: Gardevoir|Metronome|p2a: Gardevoir
|move|p2a: Gardevoir|Confusion|p1a: Gastrodon|[from] move: Metronome
|-damage|p1a: Gastrodon|68/100
|move|p1a: Gastrodon|Earth Power|p2a: Gardevoir
|-damage|p2a: Gardevoir|0 fnt
|faint|p2a: Gardevoir
|
|upkeep
|
|t:|1779972905
|switch|p2a: Hitmonlee|Hitmonlee, M, shiny|100/100
|turn|27
|
|t:|1779972910
|move|p2a: Hitmonlee|Fake Out|p1a: Gastrodon
|-enditem|p2a: Hitmonlee|Normal Gem|[from] gem
|-crit|p1a: Gastrodon
|-damage|p1a: Gastrodon|39/100
|-damage|p2a: Hitmonlee|84/100|[from] item: Rocky Helmet|[of] p1a: Gastrodon
|cant|p1a: Gastrodon|flinch
|
|upkeep
|turn|28
|
|t:|1779972915
|move|p2a: Hitmonlee|Knock Off|p1a: Gastrodon
|-damage|p1a: Gastrodon|3/100
|-damage|p2a: Hitmonlee|67/100|[from] item: Rocky Helmet|[of] p1a: Gastrodon
|-enditem|p1a: Gastrodon|Rocky Helmet|[from] move: Knock Off|[of] p2a: Hitmonlee
|move|p1a: Gastrodon|Muddy Water|p2a: Hitmonlee
|-damage|p2a: Hitmonlee|10/100
|-unboost|p2a: Hitmonlee|accuracy|1
|
|upkeep
|turn|29
|
|t:|1779972925
|move|p2a: Hitmonlee|Metronome|p2a: Hitmonlee
|move|p2a: Hitmonlee|Last Respects|p1a: Gastrodon|[from] move: Metronome
|-damage|p1a: Gastrodon|0 fnt
|faint|p1a: Gastrodon
|
|upkeep
|
|t:|1779972934
|switch|p1a: Infernape|Infernape, M|100/100
|turn|30
|
|t:|1779972940
|move|p2a: Hitmonlee|Metronome|p2a: Hitmonlee
|move|p2a: Hitmonlee|Sacred Sword|p1a: Infernape|[from] move: Metronome|[miss]
|-miss|p2a: Hitmonlee|p1a: Infernape
|move|p1a: Infernape|Fire Punch|p2a: Hitmonlee
|-damage|p2a: Hitmonlee|0 fnt
|faint|p2a: Hitmonlee
|-damage|p1a: Infernape|91/100|[from] item: Life Orb
|
|upkeep
|
|t:|1779972946
|switch|p2a: Mew|Mew, shiny|75/100
|turn|31
|
|t:|1779972949
|move|p2a: Mew|Psychic Fangs|p1a: Infernape
|-supereffective|p1a: Infernape
|-crit|p1a: Infernape
|-damage|p1a: Infernape|0 fnt
|faint|p1a: Infernape
|
|upkeep
|
|t:|1779972954
|switch|p1a: Pachirisu|Pachirisu, F|100/100
|turn|32
|
|t:|1779972961
|-terastallize|p2a: Mew|Psychic
|move|p2a: Mew|Psychic Fangs|p1a: Pachirisu
|-damage|p1a: Pachirisu|37/100
|move|p1a: Pachirisu|Nuzzle|p2a: Mew
|-damage|p2a: Mew|71/100
|-status|p2a: Mew|par
|-activate|p2a: Mew|ability: Synchronize
|-immune|p1a: Pachirisu
|
|upkeep
|turn|33
|
|t:|1779972976
|move|p1a: Pachirisu|Super Fang|p2a: Mew
|-damage|p2a: Mew|36/100 par
|move|p2a: Mew|Psychic Fangs|p1a: Pachirisu
|-crit|p1a: Pachirisu
|-damage|p1a: Pachirisu|0 fnt
|faint|p1a: Pachirisu
|
|upkeep
|
|t:|1779972981
|switch|p1a: Gardevoir|Gardevoir, M|100/100
|turn|34
|
|t:|1779972987
|move|p1a: Gardevoir|Mystical Fire|p2a: Mew
|-damage|p2a: Mew|13/100 par
|-unboost|p2a: Mew|spa|1
|move|p2a: Mew|Psychic Fangs|p1a: Gardevoir
|-resisted|p1a: Gardevoir
|-damage|p1a: Gardevoir|67/100
|
|upkeep
|turn|35
|
|t:|1779972994
|move|p1a: Gardevoir|Mystical Fire|p2a: Mew
|-crit|p2a: Mew
|-damage|p2a: Mew|0 fnt
|faint|p2a: Mew
|
|win|kakakahehehe
|raw|kakakahehehe's rating: 1068 &rarr; <strong>1102</strong><br />(+34 for winning)
|raw|Quagsires gf's rating: 1117 &rarr; <strong>1088</strong><br />(-29 for losing)
|l|☆kakakahehehe
|player|p1|
