|j|☆sargentomichoo
|j|☆sufydragon
|t:|1779871696
|gametype|singles
|player|p1|sargentomichoo|170|1151
|player|p2|sufydragon|n|1183
|gen|9
|tier|[Gen 9] OU
|rated|
|rule|HP Percentage Mod: HP is shown in percentages
|rule|Endless Battle Clause: Forcing endless battles is banned
|rule|Species Clause: Limit one of each Pokémon
|rule|OHKO Clause: OHKO moves are banned
|rule|Evasion Items Clause: Evasion items are banned
|rule|Evasion Moves Clause: Evasion moves are banned
|rule|Evasion Abilities Clause: Evasion abilities are banned
|rule|Sleep Moves Clause: Sleep-inducing moves are banned
|clearpoke
|poke|p1|Gardevoir, M|
|poke|p1|Masquerain, F|
|poke|p1|Scizor, F|
|poke|p1|Slowbro, F|
|poke|p1|Typhlosion, M|
|poke|p1|Stantler, M|
|poke|p2|Alomomola, M|
|poke|p2|Great Tusk|
|poke|p2|Kingambit, M|
|poke|p2|Hatterene, F|
|poke|p2|Sinistcha-Masterpiece|
|poke|p2|Raging Bolt|
|teampreview
|inactive|Battle timer is ON: inactive players will automatically lose when time's up. (requested by sargentomichoo)
|
|t:|1779871715
|teamsize|p1|6
|teamsize|p2|6
|start
|switch|p1a: Gardevoir|Gardevoir, M|100/100
|switch|p2a: Peak of beauty|Great Tusk|100/100
|-enditem|p2a: Peak of beauty|Booster Energy
|-activate|p2a: Peak of beauty|ability: Protosynthesis|[fromitem]
|-start|p2a: Peak of beauty|protosynthesisspe
|turn|1
|
|t:|1779871729
|-end|p2a: Peak of beauty|Protosynthesis|[silent]
|switch|p2a: Kirkgambit|Kingambit, M|100/100
|-ability|p1a: Gardevoir|Supreme Overlord|Trace|[from] ability: Trace|[of] p2a: Kirkgambit
|move|p1a: Gardevoir|Moonblast|p2a: Kirkgambit
|-damage|p2a: Kirkgambit|47/100
|-unboost|p2a: Kirkgambit|spa|1
|
|upkeep
|turn|2
|
|t:|1779871741
|-end|p2a: Kirkgambit|fallenundefined|[silent]
|switch|p2a: Hater will neenee|Hatterene, F|100/100
|move|p1a: Gardevoir|Moonblast|p2a: Hater will neenee
|-damage|p2a: Hater will neenee|45/100
|
|-heal|p2a: Hater will neenee|51/100|[from] item: Leftovers
|upkeep
|turn|3
|
|t:|1779871750
|move|p1a: Gardevoir|Moonblast|p2a: Hater will neenee
|-damage|p2a: Hater will neenee|0 fnt
|faint|p2a: Hater will neenee
|
|upkeep
|
|t:|1779871758
|switch|p2a: Raging Bolt|Raging Bolt|100/100
|turn|4
|
|t:|1779871765
|-terastallize|p2a: Raging Bolt|Electric
|move|p2a: Raging Bolt|Thunderclap|p1a: Gardevoir
|-damage|p1a: Gardevoir|45/100
|move|p1a: Gardevoir|Moonblast|p2a: Raging Bolt
|-damage|p2a: Raging Bolt|73/100
|
|upkeep
|turn|5
|
|t:|1779871774
|-end|p1a: Gardevoir|fallenundefined|[silent]
|switch|p1a: Stantler|Stantler, M|100/100
|move|p2a: Raging Bolt|Thunderclap||[still]
|-fail|p2a: Raging Bolt
|
|upkeep
|turn|6
|
|t:|1779871784
|move|p1a: Stantler|Curse|p1a: Stantler
|-unboost|p1a: Stantler|spe|1
|-boost|p1a: Stantler|atk|1
|-boost|p1a: Stantler|def|1
|move|p2a: Raging Bolt|Thunderbolt|p1a: Stantler
|-damage|p1a: Stantler|54/100
|-status|p1a: Stantler|par
|
|upkeep
|turn|7
|
|t:|1779871802
|move|p2a: Raging Bolt|Thunderbolt|p1a: Stantler
|-damage|p1a: Stantler|4/100 par
|move|p1a: Stantler|Rest|p1a: Stantler
|-status|p1a: Stantler|slp|[from] move: Rest
|-heal|p1a: Stantler|100/100 slp|[silent]
|
|upkeep
|turn|8
|
|t:|1779871810
|move|p2a: Raging Bolt|Draco Meteor|p1a: Stantler
|-damage|p1a: Stantler|46/100 slp
|-unboost|p2a: Raging Bolt|spa|2
|cant|p1a: Stantler|slp
|move|p1a: Stantler|Sleep Talk|p1a: Stantler
|move|p1a: Stantler|Body Slam|p2a: Raging Bolt|[from] move: Sleep Talk
|-damage|p2a: Raging Bolt|39/100
|
|upkeep
|turn|9
|
|t:|1779871821
|move|p2a: Raging Bolt|Volt Switch|p1a: Stantler
|-damage|p1a: Stantler|27/100 slp
|
|t:|1779871824
|-end|p2a: Raging Bolt|Protosynthesis|[silent]
|switch|p2a: Impenetrable fih|Alomomola, M|100/100|[from] Volt Switch
|cant|p1a: Stantler|slp
|move|p1a: Stantler|Sleep Talk|p1a: Stantler
|move|p1a: Stantler|Curse|p1a: Stantler|[from] move: Sleep Talk
|-unboost|p1a: Stantler|spe|1
|-boost|p1a: Stantler|atk|1
|-boost|p1a: Stantler|def|1
|
|upkeep
|turn|10
|
|t:|1779871836
|move|p2a: Impenetrable fih|Wish|p2a: Impenetrable fih
|-curestatus|p1a: Stantler|slp|[msg]
|move|p1a: Stantler|Rest|p1a: Stantler
|-status|p1a: Stantler|slp|[from] move: Rest
|-heal|p1a: Stantler|100/100 slp|[silent]
|
|upkeep
|turn|11
|
|t:|1779871844
|switch|p2a: Kirkgambit|Kingambit, M|47/100
|-activate|p2a: Kirkgambit|ability: Supreme Overlord
|-start|p2a: Kirkgambit|fallen1|[silent]
|cant|p1a: Stantler|slp
|move|p1a: Stantler|Sleep Talk|p1a: Stantler
|move|p1a: Stantler|Body Slam|p2a: Kirkgambit|[from] move: Sleep Talk
|-resisted|p2a: Kirkgambit
|-damage|p2a: Kirkgambit|26/100
|
|-heal|p2a: Kirkgambit|93/100|[from] move: Wish|[wisher] Impenetrable fih
|upkeep
|turn|12
|
|t:|1779871857
|move|p2a: Kirkgambit|Swords Dance|p2a: Kirkgambit
|-boost|p2a: Kirkgambit|atk|2
|cant|p1a: Stantler|slp
|move|p1a: Stantler|Sleep Talk|p1a: Stantler
|move|p1a: Stantler|Body Slam|p2a: Kirkgambit|[from] move: Sleep Talk
|-resisted|p2a: Kirkgambit
|-damage|p2a: Kirkgambit|71/100
|
|upkeep
|turn|13
|
|t:|1779871867
|move|p2a: Kirkgambit|Swords Dance|p2a: Kirkgambit
|-boost|p2a: Kirkgambit|atk|2
|-curestatus|p1a: Stantler|slp|[msg]
|move|p1a: Stantler|Body Slam|p2a: Kirkgambit
|-resisted|p2a: Kirkgambit
|-damage|p2a: Kirkgambit|51/100
|
|upkeep
|turn|14
|
|t:|1779871876
|move|p2a: Kirkgambit|Sucker Punch|p1a: Stantler
|-damage|p1a: Stantler|37/100
|move|p1a: Stantler|Body Slam|p2a: Kirkgambit
|-resisted|p2a: Kirkgambit
|-damage|p2a: Kirkgambit|32/100
|
|upkeep
|turn|15
|
|t:|1779871884
|move|p2a: Kirkgambit|Kowtow Cleave|p1a: Stantler
|-damage|p1a: Stantler|0 fnt
|faint|p1a: Stantler
|
|upkeep
|
|t:|1779871891
|switch|p1a: Masquerain|Masquerain, F|100/100
|-ability|p1a: Masquerain|Intimidate|boost
|-unboost|p2a: Kirkgambit|atk|1
|turn|16
|
|t:|1779871901
|move|p2a: Kirkgambit|Sucker Punch|p1a: Masquerain
|-enditem|p1a: Masquerain|Focus Sash
|-damage|p1a: Masquerain|1/100
|move|p1a: Masquerain|Hydro Pump|p2a: Kirkgambit|[miss]
|-miss|p1a: Masquerain|p2a: Kirkgambit
|
|upkeep
|turn|17
|
|t:|1779871908
|move|p2a: Kirkgambit|Sucker Punch||[still]
|-fail|p2a: Kirkgambit
|move|p1a: Masquerain|Sticky Web|p2a: Kirkgambit
|-sidestart|p2: sufydragon|move: Sticky Web
|
|upkeep
|turn|18
|
|t:|1779871915
|move|p2a: Kirkgambit|Sucker Punch||[still]
|-fail|p2a: Kirkgambit
|move|p1a: Masquerain|Whirlwind|p2a: Kirkgambit
|-end|p2a: Kirkgambit|fallen1|[silent]
|drag|p2a: Satoru spinblocker|Sinistcha-Masterpiece|100/100
|-activate|p2a: Satoru spinblocker|move: Sticky Web
|-unboost|p2a: Satoru spinblocker|spe|1
|
|upkeep
|turn|19
|
|t:|1779871923
|move|p1a: Masquerain|Air Slash|p2a: Satoru spinblocker
|-supereffective|p2a: Satoru spinblocker
|-damage|p2a: Satoru spinblocker|19/100
|move|p2a: Satoru spinblocker|Scald|p1a: Masquerain
|-damage|p1a: Masquerain|0 fnt
|faint|p1a: Masquerain
|
|-heal|p2a: Satoru spinblocker|25/100|[from] item: Leftovers
|upkeep
|
|t:|1779871933
|switch|p1a: Gardevoir|Gardevoir, M|45/100
|-ability|p1a: Gardevoir|Heatproof|Trace|[from] ability: Trace|[of] p2a: Satoru spinblocker
|turn|20
|
|t:|1779871940
|move|p1a: Gardevoir|Moonblast|p2a: Satoru spinblocker
|-damage|p2a: Satoru spinblocker|0 fnt
|faint|p2a: Satoru spinblocker
|
|upkeep
|
|t:|1779871946
|switch|p2a: Peak of beauty|Great Tusk|100/100
|-activate|p2a: Peak of beauty|move: Sticky Web
|-unboost|p2a: Peak of beauty|spe|1
|turn|21
|
|t:|1779871951
|move|p1a: Gardevoir|Moonblast|p2a: Peak of beauty
|-supereffective|p2a: Peak of beauty
|-damage|p2a: Peak of beauty|0 fnt
|faint|p2a: Peak of beauty
|-end|p2a: Peak of beauty|Protosynthesis|[silent]
|
|upkeep
|-message|sufydragon forfeited.
|
|win|sargentomichoo
|raw|sargentomichoo's rating: 1151 &rarr; <strong>1178</strong><br />(+27 for winning)
|raw|sufydragon's rating: 1183 &rarr; <strong>1156</strong><br />(-27 for losing)
|l|☆sargentomichoo
|player|p1|
|l|☆sufydragon
|player|p2|
