|j|☆owlwaystired
|j|☆FireSide_01
|t:|1779936674
|gametype|singles
|player|p1|owlwaystired|265|1469
|player|p2|FireSide_01|janine|1500
|gen|9
|tier|[Gen 9] OU
|rated|
|rule|HP Percentage Mod: HP is shown in percentages
|rule|Endless Battle Clause: Forcing endless battles is banned
|rule|Species Clause: Limit one of each Pokémon
|rule|OHKO Clause: OHKO moves are banned
|rule|Evasion Items Clause: Evasion items are banned
|rule|Evasion Moves Clause: Evasion moves are banned
|rule|Evasion Abilities Clause: Evasion abilities are banned
|rule|Sleep Moves Clause: Sleep-inducing moves are banned
|clearpoke
|poke|p1|Primarina, M|
|poke|p1|Grimmsnarl, M|
|poke|p1|Lokix, F|
|poke|p1|Walking Wake|
|poke|p1|Kingambit, M|
|poke|p1|Iron Moth|
|poke|p2|Ninetales, F|
|poke|p2|Walking Wake|
|poke|p2|Typhlosion-Hisui, F|
|poke|p2|Great Tusk|
|poke|p2|Rillaboom, F|
|poke|p2|Raging Bolt|
|teampreview
|inactive|Battle timer is ON: inactive players will automatically lose when time's up. (requested by FireSide_01)
|
|t:|1779936699
|teamsize|p1|6
|teamsize|p2|6
|start
|switch|p1a: Iron Moth|Iron Moth|100/100
|switch|p2a: Raging Bolt|Raging Bolt|100/100
|-enditem|p1a: Iron Moth|Booster Energy
|-activate|p1a: Iron Moth|ability: Quark Drive|[fromitem]
|-start|p1a: Iron Moth|quarkdrivespa
|turn|1
|
|t:|1779936703
|move|p1a: Iron Moth|Fiery Dance|p2a: Raging Bolt
|-resisted|p2a: Raging Bolt
|-damage|p2a: Raging Bolt|81/100
|-boost|p1a: Iron Moth|spa|1
|move|p2a: Raging Bolt|Dragon Pulse|p1a: Iron Moth
|-damage|p1a: Iron Moth|43/100
|
|upkeep
|turn|2
|
|t:|1779936711
|move|p1a: Iron Moth|Sludge Wave|p2a: Raging Bolt
|-damage|p2a: Raging Bolt|20/100
|move|p2a: Raging Bolt|Volt Switch|p1a: Iron Moth
|-crit|p1a: Iron Moth
|-damage|p1a: Iron Moth|0 fnt
|faint|p1a: Iron Moth
|-end|p1a: Iron Moth|Quark Drive|[silent]
|
|t:|1779936724
|-end|p2a: Raging Bolt|Protosynthesis|[silent]
|switch|p2a: Rillaboom|Rillaboom, F|100/100|[from] Volt Switch
|-fieldstart|move: Grassy Terrain|[from] ability: Grassy Surge|[of] p2a: Rillaboom
|
|upkeep
|
|t:|1779936733
|switch|p1a: Lokix|Lokix, F|100/100
|turn|3
|
|t:|1779936740
|switch|p2a: Great Tusk|Great Tusk|100/100
|move|p1a: Lokix|Swords Dance|p1a: Lokix
|-boost|p1a: Lokix|atk|2
|
|upkeep
|turn|4
|
|t:|1779936750
|move|p2a: Great Tusk|Stealth Rock|p1a: Lokix
|-sidestart|p1: owlwaystired|move: Stealth Rock
|move|p1a: Lokix|Knock Off|p2a: Great Tusk
|-resisted|p2a: Great Tusk
|-damage|p2a: Great Tusk|37/100
|-enditem|p2a: Great Tusk|Heavy-Duty Boots|[from] move: Knock Off|[of] p1a: Lokix
|
|-heal|p2a: Great Tusk|43/100|[from] Grassy Terrain
|upkeep
|turn|5
|j| ShokoMC
|
|t:|1779936759
|move|p2a: Great Tusk|Headlong Rush|p1a: Lokix
|-resisted|p1a: Lokix
|-damage|p1a: Lokix|71/100
|-unboost|p2a: Great Tusk|def|1
|-unboost|p2a: Great Tusk|spd|1
|move|p1a: Lokix|Leech Life|p2a: Great Tusk
|-resisted|p2a: Great Tusk
|-damage|p2a: Great Tusk|0 fnt
|-heal|p1a: Lokix|100/100|[from] drain|[of] p2a: Great Tusk
|faint|p2a: Great Tusk
|-end|p2a: Great Tusk|Protosynthesis|[silent]
|
|upkeep
|l| ShokoMC
|
|t:|1779936767
|switch|p2a: Typhlosion|Typhlosion-Hisui, F|100/100
|turn|6
|
|t:|1779936779
|switch|p2a: Raging Bolt|Raging Bolt|20/100
|move|p1a: Lokix|Sucker Punch||[still]
|-fail|p1a: Lokix
|
|-heal|p2a: Raging Bolt|26/100|[from] Grassy Terrain
|-fieldend|move: Grassy Terrain
|upkeep
|turn|7
|
|t:|1779936788
|-end|p2a: Raging Bolt|Protosynthesis|[silent]
|switch|p2a: Typhlosion|Typhlosion-Hisui, F|100/100
|move|p1a: Lokix|Leech Life|p2a: Typhlosion
|-resisted|p2a: Typhlosion
|-damage|p2a: Typhlosion|37/100
|
|upkeep
|turn|8
|
|t:|1779936798
|switch|p2a: Raging Bolt|Raging Bolt|26/100
|move|p1a: Lokix|Sucker Punch||[still]
|-fail|p1a: Lokix
|
|upkeep
|turn|9
|
|t:|1779936802
|move|p2a: Raging Bolt|Dragon Pulse|p1a: Lokix
|-damage|p1a: Lokix|9/100
|move|p1a: Lokix|Knock Off|p2a: Raging Bolt
|-damage|p2a: Raging Bolt|0 fnt
|-enditem|p2a: Raging Bolt|Assault Vest|[from] move: Knock Off|[of] p1a: Lokix
|faint|p2a: Raging Bolt
|-end|p2a: Raging Bolt|Protosynthesis|[silent]
|
|upkeep
|
|t:|1779936822
|switch|p2a: Ninetales|Ninetales, F|100/100
|-weather|SunnyDay|[from] ability: Drought|[of] p2a: Ninetales
|turn|10
|
|t:|1779936826
|move|p1a: Lokix|Sucker Punch||[still]
|-fail|p1a: Lokix
|move|p2a: Ninetales|Will-O-Wisp|p1a: Lokix
|-status|p1a: Lokix|brn
|
|-weather|SunnyDay|[upkeep]
|-damage|p1a: Lokix|3/100 brn|[from] brn
|upkeep
|turn|11
|
|t:|1779936833
|move|p2a: Ninetales|Encore|p1a: Lokix
|-start|p1a: Lokix|Encore
|move|p1a: Lokix|Sucker Punch||[still]
|-fail|p1a: Lokix
|
|-weather|SunnyDay|[upkeep]
|-damage|p1a: Lokix|0 fnt|[from] brn
|faint|p1a: Lokix
|upkeep
|
|t:|1779936841
|switch|p1a: Walking Wake|Walking Wake|100/100
|-damage|p1a: Walking Wake|88/100|[from] Stealth Rock
|-activate|p1a: Walking Wake|ability: Protosynthesis
|-start|p1a: Walking Wake|protosynthesisatk
|turn|12
|c|☆FireSide_01|Attack????
|inactive|FireSide_01 has 120 seconds left.
|c|☆owlwaystired|Attack !!
|
|t:|1779936879
|switch|p2a: Typhlosion|Typhlosion-Hisui, F|37/100
|move|p1a: Walking Wake|Dragon Dance|p1a: Walking Wake
|-boost|p1a: Walking Wake|atk|1
|-boost|p1a: Walking Wake|spe|1
|
|-weather|SunnyDay|[upkeep]
|upkeep
|turn|13
|
|t:|1779936893
|move|p2a: Typhlosion|Shadow Ball|p1a: Walking Wake
|-damage|p1a: Walking Wake|50/100
|move|p1a: Walking Wake|Liquidation|p2a: Typhlosion
|-supereffective|p2a: Typhlosion
|-damage|p2a: Typhlosion|0 fnt
|faint|p2a: Typhlosion
|
|-weather|SunnyDay|[upkeep]
|upkeep
|inactive|FireSide_01 has 120 seconds left.
|
|t:|1779936905
|switch|p2a: Rillaboom|Rillaboom, F|100/100
|-fieldstart|move: Grassy Terrain|[from] ability: Grassy Surge|[of] p2a: Rillaboom
|turn|14
|
|t:|1779936911
|move|p2a: Rillaboom|Grassy Glide|p1a: Walking Wake
|-damage|p1a: Walking Wake|0 fnt
|faint|p1a: Walking Wake
|-end|p1a: Walking Wake|Protosynthesis|[silent]
|
|-weather|SunnyDay|[upkeep]
|upkeep
|
|t:|1779936933
|switch|p1a: Grimmsnarl|Grimmsnarl, M|100/100
|-damage|p1a: Grimmsnarl|88/100|[from] Stealth Rock
|turn|15
|
|t:|1779936944
|move|p2a: Rillaboom|Grassy Glide|p1a: Grimmsnarl
|-damage|p1a: Grimmsnarl|16/100
|move|p1a: Grimmsnarl|Thunder Wave|p2a: Rillaboom
|-status|p2a: Rillaboom|par
|
|-weather|SunnyDay|[upkeep]
|-heal|p1a: Grimmsnarl|22/100|[from] Grassy Terrain
|-heal|p1a: Grimmsnarl|28/100|[from] item: Leftovers
|upkeep
|turn|16
|
|t:|1779936955
|move|p1a: Grimmsnarl|Sucker Punch|p2a: Rillaboom
|-crit|p2a: Rillaboom
|-damage|p2a: Rillaboom|35/100 par
|move|p2a: Rillaboom|Grassy Glide|p1a: Grimmsnarl
|-damage|p1a: Grimmsnarl|0 fnt
|faint|p1a: Grimmsnarl
|
|-weather|SunnyDay|[upkeep]
|-heal|p2a: Rillaboom|42/100 par|[from] Grassy Terrain
|upkeep
|
|t:|1779936967
|switch|p1a: Kingambit|Kingambit, M|100/100
|-damage|p1a: Kingambit|94/100|[from] Stealth Rock
|-activate|p1a: Kingambit|ability: Supreme Overlord
|-start|p1a: Kingambit|fallen4|[silent]
|turn|17
|
|t:|1779936974
|cant|p2a: Rillaboom|par
|move|p1a: Kingambit|Swords Dance|p1a: Kingambit
|-boost|p1a: Kingambit|atk|2
|
|-weather|none
|-heal|p1a: Kingambit|100/100|[from] Grassy Terrain
|-heal|p2a: Rillaboom|48/100 par|[from] Grassy Terrain
|upkeep
|turn|18
|
|t:|1779936990
|switch|p2a: Ninetales|Ninetales, F|100/100
|-weather|SunnyDay|[from] ability: Drought|[of] p2a: Ninetales
|move|p1a: Kingambit|Night Slash|p2a: Ninetales
|-damage|p2a: Ninetales|0 fnt
|faint|p2a: Ninetales
|
|-weather|SunnyDay|[upkeep]
|-fieldend|move: Grassy Terrain
|upkeep
|
|t:|1779937003
|switch|p2a: Walking Wake|Walking Wake|100/100
|-activate|p2a: Walking Wake|ability: Protosynthesis
|-start|p2a: Walking Wake|protosynthesisspa
|turn|19
|
|t:|1779937010
|-end|p2a: Walking Wake|Protosynthesis|[silent]
|switch|p2a: Rillaboom|Rillaboom, F|48/100 par
|-fieldstart|move: Grassy Terrain|[from] ability: Grassy Surge|[of] p2a: Rillaboom
|-terastallize|p1a: Kingambit|Fairy
|move|p1a: Kingambit|Night Slash|p2a: Rillaboom
|-damage|p2a: Rillaboom|0 fnt
|faint|p2a: Rillaboom
|
|-weather|SunnyDay|[upkeep]
|upkeep
|
|t:|1779937013
|switch|p2a: Walking Wake|Walking Wake|100/100
|-activate|p2a: Walking Wake|ability: Protosynthesis
|-start|p2a: Walking Wake|protosynthesisspa
|turn|20
|
|t:|1779937019
|-terastallize|p2a: Walking Wake|Water
|move|p2a: Walking Wake|Hydro Steam|p1a: Kingambit
|-damage|p1a: Kingambit|0 fnt
|faint|p1a: Kingambit
|-end|p1a: Kingambit|fallen4|[silent]
|
|-weather|SunnyDay|[upkeep]
|upkeep
|
|t:|1779937026
|switch|p1a: Primarina|Primarina, M|100/100
|-damage|p1a: Primarina|88/100|[from] Stealth Rock
|turn|21
|
|t:|1779937028
|move|p2a: Walking Wake|Hydro Steam|p1a: Primarina
|-resisted|p1a: Primarina
|-damage|p1a: Primarina|17/100
|move|p1a: Primarina|Energy Ball|p2a: Walking Wake
|-supereffective|p2a: Walking Wake
|-damage|p2a: Walking Wake|0 fnt
|faint|p2a: Walking Wake
|-end|p2a: Walking Wake|Protosynthesis|[silent]
|
|win|owlwaystired
|raw|owlwaystired's rating: 1469 &rarr; <strong>1491</strong><br />(+22 for winning)
|raw|FireSide_01's rating: 1500 &rarr; <strong>1478</strong><br />(-22 for losing)
|c|☆FireSide_01|gg
|c|☆owlwaystired|Ggs
|l|☆FireSide_01
|player|p2|
|l|☆owlwaystired
|player|p1|
