|j|☆Fluid-man Nafim
|j|☆Noobskillstrongs
|t:|1779899714
|gametype|singles
|player|p1|Fluid-man Nafim|gambler|1079
|player|p2|Noobskillstrongs|1|1052
|gen|9
|tier|[Gen 9] OU
|rated|
|rule|HP Percentage Mod: HP is shown in percentages
|rule|Endless Battle Clause: Forcing endless battles is banned
|rule|Species Clause: Limit one of each Pokémon
|rule|OHKO Clause: OHKO moves are banned
|rule|Evasion Items Clause: Evasion items are banned
|rule|Evasion Moves Clause: Evasion moves are banned
|rule|Evasion Abilities Clause: Evasion abilities are banned
|rule|Sleep Moves Clause: Sleep-inducing moves are banned
|clearpoke
|poke|p1|Iron Valiant|
|poke|p1|Primarina, F|
|poke|p1|Gholdengo|
|poke|p1|Ting-Lu|
|poke|p1|Snorlax, M|
|poke|p1|Deoxys-Speed|
|poke|p2|Lokix, M|
|poke|p2|Noivern, F|
|poke|p2|Electrode-Hisui|
|poke|p2|Flamigo, F|
|poke|p2|Bastiodon, F|
|teampreview
|inactive|Battle timer is ON: inactive players will automatically lose when time's up. (requested by Fluid-man Nafim)
|l|☆Noobskillstrongs
|inactive|Noobskillstrongs disconnected and has a minute to reconnect!
|player|p2|
|j|☆Noobskillstrongs
|inactive|Noobskillstrongs reconnected and has 135 seconds left.
|player|p2|Noobskillstrongs|1|
|
|t:|1779899745
|teamsize|p1|6
|teamsize|p2|5
|start
|switch|p1a: Snorlax|Snorlax, M|100/100
|switch|p2a: Flamigo|Flamigo, F|100/100
|turn|1
|
|t:|1779899758
|move|p2a: Flamigo|Close Combat|p1a: Snorlax
|-supereffective|p1a: Snorlax
|-damage|p1a: Snorlax|2/100
|-unboost|p2a: Flamigo|def|1
|-unboost|p2a: Flamigo|spd|1
|-enditem|p2a: Flamigo|Eject Pack
|
|t:|1779899763
|switch|p2a: Bastiodon|Bastiodon, F|100/100
|move|p1a: Snorlax|Double-Edge|p2a: Bastiodon
|-resisted|p2a: Bastiodon
|-damage|p2a: Bastiodon|94/100
|-damage|p1a: Snorlax|1/100|[from] Recoil
|
|-heal|p2a: Bastiodon|99/100|[from] item: Leftovers
|-heal|p1a: Snorlax|7/100|[from] item: Leftovers
|upkeep
|turn|2
|
|t:|1779899772
|move|p1a: Snorlax|Hammer Arm|p2a: Bastiodon
|-supereffective|p2a: Bastiodon
|-damage|p2a: Bastiodon|37/100
|-unboost|p1a: Snorlax|spe|1
|move|p2a: Bastiodon|Iron Defense|p2a: Bastiodon
|-boost|p2a: Bastiodon|def|2
|
|-heal|p2a: Bastiodon|43/100|[from] item: Leftovers
|-heal|p1a: Snorlax|13/100|[from] item: Leftovers
|upkeep
|turn|3
|
|t:|1779899781
|switch|p2a: Flamigo|Flamigo, F|100/100
|move|p1a: Snorlax|Hammer Arm|p2a: Flamigo
|-resisted|p2a: Flamigo
|-damage|p2a: Flamigo|81/100
|-unboost|p1a: Snorlax|spe|1
|
|-heal|p1a: Snorlax|19/100|[from] item: Leftovers
|upkeep
|turn|4
|
|t:|1779899794
|move|p2a: Flamigo|Close Combat|p1a: Snorlax
|-supereffective|p1a: Snorlax
|-damage|p1a: Snorlax|0 fnt
|-unboost|p2a: Flamigo|def|1
|-unboost|p2a: Flamigo|spd|1
|faint|p1a: Snorlax
|
|upkeep
|
|t:|1779899801
|switch|p1a: Gholdengo|Gholdengo|100/100
|turn|5
|
|t:|1779899807
|move|p2a: Flamigo|U-turn|p1a: Gholdengo
|-resisted|p1a: Gholdengo
|-damage|p1a: Gholdengo|94/100
|
|t:|1779899809
|switch|p2a: Bastiodon|Bastiodon, F|43/100|[from] U-turn
|move|p1a: Gholdengo|Nasty Plot|p1a: Gholdengo
|-boost|p1a: Gholdengo|spa|2
|
|-heal|p2a: Bastiodon|50/100|[from] item: Leftovers
|upkeep
|turn|6
|
|t:|1779899818
|move|p1a: Gholdengo|Make It Rain|p2a: Bastiodon
|-damage|p2a: Bastiodon|0 fnt
|-unboost|p1a: Gholdengo|spa|1
|faint|p2a: Bastiodon
|
|upkeep
|
|t:|1779899822
|switch|p2a: Lokix|Lokix, M|100/100
|turn|7
|
|t:|1779899830
|switch|p1a: Primarina|Primarina, F|100/100
|move|p2a: Lokix|Knock Off|p1a: Primarina
|-resisted|p1a: Primarina
|-damage|p1a: Primarina|18/100
|-enditem|p1a: Primarina|Assault Vest|[from] move: Knock Off|[of] p2a: Lokix
|
|upkeep
|turn|8
|
|t:|1779899840
|move|p2a: Lokix|Knock Off|p1a: Primarina
|-resisted|p1a: Primarina
|-damage|p1a: Primarina|0 fnt
|faint|p1a: Primarina
|
|upkeep
|
|t:|1779899845
|switch|p1a: Iron Valiant|Iron Valiant|100/100
|-enditem|p1a: Iron Valiant|Booster Energy
|-activate|p1a: Iron Valiant|ability: Quark Drive|[fromitem]
|-start|p1a: Iron Valiant|quarkdriveatk
|turn|9
|
|t:|1779899852
|move|p2a: Lokix|Knock Off|p1a: Iron Valiant
|-resisted|p1a: Iron Valiant
|-damage|p1a: Iron Valiant|74/100
|move|p1a: Iron Valiant|Dazzling Gleam|p2a: Lokix
|-supereffective|p2a: Lokix
|-damage|p2a: Lokix|0 fnt
|faint|p2a: Lokix
|
|upkeep
|
|t:|1779899859
|switch|p2a: Electrode|Electrode-Hisui|100/100
|turn|10
|
|t:|1779899866
|move|p2a: Electrode|Leaf Storm|p1a: Iron Valiant
|-damage|p1a: Iron Valiant|0 fnt
|-unboost|p2a: Electrode|spa|2
|faint|p1a: Iron Valiant
|-end|p1a: Iron Valiant|Quark Drive|[silent]
|-enditem|p2a: Electrode|Eject Pack
|
|t:|1779899874
|switch|p2a: Noivern|Noivern, F|100/100
|
|upkeep
|
|t:|1779899883
|switch|p1a: Deoxys|Deoxys-Speed|100/100
|-ability|p1a: Deoxys|Pressure
|turn|11
|
|t:|1779899887
|move|p1a: Deoxys|Meteor Beam||[still]
|-prepare|p1a: Deoxys|Meteor Beam
|-boost|p1a: Deoxys|spa|1
|-enditem|p1a: Deoxys|Power Herb
|-anim|p1a: Deoxys|Meteor Beam|p2a: Noivern
|-supereffective|p2a: Noivern
|-damage|p2a: Noivern|0 fnt
|faint|p2a: Noivern
|
|upkeep
|
|t:|1779899890
|switch|p2a: Flamigo|Flamigo, F|81/100
|turn|12
|
|t:|1779899899
|move|p1a: Deoxys|Psycho Boost|p2a: Flamigo
|-supereffective|p2a: Flamigo
|-damage|p2a: Flamigo|0 fnt
|-unboost|p1a: Deoxys|spa|2
|faint|p2a: Flamigo
|
|upkeep
|
|t:|1779899901
|switch|p2a: Electrode|Electrode-Hisui|100/100
|turn|13
|
|t:|1779899909
|move|p2a: Electrode|Giga Drain|p1a: Deoxys
|-damage|p1a: Deoxys|65/100
|move|p1a: Deoxys|Meteor Beam||[still]
|-prepare|p1a: Deoxys|Meteor Beam
|-boost|p1a: Deoxys|spa|1
|
|upkeep
|turn|14
|
|t:|1779899915
|move|p2a: Electrode|Thunderbolt|p1a: Deoxys
|-crit|p1a: Deoxys
|-damage|p1a: Deoxys|2/100
|move|p1a: Deoxys|Meteor Beam|p2a: Electrode|[from] lockedmove
|-damage|p2a: Electrode|55/100
|
|upkeep
|turn|15
|
|t:|1779899922
|move|p2a: Electrode|Giga Drain|p1a: Deoxys
|-damage|p1a: Deoxys|0 fnt
|-heal|p2a: Electrode|55/100|[from] drain|[of] p1a: Deoxys
|faint|p1a: Deoxys
|
|upkeep
|
|t:|1779899927
|switch|p1a: Gholdengo|Gholdengo|94/100
|turn|16
|
|t:|1779899934
|move|p2a: Electrode|Thunderbolt|p1a: Gholdengo
|-damage|p1a: Gholdengo|59/100
|move|p1a: Gholdengo|Shadow Ball|p2a: Electrode
|-damage|p2a: Electrode|0 fnt
|faint|p2a: Electrode
|
|win|Fluid-man Nafim
|raw|Fluid-man Nafim's rating: 1079 &rarr; <strong>1105</strong><br />(+26 for winning)
|raw|Noobskillstrongs's rating: 1052 &rarr; <strong>1036</strong><br />(-16 for losing)
|l|☆Noobskillstrongs
|player|p2|
|l|☆Fluid-man Nafim
|player|p1|
