|j|☆Carlao_rei
|j|☆2fl1
|t:|1779913538
|gametype|singles
|player|p1|Carlao_rei|drayden|1405
|player|p2|2fl1|n|1339
|gen|9
|tier|[Gen 9] OU
|rated|
|rule|HP Percentage Mod: HP is shown in percentages
|rule|Endless Battle Clause: Forcing endless battles is banned
|rule|Species Clause: Limit one of each Pokémon
|rule|OHKO Clause: OHKO moves are banned
|rule|Evasion Items Clause: Evasion items are banned
|rule|Evasion Moves Clause: Evasion moves are banned
|rule|Evasion Abilities Clause: Evasion abilities are banned
|rule|Sleep Moves Clause: Sleep-inducing moves are banned
|clearpoke
|poke|p1|Gholdengo|
|poke|p1|Kingambit, F|
|poke|p1|Rotom-Wash|
|poke|p1|Dragapult, M|
|poke|p1|Great Tusk|
|poke|p1|Slowbro-Galar, F|
|poke|p2|Salamence, F|
|poke|p2|Dragonite, F|
|poke|p2|Goodra-Hisui, F|
|poke|p2|Kommo-o, F|
|poke|p2|Dragapult, M|
|poke|p2|Hydrapple, F|
|teampreview
|
|t:|1779913550
|teamsize|p1|6
|teamsize|p2|6
|start
|switch|p1a: Slowbro|Slowbro-Galar, F|100/100
|switch|p2a: Goodra|Goodra-Hisui, F|100/100
|turn|1
|
|t:|1779913560
|switch|p1a: Gholdengo|Gholdengo|100/100
|move|p2a: Goodra|Dragon Pulse|p1a: Gholdengo
|-resisted|p1a: Gholdengo
|-crit|p1a: Gholdengo
|-damage|p1a: Gholdengo|61/100
|
|upkeep
|turn|2
|
|t:|1779913563
|move|p1a: Gholdengo|Trick|p2a: Goodra
|-activate|p1a: Gholdengo|move: Trick|[of] p2a: Goodra
|-item|p2a: Goodra|Choice Scarf|[from] move: Trick
|-item|p1a: Gholdengo|Assault Vest|[from] move: Trick
|move|p2a: Goodra|Flamethrower|p1a: Gholdengo
|-supereffective|p1a: Gholdengo
|-damage|p1a: Gholdengo|14/100
|
|upkeep
|turn|3
|
|t:|1779913579
|switch|p1a: Rotom|Rotom-Wash|100/100
|move|p2a: Goodra|Flamethrower|p1a: Rotom
|-resisted|p1a: Rotom
|-damage|p1a: Rotom|84/100
|
|upkeep
|turn|4
|
|t:|1779913582
|switch|p2a: Hydrapple|Hydrapple, F|100/100
|move|p1a: Rotom|Will-O-Wisp|p2a: Hydrapple
|-status|p2a: Hydrapple|brn
|
|-damage|p2a: Hydrapple|94/100 brn|[from] brn
|upkeep
|turn|5
|
|t:|1779913593
|switch|p1a: Gholdengo|Gholdengo|14/100
|move|p2a: Hydrapple|Fickle Beam|p1a: Gholdengo
|-resisted|p1a: Gholdengo
|-damage|p1a: Gholdengo|1/100
|
|-damage|p2a: Hydrapple|88/100 brn|[from] brn
|upkeep
|turn|6
|
|t:|1779913598
|switch|p2a: Goodra|Goodra-Hisui, F|100/100
|move|p1a: Gholdengo|Shadow Ball|p2a: Goodra
|-damage|p2a: Goodra|71/100
|
|upkeep
|turn|7
|
|t:|1779913606
|move|p1a: Gholdengo|Shadow Ball|p2a: Goodra
|-damage|p2a: Goodra|45/100
|move|p2a: Goodra|Dragon Pulse|p1a: Gholdengo
|-resisted|p1a: Gholdengo
|-damage|p1a: Gholdengo|0 fnt
|faint|p1a: Gholdengo
|
|upkeep
|
|t:|1779913615
|switch|p1a: Great Tusk|Great Tusk|100/100
|turn|8
|
|t:|1779913625
|move|p2a: Goodra|Dragon Pulse|p1a: Great Tusk
|-damage|p1a: Great Tusk|42/100
|move|p1a: Great Tusk|Stealth Rock|p2a: Goodra
|-sidestart|p2: 2fl1|move: Stealth Rock
|
|-heal|p1a: Great Tusk|49/100|[from] item: Leftovers
|upkeep
|turn|9
|
|t:|1779913632
|-end|p1a: Great Tusk|Protosynthesis|[silent]
|switch|p1a: Kingambit|Kingambit, F|100/100
|-activate|p1a: Kingambit|ability: Supreme Overlord
|-start|p1a: Kingambit|fallen1|[silent]
|move|p2a: Goodra|Dragon Pulse|p1a: Kingambit
|-resisted|p1a: Kingambit
|-damage|p1a: Kingambit|79/100
|
|upkeep
|turn|10
|
|t:|1779913641
|switch|p2a: Kommo-o|Kommo-o, F|100/100
|-damage|p2a: Kommo-o|94/100|[from] Stealth Rock
|move|p1a: Kingambit|Low Kick|p2a: Kommo-o
|-crit|p2a: Kommo-o
|-damage|p2a: Kommo-o|54/100
|
|-heal|p2a: Kommo-o|60/100|[from] item: Leftovers
|upkeep
|turn|11
|
|t:|1779913651
|-end|p1a: Kingambit|fallen1|[silent]
|switch|p1a: Great Tusk|Great Tusk|49/100
|move|p2a: Kommo-o|Substitute|p2a: Kommo-o
|-start|p2a: Kommo-o|Substitute
|-damage|p2a: Kommo-o|35/100
|
|-heal|p1a: Great Tusk|55/100|[from] item: Leftovers
|-heal|p2a: Kommo-o|41/100|[from] item: Leftovers
|upkeep
|turn|12
|
|t:|1779913655
|move|p1a: Great Tusk|Ice Spinner|p2a: Kommo-o
|-supereffective|p2a: Kommo-o
|-end|p2a: Kommo-o|Substitute
|move|p2a: Kommo-o|Iron Defense|p2a: Kommo-o
|-boost|p2a: Kommo-o|def|2
|
|-heal|p1a: Great Tusk|61/100|[from] item: Leftovers
|-heal|p2a: Kommo-o|47/100|[from] item: Leftovers
|upkeep
|turn|13
|
|t:|1779913660
|-end|p1a: Great Tusk|Protosynthesis|[silent]
|switch|p1a: Dragapult|Dragapult, M|100/100
|move|p2a: Kommo-o|Substitute|p2a: Kommo-o
|-start|p2a: Kommo-o|Substitute
|-damage|p2a: Kommo-o|23/100
|
|-heal|p2a: Kommo-o|29/100|[from] item: Leftovers
|upkeep
|turn|14
|
|t:|1779913667
|move|p1a: Dragapult|Draco Meteor|p2a: Kommo-o
|-supereffective|p2a: Kommo-o
|-damage|p2a: Kommo-o|0 fnt
|-unboost|p1a: Dragapult|spa|2
|faint|p2a: Kommo-o
|
|upkeep
|
|t:|1779913675
|switch|p2a: Dragapult|Dragapult, M|100/100
|-damage|p2a: Dragapult|88/100|[from] Stealth Rock
|turn|15
|
|t:|1779913680
|switch|p1a: Kingambit|Kingambit, F|79/100
|-activate|p1a: Kingambit|ability: Supreme Overlord
|-start|p1a: Kingambit|fallen1|[silent]
|move|p2a: Dragapult|U-turn|p1a: Kingambit
|-damage|p1a: Kingambit|66/100
|
|t:|1779913685
|switch|p2a: Dragonite|Dragonite, F|100/100|[from] U-turn
|-damage|p2a: Dragonite|76/100|[from] Stealth Rock
|
|upkeep
|turn|16
|
|t:|1779913691
|-end|p1a: Kingambit|fallen1|[silent]
|switch|p1a: Rotom|Rotom-Wash|84/100
|move|p2a: Dragonite|Fire Punch|p1a: Rotom
|-resisted|p1a: Rotom
|-damage|p1a: Rotom|68/100
|-damage|p2a: Dragonite|59/100|[from] item: Rocky Helmet|[of] p1a: Rotom
|
|upkeep
|turn|17
|-message|2fl1 forfeited.
|
|win|Carlao_rei
|raw|Carlao_rei's rating: 1405 &rarr; <strong>1421</strong><br />(+16 for winning)
|raw|2fl1's rating: 1339 &rarr; <strong>1323</strong><br />(-16 for losing)
|l|☆2fl1
|player|p2|
|l|☆Carlao_rei
|player|p1|
