|j|☆Continental Op
|j|☆siggywiggyking3
|t:|1779913229
|gametype|singles
|player|p1|Continental Op|1|1105
|player|p2|siggywiggyking3|pokekid|1112
|gen|9
|tier|[Gen 9] OU
|rated|
|rule|HP Percentage Mod: HP is shown in percentages
|rule|Endless Battle Clause: Forcing endless battles is banned
|rule|Species Clause: Limit one of each Pokémon
|rule|OHKO Clause: OHKO moves are banned
|rule|Evasion Items Clause: Evasion items are banned
|rule|Evasion Moves Clause: Evasion moves are banned
|rule|Evasion Abilities Clause: Evasion abilities are banned
|rule|Sleep Moves Clause: Sleep-inducing moves are banned
|clearpoke
|poke|p1|Clefable, M|
|poke|p1|Tyranitar, F|
|poke|p1|Blastoise, M|
|poke|p1|Blissey, F|
|poke|p1|Mesprit|
|poke|p1|Corviknight, F|
|poke|p2|Iron Crown|
|poke|p2|Conkeldurr, F|
|poke|p2|Umbreon, F|
|poke|p2|Cinderace, F|
|poke|p2|Hydrapple, F|
|poke|p2|Froslass, F|
|teampreview
|
|t:|1779913246
|teamsize|p1|6
|teamsize|p2|6
|start
|switch|p1a: Mesprit|Mesprit|100/100
|switch|p2a: Hydrapple|Hydrapple, F, shiny|100/100
|turn|1
|
|t:|1779913262
|move|p1a: Mesprit|Light Screen|p1a: Mesprit
|-sidestart|p1: Continental Op|move: Light Screen
|move|p2a: Hydrapple|Energy Ball|p1a: Mesprit
|-damage|p1a: Mesprit|80/100
|
|-heal|p1a: Mesprit|86/100|[from] item: Leftovers
|upkeep
|turn|2
|
|t:|1779913268
|move|p1a: Mesprit|Reflect|p1a: Mesprit
|-sidestart|p1: Continental Op|Reflect
|move|p2a: Hydrapple|Fickle Beam|p1a: Mesprit
|-damage|p1a: Mesprit|68/100
|
|-heal|p1a: Mesprit|74/100|[from] item: Leftovers
|upkeep
|turn|3
|
|t:|1779913275
|move|p1a: Mesprit|U-turn|p2a: Hydrapple
|-supereffective|p2a: Hydrapple
|-crit|p2a: Hydrapple
|-damage|p2a: Hydrapple|61/100
|
|t:|1779913283
|switch|p1a: Corviknight|Corviknight, F|100/100|[from] U-turn
|-ability|p1a: Corviknight|Pressure
|move|p2a: Hydrapple|Fickle Beam|p1a: Corviknight
|-resisted|p1a: Corviknight
|-damage|p1a: Corviknight|89/100
|
|-heal|p1a: Corviknight|95/100|[from] item: Leftovers
|-heal|p2a: Hydrapple|67/100|[from] item: Leftovers
|upkeep
|turn|4
|
|t:|1779913305
|switch|p2a: Umbreon|Umbreon, F, shiny|100/100
|move|p1a: Corviknight|Brave Bird|p2a: Umbreon
|-damage|p2a: Umbreon|55/100
|-damage|p1a: Corviknight|81/100|[from] Recoil
|
|-heal|p2a: Umbreon|61/100|[from] item: Leftovers
|-heal|p1a: Corviknight|87/100|[from] item: Leftovers
|upkeep
|turn|5
|
|t:|1779913322
|move|p2a: Umbreon|Substitute|p2a: Umbreon
|-start|p2a: Umbreon|Substitute
|-damage|p2a: Umbreon|37/100
|move|p1a: Corviknight|U-turn|p2a: Umbreon
|-supereffective|p2a: Umbreon
|-end|p2a: Umbreon|Substitute
|
|t:|1779913338
|switch|p1a: Blissey|Blissey, F|100/100|[from] U-turn
|
|-heal|p2a: Umbreon|43/100|[from] item: Leftovers
|-sideend|p1: Continental Op|move: Light Screen
|upkeep
|turn|6
|
|t:|1779913344
|move|p2a: Umbreon|Toxic|p1a: Blissey
|-status|p1a: Blissey|tox
|move|p1a: Blissey|Echoed Voice|p2a: Umbreon
|-damage|p2a: Umbreon|35/100
|
|-heal|p2a: Umbreon|41/100|[from] item: Leftovers
|-damage|p1a: Blissey|94/100 tox|[from] psn
|-sideend|p1: Continental Op|Reflect
|upkeep
|turn|7
|
|t:|1779913353
|switch|p2a: Froslass|Froslass, F, shiny|100/100
|move|p1a: Blissey|Echoed Voice|p2a: Froslass
|-immune|p2a: Froslass
|
|-damage|p1a: Blissey|82/100 tox|[from] psn
|upkeep
|turn|8
|
|t:|1779913364
|move|p2a: Froslass|Blizzard|p1a: Blissey|[miss]
|-miss|p2a: Froslass|p1a: Blissey
|move|p1a: Blissey|Flamethrower|p2a: Froslass
|-supereffective|p2a: Froslass
|-damage|p2a: Froslass|31/100
|-start|p1a: Blissey|Disable|Flamethrower|[from] ability: Cursed Body|[of] p2a: Froslass
|
|-damage|p1a: Blissey|63/100 tox|[from] psn
|upkeep
|turn|9
|
|t:|1779913374
|switch|p1a: Blastoise|Blastoise, M|100/100
|move|p2a: Froslass|Blizzard|p1a: Blastoise
|-resisted|p1a: Blastoise
|-damage|p1a: Blastoise|83/100
|
|upkeep
|turn|10
|
|t:|1779913387
|switch|p2a: Hydrapple|Hydrapple, F, shiny|100/100
|move|p1a: Blastoise|Flip Turn|p2a: Hydrapple
|-resisted|p2a: Hydrapple
|-damage|p2a: Hydrapple|97/100
|
|t:|1779913400
|switch|p1a: Blissey|Blissey, F|63/100 tox|[from] Flip Turn
|
|-heal|p2a: Hydrapple|100/100|[from] item: Leftovers
|-damage|p1a: Blissey|57/100 tox|[from] psn
|upkeep
|turn|11
|
|t:|1779913408
|move|p1a: Blissey|Ice Beam|p2a: Hydrapple
|-supereffective|p2a: Hydrapple
|-damage|p2a: Hydrapple|11/100
|move|p2a: Hydrapple|Fickle Beam|p1a: Blissey
|-damage|p1a: Blissey|40/100 tox
|
|-heal|p2a: Hydrapple|17/100|[from] item: Leftovers
|-damage|p1a: Blissey|28/100 tox|[from] psn
|upkeep
|turn|12
|
|t:|1779913420
|move|p1a: Blissey|Ice Beam|p2a: Hydrapple
|-supereffective|p2a: Hydrapple
|-damage|p2a: Hydrapple|0 fnt
|faint|p2a: Hydrapple
|
|-damage|p1a: Blissey|9/100 tox|[from] psn
|upkeep
|
|t:|1779913430
|switch|p2a: Umbreon|Umbreon, F, shiny|41/100
|turn|13
|
|t:|1779913434
|move|p2a: Umbreon|Substitute|p2a: Umbreon
|-start|p2a: Umbreon|Substitute
|-damage|p2a: Umbreon|16/100
|move|p1a: Blissey|Ice Beam|p2a: Umbreon
|-activate|p2a: Umbreon|move: Substitute|[damage]
|
|-heal|p2a: Umbreon|22/100|[from] item: Leftovers
|-damage|p1a: Blissey|0 fnt|[from] psn
|faint|p1a: Blissey
|upkeep
|
|t:|1779913443
|switch|p1a: Blastoise|Blastoise, M|83/100
|turn|14
|
|t:|1779913448
|move|p2a: Umbreon|Toxic|p1a: Blastoise
|-status|p1a: Blastoise|tox
|move|p1a: Blastoise|Flip Turn|p2a: Umbreon
|-end|p2a: Umbreon|Substitute
|
|t:|1779913470
|switch|p1a: Clefable|Clefable, M|100/100|[from] Flip Turn
|
|-heal|p2a: Umbreon|28/100|[from] item: Leftovers
|upkeep
|turn|15
|inactive|Battle timer is ON: inactive players will automatically lose when time's up. (requested by Continental Op)
|
|t:|1779913483
|switch|p2a: Froslass|Froslass, F, shiny|31/100
|move|p1a: Clefable|Cosmic Power|p1a: Clefable
|-boost|p1a: Clefable|def|1
|-boost|p1a: Clefable|spd|1
|
|upkeep
|turn|16
|inactive|Continental Op has 120 seconds left.
|inactive|Continental Op has 90 seconds left.
|inactive|Continental Op has 60 seconds left.
|inactive|Continental Op has 30 seconds left.
|inactive|Continental Op has 20 seconds left.
|
|t:|1779913617
|switch|p2a: Iron Crown|Iron Crown|100/100
|-enditem|p2a: Iron Crown|Booster Energy
|-activate|p2a: Iron Crown|ability: Quark Drive|[fromitem]
|-start|p2a: Iron Crown|quarkdrivespa
|move|p1a: Clefable|Fire Blast|p2a: Iron Crown
|-supereffective|p2a: Iron Crown
|-damage|p2a: Iron Crown|44/100
|
|upkeep
|turn|17
|inactive|Continental Op has 30 seconds left this turn.
|
|t:|1779913627
|move|p2a: Iron Crown|Tachyon Cutter|p1a: Clefable
|-supereffective|p1a: Clefable
|-damage|p1a: Clefable|62/100
|-supereffective|p1a: Clefable
|-damage|p1a: Clefable|19/100
|-hitcount|p1a: Clefable|2
|move|p1a: Clefable|Fire Blast|p2a: Iron Crown
|-supereffective|p2a: Iron Crown
|-damage|p2a: Iron Crown|0 fnt
|faint|p2a: Iron Crown
|-end|p2a: Iron Crown|Quark Drive|[silent]
|
|upkeep
|
|t:|1779913643
|switch|p2a: Conkeldurr|Conkeldurr, F, shiny|100/100
|turn|18
|
|t:|1779913653
|-terastallize|p2a: Conkeldurr|Poison
|move|p1a: Clefable|Draining Kiss|p2a: Conkeldurr
|-resisted|p2a: Conkeldurr
|-damage|p2a: Conkeldurr|89/100
|-heal|p1a: Clefable|28/100|[from] drain|[of] p2a: Conkeldurr
|move|p2a: Conkeldurr|Poison Jab|p1a: Clefable
|-supereffective|p1a: Clefable
|-damage|p1a: Clefable|0 fnt
|faint|p1a: Clefable
|
|upkeep
|inactive|Continental Op has 30 seconds left.
|
|t:|1779913664
|switch|p1a: Mesprit|Mesprit|74/100
|turn|19
|
|t:|1779913672
|switch|p2a: Umbreon|Umbreon, F, shiny|28/100
|move|p1a: Mesprit|Future Sight|p2a: Umbreon
|-start|p1a: Mesprit|move: Future Sight
|
|-heal|p2a: Umbreon|34/100|[from] item: Leftovers
|-heal|p1a: Mesprit|80/100|[from] item: Leftovers
|upkeep
|turn|20
|
|t:|1779913679
|move|p2a: Umbreon|Moonlight|p2a: Umbreon
|-heal|p2a: Umbreon|84/100
|move|p1a: Mesprit|U-turn|p2a: Umbreon
|-supereffective|p2a: Umbreon
|-damage|p2a: Umbreon|55/100
|
|t:|1779913691
|switch|p1a: Corviknight|Corviknight, F|87/100|[from] U-turn
|-ability|p1a: Corviknight|Pressure
|
|-heal|p2a: Umbreon|61/100|[from] item: Leftovers
|-heal|p1a: Corviknight|93/100|[from] item: Leftovers
|upkeep
|turn|21
|
|t:|1779913699
|move|p2a: Umbreon|Foul Play|p1a: Corviknight
|-damage|p1a: Corviknight|62/100
|move|p1a: Corviknight|U-turn|p2a: Umbreon
|-supereffective|p2a: Umbreon
|-damage|p2a: Umbreon|31/100
|
|t:|1779913705
|switch|p1a: Mesprit|Mesprit|80/100|[from] U-turn
|
|-end|p2a: Umbreon|move: Future Sight
|-immune|p2a: Umbreon
|-heal|p2a: Umbreon|37/100|[from] item: Leftovers
|-heal|p1a: Mesprit|86/100|[from] item: Leftovers
|upkeep
|turn|22
|
|t:|1779913717
|move|p2a: Umbreon|Toxic|p1a: Mesprit
|-status|p1a: Mesprit|tox
|move|p1a: Mesprit|U-turn|p2a: Umbreon
|-supereffective|p2a: Umbreon
|-damage|p2a: Umbreon|12/100
|
|t:|1779913720
|switch|p1a: Blastoise|Blastoise, M|83/100 tox|[from] U-turn
|
|-heal|p2a: Umbreon|18/100|[from] item: Leftovers
|-damage|p1a: Blastoise|76/100 tox|[from] psn
|upkeep
|turn|23
|
|t:|1779913728
|move|p1a: Blastoise|Aqua Jet|p2a: Umbreon
|-damage|p2a: Umbreon|8/100
|move|p2a: Umbreon|Moonlight|p2a: Umbreon
|-heal|p2a: Umbreon|58/100
|
|-heal|p2a: Umbreon|64/100|[from] item: Leftovers
|-damage|p1a: Blastoise|64/100 tox|[from] psn
|upkeep
|turn|24
|-message|Continental Op forfeited.
|
|win|siggywiggyking3
|raw|Continental Op's rating: 1105 &rarr; <strong>1081</strong><br />(-24 for losing)
|raw|siggywiggyking3's rating: 1112 &rarr; <strong>1136</strong><br />(+24 for winning)
|l|☆Continental Op
|player|p1|
|l|☆siggywiggyking3
|player|p2|
