|j|☆slowlyfadingaway
|j|☆keep your life
|t:|1779877355
|gametype|singles
|player|p1|slowlyfadingaway|veteran|1271
|player|p2|keep your life|266|1276
|gen|9
|tier|[Gen 9] OU
|rated|
|rule|HP Percentage Mod: HP is shown in percentages
|rule|Endless Battle Clause: Forcing endless battles is banned
|rule|Species Clause: Limit one of each Pokémon
|rule|OHKO Clause: OHKO moves are banned
|rule|Evasion Items Clause: Evasion items are banned
|rule|Evasion Moves Clause: Evasion moves are banned
|rule|Evasion Abilities Clause: Evasion abilities are banned
|rule|Sleep Moves Clause: Sleep-inducing moves are banned
|clearpoke
|poke|p1|Greninja-*, M|
|poke|p1|Forretress, M|
|poke|p1|Samurott-Hisui, M|
|poke|p1|Garchomp, M|
|poke|p1|Scizor, F|
|poke|p1|Diancie|
|poke|p2|Corviknight, M|
|poke|p2|Heatran, F|
|poke|p2|Clodsire, M|
|poke|p2|Alomomola, F|
|poke|p2|Iron Valiant|
|poke|p2|Rillaboom, F|
|teampreview
|inactive|Battle timer is ON: inactive players will automatically lose when time's up. (requested by keep your life)
|inactive|slowlyfadingaway also wants the timer to be on.
|
|t:|1779877369
|teamsize|p1|6
|teamsize|p2|6
|start
|switch|p1a: Samurott|Samurott-Hisui, M|100/100
|switch|p2a: Clodsire|Clodsire, M|100/100
|turn|1
|
|t:|1779877373
|move|p1a: Samurott|Ceaseless Edge|p2a: Clodsire
|-damage|p2a: Clodsire|48/100
|-sidestart|p2: keep your life|Spikes
|move|p2a: Clodsire|Toxic|p1a: Samurott
|-status|p1a: Samurott|tox
|
|-heal|p2a: Clodsire|54/100|[from] item: Leftovers
|-damage|p1a: Samurott|94/100 tox|[from] psn
|upkeep
|turn|2
|
|t:|1779877377
|switch|p2a: Alomomola|Alomomola, F|100/100
|move|p1a: Samurott|Ceaseless Edge|p2a: Alomomola|[miss]
|-miss|p1a: Samurott|p2a: Alomomola
|
|-damage|p1a: Samurott|82/100 tox|[from] psn
|upkeep
|turn|3
|
|t:|1779877382
|switch|p1a: Forretress|Forretress, M|100/100
|move|p2a: Alomomola|Wish|p2a: Alomomola
|
|upkeep
|turn|4
|
|t:|1779877386
|move|p2a: Alomomola|Flip Turn|p1a: Forretress
|-damage|p1a: Forretress|90/100
|
|t:|1779877390
|switch|p2a: Corviknight|Corviknight, M|100/100|[from] Flip Turn
|move|p1a: Forretress|Stealth Rock|p2a: Corviknight
|-sidestart|p2: keep your life|move: Stealth Rock
|
|upkeep
|turn|5
|
|t:|1779877394
|move|p2a: Corviknight|Defog|p1a: Forretress
|-unboost|p1a: Forretress|evasion|1
|-sideend|p2: keep your life|Spikes|[from] move: Defog|[of] p2a: Corviknight
|-sideend|p2: keep your life|Stealth Rock|[from] move: Defog|[of] p2a: Corviknight
|move|p1a: Forretress|Volt Switch|p2a: Corviknight
|-supereffective|p2a: Corviknight
|-damage|p2a: Corviknight|78/100
|
|t:|1779877396
|switch|p1a: Samurott|Samurott-Hisui, M|82/100 tox|[from] Volt Switch
|
|-damage|p1a: Samurott|76/100 tox|[from] psn
|upkeep
|turn|6
|
|t:|1779877403
|move|p1a: Samurott|Encore|p2a: Corviknight
|-start|p2a: Corviknight|Encore
|move|p2a: Corviknight|Defog|p1a: Samurott
|-unboost|p1a: Samurott|evasion|1
|
|-damage|p1a: Samurott|63/100 tox|[from] psn
|upkeep
|turn|7
|
|t:|1779877410
|switch|p2a: Alomomola|Alomomola, F|100/100
|move|p1a: Samurott|Ceaseless Edge|p2a: Alomomola
|-damage|p2a: Alomomola|76/100
|-sidestart|p2: keep your life|Spikes
|
|-damage|p1a: Samurott|44/100 tox|[from] psn
|upkeep
|turn|8
|
|t:|1779877414
|switch|p1a: Garchomp|Garchomp, M|100/100
|move|p2a: Alomomola|Flip Turn|p1a: Garchomp
|-damage|p1a: Garchomp|85/100
|-damage|p2a: Alomomola|64/100|[from] ability: Rough Skin|[of] p1a: Garchomp
|
|t:|1779877420
|switch|p2a: Rillaboom|Rillaboom, F|100/100|[from] Flip Turn
|-damage|p2a: Rillaboom|88/100|[from] Spikes
|-fieldstart|move: Grassy Terrain|[from] ability: Grassy Surge|[of] p2a: Rillaboom
|
|-heal|p1a: Garchomp|92/100|[from] Grassy Terrain
|-heal|p2a: Rillaboom|94/100|[from] Grassy Terrain
|upkeep
|turn|9
|
|t:|1779877425
|-terastallize|p1a: Garchomp|Dragon
|move|p1a: Garchomp|Swords Dance|p1a: Garchomp
|-boost|p1a: Garchomp|atk|2
|move|p2a: Rillaboom|Knock Off|p1a: Garchomp
|-damage|p1a: Garchomp|36/100
|-damage|p2a: Rillaboom|82/100|[from] ability: Rough Skin|[of] p1a: Garchomp
|-enditem|p1a: Garchomp|Loaded Dice|[from] move: Knock Off|[of] p2a: Rillaboom
|
|-heal|p1a: Garchomp|43/100|[from] Grassy Terrain
|-heal|p2a: Rillaboom|88/100|[from] Grassy Terrain
|upkeep
|turn|10
|
|t:|1779877435
|switch|p2a: Alomomola|Alomomola, F|97/100
|move|p1a: Garchomp|Scale Shot|p2a: Alomomola
|-damage|p2a: Alomomola|79/100
|-damage|p2a: Alomomola|61/100
|-damage|p2a: Alomomola|43/100
|-hitcount|p2a: Alomomola|3
|-unboost|p1a: Garchomp|def|1
|-boost|p1a: Garchomp|spe|1
|
|-heal|p1a: Garchomp|49/100|[from] Grassy Terrain
|-heal|p2a: Alomomola|49/100|[from] Grassy Terrain
|upkeep
|turn|11
|
|t:|1779877443
|move|p1a: Garchomp|Scale Shot|p2a: Alomomola
|-damage|p2a: Alomomola|31/100
|-damage|p2a: Alomomola|12/100
|-damage|p2a: Alomomola|0 fnt
|faint|p2a: Alomomola
|-hitcount|p2: Alomomola|3
|-unboost|p1a: Garchomp|def|1
|-boost|p1a: Garchomp|spe|1
|
|-heal|p1a: Garchomp|55/100|[from] Grassy Terrain
|upkeep
|
|t:|1779877447
|switch|p2a: Iron Valiant|Iron Valiant|100/100
|-damage|p2a: Iron Valiant|88/100|[from] Spikes
|-enditem|p2a: Iron Valiant|Booster Energy
|-activate|p2a: Iron Valiant|ability: Quark Drive|[fromitem]
|-start|p2a: Iron Valiant|quarkdrivespe
|turn|12
|
|t:|1779877452
|move|p1a: Garchomp|Fire Fang|p2a: Iron Valiant
|-damage|p2a: Iron Valiant|30/100
|move|p2a: Iron Valiant|Moonblast|p1a: Garchomp
|-supereffective|p1a: Garchomp
|-damage|p1a: Garchomp|0 fnt
|faint|p1a: Garchomp
|
|-heal|p2a: Iron Valiant|36/100|[from] Grassy Terrain
|-fieldend|move: Grassy Terrain
|upkeep
|
|t:|1779877456
|switch|p1a: Forretress|Forretress, M|90/100
|turn|13
|
|t:|1779877462
|move|p2a: Iron Valiant|Destiny Bond|p2a: Iron Valiant
|-singlemove|p2a: Iron Valiant|Destiny Bond
|move|p1a: Forretress|Stealth Rock|p2a: Iron Valiant
|-sidestart|p2: keep your life|move: Stealth Rock
|
|upkeep
|turn|14
|
|t:|1779877467
|move|p2a: Iron Valiant|Encore|p1a: Forretress
|-start|p1a: Forretress|Encore
|move|p1a: Forretress|Stealth Rock||[still]
|-fail|p1a: Forretress
|
|upkeep
|turn|15
|
|t:|1779877471
|-end|p2a: Iron Valiant|Quark Drive|[silent]
|switch|p2a: Corviknight|Corviknight, M|78/100
|-damage|p2a: Corviknight|66/100|[from] Stealth Rock
|switch|p1a: Samurott|Samurott-Hisui, M|44/100 tox
|
|-damage|p1a: Samurott|38/100 tox|[from] psn
|upkeep
|turn|16
|
|t:|1779877477
|switch|p1a: Diancie|Diancie|100/100
|move|p2a: Corviknight|Defog|p1a: Diancie
|-fail|p1a: Diancie|unboost|[from] ability: Clear Body|[of] p1a: Diancie
|-sideend|p2: keep your life|Spikes|[from] move: Defog|[of] p2a: Corviknight
|-sideend|p2: keep your life|Stealth Rock|[from] move: Defog|[of] p2a: Corviknight
|
|upkeep
|turn|17
|
|t:|1779877485
|move|p1a: Diancie|Rock Polish|p1a: Diancie
|-boost|p1a: Diancie|spe|2
|move|p2a: Corviknight|U-turn|p1a: Diancie
|-resisted|p1a: Diancie
|-damage|p1a: Diancie|93/100
|
|t:|1779877490
|switch|p2a: Rillaboom|Rillaboom, F|88/100|[from] U-turn
|-fieldstart|move: Grassy Terrain|[from] ability: Grassy Surge|[of] p2a: Rillaboom
|
|-heal|p1a: Diancie|99/100|[from] Grassy Terrain
|-heal|p2a: Rillaboom|94/100|[from] Grassy Terrain
|upkeep
|turn|18
|
|t:|1779877494
|switch|p1a: Scizor|Scizor, F|100/100
|move|p2a: Rillaboom|Wood Hammer|p1a: Scizor
|-resisted|p1a: Scizor
|-damage|p1a: Scizor|66/100
|-damage|p2a: Rillaboom|84/100|[from] Recoil
|
|-heal|p2a: Rillaboom|91/100|[from] Grassy Terrain
|-heal|p1a: Scizor|72/100|[from] Grassy Terrain
|upkeep
|turn|19
|
|t:|1779877499
|switch|p2a: Heatran|Heatran, F|100/100
|move|p1a: Scizor|U-turn|p2a: Heatran
|-resisted|p2a: Heatran
|-damage|p2a: Heatran|92/100
|
|t:|1779877508
|switch|p1a: Greninja|Greninja, M|100/100|[from] U-turn
|
|-heal|p2a: Heatran|98/100|[from] Grassy Terrain
|-heal|p2a: Heatran|100/100|[from] item: Leftovers
|upkeep
|turn|20
|
|t:|1779877511
|switch|p2a: Clodsire|Clodsire, M|54/100
|move|p1a: Greninja|Water Shuriken|p2a: Clodsire
|-heal|p2a: Clodsire|79/100|[from] ability: Water Absorb|[of] p1a: Greninja
|
|-heal|p2a: Clodsire|85/100|[from] Grassy Terrain
|-heal|p2a: Clodsire|92/100|[from] item: Leftovers
|upkeep
|turn|21
|
|t:|1779877521
|switch|p2a: Heatran|Heatran, F|100/100
|move|p1a: Greninja|Dark Pulse|p2a: Heatran
|-damage|p2a: Heatran|70/100
|
|-heal|p2a: Heatran|76/100|[from] Grassy Terrain
|-heal|p2a: Heatran|83/100|[from] item: Leftovers
|-fieldend|move: Grassy Terrain
|upkeep
|turn|22
|
|t:|1779877529
|switch|p2a: Clodsire|Clodsire, M|92/100
|move|p1a: Greninja|Water Shuriken|p2a: Clodsire
|-heal|p2a: Clodsire|100/100|[from] ability: Water Absorb|[of] p1a: Greninja
|
|upkeep
|turn|23
|
|t:|1779877534
|move|p1a: Greninja|U-turn|p2a: Clodsire
|-resisted|p2a: Clodsire
|-damage|p2a: Clodsire|93/100
|
|t:|1779877536
|switch|p1a: Forretress|Forretress, M|90/100|[from] U-turn
|move|p2a: Clodsire|Toxic|p1a: Forretress
|-immune|p1a: Forretress
|
|-heal|p2a: Clodsire|99/100|[from] item: Leftovers
|upkeep
|turn|24
|
|t:|1779877543
|move|p1a: Forretress|Stealth Rock|p2a: Clodsire
|-sidestart|p2: keep your life|move: Stealth Rock
|move|p2a: Clodsire|Earthquake|p1a: Forretress
|-damage|p1a: Forretress|76/100
|
|-heal|p2a: Clodsire|100/100|[from] item: Leftovers
|upkeep
|turn|25
|
|t:|1779877552
|switch|p2a: Corviknight|Corviknight, M|66/100
|-damage|p2a: Corviknight|53/100|[from] Stealth Rock
|move|p1a: Forretress|Body Press|p2a: Corviknight
|-damage|p2a: Corviknight|35/100
|-damage|p1a: Forretress|60/100|[from] item: Rocky Helmet|[of] p2a: Corviknight
|
|upkeep
|turn|26
|
|t:|1779877558
|move|p2a: Corviknight|Roost|p2a: Corviknight
|-heal|p2a: Corviknight|85/100
|-singleturn|p2a: Corviknight|move: Roost
|move|p1a: Forretress|Volt Switch|p2a: Corviknight
|-damage|p2a: Corviknight|75/100
|
|t:|1779877564
|switch|p1a: Diancie|Diancie|99/100|[from] Volt Switch
|
|upkeep
|turn|27
|
|t:|1779877566
|move|p1a: Diancie|Rock Polish|p1a: Diancie
|-boost|p1a: Diancie|spe|2
|move|p2a: Corviknight|U-turn|p1a: Diancie
|-resisted|p1a: Diancie
|-damage|p1a: Diancie|93/100
|
|t:|1779877568
|switch|p2a: Rillaboom|Rillaboom, F|91/100|[from] U-turn
|-damage|p2a: Rillaboom|78/100|[from] Stealth Rock
|-fieldstart|move: Grassy Terrain|[from] ability: Grassy Surge|[of] p2a: Rillaboom
|
|-heal|p1a: Diancie|99/100|[from] Grassy Terrain
|-heal|p2a: Rillaboom|84/100|[from] Grassy Terrain
|upkeep
|turn|28
|
|t:|1779877572
|move|p1a: Diancie|Meteor Beam||[still]
|-prepare|p1a: Diancie|Meteor Beam
|-boost|p1a: Diancie|spa|1
|-enditem|p1a: Diancie|Power Herb
|-anim|p1a: Diancie|Meteor Beam|p2a: Rillaboom
|-damage|p2a: Rillaboom|0 fnt
|faint|p2a: Rillaboom
|
|-heal|p1a: Diancie|100/100|[from] Grassy Terrain
|upkeep
|c|☆slowlyfadingaway|gottem
|c|☆keep your life|？
|-message|keep your life forfeited.
|
|win|slowlyfadingaway
|raw|slowlyfadingaway's rating: 1271 &rarr; <strong>1296</strong><br />(+25 for winning)
|raw|keep your life's rating: 1276 &rarr; <strong>1251</strong><br />(-25 for losing)
|l|☆keep your life
|player|p2|
|c|☆slowlyfadingaway|grassy glide?
|l|☆slowlyfadingaway
|player|p1|
|j|☆keep your life
|player|p2|keep your life|266|
|l|☆keep your life
|player|p2|
