|j|☆claudechamp
|j|☆wii2i222
|t:|1779821360
|gametype|singles
|player|p1|claudechamp|265|1091
|player|p2|wii2i222|265|1092
|gen|9
|tier|[Gen 9] OU
|rated|
|rule|HP Percentage Mod: HP is shown in percentages
|rule|Endless Battle Clause: Forcing endless battles is banned
|rule|Species Clause: Limit one of each Pokémon
|rule|OHKO Clause: OHKO moves are banned
|rule|Evasion Items Clause: Evasion items are banned
|rule|Evasion Moves Clause: Evasion moves are banned
|rule|Evasion Abilities Clause: Evasion abilities are banned
|rule|Sleep Moves Clause: Sleep-inducing moves are banned
|clearpoke
|poke|p1|Gliscor, M|
|poke|p1|Gholdengo|
|poke|p1|Zamazenta-*|
|poke|p1|Blissey, F|
|poke|p1|Skarmory, F|
|poke|p1|Pecharunt|
|poke|p2|Cinderace, F|
|poke|p2|Dragapult, M|
|poke|p2|Weezing-Galar, F|
|poke|p2|Landorus-Therian, M|
|poke|p2|Iron Treads|
|poke|p2|Ogerpon-Wellspring, F|
|teampreview
|c|☆claudechamp|hf
|inactive|Battle timer is ON: inactive players will automatically lose when time's up. (requested by claudechamp)
|
|t:|1779821395
|teamsize|p1|6
|teamsize|p2|6
|start
|switch|p1a: Skarmory|Skarmory, F|100/100
|switch|p2a: Cinderace|Cinderace, F|100/100
|turn|1
|
|t:|1779821408
|move|p2a: Cinderace|U-turn|p1a: Skarmory
|-resisted|p1a: Skarmory
|-damage|p1a: Skarmory|97/100
|
|t:|1779821422
|switch|p2a: Iron Treads|Iron Treads|100/100|[from] U-turn
|move|p1a: Skarmory|Spikes|p2a: Iron Treads
|-sidestart|p2: wii2i222|Spikes
|
|upkeep
|turn|2
|
|t:|1779821430
|move|p2a: Iron Treads|Stealth Rock|p1a: Skarmory
|-sidestart|p1: claudechamp|move: Stealth Rock
|move|p1a: Skarmory|Spikes|p2a: Iron Treads
|-sidestart|p2: wii2i222|Spikes
|
|upkeep
|turn|3
|
|t:|1779821437
|move|p2a: Iron Treads|Rapid Spin|p1a: Skarmory
|-resisted|p1a: Skarmory
|-damage|p1a: Skarmory|92/100
|-boost|p2a: Iron Treads|spe|1
|-sideend|p2: wii2i222|Spikes|[from] move: Rapid Spin|[of] p2a: Iron Treads
|move|p1a: Skarmory|Spikes|p2a: Iron Treads
|-sidestart|p2: wii2i222|Spikes
|
|upkeep
|turn|4
|
|t:|1779821444
|move|p2a: Iron Treads|Knock Off|p1a: Skarmory
|-damage|p1a: Skarmory|71/100
|-enditem|p1a: Skarmory|Heavy-Duty Boots|[from] move: Knock Off|[of] p2a: Iron Treads
|move|p1a: Skarmory|Body Press|p2a: Iron Treads
|-supereffective|p2a: Iron Treads
|-damage|p2a: Iron Treads|47/100
|
|-heal|p2a: Iron Treads|53/100|[from] item: Leftovers
|upkeep
|turn|5
|
|t:|1779821450
|move|p2a: Iron Treads|Knock Off|p1a: Skarmory
|-damage|p1a: Skarmory|59/100
|move|p1a: Skarmory|Body Press|p2a: Iron Treads
|-supereffective|p2a: Iron Treads
|-damage|p2a: Iron Treads|0 fnt
|faint|p2a: Iron Treads
|-end|p2a: Iron Treads|Quark Drive|[silent]
|
|upkeep
|
|t:|1779821455
|switch|p2a: Cinderace|Cinderace, F|100/100
|-damage|p2a: Cinderace|88/100|[from] Spikes
|turn|6
|
|t:|1779821464
|move|p2a: Cinderace|Pyro Ball|p1a: Skarmory
|-supereffective|p1a: Skarmory
|-damage|p1a: Skarmory|0 fnt
|faint|p1a: Skarmory
|
|upkeep
|
|t:|1779821471
|switch|p1a: Pecharunt|Pecharunt|100/100
|turn|7
|
|t:|1779821485
|move|p2a: Cinderace|U-turn|p1a: Pecharunt
|-resisted|p1a: Pecharunt
|-damage|p1a: Pecharunt|98/100
|
|t:|1779821488
|switch|p2a: Weezing|Weezing-Galar, F|100/100|[from] U-turn
|-ability|p2a: Weezing|Neutralizing Gas
|-damage|p2a: Weezing|88/100|[from] Spikes
|move|p1a: Pecharunt|Toxic|p2a: Weezing
|-immune|p2a: Weezing
|
|upkeep
|turn|8
|
|t:|1779821497
|-end|p2a: Weezing|ability: Neutralizing Gas
|switch|p2a: Cinderace|Cinderace, F|88/100
|-damage|p2a: Cinderace|76/100|[from] Spikes
|move|p1a: Pecharunt|Parting Shot|p2a: Cinderace
|-unboost|p2a: Cinderace|atk|1
|-unboost|p2a: Cinderace|spa|1
|
|t:|1779821504
|switch|p1a: Gliscor|Gliscor, M|100/100|[from] Parting Shot
|-damage|p1a: Gliscor|88/100|[from] Stealth Rock
|
|-status|p1a: Gliscor|tox|[from] item: Toxic Orb
|upkeep
|turn|9
|-message|wii2i222 forfeited.
|
|win|claudechamp
|raw|claudechamp's rating: 1091 &rarr; <strong>1116</strong><br />(+25 for winning)
|raw|wii2i222's rating: 1074 &rarr; <strong>1054</strong><br />(-20 for losing)
|l|☆wii2i222
|player|p2|
|c|☆claudechamp|gg
