|j|☆BrokenSand
|j|☆metallettuce52
|t:|1779885064
|gametype|singles
|player|p1|BrokenSand|102|1118
|player|p2|metallettuce52|elesa|1116
|gen|9
|tier|[Gen 9] OU
|rated|
|rule|HP Percentage Mod: HP is shown in percentages
|rule|Endless Battle Clause: Forcing endless battles is banned
|rule|Species Clause: Limit one of each Pokémon
|rule|OHKO Clause: OHKO moves are banned
|rule|Evasion Items Clause: Evasion items are banned
|rule|Evasion Moves Clause: Evasion moves are banned
|rule|Evasion Abilities Clause: Evasion abilities are banned
|rule|Sleep Moves Clause: Sleep-inducing moves are banned
|clearpoke
|poke|p1|Seviper, F|
|poke|p1|Arbok, M|
|poke|p1|Serperior, M|
|poke|p1|Sandaconda, F|
|poke|p1|Milotic, M|
|poke|p1|Eelektross, M|
|poke|p2|Serperior, F|
|poke|p2|Arcanine-Hisui, F|
|poke|p2|Gliscor, F|
|poke|p2|Clefable, F|
|poke|p2|Ursaluna, M|
|poke|p2|Blastoise, M|
|teampreview
|inactive|Battle timer is ON: inactive players will automatically lose when time's up. (requested by metallettuce52)
|
|t:|1779885074
|teamsize|p1|6
|teamsize|p2|6
|start
|switch|p1a: Eelektross|Eelektross, M|100/100
|switch|p2a: Freddy Fazzy|Ursaluna, M|100/100
|turn|1
|
|t:|1779885079
|move|p2a: Freddy Fazzy|Trailblaze|p1a: Eelektross
|-damage|p1a: Eelektross|81/100
|-boost|p2a: Freddy Fazzy|spe|1
|move|p1a: Eelektross|Knock Off|p2a: Freddy Fazzy
|-damage|p2a: Freddy Fazzy|80/100
|-enditem|p2a: Freddy Fazzy|Flame Orb|[from] move: Knock Off|[of] p1a: Eelektross
|
|upkeep
|turn|2
|
|t:|1779885089
|switch|p1a: Sandaconda|Sandaconda, F|100/100
|move|p2a: Freddy Fazzy|Bulk Up|p2a: Freddy Fazzy
|-boost|p2a: Freddy Fazzy|atk|1
|-boost|p2a: Freddy Fazzy|def|1
|
|upkeep
|turn|3
|
|t:|1779885098
|move|p2a: Freddy Fazzy|Bulk Up|p2a: Freddy Fazzy
|-boost|p2a: Freddy Fazzy|atk|1
|-boost|p2a: Freddy Fazzy|def|1
|move|p1a: Sandaconda|Glare|p2a: Freddy Fazzy
|-status|p2a: Freddy Fazzy|par
|
|upkeep
|turn|4
|
|t:|1779885107
|move|p1a: Sandaconda|Rock Tomb|p2a: Freddy Fazzy
|-resisted|p2a: Freddy Fazzy
|-damage|p2a: Freddy Fazzy|77/100 par
|-unboost|p2a: Freddy Fazzy|spe|1
|move|p2a: Freddy Fazzy|Trailblaze|p1a: Sandaconda
|-supereffective|p1a: Sandaconda
|-damage|p1a: Sandaconda|36/100
|-boost|p2a: Freddy Fazzy|spe|1
|-damage|p2a: Freddy Fazzy|61/100 par|[from] item: Rocky Helmet|[of] p1a: Sandaconda
|
|upkeep
|turn|5
|
|t:|1779885118
|move|p1a: Sandaconda|Rock Tomb|p2a: Freddy Fazzy
|-resisted|p2a: Freddy Fazzy
|-damage|p2a: Freddy Fazzy|58/100 par
|-unboost|p2a: Freddy Fazzy|spe|1
|cant|p2a: Freddy Fazzy|par
|
|upkeep
|turn|6
|
|t:|1779885126
|move|p1a: Sandaconda|Rock Tomb|p2a: Freddy Fazzy
|-resisted|p2a: Freddy Fazzy
|-damage|p2a: Freddy Fazzy|55/100 par
|-unboost|p2a: Freddy Fazzy|spe|1
|cant|p2a: Freddy Fazzy|par
|
|upkeep
|turn|7
|
|t:|1779885133
|move|p1a: Sandaconda|Rock Tomb|p2a: Freddy Fazzy
|-resisted|p2a: Freddy Fazzy
|-damage|p2a: Freddy Fazzy|52/100 par
|-unboost|p2a: Freddy Fazzy|spe|1
|move|p2a: Freddy Fazzy|Earthquake|p1a: Sandaconda
|-damage|p1a: Sandaconda|0 fnt
|faint|p1a: Sandaconda
|
|upkeep
|
|t:|1779885142
|switch|p1a: Serperior|Serperior, M|100/100
|turn|8
|
|t:|1779885146
|move|p1a: Serperior|Leaf Storm|p2a: Freddy Fazzy
|-supereffective|p2a: Freddy Fazzy
|-damage|p2a: Freddy Fazzy|0 fnt
|-boost|p1a: Serperior|spa|2
|faint|p2a: Freddy Fazzy
|
|upkeep
|
|t:|1779885149
|switch|p2a: Doug|Arcanine-Hisui, F|100/100
|turn|9
|
|t:|1779885156
|-terastallize|p1a: Serperior|Dragon
|move|p1a: Serperior|Leaf Storm|p2a: Doug
|-damage|p2a: Doug|0 fnt
|-boost|p1a: Serperior|spa|2
|faint|p2a: Doug
|
|upkeep
|
|t:|1779885165
|switch|p2a: Pac Man|Clefable, F|100/100
|turn|10
|
|t:|1779885178
|-terastallize|p2a: Pac Man|Steel
|move|p1a: Serperior|Leaf Storm|p2a: Pac Man
|-resisted|p2a: Pac Man
|-damage|p2a: Pac Man|38/100
|-boost|p1a: Serperior|spa|2
|move|p2a: Pac Man|Draining Kiss|p1a: Serperior
|-supereffective|p1a: Serperior
|-damage|p1a: Serperior|32/100
|-heal|p2a: Pac Man|75/100|[from] drain|[of] p1a: Serperior
|
|-heal|p1a: Serperior|39/100|[from] item: Leftovers
|upkeep
|turn|11
|
|t:|1779885191
|switch|p1a: Seviper|Seviper, F|100/100
|move|p2a: Pac Man|Draining Kiss|p1a: Seviper
|-resisted|p1a: Seviper
|-damage|p1a: Seviper|72/100
|-heal|p2a: Pac Man|91/100|[from] drain|[of] p1a: Seviper
|
|upkeep
|turn|12
|
|t:|1779885199
|move|p1a: Seviper|Flamethrower|p2a: Pac Man
|-supereffective|p2a: Pac Man
|-damage|p2a: Pac Man|37/100
|move|p2a: Pac Man|Calm Mind|p2a: Pac Man
|-boost|p2a: Pac Man|spa|1
|-boost|p2a: Pac Man|spd|1
|
|upkeep
|turn|13
|
|t:|1779885207
|move|p1a: Seviper|Flamethrower|p2a: Pac Man
|-supereffective|p2a: Pac Man
|-damage|p2a: Pac Man|1/100
|move|p2a: Pac Man|Draining Kiss|p1a: Seviper
|-resisted|p1a: Seviper
|-damage|p1a: Seviper|27/100
|-heal|p2a: Pac Man|26/100|[from] drain|[of] p1a: Seviper
|
|upkeep
|turn|14
|
|t:|1779885218
|move|p1a: Seviper|Flamethrower|p2a: Pac Man
|-supereffective|p2a: Pac Man
|-damage|p2a: Pac Man|0 fnt
|faint|p2a: Pac Man
|
|upkeep
|
|t:|1779885222
|switch|p2a: Annoying Orange|Gliscor, F|100/100
|turn|15
|-message|metallettuce52 forfeited.
|
|win|BrokenSand
|raw|BrokenSand's rating: 1118 &rarr; <strong>1143</strong><br />(+25 for winning)
|raw|metallettuce52's rating: 1116 &rarr; <strong>1091</strong><br />(-25 for losing)
|l|☆metallettuce52
|player|p2|
|l|☆BrokenSand
|player|p1|
