|j|☆eserraba
|j|☆BeaverMan26
|t:|1779802420
|gametype|singles
|player|p1|eserraba|101|1168
|player|p2|BeaverMan26|red|1177
|gen|9
|tier|[Gen 9] OU
|rated|
|rule|HP Percentage Mod: HP is shown in percentages
|rule|Endless Battle Clause: Forcing endless battles is banned
|rule|Species Clause: Limit one of each Pokémon
|rule|OHKO Clause: OHKO moves are banned
|rule|Evasion Items Clause: Evasion items are banned
|rule|Evasion Moves Clause: Evasion moves are banned
|rule|Evasion Abilities Clause: Evasion abilities are banned
|rule|Sleep Moves Clause: Sleep-inducing moves are banned
|clearpoke
|poke|p1|Masquerain, M|
|poke|p1|Eelektross, M|
|poke|p1|Shiftry, M|
|poke|p1|Volbeat, M|
|poke|p1|Seviper, M|
|poke|p1|Golduck, F|
|poke|p2|Decidueye-Hisui, M|
|poke|p2|Scizor, M|
|poke|p2|Ceruledge, F|
|poke|p2|Thundurus-Therian, M|
|poke|p2|Feraligatr, M|
|poke|p2|Kingambit, M|
|teampreview
|inactive|Battle timer is ON: inactive players will automatically lose when time's up. (requested by eserraba)
|
|t:|1779802449
|teamsize|p1|6
|teamsize|p2|6
|start
|switch|p1a: Eelektross|Eelektross, M|100/100
|switch|p2a: Ceruledge|Ceruledge, F|100/100
|turn|1
|
|t:|1779802454
|move|p2a: Ceruledge|Bitter Blade|p1a: Eelektross
|-damage|p1a: Eelektross|12/100
|move|p1a: Eelektross|U-turn|p2a: Ceruledge
|-resisted|p2a: Ceruledge
|-damage|p2a: Ceruledge|93/100
|-ability|p2a: Ceruledge|Weak Armor|boost
|-unboost|p2a: Ceruledge|def|1
|-boost|p2a: Ceruledge|spe|2
|
|t:|1779802463
|switch|p1a: Shiftry|Shiftry, M|100/100|[from] U-turn
|
|upkeep
|turn|2
|
|t:|1779802466
|move|p1a: Shiftry|Sucker Punch|p2a: Ceruledge
|-supereffective|p2a: Ceruledge
|-crit|p2a: Ceruledge
|-damage|p2a: Ceruledge|0 fnt
|faint|p2a: Ceruledge
|
|upkeep
|
|t:|1779802470
|switch|p2a: Scizor|Scizor, M|100/100
|turn|3
|
|t:|1779802474
|switch|p1a: Volbeat|Volbeat, M|100/100
|move|p2a: Scizor|Swords Dance|p2a: Scizor
|-boost|p2a: Scizor|atk|2
|
|upkeep
|turn|4
|
|t:|1779802480
|move|p1a: Volbeat|Encore|p2a: Scizor
|-start|p2a: Scizor|Encore
|move|p2a: Scizor|Swords Dance|p2a: Scizor
|-boost|p2a: Scizor|atk|2
|
|upkeep
|turn|5
|
|t:|1779802485
|switch|p2a: Feraligatr|Feraligatr, M|100/100
|switch|p1a: Seviper|Seviper, M|100/100
|
|upkeep
|turn|6
|
|t:|1779802490
|move|p1a: Seviper|Switcheroo|p2a: Feraligatr
|-activate|p1a: Seviper|move: Trick|[of] p2a: Feraligatr
|-item|p2a: Feraligatr|Choice Scarf|[from] move: Switcheroo
|-item|p1a: Seviper|Life Orb|[from] move: Switcheroo
|move|p2a: Feraligatr|Liquidation|p1a: Seviper
|-damage|p1a: Seviper|0 fnt
|faint|p1a: Seviper
|
|upkeep
|
|t:|1779802498
|switch|p1a: Masquerain|Masquerain, M|100/100
|-ability|p1a: Masquerain|Intimidate|boost
|-unboost|p2a: Feraligatr|atk|1
|turn|7
|
|t:|1779802504
|switch|p2a: Scizor|Scizor, M|100/100
|switch|p1a: Eelektross|Eelektross, M|12/100
|
|upkeep
|turn|8
|
|t:|1779802511
|move|p2a: Scizor|Bullet Punch|p1a: Eelektross
|-resisted|p1a: Eelektross
|-damage|p1a: Eelektross|0 fnt
|faint|p1a: Eelektross
|
|upkeep
|
|t:|1779802517
|switch|p1a: Volbeat|Volbeat, M|100/100
|turn|9
|
|t:|1779802521
|move|p2a: Scizor|Bullet Punch|p1a: Volbeat
|-damage|p1a: Volbeat|67/100
|-enditem|p1a: Volbeat|Red Card|[of] p2a: Scizor
|drag|p2a: Decidueye|Decidueye-Hisui, M|100/100
|move|p1a: Volbeat|Counter|p2a: Decidueye
|-damage|p2a: Decidueye|30/100
|
|upkeep
|turn|10
|
|t:|1779802530
|move|p2a: Decidueye|Brave Bird|p1a: Volbeat
|-supereffective|p1a: Volbeat
|-damage|p1a: Volbeat|0 fnt
|faint|p1a: Volbeat
|-damage|p2a: Decidueye|7/100|[from] Recoil
|
|upkeep
|
|t:|1779802536
|switch|p1a: Golduck|Golduck, F|100/100
|-ability|p1a: Golduck|Cloud Nine
|turn|11
|
|t:|1779802542
|move|p1a: Golduck|Surf|p2a: Decidueye
|-resisted|p2a: Decidueye
|-damage|p2a: Decidueye|0 fnt
|faint|p2a: Decidueye
|
|upkeep
|
|t:|1779802547
|switch|p2a: Thundurus|Thundurus-Therian, M|100/100
|turn|12
|
|t:|1779802550
|switch|p1a: Shiftry|Shiftry, M|100/100
|move|p2a: Thundurus|Thunderbolt|p1a: Shiftry
|-resisted|p1a: Shiftry
|-damage|p1a: Shiftry|40/100
|
|upkeep
|turn|13
|
|t:|1779802556
|move|p1a: Shiftry|Sucker Punch|p2a: Thundurus
|-damage|p2a: Thundurus|54/100
|move|p2a: Thundurus|Thunderbolt|p1a: Shiftry
|-resisted|p1a: Shiftry
|-damage|p1a: Shiftry|0 fnt
|faint|p1a: Shiftry
|
|upkeep
|
|t:|1779802563
|switch|p1a: Masquerain|Masquerain, M|100/100
|-ability|p1a: Masquerain|Intimidate|boost
|-unboost|p2a: Thundurus|atk|1
|turn|14
|
|t:|1779802568
|-terastallize|p1a: Masquerain|Ground
|move|p2a: Thundurus|Thunderbolt|p1a: Masquerain
|-immune|p1a: Masquerain
|move|p1a: Masquerain|Quiver Dance|p1a: Masquerain
|-boost|p1a: Masquerain|spa|1
|-boost|p1a: Masquerain|spd|1
|-boost|p1a: Masquerain|spe|1
|
|upkeep
|turn|15
|
|t:|1779802578
|switch|p2a: Scizor|Scizor, M|100/100
|move|p1a: Masquerain|Quiver Dance|p1a: Masquerain
|-boost|p1a: Masquerain|spa|1
|-boost|p1a: Masquerain|spd|1
|-boost|p1a: Masquerain|spe|1
|
|upkeep
|turn|16
|
|t:|1779802585
|move|p2a: Scizor|Bullet Punch|p1a: Masquerain
|-damage|p1a: Masquerain|50/100
|move|p1a: Masquerain|Mud Shot|p2a: Scizor
|-damage|p2a: Scizor|23/100
|-unboost|p2a: Scizor|spe|1
|
|upkeep
|turn|17
|
|t:|1779802593
|switch|p1a: Golduck|Golduck, F|100/100
|-ability|p1a: Golduck|Cloud Nine
|move|p2a: Scizor|Bullet Punch|p1a: Golduck
|-resisted|p1a: Golduck
|-damage|p1a: Golduck|74/100
|
|upkeep
|turn|18
|
|t:|1779802608
|move|p2a: Scizor|Bullet Punch|p1a: Golduck
|-resisted|p1a: Golduck
|-damage|p1a: Golduck|46/100
|-enditem|p1a: Golduck|Sitrus Berry|[eat]
|-heal|p1a: Golduck|71/100|[from] item: Sitrus Berry
|move|p1a: Golduck|Surf|p2a: Scizor
|-damage|p2a: Scizor|0 fnt
|faint|p2a: Scizor
|
|upkeep
|
|t:|1779802614
|switch|p2a: Thundurus|Thundurus-Therian, M|54/100
|turn|19
|
|t:|1779802618
|switch|p1a: Masquerain|Masquerain, M, tera:Ground|50/100
|-ability|p1a: Masquerain|Intimidate|boost
|-unboost|p2a: Thundurus|atk|1
|move|p2a: Thundurus|Psychic|p1a: Masquerain
|-damage|p1a: Masquerain|0 fnt
|faint|p1a: Masquerain
|
|upkeep
|
|t:|1779802625
|switch|p1a: Golduck|Golduck, F|71/100
|-ability|p1a: Golduck|Cloud Nine
|turn|20
|
|t:|1779802634
|switch|p2a: Feraligatr|Feraligatr, M|100/100
|move|p1a: Golduck|Nasty Plot|p1a: Golduck
|-boost|p1a: Golduck|spa|2
|
|upkeep
|turn|21
|
|t:|1779802639
|move|p2a: Feraligatr|Crunch|p1a: Golduck
|-damage|p1a: Golduck|25/100
|move|p1a: Golduck|Psychic Noise|p2a: Feraligatr
|-damage|p2a: Feraligatr|55/100
|-start|p2a: Feraligatr|move: Heal Block
|
|upkeep
|turn|22
|
|t:|1779802647
|move|p1a: Golduck|Vacuum Wave|p2a: Feraligatr
|-damage|p2a: Feraligatr|31/100
|move|p2a: Feraligatr|Crunch|p1a: Golduck
|-damage|p1a: Golduck|0 fnt
|faint|p1a: Golduck
|
|win|BeaverMan26
|raw|eserraba's rating: 1168 &rarr; <strong>1144</strong><br />(-24 for losing)
|raw|BeaverMan26's rating: 1177 &rarr; <strong>1201</strong><br />(+24 for winning)
|l|☆eserraba
|player|p1|
|l|☆BeaverMan26
|player|p2|
