|j|☆vavlen
|j|☆Chooir
|t:|1779844413
|gametype|singles
|player|p1|vavlen|265|1103
|player|p2|Chooir|bruno|1178
|gen|9
|tier|[Gen 9] OU
|rated|
|rule|HP Percentage Mod: HP is shown in percentages
|rule|Endless Battle Clause: Forcing endless battles is banned
|rule|Species Clause: Limit one of each Pokémon
|rule|OHKO Clause: OHKO moves are banned
|rule|Evasion Items Clause: Evasion items are banned
|rule|Evasion Moves Clause: Evasion moves are banned
|rule|Evasion Abilities Clause: Evasion abilities are banned
|rule|Sleep Moves Clause: Sleep-inducing moves are banned
|clearpoke
|poke|p1|Polteageist|
|poke|p1|Indeedee, M|
|poke|p1|Iron Valiant|
|poke|p1|Tatsugiri, F|
|poke|p1|Grafaiai, F|
|poke|p1|Iron Treads|
|poke|p2|Dragonite, F|
|poke|p2|Great Tusk|
|poke|p2|Deoxys-Speed|
|poke|p2|Gholdengo|
|poke|p2|Zamazenta-*|
|poke|p2|Iron Valiant|
|teampreview
|inactive|Battle timer is ON: inactive players will automatically lose when time's up. (requested by Chooir)
|inactive|vavlen also wants the timer to be on.
|
|t:|1779844432
|teamsize|p1|6
|teamsize|p2|6
|start
|switch|p1a: Grafaiai|Grafaiai, F|100/100
|switch|p2a: Deoxys|Deoxys-Speed|100/100
|-ability|p2a: Deoxys|Pressure
|turn|1
|
|t:|1779844447
|move|p2a: Deoxys|Stealth Rock|p1a: Grafaiai
|-sidestart|p1: vavlen|move: Stealth Rock
|move|p1a: Grafaiai|Knock Off|p2a: Deoxys
|-supereffective|p2a: Deoxys
|-damage|p2a: Deoxys|29/100
|-enditem|p2a: Deoxys|Focus Sash|[from] move: Knock Off|[of] p1a: Grafaiai
|
|upkeep
|turn|2
|
|t:|1779844457
|switch|p1a: Iron Treads|Iron Treads|100/100
|-damage|p1a: Iron Treads|97/100|[from] Stealth Rock
|-enditem|p1a: Iron Treads|Booster Energy
|-activate|p1a: Iron Treads|ability: Quark Drive|[fromitem]
|-start|p1a: Iron Treads|quarkdrivespe
|move|p2a: Deoxys|Spikes|p1a: Iron Treads
|-sidestart|p1: vavlen|Spikes
|
|upkeep
|turn|3
|
|t:|1779844481
|switch|p2a: Gholdengo|Gholdengo|100/100
|move|p1a: Iron Treads|Earthquake|p2a: Gholdengo
|-supereffective|p2a: Gholdengo
|-damage|p2a: Gholdengo|38/100
|
|upkeep
|turn|4
|
|t:|1779844503
|switch|p2a: Dragonite|Dragonite, F|100/100
|move|p1a: Iron Treads|Ice Spinner|p2a: Dragonite
|-supereffective|p2a: Dragonite
|-damage|p2a: Dragonite|51/100
|
|upkeep
|turn|5
|
|t:|1779844514
|-terastallize|p2a: Dragonite|Fire
|move|p1a: Iron Treads|Ice Spinner|p2a: Dragonite
|-resisted|p2a: Dragonite
|-crit|p2a: Dragonite
|-damage|p2a: Dragonite|33/100
|move|p2a: Dragonite|Dragon Dance|p2a: Dragonite
|-boost|p2a: Dragonite|atk|1
|-boost|p2a: Dragonite|spe|1
|
|upkeep
|turn|6
|
|t:|1779844524
|move|p1a: Iron Treads|Earthquake|p2a: Dragonite
|-supereffective|p2a: Dragonite
|-damage|p2a: Dragonite|0 fnt
|faint|p2a: Dragonite
|
|upkeep
|
|t:|1779844535
|switch|p2a: Zamazenta|Zamazenta|100/100
|-ability|p2a: Zamazenta|Dauntless Shield|boost
|-boost|p2a: Zamazenta|def|1
|turn|7
|
|t:|1779844541
|move|p1a: Iron Treads|Rapid Spin|p2a: Zamazenta
|-damage|p2a: Zamazenta|91/100
|-boost|p1a: Iron Treads|spe|1
|-sideend|p1: vavlen|Spikes|[from] move: Rapid Spin|[of] p1a: Iron Treads
|-sideend|p1: vavlen|Stealth Rock|[from] move: Rapid Spin|[of] p1a: Iron Treads
|move|p2a: Zamazenta|Close Combat|p1a: Iron Treads
|-supereffective|p1a: Iron Treads
|-damage|p1a: Iron Treads|0 fnt
|-unboost|p2a: Zamazenta|def|1
|-unboost|p2a: Zamazenta|spd|1
|faint|p1a: Iron Treads
|-end|p1a: Iron Treads|Quark Drive|[silent]
|-damage|p2a: Zamazenta|81/100|[from] item: Life Orb
|
|upkeep
|
|t:|1779844554
|switch|p1a: Indeedee|Indeedee, M|100/100
|-fieldstart|move: Psychic Terrain|[from] ability: Psychic Surge|[of] p1a: Indeedee
|turn|8
|
|t:|1779844560
|switch|p2a: Deoxys|Deoxys-Speed|29/100
|-ability|p2a: Deoxys|Pressure
|move|p1a: Indeedee|Expanding Force|p2a: Deoxys
|-resisted|p2a: Deoxys
|-damage|p2a: Deoxys|0 fnt
|faint|p2a: Deoxys
|
|upkeep
|
|t:|1779844567
|switch|p2a: Gholdengo|Gholdengo|38/100
|turn|9
|
|t:|1779844572
|-terastallize|p1a: Indeedee|Dark
|move|p1a: Indeedee|Shadow Ball|p2a: Gholdengo
|-supereffective|p2a: Gholdengo
|-damage|p2a: Gholdengo|0 fnt
|faint|p2a: Gholdengo
|
|upkeep
|
|t:|1779844590
|switch|p2a: Iron Valiant|Iron Valiant|100/100
|-enditem|p2a: Iron Valiant|Booster Energy
|-activate|p2a: Iron Valiant|ability: Quark Drive|[fromitem]
|-start|p2a: Iron Valiant|quarkdrivespe
|turn|10
|
|t:|1779844600
|move|p2a: Iron Valiant|Moonblast|p1a: Indeedee
|-supereffective|p1a: Indeedee
|-damage|p1a: Indeedee|0 fnt
|faint|p1a: Indeedee
|
|upkeep
|
|t:|1779844610
|switch|p1a: Grafaiai|Grafaiai, F|100/100
|-enditem|p1a: Grafaiai|Psychic Seed
|-boost|p1a: Grafaiai|spd|1|[from] item: Psychic Seed
|turn|11
|
|t:|1779844623
|move|p1a: Grafaiai|Gunk Shot|p2a: Iron Valiant
|-supereffective|p2a: Iron Valiant
|-damage|p2a: Iron Valiant|0 fnt
|faint|p2a: Iron Valiant
|-end|p2a: Iron Valiant|Quark Drive|[silent]
|
|upkeep
|
|t:|1779844636
|switch|p2a: Great Tusk|Great Tusk|100/100
|-enditem|p2a: Great Tusk|Booster Energy
|-activate|p2a: Great Tusk|ability: Protosynthesis|[fromitem]
|-start|p2a: Great Tusk|protosynthesisspe
|turn|12
|inactive|vavlen has 120 seconds left.
|
|t:|1779844670
|move|p1a: Grafaiai|Low Kick|p2a: Great Tusk
|-damage|p2a: Great Tusk|76/100
|move|p2a: Great Tusk|Headlong Rush|p1a: Grafaiai
|-supereffective|p1a: Grafaiai
|-damage|p1a: Grafaiai|0 fnt
|-unboost|p2a: Great Tusk|def|1
|-unboost|p2a: Great Tusk|spd|1
|faint|p1a: Grafaiai
|
|upkeep
|inactive|vavlen has 120 seconds left.
|
|t:|1779844679
|switch|p1a: Tatsugiri|Tatsugiri, F|100/100
|turn|13
|
|t:|1779844687
|move|p2a: Great Tusk|Headlong Rush|p1a: Tatsugiri
|-damage|p1a: Tatsugiri|2/100
|-unboost|p2a: Great Tusk|def|1
|-unboost|p2a: Great Tusk|spd|1
|move|p1a: Tatsugiri|Memento|p2a: Great Tusk
|-unboost|p2a: Great Tusk|atk|2
|-unboost|p2a: Great Tusk|spa|2
|faint|p1a: Tatsugiri
|
|upkeep
|
|t:|1779844697
|switch|p1a: Polteageist|Polteageist|100/100
|turn|14
|
|t:|1779844701
|move|p2a: Great Tusk|Taunt|p1a: Polteageist
|-start|p1a: Polteageist|move: Taunt
|cant|p1a: Polteageist|move: Taunt|Shell Smash
|
|upkeep
|turn|15
|
|t:|1779844707
|switch|p1a: Iron Valiant|Iron Valiant|100/100
|-enditem|p1a: Iron Valiant|Booster Energy
|-activate|p1a: Iron Valiant|ability: Quark Drive|[fromitem]
|-start|p1a: Iron Valiant|quarkdrivespe
|move|p2a: Great Tusk|Headlong Rush|p1a: Iron Valiant
|-damage|p1a: Iron Valiant|69/100
|-unboost|p2a: Great Tusk|def|1
|-unboost|p2a: Great Tusk|spd|1
|
|-fieldend|move: Psychic Terrain
|upkeep
|turn|16
|
|t:|1779844722
|-end|p2a: Great Tusk|Protosynthesis|[silent]
|switch|p2a: Zamazenta|Zamazenta|81/100
|move|p1a: Iron Valiant|Spirit Break|p2a: Zamazenta
|-supereffective|p2a: Zamazenta
|-damage|p2a: Zamazenta|12/100
|-unboost|p2a: Zamazenta|spa|1
|
|upkeep
|turn|17
|
|t:|1779844730
|move|p1a: Iron Valiant|Spirit Break|p2a: Zamazenta
|-supereffective|p2a: Zamazenta
|-damage|p2a: Zamazenta|0 fnt
|faint|p2a: Zamazenta
|
|upkeep
|
|t:|1779844733
|switch|p2a: Great Tusk|Great Tusk|76/100
|turn|18
|
|t:|1779844742
|move|p1a: Iron Valiant|Spirit Break|p2a: Great Tusk
|-supereffective|p2a: Great Tusk
|-damage|p2a: Great Tusk|23/100
|-unboost|p2a: Great Tusk|spa|1
|move|p2a: Great Tusk|Headlong Rush|p1a: Iron Valiant
|-damage|p1a: Iron Valiant|0 fnt
|-unboost|p2a: Great Tusk|def|1
|-unboost|p2a: Great Tusk|spd|1
|faint|p1a: Iron Valiant
|-end|p1a: Iron Valiant|Quark Drive|[silent]
|
|upkeep
|
|t:|1779844751
|switch|p1a: Polteageist|Polteageist|100/100
|turn|19
|
|t:|1779844756
|move|p2a: Great Tusk|Headlong Rush|p1a: Polteageist
|-damage|p1a: Polteageist|5/100
|-unboost|p2a: Great Tusk|def|1
|-unboost|p2a: Great Tusk|spd|1
|-ability|p1a: Polteageist|Weak Armor|boost
|-unboost|p1a: Polteageist|def|1
|-boost|p1a: Polteageist|spe|2
|-enditem|p1a: Polteageist|White Herb
|-clearnegativeboost|p1a: Polteageist|[silent]
|move|p1a: Polteageist|Shadow Ball|p2a: Great Tusk
|-damage|p2a: Great Tusk|0 fnt
|faint|p2a: Great Tusk
|-end|p2a: Great Tusk|Protosynthesis|[silent]
|
|win|vavlen
|raw|vavlen's rating: 1103 &rarr; <strong>1133</strong><br />(+30 for winning)
|raw|Chooir's rating: 1178 &rarr; <strong>1148</strong><br />(-30 for losing)
|l|☆Chooir
|player|p2|
|l|☆vavlen
|player|p1|
