|j|☆Hello there3.14
|j|☆HiYawn
|t:|1779840272
|gametype|singles
|player|p1|Hello there3.14|265|
|player|p2|HiYawn|paxton|
|gen|9
|tier|[Gen 9] OU
|rule|HP Percentage Mod: HP is shown in percentages
|rule|Endless Battle Clause: Forcing endless battles is banned
|rule|Species Clause: Limit one of each Pokémon
|rule|OHKO Clause: OHKO moves are banned
|rule|Evasion Items Clause: Evasion items are banned
|rule|Evasion Moves Clause: Evasion moves are banned
|rule|Evasion Abilities Clause: Evasion abilities are banned
|rule|Sleep Moves Clause: Sleep-inducing moves are banned
|clearpoke
|poke|p1|Meowscarada, F|
|poke|p1|Haxorus, M|
|poke|p1|Barraskewda, M|
|poke|p1|Gardevoir, F|
|poke|p1|Ceruledge, M|
|poke|p1|Iron Valiant|
|poke|p2|Dragonite, M|
|poke|p2|Great Tusk|
|poke|p2|Deoxys-Speed|
|poke|p2|Gholdengo|
|poke|p2|Zamazenta-*|
|poke|p2|Iron Valiant|
|teampreview
|inactive|Battle timer is ON: inactive players will automatically lose when time's up. (requested by HiYawn)
|c|☆HiYawn|glhf
|c|☆Hello there3.14|glhf
|
|t:|1779840287
|teamsize|p1|6
|teamsize|p2|6
|start
|switch|p1a: Haxorus|Haxorus, M|100/100
|switch|p2a: Deoxys|Deoxys-Speed|100/100
|-ability|p2a: Deoxys|Pressure
|-ability|p1a: Haxorus|Mold Breaker
|turn|1
|
|t:|1779840295
|move|p2a: Deoxys|Stealth Rock|p1a: Haxorus
|-sidestart|p1: Hello there3.14|move: Stealth Rock
|move|p1a: Haxorus|Dragon Dance|p1a: Haxorus
|-boost|p1a: Haxorus|atk|1
|-boost|p1a: Haxorus|spe|1
|
|upkeep
|turn|2
|
|t:|1779840303
|move|p2a: Deoxys|Taunt|p1a: Haxorus
|-start|p1a: Haxorus|move: Taunt
|cant|p1a: Haxorus|move: Taunt|Dragon Dance
|
|upkeep
|turn|3
|c|☆HiYawn|damn
|c|☆HiYawn|i had ot guess
|inactive|HiYawn has 270 seconds left.
|c|☆Hello there3.14|what will you do?
|
|t:|1779840354
|move|p2a: Deoxys|Spikes|p1a: Haxorus
|-sidestart|p1: Hello there3.14|Spikes
|move|p1a: Haxorus|Poison Jab|p2a: Deoxys
|-crit|p2a: Deoxys
|-enditem|p2a: Deoxys|Focus Sash
|-damage|p2a: Deoxys|1/100
|-damage|p1a: Haxorus|91/100|[from] item: Life Orb
|
|upkeep
|turn|4
|
|t:|1779840362
|move|p2a: Deoxys|Spikes|p1a: Haxorus
|-sidestart|p1: Hello there3.14|Spikes
|move|p1a: Haxorus|Earthquake|p2a: Deoxys
|-damage|p2a: Deoxys|0 fnt
|faint|p2a: Deoxys
|-damage|p1a: Haxorus|81/100|[from] item: Life Orb
|
|-end|p1a: Haxorus|move: Taunt
|upkeep
|inactive|HiYawn has 240 seconds left.
|c|☆Hello there3.14|I out speed every thing you have now
|inactive|HiYawn has 210 seconds left.
|c|☆Hello there3.14|hehehe
|
|t:|1779840428
|switch|p2a: Iron Valiant|Iron Valiant|100/100
|-enditem|p2a: Iron Valiant|Booster Energy
|-activate|p2a: Iron Valiant|ability: Quark Drive|[fromitem]
|-start|p2a: Iron Valiant|quarkdrivespe
|turn|5
|c|☆HiYawn|lets see about that
|c|☆HiYawn|unless
|c|☆HiYawn|its jolly
|c|☆HiYawn|then i lose
|
|t:|1779840453
|move|p2a: Iron Valiant|Moonblast|p1a: Haxorus
|-supereffective|p1a: Haxorus
|-damage|p1a: Haxorus|0 fnt
|faint|p1a: Haxorus
|
|upkeep
|c|☆HiYawn|lmfao
|c|☆HiYawn|YES
|inactive|Hello there3.14 has 270 seconds left.
|
|t:|1779840473
|switch|p1a: Meowscarada|Meowscarada, F|100/100
|-damage|p1a: Meowscarada|88/100|[from] Stealth Rock
|-damage|p1a: Meowscarada|72/100|[from] Spikes
|turn|6
|inactive|Hello there3.14 has 270 seconds left.
|inactive|HiYawn has 210 seconds left.
|
|t:|1779840482
|move|p1a: Meowscarada|Triple Axel|p2a: Iron Valiant
|-start|p1a: Meowscarada|typechange|Ice|[from] ability: Protean
|-damage|p2a: Iron Valiant|89/100
|-damage|p2a: Iron Valiant|64/100
|-damage|p2a: Iron Valiant|30/100
|-hitcount|p2a: Iron Valiant|3
|move|p2a: Iron Valiant|Moonblast|p1a: Meowscarada
|-damage|p1a: Meowscarada|8/100
|
|upkeep
|turn|7
|c|☆HiYawn|is it scarfed?
|inactive|Hello there3.14 has 270 seconds left.
|inactive|HiYawn has 210 seconds left.
|
|t:|1779840493
|move|p1a: Meowscarada|Triple Axel|p2a: Iron Valiant
|-damage|p2a: Iron Valiant|17/100
|-damage|p2a: Iron Valiant|0 fnt
|faint|p2a: Iron Valiant
|-end|p2a: Iron Valiant|Quark Drive|[silent]
|-hitcount|p2: Iron Valiant|2
|
|upkeep
|c|☆Hello there3.14|hehe
|c|☆HiYawn|yeah
|inactive|HiYawn has 210 seconds left.
|c|☆HiYawn|ik now
|
|t:|1779840502
|switch|p2a: Dragonite|Dragonite, M, shiny|100/100
|turn|8
|c|☆HiYawn|ok
|c|☆HiYawn|lets see
|c|☆HiYawn|whether
|
|t:|1779840516
|switch|p1a: Ceruledge|Ceruledge, M|100/100
|move|p2a: Dragonite|Extreme Speed|p1a: Ceruledge
|-immune|p1a: Ceruledge
|
|upkeep
|turn|9
|c|☆HiYawn|you
|c|☆HiYawn|good play
|inactive|Hello there3.14 has 270 seconds left.
|
|t:|1779840534
|-terastallize|p1a: Ceruledge|Ghost
|move|p1a: Ceruledge|Swords Dance|p1a: Ceruledge
|-boost|p1a: Ceruledge|atk|2
|move|p2a: Dragonite|Dragon Dance|p2a: Dragonite
|-boost|p2a: Dragonite|atk|1
|-boost|p2a: Dragonite|spe|1
|
|upkeep
|turn|10
|
|t:|1779840552
|move|p1a: Ceruledge|Shadow Sneak|p2a: Dragonite
|-damage|p2a: Dragonite|70/100
|move|p2a: Dragonite|Dragon Dance|p2a: Dragonite
|-boost|p2a: Dragonite|atk|1
|-boost|p2a: Dragonite|spe|1
|
|upkeep
|turn|11
|
|t:|1779840559
|move|p2a: Dragonite|Fire Punch|p1a: Ceruledge
|-start|p1a: Ceruledge|ability: Flash Fire
|move|p1a: Ceruledge|Poltergeist|p2a: Dragonite
|-activate|p2a: Dragonite|move: Poltergeist|Life Orb
|-damage|p2a: Dragonite|0 fnt
|faint|p2a: Dragonite
|
|upkeep
|c|☆HiYawn|damn
|c|☆HiYawn|lol
|c|☆HiYawn|outrage woulda killed
|c|☆HiYawn|but
|inactive|HiYawn has 210 seconds left.
|c|☆HiYawn|gard woulda been a free switch in
|
|t:|1779840588
|switch|p2a: Great Tusk|Great Tusk|100/100
|-enditem|p2a: Great Tusk|Booster Energy
|-activate|p2a: Great Tusk|ability: Protosynthesis|[fromitem]
|-start|p2a: Great Tusk|protosynthesisspe
|turn|12
|c|☆HiYawn|lmfao
|
|t:|1779840601
|move|p2a: Great Tusk|Headlong Rush|p1a: Ceruledge
|-damage|p1a: Ceruledge|23/100
|-unboost|p2a: Great Tusk|def|1
|-unboost|p2a: Great Tusk|spd|1
|move|p1a: Ceruledge|Bitter Blade|p2a: Great Tusk
|-damage|p2a: Great Tusk|0 fnt
|-heal|p1a: Ceruledge|97/100|[from] drain|[of] p2a: Great Tusk
|faint|p2a: Great Tusk
|-end|p2a: Great Tusk|Protosynthesis|[silent]
|
|upkeep
|inactive|HiYawn has 210 seconds left.
|c|☆HiYawn|Pokemon is just calculated gambling
|c|☆Hello there3.14|true
|
|t:|1779840626
|switch|p2a: Gholdengo|Gholdengo|100/100
|turn|13
|c|☆Hello there3.14|that means im a very good gambeler
|c|☆HiYawn|lmfao
|
|t:|1779840645
|-terastallize|p2a: Gholdengo|Fairy
|move|p1a: Ceruledge|Shadow Sneak|p2a: Gholdengo
|-damage|p2a: Gholdengo|53/100
|move|p2a: Gholdengo|Shadow Ball|p1a: Ceruledge
|-supereffective|p1a: Ceruledge
|-damage|p1a: Ceruledge|0 fnt
|faint|p1a: Ceruledge
|-damage|p2a: Gholdengo|43/100|[from] item: Life Orb
|
|upkeep
|c|☆HiYawn|yeah
|c|☆HiYawn|YES
|c|☆HiYawn|why not bb?
|c|☆Hello there3.14|hmm
|inactive|Hello there3.14 has 270 seconds left.
|
|t:|1779840666
|switch|p1a: Meowscarada|Meowscarada, F|8/100
|-damage|p1a: Meowscarada|0 fnt|[from] Stealth Rock
|faint|p1a: Meowscarada
|c|☆HiYawn|nice
|inactive|Hello there3.14 has 270 seconds left.
|c|☆HiYawn|ok
|c|☆HiYawn|well done ghold
|
|t:|1779840680
|switch|p1a: Gardevoir|Gardevoir, F|100/100
|-damage|p1a: Gardevoir|88/100|[from] Stealth Rock
|-damage|p1a: Gardevoir|72/100|[from] Spikes
|-ability|p1a: Gardevoir|Good as Gold|Trace|[from] ability: Trace|[of] p2a: Gholdengo
|turn|14
|c|☆HiYawn|nice KO
|inactive|Hello there3.14 has 270 seconds left.
|inactive|HiYawn has 210 seconds left.
|c|☆HiYawn|lmfao
|
|t:|1779840695
|move|p1a: Gardevoir|Moonblast|p2a: Gholdengo
|-damage|p2a: Gholdengo|0 fnt
|faint|p2a: Gholdengo
|
|upkeep
|c|☆HiYawn|im nead
|c|☆HiYawn|*dead
|inactive|HiYawn has 210 seconds left.
|
|t:|1779840700
|switch|p2a: Zamazenta|Zamazenta|100/100
|-ability|p2a: Zamazenta|Dauntless Shield|boost
|-boost|p2a: Zamazenta|def|1
|turn|15
|c|☆HiYawn|ggwp
|
|t:|1779840705
|move|p2a: Zamazenta|Heavy Slam|p1a: Gardevoir
|-supereffective|p1a: Gardevoir
|-damage|p1a: Gardevoir|0 fnt
|faint|p1a: Gardevoir
|
|upkeep
|c|☆Hello there3.14|GG
|c|☆HiYawn|rematch?
|
|t:|1779840712
|switch|p1a: Iron Valiant|Iron Valiant|100/100
|-damage|p1a: Iron Valiant|94/100|[from] Stealth Rock
|-damage|p1a: Iron Valiant|78/100|[from] Spikes
|-enditem|p1a: Iron Valiant|Booster Energy
|-activate|p1a: Iron Valiant|ability: Quark Drive|[fromitem]
|-start|p1a: Iron Valiant|quarkdrivespe
|turn|16
|c|☆HiYawn|ooh
|c|☆HiYawn|wait
|c|☆HiYawn|hold up
|
|t:|1779840725
|move|p1a: Iron Valiant|Close Combat|p2a: Zamazenta
|-damage|p2a: Zamazenta|73/100
|-unboost|p1a: Iron Valiant|def|1
|-unboost|p1a: Iron Valiant|spd|1
|move|p2a: Zamazenta|Heavy Slam|p1a: Iron Valiant
|-supereffective|p1a: Iron Valiant
|-damage|p1a: Iron Valiant|0 fnt
|faint|p1a: Iron Valiant
|-end|p1a: Iron Valiant|Quark Drive|[silent]
|
|-heal|p2a: Zamazenta|79/100|[from] item: Leftovers
|upkeep
|c|☆HiYawn|YES
|c|☆HiYawn|wait
|
|t:|1779840735
|switch|p1a: Barraskewda|Barraskewda, M|100/100
|-damage|p1a: Barraskewda|88/100|[from] Stealth Rock
|-damage|p1a: Barraskewda|71/100|[from] Spikes
|turn|17
|c|☆HiYawn|COMEBACK?!?!!
|inactive|HiYawn has 240 seconds left.
|c|☆Hello there3.14|hhmmm
|
|t:|1779840759
|move|p1a: Barraskewda|Liquidation|p2a: Zamazenta
|-damage|p2a: Zamazenta|47/100
|move|p2a: Zamazenta|Iron Defense|p2a: Zamazenta
|-boost|p2a: Zamazenta|def|2
|
|-heal|p2a: Zamazenta|53/100|[from] item: Leftovers
|upkeep
|turn|18
|c|☆Hello there3.14|how
|c|☆HiYawn|cmon
|
|t:|1779840766
|move|p1a: Barraskewda|Liquidation|p2a: Zamazenta
|-damage|p2a: Zamazenta|35/100
|-unboost|p2a: Zamazenta|def|1
|move|p2a: Zamazenta|Body Press|p1a: Barraskewda
|-damage|p1a: Barraskewda|0 fnt
|faint|p1a: Barraskewda
|
|win|HiYawn
|c|☆HiYawn|pls
|c|☆HiYawn|YES
|c|☆HiYawn|GG
|c|☆Hello there3.14|GG
|c|☆HiYawn|WP
|c|☆HiYawn|comeback of the year
