|j|☆magikarp soup
|j|☆iamverykarpy
|t:|1779884637
|gametype|singles
|player|p1|magikarp soup|medium|1628
|player|p2|iamverykarpy|colress|1708
|gen|9
|tier|[Gen 9] OU
|rated|
|rule|HP Percentage Mod: HP is shown in percentages
|rule|Endless Battle Clause: Forcing endless battles is banned
|rule|Species Clause: Limit one of each Pokémon
|rule|OHKO Clause: OHKO moves are banned
|rule|Evasion Items Clause: Evasion items are banned
|rule|Evasion Moves Clause: Evasion moves are banned
|rule|Evasion Abilities Clause: Evasion abilities are banned
|rule|Sleep Moves Clause: Sleep-inducing moves are banned
|clearpoke
|poke|p1|Cramorant, F|
|poke|p1|Ceruledge, M|
|poke|p1|Kyurem|
|poke|p1|Moltres-Galar|
|poke|p1|Kingambit, M|
|poke|p1|Okidogi, M|
|poke|p2|Cetitan, F|
|poke|p2|Slowking-Galar, M|
|poke|p2|Kyurem|
|poke|p2|Rillaboom, F|
|poke|p2|Alomomola, F|
|poke|p2|Great Tusk|
|teampreview
|inactive|Battle timer is ON: inactive players will automatically lose when time's up. (requested by iamverykarpy)
|j| 1Slyver2_
|
|t:|1779884653
|teamsize|p1|6
|teamsize|p2|6
|start
|switch|p1a: Cramorant|Cramorant, F|100/100
|switch|p2a: Great Tusk|Great Tusk|100/100
|turn|1
|inactive|magikarp soup has 120 seconds left.
|
|t:|1779884699
|-end|p2a: Great Tusk|Protosynthesis|[silent]
|switch|p2a: Slowking|Slowking-Galar, M, shiny|100/100
|move|p1a: Cramorant|Surf|p2a: Slowking
|-formechange|p1a: Cramorant|Cramorant-Gulping|
|-damage|p2a: Slowking|81/100
|
|upkeep
|turn|2
|
|t:|1779884702
|move|p1a: Cramorant|Hurricane|p2a: Slowking
|-damage|p2a: Slowking|54/100
|move|p2a: Slowking|Future Sight|p1a: Cramorant
|-start|p2a: Slowking|move: Future Sight
|
|upkeep
|turn|3
|
|t:|1779884706
|move|p1a: Cramorant|Hurricane|p2a: Slowking|[miss]
|-miss|p1a: Cramorant|p2a: Slowking
|move|p2a: Slowking|Sludge Bomb|p1a: Cramorant
|-damage|p1a: Cramorant|58/100
|-damage|p2a: Slowking|29/100|[from] ability: Gulp Missile|[of] p1a: Cramorant
|-unboost|p2a: Slowking|def|1
|-formechange|p1a: Cramorant|Cramorant|
|
|upkeep
|turn|4
|
|t:|1779884712
|switch|p2a: Rillaboom|Rillaboom, F|100/100
|-fieldstart|move: Grassy Terrain|[from] ability: Grassy Surge|[of] p2a: Rillaboom
|move|p1a: Cramorant|Surf|p2a: Rillaboom
|-formechange|p1a: Cramorant|Cramorant-Gulping|
|-resisted|p2a: Rillaboom
|-damage|p2a: Rillaboom|76/100
|
|-end|p1a: Cramorant|move: Future Sight
|-damage|p1a: Cramorant|3/100
|-heal|p2a: Rillaboom|82/100|[from] Grassy Terrain
|upkeep
|turn|5
|
|t:|1779884717
|move|p2a: Rillaboom|Grassy Glide|p1a: Cramorant
|-damage|p1a: Cramorant|0 fnt
|-damage|p2a: Rillaboom|58/100|[from] ability: Gulp Missile|[of] p1a: Cramorant
|-unboost|p2a: Rillaboom|def|1
|-formechange|p1a: Cramorant|Cramorant|
|faint|p1a: Cramorant
|
|-heal|p2a: Rillaboom|64/100|[from] Grassy Terrain
|upkeep
|
|t:|1779884723
|switch|p1a: Okidogi|Okidogi, M|100/100
|turn|6
|
|t:|1779884734
|switch|p2a: Alomomola|Alomomola, F|100/100
|move|p1a: Okidogi|Bulk Up|p1a: Okidogi
|-boost|p1a: Okidogi|atk|1
|-boost|p1a: Okidogi|def|1
|
|upkeep
|turn|7
|
|t:|1779884756
|move|p1a: Okidogi|Bulk Up|p1a: Okidogi
|-boost|p1a: Okidogi|atk|1
|-boost|p1a: Okidogi|def|1
|move|p2a: Alomomola|Scald|p1a: Okidogi
|-damage|p1a: Okidogi|85/100
|
|-heal|p1a: Okidogi|92/100|[from] Grassy Terrain
|-heal|p1a: Okidogi|98/100|[from] item: Leftovers
|upkeep
|turn|8
|
|t:|1779884767
|move|p1a: Okidogi|Gunk Shot|p2a: Alomomola
|-damage|p2a: Alomomola|29/100
|move|p2a: Alomomola|Scald|p1a: Okidogi
|-damage|p1a: Okidogi|84/100
|
|-heal|p1a: Okidogi|90/100|[from] Grassy Terrain
|-heal|p1a: Okidogi|96/100|[from] item: Leftovers
|-heal|p2a: Alomomola|35/100|[from] Grassy Terrain
|-fieldend|move: Grassy Terrain
|upkeep
|turn|9
|
|t:|1779884778
|switch|p2a: Great Tusk|Great Tusk|100/100
|move|p1a: Okidogi|Drain Punch|p2a: Great Tusk
|-damage|p2a: Great Tusk|43/100
|-heal|p1a: Okidogi|100/100|[from] drain|[of] p2a: Great Tusk
|
|-heal|p2a: Great Tusk|49/100|[from] item: Leftovers
|upkeep
|turn|10
|inactive|magikarp soup has 120 seconds left.
|inactive|magikarp soup has 90 seconds left.
|inactive|magikarp soup has 60 seconds left.
|
|t:|1779884891
|move|p2a: Great Tusk|Headlong Rush|p1a: Okidogi
|-supereffective|p1a: Okidogi
|-damage|p1a: Okidogi|53/100
|-unboost|p2a: Great Tusk|def|1
|-unboost|p2a: Great Tusk|spd|1
|move|p1a: Okidogi|Drain Punch|p2a: Great Tusk
|-damage|p2a: Great Tusk|0 fnt
|-heal|p1a: Okidogi|78/100|[from] drain|[of] p2a: Great Tusk
|faint|p2a: Great Tusk
|-end|p2a: Great Tusk|Protosynthesis|[silent]
|
|-heal|p1a: Okidogi|84/100|[from] item: Leftovers
|upkeep
|
|t:|1779884897
|switch|p2a: Kyurem|Kyurem, shiny|100/100
|-ability|p2a: Kyurem|Pressure
|turn|11
|l| 1Slyver2_
|inactive|magikarp soup has 30 seconds left.
|inactive|magikarp soup has 20 seconds left.
|inactive|magikarp soup has 15 seconds left.
|inactive|magikarp soup has 10 seconds left.
|inactive|magikarp soup has 5 seconds left.
|-message|magikarp soup lost due to inactivity.
|
|win|iamverykarpy
|raw|magikarp soup's rating: 1628 &rarr; <strong>1613</strong><br />(-15 for losing)
|raw|iamverykarpy's rating: 1708 &rarr; <strong>1723</strong><br />(+15 for winning)
|l|☆iamverykarpy
|player|p2|
|l|☆magikarp soup
|player|p1|
