|j|☆claudechamp
|j|☆eusoubrasileirouuu
|t:|1779910521
|gametype|singles
|player|p1|claudechamp|169|1121
|player|p2|eusoubrasileirouuu|101|1151
|gen|9
|tier|[Gen 9] OU
|rated|
|rule|HP Percentage Mod: HP is shown in percentages
|rule|Endless Battle Clause: Forcing endless battles is banned
|rule|Species Clause: Limit one of each Pokémon
|rule|OHKO Clause: OHKO moves are banned
|rule|Evasion Items Clause: Evasion items are banned
|rule|Evasion Moves Clause: Evasion moves are banned
|rule|Evasion Abilities Clause: Evasion abilities are banned
|rule|Sleep Moves Clause: Sleep-inducing moves are banned
|clearpoke
|poke|p1|Gliscor, M|
|poke|p1|Ogerpon, F|
|poke|p1|Walking Wake|
|poke|p1|Blissey, F|
|poke|p1|Corviknight, F|
|poke|p1|Pecharunt|
|poke|p2|Iron Valiant|
|poke|p2|Iron Hands|
|poke|p2|Avalugg, M|
|poke|p2|Toxapex, F|
|poke|p2|Vikavolt, M|
|poke|p2|Iron Moth|
|teampreview
|c|☆claudechamp|hf
|inactive|Battle timer is ON: inactive players will automatically lose when time's up. (requested by claudechamp)
|
|t:|1779910530
|teamsize|p1|6
|teamsize|p2|6
|start
|switch|p1a: Gliscor|Gliscor, M|100/100
|switch|p2a: Iron Moth|Iron Moth|100/100
|-enditem|p2a: Iron Moth|Booster Energy
|-activate|p2a: Iron Moth|ability: Quark Drive|[fromitem]
|-start|p2a: Iron Moth|quarkdrivespe
|turn|1
|
|t:|1779910556
|-end|p2a: Iron Moth|Quark Drive|[silent]
|switch|p2a: Avalugg|Avalugg, M|100/100
|move|p1a: Gliscor|Earthquake|p2a: Avalugg
|-damage|p2a: Avalugg|87/100
|
|-status|p1a: Gliscor|tox|[from] item: Toxic Orb
|upkeep
|turn|2
|
|t:|1779910570
|move|p1a: Gliscor|Spikes|p2a: Avalugg
|-sidestart|p2: eusoubrasileirouuu|Spikes
|move|p2a: Avalugg|Avalanche|p1a: Gliscor
|-supereffective|p1a: Gliscor
|-damage|p1a: Gliscor|21/100 tox
|
|-heal|p1a: Gliscor|34/100 tox|[from] ability: Poison Heal
|upkeep
|turn|3
|
|t:|1779910580
|-terastallize|p1a: Gliscor|Ghost
|move|p1a: Gliscor|Spikes|p2a: Avalugg
|-sidestart|p2: eusoubrasileirouuu|Spikes
|move|p2a: Avalugg|Avalanche|p1a: Gliscor
|-damage|p1a: Gliscor|15/100 tox
|
|-heal|p1a: Gliscor|28/100 tox|[from] ability: Poison Heal
|upkeep
|turn|4
|
|t:|1779910591
|move|p1a: Gliscor|Toxic|p2a: Avalugg
|-status|p2a: Avalugg|tox
|move|p2a: Avalugg|Rapid Spin|p1a: Gliscor
|-immune|p1a: Gliscor
|
|-heal|p1a: Gliscor|40/100 tox|[from] ability: Poison Heal
|-damage|p2a: Avalugg|81/100 tox|[from] psn
|upkeep
|turn|5
|
|t:|1779910599
|move|p1a: Gliscor|Spikes|p2a: Avalugg
|-sidestart|p2: eusoubrasileirouuu|Spikes
|move|p2a: Avalugg|Avalanche|p1a: Gliscor
|-damage|p1a: Gliscor|21/100 tox
|
|-heal|p1a: Gliscor|33/100 tox|[from] ability: Poison Heal
|-damage|p2a: Avalugg|69/100 tox|[from] psn
|upkeep
|turn|6
|
|t:|1779910606
|switch|p1a: Pecharunt|Pecharunt|100/100
|move|p2a: Avalugg|Avalanche|p1a: Pecharunt
|-damage|p1a: Pecharunt|88/100
|
|-damage|p2a: Avalugg|50/100 tox|[from] psn
|upkeep
|turn|7
|
|t:|1779910615
|move|p1a: Pecharunt|Malignant Chain|p2a: Avalugg
|-damage|p2a: Avalugg|2/100 tox
|move|p2a: Avalugg|Rapid Spin|p1a: Pecharunt
|-immune|p1a: Pecharunt
|
|-damage|p2a: Avalugg|0 fnt|[from] psn
|faint|p2a: Avalugg
|upkeep
|
|t:|1779910630
|switch|p2a: Iron Valiant|Iron Valiant|100/100
|-damage|p2a: Iron Valiant|76/100|[from] Spikes
|-enditem|p2a: Iron Valiant|Booster Energy
|-activate|p2a: Iron Valiant|ability: Quark Drive|[fromitem]
|-start|p2a: Iron Valiant|quarkdrivespe
|turn|8
|
|t:|1779910641
|-terastallize|p2a: Iron Valiant|Dark
|move|p2a: Iron Valiant|Knock Off|p1a: Pecharunt
|-supereffective|p1a: Pecharunt
|-damage|p1a: Pecharunt|36/100
|-enditem|p1a: Pecharunt|Heavy-Duty Boots|[from] move: Knock Off|[of] p2a: Iron Valiant
|move|p1a: Pecharunt|Malignant Chain|p2a: Iron Valiant
|-damage|p2a: Iron Valiant|22/100
|-status|p2a: Iron Valiant|tox
|-start|p2a: Iron Valiant|confusion|[from] ability: Poison Puppeteer|[of] p1a: Pecharunt
|
|-damage|p2a: Iron Valiant|16/100 tox|[from] psn
|upkeep
|turn|9
|
|t:|1779910655
|-activate|p2a: Iron Valiant|confusion
|move|p2a: Iron Valiant|Knock Off|p1a: Pecharunt
|-supereffective|p1a: Pecharunt
|-damage|p1a: Pecharunt|3/100
|move|p1a: Pecharunt|Recover|p1a: Pecharunt
|-heal|p1a: Pecharunt|53/100
|
|-damage|p2a: Iron Valiant|4/100 tox|[from] psn
|upkeep
|turn|10
|
|t:|1779910664
|-activate|p2a: Iron Valiant|confusion
|move|p2a: Iron Valiant|Knock Off|p1a: Pecharunt
|-supereffective|p1a: Pecharunt
|-damage|p1a: Pecharunt|23/100
|move|p1a: Pecharunt|Recover|p1a: Pecharunt
|-heal|p1a: Pecharunt|73/100
|
|-damage|p2a: Iron Valiant|0 fnt|[from] psn
|faint|p2a: Iron Valiant
|-end|p2a: Iron Valiant|Quark Drive|[silent]
|upkeep
|inactive|eusoubrasileirouuu has 120 seconds left.
|
|t:|1779910690
|switch|p2a: Vikavolt|Vikavolt, M|100/100
|turn|11
|inactive|eusoubrasileirouuu has 120 seconds left.
|
|t:|1779910701
|switch|p1a: Gliscor|Gliscor, M, tera:Ghost|33/100 tox
|move|p2a: Vikavolt|Sticky Web|p1a: Gliscor
|-sidestart|p1: claudechamp|move: Sticky Web
|
|-heal|p1a: Gliscor|45/100 tox|[from] ability: Poison Heal
|upkeep
|turn|12
|inactive|eusoubrasileirouuu has 120 seconds left.
|
|t:|1779910719
|move|p1a: Gliscor|Toxic|p2a: Vikavolt
|-status|p2a: Vikavolt|tox
|move|p2a: Vikavolt|Bug Buzz|p1a: Gliscor
|-resisted|p1a: Gliscor
|-damage|p1a: Gliscor|21/100 tox
|
|-heal|p1a: Gliscor|34/100 tox|[from] ability: Poison Heal
|-damage|p2a: Vikavolt|94/100 tox|[from] psn
|upkeep
|turn|13
|inactive|eusoubrasileirouuu has 120 seconds left.
|
|t:|1779910728
|move|p1a: Gliscor|Protect|p1a: Gliscor
|-singleturn|p1a: Gliscor|Protect
|move|p2a: Vikavolt|Energy Ball|p1a: Gliscor
|-activate|p1a: Gliscor|move: Protect
|
|-heal|p1a: Gliscor|46/100 tox|[from] ability: Poison Heal
|-damage|p2a: Vikavolt|82/100 tox|[from] psn
|upkeep
|turn|14
|
|t:|1779910736
|switch|p1a: Blissey|Blissey, F|100/100
|move|p2a: Vikavolt|Energy Ball|p1a: Blissey
|-damage|p1a: Blissey|90/100
|-unboost|p1a: Blissey|spd|1
|
|-damage|p2a: Vikavolt|64/100 tox|[from] psn
|upkeep
|turn|15
|
|t:|1779910746
|move|p2a: Vikavolt|Volt Switch|p1a: Blissey
|-damage|p1a: Blissey|72/100
|
|t:|1779910755
|switch|p2a: Iron Hands|Iron Hands|100/100|[from] Volt Switch
|-damage|p2a: Iron Hands|76/100|[from] Spikes
|-enditem|p2a: Iron Hands|Booster Energy
|-activate|p2a: Iron Hands|ability: Quark Drive|[fromitem]
|-start|p2a: Iron Hands|quarkdriveatk
|move|p1a: Blissey|Stealth Rock|p2a: Iron Hands
|-sidestart|p2: eusoubrasileirouuu|move: Stealth Rock
|
|upkeep
|turn|16
|
|t:|1779910770
|switch|p1a: Pecharunt|Pecharunt|73/100
|-activate|p1a: Pecharunt|move: Sticky Web
|-unboost|p1a: Pecharunt|spe|1
|move|p2a: Iron Hands|Ice Punch|p1a: Pecharunt
|-damage|p1a: Pecharunt|53/100
|
|upkeep
|turn|17
|
|t:|1779910784
|move|p2a: Iron Hands|Thunder Punch|p1a: Pecharunt
|-damage|p1a: Pecharunt|24/100
|move|p1a: Pecharunt|Malignant Chain|p2a: Iron Hands
|-damage|p2a: Iron Hands|49/100
|-status|p2a: Iron Hands|tox
|-start|p2a: Iron Hands|confusion|[from] ability: Poison Puppeteer|[of] p1a: Pecharunt
|
|-damage|p2a: Iron Hands|43/100 tox|[from] psn
|upkeep
|turn|18
|
|t:|1779910795
|-activate|p2a: Iron Hands|confusion
|-damage|p2a: Iron Hands|32/100 tox|[from] confusion
|move|p1a: Pecharunt|Recover|p1a: Pecharunt
|-heal|p1a: Pecharunt|74/100
|
|-damage|p2a: Iron Hands|20/100 tox|[from] psn
|upkeep
|turn|19
|
|t:|1779910806
|-activate|p2a: Iron Hands|confusion
|-damage|p2a: Iron Hands|8/100 tox|[from] confusion
|move|p1a: Pecharunt|Recover|p1a: Pecharunt
|-heal|p1a: Pecharunt|100/100
|
|-damage|p2a: Iron Hands|0 fnt|[from] psn
|faint|p2a: Iron Hands
|-end|p2a: Iron Hands|Quark Drive|[silent]
|upkeep
|inactive|eusoubrasileirouuu has 120 seconds left.
|
|t:|1779910844
|switch|p2a: Toxapex|Toxapex, F|100/100
|turn|20
|
|t:|1779910851
|move|p1a: Pecharunt|Parting Shot|p2a: Toxapex
|-unboost|p2a: Toxapex|atk|1
|-unboost|p2a: Toxapex|spa|1
|
|t:|1779910855
|switch|p1a: Walking Wake|Walking Wake|100/100|[from] Parting Shot
|move|p2a: Toxapex|Surf|p1a: Walking Wake
|-resisted|p1a: Walking Wake
|-damage|p1a: Walking Wake|97/100
|
|upkeep
|turn|21
|
|t:|1779910862
|move|p1a: Walking Wake|Surf|p2a: Toxapex
|-resisted|p2a: Toxapex
|-damage|p2a: Toxapex|83/100
|move|p2a: Toxapex|Toxic|p1a: Walking Wake
|-status|p1a: Walking Wake|tox
|
|-damage|p1a: Walking Wake|91/100 tox|[from] psn
|upkeep
|turn|22
|inactive|eusoubrasileirouuu has 120 seconds left.
|
|t:|1779910871
|move|p1a: Walking Wake|Draco Meteor|p2a: Toxapex
|-damage|p2a: Toxapex|31/100
|-unboost|p1a: Walking Wake|spa|2
|move|p2a: Toxapex|Recover|p2a: Toxapex
|-heal|p2a: Toxapex|81/100
|
|-damage|p1a: Walking Wake|78/100 tox|[from] psn
|upkeep
|turn|23
|
|t:|1779910879
|-end|p1a: Walking Wake|Protosynthesis|[silent]
|switch|p1a: Gliscor|Gliscor, M, tera:Ghost|46/100 tox
|-activate|p1a: Gliscor|move: Sticky Web
|-unboost|p1a: Gliscor|spe|1
|move|p2a: Toxapex|Recover|p2a: Toxapex
|-heal|p2a: Toxapex|100/100
|
|-heal|p1a: Gliscor|59/100 tox|[from] ability: Poison Heal
|upkeep
|turn|24
|
|t:|1779910888
|move|p1a: Gliscor|Earthquake|p2a: Toxapex
|-supereffective|p2a: Toxapex
|-damage|p2a: Toxapex|58/100
|move|p2a: Toxapex|Surf|p1a: Gliscor
|-damage|p1a: Gliscor|48/100 tox
|
|-heal|p1a: Gliscor|60/100 tox|[from] ability: Poison Heal
|upkeep
|turn|25
|
|t:|1779910896
|switch|p2a: Vikavolt|Vikavolt, M|64/100 tox
|-damage|p2a: Vikavolt|39/100 tox|[from] Stealth Rock
|move|p1a: Gliscor|Earthquake|p2a: Vikavolt
|-immune|p2a: Vikavolt|[from] ability: Levitate
|
|-damage|p2a: Vikavolt|33/100 tox|[from] psn
|-heal|p1a: Gliscor|73/100 tox|[from] ability: Poison Heal
|upkeep
|turn|26
|
|t:|1779910907
|switch|p2a: Iron Moth|Iron Moth|100/100
|-damage|p2a: Iron Moth|76/100|[from] Spikes
|-damage|p2a: Iron Moth|51/100|[from] Stealth Rock
|move|p1a: Gliscor|Protect||[still]
|-fail|p1a: Gliscor
|
|-heal|p1a: Gliscor|85/100 tox|[from] ability: Poison Heal
|upkeep
|turn|27
|
|t:|1779910916
|move|p2a: Iron Moth|Fiery Dance|p1a: Gliscor
|-damage|p1a: Gliscor|48/100 tox
|-boost|p2a: Iron Moth|spa|1
|move|p1a: Gliscor|Earthquake|p2a: Iron Moth
|-supereffective|p2a: Iron Moth
|-damage|p2a: Iron Moth|0 fnt
|faint|p2a: Iron Moth
|-end|p2a: Iron Moth|Quark Drive|[silent]
|
|-heal|p1a: Gliscor|60/100 tox|[from] ability: Poison Heal
|upkeep
|
|t:|1779910926
|switch|p2a: Vikavolt|Vikavolt, M|33/100 tox
|-damage|p2a: Vikavolt|8/100 tox|[from] Stealth Rock
|turn|28
|
|t:|1779910934
|move|p1a: Gliscor|Protect|p1a: Gliscor
|-singleturn|p1a: Gliscor|Protect
|move|p2a: Vikavolt|Bug Buzz|p1a: Gliscor
|-activate|p1a: Gliscor|move: Protect
|
|-damage|p2a: Vikavolt|2/100 tox|[from] psn
|-heal|p1a: Gliscor|73/100 tox|[from] ability: Poison Heal
|upkeep
|turn|29
|
|t:|1779910943
|switch|p1a: Pecharunt|Pecharunt|100/100
|-activate|p1a: Pecharunt|move: Sticky Web
|-unboost|p1a: Pecharunt|spe|1
|move|p2a: Vikavolt|Bug Buzz|p1a: Pecharunt
|-resisted|p1a: Pecharunt
|-damage|p1a: Pecharunt|85/100
|
|-damage|p2a: Vikavolt|0 fnt|[from] psn
|faint|p2a: Vikavolt
|upkeep
|
|t:|1779910954
|switch|p2a: Toxapex|Toxapex, F|92/100
|turn|30
|
|t:|1779910960
|move|p1a: Pecharunt|Parting Shot|p2a: Toxapex
|-unboost|p2a: Toxapex|atk|1
|-unboost|p2a: Toxapex|spa|1
|
|t:|1779910965
|switch|p1a: Gliscor|Gliscor, M, tera:Ghost|73/100 tox|[from] Parting Shot
|-activate|p1a: Gliscor|move: Sticky Web
|-unboost|p1a: Gliscor|spe|1
|move|p2a: Toxapex|Surf|p1a: Gliscor
|-damage|p1a: Gliscor|62/100 tox
|
|-heal|p1a: Gliscor|75/100 tox|[from] ability: Poison Heal
|upkeep
|turn|31
|-message|eusoubrasileirouuu forfeited.
|
|win|claudechamp
|raw|claudechamp's rating: 1189 &rarr; <strong>1211</strong><br />(+22 for winning)
|raw|eusoubrasileirouuu's rating: 1151 &rarr; <strong>1129</strong><br />(-22 for losing)
|c|☆claudechamp|gg
|l|☆eusoubrasileirouuu
|player|p2|
