|j|☆sturdy gengar
|j|☆IsntLegit
|t:|1779907534
|gametype|singles
|player|p1|sturdy gengar|101|1189
|player|p2|IsntLegit|brock|1170
|gen|9
|tier|[Gen 9] OU
|rated|
|rule|HP Percentage Mod: HP is shown in percentages
|rule|Endless Battle Clause: Forcing endless battles is banned
|rule|Species Clause: Limit one of each Pokémon
|rule|OHKO Clause: OHKO moves are banned
|rule|Evasion Items Clause: Evasion items are banned
|rule|Evasion Moves Clause: Evasion moves are banned
|rule|Evasion Abilities Clause: Evasion abilities are banned
|rule|Sleep Moves Clause: Sleep-inducing moves are banned
|clearpoke
|poke|p1|Azumarill, F|
|poke|p1|Dragonite, F|
|poke|p1|Rotom-Wash|
|poke|p1|Gloom, F|
|poke|p1|Alomomola, F|
|poke|p1|Heatran, M|
|poke|p2|Weavile, F|
|poke|p2|Alomomola, M|
|poke|p2|Gliscor, M|
|poke|p2|Klefki, F|
|poke|p2|Gengar, M|
|poke|p2|Talonflame, F|
|teampreview
|inactive|Battle timer is ON: inactive players will automatically lose when time's up. (requested by IsntLegit)
|
|t:|1779907567
|teamsize|p1|6
|teamsize|p2|6
|start
|switch|p1a: Alomomola|Alomomola, F|100/100
|switch|p2a: Gliscor|Gliscor, M, shiny|100/100
|turn|1
|
|t:|1779907580
|move|p2a: Gliscor|Stealth Rock|p1a: Alomomola
|-sidestart|p1: sturdy gengar|move: Stealth Rock
|move|p1a: Alomomola|Flip Turn|p2a: Gliscor
|-supereffective|p2a: Gliscor
|-damage|p2a: Gliscor|75/100
|
|t:|1779907586
|switch|p1a: Gloom|Gloom, F|100/100|[from] Flip Turn
|-damage|p1a: Gloom|88/100|[from] Stealth Rock
|
|-status|p2a: Gliscor|tox|[from] item: Toxic Orb
|upkeep
|turn|2
|
|t:|1779907593
|move|p2a: Gliscor|U-turn|p1a: Gloom
|-damage|p1a: Gloom|74/100
|
|t:|1779907597
|switch|p2a: Klefki|Klefki, F|100/100|[from] U-turn
|move|p1a: Gloom|Leech Seed|p2a: Klefki
|-start|p2a: Klefki|move: Leech Seed
|
|-damage|p2a: Klefki|88/100|[from] Leech Seed|[of] p1a: Gloom
|-heal|p1a: Gloom|89/100|[silent]
|upkeep
|turn|3
|
|t:|1779907612
|switch|p2a: Alomomola|Alomomola, M|100/100
|switch|p1a: Heatran|Heatran, M|100/100
|-damage|p1a: Heatran|88/100|[from] Stealth Rock
|
|upkeep
|turn|4
|
|t:|1779907622
|switch|p1a: Gloom|Gloom, F|89/100
|-damage|p1a: Gloom|76/100|[from] Stealth Rock
|move|p2a: Alomomola|Flip Turn|p1a: Gloom
|-resisted|p1a: Gloom
|-damage|p1a: Gloom|70/100
|
|t:|1779907632
|switch|p2a: Weavile|Weavile, F|100/100|[from] Flip Turn
|-ability|p2a: Weavile|Pressure
|
|upkeep
|turn|5
|
|t:|1779907640
|switch|p1a: Alomomola|Alomomola, F|100/100
|-damage|p1a: Alomomola|88/100|[from] Stealth Rock
|move|p2a: Weavile|Triple Axel|p1a: Alomomola
|-resisted|p1a: Alomomola
|-damage|p1a: Alomomola|85/100
|-damage|p2a: Weavile|84/100|[from] item: Rocky Helmet|[of] p1a: Alomomola
|-resisted|p1a: Alomomola
|-damage|p1a: Alomomola|79/100
|-damage|p2a: Weavile|68/100|[from] item: Rocky Helmet|[of] p1a: Alomomola
|-hitcount|p1a: Alomomola|2
|
|upkeep
|turn|6
|
|t:|1779907652
|move|p2a: Weavile|Knock Off|p1a: Alomomola
|-damage|p1a: Alomomola|50/100
|-damage|p2a: Weavile|51/100|[from] item: Rocky Helmet|[of] p1a: Alomomola
|-enditem|p1a: Alomomola|Rocky Helmet|[from] move: Knock Off|[of] p2a: Weavile
|move|p1a: Alomomola|Wish|p1a: Alomomola
|
|upkeep
|turn|7
|
|t:|1779907664
|switch|p2a: Gengar|Gengar, M|100/100
|move|p1a: Alomomola|Scald|p2a: Gengar
|-damage|p2a: Gengar|79/100
|-status|p2a: Gengar|brn
|
|-heal|p1a: Alomomola|100/100|[from] move: Wish|[wisher] Alomomola
|-damage|p2a: Gengar|73/100 brn|[from] brn
|upkeep
|turn|8
|
|t:|1779907676
|switch|p1a: Gloom|Gloom, F|70/100
|-damage|p1a: Gloom|57/100|[from] Stealth Rock
|move|p2a: Gengar|Thunderbolt|p1a: Gloom
|-resisted|p1a: Gloom
|-damage|p1a: Gloom|40/100
|
|-damage|p2a: Gengar|67/100 brn|[from] brn
|upkeep
|turn|9
|
|t:|1779907686
|switch|p2a: Gliscor|Gliscor, M, shiny|75/100 tox
|move|p1a: Gloom|Strength Sap|p2a: Gliscor
|-unboost|p2a: Gliscor|atk|1
|-heal|p1a: Gloom|100/100
|
|-heal|p2a: Gliscor|87/100 tox|[from] ability: Poison Heal
|upkeep
|turn|10
|
|t:|1779907695
|switch|p1a: Alomomola|Alomomola, F|100/100
|-damage|p1a: Alomomola|88/100|[from] Stealth Rock
|move|p2a: Gliscor|U-turn|p1a: Alomomola
|-damage|p1a: Alomomola|83/100
|
|t:|1779907702
|switch|p2a: Gengar|Gengar, M|67/100 brn|[from] U-turn
|
|-damage|p2a: Gengar|61/100 brn|[from] brn
|upkeep
|turn|11
|
|t:|1779907709
|move|p2a: Gengar|Shadow Ball|p1a: Alomomola
|-damage|p1a: Alomomola|2/100
|-unboost|p1a: Alomomola|spd|1
|move|p1a: Alomomola|Flip Turn|p2a: Gengar
|-damage|p2a: Gengar|27/100 brn
|-start|p1a: Alomomola|Disable|Flip Turn|[from] ability: Cursed Body|[of] p2a: Gengar
|
|t:|1779907717
|switch|p1a: Gloom|Gloom, F|100/100|[from] Flip Turn
|-damage|p1a: Gloom|88/100|[from] Stealth Rock
|
|-damage|p2a: Gengar|20/100 brn|[from] brn
|upkeep
|turn|12
|
|t:|1779907724
|move|p2a: Gengar|Shadow Ball|p1a: Gloom
|-damage|p1a: Gloom|39/100
|move|p1a: Gloom|Leech Seed|p2a: Gengar
|-start|p2a: Gengar|move: Leech Seed
|
|-damage|p2a: Gengar|8/100 brn|[from] Leech Seed|[of] p1a: Gloom
|-heal|p1a: Gloom|51/100|[silent]
|-damage|p2a: Gengar|2/100 brn|[from] brn
|upkeep
|turn|13
|
|t:|1779907738
|switch|p2a: Talonflame|Talonflame, F|100/100
|switch|p1a: Heatran|Heatran, M|88/100
|-damage|p1a: Heatran|76/100|[from] Stealth Rock
|
|upkeep
|turn|14
|
|t:|1779907747
|move|p2a: Talonflame|U-turn|p1a: Heatran
|-resisted|p1a: Heatran
|-damage|p1a: Heatran|72/100
|
|t:|1779907751
|switch|p2a: Alomomola|Alomomola, M|100/100|[from] U-turn
|move|p1a: Heatran|Dark Pulse|p2a: Alomomola
|-damage|p2a: Alomomola|79/100
|
|upkeep
|turn|15
|
|t:|1779907758
|switch|p1a: Alomomola|Alomomola, F|36/100
|-damage|p1a: Alomomola|23/100|[from] Stealth Rock
|move|p2a: Alomomola|Flip Turn|p1a: Alomomola
|-resisted|p1a: Alomomola
|-crit|p1a: Alomomola
|-damage|p1a: Alomomola|16/100
|
|t:|1779907769
|switch|p2a: Klefki|Klefki, F|88/100|[from] Flip Turn
|
|upkeep
|turn|16
|
|t:|1779907777
|switch|p1a: Heatran|Heatran, M|72/100
|-damage|p1a: Heatran|60/100|[from] Stealth Rock
|move|p2a: Klefki|Spikes|p1a: Heatran
|-sidestart|p1: sturdy gengar|Spikes
|
|upkeep
|turn|17
|
|t:|1779907786
|switch|p2a: Alomomola|Alomomola, M|100/100
|move|p1a: Heatran|Flash Cannon|p2a: Alomomola
|-resisted|p2a: Alomomola
|-damage|p2a: Alomomola|82/100
|
|upkeep
|turn|18
|
|t:|1779907796
|switch|p1a: Dragonite|Dragonite, F|100/100
|-damage|p1a: Dragonite|76/100|[from] Stealth Rock
|move|p2a: Alomomola|Flip Turn|p1a: Dragonite
|-resisted|p1a: Dragonite
|-damage|p1a: Dragonite|68/100
|
|t:|1779907803
|switch|p2a: Weavile|Weavile, F|51/100|[from] Flip Turn
|-ability|p2a: Weavile|Pressure
|
|-heal|p1a: Dragonite|74/100|[from] item: Leftovers
|upkeep
|turn|19
|
|t:|1779907813
|-terastallize|p1a: Dragonite|Normal
|move|p2a: Weavile|Triple Axel|p1a: Dragonite
|-damage|p1a: Dragonite|65/100
|-hitcount|p1a: Dragonite|1
|move|p1a: Dragonite|Dragon Dance|p1a: Dragonite
|-boost|p1a: Dragonite|atk|1
|-boost|p1a: Dragonite|spe|1
|
|-heal|p1a: Dragonite|71/100|[from] item: Leftovers
|upkeep
|turn|20
|
|t:|1779907827
|switch|p2a: Klefki|Klefki, F|88/100
|move|p1a: Dragonite|Dragon Dance|p1a: Dragonite
|-boost|p1a: Dragonite|atk|1
|-boost|p1a: Dragonite|spe|1
|
|-heal|p1a: Dragonite|77/100|[from] item: Leftovers
|upkeep
|turn|21
|
|t:|1779907838
|move|p2a: Klefki|Switcheroo|p1a: Dragonite
|-activate|p2a: Klefki|move: Trick|[of] p1a: Dragonite
|-item|p1a: Dragonite|Lagging Tail|[from] move: Switcheroo
|-item|p2a: Klefki|Leftovers|[from] move: Switcheroo
|move|p1a: Dragonite|Earthquake|p2a: Klefki
|-supereffective|p2a: Klefki
|-damage|p2a: Klefki|0 fnt
|faint|p2a: Klefki
|
|upkeep
|
|t:|1779907853
|switch|p2a: Gengar|Gengar, M|2/100 brn
|turn|22
|
|t:|1779907859
|move|p2a: Gengar|Focus Blast|p1a: Dragonite
|-supereffective|p1a: Dragonite
|-damage|p1a: Dragonite|0 fnt
|faint|p1a: Dragonite
|
|-damage|p2a: Gengar|0 fnt|[from] brn
|faint|p2a: Gengar
|upkeep
|
|t:|1779907871
|switch|p2a: Weavile|Weavile, F|51/100
|switch|p1a: Alomomola|Alomomola, F|50/100
|-ability|p2a: Weavile|Pressure
|-damage|p1a: Alomomola|37/100|[from] Stealth Rock
|-damage|p1a: Alomomola|25/100|[from] Spikes
|turn|23
|
|t:|1779907882
|move|p2a: Weavile|Knock Off|p1a: Alomomola
|-damage|p1a: Alomomola|7/100
|move|p1a: Alomomola|Wish|p1a: Alomomola
|
|upkeep
|turn|24
|
|t:|1779907887
|move|p1a: Alomomola|Protect|p1a: Alomomola
|-singleturn|p1a: Alomomola|Protect
|move|p2a: Weavile|Low Kick|p1a: Alomomola
|-activate|p1a: Alomomola|move: Protect
|
|-heal|p1a: Alomomola|57/100|[from] move: Wish|[wisher] Alomomola
|upkeep
|turn|25
|
|t:|1779907894
|move|p2a: Weavile|Low Kick|p1a: Alomomola
|-damage|p1a: Alomomola|46/100
|move|p1a: Alomomola|Wish|p1a: Alomomola
|
|upkeep
|turn|26
|
|t:|1779907906
|switch|p2a: Talonflame|Talonflame, F|100/100
|switch|p1a: Gloom|Gloom, F|51/100
|-damage|p1a: Gloom|39/100|[from] Stealth Rock
|-damage|p1a: Gloom|26/100|[from] Spikes
|
|-heal|p1a: Gloom|100/100|[from] move: Wish|[wisher] Alomomola
|upkeep
|turn|27
|-message|IsntLegit forfeited.
|
|win|sturdy gengar
|raw|sturdy gengar's rating: 1189 &rarr; <strong>1213</strong><br />(+24 for winning)
|raw|IsntLegit's rating: 1170 &rarr; <strong>1146</strong><br />(-24 for losing)
|l|☆sturdy gengar
|player|p1|
