|j|☆iamverykarpy
|j|☆choispecs ironmoth
|t:|1779890348
|gametype|singles
|player|p1|iamverykarpy|colress|1680
|player|p2|choispecs ironmoth|lucas|1598
|gen|9
|tier|[Gen 9] OU
|rated|
|rule|HP Percentage Mod: HP is shown in percentages
|rule|Endless Battle Clause: Forcing endless battles is banned
|rule|Species Clause: Limit one of each Pokémon
|rule|OHKO Clause: OHKO moves are banned
|rule|Evasion Items Clause: Evasion items are banned
|rule|Evasion Moves Clause: Evasion moves are banned
|rule|Evasion Abilities Clause: Evasion abilities are banned
|rule|Sleep Moves Clause: Sleep-inducing moves are banned
|clearpoke
|poke|p1|Cetitan, F|
|poke|p1|Slowking-Galar, M|
|poke|p1|Kyurem|
|poke|p1|Rillaboom, F|
|poke|p1|Alomomola, F|
|poke|p1|Great Tusk|
|poke|p2|Kyurem|
|poke|p2|Cinderace, M|
|poke|p2|Kingambit, F|
|poke|p2|Landorus-Therian, M|
|poke|p2|Iron Valiant|
|poke|p2|Slowking-Galar, M|
|teampreview
|inactive|Battle timer is ON: inactive players will automatically lose when time's up. (requested by iamverykarpy)
|
|t:|1779890357
|teamsize|p1|6
|teamsize|p2|6
|start
|switch|p1a: Great Tusk|Great Tusk|100/100
|switch|p2a: Kingambit|Kingambit, F|100/100
|turn|1
|
|t:|1779890362
|-end|p2a: Kingambit|fallenundefined|[silent]
|switch|p2a: Landorus|Landorus-Therian, M|100/100
|-ability|p2a: Landorus|Intimidate|boost
|-unboost|p1a: Great Tusk|atk|1
|move|p1a: Great Tusk|Headlong Rush|p2a: Landorus
|-immune|p2a: Landorus
|
|upkeep
|turn|2
|
|t:|1779890369
|move|p2a: Landorus|Earthquake|p1a: Great Tusk
|-damage|p1a: Great Tusk|69/100
|move|p1a: Great Tusk|Stealth Rock|p2a: Landorus
|-sidestart|p2: choispecs ironmoth|move: Stealth Rock
|
|-heal|p1a: Great Tusk|75/100|[from] item: Leftovers
|upkeep
|turn|3
|
|t:|1779890374
|-end|p1a: Great Tusk|Protosynthesis|[silent]
|switch|p1a: Alomomola|Alomomola, F|100/100
|move|p2a: Landorus|Earthquake|p1a: Alomomola
|-crit|p1a: Alomomola
|-damage|p1a: Alomomola|65/100
|
|upkeep
|turn|4
|
|t:|1779890380
|move|p2a: Landorus|Taunt|p1a: Alomomola
|-start|p1a: Alomomola|move: Taunt
|move|p1a: Alomomola|Flip Turn|p2a: Landorus
|-supereffective|p2a: Landorus
|-damage|p2a: Landorus|71/100
|-damage|p1a: Alomomola|48/100|[from] item: Rocky Helmet|[of] p2a: Landorus
|
|t:|1779890384
|switch|p1a: Kyurem|Kyurem, shiny|100/100|[from] Flip Turn
|-ability|p1a: Kyurem|Pressure
|
|upkeep
|turn|5
|
|t:|1779890387
|switch|p2a: Slowking|Slowking-Galar, M|100/100
|move|p1a: Kyurem|Ice Beam|p2a: Slowking
|-damage|p2a: Slowking|57/100
|
|upkeep
|turn|6
|
|t:|1779890394
|move|p1a: Kyurem|Ice Beam|p2a: Slowking
|-damage|p2a: Slowking|18/100
|move|p2a: Slowking|Sludge Bomb|p1a: Kyurem
|-damage|p1a: Kyurem|69/100
|-status|p1a: Kyurem|psn
|
|-damage|p1a: Kyurem|56/100 psn|[from] psn
|upkeep
|turn|7
|
|t:|1779890401
|switch|p2a: Cinderace|Cinderace, M|100/100
|move|p1a: Kyurem|Ice Beam|p2a: Cinderace
|-resisted|p2a: Cinderace
|-damage|p2a: Cinderace|54/100
|
|-damage|p1a: Kyurem|44/100 psn|[from] psn
|upkeep
|turn|8
|
|t:|1779890409
|move|p2a: Cinderace|Pyro Ball|p1a: Kyurem|[miss]
|-miss|p2a: Cinderace|p1a: Kyurem
|move|p1a: Kyurem|Ice Beam|p2a: Cinderace
|-resisted|p2a: Cinderace
|-damage|p2a: Cinderace|5/100
|
|-damage|p1a: Kyurem|31/100 psn|[from] psn
|upkeep
|turn|9
|
|t:|1779890414
|switch|p1a: Alomomola|Alomomola, F|82/100
|move|p2a: Cinderace|Pyro Ball|p1a: Alomomola
|-resisted|p1a: Alomomola
|-damage|p1a: Alomomola|66/100
|
|upkeep
|turn|10
|
|t:|1779890418
|move|p2a: Cinderace|U-turn|p1a: Alomomola
|-start|p2a: Cinderace|typechange|Bug|[from] ability: Libero
|-damage|p1a: Alomomola|50/100
|-damage|p2a: Cinderace|0 fnt|[from] item: Rocky Helmet|[of] p1a: Alomomola
|faint|p2a: Cinderace
|move|p1a: Alomomola|Flip Turn|p2: Cinderace|[notarget]
|-fail|p1a: Alomomola
|
|upkeep
|
|t:|1779890421
|switch|p2a: Slowking|Slowking-Galar, M|51/100
|turn|11
|
|t:|1779890425
|move|p1a: Alomomola|Flip Turn|p2a: Slowking
|-damage|p2a: Slowking|34/100
|
|t:|1779890428
|switch|p1a: Great Tusk|Great Tusk|75/100|[from] Flip Turn
|move|p2a: Slowking|Psychic Noise|p1a: Great Tusk
|-supereffective|p1a: Great Tusk
|-damage|p1a: Great Tusk|0 fnt
|faint|p1a: Great Tusk
|-end|p1a: Great Tusk|Protosynthesis|[silent]
|
|upkeep
|
|t:|1779890436
|switch|p1a: Slowking|Slowking-Galar, M, shiny|100/100
|turn|12
|
|t:|1779890440
|-prepare|p1a: Slowking|Chilly Reception|[premajor]
|move|p1a: Slowking|Chilly Reception|p1a: Slowking
|-weather|Snowscape
|
|t:|1779890444
|switch|p1a: Kyurem|Kyurem, shiny|31/100 psn|[from] Chilly Reception
|-ability|p1a: Kyurem|Pressure
|move|p2a: Slowking|Thunder Wave||[still]
|-fail|p2a: Slowking
|
|-weather|Snowscape|[upkeep]
|-damage|p1a: Kyurem|19/100 psn|[from] psn
|upkeep
|turn|13
|
|t:|1779890452
|switch|p2a: Landorus|Landorus-Therian, M|71/100
|-damage|p2a: Landorus|58/100|[from] Stealth Rock
|-ability|p2a: Landorus|Intimidate|boost
|-unboost|p1a: Kyurem|atk|1
|move|p1a: Kyurem|Ice Beam|p2a: Landorus
|-supereffective|p2a: Landorus
|-damage|p2a: Landorus|0 fnt
|faint|p2a: Landorus
|
|-weather|Snowscape|[upkeep]
|-damage|p1a: Kyurem|6/100 psn|[from] psn
|upkeep
|
|t:|1779890460
|switch|p2a: Slowking|Slowking-Galar, M|67/100
|turn|14
|
|t:|1779890462
|move|p1a: Kyurem|Ice Beam|p2a: Slowking
|-damage|p2a: Slowking|26/100
|-prepare|p2a: Slowking|Chilly Reception|[premajor]
|move|p2a: Slowking|Chilly Reception|p2a: Slowking
|
|t:|1779890466
|switch|p2a: Kyurem|Kyurem|100/100|[from] Chilly Reception
|-damage|p2a: Kyurem|76/100|[from] Stealth Rock
|-ability|p2a: Kyurem|Pressure
|
|-weather|Snowscape|[upkeep]
|-damage|p1a: Kyurem|0 fnt|[from] psn
|faint|p1a: Kyurem
|upkeep
|
|t:|1779890471
|switch|p1a: Cetitan|Cetitan, F, shiny|100/100
|turn|15
|
|t:|1779890474
|move|p1a: Cetitan|Ice Spinner|p2a: Kyurem
|-damage|p2a: Kyurem|57/100
|move|p2a: Kyurem|Body Press|p1a: Cetitan
|-supereffective|p1a: Cetitan
|-damage|p1a: Cetitan|73/100
|
|-weather|Snowscape|[upkeep]
|upkeep
|turn|16
|
|t:|1779890480
|move|p1a: Cetitan|Ice Spinner|p2a: Kyurem
|-damage|p2a: Kyurem|36/100
|move|p2a: Kyurem|Body Press|p1a: Cetitan
|-supereffective|p1a: Cetitan
|-damage|p1a: Cetitan|49/100
|-enditem|p1a: Cetitan|Sitrus Berry|[eat]
|-heal|p1a: Cetitan|74/100|[from] item: Sitrus Berry
|
|-weather|none
|upkeep
|turn|17
|
|t:|1779890486
|move|p2a: Kyurem|Body Press|p1a: Cetitan
|-supereffective|p1a: Cetitan
|-damage|p1a: Cetitan|34/100
|move|p1a: Cetitan|Ice Spinner|p2a: Kyurem
|-damage|p2a: Kyurem|5/100
|
|upkeep
|turn|18
|
|t:|1779890494
|move|p1a: Cetitan|Ice Shard|p2a: Kyurem
|-damage|p2a: Kyurem|0 fnt
|faint|p2a: Kyurem
|
|upkeep
|
|t:|1779890501
|switch|p2a: Kingambit|Kingambit, F|100/100
|-damage|p2a: Kingambit|94/100|[from] Stealth Rock
|-activate|p2a: Kingambit|ability: Supreme Overlord
|-start|p2a: Kingambit|fallen3|[silent]
|turn|19
|
|t:|1779890506
|switch|p1a: Alomomola|Alomomola, F|83/100
|move|p2a: Kingambit|Kowtow Cleave|p1a: Alomomola
|-damage|p1a: Alomomola|47/100
|-damage|p2a: Kingambit|78/100|[from] item: Rocky Helmet|[of] p1a: Alomomola
|
|-heal|p2a: Kingambit|84/100|[from] item: Leftovers
|upkeep
|turn|20
|
|t:|1779890509
|move|p2a: Kingambit|Swords Dance|p2a: Kingambit
|-boost|p2a: Kingambit|atk|2
|move|p1a: Alomomola|Scald|p2a: Kingambit
|-damage|p2a: Kingambit|69/100
|
|-heal|p2a: Kingambit|75/100|[from] item: Leftovers
|upkeep
|turn|21
|
|t:|1779890514
|move|p2a: Kingambit|Kowtow Cleave|p1a: Alomomola
|-damage|p1a: Alomomola|0 fnt
|-damage|p2a: Kingambit|58/100|[from] item: Rocky Helmet|[of] p1a: Alomomola
|faint|p1a: Alomomola
|
|-heal|p2a: Kingambit|64/100|[from] item: Leftovers
|upkeep
|
|t:|1779890517
|switch|p1a: Rillaboom|Rillaboom, F|100/100
|-fieldstart|move: Grassy Terrain|[from] ability: Grassy Surge|[of] p1a: Rillaboom
|turn|22
|
|t:|1779890526
|-terastallize|p1a: Rillaboom|Grass
|move|p1a: Rillaboom|Grassy Glide|p2a: Kingambit
|-resisted|p2a: Kingambit
|-damage|p2a: Kingambit|28/100
|move|p2a: Kingambit|Sucker Punch||[still]
|-fail|p2a: Kingambit
|
|-heal|p2a: Kingambit|34/100|[from] Grassy Terrain
|-heal|p2a: Kingambit|40/100|[from] item: Leftovers
|upkeep
|turn|23
|
|t:|1779890532
|move|p1a: Rillaboom|Grassy Glide|p2a: Kingambit
|-resisted|p2a: Kingambit
|-damage|p2a: Kingambit|3/100
|move|p2a: Kingambit|Sucker Punch||[still]
|-fail|p2a: Kingambit
|
|-heal|p2a: Kingambit|9/100|[from] Grassy Terrain
|-heal|p2a: Kingambit|15/100|[from] item: Leftovers
|upkeep
|turn|24
|
|t:|1779890536
|move|p1a: Rillaboom|Grassy Glide|p2a: Kingambit
|-resisted|p2a: Kingambit
|-damage|p2a: Kingambit|0 fnt
|faint|p2a: Kingambit
|-end|p2a: Kingambit|fallen3|[silent]
|
|upkeep
|
|t:|1779890539
|switch|p2a: Slowking|Slowking-Galar, M|60/100
|turn|25
|
|t:|1779890542
|switch|p1a: Slowking|Slowking-Galar, M, shiny|100/100
|move|p2a: Slowking|Sludge Bomb|p1a: Slowking
|-resisted|p1a: Slowking
|-damage|p1a: Slowking|91/100
|
|-heal|p2a: Slowking|66/100|[from] Grassy Terrain
|-heal|p1a: Slowking|97/100|[from] Grassy Terrain
|upkeep
|turn|26
|
|t:|1779890545
|move|p2a: Slowking|Thunder Wave|p1a: Slowking
|-status|p1a: Slowking|par
|move|p1a: Slowking|Future Sight|p2a: Slowking
|-start|p1a: Slowking|move: Future Sight
|
|-heal|p2a: Slowking|72/100|[from] Grassy Terrain
|-heal|p1a: Slowking|100/100 par|[from] Grassy Terrain
|-fieldend|move: Grassy Terrain
|upkeep
|turn|27
|
|t:|1779890552
|-prepare|p2a: Slowking|Chilly Reception|[premajor]
|move|p2a: Slowking|Chilly Reception|p2a: Slowking
|-weather|Snowscape
|
|t:|1779890553
|switch|p2a: Iron Valiant|Iron Valiant|100/100|[from] Chilly Reception
|-damage|p2a: Iron Valiant|94/100|[from] Stealth Rock
|-enditem|p2a: Iron Valiant|Booster Energy
|-activate|p2a: Iron Valiant|ability: Quark Drive|[fromitem]
|-start|p2a: Iron Valiant|quarkdrivespe
|-prepare|p1a: Slowking|Chilly Reception|[premajor]
|move|p1a: Slowking|Chilly Reception|p1a: Slowking
|c|☆iamverykarpy|well now i outslow
|
|t:|1779890557
|switch|p1a: Cetitan|Cetitan, F, shiny|34/100|[from] Chilly Reception
|
|-weather|Snowscape|[upkeep]
|upkeep
|turn|28
|
|t:|1779890561
|move|p1a: Cetitan|Ice Shard|p2a: Iron Valiant
|-damage|p2a: Iron Valiant|67/100
|move|p2a: Iron Valiant|Moonblast|p1a: Cetitan
|-damage|p1a: Cetitan|0 fnt
|faint|p1a: Cetitan
|
|-weather|Snowscape|[upkeep]
|-end|p2a: Iron Valiant|move: Future Sight
|-supereffective|p2a: Iron Valiant
|-damage|p2a: Iron Valiant|0 fnt
|faint|p2a: Iron Valiant
|-end|p2a: Iron Valiant|Quark Drive|[silent]
|upkeep
|
|t:|1779890567
|switch|p2a: Slowking|Slowking-Galar, M|100/100
|switch|p1a: Rillaboom|Rillaboom, F, tera:Grass|100/100
|-fieldstart|move: Grassy Terrain|[from] ability: Grassy Surge|[of] p1a: Rillaboom
|turn|29
|
|t:|1779890569
|move|p1a: Rillaboom|Knock Off|p2a: Slowking
|-supereffective|p2a: Slowking
|-damage|p2a: Slowking|0 fnt
|-enditem|p2a: Slowking|Heavy-Duty Boots|[from] move: Knock Off|[of] p1a: Rillaboom
|faint|p2a: Slowking
|
|win|iamverykarpy
|raw|iamverykarpy's rating: 1680 &rarr; <strong>1695</strong><br />(+15 for winning)
|raw|choispecs ironmoth's rating: 1598 &rarr; <strong>1583</strong><br />(-15 for losing)
|l|☆iamverykarpy
|player|p1|
|l|☆choispecs ironmoth
|player|p2|
