|j|☆Menaxelum
|j|☆Slopslop no Midren
|t:|1779816786
|gametype|singles
|player|p1|Menaxelum|adaman|1605
|player|p2|Slopslop no Midren|102|1644
|gen|9
|tier|[Gen 9] OU
|rated|
|rule|HP Percentage Mod: HP is shown in percentages
|rule|Endless Battle Clause: Forcing endless battles is banned
|rule|Species Clause: Limit one of each Pokémon
|rule|OHKO Clause: OHKO moves are banned
|rule|Evasion Items Clause: Evasion items are banned
|rule|Evasion Moves Clause: Evasion moves are banned
|rule|Evasion Abilities Clause: Evasion abilities are banned
|rule|Sleep Moves Clause: Sleep-inducing moves are banned
|clearpoke
|poke|p1|Dragapult, F|
|poke|p1|Alomomola, F|
|poke|p1|Ting-Lu|
|poke|p1|Kyurem|
|poke|p1|Weezing-Galar, F|
|poke|p1|Corviknight, F|
|poke|p2|Magnezone|
|poke|p2|Dragonite, F|
|poke|p2|Great Tusk|
|poke|p2|Iron Valiant|
|poke|p2|Samurott-Hisui, M|
|poke|p2|Slowking-Galar, F|
|teampreview
|inactive|Battle timer is ON: inactive players will automatically lose when time's up. (requested by Slopslop no Midren)
|inactive|Menaxelum also wants the timer to be on.
|
|t:|1779816808
|teamsize|p1|6
|teamsize|p2|6
|start
|switch|p1a: Gweezy Jibbs|Weezing-Galar, F|100/100
|switch|p2a: Magnezone|Magnezone|100/100
|-ability|p1a: Gweezy Jibbs|Neutralizing Gas
|turn|1
|
|t:|1779816816
|-end|p1a: Gweezy Jibbs|ability: Neutralizing Gas
|switch|p1a: Ting-Lu|Ting-Lu|100/100
|-ability|p1a: Ting-Lu|Vessel of Ruin
|move|p2a: Magnezone|Flash Cannon|p1a: Ting-Lu
|-damage|p1a: Ting-Lu|82/100
|
|-heal|p1a: Ting-Lu|88/100|[from] item: Leftovers
|upkeep
|turn|2
|
|t:|1779816831
|switch|p2a: Great Tusk|Great Tusk|100/100
|move|p1a: Ting-Lu|Stealth Rock|p2a: Great Tusk
|-sidestart|p2: Slopslop no Midren|move: Stealth Rock
|
|-heal|p1a: Ting-Lu|95/100|[from] item: Leftovers
|upkeep
|turn|3
|
|t:|1779816837
|switch|p1a: Alomomola|Alomomola, F|100/100
|move|p2a: Great Tusk|Stealth Rock|p1a: Alomomola
|-sidestart|p1: Menaxelum|move: Stealth Rock
|
|upkeep
|turn|4
|
|t:|1779816841
|move|p2a: Great Tusk|Rapid Spin|p1a: Alomomola
|-damage|p1a: Alomomola|93/100
|-boost|p2a: Great Tusk|spe|1
|-damage|p2a: Great Tusk|84/100|[from] item: Rocky Helmet|[of] p1a: Alomomola
|-sideend|p2: Slopslop no Midren|Stealth Rock|[from] move: Rapid Spin|[of] p2a: Great Tusk
|move|p1a: Alomomola|Flip Turn|p2a: Great Tusk
|-supereffective|p2a: Great Tusk
|-damage|p2a: Great Tusk|65/100
|-damage|p1a: Alomomola|77/100|[from] item: Rocky Helmet|[of] p2a: Great Tusk
|
|t:|1779816848
|switch|p1a: Corviknight|Corviknight, F|100/100|[from] Flip Turn
|-damage|p1a: Corviknight|88/100|[from] Stealth Rock
|-ability|p1a: Corviknight|Pressure
|
|-heal|p1a: Corviknight|94/100|[from] item: Leftovers
|upkeep
|turn|5
|
|t:|1779816856
|-end|p2a: Great Tusk|Protosynthesis|[silent]
|switch|p2a: Magnezone|Magnezone|100/100
|move|p1a: Corviknight|Defog|p2a: Magnezone
|-unboost|p2a: Magnezone|evasion|1
|-sideend|p1: Menaxelum|Stealth Rock|[from] move: Defog|[of] p1a: Corviknight
|
|-heal|p1a: Corviknight|100/100|[from] item: Leftovers
|upkeep
|turn|6
|
|t:|1779816869
|move|p2a: Magnezone|Thunderbolt|p1a: Corviknight
|-supereffective|p1a: Corviknight
|-damage|p1a: Corviknight|20/100
|move|p1a: Corviknight|U-turn|p2a: Magnezone
|-resisted|p2a: Magnezone
|-damage|p2a: Magnezone|93/100
|
|t:|1779816872
|switch|p1a: Ting-Lu|Ting-Lu|95/100|[from] U-turn
|-ability|p1a: Ting-Lu|Vessel of Ruin
|
|-heal|p1a: Ting-Lu|100/100|[from] item: Leftovers
|upkeep
|turn|7
|
|t:|1779816881
|switch|p2a: Great Tusk|Great Tusk|65/100
|move|p1a: Ting-Lu|Ruination|p2a: Great Tusk
|-damage|p2a: Great Tusk|33/100
|
|upkeep
|turn|8
|
|t:|1779816895
|move|p2a: Great Tusk|Stealth Rock|p1a: Ting-Lu
|-sidestart|p1: Menaxelum|move: Stealth Rock
|move|p1a: Ting-Lu|Earthquake|p2a: Great Tusk
|-damage|p2a: Great Tusk|8/100
|
|upkeep
|turn|9
|
|t:|1779816904
|-end|p2a: Great Tusk|Protosynthesis|[silent]
|switch|p2a: Samurott|Samurott-Hisui, M|100/100
|move|p1a: Ting-Lu|Stealth Rock|p2a: Samurott
|-sidestart|p2: Slopslop no Midren|move: Stealth Rock
|
|upkeep
|turn|10
|
|t:|1779816913
|switch|p1a: Alomomola|Alomomola, F|100/100
|-damage|p1a: Alomomola|88/100|[from] Stealth Rock
|move|p2a: Samurott|Ceaseless Edge|p1a: Alomomola
|-damage|p1a: Alomomola|64/100
|-damage|p2a: Samurott|84/100|[from] item: Rocky Helmet|[of] p1a: Alomomola
|-sidestart|p1: Menaxelum|Spikes
|
|upkeep
|turn|11
|
|t:|1779816923
|move|p2a: Samurott|Ceaseless Edge|p1a: Alomomola
|-damage|p1a: Alomomola|39/100
|-damage|p2a: Samurott|67/100|[from] item: Rocky Helmet|[of] p1a: Alomomola
|-sidestart|p1: Menaxelum|Spikes
|move|p1a: Alomomola|Wish|p1a: Alomomola
|
|upkeep
|turn|12
|
|t:|1779816927
|move|p2a: Samurott|Ceaseless Edge|p1a: Alomomola
|-damage|p1a: Alomomola|17/100
|-damage|p2a: Samurott|51/100|[from] item: Rocky Helmet|[of] p1a: Alomomola
|-sidestart|p1: Menaxelum|Spikes
|move|p1a: Alomomola|Flip Turn|p2a: Samurott
|-resisted|p2a: Samurott
|-damage|p2a: Samurott|41/100
|
|t:|1779816930
|switch|p1a: Corviknight|Corviknight, F|20/100|[from] Flip Turn
|-damage|p1a: Corviknight|8/100|[from] Stealth Rock
|-ability|p1a: Corviknight|Pressure
|
|-heal|p1a: Corviknight|75/100|[from] move: Wish|[wisher] Alomomola
|-heal|p1a: Corviknight|81/100|[from] item: Leftovers
|upkeep
|turn|13
|
|t:|1779816935
|switch|p2a: Magnezone|Magnezone|93/100
|-damage|p2a: Magnezone|87/100|[from] Stealth Rock
|move|p1a: Corviknight|Defog|p2a: Magnezone
|-unboost|p2a: Magnezone|evasion|1
|-sideend|p2: Slopslop no Midren|Stealth Rock|[from] move: Defog|[of] p1a: Corviknight
|-sideend|p1: Menaxelum|Spikes|[from] move: Defog|[of] p1a: Corviknight
|-sideend|p1: Menaxelum|Stealth Rock|[from] move: Defog|[of] p1a: Corviknight
|
|-heal|p1a: Corviknight|87/100|[from] item: Leftovers
|upkeep
|turn|14
|
|t:|1779816940
|move|p2a: Magnezone|Thunderbolt|p1a: Corviknight
|-supereffective|p1a: Corviknight
|-damage|p1a: Corviknight|6/100
|move|p1a: Corviknight|U-turn|p2a: Magnezone
|-resisted|p2a: Magnezone
|-damage|p2a: Magnezone|79/100
|
|t:|1779816944
|switch|p1a: Alomomola|Alomomola, F|51/100|[from] U-turn
|
|upkeep
|turn|15
|
|t:|1779816949
|switch|p2a: Samurott|Samurott-Hisui, M|41/100
|switch|p1a: Ting-Lu|Ting-Lu|100/100
|-ability|p1a: Ting-Lu|Vessel of Ruin
|
|upkeep
|turn|16
|
|t:|1779816955
|move|p2a: Samurott|Ceaseless Edge|p1a: Ting-Lu
|-resisted|p1a: Ting-Lu
|-damage|p1a: Ting-Lu|89/100
|-sidestart|p1: Menaxelum|Spikes
|move|p1a: Ting-Lu|Earthquake|p2a: Samurott
|-damage|p2a: Samurott|0 fnt
|faint|p2a: Samurott
|
|-heal|p1a: Ting-Lu|95/100|[from] item: Leftovers
|upkeep
|
|t:|1779816962
|switch|p2a: Iron Valiant|Iron Valiant|100/100
|-enditem|p2a: Iron Valiant|Booster Energy
|-activate|p2a: Iron Valiant|ability: Quark Drive|[fromitem]
|-start|p2a: Iron Valiant|quarkdrivespe
|turn|17
|
|t:|1779816967
|switch|p1a: Gweezy Jibbs|Weezing-Galar, F|100/100
|-ability|p1a: Gweezy Jibbs|Neutralizing Gas
|-damage|p1a: Gweezy Jibbs|88/100|[from] Spikes
|move|p2a: Iron Valiant|Close Combat|p1a: Gweezy Jibbs
|-resisted|p1a: Gweezy Jibbs
|-damage|p1a: Gweezy Jibbs|79/100
|-unboost|p2a: Iron Valiant|def|1
|-unboost|p2a: Iron Valiant|spd|1
|
|-heal|p1a: Gweezy Jibbs|85/100|[from] item: Leftovers
|upkeep
|turn|18
|j| yuureisuisei
|
|t:|1779816975
|-end|p2a: Iron Valiant|Quark Drive|[silent]
|switch|p2a: Magnezone|Magnezone|79/100
|move|p1a: Gweezy Jibbs|Will-O-Wisp|p2a: Magnezone|[miss]
|-miss|p1a: Gweezy Jibbs|p2a: Magnezone
|
|-heal|p1a: Gweezy Jibbs|91/100|[from] item: Leftovers
|upkeep
|turn|19
|l| yuureisuisei
|
|t:|1779816983
|move|p1a: Gweezy Jibbs|Protect|p1a: Gweezy Jibbs
|-singleturn|p1a: Gweezy Jibbs|Protect
|move|p2a: Magnezone|Flash Cannon|p1a: Gweezy Jibbs
|-activate|p1a: Gweezy Jibbs|move: Protect
|
|-heal|p1a: Gweezy Jibbs|97/100|[from] item: Leftovers
|upkeep
|turn|20
|
|t:|1779816989
|move|p2a: Magnezone|Body Press|p1a: Gweezy Jibbs
|-resisted|p1a: Gweezy Jibbs
|-damage|p1a: Gweezy Jibbs|93/100
|move|p1a: Gweezy Jibbs|Will-O-Wisp|p2a: Magnezone
|-status|p2a: Magnezone|brn
|
|-heal|p1a: Gweezy Jibbs|99/100|[from] item: Leftovers
|-damage|p2a: Magnezone|73/100 brn|[from] brn
|upkeep
|turn|21
|
|t:|1779816995
|-end|p1a: Gweezy Jibbs|ability: Neutralizing Gas
|switch|p1a: Ting-Lu|Ting-Lu|95/100
|-damage|p1a: Ting-Lu|83/100|[from] Spikes
|-ability|p1a: Ting-Lu|Vessel of Ruin
|move|p2a: Magnezone|Body Press|p1a: Ting-Lu
|-supereffective|p1a: Ting-Lu
|-damage|p1a: Ting-Lu|71/100
|
|-heal|p1a: Ting-Lu|77/100|[from] item: Leftovers
|-damage|p2a: Magnezone|67/100 brn|[from] brn
|upkeep
|turn|22
|
|t:|1779817001
|switch|p2a: Great Tusk|Great Tusk|8/100
|move|p1a: Ting-Lu|Stealth Rock|p2a: Great Tusk
|-sidestart|p2: Slopslop no Midren|move: Stealth Rock
|
|-heal|p1a: Ting-Lu|83/100|[from] item: Leftovers
|upkeep
|turn|23
|
|t:|1779817005
|switch|p1a: Alomomola|Alomomola, F|84/100
|-damage|p1a: Alomomola|72/100|[from] Spikes
|move|p2a: Great Tusk|Rapid Spin|p1a: Alomomola
|-damage|p1a: Alomomola|64/100
|-boost|p2a: Great Tusk|spe|1
|-damage|p2a: Great Tusk|0 fnt|[from] item: Rocky Helmet|[of] p1a: Alomomola
|faint|p2a: Great Tusk
|-end|p2a: Great Tusk|Protosynthesis|[silent]
|
|upkeep
|
|t:|1779817009
|switch|p2a: Magnezone|Magnezone|67/100 brn
|-damage|p2a: Magnezone|61/100 brn|[from] Stealth Rock
|turn|24
|
|t:|1779817014
|move|p1a: Alomomola|Protect|p1a: Alomomola
|-singleturn|p1a: Alomomola|Protect
|move|p2a: Magnezone|Flash Cannon|p1a: Alomomola
|-activate|p1a: Alomomola|move: Protect
|
|-damage|p2a: Magnezone|55/100 brn|[from] brn
|upkeep
|turn|25
|
|t:|1779817019
|switch|p1a: Ting-Lu|Ting-Lu|83/100
|-damage|p1a: Ting-Lu|71/100|[from] Spikes
|-ability|p1a: Ting-Lu|Vessel of Ruin
|move|p2a: Magnezone|Flash Cannon|p1a: Ting-Lu
|-damage|p1a: Ting-Lu|51/100
|
|-heal|p1a: Ting-Lu|57/100|[from] item: Leftovers
|-damage|p2a: Magnezone|49/100 brn|[from] brn
|upkeep
|turn|26
|
|t:|1779817028
|-terastallize|p2a: Magnezone|Flying
|move|p2a: Magnezone|Flash Cannon|p1a: Ting-Lu
|-damage|p1a: Ting-Lu|37/100
|-unboost|p1a: Ting-Lu|spd|1
|move|p1a: Ting-Lu|Ruination|p2a: Magnezone
|-damage|p2a: Magnezone|25/100 brn
|
|-heal|p1a: Ting-Lu|43/100|[from] item: Leftovers
|-damage|p2a: Magnezone|19/100 brn|[from] brn
|upkeep
|turn|27
|
|t:|1779817044
|switch|p1a: Corviknight|Corviknight, F|6/100
|-ability|p1a: Corviknight|Pressure
|move|p2a: Magnezone|Flash Cannon|p1a: Corviknight
|-resisted|p1a: Corviknight
|-damage|p1a: Corviknight|0 fnt
|faint|p1a: Corviknight
|
|-damage|p2a: Magnezone|13/100 brn|[from] brn
|upkeep
|
|t:|1779817062
|switch|p1a: Kyurem|Kyurem, shiny|100/100
|-damage|p1a: Kyurem|88/100|[from] Spikes
|-ability|p1a: Kyurem|Pressure
|turn|28
|
|t:|1779817069
|move|p1a: Kyurem|Freeze-Dry|p2a: Magnezone
|-supereffective|p2a: Magnezone
|-damage|p2a: Magnezone|0 fnt
|faint|p2a: Magnezone
|
|-heal|p1a: Kyurem|94/100|[from] item: Leftovers
|upkeep
|
|t:|1779817072
|switch|p2a: Iron Valiant|Iron Valiant|100/100
|-damage|p2a: Iron Valiant|94/100|[from] Stealth Rock
|turn|29
|
|t:|1779817080
|switch|p1a: Alomomola|Alomomola, F|97/100
|-damage|p1a: Alomomola|85/100|[from] Spikes
|move|p2a: Iron Valiant|Moonblast|p1a: Alomomola
|-damage|p1a: Alomomola|34/100
|
|upkeep
|turn|30
|
|t:|1779817084
|switch|p1a: Gweezy Jibbs|Weezing-Galar, F|99/100
|-ability|p1a: Gweezy Jibbs|Neutralizing Gas
|-damage|p1a: Gweezy Jibbs|87/100|[from] Spikes
|move|p2a: Iron Valiant|Moonblast|p1a: Gweezy Jibbs
|-resisted|p1a: Gweezy Jibbs
|-damage|p1a: Gweezy Jibbs|56/100
|
|-heal|p1a: Gweezy Jibbs|62/100|[from] item: Leftovers
|upkeep
|turn|31
|
|t:|1779817100
|move|p2a: Iron Valiant|Moonblast|p1a: Gweezy Jibbs
|-resisted|p1a: Gweezy Jibbs
|-damage|p1a: Gweezy Jibbs|30/100
|-unboost|p1a: Gweezy Jibbs|spa|1
|move|p1a: Gweezy Jibbs|Will-O-Wisp|p2a: Iron Valiant
|-status|p2a: Iron Valiant|brn
|
|-heal|p1a: Gweezy Jibbs|36/100|[from] item: Leftovers
|-damage|p2a: Iron Valiant|88/100 brn|[from] brn
|upkeep
|turn|32
|
|t:|1779817117
|move|p1a: Gweezy Jibbs|Protect|p1a: Gweezy Jibbs
|-singleturn|p1a: Gweezy Jibbs|Protect
|move|p2a: Iron Valiant|Encore|p1a: Gweezy Jibbs
|-activate|p1a: Gweezy Jibbs|move: Protect
|
|-heal|p1a: Gweezy Jibbs|42/100|[from] item: Leftovers
|-damage|p2a: Iron Valiant|82/100 brn|[from] brn
|upkeep
|turn|33
|inactive|Menaxelum has 120 seconds left.
|
|t:|1779817140
|move|p1a: Gweezy Jibbs|Protect||[still]
|-fail|p1a: Gweezy Jibbs
|move|p2a: Iron Valiant|Moonblast|p1a: Gweezy Jibbs
|-resisted|p1a: Gweezy Jibbs
|-damage|p1a: Gweezy Jibbs|7/100
|-unboost|p1a: Gweezy Jibbs|spa|1
|
|-heal|p1a: Gweezy Jibbs|13/100|[from] item: Leftovers
|-damage|p2a: Iron Valiant|76/100 brn|[from] brn
|upkeep
|turn|34
|
|t:|1779817144
|move|p2a: Iron Valiant|Moonblast|p1a: Gweezy Jibbs
|-resisted|p1a: Gweezy Jibbs
|-damage|p1a: Gweezy Jibbs|0 fnt
|faint|p1a: Gweezy Jibbs
|-end|p1a: Gweezy Jibbs|ability: Neutralizing Gas
|
|-damage|p2a: Iron Valiant|69/100 brn|[from] brn
|upkeep
|
|t:|1779817146
|switch|p1a: Pultersheist|Dragapult, F|100/100
|-damage|p1a: Pultersheist|88/100|[from] Spikes
|turn|35
|
|t:|1779817162
|-terastallize|p1a: Pultersheist|Ghost
|move|p1a: Pultersheist|Astonish|p2a: Iron Valiant
|-damage|p2a: Iron Valiant|0 fnt
|faint|p2a: Iron Valiant
|-end|p2a: Iron Valiant|Quark Drive|[silent]
|
|upkeep
|c|☆Slopslop no Midren|wow
|
|t:|1779817181
|switch|p2a: Dragonite|Dragonite, F|100/100
|turn|36
|
|t:|1779817186
|switch|p1a: Alomomola|Alomomola, F|67/100
|-damage|p1a: Alomomola|55/100|[from] Spikes
|move|p2a: Dragonite|Dragon Dance|p2a: Dragonite
|-boost|p2a: Dragonite|atk|1
|-boost|p2a: Dragonite|spe|1
|
|upkeep
|turn|37
|
|t:|1779817189
|move|p2a: Dragonite|Dragon Dance|p2a: Dragonite
|-boost|p2a: Dragonite|atk|1
|-boost|p2a: Dragonite|spe|1
|move|p1a: Alomomola|Tickle|p2a: Dragonite
|-unboost|p2a: Dragonite|atk|1
|-unboost|p2a: Dragonite|def|1
|
|upkeep
|turn|38
|
|t:|1779817192
|move|p2a: Dragonite|Earthquake|p1a: Alomomola
|-damage|p1a: Alomomola|23/100
|move|p1a: Alomomola|Tickle|p2a: Dragonite
|-unboost|p2a: Dragonite|atk|1
|-unboost|p2a: Dragonite|def|1
|
|upkeep
|turn|39
|
|t:|1779817199
|move|p2a: Dragonite|Earthquake|p1a: Alomomola
|-damage|p1a: Alomomola|2/100
|move|p1a: Alomomola|Wish|p1a: Alomomola
|
|upkeep
|turn|40
|
|t:|1779817204
|move|p1a: Alomomola|Protect|p1a: Alomomola
|-singleturn|p1a: Alomomola|Protect
|move|p2a: Dragonite|Earthquake|p1a: Alomomola
|-activate|p1a: Alomomola|move: Protect
|
|-heal|p1a: Alomomola|52/100|[from] move: Wish|[wisher] Alomomola
|upkeep
|turn|41
|
|t:|1779817207
|switch|p2a: Slowking|Slowking-Galar, F|100/100
|move|p1a: Alomomola|Wish|p1a: Alomomola
|
|upkeep
|turn|42
|
|t:|1779817211
|switch|p1a: Ting-Lu|Ting-Lu|43/100
|-damage|p1a: Ting-Lu|31/100|[from] Spikes
|-ability|p1a: Ting-Lu|Vessel of Ruin
|move|p2a: Slowking|Future Sight|p1a: Ting-Lu
|-start|p2a: Slowking|move: Future Sight
|
|-heal|p1a: Ting-Lu|83/100|[from] move: Wish|[wisher] Alomomola
|-heal|p1a: Ting-Lu|89/100|[from] item: Leftovers
|upkeep
|turn|43
|
|t:|1779817217
|move|p1a: Ting-Lu|Ruination|p2a: Slowking
|-damage|p2a: Slowking|50/100
|-prepare|p2a: Slowking|Chilly Reception|[premajor]
|move|p2a: Slowking|Chilly Reception|p2a: Slowking
|-weather|Snowscape
|
|t:|1779817220
|switch|p2a: Dragonite|Dragonite, F|100/100|[from] Chilly Reception
|
|-weather|Snowscape|[upkeep]
|-heal|p1a: Ting-Lu|95/100|[from] item: Leftovers
|upkeep
|turn|44
|
|t:|1779817233
|switch|p1a: Pultersheist|Dragapult, F, tera:Ghost|88/100
|-damage|p1a: Pultersheist|76/100|[from] Spikes
|move|p2a: Dragonite|Dragon Dance|p2a: Dragonite
|-boost|p2a: Dragonite|atk|1
|-boost|p2a: Dragonite|spe|1
|
|-weather|Snowscape|[upkeep]
|-end|p1a: Pultersheist|move: Future Sight
|-damage|p1a: Pultersheist|16/100
|upkeep
|turn|45
|
|t:|1779817239
|move|p1a: Pultersheist|Dragon Darts|p2a: Dragonite
|-supereffective|p2a: Dragonite
|-damage|p2a: Dragonite|57/100
|-anim|p1a: Pultersheist|Dragon Darts|p2a: Dragonite
|-supereffective|p2a: Dragonite
|-damage|p2a: Dragonite|0 fnt
|faint|p2a: Dragonite
|
|-weather|Snowscape|[upkeep]
|upkeep
|
|t:|1779817241
|switch|p2a: Slowking|Slowking-Galar, F|84/100
|turn|46
|
|t:|1779817243
|move|p1a: Pultersheist|Dragon Darts|p2a: Slowking
|-damage|p2a: Slowking|45/100
|-anim|p1a: Pultersheist|Dragon Darts|p2a: Slowking
|-damage|p2a: Slowking|5/100
|move|p2a: Slowking|Sludge Bomb|p1a: Pultersheist
|-resisted|p1a: Pultersheist
|-damage|p1a: Pultersheist|0 fnt
|faint|p1a: Pultersheist
|
|-weather|Snowscape|[upkeep]
|upkeep
|
|t:|1779817248
|switch|p1a: Kyurem|Kyurem, shiny|94/100
|-damage|p1a: Kyurem|82/100|[from] Spikes
|-ability|p1a: Kyurem|Pressure
|turn|47
|
|t:|1779817251
|move|p1a: Kyurem|Freeze-Dry|p2a: Slowking
|-damage|p2a: Slowking|0 fnt
|faint|p2a: Slowking
|
|win|Menaxelum
|raw|Menaxelum's rating: 1605 &rarr; <strong>1627</strong><br />(+22 for winning)
|raw|Slopslop no Midren's rating: 1644 &rarr; <strong>1622</strong><br />(-22 for losing)
|l|☆Slopslop no Midren
|player|p2|
|l|☆Menaxelum
|player|p1|
