|j|☆l4baka
|j|☆Kanehusky13
|t:|1779907312
|gametype|singles
|player|p1|l4baka|2|1293
|player|p2|Kanehusky13|acetrainer-gen4dp|1330
|gen|9
|tier|[Gen 9] OU
|rated|
|rule|HP Percentage Mod: HP is shown in percentages
|rule|Endless Battle Clause: Forcing endless battles is banned
|rule|Species Clause: Limit one of each Pokémon
|rule|OHKO Clause: OHKO moves are banned
|rule|Evasion Items Clause: Evasion items are banned
|rule|Evasion Moves Clause: Evasion moves are banned
|rule|Evasion Abilities Clause: Evasion abilities are banned
|rule|Sleep Moves Clause: Sleep-inducing moves are banned
|clearpoke
|poke|p1|Pelipper, F|
|poke|p1|Heatran, F|
|poke|p1|Kingdra, F|
|poke|p1|Basculegion, M|
|poke|p1|Iron Treads|
|poke|p1|Kilowattrel, F|
|poke|p2|Oinkologne, M|
|poke|p2|Gliscor, M|
|poke|p2|Iron Valiant|
|poke|p2|Ogerpon-Wellspring, F|
|poke|p2|Raging Bolt|
|poke|p2|Heatran, M|
|teampreview
|
|t:|1779907333
|teamsize|p1|6
|teamsize|p2|6
|start
|switch|p1a: Heatran|Heatran, F|100/100
|switch|p2a: Raging Bolt|Raging Bolt|100/100
|-enditem|p2a: Raging Bolt|Booster Energy
|-activate|p2a: Raging Bolt|ability: Protosynthesis|[fromitem]
|-start|p2a: Raging Bolt|protosynthesisspa
|turn|1
|
|t:|1779907339
|move|p2a: Raging Bolt|Calm Mind|p2a: Raging Bolt
|-boost|p2a: Raging Bolt|spa|1
|-boost|p2a: Raging Bolt|spd|1
|move|p1a: Heatran|Stealth Rock|p2a: Raging Bolt
|-sidestart|p2: Kanehusky13|move: Stealth Rock
|
|upkeep
|turn|2
|
|t:|1779907342
|move|p2a: Raging Bolt|Thunderbolt|p1a: Heatran
|-damage|p1a: Heatran|8/100
|move|p1a: Heatran|Earth Power|p2a: Raging Bolt
|-supereffective|p2a: Raging Bolt
|-damage|p2a: Raging Bolt|58/100
|
|-heal|p1a: Heatran|14/100|[from] item: Leftovers
|upkeep
|turn|3
|
|t:|1779907353
|move|p2a: Raging Bolt|Dragon Pulse|p1a: Heatran
|-resisted|p1a: Heatran
|-damage|p1a: Heatran|0 fnt
|faint|p1a: Heatran
|
|upkeep
|
|t:|1779907358
|switch|p1a: Iron Treads|Iron Treads|100/100
|turn|4
|
|t:|1779907365
|-end|p2a: Raging Bolt|Protosynthesis|[silent]
|switch|p2a: Heatran|Heatran, M|100/100
|-damage|p2a: Heatran|88/100|[from] Stealth Rock
|-item|p2a: Heatran|Air Balloon
|move|p1a: Iron Treads|Knock Off|p2a: Heatran
|-damage|p2a: Heatran|63/100
|-enditem|p2a: Heatran|Air Balloon
|
|upkeep
|turn|5
|
|t:|1779907376
|switch|p2a: Gliscor|Gliscor, M|100/100
|-damage|p2a: Gliscor|88/100|[from] Stealth Rock
|move|p1a: Iron Treads|Earthquake|p2a: Gliscor
|-immune|p2a: Gliscor
|
|-status|p2a: Gliscor|tox|[from] item: Toxic Orb
|upkeep
|turn|6
|
|t:|1779907381
|-end|p1a: Iron Treads|Quark Drive|[silent]
|switch|p1a: Pelipper|Pelipper, F, shiny|100/100
|-weather|RainDance|[from] ability: Drizzle|[of] p1a: Pelipper
|move|p2a: Gliscor|Knock Off|p1a: Pelipper
|-damage|p1a: Pelipper|85/100
|-enditem|p1a: Pelipper|Damp Rock|[from] move: Knock Off|[of] p2a: Gliscor
|
|-weather|RainDance|[upkeep]
|-heal|p2a: Gliscor|100/100 tox|[from] ability: Poison Heal
|upkeep
|turn|7
|
|t:|1779907393
|switch|p1a: Iron Treads|Iron Treads|100/100
|move|p2a: Gliscor|Toxic|p1a: Iron Treads
|-immune|p1a: Iron Treads
|
|-weather|RainDance|[upkeep]
|upkeep
|turn|8
|
|t:|1779907403
|-end|p1a: Iron Treads|Quark Drive|[silent]
|switch|p1a: Kingdra|Kingdra, F|100/100
|move|p2a: Gliscor|Earthquake|p1a: Kingdra
|-damage|p1a: Kingdra|61/100
|
|-weather|RainDance|[upkeep]
|upkeep
|turn|9
|
|t:|1779907408
|-terastallize|p2a: Gliscor|Water
|move|p1a: Kingdra|Ice Beam|p2a: Gliscor
|-resisted|p2a: Gliscor
|-damage|p2a: Gliscor|86/100 tox
|-damage|p1a: Kingdra|51/100|[from] item: Life Orb
|move|p2a: Gliscor|Toxic|p1a: Kingdra
|-status|p1a: Kingdra|tox
|
|-weather|RainDance|[upkeep]
|-damage|p1a: Kingdra|45/100 tox|[from] psn
|-heal|p2a: Gliscor|98/100 tox|[from] ability: Poison Heal
|upkeep
|turn|10
|
|t:|1779907416
|move|p1a: Kingdra|Draco Meteor|p2a: Gliscor
|-damage|p2a: Gliscor|28/100 tox
|-unboost|p1a: Kingdra|spa|2
|-damage|p1a: Kingdra|35/100 tox|[from] item: Life Orb
|move|p2a: Gliscor|Knock Off|p1a: Kingdra
|-damage|p1a: Kingdra|10/100 tox
|-enditem|p1a: Kingdra|Life Orb|[from] move: Knock Off|[of] p2a: Gliscor
|
|-weather|RainDance|[upkeep]
|-damage|p1a: Kingdra|0 fnt|[from] psn
|faint|p1a: Kingdra
|-heal|p2a: Gliscor|41/100 tox|[from] ability: Poison Heal
|upkeep
|
|t:|1779907424
|switch|p1a: Basculegion|Basculegion, M|100/100
|turn|11
|
|t:|1779907428
|move|p2a: Gliscor|Protect|p2a: Gliscor
|-singleturn|p2a: Gliscor|Protect
|move|p1a: Basculegion|Phantom Force||[still]
|-prepare|p1a: Basculegion|Phantom Force
|
|-weather|RainDance|[upkeep]
|-heal|p2a: Gliscor|53/100 tox|[from] ability: Poison Heal
|upkeep
|turn|12
|
|t:|1779907431
|switch|p2a: Wilbur|Oinkologne, M|100/100
|-damage|p2a: Wilbur|88/100|[from] Stealth Rock
|move|p1a: Basculegion|Phantom Force|p2a: Wilbur|[from] lockedmove
|-immune|p2a: Wilbur
|
|-weather|RainDance|[upkeep]
|-heal|p2a: Wilbur|94/100|[from] item: Leftovers
|upkeep
|turn|13
|
|t:|1779907438
|switch|p2a: Ogerpon|Ogerpon-Wellspring, F|100/100
|-damage|p2a: Ogerpon|88/100|[from] Stealth Rock
|move|p1a: Basculegion|Wave Crash|p2a: Ogerpon
|-heal|p2a: Ogerpon|100/100|[from] ability: Water Absorb|[of] p1a: Basculegion
|
|-weather|none
|upkeep
|turn|14
|
|t:|1779907458
|switch|p1a: Pelipper|Pelipper, F, shiny|85/100
|-weather|RainDance|[from] ability: Drizzle|[of] p1a: Pelipper
|move|p2a: Ogerpon|Swords Dance|p2a: Ogerpon
|-boost|p2a: Ogerpon|atk|2
|
|-weather|RainDance|[upkeep]
|upkeep
|turn|15
|
|t:|1779907497
|move|p2a: Ogerpon|Horn Leech|p1a: Pelipper
|-damage|p1a: Pelipper|15/100
|move|p1a: Pelipper|U-turn|p2a: Ogerpon
|-supereffective|p2a: Ogerpon
|-damage|p2a: Ogerpon|79/100
|
|t:|1779907503
|switch|p1a: Kilowattrel|Kilowattrel, F|100/100|[from] U-turn
|
|-weather|RainDance|[upkeep]
|upkeep
|turn|16
|
|t:|1779907512
|move|p1a: Kilowattrel|Hurricane|p2a: Ogerpon
|-supereffective|p2a: Ogerpon
|-damage|p2a: Ogerpon|0 fnt
|faint|p2a: Ogerpon
|
|-weather|RainDance|[upkeep]
|upkeep
|
|t:|1779907516
|switch|p2a: Raging Bolt|Raging Bolt|58/100
|-damage|p2a: Raging Bolt|45/100|[from] Stealth Rock
|turn|17
|
|t:|1779907521
|switch|p1a: Iron Treads|Iron Treads|100/100
|move|p2a: Raging Bolt|Dragon Pulse|p1a: Iron Treads
|-resisted|p1a: Iron Treads
|-damage|p1a: Iron Treads|67/100
|
|-weather|RainDance|[upkeep]
|-heal|p1a: Iron Treads|73/100|[from] item: Leftovers
|upkeep
|turn|18
|
|t:|1779907528
|-end|p2a: Raging Bolt|Protosynthesis|[silent]
|switch|p2a: Gliscor|Gliscor, M, tera:Water|53/100 tox
|-damage|p2a: Gliscor|41/100 tox|[from] Stealth Rock
|move|p1a: Iron Treads|Earthquake|p2a: Gliscor
|-damage|p2a: Gliscor|1/100 tox
|
|-weather|none
|-heal|p1a: Iron Treads|79/100|[from] item: Leftovers
|-heal|p2a: Gliscor|14/100 tox|[from] ability: Poison Heal
|upkeep
|turn|19
|
|t:|1779907532
|move|p1a: Iron Treads|Earthquake|p2a: Gliscor
|-damage|p2a: Gliscor|0 fnt
|faint|p2a: Gliscor
|
|-heal|p1a: Iron Treads|86/100|[from] item: Leftovers
|upkeep
|
|t:|1779907536
|switch|p2a: Iron Valiant|Iron Valiant|100/100
|-damage|p2a: Iron Valiant|94/100|[from] Stealth Rock
|-enditem|p2a: Iron Valiant|Booster Energy
|-activate|p2a: Iron Valiant|ability: Quark Drive|[fromitem]
|-start|p2a: Iron Valiant|quarkdrivespe
|turn|20
|
|t:|1779907556
|-terastallize|p1a: Iron Treads|Water
|move|p2a: Iron Valiant|Calm Mind|p2a: Iron Valiant
|-boost|p2a: Iron Valiant|spa|1
|-boost|p2a: Iron Valiant|spd|1
|move|p1a: Iron Treads|Iron Head|p2a: Iron Valiant
|-supereffective|p2a: Iron Valiant
|-crit|p2a: Iron Valiant
|-damage|p2a: Iron Valiant|0 fnt
|faint|p2a: Iron Valiant
|-end|p2a: Iron Valiant|Quark Drive|[silent]
|
|-heal|p1a: Iron Treads|92/100|[from] item: Leftovers
|upkeep
|inactive|Battle timer is ON: inactive players will automatically lose when time's up. (requested by Kanehusky13)
|-message|Kanehusky13 forfeited.
|
|win|l4baka
|raw|l4baka's rating: 1293 &rarr; <strong>1321</strong><br />(+28 for winning)
|raw|Kanehusky13's rating: 1330 &rarr; <strong>1308</strong><br />(-22 for losing)
|l|☆Kanehusky13
|player|p2|
|l|☆l4baka
|player|p1|
