|j|☆cachowcapow
|j|‽leifohman
|t:|1779813664
|gametype|singles
|player|p1|cachowcapow|2|1527
|player|p2|leifohman|102|1597
|gen|9
|tier|[Gen 9] OU
|rated|
|rule|HP Percentage Mod: HP is shown in percentages
|rule|Endless Battle Clause: Forcing endless battles is banned
|rule|Species Clause: Limit one of each Pokémon
|rule|OHKO Clause: OHKO moves are banned
|rule|Evasion Items Clause: Evasion items are banned
|rule|Evasion Moves Clause: Evasion moves are banned
|rule|Evasion Abilities Clause: Evasion abilities are banned
|rule|Sleep Moves Clause: Sleep-inducing moves are banned
|clearpoke
|poke|p1|Primarina, F|
|poke|p1|Slither Wing|
|poke|p1|Slowking-Galar, F|
|poke|p1|Great Tusk|
|poke|p1|Meowscarada, M|
|poke|p1|Gardevoir, F|
|poke|p2|Porygon2|
|poke|p2|Dragapult, F|
|poke|p2|Deoxys-Speed|
|poke|p2|Cinderace, M|
|poke|p2|Garchomp, M|
|poke|p2|Scizor, F|
|teampreview
|inactive|Battle timer is ON: inactive players will automatically lose when time's up. (requested by leifohman)
|
|t:|1779813678
|teamsize|p1|6
|teamsize|p2|6
|start
|switch|p1a: Slither Wing|Slither Wing|100/100
|switch|p2a: Cinderace|Cinderace, M, shiny|100/100
|turn|1
|
|t:|1779813683
|-end|p1a: Slither Wing|Protosynthesis|[silent]
|switch|p1a: Primarina|Primarina, F, shiny|100/100
|move|p2a: Cinderace|Pyro Ball|p1a: Primarina
|-resisted|p1a: Primarina
|-crit|p1a: Primarina
|-damage|p1a: Primarina|62/100
|
|-heal|p1a: Primarina|68/100|[from] item: Leftovers
|upkeep
|turn|2
|
|t:|1779813689
|move|p2a: Cinderace|U-turn|p1a: Primarina
|-start|p2a: Cinderace|typechange|Bug|[from] ability: Libero
|-resisted|p1a: Primarina
|-damage|p1a: Primarina|54/100
|
|t:|1779813696
|switch|p2a: Scizor|Scizor, F, shiny|100/100|[from] U-turn
|move|p1a: Primarina|Psychic Noise|p2a: Scizor
|-damage|p2a: Scizor|63/100
|-start|p2a: Scizor|move: Heal Block
|
|-heal|p1a: Primarina|60/100|[from] item: Leftovers
|upkeep
|turn|3
|
|t:|1779813709
|switch|p1a: Slither Wing|Slither Wing|100/100
|move|p2a: Scizor|Bullet Punch|p1a: Slither Wing
|-damage|p1a: Slither Wing|63/100
|-damage|p2a: Scizor|46/100|[from] item: Rocky Helmet|[of] p1a: Slither Wing
|
|-end|p2a: Scizor|move: Heal Block
|upkeep
|turn|4
|
|t:|1779813720
|switch|p2a: Dragapult|Dragapult, F, shiny|100/100
|move|p1a: Slither Wing|U-turn|p2a: Dragapult
|-resisted|p2a: Dragapult
|-damage|p2a: Dragapult|78/100
|
|t:|1779813729
|-end|p1a: Slither Wing|Protosynthesis|[silent]
|switch|p1a: Primarina|Primarina, F, shiny|60/100|[from] U-turn
|
|-heal|p1a: Primarina|66/100|[from] item: Leftovers
|upkeep
|turn|5
|
|t:|1779813734
|-terastallize|p2a: Dragapult|Ghost
|move|p2a: Dragapult|Shadow Ball|p1a: Primarina
|-damage|p1a: Primarina|12/100
|move|p1a: Primarina|Draining Kiss|p2a: Dragapult
|-damage|p2a: Dragapult|48/100
|-heal|p1a: Primarina|31/100|[from] drain|[of] p2a: Dragapult
|
|-heal|p1a: Primarina|37/100|[from] item: Leftovers
|upkeep
|turn|6
|
|t:|1779813745
|move|p2a: Dragapult|Shadow Ball|p1a: Primarina
|-damage|p1a: Primarina|0 fnt
|faint|p1a: Primarina
|
|upkeep
|
|t:|1779813747
|switch|p1a: Meowscarada|Meowscarada, M|100/100
|turn|7
|
|t:|1779813761
|switch|p2a: Garchomp|Garchomp, M, shiny|100/100
|move|p1a: Meowscarada|U-turn|p2a: Garchomp
|-start|p1a: Meowscarada|typechange|Bug|[from] ability: Protean
|-damage|p2a: Garchomp|51/100
|-damage|p1a: Meowscarada|88/100|[from] ability: Rough Skin|[of] p2a: Garchomp
|
|t:|1779813769
|switch|p1a: Gardevoir|Gardevoir, F, shiny|100/100|[from] U-turn
|-ability|p1a: Gardevoir|Rough Skin|Trace|[from] ability: Trace|[of] p2a: Garchomp
|
|upkeep
|turn|8
|
|t:|1779813781
|switch|p2a: Porygon2|Porygon2, shiny|100/100
|-ability|p2a: Porygon2|Rough Skin|Trace|[from] ability: Trace|[of] p1a: Gardevoir
|switch|p1a: Great Tusk|Great Tusk|100/100
|
|upkeep
|turn|9
|
|t:|1779813789
|-end|p1a: Great Tusk|Protosynthesis|[silent]
|switch|p1a: Slowking|Slowking-Galar, F|100/100
|move|p2a: Porygon2|Tri Attack|p1a: Slowking
|-damage|p1a: Slowking|84/100
|
|upkeep
|turn|10
|
|t:|1779813795
|move|p2a: Porygon2|Tri Attack|p1a: Slowking
|-damage|p1a: Slowking|67/100
|move|p1a: Slowking|Future Sight|p2a: Porygon2
|-start|p1a: Slowking|move: Future Sight
|
|upkeep
|turn|11
|
|t:|1779813799
|move|p2a: Porygon2|Tri Attack|p1a: Slowking
|-damage|p1a: Slowking|51/100
|-status|p1a: Slowking|frz
|cant|p1a: Slowking|frz
|
|upkeep
|turn|12
|
|t:|1779813803
|move|p2a: Porygon2|Shadow Ball|p1a: Slowking
|-supereffective|p1a: Slowking
|-damage|p1a: Slowking|30/100 frz
|-prepare|p1a: Slowking|Chilly Reception|[premajor]
|cant|p1a: Slowking|frz
|
|-end|p2a: Porygon2|move: Future Sight
|-damage|p2a: Porygon2|81/100
|upkeep
|turn|13
|
|t:|1779813810
|switch|p1a: Slither Wing|Slither Wing|63/100
|move|p2a: Porygon2|Shadow Ball|p1a: Slither Wing
|-damage|p1a: Slither Wing|46/100
|
|upkeep
|turn|14
|
|t:|1779813825
|switch|p2a: Cinderace|Cinderace, M, shiny|100/100
|move|p1a: Slither Wing|Morning Sun|p1a: Slither Wing
|-heal|p1a: Slither Wing|96/100
|
|upkeep
|turn|15
|
|t:|1779813829
|move|p2a: Cinderace|Pyro Ball|p1a: Slither Wing
|-supereffective|p1a: Slither Wing
|-damage|p1a: Slither Wing|10/100
|move|p1a: Slither Wing|U-turn|p2a: Cinderace
|-resisted|p2a: Cinderace
|-damage|p2a: Cinderace|79/100
|
|t:|1779813836
|-end|p1a: Slither Wing|Protosynthesis|[silent]
|switch|p1a: Meowscarada|Meowscarada, M|88/100|[from] U-turn
|
|upkeep
|turn|16
|inactive|leifohman has 120 seconds left.
|
|t:|1779813866
|move|p2a: Cinderace|Sucker Punch|p1a: Meowscarada
|-start|p2a: Cinderace|typechange|Dark|[from] ability: Libero
|-resisted|p1a: Meowscarada
|-damage|p1a: Meowscarada|62/100
|move|p1a: Meowscarada|Knock Off|p2a: Cinderace
|-start|p1a: Meowscarada|typechange|Dark|[from] ability: Protean
|-resisted|p2a: Cinderace
|-damage|p2a: Cinderace|28/100
|-enditem|p2a: Cinderace|Heavy-Duty Boots|[from] move: Knock Off|[of] p1a: Meowscarada
|
|upkeep
|turn|17
|inactive|leifohman has 120 seconds left.
|
|t:|1779813878
|move|p1a: Meowscarada|Knock Off|p2a: Cinderace
|-resisted|p2a: Cinderace
|-damage|p2a: Cinderace|0 fnt
|faint|p2a: Cinderace
|
|upkeep
|inactive|leifohman has 120 seconds left.
|inactive|leifohman has 90 seconds left.
|
|t:|1779813940
|switch|p2a: Scizor|Scizor, F, shiny|46/100
|turn|18
|
|t:|1779813951
|switch|p1a: Slither Wing|Slither Wing|10/100
|move|p2a: Scizor|Bullet Punch|p1a: Slither Wing
|-damage|p1a: Slither Wing|0 fnt
|-damage|p2a: Scizor|30/100|[from] item: Rocky Helmet|[of] p1a: Slither Wing
|faint|p1a: Slither Wing
|-end|p1a: Slither Wing|Protosynthesis|[silent]
|
|upkeep
|
|t:|1779813954
|switch|p1a: Great Tusk|Great Tusk|100/100
|turn|19
|
|t:|1779813981
|switch|p2a: Dragapult|Dragapult, F, shiny, tera:Ghost|48/100
|move|p1a: Great Tusk|Knock Off|p2a: Dragapult
|-supereffective|p2a: Dragapult
|-crit|p2a: Dragapult
|-damage|p2a: Dragapult|0 fnt
|-enditem|p2a: Dragapult|Choice Specs|[from] move: Knock Off|[of] p1a: Great Tusk
|faint|p2a: Dragapult
|
|upkeep
|inactive|leifohman has 60 seconds left.
|
|t:|1779814000
|switch|p2a: Deoxys|Deoxys-Speed, shiny|100/100
|-ability|p2a: Deoxys|Pressure
|turn|20
|
|t:|1779814006
|-end|p1a: Great Tusk|Protosynthesis|[silent]
|switch|p1a: Slowking|Slowking-Galar, F|63/100 frz
|move|p2a: Deoxys|Psycho Boost|p1a: Slowking
|-damage|p1a: Slowking|19/100 frz
|-unboost|p2a: Deoxys|spa|2
|-damage|p2a: Deoxys|91/100|[from] item: Life Orb
|
|upkeep
|turn|21
|
|t:|1779814012
|move|p2a: Deoxys|Knock Off|p1a: Slowking
|-supereffective|p1a: Slowking
|-damage|p1a: Slowking|0 fnt
|-enditem|p1a: Slowking|Heavy-Duty Boots|[from] move: Knock Off|[of] p2a: Deoxys
|faint|p1a: Slowking
|-damage|p2a: Deoxys|81/100|[from] item: Life Orb
|
|upkeep
|
|t:|1779814015
|switch|p1a: Gardevoir|Gardevoir, F, shiny|100/100
|-ability|p1a: Gardevoir|Pressure|Trace|[from] ability: Trace|[of] p2a: Deoxys
|-ability|p1a: Gardevoir|Pressure
|turn|22
|
|t:|1779814029
|switch|p2a: Porygon2|Porygon2, shiny|81/100
|-ability|p2a: Porygon2|Pressure|Trace|[from] ability: Trace|[of] p1a: Gardevoir
|-ability|p2a: Porygon2|Pressure
|move|p1a: Gardevoir|Moonblast|p2a: Porygon2
|-damage|p2a: Porygon2|43/100
|
|upkeep
|turn|23
|
|t:|1779814046
|-terastallize|p1a: Gardevoir|Fairy
|move|p1a: Gardevoir|Moonblast|p2a: Porygon2
|-damage|p2a: Porygon2|0 fnt
|faint|p2a: Porygon2
|
|upkeep
|
|t:|1779814056
|switch|p2a: Scizor|Scizor, F, shiny|30/100
|turn|24
|
|t:|1779814060
|switch|p1a: Great Tusk|Great Tusk|100/100
|move|p2a: Scizor|Bullet Punch|p1a: Great Tusk
|-damage|p1a: Great Tusk|63/100
|
|upkeep
|turn|25
|inactive|leifohman has 90 seconds left.
|
|t:|1779814081
|switch|p2a: Garchomp|Garchomp, M, shiny|51/100
|move|p1a: Great Tusk|Knock Off|p2a: Garchomp
|-damage|p2a: Garchomp|15/100
|-damage|p1a: Great Tusk|51/100|[from] ability: Rough Skin|[of] p2a: Garchomp
|-enditem|p2a: Garchomp|Life Orb|[from] move: Knock Off|[of] p1a: Great Tusk
|
|upkeep
|turn|26
|
|t:|1779814091
|move|p2a: Garchomp|Draco Meteor|p1a: Great Tusk
|-damage|p1a: Great Tusk|0 fnt
|-unboost|p2a: Garchomp|spa|2
|faint|p1a: Great Tusk
|-end|p1a: Great Tusk|Protosynthesis|[silent]
|
|upkeep
|
|t:|1779814095
|switch|p1a: Meowscarada|Meowscarada, M|62/100
|turn|27
|inactive|leifohman has 90 seconds left.
|
|t:|1779814108
|move|p1a: Meowscarada|U-turn|p2a: Garchomp
|-start|p1a: Meowscarada|typechange|Bug|[from] ability: Protean
|-damage|p2a: Garchomp|0 fnt
|-damage|p1a: Meowscarada|50/100|[from] ability: Rough Skin|[of] p2a: Garchomp
|faint|p2a: Garchomp
|
|t:|1779814113
|switch|p1a: Gardevoir|Gardevoir, F, shiny, tera:Fairy|100/100|[from] U-turn
|
|upkeep
|
|t:|1779814117
|switch|p2a: Scizor|Scizor, F, shiny|30/100
|-ability|p1a: Gardevoir|Technician|Trace|[from] ability: Trace|[of] p2a: Scizor
|turn|28
|
|t:|1779814122
|move|p1a: Gardevoir|Vacuum Wave|p2a: Scizor
|-damage|p2a: Scizor|0 fnt
|faint|p2a: Scizor
|
|upkeep
|
|t:|1779814127
|switch|p2a: Deoxys|Deoxys-Speed, shiny|81/100
|-ability|p2a: Deoxys|Pressure
|turn|29
|inactive|leifohman has 90 seconds left.
|
|t:|1779814167
|switch|p1a: Meowscarada|Meowscarada, M|50/100
|move|p2a: Deoxys|Psycho Boost|p1a: Meowscarada
|-immune|p1a: Meowscarada
|
|upkeep
|turn|30
|
|t:|1779814176
|move|p2a: Deoxys|Ice Beam|p1a: Meowscarada
|-supereffective|p1a: Meowscarada
|-damage|p1a: Meowscarada|0 fnt
|faint|p1a: Meowscarada
|-damage|p2a: Deoxys|71/100|[from] item: Life Orb
|
|upkeep
|
|t:|1779814178
|switch|p1a: Gardevoir|Gardevoir, F, shiny, tera:Fairy|100/100
|-ability|p1a: Gardevoir|Pressure|Trace|[from] ability: Trace|[of] p2a: Deoxys
|-ability|p1a: Gardevoir|Pressure
|turn|31
|inactive|leifohman has 90 seconds left.
|
|t:|1779814183
|move|p2a: Deoxys|Psycho Boost|p1a: Gardevoir
|-damage|p1a: Gardevoir|23/100
|-unboost|p2a: Deoxys|spa|2
|-damage|p2a: Deoxys|61/100|[from] item: Life Orb
|move|p1a: Gardevoir|Moonblast|p2a: Deoxys
|-damage|p2a: Deoxys|0 fnt
|faint|p2a: Deoxys
|
|win|cachowcapow
|raw|cachowcapow's rating: 1527 &rarr; <strong>1551</strong><br />(+24 for winning)
|raw|leifohman's rating: 1597 &rarr; <strong>1573</strong><br />(-24 for losing)
|l|‽leifohman
|player|p2|
