|j|☆Joyera.
|j|☆upsidedowngoose
|t:|1779954067
|gametype|singles
|player|p1|Joyera.|red|1065
|player|p2|upsidedowngoose|brycenman|1118
|gen|9
|tier|[Gen 9] OU
|rated|
|rule|HP Percentage Mod: HP is shown in percentages
|rule|Endless Battle Clause: Forcing endless battles is banned
|rule|Species Clause: Limit one of each Pokémon
|rule|OHKO Clause: OHKO moves are banned
|rule|Evasion Items Clause: Evasion items are banned
|rule|Evasion Moves Clause: Evasion moves are banned
|rule|Evasion Abilities Clause: Evasion abilities are banned
|rule|Sleep Moves Clause: Sleep-inducing moves are banned
|clearpoke
|poke|p1|Cinderace, M|
|poke|p1|Landorus-Therian, M|
|poke|p1|Kingambit, M|
|poke|p1|Dragapult, M|
|poke|p1|Greninja-*, M|
|poke|p1|Rillaboom, M|
|poke|p2|Glimmora, M|
|poke|p2|Gholdengo|
|poke|p2|Gliscor, F|
|poke|p2|Arcanine-Hisui, F|
|poke|p2|Araquanid, F|
|poke|p2|Hydrapple, M|
|teampreview
|inactive|Battle timer is ON: inactive players will automatically lose when time's up. (requested by upsidedowngoose)
|
|t:|1779954073
|teamsize|p1|6
|teamsize|p2|6
|start
|switch|p1a: Landorus|Landorus-Therian, M, shiny|100/100
|switch|p2a: Glimmora|Glimmora, M|100/100
|-ability|p1a: Landorus|Intimidate|boost
|-unboost|p2a: Glimmora|atk|1
|turn|1
|
|t:|1779954081
|move|p2a: Glimmora|Stealth Rock|p1a: Landorus
|-sidestart|p1: Joyera.|move: Stealth Rock
|move|p1a: Landorus|Stealth Rock|p2a: Glimmora
|-sidestart|p2: upsidedowngoose|move: Stealth Rock
|
|upkeep
|turn|2
|
|t:|1779954089
|move|p2a: Glimmora|Spikes|p1a: Landorus
|-sidestart|p1: Joyera.|Spikes
|move|p1a: Landorus|Earthquake|p2a: Glimmora
|-supereffective|p2a: Glimmora
|-enditem|p2a: Glimmora|Focus Sash
|-damage|p2a: Glimmora|1/100
|-activate|p2a: Glimmora|ability: Toxic Debris
|-sidestart|p1: Joyera.|move: Toxic Spikes
|
|upkeep
|turn|3
|
|t:|1779954100
|move|p2a: Glimmora|Spikes|p1a: Landorus
|-sidestart|p1: Joyera.|Spikes
|move|p1a: Landorus|Earthquake|p2a: Glimmora
|-supereffective|p2a: Glimmora
|-crit|p2a: Glimmora
|-damage|p2a: Glimmora|0 fnt
|-activate|p2a: Glimmora|ability: Toxic Debris
|-sidestart|p1: Joyera.|move: Toxic Spikes
|faint|p2a: Glimmora
|
|upkeep
|
|t:|1779954117
|switch|p2a: Gotham|Gliscor, F|100/100
|-damage|p2a: Gotham|88/100|[from] Stealth Rock
|turn|4
|
|t:|1779954123
|move|p2a: Gotham|Protect|p2a: Gotham
|-singleturn|p2a: Gotham|Protect
|move|p1a: Landorus|U-turn|p2a: Gotham
|-activate|p2a: Gotham|move: Protect
|
|-status|p2a: Gotham|tox|[from] item: Toxic Orb
|upkeep
|turn|5
|
|t:|1779954133
|move|p2a: Gotham|Facade|p1a: Landorus
|-damage|p1a: Landorus|51/100
|-damage|p2a: Gotham|72/100 tox|[from] item: Rocky Helmet|[of] p1a: Landorus
|move|p1a: Landorus|U-turn|p2a: Gotham
|-resisted|p2a: Gotham
|-damage|p2a: Gotham|59/100 tox
|
|t:|1779954140
|switch|p1a: Greninja|Greninja, M, shiny|100/100|[from] U-turn
|-damage|p1a: Greninja|88/100|[from] Stealth Rock
|-damage|p1a: Greninja|72/100|[from] Spikes
|-status|p1a: Greninja|tox
|
|-damage|p1a: Greninja|66/100 tox|[from] psn
|-heal|p2a: Gotham|71/100 tox|[from] ability: Poison Heal
|upkeep
|turn|6
|
|t:|1779954152
|switch|p2a: Sticky Situation|Hydrapple, M|100/100
|-damage|p2a: Sticky Situation|88/100|[from] Stealth Rock
|move|p1a: Greninja|Blizzard|p2a: Sticky Situation|[miss]
|-start|p1a: Greninja|typechange|Ice|[from] ability: Protean
|-miss|p1a: Greninja|p2a: Sticky Situation
|
|-damage|p1a: Greninja|54/100 tox|[from] psn
|upkeep
|turn|7
|
|t:|1779954165
|switch|p2a: Australian|Araquanid, F, shiny|100/100
|-damage|p2a: Australian|76/100|[from] Stealth Rock
|move|p1a: Greninja|Blizzard|p2a: Australian
|-resisted|p2a: Australian
|-damage|p2a: Australian|60/100
|
|-damage|p1a: Greninja|36/100 tox|[from] psn
|upkeep
|turn|8
|
|t:|1779954176
|move|p1a: Greninja|Gunk Shot|p2a: Australian
|-damage|p2a: Australian|26/100
|move|p2a: Australian|Liquidation|p1a: Greninja
|-damage|p1a: Greninja|0 fnt
|faint|p1a: Greninja
|
|upkeep
|
|t:|1779954186
|switch|p1a: Cinderace|Cinderace, M, shiny|100/100
|-damage|p1a: Cinderace|76/100|[from] Stealth Rock
|-damage|p1a: Cinderace|59/100|[from] Spikes
|-status|p1a: Cinderace|tox
|turn|9
|
|t:|1779954195
|move|p1a: Cinderace|Pyro Ball|p2a: Australian
|-damage|p2a: Australian|0 fnt
|faint|p2a: Australian
|-damage|p1a: Cinderace|49/100 tox|[from] item: Life Orb
|
|-damage|p1a: Cinderace|43/100 tox|[from] psn
|upkeep
|
|t:|1779954204
|switch|p2a: Puppucino|Arcanine-Hisui, F|100/100
|-damage|p2a: Puppucino|76/100|[from] Stealth Rock
|turn|10
|
|t:|1779954210
|-terastallize|p2a: Puppucino|Normal
|move|p2a: Puppucino|Extreme Speed|p1a: Cinderace
|-damage|p1a: Cinderace|0 fnt
|faint|p1a: Cinderace
|
|upkeep
|
|t:|1779954223
|switch|p1a: Rillaboom|Rillaboom, M, shiny|100/100
|-damage|p1a: Rillaboom|88/100|[from] Stealth Rock
|-damage|p1a: Rillaboom|72/100|[from] Spikes
|-status|p1a: Rillaboom|tox
|-fieldstart|move: Grassy Terrain|[from] ability: Grassy Surge|[of] p1a: Rillaboom
|turn|11
|
|t:|1779954232
|switch|p2a: Sticky Situation|Hydrapple, M|100/100
|-damage|p2a: Sticky Situation|88/100|[from] Stealth Rock
|move|p1a: Rillaboom|Grassy Glide|p2a: Sticky Situation
|-resisted|p2a: Sticky Situation
|-damage|p2a: Sticky Situation|80/100
|
|-heal|p1a: Rillaboom|78/100 tox|[from] Grassy Terrain
|-heal|p1a: Rillaboom|84/100 tox|[from] item: Leftovers
|-heal|p2a: Sticky Situation|86/100|[from] Grassy Terrain
|-damage|p1a: Rillaboom|78/100 tox|[from] psn
|upkeep
|turn|12
|
|t:|1779954241
|move|p1a: Rillaboom|U-turn|p2a: Sticky Situation
|-supereffective|p2a: Sticky Situation
|-damage|p2a: Sticky Situation|44/100
|
|t:|1779954244
|switch|p1a: Landorus|Landorus-Therian, M, shiny|51/100|[from] U-turn
|-damage|p1a: Landorus|39/100|[from] Stealth Rock
|-ability|p1a: Landorus|Intimidate|boost
|-unboost|p2a: Sticky Situation|atk|1
|move|p2a: Sticky Situation|Dragon Tail|p1a: Landorus|[miss]
|-miss|p2a: Sticky Situation|p1a: Landorus
|
|-heal|p2a: Sticky Situation|50/100|[from] Grassy Terrain
|upkeep
|turn|13
|
|t:|1779954257
|move|p1a: Landorus|U-turn|p2a: Sticky Situation
|-supereffective|p2a: Sticky Situation
|-damage|p2a: Sticky Situation|5/100
|
|t:|1779954262
|switch|p1a: Rillaboom|Rillaboom, M, shiny|78/100 tox|[from] U-turn
|-damage|p1a: Rillaboom|65/100 tox|[from] Stealth Rock
|-damage|p1a: Rillaboom|49/100 tox|[from] Spikes
|move|p2a: Sticky Situation|Fickle Beam|p1a: Rillaboom
|-damage|p1a: Rillaboom|0 fnt
|faint|p1a: Rillaboom
|
|-heal|p2a: Sticky Situation|11/100|[from] Grassy Terrain
|upkeep
|
|t:|1779954274
|switch|p1a: Landorus|Landorus-Therian, M, shiny|39/100
|-damage|p1a: Landorus|26/100|[from] Stealth Rock
|-ability|p1a: Landorus|Intimidate|boost
|-unboost|p2a: Sticky Situation|atk|1
|turn|14
|
|t:|1779954284
|switch|p2a: Nintendo|Gholdengo|100/100
|-damage|p2a: Nintendo|94/100|[from] Stealth Rock
|move|p1a: Landorus|U-turn|p2a: Nintendo
|-resisted|p2a: Nintendo
|-damage|p2a: Nintendo|86/100
|
|t:|1779954293
|switch|p1a: Dragapult|Dragapult, M, shiny|100/100|[from] U-turn
|
|-heal|p2a: Nintendo|92/100|[from] Grassy Terrain
|upkeep
|turn|15
|
|t:|1779954303
|move|p1a: Dragapult|Phantom Force||[still]
|-prepare|p1a: Dragapult|Phantom Force
|move|p2a: Nintendo|Thunder Wave|p1a: Dragapult|[miss]
|-miss|p2a: Nintendo|p1a: Dragapult
|
|-heal|p2a: Nintendo|98/100|[from] Grassy Terrain
|-fieldend|move: Grassy Terrain
|upkeep
|turn|16
|
|t:|1779954311
|switch|p2a: Puppucino|Arcanine-Hisui, F, tera:Normal|76/100
|-damage|p2a: Puppucino|63/100|[from] Stealth Rock
|move|p1a: Dragapult|Phantom Force|p2a: Puppucino|[from] lockedmove
|-immune|p2a: Puppucino
|
|upkeep
|turn|17
|
|t:|1779954322
|move|p1a: Dragapult|Dragon Darts|p2a: Puppucino
|-damage|p2a: Puppucino|33/100
|-anim|p1a: Dragapult|Dragon Darts|p2a: Puppucino
|-damage|p2a: Puppucino|4/100
|move|p2a: Puppucino|Head Smash|p1a: Dragapult
|-damage|p1a: Dragapult|0 fnt
|faint|p1a: Dragapult
|
|upkeep
|
|t:|1779954331
|switch|p1a: Landorus|Landorus-Therian, M, shiny|26/100
|-damage|p1a: Landorus|14/100|[from] Stealth Rock
|-ability|p1a: Landorus|Intimidate|boost
|-unboost|p2a: Puppucino|atk|1
|turn|18
|
|t:|1779954338
|move|p2a: Puppucino|Head Smash|p1a: Landorus
|-damage|p1a: Landorus|0 fnt
|-damage|p2a: Puppucino|0 fnt|[from] item: Rocky Helmet|[of] p1a: Landorus
|faint|p1a: Landorus
|faint|p2a: Puppucino
|
|upkeep
|
|t:|1779954359
|switch|p2a: Nintendo|Gholdengo|98/100
|switch|p1a: Kingambit|Kingambit, M, shiny|100/100
|-damage|p2a: Nintendo|92/100|[from] Stealth Rock
|-damage|p1a: Kingambit|94/100|[from] Stealth Rock
|-damage|p1a: Kingambit|78/100|[from] Spikes
|-activate|p1a: Kingambit|ability: Supreme Overlord
|-start|p1a: Kingambit|fallen5|[silent]
|turn|19
|
|t:|1779954369
|move|p1a: Kingambit|Sucker Punch||[still]
|-fail|p1a: Kingambit
|move|p2a: Nintendo|Thunder Wave|p1a: Kingambit
|-status|p1a: Kingambit|par
|
|upkeep
|turn|20
|
|t:|1779954377
|move|p1a: Kingambit|Sucker Punch|p2a: Nintendo
|-supereffective|p2a: Nintendo
|-damage|p2a: Nintendo|0 fnt
|faint|p2a: Nintendo
|
|upkeep
|
|t:|1779954380
|switch|p2a: Gotham|Gliscor, F|71/100 tox
|-damage|p2a: Gotham|59/100 tox|[from] Stealth Rock
|turn|21
|
|t:|1779954385
|move|p2a: Gotham|Protect|p2a: Gotham
|-singleturn|p2a: Gotham|Protect
|cant|p1a: Kingambit|par
|
|-heal|p2a: Gotham|71/100 tox|[from] ability: Poison Heal
|upkeep
|turn|22
|
|t:|1779954393
|move|p2a: Gotham|Earthquake|p1a: Kingambit
|-supereffective|p1a: Kingambit
|-damage|p1a: Kingambit|2/100 par
|cant|p1a: Kingambit|par
|
|-heal|p2a: Gotham|84/100 tox|[from] ability: Poison Heal
|upkeep
|turn|23
|
|t:|1779954402
|move|p1a: Kingambit|Sucker Punch|p2a: Gotham
|-crit|p2a: Gotham
|-damage|p2a: Gotham|0 fnt
|faint|p2a: Gotham
|
|upkeep
|
|t:|1779954405
|switch|p2a: Sticky Situation|Hydrapple, M|44/100
|-damage|p2a: Sticky Situation|32/100|[from] Stealth Rock
|turn|24
|
|t:|1779954410
|move|p1a: Kingambit|Sucker Punch|p2a: Sticky Situation
|-damage|p2a: Sticky Situation|0 fnt
|faint|p2a: Sticky Situation
|
|win|Joyera.
|raw|Joyera.'s rating: 1065 &rarr; <strong>1100</strong><br />(+35 for winning)
|raw|upsidedowngoose's rating: 1118 &rarr; <strong>1089</strong><br />(-29 for losing)
|l|☆upsidedowngoose
|player|p2|
