|j|☆TumitirangEngineer
|j|‽tiredss
|t:|1779961461
|gametype|singles
|player|p1|TumitirangEngineer|pokemaniac|1144
|player|p2|tiredss|169|1163
|gen|9
|tier|[Gen 9] OU
|rated|
|rule|HP Percentage Mod: HP is shown in percentages
|rule|Endless Battle Clause: Forcing endless battles is banned
|rule|Species Clause: Limit one of each Pokémon
|rule|OHKO Clause: OHKO moves are banned
|rule|Evasion Items Clause: Evasion items are banned
|rule|Evasion Moves Clause: Evasion moves are banned
|rule|Evasion Abilities Clause: Evasion abilities are banned
|rule|Sleep Moves Clause: Sleep-inducing moves are banned
|clearpoke
|poke|p1|Pawmot, M|
|poke|p1|Ogerpon-Wellspring, F|
|poke|p1|Dragonite, M|
|poke|p1|Pecharunt|
|poke|p1|Ambipom, F|
|poke|p1|Blaziken, F|
|poke|p2|Cresselia, F|
|poke|p2|Kingambit, M|
|poke|p2|Porygon2|
|poke|p2|Hatterene, F|
|poke|p2|Ursaluna, F|
|poke|p2|Glastrier|
|teampreview
|
|t:|1779961473
|teamsize|p1|6
|teamsize|p2|6
|start
|switch|p1a: Child Predator|Ambipom, F|100/100
|switch|p2a: Hatterene|Hatterene, F|100/100
|turn|1
|
|t:|1779961486
|move|p1a: Child Predator|Fake Out|p2a: Hatterene
|-damage|p2a: Hatterene|69/100
|cant|p2a: Hatterene|flinch
|
|upkeep
|turn|2
|
|t:|1779961493
|move|p1a: Child Predator|Knock Off|p2a: Hatterene
|-damage|p2a: Hatterene|36/100
|-enditem|p2a: Hatterene|Focus Sash|[from] move: Knock Off|[of] p1a: Child Predator
|move|p2a: Hatterene|Trick Room|p2a: Hatterene
|-fieldstart|move: Trick Room|[of] p2a: Hatterene
|
|upkeep
|turn|3
|
|t:|1779961502
|move|p2a: Hatterene|Psychic|p1a: Child Predator
|-damage|p1a: Child Predator|8/100
|move|p1a: Child Predator|Triple Axel|p2a: Hatterene
|-damage|p2a: Hatterene|26/100
|-damage|p2a: Hatterene|6/100
|-damage|p2a: Hatterene|0 fnt
|faint|p2a: Hatterene
|-hitcount|p2: Hatterene|3
|
|upkeep
|
|t:|1779961526
|switch|p2a: Glastrier|Glastrier|100/100
|turn|4
|
|t:|1779961537
|-terastallize|p2a: Glastrier|Ice
|move|p2a: Glastrier|Icicle Crash|p1a: Child Predator
|-damage|p1a: Child Predator|0 fnt
|faint|p1a: Child Predator
|-ability|p2a: Glastrier|Chilling Neigh|boost
|-boost|p2a: Glastrier|atk|1
|
|upkeep
|
|t:|1779961541
|switch|p1a: 24 Chicken|Blaziken, F|100/100
|turn|5
|
|t:|1779961552
|switch|p1a: Mansangas|Pecharunt|100/100
|move|p2a: Glastrier|Icicle Crash|p1a: Mansangas
|-damage|p1a: Mansangas|22/100
|
|upkeep
|turn|6
|
|t:|1779961560
|move|p2a: Glastrier|Icicle Crash|p1a: Mansangas
|-damage|p1a: Mansangas|0 fnt
|faint|p1a: Mansangas
|-ability|p2a: Glastrier|Chilling Neigh|boost
|-boost|p2a: Glastrier|atk|1
|
|-fieldend|move: Trick Room
|upkeep
|
|t:|1779961562
|switch|p1a: 24 Chicken|Blaziken, F|100/100
|turn|7
|
|t:|1779961574
|switch|p2a: Porygon2|Porygon2|100/100
|-ability|p2a: Porygon2|Download|boost
|-boost|p2a: Porygon2|atk|1
|move|p1a: 24 Chicken|Overheat|p2a: Porygon2
|-damage|p2a: Porygon2|67/100
|-unboost|p1a: 24 Chicken|spa|2
|
|-ability|p1a: 24 Chicken|Speed Boost|boost
|-boost|p1a: 24 Chicken|spe|1
|upkeep
|turn|8
|
|t:|1779961588
|switch|p2a: Cresselia|Cresselia, F|100/100
|move|p1a: 24 Chicken|Focus Energy|p1a: 24 Chicken
|-start|p1a: 24 Chicken|move: Focus Energy
|
|-ability|p1a: 24 Chicken|Speed Boost|boost
|-boost|p1a: 24 Chicken|spe|1
|upkeep
|turn|9
|
|t:|1779961596
|-terastallize|p1a: 24 Chicken|Fire
|move|p1a: 24 Chicken|Overheat|p2a: Cresselia
|-crit|p2a: Cresselia
|-damage|p2a: Cresselia|12/100
|-unboost|p1a: 24 Chicken|spa|2
|move|p2a: Cresselia|Trick Room|p2a: Cresselia
|-fieldstart|move: Trick Room|[of] p2a: Cresselia
|
|-heal|p2a: Cresselia|18/100|[from] item: Leftovers
|-ability|p1a: 24 Chicken|Speed Boost|boost
|-boost|p1a: 24 Chicken|spe|1
|upkeep
|turn|10
|
|t:|1779961611
|switch|p1a: Scramble Tomboy|Dragonite, M|100/100
|move|p2a: Cresselia|Psychic|p1a: Scramble Tomboy
|-damage|p1a: Scramble Tomboy|84/100
|-unboost|p1a: Scramble Tomboy|spd|1
|
|-heal|p2a: Cresselia|24/100|[from] item: Leftovers
|upkeep
|turn|11
|
|t:|1779961621
|move|p1a: Scramble Tomboy|Extreme Speed|p2a: Cresselia
|-damage|p2a: Cresselia|5/100
|move|p2a: Cresselia|Moonblast|p1a: Scramble Tomboy
|-supereffective|p1a: Scramble Tomboy
|-damage|p1a: Scramble Tomboy|13/100
|
|-heal|p2a: Cresselia|11/100|[from] item: Leftovers
|upkeep
|turn|12
|
|t:|1779961633
|move|p1a: Scramble Tomboy|Extreme Speed|p2a: Cresselia
|-damage|p2a: Cresselia|0 fnt
|faint|p2a: Cresselia
|
|upkeep
|
|t:|1779961639
|switch|p2a: Ursaluna|Ursaluna, F|100/100
|turn|13
|
|t:|1779961653
|move|p1a: Scramble Tomboy|Extreme Speed|p2a: Ursaluna
|-damage|p2a: Ursaluna|79/100
|move|p2a: Ursaluna|Smack Down|p1a: Scramble Tomboy
|-supereffective|p1a: Scramble Tomboy
|-damage|p1a: Scramble Tomboy|0 fnt
|faint|p1a: Scramble Tomboy
|
|-fieldend|move: Trick Room
|-status|p2a: Ursaluna|brn|[from] item: Flame Orb
|upkeep
|
|t:|1779961668
|switch|p1a: Pikajew|Pawmot, M|100/100
|turn|14
|
|t:|1779961675
|move|p1a: Pikajew|Revival Blessing|p1a: Pikajew
|-enditem|p1a: Pikajew|Leppa Berry|[eat]
|-activate|p1a: Pikajew|item: Leppa Berry|Revival Blessing|[consumed]
|
|t:|1779961680
|-heal|p1: Mansangas|50/100|[from] move: Revival Blessing
|move|p2a: Ursaluna|Earthquake|p1a: Pikajew
|-supereffective|p1a: Pikajew
|-damage|p1a: Pikajew|0 fnt
|faint|p1a: Pikajew
|
|-damage|p2a: Ursaluna|73/100 brn|[from] brn
|upkeep
|
|t:|1779961685
|switch|p1a: 24 Chicken|Blaziken, F, tera:Fire|100/100
|turn|15
|
|t:|1779961695
|move|p1a: 24 Chicken|Aura Sphere|p2a: Ursaluna
|-supereffective|p2a: Ursaluna
|-damage|p2a: Ursaluna|0 fnt
|faint|p2a: Ursaluna
|
|-ability|p1a: 24 Chicken|Speed Boost|boost
|-boost|p1a: 24 Chicken|spe|1
|upkeep
|inactive|Battle timer is ON: inactive players will automatically lose when time's up. (requested by TumitirangEngineer)
|
|t:|1779961740
|switch|p2a: Porygon2|Porygon2|67/100
|-ability|p2a: Porygon2|Download|boost
|-boost|p2a: Porygon2|atk|1
|turn|16
|
|t:|1779961755
|move|p1a: 24 Chicken|Aura Sphere|p2a: Porygon2
|-supereffective|p2a: Porygon2
|-damage|p2a: Porygon2|20/100
|move|p2a: Porygon2|Trick Room|p2a: Porygon2
|-fieldstart|move: Trick Room|[of] p2a: Porygon2
|
|-ability|p1a: 24 Chicken|Speed Boost|boost
|-boost|p1a: 24 Chicken|spe|1
|upkeep
|turn|17
|
|t:|1779961768
|move|p2a: Porygon2|Foul Play|p1a: 24 Chicken
|-crit|p1a: 24 Chicken
|-damage|p1a: 24 Chicken|44/100
|move|p1a: 24 Chicken|Overheat|p2a: Porygon2
|-damage|p2a: Porygon2|0 fnt
|-unboost|p1a: 24 Chicken|spa|2
|faint|p2a: Porygon2
|
|-ability|p1a: 24 Chicken|Speed Boost|boost
|-boost|p1a: 24 Chicken|spe|1
|upkeep
|
|t:|1779961780
|switch|p2a: Glastrier|Glastrier, tera:Ice|100/100
|turn|18
|
|t:|1779961787
|move|p1a: 24 Chicken|Protect|p1a: 24 Chicken
|-singleturn|p1a: 24 Chicken|Protect
|move|p2a: Glastrier|Icicle Crash|p1a: 24 Chicken
|-activate|p1a: 24 Chicken|move: Protect
|
|-ability|p1a: 24 Chicken|Speed Boost|boost
|-boost|p1a: 24 Chicken|spe|1
|upkeep
|turn|19
|
|t:|1779961796
|move|p2a: Glastrier|Icicle Crash|p1a: 24 Chicken
|-resisted|p1a: 24 Chicken
|-damage|p1a: 24 Chicken|0 fnt
|faint|p1a: 24 Chicken
|-ability|p2a: Glastrier|Chilling Neigh|boost
|-boost|p2a: Glastrier|atk|1
|
|upkeep
|
|t:|1779961799
|switch|p1a: Mansangas|Pecharunt|50/100
|turn|20
|
|t:|1779961804
|move|p2a: Glastrier|Icicle Crash|p1a: Mansangas|[miss]
|-miss|p2a: Glastrier|p1a: Mansangas
|move|p1a: Mansangas|Recover|p1a: Mansangas
|-heal|p1a: Mansangas|100/100
|
|-fieldend|move: Trick Room
|upkeep
|turn|21
|
|t:|1779961812
|move|p1a: Mansangas|Malignant Chain|p2a: Glastrier
|-damage|p2a: Glastrier|78/100
|move|p2a: Glastrier|Icicle Crash|p1a: Mansangas
|-damage|p1a: Mansangas|20/100
|
|upkeep
|turn|22
|
|t:|1779961819
|move|p1a: Mansangas|Malignant Chain|p2a: Glastrier
|-damage|p2a: Glastrier|53/100
|-status|p2a: Glastrier|tox
|-start|p2a: Glastrier|confusion|[from] ability: Poison Puppeteer|[of] p1a: Mansangas
|-activate|p2a: Glastrier|confusion
|-damage|p2a: Glastrier|38/100 tox|[from] confusion
|
|-damage|p2a: Glastrier|32/100 tox|[from] psn
|upkeep
|turn|23
|
|t:|1779961829
|move|p1a: Mansangas|Recover|p1a: Mansangas
|-heal|p1a: Mansangas|70/100
|-activate|p2a: Glastrier|confusion
|move|p2a: Glastrier|Icicle Crash|p1a: Mansangas|[miss]
|-miss|p2a: Glastrier|p1a: Mansangas
|
|-damage|p2a: Glastrier|20/100 tox|[from] psn
|upkeep
|turn|24
|
|t:|1779961839
|move|p1a: Mansangas|Malignant Chain|p2a: Glastrier
|-damage|p2a: Glastrier|0 fnt
|faint|p2a: Glastrier
|
|upkeep
|
|t:|1779961844
|switch|p2a: Kingambit|Kingambit, M|100/100
|-activate|p2a: Kingambit|ability: Supreme Overlord
|-start|p2a: Kingambit|fallen5|[silent]
|turn|25
|
|t:|1779961854
|move|p1a: Mansangas|Parting Shot|p2a: Kingambit
|-unboost|p2a: Kingambit|atk|1
|-unboost|p2a: Kingambit|spa|1
|
|t:|1779961858
|switch|p1a: NlGGA|Ogerpon-Wellspring, F|100/100|[from] Parting Shot
|move|p2a: Kingambit|Kowtow Cleave|p1a: NlGGA
|-damage|p1a: NlGGA|44/100
|
|upkeep
|turn|26
|l|☆TumitirangEngineer
|inactive|TumitirangEngineer disconnected and has a minute to reconnect!
|player|p1|
|j|☆TumitirangEngineer
|inactive|TumitirangEngineer reconnected and has 125 seconds left.
|player|p1|TumitirangEngineer|pokemaniac|
|
|t:|1779961887
|move|p1a: NlGGA|Swords Dance|p1a: NlGGA
|-boost|p1a: NlGGA|atk|2
|move|p2a: Kingambit|Kowtow Cleave|p1a: NlGGA
|-damage|p1a: NlGGA|0 fnt
|faint|p1a: NlGGA
|
|upkeep
|
|t:|1779961892
|switch|p1a: Mansangas|Pecharunt|70/100
|turn|27
|
|t:|1779961898
|move|p1a: Mansangas|Foul Play|p2a: Kingambit
|-resisted|p2a: Kingambit
|-damage|p2a: Kingambit|93/100
|move|p2a: Kingambit|Kowtow Cleave|p1a: Mansangas
|-supereffective|p1a: Mansangas
|-damage|p1a: Mansangas|26/100
|
|-heal|p2a: Kingambit|99/100|[from] item: Leftovers
|upkeep
|turn|28
|-message|TumitirangEngineer forfeited.
|
|win|tiredss
|raw|TumitirangEngineer's rating: 1144 &rarr; <strong>1120</strong><br />(-24 for losing)
|raw|tiredss's rating: 1163 &rarr; <strong>1187</strong><br />(+24 for winning)
|l|☆TumitirangEngineer
|player|p1|
|l|‽tiredss
|player|p2|
