|j|☆prepare 4 die
|j|☆tecerdo
|t:|1779961886
|gametype|singles
|player|p1|prepare 4 die|wallace|1479
|player|p2|tecerdo|gentleman-gen4dp|1537
|gen|9
|tier|[Gen 9] OU
|rated|
|rule|HP Percentage Mod: HP is shown in percentages
|rule|Endless Battle Clause: Forcing endless battles is banned
|rule|Species Clause: Limit one of each Pokémon
|rule|OHKO Clause: OHKO moves are banned
|rule|Evasion Items Clause: Evasion items are banned
|rule|Evasion Moves Clause: Evasion moves are banned
|rule|Evasion Abilities Clause: Evasion abilities are banned
|rule|Sleep Moves Clause: Sleep-inducing moves are banned
|clearpoke
|poke|p1|Gallade, M|
|poke|p1|Ceruledge, F|
|poke|p1|Hatterene, F|
|poke|p1|Rillaboom, F|
|poke|p1|Iron Crown|
|poke|p1|Great Tusk|
|poke|p2|Pelipper, M|
|poke|p2|Beartic, F|
|poke|p2|Barraskewda, F|
|poke|p2|Bellibolt, M|
|poke|p2|Toxicroak, F|
|poke|p2|Iron Treads|
|teampreview
|inactive|Battle timer is ON: inactive players will automatically lose when time's up. (requested by tecerdo)
|inactive|prepare 4 die has 120 seconds left.
|
|t:|1779961936
|teamsize|p1|6
|teamsize|p2|6
|start
|switch|p1a: Gallade|Gallade, M|100/100
|switch|p2a: Iron Treads|Iron Treads|100/100
|turn|1
|
|t:|1779961948
|move|p2a: Iron Treads|Earthquake|p1a: Gallade
|-damage|p1a: Gallade|35/100
|move|p1a: Gallade|Sacred Sword|p2a: Iron Treads
|-supereffective|p2a: Iron Treads
|-crit|p2a: Iron Treads
|-damage|p2a: Iron Treads|0 fnt
|faint|p2a: Iron Treads
|-end|p2a: Iron Treads|Quark Drive|[silent]
|-damage|p1a: Gallade|25/100|[from] item: Life Orb
|
|upkeep
|
|t:|1779961952
|switch|p2a: Barraskewda|Barraskewda, F|100/100
|turn|2
|
|t:|1779961980
|move|p1a: Gallade|Shadow Sneak|p2a: Barraskewda
|-damage|p2a: Barraskewda|62/100
|-damage|p1a: Gallade|16/100|[from] item: Life Orb
|move|p2a: Barraskewda|Flip Turn|p1a: Gallade
|-damage|p1a: Gallade|0 fnt
|faint|p1a: Gallade
|
|t:|1779961982
|switch|p2a: Pelipper|Pelipper, M|100/100|[from] Flip Turn
|-weather|RainDance|[from] ability: Drizzle|[of] p2a: Pelipper
|
|-weather|RainDance|[upkeep]
|upkeep
|inactive|prepare 4 die has 120 seconds left.
|
|t:|1779962007
|switch|p1a: Iron Crown|Iron Crown|100/100
|turn|3
|inactive|prepare 4 die has 120 seconds left.
|
|t:|1779962013
|switch|p2a: Bellibolt|Bellibolt, M|100/100
|move|p1a: Iron Crown|Future Sight|p2a: Bellibolt
|-start|p1a: Iron Crown|move: Future Sight
|
|-weather|RainDance|[upkeep]
|upkeep
|turn|4
|inactive|prepare 4 die has 120 seconds left.
|
|t:|1779962033
|-end|p1a: Iron Crown|Quark Drive|[silent]
|switch|p1a: Rillaboom|Rillaboom, F|100/100
|-fieldstart|move: Grassy Terrain|[from] ability: Grassy Surge|[of] p1a: Rillaboom
|move|p2a: Bellibolt|Weather Ball|p1a: Rillaboom
|-resisted|p1a: Rillaboom
|-damage|p1a: Rillaboom|69/100
|
|-weather|RainDance|[upkeep]
|-heal|p1a: Rillaboom|75/100|[from] Grassy Terrain
|upkeep
|turn|5
|inactive|prepare 4 die has 120 seconds left.
|
|t:|1779962046
|move|p1a: Rillaboom|Swords Dance|p1a: Rillaboom
|-boost|p1a: Rillaboom|atk|2
|move|p2a: Bellibolt|Parabolic Charge|p1a: Rillaboom
|-resisted|p1a: Rillaboom
|-damage|p1a: Rillaboom|53/100
|
|-weather|RainDance|[upkeep]
|-end|p2a: Bellibolt|move: Future Sight
|-crit|p2a: Bellibolt
|-damage|p2a: Bellibolt|47/100
|-start|p2a: Bellibolt|Charge|Future Sight|[from] ability: Electromorphosis
|-heal|p1a: Rillaboom|59/100|[from] Grassy Terrain
|-heal|p2a: Bellibolt|53/100|[from] Grassy Terrain
|upkeep
|turn|6
|
|t:|1779962052
|switch|p2a: Toxicroak|Toxicroak, F|100/100
|move|p1a: Rillaboom|Grassy Glide|p2a: Toxicroak
|-resisted|p2a: Toxicroak
|-damage|p2a: Toxicroak|53/100
|-damage|p1a: Rillaboom|43/100|[from] item: Rocky Helmet|[of] p2a: Toxicroak
|-damage|p1a: Rillaboom|33/100|[from] item: Life Orb
|
|-weather|RainDance|[upkeep]
|-heal|p2a: Toxicroak|66/100|[from] ability: Dry Skin
|-heal|p1a: Rillaboom|39/100|[from] Grassy Terrain
|-heal|p2a: Toxicroak|72/100|[from] Grassy Terrain
|upkeep
|turn|7
|
|t:|1779962064
|move|p1a: Rillaboom|Wood Hammer|p2a: Toxicroak
|-resisted|p2a: Toxicroak
|-damage|p2a: Toxicroak|0 fnt
|-damage|p1a: Rillaboom|23/100|[from] item: Rocky Helmet|[of] p2a: Toxicroak
|faint|p2a: Toxicroak
|-damage|p1a: Rillaboom|0 fnt|[from] Recoil
|faint|p1a: Rillaboom
|
|-weather|RainDance|[upkeep]
|upkeep
|inactive|prepare 4 die has 120 seconds left.
|
|t:|1779962103
|switch|p1a: Hatterene|Hatterene, F|100/100
|switch|p2a: Barraskewda|Barraskewda, F|62/100
|turn|8
|
|t:|1779962107
|move|p2a: Barraskewda|Flip Turn|p1a: Hatterene
|-damage|p1a: Hatterene|42/100
|
|t:|1779962109
|switch|p2a: Bellibolt|Bellibolt, M|53/100|[from] Flip Turn
|move|p1a: Hatterene|Nuzzle|p2a: Bellibolt
|-resisted|p2a: Bellibolt
|-damage|p2a: Bellibolt|51/100
|-start|p2a: Bellibolt|Charge|Nuzzle|[from] ability: Electromorphosis
|
|-weather|RainDance|[upkeep]
|-heal|p2a: Bellibolt|57/100|[from] Grassy Terrain
|-heal|p1a: Hatterene|48/100|[from] Grassy Terrain
|-fieldend|move: Grassy Terrain
|upkeep
|turn|9
|inactive|prepare 4 die has 90 seconds left.
|
|t:|1779962147
|move|p2a: Bellibolt|Weather Ball|p1a: Hatterene
|-damage|p1a: Hatterene|0 fnt
|faint|p1a: Hatterene
|
|-weather|none
|upkeep
|
|t:|1779962156
|switch|p1a: Iron Crown|Iron Crown|100/100
|turn|10
|
|t:|1779962159
|move|p1a: Iron Crown|Future Sight|p2a: Bellibolt
|-start|p1a: Iron Crown|move: Future Sight
|move|p2a: Bellibolt|Parabolic Charge|p1a: Iron Crown
|-damage|p1a: Iron Crown|57/100
|-heal|p2a: Bellibolt|77/100|[from] drain|[of] p1a: Iron Crown
|-end|p2a: Bellibolt|Charge|[silent]
|
|upkeep
|turn|11
|
|t:|1779962167
|move|p1a: Iron Crown|Volt Switch|p2a: Bellibolt
|-resisted|p2a: Bellibolt
|-damage|p2a: Bellibolt|70/100
|-start|p2a: Bellibolt|Charge|Volt Switch|[from] ability: Electromorphosis
|
|t:|1779962169
|-end|p1a: Iron Crown|Quark Drive|[silent]
|switch|p1a: Great Tusk|Great Tusk|100/100|[from] Volt Switch
|move|p2a: Bellibolt|Parabolic Charge|p1a: Great Tusk
|-immune|p1a: Great Tusk
|-end|p2a: Bellibolt|Charge|[silent]
|
|upkeep
|turn|12
|
|t:|1779962176
|switch|p2a: Pelipper|Pelipper, M|100/100
|-weather|RainDance|[from] ability: Drizzle|[of] p2a: Pelipper
|move|p1a: Great Tusk|Ice Spinner|p2a: Pelipper
|-damage|p2a: Pelipper|81/100
|
|-weather|RainDance|[upkeep]
|-end|p2a: Pelipper|move: Future Sight
|-damage|p2a: Pelipper|0 fnt
|faint|p2a: Pelipper
|upkeep
|
|t:|1779962180
|switch|p2a: Barraskewda|Barraskewda, F|62/100
|turn|13
|inactive|prepare 4 die has 120 seconds left.
|inactive|prepare 4 die has 90 seconds left.
|
|t:|1779962217
|-terastallize|p2a: Barraskewda|Water
|move|p2a: Barraskewda|Flip Turn|p1a: Great Tusk
|-supereffective|p1a: Great Tusk
|-damage|p1a: Great Tusk|0 fnt
|-damage|p2a: Barraskewda|46/100|[from] item: Rocky Helmet|[of] p1a: Great Tusk
|faint|p1a: Great Tusk
|-end|p1a: Great Tusk|Protosynthesis|[silent]
|
|t:|1779962225
|switch|p2a: Beartic|Beartic, F|100/100|[from] Flip Turn
|
|-weather|RainDance|[upkeep]
|upkeep
|inactive|prepare 4 die has 90 seconds left.
|inactive|prepare 4 die has 60 seconds left.
|
|t:|1779962266
|switch|p1a: Iron Crown|Iron Crown|57/100
|turn|14
|
|t:|1779962272
|move|p2a: Beartic|Earthquake|p1a: Iron Crown
|-supereffective|p1a: Iron Crown
|-damage|p1a: Iron Crown|0 fnt
|faint|p1a: Iron Crown
|-end|p1a: Iron Crown|Quark Drive|[silent]
|
|-weather|RainDance|[upkeep]
|upkeep
|inactive|prepare 4 die has 60 seconds left.
|
|t:|1779962283
|switch|p1a: Ceruledge|Ceruledge, F|100/100
|turn|15
|
|t:|1779962288
|move|p2a: Beartic|Substitute|p2a: Beartic
|-start|p2a: Beartic|Substitute
|-damage|p2a: Beartic|76/100
|move|p1a: Ceruledge|Swords Dance|p1a: Ceruledge
|-boost|p1a: Ceruledge|atk|2
|
|-weather|RainDance|[upkeep]
|upkeep
|turn|16
|
|t:|1779962295
|move|p2a: Beartic|Earthquake|p1a: Ceruledge
|-supereffective|p1a: Ceruledge
|-damage|p1a: Ceruledge|2/100
|-ability|p1a: Ceruledge|Weak Armor|boost
|-unboost|p1a: Ceruledge|def|1
|-boost|p1a: Ceruledge|spe|2
|move|p1a: Ceruledge|Bitter Blade|p2a: Beartic
|-supereffective|p2a: Beartic
|-end|p2a: Beartic|Substitute
|-heal|p1a: Ceruledge|16/100|[from] drain|[of] p2a: Beartic
|
|-weather|RainDance|[upkeep]
|upkeep
|turn|17
|
|t:|1779962302
|move|p1a: Ceruledge|Bitter Blade|p2a: Beartic
|-supereffective|p2a: Beartic
|-damage|p2a: Beartic|0 fnt
|-heal|p1a: Ceruledge|59/100|[from] drain|[of] p2a: Beartic
|faint|p2a: Beartic
|
|-weather|RainDance|[upkeep]
|upkeep
|
|t:|1779962305
|switch|p2a: Barraskewda|Barraskewda, F, tera:Water|46/100
|turn|18
|
|t:|1779962309
|-terastallize|p1a: Ceruledge|Ghost
|move|p2a: Barraskewda|Aqua Jet|p1a: Ceruledge
|-damage|p1a: Ceruledge|0 fnt
|faint|p1a: Ceruledge
|
|win|tecerdo
|raw|prepare 4 die's rating: 1479 &rarr; <strong>1462</strong><br />(-17 for losing)
|raw|tecerdo's rating: 1537 &rarr; <strong>1554</strong><br />(+17 for winning)
|l|☆prepare 4 die
|player|p1|
|l|☆tecerdo
|player|p2|
