|j|☆sxde
|j|☆juiicychiller
|t:|1779912048
|gametype|singles
|player|p1|sxde|ethan|1738
|player|p2|juiicychiller|1|1722
|gen|9
|tier|[Gen 9] OU
|rated|
|rule|HP Percentage Mod: HP is shown in percentages
|rule|Endless Battle Clause: Forcing endless battles is banned
|rule|Species Clause: Limit one of each Pokémon
|rule|OHKO Clause: OHKO moves are banned
|rule|Evasion Items Clause: Evasion items are banned
|rule|Evasion Moves Clause: Evasion moves are banned
|rule|Evasion Abilities Clause: Evasion abilities are banned
|rule|Sleep Moves Clause: Sleep-inducing moves are banned
|clearpoke
|poke|p1|Dragonite, F|
|poke|p1|Gholdengo|
|poke|p1|Landorus-Therian, M|
|poke|p1|Ogerpon-Wellspring, F|
|poke|p1|Kingambit, M|
|poke|p1|Hatterene, F|
|poke|p2|Alomomola, F|
|poke|p2|Weezing-Galar, M|
|poke|p2|Blissey, F|
|poke|p2|Weavile, F|
|poke|p2|Iron Treads|
|poke|p2|Corviknight, F|
|teampreview
|inactive|Battle timer is ON: inactive players will automatically lose when time's up. (requested by juiicychiller)
|
|t:|1779912065
|teamsize|p1|6
|teamsize|p2|6
|start
|switch|p1a: Landorus|Landorus-Therian, M|100/100
|switch|p2a: Weavile|Weavile, F|100/100
|-ability|p2a: Weavile|Pressure
|-ability|p1a: Landorus|Intimidate|boost
|-unboost|p2a: Weavile|atk|1
|turn|1
|
|t:|1779912069
|switch|p1a: Kingambit|Kingambit, M|100/100
|move|p2a: Weavile|Triple Axel|p1a: Kingambit
|-resisted|p1a: Kingambit
|-crit|p1a: Kingambit
|-damage|p1a: Kingambit|92/100
|-resisted|p1a: Kingambit
|-damage|p1a: Kingambit|84/100
|-resisted|p1a: Kingambit
|-damage|p1a: Kingambit|74/100
|-hitcount|p1a: Kingambit|3
|
|-heal|p1a: Kingambit|80/100|[from] item: Leftovers
|upkeep
|turn|2
|j| Lowladderubersnoob
|inactive|sxde has 120 seconds left.
|
|t:|1779912102
|switch|p2a: Corviknight|Corviknight, F|100/100
|-ability|p2a: Corviknight|Pressure
|-end|p1a: Kingambit|fallenundefined|[silent]
|switch|p1a: Landorus|Landorus-Therian, M|100/100
|-ability|p1a: Landorus|Intimidate|boost
|-unboost|p2a: Corviknight|atk|1
|
|upkeep
|turn|3
|l| Lowladderubersnoob
|
|t:|1779912110
|switch|p2a: Alomomola|Alomomola, F|100/100
|move|p1a: Landorus|Stealth Rock|p2a: Alomomola
|-sidestart|p2: juiicychiller|move: Stealth Rock
|
|upkeep
|turn|4
|
|t:|1779912116
|move|p1a: Landorus|U-turn|p2a: Alomomola
|-damage|p2a: Alomomola|87/100
|
|t:|1779912118
|switch|p1a: Ogerpon|Ogerpon-Wellspring, F|100/100|[from] U-turn
|move|p2a: Alomomola|Flip Turn|p1a: Ogerpon
|-immune|p1a: Ogerpon|[from] ability: Water Absorb
|
|upkeep
|turn|5
|
|t:|1779912130
|switch|p2a: Weezing|Weezing-Galar, M|100/100
|-ability|p2a: Weezing|Neutralizing Gas
|-damage|p2a: Weezing|88/100|[from] Stealth Rock
|move|p1a: Ogerpon|Swords Dance|p1a: Ogerpon
|-boost|p1a: Ogerpon|atk|2
|
|-heal|p2a: Weezing|94/100|[from] item: Leftovers
|upkeep
|turn|6
|
|t:|1779912137
|-terastallize|p1a: Ogerpon|Water
|detailschange|p1a: Ogerpon|Ogerpon-Wellspring-Tera, F, tera:Water
|-terastallize|p2a: Weezing|Grass
|move|p1a: Ogerpon|Ivy Cudgel|p2a: Weezing|[anim] Ivy Cudgel Water
|-resisted|p2a: Weezing
|-damage|p2a: Weezing|43/100
|move|p2a: Weezing|Will-O-Wisp|p1a: Ogerpon
|-status|p1a: Ogerpon|brn
|
|-heal|p2a: Weezing|49/100|[from] item: Leftovers
|-damage|p1a: Ogerpon|95/100 brn|[from] brn
|upkeep
|turn|7
|
|t:|1779912150
|move|p1a: Ogerpon|Swords Dance|p1a: Ogerpon
|-boost|p1a: Ogerpon|atk|2
|move|p2a: Weezing|Sludge Bomb|p1a: Ogerpon
|-damage|p1a: Ogerpon|60/100 brn
|
|-heal|p2a: Weezing|55/100|[from] item: Leftovers
|-damage|p1a: Ogerpon|54/100 brn|[from] brn
|upkeep
|turn|8
|
|t:|1779912161
|move|p1a: Ogerpon|Ivy Cudgel|p2a: Weezing|[anim] Ivy Cudgel Water
|-resisted|p2a: Weezing
|-damage|p2a: Weezing|20/100
|move|p2a: Weezing|Sludge Bomb|p1a: Ogerpon
|-damage|p1a: Ogerpon|20/100 brn
|
|-heal|p2a: Weezing|26/100|[from] item: Leftovers
|-damage|p1a: Ogerpon|14/100 brn|[from] brn
|upkeep
|turn|9
|
|t:|1779912171
|move|p2a: Weezing|Protect|p2a: Weezing
|-singleturn|p2a: Weezing|Protect
|move|p1a: Ogerpon|Power Whip|p2a: Weezing
|-activate|p2a: Weezing|move: Protect
|
|-heal|p2a: Weezing|32/100|[from] item: Leftovers
|-damage|p1a: Ogerpon|8/100 brn|[from] brn
|upkeep
|turn|10
|
|t:|1779912192
|move|p1a: Ogerpon|Power Whip|p2a: Weezing
|-resisted|p2a: Weezing
|-damage|p2a: Weezing|0 fnt
|faint|p2a: Weezing
|-end|p2a: Weezing|ability: Neutralizing Gas
|-ability|p1a: Ogerpon|Embody Aspect (Wellspring)|boost
|-boost|p1a: Ogerpon|spd|1
|
|-damage|p1a: Ogerpon|2/100 brn|[from] brn
|upkeep
|
|t:|1779912199
|switch|p2a: Weavile|Weavile, F|100/100
|-damage|p2a: Weavile|76/100|[from] Stealth Rock
|-ability|p2a: Weavile|Pressure
|turn|11
|
|t:|1779912205
|move|p2a: Weavile|Knock Off|p1a: Ogerpon
|-damage|p1a: Ogerpon|0 fnt
|faint|p1a: Ogerpon
|detailschange|p1: Ogerpon|Ogerpon-Wellspring, F|[silent]
|
|upkeep
|j| nesnot
|
|t:|1779912207
|switch|p1a: Landorus|Landorus-Therian, M|100/100
|-ability|p1a: Landorus|Intimidate|boost
|-unboost|p2a: Weavile|atk|1
|turn|12
|
|t:|1779912212
|switch|p2a: Corviknight|Corviknight, F|100/100
|-damage|p2a: Corviknight|88/100|[from] Stealth Rock
|-ability|p2a: Corviknight|Pressure
|move|p1a: Landorus|U-turn|p2a: Corviknight
|-resisted|p2a: Corviknight
|-damage|p2a: Corviknight|84/100
|-damage|p1a: Landorus|84/100|[from] item: Rocky Helmet|[of] p2a: Corviknight
|
|t:|1779912217
|switch|p1a: Gholdengo|Gholdengo|100/100|[from] U-turn
|-item|p1a: Gholdengo|Air Balloon
|
|upkeep
|turn|13
|
|t:|1779912227
|switch|p2a: Iron Treads|Iron Treads|100/100
|-damage|p2a: Iron Treads|98/100|[from] Stealth Rock
|move|p1a: Gholdengo|Nasty Plot|p1a: Gholdengo
|-boost|p1a: Gholdengo|spa|2
|
|-heal|p2a: Iron Treads|100/100|[from] item: Leftovers
|upkeep
|turn|14
|
|t:|1779912231
|move|p1a: Gholdengo|Shadow Ball|p2a: Iron Treads
|-damage|p2a: Iron Treads|34/100
|move|p2a: Iron Treads|Ice Spinner|p1a: Gholdengo
|-resisted|p1a: Gholdengo
|-damage|p1a: Gholdengo|89/100
|-enditem|p1a: Gholdengo|Air Balloon
|
|-heal|p2a: Iron Treads|40/100|[from] item: Leftovers
|upkeep
|turn|15
|j| just-jaype
|
|t:|1779912256
|-end|p2a: Iron Treads|Quark Drive|[silent]
|switch|p2a: Blissey|Blissey, F|100/100
|-damage|p2a: Blissey|88/100|[from] Stealth Rock
|move|p1a: Gholdengo|Shadow Ball|p2a: Blissey
|-immune|p2a: Blissey
|
|-heal|p2a: Blissey|94/100|[from] item: Leftovers
|upkeep
|turn|16
|
|t:|1779912259
|move|p1a: Gholdengo|Psyshock|p2a: Blissey
|-damage|p2a: Blissey|35/100
|move|p2a: Blissey|Light Screen|p2a: Blissey
|-sidestart|p2: juiicychiller|move: Light Screen
|
|-heal|p2a: Blissey|41/100|[from] item: Leftovers
|upkeep
|turn|17
|
|t:|1779912268
|switch|p2a: Alomomola|Alomomola, F|100/100
|-damage|p2a: Alomomola|88/100|[from] Stealth Rock
|move|p1a: Gholdengo|Psyshock|p2a: Alomomola
|-damage|p2a: Alomomola|72/100
|
|upkeep
|turn|18
|j| Lowladderubersnoob
|
|t:|1779912284
|move|p1a: Gholdengo|Shadow Ball|p2a: Alomomola
|-damage|p2a: Alomomola|37/100
|move|p2a: Alomomola|Wish|p2a: Alomomola
|
|upkeep
|turn|19
|
|t:|1779912293
|switch|p2a: Iron Treads|Iron Treads|40/100
|-damage|p2a: Iron Treads|37/100|[from] Stealth Rock
|move|p1a: Gholdengo|Shadow Ball|p2a: Iron Treads
|-damage|p2a: Iron Treads|3/100
|
|-heal|p2a: Iron Treads|66/100|[from] move: Wish|[wisher] Alomomola
|-heal|p2a: Iron Treads|72/100|[from] item: Leftovers
|upkeep
|turn|20
|
|t:|1779912302
|switch|p1a: Landorus|Landorus-Therian, M|84/100
|-ability|p1a: Landorus|Intimidate|boost
|-unboost|p2a: Iron Treads|atk|1
|move|p2a: Iron Treads|Earthquake|p1a: Landorus
|-immune|p1a: Landorus
|
|-heal|p2a: Iron Treads|78/100|[from] item: Leftovers
|-sideend|p2: juiicychiller|move: Light Screen
|upkeep
|turn|21
|
|t:|1779912311
|-end|p2a: Iron Treads|Quark Drive|[silent]
|switch|p2a: Corviknight|Corviknight, F|84/100
|-damage|p2a: Corviknight|72/100|[from] Stealth Rock
|-ability|p2a: Corviknight|Pressure
|move|p1a: Landorus|U-turn|p2a: Corviknight
|-resisted|p2a: Corviknight
|-damage|p2a: Corviknight|68/100
|-damage|p1a: Landorus|68/100|[from] item: Rocky Helmet|[of] p2a: Corviknight
|
|t:|1779912318
|switch|p1a: Gholdengo|Gholdengo|89/100|[from] U-turn
|
|upkeep
|turn|22
|
|t:|1779912323
|switch|p2a: Iron Treads|Iron Treads|78/100
|-damage|p2a: Iron Treads|75/100|[from] Stealth Rock
|move|p1a: Gholdengo|Nasty Plot|p1a: Gholdengo
|-boost|p1a: Gholdengo|spa|2
|
|-heal|p2a: Iron Treads|81/100|[from] item: Leftovers
|upkeep
|turn|23
|
|t:|1779912333
|move|p1a: Gholdengo|Shadow Ball|p2a: Iron Treads
|-damage|p2a: Iron Treads|12/100
|move|p2a: Iron Treads|Earthquake|p1a: Gholdengo
|-supereffective|p1a: Gholdengo
|-damage|p1a: Gholdengo|5/100
|
|-heal|p2a: Iron Treads|18/100|[from] item: Leftovers
|upkeep
|turn|24
|l| just-jaype
|
|t:|1779912341
|move|p1a: Gholdengo|Shadow Ball|p2a: Iron Treads
|-damage|p2a: Iron Treads|0 fnt
|faint|p2a: Iron Treads
|-end|p2a: Iron Treads|Quark Drive|[silent]
|
|upkeep
|
|t:|1779912346
|switch|p2a: Weavile|Weavile, F|76/100
|-damage|p2a: Weavile|51/100|[from] Stealth Rock
|-ability|p2a: Weavile|Pressure
|turn|25
|j| nepturee
|
|t:|1779912358
|switch|p1a: Kingambit|Kingambit, M|80/100
|-activate|p1a: Kingambit|ability: Supreme Overlord
|-start|p1a: Kingambit|fallen1|[silent]
|move|p2a: Weavile|Knock Off|p1a: Kingambit
|-resisted|p1a: Kingambit
|-damage|p1a: Kingambit|55/100
|-enditem|p1a: Kingambit|Leftovers|[from] move: Knock Off|[of] p2a: Weavile
|
|upkeep
|turn|26
|l| nepturee
|
|t:|1779912370
|switch|p2a: Alomomola|Alomomola, F|70/100
|-damage|p2a: Alomomola|58/100|[from] Stealth Rock
|move|p1a: Kingambit|Swords Dance|p1a: Kingambit
|-boost|p1a: Kingambit|atk|2
|
|upkeep
|turn|27
|
|t:|1779912377
|move|p1a: Kingambit|Swords Dance|p1a: Kingambit
|-boost|p1a: Kingambit|atk|2
|move|p2a: Alomomola|Flip Turn|p1a: Kingambit
|-crit|p1a: Kingambit
|-damage|p1a: Kingambit|37/100
|
|t:|1779912381
|switch|p2a: Corviknight|Corviknight, F|68/100|[from] Flip Turn
|-damage|p2a: Corviknight|56/100|[from] Stealth Rock
|-ability|p2a: Corviknight|Pressure
|
|upkeep
|turn|28
|
|t:|1779912397
|move|p1a: Kingambit|Sucker Punch||[still]
|-fail|p1a: Kingambit
|move|p2a: Corviknight|Iron Defense|p2a: Corviknight
|-boost|p2a: Corviknight|def|2
|
|upkeep
|turn|29
|
|t:|1779912400
|move|p1a: Kingambit|Sucker Punch||[still]
|-fail|p1a: Kingambit
|move|p2a: Corviknight|Defog|p1a: Kingambit
|-unboost|p1a: Kingambit|evasion|1
|-sideend|p2: juiicychiller|Stealth Rock|[from] move: Defog|[of] p2a: Corviknight
|
|upkeep
|turn|30
|
|t:|1779912405
|move|p2a: Corviknight|Roost|p2a: Corviknight
|-heal|p2a: Corviknight|100/100
|-singleturn|p2a: Corviknight|move: Roost
|move|p1a: Kingambit|Low Kick|p2a: Corviknight
|-supereffective|p2a: Corviknight
|-damage|p2a: Corviknight|34/100
|-damage|p1a: Kingambit|21/100|[from] item: Rocky Helmet|[of] p2a: Corviknight
|
|upkeep
|turn|31
|
|t:|1779912411
|move|p2a: Corviknight|Body Press|p1a: Kingambit
|-supereffective|p1a: Kingambit
|-damage|p1a: Kingambit|0 fnt
|faint|p1a: Kingambit
|-end|p1a: Kingambit|fallen1|[silent]
|
|upkeep
|
|t:|1779912414
|switch|p1a: Gholdengo|Gholdengo|5/100
|turn|32
|
|t:|1779912417
|switch|p2a: Alomomola|Alomomola, F|91/100
|move|p1a: Gholdengo|Shadow Ball|p2a: Alomomola
|-damage|p2a: Alomomola|51/100
|
|upkeep
|turn|33
|
|t:|1779912426
|switch|p1a: Hatterene|Hatterene, F|100/100
|move|p2a: Alomomola|Flip Turn|p1a: Hatterene
|-damage|p1a: Hatterene|82/100
|
|t:|1779912439
|switch|p2a: Blissey|Blissey, F|41/100|[from] Flip Turn
|
|-heal|p2a: Blissey|47/100|[from] item: Leftovers
|upkeep
|turn|34
|
|t:|1779912445
|move|p2a: Blissey|Soft-Boiled|p2a: Blissey
|-heal|p2a: Blissey|97/100
|move|p1a: Hatterene|Psychic Noise|p2a: Blissey
|-damage|p2a: Blissey|84/100
|-start|p2a: Blissey|move: Heal Block
|
|upkeep
|turn|35
|
|t:|1779912450
|switch|p1a: Landorus|Landorus-Therian, M|68/100
|-ability|p1a: Landorus|Intimidate|boost
|-unboost|p2a: Blissey|atk|1
|move|p2a: Blissey|Seismic Toss|p1a: Landorus
|-damage|p1a: Landorus|41/100
|-damage|p2a: Blissey|68/100|[from] item: Rocky Helmet|[of] p1a: Landorus
|
|-end|p2a: Blissey|move: Heal Block
|upkeep
|turn|36
|j| nepturee
|
|t:|1779912459
|move|p1a: Landorus|Stealth Rock|p2a: Blissey
|-sidestart|p2: juiicychiller|move: Stealth Rock
|move|p2a: Blissey|Soft-Boiled|p2a: Blissey
|-heal|p2a: Blissey|100/100
|
|upkeep
|turn|37
|
|t:|1779912464
|move|p1a: Landorus|U-turn|p2a: Blissey
|-damage|p2a: Blissey|77/100
|l| nepturee
|
|t:|1779912467
|switch|p1a: Gholdengo|Gholdengo|5/100|[from] U-turn
|move|p2a: Blissey|Seismic Toss|p1a: Gholdengo
|-immune|p1a: Gholdengo
|
|-heal|p2a: Blissey|83/100|[from] item: Leftovers
|upkeep
|turn|38
|
|t:|1779912470
|switch|p2a: Alomomola|Alomomola, F|85/100
|-damage|p2a: Alomomola|72/100|[from] Stealth Rock
|move|p1a: Gholdengo|Nasty Plot|p1a: Gholdengo
|-boost|p1a: Gholdengo|spa|2
|
|upkeep
|turn|39
|
|t:|1779912482
|switch|p2a: Blissey|Blissey, F|83/100
|-damage|p2a: Blissey|71/100|[from] Stealth Rock
|move|p1a: Gholdengo|Shadow Ball|p2a: Blissey
|-immune|p2a: Blissey
|
|-heal|p2a: Blissey|77/100|[from] item: Leftovers
|upkeep
|turn|40
|
|t:|1779912488
|move|p1a: Gholdengo|Psyshock|p2a: Blissey
|-damage|p2a: Blissey|20/100
|move|p2a: Blissey|Light Screen|p2a: Blissey
|-sidestart|p2: juiicychiller|move: Light Screen
|
|-heal|p2a: Blissey|26/100|[from] item: Leftovers
|upkeep
|turn|41
|
|t:|1779912492
|switch|p2a: Alomomola|Alomomola, F|100/100
|-damage|p2a: Alomomola|88/100|[from] Stealth Rock
|move|p1a: Gholdengo|Psyshock|p2a: Alomomola
|-damage|p2a: Alomomola|71/100
|
|upkeep
|turn|42
|
|t:|1779912514
|switch|p1a: Hatterene|Hatterene, F|82/100
|move|p2a: Alomomola|Wish|p2a: Alomomola
|
|upkeep
|turn|43
|
|t:|1779912520
|move|p2a: Alomomola|Flip Turn|p1a: Hatterene
|-damage|p1a: Hatterene|63/100
|
|t:|1779912524
|switch|p2a: Blissey|Blissey, F|26/100|[from] Flip Turn
|-damage|p2a: Blissey|13/100|[from] Stealth Rock
|move|p1a: Hatterene|Psychic Noise|p2a: Blissey
|-damage|p2a: Blissey|7/100
|-start|p2a: Blissey|move: Heal Block
|
|upkeep
|turn|44
|j| nepturee
|
|t:|1779912535
|switch|p1a: Landorus|Landorus-Therian, M|41/100
|-ability|p1a: Landorus|Intimidate|boost
|-unboost|p2a: Blissey|atk|1
|move|p2a: Blissey|Seismic Toss|p1a: Landorus
|-damage|p1a: Landorus|15/100
|-damage|p2a: Blissey|0 fnt|[from] item: Rocky Helmet|[of] p1a: Landorus
|faint|p2a: Blissey
|
|-sideend|p2: juiicychiller|move: Light Screen
|upkeep
|
|t:|1779912545
|switch|p2a: Corviknight|Corviknight, F|34/100
|-damage|p2a: Corviknight|22/100|[from] Stealth Rock
|-ability|p2a: Corviknight|Pressure
|turn|45
|
|t:|1779912549
|switch|p1a: Gholdengo|Gholdengo|5/100
|move|p2a: Corviknight|Roost|p2a: Corviknight
|-heal|p2a: Corviknight|72/100
|-singleturn|p2a: Corviknight|move: Roost
|
|upkeep
|turn|46
|
|t:|1779912565
|switch|p2a: Alomomola|Alomomola, F|100/100
|-damage|p2a: Alomomola|88/100|[from] Stealth Rock
|move|p1a: Gholdengo|Shadow Ball|p2a: Alomomola
|-damage|p2a: Alomomola|52/100
|
|upkeep
|turn|47
|
|t:|1779912575
|switch|p1a: Hatterene|Hatterene, F|63/100
|move|p2a: Alomomola|Wish|p2a: Alomomola
|
|upkeep
|turn|48
|
|t:|1779912583
|move|p2a: Alomomola|Tickle|p1a: Hatterene
|move|p1a: Hatterene|Tickle|p2a: Alomomola|[from] ability: Magic Bounce
|-unboost|p2a: Alomomola|atk|1
|-unboost|p2a: Alomomola|def|1
|move|p1a: Hatterene|Draining Kiss|p2a: Alomomola
|-damage|p2a: Alomomola|29/100
|-heal|p1a: Hatterene|89/100|[from] drain|[of] p2a: Alomomola
|
|-heal|p2a: Alomomola|79/100|[from] move: Wish|[wisher] Alomomola
|upkeep
|turn|49
|
|t:|1779912590
|move|p2a: Alomomola|Wish|p2a: Alomomola
|move|p1a: Hatterene|Mystical Fire|p2a: Alomomola
|-resisted|p2a: Alomomola
|-damage|p2a: Alomomola|68/100
|
|upkeep
|turn|50
|
|t:|1779912597
|move|p2a: Alomomola|Flip Turn|p1a: Hatterene
|-damage|p1a: Hatterene|77/100
|
|t:|1779912600
|switch|p2a: Corviknight|Corviknight, F|72/100|[from] Flip Turn
|-damage|p2a: Corviknight|59/100|[from] Stealth Rock
|-ability|p2a: Corviknight|Pressure
|move|p1a: Hatterene|Mystical Fire|p2a: Corviknight
|-supereffective|p2a: Corviknight
|-damage|p2a: Corviknight|3/100
|-unboost|p2a: Corviknight|spa|1
|
|-heal|p2a: Corviknight|69/100|[from] move: Wish|[wisher] Alomomola
|upkeep
|turn|51
|
|t:|1779912608
|move|p2a: Corviknight|Defog|p1a: Hatterene
|move|p1a: Hatterene|Defog|p2a: Corviknight|[from] ability: Magic Bounce
|-unboost|p2a: Corviknight|evasion|1
|-sideend|p2: juiicychiller|Stealth Rock|[from] move: Defog|[of] p1a: Hatterene
|move|p1a: Hatterene|Mystical Fire|p2a: Corviknight
|-supereffective|p2a: Corviknight
|-damage|p2a: Corviknight|7/100
|-unboost|p2a: Corviknight|spa|1
|
|upkeep
|turn|52
|
|t:|1779912613
|switch|p2a: Alomomola|Alomomola, F|100/100
|move|p1a: Hatterene|Psychic Noise|p2a: Alomomola
|-damage|p2a: Alomomola|67/100
|
|upkeep
|turn|53
|
|t:|1779912622
|move|p2a: Alomomola|Wish|p2a: Alomomola
|move|p1a: Hatterene|Psychic Noise|p2a: Alomomola
|-damage|p2a: Alomomola|31/100
|
|upkeep
|turn|54
|
|t:|1779912632
|move|p2a: Alomomola|Protect|p2a: Alomomola
|-singleturn|p2a: Alomomola|Protect
|move|p1a: Hatterene|Psychic Noise|p2a: Alomomola
|-activate|p2a: Alomomola|move: Protect
|
|-heal|p2a: Alomomola|81/100|[from] move: Wish|[wisher] Alomomola
|upkeep
|turn|55
|
|t:|1779912642
|move|p2a: Alomomola|Wish|p2a: Alomomola
|move|p1a: Hatterene|Psychic Noise|p2a: Alomomola
|-damage|p2a: Alomomola|45/100
|
|upkeep
|turn|56
|
|t:|1779912652
|move|p2a: Alomomola|Flip Turn|p1a: Hatterene
|-damage|p1a: Hatterene|57/100
|
|t:|1779912669
|switch|p2a: Corviknight|Corviknight, F|7/100|[from] Flip Turn
|-ability|p2a: Corviknight|Pressure
|move|p1a: Hatterene|Mystical Fire|p2a: Corviknight
|-supereffective|p2a: Corviknight
|-damage|p2a: Corviknight|0 fnt
|faint|p2a: Corviknight
|
|upkeep
|
|t:|1779912673
|switch|p2a: Weavile|Weavile, F|51/100
|-ability|p2a: Weavile|Pressure
|turn|57
|
|t:|1779912678
|move|p2a: Weavile|Triple Axel|p1a: Hatterene
|-damage|p1a: Hatterene|41/100
|-damage|p1a: Hatterene|9/100
|-damage|p1a: Hatterene|0 fnt
|faint|p1a: Hatterene
|-hitcount|p1: Hatterene|3
|
|upkeep
|
|t:|1779912687
|switch|p1a: Dragonite|Dragonite, F|100/100
|turn|58
|
|t:|1779912692
|switch|p2a: Alomomola|Alomomola, F|78/100
|move|p1a: Dragonite|Extreme Speed|p2a: Alomomola
|-damage|p2a: Alomomola|49/100
|
|upkeep
|turn|59
|
|t:|1779912704
|switch|p1a: Gholdengo|Gholdengo|5/100
|move|p2a: Alomomola|Wish|p2a: Alomomola
|
|upkeep
|turn|60
|
|t:|1779912711
|move|p1a: Gholdengo|Shadow Ball|p2a: Alomomola
|-damage|p2a: Alomomola|11/100
|move|p2a: Alomomola|Flip Turn|p1a: Gholdengo
|-damage|p1a: Gholdengo|0 fnt
|faint|p1a: Gholdengo
|
|t:|1779912715
|switch|p2a: Weavile|Weavile, F|51/100|[from] Flip Turn
|-ability|p2a: Weavile|Pressure
|
|-heal|p2a: Weavile|100/100|[from] move: Wish|[wisher] Alomomola
|upkeep
|
|t:|1779912717
|switch|p1a: Dragonite|Dragonite, F|100/100
|turn|61
|
|t:|1779912725
|move|p2a: Weavile|Triple Axel|p1a: Dragonite|[miss]
|-miss|p2a: Weavile|p1a: Dragonite
|move|p1a: Dragonite|Outrage|p2a: Weavile
|-damage|p2a: Weavile|0 fnt
|faint|p2a: Weavile
|
|upkeep
|
|t:|1779912730
|switch|p2a: Alomomola|Alomomola, F|45/100
|turn|62
|c| Lowladderubersnoob|Uh oh
|
|t:|1779912734
|move|p2a: Alomomola|Protect|p2a: Alomomola
|-singleturn|p2a: Alomomola|Protect
|move|p1a: Dragonite|Outrage|p2a: Alomomola|[from] lockedmove
|-activate|p2a: Alomomola|move: Protect
|-start|p1a: Dragonite|confusion|[fatigue]
|
|upkeep
|turn|63
|
|t:|1779912739
|-activate|p1a: Dragonite|confusion
|-damage|p1a: Dragonite|82/100|[from] confusion
|move|p2a: Alomomola|Wish|p2a: Alomomola
|
|upkeep
|turn|64
|
|t:|1779912743
|move|p2a: Alomomola|Protect|p2a: Alomomola
|-singleturn|p2a: Alomomola|Protect
|-end|p1a: Dragonite|confusion
|move|p1a: Dragonite|Outrage|p2a: Alomomola
|-activate|p2a: Alomomola|move: Protect
|
|-heal|p2a: Alomomola|95/100|[from] move: Wish|[wisher] Alomomola
|upkeep
|turn|65
|
|t:|1779912747
|move|p1a: Dragonite|Outrage|p2a: Alomomola
|-damage|p2a: Alomomola|33/100
|move|p2a: Alomomola|Tickle|p1a: Dragonite
|-unboost|p1a: Dragonite|atk|1
|-unboost|p1a: Dragonite|def|1
|
|upkeep
|turn|66
|
|t:|1779912752
|move|p2a: Alomomola|Protect|p2a: Alomomola
|-singleturn|p2a: Alomomola|Protect
|move|p1a: Dragonite|Outrage|p2a: Alomomola|[from] lockedmove
|-activate|p2a: Alomomola|move: Protect
|
|upkeep
|turn|67
|
|t:|1779912755
|move|p2a: Alomomola|Protect||[still]
|-fail|p2a: Alomomola
|move|p1a: Dragonite|Outrage|p2a: Alomomola
|-damage|p2a: Alomomola|0 fnt
|faint|p2a: Alomomola
|
|win|sxde
|raw|sxde's rating: 1738 &rarr; <strong>1757</strong><br />(+19 for winning)
|raw|juiicychiller's rating: 1722 &rarr; <strong>1703</strong><br />(-19 for losing)
|c|☆sxde|mb
|l|☆juiicychiller
|player|p2|
|l| Lowladderubersnoob
|l|☆sxde
|player|p1|
|l| nepturee
|l| nesnot
