|j|‽Lano Del Rey2
|j|☆Rubicouss
|t:|1779945833
|gametype|singles
|player|p1|Lano Del Rey2|swimmer-gen4dp|1337
|player|p2|Rubicouss|gambler|1295
|gen|9
|tier|[Gen 9] OU
|rated|
|rule|HP Percentage Mod: HP is shown in percentages
|rule|Endless Battle Clause: Forcing endless battles is banned
|rule|Species Clause: Limit one of each Pokémon
|rule|OHKO Clause: OHKO moves are banned
|rule|Evasion Items Clause: Evasion items are banned
|rule|Evasion Moves Clause: Evasion moves are banned
|rule|Evasion Abilities Clause: Evasion abilities are banned
|rule|Sleep Moves Clause: Sleep-inducing moves are banned
|clearpoke
|poke|p1|Clefable, F|
|poke|p1|Araquanid, F|
|poke|p1|Glimmora, F|
|poke|p1|Dragonite, M|
|poke|p1|Skarmory, M|
|poke|p1|Sinistcha-Masterpiece|
|poke|p2|Empoleon, M|
|poke|p2|Spidops, F|
|poke|p2|Sinistcha|
|poke|p2|Cinderace, M|
|poke|p2|Bisharp, F|
|poke|p2|Rotom-Wash|
|teampreview
|inactive|Battle timer is ON: inactive players will automatically lose when time's up. (requested by Lano Del Rey2)
|
|t:|1779945841
|teamsize|p1|6
|teamsize|p2|6
|start
|switch|p1a: Araquanid|Araquanid, F|100/100
|switch|p2a: Spidops|Spidops, F|100/100
|turn|1
|
|t:|1779945848
|move|p1a: Araquanid|Sticky Web|p2a: Spidops
|-sidestart|p2: Rubicouss|move: Sticky Web
|move|p2a: Spidops|Sticky Web|p1a: Araquanid
|-sidestart|p1: Lano Del Rey2|move: Sticky Web
|
|upkeep
|turn|2
|
|t:|1779945855
|switch|p2a: Empoleon|Empoleon, M|100/100
|-activate|p2a: Empoleon|move: Sticky Web
|-unboost|p2a: Empoleon|spe|1
|-ability|p2a: Empoleon|Competitive|boost
|-boost|p2a: Empoleon|spa|2
|-enditem|p2a: Empoleon|White Herb
|-clearnegativeboost|p2a: Empoleon|[silent]
|move|p1a: Araquanid|Liquidation|p2a: Empoleon
|-resisted|p2a: Empoleon
|-damage|p2a: Empoleon|73/100
|-unboost|p2a: Empoleon|def|1
|-ability|p2a: Empoleon|Competitive|boost
|-boost|p2a: Empoleon|spa|2
|
|upkeep
|turn|3
|
|t:|1779945870
|move|p2a: Empoleon|Agility|p2a: Empoleon
|-boost|p2a: Empoleon|spe|2
|move|p1a: Araquanid|Mirror Coat||[still]
|-fail|p1a: Araquanid
|
|upkeep
|turn|4
|
|t:|1779945879
|move|p2a: Empoleon|Grass Knot|p1a: Araquanid
|-damage|p1a: Araquanid|47/100
|move|p1a: Araquanid|Mirror Coat|p2a: Empoleon
|-damage|p2a: Empoleon|0 fnt
|faint|p2a: Empoleon
|
|-heal|p1a: Araquanid|53/100|[from] item: Leftovers
|upkeep
|
|t:|1779945891
|switch|p2a: Rotom|Rotom-Wash|100/100
|turn|5
|
|t:|1779945900
|switch|p1a: Sinistcha|Sinistcha-Masterpiece, shiny|100/100
|-activate|p1a: Sinistcha|move: Sticky Web
|-unboost|p1a: Sinistcha|spe|1
|move|p2a: Rotom|Volt Switch|p1a: Sinistcha
|-resisted|p1a: Sinistcha
|-damage|p1a: Sinistcha|83/100
|
|t:|1779945904
|switch|p2a: Bisharp|Bisharp, F|100/100|[from] Volt Switch
|-activate|p2a: Bisharp|move: Sticky Web
|-unboost|p2a: Bisharp|spe|1
|-ability|p2a: Bisharp|Defiant|boost
|-boost|p2a: Bisharp|atk|2
|
|-heal|p1a: Sinistcha|89/100|[from] item: Leftovers
|upkeep
|turn|6
|
|t:|1779945916
|switch|p1a: Skarmory|Skarmory, M|100/100
|move|p2a: Bisharp|Swords Dance|p2a: Bisharp
|-boost|p2a: Bisharp|atk|2
|
|upkeep
|turn|7
|
|t:|1779945922
|move|p1a: Skarmory|Body Press|p2a: Bisharp
|-supereffective|p2a: Bisharp
|-damage|p2a: Bisharp|20/100
|move|p2a: Bisharp|Brick Break|p1a: Skarmory
|-damage|p1a: Skarmory|53/100
|-damage|p2a: Bisharp|4/100|[from] item: Rocky Helmet|[of] p1a: Skarmory
|
|upkeep
|turn|8
|
|t:|1779945930
|move|p2a: Bisharp|Sucker Punch|p1a: Skarmory
|-damage|p1a: Skarmory|0 fnt
|-damage|p2a: Bisharp|0 fnt|[from] item: Rocky Helmet|[of] p1a: Skarmory
|faint|p1a: Skarmory
|faint|p2a: Bisharp
|
|upkeep
|
|t:|1779945945
|switch|p1a: Glimmora|Glimmora, F, shiny|100/100
|switch|p2a: Rotom|Rotom-Wash|100/100
|-activate|p1a: Glimmora|move: Sticky Web
|-unboost|p1a: Glimmora|spe|1
|turn|9
|
|t:|1779945951
|move|p2a: Rotom|Hydro Pump|p1a: Glimmora
|-supereffective|p1a: Glimmora
|-damage|p1a: Glimmora|0 fnt
|faint|p1a: Glimmora
|
|upkeep
|
|t:|1779945960
|switch|p1a: Sinistcha|Sinistcha-Masterpiece, shiny|89/100
|-activate|p1a: Sinistcha|move: Sticky Web
|-unboost|p1a: Sinistcha|spe|1
|turn|10
|
|t:|1779945969
|switch|p2a: Spidops|Spidops, F|100/100
|-activate|p2a: Spidops|move: Sticky Web
|-unboost|p2a: Spidops|spe|1
|-terastallize|p1a: Sinistcha|Poison
|move|p1a: Sinistcha|Giga Drain|p2a: Spidops
|-resisted|p2a: Spidops
|-damage|p2a: Spidops|82/100
|-heal|p1a: Sinistcha|98/100|[from] drain|[of] p2a: Spidops
|
|-heal|p1a: Sinistcha|100/100|[from] item: Leftovers
|upkeep
|turn|11
|
|t:|1779945980
|move|p1a: Sinistcha|Strength Sap|p2a: Spidops
|-unboost|p2a: Spidops|atk|1
|move|p2a: Spidops|Knock Off|p1a: Sinistcha
|-damage|p1a: Sinistcha|89/100
|-enditem|p1a: Sinistcha|Leftovers|[from] move: Knock Off|[of] p2a: Spidops
|
|upkeep
|turn|12
|
|t:|1779945988
|switch|p2a: Rotom|Rotom-Wash|100/100
|move|p1a: Sinistcha|Calm Mind|p1a: Sinistcha
|-boost|p1a: Sinistcha|spa|1
|-boost|p1a: Sinistcha|spd|1
|
|upkeep
|turn|13
|
|t:|1779945994
|move|p2a: Rotom|Trick|p1a: Sinistcha
|-activate|p2a: Rotom|move: Trick|[of] p1a: Sinistcha
|-item|p1a: Sinistcha|Choice Scarf|[from] move: Trick
|-enditem|p2a: Rotom|Choice Scarf|[silent]|[from] move: Trick
|move|p1a: Sinistcha|Giga Drain|p2a: Rotom
|-supereffective|p2a: Rotom
|-damage|p2a: Rotom|0 fnt
|-heal|p1a: Sinistcha|100/100|[from] drain|[of] p2a: Rotom
|faint|p2a: Rotom
|
|upkeep
|
|t:|1779946004
|switch|p2a: Sinistcha|Sinistcha|100/100
|-activate|p2a: Sinistcha|move: Sticky Web
|-unboost|p2a: Sinistcha|spe|1
|turn|14
|
|t:|1779946011
|switch|p1a: Dragonite|Dragonite, M|100/100
|move|p2a: Sinistcha|Calm Mind|p2a: Sinistcha
|-boost|p2a: Sinistcha|spa|1
|-boost|p2a: Sinistcha|spd|1
|
|upkeep
|turn|15
|
|t:|1779946019
|move|p1a: Dragonite|Ice Punch|p2a: Sinistcha
|-supereffective|p2a: Sinistcha
|-crit|p2a: Sinistcha
|-damage|p2a: Sinistcha|43/100
|move|p2a: Sinistcha|Calm Mind|p2a: Sinistcha
|-boost|p2a: Sinistcha|spa|1
|-boost|p2a: Sinistcha|spd|1
|
|upkeep
|turn|16
|
|t:|1779946025
|-terastallize|p2a: Sinistcha|Poison
|move|p1a: Dragonite|Ice Punch|p2a: Sinistcha
|-damage|p2a: Sinistcha|22/100
|move|p2a: Sinistcha|Strength Sap|p1a: Dragonite
|-unboost|p1a: Dragonite|atk|1
|-heal|p2a: Sinistcha|100/100
|
|upkeep
|turn|17
|
|t:|1779946037
|switch|p1a: Clefable|Clefable, F, shiny|100/100
|-activate|p1a: Clefable|move: Sticky Web
|-unboost|p1a: Clefable|spe|1
|move|p2a: Sinistcha|Calm Mind|p2a: Sinistcha
|-boost|p2a: Sinistcha|spa|1
|-boost|p2a: Sinistcha|spd|1
|
|upkeep
|turn|18
|
|t:|1779946044
|move|p2a: Sinistcha|Shadow Ball|p1a: Clefable
|-damage|p1a: Clefable|25/100
|move|p1a: Clefable|Calm Mind|p1a: Clefable
|-boost|p1a: Clefable|spa|1
|-boost|p1a: Clefable|spd|1
|
|upkeep
|turn|19
|-message|Lano Del Rey2 forfeited.
|
|win|Rubicouss
|raw|Lano Del Rey2's rating: 1337 &rarr; <strong>1315</strong><br />(-22 for losing)
|raw|Rubicouss's rating: 1295 &rarr; <strong>1323</strong><br />(+28 for winning)
|l|‽Lano Del Rey2
|player|p1|
|l|☆Rubicouss
|player|p2|
