|j|☆claudechamp
|j|☆ollyisnot2
|t:|1779879847
|gametype|singles
|player|p1|claudechamp|169|1297
|player|p2|ollyisnot2|102|1295
|gen|9
|tier|[Gen 9] OU
|rated|
|rule|HP Percentage Mod: HP is shown in percentages
|rule|Endless Battle Clause: Forcing endless battles is banned
|rule|Species Clause: Limit one of each Pokémon
|rule|OHKO Clause: OHKO moves are banned
|rule|Evasion Items Clause: Evasion items are banned
|rule|Evasion Moves Clause: Evasion moves are banned
|rule|Evasion Abilities Clause: Evasion abilities are banned
|rule|Sleep Moves Clause: Sleep-inducing moves are banned
|clearpoke
|poke|p1|Corviknight, F|
|poke|p1|Ting-Lu|
|poke|p1|Kyurem|
|poke|p1|Dondozo, M|
|poke|p1|Slowking-Galar, M|
|poke|p1|Cinderace, F|
|poke|p2|Tyranitar, F|
|poke|p2|Excadrill, F|
|poke|p2|Zapdos|
|poke|p2|Ogerpon-Wellspring, F|
|poke|p2|Heatran, M|
|poke|p2|Hatterene, F|
|teampreview
|c|☆claudechamp|hf
|inactive|Battle timer is ON: inactive players will automatically lose when time's up. (requested by claudechamp)
|
|t:|1779879850
|teamsize|p1|6
|teamsize|p2|6
|start
|switch|p1a: Cinderace|Cinderace, F|100/100
|switch|p2a: Tyranitar|Tyranitar, F|100/100
|-weather|Sandstorm|[from] ability: Sand Stream|[of] p2a: Tyranitar
|turn|1
|
|t:|1779879863
|switch|p2a: Hatterene|Hatterene, F|100/100
|move|p1a: Cinderace|U-turn|p2a: Hatterene
|-damage|p2a: Hatterene|80/100
|
|t:|1779879874
|switch|p1a: Ting-Lu|Ting-Lu|100/100|[from] U-turn
|-ability|p1a: Ting-Lu|Vessel of Ruin
|
|-weather|Sandstorm|[upkeep]
|-damage|p2a: Hatterene|74/100|[from] Sandstorm
|upkeep
|turn|2
|
|t:|1779879881
|move|p1a: Ting-Lu|Earthquake|p2a: Hatterene
|-damage|p2a: Hatterene|33/100
|move|p2a: Hatterene|Draining Kiss|p1a: Ting-Lu
|-supereffective|p1a: Ting-Lu
|-damage|p1a: Ting-Lu|78/100
|-heal|p2a: Hatterene|60/100|[from] drain|[of] p1a: Ting-Lu
|
|-weather|Sandstorm|[upkeep]
|-damage|p2a: Hatterene|54/100|[from] Sandstorm
|-heal|p1a: Ting-Lu|85/100|[from] item: Leftovers
|upkeep
|turn|3
|
|t:|1779879890
|switch|p2a: Ogerpon|Ogerpon-Wellspring, F|100/100
|move|p1a: Ting-Lu|Earthquake|p2a: Ogerpon
|-resisted|p2a: Ogerpon
|-damage|p2a: Ogerpon|77/100
|
|-weather|Sandstorm|[upkeep]
|-damage|p2a: Ogerpon|71/100|[from] Sandstorm
|-heal|p1a: Ting-Lu|91/100|[from] item: Leftovers
|upkeep
|turn|4
|
|t:|1779879902
|switch|p1a: Kyurem|Kyurem|100/100
|-ability|p1a: Kyurem|Pressure
|move|p2a: Ogerpon|Swords Dance|p2a: Ogerpon
|-boost|p2a: Ogerpon|atk|2
|
|-weather|Sandstorm|[upkeep]
|-damage|p2a: Ogerpon|65/100|[from] Sandstorm
|-damage|p1a: Kyurem|94/100|[from] Sandstorm
|-heal|p1a: Kyurem|100/100|[from] item: Leftovers
|upkeep
|turn|5
|
|t:|1779879908
|move|p2a: Ogerpon|U-turn|p1a: Kyurem
|-crit|p1a: Kyurem
|-damage|p1a: Kyurem|26/100
|
|t:|1779879915
|switch|p2a: Heatran|Heatran, M|100/100|[from] U-turn
|-item|p2a: Heatran|Air Balloon
|move|p1a: Kyurem|Freeze-Dry|p2a: Heatran
|-resisted|p2a: Heatran
|-damage|p2a: Heatran|95/100
|-enditem|p2a: Heatran|Air Balloon
|
|-weather|Sandstorm|[upkeep]
|-damage|p1a: Kyurem|20/100|[from] Sandstorm
|-heal|p1a: Kyurem|26/100|[from] item: Leftovers
|upkeep
|turn|6
|
|t:|1779879922
|move|p1a: Kyurem|Earth Power|p2a: Heatran
|-supereffective|p2a: Heatran
|-damage|p2a: Heatran|5/100
|move|p2a: Heatran|Flash Cannon|p1a: Kyurem
|-supereffective|p1a: Kyurem
|-damage|p1a: Kyurem|0 fnt
|faint|p1a: Kyurem
|
|-weather|Sandstorm|[upkeep]
|upkeep
|
|t:|1779879926
|switch|p1a: Ting-Lu|Ting-Lu|91/100
|-ability|p1a: Ting-Lu|Vessel of Ruin
|turn|7
|
|t:|1779879932
|switch|p2a: Zapdos|Zapdos|100/100
|move|p1a: Ting-Lu|Payback|p2a: Zapdos
|-damage|p2a: Zapdos|80/100
|-status|p1a: Ting-Lu|par|[from] ability: Static|[of] p2a: Zapdos
|
|-weather|Sandstorm|[upkeep]
|-damage|p2a: Zapdos|74/100|[from] Sandstorm
|-heal|p1a: Ting-Lu|97/100 par|[from] item: Leftovers
|upkeep
|turn|8
|
|t:|1779879939
|move|p2a: Zapdos|Roost|p2a: Zapdos
|-heal|p2a: Zapdos|100/100
|-singleturn|p2a: Zapdos|move: Roost
|move|p1a: Ting-Lu|Payback|p2a: Zapdos
|-crit|p2a: Zapdos
|-damage|p2a: Zapdos|30/100
|
|-weather|none
|-heal|p1a: Ting-Lu|100/100 par|[from] item: Leftovers
|upkeep
|turn|9
|
|t:|1779879949
|switch|p1a: Cinderace|Cinderace, F|100/100
|move|p2a: Zapdos|Hurricane|p1a: Cinderace|[miss]
|-miss|p2a: Zapdos|p1a: Cinderace
|
|upkeep
|turn|10
|
|t:|1779879956
|switch|p2a: Heatran|Heatran, M|5/100
|move|p1a: Cinderace|Pyro Ball|p2a: Heatran
|-start|p2a: Heatran|ability: Flash Fire
|
|upkeep
|turn|11
|
|t:|1779879964
|move|p1a: Cinderace|Pyro Ball|p2a: Heatran
|-immune|p2a: Heatran|[from] ability: Flash Fire
|move|p2a: Heatran|Flash Cannon|p1a: Cinderace
|-resisted|p1a: Cinderace
|-damage|p1a: Cinderace|78/100
|
|upkeep
|turn|12
|
|t:|1779879970
|move|p1a: Cinderace|Pyro Ball|p2a: Heatran
|-immune|p2a: Heatran|[from] ability: Flash Fire
|move|p2a: Heatran|Magma Storm|p1a: Cinderace
|-resisted|p1a: Cinderace
|-damage|p1a: Cinderace|34/100
|-activate|p1a: Cinderace|move: Magma Storm|[of] p2a: Heatran
|
|-damage|p1a: Cinderace|22/100|[from] move: Magma Storm|[partiallytrapped]
|upkeep
|turn|13
|
|t:|1779879980
|move|p1a: Cinderace|Pyro Ball|p2a: Heatran
|-immune|p2a: Heatran|[from] ability: Flash Fire
|move|p2a: Heatran|Flash Cannon|p1a: Cinderace
|-resisted|p1a: Cinderace
|-damage|p1a: Cinderace|1/100
|
|-damage|p1a: Cinderace|0 fnt|[from] move: Magma Storm|[partiallytrapped]
|faint|p1a: Cinderace
|upkeep
|
|t:|1779879991
|switch|p1a: Ting-Lu|Ting-Lu|100/100 par
|-ability|p1a: Ting-Lu|Vessel of Ruin
|turn|14
|
|t:|1779879997
|move|p2a: Heatran|Magma Storm|p1a: Ting-Lu
|-damage|p1a: Ting-Lu|72/100 par
|-activate|p1a: Ting-Lu|move: Magma Storm|[of] p2a: Heatran
|move|p1a: Ting-Lu|Payback|p2a: Heatran
|-damage|p2a: Heatran|0 fnt
|faint|p2a: Heatran
|
|-heal|p1a: Ting-Lu|79/100 par|[from] item: Leftovers
|-end|p1a: Ting-Lu|Magma Storm|[partiallytrapped]|[silent]
|upkeep
|
|t:|1779880004
|switch|p2a: Ogerpon|Ogerpon-Wellspring, F|65/100
|turn|15
|
|t:|1779880012
|move|p2a: Ogerpon|Horn Leech|p1a: Ting-Lu
|-supereffective|p1a: Ting-Lu
|-damage|p1a: Ting-Lu|33/100 par
|-heal|p2a: Ogerpon|100/100|[from] drain|[of] p1a: Ting-Lu
|move|p1a: Ting-Lu|Payback|p2a: Ogerpon
|-damage|p2a: Ogerpon|49/100
|
|-heal|p1a: Ting-Lu|39/100 par|[from] item: Leftovers
|upkeep
|turn|16
|
|t:|1779880019
|switch|p1a: Corviknight|Corviknight, F|100/100
|-ability|p1a: Corviknight|Pressure
|move|p2a: Ogerpon|Horn Leech|p1a: Corviknight
|-resisted|p1a: Corviknight
|-damage|p1a: Corviknight|94/100
|-heal|p2a: Ogerpon|54/100|[from] drain|[of] p1a: Corviknight
|-damage|p2a: Ogerpon|37/100|[from] item: Rocky Helmet|[of] p1a: Corviknight
|
|upkeep
|turn|17
|
|t:|1779880024
|move|p2a: Ogerpon|Ivy Cudgel|p1a: Corviknight|[anim] Ivy Cudgel Water
|-damage|p1a: Corviknight|58/100
|move|p1a: Corviknight|U-turn|p2a: Ogerpon
|-supereffective|p2a: Ogerpon
|-damage|p2a: Ogerpon|2/100
|
|t:|1779880031
|switch|p1a: Slowking|Slowking-Galar, M|100/100|[from] U-turn
|
|upkeep
|turn|18
|
|t:|1779880041
|move|p2a: Ogerpon|Ivy Cudgel|p1a: Slowking|[anim] Ivy Cudgel Water
|-damage|p1a: Slowking|59/100
|move|p1a: Slowking|Ice Beam|p2a: Ogerpon
|-damage|p2a: Ogerpon|0 fnt
|faint|p2a: Ogerpon
|
|upkeep
|
|t:|1779880045
|switch|p2a: Tyranitar|Tyranitar, F|100/100
|-weather|Sandstorm|[from] ability: Sand Stream|[of] p2a: Tyranitar
|turn|19
|
|t:|1779880050
|switch|p1a: Ting-Lu|Ting-Lu|39/100 par
|-ability|p1a: Ting-Lu|Vessel of Ruin
|move|p2a: Tyranitar|Knock Off|p1a: Ting-Lu
|-resisted|p1a: Ting-Lu
|-damage|p1a: Ting-Lu|27/100 par
|-enditem|p1a: Ting-Lu|Leftovers|[from] move: Knock Off|[of] p2a: Tyranitar
|
|-weather|Sandstorm|[upkeep]
|upkeep
|turn|20
|
|t:|1779880063
|move|p2a: Tyranitar|Ice Beam|p1a: Ting-Lu
|-supereffective|p1a: Ting-Lu
|-damage|p1a: Ting-Lu|11/100 par
|move|p1a: Ting-Lu|Rest|p1a: Ting-Lu
|-status|p1a: Ting-Lu|slp|[from] move: Rest
|-heal|p1a: Ting-Lu|100/100 slp|[silent]
|
|-weather|Sandstorm|[upkeep]
|upkeep
|turn|21
|
|t:|1779880074
|switch|p2a: Excadrill|Excadrill, F|100/100
|-item|p2a: Excadrill|Air Balloon
|cant|p1a: Ting-Lu|slp
|move|p1a: Ting-Lu|Sleep Talk|p1a: Ting-Lu
|move|p1a: Ting-Lu|Earthquake|p2a: Excadrill|[from] move: Sleep Talk
|-immune|p2a: Excadrill
|
|-weather|Sandstorm|[upkeep]
|upkeep
|turn|22
|
|t:|1779880084
|move|p2a: Excadrill|Swords Dance|p2a: Excadrill
|-boost|p2a: Excadrill|atk|2
|cant|p1a: Ting-Lu|slp
|move|p1a: Ting-Lu|Sleep Talk|p1a: Ting-Lu
|move|p1a: Ting-Lu|Rest||[from] move: Sleep Talk|[still]
|-fail|p1a: Ting-Lu
|
|-weather|Sandstorm|[upkeep]
|upkeep
|turn|23
|
|t:|1779880098
|switch|p1a: Dondozo|Dondozo, M|100/100
|move|p2a: Excadrill|Swords Dance|p2a: Excadrill
|-boost|p2a: Excadrill|atk|2
|
|-weather|Sandstorm|[upkeep]
|-damage|p1a: Dondozo|94/100|[from] Sandstorm
|-heal|p1a: Dondozo|100/100|[from] item: Leftovers
|upkeep
|turn|24
|
|t:|1779880109
|move|p2a: Excadrill|Earthquake|p1a: Dondozo
|-damage|p1a: Dondozo|71/100
|move|p1a: Dondozo|Waterfall|p2a: Excadrill
|-supereffective|p2a: Excadrill
|-damage|p2a: Excadrill|23/100
|-enditem|p2a: Excadrill|Air Balloon
|
|-weather|Sandstorm|[upkeep]
|-damage|p1a: Dondozo|65/100|[from] Sandstorm
|-heal|p1a: Dondozo|71/100|[from] item: Leftovers
|upkeep
|turn|25
|
|t:|1779880120
|move|p2a: Excadrill|Earthquake|p1a: Dondozo
|-damage|p1a: Dondozo|37/100
|move|p1a: Dondozo|Waterfall|p2a: Excadrill
|-supereffective|p2a: Excadrill
|-damage|p2a: Excadrill|0 fnt
|faint|p2a: Excadrill
|
|-weather|Sandstorm|[upkeep]
|-damage|p1a: Dondozo|31/100|[from] Sandstorm
|-heal|p1a: Dondozo|37/100|[from] item: Leftovers
|upkeep
|
|t:|1779880122
|switch|p2a: Zapdos|Zapdos|30/100
|turn|26
|
|t:|1779880134
|move|p2a: Zapdos|Roost|p2a: Zapdos
|-heal|p2a: Zapdos|80/100
|-singleturn|p2a: Zapdos|move: Roost
|move|p1a: Dondozo|Rest|p1a: Dondozo
|-status|p1a: Dondozo|slp|[from] move: Rest
|-heal|p1a: Dondozo|100/100 slp|[silent]
|
|-weather|none
|upkeep
|turn|27
|
|t:|1779880148
|switch|p1a: Ting-Lu|Ting-Lu|100/100 slp
|-ability|p1a: Ting-Lu|Vessel of Ruin
|move|p2a: Zapdos|Thunderbolt|p1a: Ting-Lu
|-immune|p1a: Ting-Lu
|
|upkeep
|turn|28
|-message|ollyisnot2 forfeited.
|
|win|claudechamp
|raw|claudechamp's rating: 1296 &rarr; <strong>1321</strong><br />(+25 for winning)
|raw|ollyisnot2's rating: 1295 &rarr; <strong>1270</strong><br />(-25 for losing)
|l|☆ollyisnot2
|player|p2|
|c|☆claudechamp|gg
