|j|☆SkyrimSHFFL2
|j|☆Drgresaur
|t:|1779970623
|gametype|singles
|player|p1|SkyrimSHFFL2|guzma|1135
|player|p2|Drgresaur|red|1122
|gen|9
|tier|[Gen 9] OU
|rated|
|rule|HP Percentage Mod: HP is shown in percentages
|rule|Endless Battle Clause: Forcing endless battles is banned
|rule|Species Clause: Limit one of each Pokémon
|rule|OHKO Clause: OHKO moves are banned
|rule|Evasion Items Clause: Evasion items are banned
|rule|Evasion Moves Clause: Evasion moves are banned
|rule|Evasion Abilities Clause: Evasion abilities are banned
|rule|Sleep Moves Clause: Sleep-inducing moves are banned
|clearpoke
|poke|p1|Mew|
|poke|p1|Moltres|
|poke|p1|Zapdos|
|poke|p1|Iron Treads|
|poke|p1|Dragapult, M|
|poke|p1|Ogerpon-Wellspring, F|
|poke|p2|Wartortle, M|
|poke|p2|Ninetales-Alola, F|
|poke|p2|Lucario, M|
|poke|p2|Toxicroak, M|
|poke|p2|Kilowattrel, M|
|poke|p2|Charizard, M|
|teampreview
|inactive|Battle timer is ON: inactive players will automatically lose when time's up. (requested by SkyrimSHFFL2)
|
|t:|1779970648
|teamsize|p1|6
|teamsize|p2|6
|start
|switch|p1a: Iron Treads|Iron Treads|100/100
|switch|p2a: Toxicroak|Toxicroak, M|100/100
|turn|1
|
|t:|1779970653
|move|p2a: Toxicroak|Fake Out|p1a: Iron Treads
|-resisted|p1a: Iron Treads
|-damage|p1a: Iron Treads|96/100
|cant|p1a: Iron Treads|flinch
|
|-heal|p1a: Iron Treads|100/100|[from] item: Leftovers
|upkeep
|turn|2
|
|t:|1779970658
|move|p2a: Toxicroak|Cross Chop|p1a: Iron Treads
|-supereffective|p1a: Iron Treads
|-damage|p1a: Iron Treads|26/100
|move|p1a: Iron Treads|Stealth Rock|p2a: Toxicroak
|-sidestart|p2: Drgresaur|move: Stealth Rock
|
|-heal|p1a: Iron Treads|32/100|[from] item: Leftovers
|upkeep
|turn|3
|
|t:|1779970665
|-end|p1a: Iron Treads|Quark Drive|[silent]
|switch|p1a: Dragapult|Dragapult, M|100/100
|move|p2a: Toxicroak|Cross Chop|p1a: Dragapult
|-immune|p1a: Dragapult
|
|upkeep
|turn|4
|
|t:|1779970670
|move|p2a: Toxicroak|Sucker Punch||[still]
|-fail|p2a: Toxicroak
|move|p1a: Dragapult|Will-O-Wisp|p2a: Toxicroak
|-status|p2a: Toxicroak|brn
|
|-damage|p2a: Toxicroak|94/100 brn|[from] brn
|upkeep
|turn|5
|
|t:|1779970675
|move|p1a: Dragapult|Hex|p2a: Toxicroak
|-damage|p2a: Toxicroak|13/100 brn
|move|p2a: Toxicroak|Poison Jab|p1a: Dragapult
|-resisted|p1a: Dragapult
|-damage|p1a: Dragapult|88/100
|-status|p1a: Dragapult|psn
|
|-heal|p2a: Toxicroak|19/100 brn|[from] item: Leftovers
|-damage|p1a: Dragapult|75/100 psn|[from] psn
|-damage|p2a: Toxicroak|13/100 brn|[from] brn
|upkeep
|turn|6
|
|t:|1779970681
|switch|p1a: Iron Treads|Iron Treads|32/100
|move|p2a: Toxicroak|Sucker Punch||[still]
|-fail|p2a: Toxicroak
|
|-heal|p2a: Toxicroak|19/100 brn|[from] item: Leftovers
|-heal|p1a: Iron Treads|38/100|[from] item: Leftovers
|-damage|p2a: Toxicroak|13/100 brn|[from] brn
|upkeep
|turn|7
|
|t:|1779970690
|-end|p1a: Iron Treads|Quark Drive|[silent]
|switch|p1a: Dragapult|Dragapult, M|75/100 psn
|move|p2a: Toxicroak|Cross Chop|p1a: Dragapult
|-immune|p1a: Dragapult
|
|-heal|p2a: Toxicroak|19/100 brn|[from] item: Leftovers
|-damage|p1a: Dragapult|63/100 psn|[from] psn
|-damage|p2a: Toxicroak|13/100 brn|[from] brn
|upkeep
|turn|8
|
|t:|1779970695
|switch|p1a: Ogerpon|Ogerpon-Wellspring, F|100/100
|move|p2a: Toxicroak|Sucker Punch||[still]
|-fail|p2a: Toxicroak
|
|-heal|p2a: Toxicroak|19/100 brn|[from] item: Leftovers
|-damage|p2a: Toxicroak|13/100 brn|[from] brn
|upkeep
|turn|9
|
|t:|1779970703
|move|p1a: Ogerpon|Play Rough|p2a: Toxicroak|[miss]
|-miss|p1a: Ogerpon|p2a: Toxicroak
|move|p2a: Toxicroak|Poison Jab|p1a: Ogerpon
|-supereffective|p1a: Ogerpon
|-damage|p1a: Ogerpon|57/100
|
|-heal|p2a: Toxicroak|19/100 brn|[from] item: Leftovers
|-damage|p2a: Toxicroak|13/100 brn|[from] brn
|upkeep
|turn|10
|
|t:|1779970709
|move|p2a: Toxicroak|Sucker Punch||[still]
|-fail|p2a: Toxicroak
|move|p1a: Ogerpon|Spikes|p2a: Toxicroak
|-sidestart|p2: Drgresaur|Spikes
|
|-heal|p2a: Toxicroak|19/100 brn|[from] item: Leftovers
|-damage|p2a: Toxicroak|13/100 brn|[from] brn
|upkeep
|turn|11
|
|t:|1779970711
|move|p1a: Ogerpon|Play Rough|p2a: Toxicroak
|-damage|p2a: Toxicroak|0 fnt
|faint|p2a: Toxicroak
|
|upkeep
|
|t:|1779970719
|switch|p2a: Wartortle|Wartortle, M|100/100
|-damage|p2a: Wartortle|88/100|[from] Stealth Rock
|-damage|p2a: Wartortle|76/100|[from] Spikes
|turn|12
|
|t:|1779970722
|switch|p1a: Dragapult|Dragapult, M|63/100 psn
|move|p2a: Wartortle|Rapid Spin|p1a: Dragapult
|-immune|p1a: Dragapult
|
|-damage|p1a: Dragapult|51/100 psn|[from] psn
|upkeep
|turn|13
|
|t:|1779970731
|move|p1a: Dragapult|Thunder Wave|p2a: Wartortle
|-status|p2a: Wartortle|par
|cant|p2a: Wartortle|par
|
|-damage|p1a: Dragapult|38/100 psn|[from] psn
|upkeep
|turn|14
|
|t:|1779970736
|move|p1a: Dragapult|Hex|p2a: Wartortle
|-damage|p2a: Wartortle|28/100 par
|cant|p2a: Wartortle|par
|
|-damage|p1a: Dragapult|26/100 psn|[from] psn
|upkeep
|turn|15
|
|t:|1779970742
|move|p1a: Dragapult|Hex|p2a: Wartortle
|-damage|p2a: Wartortle|0 fnt
|faint|p2a: Wartortle
|
|-damage|p1a: Dragapult|14/100 psn|[from] psn
|upkeep
|
|t:|1779970753
|switch|p2a: Amperwing|Kilowattrel, M|100/100
|-damage|p2a: Amperwing|76/100|[from] Stealth Rock
|turn|16
|
|t:|1779970759
|move|p1a: Dragapult|Will-O-Wisp|p2a: Amperwing|[miss]
|-miss|p1a: Dragapult|p2a: Amperwing
|move|p2a: Amperwing|Roost|p2a: Amperwing
|-heal|p2a: Amperwing|100/100
|-singleturn|p2a: Amperwing|move: Roost
|
|-damage|p1a: Dragapult|1/100 psn|[from] psn
|upkeep
|turn|17
|
|t:|1779970770
|move|p1a: Dragapult|Draco Meteor|p2a: Amperwing
|-damage|p2a: Amperwing|0 fnt
|-unboost|p1a: Dragapult|spa|2
|faint|p2a: Amperwing
|
|-damage|p1a: Dragapult|0 fnt|[from] psn
|faint|p1a: Dragapult
|upkeep
|
|t:|1779970778
|switch|p1a: Ogerpon|Ogerpon-Wellspring, F|57/100
|switch|p2a: Whislash|Lucario, M|100/100
|-damage|p2a: Whislash|98/100|[from] Stealth Rock
|-damage|p2a: Whislash|85/100|[from] Spikes
|turn|18
|
|t:|1779970785
|move|p1a: Ogerpon|Synthesis|p1a: Ogerpon
|-heal|p1a: Ogerpon|100/100
|move|p2a: Whislash|Close Combat|p1a: Ogerpon
|-damage|p1a: Ogerpon|25/100
|-unboost|p2a: Whislash|def|1
|-unboost|p2a: Whislash|spd|1
|
|upkeep
|turn|19
|
|t:|1779970790
|switch|p1a: Moltres|Moltres|100/100
|move|p2a: Whislash|Close Combat|p1a: Moltres
|-resisted|p1a: Moltres
|-damage|p1a: Moltres|73/100
|-unboost|p2a: Whislash|def|1
|-unboost|p2a: Whislash|spd|1
|-status|p2a: Whislash|brn|[from] ability: Flame Body|[of] p1a: Moltres
|
|-damage|p2a: Whislash|79/100 brn|[from] brn
|upkeep
|turn|20
|
|t:|1779970797
|switch|p1a: Zapdos|Zapdos|100/100
|move|p2a: Whislash|Close Combat|p1a: Zapdos
|-resisted|p1a: Zapdos
|-damage|p1a: Zapdos|91/100
|-unboost|p2a: Whislash|def|1
|-unboost|p2a: Whislash|spd|1
|
|-damage|p2a: Whislash|73/100 brn|[from] brn
|upkeep
|turn|21
|
|t:|1779970804
|move|p2a: Whislash|Meteor Mash|p1a: Zapdos
|-resisted|p1a: Zapdos
|-damage|p1a: Zapdos|83/100
|move|p1a: Zapdos|Volt Switch|p2a: Whislash
|-damage|p2a: Whislash|0 fnt
|faint|p2a: Whislash
|
|t:|1779970809
|switch|p1a: Ogerpon|Ogerpon-Wellspring, F|25/100|[from] Volt Switch
|
|upkeep
|
|t:|1779970819
|switch|p2a: Sintersob|Ninetales-Alola, F|100/100
|-damage|p2a: Sintersob|76/100|[from] Stealth Rock
|-damage|p2a: Sintersob|64/100|[from] Spikes
|-weather|Snowscape|[from] ability: Snow Warning|[of] p2a: Sintersob
|turn|22
|
|t:|1779970825
|move|p1a: Ogerpon|Ivy Cudgel|p2a: Sintersob|[anim] Ivy Cudgel Water
|-damage|p2a: Sintersob|8/100
|move|p2a: Sintersob|Freeze-Dry|p1a: Ogerpon
|-supereffective|p1a: Ogerpon
|-damage|p1a: Ogerpon|0 fnt
|faint|p1a: Ogerpon
|
|-weather|Snowscape|[upkeep]
|upkeep
|
|t:|1779970830
|switch|p1a: Iron Treads|Iron Treads|38/100
|turn|23
|
|t:|1779970834
|move|p2a: Sintersob|Weather Ball|p1a: Iron Treads
|-damage|p1a: Iron Treads|9/100
|move|p1a: Iron Treads|Rapid Spin|p2a: Sintersob
|-damage|p2a: Sintersob|0 fnt
|-boost|p1a: Iron Treads|spe|1
|faint|p2a: Sintersob
|
|-weather|Snowscape|[upkeep]
|-heal|p1a: Iron Treads|15/100|[from] item: Leftovers
|upkeep
|
|t:|1779970838
|switch|p2a: Flame|Charizard, M|100/100
|-damage|p2a: Flame|50/100|[from] Stealth Rock
|turn|24
|
|t:|1779970841
|move|p1a: Iron Treads|Knock Off|p2a: Flame
|-damage|p2a: Flame|12/100
|-enditem|p2a: Flame|Focus Sash|[from] move: Knock Off|[of] p1a: Iron Treads
|move|p2a: Flame|Fire Blast|p1a: Iron Treads
|-supereffective|p1a: Iron Treads
|-damage|p1a: Iron Treads|0 fnt
|faint|p1a: Iron Treads
|-end|p1a: Iron Treads|Quark Drive|[silent]
|
|-weather|Snowscape|[upkeep]
|upkeep
|-message|Drgresaur forfeited.
|
|win|SkyrimSHFFL2
|raw|SkyrimSHFFL2's rating: 1135 &rarr; <strong>1159</strong><br />(+24 for winning)
|raw|Drgresaur's rating: 1122 &rarr; <strong>1098</strong><br />(-24 for losing)
|l|☆Drgresaur
|player|p2|
|l|☆SkyrimSHFFL2
|player|p1|
