|j|☆ikthoizzykil
|j|‽Mellodinni
|t:|1779878888
|gametype|singles
|player|p1|ikthoizzykil|pokemaniac-gen3rs|1382
|player|p2|Mellodinni|2|1339
|gen|9
|tier|[Gen 9] OU
|rated|
|rule|HP Percentage Mod: HP is shown in percentages
|rule|Endless Battle Clause: Forcing endless battles is banned
|rule|Species Clause: Limit one of each Pokémon
|rule|OHKO Clause: OHKO moves are banned
|rule|Evasion Items Clause: Evasion items are banned
|rule|Evasion Moves Clause: Evasion moves are banned
|rule|Evasion Abilities Clause: Evasion abilities are banned
|rule|Sleep Moves Clause: Sleep-inducing moves are banned
|clearpoke
|poke|p1|Braviary, M|
|poke|p1|Great Tusk|
|poke|p1|Rillaboom, F|
|poke|p1|Primarina, M|
|poke|p1|Kingambit, F|
|poke|p1|Raging Bolt|
|poke|p2|Raging Bolt|
|poke|p2|Torkoal, F|
|poke|p2|Walking Wake|
|poke|p2|Great Tusk|
|poke|p2|Lilligant-Hisui, F|
|poke|p2|Slither Wing|
|teampreview
|inactive|Battle timer is ON: inactive players will automatically lose when time's up. (requested by ikthoizzykil)
|
|t:|1779878904
|teamsize|p1|6
|teamsize|p2|6
|start
|switch|p1a: Raging Bolt|Raging Bolt|100/100
|switch|p2a: Torkoal|Torkoal, F|100/100
|-weather|SunnyDay|[from] ability: Drought|[of] p2a: Torkoal
|-activate|p1a: Raging Bolt|ability: Protosynthesis
|-start|p1a: Raging Bolt|protosynthesisspa
|turn|1
|
|t:|1779878915
|switch|p2a: Great Tusk|Great Tusk|100/100
|-activate|p2a: Great Tusk|ability: Protosynthesis
|-start|p2a: Great Tusk|protosynthesisatk
|move|p1a: Raging Bolt|Draco Meteor|p2a: Great Tusk
|-damage|p2a: Great Tusk|0 fnt
|-unboost|p1a: Raging Bolt|spa|2
|faint|p2a: Great Tusk
|-end|p2a: Great Tusk|Protosynthesis|[silent]
|
|-weather|SunnyDay|[upkeep]
|upkeep
|
|t:|1779878926
|switch|p2a: Raging Bolt|Raging Bolt|100/100
|-activate|p2a: Raging Bolt|ability: Protosynthesis
|-start|p2a: Raging Bolt|protosynthesisspa
|turn|2
|
|t:|1779878933
|-end|p1a: Raging Bolt|Protosynthesis|[silent]
|switch|p1a: Primarina|Primarina, M|100/100
|move|p2a: Raging Bolt|Volt Switch|p1a: Primarina
|-supereffective|p1a: Primarina
|-damage|p1a: Primarina|0 fnt
|faint|p1a: Primarina
|
|t:|1779878945
|-end|p2a: Raging Bolt|Protosynthesis|[silent]
|switch|p2a: Lilligant|Lilligant-Hisui, F|100/100|[from] Volt Switch
|
|-weather|SunnyDay|[upkeep]
|upkeep
|
|t:|1779878955
|switch|p1a: Raging Bolt|Raging Bolt|100/100
|-activate|p1a: Raging Bolt|ability: Protosynthesis
|-start|p1a: Raging Bolt|protosynthesisspa
|turn|3
|
|t:|1779878962
|-terastallize|p1a: Raging Bolt|Electric
|move|p2a: Lilligant|Triple Axel|p1a: Raging Bolt
|-damage|p1a: Raging Bolt|92/100
|-damage|p1a: Raging Bolt|75/100
|-damage|p1a: Raging Bolt|48/100
|-hitcount|p1a: Raging Bolt|3
|move|p1a: Raging Bolt|Thunderbolt|p2a: Lilligant
|-resisted|p2a: Lilligant
|-damage|p2a: Lilligant|32/100
|
|-weather|SunnyDay|[upkeep]
|upkeep
|turn|4
|
|t:|1779878974
|-end|p1a: Raging Bolt|Protosynthesis|[silent]
|switch|p1a: Kingambit|Kingambit, F|100/100
|-activate|p1a: Kingambit|ability: Supreme Overlord
|-start|p1a: Kingambit|fallen1|[silent]
|move|p2a: Lilligant|Triple Axel|p1a: Kingambit
|-resisted|p1a: Kingambit
|-damage|p1a: Kingambit|97/100
|-resisted|p1a: Kingambit
|-damage|p1a: Kingambit|90/100
|-resisted|p1a: Kingambit
|-damage|p1a: Kingambit|80/100
|-hitcount|p1a: Kingambit|3
|
|-weather|SunnyDay|[upkeep]
|upkeep
|turn|5
|
|t:|1779878985
|switch|p2a: Slither Wing|Slither Wing|100/100
|-activate|p2a: Slither Wing|ability: Protosynthesis
|-start|p2a: Slither Wing|protosynthesisatk
|move|p1a: Kingambit|Kowtow Cleave|p2a: Slither Wing
|-resisted|p2a: Slither Wing
|-damage|p2a: Slither Wing|58/100
|
|-weather|SunnyDay|[upkeep]
|upkeep
|turn|6
|
|t:|1779878996
|-end|p1a: Kingambit|fallen1|[silent]
|switch|p1a: Braviary|Braviary, M|100/100
|move|p2a: Slither Wing|Morning Sun|p2a: Slither Wing
|-heal|p2a: Slither Wing|100/100
|
|-weather|SunnyDay|[upkeep]
|upkeep
|turn|7
|
|t:|1779879011
|-end|p2a: Slither Wing|Protosynthesis|[silent]
|switch|p2a: Walking Wake|Walking Wake|100/100
|-activate|p2a: Walking Wake|ability: Protosynthesis
|-start|p2a: Walking Wake|protosynthesisspa
|move|p1a: Braviary|Body Slam|p2a: Walking Wake
|-damage|p2a: Walking Wake|30/100
|
|-weather|SunnyDay|[upkeep]
|upkeep
|turn|8
|
|t:|1779879025
|move|p2a: Walking Wake|Flamethrower|p1a: Braviary
|-damage|p1a: Braviary|22/100
|move|p1a: Braviary|Body Slam|p2a: Walking Wake
|-damage|p2a: Walking Wake|0 fnt
|faint|p2a: Walking Wake
|-end|p2a: Walking Wake|Protosynthesis|[silent]
|
|-weather|none
|upkeep
|
|t:|1779879037
|switch|p2a: Torkoal|Torkoal, F|100/100
|-weather|SunnyDay|[from] ability: Drought|[of] p2a: Torkoal
|turn|9
|
|t:|1779879047
|move|p1a: Braviary|Body Slam|p2a: Torkoal
|-damage|p2a: Torkoal|51/100
|move|p2a: Torkoal|Stealth Rock|p1a: Braviary
|-sidestart|p1: ikthoizzykil|move: Stealth Rock
|
|-weather|SunnyDay|[upkeep]
|upkeep
|turn|10
|
|t:|1779879059
|move|p1a: Braviary|Body Slam|p2a: Torkoal
|-damage|p2a: Torkoal|2/100
|move|p2a: Torkoal|Lava Plume|p1a: Braviary
|-damage|p1a: Braviary|0 fnt
|faint|p1a: Braviary
|
|-weather|SunnyDay|[upkeep]
|upkeep
|
|t:|1779879066
|switch|p1a: Great Tusk|Great Tusk|100/100
|-activate|p1a: Great Tusk|ability: Protosynthesis
|-start|p1a: Great Tusk|protosynthesisatk
|turn|11
|
|t:|1779879071
|switch|p2a: Lilligant|Lilligant-Hisui, F|32/100
|move|p1a: Great Tusk|Rapid Spin|p2a: Lilligant
|-crit|p2a: Lilligant
|-damage|p2a: Lilligant|0 fnt
|-boost|p1a: Great Tusk|spe|1
|-sideend|p1: ikthoizzykil|Stealth Rock|[from] move: Rapid Spin|[of] p1a: Great Tusk
|faint|p2a: Lilligant
|
|-weather|SunnyDay|[upkeep]
|upkeep
|
|t:|1779879080
|switch|p2a: Raging Bolt|Raging Bolt|100/100
|-activate|p2a: Raging Bolt|ability: Protosynthesis
|-start|p2a: Raging Bolt|protosynthesisspa
|turn|12
|
|t:|1779879088
|-terastallize|p2a: Raging Bolt|Fairy
|move|p1a: Great Tusk|Ice Spinner|p2a: Raging Bolt
|-damage|p2a: Raging Bolt|66/100
|move|p2a: Raging Bolt|Draco Meteor|p1a: Great Tusk|[miss]
|-miss|p2a: Raging Bolt|p1a: Great Tusk
|
|-weather|SunnyDay|[upkeep]
|upkeep
|turn|13
|
|t:|1779879095
|move|p1a: Great Tusk|Headlong Rush|p2a: Raging Bolt
|-damage|p2a: Raging Bolt|0 fnt
|-unboost|p1a: Great Tusk|def|1
|-unboost|p1a: Great Tusk|spd|1
|faint|p2a: Raging Bolt
|-end|p2a: Raging Bolt|Protosynthesis|[silent]
|
|-weather|SunnyDay|[upkeep]
|upkeep
|c|☆ikthoizzykil|ughmb
|
|t:|1779879100
|switch|p2a: Slither Wing|Slither Wing|100/100
|-activate|p2a: Slither Wing|ability: Protosynthesis
|-start|p2a: Slither Wing|protosynthesisatk
|turn|14
|
|t:|1779879107
|move|p1a: Great Tusk|Headlong Rush|p2a: Slither Wing
|-resisted|p2a: Slither Wing
|-damage|p2a: Slither Wing|47/100
|-unboost|p1a: Great Tusk|def|1
|-unboost|p1a: Great Tusk|spd|1
|move|p2a: Slither Wing|U-turn|p1a: Great Tusk
|-resisted|p1a: Great Tusk
|-damage|p1a: Great Tusk|56/100
|-message|Mellodinni forfeited.
|
|win|ikthoizzykil
|raw|ikthoizzykil's rating: 1382 &rarr; <strong>1400</strong><br />(+18 for winning)
|raw|Mellodinni's rating: 1339 &rarr; <strong>1321</strong><br />(-18 for losing)
|l|‽Mellodinni
|player|p2|
