|j|☆oreki350
|j|☆adub0330
|t:|1779902113
|gametype|singles
|player|p1|oreki350|1|1148
|player|p2|adub0330|170|1196
|gen|9
|tier|[Gen 9] OU
|rated|
|rule|HP Percentage Mod: HP is shown in percentages
|rule|Endless Battle Clause: Forcing endless battles is banned
|rule|Species Clause: Limit one of each Pokémon
|rule|OHKO Clause: OHKO moves are banned
|rule|Evasion Items Clause: Evasion items are banned
|rule|Evasion Moves Clause: Evasion moves are banned
|rule|Evasion Abilities Clause: Evasion abilities are banned
|rule|Sleep Moves Clause: Sleep-inducing moves are banned
|clearpoke
|poke|p1|Arcanine-Hisui, M|
|poke|p1|Basculin-White-Striped, F|
|poke|p1|Minior|
|poke|p1|Bellibolt, F|
|poke|p1|Scyther, F|
|poke|p1|Cinccino, M|
|poke|p2|Bisharp, M|
|poke|p2|Serperior, M|
|poke|p2|Zoroark-Hisui, F|
|poke|p2|Hatterene, F|
|poke|p2|Araquanid, F|
|poke|p2|Cyclizar, F|
|teampreview
|inactive|Battle timer is ON: inactive players will automatically lose when time's up. (requested by adub0330)
|inactive|adub0330 has 120 seconds left.
|
|t:|1779902159
|teamsize|p1|6
|teamsize|p2|6
|start
|switch|p1a: Scyther|Scyther, F|100/100
|switch|p2a: Serperior|Serperior, M, shiny|100/100
|turn|1
|
|t:|1779902173
|switch|p2a: Araquanid|Araquanid, F, shiny|100/100
|move|p1a: Scyther|Swords Dance|p1a: Scyther
|-boost|p1a: Scyther|atk|2
|
|upkeep
|turn|2
|
|t:|1779902182
|move|p1a: Scyther|Dual Wingbeat|p2a: Araquanid|[miss]
|-miss|p1a: Scyther|p2a: Araquanid
|move|p2a: Araquanid|Liquidation|p1a: Scyther
|-damage|p1a: Scyther|33/100
|
|upkeep
|turn|3
|
|t:|1779902189
|-terastallize|p2a: Araquanid|Ground
|move|p1a: Scyther|Dual Wingbeat|p2a: Araquanid
|-damage|p2a: Araquanid|36/100
|-damage|p2a: Araquanid|0 fnt
|faint|p2a: Araquanid
|-hitcount|p2: Araquanid|2
|
|upkeep
|
|t:|1779902195
|switch|p2a: Bisharp|Bisharp, M|100/100
|turn|4
|
|t:|1779902206
|move|p2a: Bisharp|Flamethrower|p1a: Scyther
|-supereffective|p1a: Scyther
|-damage|p1a: Scyther|0 fnt
|faint|p1a: Scyther
|
|upkeep
|inactive|oreki350 has 120 seconds left.
|
|t:|1779902234
|switch|p1a: Arcanine|Arcanine-Hisui, M|100/100
|turn|5
|
|t:|1779902262
|switch|p2a: Cyclizar|Cyclizar, F, shiny|100/100
|move|p1a: Arcanine|Flame Charge|p2a: Cyclizar
|-resisted|p2a: Cyclizar
|-damage|p2a: Cyclizar|80/100
|-boost|p1a: Arcanine|spe|1
|
|upkeep
|turn|6
|
|t:|1779902282
|move|p1a: Arcanine|Psychic Fangs|p2a: Cyclizar
|-damage|p2a: Cyclizar|40/100
|move|p2a: Cyclizar|Draco Meteor|p1a: Arcanine
|-damage|p1a: Arcanine|51/100
|-unboost|p2a: Cyclizar|spa|2
|
|upkeep
|turn|7
|
|t:|1779902293
|switch|p2a: Hatterene|Hatterene, F|100/100
|move|p1a: Arcanine|Head Smash|p2a: Hatterene|[miss]
|-miss|p1a: Arcanine|p2a: Hatterene
|
|upkeep
|turn|8
|
|t:|1779902298
|move|p1a: Arcanine|Head Smash|p2a: Hatterene
|-damage|p2a: Hatterene|29/100
|move|p2a: Hatterene|Reflect|p2a: Hatterene
|-sidestart|p2: adub0330|Reflect
|
|upkeep
|turn|9
|
|t:|1779902310
|switch|p2a: Cyclizar|Cyclizar, F, shiny|73/100
|move|p1a: Arcanine|Psychic Fangs|p2a: Cyclizar
|-sideend|p2: adub0330|Reflect
|-damage|p2a: Cyclizar|28/100
|
|upkeep
|turn|10
|
|t:|1779902321
|move|p1a: Arcanine|Head Smash|p2a: Cyclizar|[miss]
|-miss|p1a: Arcanine|p2a: Cyclizar
|move|p2a: Cyclizar|Knock Off|p1a: Arcanine
|-damage|p1a: Arcanine|22/100
|-enditem|p1a: Arcanine|Focus Sash|[from] move: Knock Off|[of] p2a: Cyclizar
|
|upkeep
|turn|11
|
|t:|1779902329
|move|p1a: Arcanine|Head Smash|p2a: Cyclizar
|-damage|p2a: Cyclizar|0 fnt
|faint|p2a: Cyclizar
|
|upkeep
|
|t:|1779902337
|switch|p2a: Bisharp|Bisharp, M|100/100
|turn|12
|
|t:|1779902341
|move|p2a: Bisharp|Sucker Punch|p1a: Arcanine
|-damage|p1a: Arcanine|0 fnt
|faint|p1a: Arcanine
|
|upkeep
|inactive|oreki350 has 120 seconds left.
|
|t:|1779902382
|switch|p1a: Bellibolt|Bellibolt, F|100/100
|turn|13
|
|t:|1779902396
|switch|p2a: Serperior|Serperior, M, shiny|100/100
|move|p1a: Bellibolt|Charge Beam|p2a: Serperior
|-resisted|p2a: Serperior
|-damage|p2a: Serperior|90/100
|
|-heal|p2a: Serperior|96/100|[from] item: Leftovers
|upkeep
|turn|14
|
|t:|1779902403
|move|p2a: Serperior|Substitute|p2a: Serperior
|-start|p2a: Serperior|Substitute
|-damage|p2a: Serperior|71/100
|move|p1a: Bellibolt|Charge Beam|p2a: Serperior
|-resisted|p2a: Serperior
|-activate|p2a: Serperior|move: Substitute|[damage]
|-boost|p1a: Bellibolt|spa|1
|
|-heal|p2a: Serperior|77/100|[from] item: Leftovers
|upkeep
|turn|15
|
|t:|1779902412
|move|p2a: Serperior|Leaf Storm|p1a: Bellibolt
|-damage|p1a: Bellibolt|67/100
|-boost|p2a: Serperior|spa|2
|-start|p1a: Bellibolt|Charge|Leaf Storm|[from] ability: Electromorphosis
|move|p1a: Bellibolt|Charge Beam|p2a: Serperior
|-resisted|p2a: Serperior
|-end|p2a: Serperior|Substitute
|-boost|p1a: Bellibolt|spa|1
|-end|p1a: Bellibolt|Charge|[silent]
|
|-heal|p2a: Serperior|83/100|[from] item: Leftovers
|-heal|p1a: Bellibolt|73/100|[from] item: Leftovers
|upkeep
|turn|16
|
|t:|1779902433
|move|p2a: Serperior|Substitute|p2a: Serperior
|-start|p2a: Serperior|Substitute
|-damage|p2a: Serperior|59/100
|move|p1a: Bellibolt|Parabolic Charge|p2a: Serperior
|-resisted|p2a: Serperior
|-end|p2a: Serperior|Substitute
|-heal|p1a: Bellibolt|82/100|[from] drain|[of] p2a: Serperior
|
|-heal|p2a: Serperior|65/100|[from] item: Leftovers
|-heal|p1a: Bellibolt|88/100|[from] item: Leftovers
|upkeep
|turn|17
|
|t:|1779902441
|move|p2a: Serperior|Leaf Storm|p1a: Bellibolt
|-damage|p1a: Bellibolt|27/100
|-boost|p2a: Serperior|spa|2
|-start|p1a: Bellibolt|Charge|Leaf Storm|[from] ability: Electromorphosis
|move|p1a: Bellibolt|Charge Beam|p2a: Serperior
|-resisted|p2a: Serperior
|-damage|p2a: Serperior|22/100
|-boost|p1a: Bellibolt|spa|1
|-end|p1a: Bellibolt|Charge|[silent]
|
|-heal|p2a: Serperior|29/100|[from] item: Leftovers
|-heal|p1a: Bellibolt|33/100|[from] item: Leftovers
|upkeep
|turn|18
|
|t:|1779902452
|move|p2a: Serperior|Giga Drain|p1a: Bellibolt
|-damage|p1a: Bellibolt|0 fnt
|-heal|p2a: Serperior|51/100|[from] drain|[of] p1a: Bellibolt
|faint|p1a: Bellibolt
|
|-heal|p2a: Serperior|58/100|[from] item: Leftovers
|upkeep
|
|t:|1779902461
|switch|p1a: Cinccino|Cinccino, M|100/100
|turn|19
|
|t:|1779902479
|move|p1a: Cinccino|Triple Axel|p2a: Serperior
|-supereffective|p2a: Serperior
|-damage|p2a: Serperior|40/100
|-supereffective|p2a: Serperior
|-damage|p2a: Serperior|7/100
|-supereffective|p2a: Serperior
|-crit|p2a: Serperior
|-damage|p2a: Serperior|0 fnt
|faint|p2a: Serperior
|-hitcount|p2: Serperior|3
|
|upkeep
|
|t:|1779902490
|switch|p2a: Bisharp|Bisharp, M|100/100
|turn|20
|
|t:|1779902510
|move|p1a: Cinccino|Tail Slap|p2a: Bisharp
|-immune|p2a: Bisharp
|move|p2a: Bisharp|Nasty Plot|p2a: Bisharp
|-boost|p2a: Bisharp|spa|2
|
|upkeep
|turn|21
|
|t:|1779902525
|move|p1a: Cinccino|Bullet Seed|p2a: Bisharp
|-damage|p2a: Bisharp|78/100
|replace|p2a: Zoroark|Zoroark-Hisui, F, shiny
|-end|p2a: Zoroark|Illusion
|-damage|p2a: Zoroark|55/100
|-damage|p2a: Zoroark|34/100
|-damage|p2a: Zoroark|11/100
|-damage|p2a: Zoroark|0 fnt
|faint|p2a: Zoroark
|-hitcount|p2: Zoroark|5
|
|upkeep
|
|t:|1779902539
|switch|p2a: Bisharp|Bisharp, M|100/100
|turn|22
|
|t:|1779902542
|move|p1a: Cinccino|Tidy Up|p1a: Cinccino
|-boost|p1a: Cinccino|atk|1
|-boost|p1a: Cinccino|spe|1
|move|p2a: Bisharp|Brick Break|p1a: Cinccino
|-supereffective|p1a: Cinccino
|-damage|p1a: Cinccino|21/100
|
|upkeep
|turn|23
|
|t:|1779902550
|move|p2a: Bisharp|Sucker Punch|p1a: Cinccino
|-damage|p1a: Cinccino|0 fnt
|faint|p1a: Cinccino
|
|upkeep
|
|t:|1779902562
|switch|p1a: Basculin|Basculin-White-Striped, F|100/100
|turn|24
|
|t:|1779902567
|move|p1a: Basculin|Liquidation|p2a: Bisharp
|-damage|p2a: Bisharp|64/100
|move|p2a: Bisharp|Swords Dance|p2a: Bisharp
|-boost|p2a: Bisharp|atk|2
|
|upkeep
|turn|25
|
|t:|1779902577
|move|p1a: Basculin|Liquidation|p2a: Bisharp
|-damage|p2a: Bisharp|31/100
|move|p2a: Bisharp|Brick Break|p1a: Basculin
|-damage|p1a: Basculin|52/100
|
|upkeep
|turn|26
|
|t:|1779902591
|-terastallize|p1a: Basculin|Dark
|move|p2a: Bisharp|Sucker Punch|p1a: Basculin
|-resisted|p1a: Basculin
|-damage|p1a: Basculin|17/100
|move|p1a: Basculin|Liquidation|p2a: Bisharp
|-damage|p2a: Bisharp|6/100
|
|upkeep
|turn|27
|
|t:|1779902597
|move|p1a: Basculin|Aqua Jet|p2a: Bisharp
|-damage|p2a: Bisharp|0 fnt
|faint|p2a: Bisharp
|
|upkeep
|
|t:|1779902601
|switch|p2a: Hatterene|Hatterene, F|29/100
|turn|28
|
|t:|1779902608
|move|p1a: Basculin|Crunch|p2a: Hatterene
|-damage|p2a: Hatterene|0 fnt
|faint|p2a: Hatterene
|
|win|oreki350
|raw|oreki350's rating: 1148 &rarr; <strong>1176</strong><br />(+28 for winning)
|raw|adub0330's rating: 1196 &rarr; <strong>1168</strong><br />(-28 for losing)
|l|☆oreki350
|player|p1|
|l|☆adub0330
|player|p2|
