|j|☆BaxleyTheBomb
|j|☆key2saucyy
|t:|1779814029
|gametype|singles
|player|p1|BaxleyTheBomb|janitor|1199
|player|p2|key2saucyy|psychic|1229
|gen|9
|tier|[Gen 9] OU
|rated|
|rule|HP Percentage Mod: HP is shown in percentages
|rule|Endless Battle Clause: Forcing endless battles is banned
|rule|Species Clause: Limit one of each Pokémon
|rule|OHKO Clause: OHKO moves are banned
|rule|Evasion Items Clause: Evasion items are banned
|rule|Evasion Moves Clause: Evasion moves are banned
|rule|Evasion Abilities Clause: Evasion abilities are banned
|rule|Sleep Moves Clause: Sleep-inducing moves are banned
|clearpoke
|poke|p1|Milotic, M|
|poke|p1|Sceptile, F|
|poke|p1|Dusclops, M|
|poke|p1|Seviper, M|
|poke|p1|Deoxys-Speed|
|poke|p1|Salamence, M|
|poke|p2|Emboar, M|
|poke|p2|Deoxys-Speed|
|poke|p2|Gliscor, M|
|poke|p2|Hydrapple, M|
|poke|p2|Dachsbun, M|
|poke|p2|Tentacruel, M|
|teampreview
|inactive|Battle timer is ON: inactive players will automatically lose when time's up. (requested by key2saucyy)
|
|t:|1779814054
|teamsize|p1|6
|teamsize|p2|6
|start
|switch|p1a: Sceptile|Sceptile, F, shiny|100/100
|switch|p2a: Gliscor|Gliscor, M, shiny|100/100
|turn|1
|
|t:|1779814061
|move|p2a: Gliscor|U-turn|p1a: Sceptile
|-supereffective|p1a: Sceptile
|-damage|p1a: Sceptile|46/100
|
|t:|1779814065
|switch|p2a: Hydrapple|Hydrapple, M, shiny|100/100|[from] U-turn
|move|p1a: Sceptile|Roar|p2a: Hydrapple
|-enditem|p1a: Sceptile|Throat Spray
|-boost|p1a: Sceptile|spa|1|[from] item: Throat Spray
|drag|p2a: Deoxys|Deoxys-Speed, shiny|100/100
|-ability|p2a: Deoxys|Pressure
|
|upkeep
|turn|2
|
|t:|1779814080
|move|p1a: Sceptile|Giga Drain|p2a: Deoxys
|-damage|p2a: Deoxys|30/100
|-heal|p1a: Sceptile|84/100|[from] drain|[of] p2a: Deoxys
|move|p2a: Deoxys|Psychic|p1a: Sceptile
|-damage|p1a: Sceptile|14/100
|-unboost|p1a: Sceptile|spd|1
|-damage|p2a: Deoxys|21/100|[from] item: Life Orb
|
|upkeep
|turn|3
|
|t:|1779814089
|switch|p2a: Hydrapple|Hydrapple, M, shiny|100/100
|move|p1a: Sceptile|Dragon Pulse|p2a: Hydrapple
|-supereffective|p2a: Hydrapple
|-damage|p2a: Hydrapple|42/100
|
|upkeep
|turn|4
|
|t:|1779814097
|switch|p2a: Dachsbun|Dachsbun, M, shiny|100/100
|move|p1a: Sceptile|Dragon Pulse|p2a: Dachsbun
|-immune|p2a: Dachsbun
|
|upkeep
|turn|5
|
|t:|1779814103
|move|p1a: Sceptile|Giga Drain|p2a: Dachsbun
|-damage|p2a: Dachsbun|48/100
|-heal|p1a: Sceptile|44/100|[from] drain|[of] p2a: Dachsbun
|move|p2a: Dachsbun|Play Rough|p1a: Sceptile
|-damage|p1a: Sceptile|0 fnt
|faint|p1a: Sceptile
|
|-heal|p2a: Dachsbun|54/100|[from] item: Leftovers
|upkeep
|
|t:|1779814114
|switch|p1a: Seviper|Seviper, M, shiny|100/100
|turn|6
|
|t:|1779814124
|switch|p2a: Gliscor|Gliscor, M, shiny|100/100
|move|p1a: Seviper|Trailblaze|p2a: Gliscor
|-damage|p2a: Gliscor|91/100
|-boost|p1a: Seviper|spe|1
|
|-status|p2a: Gliscor|tox|[from] item: Toxic Orb
|upkeep
|turn|7
|
|t:|1779814135
|-terastallize|p1a: Seviper|Flying
|move|p1a: Seviper|Trailblaze|p2a: Gliscor
|-damage|p2a: Gliscor|80/100 tox
|-boost|p1a: Seviper|spe|1
|move|p2a: Gliscor|Earthquake|p1a: Seviper
|-immune|p1a: Seviper
|
|-heal|p2a: Gliscor|93/100 tox|[from] ability: Poison Heal
|upkeep
|turn|8
|
|t:|1779814147
|move|p1a: Seviper|Ice Fang|p2a: Gliscor
|-supereffective|p2a: Gliscor
|-damage|p2a: Gliscor|40/100 tox
|move|p2a: Gliscor|Stealth Rock|p1a: Seviper
|-sidestart|p1: BaxleyTheBomb|move: Stealth Rock
|
|-heal|p2a: Gliscor|52/100 tox|[from] ability: Poison Heal
|upkeep
|turn|9
|
|t:|1779814155
|move|p2a: Gliscor|Protect|p2a: Gliscor
|-singleturn|p2a: Gliscor|Protect
|move|p1a: Seviper|Trailblaze|p2a: Gliscor
|-activate|p2a: Gliscor|move: Protect
|
|-heal|p2a: Gliscor|65/100 tox|[from] ability: Poison Heal
|upkeep
|turn|10
|
|t:|1779814164
|move|p1a: Seviper|Ice Fang|p2a: Gliscor
|-supereffective|p2a: Gliscor
|-damage|p2a: Gliscor|17/100 tox
|move|p2a: Gliscor|U-turn|p1a: Seviper
|-resisted|p1a: Seviper
|-damage|p1a: Seviper|90/100
|inactive|key2saucyy has 120 seconds left.
|
|t:|1779814197
|switch|p2a: Emboar|Emboar, M, shiny|100/100|[from] U-turn
|
|upkeep
|turn|11
|
|t:|1779814203
|move|p2a: Emboar|Head Smash|p1a: Seviper
|-supereffective|p1a: Seviper
|-damage|p1a: Seviper|0 fnt
|faint|p1a: Seviper
|-damage|p2a: Emboar|57/100|[from] Recoil
|
|upkeep
|
|t:|1779814213
|switch|p1a: Dusclops|Dusclops, M, shiny|100/100
|-damage|p1a: Dusclops|88/100|[from] Stealth Rock
|-ability|p1a: Dusclops|Pressure
|turn|12
|inactive|key2saucyy has 120 seconds left.
|
|t:|1779814252
|switch|p2a: Tentacruel|Tentacruel, M, shiny|100/100
|move|p1a: Dusclops|Night Shade|p2a: Tentacruel
|-damage|p2a: Tentacruel|73/100
|
|-heal|p2a: Tentacruel|79/100|[from] item: Black Sludge
|upkeep
|turn|13
|
|t:|1779814261
|move|p2a: Tentacruel|Toxic|p1a: Dusclops
|-status|p1a: Dusclops|tox
|move|p1a: Dusclops|Will-O-Wisp|p2a: Tentacruel|[miss]
|-miss|p1a: Dusclops|p2a: Tentacruel
|
|-heal|p2a: Tentacruel|85/100|[from] item: Black Sludge
|-damage|p1a: Dusclops|82/100 tox|[from] psn
|upkeep
|turn|14
|inactive|key2saucyy has 120 seconds left.
|
|t:|1779814277
|switch|p2a: Dachsbun|Dachsbun, M, shiny|54/100
|move|p1a: Dusclops|Night Shade|p2a: Dachsbun
|-damage|p2a: Dachsbun|22/100
|
|-heal|p2a: Dachsbun|28/100|[from] item: Leftovers
|-damage|p1a: Dusclops|70/100 tox|[from] psn
|upkeep
|turn|15
|
|t:|1779814286
|move|p2a: Dachsbun|Wish|p2a: Dachsbun
|move|p1a: Dusclops|Night Shade|p2a: Dachsbun
|-damage|p2a: Dachsbun|0 fnt
|faint|p2a: Dachsbun
|
|-damage|p1a: Dusclops|52/100 tox|[from] psn
|upkeep
|inactive|key2saucyy has 120 seconds left.
|
|t:|1779814306
|switch|p2a: Deoxys|Deoxys-Speed, shiny|21/100
|-ability|p2a: Deoxys|Pressure
|turn|16
|inactive|key2saucyy has 120 seconds left.
|
|t:|1779814315
|move|p2a: Deoxys|Shadow Ball|p1a: Dusclops
|-supereffective|p1a: Dusclops
|-damage|p1a: Dusclops|18/100 tox
|-damage|p2a: Deoxys|11/100|[from] item: Life Orb
|move|p1a: Dusclops|Night Shade|p2a: Deoxys
|-damage|p2a: Deoxys|0 fnt
|faint|p2a: Deoxys
|
|-damage|p1a: Dusclops|0 fnt|[from] psn
|faint|p1a: Dusclops
|upkeep
|inactive|key2saucyy has 120 seconds left.
|
|t:|1779814334
|switch|p2a: Hydrapple|Hydrapple, M, shiny|75/100
|switch|p1a: Deoxys|Deoxys-Speed, shiny|100/100
|-damage|p1a: Deoxys|88/100|[from] Stealth Rock
|-ability|p1a: Deoxys|Pressure
|turn|17
|
|t:|1779814347
|move|p1a: Deoxys|Ice Punch|p2a: Hydrapple
|-supereffective|p2a: Hydrapple
|-damage|p2a: Hydrapple|0 fnt
|faint|p2a: Hydrapple
|
|upkeep
|
|t:|1779814351
|switch|p2a: Emboar|Emboar, M, shiny|57/100
|turn|18
|
|t:|1779814356
|switch|p1a: Milotic|Milotic, M, shiny|100/100
|-damage|p1a: Milotic|88/100|[from] Stealth Rock
|switch|p2a: Tentacruel|Tentacruel, M, shiny|85/100
|
|-heal|p2a: Tentacruel|91/100|[from] item: Black Sludge
|-heal|p1a: Milotic|94/100|[from] item: Leftovers
|upkeep
|turn|19
|
|t:|1779814370
|switch|p1a: Salamence|Salamence, M, shiny|100/100
|-damage|p1a: Salamence|76/100|[from] Stealth Rock
|move|p2a: Tentacruel|Toxic|p1a: Salamence
|-status|p1a: Salamence|tox
|-enditem|p1a: Salamence|Lum Berry|[eat]
|-curestatus|p1a: Salamence|tox|[msg]
|
|-heal|p2a: Tentacruel|97/100|[from] item: Black Sludge
|upkeep
|turn|20
|
|t:|1779814382
|move|p1a: Salamence|Dragon Dance|p1a: Salamence
|-boost|p1a: Salamence|atk|1
|-boost|p1a: Salamence|spe|1
|move|p2a: Tentacruel|Toxic|p1a: Salamence
|-status|p1a: Salamence|tox
|
|-heal|p2a: Tentacruel|100/100|[from] item: Black Sludge
|-damage|p1a: Salamence|70/100 tox|[from] psn
|upkeep
|turn|21
|
|t:|1779814392
|move|p1a: Salamence|Earthquake|p2a: Tentacruel
|-supereffective|p2a: Tentacruel
|-damage|p2a: Tentacruel|0 fnt
|faint|p2a: Tentacruel
|-ability|p1a: Salamence|Moxie|boost
|-boost|p1a: Salamence|atk|1
|
|-damage|p1a: Salamence|58/100 tox|[from] psn
|upkeep
|
|t:|1779814397
|switch|p2a: Gliscor|Gliscor, M, shiny|17/100 tox
|turn|22
|
|t:|1779814406
|move|p2a: Gliscor|Protect|p2a: Gliscor
|-singleturn|p2a: Gliscor|Protect
|move|p1a: Salamence|Temper Flare|p2a: Gliscor
|-activate|p2a: Gliscor|move: Protect
|
|-damage|p1a: Salamence|39/100 tox|[from] psn
|-heal|p2a: Gliscor|30/100 tox|[from] ability: Poison Heal
|upkeep
|turn|23
|
|t:|1779814429
|move|p1a: Salamence|Outrage|p2a: Gliscor
|-damage|p2a: Gliscor|0 fnt
|faint|p2a: Gliscor
|-ability|p1a: Salamence|Moxie|boost
|-boost|p1a: Salamence|atk|1
|
|-damage|p1a: Salamence|15/100 tox|[from] psn
|upkeep
|
|t:|1779814435
|switch|p2a: Emboar|Emboar, M, shiny|57/100
|turn|24
|
|t:|1779814446
|move|p1a: Salamence|Outrage|p2a: Emboar|[from] lockedmove
|-damage|p2a: Emboar|0 fnt
|faint|p2a: Emboar
|-start|p1a: Salamence|confusion|[fatigue]
|
|win|BaxleyTheBomb
|raw|BaxleyTheBomb's rating: 1199 &rarr; <strong>1226</strong><br />(+27 for winning)
|raw|key2saucyy's rating: 1229 &rarr; <strong>1202</strong><br />(-27 for losing)
|l|☆key2saucyy
|player|p2|
|l|☆BaxleyTheBomb
|player|p1|
