|j|☆kilimanjaaro
|j|☆36hpdc
|t:|1779955505
|gametype|singles
|player|p1|kilimanjaaro|102|1213
|player|p2|36hpdc|170|1221
|gen|9
|tier|[Gen 9] OU
|rated|
|rule|HP Percentage Mod: HP is shown in percentages
|rule|Endless Battle Clause: Forcing endless battles is banned
|rule|Species Clause: Limit one of each Pokémon
|rule|OHKO Clause: OHKO moves are banned
|rule|Evasion Items Clause: Evasion items are banned
|rule|Evasion Moves Clause: Evasion moves are banned
|rule|Evasion Abilities Clause: Evasion abilities are banned
|rule|Sleep Moves Clause: Sleep-inducing moves are banned
|clearpoke
|poke|p1|Garganacl, F|
|poke|p1|Meowscarada, M|
|poke|p1|Corviknight, F|
|poke|p1|Grimmsnarl, M|
|poke|p1|Landorus-Therian, M|
|poke|p1|Araquanid, F|
|poke|p2|Dusclops, M|
|poke|p2|Klefki, F|
|poke|p2|Conkeldurr, F|
|poke|p2|Ursaluna, F|
|poke|p2|Kingdra, F|
|poke|p2|Politoed, M|
|teampreview
|
|t:|1779955517
|teamsize|p1|6
|teamsize|p2|6
|start
|switch|p1a: Araquanid|Araquanid, F|100/100
|switch|p2a: Klefki|Klefki, F|100/100
|turn|1
|
|t:|1779955523
|move|p2a: Klefki|Switcheroo|p1a: Araquanid
|-activate|p2a: Klefki|move: Trick|[of] p1a: Araquanid
|-item|p1a: Araquanid|Choice Scarf|[from] move: Switcheroo
|-item|p2a: Klefki|Assault Vest|[from] move: Switcheroo
|move|p1a: Araquanid|Liquidation|p2a: Klefki
|-damage|p2a: Klefki|36/100
|
|upkeep
|turn|2
|
|t:|1779955534
|switch|p2a: Dusclops|Dusclops, M|100/100
|-item|p1a: Araquanid|Choice Scarf|[from] ability: Frisk|[of] p2a: Dusclops
|move|p1a: Araquanid|Liquidation|p2a: Dusclops
|-damage|p2a: Dusclops|65/100
|
|upkeep
|turn|3
|
|t:|1779955541
|switch|p1a: Garganacl|Garganacl, F|100/100
|move|p2a: Dusclops|Trick Room|p2a: Dusclops
|-fieldstart|move: Trick Room|[of] p2a: Dusclops
|
|upkeep
|turn|4
|
|t:|1779955552
|move|p2a: Dusclops|Skill Swap|p1a: Garganacl
|-activate|p2a: Dusclops|Skill Swap|Purifying Salt|Frisk|[of] p1a: Garganacl
|-item|p2a: Dusclops|Eviolite|[from] ability: Frisk|[of] p1a: Garganacl
|move|p1a: Garganacl|Iron Defense|p1a: Garganacl
|-boost|p1a: Garganacl|def|2
|
|upkeep
|turn|5
|
|t:|1779955565
|move|p2a: Dusclops|Pain Split|p1a: Garganacl
|-sethp|p1a: Garganacl|73/100|[from] move: Pain Split|[silent]
|-sethp|p2a: Dusclops|100/100|[from] move: Pain Split
|move|p1a: Garganacl|Salt Cure|p2a: Dusclops
|-damage|p2a: Dusclops|93/100
|-start|p2a: Dusclops|Salt Cure
|
|-heal|p1a: Garganacl|79/100|[from] item: Leftovers
|-damage|p2a: Dusclops|80/100|[from] Salt Cure
|upkeep
|turn|6
|
|t:|1779955576
|switch|p1a: Grimmsnarl|Grimmsnarl, M|100/100
|move|p2a: Dusclops|Curse|p1a: Grimmsnarl
|-start|p1a: Grimmsnarl|Curse|[of] p2a: Dusclops
|-damage|p2a: Dusclops|30/100
|
|-damage|p1a: Grimmsnarl|76/100|[from] Curse
|-damage|p2a: Dusclops|18/100|[from] Salt Cure
|upkeep
|turn|7
|
|t:|1779955585
|move|p1a: Grimmsnarl|Light Screen|p1a: Grimmsnarl
|-sidestart|p1: kilimanjaaro|move: Light Screen
|move|p2a: Dusclops|Pain Split|p1a: Grimmsnarl
|-sethp|p1a: Grimmsnarl|44/100|[from] move: Pain Split|[silent]
|-sethp|p2a: Dusclops|61/100|[from] move: Pain Split
|
|-damage|p1a: Grimmsnarl|20/100|[from] Curse
|-damage|p2a: Dusclops|49/100|[from] Salt Cure
|-fieldend|move: Trick Room
|upkeep
|turn|8
|
|t:|1779955595
|switch|p2a: Ursaluna|Ursaluna, F|100/100
|move|p1a: Grimmsnarl|Parting Shot|p2a: Ursaluna
|-unboost|p2a: Ursaluna|atk|1
|-unboost|p2a: Ursaluna|spa|1
|
|t:|1779955601
|switch|p1a: Landorus|Landorus-Therian, M|100/100|[from] Parting Shot
|-ability|p1a: Landorus|Intimidate|boost
|-unboost|p2a: Ursaluna|atk|1
|
|-status|p2a: Ursaluna|brn|[from] item: Flame Orb
|upkeep
|turn|9
|
|t:|1779955619
|move|p1a: Landorus|U-turn|p2a: Ursaluna
|-damage|p2a: Ursaluna|84/100 brn
|
|t:|1779955621
|switch|p1a: Garganacl|Garganacl, F|79/100|[from] U-turn
|move|p2a: Ursaluna|Ice Punch|p1a: Garganacl
|-damage|p1a: Garganacl|64/100
|
|-heal|p1a: Garganacl|70/100|[from] item: Leftovers
|-damage|p2a: Ursaluna|78/100 brn|[from] brn
|upkeep
|turn|10
|
|t:|1779955634
|switch|p2a: Conkeldurr|Conkeldurr, F|100/100
|move|p1a: Garganacl|Recover|p1a: Garganacl
|-heal|p1a: Garganacl|100/100
|
|-status|p2a: Conkeldurr|brn|[from] item: Flame Orb
|upkeep
|turn|11
|
|t:|1779955642
|switch|p2a: Dusclops|Dusclops, M|49/100
|-item|p1a: Garganacl|Leftovers|[from] ability: Frisk|[of] p2a: Dusclops
|-terastallize|p1a: Garganacl|Water
|move|p1a: Garganacl|Iron Defense|p1a: Garganacl
|-boost|p1a: Garganacl|def|2
|
|upkeep
|turn|12
|
|t:|1779955651
|move|p1a: Garganacl|Salt Cure|p2a: Dusclops
|-damage|p2a: Dusclops|42/100
|-start|p2a: Dusclops|Salt Cure
|move|p2a: Dusclops|Pain Split|p1a: Garganacl
|-sethp|p1a: Garganacl|65/100|[from] move: Pain Split|[silent]
|-sethp|p2a: Dusclops|92/100|[from] move: Pain Split
|
|-heal|p1a: Garganacl|71/100|[from] item: Leftovers
|-damage|p2a: Dusclops|80/100|[from] Salt Cure
|upkeep
|turn|13
|
|t:|1779955662
|move|p1a: Garganacl|Recover|p1a: Garganacl
|-heal|p1a: Garganacl|100/100
|move|p2a: Dusclops|Curse|p1a: Garganacl
|-start|p1a: Garganacl|Curse|[of] p2a: Dusclops
|-damage|p2a: Dusclops|30/100
|
|-damage|p1a: Garganacl|75/100|[from] Curse
|-damage|p2a: Dusclops|18/100|[from] Salt Cure
|upkeep
|turn|14
|
|t:|1779955672
|switch|p1a: Grimmsnarl|Grimmsnarl, M|20/100
|move|p2a: Dusclops|Pain Split|p1a: Grimmsnarl
|-sethp|p1a: Grimmsnarl|16/100|[from] move: Pain Split|[silent]
|-sethp|p2a: Dusclops|22/100|[from] move: Pain Split
|
|-damage|p2a: Dusclops|10/100|[from] Salt Cure
|-sideend|p1: kilimanjaaro|move: Light Screen
|upkeep
|turn|15
|
|t:|1779955682
|move|p1a: Grimmsnarl|Spirit Break|p2a: Dusclops
|-damage|p2a: Dusclops|0 fnt
|faint|p2a: Dusclops
|
|upkeep
|
|t:|1779955696
|switch|p2a: Ursaluna|Ursaluna, F|78/100 brn
|turn|16
|
|t:|1779955700
|move|p1a: Grimmsnarl|Reflect|p1a: Grimmsnarl
|-sidestart|p1: kilimanjaaro|Reflect
|move|p2a: Ursaluna|Facade|p1a: Grimmsnarl
|-damage|p1a: Grimmsnarl|0 fnt
|faint|p1a: Grimmsnarl
|
|-damage|p2a: Ursaluna|72/100 brn|[from] brn
|upkeep
|
|t:|1779955705
|switch|p1a: Landorus|Landorus-Therian, M|100/100
|-ability|p1a: Landorus|Intimidate|boost
|-unboost|p2a: Ursaluna|atk|1
|turn|17
|
|t:|1779955712
|move|p1a: Landorus|Swords Dance|p1a: Landorus
|-boost|p1a: Landorus|atk|2
|move|p2a: Ursaluna|Ice Punch|p1a: Landorus
|-supereffective|p1a: Landorus
|-damage|p1a: Landorus|38/100
|-status|p1a: Landorus|frz
|
|-damage|p2a: Ursaluna|65/100 brn|[from] brn
|upkeep
|turn|18
|
|t:|1779955722
|cant|p1a: Landorus|frz
|move|p2a: Ursaluna|Facade|p1a: Landorus
|-damage|p1a: Landorus|0 fnt
|faint|p1a: Landorus
|
|-damage|p2a: Ursaluna|59/100 brn|[from] brn
|upkeep
|
|t:|1779955724
|switch|p1a: Corviknight|Corviknight, F|100/100
|-ability|p1a: Corviknight|Pressure
|turn|19
|
|t:|1779955734
|switch|p2a: Klefki|Klefki, F|36/100
|move|p1a: Corviknight|Bulk Up|p1a: Corviknight
|-boost|p1a: Corviknight|atk|1
|-boost|p1a: Corviknight|def|1
|
|upkeep
|turn|20
|
|t:|1779955743
|switch|p2a: Politoed|Politoed, M|100/100
|-weather|RainDance|[from] ability: Drizzle|[of] p2a: Politoed
|move|p1a: Corviknight|Brave Bird|p2a: Politoed
|-damage|p2a: Politoed|35/100
|-damage|p1a: Corviknight|80/100|[from] Recoil
|
|-weather|RainDance|[upkeep]
|-heal|p1a: Corviknight|86/100|[from] item: Leftovers
|upkeep
|turn|21
|
|t:|1779955762
|switch|p2a: Klefki|Klefki, F|36/100
|switch|p1a: Araquanid|Araquanid, F|100/100
|
|-weather|RainDance|[upkeep]
|upkeep
|turn|22
|
|t:|1779955770
|move|p1a: Araquanid|Liquidation|p2a: Klefki
|-damage|p2a: Klefki|0 fnt
|faint|p2a: Klefki
|
|-weather|RainDance|[upkeep]
|upkeep
|
|t:|1779955784
|switch|p2a: Politoed|Politoed, M|35/100
|turn|23
|
|t:|1779955790
|move|p2a: Politoed|Perish Song|p2a: Politoed
|-start|p1a: Araquanid|perish3|[silent]
|-start|p2a: Politoed|perish3|[silent]
|-fieldactivate|move: Perish Song
|move|p1a: Araquanid|Liquidation|p2a: Politoed
|-resisted|p2a: Politoed
|-damage|p2a: Politoed|0 fnt
|faint|p2a: Politoed
|
|-weather|RainDance|[upkeep]
|-start|p1a: Araquanid|perish3
|-sideend|p1: kilimanjaaro|Reflect
|upkeep
|
|t:|1779955800
|switch|p2a: Kingdra|Kingdra, F|100/100
|turn|24
|
|t:|1779955804
|move|p2a: Kingdra|Hurricane|p1a: Araquanid
|-supereffective|p1a: Araquanid
|-damage|p1a: Araquanid|34/100
|-damage|p2a: Kingdra|91/100|[from] item: Life Orb
|move|p1a: Araquanid|Liquidation|p2a: Kingdra
|-resisted|p2a: Kingdra
|-damage|p2a: Kingdra|63/100
|
|-weather|RainDance|[upkeep]
|-start|p1a: Araquanid|perish2
|upkeep
|turn|25
|
|t:|1779955817
|move|p2a: Kingdra|Weather Ball|p1a: Araquanid
|-resisted|p1a: Araquanid
|-damage|p1a: Araquanid|0 fnt
|faint|p1a: Araquanid
|-damage|p2a: Kingdra|53/100|[from] item: Life Orb
|
|-weather|RainDance|[upkeep]
|upkeep
|
|t:|1779955823
|switch|p1a: Garganacl|Garganacl, F, tera:Water|75/100
|turn|26
|
|t:|1779955830
|move|p2a: Kingdra|Draco Meteor|p1a: Garganacl
|-damage|p1a: Garganacl|20/100
|-unboost|p2a: Kingdra|spa|2
|-damage|p2a: Kingdra|43/100|[from] item: Life Orb
|move|p1a: Garganacl|Recover|p1a: Garganacl
|-heal|p1a: Garganacl|70/100
|
|-weather|RainDance|[upkeep]
|-heal|p1a: Garganacl|76/100|[from] item: Leftovers
|upkeep
|turn|27
|
|t:|1779955842
|switch|p2a: Ursaluna|Ursaluna, F|59/100 brn
|move|p1a: Garganacl|Iron Defense|p1a: Garganacl
|-boost|p1a: Garganacl|def|2
|
|-weather|none
|-heal|p1a: Garganacl|82/100|[from] item: Leftovers
|-damage|p2a: Ursaluna|53/100 brn|[from] brn
|upkeep
|turn|28
|
|t:|1779955852
|-terastallize|p2a: Ursaluna|Normal
|move|p2a: Ursaluna|Facade|p1a: Garganacl
|-damage|p1a: Garganacl|29/100
|move|p1a: Garganacl|Body Press|p2a: Ursaluna
|-supereffective|p2a: Ursaluna
|-damage|p2a: Ursaluna|0 fnt
|faint|p2a: Ursaluna
|
|-heal|p1a: Garganacl|35/100|[from] item: Leftovers
|upkeep
|
|t:|1779955864
|switch|p2a: Conkeldurr|Conkeldurr, F|100/100 brn
|turn|29
|
|t:|1779955867
|move|p2a: Conkeldurr|Drain Punch|p1a: Garganacl
|-damage|p1a: Garganacl|12/100
|move|p1a: Garganacl|Salt Cure|p2a: Conkeldurr
|-resisted|p2a: Conkeldurr
|-damage|p2a: Conkeldurr|95/100 brn
|-start|p2a: Conkeldurr|Salt Cure
|
|-heal|p1a: Garganacl|18/100|[from] item: Leftovers
|-damage|p2a: Conkeldurr|89/100 brn|[from] brn
|-damage|p2a: Conkeldurr|76/100 brn|[from] Salt Cure
|upkeep
|turn|30
|
|t:|1779955879
|move|p2a: Conkeldurr|Drain Punch|p1a: Garganacl
|-damage|p1a: Garganacl|0 fnt
|-heal|p2a: Conkeldurr|86/100 brn|[from] drain|[of] p1a: Garganacl
|faint|p1a: Garganacl
|
|-damage|p2a: Conkeldurr|80/100 brn|[from] brn
|-damage|p2a: Conkeldurr|67/100 brn|[from] Salt Cure
|upkeep
|
|t:|1779955892
|switch|p1a: Corviknight|Corviknight, F|86/100
|-ability|p1a: Corviknight|Pressure
|turn|31
|
|t:|1779955896
|switch|p2a: Kingdra|Kingdra, F|43/100
|move|p1a: Corviknight|Brave Bird|p2a: Kingdra
|-damage|p2a: Kingdra|0 fnt
|faint|p2a: Kingdra
|-damage|p1a: Corviknight|76/100|[from] Recoil
|
|-heal|p1a: Corviknight|82/100|[from] item: Leftovers
|upkeep
|
|t:|1779955907
|switch|p2a: Conkeldurr|Conkeldurr, F|67/100 brn
|turn|32
|
|t:|1779955910
|move|p1a: Corviknight|Brave Bird|p2a: Conkeldurr
|-supereffective|p2a: Conkeldurr
|-damage|p2a: Conkeldurr|10/100 brn
|-damage|p1a: Corviknight|63/100|[from] Recoil
|move|p2a: Conkeldurr|Drain Punch|p1a: Corviknight
|-crit|p1a: Corviknight
|-damage|p1a: Corviknight|0 fnt
|-heal|p2a: Conkeldurr|42/100 brn|[from] drain|[of] p1a: Corviknight
|faint|p1a: Corviknight
|
|-damage|p2a: Conkeldurr|36/100 brn|[from] brn
|upkeep
|
|t:|1779955913
|switch|p1a: Meowscarada|Meowscarada, M|100/100
|turn|33
|
|t:|1779955924
|move|p2a: Conkeldurr|Mach Punch|p1a: Meowscarada
|-supereffective|p1a: Meowscarada
|-damage|p1a: Meowscarada|0 fnt
|faint|p1a: Meowscarada
|
|win|36hpdc
|raw|kilimanjaaro's rating: 1213 &rarr; <strong>1189</strong><br />(-24 for losing)
|raw|36hpdc's rating: 1221 &rarr; <strong>1245</strong><br />(+24 for winning)
|l|☆kilimanjaaro
|player|p1|
|l|☆36hpdc
|player|p2|
