|j|☆RinRinOwO
|j|☆stoot token
|t:|1779936963
|gametype|singles
|player|p1|RinRinOwO|iris|1036
|player|p2|stoot token|zinzolin|1000
|gen|9
|tier|[Gen 9] OU
|rated|
|rule|HP Percentage Mod: HP is shown in percentages
|rule|Endless Battle Clause: Forcing endless battles is banned
|rule|Species Clause: Limit one of each Pokémon
|rule|OHKO Clause: OHKO moves are banned
|rule|Evasion Items Clause: Evasion items are banned
|rule|Evasion Moves Clause: Evasion moves are banned
|rule|Evasion Abilities Clause: Evasion abilities are banned
|rule|Sleep Moves Clause: Sleep-inducing moves are banned
|clearpoke
|poke|p1|Gholdengo|
|poke|p1|Iron Treads|
|poke|p1|Moltres|
|poke|p1|Zamazenta-*|
|poke|p1|Samurott-Hisui, F|
|poke|p1|Garganacl, F|
|poke|p2|Lanturn, F|
|poke|p2|Volcanion|
|poke|p2|Corviknight, F|
|poke|p2|Torterra, M|
|poke|p2|Hydreigon, M|
|poke|p2|Deoxys-Speed|
|teampreview
|
|t:|1779936967
|teamsize|p1|6
|teamsize|p2|6
|start
|switch|p1a: Pidgie|Garganacl, F|100/100
|switch|p2a: Lanturn|Lanturn, F|100/100
|turn|1
|
|t:|1779936975
|switch|p1a: Iron Bondle|Moltres, shiny|100/100
|move|p2a: Lanturn|Scald|p1a: Iron Bondle
|-supereffective|p1a: Iron Bondle
|-damage|p1a: Iron Bondle|58/100
|
|upkeep
|turn|2
|c|☆RinRinOwO|bad wifi?
|
|t:|1779937049
|-terastallize|p1a: Iron Bondle|Grass
|move|p1a: Iron Bondle|Flamethrower|p2a: Lanturn
|-resisted|p2a: Lanturn
|-damage|p2a: Lanturn|84/100
|-status|p2a: Lanturn|brn
|move|p2a: Lanturn|Thunder Wave|p1a: Iron Bondle|[miss]
|-miss|p2a: Lanturn|p1a: Iron Bondle
|
|-heal|p2a: Lanturn|90/100 brn|[from] item: Leftovers
|-damage|p2a: Lanturn|84/100 brn|[from] brn
|upkeep
|turn|3
|
|t:|1779937067
|switch|p2a: Volcanion|Volcanion|100/100
|move|p1a: Iron Bondle|Roost|p1a: Iron Bondle
|-heal|p1a: Iron Bondle|100/100
|
|upkeep
|turn|4
|
|t:|1779937076
|switch|p1a: Pidgie|Garganacl, F|100/100
|move|p2a: Volcanion|Flamethrower|p1a: Pidgie
|-resisted|p1a: Pidgie
|-damage|p1a: Pidgie|86/100
|
|-heal|p1a: Pidgie|92/100|[from] item: Leftovers
|upkeep
|turn|5
|
|t:|1779937084
|move|p2a: Volcanion|Steam Eruption|p1a: Pidgie
|-supereffective|p1a: Pidgie
|-damage|p1a: Pidgie|13/100
|move|p1a: Pidgie|Salt Cure|p2a: Volcanion
|-supereffective|p2a: Volcanion
|-damage|p2a: Volcanion|71/100
|-start|p2a: Volcanion|Salt Cure
|
|-heal|p1a: Pidgie|20/100|[from] item: Leftovers
|-damage|p2a: Volcanion|46/100|[from] Salt Cure
|upkeep
|turn|6
|
|t:|1779937090
|move|p2a: Volcanion|Steam Eruption|p1a: Pidgie
|-supereffective|p1a: Pidgie
|-damage|p1a: Pidgie|0 fnt
|faint|p1a: Pidgie
|
|-damage|p2a: Volcanion|21/100|[from] Salt Cure
|upkeep
|
|t:|1779937095
|switch|p1a: Celebie|Zamazenta, shiny|100/100
|-ability|p1a: Celebie|Dauntless Shield|boost
|-boost|p1a: Celebie|def|1
|turn|7
|
|t:|1779937099
|move|p1a: Celebie|Stone Edge|p2a: Volcanion
|-supereffective|p2a: Volcanion
|-damage|p2a: Volcanion|0 fnt
|faint|p2a: Volcanion
|
|upkeep
|
|t:|1779937107
|switch|p2a: Lanturn|Lanturn, F|84/100 brn
|turn|8
|
|t:|1779937115
|move|p1a: Celebie|Close Combat|p2a: Lanturn
|-damage|p2a: Lanturn|36/100 brn
|-unboost|p1a: Celebie|def|1
|-unboost|p1a: Celebie|spd|1
|move|p2a: Lanturn|Scald|p1a: Celebie
|-damage|p1a: Celebie|71/100
|
|-heal|p2a: Lanturn|42/100 brn|[from] item: Leftovers
|-damage|p2a: Lanturn|36/100 brn|[from] brn
|upkeep
|turn|9
|
|t:|1779937125
|move|p1a: Celebie|Close Combat|p2a: Lanturn
|-damage|p2a: Lanturn|0 fnt
|-unboost|p1a: Celebie|def|1
|-unboost|p1a: Celebie|spd|1
|faint|p2a: Lanturn
|
|upkeep
|
|t:|1779937133
|switch|p2a: Deoxys|Deoxys-Speed, shiny|100/100
|-ability|p2a: Deoxys|Pressure
|turn|10
|
|t:|1779937138
|switch|p1a: Pickachu|Gholdengo|100/100
|-item|p1a: Pickachu|Air Balloon
|move|p2a: Deoxys|Nasty Plot|p2a: Deoxys
|-boost|p2a: Deoxys|spa|2
|
|upkeep
|turn|11
|
|t:|1779937147
|move|p2a: Deoxys|Dark Pulse|p1a: Pickachu
|-supereffective|p1a: Pickachu
|-damage|p1a: Pickachu|5/100
|-enditem|p1a: Pickachu|Air Balloon
|move|p1a: Pickachu|Nasty Plot|p1a: Pickachu
|-boost|p1a: Pickachu|spa|2
|
|upkeep
|turn|12
|
|t:|1779937158
|move|p2a: Deoxys|Dark Pulse|p1a: Pickachu
|-supereffective|p1a: Pickachu
|-damage|p1a: Pickachu|0 fnt
|faint|p1a: Pickachu
|
|upkeep
|
|t:|1779937162
|switch|p1a: Trampa|Samurott-Hisui, F, shiny|100/100
|turn|13
|
|t:|1779937167
|switch|p2a: Torterra|Torterra, M|100/100
|move|p1a: Trampa|Ceaseless Edge|p2a: Torterra
|-damage|p2a: Torterra|64/100
|-sidestart|p2: stoot token|Spikes
|
|upkeep
|turn|14
|
|t:|1779937174
|switch|p1a: Iron Bondle|Moltres, shiny, tera:Grass|100/100
|move|p2a: Torterra|Wood Hammer|p1a: Iron Bondle
|-resisted|p1a: Iron Bondle
|-damage|p1a: Iron Bondle|85/100
|-damage|p2a: Torterra|59/100|[from] Recoil
|
|upkeep
|turn|15
|
|t:|1779937179
|move|p1a: Iron Bondle|Flamethrower|p2a: Torterra
|-supereffective|p2a: Torterra
|-damage|p2a: Torterra|7/100
|move|p2a: Torterra|Stealth Rock|p1a: Iron Bondle
|-sidestart|p1: RinRinOwO|move: Stealth Rock
|
|upkeep
|turn|16
|
|t:|1779937217
|move|p1a: Iron Bondle|Flamethrower|p2a: Torterra
|-supereffective|p2a: Torterra
|-damage|p2a: Torterra|0 fnt
|faint|p2a: Torterra
|
|upkeep
|
|t:|1779937224
|switch|p2a: Hydreigon|Hydreigon, M|100/100
|turn|17
|
|t:|1779937232
|move|p2a: Hydreigon|Dragon Dance|p2a: Hydreigon
|-boost|p2a: Hydreigon|atk|1
|-boost|p2a: Hydreigon|spe|1
|move|p1a: Iron Bondle|U-turn|p2a: Hydreigon
|-supereffective|p2a: Hydreigon
|-damage|p2a: Hydreigon|68/100
|
|t:|1779937236
|switch|p1a: Trampa|Samurott-Hisui, F, shiny|100/100|[from] U-turn
|-damage|p1a: Trampa|88/100|[from] Stealth Rock
|
|upkeep
|turn|18
|
|t:|1779937252
|move|p1a: Trampa|Sacred Sword|p2a: Hydreigon
|-supereffective|p2a: Hydreigon
|-damage|p2a: Hydreigon|0 fnt
|faint|p2a: Hydreigon
|
|upkeep
|
|t:|1779937255
|switch|p2a: Deoxys|Deoxys-Speed, shiny|100/100
|-damage|p2a: Deoxys|88/100|[from] Spikes
|-ability|p2a: Deoxys|Pressure
|turn|19
|
|t:|1779937266
|move|p2a: Deoxys|Nasty Plot|p2a: Deoxys
|-boost|p2a: Deoxys|spa|2
|move|p1a: Trampa|Sacred Sword|p2a: Deoxys
|-resisted|p2a: Deoxys
|-damage|p2a: Deoxys|56/100
|
|upkeep
|turn|20
|
|t:|1779937272
|switch|p1a: Oshawot|Iron Treads|100/100
|-damage|p1a: Oshawot|98/100|[from] Stealth Rock
|move|p2a: Deoxys|Nasty Plot|p2a: Deoxys
|-boost|p2a: Deoxys|spa|2
|
|upkeep
|turn|21
|
|t:|1779937279
|move|p2a: Deoxys|Dark Pulse|p1a: Oshawot
|-damage|p1a: Oshawot|21/100
|move|p1a: Oshawot|Knock Off|p2a: Deoxys
|-supereffective|p2a: Deoxys
|-damage|p2a: Deoxys|0 fnt
|-enditem|p2a: Deoxys|Focus Sash|[from] move: Knock Off|[of] p1a: Oshawot
|faint|p2a: Deoxys
|
|upkeep
|
|t:|1779937293
|switch|p2a: Corviknight|Corviknight, F|100/100
|-ability|p2a: Corviknight|Pressure
|turn|22
|
|t:|1779937303
|-end|p1a: Oshawot|Quark Drive|[silent]
|switch|p1a: Iron Bondle|Moltres, shiny, tera:Grass|85/100
|move|p2a: Corviknight|Brave Bird|p1a: Iron Bondle
|-supereffective|p1a: Iron Bondle
|-damage|p1a: Iron Bondle|30/100
|-damage|p2a: Corviknight|83/100|[from] Recoil
|
|-heal|p2a: Corviknight|89/100|[from] item: Leftovers
|upkeep
|turn|23
|
|t:|1779937306
|move|p1a: Iron Bondle|Roost|p1a: Iron Bondle
|-heal|p1a: Iron Bondle|80/100
|move|p2a: Corviknight|Brave Bird|p1a: Iron Bondle
|-supereffective|p1a: Iron Bondle
|-damage|p1a: Iron Bondle|33/100
|-damage|p2a: Corviknight|74/100|[from] Recoil
|
|-heal|p2a: Corviknight|81/100|[from] item: Leftovers
|upkeep
|turn|24
|
|t:|1779937312
|move|p1a: Iron Bondle|Flamethrower|p2a: Corviknight
|-supereffective|p2a: Corviknight
|-damage|p2a: Corviknight|13/100
|move|p2a: Corviknight|Brave Bird|p1a: Iron Bondle
|-supereffective|p1a: Iron Bondle
|-damage|p1a: Iron Bondle|0 fnt
|faint|p1a: Iron Bondle
|-damage|p2a: Corviknight|2/100|[from] Recoil
|
|-heal|p2a: Corviknight|9/100|[from] item: Leftovers
|upkeep
|
|t:|1779937317
|switch|p1a: Celebie|Zamazenta, shiny|71/100
|-damage|p1a: Celebie|65/100|[from] Stealth Rock
|turn|25
|-message|stoot token forfeited.
|
|win|RinRinOwO
|raw|RinRinOwO's rating: 1036 &rarr; <strong>1067</strong><br />(+31 for winning)
|raw|stoot token's rating: 1000 &rarr; <strong>1000</strong><br />(+0 for losing)
|l|☆stoot token
|player|p2|
