|j|☆kona19733
|j|☆nose jeje salu2
|t:|1779881432
|gametype|singles
|player|p1|kona19733|102|1346
|player|p2|nose jeje salu2|clair|1327
|gen|9
|tier|[Gen 9] OU
|rated|
|rule|HP Percentage Mod: HP is shown in percentages
|rule|Endless Battle Clause: Forcing endless battles is banned
|rule|Species Clause: Limit one of each Pokémon
|rule|OHKO Clause: OHKO moves are banned
|rule|Evasion Items Clause: Evasion items are banned
|rule|Evasion Moves Clause: Evasion moves are banned
|rule|Evasion Abilities Clause: Evasion abilities are banned
|rule|Sleep Moves Clause: Sleep-inducing moves are banned
|clearpoke
|poke|p1|Zapdos|
|poke|p1|Great Tusk|
|poke|p1|Slowking-Galar, M|
|poke|p1|Gholdengo|
|poke|p1|Zamazenta-*|
|poke|p1|Clefable, M|
|poke|p2|Scizor, M|
|poke|p2|Raging Bolt|
|poke|p2|Iron Moth|
|poke|p2|Ting-Lu|
|poke|p2|Meowscarada, F|
|poke|p2|Fezandipiti, M|
|teampreview
|inactive|Battle timer is ON: inactive players will automatically lose when time's up. (requested by kona19733)
|
|t:|1779881462
|teamsize|p1|6
|teamsize|p2|6
|start
|switch|p1a: Clefable|Clefable, M|100/100
|switch|p2a: Meowscarada|Meowscarada, F, shiny|100/100
|turn|1
|
|t:|1779881472
|move|p2a: Meowscarada|U-turn|p1a: Clefable
|-start|p2a: Meowscarada|typechange|Bug|[from] ability: Protean
|-resisted|p1a: Clefable
|-damage|p1a: Clefable|89/100
|
|t:|1779881477
|switch|p2a: Scizor|Scizor, M, shiny|100/100|[from] U-turn
|move|p1a: Clefable|Stealth Rock|p2a: Scizor
|-sidestart|p2: nose jeje salu2|move: Stealth Rock
|
|upkeep
|turn|2
|
|t:|1779881486
|switch|p1a: Slowking|Slowking-Galar, M|100/100
|move|p2a: Scizor|Bullet Punch|p1a: Slowking
|-damage|p1a: Slowking|62/100
|
|upkeep
|turn|3
|
|t:|1779881509
|move|p2a: Scizor|Defog|p1a: Slowking
|-unboost|p1a: Slowking|evasion|1
|-sideend|p2: nose jeje salu2|Stealth Rock|[from] move: Defog|[of] p2a: Scizor
|move|p1a: Slowking|Flamethrower|p2a: Scizor
|-supereffective|p2a: Scizor
|-damage|p2a: Scizor|0 fnt
|faint|p2a: Scizor
|
|upkeep
|inactive|nose jeje salu2 has 120 seconds left.
|
|t:|1779881527
|switch|p2a: Ting-Lu|Ting-Lu|100/100
|-ability|p2a: Ting-Lu|Vessel of Ruin
|turn|4
|
|t:|1779881533
|move|p2a: Ting-Lu|Ruination|p1a: Slowking
|-damage|p1a: Slowking|31/100
|-prepare|p1a: Slowking|Chilly Reception|[premajor]
|move|p1a: Slowking|Chilly Reception|p1a: Slowking
|-weather|Snowscape
|
|t:|1779881537
|switch|p1a: Clefable|Clefable, M|89/100|[from] Chilly Reception
|
|-weather|Snowscape|[upkeep]
|upkeep
|turn|5
|
|t:|1779881544
|switch|p2a: Fezandipiti|Fezandipiti, M|100/100
|move|p1a: Clefable|Knock Off|p2a: Fezandipiti
|-resisted|p2a: Fezandipiti
|-damage|p2a: Fezandipiti|92/100
|-enditem|p2a: Fezandipiti|Leftovers|[from] move: Knock Off|[of] p1a: Clefable
|
|-weather|Snowscape|[upkeep]
|upkeep
|turn|6
|
|t:|1779881553
|move|p2a: Fezandipiti|U-turn|p1a: Clefable
|-resisted|p1a: Clefable
|-damage|p1a: Clefable|83/100
|
|t:|1779881560
|switch|p2a: Meowscarada|Meowscarada, F, shiny|100/100|[from] U-turn
|move|p1a: Clefable|Stealth Rock|p2a: Meowscarada
|-sidestart|p2: nose jeje salu2|move: Stealth Rock
|
|-weather|Snowscape|[upkeep]
|upkeep
|turn|7
|
|t:|1779881565
|move|p2a: Meowscarada|Flower Trick|p1a: Clefable
|-start|p2a: Meowscarada|typechange|Grass|[from] ability: Protean
|-crit|p1a: Clefable
|-damage|p1a: Clefable|48/100
|move|p1a: Clefable|Moonblast|p2a: Meowscarada
|-damage|p2a: Meowscarada|50/100
|-unboost|p2a: Meowscarada|spa|1
|
|-weather|Snowscape|[upkeep]
|upkeep
|turn|8
|-message|nose jeje salu2 forfeited.
|
|win|kona19733
|raw|kona19733's rating: 1346 &rarr; <strong>1365</strong><br />(+19 for winning)
|raw|nose jeje salu2's rating: 1327 &rarr; <strong>1308</strong><br />(-19 for losing)
|l|☆nose jeje salu2
|player|p2|
|l|☆kona19733
|player|p1|
