|j|☆tperz
|j|☆iamverykarpy
|t:|1779818212
|gametype|singles
|player|p1|tperz|burglar|1599
|player|p2|iamverykarpy|colress|1669
|gen|9
|tier|[Gen 9] OU
|rated|
|rule|HP Percentage Mod: HP is shown in percentages
|rule|Endless Battle Clause: Forcing endless battles is banned
|rule|Species Clause: Limit one of each Pokémon
|rule|OHKO Clause: OHKO moves are banned
|rule|Evasion Items Clause: Evasion items are banned
|rule|Evasion Moves Clause: Evasion moves are banned
|rule|Evasion Abilities Clause: Evasion abilities are banned
|rule|Sleep Moves Clause: Sleep-inducing moves are banned
|clearpoke
|poke|p1|Goodra-Hisui, M|
|poke|p1|Ninetales-Alola, M|
|poke|p1|Glimmora, F|
|poke|p1|Rillaboom, M|
|poke|p1|Mandibuzz, F|
|poke|p1|Great Tusk|
|poke|p2|Cetitan, F|
|poke|p2|Slowking-Galar, M|
|poke|p2|Kyurem|
|poke|p2|Rillaboom, F|
|poke|p2|Alomomola, F|
|poke|p2|Great Tusk|
|teampreview
|inactive|Battle timer is ON: inactive players will automatically lose when time's up. (requested by iamverykarpy)
|inactive|tperz also wants the timer to be on.
|
|t:|1779818220
|teamsize|p1|6
|teamsize|p2|6
|start
|switch|p1a: Rillaboom|Rillaboom, M, shiny|100/100
|switch|p2a: Slowking|Slowking-Galar, M, shiny|100/100
|-fieldstart|move: Grassy Terrain|[from] ability: Grassy Surge|[of] p1a: Rillaboom
|turn|1
|
|t:|1779818228
|move|p1a: Rillaboom|High Horsepower|p2a: Slowking
|-supereffective|p2a: Slowking
|-damage|p2a: Slowking|37/100
|-prepare|p2a: Slowking|Chilly Reception|[premajor]
|move|p2a: Slowking|Chilly Reception|p2a: Slowking
|-weather|Snowscape
|
|t:|1779818236
|switch|p2a: Kyurem|Kyurem, shiny|100/100|[from] Chilly Reception
|-ability|p2a: Kyurem|Pressure
|
|-weather|Snowscape|[upkeep]
|upkeep
|turn|2
|
|t:|1779818242
|switch|p1a: Ninetales|Ninetales-Alola, M|100/100
|move|p2a: Kyurem|Ice Beam|p1a: Ninetales
|-resisted|p1a: Ninetales
|-damage|p1a: Ninetales|61/100
|
|-weather|Snowscape|[upkeep]
|-heal|p1a: Ninetales|67/100|[from] Grassy Terrain
|upkeep
|turn|3
|
|t:|1779818248
|switch|p2a: Slowking|Slowking-Galar, M, shiny|70/100
|move|p1a: Ninetales|Aurora Veil|p1a: Ninetales
|-sidestart|p1: tperz|move: Aurora Veil
|
|-weather|Snowscape|[upkeep]
|-heal|p1a: Ninetales|74/100|[from] Grassy Terrain
|-heal|p2a: Slowking|76/100|[from] Grassy Terrain
|upkeep
|turn|4
|
|t:|1779818251
|switch|p1a: Glimmora|Glimmora, F|100/100
|move|p2a: Slowking|Sludge Bomb|p1a: Glimmora
|-resisted|p1a: Glimmora
|-crit|p1a: Glimmora
|-damage|p1a: Glimmora|86/100
|
|-weather|Snowscape|[upkeep]
|-heal|p1a: Glimmora|92/100|[from] Grassy Terrain
|-heal|p1a: Glimmora|98/100|[from] item: Black Sludge
|-heal|p2a: Slowking|82/100|[from] Grassy Terrain
|upkeep
|turn|5
|
|t:|1779818255
|move|p1a: Glimmora|Toxic|p2a: Slowking
|-status|p2a: Slowking|tox
|-prepare|p2a: Slowking|Chilly Reception|[premajor]
|move|p2a: Slowking|Chilly Reception|p2a: Slowking
|
|t:|1779818260
|switch|p2a: Great Tusk|Great Tusk|100/100|[from] Chilly Reception
|
|-weather|none
|-heal|p1a: Glimmora|100/100|[from] Grassy Terrain
|upkeep
|turn|6
|
|t:|1779818267
|move|p2a: Great Tusk|Headlong Rush|p1a: Glimmora
|-supereffective|p1a: Glimmora
|-damage|p1a: Glimmora|0 fnt
|-unboost|p2a: Great Tusk|def|1
|-unboost|p2a: Great Tusk|spd|1
|faint|p1a: Glimmora
|
|upkeep
|
|t:|1779818274
|switch|p1a: Ninetales|Ninetales-Alola, M|74/100
|-weather|Snowscape|[from] ability: Snow Warning|[of] p1a: Ninetales
|turn|7
|
|t:|1779818277
|-end|p2a: Great Tusk|Protosynthesis|[silent]
|switch|p2a: Slowking|Slowking-Galar, M, shiny|100/100 tox
|move|p1a: Ninetales|Blizzard|p2a: Slowking
|-damage|p2a: Slowking|76/100 tox
|
|-weather|Snowscape|[upkeep]
|-heal|p1a: Ninetales|80/100|[from] Grassy Terrain
|-heal|p2a: Slowking|82/100 tox|[from] Grassy Terrain
|-damage|p2a: Slowking|76/100 tox|[from] psn
|upkeep
|turn|8
|
|t:|1779818281
|move|p1a: Ninetales|Blizzard|p2a: Slowking
|-damage|p2a: Slowking|50/100 tox
|move|p2a: Slowking|Sludge Bomb|p1a: Ninetales
|-supereffective|p1a: Ninetales
|-damage|p1a: Ninetales|45/100
|
|-weather|Snowscape|[upkeep]
|-heal|p1a: Ninetales|51/100|[from] Grassy Terrain
|-heal|p2a: Slowking|56/100 tox|[from] Grassy Terrain
|-damage|p2a: Slowking|44/100 tox|[from] psn
|-fieldend|move: Grassy Terrain
|upkeep
|turn|9
|
|t:|1779818287
|move|p1a: Ninetales|Blizzard|p2a: Slowking
|-damage|p2a: Slowking|19/100 tox
|move|p2a: Slowking|Sludge Bomb|p1a: Ninetales
|-supereffective|p1a: Ninetales
|-damage|p1a: Ninetales|11/100
|
|-weather|Snowscape|[upkeep]
|-damage|p2a: Slowking|0 fnt|[from] psn
|faint|p2a: Slowking
|upkeep
|
|t:|1779818291
|switch|p2a: Cetitan|Cetitan, F, shiny|100/100
|turn|10
|
|t:|1779818304
|switch|p1a: Great Tusk|Great Tusk|100/100
|move|p2a: Cetitan|Earthquake|p1a: Great Tusk
|-crit|p1a: Great Tusk
|-damage|p1a: Great Tusk|71/100
|
|-weather|Snowscape|[upkeep]
|-sideend|p1: tperz|move: Aurora Veil
|upkeep
|turn|11
|
|t:|1779818308
|move|p2a: Cetitan|Ice Spinner|p1a: Great Tusk
|-supereffective|p1a: Great Tusk
|-damage|p1a: Great Tusk|22/100
|move|p1a: Great Tusk|Body Press|p2a: Cetitan
|-supereffective|p2a: Cetitan
|-damage|p2a: Cetitan|53/100
|
|-weather|none
|upkeep
|turn|12
|
|t:|1779818314
|move|p2a: Cetitan|Ice Shard|p1a: Great Tusk
|-supereffective|p1a: Great Tusk
|-damage|p1a: Great Tusk|0 fnt
|faint|p1a: Great Tusk
|-end|p1a: Great Tusk|Protosynthesis|[silent]
|
|upkeep
|
|t:|1779818317
|switch|p1a: Mandibuzz|Mandibuzz, F|100/100
|turn|13
|
|t:|1779818320
|move|p2a: Cetitan|Ice Spinner|p1a: Mandibuzz
|-supereffective|p1a: Mandibuzz
|-damage|p1a: Mandibuzz|55/100
|-damage|p2a: Cetitan|36/100|[from] item: Rocky Helmet|[of] p1a: Mandibuzz
|-enditem|p2a: Cetitan|Sitrus Berry|[eat]
|-heal|p2a: Cetitan|61/100|[from] item: Sitrus Berry
|move|p1a: Mandibuzz|Foul Play|p2a: Cetitan
|-damage|p2a: Cetitan|20/100
|
|upkeep
|turn|14
|
|t:|1779818323
|move|p2a: Cetitan|Ice Spinner|p1a: Mandibuzz
|-supereffective|p1a: Mandibuzz
|-damage|p1a: Mandibuzz|8/100
|-damage|p2a: Cetitan|4/100|[from] item: Rocky Helmet|[of] p1a: Mandibuzz
|move|p1a: Mandibuzz|Roost|p1a: Mandibuzz
|-heal|p1a: Mandibuzz|58/100
|-singleturn|p1a: Mandibuzz|move: Roost
|
|upkeep
|turn|15
|
|t:|1779818327
|move|p2a: Cetitan|Ice Spinner|p1a: Mandibuzz
|-supereffective|p1a: Mandibuzz
|-damage|p1a: Mandibuzz|7/100
|-damage|p2a: Cetitan|0 fnt|[from] item: Rocky Helmet|[of] p1a: Mandibuzz
|faint|p2a: Cetitan
|move|p1a: Mandibuzz|Roost|p1a: Mandibuzz
|-heal|p1a: Mandibuzz|57/100
|-singleturn|p1a: Mandibuzz|move: Roost
|
|upkeep
|
|t:|1779818330
|switch|p2a: Kyurem|Kyurem, shiny|100/100
|-ability|p2a: Kyurem|Pressure
|turn|16
|
|t:|1779818333
|switch|p1a: Goodra|Goodra-Hisui, M|100/100
|move|p2a: Kyurem|Ice Beam|p1a: Goodra
|-damage|p1a: Goodra|62/100
|
|-heal|p1a: Goodra|68/100|[from] item: Leftovers
|upkeep
|turn|17
|
|t:|1779818337
|switch|p2a: Great Tusk|Great Tusk|100/100
|move|p1a: Goodra|Draco Meteor|p2a: Great Tusk
|-damage|p2a: Great Tusk|33/100
|-unboost|p1a: Goodra|spa|2
|
|-heal|p2a: Great Tusk|39/100|[from] item: Leftovers
|-heal|p1a: Goodra|74/100|[from] item: Leftovers
|upkeep
|turn|18
|
|t:|1779818343
|switch|p1a: Mandibuzz|Mandibuzz, F|57/100
|move|p2a: Great Tusk|Stealth Rock|p1a: Mandibuzz
|-sidestart|p1: tperz|move: Stealth Rock
|
|-heal|p2a: Great Tusk|45/100|[from] item: Leftovers
|upkeep
|turn|19
|
|t:|1779818346
|move|p2a: Great Tusk|Knock Off|p1a: Mandibuzz
|-resisted|p1a: Mandibuzz
|-damage|p1a: Mandibuzz|48/100
|-damage|p2a: Great Tusk|29/100|[from] item: Rocky Helmet|[of] p1a: Mandibuzz
|-enditem|p1a: Mandibuzz|Rocky Helmet|[from] move: Knock Off|[of] p2a: Great Tusk
|move|p1a: Mandibuzz|Defog|p2a: Great Tusk
|-unboost|p2a: Great Tusk|evasion|1
|-sideend|p1: tperz|Stealth Rock|[from] move: Defog|[of] p1a: Mandibuzz
|
|-heal|p2a: Great Tusk|35/100|[from] item: Leftovers
|upkeep
|turn|20
|
|t:|1779818350
|move|p2a: Great Tusk|Stealth Rock|p1a: Mandibuzz
|-sidestart|p1: tperz|move: Stealth Rock
|move|p1a: Mandibuzz|Roost|p1a: Mandibuzz
|-heal|p1a: Mandibuzz|98/100
|-singleturn|p1a: Mandibuzz|move: Roost
|
|-heal|p2a: Great Tusk|41/100|[from] item: Leftovers
|upkeep
|turn|21
|
|t:|1779818354
|move|p2a: Great Tusk|Rapid Spin|p1a: Mandibuzz
|-damage|p1a: Mandibuzz|88/100
|-boost|p2a: Great Tusk|spe|1
|move|p1a: Mandibuzz|Foul Play|p2a: Great Tusk
|-resisted|p2a: Great Tusk
|-damage|p2a: Great Tusk|24/100
|
|-heal|p2a: Great Tusk|30/100|[from] item: Leftovers
|upkeep
|turn|22
|
|t:|1779818358
|move|p2a: Great Tusk|Rapid Spin|p1a: Mandibuzz
|-damage|p1a: Mandibuzz|78/100
|-boost|p2a: Great Tusk|spe|1
|move|p1a: Mandibuzz|Defog|p2a: Great Tusk
|-unboost|p2a: Great Tusk|evasion|1
|-sideend|p1: tperz|Stealth Rock|[from] move: Defog|[of] p1a: Mandibuzz
|
|-heal|p2a: Great Tusk|37/100|[from] item: Leftovers
|upkeep
|turn|23
|
|t:|1779818361
|move|p2a: Great Tusk|Rapid Spin|p1a: Mandibuzz
|-damage|p1a: Mandibuzz|69/100
|-boost|p2a: Great Tusk|spe|1
|move|p1a: Mandibuzz|Foul Play|p2a: Great Tusk
|-resisted|p2a: Great Tusk
|-damage|p2a: Great Tusk|21/100
|
|-heal|p2a: Great Tusk|27/100|[from] item: Leftovers
|upkeep
|turn|24
|
|t:|1779818366
|move|p2a: Great Tusk|Stealth Rock|p1a: Mandibuzz
|-sidestart|p1: tperz|move: Stealth Rock
|move|p1a: Mandibuzz|Foul Play|p2a: Great Tusk
|-resisted|p2a: Great Tusk
|-damage|p2a: Great Tusk|12/100
|
|-heal|p2a: Great Tusk|18/100|[from] item: Leftovers
|upkeep
|turn|25
|
|t:|1779818371
|move|p2a: Great Tusk|Rapid Spin|p1a: Mandibuzz
|-damage|p1a: Mandibuzz|61/100
|-boost|p2a: Great Tusk|spe|1
|move|p1a: Mandibuzz|Defog|p2a: Great Tusk
|-unboost|p2a: Great Tusk|evasion|1
|-sideend|p1: tperz|Stealth Rock|[from] move: Defog|[of] p1a: Mandibuzz
|
|-heal|p2a: Great Tusk|24/100|[from] item: Leftovers
|upkeep
|turn|26
|
|t:|1779818373
|move|p2a: Great Tusk|Stealth Rock|p1a: Mandibuzz
|-sidestart|p1: tperz|move: Stealth Rock
|move|p1a: Mandibuzz|Taunt|p2a: Great Tusk
|-start|p2a: Great Tusk|move: Taunt
|
|-heal|p2a: Great Tusk|30/100|[from] item: Leftovers
|upkeep
|turn|27
|
|t:|1779818377
|-end|p2a: Great Tusk|Protosynthesis|[silent]
|switch|p2a: Kyurem|Kyurem, shiny|100/100
|-ability|p2a: Kyurem|Pressure
|move|p1a: Mandibuzz|Defog|p2a: Kyurem
|-unboost|p2a: Kyurem|evasion|1
|-sideend|p1: tperz|Stealth Rock|[from] move: Defog|[of] p1a: Mandibuzz
|
|upkeep
|turn|28
|
|t:|1779818381
|switch|p1a: Rillaboom|Rillaboom, M, shiny|100/100
|-fieldstart|move: Grassy Terrain|[from] ability: Grassy Surge|[of] p1a: Rillaboom
|move|p2a: Kyurem|Ice Beam|p1a: Rillaboom
|-supereffective|p1a: Rillaboom
|-damage|p1a: Rillaboom|0 fnt
|faint|p1a: Rillaboom
|
|upkeep
|
|t:|1779818390
|switch|p1a: Ninetales|Ninetales-Alola, M|11/100
|-weather|Snowscape|[from] ability: Snow Warning|[of] p1a: Ninetales
|turn|29
|
|t:|1779818394
|switch|p2a: Great Tusk|Great Tusk|30/100
|move|p1a: Ninetales|Aurora Veil|p1a: Ninetales
|-sidestart|p1: tperz|move: Aurora Veil
|
|-weather|Snowscape|[upkeep]
|-heal|p1a: Ninetales|17/100|[from] Grassy Terrain
|-heal|p2a: Great Tusk|36/100|[from] Grassy Terrain
|-heal|p2a: Great Tusk|42/100|[from] item: Leftovers
|upkeep
|turn|30
|
|t:|1779818398
|move|p1a: Ninetales|Blizzard|p2a: Great Tusk
|-supereffective|p2a: Great Tusk
|-damage|p2a: Great Tusk|0 fnt
|faint|p2a: Great Tusk
|-end|p2a: Great Tusk|Protosynthesis|[silent]
|
|-weather|Snowscape|[upkeep]
|-heal|p1a: Ninetales|24/100|[from] Grassy Terrain
|upkeep
|
|t:|1779818415
|switch|p2a: Kyurem|Kyurem, shiny|100/100
|-ability|p2a: Kyurem|Pressure
|turn|31
|
|t:|1779818423
|move|p2a: Kyurem|Earth Power|p1a: Ninetales
|-damage|p1a: Ninetales|0 fnt
|faint|p1a: Ninetales
|
|-weather|Snowscape|[upkeep]
|upkeep
|
|t:|1779818427
|switch|p1a: Goodra|Goodra-Hisui, M|74/100
|turn|32
|
|t:|1779818433
|-terastallize|p2a: Kyurem|Ground
|move|p2a: Kyurem|Earth Power|p1a: Goodra
|-supereffective|p1a: Goodra
|-damage|p1a: Goodra|41/100
|move|p1a: Goodra|Curse|p1a: Goodra
|-unboost|p1a: Goodra|spe|1
|-boost|p1a: Goodra|atk|1
|-boost|p1a: Goodra|def|1
|
|-weather|Snowscape|[upkeep]
|-heal|p1a: Goodra|47/100|[from] Grassy Terrain
|-heal|p1a: Goodra|53/100|[from] item: Leftovers
|upkeep
|turn|33
|
|t:|1779818441
|move|p2a: Kyurem|Earth Power|p1a: Goodra
|-supereffective|p1a: Goodra
|-damage|p1a: Goodra|16/100
|move|p1a: Goodra|Gyro Ball|p2a: Kyurem
|-damage|p2a: Kyurem|44/100
|
|-weather|none
|-heal|p2a: Kyurem|50/100|[from] Grassy Terrain
|-heal|p1a: Goodra|22/100|[from] Grassy Terrain
|-heal|p1a: Goodra|29/100|[from] item: Leftovers
|upkeep
|turn|34
|
|t:|1779818446
|switch|p1a: Mandibuzz|Mandibuzz, F|61/100
|move|p2a: Kyurem|Earth Power|p1a: Mandibuzz
|-immune|p1a: Mandibuzz
|
|-heal|p2a: Kyurem|57/100|[from] Grassy Terrain
|upkeep
|turn|35
|
|t:|1779818449
|switch|p2a: Alomomola|Alomomola, F|100/100
|switch|p1a: Goodra|Goodra-Hisui, M|29/100
|
|-heal|p1a: Goodra|35/100|[from] Grassy Terrain
|-heal|p1a: Goodra|41/100|[from] item: Leftovers
|-fieldend|move: Grassy Terrain
|upkeep
|turn|36
|
|t:|1779818452
|move|p2a: Alomomola|Flip Turn|p1a: Goodra
|-resisted|p1a: Goodra
|-damage|p1a: Goodra|37/100
|
|t:|1779818455
|switch|p2a: Rillaboom|Rillaboom, F|100/100|[from] Flip Turn
|-fieldstart|move: Grassy Terrain|[from] ability: Grassy Surge|[of] p2a: Rillaboom
|move|p1a: Goodra|Life Dew|p1a: Goodra
|-heal|p1a: Goodra|62/100
|
|-heal|p1a: Goodra|68/100|[from] Grassy Terrain
|-heal|p1a: Goodra|74/100|[from] item: Leftovers
|-sideend|p1: tperz|move: Aurora Veil
|upkeep
|turn|37
|
|t:|1779818459
|switch|p1a: Mandibuzz|Mandibuzz, F|61/100
|move|p2a: Rillaboom|Drain Punch|p1a: Mandibuzz
|-damage|p1a: Mandibuzz|39/100
|
|upkeep
|turn|38
|
|t:|1779818462
|switch|p2a: Kyurem|Kyurem, shiny, tera:Ground|57/100
|-ability|p2a: Kyurem|Pressure
|move|p1a: Mandibuzz|Roost|p1a: Mandibuzz
|-heal|p1a: Mandibuzz|89/100
|-singleturn|p1a: Mandibuzz|move: Roost
|
|-heal|p2a: Kyurem|63/100|[from] Grassy Terrain
|-heal|p1a: Mandibuzz|95/100|[from] Grassy Terrain
|upkeep
|turn|39
|
|t:|1779818465
|switch|p1a: Goodra|Goodra-Hisui, M|74/100
|move|p2a: Kyurem|Ice Beam|p1a: Goodra
|-damage|p1a: Goodra|38/100
|
|-heal|p2a: Kyurem|69/100|[from] Grassy Terrain
|-heal|p1a: Goodra|44/100|[from] Grassy Terrain
|-heal|p1a: Goodra|50/100|[from] item: Leftovers
|upkeep
|turn|40
|
|t:|1779818471
|move|p2a: Kyurem|Ice Beam|p1a: Goodra
|-damage|p1a: Goodra|14/100
|move|p1a: Goodra|Draco Meteor|p2a: Kyurem
|-damage|p2a: Kyurem|22/100
|-unboost|p1a: Goodra|spa|2
|
|-heal|p2a: Kyurem|28/100|[from] Grassy Terrain
|-heal|p1a: Goodra|20/100|[from] Grassy Terrain
|-heal|p1a: Goodra|26/100|[from] item: Leftovers
|-fieldend|move: Grassy Terrain
|upkeep
|turn|41
|
|t:|1779818477
|move|p2a: Kyurem|Ice Beam|p1a: Goodra
|-damage|p1a: Goodra|0 fnt
|faint|p1a: Goodra
|
|upkeep
|-message|tperz forfeited.
|
|win|iamverykarpy
|raw|tperz's rating: 1599 &rarr; <strong>1583</strong><br />(-16 for losing)
|raw|iamverykarpy's rating: 1669 &rarr; <strong>1685</strong><br />(+16 for winning)
|l|☆tperz
|player|p1|
|l|☆iamverykarpy
|player|p2|
