|j|☆Gheueherr
|j|☆gymplacek123
|t:|1779963451
|gametype|singles
|player|p1|Gheueherr|infielder|1110
|player|p2|gymplacek123|giovanni|1089
|gen|9
|tier|[Gen 9] OU
|rated|
|rule|HP Percentage Mod: HP is shown in percentages
|rule|Endless Battle Clause: Forcing endless battles is banned
|rule|Species Clause: Limit one of each Pokémon
|rule|OHKO Clause: OHKO moves are banned
|rule|Evasion Items Clause: Evasion items are banned
|rule|Evasion Moves Clause: Evasion moves are banned
|rule|Evasion Abilities Clause: Evasion abilities are banned
|rule|Sleep Moves Clause: Sleep-inducing moves are banned
|clearpoke
|poke|p1|Kyurem|
|poke|p1|Slowking-Galar, F|
|poke|p1|Gliscor, M|
|poke|p1|Weezing-Galar, F|
|poke|p1|Gholdengo|
|poke|p1|Ogerpon, F|
|poke|p2|Arbok, F|
|poke|p2|Gengar, M|
|poke|p2|Snorlax, M|
|poke|p2|Blaziken, F|
|poke|p2|Dragonite, F|
|poke|p2|Weezing, F|
|teampreview
|inactive|Battle timer is ON: inactive players will automatically lose when time's up. (requested by Gheueherr)
|
|t:|1779963457
|teamsize|p1|6
|teamsize|p2|6
|start
|switch|p1a: Slowking|Slowking-Galar, F|100/100
|switch|p2a: Weezing|Weezing, F|100/100
|turn|1
|
|t:|1779963463
|move|p2a: Weezing|Toxic Spikes|p1a: Slowking
|-sidestart|p1: Gheueherr|move: Toxic Spikes
|-prepare|p1a: Slowking|Chilly Reception|[premajor]
|move|p1a: Slowking|Chilly Reception|p1a: Slowking
|-weather|Snowscape
|
|t:|1779963469
|switch|p1a: Weezing|Weezing-Galar, F|100/100|[from] Chilly Reception
|-ability|p1a: Weezing|Neutralizing Gas
|-sideend|p1: Gheueherr|move: Toxic Spikes|[of] p1a: Weezing
|
|-weather|Snowscape|[upkeep]
|upkeep
|turn|2
|
|t:|1779963482
|-end|p1a: Weezing|ability: Neutralizing Gas
|switch|p1a: Kyurem|Kyurem|100/100
|-ability|p1a: Kyurem|Pressure
|move|p2a: Weezing|Clear Smog|p1a: Kyurem
|-damage|p1a: Kyurem|86/100
|-clearboost|p1a: Kyurem
|
|-weather|Snowscape|[upkeep]
|upkeep
|turn|3
|
|t:|1779963491
|move|p1a: Kyurem|Blizzard|p2a: Weezing
|-damage|p2a: Weezing|0 fnt
|faint|p2a: Weezing
|
|-weather|Snowscape|[upkeep]
|upkeep
|
|t:|1779963508
|switch|p2a: buřt|Arbok, F, shiny|100/100
|-ability|p2a: buřt|Intimidate|boost
|-unboost|p1a: Kyurem|atk|1
|turn|4
|
|t:|1779963513
|move|p1a: Kyurem|Blizzard|p2a: buřt
|-enditem|p2a: buřt|Focus Sash
|-damage|p2a: buřt|1/100
|move|p2a: buřt|Toxic|p1a: Kyurem
|-status|p1a: Kyurem|tox
|
|-weather|Snowscape|[upkeep]
|-damage|p1a: Kyurem|80/100 tox|[from] psn
|upkeep
|turn|5
|
|t:|1779963524
|move|p2a: buřt|Protect|p2a: buřt
|-singleturn|p2a: buřt|Protect
|move|p1a: Kyurem|Blizzard|p2a: buřt
|-activate|p2a: buřt|move: Protect
|
|-weather|none
|-damage|p1a: Kyurem|68/100 tox|[from] psn
|upkeep
|turn|6
|
|t:|1779963538
|switch|p1a: Gliscor|Gliscor, M|100/100
|move|p2a: buřt|Dig||[still]
|-prepare|p2a: buřt|Dig
|
|-status|p1a: Gliscor|tox|[from] item: Toxic Orb
|upkeep
|turn|7
|
|t:|1779963545
|move|p2a: buřt|Dig|p1a: Gliscor|[from] lockedmove
|-immune|p1a: Gliscor
|move|p1a: Gliscor|Stealth Rock|p2a: buřt
|-sidestart|p2: gymplacek123|move: Stealth Rock
|
|upkeep
|turn|8
|
|t:|1779963554
|move|p2a: buřt|Protect|p2a: buřt
|-singleturn|p2a: buřt|Protect
|move|p1a: Gliscor|Earthquake|p2a: buřt
|-activate|p2a: buřt|move: Protect
|
|upkeep
|turn|9
|
|t:|1779963561
|move|p2a: buřt|Toxic Spikes|p1a: Gliscor
|-sidestart|p1: Gheueherr|move: Toxic Spikes
|move|p1a: Gliscor|Earthquake|p2a: buřt
|-supereffective|p2a: buřt
|-damage|p2a: buřt|0 fnt
|faint|p2a: buřt
|
|upkeep
|
|t:|1779963567
|switch|p2a: Gengar|Gengar, M|100/100
|-damage|p2a: Gengar|88/100|[from] Stealth Rock
|turn|10
|
|t:|1779963576
|move|p1a: Gliscor|Protect|p1a: Gliscor
|-singleturn|p1a: Gliscor|Protect
|move|p2a: Gengar|Thunder|p1a: Gliscor
|-activate|p1a: Gliscor|move: Protect
|
|upkeep
|turn|11
|
|t:|1779963583
|move|p2a: Gengar|Hex|p1a: Gliscor
|-damage|p1a: Gliscor|23/100 tox
|move|p1a: Gliscor|Earthquake|p2a: Gengar
|-supereffective|p2a: Gengar
|-damage|p2a: Gengar|0 fnt
|faint|p2a: Gengar
|
|-heal|p1a: Gliscor|36/100 tox|[from] ability: Poison Heal
|upkeep
|
|t:|1779963591
|switch|p2a: Dragonite|Dragonite, F|100/100
|-damage|p2a: Dragonite|76/100|[from] Stealth Rock
|turn|12
|
|t:|1779963595
|move|p1a: Gliscor|Toxic|p2a: Dragonite
|-status|p2a: Dragonite|tox
|move|p2a: Dragonite|Aqua Tail|p1a: Gliscor
|-supereffective|p1a: Gliscor
|-damage|p1a: Gliscor|0 fnt
|faint|p1a: Gliscor
|
|-damage|p2a: Dragonite|69/100 tox|[from] psn
|upkeep
|
|t:|1779963599
|switch|p1a: Gholdengo|Gholdengo|100/100
|-item|p1a: Gholdengo|Air Balloon
|turn|13
|
|t:|1779963607
|move|p1a: Gholdengo|Hex|p2a: Dragonite
|-damage|p2a: Dragonite|15/100 tox
|move|p2a: Dragonite|Dragon Tail|p1a: Gholdengo
|-resisted|p1a: Gholdengo
|-crit|p1a: Gholdengo
|-damage|p1a: Gholdengo|83/100
|-enditem|p1a: Gholdengo|Air Balloon
|drag|p1a: Slowking|Slowking-Galar, F|100/100
|-sideend|p1: Gheueherr|move: Toxic Spikes|[of] p1a: Slowking
|
|-damage|p2a: Dragonite|3/100 tox|[from] psn
|upkeep
|turn|14
|
|t:|1779963617
|move|p2a: Dragonite|Dragon Claw|p1a: Slowking
|-damage|p1a: Slowking|62/100
|-prepare|p1a: Slowking|Chilly Reception|[premajor]
|move|p1a: Slowking|Chilly Reception|p1a: Slowking
|-weather|Snowscape
|
|t:|1779963625
|switch|p1a: Weezing|Weezing-Galar, F|100/100|[from] Chilly Reception
|-ability|p1a: Weezing|Neutralizing Gas
|
|-weather|Snowscape|[upkeep]
|-damage|p2a: Dragonite|0 fnt|[from] psn
|faint|p2a: Dragonite
|upkeep
|
|t:|1779963635
|switch|p2a: Snorlax|Snorlax, M|100/100
|-damage|p2a: Snorlax|88/100|[from] Stealth Rock
|turn|15
|
|t:|1779963639
|move|p1a: Weezing|Will-O-Wisp|p2a: Snorlax
|-status|p2a: Snorlax|brn
|move|p2a: Snorlax|Zen Headbutt|p1a: Weezing
|-supereffective|p1a: Weezing
|-damage|p1a: Weezing|82/100
|
|-weather|Snowscape|[upkeep]
|-damage|p2a: Snorlax|82/100 brn|[from] brn
|upkeep
|turn|16
|
|t:|1779963647
|-end|p1a: Weezing|ability: Neutralizing Gas
|switch|p1a: Kyurem|Kyurem|68/100 tox
|-ability|p1a: Kyurem|Pressure
|move|p2a: Snorlax|Zen Headbutt|p1a: Kyurem
|-damage|p1a: Kyurem|61/100 tox
|
|-weather|Snowscape|[upkeep]
|-damage|p1a: Kyurem|55/100 tox|[from] psn
|-damage|p2a: Snorlax|76/100 brn|[from] brn
|upkeep
|turn|17
|
|t:|1779963657
|move|p2a: Snorlax|Protect|p2a: Snorlax
|-singleturn|p2a: Snorlax|Protect
|move|p1a: Kyurem|Blizzard|p2a: Snorlax
|-activate|p2a: Snorlax|move: Protect
|
|-weather|Snowscape|[upkeep]
|-damage|p1a: Kyurem|42/100 tox|[from] psn
|-damage|p2a: Snorlax|70/100 brn|[from] brn
|upkeep
|turn|18
|
|t:|1779963669
|move|p1a: Kyurem|Blizzard|p2a: Snorlax
|-damage|p2a: Snorlax|19/100 brn
|move|p2a: Snorlax|Crunch|p1a: Kyurem
|-damage|p1a: Kyurem|36/100 tox
|-unboost|p1a: Kyurem|def|1
|
|-weather|none
|-damage|p1a: Kyurem|18/100 tox|[from] psn
|-damage|p2a: Snorlax|13/100 brn|[from] brn
|upkeep
|turn|19
|
|t:|1779963678
|switch|p1a: Slowking|Slowking-Galar, F|95/100
|move|p2a: Snorlax|Rest|p2a: Snorlax
|-status|p2a: Snorlax|slp|[from] move: Rest
|-heal|p2a: Snorlax|100/100 slp|[silent]
|
|upkeep
|turn|20
|
|t:|1779963688
|move|p1a: Slowking|Future Sight|p2a: Snorlax
|-start|p1a: Slowking|move: Future Sight
|cant|p2a: Snorlax|slp
|
|upkeep
|turn|21
|
|t:|1779963692
|cant|p2a: Snorlax|slp
|-prepare|p1a: Slowking|Chilly Reception|[premajor]
|move|p1a: Slowking|Chilly Reception|p1a: Slowking
|-weather|Snowscape
|
|t:|1779963694
|switch|p1a: Ogerpon|Ogerpon, F|100/100|[from] Chilly Reception
|
|-weather|Snowscape|[upkeep]
|upkeep
|turn|22
|
|t:|1779963701
|move|p1a: Ogerpon|Ivy Cudgel|p2a: Snorlax
|-damage|p2a: Snorlax|50/100 slp
|-curestatus|p2a: Snorlax|slp|[msg]
|move|p2a: Snorlax|Crunch|p1a: Ogerpon
|-damage|p1a: Ogerpon|76/100
|
|-weather|Snowscape|[upkeep]
|-end|p2a: Snorlax|move: Future Sight
|-damage|p2a: Snorlax|24/100
|upkeep
|turn|23
|
|t:|1779963710
|move|p1a: Ogerpon|Ivy Cudgel|p2a: Snorlax
|-damage|p2a: Snorlax|0 fnt
|faint|p2a: Snorlax
|
|-weather|Snowscape|[upkeep]
|upkeep
|
|t:|1779963714
|switch|p2a: Blaziken|Blaziken, F|100/100
|-damage|p2a: Blaziken|88/100|[from] Stealth Rock
|turn|24
|
|t:|1779963718
|switch|p1a: Weezing|Weezing-Galar, F|82/100
|-ability|p1a: Weezing|Neutralizing Gas
|move|p2a: Blaziken|Flame Charge|p1a: Weezing
|-damage|p1a: Weezing|63/100
|-boost|p2a: Blaziken|spe|1
|
|-weather|Snowscape|[upkeep]
|upkeep
|turn|25
|
|t:|1779963728
|move|p2a: Blaziken|Flame Charge|p1a: Weezing
|-damage|p1a: Weezing|45/100
|-boost|p2a: Blaziken|spe|1
|move|p1a: Weezing|Strange Steam|p2a: Blaziken
|-damage|p2a: Blaziken|59/100
|
|-weather|none
|upkeep
|turn|26
|-message|Gheueherr forfeited.
|
|win|gymplacek123
|raw|Gheueherr's rating: 1110 &rarr; <strong>1083</strong><br />(-27 for losing)
|raw|gymplacek123's rating: 1089 &rarr; <strong>1117</strong><br />(+28 for winning)
|l|☆Gheueherr
|player|p1|
|l|☆gymplacek123
|player|p2|
