|j|☆wuben
|j|☆altarlights
|t:|1779848659
|gametype|singles
|player|p1|wuben|1|1149
|player|p2|altarlights|waiter-gen4|1089
|gen|9
|tier|[Gen 9] OU
|rated|
|rule|HP Percentage Mod: HP is shown in percentages
|rule|Endless Battle Clause: Forcing endless battles is banned
|rule|Species Clause: Limit one of each Pokémon
|rule|OHKO Clause: OHKO moves are banned
|rule|Evasion Items Clause: Evasion items are banned
|rule|Evasion Moves Clause: Evasion moves are banned
|rule|Evasion Abilities Clause: Evasion abilities are banned
|rule|Sleep Moves Clause: Sleep-inducing moves are banned
|clearpoke
|poke|p1|Darkrai|
|poke|p1|Clodsire, F|
|poke|p1|Arcanine-Hisui, M|
|poke|p1|Slowking-Galar, M|
|poke|p1|Kingambit, M|
|poke|p1|Zapdos|
|poke|p2|Pelipper, L99, F|
|poke|p2|Barraskewda, F|
|poke|p2|Raging Bolt|
|poke|p2|Golduck, F|
|poke|p2|Pawmot, F|
|poke|p2|Tentacruel, F|
|teampreview
|
|t:|1779848684
|teamsize|p1|6
|teamsize|p2|6
|start
|switch|p1a: Slowking|Slowking-Galar, M|100/100
|switch|p2a: Ghoti carrier|Pelipper, L99, F|100/100
|-weather|RainDance|[from] ability: Drizzle|[of] p2a: Ghoti carrier
|turn|1
|
|t:|1779848717
|move|p2a: Ghoti carrier|U-turn|p1a: Slowking
|-damage|p1a: Slowking|91/100
|
|t:|1779848720
|switch|p2a: Spaghetti Too|Tentacruel, F|100/100|[from] U-turn
|-prepare|p1a: Slowking|Chilly Reception|[premajor]
|move|p1a: Slowking|Chilly Reception|p1a: Slowking
|-weather|Snowscape
|
|t:|1779848754
|switch|p1a: Arcanine|Arcanine-Hisui, M|100/100|[from] Chilly Reception
|
|-weather|Snowscape|[upkeep]
|upkeep
|turn|2
|
|t:|1779848762
|switch|p2a: Ghoti carrier|Pelipper, L99, F|100/100
|-weather|RainDance|[from] ability: Drizzle|[of] p2a: Ghoti carrier
|move|p1a: Arcanine|Head Smash|p2a: Ghoti carrier
|-supereffective|p2a: Ghoti carrier
|-damage|p2a: Ghoti carrier|0 fnt
|faint|p2a: Ghoti carrier
|
|-weather|RainDance|[upkeep]
|upkeep
|
|t:|1779848770
|switch|p2a: ExSkewda Me|Barraskewda, F|100/100
|turn|3
|
|t:|1779848784
|switch|p1a: Clodsire|Clodsire, F|100/100
|move|p2a: ExSkewda Me|Close Combat|p1a: Clodsire
|-resisted|p1a: Clodsire
|-damage|p1a: Clodsire|84/100
|-unboost|p2a: ExSkewda Me|def|1
|-unboost|p2a: ExSkewda Me|spd|1
|
|-weather|RainDance|[upkeep]
|upkeep
|turn|4
|
|t:|1779848792
|switch|p2a: Seaking Duck|Golduck, F|100/100
|move|p1a: Clodsire|Stealth Rock|p2a: Seaking Duck
|-sidestart|p2: altarlights|move: Stealth Rock
|
|-weather|RainDance|[upkeep]
|upkeep
|turn|5
|
|t:|1779848809
|switch|p1a: Zapdos|Zapdos|100/100
|-ability|p1a: Zapdos|Pressure
|move|p2a: Seaking Duck|Nasty Plot|p2a: Seaking Duck
|-boost|p2a: Seaking Duck|spa|2
|
|-weather|RainDance|[upkeep]
|upkeep
|turn|6
|
|t:|1779848817
|move|p2a: Seaking Duck|Ice Beam|p1a: Zapdos
|-supereffective|p1a: Zapdos
|-damage|p1a: Zapdos|0 fnt
|faint|p1a: Zapdos
|-damage|p2a: Seaking Duck|91/100|[from] item: Life Orb
|
|-weather|RainDance|[upkeep]
|upkeep
|
|t:|1779848821
|switch|p1a: Arcanine|Arcanine-Hisui, M|100/100
|turn|7
|
|t:|1779848831
|move|p1a: Arcanine|Extreme Speed|p2a: Seaking Duck
|-damage|p2a: Seaking Duck|34/100
|move|p2a: Seaking Duck|Hydro Pump|p1a: Arcanine
|-supereffective|p1a: Arcanine
|-crit|p1a: Arcanine
|-damage|p1a: Arcanine|0 fnt
|faint|p1a: Arcanine
|-damage|p2a: Seaking Duck|24/100|[from] item: Life Orb
|
|-weather|RainDance|[upkeep]
|upkeep
|
|t:|1779848834
|switch|p1a: Slowking|Slowking-Galar, M|91/100
|turn|8
|
|t:|1779848837
|move|p2a: Seaking Duck|Hydro Pump|p1a: Slowking
|-damage|p1a: Slowking|0 fnt
|faint|p1a: Slowking
|-damage|p2a: Seaking Duck|14/100|[from] item: Life Orb
|
|-weather|RainDance|[upkeep]
|upkeep
|
|t:|1779848843
|switch|p1a: Kingambit|Kingambit, M|100/100
|-activate|p1a: Kingambit|ability: Supreme Overlord
|-start|p1a: Kingambit|fallen3|[silent]
|turn|9
|
|t:|1779848846
|move|p2a: Seaking Duck|Vacuum Wave|p1a: Kingambit
|-supereffective|p1a: Kingambit
|-damage|p1a: Kingambit|0 fnt
|faint|p1a: Kingambit
|-end|p1a: Kingambit|fallen3|[silent]
|-damage|p2a: Seaking Duck|4/100|[from] item: Life Orb
|
|-weather|none
|upkeep
|
|t:|1779848850
|switch|p1a: Darkrai|Darkrai|100/100
|turn|10
|
|t:|1779848856
|switch|p2a: Spaghetti Too|Tentacruel, F|100/100
|-damage|p2a: Spaghetti Too|88/100|[from] Stealth Rock
|-terastallize|p1a: Darkrai|Poison
|move|p1a: Darkrai|Dark Pulse|p2a: Spaghetti Too
|-damage|p2a: Spaghetti Too|72/100
|
|upkeep
|turn|11
|
|t:|1779848862
|move|p1a: Darkrai|Dark Pulse|p2a: Spaghetti Too
|-damage|p2a: Spaghetti Too|53/100
|move|p2a: Spaghetti Too|Rapid Spin|p1a: Darkrai
|-damage|p1a: Darkrai|90/100
|-boost|p2a: Spaghetti Too|spe|1
|-sideend|p2: altarlights|Stealth Rock|[from] move: Rapid Spin|[of] p2a: Spaghetti Too
|
|-heal|p1a: Darkrai|96/100|[from] item: Leftovers
|upkeep
|turn|12
|
|t:|1779848867
|move|p1a: Darkrai|Nasty Plot|p1a: Darkrai
|-boost|p1a: Darkrai|spa|2
|move|p2a: Spaghetti Too|Mirror Coat||[still]
|-fail|p2a: Spaghetti Too
|
|-heal|p1a: Darkrai|100/100|[from] item: Leftovers
|upkeep
|turn|13
|
|t:|1779848870
|move|p1a: Darkrai|Dark Pulse|p2a: Spaghetti Too
|-damage|p2a: Spaghetti Too|17/100
|move|p2a: Spaghetti Too|Mirror Coat|p1a: Darkrai
|-damage|p1a: Darkrai|6/100
|
|-heal|p1a: Darkrai|12/100|[from] item: Leftovers
|upkeep
|turn|14
|
|t:|1779848885
|move|p1a: Darkrai|Dark Pulse|p2a: Spaghetti Too
|-damage|p2a: Spaghetti Too|0 fnt
|faint|p2a: Spaghetti Too
|
|-heal|p1a: Darkrai|18/100|[from] item: Leftovers
|upkeep
|
|t:|1779848887
|switch|p2a: Great Neck|Raging Bolt|100/100
|turn|15
|
|t:|1779848897
|switch|p1a: Clodsire|Clodsire, F|84/100
|-terastallize|p2a: Great Neck|Fairy
|move|p2a: Great Neck|Draco Meteor|p1a: Clodsire
|-damage|p1a: Clodsire|23/100
|-unboost|p2a: Great Neck|spa|2
|
|upkeep
|turn|16
|
|t:|1779848904
|move|p2a: Great Neck|Weather Ball|p1a: Clodsire
|-damage|p1a: Clodsire|9/100
|move|p1a: Clodsire|Recover|p1a: Clodsire
|-heal|p1a: Clodsire|59/100
|
|upkeep
|turn|17
|
|t:|1779848908
|-end|p2a: Great Neck|Protosynthesis|[silent]
|switch|p2a: Really want eject|Pawmot, F|100/100
|move|p1a: Clodsire|Recover|p1a: Clodsire
|-heal|p1a: Clodsire|100/100
|
|upkeep
|turn|18
|
|t:|1779848914
|move|p2a: Really want eject|Encore|p1a: Clodsire
|-start|p1a: Clodsire|Encore
|move|p1a: Clodsire|Recover||[still]
|-fail|p1a: Clodsire|heal
|
|upkeep
|turn|19
|
|t:|1779848934
|switch|p1a: Darkrai|Darkrai, tera:Poison|18/100
|move|p2a: Really want eject|Revival Blessing|p2a: Really want eject
|-enditem|p2a: Really want eject|Leppa Berry|[eat]
|-activate|p2a: Really want eject|item: Leppa Berry|Revival Blessing|[consumed]
|
|t:|1779848938
|-heal|p2: Ghoti carrier|50/100|[from] move: Revival Blessing
|
|-heal|p1a: Darkrai|24/100|[from] item: Leftovers
|upkeep
|turn|20
|
|t:|1779848941
|move|p1a: Darkrai|Sludge Bomb|p2a: Really want eject
|-damage|p2a: Really want eject|30/100
|move|p2a: Really want eject|Nuzzle|p1a: Darkrai
|-crit|p1a: Darkrai
|-damage|p1a: Darkrai|9/100
|-status|p1a: Darkrai|par
|
|-heal|p1a: Darkrai|15/100 par|[from] item: Leftovers
|upkeep
|turn|21
|
|t:|1779848946
|move|p2a: Really want eject|Revival Blessing|p2a: Really want eject
|
|t:|1779848950
|-heal|p2: Spaghetti Too|50/100|[from] move: Revival Blessing
|move|p1a: Darkrai|Sludge Bomb|p2a: Really want eject
|-damage|p2a: Really want eject|0 fnt
|faint|p2a: Really want eject
|
|-heal|p1a: Darkrai|21/100 par|[from] item: Leftovers
|upkeep
|
|t:|1779848956
|switch|p2a: Ghoti carrier|Pelipper, L99, F|50/100
|-weather|RainDance|[from] ability: Drizzle|[of] p2a: Ghoti carrier
|turn|22
|
|t:|1779848966
|cant|p1a: Darkrai|par
|move|p2a: Ghoti carrier|Hurricane|p1a: Darkrai
|-damage|p1a: Darkrai|0 fnt
|faint|p1a: Darkrai
|
|-weather|RainDance|[upkeep]
|upkeep
|
|t:|1779848975
|switch|p1a: Clodsire|Clodsire, F|100/100
|turn|23
|
|t:|1779848977
|move|p2a: Ghoti carrier|Roost|p2a: Ghoti carrier
|-heal|p2a: Ghoti carrier|100/100
|-singleturn|p2a: Ghoti carrier|move: Roost
|move|p1a: Clodsire|Toxic|p2a: Ghoti carrier
|-status|p2a: Ghoti carrier|tox
|
|-weather|RainDance|[upkeep]
|-damage|p2a: Ghoti carrier|95/100 tox|[from] psn
|upkeep
|turn|24
|
|t:|1779848983
|move|p2a: Ghoti carrier|Hurricane|p1a: Clodsire
|-crit|p1a: Clodsire
|-damage|p1a: Clodsire|65/100
|-start|p1a: Clodsire|confusion
|-activate|p1a: Clodsire|confusion
|move|p1a: Clodsire|Stealth Rock|p2a: Ghoti carrier
|-sidestart|p2: altarlights|move: Stealth Rock
|
|-weather|RainDance|[upkeep]
|-damage|p2a: Ghoti carrier|83/100 tox|[from] psn
|upkeep
|turn|25
|
|t:|1779848987
|switch|p2a: Great Neck|Raging Bolt, tera:Fairy|100/100
|-damage|p2a: Great Neck|88/100|[from] Stealth Rock
|-activate|p1a: Clodsire|confusion
|-damage|p1a: Clodsire|59/100|[from] confusion
|
|-weather|RainDance|[upkeep]
|-heal|p2a: Great Neck|94/100|[from] item: Leftovers
|upkeep
|turn|26
|
|t:|1779848990
|move|p2a: Great Neck|Draco Meteor|p1a: Clodsire
|-damage|p1a: Clodsire|7/100
|-unboost|p2a: Great Neck|spa|2
|-end|p1a: Clodsire|confusion
|move|p1a: Clodsire|Earthquake|p2a: Great Neck
|-damage|p2a: Great Neck|68/100
|
|-weather|RainDance|[upkeep]
|-heal|p2a: Great Neck|74/100|[from] item: Leftovers
|upkeep
|turn|27
|
|t:|1779849034
|move|p2a: Great Neck|Draco Meteor|p1a: Clodsire
|-damage|p1a: Clodsire|0 fnt
|-unboost|p2a: Great Neck|spa|2
|faint|p1a: Clodsire
|
|win|altarlights
|raw|wuben's rating: 1149 &rarr; <strong>1120</strong><br />(-29 for losing)
|raw|altarlights's rating: 1089 &rarr; <strong>1120</strong><br />(+31 for winning)
|l|☆wuben
|player|p1|
