|j|☆tasthebot
|j|☆sterster
|t:|1779854630
|gametype|singles
|player|p1|tasthebot|2|1306
|player|p2|sterster|101|1373
|gen|9
|tier|[Gen 9] OU
|rated|
|rule|HP Percentage Mod: HP is shown in percentages
|rule|Endless Battle Clause: Forcing endless battles is banned
|rule|Species Clause: Limit one of each Pokémon
|rule|OHKO Clause: OHKO moves are banned
|rule|Evasion Items Clause: Evasion items are banned
|rule|Evasion Moves Clause: Evasion moves are banned
|rule|Evasion Abilities Clause: Evasion abilities are banned
|rule|Sleep Moves Clause: Sleep-inducing moves are banned
|clearpoke
|poke|p1|Great Tusk|
|poke|p1|Gholdengo|
|poke|p1|Moltres|
|poke|p1|Ogerpon, F|
|poke|p1|Walking Wake|
|poke|p1|Iron Hands|
|poke|p2|Iron Valiant|
|poke|p2|Weavile, F|
|poke|p2|Dragapult, F|
|poke|p2|Moltres|
|poke|p2|Ogerpon-Wellspring, F|
|poke|p2|Great Tusk|
|teampreview
|
|t:|1779854638
|teamsize|p1|6
|teamsize|p2|6
|start
|switch|p1a: Gholdengo|Gholdengo|100/100
|switch|p2a: Dragapult|Dragapult, F|100/100
|turn|1
|
|t:|1779854647
|move|p2a: Dragapult|U-turn|p1a: Gholdengo
|-resisted|p1a: Gholdengo
|-damage|p1a: Gholdengo|95/100
|inactive|Battle timer is ON: inactive players will automatically lose when time's up. (requested by tasthebot)
|
|t:|1779854670
|switch|p2a: Weavile|Weavile, F|100/100|[from] U-turn
|-ability|p2a: Weavile|Pressure
|move|p1a: Gholdengo|Trick|p2a: Weavile
|-activate|p1a: Gholdengo|move: Trick|[of] p2a: Weavile
|-item|p2a: Weavile|Toxic Orb|[from] move: Trick
|-item|p1a: Gholdengo|Heavy-Duty Boots|[from] move: Trick
|
|-status|p2a: Weavile|tox|[from] item: Toxic Orb
|upkeep
|turn|2
|
|t:|1779854689
|switch|p1a: Moltres|Moltres|100/100
|move|p2a: Weavile|Triple Axel|p1a: Moltres
|-damage|p1a: Moltres|91/100
|-damage|p1a: Moltres|74/100
|-damage|p1a: Moltres|49/100
|-hitcount|p1a: Moltres|3
|
|-damage|p2a: Weavile|94/100 tox|[from] psn
|upkeep
|turn|3
|
|t:|1779854713
|switch|p2a: Ogerpon|Ogerpon-Wellspring, F|100/100
|move|p1a: Moltres|Flamethrower|p2a: Ogerpon
|-damage|p2a: Ogerpon|41/100
|
|upkeep
|turn|4
|
|t:|1779854722
|switch|p1a: Ogerpon|Ogerpon, F|100/100
|move|p2a: Ogerpon|Ivy Cudgel|p1a: Ogerpon|[anim] Ivy Cudgel Water
|-resisted|p1a: Ogerpon
|-damage|p1a: Ogerpon|61/100
|
|upkeep
|turn|5
|
|t:|1779854733
|switch|p2a: Moltres|Moltres|100/100
|-terastallize|p1a: Ogerpon|Grass
|detailschange|p1a: Ogerpon|Ogerpon-Teal-Tera, F, tera:Grass
|-ability|p1a: Ogerpon|Embody Aspect (Teal)|boost
|-boost|p1a: Ogerpon|spe|1
|move|p1a: Ogerpon|U-turn|p2a: Moltres
|-resisted|p2a: Moltres
|-damage|p2a: Moltres|96/100
|-status|p1a: Ogerpon|brn|[from] ability: Flame Body|[of] p2a: Moltres
|-damage|p1a: Ogerpon|51/100 brn|[from] item: Life Orb
|
|t:|1779854742
|switch|p1a: Walking Wake|Walking Wake|100/100|[from] U-turn
|
|upkeep
|turn|6
|
|t:|1779854753
|switch|p2a: Ogerpon|Ogerpon-Wellspring, F|41/100
|move|p1a: Walking Wake|Hurricane|p2a: Ogerpon
|-supereffective|p2a: Ogerpon
|-damage|p2a: Ogerpon|0 fnt
|faint|p2a: Ogerpon
|
|upkeep
|
|t:|1779854768
|switch|p2a: Dragapult|Dragapult, F|100/100
|turn|7
|
|t:|1779854780
|-end|p1a: Walking Wake|Protosynthesis|[silent]
|switch|p1a: Gholdengo|Gholdengo|95/100
|move|p2a: Dragapult|Dragon Darts|p1a: Gholdengo
|-resisted|p1a: Gholdengo
|-damage|p1a: Gholdengo|83/100
|-anim|p2a: Dragapult|Dragon Darts|p1a: Gholdengo
|-resisted|p1a: Gholdengo
|-damage|p1a: Gholdengo|72/100
|
|upkeep
|turn|8
|
|t:|1779854796
|switch|p2a: Weavile|Weavile, F|94/100 tox
|-ability|p2a: Weavile|Pressure
|move|p1a: Gholdengo|Shadow Ball|p2a: Weavile
|-resisted|p2a: Weavile
|-damage|p2a: Weavile|67/100 tox
|-unboost|p2a: Weavile|spd|1
|
|-damage|p2a: Weavile|61/100 tox|[from] psn
|upkeep
|turn|9
|
|t:|1779854807
|move|p2a: Weavile|Swords Dance|p2a: Weavile
|-boost|p2a: Weavile|atk|2
|move|p1a: Gholdengo|Recover|p1a: Gholdengo
|-heal|p1a: Gholdengo|100/100
|
|-damage|p2a: Weavile|49/100 tox|[from] psn
|upkeep
|turn|10
|
|t:|1779854817
|switch|p1a: Iron Hands|Iron Hands|100/100
|move|p2a: Weavile|Knock Off|p1a: Iron Hands
|-resisted|p1a: Iron Hands
|-damage|p1a: Iron Hands|72/100
|-enditem|p1a: Iron Hands|Assault Vest|[from] move: Knock Off|[of] p2a: Weavile
|
|-damage|p2a: Weavile|31/100 tox|[from] psn
|upkeep
|turn|11
|
|t:|1779854826
|move|p2a: Weavile|Triple Axel|p1a: Iron Hands
|-damage|p1a: Iron Hands|59/100
|-damage|p1a: Iron Hands|35/100
|-damage|p1a: Iron Hands|0 fnt
|faint|p1a: Iron Hands
|-end|p1a: Iron Hands|Quark Drive|[silent]
|-hitcount|p1: Iron Hands|3
|
|-damage|p2a: Weavile|7/100 tox|[from] psn
|upkeep
|
|t:|1779854836
|switch|p1a: Walking Wake|Walking Wake|100/100
|turn|12
|
|t:|1779854845
|move|p1a: Walking Wake|Dragon Pulse|p2a: Weavile
|-damage|p2a: Weavile|0 fnt
|faint|p2a: Weavile
|
|upkeep
|
|t:|1779854848
|switch|p2a: Iron Valiant|Iron Valiant|100/100
|-enditem|p2a: Iron Valiant|Booster Energy
|-activate|p2a: Iron Valiant|ability: Quark Drive|[fromitem]
|-start|p2a: Iron Valiant|quarkdrivespe
|turn|13
|
|t:|1779854855
|-end|p1a: Walking Wake|Protosynthesis|[silent]
|switch|p1a: Moltres|Moltres|49/100
|move|p2a: Iron Valiant|Calm Mind|p2a: Iron Valiant
|-boost|p2a: Iron Valiant|spa|1
|-boost|p2a: Iron Valiant|spd|1
|
|upkeep
|turn|14
|
|t:|1779854867
|move|p2a: Iron Valiant|Moonblast|p1a: Moltres
|-resisted|p1a: Moltres
|-damage|p1a: Moltres|9/100
|move|p1a: Moltres|Air Slash|p2a: Iron Valiant|[miss]
|-miss|p1a: Moltres|p2a: Iron Valiant
|
|upkeep
|turn|15
|
|t:|1779854873
|move|p2a: Iron Valiant|Moonblast|p1a: Moltres
|-resisted|p1a: Moltres
|-damage|p1a: Moltres|0 fnt
|faint|p1a: Moltres
|
|upkeep
|
|t:|1779854887
|switch|p1a: Gholdengo|Gholdengo|100/100
|turn|16
|
|t:|1779854894
|-terastallize|p2a: Iron Valiant|Ghost
|move|p2a: Iron Valiant|Shadow Ball|p1a: Gholdengo
|-supereffective|p1a: Gholdengo
|-damage|p1a: Gholdengo|0 fnt
|faint|p1a: Gholdengo
|
|upkeep
|
|t:|1779854900
|switch|p1a: Great Tusk|Great Tusk|100/100
|turn|17
|
|t:|1779854905
|move|p2a: Iron Valiant|Moonblast|p1a: Great Tusk
|-supereffective|p1a: Great Tusk
|-damage|p1a: Great Tusk|0 fnt
|faint|p1a: Great Tusk
|-end|p1a: Great Tusk|Protosynthesis|[silent]
|
|upkeep
|-message|tasthebot forfeited.
|
|win|sterster
|raw|tasthebot's rating: 1306 &rarr; <strong>1290</strong><br />(-16 for losing)
|raw|sterster's rating: 1373 &rarr; <strong>1389</strong><br />(+16 for winning)
|l|☆sterster
|player|p2|
