|j|☆RedemptiveSketch
|j|☆zg4h11
|t:|1779803424
|gametype|singles
|player|p1|RedemptiveSketch|boarder-gen2|1708
|player|p2|zg4h11|101|1759
|gen|9
|tier|[Gen 9] OU
|rated|
|rule|HP Percentage Mod: HP is shown in percentages
|rule|Endless Battle Clause: Forcing endless battles is banned
|rule|Species Clause: Limit one of each Pokémon
|rule|OHKO Clause: OHKO moves are banned
|rule|Evasion Items Clause: Evasion items are banned
|rule|Evasion Moves Clause: Evasion moves are banned
|rule|Evasion Abilities Clause: Evasion abilities are banned
|rule|Sleep Moves Clause: Sleep-inducing moves are banned
|clearpoke
|poke|p1|Raging Bolt|
|poke|p1|Samurott-Hisui, M|
|poke|p1|Gholdengo|
|poke|p1|Great Tusk|
|poke|p1|Moltres|
|poke|p1|Ogerpon, F|
|poke|p2|Tyranitar, M|
|poke|p2|Excadrill, M|
|poke|p2|Iron Valiant|
|poke|p2|Dragapult, F|
|poke|p2|Zapdos|
|poke|p2|Hatterene, F|
|teampreview
|inactive|Battle timer is ON: inactive players will automatically lose when time's up. (requested by RedemptiveSketch)
|j| bingbong441
|inactive|RedemptiveSketch has 120 seconds left.
|
|t:|1779803461
|teamsize|p1|6
|teamsize|p2|6
|start
|switch|p1a: Samurott|Samurott-Hisui, M|100/100
|switch|p2a: Zapdos|Zapdos|100/100
|turn|1
|
|t:|1779803490
|move|p2a: Zapdos|Volt Switch|p1a: Samurott
|-supereffective|p1a: Samurott
|-damage|p1a: Samurott|48/100
|j| hattybatty304
|j| 0RickMountStrong
|
|t:|1779803494
|switch|p2a: Hatterene|Hatterene, F|100/100|[from] Volt Switch
|move|p1a: Samurott|Ceaseless Edge|p2a: Hatterene
|-damage|p2a: Hatterene|63/100
|-damage|p1a: Samurott|32/100|[from] item: Rocky Helmet|[of] p2a: Hatterene
|-sidestart|p2: zg4h11|Spikes
|
|upkeep
|turn|2
|
|t:|1779803516
|move|p1a: Samurott|Flip Turn|p2a: Hatterene
|-damage|p2a: Hatterene|44/100
|-damage|p1a: Samurott|15/100|[from] item: Rocky Helmet|[of] p2a: Hatterene
|inactive|RedemptiveSketch has 120 seconds left.
|inactive|RedemptiveSketch has 90 seconds left.
|l| hattybatty304
|inactive|RedemptiveSketch has 60 seconds left.
|
|t:|1779803599
|switch|p1a: Gholdengo|Gholdengo|100/100|[from] Flip Turn
|move|p2a: Hatterene|Draining Kiss|p1a: Gholdengo
|-resisted|p1a: Gholdengo
|-damage|p1a: Gholdengo|88/100
|-heal|p2a: Hatterene|53/100|[from] drain|[of] p1a: Gholdengo
|
|upkeep
|turn|3
|
|t:|1779803617
|switch|p2a: Zapdos|Zapdos|100/100
|move|p1a: Gholdengo|Make It Rain|p2a: Zapdos
|-resisted|p2a: Zapdos
|-damage|p2a: Zapdos|67/100
|-unboost|p1a: Gholdengo|spa|1
|
|upkeep
|turn|4
|
|t:|1779803627
|switch|p1a: Raging Bolt|Raging Bolt|100/100
|move|p2a: Zapdos|Volt Switch|p1a: Raging Bolt
|-resisted|p1a: Raging Bolt
|-damage|p1a: Raging Bolt|91/100
|
|t:|1779803636
|switch|p2a: Dragapult|Dragapult, F|100/100|[from] Volt Switch
|
|-heal|p1a: Raging Bolt|97/100|[from] item: Leftovers
|upkeep
|turn|5
|
|t:|1779803647
|move|p2a: Dragapult|U-turn|p1a: Raging Bolt
|-damage|p1a: Raging Bolt|83/100
|
|t:|1779803653
|switch|p2a: Iron Valiant|Iron Valiant, shiny|100/100|[from] U-turn
|-damage|p2a: Iron Valiant|88/100|[from] Spikes
|move|p1a: Raging Bolt|Dragon Pulse|p2a: Iron Valiant
|-immune|p2a: Iron Valiant
|
|-heal|p1a: Raging Bolt|89/100|[from] item: Leftovers
|upkeep
|turn|6
|
|t:|1779803662
|-end|p1a: Raging Bolt|Protosynthesis|[silent]
|switch|p1a: Samurott|Samurott-Hisui, M|15/100
|move|p2a: Iron Valiant|Moonblast|p1a: Samurott
|-supereffective|p1a: Samurott
|-damage|p1a: Samurott|0 fnt
|faint|p1a: Samurott
|
|upkeep
|j| Disscratch
|inactive|RedemptiveSketch has 60 seconds left.
|
|t:|1779803707
|switch|p1a: Ogerpon|Ogerpon, F|100/100
|turn|7
|
|t:|1779803718
|-end|p2a: Iron Valiant|Quark Drive|[silent]
|switch|p2a: Zapdos|Zapdos|67/100
|-terastallize|p1a: Ogerpon|Grass
|detailschange|p1a: Ogerpon|Ogerpon-Teal-Tera, F, tera:Grass
|-ability|p1a: Ogerpon|Embody Aspect (Teal)|boost
|-boost|p1a: Ogerpon|spe|1
|move|p1a: Ogerpon|Ivy Cudgel|p2a: Zapdos
|-resisted|p2a: Zapdos
|-damage|p2a: Zapdos|36/100
|
|upkeep
|turn|8
|inactive|RedemptiveSketch has 60 seconds left.
|
|t:|1779803732
|move|p1a: Ogerpon|Rock Tomb|p2a: Zapdos
|-supereffective|p2a: Zapdos
|-damage|p2a: Zapdos|0 fnt
|faint|p2a: Zapdos
|
|upkeep
|
|t:|1779803749
|switch|p2a: Hatterene|Hatterene, F|53/100
|-damage|p2a: Hatterene|41/100|[from] Spikes
|turn|9
|inactive|RedemptiveSketch has 60 seconds left.
|
|t:|1779803773
|switch|p1a: Raging Bolt|Raging Bolt|89/100
|move|p2a: Hatterene|Pain Split|p1a: Raging Bolt
|-sethp|p1a: Raging Bolt|60/100|[from] move: Pain Split|[silent]
|-sethp|p2a: Hatterene|79/100|[from] move: Pain Split
|
|-heal|p1a: Raging Bolt|66/100|[from] item: Leftovers
|upkeep
|turn|10
|
|t:|1779803781
|-end|p1a: Raging Bolt|Protosynthesis|[silent]
|switch|p1a: Gholdengo|Gholdengo|88/100
|move|p2a: Hatterene|Draining Kiss|p1a: Gholdengo
|-resisted|p1a: Gholdengo
|-damage|p1a: Gholdengo|75/100
|-heal|p2a: Hatterene|89/100|[from] drain|[of] p1a: Gholdengo
|
|upkeep
|turn|11
|inactive|RedemptiveSketch has 60 seconds left.
|
|t:|1779803798
|switch|p2a: Excadrill|Excadrill, M, shiny|100/100
|-damage|p2a: Excadrill|88/100|[from] Spikes
|move|p1a: Gholdengo|Make It Rain|p2a: Excadrill
|-resisted|p2a: Excadrill
|-damage|p2a: Excadrill|43/100
|-unboost|p1a: Gholdengo|spa|1
|
|-heal|p2a: Excadrill|49/100|[from] item: Leftovers
|upkeep
|turn|12
|inactive|RedemptiveSketch has 60 seconds left.
|
|t:|1779803809
|switch|p1a: Great Tusk|Great Tusk|100/100
|move|p2a: Excadrill|Substitute|p2a: Excadrill
|-start|p2a: Excadrill|Substitute
|-damage|p2a: Excadrill|24/100
|
|-heal|p2a: Excadrill|30/100|[from] item: Leftovers
|upkeep
|turn|13
|inactive|RedemptiveSketch has 60 seconds left.
|j| thepoowizard_md
|inactive|RedemptiveSketch has 30 seconds left.
|inactive|RedemptiveSketch has 20 seconds left.
|
|t:|1779803861
|move|p1a: Great Tusk|Ice Spinner|p2a: Excadrill
|-end|p2a: Excadrill|Substitute
|move|p2a: Excadrill|Rapid Spin|p1a: Great Tusk
|-damage|p1a: Great Tusk|87/100
|-boost|p2a: Excadrill|spe|1
|-sideend|p2: zg4h11|Spikes|[from] move: Rapid Spin|[of] p2a: Excadrill
|
|-heal|p2a: Excadrill|37/100|[from] item: Leftovers
|upkeep
|turn|14
|inactive|RedemptiveSketch has 30 seconds left this turn.
|
|t:|1779803890
|switch|p2a: Hatterene|Hatterene, F|89/100
|move|p1a: Great Tusk|Ice Spinner|p2a: Hatterene
|-damage|p2a: Hatterene|64/100
|-damage|p1a: Great Tusk|71/100|[from] item: Rocky Helmet|[of] p2a: Hatterene
|
|upkeep
|turn|15
|inactive|RedemptiveSketch has 30 seconds left.
|inactive|RedemptiveSketch has 20 seconds left.
|inactive|RedemptiveSketch has 15 seconds left.
|inactive|RedemptiveSketch has 10 seconds left.
|inactive|RedemptiveSketch has 5 seconds left.
|-message|RedemptiveSketch lost due to inactivity.
|
|win|zg4h11
|raw|RedemptiveSketch's rating: 1708 &rarr; <strong>1691</strong><br />(-17 for losing)
|raw|zg4h11's rating: 1759 &rarr; <strong>1776</strong><br />(+17 for winning)
|l|☆RedemptiveSketch
|player|p1|
|l| thepoowizard_md
|l| bingbong441
|l| Disscratch
