|j|☆juiicychiller
|j|☆smokesniper
|t:|1779925396
|gametype|singles
|player|p1|juiicychiller|clerk|1667
|player|p2|smokesniper|veteran|1673
|gen|9
|tier|[Gen 9] OU
|rated|
|rule|HP Percentage Mod: HP is shown in percentages
|rule|Endless Battle Clause: Forcing endless battles is banned
|rule|Species Clause: Limit one of each Pokémon
|rule|OHKO Clause: OHKO moves are banned
|rule|Evasion Items Clause: Evasion items are banned
|rule|Evasion Moves Clause: Evasion moves are banned
|rule|Evasion Abilities Clause: Evasion abilities are banned
|rule|Sleep Moves Clause: Sleep-inducing moves are banned
|clearpoke
|poke|p1|Slowking-Galar, F|
|poke|p1|Kyurem|
|poke|p1|Zapdos|
|poke|p1|Great Tusk|
|poke|p1|Cinderace, M|
|poke|p1|Kingambit, F|
|poke|p2|Indeedee, M|
|poke|p2|Gardevoir, M|
|poke|p2|Iron Crown|
|poke|p2|Hatterene, F|
|poke|p2|Hoopa-Unbound|
|poke|p2|Hawlucha, F|
|teampreview
|inactive|Battle timer is ON: inactive players will automatically lose when time's up. (requested by juiicychiller)
|j| VicBossMG
|
|t:|1779925418
|teamsize|p1|6
|teamsize|p2|6
|start
|switch|p1a: Slowking|Slowking-Galar, F|100/100
|switch|p2a: Indeedee|Indeedee, M|100/100
|-fieldstart|move: Psychic Terrain|[from] ability: Psychic Surge|[of] p2a: Indeedee
|turn|1
|j| darkrat18
|inactive|smokesniper has 120 seconds left.
|
|t:|1779925450
|switch|p2a: Hoopa|Hoopa-Unbound|100/100
|-enditem|p2a: Hoopa|Psychic Seed
|-boost|p2a: Hoopa|spd|1|[from] item: Psychic Seed
|move|p1a: Slowking|Thunder Wave|p2a: Hoopa
|-status|p2a: Hoopa|par
|
|upkeep
|turn|2
|
|t:|1779925466
|switch|p1a: Cinderace|Cinderace, M|100/100
|move|p2a: Hoopa|Trick Room|p2a: Hoopa
|-fieldstart|move: Trick Room|[of] p2a: Hoopa
|
|upkeep
|turn|3
|inactive|smokesniper has 120 seconds left.
|
|t:|1779925496
|move|p2a: Hoopa|Expanding Force|p1a: Cinderace
|-damage|p1a: Cinderace|0 fnt
|faint|p1a: Cinderace
|-item|p2a: Hoopa|Heavy-Duty Boots|[from] ability: Magician|[of] p1: Cinderace
|
|upkeep
|
|t:|1779925504
|switch|p1a: Kingambit|Kingambit, F|100/100
|-activate|p1a: Kingambit|ability: Supreme Overlord
|-start|p1a: Kingambit|fallen1|[silent]
|turn|4
|inactive|smokesniper has 120 seconds left.
|
|t:|1779925525
|-end|p1a: Kingambit|fallen1|[silent]
|switch|p1a: Slowking|Slowking-Galar, F|100/100
|move|p2a: Hoopa|Drain Punch|p1a: Slowking
|-resisted|p1a: Slowking
|-damage|p1a: Slowking|94/100
|
|upkeep
|turn|5
|
|t:|1779925532
|-prepare|p1a: Slowking|Chilly Reception|[premajor]
|move|p1a: Slowking|Chilly Reception|p1a: Slowking
|-weather|Snowscape
|
|t:|1779925536
|switch|p1a: Kingambit|Kingambit, F|100/100|[from] Chilly Reception
|-activate|p1a: Kingambit|ability: Supreme Overlord
|-start|p1a: Kingambit|fallen1|[silent]
|move|p2a: Hoopa|Hyperspace Fury|p1a: Kingambit
|-resisted|p1a: Kingambit
|-damage|p1a: Kingambit|78/100
|-unboost|p2a: Hoopa|def|1
|
|-weather|Snowscape|[upkeep]
|-heal|p1a: Kingambit|84/100|[from] item: Leftovers
|upkeep
|turn|6
|inactive|smokesniper has 120 seconds left.
|
|t:|1779925566
|move|p2a: Hoopa|Drain Punch|p1a: Kingambit
|-supereffective|p1a: Kingambit
|-damage|p1a: Kingambit|1/100
|move|p1a: Kingambit|Iron Head|p2a: Hoopa
|-damage|p2a: Hoopa|23/100 par
|
|-weather|Snowscape|[upkeep]
|-heal|p1a: Kingambit|7/100|[from] item: Leftovers
|-fieldend|move: Trick Room
|upkeep
|turn|7
|
|t:|1779925574
|move|p1a: Kingambit|Iron Head|p2a: Hoopa
|-damage|p2a: Hoopa|0 fnt
|faint|p2a: Hoopa
|
|-weather|Snowscape|[upkeep]
|-heal|p1a: Kingambit|13/100|[from] item: Leftovers
|upkeep
|inactive|smokesniper has 90 seconds left.
|
|t:|1779925606
|switch|p2a: Hawlucha|Hawlucha, F|100/100
|-enditem|p2a: Hawlucha|Psychic Seed
|-boost|p2a: Hawlucha|spd|1|[from] item: Psychic Seed
|turn|8
|
|t:|1779925611
|-end|p1a: Kingambit|fallen1|[silent]
|switch|p1a: Zapdos|Zapdos|100/100
|-terastallize|p2a: Hawlucha|Electric
|move|p2a: Hawlucha|Swords Dance|p2a: Hawlucha
|-boost|p2a: Hawlucha|atk|2
|
|-weather|Snowscape|[upkeep]
|-fieldend|move: Psychic Terrain
|upkeep
|turn|9
|
|t:|1779925627
|move|p2a: Hawlucha|Swords Dance|p2a: Hawlucha
|-boost|p2a: Hawlucha|atk|2
|move|p1a: Zapdos|Hurricane|p2a: Hawlucha
|-resisted|p2a: Hawlucha
|-damage|p2a: Hawlucha|78/100
|
|-weather|none
|upkeep
|turn|10
|inactive|juiicychiller has 120 seconds left.
|
|t:|1779925653
|move|p2a: Hawlucha|Acrobatics|p1a: Zapdos
|-resisted|p1a: Zapdos
|-damage|p1a: Zapdos|51/100
|-damage|p2a: Hawlucha|61/100|[from] item: Rocky Helmet|[of] p1a: Zapdos
|move|p1a: Zapdos|Hurricane|p2a: Hawlucha
|-resisted|p2a: Hawlucha
|-damage|p2a: Hawlucha|36/100
|
|upkeep
|turn|11
|
|t:|1779925665
|move|p2a: Hawlucha|Close Combat|p1a: Zapdos
|-resisted|p1a: Zapdos
|-damage|p1a: Zapdos|0 fnt
|-unboost|p2a: Hawlucha|def|1
|-unboost|p2a: Hawlucha|spd|1
|-damage|p2a: Hawlucha|19/100|[from] item: Rocky Helmet|[of] p1a: Zapdos
|faint|p1a: Zapdos
|
|upkeep
|
|t:|1779925671
|switch|p1a: Kingambit|Kingambit, F|13/100
|-activate|p1a: Kingambit|ability: Supreme Overlord
|-start|p1a: Kingambit|fallen2|[silent]
|turn|12
|
|t:|1779925674
|move|p2a: Hawlucha|Encore||[still]
|-fail|p2a: Hawlucha
|move|p1a: Kingambit|Iron Head|p2a: Hawlucha
|-resisted|p2a: Hawlucha
|-damage|p2a: Hawlucha|0 fnt
|faint|p2a: Hawlucha
|
|-heal|p1a: Kingambit|20/100|[from] item: Leftovers
|upkeep
|inactive|smokesniper has 120 seconds left.
|
|t:|1779925679
|switch|p2a: Indeedee|Indeedee, M|100/100
|-fieldstart|move: Psychic Terrain|[from] ability: Psychic Surge|[of] p2a: Indeedee
|turn|13
|inactive|smokesniper has 120 seconds left.
|
|t:|1779925695
|-end|p1a: Kingambit|fallen2|[silent]
|switch|p1a: Slowking|Slowking-Galar, F|100/100
|move|p2a: Indeedee|Dazzling Gleam|p1a: Slowking
|-resisted|p1a: Slowking
|-damage|p1a: Slowking|93/100
|
|upkeep
|turn|14
|
|t:|1779925700
|switch|p2a: Iron Crown|Iron Crown|100/100
|-enditem|p2a: Iron Crown|Booster Energy
|-activate|p2a: Iron Crown|ability: Quark Drive|[fromitem]
|-start|p2a: Iron Crown|quarkdrivespe
|move|p1a: Slowking|Thunder Wave|p2a: Iron Crown
|-status|p2a: Iron Crown|par
|
|upkeep
|turn|15
|
|t:|1779925707
|move|p2a: Iron Crown|Calm Mind|p2a: Iron Crown
|-boost|p2a: Iron Crown|spa|1
|-boost|p2a: Iron Crown|spd|1
|-prepare|p1a: Slowking|Chilly Reception|[premajor]
|move|p1a: Slowking|Chilly Reception|p1a: Slowking
|-weather|Snowscape
|
|t:|1779925720
|switch|p1a: Great Tusk|Great Tusk|100/100|[from] Chilly Reception
|
|-weather|Snowscape|[upkeep]
|upkeep
|turn|16
|inactive|smokesniper has 120 seconds left.
|
|t:|1779925749
|move|p1a: Great Tusk|Headlong Rush|p2a: Iron Crown
|-supereffective|p2a: Iron Crown
|-damage|p2a: Iron Crown|0 fnt
|-unboost|p1a: Great Tusk|def|1
|-unboost|p1a: Great Tusk|spd|1
|faint|p2a: Iron Crown
|-end|p2a: Iron Crown|Quark Drive|[silent]
|
|-weather|Snowscape|[upkeep]
|upkeep
|inactive|smokesniper has 120 seconds left.
|
|t:|1779925758
|switch|p2a: Hatterene|Hatterene, F|100/100
|turn|17
|
|t:|1779925763
|-end|p1a: Great Tusk|Protosynthesis|[silent]
|switch|p1a: Slowking|Slowking-Galar, F|100/100
|move|p2a: Hatterene|Expanding Force|p1a: Slowking
|-crit|p1a: Slowking
|-damage|p1a: Slowking|41/100
|
|-weather|Snowscape|[upkeep]
|upkeep
|turn|18
|
|t:|1779925771
|switch|p1a: Kingambit|Kingambit, F|20/100
|-activate|p1a: Kingambit|ability: Supreme Overlord
|-start|p1a: Kingambit|fallen2|[silent]
|move|p2a: Hatterene|Expanding Force|p1a: Kingambit
|-immune|p1a: Kingambit
|
|-weather|Snowscape|[upkeep]
|-heal|p1a: Kingambit|26/100|[from] item: Leftovers
|upkeep
|turn|19
|
|t:|1779925775
|move|p1a: Kingambit|Iron Head|p2a: Hatterene
|-supereffective|p2a: Hatterene
|-damage|p2a: Hatterene|9/100
|-enditem|p2a: Hatterene|Eject Button
|
|t:|1779925782
|switch|p2a: Gardevoir|Gardevoir, M|100/100
|-ability|p2a: Gardevoir|Supreme Overlord|Trace|[from] ability: Trace|[of] p1a: Kingambit
|-activate|p2a: Gardevoir|ability: Supreme Overlord
|-start|p2a: Gardevoir|fallen3|[silent]
|
|-weather|none
|-heal|p1a: Kingambit|32/100|[from] item: Leftovers
|upkeep
|turn|20
|
|t:|1779925793
|-end|p1a: Kingambit|fallen2|[silent]
|switch|p1a: Slowking|Slowking-Galar, F|74/100
|move|p2a: Gardevoir|Moonblast|p1a: Slowking
|-resisted|p1a: Slowking
|-damage|p1a: Slowking|57/100
|
|-fieldend|move: Psychic Terrain
|upkeep
|turn|21
|
|t:|1779925799
|-end|p2a: Gardevoir|fallen3|[silent]
|switch|p2a: Indeedee|Indeedee, M|100/100
|-fieldstart|move: Psychic Terrain|[from] ability: Psychic Surge|[of] p2a: Indeedee
|move|p1a: Slowking|Sludge Bomb|p2a: Indeedee
|-damage|p2a: Indeedee|53/100
|-status|p2a: Indeedee|psn
|
|-damage|p2a: Indeedee|41/100 psn|[from] psn
|upkeep
|turn|22
|j| nbird7
|
|t:|1779925811
|switch|p1a: Kingambit|Kingambit, F|32/100
|-activate|p1a: Kingambit|ability: Supreme Overlord
|-start|p1a: Kingambit|fallen2|[silent]
|move|p2a: Indeedee|Healing Wish|p2a: Indeedee
|faint|p2a: Indeedee
|
|-heal|p1a: Kingambit|38/100|[from] item: Leftovers
|upkeep
|
|t:|1779925813
|switch|p2a: Hatterene|Hatterene, F|9/100
|-heal|p2a: Hatterene|100/100|[from] move: Healing Wish
|turn|23
|l| nbird7
|
|t:|1779925819
|move|p1a: Kingambit|Iron Head|p2a: Hatterene
|-supereffective|p2a: Hatterene
|-damage|p2a: Hatterene|14/100
|cant|p2a: Hatterene|flinch
|
|-heal|p1a: Kingambit|44/100|[from] item: Leftovers
|upkeep
|turn|24
|
|t:|1779925825
|move|p1a: Kingambit|Iron Head|p2a: Hatterene
|-supereffective|p2a: Hatterene
|-damage|p2a: Hatterene|0 fnt
|faint|p2a: Hatterene
|
|-heal|p1a: Kingambit|50/100|[from] item: Leftovers
|upkeep
|
|t:|1779925826
|switch|p2a: Gardevoir|Gardevoir, M|100/100
|-ability|p2a: Gardevoir|Supreme Overlord|Trace|[from] ability: Trace|[of] p1a: Kingambit
|-activate|p2a: Gardevoir|ability: Supreme Overlord
|-start|p2a: Gardevoir|fallen5|[silent]
|turn|25
|
|t:|1779925844
|move|p2a: Gardevoir|Moonblast|p1a: Kingambit
|-damage|p1a: Kingambit|0 fnt
|faint|p1a: Kingambit
|-end|p1a: Kingambit|fallen2|[silent]
|
|upkeep
|
|t:|1779925849
|switch|p1a: Slowking|Slowking-Galar, F|90/100
|turn|26
|
|t:|1779925853
|move|p2a: Gardevoir|Expanding Force|p1a: Slowking
|-crit|p1a: Slowking
|-damage|p1a: Slowking|0 fnt
|faint|p1a: Slowking
|
|upkeep
|
|t:|1779925878
|switch|p1a: Great Tusk|Great Tusk|100/100
|turn|27
|
|t:|1779925882
|-terastallize|p1a: Great Tusk|Steel
|move|p2a: Gardevoir|Endure|p2a: Gardevoir
|-singleturn|p2a: Gardevoir|move: Endure
|move|p1a: Great Tusk|Headlong Rush|p2a: Gardevoir
|-activate|p2a: Gardevoir|move: Endure
|-damage|p2a: Gardevoir|1/100
|-unboost|p1a: Great Tusk|def|1
|-unboost|p1a: Great Tusk|spd|1
|-enditem|p2a: Gardevoir|Salac Berry|[eat]
|-boost|p2a: Gardevoir|spe|1|[from] item: Salac Berry
|
|upkeep
|turn|28
|
|t:|1779925903
|-end|p1a: Great Tusk|Protosynthesis|[silent]
|switch|p1a: blizzy|Kyurem|100/100
|-ability|p1a: blizzy|Pressure
|move|p2a: Gardevoir|Expanding Force|p1a: blizzy
|-damage|p1a: blizzy|0 fnt
|faint|p1a: blizzy
|
|-fieldend|move: Psychic Terrain
|upkeep
|
|t:|1779925907
|switch|p1a: Great Tusk|Great Tusk, tera:Steel|100/100
|turn|29
|
|t:|1779925910
|move|p2a: Gardevoir|Mystical Fire|p1a: Great Tusk
|-supereffective|p1a: Great Tusk
|-damage|p1a: Great Tusk|0 fnt
|faint|p1a: Great Tusk
|-end|p1a: Great Tusk|Protosynthesis|[silent]
|
|win|smokesniper
|raw|juiicychiller's rating: 1667 &rarr; <strong>1647</strong><br />(-20 for losing)
|raw|smokesniper's rating: 1673 &rarr; <strong>1693</strong><br />(+20 for winning)
|c|☆smokesniper|gg
|l|☆juiicychiller
|player|p1|
