|j|☆Srgtcobra
|j|☆perfecto123
|t:|1779815869
|gametype|singles
|player|p1|Srgtcobra|265|1514
|player|p2|perfecto123|1|1580
|gen|9
|tier|[Gen 9] OU
|rated|
|rule|HP Percentage Mod: HP is shown in percentages
|rule|Endless Battle Clause: Forcing endless battles is banned
|rule|Species Clause: Limit one of each Pokémon
|rule|OHKO Clause: OHKO moves are banned
|rule|Evasion Items Clause: Evasion items are banned
|rule|Evasion Moves Clause: Evasion moves are banned
|rule|Evasion Abilities Clause: Evasion abilities are banned
|rule|Sleep Moves Clause: Sleep-inducing moves are banned
|clearpoke
|poke|p1|Araquanid, F|
|poke|p1|Enamorus, F|
|poke|p1|Honchkrow, M|
|poke|p1|Iron Hands|
|poke|p1|Breloom, F|
|poke|p1|Gholdengo|
|poke|p2|Ribombee, M|
|poke|p2|Quaquaval, M|
|poke|p2|Hydreigon, F|
|poke|p2|Iron Moth|
|poke|p2|Skeledirge, M|
|poke|p2|Ogerpon-Wellspring, F|
|teampreview
|inactive|Battle timer is ON: inactive players will automatically lose when time's up. (requested by Srgtcobra)
|inactive|perfecto123 has 120 seconds left.
|inactive|perfecto123 has 90 seconds left.
|
|t:|1779815933
|teamsize|p1|6
|teamsize|p2|6
|start
|switch|p1a: Araquanid|Araquanid, F|100/100
|switch|p2a: Quaquaval|Quaquaval, M|100/100
|turn|1
|
|t:|1779815939
|switch|p1a: Enamorus|Enamorus, F|100/100
|move|p2a: Quaquaval|Aqua Step|p1a: Enamorus
|-damage|p1a: Enamorus|35/100
|-boost|p2a: Quaquaval|spe|1
|
|upkeep
|turn|2
|
|t:|1779815947
|switch|p1a: Araquanid|Araquanid, F|100/100
|-terastallize|p2a: Quaquaval|Fire
|move|p2a: Quaquaval|Aqua Step|p1a: Araquanid
|-resisted|p1a: Araquanid
|-damage|p1a: Araquanid|77/100
|-boost|p2a: Quaquaval|spe|1
|
|upkeep
|turn|3
|
|t:|1779815955
|move|p2a: Quaquaval|Bulk Up|p2a: Quaquaval
|-boost|p2a: Quaquaval|atk|1
|-boost|p2a: Quaquaval|def|1
|move|p1a: Araquanid|Surf|p2a: Quaquaval
|-supereffective|p2a: Quaquaval
|-damage|p2a: Quaquaval|0 fnt
|faint|p2a: Quaquaval
|
|upkeep
|
|t:|1779815966
|switch|p2a: Iron Moth|Iron Moth|100/100
|-enditem|p2a: Iron Moth|Booster Energy
|-activate|p2a: Iron Moth|ability: Quark Drive|[fromitem]
|-start|p2a: Iron Moth|quarkdrivespa
|turn|4
|
|t:|1779815972
|move|p2a: Iron Moth|Sludge Wave|p1a: Araquanid
|-damage|p1a: Araquanid|26/100
|move|p1a: Araquanid|Sticky Web|p2a: Iron Moth
|-sidestart|p2: perfecto123|move: Sticky Web
|
|upkeep
|turn|5
|
|t:|1779815977
|-end|p2a: Iron Moth|Quark Drive|[silent]
|switch|p2a: Ogerpon|Ogerpon-Wellspring, F|100/100
|-activate|p2a: Ogerpon|move: Sticky Web
|-unboost|p2a: Ogerpon|spe|1
|move|p1a: Araquanid|Surf|p2a: Ogerpon
|-immune|p2a: Ogerpon|[from] ability: Water Absorb
|
|upkeep
|turn|6
|
|t:|1779815985
|move|p2a: Ogerpon|Trailblaze|p1a: Araquanid
|-damage|p1a: Araquanid|0 fnt
|-boost|p2a: Ogerpon|spe|1
|faint|p1a: Araquanid
|
|upkeep
|
|t:|1779815991
|switch|p1a: Honchkrow|Honchkrow, M|100/100
|turn|7
|
|t:|1779815996
|move|p2a: Ogerpon|Play Rough|p1a: Honchkrow
|-supereffective|p1a: Honchkrow
|-damage|p1a: Honchkrow|0 fnt
|faint|p1a: Honchkrow
|
|upkeep
|
|t:|1779816000
|switch|p1a: Iron Hands|Iron Hands|100/100
|turn|8
|
|t:|1779816003
|move|p2a: Ogerpon|Swords Dance|p2a: Ogerpon
|-boost|p2a: Ogerpon|atk|2
|move|p1a: Iron Hands|Supercell Slam|p2a: Ogerpon
|-damage|p2a: Ogerpon|32/100
|
|upkeep
|turn|9
|
|t:|1779816013
|move|p2a: Ogerpon|Play Rough|p1a: Iron Hands
|-supereffective|p1a: Iron Hands
|-damage|p1a: Iron Hands|5/100
|move|p1a: Iron Hands|Supercell Slam|p2a: Ogerpon
|-damage|p2a: Ogerpon|0 fnt
|faint|p2a: Ogerpon
|
|upkeep
|
|t:|1779816023
|switch|p2a: Ribombee|Ribombee, M|100/100
|-activate|p2a: Ribombee|move: Sticky Web
|-unboost|p2a: Ribombee|spe|1
|turn|10
|
|t:|1779816027
|move|p2a: Ribombee|Tailwind|p2a: Ribombee
|-sidestart|p2: perfecto123|move: Tailwind
|move|p1a: Iron Hands|Heavy Slam|p2a: Ribombee
|-supereffective|p2a: Ribombee
|-enditem|p2a: Ribombee|Focus Sash
|-damage|p2a: Ribombee|1/100
|
|upkeep
|turn|11
|
|t:|1779816033
|-end|p1a: Iron Hands|Quark Drive|[silent]
|switch|p1a: Gholdengo|Gholdengo|100/100
|move|p2a: Ribombee|Sticky Web|p1a: Gholdengo
|-sidestart|p1: Srgtcobra|move: Sticky Web
|
|upkeep
|turn|12
|
|t:|1779816038
|move|p2a: Ribombee|Moonblast|p1a: Gholdengo
|-resisted|p1a: Gholdengo
|-damage|p1a: Gholdengo|80/100
|-unboost|p1a: Gholdengo|spa|1
|move|p1a: Gholdengo|Thunder Wave|p2a: Ribombee
|-status|p2a: Ribombee|par
|
|upkeep
|turn|13
|
|t:|1779816045
|move|p2a: Ribombee|Moonblast|p1a: Gholdengo
|-resisted|p1a: Gholdengo
|-damage|p1a: Gholdengo|61/100
|move|p1a: Gholdengo|Nasty Plot|p1a: Gholdengo
|-boost|p1a: Gholdengo|spa|2
|
|-sideend|p2: perfecto123|move: Tailwind
|upkeep
|turn|14
|
|t:|1779816053
|move|p1a: Gholdengo|Make It Rain|p2a: Ribombee
|-supereffective|p2a: Ribombee
|-damage|p2a: Ribombee|0 fnt
|-unboost|p1a: Gholdengo|spa|1
|faint|p2a: Ribombee
|
|upkeep
|
|t:|1779816059
|switch|p2a: Hydreigon|Hydreigon, F|100/100
|turn|15
|
|t:|1779816063
|move|p2a: Hydreigon|Dark Pulse|p1a: Gholdengo
|-supereffective|p1a: Gholdengo
|-damage|p1a: Gholdengo|0 fnt
|faint|p1a: Gholdengo
|-damage|p2a: Hydreigon|91/100|[from] item: Life Orb
|
|upkeep
|
|t:|1779816064
|switch|p1a: Breloom|Breloom, F|100/100
|-activate|p1a: Breloom|move: Sticky Web
|-unboost|p1a: Breloom|spe|1
|turn|16
|
|t:|1779816072
|switch|p2a: Skeledirge|Skeledirge, M|100/100
|-activate|p2a: Skeledirge|move: Sticky Web
|-unboost|p2a: Skeledirge|spe|1
|move|p1a: Breloom|Bulldoze|p2a: Skeledirge
|-supereffective|p2a: Skeledirge
|-damage|p2a: Skeledirge|38/100
|-unboost|p2a: Skeledirge|spe|1
|
|-heal|p2a: Skeledirge|44/100|[from] item: Leftovers
|upkeep
|turn|17
|
|t:|1779816085
|move|p1a: Breloom|Rock Tomb|p2a: Skeledirge
|-supereffective|p2a: Skeledirge
|-damage|p2a: Skeledirge|0 fnt
|faint|p2a: Skeledirge
|
|upkeep
|
|t:|1779816090
|switch|p2a: Iron Moth|Iron Moth|100/100
|-activate|p2a: Iron Moth|move: Sticky Web
|-unboost|p2a: Iron Moth|spe|1
|turn|18
|
|t:|1779816095
|move|p2a: Iron Moth|Fiery Dance|p1a: Breloom
|-supereffective|p1a: Breloom
|-damage|p1a: Breloom|0 fnt
|-boost|p2a: Iron Moth|spa|1
|faint|p1a: Breloom
|
|upkeep
|
|t:|1779816096
|switch|p1a: Enamorus|Enamorus, F|35/100
|turn|19
|
|t:|1779816103
|-terastallize|p1a: Enamorus|Fairy
|move|p1a: Enamorus|Earth Power|p2a: Iron Moth
|-supereffective|p2a: Iron Moth
|-damage|p2a: Iron Moth|0 fnt
|faint|p2a: Iron Moth
|-end|p2a: Iron Moth|Quark Drive|[silent]
|
|upkeep
|-message|perfecto123 forfeited.
|
|win|Srgtcobra
|raw|Srgtcobra's rating: 1514 &rarr; <strong>1538</strong><br />(+24 for winning)
|raw|perfecto123's rating: 1580 &rarr; <strong>1556</strong><br />(-24 for losing)
|l|☆perfecto123
|player|p2|
|l|☆Srgtcobra
|player|p1|
