|badge|p1|silver|gen9ou|30-9
|badge|p1|bronze|gen9pu|100-9
|uhtml|medal-msg|<div class="broadcast-blue">Curious what those medals under the avatar are? PS now has Ladder Seasons! For more information, check out the <a href="https://www.smogon.com/forums/threads/3740067/">thread on Smogon.</a></div>
|badge|p2|silver|gen9ou|30-9
|uhtml|medal-msg|<div class="broadcast-blue">Curious what those medals under the avatar are? PS now has Ladder Seasons! For more information, check out the <a href="https://www.smogon.com/forums/threads/3740067/">thread on Smogon.</a></div>
|j|☆Ceo O Wo Chien
|j|☆RedemptiveSketch
|t:|1779942971
|gametype|singles
|player|p1|Ceo O Wo Chien|fisherman-gen4|1894
|player|p2|RedemptiveSketch|boarder-gen2|1834
|gen|9
|tier|[Gen 9] OU
|rated|
|rule|HP Percentage Mod: HP is shown in percentages
|rule|Endless Battle Clause: Forcing endless battles is banned
|rule|Species Clause: Limit one of each Pokémon
|rule|OHKO Clause: OHKO moves are banned
|rule|Evasion Items Clause: Evasion items are banned
|rule|Evasion Moves Clause: Evasion moves are banned
|rule|Evasion Abilities Clause: Evasion abilities are banned
|rule|Sleep Moves Clause: Sleep-inducing moves are banned
|clearpoke
|poke|p1|Wo-Chien|
|poke|p1|Cresselia, F|
|poke|p1|Kingambit, M|
|poke|p1|Raging Bolt|
|poke|p1|Iron Treads|
|poke|p1|Ogerpon-Wellspring, F|
|poke|p2|Kingambit, M|
|poke|p2|Cinderace, F|
|poke|p2|Corviknight, F|
|poke|p2|Electrode-Hisui|
|poke|p2|Kyurem|
|poke|p2|Darkrai|
|teampreview
|inactive|Battle timer is ON: inactive players will automatically lose when time's up. (requested by RedemptiveSketch)
|inactive|Ceo O Wo Chien also wants the timer to be on.
|j| heatraniac
|c|☆Ceo O Wo Chien|electrode the goat
|c|☆Ceo O Wo Chien|hf
|c| heatraniac|frfr
|inactive|Ceo O Wo Chien has 120 seconds left.
|c|☆RedemptiveSketch|fr
|
|t:|1779943004
|teamsize|p1|6
|teamsize|p2|6
|start
|switch|p1a: Cresselia|Cresselia, F|100/100
|switch|p2a: Cinderace|Cinderace, F|100/100
|turn|1
|c|☆RedemptiveSketch|hf
|
|t:|1779943013
|switch|p2a: Electrode|Electrode-Hisui|100/100
|move|p1a: Cresselia|Thunder Wave|p2a: Electrode
|-immune|p2a: Electrode
|
|upkeep
|turn|2
|
|t:|1779943017
|switch|p1a: Iron Treads|Iron Treads|100/100
|move|p2a: Electrode|Volt Switch|p1a: Iron Treads
|-immune|p1a: Iron Treads
|
|upkeep
|turn|3
|
|t:|1779943020
|move|p2a: Electrode|Energy Ball|p1a: Iron Treads
|-damage|p1a: Iron Treads|67/100
|move|p1a: Iron Treads|Knock Off|p2a: Electrode
|-damage|p2a: Electrode|60/100
|-enditem|p2a: Electrode|Expert Belt|[from] move: Knock Off|[of] p1a: Iron Treads
|
|-heal|p1a: Iron Treads|73/100|[from] item: Leftovers
|upkeep
|turn|4
|j| Ryaanng
|
|t:|1779943027
|move|p2a: Electrode|Energy Ball|p1a: Iron Treads
|-damage|p1a: Iron Treads|37/100
|move|p1a: Iron Treads|Earthquake|p2a: Electrode
|-damage|p2a: Electrode|0 fnt
|faint|p2a: Electrode
|
|-heal|p1a: Iron Treads|44/100|[from] item: Leftovers
|upkeep
|
|t:|1779943039
|switch|p2a: Cinderace|Cinderace, F|100/100
|turn|5
|l| Ryaanng
|
|t:|1779943042
|-end|p1a: Iron Treads|Quark Drive|[silent]
|switch|p1a: Cresselia|Cresselia, F|100/100
|move|p2a: Cinderace|Pyro Ball|p1a: Cresselia
|-damage|p1a: Cresselia|68/100
|
|upkeep
|turn|6
|
|t:|1779943050
|switch|p2a: Kingambit|Kingambit, M|100/100
|-activate|p2a: Kingambit|ability: Supreme Overlord
|-start|p2a: Kingambit|fallen1|[silent]
|move|p1a: Cresselia|Thunder Wave|p2a: Kingambit
|-status|p2a: Kingambit|par
|
|upkeep
|turn|7
|
|t:|1779943057
|-end|p2a: Kingambit|fallen1|[silent]
|switch|p2a: Darkrai|Darkrai, shiny|100/100
|move|p1a: Cresselia|Moonlight|p1a: Cresselia
|-heal|p1a: Cresselia|100/100
|
|upkeep
|turn|8
|
|t:|1779943062
|switch|p2a: Kingambit|Kingambit, M|100/100 par
|-activate|p2a: Kingambit|ability: Supreme Overlord
|-start|p2a: Kingambit|fallen1|[silent]
|move|p1a: Cresselia|Thunder Wave|p2a: Kingambit
|-fail|p2a: Kingambit|par
|
|upkeep
|turn|9
|
|t:|1779943065
|switch|p1a: Escargoat|Wo-Chien|100/100
|-ability|p1a: Escargoat|Tablets of Ruin
|move|p2a: Kingambit|Kowtow Cleave|p1a: Escargoat
|-resisted|p1a: Escargoat
|-damage|p1a: Escargoat|85/100
|
|-heal|p1a: Escargoat|91/100|[from] item: Leftovers
|upkeep
|turn|10
|
|t:|1779943071
|move|p1a: Escargoat|Leech Seed|p2a: Kingambit
|-start|p2a: Kingambit|move: Leech Seed
|move|p2a: Kingambit|Iron Head|p1a: Escargoat
|-crit|p1a: Escargoat
|-damage|p1a: Escargoat|51/100
|
|-heal|p1a: Escargoat|57/100|[from] item: Leftovers
|-damage|p2a: Kingambit|88/100 par|[from] Leech Seed|[of] p1a: Escargoat
|-heal|p1a: Escargoat|70/100|[silent]
|upkeep
|turn|11
|
|t:|1779943075
|-end|p2a: Kingambit|fallen1|[silent]
|switch|p2a: Darkrai|Darkrai, shiny|100/100
|move|p1a: Escargoat|Stun Spore|p2a: Darkrai
|-status|p2a: Darkrai|par
|
|-heal|p1a: Escargoat|76/100|[from] item: Leftovers
|upkeep
|turn|12
|
|t:|1779943080
|switch|p1a: Iron Treads|Iron Treads|44/100
|move|p2a: Darkrai|Nasty Plot|p2a: Darkrai
|-boost|p2a: Darkrai|spa|2
|
|-heal|p1a: Iron Treads|50/100|[from] item: Leftovers
|upkeep
|turn|13
|
|t:|1779943083
|move|p1a: Iron Treads|Earthquake|p2a: Darkrai
|-damage|p2a: Darkrai|47/100 par
|move|p2a: Darkrai|Dark Pulse|p1a: Iron Treads
|-damage|p1a: Iron Treads|0 fnt
|faint|p1a: Iron Treads
|-end|p1a: Iron Treads|Quark Drive|[silent]
|
|upkeep
|
|t:|1779943085
|switch|p1a: Ogerpon|Ogerpon-Wellspring, F|100/100
|turn|14
|
|t:|1779943110
|switch|p2a: Corviknight|Corviknight, F|100/100
|-ability|p2a: Corviknight|Pressure
|move|p1a: Ogerpon|Ivy Cudgel|p2a: Corviknight|[anim] Ivy Cudgel Water
|-damage|p2a: Corviknight|71/100
|
|upkeep
|turn|15
|
|t:|1779943121
|switch|p1a: Cresselia|Cresselia, F|100/100
|switch|p2a: Darkrai|Darkrai, shiny|47/100 par
|
|upkeep
|turn|16
|
|t:|1779943126
|switch|p1a: Ogerpon|Ogerpon-Wellspring, F|100/100
|move|p2a: Darkrai|Dark Pulse|p1a: Ogerpon
|-damage|p1a: Ogerpon|57/100
|
|upkeep
|turn|17
|
|t:|1779943134
|switch|p2a: Corviknight|Corviknight, F|71/100
|-ability|p2a: Corviknight|Pressure
|move|p1a: Ogerpon|Ivy Cudgel|p2a: Corviknight|[anim] Ivy Cudgel Water
|-damage|p2a: Corviknight|44/100
|
|upkeep
|turn|18
|
|t:|1779943138
|move|p1a: Ogerpon|Synthesis|p1a: Ogerpon
|-heal|p1a: Ogerpon|100/100
|move|p2a: Corviknight|Roost|p2a: Corviknight
|-heal|p2a: Corviknight|94/100
|-singleturn|p2a: Corviknight|move: Roost
|
|upkeep
|turn|19
|
|t:|1779943144
|move|p1a: Ogerpon|Trailblaze|p2a: Corviknight
|-resisted|p2a: Corviknight
|-damage|p2a: Corviknight|90/100
|-boost|p1a: Ogerpon|spe|1
|-damage|p1a: Ogerpon|84/100|[from] item: Rocky Helmet|[of] p2a: Corviknight
|move|p2a: Corviknight|Iron Defense|p2a: Corviknight
|-boost|p2a: Corviknight|def|2
|
|upkeep
|turn|20
|
|t:|1779943155
|switch|p1a: Raging Bolt|Raging Bolt|100/100
|-enditem|p1a: Raging Bolt|Booster Energy
|-activate|p1a: Raging Bolt|ability: Protosynthesis|[fromitem]
|-start|p1a: Raging Bolt|protosynthesisspa
|switch|p2a: Darkrai|Darkrai, shiny|47/100 par
|
|upkeep
|turn|21
|
|t:|1779943159
|move|p1a: Raging Bolt|Dragon Pulse|p2a: Darkrai
|-damage|p2a: Darkrai|0 fnt
|faint|p2a: Darkrai
|
|upkeep
|
|t:|1779943162
|switch|p2a: Kyurem|Kyurem|100/100
|-ability|p2a: Kyurem|Pressure
|turn|22
|
|t:|1779943166
|move|p2a: Kyurem|Ice Beam|p1a: Raging Bolt
|-supereffective|p1a: Raging Bolt
|-damage|p1a: Raging Bolt|16/100
|move|p1a: Raging Bolt|Dragon Pulse|p2a: Kyurem
|-supereffective|p2a: Kyurem
|-damage|p2a: Kyurem|16/100
|
|upkeep
|turn|23
|
|t:|1779943174
|switch|p2a: Cinderace|Cinderace, F|100/100
|move|p1a: Raging Bolt|Thunderbolt|p2a: Cinderace
|-damage|p2a: Cinderace|1/100
|
|upkeep
|turn|24
|j| shadowisp
|c|☆RedemptiveSketch|gg
|c|☆RedemptiveSketch|i played like  a bot
|c|☆RedemptiveSketch|;-;
|
|t:|1779943187
|move|p2a: Cinderace|Pyro Ball|p1a: Raging Bolt
|-resisted|p1a: Raging Bolt
|-damage|p1a: Raging Bolt|0 fnt
|faint|p1a: Raging Bolt
|-end|p1a: Raging Bolt|Protosynthesis|[silent]
|
|upkeep
|c| heatraniac|wo chienuienly
|
|t:|1779943195
|switch|p1a: Cresselia|Cresselia, F|100/100
|turn|25
|
|t:|1779943198
|move|p2a: Cinderace|Pyro Ball|p1a: Cresselia
|-damage|p1a: Cresselia|71/100
|move|p1a: Cresselia|Ice Beam|p2a: Cinderace
|-resisted|p2a: Cinderace
|-damage|p2a: Cinderace|0 fnt
|faint|p2a: Cinderace
|
|upkeep
|
|t:|1779943207
|switch|p2a: Kyurem|Kyurem|16/100
|-ability|p2a: Kyurem|Pressure
|turn|26
|
|t:|1779943212
|move|p2a: Kyurem|Ice Beam|p1a: Cresselia
|-damage|p1a: Cresselia|38/100
|move|p1a: Cresselia|Thunder Wave|p2a: Kyurem
|-status|p2a: Kyurem|par
|
|upkeep
|turn|27
|
|t:|1779943216
|move|p1a: Cresselia|Moonlight|p1a: Cresselia
|-heal|p1a: Cresselia|88/100
|move|p2a: Kyurem|Ice Beam|p1a: Cresselia
|-damage|p1a: Cresselia|59/100
|-status|p1a: Cresselia|frz
|
|upkeep
|turn|28
|
|t:|1779943221
|switch|p1a: Kingambit|Kingambit, M|100/100
|-activate|p1a: Kingambit|ability: Supreme Overlord
|-start|p1a: Kingambit|fallen2|[silent]
|move|p2a: Kyurem|Ice Beam|p1a: Kingambit
|-resisted|p1a: Kingambit
|-damage|p1a: Kingambit|78/100
|
|upkeep
|turn|29
|inactive|RedemptiveSketch has 120 seconds left.
|c|☆Ceo O Wo Chien|dw im the goat of throwing
|inactive|RedemptiveSketch has 90 seconds left.
|
|t:|1779943284
|switch|p2a: Corviknight|Corviknight, F|90/100
|-ability|p2a: Corviknight|Pressure
|move|p1a: Kingambit|Kowtow Cleave|p2a: Corviknight
|-damage|p2a: Corviknight|47/100
|-damage|p1a: Kingambit|61/100|[from] item: Rocky Helmet|[of] p2a: Corviknight
|
|upkeep
|turn|30
|j| Mslaganjaestranja
|
|t:|1779943292
|-end|p1a: Kingambit|fallen2|[silent]
|switch|p1a: Escargoat|Wo-Chien|76/100
|-ability|p1a: Escargoat|Tablets of Ruin
|move|p2a: Corviknight|Roost|p2a: Corviknight
|-heal|p2a: Corviknight|97/100
|-singleturn|p2a: Corviknight|move: Roost
|
|-heal|p1a: Escargoat|82/100|[from] item: Leftovers
|upkeep
|turn|31
|
|t:|1779943301
|switch|p2a: Kyurem|Kyurem|16/100 par
|-ability|p2a: Kyurem|Pressure
|move|p1a: Escargoat|Stun Spore|p2a: Kyurem
|-fail|p2a: Kyurem|par
|
|-heal|p1a: Escargoat|88/100|[from] item: Leftovers
|upkeep
|turn|32
|
|t:|1779943308
|move|p1a: Escargoat|Protect|p1a: Escargoat
|-singleturn|p1a: Escargoat|Protect
|move|p2a: Kyurem|Ice Beam|p1a: Escargoat
|-activate|p1a: Escargoat|move: Protect
|
|-heal|p1a: Escargoat|95/100|[from] item: Leftovers
|upkeep
|turn|33
|
|t:|1779943313
|move|p1a: Escargoat|Foul Play|p2a: Kyurem
|-damage|p2a: Kyurem|0 fnt
|faint|p2a: Kyurem
|
|-heal|p1a: Escargoat|100/100|[from] item: Leftovers
|upkeep
|inactive|RedemptiveSketch has 120 seconds left.
|
|t:|1779943329
|switch|p2a: Kingambit|Kingambit, M|88/100 par
|-activate|p2a: Kingambit|ability: Supreme Overlord
|-start|p2a: Kingambit|fallen4|[silent]
|turn|34
|
|t:|1779943344
|move|p1a: Escargoat|Leech Seed|p2a: Kingambit
|-start|p2a: Kingambit|move: Leech Seed
|move|p2a: Kingambit|Swords Dance|p2a: Kingambit
|-boost|p2a: Kingambit|atk|2
|
|-heal|p2a: Kingambit|94/100 par|[from] item: Leftovers
|-damage|p2a: Kingambit|82/100 par|[from] Leech Seed|[of] p1a: Escargoat
|upkeep
|turn|35
|
|t:|1779943350
|move|p1a: Escargoat|Foul Play|p2a: Kingambit
|-resisted|p2a: Kingambit
|-damage|p2a: Kingambit|43/100 par
|move|p2a: Kingambit|Iron Head|p1a: Escargoat
|-damage|p1a: Escargoat|33/100
|
|-heal|p1a: Escargoat|39/100|[from] item: Leftovers
|-heal|p2a: Kingambit|49/100 par|[from] item: Leftovers
|-damage|p2a: Kingambit|37/100 par|[from] Leech Seed|[of] p1a: Escargoat
|-heal|p1a: Escargoat|52/100|[silent]
|upkeep
|turn|36
|
|t:|1779943357
|-end|p2a: Kingambit|fallen4|[silent]
|switch|p2a: Corviknight|Corviknight, F|97/100
|-ability|p2a: Corviknight|Pressure
|move|p1a: Escargoat|Protect||[still]
|-fail|p1a: Escargoat
|
|-heal|p1a: Escargoat|58/100|[from] item: Leftovers
|upkeep
|turn|37
|
|t:|1779943361
|move|p1a: Escargoat|Stun Spore|p2a: Corviknight|[miss]
|-miss|p1a: Escargoat|p2a: Corviknight
|move|p2a: Corviknight|Iron Defense|p2a: Corviknight
|-boost|p2a: Corviknight|def|2
|
|-heal|p1a: Escargoat|64/100|[from] item: Leftovers
|upkeep
|turn|38
|
|t:|1779943365
|-terastallize|p1a: Escargoat|Poison
|move|p1a: Escargoat|Stun Spore|p2a: Corviknight|[miss]
|-miss|p1a: Escargoat|p2a: Corviknight
|move|p2a: Corviknight|Iron Defense|p2a: Corviknight
|-boost|p2a: Corviknight|def|2
|
|-heal|p1a: Escargoat|71/100|[from] item: Leftovers
|upkeep
|turn|39
|j| Dangmyronpa
|
|t:|1779943370
|move|p1a: Escargoat|Stun Spore|p2a: Corviknight
|-status|p2a: Corviknight|par
|cant|p2a: Corviknight|par
|
|-heal|p1a: Escargoat|77/100|[from] item: Leftovers
|upkeep
|turn|40
|
|t:|1779943372
|move|p1a: Escargoat|Leech Seed|p2a: Corviknight
|-start|p2a: Corviknight|move: Leech Seed
|move|p2a: Corviknight|Iron Defense|p2a: Corviknight
|-boost|p2a: Corviknight|def|2
|
|-heal|p1a: Escargoat|83/100|[from] item: Leftovers
|-damage|p2a: Corviknight|84/100 par|[from] Leech Seed|[of] p1a: Escargoat
|-heal|p1a: Escargoat|96/100|[silent]
|upkeep
|turn|41
|-message|RedemptiveSketch forfeited.
|
|win|Ceo O Wo Chien
|raw|Ceo O Wo Chien's rating: 1894 &rarr; <strong>1911</strong><br />(+17 for winning)
|raw|RedemptiveSketch's rating: 1834 &rarr; <strong>1817</strong><br />(-17 for losing)
|c|☆RedemptiveSketch|dude
|c|☆RedemptiveSketch|i lost so much today
|c|☆RedemptiveSketch|i was top 30 with fucking elec
|c| heatraniac|damnn whens the next rmt red
|c|☆RedemptiveSketch|bro when i get a good rank with the guy
|c|☆RedemptiveSketch|obv
|l| Mslaganjaestranja
|l|☆RedemptiveSketch
|player|p2|
|c|☆Ceo O Wo Chien|I cant lie electrode is super cool
|l| heatraniac
|l|☆Ceo O Wo Chien
|player|p1|
|l| Dangmyronpa
