|j|☆thegroovyboy
|j|☆PowPowP0WER
|t:|1779961145
|gametype|singles
|player|p1|thegroovyboy|169|1447
|player|p2|PowPowP0WER|pokemonbreederf-gen4|1486
|gen|9
|tier|[Gen 9] OU
|rated|
|rule|HP Percentage Mod: HP is shown in percentages
|rule|Endless Battle Clause: Forcing endless battles is banned
|rule|Species Clause: Limit one of each Pokémon
|rule|OHKO Clause: OHKO moves are banned
|rule|Evasion Items Clause: Evasion items are banned
|rule|Evasion Moves Clause: Evasion moves are banned
|rule|Evasion Abilities Clause: Evasion abilities are banned
|rule|Sleep Moves Clause: Sleep-inducing moves are banned
|clearpoke
|poke|p1|Clodsire, F|
|poke|p1|Gholdengo|
|poke|p1|Dragapult, M|
|poke|p1|Raging Bolt|
|poke|p1|Darkrai|
|poke|p1|Clefable, F|
|poke|p2|Rillaboom, F|
|poke|p2|Incineroar, F|
|poke|p2|Hawlucha, M|
|poke|p2|Iron Hands|
|poke|p2|Hoopa-Unbound|
|poke|p2|Quaquaval, M|
|teampreview
|inactive|Battle timer is ON: inactive players will automatically lose when time's up. (requested by thegroovyboy)
|
|t:|1779961157
|teamsize|p1|6
|teamsize|p2|6
|start
|switch|p1a: Clefable|Clefable, F|100/100
|switch|p2a: Incineroar|Incineroar, F|100/100
|-ability|p2a: Incineroar|Intimidate|boost
|-unboost|p1a: Clefable|atk|1
|turn|1
|
|t:|1779961160
|move|p2a: Incineroar|Knock Off|p1a: Clefable
|-resisted|p1a: Clefable
|-damage|p1a: Clefable|87/100
|-enditem|p1a: Clefable|Leftovers|[from] move: Knock Off|[of] p2a: Incineroar
|move|p1a: Clefable|Stealth Rock|p2a: Incineroar
|-sidestart|p2: PowPowP0WER|move: Stealth Rock
|
|upkeep
|turn|2
|
|t:|1779961170
|move|p1a: Clefable|Moonblast|p2a: Incineroar
|-damage|p2a: Incineroar|73/100
|move|p2a: Incineroar|Will-O-Wisp|p1a: Clefable|[miss]
|-miss|p2a: Incineroar|p1a: Clefable
|
|-heal|p2a: Incineroar|79/100|[from] item: Leftovers
|upkeep
|turn|3
|
|t:|1779961174
|move|p1a: Clefable|Moonblast|p2a: Incineroar
|-damage|p2a: Incineroar|49/100
|move|p2a: Incineroar|Parting Shot|p1a: Clefable
|-unboost|p1a: Clefable|atk|1
|-unboost|p1a: Clefable|spa|1
|
|t:|1779961185
|switch|p2a: Hoopa|Hoopa-Unbound|100/100|[from] Parting Shot
|-damage|p2a: Hoopa|88/100|[from] Stealth Rock
|
|upkeep
|turn|4
|
|t:|1779961193
|move|p2a: Hoopa|Psychic Noise|p1a: Clefable
|-damage|p1a: Clefable|42/100
|-start|p1a: Clefable|move: Heal Block
|move|p1a: Clefable|Moonblast|p2a: Hoopa
|-supereffective|p2a: Hoopa
|-crit|p2a: Hoopa
|-damage|p2a: Hoopa|48/100
|
|upkeep
|turn|5
|
|t:|1779961208
|move|p2a: Hoopa|Drain Punch|p1a: Clefable
|-resisted|p1a: Clefable
|-damage|p1a: Clefable|32/100
|-heal|p2a: Hoopa|53/100|[from] drain|[of] p1a: Clefable
|move|p1a: Clefable|Thunder Wave|p2a: Hoopa
|-status|p2a: Hoopa|par
|
|-end|p1a: Clefable|move: Heal Block
|upkeep
|turn|6
|
|t:|1779961215
|move|p1a: Clefable|Moonlight|p1a: Clefable
|-heal|p1a: Clefable|82/100
|move|p2a: Hoopa|Psychic Noise|p1a: Clefable
|-damage|p1a: Clefable|37/100
|-start|p1a: Clefable|move: Heal Block
|
|upkeep
|turn|7
|
|t:|1779961222
|switch|p1a: Darkrai|Darkrai|100/100
|move|p2a: Hoopa|Psychic Noise|p1a: Darkrai
|-immune|p1a: Darkrai
|
|upkeep
|turn|8
|
|t:|1779961232
|switch|p1a: Dragapult|Dragapult, M|100/100
|move|p2a: Hoopa|Drain Punch|p1a: Dragapult
|-immune|p1a: Dragapult
|
|upkeep
|turn|9
|
|t:|1779961237
|switch|p2a: Incineroar|Incineroar, F|49/100
|-damage|p2a: Incineroar|24/100|[from] Stealth Rock
|-ability|p2a: Incineroar|Intimidate|boost
|-unboost|p1a: Dragapult|atk|1
|move|p1a: Dragapult|U-turn|p2a: Incineroar
|-damage|p2a: Incineroar|16/100
|
|t:|1779961245
|switch|p1a: Darkrai|Darkrai|100/100|[from] U-turn
|
|-heal|p2a: Incineroar|22/100|[from] item: Leftovers
|upkeep
|turn|10
|
|t:|1779961248
|move|p1a: Darkrai|Dark Pulse|p2a: Incineroar
|-resisted|p2a: Incineroar
|-damage|p2a: Incineroar|3/100
|move|p2a: Incineroar|Will-O-Wisp|p1a: Darkrai
|-status|p1a: Darkrai|brn
|
|-heal|p2a: Incineroar|9/100|[from] item: Leftovers
|-damage|p1a: Darkrai|94/100 brn|[from] brn
|upkeep
|turn|11
|
|t:|1779961253
|move|p1a: Darkrai|Dark Pulse|p2a: Incineroar
|-resisted|p2a: Incineroar
|-damage|p2a: Incineroar|0 fnt
|faint|p2a: Incineroar
|
|-damage|p1a: Darkrai|88/100 brn|[from] brn
|upkeep
|
|t:|1779961255
|switch|p2a: Quaquaval|Quaquaval, M|100/100
|turn|12
|
|t:|1779961258
|move|p1a: Darkrai|Will-O-Wisp|p2a: Quaquaval
|-status|p2a: Quaquaval|brn
|move|p2a: Quaquaval|Aqua Step|p1a: Darkrai
|-damage|p1a: Darkrai|61/100 brn
|-boost|p2a: Quaquaval|spe|1
|
|-damage|p2a: Quaquaval|94/100 brn|[from] brn
|-damage|p1a: Darkrai|55/100 brn|[from] brn
|upkeep
|turn|13
|
|t:|1779961267
|switch|p1a: Raging Bolt|Raging Bolt|100/100
|-enditem|p1a: Raging Bolt|Booster Energy
|-activate|p1a: Raging Bolt|ability: Protosynthesis|[fromitem]
|-start|p1a: Raging Bolt|protosynthesisspa
|move|p2a: Quaquaval|Rapid Spin|p1a: Raging Bolt
|-damage|p1a: Raging Bolt|93/100
|-boost|p2a: Quaquaval|spe|1
|-sideend|p2: PowPowP0WER|Stealth Rock|[from] move: Rapid Spin|[of] p2a: Quaquaval
|
|-damage|p2a: Quaquaval|88/100 brn|[from] brn
|upkeep
|turn|14
|
|t:|1779961275
|move|p2a: Quaquaval|Triple Axel|p1a: Raging Bolt
|-supereffective|p1a: Raging Bolt
|-damage|p1a: Raging Bolt|86/100
|-supereffective|p1a: Raging Bolt
|-damage|p1a: Raging Bolt|74/100
|-supereffective|p1a: Raging Bolt
|-damage|p1a: Raging Bolt|55/100
|-hitcount|p1a: Raging Bolt|3
|move|p1a: Raging Bolt|Calm Mind|p1a: Raging Bolt
|-boost|p1a: Raging Bolt|spa|1
|-boost|p1a: Raging Bolt|spd|1
|
|-damage|p2a: Quaquaval|82/100 brn|[from] brn
|upkeep
|turn|15
|
|t:|1779961279
|switch|p2a: Hoopa|Hoopa-Unbound|53/100 par
|move|p1a: Raging Bolt|Thunderclap||[still]
|-fail|p1a: Raging Bolt
|
|upkeep
|turn|16
|
|t:|1779961282
|move|p1a: Raging Bolt|Thunderbolt|p2a: Hoopa
|-damage|p2a: Hoopa|4/100 par
|move|p2a: Hoopa|Dark Pulse|p1a: Raging Bolt
|-damage|p1a: Raging Bolt|25/100
|
|upkeep
|turn|17
|
|t:|1779961288
|move|p1a: Raging Bolt|Thunderbolt|p2a: Hoopa
|-damage|p2a: Hoopa|0 fnt
|faint|p2a: Hoopa
|
|upkeep
|
|t:|1779961291
|switch|p2a: Rillaboom|Rillaboom, F|100/100
|-fieldstart|move: Grassy Terrain|[from] ability: Grassy Surge|[of] p2a: Rillaboom
|turn|18
|
|t:|1779961294
|move|p2a: Rillaboom|Grassy Glide|p1a: Raging Bolt
|-resisted|p1a: Raging Bolt
|-damage|p1a: Raging Bolt|0 fnt
|faint|p1a: Raging Bolt
|-end|p1a: Raging Bolt|Protosynthesis|[silent]
|
|upkeep
|
|t:|1779961299
|switch|p1a: Dragapult|Dragapult, M|100/100
|turn|19
|
|t:|1779961302
|switch|p2a: Quaquaval|Quaquaval, M|82/100 brn
|move|p1a: Dragapult|Draco Meteor|p2a: Quaquaval
|-damage|p2a: Quaquaval|0 fnt
|-unboost|p1a: Dragapult|spa|2
|faint|p2a: Quaquaval
|
|upkeep
|
|t:|1779961305
|switch|p2a: Iron Hands|Iron Hands|100/100
|-enditem|p2a: Iron Hands|Booster Energy
|-activate|p2a: Iron Hands|ability: Quark Drive|[fromitem]
|-start|p2a: Iron Hands|quarkdriveatk
|turn|20
|
|t:|1779961313
|switch|p1a: Clefable|Clefable, F|37/100
|move|p2a: Iron Hands|Ice Punch|p1a: Clefable
|-damage|p1a: Clefable|6/100
|-status|p1a: Clefable|frz
|
|-heal|p1a: Clefable|12/100 frz|[from] Grassy Terrain
|upkeep
|turn|21
|
|t:|1779961319
|move|p2a: Iron Hands|Ice Punch|p1a: Clefable
|-damage|p1a: Clefable|0 fnt
|faint|p1a: Clefable
|
|upkeep
|
|t:|1779961324
|switch|p1a: Darkrai|Darkrai|55/100 brn
|turn|22
|
|t:|1779961333
|-terastallize|p2a: Iron Hands|Fire
|move|p1a: Darkrai|Will-O-Wisp|p2a: Iron Hands
|-immune|p2a: Iron Hands
|move|p2a: Iron Hands|Supercell Slam|p1a: Darkrai
|-damage|p1a: Darkrai|0 fnt
|faint|p1a: Darkrai
|
|-fieldend|move: Grassy Terrain
|upkeep
|
|t:|1779961343
|switch|p1a: Dragapult|Dragapult, M|100/100
|turn|23
|
|t:|1779961346
|move|p1a: Dragapult|Draco Meteor|p2a: Iron Hands
|-damage|p2a: Iron Hands|26/100
|-unboost|p1a: Dragapult|spa|2
|move|p2a: Iron Hands|Ice Punch|p1a: Dragapult
|-supereffective|p1a: Dragapult
|-damage|p1a: Dragapult|0 fnt
|faint|p1a: Dragapult
|
|upkeep
|
|t:|1779961357
|switch|p1a: Gholdengo|Gholdengo|100/100
|-item|p1a: Gholdengo|Air Balloon
|turn|24
|
|t:|1779961360
|move|p1a: Gholdengo|Hex|p2a: Iron Hands
|-damage|p2a: Iron Hands|3/100
|move|p2a: Iron Hands|Supercell Slam|p1a: Gholdengo
|-damage|p1a: Gholdengo|45/100
|-enditem|p1a: Gholdengo|Air Balloon
|
|upkeep
|turn|25
|
|t:|1779961367
|move|p1a: Gholdengo|Recover|p1a: Gholdengo
|-heal|p1a: Gholdengo|95/100
|move|p2a: Iron Hands|Supercell Slam|p1a: Gholdengo
|-damage|p1a: Gholdengo|44/100
|
|upkeep
|turn|26
|
|t:|1779961372
|move|p1a: Gholdengo|Recover|p1a: Gholdengo
|-heal|p1a: Gholdengo|94/100
|move|p2a: Iron Hands|Earthquake|p1a: Gholdengo
|-supereffective|p1a: Gholdengo
|-damage|p1a: Gholdengo|27/100
|
|upkeep
|turn|27
|
|t:|1779961375
|move|p1a: Gholdengo|Recover|p1a: Gholdengo
|-heal|p1a: Gholdengo|77/100
|move|p2a: Iron Hands|Earthquake|p1a: Gholdengo
|-supereffective|p1a: Gholdengo
|-damage|p1a: Gholdengo|7/100
|
|upkeep
|turn|28
|
|t:|1779961381
|move|p1a: Gholdengo|Hex|p2a: Iron Hands
|-damage|p2a: Iron Hands|0 fnt
|faint|p2a: Iron Hands
|-end|p2a: Iron Hands|Quark Drive|[silent]
|
|upkeep
|
|t:|1779961382
|switch|p2a: Rillaboom|Rillaboom, F|100/100
|-fieldstart|move: Grassy Terrain|[from] ability: Grassy Surge|[of] p2a: Rillaboom
|turn|29
|
|t:|1779961387
|move|p2a: Rillaboom|Grassy Glide|p1a: Gholdengo
|-resisted|p1a: Gholdengo
|-crit|p1a: Gholdengo
|-damage|p1a: Gholdengo|0 fnt
|faint|p1a: Gholdengo
|
|upkeep
|
|t:|1779961388
|switch|p1a: Clodsire|Clodsire, F|100/100
|turn|30
|
|t:|1779961395
|move|p2a: Rillaboom|Grassy Glide|p1a: Clodsire
|-damage|p1a: Clodsire|31/100
|move|p1a: Clodsire|Toxic|p2a: Rillaboom
|-status|p2a: Rillaboom|tox
|
|-heal|p1a: Clodsire|37/100|[from] Grassy Terrain
|-damage|p2a: Rillaboom|94/100 tox|[from] psn
|upkeep
|turn|31
|
|t:|1779961400
|-terastallize|p1a: Clodsire|Steel
|move|p2a: Rillaboom|Grassy Glide|p1a: Clodsire
|-resisted|p1a: Clodsire
|-damage|p1a: Clodsire|3/100
|move|p1a: Clodsire|Recover|p1a: Clodsire
|-heal|p1a: Clodsire|53/100
|
|-heal|p2a: Rillaboom|100/100 tox|[from] Grassy Terrain
|-heal|p1a: Clodsire|59/100|[from] Grassy Terrain
|-damage|p2a: Rillaboom|88/100 tox|[from] psn
|upkeep
|turn|32
|
|t:|1779961406
|switch|p2a: Hawlucha|Hawlucha, M|100/100
|-enditem|p2a: Hawlucha|Grassy Seed
|-boost|p2a: Hawlucha|def|1|[from] item: Grassy Seed
|move|p1a: Clodsire|Recover|p1a: Clodsire
|-heal|p1a: Clodsire|100/100
|
|upkeep
|turn|33
|
|t:|1779961408
|move|p2a: Hawlucha|Encore|p1a: Clodsire
|-start|p1a: Clodsire|Encore
|move|p1a: Clodsire|Recover||[still]
|-fail|p1a: Clodsire|heal
|
|-fieldend|move: Grassy Terrain
|upkeep
|turn|34
|-message|thegroovyboy forfeited.
|
|win|PowPowP0WER
|raw|thegroovyboy's rating: 1447 &rarr; <strong>1429</strong><br />(-18 for losing)
|raw|PowPowP0WER's rating: 1486 &rarr; <strong>1504</strong><br />(+18 for winning)
|l|☆thegroovyboy
|player|p1|
|l|☆PowPowP0WER
|player|p2|
