|j|☆Boxed by Po
|j|☆yungbanjostrap
|t:|1779845990
|gametype|singles
|player|p1|Boxed by Po|firebreather|1510
|player|p2|yungbanjostrap|266|1517
|gen|9
|tier|[Gen 9] OU
|rated|
|rule|HP Percentage Mod: HP is shown in percentages
|rule|Endless Battle Clause: Forcing endless battles is banned
|rule|Species Clause: Limit one of each Pokémon
|rule|OHKO Clause: OHKO moves are banned
|rule|Evasion Items Clause: Evasion items are banned
|rule|Evasion Moves Clause: Evasion moves are banned
|rule|Evasion Abilities Clause: Evasion abilities are banned
|rule|Sleep Moves Clause: Sleep-inducing moves are banned
|clearpoke
|poke|p1|Cinderace, F|
|poke|p1|Mandibuzz, F|
|poke|p1|Kyurem|
|poke|p1|Ting-Lu|
|poke|p1|Latias, F|
|poke|p1|Kingambit, M|
|poke|p2|Hoopa|
|poke|p2|Cinderace, F|
|poke|p2|Mandibuzz, F|
|poke|p2|Kyurem|
|poke|p2|Ting-Lu|
|poke|p2|Manaphy|
|teampreview
|inactive|Battle timer is ON: inactive players will automatically lose when time's up. (requested by Boxed by Po)
|
|t:|1779846004
|teamsize|p1|6
|teamsize|p2|6
|start
|switch|p1a: Tingle|Ting-Lu, shiny|100/100
|switch|p2a: Cinderace|Cinderace, F|100/100
|-ability|p1a: Tingle|Vessel of Ruin
|turn|1
|
|t:|1779846018
|move|p2a: Cinderace|High Jump Kick|p1a: Tingle
|-start|p2a: Cinderace|typechange|Fighting|[from] ability: Libero
|-supereffective|p1a: Tingle
|-damage|p1a: Tingle|26/100
|-enditem|p1a: Tingle|Weakness Policy
|-boost|p1a: Tingle|atk|2|[from] item: Weakness Policy
|-boost|p1a: Tingle|spa|2|[from] item: Weakness Policy
|move|p1a: Tingle|Earthquake|p2a: Cinderace
|-damage|p2a: Cinderace|0 fnt
|faint|p2a: Cinderace
|
|upkeep
|
|t:|1779846027
|switch|p2a: Kyurem|Kyurem|100/100
|-ability|p2a: Kyurem|Pressure
|turn|2
|
|t:|1779846030
|move|p2a: Kyurem|Earth Power|p1a: Tingle
|-damage|p1a: Tingle|7/100
|move|p1a: Tingle|Heavy Slam|p2a: Kyurem
|-supereffective|p2a: Kyurem
|-damage|p2a: Kyurem|21/100
|
|upkeep
|turn|3
|
|t:|1779846033
|move|p2a: Kyurem|Earth Power|p1a: Tingle
|-damage|p1a: Tingle|0 fnt
|faint|p1a: Tingle
|
|upkeep
|
|t:|1779846037
|switch|p1a: Materdaddy|Latias, F, shiny|100/100
|turn|4
|
|t:|1779846040
|switch|p2a: Hoopa|Hoopa|100/100
|move|p1a: Materdaddy|Calm Mind|p1a: Materdaddy
|-boost|p1a: Materdaddy|spa|1
|-boost|p1a: Materdaddy|spd|1
|
|upkeep
|turn|5
|
|t:|1779846046
|move|p1a: Materdaddy|Calm Mind|p1a: Materdaddy
|-boost|p1a: Materdaddy|spa|1
|-boost|p1a: Materdaddy|spd|1
|move|p2a: Hoopa|Shadow Ball|p1a: Materdaddy
|-supereffective|p1a: Materdaddy
|-damage|p1a: Materdaddy|62/100
|-enditem|p1a: Materdaddy|Weakness Policy
|-boost|p1a: Materdaddy|atk|2|[from] item: Weakness Policy
|-boost|p1a: Materdaddy|spa|2|[from] item: Weakness Policy
|
|upkeep
|turn|6
|
|t:|1779846049
|move|p1a: Materdaddy|Draining Kiss|p2a: Hoopa
|-damage|p2a: Hoopa|56/100
|-heal|p1a: Materdaddy|92/100|[from] drain|[of] p2a: Hoopa
|move|p2a: Hoopa|Shadow Ball|p1a: Materdaddy
|-supereffective|p1a: Materdaddy
|-damage|p1a: Materdaddy|56/100
|
|upkeep
|turn|7
|
|t:|1779846059
|-terastallize|p1a: Materdaddy|Fairy
|move|p1a: Materdaddy|Agility|p1a: Materdaddy
|-boost|p1a: Materdaddy|spe|2
|move|p2a: Hoopa|Calm Mind|p2a: Hoopa
|-boost|p2a: Hoopa|spa|1
|-boost|p2a: Hoopa|spd|1
|
|upkeep
|turn|8
|
|t:|1779846066
|move|p1a: Materdaddy|Stored Power|p2a: Hoopa
|-resisted|p2a: Hoopa
|-crit|p2a: Hoopa
|-damage|p2a: Hoopa|0 fnt
|faint|p2a: Hoopa
|
|upkeep
|
|t:|1779846071
|switch|p2a: Ting-Lucifer|Ting-Lu|100/100
|-ability|p2a: Ting-Lucifer|Vessel of Ruin
|turn|9
|c|☆Boxed by Po|gg
|
|t:|1779846075
|move|p1a: Materdaddy|Draining Kiss|p2a: Ting-Lucifer
|-supereffective|p2a: Ting-Lucifer
|-damage|p2a: Ting-Lucifer|0 fnt
|-heal|p1a: Materdaddy|100/100|[from] drain|[of] p2a: Ting-Lucifer
|faint|p2a: Ting-Lucifer
|
|upkeep
|-message|yungbanjostrap forfeited.
|
|win|Boxed by Po
|raw|Boxed by Po's rating: 1510 &rarr; <strong>1530</strong><br />(+20 for winning)
|raw|yungbanjostrap's rating: 1517 &rarr; <strong>1497</strong><br />(-20 for losing)
|l|☆yungbanjostrap
|player|p2|
|l|☆Boxed by Po
|player|p1|
