|j|☆DarkG99
|j|☆FireSide_01
|t:|1779940453
|gametype|singles
|player|p1|DarkG99|karen|1528
|player|p2|FireSide_01|janine|1537
|gen|9
|tier|[Gen 9] OU
|rated|
|rule|HP Percentage Mod: HP is shown in percentages
|rule|Endless Battle Clause: Forcing endless battles is banned
|rule|Species Clause: Limit one of each Pokémon
|rule|OHKO Clause: OHKO moves are banned
|rule|Evasion Items Clause: Evasion items are banned
|rule|Evasion Moves Clause: Evasion moves are banned
|rule|Evasion Abilities Clause: Evasion abilities are banned
|rule|Sleep Moves Clause: Sleep-inducing moves are banned
|clearpoke
|poke|p1|Kommo-o, M|
|poke|p1|Sinistcha-Masterpiece|
|poke|p1|Ninetales-Alola, F|
|poke|p1|Heatran, M|
|poke|p1|Maushold-Four|
|poke|p1|Ogerpon-Wellspring, F|
|poke|p2|Ninetales, F|
|poke|p2|Walking Wake|
|poke|p2|Typhlosion-Hisui, F|
|poke|p2|Great Tusk|
|poke|p2|Rillaboom, F|
|poke|p2|Raging Bolt|
|teampreview
|inactive|Battle timer is ON: inactive players will automatically lose when time's up. (requested by FireSide_01)
|
|t:|1779940459
|teamsize|p1|6
|teamsize|p2|6
|start
|switch|p1a: Maushold|Maushold-Four|100/100
|switch|p2a: Ninetales|Ninetales, F|100/100
|-weather|SunnyDay|[from] ability: Drought|[of] p2a: Ninetales
|turn|1
|
|t:|1779940466
|switch|p2a: Typhlosion|Typhlosion-Hisui, F|100/100
|move|p1a: Maushold|Switcheroo|p2a: Typhlosion
|-activate|p1a: Maushold|move: Trick|[of] p2a: Typhlosion
|-item|p2a: Typhlosion|Choice Scarf|[from] move: Switcheroo
|-item|p1a: Maushold|Choice Scarf|[from] move: Switcheroo
|
|-weather|SunnyDay|[upkeep]
|upkeep
|turn|2
|c|☆FireSide_01|🤝
|inactive|FireSide_01 has 120 seconds left.
|
|t:|1779940496
|switch|p1a: Heatran|Heatran, M|100/100
|move|p2a: Typhlosion|Focus Blast|p1a: Heatran
|-supereffective|p1a: Heatran
|-damage|p1a: Heatran|50/100
|
|-weather|SunnyDay|[upkeep]
|-heal|p1a: Heatran|56/100|[from] item: Leftovers
|upkeep
|turn|3
|
|t:|1779940502
|switch|p2a: Walking Wake|Walking Wake|100/100
|-activate|p2a: Walking Wake|ability: Protosynthesis
|-start|p2a: Walking Wake|protosynthesisspa
|move|p1a: Heatran|Stealth Rock|p2a: Walking Wake
|-sidestart|p2: FireSide_01|move: Stealth Rock
|
|-weather|SunnyDay|[upkeep]
|-heal|p1a: Heatran|62/100|[from] item: Leftovers
|upkeep
|turn|4
|
|t:|1779940513
|switch|p1a: Ninetales|Ninetales-Alola, F|100/100
|-weather|Snowscape|[from] ability: Snow Warning|[of] p1a: Ninetales
|-end|p2a: Walking Wake|Protosynthesis
|move|p2a: Walking Wake|Draco Meteor|p1a: Ninetales
|-immune|p1a: Ninetales
|
|-weather|Snowscape|[upkeep]
|upkeep
|turn|5
|
|t:|1779940519
|-end|p2a: Walking Wake|Protosynthesis|[silent]
|switch|p2a: Ninetales|Ninetales, F|100/100
|-damage|p2a: Ninetales|76/100|[from] Stealth Rock
|-weather|SunnyDay|[from] ability: Drought|[of] p2a: Ninetales
|move|p1a: Ninetales|Blizzard|p2a: Ninetales|[miss]
|-miss|p1a: Ninetales|p2a: Ninetales
|
|-weather|SunnyDay|[upkeep]
|upkeep
|turn|6
|
|t:|1779940530
|switch|p1a: Heatran|Heatran, M|62/100
|switch|p2a: Typhlosion|Typhlosion-Hisui, F|100/100
|-damage|p2a: Typhlosion|75/100|[from] Stealth Rock
|
|-weather|SunnyDay|[upkeep]
|-heal|p1a: Heatran|68/100|[from] item: Leftovers
|upkeep
|turn|7
|
|t:|1779940534
|switch|p2a: Raging Bolt|Raging Bolt|100/100
|-damage|p2a: Raging Bolt|88/100|[from] Stealth Rock
|-activate|p2a: Raging Bolt|ability: Protosynthesis
|-start|p2a: Raging Bolt|protosynthesisspa
|move|p1a: Heatran|Earth Power|p2a: Raging Bolt
|-supereffective|p2a: Raging Bolt
|-damage|p2a: Raging Bolt|57/100
|-unboost|p2a: Raging Bolt|spd|1
|
|-weather|SunnyDay|[upkeep]
|-heal|p1a: Heatran|75/100|[from] item: Leftovers
|upkeep
|turn|8
|
|t:|1779940539
|move|p2a: Raging Bolt|Volt Switch|p1a: Heatran
|-damage|p1a: Heatran|43/100
|
|t:|1779940542
|-end|p2a: Raging Bolt|Protosynthesis|[silent]
|switch|p2a: Rillaboom|Rillaboom, F|100/100|[from] Volt Switch
|-damage|p2a: Rillaboom|88/100|[from] Stealth Rock
|-fieldstart|move: Grassy Terrain|[from] ability: Grassy Surge|[of] p2a: Rillaboom
|move|p1a: Heatran|Earth Power|p2a: Rillaboom
|-resisted|p2a: Rillaboom
|-damage|p2a: Rillaboom|72/100
|-unboost|p2a: Rillaboom|spd|1
|
|-weather|SunnyDay|[upkeep]
|-heal|p2a: Rillaboom|78/100|[from] Grassy Terrain
|-heal|p1a: Heatran|49/100|[from] Grassy Terrain
|-heal|p1a: Heatran|55/100|[from] item: Leftovers
|upkeep
|turn|9
|
|t:|1779940548
|move|p2a: Rillaboom|Knock Off|p1a: Heatran
|-damage|p1a: Heatran|11/100
|-enditem|p1a: Heatran|Leftovers|[from] move: Knock Off|[of] p2a: Rillaboom
|move|p1a: Heatran|Magma Storm|p2a: Rillaboom|[miss]
|-miss|p1a: Heatran|p2a: Rillaboom
|
|-weather|SunnyDay|[upkeep]
|-heal|p2a: Rillaboom|84/100|[from] Grassy Terrain
|-heal|p1a: Heatran|17/100|[from] Grassy Terrain
|upkeep
|turn|10
|
|t:|1779940554
|move|p2a: Rillaboom|Knock Off|p1a: Heatran
|-damage|p1a: Heatran|0 fnt
|faint|p1a: Heatran
|
|-weather|SunnyDay|[upkeep]
|-heal|p2a: Rillaboom|91/100|[from] Grassy Terrain
|upkeep
|
|t:|1779940557
|switch|p1a: Ninetales|Ninetales-Alola, F|100/100
|-weather|Snowscape|[from] ability: Snow Warning|[of] p1a: Ninetales
|turn|11
|
|t:|1779940559
|switch|p2a: Ninetales|Ninetales, F|76/100
|-damage|p2a: Ninetales|51/100|[from] Stealth Rock
|-weather|SunnyDay|[from] ability: Drought|[of] p2a: Ninetales
|move|p1a: Ninetales|Blizzard|p2a: Ninetales
|-resisted|p2a: Ninetales
|-damage|p2a: Ninetales|30/100
|
|-weather|SunnyDay|[upkeep]
|-heal|p2a: Ninetales|36/100|[from] Grassy Terrain
|upkeep
|turn|12
|
|t:|1779940570
|switch|p1a: Maushold|Maushold-Four|100/100
|switch|p2a: Typhlosion|Typhlosion-Hisui, F|75/100
|-damage|p2a: Typhlosion|50/100|[from] Stealth Rock
|
|-weather|SunnyDay|[upkeep]
|-heal|p2a: Typhlosion|57/100|[from] Grassy Terrain
|-fieldend|move: Grassy Terrain
|upkeep
|turn|13
|
|t:|1779940581
|-terastallize|p2a: Typhlosion|Fire
|move|p1a: Maushold|Bite|p2a: Typhlosion
|-damage|p2a: Typhlosion|26/100
|move|p2a: Typhlosion|Flamethrower|p1a: Maushold
|-damage|p1a: Maushold|0 fnt
|faint|p1a: Maushold
|
|-weather|SunnyDay|[upkeep]
|upkeep
|
|t:|1779940597
|switch|p1a: Ninetales|Ninetales-Alola, F|100/100
|-weather|Snowscape|[from] ability: Snow Warning|[of] p1a: Ninetales
|turn|14
|
|t:|1779940604
|switch|p1a: Kommo-o|Kommo-o, M|100/100
|move|p2a: Typhlosion|Flamethrower|p1a: Kommo-o
|-resisted|p1a: Kommo-o
|-damage|p1a: Kommo-o|37/100
|-status|p1a: Kommo-o|brn
|-enditem|p1a: Kommo-o|Sitrus Berry|[eat]
|-heal|p1a: Kommo-o|62/100 brn|[from] item: Sitrus Berry
|
|-weather|Snowscape|[upkeep]
|-damage|p1a: Kommo-o|55/100 brn|[from] brn
|upkeep
|turn|15
|
|t:|1779940614
|move|p2a: Typhlosion|Flamethrower|p1a: Kommo-o
|-resisted|p1a: Kommo-o
|-damage|p1a: Kommo-o|0 fnt
|faint|p1a: Kommo-o
|
|-weather|Snowscape|[upkeep]
|upkeep
|
|t:|1779940616
|switch|p1a: Sinistcha|Sinistcha-Masterpiece|100/100
|turn|16
|
|t:|1779940629
|switch|p2a: Ninetales|Ninetales, F|36/100
|-damage|p2a: Ninetales|11/100|[from] Stealth Rock
|-weather|SunnyDay|[from] ability: Drought|[of] p2a: Ninetales
|move|p1a: Sinistcha|Hex|p2a: Ninetales
|-damage|p2a: Ninetales|0 fnt
|faint|p2a: Ninetales
|
|-weather|SunnyDay|[upkeep]
|upkeep
|
|t:|1779940638
|switch|p2a: Typhlosion|Typhlosion-Hisui, F, tera:Fire|26/100
|-damage|p2a: Typhlosion|1/100|[from] Stealth Rock
|turn|17
|
|t:|1779940660
|-terastallize|p1a: Sinistcha|Poison
|move|p2a: Typhlosion|Flamethrower|p1a: Sinistcha
|-damage|p1a: Sinistcha|8/100
|move|p1a: Sinistcha|Hex|p2a: Typhlosion
|-damage|p2a: Typhlosion|0 fnt
|faint|p2a: Typhlosion
|
|-weather|SunnyDay|[upkeep]
|upkeep
|
|t:|1779940667
|switch|p2a: Great Tusk|Great Tusk|100/100
|-activate|p2a: Great Tusk|ability: Protosynthesis
|-start|p2a: Great Tusk|protosynthesisspe
|turn|18
|
|t:|1779940672
|move|p2a: Great Tusk|Rapid Spin|p1a: Sinistcha
|-damage|p1a: Sinistcha|0 fnt
|-boost|p2a: Great Tusk|spe|1
|-damage|p2a: Great Tusk|84/100|[from] item: Rocky Helmet|[of] p1a: Sinistcha
|-sideend|p2: FireSide_01|Stealth Rock|[from] move: Rapid Spin|[of] p2a: Great Tusk
|faint|p1a: Sinistcha
|
|-weather|SunnyDay|[upkeep]
|upkeep
|
|t:|1779940674
|switch|p1a: Ninetales|Ninetales-Alola, F|100/100
|-weather|Snowscape|[from] ability: Snow Warning|[of] p1a: Ninetales
|-end|p2a: Great Tusk|Protosynthesis
|turn|19
|
|t:|1779940685
|move|p2a: Great Tusk|Headlong Rush|p1a: Ninetales
|-damage|p1a: Ninetales|50/100
|-unboost|p2a: Great Tusk|def|1
|-unboost|p2a: Great Tusk|spd|1
|move|p1a: Ninetales|Aurora Veil|p1a: Ninetales
|-sidestart|p1: DarkG99|move: Aurora Veil
|
|-weather|Snowscape|[upkeep]
|upkeep
|turn|20
|
|t:|1779940688
|move|p2a: Great Tusk|Headlong Rush|p1a: Ninetales
|-damage|p1a: Ninetales|23/100
|-unboost|p2a: Great Tusk|def|1
|-unboost|p2a: Great Tusk|spd|1
|move|p1a: Ninetales|Blizzard|p2a: Great Tusk
|-supereffective|p2a: Great Tusk
|-damage|p2a: Great Tusk|0 fnt
|faint|p2a: Great Tusk
|-end|p2a: Great Tusk|Protosynthesis|[silent]
|
|-weather|Snowscape|[upkeep]
|upkeep
|
|t:|1779940704
|switch|p2a: Raging Bolt|Raging Bolt|57/100
|turn|21
|
|t:|1779940706
|-end|p2a: Raging Bolt|Protosynthesis|[silent]
|switch|p2a: Walking Wake|Walking Wake|100/100
|move|p1a: Ninetales|Blizzard|p2a: Walking Wake
|-damage|p2a: Walking Wake|53/100
|
|-weather|Snowscape|[upkeep]
|upkeep
|turn|22
|
|t:|1779940714
|-end|p2a: Walking Wake|Protosynthesis|[silent]
|switch|p2a: Raging Bolt|Raging Bolt|57/100
|move|p1a: Ninetales|Freeze-Dry|p2a: Raging Bolt
|-supereffective|p2a: Raging Bolt
|-damage|p2a: Raging Bolt|20/100
|
|-weather|Snowscape|[upkeep]
|upkeep
|turn|23
|
|t:|1779940719
|move|p1a: Ninetales|Freeze-Dry|p2a: Raging Bolt
|-supereffective|p2a: Raging Bolt
|-damage|p2a: Raging Bolt|0 fnt
|faint|p2a: Raging Bolt
|-end|p2a: Raging Bolt|Protosynthesis|[silent]
|
|-weather|none
|upkeep
|
|t:|1779940723
|switch|p2a: Walking Wake|Walking Wake|53/100
|turn|24
|
|t:|1779940726
|move|p1a: Ninetales|Freeze-Dry|p2a: Walking Wake
|-supereffective|p2a: Walking Wake
|-damage|p2a: Walking Wake|0 fnt
|faint|p2a: Walking Wake
|-end|p2a: Walking Wake|Protosynthesis|[silent]
|
|upkeep
|
|t:|1779940728
|switch|p2a: Rillaboom|Rillaboom, F|91/100
|-fieldstart|move: Grassy Terrain|[from] ability: Grassy Surge|[of] p2a: Rillaboom
|turn|25
|
|t:|1779940731
|move|p2a: Rillaboom|Grassy Glide|p1a: Ninetales
|-damage|p1a: Ninetales|0 fnt
|faint|p1a: Ninetales
|
|-heal|p2a: Rillaboom|97/100|[from] Grassy Terrain
|upkeep
|
|t:|1779940735
|switch|p1a: Ogerpon|Ogerpon-Wellspring, F|100/100
|turn|26
|
|t:|1779940738
|move|p2a: Rillaboom|Grassy Glide|p1a: Ogerpon
|-damage|p1a: Ogerpon|63/100
|move|p1a: Ogerpon|Swords Dance|p1a: Ogerpon
|-boost|p1a: Ogerpon|atk|2
|
|-heal|p1a: Ogerpon|69/100|[from] Grassy Terrain
|-heal|p2a: Rillaboom|100/100|[from] Grassy Terrain
|-sideend|p1: DarkG99|move: Aurora Veil
|upkeep
|turn|27
|
|t:|1779940742
|move|p2a: Rillaboom|Grassy Glide|p1a: Ogerpon
|-damage|p1a: Ogerpon|0 fnt
|faint|p1a: Ogerpon
|
|win|FireSide_01
|raw|DarkG99's rating: 1528 &rarr; <strong>1509</strong><br />(-19 for losing)
|raw|FireSide_01's rating: 1537 &rarr; <strong>1556</strong><br />(+19 for winning)
|l|☆DarkG99
|player|p1|
|c|☆FireSide_01|gg
