|j|☆bamzilla12
|j|☆swl_kitkat
|t:|1779807662
|gametype|singles
|player|p1|bamzilla12|lucas-gen4pt|1330
|player|p2|swl_kitkat|pokemonbreederf-gen4|1327
|gen|9
|tier|[Gen 9] OU
|rated|
|rule|HP Percentage Mod: HP is shown in percentages
|rule|Endless Battle Clause: Forcing endless battles is banned
|rule|Species Clause: Limit one of each Pokémon
|rule|OHKO Clause: OHKO moves are banned
|rule|Evasion Items Clause: Evasion items are banned
|rule|Evasion Moves Clause: Evasion moves are banned
|rule|Evasion Abilities Clause: Evasion abilities are banned
|rule|Sleep Moves Clause: Sleep-inducing moves are banned
|clearpoke
|poke|p1|Muk-Alola, F|
|poke|p1|Ogerpon-Wellspring, F|
|poke|p1|Zapdos|
|poke|p1|Goodra-Hisui, F|
|poke|p1|Garchomp, M|
|poke|p1|Enamorus, F|
|poke|p2|Clawitzer, M|
|poke|p2|Cloyster, F|
|poke|p2|Dragapult, M|
|poke|p2|Polteageist|
|poke|p2|Cinderace, F|
|poke|p2|Zapdos|
|teampreview
|inactive|Battle timer is ON: inactive players will automatically lose when time's up. (requested by swl_kitkat)
|
|t:|1779807700
|teamsize|p1|6
|teamsize|p2|6
|start
|switch|p1a: Goodra|Goodra-Hisui, F|100/100
|switch|p2a: Clawitzer|Clawitzer, M|100/100
|turn|1
|
|t:|1779807703
|move|p2a: Clawitzer|Aura Sphere|p1a: Goodra
|-supereffective|p1a: Goodra
|-damage|p1a: Goodra|44/100
|-enditem|p1a: Goodra|Red Card|[of] p2a: Clawitzer
|drag|p2a: Polteageist|Polteageist|100/100
|move|p1a: Goodra|Thunder|p2a: Polteageist|[miss]
|-miss|p1a: Goodra|p2a: Polteageist
|
|upkeep
|turn|2
|
|t:|1779807713
|move|p2a: Polteageist|Shell Smash|p2a: Polteageist
|-unboost|p2a: Polteageist|def|1
|-unboost|p2a: Polteageist|spd|1
|-boost|p2a: Polteageist|atk|2
|-boost|p2a: Polteageist|spa|2
|-boost|p2a: Polteageist|spe|2
|move|p1a: Goodra|Thunder|p2a: Polteageist
|-damage|p2a: Polteageist|32/100
|
|upkeep
|turn|3
|
|t:|1779807724
|move|p2a: Polteageist|Shadow Ball|p1a: Goodra
|-damage|p1a: Goodra|0 fnt
|faint|p1a: Goodra
|
|upkeep
|
|t:|1779807727
|switch|p1a: Muk|Muk-Alola, F|100/100
|turn|4
|
|t:|1779807733
|move|p1a: Muk|Shadow Sneak|p2a: Polteageist
|-supereffective|p2a: Polteageist
|-damage|p2a: Polteageist|0 fnt
|faint|p2a: Polteageist
|
|upkeep
|
|t:|1779807739
|switch|p2a: Zapdos|Zapdos|100/100
|turn|5
|
|t:|1779807745
|move|p2a: Zapdos|Hurricane|p1a: Muk
|-damage|p1a: Muk|39/100
|move|p1a: Muk|Gunk Shot|p2a: Zapdos
|-damage|p2a: Zapdos|40/100
|
|-heal|p2a: Zapdos|46/100|[from] item: Leftovers
|-heal|p1a: Muk|45/100|[from] item: Black Sludge
|upkeep
|turn|6
|
|t:|1779807758
|move|p1a: Muk|Shadow Sneak|p2a: Zapdos
|-damage|p2a: Zapdos|34/100
|-status|p1a: Muk|par|[from] ability: Static|[of] p2a: Zapdos
|-status|p2a: Zapdos|psn|[from] ability: Poison Touch|[of] p1a: Muk
|move|p2a: Zapdos|Hurricane|p1a: Muk
|-damage|p1a: Muk|0 fnt
|faint|p1a: Muk
|
|-heal|p2a: Zapdos|40/100 psn|[from] item: Leftovers
|-damage|p2a: Zapdos|27/100 psn|[from] psn
|upkeep
|
|t:|1779807772
|switch|p1a: Zapdos|Zapdos|100/100
|turn|7
|
|t:|1779807775
|move|p1a: Zapdos|Protect|p1a: Zapdos
|-singleturn|p1a: Zapdos|Protect
|move|p2a: Zapdos|Thunderbolt|p1a: Zapdos
|-activate|p1a: Zapdos|move: Protect
|
|-heal|p2a: Zapdos|34/100 psn|[from] item: Leftovers
|-damage|p2a: Zapdos|21/100 psn|[from] psn
|upkeep
|turn|8
|
|t:|1779807788
|switch|p1a: Garchomp|Garchomp, M|100/100
|move|p2a: Zapdos|Roost|p2a: Zapdos
|-heal|p2a: Zapdos|71/100 psn
|-singleturn|p2a: Zapdos|move: Roost
|
|-heal|p2a: Zapdos|77/100 psn|[from] item: Leftovers
|-damage|p2a: Zapdos|65/100 psn|[from] psn
|upkeep
|turn|9
|
|t:|1779807799
|move|p1a: Garchomp|Stone Edge|p2a: Zapdos
|-supereffective|p2a: Zapdos
|-crit|p2a: Zapdos
|-damage|p2a: Zapdos|0 fnt
|faint|p2a: Zapdos
|
|upkeep
|
|t:|1779807802
|switch|p2a: Cloyster|Cloyster, F|100/100
|turn|10
|inactive|bamzilla12 has 120 seconds left.
|inactive|bamzilla12 has 90 seconds left.
|
|t:|1779807892
|-terastallize|p1a: Garchomp|Water
|-terastallize|p2a: Cloyster|Ghost
|move|p1a: Garchomp|Stone Edge|p2a: Cloyster
|-damage|p2a: Cloyster|70/100
|move|p2a: Cloyster|Shell Smash|p2a: Cloyster
|-unboost|p2a: Cloyster|def|1
|-unboost|p2a: Cloyster|spd|1
|-boost|p2a: Cloyster|atk|2
|-boost|p2a: Cloyster|spa|2
|-boost|p2a: Cloyster|spe|2
|-enditem|p2a: Cloyster|White Herb
|-clearnegativeboost|p2a: Cloyster|[silent]
|
|upkeep
|turn|11
|inactive|bamzilla12 has 60 seconds left.
|
|t:|1779807909
|move|p2a: Cloyster|Rock Blast|p1a: Garchomp
|-damage|p1a: Garchomp|85/100
|-crit|p1a: Garchomp
|-damage|p1a: Garchomp|62/100
|-damage|p1a: Garchomp|47/100
|-damage|p1a: Garchomp|32/100
|-damage|p1a: Garchomp|16/100
|-hitcount|p1a: Garchomp|5
|move|p1a: Garchomp|Liquidation|p2a: Cloyster
|-damage|p2a: Cloyster|27/100
|
|upkeep
|turn|12
|inactive|bamzilla12 has 60 seconds left.
|
|t:|1779807922
|move|p2a: Cloyster|Icicle Spear|p1a: Garchomp
|-resisted|p1a: Garchomp
|-damage|p1a: Garchomp|4/100
|-resisted|p1a: Garchomp
|-damage|p1a: Garchomp|0 fnt
|faint|p1a: Garchomp
|-hitcount|p1: Garchomp|2
|
|upkeep
|inactive|bamzilla12 has 60 seconds left.
|
|t:|1779807933
|switch|p1a: Enamorus|Enamorus, F|100/100
|turn|13
|
|t:|1779807937
|move|p2a: Cloyster|Icicle Spear|p1a: Enamorus
|-supereffective|p1a: Enamorus
|-damage|p1a: Enamorus|23/100
|-supereffective|p1a: Enamorus
|-damage|p1a: Enamorus|0 fnt
|faint|p1a: Enamorus
|-hitcount|p1: Enamorus|2
|
|upkeep
|inactive|bamzilla12 has 60 seconds left.
|
|t:|1779807950
|switch|p1a: Ogerpon|Ogerpon-Wellspring, F|100/100
|turn|14
|
|t:|1779807956
|move|p2a: Cloyster|Icicle Spear|p1a: Ogerpon
|-damage|p1a: Ogerpon|71/100
|-damage|p1a: Ogerpon|39/100
|-damage|p1a: Ogerpon|7/100
|-damage|p1a: Ogerpon|0 fnt
|faint|p1a: Ogerpon
|-hitcount|p1: Ogerpon|4
|
|upkeep
|
|t:|1779807959
|switch|p1a: Zapdos|Zapdos|100/100
|turn|15
|
|t:|1779807967
|move|p2a: Cloyster|Icicle Spear|p1a: Zapdos
|-supereffective|p1a: Zapdos
|-damage|p1a: Zapdos|54/100
|-supereffective|p1a: Zapdos
|-damage|p1a: Zapdos|10/100
|-supereffective|p1a: Zapdos
|-damage|p1a: Zapdos|0 fnt
|faint|p1a: Zapdos
|-hitcount|p1: Zapdos|3
|
|win|swl_kitkat
|raw|bamzilla12's rating: 1330 &rarr; <strong>1310</strong><br />(-20 for losing)
|raw|swl_kitkat's rating: 1327 &rarr; <strong>1347</strong><br />(+20 for winning)
|l|☆bamzilla12
|player|p1|
|l|☆swl_kitkat
|player|p2|
