|j|‽Leap Call
|j|☆Princessjosie1001!
|t:|1779825692
|gametype|singles
|player|p1|Leap Call|170|1384
|player|p2|Princessjosie1001!|nurse|1418
|gen|9
|tier|[Gen 9] OU
|rated|
|rule|HP Percentage Mod: HP is shown in percentages
|rule|Endless Battle Clause: Forcing endless battles is banned
|rule|Species Clause: Limit one of each Pokémon
|rule|OHKO Clause: OHKO moves are banned
|rule|Evasion Items Clause: Evasion items are banned
|rule|Evasion Moves Clause: Evasion moves are banned
|rule|Evasion Abilities Clause: Evasion abilities are banned
|rule|Sleep Moves Clause: Sleep-inducing moves are banned
|clearpoke
|poke|p1|Iron Crown|
|poke|p1|Lokix, F|
|poke|p1|Primarina, M|
|poke|p1|Zapdos|
|poke|p1|Cinderace, F|
|poke|p1|Pecharunt|
|poke|p2|Polteageist|
|poke|p2|Cloyster, M|
|poke|p2|Salazzle, F|
|poke|p2|Espeon, F|
|poke|p2|Alcremie, F|
|poke|p2|Dragonite, F|
|teampreview
|inactive|Battle timer is ON: inactive players will automatically lose when time's up. (requested by Leap Call)
|
|t:|1779825700
|teamsize|p1|6
|teamsize|p2|6
|start
|switch|p1a: Iron Crown|Iron Crown|100/100
|switch|p2a: Dragonite|Dragonite, F|100/100
|turn|1
|
|t:|1779825706
|move|p1a: Iron Crown|Volt Switch|p2a: Dragonite
|-damage|p2a: Dragonite|83/100
|
|t:|1779825709
|-end|p1a: Iron Crown|Quark Drive|[silent]
|switch|p1a: Pecharunt|Pecharunt|100/100|[from] Volt Switch
|move|p2a: Dragonite|Dragon Dance|p2a: Dragonite
|-boost|p2a: Dragonite|atk|1
|-boost|p2a: Dragonite|spe|1
|
|upkeep
|turn|2
|
|t:|1779825715
|-terastallize|p1a: Pecharunt|Ghost
|move|p2a: Dragonite|Earthquake|p1a: Pecharunt
|-damage|p1a: Pecharunt|58/100
|move|p1a: Pecharunt|Malignant Chain|p2a: Dragonite
|-damage|p2a: Dragonite|44/100
|
|upkeep
|turn|3
|
|t:|1779825724
|move|p2a: Dragonite|Dragon Claw|p1a: Pecharunt
|-damage|p1a: Pecharunt|9/100
|move|p1a: Pecharunt|Recover|p1a: Pecharunt
|-heal|p1a: Pecharunt|59/100
|
|upkeep
|turn|4
|
|t:|1779825734
|move|p2a: Dragonite|Dragon Dance|p2a: Dragonite
|-boost|p2a: Dragonite|atk|1
|-boost|p2a: Dragonite|spe|1
|move|p1a: Pecharunt|Recover|p1a: Pecharunt
|-heal|p1a: Pecharunt|100/100
|
|upkeep
|turn|5
|
|t:|1779825740
|move|p2a: Dragonite|Dragon Claw|p1a: Pecharunt
|-damage|p1a: Pecharunt|31/100
|move|p1a: Pecharunt|Malignant Chain|p2a: Dragonite
|-damage|p2a: Dragonite|5/100
|-status|p2a: Dragonite|tox
|-start|p2a: Dragonite|confusion|[from] ability: Poison Puppeteer|[of] p1a: Pecharunt
|
|-damage|p2a: Dragonite|0 fnt|[from] psn
|faint|p2a: Dragonite
|upkeep
|
|t:|1779825752
|switch|p2a: Salazzle|Salazzle, F|100/100
|turn|6
|
|t:|1779825772
|move|p2a: Salazzle|Flamethrower|p1a: Pecharunt
|-damage|p1a: Pecharunt|0 fnt
|faint|p1a: Pecharunt
|
|upkeep
|
|t:|1779825783
|switch|p1a: Zapdos|Zapdos, shiny|100/100
|turn|7
|
|t:|1779825788
|move|p2a: Salazzle|Toxic|p1a: Zapdos
|-status|p1a: Zapdos|tox
|move|p1a: Zapdos|Thunder Wave|p2a: Salazzle
|-status|p2a: Salazzle|par
|
|-damage|p1a: Zapdos|94/100 tox|[from] psn
|upkeep
|turn|8
|
|t:|1779825796
|switch|p2a: No hazard allowed|Espeon, F|100/100
|move|p1a: Zapdos|Volt Switch|p2a: No hazard allowed
|-damage|p2a: No hazard allowed|64/100
|
|t:|1779825800
|switch|p1a: Cinderace|Cinderace, F|100/100|[from] Volt Switch
|
|upkeep
|turn|9
|
|t:|1779825805
|move|p2a: No hazard allowed|Psychic|p1a: Cinderace
|-damage|p1a: Cinderace|27/100
|-unboost|p1a: Cinderace|spd|1
|move|p1a: Cinderace|U-turn|p2a: No hazard allowed
|-start|p1a: Cinderace|typechange|Bug|[from] ability: Libero
|-supereffective|p2a: No hazard allowed
|-damage|p2a: No hazard allowed|0 fnt
|faint|p2a: No hazard allowed
|
|t:|1779825811
|switch|p1a: Iron Crown|Iron Crown|100/100|[from] U-turn
|
|upkeep
|
|t:|1779825819
|switch|p2a: Salazzle|Salazzle, F|100/100 par
|turn|10
|
|t:|1779825829
|move|p1a: Iron Crown|Psyshock|p2a: Salazzle
|-supereffective|p2a: Salazzle
|-enditem|p2a: Salazzle|Focus Sash
|-damage|p2a: Salazzle|1/100 par
|move|p2a: Salazzle|Toxic|p1a: Iron Crown
|-status|p1a: Iron Crown|tox
|
|-damage|p1a: Iron Crown|94/100 tox|[from] psn
|upkeep
|turn|11
|
|t:|1779825838
|move|p1a: Iron Crown|Psyshock|p2a: Salazzle
|-supereffective|p2a: Salazzle
|-damage|p2a: Salazzle|0 fnt
|faint|p2a: Salazzle
|
|-damage|p1a: Iron Crown|82/100 tox|[from] psn
|upkeep
|
|t:|1779825845
|switch|p2a: Polteageist|Polteageist|100/100
|turn|12
|
|t:|1779825848
|move|p1a: Iron Crown|Psyshock|p2a: Polteageist
|-enditem|p2a: Polteageist|Focus Sash
|-damage|p2a: Polteageist|1/100
|move|p2a: Polteageist|Shell Smash|p2a: Polteageist
|-unboost|p2a: Polteageist|def|1
|-unboost|p2a: Polteageist|spd|1
|-boost|p2a: Polteageist|atk|2
|-boost|p2a: Polteageist|spa|2
|-boost|p2a: Polteageist|spe|2
|
|-damage|p1a: Iron Crown|63/100 tox|[from] psn
|upkeep
|turn|13
|
|t:|1779825859
|-end|p1a: Iron Crown|Quark Drive|[silent]
|switch|p1a: Zapdos|Zapdos, shiny|94/100 tox
|move|p2a: Polteageist|Shadow Ball|p1a: Zapdos
|-damage|p1a: Zapdos|0 fnt
|faint|p1a: Zapdos
|
|upkeep
|
|t:|1779825861
|switch|p1a: Lokix|Lokix, F, shiny|100/100
|turn|14
|
|t:|1779825867
|move|p1a: Lokix|First Impression|p2a: Polteageist
|-resisted|p2a: Polteageist
|-damage|p2a: Polteageist|0 fnt
|faint|p2a: Polteageist
|
|upkeep
|
|t:|1779825871
|switch|p2a: Alcremie|Alcremie, F|100/100
|turn|15
|
|t:|1779825875
|switch|p1a: Iron Crown|Iron Crown|63/100 tox
|move|p2a: Alcremie|Calm Mind|p2a: Alcremie
|-boost|p2a: Alcremie|spa|1
|-boost|p2a: Alcremie|spd|1
|
|-damage|p1a: Iron Crown|57/100 tox|[from] psn
|upkeep
|turn|16
|
|t:|1779825885
|-terastallize|p2a: Alcremie|Steel
|move|p1a: Iron Crown|Tachyon Cutter|p2a: Alcremie
|-resisted|p2a: Alcremie
|-damage|p2a: Alcremie|88/100
|-resisted|p2a: Alcremie
|-damage|p2a: Alcremie|77/100
|-hitcount|p2a: Alcremie|2
|move|p2a: Alcremie|Acid Armor|p2a: Alcremie
|-boost|p2a: Alcremie|def|2
|
|-damage|p1a: Iron Crown|44/100 tox|[from] psn
|upkeep
|turn|17
|
|t:|1779825898
|-end|p1a: Iron Crown|Quark Drive|[silent]
|switch|p1a: Primarina|Primarina, M|100/100
|move|p2a: Alcremie|Draining Kiss|p1a: Primarina
|-damage|p1a: Primarina|71/100
|-heal|p2a: Alcremie|100/100|[from] drain|[of] p1a: Primarina
|-damage|p2a: Alcremie|91/100|[from] item: Life Orb
|
|upkeep
|turn|18
|
|t:|1779825905
|move|p1a: Primarina|Psychic Noise|p2a: Alcremie
|-resisted|p2a: Alcremie
|-damage|p2a: Alcremie|81/100
|-block|p2a: Alcremie|ability: Aroma Veil|[of] p2a: Alcremie
|move|p2a: Alcremie|Calm Mind|p2a: Alcremie
|-boost|p2a: Alcremie|spa|1
|-boost|p2a: Alcremie|spd|1
|
|upkeep
|turn|19
|
|t:|1779825918
|move|p1a: Primarina|Surf|p2a: Alcremie
|-damage|p2a: Alcremie|53/100
|move|p2a: Alcremie|Acid Armor|p2a: Alcremie
|-boost|p2a: Alcremie|def|2
|
|upkeep
|turn|20
|
|t:|1779825924
|move|p1a: Primarina|Surf|p2a: Alcremie
|-damage|p2a: Alcremie|29/100
|move|p2a: Alcremie|Draining Kiss|p1a: Primarina
|-damage|p1a: Primarina|26/100
|-heal|p2a: Alcremie|69/100|[from] drain|[of] p1a: Primarina
|-damage|p2a: Alcremie|59/100|[from] item: Life Orb
|
|upkeep
|turn|21
|
|t:|1779825933
|move|p1a: Primarina|Surf|p2a: Alcremie
|-damage|p2a: Alcremie|23/100
|move|p2a: Alcremie|Calm Mind|p2a: Alcremie
|-boost|p2a: Alcremie|spa|1
|-boost|p2a: Alcremie|spd|1
|
|upkeep
|turn|22
|
|t:|1779825939
|move|p1a: Primarina|Surf|p2a: Alcremie
|-damage|p2a: Alcremie|0 fnt
|faint|p2a: Alcremie
|
|upkeep
|
|t:|1779825943
|switch|p2a: Cloyster|Cloyster, M|100/100
|turn|23
|
|t:|1779825947
|move|p2a: Cloyster|Rock Blast|p1a: Primarina|[miss]
|-miss|p2a: Cloyster|p1a: Primarina
|move|p1a: Primarina|Draining Kiss|p2a: Cloyster
|-damage|p2a: Cloyster|27/100
|-heal|p1a: Primarina|67/100|[from] drain|[of] p2a: Cloyster
|
|upkeep
|turn|24
|-message|Princessjosie1001! forfeited.
|
|win|Leap Call
|raw|Leap Call's rating: 1384 &rarr; <strong>1406</strong><br />(+22 for winning)
|raw|Princessjosie1001!'s rating: 1418 &rarr; <strong>1396</strong><br />(-22 for losing)
|l|☆Princessjosie1001!
|player|p2|
|l|‽Leap Call
|player|p1|
