|j|☆corruk
|j|☆seirgg
|t:|1779883790
|gametype|singles
|player|p1|corruk|2|1126
|player|p2|seirgg|janitor|1160
|gen|9
|tier|[Gen 9] OU
|rated|
|rule|HP Percentage Mod: HP is shown in percentages
|rule|Endless Battle Clause: Forcing endless battles is banned
|rule|Species Clause: Limit one of each Pokémon
|rule|OHKO Clause: OHKO moves are banned
|rule|Evasion Items Clause: Evasion items are banned
|rule|Evasion Moves Clause: Evasion moves are banned
|rule|Evasion Abilities Clause: Evasion abilities are banned
|rule|Sleep Moves Clause: Sleep-inducing moves are banned
|clearpoke
|poke|p1|Cramorant, F|
|poke|p1|Vaporeon, F|
|poke|p1|Mudsdale, F|
|poke|p1|Talonflame, F|
|poke|p1|Cinccino, M|
|poke|p1|Chandelure, M|
|poke|p2|Hoopa|
|poke|p2|Cinderace, F|
|poke|p2|Mandibuzz, F|
|poke|p2|Kyurem|
|poke|p2|Ting-Lu|
|poke|p2|Manaphy|
|teampreview
|
|t:|1779883794
|teamsize|p1|6
|teamsize|p2|6
|start
|switch|p1a: Chandelure|Chandelure, M|100/100
|switch|p2a: Cinderace|Cinderace, F|100/100
|turn|1
|inactive|Battle timer is ON: inactive players will automatically lose when time's up. (requested by seirgg)
|
|t:|1779883804
|move|p1a: Chandelure|Shadow Ball|p2a: Cinderace
|-damage|p2a: Cinderace|23/100
|move|p2a: Cinderace|U-turn|p1a: Chandelure
|-start|p2a: Cinderace|typechange|Bug|[from] ability: Libero
|-resisted|p1a: Chandelure
|-damage|p1a: Chandelure|89/100
|inactive|seirgg has 120 seconds left.
|
|t:|1779883838
|switch|p2a: Manaphy|Manaphy|100/100|[from] U-turn
|
|upkeep
|turn|2
|
|t:|1779883850
|move|p1a: Chandelure|Shadow Ball|p2a: Manaphy
|-damage|p2a: Manaphy|61/100
|move|p2a: Manaphy|Take Heart|p2a: Manaphy
|-boost|p2a: Manaphy|spa|1
|-boost|p2a: Manaphy|spd|1
|
|-heal|p2a: Manaphy|67/100|[from] item: Leftovers
|upkeep
|turn|3
|
|t:|1779883857
|switch|p1a: Cinccino|Cinccino, M|100/100
|move|p2a: Manaphy|Scald|p1a: Cinccino
|-damage|p1a: Cinccino|25/100
|
|-heal|p2a: Manaphy|73/100|[from] item: Leftovers
|upkeep
|turn|4
|
|t:|1779883868
|move|p1a: Cinccino|Bullet Seed|p2a: Manaphy
|-supereffective|p2a: Manaphy
|-damage|p2a: Manaphy|62/100
|-supereffective|p2a: Manaphy
|-damage|p2a: Manaphy|50/100
|-supereffective|p2a: Manaphy
|-damage|p2a: Manaphy|38/100
|-supereffective|p2a: Manaphy
|-damage|p2a: Manaphy|26/100
|-supereffective|p2a: Manaphy
|-damage|p2a: Manaphy|13/100
|-hitcount|p2a: Manaphy|5
|move|p2a: Manaphy|Scald|p1a: Cinccino
|-damage|p1a: Cinccino|0 fnt
|faint|p1a: Cinccino
|
|-heal|p2a: Manaphy|19/100|[from] item: Leftovers
|upkeep
|
|t:|1779883887
|switch|p1a: Chandelure|Chandelure, M|89/100
|turn|5
|
|t:|1779883901
|switch|p2a: Cinderace|Cinderace, F|23/100
|move|p1a: Chandelure|Energy Ball|p2a: Cinderace
|-resisted|p2a: Cinderace
|-damage|p2a: Cinderace|0 fnt
|faint|p2a: Cinderace
|
|upkeep
|
|t:|1779883907
|switch|p2a: Hoopa|Hoopa|100/100
|turn|6
|
|t:|1779883917
|switch|p1a: Vaporeon|Vaporeon, F|100/100
|move|p2a: Hoopa|Calm Mind|p2a: Hoopa
|-boost|p2a: Hoopa|spa|1
|-boost|p2a: Hoopa|spd|1
|
|upkeep
|turn|7
|
|t:|1779883922
|move|p2a: Hoopa|Substitute|p2a: Hoopa
|-start|p2a: Hoopa|Substitute
|-damage|p2a: Hoopa|76/100
|move|p1a: Vaporeon|Calm Mind|p1a: Vaporeon
|-boost|p1a: Vaporeon|spa|1
|-boost|p1a: Vaporeon|spd|1
|
|upkeep
|turn|8
|
|t:|1779883927
|move|p2a: Hoopa|Calm Mind|p2a: Hoopa
|-boost|p2a: Hoopa|spa|1
|-boost|p2a: Hoopa|spd|1
|move|p1a: Vaporeon|Scald|p2a: Hoopa
|-activate|p2a: Hoopa|move: Substitute|[damage]
|
|upkeep
|turn|9
|
|t:|1779883933
|move|p2a: Hoopa|Calm Mind|p2a: Hoopa
|-boost|p2a: Hoopa|spa|1
|-boost|p2a: Hoopa|spd|1
|move|p1a: Vaporeon|Scald|p2a: Hoopa
|-end|p2a: Hoopa|Substitute
|
|upkeep
|turn|10
|
|t:|1779883939
|move|p2a: Hoopa|Substitute|p2a: Hoopa
|-start|p2a: Hoopa|Substitute
|-damage|p2a: Hoopa|51/100
|move|p1a: Vaporeon|Acid Armor|p1a: Vaporeon
|-boost|p1a: Vaporeon|def|2
|
|upkeep
|turn|11
|
|t:|1779883944
|move|p2a: Hoopa|Calm Mind|p2a: Hoopa
|-boost|p2a: Hoopa|spa|1
|-boost|p2a: Hoopa|spd|1
|move|p1a: Vaporeon|Calm Mind|p1a: Vaporeon
|-boost|p1a: Vaporeon|spa|1
|-boost|p1a: Vaporeon|spd|1
|
|upkeep
|turn|12
|
|t:|1779883951
|move|p2a: Hoopa|Calm Mind|p2a: Hoopa
|-boost|p2a: Hoopa|spa|1
|-boost|p2a: Hoopa|spd|1
|move|p1a: Vaporeon|Scald|p2a: Hoopa
|-activate|p2a: Hoopa|move: Substitute|[damage]
|
|upkeep
|turn|13
|
|t:|1779883962
|move|p2a: Hoopa|Focus Blast|p1a: Vaporeon|[miss]
|-miss|p2a: Hoopa|p1a: Vaporeon
|move|p1a: Vaporeon|Scald|p2a: Hoopa
|-end|p2a: Hoopa|Substitute
|
|upkeep
|turn|14
|
|t:|1779883969
|move|p2a: Hoopa|Substitute|p2a: Hoopa
|-start|p2a: Hoopa|Substitute
|-damage|p2a: Hoopa|26/100
|move|p1a: Vaporeon|Scald|p2a: Hoopa
|-crit|p2a: Hoopa
|-end|p2a: Hoopa|Substitute
|
|upkeep
|turn|15
|
|t:|1779883977
|move|p2a: Hoopa|Focus Blast|p1a: Vaporeon|[miss]
|-miss|p2a: Hoopa|p1a: Vaporeon
|move|p1a: Vaporeon|Scald|p2a: Hoopa
|-damage|p2a: Hoopa|7/100
|-status|p2a: Hoopa|brn
|-enditem|p2a: Hoopa|Aguav Berry|[eat]
|-heal|p2a: Hoopa|40/100 brn|[from] item: Aguav Berry
|
|-damage|p2a: Hoopa|34/100 brn|[from] brn
|upkeep
|turn|16
|
|t:|1779883989
|move|p2a: Hoopa|Focus Blast|p1a: Vaporeon|[miss]
|-miss|p2a: Hoopa|p1a: Vaporeon
|move|p1a: Vaporeon|Calm Mind|p1a: Vaporeon
|-boost|p1a: Vaporeon|spa|1
|-boost|p1a: Vaporeon|spd|1
|
|-damage|p2a: Hoopa|28/100 brn|[from] brn
|upkeep
|turn|17
|
|t:|1779884000
|move|p2a: Hoopa|Focus Blast|p1a: Vaporeon
|-damage|p1a: Vaporeon|39/100
|-item|p2a: Hoopa|Leftovers|[from] ability: Magician|[of] p1a: Vaporeon
|move|p1a: Vaporeon|Scald|p2a: Hoopa
|-damage|p2a: Hoopa|4/100 brn
|
|-heal|p2a: Hoopa|11/100 brn|[from] item: Leftovers
|-damage|p2a: Hoopa|4/100 brn|[from] brn
|upkeep
|turn|18
|
|t:|1779884004
|move|p2a: Hoopa|Focus Blast|p1a: Vaporeon
|-damage|p1a: Vaporeon|0 fnt
|faint|p1a: Vaporeon
|
|-heal|p2a: Hoopa|11/100 brn|[from] item: Leftovers
|-damage|p2a: Hoopa|4/100 brn|[from] brn
|upkeep
|
|t:|1779884012
|switch|p1a: Chandelure|Chandelure, M|89/100
|turn|19
|
|t:|1779884017
|move|p1a: Chandelure|Shadow Ball|p2a: Hoopa
|-supereffective|p2a: Hoopa
|-damage|p2a: Hoopa|0 fnt
|faint|p2a: Hoopa
|
|upkeep
|
|t:|1779884033
|switch|p2a: Mandibuzz|Mandibuzz, F, shiny|100/100
|turn|20
|
|t:|1779884041
|switch|p1a: Mudsdale|Mudsdale, F, shiny|100/100
|move|p2a: Mandibuzz|Toxic|p1a: Mudsdale
|-status|p1a: Mudsdale|tox
|
|-damage|p1a: Mudsdale|94/100 tox|[from] psn
|upkeep
|turn|21
|
|t:|1779884052
|move|p2a: Mandibuzz|Foul Play|p1a: Mudsdale
|-damage|p1a: Mudsdale|51/100 tox
|-damage|p2a: Mandibuzz|84/100|[from] item: Rocky Helmet|[of] p1a: Mudsdale
|-ability|p1a: Mudsdale|Stamina|boost
|-boost|p1a: Mudsdale|def|1
|move|p1a: Mudsdale|Body Slam|p2a: Mandibuzz
|-damage|p2a: Mandibuzz|65/100
|-damage|p1a: Mudsdale|35/100 tox|[from] item: Rocky Helmet|[of] p2a: Mandibuzz
|
|-damage|p1a: Mudsdale|22/100 tox|[from] psn
|upkeep
|turn|22
|
|t:|1779884060
|move|p2a: Mandibuzz|Roost|p2a: Mandibuzz
|-heal|p2a: Mandibuzz|100/100
|-singleturn|p2a: Mandibuzz|move: Roost
|move|p1a: Mudsdale|Body Slam|p2a: Mandibuzz
|-damage|p2a: Mandibuzz|83/100
|-status|p2a: Mandibuzz|par
|-damage|p1a: Mudsdale|6/100 tox|[from] item: Rocky Helmet|[of] p2a: Mandibuzz
|
|-damage|p1a: Mudsdale|0 fnt|[from] psn
|faint|p1a: Mudsdale
|upkeep
|
|t:|1779884076
|switch|p1a: Chandelure|Chandelure, M|89/100
|turn|23
|
|t:|1779884096
|switch|p2a: Manaphy|Manaphy|19/100
|move|p1a: Chandelure|Flamethrower|p2a: Manaphy
|-resisted|p2a: Manaphy
|-damage|p2a: Manaphy|0 fnt
|faint|p2a: Manaphy
|
|upkeep
|
|t:|1779884108
|switch|p2a: Kyurem|Kyurem|100/100
|-ability|p2a: Kyurem|Pressure
|turn|24
|
|t:|1779884123
|move|p2a: Kyurem|Draco Meteor|p1a: Chandelure
|-damage|p1a: Chandelure|0 fnt
|-unboost|p2a: Kyurem|spa|2
|faint|p1a: Chandelure
|
|upkeep
|
|t:|1779884126
|switch|p1a: Cramorant|Cramorant, F|100/100
|turn|25
|
|t:|1779884137
|switch|p2a: Ting-Lucifer|Ting-Lu|100/100
|-ability|p2a: Ting-Lucifer|Vessel of Ruin
|move|p1a: Cramorant|Pounce|p2a: Ting-Lucifer
|-supereffective|p2a: Ting-Lucifer
|-damage|p2a: Ting-Lucifer|89/100
|-unboost|p2a: Ting-Lucifer|spe|1
|-enditem|p2a: Ting-Lucifer|Weakness Policy
|-boost|p2a: Ting-Lucifer|atk|2|[from] item: Weakness Policy
|-boost|p2a: Ting-Lucifer|spa|2|[from] item: Weakness Policy
|
|upkeep
|turn|26
|
|t:|1779884158
|move|p1a: Cramorant|Surf|p2a: Ting-Lucifer
|-formechange|p1a: Cramorant|Cramorant-Gulping|
|-supereffective|p2a: Ting-Lucifer
|-damage|p2a: Ting-Lucifer|61/100
|move|p2a: Ting-Lucifer|Stone Edge|p1a: Cramorant
|-supereffective|p1a: Cramorant
|-damage|p1a: Cramorant|0 fnt
|-damage|p2a: Ting-Lucifer|36/100|[from] ability: Gulp Missile|[of] p1a: Cramorant
|-unboost|p2a: Ting-Lucifer|def|1
|-formechange|p1a: Cramorant|Cramorant|
|faint|p1a: Cramorant
|
|upkeep
|
|t:|1779884166
|switch|p1a: Talonflame|Talonflame, F|100/100
|turn|27
|
|t:|1779884180
|move|p1a: Talonflame|Brave Bird|p2a: Ting-Lucifer
|-damage|p2a: Ting-Lucifer|0 fnt
|faint|p2a: Ting-Lucifer
|-damage|p1a: Talonflame|82/100|[from] Recoil
|
|upkeep
|
|t:|1779884183
|switch|p2a: Kyurem|Kyurem|100/100
|-ability|p2a: Kyurem|Pressure
|turn|28
|inactive|corruk has 120 seconds left.
|
|t:|1779884215
|move|p2a: Kyurem|Draco Meteor|p1a: Talonflame
|-damage|p1a: Talonflame|0 fnt
|-unboost|p2a: Kyurem|spa|2
|faint|p1a: Talonflame
|
|win|seirgg
|raw|corruk's rating: 1126 &rarr; <strong>1103</strong><br />(-23 for losing)
|raw|seirgg's rating: 1160 &rarr; <strong>1183</strong><br />(+23 for winning)
|l|☆corruk
|player|p1|
|l|☆seirgg
|player|p2|
