|j|☆autosepha
|j|☆WiiShopMusic
|t:|1779895511
|gametype|singles
|player|p1|autosepha|miku-ghost|1280
|player|p2|WiiShopMusic|102|1287
|gen|9
|tier|[Gen 9] OU
|rated|
|rule|HP Percentage Mod: HP is shown in percentages
|rule|Endless Battle Clause: Forcing endless battles is banned
|rule|Species Clause: Limit one of each Pokémon
|rule|OHKO Clause: OHKO moves are banned
|rule|Evasion Items Clause: Evasion items are banned
|rule|Evasion Moves Clause: Evasion moves are banned
|rule|Evasion Abilities Clause: Evasion abilities are banned
|rule|Sleep Moves Clause: Sleep-inducing moves are banned
|clearpoke
|poke|p1|Ceruledge, F|
|poke|p1|Gholdengo|
|poke|p1|Dragapult, M|
|poke|p1|Palossand, M|
|poke|p1|Gengar, M|
|poke|p1|Sinistcha|
|poke|p2|Ninetales-Alola, F|
|poke|p2|Sandslash-Alola, F|
|poke|p2|Cetitan, M|
|poke|p2|Rabsca, F|
|poke|p2|Toxapex, F|
|poke|p2|Zapdos|
|teampreview
|
|t:|1779895531
|teamsize|p1|6
|teamsize|p2|6
|start
|switch|p1a: Ceruledge|Ceruledge, F, shiny|100/100
|switch|p2a: Ninetales|Ninetales-Alola, F|100/100
|-weather|Snowscape|[from] ability: Snow Warning|[of] p2a: Ninetales
|turn|1
|
|t:|1779895538
|switch|p2a: Toxapex|Toxapex, F|100/100
|move|p1a: Ceruledge|Brick Break|p2a: Toxapex
|-resisted|p2a: Toxapex
|-damage|p2a: Toxapex|94/100
|-enditem|p2a: Toxapex|Eject Button
|
|t:|1779895554
|switch|p2a: Zapdos|Zapdos|100/100
|
|-weather|Snowscape|[upkeep]
|upkeep
|turn|2
|
|t:|1779895560
|switch|p1a: Palossand|Palossand, M, shiny|100/100
|move|p2a: Zapdos|Hurricane|p1a: Palossand
|-damage|p1a: Palossand|31/100
|-start|p1a: Palossand|confusion
|
|-weather|Snowscape|[upkeep]
|upkeep
|turn|3
|
|t:|1779895569
|move|p2a: Zapdos|Hurricane|p1a: Palossand
|-damage|p1a: Palossand|0 fnt
|faint|p1a: Palossand
|
|-weather|Snowscape|[upkeep]
|upkeep
|
|t:|1779895580
|switch|p1a: Gholdengo|Gholdengo, shiny|100/100
|turn|4
|
|t:|1779895589
|move|p2a: Zapdos|U-turn|p1a: Gholdengo
|-resisted|p1a: Gholdengo
|-damage|p1a: Gholdengo|98/100
|
|t:|1779895592
|switch|p2a: Toxapex|Toxapex, F|100/100|[from] U-turn
|move|p1a: Gholdengo|Recover|p1a: Gholdengo
|-heal|p1a: Gholdengo|100/100
|
|-weather|Snowscape|[upkeep]
|upkeep
|turn|5
|
|t:|1779895599
|move|p1a: Gholdengo|Thunder Wave|p2a: Toxapex
|-status|p2a: Toxapex|par
|cant|p2a: Toxapex|par
|
|-weather|Snowscape|[upkeep]
|upkeep
|turn|6
|
|t:|1779895604
|switch|p2a: Sandslash|Sandslash-Alola, F|100/100
|move|p1a: Gholdengo|Nasty Plot|p1a: Gholdengo
|-boost|p1a: Gholdengo|spa|2
|
|-weather|Snowscape|[upkeep]
|upkeep
|turn|7
|
|t:|1779895618
|move|p2a: Sandslash|Earthquake|p1a: Gholdengo
|-supereffective|p1a: Gholdengo
|-damage|p1a: Gholdengo|45/100
|-damage|p2a: Sandslash|91/100|[from] item: Life Orb
|move|p1a: Gholdengo|Thunder Wave|p2a: Sandslash|[miss]
|-miss|p1a: Gholdengo|p2a: Sandslash
|
|-weather|Snowscape|[upkeep]
|-heal|p1a: Gholdengo|52/100|[from] item: Leftovers
|upkeep
|turn|8
|
|t:|1779895629
|switch|p1a: Sinistcha|Sinistcha, shiny|100/100
|move|p2a: Sandslash|Earthquake|p1a: Sinistcha
|-resisted|p1a: Sinistcha
|-damage|p1a: Sinistcha|87/100
|-damage|p2a: Sandslash|81/100|[from] item: Life Orb
|
|-weather|none
|-heal|p1a: Sinistcha|93/100|[from] item: Leftovers
|upkeep
|turn|9
|
|t:|1779895638
|switch|p1a: Gholdengo|Gholdengo, shiny|52/100
|move|p2a: Sandslash|Ice Spinner|p1a: Gholdengo
|-resisted|p1a: Gholdengo
|-damage|p1a: Gholdengo|35/100
|-damage|p2a: Sandslash|71/100|[from] item: Life Orb
|
|-heal|p1a: Gholdengo|42/100|[from] item: Leftovers
|upkeep
|turn|10
|
|t:|1779895648
|switch|p2a: Ninetales|Ninetales-Alola, F|100/100
|-weather|Snowscape|[from] ability: Snow Warning|[of] p2a: Ninetales
|move|p1a: Gholdengo|Recover|p1a: Gholdengo
|-heal|p1a: Gholdengo|92/100
|
|-weather|Snowscape|[upkeep]
|-heal|p1a: Gholdengo|98/100|[from] item: Leftovers
|upkeep
|turn|11
|
|t:|1779895661
|switch|p2a: Sandslash|Sandslash-Alola, F|71/100
|move|p1a: Gholdengo|Thunder Wave|p2a: Sandslash
|-status|p2a: Sandslash|par
|
|-weather|Snowscape|[upkeep]
|-heal|p1a: Gholdengo|100/100|[from] item: Leftovers
|upkeep
|turn|12
|
|t:|1779895668
|move|p2a: Sandslash|Earthquake|p1a: Gholdengo
|-supereffective|p1a: Gholdengo
|-damage|p1a: Gholdengo|49/100
|-damage|p2a: Sandslash|61/100 par|[from] item: Life Orb
|move|p1a: Gholdengo|Hex|p2a: Sandslash
|-damage|p2a: Sandslash|0 fnt
|faint|p2a: Sandslash
|
|-weather|Snowscape|[upkeep]
|-heal|p1a: Gholdengo|55/100|[from] item: Leftovers
|upkeep
|
|t:|1779895672
|switch|p2a: Cetitan|Cetitan, M|100/100
|turn|13
|
|t:|1779895680
|move|p2a: Cetitan|Earthquake|p1a: Gholdengo
|-supereffective|p1a: Gholdengo
|-damage|p1a: Gholdengo|5/100
|move|p1a: Gholdengo|Recover|p1a: Gholdengo
|-heal|p1a: Gholdengo|55/100
|
|-weather|Snowscape|[upkeep]
|-heal|p1a: Gholdengo|61/100|[from] item: Leftovers
|upkeep
|turn|14
|
|t:|1779895690
|switch|p1a: Sinistcha|Sinistcha, shiny|93/100
|move|p2a: Cetitan|Belly Drum|p2a: Cetitan
|-damage|p2a: Cetitan|50/100
|-setboost|p2a: Cetitan|atk|6|[from] move: Belly Drum
|-enditem|p2a: Cetitan|Sitrus Berry|[eat]
|-heal|p2a: Cetitan|75/100|[from] item: Sitrus Berry
|
|-weather|Snowscape|[upkeep]
|-heal|p1a: Sinistcha|99/100|[from] item: Leftovers
|upkeep
|turn|15
|
|t:|1779895706
|move|p2a: Cetitan|Ice Spinner|p1a: Sinistcha
|-supereffective|p1a: Sinistcha
|-damage|p1a: Sinistcha|0 fnt
|faint|p1a: Sinistcha
|
|-weather|Snowscape|[upkeep]
|upkeep
|
|t:|1779895717
|switch|p1a: Ceruledge|Ceruledge, F, shiny|100/100
|turn|16
|
|t:|1779895723
|-terastallize|p1a: Ceruledge|Bug
|move|p2a: Cetitan|Liquidation|p1a: Ceruledge
|-damage|p1a: Ceruledge|0 fnt
|faint|p1a: Ceruledge
|
|-weather|Snowscape|[upkeep]
|upkeep
|c|☆autosepha|cool team ^_^  you got me gg
|-message|autosepha forfeited.
|
|win|WiiShopMusic
|raw|autosepha's rating: 1280 &rarr; <strong>1256</strong><br />(-24 for losing)
|raw|WiiShopMusic's rating: 1287 &rarr; <strong>1311</strong><br />(+24 for winning)
|c|☆WiiShopMusic|ty
|c|☆WiiShopMusic|u2
|c|☆WiiShopMusic|gg
|l|☆autosepha
|player|p1|
|l|☆WiiShopMusic
|player|p2|
