|j|☆sargentomichoo
|j|☆shang954
|t:|1779872219
|gametype|singles
|player|p1|sargentomichoo|170|1153
|player|p2|shang954|unknown|1127
|gen|9
|tier|[Gen 9] OU
|rated|
|rule|HP Percentage Mod: HP is shown in percentages
|rule|Endless Battle Clause: Forcing endless battles is banned
|rule|Species Clause: Limit one of each Pokémon
|rule|OHKO Clause: OHKO moves are banned
|rule|Evasion Items Clause: Evasion items are banned
|rule|Evasion Moves Clause: Evasion moves are banned
|rule|Evasion Abilities Clause: Evasion abilities are banned
|rule|Sleep Moves Clause: Sleep-inducing moves are banned
|clearpoke
|poke|p1|Gardevoir, M|
|poke|p1|Masquerain, F|
|poke|p1|Scizor, F|
|poke|p1|Slowbro, F|
|poke|p1|Typhlosion, M|
|poke|p1|Stantler, F|
|poke|p2|Tyranitar, F|
|poke|p2|Excadrill, M|
|poke|p2|Amoonguss, F|
|poke|p2|Garchomp, M|
|poke|p2|Gardevoir, M|
|poke|p2|Scizor, M|
|teampreview
|
|t:|1779872224
|teamsize|p1|6
|teamsize|p2|6
|start
|switch|p1a: Slowbro|Slowbro, F|100/100
|switch|p2a: Garchomp|Garchomp, M|100/100
|turn|1
|inactive|Battle timer is ON: inactive players will automatically lose when time's up. (requested by sargentomichoo)
|
|t:|1779872230
|move|p2a: Garchomp|Draco Meteor|p1a: Slowbro
|-damage|p1a: Slowbro|66/100
|-unboost|p2a: Garchomp|spa|2
|move|p1a: Slowbro|Ice Beam|p2a: Garchomp
|-supereffective|p2a: Garchomp
|-damage|p2a: Garchomp|0 fnt
|faint|p2a: Garchomp
|
|upkeep
|
|t:|1779872239
|switch|p2a: Tyranitar|Tyranitar, F, shiny|100/100
|-weather|Sandstorm|[from] ability: Sand Stream|[of] p2a: Tyranitar
|turn|2
|
|t:|1779872243
|move|p2a: Tyranitar|Dark Pulse|p1a: Slowbro
|-supereffective|p1a: Slowbro
|-damage|p1a: Slowbro|14/100
|move|p1a: Slowbro|Scald|p2a: Tyranitar
|-supereffective|p2a: Tyranitar
|-damage|p2a: Tyranitar|72/100
|
|-weather|Sandstorm|[upkeep]
|-damage|p1a: Slowbro|8/100|[from] Sandstorm
|upkeep
|turn|3
|
|t:|1779872255
|move|p2a: Tyranitar|Dark Pulse|p1a: Slowbro
|-supereffective|p1a: Slowbro
|-damage|p1a: Slowbro|0 fnt
|faint|p1a: Slowbro
|
|-weather|Sandstorm|[upkeep]
|upkeep
|
|t:|1779872263
|switch|p1a: Scizor|Scizor, F|100/100
|turn|4
|
|t:|1779872267
|move|p2a: Tyranitar|Flamethrower|p1a: Scizor
|-supereffective|p1a: Scizor
|-damage|p1a: Scizor|5/100
|move|p1a: Scizor|Swords Dance|p1a: Scizor
|-boost|p1a: Scizor|atk|2
|
|-weather|Sandstorm|[upkeep]
|upkeep
|turn|5
|
|t:|1779872275
|move|p1a: Scizor|Bullet Punch|p2a: Tyranitar
|-supereffective|p2a: Tyranitar
|-crit|p2a: Tyranitar
|-damage|p2a: Tyranitar|0 fnt
|faint|p2a: Tyranitar
|
|-weather|Sandstorm|[upkeep]
|upkeep
|
|t:|1779872284
|switch|p2a: Gardevoir|Gardevoir, M|100/100
|-ability|p2a: Gardevoir|Technician|Trace|[from] ability: Trace|[of] p1a: Scizor
|turn|6
|
|t:|1779872289
|move|p2a: Gardevoir|Vacuum Wave|p1a: Scizor
|-damage|p1a: Scizor|0 fnt
|faint|p1a: Scizor
|-damage|p2a: Gardevoir|91/100|[from] item: Life Orb
|
|-weather|none
|upkeep
|
|t:|1779872297
|switch|p1a: Typhlosion|Typhlosion, M|100/100
|turn|7
|
|t:|1779872305
|switch|p2a: Excadrill|Excadrill, M|100/100
|move|p1a: Typhlosion|Eruption|p2a: Excadrill
|-supereffective|p2a: Excadrill
|-enditem|p2a: Excadrill|Focus Sash
|-damage|p2a: Excadrill|1/100
|
|upkeep
|turn|8
|
|t:|1779872314
|move|p1a: Typhlosion|Eruption|p2a: Excadrill
|-supereffective|p2a: Excadrill
|-damage|p2a: Excadrill|0 fnt
|faint|p2a: Excadrill
|
|upkeep
|
|t:|1779872334
|switch|p2a: Gardevoir|Gardevoir, M|91/100
|-ability|p2a: Gardevoir|Flash Fire|Trace|[from] ability: Trace|[of] p1a: Typhlosion
|turn|9
|
|t:|1779872342
|switch|p1a: Stantler|Stantler, F|100/100
|move|p2a: Gardevoir|Thunderbolt|p1a: Stantler
|-damage|p1a: Stantler|75/100
|-status|p1a: Stantler|par
|-damage|p2a: Gardevoir|81/100|[from] item: Life Orb
|
|upkeep
|turn|10
|
|t:|1779872350
|move|p2a: Gardevoir|Vacuum Wave|p1a: Stantler
|-supereffective|p1a: Stantler
|-damage|p1a: Stantler|51/100 par
|-damage|p2a: Gardevoir|71/100|[from] item: Life Orb
|move|p1a: Stantler|Body Slam|p2a: Gardevoir
|-damage|p2a: Gardevoir|20/100
|
|upkeep
|turn|11
|
|t:|1779872369
|move|p2a: Gardevoir|Vacuum Wave|p1a: Stantler
|-supereffective|p1a: Stantler
|-damage|p1a: Stantler|26/100 par
|-damage|p2a: Gardevoir|11/100|[from] item: Life Orb
|move|p1a: Stantler|Rest|p1a: Stantler
|-status|p1a: Stantler|slp|[from] move: Rest
|-heal|p1a: Stantler|100/100 slp|[silent]
|
|upkeep
|turn|12
|
|t:|1779872382
|move|p2a: Gardevoir|Vacuum Wave|p1a: Stantler
|-supereffective|p1a: Stantler
|-damage|p1a: Stantler|77/100 slp
|-damage|p2a: Gardevoir|1/100|[from] item: Life Orb
|cant|p1a: Stantler|slp
|move|p1a: Stantler|Sleep Talk|p1a: Stantler
|move|p1a: Stantler|Rest||[from] move: Sleep Talk|[still]
|-fail|p1a: Stantler
|
|upkeep
|turn|13
|
|t:|1779872394
|move|p2a: Gardevoir|Thunderbolt|p1a: Stantler
|-damage|p1a: Stantler|49/100 slp
|-damage|p2a: Gardevoir|0 fnt|[from] item: Life Orb
|faint|p2a: Gardevoir
|cant|p1a: Stantler|slp
|move|p1a: Stantler|Sleep Talk|p1a: Stantler
|move|p1a: Stantler|Curse|p1a: Stantler|[from] move: Sleep Talk
|-unboost|p1a: Stantler|spe|1
|-boost|p1a: Stantler|atk|1
|-boost|p1a: Stantler|def|1
|
|upkeep
|
|t:|1779872407
|switch|p2a: Scizor|Scizor, M|100/100
|turn|14
|
|t:|1779872411
|move|p2a: Scizor|Close Combat|p1a: Stantler
|-supereffective|p1a: Stantler
|-damage|p1a: Stantler|0 fnt
|-unboost|p2a: Scizor|def|1
|-unboost|p2a: Scizor|spd|1
|faint|p1a: Stantler
|
|upkeep
|
|t:|1779872418
|switch|p1a: Typhlosion|Typhlosion, M|100/100
|turn|15
|
|t:|1779872423
|-terastallize|p2a: Scizor|Water
|move|p1a: Typhlosion|Lava Plume|p2a: Scizor
|-resisted|p2a: Scizor
|-damage|p2a: Scizor|66/100
|move|p2a: Scizor|Close Combat|p1a: Typhlosion
|-damage|p1a: Typhlosion|10/100
|-unboost|p2a: Scizor|def|1
|-unboost|p2a: Scizor|spd|1
|
|upkeep
|turn|16
|
|t:|1779872433
|switch|p1a: Masquerain|Masquerain, F|100/100
|-ability|p1a: Masquerain|Intimidate|boost
|-unboost|p2a: Scizor|atk|1
|move|p2a: Scizor|Close Combat|p1a: Masquerain
|-resisted|p1a: Masquerain
|-damage|p1a: Masquerain|82/100
|-unboost|p2a: Scizor|def|1
|-unboost|p2a: Scizor|spd|1
|
|upkeep
|turn|17
|
|t:|1779872443
|switch|p2a: Amoonguss|Amoonguss, F|100/100
|move|p1a: Masquerain|Air Slash|p2a: Amoonguss
|-supereffective|p2a: Amoonguss
|-damage|p2a: Amoonguss|33/100
|
|upkeep
|turn|18
|
|t:|1779872457
|switch|p2a: Scizor|Scizor, M, tera:Water|66/100
|move|p1a: Masquerain|Air Slash|p2a: Scizor
|-damage|p2a: Scizor|25/100
|
|upkeep
|turn|19
|
|t:|1779872465
|move|p2a: Scizor|Bullet Punch|p1a: Masquerain
|-damage|p1a: Masquerain|0 fnt
|faint|p1a: Masquerain
|
|upkeep
|
|t:|1779872475
|switch|p1a: Gardevoir|Gardevoir, M|100/100
|-ability|p1a: Gardevoir|Technician|Trace|[from] ability: Trace|[of] p2a: Scizor
|turn|20
|
|t:|1779872483
|move|p2a: Scizor|Bullet Punch|p1a: Gardevoir
|-supereffective|p1a: Gardevoir
|-damage|p1a: Gardevoir|0 fnt
|faint|p1a: Gardevoir
|
|upkeep
|
|t:|1779872488
|switch|p1a: Typhlosion|Typhlosion, M|10/100
|turn|21
|
|t:|1779872493
|move|p2a: Scizor|Bullet Punch|p1a: Typhlosion
|-resisted|p1a: Typhlosion
|-damage|p1a: Typhlosion|0 fnt
|faint|p1a: Typhlosion
|
|win|shang954
|raw|sargentomichoo's rating: 1153 &rarr; <strong>1126</strong><br />(-27 for losing)
|raw|shang954's rating: 1127 &rarr; <strong>1154</strong><br />(+27 for winning)
|l|☆sargentomichoo
|player|p1|
|l|☆shang954
|player|p2|
