|j|☆claudechamp
|j|☆spauty18
|t:|1779874335
|gametype|singles
|player|p1|claudechamp|169|1250
|player|p2|spauty18|1|1205
|gen|9
|tier|[Gen 9] OU
|rated|
|rule|HP Percentage Mod: HP is shown in percentages
|rule|Endless Battle Clause: Forcing endless battles is banned
|rule|Species Clause: Limit one of each Pokémon
|rule|OHKO Clause: OHKO moves are banned
|rule|Evasion Items Clause: Evasion items are banned
|rule|Evasion Moves Clause: Evasion moves are banned
|rule|Evasion Abilities Clause: Evasion abilities are banned
|rule|Sleep Moves Clause: Sleep-inducing moves are banned
|clearpoke
|poke|p1|Corviknight, F|
|poke|p1|Ting-Lu|
|poke|p1|Kyurem|
|poke|p1|Dondozo, M|
|poke|p1|Slowking-Galar, F|
|poke|p1|Cinderace, F|
|poke|p2|Umbreon, M|
|poke|p2|Manaphy|
|poke|p2|Great Tusk|
|poke|p2|Garganacl, M|
|poke|p2|Corviknight, M|
|poke|p2|Alomomola, M|
|teampreview
|c|☆claudechamp|hf
|inactive|Battle timer is ON: inactive players will automatically lose when time's up. (requested by spauty18)
|inactive|claudechamp also wants the timer to be on.
|c|☆spauty18|u2
|
|t:|1779874342
|teamsize|p1|6
|teamsize|p2|6
|start
|switch|p1a: Corviknight|Corviknight, F|100/100
|switch|p2a: Garganacl|Garganacl, M|100/100
|-ability|p1a: Corviknight|Pressure
|turn|1
|
|t:|1779874348
|switch|p1a: Kyurem|Kyurem|100/100
|-ability|p1a: Kyurem|Pressure
|move|p2a: Garganacl|Salt Cure|p1a: Kyurem
|-supereffective|p1a: Kyurem
|-damage|p1a: Kyurem|72/100
|-start|p1a: Kyurem|Salt Cure
|
|-heal|p1a: Kyurem|78/100|[from] item: Leftovers
|-damage|p1a: Kyurem|66/100|[from] Salt Cure
|upkeep
|turn|2
|
|t:|1779874357
|move|p2a: Garganacl|Protect|p2a: Garganacl
|-singleturn|p2a: Garganacl|Protect
|move|p1a: Kyurem|Earth Power|p2a: Garganacl
|-activate|p2a: Garganacl|move: Protect
|
|-heal|p1a: Kyurem|72/100|[from] item: Leftovers
|-damage|p1a: Kyurem|60/100|[from] Salt Cure
|upkeep
|turn|3
|
|t:|1779874365
|switch|p2a: Corviknight|Corviknight, M|100/100
|-ability|p2a: Corviknight|Pressure
|move|p1a: Kyurem|Earth Power|p2a: Corviknight
|-immune|p2a: Corviknight
|
|-heal|p1a: Kyurem|66/100|[from] item: Leftovers
|-damage|p1a: Kyurem|54/100|[from] Salt Cure
|upkeep
|turn|4
|
|t:|1779874376
|switch|p1a: Slowking|Slowking-Galar, F|100/100
|move|p2a: Corviknight|Agility|p2a: Corviknight
|-boost|p2a: Corviknight|spe|2
|
|upkeep
|turn|5
|
|t:|1779874382
|move|p2a: Corviknight|Bulk Up|p2a: Corviknight
|-boost|p2a: Corviknight|atk|1
|-boost|p2a: Corviknight|def|1
|move|p1a: Slowking|Future Sight|p2a: Corviknight
|-start|p1a: Slowking|move: Future Sight
|
|upkeep
|turn|6
|
|t:|1779874387
|move|p2a: Corviknight|Bulk Up|p2a: Corviknight
|-boost|p2a: Corviknight|atk|1
|-boost|p2a: Corviknight|def|1
|move|p1a: Slowking|Ice Beam|p2a: Corviknight
|-damage|p2a: Corviknight|81/100
|
|upkeep
|turn|7
|
|t:|1779874392
|move|p2a: Corviknight|Drill Peck|p1a: Slowking
|-damage|p1a: Slowking|67/100
|move|p1a: Slowking|Future Sight||[still]
|-fail|p1a: Slowking
|
|-end|p2a: Corviknight|move: Future Sight
|-resisted|p2a: Corviknight
|-damage|p2a: Corviknight|61/100
|upkeep
|turn|8
|
|t:|1779874400
|move|p2a: Corviknight|Drill Peck|p1a: Slowking
|-damage|p1a: Slowking|33/100
|move|p1a: Slowking|Ice Beam|p2a: Corviknight
|-damage|p2a: Corviknight|42/100
|
|upkeep
|turn|9
|
|t:|1779874407
|switch|p1a: Corviknight|Corviknight, F|100/100
|-ability|p1a: Corviknight|Pressure
|move|p2a: Corviknight|Roost|p2a: Corviknight
|-heal|p2a: Corviknight|92/100
|-singleturn|p2a: Corviknight|move: Roost
|
|upkeep
|turn|10
|
|t:|1779874415
|move|p2a: Corviknight|Drill Peck|p1a: Corviknight
|-resisted|p1a: Corviknight
|-damage|p1a: Corviknight|85/100
|-damage|p2a: Corviknight|76/100|[from] item: Rocky Helmet|[of] p1a: Corviknight
|move|p1a: Corviknight|Brave Bird|p2a: Corviknight
|-resisted|p2a: Corviknight
|-damage|p2a: Corviknight|68/100
|-damage|p1a: Corviknight|69/100|[from] item: Rocky Helmet|[of] p2a: Corviknight
|-damage|p1a: Corviknight|67/100|[from] Recoil
|
|upkeep
|turn|11
|
|t:|1779874425
|switch|p1a: Slowking|Slowking-Galar, F|66/100
|move|p2a: Corviknight|Bulk Up|p2a: Corviknight
|-boost|p2a: Corviknight|atk|1
|-boost|p2a: Corviknight|def|1
|
|upkeep
|turn|12
|
|t:|1779874441
|move|p2a: Corviknight|Drill Peck|p1a: Slowking
|-damage|p1a: Slowking|20/100
|move|p1a: Slowking|Future Sight|p2a: Corviknight
|-start|p1a: Slowking|move: Future Sight
|
|upkeep
|turn|13
|
|t:|1779874446
|switch|p1a: Corviknight|Corviknight, F|67/100
|-ability|p1a: Corviknight|Pressure
|move|p2a: Corviknight|Drill Peck|p1a: Corviknight
|-resisted|p1a: Corviknight
|-damage|p1a: Corviknight|50/100
|-damage|p2a: Corviknight|52/100|[from] item: Rocky Helmet|[of] p1a: Corviknight
|
|upkeep
|turn|14
|
|t:|1779874454
|move|p2a: Corviknight|Roost|p2a: Corviknight
|-heal|p2a: Corviknight|100/100
|-singleturn|p2a: Corviknight|move: Roost
|move|p1a: Corviknight|Brave Bird|p2a: Corviknight
|-resisted|p2a: Corviknight
|-damage|p2a: Corviknight|95/100
|-damage|p1a: Corviknight|33/100|[from] item: Rocky Helmet|[of] p2a: Corviknight
|-damage|p1a: Corviknight|32/100|[from] Recoil
|
|-end|p2a: Corviknight|move: Future Sight
|-resisted|p2a: Corviknight
|-damage|p2a: Corviknight|77/100
|upkeep
|turn|15
|
|t:|1779874466
|switch|p1a: Dondozo|Dondozo, M|100/100
|move|p2a: Corviknight|Drill Peck|p1a: Dondozo
|-damage|p1a: Dondozo|87/100
|
|-heal|p1a: Dondozo|93/100|[from] item: Leftovers
|upkeep
|turn|16
|
|t:|1779874473
|move|p2a: Corviknight|Bulk Up|p2a: Corviknight
|-boost|p2a: Corviknight|atk|1
|-boost|p2a: Corviknight|def|1
|move|p1a: Dondozo|Waterfall|p2a: Corviknight
|-damage|p2a: Corviknight|55/100
|-damage|p1a: Dondozo|77/100|[from] item: Rocky Helmet|[of] p2a: Corviknight
|
|-heal|p1a: Dondozo|83/100|[from] item: Leftovers
|upkeep
|turn|17
|
|t:|1779874481
|switch|p1a: Corviknight|Corviknight, F|32/100
|-ability|p1a: Corviknight|Pressure
|move|p2a: Corviknight|Bulk Up|p2a: Corviknight
|-boost|p2a: Corviknight|atk|1
|-boost|p2a: Corviknight|def|1
|
|upkeep
|turn|18
|
|t:|1779874492
|move|p2a: Corviknight|Roost|p2a: Corviknight
|-heal|p2a: Corviknight|100/100
|-singleturn|p2a: Corviknight|move: Roost
|move|p1a: Corviknight|Brave Bird|p2a: Corviknight
|-resisted|p2a: Corviknight
|-damage|p2a: Corviknight|96/100
|-damage|p1a: Corviknight|15/100|[from] item: Rocky Helmet|[of] p2a: Corviknight
|-damage|p1a: Corviknight|14/100|[from] Recoil
|
|upkeep
|turn|19
|
|t:|1779874505
|switch|p1a: Dondozo|Dondozo, M|83/100
|move|p2a: Corviknight|Drill Peck|p1a: Dondozo
|-damage|p1a: Dondozo|67/100
|
|-heal|p1a: Dondozo|73/100|[from] item: Leftovers
|upkeep
|turn|20
|
|t:|1779874516
|move|p2a: Corviknight|Drill Peck|p1a: Dondozo
|-damage|p1a: Dondozo|58/100
|move|p1a: Dondozo|Waterfall|p2a: Corviknight
|-damage|p2a: Corviknight|74/100
|-damage|p1a: Dondozo|41/100|[from] item: Rocky Helmet|[of] p2a: Corviknight
|
|-heal|p1a: Dondozo|48/100|[from] item: Leftovers
|upkeep
|turn|21
|
|t:|1779874524
|switch|p1a: Slowking|Slowking-Galar, F|54/100
|move|p2a: Corviknight|Bulk Up|p2a: Corviknight
|-boost|p2a: Corviknight|atk|1
|-boost|p2a: Corviknight|def|1
|
|upkeep
|turn|22
|
|t:|1779874538
|switch|p1a: Dondozo|Dondozo, M|48/100
|move|p2a: Corviknight|Drill Peck|p1a: Dondozo
|-damage|p1a: Dondozo|32/100
|
|-heal|p1a: Dondozo|38/100|[from] item: Leftovers
|upkeep
|turn|23
|
|t:|1779874550
|-terastallize|p1a: Dondozo|Dark
|move|p2a: Corviknight|Drill Peck|p1a: Dondozo
|-damage|p1a: Dondozo|23/100
|move|p1a: Dondozo|Rest|p1a: Dondozo
|-status|p1a: Dondozo|slp|[from] move: Rest
|-heal|p1a: Dondozo|100/100 slp|[silent]
|
|upkeep
|turn|24
|
|t:|1779874563
|move|p2a: Corviknight|Drill Peck|p1a: Dondozo
|-damage|p1a: Dondozo|85/100 slp
|cant|p1a: Dondozo|slp
|
|-heal|p1a: Dondozo|91/100 slp|[from] item: Leftovers
|upkeep
|turn|25
|
|t:|1779874572
|move|p2a: Corviknight|Drill Peck|p1a: Dondozo
|-damage|p1a: Dondozo|77/100 slp
|cant|p1a: Dondozo|slp
|
|-heal|p1a: Dondozo|83/100 slp|[from] item: Leftovers
|upkeep
|turn|26
|
|t:|1779874591
|move|p2a: Corviknight|Drill Peck|p1a: Dondozo
|-damage|p1a: Dondozo|69/100 slp
|-curestatus|p1a: Dondozo|slp|[msg]
|move|p1a: Dondozo|Waterfall|p2a: Corviknight
|-damage|p2a: Corviknight|53/100
|-damage|p1a: Dondozo|53/100|[from] item: Rocky Helmet|[of] p2a: Corviknight
|
|-heal|p1a: Dondozo|59/100|[from] item: Leftovers
|upkeep
|turn|27
|
|t:|1779874610
|switch|p1a: Ting-Lu|Ting-Lu|100/100
|-ability|p1a: Ting-Lu|Vessel of Ruin
|move|p2a: Corviknight|Drill Peck|p1a: Ting-Lu
|-damage|p1a: Ting-Lu|49/100
|
|-heal|p1a: Ting-Lu|55/100|[from] item: Leftovers
|upkeep
|turn|28
|
|t:|1779874621
|switch|p1a: Dondozo|Dondozo, M, tera:Dark|59/100
|move|p2a: Corviknight|Drill Peck|p1a: Dondozo
|-damage|p1a: Dondozo|44/100
|
|-heal|p1a: Dondozo|50/100|[from] item: Leftovers
|upkeep
|turn|29
|
|t:|1779874640
|move|p2a: Corviknight|Drill Peck|p1a: Dondozo
|-damage|p1a: Dondozo|36/100
|move|p1a: Dondozo|Body Press|p2a: Corviknight
|-damage|p2a: Corviknight|37/100
|-damage|p1a: Dondozo|20/100|[from] item: Rocky Helmet|[of] p2a: Corviknight
|
|-heal|p1a: Dondozo|26/100|[from] item: Leftovers
|upkeep
|turn|30
|
|t:|1779874652
|switch|p1a: Slowking|Slowking-Galar, F|87/100
|move|p2a: Corviknight|Drill Peck|p1a: Slowking
|-damage|p1a: Slowking|11/100
|
|upkeep
|turn|31
|inactive|claudechamp has 120 seconds left.
|
|t:|1779874671
|switch|p1a: Dondozo|Dondozo, M, tera:Dark|26/100
|move|p2a: Corviknight|Drill Peck|p1a: Dondozo
|-damage|p1a: Dondozo|11/100
|
|-heal|p1a: Dondozo|18/100|[from] item: Leftovers
|upkeep
|turn|32
|inactive|claudechamp has 120 seconds left.
|
|t:|1779874686
|switch|p1a: Ting-Lu|Ting-Lu|55/100
|-ability|p1a: Ting-Lu|Vessel of Ruin
|move|p2a: Corviknight|Drill Peck|p1a: Ting-Lu
|-damage|p1a: Ting-Lu|6/100
|
|-heal|p1a: Ting-Lu|12/100|[from] item: Leftovers
|upkeep
|turn|33
|inactive|claudechamp has 120 seconds left.
|
|t:|1779874703
|switch|p1a: Dondozo|Dondozo, M, tera:Dark|18/100
|move|p2a: Corviknight|Drill Peck|p1a: Dondozo
|-damage|p1a: Dondozo|3/100
|
|-heal|p1a: Dondozo|9/100|[from] item: Leftovers
|upkeep
|turn|34
|
|t:|1779874715
|switch|p1a: Corviknight|Corviknight, F|14/100
|-ability|p1a: Corviknight|Pressure
|move|p2a: Corviknight|Drill Peck|p1a: Corviknight
|-resisted|p1a: Corviknight
|-damage|p1a: Corviknight|0 fnt
|-damage|p2a: Corviknight|21/100|[from] item: Rocky Helmet|[of] p1a: Corviknight
|faint|p1a: Corviknight
|
|upkeep
|
|t:|1779874736
|switch|p1a: Slowking|Slowking-Galar, F|44/100
|turn|35
|inactive|claudechamp has 90 seconds left.
|
|t:|1779874752
|move|p2a: Corviknight|Drill Peck|p1a: Slowking
|-damage|p1a: Slowking|0 fnt
|faint|p1a: Slowking
|
|upkeep
|inactive|claudechamp has 90 seconds left.
|
|t:|1779874763
|switch|p1a: Kyurem|Kyurem|54/100
|-ability|p1a: Kyurem|Pressure
|turn|36
|inactive|claudechamp has 90 seconds left.
|
|t:|1779874780
|move|p2a: Corviknight|Drill Peck|p1a: Kyurem
|-damage|p1a: Kyurem|0 fnt
|faint|p1a: Kyurem
|
|upkeep
|inactive|claudechamp has 90 seconds left.
|
|t:|1779874789
|switch|p1a: Cinderace|Cinderace, F|100/100
|turn|37
|inactive|claudechamp has 90 seconds left.
|
|t:|1779874818
|move|p1a: Cinderace|Pyro Ball|p2a: Corviknight
|-supereffective|p2a: Corviknight
|-damage|p2a: Corviknight|2/100
|move|p2a: Corviknight|Drill Peck|p1a: Cinderace
|-damage|p1a: Cinderace|0 fnt
|faint|p1a: Cinderace
|
|upkeep
|inactive|claudechamp has 90 seconds left.
|
|t:|1779874827
|switch|p1a: Dondozo|Dondozo, M, tera:Dark|9/100
|turn|38
|inactive|claudechamp has 90 seconds left.
|
|t:|1779874837
|switch|p1a: Ting-Lu|Ting-Lu|12/100
|-ability|p1a: Ting-Lu|Vessel of Ruin
|move|p2a: Corviknight|Drill Peck|p1a: Ting-Lu
|-damage|p1a: Ting-Lu|0 fnt
|faint|p1a: Ting-Lu
|
|upkeep
|inactive|claudechamp has 90 seconds left.
|
|t:|1779874848
|switch|p1a: Dondozo|Dondozo, M, tera:Dark|9/100
|turn|39
|inactive|claudechamp has 90 seconds left.
|
|t:|1779874857
|move|p2a: Corviknight|Drill Peck|p1a: Dondozo
|-damage|p1a: Dondozo|0 fnt
|faint|p1a: Dondozo
|
|win|spauty18
|raw|claudechamp's rating: 1294 &rarr; <strong>1263</strong><br />(-31 for losing)
|raw|spauty18's rating: 1205 &rarr; <strong>1236</strong><br />(+31 for winning)
|c|☆claudechamp|gg
|c|☆spauty18|gg
|l|☆spauty18
|player|p2|
