|j|☆getreyal
|j|☆p$ychopath
|t:|1779865032
|gametype|singles
|player|p1|getreyal|pokemaniac-gen6|1598
|player|p2|p$ychopath|psychic-lgpe|1608
|gen|9
|tier|[Gen 9] OU
|rated|
|rule|HP Percentage Mod: HP is shown in percentages
|rule|Endless Battle Clause: Forcing endless battles is banned
|rule|Species Clause: Limit one of each Pokémon
|rule|OHKO Clause: OHKO moves are banned
|rule|Evasion Items Clause: Evasion items are banned
|rule|Evasion Moves Clause: Evasion moves are banned
|rule|Evasion Abilities Clause: Evasion abilities are banned
|rule|Sleep Moves Clause: Sleep-inducing moves are banned
|clearpoke
|poke|p1|Alomomola, M|
|poke|p1|Hatterene, F|
|poke|p1|Corviknight, M|
|poke|p1|Great Tusk|
|poke|p1|Ogerpon, F|
|poke|p1|Cinderace, M|
|poke|p2|Iron Jugulis|
|poke|p2|Iron Valiant|
|poke|p2|Iron Moth|
|poke|p2|Great Tusk|
|poke|p2|Samurott-Hisui, M|
|poke|p2|Sandy Shocks|
|teampreview
|inactive|Battle timer is ON: inactive players will automatically lose when time's up. (requested by p$ychopath)
|
|t:|1779865042
|teamsize|p1|6
|teamsize|p2|6
|start
|switch|p1a: Ogerpon|Ogerpon, F|100/100
|switch|p2a: Iron Mugulis|Iron Jugulis|100/100
|-enditem|p2a: Iron Mugulis|Booster Energy
|-activate|p2a: Iron Mugulis|ability: Quark Drive|[fromitem]
|-start|p2a: Iron Mugulis|quarkdrivespe
|turn|1
|
|t:|1779865046
|switch|p1a: Hatterene|Hatterene, F|100/100
|move|p2a: Iron Mugulis|Hurricane|p1a: Hatterene
|-damage|p1a: Hatterene|64/100
|
|upkeep
|turn|2
|
|t:|1779865054
|-end|p2a: Iron Mugulis|Quark Drive|[silent]
|switch|p2a: Iron Moth|Iron Moth|100/100
|-enditem|p2a: Iron Moth|Booster Energy
|-activate|p2a: Iron Moth|ability: Quark Drive|[fromitem]
|-start|p2a: Iron Moth|quarkdrivespe
|move|p1a: Hatterene|Draining Kiss|p2a: Iron Moth
|-resisted|p2a: Iron Moth
|-damage|p2a: Iron Moth|94/100
|-heal|p1a: Hatterene|68/100|[from] drain|[of] p2a: Iron Moth
|
|upkeep
|turn|3
|
|t:|1779865060
|move|p2a: Iron Moth|Sludge Wave|p1a: Hatterene
|-supereffective|p1a: Hatterene
|-damage|p1a: Hatterene|8/100
|move|p1a: Hatterene|Psychic Noise|p2a: Iron Moth
|-supereffective|p2a: Iron Moth
|-damage|p2a: Iron Moth|16/100
|-start|p2a: Iron Moth|move: Heal Block
|
|upkeep
|turn|4
|
|t:|1779865067
|move|p2a: Iron Moth|Sludge Wave|p1a: Hatterene
|-supereffective|p1a: Hatterene
|-damage|p1a: Hatterene|0 fnt
|faint|p1a: Hatterene
|
|-end|p2a: Iron Moth|move: Heal Block
|upkeep
|
|t:|1779865071
|switch|p1a: Cinderace|Cinderace, M|100/100
|turn|5
|
|t:|1779865075
|move|p1a: Cinderace|Sucker Punch|p2a: Iron Moth
|-start|p1a: Cinderace|typechange|Dark|[from] ability: Libero
|-damage|p2a: Iron Moth|0 fnt
|faint|p2a: Iron Moth
|-end|p2a: Iron Moth|Quark Drive|[silent]
|
|upkeep
|
|t:|1779865088
|switch|p2a: Great Tusk|Great Tusk|100/100
|-enditem|p2a: Great Tusk|Booster Energy
|-activate|p2a: Great Tusk|ability: Protosynthesis|[fromitem]
|-start|p2a: Great Tusk|protosynthesisspe
|turn|6
|
|t:|1779865091
|switch|p1a: Alomomola|Alomomola, M|100/100
|move|p2a: Great Tusk|Bulk Up|p2a: Great Tusk
|-boost|p2a: Great Tusk|atk|1
|-boost|p2a: Great Tusk|def|1
|
|upkeep
|turn|7
|inactive|p$ychopath has 120 seconds left.
|
|t:|1779865132
|move|p2a: Great Tusk|Headlong Rush|p1a: Alomomola
|-damage|p1a: Alomomola|56/100
|-unboost|p2a: Great Tusk|def|1
|-unboost|p2a: Great Tusk|spd|1
|move|p1a: Alomomola|Scald|p2a: Great Tusk
|-supereffective|p2a: Great Tusk
|-damage|p2a: Great Tusk|42/100
|-status|p2a: Great Tusk|brn
|
|-damage|p2a: Great Tusk|36/100 brn|[from] brn
|upkeep
|turn|8
|
|t:|1779865139
|move|p2a: Great Tusk|Headlong Rush|p1a: Alomomola
|-damage|p1a: Alomomola|34/100
|-unboost|p2a: Great Tusk|def|1
|-unboost|p2a: Great Tusk|spd|1
|move|p1a: Alomomola|Wish|p1a: Alomomola
|
|-damage|p2a: Great Tusk|30/100 brn|[from] brn
|upkeep
|turn|9
|
|t:|1779865143
|move|p1a: Alomomola|Protect|p1a: Alomomola
|-singleturn|p1a: Alomomola|Protect
|move|p2a: Great Tusk|Bulk Up|p2a: Great Tusk
|-boost|p2a: Great Tusk|atk|1
|-boost|p2a: Great Tusk|def|1
|
|-heal|p1a: Alomomola|84/100|[from] move: Wish|[wisher] Alomomola
|-damage|p2a: Great Tusk|24/100 brn|[from] brn
|upkeep
|turn|10
|
|t:|1779865145
|move|p2a: Great Tusk|Headlong Rush|p1a: Alomomola
|-damage|p1a: Alomomola|55/100
|-unboost|p2a: Great Tusk|def|1
|-unboost|p2a: Great Tusk|spd|1
|move|p1a: Alomomola|Wish|p1a: Alomomola
|
|-damage|p2a: Great Tusk|18/100 brn|[from] brn
|upkeep
|turn|11
|
|t:|1779865149
|move|p2a: Great Tusk|Bulk Up|p2a: Great Tusk
|-boost|p2a: Great Tusk|atk|1
|-boost|p2a: Great Tusk|def|1
|move|p1a: Alomomola|Flip Turn|p2a: Great Tusk
|-supereffective|p2a: Great Tusk
|-damage|p2a: Great Tusk|0 fnt
|faint|p2a: Great Tusk
|-end|p2a: Great Tusk|Protosynthesis|[silent]
|
|t:|1779865151
|switch|p1a: Cinderace|Cinderace, M|100/100|[from] Flip Turn
|
|upkeep
|
|t:|1779865154
|switch|p2a: Iron Mugulis|Iron Jugulis|100/100
|turn|12
|
|t:|1779865161
|move|p1a: Cinderace|Pyro Ball|p2a: Iron Mugulis
|-damage|p2a: Iron Mugulis|1/100
|move|p2a: Iron Mugulis|Hydro Pump|p1a: Cinderace
|-supereffective|p1a: Cinderace
|-damage|p1a: Cinderace|4/100
|
|upkeep
|turn|13
|
|t:|1779865183
|move|p1a: Cinderace|Pyro Ball|p2a: Iron Mugulis
|-damage|p2a: Iron Mugulis|0 fnt
|faint|p2a: Iron Mugulis
|-end|p2a: Iron Mugulis|Quark Drive|[silent]
|
|upkeep
|
|t:|1779865188
|switch|p2a: Sandy Shocks|Sandy Shocks|100/100
|-enditem|p2a: Sandy Shocks|Booster Energy
|-activate|p2a: Sandy Shocks|ability: Protosynthesis|[fromitem]
|-start|p2a: Sandy Shocks|protosynthesisspe
|turn|14
|
|t:|1779865198
|switch|p1a: Ogerpon|Ogerpon, F|100/100
|move|p2a: Sandy Shocks|Earth Power|p1a: Ogerpon
|-resisted|p1a: Ogerpon
|-damage|p1a: Ogerpon|78/100
|
|upkeep
|turn|15
|
|t:|1779865213
|move|p2a: Sandy Shocks|Stealth Rock|p1a: Ogerpon
|-sidestart|p1: getreyal|move: Stealth Rock
|move|p1a: Ogerpon|Ivy Cudgel|p2a: Sandy Shocks
|-supereffective|p2a: Sandy Shocks
|-damage|p2a: Sandy Shocks|1/100
|
|upkeep
|turn|16
|j| ibibi57
|
|t:|1779865230
|switch|p1a: Great Tusk|Great Tusk|100/100
|move|p2a: Sandy Shocks|Thunderbolt|p1a: Great Tusk
|-immune|p1a: Great Tusk
|
|upkeep
|turn|17
|
|t:|1779865236
|-terastallize|p2a: Sandy Shocks|Ghost
|move|p2a: Sandy Shocks|Earth Power|p1a: Great Tusk
|-damage|p1a: Great Tusk|42/100
|move|p1a: Great Tusk|Rapid Spin|p2a: Sandy Shocks
|-immune|p2a: Sandy Shocks
|
|upkeep
|turn|18
|
|t:|1779865251
|move|p2a: Sandy Shocks|Earth Power|p1a: Great Tusk
|-damage|p1a: Great Tusk|0 fnt
|faint|p1a: Great Tusk
|-end|p1a: Great Tusk|Protosynthesis|[silent]
|
|upkeep
|
|t:|1779865255
|switch|p1a: Ogerpon|Ogerpon, F|78/100
|turn|19
|
|t:|1779865258
|-terastallize|p1a: Ogerpon|Grass
|detailschange|p1a: Ogerpon|Ogerpon-Teal-Tera, F, tera:Grass
|-ability|p1a: Ogerpon|Embody Aspect (Teal)|boost
|-boost|p1a: Ogerpon|spe|1
|move|p1a: Ogerpon|Ivy Cudgel|p2a: Sandy Shocks
|-damage|p2a: Sandy Shocks|0 fnt
|faint|p2a: Sandy Shocks
|-end|p2a: Sandy Shocks|Protosynthesis|[silent]
|
|upkeep
|
|t:|1779865262
|switch|p2a: Iron Valiant|Iron Valiant|100/100
|-enditem|p2a: Iron Valiant|Booster Energy
|-activate|p2a: Iron Valiant|ability: Quark Drive|[fromitem]
|-start|p2a: Iron Valiant|quarkdrivespe
|turn|20
|
|t:|1779865269
|move|p2a: Iron Valiant|Close Combat|p1a: Ogerpon
|-damage|p1a: Ogerpon|0 fnt
|-unboost|p2a: Iron Valiant|def|1
|-unboost|p2a: Iron Valiant|spd|1
|faint|p1a: Ogerpon
|detailschange|p1: Ogerpon|Ogerpon, F|[silent]
|
|upkeep
|
|t:|1779865274
|switch|p1a: Corviknight|Corviknight, M|100/100
|-damage|p1a: Corviknight|88/100|[from] Stealth Rock
|-ability|p1a: Corviknight|Pressure
|turn|21
|
|t:|1779865287
|move|p2a: Iron Valiant|Knock Off|p1a: Corviknight
|-damage|p1a: Corviknight|68/100
|-damage|p2a: Iron Valiant|84/100|[from] item: Rocky Helmet|[of] p1a: Corviknight
|-enditem|p1a: Corviknight|Rocky Helmet|[from] move: Knock Off|[of] p2a: Iron Valiant
|move|p1a: Corviknight|Brave Bird|p2a: Iron Valiant
|-supereffective|p2a: Iron Valiant
|-damage|p2a: Iron Valiant|0 fnt
|faint|p2a: Iron Valiant
|-end|p2a: Iron Valiant|Quark Drive|[silent]
|-damage|p1a: Corviknight|48/100|[from] Recoil
|
|upkeep
|
|t:|1779865291
|switch|p2a: Samurott|Samurott-Hisui, M, shiny|100/100
|turn|22
|
|t:|1779865294
|move|p2a: Samurott|Swords Dance|p2a: Samurott
|-boost|p2a: Samurott|atk|2
|move|p1a: Corviknight|Roost|p1a: Corviknight
|-heal|p1a: Corviknight|98/100
|-singleturn|p1a: Corviknight|move: Roost
|
|upkeep
|turn|23
|
|t:|1779865299
|move|p2a: Samurott|Swords Dance|p2a: Samurott
|-boost|p2a: Samurott|atk|2
|move|p1a: Corviknight|U-turn|p2a: Samurott
|-supereffective|p2a: Samurott
|-damage|p2a: Samurott|63/100
|
|t:|1779865304
|switch|p1a: Alomomola|Alomomola, M|88/100|[from] U-turn
|
|upkeep
|turn|24
|n| nesnot|nesnot
|l| nesnot
|
|t:|1779865323
|move|p2a: Samurott|Ceaseless Edge|p1a: Alomomola
|-damage|p1a: Alomomola|0 fnt
|-sidestart|p1: getreyal|Spikes
|faint|p1a: Alomomola
|
|upkeep
|
|t:|1779865330
|switch|p1a: Corviknight|Corviknight, M|98/100
|-damage|p1a: Corviknight|86/100|[from] Stealth Rock
|-ability|p1a: Corviknight|Pressure
|turn|25
|
|t:|1779865339
|move|p2a: Samurott|Ceaseless Edge|p1a: Corviknight|[miss]
|-miss|p2a: Samurott|p1a: Corviknight
|move|p1a: Corviknight|Brave Bird|p2a: Samurott
|-damage|p2a: Samurott|20/100
|-damage|p1a: Corviknight|74/100|[from] Recoil
|
|upkeep
|turn|26
|
|t:|1779865344
|move|p2a: Samurott|Ceaseless Edge|p1a: Corviknight
|-damage|p1a: Corviknight|0 fnt
|-sidestart|p1: getreyal|Spikes
|faint|p1a: Corviknight
|
|upkeep
|j| nesnot
|l| ibibi57
|-message|getreyal forfeited.
|
|win|p$ychopath
|raw|getreyal's rating: 1598 &rarr; <strong>1579</strong><br />(-19 for losing)
|raw|p$ychopath's rating: 1608 &rarr; <strong>1627</strong><br />(+19 for winning)
|l|☆getreyal
|player|p1|
|l|☆p$ychopath
|player|p2|
|l| nesnot
