|j|☆Jmagtest
|j|‽cnlp
|t:|1779900075
|gametype|singles
|player|p1|Jmagtest|101|1312
|player|p2|cnlp|1|1308
|gen|9
|tier|[Gen 9] OU
|rated|
|rule|HP Percentage Mod: HP is shown in percentages
|rule|Endless Battle Clause: Forcing endless battles is banned
|rule|Species Clause: Limit one of each Pokémon
|rule|OHKO Clause: OHKO moves are banned
|rule|Evasion Items Clause: Evasion items are banned
|rule|Evasion Moves Clause: Evasion moves are banned
|rule|Evasion Abilities Clause: Evasion abilities are banned
|rule|Sleep Moves Clause: Sleep-inducing moves are banned
|clearpoke
|poke|p1|Tauros-Paldea-Aqua, M|
|poke|p1|Latios, M|
|poke|p1|Slowking-Galar, M|
|poke|p1|Kingambit, M|
|poke|p1|Landorus-Therian, M|
|poke|p1|Cinderace, M|
|poke|p2|Dragapult, M|
|poke|p2|Ogerpon-Wellspring, F|
|poke|p2|Garganacl, M|
|poke|p2|Moltres|
|poke|p2|Iron Treads|
|poke|p2|Gholdengo|
|teampreview
|inactive|Battle timer is ON: inactive players will automatically lose when time's up. (requested by Jmagtest)
|inactive|Jmagtest has 120 seconds left.
|
|t:|1779900105
|teamsize|p1|6
|teamsize|p2|6
|start
|switch|p1a: Tauros|Tauros-Paldea-Aqua, M|100/100
|switch|p2a: Ogerpon|Ogerpon-Wellspring, F|100/100
|-ability|p1a: Tauros|Intimidate|boost
|-unboost|p2a: Ogerpon|atk|1
|turn|1
|
|t:|1779900111
|move|p2a: Ogerpon|Trailblaze|p1a: Tauros
|-supereffective|p1a: Tauros
|-damage|p1a: Tauros|57/100
|-boost|p2a: Ogerpon|spe|1
|move|p1a: Tauros|Close Combat|p2a: Ogerpon
|-damage|p2a: Ogerpon|0 fnt
|-unboost|p1a: Tauros|def|1
|-unboost|p1a: Tauros|spd|1
|faint|p2a: Ogerpon
|
|upkeep
|
|t:|1779900121
|switch|p2a: Dragapult|Dragapult, M|100/100
|turn|2
|
|t:|1779900128
|switch|p1a: Cinderace|Cinderace, M|100/100
|move|p2a: Dragapult|Thunder Wave|p1a: Cinderace
|-status|p1a: Cinderace|par
|
|upkeep
|turn|3
|
|t:|1779900136
|move|p2a: Dragapult|Hex|p1a: Cinderace
|-damage|p1a: Cinderace|19/100 par
|-damage|p2a: Dragapult|91/100|[from] item: Life Orb
|cant|p1a: Cinderace|par
|
|upkeep
|turn|4
|
|t:|1779900150
|switch|p2a: Moltres|Moltres|100/100
|move|p1a: Cinderace|U-turn|p2a: Moltres
|-resisted|p2a: Moltres
|-damage|p2a: Moltres|96/100
|
|t:|1779900155
|switch|p1a: Tauros|Tauros-Paldea-Aqua, M|57/100|[from] U-turn
|-ability|p1a: Tauros|Intimidate|boost
|-unboost|p2a: Moltres|atk|1
|
|upkeep
|turn|5
|
|t:|1779900173
|move|p1a: Tauros|Raging Bull|p2a: Moltres
|-supereffective|p2a: Moltres
|-damage|p2a: Moltres|0 fnt
|-status|p1a: Tauros|brn|[from] ability: Flame Body|[of] p2a: Moltres
|faint|p2a: Moltres
|
|-damage|p1a: Tauros|51/100 brn|[from] brn
|upkeep
|
|t:|1779900182
|switch|p2a: Dragapult|Dragapult, M|91/100
|turn|6
|
|t:|1779900188
|move|p2a: Dragapult|Draco Meteor|p1a: Tauros
|-damage|p1a: Tauros|0 fnt
|-unboost|p2a: Dragapult|spa|2
|faint|p1a: Tauros
|-damage|p2a: Dragapult|81/100|[from] item: Life Orb
|
|upkeep
|
|t:|1779900196
|switch|p1a: Latios|Latios, M|100/100
|turn|7
|
|t:|1779900201
|move|p2a: Dragapult|Draco Meteor|p1a: Latios
|-supereffective|p1a: Latios
|-damage|p1a: Latios|19/100
|-unboost|p2a: Dragapult|spa|2
|-damage|p2a: Dragapult|71/100|[from] item: Life Orb
|move|p1a: Latios|Luster Purge|p2a: Dragapult
|-damage|p2a: Dragapult|0 fnt
|faint|p2a: Dragapult
|
|-heal|p1a: Latios|25/100|[from] item: Leftovers
|upkeep
|
|t:|1779900208
|switch|p2a: Iron Treads|Iron Treads|100/100
|-enditem|p2a: Iron Treads|Booster Energy
|-activate|p2a: Iron Treads|ability: Quark Drive|[fromitem]
|-start|p2a: Iron Treads|quarkdrivespe
|turn|8
|
|t:|1779900211
|switch|p1a: Landorus|Landorus-Therian, M|100/100
|-ability|p1a: Landorus|Intimidate|boost
|-unboost|p2a: Iron Treads|atk|1
|move|p2a: Iron Treads|Rapid Spin|p1a: Landorus
|-damage|p1a: Landorus|92/100
|-boost|p2a: Iron Treads|spe|1
|-damage|p2a: Iron Treads|84/100|[from] item: Rocky Helmet|[of] p1a: Landorus
|
|upkeep
|turn|9
|
|t:|1779900220
|move|p2a: Iron Treads|Ice Spinner|p1a: Landorus
|-supereffective|p1a: Landorus
|-damage|p1a: Landorus|46/100
|-damage|p2a: Iron Treads|67/100|[from] item: Rocky Helmet|[of] p1a: Landorus
|move|p1a: Landorus|Earthquake|p2a: Iron Treads
|-supereffective|p2a: Iron Treads
|-damage|p2a: Iron Treads|0 fnt
|faint|p2a: Iron Treads
|-end|p2a: Iron Treads|Quark Drive|[silent]
|
|upkeep
|-message|cnlp forfeited.
|
|win|Jmagtest
|raw|Jmagtest's rating: 1312 &rarr; <strong>1332</strong><br />(+20 for winning)
|raw|cnlp's rating: 1308 &rarr; <strong>1288</strong><br />(-20 for losing)
|l|‽cnlp
|player|p2|
|l|☆Jmagtest
|player|p1|
