|j|☆Avv2121
|j|☆Jestermcmoss
|t:|1779944438
|gametype|singles
|player|p1|Avv2121|janine|1319
|player|p2|Jestermcmoss|harlequin|1471
|gen|9
|tier|[Gen 9] OU
|rated|
|rule|HP Percentage Mod: HP is shown in percentages
|rule|Endless Battle Clause: Forcing endless battles is banned
|rule|Species Clause: Limit one of each Pokémon
|rule|OHKO Clause: OHKO moves are banned
|rule|Evasion Items Clause: Evasion items are banned
|rule|Evasion Moves Clause: Evasion moves are banned
|rule|Evasion Abilities Clause: Evasion abilities are banned
|rule|Sleep Moves Clause: Sleep-inducing moves are banned
|clearpoke
|poke|p1|Garganacl, F|
|poke|p1|Dragapult, F|
|poke|p1|Kingambit, F|
|poke|p1|Iron Moth|
|poke|p1|Corviknight, M|
|poke|p1|Meowstic-F, F|
|poke|p2|Dragapult, F|
|poke|p2|Toxapex, F|
|poke|p2|Tyranitar, F|
|poke|p2|Rillaboom, F|
|poke|p2|Skarmory, F|
|poke|p2|Regieleki|
|teampreview
|inactive|Battle timer is ON: inactive players will automatically lose when time's up. (requested by Avv2121)
|
|t:|1779944454
|teamsize|p1|6
|teamsize|p2|6
|start
|switch|p1a: Dragapult|Dragapult, F|100/100
|switch|p2a: Regieleki|Regieleki|100/100
|turn|1
|
|t:|1779944460
|move|p2a: Regieleki|Volt Switch|p1a: Dragapult
|-resisted|p1a: Dragapult
|-damage|p1a: Dragapult|76/100
|
|t:|1779944464
|switch|p2a: Tyranitar|Tyranitar, F|100/100|[from] Volt Switch
|-weather|Sandstorm|[from] ability: Sand Stream|[of] p2a: Tyranitar
|move|p1a: Dragapult|U-turn|p2a: Tyranitar
|-supereffective|p2a: Tyranitar
|-damage|p2a: Tyranitar|72/100
|
|t:|1779944467
|switch|p1a: Corviknight|Corviknight, M|100/100|[from] U-turn
|
|-weather|Sandstorm|[upkeep]
|upkeep
|turn|2
|
|t:|1779944471
|move|p1a: Corviknight|U-turn|p2a: Tyranitar
|-supereffective|p2a: Tyranitar
|-damage|p2a: Tyranitar|51/100
|
|t:|1779944475
|switch|p1a: Dragapult|Dragapult, F|76/100|[from] U-turn
|move|p2a: Tyranitar|Knock Off|p1a: Dragapult
|-supereffective|p1a: Dragapult
|-damage|p1a: Dragapult|0 fnt
|-enditem|p1a: Dragapult|Heavy-Duty Boots|[from] move: Knock Off|[of] p2a: Tyranitar
|faint|p1a: Dragapult
|
|-weather|Sandstorm|[upkeep]
|upkeep
|
|t:|1779944482
|switch|p1a: Garganacl|Garganacl, F|100/100
|turn|3
|
|t:|1779944488
|switch|p2a: Toxapex|Toxapex, F|100/100
|move|p1a: Garganacl|Salt Cure|p2a: Toxapex
|-damage|p2a: Toxapex|90/100
|-start|p2a: Toxapex|Salt Cure
|
|-weather|Sandstorm|[upkeep]
|-damage|p2a: Toxapex|84/100|[from] Sandstorm
|-damage|p2a: Toxapex|59/100|[from] Salt Cure
|upkeep
|turn|4
|
|t:|1779944499
|switch|p2a: Skarmory|Skarmory, F|100/100
|move|p1a: Garganacl|Curse|p1a: Garganacl
|-unboost|p1a: Garganacl|spe|1
|-boost|p1a: Garganacl|atk|1
|-boost|p1a: Garganacl|def|1
|
|-weather|Sandstorm|[upkeep]
|upkeep
|turn|5
|
|t:|1779944506
|move|p2a: Skarmory|Stealth Rock|p1a: Garganacl
|-sidestart|p1: Avv2121|move: Stealth Rock
|move|p1a: Garganacl|Salt Cure|p2a: Skarmory
|-damage|p2a: Skarmory|88/100
|-start|p2a: Skarmory|Salt Cure
|
|-weather|none
|-damage|p2a: Skarmory|63/100|[from] Salt Cure
|upkeep
|turn|6
|
|t:|1779944509
|move|p2a: Skarmory|Iron Defense|p2a: Skarmory
|-boost|p2a: Skarmory|def|2
|move|p1a: Garganacl|Curse|p1a: Garganacl
|-unboost|p1a: Garganacl|spe|1
|-boost|p1a: Garganacl|atk|1
|-boost|p1a: Garganacl|def|1
|
|-damage|p2a: Skarmory|38/100|[from] Salt Cure
|upkeep
|turn|7
|
|t:|1779944512
|move|p2a: Skarmory|Roost|p2a: Skarmory
|-heal|p2a: Skarmory|88/100
|-singleturn|p2a: Skarmory|move: Roost
|move|p1a: Garganacl|Salt Cure|p2a: Skarmory
|-resisted|p2a: Skarmory
|-damage|p2a: Skarmory|84/100
|
|-damage|p2a: Skarmory|59/100|[from] Salt Cure
|upkeep
|turn|8
|
|t:|1779944519
|move|p2a: Skarmory|Body Press|p1a: Garganacl
|-supereffective|p1a: Garganacl
|-damage|p1a: Garganacl|69/100
|move|p1a: Garganacl|Curse|p1a: Garganacl
|-unboost|p1a: Garganacl|spe|1
|-boost|p1a: Garganacl|atk|1
|-boost|p1a: Garganacl|def|1
|
|-heal|p1a: Garganacl|75/100|[from] item: Leftovers
|-damage|p2a: Skarmory|34/100|[from] Salt Cure
|upkeep
|turn|9
|
|t:|1779944524
|switch|p2a: Toxapex|Toxapex, F|92/100
|move|p1a: Garganacl|Salt Cure|p2a: Toxapex
|-damage|p2a: Toxapex|66/100
|-start|p2a: Toxapex|Salt Cure
|
|-heal|p1a: Garganacl|82/100|[from] item: Leftovers
|-damage|p2a: Toxapex|41/100|[from] Salt Cure
|upkeep
|turn|10
|
|t:|1779944528
|move|p2a: Toxapex|Liquidation|p1a: Garganacl
|-supereffective|p1a: Garganacl
|-damage|p1a: Garganacl|62/100
|-unboost|p1a: Garganacl|def|1
|move|p1a: Garganacl|Salt Cure|p2a: Toxapex
|-damage|p2a: Toxapex|14/100
|
|-heal|p1a: Garganacl|69/100|[from] item: Leftovers
|-damage|p2a: Toxapex|0 fnt|[from] Salt Cure
|faint|p2a: Toxapex
|upkeep
|
|t:|1779944534
|switch|p2a: Rillaboom|Rillaboom, F|100/100
|-fieldstart|move: Grassy Terrain|[from] ability: Grassy Surge|[of] p2a: Rillaboom
|turn|11
|
|t:|1779944539
|-terastallize|p2a: Rillaboom|Grass
|move|p2a: Rillaboom|Wood Hammer|p1a: Garganacl
|-supereffective|p1a: Garganacl
|-damage|p1a: Garganacl|0 fnt
|faint|p1a: Garganacl
|-damage|p2a: Rillaboom|74/100|[from] Recoil
|
|-heal|p2a: Rillaboom|80/100|[from] Grassy Terrain
|upkeep
|
|t:|1779944544
|switch|p1a: Corviknight|Corviknight, M|100/100
|-damage|p1a: Corviknight|88/100|[from] Stealth Rock
|turn|12
|
|t:|1779944549
|switch|p2a: Skarmory|Skarmory, F|34/100
|move|p1a: Corviknight|Defog|p2a: Skarmory
|-unboost|p2a: Skarmory|evasion|1
|-sideend|p1: Avv2121|Stealth Rock|[from] move: Defog|[of] p1a: Corviknight
|-fieldend|move: Grassy Terrain
|
|upkeep
|turn|13
|
|t:|1779944559
|move|p2a: Skarmory|Roost|p2a: Skarmory
|-heal|p2a: Skarmory|84/100
|-singleturn|p2a: Skarmory|move: Roost
|move|p1a: Corviknight|U-turn|p2a: Skarmory
|-resisted|p2a: Skarmory
|-damage|p2a: Skarmory|80/100
|-damage|p1a: Corviknight|72/100|[from] item: Rocky Helmet|[of] p2a: Skarmory
|
|t:|1779944564
|switch|p1a: Meowstic|Meowstic-F, F|100/100|[from] U-turn
|
|upkeep
|turn|14
|
|t:|1779944571
|switch|p2a: Tyranitar|Tyranitar, F|51/100
|-weather|Sandstorm|[from] ability: Sand Stream|[of] p2a: Tyranitar
|move|p1a: Meowstic|Trick|p2a: Tyranitar
|-activate|p1a: Meowstic|move: Trick|[of] p2a: Tyranitar
|-item|p2a: Tyranitar|Choice Scarf|[from] move: Trick
|-item|p1a: Meowstic|Assault Vest|[from] move: Trick
|
|-weather|Sandstorm|[upkeep]
|-damage|p1a: Meowstic|94/100|[from] Sandstorm
|upkeep
|turn|15
|
|t:|1779944581
|switch|p1a: Corviknight|Corviknight, M|72/100
|move|p2a: Tyranitar|Knock Off|p1a: Corviknight
|-damage|p1a: Corviknight|36/100
|-damage|p2a: Tyranitar|34/100|[from] item: Rocky Helmet|[of] p1a: Corviknight
|-enditem|p1a: Corviknight|Rocky Helmet|[from] move: Knock Off|[of] p2a: Tyranitar
|
|-weather|Sandstorm|[upkeep]
|upkeep
|turn|16
|
|t:|1779944584
|move|p2a: Tyranitar|Knock Off|p1a: Corviknight
|-damage|p1a: Corviknight|12/100
|move|p1a: Corviknight|Roost|p1a: Corviknight
|-heal|p1a: Corviknight|62/100
|-singleturn|p1a: Corviknight|move: Roost
|
|-weather|Sandstorm|[upkeep]
|upkeep
|turn|17
|
|t:|1779944588
|move|p2a: Tyranitar|Knock Off|p1a: Corviknight
|-damage|p1a: Corviknight|39/100
|move|p1a: Corviknight|Brave Bird|p2a: Tyranitar
|-resisted|p2a: Tyranitar
|-damage|p2a: Tyranitar|19/100
|-damage|p1a: Corviknight|34/100|[from] Recoil
|
|-weather|Sandstorm|[upkeep]
|upkeep
|turn|18
|
|t:|1779944590
|move|p2a: Tyranitar|Knock Off|p1a: Corviknight
|-damage|p1a: Corviknight|8/100
|move|p1a: Corviknight|Roost|p1a: Corviknight
|-heal|p1a: Corviknight|58/100
|-singleturn|p1a: Corviknight|move: Roost
|
|-weather|none
|upkeep
|turn|19
|
|t:|1779944593
|move|p2a: Tyranitar|Knock Off|p1a: Corviknight
|-damage|p1a: Corviknight|35/100
|move|p1a: Corviknight|Roost|p1a: Corviknight
|-heal|p1a: Corviknight|85/100
|-singleturn|p1a: Corviknight|move: Roost
|
|upkeep
|turn|20
|
|t:|1779944597
|switch|p2a: Dragapult|Dragapult, F|100/100
|move|p1a: Corviknight|Roost|p1a: Corviknight
|-heal|p1a: Corviknight|100/100
|-singleturn|p1a: Corviknight|move: Roost
|
|upkeep
|turn|21
|
|t:|1779944603
|move|p2a: Dragapult|Will-O-Wisp|p1a: Corviknight
|-status|p1a: Corviknight|brn
|move|p1a: Corviknight|Brave Bird|p2a: Dragapult
|-damage|p2a: Dragapult|74/100
|-damage|p1a: Corviknight|93/100 brn|[from] Recoil
|
|-damage|p1a: Corviknight|87/100 brn|[from] brn
|upkeep
|turn|22
|
|t:|1779944609
|move|p2a: Dragapult|Hex|p1a: Corviknight
|-damage|p1a: Corviknight|44/100 brn
|move|p1a: Corviknight|U-turn|p2a: Dragapult
|-resisted|p2a: Dragapult
|-damage|p2a: Dragapult|69/100
|
|t:|1779944612
|switch|p1a: Iron Moth|Iron Moth|100/100|[from] U-turn
|-enditem|p1a: Iron Moth|Booster Energy
|-activate|p1a: Iron Moth|ability: Quark Drive|[fromitem]
|-start|p1a: Iron Moth|quarkdrivespe
|
|upkeep
|turn|23
|
|t:|1779944618
|move|p1a: Iron Moth|Dazzling Gleam|p2a: Dragapult
|-supereffective|p2a: Dragapult
|-damage|p2a: Dragapult|1/100
|move|p2a: Dragapult|U-turn|p1a: Iron Moth
|-resisted|p1a: Iron Moth
|-crit|p1a: Iron Moth
|-damage|p1a: Iron Moth|91/100
|
|t:|1779944624
|switch|p2a: Tyranitar|Tyranitar, F|19/100|[from] U-turn
|-weather|Sandstorm|[from] ability: Sand Stream|[of] p2a: Tyranitar
|
|-weather|Sandstorm|[upkeep]
|-damage|p1a: Iron Moth|85/100|[from] Sandstorm
|upkeep
|turn|24
|
|t:|1779944628
|move|p1a: Iron Moth|Dazzling Gleam|p2a: Tyranitar
|-supereffective|p2a: Tyranitar
|-damage|p2a: Tyranitar|0 fnt
|faint|p2a: Tyranitar
|
|-weather|Sandstorm|[upkeep]
|-damage|p1a: Iron Moth|79/100|[from] Sandstorm
|upkeep
|
|t:|1779944632
|switch|p2a: Regieleki|Regieleki|100/100
|turn|25
|
|t:|1779944638
|move|p2a: Regieleki|Thunder Wave|p1a: Iron Moth
|-status|p1a: Iron Moth|par
|move|p1a: Iron Moth|Fiery Dance|p2a: Regieleki
|-damage|p2a: Regieleki|14/100
|
|-weather|Sandstorm|[upkeep]
|-damage|p2a: Regieleki|8/100|[from] Sandstorm
|-damage|p1a: Iron Moth|73/100 par|[from] Sandstorm
|upkeep
|turn|26
|
|t:|1779944644
|move|p2a: Regieleki|Electro Ball|p1a: Iron Moth
|-damage|p1a: Iron Moth|33/100 par
|move|p1a: Iron Moth|Fiery Dance|p2a: Regieleki
|-damage|p2a: Regieleki|0 fnt
|-boost|p1a: Iron Moth|spa|1
|faint|p2a: Regieleki
|
|-weather|Sandstorm|[upkeep]
|-damage|p1a: Iron Moth|27/100 par|[from] Sandstorm
|upkeep
|
|t:|1779944653
|switch|p2a: Rillaboom|Rillaboom, F, tera:Grass|80/100
|-fieldstart|move: Grassy Terrain|[from] ability: Grassy Surge|[of] p2a: Rillaboom
|turn|27
|
|t:|1779944659
|move|p2a: Rillaboom|Grassy Glide|p1a: Iron Moth
|-resisted|p1a: Iron Moth
|-damage|p1a: Iron Moth|0 fnt
|faint|p1a: Iron Moth
|-end|p1a: Iron Moth|Quark Drive|[silent]
|
|-weather|none
|-heal|p2a: Rillaboom|86/100|[from] Grassy Terrain
|upkeep
|
|t:|1779944662
|switch|p1a: Corviknight|Corviknight, M|44/100 brn
|turn|28
|
|t:|1779944666
|switch|p2a: Dragapult|Dragapult, F|1/100
|move|p1a: Corviknight|Roost|p1a: Corviknight
|-heal|p1a: Corviknight|94/100 brn
|-singleturn|p1a: Corviknight|move: Roost
|
|-heal|p2a: Dragapult|7/100|[from] Grassy Terrain
|-heal|p1a: Corviknight|99/100 brn|[from] Grassy Terrain
|-damage|p1a: Corviknight|94/100 brn|[from] brn
|upkeep
|turn|29
|
|t:|1779944674
|move|p2a: Dragapult|Hex|p1a: Corviknight
|-damage|p1a: Corviknight|50/100 brn
|move|p1a: Corviknight|U-turn|p2a: Dragapult
|-resisted|p2a: Dragapult
|-damage|p2a: Dragapult|2/100
|
|t:|1779944683
|switch|p1a: Kingambit|Kingambit, F|100/100|[from] U-turn
|-activate|p1a: Kingambit|ability: Supreme Overlord
|-start|p1a: Kingambit|fallen3|[silent]
|
|-heal|p2a: Dragapult|8/100|[from] Grassy Terrain
|upkeep
|turn|30
|
|t:|1779944688
|-end|p1a: Kingambit|fallen3|[silent]
|switch|p1a: Corviknight|Corviknight, M|50/100 brn
|move|p2a: Dragapult|Will-O-Wisp|p1a: Corviknight
|-fail|p1a: Corviknight|brn
|
|-heal|p2a: Dragapult|14/100|[from] Grassy Terrain
|-damage|p1a: Corviknight|44/100 brn|[from] brn
|upkeep
|turn|31
|
|t:|1779944691
|move|p2a: Dragapult|Hex|p1a: Corviknight
|-damage|p1a: Corviknight|0 fnt
|faint|p1a: Corviknight
|
|-heal|p2a: Dragapult|20/100|[from] Grassy Terrain
|-fieldend|move: Grassy Terrain
|upkeep
|
|t:|1779944695
|switch|p1a: Kingambit|Kingambit, F|100/100
|-activate|p1a: Kingambit|ability: Supreme Overlord
|-start|p1a: Kingambit|fallen4|[silent]
|turn|32
|
|t:|1779944697
|move|p2a: Dragapult|Will-O-Wisp|p1a: Kingambit
|-status|p1a: Kingambit|brn
|move|p1a: Kingambit|Swords Dance|p1a: Kingambit
|-boost|p1a: Kingambit|atk|2
|
|-damage|p1a: Kingambit|94/100 brn|[from] brn
|upkeep
|turn|33
|
|t:|1779944703
|move|p2a: Dragapult|U-turn|p1a: Kingambit
|-damage|p1a: Kingambit|79/100 brn
|
|t:|1779944706
|switch|p2a: Skarmory|Skarmory, F|80/100|[from] U-turn
|move|p1a: Kingambit|Swords Dance|p1a: Kingambit
|-boost|p1a: Kingambit|atk|2
|
|-damage|p1a: Kingambit|73/100 brn|[from] brn
|upkeep
|turn|34
|
|t:|1779944719
|-terastallize|p1a: Kingambit|Flying
|move|p2a: Skarmory|Iron Defense|p2a: Skarmory
|-boost|p2a: Skarmory|def|2
|move|p1a: Kingambit|Swords Dance|p1a: Kingambit
|-boost|p1a: Kingambit|atk|2
|
|-damage|p1a: Kingambit|67/100 brn|[from] brn
|upkeep
|turn|35
|
|t:|1779944727
|move|p2a: Skarmory|Iron Defense|p2a: Skarmory
|-boost|p2a: Skarmory|def|2
|move|p1a: Kingambit|Kowtow Cleave|p2a: Skarmory
|-damage|p2a: Skarmory|42/100
|-damage|p1a: Kingambit|50/100 brn|[from] item: Rocky Helmet|[of] p2a: Skarmory
|
|-damage|p1a: Kingambit|44/100 brn|[from] brn
|upkeep
|turn|36
|
|t:|1779944733
|move|p2a: Skarmory|Roost|p2a: Skarmory
|-heal|p2a: Skarmory|92/100
|-singleturn|p2a: Skarmory|move: Roost
|move|p1a: Kingambit|Kowtow Cleave|p2a: Skarmory
|-damage|p2a: Skarmory|59/100
|-damage|p1a: Kingambit|28/100 brn|[from] item: Rocky Helmet|[of] p2a: Skarmory
|
|-damage|p1a: Kingambit|22/100 brn|[from] brn
|upkeep
|turn|37
|
|t:|1779944740
|-end|p1a: Kingambit|fallen4|[silent]
|switch|p1a: Meowstic|Meowstic-F, F|94/100
|move|p2a: Skarmory|Iron Defense|p2a: Skarmory
|-boost|p2a: Skarmory|def|2
|
|upkeep
|turn|38
|
|t:|1779944744
|switch|p2a: Rillaboom|Rillaboom, F, tera:Grass|86/100
|-fieldstart|move: Grassy Terrain|[from] ability: Grassy Surge|[of] p2a: Rillaboom
|move|p1a: Meowstic|Psychic Noise|p2a: Rillaboom
|-damage|p2a: Rillaboom|48/100
|-start|p2a: Rillaboom|move: Heal Block
|
|-heal|p1a: Meowstic|100/100|[from] Grassy Terrain
|upkeep
|turn|39
|
|t:|1779944753
|move|p2a: Rillaboom|Grassy Glide|p1a: Meowstic
|-damage|p1a: Meowstic|0 fnt
|faint|p1a: Meowstic
|
|-end|p2a: Rillaboom|move: Heal Block
|upkeep
|
|t:|1779944757
|switch|p1a: Kingambit|Kingambit, F, tera:Flying|22/100 brn
|-activate|p1a: Kingambit|ability: Supreme Overlord
|-start|p1a: Kingambit|fallen5|[silent]
|turn|40
|
|t:|1779944759
|move|p2a: Rillaboom|Grassy Glide|p1a: Kingambit
|-resisted|p1a: Kingambit
|-damage|p1a: Kingambit|0 fnt
|faint|p1a: Kingambit
|-end|p1a: Kingambit|fallen5|[silent]
|
|win|Jestermcmoss
|raw|Avv2121's rating: 1319 &rarr; <strong>1307</strong><br />(-12 for losing)
|raw|Jestermcmoss's rating: 1471 &rarr; <strong>1483</strong><br />(+12 for winning)
|l|☆Avv2121
|player|p1|
|l|☆Jestermcmoss
|player|p2|
