|j|☆fortnieter
|j|☆Ned Stark
|t:|1779916102
|gametype|singles
|player|p1|fortnieter|lucas|1157
|player|p2|Ned Stark|101|1182
|gen|9
|tier|[Gen 9] OU
|rated|
|rule|HP Percentage Mod: HP is shown in percentages
|rule|Endless Battle Clause: Forcing endless battles is banned
|rule|Species Clause: Limit one of each Pokémon
|rule|OHKO Clause: OHKO moves are banned
|rule|Evasion Items Clause: Evasion items are banned
|rule|Evasion Moves Clause: Evasion moves are banned
|rule|Evasion Abilities Clause: Evasion abilities are banned
|rule|Sleep Moves Clause: Sleep-inducing moves are banned
|clearpoke
|poke|p1|Torkoal, M|
|poke|p1|Magmortar, M|
|poke|p1|Uxie|
|poke|p1|Lilligant-Hisui, F|
|poke|p1|Slither Wing|
|poke|p1|Walking Wake|
|poke|p2|Samurott-Hisui, M|
|poke|p2|Dragonite, M|
|poke|p2|Kingambit, F|
|poke|p2|Iron Moth|
|poke|p2|Iron Valiant|
|poke|p2|Moltres-Galar|
|teampreview
|
|t:|1779916109
|teamsize|p1|6
|teamsize|p2|6
|start
|switch|p1a: Torkoal|Torkoal, M|100/100
|switch|p2a: Samurott|Samurott-Hisui, M|100/100
|-weather|SunnyDay|[from] ability: Drought|[of] p1a: Torkoal
|turn|1
|inactive|Battle timer is ON: inactive players will automatically lose when time's up. (requested by Ned Stark)
|c|☆Ned Stark|gg
|
|t:|1779916117
|switch|p1a: Slither Wing|Slither Wing|100/100
|-activate|p1a: Slither Wing|ability: Protosynthesis
|-start|p1a: Slither Wing|protosynthesisatk
|move|p2a: Samurott|Razor Shell|p1a: Slither Wing
|-damage|p1a: Slither Wing|65/100
|
|-weather|SunnyDay|[upkeep]
|upkeep
|turn|2
|
|t:|1779916127
|move|p1a: Slither Wing|First Impression|p2a: Samurott
|-supereffective|p2a: Samurott
|-enditem|p2a: Samurott|Focus Sash
|-damage|p2a: Samurott|1/100
|move|p2a: Samurott|Ceaseless Edge|p1a: Slither Wing
|-resisted|p1a: Slither Wing
|-damage|p1a: Slither Wing|35/100
|-sidestart|p1: fortnieter|Spikes
|
|-weather|SunnyDay|[upkeep]
|upkeep
|turn|3
|
|t:|1779916137
|move|p2a: Samurott|Sucker Punch|p1a: Slither Wing
|-resisted|p1a: Slither Wing
|-damage|p1a: Slither Wing|14/100
|move|p1a: Slither Wing|U-turn|p2a: Samurott
|-supereffective|p2a: Samurott
|-damage|p2a: Samurott|0 fnt
|faint|p2a: Samurott
|
|t:|1779916151
|-end|p1a: Slither Wing|Protosynthesis|[silent]
|switch|p1a: Uxie|Uxie|100/100|[from] U-turn
|
|-weather|SunnyDay|[upkeep]
|upkeep
|
|t:|1779916157
|switch|p2a: Moltres|Moltres-Galar|100/100
|turn|4
|
|t:|1779916161
|move|p2a: Moltres|Nasty Plot|p2a: Moltres
|-boost|p2a: Moltres|spa|2
|move|p1a: Uxie|Knock Off|p2a: Moltres
|-resisted|p2a: Moltres
|-damage|p2a: Moltres|91/100
|-enditem|p2a: Moltres|Sitrus Berry|[from] move: Knock Off|[of] p1a: Uxie
|
|-weather|SunnyDay|[upkeep]
|upkeep
|turn|5
|
|t:|1779916170
|move|p2a: Moltres|Agility|p2a: Moltres
|-boost|p2a: Moltres|spe|2
|move|p1a: Uxie|Encore|p2a: Moltres
|-start|p2a: Moltres|Encore
|
|-weather|SunnyDay|[upkeep]
|upkeep
|turn|6
|
|t:|1779916177
|move|p2a: Moltres|Agility|p2a: Moltres
|-boost|p2a: Moltres|spe|2
|move|p1a: Uxie|U-turn|p2a: Moltres
|-damage|p2a: Moltres|77/100
|
|t:|1779916191
|switch|p1a: Lilligant|Lilligant-Hisui, F|100/100|[from] U-turn
|-damage|p1a: Lilligant|88/100|[from] Spikes
|
|-weather|SunnyDay|[upkeep]
|upkeep
|turn|7
|
|t:|1779916198
|-terastallize|p2a: Moltres|Fairy
|move|p2a: Moltres|Agility|p2a: Moltres
|-boost|p2a: Moltres|spe|2
|move|p1a: Lilligant|Triple Axel|p2a: Moltres
|-damage|p2a: Moltres|67/100
|-damage|p2a: Moltres|50/100
|-hitcount|p2a: Moltres|2
|-ability|p2a: Moltres|Berserk|boost
|-boost|p2a: Moltres|spa|1
|-damage|p1a: Lilligant|78/100|[from] item: Life Orb
|
|-weather|SunnyDay|[upkeep]
|upkeep
|turn|8
|
|t:|1779916211
|-terastallize|p1a: Lilligant|Grass
|move|p2a: Moltres|Agility|p2a: Moltres
|-boost|p2a: Moltres|spe|0
|move|p1a: Lilligant|Solar Blade||[still]
|-prepare|p1a: Lilligant|Solar Blade
|-anim|p1a: Lilligant|Solar Blade|p2a: Moltres
|-damage|p2a: Moltres|0 fnt
|faint|p2a: Moltres
|-damage|p1a: Lilligant|68/100|[from] item: Life Orb
|
|-weather|none
|upkeep
|
|t:|1779916227
|switch|p2a: Iron Moth|Iron Moth|100/100
|-enditem|p2a: Iron Moth|Booster Energy
|-activate|p2a: Iron Moth|ability: Quark Drive|[fromitem]
|-start|p2a: Iron Moth|quarkdrivespe
|turn|9
|
|t:|1779916237
|switch|p1a: Walking Wake|Walking Wake|100/100
|move|p2a: Iron Moth|Psychic|p1a: Walking Wake
|-damage|p1a: Walking Wake|67/100
|
|upkeep
|turn|10
|
|t:|1779916243
|move|p2a: Iron Moth|Dazzling Gleam|p1a: Walking Wake
|-supereffective|p1a: Walking Wake
|-damage|p1a: Walking Wake|0 fnt
|faint|p1a: Walking Wake
|-end|p1a: Walking Wake|Protosynthesis|[silent]
|
|upkeep
|
|t:|1779916249
|switch|p1a: Torkoal|Torkoal, M|100/100
|-damage|p1a: Torkoal|88/100|[from] Spikes
|-weather|SunnyDay|[from] ability: Drought|[of] p1a: Torkoal
|turn|11
|
|t:|1779916259
|switch|p1a: Slither Wing|Slither Wing|14/100
|-damage|p1a: Slither Wing|2/100|[from] Spikes
|-activate|p1a: Slither Wing|ability: Protosynthesis
|-start|p1a: Slither Wing|protosynthesisatk
|move|p2a: Iron Moth|Psychic|p1a: Slither Wing
|-supereffective|p1a: Slither Wing
|-damage|p1a: Slither Wing|0 fnt
|faint|p1a: Slither Wing
|-end|p1a: Slither Wing|Protosynthesis|[silent]
|
|-weather|SunnyDay|[upkeep]
|upkeep
|
|t:|1779916263
|switch|p1a: Magmortar|Magmortar, M, shiny|100/100
|-damage|p1a: Magmortar|88/100|[from] Spikes
|turn|12
|
|t:|1779916272
|move|p2a: Iron Moth|Psychic|p1a: Magmortar
|-damage|p1a: Magmortar|51/100
|move|p1a: Magmortar|Scorching Sands|p2a: Iron Moth
|-supereffective|p2a: Iron Moth
|-damage|p2a: Iron Moth|7/100
|
|-weather|SunnyDay|[upkeep]
|upkeep
|turn|13
|
|t:|1779916279
|move|p2a: Iron Moth|Psychic|p1a: Magmortar
|-damage|p1a: Magmortar|14/100
|move|p1a: Magmortar|Scorching Sands|p2a: Iron Moth
|-supereffective|p2a: Iron Moth
|-damage|p2a: Iron Moth|0 fnt
|faint|p2a: Iron Moth
|-end|p2a: Iron Moth|Quark Drive|[silent]
|
|-weather|SunnyDay|[upkeep]
|upkeep
|
|t:|1779916288
|switch|p2a: Dragonite|Dragonite, M|100/100
|turn|14
|
|t:|1779916292
|switch|p1a: Uxie|Uxie|100/100
|move|p2a: Dragonite|Dragon Dance|p2a: Dragonite
|-boost|p2a: Dragonite|atk|1
|-boost|p2a: Dragonite|spe|1
|
|-weather|SunnyDay|[upkeep]
|upkeep
|turn|15
|
|t:|1779916301
|move|p2a: Dragonite|Outrage|p1a: Uxie
|-damage|p1a: Uxie|44/100
|move|p1a: Uxie|Encore|p2a: Dragonite
|-start|p2a: Dragonite|Encore
|
|-weather|SunnyDay|[upkeep]
|-heal|p1a: Uxie|50/100|[from] item: Leftovers
|upkeep
|turn|16
|
|t:|1779916308
|move|p2a: Dragonite|Outrage|p1a: Uxie|[from] lockedmove
|-damage|p1a: Uxie|0 fnt
|faint|p1a: Uxie
|
|-weather|SunnyDay|[upkeep]
|upkeep
|
|t:|1779916312
|switch|p1a: Torkoal|Torkoal, M|88/100
|-damage|p1a: Torkoal|76/100|[from] Spikes
|turn|17
|
|t:|1779916316
|move|p2a: Dragonite|Outrage|p1a: Torkoal|[from] lockedmove
|-damage|p1a: Torkoal|0 fnt
|faint|p1a: Torkoal
|-start|p2a: Dragonite|confusion|[fatigue]
|
|-weather|SunnyDay|[upkeep]
|upkeep
|
|t:|1779916321
|switch|p1a: Lilligant|Lilligant-Hisui, F, tera:Grass|68/100
|-damage|p1a: Lilligant|56/100|[from] Spikes
|turn|18
|
|t:|1779916325
|move|p1a: Lilligant|Triple Axel|p2a: Dragonite
|-supereffective|p2a: Dragonite
|-damage|p2a: Dragonite|82/100
|-supereffective|p2a: Dragonite
|-damage|p2a: Dragonite|13/100
|-supereffective|p2a: Dragonite
|-damage|p2a: Dragonite|0 fnt
|faint|p2a: Dragonite
|-hitcount|p2: Dragonite|3
|-damage|p1a: Lilligant|46/100|[from] item: Life Orb
|
|-weather|none
|upkeep
|
|t:|1779916337
|switch|p2a: Iron Valiant|Iron Valiant|100/100
|-enditem|p2a: Iron Valiant|Booster Energy
|-activate|p2a: Iron Valiant|ability: Quark Drive|[fromitem]
|-start|p2a: Iron Valiant|quarkdrivespe
|turn|19
|
|t:|1779916352
|move|p2a: Iron Valiant|Moonblast|p1a: Lilligant
|-damage|p1a: Lilligant|0 fnt
|faint|p1a: Lilligant
|
|upkeep
|
|t:|1779916355
|switch|p1a: Magmortar|Magmortar, M, shiny|14/100
|-damage|p1a: Magmortar|2/100|[from] Spikes
|turn|20
|
|t:|1779916360
|move|p2a: Iron Valiant|Moonblast|p1a: Magmortar
|-resisted|p1a: Magmortar
|-damage|p1a: Magmortar|0 fnt
|faint|p1a: Magmortar
|
|win|Ned Stark
|raw|fortnieter's rating: 1157 &rarr; <strong>1134</strong><br />(-23 for losing)
|raw|Ned Stark's rating: 1182 &rarr; <strong>1205</strong><br />(+23 for winning)
|l|☆fortnieter
|player|p1|
|l|☆Ned Stark
|player|p2|
