|j|☆Corphish#1Fan
|j|☆richka52
|t:|1779814209
|gametype|singles
|player|p1|Corphish#1Fan|cynthia-gen4|1227
|player|p2|richka52|brycen|1210
|gen|9
|tier|[Gen 9] OU
|rated|
|rule|HP Percentage Mod: HP is shown in percentages
|rule|Endless Battle Clause: Forcing endless battles is banned
|rule|Species Clause: Limit one of each Pokémon
|rule|OHKO Clause: OHKO moves are banned
|rule|Evasion Items Clause: Evasion items are banned
|rule|Evasion Moves Clause: Evasion moves are banned
|rule|Evasion Abilities Clause: Evasion abilities are banned
|rule|Sleep Moves Clause: Sleep-inducing moves are banned
|clearpoke
|poke|p1|Pelipper, F|
|poke|p1|Basculegion-F, F|
|poke|p1|Raging Bolt|
|poke|p1|Corphish, F|
|poke|p1|Iron Treads|
|poke|p1|Tatsugiri, F|
|poke|p2|Landorus-Therian, M|
|poke|p2|Skeledirge, M|
|poke|p2|Skarmory, M|
|poke|p2|Hydrapple, F|
|poke|p2|Samurott-Hisui, F|
|poke|p2|Fezandipiti, M|
|teampreview
|inactive|Battle timer is ON: inactive players will automatically lose when time's up. (requested by richka52)
|
|t:|1779814217
|teamsize|p1|6
|teamsize|p2|6
|start
|switch|p1a: Pelipper|Pelipper, F|100/100
|switch|p2a: Skeledirge|Skeledirge, M|100/100
|-weather|RainDance|[from] ability: Drizzle|[of] p1a: Pelipper
|turn|1
|
|t:|1779814227
|-terastallize|p2a: Skeledirge|Flying
|move|p2a: Skeledirge|Torch Song|p1a: Pelipper
|-resisted|p1a: Pelipper
|-damage|p1a: Pelipper|90/100
|-boost|p2a: Skeledirge|spa|1
|move|p1a: Pelipper|U-turn|p2a: Skeledirge
|-resisted|p2a: Skeledirge
|-damage|p2a: Skeledirge|97/100
|
|t:|1779814234
|switch|p1a: Raging Bolt|Raging Bolt|100/100|[from] U-turn
|-enditem|p1a: Raging Bolt|Booster Energy
|-activate|p1a: Raging Bolt|ability: Protosynthesis|[fromitem]
|-start|p1a: Raging Bolt|protosynthesisspa
|
|-weather|RainDance|[upkeep]
|upkeep
|turn|2
|
|t:|1779814237
|move|p1a: Raging Bolt|Dragon Pulse|p2a: Skeledirge
|-damage|p2a: Skeledirge|39/100
|move|p2a: Skeledirge|Earth Power|p1a: Raging Bolt
|-supereffective|p1a: Raging Bolt
|-damage|p1a: Raging Bolt|39/100
|
|-weather|RainDance|[upkeep]
|upkeep
|turn|3
|
|t:|1779814242
|move|p1a: Raging Bolt|Dragon Pulse|p2a: Skeledirge
|-damage|p2a: Skeledirge|0 fnt
|faint|p2a: Skeledirge
|
|-weather|RainDance|[upkeep]
|upkeep
|
|t:|1779814249
|switch|p2a: Landorus|Landorus-Therian, M|100/100
|-ability|p2a: Landorus|Intimidate|boost
|-unboost|p1a: Raging Bolt|atk|1
|turn|4
|
|t:|1779814255
|move|p2a: Landorus|Stone Edge|p1a: Raging Bolt
|-damage|p1a: Raging Bolt|6/100
|move|p1a: Raging Bolt|Dragon Pulse|p2a: Landorus
|-damage|p2a: Landorus|0 fnt
|faint|p2a: Landorus
|
|-weather|RainDance|[upkeep]
|upkeep
|
|t:|1779814263
|switch|p2a: Samurott|Samurott-Hisui, F|100/100
|turn|5
|
|t:|1779814269
|move|p2a: Samurott|Sucker Punch|p1a: Raging Bolt
|-damage|p1a: Raging Bolt|0 fnt
|faint|p1a: Raging Bolt
|-end|p1a: Raging Bolt|Protosynthesis|[silent]
|
|-weather|RainDance|[upkeep]
|upkeep
|
|t:|1779814274
|switch|p1a: Tatsugiri|Tatsugiri, F|100/100
|turn|6
|
|t:|1779814278
|move|p1a: Tatsugiri|Draco Meteor|p2a: Samurott
|-damage|p2a: Samurott|10/100
|-unboost|p1a: Tatsugiri|spa|2
|move|p2a: Samurott|Ceaseless Edge|p1a: Tatsugiri
|-damage|p1a: Tatsugiri|13/100
|-sidestart|p1: Corphish#1Fan|Spikes
|
|-weather|RainDance|[upkeep]
|upkeep
|turn|7
|
|t:|1779814286
|switch|p1a: Iron Treads|Iron Treads|100/100
|-damage|p1a: Iron Treads|88/100|[from] Spikes
|-enditem|p1a: Iron Treads|Booster Energy
|-activate|p1a: Iron Treads|ability: Quark Drive|[fromitem]
|-start|p1a: Iron Treads|quarkdrivespe
|move|p2a: Samurott|Sucker Punch||[still]
|-fail|p2a: Samurott
|
|-weather|RainDance|[upkeep]
|upkeep
|turn|8
|
|t:|1779814291
|switch|p2a: Skarmory|Skarmory, M|100/100
|move|p1a: Iron Treads|Rapid Spin|p2a: Skarmory
|-resisted|p2a: Skarmory
|-damage|p2a: Skarmory|95/100
|-boost|p1a: Iron Treads|spe|1
|-damage|p1a: Iron Treads|72/100|[from] item: Rocky Helmet|[of] p2a: Skarmory
|-sideend|p1: Corphish#1Fan|Spikes|[from] move: Rapid Spin|[of] p1a: Iron Treads
|
|-weather|none
|upkeep
|turn|9
|
|t:|1779814297
|move|p1a: Iron Treads|Stealth Rock|p2a: Skarmory
|-sidestart|p2: richka52|move: Stealth Rock
|move|p2a: Skarmory|Stealth Rock|p1a: Iron Treads
|-sidestart|p1: Corphish#1Fan|move: Stealth Rock
|
|upkeep
|turn|10
|
|t:|1779814302
|-end|p1a: Iron Treads|Quark Drive|[silent]
|switch|p1a: Pelipper|Pelipper, F|90/100
|-damage|p1a: Pelipper|65/100|[from] Stealth Rock
|-weather|RainDance|[from] ability: Drizzle|[of] p1a: Pelipper
|move|p2a: Skarmory|Body Press|p1a: Pelipper
|-resisted|p1a: Pelipper
|-damage|p1a: Pelipper|52/100
|
|-weather|RainDance|[upkeep]
|upkeep
|turn|11
|
|t:|1779814305
|move|p2a: Skarmory|Brave Bird|p1a: Pelipper
|-damage|p1a: Pelipper|26/100
|-damage|p2a: Skarmory|87/100|[from] Recoil
|move|p1a: Pelipper|U-turn|p2a: Skarmory
|-resisted|p2a: Skarmory
|-damage|p2a: Skarmory|86/100
|-damage|p1a: Pelipper|10/100|[from] item: Rocky Helmet|[of] p2a: Skarmory
|
|t:|1779814311
|switch|p1a: Basculegion|Basculegion-F, F|100/100|[from] U-turn
|-damage|p1a: Basculegion|88/100|[from] Stealth Rock
|
|-weather|RainDance|[upkeep]
|upkeep
|turn|12
|
|t:|1779814316
|move|p1a: Basculegion|Shadow Ball|p2a: Skarmory
|-damage|p2a: Skarmory|2/100
|-unboost|p2a: Skarmory|spd|1
|move|p2a: Skarmory|Roost|p2a: Skarmory
|-heal|p2a: Skarmory|52/100
|-singleturn|p2a: Skarmory|move: Roost
|
|-weather|RainDance|[upkeep]
|upkeep
|turn|13
|
|t:|1779814324
|move|p1a: Basculegion|Shadow Ball|p2a: Skarmory
|-damage|p2a: Skarmory|0 fnt
|faint|p2a: Skarmory
|
|-weather|RainDance|[upkeep]
|upkeep
|
|t:|1779814326
|switch|p2a: Hydrapple|Hydrapple, F|100/100
|turn|14
|
|t:|1779814334
|switch|p1a: Tatsugiri|Tatsugiri, F|13/100
|-damage|p1a: Tatsugiri|1/100|[from] Stealth Rock
|move|p2a: Hydrapple|Nasty Plot|p2a: Hydrapple
|-boost|p2a: Hydrapple|spa|2
|
|-weather|RainDance|[upkeep]
|upkeep
|turn|15
|
|t:|1779814341
|move|p1a: Tatsugiri|Hydro Pump|p2a: Hydrapple|[miss]
|-miss|p1a: Tatsugiri|p2a: Hydrapple
|move|p2a: Hydrapple|Giga Drain|p1a: Tatsugiri
|-damage|p1a: Tatsugiri|0 fnt
|faint|p1a: Tatsugiri
|
|-weather|RainDance|[upkeep]
|upkeep
|
|t:|1779814344
|switch|p1a: Iron Treads|Iron Treads|72/100
|-damage|p1a: Iron Treads|68/100|[from] Stealth Rock
|turn|16
|
|t:|1779814361
|move|p1a: Iron Treads|Rapid Spin|p2a: Hydrapple
|-damage|p2a: Hydrapple|89/100
|-boost|p1a: Iron Treads|spe|1
|-sideend|p1: Corphish#1Fan|Stealth Rock|[from] move: Rapid Spin|[of] p1a: Iron Treads
|move|p2a: Hydrapple|Earth Power|p1a: Iron Treads
|-supereffective|p1a: Iron Treads
|-damage|p1a: Iron Treads|0 fnt
|faint|p1a: Iron Treads
|-end|p1a: Iron Treads|Quark Drive|[silent]
|
|-weather|RainDance|[upkeep]
|upkeep
|
|t:|1779814365
|switch|p1a: Corphish|Corphish, F|100/100
|turn|17
|
|t:|1779814368
|move|p1a: Corphish|X-Scissor|p2a: Hydrapple
|-supereffective|p2a: Hydrapple
|-damage|p2a: Hydrapple|42/100
|move|p2a: Hydrapple|Giga Drain|p1a: Corphish
|-supereffective|p1a: Corphish
|-damage|p1a: Corphish|0 fnt
|-heal|p2a: Hydrapple|69/100|[from] drain|[of] p1a: Corphish
|faint|p1a: Corphish
|
|-weather|none
|upkeep
|
|t:|1779814374
|switch|p1a: Basculegion|Basculegion-F, F|88/100
|turn|18
|
|t:|1779814377
|move|p1a: Basculegion|Shadow Ball|p2a: Hydrapple
|-damage|p2a: Hydrapple|9/100
|-unboost|p2a: Hydrapple|spd|1
|move|p2a: Hydrapple|Giga Drain|p1a: Basculegion
|-supereffective|p1a: Basculegion
|-damage|p1a: Basculegion|0 fnt
|-heal|p2a: Hydrapple|50/100|[from] drain|[of] p1a: Basculegion
|faint|p1a: Basculegion
|
|upkeep
|-message|Corphish#1Fan forfeited.
|
|win|richka52
|raw|Corphish#1Fan's rating: 1227 &rarr; <strong>1201</strong><br />(-26 for losing)
|raw|richka52's rating: 1210 &rarr; <strong>1236</strong><br />(+26 for winning)
|l|☆Corphish#1Fan
|player|p1|
|l|☆richka52
|player|p2|
