|j|☆slowlyfadingaway
|j|☆jessies boyfriend
|t:|1779905580
|gametype|singles
|player|p1|slowlyfadingaway|veteran|1424
|player|p2|jessies boyfriend|brock|1391
|gen|9
|tier|[Gen 9] OU
|rated|
|rule|HP Percentage Mod: HP is shown in percentages
|rule|Endless Battle Clause: Forcing endless battles is banned
|rule|Species Clause: Limit one of each Pokémon
|rule|OHKO Clause: OHKO moves are banned
|rule|Evasion Items Clause: Evasion items are banned
|rule|Evasion Moves Clause: Evasion moves are banned
|rule|Evasion Abilities Clause: Evasion abilities are banned
|rule|Sleep Moves Clause: Sleep-inducing moves are banned
|clearpoke
|poke|p1|Greninja-*, M|
|poke|p1|Forretress, F|
|poke|p1|Samurott-Hisui, M|
|poke|p1|Garchomp, F|
|poke|p1|Scizor, M|
|poke|p1|Diancie|
|poke|p2|Houndstone, F|
|poke|p2|Glimmora, F|
|poke|p2|Scrafty, F|
|poke|p2|Samurott-Hisui, M|
|poke|p2|Great Tusk|
|poke|p2|Milotic, F|
|teampreview
|inactive|Battle timer is ON: inactive players will automatically lose when time's up. (requested by slowlyfadingaway)
|
|t:|1779905592
|teamsize|p1|6
|teamsize|p2|6
|start
|switch|p1a: Greninja|Greninja, M|100/100
|switch|p2a: Glimmora|Glimmora, F|100/100
|-item|p2a: Glimmora|Air Balloon
|turn|1
|
|t:|1779905604
|switch|p2a: Samurott|Samurott-Hisui, M, shiny|100/100
|move|p1a: Greninja|Water Shuriken|p2a: Samurott
|-resisted|p2a: Samurott
|-damage|p2a: Samurott|98/100
|-resisted|p2a: Samurott
|-damage|p2a: Samurott|96/100
|-resisted|p2a: Samurott
|-damage|p2a: Samurott|94/100
|-resisted|p2a: Samurott
|-damage|p2a: Samurott|92/100
|-resisted|p2a: Samurott
|-damage|p2a: Samurott|90/100
|-hitcount|p2a: Samurott|5
|
|upkeep
|turn|2
|
|t:|1779905609
|move|p1a: Greninja|U-turn|p2a: Samurott
|-supereffective|p2a: Samurott
|-damage|p2a: Samurott|63/100
|
|t:|1779905617
|switch|p1a: Forretress|Forretress, F|100/100|[from] U-turn
|move|p2a: Samurott|Ceaseless Edge|p1a: Forretress
|-damage|p1a: Forretress|81/100
|-sidestart|p1: slowlyfadingaway|Spikes
|
|upkeep
|turn|3
|
|t:|1779905624
|switch|p2a: Houndstone|Houndstone, F|100/100
|move|p1a: Forretress|Stealth Rock|p2a: Houndstone
|-sidestart|p2: jessies boyfriend|move: Stealth Rock
|
|upkeep
|turn|4
|
|t:|1779905628
|move|p1a: Forretress|Volt Switch|p2a: Houndstone
|-damage|p2a: Houndstone|93/100
|
|t:|1779905632
|switch|p1a: Samurott|Samurott-Hisui, M|100/100|[from] Volt Switch
|-damage|p1a: Samurott|88/100|[from] Spikes
|move|p2a: Houndstone|Roar|p1a: Samurott
|drag|p1a: Diancie|Diancie|100/100
|-damage|p1a: Diancie|88/100|[from] Spikes
|
|-heal|p2a: Houndstone|99/100|[from] item: Leftovers
|upkeep
|turn|5
|
|t:|1779905637
|move|p1a: Diancie|Rock Polish|p1a: Diancie
|-boost|p1a: Diancie|spe|2
|move|p2a: Houndstone|Roar|p1a: Diancie
|drag|p1a: Greninja|Greninja, M|100/100
|-damage|p1a: Greninja|88/100|[from] Spikes
|
|-heal|p2a: Houndstone|100/100|[from] item: Leftovers
|upkeep
|turn|6
|
|t:|1779905641
|move|p1a: Greninja|Dark Pulse|p2a: Houndstone
|-supereffective|p2a: Houndstone
|-damage|p2a: Houndstone|46/100
|move|p2a: Houndstone|Roar|p1a: Greninja
|drag|p1a: Samurott|Samurott-Hisui, M|88/100
|-damage|p1a: Samurott|76/100|[from] Spikes
|
|-heal|p2a: Houndstone|52/100|[from] item: Leftovers
|upkeep
|turn|7
|
|t:|1779905644
|move|p2a: Houndstone|Protect|p2a: Houndstone
|-singleturn|p2a: Houndstone|Protect
|move|p1a: Samurott|Ceaseless Edge|p2a: Houndstone
|-activate|p2a: Houndstone|move: Protect
|
|-heal|p2a: Houndstone|58/100|[from] item: Leftovers
|upkeep
|turn|8
|
|t:|1779905648
|switch|p2a: Great Tusk|Great Tusk|100/100
|-damage|p2a: Great Tusk|97/100|[from] Stealth Rock
|move|p1a: Samurott|Aqua Cutter|p2a: Great Tusk
|-supereffective|p2a: Great Tusk
|-damage|p2a: Great Tusk|54/100
|
|-heal|p2a: Great Tusk|60/100|[from] item: Leftovers
|upkeep
|turn|9
|
|t:|1779905658
|move|p1a: Samurott|Aqua Cutter|p2a: Great Tusk
|-supereffective|p2a: Great Tusk
|-damage|p2a: Great Tusk|17/100
|move|p2a: Great Tusk|Rapid Spin|p1a: Samurott
|-damage|p1a: Samurott|56/100
|-boost|p2a: Great Tusk|spe|1
|-sideend|p2: jessies boyfriend|Stealth Rock|[from] move: Rapid Spin|[of] p2a: Great Tusk
|
|-heal|p2a: Great Tusk|23/100|[from] item: Leftovers
|upkeep
|turn|10
|
|t:|1779905663
|move|p1a: Samurott|Aqua Jet|p2a: Great Tusk
|-supereffective|p2a: Great Tusk
|-damage|p2a: Great Tusk|5/100
|move|p2a: Great Tusk|Body Press|p1a: Samurott
|-supereffective|p1a: Samurott
|-damage|p1a: Samurott|0 fnt
|faint|p1a: Samurott
|
|-heal|p2a: Great Tusk|11/100|[from] item: Leftovers
|upkeep
|
|t:|1779905667
|switch|p1a: Greninja|Greninja, M|88/100
|-damage|p1a: Greninja|76/100|[from] Spikes
|turn|11
|
|t:|1779905674
|-end|p2a: Great Tusk|Protosynthesis|[silent]
|switch|p2a: Scrafty|Scrafty, F, shiny|100/100
|-ability|p2a: Scrafty|Intimidate|boost
|-unboost|p1a: Greninja|atk|1
|move|p1a: Greninja|Water Shuriken|p2a: Scrafty
|-damage|p2a: Scrafty|97/100
|-damage|p2a: Scrafty|92/100
|-damage|p2a: Scrafty|87/100
|-damage|p2a: Scrafty|83/100
|-hitcount|p2a: Scrafty|4
|
|upkeep
|turn|12
|
|t:|1779905683
|switch|p1a: Forretress|Forretress, F|81/100
|-damage|p1a: Forretress|68/100|[from] Spikes
|move|p2a: Scrafty|Drain Punch|p1a: Forretress
|-damage|p1a: Forretress|54/100
|-heal|p2a: Scrafty|91/100|[from] drain|[of] p1a: Forretress
|
|upkeep
|turn|13
|
|t:|1779905689
|switch|p2a: Houndstone|Houndstone, F|58/100
|move|p1a: Forretress|Stealth Rock|p2a: Houndstone
|-sidestart|p2: jessies boyfriend|move: Stealth Rock
|
|-heal|p2a: Houndstone|64/100|[from] item: Leftovers
|upkeep
|turn|14
|
|t:|1779905693
|move|p2a: Houndstone|Phantom Force||[still]
|-prepare|p2a: Houndstone|Phantom Force
|move|p1a: Forretress|Volt Switch|p2a: Houndstone|[miss]
|-miss|p1a: Forretress|p2a: Houndstone
|
|-heal|p2a: Houndstone|71/100|[from] item: Leftovers
|upkeep
|turn|15
|
|t:|1779905699
|move|p2a: Houndstone|Phantom Force|p1a: Forretress|[from] lockedmove
|-damage|p1a: Forretress|36/100
|move|p1a: Forretress|Volt Switch|p2a: Houndstone
|-damage|p2a: Houndstone|63/100
|
|t:|1779905707
|switch|p1a: Diancie|Diancie|88/100|[from] Volt Switch
|-damage|p1a: Diancie|76/100|[from] Spikes
|
|-heal|p2a: Houndstone|69/100|[from] item: Leftovers
|upkeep
|turn|16
|
|t:|1779905710
|move|p1a: Diancie|Rock Polish|p1a: Diancie
|-boost|p1a: Diancie|spe|2
|move|p2a: Houndstone|Roar|p1a: Diancie
|drag|p1a: Garchomp|Garchomp, F|100/100
|-damage|p1a: Garchomp|88/100|[from] Spikes
|
|-heal|p2a: Houndstone|75/100|[from] item: Leftovers
|upkeep
|turn|17
|
|t:|1779905714
|move|p1a: Garchomp|Scale Shot|p2a: Houndstone
|-damage|p2a: Houndstone|62/100
|-damage|p2a: Houndstone|49/100
|-damage|p2a: Houndstone|35/100
|-damage|p2a: Houndstone|21/100
|-damage|p2a: Houndstone|9/100
|-hitcount|p2a: Houndstone|5
|-unboost|p1a: Garchomp|def|1
|-boost|p1a: Garchomp|spe|1
|move|p2a: Houndstone|Roar|p1a: Garchomp
|drag|p1a: Diancie|Diancie|76/100
|-damage|p1a: Diancie|63/100|[from] Spikes
|
|-heal|p2a: Houndstone|15/100|[from] item: Leftovers
|upkeep
|turn|18
|
|t:|1779905718
|move|p1a: Diancie|Rock Polish|p1a: Diancie
|-boost|p1a: Diancie|spe|2
|move|p2a: Houndstone|Pain Split|p1a: Diancie
|-sethp|p1a: Diancie|42/100|[from] move: Pain Split|[silent]
|-sethp|p2a: Houndstone|30/100|[from] move: Pain Split
|
|-heal|p2a: Houndstone|36/100|[from] item: Leftovers
|upkeep
|turn|19
|-message|jessies boyfriend forfeited.
|
|win|slowlyfadingaway
|raw|slowlyfadingaway's rating: 1424 &rarr; <strong>1442</strong><br />(+18 for winning)
|raw|jessies boyfriend's rating: 1391 &rarr; <strong>1373</strong><br />(-18 for losing)
|l|☆jessies boyfriend
|player|p2|
|l|☆slowlyfadingaway
|player|p1|
