|j|☆NEON AKATSUKI
|j|☆POOPIEBUTTS
|t:|1779899666
|gametype|singles
|player|p1|NEON AKATSUKI|veteran|1106
|player|p2|POOPIEBUTTS|101|1127
|gen|9
|tier|[Gen 9] OU
|rated|
|rule|HP Percentage Mod: HP is shown in percentages
|rule|Endless Battle Clause: Forcing endless battles is banned
|rule|Species Clause: Limit one of each Pokémon
|rule|OHKO Clause: OHKO moves are banned
|rule|Evasion Items Clause: Evasion items are banned
|rule|Evasion Moves Clause: Evasion moves are banned
|rule|Evasion Abilities Clause: Evasion abilities are banned
|rule|Sleep Moves Clause: Sleep-inducing moves are banned
|clearpoke
|poke|p1|Arcanine-Hisui, M|
|poke|p1|Charizard, M|
|poke|p1|Tyranitar, M|
|poke|p1|Grimmsnarl, M|
|poke|p1|Ursaluna, M|
|poke|p1|Spiritomb, M|
|poke|p2|Pelipper, M|
|poke|p2|Overqwil, F|
|poke|p2|Regieleki|
|poke|p2|Indeedee, M|
|poke|p2|Hatterene, F|
|poke|p2|Dragapult, M|
|teampreview
|inactive|Battle timer is ON: inactive players will automatically lose when time's up. (requested by NEON AKATSUKI)
|
|t:|1779899677
|teamsize|p1|6
|teamsize|p2|6
|start
|switch|p1a: Kakuzu|Grimmsnarl, M|100/100
|switch|p2a: Pelipper|Pelipper, M|100/100
|-item|p2a: Pelipper|Damp Rock|[from] ability: Frisk|[of] p1a: Kakuzu
|-weather|RainDance|[from] ability: Drizzle|[of] p2a: Pelipper
|turn|1
|
|t:|1779899686
|move|p1a: Kakuzu|Trick|p2a: Pelipper
|-activate|p1a: Kakuzu|move: Trick|[of] p2a: Pelipper
|-item|p2a: Pelipper|Choice Scarf|[from] move: Trick
|-item|p1a: Kakuzu|Damp Rock|[from] move: Trick
|move|p2a: Pelipper|Hurricane|p1a: Kakuzu
|-crit|p1a: Kakuzu
|-damage|p1a: Kakuzu|24/100
|
|-weather|RainDance|[upkeep]
|upkeep
|turn|2
|
|t:|1779899698
|switch|p1a: C-4 karura|Tyranitar, M|100/100
|-weather|Sandstorm|[from] ability: Sand Stream|[of] p1a: C-4 karura
|move|p2a: Pelipper|Hurricane|p1a: C-4 karura
|-resisted|p1a: C-4 karura
|-damage|p1a: C-4 karura|91/100
|-start|p1a: C-4 karura|confusion
|
|-weather|Sandstorm|[upkeep]
|-damage|p2a: Pelipper|94/100|[from] Sandstorm
|upkeep
|turn|3
|
|t:|1779899709
|switch|p2a: Hatterene|Hatterene, F|100/100
|switch|p1a: Kakuzu|Grimmsnarl, M|24/100
|-item|p2a: Hatterene|Rocky Helmet|[from] ability: Frisk|[of] p1a: Kakuzu
|
|-weather|Sandstorm|[upkeep]
|-damage|p1a: Kakuzu|18/100|[from] Sandstorm
|-damage|p2a: Hatterene|95/100|[from] Sandstorm
|upkeep
|turn|4
|
|t:|1779899720
|switch|p2a: Pelipper|Pelipper, M|94/100
|-weather|RainDance|[from] ability: Drizzle|[of] p2a: Pelipper
|move|p1a: Kakuzu|Spirit Break|p2a: Pelipper
|-damage|p2a: Pelipper|65/100
|-unboost|p2a: Pelipper|spa|1
|
|-weather|RainDance|[upkeep]
|upkeep
|turn|5
|
|t:|1779899730
|move|p2a: Pelipper|Surf|p1a: Kakuzu
|-damage|p1a: Kakuzu|0 fnt
|faint|p1a: Kakuzu
|
|-weather|RainDance|[upkeep]
|upkeep
|
|t:|1779899753
|switch|p1a: C-0|Arcanine-Hisui, M|100/100
|turn|6
|
|t:|1779899756
|-terastallize|p1a: C-0|Grass
|move|p1a: C-0|Head Smash|p2a: Pelipper|[miss]
|-miss|p1a: C-0|p2a: Pelipper
|move|p2a: Pelipper|Surf|p1a: C-0
|-resisted|p1a: C-0
|-damage|p1a: C-0|82/100
|
|-weather|RainDance|[upkeep]
|upkeep
|turn|7
|
|t:|1779899778
|switch|p2a: Indeedee|Indeedee, M|100/100
|-fieldstart|move: Psychic Terrain|[from] ability: Psychic Surge|[of] p2a: Indeedee
|move|p1a: C-0|Head Smash|p2a: Indeedee
|-damage|p2a: Indeedee|0 fnt
|faint|p2a: Indeedee
|
|-weather|RainDance|[upkeep]
|upkeep
|
|t:|1779899786
|switch|p2a: Hatterene|Hatterene, F|95/100
|turn|8
|
|t:|1779899792
|move|p1a: C-0|Head Smash|p2a: Hatterene
|-damage|p2a: Hatterene|0 fnt
|-damage|p1a: C-0|65/100|[from] item: Rocky Helmet|[of] p2a: Hatterene
|faint|p2a: Hatterene
|
|-weather|none
|upkeep
|
|t:|1779899800
|switch|p2a: Overqwil|Overqwil, F|100/100
|turn|9
|
|t:|1779899803
|move|p1a: C-0|Head Smash|p2a: Overqwil|[miss]
|-miss|p1a: C-0|p2a: Overqwil
|move|p2a: Overqwil|Poison Jab|p1a: C-0
|-supereffective|p1a: C-0
|-damage|p1a: C-0|0 fnt
|faint|p1a: C-0
|-damage|p2a: Overqwil|91/100|[from] item: Life Orb
|
|upkeep
|
|t:|1779899805
|switch|p1a: Setzu|Spiritomb, M|100/100
|turn|10
|inactive|POOPIEBUTTS has 120 seconds left.
|
|t:|1779899853
|switch|p2a: Pelipper|Pelipper, M|65/100
|-weather|RainDance|[from] ability: Drizzle|[of] p2a: Pelipper
|move|p1a: Setzu|Curse|p2a: Pelipper
|-start|p2a: Pelipper|Curse|[of] p1a: Setzu
|-damage|p1a: Setzu|50/100
|
|-weather|RainDance|[upkeep]
|-heal|p1a: Setzu|57/100|[from] item: Leftovers
|-damage|p2a: Pelipper|40/100|[from] Curse
|upkeep
|turn|11
|
|t:|1779899865
|move|p2a: Pelipper|Surf|p1a: Setzu
|-damage|p1a: Setzu|8/100
|move|p1a: Setzu|Icy Wind|p2a: Pelipper
|-crit|p2a: Pelipper
|-damage|p2a: Pelipper|9/100
|-unboost|p2a: Pelipper|spe|1
|
|-weather|RainDance|[upkeep]
|-heal|p1a: Setzu|15/100|[from] item: Leftovers
|-damage|p2a: Pelipper|0 fnt|[from] Curse
|faint|p2a: Pelipper
|-fieldend|move: Psychic Terrain
|upkeep
|
|t:|1779899876
|switch|p2a: Overqwil|Overqwil, F|91/100
|turn|12
|
|t:|1779899879
|move|p2a: Overqwil|Liquidation|p1a: Setzu
|-damage|p1a: Setzu|0 fnt
|faint|p1a: Setzu
|-damage|p2a: Overqwil|81/100|[from] item: Life Orb
|
|-weather|RainDance|[upkeep]
|upkeep
|
|t:|1779899883
|switch|p1a: C-4 karura|Tyranitar, M|91/100
|-weather|Sandstorm|[from] ability: Sand Stream|[of] p1a: C-4 karura
|turn|13
|inactive|POOPIEBUTTS has 120 seconds left.
|
|t:|1779899888
|-terastallize|p2a: Overqwil|Water
|move|p2a: Overqwil|Liquidation|p1a: C-4 karura
|-supereffective|p1a: C-4 karura
|-damage|p1a: C-4 karura|0 fnt
|faint|p1a: C-4 karura
|-damage|p2a: Overqwil|71/100|[from] item: Life Orb
|
|-weather|Sandstorm|[upkeep]
|-damage|p2a: Overqwil|64/100|[from] Sandstorm
|upkeep
|
|t:|1779899892
|switch|p1a: C-2 Dragón|Charizard, M|100/100
|turn|14
|
|t:|1779899898
|move|p1a: C-2 Dragón|Will-O-Wisp|p2a: Overqwil
|-status|p2a: Overqwil|brn
|move|p2a: Overqwil|Liquidation|p1a: C-2 Dragón
|-supereffective|p1a: C-2 Dragón
|-damage|p1a: C-2 Dragón|40/100
|-damage|p2a: Overqwil|55/100 brn|[from] item: Life Orb
|
|-weather|Sandstorm|[upkeep]
|-damage|p1a: C-2 Dragón|34/100|[from] Sandstorm
|-damage|p2a: Overqwil|48/100 brn|[from] Sandstorm
|-heal|p1a: C-2 Dragón|40/100|[from] item: Leftovers
|-damage|p2a: Overqwil|42/100 brn|[from] brn
|upkeep
|turn|15
|
|t:|1779899910
|move|p1a: C-2 Dragón|Hurricane|p2a: Overqwil
|-damage|p2a: Overqwil|0 fnt
|faint|p2a: Overqwil
|
|-weather|Sandstorm|[upkeep]
|-damage|p1a: C-2 Dragón|34/100|[from] Sandstorm
|-heal|p1a: C-2 Dragón|40/100|[from] item: Leftovers
|upkeep
|
|t:|1779899916
|switch|p2a: Regieleki|Regieleki|100/100
|turn|16
|
|t:|1779899920
|move|p2a: Regieleki|Volt Switch|p1a: C-2 Dragón
|-supereffective|p1a: C-2 Dragón
|-damage|p1a: C-2 Dragón|0 fnt
|faint|p1a: C-2 Dragón
|-damage|p2a: Regieleki|91/100|[from] item: Life Orb
|
|t:|1779899926
|switch|p2a: Dragapult|Dragapult, M|100/100|[from] Volt Switch
|
|-weather|Sandstorm|[upkeep]
|-damage|p2a: Dragapult|95/100|[from] Sandstorm
|upkeep
|
|t:|1779899927
|switch|p1a: Hiruko|Ursaluna, M|100/100
|turn|17
|
|t:|1779899935
|move|p2a: Dragapult|Substitute|p2a: Dragapult
|-start|p2a: Dragapult|Substitute
|-damage|p2a: Dragapult|70/100
|move|p1a: Hiruko|Avalanche|p2a: Dragapult
|-supereffective|p2a: Dragapult
|-end|p2a: Dragapult|Substitute
|
|-weather|none
|upkeep
|turn|18
|
|t:|1779899944
|move|p2a: Dragapult|Dragon Darts|p1a: Hiruko
|-damage|p1a: Hiruko|77/100
|-anim|p2a: Dragapult|Dragon Darts|p1a: Hiruko
|-damage|p1a: Hiruko|52/100
|-damage|p2a: Dragapult|60/100|[from] item: Life Orb
|move|p1a: Hiruko|Avalanche|p2a: Dragapult
|-supereffective|p2a: Dragapult
|-damage|p2a: Dragapult|0 fnt
|faint|p2a: Dragapult
|
|-heal|p1a: Hiruko|58/100|[from] item: Leftovers
|upkeep
|
|t:|1779899955
|switch|p2a: Regieleki|Regieleki|91/100
|turn|19
|
|t:|1779899958
|move|p2a: Regieleki|Rapid Spin|p1a: Hiruko
|-damage|p1a: Hiruko|49/100
|-boost|p2a: Regieleki|spe|1
|-damage|p2a: Regieleki|81/100|[from] item: Life Orb
|move|p1a: Hiruko|Earthquake|p2a: Regieleki
|-supereffective|p2a: Regieleki
|-damage|p2a: Regieleki|0 fnt
|faint|p2a: Regieleki
|
|win|NEON AKATSUKI
|raw|NEON AKATSUKI's rating: 1106 &rarr; <strong>1133</strong><br />(+27 for winning)
|raw|POOPIEBUTTS's rating: 1127 &rarr; <strong>1100</strong><br />(-27 for losing)
|l|☆NEON AKATSUKI
|player|p1|
|l|☆POOPIEBUTTS
|player|p2|
