|j|☆barbaricchild68
|j|☆Eaaarth123
|t:|1779899179
|gametype|singles
|player|p1|barbaricchild68|petrel|1083
|player|p2|Eaaarth123|ethan|1108
|gen|9
|tier|[Gen 9] OU
|rated|
|rule|HP Percentage Mod: HP is shown in percentages
|rule|Endless Battle Clause: Forcing endless battles is banned
|rule|Species Clause: Limit one of each Pokémon
|rule|OHKO Clause: OHKO moves are banned
|rule|Evasion Items Clause: Evasion items are banned
|rule|Evasion Moves Clause: Evasion moves are banned
|rule|Evasion Abilities Clause: Evasion abilities are banned
|rule|Sleep Moves Clause: Sleep-inducing moves are banned
|clearpoke
|poke|p1|Garganacl, F|
|poke|p1|Moltres|
|poke|p1|Dragonite, M|
|poke|p1|Gholdengo|
|poke|p1|Raging Bolt|
|poke|p1|Great Tusk|
|poke|p2|Arcanine-Hisui, M|
|poke|p2|Gyarados, F|
|poke|p2|Salamence, M|
|poke|p2|Donphan, F|
|poke|p2|Espeon, F|
|poke|p2|Rotom-Wash|
|teampreview
|inactive|Battle timer is ON: inactive players will automatically lose when time's up. (requested by barbaricchild68)
|
|t:|1779899201
|teamsize|p1|6
|teamsize|p2|6
|start
|switch|p1a: Raging Bolt|Raging Bolt|100/100
|switch|p2a: Rotom|Rotom-Wash|100/100
|turn|1
|
|t:|1779899211
|move|p2a: Rotom|Volt Switch|p1a: Raging Bolt
|-resisted|p1a: Raging Bolt
|-damage|p1a: Raging Bolt|93/100
|
|t:|1779899220
|switch|p2a: Donphan|Donphan, F|100/100|[from] Volt Switch
|move|p1a: Raging Bolt|Volt Switch|p2a: Donphan
|-immune|p2a: Donphan
|
|upkeep
|turn|2
|
|t:|1779899229
|-end|p1a: Raging Bolt|Protosynthesis|[silent]
|switch|p1a: Gholdengo|Gholdengo|100/100
|-item|p1a: Gholdengo|Air Balloon
|move|p2a: Donphan|Earthquake|p1a: Gholdengo
|-immune|p1a: Gholdengo
|
|upkeep
|turn|3
|
|t:|1779899240
|switch|p2a: Rotom|Rotom-Wash|100/100
|move|p1a: Gholdengo|Make It Rain|p2a: Rotom
|-resisted|p2a: Rotom
|-damage|p2a: Rotom|83/100
|-unboost|p1a: Gholdengo|spa|1
|
|-heal|p2a: Rotom|89/100|[from] item: Leftovers
|upkeep
|turn|4
|
|t:|1779899250
|switch|p1a: Garganacl|Garganacl, F|100/100
|move|p2a: Rotom|Hydro Pump|p1a: Garganacl|[miss]
|-miss|p2a: Rotom|p1a: Garganacl
|
|-heal|p2a: Rotom|96/100|[from] item: Leftovers
|upkeep
|turn|5
|
|t:|1779899257
|move|p2a: Rotom|Hydro Pump|p1a: Garganacl
|-supereffective|p1a: Garganacl
|-damage|p1a: Garganacl|33/100
|move|p1a: Garganacl|Salt Cure|p2a: Rotom
|-damage|p2a: Rotom|78/100
|-start|p2a: Rotom|Salt Cure
|
|-heal|p2a: Rotom|84/100|[from] item: Leftovers
|-heal|p1a: Garganacl|39/100|[from] item: Leftovers
|-damage|p2a: Rotom|59/100|[from] Salt Cure
|upkeep
|turn|6
|
|t:|1779899267
|move|p1a: Garganacl|Protect|p1a: Garganacl
|-singleturn|p1a: Garganacl|Protect
|move|p2a: Rotom|Hydro Pump|p1a: Garganacl
|-activate|p1a: Garganacl|move: Protect
|
|-heal|p2a: Rotom|66/100|[from] item: Leftovers
|-heal|p1a: Garganacl|45/100|[from] item: Leftovers
|-damage|p2a: Rotom|41/100|[from] Salt Cure
|upkeep
|turn|7
|
|t:|1779899280
|switch|p1a: Raging Bolt|Raging Bolt|93/100
|move|p2a: Rotom|Hydro Pump|p1a: Raging Bolt
|-resisted|p1a: Raging Bolt
|-crit|p1a: Raging Bolt
|-damage|p1a: Raging Bolt|58/100
|
|-heal|p2a: Rotom|47/100|[from] item: Leftovers
|-damage|p2a: Rotom|22/100|[from] Salt Cure
|upkeep
|turn|8
|
|t:|1779899291
|move|p2a: Rotom|Hydro Pump|p1a: Raging Bolt|[miss]
|-miss|p2a: Rotom|p1a: Raging Bolt
|move|p1a: Raging Bolt|Draco Meteor|p2a: Rotom|[miss]
|-miss|p1a: Raging Bolt|p2a: Rotom
|
|-heal|p2a: Rotom|28/100|[from] item: Leftovers
|-damage|p2a: Rotom|3/100|[from] Salt Cure
|upkeep
|turn|9
|
|t:|1779899316
|-end|p1a: Raging Bolt|Protosynthesis|[silent]
|switch|p1a: Dragonite|Dragonite, M|100/100
|move|p2a: Rotom|Hydro Pump|p1a: Dragonite
|-resisted|p1a: Dragonite
|-damage|p1a: Dragonite|90/100
|
|-heal|p2a: Rotom|10/100|[from] item: Leftovers
|-damage|p2a: Rotom|0 fnt|[from] Salt Cure
|faint|p2a: Rotom
|upkeep
|inactive|Eaaarth123 has 120 seconds left.
|
|t:|1779899332
|switch|p2a: Arcanine|Arcanine-Hisui, M|100/100
|turn|10
|inactive|barbaricchild68 has 120 seconds left.
|
|t:|1779899365
|switch|p1a: Great Tusk|Great Tusk|100/100
|-terastallize|p2a: Arcanine|Electric
|move|p2a: Arcanine|Head Smash|p1a: Great Tusk|[miss]
|-miss|p2a: Arcanine|p1a: Great Tusk
|
|upkeep
|turn|11
|inactive|barbaricchild68 has 120 seconds left.
|inactive|Eaaarth123 has 120 seconds left.
|
|t:|1779899381
|switch|p2a: Espeon|Espeon, F|100/100
|move|p1a: Great Tusk|Headlong Rush|p2a: Espeon
|-damage|p2a: Espeon|5/100
|-unboost|p1a: Great Tusk|def|1
|-unboost|p1a: Great Tusk|spd|1
|
|-heal|p2a: Espeon|11/100|[from] item: Leftovers
|upkeep
|turn|12
|inactive|barbaricchild68 has 120 seconds left.
|
|t:|1779899391
|-end|p1a: Great Tusk|Protosynthesis|[silent]
|switch|p1a: Gholdengo|Gholdengo|100/100
|-item|p1a: Gholdengo|Air Balloon
|move|p2a: Espeon|Alluring Voice|p1a: Gholdengo
|-resisted|p1a: Gholdengo
|-damage|p1a: Gholdengo|88/100
|-enditem|p1a: Gholdengo|Air Balloon
|
|-heal|p2a: Espeon|17/100|[from] item: Leftovers
|upkeep
|turn|13
|inactive|barbaricchild68 has 120 seconds left.
|inactive|Eaaarth123 has 120 seconds left.
|
|t:|1779899409
|move|p2a: Espeon|Shadow Ball|p1a: Gholdengo
|-supereffective|p1a: Gholdengo
|-damage|p1a: Gholdengo|33/100
|move|p1a: Gholdengo|Shadow Ball|p2a: Espeon
|-supereffective|p2a: Espeon
|-damage|p2a: Espeon|0 fnt
|faint|p2a: Espeon
|
|upkeep
|inactive|Eaaarth123 has 120 seconds left.
|
|t:|1779899422
|switch|p2a: Gyarados|Gyarados, F|100/100
|-ability|p2a: Gyarados|Intimidate|boost
|-unboost|p1a: Gholdengo|atk|1
|turn|14
|inactive|Eaaarth123 has 120 seconds left.
|
|t:|1779899427
|move|p2a: Gyarados|Dragon Dance|p2a: Gyarados
|-boost|p2a: Gyarados|atk|1
|-boost|p2a: Gyarados|spe|1
|move|p1a: Gholdengo|Thunderbolt|p2a: Gyarados
|-supereffective|p2a: Gyarados
|-damage|p2a: Gyarados|0 fnt
|faint|p2a: Gyarados
|
|upkeep
|inactive|Eaaarth123 has 120 seconds left.
|
|t:|1779899435
|switch|p2a: Arcanine|Arcanine-Hisui, M, tera:Electric|100/100
|turn|15
|
|t:|1779899440
|move|p2a: Arcanine|Flare Blitz|p1a: Gholdengo
|-supereffective|p1a: Gholdengo
|-damage|p1a: Gholdengo|0 fnt
|faint|p1a: Gholdengo
|
|upkeep
|
|t:|1779899456
|switch|p1a: Garganacl|Garganacl, F|45/100
|turn|16
|inactive|Eaaarth123 has 120 seconds left.
|
|t:|1779899490
|move|p1a: Garganacl|Protect|p1a: Garganacl
|-singleturn|p1a: Garganacl|Protect
|move|p2a: Arcanine|Head Smash|p1a: Garganacl
|-activate|p1a: Garganacl|move: Protect
|
|-heal|p1a: Garganacl|52/100|[from] item: Leftovers
|upkeep
|turn|17
|inactive|Eaaarth123 has 120 seconds left.
|
|t:|1779899506
|switch|p2a: Donphan|Donphan, F|100/100
|move|p1a: Garganacl|Recover|p1a: Garganacl
|-heal|p1a: Garganacl|100/100
|
|upkeep
|turn|18
|
|t:|1779899528
|switch|p1a: Moltres|Moltres|100/100
|move|p2a: Donphan|Earthquake|p1a: Moltres
|-immune|p1a: Moltres
|
|upkeep
|turn|19
|
|t:|1779899556
|switch|p2a: Arcanine|Arcanine-Hisui, M, tera:Electric|100/100
|move|p1a: Moltres|Will-O-Wisp|p2a: Arcanine
|-status|p2a: Arcanine|brn
|
|-damage|p2a: Arcanine|94/100 brn|[from] brn
|upkeep
|turn|20
|
|t:|1779899574
|-terastallize|p1a: Moltres|Fairy
|move|p2a: Arcanine|Head Smash|p1a: Moltres
|-damage|p1a: Moltres|74/100
|move|p1a: Moltres|Flamethrower|p2a: Arcanine
|-damage|p2a: Arcanine|50/100 brn
|
|-damage|p2a: Arcanine|44/100 brn|[from] brn
|upkeep
|turn|21
|
|t:|1779899586
|move|p2a: Arcanine|Flare Blitz|p1a: Moltres
|-damage|p1a: Moltres|51/100
|move|p1a: Moltres|Roost|p1a: Moltres
|-heal|p1a: Moltres|100/100
|
|-damage|p2a: Arcanine|38/100 brn|[from] brn
|upkeep
|turn|22
|
|t:|1779899596
|move|p2a: Arcanine|Extreme Speed|p1a: Moltres
|-damage|p1a: Moltres|90/100
|move|p1a: Moltres|Flamethrower|p2a: Arcanine
|-damage|p2a: Arcanine|0 fnt
|faint|p2a: Arcanine
|
|upkeep
|
|t:|1779899608
|switch|p2a: Salamence|Salamence, M|100/100
|-ability|p2a: Salamence|Intimidate|boost
|-unboost|p1a: Moltres|atk|1
|turn|23
|
|t:|1779899613
|move|p2a: Salamence|Dragon Dance|p2a: Salamence
|-boost|p2a: Salamence|atk|1
|-boost|p2a: Salamence|spe|1
|move|p1a: Moltres|Will-O-Wisp|p2a: Salamence
|-status|p2a: Salamence|brn
|
|-damage|p2a: Salamence|94/100 brn|[from] brn
|upkeep
|turn|24
|-message|Eaaarth123 forfeited.
|
|win|barbaricchild68
|raw|barbaricchild68's rating: 1083 &rarr; <strong>1113</strong><br />(+30 for winning)
|raw|Eaaarth123's rating: 1108 &rarr; <strong>1081</strong><br />(-27 for losing)
|l|☆Eaaarth123
|player|p2|
|c|☆barbaricchild68|ggs
