|j|☆redsnow0
|j|☆Omari P
|t:|1779901576
|gametype|singles
|player|p1|redsnow0|170|1512
|player|p2|Omari P|pokemonrangerf|1534
|gen|9
|tier|[Gen 9] OU
|rated|
|rule|HP Percentage Mod: HP is shown in percentages
|rule|Endless Battle Clause: Forcing endless battles is banned
|rule|Species Clause: Limit one of each Pokémon
|rule|OHKO Clause: OHKO moves are banned
|rule|Evasion Items Clause: Evasion items are banned
|rule|Evasion Moves Clause: Evasion moves are banned
|rule|Evasion Abilities Clause: Evasion abilities are banned
|rule|Sleep Moves Clause: Sleep-inducing moves are banned
|clearpoke
|poke|p1|Okidogi, M|
|poke|p1|Cinderace, M|
|poke|p1|Enamorus, F|
|poke|p1|Zapdos|
|poke|p1|Hydrapple, M|
|poke|p1|Ogerpon-Wellspring, F|
|poke|p2|Conkeldurr, F|
|poke|p2|Volcanion|
|poke|p2|Fezandipiti, M|
|poke|p2|Rillaboom, M|
|poke|p2|Dragapult, F|
|poke|p2|Deoxys-Speed|
|teampreview
|inactive|Battle timer is ON: inactive players will automatically lose when time's up. (requested by Omari P)
|inactive|redsnow0 has 120 seconds left.
|
|t:|1779901614
|teamsize|p1|6
|teamsize|p2|6
|start
|switch|p1a: Enamorus|Enamorus, F|100/100
|switch|p2a: Deoxys|Deoxys-Speed|100/100
|-ability|p2a: Deoxys|Pressure
|turn|1
|
|t:|1779901642
|move|p1a: Enamorus|Earth Power|p2a: Deoxys
|-damage|p2a: Deoxys|42/100
|move|p2a: Deoxys|Ice Beam|p1a: Enamorus
|-supereffective|p1a: Enamorus
|-damage|p1a: Enamorus|20/100
|
|upkeep
|turn|2
|
|t:|1779901657
|switch|p2a: Haku|Fezandipiti, M|100/100
|-item|p2a: Haku|Air Balloon
|move|p1a: Enamorus|Earth Power|p2a: Haku
|-immune|p2a: Haku
|
|upkeep
|turn|3
|
|t:|1779901662
|switch|p1a: Okidogi|Okidogi, M|100/100
|switch|p2a: Deoxys|Deoxys-Speed|42/100
|-ability|p2a: Deoxys|Pressure
|
|upkeep
|turn|4
|
|t:|1779901676
|switch|p1a: Ogerpon|Ogerpon-Wellspring, F|100/100
|move|p2a: Deoxys|Stealth Rock|p1a: Ogerpon
|-sidestart|p1: redsnow0|move: Stealth Rock
|
|upkeep
|turn|5
|
|t:|1779901684
|move|p2a: Deoxys|Psycho Boost|p1a: Ogerpon
|-damage|p1a: Ogerpon|26/100
|-unboost|p2a: Deoxys|spa|2
|move|p1a: Ogerpon|Knock Off|p2a: Deoxys
|-supereffective|p2a: Deoxys
|-damage|p2a: Deoxys|0 fnt
|-enditem|p2a: Deoxys|Focus Sash|[from] move: Knock Off|[of] p1a: Ogerpon
|faint|p2a: Deoxys
|
|upkeep
|
|t:|1779901691
|switch|p2a: Dragapult|Dragapult, F|100/100
|turn|6
|
|t:|1779901696
|switch|p1a: Zapdos|Zapdos|100/100
|move|p2a: Dragapult|Shadow Ball|p1a: Zapdos
|-damage|p1a: Zapdos|58/100
|-damage|p2a: Dragapult|91/100|[from] item: Life Orb
|
|upkeep
|turn|7
|
|t:|1779901702
|move|p2a: Dragapult|Draco Meteor|p1a: Zapdos
|-damage|p1a: Zapdos|0 fnt
|-unboost|p2a: Dragapult|spa|2
|faint|p1a: Zapdos
|-damage|p2a: Dragapult|81/100|[from] item: Life Orb
|
|upkeep
|
|t:|1779901710
|switch|p1a: Cinderace|Cinderace, M|100/100
|turn|8
|
|t:|1779901721
|move|p2a: Dragapult|U-turn|p1a: Cinderace
|-resisted|p1a: Cinderace
|-damage|p1a: Cinderace|88/100
|-damage|p2a: Dragapult|71/100|[from] item: Life Orb
|
|t:|1779901723
|switch|p2a: Conkeldurr|Conkeldurr, F|100/100|[from] U-turn
|move|p1a: Cinderace|Court Change|p1a: Cinderace
|-start|p1a: Cinderace|typechange|Normal|[from] ability: Libero
|-swapsideconditions
|-activate|p1a: Cinderace|move: Court Change
|
|upkeep
|turn|9
|
|t:|1779901735
|switch|p1a: Hydrapple|Hydrapple, M|100/100
|move|p2a: Conkeldurr|Defog|p1a: Hydrapple
|-unboost|p1a: Hydrapple|evasion|1
|-sideend|p2: Omari P|Stealth Rock|[from] move: Defog|[of] p2a: Conkeldurr
|
|upkeep
|turn|10
|
|t:|1779901753
|switch|p1a: Okidogi|Okidogi, M|100/100
|move|p2a: Conkeldurr|Ice Punch|p1a: Okidogi
|-damage|p1a: Okidogi|77/100
|
|upkeep
|turn|11
|
|t:|1779901762
|move|p1a: Okidogi|Gunk Shot|p2a: Conkeldurr
|-damage|p2a: Conkeldurr|47/100
|move|p2a: Conkeldurr|Bulk Up|p2a: Conkeldurr
|-boost|p2a: Conkeldurr|atk|1
|-boost|p2a: Conkeldurr|def|1
|
|-heal|p2a: Conkeldurr|53/100|[from] item: Leftovers
|upkeep
|turn|12
|
|t:|1779901767
|move|p1a: Okidogi|Knock Off|p2a: Conkeldurr
|-resisted|p2a: Conkeldurr
|-damage|p2a: Conkeldurr|42/100
|-enditem|p2a: Conkeldurr|Leftovers|[from] move: Knock Off|[of] p1a: Okidogi
|move|p2a: Conkeldurr|Drain Punch|p1a: Okidogi
|-resisted|p1a: Okidogi
|-damage|p1a: Okidogi|49/100
|-heal|p2a: Conkeldurr|55/100|[from] drain|[of] p1a: Okidogi
|
|upkeep
|turn|13
|
|t:|1779901773
|move|p1a: Okidogi|Drain Punch|p2a: Conkeldurr
|-damage|p2a: Conkeldurr|32/100
|-heal|p1a: Okidogi|62/100|[from] drain|[of] p2a: Conkeldurr
|move|p2a: Conkeldurr|Drain Punch|p1a: Okidogi
|-resisted|p1a: Okidogi
|-damage|p1a: Okidogi|34/100
|-heal|p2a: Conkeldurr|45/100|[from] drain|[of] p1a: Okidogi
|
|upkeep
|turn|14
|
|t:|1779901780
|move|p1a: Okidogi|Drain Punch|p2a: Conkeldurr
|-damage|p2a: Conkeldurr|21/100
|-heal|p1a: Okidogi|47/100|[from] drain|[of] p2a: Conkeldurr
|move|p2a: Conkeldurr|Bulk Up|p2a: Conkeldurr
|-boost|p2a: Conkeldurr|atk|1
|-boost|p2a: Conkeldurr|def|1
|
|upkeep
|turn|15
|
|t:|1779901786
|move|p1a: Okidogi|Gunk Shot|p2a: Conkeldurr
|-damage|p2a: Conkeldurr|0 fnt
|faint|p2a: Conkeldurr
|
|upkeep
|
|t:|1779901791
|switch|p2a: Volcanion|Volcanion|100/100
|turn|16
|
|t:|1779901818
|-terastallize|p1a: Okidogi|Water
|move|p2a: Volcanion|Fire Blast|p1a: Okidogi
|-resisted|p1a: Okidogi
|-damage|p1a: Okidogi|17/100
|move|p1a: Okidogi|Drain Punch|p2a: Volcanion
|-damage|p2a: Volcanion|61/100
|-heal|p1a: Okidogi|34/100|[from] drain|[of] p2a: Volcanion
|
|upkeep
|turn|17
|
|t:|1779901829
|switch|p1a: Cinderace|Cinderace, M|88/100
|move|p2a: Volcanion|Fire Blast|p1a: Cinderace|[miss]
|-miss|p2a: Volcanion|p1a: Cinderace
|
|upkeep
|turn|18
|inactive|redsnow0 has 120 seconds left.
|inactive|Omari P has 120 seconds left.
|
|t:|1779901893
|move|p1a: Cinderace|U-turn|p2a: Volcanion
|-start|p1a: Cinderace|typechange|Bug|[from] ability: Libero
|-resisted|p2a: Volcanion
|-damage|p2a: Volcanion|49/100
|
|t:|1779901898
|switch|p1a: Hydrapple|Hydrapple, M|100/100|[from] U-turn
|move|p2a: Volcanion|Fire Blast|p1a: Hydrapple
|-damage|p1a: Hydrapple|18/100
|
|upkeep
|turn|19
|
|t:|1779901905
|switch|p1a: Cinderace|Cinderace, M|88/100
|move|p2a: Volcanion|Fire Blast|p1a: Cinderace
|-resisted|p1a: Cinderace
|-damage|p1a: Cinderace|28/100
|
|upkeep
|turn|20
|
|t:|1779901912
|move|p1a: Cinderace|Low Kick|p2a: Volcanion
|-start|p1a: Cinderace|typechange|Fighting|[from] ability: Libero
|-damage|p2a: Volcanion|14/100
|move|p2a: Volcanion|Fire Blast|p1a: Cinderace
|-damage|p1a: Cinderace|0 fnt
|faint|p1a: Cinderace
|
|upkeep
|inactive|redsnow0 has 90 seconds left.
|
|t:|1779901951
|switch|p1a: Enamorus|Enamorus, F|20/100
|turn|21
|j| FaronAan
|
|t:|1779901963
|move|p1a: Enamorus|Healing Wish|p1a: Enamorus
|faint|p1a: Enamorus
|move|p2a: Volcanion|Fire Blast|p1: Enamorus|[notarget]
|-fail|p2a: Volcanion
|
|upkeep
|inactive|redsnow0 has 90 seconds left.
|
|t:|1779901978
|switch|p1a: Okidogi|Okidogi, M, tera:Water|34/100
|-heal|p1a: Okidogi|100/100|[from] move: Healing Wish
|turn|22
|inactive|redsnow0 has 90 seconds left.
|
|t:|1779901990
|move|p2a: Volcanion|Fire Blast|p1a: Okidogi|[miss]
|-miss|p2a: Volcanion|p1a: Okidogi
|move|p1a: Okidogi|Knock Off|p2a: Volcanion
|-damage|p2a: Volcanion|0 fnt
|-enditem|p2a: Volcanion|Choice Specs|[from] move: Knock Off|[of] p1a: Okidogi
|faint|p2a: Volcanion
|
|upkeep
|
|t:|1779901994
|switch|p2a: Haku|Fezandipiti, M|100/100
|-item|p2a: Haku|Air Balloon
|turn|23
|
|t:|1779901998
|move|p2a: Haku|Swords Dance|p2a: Haku
|-boost|p2a: Haku|atk|2
|move|p1a: Okidogi|Gunk Shot|p2a: Haku
|-damage|p2a: Haku|22/100
|-enditem|p2a: Haku|Air Balloon
|
|upkeep
|turn|24
|
|t:|1779902006
|move|p2a: Haku|Thief|p1a: Okidogi
|-damage|p1a: Okidogi|56/100
|-enditem|p1a: Okidogi|Assault Vest|[silent]|[from] move: Thief|[of] p2a: Haku
|-item|p2a: Haku|Assault Vest|[from] move: Thief|[of] p1a: Okidogi
|move|p1a: Okidogi|High Horsepower|p2a: Haku
|-supereffective|p2a: Haku
|-damage|p2a: Haku|0 fnt
|faint|p2a: Haku
|
|upkeep
|c|☆Omari P|honestly
|c|☆Omari P|i just wanted to see what the item was
|
|t:|1779902024
|switch|p2a: Rillaboom|Rillaboom, M|100/100
|-fieldstart|move: Grassy Terrain|[from] ability: Grassy Surge|[of] p2a: Rillaboom
|turn|25
|c|☆redsnow0|ahah
|c|☆Omari P|that may have cost me the game
|c|☆Omari P|but idc
|c|☆redsnow0|nah
|
|t:|1779902045
|switch|p1a: Hydrapple|Hydrapple, M|51/100
|move|p2a: Rillaboom|Wood Hammer|p1a: Hydrapple
|-resisted|p1a: Hydrapple
|-crit|p1a: Hydrapple
|-damage|p1a: Hydrapple|19/100
|-damage|p2a: Rillaboom|88/100|[from] Recoil
|-damage|p2a: Rillaboom|78/100|[from] item: Life Orb
|
|-heal|p2a: Rillaboom|84/100|[from] Grassy Terrain
|-heal|p1a: Hydrapple|25/100|[from] Grassy Terrain
|upkeep
|turn|26
|c|☆redsnow0|you got this
|inactive|redsnow0 has 120 seconds left.
|inactive|redsnow0 has 90 seconds left.
|
|t:|1779902080
|move|p2a: Rillaboom|Swords Dance|p2a: Rillaboom
|-boost|p2a: Rillaboom|atk|2
|move|p1a: Hydrapple|Draco Meteor|p2a: Rillaboom
|-damage|p2a: Rillaboom|3/100
|-unboost|p1a: Hydrapple|spa|2
|
|-heal|p2a: Rillaboom|10/100|[from] Grassy Terrain
|-heal|p1a: Hydrapple|32/100|[from] Grassy Terrain
|upkeep
|turn|27
|
|t:|1779902095
|move|p2a: Rillaboom|Grassy Glide|p1a: Hydrapple
|-resisted|p1a: Hydrapple
|-damage|p1a: Hydrapple|13/100
|-damage|p2a: Rillaboom|0 fnt|[from] item: Life Orb
|faint|p2a: Rillaboom
|move|p1a: Hydrapple|Giga Drain|p2: Rillaboom|[notarget]
|-fail|p1a: Hydrapple
|
|-heal|p1a: Hydrapple|19/100|[from] Grassy Terrain
|upkeep
|
|t:|1779902097
|switch|p2a: Dragapult|Dragapult, F|71/100
|turn|28
|c|☆redsnow0|uh it was orb
|inactive|redsnow0 has 90 seconds left.
|
|t:|1779902118
|move|p2a: Dragapult|Shadow Ball|p1a: Hydrapple
|-damage|p1a: Hydrapple|0 fnt
|faint|p1a: Hydrapple
|-damage|p2a: Dragapult|61/100|[from] item: Life Orb
|
|-heal|p2a: Dragapult|67/100|[from] Grassy Terrain
|upkeep
|inactive|redsnow0 has 90 seconds left.
|
|t:|1779902127
|switch|p1a: Ogerpon|Ogerpon-Wellspring, F|26/100
|turn|29
|
|t:|1779902133
|move|p2a: Dragapult|U-turn|p1a: Ogerpon
|-supereffective|p1a: Ogerpon
|-damage|p1a: Ogerpon|0 fnt
|faint|p1a: Ogerpon
|-damage|p2a: Dragapult|58/100|[from] item: Life Orb
|
|-heal|p2a: Dragapult|64/100|[from] Grassy Terrain
|-fieldend|move: Grassy Terrain
|upkeep
|
|t:|1779902136
|switch|p1a: Okidogi|Okidogi, M, tera:Water|56/100
|turn|30
|c|☆redsnow0|gg
|c|☆Omari P|!dt okidogi
|c|☆Omari P|/raw <div class="message"><ul class="utilichart"><li class="result"><span class="col numcol">UUBL</span> <span class="col iconcol"><psicon pokemon="okidogi"/></span> <span class="col pokemonnamecol" style="white-space:nowrap"><a href="https://dex.pokemonshowdown.com/pokemon/okidogi" target="_blank">Okidogi</a></span> <span class="col typecol"><img src="https://play.pokemonshowdown.com/sprites/types/Poison.png" alt="Poison" height="14" width="32"><img src="https://play.pokemonshowdown.com/sprites/types/Fighting.png" alt="Fighting" height="14" width="32"></span> <span style="float:left;min-height:26px"><span class="col abilitycol">Toxic Chain</span><span class="col abilitycol"><em>Guard Dog</em></span></span><span style="float:left;min-height:26px"><span class="col statcol"><em>HP</em><br />88</span> <span class="col statcol"><em>Atk</em><br />128</span> <span class="col statcol"><em>Def</em><br />115</span> <span class="col statcol"><em>SpA</em><br />58</span> <span class="col statcol"><em>SpD</em><br />86</span> <span class="col statcol"><em>Spe</em><br />80</span> <span class="col bstcol"><em>BST<br />555</em></span> </span></li><li style="clear:both"></li></ul></div>
|c|☆Omari P|/raw <font size="1"><font color="#686868">Dex#:</font> 1014&nbsp;|&ThickSpace;<font color="#686868">Gen:</font> 9&nbsp;|&ThickSpace;<font color="#686868">Height:</font> 1.8 m&nbsp;|&ThickSpace;<font color="#686868">Weight:</font> 92 kg <em>(80 BP)</em>&nbsp;|&ThickSpace;<font color="#686868">Dex Colour:</font> Black&nbsp;|&ThickSpace;<font color="#686868">Egg Group(s):</font> Undiscovered&nbsp;|&ThickSpace;<font color="#686868">Does Not Evolve</font></font>

|c|☆Omari P|i really wanna see if this kills
|
|t:|1779902155
|-terastallize|p2a: Dragapult|Ghost
|move|p2a: Dragapult|Shadow Ball|p1a: Okidogi
|-damage|p1a: Okidogi|0 fnt
|faint|p1a: Okidogi
|-damage|p2a: Dragapult|54/100|[from] item: Life Orb
|
|win|Omari P
|raw|redsnow0's rating: 1512 &rarr; <strong>1493</strong><br />(-19 for losing)
|raw|Omari P's rating: 1534 &rarr; <strong>1553</strong><br />(+19 for winning)
|c|☆Omari P|gg
|l|☆redsnow0
|player|p1|
|l|☆Omari P
|player|p2|
