|j|☆Nonchalant_Chef
|j|☆asamitt
|t:|1779802649
|gametype|singles
|player|p1|Nonchalant_Chef|waiter-gen4dp|1148
|player|p2|asamitt|winona|1206
|gen|9
|tier|[Gen 9] OU
|rated|
|rule|HP Percentage Mod: HP is shown in percentages
|rule|Endless Battle Clause: Forcing endless battles is banned
|rule|Species Clause: Limit one of each Pokémon
|rule|OHKO Clause: OHKO moves are banned
|rule|Evasion Items Clause: Evasion items are banned
|rule|Evasion Moves Clause: Evasion moves are banned
|rule|Evasion Abilities Clause: Evasion abilities are banned
|rule|Sleep Moves Clause: Sleep-inducing moves are banned
|clearpoke
|poke|p1|Piloswine, F|
|poke|p1|Gengar, F|
|poke|p1|Falinks|
|poke|p1|Electrode-Hisui|
|poke|p1|Basculin-White-Striped, M|
|poke|p1|Ambipom, M|
|poke|p2|Cramorant, M|
|poke|p2|Gallade, M|
|poke|p2|Kingambit, M|
|poke|p2|Iron Moth|
|poke|p2|Enamorus, F|
|poke|p2|Ogerpon-Cornerstone, F|
|teampreview
|inactive|Battle timer is ON: inactive players will automatically lose when time's up. (requested by Nonchalant_Chef)
|
|t:|1779802655
|teamsize|p1|6
|teamsize|p2|6
|start
|switch|p1a: Piloswine|Piloswine, F|100/100
|switch|p2a: cramp|Cramorant, M|100/100
|turn|1
|
|t:|1779802667
|move|p2a: cramp|Surf|p1a: Piloswine
|-formechange|p2a: cramp|Cramorant-Gulping|
|-supereffective|p1a: Piloswine
|-damage|p1a: Piloswine|44/100
|move|p1a: Piloswine|Avalanche|p2a: cramp
|-enditem|p2a: cramp|Focus Sash
|-damage|p2a: cramp|1/100
|-damage|p1a: Piloswine|19/100|[from] ability: Gulp Missile|[of] p2a: cramp
|-unboost|p1a: Piloswine|def|1
|-formechange|p2a: cramp|Cramorant|
|
|upkeep
|turn|2
|
|t:|1779802678
|move|p1a: Piloswine|Ice Shard|p2a: cramp
|-damage|p2a: cramp|0 fnt
|faint|p2a: cramp
|
|upkeep
|
|t:|1779802681
|switch|p2a: Gollyade|Gallade, M, shiny|100/100
|turn|3
|
|t:|1779802685
|switch|p1a: Gengar|Gengar, F|100/100
|move|p2a: Gollyade|Shadow Sneak|p1a: Gengar
|-supereffective|p1a: Gengar
|-damage|p1a: Gengar|41/100
|-start|p2a: Gollyade|Disable|Shadow Sneak|[from] ability: Cursed Body|[of] p1a: Gengar
|
|upkeep
|turn|4
|
|t:|1779802694
|move|p1a: Gengar|Destiny Bond|p1a: Gengar
|-singlemove|p1a: Gengar|Destiny Bond
|move|p2a: Gollyade|Psycho Cut|p1a: Gengar
|-supereffective|p1a: Gengar
|-damage|p1a: Gengar|0 fnt
|faint|p1a: Gengar
|-activate|p1a: Gengar|move: Destiny Bond
|faint|p2a: Gollyade
|
|upkeep
|
|t:|1779802706
|switch|p1a: Ambipom|Ambipom, M|100/100
|switch|p2a: orange face|Ogerpon-Cornerstone, F|100/100
|turn|5
|
|t:|1779802717
|-terastallize|p2a: orange face|Rock
|detailschange|p2a: orange face|Ogerpon-Cornerstone-Tera, F, tera:Rock
|-ability|p2a: orange face|Embody Aspect (Cornerstone)|boost
|-boost|p2a: orange face|def|1
|move|p1a: Ambipom|Nasty Plot|p1a: Ambipom
|-boost|p1a: Ambipom|spa|2
|move|p2a: orange face|Ivy Cudgel|p1a: Ambipom|[anim] Ivy Cudgel Rock
|-crit|p1a: Ambipom
|-damage|p1a: Ambipom|0 fnt
|faint|p1a: Ambipom
|
|upkeep
|
|t:|1779802733
|switch|p1a: Basculin|Basculin-White-Striped, M|100/100
|turn|6
|
|t:|1779802737
|move|p1a: Basculin|Flip Turn|p2a: orange face
|-supereffective|p2a: orange face
|-damage|p2a: orange face|42/100
|
|t:|1779802740
|switch|p1a: Piloswine|Piloswine, F|19/100|[from] Flip Turn
|move|p2a: orange face|Power Whip|p1a: Piloswine
|-supereffective|p1a: Piloswine
|-damage|p1a: Piloswine|0 fnt
|faint|p1a: Piloswine
|
|upkeep
|
|t:|1779802742
|switch|p1a: Basculin|Basculin-White-Striped, M|100/100
|turn|7
|
|t:|1779802752
|move|p1a: Basculin|Flip Turn|p2a: orange face
|-supereffective|p2a: orange face
|-damage|p2a: orange face|0 fnt
|faint|p2a: orange face
|detailschange|p2: orange face|Ogerpon-Cornerstone, F|[silent]
|
|t:|1779802757
|switch|p1a: Falinks|Falinks|100/100|[from] Flip Turn
|
|upkeep
|
|t:|1779802762
|switch|p2a: the ratio mon|Enamorus, F|100/100
|turn|8
|
|t:|1779802769
|move|p2a: the ratio mon|Moonblast|p1a: Falinks
|-supereffective|p1a: Falinks
|-crit|p1a: Falinks
|-damage|p1a: Falinks|0 fnt
|faint|p1a: Falinks
|
|upkeep
|
|t:|1779802773
|switch|p1a: Electrode|Electrode-Hisui|100/100
|turn|9
|
|t:|1779802779
|move|p1a: Electrode|Thunderbolt|p2a: the ratio mon
|-supereffective|p2a: the ratio mon
|-enditem|p2a: the ratio mon|Focus Sash
|-damage|p2a: the ratio mon|1/100
|move|p2a: the ratio mon|Earth Power|p1a: Electrode
|-damage|p1a: Electrode|46/100
|
|upkeep
|turn|10
|
|t:|1779802789
|move|p1a: Electrode|Thunderbolt|p2a: the ratio mon
|-supereffective|p2a: the ratio mon
|-damage|p2a: the ratio mon|0 fnt
|faint|p2a: the ratio mon
|
|upkeep
|
|t:|1779802793
|switch|p2a: really iron|Iron Moth, shiny|100/100
|-enditem|p2a: really iron|Booster Energy
|-activate|p2a: really iron|ability: Quark Drive|[fromitem]
|-start|p2a: really iron|quarkdrivespe
|turn|11
|
|t:|1779802801
|move|p2a: really iron|Sludge Wave|p1a: Electrode
|-supereffective|p1a: Electrode
|-damage|p1a: Electrode|0 fnt
|faint|p1a: Electrode
|
|upkeep
|
|t:|1779802803
|switch|p1a: Basculin|Basculin-White-Striped, M|100/100
|turn|12
|
|t:|1779802812
|-terastallize|p1a: Basculin|Water
|move|p1a: Basculin|Aqua Jet|p2a: really iron
|-supereffective|p2a: really iron
|-damage|p2a: really iron|29/100
|move|p2a: really iron|Energy Ball|p1a: Basculin
|-supereffective|p1a: Basculin
|-damage|p1a: Basculin|0 fnt
|faint|p1a: Basculin
|
|win|asamitt
|raw|Nonchalant_Chef's rating: 1148 &rarr; <strong>1127</strong><br />(-21 for losing)
|raw|asamitt's rating: 1206 &rarr; <strong>1227</strong><br />(+21 for winning)
|l|☆Nonchalant_Chef
|player|p1|
|l|☆asamitt
|player|p2|
