|j|☆azsd
|j|☆info_cntrl
|t:|1779876152
|gametype|singles
|player|p1|azsd|silver-masters|1192
|player|p2|info_cntrl|hugh|1241
|gen|9
|tier|[Gen 9] OU
|rated|
|rule|HP Percentage Mod: HP is shown in percentages
|rule|Endless Battle Clause: Forcing endless battles is banned
|rule|Species Clause: Limit one of each Pokémon
|rule|OHKO Clause: OHKO moves are banned
|rule|Evasion Items Clause: Evasion items are banned
|rule|Evasion Moves Clause: Evasion moves are banned
|rule|Evasion Abilities Clause: Evasion abilities are banned
|rule|Sleep Moves Clause: Sleep-inducing moves are banned
|clearpoke
|poke|p1|Hatterene, F|
|poke|p1|Scream Tail|
|poke|p1|Cresselia, F|
|poke|p1|Ursaluna, F|
|poke|p1|Iron Hands|
|poke|p1|Glastrier|
|poke|p2|Gliscor, F|
|poke|p2|Thundurus, M|
|poke|p2|Hatterene, F|
|poke|p2|Kommo-o, M|
|poke|p2|Toxapex, M|
|poke|p2|Ambipom, F|
|teampreview
|c|☆info_cntrl|Glhf
|c|☆azsd|glhf
|
|t:|1779876171
|teamsize|p1|6
|teamsize|p2|6
|start
|switch|p1a: Hyperion|Scream Tail|100/100
|switch|p2a: Charlie Kwerk|Ambipom, F|100/100
|-enditem|p1a: Hyperion|Booster Energy
|-activate|p1a: Hyperion|ability: Protosynthesis|[fromitem]
|-start|p1a: Hyperion|protosynthesisspe
|turn|1
|
|t:|1779876188
|move|p2a: Charlie Kwerk|Fake Out|p1a: Hyperion
|-damage|p1a: Hyperion|78/100
|cant|p1a: Hyperion|flinch
|
|upkeep
|turn|2
|
|t:|1779876193
|switch|p2a: Adieu|Hatterene, F|100/100
|move|p1a: Hyperion|Stealth Rock|p2a: Adieu
|move|p2a: Adieu|Stealth Rock|p1a: Hyperion|[from] ability: Magic Bounce
|-sidestart|p1: azsd|move: Stealth Rock
|
|upkeep
|turn|3
|
|t:|1779876201
|move|p2a: Adieu|Reflect|p2a: Adieu
|-sidestart|p2: info_cntrl|Reflect
|move|p1a: Hyperion|Trick Room|p1a: Hyperion
|-fieldstart|move: Trick Room|[of] p1a: Hyperion
|
|upkeep
|turn|4
|
|t:|1779876224
|-end|p1a: Hyperion|Protosynthesis|[silent]
|switch|p1a: Glastrier|Glastrier|100/100
|-damage|p1a: Glastrier|75/100|[from] Stealth Rock
|move|p2a: Adieu|Light Screen|p2a: Adieu
|-sidestart|p2: info_cntrl|move: Light Screen
|
|upkeep
|turn|5
|l|☆info_cntrl
|player|p2|
|j|☆info_cntrl
|player|p2|info_cntrl|hugh|
|
|t:|1779876254
|move|p1a: Glastrier|Icicle Crash|p2a: Adieu
|-damage|p2a: Adieu|63/100
|-damage|p1a: Glastrier|66/100|[from] item: Life Orb
|move|p2a: Adieu|Draining Kiss|p1a: Glastrier
|-damage|p1a: Glastrier|49/100
|-heal|p2a: Adieu|79/100|[from] drain|[of] p1a: Glastrier
|
|upkeep
|turn|6
|
|t:|1779876263
|move|p1a: Glastrier|Swords Dance|p1a: Glastrier
|-boost|p1a: Glastrier|atk|2
|move|p2a: Adieu|Draining Kiss|p1a: Glastrier
|-damage|p1a: Glastrier|32/100
|-heal|p2a: Adieu|95/100|[from] drain|[of] p1a: Glastrier
|
|upkeep
|turn|7
|
|t:|1779876269
|move|p1a: Glastrier|Icicle Crash|p2a: Adieu
|-damage|p2a: Adieu|23/100
|-damage|p1a: Glastrier|22/100|[from] item: Life Orb
|move|p2a: Adieu|Draining Kiss|p1a: Glastrier
|-damage|p1a: Glastrier|3/100
|-heal|p2a: Adieu|41/100|[from] drain|[of] p1a: Glastrier
|
|-fieldend|move: Trick Room
|upkeep
|turn|8
|
|t:|1779876279
|move|p2a: Adieu|Draining Kiss|p1a: Glastrier
|-damage|p1a: Glastrier|0 fnt
|-heal|p2a: Adieu|44/100|[from] drain|[of] p1a: Glastrier
|faint|p1a: Glastrier
|
|upkeep
|
|t:|1779876286
|switch|p1a: Wollemi|Hatterene, F|100/100
|-damage|p1a: Wollemi|88/100|[from] Stealth Rock
|turn|9
|
|t:|1779876297
|switch|p2a: Settle|Gliscor, F|100/100
|move|p1a: Wollemi|Trick Room|p1a: Wollemi
|-fieldstart|move: Trick Room|[of] p1a: Wollemi
|
|-status|p2a: Settle|tox|[from] item: Toxic Orb
|upkeep
|turn|10
|
|t:|1779876303
|move|p1a: Wollemi|Misty Explosion|p2a: Settle
|-crit|p2a: Settle
|-damage|p2a: Settle|0 fnt
|faint|p1a: Wollemi
|faint|p2a: Settle
|
|-sideend|p2: info_cntrl|Reflect
|upkeep
|
|t:|1779876326
|switch|p1a: Shirotae|Ursaluna, F|100/100
|switch|p2a: Your Ex|Toxapex, M|100/100
|-damage|p1a: Shirotae|94/100|[from] Stealth Rock
|turn|11
|
|t:|1779876333
|move|p1a: Shirotae|Swords Dance|p1a: Shirotae
|-boost|p1a: Shirotae|atk|2
|move|p2a: Your Ex|Toxic|p1a: Shirotae
|-status|p1a: Shirotae|tox
|
|-damage|p1a: Shirotae|88/100 tox|[from] psn
|-sideend|p2: info_cntrl|move: Light Screen
|upkeep
|turn|12
|
|t:|1779876341
|move|p1a: Shirotae|Facade|p2a: Your Ex
|-damage|p2a: Your Ex|0 fnt
|faint|p2a: Your Ex
|
|-damage|p1a: Shirotae|76/100 tox|[from] psn
|upkeep
|
|t:|1779876346
|switch|p2a: Charlie Kwerk|Ambipom, F|100/100
|turn|13
|
|t:|1779876349
|move|p2a: Charlie Kwerk|Fake Out|p1a: Shirotae
|-damage|p1a: Shirotae|58/100 tox
|cant|p1a: Shirotae|flinch
|
|-damage|p1a: Shirotae|40/100 tox|[from] psn
|-fieldend|move: Trick Room
|upkeep
|turn|14
|
|t:|1779876358
|-terastallize|p1a: Shirotae|Ground
|move|p2a: Charlie Kwerk|Triple Axel|p1a: Shirotae
|-supereffective|p1a: Shirotae
|-damage|p1a: Shirotae|28/100 tox
|-supereffective|p1a: Shirotae
|-damage|p1a: Shirotae|2/100 tox
|-supereffective|p1a: Shirotae
|-damage|p1a: Shirotae|0 fnt
|faint|p1a: Shirotae
|-hitcount|p1: Shirotae|3
|
|upkeep
|
|t:|1779876364
|switch|p1a: Hyperion|Scream Tail|78/100
|-damage|p1a: Hyperion|66/100|[from] Stealth Rock
|turn|15
|
|t:|1779876371
|switch|p2a: Adieu|Hatterene, F|44/100
|move|p1a: Hyperion|Trick Room|p1a: Hyperion
|-fieldstart|move: Trick Room|[of] p1a: Hyperion
|
|upkeep
|turn|16
|
|t:|1779876379
|move|p2a: Adieu|Reflect|p2a: Adieu
|-sidestart|p2: info_cntrl|Reflect
|move|p1a: Hyperion|Misty Explosion|p2a: Adieu
|-damage|p2a: Adieu|28/100
|faint|p1a: Hyperion
|-end|p1a: Hyperion|Protosynthesis|[silent]
|
|upkeep
|
|t:|1779876384
|switch|p1a: Ponthus|Iron Hands|100/100
|-damage|p1a: Ponthus|94/100|[from] Stealth Rock
|-enditem|p1a: Ponthus|Booster Energy
|-activate|p1a: Ponthus|ability: Quark Drive|[fromitem]
|-start|p1a: Ponthus|quarkdriveatk
|turn|17
|
|t:|1779876392
|move|p2a: Adieu|Pain Split|p1a: Ponthus
|-sethp|p1a: Ponthus|56/100|[from] move: Pain Split|[silent]
|-sethp|p2a: Adieu|89/100|[from] move: Pain Split
|move|p1a: Ponthus|Heavy Slam|p2a: Adieu
|-supereffective|p2a: Adieu
|-damage|p2a: Adieu|13/100
|
|upkeep
|turn|18
|
|t:|1779876402
|move|p1a: Ponthus|Heavy Slam|p2a: Adieu
|-supereffective|p2a: Adieu
|-damage|p2a: Adieu|0 fnt
|faint|p2a: Adieu
|
|upkeep
|
|t:|1779876412
|switch|p2a: Florida Keys|Kommo-o, M|100/100
|turn|19
|
|t:|1779876418
|move|p2a: Florida Keys|Vacuum Wave|p1a: Ponthus
|-damage|p1a: Ponthus|41/100
|move|p1a: Ponthus|Close Combat|p2a: Florida Keys
|-damage|p2a: Florida Keys|52/100
|-unboost|p1a: Ponthus|def|1
|-unboost|p1a: Ponthus|spd|1
|
|-fieldend|move: Trick Room
|upkeep
|turn|20
|
|t:|1779876428
|move|p2a: Florida Keys|Clanging Scales|p1a: Ponthus
|-damage|p1a: Ponthus|0 fnt
|faint|p1a: Ponthus
|-end|p1a: Ponthus|Quark Drive|[silent]
|-unboost|p2a: Florida Keys|def|1
|-enditem|p2a: Florida Keys|Throat Spray
|-boost|p2a: Florida Keys|spa|1|[from] item: Throat Spray
|
|upkeep
|
|t:|1779876431
|switch|p1a: Tournefort|Cresselia, F|100/100
|-damage|p1a: Tournefort|88/100|[from] Stealth Rock
|turn|21
|
|t:|1779876437
|-terastallize|p2a: Florida Keys|Steel
|move|p2a: Florida Keys|Clangorous Soul|p2a: Florida Keys
|-boost|p2a: Florida Keys|atk|1
|-boost|p2a: Florida Keys|def|1
|-boost|p2a: Florida Keys|spa|1
|-boost|p2a: Florida Keys|spd|1
|-boost|p2a: Florida Keys|spe|1
|-damage|p2a: Florida Keys|19/100
|move|p1a: Tournefort|Psychic|p2a: Florida Keys
|-resisted|p2a: Florida Keys
|-damage|p2a: Florida Keys|10/100
|-unboost|p2a: Florida Keys|spd|1
|
|upkeep
|turn|22
|
|t:|1779876443
|move|p2a: Florida Keys|Boomburst|p1a: Tournefort
|-damage|p1a: Tournefort|40/100
|move|p1a: Tournefort|Psychic|p2a: Florida Keys
|-resisted|p2a: Florida Keys
|-damage|p2a: Florida Keys|0 fnt
|faint|p2a: Florida Keys
|
|upkeep
|
|t:|1779876446
|switch|p2a: Charlie Kwerk|Ambipom, F|100/100
|turn|23
|-message|azsd forfeited.
|
|win|info_cntrl
|raw|azsd's rating: 1192 &rarr; <strong>1171</strong><br />(-21 for losing)
|raw|info_cntrl's rating: 1241 &rarr; <strong>1262</strong><br />(+21 for winning)
|l|☆azsd
|player|p1|
|l|☆info_cntrl
|player|p2|
