|j|☆okwhy45
|j|☆tranhdxd2314
|t:|1779952945
|gametype|singles
|player|p1|okwhy45|1|1063
|player|p2|tranhdxd2314|maid|1094
|gen|9
|tier|[Gen 9] OU
|rated|
|rule|HP Percentage Mod: HP is shown in percentages
|rule|Endless Battle Clause: Forcing endless battles is banned
|rule|Species Clause: Limit one of each Pokémon
|rule|OHKO Clause: OHKO moves are banned
|rule|Evasion Items Clause: Evasion items are banned
|rule|Evasion Moves Clause: Evasion moves are banned
|rule|Evasion Abilities Clause: Evasion abilities are banned
|rule|Sleep Moves Clause: Sleep-inducing moves are banned
|clearpoke
|poke|p1|Great Tusk|
|poke|p1|Dragapult, F|
|poke|p1|Kingambit, M|
|poke|p1|Ogerpon-Wellspring, F|
|poke|p1|Samurott-Hisui, M|
|poke|p1|Gholdengo|
|poke|p2|Clodsire, F|
|poke|p2|Hatterene, F|
|poke|p2|Tsareena, F|
|poke|p2|Mimikyu, F|
|poke|p2|Hydreigon, F|
|poke|p2|Magnezone|
|teampreview
|
|t:|1779952955
|teamsize|p1|6
|teamsize|p2|6
|start
|switch|p1a: Samurott|Samurott-Hisui, M|100/100
|switch|p2a: Hatterene|Hatterene, F|100/100
|turn|1
|inactive|Battle timer is ON: inactive players will automatically lose when time's up. (requested by okwhy45)
|
|t:|1779952977
|move|p1a: Samurott|Ceaseless Edge|p2a: Hatterene
|-damage|p2a: Hatterene|42/100
|-damage|p1a: Samurott|84/100|[from] item: Rocky Helmet|[of] p2a: Hatterene
|-sidestart|p2: tranhdxd2314|Spikes
|move|p2a: Hatterene|Trick Room|p2a: Hatterene
|-fieldstart|move: Trick Room|[of] p2a: Hatterene
|
|upkeep
|turn|2
|
|t:|1779953000
|move|p2a: Hatterene|Giga Drain|p1a: Samurott
|-supereffective|p1a: Samurott
|-damage|p1a: Samurott|0 fnt
|-heal|p2a: Hatterene|93/100|[from] drain|[of] p1a: Samurott
|faint|p1a: Samurott
|
|upkeep
|
|t:|1779953007
|switch|p1a: Great Tusk|Great Tusk|100/100
|turn|3
|
|t:|1779953016
|move|p2a: Hatterene|Psychic|p1a: Great Tusk
|-supereffective|p1a: Great Tusk
|-damage|p1a: Great Tusk|0 fnt
|faint|p1a: Great Tusk
|-end|p1a: Great Tusk|Protosynthesis|[silent]
|
|upkeep
|
|t:|1779953025
|switch|p1a: Kingambit|Kingambit, M|100/100
|-activate|p1a: Kingambit|ability: Supreme Overlord
|-start|p1a: Kingambit|fallen2|[silent]
|turn|4
|
|t:|1779953032
|switch|p2a: Tsareena|Tsareena, F|100/100
|-damage|p2a: Tsareena|88/100|[from] Spikes
|move|p1a: Kingambit|Kowtow Cleave|p2a: Tsareena
|-damage|p2a: Tsareena|0 fnt
|faint|p2a: Tsareena
|
|upkeep
|
|t:|1779953041
|switch|p2a: Hydreigon|Hydreigon, F|100/100
|turn|5
|
|t:|1779953053
|move|p1a: Kingambit|Kowtow Cleave|p2a: Hydreigon
|-resisted|p2a: Hydreigon
|-damage|p2a: Hydreigon|56/100
|move|p2a: Hydreigon|Flamethrower|p1a: Kingambit
|-supereffective|p1a: Kingambit
|-damage|p1a: Kingambit|0 fnt
|faint|p1a: Kingambit
|-end|p1a: Kingambit|fallen2|[silent]
|
|-fieldend|move: Trick Room
|upkeep
|
|t:|1779953061
|switch|p1a: Dragapult|Dragapult, F|100/100
|turn|6
|
|t:|1779953068
|switch|p2a: Hatterene|Hatterene, F|93/100
|-damage|p2a: Hatterene|81/100|[from] Spikes
|move|p1a: Dragapult|Draco Meteor|p2a: Hatterene
|-immune|p2a: Hatterene
|
|upkeep
|turn|7
|
|t:|1779953083
|switch|p1a: Ogerpon|Ogerpon-Wellspring, F|100/100
|move|p2a: Hatterene|Calm Mind|p2a: Hatterene
|-boost|p2a: Hatterene|spa|1
|-boost|p2a: Hatterene|spd|1
|
|upkeep
|turn|8
|
|t:|1779953093
|-terastallize|p1a: Ogerpon|Water
|detailschange|p1a: Ogerpon|Ogerpon-Wellspring-Tera, F, tera:Water
|-ability|p1a: Ogerpon|Embody Aspect (Wellspring)|boost
|-boost|p1a: Ogerpon|spd|1
|move|p1a: Ogerpon|Ivy Cudgel|p2a: Hatterene|[anim] Ivy Cudgel Water
|-damage|p2a: Hatterene|0 fnt
|faint|p2a: Hatterene
|
|upkeep
|
|t:|1779953104
|switch|p2a: Magnezone|Magnezone|100/100
|-damage|p2a: Magnezone|88/100|[from] Spikes
|turn|9
|
|t:|1779953116
|move|p1a: Ogerpon|Ivy Cudgel|p2a: Magnezone|[anim] Ivy Cudgel Water
|-damage|p2a: Magnezone|3/100
|move|p2a: Magnezone|Zap Cannon|p1a: Ogerpon|[miss]
|-miss|p2a: Magnezone|p1a: Ogerpon
|-enditem|p2a: Magnezone|Blunder Policy
|-boost|p2a: Magnezone|spe|2
|
|upkeep
|turn|10
|
|t:|1779953129
|move|p2a: Magnezone|Zap Cannon|p1a: Ogerpon
|-supereffective|p1a: Ogerpon
|-damage|p1a: Ogerpon|0 fnt
|faint|p1a: Ogerpon
|detailschange|p1: Ogerpon|Ogerpon-Wellspring, F|[silent]
|
|upkeep
|
|t:|1779953135
|switch|p1a: Gholdengo|Gholdengo|100/100
|turn|11
|
|t:|1779953143
|move|p2a: Magnezone|Protect|p2a: Magnezone
|-singleturn|p2a: Magnezone|Protect
|move|p1a: Gholdengo|Make It Rain|p2a: Magnezone
|-activate|p2a: Magnezone|move: Protect
|
|upkeep
|turn|12
|
|t:|1779953156
|move|p1a: Gholdengo|Make It Rain|p2a: Magnezone
|-resisted|p2a: Magnezone
|-crit|p2a: Magnezone
|-damage|p2a: Magnezone|0 fnt
|-unboost|p1a: Gholdengo|spa|1
|faint|p2a: Magnezone
|
|upkeep
|-message|okwhy45 forfeited.
|
|win|tranhdxd2314
|raw|okwhy45's rating: 1063 &rarr; <strong>1045</strong><br />(-18 for losing)
|raw|tranhdxd2314's rating: 1094 &rarr; <strong>1118</strong><br />(+24 for winning)
|l|☆okwhy45
|player|p1|
