|j|☆goodnightnite
|j|☆tokiwakano
|t:|1779874223
|gametype|singles
|player|p1|goodnightnite|miku-water|1707
|player|p2|tokiwakano|acetrainerf|1723
|gen|9
|tier|[Gen 9] OU
|rated|
|rule|HP Percentage Mod: HP is shown in percentages
|rule|Endless Battle Clause: Forcing endless battles is banned
|rule|Species Clause: Limit one of each Pokémon
|rule|OHKO Clause: OHKO moves are banned
|rule|Evasion Items Clause: Evasion items are banned
|rule|Evasion Moves Clause: Evasion moves are banned
|rule|Evasion Abilities Clause: Evasion abilities are banned
|rule|Sleep Moves Clause: Sleep-inducing moves are banned
|clearpoke
|poke|p1|Primarina, M|
|poke|p1|Zamazenta-*|
|poke|p1|Gholdengo|
|poke|p1|Rillaboom, M|
|poke|p1|Glimmora, M|
|poke|p1|Hydreigon, M|
|poke|p2|Excadrill, F|
|poke|p2|Tyranitar, F|
|poke|p2|Enamorus, F|
|poke|p2|Hydrapple, F|
|poke|p2|Alomomola, F|
|poke|p2|Garganacl, F|
|teampreview
|inactive|Battle timer is ON: inactive players will automatically lose when time's up. (requested by goodnightnite)
|
|t:|1779874231
|teamsize|p1|6
|teamsize|p2|6
|start
|switch|p1a: Celestine|Primarina, M, shiny|100/100
|switch|p2a: Tyranitar|Tyranitar, F|100/100
|-weather|Sandstorm|[from] ability: Sand Stream|[of] p2a: Tyranitar
|turn|1
|inactive|goodnightnite has 120 seconds left.
|
|t:|1779874261
|move|p2a: Tyranitar|Stone Edge|p1a: Celestine
|-damage|p1a: Celestine|0 fnt
|faint|p1a: Celestine
|
|-weather|Sandstorm|[upkeep]
|upkeep
|inactive|goodnightnite has 120 seconds left.
|
|t:|1779874270
|switch|p1a: Kong|Rillaboom, M, shiny|100/100
|-fieldstart|move: Grassy Terrain|[from] ability: Grassy Surge|[of] p1a: Kong
|turn|2
|
|t:|1779874274
|switch|p2a: Hydrapple|Hydrapple, F|100/100
|move|p1a: Kong|Swords Dance|p1a: Kong
|-boost|p1a: Kong|atk|2
|
|-weather|Sandstorm|[upkeep]
|-damage|p1a: Kong|94/100|[from] Sandstorm
|-damage|p2a: Hydrapple|94/100|[from] Sandstorm
|-heal|p1a: Kong|100/100|[from] Grassy Terrain
|-heal|p2a: Hydrapple|100/100|[from] Grassy Terrain
|upkeep
|turn|3
|
|t:|1779874294
|move|p1a: Kong|Swords Dance|p1a: Kong
|-boost|p1a: Kong|atk|2
|move|p2a: Hydrapple|Nasty Plot|p2a: Hydrapple
|-boost|p2a: Hydrapple|spa|2
|
|-weather|Sandstorm|[upkeep]
|-damage|p1a: Kong|94/100|[from] Sandstorm
|-damage|p2a: Hydrapple|94/100|[from] Sandstorm
|-heal|p1a: Kong|100/100|[from] Grassy Terrain
|-heal|p2a: Hydrapple|100/100|[from] Grassy Terrain
|upkeep
|turn|4
|
|t:|1779874303
|move|p1a: Kong|Knock Off|p2a: Hydrapple
|-crit|p2a: Hydrapple
|-damage|p2a: Hydrapple|0 fnt
|-damage|p1a: Kong|84/100|[from] item: Rocky Helmet|[of] p2a: Hydrapple
|-enditem|p2a: Hydrapple|Rocky Helmet|[from] move: Knock Off|[of] p1a: Kong
|faint|p2a: Hydrapple
|-damage|p1a: Kong|74/100|[from] item: Life Orb
|
|-weather|Sandstorm|[upkeep]
|-damage|p1a: Kong|68/100|[from] Sandstorm
|-heal|p1a: Kong|74/100|[from] Grassy Terrain
|upkeep
|
|t:|1779874324
|switch|p2a: Garganacl|Garganacl, F|100/100
|turn|5
|
|t:|1779874327
|move|p2a: Garganacl|Protect|p2a: Garganacl
|-singleturn|p2a: Garganacl|Protect
|move|p1a: Kong|High Horsepower|p2a: Garganacl
|-activate|p2a: Garganacl|move: Protect
|
|-weather|none
|-heal|p1a: Kong|80/100|[from] Grassy Terrain
|upkeep
|turn|6
|j| crust king kahn
|
|t:|1779874343
|move|p1a: Kong|Grassy Glide|p2a: Garganacl
|-supereffective|p2a: Garganacl
|-damage|p2a: Garganacl|0 fnt
|faint|p2a: Garganacl
|-damage|p1a: Kong|70/100|[from] item: Life Orb
|
|-heal|p1a: Kong|76/100|[from] Grassy Terrain
|-fieldend|move: Grassy Terrain
|upkeep
|
|t:|1779874345
|switch|p2a: Tyranitar|Tyranitar, F|100/100
|-weather|Sandstorm|[from] ability: Sand Stream|[of] p2a: Tyranitar
|turn|7
|j| samurajen
|
|t:|1779874350
|move|p1a: Kong|High Horsepower|p2a: Tyranitar
|-supereffective|p2a: Tyranitar
|-damage|p2a: Tyranitar|0 fnt
|faint|p2a: Tyranitar
|-damage|p1a: Kong|66/100|[from] item: Life Orb
|
|-weather|Sandstorm|[upkeep]
|-damage|p1a: Kong|60/100|[from] Sandstorm
|upkeep
|-message|tokiwakano forfeited.
|
|win|goodnightnite
|raw|goodnightnite's rating: 1690 &rarr; <strong>1712</strong><br />(+22 for winning)
|raw|tokiwakano's rating: 1723 &rarr; <strong>1701</strong><br />(-22 for losing)
|l|☆tokiwakano
|player|p2|
|l|☆goodnightnite
|player|p1|
