|j|☆momoLFT
|j|☆gospel88
|t:|1779901754
|gametype|singles
|player|p1|momoLFT|265|1377
|player|p2|gospel88|acetrainer-gen4dp|1330
|gen|9
|tier|[Gen 9] OU
|rated|
|rule|HP Percentage Mod: HP is shown in percentages
|rule|Endless Battle Clause: Forcing endless battles is banned
|rule|Species Clause: Limit one of each Pokémon
|rule|OHKO Clause: OHKO moves are banned
|rule|Evasion Items Clause: Evasion items are banned
|rule|Evasion Moves Clause: Evasion moves are banned
|rule|Evasion Abilities Clause: Evasion abilities are banned
|rule|Sleep Moves Clause: Sleep-inducing moves are banned
|clearpoke
|poke|p1|Darkrai|
|poke|p1|Moltres|
|poke|p1|Iron Treads|
|poke|p1|Sinistcha|
|poke|p1|Ogerpon-Wellspring, F|
|poke|p1|Medicham, M|
|poke|p2|Venusaur, M|
|poke|p2|Zapdos|
|poke|p2|Kingambit, M|
|poke|p2|Feraligatr, M|
|poke|p2|Dragonite, M|
|poke|p2|Kingdra, F|
|teampreview
|inactive|Battle timer is ON: inactive players will automatically lose when time's up. (requested by gospel88)
|
|t:|1779901778
|teamsize|p1|6
|teamsize|p2|6
|start
|switch|p1a: Medicham|Medicham, M|100/100
|switch|p2a: Feraligatr|Feraligatr, M|100/100
|turn|1
|
|t:|1779901791
|move|p1a: Medicham|Close Combat|p2a: Feraligatr
|-damage|p2a: Feraligatr|26/100
|-unboost|p1a: Medicham|def|1
|-unboost|p1a: Medicham|spd|1
|move|p2a: Feraligatr|Liquidation|p1a: Medicham
|-damage|p1a: Medicham|0 fnt
|faint|p1a: Medicham
|
|upkeep
|
|t:|1779901809
|switch|p1a: Darkrai|Darkrai|100/100
|turn|2
|
|t:|1779901822
|move|p1a: Darkrai|Dark Pulse|p2a: Feraligatr
|-damage|p2a: Feraligatr|0 fnt
|faint|p2a: Feraligatr
|
|upkeep
|
|t:|1779901832
|switch|p2a: Yggdrasaur|Venusaur, M|100/100
|turn|3
|
|t:|1779901850
|switch|p1a: Iron Treads|Iron Treads|100/100
|move|p2a: Yggdrasaur|Growth|p2a: Yggdrasaur
|-boost|p2a: Yggdrasaur|atk|1
|-boost|p2a: Yggdrasaur|spa|1
|
|upkeep
|turn|4
|
|t:|1779901857
|move|p1a: Iron Treads|Ice Spinner|p2a: Yggdrasaur
|-supereffective|p2a: Yggdrasaur
|-crit|p2a: Yggdrasaur
|-damage|p2a: Yggdrasaur|35/100
|move|p2a: Yggdrasaur|Giga Drain|p1a: Iron Treads
|-damage|p1a: Iron Treads|65/100
|-heal|p2a: Yggdrasaur|51/100|[from] drain|[of] p1a: Iron Treads
|
|upkeep
|turn|5
|
|t:|1779901869
|move|p1a: Iron Treads|Ice Spinner|p2a: Yggdrasaur
|-supereffective|p2a: Yggdrasaur
|-damage|p2a: Yggdrasaur|10/100
|move|p2a: Yggdrasaur|Giga Drain|p1a: Iron Treads
|-damage|p1a: Iron Treads|15/100
|-heal|p2a: Yggdrasaur|32/100|[from] drain|[of] p1a: Iron Treads
|
|upkeep
|turn|6
|
|t:|1779901899
|switch|p2a: Zapdos|Zapdos|100/100
|move|p1a: Iron Treads|Ice Spinner|p2a: Zapdos
|-supereffective|p2a: Zapdos
|-damage|p2a: Zapdos|68/100
|-damage|p1a: Iron Treads|0 fnt|[from] item: Rocky Helmet|[of] p2a: Zapdos
|faint|p1a: Iron Treads
|-end|p1a: Iron Treads|Quark Drive|[silent]
|
|upkeep
|
|t:|1779901907
|switch|p1a: Darkrai|Darkrai|100/100
|turn|7
|inactive|gospel88 has 120 seconds left.
|
|t:|1779901929
|move|p1a: Darkrai|Ice Beam|p2a: Zapdos
|-supereffective|p2a: Zapdos
|-damage|p2a: Zapdos|0 fnt
|faint|p2a: Zapdos
|
|upkeep
|inactive|gospel88 has 120 seconds left.
|
|t:|1779901947
|switch|p2a: Kingambit|Kingambit, M|100/100
|-activate|p2a: Kingambit|ability: Supreme Overlord
|-start|p2a: Kingambit|fallen2|[silent]
|turn|8
|
|t:|1779901953
|switch|p1a: Moltres|Moltres|100/100
|move|p2a: Kingambit|Swords Dance|p2a: Kingambit
|-boost|p2a: Kingambit|atk|2
|
|upkeep
|turn|9
|inactive|gospel88 has 120 seconds left.
|
|t:|1779901962
|move|p2a: Kingambit|Sucker Punch||[still]
|-fail|p2a: Kingambit
|move|p1a: Moltres|Roar|p2a: Kingambit
|-end|p2a: Kingambit|fallen2|[silent]
|drag|p2a: Yggdrasaur|Venusaur, M|32/100
|
|upkeep
|turn|10
|inactive|gospel88 has 120 seconds left.
|
|t:|1779901973
|switch|p2a: MeteorSwarm|Kingdra, F|100/100
|move|p1a: Moltres|Flamethrower|p2a: MeteorSwarm
|-resisted|p2a: MeteorSwarm
|-damage|p2a: MeteorSwarm|91/100
|
|upkeep
|turn|11
|
|t:|1779901981
|switch|p1a: Ogerpon|Ogerpon-Wellspring, F|100/100
|move|p2a: MeteorSwarm|Agility|p2a: MeteorSwarm
|-boost|p2a: MeteorSwarm|spe|2
|
|upkeep
|turn|12
|
|t:|1779901996
|-terastallize|p2a: MeteorSwarm|Steel
|-terastallize|p1a: Ogerpon|Water
|detailschange|p1a: Ogerpon|Ogerpon-Wellspring-Tera, F, tera:Water
|-ability|p1a: Ogerpon|Embody Aspect (Wellspring)|boost
|-boost|p1a: Ogerpon|spd|1
|move|p2a: MeteorSwarm|Focus Energy|p2a: MeteorSwarm
|-start|p2a: MeteorSwarm|move: Focus Energy
|move|p1a: Ogerpon|Power Whip|p2a: MeteorSwarm
|-resisted|p2a: MeteorSwarm
|-damage|p2a: MeteorSwarm|50/100
|
|upkeep
|turn|13
|
|t:|1779902008
|move|p2a: MeteorSwarm|Draco Meteor|p1a: Ogerpon
|-crit|p1a: Ogerpon
|-damage|p1a: Ogerpon|0 fnt
|-unboost|p2a: MeteorSwarm|spa|2
|faint|p1a: Ogerpon
|detailschange|p1: Ogerpon|Ogerpon-Wellspring, F|[silent]
|
|upkeep
|
|t:|1779902029
|switch|p1a: Moltres|Moltres|100/100
|turn|14
|
|t:|1779902042
|move|p2a: MeteorSwarm|Scald|p1a: Moltres
|-supereffective|p1a: Moltres
|-crit|p1a: Moltres
|-damage|p1a: Moltres|0 fnt
|faint|p1a: Moltres
|
|upkeep
|-message|momoLFT forfeited.
|
|win|gospel88
|raw|momoLFT's rating: 1377 &rarr; <strong>1354</strong><br />(-23 for losing)
|raw|gospel88's rating: 1330 &rarr; <strong>1353</strong><br />(+23 for winning)
|l|☆momoLFT
|player|p1|
|l|☆gospel88
|player|p2|
