|j|☆poyoloswag
|j|☆PieCubed^3
|t:|1779934795
|gametype|singles
|player|p1|poyoloswag|102|1314
|player|p2|PieCubed^3|hilda-wonderlauncher|1369
|gen|9
|tier|[Gen 9] OU
|rated|
|rule|HP Percentage Mod: HP is shown in percentages
|rule|Endless Battle Clause: Forcing endless battles is banned
|rule|Species Clause: Limit one of each Pokémon
|rule|OHKO Clause: OHKO moves are banned
|rule|Evasion Items Clause: Evasion items are banned
|rule|Evasion Moves Clause: Evasion moves are banned
|rule|Evasion Abilities Clause: Evasion abilities are banned
|rule|Sleep Moves Clause: Sleep-inducing moves are banned
|clearpoke
|poke|p1|Spidops, F|
|poke|p1|Dragapult, F|
|poke|p1|Iron Valiant|
|poke|p1|Cinderace, F|
|poke|p1|Azelf|
|poke|p1|Landorus-Therian, M|
|poke|p2|Ninetales, F|
|poke|p2|Raging Bolt|
|poke|p2|Ceruledge, F|
|poke|p2|Hatterene, F|
|poke|p2|Leafeon, M|
|poke|p2|Great Tusk|
|teampreview
|inactive|Battle timer is ON: inactive players will automatically lose when time's up. (requested by poyoloswag)
|
|t:|1779934809
|teamsize|p1|6
|teamsize|p2|6
|start
|switch|p1a: Landorus|Landorus-Therian, M|100/100
|switch|p2a: Ninetales|Ninetales, F|100/100
|-ability|p1a: Landorus|Intimidate|boost
|-unboost|p2a: Ninetales|atk|1
|-weather|SunnyDay|[from] ability: Drought|[of] p2a: Ninetales
|turn|1
|
|t:|1779934813
|switch|p2a: Leafeon|Leafeon, M|100/100
|move|p1a: Landorus|Earthquake|p2a: Leafeon
|-resisted|p2a: Leafeon
|-damage|p2a: Leafeon|74/100
|
|-weather|SunnyDay|[upkeep]
|upkeep
|turn|2
|
|t:|1779934822
|switch|p1a: Spidops|Spidops, F|100/100
|move|p2a: Leafeon|Solar Blade||[still]
|-prepare|p2a: Leafeon|Solar Blade
|-anim|p2a: Leafeon|Solar Blade|p1a: Spidops
|-resisted|p1a: Spidops
|-damage|p1a: Spidops|59/100
|-damage|p2a: Leafeon|64/100|[from] item: Life Orb
|
|-weather|SunnyDay|[upkeep]
|upkeep
|turn|3
|
|t:|1779934844
|switch|p2a: Hatterene|Hatterene, F|100/100
|move|p1a: Spidops|Knock Off|p2a: Hatterene
|-damage|p2a: Hatterene|84/100
|-enditem|p2a: Hatterene|Eject Button|[from] move: Knock Off|[of] p1a: Spidops
|
|-weather|SunnyDay|[upkeep]
|upkeep
|turn|4
|
|t:|1779934853
|switch|p1a: Cinderace|Cinderace, F|100/100
|move|p2a: Hatterene|Dazzling Gleam|p1a: Cinderace
|-resisted|p1a: Cinderace
|-damage|p1a: Cinderace|73/100
|
|-weather|SunnyDay|[upkeep]
|upkeep
|turn|5
|
|t:|1779934864
|switch|p2a: Ceruledge|Ceruledge, F|100/100
|move|p1a: Cinderace|Pyro Ball|p2a: Ceruledge
|-resisted|p2a: Ceruledge
|-damage|p2a: Ceruledge|27/100
|-ability|p2a: Ceruledge|Weak Armor|boost
|-unboost|p2a: Ceruledge|def|1
|-boost|p2a: Ceruledge|spe|2
|-damage|p1a: Cinderace|63/100|[from] item: Life Orb
|
|-weather|SunnyDay|[upkeep]
|upkeep
|turn|6
|
|t:|1779934872
|move|p1a: Cinderace|Sucker Punch|p2a: Ceruledge
|-supereffective|p2a: Ceruledge
|-damage|p2a: Ceruledge|0 fnt
|faint|p2a: Ceruledge
|-damage|p1a: Cinderace|53/100|[from] item: Life Orb
|
|-weather|SunnyDay|[upkeep]
|upkeep
|
|t:|1779934881
|switch|p2a: Leafeon|Leafeon, M|64/100
|turn|7
|
|t:|1779934883
|move|p2a: Leafeon|Solar Blade||[still]
|-prepare|p2a: Leafeon|Solar Blade
|-anim|p2a: Leafeon|Solar Blade|p1a: Cinderace
|-resisted|p1a: Cinderace
|-damage|p1a: Cinderace|0 fnt
|faint|p1a: Cinderace
|-damage|p2a: Leafeon|54/100|[from] item: Life Orb
|
|-weather|SunnyDay|[upkeep]
|upkeep
|
|t:|1779934888
|switch|p1a: Landorus|Landorus-Therian, M|100/100
|-ability|p1a: Landorus|Intimidate|boost
|-unboost|p2a: Leafeon|atk|1
|turn|8
|
|t:|1779934897
|switch|p2a: Great Tusk|Great Tusk|100/100
|-activate|p2a: Great Tusk|ability: Protosynthesis
|-start|p2a: Great Tusk|protosynthesisspe
|move|p1a: Landorus|U-turn|p2a: Great Tusk
|-resisted|p2a: Great Tusk
|-damage|p2a: Great Tusk|92/100
|
|t:|1779934901
|switch|p1a: Dragapult|Dragapult, F|100/100|[from] U-turn
|
|-weather|none
|-end|p2a: Great Tusk|Protosynthesis
|upkeep
|turn|9
|
|t:|1779934907
|-end|p2a: Great Tusk|Protosynthesis|[silent]
|switch|p2a: Hatterene|Hatterene, F|84/100
|move|p1a: Dragapult|Shadow Ball|p2a: Hatterene
|-supereffective|p2a: Hatterene
|-damage|p2a: Hatterene|0 fnt
|faint|p2a: Hatterene
|
|upkeep
|
|t:|1779934911
|switch|p2a: Ninetales|Ninetales, F|100/100
|-weather|SunnyDay|[from] ability: Drought|[of] p2a: Ninetales
|turn|10
|
|t:|1779934923
|move|p1a: Dragapult|Shadow Ball|p2a: Ninetales
|-damage|p2a: Ninetales|47/100
|move|p2a: Ninetales|Healing Wish|p2a: Ninetales
|faint|p2a: Ninetales
|
|-weather|SunnyDay|[upkeep]
|upkeep
|
|t:|1779934926
|switch|p2a: Leafeon|Leafeon, M|54/100
|-heal|p2a: Leafeon|100/100|[from] move: Healing Wish
|turn|11
|
|t:|1779934936
|-terastallize|p2a: Leafeon|Dark
|move|p2a: Leafeon|Swords Dance|p2a: Leafeon
|-boost|p2a: Leafeon|atk|2
|move|p1a: Dragapult|Shadow Ball|p2a: Leafeon
|-resisted|p2a: Leafeon
|-damage|p2a: Leafeon|55/100
|
|-weather|SunnyDay|[upkeep]
|upkeep
|turn|12
|
|t:|1779934942
|move|p2a: Leafeon|Solar Blade||[still]
|-prepare|p2a: Leafeon|Solar Blade
|-anim|p2a: Leafeon|Solar Blade|p1a: Dragapult
|-resisted|p1a: Dragapult
|-damage|p1a: Dragapult|0 fnt
|faint|p1a: Dragapult
|-damage|p2a: Leafeon|45/100|[from] item: Life Orb
|
|-weather|SunnyDay|[upkeep]
|upkeep
|
|t:|1779934946
|switch|p1a: Landorus|Landorus-Therian, M|100/100
|-ability|p1a: Landorus|Intimidate|boost
|-unboost|p2a: Leafeon|atk|1
|turn|13
|
|t:|1779934949
|move|p2a: Leafeon|Solar Blade||[still]
|-prepare|p2a: Leafeon|Solar Blade
|-anim|p2a: Leafeon|Solar Blade|p1a: Landorus
|-damage|p1a: Landorus|0 fnt
|faint|p1a: Landorus
|-damage|p2a: Leafeon|35/100|[from] item: Life Orb
|
|-weather|SunnyDay|[upkeep]
|upkeep
|
|t:|1779934951
|switch|p1a: Spidops|Spidops, F|59/100
|turn|14
|
|t:|1779934969
|switch|p2a: Great Tusk|Great Tusk|92/100
|-activate|p2a: Great Tusk|ability: Protosynthesis
|-start|p2a: Great Tusk|protosynthesisspe
|move|p1a: Spidops|Knock Off|p2a: Great Tusk
|-resisted|p2a: Great Tusk
|-damage|p2a: Great Tusk|86/100
|-enditem|p2a: Great Tusk|Heavy-Duty Boots|[from] move: Knock Off|[of] p1a: Spidops
|
|-weather|SunnyDay|[upkeep]
|upkeep
|turn|15
|
|t:|1779934979
|move|p1a: Spidops|Silk Trap|p1a: Spidops
|-singleturn|p1a: Spidops|Protect
|move|p2a: Great Tusk|Rapid Spin|p1a: Spidops
|-activate|p1a: Spidops|move: Protect
|-unboost|p2a: Great Tusk|spe|1
|
|-weather|SunnyDay|[upkeep]
|upkeep
|turn|16
|
|t:|1779934985
|move|p2a: Great Tusk|Rapid Spin|p1a: Spidops
|-damage|p1a: Spidops|45/100
|-boost|p2a: Great Tusk|spe|1
|move|p1a: Spidops|Spikes|p2a: Great Tusk
|-sidestart|p2: PieCubed^3|Spikes
|
|-weather|SunnyDay|[upkeep]
|upkeep
|turn|17
|
|t:|1779934988
|move|p1a: Spidops|Silk Trap|p1a: Spidops
|-singleturn|p1a: Spidops|Protect
|move|p2a: Great Tusk|Bulk Up|p2a: Great Tusk
|-boost|p2a: Great Tusk|atk|1
|-boost|p2a: Great Tusk|def|1
|
|-weather|none
|-end|p2a: Great Tusk|Protosynthesis
|upkeep
|turn|18
|
|t:|1779934992
|move|p2a: Great Tusk|Rapid Spin|p1a: Spidops
|-damage|p1a: Spidops|23/100
|-boost|p2a: Great Tusk|spe|1
|-sideend|p2: PieCubed^3|Spikes|[from] move: Rapid Spin|[of] p2a: Great Tusk
|move|p1a: Spidops|Spikes|p2a: Great Tusk
|-sidestart|p2: PieCubed^3|Spikes
|
|upkeep
|turn|19
|-enditem|p1a: Spidops|Custap Berry|[eat]
|-activate|p1a: Spidops|item: Custap Berry|[consumed]
|
|t:|1779934999
|move|p1a: Spidops|Sticky Web|p2a: Great Tusk
|-sidestart|p2: PieCubed^3|move: Sticky Web
|move|p2a: Great Tusk|Bulk Up|p2a: Great Tusk
|-boost|p2a: Great Tusk|atk|1
|-boost|p2a: Great Tusk|def|1
|
|upkeep
|turn|20
|
|t:|1779935002
|move|p2a: Great Tusk|Bulk Up|p2a: Great Tusk
|-boost|p2a: Great Tusk|atk|1
|-boost|p2a: Great Tusk|def|1
|move|p1a: Spidops|Spikes|p2a: Great Tusk
|-sidestart|p2: PieCubed^3|Spikes
|
|upkeep
|turn|21
|
|t:|1779935011
|move|p2a: Great Tusk|Rapid Spin|p1a: Spidops
|-damage|p1a: Spidops|0 fnt
|-boost|p2a: Great Tusk|spe|1
|-sideend|p2: PieCubed^3|Spikes|[from] move: Rapid Spin|[of] p2a: Great Tusk
|-sideend|p2: PieCubed^3|Sticky Web|[from] move: Rapid Spin|[of] p2a: Great Tusk
|faint|p1a: Spidops
|
|upkeep
|
|t:|1779935012
|switch|p1a: Iron Valiant|Iron Valiant|100/100
|-enditem|p1a: Iron Valiant|Booster Energy
|-activate|p1a: Iron Valiant|ability: Quark Drive|[fromitem]
|-start|p1a: Iron Valiant|quarkdrivespe
|turn|22
|
|t:|1779935017
|-terastallize|p1a: Iron Valiant|Fairy
|move|p2a: Great Tusk|Headlong Rush|p1a: Iron Valiant
|-damage|p1a: Iron Valiant|0 fnt
|-unboost|p2a: Great Tusk|def|1
|-unboost|p2a: Great Tusk|spd|1
|faint|p1a: Iron Valiant
|-end|p1a: Iron Valiant|Quark Drive|[silent]
|
|upkeep
|-message|poyoloswag forfeited.
|
|win|PieCubed^3
|raw|poyoloswag's rating: 1314 &rarr; <strong>1297</strong><br />(-17 for losing)
|raw|PieCubed^3's rating: 1369 &rarr; <strong>1386</strong><br />(+17 for winning)
|l|☆poyoloswag
|player|p1|
|l|☆PieCubed^3
|player|p2|
