|j|☆iblameJoshua
|j|☆chijk
|t:|1779956164
|gametype|singles
|player|p1|iblameJoshua|n|1090
|player|p2|chijk|101|1114
|gen|9
|tier|[Gen 9] OU
|rated|
|rule|HP Percentage Mod: HP is shown in percentages
|rule|Endless Battle Clause: Forcing endless battles is banned
|rule|Species Clause: Limit one of each Pokémon
|rule|OHKO Clause: OHKO moves are banned
|rule|Evasion Items Clause: Evasion items are banned
|rule|Evasion Moves Clause: Evasion moves are banned
|rule|Evasion Abilities Clause: Evasion abilities are banned
|rule|Sleep Moves Clause: Sleep-inducing moves are banned
|clearpoke
|poke|p1|Hitmontop, M|
|poke|p1|Mesprit|
|poke|p1|Grafaiai, F|
|poke|p1|Floatzel, F|
|poke|p1|Jolteon, F|
|poke|p1|Virizion|
|poke|p2|Cramorant, M|
|poke|p2|Gallade, M|
|poke|p2|Kingambit, F|
|poke|p2|Iron Moth|
|poke|p2|Enamorus, F|
|poke|p2|Ogerpon-Cornerstone, F|
|teampreview
|
|t:|1779956174
|teamsize|p1|6
|teamsize|p2|6
|start
|switch|p1a: Jolteon|Jolteon, F|100/100
|switch|p2a: Cramorant|Cramorant, M|100/100
|turn|1
|inactive|Battle timer is ON: inactive players will automatically lose when time's up. (requested by iblameJoshua)
|
|t:|1779956190
|move|p1a: Jolteon|Volt Switch|p2a: Cramorant
|-supereffective|p2a: Cramorant
|-enditem|p2a: Cramorant|Focus Sash
|-damage|p2a: Cramorant|1/100
|
|t:|1779956196
|switch|p1a: Grafaiai|Grafaiai, F|100/100|[from] Volt Switch
|move|p2a: Cramorant|Tailwind|p2a: Cramorant
|-sidestart|p2: chijk|move: Tailwind
|
|upkeep
|turn|2
|
|t:|1779956210
|move|p1a: Grafaiai|Switcheroo|p2a: Cramorant
|-activate|p1a: Grafaiai|move: Trick|[of] p2a: Cramorant
|-item|p2a: Cramorant|Choice Band|[from] move: Switcheroo
|-enditem|p1a: Grafaiai|Choice Band|[silent]|[from] move: Switcheroo
|move|p2a: Cramorant|Surf|p1a: Grafaiai
|-formechange|p2a: Cramorant|Cramorant-Gorging|
|-damage|p1a: Grafaiai|40/100
|
|upkeep
|turn|3
|
|t:|1779956221
|move|p2a: Cramorant|Surf|p1a: Grafaiai
|-damage|p1a: Grafaiai|0 fnt
|faint|p1a: Grafaiai
|
|upkeep
|
|t:|1779956225
|switch|p1a: Jolteon|Jolteon, F|100/100
|turn|4
|inactive|chijk has 120 seconds left.
|
|t:|1779956260
|move|p2a: Cramorant|Surf|p1a: Jolteon
|-damage|p1a: Jolteon|52/100
|move|p1a: Jolteon|Thunderbolt|p2a: Cramorant
|-supereffective|p2a: Cramorant
|-damage|p2a: Cramorant|0 fnt
|-damage|p1a: Jolteon|27/100|[from] ability: Gulp Missile|[of] p2a: Cramorant
|-formechange|p2a: Cramorant|Cramorant|
|faint|p2a: Cramorant
|
|-sideend|p2: chijk|move: Tailwind
|-status|p1a: Jolteon|brn|[from] item: Flame Orb
|upkeep
|inactive|chijk has 120 seconds left.
|
|t:|1779956290
|switch|p2a: Ogerpon|Ogerpon-Cornerstone, F|100/100
|turn|5
|
|t:|1779956298
|move|p1a: Jolteon|Alluring Voice|p2a: Ogerpon
|-damage|p2a: Ogerpon|69/100
|move|p2a: Ogerpon|Trailblaze|p1a: Jolteon
|-damage|p1a: Jolteon|0 fnt
|-boost|p2a: Ogerpon|spe|1
|faint|p1a: Jolteon
|
|upkeep
|
|t:|1779956308
|switch|p1a: Hitmontop|Hitmontop, M|100/100
|-ability|p1a: Hitmontop|Intimidate|boost
|-unboost|p2a: Ogerpon|atk|1
|turn|6
|inactive|chijk has 90 seconds left.
|
|t:|1779956343
|switch|p2a: Enamorus|Enamorus, F|100/100
|move|p1a: Hitmontop|Close Combat|p2a: Enamorus
|-resisted|p2a: Enamorus
|-damage|p2a: Enamorus|79/100
|-unboost|p1a: Hitmontop|def|1
|-unboost|p1a: Hitmontop|spd|1
|
|upkeep
|turn|7
|inactive|chijk has 90 seconds left.
|
|t:|1779956355
|move|p2a: Enamorus|Moonblast|p1a: Hitmontop
|-supereffective|p1a: Hitmontop
|-damage|p1a: Hitmontop|1/100
|move|p1a: Hitmontop|Stone Edge|p2a: Enamorus
|-supereffective|p2a: Enamorus
|-damage|p2a: Enamorus|0 fnt
|faint|p2a: Enamorus
|
|upkeep
|inactive|chijk has 90 seconds left.
|
|t:|1779956367
|switch|p2a: Iron Moth|Iron Moth|100/100
|-enditem|p2a: Iron Moth|Booster Energy
|-activate|p2a: Iron Moth|ability: Quark Drive|[fromitem]
|-start|p2a: Iron Moth|quarkdrivespe
|turn|8
|
|t:|1779956374
|move|p2a: Iron Moth|Fiery Dance|p1a: Hitmontop
|-damage|p1a: Hitmontop|0 fnt
|-boost|p2a: Iron Moth|spa|1
|faint|p1a: Hitmontop
|
|upkeep
|
|t:|1779956379
|switch|p1a: Floatzel|Floatzel, F, shiny|100/100
|turn|9
|inactive|chijk has 90 seconds left.
|
|t:|1779956410
|move|p2a: Iron Moth|Energy Ball|p1a: Floatzel
|-supereffective|p1a: Floatzel
|-damage|p1a: Floatzel|0 fnt
|faint|p1a: Floatzel
|
|upkeep
|
|t:|1779956415
|switch|p1a: Mesprit|Mesprit|100/100
|turn|10
|inactive|chijk has 90 seconds left.
|
|t:|1779956431
|move|p2a: Iron Moth|Fiery Dance|p1a: Mesprit
|-damage|p1a: Mesprit|53/100
|-boost|p2a: Iron Moth|spa|1
|move|p1a: Mesprit|Psychic Noise|p2a: Iron Moth
|-supereffective|p2a: Iron Moth
|-damage|p2a: Iron Moth|44/100
|-start|p2a: Iron Moth|move: Heal Block
|
|-heal|p1a: Mesprit|59/100|[from] item: Leftovers
|upkeep
|turn|11
|
|t:|1779956445
|move|p2a: Iron Moth|Fiery Dance|p1a: Mesprit
|-damage|p1a: Mesprit|0 fnt
|faint|p1a: Mesprit
|
|-end|p2a: Iron Moth|move: Heal Block
|upkeep
|
|t:|1779956448
|switch|p1a: Virizion|Virizion, shiny|100/100
|turn|12
|
|t:|1779956452
|-terastallize|p1a: Virizion|Rock
|move|p2a: Iron Moth|Fiery Dance|p1a: Virizion
|-resisted|p1a: Virizion
|-damage|p1a: Virizion|72/100
|-boost|p2a: Iron Moth|spa|1
|move|p1a: Virizion|Calm Mind|p1a: Virizion
|-boost|p1a: Virizion|spa|1
|-boost|p1a: Virizion|spd|1
|
|upkeep
|turn|13
|
|t:|1779956465
|move|p2a: Iron Moth|Energy Ball|p1a: Virizion
|-supereffective|p1a: Virizion
|-damage|p1a: Virizion|0 fnt
|faint|p1a: Virizion
|
|win|chijk
|raw|iblameJoshua's rating: 1090 &rarr; <strong>1068</strong><br />(-22 for losing)
|raw|chijk's rating: 1114 &rarr; <strong>1137</strong><br />(+23 for winning)
|l|☆chijk
|player|p2|
|l|☆iblameJoshua
|player|p1|
