|j|☆fifodrummer
|j|☆crust king kahn
|t:|1779871446
|gametype|singles
|player|p1|fifodrummer|pokemaniac|1439
|player|p2|crust king kahn|169|1465
|gen|9
|tier|[Gen 9] OU
|rated|
|rule|HP Percentage Mod: HP is shown in percentages
|rule|Endless Battle Clause: Forcing endless battles is banned
|rule|Species Clause: Limit one of each Pokémon
|rule|OHKO Clause: OHKO moves are banned
|rule|Evasion Items Clause: Evasion items are banned
|rule|Evasion Moves Clause: Evasion moves are banned
|rule|Evasion Abilities Clause: Evasion abilities are banned
|rule|Sleep Moves Clause: Sleep-inducing moves are banned
|clearpoke
|poke|p1|Pelipper, M|
|poke|p1|Raging Bolt|
|poke|p1|Overqwil, M|
|poke|p1|Ogerpon-Wellspring, F|
|poke|p1|Scizor, M|
|poke|p1|Kingdra, F|
|poke|p2|Ninetales, M|
|poke|p2|Walking Wake|
|poke|p2|Raging Bolt|
|poke|p2|Great Tusk|
|poke|p2|Cresselia, F|
|poke|p2|Cinderace, F|
|teampreview
|inactive|Battle timer is ON: inactive players will automatically lose when time's up. (requested by fifodrummer)
|
|t:|1779871466
|teamsize|p1|6
|teamsize|p2|6
|start
|switch|p1a: High AF|Raging Bolt|100/100
|switch|p2a: Cresselia|Cresselia, F, shiny|100/100
|turn|1
|
|t:|1779871472
|move|p1a: High AF|Volt Switch|p2a: Cresselia
|-damage|p2a: Cresselia|82/100
|
|t:|1779871476
|-end|p1a: High AF|Protosynthesis|[silent]
|switch|p1a: Spike|Overqwil, M, shiny|100/100|[from] Volt Switch
|move|p2a: Cresselia|Sunny Day|p2a: Cresselia
|-weather|SunnyDay
|
|-weather|SunnyDay|[upkeep]
|upkeep
|turn|2
|
|t:|1779871483
|move|p1a: Spike|Crunch|p2a: Cresselia
|-supereffective|p2a: Cresselia
|-damage|p2a: Cresselia|10/100
|-damage|p1a: Spike|91/100|[from] item: Life Orb
|move|p2a: Cresselia|Thunder Wave|p1a: Spike
|-status|p1a: Spike|par
|
|-weather|SunnyDay|[upkeep]
|upkeep
|turn|3
|
|t:|1779871493
|switch|p2a: Great Tusk|Great Tusk|100/100
|-activate|p2a: Great Tusk|ability: Protosynthesis
|-start|p2a: Great Tusk|protosynthesisdef
|move|p1a: Spike|Crunch|p2a: Great Tusk
|-resisted|p2a: Great Tusk
|-damage|p2a: Great Tusk|91/100
|-damage|p1a: Spike|74/100 par|[from] item: Rocky Helmet|[of] p2a: Great Tusk
|-damage|p1a: Spike|64/100 par|[from] item: Life Orb
|
|-weather|SunnyDay|[upkeep]
|upkeep
|turn|4
|
|t:|1779871505
|switch|p1a: Nigel|Pelipper, M|100/100
|-weather|RainDance|[from] ability: Drizzle|[of] p1a: Nigel
|-end|p2a: Great Tusk|Protosynthesis
|move|p2a: Great Tusk|Stealth Rock|p1a: Nigel
|-sidestart|p1: fifodrummer|move: Stealth Rock
|
|-weather|RainDance|[upkeep]
|upkeep
|turn|5
|
|t:|1779871513
|-end|p2a: Great Tusk|Protosynthesis|[silent]
|switch|p2a: Ninetales|Ninetales, M|100/100
|-weather|SunnyDay|[from] ability: Drought|[of] p2a: Ninetales
|move|p1a: Nigel|U-turn|p2a: Ninetales
|-resisted|p2a: Ninetales
|-crit|p2a: Ninetales
|-damage|p2a: Ninetales|92/100
|
|t:|1779871520
|switch|p1a: High AF|Raging Bolt|100/100|[from] U-turn
|-damage|p1a: High AF|88/100|[from] Stealth Rock
|-activate|p1a: High AF|ability: Protosynthesis
|-start|p1a: High AF|protosynthesisspa
|
|-weather|SunnyDay|[upkeep]
|upkeep
|turn|6
|
|t:|1779871528
|switch|p2a: Cresselia|Cresselia, F, shiny|10/100
|move|p1a: High AF|Dragon Pulse|p2a: Cresselia
|-damage|p2a: Cresselia|0 fnt
|faint|p2a: Cresselia
|
|-weather|SunnyDay|[upkeep]
|upkeep
|
|t:|1779871547
|switch|p2a: Raging Bolt|Raging Bolt|100/100
|-activate|p2a: Raging Bolt|ability: Protosynthesis
|-start|p2a: Raging Bolt|protosynthesisspa
|turn|7
|
|t:|1779871552
|-terastallize|p1a: High AF|Fairy
|move|p1a: High AF|Dragon Pulse|p2a: Raging Bolt
|-supereffective|p2a: Raging Bolt
|-damage|p2a: Raging Bolt|30/100
|move|p2a: Raging Bolt|Draco Meteor|p1a: High AF
|-immune|p1a: High AF
|
|-weather|SunnyDay|[upkeep]
|upkeep
|turn|8
|
|t:|1779871562
|move|p2a: Raging Bolt|Thunderclap|p1a: High AF
|-damage|p1a: High AF|40/100
|move|p1a: High AF|Dragon Pulse|p2a: Raging Bolt
|-supereffective|p2a: Raging Bolt
|-damage|p2a: Raging Bolt|0 fnt
|faint|p2a: Raging Bolt
|-end|p2a: Raging Bolt|Protosynthesis|[silent]
|
|-weather|SunnyDay|[upkeep]
|upkeep
|
|t:|1779871580
|switch|p2a: Ninetales|Ninetales, M|92/100
|turn|9
|
|t:|1779871583
|move|p1a: High AF|Dragon Pulse|p2a: Ninetales
|-damage|p2a: Ninetales|19/100
|move|p2a: Ninetales|Overheat|p1a: High AF
|-damage|p1a: High AF|0 fnt
|-unboost|p2a: Ninetales|spa|2
|faint|p1a: High AF
|-end|p1a: High AF|Protosynthesis|[silent]
|
|-weather|SunnyDay|[upkeep]
|upkeep
|
|t:|1779871596
|switch|p1a: Nigel|Pelipper, M|100/100
|-damage|p1a: Nigel|76/100|[from] Stealth Rock
|-weather|RainDance|[from] ability: Drizzle|[of] p1a: Nigel
|turn|10
|
|t:|1779871603
|switch|p2a: Walking Wake|Walking Wake|100/100
|move|p1a: Nigel|Hurricane|p2a: Walking Wake
|-damage|p2a: Walking Wake|57/100
|
|-weather|RainDance|[upkeep]
|upkeep
|turn|11
|
|t:|1779871611
|switch|p1a: Iron Claw|Scizor, M, shiny|100/100
|move|p2a: Walking Wake|Draco Meteor|p1a: Iron Claw
|-resisted|p1a: Iron Claw
|-damage|p1a: Iron Claw|30/100
|-unboost|p2a: Walking Wake|spa|2
|
|-weather|RainDance|[upkeep]
|upkeep
|turn|12
|
|t:|1779871621
|-end|p2a: Walking Wake|Protosynthesis|[silent]
|switch|p2a: Great Tusk|Great Tusk|91/100
|move|p1a: Iron Claw|Defog|p2a: Great Tusk
|-unboost|p2a: Great Tusk|evasion|1
|-sideend|p1: fifodrummer|Stealth Rock|[from] move: Defog|[of] p1a: Iron Claw
|
|-weather|RainDance|[upkeep]
|upkeep
|turn|13
|
|t:|1779871628
|move|p2a: Great Tusk|Stealth Rock|p1a: Iron Claw
|-sidestart|p1: fifodrummer|move: Stealth Rock
|move|p1a: Iron Claw|Dual Wingbeat|p2a: Great Tusk
|-supereffective|p2a: Great Tusk
|-damage|p2a: Great Tusk|70/100
|-damage|p1a: Iron Claw|14/100|[from] item: Rocky Helmet|[of] p2a: Great Tusk
|-supereffective|p2a: Great Tusk
|-damage|p2a: Great Tusk|47/100
|-damage|p1a: Iron Claw|0 fnt|[from] item: Rocky Helmet|[of] p2a: Great Tusk
|faint|p1a: Iron Claw
|-hitcount|p2a: Great Tusk|2
|
|-weather|RainDance|[upkeep]
|upkeep
|
|t:|1779871641
|switch|p1a: I'm a Dragon!?|Kingdra, F|100/100
|-damage|p1a: I'm a Dragon!?|88/100|[from] Stealth Rock
|turn|14
|
|t:|1779871652
|move|p1a: I'm a Dragon!?|Dragon Pulse|p2a: Great Tusk
|-crit|p2a: Great Tusk
|-damage|p2a: Great Tusk|0 fnt
|faint|p2a: Great Tusk
|-end|p2a: Great Tusk|Protosynthesis|[silent]
|
|-weather|RainDance|[upkeep]
|upkeep
|
|t:|1779871658
|switch|p2a: Ninetales|Ninetales, M|19/100
|-weather|SunnyDay|[from] ability: Drought|[of] p2a: Ninetales
|turn|15
|
|t:|1779871671
|switch|p2a: Cinderace|Cinderace, F|100/100
|move|p1a: I'm a Dragon!?|Dragon Pulse|p2a: Cinderace
|-damage|p2a: Cinderace|30/100
|
|-weather|SunnyDay|[upkeep]
|upkeep
|turn|16
|
|t:|1779871678
|move|p2a: Cinderace|High Jump Kick|p1a: I'm a Dragon!?
|-start|p2a: Cinderace|typechange|Fighting|[from] ability: Libero
|-crit|p1a: I'm a Dragon!?
|-damage|p1a: I'm a Dragon!?|0 fnt
|faint|p1a: I'm a Dragon!?
|
|-weather|SunnyDay|[upkeep]
|upkeep
|
|t:|1779871686
|switch|p1a: Nigel|Pelipper, M|76/100
|-damage|p1a: Nigel|51/100|[from] Stealth Rock
|-weather|RainDance|[from] ability: Drizzle|[of] p1a: Nigel
|turn|17
|
|t:|1779871692
|move|p2a: Cinderace|High Jump Kick|p1a: Nigel
|-resisted|p1a: Nigel
|-damage|p1a: Nigel|0 fnt
|faint|p1a: Nigel
|
|-weather|RainDance|[upkeep]
|upkeep
|
|t:|1779871700
|switch|p1a: Spike|Overqwil, M, shiny|64/100 par
|-damage|p1a: Spike|52/100 par|[from] Stealth Rock
|turn|18
|
|t:|1779871704
|move|p2a: Cinderace|High Jump Kick|p1a: Spike
|-damage|p1a: Spike|0 fnt
|faint|p1a: Spike
|
|-weather|RainDance|[upkeep]
|upkeep
|
|t:|1779871710
|switch|p1a: The Mask|Ogerpon-Wellspring, F|100/100
|-damage|p1a: The Mask|88/100|[from] Stealth Rock
|turn|19
|
|t:|1779871715
|switch|p2a: Ninetales|Ninetales, M|19/100
|-weather|SunnyDay|[from] ability: Drought|[of] p2a: Ninetales
|move|p1a: The Mask|Quick Attack|p2a: Ninetales
|-damage|p2a: Ninetales|0 fnt
|faint|p2a: Ninetales
|
|-weather|SunnyDay|[upkeep]
|upkeep
|
|t:|1779871720
|switch|p2a: Cinderace|Cinderace, F|30/100
|turn|20
|
|t:|1779871727
|move|p1a: The Mask|Quick Attack|p2a: Cinderace
|-damage|p2a: Cinderace|7/100
|move|p2a: Cinderace|Pyro Ball|p1a: The Mask|[miss]
|-miss|p2a: Cinderace|p1a: The Mask
|
|-weather|SunnyDay|[upkeep]
|upkeep
|turn|21
|
|t:|1779871734
|move|p1a: The Mask|Quick Attack|p2a: Cinderace
|-damage|p2a: Cinderace|0 fnt
|faint|p2a: Cinderace
|
|-weather|SunnyDay|[upkeep]
|upkeep
|
|t:|1779871739
|switch|p2a: Walking Wake|Walking Wake|57/100
|-activate|p2a: Walking Wake|ability: Protosynthesis
|-start|p2a: Walking Wake|protosynthesisspe
|turn|22
|
|t:|1779871747
|move|p2a: Walking Wake|Draco Meteor|p1a: The Mask
|-damage|p1a: The Mask|0 fnt
|-unboost|p2a: Walking Wake|spa|2
|faint|p1a: The Mask
|
|win|crust king kahn
|raw|fifodrummer's rating: 1439 &rarr; <strong>1420</strong><br />(-19 for losing)
|raw|crust king kahn's rating: 1465 &rarr; <strong>1484</strong><br />(+19 for winning)
|c|☆fifodrummer|Ggs
|l|☆fifodrummer
|player|p1|
|l|☆crust king kahn
|player|p2|
