|j|☆titantvman
|j|☆ashyman2000
|t:|1779886501
|gametype|singles
|player|p1|titantvman|169|1162
|player|p2|ashyman2000|hoopster|1154
|gen|9
|tier|[Gen 9] OU
|rated|
|rule|HP Percentage Mod: HP is shown in percentages
|rule|Endless Battle Clause: Forcing endless battles is banned
|rule|Species Clause: Limit one of each Pokémon
|rule|OHKO Clause: OHKO moves are banned
|rule|Evasion Items Clause: Evasion items are banned
|rule|Evasion Moves Clause: Evasion moves are banned
|rule|Evasion Abilities Clause: Evasion abilities are banned
|rule|Sleep Moves Clause: Sleep-inducing moves are banned
|clearpoke
|poke|p1|Pelipper, M|
|poke|p1|Barraskewda, M|
|poke|p1|Keldeo-Resolute|
|poke|p1|Raging Bolt|
|poke|p1|Great Tusk|
|poke|p1|Kingambit, F|
|poke|p2|Munkidori, M|
|poke|p2|Mew|
|poke|p2|Latias, F|
|poke|p2|Gardevoir, F|
|poke|p2|Indeedee, M|
|poke|p2|Iron Leaves|
|teampreview
|
|t:|1779886508
|teamsize|p1|6
|teamsize|p2|6
|start
|switch|p1a: Pelipper|Pelipper, M|100/100
|switch|p2a: Latias|Latias, F|100/100
|-weather|RainDance|[from] ability: Drizzle|[of] p1a: Pelipper
|turn|1
|
|t:|1779886517
|move|p2a: Latias|Reflect|p2a: Latias
|-sidestart|p2: ashyman2000|Reflect
|move|p1a: Pelipper|U-turn|p2a: Latias
|-supereffective|p2a: Latias
|-damage|p2a: Latias|94/100
|-damage|p1a: Pelipper|84/100|[from] item: Rocky Helmet|[of] p2a: Latias
|
|t:|1779886527
|switch|p1a: Great Tusk|Great Tusk|100/100|[from] U-turn
|
|-weather|RainDance|[upkeep]
|upkeep
|turn|2
|
|t:|1779886540
|move|p2a: Latias|Alluring Voice|p1a: Great Tusk
|-supereffective|p1a: Great Tusk
|-damage|p1a: Great Tusk|51/100
|move|p1a: Great Tusk|Stealth Rock|p2a: Latias
|-sidestart|p2: ashyman2000|move: Stealth Rock
|
|-weather|RainDance|[upkeep]
|-heal|p1a: Great Tusk|57/100|[from] item: Leftovers
|upkeep
|turn|3
|
|t:|1779886552
|-terastallize|p1a: Great Tusk|Steel
|move|p2a: Latias|Future Sight|p1a: Great Tusk
|-start|p2a: Latias|move: Future Sight
|move|p1a: Great Tusk|Knock Off|p2a: Latias
|-supereffective|p2a: Latias
|-damage|p2a: Latias|75/100
|-damage|p1a: Great Tusk|40/100|[from] item: Rocky Helmet|[of] p2a: Latias
|-enditem|p2a: Latias|Rocky Helmet|[from] move: Knock Off|[of] p1a: Great Tusk
|
|-weather|RainDance|[upkeep]
|-heal|p1a: Great Tusk|47/100|[from] item: Leftovers
|upkeep
|turn|4
|
|t:|1779886573
|move|p2a: Latias|Thunder Wave|p1a: Great Tusk
|-status|p1a: Great Tusk|par
|move|p1a: Great Tusk|Knock Off|p2a: Latias
|-supereffective|p2a: Latias
|-damage|p2a: Latias|61/100
|
|-weather|RainDance|[upkeep]
|-heal|p1a: Great Tusk|53/100 par|[from] item: Leftovers
|upkeep
|turn|5
|
|t:|1779886588
|move|p2a: Latias|Alluring Voice|p1a: Great Tusk
|-resisted|p1a: Great Tusk
|-crit|p1a: Great Tusk
|-damage|p1a: Great Tusk|35/100 par
|move|p1a: Great Tusk|Knock Off|p2a: Latias
|-supereffective|p2a: Latias
|-damage|p2a: Latias|47/100
|
|-weather|RainDance|[upkeep]
|-end|p1a: Great Tusk|move: Future Sight
|-resisted|p1a: Great Tusk
|-damage|p1a: Great Tusk|4/100 par
|-heal|p1a: Great Tusk|10/100 par|[from] item: Leftovers
|-sideend|p2: ashyman2000|Reflect
|upkeep
|turn|6
|
|t:|1779886605
|move|p2a: Latias|Alluring Voice|p1a: Great Tusk
|-resisted|p1a: Great Tusk
|-damage|p1a: Great Tusk|0 fnt
|faint|p1a: Great Tusk
|-end|p1a: Great Tusk|Protosynthesis|[silent]
|
|-weather|RainDance|[upkeep]
|upkeep
|
|t:|1779886614
|switch|p1a: Kingambit|Kingambit, F|100/100
|-activate|p1a: Kingambit|ability: Supreme Overlord
|-start|p1a: Kingambit|fallen1|[silent]
|turn|7
|
|t:|1779886620
|move|p2a: Latias|Thunder Wave|p1a: Kingambit
|-status|p1a: Kingambit|par
|move|p1a: Kingambit|Swords Dance|p1a: Kingambit
|-boost|p1a: Kingambit|atk|2
|
|-weather|RainDance|[upkeep]
|upkeep
|turn|8
|
|t:|1779886629
|move|p1a: Kingambit|Sucker Punch||[still]
|-fail|p1a: Kingambit
|move|p2a: Latias|Reflect|p2a: Latias
|-sidestart|p2: ashyman2000|Reflect
|
|-weather|none
|upkeep
|turn|9
|
|t:|1779886636
|cant|p1a: Kingambit|par
|move|p2a: Latias|Alluring Voice|p1a: Kingambit
|-damage|p1a: Kingambit|76/100 par
|
|upkeep
|turn|10
|
|t:|1779886643
|move|p2a: Latias|Future Sight|p1a: Kingambit
|-start|p2a: Latias|move: Future Sight
|cant|p1a: Kingambit|par
|
|upkeep
|turn|11
|
|t:|1779886650
|switch|p2a: Indeedee|Indeedee, M|100/100
|-damage|p2a: Indeedee|88/100|[from] Stealth Rock
|-fieldstart|move: Psychic Terrain|[from] ability: Psychic Surge|[of] p2a: Indeedee
|-enditem|p2a: Indeedee|Psychic Seed
|-boost|p2a: Indeedee|spd|1|[from] item: Psychic Seed
|cant|p1a: Kingambit|par
|
|upkeep
|turn|12
|
|t:|1779886670
|switch|p2a: Munkidori|Munkidori, M|100/100
|-damage|p2a: Munkidori|88/100|[from] Stealth Rock
|move|p1a: Kingambit|Kowtow Cleave|p2a: Munkidori
|-supereffective|p2a: Munkidori
|-damage|p2a: Munkidori|0 fnt
|faint|p2a: Munkidori
|
|-end|p1a: Kingambit|move: Future Sight
|-immune|p1a: Kingambit
|-sideend|p2: ashyman2000|Reflect
|upkeep
|
|t:|1779886681
|switch|p2a: Iron Leaves|Iron Leaves|100/100
|-damage|p2a: Iron Leaves|88/100|[from] Stealth Rock
|-enditem|p2a: Iron Leaves|Booster Energy
|-activate|p2a: Iron Leaves|ability: Quark Drive|[fromitem]
|-start|p2a: Iron Leaves|quarkdriveatk
|turn|13
|
|t:|1779886692
|-end|p1a: Kingambit|fallen1|[silent]
|switch|p1a: Pelipper|Pelipper, M|84/100
|-weather|RainDance|[from] ability: Drizzle|[of] p1a: Pelipper
|move|p2a: Iron Leaves|Close Combat|p1a: Pelipper
|-resisted|p1a: Pelipper
|-damage|p1a: Pelipper|63/100
|-unboost|p2a: Iron Leaves|def|1
|-unboost|p2a: Iron Leaves|spd|1
|
|-weather|RainDance|[upkeep]
|upkeep
|turn|14
|
|t:|1779886705
|-end|p2a: Iron Leaves|Quark Drive|[silent]
|switch|p2a: Indeedee|Indeedee, M|88/100
|-damage|p2a: Indeedee|76/100|[from] Stealth Rock
|move|p1a: Pelipper|Roost|p1a: Pelipper
|-heal|p1a: Pelipper|100/100
|-singleturn|p1a: Pelipper|move: Roost
|
|-weather|RainDance|[upkeep]
|upkeep
|turn|15
|
|t:|1779886719
|move|p2a: Indeedee|Encore|p1a: Pelipper
|-start|p1a: Pelipper|Encore
|move|p1a: Pelipper|Roost||[still]
|-fail|p1a: Pelipper|heal
|
|-weather|RainDance|[upkeep]
|-fieldend|move: Psychic Terrain
|upkeep
|turn|16
|
|t:|1779886732
|switch|p2a: Iron Leaves|Iron Leaves|88/100
|-damage|p2a: Iron Leaves|76/100|[from] Stealth Rock
|switch|p1a: Kingambit|Kingambit, F|76/100 par
|-activate|p1a: Kingambit|ability: Supreme Overlord
|-start|p1a: Kingambit|fallen1|[silent]
|
|-weather|RainDance|[upkeep]
|upkeep
|turn|17
|
|t:|1779886742
|-end|p1a: Kingambit|fallen1|[silent]
|switch|p1a: Pelipper|Pelipper, M|100/100
|move|p2a: Iron Leaves|Swords Dance|p2a: Iron Leaves
|-boost|p2a: Iron Leaves|atk|2
|
|-weather|RainDance|[upkeep]
|upkeep
|turn|18
|
|t:|1779886754
|move|p2a: Iron Leaves|Psyblade|p1a: Pelipper
|-damage|p1a: Pelipper|35/100
|move|p1a: Pelipper|U-turn|p2a: Iron Leaves
|-supereffective|p2a: Iron Leaves
|-damage|p2a: Iron Leaves|32/100
|
|t:|1779886771
|switch|p1a: Keldeo|Keldeo-Resolute|100/100|[from] U-turn
|
|-weather|RainDance|[upkeep]
|upkeep
|turn|19
|
|t:|1779886778
|move|p1a: Keldeo|Air Slash|p2a: Iron Leaves
|-supereffective|p2a: Iron Leaves
|-damage|p2a: Iron Leaves|0 fnt
|faint|p2a: Iron Leaves
|-end|p2a: Iron Leaves|Quark Drive|[silent]
|
|-weather|RainDance|[upkeep]
|upkeep
|
|t:|1779886784
|switch|p2a: Latias|Latias, F|47/100
|-damage|p2a: Latias|35/100|[from] Stealth Rock
|turn|20
|
|t:|1779886794
|switch|p1a: Kingambit|Kingambit, F|76/100 par
|-activate|p1a: Kingambit|ability: Supreme Overlord
|-start|p1a: Kingambit|fallen1|[silent]
|move|p2a: Latias|Thunder Wave|p1a: Kingambit|[miss]
|-miss|p2a: Latias|p1a: Kingambit
|
|-weather|none
|upkeep
|turn|21
|
|t:|1779886804
|move|p2a: Latias|Alluring Voice|p1a: Kingambit
|-damage|p1a: Kingambit|54/100 par
|move|p1a: Kingambit|Kowtow Cleave|p2a: Latias
|-supereffective|p2a: Latias
|-damage|p2a: Latias|0 fnt
|faint|p2a: Latias
|
|upkeep
|
|t:|1779886814
|switch|p2a: Mew|Mew|100/100
|-damage|p2a: Mew|88/100|[from] Stealth Rock
|turn|22
|
|t:|1779886818
|move|p2a: Mew|Iron Defense|p2a: Mew
|-boost|p2a: Mew|def|2
|move|p1a: Kingambit|Kowtow Cleave|p2a: Mew
|-supereffective|p2a: Mew
|-damage|p2a: Mew|35/100
|
|-heal|p2a: Mew|41/100|[from] item: Leftovers
|upkeep
|turn|23
|
|t:|1779886833
|move|p2a: Mew|Iron Defense|p2a: Mew
|-boost|p2a: Mew|def|2
|cant|p1a: Kingambit|par
|
|-heal|p2a: Mew|47/100|[from] item: Leftovers
|upkeep
|turn|24
|
|t:|1779886844
|move|p2a: Mew|Iron Defense|p2a: Mew
|-boost|p2a: Mew|def|2
|cant|p1a: Kingambit|par
|
|-heal|p2a: Mew|53/100|[from] item: Leftovers
|upkeep
|turn|25
|
|t:|1779886852
|-terastallize|p2a: Mew|Fighting
|move|p2a: Mew|Draining Kiss|p1a: Kingambit
|-damage|p1a: Kingambit|36/100 par
|-heal|p2a: Mew|65/100|[from] drain|[of] p1a: Kingambit
|move|p1a: Kingambit|Swords Dance|p1a: Kingambit
|-boost|p1a: Kingambit|atk|2
|
|-heal|p2a: Mew|71/100|[from] item: Leftovers
|upkeep
|turn|26
|
|t:|1779886867
|move|p2a: Mew|Calm Mind|p2a: Mew
|-boost|p2a: Mew|spa|1
|-boost|p2a: Mew|spd|1
|cant|p1a: Kingambit|par
|
|-heal|p2a: Mew|77/100|[from] item: Leftovers
|upkeep
|turn|27
|
|t:|1779886875
|-end|p1a: Kingambit|fallen1|[silent]
|switch|p1a: Keldeo|Keldeo-Resolute|100/100
|move|p2a: Mew|Calm Mind|p2a: Mew
|-boost|p2a: Mew|spa|1
|-boost|p2a: Mew|spd|1
|
|-heal|p2a: Mew|83/100|[from] item: Leftovers
|upkeep
|turn|28
|
|t:|1779886881
|move|p1a: Keldeo|Air Slash|p2a: Mew
|-supereffective|p2a: Mew
|-damage|p2a: Mew|49/100
|cant|p2a: Mew|flinch
|
|-heal|p2a: Mew|55/100|[from] item: Leftovers
|upkeep
|turn|29
|
|t:|1779886884
|move|p1a: Keldeo|Air Slash|p2a: Mew
|-supereffective|p2a: Mew
|-damage|p2a: Mew|20/100
|cant|p2a: Mew|flinch
|
|-heal|p2a: Mew|26/100|[from] item: Leftovers
|upkeep
|turn|30
|
|t:|1779886889
|move|p1a: Keldeo|Air Slash|p2a: Mew
|-supereffective|p2a: Mew
|-damage|p2a: Mew|0 fnt
|faint|p2a: Mew
|
|upkeep
|
|t:|1779886900
|switch|p2a: Gardevoir|Gardevoir, F|100/100
|-damage|p2a: Gardevoir|88/100|[from] Stealth Rock
|turn|31
|
|t:|1779886910
|switch|p1a: Kingambit|Kingambit, F|36/100 par
|-activate|p1a: Kingambit|ability: Supreme Overlord
|-start|p1a: Kingambit|fallen1|[silent]
|move|p2a: Gardevoir|Substitute|p2a: Gardevoir
|-start|p2a: Gardevoir|Substitute
|-damage|p2a: Gardevoir|63/100
|
|-heal|p2a: Gardevoir|70/100|[from] item: Leftovers
|upkeep
|turn|32
|
|t:|1779886922
|move|p2a: Gardevoir|Calm Mind|p2a: Gardevoir
|-boost|p2a: Gardevoir|spa|1
|-boost|p2a: Gardevoir|spd|1
|move|p1a: Kingambit|Kowtow Cleave|p2a: Gardevoir
|-end|p2a: Gardevoir|Substitute
|
|-heal|p2a: Gardevoir|76/100|[from] item: Leftovers
|upkeep
|turn|33
|
|t:|1779886933
|move|p1a: Kingambit|Sucker Punch||[still]
|-fail|p1a: Kingambit
|move|p2a: Gardevoir|Substitute|p2a: Gardevoir
|-start|p2a: Gardevoir|Substitute
|-damage|p2a: Gardevoir|51/100
|
|-heal|p2a: Gardevoir|57/100|[from] item: Leftovers
|upkeep
|turn|34
|
|t:|1779886936
|move|p2a: Gardevoir|Calm Mind|p2a: Gardevoir
|-boost|p2a: Gardevoir|spa|1
|-boost|p2a: Gardevoir|spd|1
|move|p1a: Kingambit|Kowtow Cleave|p2a: Gardevoir
|-crit|p2a: Gardevoir
|-end|p2a: Gardevoir|Substitute
|
|-heal|p2a: Gardevoir|63/100|[from] item: Leftovers
|upkeep
|turn|35
|
|t:|1779886946
|move|p1a: Kingambit|Sucker Punch||[still]
|-fail|p1a: Kingambit
|move|p2a: Gardevoir|Substitute|p2a: Gardevoir
|-start|p2a: Gardevoir|Substitute
|-damage|p2a: Gardevoir|39/100
|
|-heal|p2a: Gardevoir|45/100|[from] item: Leftovers
|upkeep
|turn|36
|
|t:|1779886950
|move|p2a: Gardevoir|Calm Mind|p2a: Gardevoir
|-boost|p2a: Gardevoir|spa|1
|-boost|p2a: Gardevoir|spd|1
|cant|p1a: Kingambit|par
|
|-heal|p2a: Gardevoir|51/100|[from] item: Leftovers
|upkeep
|turn|37
|
|t:|1779886964
|move|p2a: Gardevoir|Moonblast|p1a: Kingambit
|-damage|p1a: Kingambit|0 fnt
|faint|p1a: Kingambit
|-end|p1a: Kingambit|fallen1|[silent]
|
|-heal|p2a: Gardevoir|57/100|[from] item: Leftovers
|upkeep
|
|t:|1779886973
|switch|p1a: Pelipper|Pelipper, M|35/100
|-weather|RainDance|[from] ability: Drizzle|[of] p1a: Pelipper
|turn|38
|
|t:|1779886979
|move|p2a: Gardevoir|Moonblast|p1a: Pelipper
|-damage|p1a: Pelipper|0 fnt
|faint|p1a: Pelipper
|
|-weather|RainDance|[upkeep]
|-heal|p2a: Gardevoir|63/100|[from] item: Leftovers
|upkeep
|
|t:|1779886987
|switch|p1a: Barraskewda|Barraskewda, M|100/100
|turn|39
|
|t:|1779886996
|move|p1a: Barraskewda|Liquidation|p2a: Gardevoir
|-end|p2a: Gardevoir|Substitute
|move|p2a: Gardevoir|Moonblast|p1a: Barraskewda
|-damage|p1a: Barraskewda|0 fnt
|faint|p1a: Barraskewda
|
|-weather|RainDance|[upkeep]
|-heal|p2a: Gardevoir|70/100|[from] item: Leftovers
|upkeep
|
|t:|1779887009
|switch|p1a: Keldeo|Keldeo-Resolute|100/100
|turn|40
|
|t:|1779887015
|move|p1a: Keldeo|Hydro Pump|p2a: Gardevoir
|-damage|p2a: Gardevoir|24/100
|move|p2a: Gardevoir|Moonblast|p1a: Keldeo
|-supereffective|p1a: Keldeo
|-damage|p1a: Keldeo|0 fnt
|faint|p1a: Keldeo
|
|-weather|RainDance|[upkeep]
|-heal|p2a: Gardevoir|31/100|[from] item: Leftovers
|upkeep
|
|t:|1779887021
|switch|p1a: Raging Bolt|Raging Bolt|100/100
|turn|41
|
|t:|1779887029
|move|p1a: Raging Bolt|Thunderclap||[still]
|-fail|p1a: Raging Bolt
|move|p2a: Gardevoir|Substitute|p2a: Gardevoir
|-start|p2a: Gardevoir|Substitute
|-damage|p2a: Gardevoir|6/100
|
|-weather|RainDance|[upkeep]
|-heal|p2a: Gardevoir|12/100|[from] item: Leftovers
|upkeep
|turn|42
|
|t:|1779887035
|move|p1a: Raging Bolt|Thunderclap|p2a: Gardevoir
|-activate|p2a: Gardevoir|move: Substitute|[damage]
|move|p2a: Gardevoir|Moonblast|p1a: Raging Bolt
|-supereffective|p1a: Raging Bolt
|-damage|p1a: Raging Bolt|0 fnt
|faint|p1a: Raging Bolt
|-end|p1a: Raging Bolt|Protosynthesis|[silent]
|
|win|ashyman2000
|raw|titantvman's rating: 1162 &rarr; <strong>1136</strong><br />(-26 for losing)
|raw|ashyman2000's rating: 1154 &rarr; <strong>1180</strong><br />(+26 for winning)
|l|☆titantvman
|player|p1|
|c|☆ashyman2000|Gg
