|j|☆roninXronin
|j|☆Scoobenvonduben
|t:|1779935992
|gametype|singles
|player|p1|roninXronin|koga|1489
|player|p2|Scoobenvonduben|brawly|1433
|gen|9
|tier|[Gen 9] OU
|rated|
|rule|HP Percentage Mod: HP is shown in percentages
|rule|Endless Battle Clause: Forcing endless battles is banned
|rule|Species Clause: Limit one of each Pokémon
|rule|OHKO Clause: OHKO moves are banned
|rule|Evasion Items Clause: Evasion items are banned
|rule|Evasion Moves Clause: Evasion moves are banned
|rule|Evasion Abilities Clause: Evasion abilities are banned
|rule|Sleep Moves Clause: Sleep-inducing moves are banned
|clearpoke
|poke|p1|Greninja-*, M|
|poke|p1|Kingambit, M|
|poke|p1|Dragapult, M|
|poke|p1|Iron Valiant|
|poke|p1|Rillaboom, M|
|poke|p1|Glimmora, F|
|poke|p2|Blissey, F|
|poke|p2|Primarina, F|
|poke|p2|Skeledirge, M|
|poke|p2|Gliscor, M|
|poke|p2|Corviknight, M|
|poke|p2|Grafaiai, M|
|teampreview
|inactive|Battle timer is ON: inactive players will automatically lose when time's up. (requested by roninXronin)
|
|t:|1779936011
|teamsize|p1|6
|teamsize|p2|6
|start
|switch|p1a: ICBM|Glimmora, F, shiny|100/100
|switch|p2a: Gliscor|Gliscor, M, shiny|100/100
|turn|1
|
|t:|1779936018
|move|p1a: ICBM|Stealth Rock|p2a: Gliscor
|-sidestart|p2: Scoobenvonduben|move: Stealth Rock
|move|p2a: Gliscor|Earthquake|p1a: ICBM
|-supereffective|p1a: ICBM
|-enditem|p1a: ICBM|Focus Sash
|-damage|p1a: ICBM|1/100
|-activate|p1a: ICBM|ability: Toxic Debris
|-sidestart|p2: Scoobenvonduben|move: Toxic Spikes
|
|-status|p2a: Gliscor|tox|[from] item: Toxic Orb
|upkeep
|turn|2
|
|t:|1779936024
|move|p1a: ICBM|Power Gem|p2a: Gliscor
|-damage|p2a: Gliscor|64/100 tox
|move|p2a: Gliscor|Earthquake|p1a: ICBM
|-supereffective|p1a: ICBM
|-damage|p1a: ICBM|0 fnt
|-activate|p1a: ICBM|ability: Toxic Debris
|-sidestart|p2: Scoobenvonduben|move: Toxic Spikes
|faint|p1a: ICBM
|
|-heal|p2a: Gliscor|76/100 tox|[from] ability: Poison Heal
|upkeep
|
|t:|1779936049
|switch|p1a: Miyamoto Musashi|Greninja, M|100/100
|turn|3
|
|t:|1779936055
|switch|p1a: Punch|Rillaboom, M|100/100
|-fieldstart|move: Grassy Terrain|[from] ability: Grassy Surge|[of] p1a: Punch
|move|p2a: Gliscor|Protect||[still]
|-fail|p2a: Gliscor
|
|-heal|p2a: Gliscor|89/100 tox|[from] ability: Poison Heal
|upkeep
|turn|4
|
|t:|1779936076
|switch|p2a: Corviknight|Corviknight, M|100/100
|-damage|p2a: Corviknight|88/100|[from] Stealth Rock
|move|p1a: Punch|Wood Hammer|p2a: Corviknight
|-resisted|p2a: Corviknight
|-damage|p2a: Corviknight|65/100
|-damage|p1a: Punch|84/100|[from] item: Rocky Helmet|[of] p2a: Corviknight
|-damage|p1a: Punch|75/100|[from] Recoil
|-damage|p1a: Punch|65/100|[from] item: Life Orb
|
|-heal|p1a: Punch|71/100|[from] Grassy Terrain
|upkeep
|turn|5
|l|☆Scoobenvonduben
|inactive|Scoobenvonduben disconnected and has a minute to reconnect!
|player|p2|
|inactive|roninXronin has 120 seconds left.
|j|☆Scoobenvonduben
|inactive|Scoobenvonduben reconnected and has 100 seconds left.
|player|p2|Scoobenvonduben|brawly|
|
|t:|1779936122
|move|p1a: Punch|Knock Off|p2a: Corviknight
|-damage|p2a: Corviknight|29/100
|-damage|p1a: Punch|55/100|[from] item: Rocky Helmet|[of] p2a: Corviknight
|-enditem|p2a: Corviknight|Rocky Helmet|[from] move: Knock Off|[of] p1a: Punch
|-damage|p1a: Punch|45/100|[from] item: Life Orb
|move|p2a: Corviknight|Roost|p2a: Corviknight
|-heal|p2a: Corviknight|79/100
|-singleturn|p2a: Corviknight|move: Roost
|
|-heal|p1a: Punch|51/100|[from] Grassy Terrain
|-heal|p2a: Corviknight|85/100|[from] Grassy Terrain
|upkeep
|turn|6
|
|t:|1779936131
|switch|p1a: B-52|Dragapult, M, shiny|100/100
|move|p2a: Corviknight|Iron Defense|p2a: Corviknight
|-boost|p2a: Corviknight|def|2
|
|upkeep
|turn|7
|
|t:|1779936135
|switch|p2a: Grafaiai|Grafaiai, M|100/100
|-damage|p2a: Grafaiai|88/100|[from] Stealth Rock
|-sideend|p2: Scoobenvonduben|move: Toxic Spikes|[of] p2a: Grafaiai
|move|p1a: B-52|Flamethrower|p2a: Grafaiai
|-damage|p2a: Grafaiai|53/100
|-status|p2a: Grafaiai|brn
|
|-heal|p2a: Grafaiai|59/100 brn|[from] Grassy Terrain
|-heal|p2a: Grafaiai|65/100 brn|[from] item: Black Sludge
|-damage|p2a: Grafaiai|59/100 brn|[from] brn
|-fieldend|move: Grassy Terrain
|upkeep
|turn|8
|
|t:|1779936139
|move|p2a: Grafaiai|Encore|p1a: B-52
|-start|p1a: B-52|Encore
|move|p1a: B-52|Flamethrower|p2a: Grafaiai
|-damage|p2a: Grafaiai|21/100 brn
|
|-heal|p2a: Grafaiai|27/100 brn|[from] item: Black Sludge
|-damage|p2a: Grafaiai|21/100 brn|[from] brn
|upkeep
|turn|9
|
|t:|1779936143
|move|p2a: Grafaiai|Toxic|p1a: B-52
|-status|p1a: B-52|tox
|move|p1a: B-52|Flamethrower|p2a: Grafaiai
|-damage|p2a: Grafaiai|0 fnt
|faint|p2a: Grafaiai
|
|-damage|p1a: B-52|95/100 tox|[from] psn
|upkeep
|inactive|Scoobenvonduben has 120 seconds left.
|
|t:|1779936177
|switch|p2a: Blissey|Blissey, F|100/100
|-damage|p2a: Blissey|88/100|[from] Stealth Rock
|turn|10
|
|t:|1779936184
|switch|p1a: Shinobi|Iron Valiant, shiny|100/100
|-enditem|p1a: Shinobi|Booster Energy
|-activate|p1a: Shinobi|ability: Quark Drive|[fromitem]
|-start|p1a: Shinobi|quarkdrivespe
|move|p2a: Blissey|Stealth Rock|p1a: Shinobi
|-sidestart|p1: roninXronin|move: Stealth Rock
|
|-heal|p2a: Blissey|94/100|[from] item: Leftovers
|upkeep
|turn|11
|
|t:|1779936190
|switch|p2a: Gliscor|Gliscor, M, shiny|89/100 tox
|-damage|p2a: Gliscor|76/100 tox|[from] Stealth Rock
|move|p1a: Shinobi|Close Combat|p2a: Gliscor
|-resisted|p2a: Gliscor
|-damage|p2a: Gliscor|51/100 tox
|-unboost|p1a: Shinobi|def|1
|-unboost|p1a: Shinobi|spd|1
|
|-heal|p2a: Gliscor|63/100 tox|[from] ability: Poison Heal
|upkeep
|turn|12
|
|t:|1779936194
|move|p1a: Shinobi|Spirit Break|p2a: Gliscor
|-damage|p2a: Gliscor|34/100 tox
|-unboost|p2a: Gliscor|spa|1
|move|p2a: Gliscor|Earthquake|p1a: Shinobi
|-damage|p1a: Shinobi|35/100
|
|-heal|p2a: Gliscor|47/100 tox|[from] ability: Poison Heal
|upkeep
|turn|13
|
|t:|1779936201
|-end|p1a: Shinobi|Quark Drive|[silent]
|switch|p1a: Punch|Rillaboom, M|51/100
|-damage|p1a: Punch|39/100|[from] Stealth Rock
|-fieldstart|move: Grassy Terrain|[from] ability: Grassy Surge|[of] p1a: Punch
|move|p2a: Gliscor|Protect||[still]
|-fail|p2a: Gliscor
|
|-heal|p1a: Punch|45/100|[from] Grassy Terrain
|-heal|p2a: Gliscor|59/100 tox|[from] ability: Poison Heal
|upkeep
|turn|14
|
|t:|1779936211
|move|p2a: Gliscor|Protect|p2a: Gliscor
|-singleturn|p2a: Gliscor|Protect
|move|p1a: Punch|Swords Dance|p1a: Punch
|-boost|p1a: Punch|atk|2
|
|-heal|p1a: Punch|51/100|[from] Grassy Terrain
|-heal|p2a: Gliscor|72/100 tox|[from] ability: Poison Heal
|upkeep
|turn|15
|
|t:|1779936228
|switch|p2a: Blissey|Blissey, F|94/100
|-damage|p2a: Blissey|82/100|[from] Stealth Rock
|move|p1a: Punch|Grassy Glide|p2a: Blissey
|-crit|p2a: Blissey
|-damage|p2a: Blissey|0 fnt
|faint|p2a: Blissey
|-damage|p1a: Punch|41/100|[from] item: Life Orb
|
|-heal|p1a: Punch|47/100|[from] Grassy Terrain
|upkeep
|
|t:|1779936233
|switch|p2a: Corviknight|Corviknight, M|85/100
|-damage|p2a: Corviknight|73/100|[from] Stealth Rock
|turn|16
|
|t:|1779936236
|move|p1a: Punch|Knock Off|p2a: Corviknight
|-damage|p2a: Corviknight|21/100
|-damage|p1a: Punch|37/100|[from] item: Life Orb
|move|p2a: Corviknight|Brave Bird|p1a: Punch
|-supereffective|p1a: Punch
|-damage|p1a: Punch|0 fnt
|faint|p1a: Punch
|-damage|p2a: Corviknight|11/100|[from] Recoil
|
|upkeep
|
|t:|1779936242
|switch|p1a: Shinobi|Iron Valiant, shiny|35/100
|-damage|p1a: Shinobi|29/100|[from] Stealth Rock
|turn|17
|
|t:|1779936253
|move|p1a: Shinobi|Knock Off|p2a: Corviknight
|-damage|p2a: Corviknight|0 fnt
|faint|p2a: Corviknight
|
|-heal|p1a: Shinobi|35/100|[from] Grassy Terrain
|-fieldend|move: Grassy Terrain
|upkeep
|
|t:|1779936260
|switch|p2a: Gliscor|Gliscor, M, shiny|72/100 tox
|-damage|p2a: Gliscor|59/100 tox|[from] Stealth Rock
|turn|18
|
|t:|1779936263
|move|p2a: Gliscor|Protect|p2a: Gliscor
|-singleturn|p2a: Gliscor|Protect
|move|p1a: Shinobi|Swords Dance|p1a: Shinobi
|-boost|p1a: Shinobi|atk|2
|
|-heal|p2a: Gliscor|72/100 tox|[from] ability: Poison Heal
|upkeep
|turn|19
|
|t:|1779936283
|move|p1a: Shinobi|Spirit Break|p2a: Gliscor
|-damage|p2a: Gliscor|7/100 tox
|-unboost|p2a: Gliscor|spa|1
|move|p2a: Gliscor|Earthquake|p1a: Shinobi
|-damage|p1a: Shinobi|0 fnt
|faint|p1a: Shinobi
|-end|p1a: Shinobi|Quark Drive|[silent]
|
|-heal|p2a: Gliscor|19/100 tox|[from] ability: Poison Heal
|upkeep
|
|t:|1779936289
|switch|p1a: B-52|Dragapult, M, shiny|95/100 tox
|-damage|p1a: B-52|82/100 tox|[from] Stealth Rock
|turn|20
|
|t:|1779936291
|move|p2a: Gliscor|Protect|p2a: Gliscor
|-singleturn|p2a: Gliscor|Protect
|move|p1a: B-52|Shadow Ball|p2a: Gliscor
|-activate|p2a: Gliscor|move: Protect
|
|-damage|p1a: B-52|76/100 tox|[from] psn
|-heal|p2a: Gliscor|32/100 tox|[from] ability: Poison Heal
|upkeep
|turn|21
|
|t:|1779936295
|switch|p2a: Primarina|Primarina, F, shiny|100/100
|-damage|p2a: Primarina|88/100|[from] Stealth Rock
|move|p1a: B-52|Shadow Ball|p2a: Primarina
|-damage|p2a: Primarina|49/100
|-unboost|p2a: Primarina|spd|1
|-enditem|p2a: Primarina|Sitrus Berry|[eat]
|-heal|p2a: Primarina|74/100|[from] item: Sitrus Berry
|
|-damage|p1a: B-52|64/100 tox|[from] psn
|upkeep
|turn|22
|
|t:|1779936300
|move|p1a: B-52|Shadow Ball|p2a: Primarina
|-damage|p2a: Primarina|3/100
|move|p2a: Primarina|Draining Kiss|p1a: B-52
|-supereffective|p1a: B-52
|-damage|p1a: B-52|9/100 tox
|-heal|p2a: Primarina|39/100|[from] drain|[of] p1a: B-52
|
|-damage|p1a: B-52|0 fnt|[from] psn
|faint|p1a: B-52
|upkeep
|
|t:|1779936308
|switch|p1a: Bobby Fischer|Kingambit, M|100/100
|-damage|p1a: Bobby Fischer|94/100|[from] Stealth Rock
|-activate|p1a: Bobby Fischer|ability: Supreme Overlord
|-start|p1a: Bobby Fischer|fallen4|[silent]
|turn|23
|
|t:|1779936312
|move|p2a: Primarina|Psychic Noise|p1a: Bobby Fischer
|-damage|p1a: Bobby Fischer|63/100
|-start|p1a: Bobby Fischer|move: Heal Block
|move|p1a: Bobby Fischer|Iron Head|p2a: Primarina
|-damage|p2a: Primarina|0 fnt
|faint|p2a: Primarina
|
|upkeep
|
|t:|1779936317
|switch|p2a: Gliscor|Gliscor, M, shiny|32/100 tox
|-damage|p2a: Gliscor|19/100 tox|[from] Stealth Rock
|turn|24
|
|t:|1779936320
|move|p2a: Gliscor|Earthquake|p1a: Bobby Fischer
|-supereffective|p1a: Bobby Fischer
|-damage|p1a: Bobby Fischer|14/100
|move|p1a: Bobby Fischer|Iron Head|p2a: Gliscor
|-damage|p2a: Gliscor|0 fnt
|faint|p2a: Gliscor
|
|-end|p1a: Bobby Fischer|move: Heal Block
|upkeep
|
|t:|1779936323
|switch|p2a: Skeledirge|Skeledirge, M|100/100
|turn|25
|
|t:|1779936328
|move|p1a: Bobby Fischer|Sucker Punch|p2a: Skeledirge
|-supereffective|p2a: Skeledirge
|-damage|p2a: Skeledirge|8/100
|move|p2a: Skeledirge|Torch Song|p1a: Bobby Fischer
|-supereffective|p1a: Bobby Fischer
|-damage|p1a: Bobby Fischer|0 fnt
|-boost|p2a: Skeledirge|spa|1
|faint|p1a: Bobby Fischer
|-end|p1a: Bobby Fischer|fallen4|[silent]
|
|upkeep
|
|t:|1779936330
|switch|p1a: Miyamoto Musashi|Greninja, M|100/100
|-damage|p1a: Miyamoto Musashi|88/100|[from] Stealth Rock
|turn|26
|
|t:|1779936338
|-terastallize|p2a: Skeledirge|Fairy
|move|p1a: Miyamoto Musashi|Dark Pulse|p2a: Skeledirge
|-resisted|p2a: Skeledirge
|-damage|p2a: Skeledirge|0 fnt
|faint|p2a: Skeledirge
|-damage|p1a: Miyamoto Musashi|78/100|[from] item: Life Orb
|
|win|roninXronin
|raw|roninXronin's rating: 1489 &rarr; <strong>1506</strong><br />(+17 for winning)
|raw|Scoobenvonduben's rating: 1433 &rarr; <strong>1416</strong><br />(-17 for losing)
|l|☆roninXronin
|player|p1|
|l|☆Scoobenvonduben
|player|p2|
