|j|☆claudechamp
|j|☆bu1tr4go
|t:|1779882501
|gametype|singles
|player|p1|claudechamp|169|1315
|player|p2|bu1tr4go|supernerd|1370
|gen|9
|tier|[Gen 9] OU
|rated|
|rule|HP Percentage Mod: HP is shown in percentages
|rule|Endless Battle Clause: Forcing endless battles is banned
|rule|Species Clause: Limit one of each Pokémon
|rule|OHKO Clause: OHKO moves are banned
|rule|Evasion Items Clause: Evasion items are banned
|rule|Evasion Moves Clause: Evasion moves are banned
|rule|Evasion Abilities Clause: Evasion abilities are banned
|rule|Sleep Moves Clause: Sleep-inducing moves are banned
|clearpoke
|poke|p1|Gliscor, M|
|poke|p1|Gholdengo|
|poke|p1|Zamazenta-*|
|poke|p1|Blissey, F|
|poke|p1|Skarmory, F|
|poke|p1|Pecharunt|
|poke|p2|Kingambit, F|
|poke|p2|Ceruledge, F|
|poke|p2|Ursaluna, F|
|poke|p2|Glimmora, F|
|poke|p2|Ogerpon-Wellspring, F|
|poke|p2|Raging Bolt|
|teampreview
|c|☆claudechamp|hf
|
|t:|1779882506
|teamsize|p1|6
|teamsize|p2|6
|start
|switch|p1a: Skarmory|Skarmory, F|100/100
|switch|p2a: Ogerpon|Ogerpon-Wellspring, F|100/100
|turn|1
|inactive|Battle timer is ON: inactive players will automatically lose when time's up. (requested by claudechamp)
|
|t:|1779882533
|switch|p2a: Glimmora|Glimmora, F|100/100
|move|p1a: Skarmory|Spikes|p2a: Glimmora
|-sidestart|p2: bu1tr4go|Spikes
|
|upkeep
|turn|2
|
|t:|1779882542
|move|p2a: Glimmora|Power Gem|p1a: Skarmory
|-damage|p1a: Skarmory|29/100
|-damage|p2a: Glimmora|91/100|[from] item: Life Orb
|move|p1a: Skarmory|Spikes|p2a: Glimmora
|-sidestart|p2: bu1tr4go|Spikes
|
|upkeep
|turn|3
|
|t:|1779882551
|move|p2a: Glimmora|Power Gem|p1a: Skarmory
|-damage|p1a: Skarmory|0 fnt
|faint|p1a: Skarmory
|-damage|p2a: Glimmora|81/100|[from] item: Life Orb
|
|upkeep
|
|t:|1779882560
|switch|p1a: Zamazenta|Zamazenta|100/100
|-ability|p1a: Zamazenta|Dauntless Shield|boost
|-boost|p1a: Zamazenta|def|1
|turn|4
|
|t:|1779882565
|move|p1a: Zamazenta|Heavy Slam|p2a: Glimmora
|-supereffective|p2a: Glimmora
|-damage|p2a: Glimmora|0 fnt
|-activate|p2a: Glimmora|ability: Toxic Debris
|-sidestart|p1: claudechamp|move: Toxic Spikes
|faint|p2a: Glimmora
|
|upkeep
|
|t:|1779882572
|switch|p2a: Ceruledge|Ceruledge, F|100/100
|-damage|p2a: Ceruledge|84/100|[from] Spikes
|turn|5
|
|t:|1779882576
|move|p1a: Zamazenta|Ice Fang|p2a: Ceruledge
|-resisted|p2a: Ceruledge
|-damage|p2a: Ceruledge|68/100
|-ability|p2a: Ceruledge|Weak Armor|boost
|-unboost|p2a: Ceruledge|def|1
|-boost|p2a: Ceruledge|spe|2
|move|p2a: Ceruledge|Bitter Blade|p1a: Zamazenta
|-damage|p1a: Zamazenta|74/100
|-heal|p2a: Ceruledge|83/100|[from] drain|[of] p1a: Zamazenta
|
|upkeep
|turn|6
|
|t:|1779882587
|move|p2a: Ceruledge|Bitter Blade|p1a: Zamazenta
|-damage|p1a: Zamazenta|44/100
|-heal|p2a: Ceruledge|99/100|[from] drain|[of] p1a: Zamazenta
|move|p1a: Zamazenta|Crunch|p2a: Ceruledge
|-supereffective|p2a: Ceruledge
|-damage|p2a: Ceruledge|0 fnt
|faint|p2a: Ceruledge
|
|upkeep
|
|t:|1779882608
|switch|p2a: Raging Bolt|Raging Bolt|100/100
|-damage|p2a: Raging Bolt|84/100|[from] Spikes
|turn|7
|
|t:|1779882614
|move|p1a: Zamazenta|Close Combat|p2a: Raging Bolt
|-crit|p2a: Raging Bolt
|-damage|p2a: Raging Bolt|0 fnt
|-unboost|p1a: Zamazenta|def|1
|-unboost|p1a: Zamazenta|spd|1
|-damage|p1a: Zamazenta|27/100|[from] item: Rocky Helmet|[of] p2a: Raging Bolt
|faint|p2a: Raging Bolt
|-end|p2a: Raging Bolt|Protosynthesis|[silent]
|
|upkeep
|
|t:|1779882624
|switch|p2a: Ogerpon|Ogerpon-Wellspring, F|100/100
|-damage|p2a: Ogerpon|84/100|[from] Spikes
|turn|8
|
|t:|1779882638
|move|p1a: Zamazenta|Close Combat|p2a: Ogerpon
|-damage|p2a: Ogerpon|6/100
|-unboost|p1a: Zamazenta|def|1
|-unboost|p1a: Zamazenta|spd|1
|move|p2a: Ogerpon|Ivy Cudgel|p1a: Zamazenta|[anim] Ivy Cudgel Water
|-damage|p1a: Zamazenta|0 fnt
|faint|p1a: Zamazenta
|
|upkeep
|
|t:|1779882641
|switch|p1a: Pecharunt|Pecharunt|100/100
|-sideend|p1: claudechamp|move: Toxic Spikes|[of] p1a: Pecharunt
|turn|9
|l|☆bu1tr4go
|inactive|bu1tr4go disconnected and has a minute to reconnect!
|player|p2|
|inactive|bu1tr4go has 30 seconds to reconnect!
|inactive|bu1tr4go has 20 seconds to reconnect!
|inactive|bu1tr4go has 15 seconds to reconnect!
|inactive|bu1tr4go has 10 seconds to reconnect!
|inactive|bu1tr4go has 5 seconds to reconnect!
|-message|bu1tr4go lost due to inactivity.
|
|win|claudechamp
|raw|claudechamp's rating: 1334 &rarr; <strong>1356</strong><br />(+22 for winning)
|raw|bu1tr4go's rating: 1370 &rarr; <strong>1348</strong><br />(-22 for losing)
|c|☆claudechamp|gg
