|j|☆jongwoo buffet
|j|☆Cdopara
|t:|1779841544
|gametype|singles
|player|p1|jongwoo buffet|li|1067
|player|p2|Cdopara|169|1108
|gen|9
|tier|[Gen 9] OU
|rated|
|rule|HP Percentage Mod: HP is shown in percentages
|rule|Endless Battle Clause: Forcing endless battles is banned
|rule|Species Clause: Limit one of each Pokémon
|rule|OHKO Clause: OHKO moves are banned
|rule|Evasion Items Clause: Evasion items are banned
|rule|Evasion Moves Clause: Evasion moves are banned
|rule|Evasion Abilities Clause: Evasion abilities are banned
|rule|Sleep Moves Clause: Sleep-inducing moves are banned
|clearpoke
|poke|p1|Hatterene, F|
|poke|p1|Weavile, F|
|poke|p1|Iron Moth|
|poke|p1|Gallade, M|
|poke|p1|Enamorus, F|
|poke|p1|Cloyster, M|
|poke|p2|Minior-Indigo|
|poke|p2|Incineroar, F|
|poke|p2|Ninetales-Alola, M|
|poke|p2|Spidops, F|
|poke|p2|Cloyster, M|
|poke|p2|Murkrow, M|
|teampreview
|c|☆jongwoo buffet|ahhha fellow cloyster user
|
|t:|1779841562
|teamsize|p1|6
|teamsize|p2|6
|start
|switch|p1a: mr apple|Enamorus, F|100/100
|switch|p2a: Spidops|Spidops, F|100/100
|turn|1
|inactive|Battle timer is ON: inactive players will automatically lose when time's up. (requested by jongwoo buffet)
|
|t:|1779841583
|move|p1a: mr apple|Mystical Fire|p2a: Spidops
|-supereffective|p2a: Spidops
|-damage|p2a: Spidops|38/100
|-unboost|p2a: Spidops|spa|1
|move|p2a: Spidops|Sticky Web|p1a: mr apple
|-sidestart|p1: jongwoo buffet|move: Sticky Web
|
|upkeep
|turn|2
|
|t:|1779841594
|move|p1a: mr apple|Superpower|p2a: Spidops
|-resisted|p2a: Spidops
|-damage|p2a: Spidops|20/100
|-boost|p1a: mr apple|atk|1
|-boost|p1a: mr apple|def|1
|move|p2a: Spidops|Toxic Spikes|p1a: mr apple
|-sidestart|p1: jongwoo buffet|move: Toxic Spikes
|
|upkeep
|turn|3
|
|t:|1779841601
|move|p1a: mr apple|Superpower|p2a: Spidops
|-resisted|p2a: Spidops
|-damage|p2a: Spidops|0 fnt
|-boost|p1a: mr apple|atk|1
|-boost|p1a: mr apple|def|1
|faint|p2a: Spidops
|
|upkeep
|
|t:|1779841607
|switch|p2a: Murkrow|Murkrow, M|100/100
|turn|4
|
|t:|1779841613
|move|p1a: mr apple|Draining Kiss|p2a: Murkrow
|-supereffective|p2a: Murkrow
|-damage|p2a: Murkrow|52/100
|move|p2a: Murkrow|Whirlwind|p1a: mr apple
|drag|p1a: murda man|Cloyster, M|100/100
|-activate|p1a: murda man|move: Sticky Web
|-unboost|p1a: murda man|spe|1
|-status|p1a: murda man|psn
|
|-damage|p1a: murda man|88/100 psn|[from] psn
|upkeep
|turn|5
|
|t:|1779841626
|move|p2a: Murkrow|Perish Song|p2a: Murkrow
|-start|p1a: murda man|perish3|[silent]
|-start|p2a: Murkrow|perish3|[silent]
|-fieldactivate|move: Perish Song
|move|p1a: murda man|Icicle Spear|p2a: Murkrow
|-supereffective|p2a: Murkrow
|-damage|p2a: Murkrow|22/100
|-supereffective|p2a: Murkrow
|-damage|p2a: Murkrow|0 fnt
|faint|p2a: Murkrow
|-hitcount|p2: Murkrow|2
|
|-damage|p1a: murda man|76/100 psn|[from] psn
|-start|p1a: murda man|perish3
|upkeep
|
|t:|1779841649
|switch|p2a: Ninetales|Ninetales-Alola, M|100/100
|-weather|Snowscape|[from] ability: Snow Warning|[of] p2a: Ninetales
|turn|6
|
|t:|1779841654
|move|p2a: Ninetales|Disable|p1a: murda man
|-start|p1a: murda man|Disable|Icicle Spear
|move|p1a: murda man|Rock Blast|p2a: Ninetales
|-supereffective|p2a: Ninetales
|-damage|p2a: Ninetales|84/100
|-supereffective|p2a: Ninetales
|-damage|p2a: Ninetales|68/100
|-supereffective|p2a: Ninetales
|-damage|p2a: Ninetales|51/100
|-supereffective|p2a: Ninetales
|-damage|p2a: Ninetales|34/100
|-supereffective|p2a: Ninetales
|-damage|p2a: Ninetales|18/100
|-hitcount|p2a: Ninetales|5
|
|-weather|Snowscape|[upkeep]
|-damage|p1a: murda man|63/100 psn|[from] psn
|-start|p1a: murda man|perish2
|upkeep
|turn|7
|
|t:|1779841670
|move|p2a: Ninetales|Aurora Veil|p2a: Ninetales
|-sidestart|p2: Cdopara|move: Aurora Veil
|move|p1a: murda man|Rock Blast|p2a: Ninetales|[miss]
|-miss|p1a: murda man|p2a: Ninetales
|
|-weather|Snowscape|[upkeep]
|-damage|p1a: murda man|51/100 psn|[from] psn
|-start|p1a: murda man|perish1
|upkeep
|turn|8
|
|t:|1779841677
|move|p2a: Ninetales|Dazzling Gleam|p1a: murda man
|-damage|p1a: murda man|0 fnt
|faint|p1a: murda man
|
|-weather|Snowscape|[upkeep]
|upkeep
|
|t:|1779841693
|switch|p1a: apple|Weavile, F, shiny|100/100
|-ability|p1a: apple|Pressure
|turn|9
|
|t:|1779841700
|move|p1a: apple|Triple Axel|p2a: Ninetales|[miss]
|-miss|p1a: apple|p2a: Ninetales
|move|p2a: Ninetales|Dazzling Gleam|p1a: apple
|-supereffective|p1a: apple
|-damage|p1a: apple|9/100
|
|-weather|Snowscape|[upkeep]
|upkeep
|turn|10
|
|t:|1779841709
|move|p1a: apple|Triple Axel|p2a: Ninetales
|-resisted|p2a: Ninetales
|-damage|p2a: Ninetales|15/100
|-resisted|p2a: Ninetales
|-damage|p2a: Ninetales|11/100
|-resisted|p2a: Ninetales
|-damage|p2a: Ninetales|4/100
|-hitcount|p2a: Ninetales|3
|move|p2a: Ninetales|Dazzling Gleam|p1a: apple
|-supereffective|p1a: apple
|-damage|p1a: apple|0 fnt
|faint|p1a: apple
|
|-weather|Snowscape|[upkeep]
|upkeep
|
|t:|1779841721
|switch|p1a: apple 2|Iron Moth, shiny|100/100
|-activate|p1a: apple 2|move: Sticky Web
|-unboost|p1a: apple 2|spe|1
|-sideend|p1: jongwoo buffet|move: Toxic Spikes|[of] p1a: apple 2
|-enditem|p1a: apple 2|Booster Energy
|-activate|p1a: apple 2|ability: Quark Drive|[fromitem]
|-start|p1a: apple 2|quarkdrivespa
|turn|11
|
|t:|1779841734
|move|p2a: Ninetales|Disable||[still]
|-fail|p2a: Ninetales
|move|p1a: apple 2|Sludge Wave|p2a: Ninetales
|-supereffective|p2a: Ninetales
|-damage|p2a: Ninetales|0 fnt
|faint|p2a: Ninetales
|
|-weather|Snowscape|[upkeep]
|-sideend|p2: Cdopara|move: Aurora Veil
|upkeep
|
|t:|1779841739
|switch|p2a: Incineroar|Incineroar, F|100/100
|-ability|p2a: Incineroar|Intimidate|boost
|-unboost|p1a: apple 2|atk|1
|turn|12
|
|t:|1779841747
|move|p2a: Incineroar|Fake Out|p1a: apple 2
|-damage|p1a: apple 2|79/100
|cant|p1a: apple 2|flinch
|
|-weather|Snowscape|[upkeep]
|upkeep
|turn|13
|
|t:|1779841752
|move|p1a: apple 2|Sludge Wave|p2a: Incineroar
|-damage|p2a: Incineroar|46/100
|move|p2a: Incineroar|Parting Shot|p1a: apple 2
|-unboost|p1a: apple 2|atk|1
|-unboost|p1a: apple 2|spa|1
|
|t:|1779841764
|switch|p2a: Minior|Minior-Indigo|100/100|[from] Parting Shot
|-formechange|p2a: Minior|Minior-Meteor||[from] ability: Shields Down
|
|-weather|none
|upkeep
|turn|14
|
|t:|1779841774
|move|p1a: apple 2|Energy Ball|p2a: Minior
|-damage|p2a: Minior|69/100
|move|p2a: Minior|Shell Smash|p2a: Minior
|-unboost|p2a: Minior|def|1
|-unboost|p2a: Minior|spd|1
|-boost|p2a: Minior|atk|2
|-boost|p2a: Minior|spa|2
|-boost|p2a: Minior|spe|2
|-enditem|p2a: Minior|White Herb
|-clearnegativeboost|p2a: Minior|[silent]
|
|upkeep
|turn|15
|
|t:|1779841789
|-terastallize|p1a: apple 2|Ground
|move|p2a: Minior|Earthquake|p1a: apple 2
|-damage|p1a: apple 2|3/100
|move|p1a: apple 2|Energy Ball|p2a: Minior
|-damage|p2a: Minior|35/100
|
|-formechange|p2a: Minior|Minior-Indigo||[from] ability: Shields Down
|upkeep
|turn|16
|
|t:|1779841806
|-end|p1a: apple 2|Quark Drive|[silent]
|switch|p1a: mr apple|Enamorus, F|100/100
|move|p2a: Minior|Power Gem|p1a: mr apple
|-supereffective|p1a: mr apple
|-damage|p1a: mr apple|0 fnt
|faint|p1a: mr apple
|
|upkeep
|
|t:|1779841815
|switch|p1a: aunt|Hatterene, F, shiny|100/100
|-activate|p1a: aunt|move: Sticky Web
|-unboost|p1a: aunt|spe|1
|turn|17
|
|t:|1779841828
|move|p2a: Minior|Acrobatics|p1a: aunt
|-damage|p1a: aunt|0 fnt
|faint|p1a: aunt
|
|upkeep
|
|t:|1779841833
|switch|p1a: froth|Gallade, M, shiny|100/100
|-activate|p1a: froth|move: Sticky Web
|-unboost|p1a: froth|spe|1
|turn|18
|
|t:|1779841842
|move|p2a: Minior|Acrobatics|p1a: froth
|-supereffective|p1a: froth
|-damage|p1a: froth|0 fnt
|faint|p1a: froth
|
|upkeep
|
|t:|1779841846
|switch|p1a: apple 2|Iron Moth, shiny, tera:Ground|3/100
|-activate|p1a: apple 2|move: Sticky Web
|-unboost|p1a: apple 2|spe|1
|turn|19
|
|t:|1779841851
|move|p2a: Minior|Earthquake|p1a: apple 2
|-damage|p1a: apple 2|0 fnt
|faint|p1a: apple 2
|-end|p1a: apple 2|Quark Drive|[silent]
|
|win|Cdopara
|raw|jongwoo buffet's rating: 1067 &rarr; <strong>1049</strong><br />(-18 for losing)
|raw|Cdopara's rating: 1108 &rarr; <strong>1130</strong><br />(+22 for winning)
|l|☆jongwoo buffet
|player|p1|
|l|☆Cdopara
|player|p2|
|j|☆Cdopara
|player|p2|Cdopara|169|
