|j|☆hueehuuekkkk
|j|☆claudechamp
|t:|1779859061
|gametype|singles
|player|p1|hueehuuekkkk|steven|1361
|player|p2|claudechamp|169|1313
|gen|9
|tier|[Gen 9] OU
|rated|
|rule|HP Percentage Mod: HP is shown in percentages
|rule|Endless Battle Clause: Forcing endless battles is banned
|rule|Species Clause: Limit one of each Pokémon
|rule|OHKO Clause: OHKO moves are banned
|rule|Evasion Items Clause: Evasion items are banned
|rule|Evasion Moves Clause: Evasion moves are banned
|rule|Evasion Abilities Clause: Evasion abilities are banned
|rule|Sleep Moves Clause: Sleep-inducing moves are banned
|clearpoke
|poke|p1|Suicune|
|poke|p1|Dragonite, M|
|poke|p1|Cinderace, M|
|poke|p1|Zamazenta-*|
|poke|p1|Blaziken, F|
|poke|p1|Rotom-Wash|
|poke|p2|Corviknight, M|
|poke|p2|Ting-Lu|
|poke|p2|Kyurem|
|poke|p2|Dondozo, M|
|poke|p2|Slowking-Galar, F|
|poke|p2|Cinderace, M|
|teampreview
|inactive|Battle timer is ON: inactive players will automatically lose when time's up. (requested by hueehuuekkkk)
|c|☆claudechamp|hf
|inactive|claudechamp also wants the timer to be on.
|
|t:|1779859076
|teamsize|p1|6
|teamsize|p2|6
|start
|switch|p1a: Blaziken|Blaziken, F|100/100
|switch|p2a: Cinderace|Cinderace, M|100/100
|turn|1
|
|t:|1779859088
|switch|p2a: Kyurem|Kyurem|100/100
|-ability|p2a: Kyurem|Pressure
|move|p1a: Blaziken|Knock Off|p2a: Kyurem
|-damage|p2a: Kyurem|71/100
|-enditem|p2a: Kyurem|Leftovers|[from] move: Knock Off|[of] p1a: Blaziken
|
|-ability|p1a: Blaziken|Speed Boost|boost
|-boost|p1a: Blaziken|spe|1
|upkeep
|turn|2
|
|t:|1779859101
|move|p1a: Blaziken|Close Combat|p2a: Kyurem
|-supereffective|p2a: Kyurem
|-damage|p2a: Kyurem|0 fnt
|-unboost|p1a: Blaziken|def|1
|-unboost|p1a: Blaziken|spd|1
|faint|p2a: Kyurem
|
|-ability|p1a: Blaziken|Speed Boost|boost
|-boost|p1a: Blaziken|spe|1
|upkeep
|
|t:|1779859104
|switch|p2a: Slowking|Slowking-Galar, F|100/100
|turn|3
|
|t:|1779859110
|move|p1a: Blaziken|Swords Dance|p1a: Blaziken
|-boost|p1a: Blaziken|atk|2
|move|p2a: Slowking|Sludge Bomb|p1a: Blaziken
|-damage|p1a: Blaziken|29/100
|-status|p1a: Blaziken|psn
|
|-damage|p1a: Blaziken|16/100 psn|[from] psn
|-ability|p1a: Blaziken|Speed Boost|boost
|-boost|p1a: Blaziken|spe|1
|upkeep
|turn|4
|
|t:|1779859115
|move|p1a: Blaziken|Knock Off|p2a: Slowking
|-supereffective|p2a: Slowking
|-damage|p2a: Slowking|4/100
|-enditem|p2a: Slowking|Shuca Berry|[from] move: Knock Off|[of] p1a: Blaziken
|move|p2a: Slowking|Future Sight|p1a: Blaziken
|-start|p2a: Slowking|move: Future Sight
|
|-damage|p1a: Blaziken|4/100 psn|[from] psn
|-ability|p1a: Blaziken|Speed Boost|boost
|-boost|p1a: Blaziken|spe|1
|upkeep
|turn|5
|
|t:|1779859126
|switch|p2a: Dondozo|Dondozo, M|100/100
|move|p1a: Blaziken|Close Combat|p2a: Dondozo
|-damage|p2a: Dondozo|59/100
|-unboost|p1a: Blaziken|def|1
|-unboost|p1a: Blaziken|spd|1
|
|-heal|p2a: Dondozo|65/100|[from] item: Leftovers
|-damage|p1a: Blaziken|0 fnt|[from] psn
|faint|p1a: Blaziken
|upkeep
|
|t:|1779859133
|switch|p1a: Rotom|Rotom-Wash|100/100
|turn|6
|
|t:|1779859138
|switch|p2a: Slowking|Slowking-Galar, F|37/100
|move|p1a: Rotom|Hydro Pump|p2a: Slowking
|-damage|p2a: Slowking|3/100
|
|-end|p1a: Rotom|move: Future Sight
|-damage|p1a: Rotom|55/100
|upkeep
|turn|7
|
|t:|1779859143
|switch|p2a: Dondozo|Dondozo, M|65/100
|move|p1a: Rotom|Hydro Pump|p2a: Dondozo|[miss]
|-miss|p1a: Rotom|p2a: Dondozo
|
|-heal|p2a: Dondozo|71/100|[from] item: Leftovers
|upkeep
|turn|8
|
|t:|1779859146
|move|p1a: Rotom|Volt Switch|p2a: Dondozo
|-supereffective|p2a: Dondozo
|-damage|p2a: Dondozo|39/100
|
|t:|1779859151
|switch|p1a: Suicune|Suicune, shiny|100/100|[from] Volt Switch
|-ability|p1a: Suicune|Pressure
|move|p2a: Dondozo|Curse|p2a: Dondozo
|-unboost|p2a: Dondozo|spe|1
|-boost|p2a: Dondozo|atk|1
|-boost|p2a: Dondozo|def|1
|
|-heal|p2a: Dondozo|45/100|[from] item: Leftovers
|upkeep
|turn|9
|
|t:|1779859156
|switch|p1a: Rotom|Rotom-Wash|55/100
|move|p2a: Dondozo|Body Press|p1a: Rotom
|-damage|p1a: Rotom|24/100
|
|-heal|p2a: Dondozo|51/100|[from] item: Leftovers
|upkeep
|turn|10
|
|t:|1779859167
|move|p1a: Rotom|Will-O-Wisp|p2a: Dondozo
|-status|p2a: Dondozo|brn
|move|p2a: Dondozo|Rest|p2a: Dondozo
|-status|p2a: Dondozo|slp|[from] move: Rest
|-heal|p2a: Dondozo|100/100 slp|[silent]
|
|upkeep
|turn|11
|
|t:|1779859171
|move|p1a: Rotom|Pain Split|p2a: Dondozo
|-sethp|p2a: Dondozo|58/100 slp|[from] move: Pain Split|[silent]
|-sethp|p1a: Rotom|95/100|[from] move: Pain Split
|cant|p2a: Dondozo|slp
|
|-heal|p2a: Dondozo|64/100 slp|[from] item: Leftovers
|upkeep
|turn|12
|
|t:|1779859174
|move|p1a: Rotom|Volt Switch|p2a: Dondozo
|-supereffective|p2a: Dondozo
|-damage|p2a: Dondozo|31/100 slp
|
|t:|1779859177
|switch|p1a: Suicune|Suicune, shiny|100/100|[from] Volt Switch
|-ability|p1a: Suicune|Pressure
|cant|p2a: Dondozo|slp
|
|-heal|p2a: Dondozo|37/100 slp|[from] item: Leftovers
|upkeep
|turn|13
|
|t:|1779859181
|switch|p1a: Rotom|Rotom-Wash|95/100
|-curestatus|p2a: Dondozo|slp|[msg]
|move|p2a: Dondozo|Curse|p2a: Dondozo
|-unboost|p2a: Dondozo|spe|1
|-boost|p2a: Dondozo|atk|1
|-boost|p2a: Dondozo|def|1
|
|-heal|p2a: Dondozo|43/100|[from] item: Leftovers
|upkeep
|turn|14
|
|t:|1779859185
|move|p1a: Rotom|Volt Switch|p2a: Dondozo
|-supereffective|p2a: Dondozo
|-damage|p2a: Dondozo|12/100
|
|t:|1779859188
|switch|p1a: Suicune|Suicune, shiny|100/100|[from] Volt Switch
|-ability|p1a: Suicune|Pressure
|move|p2a: Dondozo|Rest|p2a: Dondozo
|-status|p2a: Dondozo|slp|[from] move: Rest
|-heal|p2a: Dondozo|100/100 slp|[silent]
|
|upkeep
|turn|15
|
|t:|1779859194
|switch|p1a: Rotom|Rotom-Wash|95/100
|cant|p2a: Dondozo|slp
|
|upkeep
|turn|16
|
|t:|1779859203
|move|p1a: Rotom|Volt Switch|p2a: Dondozo
|-supereffective|p2a: Dondozo
|-damage|p2a: Dondozo|66/100 slp
|
|t:|1779859206
|switch|p1a: Suicune|Suicune, shiny|100/100|[from] Volt Switch
|-ability|p1a: Suicune|Pressure
|cant|p2a: Dondozo|slp
|
|-heal|p2a: Dondozo|72/100 slp|[from] item: Leftovers
|upkeep
|turn|17
|
|t:|1779859210
|switch|p1a: Rotom|Rotom-Wash|95/100
|-curestatus|p2a: Dondozo|slp|[msg]
|move|p2a: Dondozo|Body Press|p1a: Rotom
|-damage|p1a: Rotom|51/100
|
|-heal|p2a: Dondozo|78/100|[from] item: Leftovers
|upkeep
|turn|18
|
|t:|1779859214
|switch|p2a: Slowking|Slowking-Galar, F|36/100
|move|p1a: Rotom|Will-O-Wisp|p2a: Slowking
|-status|p2a: Slowking|brn
|
|-damage|p2a: Slowking|30/100 brn|[from] brn
|upkeep
|turn|19
|
|t:|1779859218
|switch|p2a: Dondozo|Dondozo, M|78/100
|move|p1a: Rotom|Hydro Pump|p2a: Dondozo|[miss]
|-miss|p1a: Rotom|p2a: Dondozo
|
|-heal|p2a: Dondozo|84/100|[from] item: Leftovers
|upkeep
|turn|20
|
|t:|1779859228
|switch|p2a: Slowking|Slowking-Galar, F|63/100 brn
|move|p1a: Rotom|Pain Split|p2a: Slowking
|-sethp|p2a: Slowking|51/100 brn|[from] move: Pain Split|[silent]
|-sethp|p1a: Rotom|67/100|[from] move: Pain Split
|
|-damage|p2a: Slowking|45/100 brn|[from] brn
|upkeep
|turn|21
|
|t:|1779859234
|move|p1a: Rotom|Volt Switch|p2a: Slowking
|-damage|p2a: Slowking|26/100 brn
|
|t:|1779859237
|switch|p1a: Cinderace|Cinderace, M|100/100|[from] Volt Switch
|move|p2a: Slowking|Sludge Bomb|p1a: Cinderace
|-crit|p1a: Cinderace
|-damage|p1a: Cinderace|30/100
|-status|p1a: Cinderace|psn
|
|-damage|p1a: Cinderace|17/100 psn|[from] psn
|-damage|p2a: Slowking|20/100 brn|[from] brn
|upkeep
|turn|22
|
|t:|1779859242
|move|p1a: Cinderace|U-turn|p2a: Slowking
|-start|p1a: Cinderace|typechange|Bug|[from] ability: Libero
|-damage|p2a: Slowking|0 fnt
|faint|p2a: Slowking
|
|t:|1779859247
|switch|p1a: Rotom|Rotom-Wash|67/100|[from] U-turn
|
|upkeep
|
|t:|1779859255
|switch|p2a: Dondozo|Dondozo, M|84/100
|turn|23
|
|t:|1779859262
|move|p1a: Rotom|Pain Split|p2a: Dondozo
|-sethp|p2a: Dondozo|62/100|[from] move: Pain Split|[silent]
|-sethp|p1a: Rotom|100/100|[from] move: Pain Split
|move|p2a: Dondozo|Body Press|p1a: Rotom
|-damage|p1a: Rotom|77/100
|
|-heal|p2a: Dondozo|68/100|[from] item: Leftovers
|upkeep
|turn|24
|
|t:|1779859267
|move|p1a: Rotom|Will-O-Wisp|p2a: Dondozo
|-status|p2a: Dondozo|brn
|move|p2a: Dondozo|Curse|p2a: Dondozo
|-unboost|p2a: Dondozo|spe|1
|-boost|p2a: Dondozo|atk|1
|-boost|p2a: Dondozo|def|1
|
|-heal|p2a: Dondozo|75/100 brn|[from] item: Leftovers
|-damage|p2a: Dondozo|68/100 brn|[from] brn
|upkeep
|turn|25
|
|t:|1779859279
|move|p1a: Rotom|Volt Switch|p2a: Dondozo
|-supereffective|p2a: Dondozo
|-damage|p2a: Dondozo|35/100 brn
|
|t:|1779859283
|switch|p1a: Suicune|Suicune, shiny|100/100|[from] Volt Switch
|-ability|p1a: Suicune|Pressure
|move|p2a: Dondozo|Body Press|p1a: Suicune
|-damage|p1a: Suicune|93/100
|
|-heal|p1a: Suicune|99/100|[from] item: Leftovers
|-heal|p2a: Dondozo|41/100 brn|[from] item: Leftovers
|-damage|p2a: Dondozo|35/100 brn|[from] brn
|upkeep
|turn|26
|
|t:|1779859297
|switch|p1a: Rotom|Rotom-Wash|77/100
|move|p2a: Dondozo|Rest|p2a: Dondozo
|-status|p2a: Dondozo|slp|[from] move: Rest
|-heal|p2a: Dondozo|100/100 slp|[silent]
|
|upkeep
|turn|27
|
|t:|1779859305
|move|p1a: Rotom|Volt Switch|p2a: Dondozo
|-supereffective|p2a: Dondozo
|-damage|p2a: Dondozo|69/100 slp
|
|t:|1779859307
|switch|p1a: Suicune|Suicune, shiny|99/100|[from] Volt Switch
|-ability|p1a: Suicune|Pressure
|cant|p2a: Dondozo|slp
|
|-heal|p1a: Suicune|100/100|[from] item: Leftovers
|-heal|p2a: Dondozo|76/100 slp|[from] item: Leftovers
|upkeep
|turn|28
|
|t:|1779859317
|switch|p1a: Rotom|Rotom-Wash|77/100
|cant|p2a: Dondozo|slp
|
|-heal|p2a: Dondozo|82/100 slp|[from] item: Leftovers
|upkeep
|turn|29
|
|t:|1779859327
|move|p1a: Rotom|Volt Switch|p2a: Dondozo
|-supereffective|p2a: Dondozo
|-damage|p2a: Dondozo|47/100 slp
|
|t:|1779859330
|switch|p1a: Suicune|Suicune, shiny|100/100|[from] Volt Switch
|-ability|p1a: Suicune|Pressure
|-curestatus|p2a: Dondozo|slp|[msg]
|move|p2a: Dondozo|Body Press|p1a: Suicune
|-damage|p1a: Suicune|83/100
|
|-heal|p1a: Suicune|89/100|[from] item: Leftovers
|-heal|p2a: Dondozo|53/100|[from] item: Leftovers
|upkeep
|turn|30
|
|t:|1779859340
|switch|p1a: Rotom|Rotom-Wash|77/100
|move|p2a: Dondozo|Curse|p2a: Dondozo
|-unboost|p2a: Dondozo|spe|1
|-boost|p2a: Dondozo|atk|1
|-boost|p2a: Dondozo|def|1
|
|-heal|p2a: Dondozo|60/100|[from] item: Leftovers
|upkeep
|turn|31
|
|t:|1779859345
|move|p1a: Rotom|Will-O-Wisp|p2a: Dondozo
|-status|p2a: Dondozo|brn
|move|p2a: Dondozo|Body Press|p1a: Rotom
|-damage|p1a: Rotom|56/100
|
|-heal|p2a: Dondozo|66/100 brn|[from] item: Leftovers
|-damage|p2a: Dondozo|60/100 brn|[from] brn
|upkeep
|turn|32
|
|t:|1779859353
|move|p1a: Rotom|Volt Switch|p2a: Dondozo
|-supereffective|p2a: Dondozo
|-damage|p2a: Dondozo|25/100 brn
|
|t:|1779859357
|switch|p1a: Suicune|Suicune, shiny|89/100|[from] Volt Switch
|-ability|p1a: Suicune|Pressure
|move|p2a: Dondozo|Rest|p2a: Dondozo
|-status|p2a: Dondozo|slp|[from] move: Rest
|-heal|p2a: Dondozo|100/100 slp|[silent]
|
|-heal|p1a: Suicune|95/100|[from] item: Leftovers
|upkeep
|turn|33
|
|t:|1779859365
|switch|p1a: Rotom|Rotom-Wash|56/100
|cant|p2a: Dondozo|slp
|
|upkeep
|turn|34
|
|t:|1779859373
|move|p1a: Rotom|Pain Split|p2a: Dondozo
|-sethp|p2a: Dondozo|67/100 slp|[from] move: Pain Split|[silent]
|-sethp|p1a: Rotom|100/100|[from] move: Pain Split
|cant|p2a: Dondozo|slp
|
|-heal|p2a: Dondozo|73/100 slp|[from] item: Leftovers
|upkeep
|turn|35
|
|t:|1779859379
|move|p1a: Rotom|Volt Switch|p2a: Dondozo
|-supereffective|p2a: Dondozo
|-damage|p2a: Dondozo|38/100 slp
|
|t:|1779859383
|switch|p1a: Suicune|Suicune, shiny|95/100|[from] Volt Switch
|-ability|p1a: Suicune|Pressure
|-curestatus|p2a: Dondozo|slp|[msg]
|move|p2a: Dondozo|Body Press|p1a: Suicune
|-damage|p1a: Suicune|74/100
|
|-heal|p1a: Suicune|80/100|[from] item: Leftovers
|-heal|p2a: Dondozo|44/100|[from] item: Leftovers
|upkeep
|turn|36
|
|t:|1779859392
|switch|p1a: Rotom|Rotom-Wash|100/100
|move|p2a: Dondozo|Curse|p2a: Dondozo
|-unboost|p2a: Dondozo|spe|1
|-boost|p2a: Dondozo|atk|1
|-boost|p2a: Dondozo|def|1
|
|-heal|p2a: Dondozo|50/100|[from] item: Leftovers
|upkeep
|turn|37
|
|t:|1779859401
|move|p1a: Rotom|Volt Switch|p2a: Dondozo
|-supereffective|p2a: Dondozo
|-damage|p2a: Dondozo|14/100
|
|t:|1779859405
|switch|p1a: Suicune|Suicune, shiny|80/100|[from] Volt Switch
|-ability|p1a: Suicune|Pressure
|move|p2a: Dondozo|Rest|p2a: Dondozo
|-status|p2a: Dondozo|slp|[from] move: Rest
|-heal|p2a: Dondozo|100/100 slp|[silent]
|
|-heal|p1a: Suicune|86/100|[from] item: Leftovers
|upkeep
|turn|38
|
|t:|1779859420
|switch|p1a: Rotom|Rotom-Wash|100/100
|cant|p2a: Dondozo|slp
|
|upkeep
|turn|39
|
|t:|1779859431
|move|p1a: Rotom|Volt Switch|p2a: Dondozo
|-supereffective|p2a: Dondozo
|-damage|p2a: Dondozo|70/100 slp
|
|t:|1779859433
|switch|p1a: Suicune|Suicune, shiny|86/100|[from] Volt Switch
|-ability|p1a: Suicune|Pressure
|cant|p2a: Dondozo|slp
|
|-heal|p1a: Suicune|93/100|[from] item: Leftovers
|-heal|p2a: Dondozo|76/100 slp|[from] item: Leftovers
|upkeep
|turn|40
|
|t:|1779859440
|switch|p1a: Rotom|Rotom-Wash|100/100
|-curestatus|p2a: Dondozo|slp|[msg]
|move|p2a: Dondozo|Body Press|p1a: Rotom
|-damage|p1a: Rotom|44/100
|
|-heal|p2a: Dondozo|83/100|[from] item: Leftovers
|upkeep
|turn|41
|
|t:|1779859447
|move|p1a: Rotom|Will-O-Wisp|p2a: Dondozo
|-status|p2a: Dondozo|brn
|move|p2a: Dondozo|Body Press|p1a: Rotom
|-crit|p1a: Rotom
|-damage|p1a: Rotom|4/100
|
|-heal|p2a: Dondozo|89/100 brn|[from] item: Leftovers
|-damage|p2a: Dondozo|83/100 brn|[from] brn
|upkeep
|turn|42
|
|t:|1779859452
|move|p1a: Rotom|Pain Split|p2a: Dondozo
|-sethp|p2a: Dondozo|42/100 brn|[from] move: Pain Split|[silent]
|-sethp|p1a: Rotom|70/100|[from] move: Pain Split
|move|p2a: Dondozo|Waterfall|p1a: Rotom
|-resisted|p1a: Rotom
|-damage|p1a: Rotom|53/100
|
|-heal|p2a: Dondozo|49/100 brn|[from] item: Leftovers
|-damage|p2a: Dondozo|42/100 brn|[from] brn
|upkeep
|turn|43
|
|t:|1779859459
|move|p1a: Rotom|Volt Switch|p2a: Dondozo
|-supereffective|p2a: Dondozo
|-damage|p2a: Dondozo|8/100 brn
|
|t:|1779859462
|switch|p1a: Suicune|Suicune, shiny|93/100|[from] Volt Switch
|-ability|p1a: Suicune|Pressure
|move|p2a: Dondozo|Rest|p2a: Dondozo
|-status|p2a: Dondozo|slp|[from] move: Rest
|-heal|p2a: Dondozo|100/100 slp|[silent]
|
|-heal|p1a: Suicune|99/100|[from] item: Leftovers
|upkeep
|turn|44
|
|t:|1779859469
|switch|p1a: Rotom|Rotom-Wash|53/100
|cant|p2a: Dondozo|slp
|
|upkeep
|turn|45
|
|t:|1779859474
|move|p1a: Rotom|Pain Split|p2a: Dondozo
|-sethp|p2a: Dondozo|66/100 slp|[from] move: Pain Split|[silent]
|-sethp|p1a: Rotom|100/100|[from] move: Pain Split
|cant|p2a: Dondozo|slp
|
|-heal|p2a: Dondozo|72/100 slp|[from] item: Leftovers
|upkeep
|turn|46
|
|t:|1779859481
|move|p1a: Rotom|Hydro Pump|p2a: Dondozo
|-resisted|p2a: Dondozo
|-damage|p2a: Dondozo|61/100 slp
|-curestatus|p2a: Dondozo|slp|[msg]
|move|p2a: Dondozo|Curse|p2a: Dondozo
|-unboost|p2a: Dondozo|spe|1
|-boost|p2a: Dondozo|atk|1
|-boost|p2a: Dondozo|def|1
|
|-heal|p2a: Dondozo|67/100|[from] item: Leftovers
|upkeep
|turn|47
|
|t:|1779859488
|move|p1a: Rotom|Will-O-Wisp|p2a: Dondozo
|-status|p2a: Dondozo|brn
|move|p2a: Dondozo|Body Press|p1a: Rotom
|-damage|p1a: Rotom|67/100
|
|-heal|p2a: Dondozo|73/100 brn|[from] item: Leftovers
|-damage|p2a: Dondozo|67/100 brn|[from] brn
|upkeep
|turn|48
|
|t:|1779859496
|move|p1a: Rotom|Volt Switch|p2a: Dondozo
|-supereffective|p2a: Dondozo
|-damage|p2a: Dondozo|33/100 brn
|
|t:|1779859498
|switch|p1a: Suicune|Suicune, shiny|99/100|[from] Volt Switch
|-ability|p1a: Suicune|Pressure
|move|p2a: Dondozo|Rest|p2a: Dondozo
|-status|p2a: Dondozo|slp|[from] move: Rest
|-heal|p2a: Dondozo|100/100 slp|[silent]
|
|-heal|p1a: Suicune|100/100|[from] item: Leftovers
|upkeep
|turn|49
|
|t:|1779859505
|switch|p1a: Rotom|Rotom-Wash|67/100
|cant|p2a: Dondozo|slp
|
|upkeep
|turn|50
|
|t:|1779859510
|move|p1a: Rotom|Pain Split|p2a: Dondozo
|-sethp|p2a: Dondozo|70/100 slp|[from] move: Pain Split|[silent]
|-sethp|p1a: Rotom|100/100|[from] move: Pain Split
|cant|p2a: Dondozo|slp
|
|-heal|p2a: Dondozo|76/100 slp|[from] item: Leftovers
|upkeep
|turn|51
|
|t:|1779859515
|move|p1a: Rotom|Volt Switch|p2a: Dondozo
|-supereffective|p2a: Dondozo
|-damage|p2a: Dondozo|43/100 slp
|
|t:|1779859518
|switch|p1a: Suicune|Suicune, shiny|100/100|[from] Volt Switch
|-ability|p1a: Suicune|Pressure
|-curestatus|p2a: Dondozo|slp|[msg]
|move|p2a: Dondozo|Body Press|p1a: Suicune
|-damage|p1a: Suicune|69/100
|
|-heal|p1a: Suicune|75/100|[from] item: Leftovers
|-heal|p2a: Dondozo|49/100|[from] item: Leftovers
|upkeep
|turn|52
|
|t:|1779859524
|move|p1a: Suicune|Calm Mind|p1a: Suicune
|-boost|p1a: Suicune|spa|1
|-boost|p1a: Suicune|spd|1
|move|p2a: Dondozo|Waterfall|p1a: Suicune
|-resisted|p1a: Suicune
|-damage|p1a: Suicune|53/100
|
|-heal|p1a: Suicune|59/100|[from] item: Leftovers
|-heal|p2a: Dondozo|55/100|[from] item: Leftovers
|upkeep
|turn|53
|
|t:|1779859533
|move|p1a: Suicune|Scald|p2a: Dondozo
|-resisted|p2a: Dondozo
|-damage|p2a: Dondozo|48/100
|move|p2a: Dondozo|Waterfall|p1a: Suicune
|-resisted|p1a: Suicune
|-damage|p1a: Suicune|35/100
|
|-heal|p1a: Suicune|42/100|[from] item: Leftovers
|-heal|p2a: Dondozo|54/100|[from] item: Leftovers
|upkeep
|turn|54
|
|t:|1779859543
|switch|p1a: Rotom|Rotom-Wash|100/100
|move|p2a: Dondozo|Waterfall|p1a: Rotom
|-resisted|p1a: Rotom
|-damage|p1a: Rotom|60/100
|
|-heal|p2a: Dondozo|60/100|[from] item: Leftovers
|upkeep
|turn|55
|
|t:|1779859551
|move|p1a: Rotom|Will-O-Wisp|p2a: Dondozo
|-status|p2a: Dondozo|brn
|move|p2a: Dondozo|Body Press|p1a: Rotom
|-damage|p1a: Rotom|27/100
|
|-heal|p2a: Dondozo|66/100 brn|[from] item: Leftovers
|-damage|p2a: Dondozo|60/100 brn|[from] brn
|upkeep
|turn|56
|
|t:|1779859559
|move|p1a: Rotom|Pain Split|p2a: Dondozo
|-sethp|p2a: Dondozo|38/100 brn|[from] move: Pain Split|[silent]
|-sethp|p1a: Rotom|63/100|[from] move: Pain Split
|move|p2a: Dondozo|Rest|p2a: Dondozo
|-status|p2a: Dondozo|slp|[from] move: Rest
|-heal|p2a: Dondozo|100/100 slp|[silent]
|
|upkeep
|turn|57
|
|t:|1779859567
|move|p1a: Rotom|Pain Split|p2a: Dondozo
|-sethp|p2a: Dondozo|69/100 slp|[from] move: Pain Split|[silent]
|-sethp|p1a: Rotom|100/100|[from] move: Pain Split
|cant|p2a: Dondozo|slp
|
|-heal|p2a: Dondozo|75/100 slp|[from] item: Leftovers
|upkeep
|turn|58
|
|t:|1779859575
|move|p1a: Rotom|Volt Switch|p2a: Dondozo
|-supereffective|p2a: Dondozo
|-damage|p2a: Dondozo|42/100 slp
|
|t:|1779859577
|switch|p1a: Suicune|Suicune, shiny|42/100|[from] Volt Switch
|-ability|p1a: Suicune|Pressure
|cant|p2a: Dondozo|slp
|
|-heal|p1a: Suicune|48/100|[from] item: Leftovers
|-heal|p2a: Dondozo|48/100 slp|[from] item: Leftovers
|upkeep
|turn|59
|
|t:|1779859585
|move|p1a: Suicune|Rest|p1a: Suicune
|-status|p1a: Suicune|slp|[from] move: Rest
|-heal|p1a: Suicune|100/100 slp|[silent]
|-curestatus|p2a: Dondozo|slp|[msg]
|move|p2a: Dondozo|Waterfall|p1a: Suicune
|-resisted|p1a: Suicune
|-damage|p1a: Suicune|80/100 slp
|
|-heal|p1a: Suicune|86/100 slp|[from] item: Leftovers
|-heal|p2a: Dondozo|54/100|[from] item: Leftovers
|upkeep
|turn|60
|
|t:|1779859593
|cant|p1a: Suicune|slp
|move|p1a: Suicune|Sleep Talk|p1a: Suicune
|move|p1a: Suicune|Rest||[from] move: Sleep Talk|[still]
|-fail|p1a: Suicune
|move|p2a: Dondozo|Waterfall|p1a: Suicune
|-resisted|p1a: Suicune
|-damage|p1a: Suicune|65/100 slp
|
|-heal|p1a: Suicune|71/100 slp|[from] item: Leftovers
|-heal|p2a: Dondozo|60/100|[from] item: Leftovers
|upkeep
|turn|61
|
|t:|1779859601
|cant|p1a: Suicune|slp
|move|p1a: Suicune|Sleep Talk|p1a: Suicune
|move|p1a: Suicune|Calm Mind|p1a: Suicune|[from] move: Sleep Talk
|-boost|p1a: Suicune|spa|1
|-boost|p1a: Suicune|spd|1
|move|p2a: Dondozo|Waterfall|p1a: Suicune
|-resisted|p1a: Suicune
|-damage|p1a: Suicune|47/100 slp
|
|-heal|p1a: Suicune|53/100 slp|[from] item: Leftovers
|-heal|p2a: Dondozo|66/100|[from] item: Leftovers
|upkeep
|turn|62
|
|t:|1779859611
|-curestatus|p1a: Suicune|slp|[msg]
|move|p1a: Suicune|Calm Mind|p1a: Suicune
|-boost|p1a: Suicune|spa|1
|-boost|p1a: Suicune|spd|1
|move|p2a: Dondozo|Waterfall|p1a: Suicune
|-resisted|p1a: Suicune
|-damage|p1a: Suicune|32/100
|
|-heal|p1a: Suicune|38/100|[from] item: Leftovers
|-heal|p2a: Dondozo|72/100|[from] item: Leftovers
|upkeep
|turn|63
|
|t:|1779859619
|move|p1a: Suicune|Rest|p1a: Suicune
|-status|p1a: Suicune|slp|[from] move: Rest
|-heal|p1a: Suicune|100/100 slp|[silent]
|move|p2a: Dondozo|Waterfall|p1a: Suicune
|-resisted|p1a: Suicune
|-damage|p1a: Suicune|78/100 slp
|
|-heal|p1a: Suicune|85/100 slp|[from] item: Leftovers
|-heal|p2a: Dondozo|79/100|[from] item: Leftovers
|upkeep
|turn|64
|
|t:|1779859626
|cant|p1a: Suicune|slp
|move|p1a: Suicune|Sleep Talk|p1a: Suicune
|move|p1a: Suicune|Scald|p2a: Dondozo|[from] move: Sleep Talk
|-resisted|p2a: Dondozo
|-damage|p2a: Dondozo|70/100
|move|p2a: Dondozo|Waterfall|p1a: Suicune
|-resisted|p1a: Suicune
|-crit|p1a: Suicune
|-damage|p1a: Suicune|48/100 slp
|
|-heal|p1a: Suicune|54/100 slp|[from] item: Leftovers
|-heal|p2a: Dondozo|76/100|[from] item: Leftovers
|upkeep
|turn|65
|
|t:|1779859637
|cant|p1a: Suicune|slp
|move|p1a: Suicune|Sleep Talk|p1a: Suicune
|move|p1a: Suicune|Calm Mind|p1a: Suicune|[from] move: Sleep Talk
|-boost|p1a: Suicune|spa|1
|-boost|p1a: Suicune|spd|1
|move|p2a: Dondozo|Waterfall|p1a: Suicune
|-resisted|p1a: Suicune
|-damage|p1a: Suicune|30/100 slp
|
|-heal|p1a: Suicune|36/100 slp|[from] item: Leftovers
|-heal|p2a: Dondozo|82/100|[from] item: Leftovers
|upkeep
|turn|66
|inactive|hueehuuekkkk has 120 seconds left.
|
|t:|1779859673
|-curestatus|p1a: Suicune|slp|[msg]
|move|p1a: Suicune|Rest|p1a: Suicune
|-status|p1a: Suicune|slp|[from] move: Rest
|-heal|p1a: Suicune|100/100 slp|[silent]
|move|p2a: Dondozo|Waterfall|p1a: Suicune
|-resisted|p1a: Suicune
|-damage|p1a: Suicune|78/100 slp
|
|-heal|p1a: Suicune|84/100 slp|[from] item: Leftovers
|-heal|p2a: Dondozo|88/100|[from] item: Leftovers
|upkeep
|turn|67
|
|t:|1779859687
|cant|p1a: Suicune|slp
|move|p1a: Suicune|Sleep Talk|p1a: Suicune
|move|p1a: Suicune|Scald|p2a: Dondozo|[from] move: Sleep Talk
|-resisted|p2a: Dondozo
|-damage|p2a: Dondozo|80/100
|move|p2a: Dondozo|Curse|p2a: Dondozo
|-unboost|p2a: Dondozo|spe|1
|-boost|p2a: Dondozo|atk|1
|-boost|p2a: Dondozo|def|1
|
|-heal|p1a: Suicune|91/100 slp|[from] item: Leftovers
|-heal|p2a: Dondozo|86/100|[from] item: Leftovers
|upkeep
|turn|68
|
|t:|1779859703
|cant|p1a: Suicune|slp
|move|p1a: Suicune|Sleep Talk|p1a: Suicune
|move|p1a: Suicune|Rest||[from] move: Sleep Talk|[still]
|-fail|p1a: Suicune
|move|p2a: Dondozo|Waterfall|p1a: Suicune
|-resisted|p1a: Suicune
|-damage|p1a: Suicune|66/100 slp
|
|-heal|p1a: Suicune|72/100 slp|[from] item: Leftovers
|-heal|p2a: Dondozo|93/100|[from] item: Leftovers
|upkeep
|turn|69
|
|t:|1779859711
|switch|p2a: Ting-Lu|Ting-Lu|100/100
|-ability|p2a: Ting-Lu|Vessel of Ruin
|-curestatus|p1a: Suicune|slp|[msg]
|move|p1a: Suicune|Scald|p2a: Ting-Lu
|-supereffective|p2a: Ting-Lu
|-damage|p2a: Ting-Lu|53/100
|
|-heal|p1a: Suicune|78/100|[from] item: Leftovers
|-heal|p2a: Ting-Lu|59/100|[from] item: Leftovers
|upkeep
|turn|70
|
|t:|1779859718
|-terastallize|p2a: Ting-Lu|Water
|move|p1a: Suicune|Scald|p2a: Ting-Lu
|-resisted|p2a: Ting-Lu
|-damage|p2a: Ting-Lu|46/100
|move|p2a: Ting-Lu|Earthquake|p1a: Suicune
|-damage|p1a: Suicune|57/100
|
|-heal|p1a: Suicune|63/100|[from] item: Leftovers
|-heal|p2a: Ting-Lu|52/100|[from] item: Leftovers
|upkeep
|turn|71
|
|t:|1779859726
|move|p1a: Suicune|Scald|p2a: Ting-Lu
|-resisted|p2a: Ting-Lu
|-damage|p2a: Ting-Lu|39/100
|-status|p2a: Ting-Lu|brn
|move|p2a: Ting-Lu|Earthquake|p1a: Suicune
|-damage|p1a: Suicune|52/100
|
|-heal|p1a: Suicune|58/100|[from] item: Leftovers
|-heal|p2a: Ting-Lu|45/100 brn|[from] item: Leftovers
|-damage|p2a: Ting-Lu|39/100 brn|[from] brn
|upkeep
|turn|72
|
|t:|1779859733
|switch|p2a: Dondozo|Dondozo, M|93/100
|move|p1a: Suicune|Calm Mind|p1a: Suicune
|-boost|p1a: Suicune|spa|1
|-boost|p1a: Suicune|spd|1
|
|-heal|p1a: Suicune|65/100|[from] item: Leftovers
|-heal|p2a: Dondozo|99/100|[from] item: Leftovers
|upkeep
|turn|73
|
|t:|1779859741
|switch|p2a: Cinderace|Cinderace, M|100/100
|move|p1a: Suicune|Calm Mind|p1a: Suicune
|-boost|p1a: Suicune|spa|1
|-boost|p1a: Suicune|spd|1
|
|-heal|p1a: Suicune|71/100|[from] item: Leftovers
|upkeep
|turn|74
|
|t:|1779859748
|move|p2a: Cinderace|Pyro Ball|p1a: Suicune
|-resisted|p1a: Suicune
|-damage|p1a: Suicune|57/100
|move|p1a: Suicune|Scald|p2a: Cinderace
|-supereffective|p2a: Cinderace
|-damage|p2a: Cinderace|0 fnt
|faint|p2a: Cinderace
|
|-heal|p1a: Suicune|63/100|[from] item: Leftovers
|upkeep
|
|t:|1779859756
|switch|p2a: Ting-Lu|Ting-Lu, tera:Water|39/100 brn
|-ability|p2a: Ting-Lu|Vessel of Ruin
|turn|75
|
|t:|1779859764
|move|p1a: Suicune|Calm Mind|p1a: Suicune
|-boost|p1a: Suicune|spa|1
|-boost|p1a: Suicune|spd|1
|move|p2a: Ting-Lu|Earthquake|p1a: Suicune
|-damage|p1a: Suicune|53/100
|
|-heal|p1a: Suicune|59/100|[from] item: Leftovers
|-heal|p2a: Ting-Lu|45/100 brn|[from] item: Leftovers
|-damage|p2a: Ting-Lu|39/100 brn|[from] brn
|upkeep
|turn|76
|
|t:|1779859771
|move|p1a: Suicune|Scald|p2a: Ting-Lu
|-resisted|p2a: Ting-Lu
|-damage|p2a: Ting-Lu|18/100 brn
|move|p2a: Ting-Lu|Earthquake|p1a: Suicune
|-damage|p1a: Suicune|49/100
|
|-heal|p1a: Suicune|55/100|[from] item: Leftovers
|-heal|p2a: Ting-Lu|24/100 brn|[from] item: Leftovers
|-damage|p2a: Ting-Lu|18/100 brn|[from] brn
|upkeep
|turn|77
|
|t:|1779859779
|switch|p2a: Dondozo|Dondozo, M|99/100
|move|p1a: Suicune|Scald|p2a: Dondozo
|-resisted|p2a: Dondozo
|-damage|p2a: Dondozo|91/100
|
|-heal|p1a: Suicune|61/100|[from] item: Leftovers
|-heal|p2a: Dondozo|97/100|[from] item: Leftovers
|upkeep
|turn|78
|
|t:|1779859789
|switch|p1a: Rotom|Rotom-Wash|100/100
|switch|p2a: Ting-Lu|Ting-Lu, tera:Water|18/100 brn
|-ability|p2a: Ting-Lu|Vessel of Ruin
|
|-heal|p2a: Ting-Lu|24/100 brn|[from] item: Leftovers
|-damage|p2a: Ting-Lu|18/100 brn|[from] brn
|upkeep
|turn|79
|
|t:|1779859794
|move|p1a: Rotom|Volt Switch|p2a: Ting-Lu
|-supereffective|p2a: Ting-Lu
|-damage|p2a: Ting-Lu|0 fnt
|faint|p2a: Ting-Lu
|
|t:|1779859799
|switch|p1a: Suicune|Suicune, shiny|61/100|[from] Volt Switch
|-ability|p1a: Suicune|Pressure
|
|-heal|p1a: Suicune|67/100|[from] item: Leftovers
|upkeep
|
|t:|1779859807
|switch|p2a: Corviknight|Corviknight, M|100/100
|-ability|p2a: Corviknight|Pressure
|turn|80
|
|t:|1779859814
|switch|p1a: Rotom|Rotom-Wash|100/100
|move|p2a: Corviknight|Brave Bird|p1a: Rotom
|-resisted|p1a: Rotom
|-damage|p1a: Rotom|82/100
|-damage|p2a: Corviknight|96/100|[from] Recoil
|
|upkeep
|turn|81
|
|t:|1779859839
|move|p1a: Rotom|Will-O-Wisp|p2a: Corviknight|[miss]
|-miss|p1a: Rotom|p2a: Corviknight
|move|p2a: Corviknight|Brave Bird|p1a: Rotom
|-resisted|p1a: Rotom
|-damage|p1a: Rotom|61/100
|-damage|p2a: Corviknight|90/100|[from] Recoil
|
|upkeep
|turn|82
|
|t:|1779859844
|move|p1a: Rotom|Will-O-Wisp|p2a: Corviknight
|-status|p2a: Corviknight|brn
|move|p2a: Corviknight|Roost|p2a: Corviknight
|-heal|p2a: Corviknight|100/100 brn
|-singleturn|p2a: Corviknight|move: Roost
|
|-damage|p2a: Corviknight|94/100 brn|[from] brn
|upkeep
|turn|83
|
|t:|1779859849
|move|p1a: Rotom|Pain Split|p2a: Corviknight
|-sethp|p2a: Corviknight|70/100 brn|[from] move: Pain Split|[silent]
|-sethp|p1a: Rotom|93/100|[from] move: Pain Split
|move|p2a: Corviknight|Brave Bird|p1a: Rotom
|-resisted|p1a: Rotom
|-damage|p1a: Rotom|83/100
|-damage|p2a: Corviknight|68/100 brn|[from] Recoil
|
|-damage|p2a: Corviknight|62/100 brn|[from] brn
|upkeep
|turn|84
|
|t:|1779859854
|move|p1a: Rotom|Volt Switch|p2a: Corviknight
|-supereffective|p2a: Corviknight
|-damage|p2a: Corviknight|10/100 brn
|
|t:|1779859858
|switch|p1a: Suicune|Suicune, shiny|67/100|[from] Volt Switch
|-ability|p1a: Suicune|Pressure
|move|p2a: Corviknight|Roost|p2a: Corviknight
|-heal|p2a: Corviknight|60/100 brn
|-singleturn|p2a: Corviknight|move: Roost
|
|-heal|p1a: Suicune|73/100|[from] item: Leftovers
|-damage|p2a: Corviknight|54/100 brn|[from] brn
|upkeep
|turn|85
|
|t:|1779859865
|switch|p1a: Rotom|Rotom-Wash|83/100
|move|p2a: Corviknight|Roost|p2a: Corviknight
|-heal|p2a: Corviknight|100/100 brn
|-singleturn|p2a: Corviknight|move: Roost
|
|-damage|p2a: Corviknight|94/100 brn|[from] brn
|upkeep
|turn|86
|
|t:|1779859890
|move|p1a: Rotom|Volt Switch|p2a: Corviknight
|-supereffective|p2a: Corviknight
|-damage|p2a: Corviknight|45/100 brn
|
|t:|1779859898
|switch|p1a: Suicune|Suicune, shiny|73/100|[from] Volt Switch
|-ability|p1a: Suicune|Pressure
|move|p2a: Corviknight|Brave Bird|p1a: Suicune
|-damage|p1a: Suicune|63/100
|-damage|p2a: Corviknight|41/100 brn|[from] Recoil
|
|-heal|p1a: Suicune|69/100|[from] item: Leftovers
|-damage|p2a: Corviknight|35/100 brn|[from] brn
|upkeep
|turn|87
|
|t:|1779859906
|switch|p1a: Rotom|Rotom-Wash|83/100
|move|p2a: Corviknight|Roost|p2a: Corviknight
|-heal|p2a: Corviknight|85/100 brn
|-singleturn|p2a: Corviknight|move: Roost
|
|-damage|p2a: Corviknight|79/100 brn|[from] brn
|upkeep
|turn|88
|
|t:|1779859912
|move|p1a: Rotom|Volt Switch|p2a: Corviknight
|-supereffective|p2a: Corviknight
|-damage|p2a: Corviknight|31/100 brn
|
|t:|1779859915
|switch|p1a: Suicune|Suicune, shiny|69/100|[from] Volt Switch
|-ability|p1a: Suicune|Pressure
|move|p2a: Corviknight|Brave Bird|p1a: Suicune
|-damage|p1a: Suicune|59/100
|-damage|p2a: Corviknight|28/100 brn|[from] Recoil
|
|-heal|p1a: Suicune|65/100|[from] item: Leftovers
|-damage|p2a: Corviknight|22/100 brn|[from] brn
|upkeep
|turn|89
|
|t:|1779859922
|switch|p2a: Dondozo|Dondozo, M|97/100
|move|p1a: Suicune|Calm Mind|p1a: Suicune
|-boost|p1a: Suicune|spa|1
|-boost|p1a: Suicune|spd|1
|
|-heal|p1a: Suicune|71/100|[from] item: Leftovers
|-heal|p2a: Dondozo|100/100|[from] item: Leftovers
|upkeep
|turn|90
|
|t:|1779859930
|switch|p2a: Corviknight|Corviknight, M|22/100 brn
|-ability|p2a: Corviknight|Pressure
|move|p1a: Suicune|Calm Mind|p1a: Suicune
|-boost|p1a: Suicune|spa|1
|-boost|p1a: Suicune|spd|1
|
|-heal|p1a: Suicune|78/100|[from] item: Leftovers
|-damage|p2a: Corviknight|16/100 brn|[from] brn
|upkeep
|turn|91
|
|t:|1779859937
|move|p1a: Suicune|Calm Mind|p1a: Suicune
|-boost|p1a: Suicune|spa|1
|-boost|p1a: Suicune|spd|1
|move|p2a: Corviknight|Brave Bird|p1a: Suicune
|-damage|p1a: Suicune|68/100
|-damage|p2a: Corviknight|13/100 brn|[from] Recoil
|
|-heal|p1a: Suicune|74/100|[from] item: Leftovers
|-damage|p2a: Corviknight|7/100 brn|[from] brn
|upkeep
|turn|92
|
|t:|1779859945
|switch|p2a: Dondozo|Dondozo, M|100/100
|move|p1a: Suicune|Scald|p2a: Dondozo
|-resisted|p2a: Dondozo
|-damage|p2a: Dondozo|92/100
|
|-heal|p1a: Suicune|81/100|[from] item: Leftovers
|-heal|p2a: Dondozo|98/100|[from] item: Leftovers
|upkeep
|turn|93
|
|t:|1779859952
|switch|p1a: Rotom|Rotom-Wash|83/100
|switch|p2a: Corviknight|Corviknight, M|7/100 brn
|-ability|p2a: Corviknight|Pressure
|
|-damage|p2a: Corviknight|0 fnt|[from] brn
|faint|p2a: Corviknight
|upkeep
|
|t:|1779859957
|switch|p2a: Dondozo|Dondozo, M|98/100
|turn|94
|
|t:|1779859962
|move|p1a: Rotom|Volt Switch|p2a: Dondozo
|-supereffective|p2a: Dondozo
|-damage|p2a: Dondozo|64/100
|
|t:|1779859966
|switch|p1a: Dragonite|Dragonite, M, shiny|100/100|[from] Volt Switch
|move|p2a: Dondozo|Curse|p2a: Dondozo
|-unboost|p2a: Dondozo|spe|1
|-boost|p2a: Dondozo|atk|1
|-boost|p2a: Dondozo|def|1
|
|-heal|p2a: Dondozo|70/100|[from] item: Leftovers
|upkeep
|turn|95
|
|t:|1779859970
|switch|p1a: Rotom|Rotom-Wash|83/100
|move|p2a: Dondozo|Curse|p2a: Dondozo
|-unboost|p2a: Dondozo|spe|1
|-boost|p2a: Dondozo|atk|1
|-boost|p2a: Dondozo|def|1
|
|-heal|p2a: Dondozo|76/100|[from] item: Leftovers
|upkeep
|turn|96
|
|t:|1779859975
|move|p1a: Rotom|Volt Switch|p2a: Dondozo
|-supereffective|p2a: Dondozo
|-damage|p2a: Dondozo|46/100
|
|t:|1779859978
|switch|p1a: Suicune|Suicune, shiny|81/100|[from] Volt Switch
|-ability|p1a: Suicune|Pressure
|move|p2a: Dondozo|Curse|p2a: Dondozo
|-unboost|p2a: Dondozo|spe|1
|-boost|p2a: Dondozo|atk|1
|-boost|p2a: Dondozo|def|1
|
|-heal|p1a: Suicune|87/100|[from] item: Leftovers
|-heal|p2a: Dondozo|52/100|[from] item: Leftovers
|upkeep
|turn|97
|
|t:|1779859984
|switch|p1a: Rotom|Rotom-Wash|83/100
|move|p2a: Dondozo|Curse|p2a: Dondozo
|-unboost|p2a: Dondozo|spe|1
|-boost|p2a: Dondozo|atk|1
|-boost|p2a: Dondozo|def|1
|
|-heal|p2a: Dondozo|58/100|[from] item: Leftovers
|upkeep
|turn|98
|
|t:|1779859989
|move|p1a: Rotom|Volt Switch|p2a: Dondozo
|-supereffective|p2a: Dondozo
|-damage|p2a: Dondozo|28/100
|
|t:|1779859996
|switch|p1a: Suicune|Suicune, shiny|87/100|[from] Volt Switch
|-ability|p1a: Suicune|Pressure
|move|p2a: Dondozo|Curse|p2a: Dondozo
|-unboost|p2a: Dondozo|spe|1
|-boost|p2a: Dondozo|atk|1
|-boost|p2a: Dondozo|def|1
|
|-heal|p1a: Suicune|93/100|[from] item: Leftovers
|-heal|p2a: Dondozo|34/100|[from] item: Leftovers
|upkeep
|turn|99
|
|t:|1779860003
|move|p1a: Suicune|Scald|p2a: Dondozo
|-resisted|p2a: Dondozo
|-damage|p2a: Dondozo|27/100
|move|p2a: Dondozo|Curse|p2a: Dondozo
|-unboost|p2a: Dondozo|spe|1
|-boost|p2a: Dondozo|atk|1
|-boost|p2a: Dondozo|def|1
|
|-heal|p1a: Suicune|99/100|[from] item: Leftovers
|-heal|p2a: Dondozo|33/100|[from] item: Leftovers
|upkeep
|turn|100
|
|t:|1779860010
|move|p1a: Suicune|Scald|p2a: Dondozo
|-resisted|p2a: Dondozo
|-damage|p2a: Dondozo|25/100
|move|p2a: Dondozo|Curse|p2a: Dondozo
|
|-heal|p1a: Suicune|100/100|[from] item: Leftovers
|-heal|p2a: Dondozo|31/100|[from] item: Leftovers
|upkeep
|turn|101
|
|t:|1779860017
|move|p1a: Suicune|Scald|p2a: Dondozo
|-resisted|p2a: Dondozo
|-damage|p2a: Dondozo|23/100
|move|p2a: Dondozo|Curse|p2a: Dondozo
|
|-heal|p2a: Dondozo|29/100|[from] item: Leftovers
|upkeep
|turn|102
|
|t:|1779860023
|move|p1a: Suicune|Scald|p2a: Dondozo
|-resisted|p2a: Dondozo
|-damage|p2a: Dondozo|21/100
|-status|p2a: Dondozo|brn
|move|p2a: Dondozo|Curse|p2a: Dondozo
|
|-heal|p2a: Dondozo|28/100 brn|[from] item: Leftovers
|-damage|p2a: Dondozo|21/100 brn|[from] brn
|upkeep
|turn|103
|
|t:|1779860030
|move|p1a: Suicune|Scald|p2a: Dondozo
|-resisted|p2a: Dondozo
|-damage|p2a: Dondozo|13/100 brn
|-activate|p2a: Dondozo|move: Struggle
|move|p2a: Dondozo|Struggle|p1a: Suicune
|-damage|p1a: Suicune|88/100
|-damage|p2a: Dondozo|0 fnt|[from] recoil
|faint|p2a: Dondozo
|
|win|hueehuuekkkk
|raw|hueehuuekkkk's rating: 1361 &rarr; <strong>1378</strong><br />(+17 for winning)
|raw|claudechamp's rating: 1314 &rarr; <strong>1297</strong><br />(-17 for losing)
|c|☆claudechamp|gg
