|j|‽SheinG
|j|☆Acastillo631
|t:|1779895710
|gametype|singles
|player|p1|SheinG|1|1443
|player|p2|Acastillo631|silver|1674
|gen|9
|tier|[Gen 9] OU
|rated|
|rule|HP Percentage Mod: HP is shown in percentages
|rule|Endless Battle Clause: Forcing endless battles is banned
|rule|Species Clause: Limit one of each Pokémon
|rule|OHKO Clause: OHKO moves are banned
|rule|Evasion Items Clause: Evasion items are banned
|rule|Evasion Moves Clause: Evasion moves are banned
|rule|Evasion Abilities Clause: Evasion abilities are banned
|rule|Sleep Moves Clause: Sleep-inducing moves are banned
|clearpoke
|poke|p1|Samurott-Hisui, F|
|poke|p1|Dragapult, F|
|poke|p1|Zapdos|
|poke|p1|Great Tusk|
|poke|p1|Gholdengo|
|poke|p1|Kyurem|
|poke|p2|Iron Valiant|
|poke|p2|Sinistcha|
|poke|p2|Tyranitar, M|
|poke|p2|Klefki, M|
|poke|p2|Swampert, M|
|poke|p2|Talonflame, F|
|teampreview
|inactive|Battle timer is ON: inactive players will automatically lose when time's up. (requested by SheinG)
|inactive|Acastillo631 has 120 seconds left.
|
|t:|1779895846
|teamsize|p1|6
|teamsize|p2|6
|start
|switch|p1a: Dragapult|Dragapult, F|100/100
|switch|p2a: Redips|Klefki, M|100/100
|turn|1
|
|t:|1779895874
|switch|p1a: Gholdengo|Gholdengo|100/100
|-item|p1a: Gholdengo|Air Balloon
|move|p2a: Redips|Spikes|p1a: Gholdengo
|-sidestart|p1: SheinG|Spikes
|
|upkeep
|turn|2
|inactive|SheinG has 120 seconds left.
|
|t:|1779895908
|switch|p1a: Dragapult|Dragapult, F|100/100
|switch|p2a: Duff Mcwhalen|Swampert, M|100/100
|
|upkeep
|turn|3
|
|t:|1779895918
|move|p1a: Dragapult|Will-O-Wisp|p2a: Duff Mcwhalen
|-status|p2a: Duff Mcwhalen|brn
|move|p2a: Duff Mcwhalen|Flip Turn|p1a: Dragapult
|-resisted|p1a: Dragapult
|-damage|p1a: Dragapult|93/100
|
|t:|1779895927
|switch|p2a: Eregion|Tyranitar, M|100/100|[from] Flip Turn
|-weather|Sandstorm|[from] ability: Sand Stream|[of] p2a: Eregion
|
|-weather|Sandstorm|[upkeep]
|-damage|p1a: Dragapult|87/100|[from] Sandstorm
|upkeep
|turn|4
|inactive|SheinG has 120 seconds left.
|
|t:|1779895938
|move|p1a: Dragapult|U-turn|p2a: Eregion
|-supereffective|p2a: Eregion
|-damage|p2a: Eregion|72/100
|
|t:|1779895941
|switch|p1a: Great Tusk|Great Tusk|100/100|[from] U-turn
|move|p2a: Eregion|Ice Beam|p1a: Great Tusk
|-supereffective|p1a: Great Tusk
|-damage|p1a: Great Tusk|39/100
|
|-weather|Sandstorm|[upkeep]
|-heal|p2a: Eregion|78/100|[from] item: Leftovers
|upkeep
|turn|5
|inactive|SheinG has 120 seconds left.
|
|t:|1779895958
|-end|p1a: Great Tusk|Protosynthesis|[silent]
|switch|p1a: Samurott|Samurott-Hisui, F|100/100
|-damage|p1a: Samurott|88/100|[from] Spikes
|switch|p2a: Wire Sponge|Sinistcha|100/100
|
|-weather|Sandstorm|[upkeep]
|-damage|p1a: Samurott|82/100|[from] Sandstorm
|-damage|p2a: Wire Sponge|94/100|[from] Sandstorm
|upkeep
|turn|6
|inactive|SheinG has 120 seconds left.
|
|t:|1779895990
|switch|p2a: Redips|Klefki, M|100/100
|move|p1a: Samurott|Ceaseless Edge|p2a: Redips
|-resisted|p2a: Redips
|-damage|p2a: Redips|83/100
|-damage|p1a: Samurott|66/100|[from] item: Rocky Helmet|[of] p2a: Redips
|-sidestart|p2: Acastillo631|Spikes
|
|-weather|Sandstorm|[upkeep]
|-damage|p1a: Samurott|60/100|[from] Sandstorm
|upkeep
|turn|7
|
|t:|1779895998
|switch|p1a: Gholdengo|Gholdengo|100/100
|-item|p1a: Gholdengo|Air Balloon
|move|p2a: Redips|Spikes|p1a: Gholdengo
|-sidestart|p1: SheinG|Spikes
|
|-weather|none
|upkeep
|turn|8
|
|t:|1779896011
|switch|p2a: Duff Mcwhalen|Swampert, M|100/100 brn
|-damage|p2a: Duff Mcwhalen|88/100 brn|[from] Spikes
|move|p1a: Gholdengo|Make It Rain|p2a: Duff Mcwhalen
|-resisted|p2a: Duff Mcwhalen
|-damage|p2a: Duff Mcwhalen|66/100 brn
|-unboost|p1a: Gholdengo|spa|1
|
|-heal|p2a: Duff Mcwhalen|72/100 brn|[from] item: Leftovers
|-damage|p2a: Duff Mcwhalen|66/100 brn|[from] brn
|upkeep
|turn|9
|
|t:|1779896024
|switch|p1a: Zapdos|Zapdos|100/100
|move|p2a: Duff Mcwhalen|Flip Turn|p1a: Zapdos
|-damage|p1a: Zapdos|93/100
|
|t:|1779896028
|switch|p2a: Eregion|Tyranitar, M|78/100|[from] Flip Turn
|-damage|p2a: Eregion|66/100|[from] Spikes
|-weather|Sandstorm|[from] ability: Sand Stream|[of] p2a: Eregion
|
|-weather|Sandstorm|[upkeep]
|-damage|p1a: Zapdos|87/100|[from] Sandstorm
|-heal|p2a: Eregion|72/100|[from] item: Leftovers
|upkeep
|turn|10
|
|t:|1779896051
|move|p1a: Zapdos|Volt Switch|p2a: Eregion
|-damage|p2a: Eregion|61/100
|
|t:|1779896056
|switch|p1a: Great Tusk|Great Tusk|39/100|[from] Volt Switch
|move|p2a: Eregion|Knock Off|p1a: Great Tusk
|-resisted|p1a: Great Tusk
|-damage|p1a: Great Tusk|23/100
|-enditem|p1a: Great Tusk|Heavy-Duty Boots|[from] move: Knock Off|[of] p2a: Eregion
|
|-weather|Sandstorm|[upkeep]
|-heal|p2a: Eregion|67/100|[from] item: Leftovers
|upkeep
|turn|11
|
|t:|1779896073
|switch|p2a: Talonflame|Talonflame, F|100/100
|move|p1a: Great Tusk|Rapid Spin|p2a: Talonflame
|-damage|p2a: Talonflame|79/100
|-boost|p1a: Great Tusk|spe|1
|-sideend|p1: SheinG|Spikes|[from] move: Rapid Spin|[of] p1a: Great Tusk
|
|-weather|Sandstorm|[upkeep]
|-damage|p2a: Talonflame|73/100|[from] Sandstorm
|upkeep
|turn|12
|
|t:|1779896089
|move|p1a: Great Tusk|Stealth Rock|p2a: Talonflame
|-sidestart|p2: Acastillo631|move: Stealth Rock
|move|p2a: Talonflame|Flamethrower|p1a: Great Tusk
|-damage|p1a: Great Tusk|0 fnt
|faint|p1a: Great Tusk
|-end|p1a: Great Tusk|Protosynthesis|[silent]
|
|-weather|Sandstorm|[upkeep]
|-damage|p2a: Talonflame|67/100|[from] Sandstorm
|upkeep
|inactive|SheinG has 90 seconds left.
|
|t:|1779896101
|switch|p1a: Zapdos|Zapdos|87/100
|turn|13
|inactive|SheinG has 90 seconds left.
|inactive|Acastillo631 has 120 seconds left.
|
|t:|1779896132
|switch|p2a: Duff Mcwhalen|Swampert, M|66/100 brn
|-damage|p2a: Duff Mcwhalen|53/100 brn|[from] Spikes
|-damage|p2a: Duff Mcwhalen|47/100 brn|[from] Stealth Rock
|move|p1a: Zapdos|Volt Switch|p2a: Duff Mcwhalen
|-immune|p2a: Duff Mcwhalen
|
|-weather|none
|-heal|p2a: Duff Mcwhalen|53/100 brn|[from] item: Leftovers
|-damage|p2a: Duff Mcwhalen|47/100 brn|[from] brn
|upkeep
|turn|14
|inactive|SheinG has 90 seconds left.
|
|t:|1779896153
|move|p1a: Zapdos|Hurricane|p2a: Duff Mcwhalen
|-damage|p2a: Duff Mcwhalen|20/100 brn
|move|p2a: Duff Mcwhalen|Stealth Rock|p1a: Zapdos
|-sidestart|p1: SheinG|move: Stealth Rock
|
|-heal|p2a: Duff Mcwhalen|26/100 brn|[from] item: Leftovers
|-damage|p2a: Duff Mcwhalen|20/100 brn|[from] brn
|upkeep
|turn|15
|inactive|Acastillo631 has 120 seconds left.
|
|t:|1779896183
|move|p1a: Zapdos|Hurricane|p2a: Duff Mcwhalen|[miss]
|-miss|p1a: Zapdos|p2a: Duff Mcwhalen
|move|p2a: Duff Mcwhalen|Knock Off|p1a: Zapdos
|-damage|p1a: Zapdos|79/100
|-enditem|p1a: Zapdos|Heavy-Duty Boots|[from] move: Knock Off|[of] p2a: Duff Mcwhalen
|
|-heal|p2a: Duff Mcwhalen|26/100 brn|[from] item: Leftovers
|-damage|p2a: Duff Mcwhalen|20/100 brn|[from] brn
|upkeep
|turn|16
|
|t:|1779896191
|move|p1a: Zapdos|Hurricane|p2a: Duff Mcwhalen
|-crit|p2a: Duff Mcwhalen
|-damage|p2a: Duff Mcwhalen|0 fnt
|faint|p2a: Duff Mcwhalen
|
|upkeep
|inactive|Acastillo631 has 120 seconds left.
|inactive|Acastillo631 has 90 seconds left.
|
|t:|1779896241
|switch|p2a: Eregion|Tyranitar, M|67/100
|-damage|p2a: Eregion|55/100|[from] Spikes
|-damage|p2a: Eregion|43/100|[from] Stealth Rock
|-weather|Sandstorm|[from] ability: Sand Stream|[of] p2a: Eregion
|turn|17
|inactive|SheinG has 90 seconds left.
|
|t:|1779896260
|move|p1a: Zapdos|Volt Switch|p2a: Eregion
|-damage|p2a: Eregion|31/100
|
|t:|1779896263
|switch|p1a: Kyurem|Kyurem|100/100|[from] Volt Switch
|-damage|p1a: Kyurem|76/100|[from] Stealth Rock
|-ability|p1a: Kyurem|Pressure
|move|p2a: Eregion|Stone Edge|p1a: Kyurem
|-supereffective|p1a: Kyurem
|-damage|p1a: Kyurem|0 fnt
|faint|p1a: Kyurem
|
|-weather|Sandstorm|[upkeep]
|-heal|p2a: Eregion|37/100|[from] item: Leftovers
|upkeep
|inactive|SheinG has 90 seconds left.
|
|t:|1779896271
|switch|p1a: Samurott|Samurott-Hisui, F|60/100
|-damage|p1a: Samurott|47/100|[from] Stealth Rock
|turn|18
|inactive|Acastillo631 has 90 seconds left.
|
|t:|1779896304
|move|p1a: Samurott|Razor Shell|p2a: Eregion
|-supereffective|p2a: Eregion
|-damage|p2a: Eregion|0 fnt
|faint|p2a: Eregion
|
|-weather|Sandstorm|[upkeep]
|-damage|p1a: Samurott|41/100|[from] Sandstorm
|upkeep
|inactive|Acastillo631 has 60 seconds left.
|
|t:|1779896338
|switch|p2a: Redips|Klefki, M|83/100
|-damage|p2a: Redips|71/100|[from] Spikes
|-damage|p2a: Redips|65/100|[from] Stealth Rock
|turn|19
|
|t:|1779896355
|switch|p1a: Gholdengo|Gholdengo|100/100
|-damage|p1a: Gholdengo|94/100|[from] Stealth Rock
|-item|p1a: Gholdengo|Air Balloon
|move|p2a: Redips|Dazzling Gleam|p1a: Gholdengo
|-resisted|p1a: Gholdengo
|-damage|p1a: Gholdengo|81/100
|-enditem|p1a: Gholdengo|Air Balloon
|
|-weather|Sandstorm|[upkeep]
|upkeep
|turn|20
|inactive|Acastillo631 has 60 seconds left.
|
|t:|1779896369
|move|p2a: Redips|Spikes|p1a: Gholdengo
|-sidestart|p1: SheinG|Spikes
|move|p1a: Gholdengo|Shadow Ball|p2a: Redips
|-damage|p2a: Redips|17/100
|
|-weather|Sandstorm|[upkeep]
|upkeep
|turn|21
|
|t:|1779896381
|move|p1a: Gholdengo|Nasty Plot|p1a: Gholdengo
|-boost|p1a: Gholdengo|spa|2
|move|p2a: Redips|Dazzling Gleam|p1a: Gholdengo
|-resisted|p1a: Gholdengo
|-damage|p1a: Gholdengo|68/100
|
|-weather|none
|upkeep
|turn|22
|
|t:|1779896393
|move|p1a: Gholdengo|Recover|p1a: Gholdengo
|-heal|p1a: Gholdengo|100/100
|move|p2a: Redips|Dazzling Gleam|p1a: Gholdengo
|-resisted|p1a: Gholdengo
|-damage|p1a: Gholdengo|87/100
|
|upkeep
|turn|23
|
|t:|1779896398
|move|p1a: Gholdengo|Shadow Ball|p2a: Redips
|-damage|p2a: Redips|0 fnt
|faint|p2a: Redips
|
|upkeep
|
|t:|1779896403
|switch|p2a: Talonflame|Talonflame, F|67/100
|turn|24
|inactive|SheinG has 120 seconds left.
|
|t:|1779896416
|-terastallize|p2a: Talonflame|Fire
|-terastallize|p1a: Gholdengo|Flying
|move|p2a: Talonflame|Flamethrower|p1a: Gholdengo
|-damage|p1a: Gholdengo|48/100
|move|p1a: Gholdengo|Shadow Ball|p2a: Talonflame
|-damage|p2a: Talonflame|0 fnt
|faint|p2a: Talonflame
|
|upkeep
|
|t:|1779896426
|switch|p2a: Sage Harpuia|Iron Valiant|100/100
|-damage|p2a: Sage Harpuia|88/100|[from] Spikes
|-damage|p2a: Sage Harpuia|82/100|[from] Stealth Rock
|-enditem|p2a: Sage Harpuia|Booster Energy
|-activate|p2a: Sage Harpuia|ability: Quark Drive|[fromitem]
|-start|p2a: Sage Harpuia|quarkdrivespe
|turn|25
|
|t:|1779896439
|move|p2a: Sage Harpuia|Moonblast|p1a: Gholdengo
|-damage|p1a: Gholdengo|0 fnt
|faint|p1a: Gholdengo
|
|upkeep
|inactive|SheinG has 120 seconds left.
|
|t:|1779896456
|switch|p1a: Zapdos|Zapdos|79/100
|-damage|p1a: Zapdos|55/100|[from] Stealth Rock
|turn|26
|inactive|SheinG has 120 seconds left.
|
|t:|1779896466
|move|p2a: Sage Harpuia|Moonblast|p1a: Zapdos
|-damage|p1a: Zapdos|10/100
|-unboost|p1a: Zapdos|spa|1
|move|p1a: Zapdos|Thunder Wave|p2a: Sage Harpuia
|-status|p2a: Sage Harpuia|par
|
|upkeep
|turn|27
|
|t:|1779896472
|move|p2a: Sage Harpuia|Moonblast|p1a: Zapdos
|-damage|p1a: Zapdos|0 fnt
|faint|p1a: Zapdos
|
|upkeep
|inactive|SheinG has 120 seconds left.
|
|t:|1779896489
|switch|p1a: Dragapult|Dragapult, F|87/100
|turn|28
|inactive|Acastillo631 has 120 seconds left.
|
|t:|1779896499
|move|p1a: Dragapult|Hex|p2a: Sage Harpuia
|-damage|p2a: Sage Harpuia|0 fnt
|faint|p2a: Sage Harpuia
|-end|p2a: Sage Harpuia|Quark Drive|[silent]
|
|upkeep
|-message|Acastillo631 forfeited.
|
|win|SheinG
|raw|SheinG's rating: 1443 &rarr; <strong>1475</strong><br />(+32 for winning)
|raw|Acastillo631's rating: 1674 &rarr; <strong>1642</strong><br />(-32 for losing)
|l|☆Acastillo631
|player|p2|
