|j|☆wjsalm3
|j|☆ycgwyw now
|t:|1779904670
|gametype|singles
|player|p1|wjsalm3|koga|1095
|player|p2|ycgwyw now|touristf|1098
|gen|9
|tier|[Gen 9] OU
|rated|
|rule|HP Percentage Mod: HP is shown in percentages
|rule|Endless Battle Clause: Forcing endless battles is banned
|rule|Species Clause: Limit one of each Pokémon
|rule|OHKO Clause: OHKO moves are banned
|rule|Evasion Items Clause: Evasion items are banned
|rule|Evasion Moves Clause: Evasion moves are banned
|rule|Evasion Abilities Clause: Evasion abilities are banned
|rule|Sleep Moves Clause: Sleep-inducing moves are banned
|clearpoke
|poke|p1|Garganacl, M|
|poke|p1|Dondozo, M|
|poke|p1|Gholdengo|
|poke|p1|Ogerpon-Wellspring, F|
|poke|p1|Kingambit, M|
|poke|p1|Weezing-Galar, F|
|poke|p2|Umbreon, M|
|poke|p2|Mandibuzz, F|
|poke|p2|Clodsire, M|
|poke|p2|Hatterene, F|
|poke|p2|Slowking, F|
|poke|p2|Crocalor, M|
|teampreview
|inactive|Battle timer is ON: inactive players will automatically lose when time's up. (requested by ycgwyw now)
|inactive|wjsalm3 has 120 seconds left.
|
|t:|1779904708
|teamsize|p1|6
|teamsize|p2|6
|start
|switch|p1a: Jabu Jabu|Dondozo, M, shiny|100/100
|switch|p2a: Checktung|Slowking, F|100/100
|turn|1
|inactive|ycgwyw now has 120 seconds left.
|inactive|ycgwyw now has 90 seconds left.
|
|t:|1779904780
|move|p1a: Jabu Jabu|Curse|p1a: Jabu Jabu
|-unboost|p1a: Jabu Jabu|spe|1
|-boost|p1a: Jabu Jabu|atk|1
|-boost|p1a: Jabu Jabu|def|1
|move|p2a: Checktung|Trick|p1a: Jabu Jabu
|-activate|p2a: Checktung|move: Trick|[of] p1a: Jabu Jabu
|-item|p1a: Jabu Jabu|Choice Specs|[from] move: Trick
|-item|p2a: Checktung|Leftovers|[from] move: Trick
|
|upkeep
|turn|2
|
|t:|1779904791
|-prepare|p2a: Checktung|Chilly Reception|[premajor]
|move|p2a: Checktung|Chilly Reception|p2a: Checktung
|-weather|Snowscape
|
|t:|1779904794
|switch|p2a: Check|Hatterene, F|100/100|[from] Chilly Reception
|move|p1a: Jabu Jabu|Curse|p1a: Jabu Jabu
|-unboost|p1a: Jabu Jabu|spe|1
|-boost|p1a: Jabu Jabu|atk|1
|-boost|p1a: Jabu Jabu|def|1
|
|-weather|Snowscape|[upkeep]
|upkeep
|turn|3
|inactive|wjsalm3 has 120 seconds left.
|
|t:|1779904828
|switch|p1a: Sensei|Kingambit, M, shiny|100/100
|move|p2a: Check|Calm Mind|p2a: Check
|-boost|p2a: Check|spa|1
|-boost|p2a: Check|spd|1
|
|-weather|Snowscape|[upkeep]
|upkeep
|turn|4
|inactive|ycgwyw now has 90 seconds left.
|inactive|ycgwyw now has 60 seconds left.
|
|t:|1779904905
|switch|p2a: Checkaloo|Crocalor, M|100/100
|move|p1a: Sensei|Kowtow Cleave|p2a: Checkaloo
|-damage|p2a: Checkaloo|75/100
|
|-weather|Snowscape|[upkeep]
|upkeep
|turn|5
|inactive|wjsalm3 has 120 seconds left.
|
|t:|1779904930
|-end|p1a: Sensei|fallenundefined|[silent]
|switch|p1a: 1850's London|Weezing-Galar, F|100/100
|move|p2a: Checkaloo|Fire Spin|p1a: 1850's London|[miss]
|-miss|p2a: Checkaloo|p1a: 1850's London
|
|-weather|Snowscape|[upkeep]
|upkeep
|turn|6
|
|t:|1779904941
|switch|p2a: Checktung|Slowking, F|100/100
|move|p1a: 1850's London|Clear Smog|p2a: Checktung
|-damage|p2a: Checktung|89/100
|-clearboost|p2a: Checktung
|
|-weather|none
|-heal|p2a: Checktung|95/100|[from] item: Leftovers
|upkeep
|turn|7
|
|t:|1779904947
|move|p1a: 1850's London|Will-O-Wisp|p2a: Checktung
|-status|p2a: Checktung|brn
|move|p2a: Checktung|Psychic|p1a: 1850's London
|-supereffective|p1a: 1850's London
|-damage|p1a: 1850's London|42/100
|
|-heal|p1a: 1850's London|48/100|[from] item: Leftovers
|-heal|p2a: Checktung|100/100 brn|[from] item: Leftovers
|-damage|p2a: Checktung|94/100 brn|[from] brn
|upkeep
|turn|8
|
|t:|1779904962
|switch|p1a: Sensei|Kingambit, M, shiny|100/100
|move|p2a: Checktung|Psychic|p1a: Sensei
|-immune|p1a: Sensei
|
|-heal|p2a: Checktung|100/100 brn|[from] item: Leftovers
|-damage|p2a: Checktung|94/100 brn|[from] brn
|upkeep
|turn|9
|
|t:|1779904968
|switch|p2a: Checkaloo|Crocalor, M|75/100
|move|p1a: Sensei|Kowtow Cleave|p2a: Checkaloo
|-damage|p2a: Checkaloo|49/100
|
|upkeep
|turn|10
|
|t:|1779904992
|-end|p1a: Sensei|fallenundefined|[silent]
|switch|p1a: 1850's London|Weezing-Galar, F|48/100
|move|p2a: Checkaloo|Slack Off|p2a: Checkaloo
|-heal|p2a: Checkaloo|99/100
|
|-heal|p1a: 1850's London|54/100|[from] item: Leftovers
|upkeep
|turn|11
|inactive|ycgwyw now has 90 seconds left.
|
|t:|1779905004
|move|p1a: 1850's London|Pain Split|p2a: Checkaloo
|-sethp|p2a: Checkaloo|74/100|[from] move: Pain Split|[silent]
|-sethp|p1a: 1850's London|81/100|[from] move: Pain Split
|move|p2a: Checkaloo|Fire Spin|p1a: 1850's London
|-damage|p1a: 1850's London|71/100
|-activate|p1a: 1850's London|move: Fire Spin|[of] p2a: Checkaloo
|
|-heal|p1a: 1850's London|77/100|[from] item: Leftovers
|-damage|p1a: 1850's London|64/100|[from] move: Fire Spin|[partiallytrapped]
|upkeep
|turn|12
|inactive|ycgwyw now has 90 seconds left.
|
|t:|1779905033
|move|p1a: 1850's London|Clear Smog|p2a: Checkaloo
|-damage|p2a: Checkaloo|60/100
|-clearboost|p2a: Checkaloo
|move|p2a: Checkaloo|Flamethrower|p1a: 1850's London
|-damage|p1a: 1850's London|36/100
|
|-heal|p1a: 1850's London|42/100|[from] item: Leftovers
|-damage|p1a: 1850's London|30/100|[from] move: Fire Spin|[partiallytrapped]
|upkeep
|turn|13
|inactive|ycgwyw now has 90 seconds left.
|
|t:|1779905048
|move|p1a: 1850's London|Pain Split|p2a: Checkaloo
|-sethp|p2a: Checkaloo|44/100|[from] move: Pain Split|[silent]
|-sethp|p1a: 1850's London|48/100|[from] move: Pain Split
|move|p2a: Checkaloo|Slack Off|p2a: Checkaloo
|-heal|p2a: Checkaloo|94/100
|
|-heal|p1a: 1850's London|53/100|[from] item: Leftovers
|-damage|p1a: 1850's London|41/100|[from] move: Fire Spin|[partiallytrapped]
|upkeep
|turn|14
|inactive|ycgwyw now has 90 seconds left.
|inactive|wjsalm3 has 120 seconds left.
|inactive|ycgwyw now has 60 seconds left.
|
|t:|1779905089
|move|p1a: 1850's London|Pain Split|p2a: Checkaloo
|-sethp|p2a: Checkaloo|66/100|[from] move: Pain Split|[silent]
|-sethp|p1a: 1850's London|72/100|[from] move: Pain Split
|move|p2a: Checkaloo|Flamethrower|p1a: 1850's London
|-damage|p1a: 1850's London|45/100
|
|-heal|p1a: 1850's London|50/100|[from] item: Leftovers
|-damage|p1a: 1850's London|38/100|[from] move: Fire Spin|[partiallytrapped]
|upkeep
|turn|15
|
|t:|1779905098
|move|p1a: 1850's London|Pain Split|p2a: Checkaloo
|-sethp|p2a: Checkaloo|50/100|[from] move: Pain Split|[silent]
|-sethp|p1a: 1850's London|55/100|[from] move: Pain Split
|move|p2a: Checkaloo|Flamethrower|p1a: 1850's London
|-damage|p1a: 1850's London|30/100
|-status|p1a: 1850's London|brn
|
|-heal|p1a: 1850's London|36/100 brn|[from] item: Leftovers
|-damage|p1a: 1850's London|30/100 brn|[from] brn
|-end|p1a: 1850's London|Fire Spin|[partiallytrapped]
|upkeep
|turn|16
|
|t:|1779905108
|move|p1a: 1850's London|Pain Split|p2a: Checkaloo
|-sethp|p2a: Checkaloo|39/100|[from] move: Pain Split|[silent]
|-sethp|p1a: 1850's London|43/100 brn|[from] move: Pain Split
|move|p2a: Checkaloo|Fire Spin|p1a: 1850's London
|-damage|p1a: 1850's London|32/100 brn
|-activate|p1a: 1850's London|move: Fire Spin|[of] p2a: Checkaloo
|
|-heal|p1a: 1850's London|38/100 brn|[from] item: Leftovers
|-damage|p1a: 1850's London|32/100 brn|[from] brn
|-damage|p1a: 1850's London|20/100 brn|[from] move: Fire Spin|[partiallytrapped]
|upkeep
|turn|17
|l|☆ycgwyw now
|inactive|ycgwyw now disconnected and has a minute to reconnect!
|player|p2|
|inactive|ycgwyw now has 30 seconds to reconnect!
|inactive|ycgwyw now has 20 seconds to reconnect!
|inactive|ycgwyw now has 15 seconds to reconnect!
|j|☆ycgwyw now
|inactive|ycgwyw now reconnected and has 35 seconds left.
|player|p2|ycgwyw now|touristf|
|
|t:|1779905160
|move|p1a: 1850's London|Pain Split|p2a: Checkaloo
|-sethp|p2a: Checkaloo|28/100|[from] move: Pain Split|[silent]
|-sethp|p1a: 1850's London|31/100 brn|[from] move: Pain Split
|move|p2a: Checkaloo|Flamethrower|p1a: 1850's London
|-damage|p1a: 1850's London|5/100 brn
|
|-heal|p1a: 1850's London|11/100 brn|[from] item: Leftovers
|-damage|p1a: 1850's London|5/100 brn|[from] brn
|-damage|p1a: 1850's London|0 fnt|[from] move: Fire Spin|[partiallytrapped]
|faint|p1a: 1850's London
|upkeep
|
|t:|1779905165
|switch|p1a: Who?|Ogerpon-Wellspring, F|100/100
|turn|18
|
|t:|1779905168
|switch|p2a: Checking|Mandibuzz, F|100/100
|move|p1a: Who?|Ivy Cudgel|p2a: Checking|[anim] Ivy Cudgel Water
|-damage|p2a: Checking|67/100
|
|upkeep
|turn|19
|
|t:|1779905174
|move|p1a: Who?|Play Rough|p2a: Checking
|-supereffective|p2a: Checking
|-crit|p2a: Checking
|-damage|p2a: Checking|0 fnt
|faint|p2a: Checking
|
|upkeep
|inactive|ycgwyw now has 60 seconds left.
|inactive|ycgwyw now has 30 seconds left.
|-message|ycgwyw now forfeited.
|
|win|wjsalm3
|raw|wjsalm3's rating: 1095 &rarr; <strong>1121</strong><br />(+26 for winning)
|raw|ycgwyw now's rating: 1098 &rarr; <strong>1073</strong><br />(-25 for losing)
|l|☆ycgwyw now
|player|p2|
|l|☆wjsalm3
|player|p1|
