|j|☆claudechamp
|j|☆idk824
|t:|1779844306
|gametype|singles
|player|p1|claudechamp|265|1200
|player|p2|idk824|rocketgrunt|1200
|gen|9
|tier|[Gen 9] OU
|rated|
|rule|HP Percentage Mod: HP is shown in percentages
|rule|Endless Battle Clause: Forcing endless battles is banned
|rule|Species Clause: Limit one of each Pokémon
|rule|OHKO Clause: OHKO moves are banned
|rule|Evasion Items Clause: Evasion items are banned
|rule|Evasion Moves Clause: Evasion moves are banned
|rule|Evasion Abilities Clause: Evasion abilities are banned
|rule|Sleep Moves Clause: Sleep-inducing moves are banned
|clearpoke
|poke|p1|Gliscor, F|
|poke|p1|Ogerpon, F|
|poke|p1|Walking Wake|
|poke|p1|Blissey, F|
|poke|p1|Corviknight, M|
|poke|p1|Pecharunt|
|poke|p2|Cloyster, M|
|poke|p2|Iron Crown|
|poke|p2|Great Tusk|
|poke|p2|Dragonite, F|
|poke|p2|Ceruledge, F|
|poke|p2|Iron Boulder|
|teampreview
|inactive|Battle timer is ON: inactive players will automatically lose when time's up. (requested by idk824)
|c|☆claudechamp|hf
|
|t:|1779844313
|teamsize|p1|6
|teamsize|p2|6
|start
|switch|p1a: Gliscor|Gliscor, F|100/100
|switch|p2a: Cloyster|Cloyster, M|100/100
|turn|1
|inactive|claudechamp also wants the timer to be on.
|
|t:|1779844327
|move|p2a: Cloyster|Icicle Spear|p1a: Gliscor
|-supereffective|p1a: Gliscor
|-damage|p1a: Gliscor|62/100
|-supereffective|p1a: Gliscor
|-damage|p1a: Gliscor|24/100
|-supereffective|p1a: Gliscor
|-damage|p1a: Gliscor|0 fnt
|faint|p1a: Gliscor
|-hitcount|p1: Gliscor|3
|
|upkeep
|
|t:|1779844338
|switch|p1a: Walking Wake|Walking Wake|100/100
|turn|2
|
|t:|1779844344
|move|p1a: Walking Wake|Surf|p2a: Cloyster
|-resisted|p2a: Cloyster
|-damage|p2a: Cloyster|40/100
|move|p2a: Cloyster|Icicle Spear|p1a: Walking Wake
|-damage|p1a: Walking Wake|88/100
|-damage|p1a: Walking Wake|76/100
|-damage|p1a: Walking Wake|63/100
|-damage|p1a: Walking Wake|51/100
|-damage|p1a: Walking Wake|38/100
|-hitcount|p1a: Walking Wake|5
|
|upkeep
|turn|3
|
|t:|1779844351
|move|p1a: Walking Wake|Surf|p2a: Cloyster
|-resisted|p2a: Cloyster
|-damage|p2a: Cloyster|0 fnt
|faint|p2a: Cloyster
|
|upkeep
|
|t:|1779844357
|switch|p2a: Iron Crown|Iron Crown|100/100
|-enditem|p2a: Iron Crown|Booster Energy
|-activate|p2a: Iron Crown|ability: Quark Drive|[fromitem]
|-start|p2a: Iron Crown|quarkdrivespe
|turn|4
|
|t:|1779844363
|-end|p1a: Walking Wake|Protosynthesis|[silent]
|switch|p1a: Blissey|Blissey, F|100/100
|move|p2a: Iron Crown|Calm Mind|p2a: Iron Crown
|-boost|p2a: Iron Crown|spa|1
|-boost|p2a: Iron Crown|spd|1
|
|upkeep
|turn|5
|
|t:|1779844370
|-terastallize|p1a: Blissey|Dark
|move|p2a: Iron Crown|Psyshock|p1a: Blissey
|-immune|p1a: Blissey
|move|p1a: Blissey|Calm Mind|p1a: Blissey
|-boost|p1a: Blissey|spa|1
|-boost|p1a: Blissey|spd|1
|
|upkeep
|turn|6
|
|t:|1779844375
|-end|p2a: Iron Crown|Quark Drive|[silent]
|switch|p2a: Ceruledge|Ceruledge, F|100/100
|move|p1a: Blissey|Seismic Toss|p2a: Ceruledge
|-immune|p2a: Ceruledge
|
|upkeep
|turn|7
|
|t:|1779844379
|move|p2a: Ceruledge|Bitter Blade|p1a: Blissey
|-damage|p1a: Blissey|43/100
|-damage|p2a: Ceruledge|91/100|[from] item: Life Orb
|move|p1a: Blissey|Stealth Rock|p2a: Ceruledge
|-sidestart|p2: idk824|move: Stealth Rock
|
|upkeep
|turn|8
|
|t:|1779844382
|switch|p1a: Pecharunt|Pecharunt|100/100
|move|p2a: Ceruledge|Bitter Blade|p1a: Pecharunt
|-damage|p1a: Pecharunt|74/100
|-heal|p2a: Ceruledge|100/100|[from] drain|[of] p1a: Pecharunt
|-damage|p2a: Ceruledge|91/100|[from] item: Life Orb
|
|upkeep
|turn|9
|
|t:|1779844385
|move|p2a: Ceruledge|Poltergeist|p1a: Pecharunt
|-activate|p1a: Pecharunt|move: Poltergeist|Heavy-Duty Boots
|-supereffective|p1a: Pecharunt
|-damage|p1a: Pecharunt|8/100
|-damage|p2a: Ceruledge|81/100|[from] item: Life Orb
|move|p1a: Pecharunt|Foul Play|p2a: Ceruledge
|-supereffective|p2a: Ceruledge
|-damage|p2a: Ceruledge|0 fnt
|faint|p2a: Ceruledge
|
|upkeep
|
|t:|1779844397
|switch|p2a: Iron Boulder|Iron Boulder|100/100
|-damage|p2a: Iron Boulder|88/100|[from] Stealth Rock
|turn|10
|
|t:|1779844407
|move|p2a: Iron Boulder|Mighty Cleave|p1a: Pecharunt
|-damage|p1a: Pecharunt|0 fnt
|faint|p1a: Pecharunt
|-damage|p2a: Iron Boulder|78/100|[from] item: Life Orb
|
|upkeep
|
|t:|1779844418
|switch|p1a: Ogerpon|Ogerpon, F|100/100
|turn|11
|
|t:|1779844423
|move|p2a: Iron Boulder|Mighty Cleave|p1a: Ogerpon
|-damage|p1a: Ogerpon|19/100
|-damage|p2a: Iron Boulder|68/100|[from] item: Life Orb
|move|p1a: Ogerpon|Ivy Cudgel|p2a: Iron Boulder
|-supereffective|p2a: Iron Boulder
|-damage|p2a: Iron Boulder|0 fnt
|faint|p2a: Iron Boulder
|-end|p2a: Iron Boulder|Quark Drive|[silent]
|
|upkeep
|
|t:|1779844427
|switch|p2a: Dragonite|Dragonite, F|100/100
|turn|12
|
|t:|1779844433
|move|p1a: Ogerpon|Knock Off|p2a: Dragonite
|-damage|p2a: Dragonite|82/100
|-enditem|p2a: Dragonite|Heavy-Duty Boots|[from] move: Knock Off|[of] p1a: Ogerpon
|move|p2a: Dragonite|Dragon Dance|p2a: Dragonite
|-boost|p2a: Dragonite|atk|1
|-boost|p2a: Dragonite|spe|1
|
|upkeep
|turn|13
|
|t:|1779844442
|move|p2a: Dragonite|Dragon Dance|p2a: Dragonite
|-boost|p2a: Dragonite|atk|1
|-boost|p2a: Dragonite|spe|1
|move|p1a: Ogerpon|U-turn|p2a: Dragonite
|-resisted|p2a: Dragonite
|-damage|p2a: Dragonite|68/100
|
|t:|1779844448
|switch|p1a: Walking Wake|Walking Wake|38/100|[from] U-turn
|
|upkeep
|turn|14
|
|t:|1779844457
|move|p2a: Dragonite|Extreme Speed|p1a: Walking Wake
|-damage|p1a: Walking Wake|0 fnt
|faint|p1a: Walking Wake
|-end|p1a: Walking Wake|Protosynthesis|[silent]
|
|upkeep
|
|t:|1779844463
|switch|p1a: Corviknight|Corviknight, M|100/100
|-ability|p1a: Corviknight|Pressure
|turn|15
|
|t:|1779844472
|move|p2a: Dragonite|Extreme Speed|p1a: Corviknight
|-resisted|p1a: Corviknight
|-damage|p1a: Corviknight|81/100
|move|p1a: Corviknight|Body Press|p2a: Dragonite
|-resisted|p2a: Dragonite
|-damage|p2a: Dragonite|53/100
|
|upkeep
|turn|16
|
|t:|1779844484
|move|p2a: Dragonite|Dragon Dance|p2a: Dragonite
|-boost|p2a: Dragonite|atk|1
|-boost|p2a: Dragonite|spe|1
|move|p1a: Corviknight|Body Press|p2a: Dragonite
|-resisted|p2a: Dragonite
|-damage|p2a: Dragonite|38/100
|
|upkeep
|turn|17
|
|t:|1779844493
|move|p2a: Dragonite|Extreme Speed|p1a: Corviknight
|-resisted|p1a: Corviknight
|-damage|p1a: Corviknight|58/100
|move|p1a: Corviknight|Body Press|p2a: Dragonite
|-resisted|p2a: Dragonite
|-damage|p2a: Dragonite|24/100
|
|upkeep
|turn|18
|
|t:|1779844500
|move|p2a: Dragonite|Dragon Dance|p2a: Dragonite
|-boost|p2a: Dragonite|atk|1
|-boost|p2a: Dragonite|spe|1
|move|p1a: Corviknight|Body Press|p2a: Dragonite
|-resisted|p2a: Dragonite
|-damage|p2a: Dragonite|11/100
|
|upkeep
|turn|19
|
|t:|1779844518
|switch|p1a: Blissey|Blissey, F, tera:Dark|43/100
|move|p2a: Dragonite|Encore||[still]
|-fail|p2a: Dragonite
|
|upkeep
|turn|20
|
|t:|1779844532
|switch|p1a: Corviknight|Corviknight, M|58/100
|-ability|p1a: Corviknight|Pressure
|move|p2a: Dragonite|Extreme Speed|p1a: Corviknight
|-resisted|p1a: Corviknight
|-damage|p1a: Corviknight|29/100
|
|upkeep
|turn|21
|
|t:|1779844540
|move|p2a: Dragonite|Extreme Speed|p1a: Corviknight
|-resisted|p1a: Corviknight
|-damage|p1a: Corviknight|0 fnt
|faint|p1a: Corviknight
|
|upkeep
|
|t:|1779844544
|switch|p1a: Blissey|Blissey, F, tera:Dark|43/100
|turn|22
|
|t:|1779844548
|move|p2a: Dragonite|Earthquake|p1a: Blissey
|-damage|p1a: Blissey|0 fnt
|faint|p1a: Blissey
|
|upkeep
|
|t:|1779844552
|switch|p1a: Ogerpon|Ogerpon, F|19/100
|turn|23
|
|t:|1779844563
|move|p2a: Dragonite|Earthquake|p1a: Ogerpon
|-resisted|p1a: Ogerpon
|-damage|p1a: Ogerpon|0 fnt
|faint|p1a: Ogerpon
|
|win|idk824
|raw|claudechamp's rating: 1200 &rarr; <strong>1175</strong><br />(-25 for losing)
|raw|idk824's rating: 1200 &rarr; <strong>1225</strong><br />(+25 for winning)
|c|☆claudechamp|gg
