|j|☆mpo11123
|j|☆theodestroyer
|t:|1779949002
|gametype|singles
|player|p1|mpo11123|elesa|1135
|player|p2|theodestroyer|cynthia|1096
|gen|9
|tier|[Gen 9] OU
|rated|
|rule|HP Percentage Mod: HP is shown in percentages
|rule|Endless Battle Clause: Forcing endless battles is banned
|rule|Species Clause: Limit one of each Pokémon
|rule|OHKO Clause: OHKO moves are banned
|rule|Evasion Items Clause: Evasion items are banned
|rule|Evasion Moves Clause: Evasion moves are banned
|rule|Evasion Abilities Clause: Evasion abilities are banned
|rule|Sleep Moves Clause: Sleep-inducing moves are banned
|clearpoke
|poke|p1|Goodra-Hisui, M|
|poke|p1|Pelipper, M|
|poke|p1|Barraskewda, M|
|poke|p1|Basculegion-F, F|
|poke|p1|Oricorio-Pom-Pom, M|
|poke|p1|Zebstrika, F|
|poke|p2|Sableye, M|
|poke|p2|Clefable, F|
|poke|p2|Scizor, M|
|poke|p2|Amoonguss, M|
|poke|p2|Heatran, F|
|poke|p2|Excadrill, M|
|teampreview
|inactive|Battle timer is ON: inactive players will automatically lose when time's up. (requested by theodestroyer)
|inactive|mpo11123 also wants the timer to be on.
|
|t:|1779949007
|teamsize|p1|6
|teamsize|p2|6
|start
|switch|p1a: Pelipper|Pelipper, M|100/100
|switch|p2a: ou shiii|Sableye, M|100/100
|-weather|RainDance|[from] ability: Drizzle|[of] p1a: Pelipper
|-item|p2a: ou shiii|Air Balloon
|turn|1
|inactive|theodestroyer has 120 seconds left.
|
|t:|1779949045
|move|p2a: ou shiii|Calm Mind|p2a: ou shiii
|-boost|p2a: ou shiii|spa|1
|-boost|p2a: ou shiii|spd|1
|move|p1a: Pelipper|U-turn|p2a: ou shiii
|-damage|p2a: ou shiii|91/100
|-enditem|p2a: ou shiii|Air Balloon
|
|t:|1779949067
|switch|p1a: Basculegion|Basculegion-F, F|100/100|[from] U-turn
|
|-weather|RainDance|[upkeep]
|upkeep
|turn|2
|inactive|theodestroyer has 120 seconds left.
|inactive|theodestroyer has 90 seconds left.
|
|t:|1779949123
|-terastallize|p2a: ou shiii|Dark
|move|p1a: Basculegion|Shadow Ball|p2a: ou shiii
|-resisted|p2a: ou shiii
|-damage|p2a: ou shiii|61/100
|move|p2a: ou shiii|Snarl|p1a: Basculegion
|-supereffective|p1a: Basculegion
|-damage|p1a: Basculegion|33/100
|-unboost|p1a: Basculegion|spa|1
|
|-weather|RainDance|[upkeep]
|upkeep
|turn|3
|
|t:|1779949152
|switch|p1a: Oricorio|Oricorio-Pom-Pom, M|100/100
|move|p2a: ou shiii|Snarl|p1a: Oricorio
|-damage|p1a: Oricorio|55/100
|-unboost|p1a: Oricorio|spa|1
|
|-weather|RainDance|[upkeep]
|upkeep
|turn|4
|
|t:|1779949165
|move|p2a: ou shiii|Calm Mind|p2a: ou shiii
|-boost|p2a: ou shiii|spa|1
|-boost|p2a: ou shiii|spd|1
|move|p1a: Oricorio|U-turn|p2a: ou shiii
|-supereffective|p2a: ou shiii
|-damage|p2a: ou shiii|38/100
|
|t:|1779949175
|switch|p1a: Barraskewda|Barraskewda, M|100/100|[from] U-turn
|
|-weather|RainDance|[upkeep]
|upkeep
|turn|5
|inactive|theodestroyer has 90 seconds left.
|
|t:|1779949183
|move|p2a: ou shiii|Recover|p2a: ou shiii
|-heal|p2a: ou shiii|88/100
|move|p1a: Barraskewda|Liquidation|p2a: ou shiii
|-damage|p2a: ou shiii|0 fnt
|faint|p2a: ou shiii
|-damage|p1a: Barraskewda|91/100|[from] item: Life Orb
|
|-weather|RainDance|[upkeep]
|upkeep
|inactive|theodestroyer has 90 seconds left.
|c|☆theodestroyer|what are u doing lol
|
|t:|1779949194
|switch|p2a: niga3|Amoonguss, M|100/100
|turn|6
|c|☆mpo11123|?
|c|☆mpo11123|what are u doing
|c|☆theodestroyer|nah all good
|
|t:|1779949213
|switch|p1a: Oricorio|Oricorio-Pom-Pom, M|55/100
|move|p2a: niga3|Energy Ball|p1a: Oricorio
|-resisted|p1a: Oricorio
|-damage|p1a: Oricorio|34/100
|
|-weather|RainDance|[upkeep]
|upkeep
|turn|7
|c|☆theodestroyer|u are spamming u turn
|
|t:|1779949227
|move|p1a: Oricorio|Quiver Dance|p1a: Oricorio
|-boost|p1a: Oricorio|spa|1
|-boost|p1a: Oricorio|spd|1
|-boost|p1a: Oricorio|spe|1
|move|p2a: niga3|Sludge Bomb|p1a: Oricorio
|-damage|p1a: Oricorio|6/100
|
|-weather|RainDance|[upkeep]
|upkeep
|turn|8
|c|☆mpo11123|yes becasue ur dark type
|
|t:|1779949235
|move|p1a: Oricorio|Hurricane|p2a: niga3
|-supereffective|p2a: niga3
|-damage|p2a: niga3|0 fnt
|faint|p2a: niga3
|
|-weather|none
|upkeep
|
|t:|1779949241
|switch|p2a: niga ultra|Scizor, M, shiny|100/100
|turn|9
|
|t:|1779949249
|move|p2a: niga ultra|Bullet Punch|p1a: Oricorio
|-resisted|p1a: Oricorio
|-damage|p1a: Oricorio|0 fnt
|faint|p1a: Oricorio
|
|upkeep
|
|t:|1779949251
|switch|p1a: Pelipper|Pelipper, M|100/100
|-weather|RainDance|[from] ability: Drizzle|[of] p1a: Pelipper
|turn|10
|c|☆theodestroyer|nice one
|c|☆mpo11123|defog no roost
|c|☆mpo11123|it was dead anyway
|c|☆mpo11123|!
|
|t:|1779949278
|switch|p2a: niga|Excadrill, M|100/100
|-ability|p2a: niga|Mold Breaker
|move|p1a: Pelipper|Hurricane|p2a: niga
|-resisted|p2a: niga
|-damage|p2a: niga|78/100
|
|-weather|RainDance|[upkeep]
|upkeep
|turn|11
|
|t:|1779949288
|move|p2a: niga|Rock Slide|p1a: Pelipper
|-supereffective|p1a: Pelipper
|-damage|p1a: Pelipper|54/100
|move|p1a: Pelipper|U-turn|p2a: niga
|-resisted|p2a: niga
|-damage|p2a: niga|71/100
|c|☆theodestroyer|AGAIN
|
|t:|1779949300
|switch|p1a: Barraskewda|Barraskewda, M|91/100|[from] U-turn
|
|-weather|RainDance|[upkeep]
|upkeep
|turn|12
|c|☆theodestroyer|I hate u turn so much
|inactive|theodestroyer has 90 seconds left.
|inactive|theodestroyer has 60 seconds left.
|
|t:|1779949364
|switch|p2a: niga ultra|Scizor, M, shiny|100/100
|move|p1a: Barraskewda|Liquidation|p2a: niga ultra
|-damage|p2a: niga ultra|15/100
|-unboost|p2a: niga ultra|def|1
|-damage|p1a: Barraskewda|81/100|[from] item: Life Orb
|
|-weather|RainDance|[upkeep]
|upkeep
|turn|13
|inactive|theodestroyer has 60 seconds left.
|
|t:|1779949378
|switch|p1a: Goodra|Goodra-Hisui, M|100/100
|move|p2a: niga ultra|Bug Buzz|p1a: Goodra
|-resisted|p1a: Goodra
|-damage|p1a: Goodra|96/100
|
|-weather|RainDance|[upkeep]
|upkeep
|turn|14
|inactive|theodestroyer has 60 seconds left.
|inactive|theodestroyer has 30 seconds left.
|c|☆theodestroyer|what is that typing
|c|☆theodestroyer|too op
|
|t:|1779949423
|switch|p2a: niga1|Heatran, F|100/100
|move|p1a: Goodra|Weather Ball|p2a: niga1
|-supereffective|p2a: niga1
|-damage|p2a: niga1|35/100
|
|-weather|RainDance|[upkeep]
|upkeep
|turn|15
|inactive|theodestroyer has 30 seconds left.
|inactive|theodestroyer has 20 seconds left.
|
|t:|1779949439
|switch|p2a: niga|Excadrill, M|71/100
|-ability|p2a: niga|Mold Breaker
|move|p1a: Goodra|Weather Ball|p2a: niga
|-supereffective|p2a: niga
|-damage|p2a: niga|0 fnt
|faint|p2a: niga
|
|-weather|RainDance|[upkeep]
|upkeep
|inactive|theodestroyer has 25 seconds left this turn.
|inactive|theodestroyer has 20 seconds left.
|inactive|theodestroyer has 15 seconds left.
|c|☆mpo11123|gg
|inactive|theodestroyer has 10 seconds left.
|inactive|theodestroyer has 5 seconds left.
|-message|theodestroyer lost due to inactivity.
|
|win|mpo11123
|raw|mpo11123's rating: 1135 &rarr; <strong>1157</strong><br />(+22 for winning)
|raw|theodestroyer's rating: 1096 &rarr; <strong>1074</strong><br />(-22 for losing)
|l|☆mpo11123
|player|p1|
|l|☆theodestroyer
|player|p2|
