|j|☆evoqative
|j|☆wwwenz
|t:|1779889817
|gametype|singles
|player|p1|evoqative|102|1378
|player|p2|wwwenz|cynthia-gen4|1312
|gen|9
|tier|[Gen 9] OU
|rated|
|rule|HP Percentage Mod: HP is shown in percentages
|rule|Endless Battle Clause: Forcing endless battles is banned
|rule|Species Clause: Limit one of each Pokémon
|rule|OHKO Clause: OHKO moves are banned
|rule|Evasion Items Clause: Evasion items are banned
|rule|Evasion Moves Clause: Evasion moves are banned
|rule|Evasion Abilities Clause: Evasion abilities are banned
|rule|Sleep Moves Clause: Sleep-inducing moves are banned
|clearpoke
|poke|p1|Clodsire, F|
|poke|p1|Armarouge, F|
|poke|p1|Bronzong|
|poke|p1|Clefable, M|
|poke|p1|Corviknight, F|
|poke|p1|Snorlax, F|
|poke|p2|Quaquaval, F|
|poke|p2|Magnezone|
|poke|p2|Great Tusk|
|poke|p2|Pelipper, F|
|poke|p2|Volcanion|
|poke|p2|Deoxys-Speed|
|teampreview
|inactive|Battle timer is ON: inactive players will automatically lose when time's up. (requested by wwwenz)
|inactive|evoqative also wants the timer to be on.
|
|t:|1779889827
|teamsize|p1|6
|teamsize|p2|6
|start
|switch|p1a: Snorlax|Snorlax, F|100/100
|switch|p2a: Deoxys|Deoxys-Speed|100/100
|-ability|p2a: Deoxys|Pressure
|turn|1
|
|t:|1779889833
|move|p2a: Deoxys|Stealth Rock|p1a: Snorlax
|-sidestart|p1: evoqative|move: Stealth Rock
|move|p1a: Snorlax|Curse|p1a: Snorlax
|-unboost|p1a: Snorlax|spe|1
|-boost|p1a: Snorlax|atk|1
|-boost|p1a: Snorlax|def|1
|
|upkeep
|turn|2
|
|t:|1779889836
|move|p2a: Deoxys|Taunt|p1a: Snorlax
|-start|p1a: Snorlax|move: Taunt
|move|p1a: Snorlax|Body Slam|p2a: Deoxys
|-damage|p2a: Deoxys|45/100
|-status|p2a: Deoxys|par
|
|upkeep
|turn|3
|
|t:|1779889844
|move|p2a: Deoxys|Spikes|p1a: Snorlax
|-sidestart|p1: evoqative|Spikes
|move|p1a: Snorlax|Body Slam|p2a: Deoxys
|-crit|p2a: Deoxys
|-damage|p2a: Deoxys|0 fnt
|faint|p2a: Deoxys
|
|upkeep
|
|t:|1779889852
|switch|p2a: Pelipper|Pelipper, F|100/100
|-weather|RainDance|[from] ability: Drizzle|[of] p2a: Pelipper
|turn|4
|
|t:|1779889856
|-terastallize|p2a: Pelipper|Water
|move|p2a: Pelipper|Weather Ball|p1a: Snorlax
|-damage|p1a: Snorlax|33/100
|move|p1a: Snorlax|Body Slam|p2a: Pelipper
|-damage|p2a: Pelipper|35/100
|-status|p2a: Pelipper|par
|
|-weather|RainDance|[upkeep]
|-heal|p1a: Snorlax|39/100|[from] item: Leftovers
|-end|p1a: Snorlax|move: Taunt
|upkeep
|turn|5
|
|t:|1779889864
|cant|p2a: Pelipper|par
|move|p1a: Snorlax|Body Slam|p2a: Pelipper
|-damage|p2a: Pelipper|0 fnt
|faint|p2a: Pelipper
|
|-weather|RainDance|[upkeep]
|-heal|p1a: Snorlax|46/100|[from] item: Leftovers
|upkeep
|
|t:|1779889871
|switch|p2a: Quaquaval|Quaquaval, F|100/100
|turn|6
|
|t:|1779889874
|move|p2a: Quaquaval|Close Combat|p1a: Snorlax
|-supereffective|p1a: Snorlax
|-damage|p1a: Snorlax|0 fnt
|-unboost|p2a: Quaquaval|def|1
|-unboost|p2a: Quaquaval|spd|1
|faint|p1a: Snorlax
|-ability|p2a: Quaquaval|Moxie|boost
|-boost|p2a: Quaquaval|atk|1
|
|-weather|RainDance|[upkeep]
|upkeep
|
|t:|1779889890
|switch|p1a: Clefable|Clefable, M, shiny|100/100
|-damage|p1a: Clefable|88/100|[from] Stealth Rock
|-damage|p1a: Clefable|76/100|[from] Spikes
|turn|7
|
|t:|1779889899
|switch|p2a: Magnezone|Magnezone|100/100
|move|p1a: Clefable|Cosmic Power|p1a: Clefable
|-boost|p1a: Clefable|def|1
|-boost|p1a: Clefable|spd|1
|
|-weather|RainDance|[upkeep]
|-heal|p1a: Clefable|82/100|[from] item: Leftovers
|upkeep
|turn|8
|
|t:|1779889910
|switch|p1a: Clodsire|Clodsire, F|100/100
|-damage|p1a: Clodsire|94/100|[from] Stealth Rock
|-damage|p1a: Clodsire|82/100|[from] Spikes
|move|p2a: Magnezone|Flash Cannon|p1a: Clodsire
|-damage|p1a: Clodsire|54/100
|-enditem|p1a: Clodsire|Maranga Berry|[eat]
|-boost|p1a: Clodsire|spd|1|[from] item: Maranga Berry
|
|-weather|none
|upkeep
|turn|9
|
|t:|1779889920
|switch|p2a: Great Tusk|Great Tusk|100/100
|move|p1a: Clodsire|Recover|p1a: Clodsire
|-heal|p1a: Clodsire|100/100
|
|upkeep
|turn|10
|
|t:|1779889925
|-terastallize|p1a: Clodsire|Dragon
|move|p2a: Great Tusk|Headlong Rush|p1a: Clodsire
|-damage|p1a: Clodsire|46/100
|-unboost|p2a: Great Tusk|def|1
|-unboost|p2a: Great Tusk|spd|1
|move|p1a: Clodsire|Curse|p1a: Clodsire
|-unboost|p1a: Clodsire|spe|1
|-boost|p1a: Clodsire|atk|1
|-boost|p1a: Clodsire|def|1
|
|upkeep
|turn|11
|
|t:|1779889935
|move|p2a: Great Tusk|Headlong Rush|p1a: Clodsire
|-damage|p1a: Clodsire|15/100
|-unboost|p2a: Great Tusk|def|1
|-unboost|p2a: Great Tusk|spd|1
|move|p1a: Clodsire|Recover|p1a: Clodsire
|-heal|p1a: Clodsire|65/100
|
|upkeep
|turn|12
|
|t:|1779889943
|-end|p2a: Great Tusk|Protosynthesis|[silent]
|switch|p2a: Volcanion|Volcanion|100/100
|move|p1a: Clodsire|Recover|p1a: Clodsire
|-heal|p1a: Clodsire|100/100
|
|upkeep
|turn|13
|
|t:|1779889948
|move|p2a: Volcanion|Haze|p2a: Volcanion
|-clearallboost
|move|p1a: Clodsire|Earthquake|p2a: Volcanion
|-supereffective|p2a: Volcanion
|-damage|p2a: Volcanion|65/100
|
|upkeep
|turn|14
|
|t:|1779889957
|move|p2a: Volcanion|Will-O-Wisp|p1a: Clodsire
|-status|p1a: Clodsire|brn
|move|p1a: Clodsire|Curse|p1a: Clodsire
|-unboost|p1a: Clodsire|spe|1
|-boost|p1a: Clodsire|atk|1
|-boost|p1a: Clodsire|def|1
|
|-damage|p1a: Clodsire|94/100 brn|[from] brn
|upkeep
|turn|15
|
|t:|1779889960
|move|p2a: Volcanion|Haze|p2a: Volcanion
|-clearallboost
|move|p1a: Clodsire|Earthquake|p2a: Volcanion
|-supereffective|p2a: Volcanion
|-damage|p2a: Volcanion|49/100
|
|-damage|p1a: Clodsire|88/100 brn|[from] brn
|upkeep
|turn|16
|
|t:|1779889963
|move|p2a: Volcanion|Sludge Bomb|p1a: Clodsire
|-damage|p1a: Clodsire|68/100 brn
|move|p1a: Clodsire|Earthquake|p2a: Volcanion
|-supereffective|p2a: Volcanion
|-damage|p2a: Volcanion|32/100
|
|-damage|p1a: Clodsire|62/100 brn|[from] brn
|upkeep
|turn|17
|
|t:|1779889966
|move|p2a: Volcanion|Sludge Bomb|p1a: Clodsire
|-damage|p1a: Clodsire|43/100 brn
|move|p1a: Clodsire|Earthquake|p2a: Volcanion
|-supereffective|p2a: Volcanion
|-damage|p2a: Volcanion|17/100
|
|-damage|p1a: Clodsire|37/100 brn|[from] brn
|upkeep
|turn|18
|
|t:|1779889971
|move|p2a: Volcanion|Sludge Bomb|p1a: Clodsire
|-damage|p1a: Clodsire|19/100 brn
|move|p1a: Clodsire|Recover|p1a: Clodsire
|-heal|p1a: Clodsire|69/100 brn
|
|-damage|p1a: Clodsire|63/100 brn|[from] brn
|upkeep
|turn|19
|
|t:|1779889973
|move|p2a: Volcanion|Sludge Bomb|p1a: Clodsire
|-damage|p1a: Clodsire|44/100 brn
|move|p1a: Clodsire|Recover|p1a: Clodsire
|-heal|p1a: Clodsire|94/100 brn
|
|-damage|p1a: Clodsire|88/100 brn|[from] brn
|upkeep
|turn|20
|
|t:|1779889976
|move|p2a: Volcanion|Sludge Bomb|p1a: Clodsire
|-damage|p1a: Clodsire|67/100 brn
|move|p1a: Clodsire|Earthquake|p2a: Volcanion
|-supereffective|p2a: Volcanion
|-damage|p2a: Volcanion|1/100
|
|-damage|p1a: Clodsire|61/100 brn|[from] brn
|upkeep
|turn|21
|
|t:|1779889981
|move|p2a: Volcanion|Sludge Bomb|p1a: Clodsire
|-damage|p1a: Clodsire|40/100 brn
|move|p1a: Clodsire|Recover|p1a: Clodsire
|-heal|p1a: Clodsire|91/100 brn
|
|-damage|p1a: Clodsire|84/100 brn|[from] brn
|upkeep
|turn|22
|
|t:|1779889985
|move|p2a: Volcanion|Steam Eruption|p1a: Clodsire
|-resisted|p1a: Clodsire
|-crit|p1a: Clodsire
|-damage|p1a: Clodsire|58/100 brn
|move|p1a: Clodsire|Earthquake|p2a: Volcanion
|-supereffective|p2a: Volcanion
|-damage|p2a: Volcanion|0 fnt
|faint|p2a: Volcanion
|
|-damage|p1a: Clodsire|52/100 brn|[from] brn
|upkeep
|
|t:|1779889993
|switch|p2a: Great Tusk|Great Tusk|100/100
|turn|23
|
|t:|1779889996
|move|p2a: Great Tusk|Headlong Rush|p1a: Clodsire
|-damage|p1a: Clodsire|4/100 brn
|-unboost|p2a: Great Tusk|def|1
|-unboost|p2a: Great Tusk|spd|1
|move|p1a: Clodsire|Waterfall|p2a: Great Tusk
|-supereffective|p2a: Great Tusk
|-damage|p2a: Great Tusk|90/100
|
|-heal|p2a: Great Tusk|96/100|[from] item: Leftovers
|-damage|p1a: Clodsire|0 fnt|[from] brn
|faint|p1a: Clodsire
|upkeep
|
|t:|1779890005
|switch|p1a: Bronzong|Bronzong|100/100
|-damage|p1a: Bronzong|94/100|[from] Stealth Rock
|turn|24
|
|t:|1779890010
|-end|p2a: Great Tusk|Protosynthesis|[silent]
|switch|p2a: Magnezone|Magnezone|100/100
|move|p1a: Bronzong|Calm Mind|p1a: Bronzong
|-boost|p1a: Bronzong|spa|1
|-boost|p1a: Bronzong|spd|1
|
|-heal|p1a: Bronzong|100/100|[from] item: Leftovers
|upkeep
|turn|25
|
|t:|1779890015
|move|p2a: Magnezone|Thunderbolt|p1a: Bronzong
|-damage|p1a: Bronzong|77/100
|move|p1a: Bronzong|Calm Mind|p1a: Bronzong
|-boost|p1a: Bronzong|spa|1
|-boost|p1a: Bronzong|spd|1
|
|-heal|p1a: Bronzong|83/100|[from] item: Leftovers
|upkeep
|turn|26
|-message|wwwenz forfeited.
|
|win|evoqative
|raw|evoqative's rating: 1378 &rarr; <strong>1394</strong><br />(+16 for winning)
|raw|wwwenz's rating: 1312 &rarr; <strong>1296</strong><br />(-16 for losing)
|l|☆wwwenz
|player|p2|
|l|☆evoqative
|player|p1|
