|j|☆claudechamp
|j|☆allstartalon
|t:|1779890138
|gametype|singles
|player|p1|claudechamp|169|1262
|player|p2|allstartalon|pokemonranger-gen4|1243
|gen|9
|tier|[Gen 9] OU
|rated|
|rule|HP Percentage Mod: HP is shown in percentages
|rule|Endless Battle Clause: Forcing endless battles is banned
|rule|Species Clause: Limit one of each Pokémon
|rule|OHKO Clause: OHKO moves are banned
|rule|Evasion Items Clause: Evasion items are banned
|rule|Evasion Moves Clause: Evasion moves are banned
|rule|Evasion Abilities Clause: Evasion abilities are banned
|rule|Sleep Moves Clause: Sleep-inducing moves are banned
|clearpoke
|poke|p1|Gliscor, F|
|poke|p1|Gholdengo|
|poke|p1|Zamazenta-*|
|poke|p1|Blissey, F|
|poke|p1|Skarmory, F|
|poke|p1|Pecharunt|
|poke|p2|Flapple, M|
|poke|p2|Breloom, F|
|poke|p2|Sceptile, F|
|poke|p2|Rillaboom, F|
|poke|p2|Decidueye, F|
|poke|p2|Meowscarada, M|
|teampreview
|c|☆claudechamp|hf
|inactive|Battle timer is ON: inactive players will automatically lose when time's up. (requested by claudechamp)
|inactive|allstartalon also wants the timer to be on.
|
|t:|1779890142
|teamsize|p1|6
|teamsize|p2|6
|start
|switch|p1a: Skarmory|Skarmory, F|100/100
|switch|p2a: Rillaboom|Rillaboom, F, shiny|100/100
|-fieldstart|move: Grassy Terrain|[from] ability: Grassy Surge|[of] p2a: Rillaboom
|turn|1
|
|t:|1779890146
|move|p2a: Rillaboom|Knock Off|p1a: Skarmory
|-damage|p1a: Skarmory|77/100
|-enditem|p1a: Skarmory|Heavy-Duty Boots|[from] move: Knock Off|[of] p2a: Rillaboom
|move|p1a: Skarmory|Spikes|p2a: Rillaboom
|-sidestart|p2: allstartalon|Spikes
|
|upkeep
|turn|2
|
|t:|1779890154
|move|p2a: Rillaboom|U-turn|p1a: Skarmory
|-resisted|p1a: Skarmory
|-damage|p1a: Skarmory|73/100
|
|t:|1779890157
|switch|p2a: Decidueye|Decidueye, F, shiny|100/100|[from] U-turn
|-damage|p2a: Decidueye|88/100|[from] Spikes
|move|p1a: Skarmory|Spikes|p2a: Decidueye
|-sidestart|p2: allstartalon|Spikes
|
|-heal|p2a: Decidueye|94/100|[from] Grassy Terrain
|upkeep
|turn|3
|
|t:|1779890161
|move|p2a: Decidueye|Spirit Shackle|p1a: Skarmory
|-damage|p1a: Skarmory|50/100
|-activate|p1a: Skarmory|trapped
|-damage|p2a: Decidueye|84/100|[from] item: Life Orb
|move|p1a: Skarmory|Spikes|p2a: Decidueye
|-sidestart|p2: allstartalon|Spikes
|
|-heal|p2a: Decidueye|90/100|[from] Grassy Terrain
|upkeep
|turn|4
|
|t:|1779890174
|move|p2a: Decidueye|Defog|p1a: Skarmory
|-unboost|p1a: Skarmory|evasion|1
|-sideend|p2: allstartalon|Spikes|[from] move: Defog|[of] p2a: Decidueye
|-fieldend|move: Grassy Terrain
|move|p1a: Skarmory|Whirlwind|p2a: Decidueye
|drag|p2a: Meowscarada|Meowscarada, M, shiny|100/100
|
|upkeep
|turn|5
|
|t:|1779890187
|move|p2a: Meowscarada|Knock Off|p1a: Skarmory
|-start|p2a: Meowscarada|typechange|Dark|[from] ability: Protean
|-damage|p1a: Skarmory|20/100
|move|p1a: Skarmory|Spikes|p2a: Meowscarada
|-sidestart|p2: allstartalon|Spikes
|
|upkeep
|turn|6
|
|t:|1779890191
|switch|p1a: Zamazenta|Zamazenta|100/100
|-ability|p1a: Zamazenta|Dauntless Shield|boost
|-boost|p1a: Zamazenta|def|1
|move|p2a: Meowscarada|Knock Off|p1a: Zamazenta
|-resisted|p1a: Zamazenta
|-damage|p1a: Zamazenta|81/100
|-enditem|p1a: Zamazenta|Heavy-Duty Boots|[from] move: Knock Off|[of] p2a: Meowscarada
|
|upkeep
|turn|7
|
|t:|1779890201
|switch|p2a: Rillaboom|Rillaboom, F, shiny|100/100
|-damage|p2a: Rillaboom|88/100|[from] Spikes
|-fieldstart|move: Grassy Terrain|[from] ability: Grassy Surge|[of] p2a: Rillaboom
|move|p1a: Zamazenta|Close Combat|p2a: Rillaboom
|-damage|p2a: Rillaboom|20/100
|-unboost|p1a: Zamazenta|def|1
|-unboost|p1a: Zamazenta|spd|1
|
|-heal|p1a: Zamazenta|87/100|[from] Grassy Terrain
|-heal|p2a: Rillaboom|26/100|[from] Grassy Terrain
|upkeep
|turn|8
|
|t:|1779890211
|move|p2a: Rillaboom|Fake Out|p1a: Zamazenta
|-damage|p1a: Zamazenta|73/100
|cant|p1a: Zamazenta|flinch
|
|-heal|p1a: Zamazenta|79/100|[from] Grassy Terrain
|-heal|p2a: Rillaboom|32/100|[from] Grassy Terrain
|upkeep
|turn|9
|
|t:|1779890229
|move|p1a: Zamazenta|Close Combat|p2a: Rillaboom
|-damage|p2a: Rillaboom|0 fnt
|-unboost|p1a: Zamazenta|def|1
|-unboost|p1a: Zamazenta|spd|1
|faint|p2a: Rillaboom
|
|-heal|p1a: Zamazenta|85/100|[from] Grassy Terrain
|upkeep
|inactive|allstartalon has 120 seconds left.
|l|☆allstartalon
|inactive|allstartalon disconnected and has a minute to reconnect!
|player|p2|
|inactive|allstartalon has 30 seconds to reconnect!
|inactive|allstartalon has 20 seconds to reconnect!
|inactive|allstartalon has 15 seconds to reconnect!
|inactive|allstartalon has 10 seconds to reconnect!
|inactive|allstartalon has 5 seconds to reconnect!
|-message|allstartalon lost due to inactivity.
|
|win|claudechamp
|raw|claudechamp's rating: 1262 &rarr; <strong>1286</strong><br />(+24 for winning)
|raw|allstartalon's rating: 1243 &rarr; <strong>1219</strong><br />(-24 for losing)
|c|☆claudechamp|gg
|j|☆allstartalon
|player|p2|allstartalon|pokemonranger-gen4|
|l|☆allstartalon
|player|p2|
