|j|☆omari p
|j|☆Igoodnamename
|t:|1779821489
|gametype|singles
|player|p1|omari p|pokemonrangerf|1578
|player|p2|Igoodnamename|aaron|1633
|gen|9
|tier|[Gen 9] OU
|rated|
|rule|HP Percentage Mod: HP is shown in percentages
|rule|Endless Battle Clause: Forcing endless battles is banned
|rule|Species Clause: Limit one of each Pokémon
|rule|OHKO Clause: OHKO moves are banned
|rule|Evasion Items Clause: Evasion items are banned
|rule|Evasion Moves Clause: Evasion moves are banned
|rule|Evasion Abilities Clause: Evasion abilities are banned
|rule|Sleep Moves Clause: Sleep-inducing moves are banned
|clearpoke
|poke|p1|Ceruledge, F|
|poke|p1|Torkoal, M|
|poke|p1|Rillaboom, F|
|poke|p1|Darkrai|
|poke|p1|Great Tusk|
|poke|p1|Armarouge, M|
|poke|p2|Skarmory, F|
|poke|p2|Pecharunt|
|poke|p2|Garganacl, M|
|poke|p2|Sylveon, M|
|poke|p2|Gliscor, F|
|poke|p2|Darkrai|
|teampreview
|
|t:|1779821497
|teamsize|p1|6
|teamsize|p2|6
|start
|switch|p1a: Darkrai|Darkrai|100/100
|switch|p2a: Garganacl|Garganacl, M|100/100
|turn|1
|
|t:|1779821501
|move|p1a: Darkrai|Nasty Plot|p1a: Darkrai
|-boost|p1a: Darkrai|spa|2
|move|p2a: Garganacl|Salt Cure|p1a: Darkrai
|-damage|p1a: Darkrai|83/100
|-start|p1a: Darkrai|Salt Cure
|
|-damage|p1a: Darkrai|71/100|[from] Salt Cure
|upkeep
|turn|2
|inactive|Battle timer is ON: inactive players will automatically lose when time's up. (requested by omari p)
|
|t:|1779821506
|move|p1a: Darkrai|Nasty Plot|p1a: Darkrai
|-boost|p1a: Darkrai|spa|2
|move|p2a: Garganacl|Stealth Rock|p1a: Darkrai
|-sidestart|p1: omari p|move: Stealth Rock
|
|-damage|p1a: Darkrai|58/100|[from] Salt Cure
|upkeep
|turn|3
|
|t:|1779821513
|switch|p2a: Darkrai|Darkrai|100/100
|move|p1a: Darkrai|Focus Blast|p2a: Darkrai
|-supereffective|p2a: Darkrai
|-damage|p2a: Darkrai|0 fnt
|faint|p2a: Darkrai
|-damage|p1a: Darkrai|48/100|[from] item: Life Orb
|
|-damage|p1a: Darkrai|36/100|[from] Salt Cure
|upkeep
|
|t:|1779821521
|switch|p2a: Gliscor|Gliscor, F|100/100
|turn|4
|
|t:|1779821524
|move|p2a: Gliscor|Protect|p2a: Gliscor
|-singleturn|p2a: Gliscor|Protect
|move|p1a: Darkrai|Nasty Plot|p1a: Darkrai
|-boost|p1a: Darkrai|spa|2
|
|-damage|p1a: Darkrai|23/100|[from] Salt Cure
|-status|p2a: Gliscor|tox|[from] item: Toxic Orb
|upkeep
|turn|5
|
|t:|1779821530
|switch|p2a: Sylveon|Sylveon, M|100/100
|move|p1a: Darkrai|Ice Beam|p2a: Sylveon
|-damage|p2a: Sylveon|0 fnt
|faint|p2a: Sylveon
|-damage|p1a: Darkrai|13/100|[from] item: Life Orb
|
|-damage|p1a: Darkrai|1/100|[from] Salt Cure
|upkeep
|
|t:|1779821545
|switch|p2a: Gliscor|Gliscor, F|100/100 tox
|turn|6
|
|t:|1779821549
|switch|p1a: Torkoal|Torkoal, M|100/100
|-damage|p1a: Torkoal|76/100|[from] Stealth Rock
|-weather|SunnyDay|[from] ability: Drought|[of] p1a: Torkoal
|move|p2a: Gliscor|Protect||[still]
|-fail|p2a: Gliscor
|
|-weather|SunnyDay|[upkeep]
|upkeep
|turn|7
|
|t:|1779821554
|move|p2a: Gliscor|Knock Off|p1a: Torkoal
|-damage|p1a: Torkoal|61/100
|-enditem|p1a: Torkoal|Heat Rock|[from] move: Knock Off|[of] p2a: Gliscor
|move|p1a: Torkoal|Rapid Spin|p2a: Gliscor
|-damage|p2a: Gliscor|93/100 tox
|-boost|p1a: Torkoal|spe|1
|-sideend|p1: omari p|Stealth Rock|[from] move: Rapid Spin|[of] p1a: Torkoal
|
|-weather|SunnyDay|[upkeep]
|-heal|p2a: Gliscor|100/100 tox|[from] ability: Poison Heal
|upkeep
|turn|8
|
|t:|1779821557
|switch|p2a: Garganacl|Garganacl, M|100/100
|move|p1a: Torkoal|Stealth Rock|p2a: Garganacl
|-sidestart|p2: Igoodnamename|move: Stealth Rock
|
|-weather|SunnyDay|[upkeep]
|upkeep
|turn|9
|
|t:|1779821560
|switch|p1a: Rillaboom|Rillaboom, F|100/100
|-fieldstart|move: Grassy Terrain|[from] ability: Grassy Surge|[of] p1a: Rillaboom
|move|p2a: Garganacl|Stealth Rock|p1a: Rillaboom
|-sidestart|p1: omari p|move: Stealth Rock
|
|-weather|SunnyDay|[upkeep]
|upkeep
|turn|10
|
|t:|1779821564
|switch|p2a: Skarmory|Skarmory, F|100/100
|-damage|p2a: Skarmory|88/100|[from] Stealth Rock
|move|p1a: Rillaboom|Swords Dance|p1a: Rillaboom
|-boost|p1a: Rillaboom|atk|2
|
|-weather|SunnyDay|[upkeep]
|upkeep
|turn|11
|
|t:|1779821570
|move|p1a: Rillaboom|Knock Off|p2a: Skarmory
|-damage|p2a: Skarmory|33/100
|-damage|p1a: Rillaboom|84/100|[from] item: Rocky Helmet|[of] p2a: Skarmory
|-enditem|p2a: Skarmory|Rocky Helmet|[from] move: Knock Off|[of] p1a: Rillaboom
|-damage|p1a: Rillaboom|74/100|[from] item: Life Orb
|move|p2a: Skarmory|Iron Defense|p2a: Skarmory
|-boost|p2a: Skarmory|def|2
|
|-weather|SunnyDay|[upkeep]
|-heal|p1a: Rillaboom|80/100|[from] Grassy Terrain
|upkeep
|turn|12
|
|t:|1779821573
|switch|p1a: Armarouge|Armarouge, M, shiny|100/100
|-damage|p1a: Armarouge|76/100|[from] Stealth Rock
|move|p2a: Skarmory|Roost|p2a: Skarmory
|-heal|p2a: Skarmory|83/100
|-singleturn|p2a: Skarmory|move: Roost
|
|-weather|SunnyDay|[upkeep]
|-heal|p1a: Armarouge|82/100|[from] Grassy Terrain
|-heal|p2a: Skarmory|89/100|[from] Grassy Terrain
|upkeep
|turn|13
|
|t:|1779821579
|switch|p2a: Garganacl|Garganacl, M|100/100
|-damage|p2a: Garganacl|88/100|[from] Stealth Rock
|move|p1a: Armarouge|Armor Cannon|p2a: Garganacl
|-resisted|p2a: Garganacl
|-damage|p2a: Garganacl|36/100
|-unboost|p1a: Armarouge|def|1
|-unboost|p1a: Armarouge|spd|1
|
|-weather|none
|-heal|p1a: Armarouge|88/100|[from] Grassy Terrain
|-heal|p2a: Garganacl|42/100|[from] Grassy Terrain
|-heal|p2a: Garganacl|49/100|[from] item: Leftovers
|-fieldend|move: Grassy Terrain
|upkeep
|turn|14
|
|t:|1779821585
|switch|p1a: Torkoal|Torkoal, M|61/100
|-damage|p1a: Torkoal|36/100|[from] Stealth Rock
|-weather|SunnyDay|[from] ability: Drought|[of] p1a: Torkoal
|move|p2a: Garganacl|Recover|p2a: Garganacl
|-heal|p2a: Garganacl|99/100
|
|-weather|SunnyDay|[upkeep]
|-heal|p2a: Garganacl|100/100|[from] item: Leftovers
|upkeep
|turn|15
|
|t:|1779821588
|switch|p2a: Pecharunt|Pecharunt|100/100
|move|p1a: Torkoal|Rapid Spin|p2a: Pecharunt
|-immune|p2a: Pecharunt
|
|-weather|SunnyDay|[upkeep]
|upkeep
|turn|16
|
|t:|1779821591
|switch|p1a: Darkrai|Darkrai|1/100
|-damage|p1a: Darkrai|0 fnt|[from] Stealth Rock
|faint|p1a: Darkrai
|move|p2a: Pecharunt|Malignant Chain|p1: Darkrai|[notarget]
|-fail|p2a: Pecharunt
|
|-weather|SunnyDay|[upkeep]
|upkeep
|
|t:|1779821593
|switch|p1a: Armarouge|Armarouge, M, shiny|88/100
|-damage|p1a: Armarouge|63/100|[from] Stealth Rock
|turn|17
|
|t:|1779821621
|-terastallize|p2a: Pecharunt|Ghost
|move|p1a: Armarouge|Psychic|p2a: Pecharunt
|-damage|p2a: Pecharunt|21/100
|move|p2a: Pecharunt|Shadow Ball|p1a: Armarouge
|-supereffective|p1a: Armarouge
|-crit|p1a: Armarouge
|-damage|p1a: Armarouge|0 fnt
|faint|p1a: Armarouge
|
|-weather|SunnyDay|[upkeep]
|upkeep
|
|t:|1779821639
|switch|p1a: Ceruledge|Ceruledge, F|100/100
|-damage|p1a: Ceruledge|76/100|[from] Stealth Rock
|turn|18
|
|t:|1779821643
|move|p1a: Ceruledge|Bitter Blade|p2a: Pecharunt
|-damage|p2a: Pecharunt|0 fnt
|-heal|p1a: Ceruledge|88/100|[from] drain|[of] p2a: Pecharunt
|faint|p2a: Pecharunt
|
|-weather|none
|upkeep
|
|t:|1779821655
|switch|p2a: Garganacl|Garganacl, M|100/100
|-damage|p2a: Garganacl|88/100|[from] Stealth Rock
|turn|19
|
|t:|1779821661
|-terastallize|p1a: Ceruledge|Fighting
|move|p1a: Ceruledge|Swords Dance|p1a: Ceruledge
|-boost|p1a: Ceruledge|atk|2
|move|p2a: Garganacl|Salt Cure|p1a: Ceruledge
|-resisted|p1a: Ceruledge
|-damage|p1a: Ceruledge|79/100
|-start|p1a: Ceruledge|Salt Cure
|
|-heal|p2a: Garganacl|94/100|[from] item: Leftovers
|-damage|p1a: Ceruledge|67/100|[from] Salt Cure
|upkeep
|turn|20
|
|t:|1779821667
|switch|p2a: Gliscor|Gliscor, F|100/100 tox
|-damage|p2a: Gliscor|88/100 tox|[from] Stealth Rock
|move|p1a: Ceruledge|Swords Dance|p1a: Ceruledge
|-boost|p1a: Ceruledge|atk|2
|
|-heal|p2a: Gliscor|100/100 tox|[from] ability: Poison Heal
|-damage|p1a: Ceruledge|55/100|[from] Salt Cure
|upkeep
|turn|21
|
|t:|1779821675
|move|p2a: Gliscor|Protect|p2a: Gliscor
|-singleturn|p2a: Gliscor|Protect
|move|p1a: Ceruledge|Bitter Blade|p2a: Gliscor
|-activate|p2a: Gliscor|move: Protect
|
|-damage|p1a: Ceruledge|43/100|[from] Salt Cure
|upkeep
|turn|22
|
|t:|1779821682
|move|p2a: Gliscor|Facade|p1a: Ceruledge
|-damage|p1a: Ceruledge|6/100
|move|p1a: Ceruledge|Bitter Blade|p2a: Gliscor
|-damage|p2a: Gliscor|0 fnt
|-heal|p1a: Ceruledge|58/100|[from] drain|[of] p2a: Gliscor
|faint|p2a: Gliscor
|
|-damage|p1a: Ceruledge|46/100|[from] Salt Cure
|upkeep
|
|t:|1779821689
|switch|p2a: Garganacl|Garganacl, M|94/100
|-damage|p2a: Garganacl|82/100|[from] Stealth Rock
|turn|23
|
|t:|1779821696
|move|p1a: Ceruledge|Close Combat|p2a: Garganacl
|-supereffective|p2a: Garganacl
|-damage|p2a: Garganacl|0 fnt
|-unboost|p1a: Ceruledge|def|1
|-unboost|p1a: Ceruledge|spd|1
|faint|p2a: Garganacl
|
|-damage|p1a: Ceruledge|34/100|[from] Salt Cure
|upkeep
|
|t:|1779821699
|switch|p2a: Skarmory|Skarmory, F|89/100
|-damage|p2a: Skarmory|76/100|[from] Stealth Rock
|turn|24
|
|t:|1779821701
|move|p1a: Ceruledge|Bitter Blade|p2a: Skarmory
|-supereffective|p2a: Skarmory
|-damage|p2a: Skarmory|0 fnt
|-heal|p1a: Ceruledge|72/100|[from] drain|[of] p2a: Skarmory
|faint|p2a: Skarmory
|
|win|omari p
|raw|omari p's rating: 1578 &rarr; <strong>1601</strong><br />(+23 for winning)
|raw|Igoodnamename's rating: 1633 &rarr; <strong>1610</strong><br />(-23 for losing)
|c|☆Igoodnamename|ggs
|l|☆Igoodnamename
|player|p2|
