|j|☆tympole mybeloved
|j|☆Scepticskep
|t:|1779857184
|gametype|singles
|player|p1|tympole mybeloved|pokemonranger-gen4|1486
|player|p2|Scepticskep|pokemaniac|1496
|gen|9
|tier|[Gen 9] OU
|rated|
|rule|HP Percentage Mod: HP is shown in percentages
|rule|Endless Battle Clause: Forcing endless battles is banned
|rule|Species Clause: Limit one of each Pokémon
|rule|OHKO Clause: OHKO moves are banned
|rule|Evasion Items Clause: Evasion items are banned
|rule|Evasion Moves Clause: Evasion moves are banned
|rule|Evasion Abilities Clause: Evasion abilities are banned
|rule|Sleep Moves Clause: Sleep-inducing moves are banned
|clearpoke
|poke|p1|Iron Treads|
|poke|p1|Dragonite, M|
|poke|p1|Arcanine-Hisui, F|
|poke|p1|Corviknight, M|
|poke|p1|Alomomola, M|
|poke|p1|Primarina, F|
|poke|p2|Cramorant, F|
|poke|p2|Kingambit, F|
|poke|p2|Iron Moth|
|poke|p2|Enamorus, F|
|poke|p2|Great Tusk|
|poke|p2|Ceruledge, F|
|teampreview
|inactive|Battle timer is ON: inactive players will automatically lose when time's up. (requested by Scepticskep)
|inactive|tympole mybeloved also wants the timer to be on.
|
|t:|1779857207
|teamsize|p1|6
|teamsize|p2|6
|start
|switch|p1a: Corviking|Corviknight, M|100/100
|switch|p2a: Ceruledge|Ceruledge, F|100/100
|-ability|p1a: Corviking|Pressure
|turn|1
|
|t:|1779857215
|move|p2a: Ceruledge|Bitter Blade|p1a: Corviking
|-supereffective|p1a: Corviking
|-damage|p1a: Corviking|49/100
|-damage|p2a: Ceruledge|84/100|[from] item: Rocky Helmet|[of] p1a: Corviking
|move|p1a: Corviking|U-turn|p2a: Ceruledge
|-resisted|p2a: Ceruledge
|-damage|p2a: Ceruledge|79/100
|
|t:|1779857224
|switch|p1a: Oh no! A scarfer!|Arcanine-Hisui, F|100/100|[from] U-turn
|
|upkeep
|turn|2
|
|t:|1779857229
|switch|p2a: Great Tusk|Great Tusk|100/100
|-enditem|p2a: Great Tusk|Booster Energy
|-activate|p2a: Great Tusk|ability: Protosynthesis|[fromitem]
|-start|p2a: Great Tusk|protosynthesisatk
|move|p1a: Oh no! A scarfer!|Head Smash|p2a: Great Tusk
|-resisted|p2a: Great Tusk
|-damage|p2a: Great Tusk|85/100
|
|upkeep
|turn|3
|
|t:|1779857236
|switch|p1a: Corviking|Corviknight, M|49/100
|-ability|p1a: Corviking|Pressure
|move|p2a: Great Tusk|Rapid Spin|p1a: Corviking
|-resisted|p1a: Corviking
|-damage|p1a: Corviking|42/100
|-boost|p2a: Great Tusk|spe|1
|-damage|p2a: Great Tusk|69/100|[from] item: Rocky Helmet|[of] p1a: Corviking
|
|upkeep
|turn|4
|
|t:|1779857246
|move|p2a: Great Tusk|Supercell Slam|p1a: Corviking
|-supereffective|p1a: Corviking
|-damage|p1a: Corviking|0 fnt
|-damage|p2a: Great Tusk|52/100|[from] item: Rocky Helmet|[of] p1a: Corviking
|faint|p1a: Corviking
|
|upkeep
|
|t:|1779857265
|switch|p1a: Banded DDance|Dragonite, M|100/100
|turn|5
|
|t:|1779857268
|move|p1a: Banded DDance|Extreme Speed|p2a: Great Tusk
|-damage|p2a: Great Tusk|19/100
|move|p2a: Great Tusk|Ice Spinner|p1a: Banded DDance
|-supereffective|p1a: Banded DDance
|-damage|p1a: Banded DDance|29/100
|
|upkeep
|turn|6
|
|t:|1779857276
|-end|p2a: Great Tusk|Protosynthesis|[silent]
|switch|p2a: Ceruledge|Ceruledge, F|79/100
|switch|p1a: Alololola|Alomomola, M|100/100
|
|upkeep
|turn|7
|
|t:|1779857282
|move|p2a: Ceruledge|Poltergeist|p1a: Alololola|[miss]
|-miss|p2a: Ceruledge|p1a: Alololola
|move|p1a: Alololola|Flip Turn|p2a: Ceruledge
|-supereffective|p2a: Ceruledge
|-crit|p2a: Ceruledge
|-damage|p2a: Ceruledge|13/100
|
|t:|1779857293
|switch|p1a: Iron Rocks|Iron Treads|100/100|[from] Flip Turn
|
|upkeep
|turn|8
|
|t:|1779857300
|move|p1a: Iron Rocks|Knock Off|p2a: Ceruledge
|-supereffective|p2a: Ceruledge
|-damage|p2a: Ceruledge|0 fnt
|-enditem|p2a: Ceruledge|Focus Sash|[from] move: Knock Off|[of] p1a: Iron Rocks
|faint|p2a: Ceruledge
|
|upkeep
|
|t:|1779857305
|switch|p2a: Cramorant|Cramorant, F, shiny|100/100
|turn|9
|
|t:|1779857312
|move|p1a: Iron Rocks|Volt Switch|p2a: Cramorant
|-supereffective|p2a: Cramorant
|-damage|p2a: Cramorant|44/100
|
|t:|1779857318
|-end|p1a: Iron Rocks|Quark Drive|[silent]
|switch|p1a: Primal Rina|Primarina, F|100/100|[from] Volt Switch
|move|p2a: Cramorant|Tailwind|p2a: Cramorant
|-sidestart|p2: Scepticskep|move: Tailwind
|
|upkeep
|turn|10
|
|t:|1779857330
|move|p2a: Cramorant|Surf|p1a: Primal Rina
|-formechange|p2a: Cramorant|Cramorant-Gorging|
|-resisted|p1a: Primal Rina
|-damage|p1a: Primal Rina|89/100
|move|p1a: Primal Rina|Moonblast|p2a: Cramorant
|-crit|p2a: Cramorant
|-damage|p2a: Cramorant|0 fnt
|-damage|p1a: Primal Rina|64/100|[from] ability: Gulp Missile|[of] p2a: Cramorant
|-status|p1a: Primal Rina|par
|-formechange|p2a: Cramorant|Cramorant|
|faint|p2a: Cramorant
|
|upkeep
|
|t:|1779857337
|switch|p2a: Iron Moth|Iron Moth|100/100
|-enditem|p2a: Iron Moth|Booster Energy
|-activate|p2a: Iron Moth|ability: Quark Drive|[fromitem]
|-start|p2a: Iron Moth|quarkdrivespe
|turn|11
|
|t:|1779857348
|move|p2a: Iron Moth|Sludge Wave|p1a: Primal Rina
|-supereffective|p1a: Primal Rina
|-damage|p1a: Primal Rina|8/100 par
|move|p1a: Primal Rina|Surf|p2a: Iron Moth
|-supereffective|p2a: Iron Moth
|-damage|p2a: Iron Moth|0 fnt
|faint|p2a: Iron Moth
|-end|p2a: Iron Moth|Quark Drive|[silent]
|
|upkeep
|
|t:|1779857355
|switch|p2a: Enamorus|Enamorus, F|100/100
|turn|12
|
|t:|1779857363
|move|p2a: Enamorus|Moonblast|p1a: Primal Rina
|-damage|p1a: Primal Rina|0 fnt
|faint|p1a: Primal Rina
|
|-sideend|p2: Scepticskep|move: Tailwind
|upkeep
|
|t:|1779857370
|switch|p1a: Oh no! A scarfer!|Arcanine-Hisui, F|100/100
|turn|13
|
|t:|1779857374
|move|p1a: Oh no! A scarfer!|Head Smash|p2a: Enamorus
|-supereffective|p2a: Enamorus
|-enditem|p2a: Enamorus|Focus Sash
|-damage|p2a: Enamorus|1/100
|move|p2a: Enamorus|Earth Power|p1a: Oh no! A scarfer!
|-supereffective|p1a: Oh no! A scarfer!
|-damage|p1a: Oh no! A scarfer!|0 fnt
|faint|p1a: Oh no! A scarfer!
|
|upkeep
|
|t:|1779857386
|switch|p1a: Banded DDance|Dragonite, M|29/100
|turn|14
|
|t:|1779857391
|-terastallize|p2a: Enamorus|Ghost
|move|p1a: Banded DDance|Extreme Speed|p2a: Enamorus
|-immune|p2a: Enamorus
|move|p2a: Enamorus|Healing Wish|p2a: Enamorus
|faint|p2a: Enamorus
|
|upkeep
|
|t:|1779857395
|switch|p2a: Great Tusk|Great Tusk|19/100
|-heal|p2a: Great Tusk|100/100|[from] move: Healing Wish
|turn|15
|
|t:|1779857402
|switch|p1a: Alololola|Alomomola, M|100/100
|move|p2a: Great Tusk|Ice Spinner|p1a: Alololola
|-resisted|p1a: Alololola
|-damage|p1a: Alololola|89/100
|
|upkeep
|turn|16
|
|t:|1779857410
|move|p2a: Great Tusk|Supercell Slam|p1a: Alololola
|-supereffective|p1a: Alololola
|-damage|p1a: Alololola|31/100
|move|p1a: Alololola|Wish|p1a: Alololola
|
|upkeep
|turn|17
|
|t:|1779857416
|move|p1a: Alololola|Protect|p1a: Alololola
|-singleturn|p1a: Alololola|Protect
|move|p2a: Great Tusk|Headlong Rush|p1a: Alololola
|-activate|p1a: Alololola|move: Protect
|
|-heal|p1a: Alololola|81/100|[from] move: Wish|[wisher] Alololola
|upkeep
|turn|18
|
|t:|1779857428
|-end|p2a: Great Tusk|Protosynthesis|[silent]
|switch|p2a: Kingambit|Kingambit, F|100/100
|-activate|p2a: Kingambit|ability: Supreme Overlord
|-start|p2a: Kingambit|fallen4|[silent]
|-terastallize|p1a: Alololola|Poison
|move|p1a: Alololola|Wish|p1a: Alololola
|
|upkeep
|turn|19
|
|t:|1779857434
|move|p2a: Kingambit|Swords Dance|p2a: Kingambit
|-boost|p2a: Kingambit|atk|2
|move|p1a: Alololola|Flip Turn|p2a: Kingambit
|-damage|p2a: Kingambit|88/100
|
|t:|1779857440
|switch|p1a: Banded DDance|Dragonite, M|29/100|[from] Flip Turn
|
|-heal|p1a: Banded DDance|98/100|[from] move: Wish|[wisher] Alololola
|upkeep
|turn|20
|
|t:|1779857466
|switch|p1a: Alololola|Alomomola, M, tera:Poison|100/100
|move|p2a: Kingambit|Iron Head|p1a: Alololola
|-damage|p1a: Alololola|0 fnt
|faint|p1a: Alololola
|-damage|p2a: Kingambit|78/100|[from] item: Life Orb
|
|upkeep
|
|t:|1779857473
|switch|p1a: Iron Rocks|Iron Treads|100/100
|turn|21
|
|t:|1779857484
|move|p1a: Iron Rocks|Knock Off|p2a: Kingambit
|-resisted|p2a: Kingambit
|-damage|p2a: Kingambit|67/100
|-enditem|p2a: Kingambit|Life Orb|[from] move: Knock Off|[of] p1a: Iron Rocks
|move|p2a: Kingambit|Low Kick|p1a: Iron Rocks
|-supereffective|p1a: Iron Rocks
|-damage|p1a: Iron Rocks|0 fnt
|faint|p1a: Iron Rocks
|-end|p1a: Iron Rocks|Quark Drive|[silent]
|
|upkeep
|
|t:|1779857491
|switch|p1a: Banded DDance|Dragonite, M|98/100
|turn|22
|
|t:|1779857494
|move|p2a: Kingambit|Iron Head|p1a: Banded DDance
|-damage|p1a: Banded DDance|0 fnt
|faint|p1a: Banded DDance
|
|win|Scepticskep
|raw|tympole mybeloved's rating: 1486 &rarr; <strong>1467</strong><br />(-19 for losing)
|raw|Scepticskep's rating: 1496 &rarr; <strong>1515</strong><br />(+19 for winning)
|l|☆tympole mybeloved
|player|p1|
|l|☆Scepticskep
|player|p2|
