|j|☆Wealisify
|j|‽Yujiro-Jamon
|t:|1779944187
|gametype|singles
|player|p1|Wealisify|silver-masters|1413
|player|p2|Yujiro-Jamon|101|1398
|gen|9
|tier|[Gen 9] OU
|rated|
|rule|HP Percentage Mod: HP is shown in percentages
|rule|Endless Battle Clause: Forcing endless battles is banned
|rule|Species Clause: Limit one of each Pokémon
|rule|OHKO Clause: OHKO moves are banned
|rule|Evasion Items Clause: Evasion items are banned
|rule|Evasion Moves Clause: Evasion moves are banned
|rule|Evasion Abilities Clause: Evasion abilities are banned
|rule|Sleep Moves Clause: Sleep-inducing moves are banned
|clearpoke
|poke|p1|Scizor, F|
|poke|p1|Raging Bolt|
|poke|p1|Deoxys-Speed|
|poke|p1|Great Tusk|
|poke|p1|Pecharunt|
|poke|p1|Torterra, F|
|poke|p2|Blaziken, M|
|poke|p2|Conkeldurr, M|
|poke|p2|Corviknight, F|
|poke|p2|Zapdos|
|poke|p2|Landorus-Therian, M|
|poke|p2|Clefable, M|
|teampreview
|inactive|Battle timer is ON: inactive players will automatically lose when time's up. (requested by Yujiro-Jamon)
|
|t:|1779944199
|teamsize|p1|6
|teamsize|p2|6
|start
|switch|p1a: Picklez|Deoxys-Speed|100/100
|switch|p2a: Conkeldurr|Conkeldurr, M|100/100
|-ability|p1a: Picklez|Pressure
|turn|1
|
|t:|1779944204
|move|p1a: Picklez|Reflect|p1a: Picklez
|-sidestart|p1: Wealisify|Reflect
|move|p2a: Conkeldurr|Knock Off|p1a: Picklez
|-supereffective|p1a: Picklez
|-damage|p1a: Picklez|49/100
|-enditem|p1a: Picklez|Light Clay|[from] move: Knock Off|[of] p2a: Conkeldurr
|
|upkeep
|turn|2
|
|t:|1779944212
|switch|p2a: Corviknight|Corviknight, F|100/100
|-ability|p2a: Corviknight|Pressure
|move|p1a: Picklez|Psycho Boost|p2a: Corviknight|[miss]
|-miss|p1a: Picklez|p2a: Corviknight
|
|upkeep
|turn|3
|
|t:|1779944217
|move|p1a: Picklez|Taunt|p2a: Corviknight
|-start|p2a: Corviknight|move: Taunt
|cant|p2a: Corviknight|move: Taunt|Defog
|
|upkeep
|turn|4
|
|t:|1779944221
|move|p1a: Picklez|Light Screen|p1a: Picklez
|-sidestart|p1: Wealisify|move: Light Screen
|move|p2a: Corviknight|Iron Head|p1a: Picklez
|-damage|p1a: Picklez|34/100
|
|upkeep
|turn|5
|
|t:|1779944228
|switch|p1a: Ziggy|Great Tusk|100/100
|move|p2a: Corviknight|Iron Head|p1a: Ziggy
|-damage|p1a: Ziggy|92/100
|-damage|p2a: Corviknight|84/100|[from] item: Rocky Helmet|[of] p1a: Ziggy
|
|-end|p2a: Corviknight|move: Taunt
|upkeep
|turn|6
|
|t:|1779944235
|-end|p1a: Ziggy|Protosynthesis|[silent]
|switch|p1a: Absolutely Nothing|Pecharunt|100/100
|switch|p2a: Zapdos|Zapdos|100/100
|-ability|p2a: Zapdos|Pressure
|
|upkeep
|turn|7
|
|t:|1779944240
|switch|p2a: Corviknight|Corviknight, F|84/100
|-ability|p2a: Corviknight|Pressure
|move|p1a: Absolutely Nothing|Nasty Plot|p1a: Absolutely Nothing
|-boost|p1a: Absolutely Nothing|spa|2
|
|upkeep
|turn|8
|
|t:|1779944243
|move|p1a: Absolutely Nothing|Shadow Ball|p2a: Corviknight
|-damage|p2a: Corviknight|37/100
|move|p2a: Corviknight|Defog|p1a: Absolutely Nothing
|-unboost|p1a: Absolutely Nothing|evasion|1
|-sideend|p1: Wealisify|Reflect
|-sideend|p1: Wealisify|move: Light Screen
|
|upkeep
|turn|9
|
|t:|1779944246
|switch|p2a: Clefable|Clefable, M|100/100
|move|p1a: Absolutely Nothing|Shadow Ball|p2a: Clefable
|-damage|p2a: Clefable|85/100
|
|-heal|p2a: Clefable|91/100|[from] item: Leftovers
|upkeep
|turn|10
|
|t:|1779944252
|-terastallize|p2a: Clefable|Steel
|move|p1a: Absolutely Nothing|Malignant Chain|p2a: Clefable
|-immune|p2a: Clefable
|move|p2a: Clefable|Cosmic Power|p2a: Clefable
|-boost|p2a: Clefable|def|1
|-boost|p2a: Clefable|spd|1
|
|-heal|p2a: Clefable|97/100|[from] item: Leftovers
|upkeep
|turn|11
|
|t:|1779944259
|switch|p1a: Picklez|Deoxys-Speed|34/100
|-ability|p1a: Picklez|Pressure
|move|p2a: Clefable|Cosmic Power|p2a: Clefable
|-boost|p2a: Clefable|def|1
|-boost|p2a: Clefable|spd|1
|
|-heal|p2a: Clefable|100/100|[from] item: Leftovers
|upkeep
|turn|12
|
|t:|1779944262
|move|p1a: Picklez|Taunt|p2a: Clefable
|-start|p2a: Clefable|move: Taunt
|move|p2a: Clefable|Moonblast|p1a: Picklez
|-damage|p1a: Picklez|0 fnt
|faint|p1a: Picklez
|
|upkeep
|
|t:|1779944275
|switch|p1a: Ziggy|Great Tusk|92/100
|turn|13
|
|t:|1779944284
|move|p1a: Ziggy|Headlong Rush|p2a: Clefable
|-supereffective|p2a: Clefable
|-damage|p2a: Clefable|43/100
|-unboost|p1a: Ziggy|def|1
|-unboost|p1a: Ziggy|spd|1
|move|p2a: Clefable|Moonblast|p1a: Ziggy
|-supereffective|p1a: Ziggy
|-crit|p1a: Ziggy
|-damage|p1a: Ziggy|0 fnt
|faint|p1a: Ziggy
|-end|p1a: Ziggy|Protosynthesis|[silent]
|
|-heal|p2a: Clefable|49/100|[from] item: Leftovers
|upkeep
|
|t:|1779944291
|switch|p1a: Zeno|Torterra, F|100/100
|turn|14
|
|t:|1779944294
|switch|p2a: Corviknight|Corviknight, F|37/100
|-ability|p2a: Corviknight|Pressure
|move|p1a: Zeno|Headlong Rush|p2a: Corviknight
|-immune|p2a: Corviknight
|
|upkeep
|turn|15
|
|t:|1779944303
|move|p1a: Zeno|Shell Smash|p1a: Zeno
|-unboost|p1a: Zeno|def|1
|-unboost|p1a: Zeno|spd|1
|-boost|p1a: Zeno|atk|2
|-boost|p1a: Zeno|spa|2
|-boost|p1a: Zeno|spe|2
|move|p2a: Corviknight|Taunt|p1a: Zeno
|-start|p1a: Zeno|move: Taunt
|
|upkeep
|turn|16
|
|t:|1779944309
|move|p1a: Zeno|Rock Blast|p2a: Corviknight
|-damage|p2a: Corviknight|28/100
|-damage|p2a: Corviknight|20/100
|-damage|p2a: Corviknight|10/100
|-damage|p2a: Corviknight|0 fnt
|faint|p2a: Corviknight
|-hitcount|p2: Corviknight|4
|
|upkeep
|
|t:|1779944321
|switch|p2a: Conkeldurr|Conkeldurr, M|100/100
|turn|17
|inactive|Wealisify has 120 seconds left.
|
|t:|1779944379
|switch|p1a: Absolutely Nothing|Pecharunt|100/100
|switch|p2a: Landorus|Landorus-Therian, M|100/100
|-ability|p2a: Landorus|Intimidate|boost
|-unboost|p1a: Absolutely Nothing|atk|1
|
|upkeep
|turn|18
|
|t:|1779944387
|move|p2a: Landorus|Earthquake|p1a: Absolutely Nothing
|-supereffective|p1a: Absolutely Nothing
|-damage|p1a: Absolutely Nothing|38/100
|move|p1a: Absolutely Nothing|Nasty Plot|p1a: Absolutely Nothing
|-boost|p1a: Absolutely Nothing|spa|2
|
|upkeep
|turn|19
|
|t:|1779944400
|switch|p1a: Yusha|Scizor, F|100/100
|move|p2a: Landorus|Earthquake|p1a: Yusha
|-damage|p1a: Yusha|38/100
|
|upkeep
|turn|20
|
|t:|1779944405
|move|p1a: Yusha|Bullet Punch|p2a: Landorus
|-damage|p2a: Landorus|47/100
|-damage|p1a: Yusha|28/100|[from] item: Life Orb
|move|p2a: Landorus|Earthquake|p1a: Yusha
|-damage|p1a: Yusha|0 fnt
|faint|p1a: Yusha
|
|-heal|p2a: Landorus|53/100|[from] item: Leftovers
|upkeep
|
|t:|1779944408
|switch|p1a: Zeno|Torterra, F|100/100
|turn|21
|
|t:|1779944412
|move|p2a: Landorus|U-turn|p1a: Zeno
|-supereffective|p1a: Zeno
|-damage|p1a: Zeno|44/100
|
|t:|1779944416
|switch|p2a: Conkeldurr|Conkeldurr, M|100/100|[from] U-turn
|move|p1a: Zeno|Shell Smash|p1a: Zeno
|-unboost|p1a: Zeno|def|1
|-unboost|p1a: Zeno|spd|1
|-boost|p1a: Zeno|atk|2
|-boost|p1a: Zeno|spa|2
|-boost|p1a: Zeno|spe|2
|
|upkeep
|turn|22
|
|t:|1779944435
|switch|p2a: Landorus|Landorus-Therian, M|53/100
|-ability|p2a: Landorus|Intimidate|boost
|-unboost|p1a: Zeno|atk|1
|move|p1a: Zeno|Headlong Rush|p2a: Landorus
|-immune|p2a: Landorus
|
|-heal|p2a: Landorus|58/100|[from] item: Leftovers
|upkeep
|turn|23
|
|t:|1779944442
|move|p1a: Zeno|Bullet Seed|p2a: Landorus
|-damage|p2a: Landorus|38/100
|-damage|p2a: Landorus|17/100
|-damage|p2a: Landorus|0 fnt
|faint|p2a: Landorus
|-hitcount|p2: Landorus|3
|
|upkeep
|
|t:|1779944452
|switch|p2a: Conkeldurr|Conkeldurr, M|100/100
|turn|24
|
|t:|1779944459
|move|p1a: Zeno|Headlong Rush|p2a: Conkeldurr
|-damage|p2a: Conkeldurr|27/100
|-unboost|p1a: Zeno|def|1
|-unboost|p1a: Zeno|spd|1
|move|p2a: Conkeldurr|Drain Punch|p1a: Zeno
|-damage|p1a: Zeno|0 fnt
|-heal|p2a: Conkeldurr|45/100|[from] drain|[of] p1a: Zeno
|faint|p1a: Zeno
|
|upkeep
|
|t:|1779944467
|switch|p1a: Agarthan Reaper|Raging Bolt|100/100
|-enditem|p1a: Agarthan Reaper|Booster Energy
|-activate|p1a: Agarthan Reaper|ability: Protosynthesis|[fromitem]
|-start|p1a: Agarthan Reaper|protosynthesisspa
|turn|25
|
|t:|1779944481
|move|p1a: Agarthan Reaper|Dragon Pulse|p2a: Conkeldurr
|-damage|p2a: Conkeldurr|0 fnt
|faint|p2a: Conkeldurr
|
|upkeep
|
|t:|1779944485
|switch|p2a: Clefable|Clefable, M, tera:Steel|49/100
|turn|26
|
|t:|1779944488
|move|p1a: Agarthan Reaper|Thunderbolt|p2a: Clefable
|-damage|p2a: Clefable|0 fnt
|faint|p2a: Clefable
|
|upkeep
|
|t:|1779944503
|switch|p2a: Zapdos|Zapdos|100/100
|-ability|p2a: Zapdos|Pressure
|turn|27
|
|t:|1779944509
|move|p2a: Zapdos|Hurricane|p1a: Agarthan Reaper
|-resisted|p1a: Agarthan Reaper
|-damage|p1a: Agarthan Reaper|64/100
|-damage|p2a: Zapdos|91/100|[from] item: Life Orb
|move|p1a: Agarthan Reaper|Calm Mind|p1a: Agarthan Reaper
|-boost|p1a: Agarthan Reaper|spa|1
|-boost|p1a: Agarthan Reaper|spd|1
|
|upkeep
|turn|28
|
|t:|1779944516
|move|p1a: Agarthan Reaper|Thunderclap|p2a: Zapdos
|-damage|p2a: Zapdos|2/100
|move|p2a: Zapdos|Hurricane|p1a: Agarthan Reaper
|-resisted|p1a: Agarthan Reaper
|-damage|p1a: Agarthan Reaper|42/100
|-damage|p2a: Zapdos|0 fnt|[from] item: Life Orb
|faint|p2a: Zapdos
|
|upkeep
|
|t:|1779944521
|switch|p2a: Blaziken|Blaziken, M, shiny|100/100
|turn|29
|inactive|Wealisify has 120 seconds left.
|
|t:|1779944551
|move|p2a: Blaziken|Protect|p2a: Blaziken
|-singleturn|p2a: Blaziken|Protect
|move|p1a: Agarthan Reaper|Thunderclap||[still]
|-fail|p1a: Agarthan Reaper
|
|-ability|p2a: Blaziken|Speed Boost|boost
|-boost|p2a: Blaziken|spe|1
|upkeep
|turn|30
|
|t:|1779944557
|move|p1a: Agarthan Reaper|Thunderclap||[still]
|-fail|p1a: Agarthan Reaper
|move|p2a: Blaziken|Swords Dance|p2a: Blaziken
|-boost|p2a: Blaziken|atk|2
|
|-ability|p2a: Blaziken|Speed Boost|boost
|-boost|p2a: Blaziken|spe|1
|upkeep
|turn|31
|
|t:|1779944562
|move|p2a: Blaziken|Protect|p2a: Blaziken
|-singleturn|p2a: Blaziken|Protect
|move|p1a: Agarthan Reaper|Thunderclap||[still]
|-fail|p1a: Agarthan Reaper
|
|-ability|p2a: Blaziken|Speed Boost|boost
|-boost|p2a: Blaziken|spe|1
|upkeep
|turn|32
|
|t:|1779944567
|move|p2a: Blaziken|Protect|p2a: Blaziken
|-singleturn|p2a: Blaziken|Protect
|move|p1a: Agarthan Reaper|Thunderclap||[still]
|-fail|p1a: Agarthan Reaper
|
|-ability|p2a: Blaziken|Speed Boost|boost
|-boost|p2a: Blaziken|spe|1
|upkeep
|turn|33
|
|t:|1779944574
|move|p1a: Agarthan Reaper|Thunderclap||[still]
|-fail|p1a: Agarthan Reaper
|move|p2a: Blaziken|Swords Dance|p2a: Blaziken
|-boost|p2a: Blaziken|atk|2
|
|-ability|p2a: Blaziken|Speed Boost|boost
|-boost|p2a: Blaziken|spe|1
|upkeep
|turn|34
|
|t:|1779944577
|move|p2a: Blaziken|Protect|p2a: Blaziken
|-singleturn|p2a: Blaziken|Protect
|move|p1a: Agarthan Reaper|Thunderbolt|p2a: Blaziken
|-activate|p2a: Blaziken|move: Protect
|
|-ability|p2a: Blaziken|Speed Boost|boost
|-boost|p2a: Blaziken|spe|1
|upkeep
|turn|35
|
|t:|1779944583
|move|p2a: Blaziken|Protect||[still]
|-fail|p2a: Blaziken
|move|p1a: Agarthan Reaper|Thunderbolt|p2a: Blaziken
|-damage|p2a: Blaziken|0 fnt
|faint|p2a: Blaziken
|
|win|Wealisify
|raw|Wealisify's rating: 1413 &rarr; <strong>1432</strong><br />(+19 for winning)
|raw|Yujiro-Jamon's rating: 1398 &rarr; <strong>1379</strong><br />(-19 for losing)
|l|☆Wealisify
|player|p1|
|l|‽Yujiro-Jamon
|player|p2|
