|j|☆choispecs ironmoth
|j|☆newgaem
|t:|1779965249
|gametype|singles
|player|p1|choispecs ironmoth|lucas|1432
|player|p2|newgaem|blue|1394
|gen|9
|tier|[Gen 9] OU
|rated|
|rule|HP Percentage Mod: HP is shown in percentages
|rule|Endless Battle Clause: Forcing endless battles is banned
|rule|Species Clause: Limit one of each Pokémon
|rule|OHKO Clause: OHKO moves are banned
|rule|Evasion Items Clause: Evasion items are banned
|rule|Evasion Moves Clause: Evasion moves are banned
|rule|Evasion Abilities Clause: Evasion abilities are banned
|rule|Sleep Moves Clause: Sleep-inducing moves are banned
|clearpoke
|poke|p1|Kyurem|
|poke|p1|Cinderace, M|
|poke|p1|Kingambit, M|
|poke|p1|Landorus-Therian, M|
|poke|p1|Iron Valiant|
|poke|p1|Slowking-Galar, F|
|poke|p2|Armarouge, M|
|poke|p2|Kingambit, F|
|poke|p2|Iron Valiant|
|poke|p2|Ceruledge, M|
|poke|p2|Mimikyu, M|
|poke|p2|Cyclizar, F|
|teampreview
|inactive|Battle timer is ON: inactive players will automatically lose when time's up. (requested by choispecs ironmoth)
|
|t:|1779965269
|teamsize|p1|6
|teamsize|p2|6
|start
|switch|p1a: Landorus|Landorus-Therian, M|100/100
|switch|p2a: Fefnir|Armarouge, M, shiny|100/100
|-ability|p1a: Landorus|Intimidate|boost
|-unboost|p2a: Fefnir|atk|1
|turn|1
|
|t:|1779965279
|move|p1a: Landorus|Rock Tomb|p2a: Fefnir|[miss]
|-miss|p1a: Landorus|p2a: Fefnir
|move|p2a: Fefnir|Armor Cannon|p1a: Landorus
|-damage|p1a: Landorus|28/100
|-unboost|p2a: Fefnir|def|1
|-unboost|p2a: Fefnir|spd|1
|
|upkeep
|turn|2
|
|t:|1779965288
|move|p1a: Landorus|Earthquake|p2a: Fefnir
|-supereffective|p2a: Fefnir
|-enditem|p2a: Fefnir|Focus Sash
|-damage|p2a: Fefnir|1/100
|-ability|p2a: Fefnir|Weak Armor|boost
|-unboost|p2a: Fefnir|def|1
|-boost|p2a: Fefnir|spe|2
|move|p2a: Fefnir|Armor Cannon|p1a: Landorus
|-damage|p1a: Landorus|0 fnt
|-unboost|p2a: Fefnir|def|1
|-unboost|p2a: Fefnir|spd|1
|faint|p1a: Landorus
|
|upkeep
|
|t:|1779965294
|switch|p1a: Slowking|Slowking-Galar, F|100/100
|turn|3
|
|t:|1779965304
|move|p2a: Fefnir|Destiny Bond|p2a: Fefnir
|-singlemove|p2a: Fefnir|Destiny Bond
|-prepare|p1a: Slowking|Chilly Reception|[premajor]
|move|p1a: Slowking|Chilly Reception|p1a: Slowking
|-weather|Snowscape
|
|t:|1779965311
|switch|p1a: Kingambit|Kingambit, M|100/100|[from] Chilly Reception
|-activate|p1a: Kingambit|ability: Supreme Overlord
|-start|p1a: Kingambit|fallen1|[silent]
|
|-weather|Snowscape|[upkeep]
|upkeep
|turn|4
|
|t:|1779965318
|move|p2a: Fefnir|Endure|p2a: Fefnir
|-singleturn|p2a: Fefnir|move: Endure
|move|p1a: Kingambit|Sucker Punch||[still]
|-fail|p1a: Kingambit
|
|-weather|Snowscape|[upkeep]
|upkeep
|turn|5
|
|t:|1779965325
|-end|p1a: Kingambit|fallen1|[silent]
|switch|p1a: Slowking|Slowking-Galar, F|100/100
|move|p2a: Fefnir|Destiny Bond|p2a: Fefnir
|-singlemove|p2a: Fefnir|Destiny Bond
|
|-weather|Snowscape|[upkeep]
|upkeep
|turn|6
|
|t:|1779965333
|move|p2a: Fefnir|Endure|p2a: Fefnir
|-singleturn|p2a: Fefnir|move: Endure
|move|p1a: Slowking|Thunder Wave|p2a: Fefnir
|-status|p2a: Fefnir|par
|
|-weather|Snowscape|[upkeep]
|upkeep
|turn|7
|
|t:|1779965341
|cant|p2a: Fefnir|par
|move|p1a: Slowking|Psychic Noise|p2a: Fefnir
|-resisted|p2a: Fefnir
|-damage|p2a: Fefnir|0 fnt
|faint|p2a: Fefnir
|
|-weather|none
|upkeep
|
|t:|1779965350
|switch|p2a: Zero|Ceruledge, M, shiny|100/100
|turn|8
|
|t:|1779965354
|move|p2a: Zero|Bitter Blade|p1a: Slowking
|-damage|p1a: Slowking|39/100
|-damage|p2a: Zero|91/100|[from] item: Life Orb
|move|p1a: Slowking|Thunder Wave|p2a: Zero
|-status|p2a: Zero|par
|
|upkeep
|turn|9
|
|t:|1779965363
|switch|p1a: Kyurem|Kyurem|100/100
|-ability|p1a: Kyurem|Pressure
|move|p2a: Zero|Swords Dance|p2a: Zero
|-boost|p2a: Zero|atk|2
|
|upkeep
|turn|10
|
|t:|1779965370
|move|p2a: Zero|Shadow Sneak|p1a: Kyurem
|-damage|p1a: Kyurem|54/100
|-damage|p2a: Zero|81/100 par|[from] item: Life Orb
|move|p1a: Kyurem|Earth Power|p2a: Zero
|-supereffective|p2a: Zero
|-damage|p2a: Zero|8/100 par
|
|upkeep
|turn|11
|
|t:|1779965379
|cant|p2a: Zero|par
|move|p1a: Kyurem|Earth Power|p2a: Zero
|-supereffective|p2a: Zero
|-damage|p2a: Zero|0 fnt
|faint|p2a: Zero
|
|upkeep
|
|t:|1779965389
|switch|p2a: Omega|Iron Valiant|100/100
|-enditem|p2a: Omega|Booster Energy
|-activate|p2a: Omega|ability: Quark Drive|[fromitem]
|-start|p2a: Omega|quarkdrivespe
|turn|12
|
|t:|1779965396
|switch|p1a: Slowking|Slowking-Galar, F|72/100
|move|p2a: Omega|Swords Dance|p2a: Omega
|-boost|p2a: Omega|atk|2
|
|upkeep
|turn|13
|
|t:|1779965402
|-terastallize|p1a: Slowking|Water
|move|p2a: Omega|Spirit Break|p1a: Slowking
|-damage|p1a: Slowking|0 fnt
|faint|p1a: Slowking
|
|upkeep
|
|t:|1779965409
|switch|p1a: Iron Valiant|Iron Valiant|100/100
|-enditem|p1a: Iron Valiant|Booster Energy
|-activate|p1a: Iron Valiant|ability: Quark Drive|[fromitem]
|-start|p1a: Iron Valiant|quarkdrivespe
|turn|14
|
|t:|1779965419
|-terastallize|p2a: Omega|Fairy
|move|p2a: Omega|Spirit Break|p1a: Iron Valiant
|-supereffective|p1a: Iron Valiant
|-damage|p1a: Iron Valiant|0 fnt
|faint|p1a: Iron Valiant
|-end|p1a: Iron Valiant|Quark Drive|[silent]
|
|upkeep
|
|t:|1779965424
|switch|p1a: Cinderace|Cinderace, M|100/100
|turn|15
|
|t:|1779965430
|move|p2a: Omega|Close Combat|p1a: Cinderace
|-damage|p1a: Cinderace|0 fnt
|-unboost|p2a: Omega|def|1
|-unboost|p2a: Omega|spd|1
|faint|p1a: Cinderace
|
|upkeep
|-message|choispecs ironmoth forfeited.
|
|win|newgaem
|raw|choispecs ironmoth's rating: 1432 &rarr; <strong>1410</strong><br />(-22 for losing)
|raw|newgaem's rating: 1394 &rarr; <strong>1416</strong><br />(+22 for winning)
|l|☆choispecs ironmoth
|player|p1|
