|j|☆sterster
|j|☆Thmpbck
|t:|1779862042
|gametype|singles
|player|p1|sterster|101|1407
|player|p2|Thmpbck|2|1340
|gen|9
|tier|[Gen 9] OU
|rated|
|rule|HP Percentage Mod: HP is shown in percentages
|rule|Endless Battle Clause: Forcing endless battles is banned
|rule|Species Clause: Limit one of each Pokémon
|rule|OHKO Clause: OHKO moves are banned
|rule|Evasion Items Clause: Evasion items are banned
|rule|Evasion Moves Clause: Evasion moves are banned
|rule|Evasion Abilities Clause: Evasion abilities are banned
|rule|Sleep Moves Clause: Sleep-inducing moves are banned
|clearpoke
|poke|p1|Pelipper, M|
|poke|p1|Kingdra, M|
|poke|p1|Barraskewda, F|
|poke|p1|Iron Treads|
|poke|p1|Zapdos|
|poke|p1|Keldeo|
|poke|p2|Tyranitar, F|
|poke|p2|Excadrill, M|
|poke|p2|Pecharunt|
|poke|p2|Ogerpon-Wellspring, F|
|poke|p2|Corviknight, M|
|poke|p2|Gliscor, F|
|teampreview
|
|t:|1779862049
|teamsize|p1|6
|teamsize|p2|6
|start
|switch|p1a: Pelipper|Pelipper, M|100/100
|switch|p2a: Tyranitar|Tyranitar, F|100/100
|-weather|Sandstorm|[from] ability: Sand Stream|[of] p2a: Tyranitar
|-weather|RainDance|[from] ability: Drizzle|[of] p1a: Pelipper
|turn|1
|
|t:|1779862065
|switch|p2a: Ogerpon|Ogerpon-Wellspring, F|100/100
|switch|p1a: Keldeo|Keldeo|100/100
|
|-weather|RainDance|[upkeep]
|upkeep
|turn|2
|
|t:|1779862073
|switch|p1a: Zapdos|Zapdos|100/100
|move|p2a: Ogerpon|Horn Leech|p1a: Zapdos
|-resisted|p1a: Zapdos
|-damage|p1a: Zapdos|73/100
|
|-weather|RainDance|[upkeep]
|upkeep
|turn|3
|
|t:|1779862087
|switch|p2a: Tyranitar|Tyranitar, F|100/100
|-weather|Sandstorm|[from] ability: Sand Stream|[of] p2a: Tyranitar
|move|p1a: Zapdos|Hurricane|p2a: Tyranitar
|-resisted|p2a: Tyranitar
|-damage|p2a: Tyranitar|83/100
|-start|p2a: Tyranitar|confusion
|
|-weather|Sandstorm|[upkeep]
|-damage|p1a: Zapdos|66/100|[from] Sandstorm
|upkeep
|turn|4
|
|t:|1779862096
|switch|p1a: Keldeo|Keldeo|100/100
|switch|p2a: Gliscor|Gliscor, F|100/100
|
|-weather|Sandstorm|[upkeep]
|-damage|p1a: Keldeo|94/100|[from] Sandstorm
|-status|p2a: Gliscor|tox|[from] item: Toxic Orb
|upkeep
|turn|5
|
|t:|1779862099
|switch|p2a: Ogerpon|Ogerpon-Wellspring, F|100/100
|move|p1a: Keldeo|Flip Turn|p2a: Ogerpon
|-immune|p2a: Ogerpon|[from] ability: Water Absorb
|
|-weather|Sandstorm|[upkeep]
|-damage|p2a: Ogerpon|95/100|[from] Sandstorm
|-damage|p1a: Keldeo|88/100|[from] Sandstorm
|upkeep
|turn|6
|
|t:|1779862105
|switch|p1a: Pelipper|Pelipper, M|100/100
|-weather|RainDance|[from] ability: Drizzle|[of] p1a: Pelipper
|move|p2a: Ogerpon|Horn Leech|p1a: Pelipper
|-damage|p1a: Pelipper|68/100
|-heal|p2a: Ogerpon|100/100|[from] drain|[of] p1a: Pelipper
|
|-weather|RainDance|[upkeep]
|upkeep
|turn|7
|
|t:|1779862108
|switch|p2a: Tyranitar|Tyranitar, F|83/100
|-weather|Sandstorm|[from] ability: Sand Stream|[of] p2a: Tyranitar
|move|p1a: Pelipper|U-turn|p2a: Tyranitar
|-supereffective|p2a: Tyranitar
|-damage|p2a: Tyranitar|66/100
|
|t:|1779862116
|switch|p1a: Barraskewda|Barraskewda, F|100/100|[from] U-turn
|
|-weather|Sandstorm|[upkeep]
|-damage|p1a: Barraskewda|94/100|[from] Sandstorm
|upkeep
|turn|8
|
|t:|1779862121
|switch|p2a: Corviknight|Corviknight, M|100/100
|-ability|p2a: Corviknight|Pressure
|move|p1a: Barraskewda|Focus Energy|p1a: Barraskewda
|-start|p1a: Barraskewda|move: Focus Energy
|
|-weather|Sandstorm|[upkeep]
|-damage|p1a: Barraskewda|88/100|[from] Sandstorm
|upkeep
|turn|9
|
|t:|1779862129
|move|p1a: Barraskewda|Liquidation|p2a: Corviknight
|-crit|p2a: Corviknight
|-damage|p2a: Corviknight|57/100
|-damage|p1a: Barraskewda|72/100|[from] item: Rocky Helmet|[of] p2a: Corviknight
|move|p2a: Corviknight|Body Press|p1a: Barraskewda
|-damage|p1a: Barraskewda|22/100
|
|-weather|Sandstorm|[upkeep]
|-damage|p1a: Barraskewda|16/100|[from] Sandstorm
|upkeep
|turn|10
|
|t:|1779862138
|switch|p1a: Pelipper|Pelipper, M|68/100
|-weather|RainDance|[from] ability: Drizzle|[of] p1a: Pelipper
|move|p2a: Corviknight|Roost|p2a: Corviknight
|-heal|p2a: Corviknight|100/100
|-singleturn|p2a: Corviknight|move: Roost
|
|-weather|RainDance|[upkeep]
|upkeep
|turn|11
|
|t:|1779862158
|switch|p2a: Tyranitar|Tyranitar, F|66/100
|-weather|Sandstorm|[from] ability: Sand Stream|[of] p2a: Tyranitar
|move|p1a: Pelipper|U-turn|p2a: Tyranitar
|-supereffective|p2a: Tyranitar
|-damage|p2a: Tyranitar|47/100
|
|t:|1779862160
|switch|p1a: Iron Treads|Iron Treads|100/100|[from] U-turn
|-enditem|p1a: Iron Treads|Booster Energy
|-activate|p1a: Iron Treads|ability: Quark Drive|[fromitem]
|-start|p1a: Iron Treads|quarkdrivespe
|
|-weather|Sandstorm|[upkeep]
|upkeep
|turn|12
|
|t:|1779862174
|switch|p2a: Gliscor|Gliscor, F|100/100 tox
|move|p1a: Iron Treads|Stealth Rock|p2a: Gliscor
|-sidestart|p2: Thmpbck|move: Stealth Rock
|
|-weather|Sandstorm|[upkeep]
|upkeep
|turn|13
|
|t:|1779862188
|-end|p1a: Iron Treads|Quark Drive|[silent]
|switch|p1a: Pelipper|Pelipper, M|68/100
|-weather|RainDance|[from] ability: Drizzle|[of] p1a: Pelipper
|move|p2a: Gliscor|Knock Off|p1a: Pelipper
|-damage|p1a: Pelipper|52/100
|-enditem|p1a: Pelipper|Damp Rock|[from] move: Knock Off|[of] p2a: Gliscor
|
|-weather|RainDance|[upkeep]
|upkeep
|turn|14
|
|t:|1779862203
|move|p2a: Gliscor|Protect|p2a: Gliscor
|-singleturn|p2a: Gliscor|Protect
|move|p1a: Pelipper|U-turn|p2a: Gliscor
|-activate|p2a: Gliscor|move: Protect
|
|-weather|RainDance|[upkeep]
|upkeep
|turn|15
|
|t:|1779862216
|switch|p2a: Pecharunt|Pecharunt|100/100
|-damage|p2a: Pecharunt|88/100|[from] Stealth Rock
|move|p1a: Pelipper|U-turn|p2a: Pecharunt
|-resisted|p2a: Pecharunt
|-damage|p2a: Pecharunt|87/100
|
|t:|1779862224
|switch|p1a: Kingdra|Kingdra, M|100/100|[from] U-turn
|
|-weather|RainDance|[upkeep]
|-heal|p2a: Pecharunt|93/100|[from] item: Leftovers
|upkeep
|turn|16
|
|t:|1779862233
|move|p1a: Kingdra|Focus Energy|p1a: Kingdra
|-start|p1a: Kingdra|move: Focus Energy
|move|p2a: Pecharunt|Malignant Chain|p1a: Kingdra
|-crit|p1a: Kingdra
|-damage|p1a: Kingdra|16/100
|
|-weather|RainDance|[upkeep]
|-heal|p2a: Pecharunt|99/100|[from] item: Leftovers
|upkeep
|turn|17
|
|t:|1779862244
|move|p1a: Kingdra|Weather Ball|p2a: Pecharunt
|-crit|p2a: Pecharunt
|-damage|p2a: Pecharunt|2/100
|move|p2a: Pecharunt|Parting Shot|p1a: Kingdra
|-unboost|p1a: Kingdra|atk|1
|-unboost|p1a: Kingdra|spa|1
|
|t:|1779862261
|switch|p2a: Ogerpon|Ogerpon-Wellspring, F|100/100|[from] Parting Shot
|-damage|p2a: Ogerpon|88/100|[from] Stealth Rock
|
|-weather|RainDance|[upkeep]
|upkeep
|turn|18
|
|t:|1779862268
|move|p1a: Kingdra|Hurricane|p2a: Ogerpon
|-supereffective|p2a: Ogerpon
|-crit|p2a: Ogerpon
|-damage|p2a: Ogerpon|0 fnt
|faint|p2a: Ogerpon
|
|-weather|RainDance|[upkeep]
|upkeep
|
|t:|1779862270
|switch|p2a: Tyranitar|Tyranitar, F|47/100
|-damage|p2a: Tyranitar|35/100|[from] Stealth Rock
|-weather|Sandstorm|[from] ability: Sand Stream|[of] p2a: Tyranitar
|turn|19
|
|t:|1779862280
|switch|p1a: Keldeo|Keldeo|88/100
|move|p2a: Tyranitar|Dragon Dance|p2a: Tyranitar
|-boost|p2a: Tyranitar|atk|1
|-boost|p2a: Tyranitar|spe|1
|
|-weather|Sandstorm|[upkeep]
|-damage|p1a: Keldeo|82/100|[from] Sandstorm
|upkeep
|turn|20
|l|☆Thmpbck
|player|p2|
|inactive|Battle timer is ON: inactive players will automatically lose when time's up. (requested by sterster)
|inactive|Thmpbck has 30 seconds to reconnect!
|inactive|Thmpbck has 20 seconds to reconnect!
|inactive|Thmpbck has 15 seconds to reconnect!
|inactive|Thmpbck has 10 seconds to reconnect!
|inactive|Thmpbck has 5 seconds to reconnect!
|-message|Thmpbck lost due to inactivity.
|
|win|sterster
|raw|sterster's rating: 1407 &rarr; <strong>1422</strong><br />(+15 for winning)
|raw|Thmpbck's rating: 1324 &rarr; <strong>1309</strong><br />(-15 for losing)
|l|☆sterster
|player|p1|
