|j|☆321Godspeed
|j|☆blueThe12thman
|t:|1779829570
|gametype|singles
|player|p1|321Godspeed|2|1391
|player|p2|blueThe12thman|silver|1362
|gen|9
|tier|[Gen 9] OU
|rated|
|rule|HP Percentage Mod: HP is shown in percentages
|rule|Endless Battle Clause: Forcing endless battles is banned
|rule|Species Clause: Limit one of each Pokémon
|rule|OHKO Clause: OHKO moves are banned
|rule|Evasion Items Clause: Evasion items are banned
|rule|Evasion Moves Clause: Evasion moves are banned
|rule|Evasion Abilities Clause: Evasion abilities are banned
|rule|Sleep Moves Clause: Sleep-inducing moves are banned
|clearpoke
|poke|p1|Kingambit, M|
|poke|p1|Darkrai|
|poke|p1|Gholdengo|
|poke|p1|Samurott-Hisui, F|
|poke|p1|Dragapult, M|
|poke|p1|Iron Valiant|
|poke|p2|Tyranitar, M|
|poke|p2|Skarmory, F|
|poke|p2|Scizor, F|
|poke|p2|Slowking, F|
|poke|p2|Gliscor, M|
|poke|p2|Espeon, M|
|teampreview
|c|☆blueThe12thman|hf
|inactive|Battle timer is ON: inactive players will automatically lose when time's up. (requested by blueThe12thman)
|
|t:|1779829585
|teamsize|p1|6
|teamsize|p2|6
|start
|switch|p1a: spike|Samurott-Hisui, F|100/100
|switch|p2a: Skarmory|Skarmory, F|100/100
|turn|1
|
|t:|1779829596
|move|p1a: spike|Ceaseless Edge|p2a: Skarmory
|-damage|p2a: Skarmory|76/100
|-damage|p1a: spike|84/100|[from] item: Rocky Helmet|[of] p2a: Skarmory
|-sidestart|p2: blueThe12thman|Spikes
|move|p2a: Skarmory|Body Press|p1a: spike
|-supereffective|p1a: spike
|-damage|p1a: spike|6/100
|
|upkeep
|turn|2
|
|t:|1779829606
|switch|p1a: no defog|Gholdengo|100/100
|move|p2a: Skarmory|Spikes|p1a: no defog
|-sidestart|p1: 321Godspeed|Spikes
|
|upkeep
|turn|3
|
|t:|1779829616
|switch|p2a: Tyranitar|Tyranitar, M|100/100
|-damage|p2a: Tyranitar|88/100|[from] Spikes
|-weather|Sandstorm|[from] ability: Sand Stream|[of] p2a: Tyranitar
|move|p1a: no defog|Trick|p2a: Tyranitar
|-activate|p1a: no defog|move: Trick|[of] p2a: Tyranitar
|-item|p2a: Tyranitar|Choice Specs|[from] move: Trick
|-item|p1a: no defog|Choice Band|[from] move: Trick
|
|-weather|Sandstorm|[upkeep]
|upkeep
|turn|4
|
|t:|1779829636
|move|p1a: no defog|Make It Rain|p2a: Tyranitar
|-supereffective|p2a: Tyranitar
|-damage|p2a: Tyranitar|14/100
|-unboost|p1a: no defog|spa|1
|move|p2a: Tyranitar|Stone Edge|p1a: no defog
|-resisted|p1a: no defog
|-damage|p1a: no defog|71/100
|
|-weather|Sandstorm|[upkeep]
|upkeep
|turn|5
|
|t:|1779829644
|switch|p2a: Slowking|Slowking, F|100/100
|move|p1a: no defog|Make It Rain|p2a: Slowking
|-resisted|p2a: Slowking
|-damage|p2a: Slowking|87/100
|-unboost|p1a: no defog|spa|1
|
|-weather|Sandstorm|[upkeep]
|-damage|p2a: Slowking|81/100|[from] Sandstorm
|upkeep
|turn|6
|
|t:|1779829656
|switch|p1a: spike|Samurott-Hisui, F|6/100
|-damage|p1a: spike|0 fnt|[from] Spikes
|faint|p1a: spike
|move|p2a: Slowking|Future Sight|p1: spike
|-start|p2a: Slowking|move: Future Sight
|
|-weather|Sandstorm|[upkeep]
|-damage|p2a: Slowking|75/100|[from] Sandstorm
|upkeep
|
|t:|1779829664
|switch|p1a: Ban this mf|Darkrai|100/100
|-damage|p1a: Ban this mf|88/100|[from] Spikes
|turn|7
|
|t:|1779829676
|move|p1a: Ban this mf|Nasty Plot|p1a: Ban this mf
|-boost|p1a: Ban this mf|spa|2
|move|p2a: Slowking|Thunder Wave|p1a: Ban this mf
|-status|p1a: Ban this mf|par
|
|-weather|none
|upkeep
|turn|8
|inactive|321Godspeed has 120 seconds left.
|
|t:|1779829731
|switch|p2a: Tyranitar|Tyranitar, M|14/100
|-damage|p2a: Tyranitar|1/100|[from] Spikes
|-weather|Sandstorm|[from] ability: Sand Stream|[of] p2a: Tyranitar
|move|p1a: Ban this mf|Dark Pulse|p2a: Tyranitar
|-resisted|p2a: Tyranitar
|-damage|p2a: Tyranitar|0 fnt
|faint|p2a: Tyranitar
|
|-weather|Sandstorm|[upkeep]
|-damage|p1a: Ban this mf|82/100 par|[from] Sandstorm
|-end|p1a: Ban this mf|move: Future Sight
|-immune|p1a: Ban this mf
|upkeep
|
|t:|1779829738
|switch|p2a: Espeon|Espeon, M|100/100
|-damage|p2a: Espeon|88/100|[from] Spikes
|turn|9
|
|t:|1779829745
|move|p2a: Espeon|Light Screen|p2a: Espeon
|-sidestart|p2: blueThe12thman|move: Light Screen
|move|p1a: Ban this mf|Dark Pulse|p2a: Espeon
|-supereffective|p2a: Espeon
|-damage|p2a: Espeon|0 fnt
|faint|p2a: Espeon
|
|-weather|Sandstorm|[upkeep]
|-damage|p1a: Ban this mf|76/100 par|[from] Sandstorm
|upkeep
|
|t:|1779829760
|switch|p2a: Skarmory|Skarmory, F|76/100
|turn|10
|
|t:|1779829769
|move|p1a: Ban this mf|Dark Pulse|p2a: Skarmory
|-damage|p2a: Skarmory|11/100
|move|p2a: Skarmory|Roost|p2a: Skarmory
|-heal|p2a: Skarmory|61/100
|-singleturn|p2a: Skarmory|move: Roost
|
|-weather|Sandstorm|[upkeep]
|-damage|p1a: Ban this mf|70/100 par|[from] Sandstorm
|upkeep
|turn|11
|
|t:|1779829779
|move|p1a: Ban this mf|Dark Pulse|p2a: Skarmory
|-damage|p2a: Skarmory|0 fnt
|faint|p2a: Skarmory
|
|-weather|Sandstorm|[upkeep]
|-damage|p1a: Ban this mf|64/100 par|[from] Sandstorm
|upkeep
|
|t:|1779829782
|switch|p2a: Scizor|Scizor, F|100/100
|-damage|p2a: Scizor|88/100|[from] Spikes
|turn|12
|inactive|321Godspeed has 120 seconds left.
|
|t:|1779829842
|move|p2a: Scizor|Bullet Punch|p1a: Ban this mf
|-damage|p1a: Ban this mf|7/100 par
|-damage|p2a: Scizor|78/100|[from] item: Life Orb
|cant|p1a: Ban this mf|par
|
|-weather|none
|upkeep
|turn|13
|inactive|blueThe12thman has 120 seconds left.
|
|t:|1779829875
|move|p2a: Scizor|Bullet Punch|p1a: Ban this mf
|-damage|p1a: Ban this mf|0 fnt
|faint|p1a: Ban this mf
|-damage|p2a: Scizor|68/100|[from] item: Life Orb
|
|upkeep
|
|t:|1779829894
|switch|p1a: Im in your head|Kingambit, M|100/100
|-damage|p1a: Im in your head|88/100|[from] Spikes
|-activate|p1a: Im in your head|ability: Supreme Overlord
|-start|p1a: Im in your head|fallen2|[silent]
|turn|14
|
|t:|1779829906
|move|p2a: Scizor|Close Combat|p1a: Im in your head
|-supereffective|p1a: Im in your head
|-damage|p1a: Im in your head|0 fnt
|-unboost|p2a: Scizor|def|1
|-unboost|p2a: Scizor|spd|1
|faint|p1a: Im in your head
|-end|p1a: Im in your head|fallen2|[silent]
|-damage|p2a: Scizor|58/100|[from] item: Life Orb
|
|upkeep
|
|t:|1779829912
|switch|p1a: no defog|Gholdengo|71/100
|-damage|p1a: no defog|58/100|[from] Spikes
|turn|15
|
|t:|1779829928
|move|p1a: no defog|Shadow Ball|p2a: Scizor
|-damage|p2a: Scizor|16/100
|move|p2a: Scizor|Knock Off|p1a: no defog
|-supereffective|p1a: no defog
|-damage|p1a: no defog|0 fnt
|-enditem|p1a: no defog|Choice Band|[from] move: Knock Off|[of] p2a: Scizor
|faint|p1a: no defog
|-damage|p2a: Scizor|6/100|[from] item: Life Orb
|
|upkeep
|
|t:|1779829947
|switch|p1a: Iron Valiant|Iron Valiant|100/100
|-damage|p1a: Iron Valiant|88/100|[from] Spikes
|-enditem|p1a: Iron Valiant|Booster Energy
|-activate|p1a: Iron Valiant|ability: Quark Drive|[fromitem]
|-start|p1a: Iron Valiant|quarkdrivespe
|turn|16
|
|t:|1779829957
|-terastallize|p1a: Iron Valiant|Ghost
|move|p2a: Scizor|Bullet Punch|p1a: Iron Valiant
|-damage|p1a: Iron Valiant|32/100
|-damage|p2a: Scizor|0 fnt|[from] item: Life Orb
|faint|p2a: Scizor
|move|p1a: Iron Valiant|Knock Off|p2: Scizor|[notarget]
|-fail|p1a: Iron Valiant
|
|-sideend|p2: blueThe12thman|move: Light Screen
|upkeep
|
|t:|1779829968
|switch|p2a: Gliscor|Gliscor, M|100/100
|turn|17
|
|t:|1779829974
|move|p2a: Gliscor|Protect|p2a: Gliscor
|-singleturn|p2a: Gliscor|Protect
|move|p1a: Iron Valiant|Knock Off|p2a: Gliscor
|-activate|p2a: Gliscor|move: Protect
|
|-status|p2a: Gliscor|tox|[from] item: Toxic Orb
|upkeep
|turn|18
|inactive|321Godspeed has 120 seconds left.
|
|t:|1779829992
|move|p1a: Iron Valiant|Knock Off|p2a: Gliscor
|-damage|p2a: Gliscor|79/100 tox
|-enditem|p2a: Gliscor|Toxic Orb|[from] move: Knock Off|[of] p1a: Iron Valiant
|move|p2a: Gliscor|Toxic|p1a: Iron Valiant
|-status|p1a: Iron Valiant|tox
|
|-damage|p1a: Iron Valiant|26/100 tox|[from] psn
|-heal|p2a: Gliscor|92/100 tox|[from] ability: Poison Heal
|upkeep
|turn|19
|
|t:|1779830001
|move|p1a: Iron Valiant|Swords Dance|p1a: Iron Valiant
|-boost|p1a: Iron Valiant|atk|2
|move|p2a: Gliscor|Stealth Rock|p1a: Iron Valiant
|-sidestart|p1: 321Godspeed|move: Stealth Rock
|
|-damage|p1a: Iron Valiant|14/100 tox|[from] psn
|-heal|p2a: Gliscor|100/100 tox|[from] ability: Poison Heal
|upkeep
|turn|20
|
|t:|1779830009
|move|p2a: Gliscor|Protect|p2a: Gliscor
|-singleturn|p2a: Gliscor|Protect
|move|p1a: Iron Valiant|Spirit Break|p2a: Gliscor
|-activate|p2a: Gliscor|move: Protect
|
|-damage|p1a: Iron Valiant|0 fnt|[from] psn
|faint|p1a: Iron Valiant
|-end|p1a: Iron Valiant|Quark Drive|[silent]
|upkeep
|
|t:|1779830011
|switch|p1a: Dragapult|Dragapult, M|100/100
|turn|21
|
|t:|1779830021
|move|p1a: Dragapult|Hex|p2a: Gliscor
|-damage|p2a: Gliscor|30/100 tox
|move|p2a: Gliscor|Toxic|p1a: Dragapult
|-status|p1a: Dragapult|tox
|
|-damage|p1a: Dragapult|95/100 tox|[from] psn
|-heal|p2a: Gliscor|43/100 tox|[from] ability: Poison Heal
|upkeep
|turn|22
|
|t:|1779830029
|move|p2a: Gliscor|Protect|p2a: Gliscor
|-singleturn|p2a: Gliscor|Protect
|move|p1a: Dragapult|Hex|p2a: Gliscor
|-activate|p2a: Gliscor|move: Protect
|
|-damage|p1a: Dragapult|83/100 tox|[from] psn
|-heal|p2a: Gliscor|55/100 tox|[from] ability: Poison Heal
|upkeep
|turn|23
|
|t:|1779830040
|switch|p2a: Slowking|Slowking, F|100/100
|move|p1a: Dragapult|Hex|p2a: Slowking
|-supereffective|p2a: Slowking
|-crit|p2a: Slowking
|-damage|p2a: Slowking|53/100
|
|-damage|p1a: Dragapult|65/100 tox|[from] psn
|upkeep
|turn|24
|
|t:|1779830068
|switch|p2a: Gliscor|Gliscor, M|55/100 tox
|move|p1a: Dragapult|Thunder Wave|p2a: Gliscor
|-immune|p2a: Gliscor
|
|-damage|p1a: Dragapult|41/100 tox|[from] psn
|-heal|p2a: Gliscor|68/100 tox|[from] ability: Poison Heal
|upkeep
|turn|25
|
|t:|1779830078
|move|p2a: Gliscor|Protect|p2a: Gliscor
|-singleturn|p2a: Gliscor|Protect
|move|p1a: Dragapult|Hex|p2a: Gliscor
|-activate|p2a: Gliscor|move: Protect
|
|-damage|p1a: Dragapult|11/100 tox|[from] psn
|-heal|p2a: Gliscor|80/100 tox|[from] ability: Poison Heal
|upkeep
|turn|26
|-message|321Godspeed forfeited.
|
|win|blueThe12thman
|raw|321Godspeed's rating: 1391 &rarr; <strong>1369</strong><br />(-22 for losing)
|raw|blueThe12thman's rating: 1362 &rarr; <strong>1384</strong><br />(+22 for winning)
|l|☆321Godspeed
|player|p1|
|c|☆blueThe12thman|gg
