|j|☆leader alastor
|j|☆Ramdilidamdam
|t:|1779886373
|gametype|singles
|player|p1|leader alastor|blue|1438
|player|p2|Ramdilidamdam|nate|1435
|gen|9
|tier|[Gen 9] OU
|rated|
|rule|HP Percentage Mod: HP is shown in percentages
|rule|Endless Battle Clause: Forcing endless battles is banned
|rule|Species Clause: Limit one of each Pokémon
|rule|OHKO Clause: OHKO moves are banned
|rule|Evasion Items Clause: Evasion items are banned
|rule|Evasion Moves Clause: Evasion moves are banned
|rule|Evasion Abilities Clause: Evasion abilities are banned
|rule|Sleep Moves Clause: Sleep-inducing moves are banned
|clearpoke
|poke|p1|Iron Valiant|
|poke|p1|Ceruledge, F|
|poke|p1|Cloyster, M|
|poke|p1|Lilligant, F|
|poke|p1|Malamar, F|
|poke|p1|Noivern, F|
|poke|p2|Gholdengo|
|poke|p2|Iron Valiant|
|poke|p2|Raging Bolt|
|poke|p2|Kingambit, F|
|poke|p2|Great Tusk|
|poke|p2|Deoxys-Speed|
|teampreview
|
|t:|1779886384
|teamsize|p1|6
|teamsize|p2|6
|start
|switch|p1a: Trident|Cloyster, M|100/100
|switch|p2a: Deoxys|Deoxys-Speed|100/100
|-ability|p2a: Deoxys|Pressure
|turn|1
|inactive|Battle timer is ON: inactive players will automatically lose when time's up. (requested by leader alastor)
|
|t:|1779886392
|move|p2a: Deoxys|Taunt|p1a: Trident
|-start|p1a: Trident|move: Taunt
|move|p1a: Trident|Icicle Spear|p2a: Deoxys
|-damage|p2a: Deoxys|87/100
|-damage|p2a: Deoxys|71/100
|-crit|p2a: Deoxys
|-damage|p2a: Deoxys|47/100
|-damage|p2a: Deoxys|33/100
|-damage|p2a: Deoxys|18/100
|-hitcount|p2a: Deoxys|5
|
|upkeep
|turn|2
|
|t:|1779886405
|move|p2a: Deoxys|Stealth Rock|p1a: Trident
|-sidestart|p1: leader alastor|move: Stealth Rock
|move|p1a: Trident|Icicle Spear|p2a: Deoxys
|-damage|p2a: Deoxys|2/100
|-damage|p2a: Deoxys|0 fnt
|faint|p2a: Deoxys
|-hitcount|p2: Deoxys|2
|
|upkeep
|
|t:|1779886413
|switch|p2a: Gholdengo|Gholdengo|100/100
|turn|3
|
|t:|1779886418
|move|p2a: Gholdengo|Thunderbolt|p1a: Trident
|-supereffective|p1a: Trident
|-enditem|p1a: Trident|Focus Sash
|-damage|p1a: Trident|1/100
|-status|p1a: Trident|par
|cant|p1a: Trident|par
|
|-end|p1a: Trident|move: Taunt
|upkeep
|turn|4
|
|t:|1779886428
|move|p2a: Gholdengo|Thunderbolt|p1a: Trident
|-supereffective|p1a: Trident
|-damage|p1a: Trident|0 fnt
|faint|p1a: Trident
|
|upkeep
|
|t:|1779886431
|switch|p1a: Gladius|Lilligant, F|100/100
|-damage|p1a: Gladius|88/100|[from] Stealth Rock
|turn|5
|
|t:|1779886441
|switch|p2a: Raging Bolt|Raging Bolt|100/100
|-enditem|p2a: Raging Bolt|Booster Energy
|-activate|p2a: Raging Bolt|ability: Protosynthesis|[fromitem]
|-start|p2a: Raging Bolt|protosynthesisspa
|-terastallize|p1a: Gladius|Electric
|move|p1a: Gladius|Quiver Dance|p1a: Gladius
|-boost|p1a: Gladius|spa|1
|-boost|p1a: Gladius|spd|1
|-boost|p1a: Gladius|spe|1
|
|upkeep
|turn|6
|
|t:|1779886457
|move|p1a: Gladius|Leech Seed|p2a: Raging Bolt
|-start|p2a: Raging Bolt|move: Leech Seed
|move|p2a: Raging Bolt|Dragon Pulse|p1a: Gladius
|-damage|p1a: Gladius|16/100
|
|-damage|p2a: Raging Bolt|88/100|[from] Leech Seed|[of] p1a: Gladius
|-heal|p1a: Gladius|33/100|[silent]
|upkeep
|turn|7
|
|t:|1779886465
|-end|p2a: Raging Bolt|Protosynthesis|[silent]
|switch|p2a: Gholdengo|Gholdengo|100/100
|move|p1a: Gladius|Giga Drain|p2a: Gholdengo
|-resisted|p2a: Gholdengo
|-damage|p2a: Gholdengo|65/100
|-heal|p1a: Gladius|53/100|[from] drain|[of] p2a: Gholdengo
|
|upkeep
|turn|8
|
|t:|1779886477
|move|p2a: Gholdengo|Shadow Ball|p1a: Gladius
|-damage|p1a: Gladius|8/100
|move|p1a: Gladius|Quiver Dance|p1a: Gladius
|-boost|p1a: Gladius|spa|1
|-boost|p1a: Gladius|spd|1
|-boost|p1a: Gladius|spe|1
|
|upkeep
|turn|9
|
|t:|1779886485
|move|p1a: Gladius|Giga Drain|p2a: Gholdengo
|-resisted|p2a: Gholdengo
|-damage|p2a: Gholdengo|21/100
|-heal|p1a: Gladius|33/100|[from] drain|[of] p2a: Gholdengo
|move|p2a: Gholdengo|Shadow Ball|p1a: Gladius
|-damage|p1a: Gladius|0 fnt
|faint|p1a: Gladius
|
|upkeep
|
|t:|1779886494
|switch|p1a: Flamberge|Ceruledge, F|100/100
|-damage|p1a: Flamberge|76/100|[from] Stealth Rock
|turn|10
|
|t:|1779886501
|move|p1a: Flamberge|Shadow Sneak|p2a: Gholdengo
|-supereffective|p2a: Gholdengo
|-damage|p2a: Gholdengo|0 fnt
|faint|p2a: Gholdengo
|
|upkeep
|
|t:|1779886516
|switch|p2a: Great Tusk|Great Tusk|100/100
|-enditem|p2a: Great Tusk|Booster Energy
|-activate|p2a: Great Tusk|ability: Protosynthesis|[fromitem]
|-start|p2a: Great Tusk|protosynthesisatk
|turn|11
|
|t:|1779886526
|move|p1a: Flamberge|Shadow Sneak|p2a: Great Tusk
|-damage|p2a: Great Tusk|86/100
|move|p2a: Great Tusk|Bulk Up|p2a: Great Tusk
|-boost|p2a: Great Tusk|atk|1
|-boost|p2a: Great Tusk|def|1
|
|upkeep
|turn|12
|
|t:|1779886534
|move|p2a: Great Tusk|Bulk Up|p2a: Great Tusk
|-boost|p2a: Great Tusk|atk|1
|-boost|p2a: Great Tusk|def|1
|move|p1a: Flamberge|Bitter Blade|p2a: Great Tusk
|-damage|p2a: Great Tusk|70/100
|-heal|p1a: Flamberge|87/100|[from] drain|[of] p2a: Great Tusk
|
|upkeep
|turn|13
|
|t:|1779886549
|move|p2a: Great Tusk|Headlong Rush|p1a: Flamberge
|-supereffective|p1a: Flamberge
|-damage|p1a: Flamberge|0 fnt
|-unboost|p2a: Great Tusk|def|1
|-unboost|p2a: Great Tusk|spd|1
|faint|p1a: Flamberge
|
|upkeep
|
|t:|1779886551
|switch|p1a: Halberd|Malamar, F|100/100
|-damage|p1a: Halberd|88/100|[from] Stealth Rock
|turn|14
|
|t:|1779886563
|move|p2a: Great Tusk|Headlong Rush|p1a: Halberd
|-damage|p1a: Halberd|0 fnt
|-unboost|p2a: Great Tusk|def|1
|-unboost|p2a: Great Tusk|spd|1
|faint|p1a: Halberd
|
|upkeep
|
|t:|1779886568
|switch|p1a: Shamshir|Noivern, F|100/100
|-damage|p1a: Shamshir|76/100|[from] Stealth Rock
|turn|15
|
|t:|1779886572
|move|p1a: Shamshir|Air Slash|p2a: Great Tusk
|-supereffective|p2a: Great Tusk
|-damage|p2a: Great Tusk|0 fnt
|faint|p2a: Great Tusk
|-end|p2a: Great Tusk|Protosynthesis|[silent]
|
|upkeep
|
|t:|1779886578
|switch|p2a: Iron Valiant|Iron Valiant|100/100
|-enditem|p2a: Iron Valiant|Booster Energy
|-activate|p2a: Iron Valiant|ability: Quark Drive|[fromitem]
|-start|p2a: Iron Valiant|quarkdrivespa
|turn|16
|inactive|Ramdilidamdam has 120 seconds left.
|
|t:|1779886622
|-end|p2a: Iron Valiant|Quark Drive|[silent]
|switch|p2a: Raging Bolt|Raging Bolt|88/100
|move|p1a: Shamshir|Air Slash|p2a: Raging Bolt
|-resisted|p2a: Raging Bolt
|-damage|p2a: Raging Bolt|74/100
|
|upkeep
|turn|17
|
|t:|1779886633
|move|p2a: Raging Bolt|Thunderclap||[still]
|-fail|p2a: Raging Bolt
|move|p1a: Shamshir|Defog|p2a: Raging Bolt
|-unboost|p2a: Raging Bolt|evasion|1
|-sideend|p1: leader alastor|Stealth Rock|[from] move: Defog|[of] p1a: Shamshir
|
|upkeep
|turn|18
|inactive|Ramdilidamdam has 120 seconds left.
|
|t:|1779886644
|move|p2a: Raging Bolt|Thunderclap|p1a: Shamshir
|-damage|p1a: Shamshir|23/100
|move|p1a: Shamshir|Boomburst|p2a: Raging Bolt
|-damage|p2a: Raging Bolt|37/100
|-enditem|p1a: Shamshir|Throat Spray
|-boost|p1a: Shamshir|spa|1|[from] item: Throat Spray
|
|upkeep
|turn|19
|inactive|Ramdilidamdam has 120 seconds left.
|
|t:|1779886652
|move|p2a: Raging Bolt|Thunderclap||[still]
|-fail|p2a: Raging Bolt
|move|p1a: Shamshir|Defog|p2a: Raging Bolt
|-unboost|p2a: Raging Bolt|evasion|1
|
|upkeep
|turn|20
|
|t:|1779886658
|move|p2a: Raging Bolt|Thunderclap||[still]
|-fail|p2a: Raging Bolt
|move|p1a: Shamshir|Defog|p2a: Raging Bolt
|-unboost|p2a: Raging Bolt|evasion|1
|
|upkeep
|turn|21
|
|t:|1779886664
|move|p2a: Raging Bolt|Thunderclap|p1a: Shamshir
|-damage|p1a: Shamshir|0 fnt
|faint|p1a: Shamshir
|
|upkeep
|
|t:|1779886666
|switch|p1a: Glaive|Iron Valiant|100/100
|-enditem|p1a: Glaive|Booster Energy
|-activate|p1a: Glaive|ability: Quark Drive|[fromitem]
|-start|p1a: Glaive|quarkdrivespe
|turn|22
|
|t:|1779886678
|move|p1a: Glaive|Spirit Break|p2a: Raging Bolt
|-supereffective|p2a: Raging Bolt
|-damage|p2a: Raging Bolt|0 fnt
|faint|p2a: Raging Bolt
|-end|p2a: Raging Bolt|Protosynthesis|[silent]
|
|upkeep
|
|t:|1779886684
|switch|p2a: Kingambit|Kingambit, F|100/100
|-activate|p2a: Kingambit|ability: Supreme Overlord
|-start|p2a: Kingambit|fallen4|[silent]
|-item|p2a: Kingambit|Air Balloon
|turn|23
|
|t:|1779886690
|-terastallize|p2a: Kingambit|Ghost
|move|p1a: Glaive|Drain Punch|p2a: Kingambit
|-immune|p2a: Kingambit
|move|p2a: Kingambit|Iron Head|p1a: Glaive
|-supereffective|p1a: Glaive
|-damage|p1a: Glaive|0 fnt
|faint|p1a: Glaive
|-end|p1a: Glaive|Quark Drive|[silent]
|
|win|Ramdilidamdam
|raw|leader alastor's rating: 1438 &rarr; <strong>1418</strong><br />(-20 for losing)
|raw|Ramdilidamdam's rating: 1435 &rarr; <strong>1455</strong><br />(+20 for winning)
|l|☆leader alastor
|player|p1|
