|j|☆o pagao
|j|☆Vico2505
|t:|1779921135
|gametype|singles
|player|p1|o pagao|170|1134
|player|p2|Vico2505|steven|1158
|gen|9
|tier|[Gen 9] OU
|rated|
|rule|HP Percentage Mod: HP is shown in percentages
|rule|Endless Battle Clause: Forcing endless battles is banned
|rule|Species Clause: Limit one of each Pokémon
|rule|OHKO Clause: OHKO moves are banned
|rule|Evasion Items Clause: Evasion items are banned
|rule|Evasion Moves Clause: Evasion moves are banned
|rule|Evasion Abilities Clause: Evasion abilities are banned
|rule|Sleep Moves Clause: Sleep-inducing moves are banned
|clearpoke
|poke|p1|Venusaur, M|
|poke|p1|Muk, F|
|poke|p1|Scizor, F|
|poke|p1|Darkrai|
|poke|p1|Gliscor, M|
|poke|p1|Dragonite, M|
|poke|p2|Gastrodon, F|
|poke|p2|Chandelure, F|
|poke|p2|Goodra, F|
|poke|p2|Scizor, M|
|poke|p2|Iron Valiant|
|poke|p2|Gliscor, M|
|teampreview
|inactive|Battle timer is ON: inactive players will automatically lose when time's up. (requested by Vico2505)
|
|t:|1779921153
|teamsize|p1|6
|teamsize|p2|6
|start
|switch|p1a: Venusaur|Venusaur, M|100/100
|switch|p2a: Goodra|Goodra, F|100/100
|turn|1
|
|t:|1779921171
|move|p2a: Goodra|Fire Blast|p1a: Venusaur
|-supereffective|p1a: Venusaur
|-damage|p1a: Venusaur|43/100
|move|p1a: Venusaur|Leech Seed|p2a: Goodra
|-ability|p2a: Goodra|Sap Sipper|boost
|-boost|p2a: Goodra|atk|1
|
|-heal|p1a: Venusaur|49/100|[from] item: Leftovers
|upkeep
|turn|2
|inactive|o pagao has 120 seconds left.
|
|t:|1779921198
|switch|p1a: Gliscor|Gliscor, M|100/100
|move|p2a: Goodra|Ice Beam|p1a: Gliscor
|-supereffective|p1a: Gliscor
|-damage|p1a: Gliscor|0 fnt
|faint|p1a: Gliscor
|
|upkeep
|inactive|o pagao has 120 seconds left.
|
|t:|1779921210
|switch|p1a: Dragonite|Dragonite, M|100/100
|turn|3
|inactive|o pagao has 120 seconds left.
|
|t:|1779921229
|move|p1a: Dragonite|Draco Meteor|p2a: Goodra
|-supereffective|p2a: Goodra
|-damage|p2a: Goodra|68/100
|-unboost|p1a: Dragonite|spa|2
|move|p2a: Goodra|Draco Meteor|p1a: Dragonite
|-supereffective|p1a: Dragonite
|-damage|p1a: Dragonite|35/100
|-unboost|p2a: Goodra|spa|2
|-enditem|p1a: Dragonite|Weakness Policy
|-boost|p1a: Dragonite|atk|2|[from] item: Weakness Policy
|-boost|p1a: Dragonite|spa|2|[from] item: Weakness Policy
|
|upkeep
|turn|4
|inactive|o pagao has 90 seconds left.
|
|t:|1779921260
|move|p1a: Dragonite|Extreme Speed|p2a: Goodra
|-damage|p2a: Goodra|0 fnt
|faint|p2a: Goodra
|
|upkeep
|
|t:|1779921266
|switch|p2a: Scizor|Scizor, M|100/100
|turn|5
|
|t:|1779921271
|-terastallize|p2a: Scizor|Steel
|move|p1a: Dragonite|Extreme Speed|p2a: Scizor
|-resisted|p2a: Scizor
|-damage|p2a: Scizor|69/100
|move|p2a: Scizor|Bullet Punch|p1a: Dragonite
|-damage|p1a: Dragonite|0 fnt
|faint|p1a: Dragonite
|
|upkeep
|inactive|o pagao has 90 seconds left.
|
|t:|1779921313
|switch|p1a: Muk|Muk, F, shiny|100/100
|turn|6
|
|t:|1779921322
|switch|p2a: Chandelure|Chandelure, F, shiny|100/100
|move|p1a: Muk|Toxic Spikes|p2a: Chandelure
|-sidestart|p2: Vico2505|move: Toxic Spikes
|
|upkeep
|turn|7
|
|t:|1779921330
|move|p2a: Chandelure|Psychic|p1a: Muk
|-supereffective|p1a: Muk
|-damage|p1a: Muk|44/100
|move|p1a: Muk|Knock Off|p2a: Chandelure
|-supereffective|p2a: Chandelure
|-damage|p2a: Chandelure|31/100
|-enditem|p2a: Chandelure|Choice Scarf|[from] move: Knock Off|[of] p1a: Muk
|
|-heal|p1a: Muk|50/100|[from] item: Black Sludge
|upkeep
|turn|8
|
|t:|1779921348
|switch|p1a: Darkrai|Darkrai|100/100
|move|p2a: Chandelure|Psychic|p1a: Darkrai
|-immune|p1a: Darkrai
|
|upkeep
|turn|9
|-message|Vico2505 forfeited.
|
|win|o pagao
|raw|o pagao's rating: 1134 &rarr; <strong>1161</strong><br />(+27 for winning)
|raw|Vico2505's rating: 1158 &rarr; <strong>1131</strong><br />(-27 for losing)
|l|☆Vico2505
|player|p2|
|l|☆o pagao
|player|p1|
