|j|☆Gamer237
|j|☆partcore32
|inactive|Battle timer is ON: inactive players will automatically lose when time's up.
|t:|1779799831
|gametype|singles
|player|p1|Gamer237|colress|
|player|p2|partcore32|265|
|gen|9
|tier|[Gen 9] OU
|rated|Tournament battle
|rule|HP Percentage Mod: HP is shown in percentages
|rule|Endless Battle Clause: Forcing endless battles is banned
|rule|Species Clause: Limit one of each Pokémon
|rule|OHKO Clause: OHKO moves are banned
|rule|Evasion Items Clause: Evasion items are banned
|rule|Evasion Moves Clause: Evasion moves are banned
|rule|Evasion Abilities Clause: Evasion abilities are banned
|rule|Sleep Moves Clause: Sleep-inducing moves are banned
|raw|<div class="infobox"><details class="readmore"><summary><strong>15 custom rules:</strong></summary> -burmy, -caterpie, -combee, -kricketot, -magikarp, -scatterbug, -sunkern, -tynamo, -typenull, -weedle, -wurmple, -cosmog, -blipbug, -snom, -wynaut</details></div>
|clearpoke
|poke|p1|Ninetales, F|
|poke|p1|Hippowdon, M|
|poke|p1|Pelipper, F|
|poke|p1|Avalugg-Hisui, F|
|poke|p1|Crawdaunt, M|
|poke|p2|Dragonite, F|
|poke|p2|Rhyperior, F|
|poke|p2|Slowbro-Galar, F|
|poke|p2|Skiploom, M|
|poke|p2|Porygon-Z|
|teampreview
|inactive|partcore32 also wants the timer to be on.
|j|*Lady Monita 
|c|☆partcore32|glhf
|j| Pokelover33199
|inactive|Gamer237 has 120 seconds left.
|j| 5penny
|l| Pokelover33199
|
|t:|1779799885
|teamsize|p1|5
|teamsize|p2|5
|start
|switch|p1a: Avalugg|Avalugg-Hisui, F|100/100
|switch|p2a: Skiploom|Skiploom, M|100/100
|turn|1
|
|t:|1779799909
|move|p2a: Skiploom|Strength Sap|p1a: Avalugg
|-unboost|p1a: Avalugg|atk|1
|move|p1a: Avalugg|Heavy Slam|p2a: Skiploom
|-damage|p2a: Skiploom|65/100
|
|upkeep
|turn|2
|j| Pokelover33199
|j| Chulbule
|
|t:|1779799927
|move|p2a: Skiploom|Dazzling Gleam|p1a: Avalugg
|-damage|p1a: Avalugg|79/100
|move|p1a: Avalugg|Mountain Gale|p2a: Skiploom
|-supereffective|p2a: Skiploom
|-damage|p2a: Skiploom|0 fnt
|faint|p2a: Skiploom
|
|upkeep
|l| Pokelover33199
|j| Iexisttosuffer
|
|t:|1779799937
|switch|p2a: Rhyperior|Rhyperior, F|100/100
|turn|3
|
|t:|1779799943
|move|p2a: Rhyperior|Earthquake|p1a: Avalugg
|-supereffective|p1a: Avalugg
|-damage|p1a: Avalugg|4/100
|move|p1a: Avalugg|Body Press|p2a: Rhyperior
|-supereffective|p2a: Rhyperior
|-damage|p2a: Rhyperior|67/100
|
|upkeep
|turn|4
|-enditem|p1a: Avalugg|Custap Berry|[eat]
|-activate|p1a: Avalugg|item: Custap Berry|[consumed]
|
|t:|1779799954
|move|p1a: Avalugg|Mountain Gale|p2a: Rhyperior
|-supereffective|p2a: Rhyperior
|-damage|p2a: Rhyperior|33/100
|move|p2a: Rhyperior|Earthquake|p1a: Avalugg
|-supereffective|p1a: Avalugg
|-damage|p1a: Avalugg|0 fnt
|faint|p1a: Avalugg
|
|upkeep
|
|t:|1779799961
|switch|p1a: Pelipper|Pelipper, F|100/100
|-weather|RainDance|[from] ability: Drizzle|[of] p1a: Pelipper
|turn|5
|j| werewulf by night
|
|t:|1779799969
|switch|p2a: Dragonite|Dragonite, F|100/100
|move|p1a: Pelipper|Weather Ball|p2a: Dragonite
|-resisted|p2a: Dragonite
|-damage|p2a: Dragonite|87/100
|
|-weather|RainDance|[upkeep]
|upkeep
|turn|6
|
|t:|1779799975
|move|p2a: Dragonite|Dragon Dance|p2a: Dragonite
|-boost|p2a: Dragonite|atk|1
|-boost|p2a: Dragonite|spe|1
|move|p1a: Pelipper|Tailwind|p1a: Pelipper
|-sidestart|p1: Gamer237|move: Tailwind
|
|-weather|RainDance|[upkeep]
|upkeep
|turn|7
|
|t:|1779799980
|move|p2a: Dragonite|Extreme Speed|p1a: Pelipper
|-damage|p1a: Pelipper|54/100
|move|p1a: Pelipper|Hurricane|p2a: Dragonite
|-damage|p2a: Dragonite|45/100
|
|-weather|RainDance|[upkeep]
|upkeep
|turn|8
|
|t:|1779799988
|move|p2a: Dragonite|Roost|p2a: Dragonite
|-heal|p2a: Dragonite|96/100
|-singleturn|p2a: Dragonite|move: Roost
|move|p1a: Pelipper|Hurricane|p2a: Dragonite
|-damage|p2a: Dragonite|54/100
|
|-weather|RainDance|[upkeep]
|upkeep
|turn|9
|
|t:|1779799994
|move|p2a: Dragonite|Roost|p2a: Dragonite
|-heal|p2a: Dragonite|100/100
|-singleturn|p2a: Dragonite|move: Roost
|move|p1a: Pelipper|Hurricane|p2a: Dragonite
|-damage|p2a: Dragonite|83/100
|-start|p2a: Dragonite|confusion
|
|-weather|none
|-sideend|p1: Gamer237|move: Tailwind
|upkeep
|turn|10
|
|t:|1779800004
|-terastallize|p2a: Dragonite|Normal
|-activate|p2a: Dragonite|confusion
|-damage|p2a: Dragonite|58/100|[from] confusion
|move|p1a: Pelipper|Tailwind|p1a: Pelipper
|-sidestart|p1: Gamer237|move: Tailwind
|
|upkeep
|turn|11
|
|t:|1779800012
|switch|p1a: Hippowdon|Hippowdon, M|100/100
|-weather|Sandstorm|[from] ability: Sand Stream|[of] p1a: Hippowdon
|-activate|p2a: Dragonite|confusion
|-damage|p2a: Dragonite|32/100|[from] confusion
|
|-weather|Sandstorm|[upkeep]
|-damage|p2a: Dragonite|26/100|[from] Sandstorm
|upkeep
|turn|12
|
|t:|1779800021
|switch|p2a: Rhyperior|Rhyperior, F|33/100
|move|p1a: Hippowdon|Body Press|p2a: Rhyperior
|-supereffective|p2a: Rhyperior
|-damage|p2a: Rhyperior|10/100
|
|-weather|Sandstorm|[upkeep]
|upkeep
|turn|13
|
|t:|1779800030
|move|p1a: Hippowdon|Body Press|p2a: Rhyperior
|-supereffective|p2a: Rhyperior
|-damage|p2a: Rhyperior|0 fnt
|faint|p2a: Rhyperior
|
|-weather|Sandstorm|[upkeep]
|-sideend|p1: Gamer237|move: Tailwind
|upkeep
|
|t:|1779800032
|switch|p2a: Dragonite|Dragonite, F, tera:Normal|26/100
|turn|14
|
|t:|1779800039
|switch|p2a: Slowbro|Slowbro-Galar, F|100/100
|move|p1a: Hippowdon|Body Press|p2a: Slowbro
|-resisted|p2a: Slowbro
|-damage|p2a: Slowbro|94/100
|
|-weather|Sandstorm|[upkeep]
|-damage|p2a: Slowbro|88/100|[from] Sandstorm
|upkeep
|turn|15
|
|t:|1779800045
|move|p1a: Hippowdon|Earthquake|p2a: Slowbro
|-supereffective|p2a: Slowbro
|-damage|p2a: Slowbro|0 fnt
|faint|p2a: Slowbro
|
|-weather|none
|upkeep
|l| Chulbule
|
|t:|1779800050
|switch|p2a: Porygon-Z|Porygon-Z|100/100
|-ability|p2a: Porygon-Z|Download|boost
|-boost|p2a: Porygon-Z|spa|1
|turn|16
|
|t:|1779800057
|move|p2a: Porygon-Z|Ice Beam|p1a: Hippowdon
|-supereffective|p1a: Hippowdon
|-crit|p1a: Hippowdon
|-damage|p1a: Hippowdon|0 fnt
|faint|p1a: Hippowdon
|
|upkeep
|
|t:|1779800062
|switch|p1a: Crawdaunt|Crawdaunt, M|100/100
|turn|17
|
|t:|1779800066
|move|p2a: Porygon-Z|Discharge|p1a: Crawdaunt
|-supereffective|p1a: Crawdaunt
|-damage|p1a: Crawdaunt|0 fnt
|faint|p1a: Crawdaunt
|
|upkeep
|j| Pokelover33199
|
|t:|1779800070
|switch|p1a: Ninetales|Ninetales, F|100/100
|-weather|SunnyDay|[from] ability: Drought|[of] p1a: Ninetales
|turn|18
|
|t:|1779800077
|-terastallize|p1a: Ninetales|Grass
|move|p1a: Ninetales|Solar Beam||[still]
|-prepare|p1a: Ninetales|Solar Beam
|-anim|p1a: Ninetales|Solar Beam|p2a: Porygon-Z
|-damage|p2a: Porygon-Z|43/100
|-damage|p1a: Ninetales|91/100|[from] item: Life Orb
|move|p2a: Porygon-Z|Dark Pulse|p1a: Ninetales
|-damage|p1a: Ninetales|43/100
|
|-weather|SunnyDay|[upkeep]
|upkeep
|turn|19
|j| Snuffty
|
|t:|1779800086
|move|p1a: Ninetales|Solar Beam||[still]
|-prepare|p1a: Ninetales|Solar Beam
|-anim|p1a: Ninetales|Solar Beam|p2a: Porygon-Z
|-damage|p2a: Porygon-Z|0 fnt
|faint|p2a: Porygon-Z
|-damage|p1a: Ninetales|33/100|[from] item: Life Orb
|
|-weather|SunnyDay|[upkeep]
|upkeep
|
|t:|1779800088
|switch|p2a: Dragonite|Dragonite, F, tera:Normal|26/100
|turn|20
|
|t:|1779800093
|move|p2a: Dragonite|Extreme Speed|p1a: Ninetales
|-crit|p1a: Ninetales
|-damage|p1a: Ninetales|0 fnt
|faint|p1a: Ninetales
|
|-weather|SunnyDay|[upkeep]
|upkeep
|
|t:|1779800096
|switch|p1a: Pelipper|Pelipper, F|54/100
|-weather|RainDance|[from] ability: Drizzle|[of] p1a: Pelipper
|turn|21
|
|t:|1779800101
|move|p2a: Dragonite|Extreme Speed|p1a: Pelipper
|-damage|p1a: Pelipper|14/100
|move|p1a: Pelipper|Weather Ball|p2a: Dragonite
|-damage|p2a: Dragonite|0 fnt
|faint|p2a: Dragonite
|
|win|Gamer237
|n|☆Gamer237|gamer237
|n|☆partcore32|partcore32
|n|*Lady Monita |ladymonita
|n| 5penny|5penny
|n| Iexisttosuffer|iexisttosuffer
|n| werewulf by night|werewulfbynight
|n| Pokelover33199|pokelover33199
|n| Snuffty|snuffty
