|j|☆Johnnando
|j|☆mahoraga.jpg
|t:|1779958499
|gametype|singles
|player|p1|Johnnando|dawn-gen4pt|1075
|player|p2|mahoraga.jpg|cynthia|1092
|gen|9
|tier|[Gen 9] OU
|rated|
|rule|HP Percentage Mod: HP is shown in percentages
|rule|Endless Battle Clause: Forcing endless battles is banned
|rule|Species Clause: Limit one of each Pokémon
|rule|OHKO Clause: OHKO moves are banned
|rule|Evasion Items Clause: Evasion items are banned
|rule|Evasion Moves Clause: Evasion moves are banned
|rule|Evasion Abilities Clause: Evasion abilities are banned
|rule|Sleep Moves Clause: Sleep-inducing moves are banned
|clearpoke
|poke|p1|Shaymin|
|poke|p1|Dragalge, M|
|poke|p1|Ampharos, F|
|poke|p1|Flygon, M|
|poke|p1|Greninja-*, F|
|poke|p1|Weavile, F|
|poke|p2|Kingambit, F|
|poke|p2|Gholdengo|
|poke|p2|Heatran, F|
|poke|p2|Dragonite, F|
|poke|p2|Iron Treads|
|poke|p2|Rotom-Wash|
|teampreview
|c|☆Johnnando|glhf
|
|t:|1779958508
|teamsize|p1|6
|teamsize|p2|6
|start
|switch|p1a: Revival|Flygon, M|100/100
|switch|p2a: Heatran|Heatran, F|100/100
|turn|1
|
|t:|1779958513
|move|p1a: Revival|Earthquake|p2a: Heatran
|-supereffective|p2a: Heatran
|-damage|p2a: Heatran|0 fnt
|faint|p2a: Heatran
|
|upkeep
|
|t:|1779958520
|switch|p2a: Dragonite|Dragonite, F|100/100
|turn|2
|
|t:|1779958525
|switch|p1a: Regrowth|Dragalge, M|100/100
|move|p2a: Dragonite|Dragon Dance|p2a: Dragonite
|-boost|p2a: Dragonite|atk|1
|-boost|p2a: Dragonite|spe|1
|
|upkeep
|turn|3
|
|t:|1779958533
|move|p2a: Dragonite|Earthquake|p1a: Regrowth
|-supereffective|p1a: Regrowth
|-damage|p1a: Regrowth|0 fnt
|faint|p1a: Regrowth
|
|upkeep
|
|t:|1779958563
|switch|p1a: Restoration|Weavile, F|100/100
|turn|4
|
|t:|1779958571
|move|p1a: Restoration|Ice Shard|p2a: Dragonite
|-supereffective|p2a: Dragonite
|-damage|p2a: Dragonite|39/100
|move|p2a: Dragonite|Fire Punch|p1a: Restoration
|-supereffective|p1a: Restoration
|-damage|p1a: Restoration|0 fnt
|faint|p1a: Restoration
|
|upkeep
|
|t:|1779958579
|switch|p1a: Revitalisation|Greninja, F|100/100
|turn|5
|
|t:|1779958588
|move|p2a: Dragonite|Extreme Speed|p1a: Revitalisation
|-damage|p1a: Revitalisation|19/100
|move|p1a: Revitalisation|Ice Beam|p2a: Dragonite
|-start|p1a: Revitalisation|typechange|Ice|[from] ability: Protean
|-supereffective|p2a: Dragonite
|-damage|p2a: Dragonite|0 fnt
|faint|p2a: Dragonite
|
|upkeep
|
|t:|1779958596
|switch|p2a: Rotom|Rotom-Wash|100/100
|turn|6
|
|t:|1779958600
|move|p1a: Revitalisation|U-turn|p2a: Rotom
|-damage|p2a: Rotom|89/100
|
|t:|1779958607
|switch|p1a: Reclamation|Shaymin|100/100|[from] U-turn
|move|p2a: Rotom|Volt Switch|p1a: Reclamation
|-resisted|p1a: Reclamation
|-damage|p1a: Reclamation|89/100
|
|t:|1779958623
|switch|p2a: Gholdengo|Gholdengo|100/100|[from] Volt Switch
|
|upkeep
|turn|7
|
|t:|1779958629
|move|p2a: Gholdengo|Trick|p1a: Reclamation
|-activate|p2a: Gholdengo|move: Trick|[of] p1a: Reclamation
|-item|p1a: Reclamation|Choice Scarf|[from] move: Trick
|-item|p2a: Gholdengo|Choice Specs|[from] move: Trick
|move|p1a: Reclamation|Earth Power|p2a: Gholdengo
|-supereffective|p2a: Gholdengo
|-damage|p2a: Gholdengo|38/100
|
|upkeep
|turn|8
|
|t:|1779958639
|switch|p2a: Rotom|Rotom-Wash|89/100
|move|p1a: Reclamation|Earth Power|p2a: Rotom
|-immune|p2a: Rotom|[from] ability: Levitate
|
|-heal|p2a: Rotom|95/100|[from] item: Leftovers
|upkeep
|turn|9
|
|t:|1779958649
|switch|p1a: Recharge|Ampharos, F|100/100
|move|p2a: Rotom|Will-O-Wisp|p1a: Recharge
|-status|p1a: Recharge|brn
|
|-heal|p2a: Rotom|100/100|[from] item: Leftovers
|-damage|p1a: Recharge|94/100 brn|[from] brn
|upkeep
|turn|10
|
|t:|1779958662
|move|p2a: Rotom|Hydro Pump|p1a: Recharge
|-damage|p1a: Recharge|46/100 brn
|-enditem|p1a: Recharge|Sitrus Berry|[eat]
|-heal|p1a: Recharge|70/100 brn|[from] item: Sitrus Berry
|move|p1a: Recharge|Dragon Pulse|p2a: Rotom
|-damage|p2a: Rotom|70/100
|
|-heal|p2a: Rotom|76/100|[from] item: Leftovers
|-damage|p1a: Recharge|64/100 brn|[from] brn
|upkeep
|turn|11
|
|t:|1779958678
|move|p2a: Rotom|Hydro Pump|p1a: Recharge
|-damage|p1a: Recharge|19/100 brn
|move|p1a: Recharge|Thunderbolt|p2a: Rotom
|-damage|p2a: Rotom|33/100
|
|-heal|p2a: Rotom|39/100|[from] item: Leftovers
|-damage|p1a: Recharge|12/100 brn|[from] brn
|upkeep
|turn|12
|
|t:|1779958686
|move|p2a: Rotom|Pain Split|p1a: Recharge
|-sethp|p1a: Recharge|24/100 brn|[from] move: Pain Split|[silent]
|-sethp|p2a: Rotom|26/100|[from] move: Pain Split
|move|p1a: Recharge|Thunderbolt|p2a: Rotom
|-damage|p2a: Rotom|0 fnt
|faint|p2a: Rotom
|
|-damage|p1a: Recharge|18/100 brn|[from] brn
|upkeep
|
|t:|1779958693
|switch|p2a: Gholdengo|Gholdengo|38/100
|turn|13
|c|☆Johnnando|respect gotta do the cool over the optimal
|
|t:|1779958705
|move|p2a: Gholdengo|Shadow Ball|p1a: Recharge
|-damage|p1a: Recharge|0 fnt
|faint|p1a: Recharge
|
|upkeep
|
|t:|1779958714
|switch|p1a: Reclamation|Shaymin|89/100
|turn|14
|
|t:|1779958717
|move|p1a: Reclamation|Earth Power|p2a: Gholdengo
|-supereffective|p2a: Gholdengo
|-crit|p2a: Gholdengo
|-damage|p2a: Gholdengo|0 fnt
|faint|p2a: Gholdengo
|
|upkeep
|
|t:|1779958721
|switch|p2a: Iron Treads|Iron Treads|100/100
|-enditem|p2a: Iron Treads|Booster Energy
|-activate|p2a: Iron Treads|ability: Quark Drive|[fromitem]
|-start|p2a: Iron Treads|quarkdrivespe
|turn|15
|
|t:|1779958726
|move|p2a: Iron Treads|Knock Off|p1a: Reclamation
|-damage|p1a: Reclamation|64/100
|-enditem|p1a: Reclamation|Choice Scarf|[from] move: Knock Off|[of] p2a: Iron Treads
|move|p1a: Reclamation|Earth Power|p2a: Iron Treads
|-supereffective|p2a: Iron Treads
|-damage|p2a: Iron Treads|22/100
|
|upkeep
|turn|16
|
|t:|1779958735
|move|p2a: Iron Treads|Knock Off|p1a: Reclamation
|-damage|p1a: Reclamation|47/100
|move|p1a: Reclamation|Earth Power|p2a: Iron Treads
|-supereffective|p2a: Iron Treads
|-damage|p2a: Iron Treads|0 fnt
|faint|p2a: Iron Treads
|-end|p2a: Iron Treads|Quark Drive|[silent]
|
|upkeep
|
|t:|1779958738
|switch|p2a: Kingambit|Kingambit, F|100/100
|-activate|p2a: Kingambit|ability: Supreme Overlord
|-start|p2a: Kingambit|fallen5|[silent]
|turn|17
|
|t:|1779958748
|move|p2a: Kingambit|Sucker Punch|p1a: Reclamation
|-damage|p1a: Reclamation|0 fnt
|faint|p1a: Reclamation
|-damage|p2a: Kingambit|91/100|[from] item: Life Orb
|
|upkeep
|
|t:|1779958758
|switch|p1a: Revitalisation|Greninja, F|19/100
|turn|18
|
|t:|1779958764
|move|p2a: Kingambit|Sucker Punch|p1a: Revitalisation
|-resisted|p1a: Revitalisation
|-damage|p1a: Revitalisation|0 fnt
|faint|p1a: Revitalisation
|-damage|p2a: Kingambit|81/100|[from] item: Life Orb
|
|upkeep
|
|t:|1779958769
|switch|p1a: Revival|Flygon, M|100/100
|turn|19
|
|t:|1779958777
|move|p1a: Revival|Earthquake|p2a: Kingambit
|-supereffective|p2a: Kingambit
|-damage|p2a: Kingambit|13/100
|move|p2a: Kingambit|Swords Dance|p2a: Kingambit
|-boost|p2a: Kingambit|atk|2
|
|upkeep
|turn|20
|
|t:|1779958783
|move|p2a: Kingambit|Sucker Punch|p1a: Revival
|-damage|p1a: Revival|0 fnt
|faint|p1a: Revival
|-damage|p2a: Kingambit|3/100|[from] item: Life Orb
|
|win|mahoraga.jpg
|raw|Johnnando's rating: 1075 &rarr; <strong>1055</strong><br />(-20 for losing)
|raw|mahoraga.jpg's rating: 1092 &rarr; <strong>1117</strong><br />(+25 for winning)
|c|☆Johnnando|ggs
|l|☆mahoraga.jpg
|player|p2|
|l|☆Johnnando
|player|p1|
