|j|☆Pakas123
|j|☆AMothersGrief
|t:|1779920023
|gametype|singles
|player|p1|Pakas123|schoolkid|1153
|player|p2|AMothersGrief|101|1178
|gen|9
|tier|[Gen 9] OU
|rated|
|rule|HP Percentage Mod: HP is shown in percentages
|rule|Endless Battle Clause: Forcing endless battles is banned
|rule|Species Clause: Limit one of each Pokémon
|rule|OHKO Clause: OHKO moves are banned
|rule|Evasion Items Clause: Evasion items are banned
|rule|Evasion Moves Clause: Evasion moves are banned
|rule|Evasion Abilities Clause: Evasion abilities are banned
|rule|Sleep Moves Clause: Sleep-inducing moves are banned
|clearpoke
|poke|p1|Poliwrath, M|
|poke|p1|Zapdos|
|poke|p1|Great Tusk|
|poke|p1|Pelipper, M|
|poke|p1|Barraskewda, F|
|poke|p1|Kingambit, M|
|poke|p2|Whimsicott, F|
|poke|p2|Honchkrow, M|
|poke|p2|Dragapult, M|
|poke|p2|Houndoom, M|
|poke|p2|Mamoswine, M|
|poke|p2|Galvantula, M|
|teampreview
|
|t:|1779920038
|teamsize|p1|6
|teamsize|p2|6
|start
|switch|p1a: Great Tusk|Great Tusk|100/100
|switch|p2a: Kinzo|Galvantula, M|100/100
|turn|1
|
|t:|1779920058
|move|p2a: Kinzo|Sticky Web|p1a: Great Tusk
|-sidestart|p1: Pakas123|move: Sticky Web
|move|p1a: Great Tusk|Stealth Rock|p2a: Kinzo
|-sidestart|p2: AMothersGrief|move: Stealth Rock
|
|upkeep
|turn|2
|
|t:|1779920067
|switch|p2a: Maria|Whimsicott, F|100/100
|-damage|p2a: Maria|88/100|[from] Stealth Rock
|move|p1a: Great Tusk|Rapid Spin|p2a: Maria
|-damage|p2a: Maria|76/100
|-boost|p1a: Great Tusk|spe|1
|-sideend|p1: Pakas123|Sticky Web|[from] move: Rapid Spin|[of] p1a: Great Tusk
|-enditem|p2a: Maria|Eject Button
|
|t:|1779920075
|switch|p2a: Rokkenjima|Mamoswine, M|100/100
|-damage|p2a: Rokkenjima|88/100|[from] Stealth Rock
|
|upkeep
|turn|3
|
|t:|1779920083
|-end|p1a: Great Tusk|Protosynthesis|[silent]
|switch|p1a: Pelipper|Pelipper, M|100/100
|-weather|RainDance|[from] ability: Drizzle|[of] p1a: Pelipper
|move|p2a: Rokkenjima|Earthquake|p1a: Pelipper
|-immune|p1a: Pelipper
|
|-weather|RainDance|[upkeep]
|upkeep
|turn|4
|
|t:|1779920093
|move|p2a: Rokkenjima|Icicle Crash|p1a: Pelipper
|-damage|p1a: Pelipper|65/100
|move|p1a: Pelipper|U-turn|p2a: Rokkenjima
|-crit|p2a: Rokkenjima
|-damage|p2a: Rokkenjima|76/100
|
|t:|1779920099
|switch|p1a: Barraskewda|Barraskewda, F|100/100|[from] U-turn
|
|-weather|RainDance|[upkeep]
|upkeep
|turn|5
|
|t:|1779920106
|switch|p2a: Maria|Whimsicott, F|76/100
|-damage|p2a: Maria|64/100|[from] Stealth Rock
|move|p1a: Barraskewda|Liquidation|p2a: Maria
|-resisted|p2a: Maria
|-damage|p2a: Maria|20/100
|
|-weather|RainDance|[upkeep]
|upkeep
|turn|6
|
|t:|1779920114
|move|p2a: Maria|Leech Seed|p1a: Barraskewda
|-start|p1a: Barraskewda|move: Leech Seed
|move|p1a: Barraskewda|Liquidation|p2a: Maria
|-resisted|p2a: Maria
|-damage|p2a: Maria|0 fnt
|faint|p2a: Maria
|
|-weather|RainDance|[upkeep]
|upkeep
|
|t:|1779920120
|switch|p2a: Beatrice|Honchkrow, M|100/100
|-damage|p2a: Beatrice|76/100|[from] Stealth Rock
|turn|7
|
|t:|1779920125
|move|p2a: Beatrice|Sucker Punch|p1a: Barraskewda
|-damage|p1a: Barraskewda|24/100
|move|p1a: Barraskewda|Liquidation|p2a: Beatrice
|-damage|p2a: Beatrice|0 fnt
|faint|p2a: Beatrice
|
|-weather|RainDance|[upkeep]
|upkeep
|
|t:|1779920137
|switch|p2a: Lambdadelta|Dragapult, M|100/100
|-damage|p2a: Lambdadelta|88/100|[from] Stealth Rock
|turn|8
|
|t:|1779920143
|move|p1a: Barraskewda|Liquidation|p2a: Lambdadelta
|-resisted|p2a: Lambdadelta
|-damage|p2a: Lambdadelta|22/100
|move|p2a: Lambdadelta|Dragon Dance|p2a: Lambdadelta
|-boost|p2a: Lambdadelta|atk|1
|-boost|p2a: Lambdadelta|spe|1
|
|-weather|RainDance|[upkeep]
|-damage|p1a: Barraskewda|12/100|[from] Leech Seed|[of] p2a: Lambdadelta
|-heal|p2a: Lambdadelta|32/100|[silent]
|upkeep
|turn|9
|
|t:|1779920155
|move|p1a: Barraskewda|Liquidation|p2a: Lambdadelta
|-resisted|p2a: Lambdadelta
|-damage|p2a: Lambdadelta|0 fnt
|faint|p2a: Lambdadelta
|
|-weather|RainDance|[upkeep]
|upkeep
|
|t:|1779920163
|switch|p2a: Rokkenjima|Mamoswine, M|76/100
|-damage|p2a: Rokkenjima|64/100|[from] Stealth Rock
|turn|10
|
|t:|1779920166
|move|p2a: Rokkenjima|Ice Shard|p1a: Barraskewda
|-resisted|p1a: Barraskewda
|-damage|p1a: Barraskewda|0 fnt
|faint|p1a: Barraskewda
|
|-weather|none
|upkeep
|c|☆AMothersGrief|Damn gg
|
|t:|1779920174
|switch|p1a: Pelipper|Pelipper, M|65/100
|-weather|RainDance|[from] ability: Drizzle|[of] p1a: Pelipper
|turn|11
|
|t:|1779920181
|switch|p1a: Kingambit|Kingambit, M|100/100
|-activate|p1a: Kingambit|ability: Supreme Overlord
|-start|p1a: Kingambit|fallen1|[silent]
|move|p2a: Rokkenjima|Icicle Crash|p1a: Kingambit
|-resisted|p1a: Kingambit
|-damage|p1a: Kingambit|82/100
|
|-weather|RainDance|[upkeep]
|-heal|p1a: Kingambit|88/100|[from] item: Leftovers
|upkeep
|turn|12
|
|t:|1779920191
|move|p2a: Rokkenjima|Icicle Crash|p1a: Kingambit
|-resisted|p1a: Kingambit
|-damage|p1a: Kingambit|72/100
|move|p1a: Kingambit|Iron Head|p2a: Rokkenjima
|-supereffective|p2a: Rokkenjima
|-damage|p2a: Rokkenjima|0 fnt
|faint|p2a: Rokkenjima
|
|-weather|RainDance|[upkeep]
|-heal|p1a: Kingambit|78/100|[from] item: Leftovers
|upkeep
|
|t:|1779920194
|switch|p2a: Kinzo|Galvantula, M|100/100
|-damage|p2a: Kinzo|76/100|[from] Stealth Rock
|turn|13
|inactive|Battle timer is ON: inactive players will automatically lose when time's up. (requested by AMothersGrief)
|
|t:|1779920206
|move|p2a: Kinzo|Bug Buzz|p1a: Kingambit
|-damage|p1a: Kingambit|39/100
|move|p1a: Kingambit|Kowtow Cleave|p2a: Kinzo
|-damage|p2a: Kinzo|0 fnt
|faint|p2a: Kinzo
|
|-weather|RainDance|[upkeep]
|-heal|p1a: Kingambit|46/100|[from] item: Leftovers
|upkeep
|
|t:|1779920209
|switch|p2a: EVA|Houndoom, M|100/100
|turn|14
|
|t:|1779920219
|-end|p1a: Kingambit|fallen1|[silent]
|switch|p1a: Zapdos|Zapdos|100/100
|move|p2a: EVA|Overheat|p1a: Zapdos
|-damage|p1a: Zapdos|63/100
|-unboost|p2a: EVA|spa|2
|
|-weather|RainDance|[upkeep]
|upkeep
|turn|15
|
|t:|1779920228
|move|p1a: Zapdos|Weather Ball|p2a: EVA
|-supereffective|p2a: EVA
|-damage|p2a: EVA|0 fnt
|faint|p2a: EVA
|
|win|Pakas123
|raw|Pakas123's rating: 1153 &rarr; <strong>1180</strong><br />(+27 for winning)
|raw|AMothersGrief's rating: 1178 &rarr; <strong>1151</strong><br />(-27 for losing)
|l|☆AMothersGrief
|player|p2|
|l|☆Pakas123
|player|p1|
