|j|‽whyudodoe
|j|‽ihymyly
|t:|1779865296
|gametype|singles
|player|p1|whyudodoe|1|1491
|player|p2|ihymyly|101|1506
|gen|9
|tier|[Gen 9] OU
|rated|
|rule|HP Percentage Mod: HP is shown in percentages
|rule|Endless Battle Clause: Forcing endless battles is banned
|rule|Species Clause: Limit one of each Pokémon
|rule|OHKO Clause: OHKO moves are banned
|rule|Evasion Items Clause: Evasion items are banned
|rule|Evasion Moves Clause: Evasion moves are banned
|rule|Evasion Abilities Clause: Evasion abilities are banned
|rule|Sleep Moves Clause: Sleep-inducing moves are banned
|clearpoke
|poke|p1|Blaziken, M|
|poke|p1|Rotom-Wash|
|poke|p1|Slowking-Galar, M|
|poke|p1|Great Tusk|
|poke|p1|Weavile, M|
|poke|p1|Tinkaton, F|
|poke|p2|Darkrai|
|poke|p2|Great Tusk|
|poke|p2|Dragapult, F|
|poke|p2|Slowking-Galar, F|
|poke|p2|Skarmory, F|
|poke|p2|Ogerpon-Wellspring, F|
|teampreview
|
|t:|1779865312
|teamsize|p1|6
|teamsize|p2|6
|start
|switch|p1a: Weavile|Weavile, M|100/100
|switch|p2a: Ogerpon|Ogerpon-Wellspring, F|100/100
|-ability|p1a: Weavile|Pressure
|turn|1
|
|t:|1779865318
|switch|p2a: Skarmory|Skarmory, F|100/100
|move|p1a: Weavile|Knock Off|p2a: Skarmory
|-damage|p2a: Skarmory|58/100
|-damage|p1a: Weavile|84/100|[from] item: Rocky Helmet|[of] p2a: Skarmory
|-enditem|p2a: Skarmory|Rocky Helmet|[from] move: Knock Off|[of] p1a: Weavile
|
|upkeep
|turn|2
|
|t:|1779865326
|switch|p1a: Blaziken|Blaziken, M|100/100
|move|p2a: Skarmory|Spikes|p1a: Blaziken
|-sidestart|p1: whyudodoe|Spikes
|
|upkeep
|turn|3
|
|t:|1779865329
|move|p1a: Blaziken|U-turn|p2a: Skarmory
|-resisted|p2a: Skarmory
|-damage|p2a: Skarmory|55/100
|
|t:|1779865335
|switch|p1a: Rotom|Rotom-Wash|100/100|[from] U-turn
|move|p2a: Skarmory|Roost|p2a: Skarmory
|-heal|p2a: Skarmory|100/100
|-singleturn|p2a: Skarmory|move: Roost
|
|upkeep
|turn|4
|
|t:|1779865340
|switch|p2a: Slowking|Slowking-Galar, F|100/100
|move|p1a: Rotom|Volt Switch|p2a: Slowking
|-damage|p2a: Slowking|85/100
|
|t:|1779865347
|switch|p1a: Weavile|Weavile, M|84/100|[from] Volt Switch
|-damage|p1a: Weavile|72/100|[from] Spikes
|-ability|p1a: Weavile|Pressure
|
|upkeep
|turn|5
|
|t:|1779865354
|switch|p2a: Skarmory|Skarmory, F|100/100
|-terastallize|p1a: Weavile|Ice
|move|p1a: Weavile|Triple Axel|p2a: Skarmory
|-damage|p2a: Skarmory|87/100
|-damage|p2a: Skarmory|63/100
|-damage|p2a: Skarmory|25/100
|-hitcount|p2a: Skarmory|3
|
|upkeep
|turn|6
|
|t:|1779865366
|move|p1a: Weavile|Triple Axel|p2a: Skarmory
|-damage|p2a: Skarmory|11/100
|-damage|p2a: Skarmory|0 fnt
|faint|p2a: Skarmory
|-hitcount|p2: Skarmory|2
|
|upkeep
|
|t:|1779865371
|switch|p2a: Dragapult|Dragapult, F|100/100
|turn|7
|j| insuranceagentbill
|
|t:|1779865374
|switch|p1a: Tinkaton|Tinkaton, F|100/100
|-item|p1a: Tinkaton|Air Balloon
|move|p2a: Dragapult|Dragon Darts|p1a: Tinkaton
|-immune|p1a: Tinkaton
|
|upkeep
|turn|8
|l| insuranceagentbill
|
|t:|1779865381
|move|p2a: Dragapult|U-turn|p1a: Tinkaton
|-resisted|p1a: Tinkaton
|-damage|p1a: Tinkaton|95/100
|-enditem|p1a: Tinkaton|Air Balloon
|-enditem|p2a: Dragapult|Heavy-Duty Boots|[silent]|[from] ability: Pickpocket|[of] p2a: Dragapult
|-item|p1a: Tinkaton|Heavy-Duty Boots|[from] ability: Pickpocket|[of] p2a: Dragapult
|
|t:|1779865387
|switch|p2a: Great Tusk|Great Tusk|100/100|[from] U-turn
|move|p1a: Tinkaton|Swords Dance|p1a: Tinkaton
|-boost|p1a: Tinkaton|atk|2
|
|upkeep
|turn|9
|
|t:|1779865393
|move|p2a: Great Tusk|Headlong Rush|p1a: Tinkaton
|-supereffective|p1a: Tinkaton
|-damage|p1a: Tinkaton|0 fnt
|-unboost|p2a: Great Tusk|def|1
|-unboost|p2a: Great Tusk|spd|1
|faint|p1a: Tinkaton
|
|upkeep
|
|t:|1779865397
|switch|p1a: Weavile|Weavile, M, tera:Ice|72/100
|-damage|p1a: Weavile|59/100|[from] Spikes
|-ability|p1a: Weavile|Pressure
|turn|10
|
|t:|1779865425
|switch|p1a: Rotom|Rotom-Wash|100/100
|-end|p2a: Great Tusk|Protosynthesis|[silent]
|switch|p2a: Slowking|Slowking-Galar, F|100/100
|
|upkeep
|turn|11
|
|t:|1779865431
|move|p1a: Rotom|Will-O-Wisp|p2a: Slowking
|-status|p2a: Slowking|brn
|-prepare|p2a: Slowking|Chilly Reception|[premajor]
|move|p2a: Slowking|Chilly Reception|p2a: Slowking
|-weather|Snowscape
|
|t:|1779865438
|switch|p2a: Darkrai|Darkrai, shiny|100/100|[from] Chilly Reception
|
|-weather|Snowscape|[upkeep]
|upkeep
|turn|12
|
|t:|1779865444
|move|p2a: Darkrai|Dark Pulse|p1a: Rotom
|-damage|p1a: Rotom|61/100
|move|p1a: Rotom|Thunder Wave|p2a: Darkrai
|-status|p2a: Darkrai|par
|
|-weather|Snowscape|[upkeep]
|upkeep
|turn|13
|
|t:|1779865456
|switch|p1a: Blaziken|Blaziken, M|100/100
|move|p2a: Darkrai|Dark Pulse|p1a: Blaziken
|-resisted|p1a: Blaziken
|-damage|p1a: Blaziken|66/100
|
|-weather|Snowscape|[upkeep]
|upkeep
|turn|14
|
|t:|1779865465
|move|p1a: Blaziken|Earthquake|p2a: Darkrai
|-damage|p2a: Darkrai|66/100 par
|move|p2a: Darkrai|Sludge Bomb|p1a: Blaziken
|-damage|p1a: Blaziken|20/100
|
|-weather|Snowscape|[upkeep]
|-heal|p2a: Darkrai|72/100 par|[from] item: Leftovers
|-ability|p1a: Blaziken|Speed Boost|boost
|-boost|p1a: Blaziken|spe|1
|upkeep
|turn|15
|
|t:|1779865478
|move|p1a: Blaziken|Overheat|p2a: Darkrai
|-damage|p2a: Darkrai|0 fnt
|-unboost|p1a: Blaziken|spa|2
|faint|p2a: Darkrai
|
|-weather|none
|-ability|p1a: Blaziken|Speed Boost|boost
|-boost|p1a: Blaziken|spe|1
|upkeep
|
|t:|1779865492
|switch|p2a: Dragapult|Dragapult, F|100/100
|turn|16
|
|t:|1779865500
|move|p1a: Blaziken|Protect|p1a: Blaziken
|-singleturn|p1a: Blaziken|Protect
|move|p2a: Dragapult|Dragon Darts|p1a: Blaziken
|-activate|p1a: Blaziken|move: Protect
|
|-ability|p1a: Blaziken|Speed Boost|boost
|-boost|p1a: Blaziken|spe|1
|upkeep
|turn|17
|
|t:|1779865504
|move|p1a: Blaziken|U-turn|p2a: Dragapult
|-resisted|p2a: Dragapult
|-damage|p2a: Dragapult|86/100
|
|t:|1779865505
|switch|p1a: Slowking|Slowking-Galar, M|100/100|[from] U-turn
|-damage|p1a: Slowking|88/100|[from] Spikes
|move|p2a: Dragapult|Dragon Darts|p1a: Slowking
|-damage|p1a: Slowking|72/100
|-anim|p2a: Dragapult|Dragon Darts|p1a: Slowking
|-damage|p1a: Slowking|55/100
|
|upkeep
|turn|18
|
|t:|1779865513
|move|p2a: Dragapult|U-turn|p1a: Slowking
|-damage|p1a: Slowking|40/100
|-damage|p2a: Dragapult|70/100|[from] item: Rocky Helmet|[of] p1a: Slowking
|
|t:|1779865517
|switch|p2a: Great Tusk|Great Tusk|100/100|[from] U-turn
|move|p1a: Slowking|Ice Beam|p2a: Great Tusk
|-supereffective|p2a: Great Tusk
|-damage|p2a: Great Tusk|36/100
|
|upkeep
|turn|19
|
|t:|1779865523
|switch|p1a: Rotom|Rotom-Wash|61/100
|move|p2a: Great Tusk|Stealth Rock|p1a: Rotom
|-sidestart|p1: whyudodoe|move: Stealth Rock
|
|upkeep
|turn|20
|
|t:|1779865528
|-end|p2a: Great Tusk|Protosynthesis|[silent]
|switch|p2a: Slowking|Slowking-Galar, F|100/100 brn
|move|p1a: Rotom|Volt Switch|p2a: Slowking
|-crit|p2a: Slowking
|-damage|p2a: Slowking|79/100 brn
|
|t:|1779865530
|switch|p1a: Great Tusk|Great Tusk|100/100|[from] Volt Switch
|-damage|p1a: Great Tusk|88/100|[from] Spikes
|-damage|p1a: Great Tusk|85/100|[from] Stealth Rock
|
|-damage|p2a: Slowking|73/100 brn|[from] brn
|upkeep
|turn|21
|
|t:|1779865541
|switch|p2a: Dragapult|Dragapult, F|70/100
|move|p1a: Great Tusk|Headlong Rush|p2a: Dragapult
|-damage|p2a: Dragapult|0 fnt
|-unboost|p1a: Great Tusk|def|1
|-unboost|p1a: Great Tusk|spd|1
|faint|p2a: Dragapult
|
|upkeep
|
|t:|1779865546
|switch|p2a: Ogerpon|Ogerpon-Wellspring, F|100/100
|turn|22
|
|t:|1779865549
|move|p2a: Ogerpon|Ivy Cudgel|p1a: Great Tusk|[anim] Ivy Cudgel Water
|-supereffective|p1a: Great Tusk
|-enditem|p1a: Great Tusk|Passho Berry|[eat]
|-enditem|p1a: Great Tusk|Passho Berry|[weaken]
|-damage|p1a: Great Tusk|27/100
|move|p1a: Great Tusk|Rapid Spin|p2a: Ogerpon
|-damage|p2a: Ogerpon|79/100
|-boost|p1a: Great Tusk|spe|1
|-sideend|p1: whyudodoe|Spikes|[from] move: Rapid Spin|[of] p1a: Great Tusk
|-sideend|p1: whyudodoe|Stealth Rock|[from] move: Rapid Spin|[of] p1a: Great Tusk
|
|upkeep
|turn|23
|
|t:|1779865568
|move|p1a: Great Tusk|Headlong Rush|p2a: Ogerpon
|-resisted|p2a: Ogerpon
|-damage|p2a: Ogerpon|41/100
|-unboost|p1a: Great Tusk|def|1
|-unboost|p1a: Great Tusk|spd|1
|move|p2a: Ogerpon|Ivy Cudgel|p1a: Great Tusk|[anim] Ivy Cudgel Water
|-supereffective|p1a: Great Tusk
|-damage|p1a: Great Tusk|0 fnt
|faint|p1a: Great Tusk
|-end|p1a: Great Tusk|Protosynthesis|[silent]
|
|upkeep
|
|t:|1779865572
|switch|p1a: Weavile|Weavile, M, tera:Ice|59/100
|-ability|p1a: Weavile|Pressure
|turn|24
|
|t:|1779865582
|-terastallize|p2a: Ogerpon|Water
|detailschange|p2a: Ogerpon|Ogerpon-Wellspring-Tera, F, tera:Water
|-ability|p2a: Ogerpon|Embody Aspect (Wellspring)|boost
|-boost|p2a: Ogerpon|spd|1
|move|p1a: Weavile|Triple Axel|p2a: Ogerpon
|-resisted|p2a: Ogerpon
|-damage|p2a: Ogerpon|27/100
|-resisted|p2a: Ogerpon
|-damage|p2a: Ogerpon|3/100
|-resisted|p2a: Ogerpon
|-damage|p2a: Ogerpon|0 fnt
|faint|p2a: Ogerpon
|detailschange|p2: Ogerpon|Ogerpon-Wellspring, F|[silent]
|-hitcount|p2: Ogerpon|3
|
|upkeep
|-message|ihymyly forfeited.
|
|win|whyudodoe
|raw|whyudodoe's rating: 1491 &rarr; <strong>1512</strong><br />(+21 for winning)
|raw|ihymyly's rating: 1506 &rarr; <strong>1485</strong><br />(-21 for losing)
|l|‽ihymyly
|player|p2|
|l|‽whyudodoe
|player|p1|
