|j|☆ikthoizzykil
|j|☆tperz
|t:|1779843305
|gametype|singles
|player|p1|ikthoizzykil|pokemaniac-gen3rs|1441
|player|p2|tperz|gentleman-gen4dp|1481
|gen|9
|tier|[Gen 9] OU
|rated|
|rule|HP Percentage Mod: HP is shown in percentages
|rule|Endless Battle Clause: Forcing endless battles is banned
|rule|Species Clause: Limit one of each Pokémon
|rule|OHKO Clause: OHKO moves are banned
|rule|Evasion Items Clause: Evasion items are banned
|rule|Evasion Moves Clause: Evasion moves are banned
|rule|Evasion Abilities Clause: Evasion abilities are banned
|rule|Sleep Moves Clause: Sleep-inducing moves are banned
|clearpoke
|poke|p1|Braviary, M|
|poke|p1|Great Tusk|
|poke|p1|Rillaboom, F|
|poke|p1|Primarina, F|
|poke|p1|Kingambit, M|
|poke|p1|Skeledirge, F|
|poke|p2|Goodra-Hisui, M|
|poke|p2|Ninetales-Alola, F|
|poke|p2|Glimmora, M|
|poke|p2|Mandibuzz, F|
|poke|p2|Ogerpon-Wellspring, F|
|poke|p2|Great Tusk|
|teampreview
|inactive|Battle timer is ON: inactive players will automatically lose when time's up. (requested by tperz)
|inactive|ikthoizzykil also wants the timer to be on.
|
|t:|1779843327
|teamsize|p1|6
|teamsize|p2|6
|start
|switch|p1a: Great Tusk|Great Tusk|100/100
|switch|p2a: Ogerpon|Ogerpon-Wellspring, F|100/100
|-enditem|p1a: Great Tusk|Booster Energy
|-activate|p1a: Great Tusk|ability: Protosynthesis|[fromitem]
|-start|p1a: Great Tusk|protosynthesisatk
|turn|1
|
|t:|1779843344
|move|p2a: Ogerpon|U-turn|p1a: Great Tusk
|-resisted|p1a: Great Tusk
|-damage|p1a: Great Tusk|92/100
|
|t:|1779843346
|switch|p2a: Mandibuzz|Mandibuzz, F|100/100|[from] U-turn
|move|p1a: Great Tusk|Stealth Rock|p2a: Mandibuzz
|-sidestart|p2: tperz|move: Stealth Rock
|
|upkeep
|turn|2
|
|t:|1779843352
|move|p1a: Great Tusk|Ice Spinner|p2a: Mandibuzz
|-supereffective|p2a: Mandibuzz
|-damage|p2a: Mandibuzz|65/100
|-damage|p1a: Great Tusk|76/100|[from] item: Rocky Helmet|[of] p2a: Mandibuzz
|move|p2a: Mandibuzz|Defog|p1a: Great Tusk
|-unboost|p1a: Great Tusk|evasion|1
|-sideend|p2: tperz|Stealth Rock|[from] move: Defog|[of] p2a: Mandibuzz
|
|upkeep
|turn|3
|
|t:|1779843364
|move|p1a: Great Tusk|Stealth Rock|p2a: Mandibuzz
|-sidestart|p2: tperz|move: Stealth Rock
|move|p2a: Mandibuzz|Roost|p2a: Mandibuzz
|-heal|p2a: Mandibuzz|100/100
|-singleturn|p2a: Mandibuzz|move: Roost
|
|upkeep
|turn|4
|
|t:|1779843372
|-end|p1a: Great Tusk|Protosynthesis|[silent]
|switch|p1a: Primarina|Primarina, F|100/100
|move|p2a: Mandibuzz|Defog|p1a: Primarina
|-unboost|p1a: Primarina|evasion|1
|-sideend|p2: tperz|Stealth Rock|[from] move: Defog|[of] p2a: Mandibuzz
|
|upkeep
|turn|5
|
|t:|1779843381
|switch|p2a: Goodra|Goodra-Hisui, M|100/100
|move|p1a: Primarina|Substitute|p1a: Primarina
|-start|p1a: Primarina|Substitute
|-damage|p1a: Primarina|76/100
|
|-heal|p1a: Primarina|82/100|[from] item: Leftovers
|upkeep
|turn|6
|
|t:|1779843387
|switch|p2a: Ninetales|Ninetales-Alola, F|100/100
|-weather|Snowscape|[from] ability: Snow Warning|[of] p2a: Ninetales
|move|p1a: Primarina|Calm Mind|p1a: Primarina
|-boost|p1a: Primarina|spa|1
|-boost|p1a: Primarina|spd|1
|
|-weather|Snowscape|[upkeep]
|-heal|p1a: Primarina|88/100|[from] item: Leftovers
|upkeep
|turn|7
|
|t:|1779843397
|switch|p1a: Kingambit|Kingambit, M|100/100
|move|p2a: Ninetales|Encore||[still]
|-fail|p2a: Ninetales
|
|-weather|Snowscape|[upkeep]
|upkeep
|turn|8
|
|t:|1779843406
|switch|p2a: Great Tusk|Great Tusk|100/100
|move|p1a: Kingambit|Swords Dance|p1a: Kingambit
|-boost|p1a: Kingambit|atk|2
|
|-weather|Snowscape|[upkeep]
|upkeep
|turn|9
|
|t:|1779843415
|move|p2a: Great Tusk|Close Combat|p1a: Kingambit
|-supereffective|p1a: Kingambit
|-damage|p1a: Kingambit|0 fnt
|-unboost|p2a: Great Tusk|def|1
|-unboost|p2a: Great Tusk|spd|1
|faint|p1a: Kingambit
|-end|p1a: Kingambit|fallenundefined|[silent]
|
|-weather|Snowscape|[upkeep]
|upkeep
|
|t:|1779843421
|switch|p1a: Braviary|Braviary, M|100/100
|turn|10
|
|t:|1779843426
|-end|p2a: Great Tusk|Protosynthesis|[silent]
|switch|p2a: Mandibuzz|Mandibuzz, F|100/100
|move|p1a: Braviary|Bulk Up|p1a: Braviary
|-boost|p1a: Braviary|atk|1
|-boost|p1a: Braviary|def|1
|
|-weather|none
|upkeep
|turn|11
|
|t:|1779843441
|move|p1a: Braviary|Body Slam|p2a: Mandibuzz
|-crit|p2a: Mandibuzz
|-damage|p2a: Mandibuzz|30/100
|-damage|p1a: Braviary|84/100|[from] item: Rocky Helmet|[of] p2a: Mandibuzz
|move|p2a: Mandibuzz|Foul Play|p1a: Braviary
|-crit|p1a: Braviary
|-damage|p1a: Braviary|0 fnt
|faint|p1a: Braviary
|
|upkeep
|c|☆ikthoizzykil|lol dam
|
|t:|1779843451
|switch|p1a: Skeledirge|Skeledirge, F|100/100
|turn|12
|
|t:|1779843463
|switch|p2a: Glimmora|Glimmora, M|100/100
|move|p1a: Skeledirge|Will-O-Wisp|p2a: Glimmora
|-status|p2a: Glimmora|brn
|
|-damage|p2a: Glimmora|94/100 brn|[from] brn
|upkeep
|turn|13
|
|t:|1779843476
|switch|p1a: Great Tusk|Great Tusk|76/100
|move|p2a: Glimmora|Toxic|p1a: Great Tusk
|-status|p1a: Great Tusk|tox
|
|-heal|p2a: Glimmora|100/100 brn|[from] item: Black Sludge
|-damage|p1a: Great Tusk|69/100 tox|[from] psn
|-damage|p2a: Glimmora|94/100 brn|[from] brn
|upkeep
|turn|14
|
|t:|1779843490
|switch|p2a: Ninetales|Ninetales-Alola, F|100/100
|-weather|Snowscape|[from] ability: Snow Warning|[of] p2a: Ninetales
|move|p1a: Great Tusk|Ice Spinner|p2a: Ninetales
|-resisted|p2a: Ninetales
|-damage|p2a: Ninetales|90/100
|
|-weather|Snowscape|[upkeep]
|-damage|p1a: Great Tusk|57/100 tox|[from] psn
|upkeep
|turn|15
|
|t:|1779843499
|move|p2a: Ninetales|Encore|p1a: Great Tusk
|-start|p1a: Great Tusk|Encore
|move|p1a: Great Tusk|Ice Spinner|p2a: Ninetales
|-resisted|p2a: Ninetales
|-damage|p2a: Ninetales|79/100
|
|-weather|Snowscape|[upkeep]
|-damage|p1a: Great Tusk|38/100 tox|[from] psn
|upkeep
|turn|16
|
|t:|1779843506
|-end|p1a: Great Tusk|Protosynthesis|[silent]
|switch|p1a: Skeledirge|Skeledirge, F|100/100
|move|p2a: Ninetales|Aurora Veil|p2a: Ninetales
|-sidestart|p2: tperz|move: Aurora Veil
|
|-weather|Snowscape|[upkeep]
|upkeep
|turn|17
|
|t:|1779843511
|switch|p2a: Glimmora|Glimmora, M|94/100 brn
|move|p1a: Skeledirge|Torch Song|p2a: Glimmora
|-resisted|p2a: Glimmora
|-damage|p2a: Glimmora|86/100 brn
|-boost|p1a: Skeledirge|spa|1
|
|-weather|Snowscape|[upkeep]
|-heal|p2a: Glimmora|92/100 brn|[from] item: Black Sludge
|-damage|p2a: Glimmora|86/100 brn|[from] brn
|upkeep
|turn|18
|
|t:|1779843521
|switch|p1a: Great Tusk|Great Tusk|38/100 tox
|move|p2a: Glimmora|Earth Power|p1a: Great Tusk
|-damage|p1a: Great Tusk|0 fnt
|faint|p1a: Great Tusk
|-end|p1a: Great Tusk|Protosynthesis|[silent]
|
|-weather|none
|-heal|p2a: Glimmora|92/100 brn|[from] item: Black Sludge
|-damage|p2a: Glimmora|86/100 brn|[from] brn
|upkeep
|
|t:|1779843530
|switch|p1a: Rillaboom|Rillaboom, F|100/100
|-fieldstart|move: Grassy Terrain|[from] ability: Grassy Surge|[of] p1a: Rillaboom
|turn|19
|
|t:|1779843537
|-terastallize|p1a: Rillaboom|Grass
|move|p1a: Rillaboom|Grassy Glide|p2a: Glimmora
|-damage|p2a: Glimmora|47/100 brn
|move|p2a: Glimmora|Toxic|p1a: Rillaboom
|-status|p1a: Rillaboom|tox
|
|-heal|p2a: Glimmora|53/100 brn|[from] Grassy Terrain
|-heal|p2a: Glimmora|59/100 brn|[from] item: Black Sludge
|-damage|p1a: Rillaboom|94/100 tox|[from] psn
|-damage|p2a: Glimmora|53/100 brn|[from] brn
|upkeep
|turn|20
|
|t:|1779843549
|switch|p1a: Skeledirge|Skeledirge, F|100/100
|switch|p2a: Mandibuzz|Mandibuzz, F|30/100
|
|upkeep
|turn|21
|
|t:|1779843554
|switch|p2a: Glimmora|Glimmora, M|53/100 brn
|move|p1a: Skeledirge|Will-O-Wisp|p2a: Glimmora
|-fail|p2a: Glimmora|brn
|
|-heal|p2a: Glimmora|59/100 brn|[from] Grassy Terrain
|-heal|p2a: Glimmora|66/100 brn|[from] item: Black Sludge
|-damage|p2a: Glimmora|59/100 brn|[from] brn
|upkeep
|turn|22
|
|t:|1779843563
|switch|p1a: Rillaboom|Rillaboom, F, tera:Grass|94/100 tox
|move|p2a: Glimmora|Power Gem|p1a: Rillaboom
|-damage|p1a: Rillaboom|37/100 tox
|
|-heal|p1a: Rillaboom|44/100 tox|[from] Grassy Terrain
|-heal|p2a: Glimmora|66/100 brn|[from] Grassy Terrain
|-heal|p2a: Glimmora|72/100 brn|[from] item: Black Sludge
|-damage|p1a: Rillaboom|37/100 tox|[from] psn
|-damage|p2a: Glimmora|66/100 brn|[from] brn
|upkeep
|turn|23
|
|t:|1779843578
|switch|p2a: Goodra|Goodra-Hisui, M|100/100
|move|p1a: Rillaboom|Knock Off|p2a: Goodra
|-damage|p2a: Goodra|76/100
|-enditem|p2a: Goodra|Leftovers|[from] move: Knock Off|[of] p1a: Rillaboom
|
|-heal|p1a: Rillaboom|44/100 tox|[from] Grassy Terrain
|-heal|p2a: Goodra|82/100|[from] Grassy Terrain
|-damage|p1a: Rillaboom|31/100 tox|[from] psn
|-sideend|p2: tperz|move: Aurora Veil
|-fieldend|move: Grassy Terrain
|upkeep
|turn|24
|
|t:|1779843593
|switch|p1a: Skeledirge|Skeledirge, F|100/100
|move|p2a: Goodra|Life Dew|p2a: Goodra
|-heal|p2a: Goodra|100/100
|
|upkeep
|turn|25
|
|t:|1779843599
|switch|p1a: Rillaboom|Rillaboom, F, tera:Grass|31/100 tox
|-fieldstart|move: Grassy Terrain|[from] ability: Grassy Surge|[of] p1a: Rillaboom
|switch|p2a: Ogerpon|Ogerpon-Wellspring, F|100/100
|
|-heal|p1a: Rillaboom|37/100 tox|[from] Grassy Terrain
|-damage|p1a: Rillaboom|31/100 tox|[from] psn
|upkeep
|turn|26
|
|t:|1779843610
|move|p1a: Rillaboom|Grassy Glide|p2a: Ogerpon
|-damage|p2a: Ogerpon|0 fnt
|faint|p2a: Ogerpon
|
|-heal|p1a: Rillaboom|37/100 tox|[from] Grassy Terrain
|-damage|p1a: Rillaboom|25/100 tox|[from] psn
|upkeep
|
|t:|1779843616
|switch|p2a: Goodra|Goodra-Hisui, M|100/100
|turn|27
|
|t:|1779843619
|switch|p1a: Primarina|Primarina, F|88/100
|move|p2a: Goodra|Curse|p2a: Goodra
|-unboost|p2a: Goodra|spe|1
|-boost|p2a: Goodra|atk|1
|-boost|p2a: Goodra|def|1
|
|-heal|p1a: Primarina|94/100|[from] Grassy Terrain
|-heal|p1a: Primarina|99/100|[from] item: Leftovers
|upkeep
|turn|28
|
|t:|1779843628
|switch|p1a: Skeledirge|Skeledirge, F|100/100
|move|p2a: Goodra|Curse|p2a: Goodra
|-unboost|p2a: Goodra|spe|1
|-boost|p2a: Goodra|atk|1
|-boost|p2a: Goodra|def|1
|
|upkeep
|turn|29
|
|t:|1779843636
|switch|p2a: Glimmora|Glimmora, M|66/100 brn
|move|p1a: Skeledirge|Torch Song|p2a: Glimmora
|-resisted|p2a: Glimmora
|-damage|p2a: Glimmora|48/100 brn
|-boost|p1a: Skeledirge|spa|1
|
|-heal|p2a: Glimmora|54/100 brn|[from] Grassy Terrain
|-heal|p2a: Glimmora|60/100 brn|[from] item: Black Sludge
|-damage|p2a: Glimmora|54/100 brn|[from] brn
|-fieldend|move: Grassy Terrain
|upkeep
|turn|30
|
|t:|1779843647
|move|p2a: Glimmora|Power Gem|p1a: Skeledirge
|-supereffective|p1a: Skeledirge
|-damage|p1a: Skeledirge|31/100
|move|p1a: Skeledirge|Hex|p2a: Glimmora
|-damage|p2a: Glimmora|0 fnt
|faint|p2a: Glimmora
|
|upkeep
|
|t:|1779843651
|switch|p2a: Great Tusk|Great Tusk|100/100
|turn|31
|
|t:|1779843658
|switch|p1a: Primarina|Primarina, F|99/100
|move|p2a: Great Tusk|Headlong Rush|p1a: Primarina
|-damage|p1a: Primarina|52/100
|-unboost|p2a: Great Tusk|def|1
|-unboost|p2a: Great Tusk|spd|1
|
|-heal|p1a: Primarina|58/100|[from] item: Leftovers
|upkeep
|turn|32
|
|t:|1779843676
|-end|p2a: Great Tusk|Protosynthesis|[silent]
|switch|p2a: Ninetales|Ninetales-Alola, F|79/100
|-weather|Snowscape|[from] ability: Snow Warning|[of] p2a: Ninetales
|move|p1a: Primarina|Draining Kiss|p2a: Ninetales
|-damage|p2a: Ninetales|56/100
|-heal|p1a: Primarina|73/100|[from] drain|[of] p2a: Ninetales
|
|-weather|Snowscape|[upkeep]
|-heal|p1a: Primarina|79/100|[from] item: Leftovers
|upkeep
|turn|33
|
|t:|1779843690
|switch|p1a: Skeledirge|Skeledirge, F|31/100
|move|p2a: Ninetales|Aurora Veil|p2a: Ninetales
|-sidestart|p2: tperz|move: Aurora Veil
|
|-weather|Snowscape|[upkeep]
|upkeep
|turn|34
|
|t:|1779843695
|switch|p2a: Great Tusk|Great Tusk|100/100
|move|p1a: Skeledirge|Slack Off|p1a: Skeledirge
|-heal|p1a: Skeledirge|82/100
|
|-weather|Snowscape|[upkeep]
|upkeep
|turn|35
|
|t:|1779843704
|switch|p1a: Rillaboom|Rillaboom, F, tera:Grass|25/100 tox
|-fieldstart|move: Grassy Terrain|[from] ability: Grassy Surge|[of] p1a: Rillaboom
|-terastallize|p2a: Great Tusk|Stellar
|move|p2a: Great Tusk|Headlong Rush|p1a: Rillaboom
|-resisted|p1a: Rillaboom
|-damage|p1a: Rillaboom|0 fnt
|-unboost|p2a: Great Tusk|def|1
|-unboost|p2a: Great Tusk|spd|1
|faint|p1a: Rillaboom
|
|-weather|Snowscape|[upkeep]
|upkeep
|
|t:|1779843715
|switch|p1a: Primarina|Primarina, F|79/100
|turn|36
|
|t:|1779843719
|-end|p2a: Great Tusk|Protosynthesis|[silent]
|switch|p2a: Ninetales|Ninetales-Alola, F|56/100
|move|p1a: Primarina|Draining Kiss|p2a: Ninetales
|-damage|p2a: Ninetales|44/100
|-heal|p1a: Primarina|87/100|[from] drain|[of] p2a: Ninetales
|
|-weather|none
|-heal|p2a: Ninetales|50/100|[from] Grassy Terrain
|-heal|p1a: Primarina|93/100|[from] Grassy Terrain
|-heal|p1a: Primarina|99/100|[from] item: Leftovers
|upkeep
|turn|37
|j| samurajen
|
|t:|1779843728
|move|p2a: Ninetales|Moonblast|p1a: Primarina
|-damage|p1a: Primarina|67/100
|move|p1a: Primarina|Substitute|p1a: Primarina
|-start|p1a: Primarina|Substitute
|-damage|p1a: Primarina|42/100
|
|-heal|p2a: Ninetales|56/100|[from] Grassy Terrain
|-heal|p1a: Primarina|48/100|[from] Grassy Terrain
|-heal|p1a: Primarina|54/100|[from] item: Leftovers
|upkeep
|turn|38
|
|t:|1779843737
|move|p2a: Ninetales|Encore|p1a: Primarina
|-start|p1a: Primarina|Encore
|move|p1a: Primarina|Substitute|p1a: Primarina
|-fail|p1a: Primarina|move: Substitute
|
|-heal|p2a: Ninetales|62/100|[from] Grassy Terrain
|-heal|p1a: Primarina|60/100|[from] Grassy Terrain
|-heal|p1a: Primarina|66/100|[from] item: Leftovers
|upkeep
|turn|39
|
|t:|1779843744
|move|p2a: Ninetales|Moonblast|p1a: Primarina
|-end|p1a: Primarina|Substitute
|move|p1a: Primarina|Substitute|p1a: Primarina
|-start|p1a: Primarina|Substitute
|-damage|p1a: Primarina|41/100
|
|-heal|p2a: Ninetales|68/100|[from] Grassy Terrain
|-heal|p1a: Primarina|47/100|[from] Grassy Terrain
|-heal|p1a: Primarina|53/100|[from] item: Leftovers
|-fieldend|move: Grassy Terrain
|upkeep
|turn|40
|
|t:|1779843753
|move|p2a: Ninetales|Moonblast|p1a: Primarina
|-end|p1a: Primarina|Substitute
|move|p1a: Primarina|Substitute|p1a: Primarina
|-start|p1a: Primarina|Substitute
|-damage|p1a: Primarina|29/100
|
|-heal|p1a: Primarina|35/100|[from] item: Leftovers
|-end|p1a: Primarina|Encore
|-sideend|p2: tperz|move: Aurora Veil
|upkeep
|turn|41
|
|t:|1779843763
|move|p2a: Ninetales|Encore|p1a: Primarina
|-start|p1a: Primarina|Encore
|move|p1a: Primarina|Substitute|p1a: Primarina
|-fail|p1a: Primarina|move: Substitute
|
|-heal|p1a: Primarina|41/100|[from] item: Leftovers
|upkeep
|turn|42
|
|t:|1779843769
|switch|p1a: Skeledirge|Skeledirge, F|82/100
|move|p2a: Ninetales|Moonblast|p1a: Skeledirge
|-resisted|p1a: Skeledirge
|-damage|p1a: Skeledirge|67/100
|-unboost|p1a: Skeledirge|spa|1
|
|upkeep
|turn|43
|
|t:|1779843776
|switch|p2a: Goodra|Goodra-Hisui, M|100/100
|move|p1a: Skeledirge|Will-O-Wisp|p2a: Goodra
|-status|p2a: Goodra|brn
|
|-damage|p2a: Goodra|94/100 brn|[from] brn
|upkeep
|turn|44
|
|t:|1779843782
|move|p1a: Skeledirge|Slack Off|p1a: Skeledirge
|-heal|p1a: Skeledirge|100/100
|move|p2a: Goodra|Draco Meteor|p1a: Skeledirge
|-damage|p1a: Skeledirge|64/100
|-unboost|p2a: Goodra|spa|2
|
|-damage|p2a: Goodra|88/100 brn|[from] brn
|upkeep
|turn|45
|
|t:|1779843792
|move|p1a: Skeledirge|Slack Off|p1a: Skeledirge
|-heal|p1a: Skeledirge|100/100
|move|p2a: Goodra|Draco Meteor|p1a: Skeledirge
|-damage|p1a: Skeledirge|62/100
|-unboost|p2a: Goodra|spa|2
|
|-damage|p2a: Goodra|82/100 brn|[from] brn
|upkeep
|turn|46
|
|t:|1779843801
|switch|p1a: Primarina|Primarina, F|41/100
|move|p2a: Goodra|Draco Meteor|p1a: Primarina
|-immune|p1a: Primarina
|
|-heal|p1a: Primarina|47/100|[from] item: Leftovers
|-damage|p2a: Goodra|76/100 brn|[from] brn
|upkeep
|turn|47
|
|t:|1779843809
|switch|p2a: Ninetales|Ninetales-Alola, F|68/100
|-weather|Snowscape|[from] ability: Snow Warning|[of] p2a: Ninetales
|move|p1a: Primarina|Draining Kiss|p2a: Ninetales
|-damage|p2a: Ninetales|43/100
|-heal|p1a: Primarina|63/100|[from] drain|[of] p2a: Ninetales
|
|-weather|Snowscape|[upkeep]
|-heal|p1a: Primarina|69/100|[from] item: Leftovers
|upkeep
|turn|48
|
|t:|1779843818
|switch|p1a: Skeledirge|Skeledirge, F|62/100
|move|p2a: Ninetales|Aurora Veil|p2a: Ninetales
|-sidestart|p2: tperz|move: Aurora Veil
|
|-weather|Snowscape|[upkeep]
|upkeep
|turn|49
|
|t:|1779843824
|switch|p2a: Goodra|Goodra-Hisui, M|76/100 brn
|move|p1a: Skeledirge|Will-O-Wisp|p2a: Goodra
|-fail|p2a: Goodra|brn
|
|-weather|Snowscape|[upkeep]
|-damage|p2a: Goodra|70/100 brn|[from] brn
|upkeep
|turn|50
|
|t:|1779843831
|move|p1a: Skeledirge|Slack Off|p1a: Skeledirge
|-heal|p1a: Skeledirge|100/100
|move|p2a: Goodra|Draco Meteor|p1a: Skeledirge
|-damage|p1a: Skeledirge|62/100
|-unboost|p2a: Goodra|spa|2
|
|-weather|Snowscape|[upkeep]
|-damage|p2a: Goodra|64/100 brn|[from] brn
|upkeep
|turn|51
|
|t:|1779843840
|switch|p1a: Primarina|Primarina, F|69/100
|move|p2a: Goodra|Draco Meteor|p1a: Primarina
|-immune|p1a: Primarina
|
|-weather|none
|-heal|p1a: Primarina|75/100|[from] item: Leftovers
|-damage|p2a: Goodra|58/100 brn|[from] brn
|upkeep
|turn|52
|
|t:|1779843848
|switch|p2a: Ninetales|Ninetales-Alola, F|43/100
|-weather|Snowscape|[from] ability: Snow Warning|[of] p2a: Ninetales
|move|p1a: Primarina|Draining Kiss|p2a: Ninetales
|-damage|p2a: Ninetales|31/100
|-heal|p1a: Primarina|83/100|[from] drain|[of] p2a: Ninetales
|
|-weather|Snowscape|[upkeep]
|-heal|p1a: Primarina|89/100|[from] item: Leftovers
|upkeep
|turn|53
|
|t:|1779843858
|switch|p1a: Skeledirge|Skeledirge, F|62/100
|move|p2a: Ninetales|Moonblast|p1a: Skeledirge
|-resisted|p1a: Skeledirge
|-damage|p1a: Skeledirge|47/100
|
|-weather|Snowscape|[upkeep]
|upkeep
|turn|54
|
|t:|1779843864
|move|p2a: Ninetales|Moonblast|p1a: Skeledirge
|-resisted|p1a: Skeledirge
|-damage|p1a: Skeledirge|32/100
|move|p1a: Skeledirge|Slack Off|p1a: Skeledirge
|-heal|p1a: Skeledirge|82/100
|
|-weather|Snowscape|[upkeep]
|upkeep
|turn|55
|
|t:|1779843871
|switch|p1a: Primarina|Primarina, F|89/100
|move|p2a: Ninetales|Encore||[still]
|-fail|p2a: Ninetales
|
|-weather|Snowscape|[upkeep]
|-heal|p1a: Primarina|95/100|[from] item: Leftovers
|-sideend|p2: tperz|move: Aurora Veil
|upkeep
|turn|56
|
|t:|1779843878
|switch|p1a: Skeledirge|Skeledirge, F|82/100
|move|p2a: Ninetales|Aurora Veil|p2a: Ninetales
|-sidestart|p2: tperz|move: Aurora Veil
|
|-weather|none
|upkeep
|turn|57
|
|t:|1779843891
|switch|p2a: Mandibuzz|Mandibuzz, F|30/100
|move|p1a: Skeledirge|Will-O-Wisp|p2a: Mandibuzz
|-status|p2a: Mandibuzz|brn
|
|-damage|p2a: Mandibuzz|24/100 brn|[from] brn
|upkeep
|turn|58
|
|t:|1779843905
|move|p2a: Mandibuzz|Taunt|p1a: Skeledirge
|-start|p1a: Skeledirge|move: Taunt
|move|p1a: Skeledirge|Torch Song|p2a: Mandibuzz
|-damage|p2a: Mandibuzz|12/100 brn
|-boost|p1a: Skeledirge|spa|1
|
|-damage|p2a: Mandibuzz|6/100 brn|[from] brn
|upkeep
|turn|59
|
|t:|1779843915
|move|p2a: Mandibuzz|Foul Play|p1a: Skeledirge
|-supereffective|p1a: Skeledirge
|-damage|p1a: Skeledirge|68/100
|move|p1a: Skeledirge|Torch Song|p2a: Mandibuzz
|-damage|p2a: Mandibuzz|0 fnt
|-boost|p1a: Skeledirge|spa|1
|faint|p2a: Mandibuzz
|
|upkeep
|
|t:|1779843916
|switch|p2a: Great Tusk|Great Tusk, tera:Stellar|100/100
|turn|60
|
|t:|1779843939
|move|p2a: Great Tusk|Headlong Rush|p1a: Skeledirge
|-supereffective|p1a: Skeledirge
|-damage|p1a: Skeledirge|0 fnt
|-unboost|p2a: Great Tusk|def|1
|-unboost|p2a: Great Tusk|spd|1
|faint|p1a: Skeledirge
|
|upkeep
|
|t:|1779843945
|switch|p1a: Primarina|Primarina, F|95/100
|turn|61
|
|t:|1779843947
|move|p2a: Great Tusk|Headlong Rush|p1a: Primarina
|-damage|p1a: Primarina|45/100
|-unboost|p2a: Great Tusk|def|1
|-unboost|p2a: Great Tusk|spd|1
|move|p1a: Primarina|Draining Kiss|p2a: Great Tusk
|-supereffective|p2a: Great Tusk
|-damage|p2a: Great Tusk|44/100
|-heal|p1a: Primarina|93/100|[from] drain|[of] p2a: Great Tusk
|
|-heal|p1a: Primarina|99/100|[from] item: Leftovers
|upkeep
|turn|62
|l| samurajen
|
|t:|1779843961
|-end|p2a: Great Tusk|Protosynthesis|[silent]
|switch|p2a: Goodra|Goodra-Hisui, M|58/100 brn
|move|p1a: Primarina|Draining Kiss|p2a: Goodra
|-damage|p2a: Goodra|52/100 brn
|-heal|p1a: Primarina|100/100|[from] drain|[of] p2a: Goodra
|
|-damage|p2a: Goodra|46/100 brn|[from] brn
|upkeep
|turn|63
|
|t:|1779843969
|move|p1a: Primarina|Psychic Noise|p2a: Goodra
|-resisted|p2a: Goodra
|-damage|p2a: Goodra|43/100 brn
|-start|p2a: Goodra|move: Heal Block
|cant|p2a: Goodra|move: Heal Block|Life Dew
|
|-damage|p2a: Goodra|36/100 brn|[from] brn
|-sideend|p2: tperz|move: Aurora Veil
|upkeep
|turn|64
|
|t:|1779843976
|move|p1a: Primarina|Draining Kiss|p2a: Goodra
|-damage|p2a: Goodra|25/100 brn
|move|p2a: Goodra|Curse|p2a: Goodra
|-unboost|p2a: Goodra|spe|1
|-boost|p2a: Goodra|atk|1
|-boost|p2a: Goodra|def|1
|
|-damage|p2a: Goodra|19/100 brn|[from] brn
|-end|p2a: Goodra|move: Heal Block
|upkeep
|turn|65
|
|t:|1779843987
|move|p1a: Primarina|Psychic Noise|p2a: Goodra
|-resisted|p2a: Goodra
|-damage|p2a: Goodra|10/100 brn
|-start|p2a: Goodra|move: Heal Block
|cant|p2a: Goodra|move: Heal Block|Life Dew
|
|-damage|p2a: Goodra|4/100 brn|[from] brn
|upkeep
|turn|66
|
|t:|1779843995
|move|p1a: Primarina|Substitute|p1a: Primarina
|-start|p1a: Primarina|Substitute
|-damage|p1a: Primarina|76/100
|move|p2a: Goodra|Gyro Ball|p1a: Primarina
|-activate|p1a: Primarina|move: Substitute|[damage]
|
|-heal|p1a: Primarina|82/100|[from] item: Leftovers
|-damage|p2a: Goodra|0 fnt|[from] brn
|faint|p2a: Goodra
|upkeep
|
|t:|1779843999
|switch|p2a: Ninetales|Ninetales-Alola, F|31/100
|-weather|Snowscape|[from] ability: Snow Warning|[of] p2a: Ninetales
|turn|67
|-message|ikthoizzykil forfeited.
|
|win|tperz
|raw|ikthoizzykil's rating: 1441 &rarr; <strong>1423</strong><br />(-18 for losing)
|raw|tperz's rating: 1481 &rarr; <strong>1499</strong><br />(+18 for winning)
|l|☆ikthoizzykil
|player|p1|
|l|☆tperz
|player|p2|
|j| samurajen
