|j|☆Glocksucker
|j|☆panzershock
|t:|1779804160
|gametype|singles
|player|p1|Glocksucker|265|1261
|player|p2|panzershock|102|1169
|gen|9
|tier|[Gen 9] OU
|rated|
|rule|HP Percentage Mod: HP is shown in percentages
|rule|Endless Battle Clause: Forcing endless battles is banned
|rule|Species Clause: Limit one of each Pokémon
|rule|OHKO Clause: OHKO moves are banned
|rule|Evasion Items Clause: Evasion items are banned
|rule|Evasion Moves Clause: Evasion moves are banned
|rule|Evasion Abilities Clause: Evasion abilities are banned
|rule|Sleep Moves Clause: Sleep-inducing moves are banned
|clearpoke
|poke|p1|Darkrai|
|poke|p1|Rillaboom, F|
|poke|p1|Hawlucha, F|
|poke|p1|Heatran, M|
|poke|p1|Landorus-Therian, M|
|poke|p1|Primarina, M|
|poke|p2|Necrozma|
|poke|p2|Meowscarada, F|
|poke|p2|Pawmot, F|
|poke|p2|Breloom, F|
|poke|p2|Mabosstiff, M|
|poke|p2|Pecharunt|
|teampreview
|
|t:|1779804186
|teamsize|p1|6
|teamsize|p2|6
|start
|switch|p1a: Rillaboom|Rillaboom, F|100/100
|switch|p2a: Breloom|Breloom, F|100/100
|-fieldstart|move: Grassy Terrain|[from] ability: Grassy Surge|[of] p1a: Rillaboom
|turn|1
|
|t:|1779804198
|move|p2a: Breloom|Bullet Seed|p1a: Rillaboom
|-resisted|p1a: Rillaboom
|-damage|p1a: Rillaboom|87/100
|-resisted|p1a: Rillaboom
|-damage|p1a: Rillaboom|74/100
|-resisted|p1a: Rillaboom
|-damage|p1a: Rillaboom|61/100
|-hitcount|p1a: Rillaboom|3
|move|p1a: Rillaboom|U-turn|p2a: Breloom
|-damage|p2a: Breloom|63/100
|
|t:|1779804220
|switch|p1a: Darkrai|Darkrai|100/100|[from] U-turn
|
|-heal|p2a: Breloom|69/100|[from] Grassy Terrain
|upkeep
|turn|2
|
|t:|1779804239
|switch|p2a: Mabosstiff|Mabosstiff, M|100/100
|move|p1a: Darkrai|Ice Beam|p2a: Mabosstiff
|-damage|p2a: Mabosstiff|49/100
|
|-heal|p2a: Mabosstiff|55/100|[from] Grassy Terrain
|upkeep
|turn|3
|
|t:|1779804257
|move|p2a: Mabosstiff|Play Rough|p1a: Darkrai
|-supereffective|p1a: Darkrai
|-damage|p1a: Darkrai|28/100
|move|p1a: Darkrai|Sludge Bomb|p2a: Mabosstiff
|-crit|p2a: Mabosstiff
|-damage|p2a: Mabosstiff|0 fnt
|faint|p2a: Mabosstiff
|
|-heal|p1a: Darkrai|34/100|[from] Grassy Terrain
|upkeep
|
|t:|1779804275
|switch|p2a: Breloom|Breloom, F|69/100
|turn|4
|
|t:|1779804280
|move|p1a: Darkrai|Ice Beam|p2a: Breloom
|-supereffective|p2a: Breloom
|-damage|p2a: Breloom|0 fnt
|faint|p2a: Breloom
|
|-heal|p1a: Darkrai|40/100|[from] Grassy Terrain
|upkeep
|
|t:|1779804288
|switch|p2a: Pawmot|Pawmot, F|100/100
|turn|5
|
|t:|1779804316
|switch|p1a: Landorus|Landorus-Therian, M|100/100
|-ability|p1a: Landorus|Intimidate|boost
|-unboost|p2a: Pawmot|atk|1
|move|p2a: Pawmot|Double Shock|p1a: Landorus
|-immune|p1a: Landorus
|
|upkeep
|turn|6
|
|t:|1779804327
|move|p2a: Pawmot|Revival Blessing|p2a: Pawmot
|
|t:|1779804330
|-heal|p2: Breloom|50/100|[from] move: Revival Blessing
|move|p1a: Landorus|Stealth Rock|p2a: Pawmot
|-sidestart|p2: panzershock|move: Stealth Rock
|
|upkeep
|turn|7
|
|t:|1779804350
|move|p2a: Pawmot|Encore|p1a: Landorus
|-start|p1a: Landorus|Encore
|move|p1a: Landorus|Stealth Rock||[still]
|-fail|p1a: Landorus
|
|upkeep
|turn|8
|
|t:|1779804364
|switch|p1a: Rillaboom|Rillaboom, F|61/100
|move|p2a: Pawmot|Double Shock|p1a: Rillaboom
|-resisted|p1a: Rillaboom
|-damage|p1a: Rillaboom|38/100
|-start|p2a: Pawmot|typechange|???/Fighting|[from] move: Double Shock
|
|-heal|p1a: Rillaboom|44/100|[from] Grassy Terrain
|-fieldend|move: Grassy Terrain
|upkeep
|turn|9
|
|t:|1779804383
|move|p2a: Pawmot|Ice Punch|p1a: Rillaboom
|-supereffective|p1a: Rillaboom
|-damage|p1a: Rillaboom|7/100
|move|p1a: Rillaboom|Wood Hammer|p2a: Pawmot
|-damage|p2a: Pawmot|0 fnt
|faint|p2a: Pawmot
|-damage|p1a: Rillaboom|0 fnt|[from] Recoil
|faint|p1a: Rillaboom
|
|upkeep
|
|t:|1779804403
|switch|p2a: Pecharunt|Pecharunt|100/100
|switch|p1a: Darkrai|Darkrai|40/100
|-damage|p2a: Pecharunt|88/100|[from] Stealth Rock
|turn|10
|
|t:|1779804407
|-terastallize|p2a: Pecharunt|Poison
|move|p1a: Darkrai|Dark Pulse|p2a: Pecharunt
|-damage|p2a: Pecharunt|57/100
|cant|p2a: Pecharunt|flinch
|
|-heal|p2a: Pecharunt|63/100|[from] item: Black Sludge
|upkeep
|turn|11
|
|t:|1779804424
|switch|p1a: Heatran|Heatran, M|100/100
|move|p2a: Pecharunt|Malignant Chain|p1a: Heatran
|-immune|p1a: Heatran
|
|-heal|p2a: Pecharunt|69/100|[from] item: Black Sludge
|upkeep
|turn|12
|
|t:|1779804432
|move|p2a: Pecharunt|Parting Shot|p1a: Heatran
|-unboost|p1a: Heatran|atk|1
|-unboost|p1a: Heatran|spa|1
|
|t:|1779804441
|switch|p2a: Meowscarada|Meowscarada, F|100/100|[from] Parting Shot
|move|p1a: Heatran|Earth Power|p2a: Meowscarada
|-resisted|p2a: Meowscarada
|-damage|p2a: Meowscarada|87/100
|
|upkeep
|turn|13
|
|t:|1779804456
|move|p2a: Meowscarada|Spikes|p1a: Heatran
|-start|p2a: Meowscarada|typechange|Ground|[from] ability: Protean
|-sidestart|p1: Glocksucker|Spikes
|move|p1a: Heatran|Magma Storm|p2a: Meowscarada
|-damage|p2a: Meowscarada|45/100
|-activate|p2a: Meowscarada|move: Magma Storm|[of] p1a: Heatran
|
|-damage|p2a: Meowscarada|33/100|[from] move: Magma Storm|[partiallytrapped]
|upkeep
|turn|14
|
|t:|1779804473
|move|p2a: Meowscarada|Spikes|p1a: Heatran
|-sidestart|p1: Glocksucker|Spikes
|move|p1a: Heatran|Magma Storm|p2a: Meowscarada
|-damage|p2a: Meowscarada|0 fnt
|faint|p2a: Meowscarada
|
|upkeep
|
|t:|1779804478
|switch|p2a: Breloom|Breloom, F|50/100
|-damage|p2a: Breloom|44/100|[from] Stealth Rock
|turn|15
|
|t:|1779804488
|move|p2a: Breloom|Bulldoze|p1a: Heatran
|-supereffective|p1a: Heatran
|-damage|p1a: Heatran|0 fnt
|faint|p1a: Heatran
|
|upkeep
|
|t:|1779804511
|switch|p1a: fuckface|Hawlucha, F|100/100
|turn|16
|
|t:|1779804519
|move|p1a: fuckface|Acrobatics|p2a: Breloom
|-supereffective|p2a: Breloom
|-damage|p2a: Breloom|0 fnt
|faint|p2a: Breloom
|
|upkeep
|
|t:|1779804522
|switch|p2a: Pecharunt|Pecharunt, tera:Poison|69/100
|-damage|p2a: Pecharunt|56/100|[from] Stealth Rock
|turn|17
|
|t:|1779804528
|move|p1a: fuckface|Swords Dance|p1a: fuckface
|-boost|p1a: fuckface|atk|2
|move|p2a: Pecharunt|Malignant Chain|p1a: fuckface
|-damage|p1a: fuckface|45/100
|
|-heal|p2a: Pecharunt|62/100|[from] item: Black Sludge
|upkeep
|turn|18
|
|t:|1779804535
|move|p1a: fuckface|Acrobatics|p2a: Pecharunt
|-damage|p2a: Pecharunt|30/100
|move|p2a: Pecharunt|Malignant Chain|p1a: fuckface
|-damage|p1a: fuckface|0 fnt
|faint|p1a: fuckface
|
|-heal|p2a: Pecharunt|37/100|[from] item: Black Sludge
|upkeep
|
|t:|1779804543
|switch|p1a: Landorus|Landorus-Therian, M|100/100
|-ability|p1a: Landorus|Intimidate|boost
|-unboost|p2a: Pecharunt|atk|1
|turn|19
|
|t:|1779804548
|switch|p2a: Necrozma|Necrozma|100/100
|-damage|p2a: Necrozma|88/100|[from] Stealth Rock
|move|p1a: Landorus|Earthquake|p2a: Necrozma
|-damage|p2a: Necrozma|46/100
|
|upkeep
|turn|20
|
|t:|1779804555
|move|p1a: Landorus|U-turn|p2a: Necrozma
|-supereffective|p2a: Necrozma
|-damage|p2a: Necrozma|18/100
|
|t:|1779804561
|switch|p1a: Primarina|Primarina, M|100/100|[from] U-turn
|move|p2a: Necrozma|Photon Geyser|p1a: Primarina
|-damage|p1a: Primarina|30/100
|
|upkeep
|turn|21
|
|t:|1779804607
|move|p2a: Necrozma|Photon Geyser|p1a: Primarina
|-damage|p1a: Primarina|0 fnt
|faint|p1a: Primarina
|
|upkeep
|
|t:|1779804610
|switch|p1a: Darkrai|Darkrai|40/100
|turn|22
|
|t:|1779804619
|move|p1a: Darkrai|Dark Pulse|p2a: Necrozma
|-supereffective|p2a: Necrozma
|-damage|p2a: Necrozma|0 fnt
|faint|p2a: Necrozma
|
|upkeep
|
|t:|1779804621
|switch|p2a: Pecharunt|Pecharunt, tera:Poison|37/100
|-damage|p2a: Pecharunt|24/100|[from] Stealth Rock
|turn|23
|
|t:|1779804623
|-terastallize|p1a: Darkrai|Dark
|move|p1a: Darkrai|Dark Pulse|p2a: Pecharunt
|-damage|p2a: Pecharunt|0 fnt
|faint|p2a: Pecharunt
|
|win|Glocksucker
|raw|Glocksucker's rating: 1261 &rarr; <strong>1280</strong><br />(+19 for winning)
|raw|panzershock's rating: 1169 &rarr; <strong>1150</strong><br />(-19 for losing)
|l|☆panzershock
|player|p2|
|c|☆Glocksucker|Gg
|l|☆Glocksucker
|player|p1|
