|j|☆Comeslayer
|j|☆A16552
|t:|1779898036
|gametype|singles
|player|p1|Comeslayer|101|1100
|player|p2|A16552|265|1098
|gen|9
|tier|[Gen 9] OU
|rated|
|rule|HP Percentage Mod: HP is shown in percentages
|rule|Endless Battle Clause: Forcing endless battles is banned
|rule|Species Clause: Limit one of each Pokémon
|rule|OHKO Clause: OHKO moves are banned
|rule|Evasion Items Clause: Evasion items are banned
|rule|Evasion Moves Clause: Evasion moves are banned
|rule|Evasion Abilities Clause: Evasion abilities are banned
|rule|Sleep Moves Clause: Sleep-inducing moves are banned
|clearpoke
|poke|p1|Gyarados, M|
|poke|p1|Ceruledge, M|
|poke|p1|Lucario, F|
|poke|p1|Regieleki|
|poke|p1|Appletun, F|
|poke|p1|Primarina, F|
|poke|p2|Garganacl, M|
|poke|p2|Metagross|
|poke|p2|Ogerpon-Wellspring, F|
|poke|p2|Weavile, F|
|poke|p2|Gliscor, M|
|poke|p2|Greninja-*, F|
|teampreview
|inactive|Battle timer is ON: inactive players will automatically lose when time's up. (requested by Comeslayer)
|
|t:|1779898054
|teamsize|p1|6
|teamsize|p2|6
|start
|switch|p1a: Primarina|Primarina, F|100/100
|switch|p2a: Gliscor|Gliscor, M|100/100
|turn|1
|
|t:|1779898062
|move|p2a: Gliscor|Knock Off|p1a: Primarina
|-resisted|p1a: Primarina
|-damage|p1a: Primarina|85/100
|-enditem|p1a: Primarina|Focus Sash|[from] move: Knock Off|[of] p2a: Gliscor
|move|p1a: Primarina|Ice Beam|p2a: Gliscor
|-supereffective|p2a: Gliscor
|-damage|p2a: Gliscor|0 fnt
|faint|p2a: Gliscor
|
|upkeep
|
|t:|1779898071
|switch|p2a: Ogerpon|Ogerpon-Wellspring, F|100/100
|turn|2
|
|t:|1779898077
|-terastallize|p2a: Ogerpon|Water
|detailschange|p2a: Ogerpon|Ogerpon-Wellspring-Tera, F, tera:Water
|-ability|p2a: Ogerpon|Embody Aspect (Wellspring)|boost
|-boost|p2a: Ogerpon|spd|1
|move|p2a: Ogerpon|Ivy Cudgel|p1a: Primarina|[anim] Ivy Cudgel Water
|-resisted|p1a: Primarina
|-damage|p1a: Primarina|34/100
|move|p1a: Primarina|Ice Beam|p2a: Ogerpon
|-resisted|p2a: Ogerpon
|-damage|p2a: Ogerpon|88/100
|
|upkeep
|turn|3
|
|t:|1779898089
|move|p2a: Ogerpon|Ivy Cudgel|p1a: Primarina|[anim] Ivy Cudgel Water
|-resisted|p1a: Primarina
|-crit|p1a: Primarina
|-damage|p1a: Primarina|0 fnt
|faint|p1a: Primarina
|
|upkeep
|
|t:|1779898097
|switch|p1a: Appletun|Appletun, F|100/100
|turn|4
|
|t:|1779898107
|move|p2a: Ogerpon|U-turn|p1a: Appletun
|-supereffective|p1a: Appletun
|-damage|p1a: Appletun|50/100
|
|t:|1779898111
|switch|p2a: Metagross|Metagross|100/100|[from] U-turn
|move|p1a: Appletun|Leech Seed|p2a: Metagross
|-start|p2a: Metagross|move: Leech Seed
|
|-heal|p1a: Appletun|57/100|[from] item: Leftovers
|-damage|p2a: Metagross|88/100|[from] Leech Seed|[of] p1a: Appletun
|-heal|p1a: Appletun|65/100|[silent]
|upkeep
|turn|5
|
|t:|1779898122
|switch|p2a: Weavile|Weavile, F|100/100
|-ability|p2a: Weavile|Pressure
|move|p1a: Appletun|Recover|p1a: Appletun
|-heal|p1a: Appletun|100/100
|
|upkeep
|turn|6
|
|t:|1779898130
|-terastallize|p1a: Appletun|Grass
|move|p2a: Weavile|Ice Spinner|p1a: Appletun
|-supereffective|p1a: Appletun
|-damage|p1a: Appletun|65/100
|move|p1a: Appletun|Leech Seed|p2a: Weavile
|-start|p2a: Weavile|move: Leech Seed
|
|-heal|p1a: Appletun|71/100|[from] item: Leftovers
|-damage|p2a: Weavile|88/100|[from] Leech Seed|[of] p1a: Appletun
|-heal|p1a: Appletun|79/100|[silent]
|upkeep
|turn|7
|
|t:|1779898148
|switch|p2a: Greninja|Greninja, F|100/100
|move|p1a: Appletun|Apple Acid|p2a: Greninja
|-supereffective|p2a: Greninja
|-damage|p2a: Greninja|0 fnt
|faint|p2a: Greninja
|
|-heal|p1a: Appletun|85/100|[from] item: Leftovers
|upkeep
|
|t:|1779898163
|switch|p2a: Weavile|Weavile, F|88/100
|-ability|p2a: Weavile|Pressure
|turn|8
|
|t:|1779898168
|move|p2a: Weavile|Knock Off|p1a: Appletun
|-damage|p1a: Appletun|38/100
|-enditem|p1a: Appletun|Leftovers|[from] move: Knock Off|[of] p2a: Weavile
|move|p1a: Appletun|Leech Seed|p2a: Weavile
|-start|p2a: Weavile|move: Leech Seed
|
|-damage|p2a: Weavile|76/100|[from] Leech Seed|[of] p1a: Appletun
|-heal|p1a: Appletun|47/100|[silent]
|upkeep
|turn|9
|
|t:|1779898178
|move|p1a: Appletun|Protect|p1a: Appletun
|-singleturn|p1a: Appletun|Protect
|move|p2a: Weavile|Knock Off|p1a: Appletun
|-activate|p1a: Appletun|move: Protect
|
|-damage|p2a: Weavile|63/100|[from] Leech Seed|[of] p1a: Appletun
|-heal|p1a: Appletun|55/100|[silent]
|upkeep
|turn|10
|
|t:|1779898186
|move|p2a: Weavile|Ice Spinner|p1a: Appletun
|-supereffective|p1a: Appletun
|-damage|p1a: Appletun|17/100
|move|p1a: Appletun|Recover|p1a: Appletun
|-heal|p1a: Appletun|67/100
|
|-damage|p2a: Weavile|51/100|[from] Leech Seed|[of] p1a: Appletun
|-heal|p1a: Appletun|75/100|[silent]
|upkeep
|turn|11
|
|t:|1779898202
|switch|p2a: Garganacl|Garganacl, M|100/100
|move|p1a: Appletun|Apple Acid|p2a: Garganacl
|-supereffective|p2a: Garganacl
|-damage|p2a: Garganacl|56/100
|-unboost|p2a: Garganacl|spd|1
|
|-heal|p2a: Garganacl|62/100|[from] item: Leftovers
|upkeep
|turn|12
|
|t:|1779898211
|move|p2a: Garganacl|Salt Cure|p1a: Appletun
|-damage|p1a: Appletun|61/100
|-start|p1a: Appletun|Salt Cure
|move|p1a: Appletun|Apple Acid|p2a: Garganacl
|-supereffective|p2a: Garganacl
|-damage|p2a: Garganacl|0 fnt
|faint|p2a: Garganacl
|
|-damage|p1a: Appletun|49/100|[from] Salt Cure
|upkeep
|
|t:|1779898220
|switch|p2a: Ogerpon|Ogerpon-Wellspring-Tera, F, tera:Water|88/100
|-ability|p2a: Ogerpon|Embody Aspect (Wellspring)|boost
|-boost|p2a: Ogerpon|spd|1
|turn|13
|
|t:|1779898225
|switch|p2a: Metagross|Metagross|88/100
|move|p1a: Appletun|Leech Seed|p2a: Metagross
|-start|p2a: Metagross|move: Leech Seed
|
|-damage|p2a: Metagross|76/100|[from] Leech Seed|[of] p1a: Appletun
|-heal|p1a: Appletun|58/100|[silent]
|-damage|p1a: Appletun|45/100|[from] Salt Cure
|upkeep
|turn|14
|
|t:|1779898234
|switch|p1a: Ceruledge|Ceruledge, M|100/100
|move|p2a: Metagross|Meteor Mash|p1a: Ceruledge
|-resisted|p1a: Ceruledge
|-damage|p1a: Ceruledge|64/100
|-boost|p2a: Metagross|atk|1
|-ability|p1a: Ceruledge|Weak Armor|boost
|-unboost|p1a: Ceruledge|def|1
|-boost|p1a: Ceruledge|spe|2
|
|-damage|p2a: Metagross|64/100|[from] Leech Seed|[of] p1a: Ceruledge
|-heal|p1a: Ceruledge|76/100|[silent]
|upkeep
|turn|15
|
|t:|1779898248
|switch|p2a: Ogerpon|Ogerpon-Wellspring-Tera, F, tera:Water|88/100
|-ability|p2a: Ogerpon|Embody Aspect (Wellspring)|boost
|-boost|p2a: Ogerpon|spd|1
|move|p1a: Ceruledge|Bitter Blade|p2a: Ogerpon
|-resisted|p2a: Ogerpon
|-damage|p2a: Ogerpon|58/100
|-heal|p1a: Ceruledge|92/100|[from] drain|[of] p2a: Ogerpon
|
|upkeep
|turn|16
|
|t:|1779898257
|move|p1a: Ceruledge|Destiny Bond|p1a: Ceruledge
|-singlemove|p1a: Ceruledge|Destiny Bond
|move|p2a: Ogerpon|Ivy Cudgel|p1a: Ceruledge|[anim] Ivy Cudgel Water
|-supereffective|p1a: Ceruledge
|-crit|p1a: Ceruledge
|-damage|p1a: Ceruledge|0 fnt
|faint|p1a: Ceruledge
|-activate|p1a: Ceruledge|move: Destiny Bond
|faint|p2a: Ogerpon
|detailschange|p2: Ogerpon|Ogerpon-Wellspring, F|[silent]
|
|upkeep
|
|t:|1779898269
|switch|p2a: Weavile|Weavile, F|51/100
|switch|p1a: Appletun|Appletun, F, tera:Grass|45/100
|-ability|p2a: Weavile|Pressure
|turn|17
|
|t:|1779898275
|move|p2a: Weavile|Knock Off|p1a: Appletun
|-damage|p1a: Appletun|12/100
|move|p1a: Appletun|Recover|p1a: Appletun
|-heal|p1a: Appletun|62/100
|
|upkeep
|turn|18
|
|t:|1779898281
|move|p2a: Weavile|Knock Off|p1a: Appletun
|-damage|p1a: Appletun|30/100
|move|p1a: Appletun|Recover|p1a: Appletun
|-heal|p1a: Appletun|80/100
|
|upkeep
|turn|19
|
|t:|1779898292
|move|p2a: Weavile|Ice Spinner|p1a: Appletun
|-supereffective|p1a: Appletun
|-damage|p1a: Appletun|42/100
|move|p1a: Appletun|Apple Acid|p2a: Weavile
|-crit|p2a: Weavile
|-damage|p2a: Weavile|0 fnt
|faint|p2a: Weavile
|
|upkeep
|
|t:|1779898296
|switch|p2a: Metagross|Metagross|64/100
|turn|20
|
|t:|1779898303
|move|p2a: Metagross|Zen Headbutt|p1a: Appletun
|-damage|p1a: Appletun|0 fnt
|faint|p1a: Appletun
|
|upkeep
|
|t:|1779898308
|switch|p1a: Regieleki|Regieleki|100/100
|-item|p1a: Regieleki|Air Balloon
|turn|21
|
|t:|1779898314
|move|p1a: Regieleki|Thunder Cage|p2a: Metagross
|-damage|p2a: Metagross|17/100
|-activate|p2a: Metagross|move: Thunder Cage|[of] p1a: Regieleki
|move|p2a: Metagross|Zen Headbutt|p1a: Regieleki
|-crit|p1a: Regieleki
|-damage|p1a: Regieleki|0 fnt
|-enditem|p1a: Regieleki|Air Balloon
|faint|p1a: Regieleki
|
|-end|p2a: Metagross|Thunder Cage|[partiallytrapped]|[silent]
|upkeep
|
|t:|1779898325
|switch|p1a: Lucario|Lucario, F|100/100
|turn|22
|
|t:|1779898328
|move|p1a: Lucario|Extreme Speed|p2a: Metagross
|-resisted|p2a: Metagross
|-damage|p2a: Metagross|2/100
|-damage|p1a: Lucario|91/100|[from] item: Life Orb
|move|p2a: Metagross|Zen Headbutt|p1a: Lucario
|-damage|p1a: Lucario|19/100
|
|upkeep
|turn|23
|
|t:|1779898336
|move|p1a: Lucario|Extreme Speed|p2a: Metagross
|-resisted|p2a: Metagross
|-damage|p2a: Metagross|0 fnt
|faint|p2a: Metagross
|-damage|p1a: Lucario|9/100|[from] item: Life Orb
|
|win|Comeslayer
|raw|Comeslayer's rating: 1100 &rarr; <strong>1125</strong><br />(+25 for winning)
|raw|A16552's rating: 1098 &rarr; <strong>1073</strong><br />(-25 for losing)
|l|☆A16552
|player|p2|
|l|☆Comeslayer
|player|p1|
