|j|☆pap3ra
|j|☆TWENNY7
|t:|1779889004
|gametype|singles
|player|p1|pap3ra|1|1357
|player|p2|TWENNY7|hau-stance|1374
|gen|9
|tier|[Gen 9] OU
|rated|
|rule|HP Percentage Mod: HP is shown in percentages
|rule|Endless Battle Clause: Forcing endless battles is banned
|rule|Species Clause: Limit one of each Pokémon
|rule|OHKO Clause: OHKO moves are banned
|rule|Evasion Items Clause: Evasion items are banned
|rule|Evasion Moves Clause: Evasion moves are banned
|rule|Evasion Abilities Clause: Evasion abilities are banned
|rule|Sleep Moves Clause: Sleep-inducing moves are banned
|clearpoke
|poke|p1|Muk-Alola, M|
|poke|p1|Latios, M|
|poke|p1|Chandelure, F|
|poke|p1|Fezandipiti, M|
|poke|p1|Great Tusk|
|poke|p1|Skarmory, F|
|poke|p2|Iron Valiant|
|poke|p2|Tyranitar, M|
|poke|p2|Zapdos|
|poke|p2|Darkrai|
|poke|p2|Okidogi, M|
|poke|p2|Kyurem|
|teampreview
|inactive|Battle timer is ON: inactive players will automatically lose when time's up. (requested by pap3ra)
|
|t:|1779889030
|teamsize|p1|6
|teamsize|p2|6
|start
|switch|p1a: Fezandipiti|Fezandipiti, M|100/100
|switch|p2a: REMY|Kyurem|100/100
|-ability|p2a: REMY|Pressure
|turn|1
|
|t:|1779889040
|move|p2a: REMY|Earth Power|p1a: Fezandipiti
|-supereffective|p1a: Fezandipiti
|-crit|p1a: Fezandipiti
|-damage|p1a: Fezandipiti|57/100
|move|p1a: Fezandipiti|Beat Up|p2a: REMY
|-damage|p2a: REMY|97/100
|-damage|p2a: REMY|94/100
|-status|p2a: REMY|tox|[from] ability: Toxic Chain|[of] p1a: Fezandipiti
|-damage|p2a: REMY|92/100 tox
|-damage|p2a: REMY|88/100 tox
|-damage|p2a: REMY|84/100 tox
|-damage|p2a: REMY|81/100 tox
|-hitcount|p2a: REMY|6
|
|-damage|p2a: REMY|75/100 tox|[from] psn
|upkeep
|turn|2
|
|t:|1779889058
|switch|p2a: SHOXY|Zapdos|100/100
|move|p1a: Fezandipiti|Play Rough|p2a: SHOXY
|-damage|p2a: SHOXY|62/100
|-status|p2a: SHOXY|tox|[from] ability: Toxic Chain|[of] p1a: Fezandipiti
|
|-damage|p2a: SHOXY|56/100 tox|[from] psn
|upkeep
|turn|3
|
|t:|1779889071
|move|p1a: Fezandipiti|Beat Up|p2a: SHOXY
|-damage|p2a: SHOXY|52/100 tox
|-damage|p2a: SHOXY|48/100 tox
|-damage|p2a: SHOXY|45/100 tox
|-damage|p2a: SHOXY|41/100 tox
|-damage|p2a: SHOXY|37/100 tox
|-damage|p2a: SHOXY|33/100 tox
|-hitcount|p2a: SHOXY|6
|move|p2a: SHOXY|Hurricane|p1a: Fezandipiti|[miss]
|-miss|p2a: SHOXY|p1a: Fezandipiti
|
|-damage|p2a: SHOXY|20/100 tox|[from] psn
|upkeep
|turn|4
|
|t:|1779889089
|switch|p2a: CODE:red|Tyranitar, M, shiny|100/100
|-weather|Sandstorm|[from] ability: Sand Stream|[of] p2a: CODE:red
|move|p1a: Fezandipiti|Beat Up|p2a: CODE:red
|-resisted|p2a: CODE:red
|-damage|p2a: CODE:red|99/100
|-resisted|p2a: CODE:red
|-crit|p2a: CODE:red
|-damage|p2a: CODE:red|97/100
|-status|p2a: CODE:red|tox|[from] ability: Toxic Chain|[of] p1a: Fezandipiti
|-resisted|p2a: CODE:red
|-damage|p2a: CODE:red|96/100 tox
|-resisted|p2a: CODE:red
|-damage|p2a: CODE:red|95/100 tox
|-resisted|p2a: CODE:red
|-damage|p2a: CODE:red|94/100 tox
|-resisted|p2a: CODE:red
|-damage|p2a: CODE:red|92/100 tox
|-hitcount|p2a: CODE:red|6
|-enditem|p2a: CODE:red|Red Card|[of] p1a: Fezandipiti
|drag|p1a: Muk|Muk-Alola, M|100/100
|
|-weather|Sandstorm|[upkeep]
|-damage|p1a: Muk|94/100|[from] Sandstorm
|-heal|p1a: Muk|100/100|[from] item: Leftovers
|-damage|p2a: CODE:red|86/100 tox|[from] psn
|upkeep
|turn|5
|inactive|pap3ra has 120 seconds left.
|
|t:|1779889116
|move|p2a: CODE:red|Stealth Rock|p1a: Muk
|-sidestart|p1: pap3ra|move: Stealth Rock
|move|p1a: Muk|Curse|p1a: Muk
|-unboost|p1a: Muk|spe|1
|-boost|p1a: Muk|atk|1
|-boost|p1a: Muk|def|1
|
|-weather|Sandstorm|[upkeep]
|-damage|p1a: Muk|94/100|[from] Sandstorm
|-heal|p1a: Muk|100/100|[from] item: Leftovers
|-damage|p2a: CODE:red|74/100 tox|[from] psn
|upkeep
|turn|6
|inactive|pap3ra has 120 seconds left.
|
|t:|1779889129
|-terastallize|p2a: CODE:red|Ghost
|move|p1a: Muk|Curse|p1a: Muk
|-unboost|p1a: Muk|spe|1
|-boost|p1a: Muk|atk|1
|-boost|p1a: Muk|def|1
|move|p2a: CODE:red|Roar|p1a: Muk
|drag|p1a: Chandelure|Chandelure, F, shiny|100/100
|-damage|p1a: Chandelure|76/100|[from] Stealth Rock
|
|-weather|Sandstorm|[upkeep]
|-damage|p1a: Chandelure|69/100|[from] Sandstorm
|-damage|p2a: CODE:red|68/100 tox|[from] Sandstorm
|-damage|p2a: CODE:red|49/100 tox|[from] psn
|upkeep
|turn|7
|inactive|pap3ra has 120 seconds left.
|
|t:|1779889146
|move|p1a: Chandelure|Trick|p2a: CODE:red
|-activate|p1a: Chandelure|move: Trick|[of] p2a: CODE:red
|-item|p2a: CODE:red|Choice Scarf|[from] move: Trick
|-enditem|p1a: Chandelure|Choice Scarf|[silent]|[from] move: Trick
|move|p2a: CODE:red|Knock Off|p1a: Chandelure
|-supereffective|p1a: Chandelure
|-damage|p1a: Chandelure|0 fnt
|faint|p1a: Chandelure
|
|-weather|Sandstorm|[upkeep]
|-damage|p2a: CODE:red|43/100 tox|[from] Sandstorm
|-damage|p2a: CODE:red|18/100 tox|[from] psn
|upkeep
|
|t:|1779889164
|switch|p1a: Great Tusk|Great Tusk|100/100
|-damage|p1a: Great Tusk|98/100|[from] Stealth Rock
|turn|8
|
|t:|1779889173
|move|p1a: Great Tusk|Rapid Spin|p2a: CODE:red
|-immune|p2a: CODE:red
|move|p2a: CODE:red|Knock Off|p1a: Great Tusk
|-resisted|p1a: Great Tusk
|-damage|p1a: Great Tusk|81/100
|-enditem|p1a: Great Tusk|Assault Vest|[from] move: Knock Off|[of] p2a: CODE:red
|
|-weather|none
|-damage|p2a: CODE:red|0 fnt|[from] psn
|faint|p2a: CODE:red
|upkeep
|inactive|TWENNY7 has 120 seconds left.
|
|t:|1779889203
|switch|p2a: SHOXY|Zapdos|20/100 tox
|turn|9
|
|t:|1779889223
|-terastallize|p1a: Great Tusk|Ice
|move|p1a: Great Tusk|Rapid Spin|p2a: SHOXY
|-damage|p2a: SHOXY|1/100 tox
|-boost|p1a: Great Tusk|spe|1
|-sideend|p1: pap3ra|Stealth Rock|[from] move: Rapid Spin|[of] p1a: Great Tusk
|move|p2a: SHOXY|Hurricane|p1a: Great Tusk|[miss]
|-miss|p2a: SHOXY|p1a: Great Tusk
|
|-damage|p2a: SHOXY|0 fnt|[from] psn
|faint|p2a: SHOXY
|upkeep
|
|t:|1779889238
|switch|p2a: RUNE 2H|Iron Valiant|100/100
|-enditem|p2a: RUNE 2H|Booster Energy
|-activate|p2a: RUNE 2H|ability: Quark Drive|[fromitem]
|-start|p2a: RUNE 2H|quarkdrivespe
|turn|10
|
|t:|1779889256
|move|p2a: RUNE 2H|Close Combat|p1a: Great Tusk
|-supereffective|p1a: Great Tusk
|-damage|p1a: Great Tusk|0 fnt
|-unboost|p2a: RUNE 2H|def|1
|-unboost|p2a: RUNE 2H|spd|1
|faint|p1a: Great Tusk
|-end|p1a: Great Tusk|Protosynthesis|[silent]
|
|upkeep
|
|t:|1779889263
|switch|p1a: Skarmory|Skarmory, F|100/100
|turn|11
|
|t:|1779889273
|-end|p2a: RUNE 2H|Quark Drive|[silent]
|switch|p2a: REMY|Kyurem|75/100 tox
|-ability|p2a: REMY|Pressure
|move|p1a: Skarmory|Stealth Rock|p2a: REMY
|-sidestart|p2: TWENNY7|move: Stealth Rock
|
|-damage|p2a: REMY|69/100 tox|[from] psn
|upkeep
|turn|12
|inactive|pap3ra has 120 seconds left.
|
|t:|1779889284
|switch|p1a: Fezandipiti|Fezandipiti, M|57/100
|move|p2a: REMY|Shadow Ball|p1a: Fezandipiti
|-damage|p1a: Fezandipiti|43/100
|
|-damage|p2a: REMY|56/100 tox|[from] psn
|upkeep
|turn|13
|inactive|pap3ra has 120 seconds left.
|
|t:|1779889297
|switch|p2a: Zzz|Darkrai|100/100
|-damage|p2a: Zzz|88/100|[from] Stealth Rock
|move|p1a: Fezandipiti|Play Rough|p2a: Zzz
|-supereffective|p2a: Zzz
|-damage|p2a: Zzz|15/100
|
|upkeep
|turn|14
|inactive|pap3ra has 120 seconds left.
|
|t:|1779889307
|move|p2a: Zzz|Trick|p1a: Fezandipiti
|-activate|p2a: Zzz|move: Trick|[of] p1a: Fezandipiti
|-item|p1a: Fezandipiti|Choice Scarf|[from] move: Trick
|-item|p2a: Zzz|Assault Vest|[from] move: Trick
|move|p1a: Fezandipiti|Poison Jab|p2a: Zzz
|-damage|p2a: Zzz|0 fnt
|faint|p2a: Zzz
|
|upkeep
|
|t:|1779889313
|switch|p2a: CASPER|Okidogi, M|100/100
|-damage|p2a: CASPER|94/100|[from] Stealth Rock
|turn|15
|
|t:|1779889321
|switch|p1a: Skarmory|Skarmory, F|100/100
|move|p2a: CASPER|Knock Off|p1a: Skarmory
|-damage|p1a: Skarmory|83/100
|-damage|p2a: CASPER|78/100|[from] item: Rocky Helmet|[of] p1a: Skarmory
|-enditem|p1a: Skarmory|Rocky Helmet|[from] move: Knock Off|[of] p2a: CASPER
|
|-heal|p2a: CASPER|84/100|[from] item: Leftovers
|upkeep
|turn|16
|
|t:|1779889333
|move|p2a: CASPER|Bulk Up|p2a: CASPER
|-boost|p2a: CASPER|atk|1
|-boost|p2a: CASPER|def|1
|move|p1a: Skarmory|Whirlwind|p2a: CASPER
|-activate|p2a: CASPER|ability: Guard Dog
|
|-heal|p2a: CASPER|90/100|[from] item: Leftovers
|upkeep
|turn|17
|
|t:|1779889347
|move|p2a: CASPER|Knock Off|p1a: Skarmory
|-damage|p1a: Skarmory|66/100
|move|p1a: Skarmory|Brave Bird|p2a: CASPER
|-supereffective|p2a: CASPER
|-damage|p2a: CASPER|49/100
|-damage|p1a: Skarmory|51/100|[from] Recoil
|
|-heal|p2a: CASPER|56/100|[from] item: Leftovers
|upkeep
|turn|18
|
|t:|1779889359
|move|p2a: CASPER|Bulk Up|p2a: CASPER
|-boost|p2a: CASPER|atk|1
|-boost|p2a: CASPER|def|1
|move|p1a: Skarmory|Roost|p1a: Skarmory
|-heal|p1a: Skarmory|100/100
|-singleturn|p1a: Skarmory|move: Roost
|
|-heal|p2a: CASPER|62/100|[from] item: Leftovers
|upkeep
|turn|19
|
|t:|1779889370
|move|p2a: CASPER|Ice Punch|p1a: Skarmory
|-damage|p1a: Skarmory|75/100
|move|p1a: Skarmory|Brave Bird|p2a: CASPER
|-supereffective|p2a: CASPER
|-damage|p2a: CASPER|33/100
|-damage|p1a: Skarmory|65/100|[from] Recoil
|
|-heal|p2a: CASPER|39/100|[from] item: Leftovers
|upkeep
|turn|20
|
|t:|1779889381
|move|p2a: CASPER|Drain Punch|p1a: Skarmory
|-damage|p1a: Skarmory|25/100
|-heal|p2a: CASPER|58/100|[from] drain|[of] p1a: Skarmory
|move|p1a: Skarmory|Brave Bird|p2a: CASPER
|-supereffective|p2a: CASPER
|-damage|p2a: CASPER|29/100
|-damage|p1a: Skarmory|15/100|[from] Recoil
|
|-heal|p2a: CASPER|35/100|[from] item: Leftovers
|upkeep
|turn|21
|inactive|pap3ra has 120 seconds left.
|
|t:|1779889399
|move|p2a: CASPER|Bulk Up|p2a: CASPER
|-boost|p2a: CASPER|atk|1
|-boost|p2a: CASPER|def|1
|move|p1a: Skarmory|Brave Bird|p2a: CASPER
|-supereffective|p2a: CASPER
|-damage|p2a: CASPER|10/100
|-damage|p1a: Skarmory|6/100|[from] Recoil
|
|-heal|p2a: CASPER|16/100|[from] item: Leftovers
|upkeep
|turn|22
|inactive|pap3ra has 120 seconds left.
|
|t:|1779889410
|move|p2a: CASPER|Ice Punch|p1a: Skarmory
|-damage|p1a: Skarmory|0 fnt
|faint|p1a: Skarmory
|
|-heal|p2a: CASPER|22/100|[from] item: Leftovers
|upkeep
|inactive|pap3ra has 120 seconds left.
|
|t:|1779889419
|switch|p1a: Fezandipiti|Fezandipiti, M|43/100
|turn|23
|
|t:|1779889424
|move|p1a: Fezandipiti|Play Rough|p2a: CASPER
|-damage|p2a: CASPER|12/100
|-unboost|p2a: CASPER|atk|1
|move|p2a: CASPER|Drain Punch|p1a: Fezandipiti
|-resisted|p1a: Fezandipiti
|-damage|p1a: Fezandipiti|25/100
|-heal|p2a: CASPER|21/100|[from] drain|[of] p1a: Fezandipiti
|
|-heal|p2a: CASPER|27/100|[from] item: Leftovers
|upkeep
|turn|24
|
|t:|1779889437
|move|p1a: Fezandipiti|Play Rough|p2a: CASPER
|-damage|p2a: CASPER|16/100
|move|p2a: CASPER|Drain Punch|p1a: Fezandipiti
|-resisted|p1a: Fezandipiti
|-damage|p1a: Fezandipiti|9/100
|-heal|p2a: CASPER|25/100|[from] drain|[of] p1a: Fezandipiti
|
|-heal|p2a: CASPER|31/100|[from] item: Leftovers
|upkeep
|turn|25
|
|t:|1779889450
|move|p1a: Fezandipiti|Play Rough|p2a: CASPER
|-damage|p2a: CASPER|21/100
|move|p2a: CASPER|Drain Punch|p1a: Fezandipiti
|-resisted|p1a: Fezandipiti
|-damage|p1a: Fezandipiti|0 fnt
|-heal|p2a: CASPER|25/100|[from] drain|[of] p1a: Fezandipiti
|faint|p1a: Fezandipiti
|
|-heal|p2a: CASPER|32/100|[from] item: Leftovers
|upkeep
|inactive|pap3ra has 120 seconds left.
|
|t:|1779889462
|switch|p1a: Latios|Latios, M|100/100
|turn|26
|
|t:|1779889470
|move|p1a: Latios|Draco Meteor|p2a: CASPER
|-damage|p2a: CASPER|0 fnt
|-unboost|p1a: Latios|spa|2
|faint|p2a: CASPER
|
|upkeep
|
|t:|1779889479
|switch|p2a: RUNE 2H|Iron Valiant|100/100
|-damage|p2a: RUNE 2H|94/100|[from] Stealth Rock
|turn|27
|
|t:|1779889497
|move|p2a: RUNE 2H|Swords Dance|p2a: RUNE 2H
|-boost|p2a: RUNE 2H|atk|2
|move|p1a: Latios|Luster Purge|p2a: RUNE 2H
|-supereffective|p2a: RUNE 2H
|-crit|p2a: RUNE 2H
|-damage|p2a: RUNE 2H|0 fnt
|faint|p2a: RUNE 2H
|-end|p2a: RUNE 2H|Quark Drive|[silent]
|
|upkeep
|
|t:|1779889506
|switch|p2a: REMY|Kyurem|56/100 tox
|-damage|p2a: REMY|31/100 tox|[from] Stealth Rock
|-ability|p2a: REMY|Pressure
|turn|28
|
|t:|1779889517
|move|p2a: REMY|Draco Meteor|p1a: Latios
|-supereffective|p1a: Latios
|-damage|p1a: Latios|0 fnt
|-unboost|p2a: REMY|spa|2
|faint|p1a: Latios
|
|-damage|p2a: REMY|25/100 tox|[from] psn
|upkeep
|-message|TWENNY7 forfeited.
|
|win|pap3ra
|raw|pap3ra's rating: 1357 &rarr; <strong>1378</strong><br />(+21 for winning)
|raw|TWENNY7's rating: 1374 &rarr; <strong>1353</strong><br />(-21 for losing)
|l|☆TWENNY7
|player|p2|
|l|☆pap3ra
|player|p1|
