|j|☆stone douchebag
|j|☆Coolcube_3
|t:|1779920143
|gametype|singles
|player|p1|stone douchebag|265|1362
|player|p2|Coolcube_3|1|1303
|gen|9
|tier|[Gen 9] OU
|rated|
|rule|HP Percentage Mod: HP is shown in percentages
|rule|Endless Battle Clause: Forcing endless battles is banned
|rule|Species Clause: Limit one of each Pokémon
|rule|OHKO Clause: OHKO moves are banned
|rule|Evasion Items Clause: Evasion items are banned
|rule|Evasion Moves Clause: Evasion moves are banned
|rule|Evasion Abilities Clause: Evasion abilities are banned
|rule|Sleep Moves Clause: Sleep-inducing moves are banned
|clearpoke
|poke|p1|Dondozo, M|
|poke|p1|Skarmory, M|
|poke|p1|Vileplume, F|
|poke|p1|Gliscor, M|
|poke|p1|Blissey, F|
|poke|p1|Clefable, F|
|poke|p2|Pecharunt|
|poke|p2|Slowking-Galar, F|
|poke|p2|Dragapult, F|
|poke|p2|Ting-Lu|
|poke|p2|Great Tusk|
|poke|p2|Sinistcha|
|teampreview
|inactive|Battle timer is ON: inactive players will automatically lose when time's up. (requested by Coolcube_3)
|inactive|stone douchebag has 120 seconds left.
|
|t:|1779920184
|teamsize|p1|6
|teamsize|p2|6
|start
|switch|p1a: Blissey?|Clefable, F|100/100
|switch|p2a: Dragapult|Dragapult, F|100/100
|turn|1
|
|t:|1779920195
|move|p2a: Dragapult|U-turn|p1a: Blissey?
|-resisted|p1a: Blissey?
|-damage|p1a: Blissey?|89/100
|
|t:|1779920202
|switch|p2a: Slowking|Slowking-Galar, F|100/100|[from] U-turn
|move|p1a: Blissey?|Stealth Rock|p2a: Slowking
|-sidestart|p2: Coolcube_3|move: Stealth Rock
|
|-heal|p1a: Blissey?|95/100|[from] item: Leftovers
|upkeep
|turn|2
|inactive|stone douchebag has 120 seconds left.
|
|t:|1779920242
|switch|p1a: Corviknight?|Skarmory, M|100/100
|move|p2a: Slowking|Future Sight|p1a: Corviknight?
|-start|p2a: Slowking|move: Future Sight
|
|upkeep
|turn|3
|
|t:|1779920248
|switch|p2a: Great Tusk|Great Tusk|100/100
|move|p1a: Corviknight?|Roar|p2a: Great Tusk
|-end|p2a: Great Tusk|Protosynthesis|[silent]
|drag|p2a: Ting-Lu|Ting-Lu|100/100
|-damage|p2a: Ting-Lu|94/100|[from] Stealth Rock
|-ability|p2a: Ting-Lu|Vessel of Ruin
|
|-heal|p2a: Ting-Lu|100/100|[from] item: Leftovers
|upkeep
|turn|4
|
|t:|1779920258
|move|p1a: Corviknight?|Spikes|p2a: Ting-Lu
|-sidestart|p2: Coolcube_3|Spikes
|move|p2a: Ting-Lu|Ruination|p1a: Corviknight?|[miss]
|-miss|p2a: Ting-Lu|p1a: Corviknight?
|
|-end|p1a: Corviknight?|move: Future Sight
|-resisted|p1a: Corviknight?
|-damage|p1a: Corviknight?|78/100
|upkeep
|turn|5
|inactive|stone douchebag has 120 seconds left.
|
|t:|1779920295
|switch|p2a: Great Tusk|Great Tusk|100/100
|move|p1a: Corviknight?|Roost|p1a: Corviknight?
|-heal|p1a: Corviknight?|100/100
|-singleturn|p1a: Corviknight?|move: Roost
|
|upkeep
|turn|6
|
|t:|1779920304
|move|p2a: Great Tusk|Rapid Spin|p1a: Corviknight?
|-resisted|p1a: Corviknight?
|-damage|p1a: Corviknight?|95/100
|-boost|p2a: Great Tusk|spe|1
|-damage|p2a: Great Tusk|84/100|[from] item: Rocky Helmet|[of] p1a: Corviknight?
|-sideend|p2: Coolcube_3|Spikes|[from] move: Rapid Spin|[of] p2a: Great Tusk
|-sideend|p2: Coolcube_3|Stealth Rock|[from] move: Rapid Spin|[of] p2a: Great Tusk
|move|p1a: Corviknight?|Body Press|p2a: Great Tusk
|-damage|p2a: Great Tusk|60/100
|
|upkeep
|turn|7
|
|t:|1779920314
|-end|p2a: Great Tusk|Protosynthesis|[silent]
|switch|p2a: Sinistcha|Sinistcha|100/100
|move|p1a: Corviknight?|Spikes|p2a: Sinistcha
|-sidestart|p2: Coolcube_3|Spikes
|
|upkeep
|turn|8
|inactive|stone douchebag has 120 seconds left.
|
|t:|1779920333
|switch|p1a: Clefable?|Blissey, F|100/100
|move|p2a: Sinistcha|Calm Mind|p2a: Sinistcha
|-boost|p2a: Sinistcha|spa|1
|-boost|p2a: Sinistcha|spd|1
|
|upkeep
|turn|9
|
|t:|1779920340
|move|p2a: Sinistcha|Calm Mind|p2a: Sinistcha
|-boost|p2a: Sinistcha|spa|1
|-boost|p2a: Sinistcha|spd|1
|move|p1a: Clefable?|Calm Mind|p1a: Clefable?
|-boost|p1a: Clefable?|spa|1
|-boost|p1a: Clefable?|spd|1
|
|upkeep
|turn|10
|
|t:|1779920360
|switch|p2a: Pecharunt|Pecharunt|100/100
|-damage|p2a: Pecharunt|88/100|[from] Spikes
|move|p1a: Clefable?|Calm Mind|p1a: Clefable?
|-boost|p1a: Clefable?|spa|1
|-boost|p1a: Clefable?|spd|1
|
|-heal|p2a: Pecharunt|94/100|[from] item: Leftovers
|upkeep
|turn|11
|
|t:|1779920369
|move|p2a: Pecharunt|Toxic|p1a: Clefable?
|-status|p1a: Clefable?|tox
|-start|p1a: Clefable?|confusion|[from] ability: Poison Puppeteer|[of] p2a: Pecharunt
|-activate|p1a: Clefable?|confusion
|move|p1a: Clefable?|Shadow Ball|p2a: Pecharunt
|-supereffective|p2a: Pecharunt
|-damage|p2a: Pecharunt|33/100
|
|-heal|p2a: Pecharunt|39/100|[from] item: Leftovers
|-damage|p1a: Clefable?|94/100 tox|[from] psn
|upkeep
|turn|12
|
|t:|1779920384
|switch|p2a: Ting-Lu|Ting-Lu|100/100
|-damage|p2a: Ting-Lu|88/100|[from] Spikes
|-ability|p2a: Ting-Lu|Vessel of Ruin
|-activate|p1a: Clefable?|confusion
|move|p1a: Clefable?|Shadow Ball|p2a: Ting-Lu
|-resisted|p2a: Ting-Lu
|-damage|p2a: Ting-Lu|82/100
|
|-heal|p2a: Ting-Lu|88/100|[from] item: Leftovers
|-damage|p1a: Clefable?|82/100 tox|[from] psn
|upkeep
|turn|13
|
|t:|1779920397
|-curestatus|p1a: Clefable?|tox|[from] ability: Natural Cure|[silent]
|switch|p1a: Corviknight?|Skarmory, M|95/100
|move|p2a: Ting-Lu|Stealth Rock|p1a: Corviknight?
|-sidestart|p1: stone douchebag|move: Stealth Rock
|
|-heal|p2a: Ting-Lu|95/100|[from] item: Leftovers
|upkeep
|turn|14
|
|t:|1779920406
|move|p1a: Corviknight?|Spikes|p2a: Ting-Lu
|-sidestart|p2: Coolcube_3|Spikes
|move|p2a: Ting-Lu|Ruination|p1a: Corviknight?
|-damage|p1a: Corviknight?|48/100
|
|-heal|p2a: Ting-Lu|100/100|[from] item: Leftovers
|upkeep
|turn|15
|
|t:|1779920414
|move|p1a: Corviknight?|Roost|p1a: Corviknight?
|-heal|p1a: Corviknight?|98/100
|-singleturn|p1a: Corviknight?|move: Roost
|move|p2a: Ting-Lu|Whirlwind|p1a: Corviknight?
|drag|p1a: Blissey?|Clefable, F|95/100
|
|-heal|p1a: Blissey?|100/100|[from] item: Leftovers
|upkeep
|turn|16
|
|t:|1779920425
|switch|p2a: Pecharunt|Pecharunt|39/100
|-damage|p2a: Pecharunt|23/100|[from] Spikes
|move|p1a: Blissey?|Stealth Rock|p2a: Pecharunt
|-sidestart|p2: Coolcube_3|move: Stealth Rock
|
|-heal|p2a: Pecharunt|29/100|[from] item: Leftovers
|upkeep
|turn|17
|
|t:|1779920434
|move|p2a: Pecharunt|Recover|p2a: Pecharunt
|-heal|p2a: Pecharunt|79/100
|move|p1a: Blissey?|Knock Off|p2a: Pecharunt
|-supereffective|p2a: Pecharunt
|-damage|p2a: Pecharunt|62/100
|-enditem|p2a: Pecharunt|Leftovers|[from] move: Knock Off|[of] p1a: Blissey?
|
|upkeep
|turn|18
|
|t:|1779920441
|switch|p1a: Clefable?|Blissey, F|82/100
|move|p2a: Pecharunt|Toxic|p1a: Clefable?
|-status|p1a: Clefable?|tox
|-start|p1a: Clefable?|confusion|[from] ability: Poison Puppeteer|[of] p2a: Pecharunt
|
|-damage|p1a: Clefable?|76/100 tox|[from] psn
|upkeep
|turn|19
|
|t:|1779920463
|move|p2a: Pecharunt|Parting Shot|p1a: Clefable?
|-unboost|p1a: Clefable?|atk|1
|-unboost|p1a: Clefable?|spa|1
|
|t:|1779920475
|switch|p2a: Slowking|Slowking-Galar, F|100/100|[from] Parting Shot
|-damage|p2a: Slowking|84/100|[from] Spikes
|-damage|p2a: Slowking|72/100|[from] Stealth Rock
|-activate|p1a: Clefable?|confusion
|move|p1a: Clefable?|Shadow Ball|p2a: Slowking
|-supereffective|p2a: Slowking
|-damage|p2a: Slowking|60/100
|
|-heal|p2a: Slowking|66/100|[from] item: Leftovers
|-damage|p1a: Clefable?|64/100 tox|[from] psn
|upkeep
|turn|20
|
|t:|1779920488
|-curestatus|p1a: Clefable?|tox|[from] ability: Natural Cure|[silent]
|switch|p1a: Landorus-Therian?|Gliscor, M|100/100
|-damage|p1a: Landorus-Therian?|88/100|[from] Stealth Rock
|move|p2a: Slowking|Future Sight|p1a: Landorus-Therian?
|-start|p2a: Slowking|move: Future Sight
|
|-heal|p2a: Slowking|72/100|[from] item: Leftovers
|-status|p1a: Landorus-Therian?|tox|[from] item: Toxic Orb
|upkeep
|turn|21
|
|t:|1779920497
|move|p1a: Landorus-Therian?|Knock Off|p2a: Slowking
|-supereffective|p2a: Slowking
|-damage|p2a: Slowking|30/100
|-enditem|p2a: Slowking|Leftovers|[from] move: Knock Off|[of] p1a: Landorus-Therian?
|-prepare|p2a: Slowking|Chilly Reception|[premajor]
|move|p2a: Slowking|Chilly Reception|p2a: Slowking
|-weather|Snowscape
|inactive|Coolcube_3 has 120 seconds left.
|
|t:|1779920522
|switch|p2a: Sinistcha|Sinistcha|100/100|[from] Chilly Reception
|-damage|p2a: Sinistcha|84/100|[from] Spikes
|-damage|p2a: Sinistcha|72/100|[from] Stealth Rock
|
|-weather|Snowscape|[upkeep]
|-heal|p2a: Sinistcha|78/100|[from] item: Leftovers
|-heal|p1a: Landorus-Therian?|100/100 tox|[from] ability: Poison Heal
|upkeep
|turn|22
|
|t:|1779920533
|switch|p1a: Clefable?|Blissey, F|64/100
|move|p2a: Sinistcha|Calm Mind|p2a: Sinistcha
|-boost|p2a: Sinistcha|spa|1
|-boost|p2a: Sinistcha|spd|1
|
|-weather|Snowscape|[upkeep]
|-end|p1a: Clefable?|move: Future Sight
|-damage|p1a: Clefable?|48/100
|-heal|p2a: Sinistcha|84/100|[from] item: Leftovers
|upkeep
|turn|23
|
|t:|1779920544
|switch|p2a: Pecharunt|Pecharunt|62/100
|-damage|p2a: Pecharunt|46/100|[from] Spikes
|-damage|p2a: Pecharunt|33/100|[from] Stealth Rock
|move|p1a: Clefable?|Soft-Boiled|p1a: Clefable?
|-heal|p1a: Clefable?|98/100
|
|-weather|Snowscape|[upkeep]
|upkeep
|turn|24
|
|t:|1779920554
|switch|p1a: Landorus-Therian?|Gliscor, M|100/100 tox
|-damage|p1a: Landorus-Therian?|88/100 tox|[from] Stealth Rock
|move|p2a: Pecharunt|Toxic|p1a: Landorus-Therian?
|-fail|p1a: Landorus-Therian?|tox
|
|-weather|Snowscape|[upkeep]
|-heal|p1a: Landorus-Therian?|100/100 tox|[from] ability: Poison Heal
|upkeep
|turn|25
|
|t:|1779920569
|move|p1a: Landorus-Therian?|Knock Off|p2a: Pecharunt
|-supereffective|p2a: Pecharunt
|-damage|p2a: Pecharunt|21/100
|move|p2a: Pecharunt|Recover|p2a: Pecharunt
|-heal|p2a: Pecharunt|71/100
|
|-weather|none
|upkeep
|turn|26
|inactive|Coolcube_3 has 120 seconds left.
|
|t:|1779920577
|move|p1a: Landorus-Therian?|Earthquake|p2a: Pecharunt
|-supereffective|p2a: Pecharunt
|-damage|p2a: Pecharunt|39/100
|move|p2a: Pecharunt|Malignant Chain|p1a: Landorus-Therian?
|-resisted|p1a: Landorus-Therian?
|-damage|p1a: Landorus-Therian?|87/100 tox
|
|-heal|p1a: Landorus-Therian?|99/100 tox|[from] ability: Poison Heal
|upkeep
|turn|27
|c|☆stone douchebag|toxic and malignant chain basically do the same things except one does more damage
|
|t:|1779920588
|move|p1a: Landorus-Therian?|Earthquake|p2a: Pecharunt
|-supereffective|p2a: Pecharunt
|-damage|p2a: Pecharunt|10/100
|move|p2a: Pecharunt|Parting Shot|p1a: Landorus-Therian?
|-unboost|p1a: Landorus-Therian?|atk|1
|-unboost|p1a: Landorus-Therian?|spa|1
|
|t:|1779920594
|switch|p2a: Great Tusk|Great Tusk|60/100|[from] Parting Shot
|
|-heal|p1a: Landorus-Therian?|100/100 tox|[from] ability: Poison Heal
|upkeep
|turn|28
|
|t:|1779920605
|switch|p1a: Corviknight?|Skarmory, M|98/100
|-damage|p1a: Corviknight?|86/100|[from] Stealth Rock
|move|p2a: Great Tusk|Ice Spinner|p1a: Corviknight?
|-damage|p1a: Corviknight?|67/100
|-damage|p2a: Great Tusk|44/100|[from] item: Rocky Helmet|[of] p1a: Corviknight?
|
|upkeep
|turn|29
|
|t:|1779920612
|move|p2a: Great Tusk|Rapid Spin|p1a: Corviknight?
|-resisted|p1a: Corviknight?
|-damage|p1a: Corviknight?|62/100
|-boost|p2a: Great Tusk|spe|1
|-damage|p2a: Great Tusk|27/100|[from] item: Rocky Helmet|[of] p1a: Corviknight?
|-sideend|p2: Coolcube_3|Spikes|[from] move: Rapid Spin|[of] p2a: Great Tusk
|-sideend|p2: Coolcube_3|Stealth Rock|[from] move: Rapid Spin|[of] p2a: Great Tusk
|move|p1a: Corviknight?|Body Press|p2a: Great Tusk
|-damage|p2a: Great Tusk|3/100
|
|upkeep
|turn|30
|
|t:|1779920629
|-end|p2a: Great Tusk|Protosynthesis|[silent]
|switch|p2a: Pecharunt|Pecharunt|10/100
|move|p1a: Corviknight?|Roost|p1a: Corviknight?
|-heal|p1a: Corviknight?|100/100
|-singleturn|p1a: Corviknight?|move: Roost
|
|upkeep
|turn|31
|
|t:|1779920636
|move|p1a: Corviknight?|Spikes|p2a: Pecharunt
|-sidestart|p2: Coolcube_3|Spikes
|move|p2a: Pecharunt|Recover|p2a: Pecharunt
|-heal|p2a: Pecharunt|60/100
|
|upkeep
|turn|32
|
|t:|1779920641
|move|p1a: Corviknight?|Spikes|p2a: Pecharunt
|-sidestart|p2: Coolcube_3|Spikes
|move|p2a: Pecharunt|Recover|p2a: Pecharunt
|-heal|p2a: Pecharunt|100/100
|
|upkeep
|turn|33
|
|t:|1779920647
|move|p1a: Corviknight?|Spikes|p2a: Pecharunt
|-sidestart|p2: Coolcube_3|Spikes
|move|p2a: Pecharunt|Parting Shot|p1a: Corviknight?
|-unboost|p1a: Corviknight?|atk|1
|-unboost|p1a: Corviknight?|spa|1
|
|t:|1779920655
|switch|p2a: Sinistcha|Sinistcha|84/100|[from] Parting Shot
|-damage|p2a: Sinistcha|59/100|[from] Spikes
|
|-heal|p2a: Sinistcha|65/100|[from] item: Leftovers
|upkeep
|turn|34
|
|t:|1779920666
|switch|p1a: Clefable?|Blissey, F|98/100
|move|p2a: Sinistcha|Matcha Gotcha|p1a: Clefable?
|-damage|p1a: Clefable?|87/100
|-heal|p2a: Sinistcha|75/100|[from] drain|[of] p1a: Clefable?
|
|-heal|p2a: Sinistcha|81/100|[from] item: Leftovers
|upkeep
|turn|35
|
|t:|1779920683
|move|p2a: Sinistcha|Calm Mind|p2a: Sinistcha
|-boost|p2a: Sinistcha|spa|1
|-boost|p2a: Sinistcha|spd|1
|move|p1a: Clefable?|Shadow Ball|p2a: Sinistcha
|-supereffective|p2a: Sinistcha
|-damage|p2a: Sinistcha|59/100
|
|-heal|p2a: Sinistcha|65/100|[from] item: Leftovers
|upkeep
|turn|36
|
|t:|1779920691
|move|p2a: Sinistcha|Calm Mind|p2a: Sinistcha
|-boost|p2a: Sinistcha|spa|1
|-boost|p2a: Sinistcha|spd|1
|move|p1a: Clefable?|Calm Mind|p1a: Clefable?
|-boost|p1a: Clefable?|spa|1
|-boost|p1a: Clefable?|spd|1
|
|-heal|p2a: Sinistcha|71/100|[from] item: Leftovers
|upkeep
|turn|37
|
|t:|1779920699
|move|p2a: Sinistcha|Calm Mind|p2a: Sinistcha
|-boost|p2a: Sinistcha|spa|1
|-boost|p2a: Sinistcha|spd|1
|move|p1a: Clefable?|Calm Mind|p1a: Clefable?
|-boost|p1a: Clefable?|spa|1
|-boost|p1a: Clefable?|spd|1
|
|-heal|p2a: Sinistcha|77/100|[from] item: Leftovers
|upkeep
|turn|38
|
|t:|1779920707
|move|p2a: Sinistcha|Calm Mind|p2a: Sinistcha
|-boost|p2a: Sinistcha|spa|1
|-boost|p2a: Sinistcha|spd|1
|move|p1a: Clefable?|Calm Mind|p1a: Clefable?
|-boost|p1a: Clefable?|spa|1
|-boost|p1a: Clefable?|spd|1
|
|-heal|p2a: Sinistcha|83/100|[from] item: Leftovers
|upkeep
|turn|39
|
|t:|1779920722
|move|p2a: Sinistcha|Calm Mind|p2a: Sinistcha
|-boost|p2a: Sinistcha|spa|1
|-boost|p2a: Sinistcha|spd|1
|move|p1a: Clefable?|Calm Mind|p1a: Clefable?
|-boost|p1a: Clefable?|spa|1
|-boost|p1a: Clefable?|spd|1
|
|-heal|p2a: Sinistcha|90/100|[from] item: Leftovers
|upkeep
|turn|40
|
|t:|1779920732
|move|p2a: Sinistcha|Calm Mind|p2a: Sinistcha
|-boost|p2a: Sinistcha|spa|1
|-boost|p2a: Sinistcha|spd|1
|move|p1a: Clefable?|Calm Mind|p1a: Clefable?
|-boost|p1a: Clefable?|spa|1
|-boost|p1a: Clefable?|spd|1
|
|-heal|p2a: Sinistcha|96/100|[from] item: Leftovers
|upkeep
|turn|41
|
|t:|1779920747
|move|p2a: Sinistcha|Matcha Gotcha|p1a: Clefable?
|-damage|p1a: Clefable?|75/100
|-heal|p2a: Sinistcha|100/100|[from] drain|[of] p1a: Clefable?
|move|p1a: Clefable?|Calm Mind|p1a: Clefable?
|-boost|p1a: Clefable?|spa|1
|-boost|p1a: Clefable?|spd|1
|
|upkeep
|turn|42
|
|t:|1779920764
|move|p2a: Sinistcha|Matcha Gotcha|p1a: Clefable?
|-damage|p1a: Clefable?|63/100
|move|p1a: Clefable?|Shadow Ball|p2a: Sinistcha
|-supereffective|p2a: Sinistcha
|-damage|p2a: Sinistcha|69/100
|
|-heal|p2a: Sinistcha|75/100|[from] item: Leftovers
|upkeep
|turn|43
|
|t:|1779920773
|move|p2a: Sinistcha|Strength Sap|p1a: Clefable?
|-unboost|p1a: Clefable?|atk|1
|-heal|p2a: Sinistcha|81/100
|move|p1a: Clefable?|Soft-Boiled|p1a: Clefable?
|-heal|p1a: Clefable?|100/100
|
|-heal|p2a: Sinistcha|87/100|[from] item: Leftovers
|upkeep
|turn|44
|c|☆stone douchebag|yeah leech my 22 attack
|c|☆stone douchebag|see what good it does you
|inactive|Coolcube_3 has 120 seconds left.
|
|t:|1779920831
|-terastallize|p2a: Sinistcha|Fairy
|move|p2a: Sinistcha|Matcha Gotcha|p1a: Clefable?
|-damage|p1a: Clefable?|89/100
|-heal|p2a: Sinistcha|98/100|[from] drain|[of] p1a: Clefable?
|-status|p1a: Clefable?|brn
|move|p1a: Clefable?|Shadow Ball|p2a: Sinistcha
|-crit|p2a: Sinistcha
|-damage|p2a: Sinistcha|0 fnt
|faint|p2a: Sinistcha
|
|-damage|p1a: Clefable?|83/100 brn|[from] brn
|upkeep
|inactive|Coolcube_3 has 90 seconds left.
|
|t:|1779920848
|switch|p2a: Ting-Lu|Ting-Lu|100/100
|-damage|p2a: Ting-Lu|76/100|[from] Spikes
|-ability|p2a: Ting-Lu|Vessel of Ruin
|turn|45
|inactive|Coolcube_3 has 90 seconds left.
|
|t:|1779920858
|-curestatus|p1a: Clefable?|brn|[from] ability: Natural Cure|[silent]
|switch|p1a: Corviknight?|Skarmory, M|100/100
|-damage|p1a: Corviknight?|88/100|[from] Stealth Rock
|move|p2a: Ting-Lu|Whirlwind|p1a: Corviknight?
|drag|p1a: Amoongus?|Vileplume, F|100/100
|
|-heal|p2a: Ting-Lu|82/100|[from] item: Leftovers
|upkeep
|turn|46
|inactive|Coolcube_3 has 90 seconds left.
|
|t:|1779920871
|switch|p2a: Slowking|Slowking-Galar, F|64/100
|-damage|p2a: Slowking|39/100|[from] Spikes
|move|p1a: Amoongus?|Toxic|p2a: Slowking
|-immune|p2a: Slowking
|
|upkeep
|turn|47
|
|t:|1779920877
|move|p1a: Amoongus?|Leech Seed|p2a: Slowking
|-start|p2a: Slowking|move: Leech Seed
|move|p2a: Slowking|Future Sight|p1a: Amoongus?
|-start|p2a: Slowking|move: Future Sight
|
|-damage|p2a: Slowking|26/100|[from] Leech Seed|[of] p1a: Amoongus?
|upkeep
|turn|48
|
|t:|1779920892
|switch|p2a: Pecharunt|Pecharunt|100/100
|-damage|p2a: Pecharunt|75/100|[from] Spikes
|move|p1a: Amoongus?|Sludge Bomb|p2a: Pecharunt
|-resisted|p2a: Pecharunt
|-damage|p2a: Pecharunt|67/100
|
|upkeep
|turn|49
|
|t:|1779920900
|switch|p1a: Corviknight?|Skarmory, M|88/100
|-damage|p1a: Corviknight?|76/100|[from] Stealth Rock
|move|p2a: Pecharunt|Parting Shot|p1a: Corviknight?
|-unboost|p1a: Corviknight?|atk|1
|-unboost|p1a: Corviknight?|spa|1
|inactive|Coolcube_3 has 90 seconds left.
|-message|Coolcube_3 forfeited.
|
|win|stone douchebag
|raw|stone douchebag's rating: 1342 &rarr; <strong>1360</strong><br />(+18 for winning)
|raw|Coolcube_3's rating: 1303 &rarr; <strong>1285</strong><br />(-18 for losing)
|l|☆Coolcube_3
|player|p2|
|l|☆stone douchebag
|player|p1|
