|j|☆bububugye
|j|☆gamvza
|t:|1779930910
|gametype|singles
|player|p1|bububugye|265|1238
|player|p2|gamvza|266|1275
|gen|9
|tier|[Gen 9] OU
|rated|
|rule|HP Percentage Mod: HP is shown in percentages
|rule|Endless Battle Clause: Forcing endless battles is banned
|rule|Species Clause: Limit one of each Pokémon
|rule|OHKO Clause: OHKO moves are banned
|rule|Evasion Items Clause: Evasion items are banned
|rule|Evasion Moves Clause: Evasion moves are banned
|rule|Evasion Abilities Clause: Evasion abilities are banned
|rule|Sleep Moves Clause: Sleep-inducing moves are banned
|clearpoke
|poke|p1|Deoxys-Speed|
|poke|p1|Toxapex, M|
|poke|p1|Zapdos|
|poke|p1|Iron Treads|
|poke|p1|Kingambit, F|
|poke|p1|Gholdengo|
|poke|p2|Dragonite, F|
|poke|p2|Gholdengo|
|poke|p2|Scream Tail|
|poke|p2|Zamazenta-*|
|poke|p2|Dragapult, M|
|poke|p2|Gliscor, M|
|teampreview
|inactive|Battle timer is ON: inactive players will automatically lose when time's up. (requested by gamvza)
|inactive|bububugye has 120 seconds left.
|
|t:|1779930958
|teamsize|p1|6
|teamsize|p2|6
|start
|switch|p1a: Gholdengo|Gholdengo|100/100
|switch|p2a: Gliscor|Gliscor, M|100/100
|-item|p1a: Gholdengo|Air Balloon
|turn|1
|
|t:|1779930966
|move|p2a: Gliscor|Knock Off|p1a: Gholdengo
|-supereffective|p1a: Gholdengo
|-crit|p1a: Gholdengo
|-damage|p1a: Gholdengo|57/100
|-enditem|p1a: Gholdengo|Air Balloon
|move|p1a: Gholdengo|Nasty Plot|p1a: Gholdengo
|-boost|p1a: Gholdengo|spa|2
|
|-status|p2a: Gliscor|tox|[from] item: Toxic Orb
|upkeep
|turn|2
|
|t:|1779930974
|-terastallize|p1a: Gholdengo|Flying
|move|p2a: Gliscor|Knock Off|p1a: Gholdengo
|-damage|p1a: Gholdengo|46/100
|move|p1a: Gholdengo|Nasty Plot|p1a: Gholdengo
|-boost|p1a: Gholdengo|spa|2
|
|upkeep
|turn|3
|
|t:|1779930979
|move|p2a: Gliscor|Toxic Spikes|p1a: Gholdengo
|-sidestart|p1: bububugye|move: Toxic Spikes
|move|p1a: Gholdengo|Recover|p1a: Gholdengo
|-heal|p1a: Gholdengo|96/100
|
|upkeep
|turn|4
|inactive|gamvza has 120 seconds left.
|
|t:|1779931013
|move|p2a: Gliscor|Protect|p2a: Gliscor
|-singleturn|p2a: Gliscor|Protect
|move|p1a: Gholdengo|Shadow Ball|p2a: Gliscor
|-activate|p2a: Gliscor|move: Protect
|
|upkeep
|turn|5
|
|t:|1779931021
|move|p2a: Gliscor|U-turn|p1a: Gholdengo
|-resisted|p1a: Gholdengo
|-damage|p1a: Gholdengo|91/100
|
|t:|1779931026
|switch|p2a: Zamazenta|Zamazenta|100/100|[from] U-turn
|-ability|p2a: Zamazenta|Dauntless Shield|boost
|-boost|p2a: Zamazenta|def|1
|move|p1a: Gholdengo|Shadow Ball|p2a: Zamazenta
|-damage|p2a: Zamazenta|14/100
|
|-heal|p2a: Zamazenta|20/100|[from] item: Leftovers
|upkeep
|turn|6
|
|t:|1779931033
|move|p1a: Gholdengo|Shadow Ball|p2a: Zamazenta
|-damage|p2a: Zamazenta|0 fnt
|faint|p2a: Zamazenta
|
|upkeep
|
|t:|1779931048
|switch|p2a: Dragapult|Dragapult, M|100/100
|turn|7
|
|t:|1779931054
|move|p2a: Dragapult|Dragon Darts|p1a: Gholdengo
|-damage|p1a: Gholdengo|77/100
|-anim|p2a: Dragapult|Dragon Darts|p1a: Gholdengo
|-damage|p1a: Gholdengo|62/100
|move|p1a: Gholdengo|Shadow Ball|p2a: Dragapult
|-supereffective|p2a: Dragapult
|-damage|p2a: Dragapult|0 fnt
|faint|p2a: Dragapult
|
|upkeep
|
|t:|1779931060
|switch|p2a: Gholdengo|Gholdengo|100/100
|turn|8
|
|t:|1779931064
|move|p2a: Gholdengo|Make It Rain|p1a: Gholdengo
|-damage|p1a: Gholdengo|0 fnt
|-unboost|p2a: Gholdengo|spa|1
|faint|p1a: Gholdengo
|
|upkeep
|
|t:|1779931078
|switch|p1a: Kingambit|Kingambit, F|100/100
|-activate|p1a: Kingambit|ability: Supreme Overlord
|-start|p1a: Kingambit|fallen1|[silent]
|turn|9
|
|t:|1779931088
|switch|p2a: Gliscor|Gliscor, M|100/100 tox
|move|p1a: Kingambit|Kowtow Cleave|p2a: Gliscor
|-damage|p2a: Gliscor|47/100 tox
|
|-heal|p2a: Gliscor|60/100 tox|[from] ability: Poison Heal
|upkeep
|turn|10
|
|t:|1779931099
|-end|p1a: Kingambit|fallen1|[silent]
|switch|p1a: Toxapex|Toxapex, M|100/100
|-sideend|p1: bububugye|move: Toxic Spikes|[of] p1a: Toxapex
|move|p2a: Gliscor|Knock Off|p1a: Toxapex
|-damage|p1a: Toxapex|87/100
|-enditem|p1a: Toxapex|Leftovers|[from] move: Knock Off|[of] p2a: Gliscor
|
|-heal|p2a: Gliscor|72/100 tox|[from] ability: Poison Heal
|upkeep
|turn|11
|
|t:|1779931107
|move|p2a: Gliscor|U-turn|p1a: Toxapex
|-resisted|p1a: Toxapex
|-damage|p1a: Toxapex|83/100
|
|t:|1779931110
|switch|p2a: Dragonite|Dragonite, F|100/100|[from] U-turn
|move|p1a: Toxapex|Liquidation|p2a: Dragonite
|-resisted|p2a: Dragonite
|-damage|p2a: Dragonite|95/100
|
|upkeep
|turn|12
|
|t:|1779931120
|move|p2a: Dragonite|Earthquake|p1a: Toxapex
|-supereffective|p1a: Toxapex
|-damage|p1a: Toxapex|39/100
|move|p1a: Toxapex|Liquidation|p2a: Dragonite
|-resisted|p2a: Dragonite
|-damage|p2a: Dragonite|83/100
|
|upkeep
|turn|13
|inactive|gamvza has 120 seconds left.
|inactive|gamvza has 90 seconds left.
|
|t:|1779931182
|switch|p1a: Zapdos|Zapdos, shiny|100/100
|move|p2a: Dragonite|Dragon Dance|p2a: Dragonite
|-boost|p2a: Dragonite|atk|1
|-boost|p2a: Dragonite|spe|1
|
|upkeep
|turn|14
|inactive|gamvza has 90 seconds left.
|inactive|bububugye has 120 seconds left.
|inactive|bububugye has 90 seconds left.
|
|t:|1779931258
|-terastallize|p2a: Dragonite|Normal
|move|p2a: Dragonite|Extreme Speed|p1a: Zapdos
|-damage|p1a: Zapdos|53/100
|move|p1a: Zapdos|Thunder Wave|p2a: Dragonite
|-status|p2a: Dragonite|par
|
|upkeep
|turn|15
|
|t:|1779931285
|move|p1a: Zapdos|Roost|p1a: Zapdos
|-heal|p1a: Zapdos|100/100
|-singleturn|p1a: Zapdos|move: Roost
|move|p2a: Dragonite|Ice Spinner|p1a: Zapdos
|-damage|p1a: Zapdos|68/100
|
|upkeep
|turn|16
|
|t:|1779931294
|cant|p2a: Dragonite|par
|move|p1a: Zapdos|Hurricane|p2a: Dragonite
|-damage|p2a: Dragonite|36/100 par
|
|upkeep
|turn|17
|
|t:|1779931299
|move|p1a: Zapdos|Hurricane|p2a: Dragonite|[miss]
|-miss|p1a: Zapdos|p2a: Dragonite
|cant|p2a: Dragonite|par
|
|upkeep
|turn|18
|
|t:|1779931303
|move|p1a: Zapdos|Hurricane|p2a: Dragonite
|-damage|p2a: Dragonite|0 fnt
|faint|p2a: Dragonite
|
|upkeep
|inactive|gamvza has 90 seconds left.
|
|t:|1779931320
|switch|p2a: Gholdengo|Gholdengo|100/100
|turn|19
|
|t:|1779931332
|move|p2a: Gholdengo|Nasty Plot|p2a: Gholdengo
|-boost|p2a: Gholdengo|spa|2
|move|p1a: Zapdos|Volt Switch|p2a: Gholdengo
|-damage|p2a: Gholdengo|63/100
|
|t:|1779931334
|switch|p1a: Toxapex|Toxapex, M|72/100|[from] Volt Switch
|
|upkeep
|turn|20
|inactive|gamvza has 90 seconds left.
|
|t:|1779931352
|move|p2a: Gholdengo|Shadow Ball|p1a: Toxapex
|-damage|p1a: Toxapex|2/100
|move|p1a: Toxapex|Haze|p1a: Toxapex
|-clearallboost
|
|upkeep
|turn|21
|
|t:|1779931358
|move|p2a: Gholdengo|Nasty Plot|p2a: Gholdengo
|-boost|p2a: Gholdengo|spa|2
|move|p1a: Toxapex|Recover|p1a: Toxapex
|-heal|p1a: Toxapex|53/100
|
|upkeep
|turn|22
|
|t:|1779931362
|move|p2a: Gholdengo|Shadow Ball|p1a: Toxapex
|-damage|p1a: Toxapex|0 fnt
|faint|p1a: Toxapex
|
|upkeep
|inactive|bububugye has 120 seconds left.
|
|t:|1779931390
|switch|p1a: Kingambit|Kingambit, F|100/100
|-activate|p1a: Kingambit|ability: Supreme Overlord
|-start|p1a: Kingambit|fallen2|[silent]
|turn|23
|
|t:|1779931398
|move|p2a: Gholdengo|Recover|p2a: Gholdengo
|-heal|p2a: Gholdengo|100/100
|move|p1a: Kingambit|Kowtow Cleave|p2a: Gholdengo
|-supereffective|p2a: Gholdengo
|-damage|p2a: Gholdengo|0 fnt
|faint|p2a: Gholdengo
|
|upkeep
|
|t:|1779931403
|switch|p2a: Gliscor|Gliscor, M|72/100 tox
|turn|24
|
|t:|1779931414
|-end|p1a: Kingambit|fallen2|[silent]
|switch|p1a: Zapdos|Zapdos, shiny|68/100
|move|p2a: Gliscor|Knock Off|p1a: Zapdos
|-damage|p1a: Zapdos|52/100
|-enditem|p1a: Zapdos|Heavy-Duty Boots|[from] move: Knock Off|[of] p2a: Gliscor
|
|-heal|p2a: Gliscor|85/100 tox|[from] ability: Poison Heal
|upkeep
|turn|25
|
|t:|1779931427
|move|p1a: Zapdos|Roost|p1a: Zapdos
|-heal|p1a: Zapdos|100/100
|-singleturn|p1a: Zapdos|move: Roost
|move|p2a: Gliscor|Toxic Spikes|p1a: Zapdos
|-sidestart|p1: bububugye|move: Toxic Spikes
|
|-heal|p2a: Gliscor|97/100 tox|[from] ability: Poison Heal
|upkeep
|turn|26
|
|t:|1779931434
|move|p1a: Zapdos|Hurricane|p2a: Gliscor
|-damage|p2a: Gliscor|57/100 tox
|move|p2a: Gliscor|Knock Off|p1a: Zapdos
|-damage|p1a: Zapdos|89/100
|
|-heal|p2a: Gliscor|70/100 tox|[from] ability: Poison Heal
|upkeep
|turn|27
|
|t:|1779931441
|move|p2a: Gliscor|Protect|p2a: Gliscor
|-singleturn|p2a: Gliscor|Protect
|move|p1a: Zapdos|Hurricane|p2a: Gliscor
|-activate|p2a: Gliscor|move: Protect
|
|-heal|p2a: Gliscor|82/100 tox|[from] ability: Poison Heal
|upkeep
|turn|28
|
|t:|1779931447
|move|p1a: Zapdos|Hurricane|p2a: Gliscor|[miss]
|-miss|p1a: Zapdos|p2a: Gliscor
|move|p2a: Gliscor|U-turn|p1a: Zapdos
|-resisted|p1a: Zapdos
|-damage|p1a: Zapdos|84/100
|
|t:|1779931452
|switch|p2a: Scream Tail|Scream Tail|100/100|[from] U-turn
|
|upkeep
|turn|29
|
|t:|1779931466
|move|p2a: Scream Tail|Stealth Rock|p1a: Zapdos
|-sidestart|p1: bububugye|move: Stealth Rock
|move|p1a: Zapdos|Thunder Wave|p2a: Scream Tail
|-status|p2a: Scream Tail|par
|
|upkeep
|turn|30
|
|t:|1779931479
|move|p1a: Zapdos|Hurricane|p2a: Scream Tail|[miss]
|-miss|p1a: Zapdos|p2a: Scream Tail
|move|p2a: Scream Tail|Dazzling Gleam|p1a: Zapdos
|-damage|p1a: Zapdos|64/100
|
|upkeep
|turn|31
|inactive|bububugye has 120 seconds left.
|
|t:|1779931515
|move|p1a: Zapdos|Hurricane|p2a: Scream Tail
|-damage|p2a: Scream Tail|68/100 par
|move|p2a: Scream Tail|Dazzling Gleam|p1a: Zapdos
|-damage|p1a: Zapdos|46/100
|
|upkeep
|turn|32
|
|t:|1779931522
|move|p1a: Zapdos|Roost|p1a: Zapdos
|-heal|p1a: Zapdos|96/100
|-singleturn|p1a: Zapdos|move: Roost
|move|p2a: Scream Tail|Dazzling Gleam|p1a: Zapdos
|-damage|p1a: Zapdos|78/100
|
|upkeep
|turn|33
|c|☆gamvza|bro just change to iron threads and finish
|
|t:|1779931535
|move|p1a: Zapdos|Hurricane|p2a: Scream Tail
|-crit|p2a: Scream Tail
|-damage|p2a: Scream Tail|17/100 par
|move|p2a: Scream Tail|Dazzling Gleam|p1a: Zapdos
|-damage|p1a: Zapdos|60/100
|
|upkeep
|turn|34
|
|t:|1779931542
|move|p1a: Zapdos|Hurricane|p2a: Scream Tail
|-damage|p2a: Scream Tail|0 fnt
|faint|p2a: Scream Tail
|-end|p2a: Scream Tail|Protosynthesis|[silent]
|
|upkeep
|
|t:|1779931544
|switch|p2a: Gliscor|Gliscor, M|82/100 tox
|turn|35
|
|t:|1779931546
|move|p1a: Zapdos|Hurricane|p2a: Gliscor
|-damage|p2a: Gliscor|43/100 tox
|move|p2a: Gliscor|Knock Off|p1a: Zapdos
|-damage|p1a: Zapdos|50/100
|
|-heal|p2a: Gliscor|55/100 tox|[from] ability: Poison Heal
|upkeep
|turn|36
|
|t:|1779931549
|move|p1a: Zapdos|Roost|p1a: Zapdos
|-heal|p1a: Zapdos|99/100
|-singleturn|p1a: Zapdos|move: Roost
|move|p2a: Gliscor|Knock Off|p1a: Zapdos
|-damage|p1a: Zapdos|89/100
|
|-heal|p2a: Gliscor|68/100 tox|[from] ability: Poison Heal
|upkeep
|turn|37
|
|t:|1779931552
|move|p1a: Zapdos|Hurricane|p2a: Gliscor
|-damage|p2a: Gliscor|27/100 tox
|move|p2a: Gliscor|Knock Off|p1a: Zapdos
|-damage|p1a: Zapdos|79/100
|
|-heal|p2a: Gliscor|40/100 tox|[from] ability: Poison Heal
|upkeep
|turn|38
|
|t:|1779931555
|move|p2a: Gliscor|Protect|p2a: Gliscor
|-singleturn|p2a: Gliscor|Protect
|move|p1a: Zapdos|Hurricane|p2a: Gliscor
|-activate|p2a: Gliscor|move: Protect
|
|-heal|p2a: Gliscor|52/100 tox|[from] ability: Poison Heal
|upkeep
|turn|39
|
|t:|1779931557
|move|p1a: Zapdos|Hurricane|p2a: Gliscor|[miss]
|-miss|p1a: Zapdos|p2a: Gliscor
|move|p2a: Gliscor|Knock Off|p1a: Zapdos
|-damage|p1a: Zapdos|68/100
|
|-heal|p2a: Gliscor|65/100 tox|[from] ability: Poison Heal
|upkeep
|turn|40
|
|t:|1779931559
|move|p1a: Zapdos|Hurricane|p2a: Gliscor
|-damage|p2a: Gliscor|24/100 tox
|move|p2a: Gliscor|Knock Off|p1a: Zapdos
|-damage|p1a: Zapdos|59/100
|
|-heal|p2a: Gliscor|36/100 tox|[from] ability: Poison Heal
|upkeep
|turn|41
|
|t:|1779931562
|move|p1a: Zapdos|Volt Switch|p2a: Gliscor
|-immune|p2a: Gliscor
|move|p2a: Gliscor|Knock Off|p1a: Zapdos
|-damage|p1a: Zapdos|50/100
|
|-heal|p2a: Gliscor|49/100 tox|[from] ability: Poison Heal
|upkeep
|turn|42
|
|t:|1779931564
|move|p2a: Gliscor|Protect|p2a: Gliscor
|-singleturn|p2a: Gliscor|Protect
|move|p1a: Zapdos|Hurricane|p2a: Gliscor
|-activate|p2a: Gliscor|move: Protect
|
|-heal|p2a: Gliscor|61/100 tox|[from] ability: Poison Heal
|upkeep
|turn|43
|
|t:|1779931566
|move|p1a: Zapdos|Roost|p1a: Zapdos
|-heal|p1a: Zapdos|99/100
|-singleturn|p1a: Zapdos|move: Roost
|move|p2a: Gliscor|Knock Off|p1a: Zapdos
|-damage|p1a: Zapdos|89/100
|
|-heal|p2a: Gliscor|74/100 tox|[from] ability: Poison Heal
|upkeep
|turn|44
|
|t:|1779931572
|switch|p1a: Iron Treads|Iron Treads|100/100
|-damage|p1a: Iron Treads|98/100|[from] Stealth Rock
|move|p2a: Gliscor|Knock Off|p1a: Iron Treads
|-damage|p1a: Iron Treads|81/100
|-enditem|p1a: Iron Treads|Clear Amulet|[from] move: Knock Off|[of] p2a: Gliscor
|
|-heal|p2a: Gliscor|86/100 tox|[from] ability: Poison Heal
|upkeep
|turn|45
|c|☆gamvza|thanks
|c|☆bububugye|Why
|inactive|gamvza has 120 seconds left.
|c|☆gamvza|was that difficult? or u dont have friends to play so u rather play a boring play style?
|n|!gamvza|gamvza
|-message|gamvza forfeited.
|
|win|bububugye
|raw|bububugye's rating: 1238 &rarr; <strong>1266</strong><br />(+28 for winning)
|raw|gamvza's rating: 1275 &rarr; <strong>1247</strong><br />(-28 for losing)
|c|☆bububugye|lol
|l|!gamvza
|player|p2|
|l|☆bububugye
|player|p1|
|j|☆bububugye
|player|p1|bububugye|265|
