|j|☆fattyboy1809
|j|☆Sableyemygoat
|t:|1779843976
|gametype|singles
|player|p1|fattyboy1809|supernerd|1111
|player|p2|Sableyemygoat|aromalady|1211
|gen|9
|tier|[Gen 9] OU
|rated|
|rule|HP Percentage Mod: HP is shown in percentages
|rule|Endless Battle Clause: Forcing endless battles is banned
|rule|Species Clause: Limit one of each Pokémon
|rule|OHKO Clause: OHKO moves are banned
|rule|Evasion Items Clause: Evasion items are banned
|rule|Evasion Moves Clause: Evasion moves are banned
|rule|Evasion Abilities Clause: Evasion abilities are banned
|rule|Sleep Moves Clause: Sleep-inducing moves are banned
|clearpoke
|poke|p1|Greninja-*, M|
|poke|p1|Lokix, F|
|poke|p1|Clefable, F|
|poke|p1|Mabosstiff, F|
|poke|p1|Clodsire, M|
|poke|p1|Ambipom, M|
|poke|p2|Sableye, F|
|poke|p2|Deoxys-Defense|
|poke|p2|Zamazenta-*|
|poke|p2|Greninja-*, M|
|poke|p2|Maushold-Four|
|poke|p2|Iron Valiant|
|teampreview
|
|t:|1779843990
|teamsize|p1|6
|teamsize|p2|6
|start
|switch|p1a: Mabosstiff|Mabosstiff, F|100/100
|switch|p2a: Attackform|Deoxys-Defense|100/100
|-ability|p2a: Attackform|Pressure
|turn|1
|
|t:|1779843998
|move|p1a: Mabosstiff|Psychic Fangs|p2a: Attackform
|-resisted|p2a: Attackform
|-damage|p2a: Attackform|90/100
|move|p2a: Attackform|Cosmic Power|p2a: Attackform
|-boost|p2a: Attackform|def|1
|-boost|p2a: Attackform|spd|1
|
|upkeep
|turn|2
|
|t:|1779844005
|switch|p1a: Clefable|Clefable, F|100/100
|move|p2a: Attackform|Cosmic Power|p2a: Attackform
|-boost|p2a: Attackform|def|1
|-boost|p2a: Attackform|spd|1
|
|upkeep
|turn|3
|
|t:|1779844011
|move|p2a: Attackform|Cosmic Power|p2a: Attackform
|-boost|p2a: Attackform|def|1
|-boost|p2a: Attackform|spd|1
|move|p1a: Clefable|Calm Mind|p1a: Clefable
|-boost|p1a: Clefable|spa|1
|-boost|p1a: Clefable|spd|1
|
|upkeep
|turn|4
|
|t:|1779844018
|move|p2a: Attackform|Cosmic Power|p2a: Attackform
|-boost|p2a: Attackform|def|1
|-boost|p2a: Attackform|spd|1
|move|p1a: Clefable|Calm Mind|p1a: Clefable
|-boost|p1a: Clefable|spa|1
|-boost|p1a: Clefable|spd|1
|
|upkeep
|turn|5
|
|t:|1779844026
|move|p2a: Attackform|Cosmic Power|p2a: Attackform
|-boost|p2a: Attackform|def|1
|-boost|p2a: Attackform|spd|1
|move|p1a: Clefable|Calm Mind|p1a: Clefable
|-boost|p1a: Clefable|spa|1
|-boost|p1a: Clefable|spd|1
|
|upkeep
|turn|6
|
|t:|1779844034
|move|p2a: Attackform|Cosmic Power|p2a: Attackform
|-boost|p2a: Attackform|def|1
|-boost|p2a: Attackform|spd|1
|move|p1a: Clefable|Calm Mind|p1a: Clefable
|-boost|p1a: Clefable|spa|1
|-boost|p1a: Clefable|spd|1
|
|upkeep
|turn|7
|
|t:|1779844042
|move|p2a: Attackform|Stored Power|p1a: Clefable
|-damage|p1a: Clefable|80/100
|move|p1a: Clefable|Calm Mind|p1a: Clefable
|-boost|p1a: Clefable|spa|1
|-boost|p1a: Clefable|spd|1
|
|upkeep
|turn|8
|
|t:|1779844049
|move|p2a: Attackform|Stored Power|p1a: Clefable
|-damage|p1a: Clefable|65/100
|move|p1a: Clefable|Calm Mind|p1a: Clefable
|-boost|p1a: Clefable|spa|1
|-boost|p1a: Clefable|spd|1
|
|upkeep
|turn|9
|
|t:|1779844056
|move|p2a: Attackform|Stored Power|p1a: Clefable
|-damage|p1a: Clefable|49/100
|move|p1a: Clefable|Moonlight|p1a: Clefable
|-heal|p1a: Clefable|99/100
|
|upkeep
|turn|10
|
|t:|1779844063
|move|p2a: Attackform|Stored Power|p1a: Clefable
|-damage|p1a: Clefable|84/100
|move|p1a: Clefable|Moonblast|p2a: Attackform
|-damage|p2a: Attackform|58/100
|
|upkeep
|turn|11
|
|t:|1779844069
|move|p2a: Attackform|Stored Power|p1a: Clefable
|-damage|p1a: Clefable|69/100
|move|p1a: Clefable|Moonblast|p2a: Attackform
|-damage|p2a: Attackform|28/100
|
|upkeep
|turn|12
|
|t:|1779844076
|move|p2a: Attackform|Recover|p2a: Attackform
|-heal|p2a: Attackform|78/100
|move|p1a: Clefable|Moonlight|p1a: Clefable
|-heal|p1a: Clefable|100/100
|
|upkeep
|turn|13
|
|t:|1779844082
|move|p2a: Attackform|Recover|p2a: Attackform
|-heal|p2a: Attackform|100/100
|move|p1a: Clefable|Moonblast|p2a: Attackform
|-damage|p2a: Attackform|70/100
|
|upkeep
|turn|14
|
|t:|1779844089
|move|p2a: Attackform|Stored Power|p1a: Clefable
|-damage|p1a: Clefable|85/100
|move|p1a: Clefable|Thunderbolt|p2a: Attackform
|-damage|p2a: Attackform|50/100
|
|upkeep
|turn|15
|
|t:|1779844096
|move|p2a: Attackform|Recover|p2a: Attackform
|-heal|p2a: Attackform|99/100
|move|p1a: Clefable|Thunderbolt|p2a: Attackform
|-damage|p2a: Attackform|81/100
|
|upkeep
|turn|16
|
|t:|1779844108
|move|p2a: Attackform|Stored Power|p1a: Clefable
|-damage|p1a: Clefable|70/100
|move|p1a: Clefable|Thunderbolt|p2a: Attackform
|-damage|p2a: Attackform|63/100
|
|upkeep
|turn|17
|
|t:|1779844122
|move|p2a: Attackform|Stored Power|p1a: Clefable
|-damage|p1a: Clefable|57/100
|move|p1a: Clefable|Moonlight|p1a: Clefable
|-heal|p1a: Clefable|100/100
|
|upkeep
|turn|18
|
|t:|1779844129
|move|p2a: Attackform|Stored Power|p1a: Clefable
|-damage|p1a: Clefable|85/100
|move|p1a: Clefable|Thunderbolt|p2a: Attackform
|-damage|p2a: Attackform|43/100
|
|upkeep
|turn|19
|
|t:|1779844135
|move|p2a: Attackform|Stored Power|p1a: Clefable
|-damage|p1a: Clefable|71/100
|move|p1a: Clefable|Thunderbolt|p2a: Attackform
|-damage|p2a: Attackform|22/100
|
|upkeep
|turn|20
|
|t:|1779844147
|move|p2a: Attackform|Recover|p2a: Attackform
|-heal|p2a: Attackform|72/100
|move|p1a: Clefable|Thunderbolt|p2a: Attackform
|-damage|p2a: Attackform|54/100
|
|upkeep
|turn|21
|
|t:|1779844153
|move|p2a: Attackform|Recover|p2a: Attackform
|-heal|p2a: Attackform|100/100
|move|p1a: Clefable|Moonlight|p1a: Clefable
|-heal|p1a: Clefable|100/100
|
|upkeep
|turn|22
|
|t:|1779844166
|switch|p2a: Mega trust|Sableye, F|100/100
|move|p1a: Clefable|Thunderbolt|p2a: Mega trust
|-damage|p2a: Mega trust|0 fnt
|faint|p2a: Mega trust
|
|upkeep
|
|t:|1779844180
|switch|p2a: Thegang|Maushold-Four|100/100
|turn|23
|
|t:|1779844186
|-terastallize|p1a: Clefable|Steel
|move|p2a: Thegang|Population Bomb|p1a: Clefable
|-resisted|p1a: Clefable
|-damage|p1a: Clefable|93/100
|-resisted|p1a: Clefable
|-damage|p1a: Clefable|85/100
|-resisted|p1a: Clefable
|-damage|p1a: Clefable|79/100
|-resisted|p1a: Clefable
|-damage|p1a: Clefable|71/100
|-resisted|p1a: Clefable
|-damage|p1a: Clefable|64/100
|-resisted|p1a: Clefable
|-crit|p1a: Clefable
|-damage|p1a: Clefable|53/100
|-resisted|p1a: Clefable
|-damage|p1a: Clefable|46/100
|-resisted|p1a: Clefable
|-damage|p1a: Clefable|38/100
|-resisted|p1a: Clefable
|-damage|p1a: Clefable|30/100
|-resisted|p1a: Clefable
|-damage|p1a: Clefable|23/100
|-hitcount|p1a: Clefable|10
|move|p1a: Clefable|Moonblast|p2a: Thegang
|-damage|p2a: Thegang|0 fnt
|faint|p2a: Thegang
|
|upkeep
|
|t:|1779844211
|switch|p2a: Bulky|Iron Valiant|100/100
|-enditem|p2a: Bulky|Booster Energy
|-activate|p2a: Bulky|ability: Quark Drive|[fromitem]
|-start|p2a: Bulky|quarkdrivespe
|turn|24
|
|t:|1779844219
|switch|p1a: Clodsire|Clodsire, M|100/100
|move|p2a: Bulky|Knock Off|p1a: Clodsire
|-damage|p1a: Clodsire|71/100
|-enditem|p1a: Clodsire|Leftovers|[from] move: Knock Off|[of] p2a: Bulky
|
|upkeep
|turn|25
|
|t:|1779844227
|move|p2a: Bulky|Swords Dance|p2a: Bulky
|-boost|p2a: Bulky|atk|2
|move|p1a: Clodsire|Gunk Shot|p2a: Bulky
|-supereffective|p2a: Bulky
|-damage|p2a: Bulky|19/100
|
|upkeep
|turn|26
|
|t:|1779844235
|move|p2a: Bulky|Knock Off|p1a: Clodsire
|-damage|p1a: Clodsire|32/100
|move|p1a: Clodsire|Earthquake|p2a: Bulky
|-damage|p2a: Bulky|0 fnt
|faint|p2a: Bulky
|-end|p2a: Bulky|Quark Drive|[silent]
|
|upkeep
|
|t:|1779844242
|switch|p2a: Gemz|Greninja, M|100/100
|turn|27
|
|t:|1779844246
|move|p2a: Gemz|Surf|p1a: Clodsire
|-heal|p1a: Clodsire|57/100|[from] ability: Water Absorb|[of] p2a: Gemz
|move|p1a: Clodsire|Toxic|p2a: Gemz
|-status|p2a: Gemz|tox
|
|-damage|p2a: Gemz|95/100 tox|[from] psn
|upkeep
|turn|28
|-message|Sableyemygoat forfeited.
|
|win|fattyboy1809
|raw|fattyboy1809's rating: 1111 &rarr; <strong>1143</strong><br />(+32 for winning)
|raw|Sableyemygoat's rating: 1211 &rarr; <strong>1179</strong><br />(-32 for losing)
|l|☆Sableyemygoat
|player|p2|
|l|☆fattyboy1809
|player|p1|
