|j|☆yoony1
|j|☆prakshep
|t:|1779866789
|gametype|singles
|player|p1|yoony1|plasmagrunt-gen5bw|1410
|player|p2|prakshep|nate|1436
|gen|9
|tier|[Gen 9] OU
|rated|
|rule|HP Percentage Mod: HP is shown in percentages
|rule|Endless Battle Clause: Forcing endless battles is banned
|rule|Species Clause: Limit one of each Pokémon
|rule|OHKO Clause: OHKO moves are banned
|rule|Evasion Items Clause: Evasion items are banned
|rule|Evasion Moves Clause: Evasion moves are banned
|rule|Evasion Abilities Clause: Evasion abilities are banned
|rule|Sleep Moves Clause: Sleep-inducing moves are banned
|clearpoke
|poke|p1|Slowking-Galar, L99, M|
|poke|p1|Gholdengo|
|poke|p1|Samurott-Hisui, F|
|poke|p1|Great Tusk|
|poke|p1|Skarmory, M|
|poke|p1|Ogerpon-Wellspring, F|
|poke|p2|Cinderace, F|
|poke|p2|Polteageist-Antique|
|poke|p2|Walking Wake|
|poke|p2|Zamazenta-*|
|poke|p2|Maushold-Four|
|poke|p2|Glimmora, F|
|teampreview
|inactive|Battle timer is ON: inactive players will automatically lose when time's up. (requested by prakshep)
|
|t:|1779866799
|teamsize|p1|6
|teamsize|p2|6
|start
|switch|p1a: Great Tusk|Great Tusk|100/100
|switch|p2a: Cinderace|Cinderace, F, shiny|100/100
|-enditem|p1a: Great Tusk|Booster Energy
|-activate|p1a: Great Tusk|ability: Protosynthesis|[fromitem]
|-start|p1a: Great Tusk|protosynthesisatk
|turn|1
|
|t:|1779866810
|move|p2a: Cinderace|High Jump Kick|p1a: Great Tusk
|-start|p2a: Cinderace|typechange|Fighting|[from] ability: Libero
|-damage|p1a: Great Tusk|56/100
|move|p1a: Great Tusk|Knock Off|p2a: Cinderace
|-resisted|p2a: Cinderace
|-damage|p2a: Cinderace|68/100
|-enditem|p2a: Cinderace|Wide Lens|[from] move: Knock Off|[of] p1a: Great Tusk
|
|upkeep
|turn|2
|
|t:|1779866840
|-end|p1a: Great Tusk|Protosynthesis|[silent]
|switch|p1a: Gholdengo|Gholdengo|100/100
|-item|p1a: Gholdengo|Air Balloon
|move|p2a: Cinderace|Pyro Ball|p1a: Gholdengo
|-supereffective|p1a: Gholdengo
|-damage|p1a: Gholdengo|14/100
|-enditem|p1a: Gholdengo|Air Balloon
|
|upkeep
|turn|3
|
|t:|1779866851
|move|p2a: Cinderace|Pyro Ball|p1a: Gholdengo
|-supereffective|p1a: Gholdengo
|-damage|p1a: Gholdengo|0 fnt
|faint|p1a: Gholdengo
|
|upkeep
|inactive|yoony1 has 120 seconds left.
|
|t:|1779866873
|switch|p1a: Samurott|Samurott-Hisui, F|100/100
|turn|4
|
|t:|1779866886
|-terastallize|p1a: Samurott|Poison
|move|p1a: Samurott|Razor Shell|p2a: Cinderace
|-damage|p2a: Cinderace|0 fnt
|faint|p2a: Cinderace
|
|upkeep
|
|t:|1779866892
|switch|p2a: Polteageist|Polteageist-Antique|100/100
|turn|5
|
|t:|1779866896
|switch|p1a: Skarmory|Skarmory, M|100/100
|move|p2a: Polteageist|Shell Smash|p2a: Polteageist
|-unboost|p2a: Polteageist|def|1
|-unboost|p2a: Polteageist|spd|1
|-boost|p2a: Polteageist|atk|2
|-boost|p2a: Polteageist|spa|2
|-boost|p2a: Polteageist|spe|2
|
|upkeep
|turn|6
|
|t:|1779866903
|move|p2a: Polteageist|Shadow Ball|p1a: Skarmory
|-ability|p1a: Skarmory|Sturdy
|-damage|p1a: Skarmory|1/100
|move|p1a: Skarmory|Whirlwind|p2a: Polteageist
|drag|p2a: Maushold|Maushold-Four, shiny|100/100
|
|upkeep
|turn|7
|-message|yoony1 forfeited.
|
|win|prakshep
|raw|yoony1's rating: 1410 &rarr; <strong>1391</strong><br />(-19 for losing)
|raw|prakshep's rating: 1436 &rarr; <strong>1455</strong><br />(+19 for winning)
|l|☆yoony1
|player|p1|
|l|☆prakshep
|player|p2|
