|j|☆lousiv
|j|☆pontinhu
|t:|1779880059
|gametype|singles
|player|p1|lousiv|volkner|1395
|player|p2|pontinhu|plasmagrunt-gen5bw|1346
|gen|9
|tier|[Gen 9] OU
|rated|
|rule|HP Percentage Mod: HP is shown in percentages
|rule|Endless Battle Clause: Forcing endless battles is banned
|rule|Species Clause: Limit one of each Pokémon
|rule|OHKO Clause: OHKO moves are banned
|rule|Evasion Items Clause: Evasion items are banned
|rule|Evasion Moves Clause: Evasion moves are banned
|rule|Evasion Abilities Clause: Evasion abilities are banned
|rule|Sleep Moves Clause: Sleep-inducing moves are banned
|clearpoke
|poke|p1|Weavile, F|
|poke|p1|Raging Bolt|
|poke|p1|Deoxys-Speed|
|poke|p1|Gholdengo|
|poke|p1|Great Tusk|
|poke|p1|Slowking-Galar, F|
|poke|p2|Yanmega, M|
|poke|p2|Ogerpon-Wellspring, F|
|poke|p2|Cloyster, F|
|poke|p2|Ribombee, M|
|poke|p2|Donphan, F|
|poke|p2|Metagross|
|teampreview
|inactive|Battle timer is ON: inactive players will automatically lose when time's up. (requested by pontinhu)
|
|t:|1779880071
|teamsize|p1|6
|teamsize|p2|6
|start
|switch|p1a: Weavile|Weavile, F|100/100
|switch|p2a: Ribombee|Ribombee, M|100/100
|-ability|p1a: Weavile|Pressure
|turn|1
|
|t:|1779880079
|move|p2a: Ribombee|Moonblast|p1a: Weavile
|-supereffective|p1a: Weavile
|-damage|p1a: Weavile|0 fnt
|faint|p1a: Weavile
|
|upkeep
|
|t:|1779880092
|switch|p1a: Deoxys|Deoxys-Speed|100/100
|-ability|p1a: Deoxys|Pressure
|turn|2
|
|t:|1779880099
|switch|p2a: Metagross|Metagross|100/100
|move|p1a: Deoxys|Spikes|p2a: Metagross
|-sidestart|p2: pontinhu|Spikes
|
|upkeep
|turn|3
|
|t:|1779880109
|move|p1a: Deoxys|Knock Off|p2a: Metagross
|-supereffective|p2a: Metagross
|-damage|p2a: Metagross|52/100
|-enditem|p2a: Metagross|Weakness Policy
|-boost|p2a: Metagross|atk|2|[from] item: Weakness Policy
|-boost|p2a: Metagross|spa|2|[from] item: Weakness Policy
|move|p2a: Metagross|Heavy Slam|p1a: Deoxys
|-damage|p1a: Deoxys|0 fnt
|faint|p1a: Deoxys
|
|upkeep
|
|t:|1779880114
|switch|p1a: Great Tusk|Great Tusk|100/100
|turn|4
|
|t:|1779880123
|switch|p2a: Yanmega|Yanmega, M|100/100
|move|p1a: Great Tusk|Headlong Rush|p2a: Yanmega
|-immune|p2a: Yanmega
|
|upkeep
|turn|5
|
|t:|1779880133
|move|p2a: Yanmega|Protect|p2a: Yanmega
|-singleturn|p2a: Yanmega|Protect
|move|p1a: Great Tusk|Rapid Spin|p2a: Yanmega
|-activate|p2a: Yanmega|move: Protect
|
|-ability|p2a: Yanmega|Speed Boost|boost
|-boost|p2a: Yanmega|spe|1
|upkeep
|turn|6
|
|t:|1779880141
|move|p2a: Yanmega|Bug Buzz|p1a: Great Tusk
|-resisted|p1a: Great Tusk
|-damage|p1a: Great Tusk|63/100
|-enditem|p2a: Yanmega|Throat Spray
|-boost|p2a: Yanmega|spa|1|[from] item: Throat Spray
|move|p1a: Great Tusk|Rapid Spin|p2a: Yanmega
|-damage|p2a: Yanmega|78/100
|-boost|p1a: Great Tusk|spe|1
|
|-ability|p2a: Yanmega|Speed Boost|boost
|-boost|p2a: Yanmega|spe|1
|upkeep
|turn|7
|
|t:|1779880153
|move|p2a: Yanmega|Substitute|p2a: Yanmega
|-start|p2a: Yanmega|Substitute
|-damage|p2a: Yanmega|53/100
|move|p1a: Great Tusk|Ice Spinner|p2a: Yanmega
|-supereffective|p2a: Yanmega
|-end|p2a: Yanmega|Substitute
|
|-ability|p2a: Yanmega|Speed Boost|boost
|-boost|p2a: Yanmega|spe|1
|upkeep
|turn|8
|
|t:|1779880161
|move|p2a: Yanmega|Air Slash|p1a: Great Tusk
|-supereffective|p1a: Great Tusk
|-damage|p1a: Great Tusk|0 fnt
|faint|p1a: Great Tusk
|-end|p1a: Great Tusk|Protosynthesis|[silent]
|
|-ability|p2a: Yanmega|Speed Boost|boost
|-boost|p2a: Yanmega|spe|1
|upkeep
|
|t:|1779880168
|switch|p1a: Raging Bolt|Raging Bolt|100/100
|-enditem|p1a: Raging Bolt|Booster Energy
|-activate|p1a: Raging Bolt|ability: Protosynthesis|[fromitem]
|-start|p1a: Raging Bolt|protosynthesisspa
|turn|9
|
|t:|1779880174
|move|p2a: Yanmega|Substitute|p2a: Yanmega
|-start|p2a: Yanmega|Substitute
|-damage|p2a: Yanmega|28/100
|move|p1a: Raging Bolt|Calm Mind|p1a: Raging Bolt
|-boost|p1a: Raging Bolt|spa|1
|-boost|p1a: Raging Bolt|spd|1
|
|-ability|p2a: Yanmega|Speed Boost|boost
|-boost|p2a: Yanmega|spe|1
|upkeep
|turn|10
|
|t:|1779880183
|move|p2a: Yanmega|Bug Buzz|p1a: Raging Bolt
|-damage|p1a: Raging Bolt|53/100
|move|p1a: Raging Bolt|Dragon Pulse|p2a: Yanmega
|-end|p2a: Yanmega|Substitute
|
|-ability|p2a: Yanmega|Speed Boost|boost
|-boost|p2a: Yanmega|spe|1
|upkeep
|turn|11
|
|t:|1779880192
|move|p2a: Yanmega|Substitute|p2a: Yanmega
|-start|p2a: Yanmega|Substitute
|-damage|p2a: Yanmega|3/100
|move|p1a: Raging Bolt|Dragon Pulse|p2a: Yanmega
|-end|p2a: Yanmega|Substitute
|
|upkeep
|turn|12
|
|t:|1779880200
|move|p2a: Yanmega|Bug Buzz|p1a: Raging Bolt
|-damage|p1a: Raging Bolt|7/100
|-unboost|p1a: Raging Bolt|spd|1
|move|p1a: Raging Bolt|Calm Mind|p1a: Raging Bolt
|-boost|p1a: Raging Bolt|spa|1
|-boost|p1a: Raging Bolt|spd|1
|
|upkeep
|turn|13
|
|t:|1779880208
|move|p1a: Raging Bolt|Thunderclap|p2a: Yanmega
|-supereffective|p2a: Yanmega
|-damage|p2a: Yanmega|0 fnt
|faint|p2a: Yanmega
|
|upkeep
|
|t:|1779880213
|switch|p2a: Donphan|Donphan, F|100/100
|-damage|p2a: Donphan|88/100|[from] Spikes
|turn|14
|
|t:|1779880217
|move|p2a: Donphan|Ice Shard|p1a: Raging Bolt
|-supereffective|p1a: Raging Bolt
|-crit|p1a: Raging Bolt
|-damage|p1a: Raging Bolt|0 fnt
|faint|p1a: Raging Bolt
|-end|p1a: Raging Bolt|Protosynthesis|[silent]
|
|-heal|p2a: Donphan|94/100|[from] item: Leftovers
|upkeep
|
|t:|1779880220
|switch|p1a: Gholdengo|Gholdengo|100/100
|-item|p1a: Gholdengo|Air Balloon
|turn|15
|
|t:|1779880228
|switch|p2a: Ogerpon|Ogerpon-Wellspring, F|100/100
|-damage|p2a: Ogerpon|88/100|[from] Spikes
|move|p1a: Gholdengo|Nasty Plot|p1a: Gholdengo
|-boost|p1a: Gholdengo|spa|2
|
|upkeep
|turn|16
|
|t:|1779880236
|move|p2a: Ogerpon|Knock Off|p1a: Gholdengo
|-supereffective|p1a: Gholdengo
|-damage|p1a: Gholdengo|15/100
|-enditem|p1a: Gholdengo|Air Balloon
|move|p1a: Gholdengo|Shadow Ball|p2a: Ogerpon
|-damage|p2a: Ogerpon|0 fnt
|faint|p2a: Ogerpon
|
|upkeep
|
|t:|1779880245
|switch|p2a: Ribombee|Ribombee, M|100/100
|-damage|p2a: Ribombee|88/100|[from] Spikes
|turn|17
|
|t:|1779880249
|move|p2a: Ribombee|Moonblast|p1a: Gholdengo
|-resisted|p1a: Gholdengo
|-crit|p1a: Gholdengo
|-damage|p1a: Gholdengo|0 fnt
|faint|p1a: Gholdengo
|
|upkeep
|-message|lousiv forfeited.
|
|win|pontinhu
|raw|lousiv's rating: 1395 &rarr; <strong>1372</strong><br />(-23 for losing)
|raw|pontinhu's rating: 1346 &rarr; <strong>1369</strong><br />(+23 for winning)
|l|☆lousiv
|player|p1|
|l|☆pontinhu
|player|p2|
