|j|☆i miffed it
|j|☆Saffirah
|t:|1779818730
|gametype|singles
|player|p1|i miffed it|n|1209
|player|p2|Saffirah|whitney|1263
|gen|9
|tier|[Gen 9] OU
|rated|
|rule|HP Percentage Mod: HP is shown in percentages
|rule|Endless Battle Clause: Forcing endless battles is banned
|rule|Species Clause: Limit one of each Pokémon
|rule|OHKO Clause: OHKO moves are banned
|rule|Evasion Items Clause: Evasion items are banned
|rule|Evasion Moves Clause: Evasion moves are banned
|rule|Evasion Abilities Clause: Evasion abilities are banned
|rule|Sleep Moves Clause: Sleep-inducing moves are banned
|clearpoke
|poke|p1|Deoxys-Speed|
|poke|p1|Kingambit, F|
|poke|p1|Zamazenta-*|
|poke|p1|Glimmora, M|
|poke|p1|Great Tusk|
|poke|p1|Primarina, F|
|poke|p2|Feraligatr, F|
|poke|p2|Skarmory, M|
|poke|p2|Scizor, M|
|poke|p2|Raikou|
|poke|p2|Typhlosion, M|
|poke|p2|Umbreon, M|
|teampreview
|inactive|Battle timer is ON: inactive players will automatically lose when time's up. (requested by Saffirah)
|
|t:|1779818740
|teamsize|p1|6
|teamsize|p2|6
|start
|switch|p1a: The Peacocks|Glimmora, M|100/100
|switch|p2a: Skarmory|Skarmory, M|100/100
|turn|1
|
|t:|1779818746
|move|p1a: The Peacocks|Power Gem|p2a: Skarmory
|-damage|p2a: Skarmory|53/100
|move|p2a: Skarmory|Stealth Rock|p1a: The Peacocks
|-sidestart|p1: i miffed it|move: Stealth Rock
|
|upkeep
|turn|2
|
|t:|1779818760
|move|p1a: The Peacocks|Power Gem|p2a: Skarmory
|-damage|p2a: Skarmory|5/100
|move|p2a: Skarmory|Spikes|p1a: The Peacocks
|-sidestart|p1: i miffed it|Spikes
|
|upkeep
|turn|3
|
|t:|1779818775
|move|p1a: The Peacocks|Power Gem|p2a: Skarmory
|-damage|p2a: Skarmory|0 fnt
|faint|p2a: Skarmory
|
|upkeep
|
|t:|1779818780
|switch|p2a: Scizor|Scizor, M|100/100
|turn|4
|
|t:|1779818786
|move|p1a: The Peacocks|Power Gem|p2a: Scizor
|-damage|p2a: Scizor|52/100
|move|p2a: Scizor|Swords Dance|p2a: Scizor
|-boost|p2a: Scizor|atk|2
|
|-heal|p2a: Scizor|58/100|[from] item: Leftovers
|upkeep
|turn|5
|
|t:|1779818794
|move|p2a: Scizor|Bullet Punch|p1a: The Peacocks
|-supereffective|p1a: The Peacocks
|-enditem|p1a: The Peacocks|Focus Sash
|-damage|p1a: The Peacocks|1/100
|-activate|p1a: The Peacocks|ability: Toxic Debris
|-sidestart|p2: Saffirah|move: Toxic Spikes
|move|p1a: The Peacocks|Power Gem|p2a: Scizor
|-damage|p2a: Scizor|7/100
|
|-heal|p2a: Scizor|14/100|[from] item: Leftovers
|upkeep
|turn|6
|
|t:|1779818808
|move|p2a: Scizor|Bullet Punch|p1a: The Peacocks
|-supereffective|p1a: The Peacocks
|-crit|p1a: The Peacocks
|-damage|p1a: The Peacocks|0 fnt
|-activate|p1a: The Peacocks|ability: Toxic Debris
|-sidestart|p2: Saffirah|move: Toxic Spikes
|faint|p1a: The Peacocks
|
|-heal|p2a: Scizor|20/100|[from] item: Leftovers
|upkeep
|
|t:|1779818816
|switch|p1a: Someone Great|Great Tusk|100/100
|turn|7
|
|t:|1779818824
|move|p2a: Scizor|Bullet Punch|p1a: Someone Great
|-damage|p1a: Someone Great|56/100
|move|p1a: Someone Great|Rapid Spin|p2a: Scizor
|-resisted|p2a: Scizor
|-damage|p2a: Scizor|12/100
|-boost|p1a: Someone Great|spe|1
|-sideend|p1: i miffed it|Spikes|[from] move: Rapid Spin|[of] p1a: Someone Great
|-sideend|p1: i miffed it|Stealth Rock|[from] move: Rapid Spin|[of] p1a: Someone Great
|
|-heal|p2a: Scizor|18/100|[from] item: Leftovers
|upkeep
|turn|8
|
|t:|1779818840
|move|p1a: Someone Great|Headlong Rush|p2a: Scizor
|-damage|p2a: Scizor|0 fnt
|-unboost|p1a: Someone Great|def|1
|-unboost|p1a: Someone Great|spd|1
|faint|p2a: Scizor
|
|upkeep
|
|t:|1779818852
|switch|p2a: Typhlosion|Typhlosion, M|100/100
|-status|p2a: Typhlosion|tox
|turn|9
|
|t:|1779818861
|-end|p1a: Someone Great|Protosynthesis|[silent]
|switch|p1a: Shell & Spine|Primarina, F|100/100
|move|p2a: Typhlosion|Shadow Ball|p1a: Shell & Spine
|-damage|p1a: Shell & Spine|86/100
|
|-damage|p2a: Typhlosion|94/100 tox|[from] psn
|upkeep
|turn|10
|-message|Saffirah forfeited.
|
|win|i miffed it
|raw|i miffed it's rating: 1209 &rarr; <strong>1238</strong><br />(+29 for winning)
|raw|Saffirah's rating: 1263 &rarr; <strong>1234</strong><br />(-29 for losing)
|l|☆Saffirah
|player|p2|
|l|☆i miffed it
|player|p1|
