|j|☆claudechamp
|j|☆sturdy gengar
|t:|1779910842
|gametype|singles
|player|p1|claudechamp|169|1167
|player|p2|sturdy gengar|101|1214
|gen|9
|tier|[Gen 9] OU
|rated|
|rule|HP Percentage Mod: HP is shown in percentages
|rule|Endless Battle Clause: Forcing endless battles is banned
|rule|Species Clause: Limit one of each Pokémon
|rule|OHKO Clause: OHKO moves are banned
|rule|Evasion Items Clause: Evasion items are banned
|rule|Evasion Moves Clause: Evasion moves are banned
|rule|Evasion Abilities Clause: Evasion abilities are banned
|rule|Sleep Moves Clause: Sleep-inducing moves are banned
|clearpoke
|poke|p1|Corviknight, M|
|poke|p1|Ting-Lu|
|poke|p1|Kyurem|
|poke|p1|Dondozo, F|
|poke|p1|Slowking-Galar, M|
|poke|p1|Cinderace, M|
|poke|p2|Azumarill, F|
|poke|p2|Dragonite, F|
|poke|p2|Rotom-Wash|
|poke|p2|Gloom, M|
|poke|p2|Alomomola, F|
|poke|p2|Heatran, M|
|teampreview
|c|☆claudechamp|hf
|inactive|Battle timer is ON: inactive players will automatically lose when time's up. (requested by claudechamp)
|
|t:|1779910849
|teamsize|p1|6
|teamsize|p2|6
|start
|switch|p1a: Cinderace|Cinderace, M|100/100
|switch|p2a: Gloom|Gloom, M|100/100
|turn|1
|
|t:|1779910854
|switch|p2a: Alomomola|Alomomola, F|100/100
|move|p1a: Cinderace|Pyro Ball|p2a: Alomomola
|-resisted|p2a: Alomomola
|-damage|p2a: Alomomola|88/100
|
|upkeep
|turn|2
|
|t:|1779910864
|switch|p1a: Kyurem|Kyurem|100/100
|-ability|p1a: Kyurem|Pressure
|move|p2a: Alomomola|Wish|p2a: Alomomola
|
|upkeep
|turn|3
|
|t:|1779910874
|switch|p2a: Heatran|Heatran, M|100/100
|move|p1a: Kyurem|Freeze-Dry|p2a: Heatran
|-resisted|p2a: Heatran
|-damage|p2a: Heatran|96/100
|
|-heal|p2a: Heatran|100/100|[from] move: Wish|[wisher] Alomomola
|upkeep
|turn|4
|
|t:|1779910882
|move|p1a: Kyurem|Freeze-Dry|p2a: Heatran
|-resisted|p2a: Heatran
|-damage|p2a: Heatran|96/100
|move|p2a: Heatran|Magma Storm|p1a: Kyurem|[miss]
|-miss|p2a: Heatran|p1a: Kyurem
|
|upkeep
|turn|5
|
|t:|1779910888
|move|p1a: Kyurem|Freeze-Dry|p2a: Heatran
|-resisted|p2a: Heatran
|-damage|p2a: Heatran|91/100
|move|p2a: Heatran|Magma Storm|p1a: Kyurem
|-damage|p1a: Kyurem|51/100
|-activate|p1a: Kyurem|move: Magma Storm|[of] p2a: Heatran
|
|-heal|p1a: Kyurem|57/100|[from] item: Leftovers
|-damage|p1a: Kyurem|45/100|[from] move: Magma Storm|[partiallytrapped]
|upkeep
|turn|6
|
|t:|1779910897
|move|p1a: Kyurem|Protect|p1a: Kyurem
|-singleturn|p1a: Kyurem|Protect
|move|p2a: Heatran|Magma Storm|p1a: Kyurem
|-activate|p1a: Kyurem|move: Protect
|
|-heal|p1a: Kyurem|51/100|[from] item: Leftovers
|-damage|p1a: Kyurem|39/100|[from] move: Magma Storm|[partiallytrapped]
|upkeep
|turn|7
|
|t:|1779910905
|move|p1a: Kyurem|Substitute|p1a: Kyurem
|-start|p1a: Kyurem|Substitute
|-end|p1a: Kyurem|Magma Storm|[partiallytrapped]|[silent]
|-damage|p1a: Kyurem|14/100
|move|p2a: Heatran|Magma Storm|p1a: Kyurem
|-end|p1a: Kyurem|Substitute
|
|-heal|p1a: Kyurem|20/100|[from] item: Leftovers
|upkeep
|turn|8
|
|t:|1779910915
|move|p1a: Kyurem|Freeze-Dry|p2a: Heatran
|-resisted|p2a: Heatran
|-damage|p2a: Heatran|87/100
|move|p2a: Heatran|Flash Cannon|p1a: Kyurem
|-supereffective|p1a: Kyurem
|-damage|p1a: Kyurem|0 fnt
|faint|p1a: Kyurem
|
|upkeep
|
|t:|1779910917
|switch|p1a: Slowking|Slowking-Galar, M|100/100
|turn|9
|
|t:|1779910924
|move|p2a: Heatran|Dark Pulse|p1a: Slowking
|-supereffective|p1a: Slowking
|-damage|p1a: Slowking|60/100
|move|p1a: Slowking|Future Sight|p2a: Heatran
|-start|p1a: Slowking|move: Future Sight
|
|upkeep
|turn|10
|
|t:|1779910929
|switch|p1a: Ting-Lu|Ting-Lu|100/100
|-ability|p1a: Ting-Lu|Vessel of Ruin
|move|p2a: Heatran|Dark Pulse|p1a: Ting-Lu
|-resisted|p1a: Ting-Lu
|-damage|p1a: Ting-Lu|95/100
|
|-heal|p1a: Ting-Lu|100/100|[from] item: Leftovers
|upkeep
|turn|11
|
|t:|1779910941
|switch|p2a: Alomomola|Alomomola, F|100/100
|move|p1a: Ting-Lu|Payback|p2a: Alomomola
|-damage|p2a: Alomomola|89/100
|-damage|p1a: Ting-Lu|84/100|[from] item: Rocky Helmet|[of] p2a: Alomomola
|
|-end|p2a: Alomomola|move: Future Sight
|-damage|p2a: Alomomola|47/100
|-heal|p1a: Ting-Lu|90/100|[from] item: Leftovers
|upkeep
|turn|12
|
|t:|1779910950
|switch|p1a: Slowking|Slowking-Galar, M|93/100
|move|p2a: Alomomola|Wish|p2a: Alomomola
|
|upkeep
|turn|13
|
|t:|1779910962
|move|p2a: Alomomola|Scald|p1a: Slowking
|-damage|p1a: Slowking|82/100
|-status|p1a: Slowking|brn
|move|p1a: Slowking|Future Sight|p2a: Alomomola
|-start|p1a: Slowking|move: Future Sight
|
|-heal|p2a: Alomomola|97/100|[from] move: Wish|[wisher] Alomomola
|-damage|p1a: Slowking|76/100 brn|[from] brn
|upkeep
|turn|14
|
|t:|1779910971
|move|p2a: Alomomola|Wish|p2a: Alomomola
|move|p1a: Slowking|Sludge Bomb|p2a: Alomomola
|-damage|p2a: Alomomola|53/100
|
|-damage|p1a: Slowking|70/100 brn|[from] brn
|upkeep
|turn|15
|
|t:|1779910978
|switch|p2a: Heatran|Heatran, M|87/100
|-prepare|p1a: Slowking|Chilly Reception|[premajor]
|move|p1a: Slowking|Chilly Reception|p1a: Slowking
|-weather|Snowscape
|
|t:|1779910980
|switch|p1a: Ting-Lu|Ting-Lu|90/100|[from] Chilly Reception
|-ability|p1a: Ting-Lu|Vessel of Ruin
|
|-weather|Snowscape|[upkeep]
|-end|p2a: Heatran|move: Future Sight
|-resisted|p2a: Heatran
|-damage|p2a: Heatran|77/100
|-heal|p2a: Heatran|100/100|[from] move: Wish|[wisher] Alomomola
|-heal|p1a: Ting-Lu|96/100|[from] item: Leftovers
|upkeep
|turn|16
|
|t:|1779910997
|switch|p2a: Rotom|Rotom-Wash|100/100
|move|p1a: Ting-Lu|Payback|p2a: Rotom
|-damage|p2a: Rotom|87/100
|
|-weather|Snowscape|[upkeep]
|-heal|p1a: Ting-Lu|100/100|[from] item: Leftovers
|upkeep
|turn|17
|
|t:|1779911004
|switch|p1a: Slowking|Slowking-Galar, M|100/100 brn
|move|p2a: Rotom|Hydro Pump|p1a: Slowking
|-damage|p1a: Slowking|71/100 brn
|
|-weather|Snowscape|[upkeep]
|-damage|p1a: Slowking|65/100 brn|[from] brn
|upkeep
|turn|18
|
|t:|1779911013
|switch|p2a: Heatran|Heatran, M|100/100
|move|p1a: Slowking|Sludge Bomb|p2a: Heatran
|-immune|p2a: Heatran
|
|-weather|Snowscape|[upkeep]
|-damage|p1a: Slowking|59/100 brn|[from] brn
|upkeep
|turn|19
|
|t:|1779911022
|switch|p1a: Ting-Lu|Ting-Lu|100/100
|-ability|p1a: Ting-Lu|Vessel of Ruin
|move|p2a: Heatran|Dark Pulse|p1a: Ting-Lu
|-resisted|p1a: Ting-Lu
|-damage|p1a: Ting-Lu|95/100
|
|-weather|none
|-heal|p1a: Ting-Lu|100/100|[from] item: Leftovers
|upkeep
|turn|20
|
|t:|1779911031
|switch|p2a: Rotom|Rotom-Wash|87/100
|switch|p1a: Slowking|Slowking-Galar, M|92/100 brn
|
|-damage|p1a: Slowking|86/100 brn|[from] brn
|upkeep
|turn|21
|
|t:|1779911037
|move|p2a: Rotom|Trick|p1a: Slowking
|-activate|p2a: Rotom|move: Trick|[of] p1a: Slowking
|-item|p1a: Slowking|Choice Scarf|[from] move: Trick
|-item|p2a: Rotom|Shuca Berry|[from] move: Trick
|move|p1a: Slowking|Future Sight|p2a: Rotom
|-start|p1a: Slowking|move: Future Sight
|
|-damage|p1a: Slowking|80/100 brn|[from] brn
|upkeep
|turn|22
|
|t:|1779911044
|switch|p1a: Ting-Lu|Ting-Lu|100/100
|-ability|p1a: Ting-Lu|Vessel of Ruin
|move|p2a: Rotom|Volt Switch|p1a: Ting-Lu
|-immune|p1a: Ting-Lu
|
|upkeep
|turn|23
|
|t:|1779911053
|switch|p1a: Slowking|Slowking-Galar, M|100/100 brn
|move|p2a: Rotom|Hydro Pump|p1a: Slowking
|-damage|p1a: Slowking|69/100 brn
|
|-end|p2a: Rotom|move: Future Sight
|-damage|p2a: Rotom|40/100
|-damage|p1a: Slowking|63/100 brn|[from] brn
|upkeep
|turn|24
|
|t:|1779911062
|switch|p2a: Alomomola|Alomomola, F|87/100
|switch|p1a: Ting-Lu|Ting-Lu|100/100
|-ability|p1a: Ting-Lu|Vessel of Ruin
|
|upkeep
|turn|25
|
|t:|1779911069
|switch|p1a: Slowking|Slowking-Galar, M|96/100 brn
|move|p2a: Alomomola|Wish|p2a: Alomomola
|
|-damage|p1a: Slowking|90/100 brn|[from] brn
|upkeep
|turn|26
|
|t:|1779911074
|move|p2a: Alomomola|Flip Turn|p1a: Slowking
|-damage|p1a: Slowking|79/100 brn
|
|t:|1779911077
|switch|p2a: Rotom|Rotom-Wash|40/100|[from] Flip Turn
|move|p1a: Slowking|Sludge Bomb|p2a: Rotom
|-damage|p2a: Rotom|3/100
|-status|p2a: Rotom|psn
|
|-heal|p2a: Rotom|91/100 psn|[from] move: Wish|[wisher] Alomomola
|-damage|p2a: Rotom|78/100 psn|[from] psn
|-damage|p1a: Slowking|73/100 brn|[from] brn
|upkeep
|turn|27
|
|t:|1779911095
|switch|p1a: Ting-Lu|Ting-Lu|100/100
|-ability|p1a: Ting-Lu|Vessel of Ruin
|move|p2a: Rotom|Volt Switch|p1a: Ting-Lu
|-immune|p1a: Ting-Lu
|
|-damage|p2a: Rotom|66/100 psn|[from] psn
|upkeep
|turn|28
|
|t:|1779911104
|switch|p2a: Gloom|Gloom, M|100/100
|switch|p1a: Slowking|Slowking-Galar, M|100/100 brn
|
|-damage|p1a: Slowking|94/100 brn|[from] brn
|upkeep
|turn|29
|
|t:|1779911112
|move|p2a: Gloom|Leech Seed|p1a: Slowking
|-start|p1a: Slowking|move: Leech Seed
|move|p1a: Slowking|Sludge Bomb|p2a: Gloom
|-damage|p2a: Gloom|75/100
|
|-damage|p1a: Slowking|82/100 brn|[from] Leech Seed|[of] p2a: Gloom
|-heal|p2a: Gloom|94/100|[silent]
|-damage|p1a: Slowking|76/100 brn|[from] brn
|upkeep
|turn|30
|
|t:|1779911122
|switch|p1a: Cinderace|Cinderace, M|100/100
|move|p2a: Gloom|Toxic|p1a: Cinderace
|-status|p1a: Cinderace|tox
|
|-damage|p1a: Cinderace|94/100 tox|[from] psn
|upkeep
|turn|31
|
|t:|1779911135
|switch|p2a: Alomomola|Alomomola, F|100/100
|move|p1a: Cinderace|Pyro Ball|p2a: Alomomola
|-resisted|p2a: Alomomola
|-damage|p2a: Alomomola|85/100
|
|-damage|p1a: Cinderace|82/100 tox|[from] psn
|upkeep
|turn|32
|
|t:|1779911143
|switch|p1a: Slowking|Slowking-Galar, M|100/100 brn
|move|p2a: Alomomola|Wish|p2a: Alomomola
|
|-damage|p1a: Slowking|94/100 brn|[from] brn
|upkeep
|turn|33
|
|t:|1779911153
|switch|p2a: Gloom|Gloom, M|94/100
|move|p1a: Slowking|Future Sight|p2a: Gloom
|-start|p1a: Slowking|move: Future Sight
|
|-heal|p2a: Gloom|100/100|[from] move: Wish|[wisher] Alomomola
|-damage|p1a: Slowking|88/100 brn|[from] brn
|upkeep
|turn|34
|
|t:|1779911161
|switch|p2a: Heatran|Heatran, M|100/100
|move|p1a: Slowking|Future Sight||[still]
|-fail|p1a: Slowking
|
|-damage|p1a: Slowking|82/100 brn|[from] brn
|upkeep
|turn|35
|
|t:|1779911171
|switch|p1a: Ting-Lu|Ting-Lu|100/100
|-ability|p1a: Ting-Lu|Vessel of Ruin
|move|p2a: Heatran|Flash Cannon|p1a: Ting-Lu
|-damage|p1a: Ting-Lu|83/100
|
|-end|p2a: Heatran|move: Future Sight
|-resisted|p2a: Heatran
|-damage|p2a: Heatran|91/100
|-heal|p1a: Ting-Lu|89/100|[from] item: Leftovers
|upkeep
|turn|36
|
|t:|1779911182
|switch|p2a: Gloom|Gloom, M|100/100
|switch|p1a: Slowking|Slowking-Galar, M|100/100 brn
|
|-damage|p1a: Slowking|94/100 brn|[from] brn
|upkeep
|turn|37
|
|t:|1779911189
|move|p2a: Gloom|Leech Seed|p1a: Slowking
|-start|p1a: Slowking|move: Leech Seed
|move|p1a: Slowking|Future Sight|p2a: Gloom
|-start|p1a: Slowking|move: Future Sight
|
|-damage|p1a: Slowking|82/100 brn|[from] Leech Seed|[of] p2a: Gloom
|-damage|p1a: Slowking|76/100 brn|[from] brn
|upkeep
|turn|38
|
|t:|1779911196
|switch|p2a: Heatran|Heatran, M|91/100
|switch|p1a: Corviknight|Corviknight, M|100/100
|-ability|p1a: Corviknight|Pressure
|
|upkeep
|turn|39
|
|t:|1779911218
|switch|p2a: Rotom|Rotom-Wash|66/100 psn
|switch|p1a: Ting-Lu|Ting-Lu|89/100
|-ability|p1a: Ting-Lu|Vessel of Ruin
|
|-end|p2a: Rotom|move: Future Sight
|-damage|p2a: Rotom|28/100 psn
|-heal|p1a: Ting-Lu|95/100|[from] item: Leftovers
|-damage|p2a: Rotom|16/100 psn|[from] psn
|upkeep
|turn|40
|
|t:|1779911228
|switch|p2a: Alomomola|Alomomola, F|100/100
|switch|p1a: Slowking|Slowking-Galar, M|100/100 brn
|
|-damage|p1a: Slowking|94/100 brn|[from] brn
|upkeep
|turn|41
|
|t:|1779911233
|move|p2a: Alomomola|Wish|p2a: Alomomola
|move|p1a: Slowking|Sludge Bomb|p2a: Alomomola
|-damage|p2a: Alomomola|63/100
|
|-damage|p1a: Slowking|88/100 brn|[from] brn
|upkeep
|turn|42
|
|t:|1779911239
|move|p2a: Alomomola|Flip Turn|p1a: Slowking
|-damage|p1a: Slowking|76/100 brn
|
|t:|1779911242
|switch|p2a: Rotom|Rotom-Wash|16/100 psn|[from] Flip Turn
|move|p1a: Slowking|Sludge Bomb|p2a: Rotom
|-damage|p2a: Rotom|0 fnt
|faint|p2a: Rotom
|
|-damage|p1a: Slowking|70/100 brn|[from] brn
|upkeep
|
|t:|1779911250
|switch|p2a: Azumarill|Azumarill, F|100/100
|turn|43
|
|t:|1779911255
|switch|p1a: Ting-Lu|Ting-Lu|95/100
|-ability|p1a: Ting-Lu|Vessel of Ruin
|move|p2a: Azumarill|Whirlpool|p1a: Ting-Lu
|-supereffective|p1a: Ting-Lu
|-damage|p1a: Ting-Lu|88/100
|-activate|p1a: Ting-Lu|move: Whirlpool|[of] p2a: Azumarill
|
|-heal|p1a: Ting-Lu|94/100|[from] item: Leftovers
|-damage|p1a: Ting-Lu|82/100|[from] move: Whirlpool|[partiallytrapped]
|upkeep
|turn|44
|
|t:|1779911265
|move|p2a: Azumarill|Perish Song|p2a: Azumarill
|-start|p1a: Ting-Lu|perish3|[silent]
|-start|p2a: Azumarill|perish3|[silent]
|-fieldactivate|move: Perish Song
|move|p1a: Ting-Lu|Earthquake|p2a: Azumarill
|-damage|p2a: Azumarill|65/100
|
|-heal|p2a: Azumarill|71/100|[from] item: Leftovers
|-heal|p1a: Ting-Lu|88/100|[from] item: Leftovers
|-damage|p1a: Ting-Lu|76/100|[from] move: Whirlpool|[partiallytrapped]
|-start|p2a: Azumarill|perish3
|-start|p1a: Ting-Lu|perish3
|upkeep
|turn|45
|
|t:|1779911275
|move|p2a: Azumarill|Whirlpool|p1a: Ting-Lu
|-supereffective|p1a: Ting-Lu
|-damage|p1a: Ting-Lu|68/100
|move|p1a: Ting-Lu|Earthquake|p2a: Azumarill
|-damage|p2a: Azumarill|33/100
|
|-heal|p2a: Azumarill|39/100|[from] item: Leftovers
|-heal|p1a: Ting-Lu|75/100|[from] item: Leftovers
|-damage|p1a: Ting-Lu|62/100|[from] move: Whirlpool|[partiallytrapped]
|-start|p2a: Azumarill|perish2
|-start|p1a: Ting-Lu|perish2
|upkeep
|turn|46
|
|t:|1779911286
|move|p2a: Azumarill|Protect|p2a: Azumarill
|-singleturn|p2a: Azumarill|Protect
|move|p1a: Ting-Lu|Rest|p1a: Ting-Lu
|-status|p1a: Ting-Lu|slp|[from] move: Rest
|-heal|p1a: Ting-Lu|100/100 slp|[silent]
|
|-heal|p2a: Azumarill|45/100|[from] item: Leftovers
|-damage|p1a: Ting-Lu|88/100 slp|[from] move: Whirlpool|[partiallytrapped]
|-start|p2a: Azumarill|perish1
|-start|p1a: Ting-Lu|perish1
|upkeep
|turn|47
|
|t:|1779911299
|switch|p2a: Alomomola|Alomomola, F|96/100
|cant|p1a: Ting-Lu|slp
|move|p1a: Ting-Lu|Sleep Talk|p1a: Ting-Lu
|move|p1a: Ting-Lu|Payback|p2a: Alomomola|[from] move: Sleep Talk
|-damage|p2a: Alomomola|84/100
|-damage|p1a: Ting-Lu|72/100 slp|[from] item: Rocky Helmet|[of] p2a: Alomomola
|
|-heal|p1a: Ting-Lu|78/100 slp|[from] item: Leftovers
|-end|p1a: Ting-Lu|Whirlpool|[partiallytrapped]|[silent]
|-start|p1a: Ting-Lu|perish0
|upkeep
|faint|p1a: Ting-Lu
|
|t:|1779911309
|switch|p1a: Slowking|Slowking-Galar, M|100/100 brn
|turn|48
|
|t:|1779911316
|move|p2a: Alomomola|Wish|p2a: Alomomola
|move|p1a: Slowking|Future Sight|p2a: Alomomola
|-start|p1a: Slowking|move: Future Sight
|
|-damage|p1a: Slowking|94/100 brn|[from] brn
|upkeep
|turn|49
|
|t:|1779911321
|switch|p1a: Dondozo|Dondozo, F|100/100
|move|p2a: Alomomola|Flip Turn|p1a: Dondozo
|-resisted|p1a: Dondozo
|-damage|p1a: Dondozo|96/100
|
|t:|1779911326
|switch|p2a: Azumarill|Azumarill, F|45/100|[from] Flip Turn
|
|-heal|p2a: Azumarill|100/100|[from] move: Wish|[wisher] Alomomola
|-heal|p1a: Dondozo|100/100|[from] item: Leftovers
|upkeep
|turn|50
|
|t:|1779911334
|switch|p1a: Slowking|Slowking-Galar, M|100/100 brn
|move|p2a: Azumarill|Perish Song|p2a: Azumarill
|-start|p1a: Slowking|perish3|[silent]
|-start|p2a: Azumarill|perish3|[silent]
|-fieldactivate|move: Perish Song
|
|-end|p2a: Azumarill|move: Future Sight
|-damage|p2a: Azumarill|68/100
|-heal|p2a: Azumarill|74/100|[from] item: Leftovers
|-damage|p1a: Slowking|94/100 brn|[from] brn
|-start|p2a: Azumarill|perish3
|-start|p1a: Slowking|perish3
|upkeep
|turn|51
|
|t:|1779911344
|move|p2a: Azumarill|Whirlpool|p1a: Slowking
|-damage|p1a: Slowking|88/100 brn
|-activate|p1a: Slowking|move: Whirlpool|[of] p2a: Azumarill
|move|p1a: Slowking|Sludge Bomb|p2a: Azumarill
|-supereffective|p2a: Azumarill
|-damage|p2a: Azumarill|30/100
|-status|p2a: Azumarill|psn
|
|-heal|p2a: Azumarill|37/100 psn|[from] item: Leftovers
|-damage|p2a: Azumarill|24/100 psn|[from] psn
|-damage|p1a: Slowking|81/100 brn|[from] brn
|-damage|p1a: Slowking|69/100 brn|[from] move: Whirlpool|[partiallytrapped]
|-start|p2a: Azumarill|perish2
|-start|p1a: Slowking|perish2
|upkeep
|turn|52
|
|t:|1779911359
|move|p2a: Azumarill|Protect|p2a: Azumarill
|-singleturn|p2a: Azumarill|Protect
|move|p1a: Slowking|Sludge Bomb|p2a: Azumarill
|-activate|p2a: Azumarill|move: Protect
|
|-heal|p2a: Azumarill|30/100 psn|[from] item: Leftovers
|-damage|p2a: Azumarill|18/100 psn|[from] psn
|-damage|p1a: Slowking|63/100 brn|[from] brn
|-damage|p1a: Slowking|50/100 brn|[from] move: Whirlpool|[partiallytrapped]
|-start|p2a: Azumarill|perish1
|-start|p1a: Slowking|perish1
|upkeep
|turn|53
|
|t:|1779911373
|switch|p2a: Heatran|Heatran, M|91/100
|move|p1a: Slowking|Sludge Bomb|p2a: Heatran
|-immune|p2a: Heatran
|
|-damage|p1a: Slowking|44/100 brn|[from] brn
|-end|p1a: Slowking|Whirlpool|[partiallytrapped]|[silent]
|-start|p1a: Slowking|perish0
|upkeep
|faint|p1a: Slowking
|
|t:|1779911378
|switch|p1a: Cinderace|Cinderace, M|82/100 tox
|turn|54
|
|t:|1779911386
|move|p1a: Cinderace|U-turn|p2a: Heatran
|-resisted|p2a: Heatran
|-damage|p2a: Heatran|86/100
|
|t:|1779911391
|switch|p1a: Dondozo|Dondozo, F|100/100|[from] U-turn
|move|p2a: Heatran|Dark Pulse|p1a: Dondozo
|-damage|p1a: Dondozo|82/100
|
|-heal|p1a: Dondozo|88/100|[from] item: Leftovers
|upkeep
|turn|55
|
|t:|1779911399
|switch|p2a: Alomomola|Alomomola, F|100/100
|move|p1a: Dondozo|Curse|p1a: Dondozo
|-unboost|p1a: Dondozo|spe|1
|-boost|p1a: Dondozo|atk|1
|-boost|p1a: Dondozo|def|1
|
|-heal|p1a: Dondozo|94/100|[from] item: Leftovers
|upkeep
|turn|56
|
|t:|1779911409
|switch|p1a: Corviknight|Corviknight, M|100/100
|-ability|p1a: Corviknight|Pressure
|move|p2a: Alomomola|Wish|p2a: Alomomola
|
|upkeep
|turn|57
|
|t:|1779911416
|switch|p1a: Dondozo|Dondozo, F|94/100
|move|p2a: Alomomola|Flip Turn|p1a: Dondozo
|-resisted|p1a: Dondozo
|-damage|p1a: Dondozo|89/100
|
|t:|1779911421
|switch|p2a: Azumarill|Azumarill, F|18/100 psn|[from] Flip Turn
|
|-heal|p2a: Azumarill|84/100 psn|[from] move: Wish|[wisher] Alomomola
|-heal|p2a: Azumarill|90/100 psn|[from] item: Leftovers
|-heal|p1a: Dondozo|95/100|[from] item: Leftovers
|-damage|p2a: Azumarill|78/100 psn|[from] psn
|upkeep
|turn|58
|
|t:|1779911429
|switch|p1a: Corviknight|Corviknight, M|100/100
|-ability|p1a: Corviknight|Pressure
|move|p2a: Azumarill|Perish Song|p2a: Azumarill
|-start|p1a: Corviknight|perish3|[silent]
|-start|p2a: Azumarill|perish3|[silent]
|-fieldactivate|move: Perish Song
|
|-heal|p2a: Azumarill|84/100 psn|[from] item: Leftovers
|-damage|p2a: Azumarill|72/100 psn|[from] psn
|-start|p1a: Corviknight|perish3
|-start|p2a: Azumarill|perish3
|upkeep
|turn|59
|
|t:|1779911439
|move|p1a: Corviknight|U-turn|p2a: Azumarill
|-resisted|p2a: Azumarill
|-damage|p2a: Azumarill|64/100 psn
|
|t:|1779911444
|switch|p1a: Dondozo|Dondozo, F|95/100|[from] U-turn
|move|p2a: Azumarill|Whirlpool|p1a: Dondozo|[miss]
|-miss|p2a: Azumarill|p1a: Dondozo
|
|-heal|p2a: Azumarill|70/100 psn|[from] item: Leftovers
|-heal|p1a: Dondozo|100/100|[from] item: Leftovers
|-damage|p2a: Azumarill|58/100 psn|[from] psn
|-start|p2a: Azumarill|perish2
|upkeep
|turn|60
|
|t:|1779911455
|switch|p2a: Alomomola|Alomomola, F|100/100
|switch|p1a: Corviknight|Corviknight, M|100/100
|-ability|p1a: Corviknight|Pressure
|
|upkeep
|turn|61
|
|t:|1779911462
|switch|p1a: Dondozo|Dondozo, F|100/100
|move|p2a: Alomomola|Wish|p2a: Alomomola
|
|upkeep
|turn|62
|
|t:|1779911467
|move|p2a: Alomomola|Flip Turn|p1a: Dondozo
|-resisted|p1a: Dondozo
|-damage|p1a: Dondozo|96/100
|
|t:|1779911471
|switch|p2a: Azumarill|Azumarill, F|58/100 psn|[from] Flip Turn
|move|p1a: Dondozo|Curse|p1a: Dondozo
|-unboost|p1a: Dondozo|spe|1
|-boost|p1a: Dondozo|atk|1
|-boost|p1a: Dondozo|def|1
|
|-heal|p2a: Azumarill|100/100 psn|[from] move: Wish|[wisher] Alomomola
|-heal|p1a: Dondozo|100/100|[from] item: Leftovers
|-damage|p2a: Azumarill|88/100 psn|[from] psn
|upkeep
|turn|63
|
|t:|1779911483
|switch|p1a: Corviknight|Corviknight, M|100/100
|-ability|p1a: Corviknight|Pressure
|move|p2a: Azumarill|Whirlpool|p1a: Corviknight
|-damage|p1a: Corviknight|93/100
|-activate|p1a: Corviknight|move: Whirlpool|[of] p2a: Azumarill
|
|-heal|p2a: Azumarill|94/100 psn|[from] item: Leftovers
|-damage|p2a: Azumarill|82/100 psn|[from] psn
|-damage|p1a: Corviknight|80/100|[from] move: Whirlpool|[partiallytrapped]
|upkeep
|turn|64
|
|t:|1779911495
|switch|p2a: Heatran|Heatran, M|86/100
|move|p1a: Corviknight|Roost|p1a: Corviknight
|-heal|p1a: Corviknight|100/100
|-singleturn|p1a: Corviknight|move: Roost
|
|-end|p1a: Corviknight|Whirlpool|[partiallytrapped]|[silent]
|upkeep
|turn|65
|
|t:|1779911502
|switch|p1a: Dondozo|Dondozo, F|100/100
|move|p2a: Heatran|Dragon Pulse|p1a: Dondozo
|-damage|p1a: Dondozo|82/100
|
|-heal|p1a: Dondozo|88/100|[from] item: Leftovers
|upkeep
|turn|66
|
|t:|1779911509
|switch|p2a: Azumarill|Azumarill, F|82/100 psn
|move|p1a: Dondozo|Curse|p1a: Dondozo
|-unboost|p1a: Dondozo|spe|1
|-boost|p1a: Dondozo|atk|1
|-boost|p1a: Dondozo|def|1
|
|-heal|p2a: Azumarill|88/100 psn|[from] item: Leftovers
|-heal|p1a: Dondozo|94/100|[from] item: Leftovers
|-damage|p2a: Azumarill|76/100 psn|[from] psn
|upkeep
|turn|67
|
|t:|1779911519
|switch|p1a: Corviknight|Corviknight, M|100/100
|-ability|p1a: Corviknight|Pressure
|move|p2a: Azumarill|Whirlpool|p1a: Corviknight
|-damage|p1a: Corviknight|93/100
|-activate|p1a: Corviknight|move: Whirlpool|[of] p2a: Azumarill
|
|-heal|p2a: Azumarill|82/100 psn|[from] item: Leftovers
|-damage|p2a: Azumarill|70/100 psn|[from] psn
|-damage|p1a: Corviknight|81/100|[from] move: Whirlpool|[partiallytrapped]
|upkeep
|turn|68
|
|t:|1779911530
|move|p1a: Corviknight|Roost|p1a: Corviknight
|-heal|p1a: Corviknight|100/100
|-singleturn|p1a: Corviknight|move: Roost
|move|p2a: Azumarill|Knock Off|p1a: Corviknight
|-damage|p1a: Corviknight|93/100
|-damage|p2a: Azumarill|53/100 psn|[from] item: Rocky Helmet|[of] p1a: Corviknight
|-enditem|p1a: Corviknight|Rocky Helmet|[from] move: Knock Off|[of] p2a: Azumarill
|
|-heal|p2a: Azumarill|59/100 psn|[from] item: Leftovers
|-damage|p2a: Azumarill|47/100 psn|[from] psn
|-damage|p1a: Corviknight|81/100|[from] move: Whirlpool|[partiallytrapped]
|upkeep
|turn|69
|
|t:|1779911543
|switch|p2a: Alomomola|Alomomola, F|100/100
|move|p1a: Corviknight|Roost|p1a: Corviknight
|-heal|p1a: Corviknight|100/100
|-singleturn|p1a: Corviknight|move: Roost
|
|-end|p1a: Corviknight|Whirlpool|[partiallytrapped]|[silent]
|upkeep
|turn|70
|
|t:|1779911551
|switch|p1a: Dondozo|Dondozo, F|94/100
|move|p2a: Alomomola|Wish|p2a: Alomomola
|
|-heal|p1a: Dondozo|99/100|[from] item: Leftovers
|upkeep
|turn|71
|
|t:|1779911556
|move|p2a: Alomomola|Flip Turn|p1a: Dondozo
|-resisted|p1a: Dondozo
|-damage|p1a: Dondozo|95/100
|
|t:|1779911560
|switch|p2a: Azumarill|Azumarill, F|47/100 psn|[from] Flip Turn
|move|p1a: Dondozo|Curse|p1a: Dondozo
|-unboost|p1a: Dondozo|spe|1
|-boost|p1a: Dondozo|atk|1
|-boost|p1a: Dondozo|def|1
|
|-heal|p2a: Azumarill|100/100 psn|[from] move: Wish|[wisher] Alomomola
|-heal|p1a: Dondozo|100/100|[from] item: Leftovers
|-damage|p2a: Azumarill|88/100 psn|[from] psn
|upkeep
|turn|72
|
|t:|1779911573
|switch|p1a: Corviknight|Corviknight, M|100/100
|-ability|p1a: Corviknight|Pressure
|move|p2a: Azumarill|Perish Song|p2a: Azumarill
|-start|p1a: Corviknight|perish3|[silent]
|-start|p2a: Azumarill|perish3|[silent]
|-fieldactivate|move: Perish Song
|
|-heal|p2a: Azumarill|94/100 psn|[from] item: Leftovers
|-damage|p2a: Azumarill|82/100 psn|[from] psn
|-start|p1a: Corviknight|perish3
|-start|p2a: Azumarill|perish3
|upkeep
|turn|73
|
|t:|1779911586
|switch|p2a: Gloom|Gloom, M|100/100
|move|p1a: Corviknight|U-turn|p2a: Gloom
|-damage|p2a: Gloom|88/100
|
|t:|1779911591
|switch|p1a: Cinderace|Cinderace, M|82/100 tox|[from] U-turn
|
|-damage|p1a: Cinderace|76/100 tox|[from] psn
|upkeep
|turn|74
|
|t:|1779911597
|switch|p2a: Alomomola|Alomomola, F|100/100
|move|p1a: Cinderace|Pyro Ball|p2a: Alomomola
|-resisted|p2a: Alomomola
|-damage|p2a: Alomomola|87/100
|
|-damage|p1a: Cinderace|64/100 tox|[from] psn
|upkeep
|turn|75
|
|t:|1779911606
|switch|p1a: Dondozo|Dondozo, F|100/100
|move|p2a: Alomomola|Scald|p1a: Dondozo
|-resisted|p1a: Dondozo
|-damage|p1a: Dondozo|96/100
|-status|p1a: Dondozo|brn
|
|-heal|p1a: Dondozo|100/100 brn|[from] item: Leftovers
|-damage|p1a: Dondozo|94/100 brn|[from] brn
|upkeep
|turn|76
|
|t:|1779911616
|move|p2a: Alomomola|Wish|p2a: Alomomola
|move|p1a: Dondozo|Rest|p1a: Dondozo
|-status|p1a: Dondozo|slp|[from] move: Rest
|-heal|p1a: Dondozo|100/100 slp|[silent]
|
|upkeep
|turn|77
|
|t:|1779911621
|switch|p1a: Corviknight|Corviknight, M|100/100
|-ability|p1a: Corviknight|Pressure
|move|p2a: Alomomola|Flip Turn|p1a: Corviknight
|-damage|p1a: Corviknight|91/100
|
|t:|1779911631
|switch|p2a: Azumarill|Azumarill, F|82/100 psn|[from] Flip Turn
|
|-heal|p2a: Azumarill|100/100 psn|[from] move: Wish|[wisher] Alomomola
|-damage|p2a: Azumarill|88/100 psn|[from] psn
|upkeep
|turn|78
|
|t:|1779911639
|move|p1a: Corviknight|Roost|p1a: Corviknight
|-heal|p1a: Corviknight|100/100
|-singleturn|p1a: Corviknight|move: Roost
|move|p2a: Azumarill|Knock Off|p1a: Corviknight
|-damage|p1a: Corviknight|96/100
|
|-heal|p2a: Azumarill|94/100 psn|[from] item: Leftovers
|-damage|p2a: Azumarill|82/100 psn|[from] psn
|upkeep
|turn|79
|
|t:|1779911650
|switch|p2a: Dragonite|Dragonite, F|100/100
|move|p1a: Corviknight|U-turn|p2a: Dragonite
|-resisted|p2a: Dragonite
|-damage|p2a: Dragonite|97/100
|
|t:|1779911655
|switch|p1a: Cinderace|Cinderace, M|64/100 tox|[from] U-turn
|
|-heal|p2a: Dragonite|100/100|[from] item: Leftovers
|-damage|p1a: Cinderace|58/100 tox|[from] psn
|upkeep
|turn|80
|
|t:|1779911661
|move|p1a: Cinderace|U-turn|p2a: Dragonite
|-resisted|p2a: Dragonite
|-damage|p2a: Dragonite|96/100
|
|t:|1779911666
|switch|p1a: Corviknight|Corviknight, M|96/100|[from] U-turn
|-ability|p1a: Corviknight|Pressure
|move|p2a: Dragonite|Dragon Dance|p2a: Dragonite
|-boost|p2a: Dragonite|atk|1
|-boost|p2a: Dragonite|spe|1
|
|-heal|p2a: Dragonite|100/100|[from] item: Leftovers
|upkeep
|turn|81
|
|t:|1779911696
|move|p2a: Dragonite|Dragon Dance|p2a: Dragonite
|-boost|p2a: Dragonite|atk|1
|-boost|p2a: Dragonite|spe|1
|move|p1a: Corviknight|Brave Bird|p2a: Dragonite
|-damage|p2a: Dragonite|83/100
|-damage|p1a: Corviknight|90/100|[from] Recoil
|
|-heal|p2a: Dragonite|89/100|[from] item: Leftovers
|upkeep
|turn|82
|
|t:|1779911706
|move|p2a: Dragonite|Dragon Dance|p2a: Dragonite
|-boost|p2a: Dragonite|atk|1
|-boost|p2a: Dragonite|spe|1
|move|p1a: Corviknight|Brave Bird|p2a: Dragonite
|-damage|p2a: Dragonite|53/100
|-damage|p1a: Corviknight|78/100|[from] Recoil
|
|-heal|p2a: Dragonite|59/100|[from] item: Leftovers
|upkeep
|turn|83
|
|t:|1779911714
|-terastallize|p1a: Corviknight|Dragon
|move|p2a: Dragonite|Extreme Speed|p1a: Corviknight
|-damage|p1a: Corviknight|33/100
|move|p1a: Corviknight|Brave Bird|p2a: Dragonite
|-damage|p2a: Dragonite|26/100
|-damage|p1a: Corviknight|23/100|[from] Recoil
|
|-heal|p2a: Dragonite|32/100|[from] item: Leftovers
|upkeep
|turn|84
|
|t:|1779911724
|switch|p1a: Dondozo|Dondozo, F|100/100 slp
|move|p2a: Dragonite|Extreme Speed|p1a: Dondozo
|-damage|p1a: Dondozo|81/100 slp
|
|-heal|p2a: Dragonite|39/100|[from] item: Leftovers
|-heal|p1a: Dondozo|87/100 slp|[from] item: Leftovers
|upkeep
|turn|85
|
|t:|1779911731
|move|p2a: Dragonite|Roost|p2a: Dragonite
|-heal|p2a: Dragonite|89/100
|-singleturn|p2a: Dragonite|move: Roost
|cant|p1a: Dondozo|slp
|
|-heal|p2a: Dragonite|95/100|[from] item: Leftovers
|-heal|p1a: Dondozo|93/100 slp|[from] item: Leftovers
|upkeep
|turn|86
|
|t:|1779911746
|switch|p2a: Azumarill|Azumarill, F|82/100 psn
|cant|p1a: Dondozo|slp
|
|-heal|p2a: Azumarill|88/100 psn|[from] item: Leftovers
|-heal|p1a: Dondozo|99/100 slp|[from] item: Leftovers
|-damage|p2a: Azumarill|76/100 psn|[from] psn
|upkeep
|turn|87
|
|t:|1779911754
|move|p2a: Azumarill|Whirlpool|p1a: Dondozo
|-resisted|p1a: Dondozo
|-damage|p1a: Dondozo|97/100 slp
|-activate|p1a: Dondozo|move: Whirlpool|[of] p2a: Azumarill
|-curestatus|p1a: Dondozo|slp|[msg]
|move|p1a: Dondozo|Curse|p1a: Dondozo
|-unboost|p1a: Dondozo|spe|1
|-boost|p1a: Dondozo|atk|1
|-boost|p1a: Dondozo|def|1
|
|-heal|p2a: Azumarill|82/100 psn|[from] item: Leftovers
|-heal|p1a: Dondozo|100/100|[from] item: Leftovers
|-damage|p2a: Azumarill|70/100 psn|[from] psn
|-damage|p1a: Dondozo|88/100|[from] move: Whirlpool|[partiallytrapped]
|upkeep
|turn|88
|
|t:|1779911767
|move|p2a: Azumarill|Perish Song|p2a: Azumarill
|-start|p1a: Dondozo|perish3|[silent]
|-start|p2a: Azumarill|perish3|[silent]
|-fieldactivate|move: Perish Song
|move|p1a: Dondozo|Waterfall|p2a: Azumarill
|-resisted|p2a: Azumarill
|-damage|p2a: Azumarill|50/100 psn
|
|-heal|p2a: Azumarill|56/100 psn|[from] item: Leftovers
|-heal|p1a: Dondozo|94/100|[from] item: Leftovers
|-damage|p2a: Azumarill|44/100 psn|[from] psn
|-damage|p1a: Dondozo|82/100|[from] move: Whirlpool|[partiallytrapped]
|-start|p2a: Azumarill|perish3
|-start|p1a: Dondozo|perish3
|upkeep
|turn|89
|
|t:|1779911780
|move|p2a: Azumarill|Protect|p2a: Azumarill
|-singleturn|p2a: Azumarill|Protect
|move|p1a: Dondozo|Body Press|p2a: Azumarill
|-activate|p2a: Azumarill|move: Protect
|
|-heal|p2a: Azumarill|50/100 psn|[from] item: Leftovers
|-heal|p1a: Dondozo|88/100|[from] item: Leftovers
|-damage|p2a: Azumarill|38/100 psn|[from] psn
|-damage|p1a: Dondozo|76/100|[from] move: Whirlpool|[partiallytrapped]
|-start|p2a: Azumarill|perish2
|-start|p1a: Dondozo|perish2
|upkeep
|turn|90
|
|t:|1779911792
|move|p2a: Azumarill|Whirlpool|p1a: Dondozo
|-resisted|p1a: Dondozo
|-damage|p1a: Dondozo|73/100
|move|p1a: Dondozo|Rest|p1a: Dondozo
|-status|p1a: Dondozo|slp|[from] move: Rest
|-heal|p1a: Dondozo|100/100 slp|[silent]
|
|-heal|p2a: Azumarill|44/100 psn|[from] item: Leftovers
|-damage|p2a: Azumarill|31/100 psn|[from] psn
|-damage|p1a: Dondozo|88/100 slp|[from] move: Whirlpool|[partiallytrapped]
|-start|p2a: Azumarill|perish1
|-start|p1a: Dondozo|perish1
|upkeep
|turn|91
|
|t:|1779911806
|switch|p2a: Alomomola|Alomomola, F|100/100
|cant|p1a: Dondozo|slp
|
|-heal|p1a: Dondozo|94/100 slp|[from] item: Leftovers
|-end|p1a: Dondozo|Whirlpool|[partiallytrapped]|[silent]
|-start|p1a: Dondozo|perish0
|upkeep
|faint|p1a: Dondozo
|
|t:|1779911811
|switch|p1a: Corviknight|Corviknight, M, tera:Dragon|23/100
|-ability|p1a: Corviknight|Pressure
|turn|92
|
|t:|1779911817
|move|p1a: Corviknight|Roost|p1a: Corviknight
|-heal|p1a: Corviknight|73/100
|move|p2a: Alomomola|Wish|p2a: Alomomola
|
|upkeep
|turn|93
|
|t:|1779911823
|move|p1a: Corviknight|Roost|p1a: Corviknight
|-heal|p1a: Corviknight|100/100
|move|p2a: Alomomola|Flip Turn|p1a: Corviknight
|-resisted|p1a: Corviknight
|-damage|p1a: Corviknight|96/100
|
|t:|1779911829
|switch|p2a: Azumarill|Azumarill, F|31/100 psn|[from] Flip Turn
|
|-heal|p2a: Azumarill|98/100 psn|[from] move: Wish|[wisher] Alomomola
|-heal|p2a: Azumarill|100/100 psn|[from] item: Leftovers
|-damage|p2a: Azumarill|88/100 psn|[from] psn
|upkeep
|turn|94
|
|t:|1779911836
|move|p1a: Corviknight|U-turn|p2a: Azumarill
|-resisted|p2a: Azumarill
|-damage|p2a: Azumarill|81/100 psn
|
|t:|1779911841
|switch|p1a: Cinderace|Cinderace, M|58/100 tox|[from] U-turn
|move|p2a: Azumarill|Perish Song|p2a: Azumarill
|-start|p1a: Cinderace|perish3|[silent]
|-start|p2a: Azumarill|perish3|[silent]
|-fieldactivate|move: Perish Song
|
|-heal|p2a: Azumarill|87/100 psn|[from] item: Leftovers
|-damage|p1a: Cinderace|51/100 tox|[from] psn
|-damage|p2a: Azumarill|75/100 psn|[from] psn
|-start|p1a: Cinderace|perish3
|-start|p2a: Azumarill|perish3
|upkeep
|turn|95
|
|t:|1779911852
|move|p1a: Cinderace|U-turn|p2a: Azumarill
|-resisted|p2a: Azumarill
|-damage|p2a: Azumarill|65/100 psn
|
|t:|1779911857
|switch|p1a: Corviknight|Corviknight, M, tera:Dragon|96/100|[from] U-turn
|-ability|p1a: Corviknight|Pressure
|move|p2a: Azumarill|Whirlpool|p1a: Corviknight
|-resisted|p1a: Corviknight
|-damage|p1a: Corviknight|91/100
|-activate|p1a: Corviknight|move: Whirlpool|[of] p2a: Azumarill
|
|-heal|p2a: Azumarill|71/100 psn|[from] item: Leftovers
|-damage|p2a: Azumarill|59/100 psn|[from] psn
|-damage|p1a: Corviknight|79/100|[from] move: Whirlpool|[partiallytrapped]
|-start|p2a: Azumarill|perish2
|upkeep
|turn|96
|
|t:|1779911869
|switch|p2a: Heatran|Heatran, M|86/100
|move|p1a: Corviknight|Roost|p1a: Corviknight
|-heal|p1a: Corviknight|100/100
|
|-end|p1a: Corviknight|Whirlpool|[partiallytrapped]|[silent]
|upkeep
|turn|97
|
|t:|1779911875
|switch|p1a: Cinderace|Cinderace, M|51/100 tox
|move|p2a: Heatran|Dragon Pulse|p1a: Cinderace
|-damage|p1a: Cinderace|14/100 tox
|
|-damage|p1a: Cinderace|8/100 tox|[from] psn
|upkeep
|turn|98
|
|t:|1779911882
|switch|p1a: Corviknight|Corviknight, M, tera:Dragon|100/100
|-ability|p1a: Corviknight|Pressure
|move|p2a: Heatran|Dragon Pulse|p1a: Corviknight
|-supereffective|p1a: Corviknight
|-damage|p1a: Corviknight|38/100
|
|upkeep
|turn|99
|c|☆sturdy gengar|gg
|c|☆sturdy gengar|that tera
|
|t:|1779911895
|move|p2a: Heatran|Dragon Pulse|p1a: Corviknight
|-supereffective|p1a: Corviknight
|-damage|p1a: Corviknight|0 fnt
|faint|p1a: Corviknight
|
|upkeep
|
|t:|1779911900
|switch|p1a: Cinderace|Cinderace, M|8/100 tox
|turn|100
|
|t:|1779911905
|move|p1a: Cinderace|U-turn|p2a: Heatran
|-resisted|p2a: Heatran
|-damage|p2a: Heatran|81/100
|move|p2a: Heatran|Dragon Pulse|p1a: Cinderace
|-damage|p1a: Cinderace|0 fnt
|faint|p1a: Cinderace
|
|win|sturdy gengar
|raw|claudechamp's rating: 1210 &rarr; <strong>1185</strong><br />(-25 for losing)
|raw|sturdy gengar's rating: 1214 &rarr; <strong>1239</strong><br />(+25 for winning)
|c|☆claudechamp|gg
