|j|☆nitro05
|j|☆nwalesu
|t:|1779815786
|gametype|singles
|player|p1|nitro05|2|1470
|player|p2|nwalesu|pokemaniac|1481
|gen|9
|tier|[Gen 9] OU
|rated|
|rule|HP Percentage Mod: HP is shown in percentages
|rule|Endless Battle Clause: Forcing endless battles is banned
|rule|Species Clause: Limit one of each Pokémon
|rule|OHKO Clause: OHKO moves are banned
|rule|Evasion Items Clause: Evasion items are banned
|rule|Evasion Moves Clause: Evasion moves are banned
|rule|Evasion Abilities Clause: Evasion abilities are banned
|rule|Sleep Moves Clause: Sleep-inducing moves are banned
|clearpoke
|poke|p1|Darkrai|
|poke|p1|Garchomp, F|
|poke|p1|Alomomola, F|
|poke|p1|Corviknight, M|
|poke|p1|Weezing-Galar, M|
|poke|p1|Ogerpon, F|
|poke|p2|Dragapult, F|
|poke|p2|Rotom-Heat|
|poke|p2|Clodsire, F|
|poke|p2|Mandibuzz, F|
|poke|p2|Dragonite, F|
|poke|p2|Iron Valiant|
|teampreview
|inactive|Battle timer is ON: inactive players will automatically lose when time's up. (requested by nwalesu)
|
|t:|1779815814
|teamsize|p1|6
|teamsize|p2|6
|start
|switch|p1a: Garchomp|Garchomp, F|100/100
|switch|p2a: Drippy|Dragapult, F|100/100
|turn|1
|
|t:|1779815825
|move|p2a: Drippy|Will-O-Wisp|p1a: Garchomp
|-status|p1a: Garchomp|brn
|move|p1a: Garchomp|Stealth Rock|p2a: Drippy
|-sidestart|p2: nwalesu|move: Stealth Rock
|
|-damage|p1a: Garchomp|94/100 brn|[from] brn
|upkeep
|turn|2
|
|t:|1779815833
|switch|p2a: Mandibuzz|Mandibuzz, F|100/100
|switch|p1a: Weezing|Weezing-Galar, M|100/100
|-ability|p1a: Weezing|Neutralizing Gas
|
|upkeep
|turn|3
|
|t:|1779815839
|-end|p1a: Weezing|ability: Neutralizing Gas
|switch|p1a: Corviknight|Corviknight, M|100/100
|-ability|p1a: Corviknight|Pressure
|move|p2a: Mandibuzz|Defog|p1a: Corviknight
|-unboost|p1a: Corviknight|evasion|1
|-sideend|p2: nwalesu|Stealth Rock|[from] move: Defog|[of] p2a: Mandibuzz
|
|upkeep
|turn|4
|
|t:|1779815845
|switch|p2a: Cookie maker|Rotom-Heat|100/100
|move|p1a: Corviknight|U-turn|p2a: Cookie maker
|-resisted|p2a: Cookie maker
|-damage|p2a: Cookie maker|92/100
|
|t:|1779815849
|switch|p1a: Darkrai|Darkrai|100/100|[from] U-turn
|
|upkeep
|turn|5
|
|t:|1779815858
|switch|p2a: Clodsire|Clodsire, F|100/100
|move|p1a: Darkrai|Dark Pulse|p2a: Clodsire
|-damage|p2a: Clodsire|67/100
|
|-heal|p2a: Clodsire|74/100|[from] item: Leftovers
|upkeep
|turn|6
|inactive|nitro05 has 120 seconds left.
|
|t:|1779815907
|switch|p1a: Corviknight|Corviknight, M|100/100
|-ability|p1a: Corviknight|Pressure
|move|p2a: Clodsire|Stealth Rock|p1a: Corviknight
|-sidestart|p1: nitro05|move: Stealth Rock
|
|-heal|p2a: Clodsire|80/100|[from] item: Leftovers
|upkeep
|turn|7
|
|t:|1779815912
|switch|p2a: Cookie maker|Rotom-Heat|92/100
|move|p1a: Corviknight|Defog|p2a: Cookie maker
|-unboost|p2a: Cookie maker|evasion|1
|-sideend|p1: nitro05|Stealth Rock|[from] move: Defog|[of] p1a: Corviknight
|
|upkeep
|turn|8
|
|t:|1779815917
|switch|p1a: Garchomp|Garchomp, F|94/100 brn
|move|p2a: Cookie maker|Nasty Plot|p2a: Cookie maker
|-boost|p2a: Cookie maker|spa|2
|
|-damage|p1a: Garchomp|88/100 brn|[from] brn
|upkeep
|turn|9
|
|t:|1779815923
|move|p2a: Cookie maker|Overheat|p1a: Garchomp
|-resisted|p1a: Garchomp
|-damage|p1a: Garchomp|41/100 brn
|-unboost|p2a: Cookie maker|spa|2
|move|p1a: Garchomp|Stealth Rock|p2a: Cookie maker
|-sidestart|p2: nwalesu|move: Stealth Rock
|
|-damage|p1a: Garchomp|35/100 brn|[from] brn
|upkeep
|turn|10
|
|t:|1779815928
|switch|p2a: Mandibuzz|Mandibuzz, F|100/100
|move|p1a: Garchomp|Dragon Tail|p2a: Mandibuzz
|-damage|p2a: Mandibuzz|93/100
|drag|p2a: Clodsire|Clodsire, F|80/100
|-damage|p2a: Clodsire|74/100|[from] Stealth Rock
|
|-heal|p2a: Clodsire|80/100|[from] item: Leftovers
|-damage|p1a: Garchomp|29/100 brn|[from] brn
|upkeep
|turn|11
|
|t:|1779815931
|switch|p2a: Mandibuzz|Mandibuzz, F|93/100
|move|p1a: Garchomp|Earthquake|p2a: Mandibuzz
|-immune|p2a: Mandibuzz
|
|-damage|p1a: Garchomp|23/100 brn|[from] brn
|upkeep
|turn|12
|
|t:|1779815936
|move|p1a: Garchomp|Spikes|p2a: Mandibuzz
|-sidestart|p2: nwalesu|Spikes
|move|p2a: Mandibuzz|Defog|p1a: Garchomp
|-unboost|p1a: Garchomp|evasion|1
|-sideend|p2: nwalesu|Spikes|[from] move: Defog|[of] p2a: Mandibuzz
|-sideend|p2: nwalesu|Stealth Rock|[from] move: Defog|[of] p2a: Mandibuzz
|
|-damage|p1a: Garchomp|16/100 brn|[from] brn
|upkeep
|turn|13
|
|t:|1779815941
|move|p1a: Garchomp|Stealth Rock|p2a: Mandibuzz
|-sidestart|p2: nwalesu|move: Stealth Rock
|move|p2a: Mandibuzz|Defog|p1a: Garchomp
|-unboost|p1a: Garchomp|evasion|1
|-sideend|p2: nwalesu|Stealth Rock|[from] move: Defog|[of] p2a: Mandibuzz
|
|-damage|p1a: Garchomp|10/100 brn|[from] brn
|upkeep
|turn|14
|
|t:|1779815945
|switch|p1a: Darkrai|Darkrai|100/100
|move|p2a: Mandibuzz|Defog|p1a: Darkrai
|-unboost|p1a: Darkrai|evasion|1
|
|upkeep
|turn|15
|
|t:|1779815952
|switch|p2a: Cookie maker|Rotom-Heat|92/100
|move|p1a: Darkrai|Ice Beam|p2a: Cookie maker
|-resisted|p2a: Cookie maker
|-damage|p2a: Cookie maker|65/100
|
|upkeep
|turn|16
|
|t:|1779815960
|switch|p1a: Garchomp|Garchomp, F|10/100 brn
|move|p2a: Cookie maker|Pain Split|p1a: Garchomp
|-sethp|p1a: Garchomp|25/100 brn|[from] move: Pain Split|[silent]
|-sethp|p2a: Cookie maker|41/100|[from] move: Pain Split
|
|-damage|p1a: Garchomp|19/100 brn|[from] brn
|upkeep
|turn|17
|
|t:|1779815964
|move|p2a: Cookie maker|Overheat|p1a: Garchomp
|-resisted|p1a: Garchomp
|-damage|p1a: Garchomp|0 fnt
|-unboost|p2a: Cookie maker|spa|2
|faint|p1a: Garchomp
|
|upkeep
|
|t:|1779815968
|switch|p1a: Darkrai|Darkrai|100/100
|turn|18
|
|t:|1779815981
|switch|p2a: Clodsire|Clodsire, F|80/100
|move|p1a: Darkrai|Dark Pulse|p2a: Clodsire
|-damage|p2a: Clodsire|43/100
|
|-heal|p2a: Clodsire|49/100|[from] item: Leftovers
|upkeep
|turn|19
|
|t:|1779815986
|move|p1a: Darkrai|Dark Pulse|p2a: Clodsire
|-damage|p2a: Clodsire|14/100
|move|p2a: Clodsire|Recover|p2a: Clodsire
|-heal|p2a: Clodsire|64/100
|
|-heal|p2a: Clodsire|70/100|[from] item: Leftovers
|upkeep
|turn|20
|
|t:|1779815991
|move|p1a: Darkrai|Dark Pulse|p2a: Clodsire
|-damage|p2a: Clodsire|36/100
|move|p2a: Clodsire|Toxic|p1a: Darkrai
|-status|p1a: Darkrai|tox
|
|-heal|p2a: Clodsire|43/100|[from] item: Leftovers
|-damage|p1a: Darkrai|94/100 tox|[from] psn
|upkeep
|turn|21
|
|t:|1779815996
|move|p1a: Darkrai|Dark Pulse|p2a: Clodsire
|-damage|p2a: Clodsire|8/100
|move|p2a: Clodsire|Recover|p2a: Clodsire
|-heal|p2a: Clodsire|58/100
|
|-heal|p2a: Clodsire|64/100|[from] item: Leftovers
|-damage|p1a: Darkrai|82/100 tox|[from] psn
|upkeep
|turn|22
|
|t:|1779816002
|switch|p1a: Corviknight|Corviknight, M|100/100
|-ability|p1a: Corviknight|Pressure
|move|p2a: Clodsire|Recover|p2a: Clodsire
|-heal|p2a: Clodsire|100/100
|
|upkeep
|turn|23
|
|t:|1779816006
|move|p1a: Corviknight|Defog|p2a: Clodsire
|-unboost|p2a: Clodsire|evasion|1
|move|p2a: Clodsire|Stealth Rock|p1a: Corviknight
|-sidestart|p1: nitro05|move: Stealth Rock
|
|upkeep
|turn|24
|
|t:|1779816011
|switch|p2a: Cookie maker|Rotom-Heat|41/100
|move|p1a: Corviknight|Defog|p2a: Cookie maker
|-unboost|p2a: Cookie maker|evasion|1
|-sideend|p1: nitro05|Stealth Rock|[from] move: Defog|[of] p1a: Corviknight
|
|upkeep
|turn|25
|
|t:|1779816014
|switch|p1a: Alomomola|Alomomola, F|100/100
|move|p2a: Cookie maker|Pain Split|p1a: Alomomola
|-sethp|p1a: Alomomola|61/100|[from] move: Pain Split|[silent]
|-sethp|p2a: Cookie maker|100/100|[from] move: Pain Split
|
|upkeep
|turn|26
|
|t:|1779816019
|switch|p2a: Clodsire|Clodsire, F|100/100
|move|p1a: Alomomola|Mirror Coat||[still]
|-fail|p1a: Alomomola
|
|upkeep
|turn|27
|
|t:|1779816025
|switch|p1a: Corviknight|Corviknight, M|100/100
|-ability|p1a: Corviknight|Pressure
|move|p2a: Clodsire|Toxic|p1a: Corviknight
|-immune|p1a: Corviknight
|
|upkeep
|turn|28
|
|t:|1779816029
|switch|p2a: Cookie maker|Rotom-Heat|100/100
|move|p1a: Corviknight|U-turn|p2a: Cookie maker
|-resisted|p2a: Cookie maker
|-damage|p2a: Cookie maker|92/100
|
|t:|1779816032
|switch|p1a: Darkrai|Darkrai|82/100 tox|[from] U-turn
|
|-damage|p1a: Darkrai|76/100 tox|[from] psn
|upkeep
|turn|29
|
|t:|1779816040
|move|p1a: Darkrai|Focus Blast|p2a: Cookie maker|[miss]
|-miss|p1a: Darkrai|p2a: Cookie maker
|move|p2a: Cookie maker|Overheat|p1a: Darkrai
|-crit|p1a: Darkrai
|-damage|p1a: Darkrai|0 fnt
|-unboost|p2a: Cookie maker|spa|2
|faint|p1a: Darkrai
|
|upkeep
|
|t:|1779816042
|switch|p1a: Ogerpon|Ogerpon, F|100/100
|turn|30
|
|t:|1779816054
|move|p1a: Ogerpon|Knock Off|p2a: Cookie maker
|-damage|p2a: Cookie maker|37/100
|-enditem|p2a: Cookie maker|Heavy-Duty Boots|[from] move: Knock Off|[of] p1a: Ogerpon
|move|p2a: Cookie maker|Overheat|p1a: Ogerpon
|-supereffective|p1a: Ogerpon
|-damage|p1a: Ogerpon|43/100
|-unboost|p2a: Cookie maker|spa|2
|
|upkeep
|turn|31
|
|t:|1779816060
|switch|p2a: Mandibuzz|Mandibuzz, F|93/100
|move|p1a: Ogerpon|Knock Off|p2a: Mandibuzz
|-resisted|p2a: Mandibuzz
|-damage|p2a: Mandibuzz|79/100
|-enditem|p2a: Mandibuzz|Heavy-Duty Boots|[from] move: Knock Off|[of] p1a: Ogerpon
|
|upkeep
|turn|32
|-message|nitro05 forfeited.
|
|win|nwalesu
|raw|nitro05's rating: 1470 &rarr; <strong>1451</strong><br />(-19 for losing)
|raw|nwalesu's rating: 1481 &rarr; <strong>1500</strong><br />(+19 for winning)
|l|☆nitro05
|player|p1|
