|j|☆Mortifi
|j|☆mrzed03
|t:|1779958729
|gametype|singles
|player|p1|Mortifi|pokemaniac|1696
|player|p2|mrzed03|170|1511
|gen|9
|tier|[Gen 9] OU
|rated|
|rule|HP Percentage Mod: HP is shown in percentages
|rule|Endless Battle Clause: Forcing endless battles is banned
|rule|Species Clause: Limit one of each Pokémon
|rule|OHKO Clause: OHKO moves are banned
|rule|Evasion Items Clause: Evasion items are banned
|rule|Evasion Moves Clause: Evasion moves are banned
|rule|Evasion Abilities Clause: Evasion abilities are banned
|rule|Sleep Moves Clause: Sleep-inducing moves are banned
|clearpoke
|poke|p1|Zapdos-Galar|
|poke|p1|Slowking-Galar, M|
|poke|p1|Alomomola, F|
|poke|p1|Great Tusk|
|poke|p1|Weavile, M|
|poke|p1|Skarmory, M|
|poke|p2|Weezing-Galar, M|
|poke|p2|Alomomola, M|
|poke|p2|Iron Treads|
|poke|p2|Tornadus-Therian, M|
|poke|p2|Zamazenta-*|
|poke|p2|Lokix, F|
|teampreview
|inactive|Battle timer is ON: inactive players will automatically lose when time's up. (requested by mrzed03)
|inactive|mrzed03 has 120 seconds left.
|
|t:|1779958767
|teamsize|p1|6
|teamsize|p2|6
|start
|switch|p1a: Alomomola|Alomomola, F|100/100
|switch|p2a: Alomomola|Alomomola, M|100/100
|turn|1
|
|t:|1779958774
|move|p1a: Alomomola|Flip Turn|p2a: Alomomola
|-resisted|p2a: Alomomola
|-damage|p2a: Alomomola|95/100
|-damage|p1a: Alomomola|84/100|[from] item: Rocky Helmet|[of] p2a: Alomomola
|
|t:|1779958779
|switch|p1a: Slowking|Slowking-Galar, M|100/100|[from] Flip Turn
|move|p2a: Alomomola|Flip Turn|p1a: Slowking
|-damage|p1a: Slowking|82/100
|
|t:|1779958793
|switch|p2a: Zamazenta|Zamazenta|100/100|[from] Flip Turn
|-ability|p2a: Zamazenta|Dauntless Shield|boost
|-boost|p2a: Zamazenta|def|1
|
|upkeep
|turn|2
|
|t:|1779958806
|move|p2a: Zamazenta|Crunch|p1a: Slowking
|-supereffective|p1a: Slowking
|-damage|p1a: Slowking|0 fnt
|faint|p1a: Slowking
|
|upkeep
|
|t:|1779958824
|switch|p1a: Zapdos|Zapdos-Galar|100/100
|turn|3
|
|t:|1779958838
|switch|p2a: Weezing|Weezing-Galar, M|100/100
|-ability|p2a: Weezing|Neutralizing Gas
|move|p1a: Zapdos|Knock Off|p2a: Weezing
|-resisted|p2a: Weezing
|-damage|p2a: Weezing|90/100
|-enditem|p2a: Weezing|Leftovers|[from] move: Knock Off|[of] p1a: Zapdos
|
|upkeep
|turn|4
|
|t:|1779958847
|move|p1a: Zapdos|U-turn|p2a: Weezing
|-resisted|p2a: Weezing
|-damage|p2a: Weezing|86/100
|
|t:|1779958850
|switch|p1a: Alomomola|Alomomola, F|100/100|[from] U-turn
|move|p2a: Weezing|Will-O-Wisp|p1a: Alomomola
|-status|p1a: Alomomola|brn
|
|-damage|p1a: Alomomola|94/100 brn|[from] brn
|upkeep
|turn|5
|
|t:|1779958871
|-end|p2a: Weezing|ability: Neutralizing Gas
|switch|p2a: Iron Treads|Iron Treads|100/100
|move|p1a: Alomomola|Flip Turn|p2a: Iron Treads
|-supereffective|p2a: Iron Treads
|-damage|p2a: Iron Treads|87/100
|
|t:|1779958880
|switch|p1a: Zapdos|Zapdos-Galar|100/100|[from] Flip Turn
|
|-heal|p2a: Iron Treads|93/100|[from] item: Leftovers
|upkeep
|turn|6
|
|t:|1779958891
|-end|p2a: Iron Treads|Quark Drive|[silent]
|switch|p2a: Weezing|Weezing-Galar, M|86/100
|-ability|p2a: Weezing|Neutralizing Gas
|move|p1a: Zapdos|Thunderous Kick|p2a: Weezing
|-resisted|p2a: Weezing
|-damage|p2a: Weezing|79/100
|-unboost|p2a: Weezing|def|1
|
|upkeep
|turn|7
|
|t:|1779958905
|move|p1a: Zapdos|U-turn|p2a: Weezing
|-resisted|p2a: Weezing
|-damage|p2a: Weezing|73/100
|
|t:|1779958908
|switch|p1a: Alomomola|Alomomola, F|100/100 brn|[from] U-turn
|move|p2a: Weezing|Will-O-Wisp|p1a: Alomomola
|-fail|p1a: Alomomola|brn
|
|-damage|p1a: Alomomola|94/100 brn|[from] brn
|upkeep
|turn|8
|
|t:|1779958919
|-end|p2a: Weezing|ability: Neutralizing Gas
|switch|p2a: Alomomola|Alomomola, M|100/100
|move|p1a: Alomomola|Flip Turn|p2a: Alomomola
|-resisted|p2a: Alomomola
|-damage|p2a: Alomomola|98/100
|-damage|p1a: Alomomola|78/100 brn|[from] item: Rocky Helmet|[of] p2a: Alomomola
|
|t:|1779958927
|switch|p1a: Skarmory|Skarmory, M|100/100|[from] Flip Turn
|
|upkeep
|turn|9
|
|t:|1779958937
|move|p1a: Skarmory|Spikes|p2a: Alomomola
|-sidestart|p2: mrzed03|Spikes
|move|p2a: Alomomola|Wish|p2a: Alomomola
|
|upkeep
|turn|10
|
|t:|1779958954
|move|p2a: Alomomola|Flip Turn|p1a: Skarmory
|-damage|p1a: Skarmory|91/100
|-damage|p2a: Alomomola|82/100|[from] item: Rocky Helmet|[of] p1a: Skarmory
|
|t:|1779958958
|switch|p2a: Weezing|Weezing-Galar, M|73/100|[from] Flip Turn
|-ability|p2a: Weezing|Neutralizing Gas
|-damage|p2a: Weezing|61/100|[from] Spikes
|move|p1a: Skarmory|Whirlwind|p2a: Weezing
|-end|p2a: Weezing|ability: Neutralizing Gas
|drag|p2a: Alomomola|Alomomola, M|100/100
|-damage|p2a: Alomomola|88/100|[from] Spikes
|
|-heal|p2a: Alomomola|100/100|[from] move: Wish|[wisher] Alomomola
|upkeep
|turn|11
|
|t:|1779958971
|move|p1a: Skarmory|Spikes|p2a: Alomomola
|-sidestart|p2: mrzed03|Spikes
|move|p2a: Alomomola|Tickle|p1a: Skarmory
|-unboost|p1a: Skarmory|atk|1
|-unboost|p1a: Skarmory|def|1
|
|upkeep
|turn|12
|
|t:|1779958976
|move|p1a: Skarmory|Spikes|p2a: Alomomola
|-sidestart|p2: mrzed03|Spikes
|move|p2a: Alomomola|Tickle|p1a: Skarmory
|-unboost|p1a: Skarmory|atk|1
|-unboost|p1a: Skarmory|def|1
|
|upkeep
|turn|13
|
|t:|1779958982
|move|p2a: Alomomola|Flip Turn|p1a: Skarmory
|-damage|p1a: Skarmory|73/100
|-damage|p2a: Alomomola|84/100|[from] item: Rocky Helmet|[of] p1a: Skarmory
|
|t:|1779958989
|switch|p2a: Iron Treads|Iron Treads|93/100|[from] Flip Turn
|-damage|p2a: Iron Treads|68/100|[from] Spikes
|move|p1a: Skarmory|Whirlwind|p2a: Iron Treads
|-end|p2a: Iron Treads|Quark Drive|[silent]
|drag|p2a: Weezing|Weezing-Galar, M|61/100
|-ability|p2a: Weezing|Neutralizing Gas
|-damage|p2a: Weezing|36/100|[from] Spikes
|
|upkeep
|turn|14
|
|t:|1779959001
|switch|p1a: Alomomola|Alomomola, F|100/100 brn
|move|p2a: Weezing|Defog|p1a: Alomomola
|-unboost|p1a: Alomomola|evasion|1
|-sideend|p2: mrzed03|Spikes|[from] move: Defog|[of] p2a: Weezing
|
|-damage|p1a: Alomomola|94/100 brn|[from] brn
|upkeep
|turn|15
|
|t:|1779959010
|-end|p2a: Weezing|ability: Neutralizing Gas
|switch|p2a: Alomomola|Alomomola, M|100/100
|move|p1a: Alomomola|Flip Turn|p2a: Alomomola
|-resisted|p2a: Alomomola
|-damage|p2a: Alomomola|98/100
|-damage|p1a: Alomomola|78/100 brn|[from] item: Rocky Helmet|[of] p2a: Alomomola
|
|t:|1779959018
|switch|p1a: Skarmory|Skarmory, M|73/100|[from] Flip Turn
|
|upkeep
|turn|16
|
|t:|1779959023
|move|p1a: Skarmory|Spikes|p2a: Alomomola
|-sidestart|p2: mrzed03|Spikes
|move|p2a: Alomomola|Wish|p2a: Alomomola
|
|upkeep
|turn|17
|
|t:|1779959027
|move|p2a: Alomomola|Tickle|p1a: Skarmory
|-unboost|p1a: Skarmory|atk|1
|-unboost|p1a: Skarmory|def|1
|move|p1a: Skarmory|Whirlwind|p2a: Alomomola
|drag|p2a: Iron Treads|Iron Treads|68/100
|-damage|p2a: Iron Treads|56/100|[from] Spikes
|
|-heal|p2a: Iron Treads|100/100|[from] move: Wish|[wisher] Alomomola
|upkeep
|turn|18
|
|t:|1779959036
|switch|p1a: Great Tusk|Great Tusk|100/100
|move|p2a: Iron Treads|Rapid Spin|p1a: Great Tusk
|-damage|p1a: Great Tusk|90/100
|-boost|p2a: Iron Treads|spe|1
|-sideend|p2: mrzed03|Spikes|[from] move: Rapid Spin|[of] p2a: Iron Treads
|
|upkeep
|turn|19
|
|t:|1779959051
|-end|p2a: Iron Treads|Quark Drive|[silent]
|switch|p2a: Tornadus|Tornadus-Therian, M|100/100
|move|p1a: Great Tusk|Stealth Rock|p2a: Tornadus
|-sidestart|p2: mrzed03|move: Stealth Rock
|
|upkeep
|turn|20
|
|t:|1779959066
|-end|p1a: Great Tusk|Protosynthesis|[silent]
|switch|p1a: Alomomola|Alomomola, F|100/100 brn
|move|p2a: Tornadus|Knock Off|p1a: Alomomola
|-damage|p1a: Alomomola|93/100 brn
|
|-damage|p1a: Alomomola|87/100 brn|[from] brn
|upkeep
|turn|21
|
|t:|1779959079
|move|p2a: Tornadus|Bleakwind Storm|p1a: Alomomola|[miss]
|-miss|p2a: Tornadus|p1a: Alomomola
|move|p1a: Alomomola|Flip Turn|p2a: Tornadus
|-damage|p2a: Tornadus|91/100
|
|t:|1779959084
|switch|p1a: Weavile|Weavile, M|100/100|[from] Flip Turn
|-ability|p1a: Weavile|Pressure
|
|upkeep
|turn|22
|
|t:|1779959090
|switch|p2a: Alomomola|Alomomola, M|100/100
|-damage|p2a: Alomomola|88/100|[from] Stealth Rock
|move|p1a: Weavile|Knock Off|p2a: Alomomola
|-damage|p2a: Alomomola|44/100
|-damage|p1a: Weavile|84/100|[from] item: Rocky Helmet|[of] p2a: Alomomola
|-enditem|p2a: Alomomola|Rocky Helmet|[from] move: Knock Off|[of] p1a: Weavile
|
|upkeep
|turn|23
|
|t:|1779959100
|move|p1a: Weavile|Knock Off|p2a: Alomomola
|-damage|p2a: Alomomola|15/100
|move|p2a: Alomomola|Wish|p2a: Alomomola
|
|upkeep
|turn|24
|
|t:|1779959107
|switch|p1a: Skarmory|Skarmory, M|73/100
|move|p2a: Alomomola|Protect||[still]
|-fail|p2a: Alomomola
|
|-heal|p2a: Alomomola|65/100|[from] move: Wish|[wisher] Alomomola
|upkeep
|turn|25
|
|t:|1779959115
|move|p1a: Skarmory|Spikes|p2a: Alomomola
|-sidestart|p2: mrzed03|Spikes
|move|p2a: Alomomola|Wish|p2a: Alomomola
|
|upkeep
|turn|26
|
|t:|1779959120
|move|p1a: Skarmory|Spikes|p2a: Alomomola
|-sidestart|p2: mrzed03|Spikes
|move|p2a: Alomomola|Tickle|p1a: Skarmory
|-unboost|p1a: Skarmory|atk|1
|-unboost|p1a: Skarmory|def|1
|
|-heal|p2a: Alomomola|100/100|[from] move: Wish|[wisher] Alomomola
|upkeep
|turn|27
|
|t:|1779959127
|move|p1a: Skarmory|Spikes|p2a: Alomomola
|-sidestart|p2: mrzed03|Spikes
|move|p2a: Alomomola|Flip Turn|p1a: Skarmory
|-damage|p1a: Skarmory|60/100
|-damage|p2a: Alomomola|84/100|[from] item: Rocky Helmet|[of] p1a: Skarmory
|
|t:|1779959133
|switch|p2a: Iron Treads|Iron Treads|100/100|[from] Flip Turn
|-damage|p2a: Iron Treads|97/100|[from] Stealth Rock
|-damage|p2a: Iron Treads|72/100|[from] Spikes
|
|-heal|p2a: Iron Treads|79/100|[from] item: Leftovers
|upkeep
|turn|28
|
|t:|1779959141
|switch|p1a: Zapdos|Zapdos-Galar|100/100
|move|p2a: Iron Treads|Rapid Spin|p1a: Zapdos
|-damage|p1a: Zapdos|86/100
|-boost|p2a: Iron Treads|spe|1
|-sideend|p2: mrzed03|Spikes|[from] move: Rapid Spin|[of] p2a: Iron Treads
|-sideend|p2: mrzed03|Stealth Rock|[from] move: Rapid Spin|[of] p2a: Iron Treads
|
|-heal|p2a: Iron Treads|85/100|[from] item: Leftovers
|upkeep
|turn|29
|inactive|mrzed03 has 120 seconds left.
|inactive|mrzed03 has 90 seconds left.
|
|t:|1779959216
|-end|p2a: Iron Treads|Quark Drive|[silent]
|switch|p2a: Alomomola|Alomomola, M|100/100
|move|p1a: Zapdos|Thunderous Kick|p2a: Alomomola
|-damage|p2a: Alomomola|71/100
|-unboost|p2a: Alomomola|def|1
|
|upkeep
|turn|30
|
|t:|1779959226
|move|p1a: Zapdos|Thunderous Kick|p2a: Alomomola
|-damage|p2a: Alomomola|27/100
|-unboost|p2a: Alomomola|def|1
|move|p2a: Alomomola|Flip Turn|p1a: Zapdos
|-damage|p1a: Zapdos|66/100
|
|t:|1779959234
|switch|p2a: Zamazenta|Zamazenta|100/100|[from] Flip Turn
|
|upkeep
|turn|31
|
|t:|1779959246
|switch|p1a: Alomomola|Alomomola, F|100/100 brn
|move|p2a: Zamazenta|Stone Edge|p1a: Alomomola
|-crit|p1a: Alomomola
|-damage|p1a: Alomomola|55/100 brn
|
|-damage|p1a: Alomomola|49/100 brn|[from] brn
|upkeep
|turn|32
|inactive|Mortifi has 120 seconds left.
|
|t:|1779959302
|switch|p2a: Alomomola|Alomomola, M|60/100
|move|p1a: Alomomola|Wish|p1a: Alomomola
|
|-damage|p1a: Alomomola|43/100 brn|[from] brn
|upkeep
|turn|33
|
|t:|1779959316
|move|p1a: Alomomola|Flip Turn|p2a: Alomomola
|-resisted|p2a: Alomomola
|-damage|p2a: Alomomola|58/100
|
|t:|1779959322
|switch|p1a: Zapdos|Zapdos-Galar|66/100|[from] Flip Turn
|move|p2a: Alomomola|Tickle|p1a: Zapdos
|-unboost|p1a: Zapdos|atk|1
|-ability|p1a: Zapdos|Defiant|boost
|-boost|p1a: Zapdos|atk|2
|-unboost|p1a: Zapdos|def|1
|-ability|p1a: Zapdos|Defiant|boost
|-boost|p1a: Zapdos|atk|2
|
|-heal|p1a: Zapdos|100/100|[from] move: Wish|[wisher] Alomomola
|upkeep
|turn|34
|inactive|mrzed03 has 90 seconds left.
|
|t:|1779959340
|switch|p2a: Iron Treads|Iron Treads|85/100
|move|p1a: Zapdos|Brave Bird|p2a: Iron Treads
|-resisted|p2a: Iron Treads
|-damage|p2a: Iron Treads|25/100
|-damage|p1a: Zapdos|78/100|[from] Recoil
|
|-heal|p2a: Iron Treads|31/100|[from] item: Leftovers
|upkeep
|turn|35
|inactive|mrzed03 has 90 seconds left.
|
|t:|1779959351
|switch|p1a: Alomomola|Alomomola, F|76/100 brn
|-terastallize|p2a: Iron Treads|Ice
|move|p2a: Iron Treads|Ice Spinner|p1a: Alomomola
|-resisted|p1a: Alomomola
|-damage|p1a: Alomomola|67/100 brn
|
|-heal|p2a: Iron Treads|37/100|[from] item: Leftovers
|-damage|p1a: Alomomola|61/100 brn|[from] brn
|upkeep
|turn|36
|inactive|mrzed03 has 90 seconds left.
|
|t:|1779959360
|move|p2a: Iron Treads|Stealth Rock|p1a: Alomomola
|-sidestart|p1: Mortifi|move: Stealth Rock
|move|p1a: Alomomola|Wish|p1a: Alomomola
|
|-heal|p2a: Iron Treads|43/100|[from] item: Leftovers
|-damage|p1a: Alomomola|55/100 brn|[from] brn
|upkeep
|turn|37
|
|t:|1779959369
|move|p2a: Iron Treads|Earthquake|p1a: Alomomola
|-damage|p1a: Alomomola|30/100 brn
|move|p1a: Alomomola|Flip Turn|p2a: Iron Treads
|-damage|p2a: Iron Treads|36/100
|
|t:|1779959386
|switch|p1a: Skarmory|Skarmory, M|60/100|[from] Flip Turn
|-damage|p1a: Skarmory|48/100|[from] Stealth Rock
|
|-heal|p1a: Skarmory|100/100|[from] move: Wish|[wisher] Alomomola
|-heal|p2a: Iron Treads|42/100|[from] item: Leftovers
|upkeep
|turn|38
|
|t:|1779959395
|-end|p2a: Iron Treads|Quark Drive|[silent]
|switch|p2a: Weezing|Weezing-Galar, M|36/100
|-ability|p2a: Weezing|Neutralizing Gas
|move|p1a: Skarmory|Spikes|p2a: Weezing
|-sidestart|p2: mrzed03|Spikes
|
|upkeep
|turn|39
|
|t:|1779959401
|switch|p1a: Alomomola|Alomomola, F|64/100 brn
|-damage|p1a: Alomomola|51/100 brn|[from] Stealth Rock
|move|p2a: Weezing|Will-O-Wisp|p1a: Alomomola
|-fail|p1a: Alomomola|brn
|
|-damage|p1a: Alomomola|45/100 brn|[from] brn
|upkeep
|turn|40
|
|t:|1779959412
|-end|p2a: Weezing|ability: Neutralizing Gas
|switch|p2a: Iron Treads|Iron Treads, tera:Ice|42/100
|-damage|p2a: Iron Treads|29/100|[from] Spikes
|move|p1a: Alomomola|Flip Turn|p2a: Iron Treads
|-damage|p2a: Iron Treads|23/100
|
|t:|1779959420
|switch|p1a: Great Tusk|Great Tusk|90/100|[from] Flip Turn
|
|-heal|p2a: Iron Treads|29/100|[from] item: Leftovers
|upkeep
|turn|41
|
|t:|1779959428
|move|p2a: Iron Treads|Ice Spinner|p1a: Great Tusk
|-supereffective|p1a: Great Tusk
|-damage|p1a: Great Tusk|43/100
|move|p1a: Great Tusk|Headlong Rush|p2a: Iron Treads
|-damage|p2a: Iron Treads|0 fnt
|-unboost|p1a: Great Tusk|def|1
|-unboost|p1a: Great Tusk|spd|1
|faint|p2a: Iron Treads
|-end|p2a: Iron Treads|Quark Drive|[silent]
|
|upkeep
|inactive|mrzed03 has 120 seconds left.
|
|t:|1779959439
|switch|p2a: Tornadus|Tornadus-Therian, M|100/100
|turn|42
|
|t:|1779959449
|-end|p1a: Great Tusk|Protosynthesis|[silent]
|switch|p1a: Skarmory|Skarmory, M|100/100
|-damage|p1a: Skarmory|88/100|[from] Stealth Rock
|move|p2a: Tornadus|Heat Wave|p1a: Skarmory
|-supereffective|p1a: Skarmory
|-damage|p1a: Skarmory|24/100
|
|upkeep
|turn|43
|
|t:|1779959465
|switch|p1a: Alomomola|Alomomola, F|78/100 brn
|-damage|p1a: Alomomola|66/100 brn|[from] Stealth Rock
|move|p2a: Tornadus|Bleakwind Storm|p1a: Alomomola
|-damage|p1a: Alomomola|31/100 brn
|
|-damage|p1a: Alomomola|25/100 brn|[from] brn
|upkeep
|turn|44
|
|t:|1779959483
|switch|p1a: Weavile|Weavile, M|84/100
|-damage|p1a: Weavile|59/100|[from] Stealth Rock
|-ability|p1a: Weavile|Pressure
|move|p2a: Tornadus|Bleakwind Storm|p1a: Weavile|[miss]
|-miss|p2a: Tornadus|p1a: Weavile
|
|upkeep
|turn|45
|
|t:|1779959501
|switch|p2a: Weezing|Weezing-Galar, M|36/100
|-ability|p2a: Weezing|Neutralizing Gas
|-damage|p2a: Weezing|23/100|[from] Spikes
|move|p1a: Weavile|Ice Spinner|p2a: Weezing
|-crit|p2a: Weezing
|-damage|p2a: Weezing|0 fnt
|faint|p2a: Weezing
|-end|p2a: Weezing|ability: Neutralizing Gas
|-ability|p1a: Weavile|Pressure
|
|upkeep
|inactive|mrzed03 has 120 seconds left.
|
|t:|1779959511
|switch|p2a: Lokix|Lokix, F|100/100
|-damage|p2a: Lokix|88/100|[from] Spikes
|turn|46
|
|t:|1779959518
|move|p2a: Lokix|First Impression|p1a: Weavile
|-supereffective|p1a: Weavile
|-damage|p1a: Weavile|0 fnt
|faint|p1a: Weavile
|
|upkeep
|
|t:|1779959526
|switch|p1a: Alomomola|Alomomola, F|58/100 brn
|-damage|p1a: Alomomola|46/100 brn|[from] Stealth Rock
|turn|47
|
|t:|1779959533
|switch|p2a: Zamazenta|Zamazenta|100/100
|-damage|p2a: Zamazenta|88/100|[from] Spikes
|move|p1a: Alomomola|Wish|p1a: Alomomola
|
|-damage|p1a: Alomomola|40/100 brn|[from] brn
|upkeep
|turn|48
|
|t:|1779959542
|move|p1a: Alomomola|Protect|p1a: Alomomola
|-singleturn|p1a: Alomomola|Protect
|move|p2a: Zamazenta|Close Combat|p1a: Alomomola
|-activate|p1a: Alomomola|move: Protect
|
|-heal|p1a: Alomomola|90/100 brn|[from] move: Wish|[wisher] Alomomola
|-damage|p1a: Alomomola|84/100 brn|[from] brn
|upkeep
|turn|49
|
|t:|1779959563
|-terastallize|p1a: Alomomola|Fairy
|move|p2a: Zamazenta|Close Combat|p1a: Alomomola
|-resisted|p1a: Alomomola
|-damage|p1a: Alomomola|54/100 brn
|-unboost|p2a: Zamazenta|def|1
|-unboost|p2a: Zamazenta|spd|1
|move|p1a: Alomomola|Wish|p1a: Alomomola
|
|-damage|p1a: Alomomola|48/100 brn|[from] brn
|upkeep
|turn|50
|
|t:|1779959573
|move|p2a: Zamazenta|Close Combat|p1a: Alomomola
|-resisted|p1a: Alomomola
|-damage|p1a: Alomomola|16/100 brn
|-unboost|p2a: Zamazenta|def|1
|-unboost|p2a: Zamazenta|spd|1
|move|p1a: Alomomola|Acrobatics|p2a: Zamazenta
|-supereffective|p2a: Zamazenta
|-damage|p2a: Zamazenta|54/100
|
|-heal|p1a: Alomomola|66/100 brn|[from] move: Wish|[wisher] Alomomola
|-damage|p1a: Alomomola|60/100 brn|[from] brn
|upkeep
|turn|51
|
|t:|1779959592
|switch|p2a: Lokix|Lokix, F|88/100
|-damage|p2a: Lokix|76/100|[from] Spikes
|move|p1a: Alomomola|Wish|p1a: Alomomola
|
|-damage|p1a: Alomomola|54/100 brn|[from] brn
|upkeep
|turn|52
|
|t:|1779959599
|move|p1a: Alomomola|Protect|p1a: Alomomola
|-singleturn|p1a: Alomomola|Protect
|move|p2a: Lokix|Leech Life|p1a: Alomomola
|-activate|p1a: Alomomola|move: Protect
|
|-heal|p1a: Alomomola|100/100 brn|[from] move: Wish|[wisher] Alomomola
|-damage|p1a: Alomomola|94/100 brn|[from] brn
|upkeep
|turn|53
|
|t:|1779959608
|move|p2a: Lokix|Leech Life|p1a: Alomomola
|-resisted|p1a: Alomomola
|-damage|p1a: Alomomola|57/100 brn
|-heal|p2a: Lokix|100/100|[from] drain|[of] p1a: Alomomola
|move|p1a: Alomomola|Wish|p1a: Alomomola
|
|-damage|p1a: Alomomola|51/100 brn|[from] brn
|upkeep
|turn|54
|
|t:|1779959618
|move|p2a: Lokix|Leech Life|p1a: Alomomola
|-resisted|p1a: Alomomola
|-damage|p1a: Alomomola|18/100 brn
|move|p1a: Alomomola|Flip Turn|p2a: Lokix
|-damage|p2a: Lokix|88/100
|
|t:|1779959624
|switch|p1a: Skarmory|Skarmory, M|24/100|[from] Flip Turn
|-damage|p1a: Skarmory|12/100|[from] Stealth Rock
|
|-heal|p1a: Skarmory|83/100|[from] move: Wish|[wisher] Alomomola
|upkeep
|turn|55
|
|t:|1779959634
|switch|p2a: Tornadus|Tornadus-Therian, M|100/100
|move|p1a: Skarmory|Spikes|p2a: Tornadus
|-sidestart|p2: mrzed03|Spikes
|
|upkeep
|turn|56
|
|t:|1779959649
|switch|p1a: Great Tusk|Great Tusk|43/100
|move|p2a: Tornadus|Heat Wave|p1a: Great Tusk|[miss]
|-miss|p2a: Tornadus|p1a: Great Tusk
|
|upkeep
|turn|57
|
|t:|1779959657
|move|p2a: Tornadus|Bleakwind Storm|p1a: Great Tusk
|-supereffective|p1a: Great Tusk
|-damage|p1a: Great Tusk|0 fnt
|faint|p1a: Great Tusk
|-end|p1a: Great Tusk|Protosynthesis|[silent]
|
|upkeep
|
|t:|1779959662
|switch|p1a: Alomomola|Alomomola, F, tera:Fairy|51/100 brn
|-damage|p1a: Alomomola|39/100 brn|[from] Stealth Rock
|turn|58
|
|t:|1779959669
|switch|p1a: Zapdos|Zapdos-Galar|78/100
|-damage|p1a: Zapdos|66/100|[from] Stealth Rock
|move|p2a: Tornadus|Bleakwind Storm|p1a: Zapdos
|-supereffective|p1a: Zapdos
|-damage|p1a: Zapdos|0 fnt
|faint|p1a: Zapdos
|
|upkeep
|
|t:|1779959676
|switch|p1a: Alomomola|Alomomola, F, tera:Fairy|72/100 brn
|-damage|p1a: Alomomola|59/100 brn|[from] Stealth Rock
|turn|59
|
|t:|1779959690
|move|p2a: Tornadus|Knock Off|p1a: Alomomola
|-resisted|p1a: Alomomola
|-damage|p1a: Alomomola|55/100 brn
|move|p1a: Alomomola|Wish|p1a: Alomomola
|
|-damage|p1a: Alomomola|49/100 brn|[from] brn
|upkeep
|turn|60
|
|t:|1779959700
|move|p1a: Alomomola|Protect|p1a: Alomomola
|-singleturn|p1a: Alomomola|Protect
|move|p2a: Tornadus|Heat Wave|p1a: Alomomola
|-activate|p1a: Alomomola|move: Protect
|
|-heal|p1a: Alomomola|99/100 brn|[from] move: Wish|[wisher] Alomomola
|-damage|p1a: Alomomola|93/100 brn|[from] brn
|upkeep
|turn|61
|
|t:|1779959710
|move|p2a: Tornadus|Heat Wave|p1a: Alomomola
|-damage|p1a: Alomomola|73/100 brn
|move|p1a: Alomomola|Wish|p1a: Alomomola
|
|-damage|p1a: Alomomola|67/100 brn|[from] brn
|upkeep
|turn|62
|
|t:|1779959720
|move|p2a: Tornadus|Knock Off|p1a: Alomomola
|-resisted|p1a: Alomomola
|-damage|p1a: Alomomola|63/100 brn
|move|p1a: Alomomola|Acrobatics|p2a: Tornadus
|-damage|p2a: Tornadus|90/100
|
|-heal|p1a: Alomomola|100/100 brn|[from] move: Wish|[wisher] Alomomola
|-damage|p1a: Alomomola|94/100 brn|[from] brn
|upkeep
|turn|63
|
|t:|1779959735
|move|p2a: Tornadus|Bleakwind Storm|p1a: Alomomola
|-damage|p1a: Alomomola|64/100 brn
|move|p1a: Alomomola|Acrobatics|p2a: Tornadus
|-damage|p2a: Tornadus|80/100
|
|-damage|p1a: Alomomola|57/100 brn|[from] brn
|upkeep
|turn|64
|
|t:|1779959747
|move|p2a: Tornadus|Bleakwind Storm|p1a: Alomomola|[miss]
|-miss|p2a: Tornadus|p1a: Alomomola
|move|p1a: Alomomola|Wish|p1a: Alomomola
|
|-damage|p1a: Alomomola|51/100 brn|[from] brn
|upkeep
|turn|65
|
|t:|1779959761
|switch|p2a: Alomomola|Alomomola, M|91/100
|-damage|p2a: Alomomola|74/100|[from] Spikes
|move|p1a: Alomomola|Acrobatics|p2a: Alomomola
|-damage|p2a: Alomomola|68/100
|
|-heal|p1a: Alomomola|100/100 brn|[from] move: Wish|[wisher] Alomomola
|-damage|p1a: Alomomola|94/100 brn|[from] brn
|upkeep
|turn|66
|
|t:|1779959771
|move|p1a: Alomomola|Flip Turn|p2a: Alomomola
|-resisted|p2a: Alomomola
|-damage|p2a: Alomomola|66/100
|
|t:|1779959775
|switch|p1a: Skarmory|Skarmory, M|83/100|[from] Flip Turn
|-damage|p1a: Skarmory|70/100|[from] Stealth Rock
|move|p2a: Alomomola|Wish|p2a: Alomomola
|
|upkeep
|turn|67
|
|t:|1779959783
|move|p1a: Skarmory|Spikes|p2a: Alomomola
|-sidestart|p2: mrzed03|Spikes
|move|p2a: Alomomola|Flip Turn|p1a: Skarmory
|-damage|p1a: Skarmory|60/100
|-damage|p2a: Alomomola|49/100|[from] item: Rocky Helmet|[of] p1a: Skarmory
|
|t:|1779959789
|switch|p2a: Zamazenta|Zamazenta|54/100|[from] Flip Turn
|-damage|p2a: Zamazenta|29/100|[from] Spikes
|
|-heal|p2a: Zamazenta|100/100|[from] move: Wish|[wisher] Alomomola
|upkeep
|turn|68
|
|t:|1779959803
|move|p2a: Zamazenta|Stone Edge|p1a: Skarmory
|-damage|p1a: Skarmory|28/100
|move|p1a: Skarmory|Roost|p1a: Skarmory
|-heal|p1a: Skarmory|78/100
|-singleturn|p1a: Skarmory|move: Roost
|
|upkeep
|turn|69
|
|t:|1779959811
|move|p2a: Zamazenta|Stone Edge|p1a: Skarmory
|-damage|p1a: Skarmory|48/100
|move|p1a: Skarmory|Roost|p1a: Skarmory
|-heal|p1a: Skarmory|98/100
|-singleturn|p1a: Skarmory|move: Roost
|
|upkeep
|turn|70
|
|t:|1779959828
|move|p2a: Zamazenta|Stone Edge|p1a: Skarmory|[miss]
|-miss|p2a: Zamazenta|p1a: Skarmory
|move|p1a: Skarmory|Whirlwind|p2a: Zamazenta
|drag|p2a: Lokix|Lokix, F|88/100
|-damage|p2a: Lokix|63/100|[from] Spikes
|
|upkeep
|turn|71
|
|t:|1779959837
|move|p2a: Lokix|Leech Life|p1a: Skarmory
|-resisted|p1a: Skarmory
|-damage|p1a: Skarmory|83/100
|-heal|p2a: Lokix|72/100|[from] drain|[of] p1a: Skarmory
|-damage|p2a: Lokix|56/100|[from] item: Rocky Helmet|[of] p1a: Skarmory
|move|p1a: Skarmory|Brave Bird|p2a: Lokix
|-supereffective|p2a: Lokix
|-damage|p2a: Lokix|0 fnt
|faint|p2a: Lokix
|-damage|p1a: Skarmory|67/100|[from] Recoil
|
|upkeep
|
|t:|1779959848
|switch|p2a: Tornadus|Tornadus-Therian, M|100/100
|turn|72
|
|t:|1779959855
|switch|p1a: Alomomola|Alomomola, F, tera:Fairy|100/100 brn
|-damage|p1a: Alomomola|88/100 brn|[from] Stealth Rock
|move|p2a: Tornadus|Heat Wave|p1a: Alomomola
|-damage|p1a: Alomomola|68/100 brn
|
|-damage|p1a: Alomomola|62/100 brn|[from] brn
|upkeep
|turn|73
|
|t:|1779959872
|move|p2a: Tornadus|Heat Wave|p1a: Alomomola
|-damage|p1a: Alomomola|40/100 brn
|move|p1a: Alomomola|Wish|p1a: Alomomola
|
|-damage|p1a: Alomomola|34/100 brn|[from] brn
|upkeep
|turn|74
|
|t:|1779959879
|switch|p2a: Zamazenta|Zamazenta|100/100
|-damage|p2a: Zamazenta|76/100|[from] Spikes
|move|p1a: Alomomola|Protect||[still]
|-fail|p1a: Alomomola
|
|-heal|p1a: Alomomola|84/100 brn|[from] move: Wish|[wisher] Alomomola
|-damage|p1a: Alomomola|78/100 brn|[from] brn
|upkeep
|turn|75
|
|t:|1779959889
|move|p1a: Alomomola|Protect|p1a: Alomomola
|-singleturn|p1a: Alomomola|Protect
|move|p2a: Zamazenta|Heavy Slam|p1a: Alomomola
|-activate|p1a: Alomomola|move: Protect
|
|-damage|p1a: Alomomola|72/100 brn|[from] brn
|upkeep
|turn|76
|
|t:|1779959899
|switch|p2a: Alomomola|Alomomola, M|83/100
|-damage|p2a: Alomomola|58/100|[from] Spikes
|switch|p1a: Skarmory|Skarmory, M|67/100
|-damage|p1a: Skarmory|55/100|[from] Stealth Rock
|
|upkeep
|turn|77
|
|t:|1779959908
|move|p2a: Alomomola|Wish|p2a: Alomomola
|move|p1a: Skarmory|Whirlwind|p2a: Alomomola
|drag|p2a: Zamazenta|Zamazenta|76/100
|-damage|p2a: Zamazenta|51/100|[from] Spikes
|
|upkeep
|turn|78
|
|t:|1779959921
|switch|p1a: Alomomola|Alomomola, F, tera:Fairy|100/100 brn
|-damage|p1a: Alomomola|88/100 brn|[from] Stealth Rock
|move|p2a: Zamazenta|Close Combat|p1a: Alomomola
|-resisted|p1a: Alomomola
|-damage|p1a: Alomomola|59/100 brn
|-unboost|p2a: Zamazenta|def|1
|-unboost|p2a: Zamazenta|spd|1
|
|-heal|p2a: Zamazenta|100/100|[from] move: Wish|[wisher] Alomomola
|-damage|p1a: Alomomola|53/100 brn|[from] brn
|upkeep
|turn|79
|
|t:|1779959933
|move|p2a: Zamazenta|Close Combat|p1a: Alomomola
|-resisted|p1a: Alomomola
|-damage|p1a: Alomomola|25/100 brn
|-unboost|p2a: Zamazenta|def|1
|-unboost|p2a: Zamazenta|spd|1
|move|p1a: Alomomola|Wish|p1a: Alomomola
|
|-damage|p1a: Alomomola|19/100 brn|[from] brn
|upkeep
|turn|80
|
|t:|1779959944
|switch|p2a: Tornadus|Tornadus-Therian, M|100/100
|move|p1a: Alomomola|Protect||[still]
|-fail|p1a: Alomomola
|
|-heal|p1a: Alomomola|69/100 brn|[from] move: Wish|[wisher] Alomomola
|-damage|p1a: Alomomola|63/100 brn|[from] brn
|upkeep
|turn|81
|
|t:|1779959954
|move|p2a: Tornadus|Heat Wave|p1a: Alomomola
|-crit|p1a: Alomomola
|-damage|p1a: Alomomola|32/100 brn
|move|p1a: Alomomola|Wish|p1a: Alomomola
|
|-damage|p1a: Alomomola|26/100 brn|[from] brn
|upkeep
|turn|82
|
|t:|1779959963
|switch|p2a: Alomomola|Alomomola, M|91/100
|-damage|p2a: Alomomola|66/100|[from] Spikes
|move|p1a: Alomomola|Protect||[still]
|-fail|p1a: Alomomola
|
|-heal|p1a: Alomomola|76/100 brn|[from] move: Wish|[wisher] Alomomola
|-damage|p1a: Alomomola|70/100 brn|[from] brn
|upkeep
|turn|83
|-message|Mortifi forfeited.
|
|win|mrzed03
|raw|Mortifi's rating: 1696 &rarr; <strong>1666</strong><br />(-30 for losing)
|raw|mrzed03's rating: 1511 &rarr; <strong>1541</strong><br />(+30 for winning)
|l|☆Mortifi
|player|p1|
|l|☆mrzed03
|player|p2|
