|j|☆TristanPlaysPKMN
|j|☆ddrago2009
|t:|1779808053
|gametype|singles
|player|p1|TristanPlaysPKMN|firebreather|1279
|player|p2|ddrago2009|pokemaniac|1241
|gen|9
|tier|[Gen 9] OU
|rated|
|rule|HP Percentage Mod: HP is shown in percentages
|rule|Endless Battle Clause: Forcing endless battles is banned
|rule|Species Clause: Limit one of each Pokémon
|rule|OHKO Clause: OHKO moves are banned
|rule|Evasion Items Clause: Evasion items are banned
|rule|Evasion Moves Clause: Evasion moves are banned
|rule|Evasion Abilities Clause: Evasion abilities are banned
|rule|Sleep Moves Clause: Sleep-inducing moves are banned
|clearpoke
|poke|p1|Gogoat, M|
|poke|p1|Ceruledge, M|
|poke|p1|Raging Bolt|
|poke|p1|Great Tusk|
|poke|p1|Araquanid, M|
|poke|p1|Braviary-Hisui, M|
|poke|p2|Pawmot, F|
|poke|p2|Pelipper, F|
|poke|p2|Basculegion, M|
|poke|p2|Garganacl, F|
|poke|p2|Clodsire, F|
|poke|p2|Meowscarada, F|
|teampreview
|inactive|Battle timer is ON: inactive players will automatically lose when time's up. (requested by TristanPlaysPKMN)
|inactive|ddrago2009 also wants the timer to be on.
|
|t:|1779808068
|teamsize|p1|6
|teamsize|p2|6
|start
|switch|p1a: Plip|Araquanid, M, shiny|100/100
|switch|p2a: Pelipper|Pelipper, F|100/100
|-weather|RainDance|[from] ability: Drizzle|[of] p2a: Pelipper
|turn|1
|
|t:|1779808086
|move|p2a: Pelipper|Hurricane|p1a: Plip
|-supereffective|p1a: Plip
|-damage|p1a: Plip|45/100
|move|p1a: Plip|Sticky Web|p2a: Pelipper
|-sidestart|p2: ddrago2009|move: Sticky Web
|
|-weather|RainDance|[upkeep]
|upkeep
|turn|2
|
|t:|1779808091
|move|p1a: Plip|Endure|p1a: Plip
|-singleturn|p1a: Plip|move: Endure
|move|p2a: Pelipper|Hurricane|p1a: Plip
|-supereffective|p1a: Plip
|-activate|p1a: Plip|move: Endure
|-damage|p1a: Plip|1/100
|
|-weather|RainDance|[upkeep]
|upkeep
|turn|3
|-enditem|p1a: Plip|Custap Berry|[eat]
|-activate|p1a: Plip|item: Custap Berry|[consumed]
|
|t:|1779808098
|move|p1a: Plip|Endeavor|p2a: Pelipper
|-damage|p2a: Pelipper|1/100
|move|p2a: Pelipper|Hurricane|p1a: Plip
|-supereffective|p1a: Plip
|-damage|p1a: Plip|0 fnt
|faint|p1a: Plip
|
|-weather|RainDance|[upkeep]
|upkeep
|
|t:|1779808120
|switch|p1a: Tusky|Great Tusk, shiny|100/100
|turn|4
|
|t:|1779808124
|move|p1a: Tusky|Rapid Spin|p2a: Pelipper
|-damage|p2a: Pelipper|0 fnt
|-boost|p1a: Tusky|spe|1
|faint|p2a: Pelipper
|
|-weather|RainDance|[upkeep]
|upkeep
|
|t:|1779808128
|switch|p2a: Garganacl|Garganacl, F|100/100
|-activate|p2a: Garganacl|move: Sticky Web
|-unboost|p2a: Garganacl|spe|1
|turn|5
|
|t:|1779808137
|move|p1a: Tusky|Stealth Rock|p2a: Garganacl
|-sidestart|p2: ddrago2009|move: Stealth Rock
|move|p2a: Garganacl|Iron Defense|p2a: Garganacl
|-boost|p2a: Garganacl|def|2
|
|-weather|RainDance|[upkeep]
|upkeep
|turn|6
|
|t:|1779808145
|-end|p1a: Tusky|Protosynthesis|[silent]
|switch|p1a: TargetOfAffection|Raging Bolt|100/100
|-enditem|p1a: TargetOfAffection|Booster Energy
|-activate|p1a: TargetOfAffection|ability: Protosynthesis|[fromitem]
|-start|p1a: TargetOfAffection|protosynthesisspa
|move|p2a: Garganacl|Salt Cure|p1a: TargetOfAffection
|-damage|p1a: TargetOfAffection|88/100
|-start|p1a: TargetOfAffection|Salt Cure
|
|-weather|RainDance|[upkeep]
|-damage|p1a: TargetOfAffection|76/100|[from] Salt Cure
|upkeep
|turn|7
|
|t:|1779808157
|switch|p2a: Clodsire|Clodsire, F, shiny|100/100
|-activate|p2a: Clodsire|move: Sticky Web
|-unboost|p2a: Clodsire|spe|1
|-damage|p2a: Clodsire|94/100|[from] Stealth Rock
|move|p1a: TargetOfAffection|Draco Meteor|p2a: Clodsire
|-damage|p2a: Clodsire|38/100
|-unboost|p1a: TargetOfAffection|spa|2
|
|-weather|RainDance|[upkeep]
|-heal|p2a: Clodsire|44/100|[from] item: Black Sludge
|-damage|p1a: TargetOfAffection|64/100|[from] Salt Cure
|upkeep
|turn|8
|
|t:|1779808165
|move|p1a: TargetOfAffection|Draco Meteor|p2a: Clodsire
|-damage|p2a: Clodsire|19/100
|-unboost|p1a: TargetOfAffection|spa|2
|move|p2a: Clodsire|Recover|p2a: Clodsire
|-heal|p2a: Clodsire|69/100
|
|-weather|none
|-heal|p2a: Clodsire|76/100|[from] item: Black Sludge
|-damage|p1a: TargetOfAffection|51/100|[from] Salt Cure
|upkeep
|turn|9
|
|t:|1779808175
|-end|p1a: TargetOfAffection|Protosynthesis|[silent]
|switch|p1a: Espiary|Braviary-Hisui, M, shiny|100/100
|move|p2a: Clodsire|Toxic|p1a: Espiary
|-status|p1a: Espiary|tox
|
|-heal|p2a: Clodsire|82/100|[from] item: Black Sludge
|-damage|p1a: Espiary|94/100 tox|[from] psn
|upkeep
|turn|10
|
|t:|1779808192
|switch|p2a: Garganacl|Garganacl, F|100/100
|-activate|p2a: Garganacl|move: Sticky Web
|-unboost|p2a: Garganacl|spe|1
|-damage|p2a: Garganacl|88/100|[from] Stealth Rock
|move|p1a: Espiary|Calm Mind|p1a: Espiary
|-boost|p1a: Espiary|spa|1
|-boost|p1a: Espiary|spd|1
|
|-heal|p1a: Espiary|100/100 tox|[from] item: Leftovers
|-heal|p2a: Garganacl|94/100|[from] item: Leftovers
|-damage|p1a: Espiary|88/100 tox|[from] psn
|upkeep
|turn|11
|
|t:|1779808202
|-terastallize|p1a: Espiary|Fairy
|move|p1a: Espiary|Esper Wing|p2a: Garganacl
|-damage|p2a: Garganacl|36/100
|-boost|p1a: Espiary|spe|1
|move|p2a: Garganacl|Iron Defense|p2a: Garganacl
|-boost|p2a: Garganacl|def|2
|
|-heal|p1a: Espiary|94/100 tox|[from] item: Leftovers
|-heal|p2a: Garganacl|43/100|[from] item: Leftovers
|-damage|p1a: Espiary|76/100 tox|[from] psn
|upkeep
|turn|12
|
|t:|1779808210
|switch|p2a: Pawmot|Pawmot, F, shiny|100/100
|-activate|p2a: Pawmot|move: Sticky Web
|-unboost|p2a: Pawmot|spe|1
|-damage|p2a: Pawmot|94/100|[from] Stealth Rock
|move|p1a: Espiary|Esper Wing|p2a: Pawmot
|-supereffective|p2a: Pawmot
|-crit|p2a: Pawmot
|-damage|p2a: Pawmot|0 fnt
|-boost|p1a: Espiary|spe|1
|faint|p2a: Pawmot
|
|-heal|p1a: Espiary|82/100 tox|[from] item: Leftovers
|-damage|p1a: Espiary|58/100 tox|[from] psn
|upkeep
|
|t:|1779808223
|switch|p2a: Clodsire|Clodsire, F, shiny|82/100
|-activate|p2a: Clodsire|move: Sticky Web
|-unboost|p2a: Clodsire|spe|1
|-damage|p2a: Clodsire|76/100|[from] Stealth Rock
|turn|13
|
|t:|1779808228
|move|p1a: Espiary|Esper Wing|p2a: Clodsire
|-supereffective|p2a: Clodsire
|-damage|p2a: Clodsire|13/100
|-boost|p1a: Espiary|spe|1
|move|p2a: Clodsire|Haze|p2a: Clodsire
|-clearallboost
|
|-heal|p1a: Espiary|64/100 tox|[from] item: Leftovers
|-heal|p2a: Clodsire|19/100|[from] item: Black Sludge
|-damage|p1a: Espiary|33/100 tox|[from] psn
|upkeep
|turn|14
|
|t:|1779808232
|move|p1a: Espiary|Esper Wing|p2a: Clodsire
|-supereffective|p2a: Clodsire
|-damage|p2a: Clodsire|0 fnt
|-boost|p1a: Espiary|spe|1
|faint|p2a: Clodsire
|
|-heal|p1a: Espiary|40/100 tox|[from] item: Leftovers
|-damage|p1a: Espiary|3/100 tox|[from] psn
|upkeep
|
|t:|1779808239
|switch|p2a: Basculegion|Basculegion, M|100/100
|-activate|p2a: Basculegion|move: Sticky Web
|-unboost|p2a: Basculegion|spe|1
|-damage|p2a: Basculegion|88/100|[from] Stealth Rock
|turn|15
|
|t:|1779808243
|move|p2a: Basculegion|Aqua Jet|p1a: Espiary
|-damage|p1a: Espiary|0 fnt
|faint|p1a: Espiary
|
|upkeep
|
|t:|1779808248
|switch|p1a: Swordsman|Ceruledge, M, shiny|100/100
|turn|16
|
|t:|1779808256
|-terastallize|p2a: Basculegion|Water
|move|p1a: Swordsman|Shadow Sneak|p2a: Basculegion
|-damage|p2a: Basculegion|67/100
|move|p2a: Basculegion|Aqua Jet|p1a: Swordsman
|-supereffective|p1a: Swordsman
|-damage|p1a: Swordsman|14/100
|-ability|p1a: Swordsman|Weak Armor|boost
|-unboost|p1a: Swordsman|def|1
|-boost|p1a: Swordsman|spe|2
|-enditem|p1a: Swordsman|Weakness Policy
|-boost|p1a: Swordsman|atk|2|[from] item: Weakness Policy
|-boost|p1a: Swordsman|spa|2|[from] item: Weakness Policy
|
|upkeep
|turn|17
|
|t:|1779808264
|move|p1a: Swordsman|Shadow Sneak|p2a: Basculegion
|-damage|p2a: Basculegion|20/100
|move|p2a: Basculegion|Aqua Jet|p1a: Swordsman
|-supereffective|p1a: Swordsman
|-damage|p1a: Swordsman|0 fnt
|faint|p1a: Swordsman
|
|upkeep
|
|t:|1779808267
|switch|p1a: THE GOAT|Gogoat, M, shiny|100/100
|turn|18
|
|t:|1779808273
|move|p1a: THE GOAT|Horn Leech|p2a: Basculegion
|-supereffective|p2a: Basculegion
|-damage|p2a: Basculegion|0 fnt
|faint|p2a: Basculegion
|
|upkeep
|
|t:|1779808276
|switch|p2a: Garganacl|Garganacl, F|43/100
|-activate|p2a: Garganacl|move: Sticky Web
|-unboost|p2a: Garganacl|spe|1
|-damage|p2a: Garganacl|30/100|[from] Stealth Rock
|turn|19
|
|t:|1779808279
|move|p1a: THE GOAT|Bulk Up|p1a: THE GOAT
|-boost|p1a: THE GOAT|atk|1
|-boost|p1a: THE GOAT|def|1
|move|p2a: Garganacl|Recover|p2a: Garganacl
|-heal|p2a: Garganacl|80/100
|
|-heal|p2a: Garganacl|86/100|[from] item: Leftovers
|upkeep
|turn|20
|
|t:|1779808282
|move|p1a: THE GOAT|Horn Leech|p2a: Garganacl
|-supereffective|p2a: Garganacl
|-damage|p2a: Garganacl|40/100
|move|p2a: Garganacl|Iron Defense|p2a: Garganacl
|-boost|p2a: Garganacl|def|2
|
|-heal|p2a: Garganacl|46/100|[from] item: Leftovers
|upkeep
|turn|21
|
|t:|1779808287
|move|p1a: THE GOAT|Horn Leech|p2a: Garganacl
|-supereffective|p2a: Garganacl
|-damage|p2a: Garganacl|24/100
|move|p2a: Garganacl|Recover|p2a: Garganacl
|-heal|p2a: Garganacl|74/100
|
|-heal|p2a: Garganacl|80/100|[from] item: Leftovers
|upkeep
|turn|22
|
|t:|1779808290
|move|p1a: THE GOAT|Bulk Up|p1a: THE GOAT
|-boost|p1a: THE GOAT|atk|1
|-boost|p1a: THE GOAT|def|1
|move|p2a: Garganacl|Iron Defense|p2a: Garganacl
|-boost|p2a: Garganacl|def|2
|
|-heal|p2a: Garganacl|86/100|[from] item: Leftovers
|upkeep
|turn|23
|
|t:|1779808296
|move|p1a: THE GOAT|Bulk Up|p1a: THE GOAT
|-boost|p1a: THE GOAT|atk|1
|-boost|p1a: THE GOAT|def|1
|move|p2a: Garganacl|Body Press|p1a: THE GOAT
|-damage|p1a: THE GOAT|62/100
|
|-heal|p1a: THE GOAT|68/100|[from] item: Leftovers
|-heal|p2a: Garganacl|92/100|[from] item: Leftovers
|upkeep
|turn|24
|
|t:|1779808303
|move|p1a: THE GOAT|Bulk Up|p1a: THE GOAT
|-boost|p1a: THE GOAT|atk|1
|-boost|p1a: THE GOAT|def|1
|move|p2a: Garganacl|Salt Cure|p1a: THE GOAT
|-damage|p1a: THE GOAT|64/100
|-start|p1a: THE GOAT|Salt Cure
|
|-heal|p1a: THE GOAT|70/100|[from] item: Leftovers
|-heal|p2a: Garganacl|99/100|[from] item: Leftovers
|-damage|p1a: THE GOAT|57/100|[from] Salt Cure
|upkeep
|turn|25
|
|t:|1779808308
|move|p1a: THE GOAT|Bulk Up|p1a: THE GOAT
|-boost|p1a: THE GOAT|atk|1
|-boost|p1a: THE GOAT|def|1
|move|p2a: Garganacl|Iron Defense|p2a: Garganacl
|-boost|p2a: Garganacl|def|2
|
|-heal|p1a: THE GOAT|64/100|[from] item: Leftovers
|-heal|p2a: Garganacl|100/100|[from] item: Leftovers
|-damage|p1a: THE GOAT|51/100|[from] Salt Cure
|upkeep
|turn|26
|
|t:|1779808311
|move|p1a: THE GOAT|Bulk Up|p1a: THE GOAT
|-boost|p1a: THE GOAT|atk|1
|-boost|p1a: THE GOAT|def|1
|move|p2a: Garganacl|Body Press|p1a: THE GOAT
|-damage|p1a: THE GOAT|16/100
|
|-heal|p1a: THE GOAT|22/100|[from] item: Leftovers
|-damage|p1a: THE GOAT|10/100|[from] Salt Cure
|upkeep
|turn|27
|
|t:|1779808314
|move|p1a: THE GOAT|Milk Drink|p1a: THE GOAT
|-heal|p1a: THE GOAT|60/100
|move|p2a: Garganacl|Recover||[still]
|-fail|p2a: Garganacl|heal
|
|-heal|p1a: THE GOAT|66/100|[from] item: Leftovers
|-damage|p1a: THE GOAT|54/100|[from] Salt Cure
|upkeep
|turn|28
|
|t:|1779808317
|move|p1a: THE GOAT|Milk Drink|p1a: THE GOAT
|-heal|p1a: THE GOAT|100/100
|move|p2a: Garganacl|Body Press|p1a: THE GOAT
|-damage|p1a: THE GOAT|68/100
|
|-heal|p1a: THE GOAT|74/100|[from] item: Leftovers
|-damage|p1a: THE GOAT|61/100|[from] Salt Cure
|upkeep
|turn|29
|
|t:|1779808322
|move|p1a: THE GOAT|Horn Leech|p2a: Garganacl
|-supereffective|p2a: Garganacl
|-damage|p2a: Garganacl|70/100
|-heal|p1a: THE GOAT|75/100|[from] drain|[of] p2a: Garganacl
|move|p2a: Garganacl|Body Press|p1a: THE GOAT
|-damage|p1a: THE GOAT|42/100
|
|-heal|p1a: THE GOAT|48/100|[from] item: Leftovers
|-heal|p2a: Garganacl|76/100|[from] item: Leftovers
|-damage|p1a: THE GOAT|36/100|[from] Salt Cure
|upkeep
|turn|30
|
|t:|1779808329
|move|p1a: THE GOAT|Horn Leech|p2a: Garganacl
|-supereffective|p2a: Garganacl
|-damage|p2a: Garganacl|48/100
|-heal|p1a: THE GOAT|48/100|[from] drain|[of] p2a: Garganacl
|move|p2a: Garganacl|Body Press|p1a: THE GOAT
|-damage|p1a: THE GOAT|13/100
|
|-heal|p1a: THE GOAT|19/100|[from] item: Leftovers
|-heal|p2a: Garganacl|54/100|[from] item: Leftovers
|-damage|p1a: THE GOAT|7/100|[from] Salt Cure
|upkeep
|turn|31
|
|t:|1779808333
|move|p1a: THE GOAT|Earthquake|p2a: Garganacl
|-supereffective|p2a: Garganacl
|-damage|p2a: Garganacl|30/100
|move|p2a: Garganacl|Body Press|p1a: THE GOAT
|-damage|p1a: THE GOAT|0 fnt
|faint|p1a: THE GOAT
|
|-heal|p2a: Garganacl|36/100|[from] item: Leftovers
|upkeep
|
|t:|1779808337
|switch|p1a: TargetOfAffection|Raging Bolt|51/100
|turn|32
|
|t:|1779808341
|move|p1a: TargetOfAffection|Thunderbolt|p2a: Garganacl
|-damage|p2a: Garganacl|0 fnt
|faint|p2a: Garganacl
|
|upkeep
|
|t:|1779808344
|switch|p2a: Meowscarada|Meowscarada, F|100/100
|-activate|p2a: Meowscarada|move: Sticky Web
|-unboost|p2a: Meowscarada|spe|1
|-damage|p2a: Meowscarada|88/100|[from] Stealth Rock
|turn|33
|
|t:|1779808347
|move|p2a: Meowscarada|Triple Axel|p1a: TargetOfAffection
|-start|p2a: Meowscarada|typechange|Ice|[from] ability: Protean
|-supereffective|p1a: TargetOfAffection
|-damage|p1a: TargetOfAffection|33/100
|-supereffective|p1a: TargetOfAffection
|-damage|p1a: TargetOfAffection|0 fnt
|faint|p1a: TargetOfAffection
|-end|p1a: TargetOfAffection|Protosynthesis|[silent]
|-hitcount|p1: TargetOfAffection|2
|
|-heal|p2a: Meowscarada|94/100|[from] item: Leftovers
|upkeep
|
|t:|1779808353
|switch|p1a: Tusky|Great Tusk, shiny|100/100
|turn|34
|
|t:|1779808357
|move|p1a: Tusky|Headlong Rush|p2a: Meowscarada
|-damage|p2a: Meowscarada|13/100
|-unboost|p1a: Tusky|def|1
|-unboost|p1a: Tusky|spd|1
|move|p2a: Meowscarada|Triple Axel|p1a: Tusky
|-supereffective|p1a: Tusky
|-damage|p1a: Tusky|83/100
|-damage|p2a: Meowscarada|0 fnt|[from] item: Rocky Helmet|[of] p1a: Tusky
|faint|p2a: Meowscarada
|
|win|TristanPlaysPKMN
|-hitcount|p1a: Tusky|1
|raw|TristanPlaysPKMN's rating: 1279 &rarr; <strong>1301</strong><br />(+22 for winning)
|raw|ddrago2009's rating: 1241 &rarr; <strong>1219</strong><br />(-22 for losing)
|l|☆TristanPlaysPKMN
|player|p1|
|c|☆ddrago2009|Gg
|l|☆ddrago2009
|player|p2|
