|j|☆manaphy michael
|j|☆TheManOfSausage
|t:|1779878917
|gametype|singles
|player|p1|manaphy michael|biker-gen4|1413
|player|p2|TheManOfSausage|miku-water|1433
|gen|9
|tier|[Gen 9] OU
|rated|
|rule|HP Percentage Mod: HP is shown in percentages
|rule|Endless Battle Clause: Forcing endless battles is banned
|rule|Species Clause: Limit one of each Pokémon
|rule|OHKO Clause: OHKO moves are banned
|rule|Evasion Items Clause: Evasion items are banned
|rule|Evasion Moves Clause: Evasion moves are banned
|rule|Evasion Abilities Clause: Evasion abilities are banned
|rule|Sleep Moves Clause: Sleep-inducing moves are banned
|clearpoke
|poke|p1|Iron Hands|
|poke|p1|Goodra-Hisui, M|
|poke|p1|Gastrodon, F|
|poke|p1|Arcanine, M|
|poke|p1|Sylveon, F|
|poke|p1|Komala, M|
|poke|p2|Tyranitar, M|
|poke|p2|Excadrill, M|
|poke|p2|Ogerpon-Wellspring, F|
|poke|p2|Corviknight, F|
|poke|p2|Zapdos|
|poke|p2|Zamazenta-*|
|teampreview
|inactive|Battle timer is ON: inactive players will automatically lose when time's up. (requested by manaphy michael)
|
|t:|1779878929
|teamsize|p1|6
|teamsize|p2|6
|start
|switch|p1a: PUNCHIN' PETE|Iron Hands|100/100
|switch|p2a: Tyranitar|Tyranitar, M|100/100
|-weather|Sandstorm|[from] ability: Sand Stream|[of] p2a: Tyranitar
|turn|1
|
|t:|1779878934
|switch|p2a: Zapdos|Zapdos|100/100
|move|p1a: PUNCHIN' PETE|Drain Punch|p2a: Zapdos
|-resisted|p2a: Zapdos
|-damage|p2a: Zapdos|87/100
|
|-weather|Sandstorm|[upkeep]
|-damage|p2a: Zapdos|81/100|[from] Sandstorm
|-damage|p1a: PUNCHIN' PETE|94/100|[from] Sandstorm
|-heal|p1a: PUNCHIN' PETE|100/100|[from] item: Leftovers
|upkeep
|turn|2
|
|t:|1779878939
|move|p2a: Zapdos|Hurricane|p1a: PUNCHIN' PETE|[miss]
|-miss|p2a: Zapdos|p1a: PUNCHIN' PETE
|move|p1a: PUNCHIN' PETE|Ice Punch|p2a: Zapdos
|-supereffective|p2a: Zapdos
|-damage|p2a: Zapdos|51/100
|
|-weather|Sandstorm|[upkeep]
|-damage|p2a: Zapdos|45/100|[from] Sandstorm
|-damage|p1a: PUNCHIN' PETE|94/100|[from] Sandstorm
|-heal|p1a: PUNCHIN' PETE|100/100|[from] item: Leftovers
|upkeep
|turn|3
|
|t:|1779878942
|move|p2a: Zapdos|Roost|p2a: Zapdos
|-heal|p2a: Zapdos|95/100
|-singleturn|p2a: Zapdos|move: Roost
|move|p1a: PUNCHIN' PETE|Swords Dance|p1a: PUNCHIN' PETE
|-boost|p1a: PUNCHIN' PETE|atk|2
|
|-weather|Sandstorm|[upkeep]
|-damage|p2a: Zapdos|89/100|[from] Sandstorm
|-damage|p1a: PUNCHIN' PETE|94/100|[from] Sandstorm
|-heal|p1a: PUNCHIN' PETE|100/100|[from] item: Leftovers
|upkeep
|turn|4
|
|t:|1779878944
|move|p2a: Zapdos|Hurricane|p1a: PUNCHIN' PETE
|-damage|p1a: PUNCHIN' PETE|57/100
|move|p1a: PUNCHIN' PETE|Ice Punch|p2a: Zapdos
|-supereffective|p2a: Zapdos
|-damage|p2a: Zapdos|27/100
|
|-weather|Sandstorm|[upkeep]
|-damage|p2a: Zapdos|21/100|[from] Sandstorm
|-damage|p1a: PUNCHIN' PETE|51/100|[from] Sandstorm
|-heal|p1a: PUNCHIN' PETE|57/100|[from] item: Leftovers
|upkeep
|turn|5
|
|t:|1779878949
|move|p2a: Zapdos|Roost|p2a: Zapdos
|-heal|p2a: Zapdos|71/100
|-singleturn|p2a: Zapdos|move: Roost
|move|p1a: PUNCHIN' PETE|Drain Punch|p2a: Zapdos
|-damage|p2a: Zapdos|20/100
|-heal|p1a: PUNCHIN' PETE|76/100|[from] drain|[of] p2a: Zapdos
|
|-weather|Sandstorm|[upkeep]
|-damage|p2a: Zapdos|14/100|[from] Sandstorm
|-damage|p1a: PUNCHIN' PETE|70/100|[from] Sandstorm
|-heal|p1a: PUNCHIN' PETE|76/100|[from] item: Leftovers
|upkeep
|turn|6
|
|t:|1779878952
|move|p2a: Zapdos|Hurricane|p1a: PUNCHIN' PETE
|-damage|p1a: PUNCHIN' PETE|34/100
|-start|p1a: PUNCHIN' PETE|confusion
|-activate|p1a: PUNCHIN' PETE|confusion
|move|p1a: PUNCHIN' PETE|Drain Punch|p2a: Zapdos
|-resisted|p2a: Zapdos
|-damage|p2a: Zapdos|0 fnt
|-heal|p1a: PUNCHIN' PETE|40/100|[from] drain|[of] p2a: Zapdos
|faint|p2a: Zapdos
|
|-weather|Sandstorm|[upkeep]
|-damage|p1a: PUNCHIN' PETE|33/100|[from] Sandstorm
|-heal|p1a: PUNCHIN' PETE|40/100|[from] item: Leftovers
|upkeep
|
|t:|1779878957
|switch|p2a: Excadrill|Excadrill, M|100/100
|turn|7
|
|t:|1779878959
|-terastallize|p1a: PUNCHIN' PETE|Fighting
|move|p2a: Excadrill|Earthquake|p1a: PUNCHIN' PETE
|-damage|p1a: PUNCHIN' PETE|7/100
|-activate|p1a: PUNCHIN' PETE|confusion
|move|p1a: PUNCHIN' PETE|Drain Punch|p2a: Excadrill
|-supereffective|p2a: Excadrill
|-damage|p2a: Excadrill|0 fnt
|-heal|p1a: PUNCHIN' PETE|42/100|[from] drain|[of] p2a: Excadrill
|faint|p2a: Excadrill
|
|-weather|Sandstorm|[upkeep]
|-damage|p1a: PUNCHIN' PETE|36/100|[from] Sandstorm
|-heal|p1a: PUNCHIN' PETE|42/100|[from] item: Leftovers
|upkeep
|
|t:|1779878964
|switch|p2a: Corviknight|Corviknight, F|100/100
|-ability|p2a: Corviknight|Pressure
|turn|8
|
|t:|1779878966
|move|p2a: Corviknight|Brave Bird|p1a: PUNCHIN' PETE
|-supereffective|p1a: PUNCHIN' PETE
|-damage|p1a: PUNCHIN' PETE|9/100
|-damage|p2a: Corviknight|86/100|[from] Recoil
|-activate|p1a: PUNCHIN' PETE|confusion
|move|p1a: PUNCHIN' PETE|Drain Punch|p2a: Corviknight
|-damage|p2a: Corviknight|34/100
|-heal|p1a: PUNCHIN' PETE|29/100|[from] drain|[of] p2a: Corviknight
|-damage|p1a: PUNCHIN' PETE|12/100|[from] item: Rocky Helmet|[of] p2a: Corviknight
|
|-weather|none
|-heal|p1a: PUNCHIN' PETE|19/100|[from] item: Leftovers
|upkeep
|turn|9
|-message|TheManOfSausage forfeited.
|
|win|manaphy michael
|raw|manaphy michael's rating: 1413 &rarr; <strong>1434</strong><br />(+21 for winning)
|raw|TheManOfSausage's rating: 1433 &rarr; <strong>1412</strong><br />(-21 for losing)
|l|☆TheManOfSausage
|player|p2|
