|j|☆claudechamp
|j|☆abe_hanabi
|t:|1779904377
|gametype|singles
|player|p1|claudechamp|169|1318
|player|p2|abe_hanabi|170|1312
|gen|9
|tier|[Gen 9] OU
|rated|
|rule|HP Percentage Mod: HP is shown in percentages
|rule|Endless Battle Clause: Forcing endless battles is banned
|rule|Species Clause: Limit one of each Pokémon
|rule|OHKO Clause: OHKO moves are banned
|rule|Evasion Items Clause: Evasion items are banned
|rule|Evasion Moves Clause: Evasion moves are banned
|rule|Evasion Abilities Clause: Evasion abilities are banned
|rule|Sleep Moves Clause: Sleep-inducing moves are banned
|clearpoke
|poke|p1|Gliscor, M|
|poke|p1|Ogerpon, F|
|poke|p1|Walking Wake|
|poke|p1|Blissey, F|
|poke|p1|Corviknight, M|
|poke|p1|Pecharunt|
|poke|p2|Glimmora, F|
|poke|p2|Zamazenta-*|
|poke|p2|Zapdos|
|poke|p2|Kingambit, M|
|poke|p2|Primarina, F|
|poke|p2|Ogerpon-Wellspring, F|
|teampreview
|c|☆claudechamp|hf
|inactive|Battle timer is ON: inactive players will automatically lose when time's up. (requested by claudechamp)
|
|t:|1779904391
|teamsize|p1|6
|teamsize|p2|6
|start
|switch|p1a: Gliscor|Gliscor, M|100/100
|switch|p2a: Glimmora|Glimmora, F|100/100
|turn|1
|
|t:|1779904404
|move|p2a: Glimmora|Stealth Rock|p1a: Gliscor
|-sidestart|p1: claudechamp|move: Stealth Rock
|move|p1a: Gliscor|Spikes|p2a: Glimmora
|-sidestart|p2: abe_hanabi|Spikes
|
|-status|p1a: Gliscor|tox|[from] item: Toxic Orb
|upkeep
|turn|2
|
|t:|1779904409
|move|p2a: Glimmora|Energy Ball|p1a: Gliscor
|-damage|p1a: Gliscor|76/100 tox
|-unboost|p1a: Gliscor|spd|1
|move|p1a: Gliscor|Spikes|p2a: Glimmora
|-sidestart|p2: abe_hanabi|Spikes
|
|-heal|p1a: Gliscor|89/100 tox|[from] ability: Poison Heal
|upkeep
|turn|3
|
|t:|1779904413
|move|p2a: Glimmora|Energy Ball|p1a: Gliscor
|-damage|p1a: Gliscor|49/100 tox
|move|p1a: Gliscor|Spikes|p2a: Glimmora
|-sidestart|p2: abe_hanabi|Spikes
|
|-heal|p1a: Gliscor|62/100 tox|[from] ability: Poison Heal
|upkeep
|turn|4
|
|t:|1779904417
|move|p2a: Glimmora|Energy Ball|p1a: Gliscor
|-damage|p1a: Gliscor|23/100 tox
|move|p1a: Gliscor|Earthquake|p2a: Glimmora
|-supereffective|p2a: Glimmora
|-enditem|p2a: Glimmora|Focus Sash
|-damage|p2a: Glimmora|1/100
|-activate|p2a: Glimmora|ability: Toxic Debris
|-sidestart|p1: claudechamp|move: Toxic Spikes
|
|-heal|p1a: Gliscor|35/100 tox|[from] ability: Poison Heal
|upkeep
|turn|5
|
|t:|1779904421
|switch|p1a: Corviknight|Corviknight, M|100/100
|-ability|p1a: Corviknight|Pressure
|move|p2a: Glimmora|Energy Ball|p1a: Corviknight
|-resisted|p1a: Corviknight
|-damage|p1a: Corviknight|93/100
|
|upkeep
|turn|6
|
|t:|1779904433
|switch|p2a: Zapdos|Zapdos|100/100
|move|p1a: Corviknight|U-turn|p2a: Zapdos
|-resisted|p2a: Zapdos
|-crit|p2a: Zapdos
|-damage|p2a: Zapdos|93/100
|-status|p1a: Corviknight|par|[from] ability: Static|[of] p2a: Zapdos
|
|t:|1779904444
|switch|p1a: Ogerpon|Ogerpon, F|100/100|[from] U-turn
|
|upkeep
|turn|7
|
|t:|1779904458
|switch|p1a: Blissey|Blissey, F|100/100
|move|p2a: Zapdos|Hurricane|p1a: Blissey
|-damage|p1a: Blissey|86/100
|-start|p1a: Blissey|confusion
|
|upkeep
|turn|8
|
|t:|1779904471
|switch|p2a: Glimmora|Glimmora, F|1/100
|-damage|p2a: Glimmora|0 fnt|[from] Spikes
|faint|p2a: Glimmora
|-activate|p1a: Blissey|confusion
|move|p1a: Blissey|Stealth Rock|p2: Glimmora
|-sidestart|p2: abe_hanabi|move: Stealth Rock
|
|upkeep
|
|t:|1779904486
|switch|p2a: Zamazenta|Zamazenta|100/100
|-damage|p2a: Zamazenta|76/100|[from] Spikes
|-damage|p2a: Zamazenta|69/100|[from] Stealth Rock
|-ability|p2a: Zamazenta|Dauntless Shield|boost
|-boost|p2a: Zamazenta|def|1
|turn|9
|
|t:|1779904491
|move|p2a: Zamazenta|Iron Defense|p2a: Zamazenta
|-boost|p2a: Zamazenta|def|2
|-activate|p1a: Blissey|confusion
|move|p1a: Blissey|Seismic Toss|p2a: Zamazenta
|-damage|p2a: Zamazenta|39/100
|
|-heal|p2a: Zamazenta|45/100|[from] item: Leftovers
|upkeep
|turn|10
|
|t:|1779904498
|move|p2a: Zamazenta|Body Press|p1a: Blissey
|-supereffective|p1a: Blissey
|-damage|p1a: Blissey|0 fnt
|faint|p1a: Blissey
|
|-heal|p2a: Zamazenta|51/100|[from] item: Leftovers
|upkeep
|
|t:|1779904510
|switch|p1a: Pecharunt|Pecharunt|100/100
|-sideend|p1: claudechamp|move: Toxic Spikes|[of] p1a: Pecharunt
|turn|11
|
|t:|1779904519
|-terastallize|p2a: Zamazenta|Steel
|move|p2a: Zamazenta|Iron Defense|p2a: Zamazenta
|-boost|p2a: Zamazenta|def|2
|move|p1a: Pecharunt|Malignant Chain|p2a: Zamazenta
|-immune|p2a: Zamazenta
|
|-heal|p2a: Zamazenta|57/100|[from] item: Leftovers
|upkeep
|turn|12
|
|t:|1779904526
|move|p2a: Zamazenta|Psychic Fangs|p1a: Pecharunt
|-supereffective|p1a: Pecharunt
|-damage|p1a: Pecharunt|79/100
|move|p1a: Pecharunt|Parting Shot|p2a: Zamazenta
|-unboost|p2a: Zamazenta|atk|1
|-unboost|p2a: Zamazenta|spa|1
|
|t:|1779904528
|switch|p1a: Walking Wake|Walking Wake|100/100|[from] Parting Shot
|
|-heal|p2a: Zamazenta|63/100|[from] item: Leftovers
|upkeep
|turn|13
|
|t:|1779904531
|move|p2a: Zamazenta|Body Press|p1a: Walking Wake
|-damage|p1a: Walking Wake|0 fnt
|faint|p1a: Walking Wake
|-end|p1a: Walking Wake|Protosynthesis|[silent]
|
|-heal|p2a: Zamazenta|69/100|[from] item: Leftovers
|upkeep
|
|t:|1779904536
|switch|p1a: Pecharunt|Pecharunt|79/100
|turn|14
|
|t:|1779904540
|move|p2a: Zamazenta|Psychic Fangs|p1a: Pecharunt
|-supereffective|p1a: Pecharunt
|-damage|p1a: Pecharunt|66/100
|move|p1a: Pecharunt|Foul Play|p2a: Zamazenta
|-damage|p2a: Zamazenta|64/100
|
|-heal|p2a: Zamazenta|71/100|[from] item: Leftovers
|upkeep
|turn|15
|
|t:|1779904545
|move|p2a: Zamazenta|Psychic Fangs|p1a: Pecharunt
|-supereffective|p1a: Pecharunt
|-damage|p1a: Pecharunt|53/100
|move|p1a: Pecharunt|Recover|p1a: Pecharunt
|-heal|p1a: Pecharunt|100/100
|
|-heal|p2a: Zamazenta|77/100|[from] item: Leftovers
|upkeep
|turn|16
|
|t:|1779904548
|move|p2a: Zamazenta|Psychic Fangs|p1a: Pecharunt
|-supereffective|p1a: Pecharunt
|-damage|p1a: Pecharunt|87/100
|move|p1a: Pecharunt|Foul Play|p2a: Zamazenta
|-damage|p2a: Zamazenta|72/100
|
|-heal|p2a: Zamazenta|79/100|[from] item: Leftovers
|upkeep
|turn|17
|
|t:|1779904552
|move|p2a: Zamazenta|Psychic Fangs|p1a: Pecharunt
|-supereffective|p1a: Pecharunt
|-damage|p1a: Pecharunt|74/100
|move|p1a: Pecharunt|Parting Shot|p2a: Zamazenta
|-unboost|p2a: Zamazenta|atk|1
|-unboost|p2a: Zamazenta|spa|1
|
|t:|1779904556
|switch|p1a: Gliscor|Gliscor, M|35/100 tox|[from] Parting Shot
|-damage|p1a: Gliscor|23/100 tox|[from] Stealth Rock
|
|-heal|p2a: Zamazenta|85/100|[from] item: Leftovers
|-heal|p1a: Gliscor|35/100 tox|[from] ability: Poison Heal
|upkeep
|turn|18
|
|t:|1779904560
|-terastallize|p1a: Gliscor|Ghost
|move|p2a: Zamazenta|Body Press|p1a: Gliscor
|-immune|p1a: Gliscor
|move|p1a: Gliscor|Earthquake|p2a: Zamazenta
|-supereffective|p2a: Zamazenta
|-damage|p2a: Zamazenta|66/100
|
|-heal|p2a: Zamazenta|72/100|[from] item: Leftovers
|-heal|p1a: Gliscor|48/100 tox|[from] ability: Poison Heal
|upkeep
|turn|19
|
|t:|1779904564
|move|p2a: Zamazenta|Crunch|p1a: Gliscor
|-supereffective|p1a: Gliscor
|-damage|p1a: Gliscor|33/100 tox
|move|p1a: Gliscor|Earthquake|p2a: Zamazenta
|-supereffective|p2a: Zamazenta
|-damage|p2a: Zamazenta|54/100
|
|-heal|p2a: Zamazenta|60/100|[from] item: Leftovers
|-heal|p1a: Gliscor|45/100 tox|[from] ability: Poison Heal
|upkeep
|turn|20
|
|t:|1779904567
|move|p2a: Zamazenta|Crunch|p1a: Gliscor
|-supereffective|p1a: Gliscor
|-damage|p1a: Gliscor|30/100 tox
|move|p1a: Gliscor|Earthquake|p2a: Zamazenta
|-supereffective|p2a: Zamazenta
|-damage|p2a: Zamazenta|42/100
|
|-heal|p2a: Zamazenta|48/100|[from] item: Leftovers
|-heal|p1a: Gliscor|42/100 tox|[from] ability: Poison Heal
|upkeep
|turn|21
|
|t:|1779904578
|switch|p2a: Zapdos|Zapdos|93/100
|switch|p1a: Pecharunt|Pecharunt|74/100
|
|upkeep
|turn|22
|
|t:|1779904588
|move|p2a: Zapdos|Thunder Wave|p1a: Pecharunt
|-status|p1a: Pecharunt|par
|cant|p1a: Pecharunt|par
|
|upkeep
|turn|23
|
|t:|1779904598
|move|p2a: Zapdos|Volt Switch|p1a: Pecharunt
|-damage|p1a: Pecharunt|44/100 par
|
|t:|1779904607
|switch|p2a: Kingambit|Kingambit, M|100/100|[from] Volt Switch
|-damage|p2a: Kingambit|76/100|[from] Spikes
|-damage|p2a: Kingambit|69/100|[from] Stealth Rock
|-activate|p2a: Kingambit|ability: Supreme Overlord
|-start|p2a: Kingambit|fallen1|[silent]
|move|p1a: Pecharunt|Parting Shot|p2a: Kingambit
|-unboost|p2a: Kingambit|atk|1
|-unboost|p2a: Kingambit|spa|1
|
|t:|1779904615
|switch|p1a: Gliscor|Gliscor, M, tera:Ghost|42/100 tox|[from] Parting Shot
|-damage|p1a: Gliscor|30/100 tox|[from] Stealth Rock
|
|-heal|p1a: Gliscor|42/100 tox|[from] ability: Poison Heal
|upkeep
|turn|24
|
|t:|1779904632
|-end|p2a: Kingambit|fallen1|[silent]
|switch|p2a: Zapdos|Zapdos|93/100
|move|p1a: Gliscor|Protect||[still]
|-fail|p1a: Gliscor
|
|-heal|p1a: Gliscor|54/100 tox|[from] ability: Poison Heal
|upkeep
|turn|25
|
|t:|1779904639
|move|p2a: Zapdos|Hurricane|p1a: Gliscor
|-damage|p1a: Gliscor|17/100 tox
|-start|p1a: Gliscor|confusion
|-activate|p1a: Gliscor|confusion
|move|p1a: Gliscor|Toxic|p2a: Zapdos
|-status|p2a: Zapdos|tox
|
|-damage|p2a: Zapdos|87/100 tox|[from] psn
|-heal|p1a: Gliscor|30/100 tox|[from] ability: Poison Heal
|upkeep
|turn|26
|
|t:|1779904644
|-activate|p1a: Gliscor|confusion
|move|p1a: Gliscor|Protect|p1a: Gliscor
|-singleturn|p1a: Gliscor|Protect
|move|p2a: Zapdos|Volt Switch|p1a: Gliscor
|-activate|p1a: Gliscor|move: Protect
|
|-damage|p2a: Zapdos|74/100 tox|[from] psn
|-heal|p1a: Gliscor|42/100 tox|[from] ability: Poison Heal
|upkeep
|turn|27
|
|t:|1779904652
|switch|p1a: Corviknight|Corviknight, M|93/100 par
|-ability|p1a: Corviknight|Pressure
|move|p2a: Zapdos|Volt Switch|p1a: Corviknight
|-supereffective|p1a: Corviknight
|-damage|p1a: Corviknight|27/100 par
|
|t:|1779904658
|switch|p2a: Primarina|Primarina, F|100/100|[from] Volt Switch
|-damage|p2a: Primarina|76/100|[from] Spikes
|-damage|p2a: Primarina|63/100|[from] Stealth Rock
|
|-heal|p2a: Primarina|69/100|[from] item: Leftovers
|upkeep
|turn|28
|
|t:|1779904670
|move|p2a: Primarina|Surf|p1a: Corviknight
|-damage|p1a: Corviknight|0 fnt
|faint|p1a: Corviknight
|
|-heal|p2a: Primarina|75/100|[from] item: Leftovers
|upkeep
|
|t:|1779904682
|switch|p1a: Ogerpon|Ogerpon, F|100/100
|turn|29
|
|t:|1779904687
|switch|p2a: Zapdos|Zapdos|74/100 tox
|move|p1a: Ogerpon|Ivy Cudgel|p2a: Zapdos
|-resisted|p2a: Zapdos
|-crit|p2a: Zapdos
|-damage|p2a: Zapdos|48/100 tox
|
|-damage|p2a: Zapdos|42/100 tox|[from] psn
|upkeep
|turn|30
|
|t:|1779904694
|move|p1a: Ogerpon|Knock Off|p2a: Zapdos
|-damage|p2a: Zapdos|21/100 tox
|-enditem|p2a: Zapdos|Heavy-Duty Boots|[from] move: Knock Off|[of] p1a: Ogerpon
|move|p2a: Zapdos|Thunder Wave|p1a: Ogerpon|[miss]
|-miss|p2a: Zapdos|p1a: Ogerpon
|
|-damage|p2a: Zapdos|8/100 tox|[from] psn
|upkeep
|turn|31
|
|t:|1779904700
|move|p1a: Ogerpon|Ivy Cudgel|p2a: Zapdos
|-resisted|p2a: Zapdos
|-damage|p2a: Zapdos|0 fnt
|faint|p2a: Zapdos
|
|upkeep
|
|t:|1779904707
|switch|p2a: Kingambit|Kingambit, M|69/100
|-damage|p2a: Kingambit|44/100|[from] Spikes
|-damage|p2a: Kingambit|38/100|[from] Stealth Rock
|-activate|p2a: Kingambit|ability: Supreme Overlord
|-start|p2a: Kingambit|fallen2|[silent]
|turn|32
|
|t:|1779904716
|move|p1a: Ogerpon|Ivy Cudgel|p2a: Kingambit
|-resisted|p2a: Kingambit
|-damage|p2a: Kingambit|18/100
|move|p2a: Kingambit|Iron Head|p1a: Ogerpon
|-damage|p1a: Ogerpon|36/100
|
|upkeep
|turn|33
|
|t:|1779904730
|move|p2a: Kingambit|Sucker Punch|p1a: Ogerpon
|-damage|p1a: Ogerpon|0 fnt
|faint|p1a: Ogerpon
|
|upkeep
|
|t:|1779904747
|switch|p1a: Gliscor|Gliscor, M, tera:Ghost|42/100 tox
|-damage|p1a: Gliscor|30/100 tox|[from] Stealth Rock
|turn|34
|
|t:|1779904760
|move|p1a: Gliscor|Protect|p1a: Gliscor
|-singleturn|p1a: Gliscor|Protect
|move|p2a: Kingambit|Sucker Punch||[still]
|-fail|p2a: Kingambit
|
|-heal|p1a: Gliscor|42/100 tox|[from] ability: Poison Heal
|upkeep
|turn|35
|
|t:|1779904772
|switch|p1a: Pecharunt|Pecharunt|44/100 par
|move|p2a: Kingambit|Sucker Punch||[still]
|-fail|p2a: Kingambit
|
|upkeep
|turn|36
|
|t:|1779904782
|move|p2a: Kingambit|Iron Head|p1a: Pecharunt
|-damage|p1a: Pecharunt|21/100 par
|move|p1a: Pecharunt|Parting Shot|p2a: Kingambit
|-unboost|p2a: Kingambit|atk|1
|-unboost|p2a: Kingambit|spa|1
|
|t:|1779904794
|switch|p1a: Gliscor|Gliscor, M, tera:Ghost|42/100 tox|[from] Parting Shot
|-damage|p1a: Gliscor|30/100 tox|[from] Stealth Rock
|
|-heal|p1a: Gliscor|42/100 tox|[from] ability: Poison Heal
|upkeep
|turn|37
|
|t:|1779904807
|-end|p2a: Kingambit|fallen2|[silent]
|switch|p2a: Ogerpon|Ogerpon-Wellspring, F|100/100
|-damage|p2a: Ogerpon|76/100|[from] Spikes
|-damage|p2a: Ogerpon|63/100|[from] Stealth Rock
|move|p1a: Gliscor|Protect||[still]
|-fail|p1a: Gliscor
|
|-heal|p1a: Gliscor|54/100 tox|[from] ability: Poison Heal
|upkeep
|turn|38
|
|t:|1779904827
|move|p2a: Ogerpon|Ivy Cudgel|p1a: Gliscor|[anim] Ivy Cudgel Water
|-damage|p1a: Gliscor|10/100 tox
|move|p1a: Gliscor|Earthquake|p2a: Ogerpon
|-resisted|p2a: Ogerpon
|-damage|p2a: Ogerpon|42/100
|
|-heal|p1a: Gliscor|23/100 tox|[from] ability: Poison Heal
|upkeep
|turn|39
|
|t:|1779904831
|move|p1a: Gliscor|Protect|p1a: Gliscor
|-singleturn|p1a: Gliscor|Protect
|move|p2a: Ogerpon|Ivy Cudgel|p1a: Gliscor|[anim] Ivy Cudgel Water
|-activate|p1a: Gliscor|move: Protect
|
|-heal|p1a: Gliscor|35/100 tox|[from] ability: Poison Heal
|upkeep
|turn|40
|
|t:|1779904846
|switch|p1a: Pecharunt|Pecharunt|21/100 par
|move|p2a: Ogerpon|Ivy Cudgel|p1a: Pecharunt|[anim] Ivy Cudgel Water
|-damage|p1a: Pecharunt|0 fnt
|faint|p1a: Pecharunt
|
|upkeep
|
|t:|1779904861
|switch|p1a: Gliscor|Gliscor, M, tera:Ghost|35/100 tox
|-damage|p1a: Gliscor|23/100 tox|[from] Stealth Rock
|turn|41
|
|t:|1779904873
|move|p1a: Gliscor|Protect|p1a: Gliscor
|-singleturn|p1a: Gliscor|Protect
|move|p2a: Ogerpon|Ivy Cudgel|p1a: Gliscor|[anim] Ivy Cudgel Water
|-activate|p1a: Gliscor|move: Protect
|
|-heal|p1a: Gliscor|35/100 tox|[from] ability: Poison Heal
|upkeep
|turn|42
|
|t:|1779904885
|move|p2a: Ogerpon|Ivy Cudgel|p1a: Gliscor|[anim] Ivy Cudgel Water
|-crit|p1a: Gliscor
|-damage|p1a: Gliscor|0 fnt
|faint|p1a: Gliscor
|
|win|abe_hanabi
|raw|claudechamp's rating: 1285 &rarr; <strong>1262</strong><br />(-23 for losing)
|raw|abe_hanabi's rating: 1312 &rarr; <strong>1330</strong><br />(+18 for winning)
|c|☆claudechamp|gg
|l|☆abe_hanabi
|player|p2|
