|j|☆oficial matute
|j|☆Thmpbck
|t:|1779842194
|gametype|singles
|player|p1|oficial matute|policeman|1255
|player|p2|Thmpbck|170|1334
|gen|9
|tier|[Gen 9] OU
|rated|
|rule|HP Percentage Mod: HP is shown in percentages
|rule|Endless Battle Clause: Forcing endless battles is banned
|rule|Species Clause: Limit one of each Pokémon
|rule|OHKO Clause: OHKO moves are banned
|rule|Evasion Items Clause: Evasion items are banned
|rule|Evasion Moves Clause: Evasion moves are banned
|rule|Evasion Abilities Clause: Evasion abilities are banned
|rule|Sleep Moves Clause: Sleep-inducing moves are banned
|clearpoke
|poke|p1|Noivern, M|
|poke|p1|Tropius, F|
|poke|p1|Landorus-Therian, M|
|poke|p1|Garchomp, M|
|poke|p1|Hydrapple, M|
|poke|p1|Torterra, F|
|poke|p2|Tyranitar, F|
|poke|p2|Excadrill, M|
|poke|p2|Pecharunt|
|poke|p2|Ogerpon-Wellspring, F|
|poke|p2|Corviknight, F|
|poke|p2|Gliscor, M|
|teampreview
|inactive|Battle timer is ON: inactive players will automatically lose when time's up. (requested by oficial matute)
|c|☆Thmpbck|U like ice types?
|
|t:|1779842210
|teamsize|p1|6
|teamsize|p2|6
|start
|switch|p1a: 👁👅👁|Noivern, M|100/100
|switch|p2a: Tyranitar|Tyranitar, F|100/100
|-item|p2a: Tyranitar|Smooth Rock|[from] ability: Frisk|[of] p1a: 👁👅👁
|-weather|Sandstorm|[from] ability: Sand Stream|[of] p2a: Tyranitar
|turn|1
|
|t:|1779842231
|move|p1a: 👁👅👁|Switcheroo|p2a: Tyranitar
|-activate|p1a: 👁👅👁|move: Trick|[of] p2a: Tyranitar
|-item|p2a: Tyranitar|Choice Scarf|[from] move: Switcheroo
|-item|p1a: 👁👅👁|Smooth Rock|[from] move: Switcheroo
|move|p2a: Tyranitar|Dragon Dance|p2a: Tyranitar
|-boost|p2a: Tyranitar|atk|1
|-boost|p2a: Tyranitar|spe|1
|
|-weather|Sandstorm|[upkeep]
|-damage|p1a: 👁👅👁|94/100|[from] Sandstorm
|upkeep
|turn|2
|
|t:|1779842248
|switch|p2a: Gliscor|Gliscor, M|100/100
|switch|p1a: 👁🐽👁|Tropius, F, shiny|100/100
|
|-weather|Sandstorm|[upkeep]
|-damage|p1a: 👁🐽👁|94/100|[from] Sandstorm
|-status|p2a: Gliscor|tox|[from] item: Toxic Orb
|upkeep
|turn|3
|
|t:|1779842258
|-terastallize|p1a: 👁🐽👁|Ghost
|move|p1a: 👁🐽👁|Protect|p1a: 👁🐽👁
|-singleturn|p1a: 👁🐽👁|Protect
|move|p2a: Gliscor|Knock Off|p1a: 👁🐽👁
|-activate|p1a: 👁🐽👁|move: Protect
|
|-weather|Sandstorm|[upkeep]
|-damage|p1a: 👁🐽👁|88/100|[from] Sandstorm
|upkeep
|turn|4
|
|t:|1779842272
|switch|p1a: 👁🫦👁|Garchomp, M|100/100
|move|p2a: Gliscor|Knock Off|p1a: 👁🫦👁
|-damage|p1a: 👁🫦👁|80/100
|-damage|p2a: Gliscor|88/100 tox|[from] ability: Rough Skin|[of] p1a: 👁🫦👁
|-enditem|p1a: 👁🫦👁|Loaded Dice|[from] move: Knock Off|[of] p2a: Gliscor
|
|-weather|Sandstorm|[upkeep]
|-heal|p2a: Gliscor|100/100 tox|[from] ability: Poison Heal
|upkeep
|turn|5
|
|t:|1779842285
|move|p1a: 👁🫦👁|Swords Dance|p1a: 👁🫦👁
|-boost|p1a: 👁🫦👁|atk|2
|move|p2a: Gliscor|Swords Dance|p2a: Gliscor
|-boost|p2a: Gliscor|atk|2
|
|-weather|Sandstorm|[upkeep]
|upkeep
|turn|6
|
|t:|1779842293
|move|p1a: 👁🫦👁|Liquidation|p2a: Gliscor
|-supereffective|p2a: Gliscor
|-damage|p2a: Gliscor|0 fnt
|faint|p2a: Gliscor
|
|-weather|Sandstorm|[upkeep]
|upkeep
|
|t:|1779842304
|switch|p2a: Corviknight|Corviknight, F|100/100
|-ability|p2a: Corviknight|Pressure
|turn|7
|
|t:|1779842310
|switch|p1a: 👁🐽👁|Tropius, F, shiny, tera:Ghost|88/100
|move|p2a: Corviknight|Iron Defense|p2a: Corviknight
|-boost|p2a: Corviknight|def|2
|
|-weather|Sandstorm|[upkeep]
|-damage|p1a: 👁🐽👁|82/100|[from] Sandstorm
|upkeep
|turn|8
|
|t:|1779842325
|move|p2a: Corviknight|U-turn|p1a: 👁🐽👁
|-resisted|p1a: 👁🐽👁
|-damage|p1a: 👁🐽👁|74/100
|
|t:|1779842329
|switch|p2a: Ogerpon|Ogerpon-Wellspring, F|100/100|[from] U-turn
|move|p1a: 👁🐽👁|Leech Seed|p2a: Ogerpon
|-immune|p2a: Ogerpon
|
|-weather|none
|upkeep
|turn|9
|
|t:|1779842339
|switch|p1a: 👁👅👁|Noivern, M|94/100
|-item|p2a: Ogerpon|Wellspring Mask|[from] ability: Frisk|[of] p1a: 👁👅👁
|move|p2a: Ogerpon|Encore||[still]
|-fail|p2a: Ogerpon
|
|upkeep
|turn|10
|
|t:|1779842347
|switch|p2a: Tyranitar|Tyranitar, F|100/100
|-weather|Sandstorm|[from] ability: Sand Stream|[of] p2a: Tyranitar
|move|p1a: 👁👅👁|Flamethrower|p2a: Tyranitar
|-resisted|p2a: Tyranitar
|-damage|p2a: Tyranitar|93/100
|
|-weather|Sandstorm|[upkeep]
|-damage|p1a: 👁👅👁|88/100|[from] Sandstorm
|upkeep
|turn|11
|
|t:|1779842358
|switch|p1a: 👁🫦👁|Garchomp, M|80/100
|move|p2a: Tyranitar|Ice Punch|p1a: 👁🫦👁
|-supereffective|p1a: 👁🫦👁
|-damage|p1a: 👁🫦👁|0 fnt
|-damage|p2a: Tyranitar|80/100|[from] ability: Rough Skin|[of] p1a: 👁🫦👁
|faint|p1a: 👁🫦👁
|
|-weather|Sandstorm|[upkeep]
|upkeep
|
|t:|1779842368
|switch|p1a: 👁🐽👁|Tropius, F, shiny, tera:Ghost|74/100
|turn|12
|
|t:|1779842377
|switch|p2a: Ogerpon|Ogerpon-Wellspring, F|100/100
|move|p1a: 👁🐽👁|Curse|p2a: Ogerpon
|-start|p2a: Ogerpon|Curse|[of] p1a: 👁🐽👁
|-damage|p1a: 👁🐽👁|24/100
|-enditem|p1a: 👁🐽👁|Sitrus Berry|[eat]
|-heal|p1a: 👁🐽👁|49/100|[from] item: Sitrus Berry
|
|-weather|Sandstorm|[upkeep]
|-damage|p2a: Ogerpon|95/100|[from] Sandstorm
|-damage|p1a: 👁🐽👁|43/100|[from] Sandstorm
|-damage|p2a: Ogerpon|70/100|[from] Curse
|-item|p1a: 👁🐽👁|Sitrus Berry|[from] ability: Harvest
|upkeep
|-enditem|p1a: 👁🐽👁|Sitrus Berry|[eat]
|-heal|p1a: 👁🐽👁|68/100|[from] item: Sitrus Berry
|turn|13
|
|t:|1779842393
|move|p1a: 👁🐽👁|Protect|p1a: 👁🐽👁
|-singleturn|p1a: 👁🐽👁|Protect
|move|p2a: Ogerpon|Ivy Cudgel|p1a: 👁🐽👁|[anim] Ivy Cudgel Water
|-activate|p1a: 👁🐽👁|move: Protect
|
|-weather|Sandstorm|[upkeep]
|-damage|p2a: Ogerpon|64/100|[from] Sandstorm
|-damage|p1a: 👁🐽👁|62/100|[from] Sandstorm
|-damage|p2a: Ogerpon|39/100|[from] Curse
|-item|p1a: 👁🐽👁|Sitrus Berry|[from] ability: Harvest
|upkeep
|turn|14
|
|t:|1779842407
|switch|p2a: Corviknight|Corviknight, F|100/100
|-ability|p2a: Corviknight|Pressure
|switch|p1a: 👁👄👁|Hydrapple, M|100/100
|
|-weather|none
|upkeep
|turn|15
|
|t:|1779842417
|switch|p1a: 👁🐽👁|Tropius, F, shiny, tera:Ghost|62/100
|move|p2a: Corviknight|U-turn|p1a: 👁🐽👁
|-resisted|p1a: 👁🐽👁
|-damage|p1a: 👁🐽👁|54/100
|
|t:|1779842422
|switch|p2a: Pecharunt|Pecharunt|100/100|[from] U-turn
|
|upkeep
|turn|16
|
|t:|1779842429
|move|p1a: 👁🐽👁|Protect|p1a: 👁🐽👁
|-singleturn|p1a: 👁🐽👁|Protect
|move|p2a: Pecharunt|Malignant Chain|p1a: 👁🐽👁
|-activate|p1a: 👁🐽👁|move: Protect
|
|upkeep
|turn|17
|
|t:|1779842450
|switch|p1a: 👁👅👁|Noivern, M|88/100
|-item|p2a: Pecharunt|Leftovers|[from] ability: Frisk|[of] p1a: 👁👅👁
|move|p2a: Pecharunt|Malignant Chain|p1a: 👁👅👁
|-damage|p1a: 👁👅👁|33/100
|-status|p1a: 👁👅👁|tox
|-start|p1a: 👁👅👁|confusion|[from] ability: Poison Puppeteer|[of] p2a: Pecharunt
|
|-damage|p1a: 👁👅👁|27/100 tox|[from] psn
|upkeep
|turn|18
|
|t:|1779842474
|switch|p2a: Tyranitar|Tyranitar, F|80/100
|-weather|Sandstorm|[from] ability: Sand Stream|[of] p2a: Tyranitar
|-activate|p1a: 👁👅👁|confusion
|move|p1a: 👁👅👁|Air Slash|p2a: Tyranitar
|-resisted|p2a: Tyranitar
|-crit|p2a: Tyranitar
|-damage|p2a: Tyranitar|65/100
|
|-weather|Sandstorm|[upkeep]
|-damage|p1a: 👁👅👁|21/100 tox|[from] Sandstorm
|-damage|p1a: 👁👅👁|9/100 tox|[from] psn
|upkeep
|turn|19
|
|t:|1779842488
|-end|p1a: 👁👅👁|confusion
|move|p1a: 👁👅👁|Flamethrower|p2a: Tyranitar
|-resisted|p2a: Tyranitar
|-damage|p2a: Tyranitar|57/100
|move|p2a: Tyranitar|Knock Off|p1a: 👁👅👁
|-damage|p1a: 👁👅👁|0 fnt
|-enditem|p1a: 👁👅👁|Smooth Rock|[from] move: Knock Off|[of] p2a: Tyranitar
|faint|p1a: 👁👅👁
|
|-weather|Sandstorm|[upkeep]
|upkeep
|
|t:|1779842501
|switch|p1a: 👁👃👁|Landorus-Therian, M|100/100
|-ability|p1a: 👁👃👁|Intimidate|boost
|-unboost|p2a: Tyranitar|atk|1
|turn|20
|
|t:|1779842511
|switch|p2a: Corviknight|Corviknight, F|100/100
|-ability|p2a: Corviknight|Pressure
|move|p1a: 👁👃👁|Stealth Rock|p2a: Corviknight
|-sidestart|p2: Thmpbck|move: Stealth Rock
|
|-weather|Sandstorm|[upkeep]
|upkeep
|turn|21
|
|t:|1779842521
|move|p1a: 👁👃👁|Smack Down|p2a: Corviknight
|-damage|p2a: Corviknight|91/100
|-start|p2a: Corviknight|Smack Down
|move|p2a: Corviknight|U-turn|p1a: 👁👃👁
|-resisted|p1a: 👁👃👁
|-damage|p1a: 👁👃👁|95/100
|-damage|p2a: Corviknight|75/100|[from] item: Rocky Helmet|[of] p1a: 👁👃👁
|
|t:|1779842541
|switch|p2a: Excadrill|Excadrill, M|100/100|[from] U-turn
|-damage|p2a: Excadrill|97/100|[from] Stealth Rock
|
|-weather|Sandstorm|[upkeep]
|upkeep
|turn|22
|
|t:|1779842554
|move|p2a: Excadrill|Iron Head|p1a: 👁👃👁
|-damage|p1a: 👁👃👁|51/100
|-damage|p2a: Excadrill|81/100|[from] item: Rocky Helmet|[of] p1a: 👁👃👁
|-damage|p2a: Excadrill|71/100|[from] item: Life Orb
|move|p1a: 👁👃👁|Scorching Sands|p2a: Excadrill
|-supereffective|p2a: Excadrill
|-damage|p2a: Excadrill|0 fnt
|faint|p2a: Excadrill
|
|-weather|none
|upkeep
|
|t:|1779842562
|switch|p2a: Corviknight|Corviknight, F|75/100
|-damage|p2a: Corviknight|62/100|[from] Stealth Rock
|-ability|p2a: Corviknight|Pressure
|turn|23
|
|t:|1779842572
|move|p1a: 👁👃👁|Smack Down|p2a: Corviknight
|-damage|p2a: Corviknight|53/100
|-start|p2a: Corviknight|Smack Down
|move|p2a: Corviknight|Iron Defense|p2a: Corviknight
|-boost|p2a: Corviknight|def|2
|
|upkeep
|turn|24
|
|t:|1779842584
|-terastallize|p2a: Corviknight|Fairy
|move|p1a: 👁👃👁|Scorching Sands|p2a: Corviknight
|-damage|p2a: Corviknight|30/100
|move|p2a: Corviknight|Roost|p2a: Corviknight
|-heal|p2a: Corviknight|80/100
|
|upkeep
|turn|25
|
|t:|1779842595
|switch|p1a: 👁🐽👁|Tropius, F, shiny, tera:Ghost|54/100
|move|p2a: Corviknight|Body Press|p1a: 👁🐽👁
|-immune|p1a: 👁🐽👁
|
|upkeep
|turn|26
|
|t:|1779842607
|move|p2a: Corviknight|U-turn|p1a: 👁🐽👁
|-resisted|p1a: 👁🐽👁
|-damage|p1a: 👁🐽👁|47/100
|-enditem|p1a: 👁🐽👁|Sitrus Berry|[eat]
|-heal|p1a: 👁🐽👁|72/100|[from] item: Sitrus Berry
|
|t:|1779842609
|switch|p2a: Ogerpon|Ogerpon-Wellspring, F|39/100|[from] U-turn
|-damage|p2a: Ogerpon|26/100|[from] Stealth Rock
|move|p1a: 👁🐽👁|Curse|p2a: Ogerpon
|-start|p2a: Ogerpon|Curse|[of] p1a: 👁🐽👁
|-damage|p1a: 👁🐽👁|22/100
|
|-damage|p2a: Ogerpon|1/100|[from] Curse
|-item|p1a: 👁🐽👁|Sitrus Berry|[from] ability: Harvest
|upkeep
|-enditem|p1a: 👁🐽👁|Sitrus Berry|[eat]
|-heal|p1a: 👁🐽👁|47/100|[from] item: Sitrus Berry
|turn|27
|
|t:|1779842626
|move|p1a: 👁🐽👁|Protect|p1a: 👁🐽👁
|-singleturn|p1a: 👁🐽👁|Protect
|move|p2a: Ogerpon|Encore|p1a: 👁🐽👁
|-activate|p1a: 👁🐽👁|move: Protect
|
|-damage|p2a: Ogerpon|0 fnt|[from] Curse
|faint|p2a: Ogerpon
|upkeep
|
|t:|1779842649
|switch|p2a: Tyranitar|Tyranitar, F|57/100
|-damage|p2a: Tyranitar|45/100|[from] Stealth Rock
|-weather|Sandstorm|[from] ability: Sand Stream|[of] p2a: Tyranitar
|turn|28
|inactive|Thmpbck has 120 seconds left.
|
|t:|1779842671
|switch|p1a: 👁👃👁|Landorus-Therian, M|51/100
|-ability|p1a: 👁👃👁|Intimidate|boost
|-unboost|p2a: Tyranitar|atk|1
|move|p2a: Tyranitar|Knock Off|p1a: 👁👃👁
|-crit|p1a: 👁👃👁
|-damage|p1a: 👁👃👁|0 fnt
|-damage|p2a: Tyranitar|28/100|[from] item: Rocky Helmet|[of] p1a: 👁👃👁
|-enditem|p1a: 👁👃👁|Rocky Helmet|[from] move: Knock Off|[of] p2a: Tyranitar
|faint|p1a: 👁👃👁
|
|-weather|Sandstorm|[upkeep]
|upkeep
|
|t:|1779842686
|switch|p1a: 👁👄👁|Hydrapple, M|100/100
|turn|29
|
|t:|1779842693
|switch|p2a: Pecharunt|Pecharunt|100/100
|-damage|p2a: Pecharunt|88/100|[from] Stealth Rock
|move|p1a: 👁👄👁|Giga Drain|p2a: Pecharunt
|-resisted|p2a: Pecharunt
|-damage|p2a: Pecharunt|68/100
|
|-weather|Sandstorm|[upkeep]
|-damage|p2a: Pecharunt|62/100|[from] Sandstorm
|-damage|p1a: 👁👄👁|94/100|[from] Sandstorm
|-heal|p2a: Pecharunt|68/100|[from] item: Leftovers
|upkeep
|turn|30
|
|t:|1779842704
|move|p2a: Pecharunt|Malignant Chain|p1a: 👁👄👁
|-supereffective|p1a: 👁👄👁
|-damage|p1a: 👁👄👁|42/100
|-status|p1a: 👁👄👁|tox
|-start|p1a: 👁👄👁|confusion|[from] ability: Poison Puppeteer|[of] p2a: Pecharunt
|-activate|p1a: 👁👄👁|confusion
|move|p1a: 👁👄👁|Earth Power|p2a: Pecharunt
|-supereffective|p2a: Pecharunt
|-damage|p2a: Pecharunt|2/100
|
|-weather|Sandstorm|[upkeep]
|-damage|p2a: Pecharunt|0 fnt|[from] Sandstorm
|-damage|p1a: 👁👄👁|36/100 tox|[from] Sandstorm
|faint|p2a: Pecharunt
|-damage|p1a: 👁👄👁|30/100 tox|[from] psn
|upkeep
|
|t:|1779842720
|switch|p2a: Corviknight|Corviknight, F, tera:Fairy|80/100
|-damage|p2a: Corviknight|68/100|[from] Stealth Rock
|-ability|p2a: Corviknight|Pressure
|turn|31
|
|t:|1779842726
|switch|p1a: 👁🐽👁|Tropius, F, shiny, tera:Ghost|47/100
|move|p2a: Corviknight|Iron Defense|p2a: Corviknight
|-boost|p2a: Corviknight|def|2
|
|-weather|Sandstorm|[upkeep]
|-damage|p2a: Corviknight|61/100|[from] Sandstorm
|-damage|p1a: 👁🐽👁|41/100|[from] Sandstorm
|upkeep
|turn|32
|
|t:|1779842736
|move|p2a: Corviknight|U-turn|p1a: 👁🐽👁
|-resisted|p1a: 👁🐽👁
|-damage|p1a: 👁🐽👁|34/100
|
|t:|1779842738
|switch|p2a: Tyranitar|Tyranitar, F|28/100|[from] U-turn
|-damage|p2a: Tyranitar|16/100|[from] Stealth Rock
|move|p1a: 👁🐽👁|Leech Seed|p2a: Tyranitar
|-start|p2a: Tyranitar|move: Leech Seed
|
|-weather|none
|-damage|p2a: Tyranitar|4/100|[from] Leech Seed|[of] p1a: 👁🐽👁
|-heal|p1a: 👁🐽👁|45/100|[silent]
|-item|p1a: 👁🐽👁|Sitrus Berry|[from] ability: Harvest
|upkeep
|-enditem|p1a: 👁🐽👁|Sitrus Berry|[eat]
|-heal|p1a: 👁🐽👁|69/100|[from] item: Sitrus Berry
|turn|33
|-message|Thmpbck forfeited.
|
|win|oficial matute
|raw|oficial matute's rating: 1255 &rarr; <strong>1286</strong><br />(+31 for winning)
|raw|Thmpbck's rating: 1334 &rarr; <strong>1310</strong><br />(-24 for losing)
|l|☆Thmpbck
|player|p2|
|l|☆oficial matute
|player|p1|
