|j|☆siggywiggyking3
|j|☆OLamb
|t:|1779914463
|gametype|singles
|player|p1|siggywiggyking3|pokekid|1107
|player|p2|OLamb|ltsurge|1113
|gen|9
|tier|[Gen 9] OU
|rated|
|rule|HP Percentage Mod: HP is shown in percentages
|rule|Endless Battle Clause: Forcing endless battles is banned
|rule|Species Clause: Limit one of each Pokémon
|rule|OHKO Clause: OHKO moves are banned
|rule|Evasion Items Clause: Evasion items are banned
|rule|Evasion Moves Clause: Evasion moves are banned
|rule|Evasion Abilities Clause: Evasion abilities are banned
|rule|Sleep Moves Clause: Sleep-inducing moves are banned
|clearpoke
|poke|p1|Iron Crown|
|poke|p1|Conkeldurr, F|
|poke|p1|Umbreon, F|
|poke|p1|Cinderace, F|
|poke|p1|Meowscarada, F|
|poke|p1|Froslass, F|
|poke|p2|Zamazenta-*|
|poke|p2|Iron Moth|
|poke|p2|Hatterene, F|
|poke|p2|Gliscor, F|
|poke|p2|Ogerpon-Wellspring, F|
|poke|p2|Raging Bolt|
|teampreview
|
|t:|1779914474
|teamsize|p1|6
|teamsize|p2|6
|start
|switch|p1a: Conkeldurr|Conkeldurr, F, shiny|100/100
|switch|p2a: Web|Zamazenta|100/100
|-ability|p2a: Web|Dauntless Shield|boost
|-boost|p2a: Web|def|1
|turn|1
|
|t:|1779914482
|move|p2a: Web|Reflect|p2a: Web
|-sidestart|p2: OLamb|Reflect
|move|p1a: Conkeldurr|Curse|p1a: Conkeldurr
|-unboost|p1a: Conkeldurr|spe|1
|-boost|p1a: Conkeldurr|atk|1
|-boost|p1a: Conkeldurr|def|1
|
|upkeep
|turn|2
|inactive|Battle timer is ON: inactive players will automatically lose when time's up. (requested by OLamb)
|
|t:|1779914490
|move|p2a: Web|Light Screen|p2a: Web
|-sidestart|p2: OLamb|move: Light Screen
|move|p1a: Conkeldurr|Curse|p1a: Conkeldurr
|-unboost|p1a: Conkeldurr|spe|1
|-boost|p1a: Conkeldurr|atk|1
|-boost|p1a: Conkeldurr|def|1
|
|upkeep
|turn|3
|
|t:|1779914496
|switch|p2a: Pshuaaa|Iron Moth|100/100
|-enditem|p2a: Pshuaaa|Booster Energy
|-activate|p2a: Pshuaaa|ability: Quark Drive|[fromitem]
|-start|p2a: Pshuaaa|quarkdrivespe
|move|p1a: Conkeldurr|Curse|p1a: Conkeldurr
|-unboost|p1a: Conkeldurr|spe|1
|-boost|p1a: Conkeldurr|atk|1
|-boost|p1a: Conkeldurr|def|1
|
|upkeep
|turn|4
|
|t:|1779914510
|-terastallize|p1a: Conkeldurr|Poison
|move|p1a: Conkeldurr|Rock Slide|p2a: Pshuaaa
|-supereffective|p2a: Pshuaaa
|-damage|p2a: Pshuaaa|0 fnt
|faint|p2a: Pshuaaa
|-end|p2a: Pshuaaa|Quark Drive|[silent]
|
|upkeep
|
|t:|1779914538
|switch|p2a: Fuck You 1|Gliscor, F, shiny|100/100
|turn|5
|
|t:|1779914547
|move|p2a: Fuck You 1|Earthquake|p1a: Conkeldurr
|-supereffective|p1a: Conkeldurr
|-damage|p1a: Conkeldurr|70/100
|move|p1a: Conkeldurr|Rock Slide|p2a: Fuck You 1
|-damage|p2a: Fuck You 1|71/100
|
|-status|p2a: Fuck You 1|tox|[from] item: Toxic Orb
|upkeep
|turn|6
|
|t:|1779914556
|move|p2a: Fuck You 1|Swords Dance|p2a: Fuck You 1
|-boost|p2a: Fuck You 1|atk|2
|move|p1a: Conkeldurr|Hammer Arm|p2a: Fuck You 1
|-resisted|p2a: Fuck You 1
|-damage|p2a: Fuck You 1|31/100 tox
|-unboost|p1a: Conkeldurr|spe|1
|
|-heal|p2a: Fuck You 1|43/100 tox|[from] ability: Poison Heal
|upkeep
|turn|7
|
|t:|1779914571
|move|p2a: Fuck You 1|Earthquake|p1a: Conkeldurr
|-supereffective|p1a: Conkeldurr
|-damage|p1a: Conkeldurr|12/100
|move|p1a: Conkeldurr|Hammer Arm|p2a: Fuck You 1
|-resisted|p2a: Fuck You 1
|-damage|p2a: Fuck You 1|3/100 tox
|-unboost|p1a: Conkeldurr|spe|1
|
|-heal|p2a: Fuck You 1|16/100 tox|[from] ability: Poison Heal
|upkeep
|turn|8
|
|t:|1779914590
|move|p2a: Fuck You 1|Earthquake|p1a: Conkeldurr
|-supereffective|p1a: Conkeldurr
|-damage|p1a: Conkeldurr|0 fnt
|faint|p1a: Conkeldurr
|
|-heal|p2a: Fuck You 1|28/100 tox|[from] ability: Poison Heal
|-sideend|p2: OLamb|Reflect
|upkeep
|
|t:|1779914600
|switch|p1a: Meowscarada|Meowscarada, F|100/100
|turn|9
|
|t:|1779914620
|move|p1a: Meowscarada|Flower Trick|p2a: Fuck You 1
|-crit|p2a: Fuck You 1
|-damage|p2a: Fuck You 1|0 fnt
|faint|p2a: Fuck You 1
|
|-sideend|p2: OLamb|move: Light Screen
|upkeep
|
|t:|1779914625
|switch|p2a: Fuck You 3|Raging Bolt|100/100
|-enditem|p2a: Fuck You 3|Booster Energy
|-activate|p2a: Fuck You 3|ability: Protosynthesis|[fromitem]
|-start|p2a: Fuck You 3|protosynthesisspa
|turn|10
|
|t:|1779914635
|move|p1a: Meowscarada|Taunt|p2a: Fuck You 3
|-start|p2a: Fuck You 3|move: Taunt
|cant|p2a: Fuck You 3|move: Taunt|Calm Mind
|
|upkeep
|turn|11
|inactive|OLamb has 120 seconds left.
|
|t:|1779914668
|-terastallize|p2a: Fuck You 3|Ghost
|move|p1a: Meowscarada|Flower Trick|p2a: Fuck You 3
|-crit|p2a: Fuck You 3
|-damage|p2a: Fuck You 3|49/100
|move|p2a: Fuck You 3|Dragon Pulse|p1a: Meowscarada
|-damage|p1a: Meowscarada|1/100
|
|upkeep
|turn|12
|
|t:|1779914678
|move|p2a: Fuck You 3|Thunderclap|p1a: Meowscarada
|-resisted|p1a: Meowscarada
|-crit|p1a: Meowscarada
|-damage|p1a: Meowscarada|0 fnt
|faint|p1a: Meowscarada
|
|-end|p2a: Fuck You 3|move: Taunt
|upkeep
|c|☆siggywiggyking3|i hate that move
|
|t:|1779914688
|switch|p1a: Froslass|Froslass, F, shiny|100/100
|turn|13
|inactive|OLamb has 120 seconds left.
|
|t:|1779914711
|move|p1a: Froslass|Shadow Ball|p2a: Fuck You 3
|-supereffective|p2a: Fuck You 3
|-damage|p2a: Fuck You 3|0 fnt
|faint|p2a: Fuck You 3
|-end|p2a: Fuck You 3|Protosynthesis|[silent]
|
|upkeep
|
|t:|1779914715
|switch|p2a: Fuck You 2|Ogerpon-Wellspring, F|100/100
|turn|14
|
|t:|1779914725
|move|p1a: Froslass|Shadow Ball|p2a: Fuck You 2
|-damage|p2a: Fuck You 2|48/100
|move|p2a: Fuck You 2|Swords Dance|p2a: Fuck You 2
|-boost|p2a: Fuck You 2|atk|2
|
|upkeep
|turn|15
|
|t:|1779914737
|move|p1a: Froslass|Shadow Ball|p2a: Fuck You 2
|-damage|p2a: Fuck You 2|0 fnt
|faint|p2a: Fuck You 2
|
|upkeep
|
|t:|1779914743
|switch|p2a: Hatterene|Hatterene, F|100/100
|turn|16
|
|t:|1779914748
|move|p1a: Froslass|Shadow Ball|p2a: Hatterene
|-supereffective|p2a: Hatterene
|-damage|p2a: Hatterene|13/100
|move|p2a: Hatterene|Calm Mind|p2a: Hatterene
|-boost|p2a: Hatterene|spa|1
|-boost|p2a: Hatterene|spd|1
|
|-heal|p2a: Hatterene|19/100|[from] item: Leftovers
|upkeep
|turn|17
|
|t:|1779914757
|move|p1a: Froslass|Shadow Ball|p2a: Hatterene
|-supereffective|p2a: Hatterene
|-damage|p2a: Hatterene|0 fnt
|faint|p2a: Hatterene
|
|upkeep
|
|t:|1779914760
|switch|p2a: Web|Zamazenta|100/100
|turn|18
|
|t:|1779914767
|move|p2a: Web|Ice Fang|p1a: Froslass
|-resisted|p1a: Froslass
|-damage|p1a: Froslass|86/100
|cant|p1a: Froslass|flinch
|
|upkeep
|turn|19
|
|t:|1779914776
|move|p2a: Web|Ice Fang|p1a: Froslass
|-resisted|p1a: Froslass
|-damage|p1a: Froslass|70/100
|move|p1a: Froslass|Shadow Ball|p2a: Web
|-damage|p2a: Web|66/100
|-unboost|p2a: Web|spd|1
|
|upkeep
|turn|20
|
|t:|1779914784
|move|p2a: Web|Ice Fang|p1a: Froslass
|-resisted|p1a: Froslass
|-damage|p1a: Froslass|56/100
|move|p1a: Froslass|Shadow Ball|p2a: Web
|-damage|p2a: Web|16/100
|-unboost|p2a: Web|spd|1
|
|upkeep
|turn|21
|c|☆siggywiggyking3|hey
|n|!siggywiggyking3|siggywiggyking3
|
|t:|1779914805
|move|p2a: Web|Ice Fang|p1a: Froslass
|-resisted|p1a: Froslass
|-damage|p1a: Froslass|41/100
|move|p1a: Froslass|Shadow Ball|p2a: Web
|-damage|p2a: Web|0 fnt
|faint|p2a: Web
|
|win|siggywiggyking3
