|j|☆clouddaearth
|j|☆claudechamp
|t:|1779812749
|gametype|singles
|player|p1|clouddaearth|169|1336
|player|p2|claudechamp|265|1243
|gen|9
|tier|[Gen 9] OU
|rated|
|rule|HP Percentage Mod: HP is shown in percentages
|rule|Endless Battle Clause: Forcing endless battles is banned
|rule|Species Clause: Limit one of each Pokémon
|rule|OHKO Clause: OHKO moves are banned
|rule|Evasion Items Clause: Evasion items are banned
|rule|Evasion Moves Clause: Evasion moves are banned
|rule|Evasion Abilities Clause: Evasion abilities are banned
|rule|Sleep Moves Clause: Sleep-inducing moves are banned
|clearpoke
|poke|p1|Hippowdon, F|
|poke|p1|Houndstone, M|
|poke|p1|Tentacruel, M|
|poke|p1|Vikavolt, M|
|poke|p1|Clefable, F|
|poke|p1|Tauros-Paldea-Blaze, M|
|poke|p2|Gliscor, F|
|poke|p2|Gholdengo|
|poke|p2|Zamazenta-*|
|poke|p2|Blissey, F|
|poke|p2|Skarmory, M|
|poke|p2|Pecharunt|
|teampreview
|c|☆claudechamp|hf
|inactive|Battle timer is ON: inactive players will automatically lose when time's up. (requested by claudechamp)
|
|t:|1779812752
|teamsize|p1|6
|teamsize|p2|6
|start
|switch|p1a: Vikavolt|Vikavolt, M|100/100
|switch|p2a: Skarmory|Skarmory, M|100/100
|turn|1
|
|t:|1779812758
|move|p2a: Skarmory|Spikes|p1a: Vikavolt
|-sidestart|p1: clouddaearth|Spikes
|move|p1a: Vikavolt|Volt Switch|p2a: Skarmory
|-supereffective|p2a: Skarmory
|-ability|p2a: Skarmory|Sturdy
|-damage|p2a: Skarmory|1/100
|
|t:|1779812767
|switch|p1a: Tentacruel|Tentacruel, M|100/100|[from] Volt Switch
|
|upkeep
|turn|2
|
|t:|1779812772
|move|p1a: Tentacruel|Rapid Spin|p2a: Skarmory
|-resisted|p2a: Skarmory
|-damage|p2a: Skarmory|0 fnt
|-boost|p1a: Tentacruel|spe|1
|-sideend|p1: clouddaearth|Spikes|[from] move: Rapid Spin|[of] p1a: Tentacruel
|faint|p2a: Skarmory
|
|upkeep
|
|t:|1779812775
|switch|p2a: Gliscor|Gliscor, F|100/100
|turn|3
|
|t:|1779812781
|move|p1a: Tentacruel|Surf|p2a: Gliscor
|-supereffective|p2a: Gliscor
|-damage|p2a: Gliscor|36/100
|move|p2a: Gliscor|Earthquake|p1a: Tentacruel
|-supereffective|p1a: Tentacruel
|-damage|p1a: Tentacruel|0 fnt
|faint|p1a: Tentacruel
|
|-status|p2a: Gliscor|tox|[from] item: Toxic Orb
|upkeep
|
|t:|1779812791
|switch|p1a: Hippowdon|Hippowdon, F|100/100
|-weather|Sandstorm|[from] ability: Sand Stream|[of] p1a: Hippowdon
|turn|4
|
|t:|1779812794
|move|p2a: Gliscor|Swords Dance|p2a: Gliscor
|-boost|p2a: Gliscor|atk|2
|move|p1a: Hippowdon|Stealth Rock|p2a: Gliscor
|-sidestart|p2: claudechamp|move: Stealth Rock
|
|-weather|Sandstorm|[upkeep]
|-heal|p2a: Gliscor|48/100 tox|[from] ability: Poison Heal
|upkeep
|turn|5
|
|t:|1779812796
|move|p2a: Gliscor|Knock Off|p1a: Hippowdon
|-damage|p1a: Hippowdon|70/100
|-enditem|p1a: Hippowdon|Lum Berry|[from] move: Knock Off|[of] p2a: Gliscor
|move|p1a: Hippowdon|Ice Fang|p2a: Gliscor
|-supereffective|p2a: Gliscor
|-damage|p2a: Gliscor|0 fnt
|faint|p2a: Gliscor
|
|-weather|Sandstorm|[upkeep]
|upkeep
|
|t:|1779812799
|switch|p2a: Blissey|Blissey, F|100/100
|turn|6
|
|t:|1779812808
|move|p2a: Blissey|Stealth Rock|p1a: Hippowdon
|-sidestart|p1: clouddaearth|move: Stealth Rock
|move|p1a: Hippowdon|Earthquake|p2a: Blissey
|-damage|p2a: Blissey|43/100
|
|-weather|Sandstorm|[upkeep]
|-damage|p2a: Blissey|37/100|[from] Sandstorm
|upkeep
|turn|7
|
|t:|1779812819
|move|p2a: Blissey|Soft-Boiled|p2a: Blissey
|-heal|p2a: Blissey|87/100
|move|p1a: Hippowdon|Earthquake|p2a: Blissey
|-damage|p2a: Blissey|37/100
|
|-weather|Sandstorm|[upkeep]
|-damage|p2a: Blissey|31/100|[from] Sandstorm
|upkeep
|turn|8
|
|t:|1779812821
|move|p2a: Blissey|Soft-Boiled|p2a: Blissey
|-heal|p2a: Blissey|81/100
|move|p1a: Hippowdon|Earthquake|p2a: Blissey
|-damage|p2a: Blissey|31/100
|
|-weather|none
|upkeep
|turn|9
|
|t:|1779812823
|move|p2a: Blissey|Soft-Boiled|p2a: Blissey
|-heal|p2a: Blissey|81/100
|move|p1a: Hippowdon|Earthquake|p2a: Blissey
|-damage|p2a: Blissey|24/100
|
|upkeep
|turn|10
|
|t:|1779812826
|switch|p2a: Pecharunt|Pecharunt|100/100
|move|p1a: Hippowdon|Earthquake|p2a: Pecharunt
|-supereffective|p2a: Pecharunt
|-damage|p2a: Pecharunt|50/100
|
|upkeep
|turn|11
|
|t:|1779812828
|move|p2a: Pecharunt|Recover|p2a: Pecharunt
|-heal|p2a: Pecharunt|99/100
|move|p1a: Hippowdon|Earthquake|p2a: Pecharunt
|-supereffective|p2a: Pecharunt
|-damage|p2a: Pecharunt|53/100
|
|upkeep
|turn|12
|
|t:|1779812831
|move|p2a: Pecharunt|Recover|p2a: Pecharunt
|-heal|p2a: Pecharunt|100/100
|move|p1a: Hippowdon|Earthquake|p2a: Pecharunt
|-supereffective|p2a: Pecharunt
|-crit|p2a: Pecharunt
|-damage|p2a: Pecharunt|31/100
|
|upkeep
|turn|13
|
|t:|1779812834
|move|p2a: Pecharunt|Recover|p2a: Pecharunt
|-heal|p2a: Pecharunt|81/100
|move|p1a: Hippowdon|Earthquake|p2a: Pecharunt
|-supereffective|p2a: Pecharunt
|-damage|p2a: Pecharunt|32/100
|
|upkeep
|turn|14
|
|t:|1779812836
|-terastallize|p2a: Pecharunt|Fairy
|move|p2a: Pecharunt|Recover|p2a: Pecharunt
|-heal|p2a: Pecharunt|82/100
|move|p1a: Hippowdon|Earthquake|p2a: Pecharunt
|-damage|p2a: Pecharunt|58/100
|
|upkeep
|turn|15
|
|t:|1779812842
|switch|p1a: Clefable|Clefable, F|100/100
|-damage|p1a: Clefable|88/100|[from] Stealth Rock
|move|p2a: Pecharunt|Toxic|p1a: Clefable
|-status|p1a: Clefable|tox
|-start|p1a: Clefable|confusion|[from] ability: Poison Puppeteer|[of] p2a: Pecharunt
|
|-heal|p1a: Clefable|94/100 tox|[from] item: Leftovers
|-damage|p1a: Clefable|88/100 tox|[from] psn
|upkeep
|turn|16
|
|t:|1779812849
|switch|p1a: Hippowdon|Hippowdon, F|70/100
|-damage|p1a: Hippowdon|64/100|[from] Stealth Rock
|-weather|Sandstorm|[from] ability: Sand Stream|[of] p1a: Hippowdon
|move|p2a: Pecharunt|Recover|p2a: Pecharunt
|-heal|p2a: Pecharunt|100/100
|
|-weather|Sandstorm|[upkeep]
|-damage|p2a: Pecharunt|94/100|[from] Sandstorm
|upkeep
|turn|17
|
|t:|1779812852
|move|p2a: Pecharunt|Toxic|p1a: Hippowdon
|-status|p1a: Hippowdon|tox
|-start|p1a: Hippowdon|confusion|[from] ability: Poison Puppeteer|[of] p2a: Pecharunt
|-activate|p1a: Hippowdon|confusion
|move|p1a: Hippowdon|Earthquake|p2a: Pecharunt
|-damage|p2a: Pecharunt|72/100
|
|-weather|Sandstorm|[upkeep]
|-damage|p2a: Pecharunt|65/100|[from] Sandstorm
|-damage|p1a: Hippowdon|58/100 tox|[from] psn
|upkeep
|turn|18
|
|t:|1779812856
|switch|p1a: Houndstone|Houndstone, M|100/100
|-damage|p1a: Houndstone|88/100|[from] Stealth Rock
|move|p2a: Pecharunt|Recover|p2a: Pecharunt
|-heal|p2a: Pecharunt|100/100
|
|-weather|Sandstorm|[upkeep]
|-damage|p2a: Pecharunt|94/100|[from] Sandstorm
|upkeep
|turn|19
|
|t:|1779812859
|-terastallize|p1a: Houndstone|Ghost
|move|p1a: Houndstone|Poltergeist|p2a: Pecharunt
|-activate|p2a: Pecharunt|move: Poltergeist|Heavy-Duty Boots
|-damage|p2a: Pecharunt|51/100
|-damage|p1a: Houndstone|78/100|[from] item: Life Orb
|move|p2a: Pecharunt|Parting Shot|p1a: Houndstone
|-unboost|p1a: Houndstone|atk|1
|-unboost|p1a: Houndstone|spa|1
|
|t:|1779812863
|switch|p2a: Zamazenta|Zamazenta|100/100|[from] Parting Shot
|-ability|p2a: Zamazenta|Dauntless Shield|boost
|-boost|p2a: Zamazenta|def|1
|
|-weather|Sandstorm|[upkeep]
|-damage|p2a: Zamazenta|94/100|[from] Sandstorm
|upkeep
|turn|20
|
|t:|1779812866
|switch|p2a: Blissey|Blissey, F|24/100
|move|p1a: Houndstone|Will-O-Wisp|p2a: Blissey|[miss]
|-miss|p1a: Houndstone|p2a: Blissey
|
|-weather|none
|upkeep
|turn|21
|
|t:|1779812870
|move|p1a: Houndstone|Play Rough|p2a: Blissey
|-damage|p2a: Blissey|0 fnt
|faint|p2a: Blissey
|-damage|p1a: Houndstone|69/100|[from] item: Life Orb
|
|upkeep
|
|t:|1779812874
|switch|p2a: Pecharunt|Pecharunt, tera:Fairy|51/100
|turn|22
|
|t:|1779812879
|switch|p1a: Clefable|Clefable, F|88/100 tox
|-damage|p1a: Clefable|76/100 tox|[from] Stealth Rock
|move|p2a: Pecharunt|Recover|p2a: Pecharunt
|-heal|p2a: Pecharunt|100/100
|
|-heal|p1a: Clefable|82/100 tox|[from] item: Leftovers
|-damage|p1a: Clefable|76/100 tox|[from] psn
|upkeep
|turn|23
|
|t:|1779812883
|move|p2a: Pecharunt|Parting Shot|p1a: Clefable
|-unboost|p1a: Clefable|atk|1
|-unboost|p1a: Clefable|spa|1
|
|t:|1779812887
|switch|p2a: Gholdengo|Gholdengo|100/100|[from] Parting Shot
|-damage|p2a: Gholdengo|94/100|[from] Stealth Rock
|move|p1a: Clefable|Moonblast|p2a: Gholdengo
|-resisted|p2a: Gholdengo
|-damage|p2a: Gholdengo|81/100
|
|-heal|p1a: Clefable|82/100 tox|[from] item: Leftovers
|-damage|p1a: Clefable|70/100 tox|[from] psn
|upkeep
|turn|24
|
|t:|1779812893
|switch|p1a: Hippowdon|Hippowdon, F|58/100 tox
|-damage|p1a: Hippowdon|52/100 tox|[from] Stealth Rock
|-weather|Sandstorm|[from] ability: Sand Stream|[of] p1a: Hippowdon
|move|p2a: Gholdengo|Recover|p2a: Gholdengo
|-heal|p2a: Gholdengo|100/100
|
|-weather|Sandstorm|[upkeep]
|-damage|p1a: Hippowdon|46/100 tox|[from] psn
|upkeep
|turn|25
|
|t:|1779812897
|move|p2a: Gholdengo|Hex|p1a: Hippowdon
|-damage|p1a: Hippowdon|0 fnt
|faint|p1a: Hippowdon
|
|-weather|Sandstorm|[upkeep]
|upkeep
|
|t:|1779812900
|switch|p1a: Houndstone|Houndstone, M, tera:Ghost|69/100
|-damage|p1a: Houndstone|56/100|[from] Stealth Rock
|turn|26
|
|t:|1779812905
|switch|p2a: Pecharunt|Pecharunt, tera:Fairy|100/100
|move|p1a: Houndstone|Poltergeist|p2a: Pecharunt
|-activate|p2a: Pecharunt|move: Poltergeist|Heavy-Duty Boots
|-damage|p2a: Pecharunt|59/100
|-damage|p1a: Houndstone|46/100|[from] item: Life Orb
|
|-weather|Sandstorm|[upkeep]
|-damage|p2a: Pecharunt|53/100|[from] Sandstorm
|upkeep
|turn|27
|
|t:|1779812910
|move|p1a: Houndstone|Poltergeist|p2a: Pecharunt
|-activate|p2a: Pecharunt|move: Poltergeist|Heavy-Duty Boots
|-damage|p2a: Pecharunt|6/100
|-damage|p1a: Houndstone|37/100|[from] item: Life Orb
|move|p2a: Pecharunt|Recover|p2a: Pecharunt
|-heal|p2a: Pecharunt|56/100
|
|-weather|Sandstorm|[upkeep]
|-damage|p2a: Pecharunt|50/100|[from] Sandstorm
|upkeep
|turn|28
|
|t:|1779812915
|move|p1a: Houndstone|Poltergeist|p2a: Pecharunt
|-activate|p2a: Pecharunt|move: Poltergeist|Heavy-Duty Boots
|-damage|p2a: Pecharunt|4/100
|-damage|p1a: Houndstone|27/100|[from] item: Life Orb
|move|p2a: Pecharunt|Parting Shot|p1a: Houndstone
|-unboost|p1a: Houndstone|atk|1
|-unboost|p1a: Houndstone|spa|1
|
|t:|1779812920
|switch|p2a: Zamazenta|Zamazenta|94/100|[from] Parting Shot
|
|-weather|none
|upkeep
|turn|29
|
|t:|1779812925
|switch|p1a: Clefable|Clefable, F|70/100 tox
|-damage|p1a: Clefable|57/100 tox|[from] Stealth Rock
|move|p2a: Zamazenta|Crunch|p1a: Clefable
|-resisted|p1a: Clefable
|-damage|p1a: Clefable|43/100 tox
|
|-heal|p1a: Clefable|49/100 tox|[from] item: Leftovers
|-damage|p1a: Clefable|43/100 tox|[from] psn
|upkeep
|turn|30
|
|t:|1779812931
|move|p2a: Zamazenta|Heavy Slam|p1a: Clefable
|-supereffective|p1a: Clefable
|-damage|p1a: Clefable|0 fnt
|faint|p1a: Clefable
|
|upkeep
|
|t:|1779812935
|switch|p1a: Vikavolt|Vikavolt, M|100/100
|-damage|p1a: Vikavolt|76/100|[from] Stealth Rock
|turn|31
|
|t:|1779812941
|move|p2a: Zamazenta|Crunch|p1a: Vikavolt
|-damage|p1a: Vikavolt|46/100
|-enditem|p1a: Vikavolt|Sitrus Berry|[eat]
|-heal|p1a: Vikavolt|71/100|[from] item: Sitrus Berry
|move|p1a: Vikavolt|Energy Ball|p2a: Zamazenta
|-damage|p2a: Zamazenta|60/100
|
|upkeep
|turn|32
|
|t:|1779812949
|move|p2a: Zamazenta|Crunch|p1a: Vikavolt
|-damage|p1a: Vikavolt|46/100
|move|p1a: Vikavolt|Energy Ball|p2a: Zamazenta
|-damage|p2a: Zamazenta|28/100
|
|upkeep
|turn|33
|
|t:|1779812956
|switch|p2a: Pecharunt|Pecharunt, tera:Fairy|4/100
|move|p1a: Vikavolt|Energy Ball|p2a: Pecharunt
|-damage|p2a: Pecharunt|0 fnt
|faint|p2a: Pecharunt
|
|upkeep
|
|t:|1779812961
|switch|p2a: Gholdengo|Gholdengo|100/100
|-damage|p2a: Gholdengo|94/100|[from] Stealth Rock
|turn|34
|
|t:|1779812972
|move|p2a: Gholdengo|Hex|p1a: Vikavolt
|-damage|p1a: Vikavolt|11/100
|move|p1a: Vikavolt|Sticky Web|p2a: Gholdengo
|-sidestart|p2: claudechamp|move: Sticky Web
|
|upkeep
|turn|35
|
|t:|1779812977
|move|p2a: Gholdengo|Hex|p1a: Vikavolt
|-damage|p1a: Vikavolt|0 fnt
|faint|p1a: Vikavolt
|
|upkeep
|
|t:|1779812981
|switch|p1a: Tauros|Tauros-Paldea-Blaze, M|100/100
|-damage|p1a: Tauros|88/100|[from] Stealth Rock
|-ability|p1a: Tauros|Intimidate|boost
|-unboost|p2a: Gholdengo|atk|1
|turn|36
|
|t:|1779812986
|move|p1a: Tauros|Raging Bull|p2a: Gholdengo
|-supereffective|p2a: Gholdengo
|-damage|p2a: Gholdengo|37/100
|move|p2a: Gholdengo|Thunder Wave|p1a: Tauros
|-status|p1a: Tauros|par
|
|upkeep
|turn|37
|
|t:|1779812992
|move|p1a: Tauros|Raging Bull|p2a: Gholdengo
|-supereffective|p2a: Gholdengo
|-damage|p2a: Gholdengo|0 fnt
|faint|p2a: Gholdengo
|
|upkeep
|
|t:|1779812997
|switch|p2a: Zamazenta|Zamazenta|28/100
|turn|38
|
|t:|1779813004
|move|p2a: Zamazenta|Close Combat|p1a: Tauros
|-damage|p1a: Tauros|17/100 par
|-unboost|p2a: Zamazenta|def|1
|-unboost|p2a: Zamazenta|spd|1
|move|p1a: Tauros|Raging Bull|p2a: Zamazenta
|-damage|p2a: Zamazenta|0 fnt
|faint|p2a: Zamazenta
|
|win|clouddaearth
|raw|clouddaearth's rating: 1336 &rarr; <strong>1351</strong><br />(+15 for winning)
|raw|claudechamp's rating: 1243 &rarr; <strong>1225</strong><br />(-18 for losing)
|c|☆claudechamp|gg
