|j|☆Igoodnamename
|j|☆itsjustrps
|t:|1779819539
|gametype|singles
|player|p1|Igoodnamename|aaron|1601
|player|p2|itsjustrps|1|1618
|gen|9
|tier|[Gen 9] OU
|rated|
|rule|HP Percentage Mod: HP is shown in percentages
|rule|Endless Battle Clause: Forcing endless battles is banned
|rule|Species Clause: Limit one of each Pokémon
|rule|OHKO Clause: OHKO moves are banned
|rule|Evasion Items Clause: Evasion items are banned
|rule|Evasion Moves Clause: Evasion moves are banned
|rule|Evasion Abilities Clause: Evasion abilities are banned
|rule|Sleep Moves Clause: Sleep-inducing moves are banned
|clearpoke
|poke|p1|Pecharunt|
|poke|p1|Slowking, F|
|poke|p1|Iron Treads|
|poke|p1|Zamazenta-*|
|poke|p1|Umbreon, F|
|poke|p1|Ogerpon, F|
|poke|p2|Clodsire, M|
|poke|p2|Dondozo, M|
|poke|p2|Garganacl, F|
|poke|p2|Kyurem|
|poke|p2|Corviknight, F|
|poke|p2|Tornadus-Therian, M|
|teampreview
|inactive|Battle timer is ON: inactive players will automatically lose when time's up. (requested by itsjustrps)
|
|t:|1779819547
|teamsize|p1|6
|teamsize|p2|6
|start
|switch|p1a: Iron Treads|Iron Treads|100/100
|switch|p2a: Tornadus|Tornadus-Therian, M|100/100
|turn|1
|
|t:|1779819557
|move|p2a: Tornadus|Taunt|p1a: Iron Treads
|-start|p1a: Iron Treads|move: Taunt
|cant|p1a: Iron Treads|move: Taunt|Stealth Rock
|
|upkeep
|turn|2
|
|t:|1779819562
|move|p2a: Tornadus|Knock Off|p1a: Iron Treads
|-damage|p1a: Iron Treads|81/100
|-enditem|p1a: Iron Treads|Leftovers|[from] move: Knock Off|[of] p2a: Tornadus
|move|p1a: Iron Treads|Ice Spinner|p2a: Tornadus
|-supereffective|p2a: Tornadus
|-damage|p2a: Tornadus|46/100
|
|upkeep
|turn|3
|
|t:|1779819567
|move|p2a: Tornadus|U-turn|p1a: Iron Treads
|-resisted|p1a: Iron Treads
|-damage|p1a: Iron Treads|75/100
|
|t:|1779819571
|switch|p2a: Dondozo|Dondozo, M|100/100|[from] U-turn
|move|p1a: Iron Treads|Ice Spinner|p2a: Dondozo
|-resisted|p2a: Dondozo
|-damage|p2a: Dondozo|95/100
|
|-heal|p2a: Dondozo|100/100|[from] item: Leftovers
|-end|p1a: Iron Treads|move: Taunt
|upkeep
|turn|4
|
|t:|1779819574
|move|p1a: Iron Treads|Stealth Rock|p2a: Dondozo
|-sidestart|p2: itsjustrps|move: Stealth Rock
|move|p2a: Dondozo|Waterfall|p1a: Iron Treads
|-supereffective|p1a: Iron Treads
|-damage|p1a: Iron Treads|33/100
|
|upkeep
|turn|5
|
|t:|1779819579
|-end|p1a: Iron Treads|Quark Drive|[silent]
|switch|p1a: Ogerpon|Ogerpon, F|100/100
|move|p2a: Dondozo|Body Press|p1a: Ogerpon
|-damage|p1a: Ogerpon|66/100
|
|upkeep
|turn|6
|
|t:|1779819583
|switch|p2a: Corviknight|Corviknight, F|100/100
|-damage|p2a: Corviknight|88/100|[from] Stealth Rock
|-ability|p2a: Corviknight|Pressure
|move|p1a: Ogerpon|U-turn|p2a: Corviknight
|-resisted|p2a: Corviknight
|-damage|p2a: Corviknight|81/100
|
|t:|1779819587
|switch|p1a: Slowking|Slowking, F|100/100|[from] U-turn
|
|upkeep
|turn|7
|
|t:|1779819591
|move|p2a: Corviknight|Defog|p1a: Slowking
|-unboost|p1a: Slowking|evasion|1
|-sideend|p2: itsjustrps|Stealth Rock|[from] move: Defog|[of] p2a: Corviknight
|move|p1a: Slowking|Flamethrower|p2a: Corviknight
|-supereffective|p2a: Corviknight
|-damage|p2a: Corviknight|49/100
|
|upkeep
|turn|8
|
|t:|1779819596
|move|p2a: Corviknight|Roost|p2a: Corviknight
|-heal|p2a: Corviknight|99/100
|-singleturn|p2a: Corviknight|move: Roost
|move|p1a: Slowking|Scald|p2a: Corviknight
|-damage|p2a: Corviknight|79/100
|
|upkeep
|turn|9
|
|t:|1779819601
|move|p2a: Corviknight|U-turn|p1a: Slowking
|-supereffective|p1a: Slowking
|-damage|p1a: Slowking|76/100
|
|t:|1779819610
|switch|p2a: Tornadus|Tornadus-Therian, M|80/100|[from] U-turn
|move|p1a: Slowking|Scald|p2a: Tornadus
|-damage|p2a: Tornadus|48/100
|
|upkeep
|turn|10
|
|t:|1779819620
|switch|p1a: Umbreon|Umbreon, F|100/100
|move|p2a: Tornadus|U-turn|p1a: Umbreon
|-supereffective|p1a: Umbreon
|-damage|p1a: Umbreon|81/100
|
|t:|1779819626
|switch|p2a: Kyurem|Kyurem|100/100|[from] U-turn
|-ability|p2a: Kyurem|Pressure
|
|-heal|p1a: Umbreon|87/100|[from] item: Leftovers
|upkeep
|turn|11
|
|t:|1779819630
|move|p2a: Kyurem|Substitute|p2a: Kyurem
|-start|p2a: Kyurem|Substitute
|-damage|p2a: Kyurem|75/100
|move|p1a: Umbreon|Wish|p1a: Umbreon
|
|-heal|p2a: Kyurem|82/100|[from] item: Leftovers
|-heal|p1a: Umbreon|93/100|[from] item: Leftovers
|upkeep
|turn|12
|
|t:|1779819635
|move|p2a: Kyurem|Freeze-Dry|p1a: Umbreon
|-damage|p1a: Umbreon|68/100
|move|p1a: Umbreon|Foul Play|p2a: Kyurem
|-end|p2a: Kyurem|Substitute
|
|-heal|p1a: Umbreon|100/100|[from] move: Wish|[wisher] Umbreon
|-heal|p2a: Kyurem|88/100|[from] item: Leftovers
|upkeep
|turn|13
|
|t:|1779819639
|move|p2a: Kyurem|Protect|p2a: Kyurem
|-singleturn|p2a: Kyurem|Protect
|move|p1a: Umbreon|Foul Play|p2a: Kyurem
|-activate|p2a: Kyurem|move: Protect
|
|-heal|p2a: Kyurem|94/100|[from] item: Leftovers
|upkeep
|turn|14
|
|t:|1779819645
|switch|p2a: Tornadus|Tornadus-Therian, M|81/100
|move|p1a: Umbreon|Foul Play|p2a: Tornadus
|-damage|p2a: Tornadus|42/100
|
|upkeep
|turn|15
|
|t:|1779819653
|move|p2a: Tornadus|U-turn|p1a: Umbreon
|-supereffective|p1a: Umbreon
|-damage|p1a: Umbreon|78/100
|
|t:|1779819654
|switch|p2a: Garganacl|Garganacl, F|100/100|[from] U-turn
|move|p1a: Umbreon|Toxic|p2a: Garganacl
|-immune|p2a: Garganacl|[from] ability: Purifying Salt
|
|-heal|p1a: Umbreon|84/100|[from] item: Leftovers
|upkeep
|turn|16
|
|t:|1779819660
|move|p1a: Umbreon|Wish|p1a: Umbreon
|move|p2a: Garganacl|Iron Defense|p2a: Garganacl
|-boost|p2a: Garganacl|def|2
|
|-heal|p1a: Umbreon|90/100|[from] item: Leftovers
|upkeep
|turn|17
|
|t:|1779819669
|switch|p1a: Slowking|Slowking, F|100/100
|move|p2a: Garganacl|Salt Cure|p1a: Slowking
|-damage|p1a: Slowking|88/100
|-start|p1a: Slowking|Salt Cure
|
|-heal|p1a: Slowking|100/100|[from] move: Wish|[wisher] Umbreon
|-damage|p1a: Slowking|76/100|[from] Salt Cure
|upkeep
|turn|18
|
|t:|1779819674
|-terastallize|p2a: Garganacl|Ghost
|move|p2a: Garganacl|Iron Defense|p2a: Garganacl
|-boost|p2a: Garganacl|def|2
|move|p1a: Slowking|Scald|p2a: Garganacl
|-damage|p2a: Garganacl|81/100
|
|-damage|p1a: Slowking|51/100|[from] Salt Cure
|upkeep
|turn|19
|
|t:|1779819679
|switch|p1a: Pecharunt|Pecharunt|100/100
|-item|p1a: Pecharunt|Air Balloon
|move|p2a: Garganacl|Body Press|p1a: Pecharunt
|-immune|p1a: Pecharunt
|
|upkeep
|turn|20
|
|t:|1779819682
|move|p1a: Pecharunt|Nasty Plot|p1a: Pecharunt
|-boost|p1a: Pecharunt|spa|2
|move|p2a: Garganacl|Salt Cure|p1a: Pecharunt
|-damage|p1a: Pecharunt|90/100
|-start|p1a: Pecharunt|Salt Cure
|-enditem|p1a: Pecharunt|Air Balloon
|
|-damage|p1a: Pecharunt|77/100|[from] Salt Cure
|upkeep
|turn|21
|
|t:|1779819688
|switch|p2a: Clodsire|Clodsire, M|100/100
|move|p1a: Pecharunt|Nasty Plot|p1a: Pecharunt
|-boost|p1a: Pecharunt|spa|2
|
|-damage|p1a: Pecharunt|65/100|[from] Salt Cure
|upkeep
|turn|22
|
|t:|1779819693
|switch|p1a: Umbreon|Umbreon, F|90/100
|move|p2a: Clodsire|Stealth Rock|p1a: Umbreon
|-sidestart|p1: Igoodnamename|move: Stealth Rock
|
|-heal|p1a: Umbreon|96/100|[from] item: Leftovers
|upkeep
|turn|23
|
|t:|1779819701
|switch|p1a: Ogerpon|Ogerpon, F|66/100
|-damage|p1a: Ogerpon|53/100|[from] Stealth Rock
|move|p2a: Clodsire|Poison Jab|p1a: Ogerpon
|-supereffective|p1a: Ogerpon
|-damage|p1a: Ogerpon|0 fnt
|faint|p1a: Ogerpon
|
|upkeep
|
|t:|1779819704
|switch|p1a: Iron Treads|Iron Treads|33/100
|-damage|p1a: Iron Treads|30/100|[from] Stealth Rock
|turn|24
|
|t:|1779819711
|switch|p2a: Dondozo|Dondozo, M|100/100
|move|p1a: Iron Treads|Stealth Rock|p2a: Dondozo
|-sidestart|p2: itsjustrps|move: Stealth Rock
|
|upkeep
|turn|25
|
|t:|1779819715
|-end|p1a: Iron Treads|Quark Drive|[silent]
|switch|p1a: Slowking|Slowking, F|84/100
|-damage|p1a: Slowking|71/100|[from] Stealth Rock
|move|p2a: Dondozo|Waterfall|p1a: Slowking
|-resisted|p1a: Slowking
|-damage|p1a: Slowking|60/100
|
|upkeep
|turn|26
|
|t:|1779819718
|switch|p2a: Corviknight|Corviknight, F|79/100
|-damage|p2a: Corviknight|66/100|[from] Stealth Rock
|-ability|p2a: Corviknight|Pressure
|move|p1a: Slowking|Future Sight|p2a: Corviknight
|-start|p1a: Slowking|move: Future Sight
|
|upkeep
|turn|27
|
|t:|1779819722
|move|p2a: Corviknight|Defog|p1a: Slowking
|-unboost|p1a: Slowking|evasion|1
|-sideend|p1: Igoodnamename|Stealth Rock|[from] move: Defog|[of] p2a: Corviknight
|-sideend|p2: itsjustrps|Stealth Rock|[from] move: Defog|[of] p2a: Corviknight
|move|p1a: Slowking|Scald|p2a: Corviknight
|-damage|p2a: Corviknight|47/100
|
|upkeep
|turn|28
|
|t:|1779819729
|move|p2a: Corviknight|Roost|p2a: Corviknight
|-heal|p2a: Corviknight|97/100
|-singleturn|p2a: Corviknight|move: Roost
|move|p1a: Slowking|Scald|p2a: Corviknight
|-damage|p2a: Corviknight|76/100
|
|-end|p2a: Corviknight|move: Future Sight
|-resisted|p2a: Corviknight
|-damage|p2a: Corviknight|60/100
|upkeep
|turn|29
|
|t:|1779819732
|move|p2a: Corviknight|U-turn|p1a: Slowking
|-supereffective|p1a: Slowking
|-damage|p1a: Slowking|35/100
|
|t:|1779819741
|switch|p2a: Tornadus|Tornadus-Therian, M|75/100|[from] U-turn
|move|p1a: Slowking|Scald|p2a: Tornadus
|-damage|p2a: Tornadus|45/100
|
|upkeep
|turn|30
|
|t:|1779819744
|switch|p1a: Umbreon|Umbreon, F|96/100
|move|p2a: Tornadus|Knock Off|p1a: Umbreon
|-resisted|p1a: Umbreon
|-damage|p1a: Umbreon|88/100
|-enditem|p1a: Umbreon|Leftovers|[from] move: Knock Off|[of] p2a: Tornadus
|
|upkeep
|turn|31
|
|t:|1779819747
|move|p2a: Tornadus|U-turn|p1a: Umbreon
|-supereffective|p1a: Umbreon
|-damage|p1a: Umbreon|66/100
|
|t:|1779819749
|switch|p2a: Garganacl|Garganacl, F, tera:Ghost|81/100|[from] U-turn
|move|p1a: Umbreon|Wish|p1a: Umbreon
|
|upkeep
|turn|32
|
|t:|1779819755
|switch|p1a: Iron Treads|Iron Treads|30/100
|move|p2a: Garganacl|Iron Defense|p2a: Garganacl
|-boost|p2a: Garganacl|def|2
|
|-heal|p1a: Iron Treads|81/100|[from] move: Wish|[wisher] Umbreon
|upkeep
|turn|33
|
|t:|1779819759
|-end|p1a: Iron Treads|Quark Drive|[silent]
|switch|p1a: Pecharunt|Pecharunt|65/100
|move|p2a: Garganacl|Body Press|p1a: Pecharunt
|-immune|p1a: Pecharunt
|
|upkeep
|turn|34
|
|t:|1779819765
|move|p1a: Pecharunt|Shadow Ball|p2a: Garganacl
|-supereffective|p2a: Garganacl
|-damage|p2a: Garganacl|59/100
|move|p2a: Garganacl|Salt Cure|p1a: Pecharunt
|-damage|p1a: Pecharunt|54/100
|-start|p1a: Pecharunt|Salt Cure
|
|-damage|p1a: Pecharunt|42/100|[from] Salt Cure
|upkeep
|turn|35
|
|t:|1779819769
|move|p1a: Pecharunt|Recover|p1a: Pecharunt
|-heal|p1a: Pecharunt|92/100
|move|p2a: Garganacl|Recover|p2a: Garganacl
|-heal|p2a: Garganacl|100/100
|
|-damage|p1a: Pecharunt|80/100|[from] Salt Cure
|upkeep
|turn|36
|
|t:|1779819776
|switch|p2a: Clodsire|Clodsire, M|100/100
|move|p1a: Pecharunt|Nasty Plot|p1a: Pecharunt
|-boost|p1a: Pecharunt|spa|2
|
|-damage|p1a: Pecharunt|68/100|[from] Salt Cure
|upkeep
|turn|37
|
|t:|1779819780
|switch|p1a: Iron Treads|Iron Treads|81/100
|move|p2a: Clodsire|Earthquake|p1a: Iron Treads
|-supereffective|p1a: Iron Treads
|-damage|p1a: Iron Treads|43/100
|
|upkeep
|turn|38
|
|t:|1779819786
|switch|p2a: Corviknight|Corviknight, F|60/100
|-ability|p2a: Corviknight|Pressure
|move|p1a: Iron Treads|Stealth Rock|p2a: Corviknight
|-sidestart|p2: itsjustrps|move: Stealth Rock
|
|upkeep
|turn|39
|
|t:|1779819790
|-end|p1a: Iron Treads|Quark Drive|[silent]
|switch|p1a: Zamazenta|Zamazenta|100/100
|-ability|p1a: Zamazenta|Dauntless Shield|boost
|-boost|p1a: Zamazenta|def|1
|move|p2a: Corviknight|Roost|p2a: Corviknight
|-heal|p2a: Corviknight|100/100
|-singleturn|p2a: Corviknight|move: Roost
|
|upkeep
|turn|40
|
|t:|1779819796
|switch|p2a: Dondozo|Dondozo, M|100/100
|-damage|p2a: Dondozo|88/100|[from] Stealth Rock
|move|p1a: Zamazenta|Close Combat|p2a: Dondozo
|-damage|p2a: Dondozo|49/100
|-unboost|p1a: Zamazenta|def|1
|-unboost|p1a: Zamazenta|spd|1
|
|-heal|p2a: Dondozo|55/100|[from] item: Leftovers
|upkeep
|turn|41
|
|t:|1779819801
|move|p1a: Zamazenta|Close Combat|p2a: Dondozo
|-damage|p2a: Dondozo|17/100
|-unboost|p1a: Zamazenta|def|1
|-unboost|p1a: Zamazenta|spd|1
|move|p2a: Dondozo|Rest|p2a: Dondozo
|-status|p2a: Dondozo|slp|[from] move: Rest
|-heal|p2a: Dondozo|100/100 slp|[silent]
|
|upkeep
|turn|42
|
|t:|1779819813
|switch|p1a: Pecharunt|Pecharunt|68/100
|switch|p2a: Garganacl|Garganacl, F, tera:Ghost|100/100
|
|upkeep
|turn|43
|
|t:|1779819818
|move|p1a: Pecharunt|Shadow Ball|p2a: Garganacl
|-supereffective|p2a: Garganacl
|-damage|p2a: Garganacl|78/100
|move|p2a: Garganacl|Salt Cure|p1a: Pecharunt
|-damage|p1a: Pecharunt|57/100
|-start|p1a: Pecharunt|Salt Cure
|
|-damage|p1a: Pecharunt|45/100|[from] Salt Cure
|upkeep
|turn|44
|
|t:|1779819824
|switch|p2a: Clodsire|Clodsire, M|100/100
|move|p1a: Pecharunt|Recover|p1a: Pecharunt
|-heal|p1a: Pecharunt|95/100
|
|-damage|p1a: Pecharunt|83/100|[from] Salt Cure
|upkeep
|turn|45
|
|t:|1779819832
|switch|p1a: Slowking|Slowking, F|69/100
|move|p2a: Clodsire|Earthquake|p1a: Slowking
|-damage|p1a: Slowking|43/100
|
|upkeep
|turn|46
|
|t:|1779819838
|switch|p2a: Corviknight|Corviknight, F|100/100
|-damage|p2a: Corviknight|88/100|[from] Stealth Rock
|-ability|p2a: Corviknight|Pressure
|move|p1a: Slowking|Psyshock|p2a: Corviknight
|-resisted|p2a: Corviknight
|-damage|p2a: Corviknight|75/100
|
|upkeep
|turn|47
|
|t:|1779819841
|switch|p1a: Zamazenta|Zamazenta|100/100
|move|p2a: Corviknight|Defog|p1a: Zamazenta
|-unboost|p1a: Zamazenta|evasion|1
|-sideend|p2: itsjustrps|Stealth Rock|[from] move: Defog|[of] p2a: Corviknight
|
|upkeep
|turn|48
|
|t:|1779819846
|switch|p2a: Dondozo|Dondozo, M|100/100 slp
|move|p1a: Zamazenta|Crunch|p2a: Dondozo
|-damage|p2a: Dondozo|81/100 slp
|
|-heal|p2a: Dondozo|88/100 slp|[from] item: Leftovers
|upkeep
|turn|49
|
|t:|1779819850
|switch|p1a: Slowking|Slowking, F|76/100
|cant|p2a: Dondozo|slp
|move|p2a: Dondozo|Sleep Talk|p2a: Dondozo
|move|p2a: Dondozo|Body Press|p1a: Slowking|[from] move: Sleep Talk
|-resisted|p1a: Slowking
|-damage|p1a: Slowking|64/100
|
|-heal|p2a: Dondozo|94/100 slp|[from] item: Leftovers
|upkeep
|turn|50
|
|t:|1779819854
|switch|p2a: Tornadus|Tornadus-Therian, M|78/100
|move|p1a: Slowking|Future Sight|p2a: Tornadus
|-start|p1a: Slowking|move: Future Sight
|
|upkeep
|turn|51
|
|t:|1779819858
|move|p2a: Tornadus|U-turn|p1a: Slowking
|-supereffective|p1a: Slowking
|-damage|p1a: Slowking|33/100
|
|t:|1779819865
|switch|p2a: Garganacl|Garganacl, F, tera:Ghost|78/100|[from] U-turn
|move|p1a: Slowking|Scald|p2a: Garganacl
|-damage|p2a: Garganacl|60/100
|
|upkeep
|turn|52
|
|t:|1779819874
|move|p2a: Garganacl|Recover|p2a: Garganacl
|-heal|p2a: Garganacl|100/100
|move|p1a: Slowking|Flamethrower|p2a: Garganacl
|-damage|p2a: Garganacl|86/100
|
|-end|p2a: Garganacl|move: Future Sight
|-damage|p2a: Garganacl|54/100
|upkeep
|turn|53
|
|t:|1779819880
|move|p2a: Garganacl|Salt Cure|p1a: Slowking
|-damage|p1a: Slowking|21/100
|-start|p1a: Slowking|Salt Cure
|move|p1a: Slowking|Future Sight|p2a: Garganacl
|-start|p1a: Slowking|move: Future Sight
|
|-damage|p1a: Slowking|0 fnt|[from] Salt Cure
|faint|p1a: Slowking
|upkeep
|
|t:|1779819883
|switch|p1a: Zamazenta|Zamazenta|100/100
|turn|54
|
|t:|1779819899
|switch|p2a: Tornadus|Tornadus-Therian, M|100/100
|-terastallize|p1a: Zamazenta|Dark
|move|p1a: Zamazenta|Crunch|p2a: Tornadus
|-damage|p2a: Tornadus|34/100
|
|upkeep
|turn|55
|
|t:|1779819910
|move|p1a: Zamazenta|Crunch|p2a: Tornadus
|-damage|p2a: Tornadus|0 fnt
|faint|p2a: Tornadus
|
|-hint|Future Sight did not hit because the target is fainted.
|upkeep
|
|t:|1779819916
|switch|p2a: Dondozo|Dondozo, M|94/100 slp
|turn|56
|
|t:|1779819925
|move|p1a: Zamazenta|Crunch|p2a: Dondozo
|-damage|p2a: Dondozo|68/100 slp
|cant|p2a: Dondozo|slp
|move|p2a: Dondozo|Sleep Talk|p2a: Dondozo
|move|p2a: Dondozo|Waterfall|p1a: Zamazenta|[from] move: Sleep Talk
|-damage|p1a: Zamazenta|73/100
|
|-heal|p2a: Dondozo|74/100 slp|[from] item: Leftovers
|upkeep
|turn|57
|
|t:|1779819932
|switch|p1a: Umbreon|Umbreon, F|66/100
|-curestatus|p2a: Dondozo|slp|[msg]
|move|p2a: Dondozo|Body Press|p1a: Umbreon
|-supereffective|p1a: Umbreon
|-damage|p1a: Umbreon|30/100
|
|-heal|p2a: Dondozo|80/100|[from] item: Leftovers
|upkeep
|turn|58
|
|t:|1779819937
|move|p1a: Umbreon|Protect|p1a: Umbreon
|-singleturn|p1a: Umbreon|Protect
|move|p2a: Dondozo|Body Press|p1a: Umbreon
|-activate|p1a: Umbreon|move: Protect
|
|-heal|p2a: Dondozo|86/100|[from] item: Leftovers
|upkeep
|turn|59
|
|t:|1779819940
|switch|p1a: Pecharunt|Pecharunt|83/100
|move|p2a: Dondozo|Body Press|p1a: Pecharunt
|-immune|p1a: Pecharunt
|
|-heal|p2a: Dondozo|93/100|[from] item: Leftovers
|upkeep
|turn|60
|
|t:|1779819945
|switch|p2a: Garganacl|Garganacl, F, tera:Ghost|54/100
|move|p1a: Pecharunt|Nasty Plot|p1a: Pecharunt
|-boost|p1a: Pecharunt|spa|2
|
|upkeep
|turn|61
|
|t:|1779819948
|switch|p1a: Umbreon|Umbreon, F|30/100
|switch|p2a: Clodsire|Clodsire, M|100/100
|
|upkeep
|turn|62
|
|t:|1779819953
|move|p1a: Umbreon|Wish|p1a: Umbreon
|move|p2a: Clodsire|Poison Jab|p1a: Umbreon
|-damage|p1a: Umbreon|17/100
|-status|p1a: Umbreon|psn
|
|-damage|p1a: Umbreon|4/100 psn|[from] psn
|upkeep
|turn|63
|
|t:|1779819958
|move|p1a: Umbreon|Protect|p1a: Umbreon
|-singleturn|p1a: Umbreon|Protect
|move|p2a: Clodsire|Stealth Rock|p1a: Umbreon
|-sidestart|p1: Igoodnamename|move: Stealth Rock
|
|-heal|p1a: Umbreon|54/100 psn|[from] move: Wish|[wisher] Umbreon
|-damage|p1a: Umbreon|42/100 psn|[from] psn
|upkeep
|turn|64
|
|t:|1779819965
|switch|p2a: Kyurem|Kyurem|94/100
|-ability|p2a: Kyurem|Pressure
|move|p1a: Umbreon|Wish|p1a: Umbreon
|
|-heal|p2a: Kyurem|99/100|[from] item: Leftovers
|-damage|p1a: Umbreon|29/100 psn|[from] psn
|upkeep
|turn|65
|
|t:|1779819968
|switch|p1a: Zamazenta|Zamazenta, tera:Dark|73/100
|-damage|p1a: Zamazenta|60/100|[from] Stealth Rock
|move|p2a: Kyurem|Substitute|p2a: Kyurem
|-start|p2a: Kyurem|Substitute
|-damage|p2a: Kyurem|75/100
|
|-heal|p1a: Zamazenta|100/100|[from] move: Wish|[wisher] Umbreon
|-heal|p2a: Kyurem|81/100|[from] item: Leftovers
|upkeep
|turn|66
|
|t:|1779819972
|move|p2a: Kyurem|Protect|p2a: Kyurem
|-singleturn|p2a: Kyurem|Protect
|move|p1a: Zamazenta|Crunch|p2a: Kyurem
|-activate|p2a: Kyurem|move: Protect
|
|-heal|p2a: Kyurem|88/100|[from] item: Leftovers
|upkeep
|turn|67
|
|t:|1779819979
|move|p1a: Zamazenta|Crunch|p2a: Kyurem
|-end|p2a: Kyurem|Substitute
|move|p2a: Kyurem|Freeze-Dry|p1a: Zamazenta
|-damage|p1a: Zamazenta|68/100
|
|-heal|p2a: Kyurem|94/100|[from] item: Leftovers
|upkeep
|turn|68
|
|t:|1779819982
|move|p2a: Kyurem|Protect|p2a: Kyurem
|-singleturn|p2a: Kyurem|Protect
|move|p1a: Zamazenta|Crunch|p2a: Kyurem
|-activate|p2a: Kyurem|move: Protect
|
|-heal|p2a: Kyurem|99/100|[from] item: Leftovers
|upkeep
|turn|69
|
|t:|1779819986
|switch|p2a: Dondozo|Dondozo, M|93/100
|move|p1a: Zamazenta|Crunch|p2a: Dondozo
|-damage|p2a: Dondozo|67/100
|
|-heal|p2a: Dondozo|73/100|[from] item: Leftovers
|upkeep
|turn|70
|
|t:|1779819990
|switch|p1a: Iron Treads|Iron Treads|43/100
|-damage|p1a: Iron Treads|40/100|[from] Stealth Rock
|move|p2a: Dondozo|Body Press|p1a: Iron Treads
|-supereffective|p1a: Iron Treads
|-damage|p1a: Iron Treads|0 fnt
|faint|p1a: Iron Treads
|-end|p1a: Iron Treads|Quark Drive|[silent]
|
|-heal|p2a: Dondozo|79/100|[from] item: Leftovers
|upkeep
|
|t:|1779819992
|switch|p1a: Zamazenta|Zamazenta, tera:Dark|68/100
|-damage|p1a: Zamazenta|56/100|[from] Stealth Rock
|turn|71
|
|t:|1779820002
|move|p1a: Zamazenta|Close Combat|p2a: Dondozo
|-damage|p2a: Dondozo|40/100
|-unboost|p1a: Zamazenta|def|1
|-unboost|p1a: Zamazenta|spd|1
|move|p2a: Dondozo|Body Press|p1a: Zamazenta
|-supereffective|p1a: Zamazenta
|-damage|p1a: Zamazenta|0 fnt
|faint|p1a: Zamazenta
|
|-heal|p2a: Dondozo|47/100|[from] item: Leftovers
|upkeep
|-message|Igoodnamename forfeited.
|
|win|itsjustrps
|raw|Igoodnamename's rating: 1601 &rarr; <strong>1582</strong><br />(-19 for losing)
|raw|itsjustrps's rating: 1618 &rarr; <strong>1637</strong><br />(+19 for winning)
|l|☆Igoodnamename
|player|p1|
