|j|☆itxpapon
|j|☆masaluca026
|t:|1779868909
|gametype|singles
|player|p1|itxpapon|101|1117
|player|p2|masaluca026|102|1140
|gen|9
|tier|[Gen 9] OU
|rated|
|rule|HP Percentage Mod: HP is shown in percentages
|rule|Endless Battle Clause: Forcing endless battles is banned
|rule|Species Clause: Limit one of each Pokémon
|rule|OHKO Clause: OHKO moves are banned
|rule|Evasion Items Clause: Evasion items are banned
|rule|Evasion Moves Clause: Evasion moves are banned
|rule|Evasion Abilities Clause: Evasion abilities are banned
|rule|Sleep Moves Clause: Sleep-inducing moves are banned
|clearpoke
|poke|p1|Abomasnow, M|
|poke|p1|Amoonguss, F|
|poke|p1|Bastiodon, M|
|poke|p1|Zarude|
|poke|p1|Oricorio-Pom-Pom, F|
|poke|p1|Virizion|
|poke|p2|Blaziken, M|
|poke|p2|Iron Boulder|
|poke|p2|Revavroom, M|
|poke|p2|Goodra-Hisui, F|
|poke|p2|Grimmsnarl, M|
|poke|p2|Glimmora, F|
|teampreview
|inactive|Battle timer is ON: inactive players will automatically lose when time's up. (requested by itxpapon)
|inactive|itxpapon has 120 seconds left.
|
|t:|1779868962
|teamsize|p1|6
|teamsize|p2|6
|start
|switch|p1a: Bastiodon|Bastiodon, M|100/100
|switch|p2a: Glimmora|Glimmora, F|100/100
|turn|1
|l|☆itxpapon
|inactive|itxpapon disconnected and has a minute to reconnect!
|player|p1|
|j|☆itxpapon
|inactive|itxpapon reconnected and has 140 seconds left.
|player|p1|itxpapon|101|
|
|t:|1779868991
|move|p2a: Glimmora|Stealth Rock|p1a: Bastiodon
|-sidestart|p1: itxpapon|move: Stealth Rock
|move|p1a: Bastiodon|Body Press|p2a: Glimmora
|-damage|p2a: Glimmora|74/100
|-activate|p2a: Glimmora|ability: Toxic Debris
|-sidestart|p1: itxpapon|move: Toxic Spikes
|
|upkeep
|turn|2
|
|t:|1779869001
|move|p2a: Glimmora|Spiky Shield|p2a: Glimmora
|-singleturn|p2a: Glimmora|move: Protect
|move|p1a: Bastiodon|Iron Head|p2a: Glimmora
|-activate|p2a: Glimmora|move: Protect
|-damage|p1a: Bastiodon|88/100|[from] Spiky Shield|[of] p2a: Glimmora
|
|upkeep
|turn|3
|
|t:|1779869013
|switch|p2a: Grimmsnarl|Grimmsnarl, M|100/100
|move|p1a: Bastiodon|Iron Head|p2a: Grimmsnarl
|-supereffective|p2a: Grimmsnarl
|-damage|p2a: Grimmsnarl|41/100
|
|upkeep
|turn|4
|
|t:|1779869030
|move|p2a: Grimmsnarl|Light Screen|p2a: Grimmsnarl
|-sidestart|p2: masaluca026|move: Light Screen
|move|p1a: Bastiodon|Iron Head|p2a: Grimmsnarl
|-supereffective|p2a: Grimmsnarl
|-damage|p2a: Grimmsnarl|0 fnt
|faint|p2a: Grimmsnarl
|
|upkeep
|
|t:|1779869036
|switch|p2a: Revavroom|Revavroom, M|100/100
|-item|p2a: Revavroom|Air Balloon
|turn|5
|
|t:|1779869045
|move|p2a: Revavroom|Shift Gear|p2a: Revavroom
|-boost|p2a: Revavroom|spe|2
|-boost|p2a: Revavroom|atk|1
|move|p1a: Bastiodon|Body Press|p2a: Revavroom
|-damage|p2a: Revavroom|62/100
|-enditem|p2a: Revavroom|Air Balloon
|
|upkeep
|turn|6
|
|t:|1779869064
|move|p2a: Revavroom|High Horsepower|p1a: Bastiodon
|-supereffective|p1a: Bastiodon
|-damage|p1a: Bastiodon|0 fnt
|faint|p1a: Bastiodon
|
|upkeep
|inactive|itxpapon has 120 seconds left.
|
|t:|1779869103
|switch|p1a: Virizion|Virizion|100/100
|-damage|p1a: Virizion|94/100|[from] Stealth Rock
|-status|p1a: Virizion|psn
|turn|7
|
|t:|1779869112
|move|p2a: Revavroom|Gunk Shot|p1a: Virizion
|-supereffective|p1a: Virizion
|-damage|p1a: Virizion|0 fnt
|faint|p1a: Virizion
|
|upkeep
|
|t:|1779869118
|switch|p1a: Zarude|Zarude|100/100
|-damage|p1a: Zarude|88/100|[from] Stealth Rock
|-status|p1a: Zarude|psn
|turn|8
|
|t:|1779869124
|move|p2a: Revavroom|Gunk Shot|p1a: Zarude
|-supereffective|p1a: Zarude
|-damage|p1a: Zarude|0 fnt
|faint|p1a: Zarude
|
|upkeep
|-message|itxpapon forfeited.
|
|win|masaluca026
|raw|itxpapon's rating: 1117 &rarr; <strong>1094</strong><br />(-23 for losing)
|raw|masaluca026's rating: 1140 &rarr; <strong>1163</strong><br />(+23 for winning)
|l|☆itxpapon
|player|p1|
|c|☆masaluca026|gg
