|j|☆bluntsmoker3000
|j|☆kooopooolooo
|t:|1779891022
|gametype|singles
|player|p1|bluntsmoker3000|bugcatcher-gen4dp|1652
|player|p2|kooopooolooo|169|1639
|gen|9
|tier|[Gen 9] OU
|rated|
|rule|HP Percentage Mod: HP is shown in percentages
|rule|Endless Battle Clause: Forcing endless battles is banned
|rule|Species Clause: Limit one of each Pokémon
|rule|OHKO Clause: OHKO moves are banned
|rule|Evasion Items Clause: Evasion items are banned
|rule|Evasion Moves Clause: Evasion moves are banned
|rule|Evasion Abilities Clause: Evasion abilities are banned
|rule|Sleep Moves Clause: Sleep-inducing moves are banned
|clearpoke
|poke|p1|Ting-Lu|
|poke|p1|Scizor, M|
|poke|p1|Tornadus-Therian, M|
|poke|p1|Raging Bolt|
|poke|p1|Alomomola, M|
|poke|p1|Hatterene, F|
|poke|p2|Alomomola, F|
|poke|p2|Hydrapple, F|
|poke|p2|Ursaluna, M|
|poke|p2|Tyranitar, F|
|poke|p2|Dragapult, M|
|poke|p2|Scizor, M|
|teampreview
|inactive|Battle timer is ON: inactive players will automatically lose when time's up. (requested by bluntsmoker3000)
|
|t:|1779891035
|teamsize|p1|6
|teamsize|p2|6
|start
|switch|p1a: Hatterene|Hatterene, F|100/100
|switch|p2a: Lebron|Tyranitar, F|100/100
|-weather|Sandstorm|[from] ability: Sand Stream|[of] p2a: Lebron
|turn|1
|
|t:|1779891039
|move|p2a: Lebron|Knock Off|p1a: Hatterene
|-damage|p1a: Hatterene|63/100
|-damage|p2a: Lebron|84/100|[from] item: Rocky Helmet|[of] p1a: Hatterene
|-enditem|p1a: Hatterene|Rocky Helmet|[from] move: Knock Off|[of] p2a: Lebron
|move|p1a: Hatterene|Nuzzle|p2a: Lebron
|-damage|p2a: Lebron|80/100
|-status|p2a: Lebron|par
|
|-weather|Sandstorm|[upkeep]
|-damage|p1a: Hatterene|57/100|[from] Sandstorm
|upkeep
|turn|2
|
|t:|1779891045
|switch|p2a: El Litiano|Scizor, M|100/100
|move|p1a: Hatterene|Pain Split|p2a: El Litiano
|-sethp|p2a: El Litiano|79/100|[from] move: Pain Split|[silent]
|-sethp|p1a: Hatterene|79/100|[from] move: Pain Split
|
|-weather|Sandstorm|[upkeep]
|-damage|p1a: Hatterene|73/100|[from] Sandstorm
|upkeep
|turn|3
|j| yuureisuisei
|
|t:|1779891054
|switch|p1a: Alomomola|Alomomola, M|100/100
|move|p2a: El Litiano|U-turn|p1a: Alomomola
|-damage|p1a: Alomomola|81/100
|
|t:|1779891057
|switch|p2a: Hydrapple|Hydrapple, F|100/100|[from] U-turn
|
|-weather|Sandstorm|[upkeep]
|-damage|p1a: Alomomola|75/100|[from] Sandstorm
|-damage|p2a: Hydrapple|94/100|[from] Sandstorm
|upkeep
|turn|4
|
|t:|1779891064
|switch|p1a: Tornadus|Tornadus-Therian, M|100/100
|move|p2a: Hydrapple|Dragon Pulse|p1a: Tornadus
|-damage|p1a: Tornadus|53/100
|
|-weather|Sandstorm|[upkeep]
|-damage|p1a: Tornadus|47/100|[from] Sandstorm
|-damage|p2a: Hydrapple|88/100|[from] Sandstorm
|upkeep
|turn|5
|
|t:|1779891069
|switch|p2a: Lebron|Tyranitar, F|80/100 par
|move|p1a: Tornadus|Bleakwind Storm|p2a: Lebron
|-resisted|p2a: Lebron
|-damage|p2a: Lebron|66/100 par
|-damage|p1a: Tornadus|37/100|[from] item: Life Orb
|
|-weather|none
|upkeep
|turn|6
|
|t:|1779891078
|switch|p1a: Hatterene|Hatterene, F|73/100
|move|p2a: Lebron|Knock Off|p1a: Hatterene
|-damage|p1a: Hatterene|46/100
|
|upkeep
|turn|7
|
|t:|1779891086
|switch|p2a: El Litiano|Scizor, M|79/100
|move|p1a: Hatterene|Nuzzle|p2a: El Litiano
|-damage|p2a: El Litiano|74/100
|-status|p2a: El Litiano|par
|
|upkeep
|turn|8
|
|t:|1779891090
|switch|p1a: Alomomola|Alomomola, M|100/100
|move|p2a: El Litiano|U-turn|p1a: Alomomola
|-damage|p1a: Alomomola|81/100
|
|t:|1779891093
|switch|p2a: Hydrapple|Hydrapple, F|100/100|[from] U-turn
|
|upkeep
|turn|9
|
|t:|1779891096
|switch|p1a: Scizor|Scizor, M|100/100
|move|p2a: Hydrapple|Dragon Pulse|p1a: Scizor
|-resisted|p1a: Scizor
|-damage|p1a: Scizor|79/100
|
|upkeep
|turn|10
|j| Schlafparalyse
|
|t:|1779891100
|switch|p2a: Alomomola|Alomomola, F|100/100
|move|p1a: Scizor|Knock Off|p2a: Alomomola
|-damage|p2a: Alomomola|80/100
|-enditem|p2a: Alomomola|Heavy-Duty Boots|[from] move: Knock Off|[of] p1a: Scizor
|
|upkeep
|turn|11
|
|t:|1779891103
|move|p1a: Scizor|U-turn|p2a: Alomomola
|-damage|p2a: Alomomola|54/100
|
|t:|1779891107
|switch|p1a: Tornadus|Tornadus-Therian, M|70/100|[from] U-turn
|move|p2a: Alomomola|Flip Turn|p1a: Tornadus
|-damage|p1a: Tornadus|46/100
|
|t:|1779891111
|switch|p2a: Dragapult|Dragapult, M|100/100|[from] Flip Turn
|
|upkeep
|turn|12
|
|t:|1779891116
|switch|p1a: Ting-Lu|Ting-Lu|100/100
|-ability|p1a: Ting-Lu|Vessel of Ruin
|move|p2a: Dragapult|Hex|p1a: Ting-Lu
|-resisted|p1a: Ting-Lu
|-damage|p1a: Ting-Lu|95/100
|
|-heal|p1a: Ting-Lu|100/100|[from] item: Leftovers
|upkeep
|turn|13
|
|t:|1779891119
|move|p2a: Dragapult|Will-O-Wisp|p1a: Ting-Lu
|-status|p1a: Ting-Lu|brn
|move|p1a: Ting-Lu|Stealth Rock|p2a: Dragapult
|-sidestart|p2: kooopooolooo|move: Stealth Rock
|
|-damage|p1a: Ting-Lu|94/100 brn|[from] brn
|upkeep
|turn|14
|
|t:|1779891125
|move|p2a: Dragapult|Hex|p1a: Ting-Lu
|-resisted|p1a: Ting-Lu
|-damage|p1a: Ting-Lu|82/100 brn
|move|p1a: Ting-Lu|Ruination|p2a: Dragapult
|-damage|p2a: Dragapult|51/100
|
|-heal|p1a: Ting-Lu|88/100 brn|[from] item: Leftovers
|-damage|p1a: Ting-Lu|82/100 brn|[from] brn
|upkeep
|turn|15
|
|t:|1779891134
|move|p2a: Dragapult|U-turn|p1a: Ting-Lu
|-supereffective|p1a: Ting-Lu
|-damage|p1a: Ting-Lu|62/100 brn
|
|t:|1779891135
|switch|p2a: La Lune|Ursaluna, M|100/100|[from] U-turn
|-damage|p2a: La Lune|94/100|[from] Stealth Rock
|move|p1a: Ting-Lu|Earthquake|p2a: La Lune
|-damage|p2a: La Lune|82/100
|
|-heal|p1a: Ting-Lu|68/100 brn|[from] item: Leftovers
|-damage|p1a: Ting-Lu|62/100 brn|[from] brn
|-status|p2a: La Lune|brn|[from] item: Flame Orb
|upkeep
|turn|16
|
|t:|1779891139
|switch|p1a: Hatterene|Hatterene, F|46/100
|move|p2a: La Lune|Facade|p1a: Hatterene
|-damage|p1a: Hatterene|0 fnt
|faint|p1a: Hatterene
|
|-damage|p2a: La Lune|76/100 brn|[from] brn
|upkeep
|
|t:|1779891141
|switch|p1a: Tornadus|Tornadus-Therian, M|79/100
|turn|17
|
|t:|1779891145
|switch|p2a: El Litiano|Scizor, M|74/100 par
|-damage|p2a: El Litiano|62/100 par|[from] Stealth Rock
|move|p1a: Tornadus|Grass Knot|p2a: El Litiano
|-resisted|p2a: El Litiano
|-damage|p2a: El Litiano|54/100 par
|-damage|p1a: Tornadus|70/100|[from] item: Life Orb
|
|upkeep
|turn|18
|
|t:|1779891150
|switch|p1a: Alomomola|Alomomola, M|100/100
|move|p2a: El Litiano|Bullet Punch|p1a: Alomomola
|-resisted|p1a: Alomomola
|-damage|p1a: Alomomola|92/100
|
|upkeep
|turn|19
|
|t:|1779891153
|switch|p2a: Hydrapple|Hydrapple, F|100/100
|move|p1a: Alomomola|Flip Turn|p2a: Hydrapple
|-resisted|p2a: Hydrapple
|-damage|p2a: Hydrapple|98/100
|
|t:|1779891156
|switch|p1a: Tornadus|Tornadus-Therian, M|100/100|[from] Flip Turn
|
|upkeep
|turn|20
|
|t:|1779891159
|switch|p2a: Lebron|Tyranitar, F|66/100 par
|-weather|Sandstorm|[from] ability: Sand Stream|[of] p2a: Lebron
|move|p1a: Tornadus|Grass Knot|p2a: Lebron
|-supereffective|p2a: Lebron
|-damage|p2a: Lebron|18/100 par
|-damage|p1a: Tornadus|91/100|[from] item: Life Orb
|
|-weather|Sandstorm|[upkeep]
|-damage|p1a: Tornadus|85/100|[from] Sandstorm
|upkeep
|turn|21
|
|t:|1779891165
|move|p1a: Tornadus|Grass Knot|p2a: Lebron
|-supereffective|p2a: Lebron
|-damage|p2a: Lebron|0 fnt
|faint|p2a: Lebron
|-damage|p1a: Tornadus|75/100|[from] item: Life Orb
|
|-weather|Sandstorm|[upkeep]
|-damage|p1a: Tornadus|69/100|[from] Sandstorm
|upkeep
|
|t:|1779891175
|switch|p2a: El Litiano|Scizor, M|54/100 par
|-damage|p2a: El Litiano|42/100 par|[from] Stealth Rock
|turn|22
|l| yuureisuisei
|
|t:|1779891179
|switch|p1a: Alomomola|Alomomola, M|100/100
|cant|p2a: El Litiano|par
|
|-weather|Sandstorm|[upkeep]
|-damage|p1a: Alomomola|94/100|[from] Sandstorm
|upkeep
|turn|23
|
|t:|1779891183
|move|p1a: Alomomola|Wish|p1a: Alomomola
|move|p2a: El Litiano|U-turn|p1a: Alomomola
|-damage|p1a: Alomomola|74/100
|
|t:|1779891187
|switch|p2a: La Lune|Ursaluna, M|76/100 brn|[from] U-turn
|-damage|p2a: La Lune|70/100 brn|[from] Stealth Rock
|
|-weather|Sandstorm|[upkeep]
|-damage|p1a: Alomomola|68/100|[from] Sandstorm
|-damage|p2a: La Lune|64/100 brn|[from] brn
|upkeep
|turn|24
|
|t:|1779891195
|move|p1a: Alomomola|Protect|p1a: Alomomola
|-singleturn|p1a: Alomomola|Protect
|move|p2a: La Lune|Facade|p1a: Alomomola
|-activate|p1a: Alomomola|move: Protect
|
|-weather|none
|-heal|p1a: Alomomola|100/100|[from] move: Wish|[wisher] Alomomola
|-damage|p2a: La Lune|58/100 brn|[from] brn
|upkeep
|turn|25
|
|t:|1779891198
|move|p1a: Alomomola|Flip Turn|p2a: La Lune
|-supereffective|p2a: La Lune
|-damage|p2a: La Lune|33/100 brn
|
|t:|1779891199
|switch|p1a: Scizor|Scizor, M|79/100|[from] Flip Turn
|move|p2a: La Lune|Facade|p1a: Scizor
|-resisted|p1a: Scizor
|-damage|p1a: Scizor|18/100
|
|-damage|p2a: La Lune|27/100 brn|[from] brn
|upkeep
|turn|26
|
|t:|1779891207
|move|p1a: Scizor|U-turn|p2a: La Lune
|-damage|p2a: La Lune|0 fnt
|faint|p2a: La Lune
|
|t:|1779891210
|switch|p1a: Tornadus|Tornadus-Therian, M|100/100|[from] U-turn
|
|upkeep
|
|t:|1779891215
|switch|p2a: Dragapult|Dragapult, M|51/100
|turn|27
|l| Schlafparalyse
|
|t:|1779891220
|move|p2a: Dragapult|Dragon Darts|p1a: Tornadus
|-damage|p1a: Tornadus|75/100
|-anim|p2a: Dragapult|Dragon Darts|p1a: Tornadus
|-damage|p1a: Tornadus|48/100
|move|p1a: Tornadus|Bleakwind Storm|p2a: Dragapult
|-damage|p2a: Dragapult|0 fnt
|faint|p2a: Dragapult
|-damage|p1a: Tornadus|38/100|[from] item: Life Orb
|
|upkeep
|
|t:|1779891227
|switch|p2a: El Litiano|Scizor, M|42/100 par
|-damage|p2a: El Litiano|29/100 par|[from] Stealth Rock
|turn|28
|-message|kooopooolooo forfeited.
|
|win|bluntsmoker3000
|raw|bluntsmoker3000's rating: 1652 &rarr; <strong>1671</strong><br />(+19 for winning)
|raw|kooopooolooo's rating: 1639 &rarr; <strong>1620</strong><br />(-19 for losing)
|l|☆kooopooolooo
|player|p2|
|l|☆bluntsmoker3000
|player|p1|
