|j|☆Huntail_Biden711
|j|☆LeoN22poke
|t:|1779799159
|gametype|singles
|player|p1|Huntail_Biden711|blue|1127
|player|p2|LeoN22poke|steven|1066
|gen|9
|tier|[Gen 9] OU
|rated|
|rule|HP Percentage Mod: HP is shown in percentages
|rule|Endless Battle Clause: Forcing endless battles is banned
|rule|Species Clause: Limit one of each Pokémon
|rule|OHKO Clause: OHKO moves are banned
|rule|Evasion Items Clause: Evasion items are banned
|rule|Evasion Moves Clause: Evasion moves are banned
|rule|Evasion Abilities Clause: Evasion abilities are banned
|rule|Sleep Moves Clause: Sleep-inducing moves are banned
|clearpoke
|poke|p1|Meowscarada, F|
|poke|p1|Pecharunt|
|poke|p1|Enamorus, F|
|poke|p1|Iron Treads|
|poke|p1|Skarmory, F|
|poke|p1|Slowking, M|
|poke|p2|Dragapult, F|
|poke|p2|Zapdos-Galar|
|poke|p2|Krookodile, M|
|poke|p2|Toxapex, F|
|poke|p2|Coalossal, F|
|poke|p2|Thundurus, M|
|teampreview
|inactive|Battle timer is ON: inactive players will automatically lose when time's up. (requested by Huntail_Biden711)
|inactive|LeoN22poke has 120 seconds left.
|
|t:|1779799209
|teamsize|p1|6
|teamsize|p2|6
|start
|switch|p1a: Iron Treads|Iron Treads|100/100
|switch|p2a: Coalossal|Coalossal, F, shiny|100/100
|turn|1
|
|t:|1779799227
|-end|p1a: Iron Treads|Quark Drive|[silent]
|switch|p1a: Slowking|Slowking, M|100/100
|-terastallize|p2a: Coalossal|Water
|move|p2a: Coalossal|Stealth Rock|p1a: Slowking
|-sidestart|p1: Huntail_Biden711|move: Stealth Rock
|
|upkeep
|turn|2
|
|t:|1779799238
|switch|p2a: Thundurus|Thundurus, M|100/100
|move|p1a: Slowking|Future Sight|p2a: Thundurus
|-start|p1a: Slowking|move: Future Sight
|
|upkeep
|turn|3
|
|t:|1779799250
|switch|p1a: Iron Treads|Iron Treads|100/100
|-damage|p1a: Iron Treads|98/100|[from] Stealth Rock
|move|p2a: Thundurus|Grass Knot|p1a: Iron Treads
|-damage|p1a: Iron Treads|55/100
|-damage|p2a: Thundurus|91/100|[from] item: Life Orb
|
|-heal|p1a: Iron Treads|61/100|[from] item: Leftovers
|upkeep
|turn|4
|
|t:|1779799261
|switch|p2a: Krookodile|Krookodile, M|100/100
|-ability|p2a: Krookodile|Intimidate|boost
|-unboost|p1a: Iron Treads|atk|1
|move|p1a: Iron Treads|Knock Off|p2a: Krookodile
|-resisted|p2a: Krookodile
|-damage|p2a: Krookodile|90/100
|-enditem|p2a: Krookodile|Choice Scarf|[from] move: Knock Off|[of] p1a: Iron Treads
|
|-end|p2a: Krookodile|move: Future Sight
|-immune|p2a: Krookodile
|-heal|p1a: Iron Treads|67/100|[from] item: Leftovers
|upkeep
|turn|5
|
|t:|1779799276
|-end|p1a: Iron Treads|Quark Drive|[silent]
|switch|p1a: Skarmory|Skarmory, F|100/100
|-damage|p1a: Skarmory|88/100|[from] Stealth Rock
|move|p2a: Krookodile|Dragon Tail|p1a: Skarmory
|-resisted|p1a: Skarmory
|-damage|p1a: Skarmory|83/100
|drag|p1a: Pecharunt|Pecharunt|100/100
|-damage|p1a: Pecharunt|88/100|[from] Stealth Rock
|
|upkeep
|turn|6
|
|t:|1779799288
|move|p1a: Pecharunt|Parting Shot|p2a: Krookodile
|-unboost|p2a: Krookodile|atk|1
|-unboost|p2a: Krookodile|spa|1
|
|t:|1779799294
|switch|p1a: Skarmory|Skarmory, F|83/100|[from] Parting Shot
|-damage|p1a: Skarmory|70/100|[from] Stealth Rock
|move|p2a: Krookodile|Dragon Tail|p1a: Skarmory
|-resisted|p1a: Skarmory
|-damage|p1a: Skarmory|67/100
|drag|p1a: Pecharunt|Pecharunt|88/100
|-damage|p1a: Pecharunt|76/100|[from] Stealth Rock
|
|upkeep
|turn|7
|
|t:|1779799305
|move|p1a: Pecharunt|Parting Shot|p2a: Krookodile
|-unboost|p2a: Krookodile|atk|1
|-unboost|p2a: Krookodile|spa|1
|
|t:|1779799308
|switch|p1a: Iron Treads|Iron Treads|67/100|[from] Parting Shot
|-damage|p1a: Iron Treads|64/100|[from] Stealth Rock
|move|p2a: Krookodile|Dragon Tail|p1a: Iron Treads|[miss]
|-miss|p2a: Krookodile|p1a: Iron Treads
|
|-heal|p1a: Iron Treads|70/100|[from] item: Leftovers
|upkeep
|turn|8
|
|t:|1779799319
|switch|p2a: Thundurus|Thundurus, M|91/100
|move|p1a: Iron Treads|Stealth Rock|p2a: Thundurus
|-sidestart|p2: LeoN22poke|move: Stealth Rock
|
|-heal|p1a: Iron Treads|76/100|[from] item: Leftovers
|upkeep
|turn|9
|
|t:|1779799328
|move|p2a: Thundurus|Grass Knot|p1a: Iron Treads
|-damage|p1a: Iron Treads|31/100
|-damage|p2a: Thundurus|81/100|[from] item: Life Orb
|move|p1a: Iron Treads|Rapid Spin|p2a: Thundurus
|-damage|p2a: Thundurus|61/100
|-boost|p1a: Iron Treads|spe|1
|-sideend|p1: Huntail_Biden711|Stealth Rock|[from] move: Rapid Spin|[of] p1a: Iron Treads
|
|-heal|p1a: Iron Treads|37/100|[from] item: Leftovers
|upkeep
|turn|10
|
|t:|1779799350
|move|p1a: Iron Treads|Knock Off|p2a: Thundurus
|-damage|p2a: Thundurus|24/100
|-enditem|p2a: Thundurus|Life Orb|[from] move: Knock Off|[of] p1a: Iron Treads
|move|p2a: Thundurus|Grass Knot|p1a: Iron Treads
|-damage|p1a: Iron Treads|1/100
|
|-heal|p1a: Iron Treads|7/100|[from] item: Leftovers
|upkeep
|turn|11
|
|t:|1779799365
|move|p1a: Iron Treads|Knock Off|p2a: Thundurus
|-damage|p2a: Thundurus|0 fnt
|faint|p2a: Thundurus
|
|-heal|p1a: Iron Treads|13/100|[from] item: Leftovers
|upkeep
|
|t:|1779799375
|switch|p2a: Coalossal|Coalossal, F, shiny, tera:Water|100/100
|turn|12
|
|t:|1779799381
|move|p1a: Iron Treads|Knock Off|p2a: Coalossal
|-damage|p2a: Coalossal|82/100
|-enditem|p2a: Coalossal|Heavy-Duty Boots|[from] move: Knock Off|[of] p1a: Iron Treads
|move|p2a: Coalossal|Stealth Rock|p1a: Iron Treads
|-sidestart|p1: Huntail_Biden711|move: Stealth Rock
|
|-heal|p1a: Iron Treads|19/100|[from] item: Leftovers
|upkeep
|turn|13
|
|t:|1779799390
|move|p1a: Iron Treads|Rapid Spin|p2a: Coalossal
|-damage|p2a: Coalossal|74/100
|-boost|p1a: Iron Treads|spe|1
|-sideend|p1: Huntail_Biden711|Stealth Rock|[from] move: Rapid Spin|[of] p1a: Iron Treads
|move|p2a: Coalossal|Rapid Spin|p1a: Iron Treads
|-resisted|p1a: Iron Treads
|-damage|p1a: Iron Treads|14/100
|-boost|p2a: Coalossal|spe|1
|-sideend|p2: LeoN22poke|Stealth Rock|[from] move: Rapid Spin|[of] p2a: Coalossal
|
|-heal|p1a: Iron Treads|20/100|[from] item: Leftovers
|upkeep
|turn|14
|
|t:|1779799401
|move|p1a: Iron Treads|Stealth Rock|p2a: Coalossal
|-sidestart|p2: LeoN22poke|move: Stealth Rock
|move|p2a: Coalossal|Heat Crash|p1a: Iron Treads
|-supereffective|p1a: Iron Treads
|-damage|p1a: Iron Treads|0 fnt
|faint|p1a: Iron Treads
|-end|p1a: Iron Treads|Quark Drive|[silent]
|
|upkeep
|
|t:|1779799407
|switch|p1a: Pecharunt|Pecharunt|76/100
|turn|15
|
|t:|1779799413
|move|p1a: Pecharunt|Malignant Chain|p2a: Coalossal
|-damage|p2a: Coalossal|47/100
|-status|p2a: Coalossal|tox
|-start|p2a: Coalossal|confusion|[from] ability: Poison Puppeteer|[of] p1a: Pecharunt
|-activate|p2a: Coalossal|confusion
|move|p2a: Coalossal|Stealth Rock|p1a: Pecharunt
|-sidestart|p1: Huntail_Biden711|move: Stealth Rock
|
|-damage|p2a: Coalossal|41/100 tox|[from] psn
|upkeep
|turn|16
|
|t:|1779799428
|switch|p2a: Dragapult|Dragapult, F, shiny|100/100
|-damage|p2a: Dragapult|88/100|[from] Stealth Rock
|move|p1a: Pecharunt|Parting Shot|p2a: Dragapult
|-fail|p2a: Dragapult|unboost|[from] ability: Clear Body|[of] p2a: Dragapult
|
|upkeep
|turn|17
|
|t:|1779799441
|move|p2a: Dragapult|Shadow Ball|p1a: Pecharunt
|-supereffective|p1a: Pecharunt
|-damage|p1a: Pecharunt|0 fnt
|faint|p1a: Pecharunt
|
|upkeep
|
|t:|1779799446
|switch|p1a: Meowscarada|Meowscarada, F|100/100
|-damage|p1a: Meowscarada|88/100|[from] Stealth Rock
|turn|18
|
|t:|1779799465
|switch|p2a: Toxapex|Toxapex, F, shiny|100/100
|-damage|p2a: Toxapex|88/100|[from] Stealth Rock
|move|p1a: Meowscarada|U-turn|p2a: Toxapex
|-start|p1a: Meowscarada|typechange|Bug|[from] ability: Protean
|-resisted|p2a: Toxapex
|-damage|p2a: Toxapex|70/100
|
|t:|1779799478
|switch|p1a: Slowking|Slowking, M|100/100|[from] U-turn
|-damage|p1a: Slowking|88/100|[from] Stealth Rock
|
|-heal|p2a: Toxapex|76/100|[from] item: Black Sludge
|upkeep
|turn|19
|
|t:|1779799493
|switch|p2a: Coalossal|Coalossal, F, shiny, tera:Water|41/100 tox
|-damage|p2a: Coalossal|29/100 tox|[from] Stealth Rock
|move|p1a: Slowking|Psyshock|p2a: Coalossal
|-damage|p2a: Coalossal|6/100 tox
|
|-damage|p2a: Coalossal|0 fnt|[from] psn
|faint|p2a: Coalossal
|upkeep
|
|t:|1779799515
|switch|p2a: Dragapult|Dragapult, F, shiny|88/100
|-damage|p2a: Dragapult|76/100|[from] Stealth Rock
|turn|20
|
|t:|1779799540
|move|p2a: Dragapult|Shadow Ball|p1a: Slowking
|-supereffective|p1a: Slowking
|-damage|p1a: Slowking|39/100
|move|p1a: Slowking|Scald|p2a: Dragapult
|-resisted|p2a: Dragapult
|-damage|p2a: Dragapult|54/100
|
|upkeep
|turn|21
|
|t:|1779799550
|switch|p1a: Meowscarada|Meowscarada, F|88/100
|-damage|p1a: Meowscarada|76/100|[from] Stealth Rock
|move|p2a: Dragapult|Shadow Ball|p1a: Meowscarada
|-resisted|p1a: Meowscarada
|-damage|p1a: Meowscarada|32/100
|
|upkeep
|turn|22
|
|t:|1779799574
|switch|p2a: Toxapex|Toxapex, F, shiny|100/100
|-damage|p2a: Toxapex|88/100|[from] Stealth Rock
|move|p1a: Meowscarada|Triple Axel|p2a: Toxapex
|-start|p1a: Meowscarada|typechange|Ice|[from] ability: Protean
|-resisted|p2a: Toxapex
|-damage|p2a: Toxapex|83/100
|-resisted|p2a: Toxapex
|-damage|p2a: Toxapex|72/100
|-resisted|p2a: Toxapex
|-crit|p2a: Toxapex
|-damage|p2a: Toxapex|49/100
|-hitcount|p2a: Toxapex|3
|
|-heal|p2a: Toxapex|55/100|[from] item: Black Sludge
|upkeep
|turn|23
|inactive|LeoN22poke has 120 seconds left.
|
|t:|1779799596
|switch|p1a: Skarmory|Skarmory, F|67/100
|-damage|p1a: Skarmory|54/100|[from] Stealth Rock
|move|p2a: Toxapex|Chilling Water|p1a: Skarmory
|-damage|p1a: Skarmory|41/100
|
|-heal|p2a: Toxapex|62/100|[from] item: Black Sludge
|upkeep
|turn|24
|inactive|LeoN22poke has 120 seconds left.
|
|t:|1779799610
|switch|p2a: Krookodile|Krookodile, M|90/100
|-damage|p2a: Krookodile|84/100|[from] Stealth Rock
|-ability|p2a: Krookodile|Intimidate|boost
|-unboost|p1a: Skarmory|atk|1
|move|p1a: Skarmory|Roost|p1a: Skarmory
|-heal|p1a: Skarmory|91/100
|-singleturn|p1a: Skarmory|move: Roost
|
|upkeep
|turn|25
|inactive|LeoN22poke has 120 seconds left.
|
|t:|1779799620
|move|p1a: Skarmory|Body Press|p2a: Krookodile
|-supereffective|p2a: Krookodile
|-damage|p2a: Krookodile|4/100
|move|p2a: Krookodile|Dragon Tail|p1a: Skarmory
|-resisted|p1a: Skarmory
|-crit|p1a: Skarmory
|-damage|p1a: Skarmory|83/100
|drag|p1a: Slowking|Slowking, M|73/100
|-damage|p1a: Slowking|60/100|[from] Stealth Rock
|
|upkeep
|turn|26
|inactive|LeoN22poke has 120 seconds left.
|
|t:|1779799633
|switch|p1a: Skarmory|Skarmory, F|83/100
|-damage|p1a: Skarmory|71/100|[from] Stealth Rock
|move|p2a: Krookodile|Crunch|p1a: Skarmory
|-damage|p1a: Skarmory|46/100
|
|upkeep
|turn|27
|
|t:|1779799641
|move|p1a: Skarmory|Roost|p1a: Skarmory
|-heal|p1a: Skarmory|96/100
|-singleturn|p1a: Skarmory|move: Roost
|move|p2a: Krookodile|Dragon Tail|p1a: Skarmory
|-resisted|p1a: Skarmory
|-damage|p1a: Skarmory|91/100
|drag|p1a: Slowking|Slowking, M|93/100
|-damage|p1a: Slowking|81/100|[from] Stealth Rock
|
|upkeep
|turn|28
|
|t:|1779799661
|move|p2a: Krookodile|Crunch|p1a: Slowking
|-supereffective|p1a: Slowking
|-damage|p1a: Slowking|15/100
|-unboost|p1a: Slowking|def|1
|move|p1a: Slowking|Scald|p2a: Krookodile
|-supereffective|p2a: Krookodile
|-damage|p2a: Krookodile|0 fnt
|faint|p2a: Krookodile
|
|upkeep
|inactive|LeoN22poke has 120 seconds left.
|
|t:|1779799698
|switch|p2a: Zapdos|Zapdos-Galar|100/100
|-damage|p2a: Zapdos|88/100|[from] Stealth Rock
|turn|29
|inactive|LeoN22poke has 90 seconds left.
|
|t:|1779799714
|move|p2a: Zapdos|Throat Chop|p1a: Slowking
|-supereffective|p1a: Slowking
|-damage|p1a: Slowking|0 fnt
|faint|p1a: Slowking
|
|upkeep
|inactive|Huntail_Biden711 has 120 seconds left.
|
|t:|1779799734
|switch|p1a: Meowscarada|Meowscarada, F|32/100
|-damage|p1a: Meowscarada|20/100|[from] Stealth Rock
|turn|30
|
|t:|1779799742
|switch|p2a: Toxapex|Toxapex, F, shiny|95/100
|-damage|p2a: Toxapex|82/100|[from] Stealth Rock
|move|p1a: Meowscarada|Triple Axel|p2a: Toxapex
|-start|p1a: Meowscarada|typechange|Ice|[from] ability: Protean
|-resisted|p2a: Toxapex
|-damage|p2a: Toxapex|77/100
|-resisted|p2a: Toxapex
|-damage|p2a: Toxapex|67/100
|-hitcount|p2a: Toxapex|2
|
|-heal|p2a: Toxapex|73/100|[from] item: Black Sludge
|upkeep
|turn|31
|
|t:|1779799759
|move|p1a: Meowscarada|Triple Axel|p2a: Toxapex
|-resisted|p2a: Toxapex
|-damage|p2a: Toxapex|68/100
|-hitcount|p2a: Toxapex|1
|move|p2a: Toxapex|Chilling Water|p1a: Meowscarada
|-damage|p1a: Meowscarada|4/100
|-unboost|p1a: Meowscarada|atk|1
|
|-heal|p2a: Toxapex|74/100|[from] item: Black Sludge
|upkeep
|turn|32
|
|t:|1779799770
|move|p1a: Meowscarada|Triple Axel|p2a: Toxapex
|-resisted|p2a: Toxapex
|-damage|p2a: Toxapex|71/100
|-resisted|p2a: Toxapex
|-damage|p2a: Toxapex|64/100
|-resisted|p2a: Toxapex
|-damage|p2a: Toxapex|54/100
|-hitcount|p2a: Toxapex|3
|move|p2a: Toxapex|Chilling Water|p1a: Meowscarada
|-damage|p1a: Meowscarada|0 fnt
|faint|p1a: Meowscarada
|
|-heal|p2a: Toxapex|60/100|[from] item: Black Sludge
|upkeep
|
|t:|1779799782
|switch|p1a: Enamorus|Enamorus, F|100/100
|-damage|p1a: Enamorus|76/100|[from] Stealth Rock
|turn|33
|
|t:|1779799788
|-terastallize|p1a: Enamorus|Fairy
|move|p1a: Enamorus|Moonblast|p2a: Toxapex
|-resisted|p2a: Toxapex
|-damage|p2a: Toxapex|32/100
|-unboost|p2a: Toxapex|spa|1
|move|p2a: Toxapex|Toxic|p1a: Enamorus
|-status|p1a: Enamorus|tox
|
|-heal|p2a: Toxapex|39/100|[from] item: Black Sludge
|-damage|p1a: Enamorus|69/100 tox|[from] psn
|upkeep
|turn|34
|
|t:|1779799800
|move|p1a: Enamorus|Moonblast|p2a: Toxapex
|-resisted|p2a: Toxapex
|-damage|p2a: Toxapex|14/100
|move|p2a: Toxapex|Recover|p2a: Toxapex
|-heal|p2a: Toxapex|64/100
|
|-heal|p2a: Toxapex|70/100|[from] item: Black Sludge
|-damage|p1a: Enamorus|57/100 tox|[from] psn
|upkeep
|turn|35
|
|t:|1779799809
|switch|p1a: Skarmory|Skarmory, F|91/100
|-damage|p1a: Skarmory|78/100|[from] Stealth Rock
|move|p2a: Toxapex|Toxic|p1a: Skarmory
|-immune|p1a: Skarmory
|
|-heal|p2a: Toxapex|76/100|[from] item: Black Sludge
|upkeep
|turn|36
|
|t:|1779799832
|switch|p2a: Zapdos|Zapdos-Galar|88/100
|-damage|p2a: Zapdos|76/100|[from] Stealth Rock
|move|p1a: Skarmory|Spikes|p2a: Zapdos
|-sidestart|p2: LeoN22poke|Spikes
|
|upkeep
|turn|37
|
|t:|1779799842
|move|p2a: Zapdos|Throat Chop|p1a: Skarmory
|-damage|p1a: Skarmory|61/100
|move|p1a: Skarmory|Iron Defense|p1a: Skarmory
|-boost|p1a: Skarmory|def|2
|
|upkeep
|turn|38
|
|t:|1779799852
|move|p2a: Zapdos|U-turn|p1a: Skarmory
|-resisted|p1a: Skarmory
|-damage|p1a: Skarmory|59/100
|
|t:|1779799854
|switch|p2a: Dragapult|Dragapult, F, shiny|54/100|[from] U-turn
|-damage|p2a: Dragapult|42/100|[from] Stealth Rock
|-damage|p2a: Dragapult|29/100|[from] Spikes
|move|p1a: Skarmory|Iron Defense|p1a: Skarmory
|-boost|p1a: Skarmory|def|2
|
|upkeep
|turn|39
|
|t:|1779799867
|move|p2a: Dragapult|Flamethrower|p1a: Skarmory
|-supereffective|p1a: Skarmory
|-damage|p1a: Skarmory|0 fnt
|faint|p1a: Skarmory
|
|upkeep
|
|t:|1779799872
|switch|p1a: Enamorus|Enamorus, F, tera:Fairy|57/100 tox
|-damage|p1a: Enamorus|44/100 tox|[from] Stealth Rock
|turn|40
|
|t:|1779799877
|move|p1a: Enamorus|Earth Power|p2a: Dragapult
|-damage|p2a: Dragapult|0 fnt
|faint|p2a: Dragapult
|
|-damage|p1a: Enamorus|38/100 tox|[from] psn
|upkeep
|
|t:|1779799885
|switch|p2a: Toxapex|Toxapex, F, shiny|100/100
|-damage|p2a: Toxapex|88/100|[from] Stealth Rock
|-damage|p2a: Toxapex|75/100|[from] Spikes
|turn|41
|
|t:|1779799896
|switch|p2a: Zapdos|Zapdos-Galar|76/100
|-damage|p2a: Zapdos|63/100|[from] Stealth Rock
|move|p1a: Enamorus|Earth Power|p2a: Zapdos
|-immune|p2a: Zapdos
|
|-damage|p1a: Enamorus|26/100 tox|[from] psn
|upkeep
|turn|42
|l|☆Huntail_Biden711
|inactive|Huntail_Biden711 disconnected and has a minute to reconnect!
|player|p1|
|inactive|Huntail_Biden711 has 30 seconds to reconnect!
|c|☆LeoN22poke|GG
|inactive|Huntail_Biden711 has 20 seconds to reconnect!
|inactive|Huntail_Biden711 has 15 seconds to reconnect!
|inactive|Huntail_Biden711 has 10 seconds to reconnect!
|inactive|Huntail_Biden711 has 5 seconds to reconnect!
|-message|Huntail_Biden711 lost due to inactivity.
|
|win|LeoN22poke
|raw|Huntail_Biden711's rating: 1127 &rarr; <strong>1098</strong><br />(-29 for losing)
|raw|LeoN22poke's rating: 1066 &rarr; <strong>1101</strong><br />(+35 for winning)
|l|☆LeoN22poke
|player|p2|
