|j|☆chrisnwobu
|j|☆haitianprinc3
|t:|1779807208
|gametype|singles
|player|p1|chrisnwobu|2|1563
|player|p2|haitianprinc3|marlon|1568
|gen|9
|tier|[Gen 9] OU
|rated|
|rule|HP Percentage Mod: HP is shown in percentages
|rule|Endless Battle Clause: Forcing endless battles is banned
|rule|Species Clause: Limit one of each Pokémon
|rule|OHKO Clause: OHKO moves are banned
|rule|Evasion Items Clause: Evasion items are banned
|rule|Evasion Moves Clause: Evasion moves are banned
|rule|Evasion Abilities Clause: Evasion abilities are banned
|rule|Sleep Moves Clause: Sleep-inducing moves are banned
|clearpoke
|poke|p1|Zapdos|
|poke|p1|Moltres|
|poke|p1|Clodsire, F|
|poke|p1|Scizor, F|
|poke|p1|Dragapult, M|
|poke|p1|Great Tusk|
|poke|p2|Politoed, M|
|poke|p2|Landorus-Therian, M|
|poke|p2|Kingdra, F|
|poke|p2|Azumarill, F|
|poke|p2|Volcanion|
|poke|p2|Darkrai|
|teampreview
|inactive|Battle timer is ON: inactive players will automatically lose when time's up. (requested by haitianprinc3)
|
|t:|1779807230
|teamsize|p1|6
|teamsize|p2|6
|start
|switch|p1a: Clodsire|Clodsire, F|100/100
|switch|p2a: Darkrai|Darkrai|100/100
|turn|1
|
|t:|1779807240
|move|p2a: Darkrai|Ice Beam|p1a: Clodsire
|-supereffective|p1a: Clodsire
|-damage|p1a: Clodsire|44/100
|move|p1a: Clodsire|Stealth Rock|p2a: Darkrai
|-sidestart|p2: haitianprinc3|move: Stealth Rock
|
|-heal|p1a: Clodsire|50/100|[from] item: Leftovers
|upkeep
|turn|2
|
|t:|1779807246
|switch|p1a: Scizor|Scizor, F|100/100
|move|p2a: Darkrai|Ice Beam|p1a: Scizor
|-resisted|p1a: Scizor
|-damage|p1a: Scizor|73/100
|
|upkeep
|turn|3
|
|t:|1779807255
|switch|p2a: Volcanion|Volcanion|100/100
|move|p1a: Scizor|U-turn|p2a: Volcanion
|-resisted|p2a: Volcanion
|-damage|p2a: Volcanion|84/100
|
|t:|1779807265
|switch|p1a: Zapdos|Zapdos|100/100|[from] U-turn
|
|upkeep
|turn|4
|
|t:|1779807272
|move|p1a: Zapdos|Volt Switch|p2a: Volcanion
|-supereffective|p2a: Volcanion
|-damage|p2a: Volcanion|24/100
|
|t:|1779807277
|switch|p1a: Clodsire|Clodsire, F|50/100|[from] Volt Switch
|move|p2a: Volcanion|Steam Eruption|p1a: Clodsire
|-heal|p1a: Clodsire|75/100|[from] ability: Water Absorb|[of] p2a: Volcanion
|
|-heal|p1a: Clodsire|81/100|[from] item: Leftovers
|upkeep
|turn|5
|
|t:|1779807284
|move|p2a: Volcanion|Earth Power|p1a: Clodsire
|-supereffective|p1a: Clodsire
|-damage|p1a: Clodsire|35/100
|move|p1a: Clodsire|Toxic|p2a: Volcanion
|-status|p2a: Volcanion|tox
|
|-heal|p1a: Clodsire|41/100|[from] item: Leftovers
|-damage|p2a: Volcanion|18/100 tox|[from] psn
|upkeep
|turn|6
|
|t:|1779807291
|switch|p2a: Politoed|Politoed, M, shiny|100/100
|-damage|p2a: Politoed|88/100|[from] Stealth Rock
|-weather|RainDance|[from] ability: Drizzle|[of] p2a: Politoed
|switch|p1a: Zapdos|Zapdos|100/100
|
|-weather|RainDance|[upkeep]
|upkeep
|turn|7
|
|t:|1779807298
|switch|p2a: Landorus|Landorus-Therian, M|100/100
|-damage|p2a: Landorus|88/100|[from] Stealth Rock
|-ability|p2a: Landorus|Intimidate|boost
|-unboost|p1a: Zapdos|atk|1
|move|p1a: Zapdos|Hurricane|p2a: Landorus
|-damage|p2a: Landorus|26/100
|
|-weather|RainDance|[upkeep]
|upkeep
|turn|8
|
|t:|1779807302
|move|p2a: Landorus|Stone Edge|p1a: Zapdos
|-supereffective|p1a: Zapdos
|-damage|p1a: Zapdos|21/100
|move|p1a: Zapdos|Hurricane|p2a: Landorus
|-damage|p2a: Landorus|0 fnt
|faint|p2a: Landorus
|
|-weather|RainDance|[upkeep]
|upkeep
|
|t:|1779807312
|switch|p2a: Darkrai|Darkrai|100/100
|-damage|p2a: Darkrai|88/100|[from] Stealth Rock
|turn|9
|
|t:|1779807329
|switch|p1a: Scizor|Scizor, F|73/100
|move|p2a: Darkrai|Dark Pulse|p1a: Scizor
|-damage|p1a: Scizor|0 fnt
|faint|p1a: Scizor
|
|-weather|RainDance|[upkeep]
|upkeep
|
|t:|1779807336
|switch|p1a: Great Tusk|Great Tusk|100/100
|turn|10
|
|t:|1779807340
|switch|p2a: Volcanion|Volcanion|18/100 tox
|move|p1a: Great Tusk|Rapid Spin|p2a: Volcanion
|-damage|p2a: Volcanion|3/100 tox
|-boost|p1a: Great Tusk|spe|1
|
|-weather|RainDance|[upkeep]
|-damage|p2a: Volcanion|0 fnt|[from] psn
|faint|p2a: Volcanion
|upkeep
|
|t:|1779807346
|switch|p2a: Kingdra|Kingdra, F, shiny|100/100
|-damage|p2a: Kingdra|88/100|[from] Stealth Rock
|turn|11
|inactive|chrisnwobu has 120 seconds left.
|
|t:|1779807385
|-end|p1a: Great Tusk|Protosynthesis|[silent]
|switch|p1a: Clodsire|Clodsire, F|41/100
|move|p2a: Kingdra|Hurricane|p1a: Clodsire
|-damage|p1a: Clodsire|12/100
|
|-weather|RainDance|[upkeep]
|-heal|p1a: Clodsire|18/100|[from] item: Leftovers
|upkeep
|turn|12
|inactive|chrisnwobu has 120 seconds left.
|
|t:|1779807392
|-terastallize|p1a: Clodsire|Steel
|move|p2a: Kingdra|Hurricane|p1a: Clodsire
|-resisted|p1a: Clodsire
|-damage|p1a: Clodsire|4/100
|-start|p1a: Clodsire|confusion
|-activate|p1a: Clodsire|confusion
|move|p1a: Clodsire|Recover|p1a: Clodsire
|-heal|p1a: Clodsire|54/100
|
|-weather|RainDance|[upkeep]
|-heal|p1a: Clodsire|61/100|[from] item: Leftovers
|upkeep
|turn|13
|
|t:|1779807408
|switch|p2a: Politoed|Politoed, M, shiny|88/100
|-damage|p2a: Politoed|76/100|[from] Stealth Rock
|-end|p1a: Clodsire|confusion
|move|p1a: Clodsire|Recover|p1a: Clodsire
|-heal|p1a: Clodsire|100/100
|
|-weather|none
|upkeep
|turn|14
|
|t:|1779807414
|switch|p1a: Zapdos|Zapdos|21/100
|move|p2a: Politoed|Encore||[still]
|-fail|p2a: Politoed
|
|upkeep
|turn|15
|
|t:|1779807423
|move|p1a: Zapdos|Volt Switch|p2a: Politoed
|-supereffective|p2a: Politoed
|-damage|p2a: Politoed|28/100
|
|t:|1779807431
|switch|p1a: Clodsire|Clodsire, F, tera:Steel|100/100|[from] Volt Switch
|move|p2a: Politoed|Rain Dance|p2a: Politoed
|-weather|RainDance
|
|-weather|RainDance|[upkeep]
|upkeep
|turn|16
|
|t:|1779807440
|move|p2a: Politoed|Ice Beam|p1a: Clodsire
|-resisted|p1a: Clodsire
|-damage|p1a: Clodsire|93/100
|move|p1a: Clodsire|Earthquake|p2a: Politoed
|-damage|p2a: Politoed|0 fnt
|faint|p2a: Politoed
|
|-weather|RainDance|[upkeep]
|-heal|p1a: Clodsire|99/100|[from] item: Leftovers
|upkeep
|
|t:|1779807445
|switch|p2a: Darkrai|Darkrai|88/100
|-damage|p2a: Darkrai|76/100|[from] Stealth Rock
|turn|17
|
|t:|1779807452
|move|p2a: Darkrai|Focus Blast|p1a: Clodsire
|-supereffective|p1a: Clodsire
|-damage|p1a: Clodsire|25/100
|-unboost|p1a: Clodsire|spd|1
|move|p1a: Clodsire|Earthquake|p2a: Darkrai
|-crit|p2a: Darkrai
|-damage|p2a: Darkrai|25/100
|
|-weather|RainDance|[upkeep]
|-heal|p1a: Clodsire|32/100|[from] item: Leftovers
|upkeep
|turn|18
|
|t:|1779807458
|switch|p2a: Kingdra|Kingdra, F, shiny|88/100
|-damage|p2a: Kingdra|76/100|[from] Stealth Rock
|switch|p1a: Moltres|Moltres|100/100
|
|-weather|RainDance|[upkeep]
|upkeep
|turn|19
|
|t:|1779807470
|move|p2a: Kingdra|Draco Meteor|p1a: Moltres
|-damage|p1a: Moltres|38/100
|-unboost|p2a: Kingdra|spa|2
|move|p1a: Moltres|U-turn|p2a: Kingdra
|-damage|p2a: Kingdra|59/100
|
|t:|1779807478
|switch|p1a: Clodsire|Clodsire, F, tera:Steel|32/100|[from] U-turn
|
|-weather|RainDance|[upkeep]
|-heal|p1a: Clodsire|38/100|[from] item: Leftovers
|upkeep
|turn|20
|
|t:|1779807485
|switch|p2a: Azumarill|Azumarill, F|100/100
|-damage|p2a: Azumarill|88/100|[from] Stealth Rock
|move|p1a: Clodsire|Recover|p1a: Clodsire
|-heal|p1a: Clodsire|88/100
|
|-weather|RainDance|[upkeep]
|-heal|p1a: Clodsire|94/100|[from] item: Leftovers
|upkeep
|turn|21
|
|t:|1779807492
|move|p2a: Azumarill|Knock Off|p1a: Clodsire
|-damage|p1a: Clodsire|58/100
|-enditem|p1a: Clodsire|Leftovers|[from] move: Knock Off|[of] p2a: Azumarill
|move|p1a: Clodsire|Earthquake|p2a: Azumarill
|-damage|p2a: Azumarill|58/100
|
|-weather|RainDance|[upkeep]
|upkeep
|turn|22
|
|t:|1779807505
|switch|p2a: Kingdra|Kingdra, F, shiny|59/100
|-damage|p2a: Kingdra|46/100|[from] Stealth Rock
|move|p1a: Clodsire|Earthquake|p2a: Kingdra
|-damage|p2a: Kingdra|15/100
|
|-weather|none
|upkeep
|turn|23
|
|t:|1779807512
|move|p2a: Kingdra|Draco Meteor|p1a: Clodsire
|-resisted|p1a: Clodsire
|-damage|p1a: Clodsire|32/100
|-unboost|p2a: Kingdra|spa|2
|move|p1a: Clodsire|Recover|p1a: Clodsire
|-heal|p1a: Clodsire|82/100
|
|upkeep
|turn|24
|-message|haitianprinc3 forfeited.
|
|win|chrisnwobu
|raw|chrisnwobu's rating: 1563 &rarr; <strong>1583</strong><br />(+20 for winning)
|raw|haitianprinc3's rating: 1568 &rarr; <strong>1548</strong><br />(-20 for losing)
|l|☆haitianprinc3
|player|p2|
