|j|☆quolius
|j|☆magikarp soup
|t:|1779801981
|gametype|singles
|player|p1|quolius|266|1545
|player|p2|magikarp soup|medium|1591
|gen|9
|tier|[Gen 9] OU
|rated|
|rule|HP Percentage Mod: HP is shown in percentages
|rule|Endless Battle Clause: Forcing endless battles is banned
|rule|Species Clause: Limit one of each Pokémon
|rule|OHKO Clause: OHKO moves are banned
|rule|Evasion Items Clause: Evasion items are banned
|rule|Evasion Moves Clause: Evasion moves are banned
|rule|Evasion Abilities Clause: Evasion abilities are banned
|rule|Sleep Moves Clause: Sleep-inducing moves are banned
|clearpoke
|poke|p1|Wo-Chien|
|poke|p1|Torkoal, F|
|poke|p1|Walking Wake|
|poke|p1|Cinderace, M|
|poke|p1|Clefable, M|
|poke|p1|Great Tusk|
|poke|p2|Cramorant, M|
|poke|p2|Ceruledge, M|
|poke|p2|Kyurem|
|poke|p2|Moltres-Galar|
|poke|p2|Kingambit, F|
|poke|p2|Okidogi, M|
|teampreview
|inactive|Battle timer is ON: inactive players will automatically lose when time's up. (requested by quolius)
|
|t:|1779801996
|teamsize|p1|6
|teamsize|p2|6
|start
|switch|p1a: Walking Wake|Walking Wake|100/100
|switch|p2a: Cramorant|Cramorant, M|100/100
|turn|1
|
|t:|1779802001
|move|p1a: Walking Wake|Draco Meteor|p2a: Cramorant
|-enditem|p2a: Cramorant|Focus Sash
|-damage|p2a: Cramorant|1/100
|-unboost|p1a: Walking Wake|spa|2
|move|p2a: Cramorant|Tailwind|p2a: Cramorant
|-sidestart|p2: magikarp soup|move: Tailwind
|
|upkeep
|turn|2
|
|t:|1779802008
|-end|p1a: Walking Wake|Protosynthesis|[silent]
|switch|p1a: Torkoal|Torkoal, F|100/100
|-weather|SunnyDay|[from] ability: Drought|[of] p1a: Torkoal
|move|p2a: Cramorant|Surf|p1a: Torkoal
|-formechange|p2a: Cramorant|Cramorant-Gorging|
|-supereffective|p1a: Torkoal
|-damage|p1a: Torkoal|70/100
|
|-weather|SunnyDay|[upkeep]
|upkeep
|turn|3
|l|☆quolius
|inactive|quolius disconnected and has a minute to reconnect!
|player|p1|
|j|☆quolius
|inactive|quolius reconnected and has 130 seconds left.
|player|p1|quolius|266|
|
|t:|1779802031
|switch|p1a: Wo-Chien|Wo-Chien|100/100
|-ability|p1a: Wo-Chien|Tablets of Ruin
|move|p2a: Cramorant|Surf|p1a: Wo-Chien
|-resisted|p1a: Wo-Chien
|-damage|p1a: Wo-Chien|93/100
|
|-weather|SunnyDay|[upkeep]
|upkeep
|turn|4
|
|t:|1779802037
|move|p2a: Cramorant|Hurricane|p1a: Wo-Chien
|-supereffective|p1a: Wo-Chien
|-damage|p1a: Wo-Chien|4/100
|move|p1a: Wo-Chien|Growth|p1a: Wo-Chien
|-boost|p1a: Wo-Chien|atk|2
|-boost|p1a: Wo-Chien|spa|2
|
|-weather|SunnyDay|[upkeep]
|-sideend|p2: magikarp soup|move: Tailwind
|upkeep
|turn|5
|
|t:|1779802045
|move|p2a: Cramorant|Surf|p1a: Wo-Chien
|-resisted|p1a: Wo-Chien
|-damage|p1a: Wo-Chien|0 fnt
|faint|p1a: Wo-Chien
|
|-weather|SunnyDay|[upkeep]
|upkeep
|
|t:|1779802058
|switch|p1a: Great Tusk|Great Tusk|100/100
|-activate|p1a: Great Tusk|ability: Protosynthesis
|-start|p1a: Great Tusk|protosynthesisspe
|turn|6
|
|t:|1779802066
|move|p1a: Great Tusk|Stealth Rock|p2a: Cramorant
|-sidestart|p2: magikarp soup|move: Stealth Rock
|move|p2a: Cramorant|Hurricane|p1a: Great Tusk|[miss]
|-miss|p2a: Cramorant|p1a: Great Tusk
|
|-weather|SunnyDay|[upkeep]
|upkeep
|turn|7
|
|t:|1779802070
|move|p1a: Great Tusk|Rapid Spin|p2a: Cramorant
|-damage|p2a: Cramorant|0 fnt
|-boost|p1a: Great Tusk|spe|1
|-damage|p1a: Great Tusk|76/100|[from] ability: Gulp Missile|[of] p2a: Cramorant
|-status|p1a: Great Tusk|par
|-formechange|p2a: Cramorant|Cramorant|
|faint|p2a: Cramorant
|
|-weather|SunnyDay|[upkeep]
|upkeep
|
|t:|1779802077
|switch|p2a: Moltres|Moltres-Galar|100/100
|-damage|p2a: Moltres|76/100|[from] Stealth Rock
|turn|8
|
|t:|1779802083
|cant|p1a: Great Tusk|par
|move|p2a: Moltres|Agility|p2a: Moltres
|-boost|p2a: Moltres|spe|2
|
|-weather|SunnyDay|[upkeep]
|upkeep
|turn|9
|
|t:|1779802087
|move|p2a: Moltres|Nasty Plot|p2a: Moltres
|-boost|p2a: Moltres|spa|2
|cant|p1a: Great Tusk|par
|
|-weather|none
|-end|p1a: Great Tusk|Protosynthesis
|upkeep
|turn|10
|
|t:|1779802091
|move|p2a: Moltres|Nasty Plot|p2a: Moltres
|-boost|p2a: Moltres|spa|2
|cant|p1a: Great Tusk|par
|
|upkeep
|turn|11
|
|t:|1779802096
|move|p2a: Moltres|Fiery Wrath|p1a: Great Tusk
|-resisted|p1a: Great Tusk
|-damage|p1a: Great Tusk|0 fnt
|faint|p1a: Great Tusk
|-end|p1a: Great Tusk|Protosynthesis|[silent]
|
|upkeep
|
|t:|1779802100
|switch|p1a: Torkoal|Torkoal, F|70/100
|-weather|SunnyDay|[from] ability: Drought|[of] p1a: Torkoal
|turn|12
|
|t:|1779802102
|move|p2a: Moltres|Fiery Wrath|p1a: Torkoal
|-damage|p1a: Torkoal|0 fnt
|faint|p1a: Torkoal
|
|-weather|SunnyDay|[upkeep]
|upkeep
|
|t:|1779802106
|switch|p1a: Clefable|Clefable, M|100/100
|turn|13
|
|t:|1779802112
|move|p2a: Moltres|Fiery Wrath|p1a: Clefable
|-resisted|p1a: Clefable
|-damage|p1a: Clefable|81/100
|move|p1a: Clefable|Calm Mind|p1a: Clefable
|-boost|p1a: Clefable|spa|1
|-boost|p1a: Clefable|spd|1
|
|-weather|SunnyDay|[upkeep]
|upkeep
|turn|14
|j| Disscratch
|
|t:|1779802123
|move|p2a: Moltres|Taunt|p1a: Clefable
|-start|p1a: Clefable|move: Taunt
|cant|p1a: Clefable|move: Taunt|Calm Mind
|
|-weather|SunnyDay|[upkeep]
|upkeep
|turn|15
|
|t:|1779802126
|switch|p2a: Ceruledge|Ceruledge, M|100/100
|-damage|p2a: Ceruledge|76/100|[from] Stealth Rock
|move|p1a: Clefable|Moonblast|p2a: Ceruledge
|-resisted|p2a: Ceruledge
|-damage|p2a: Ceruledge|47/100
|-unboost|p2a: Ceruledge|spa|1
|
|-weather|SunnyDay|[upkeep]
|upkeep
|turn|16
|
|t:|1779802132
|switch|p1a: Walking Wake|Walking Wake|100/100
|-activate|p1a: Walking Wake|ability: Protosynthesis
|-start|p1a: Walking Wake|protosynthesisspe
|move|p2a: Ceruledge|Destiny Bond|p2a: Ceruledge
|-singlemove|p2a: Ceruledge|Destiny Bond
|
|-weather|SunnyDay|[upkeep]
|upkeep
|turn|17
|
|t:|1779802140
|move|p1a: Walking Wake|Flip Turn|p2a: Ceruledge
|-supereffective|p2a: Ceruledge
|-damage|p2a: Ceruledge|24/100
|-ability|p2a: Ceruledge|Weak Armor|boost
|-unboost|p2a: Ceruledge|def|1
|-boost|p2a: Ceruledge|spe|2
|
|t:|1779802145
|-end|p1a: Walking Wake|Protosynthesis|[silent]
|switch|p1a: Clefable|Clefable, M|81/100|[from] Flip Turn
|move|p2a: Ceruledge|Poltergeist|p1a: Clefable
|-activate|p1a: Clefable|move: Poltergeist|Covert Cloak
|-damage|p1a: Clefable|35/100
|
|-weather|SunnyDay|[upkeep]
|upkeep
|turn|18
|
|t:|1779802150
|move|p2a: Ceruledge|Poltergeist|p1a: Clefable
|-activate|p1a: Clefable|move: Poltergeist|Covert Cloak
|-damage|p1a: Clefable|0 fnt
|faint|p1a: Clefable
|
|-weather|SunnyDay|[upkeep]
|upkeep
|
|t:|1779802152
|switch|p1a: Walking Wake|Walking Wake|100/100
|-activate|p1a: Walking Wake|ability: Protosynthesis
|-start|p1a: Walking Wake|protosynthesisspe
|turn|19
|
|t:|1779802156
|move|p2a: Ceruledge|Destiny Bond|p2a: Ceruledge
|-singlemove|p2a: Ceruledge|Destiny Bond
|move|p1a: Walking Wake|Hydro Steam|p2a: Ceruledge
|-supereffective|p2a: Ceruledge
|-damage|p2a: Ceruledge|0 fnt
|faint|p2a: Ceruledge
|-activate|p2a: Ceruledge|move: Destiny Bond
|faint|p1a: Walking Wake
|-end|p1a: Walking Wake|Protosynthesis|[silent]
|
|-weather|none
|upkeep
|
|t:|1779802162
|switch|p1a: Cinderace|Cinderace, M|100/100
|switch|p2a: Okidogi|Okidogi, M|100/100
|-item|p1a: Cinderace|Air Balloon
|-damage|p2a: Okidogi|94/100|[from] Stealth Rock
|turn|20
|
|t:|1779802168
|move|p1a: Cinderace|Swords Dance|p1a: Cinderace
|-boost|p1a: Cinderace|atk|2
|move|p2a: Okidogi|Drain Punch|p1a: Cinderace
|-damage|p1a: Cinderace|35/100
|-heal|p2a: Okidogi|100/100|[from] drain|[of] p1a: Cinderace
|-enditem|p1a: Cinderace|Air Balloon
|
|upkeep
|turn|21
|
|t:|1779802174
|-terastallize|p1a: Cinderace|Fire
|move|p1a: Cinderace|Pyro Ball|p2a: Okidogi
|-damage|p2a: Okidogi|0 fnt
|faint|p2a: Okidogi
|
|upkeep
|
|t:|1779802177
|switch|p2a: Kingambit|Kingambit, F|100/100
|-damage|p2a: Kingambit|94/100|[from] Stealth Rock
|-activate|p2a: Kingambit|ability: Supreme Overlord
|-start|p2a: Kingambit|fallen3|[silent]
|turn|22
|
|t:|1779802181
|move|p2a: Kingambit|Sucker Punch|p1a: Cinderace
|-damage|p1a: Cinderace|0 fnt
|faint|p1a: Cinderace
|
|win|magikarp soup
|raw|quolius's rating: 1545 &rarr; <strong>1528</strong><br />(-17 for losing)
|raw|magikarp soup's rating: 1591 &rarr; <strong>1608</strong><br />(+17 for winning)
|l|☆quolius
|player|p1|
|l|☆magikarp soup
|player|p2|
|l| Disscratch
