|j|☆gtrt667
|j|☆Snowballham
|t:|1779842731
|gametype|singles
|player|p1|gtrt667|n|1372
|player|p2|Snowballham|2|1355
|gen|9
|tier|[Gen 9] OU
|rated|
|rule|HP Percentage Mod: HP is shown in percentages
|rule|Endless Battle Clause: Forcing endless battles is banned
|rule|Species Clause: Limit one of each Pokémon
|rule|OHKO Clause: OHKO moves are banned
|rule|Evasion Items Clause: Evasion items are banned
|rule|Evasion Moves Clause: Evasion moves are banned
|rule|Evasion Abilities Clause: Evasion abilities are banned
|rule|Sleep Moves Clause: Sleep-inducing moves are banned
|clearpoke
|poke|p1|Infernape, M|
|poke|p1|Darkrai|
|poke|p1|Clefable, F|
|poke|p1|Corviknight, M|
|poke|p1|Iron Treads|
|poke|p1|Dragonite, M|
|poke|p2|Cresselia, F|
|poke|p2|Garganacl, M|
|poke|p2|Cinderace, M|
|poke|p2|Heatran, F|
|poke|p2|Scizor, M|
|poke|p2|Ninetales-Alola, F|
|teampreview
|inactive|Battle timer is ON: inactive players will automatically lose when time's up. (requested by Snowballham)
|
|t:|1779842769
|teamsize|p1|6
|teamsize|p2|6
|start
|switch|p1a: Infernape|Infernape, M|100/100
|switch|p2a: Cinderace|Cinderace, M|100/100
|turn|1
|
|t:|1779842786
|switch|p1a: Dragonite|Dragonite, M|100/100
|move|p2a: Cinderace|U-turn|p1a: Dragonite
|-start|p2a: Cinderace|typechange|Bug|[from] ability: Libero
|-resisted|p1a: Dragonite
|-damage|p1a: Dragonite|90/100
|
|t:|1779842792
|switch|p2a: Ninetales|Ninetales-Alola, F|100/100|[from] U-turn
|-weather|Snowscape|[from] ability: Snow Warning|[of] p2a: Ninetales
|
|-weather|Snowscape|[upkeep]
|upkeep
|turn|2
|
|t:|1779842812
|switch|p1a: Clefable|Clefable, F|100/100
|move|p2a: Ninetales|Aurora Veil|p2a: Ninetales
|-sidestart|p2: Snowballham|move: Aurora Veil
|
|-weather|Snowscape|[upkeep]
|upkeep
|turn|3
|
|t:|1779842821
|switch|p2a: Heatran|Heatran, F|100/100
|-item|p2a: Heatran|Air Balloon
|move|p1a: Clefable|Stealth Rock|p2a: Heatran
|-sidestart|p2: Snowballham|move: Stealth Rock
|
|-weather|Snowscape|[upkeep]
|upkeep
|turn|4
|
|t:|1779842831
|switch|p1a: Dragonite|Dragonite, M|90/100
|move|p2a: Heatran|Magma Storm|p1a: Dragonite|[miss]
|-miss|p2a: Heatran|p1a: Dragonite
|
|-weather|Snowscape|[upkeep]
|upkeep
|turn|5
|
|t:|1779842835
|move|p1a: Dragonite|Extreme Speed|p2a: Heatran
|-resisted|p2a: Heatran
|-damage|p2a: Heatran|94/100
|-enditem|p2a: Heatran|Air Balloon
|move|p2a: Heatran|Magma Storm|p1a: Dragonite
|-resisted|p1a: Dragonite
|-damage|p1a: Dragonite|60/100
|-activate|p1a: Dragonite|move: Magma Storm|[of] p2a: Heatran
|
|-weather|none
|-damage|p1a: Dragonite|48/100|[from] move: Magma Storm|[partiallytrapped]
|upkeep
|turn|6
|
|t:|1779842848
|move|p1a: Dragonite|Roost|p1a: Dragonite
|-heal|p1a: Dragonite|98/100
|-singleturn|p1a: Dragonite|move: Roost
|move|p2a: Heatran|Flash Cannon|p1a: Dragonite
|-damage|p1a: Dragonite|50/100
|
|-damage|p1a: Dragonite|38/100|[from] move: Magma Storm|[partiallytrapped]
|upkeep
|turn|7
|
|t:|1779842853
|move|p1a: Dragonite|Earthquake|p2a: Heatran
|-supereffective|p2a: Heatran
|-damage|p2a: Heatran|26/100
|move|p2a: Heatran|Flash Cannon|p1a: Dragonite
|-damage|p1a: Dragonite|0 fnt
|faint|p1a: Dragonite
|
|upkeep
|
|t:|1779842859
|switch|p1a: Infernape|Infernape, M|100/100
|turn|8
|
|t:|1779842862
|move|p1a: Infernape|Close Combat|p2a: Heatran
|-supereffective|p2a: Heatran
|-damage|p2a: Heatran|0 fnt
|-unboost|p1a: Infernape|def|1
|-unboost|p1a: Infernape|spd|1
|faint|p2a: Heatran
|
|upkeep
|
|t:|1779842870
|switch|p2a: Cinderace|Cinderace, M|100/100
|turn|9
|l|☆gtrt667
|inactive|gtrt667 disconnected and has a minute to reconnect!
|player|p1|
|inactive|gtrt667 has 30 seconds to reconnect!
|j|☆gtrt667
|inactive|gtrt667 reconnected and has 110 seconds left.
|player|p1|gtrt667|n|
|
|t:|1779842915
|switch|p1a: Clefable|Clefable, F|100/100
|move|p2a: Cinderace|Pyro Ball|p1a: Clefable
|-damage|p1a: Clefable|39/100
|
|-heal|p1a: Clefable|45/100|[from] item: Leftovers
|-sideend|p2: Snowballham|move: Aurora Veil
|upkeep
|turn|10
|
|t:|1779842929
|move|p2a: Cinderace|Court Change|p2a: Cinderace
|-start|p2a: Cinderace|typechange|Normal|[from] ability: Libero
|-swapsideconditions
|-activate|p2a: Cinderace|move: Court Change
|move|p1a: Clefable|Thunder Wave|p2a: Cinderace
|-status|p2a: Cinderace|par
|
|-heal|p1a: Clefable|51/100|[from] item: Leftovers
|upkeep
|turn|11
|
|t:|1779842937
|move|p2a: Cinderace|U-turn|p1a: Clefable
|-resisted|p1a: Clefable
|-damage|p1a: Clefable|39/100
|
|t:|1779842940
|switch|p2a: Garganacl|Garganacl, M|100/100|[from] U-turn
|move|p1a: Clefable|Moonlight|p1a: Clefable
|-heal|p1a: Clefable|89/100
|
|-heal|p1a: Clefable|95/100|[from] item: Leftovers
|upkeep
|turn|12
|
|t:|1779842943
|move|p1a: Clefable|Moonblast|p2a: Garganacl
|-damage|p2a: Garganacl|79/100
|-enditem|p2a: Garganacl|Maranga Berry|[eat]
|-boost|p2a: Garganacl|spd|1|[from] item: Maranga Berry
|move|p2a: Garganacl|Salt Cure|p1a: Clefable
|-damage|p1a: Clefable|80/100
|-start|p1a: Clefable|Salt Cure
|
|-heal|p1a: Clefable|86/100|[from] item: Leftovers
|upkeep
|turn|13
|
|t:|1779842949
|move|p1a: Clefable|Moonblast|p2a: Garganacl
|-damage|p2a: Garganacl|64/100
|move|p2a: Garganacl|Iron Defense|p2a: Garganacl
|-boost|p2a: Garganacl|def|2
|
|-heal|p1a: Clefable|92/100|[from] item: Leftovers
|upkeep
|turn|14
|
|t:|1779842960
|switch|p1a: Infernape|Infernape, M|100/100
|-damage|p1a: Infernape|88/100|[from] Stealth Rock
|move|p2a: Garganacl|Iron Defense|p2a: Garganacl
|-boost|p2a: Garganacl|def|2
|
|upkeep
|turn|15
|
|t:|1779842965
|move|p1a: Infernape|Close Combat|p2a: Garganacl
|-supereffective|p2a: Garganacl
|-damage|p2a: Garganacl|26/100
|-unboost|p1a: Infernape|def|1
|-unboost|p1a: Infernape|spd|1
|move|p2a: Garganacl|Recover|p2a: Garganacl
|-heal|p2a: Garganacl|76/100
|
|upkeep
|turn|16
|
|t:|1779842969
|move|p1a: Infernape|Close Combat|p2a: Garganacl
|-supereffective|p2a: Garganacl
|-damage|p2a: Garganacl|40/100
|-unboost|p1a: Infernape|def|1
|-unboost|p1a: Infernape|spd|1
|move|p2a: Garganacl|Recover|p2a: Garganacl
|-heal|p2a: Garganacl|90/100
|
|upkeep
|turn|17
|-message|gtrt667 forfeited.
|
|win|Snowballham
|raw|gtrt667's rating: 1372 &rarr; <strong>1351</strong><br />(-21 for losing)
|raw|Snowballham's rating: 1355 &rarr; <strong>1376</strong><br />(+21 for winning)
|l|☆gtrt667
|player|p1|
|l|☆Snowballham
|player|p2|
