|j|☆Rbtnk
|j|☆368ckxdh
|t:|1779876200
|gametype|singles
|player|p1|Rbtnk|aromalady|1074
|player|p2|368ckxdh|102|1075
|gen|9
|tier|[Gen 9] OU
|rated|
|rule|HP Percentage Mod: HP is shown in percentages
|rule|Endless Battle Clause: Forcing endless battles is banned
|rule|Species Clause: Limit one of each Pokémon
|rule|OHKO Clause: OHKO moves are banned
|rule|Evasion Items Clause: Evasion items are banned
|rule|Evasion Moves Clause: Evasion moves are banned
|rule|Evasion Abilities Clause: Evasion abilities are banned
|rule|Sleep Moves Clause: Sleep-inducing moves are banned
|clearpoke
|poke|p1|Raging Bolt|
|poke|p1|Gliscor, M|
|poke|p1|Meowscarada, F|
|poke|p1|Glimmora, F|
|poke|p1|Articuno|
|poke|p1|Clefable, F|
|poke|p2|Kingambit, M|
|poke|p2|Kommo-o, M|
|poke|p2|Iron Valiant|
|poke|p2|Kyurem|
|poke|p2|Iron Treads|
|poke|p2|Iron Crown|
|teampreview
|inactive|Battle timer is ON: inactive players will automatically lose when time's up. (requested by Rbtnk)
|
|t:|1779876204
|teamsize|p1|6
|teamsize|p2|6
|start
|switch|p1a: Meowscarada|Meowscarada, F, shiny|100/100
|switch|p2a: Iron Treads|Iron Treads|100/100
|-enditem|p2a: Iron Treads|Booster Energy
|-activate|p2a: Iron Treads|ability: Quark Drive|[fromitem]
|-start|p2a: Iron Treads|quarkdrivespe
|turn|1
|
|t:|1779876221
|move|p2a: Iron Treads|Stealth Rock|p1a: Meowscarada
|-sidestart|p1: Rbtnk|move: Stealth Rock
|move|p1a: Meowscarada|U-turn|p2a: Iron Treads
|-start|p1a: Meowscarada|typechange|Bug|[from] ability: Protean
|-resisted|p2a: Iron Treads
|-damage|p2a: Iron Treads|84/100
|-damage|p1a: Meowscarada|91/100|[from] item: Life Orb
|
|t:|1779876228
|switch|p1a: Glimmora|Glimmora, F|100/100|[from] U-turn
|-damage|p1a: Glimmora|88/100|[from] Stealth Rock
|
|upkeep
|turn|2
|
|t:|1779876234
|move|p2a: Iron Treads|Earthquake|p1a: Glimmora
|-supereffective|p1a: Glimmora
|-damage|p1a: Glimmora|0 fnt
|-activate|p1a: Glimmora|ability: Toxic Debris
|-sidestart|p2: 368ckxdh|move: Toxic Spikes
|faint|p1a: Glimmora
|
|upkeep
|
|t:|1779876239
|switch|p1a: Gliscor|Gliscor, M|100/100
|-damage|p1a: Gliscor|88/100|[from] Stealth Rock
|turn|3
|
|t:|1779876246
|-end|p2a: Iron Treads|Quark Drive|[silent]
|switch|p2a: Kyurem|Kyurem|100/100
|-status|p2a: Kyurem|psn
|-ability|p2a: Kyurem|Pressure
|move|p1a: Gliscor|Substitute|p1a: Gliscor
|-start|p1a: Gliscor|Substitute
|-damage|p1a: Gliscor|63/100
|
|-damage|p2a: Kyurem|88/100 psn|[from] psn
|-status|p1a: Gliscor|tox|[from] item: Toxic Orb
|upkeep
|turn|4
|
|t:|1779876258
|move|p1a: Gliscor|Protect|p1a: Gliscor
|-singleturn|p1a: Gliscor|Protect
|move|p2a: Kyurem|Icicle Spear|p1a: Gliscor
|-activate|p1a: Gliscor|move: Protect
|
|-damage|p2a: Kyurem|76/100 psn|[from] psn
|-heal|p1a: Gliscor|76/100 tox|[from] ability: Poison Heal
|upkeep
|turn|5
|
|t:|1779876268
|move|p2a: Kyurem|Icicle Spear|p1a: Gliscor
|-supereffective|p1a: Gliscor
|-end|p1a: Gliscor|Substitute
|-supereffective|p1a: Gliscor
|-damage|p1a: Gliscor|44/100 tox
|-supereffective|p1a: Gliscor
|-damage|p1a: Gliscor|10/100 tox
|-supereffective|p1a: Gliscor
|-damage|p1a: Gliscor|0 fnt
|faint|p1a: Gliscor
|-hitcount|p1: Gliscor|4
|
|-damage|p2a: Kyurem|64/100 psn|[from] psn
|upkeep
|
|t:|1779876272
|switch|p1a: Articuno|Articuno, shiny|100/100
|-ability|p1a: Articuno|Pressure
|turn|6
|
|t:|1779876291
|move|p2a: Kyurem|Scale Shot|p1a: Articuno
|-damage|p1a: Articuno|88/100
|-damage|p1a: Articuno|76/100
|-damage|p1a: Articuno|65/100
|-damage|p1a: Articuno|54/100
|-hitcount|p1a: Articuno|4
|-unboost|p2a: Kyurem|def|1
|-boost|p2a: Kyurem|spe|1
|move|p1a: Articuno|Triple Axel|p2a: Kyurem
|-damage|p2a: Kyurem|52/100 psn
|-damage|p2a: Kyurem|27/100 psn
|-damage|p2a: Kyurem|0 fnt
|faint|p2a: Kyurem
|-hitcount|p2: Kyurem|3
|
|upkeep
|
|t:|1779876308
|switch|p2a: Iron Treads|Iron Treads|84/100
|turn|7
|
|t:|1779876318
|switch|p1a: Meowscarada|Meowscarada, F, shiny|91/100
|-damage|p1a: Meowscarada|78/100|[from] Stealth Rock
|move|p2a: Iron Treads|Rapid Spin|p1a: Meowscarada
|-damage|p1a: Meowscarada|60/100
|-boost|p2a: Iron Treads|spe|1
|-sideend|p2: 368ckxdh|Toxic Spikes|[from] move: Rapid Spin|[of] p2a: Iron Treads
|
|upkeep
|turn|8
|inactive|368ckxdh has 120 seconds left.
|
|t:|1779876342
|-end|p2a: Iron Treads|Quark Drive|[silent]
|switch|p2a: Iron Valiant|Iron Valiant|100/100
|-enditem|p2a: Iron Valiant|Booster Energy
|-activate|p2a: Iron Valiant|ability: Quark Drive|[fromitem]
|-start|p2a: Iron Valiant|quarkdrivespe
|move|p1a: Meowscarada|Flower Trick|p2a: Iron Valiant
|-start|p1a: Meowscarada|typechange|Grass|[from] ability: Protean
|-crit|p2a: Iron Valiant
|-damage|p2a: Iron Valiant|18/100
|-damage|p1a: Meowscarada|50/100|[from] item: Life Orb
|
|upkeep
|turn|9
|inactive|368ckxdh has 120 seconds left.
|
|t:|1779876357
|move|p2a: Iron Valiant|Moonblast|p1a: Meowscarada
|-damage|p1a: Meowscarada|0 fnt
|faint|p1a: Meowscarada
|
|upkeep
|
|t:|1779876360
|switch|p1a: Articuno|Articuno, shiny|54/100
|-ability|p1a: Articuno|Pressure
|turn|10
|
|t:|1779876366
|move|p2a: Iron Valiant|Moonblast|p1a: Articuno
|-damage|p1a: Articuno|21/100
|-unboost|p1a: Articuno|spa|1
|move|p1a: Articuno|Roost|p1a: Articuno
|-heal|p1a: Articuno|71/100
|-singleturn|p1a: Articuno|move: Roost
|
|upkeep
|turn|11
|
|t:|1779876377
|move|p2a: Iron Valiant|Moonblast|p1a: Articuno
|-damage|p1a: Articuno|36/100
|-unboost|p1a: Articuno|spa|1
|move|p1a: Articuno|Roost|p1a: Articuno
|-heal|p1a: Articuno|86/100
|-singleturn|p1a: Articuno|move: Roost
|
|upkeep
|turn|12
|
|t:|1779876388
|move|p2a: Iron Valiant|Moonblast|p1a: Articuno
|-damage|p1a: Articuno|54/100
|move|p1a: Articuno|Triple Axel|p2a: Iron Valiant
|-damage|p2a: Iron Valiant|7/100
|-damage|p2a: Iron Valiant|0 fnt
|faint|p2a: Iron Valiant
|-end|p2a: Iron Valiant|Quark Drive|[silent]
|-hitcount|p2: Iron Valiant|2
|
|upkeep
|inactive|368ckxdh has 120 seconds left.
|
|t:|1779876416
|switch|p2a: Kingambit|Kingambit, M|100/100
|-activate|p2a: Kingambit|ability: Supreme Overlord
|-start|p2a: Kingambit|fallen2|[silent]
|turn|13
|
|t:|1779876428
|switch|p1a: Clefable|Clefable, F|100/100
|move|p2a: Kingambit|Swords Dance|p2a: Kingambit
|-boost|p2a: Kingambit|atk|2
|
|upkeep
|turn|14
|inactive|368ckxdh has 120 seconds left.
|
|t:|1779876436
|-terastallize|p2a: Kingambit|Ghost
|move|p2a: Kingambit|Iron Head|p1a: Clefable
|-supereffective|p1a: Clefable
|-damage|p1a: Clefable|0 fnt
|faint|p1a: Clefable
|
|upkeep
|-message|Rbtnk forfeited.
|
|win|368ckxdh
|raw|Rbtnk's rating: 1074 &rarr; <strong>1053</strong><br />(-21 for losing)
|raw|368ckxdh's rating: 1075 &rarr; <strong>1104</strong><br />(+29 for winning)
|l|☆Rbtnk
|player|p1|
|l|☆368ckxdh
|player|p2|
