|j|☆ggdtzera
|j|☆SaiyanSage
|t:|1779813375
|gametype|singles
|player|p1|ggdtzera|169|1156
|player|p2|SaiyanSage|hoopster|1237
|gen|9
|tier|[Gen 9] OU
|rated|
|rule|HP Percentage Mod: HP is shown in percentages
|rule|Endless Battle Clause: Forcing endless battles is banned
|rule|Species Clause: Limit one of each Pokémon
|rule|OHKO Clause: OHKO moves are banned
|rule|Evasion Items Clause: Evasion items are banned
|rule|Evasion Moves Clause: Evasion moves are banned
|rule|Evasion Abilities Clause: Evasion abilities are banned
|rule|Sleep Moves Clause: Sleep-inducing moves are banned
|clearpoke
|poke|p1|Cyclizar, M|
|poke|p1|Ceruledge, F|
|poke|p1|Breloom, M|
|poke|p1|Thundurus, M|
|poke|p1|Clefable, M|
|poke|p1|Talonflame, M|
|poke|p2|Raging Bolt|
|poke|p2|Corviknight, M|
|poke|p2|Brute Bonnet|
|poke|p2|Walking Wake|
|poke|p2|Ogerpon-Wellspring, F|
|poke|p2|Latias, F|
|teampreview
|inactive|Battle timer is ON: inactive players will automatically lose when time's up. (requested by ggdtzera)
|
|t:|1779813388
|teamsize|p1|6
|teamsize|p2|6
|start
|switch|p1a: Thundurus|Thundurus, M|100/100
|switch|p2a: Ogerpon|Ogerpon-Wellspring, F|100/100
|turn|1
|
|t:|1779813391
|switch|p2a: Zeus|Raging Bolt|100/100
|move|p1a: Thundurus|Thunder Wave|p2a: Zeus
|-immune|p2a: Zeus
|
|upkeep
|turn|2
|
|t:|1779813401
|move|p1a: Thundurus|Eerie Impulse|p2a: Zeus
|-unboost|p2a: Zeus|spa|2
|move|p2a: Zeus|Charge Beam|p1a: Thundurus
|-damage|p1a: Thundurus|79/100
|-boost|p2a: Zeus|spa|1
|
|upkeep
|turn|3
|
|t:|1779813411
|move|p1a: Thundurus|Eerie Impulse|p2a: Zeus
|-unboost|p2a: Zeus|spa|2
|move|p2a: Zeus|Thunderbolt|p1a: Thundurus
|-damage|p1a: Thundurus|49/100
|
|upkeep
|turn|4
|
|t:|1779813418
|-end|p2a: Zeus|Protosynthesis|[silent]
|switch|p2a: Brute Bonnet|Brute Bonnet|100/100
|move|p1a: Thundurus|U-turn|p2a: Brute Bonnet
|-supereffective|p2a: Brute Bonnet
|-damage|p2a: Brute Bonnet|30/100
|
|t:|1779813423
|switch|p1a: Ceruledge|Ceruledge, F|100/100|[from] U-turn
|
|upkeep
|turn|5
|
|t:|1779813426
|move|p1a: Ceruledge|Bitter Blade|p2a: Brute Bonnet
|-supereffective|p2a: Brute Bonnet
|-damage|p2a: Brute Bonnet|0 fnt
|faint|p2a: Brute Bonnet
|-end|p2a: Brute Bonnet|Protosynthesis|[silent]
|-damage|p1a: Ceruledge|91/100|[from] item: Life Orb
|
|upkeep
|
|t:|1779813432
|switch|p2a: Walking Wake|Walking Wake|100/100
|turn|6
|
|t:|1779813437
|switch|p1a: Clefable|Clefable, M|100/100
|move|p2a: Walking Wake|Sunny Day|p2a: Walking Wake
|-weather|SunnyDay
|-activate|p2a: Walking Wake|ability: Protosynthesis
|-start|p2a: Walking Wake|protosynthesisspa
|
|-weather|SunnyDay|[upkeep]
|upkeep
|turn|7
|
|t:|1779813447
|-terastallize|p2a: Walking Wake|Water
|move|p2a: Walking Wake|Hydro Steam|p1a: Clefable
|-damage|p1a: Clefable|0 fnt
|faint|p1a: Clefable
|-damage|p2a: Walking Wake|91/100|[from] item: Life Orb
|
|-weather|SunnyDay|[upkeep]
|upkeep
|
|t:|1779813454
|switch|p1a: Cyclizar|Cyclizar, M|100/100
|turn|8
|
|t:|1779813459
|move|p1a: Cyclizar|Knock Off|p2a: Walking Wake
|-damage|p2a: Walking Wake|69/100
|-enditem|p2a: Walking Wake|Life Orb|[from] move: Knock Off|[of] p1a: Cyclizar
|move|p2a: Walking Wake|Dragon Pulse|p1a: Cyclizar
|-supereffective|p1a: Cyclizar
|-damage|p1a: Cyclizar|0 fnt
|faint|p1a: Cyclizar
|
|-weather|SunnyDay|[upkeep]
|upkeep
|
|t:|1779813468
|switch|p1a: Thundurus|Thundurus, M|49/100
|turn|9
|
|t:|1779813470
|move|p1a: Thundurus|Thunder Wave|p2a: Walking Wake
|-status|p2a: Walking Wake|par
|move|p2a: Walking Wake|Hydro Steam|p1a: Thundurus
|-damage|p1a: Thundurus|0 fnt
|faint|p1a: Thundurus
|
|-weather|SunnyDay|[upkeep]
|upkeep
|
|t:|1779813481
|switch|p1a: Breloom|Breloom, M|100/100
|turn|10
|
|t:|1779813484
|move|p1a: Breloom|Leech Seed|p2a: Walking Wake
|-start|p2a: Walking Wake|move: Leech Seed
|cant|p2a: Walking Wake|par
|
|-weather|none
|-end|p2a: Walking Wake|Protosynthesis
|-damage|p2a: Walking Wake|57/100 par|[from] Leech Seed|[of] p1a: Breloom
|-status|p1a: Breloom|tox|[from] item: Toxic Orb
|upkeep
|turn|11
|
|t:|1779813492
|-end|p2a: Walking Wake|Protosynthesis|[silent]
|switch|p2a: Zeus|Raging Bolt|100/100
|move|p1a: Breloom|Facade|p2a: Zeus
|-damage|p2a: Zeus|71/100
|
|upkeep
|turn|12
|
|t:|1779813497
|move|p2a: Zeus|Draco Meteor|p1a: Breloom
|-damage|p1a: Breloom|0 fnt
|-unboost|p2a: Zeus|spa|2
|faint|p1a: Breloom
|
|upkeep
|
|t:|1779813501
|switch|p1a: Ceruledge|Ceruledge, F|91/100
|turn|13
|
|t:|1779813507
|-end|p2a: Zeus|Protosynthesis|[silent]
|switch|p2a: Walking Wake|Walking Wake, tera:Water|57/100 par
|move|p1a: Ceruledge|Swords Dance|p1a: Ceruledge
|-boost|p1a: Ceruledge|atk|2
|
|upkeep
|turn|14
|
|t:|1779813513
|move|p1a: Ceruledge|Shadow Sneak|p2a: Walking Wake
|-damage|p2a: Walking Wake|0 fnt
|faint|p2a: Walking Wake
|-end|p2a: Walking Wake|Protosynthesis|[silent]
|-damage|p1a: Ceruledge|81/100|[from] item: Life Orb
|
|upkeep
|
|t:|1779813522
|switch|p2a: Zeus|Raging Bolt|71/100
|turn|15
|
|t:|1779813527
|move|p1a: Ceruledge|Shadow Sneak|p2a: Zeus
|-damage|p2a: Zeus|30/100
|-damage|p1a: Ceruledge|71/100|[from] item: Life Orb
|move|p2a: Zeus|Thunderclap||[still]
|-fail|p2a: Zeus
|
|upkeep
|turn|16
|-message|SaiyanSage forfeited.
|
|win|ggdtzera
|raw|ggdtzera's rating: 1156 &rarr; <strong>1187</strong><br />(+31 for winning)
|raw|SaiyanSage's rating: 1237 &rarr; <strong>1206</strong><br />(-31 for losing)
|l|☆SaiyanSage
|player|p2|
|l|☆ggdtzera
|player|p1|
