|j|☆EmilyLP1997
|j|☆Doctorabc321
|t:|1779848753
|gametype|singles
|player|p1|EmilyLP1997|170|1000
|player|p2|Doctorabc321|102|1045
|gen|9
|tier|[Gen 9] OU
|rated|
|rule|HP Percentage Mod: HP is shown in percentages
|rule|Endless Battle Clause: Forcing endless battles is banned
|rule|Species Clause: Limit one of each Pokémon
|rule|OHKO Clause: OHKO moves are banned
|rule|Evasion Items Clause: Evasion items are banned
|rule|Evasion Moves Clause: Evasion moves are banned
|rule|Evasion Abilities Clause: Evasion abilities are banned
|rule|Sleep Moves Clause: Sleep-inducing moves are banned
|clearpoke
|poke|p1|Charizard, M|
|poke|p1|Delphox, M|
|poke|p1|Raichu, F|
|poke|p1|Sylveon, M|
|poke|p1|Gyarados, F|
|poke|p1|Lucario, M|
|poke|p2|Gholdengo|
|poke|p2|Darkrai|
|poke|p2|Rillaboom, M|
|poke|p2|Fezandipiti, M|
|poke|p2|Hawlucha, F|
|poke|p2|Zamazenta-*|
|teampreview
|
|t:|1779848759
|teamsize|p1|6
|teamsize|p2|6
|start
|switch|p1a: Kaycee|Raichu, F, shiny|100/100
|switch|p2a: Rillaboom|Rillaboom, M|100/100
|-fieldstart|move: Grassy Terrain|[from] ability: Grassy Surge|[of] p2a: Rillaboom
|turn|1
|c|☆EmilyLP1997|helloo, gg ^^
|
|t:|1779848775
|move|p1a: Kaycee|Focus Blast|p2a: Rillaboom
|-damage|p2a: Rillaboom|61/100
|move|p2a: Rillaboom|High Horsepower|p1a: Kaycee
|-supereffective|p1a: Kaycee
|-damage|p1a: Kaycee|0 fnt
|faint|p1a: Kaycee
|
|-heal|p2a: Rillaboom|67/100|[from] Grassy Terrain
|upkeep
|
|t:|1779848784
|switch|p1a: Kaku Kogeki|Charizard, M, shiny|100/100
|turn|2
|c|☆Doctorabc321|GLHF
|
|t:|1779848793
|switch|p2a: Cosmic Owl|Fezandipiti, M|100/100
|-terastallize|p1a: Kaku Kogeki|Fire
|move|p1a: Kaku Kogeki|Flare Blitz|p2a: Cosmic Owl
|-damage|p2a: Cosmic Owl|37/100
|-damage|p1a: Kaku Kogeki|74/100|[from] Recoil
|
|-heal|p1a: Kaku Kogeki|80/100|[from] Grassy Terrain
|-heal|p2a: Cosmic Owl|43/100|[from] Grassy Terrain
|upkeep
|turn|3
|c|☆EmilyLP1997|I'm sorry?
|
|t:|1779848823
|move|p1a: Kaku Kogeki|Flare Blitz|p2a: Cosmic Owl
|-damage|p2a: Cosmic Owl|0 fnt
|faint|p2a: Cosmic Owl
|-damage|p1a: Kaku Kogeki|62/100|[from] Recoil
|
|-heal|p1a: Kaku Kogeki|68/100|[from] Grassy Terrain
|upkeep
|
|t:|1779848827
|switch|p2a: Zamazenta|Zamazenta|100/100
|-ability|p2a: Zamazenta|Dauntless Shield|boost
|-boost|p2a: Zamazenta|def|1
|turn|4
|c|☆EmilyLP1997|ohh, I googled
|c|☆EmilyLP1997|Thank you, you too :D
|
|t:|1779848841
|move|p1a: Kaku Kogeki|Flare Blitz|p2a: Zamazenta
|-damage|p2a: Zamazenta|68/100
|-damage|p1a: Kaku Kogeki|54/100|[from] Recoil
|move|p2a: Zamazenta|Iron Defense|p2a: Zamazenta
|-boost|p2a: Zamazenta|def|2
|
|-heal|p1a: Kaku Kogeki|60/100|[from] Grassy Terrain
|-heal|p2a: Zamazenta|74/100|[from] Grassy Terrain
|-heal|p2a: Zamazenta|80/100|[from] item: Leftovers
|upkeep
|turn|5
|
|t:|1779848855
|switch|p1a: Gary 2|Gyarados, F, shiny|100/100
|move|p2a: Zamazenta|Stone Edge|p1a: Gary 2
|-supereffective|p1a: Gary 2
|-damage|p1a: Gary 2|24/100
|
|-heal|p2a: Zamazenta|86/100|[from] Grassy Terrain
|-heal|p2a: Zamazenta|92/100|[from] item: Leftovers
|upkeep
|turn|6
|
|t:|1779848866
|move|p2a: Zamazenta|Body Press|p1a: Gary 2
|-resisted|p1a: Gary 2
|-crit|p1a: Gary 2
|-damage|p1a: Gary 2|0 fnt
|-damage|p2a: Zamazenta|75/100|[from] item: Rocky Helmet|[of] p1a: Gary 2
|faint|p1a: Gary 2
|
|-heal|p2a: Zamazenta|81/100|[from] Grassy Terrain
|-heal|p2a: Zamazenta|87/100|[from] item: Leftovers
|upkeep
|c|☆EmilyLP1997|nice ^^
|
|t:|1779848876
|switch|p1a: Piss|Lucario, M, shiny|100/100
|turn|7
|
|t:|1779848880
|move|p2a: Zamazenta|Body Press|p1a: Piss
|-supereffective|p1a: Piss
|-damage|p1a: Piss|0 fnt
|faint|p1a: Piss
|
|-heal|p2a: Zamazenta|93/100|[from] Grassy Terrain
|-heal|p2a: Zamazenta|99/100|[from] item: Leftovers
|upkeep
|c|☆EmilyLP1997|:T ok less nice
|
|t:|1779848889
|switch|p1a: Transgender|Sylveon, M, shiny|100/100
|-item|p1a: Transgender|Air Balloon
|turn|8
|c|☆Doctorabc321|You’re funny
|c|☆EmilyLP1997|ooh let me guess
|c|☆EmilyLP1997|body press?
|
|t:|1779848928
|-terastallize|p2a: Zamazenta|Steel
|move|p2a: Zamazenta|Iron Defense|p2a: Zamazenta
|-boost|p2a: Zamazenta|def|2
|move|p1a: Transgender|Hyper Voice|p2a: Zamazenta
|-resisted|p2a: Zamazenta
|-damage|p2a: Zamazenta|77/100
|
|-heal|p2a: Zamazenta|83/100|[from] Grassy Terrain
|-heal|p2a: Zamazenta|89/100|[from] item: Leftovers
|-fieldend|move: Grassy Terrain
|upkeep
|turn|9
|c|☆EmilyLP1997|ahh, sorry; I'm being a salty bitch
|c|☆EmilyLP1997|I'm too used to uh... champions players
|
|t:|1779848958
|move|p2a: Zamazenta|Body Press|p1a: Transgender
|-resisted|p1a: Transgender
|-damage|p1a: Transgender|6/100
|-enditem|p1a: Transgender|Air Balloon
|move|p1a: Transgender|Draining Kiss|p2a: Zamazenta
|-resisted|p2a: Zamazenta
|-damage|p2a: Zamazenta|79/100
|-heal|p1a: Transgender|14/100|[from] drain|[of] p2a: Zamazenta
|
|-heal|p2a: Zamazenta|85/100|[from] item: Leftovers
|upkeep
|turn|10
|
|t:|1779848985
|move|p2a: Zamazenta|Body Press|p1a: Transgender
|-resisted|p1a: Transgender
|-damage|p1a: Transgender|0 fnt
|faint|p1a: Transgender
|
|-heal|p2a: Zamazenta|91/100|[from] item: Leftovers
|upkeep
|
|t:|1779848992
|switch|p1a: Kaku Kogeki|Charizard, M, shiny, tera:Fire|60/100
|turn|11
|
|t:|1779848998
|move|p1a: Kaku Kogeki|Brick Break|p2a: Zamazenta
|-supereffective|p2a: Zamazenta
|-damage|p2a: Zamazenta|81/100
|move|p2a: Zamazenta|Body Press|p1a: Kaku Kogeki
|-damage|p1a: Kaku Kogeki|0 fnt
|faint|p1a: Kaku Kogeki
|
|-heal|p2a: Zamazenta|87/100|[from] item: Leftovers
|upkeep
|c|☆EmilyLP1997|You know, its crazy
|c|☆Doctorabc321|GG
|c|☆EmilyLP1997|growing up, we had the decency to not use legendaries
|c|☆EmilyLP1997|thats not a gg to you
|c|☆EmilyLP1997|bg
|c|☆EmilyLP1997|bg
|c|☆EmilyLP1997|bg
|c|☆EmilyLP1997|bg
|c|☆EmilyLP1997|bg
|c|☆EmilyLP1997|bg
|n|!EmilyLP1997|emilylp1997
|
|t:|1779849030
|switch|p1a: Purpur|Delphox, M, shiny|100/100
|turn|12
|-message|EmilyLP1997 forfeited.
|
|win|Doctorabc321
