|j|☆Scepticskep
|j|☆Gimmicksquad
|t:|1779858145
|gametype|singles
|player|p1|Scepticskep|pokemaniac|1504
|player|p2|Gimmicksquad|169|1437
|gen|9
|tier|[Gen 9] OU
|rated|
|rule|HP Percentage Mod: HP is shown in percentages
|rule|Endless Battle Clause: Forcing endless battles is banned
|rule|Species Clause: Limit one of each Pokémon
|rule|OHKO Clause: OHKO moves are banned
|rule|Evasion Items Clause: Evasion items are banned
|rule|Evasion Moves Clause: Evasion moves are banned
|rule|Evasion Abilities Clause: Evasion abilities are banned
|rule|Sleep Moves Clause: Sleep-inducing moves are banned
|clearpoke
|poke|p1|Cramorant, M|
|poke|p1|Kingambit, F|
|poke|p1|Iron Moth|
|poke|p1|Enamorus, F|
|poke|p1|Great Tusk|
|poke|p1|Ceruledge, M|
|poke|p2|Donphan, L6, F|
|poke|p2|Lapras, F|
|poke|p2|Ditto|
|poke|p2|Cloyster, M|
|poke|p2|Zamazenta-*|
|poke|p2|Smeargle, M|
|teampreview
|inactive|Battle timer is ON: inactive players will automatically lose when time's up. (requested by Scepticskep)
|
|t:|1779858161
|teamsize|p1|6
|teamsize|p2|6
|start
|switch|p1a: Ceruledge|Ceruledge, M|100/100
|switch|p2a: Donphan|Donphan, L6, F|100/100
|turn|1
|
|t:|1779858179
|move|p2a: Donphan|Ice Shard|p1a: Ceruledge
|-resisted|p1a: Ceruledge
|-crit|p1a: Ceruledge
|-damage|p1a: Ceruledge|99/100
|move|p1a: Ceruledge|Poltergeist|p2a: Donphan
|-activate|p2a: Donphan|move: Poltergeist|Shell Bell
|-ability|p2a: Donphan|Sturdy
|-damage|p2a: Donphan|4/100
|
|upkeep
|turn|2
|
|t:|1779858187
|move|p1a: Ceruledge|Bitter Blade|p2a: Donphan
|-damage|p2a: Donphan|0 fnt
|-heal|p1a: Ceruledge|100/100|[from] drain|[of] p2a: Donphan
|faint|p2a: Donphan
|
|upkeep
|
|t:|1779858190
|switch|p2a: Smeargle|Smeargle, M|100/100
|turn|3
|
|t:|1779858192
|move|p2a: Smeargle|Trick|p1a: Ceruledge
|-activate|p2a: Smeargle|move: Trick|[of] p1a: Ceruledge
|-item|p1a: Ceruledge|Choice Scarf|[from] move: Trick
|-item|p2a: Smeargle|Focus Sash|[from] move: Trick
|move|p1a: Ceruledge|Bitter Blade|p2a: Smeargle
|-enditem|p2a: Smeargle|Focus Sash
|-damage|p2a: Smeargle|1/100
|
|upkeep
|turn|4
|
|t:|1779858204
|switch|p2a: Ditto|Ditto|100/100
|-transform|p2a: Ditto|p1a: Ceruledge|[from] ability: Imposter
|move|p1a: Ceruledge|Bitter Blade|p2a: Ditto
|-start|p2a: Ditto|ability: Flash Fire
|
|upkeep
|turn|5
|
|t:|1779858218
|switch|p1a: Iron Moth|Iron Moth|100/100
|-enditem|p1a: Iron Moth|Booster Energy
|-activate|p1a: Iron Moth|ability: Quark Drive|[fromitem]
|-start|p1a: Iron Moth|quarkdrivespe
|move|p2a: Ditto|Swords Dance|p2a: Ditto
|-boost|p2a: Ditto|atk|2
|
|upkeep
|turn|6
|
|t:|1779858226
|move|p1a: Iron Moth|Sludge Wave|p2a: Ditto
|-resisted|p2a: Ditto
|-damage|p2a: Ditto|72/100
|move|p2a: Ditto|Poltergeist||[still]
|-fail|p2a: Ditto
|
|upkeep
|turn|7
|
|t:|1779858238
|-end|p1a: Iron Moth|Quark Drive|[silent]
|switch|p1a: Ceruledge|Ceruledge, M|100/100
|move|p2a: Ditto|Bitter Blade|p1a: Ceruledge
|-start|p1a: Ceruledge|ability: Flash Fire
|
|upkeep
|turn|8
|
|t:|1779858243
|move|p1a: Ceruledge|Shadow Sneak|p2a: Ditto
|-supereffective|p2a: Ditto
|-damage|p2a: Ditto|18/100
|move|p2a: Ditto|Shadow Sneak|p1a: Ceruledge
|-supereffective|p1a: Ceruledge
|-damage|p1a: Ceruledge|0 fnt
|faint|p1a: Ceruledge
|
|upkeep
|
|t:|1779858250
|switch|p1a: Cramorant|Cramorant, M, shiny|100/100
|turn|9
|
|t:|1779858258
|move|p2a: Ditto|Poltergeist|p1a: Cramorant
|-activate|p1a: Cramorant|move: Poltergeist|Focus Sash
|-enditem|p1a: Cramorant|Focus Sash
|-damage|p1a: Cramorant|1/100
|move|p1a: Cramorant|Surf|p2a: Ditto
|-formechange|p1a: Cramorant|Cramorant-Gorging|
|-supereffective|p2a: Ditto
|-damage|p2a: Ditto|0 fnt
|faint|p2a: Ditto
|
|upkeep
|
|t:|1779858271
|switch|p2a: Smeargle|Smeargle, M|1/100
|turn|10
|
|t:|1779858279
|move|p2a: Smeargle|Destiny Bond|p2a: Smeargle
|-singlemove|p2a: Smeargle|Destiny Bond
|move|p1a: Cramorant|Tailwind|p1a: Cramorant
|-sidestart|p1: Scepticskep|move: Tailwind
|
|upkeep
|turn|11
|
|t:|1779858287
|move|p1a: Cramorant|Defog|p2a: Smeargle
|-unboost|p2a: Smeargle|evasion|1
|move|p2a: Smeargle|Memento|p1a: Cramorant
|-unboost|p1a: Cramorant|atk|2
|-unboost|p1a: Cramorant|spa|2
|faint|p2a: Smeargle
|
|upkeep
|
|t:|1779858297
|switch|p2a: Cloyster|Cloyster, M|100/100
|turn|12
|
|t:|1779858299
|move|p1a: Cramorant|Hurricane|p2a: Cloyster
|-damage|p2a: Cloyster|42/100
|-start|p2a: Cloyster|confusion
|-activate|p2a: Cloyster|confusion
|move|p2a: Cloyster|Shell Smash|p2a: Cloyster
|-unboost|p2a: Cloyster|def|1
|-unboost|p2a: Cloyster|spd|1
|-boost|p2a: Cloyster|atk|2
|-boost|p2a: Cloyster|spa|2
|-boost|p2a: Cloyster|spe|2
|
|upkeep
|turn|13
|
|t:|1779858306
|move|p1a: Cramorant|Hurricane|p2a: Cloyster
|-damage|p2a: Cloyster|0 fnt
|faint|p2a: Cloyster
|
|-sideend|p1: Scepticskep|move: Tailwind
|upkeep
|
|t:|1779858311
|switch|p2a: Zamazenta|Zamazenta, shiny|100/100
|-ability|p2a: Zamazenta|Dauntless Shield|boost
|-boost|p2a: Zamazenta|def|1
|turn|14
|
|t:|1779858322
|move|p2a: Zamazenta|Body Press|p1a: Cramorant
|-resisted|p1a: Cramorant
|-damage|p1a: Cramorant|0 fnt
|-damage|p2a: Zamazenta|76/100|[from] ability: Gulp Missile|[of] p1a: Cramorant
|-status|p2a: Zamazenta|par
|-enditem|p2a: Zamazenta|Lum Berry|[eat]
|-curestatus|p2a: Zamazenta|par|[msg]
|-formechange|p1a: Cramorant|Cramorant|
|faint|p1a: Cramorant
|
|upkeep
|
|t:|1779858327
|switch|p1a: Enamorus|Enamorus, F|100/100
|turn|15
|
|t:|1779858335
|-terastallize|p2a: Zamazenta|Fire
|move|p2a: Zamazenta|Iron Head|p1a: Enamorus
|-supereffective|p1a: Enamorus
|-damage|p1a: Enamorus|15/100
|move|p1a: Enamorus|Moonblast|p2a: Zamazenta
|-resisted|p2a: Zamazenta
|-damage|p2a: Zamazenta|50/100
|-unboost|p2a: Zamazenta|spa|1
|
|upkeep
|turn|16
|
|t:|1779858347
|move|p2a: Zamazenta|Iron Head|p1a: Enamorus
|-supereffective|p1a: Enamorus
|-damage|p1a: Enamorus|0 fnt
|faint|p1a: Enamorus
|
|upkeep
|
|t:|1779858350
|switch|p1a: Great Tusk|Great Tusk|100/100
|-enditem|p1a: Great Tusk|Booster Energy
|-activate|p1a: Great Tusk|ability: Protosynthesis|[fromitem]
|-start|p1a: Great Tusk|protosynthesisatk
|turn|17
|
|t:|1779858356
|move|p2a: Zamazenta|Body Press|p1a: Great Tusk
|-damage|p1a: Great Tusk|66/100
|move|p1a: Great Tusk|Headlong Rush|p2a: Zamazenta
|-supereffective|p2a: Zamazenta
|-damage|p2a: Zamazenta|0 fnt
|-unboost|p1a: Great Tusk|def|1
|-unboost|p1a: Great Tusk|spd|1
|faint|p2a: Zamazenta
|
|upkeep
|
|t:|1779858361
|switch|p2a: Lapras|Lapras, F|100/100
|turn|18
|
|t:|1779858364
|move|p1a: Great Tusk|Supercell Slam|p2a: Lapras
|-supereffective|p2a: Lapras
|-damage|p2a: Lapras|37/100
|move|p2a: Lapras|Rest|p2a: Lapras
|-status|p2a: Lapras|slp|[from] move: Rest
|-heal|p2a: Lapras|100/100 slp|[silent]
|-enditem|p2a: Lapras|Chesto Berry|[eat]
|-curestatus|p2a: Lapras|slp|[msg]
|
|upkeep
|turn|19
|
|t:|1779858370
|move|p2a: Lapras|Protect|p2a: Lapras
|-singleturn|p2a: Lapras|Protect
|move|p1a: Great Tusk|Supercell Slam|p2a: Lapras
|-activate|p2a: Lapras|move: Protect
|-damage|p1a: Great Tusk|16/100|[from] supercellslam
|
|upkeep
|turn|20
|
|t:|1779858382
|move|p2a: Lapras|Protect||[still]
|-fail|p2a: Lapras
|move|p1a: Great Tusk|Headlong Rush|p2a: Lapras
|-damage|p2a: Lapras|40/100
|-unboost|p1a: Great Tusk|def|1
|-unboost|p1a: Great Tusk|spd|1
|
|upkeep
|turn|21
|
|t:|1779858387
|move|p2a: Lapras|Protect|p2a: Lapras
|-singleturn|p2a: Lapras|Protect
|move|p1a: Great Tusk|Headlong Rush|p2a: Lapras
|-activate|p2a: Lapras|move: Protect
|
|upkeep
|turn|22
|
|t:|1779858389
|move|p2a: Lapras|Protect|p2a: Lapras
|-singleturn|p2a: Lapras|Protect
|move|p1a: Great Tusk|Headlong Rush|p2a: Lapras
|-activate|p2a: Lapras|move: Protect
|
|upkeep
|turn|23
|
|t:|1779858391
|move|p2a: Lapras|Protect||[still]
|-fail|p2a: Lapras
|move|p1a: Great Tusk|Headlong Rush|p2a: Lapras
|-damage|p2a: Lapras|0 fnt
|-unboost|p1a: Great Tusk|def|1
|-unboost|p1a: Great Tusk|spd|1
|faint|p2a: Lapras
|
|win|Scepticskep
|raw|Scepticskep's rating: 1504 &rarr; <strong>1520</strong><br />(+16 for winning)
|raw|Gimmicksquad's rating: 1437 &rarr; <strong>1421</strong><br />(-16 for losing)
|l|☆Gimmicksquad
|player|p2|
|l|☆Scepticskep
|player|p1|
