|j|☆cachowcapow
|j|‽SWAGGER_W2F
|t:|1779885871
|gametype|singles
|player|p1|cachowcapow|101|1541
|player|p2|SWAGGER_W2F|flint|1638
|gen|9
|tier|[Gen 9] OU
|rated|
|rule|HP Percentage Mod: HP is shown in percentages
|rule|Endless Battle Clause: Forcing endless battles is banned
|rule|Species Clause: Limit one of each Pokémon
|rule|OHKO Clause: OHKO moves are banned
|rule|Evasion Items Clause: Evasion items are banned
|rule|Evasion Moves Clause: Evasion moves are banned
|rule|Evasion Abilities Clause: Evasion abilities are banned
|rule|Sleep Moves Clause: Sleep-inducing moves are banned
|clearpoke
|poke|p1|Alomomola, F|
|poke|p1|Gardevoir, M|
|poke|p1|Scizor, F|
|poke|p1|Slither Wing|
|poke|p1|Mew|
|poke|p1|Ogerpon, F|
|poke|p2|Ceruledge, M|
|poke|p2|Scizor, M|
|poke|p2|Raging Bolt|
|poke|p2|Primarina, F|
|poke|p2|Mandibuzz, F|
|poke|p2|Great Tusk|
|teampreview
|
|t:|1779885887
|teamsize|p1|6
|teamsize|p2|6
|start
|switch|p1a: Slither Wing|Slither Wing|100/100
|switch|p2a: Ceruledge|Ceruledge, M|100/100
|turn|1
|inactive|Battle timer is ON: inactive players will automatically lose when time's up. (requested by SWAGGER_W2F)
|
|t:|1779885942
|move|p2a: Ceruledge|Bitter Blade|p1a: Slither Wing
|-supereffective|p1a: Slither Wing
|-damage|p1a: Slither Wing|25/100
|-damage|p2a: Ceruledge|84/100|[from] item: Rocky Helmet|[of] p1a: Slither Wing
|move|p1a: Slither Wing|U-turn|p2a: Ceruledge
|-resisted|p2a: Ceruledge
|-damage|p2a: Ceruledge|75/100
|
|t:|1779885946
|-end|p1a: Slither Wing|Protosynthesis|[silent]
|switch|p1a: Alomomola|Alomomola, F|100/100|[from] U-turn
|
|upkeep
|turn|2
|
|t:|1779885956
|switch|p2a: Raging Bolt|Raging Bolt|100/100
|move|p1a: Alomomola|Flip Turn|p2a: Raging Bolt
|-resisted|p2a: Raging Bolt
|-damage|p2a: Raging Bolt|84/100
|
|t:|1779885967
|switch|p1a: Gardevoir|Gardevoir, M, shiny|100/100|[from] Flip Turn
|
|upkeep
|turn|3
|
|t:|1779885972
|-end|p2a: Raging Bolt|Protosynthesis|[silent]
|switch|p2a: Ceruledge|Ceruledge, M|75/100
|-ability|p1a: Gardevoir|Flash Fire|Trace|[from] ability: Trace|[of] p2a: Ceruledge
|move|p1a: Gardevoir|Moonblast|p2a: Ceruledge
|-resisted|p2a: Ceruledge
|-damage|p2a: Ceruledge|51/100
|-unboost|p2a: Ceruledge|spa|1
|
|upkeep
|turn|4
|
|t:|1779885982
|switch|p1a: Alomomola|Alomomola, F|100/100
|move|p2a: Ceruledge|Poltergeist|p1a: Alomomola
|-activate|p1a: Alomomola|move: Poltergeist|Choice Band
|-damage|p1a: Alomomola|50/100
|
|upkeep
|turn|5
|
|t:|1779885999
|move|p1a: Alomomola|Aqua Jet|p2a: Ceruledge
|-supereffective|p2a: Ceruledge
|-damage|p2a: Ceruledge|0 fnt
|faint|p2a: Ceruledge
|
|upkeep
|
|t:|1779886005
|switch|p2a: Raging Bolt|Raging Bolt|84/100
|turn|6
|
|t:|1779886014
|switch|p1a: Slither Wing|Slither Wing|25/100
|move|p2a: Raging Bolt|Volt Switch|p1a: Slither Wing
|-damage|p1a: Slither Wing|0 fnt
|faint|p1a: Slither Wing
|-end|p1a: Slither Wing|Protosynthesis|[silent]
|
|t:|1779886025
|-end|p2a: Raging Bolt|Protosynthesis|[silent]
|switch|p2a: Scizor|Scizor, M|100/100|[from] Volt Switch
|
|upkeep
|
|t:|1779886038
|switch|p1a: Alomomola|Alomomola, F|83/100
|turn|7
|
|t:|1779886042
|move|p2a: Scizor|U-turn|p1a: Alomomola
|-damage|p1a: Alomomola|36/100
|
|t:|1779886045
|switch|p2a: Mandibuzz|Mandibuzz, F|100/100|[from] U-turn
|move|p1a: Alomomola|Flip Turn|p2a: Mandibuzz
|-damage|p2a: Mandibuzz|79/100
|
|t:|1779886054
|switch|p1a: Gardevoir|Gardevoir, M, shiny|100/100|[from] Flip Turn
|-ability|p1a: Gardevoir|Overcoat|Trace|[from] ability: Trace|[of] p2a: Mandibuzz
|
|upkeep
|turn|8
|
|t:|1779886061
|switch|p2a: Scizor|Scizor, M|100/100
|move|p1a: Gardevoir|Moonblast|p2a: Scizor
|-resisted|p2a: Scizor
|-damage|p2a: Scizor|51/100
|
|upkeep
|turn|9
|
|t:|1779886074
|switch|p1a: Scizor|Scizor, F|100/100
|move|p2a: Scizor|Bullet Punch|p1a: Scizor
|-resisted|p1a: Scizor
|-damage|p1a: Scizor|75/100
|
|upkeep
|turn|10
|
|t:|1779886085
|switch|p2a: Mandibuzz|Mandibuzz, F|79/100
|switch|p1a: Gardevoir|Gardevoir, M, shiny|100/100
|-ability|p1a: Gardevoir|Overcoat|Trace|[from] ability: Trace|[of] p2a: Mandibuzz
|
|upkeep
|turn|11
|
|t:|1779886093
|move|p1a: Gardevoir|Moonblast|p2a: Mandibuzz
|-supereffective|p2a: Mandibuzz
|-damage|p2a: Mandibuzz|0 fnt
|faint|p2a: Mandibuzz
|
|upkeep
|
|t:|1779886102
|switch|p2a: Scizor|Scizor, M|51/100
|turn|12
|
|t:|1779886106
|switch|p1a: Alomomola|Alomomola, F|69/100
|move|p2a: Scizor|U-turn|p1a: Alomomola
|-damage|p1a: Alomomola|24/100
|
|t:|1779886111
|switch|p2a: Raging Bolt|Raging Bolt|84/100|[from] U-turn
|
|upkeep
|turn|13
|
|t:|1779886131
|switch|p1a: Ogerpon|Ogerpon, F|100/100
|move|p2a: Raging Bolt|Volt Switch|p1a: Ogerpon
|-resisted|p1a: Ogerpon
|-damage|p1a: Ogerpon|62/100
|
|t:|1779886142
|-end|p2a: Raging Bolt|Protosynthesis|[silent]
|switch|p2a: Scizor|Scizor, M|51/100|[from] Volt Switch
|
|upkeep
|turn|14
|
|t:|1779886146
|move|p1a: Ogerpon|Knock Off|p2a: Scizor
|-damage|p2a: Scizor|0 fnt
|-enditem|p2a: Scizor|Choice Band|[from] move: Knock Off|[of] p1a: Ogerpon
|faint|p2a: Scizor
|
|upkeep
|
|t:|1779886152
|switch|p2a: Great Tusk|Great Tusk|100/100
|turn|15
|
|t:|1779886158
|switch|p1a: Mew|Mew, shiny|100/100
|move|p2a: Great Tusk|Close Combat|p1a: Mew
|-resisted|p1a: Mew
|-crit|p1a: Mew
|-damage|p1a: Mew|70/100
|-unboost|p2a: Great Tusk|def|1
|-unboost|p2a: Great Tusk|spd|1
|
|upkeep
|turn|16
|
|t:|1779886168
|-end|p2a: Great Tusk|Protosynthesis|[silent]
|switch|p2a: Raging Bolt|Raging Bolt|84/100
|move|p1a: Mew|Agility|p1a: Mew
|-boost|p1a: Mew|spe|2
|
|upkeep
|turn|17
|
|t:|1779886177
|move|p1a: Mew|Calm Mind|p1a: Mew
|-boost|p1a: Mew|spa|1
|-boost|p1a: Mew|spd|1
|move|p2a: Raging Bolt|Volt Switch|p1a: Mew
|-damage|p1a: Mew|34/100
|
|t:|1779886190
|-end|p2a: Raging Bolt|Protosynthesis|[silent]
|switch|p2a: Primarina|Primarina, F|100/100|[from] Volt Switch
|
|upkeep
|turn|18
|
|t:|1779886202
|-terastallize|p2a: Primarina|Steel
|move|p1a: Mew|Calm Mind|p1a: Mew
|-boost|p1a: Mew|spa|1
|-boost|p1a: Mew|spd|1
|move|p2a: Primarina|Calm Mind|p2a: Primarina
|-boost|p2a: Primarina|spa|1
|-boost|p2a: Primarina|spd|1
|
|upkeep
|turn|19
|
|t:|1779886211
|move|p1a: Mew|Stored Power|p2a: Primarina
|-resisted|p2a: Primarina
|-damage|p2a: Primarina|74/100
|move|p2a: Primarina|Calm Mind|p2a: Primarina
|-boost|p2a: Primarina|spa|1
|-boost|p2a: Primarina|spd|1
|
|-heal|p2a: Primarina|80/100|[from] item: Leftovers
|upkeep
|turn|20
|
|t:|1779886220
|move|p1a: Mew|Calm Mind|p1a: Mew
|-boost|p1a: Mew|spa|1
|-boost|p1a: Mew|spd|1
|move|p2a: Primarina|Draining Kiss|p1a: Mew
|-damage|p1a: Mew|21/100
|-heal|p2a: Primarina|92/100|[from] drain|[of] p1a: Mew
|
|-heal|p2a: Primarina|98/100|[from] item: Leftovers
|upkeep
|turn|21
|
|t:|1779886230
|move|p1a: Mew|Calm Mind|p1a: Mew
|-boost|p1a: Mew|spa|1
|-boost|p1a: Mew|spd|1
|move|p2a: Primarina|Calm Mind|p2a: Primarina
|-boost|p2a: Primarina|spa|1
|-boost|p2a: Primarina|spd|1
|
|-heal|p2a: Primarina|100/100|[from] item: Leftovers
|upkeep
|turn|22
|
|t:|1779886239
|move|p1a: Mew|Stored Power|p2a: Primarina
|-resisted|p2a: Primarina
|-damage|p2a: Primarina|64/100
|move|p2a: Primarina|Draining Kiss|p1a: Mew
|-damage|p1a: Mew|5/100
|-heal|p2a: Primarina|77/100|[from] drain|[of] p1a: Mew
|
|-heal|p2a: Primarina|83/100|[from] item: Leftovers
|upkeep
|turn|23
|
|t:|1779886250
|move|p1a: Mew|Stored Power|p2a: Primarina
|-resisted|p2a: Primarina
|-crit|p2a: Primarina
|-damage|p2a: Primarina|0 fnt
|faint|p2a: Primarina
|
|upkeep
|-message|SWAGGER_W2F forfeited.
|
|win|cachowcapow
|raw|cachowcapow's rating: 1560 &rarr; <strong>1584</strong><br />(+24 for winning)
|raw|SWAGGER_W2F's rating: 1638 &rarr; <strong>1614</strong><br />(-24 for losing)
|l|‽SWAGGER_W2F
|player|p2|
|l|☆cachowcapow
|player|p1|
