|j|☆Chechesantos77
|j|☆italyyrx
|t:|1779888225
|gametype|singles
|player|p1|Chechesantos77|170|1095
|player|p2|italyyrx|265|1087
|gen|9
|tier|[Gen 9] OU
|rated|
|rule|HP Percentage Mod: HP is shown in percentages
|rule|Endless Battle Clause: Forcing endless battles is banned
|rule|Species Clause: Limit one of each Pokémon
|rule|OHKO Clause: OHKO moves are banned
|rule|Evasion Items Clause: Evasion items are banned
|rule|Evasion Moves Clause: Evasion moves are banned
|rule|Evasion Abilities Clause: Evasion abilities are banned
|rule|Sleep Moves Clause: Sleep-inducing moves are banned
|clearpoke
|poke|p1|Dragonite, M|
|poke|p1|Hydreigon, F|
|poke|p1|Tentacruel, M|
|poke|p1|Sableye, F|
|poke|p1|Dusclops, M|
|poke|p1|Umbreon, M|
|poke|p2|Mew|
|poke|p2|Ditto|
|poke|p2|Floatzel, F|
|poke|p2|Gastrodon, F|
|poke|p2|Lokix, M|
|poke|p2|Corviknight, F|
|teampreview
|inactive|Battle timer is ON: inactive players will automatically lose when time's up. (requested by italyyrx)
|
|t:|1779888239
|teamsize|p1|6
|teamsize|p2|6
|start
|switch|p1a: Umbreon|Umbreon, M|100/100
|switch|p2a: knight|Corviknight, F, shiny|100/100
|turn|1
|
|t:|1779888246
|move|p2a: knight|Iron Head|p1a: Umbreon
|-damage|p1a: Umbreon|82/100
|cant|p1a: Umbreon|flinch
|
|-heal|p1a: Umbreon|88/100|[from] item: Leftovers
|upkeep
|turn|2
|
|t:|1779888255
|move|p1a: Umbreon|Protect|p1a: Umbreon
|-singleturn|p1a: Umbreon|Protect
|move|p2a: knight|Iron Head|p1a: Umbreon
|-activate|p1a: Umbreon|move: Protect
|
|-heal|p1a: Umbreon|94/100|[from] item: Leftovers
|upkeep
|turn|3
|
|t:|1779888263
|move|p2a: knight|Iron Head|p1a: Umbreon
|-damage|p1a: Umbreon|76/100
|move|p1a: Umbreon|Wish|p1a: Umbreon
|
|-heal|p1a: Umbreon|82/100|[from] item: Leftovers
|upkeep
|turn|4
|
|t:|1779888271
|switch|p2a: mewing|Mew, shiny|100/100
|move|p1a: Umbreon|Roar|p2a: mewing
|drag|p2a: dictator|Ditto, shiny|100/100
|-transform|p2a: dictator|p1a: Umbreon|[from] ability: Imposter
|
|-heal|p1a: Umbreon|100/100|[from] move: Wish|[wisher] Umbreon
|upkeep
|turn|5
|
|t:|1779888284
|switch|p2a: mewing|Mew, shiny|100/100
|-terastallize|p1a: Umbreon|Poison
|move|p1a: Umbreon|Toxic|p2a: mewing
|-status|p2a: mewing|tox
|-activate|p2a: mewing|ability: Synchronize
|-immune|p1a: Umbreon
|
|-damage|p2a: mewing|94/100 tox|[from] psn
|upkeep
|turn|6
|inactive|italyyrx has 120 seconds left.
|
|t:|1779888317
|move|p1a: Umbreon|Protect|p1a: Umbreon
|-singleturn|p1a: Umbreon|Protect
|move|p2a: mewing|Imprison|p2a: mewing
|-start|p2a: mewing|move: Imprison
|
|-heal|p2a: mewing|100/100 tox|[from] item: Leftovers
|-damage|p2a: mewing|88/100 tox|[from] psn
|upkeep
|turn|7
|
|t:|1779888330
|move|p2a: mewing|Transform|p1a: Umbreon
|-transform|p2a: mewing|p1a: Umbreon
|cant|p1a: Umbreon|move: Imprison|Wish
|
|-heal|p2a: mewing|94/100 tox|[from] item: Leftovers
|-damage|p2a: mewing|76/100 tox|[from] psn
|upkeep
|-start|p2a: mewing|typechange|Dark|[silent]
|turn|8
|
|t:|1779888347
|switch|p1a: Tentacruel|Tentacruel, M|100/100
|move|p2a: mewing|Wish|p2a: mewing
|
|-heal|p2a: mewing|82/100 tox|[from] item: Leftovers
|-damage|p2a: mewing|57/100 tox|[from] psn
|upkeep
|turn|9
|
|t:|1779888364
|switch|p2a: knight|Corviknight, F, shiny|100/100
|move|p1a: Tentacruel|Rapid Spin|p2a: knight
|-resisted|p2a: knight
|-damage|p2a: knight|98/100
|-boost|p1a: Tentacruel|spe|1
|
|-heal|p2a: knight|100/100|[from] move: Wish|[wisher] mewing
|upkeep
|turn|10
|
|t:|1779888379
|switch|p1a: Sableye|Sableye, F|100/100
|move|p2a: knight|Brave Bird|p1a: Sableye
|-damage|p1a: Sableye|54/100
|-damage|p2a: knight|89/100|[from] Recoil
|
|-heal|p2a: knight|95/100|[from] item: Leftovers
|-heal|p1a: Sableye|60/100|[from] item: Leftovers
|upkeep
|turn|11
|
|t:|1779888389
|move|p1a: Sableye|Will-O-Wisp|p2a: knight
|-status|p2a: knight|brn
|move|p2a: knight|Iron Head|p1a: Sableye
|-damage|p1a: Sableye|43/100
|
|-heal|p2a: knight|100/100 brn|[from] item: Leftovers
|-heal|p1a: Sableye|50/100|[from] item: Leftovers
|-damage|p2a: knight|94/100 brn|[from] brn
|upkeep
|turn|12
|
|t:|1779888403
|move|p2a: knight|Iron Head|p1a: Sableye
|-damage|p1a: Sableye|33/100
|move|p1a: Sableye|Knock Off|p2a: knight
|-damage|p2a: knight|79/100 brn
|-enditem|p2a: knight|Leftovers|[from] move: Knock Off|[of] p1a: Sableye
|
|-heal|p1a: Sableye|40/100|[from] item: Leftovers
|-damage|p2a: knight|73/100 brn|[from] brn
|upkeep
|turn|13
|inactive|italyyrx has 120 seconds left.
|
|t:|1779888419
|move|p1a: Sableye|Recover|p1a: Sableye
|-heal|p1a: Sableye|90/100
|move|p2a: knight|Brave Bird|p1a: Sableye
|-damage|p1a: Sableye|67/100
|-damage|p2a: knight|68/100 brn|[from] Recoil
|
|-heal|p1a: Sableye|73/100|[from] item: Leftovers
|-damage|p2a: knight|62/100 brn|[from] brn
|upkeep
|turn|14
|inactive|italyyrx has 120 seconds left.
|
|t:|1779888448
|switch|p2a: mewing|Mew, shiny|57/100 tox
|move|p1a: Sableye|Knock Off|p2a: mewing
|-supereffective|p2a: mewing
|-damage|p2a: mewing|14/100 tox
|-enditem|p2a: mewing|Leftovers|[from] move: Knock Off|[of] p1a: Sableye
|
|-heal|p1a: Sableye|79/100|[from] item: Leftovers
|-damage|p2a: mewing|8/100 tox|[from] psn
|upkeep
|turn|15
|
|t:|1779888465
|move|p2a: mewing|Will-O-Wisp|p1a: Sableye
|-status|p1a: Sableye|brn
|move|p1a: Sableye|Knock Off|p2a: mewing
|-supereffective|p2a: mewing
|-damage|p2a: mewing|0 fnt
|faint|p2a: mewing
|
|-heal|p1a: Sableye|85/100 brn|[from] item: Leftovers
|-damage|p1a: Sableye|79/100 brn|[from] brn
|upkeep
|
|t:|1779888471
|switch|p2a: Loki|Lokix, M, shiny|100/100
|turn|16
|
|t:|1779888479
|move|p2a: Loki|First Impression|p1a: Sableye
|-damage|p1a: Sableye|20/100 brn
|move|p1a: Sableye|Knock Off|p2a: Loki
|-resisted|p2a: Loki
|-damage|p2a: Loki|92/100
|-enditem|p2a: Loki|Heavy-Duty Boots|[from] move: Knock Off|[of] p1a: Sableye
|
|-heal|p1a: Sableye|26/100 brn|[from] item: Leftovers
|-damage|p1a: Sableye|20/100 brn|[from] brn
|upkeep
|turn|17
|
|t:|1779888492
|move|p2a: Loki|Sucker Punch||[still]
|-fail|p2a: Loki
|move|p1a: Sableye|Recover|p1a: Sableye
|-heal|p1a: Sableye|70/100 brn
|
|-heal|p1a: Sableye|76/100 brn|[from] item: Leftovers
|-damage|p1a: Sableye|70/100 brn|[from] brn
|upkeep
|turn|18
|
|t:|1779888503
|switch|p1a: Umbreon|Umbreon, M, tera:Poison|100/100
|move|p2a: Loki|U-turn|p1a: Umbreon
|-resisted|p1a: Umbreon
|-damage|p1a: Umbreon|78/100
|
|t:|1779888519
|switch|p2a: knight|Corviknight, F, shiny|62/100 brn|[from] U-turn
|
|-heal|p1a: Umbreon|84/100|[from] item: Leftovers
|-damage|p2a: knight|56/100 brn|[from] brn
|upkeep
|turn|19
|
|t:|1779888529
|move|p2a: knight|Iron Head|p1a: Umbreon
|-damage|p1a: Umbreon|75/100
|cant|p1a: Umbreon|flinch
|
|-heal|p1a: Umbreon|81/100|[from] item: Leftovers
|-damage|p2a: knight|50/100 brn|[from] brn
|upkeep
|turn|20
|inactive|italyyrx has 120 seconds left.
|
|t:|1779888540
|move|p2a: knight|Iron Head|p1a: Umbreon
|-damage|p1a: Umbreon|73/100
|cant|p1a: Umbreon|flinch
|
|-heal|p1a: Umbreon|79/100|[from] item: Leftovers
|-damage|p2a: knight|44/100 brn|[from] brn
|upkeep
|turn|21
|inactive|italyyrx has 120 seconds left.
|
|t:|1779888549
|move|p1a: Umbreon|Protect|p1a: Umbreon
|-singleturn|p1a: Umbreon|Protect
|move|p2a: knight|Iron Head|p1a: Umbreon
|-activate|p1a: Umbreon|move: Protect
|
|-heal|p1a: Umbreon|85/100|[from] item: Leftovers
|-damage|p2a: knight|38/100 brn|[from] brn
|upkeep
|turn|22
|
|t:|1779888558
|move|p2a: knight|Iron Head|p1a: Umbreon
|-damage|p1a: Umbreon|77/100
|move|p1a: Umbreon|Roar|p2a: knight
|drag|p2a: Loki|Lokix, M, shiny|92/100
|
|-heal|p1a: Umbreon|83/100|[from] item: Leftovers
|upkeep
|turn|23
|
|t:|1779888575
|move|p2a: Loki|First Impression|p1a: Umbreon
|-resisted|p1a: Umbreon
|-damage|p1a: Umbreon|52/100
|move|p1a: Umbreon|Toxic|p2a: Loki
|-status|p2a: Loki|tox
|
|-heal|p1a: Umbreon|58/100|[from] item: Leftovers
|-damage|p2a: Loki|86/100 tox|[from] psn
|upkeep
|turn|24
|
|t:|1779888586
|move|p1a: Umbreon|Protect|p1a: Umbreon
|-singleturn|p1a: Umbreon|Protect
|move|p2a: Loki|Knock Off|p1a: Umbreon
|-activate|p1a: Umbreon|move: Protect
|
|-heal|p1a: Umbreon|64/100|[from] item: Leftovers
|-damage|p2a: Loki|74/100 tox|[from] psn
|upkeep
|turn|25
|
|t:|1779888595
|move|p2a: Loki|Knock Off|p1a: Umbreon
|-damage|p1a: Umbreon|28/100
|-enditem|p1a: Umbreon|Leftovers|[from] move: Knock Off|[of] p2a: Loki
|move|p1a: Umbreon|Wish|p1a: Umbreon
|
|-damage|p2a: Loki|56/100 tox|[from] psn
|upkeep
|turn|26
|
|t:|1779888602
|move|p1a: Umbreon|Protect|p1a: Umbreon
|-singleturn|p1a: Umbreon|Protect
|move|p2a: Loki|Sucker Punch||[still]
|-fail|p2a: Loki
|
|-heal|p1a: Umbreon|78/100|[from] move: Wish|[wisher] Umbreon
|-damage|p2a: Loki|32/100 tox|[from] psn
|upkeep
|turn|27
|
|t:|1779888612
|move|p2a: Loki|U-turn|p1a: Umbreon
|-resisted|p1a: Umbreon
|-damage|p1a: Umbreon|55/100
|
|t:|1779888640
|switch|p2a: darla|Gastrodon, F|100/100|[from] U-turn
|move|p1a: Umbreon|Wish|p1a: Umbreon
|
|upkeep
|turn|28
|
|t:|1779888649
|move|p1a: Umbreon|Toxic|p2a: darla
|-status|p2a: darla|tox
|move|p2a: darla|Clear Smog|p1a: Umbreon
|-resisted|p1a: Umbreon
|-damage|p1a: Umbreon|52/100
|-clearboost|p1a: Umbreon
|
|-heal|p1a: Umbreon|100/100|[from] move: Wish|[wisher] Umbreon
|-damage|p2a: darla|94/100 tox|[from] psn
|upkeep
|turn|29
|
|t:|1779888674
|switch|p2a: dictator|Ditto, shiny|100/100
|-transform|p2a: dictator|p1a: Umbreon|[from] ability: Imposter
|move|p1a: Umbreon|Wish|p1a: Umbreon
|
|upkeep
|turn|30
|
|t:|1779888681
|move|p2a: dictator|Wish|p2a: dictator
|move|p1a: Umbreon|Toxic|p2a: dictator
|-status|p2a: dictator|tox
|-activate|p2a: dictator|ability: Synchronize
|-immune|p1a: Umbreon
|
|-damage|p2a: dictator|94/100 tox|[from] psn
|upkeep
|turn|31
|
|t:|1779888691
|switch|p2a: Loki|Lokix, M, shiny|32/100 tox
|move|p1a: Umbreon|Roar|p2a: Loki
|drag|p2a: knight|Corviknight, F, shiny|38/100 brn
|
|-heal|p2a: knight|75/100 brn|[from] move: Wish|[wisher] dictator
|-damage|p2a: knight|69/100 brn|[from] brn
|upkeep
|turn|32
|
|t:|1779888706
|switch|p2a: floater|Floatzel, F, shiny|100/100
|move|p1a: Umbreon|Protect||[still]
|-fail|p1a: Umbreon
|
|upkeep
|turn|33
|
|t:|1779888712
|move|p2a: floater|Wave Crash|p1a: Umbreon
|-damage|p1a: Umbreon|42/100
|-damage|p2a: floater|80/100|[from] Recoil
|move|p1a: Umbreon|Toxic|p2a: floater
|-status|p2a: floater|tox
|
|-damage|p2a: floater|74/100 tox|[from] psn
|upkeep
|turn|34
|
|t:|1779888722
|move|p2a: floater|Wave Crash|p1a: Umbreon
|-damage|p1a: Umbreon|0 fnt
|faint|p1a: Umbreon
|-damage|p2a: floater|59/100 tox|[from] Recoil
|
|-damage|p2a: floater|47/100 tox|[from] psn
|upkeep
|
|t:|1779888732
|switch|p1a: Sableye|Sableye, F|70/100 brn
|turn|35
|
|t:|1779888739
|move|p2a: floater|Wave Crash|p1a: Sableye
|-damage|p1a: Sableye|0 fnt
|faint|p1a: Sableye
|-damage|p2a: floater|25/100 tox|[from] Recoil
|
|-damage|p2a: floater|7/100 tox|[from] psn
|upkeep
|
|t:|1779888748
|switch|p1a: Dragonite|Dragonite, M|100/100
|turn|36
|
|t:|1779888759
|switch|p2a: darla|Gastrodon, F|94/100 tox
|move|p1a: Dragonite|Extreme Speed|p2a: darla
|-damage|p2a: darla|61/100 tox
|-damage|p1a: Dragonite|84/100|[from] item: Rocky Helmet|[of] p2a: darla
|
|-damage|p2a: darla|55/100 tox|[from] psn
|upkeep
|turn|37
|
|t:|1779888772
|switch|p1a: Dusclops|Dusclops, M|100/100
|-ability|p1a: Dusclops|Pressure
|move|p2a: darla|Amnesia|p2a: darla
|-boost|p2a: darla|spd|2
|
|-damage|p2a: darla|43/100 tox|[from] psn
|upkeep
|turn|38
|
|t:|1779888781
|move|p1a: Dusclops|Calm Mind|p1a: Dusclops
|-boost|p1a: Dusclops|spa|1
|-boost|p1a: Dusclops|spd|1
|move|p2a: darla|Mirror Coat||[still]
|-fail|p2a: darla
|
|-damage|p2a: darla|24/100 tox|[from] psn
|upkeep
|turn|39
|
|t:|1779888790
|move|p2a: darla|Clear Smog|p1a: Dusclops
|-resisted|p1a: Dusclops
|-damage|p1a: Dusclops|98/100
|-clearboost|p1a: Dusclops
|move|p1a: Dusclops|Calm Mind|p1a: Dusclops
|-boost|p1a: Dusclops|spa|1
|-boost|p1a: Dusclops|spd|1
|
|-damage|p2a: darla|0 fnt|[from] psn
|faint|p2a: darla
|upkeep
|
|t:|1779888804
|switch|p2a: Loki|Lokix, M, shiny|32/100 tox
|turn|40
|
|t:|1779888812
|move|p2a: Loki|Sucker Punch|p1a: Dusclops
|-supereffective|p1a: Dusclops
|-damage|p1a: Dusclops|65/100
|move|p1a: Dusclops|Ice Beam|p2a: Loki
|-damage|p2a: Loki|0 fnt
|faint|p2a: Loki
|
|upkeep
|
|t:|1779888817
|switch|p2a: dictator|Ditto, shiny|94/100 tox
|-transform|p2a: dictator|p1a: Dusclops|[from] ability: Imposter
|-ability|p2a: dictator|Pressure
|turn|41
|
|t:|1779888829
|move|p2a: dictator|Rest|p2a: dictator
|-status|p2a: dictator|slp|[from] move: Rest
|-heal|p2a: dictator|100/100 slp|[silent]
|move|p1a: Dusclops|Calm Mind|p1a: Dusclops
|-boost|p1a: Dusclops|spa|1
|-boost|p1a: Dusclops|spd|1
|
|upkeep
|turn|42
|
|t:|1779888845
|switch|p2a: knight|Corviknight, F, shiny|69/100 brn
|switch|p1a: Tentacruel|Tentacruel, M|100/100
|
|-damage|p2a: knight|63/100 brn|[from] brn
|upkeep
|turn|43
|
|t:|1779888856
|move|p1a: Tentacruel|Weather Ball|p2a: knight
|-resisted|p2a: knight
|-damage|p2a: knight|58/100 brn
|move|p2a: knight|Roost|p2a: knight
|-heal|p2a: knight|100/100 brn
|-singleturn|p2a: knight|move: Roost
|
|-damage|p2a: knight|94/100 brn|[from] brn
|upkeep
|turn|44
|
|t:|1779888871
|switch|p1a: Dusclops|Dusclops, M|65/100
|-ability|p1a: Dusclops|Pressure
|switch|p2a: dictator|Ditto, shiny|100/100 slp
|-transform|p2a: dictator|p1a: Dusclops|[from] ability: Imposter
|-ability|p2a: dictator|Pressure
|
|upkeep
|turn|45
|
|t:|1779888889
|cant|p2a: dictator|slp
|move|p2a: dictator|Sleep Talk|p2a: dictator
|move|p2a: dictator|Calm Mind|p2a: dictator|[from] move: Sleep Talk
|-boost|p2a: dictator|spa|1
|-boost|p2a: dictator|spd|1
|move|p1a: Dusclops|Calm Mind|p1a: Dusclops
|-boost|p1a: Dusclops|spa|1
|-boost|p1a: Dusclops|spd|1
|
|upkeep
|turn|46
|
|t:|1779888902
|cant|p2a: dictator|slp
|move|p2a: dictator|Sleep Talk|p2a: dictator
|move|p2a: dictator|Calm Mind|p2a: dictator|[from] move: Sleep Talk
|-boost|p2a: dictator|spa|1
|-boost|p2a: dictator|spd|1
|move|p1a: Dusclops|Calm Mind|p1a: Dusclops
|-boost|p1a: Dusclops|spa|1
|-boost|p1a: Dusclops|spd|1
|
|upkeep
|turn|47
|
|t:|1779888915
|-curestatus|p2a: dictator|slp|[msg]
|move|p2a: dictator|Sleep Talk||[still]
|-fail|p2a: dictator
|move|p1a: Dusclops|Calm Mind|p1a: Dusclops
|-boost|p1a: Dusclops|spa|1
|-boost|p1a: Dusclops|spd|1
|
|upkeep
|turn|48
|
|t:|1779888927
|switch|p2a: knight|Corviknight, F, shiny|94/100 brn
|move|p1a: Dusclops|Ice Beam|p2a: knight
|-damage|p2a: knight|60/100 brn
|
|-damage|p2a: knight|54/100 brn|[from] brn
|upkeep
|turn|49
|
|t:|1779888936
|move|p2a: knight|Iron Head|p1a: Dusclops
|-crit|p1a: Dusclops
|-damage|p1a: Dusclops|55/100
|move|p1a: Dusclops|Ice Beam|p2a: knight
|-damage|p2a: knight|22/100 brn
|
|-damage|p2a: knight|16/100 brn|[from] brn
|upkeep
|turn|50
|
|t:|1779888945
|move|p2a: knight|Roost|p2a: knight
|-heal|p2a: knight|66/100 brn
|-singleturn|p2a: knight|move: Roost
|move|p1a: Dusclops|Ice Beam|p2a: knight
|-resisted|p2a: knight
|-damage|p2a: knight|49/100 brn
|
|-damage|p2a: knight|43/100 brn|[from] brn
|upkeep
|turn|51
|
|t:|1779888955
|move|p2a: knight|Roost|p2a: knight
|-heal|p2a: knight|93/100 brn
|-singleturn|p2a: knight|move: Roost
|move|p1a: Dusclops|Rest|p1a: Dusclops
|-status|p1a: Dusclops|slp|[from] move: Rest
|-heal|p1a: Dusclops|100/100 slp|[silent]
|
|-damage|p2a: knight|87/100 brn|[from] brn
|upkeep
|turn|52
|
|t:|1779888971
|move|p2a: knight|Iron Head|p1a: Dusclops
|-damage|p1a: Dusclops|94/100 slp
|cant|p1a: Dusclops|slp
|move|p1a: Dusclops|Sleep Talk|p1a: Dusclops
|move|p1a: Dusclops|Ice Beam|p2a: knight|[from] move: Sleep Talk
|-damage|p2a: knight|55/100 brn
|
|-damage|p2a: knight|49/100 brn|[from] brn
|upkeep
|turn|53
|
|t:|1779888983
|switch|p2a: dictator|Ditto, shiny|100/100
|-transform|p2a: dictator|p1a: Dusclops|[from] ability: Imposter
|-ability|p2a: dictator|Pressure
|cant|p1a: Dusclops|slp
|move|p1a: Dusclops|Sleep Talk|p1a: Dusclops
|move|p1a: Dusclops|Rest||[from] move: Sleep Talk|[still]
|-fail|p1a: Dusclops
|
|upkeep
|turn|54
|
|t:|1779888995
|move|p2a: dictator|Ice Beam|p1a: Dusclops
|-damage|p1a: Dusclops|86/100 slp
|-curestatus|p1a: Dusclops|slp|[msg]
|move|p1a: Dusclops|Sleep Talk||[still]
|-fail|p1a: Dusclops
|
|upkeep
|turn|55
|
|t:|1779889004
|move|p2a: dictator|Ice Beam|p1a: Dusclops
|-damage|p1a: Dusclops|78/100
|move|p1a: Dusclops|Calm Mind|p1a: Dusclops
|-boost|p1a: Dusclops|spa|1
|-boost|p1a: Dusclops|spd|1
|
|upkeep
|turn|56
|
|t:|1779889011
|move|p2a: dictator|Ice Beam|p1a: Dusclops
|-damage|p1a: Dusclops|71/100
|move|p1a: Dusclops|Calm Mind|p1a: Dusclops
|-boost|p1a: Dusclops|spa|1
|-boost|p1a: Dusclops|spd|1
|
|upkeep
|turn|57
|
|t:|1779889021
|switch|p2a: knight|Corviknight, F, shiny|49/100 brn
|move|p1a: Dusclops|Calm Mind|p1a: Dusclops
|-boost|p1a: Dusclops|spa|1
|-boost|p1a: Dusclops|spd|1
|
|-damage|p2a: knight|43/100 brn|[from] brn
|upkeep
|turn|58
|
|t:|1779889036
|switch|p2a: dictator|Ditto, shiny|100/100
|-transform|p2a: dictator|p1a: Dusclops|[from] ability: Imposter
|-ability|p2a: dictator|Pressure
|move|p1a: Dusclops|Calm Mind|p1a: Dusclops
|-boost|p1a: Dusclops|spa|0
|-boost|p1a: Dusclops|spd|0
|
|upkeep
|turn|59
|
|t:|1779889050
|move|p2a: dictator|Ice Beam|p1a: Dusclops
|-damage|p1a: Dusclops|62/100
|move|p1a: Dusclops|Ice Beam|p2a: dictator
|-damage|p2a: dictator|89/100
|
|upkeep
|turn|60
|
|t:|1779889058
|move|p2a: dictator|Ice Beam|p1a: Dusclops
|-damage|p1a: Dusclops|54/100
|-status|p1a: Dusclops|frz
|cant|p1a: Dusclops|frz
|
|upkeep
|turn|61
|
|t:|1779889074
|move|p2a: dictator|Ice Beam|p1a: Dusclops
|-damage|p1a: Dusclops|44/100 frz
|cant|p1a: Dusclops|frz
|
|upkeep
|turn|62
|
|t:|1779889080
|switch|p2a: knight|Corviknight, F, shiny|43/100 brn
|cant|p1a: Dusclops|frz
|
|-damage|p2a: knight|37/100 brn|[from] brn
|upkeep
|turn|63
|
|t:|1779889089
|move|p2a: knight|Brave Bird|p1a: Dusclops
|-damage|p1a: Dusclops|34/100 frz
|-damage|p2a: knight|34/100 brn|[from] Recoil
|-curestatus|p1a: Dusclops|frz|[msg]
|move|p1a: Dusclops|Ice Beam|p2a: knight
|-crit|p2a: knight
|-damage|p2a: knight|0 fnt
|faint|p2a: knight
|
|upkeep
|
|t:|1779889099
|switch|p2a: dictator|Ditto, shiny|89/100
|-transform|p2a: dictator|p1a: Dusclops|[from] ability: Imposter
|-ability|p2a: dictator|Pressure
|turn|64
|
|t:|1779889106
|move|p2a: dictator|Ice Beam|p1a: Dusclops
|-damage|p1a: Dusclops|25/100
|move|p1a: Dusclops|Rest|p1a: Dusclops
|-status|p1a: Dusclops|slp|[from] move: Rest
|-heal|p1a: Dusclops|100/100 slp|[silent]
|
|upkeep
|turn|65
|
|t:|1779889114
|move|p2a: dictator|Ice Beam|p1a: Dusclops
|-damage|p1a: Dusclops|92/100 slp
|cant|p1a: Dusclops|slp
|move|p1a: Dusclops|Sleep Talk|p1a: Dusclops
|move|p1a: Dusclops|Rest||[from] move: Sleep Talk|[still]
|-fail|p1a: Dusclops
|
|upkeep
|turn|66
|
|t:|1779889125
|move|p2a: dictator|Ice Beam|p1a: Dusclops
|-damage|p1a: Dusclops|83/100 slp
|cant|p1a: Dusclops|slp
|move|p1a: Dusclops|Sleep Talk|p1a: Dusclops
|move|p1a: Dusclops|Rest||[from] move: Sleep Talk|[still]
|-fail|p1a: Dusclops
|
|upkeep
|turn|67
|
|t:|1779889136
|switch|p2a: floater|Floatzel, F, shiny|7/100 tox
|-curestatus|p1a: Dusclops|slp|[msg]
|move|p1a: Dusclops|Sleep Talk||[still]
|-fail|p1a: Dusclops
|
|-damage|p2a: floater|1/100 tox|[from] psn
|upkeep
|turn|68
|
|t:|1779889146
|move|p2a: floater|Wave Crash|p1a: Dusclops
|-damage|p1a: Dusclops|40/100
|-damage|p2a: floater|0 fnt|[from] Recoil
|faint|p2a: floater
|move|p1a: Dusclops|Rest|p1a: Dusclops
|-status|p1a: Dusclops|slp|[from] move: Rest
|-heal|p1a: Dusclops|100/100 slp|[silent]
|
|upkeep
|-message|italyyrx forfeited.
|
|win|Chechesantos77
|raw|Chechesantos77's rating: 1095 &rarr; <strong>1120</strong><br />(+25 for winning)
|raw|italyyrx's rating: 1087 &rarr; <strong>1064</strong><br />(-23 for losing)
|l|☆italyyrx
|player|p2|
|l|☆Chechesantos77
|player|p1|
|j|☆Chechesantos77
|player|p1|Chechesantos77|170|
