|j|☆Prtbl_Trash
|j|☆Tasser Rug
|t:|1779936811
|gametype|singles
|player|p1|Prtbl_Trash|ortega|1346
|player|p2|Tasser Rug|1|1263
|gen|9
|tier|[Gen 9] OU
|rated|
|rule|HP Percentage Mod: HP is shown in percentages
|rule|Endless Battle Clause: Forcing endless battles is banned
|rule|Species Clause: Limit one of each Pokémon
|rule|OHKO Clause: OHKO moves are banned
|rule|Evasion Items Clause: Evasion items are banned
|rule|Evasion Moves Clause: Evasion moves are banned
|rule|Evasion Abilities Clause: Evasion abilities are banned
|rule|Sleep Moves Clause: Sleep-inducing moves are banned
|clearpoke
|poke|p1|Articuno|
|poke|p1|Great Tusk|
|poke|p1|Samurott-Hisui, F|
|poke|p1|Gholdengo|
|poke|p1|Raging Bolt|
|poke|p1|Dachsbun, M|
|poke|p2|Cloyster, F|
|poke|p2|Darkrai|
|poke|p2|Iron Valiant|
|poke|p2|Dragapult, M|
|poke|p2|Dragonite, M|
|poke|p2|Lokix, M|
|teampreview
|inactive|Battle timer is ON: inactive players will automatically lose when time's up. (requested by Prtbl_Trash)
|
|t:|1779936825
|teamsize|p1|6
|teamsize|p2|6
|start
|switch|p1a: Articuno|Articuno|100/100
|switch|p2a: Cloyster|Cloyster, F, shiny|100/100
|-ability|p1a: Articuno|Pressure
|turn|1
|
|t:|1779936832
|move|p2a: Cloyster|Shell Smash|p2a: Cloyster
|-unboost|p2a: Cloyster|def|1
|-unboost|p2a: Cloyster|spd|1
|-boost|p2a: Cloyster|atk|2
|-boost|p2a: Cloyster|spa|2
|-boost|p2a: Cloyster|spe|2
|move|p1a: Articuno|Hurricane|p2a: Cloyster
|-enditem|p2a: Cloyster|Focus Sash
|-damage|p2a: Cloyster|1/100
|
|upkeep
|turn|2
|
|t:|1779936842
|move|p2a: Cloyster|Rock Blast|p1a: Articuno
|-supereffective|p1a: Articuno
|-damage|p1a: Articuno|43/100
|-supereffective|p1a: Articuno
|-damage|p1a: Articuno|0 fnt
|faint|p1a: Articuno
|-hitcount|p1: Articuno|2
|
|upkeep
|
|t:|1779936846
|switch|p1a: Samurott|Samurott-Hisui, F|100/100
|turn|3
|
|t:|1779936853
|move|p1a: Samurott|Sucker Punch|p2a: Cloyster
|-damage|p2a: Cloyster|0 fnt
|faint|p2a: Cloyster
|
|upkeep
|
|t:|1779936864
|switch|p2a: Lokix|Lokix, M|100/100
|turn|4
|
|t:|1779936873
|switch|p1a: Great Tusk|Great Tusk|100/100
|move|p2a: Lokix|First Impression|p1a: Great Tusk
|-resisted|p1a: Great Tusk
|-damage|p1a: Great Tusk|54/100
|
|upkeep
|turn|5
|
|t:|1779936888
|switch|p2a: Darkrai|Darkrai|100/100
|move|p1a: Great Tusk|Stealth Rock|p2a: Darkrai
|-sidestart|p2: Tasser Rug|move: Stealth Rock
|
|upkeep
|turn|6
|
|t:|1779936895
|-end|p1a: Great Tusk|Protosynthesis|[silent]
|switch|p1a: Samurott|Samurott-Hisui, F|100/100
|move|p2a: Darkrai|Nasty Plot|p2a: Darkrai
|-boost|p2a: Darkrai|spa|2
|
|upkeep
|turn|7
|
|t:|1779936904
|move|p2a: Darkrai|Focus Blast|p1a: Samurott
|-supereffective|p1a: Samurott
|-damage|p1a: Samurott|0 fnt
|faint|p1a: Samurott
|
|upkeep
|
|t:|1779936908
|switch|p1a: Gholdengo|Gholdengo|100/100
|turn|8
|
|t:|1779936913
|-terastallize|p1a: Gholdengo|Fighting
|move|p1a: Gholdengo|Focus Blast|p2a: Darkrai
|-supereffective|p2a: Darkrai
|-enditem|p2a: Darkrai|Focus Sash
|-damage|p2a: Darkrai|1/100
|move|p2a: Darkrai|Dark Pulse|p1a: Gholdengo
|-resisted|p1a: Gholdengo
|-damage|p1a: Gholdengo|54/100
|
|upkeep
|turn|9
|
|t:|1779936928
|move|p1a: Gholdengo|Focus Blast|p2a: Darkrai|[miss]
|-miss|p1a: Gholdengo|p2a: Darkrai
|move|p2a: Darkrai|Sludge Bomb|p1a: Gholdengo
|-damage|p1a: Gholdengo|0 fnt
|faint|p1a: Gholdengo
|
|upkeep
|
|t:|1779936933
|switch|p1a: Raging Bolt|Raging Bolt|100/100
|-enditem|p1a: Raging Bolt|Booster Energy
|-activate|p1a: Raging Bolt|ability: Protosynthesis|[fromitem]
|-start|p1a: Raging Bolt|protosynthesisspa
|turn|10
|
|t:|1779936941
|move|p1a: Raging Bolt|Thunderclap|p2a: Darkrai
|-damage|p2a: Darkrai|0 fnt
|faint|p2a: Darkrai
|
|upkeep
|
|t:|1779936951
|switch|p2a: Dragonite|Dragonite, M|100/100
|turn|11
|
|t:|1779936959
|-terastallize|p2a: Dragonite|Normal
|move|p2a: Dragonite|Dragon Dance|p2a: Dragonite
|-boost|p2a: Dragonite|atk|1
|-boost|p2a: Dragonite|spe|1
|move|p1a: Raging Bolt|Dragon Pulse|p2a: Dragonite
|-damage|p2a: Dragonite|67/100
|
|upkeep
|turn|12
|
|t:|1779936969
|move|p2a: Dragonite|Earthquake|p1a: Raging Bolt
|-supereffective|p1a: Raging Bolt
|-damage|p1a: Raging Bolt|0 fnt
|faint|p1a: Raging Bolt
|-end|p1a: Raging Bolt|Protosynthesis|[silent]
|
|upkeep
|
|t:|1779936973
|switch|p1a: Great Tusk|Great Tusk|54/100
|turn|13
|
|t:|1779936978
|move|p2a: Dragonite|Ice Spinner|p1a: Great Tusk
|-supereffective|p1a: Great Tusk
|-damage|p1a: Great Tusk|0 fnt
|faint|p1a: Great Tusk
|-end|p1a: Great Tusk|Protosynthesis|[silent]
|
|upkeep
|
|t:|1779936981
|switch|p1a: Dachsbun|Dachsbun, M|100/100
|turn|14
|
|t:|1779936987
|move|p2a: Dragonite|Extreme Speed|p1a: Dachsbun
|-damage|p1a: Dachsbun|47/100
|move|p1a: Dachsbun|Roar|p2a: Dragonite
|drag|p2a: Dragapult|Dragapult, M|100/100
|-damage|p2a: Dragapult|88/100|[from] Stealth Rock
|
|-heal|p1a: Dachsbun|54/100|[from] item: Leftovers
|upkeep
|turn|15
|
|t:|1779936997
|move|p2a: Dragapult|Shadow Ball|p1a: Dachsbun
|-damage|p1a: Dachsbun|0 fnt
|faint|p1a: Dachsbun
|
|win|Tasser Rug
|raw|Prtbl_Trash's rating: 1346 &rarr; <strong>1321</strong><br />(-25 for losing)
|raw|Tasser Rug's rating: 1263 &rarr; <strong>1294</strong><br />(+31 for winning)
|l|☆Prtbl_Trash
|player|p1|
