|j|☆hugelius
|j|☆ahgkapemtkffk
|t:|1779966646
|gametype|singles
|player|p1|hugelius|veteran|1181
|player|p2|ahgkapemtkffk|101|1182
|gen|9
|tier|[Gen 9] OU
|rated|
|rule|HP Percentage Mod: HP is shown in percentages
|rule|Endless Battle Clause: Forcing endless battles is banned
|rule|Species Clause: Limit one of each Pokémon
|rule|OHKO Clause: OHKO moves are banned
|rule|Evasion Items Clause: Evasion items are banned
|rule|Evasion Moves Clause: Evasion moves are banned
|rule|Evasion Abilities Clause: Evasion abilities are banned
|rule|Sleep Moves Clause: Sleep-inducing moves are banned
|clearpoke
|poke|p1|Glimmora, M|
|poke|p1|Ceruledge, F|
|poke|p1|Garganacl, M|
|poke|p1|Gholdengo|
|poke|p1|Ogerpon-Wellspring, F|
|poke|p1|Gliscor, F|
|poke|p2|Hydrapple, F|
|poke|p2|Golem-Alola, M|
|poke|p2|Slither Wing|
|poke|p2|Iron Thorns|
|poke|p2|Dragonite, F|
|poke|p2|Tinkaton, F|
|teampreview
|inactive|Battle timer is ON: inactive players will automatically lose when time's up. (requested by hugelius)
|
|t:|1779966660
|teamsize|p1|6
|teamsize|p2|6
|start
|switch|p1a: Gliscor|Gliscor, F|100/100
|switch|p2a: Tinkaton|Tinkaton, F|100/100
|-ability|p2a: Tinkaton|Mold Breaker
|-item|p2a: Tinkaton|Air Balloon
|turn|1
|
|t:|1779966671
|move|p1a: Gliscor|Knock Off|p2a: Tinkaton
|-resisted|p2a: Tinkaton
|-crit|p2a: Tinkaton
|-damage|p2a: Tinkaton|86/100
|-enditem|p2a: Tinkaton|Air Balloon
|move|p2a: Tinkaton|Encore|p1a: Gliscor
|-start|p1a: Gliscor|Encore
|
|-status|p1a: Gliscor|tox|[from] item: Toxic Orb
|upkeep
|turn|2
|
|t:|1779966687
|switch|p1a: Ceruledge|Ceruledge, F|100/100
|move|p2a: Tinkaton|Stealth Rock|p1a: Ceruledge
|-sidestart|p1: hugelius|move: Stealth Rock
|
|upkeep
|turn|3
|
|t:|1779966696
|move|p1a: Ceruledge|Poltergeist||[still]
|-fail|p1a: Ceruledge
|move|p2a: Tinkaton|Thunder Wave|p1a: Ceruledge
|-status|p1a: Ceruledge|par
|
|upkeep
|turn|4
|
|t:|1779966703
|move|p2a: Tinkaton|Encore|p1a: Ceruledge
|-start|p1a: Ceruledge|Encore
|move|p1a: Ceruledge|Poltergeist||[still]
|-fail|p1a: Ceruledge
|
|upkeep
|turn|5
|
|t:|1779966711
|switch|p1a: Glimmora|Glimmora, M|100/100
|-damage|p1a: Glimmora|88/100|[from] Stealth Rock
|-item|p1a: Glimmora|Air Balloon
|move|p2a: Tinkaton|Gigaton Hammer|p1a: Glimmora
|-supereffective|p1a: Glimmora
|-damage|p1a: Glimmora|2/100
|-activate|p1a: Glimmora|ability: Toxic Debris
|-sidestart|p2: ahgkapemtkffk|move: Toxic Spikes
|-enditem|p1a: Glimmora|Air Balloon
|
|upkeep
|turn|6
|
|t:|1779966723
|move|p1a: Glimmora|Spiky Shield|p1a: Glimmora
|-singleturn|p1a: Glimmora|move: Protect
|move|p2a: Tinkaton|Thunder Wave|p1a: Glimmora
|-activate|p1a: Glimmora|move: Protect
|
|upkeep
|turn|7
|
|t:|1779966732
|move|p1a: Glimmora|Stealth Rock|p2a: Tinkaton
|-sidestart|p2: ahgkapemtkffk|move: Stealth Rock
|move|p2a: Tinkaton|Gigaton Hammer|p1a: Glimmora
|-supereffective|p1a: Glimmora
|-damage|p1a: Glimmora|0 fnt
|-activate|p1a: Glimmora|ability: Toxic Debris
|-sidestart|p2: ahgkapemtkffk|move: Toxic Spikes
|faint|p1a: Glimmora
|
|upkeep
|
|t:|1779966737
|switch|p1a: Garganacl|Garganacl, M|100/100
|-damage|p1a: Garganacl|88/100|[from] Stealth Rock
|turn|8
|
|t:|1779966745
|move|p2a: Tinkaton|Thunder Wave|p1a: Garganacl
|-status|p1a: Garganacl|par
|move|p1a: Garganacl|Salt Cure|p2a: Tinkaton
|-resisted|p2a: Tinkaton
|-damage|p2a: Tinkaton|79/100
|-start|p2a: Tinkaton|Salt Cure
|
|-heal|p1a: Garganacl|94/100 par|[from] item: Leftovers
|-damage|p2a: Tinkaton|54/100|[from] Salt Cure
|upkeep
|turn|9
|
|t:|1779966758
|move|p2a: Tinkaton|Gigaton Hammer|p1a: Garganacl
|-supereffective|p1a: Garganacl
|-damage|p1a: Garganacl|49/100 par
|move|p1a: Garganacl|Recover|p1a: Garganacl
|-heal|p1a: Garganacl|99/100 par
|
|-heal|p1a: Garganacl|100/100 par|[from] item: Leftovers
|-damage|p2a: Tinkaton|29/100|[from] Salt Cure
|upkeep
|turn|10
|
|t:|1779966766
|move|p2a: Tinkaton|Encore|p1a: Garganacl
|-start|p1a: Garganacl|Encore
|move|p1a: Garganacl|Recover||[still]
|-fail|p1a: Garganacl|heal
|
|-damage|p2a: Tinkaton|5/100|[from] Salt Cure
|upkeep
|turn|11
|
|t:|1779966772
|switch|p1a: Ceruledge|Ceruledge, F|100/100 par
|move|p2a: Tinkaton|Gigaton Hammer|p1a: Ceruledge
|-resisted|p1a: Ceruledge
|-damage|p1a: Ceruledge|72/100 par
|-ability|p1a: Ceruledge|Weak Armor|boost
|-unboost|p1a: Ceruledge|def|1
|-boost|p1a: Ceruledge|spe|2
|
|-damage|p2a: Tinkaton|0 fnt|[from] Salt Cure
|faint|p2a: Tinkaton
|upkeep
|
|t:|1779966799
|switch|p2a: Golem|Golem-Alola, M|100/100
|-status|p2a: Golem|tox
|-damage|p2a: Golem|88/100 tox|[from] Stealth Rock
|turn|12
|
|t:|1779966807
|move|p1a: Ceruledge|Poltergeist|p2a: Golem
|-activate|p2a: Golem|move: Poltergeist|Life Orb
|-crit|p2a: Golem
|-damage|p2a: Golem|28/100 tox
|move|p2a: Golem|Rock Blast|p1a: Ceruledge
|-supereffective|p1a: Ceruledge
|-damage|p1a: Ceruledge|0 fnt
|faint|p1a: Ceruledge
|-hitcount|p1: Ceruledge|1
|-damage|p2a: Golem|18/100 tox|[from] item: Life Orb
|
|-damage|p2a: Golem|12/100 tox|[from] psn
|upkeep
|
|t:|1779966814
|switch|p1a: Garganacl|Garganacl, M|100/100 par
|-damage|p1a: Garganacl|88/100 par|[from] Stealth Rock
|turn|13
|
|t:|1779966821
|move|p1a: Garganacl|Protect|p1a: Garganacl
|-singleturn|p1a: Garganacl|Protect
|move|p2a: Golem|Explosion|p1a: Garganacl
|-activate|p1a: Garganacl|move: Protect
|faint|p2a: Golem
|
|-heal|p1a: Garganacl|94/100 par|[from] item: Leftovers
|upkeep
|inactive|ahgkapemtkffk has 120 seconds left.
|
|t:|1779966846
|switch|p2a: Iron Thorns|Iron Thorns|100/100
|-status|p2a: Iron Thorns|tox
|-damage|p2a: Iron Thorns|88/100 tox|[from] Stealth Rock
|turn|14
|
|t:|1779966852
|move|p2a: Iron Thorns|Dragon Dance|p2a: Iron Thorns
|-boost|p2a: Iron Thorns|atk|1
|-boost|p2a: Iron Thorns|spe|1
|cant|p1a: Garganacl|par
|
|-heal|p1a: Garganacl|100/100 par|[from] item: Leftovers
|-damage|p2a: Iron Thorns|82/100 tox|[from] psn
|upkeep
|turn|15
|
|t:|1779966859
|move|p2a: Iron Thorns|Earthquake|p1a: Garganacl
|-supereffective|p1a: Garganacl
|-damage|p1a: Garganacl|38/100 par
|cant|p1a: Garganacl|par
|
|-heal|p1a: Garganacl|44/100 par|[from] item: Leftovers
|-damage|p2a: Iron Thorns|70/100 tox|[from] psn
|upkeep
|turn|16
|
|t:|1779966867
|cant|p1a: Garganacl|par
|move|p2a: Iron Thorns|Earthquake|p1a: Garganacl
|-supereffective|p1a: Garganacl
|-damage|p1a: Garganacl|0 fnt
|faint|p1a: Garganacl
|
|-damage|p2a: Iron Thorns|51/100 tox|[from] psn
|upkeep
|
|t:|1779966873
|switch|p1a: Gliscor|Gliscor, F|100/100 tox
|-damage|p1a: Gliscor|88/100 tox|[from] Stealth Rock
|turn|17
|
|t:|1779966882
|move|p2a: Iron Thorns|Rock Blast|p1a: Gliscor
|-damage|p1a: Gliscor|74/100 tox
|-damage|p1a: Gliscor|60/100 tox
|-damage|p1a: Gliscor|47/100 tox
|-damage|p1a: Gliscor|33/100 tox
|-hitcount|p1a: Gliscor|4
|move|p1a: Gliscor|Knock Off|p2a: Iron Thorns
|-damage|p2a: Iron Thorns|33/100 tox
|-enditem|p2a: Iron Thorns|Loaded Dice|[from] move: Knock Off|[of] p1a: Gliscor
|
|-damage|p2a: Iron Thorns|9/100 tox|[from] psn
|-heal|p1a: Gliscor|46/100 tox|[from] ability: Poison Heal
|upkeep
|turn|18
|
|t:|1779966894
|move|p1a: Gliscor|Protect|p1a: Gliscor
|-singleturn|p1a: Gliscor|Protect
|move|p2a: Iron Thorns|Rock Blast|p1a: Gliscor
|-activate|p1a: Gliscor|move: Protect
|
|-damage|p2a: Iron Thorns|0 fnt|[from] psn
|faint|p2a: Iron Thorns
|-end|p2a: Iron Thorns|Quark Drive|[silent]
|-heal|p1a: Gliscor|58/100 tox|[from] ability: Poison Heal
|upkeep
|
|t:|1779966905
|switch|p2a: Slither Wing|Slither Wing|100/100
|-status|p2a: Slither Wing|tox
|-damage|p2a: Slither Wing|88/100 tox|[from] Stealth Rock
|turn|19
|
|t:|1779966919
|-terastallize|p2a: Slither Wing|Bug
|move|p2a: Slither Wing|First Impression|p1a: Gliscor
|-resisted|p1a: Gliscor
|-damage|p1a: Gliscor|27/100 tox
|move|p1a: Gliscor|Knock Off|p2a: Slither Wing
|-damage|p2a: Slither Wing|63/100 tox
|-enditem|p2a: Slither Wing|Choice Band|[from] move: Knock Off|[of] p1a: Gliscor
|
|-heal|p1a: Gliscor|40/100 tox|[from] ability: Poison Heal
|-damage|p2a: Slither Wing|57/100 tox|[from] psn
|upkeep
|turn|20
|
|t:|1779966930
|-end|p2a: Slither Wing|Protosynthesis|[silent]
|switch|p2a: Dragonite|Dragonite, F|100/100
|-damage|p2a: Dragonite|75/100|[from] Stealth Rock
|move|p1a: Gliscor|Protect||[still]
|-fail|p1a: Gliscor
|
|-heal|p1a: Gliscor|52/100 tox|[from] ability: Poison Heal
|upkeep
|turn|21
|
|t:|1779966938
|move|p2a: Dragonite|Dragon Dance|p2a: Dragonite
|-boost|p2a: Dragonite|atk|1
|-boost|p2a: Dragonite|spe|1
|move|p1a: Gliscor|Toxic|p2a: Dragonite
|-status|p2a: Dragonite|tox
|
|-damage|p2a: Dragonite|69/100 tox|[from] psn
|-heal|p1a: Gliscor|65/100 tox|[from] ability: Poison Heal
|upkeep
|turn|22
|
|t:|1779966948
|move|p1a: Gliscor|Protect|p1a: Gliscor
|-singleturn|p1a: Gliscor|Protect
|move|p2a: Dragonite|Dragon Dance|p2a: Dragonite
|-boost|p2a: Dragonite|atk|1
|-boost|p2a: Dragonite|spe|1
|
|-damage|p2a: Dragonite|57/100 tox|[from] psn
|-heal|p1a: Gliscor|77/100 tox|[from] ability: Poison Heal
|upkeep
|turn|23
|inactive|hugelius has 120 seconds left.
|
|t:|1779966982
|switch|p1a: Gholdengo|Gholdengo|100/100
|-damage|p1a: Gholdengo|94/100|[from] Stealth Rock
|move|p2a: Dragonite|Scale Shot|p1a: Gholdengo
|-resisted|p1a: Gholdengo
|-damage|p1a: Gholdengo|79/100
|-resisted|p1a: Gholdengo
|-damage|p1a: Gholdengo|62/100
|-resisted|p1a: Gholdengo
|-damage|p1a: Gholdengo|45/100
|-hitcount|p1a: Gholdengo|3
|-unboost|p2a: Dragonite|def|1
|-boost|p2a: Dragonite|spe|1
|
|-heal|p1a: Gholdengo|51/100|[from] item: Leftovers
|-damage|p2a: Dragonite|38/100 tox|[from] psn
|upkeep
|turn|24
|inactive|hugelius has 120 seconds left.
|
|t:|1779967002
|-terastallize|p1a: Gholdengo|Flying
|move|p2a: Dragonite|Scale Shot|p1a: Gholdengo
|-damage|p1a: Gholdengo|19/100
|-damage|p1a: Gholdengo|0 fnt
|faint|p1a: Gholdengo
|-hitcount|p1: Gholdengo|2
|-unboost|p2a: Dragonite|def|1
|-boost|p2a: Dragonite|spe|1
|
|-damage|p2a: Dragonite|14/100 tox|[from] psn
|upkeep
|
|t:|1779967006
|switch|p1a: Gliscor|Gliscor, F|77/100 tox
|-damage|p1a: Gliscor|65/100 tox|[from] Stealth Rock
|turn|25
|
|t:|1779967017
|move|p1a: Gliscor|Protect|p1a: Gliscor
|-singleturn|p1a: Gliscor|Protect
|move|p2a: Dragonite|Extreme Speed|p1a: Gliscor
|-activate|p1a: Gliscor|move: Protect
|
|-damage|p2a: Dragonite|0 fnt|[from] psn
|faint|p2a: Dragonite
|-heal|p1a: Gliscor|77/100 tox|[from] ability: Poison Heal
|upkeep
|
|t:|1779967026
|switch|p2a: Slither Wing|Slither Wing, tera:Bug|57/100 tox
|-damage|p2a: Slither Wing|32/100 tox|[from] Stealth Rock
|turn|26
|inactive|hugelius has 120 seconds left.
|
|t:|1779967061
|-end|p2a: Slither Wing|Protosynthesis|[silent]
|switch|p2a: Hydrapple|Hydrapple, F|100/100
|-status|p2a: Hydrapple|tox
|-damage|p2a: Hydrapple|88/100 tox|[from] Stealth Rock
|move|p1a: Gliscor|U-turn|p2a: Hydrapple
|-supereffective|p2a: Hydrapple
|-damage|p2a: Hydrapple|65/100 tox
|
|t:|1779967064
|switch|p1a: Ogerpon|Ogerpon-Wellspring, F|100/100|[from] U-turn
|-damage|p1a: Ogerpon|88/100|[from] Stealth Rock
|
|-damage|p2a: Hydrapple|59/100 tox|[from] psn
|upkeep
|turn|27
|
|t:|1779967076
|move|p1a: Ogerpon|Swords Dance|p1a: Ogerpon
|-boost|p1a: Ogerpon|atk|2
|move|p2a: Hydrapple|Giga Drain|p1a: Ogerpon
|-damage|p1a: Ogerpon|38/100
|-heal|p2a: Hydrapple|77/100 tox|[from] drain|[of] p1a: Ogerpon
|
|-damage|p2a: Hydrapple|64/100 tox|[from] psn
|upkeep
|turn|28
|
|t:|1779967084
|move|p1a: Ogerpon|Spiky Shield|p1a: Ogerpon
|-singleturn|p1a: Ogerpon|move: Protect
|move|p2a: Hydrapple|Sucker Punch||[still]
|-fail|p2a: Hydrapple
|
|-damage|p2a: Hydrapple|45/100 tox|[from] psn
|upkeep
|turn|29
|
|t:|1779967092
|move|p2a: Hydrapple|Sucker Punch|p1a: Ogerpon
|-damage|p1a: Ogerpon|22/100
|move|p1a: Ogerpon|Horn Leech|p2a: Hydrapple
|-resisted|p2a: Hydrapple
|-damage|p2a: Hydrapple|30/100 tox
|-heal|p1a: Ogerpon|32/100|[from] drain|[of] p2a: Hydrapple
|
|-damage|p2a: Hydrapple|5/100 tox|[from] psn
|upkeep
|turn|30
|
|t:|1779967102
|move|p1a: Ogerpon|Spiky Shield|p1a: Ogerpon
|-singleturn|p1a: Ogerpon|move: Protect
|move|p2a: Hydrapple|Fickle Beam|p1a: Ogerpon
|-activate|p1a: Ogerpon|move: Protect
|
|-damage|p2a: Hydrapple|0 fnt|[from] psn
|faint|p2a: Hydrapple
|upkeep
|
|t:|1779967109
|switch|p2a: Slither Wing|Slither Wing, tera:Bug|32/100 tox
|-damage|p2a: Slither Wing|7/100 tox|[from] Stealth Rock
|turn|31
|
|t:|1779967116
|move|p1a: Ogerpon|Spiky Shield|p1a: Ogerpon
|-singleturn|p1a: Ogerpon|move: Protect
|move|p2a: Slither Wing|First Impression|p1a: Ogerpon
|-activate|p1a: Ogerpon|move: Protect
|-damage|p2a: Slither Wing|0 fnt|[from] Spiky Shield|[of] p1a: Ogerpon
|faint|p2a: Slither Wing
|-end|p2a: Slither Wing|Protosynthesis|[silent]
|
|win|hugelius
|raw|hugelius's rating: 1181 &rarr; <strong>1206</strong><br />(+25 for winning)
|raw|ahgkapemtkffk's rating: 1182 &rarr; <strong>1157</strong><br />(-25 for losing)
|l|☆hugelius
|player|p1|
|l|☆ahgkapemtkffk
|player|p2|
