|j|☆claudechamp
|j|‽Alakazam darnold
|t:|1779901547
|gametype|singles
|player|p1|claudechamp|169|1359
|player|p2|Alakazam darnold|li|1396
|gen|9
|tier|[Gen 9] OU
|rated|
|rule|HP Percentage Mod: HP is shown in percentages
|rule|Endless Battle Clause: Forcing endless battles is banned
|rule|Species Clause: Limit one of each Pokémon
|rule|OHKO Clause: OHKO moves are banned
|rule|Evasion Items Clause: Evasion items are banned
|rule|Evasion Moves Clause: Evasion moves are banned
|rule|Evasion Abilities Clause: Evasion abilities are banned
|rule|Sleep Moves Clause: Sleep-inducing moves are banned
|clearpoke
|poke|p1|Gliscor, M|
|poke|p1|Ogerpon, F|
|poke|p1|Walking Wake|
|poke|p1|Blissey, F|
|poke|p1|Corviknight, M|
|poke|p1|Pecharunt|
|poke|p2|Golurk|
|poke|p2|Ogerpon-Wellspring, F|
|poke|p2|Mandibuzz, F|
|poke|p2|Garganacl, F|
|poke|p2|Iron Crown|
|poke|p2|Enamorus, F|
|teampreview
|c|☆claudechamp|hf
|inactive|Battle timer is ON: inactive players will automatically lose when time's up. (requested by claudechamp)
|inactive|Alakazam darnold has 120 seconds left.
|inactive|Alakazam darnold has 90 seconds left.
|
|t:|1779901617
|teamsize|p1|6
|teamsize|p2|6
|start
|switch|p1a: Gliscor|Gliscor, M|100/100
|switch|p2a: Ogerpon|Ogerpon-Wellspring, F|100/100
|turn|1
|
|t:|1779901626
|move|p2a: Ogerpon|Ivy Cudgel|p1a: Gliscor|[anim] Ivy Cudgel Water
|-supereffective|p1a: Gliscor
|-crit|p1a: Gliscor
|-damage|p1a: Gliscor|0 fnt
|faint|p1a: Gliscor
|
|upkeep
|
|t:|1779901628
|switch|p1a: Ogerpon|Ogerpon, F|100/100
|turn|2
|
|t:|1779901633
|switch|p2a: Mandibuzz|Mandibuzz, F|100/100
|move|p1a: Ogerpon|Ivy Cudgel|p2a: Mandibuzz
|-resisted|p2a: Mandibuzz
|-damage|p2a: Mandibuzz|86/100
|
|upkeep
|turn|3
|
|t:|1779901639
|move|p1a: Ogerpon|Ivy Cudgel|p2a: Mandibuzz
|-resisted|p2a: Mandibuzz
|-damage|p2a: Mandibuzz|73/100
|move|p2a: Mandibuzz|Toxic|p1a: Ogerpon
|-status|p1a: Ogerpon|tox
|
|-damage|p1a: Ogerpon|95/100 tox|[from] psn
|upkeep
|turn|4
|
|t:|1779901644
|move|p1a: Ogerpon|U-turn|p2a: Mandibuzz
|-damage|p2a: Mandibuzz|59/100
|
|t:|1779901646
|switch|p1a: Pecharunt|Pecharunt|100/100|[from] U-turn
|move|p2a: Mandibuzz|Roost|p2a: Mandibuzz
|-heal|p2a: Mandibuzz|100/100
|-singleturn|p2a: Mandibuzz|move: Roost
|
|upkeep
|turn|5
|
|t:|1779901649
|switch|p2a: Garganacl|Garganacl, F|100/100
|move|p1a: Pecharunt|Malignant Chain|p2a: Garganacl
|-resisted|p2a: Garganacl
|-damage|p2a: Garganacl|90/100
|
|-heal|p2a: Garganacl|96/100|[from] item: Leftovers
|upkeep
|turn|6
|
|t:|1779901655
|move|p1a: Pecharunt|Parting Shot|p2a: Garganacl
|-unboost|p2a: Garganacl|atk|1
|-unboost|p2a: Garganacl|spa|1
|
|t:|1779901659
|switch|p1a: Blissey|Blissey, F|100/100|[from] Parting Shot
|move|p2a: Garganacl|Salt Cure|p1a: Blissey
|-damage|p1a: Blissey|90/100
|-start|p1a: Blissey|Salt Cure
|
|-heal|p2a: Garganacl|100/100|[from] item: Leftovers
|-damage|p1a: Blissey|77/100|[from] Salt Cure
|upkeep
|turn|7
|
|t:|1779901662
|move|p1a: Blissey|Stealth Rock|p2a: Garganacl
|-sidestart|p2: Alakazam darnold|move: Stealth Rock
|move|p2a: Garganacl|Stealth Rock|p1a: Blissey
|-sidestart|p1: claudechamp|move: Stealth Rock
|
|-damage|p1a: Blissey|65/100|[from] Salt Cure
|upkeep
|turn|8
|
|t:|1779901667
|switch|p2a: Golurk|Golurk|100/100
|-damage|p2a: Golurk|94/100|[from] Stealth Rock
|move|p1a: Blissey|Soft-Boiled|p1a: Blissey
|-heal|p1a: Blissey|100/100
|
|-damage|p1a: Blissey|88/100|[from] Salt Cure
|upkeep
|turn|9
|
|t:|1779901674
|switch|p1a: Pecharunt|Pecharunt|100/100
|move|p2a: Golurk|Dynamic Punch|p1a: Pecharunt
|-immune|p1a: Pecharunt
|
|upkeep
|turn|10
|
|t:|1779901677
|switch|p2a: Garganacl|Garganacl, F|100/100
|-damage|p2a: Garganacl|88/100|[from] Stealth Rock
|move|p1a: Pecharunt|Parting Shot|p2a: Garganacl
|-unboost|p2a: Garganacl|atk|1
|-unboost|p2a: Garganacl|spa|1
|
|t:|1779901679
|switch|p1a: Walking Wake|Walking Wake|100/100|[from] Parting Shot
|
|-heal|p2a: Garganacl|94/100|[from] item: Leftovers
|upkeep
|turn|11
|
|t:|1779901682
|-terastallize|p2a: Garganacl|Water
|move|p1a: Walking Wake|Surf|p2a: Garganacl
|-resisted|p2a: Garganacl
|-damage|p2a: Garganacl|78/100
|move|p2a: Garganacl|Salt Cure|p1a: Walking Wake
|-damage|p1a: Walking Wake|90/100
|-start|p1a: Walking Wake|Salt Cure
|
|-heal|p2a: Garganacl|84/100|[from] item: Leftovers
|-damage|p1a: Walking Wake|65/100|[from] Salt Cure
|upkeep
|turn|12
|
|t:|1779901692
|-end|p1a: Walking Wake|Protosynthesis|[silent]
|switch|p1a: Pecharunt|Pecharunt|100/100
|move|p2a: Garganacl|Salt Cure|p1a: Pecharunt
|-damage|p1a: Pecharunt|96/100
|-start|p1a: Pecharunt|Salt Cure
|
|-heal|p2a: Garganacl|91/100|[from] item: Leftovers
|-damage|p1a: Pecharunt|83/100|[from] Salt Cure
|upkeep
|turn|13
|
|t:|1779901697
|move|p2a: Garganacl|Protect|p2a: Garganacl
|-singleturn|p2a: Garganacl|Protect
|move|p1a: Pecharunt|Recover|p1a: Pecharunt
|-heal|p1a: Pecharunt|100/100
|
|-heal|p2a: Garganacl|97/100|[from] item: Leftovers
|-damage|p1a: Pecharunt|88/100|[from] Salt Cure
|upkeep
|turn|14
|
|t:|1779901704
|move|p1a: Pecharunt|Malignant Chain|p2a: Garganacl
|-damage|p2a: Garganacl|77/100
|move|p2a: Garganacl|Salt Cure|p1a: Pecharunt
|-damage|p1a: Pecharunt|83/100
|
|-heal|p2a: Garganacl|84/100|[from] item: Leftovers
|-damage|p1a: Pecharunt|71/100|[from] Salt Cure
|upkeep
|turn|15
|
|t:|1779901715
|move|p2a: Garganacl|Protect|p2a: Garganacl
|-singleturn|p2a: Garganacl|Protect
|move|p1a: Pecharunt|Recover|p1a: Pecharunt
|-heal|p1a: Pecharunt|100/100
|
|-heal|p2a: Garganacl|90/100|[from] item: Leftovers
|-damage|p1a: Pecharunt|88/100|[from] Salt Cure
|upkeep
|turn|16
|
|t:|1779901721
|move|p1a: Pecharunt|Malignant Chain|p2a: Garganacl
|-damage|p2a: Garganacl|70/100
|move|p2a: Garganacl|Salt Cure|p1a: Pecharunt
|-damage|p1a: Pecharunt|83/100
|
|-heal|p2a: Garganacl|76/100|[from] item: Leftovers
|-damage|p1a: Pecharunt|71/100|[from] Salt Cure
|upkeep
|turn|17
|
|t:|1779901733
|move|p1a: Pecharunt|Recover|p1a: Pecharunt
|-heal|p1a: Pecharunt|100/100
|move|p2a: Garganacl|Stealth Rock||[still]
|-fail|p2a: Garganacl
|
|-heal|p2a: Garganacl|82/100|[from] item: Leftovers
|-damage|p1a: Pecharunt|88/100|[from] Salt Cure
|upkeep
|turn|18
|
|t:|1779901740
|move|p1a: Pecharunt|Malignant Chain|p2a: Garganacl
|-damage|p2a: Garganacl|60/100
|move|p2a: Garganacl|Stealth Rock||[still]
|-fail|p2a: Garganacl
|
|-heal|p2a: Garganacl|66/100|[from] item: Leftovers
|-damage|p1a: Pecharunt|76/100|[from] Salt Cure
|upkeep
|turn|19
|
|t:|1779901745
|move|p1a: Pecharunt|Recover|p1a: Pecharunt
|-heal|p1a: Pecharunt|100/100
|move|p2a: Garganacl|Recover|p2a: Garganacl
|-heal|p2a: Garganacl|100/100
|
|-damage|p1a: Pecharunt|88/100|[from] Salt Cure
|upkeep
|turn|20
|
|t:|1779901753
|move|p1a: Pecharunt|Malignant Chain|p2a: Garganacl
|-damage|p2a: Garganacl|79/100
|move|p2a: Garganacl|Stealth Rock||[still]
|-fail|p2a: Garganacl
|
|-heal|p2a: Garganacl|85/100|[from] item: Leftovers
|-damage|p1a: Pecharunt|76/100|[from] Salt Cure
|upkeep
|turn|21
|
|t:|1779901762
|move|p1a: Pecharunt|Recover|p1a: Pecharunt
|-heal|p1a: Pecharunt|100/100
|move|p2a: Garganacl|Salt Cure|p1a: Pecharunt
|-damage|p1a: Pecharunt|96/100
|
|-heal|p2a: Garganacl|91/100|[from] item: Leftovers
|-damage|p1a: Pecharunt|84/100|[from] Salt Cure
|upkeep
|turn|22
|
|t:|1779901775
|move|p1a: Pecharunt|Malignant Chain|p2a: Garganacl
|-damage|p2a: Garganacl|70/100
|move|p2a: Garganacl|Stealth Rock||[still]
|-fail|p2a: Garganacl
|
|-heal|p2a: Garganacl|76/100|[from] item: Leftovers
|-damage|p1a: Pecharunt|72/100|[from] Salt Cure
|upkeep
|turn|23
|
|t:|1779901780
|move|p1a: Pecharunt|Recover|p1a: Pecharunt
|-heal|p1a: Pecharunt|100/100
|move|p2a: Garganacl|Recover|p2a: Garganacl
|-heal|p2a: Garganacl|100/100
|
|-damage|p1a: Pecharunt|88/100|[from] Salt Cure
|upkeep
|turn|24
|
|t:|1779901790
|move|p1a: Pecharunt|Malignant Chain|p2a: Garganacl
|-damage|p2a: Garganacl|82/100
|move|p2a: Garganacl|Salt Cure|p1a: Pecharunt
|-damage|p1a: Pecharunt|84/100
|
|-heal|p2a: Garganacl|88/100|[from] item: Leftovers
|-damage|p1a: Pecharunt|72/100|[from] Salt Cure
|upkeep
|turn|25
|
|t:|1779901800
|move|p1a: Pecharunt|Recover|p1a: Pecharunt
|-heal|p1a: Pecharunt|100/100
|move|p2a: Garganacl|Salt Cure|p1a: Pecharunt
|-damage|p1a: Pecharunt|96/100
|
|-heal|p2a: Garganacl|94/100|[from] item: Leftovers
|-damage|p1a: Pecharunt|83/100|[from] Salt Cure
|upkeep
|turn|26
|
|t:|1779901813
|move|p2a: Garganacl|Protect|p2a: Garganacl
|-singleturn|p2a: Garganacl|Protect
|move|p1a: Pecharunt|Foul Play|p2a: Garganacl
|-activate|p2a: Garganacl|move: Protect
|
|-heal|p2a: Garganacl|99/100|[from] item: Leftovers
|-damage|p1a: Pecharunt|71/100|[from] Salt Cure
|upkeep
|turn|27
|
|t:|1779901822
|move|p1a: Pecharunt|Recover|p1a: Pecharunt
|-heal|p1a: Pecharunt|100/100
|move|p2a: Garganacl|Salt Cure|p1a: Pecharunt
|-damage|p1a: Pecharunt|96/100
|
|-heal|p2a: Garganacl|100/100|[from] item: Leftovers
|-damage|p1a: Pecharunt|84/100|[from] Salt Cure
|upkeep
|turn|28
|
|t:|1779901836
|switch|p1a: Blissey|Blissey, F|88/100
|move|p2a: Garganacl|Salt Cure|p1a: Blissey
|-damage|p1a: Blissey|79/100
|-start|p1a: Blissey|Salt Cure
|
|-damage|p1a: Blissey|66/100|[from] Salt Cure
|upkeep
|turn|29
|inactive|Alakazam darnold has 120 seconds left.
|
|t:|1779901892
|switch|p2a: Iron Crown|Iron Crown|100/100
|-damage|p2a: Iron Crown|94/100|[from] Stealth Rock
|-enditem|p2a: Iron Crown|Booster Energy
|-activate|p2a: Iron Crown|ability: Quark Drive|[fromitem]
|-start|p2a: Iron Crown|quarkdrivespe
|move|p1a: Blissey|Soft-Boiled|p1a: Blissey
|-heal|p1a: Blissey|100/100
|
|-damage|p1a: Blissey|88/100|[from] Salt Cure
|upkeep
|turn|30
|
|t:|1779901900
|move|p2a: Iron Crown|Calm Mind|p2a: Iron Crown
|-boost|p2a: Iron Crown|spa|1
|-boost|p2a: Iron Crown|spd|1
|move|p1a: Blissey|Seismic Toss|p2a: Iron Crown
|-damage|p2a: Iron Crown|65/100
|
|-damage|p1a: Blissey|76/100|[from] Salt Cure
|upkeep
|turn|31
|
|t:|1779901912
|-terastallize|p1a: Blissey|Dark
|move|p2a: Iron Crown|Calm Mind|p2a: Iron Crown
|-boost|p2a: Iron Crown|spa|1
|-boost|p2a: Iron Crown|spd|1
|move|p1a: Blissey|Calm Mind|p1a: Blissey
|-boost|p1a: Blissey|spa|1
|-boost|p1a: Blissey|spd|1
|
|-damage|p1a: Blissey|63/100|[from] Salt Cure
|upkeep
|turn|32
|
|t:|1779901919
|-end|p2a: Iron Crown|Quark Drive|[silent]
|switch|p2a: Golurk|Golurk|94/100
|-damage|p2a: Golurk|88/100|[from] Stealth Rock
|move|p1a: Blissey|Seismic Toss|p2a: Golurk
|-immune|p2a: Golurk
|
|-damage|p1a: Blissey|51/100|[from] Salt Cure
|upkeep
|turn|33
|inactive|Alakazam darnold has 120 seconds left.
|
|t:|1779901926
|switch|p1a: Pecharunt|Pecharunt|84/100
|move|p2a: Golurk|Earthquake|p1a: Pecharunt
|-supereffective|p1a: Pecharunt
|-damage|p1a: Pecharunt|13/100
|
|upkeep
|turn|34
|inactive|Alakazam darnold has 120 seconds left.
|
|t:|1779901940
|switch|p2a: Mandibuzz|Mandibuzz, F|100/100
|move|p1a: Pecharunt|Parting Shot|p2a: Mandibuzz
|-unboost|p2a: Mandibuzz|atk|1
|-unboost|p2a: Mandibuzz|spa|1
|
|t:|1779901948
|switch|p1a: Blissey|Blissey, F, tera:Dark|51/100|[from] Parting Shot
|
|upkeep
|turn|35
|
|t:|1779901958
|move|p2a: Mandibuzz|Toxic|p1a: Blissey
|-status|p1a: Blissey|tox
|move|p1a: Blissey|Soft-Boiled|p1a: Blissey
|-heal|p1a: Blissey|100/100 tox
|
|-damage|p1a: Blissey|94/100 tox|[from] psn
|upkeep
|turn|36
|
|t:|1779901965
|-curestatus|p1a: Blissey|tox|[from] ability: Natural Cure|[silent]
|switch|p1a: Ogerpon|Ogerpon, F|95/100 tox
|move|p2a: Mandibuzz|Defog|p1a: Ogerpon
|-unboost|p1a: Ogerpon|evasion|1
|-ability|p1a: Ogerpon|Defiant|boost
|-boost|p1a: Ogerpon|atk|2
|-sideend|p1: claudechamp|Stealth Rock|[from] move: Defog|[of] p2a: Mandibuzz
|-sideend|p2: Alakazam darnold|Stealth Rock|[from] move: Defog|[of] p2a: Mandibuzz
|
|-damage|p1a: Ogerpon|89/100 tox|[from] psn
|upkeep
|turn|37
|
|t:|1779901974
|move|p1a: Ogerpon|Knock Off|p2a: Mandibuzz
|-resisted|p2a: Mandibuzz
|-damage|p2a: Mandibuzz|83/100
|-enditem|p2a: Mandibuzz|Heavy-Duty Boots|[from] move: Knock Off|[of] p1a: Ogerpon
|move|p2a: Mandibuzz|Foul Play|p1a: Ogerpon
|-damage|p1a: Ogerpon|0 fnt
|faint|p1a: Ogerpon
|
|upkeep
|
|t:|1779901983
|switch|p1a: Blissey|Blissey, F, tera:Dark|94/100
|turn|38
|
|t:|1779901991
|switch|p2a: Golurk|Golurk|88/100
|move|p1a: Blissey|Stealth Rock|p2a: Golurk
|-sidestart|p2: Alakazam darnold|move: Stealth Rock
|
|upkeep
|turn|39
|
|t:|1779902000
|switch|p1a: Corviknight|Corviknight, M|100/100
|-ability|p1a: Corviknight|Pressure
|move|p2a: Golurk|Trick|p1a: Corviknight
|-activate|p2a: Golurk|move: Trick|[of] p1a: Corviknight
|-item|p1a: Corviknight|Choice Band|[from] move: Trick
|-item|p2a: Golurk|Heavy-Duty Boots|[from] move: Trick
|
|upkeep
|turn|40
|
|t:|1779902013
|move|p1a: Corviknight|U-turn|p2a: Golurk
|-resisted|p2a: Golurk
|-damage|p2a: Golurk|76/100
|
|t:|1779902021
|switch|p1a: Walking Wake|Walking Wake|65/100|[from] U-turn
|move|p2a: Golurk|Dynamic Punch|p1a: Walking Wake
|-damage|p1a: Walking Wake|28/100
|-start|p1a: Walking Wake|confusion
|
|upkeep
|turn|41
|
|t:|1779902029
|switch|p2a: Ogerpon|Ogerpon-Wellspring, F|100/100
|-damage|p2a: Ogerpon|88/100|[from] Stealth Rock
|-activate|p1a: Walking Wake|confusion
|-damage|p1a: Walking Wake|21/100|[from] confusion
|
|upkeep
|turn|42
|
|t:|1779902037
|move|p2a: Ogerpon|Knock Off|p1a: Walking Wake
|-damage|p1a: Walking Wake|0 fnt
|-enditem|p1a: Walking Wake|Heavy-Duty Boots|[from] move: Knock Off|[of] p2a: Ogerpon
|faint|p1a: Walking Wake
|-end|p1a: Walking Wake|Protosynthesis|[silent]
|
|upkeep
|
|t:|1779902042
|switch|p1a: Corviknight|Corviknight, M|100/100
|-ability|p1a: Corviknight|Pressure
|turn|43
|
|t:|1779902047
|switch|p2a: Garganacl|Garganacl, F, tera:Water|100/100
|-damage|p2a: Garganacl|88/100|[from] Stealth Rock
|move|p1a: Corviknight|Body Press|p2a: Garganacl
|-damage|p2a: Garganacl|63/100
|
|-heal|p2a: Garganacl|69/100|[from] item: Leftovers
|upkeep
|turn|44
|
|t:|1779902053
|switch|p1a: Blissey|Blissey, F, tera:Dark|94/100
|move|p2a: Garganacl|Salt Cure|p1a: Blissey
|-damage|p1a: Blissey|80/100
|-start|p1a: Blissey|Salt Cure
|
|-heal|p2a: Garganacl|75/100|[from] item: Leftovers
|-damage|p1a: Blissey|67/100|[from] Salt Cure
|upkeep
|turn|45
|inactive|Alakazam darnold has 120 seconds left.
|inactive|Alakazam darnold has 90 seconds left.
|inactive|Alakazam darnold has 60 seconds left.
|
|t:|1779902146
|move|p1a: Blissey|Soft-Boiled|p1a: Blissey
|-heal|p1a: Blissey|100/100
|move|p2a: Garganacl|Stealth Rock|p1a: Blissey
|-sidestart|p1: claudechamp|move: Stealth Rock
|
|-heal|p2a: Garganacl|82/100|[from] item: Leftovers
|-damage|p1a: Blissey|88/100|[from] Salt Cure
|upkeep
|turn|46
|
|t:|1779902160
|switch|p2a: Golurk|Golurk|76/100
|move|p1a: Blissey|Seismic Toss|p2a: Golurk
|-immune|p2a: Golurk
|
|-damage|p1a: Blissey|76/100|[from] Salt Cure
|upkeep
|turn|47
|
|t:|1779902174
|switch|p1a: Corviknight|Corviknight, M|100/100
|-damage|p1a: Corviknight|88/100|[from] Stealth Rock
|-ability|p1a: Corviknight|Pressure
|move|p2a: Golurk|Stone Edge|p1a: Corviknight
|-crit|p1a: Corviknight
|-damage|p1a: Corviknight|52/100
|
|upkeep
|turn|48
|
|t:|1779902185
|move|p1a: Corviknight|Roost|p1a: Corviknight
|-heal|p1a: Corviknight|100/100
|-singleturn|p1a: Corviknight|move: Roost
|move|p2a: Golurk|Dynamic Punch|p1a: Corviknight
|-supereffective|p1a: Corviknight
|-damage|p1a: Corviknight|57/100
|-start|p1a: Corviknight|confusion
|
|upkeep
|turn|49
|
|t:|1779902198
|-activate|p1a: Corviknight|confusion
|move|p1a: Corviknight|Roost|p1a: Corviknight
|-heal|p1a: Corviknight|100/100
|-singleturn|p1a: Corviknight|move: Roost
|move|p2a: Golurk|Dynamic Punch|p1a: Corviknight
|-supereffective|p1a: Corviknight
|-damage|p1a: Corviknight|49/100
|
|upkeep
|turn|50
|
|t:|1779902212
|-end|p1a: Corviknight|confusion
|move|p1a: Corviknight|Roost|p1a: Corviknight
|-heal|p1a: Corviknight|99/100
|-singleturn|p1a: Corviknight|move: Roost
|move|p2a: Golurk|Earthquake|p1a: Corviknight
|-supereffective|p1a: Corviknight
|-damage|p1a: Corviknight|28/100
|
|upkeep
|turn|51
|inactive|Alakazam darnold has 90 seconds left.
|
|t:|1779902228
|move|p1a: Corviknight|Roost|p1a: Corviknight
|-heal|p1a: Corviknight|78/100
|-singleturn|p1a: Corviknight|move: Roost
|move|p2a: Golurk|Earthquake|p1a: Corviknight
|-supereffective|p1a: Corviknight
|-damage|p1a: Corviknight|5/100
|
|upkeep
|turn|52
|
|t:|1779902240
|move|p1a: Corviknight|Roost|p1a: Corviknight
|-heal|p1a: Corviknight|55/100
|-singleturn|p1a: Corviknight|move: Roost
|move|p2a: Golurk|Earthquake|p1a: Corviknight
|-supereffective|p1a: Corviknight
|-damage|p1a: Corviknight|0 fnt
|faint|p1a: Corviknight
|
|upkeep
|inactive|claudechamp has 120 seconds left.
|
|t:|1779902256
|switch|p1a: Blissey|Blissey, F, tera:Dark|76/100
|turn|53
|
|t:|1779902265
|move|p2a: Golurk|Dynamic Punch|p1a: Blissey
|-supereffective|p1a: Blissey
|-damage|p1a: Blissey|0 fnt
|faint|p1a: Blissey
|
|upkeep
|inactive|claudechamp has 120 seconds left.
|
|t:|1779902275
|switch|p1a: Pecharunt|Pecharunt|13/100
|turn|54
|inactive|claudechamp has 120 seconds left.
|
|t:|1779902285
|switch|p2a: Mandibuzz|Mandibuzz, F|83/100
|-damage|p2a: Mandibuzz|59/100|[from] Stealth Rock
|move|p1a: Pecharunt|Foul Play|p2a: Mandibuzz
|-resisted|p2a: Mandibuzz
|-damage|p2a: Mandibuzz|56/100
|
|upkeep
|turn|55
|inactive|claudechamp has 120 seconds left.
|
|t:|1779902295
|move|p1a: Pecharunt|Malignant Chain|p2a: Mandibuzz
|-damage|p2a: Mandibuzz|29/100
|move|p2a: Mandibuzz|Foul Play|p1a: Pecharunt
|-supereffective|p1a: Pecharunt
|-damage|p1a: Pecharunt|0 fnt
|faint|p1a: Pecharunt
|
|win|Alakazam darnold
|raw|claudechamp's rating: 1354 &rarr; <strong>1336</strong><br />(-18 for losing)
|raw|Alakazam darnold's rating: 1396 &rarr; <strong>1414</strong><br />(+18 for winning)
|c|☆claudechamp|gg
