|j|☆Re22pect
|j|☆eserraba
|t:|1779965349
|gametype|singles
|player|p1|Re22pect|fisherman-gen4|1094
|player|p2|eserraba|2|1130
|gen|9
|tier|[Gen 9] OU
|rated|
|rule|HP Percentage Mod: HP is shown in percentages
|rule|Endless Battle Clause: Forcing endless battles is banned
|rule|Species Clause: Limit one of each Pokémon
|rule|OHKO Clause: OHKO moves are banned
|rule|Evasion Items Clause: Evasion items are banned
|rule|Evasion Moves Clause: Evasion moves are banned
|rule|Evasion Abilities Clause: Evasion abilities are banned
|rule|Sleep Moves Clause: Sleep-inducing moves are banned
|clearpoke
|poke|p1|Swampert, M|
|poke|p1|Corviknight, F|
|poke|p1|Rotom-Wash|
|poke|p1|Zapdos|
|poke|p1|Hoopa-Unbound|
|poke|p1|Regigigas|
|poke|p2|Masquerain, M|
|poke|p2|Eelektross, M|
|poke|p2|Shiftry, F|
|poke|p2|Volbeat, M|
|poke|p2|Seviper, M|
|poke|p2|Golduck, F|
|teampreview
|inactive|Battle timer is ON: inactive players will automatically lose when time's up. (requested by eserraba)
|
|t:|1779965359
|teamsize|p1|6
|teamsize|p2|6
|start
|switch|p1a: Rotom|Rotom-Wash|100/100
|switch|p2a: Shiftry|Shiftry, F|100/100
|turn|1
|
|t:|1779965375
|switch|p1a: Swampert|Swampert, M|100/100
|move|p2a: Shiftry|Leaf Blade|p1a: Swampert
|-supereffective|p1a: Swampert
|-damage|p1a: Swampert|0 fnt
|faint|p1a: Swampert
|
|upkeep
|
|t:|1779965386
|switch|p1a: Corviknight|Corviknight, F|100/100
|-ability|p1a: Corviknight|Pressure
|turn|2
|
|t:|1779965392
|switch|p2a: Seviper|Seviper, M|100/100
|move|p1a: Corviknight|Brave Bird|p2a: Seviper
|-damage|p2a: Seviper|10/100
|-damage|p1a: Corviknight|75/100|[from] Recoil
|
|upkeep
|turn|3
|
|t:|1779965410
|move|p2a: Seviper|Switcheroo|p1a: Corviknight
|-activate|p2a: Seviper|move: Trick|[of] p1a: Corviknight
|-item|p1a: Corviknight|Choice Scarf|[from] move: Switcheroo
|-enditem|p2a: Seviper|Choice Scarf|[silent]|[from] move: Switcheroo
|move|p1a: Corviknight|Brave Bird|p2a: Seviper
|-damage|p2a: Seviper|0 fnt
|faint|p2a: Seviper
|-damage|p1a: Corviknight|73/100|[from] Recoil
|
|upkeep
|
|t:|1779965417
|switch|p2a: Volbeat|Volbeat, M|100/100
|turn|4
|
|t:|1779965422
|move|p1a: Corviknight|Brave Bird|p2a: Volbeat
|-supereffective|p2a: Volbeat
|-damage|p2a: Volbeat|19/100
|-damage|p1a: Corviknight|47/100|[from] Recoil
|-enditem|p2a: Volbeat|Red Card|[of] p1a: Corviknight
|drag|p1a: Zapdos|Zapdos, shiny|100/100
|move|p2a: Volbeat|Counter|p1a: Zapdos
|-damage|p1a: Zapdos|0 fnt
|faint|p1a: Zapdos
|
|upkeep
|
|t:|1779965437
|switch|p1a: Corviknight|Corviknight, F|47/100
|-ability|p1a: Corviknight|Pressure
|turn|5
|
|t:|1779965447
|switch|p2a: Eelektross|Eelektross, M|100/100
|move|p1a: Corviknight|Brave Bird|p2a: Eelektross
|-resisted|p2a: Eelektross
|-damage|p2a: Eelektross|73/100
|-damage|p1a: Corviknight|37/100|[from] Recoil
|
|upkeep
|turn|6
|
|t:|1779965465
|switch|p1a: Hoopa|Hoopa-Unbound|100/100
|move|p2a: Eelektross|Supercell Slam|p1a: Hoopa
|-damage|p1a: Hoopa|6/100
|
|-heal|p1a: Hoopa|12/100|[from] item: Leftovers
|upkeep
|turn|7
|
|t:|1779965481
|move|p1a: Hoopa|Rest|p1a: Hoopa
|-status|p1a: Hoopa|slp|[from] move: Rest
|-heal|p1a: Hoopa|100/100 slp|[silent]
|move|p2a: Eelektross|U-turn|p1a: Hoopa
|-supereffective|p1a: Hoopa
|-damage|p1a: Hoopa|0 fnt
|faint|p1a: Hoopa
|
|t:|1779965499
|switch|p2a: Volbeat|Volbeat, M|19/100|[from] U-turn
|
|upkeep
|
|t:|1779965506
|switch|p1a: Rotom|Rotom-Wash|100/100
|turn|8
|
|t:|1779965521
|move|p2a: Volbeat|Light Screen|p2a: Volbeat
|-sidestart|p2: eserraba|move: Light Screen
|move|p1a: Rotom|Hydro Pump|p2a: Volbeat
|-damage|p2a: Volbeat|0 fnt
|faint|p2a: Volbeat
|
|upkeep
|
|t:|1779965530
|switch|p2a: Masquerain|Masquerain, M|100/100
|-ability|p2a: Masquerain|Intimidate|boost
|-unboost|p1a: Rotom|atk|1
|turn|9
|
|t:|1779965539
|-terastallize|p2a: Masquerain|Ground
|move|p2a: Masquerain|Quiver Dance|p2a: Masquerain
|-boost|p2a: Masquerain|spa|1
|-boost|p2a: Masquerain|spd|1
|-boost|p2a: Masquerain|spe|1
|move|p1a: Rotom|Will-O-Wisp|p2a: Masquerain|[miss]
|-miss|p1a: Rotom|p2a: Masquerain
|
|upkeep
|turn|10
|
|t:|1779965552
|move|p2a: Masquerain|Quiver Dance|p2a: Masquerain
|-boost|p2a: Masquerain|spa|1
|-boost|p2a: Masquerain|spd|1
|-boost|p2a: Masquerain|spe|1
|move|p1a: Rotom|Hydro Pump|p2a: Masquerain
|-supereffective|p2a: Masquerain
|-damage|p2a: Masquerain|65/100
|
|upkeep
|turn|11
|
|t:|1779965561
|move|p2a: Masquerain|Giga Drain|p1a: Rotom
|-supereffective|p1a: Rotom
|-crit|p1a: Rotom
|-damage|p1a: Rotom|0 fnt
|-heal|p2a: Masquerain|100/100|[from] drain|[of] p1a: Rotom
|faint|p1a: Rotom
|
|upkeep
|
|t:|1779965568
|switch|p1a: Regigigas|Regigigas|100/100
|-start|p1a: Regigigas|ability: Slow Start
|turn|12
|inactive|Re22pect has 120 seconds left.
|inactive|Re22pect has 90 seconds left.
|c|☆eserraba|zZzZZzzZzZzzz
|
|t:|1779965634
|move|p2a: Masquerain|Ice Beam|p1a: Regigigas
|-damage|p1a: Regigigas|59/100
|move|p1a: Regigigas|Body Slam|p2a: Masquerain
|-damage|p2a: Masquerain|48/100
|
|-sideend|p2: eserraba|move: Light Screen
|upkeep
|turn|13
|inactive|Re22pect has 90 seconds left.
|
|t:|1779965653
|switch|p1a: Corviknight|Corviknight, F|37/100
|-ability|p1a: Corviknight|Pressure
|move|p2a: Masquerain|Giga Drain|p1a: Corviknight
|-resisted|p1a: Corviknight
|-damage|p1a: Corviknight|23/100
|-heal|p2a: Masquerain|56/100|[from] drain|[of] p1a: Corviknight
|
|upkeep
|turn|14
|
|t:|1779965666
|move|p2a: Masquerain|Ice Beam|p1a: Corviknight
|-damage|p1a: Corviknight|0 fnt
|faint|p1a: Corviknight
|
|upkeep
|
|t:|1779965679
|switch|p1a: Regigigas|Regigigas|59/100
|-start|p1a: Regigigas|ability: Slow Start
|turn|15
|
|t:|1779965686
|move|p2a: Masquerain|Giga Drain|p1a: Regigigas
|-damage|p1a: Regigigas|25/100
|-heal|p2a: Masquerain|81/100|[from] drain|[of] p1a: Regigigas
|move|p1a: Regigigas|Earthquake|p2a: Masquerain
|-damage|p2a: Masquerain|42/100
|
|upkeep
|turn|16
|
|t:|1779965714
|move|p2a: Masquerain|Ice Beam|p1a: Regigigas
|-damage|p1a: Regigigas|0 fnt
|faint|p1a: Regigigas
|-end|p1a: Regigigas|Slow Start|[silent]
|
|win|eserraba
|raw|Re22pect's rating: 1094 &rarr; <strong>1072</strong><br />(-22 for losing)
|raw|eserraba's rating: 1130 &rarr; <strong>1152</strong><br />(+22 for winning)
|l|☆eserraba
|player|p2|
|l|☆Re22pect
|player|p1|
