|j|☆graytoast_
|j|☆pigperfect9831
|t:|1779922103
|gametype|singles
|player|p1|graytoast_|101|1477
|player|p2|pigperfect9831|workerice|1609
|gen|9
|tier|[Gen 9] OU
|rated|
|rule|HP Percentage Mod: HP is shown in percentages
|rule|Endless Battle Clause: Forcing endless battles is banned
|rule|Species Clause: Limit one of each Pokémon
|rule|OHKO Clause: OHKO moves are banned
|rule|Evasion Items Clause: Evasion items are banned
|rule|Evasion Moves Clause: Evasion moves are banned
|rule|Evasion Abilities Clause: Evasion abilities are banned
|rule|Sleep Moves Clause: Sleep-inducing moves are banned
|clearpoke
|poke|p1|Great Tusk|
|poke|p1|Hydrapple, F|
|poke|p1|Lokix, M|
|poke|p1|Samurott-Hisui, M|
|poke|p1|Hatterene, F|
|poke|p1|Iron Moth|
|poke|p2|Great Tusk|
|poke|p2|Hatterene, F|
|poke|p2|Ninetales, M|
|poke|p2|Salamence, M|
|poke|p2|Slither Wing|
|poke|p2|Walking Wake|
|teampreview
|
|t:|1779922119
|teamsize|p1|6
|teamsize|p2|6
|start
|switch|p1a: Lokix|Lokix, M|100/100
|switch|p2a: Ninetales|Ninetales, M|100/100
|-weather|SunnyDay|[from] ability: Drought|[of] p2a: Ninetales
|turn|1
|
|t:|1779922136
|switch|p2a: Slither Wing|Slither Wing|100/100
|-activate|p2a: Slither Wing|ability: Protosynthesis
|-start|p2a: Slither Wing|protosynthesisatk
|switch|p1a: Hatterene|Hatterene, F|100/100
|
|-weather|SunnyDay|[upkeep]
|upkeep
|turn|2
|
|t:|1779922140
|move|p2a: Slither Wing|U-turn|p1a: Hatterene
|-damage|p1a: Hatterene|68/100
|-enditem|p1a: Hatterene|Eject Button
|
|t:|1779922159
|switch|p1a: Great Tusk|Great Tusk|100/100
|-activate|p1a: Great Tusk|ability: Protosynthesis
|-start|p1a: Great Tusk|protosynthesisatk
|
|-weather|SunnyDay|[upkeep]
|upkeep
|turn|3
|
|t:|1779922170
|move|p1a: Great Tusk|Ice Spinner|p2a: Slither Wing
|-damage|p2a: Slither Wing|67/100
|-damage|p1a: Great Tusk|84/100|[from] item: Rocky Helmet|[of] p2a: Slither Wing
|move|p2a: Slither Wing|Will-O-Wisp|p1a: Great Tusk
|-status|p1a: Great Tusk|brn
|
|-weather|SunnyDay|[upkeep]
|-damage|p1a: Great Tusk|78/100 brn|[from] brn
|upkeep
|turn|4
|
|t:|1779922173
|move|p1a: Great Tusk|Ice Spinner|p2a: Slither Wing
|-damage|p2a: Slither Wing|52/100
|-damage|p1a: Great Tusk|61/100 brn|[from] item: Rocky Helmet|[of] p2a: Slither Wing
|move|p2a: Slither Wing|Morning Sun|p2a: Slither Wing
|-heal|p2a: Slither Wing|100/100
|
|-weather|SunnyDay|[upkeep]
|-damage|p1a: Great Tusk|55/100 brn|[from] brn
|upkeep
|turn|5
|
|t:|1779922186
|-end|p1a: Great Tusk|Protosynthesis|[silent]
|switch|p1a: Hydrapple|Hydrapple, F|100/100
|-end|p2a: Slither Wing|Protosynthesis|[silent]
|switch|p2a: Hatterene|Hatterene, F|100/100
|
|-weather|SunnyDay|[upkeep]
|upkeep
|turn|6
|
|t:|1779922192
|switch|p1a: Hatterene|Hatterene, F|68/100
|move|p2a: Hatterene|Psychic Noise|p1a: Hatterene
|-resisted|p1a: Hatterene
|-damage|p1a: Hatterene|53/100
|-start|p1a: Hatterene|move: Heal Block
|
|-weather|SunnyDay|[upkeep]
|upkeep
|turn|7
|
|t:|1779922196
|switch|p2a: Great Tusk|Great Tusk|100/100
|-activate|p2a: Great Tusk|ability: Protosynthesis
|-start|p2a: Great Tusk|protosynthesisatk
|move|p1a: Hatterene|Nuzzle|p2a: Great Tusk
|-immune|p2a: Great Tusk
|
|-weather|SunnyDay|[upkeep]
|-end|p1a: Hatterene|move: Heal Block
|upkeep
|turn|8
|
|t:|1779922200
|move|p2a: Great Tusk|Ice Spinner|p1a: Hatterene
|-damage|p1a: Hatterene|22/100
|move|p1a: Hatterene|Psychic Noise|p2a: Great Tusk
|-supereffective|p2a: Great Tusk
|-damage|p2a: Great Tusk|3/100
|-start|p2a: Great Tusk|move: Heal Block
|
|-weather|none
|-end|p2a: Great Tusk|Protosynthesis
|upkeep
|turn|9
|
|t:|1779922205
|move|p2a: Great Tusk|Stealth Rock|p1a: Hatterene
|move|p1a: Hatterene|Stealth Rock|p2a: Great Tusk|[from] ability: Magic Bounce
|-sidestart|p2: pigperfect9831|move: Stealth Rock
|move|p1a: Hatterene|Healing Wish|p1a: Hatterene
|faint|p1a: Hatterene
|
|-end|p2a: Great Tusk|move: Heal Block
|upkeep
|
|t:|1779922208
|switch|p1a: Great Tusk|Great Tusk|55/100 brn
|-heal|p1a: Great Tusk|100/100|[from] move: Healing Wish
|turn|10
|
|t:|1779922214
|-end|p2a: Great Tusk|Protosynthesis|[silent]
|switch|p2a: Slither Wing|Slither Wing|100/100
|-damage|p2a: Slither Wing|88/100|[from] Stealth Rock
|move|p1a: Great Tusk|Rapid Spin|p2a: Slither Wing
|-damage|p2a: Slither Wing|73/100
|-boost|p1a: Great Tusk|spe|1
|-damage|p1a: Great Tusk|84/100|[from] item: Rocky Helmet|[of] p2a: Slither Wing
|
|upkeep
|turn|11
|
|t:|1779922220
|-end|p1a: Great Tusk|Protosynthesis|[silent]
|switch|p1a: Hydrapple|Hydrapple, F|100/100
|move|p2a: Slither Wing|U-turn|p1a: Hydrapple
|-supereffective|p1a: Hydrapple
|-damage|p1a: Hydrapple|64/100
|
|t:|1779922222
|-end|p2a: Slither Wing|Protosynthesis|[silent]
|switch|p2a: Hatterene|Hatterene, F|100/100|[from] U-turn
|-damage|p2a: Hatterene|88/100|[from] Stealth Rock
|
|upkeep
|turn|12
|
|t:|1779922234
|switch|p1a: Samurott|Samurott-Hisui, M|100/100
|move|p2a: Hatterene|Draining Kiss|p1a: Samurott
|-supereffective|p1a: Samurott
|-damage|p1a: Samurott|68/100
|-heal|p2a: Hatterene|100/100|[from] drain|[of] p1a: Samurott
|
|upkeep
|turn|13
|
|t:|1779922252
|move|p1a: Samurott|Ceaseless Edge|p2a: Hatterene
|-damage|p2a: Hatterene|63/100
|-sidestart|p2: pigperfect9831|Spikes
|-enditem|p2a: Hatterene|Eject Button
|
|t:|1779922261
|switch|p2a: Ninetales|Ninetales, M|100/100
|-damage|p2a: Ninetales|76/100|[from] Stealth Rock
|-damage|p2a: Ninetales|63/100|[from] Spikes
|-weather|SunnyDay|[from] ability: Drought|[of] p2a: Ninetales
|
|-weather|SunnyDay|[upkeep]
|upkeep
|turn|14
|
|t:|1779922268
|move|p2a: Ninetales|Healing Wish|p2a: Ninetales
|faint|p2a: Ninetales
|move|p1a: Samurott|Ceaseless Edge|p2: Ninetales|[notarget]
|-fail|p1a: Samurott
|
|-weather|SunnyDay|[upkeep]
|upkeep
|
|t:|1779922271
|switch|p2a: Great Tusk|Great Tusk|3/100
|-heal|p2a: Great Tusk|100/100|[from] move: Healing Wish
|-activate|p2a: Great Tusk|ability: Protosynthesis
|-start|p2a: Great Tusk|protosynthesisatk
|turn|15
|
|t:|1779922279
|move|p2a: Great Tusk|Headlong Rush|p1a: Samurott
|-damage|p1a: Samurott|0 fnt
|-unboost|p2a: Great Tusk|def|1
|-unboost|p2a: Great Tusk|spd|1
|faint|p1a: Samurott
|
|-weather|SunnyDay|[upkeep]
|upkeep
|
|t:|1779922289
|switch|p1a: Great Tusk|Great Tusk|84/100
|-activate|p1a: Great Tusk|ability: Protosynthesis
|-start|p1a: Great Tusk|protosynthesisatk
|turn|16
|
|t:|1779922292
|move|p1a: Great Tusk|Ice Spinner|p2a: Great Tusk
|-supereffective|p2a: Great Tusk
|-damage|p2a: Great Tusk|6/100
|move|p2a: Great Tusk|Rapid Spin|p1a: Great Tusk
|-damage|p1a: Great Tusk|66/100
|-boost|p2a: Great Tusk|spe|1
|-sideend|p2: pigperfect9831|Spikes|[from] move: Rapid Spin|[of] p2a: Great Tusk
|-sideend|p2: pigperfect9831|Stealth Rock|[from] move: Rapid Spin|[of] p2a: Great Tusk
|
|-weather|SunnyDay|[upkeep]
|upkeep
|turn|17
|
|t:|1779922295
|move|p2a: Great Tusk|Ice Spinner|p1a: Great Tusk
|-supereffective|p1a: Great Tusk
|-damage|p1a: Great Tusk|9/100
|move|p1a: Great Tusk|Ice Spinner|p2a: Great Tusk
|-supereffective|p2a: Great Tusk
|-damage|p2a: Great Tusk|0 fnt
|faint|p2a: Great Tusk
|-end|p2a: Great Tusk|Protosynthesis|[silent]
|
|-weather|SunnyDay|[upkeep]
|upkeep
|
|t:|1779922307
|switch|p2a: Salamence|Salamence, M|100/100
|turn|18
|
|t:|1779922327
|move|p2a: Salamence|Dual Wingbeat|p1a: Great Tusk
|-supereffective|p1a: Great Tusk
|-damage|p1a: Great Tusk|0 fnt
|faint|p1a: Great Tusk
|-end|p1a: Great Tusk|Protosynthesis|[silent]
|-ability|p2a: Salamence|Moxie|boost
|-boost|p2a: Salamence|atk|1
|-hitcount|p1: Great Tusk|1
|
|-weather|SunnyDay|[upkeep]
|upkeep
|
|t:|1779922341
|switch|p1a: Iron Moth|Iron Moth|100/100
|-enditem|p1a: Iron Moth|Booster Energy
|-activate|p1a: Iron Moth|ability: Quark Drive|[fromitem]
|-start|p1a: Iron Moth|quarkdrivespe
|turn|19
|
|t:|1779922352
|move|p1a: Iron Moth|Dazzling Gleam|p2a: Salamence
|-supereffective|p2a: Salamence
|-crit|p2a: Salamence
|-damage|p2a: Salamence|4/100
|move|p2a: Salamence|Dual Wingbeat|p1a: Iron Moth
|-damage|p1a: Iron Moth|53/100
|-damage|p1a: Iron Moth|6/100
|-hitcount|p1a: Iron Moth|2
|
|-weather|SunnyDay|[upkeep]
|upkeep
|turn|20
|
|t:|1779922362
|switch|p2a: Hatterene|Hatterene, F|63/100
|move|p1a: Iron Moth|Dazzling Gleam|p2a: Hatterene
|-damage|p2a: Hatterene|35/100
|
|-weather|none
|upkeep
|turn|21
|
|t:|1779922367
|move|p1a: Iron Moth|Sludge Wave|p2a: Hatterene
|-supereffective|p2a: Hatterene
|-damage|p2a: Hatterene|0 fnt
|faint|p2a: Hatterene
|
|upkeep
|
|t:|1779922369
|switch|p2a: Slither Wing|Slither Wing|73/100
|turn|22
|
|t:|1779922380
|move|p2a: Slither Wing|First Impression|p1a: Iron Moth
|-resisted|p1a: Iron Moth
|-damage|p1a: Iron Moth|0 fnt
|faint|p1a: Iron Moth
|-end|p1a: Iron Moth|Quark Drive|[silent]
|
|upkeep
|
|t:|1779922382
|switch|p1a: Lokix|Lokix, M|100/100
|turn|23
|
|t:|1779922419
|move|p1a: Lokix|U-turn|p2a: Slither Wing
|-resisted|p2a: Slither Wing
|-damage|p2a: Slither Wing|34/100
|-damage|p1a: Lokix|84/100|[from] item: Rocky Helmet|[of] p2a: Slither Wing
|
|t:|1779922421
|switch|p1a: Hydrapple|Hydrapple, F|98/100|[from] U-turn
|move|p2a: Slither Wing|U-turn|p1a: Hydrapple
|-supereffective|p1a: Hydrapple
|-crit|p1a: Hydrapple
|-damage|p1a: Hydrapple|46/100
|
|t:|1779922429
|-end|p2a: Slither Wing|Protosynthesis|[silent]
|switch|p2a: Salamence|Salamence, M|4/100|[from] U-turn
|
|upkeep
|turn|24
|
|t:|1779922438
|-terastallize|p1a: Hydrapple|Ghost
|move|p2a: Salamence|Outrage|p1a: Hydrapple
|-damage|p1a: Hydrapple|7/100
|move|p1a: Hydrapple|Giga Drain|p2a: Salamence
|-resisted|p2a: Salamence
|-damage|p2a: Salamence|0 fnt
|-heal|p1a: Hydrapple|8/100|[from] drain|[of] p2a: Salamence
|faint|p2a: Salamence
|
|upkeep
|
|t:|1779922442
|switch|p2a: Walking Wake|Walking Wake|100/100
|turn|25
|
|t:|1779922452
|switch|p1a: Lokix|Lokix, M|84/100
|move|p2a: Walking Wake|Flamethrower|p1a: Lokix
|-supereffective|p1a: Lokix
|-damage|p1a: Lokix|0 fnt
|faint|p1a: Lokix
|
|upkeep
|
|t:|1779922453
|switch|p1a: Hydrapple|Hydrapple, F, tera:Ghost|42/100
|turn|26
|
|t:|1779922459
|-end|p2a: Walking Wake|Protosynthesis|[silent]
|switch|p2a: Slither Wing|Slither Wing|34/100
|move|p1a: Hydrapple|Fickle Beam|p2a: Slither Wing
|-damage|p2a: Slither Wing|8/100
|
|upkeep
|turn|27
|
|t:|1779922462
|move|p2a: Slither Wing|First Impression|p1a: Hydrapple
|-resisted|p1a: Hydrapple
|-damage|p1a: Hydrapple|30/100
|move|p1a: Hydrapple|Fickle Beam|p2a: Slither Wing
|-damage|p2a: Slither Wing|0 fnt
|faint|p2a: Slither Wing
|-end|p2a: Slither Wing|Protosynthesis|[silent]
|
|upkeep
|
|t:|1779922464
|switch|p2a: Walking Wake|Walking Wake|100/100
|turn|28
|
|t:|1779922465
|-terastallize|p2a: Walking Wake|Water
|move|p2a: Walking Wake|Hydro Steam|p1a: Hydrapple
|-damage|p1a: Hydrapple|0 fnt
|faint|p1a: Hydrapple
|
|win|pigperfect9831
|raw|graytoast_'s rating: 1477 &rarr; <strong>1464</strong><br />(-13 for losing)
|raw|pigperfect9831's rating: 1609 &rarr; <strong>1622</strong><br />(+13 for winning)
|c|☆pigperfect9831|gg
|l|☆graytoast_
|player|p1|
|l|☆pigperfect9831
|player|p2|
