|j|☆kazaboy
|j|☆Gloryboykeef
|t:|1779918407
|gametype|singles
|player|p1|kazaboy|bruno|1196
|player|p2|Gloryboykeef|policeman-gen4|1189
|gen|9
|tier|[Gen 9] OU
|rated|
|rule|HP Percentage Mod: HP is shown in percentages
|rule|Endless Battle Clause: Forcing endless battles is banned
|rule|Species Clause: Limit one of each Pokémon
|rule|OHKO Clause: OHKO moves are banned
|rule|Evasion Items Clause: Evasion items are banned
|rule|Evasion Moves Clause: Evasion moves are banned
|rule|Evasion Abilities Clause: Evasion abilities are banned
|rule|Sleep Moves Clause: Sleep-inducing moves are banned
|clearpoke
|poke|p1|Great Tusk|
|poke|p1|Greninja-*, M|
|poke|p1|Slowbro, M|
|poke|p1|Ting-Lu|
|poke|p1|Misdreavus, M|
|poke|p1|Grafaiai, F|
|poke|p2|Pelipper, M|
|poke|p2|Barraskewda, F|
|poke|p2|Thundurus-Therian, M|
|poke|p2|Kingdra, F|
|poke|p2|Tentacruel, M|
|poke|p2|Slaking, M|
|teampreview
|inactive|Battle timer is ON: inactive players will automatically lose when time's up. (requested by Gloryboykeef)
|inactive|kazaboy also wants the timer to be on.
|
|t:|1779918421
|teamsize|p1|6
|teamsize|p2|6
|start
|switch|p1a: Slowbro|Slowbro, M, shiny|100/100
|switch|p2a: Slaking|Slaking, M, shiny|100/100
|turn|1
|
|t:|1779918436
|switch|p1a: Ting-Lu|Ting-Lu, shiny|100/100
|-ability|p1a: Ting-Lu|Vessel of Ruin
|move|p2a: Slaking|Knock Off|p1a: Ting-Lu
|-resisted|p1a: Ting-Lu
|-damage|p1a: Ting-Lu|86/100
|-enditem|p1a: Ting-Lu|Leftovers|[from] move: Knock Off|[of] p2a: Slaking
|
|upkeep
|turn|2
|
|t:|1779918451
|switch|p2a: Pelipper|Pelipper, M|100/100
|-weather|RainDance|[from] ability: Drizzle|[of] p2a: Pelipper
|move|p1a: Ting-Lu|Stealth Rock|p2a: Pelipper
|-sidestart|p2: Gloryboykeef|move: Stealth Rock
|
|-weather|RainDance|[upkeep]
|upkeep
|turn|3
|
|t:|1779918455
|move|p2a: Pelipper|U-turn|p1a: Ting-Lu
|-supereffective|p1a: Ting-Lu
|-damage|p1a: Ting-Lu|79/100
|
|t:|1779918468
|switch|p2a: Tentacruel|Tentacruel, M, shiny|100/100|[from] U-turn
|-damage|p2a: Tentacruel|88/100|[from] Stealth Rock
|move|p1a: Ting-Lu|Spikes|p2a: Tentacruel
|-sidestart|p2: Gloryboykeef|Spikes
|
|-weather|RainDance|[upkeep]
|-heal|p2a: Tentacruel|94/100|[from] ability: Rain Dish
|-heal|p2a: Tentacruel|99/100|[from] item: Leftovers
|upkeep
|turn|4
|
|t:|1779918474
|move|p2a: Tentacruel|Rapid Spin|p1a: Ting-Lu
|-damage|p1a: Ting-Lu|76/100
|-boost|p2a: Tentacruel|spe|1
|-sideend|p2: Gloryboykeef|Spikes|[from] move: Rapid Spin|[of] p2a: Tentacruel
|-sideend|p2: Gloryboykeef|Stealth Rock|[from] move: Rapid Spin|[of] p2a: Tentacruel
|move|p1a: Ting-Lu|Earthquake|p2a: Tentacruel
|-supereffective|p2a: Tentacruel
|-damage|p2a: Tentacruel|0 fnt
|faint|p2a: Tentacruel
|
|-weather|RainDance|[upkeep]
|upkeep
|
|t:|1779918480
|switch|p2a: Kingdra|Kingdra, F|100/100
|turn|5
|
|t:|1779918492
|move|p2a: Kingdra|Hydro Pump|p1a: Ting-Lu
|-supereffective|p1a: Ting-Lu
|-damage|p1a: Ting-Lu|0 fnt
|faint|p1a: Ting-Lu
|
|-weather|RainDance|[upkeep]
|upkeep
|
|t:|1779918495
|switch|p1a: Slowbro|Slowbro, M, shiny|100/100
|turn|6
|
|t:|1779918499
|switch|p2a: Slaking|Slaking, M, shiny|100/100
|move|p1a: Slowbro|Future Sight|p2a: Slaking
|-start|p1a: Slowbro|move: Future Sight
|
|-weather|RainDance|[upkeep]
|upkeep
|turn|7
|
|t:|1779918505
|switch|p1a: Great Tusk|Great Tusk, shiny|100/100
|move|p2a: Slaking|Knock Off|p1a: Great Tusk
|-resisted|p1a: Great Tusk
|-damage|p1a: Great Tusk|82/100
|-enditem|p1a: Great Tusk|Assault Vest|[from] move: Knock Off|[of] p2a: Slaking
|
|-weather|RainDance|[upkeep]
|upkeep
|turn|8
|
|t:|1779918522
|switch|p2a: Pelipper|Pelipper, M|100/100
|move|p1a: Great Tusk|Ice Spinner|p2a: Pelipper
|-damage|p2a: Pelipper|78/100
|
|-weather|RainDance|[upkeep]
|-end|p2a: Pelipper|move: Future Sight
|-damage|p2a: Pelipper|11/100
|upkeep
|turn|9
|
|t:|1779918528
|-end|p1a: Great Tusk|Protosynthesis|[silent]
|switch|p1a: Slowbro|Slowbro, M, shiny|100/100
|move|p2a: Pelipper|Hurricane|p1a: Slowbro
|-damage|p1a: Slowbro|63/100
|
|-weather|none
|upkeep
|turn|10
|
|t:|1779918540
|switch|p2a: Kingdra|Kingdra, F|100/100
|move|p1a: Slowbro|Future Sight|p2a: Kingdra
|-start|p1a: Slowbro|move: Future Sight
|
|upkeep
|turn|11
|
|t:|1779918548
|move|p2a: Kingdra|Draco Meteor|p1a: Slowbro
|-damage|p1a: Slowbro|0 fnt
|-unboost|p2a: Kingdra|spa|2
|faint|p1a: Slowbro
|
|upkeep
|
|t:|1779918567
|switch|p1a: Grafaiai|Grafaiai, F|100/100
|turn|12
|
|t:|1779918572
|switch|p2a: Pelipper|Pelipper, M|11/100
|-weather|RainDance|[from] ability: Drizzle|[of] p2a: Pelipper
|move|p1a: Grafaiai|Gunk Shot|p2a: Pelipper
|-damage|p2a: Pelipper|0 fnt
|faint|p2a: Pelipper
|-damage|p1a: Grafaiai|91/100|[from] item: Life Orb
|
|-weather|RainDance|[upkeep]
|-hint|Future Sight did not hit because the target is fainted.
|upkeep
|
|t:|1779918579
|switch|p2a: Barraskewda|Barraskewda, F, shiny|100/100
|turn|13
|
|t:|1779918585
|move|p1a: Grafaiai|Parting Shot|p2a: Barraskewda
|-unboost|p2a: Barraskewda|atk|1
|-unboost|p2a: Barraskewda|spa|1
|
|t:|1779918588
|switch|p1a: Misdreavus|Misdreavus, M, shiny|100/100|[from] Parting Shot
|move|p2a: Barraskewda|Liquidation|p1a: Misdreavus
|-damage|p1a: Misdreavus|53/100
|-damage|p2a: Barraskewda|91/100|[from] item: Life Orb
|
|-weather|RainDance|[upkeep]
|upkeep
|turn|14
|
|t:|1779918598
|move|p2a: Barraskewda|Flip Turn|p1a: Misdreavus
|-damage|p1a: Misdreavus|17/100
|-damage|p2a: Barraskewda|81/100|[from] item: Life Orb
|
|t:|1779918604
|switch|p2a: Thundurus|Thundurus-Therian, M|100/100|[from] Flip Turn
|move|p1a: Misdreavus|Will-O-Wisp|p2a: Thundurus
|-status|p2a: Thundurus|brn
|
|-weather|RainDance|[upkeep]
|-damage|p2a: Thundurus|94/100 brn|[from] brn
|upkeep
|turn|15
|
|t:|1779918612
|switch|p1a: Great Tusk|Great Tusk, shiny|82/100
|move|p2a: Thundurus|Weather Ball|p1a: Great Tusk
|-supereffective|p1a: Great Tusk
|-damage|p1a: Great Tusk|0 fnt
|faint|p1a: Great Tusk
|-end|p1a: Great Tusk|Protosynthesis|[silent]
|
|-weather|RainDance|[upkeep]
|-damage|p2a: Thundurus|88/100 brn|[from] brn
|upkeep
|
|t:|1779918618
|switch|p1a: Misdreavus|Misdreavus, M, shiny|17/100
|turn|16
|
|t:|1779918621
|move|p2a: Thundurus|Weather Ball|p1a: Misdreavus
|-damage|p1a: Misdreavus|0 fnt
|faint|p1a: Misdreavus
|
|-weather|RainDance|[upkeep]
|-damage|p2a: Thundurus|82/100 brn|[from] brn
|upkeep
|
|t:|1779918624
|switch|p1a: Grafaiai|Grafaiai, F|91/100
|turn|17
|
|t:|1779918632
|move|p2a: Thundurus|Weather Ball|p1a: Grafaiai
|-damage|p1a: Grafaiai|3/100
|move|p1a: Grafaiai|Gunk Shot|p2a: Thundurus
|-damage|p2a: Thundurus|0 fnt
|faint|p2a: Thundurus
|-damage|p1a: Grafaiai|0 fnt|[from] item: Life Orb
|faint|p1a: Grafaiai
|
|-weather|RainDance|[upkeep]
|upkeep
|
|t:|1779918640
|switch|p1a: Greninja|Greninja, M|100/100
|switch|p2a: Barraskewda|Barraskewda, F, shiny|81/100
|turn|18
|
|t:|1779918648
|-terastallize|p1a: Greninja|Water
|move|p2a: Barraskewda|Close Combat|p1a: Greninja
|-damage|p1a: Greninja|8/100
|-unboost|p2a: Barraskewda|def|1
|-unboost|p2a: Barraskewda|spd|1
|-damage|p2a: Barraskewda|71/100|[from] item: Life Orb
|move|p1a: Greninja|Dark Pulse|p2a: Barraskewda
|-damage|p2a: Barraskewda|0 fnt
|faint|p2a: Barraskewda
|-ability|p1a: Greninja|Battle Bond|boost
|-boost|p1a: Greninja|atk|1
|-boost|p1a: Greninja|spa|1
|-boost|p1a: Greninja|spe|1
|-activate|p1a: Greninja|ability: Battle Bond
|
|-weather|RainDance|[upkeep]
|upkeep
|
|t:|1779918654
|switch|p2a: Kingdra|Kingdra, F|100/100
|turn|19
|
|t:|1779918661
|move|p1a: Greninja|Dark Pulse|p2a: Kingdra
|-damage|p2a: Kingdra|39/100
|move|p2a: Kingdra|Hurricane|p1a: Greninja
|-damage|p1a: Greninja|0 fnt
|faint|p1a: Greninja
|
|win|Gloryboykeef
|raw|kazaboy's rating: 1196 &rarr; <strong>1170</strong><br />(-26 for losing)
|raw|Gloryboykeef's rating: 1189 &rarr; <strong>1215</strong><br />(+26 for winning)
|l|☆kazaboy
|player|p1|
|l|☆Gloryboykeef
|player|p2|
