|j|☆YoSoyDelBronx
|j|☆Lesteria
|t:|1779957526
|gametype|singles
|player|p1|YoSoyDelBronx|noland|1271
|player|p2|Lesteria|waiter-gen4|1227
|gen|9
|tier|[Gen 9] OU
|rated|
|rule|HP Percentage Mod: HP is shown in percentages
|rule|Endless Battle Clause: Forcing endless battles is banned
|rule|Species Clause: Limit one of each Pokémon
|rule|OHKO Clause: OHKO moves are banned
|rule|Evasion Items Clause: Evasion items are banned
|rule|Evasion Moves Clause: Evasion moves are banned
|rule|Evasion Abilities Clause: Evasion abilities are banned
|rule|Sleep Moves Clause: Sleep-inducing moves are banned
|clearpoke
|poke|p1|Blaziken, M|
|poke|p1|Diancie|
|poke|p1|Torterra, F|
|poke|p1|Great Tusk|
|poke|p1|Ninetales, F|
|poke|p1|Cresselia, F|
|poke|p2|Great Tusk|
|poke|p2|Darkrai|
|poke|p2|Kingambit, F|
|poke|p2|Braviary-Hisui, M|
|poke|p2|Dragapult, F|
|poke|p2|Dragonite, F|
|teampreview
|inactive|Battle timer is ON: inactive players will automatically lose when time's up. (requested by Lesteria)
|
|t:|1779957550
|teamsize|p1|6
|teamsize|p2|6
|start
|switch|p1a: Ninetales|Ninetales, F|100/100
|switch|p2a: Tyrant|Dragonite, F|100/100
|-weather|SunnyDay|[from] ability: Drought|[of] p1a: Ninetales
|turn|1
|
|t:|1779957555
|move|p1a: Ninetales|Will-O-Wisp|p2a: Tyrant
|-status|p2a: Tyrant|brn
|move|p2a: Tyrant|Dragon Dance|p2a: Tyrant
|-boost|p2a: Tyrant|atk|1
|-boost|p2a: Tyrant|spe|1
|
|-weather|SunnyDay|[upkeep]
|-damage|p2a: Tyrant|94/100 brn|[from] brn
|upkeep
|turn|2
|
|t:|1779957562
|move|p2a: Tyrant|Encore|p1a: Ninetales
|-start|p1a: Ninetales|Encore
|move|p1a: Ninetales|Will-O-Wisp|p2a: Tyrant
|-fail|p2a: Tyrant|brn
|
|-weather|SunnyDay|[upkeep]
|-damage|p2a: Tyrant|88/100 brn|[from] brn
|upkeep
|turn|3
|
|t:|1779957568
|switch|p1a: Capitán Salami|Blaziken, M, shiny|100/100
|move|p2a: Tyrant|Dragon Dance|p2a: Tyrant
|-boost|p2a: Tyrant|atk|1
|-boost|p2a: Tyrant|spe|1
|
|-weather|SunnyDay|[upkeep]
|-damage|p2a: Tyrant|82/100 brn|[from] brn
|upkeep
|turn|4
|
|t:|1779957575
|move|p2a: Tyrant|Dragon Dance|p2a: Tyrant
|-boost|p2a: Tyrant|atk|1
|-boost|p2a: Tyrant|spe|1
|move|p1a: Capitán Salami|Focus Energy|p1a: Capitán Salami
|-start|p1a: Capitán Salami|move: Focus Energy
|
|-weather|SunnyDay|[upkeep]
|-damage|p2a: Tyrant|76/100 brn|[from] brn
|-ability|p1a: Capitán Salami|Speed Boost|boost
|-boost|p1a: Capitán Salami|spe|1
|upkeep
|turn|5
|
|t:|1779957592
|switch|p1a: SimaSoyYo|Diancie, shiny|100/100
|move|p2a: Tyrant|Scale Shot|p1a: SimaSoyYo
|-immune|p1a: SimaSoyYo
|
|-weather|SunnyDay|[upkeep]
|-damage|p2a: Tyrant|70/100 brn|[from] brn
|upkeep
|turn|6
|
|t:|1779957603
|switch|p1a: Moony|Cresselia, F, shiny|100/100
|move|p2a: Tyrant|Fire Punch|p1a: Moony
|-damage|p1a: Moony|68/100
|-damage|p2a: Tyrant|53/100 brn|[from] item: Rocky Helmet|[of] p1a: Moony
|
|-weather|SunnyDay|[upkeep]
|-damage|p2a: Tyrant|47/100 brn|[from] brn
|upkeep
|turn|7
|
|t:|1779957610
|move|p2a: Tyrant|Scale Shot|p1a: Moony
|-damage|p1a: Moony|57/100
|-damage|p1a: Moony|46/100
|-damage|p1a: Moony|36/100
|-damage|p1a: Moony|26/100
|-hitcount|p1a: Moony|4
|-unboost|p2a: Tyrant|def|1
|-boost|p2a: Tyrant|spe|1
|move|p1a: Moony|Ice Beam|p2a: Tyrant
|-supereffective|p2a: Tyrant
|-damage|p2a: Tyrant|0 fnt
|faint|p2a: Tyrant
|
|-weather|SunnyDay|[upkeep]
|upkeep
|
|t:|1779957619
|switch|p2a: Behemoth|Great Tusk|100/100
|-activate|p2a: Behemoth|ability: Protosynthesis
|-start|p2a: Behemoth|protosynthesisatk
|turn|8
|
|t:|1779957626
|move|p2a: Behemoth|Rapid Spin|p1a: Moony
|-damage|p1a: Moony|14/100
|-boost|p2a: Behemoth|spe|1
|-damage|p2a: Behemoth|84/100|[from] item: Rocky Helmet|[of] p1a: Moony
|move|p1a: Moony|Trick Room|p1a: Moony
|-fieldstart|move: Trick Room|[of] p1a: Moony
|
|-weather|none
|-end|p2a: Behemoth|Protosynthesis
|upkeep
|turn|9
|
|t:|1779957635
|move|p1a: Moony|Psychic|p2a: Behemoth
|-supereffective|p2a: Behemoth
|-damage|p2a: Behemoth|11/100
|move|p2a: Behemoth|Rapid Spin|p1a: Moony
|-damage|p1a: Moony|4/100
|-boost|p2a: Behemoth|spe|1
|-damage|p2a: Behemoth|0 fnt|[from] item: Rocky Helmet|[of] p1a: Moony
|faint|p2a: Behemoth
|-end|p2a: Behemoth|Protosynthesis|[silent]
|
|upkeep
|
|t:|1779957640
|switch|p2a: Cosmic Owl|Braviary-Hisui, M, shiny|100/100
|turn|10
|
|t:|1779957644
|move|p2a: Cosmic Owl|Vacuum Wave|p1a: Moony
|-resisted|p1a: Moony
|-damage|p1a: Moony|0 fnt
|faint|p1a: Moony
|
|upkeep
|
|t:|1779957647
|switch|p1a: SimaSoyYo|Diancie, shiny|100/100
|turn|11
|
|t:|1779957653
|switch|p2a: overgod|Kingambit, F|100/100
|-activate|p2a: overgod|ability: Supreme Overlord
|-start|p2a: overgod|fallen2|[silent]
|-item|p2a: overgod|Air Balloon
|move|p1a: SimaSoyYo|Meteor Beam||[still]
|-prepare|p1a: SimaSoyYo|Meteor Beam
|-boost|p1a: SimaSoyYo|spa|1
|-enditem|p1a: SimaSoyYo|Power Herb
|-anim|p1a: SimaSoyYo|Meteor Beam|p2a: overgod
|-resisted|p2a: overgod
|-damage|p2a: overgod|59/100
|-enditem|p2a: overgod|Air Balloon
|
|upkeep
|turn|12
|
|t:|1779957663
|move|p1a: SimaSoyYo|Earth Power|p2a: overgod
|-supereffective|p2a: overgod
|-damage|p2a: overgod|0 fnt
|faint|p2a: overgod
|-end|p2a: overgod|fallen2|[silent]
|
|-fieldend|move: Trick Room
|upkeep
|c|☆Lesteria|is it iron balled?
|c|☆YoSoyDelBronx|No
|
|t:|1779957689
|switch|p2a: Yagami|Darkrai, shiny|100/100
|turn|13
|
|t:|1779957699
|move|p2a: Yagami|Ice Beam|p1a: SimaSoyYo
|-damage|p1a: SimaSoyYo|76/100
|move|p1a: SimaSoyYo|Moonblast|p2a: Yagami
|-supereffective|p2a: Yagami
|-damage|p2a: Yagami|0 fnt
|faint|p2a: Yagami
|
|upkeep
|c|☆Lesteria|gg
|-message|Lesteria forfeited.
|
|win|YoSoyDelBronx
|raw|YoSoyDelBronx's rating: 1271 &rarr; <strong>1293</strong><br />(+22 for winning)
|raw|Lesteria's rating: 1227 &rarr; <strong>1205</strong><br />(-22 for losing)
|l|☆Lesteria
|player|p2|
|l|☆YoSoyDelBronx
|player|p1|
