|j|☆AnOriginalName3
|j|☆tecerdo
|t:|1779859082
|gametype|singles
|player|p1|AnOriginalName3|richboy-gen4|1518
|player|p2|tecerdo|gentleman-gen4dp|1459
|gen|9
|tier|[Gen 9] OU
|rated|
|rule|HP Percentage Mod: HP is shown in percentages
|rule|Endless Battle Clause: Forcing endless battles is banned
|rule|Species Clause: Limit one of each Pokémon
|rule|OHKO Clause: OHKO moves are banned
|rule|Evasion Items Clause: Evasion items are banned
|rule|Evasion Moves Clause: Evasion moves are banned
|rule|Evasion Abilities Clause: Evasion abilities are banned
|rule|Sleep Moves Clause: Sleep-inducing moves are banned
|clearpoke
|poke|p1|Ogerpon, F|
|poke|p1|Gliscor, F|
|poke|p1|Volcanion|
|poke|p1|Salazzle, F|
|poke|p1|Slither Wing|
|poke|p1|Cinccino, M|
|poke|p2|Pelipper, F|
|poke|p2|Beartic, M|
|poke|p2|Barraskewda, F|
|poke|p2|Bellibolt, M|
|poke|p2|Toxicroak, M|
|poke|p2|Iron Treads|
|teampreview
|
|t:|1779859099
|teamsize|p1|6
|teamsize|p2|6
|start
|switch|p1a: Salazzle|Salazzle, F|100/100
|switch|p2a: Iron Treads|Iron Treads|100/100
|turn|1
|
|t:|1779859106
|move|p1a: Salazzle|Fire Blast|p2a: Iron Treads|[miss]
|-miss|p1a: Salazzle|p2a: Iron Treads
|move|p2a: Iron Treads|Earthquake|p1a: Salazzle
|-supereffective|p1a: Salazzle
|-damage|p1a: Salazzle|0 fnt
|faint|p1a: Salazzle
|
|upkeep
|
|t:|1779859110
|switch|p1a: Ogerpon|Ogerpon, F|100/100
|turn|2
|
|t:|1779859115
|-end|p2a: Iron Treads|Quark Drive|[silent]
|switch|p2a: Toxicroak|Toxicroak, M|100/100
|move|p1a: Ogerpon|Swords Dance|p1a: Ogerpon
|-boost|p1a: Ogerpon|atk|2
|
|upkeep
|turn|3
|
|t:|1779859123
|switch|p1a: Slither Wing|Slither Wing|100/100
|move|p2a: Toxicroak|Knock Off|p1a: Slither Wing
|-resisted|p1a: Slither Wing
|-damage|p1a: Slither Wing|91/100
|-damage|p2a: Toxicroak|84/100|[from] item: Rocky Helmet|[of] p1a: Slither Wing
|-enditem|p1a: Slither Wing|Rocky Helmet|[from] move: Knock Off|[of] p2a: Toxicroak
|
|upkeep
|turn|4
|
|t:|1779859128
|switch|p2a: Pelipper|Pelipper, F|100/100
|-weather|RainDance|[from] ability: Drizzle|[of] p2a: Pelipper
|move|p1a: Slither Wing|U-turn|p2a: Pelipper
|-resisted|p2a: Pelipper
|-damage|p2a: Pelipper|89/100
|
|t:|1779859130
|-end|p1a: Slither Wing|Protosynthesis|[silent]
|switch|p1a: Volcanion|Volcanion|100/100|[from] U-turn
|
|-weather|RainDance|[upkeep]
|upkeep
|turn|5
|
|t:|1779859142
|switch|p2a: Iron Treads|Iron Treads|100/100
|move|p1a: Volcanion|Steam Eruption|p2a: Iron Treads
|-supereffective|p2a: Iron Treads
|-damage|p2a: Iron Treads|0 fnt
|faint|p2a: Iron Treads
|-end|p2a: Iron Treads|Quark Drive|[silent]
|
|-weather|RainDance|[upkeep]
|upkeep
|
|t:|1779859143
|switch|p2a: Bellibolt|Bellibolt, M|100/100
|turn|6
|
|t:|1779859155
|move|p1a: Volcanion|Steam Eruption|p2a: Bellibolt
|-damage|p2a: Bellibolt|25/100
|-start|p2a: Bellibolt|Charge|Steam Eruption|[from] ability: Electromorphosis
|move|p2a: Bellibolt|Thunder|p1a: Volcanion
|-supereffective|p1a: Volcanion
|-damage|p1a: Volcanion|0 fnt
|faint|p1a: Volcanion
|-end|p2a: Bellibolt|Charge|[silent]
|
|-weather|RainDance|[upkeep]
|upkeep
|
|t:|1779859159
|switch|p1a: Ogerpon|Ogerpon, F|100/100
|turn|7
|
|t:|1779859164
|switch|p2a: Toxicroak|Toxicroak, M|84/100
|move|p1a: Ogerpon|Ivy Cudgel|p2a: Toxicroak
|-resisted|p2a: Toxicroak
|-crit|p2a: Toxicroak
|-damage|p2a: Toxicroak|49/100
|
|-weather|RainDance|[upkeep]
|-heal|p2a: Toxicroak|62/100|[from] ability: Dry Skin
|upkeep
|turn|8
|
|t:|1779859171
|move|p1a: Ogerpon|Swords Dance|p1a: Ogerpon
|-boost|p1a: Ogerpon|atk|2
|move|p2a: Toxicroak|Knock Off|p1a: Ogerpon
|-damage|p1a: Ogerpon|71/100
|-enditem|p1a: Ogerpon|Scope Lens|[from] move: Knock Off|[of] p2a: Toxicroak
|
|-weather|RainDance|[upkeep]
|-heal|p2a: Toxicroak|74/100|[from] ability: Dry Skin
|upkeep
|turn|9
|
|t:|1779859175
|move|p1a: Ogerpon|Encore|p2a: Toxicroak
|-start|p2a: Toxicroak|Encore
|move|p2a: Toxicroak|Knock Off|p1a: Ogerpon
|-damage|p1a: Ogerpon|51/100
|
|-weather|RainDance|[upkeep]
|-heal|p2a: Toxicroak|87/100|[from] ability: Dry Skin
|upkeep
|turn|10
|
|t:|1779859179
|move|p1a: Ogerpon|Ivy Cudgel|p2a: Toxicroak
|-resisted|p2a: Toxicroak
|-damage|p2a: Toxicroak|38/100
|move|p2a: Toxicroak|Knock Off|p1a: Ogerpon
|-damage|p1a: Ogerpon|29/100
|
|-weather|RainDance|[upkeep]
|-heal|p2a: Toxicroak|50/100|[from] ability: Dry Skin
|upkeep
|turn|11
|
|t:|1779859187
|-terastallize|p1a: Ogerpon|Grass
|detailschange|p1a: Ogerpon|Ogerpon-Teal-Tera, F, tera:Grass
|-ability|p1a: Ogerpon|Embody Aspect (Teal)|boost
|-boost|p1a: Ogerpon|spe|1
|move|p1a: Ogerpon|Ivy Cudgel|p2a: Toxicroak
|-resisted|p2a: Toxicroak
|-damage|p2a: Toxicroak|0 fnt
|faint|p2a: Toxicroak
|
|-weather|none
|upkeep
|
|t:|1779859190
|switch|p2a: Pelipper|Pelipper, F|89/100
|-weather|RainDance|[from] ability: Drizzle|[of] p2a: Pelipper
|turn|12
|
|t:|1779859201
|move|p1a: Ogerpon|Ivy Cudgel|p2a: Pelipper
|-damage|p2a: Pelipper|0 fnt
|faint|p2a: Pelipper
|
|-weather|RainDance|[upkeep]
|upkeep
|
|t:|1779859204
|switch|p2a: Barraskewda|Barraskewda, F|100/100
|turn|13
|
|t:|1779859210
|switch|p1a: Cinccino|Cinccino, M|100/100
|-terastallize|p2a: Barraskewda|Water
|move|p2a: Barraskewda|Liquidation|p1a: Cinccino
|-damage|p1a: Cinccino|0 fnt
|faint|p1a: Cinccino
|
|-weather|RainDance|[upkeep]
|upkeep
|
|t:|1779859219
|switch|p1a: Slither Wing|Slither Wing|91/100
|turn|14
|
|t:|1779859222
|switch|p2a: Bellibolt|Bellibolt, M|25/100
|move|p1a: Slither Wing|First Impression|p2a: Bellibolt
|-damage|p2a: Bellibolt|0 fnt
|faint|p2a: Bellibolt
|
|-weather|RainDance|[upkeep]
|upkeep
|
|t:|1779859223
|switch|p2a: Barraskewda|Barraskewda, F, tera:Water|100/100
|turn|15
|
|t:|1779859225
|move|p2a: Barraskewda|Liquidation|p1a: Slither Wing
|-damage|p1a: Slither Wing|0 fnt
|faint|p1a: Slither Wing
|-end|p1a: Slither Wing|Protosynthesis|[silent]
|
|-weather|RainDance|[upkeep]
|upkeep
|
|t:|1779859226
|switch|p1a: Gliscor|Gliscor, F|100/100
|turn|16
|
|t:|1779859228
|move|p1a: Gliscor|Protect|p1a: Gliscor
|-singleturn|p1a: Gliscor|Protect
|move|p2a: Barraskewda|Liquidation|p1a: Gliscor
|-activate|p1a: Gliscor|move: Protect
|
|-weather|RainDance|[upkeep]
|-status|p1a: Gliscor|tox|[from] item: Toxic Orb
|upkeep
|turn|17
|
|t:|1779859230
|move|p1a: Gliscor|Protect|p1a: Gliscor
|-singleturn|p1a: Gliscor|Protect
|move|p2a: Barraskewda|Liquidation|p1a: Gliscor
|-activate|p1a: Gliscor|move: Protect
|
|-weather|RainDance|[upkeep]
|upkeep
|turn|18
|
|t:|1779859231
|move|p1a: Gliscor|Protect|p1a: Gliscor
|-singleturn|p1a: Gliscor|Protect
|move|p2a: Barraskewda|Liquidation|p1a: Gliscor
|-activate|p1a: Gliscor|move: Protect
|
|-weather|RainDance|[upkeep]
|upkeep
|turn|19
|
|t:|1779859233
|move|p1a: Gliscor|Protect||[still]
|-fail|p1a: Gliscor
|move|p2a: Barraskewda|Liquidation|p1a: Gliscor
|-supereffective|p1a: Gliscor
|-damage|p1a: Gliscor|0 fnt
|faint|p1a: Gliscor
|
|-weather|none
|upkeep
|
|t:|1779859234
|switch|p1a: Ogerpon|Ogerpon-Teal-Tera, F, tera:Grass|29/100
|-ability|p1a: Ogerpon|Embody Aspect (Teal)|boost
|-boost|p1a: Ogerpon|spe|1
|turn|20
|
|t:|1779859241
|switch|p2a: Beartic|Beartic, M|100/100
|move|p1a: Ogerpon|Ivy Cudgel|p2a: Beartic
|-damage|p2a: Beartic|17/100
|
|upkeep
|turn|21
|
|t:|1779859243
|move|p1a: Ogerpon|Ivy Cudgel|p2a: Beartic
|-crit|p2a: Beartic
|-damage|p2a: Beartic|0 fnt
|faint|p2a: Beartic
|
|upkeep
|
|t:|1779859244
|switch|p2a: Barraskewda|Barraskewda, F, tera:Water|100/100
|turn|22
|
|t:|1779859246
|move|p2a: Barraskewda|Aqua Jet|p1a: Ogerpon
|-resisted|p1a: Ogerpon
|-damage|p1a: Ogerpon|1/100
|move|p1a: Ogerpon|Ivy Cudgel|p2a: Barraskewda
|-supereffective|p2a: Barraskewda
|-damage|p2a: Barraskewda|0 fnt
|faint|p2a: Barraskewda
|
|win|AnOriginalName3
|raw|AnOriginalName3's rating: 1518 &rarr; <strong>1535</strong><br />(+17 for winning)
|raw|tecerdo's rating: 1459 &rarr; <strong>1442</strong><br />(-17 for losing)
|l|☆AnOriginalName3
|player|p1|
|l|☆tecerdo
|player|p2|
