|j|☆merrypasta
|j|☆Bigger Yeagle
|t:|1779949557
|gametype|singles
|player|p1|merrypasta|carmine|1549
|player|p2|Bigger Yeagle|2|1607
|gen|9
|tier|[Gen 9] OU
|rated|
|rule|HP Percentage Mod: HP is shown in percentages
|rule|Endless Battle Clause: Forcing endless battles is banned
|rule|Species Clause: Limit one of each Pokémon
|rule|OHKO Clause: OHKO moves are banned
|rule|Evasion Items Clause: Evasion items are banned
|rule|Evasion Moves Clause: Evasion moves are banned
|rule|Evasion Abilities Clause: Evasion abilities are banned
|rule|Sleep Moves Clause: Sleep-inducing moves are banned
|clearpoke
|poke|p1|Iron Valiant|
|poke|p1|Pecharunt|
|poke|p1|Samurott-Hisui, F|
|poke|p1|Dragonite, F|
|poke|p1|Iron Treads|
|poke|p1|Ogerpon, F|
|poke|p2|Regieleki|
|poke|p2|Raging Bolt|
|poke|p2|Hatterene, F|
|poke|p2|Ogerpon-Wellspring, F|
|poke|p2|Iron Crown|
|poke|p2|Ting-Lu|
|teampreview
|
|t:|1779949605
|teamsize|p1|6
|teamsize|p2|6
|start
|switch|p1a: Iron Treads|Iron Treads|100/100
|switch|p2a: Ogerpon|Ogerpon-Wellspring, F|100/100
|turn|1
|
|t:|1779949637
|-end|p1a: Iron Treads|Quark Drive|[silent]
|switch|p1a: Pecharunt|Pecharunt|100/100
|move|p2a: Ogerpon|Ivy Cudgel|p1a: Pecharunt|[anim] Ivy Cudgel Water
|-damage|p1a: Pecharunt|74/100
|
|upkeep
|turn|2
|
|t:|1779949646
|move|p2a: Ogerpon|U-turn|p1a: Pecharunt
|-resisted|p1a: Pecharunt
|-damage|p1a: Pecharunt|71/100
|
|t:|1779949649
|switch|p2a: Iron Crown|Iron Crown|100/100|[from] U-turn
|move|p1a: Pecharunt|Parting Shot|p2a: Iron Crown
|-unboost|p2a: Iron Crown|atk|1
|-unboost|p2a: Iron Crown|spa|1
|
|t:|1779949653
|switch|p1a: Samurott|Samurott-Hisui, F|100/100|[from] Parting Shot
|
|upkeep
|turn|3
|
|t:|1779949661
|-end|p2a: Iron Crown|Quark Drive|[silent]
|switch|p2a: Hatterene|Hatterene, F|100/100
|move|p1a: Samurott|Ceaseless Edge|p2a: Hatterene
|-damage|p2a: Hatterene|62/100
|-damage|p1a: Samurott|84/100|[from] item: Rocky Helmet|[of] p2a: Hatterene
|-sidestart|p2: Bigger Yeagle|Spikes
|
|upkeep
|turn|4
|inactive|Battle timer is ON: inactive players will automatically lose when time's up. (requested by Bigger Yeagle)
|
|t:|1779949672
|switch|p1a: Iron Treads|Iron Treads|100/100
|move|p2a: Hatterene|Draining Kiss|p1a: Iron Treads
|-resisted|p1a: Iron Treads
|-damage|p1a: Iron Treads|86/100
|-heal|p2a: Hatterene|73/100|[from] drain|[of] p1a: Iron Treads
|
|-heal|p1a: Iron Treads|92/100|[from] item: Leftovers
|upkeep
|turn|5
|
|t:|1779949689
|switch|p2a: Ogerpon|Ogerpon-Wellspring, F|100/100
|-damage|p2a: Ogerpon|88/100|[from] Spikes
|move|p1a: Iron Treads|Knock Off|p2a: Ogerpon
|-damage|p2a: Ogerpon|64/100
|
|-heal|p1a: Iron Treads|99/100|[from] item: Leftovers
|upkeep
|turn|6
|
|t:|1779949700
|-end|p1a: Iron Treads|Quark Drive|[silent]
|switch|p1a: Dragonite|Dragonite, F|100/100
|move|p2a: Ogerpon|Ivy Cudgel|p1a: Dragonite|[anim] Ivy Cudgel Water
|-resisted|p1a: Dragonite
|-damage|p1a: Dragonite|88/100
|
|upkeep
|turn|7
|
|t:|1779949706
|move|p2a: Ogerpon|Play Rough|p1a: Dragonite
|-supereffective|p1a: Dragonite
|-damage|p1a: Dragonite|27/100
|move|p1a: Dragonite|Earthquake|p2a: Ogerpon
|-resisted|p2a: Ogerpon
|-damage|p2a: Ogerpon|40/100
|
|upkeep
|turn|8
|
|t:|1779949713
|switch|p2a: Hatterene|Hatterene, F|73/100
|-damage|p2a: Hatterene|61/100|[from] Spikes
|move|p1a: Dragonite|Extreme Speed|p2a: Hatterene
|-damage|p2a: Hatterene|33/100
|-damage|p1a: Dragonite|11/100|[from] item: Rocky Helmet|[of] p2a: Hatterene
|
|upkeep
|turn|9
|
|t:|1779949715
|move|p1a: Dragonite|Earthquake|p2a: Hatterene
|-damage|p2a: Hatterene|3/100
|move|p2a: Hatterene|Draining Kiss|p1a: Dragonite
|-supereffective|p1a: Dragonite
|-damage|p1a: Dragonite|0 fnt
|-heal|p2a: Hatterene|12/100|[from] drain|[of] p1a: Dragonite
|faint|p1a: Dragonite
|
|upkeep
|
|t:|1779949726
|switch|p1a: Iron Treads|Iron Treads|99/100
|turn|10
|
|t:|1779949731
|move|p1a: Iron Treads|Rapid Spin|p2a: Hatterene
|-damage|p2a: Hatterene|0 fnt
|-boost|p1a: Iron Treads|spe|1
|-damage|p1a: Iron Treads|82/100|[from] item: Rocky Helmet|[of] p2a: Hatterene
|faint|p2a: Hatterene
|
|-heal|p1a: Iron Treads|88/100|[from] item: Leftovers
|upkeep
|
|t:|1779949735
|switch|p2a: Ting-Lu|Ting-Lu|100/100
|-damage|p2a: Ting-Lu|88/100|[from] Spikes
|-ability|p2a: Ting-Lu|Vessel of Ruin
|turn|11
|
|t:|1779949739
|move|p1a: Iron Treads|Knock Off|p2a: Ting-Lu
|-resisted|p2a: Ting-Lu
|-damage|p2a: Ting-Lu|82/100
|-enditem|p2a: Ting-Lu|Leftovers|[from] move: Knock Off|[of] p1a: Iron Treads
|move|p2a: Ting-Lu|Earthquake|p1a: Iron Treads
|-supereffective|p1a: Iron Treads
|-damage|p1a: Iron Treads|15/100
|
|-heal|p1a: Iron Treads|21/100|[from] item: Leftovers
|upkeep
|turn|12
|
|t:|1779949746
|move|p1a: Iron Treads|Stealth Rock|p2a: Ting-Lu
|-sidestart|p2: Bigger Yeagle|move: Stealth Rock
|move|p2a: Ting-Lu|Spikes|p1a: Iron Treads
|-sidestart|p1: merrypasta|Spikes
|
|-heal|p1a: Iron Treads|27/100|[from] item: Leftovers
|upkeep
|turn|13
|
|t:|1779949750
|move|p1a: Iron Treads|Rapid Spin|p2a: Ting-Lu
|-damage|p2a: Ting-Lu|75/100
|-boost|p1a: Iron Treads|spe|1
|-sideend|p1: merrypasta|Spikes|[from] move: Rapid Spin|[of] p1a: Iron Treads
|move|p2a: Ting-Lu|Earthquake|p1a: Iron Treads
|-supereffective|p1a: Iron Treads
|-damage|p1a: Iron Treads|0 fnt
|faint|p1a: Iron Treads
|-end|p1a: Iron Treads|Quark Drive|[silent]
|
|upkeep
|
|t:|1779949757
|switch|p1a: Iron Valiant|Iron Valiant|100/100
|turn|14
|
|t:|1779949768
|switch|p2a: Iron Crown|Iron Crown|100/100
|-damage|p2a: Iron Crown|88/100|[from] Spikes
|-damage|p2a: Iron Crown|82/100|[from] Stealth Rock
|-terastallize|p1a: Iron Valiant|Fairy
|move|p1a: Iron Valiant|Moonblast|p2a: Iron Crown
|-resisted|p2a: Iron Crown
|-crit|p2a: Iron Crown
|-damage|p2a: Iron Crown|33/100
|
|upkeep
|turn|15
|
|t:|1779949773
|move|p1a: Iron Valiant|Moonblast|p2a: Iron Crown
|-resisted|p2a: Iron Crown
|-damage|p2a: Iron Crown|3/100
|move|p2a: Iron Crown|Tachyon Cutter|p1a: Iron Valiant
|-supereffective|p1a: Iron Valiant
|-damage|p1a: Iron Valiant|9/100
|-supereffective|p1a: Iron Valiant
|-damage|p1a: Iron Valiant|0 fnt
|faint|p1a: Iron Valiant
|-end|p1a: Iron Valiant|Quark Drive|[silent]
|-hitcount|p1: Iron Valiant|2
|
|upkeep
|
|t:|1779949786
|switch|p1a: Ogerpon|Ogerpon, F|100/100
|turn|16
|
|t:|1779949790
|move|p1a: Ogerpon|U-turn|p2a: Iron Crown
|-damage|p2a: Iron Crown|0 fnt
|faint|p2a: Iron Crown
|-end|p2a: Iron Crown|Quark Drive|[silent]
|
|t:|1779949792
|switch|p1a: Pecharunt|Pecharunt|71/100|[from] U-turn
|
|upkeep
|
|t:|1779949800
|switch|p2a: Regieleki|Regieleki|100/100
|-damage|p2a: Regieleki|88/100|[from] Spikes
|-damage|p2a: Regieleki|76/100|[from] Stealth Rock
|turn|17
|
|t:|1779949806
|move|p2a: Regieleki|Thunderbolt|p1a: Pecharunt
|-damage|p1a: Pecharunt|0 fnt
|faint|p1a: Pecharunt
|
|upkeep
|
|t:|1779949810
|switch|p1a: Ogerpon|Ogerpon, F|100/100
|turn|18
|
|t:|1779949816
|switch|p2a: Ting-Lu|Ting-Lu|75/100
|-damage|p2a: Ting-Lu|63/100|[from] Spikes
|-damage|p2a: Ting-Lu|57/100|[from] Stealth Rock
|-ability|p2a: Ting-Lu|Vessel of Ruin
|move|p1a: Ogerpon|Low Kick|p2a: Ting-Lu
|-supereffective|p2a: Ting-Lu
|-damage|p2a: Ting-Lu|8/100
|
|upkeep
|turn|19
|
|t:|1779949819
|move|p1a: Ogerpon|Low Kick|p2a: Ting-Lu
|-supereffective|p2a: Ting-Lu
|-damage|p2a: Ting-Lu|0 fnt
|faint|p2a: Ting-Lu
|
|upkeep
|
|t:|1779949824
|switch|p2a: Ogerpon|Ogerpon-Wellspring, F|40/100
|-damage|p2a: Ogerpon|27/100|[from] Spikes
|-damage|p2a: Ogerpon|15/100|[from] Stealth Rock
|turn|20
|
|t:|1779949827
|move|p1a: Ogerpon|Low Kick|p2a: Ogerpon
|-damage|p2a: Ogerpon|0 fnt
|faint|p2a: Ogerpon
|
|upkeep
|
|t:|1779949830
|switch|p2a: Raging Bolt|Raging Bolt|100/100
|-damage|p2a: Raging Bolt|88/100|[from] Spikes
|-damage|p2a: Raging Bolt|76/100|[from] Stealth Rock
|turn|21
|
|t:|1779949836
|move|p1a: Ogerpon|Low Kick|p2a: Raging Bolt
|-damage|p2a: Raging Bolt|26/100
|move|p2a: Raging Bolt|Draco Meteor|p1a: Ogerpon
|-damage|p1a: Ogerpon|0 fnt
|-unboost|p2a: Raging Bolt|spa|2
|faint|p1a: Ogerpon
|
|upkeep
|
|t:|1779949839
|switch|p1a: Samurott|Samurott-Hisui, F|84/100
|turn|22
|
|t:|1779949842
|move|p1a: Samurott|Ceaseless Edge|p2a: Raging Bolt
|-damage|p2a: Raging Bolt|0 fnt
|-sidestart|p2: Bigger Yeagle|Spikes
|faint|p2a: Raging Bolt
|-end|p2a: Raging Bolt|Protosynthesis|[silent]
|
|upkeep
|
|t:|1779949844
|switch|p2a: Regieleki|Regieleki|76/100
|-damage|p2a: Regieleki|59/100|[from] Spikes
|-damage|p2a: Regieleki|47/100|[from] Stealth Rock
|turn|23
|-message|merrypasta forfeited.
|
|win|Bigger Yeagle
|raw|merrypasta's rating: 1549 &rarr; <strong>1532</strong><br />(-17 for losing)
|raw|Bigger Yeagle's rating: 1607 &rarr; <strong>1624</strong><br />(+17 for winning)
|l|☆merrypasta
|player|p1|
|l|☆Bigger Yeagle
|player|p2|
