|j|☆t1max
|j|☆jbrunson
|t:|1779944625
|gametype|singles
|player|p1|t1max|skierf|1378
|player|p2|jbrunson|buck|1396
|gen|9
|tier|[Gen 9] OU
|rated|
|rule|HP Percentage Mod: HP is shown in percentages
|rule|Endless Battle Clause: Forcing endless battles is banned
|rule|Species Clause: Limit one of each Pokémon
|rule|OHKO Clause: OHKO moves are banned
|rule|Evasion Items Clause: Evasion items are banned
|rule|Evasion Moves Clause: Evasion moves are banned
|rule|Evasion Abilities Clause: Evasion abilities are banned
|rule|Sleep Moves Clause: Sleep-inducing moves are banned
|clearpoke
|poke|p1|Regidrago|
|poke|p1|Regice|
|poke|p1|Regigigas|
|poke|p1|Regirock|
|poke|p1|Registeel|
|poke|p1|Regieleki|
|poke|p2|Iron Moth|
|poke|p2|Gliscor, M|
|poke|p2|Hatterene, F|
|poke|p2|Ogerpon-Wellspring, F|
|poke|p2|Raging Bolt|
|poke|p2|Zamazenta-*|
|teampreview
|
|t:|1779944639
|teamsize|p1|6
|teamsize|p2|6
|start
|switch|p1a: Regidrago|Regidrago|100/100
|switch|p2a: Zamazenta|Zamazenta|100/100
|-ability|p2a: Zamazenta|Dauntless Shield|boost
|-boost|p2a: Zamazenta|def|1
|turn|1
|
|t:|1779944653
|move|p1a: Regidrago|Dragon Energy|p2a: Zamazenta
|-damage|p2a: Zamazenta|19/100
|move|p2a: Zamazenta|Light Screen|p2a: Zamazenta
|-sidestart|p2: jbrunson|move: Light Screen
|
|upkeep
|turn|2
|
|t:|1779944667
|switch|p1a: Regieleki|Regieleki|100/100
|switch|p2a: Hatterene|Hatterene, F|100/100
|
|upkeep
|turn|3
|
|t:|1779944685
|switch|p1a: Registeel|Registeel|100/100
|move|p2a: Hatterene|Calm Mind|p2a: Hatterene
|-boost|p2a: Hatterene|spa|1
|-boost|p2a: Hatterene|spd|1
|
|upkeep
|turn|4
|
|t:|1779944689
|move|p1a: Registeel|Meteor Beam||[still]
|-prepare|p1a: Registeel|Meteor Beam
|-boost|p1a: Registeel|spa|1
|-enditem|p1a: Registeel|Power Herb
|-anim|p1a: Registeel|Meteor Beam|p2a: Hatterene
|-damage|p2a: Hatterene|84/100
|move|p2a: Hatterene|Calm Mind|p2a: Hatterene
|-boost|p2a: Hatterene|spa|1
|-boost|p2a: Hatterene|spd|1
|
|-heal|p2a: Hatterene|90/100|[from] item: Leftovers
|upkeep
|turn|5
|
|t:|1779944695
|move|p1a: Registeel|Flash Cannon|p2a: Hatterene
|-supereffective|p2a: Hatterene
|-damage|p2a: Hatterene|68/100
|move|p2a: Hatterene|Calm Mind|p2a: Hatterene
|-boost|p2a: Hatterene|spa|1
|-boost|p2a: Hatterene|spd|1
|
|-heal|p2a: Hatterene|74/100|[from] item: Leftovers
|upkeep
|turn|6
|
|t:|1779944711
|move|p1a: Registeel|Flash Cannon|p2a: Hatterene
|-supereffective|p2a: Hatterene
|-damage|p2a: Hatterene|54/100
|move|p2a: Hatterene|Mystical Fire|p1a: Registeel
|-supereffective|p1a: Registeel
|-damage|p1a: Registeel|24/100
|
|-heal|p2a: Hatterene|60/100|[from] item: Leftovers
|upkeep
|turn|7
|
|t:|1779944717
|move|p1a: Registeel|Flash Cannon|p2a: Hatterene
|-supereffective|p2a: Hatterene
|-damage|p2a: Hatterene|42/100
|-unboost|p2a: Hatterene|spd|1
|move|p2a: Hatterene|Stored Power|p1a: Registeel
|-resisted|p1a: Registeel
|-damage|p1a: Registeel|0 fnt
|faint|p1a: Registeel
|
|-heal|p2a: Hatterene|48/100|[from] item: Leftovers
|upkeep
|
|t:|1779944727
|switch|p1a: Regieleki|Regieleki|100/100
|turn|8
|
|t:|1779944730
|move|p1a: Regieleki|Supercell Slam|p2a: Hatterene
|-damage|p2a: Hatterene|0 fnt
|faint|p2a: Hatterene
|
|-sideend|p2: jbrunson|move: Light Screen
|upkeep
|
|t:|1779944734
|switch|p2a: Gliscor|Gliscor, M|100/100
|turn|9
|
|t:|1779944749
|switch|p1a: Regigigas|Regigigas|100/100
|-start|p1a: Regigigas|ability: Slow Start
|move|p2a: Gliscor|Swords Dance|p2a: Gliscor
|-boost|p2a: Gliscor|atk|2
|
|-status|p2a: Gliscor|tox|[from] item: Toxic Orb
|upkeep
|turn|10
|
|t:|1779944763
|move|p2a: Gliscor|Earthquake|p1a: Regigigas
|-damage|p1a: Regigigas|38/100
|move|p1a: Regigigas|Knock Off|p2a: Gliscor
|-damage|p2a: Gliscor|86/100 tox
|-enditem|p2a: Gliscor|Toxic Orb|[from] move: Knock Off|[of] p1a: Regigigas
|
|-heal|p1a: Regigigas|44/100|[from] item: Leftovers
|-heal|p2a: Gliscor|99/100 tox|[from] ability: Poison Heal
|upkeep
|turn|11
|
|t:|1779944772
|move|p1a: Regigigas|Protect|p1a: Regigigas
|-singleturn|p1a: Regigigas|Protect
|move|p2a: Gliscor|Facade|p1a: Regigigas
|-activate|p1a: Regigigas|move: Protect
|
|-heal|p1a: Regigigas|50/100|[from] item: Leftovers
|-heal|p2a: Gliscor|100/100 tox|[from] ability: Poison Heal
|upkeep
|turn|12
|
|t:|1779944778
|move|p1a: Regigigas|Protect|p1a: Regigigas
|-singleturn|p1a: Regigigas|Protect
|move|p2a: Gliscor|Facade|p1a: Regigigas
|-activate|p1a: Regigigas|move: Protect
|
|-heal|p1a: Regigigas|56/100|[from] item: Leftovers
|upkeep
|turn|13
|
|t:|1779944784
|move|p1a: Regigigas|Protect||[still]
|-fail|p1a: Regigigas
|move|p2a: Gliscor|Facade|p1a: Regigigas
|-damage|p1a: Regigigas|0 fnt
|faint|p1a: Regigigas
|-end|p1a: Regigigas|Slow Start|[silent]
|
|upkeep
|
|t:|1779944787
|switch|p1a: Regice|Regice|100/100
|turn|14
|
|t:|1779944796
|-terastallize|p2a: Gliscor|Normal
|move|p2a: Gliscor|Facade|p1a: Regice
|-damage|p1a: Regice|0 fnt
|faint|p1a: Regice
|
|upkeep
|
|t:|1779944810
|switch|p1a: Regirock|Regirock|100/100
|turn|15
|
|t:|1779944817
|-terastallize|p1a: Regirock|Fighting
|move|p2a: Gliscor|Earthquake|p1a: Regirock
|-damage|p1a: Regirock|61/100
|move|p1a: Regirock|Body Press|p2a: Gliscor
|-supereffective|p2a: Gliscor
|-damage|p2a: Gliscor|0 fnt
|faint|p2a: Gliscor
|
|-heal|p1a: Regirock|67/100|[from] item: Leftovers
|upkeep
|
|t:|1779944836
|switch|p2a: Raging Bolt|Raging Bolt|100/100
|-enditem|p2a: Raging Bolt|Booster Energy
|-activate|p2a: Raging Bolt|ability: Protosynthesis|[fromitem]
|-start|p2a: Raging Bolt|protosynthesisspa
|turn|16
|
|t:|1779944848
|move|p2a: Raging Bolt|Thunderbolt|p1a: Regirock
|-damage|p1a: Regirock|1/100
|move|p1a: Regirock|Body Press|p2a: Raging Bolt
|-damage|p2a: Raging Bolt|38/100
|
|-heal|p1a: Regirock|7/100|[from] item: Leftovers
|upkeep
|turn|17
|
|t:|1779944856
|move|p2a: Raging Bolt|Dragon Pulse|p1a: Regirock
|-damage|p1a: Regirock|0 fnt
|faint|p1a: Regirock
|
|upkeep
|
|t:|1779944860
|switch|p1a: Regidrago|Regidrago|100/100
|turn|18
|
|t:|1779944866
|move|p2a: Raging Bolt|Thunderclap|p1a: Regidrago
|-resisted|p1a: Regidrago
|-damage|p1a: Regidrago|72/100
|move|p1a: Regidrago|Dragon Energy|p2a: Raging Bolt
|-supereffective|p2a: Raging Bolt
|-damage|p2a: Raging Bolt|0 fnt
|faint|p2a: Raging Bolt
|-end|p2a: Raging Bolt|Protosynthesis|[silent]
|
|upkeep
|
|t:|1779944884
|switch|p2a: Zamazenta|Zamazenta|19/100
|turn|19
|
|t:|1779944887
|move|p1a: Regidrago|Dragon Energy|p2a: Zamazenta
|-damage|p2a: Zamazenta|0 fnt
|faint|p2a: Zamazenta
|
|upkeep
|
|t:|1779944915
|switch|p2a: Iron Moth|Iron Moth|100/100
|-enditem|p2a: Iron Moth|Booster Energy
|-activate|p2a: Iron Moth|ability: Quark Drive|[fromitem]
|-start|p2a: Iron Moth|quarkdrivespe
|turn|20
|
|t:|1779944924
|move|p2a: Iron Moth|Sludge Wave|p1a: Regidrago
|-damage|p1a: Regidrago|17/100
|move|p1a: Regidrago|Dragon Energy|p2a: Iron Moth
|-damage|p2a: Iron Moth|85/100
|
|upkeep
|turn|21
|
|t:|1779944934
|move|p2a: Iron Moth|Sludge Wave|p1a: Regidrago
|-damage|p1a: Regidrago|0 fnt
|faint|p1a: Regidrago
|
|upkeep
|
|t:|1779944937
|switch|p1a: Regieleki|Regieleki|100/100
|turn|22
|
|t:|1779944943
|move|p2a: Iron Moth|Sludge Wave|p1a: Regieleki
|-damage|p1a: Regieleki|2/100
|move|p1a: Regieleki|Supercell Slam|p2a: Iron Moth
|-damage|p2a: Iron Moth|0 fnt
|faint|p2a: Iron Moth
|-end|p2a: Iron Moth|Quark Drive|[silent]
|
|upkeep
|
|t:|1779944948
|switch|p2a: Ogerpon|Ogerpon-Wellspring, F|100/100
|turn|23
|
|t:|1779944953
|move|p1a: Regieleki|Supercell Slam|p2a: Ogerpon
|-damage|p2a: Ogerpon|0 fnt
|faint|p2a: Ogerpon
|
|win|t1max
|raw|t1max's rating: 1378 &rarr; <strong>1399</strong><br />(+21 for winning)
|raw|jbrunson's rating: 1396 &rarr; <strong>1375</strong><br />(-21 for losing)
|l|☆jbrunson
|player|p2|
|l|☆t1max
|player|p1|
