|j|☆Quagsires gf
|j|☆Terminn
|t:|1779802825
|gametype|singles
|player|p1|Quagsires gf|2|1078
|player|p2|Terminn|102|1114
|gen|9
|tier|[Gen 9] OU
|rated|
|rule|HP Percentage Mod: HP is shown in percentages
|rule|Endless Battle Clause: Forcing endless battles is banned
|rule|Species Clause: Limit one of each Pokémon
|rule|OHKO Clause: OHKO moves are banned
|rule|Evasion Items Clause: Evasion items are banned
|rule|Evasion Moves Clause: Evasion moves are banned
|rule|Evasion Abilities Clause: Evasion abilities are banned
|rule|Sleep Moves Clause: Sleep-inducing moves are banned
|clearpoke
|poke|p1|Scream Tail|
|poke|p1|Inteleon, F|
|poke|p1|Infernape, F|
|poke|p1|Lilligant-Hisui, F|
|poke|p1|Pawmot, F|
|poke|p1|Rabsca, F|
|poke|p2|Blaziken, M|
|poke|p2|Samurott-Hisui, M|
|poke|p2|Dragapult, F|
|poke|p2|Great Tusk|
|poke|p2|Hatterene, F|
|poke|p2|Kingambit, M|
|teampreview
|inactive|Battle timer is ON: inactive players will automatically lose when time's up. (requested by Quagsires gf)
|
|t:|1779802835
|teamsize|p1|6
|teamsize|p2|6
|start
|switch|p1a: Infernape|Infernape, F|100/100
|switch|p2a: Clacla|Samurott-Hisui, M|100/100
|turn|1
|
|t:|1779802845
|move|p2a: Clacla|Flip Turn|p1a: Infernape
|-supereffective|p1a: Infernape
|-damage|p1a: Infernape|21/100
|
|t:|1779802870
|switch|p2a: Tout ou rien|Dragapult, F|100/100|[from] Flip Turn
|move|p1a: Infernape|Substitute|p1a: Infernape
|-fail|p1a: Infernape|move: Substitute|[weak]
|
|upkeep
|turn|2
|
|t:|1779802883
|move|p2a: Tout ou rien|Shadow Ball|p1a: Infernape
|-damage|p1a: Infernape|0 fnt
|faint|p1a: Infernape
|
|upkeep
|
|t:|1779802886
|switch|p1a: Pawmot|Pawmot, F, shiny|100/100
|turn|3
|
|t:|1779802896
|-terastallize|p2a: Tout ou rien|Ghost
|move|p2a: Tout ou rien|Shadow Ball|p1a: Pawmot
|-damage|p1a: Pawmot|0 fnt
|faint|p1a: Pawmot
|
|upkeep
|
|t:|1779802905
|switch|p1a: Rabsca|Rabsca, F, shiny|100/100
|turn|4
|
|t:|1779802919
|-terastallize|p1a: Rabsca|Water
|move|p2a: Tout ou rien|Shadow Ball|p1a: Rabsca
|-damage|p1a: Rabsca|52/100
|-unboost|p1a: Rabsca|spd|1
|move|p1a: Rabsca|Revival Blessing|p1a: Rabsca
|-enditem|p1a: Rabsca|Leppa Berry|[eat]
|-activate|p1a: Rabsca|item: Leppa Berry|Revival Blessing|[consumed]
|
|t:|1779802928
|-heal|p1: Pawmot|50/100|[from] move: Revival Blessing
|
|upkeep
|turn|5
|
|t:|1779802933
|switch|p1a: Scream Tail|Scream Tail, shiny|100/100
|-enditem|p1a: Scream Tail|Booster Energy
|-activate|p1a: Scream Tail|ability: Protosynthesis|[fromitem]
|-start|p1a: Scream Tail|protosynthesisspd
|move|p2a: Tout ou rien|Shadow Ball|p1a: Scream Tail
|-supereffective|p1a: Scream Tail
|-damage|p1a: Scream Tail|28/100
|
|upkeep
|turn|6
|
|t:|1779802942
|move|p2a: Tout ou rien|Shadow Ball|p1a: Scream Tail
|-supereffective|p1a: Scream Tail
|-damage|p1a: Scream Tail|0 fnt
|faint|p1a: Scream Tail
|-end|p1a: Scream Tail|Protosynthesis|[silent]
|
|upkeep
|
|t:|1779802947
|switch|p1a: Inteleon|Inteleon, F|100/100
|turn|7
|
|t:|1779802951
|move|p2a: Tout ou rien|Shadow Ball|p1a: Inteleon
|-damage|p1a: Inteleon|0 fnt
|faint|p1a: Inteleon
|
|upkeep
|
|t:|1779802954
|switch|p1a: Lilligant|Lilligant-Hisui, F|100/100
|turn|8
|
|t:|1779802959
|move|p2a: Tout ou rien|Shadow Ball|p1a: Lilligant
|-damage|p1a: Lilligant|0 fnt
|faint|p1a: Lilligant
|
|upkeep
|
|t:|1779802965
|switch|p1a: Rabsca|Rabsca, F, shiny, tera:Water|52/100
|turn|9
|
|t:|1779802967
|move|p2a: Tout ou rien|Shadow Ball|p1a: Rabsca
|-damage|p1a: Rabsca|8/100
|move|p1a: Rabsca|Revival Blessing|p1a: Rabsca
|
|t:|1779802980
|-heal|p1: Scream Tail|50/100|[from] move: Revival Blessing
|
|upkeep
|turn|10
|-message|Quagsires gf forfeited.
|
|win|Terminn
|raw|Quagsires gf's rating: 1078 &rarr; <strong>1059</strong><br />(-19 for losing)
|raw|Terminn's rating: 1114 &rarr; <strong>1136</strong><br />(+22 for winning)
|l|☆Quagsires gf
|player|p1|
|l|☆Terminn
|player|p2|
