|j|☆prepare 4 die
|j|☆rubicouss
|t:|1779957178
|gametype|singles
|player|p1|prepare 4 die|wallace|1355
|player|p2|rubicouss|gambler|1388
|gen|9
|tier|[Gen 9] OU
|rated|
|rule|HP Percentage Mod: HP is shown in percentages
|rule|Endless Battle Clause: Forcing endless battles is banned
|rule|Species Clause: Limit one of each Pokémon
|rule|OHKO Clause: OHKO moves are banned
|rule|Evasion Items Clause: Evasion items are banned
|rule|Evasion Moves Clause: Evasion moves are banned
|rule|Evasion Abilities Clause: Evasion abilities are banned
|rule|Sleep Moves Clause: Sleep-inducing moves are banned
|clearpoke
|poke|p1|Palossand, M|
|poke|p1|Iron Crown|
|poke|p1|Ogerpon-Wellspring, F|
|poke|p1|Glimmora, M|
|poke|p1|Tyranitar, M|
|poke|p1|Kyurem|
|poke|p2|Meowscarada, M|
|poke|p2|Dondozo, M|
|poke|p2|Great Tusk|
|poke|p2|Gholdengo|
|poke|p2|Sinistcha|
|poke|p2|Kingambit, M|
|teampreview
|
|t:|1779957202
|teamsize|p1|6
|teamsize|p2|6
|start
|switch|p1a: Glimmora|Glimmora, M|100/100
|switch|p2a: Great Tusk|Great Tusk|100/100
|turn|1
|
|t:|1779957218
|switch|p1a: Palossand|Palossand, M|100/100
|move|p2a: Great Tusk|Headlong Rush|p1a: Palossand
|-damage|p1a: Palossand|59/100
|-unboost|p2a: Great Tusk|def|1
|-unboost|p2a: Great Tusk|spd|1
|
|upkeep
|turn|2
|
|t:|1779957225
|-end|p2a: Great Tusk|Protosynthesis|[silent]
|switch|p2a: Meowscarada|Meowscarada, M|100/100
|move|p1a: Palossand|Shore Up|p1a: Palossand
|-heal|p1a: Palossand|100/100
|
|upkeep
|turn|3
|
|t:|1779957241
|switch|p1a: Glimmora|Glimmora, M|100/100
|move|p2a: Meowscarada|Knock Off|p1a: Glimmora
|-start|p2a: Meowscarada|typechange|Dark|[from] ability: Protean
|-damage|p1a: Glimmora|46/100
|-activate|p1a: Glimmora|ability: Toxic Debris
|-sidestart|p2: rubicouss|move: Toxic Spikes
|-enditem|p1a: Glimmora|Power Herb|[from] move: Knock Off|[of] p2a: Meowscarada
|
|upkeep
|turn|4
|
|t:|1779957269
|switch|p2a: Gholdengo|Gholdengo|100/100
|-item|p2a: Gholdengo|Air Balloon
|switch|p1a: Ogerpon|Ogerpon-Wellspring, F|100/100
|
|upkeep
|turn|5
|
|t:|1779957296
|switch|p2a: Sinistcha|Sinistcha|100/100
|-status|p2a: Sinistcha|psn
|move|p1a: Ogerpon|Knock Off|p2a: Sinistcha
|-supereffective|p2a: Sinistcha
|-damage|p2a: Sinistcha|50/100 psn
|-enditem|p2a: Sinistcha|Big Root|[from] move: Knock Off|[of] p1a: Ogerpon
|
|-damage|p2a: Sinistcha|38/100 psn|[from] psn
|upkeep
|turn|6
|
|t:|1779957320
|move|p1a: Ogerpon|U-turn|p2a: Sinistcha
|-damage|p2a: Sinistcha|18/100 psn
|
|t:|1779957324
|switch|p1a: Glimmora|Glimmora, M|46/100|[from] U-turn
|move|p2a: Sinistcha|Strength Sap|p1a: Glimmora
|-unboost|p1a: Glimmora|atk|1
|-heal|p2a: Sinistcha|55/100 psn
|
|-damage|p2a: Sinistcha|43/100 psn|[from] psn
|upkeep
|turn|7
|
|t:|1779957347
|switch|p1a: Iron Crown|Iron Crown|100/100
|switch|p2a: Great Tusk|Great Tusk|100/100
|
|upkeep
|turn|8
|
|t:|1779957355
|-end|p2a: Great Tusk|Protosynthesis|[silent]
|switch|p2a: Sinistcha|Sinistcha|43/100 psn
|move|p1a: Iron Crown|Tachyon Cutter|p2a: Sinistcha
|-damage|p2a: Sinistcha|0 fnt
|faint|p2a: Sinistcha
|-hitcount|p2: Sinistcha|1
|
|upkeep
|
|t:|1779957366
|switch|p2a: Gholdengo|Gholdengo|100/100
|-item|p2a: Gholdengo|Air Balloon
|turn|9
|
|t:|1779957381
|move|p1a: Iron Crown|Tachyon Cutter|p2a: Gholdengo
|-resisted|p2a: Gholdengo
|-damage|p2a: Gholdengo|80/100
|-enditem|p2a: Gholdengo|Air Balloon
|-resisted|p2a: Gholdengo
|-damage|p2a: Gholdengo|56/100
|-hitcount|p2a: Gholdengo|2
|move|p2a: Gholdengo|Make It Rain|p1a: Iron Crown
|-resisted|p1a: Iron Crown
|-damage|p1a: Iron Crown|72/100
|-unboost|p2a: Gholdengo|spa|1
|
|upkeep
|turn|10
|-message|rubicouss forfeited.
|
|win|prepare 4 die
|raw|prepare 4 die's rating: 1355 &rarr; <strong>1377</strong><br />(+22 for winning)
|raw|rubicouss's rating: 1388 &rarr; <strong>1366</strong><br />(-22 for losing)
|l|☆rubicouss
|player|p2|
|j|☆rubicouss
|player|p2|rubicouss|gambler|
|l|☆rubicouss
|player|p2|
|l|☆prepare 4 die
|player|p1|
