|j|☆Kochu_shak
|j|☆SHONE
|inactive|Battle timer is ON: inactive players will automatically lose when time's up.
|t:|1779810753
|gametype|singles
|player|p1|Kochu_shak|morty-masters2|
|player|p2|SHONE|#hplvikochiquakers|
|gen|9
|tier|[Gen 9] OU
|rated|Tournament battle
|rule|HP Percentage Mod: HP is shown in percentages
|rule|Endless Battle Clause: Forcing endless battles is banned
|rule|Species Clause: Limit one of each Pokémon
|rule|OHKO Clause: OHKO moves are banned
|rule|Evasion Items Clause: Evasion items are banned
|rule|Evasion Moves Clause: Evasion moves are banned
|rule|Evasion Abilities Clause: Evasion abilities are banned
|rule|Sleep Moves Clause: Sleep-inducing moves are banned
|clearpoke
|poke|p1|Araquanid, F|
|poke|p1|Gholdengo|
|poke|p1|Iron Moth|
|poke|p1|Iron Valiant|
|poke|p1|Raging Bolt|
|poke|p1|Kingambit, F|
|poke|p2|Araquanid, M|
|poke|p2|Gholdengo|
|poke|p2|Kingambit, F|
|poke|p2|Raging Bolt|
|poke|p2|Enamorus, F|
|poke|p2|Iron Moth|
|teampreview
|j|*PartProfessor
|c|*PartProfessor|G'luck!
|l|*PartProfessor
|inactive|Kochu_shak also wants the timer to be on.
|j|*PartBot
|c|*PartBot|Good luck!
|l|*PartBot
|j| tatam1 galaxy
|c|☆SHONE|:skull:
|c|☆SHONE|web vs web
|c|☆Kochu_shak|papa kaagye toh fieldingb set hai
|inactive|Kochu_shak has 120 seconds left.
|
|t:|1779810783
|teamsize|p1|6
|teamsize|p2|6
|start
|switch|p1a: QUIL|Araquanid, F|100/100
|switch|p2a: Araquanid|Araquanid, M|100/100
|turn|1
|
|t:|1779810790
|move|p2a: Araquanid|Sticky Web|p1a: QUIL
|-sidestart|p1: Kochu_shak|move: Sticky Web
|move|p1a: QUIL|Sticky Web|p2a: Araquanid
|-sidestart|p2: SHONE|move: Sticky Web
|
|upkeep
|turn|2
|
|t:|1779810796
|move|p2a: Araquanid|Surf|p1a: QUIL
|-resisted|p1a: QUIL
|-damage|p1a: QUIL|83/100
|move|p1a: QUIL|Lunge|p2a: Araquanid
|-damage|p2a: Araquanid|81/100
|-unboost|p2a: Araquanid|atk|1
|
|upkeep
|turn|3
|
|t:|1779810803
|move|p2a: Araquanid|Surf|p1a: QUIL
|-resisted|p1a: QUIL
|-damage|p1a: QUIL|65/100
|move|p1a: QUIL|Lunge|p2a: Araquanid
|-damage|p2a: Araquanid|60/100
|-unboost|p2a: Araquanid|atk|1
|
|upkeep
|turn|4
|j| sustachi
|c| sustachi|hiiie
|c| sustachi|discord pe ho aap logs?
|c|☆SHONE|hi
|
|t:|1779810825
|move|p2a: Araquanid|Surf|p1a: QUIL
|-resisted|p1a: QUIL
|-damage|p1a: QUIL|48/100
|move|p1a: QUIL|Lunge|p2a: Araquanid
|-damage|p2a: Araquanid|38/100
|-unboost|p2a: Araquanid|atk|1
|
|upkeep
|turn|5
|c|☆SHONE|ha
|c|☆Kochu_shak|haa
|
|t:|1779810840
|move|p2a: Araquanid|Surf|p1a: QUIL
|-resisted|p1a: QUIL
|-crit|p1a: QUIL
|-damage|p1a: QUIL|19/100
|move|p1a: QUIL|Lunge|p2a: Araquanid
|-crit|p2a: Araquanid
|-damage|p2a: Araquanid|4/100
|-unboost|p2a: Araquanid|atk|1
|
|upkeep
|turn|6
|c| tatam1 galaxy|Yes
|-enditem|p2a: Araquanid|Custap Berry|[eat]
|-activate|p2a: Araquanid|item: Custap Berry|[consumed]
|
|t:|1779810851
|switch|p1a: DELI|Raging Bolt|100/100
|-activate|p1a: DELI|move: Sticky Web
|-unboost|p1a: DELI|spe|1
|-enditem|p1a: DELI|Booster Energy
|-activate|p1a: DELI|ability: Protosynthesis|[fromitem]
|-start|p1a: DELI|protosynthesisspa
|move|p2a: Araquanid|Surf|p1a: DELI
|-resisted|p1a: DELI
|-damage|p1a: DELI|76/100
|
|upkeep
|turn|7
|c| tatam1 galaxy|Damn
|c| sustachi|@TDS2K5
|c| sustachi|discord
|c|☆SHONE|-_-
|inactive|SHONE has 120 seconds left.
|c|☆Kochu_shak|lol
|c| sustachi|lets play randbat
|
|t:|1779810881
|move|p2a: Araquanid|Endure|p2a: Araquanid
|-singleturn|p2a: Araquanid|move: Endure
|move|p1a: DELI|Thunderbolt|p2a: Araquanid
|-supereffective|p2a: Araquanid
|-activate|p2a: Araquanid|move: Endure
|-damage|p2a: Araquanid|1/100
|
|upkeep
|turn|8
|inactive|SHONE has 120 seconds left.
|inactive|SHONE has 90 seconds left.
|
|t:|1779810918
|move|p1a: DELI|Thunderclap|p2a: Araquanid
|-supereffective|p2a: Araquanid
|-damage|p2a: Araquanid|0 fnt
|faint|p2a: Araquanid
|
|upkeep
|inactive|SHONE has 90 seconds left.
|
|t:|1779810932
|switch|p2a: Raging Bolt|Raging Bolt|100/100
|-activate|p2a: Raging Bolt|move: Sticky Web
|-unboost|p2a: Raging Bolt|spe|1
|-enditem|p2a: Raging Bolt|Booster Energy
|-activate|p2a: Raging Bolt|ability: Protosynthesis|[fromitem]
|-start|p2a: Raging Bolt|protosynthesisspa
|turn|9
|inactive|SHONE has 90 seconds left.
|
|t:|1779810942
|move|p2a: Raging Bolt|Dragon Pulse|p1a: DELI
|-supereffective|p1a: DELI
|-crit|p1a: DELI
|-damage|p1a: DELI|0 fnt
|faint|p1a: DELI
|-end|p1a: DELI|Protosynthesis|[silent]
|
|upkeep
|c|☆Kochu_shak|shone bhau
|c|☆Kochu_shak|nain saafi hai
|
|t:|1779810958
|switch|p1a: QUZZ|Iron Valiant|100/100
|-activate|p1a: QUZZ|move: Sticky Web
|-unboost|p1a: QUZZ|spe|1
|-enditem|p1a: QUZZ|Booster Energy
|-activate|p1a: QUZZ|ability: Quark Drive|[fromitem]
|-start|p1a: QUZZ|quarkdrivespa
|turn|10
|c|☆SHONE|full speed hai
|
|t:|1779810971
|move|p1a: QUZZ|Moonblast|p2a: Raging Bolt
|-supereffective|p2a: Raging Bolt
|-damage|p2a: Raging Bolt|0 fnt
|faint|p2a: Raging Bolt
|-end|p2a: Raging Bolt|Protosynthesis|[silent]
|
|upkeep
|inactive|SHONE has 90 seconds left.
|
|t:|1779810998
|switch|p2a: Enamorus|Enamorus, F|100/100
|turn|11
|c| tatam1 galaxy|Bhaagke dikhao fir
|c|☆Kochu_shak|lmao
|inactive|Kochu_shak has 120 seconds left.
|inactive|Kochu_shak has 90 seconds left.
|
|t:|1779811067
|-end|p1a: QUZZ|Quark Drive|[silent]
|switch|p1a: SUPA|Kingambit, F|100/100
|-activate|p1a: SUPA|ability: Supreme Overlord
|-start|p1a: SUPA|fallen1|[silent]
|-item|p1a: SUPA|Air Balloon
|-terastallize|p2a: Enamorus|Fairy
|move|p2a: Enamorus|Moonblast|p1a: SUPA
|-damage|p1a: SUPA|0 fnt
|-enditem|p1a: SUPA|Air Balloon
|faint|p1a: SUPA
|-end|p1a: SUPA|fallen1|[silent]
|
|upkeep
|
|t:|1779811076
|switch|p1a: QUIL|Araquanid, F|19/100
|-activate|p1a: QUIL|move: Sticky Web
|-unboost|p1a: QUIL|spe|1
|turn|12
|l| sustachi
|inactive|SHONE has 90 seconds left.
|-enditem|p1a: QUIL|Custap Berry|[eat]
|-activate|p1a: QUIL|item: Custap Berry|[consumed]
|
|t:|1779811084
|switch|p2a: Gholdengo|Gholdengo|100/100
|-item|p2a: Gholdengo|Air Balloon
|move|p1a: QUIL|Endeavor|p2a: Gholdengo
|-immune|p2a: Gholdengo
|
|upkeep
|turn|13
|c|☆Kochu_shak|eww
|c|☆SHONE|lol
|inactive|SHONE has 90 seconds left.
|c| tatam1 galaxy|Rip
|c| tatam1 galaxy|Koi na
|j| sustachi
|
|t:|1779811110
|move|p2a: Gholdengo|Nasty Plot|p2a: Gholdengo
|-boost|p2a: Gholdengo|spa|2
|move|p1a: QUIL|Surf|p2a: Gholdengo
|-damage|p2a: Gholdengo|59/100
|-enditem|p2a: Gholdengo|Air Balloon
|
|upkeep
|turn|14
|
|t:|1779811117
|move|p2a: Gholdengo|Shadow Ball|p1a: QUIL
|-damage|p1a: QUIL|0 fnt
|faint|p1a: QUIL
|
|upkeep
|
|t:|1779811125
|switch|p1a: TREE?|Gholdengo|100/100
|-item|p1a: TREE?|Air Balloon
|turn|15
|l| sustachi
|inactive|SHONE has 90 seconds left.
|
|t:|1779811136
|move|p1a: TREE?|Shadow Ball|p2a: Gholdengo
|-supereffective|p2a: Gholdengo
|-damage|p2a: Gholdengo|0 fnt
|faint|p2a: Gholdengo
|
|upkeep
|inactive|SHONE has 90 seconds left.
|
|t:|1779811147
|switch|p2a: Iron Moth|Iron Moth|100/100
|-activate|p2a: Iron Moth|move: Sticky Web
|-unboost|p2a: Iron Moth|spe|1
|-enditem|p2a: Iron Moth|Booster Energy
|-activate|p2a: Iron Moth|ability: Quark Drive|[fromitem]
|-start|p2a: Iron Moth|quarkdrivespa
|turn|16
|inactive|Kochu_shak has 120 seconds left.
|inactive|SHONE has 90 seconds left.
|
|t:|1779811171
|switch|p1a: CALA|Iron Moth|100/100
|-activate|p1a: CALA|move: Sticky Web
|-unboost|p1a: CALA|spe|1
|-enditem|p1a: CALA|Booster Energy
|-activate|p1a: CALA|ability: Quark Drive|[fromitem]
|-start|p1a: CALA|quarkdrivespa
|move|p2a: Iron Moth|Fiery Dance|p1a: CALA
|-resisted|p1a: CALA
|-damage|p1a: CALA|68/100
|
|upkeep
|turn|17
|inactive|SHONE has 90 seconds left.
|
|t:|1779811187
|move|p1a: CALA|Fiery Dance|p2a: Iron Moth
|-resisted|p2a: Iron Moth
|-damage|p2a: Iron Moth|72/100
|-boost|p1a: CALA|spa|1
|move|p2a: Iron Moth|Fiery Dance|p1a: CALA
|-resisted|p1a: CALA
|-damage|p1a: CALA|41/100
|
|upkeep
|turn|18
|inactive|Kochu_shak has 120 seconds left.
|inactive|SHONE has 90 seconds left.
|
|t:|1779811197
|move|p2a: Iron Moth|Overheat|p1a: CALA
|-resisted|p1a: CALA
|-damage|p1a: CALA|0 fnt
|-unboost|p2a: Iron Moth|spa|2
|faint|p1a: CALA
|-end|p1a: CALA|Quark Drive|[silent]
|
|upkeep
|inactive|Kochu_shak has 120 seconds left.
|
|t:|1779811205
|switch|p1a: QUZZ|Iron Valiant|100/100
|-activate|p1a: QUZZ|move: Sticky Web
|-unboost|p1a: QUZZ|spe|1
|turn|19
|inactive|Kochu_shak has 120 seconds left.
|
|t:|1779811218
|move|p2a: Iron Moth|Sludge Wave|p1a: QUZZ
|-supereffective|p1a: QUZZ
|-damage|p1a: QUZZ|0 fnt
|faint|p1a: QUZZ
|-end|p1a: QUZZ|Quark Drive|[silent]
|
|upkeep
|
|t:|1779811221
|switch|p1a: TREE?|Gholdengo|100/100
|-item|p1a: TREE?|Air Balloon
|turn|20
|inactive|Kochu_shak has 120 seconds left.
|
|t:|1779811246
|-terastallize|p1a: TREE?|Flying
|move|p1a: TREE?|Psyshock|p2a: Iron Moth
|-supereffective|p2a: Iron Moth
|-damage|p2a: Iron Moth|0 fnt
|faint|p2a: Iron Moth
|-end|p2a: Iron Moth|Quark Drive|[silent]
|
|upkeep
|
|t:|1779811254
|switch|p2a: Enamorus|Enamorus, F, tera:Fairy|100/100
|-activate|p2a: Enamorus|move: Sticky Web
|-boost|p2a: Enamorus|spe|1
|turn|21
|c| tatam1 galaxy|Hmm tera nhi karna tha
|
|t:|1779811260
|move|p2a: Enamorus|Moonblast|p1a: TREE?
|-damage|p1a: TREE?|0 fnt
|-enditem|p1a: TREE?|Air Balloon
|faint|p1a: TREE?
|
|win|SHONE
|n|☆Kochu_shak|kochushak
|n|☆SHONE|shone
|n| tatam1 galaxy|tatam1galaxy
