|j|☆claudechamp
|j|☆Igneos901
|t:|1779832952
|gametype|singles
|player|p1|claudechamp|265|1266
|player|p2|Igneos901|170|1242
|gen|9
|tier|[Gen 9] OU
|rated|
|rule|HP Percentage Mod: HP is shown in percentages
|rule|Endless Battle Clause: Forcing endless battles is banned
|rule|Species Clause: Limit one of each Pokémon
|rule|OHKO Clause: OHKO moves are banned
|rule|Evasion Items Clause: Evasion items are banned
|rule|Evasion Moves Clause: Evasion moves are banned
|rule|Evasion Abilities Clause: Evasion abilities are banned
|rule|Sleep Moves Clause: Sleep-inducing moves are banned
|clearpoke
|poke|p1|Gliscor, M|
|poke|p1|Gholdengo|
|poke|p1|Zamazenta-*|
|poke|p1|Blissey, F|
|poke|p1|Skarmory, F|
|poke|p1|Pecharunt|
|poke|p2|Cinderace, M|
|poke|p2|Dragapult, F|
|poke|p2|Goodra, F|
|poke|p2|Whimsicott, F|
|poke|p2|Torkoal, M|
|poke|p2|Ursaluna, M|
|teampreview
|c|☆claudechamp|hf
|inactive|Battle timer is ON: inactive players will automatically lose when time's up. (requested by claudechamp)
|
|t:|1779832972
|teamsize|p1|6
|teamsize|p2|6
|start
|switch|p1a: Skarmory|Skarmory, F|100/100
|switch|p2a: Dragapult|Dragapult, F|100/100
|turn|1
|
|t:|1779832976
|switch|p2a: Torkoal|Torkoal, M|100/100
|-weather|SunnyDay|[from] ability: Drought|[of] p2a: Torkoal
|move|p1a: Skarmory|Spikes|p2a: Torkoal
|-sidestart|p2: Igneos901|Spikes
|
|-weather|SunnyDay|[upkeep]
|upkeep
|turn|2
|
|t:|1779832980
|switch|p1a: Pecharunt|Pecharunt|100/100
|move|p2a: Torkoal|Stealth Rock|p1a: Pecharunt
|-sidestart|p1: claudechamp|move: Stealth Rock
|
|-weather|SunnyDay|[upkeep]
|upkeep
|turn|3
|
|t:|1779832990
|move|p1a: Pecharunt|Toxic|p2a: Torkoal
|-status|p2a: Torkoal|tox
|-start|p2a: Torkoal|confusion|[from] ability: Poison Puppeteer|[of] p1a: Pecharunt
|-activate|p2a: Torkoal|confusion
|-damage|p2a: Torkoal|95/100 tox|[from] confusion
|
|-weather|SunnyDay|[upkeep]
|-damage|p2a: Torkoal|88/100 tox|[from] psn
|upkeep
|turn|4
|
|t:|1779832996
|switch|p2a: Ursaluna|Ursaluna, M|100/100
|-damage|p2a: Ursaluna|88/100|[from] Spikes
|move|p1a: Pecharunt|Shadow Ball|p2a: Ursaluna
|-immune|p2a: Ursaluna
|
|-weather|SunnyDay|[upkeep]
|-status|p2a: Ursaluna|brn|[from] item: Flame Orb
|upkeep
|turn|5
|
|t:|1779832998
|move|p1a: Pecharunt|Parting Shot|p2a: Ursaluna
|-unboost|p2a: Ursaluna|atk|1
|-unboost|p2a: Ursaluna|spa|1
|
|t:|1779833000
|switch|p1a: Gliscor|Gliscor, M|100/100|[from] Parting Shot
|-damage|p1a: Gliscor|88/100|[from] Stealth Rock
|move|p2a: Ursaluna|Crunch|p1a: Gliscor
|-damage|p1a: Gliscor|60/100
|
|-weather|none
|-damage|p2a: Ursaluna|82/100 brn|[from] brn
|-status|p1a: Gliscor|tox|[from] item: Toxic Orb
|upkeep
|turn|6
|
|t:|1779833009
|move|p1a: Gliscor|Swords Dance|p1a: Gliscor
|-boost|p1a: Gliscor|atk|2
|move|p2a: Ursaluna|Facade|p1a: Gliscor
|-damage|p1a: Gliscor|0 fnt
|faint|p1a: Gliscor
|
|-damage|p2a: Ursaluna|76/100 brn|[from] brn
|upkeep
|
|t:|1779833014
|switch|p1a: Zamazenta|Zamazenta|100/100
|-ability|p1a: Zamazenta|Dauntless Shield|boost
|-boost|p1a: Zamazenta|def|1
|turn|7
|
|t:|1779833018
|switch|p2a: Whimsicott|Whimsicott, F|100/100
|-damage|p2a: Whimsicott|88/100|[from] Spikes
|move|p1a: Zamazenta|Close Combat|p2a: Whimsicott
|-resisted|p2a: Whimsicott
|-damage|p2a: Whimsicott|58/100
|-unboost|p1a: Zamazenta|def|1
|-unboost|p1a: Zamazenta|spd|1
|
|-heal|p2a: Whimsicott|64/100|[from] item: Leftovers
|upkeep
|turn|8
|
|t:|1779833028
|move|p2a: Whimsicott|Encore|p1a: Zamazenta
|-start|p1a: Zamazenta|Encore
|move|p1a: Zamazenta|Close Combat|p2a: Whimsicott
|-resisted|p2a: Whimsicott
|-damage|p2a: Whimsicott|33/100
|-unboost|p1a: Zamazenta|def|1
|-unboost|p1a: Zamazenta|spd|1
|
|-heal|p2a: Whimsicott|39/100|[from] item: Leftovers
|upkeep
|turn|9
|
|t:|1779833032
|move|p2a: Whimsicott|Substitute|p2a: Whimsicott
|-start|p2a: Whimsicott|Substitute
|-damage|p2a: Whimsicott|14/100
|move|p1a: Zamazenta|Close Combat|p2a: Whimsicott
|-resisted|p2a: Whimsicott
|-crit|p2a: Whimsicott
|-end|p2a: Whimsicott|Substitute
|-unboost|p1a: Zamazenta|def|1
|-unboost|p1a: Zamazenta|spd|1
|
|-heal|p2a: Whimsicott|20/100|[from] item: Leftovers
|upkeep
|turn|10
|
|t:|1779833040
|switch|p2a: Dragapult|Dragapult, F|100/100
|-damage|p2a: Dragapult|88/100|[from] Spikes
|move|p1a: Zamazenta|Close Combat|p2a: Dragapult
|-immune|p2a: Dragapult
|
|-end|p1a: Zamazenta|Encore
|upkeep
|turn|11
|
|t:|1779833043
|switch|p1a: Gholdengo|Gholdengo|100/100
|-damage|p1a: Gholdengo|94/100|[from] Stealth Rock
|move|p2a: Dragapult|Dragon Darts|p1a: Gholdengo
|-resisted|p1a: Gholdengo
|-damage|p1a: Gholdengo|81/100
|-anim|p2a: Dragapult|Dragon Darts|p1a: Gholdengo
|-resisted|p1a: Gholdengo
|-damage|p1a: Gholdengo|66/100
|
|upkeep
|turn|12
|
|t:|1779833048
|switch|p2a: Ursaluna|Ursaluna, M|76/100 brn
|-damage|p2a: Ursaluna|64/100 brn|[from] Spikes
|move|p1a: Gholdengo|Recover|p1a: Gholdengo
|-heal|p1a: Gholdengo|100/100
|
|-damage|p2a: Ursaluna|58/100 brn|[from] brn
|upkeep
|turn|13
|
|t:|1779833055
|switch|p1a: Skarmory|Skarmory, F|100/100
|move|p2a: Ursaluna|Crunch|p1a: Skarmory
|-damage|p1a: Skarmory|69/100
|
|-damage|p2a: Ursaluna|52/100 brn|[from] brn
|upkeep
|turn|14
|
|t:|1779833059
|switch|p2a: Torkoal|Torkoal, M|88/100 tox
|-damage|p2a: Torkoal|76/100 tox|[from] Spikes
|-weather|SunnyDay|[from] ability: Drought|[of] p2a: Torkoal
|move|p1a: Skarmory|Spikes|p2a: Torkoal
|-sidestart|p2: Igneos901|Spikes
|
|-weather|SunnyDay|[upkeep]
|-damage|p2a: Torkoal|70/100 tox|[from] psn
|upkeep
|turn|15
|
|t:|1779833062
|switch|p1a: Pecharunt|Pecharunt|100/100
|move|p2a: Torkoal|Flamethrower|p1a: Pecharunt
|-damage|p1a: Pecharunt|48/100
|
|-weather|SunnyDay|[upkeep]
|-damage|p2a: Torkoal|57/100 tox|[from] psn
|upkeep
|turn|16
|
|t:|1779833068
|move|p1a: Pecharunt|Recover|p1a: Pecharunt
|-heal|p1a: Pecharunt|98/100
|move|p2a: Torkoal|Flamethrower|p1a: Pecharunt
|-damage|p1a: Pecharunt|48/100
|
|-weather|SunnyDay|[upkeep]
|-damage|p2a: Torkoal|38/100 tox|[from] psn
|upkeep
|turn|17
|
|t:|1779833072
|switch|p2a: Whimsicott|Whimsicott, F|20/100
|-damage|p2a: Whimsicott|4/100|[from] Spikes
|move|p1a: Pecharunt|Recover|p1a: Pecharunt
|-heal|p1a: Pecharunt|98/100
|
|-weather|SunnyDay|[upkeep]
|-heal|p2a: Whimsicott|10/100|[from] item: Leftovers
|upkeep
|turn|18
|
|t:|1779833078
|move|p2a: Whimsicott|Encore|p1a: Pecharunt
|-start|p1a: Pecharunt|Encore
|move|p1a: Pecharunt|Recover|p1a: Pecharunt
|-heal|p1a: Pecharunt|100/100
|
|-weather|none
|-heal|p2a: Whimsicott|16/100|[from] item: Leftovers
|upkeep
|turn|19
|
|t:|1779833081
|switch|p1a: Gholdengo|Gholdengo|100/100
|-damage|p1a: Gholdengo|94/100|[from] Stealth Rock
|move|p2a: Whimsicott|Leech Seed|p1a: Gholdengo
|-immune|p1a: Gholdengo|[from] ability: Good as Gold
|
|-heal|p2a: Whimsicott|22/100|[from] item: Leftovers
|upkeep
|turn|20
|
|t:|1779833086
|switch|p2a: Goodra|Goodra, F|100/100
|-damage|p2a: Goodra|84/100|[from] Spikes
|move|p1a: Gholdengo|Hex|p2a: Goodra
|-damage|p2a: Goodra|72/100
|
|upkeep
|turn|21
|
|t:|1779833098
|switch|p1a: Zamazenta|Zamazenta|100/100
|move|p2a: Goodra|Flamethrower|p1a: Zamazenta
|-damage|p1a: Zamazenta|77/100
|
|upkeep
|turn|22
|
|t:|1779833109
|move|p1a: Zamazenta|Close Combat|p2a: Goodra
|-damage|p2a: Goodra|16/100
|-unboost|p1a: Zamazenta|def|1
|-unboost|p1a: Zamazenta|spd|1
|-ability|p2a: Goodra|Gooey
|-unboost|p1a: Zamazenta|spe|1
|move|p2a: Goodra|Dragon Tail|p1a: Zamazenta
|-damage|p1a: Zamazenta|49/100
|drag|p1a: Gholdengo|Gholdengo|94/100
|-damage|p1a: Gholdengo|88/100|[from] Stealth Rock
|
|upkeep
|turn|23
|
|t:|1779833117
|move|p1a: Gholdengo|Thunder Wave|p2a: Goodra|[miss]
|-miss|p1a: Gholdengo|p2a: Goodra
|move|p2a: Goodra|Flamethrower|p1a: Gholdengo
|-supereffective|p1a: Gholdengo
|-crit|p1a: Gholdengo
|-damage|p1a: Gholdengo|13/100
|
|upkeep
|turn|24
|
|t:|1779833124
|-terastallize|p1a: Gholdengo|Fairy
|move|p1a: Gholdengo|Recover|p1a: Gholdengo
|-heal|p1a: Gholdengo|63/100
|move|p2a: Goodra|Flamethrower|p1a: Gholdengo
|-damage|p1a: Gholdengo|38/100
|
|upkeep
|turn|25
|
|t:|1779833129
|move|p1a: Gholdengo|Recover|p1a: Gholdengo
|-heal|p1a: Gholdengo|88/100
|move|p2a: Goodra|Sludge Bomb|p1a: Gholdengo
|-supereffective|p1a: Gholdengo
|-damage|p1a: Gholdengo|38/100
|-status|p1a: Gholdengo|psn
|
|-damage|p1a: Gholdengo|25/100 psn|[from] psn
|upkeep
|turn|26
|
|t:|1779833134
|move|p1a: Gholdengo|Hex|p2a: Goodra
|-damage|p2a: Goodra|4/100
|move|p2a: Goodra|Sludge Bomb|p1a: Gholdengo
|-supereffective|p1a: Gholdengo
|-damage|p1a: Gholdengo|0 fnt
|faint|p1a: Gholdengo
|
|upkeep
|
|t:|1779833141
|switch|p1a: Zamazenta|Zamazenta|49/100
|turn|27
|
|t:|1779833144
|move|p1a: Zamazenta|Close Combat|p2a: Goodra
|-damage|p2a: Goodra|0 fnt
|-unboost|p1a: Zamazenta|def|1
|-unboost|p1a: Zamazenta|spd|1
|-ability|p2a: Goodra|Gooey
|-unboost|p1a: Zamazenta|spe|1
|faint|p2a: Goodra
|
|upkeep
|
|t:|1779833154
|switch|p2a: Whimsicott|Whimsicott, F|22/100
|-damage|p2a: Whimsicott|5/100|[from] Spikes
|turn|28
|
|t:|1779833159
|move|p1a: Zamazenta|Crunch|p2a: Whimsicott
|-resisted|p2a: Whimsicott
|-damage|p2a: Whimsicott|0 fnt
|faint|p2a: Whimsicott
|
|upkeep
|
|t:|1779833165
|switch|p2a: Dragapult|Dragapult, F|88/100
|-damage|p2a: Dragapult|72/100|[from] Spikes
|turn|29
|
|t:|1779833173
|switch|p1a: Skarmory|Skarmory, F|69/100
|-terastallize|p2a: Dragapult|Dragon
|move|p2a: Dragapult|Dragon Darts|p1a: Skarmory
|-resisted|p1a: Skarmory
|-damage|p1a: Skarmory|53/100
|-anim|p2a: Dragapult|Dragon Darts|p1a: Skarmory
|-resisted|p1a: Skarmory
|-damage|p1a: Skarmory|37/100
|
|upkeep
|turn|30
|
|t:|1779833184
|move|p2a: Dragapult|Dragon Darts|p1a: Skarmory
|-resisted|p1a: Skarmory
|-damage|p1a: Skarmory|21/100
|-anim|p2a: Dragapult|Dragon Darts|p1a: Skarmory
|-resisted|p1a: Skarmory
|-damage|p1a: Skarmory|3/100
|move|p1a: Skarmory|Roost|p1a: Skarmory
|-heal|p1a: Skarmory|53/100
|-singleturn|p1a: Skarmory|move: Roost
|
|upkeep
|turn|31
|
|t:|1779833191
|switch|p2a: Torkoal|Torkoal, M|38/100 tox
|-damage|p2a: Torkoal|22/100 tox|[from] Spikes
|-weather|SunnyDay|[from] ability: Drought|[of] p2a: Torkoal
|move|p1a: Skarmory|Roost|p1a: Skarmory
|-heal|p1a: Skarmory|100/100
|-singleturn|p1a: Skarmory|move: Roost
|
|-weather|SunnyDay|[upkeep]
|-damage|p2a: Torkoal|16/100 tox|[from] psn
|upkeep
|turn|32
|
|t:|1779833203
|move|p1a: Skarmory|Body Press|p2a: Torkoal
|-damage|p2a: Torkoal|0 fnt
|-damage|p1a: Skarmory|84/100|[from] item: Rocky Helmet|[of] p2a: Torkoal
|faint|p2a: Torkoal
|
|-weather|SunnyDay|[upkeep]
|upkeep
|
|t:|1779833207
|switch|p2a: Cinderace|Cinderace, M|100/100
|turn|33
|
|t:|1779833212
|move|p2a: Cinderace|Pyro Ball|p1a: Skarmory
|-supereffective|p1a: Skarmory
|-damage|p1a: Skarmory|0 fnt
|faint|p1a: Skarmory
|
|-weather|SunnyDay|[upkeep]
|upkeep
|
|t:|1779833218
|switch|p1a: Pecharunt|Pecharunt|100/100
|turn|34
|
|t:|1779833226
|move|p2a: Cinderace|Gunk Shot|p1a: Pecharunt
|-start|p2a: Cinderace|typechange|Poison|[from] ability: Libero
|-resisted|p1a: Pecharunt
|-damage|p1a: Pecharunt|94/100
|move|p1a: Pecharunt|Parting Shot|p2a: Cinderace
|-unboost|p2a: Cinderace|atk|1
|-unboost|p2a: Cinderace|spa|1
|
|t:|1779833236
|switch|p1a: Zamazenta|Zamazenta|49/100|[from] Parting Shot
|
|-weather|SunnyDay|[upkeep]
|upkeep
|turn|35
|
|t:|1779833247
|move|p1a: Zamazenta|Heavy Slam|p2a: Cinderace
|-damage|p2a: Cinderace|47/100
|move|p2a: Cinderace|Gunk Shot|p1a: Zamazenta|[miss]
|-miss|p2a: Cinderace|p1a: Zamazenta
|
|-weather|none
|upkeep
|turn|36
|
|t:|1779833264
|switch|p1a: Pecharunt|Pecharunt|94/100
|move|p2a: Cinderace|Gunk Shot|p1a: Pecharunt
|-resisted|p1a: Pecharunt
|-damage|p1a: Pecharunt|90/100
|
|upkeep
|turn|37
|
|t:|1779833271
|move|p2a: Cinderace|Swords Dance|p2a: Cinderace
|-boost|p2a: Cinderace|atk|2
|move|p1a: Pecharunt|Parting Shot|p2a: Cinderace
|-unboost|p2a: Cinderace|atk|1
|-unboost|p2a: Cinderace|spa|1
|
|t:|1779833279
|switch|p1a: Zamazenta|Zamazenta|49/100|[from] Parting Shot
|
|upkeep
|turn|38
|
|t:|1779833290
|switch|p1a: Pecharunt|Pecharunt|90/100
|move|p2a: Cinderace|Gunk Shot|p1a: Pecharunt|[miss]
|-miss|p2a: Cinderace|p1a: Pecharunt
|
|upkeep
|turn|39
|
|t:|1779833299
|move|p2a: Cinderace|Swords Dance|p2a: Cinderace
|-boost|p2a: Cinderace|atk|2
|move|p1a: Pecharunt|Parting Shot|p2a: Cinderace
|-unboost|p2a: Cinderace|atk|1
|-unboost|p2a: Cinderace|spa|1
|
|t:|1779833309
|switch|p1a: Zamazenta|Zamazenta|49/100|[from] Parting Shot
|
|upkeep
|turn|40
|
|t:|1779833317
|move|p1a: Zamazenta|Heavy Slam|p2a: Cinderace
|-damage|p2a: Cinderace|0 fnt
|faint|p2a: Cinderace
|
|upkeep
|
|t:|1779833322
|switch|p2a: Dragapult|Dragapult, F, tera:Dragon|72/100
|-damage|p2a: Dragapult|55/100|[from] Spikes
|turn|41
|
|t:|1779833327
|move|p1a: Zamazenta|Close Combat|p2a: Dragapult
|-damage|p2a: Dragapult|0 fnt
|-unboost|p1a: Zamazenta|def|1
|-unboost|p1a: Zamazenta|spd|1
|faint|p2a: Dragapult
|
|upkeep
|
|t:|1779833330
|switch|p2a: Ursaluna|Ursaluna, M|52/100 brn
|-damage|p2a: Ursaluna|35/100 brn|[from] Spikes
|turn|42
|-message|Igneos901 forfeited.
|
|win|claudechamp
|raw|claudechamp's rating: 1303 &rarr; <strong>1320</strong><br />(+17 for winning)
|raw|Igneos901's rating: 1242 &rarr; <strong>1221</strong><br />(-21 for losing)
|c|☆claudechamp|gg
|l|☆Igneos901
|player|p2|
