|j|☆sunshinepromise
|j|☆Heliolower
|t:|1779922066
|gametype|singles
|player|p1|sunshinepromise|2|1502
|player|p2|Heliolower|102|1416
|gen|9
|tier|[Gen 9] OU
|rated|
|rule|HP Percentage Mod: HP is shown in percentages
|rule|Endless Battle Clause: Forcing endless battles is banned
|rule|Species Clause: Limit one of each Pokémon
|rule|OHKO Clause: OHKO moves are banned
|rule|Evasion Items Clause: Evasion items are banned
|rule|Evasion Moves Clause: Evasion moves are banned
|rule|Evasion Abilities Clause: Evasion abilities are banned
|rule|Sleep Moves Clause: Sleep-inducing moves are banned
|clearpoke
|poke|p1|Pincurchin, M|
|poke|p1|Iron Hands|
|poke|p1|Rotom-Wash|
|poke|p1|Gholdengo|
|poke|p1|Raichu-Alola, F|
|poke|p1|Hatterene, F|
|poke|p2|Darkrai|
|poke|p2|Samurott-Hisui, M|
|poke|p2|Gholdengo|
|poke|p2|Landorus-Therian, M|
|poke|p2|Zamazenta-*|
|poke|p2|Latios, M|
|teampreview
|inactive|Battle timer is ON: inactive players will automatically lose when time's up. (requested by Heliolower)
|
|t:|1779922071
|teamsize|p1|6
|teamsize|p2|6
|start
|switch|p1a: Pincurchin|Pincurchin, M|100/100
|switch|p2a: Samurott|Samurott-Hisui, M|100/100
|-fieldstart|move: Electric Terrain|[from] ability: Electric Surge|[of] p1a: Pincurchin
|turn|1
|
|t:|1779922075
|switch|p1a: Hatterene|Hatterene, F|100/100
|move|p2a: Samurott|Ceaseless Edge|p1a: Hatterene
|-damage|p1a: Hatterene|47/100
|-sidestart|p1: sunshinepromise|Spikes
|-enditem|p1a: Hatterene|Eject Button
|
|t:|1779922094
|switch|p1a: Raichu|Raichu-Alola, F|100/100
|-damage|p1a: Raichu|88/100|[from] Spikes
|
|upkeep
|turn|2
|
|t:|1779922100
|switch|p2a: Landorus|Landorus-Therian, M|100/100
|-ability|p2a: Landorus|Intimidate|boost
|-unboost|p1a: Raichu|atk|1
|-terastallize|p1a: Raichu|Fairy
|move|p1a: Raichu|Nasty Plot|p1a: Raichu
|-boost|p1a: Raichu|spa|2
|
|upkeep
|turn|3
|
|t:|1779922107
|move|p1a: Raichu|Draining Kiss|p2a: Landorus
|-damage|p2a: Landorus|27/100
|-heal|p1a: Raichu|100/100|[from] drain|[of] p2a: Landorus
|-damage|p1a: Raichu|84/100|[from] item: Rocky Helmet|[of] p2a: Landorus
|-damage|p1a: Raichu|74/100|[from] item: Life Orb
|move|p2a: Landorus|Earthquake|p1a: Raichu
|-damage|p1a: Raichu|0 fnt
|faint|p1a: Raichu
|
|upkeep
|
|t:|1779922118
|switch|p1a: Rotom|Rotom-Wash|100/100
|turn|4
|
|t:|1779922120
|move|p2a: Landorus|Stealth Rock|p1a: Rotom
|-sidestart|p1: sunshinepromise|move: Stealth Rock
|move|p1a: Rotom|Hydro Pump|p2a: Landorus
|-supereffective|p2a: Landorus
|-damage|p2a: Landorus|0 fnt
|faint|p2a: Landorus
|
|upkeep
|
|t:|1779922132
|switch|p2a: Darkrai|Darkrai|100/100
|turn|5
|
|t:|1779922135
|move|p2a: Darkrai|Knock Off|p1a: Rotom
|-damage|p1a: Rotom|77/100
|-enditem|p1a: Rotom|Light Clay|[from] move: Knock Off|[of] p2a: Darkrai
|move|p1a: Rotom|Light Screen|p1a: Rotom
|-sidestart|p1: sunshinepromise|move: Light Screen
|
|upkeep
|turn|6
|
|t:|1779922153
|switch|p2a: Latios|Latios, M|100/100
|move|p1a: Rotom|Reflect|p1a: Rotom
|-sidestart|p1: sunshinepromise|Reflect
|
|upkeep
|turn|7
|
|t:|1779922156
|move|p2a: Latios|Calm Mind|p2a: Latios
|-boost|p2a: Latios|spa|1
|-boost|p2a: Latios|spd|1
|move|p1a: Rotom|Volt Switch|p2a: Latios
|-resisted|p2a: Latios
|-damage|p2a: Latios|92/100
|
|t:|1779922159
|switch|p1a: Gholdengo|Gholdengo|100/100|[from] Volt Switch
|-damage|p1a: Gholdengo|88/100|[from] Spikes
|-damage|p1a: Gholdengo|82/100|[from] Stealth Rock
|-enditem|p1a: Gholdengo|Electric Seed
|-boost|p1a: Gholdengo|def|1|[from] item: Electric Seed
|
|upkeep
|turn|8
|
|t:|1779922168
|-terastallize|p2a: Latios|Steel
|move|p2a: Latios|Psychic Noise|p1a: Gholdengo
|-resisted|p1a: Gholdengo
|-damage|p1a: Gholdengo|62/100
|-start|p1a: Gholdengo|move: Heal Block
|move|p1a: Gholdengo|Nasty Plot|p1a: Gholdengo
|-boost|p1a: Gholdengo|spa|2
|
|-fieldend|move: Electric Terrain
|upkeep
|turn|9
|
|t:|1779922182
|move|p2a: Latios|Calm Mind|p2a: Latios
|-boost|p2a: Latios|spa|1
|-boost|p2a: Latios|spd|1
|move|p1a: Gholdengo|Shadow Ball|p2a: Latios
|-damage|p2a: Latios|42/100
|
|-end|p1a: Gholdengo|move: Heal Block
|-sideend|p1: sunshinepromise|move: Light Screen
|upkeep
|turn|10
|
|t:|1779922185
|move|p2a: Latios|Psychic Noise|p1a: Gholdengo
|-resisted|p1a: Gholdengo
|-damage|p1a: Gholdengo|6/100
|-start|p1a: Gholdengo|move: Heal Block
|move|p1a: Gholdengo|Shadow Ball|p2a: Latios
|-damage|p2a: Latios|0 fnt
|faint|p2a: Latios
|
|-sideend|p1: sunshinepromise|Reflect
|upkeep
|
|t:|1779922191
|switch|p2a: Samurott|Samurott-Hisui, M|100/100
|turn|11
|
|t:|1779922194
|move|p2a: Samurott|Ceaseless Edge|p1a: Gholdengo
|-supereffective|p1a: Gholdengo
|-damage|p1a: Gholdengo|0 fnt
|-sidestart|p1: sunshinepromise|Spikes
|faint|p1a: Gholdengo
|
|upkeep
|
|t:|1779922197
|switch|p1a: Rotom|Rotom-Wash|77/100
|-damage|p1a: Rotom|65/100|[from] Stealth Rock
|turn|12
|
|t:|1779922204
|move|p2a: Samurott|Ceaseless Edge|p1a: Rotom
|-damage|p1a: Rotom|32/100
|-sidestart|p1: sunshinepromise|Spikes
|move|p1a: Rotom|Reflect|p1a: Rotom
|-sidestart|p1: sunshinepromise|Reflect
|
|upkeep
|turn|13
|
|t:|1779922210
|switch|p2a: Darkrai|Darkrai|100/100
|move|p1a: Rotom|Volt Switch|p2a: Darkrai
|-damage|p2a: Darkrai|61/100
|
|t:|1779922216
|switch|p1a: Pincurchin|Pincurchin, M|100/100|[from] Volt Switch
|-damage|p1a: Pincurchin|76/100|[from] Spikes
|-damage|p1a: Pincurchin|63/100|[from] Stealth Rock
|-fieldstart|move: Electric Terrain|[from] ability: Electric Surge|[of] p1a: Pincurchin
|
|upkeep
|turn|14
|
|t:|1779922229
|move|p2a: Darkrai|Dark Pulse|p1a: Pincurchin
|-damage|p1a: Pincurchin|0 fnt
|faint|p1a: Pincurchin
|
|upkeep
|
|t:|1779922233
|switch|p1a: Iron Hands|Iron Hands|100/100
|-damage|p1a: Iron Hands|75/100|[from] Spikes
|-damage|p1a: Iron Hands|69/100|[from] Stealth Rock
|-activate|p1a: Iron Hands|ability: Quark Drive
|-start|p1a: Iron Hands|quarkdriveatk
|turn|15
|
|t:|1779922242
|move|p2a: Darkrai|Knock Off|p1a: Iron Hands
|-resisted|p1a: Iron Hands
|-damage|p1a: Iron Hands|65/100
|-enditem|p1a: Iron Hands|Lum Berry|[from] move: Knock Off|[of] p2a: Darkrai
|move|p1a: Iron Hands|Thunder Punch|p2a: Darkrai
|-damage|p2a: Darkrai|0 fnt
|faint|p2a: Darkrai
|
|upkeep
|
|t:|1779922249
|switch|p2a: Samurott|Samurott-Hisui, M|100/100
|turn|16
|
|t:|1779922252
|move|p2a: Samurott|Razor Shell|p1a: Iron Hands
|-damage|p1a: Iron Hands|50/100
|-unboost|p1a: Iron Hands|def|1
|move|p1a: Iron Hands|Drain Punch|p2a: Samurott
|-supereffective|p2a: Samurott
|-damage|p2a: Samurott|0 fnt
|-heal|p1a: Iron Hands|81/100|[from] drain|[of] p2a: Samurott
|faint|p2a: Samurott
|
|-sideend|p1: sunshinepromise|Reflect
|upkeep
|
|t:|1779922275
|switch|p2a: Gholdengo|Gholdengo|100/100
|-item|p2a: Gholdengo|Air Balloon
|turn|17
|inactive|Heliolower has 120 seconds left.
|l|☆Heliolower
|inactive|Heliolower disconnected and has a minute to reconnect!
|player|p2|
|inactive|Heliolower has 30 seconds to reconnect!
|inactive|Heliolower has 20 seconds to reconnect!
|inactive|Heliolower has 15 seconds to reconnect!
|inactive|Heliolower has 10 seconds to reconnect!
|inactive|Heliolower has 5 seconds to reconnect!
|-message|Heliolower lost due to inactivity.
|
|win|sunshinepromise
|raw|sunshinepromise's rating: 1502 &rarr; <strong>1517</strong><br />(+15 for winning)
|raw|Heliolower's rating: 1416 &rarr; <strong>1401</strong><br />(-15 for losing)
|j|☆Heliolower
|player|p2|Heliolower|102|
