|j|☆scruin-445
|j|☆hish_9
|t:|1779804674
|gametype|singles
|player|p1|scruin-445|bugcatcher-gen4dp|1303
|player|p2|hish_9|red|1292
|gen|9
|tier|[Gen 9] OU
|rated|
|rule|HP Percentage Mod: HP is shown in percentages
|rule|Endless Battle Clause: Forcing endless battles is banned
|rule|Species Clause: Limit one of each Pokémon
|rule|OHKO Clause: OHKO moves are banned
|rule|Evasion Items Clause: Evasion items are banned
|rule|Evasion Moves Clause: Evasion moves are banned
|rule|Evasion Abilities Clause: Evasion abilities are banned
|rule|Sleep Moves Clause: Sleep-inducing moves are banned
|clearpoke
|poke|p1|Kleavor, M|
|poke|p1|Araquanid, F|
|poke|p1|Scizor, M|
|poke|p1|Forretress, F|
|poke|p1|Heracross, M|
|poke|p1|Lokix, M|
|poke|p2|Scizor, F|
|poke|p2|Hatterene, F|
|poke|p2|Walking Wake|
|poke|p2|Raging Bolt|
|poke|p2|Ninetales, M|
|poke|p2|Great Tusk|
|teampreview
|inactive|Battle timer is ON: inactive players will automatically lose when time's up. (requested by scruin-445)
|
|t:|1779804695
|teamsize|p1|6
|teamsize|p2|6
|start
|switch|p1a: Araquanid|Araquanid, F|100/100
|switch|p2a: Raging Bolt|Raging Bolt|100/100
|-enditem|p2a: Raging Bolt|Booster Energy
|-activate|p2a: Raging Bolt|ability: Protosynthesis|[fromitem]
|-start|p2a: Raging Bolt|protosynthesisspa
|turn|1
|
|t:|1779804706
|move|p2a: Raging Bolt|Calm Mind|p2a: Raging Bolt
|-boost|p2a: Raging Bolt|spa|1
|-boost|p2a: Raging Bolt|spd|1
|move|p1a: Araquanid|Stockpile|p1a: Araquanid
|-start|p1a: Araquanid|stockpile1
|-boost|p1a: Araquanid|def|1
|-boost|p1a: Araquanid|spd|1
|
|upkeep
|turn|2
|
|t:|1779804717
|move|p2a: Raging Bolt|Thunderbolt|p1a: Araquanid
|-supereffective|p1a: Araquanid
|-damage|p1a: Araquanid|0 fnt
|faint|p1a: Araquanid
|
|upkeep
|
|t:|1779804722
|switch|p1a: Heracross|Heracross, M|100/100
|turn|3
|
|t:|1779804732
|-terastallize|p1a: Heracross|Ground
|move|p1a: Heracross|Earthquake|p2a: Raging Bolt
|-supereffective|p2a: Raging Bolt
|-damage|p2a: Raging Bolt|13/100
|move|p2a: Raging Bolt|Draco Meteor|p1a: Heracross
|-damage|p1a: Heracross|0 fnt
|-unboost|p2a: Raging Bolt|spa|2
|faint|p1a: Heracross
|
|upkeep
|
|t:|1779804749
|switch|p1a: Kleavor|Kleavor, M|100/100
|turn|4
|
|t:|1779804759
|move|p2a: Raging Bolt|Thunderclap|p1a: Kleavor
|-damage|p1a: Kleavor|58/100
|move|p1a: Kleavor|U-turn|p2a: Raging Bolt
|-damage|p2a: Raging Bolt|0 fnt
|faint|p2a: Raging Bolt
|-end|p2a: Raging Bolt|Protosynthesis|[silent]
|
|t:|1779804769
|switch|p1a: Forretress|Forretress, F|100/100|[from] U-turn
|
|upkeep
|
|t:|1779804780
|switch|p2a: Ninetales|Ninetales, M|100/100
|-weather|SunnyDay|[from] ability: Drought|[of] p2a: Ninetales
|turn|5
|
|t:|1779804785
|move|p2a: Ninetales|Weather Ball|p1a: Forretress
|-supereffective|p1a: Forretress
|-damage|p1a: Forretress|0 fnt
|faint|p1a: Forretress
|
|-weather|SunnyDay|[upkeep]
|upkeep
|
|t:|1779804793
|switch|p1a: Kleavor|Kleavor, M|58/100
|turn|6
|
|t:|1779804808
|-terastallize|p2a: Ninetales|Ghost
|move|p2a: Ninetales|Weather Ball|p1a: Kleavor
|-damage|p1a: Kleavor|6/100
|move|p1a: Kleavor|Stone Axe|p2a: Ninetales
|-damage|p2a: Ninetales|42/100
|-sidestart|p2: hish_9|move: Stealth Rock
|
|-weather|SunnyDay|[upkeep]
|upkeep
|turn|7
|c|☆scruin-445|İ think you're the first sun time i ever lost to
|
|t:|1779804820
|move|p2a: Ninetales|Weather Ball|p1a: Kleavor
|-crit|p1a: Kleavor
|-damage|p1a: Kleavor|0 fnt
|faint|p1a: Kleavor
|
|-weather|SunnyDay|[upkeep]
|upkeep
|c|☆hish_9|u havent lost yet
|
|t:|1779804827
|switch|p1a: Lokix|Lokix, M|100/100
|turn|8
|
|t:|1779804832
|switch|p2a: Scizor|Scizor, F|100/100
|-damage|p2a: Scizor|88/100|[from] Stealth Rock
|move|p1a: Lokix|Sucker Punch||[still]
|-fail|p1a: Lokix
|
|-weather|SunnyDay|[upkeep]
|upkeep
|turn|9
|
|t:|1779804840
|move|p1a: Lokix|Knock Off|p2a: Scizor
|-damage|p2a: Scizor|49/100
|-enditem|p2a: Scizor|Choice Band|[from] move: Knock Off|[of] p1a: Lokix
|move|p2a: Scizor|U-turn|p1a: Lokix
|-supereffective|p1a: Lokix
|-enditem|p1a: Lokix|Focus Sash
|-damage|p1a: Lokix|1/100
|
|t:|1779804852
|switch|p2a: Walking Wake|Walking Wake|100/100|[from] U-turn
|-damage|p2a: Walking Wake|88/100|[from] Stealth Rock
|-activate|p2a: Walking Wake|ability: Protosynthesis
|-start|p2a: Walking Wake|protosynthesisspe
|
|-weather|SunnyDay|[upkeep]
|upkeep
|turn|10
|c|☆hish_9|ggs
|
|t:|1779804862
|move|p1a: Lokix|Sucker Punch|p2a: Walking Wake
|-damage|p2a: Walking Wake|56/100
|move|p2a: Walking Wake|Flamethrower|p1a: Lokix
|-supereffective|p1a: Lokix
|-damage|p1a: Lokix|0 fnt
|faint|p1a: Lokix
|
|-weather|SunnyDay|[upkeep]
|upkeep
|
|t:|1779804872
|switch|p1a: Scizor|Scizor, M|100/100
|turn|11
|
|t:|1779804880
|move|p2a: Walking Wake|Flamethrower|p1a: Scizor
|-supereffective|p1a: Scizor
|-damage|p1a: Scizor|0 fnt
|faint|p1a: Scizor
|
|win|hish_9
|raw|scruin-445's rating: 1303 &rarr; <strong>1282</strong><br />(-21 for losing)
|raw|hish_9's rating: 1292 &rarr; <strong>1318</strong><br />(+26 for winning)
|c|☆scruin-445|GG
|l|☆hish_9
|player|p2|
|l|☆scruin-445
|player|p1|
