|j|☆scarz1720
|j|☆PachuMerin
|t:|1779956310
|gametype|singles
|player|p1|scarz1720|170|1082
|player|p2|PachuMerin|acetrainercouple|1076
|gen|9
|tier|[Gen 9] OU
|rated|
|rule|HP Percentage Mod: HP is shown in percentages
|rule|Endless Battle Clause: Forcing endless battles is banned
|rule|Species Clause: Limit one of each Pokémon
|rule|OHKO Clause: OHKO moves are banned
|rule|Evasion Items Clause: Evasion items are banned
|rule|Evasion Moves Clause: Evasion moves are banned
|rule|Evasion Abilities Clause: Evasion abilities are banned
|rule|Sleep Moves Clause: Sleep-inducing moves are banned
|clearpoke
|poke|p1|Glimmora, F|
|poke|p1|Gardevoir, M|
|poke|p1|Rotom-Wash|
|poke|p1|Gliscor, M|
|poke|p1|Dragonite, M|
|poke|p1|Kingambit, F|
|poke|p2|Eelektross, F|
|poke|p2|Glimmora, F|
|poke|p2|Noivern, F|
|poke|p2|Zoroark-Hisui, M|
|poke|p2|Samurott-Hisui, M|
|poke|p2|Scream Tail|
|teampreview
|
|t:|1779956320
|teamsize|p1|6
|teamsize|p2|6
|start
|switch|p1a: Glimmora|Glimmora, F|100/100
|switch|p2a: spikes for sale|Samurott-Hisui, M|100/100
|turn|1
|
|t:|1779956324
|move|p1a: Glimmora|Stealth Rock|p2a: spikes for sale
|-sidestart|p2: PachuMerin|move: Stealth Rock
|move|p2a: spikes for sale|Ceaseless Edge|p1a: Glimmora
|-damage|p1a: Glimmora|58/100
|-activate|p1a: Glimmora|ability: Toxic Debris
|-sidestart|p2: PachuMerin|move: Toxic Spikes
|-sidestart|p1: scarz1720|Spikes
|
|upkeep
|turn|2
|
|t:|1779956331
|move|p1a: Glimmora|Mortal Spin|p2a: spikes for sale
|-damage|p2a: spikes for sale|93/100
|-status|p2a: spikes for sale|psn
|-sideend|p1: scarz1720|Spikes|[from] move: Mortal Spin|[of] p1a: Glimmora
|move|p2a: spikes for sale|Razor Shell|p1a: Glimmora
|-supereffective|p1a: Glimmora
|-damage|p1a: Glimmora|0 fnt
|-activate|p1a: Glimmora|ability: Toxic Debris
|-sidestart|p2: PachuMerin|move: Toxic Spikes
|faint|p1a: Glimmora
|
|-damage|p2a: spikes for sale|81/100 psn|[from] psn
|upkeep
|
|t:|1779956347
|switch|p1a: Gliscor|Gliscor, M|100/100
|turn|3
|
|t:|1779956352
|move|p1a: Gliscor|Protect|p1a: Gliscor
|-singleturn|p1a: Gliscor|Protect
|move|p2a: spikes for sale|Ceaseless Edge|p1a: Gliscor
|-activate|p1a: Gliscor|move: Protect
|
|-damage|p2a: spikes for sale|68/100 psn|[from] psn
|-status|p1a: Gliscor|tox|[from] item: Toxic Orb
|upkeep
|turn|4
|
|t:|1779956361
|move|p2a: spikes for sale|Razor Shell|p1a: Gliscor
|-supereffective|p1a: Gliscor
|-damage|p1a: Gliscor|33/100 tox
|-unboost|p1a: Gliscor|def|1
|move|p1a: Gliscor|Substitute|p1a: Gliscor
|-start|p1a: Gliscor|Substitute
|-damage|p1a: Gliscor|8/100 tox
|
|-damage|p2a: spikes for sale|56/100 psn|[from] psn
|-heal|p1a: Gliscor|20/100 tox|[from] ability: Poison Heal
|upkeep
|turn|5
|
|t:|1779956371
|move|p1a: Gliscor|Protect|p1a: Gliscor
|-singleturn|p1a: Gliscor|Protect
|move|p2a: spikes for sale|Ceaseless Edge|p1a: Gliscor
|-activate|p1a: Gliscor|move: Protect
|
|-damage|p2a: spikes for sale|43/100 psn|[from] psn
|-heal|p1a: Gliscor|33/100 tox|[from] ability: Poison Heal
|upkeep
|turn|6
|
|t:|1779956383
|move|p2a: spikes for sale|Ceaseless Edge|p1a: Gliscor
|-end|p1a: Gliscor|Substitute
|-sidestart|p1: scarz1720|Spikes
|move|p1a: Gliscor|Earthquake|p2a: spikes for sale
|-damage|p2a: spikes for sale|4/100 psn
|
|-damage|p2a: spikes for sale|0 fnt|[from] psn
|faint|p2a: spikes for sale
|-heal|p1a: Gliscor|45/100 tox|[from] ability: Poison Heal
|upkeep
|
|t:|1779956386
|switch|p2a: Might be the spy|Noivern, F|100/100
|-damage|p2a: Might be the spy|76/100|[from] Stealth Rock
|turn|7
|
|t:|1779956403
|switch|p1a: Rotom|Rotom-Wash, shiny|100/100
|move|p2a: Might be the spy|Defog|p1a: Rotom
|-unboost|p1a: Rotom|evasion|1
|-sideend|p1: scarz1720|Spikes|[from] move: Defog|[of] p2a: Might be the spy
|-sideend|p2: PachuMerin|Toxic Spikes|[from] move: Defog|[of] p2a: Might be the spy
|-sideend|p2: PachuMerin|Stealth Rock|[from] move: Defog|[of] p2a: Might be the spy
|
|upkeep
|turn|8
|
|t:|1779956412
|switch|p2a: Could be the spy|Scream Tail|100/100
|move|p1a: Rotom|Will-O-Wisp|p2a: Could be the spy
|-status|p2a: Could be the spy|brn
|
|-damage|p2a: Could be the spy|94/100 brn|[from] brn
|upkeep
|turn|9
|
|t:|1779956419
|move|p1a: Rotom|Hydro Pump|p2a: Could be the spy|[miss]
|-miss|p1a: Rotom|p2a: Could be the spy
|move|p2a: Could be the spy|Trick|p1a: Rotom
|-activate|p2a: Could be the spy|move: Trick|[of] p1a: Rotom
|-item|p1a: Rotom|Lagging Tail|[from] move: Trick
|-item|p2a: Could be the spy|Leftovers|[from] move: Trick
|
|-heal|p2a: Could be the spy|100/100 brn|[from] item: Leftovers
|-damage|p2a: Could be the spy|94/100 brn|[from] brn
|upkeep
|turn|10
|
|t:|1779956427
|move|p2a: Could be the spy|Encore|p1a: Rotom
|-start|p1a: Rotom|Encore
|move|p1a: Rotom|Hydro Pump|p2a: Could be the spy
|-damage|p2a: Could be the spy|69/100 brn
|
|-heal|p2a: Could be the spy|75/100 brn|[from] item: Leftovers
|-damage|p2a: Could be the spy|69/100 brn|[from] brn
|upkeep
|turn|11
|
|t:|1779956435
|move|p2a: Could be the spy|Psychic Noise|p1a: Rotom
|-damage|p1a: Rotom|82/100
|-start|p1a: Rotom|move: Heal Block
|move|p1a: Rotom|Hydro Pump|p2a: Could be the spy
|-damage|p2a: Could be the spy|40/100 brn
|
|-heal|p2a: Could be the spy|47/100 brn|[from] item: Leftovers
|-damage|p2a: Could be the spy|40/100 brn|[from] brn
|upkeep
|turn|12
|
|t:|1779956444
|move|p2a: Could be the spy|Psychic Noise|p1a: Rotom
|-damage|p1a: Rotom|63/100
|move|p1a: Rotom|Hydro Pump|p2a: Could be the spy
|-damage|p2a: Could be the spy|16/100 brn
|
|-heal|p2a: Could be the spy|23/100 brn|[from] item: Leftovers
|-damage|p2a: Could be the spy|16/100 brn|[from] brn
|-end|p1a: Rotom|Encore
|-end|p1a: Rotom|move: Heal Block
|upkeep
|turn|13
|
|t:|1779956457
|move|p2a: Could be the spy|Encore|p1a: Rotom
|-start|p1a: Rotom|Encore
|move|p1a: Rotom|Hydro Pump|p2a: Could be the spy
|-damage|p2a: Could be the spy|0 fnt
|faint|p2a: Could be the spy
|-end|p2a: Could be the spy|Protosynthesis|[silent]
|
|upkeep
|
|t:|1779956461
|switch|p2a: Might be the spy|Noivern, F|100/100
|turn|14
|
|t:|1779956465
|move|p2a: Might be the spy|Nasty Plot|p2a: Might be the spy
|-boost|p2a: Might be the spy|spa|2
|move|p1a: Rotom|Hydro Pump|p2a: Might be the spy
|-damage|p2a: Might be the spy|25/100
|replace|p2a: Meet the Spy|Zoroark-Hisui, M
|-end|p2a: Meet the Spy|Illusion
|
|upkeep
|turn|15
|
|t:|1779956474
|move|p2a: Meet the Spy|Shadow Ball|p1a: Rotom
|-damage|p1a: Rotom|0 fnt
|faint|p1a: Rotom
|
|upkeep
|
|t:|1779956482
|switch|p1a: Kingambit|Kingambit, F|100/100
|-activate|p1a: Kingambit|ability: Supreme Overlord
|-start|p1a: Kingambit|fallen2|[silent]
|turn|16
|
|t:|1779956488
|switch|p2a: Totally Grounded|Eelektross, F|100/100
|move|p1a: Kingambit|Sucker Punch||[still]
|-fail|p1a: Kingambit
|
|upkeep
|turn|17
|
|t:|1779956494
|move|p1a: Kingambit|Swords Dance|p1a: Kingambit
|-boost|p1a: Kingambit|atk|2
|move|p2a: Totally Grounded|Drain Punch|p1a: Kingambit
|-supereffective|p1a: Kingambit
|-damage|p1a: Kingambit|30/100
|
|upkeep
|turn|18
|
|t:|1779956500
|move|p2a: Totally Grounded|Coil|p2a: Totally Grounded
|-boost|p2a: Totally Grounded|atk|1
|-boost|p2a: Totally Grounded|def|1
|-boost|p2a: Totally Grounded|accuracy|1
|move|p1a: Kingambit|Kowtow Cleave|p2a: Totally Grounded
|-damage|p2a: Totally Grounded|15/100
|
|-heal|p2a: Totally Grounded|21/100|[from] item: Leftovers
|upkeep
|turn|19
|
|t:|1779956508
|move|p1a: Kingambit|Sucker Punch|p2a: Totally Grounded
|-damage|p2a: Totally Grounded|0 fnt
|faint|p2a: Totally Grounded
|
|upkeep
|
|t:|1779956512
|switch|p2a: Am i the spy?|Glimmora, F|100/100
|turn|20
|
|t:|1779956520
|move|p2a: Am i the spy?|Spiky Shield|p2a: Am i the spy?
|-singleturn|p2a: Am i the spy?|move: Protect
|move|p1a: Kingambit|Iron Head|p2a: Am i the spy?
|-activate|p2a: Am i the spy?|move: Protect
|-damage|p1a: Kingambit|18/100|[from] Spiky Shield|[of] p2a: Am i the spy?
|
|upkeep
|turn|21
|
|t:|1779956530
|move|p2a: Am i the spy?|Earth Power|p1a: Kingambit
|-supereffective|p1a: Kingambit
|-damage|p1a: Kingambit|0 fnt
|faint|p1a: Kingambit
|-end|p1a: Kingambit|fallen2|[silent]
|
|upkeep
|
|t:|1779956535
|switch|p1a: Gardevoir|Gardevoir, M, shiny|100/100
|-ability|p1a: Gardevoir|Toxic Debris|Trace|[from] ability: Trace|[of] p2a: Am i the spy?
|turn|22
|
|t:|1779956542
|move|p2a: Am i the spy?|Sludge Wave|p1a: Gardevoir
|-supereffective|p1a: Gardevoir
|-damage|p1a: Gardevoir|0 fnt
|faint|p1a: Gardevoir
|
|upkeep
|
|t:|1779956547
|switch|p1a: Dragonite|Dragonite, M|100/100
|turn|23
|
|t:|1779956551
|-terastallize|p2a: Am i the spy?|Flying
|move|p2a: Am i the spy?|Power Gem|p1a: Dragonite
|-supereffective|p1a: Dragonite
|-damage|p1a: Dragonite|45/100
|move|p1a: Dragonite|Earthquake|p2a: Am i the spy?
|-immune|p2a: Am i the spy?
|
|upkeep
|turn|24
|
|t:|1779956559
|move|p1a: Dragonite|Extreme Speed|p2a: Am i the spy?
|-damage|p2a: Am i the spy?|60/100
|-activate|p2a: Am i the spy?|ability: Toxic Debris
|-sidestart|p1: scarz1720|move: Toxic Spikes
|move|p2a: Am i the spy?|Power Gem|p1a: Dragonite
|-supereffective|p1a: Dragonite
|-damage|p1a: Dragonite|0 fnt
|faint|p1a: Dragonite
|
|upkeep
|-message|scarz1720 forfeited.
|
|win|PachuMerin
|raw|scarz1720's rating: 1082 &rarr; <strong>1059</strong><br />(-23 for losing)
|raw|PachuMerin's rating: 1076 &rarr; <strong>1105</strong><br />(+29 for winning)
|l|☆scarz1720
|player|p1|
|l|☆PachuMerin
|player|p2|
