|j|☆yuanyiquqi
|j|☆Volga123
|t:|1779805459
|gametype|singles
|player|p1|yuanyiquqi|boarder|1375
|player|p2|Volga123|cynthia|1373
|gen|9
|tier|[Gen 9] OU
|rated|
|rule|HP Percentage Mod: HP is shown in percentages
|rule|Endless Battle Clause: Forcing endless battles is banned
|rule|Species Clause: Limit one of each Pokémon
|rule|OHKO Clause: OHKO moves are banned
|rule|Evasion Items Clause: Evasion items are banned
|rule|Evasion Moves Clause: Evasion moves are banned
|rule|Evasion Abilities Clause: Evasion abilities are banned
|rule|Sleep Moves Clause: Sleep-inducing moves are banned
|clearpoke
|poke|p1|Kingambit, F|
|poke|p1|Ogerpon-Wellspring, F|
|poke|p1|Moltres|
|poke|p1|Great Tusk|
|poke|p1|Dragapult, F|
|poke|p1|Gholdengo|
|poke|p2|Clodsire, M|
|poke|p2|Cinccino, F|
|poke|p2|Milotic, M|
|poke|p2|Arcanine-Hisui, M|
|poke|p2|Dusclops, M|
|poke|p2|Lurantis, F|
|teampreview
|
|t:|1779805477
|teamsize|p1|6
|teamsize|p2|6
|start
|switch|p1a: Great Tusk|Great Tusk|100/100
|switch|p2a: Arcanine|Arcanine-Hisui, M|100/100
|turn|1
|
|t:|1779805484
|switch|p2a: Dusclops|Dusclops, M|100/100
|-ability|p2a: Dusclops|Pressure
|move|p1a: Great Tusk|Stealth Rock|p2a: Dusclops
|-sidestart|p2: Volga123|move: Stealth Rock
|
|upkeep
|turn|2
|
|t:|1779805493
|-end|p1a: Great Tusk|Protosynthesis|[silent]
|switch|p1a: Gholdengo|Gholdengo|100/100
|move|p2a: Dusclops|Night Shade|p1a: Gholdengo
|-damage|p1a: Gholdengo|74/100
|
|-heal|p1a: Gholdengo|80/100|[from] item: Leftovers
|upkeep
|turn|3
|
|t:|1779805505
|switch|p2a: Clodsire|Clodsire, M|100/100
|-damage|p2a: Clodsire|94/100|[from] Stealth Rock
|move|p1a: Gholdengo|Thunder Wave|p2a: Clodsire
|-immune|p2a: Clodsire
|
|-heal|p1a: Gholdengo|86/100|[from] item: Leftovers
|-heal|p2a: Clodsire|100/100|[from] item: Black Sludge
|upkeep
|turn|4
|inactive|Battle timer is ON: inactive players will automatically lose when time's up. (requested by Volga123)
|
|t:|1779805512
|switch|p1a: Dragapult|Dragapult, F|100/100
|move|p2a: Clodsire|Earthquake|p1a: Dragapult
|-damage|p1a: Dragapult|47/100
|
|upkeep
|turn|5
|
|t:|1779805518
|move|p1a: Dragapult|Will-O-Wisp|p2a: Clodsire
|-status|p2a: Clodsire|brn
|move|p2a: Clodsire|Earthquake|p1a: Dragapult
|-damage|p1a: Dragapult|19/100
|
|-damage|p2a: Clodsire|94/100 brn|[from] brn
|upkeep
|turn|6
|
|t:|1779805532
|switch|p1a: Gholdengo|Gholdengo|86/100
|move|p2a: Clodsire|Earthquake|p1a: Gholdengo
|-supereffective|p1a: Gholdengo
|-damage|p1a: Gholdengo|49/100
|
|-heal|p1a: Gholdengo|56/100|[from] item: Leftovers
|-heal|p2a: Clodsire|100/100 brn|[from] item: Black Sludge
|-damage|p2a: Clodsire|94/100 brn|[from] brn
|upkeep
|turn|7
|
|t:|1779805547
|switch|p2a: Arcanine|Arcanine-Hisui, M|100/100
|-damage|p2a: Arcanine|76/100|[from] Stealth Rock
|move|p1a: Gholdengo|Nasty Plot|p1a: Gholdengo
|-boost|p1a: Gholdengo|spa|2
|
|-heal|p1a: Gholdengo|62/100|[from] item: Leftovers
|upkeep
|turn|8
|
|t:|1779805564
|switch|p1a: Dragapult|Dragapult, F|19/100
|move|p2a: Arcanine|Flare Blitz|p1a: Dragapult
|-resisted|p1a: Dragapult
|-damage|p1a: Dragapult|0 fnt
|faint|p1a: Dragapult
|
|upkeep
|
|t:|1779805573
|switch|p1a: Ogerpon|Ogerpon-Wellspring, F|100/100
|turn|9
|
|t:|1779805579
|switch|p2a: Clodsire|Clodsire, M|94/100 brn
|-damage|p2a: Clodsire|88/100 brn|[from] Stealth Rock
|move|p1a: Ogerpon|Swords Dance|p1a: Ogerpon
|-boost|p1a: Ogerpon|atk|2
|
|-heal|p2a: Clodsire|94/100 brn|[from] item: Black Sludge
|-damage|p2a: Clodsire|88/100 brn|[from] brn
|upkeep
|turn|10
|
|t:|1779805588
|move|p1a: Ogerpon|Ivy Cudgel|p2a: Clodsire|[anim] Ivy Cudgel Water
|-heal|p2a: Clodsire|100/100 brn|[from] ability: Water Absorb|[of] p1a: Ogerpon
|move|p2a: Clodsire|Gunk Shot|p1a: Ogerpon
|-supereffective|p1a: Ogerpon
|-damage|p1a: Ogerpon|49/100
|
|-damage|p2a: Clodsire|94/100 brn|[from] brn
|upkeep
|turn|11
|
|t:|1779805593
|move|p1a: Ogerpon|Horn Leech|p2a: Clodsire
|-damage|p2a: Clodsire|15/100 brn
|-heal|p1a: Ogerpon|100/100|[from] drain|[of] p2a: Clodsire
|move|p2a: Clodsire|Gunk Shot|p1a: Ogerpon
|-supereffective|p1a: Ogerpon
|-damage|p1a: Ogerpon|47/100
|-status|p1a: Ogerpon|psn
|
|-heal|p2a: Clodsire|21/100 brn|[from] item: Black Sludge
|-damage|p1a: Ogerpon|35/100 psn|[from] psn
|-damage|p2a: Clodsire|15/100 brn|[from] brn
|upkeep
|turn|12
|
|t:|1779805601
|move|p1a: Ogerpon|Horn Leech|p2a: Clodsire
|-damage|p2a: Clodsire|0 fnt
|-heal|p1a: Ogerpon|45/100 psn|[from] drain|[of] p2a: Clodsire
|faint|p2a: Clodsire
|
|-damage|p1a: Ogerpon|33/100 psn|[from] psn
|upkeep
|
|t:|1779805606
|switch|p2a: Arcanine|Arcanine-Hisui, M|76/100
|-damage|p2a: Arcanine|51/100|[from] Stealth Rock
|turn|13
|
|t:|1779805610
|move|p2a: Arcanine|Extreme Speed|p1a: Ogerpon
|-damage|p1a: Ogerpon|0 fnt
|faint|p1a: Ogerpon
|
|upkeep
|
|t:|1779805616
|switch|p1a: Great Tusk|Great Tusk|100/100
|turn|14
|
|t:|1779805619
|switch|p2a: Dusclops|Dusclops, M|100/100
|-damage|p2a: Dusclops|88/100|[from] Stealth Rock
|-ability|p2a: Dusclops|Pressure
|move|p1a: Great Tusk|Rapid Spin|p2a: Dusclops
|-immune|p2a: Dusclops
|
|upkeep
|turn|15
|
|t:|1779805631
|switch|p2a: Cinccino|Cinccino, F|100/100
|-damage|p2a: Cinccino|88/100|[from] Stealth Rock
|move|p1a: Great Tusk|Earthquake|p2a: Cinccino
|-damage|p2a: Cinccino|7/100
|
|upkeep
|turn|16
|
|t:|1779805641
|move|p2a: Cinccino|Tidy Up|p2a: Cinccino
|-sideend|p2: Volga123|Stealth Rock
|-activate|p2a: Cinccino|move: Tidy Up
|-boost|p2a: Cinccino|atk|1
|-boost|p2a: Cinccino|spe|1
|move|p1a: Great Tusk|Rapid Spin|p2a: Cinccino
|-damage|p2a: Cinccino|0 fnt
|-boost|p1a: Great Tusk|spe|1
|faint|p2a: Cinccino
|
|upkeep
|
|t:|1779805645
|switch|p2a: Lurantis|Lurantis, F, shiny|100/100
|turn|17
|inactive|yuanyiquqi has 120 seconds left.
|
|t:|1779805678
|move|p1a: Great Tusk|Close Combat|p2a: Lurantis
|-damage|p2a: Lurantis|60/100
|-unboost|p1a: Great Tusk|def|1
|-unboost|p1a: Great Tusk|spd|1
|move|p2a: Lurantis|Leaf Storm|p1a: Great Tusk
|-supereffective|p1a: Great Tusk
|-damage|p1a: Great Tusk|0 fnt
|-boost|p2a: Lurantis|spa|2
|faint|p1a: Great Tusk
|-end|p1a: Great Tusk|Protosynthesis|[silent]
|
|-heal|p2a: Lurantis|66/100|[from] item: Leftovers
|upkeep
|inactive|yuanyiquqi has 120 seconds left.
|
|t:|1779805686
|switch|p1a: Moltres|Moltres, shiny|100/100
|turn|18
|
|t:|1779805698
|switch|p2a: Milotic|Milotic, M|100/100
|move|p1a: Moltres|U-turn|p2a: Milotic
|-damage|p2a: Milotic|82/100
|
|t:|1779805703
|switch|p1a: Gholdengo|Gholdengo|62/100|[from] U-turn
|
|-heal|p1a: Gholdengo|68/100|[from] item: Leftovers
|upkeep
|turn|19
|
|t:|1779805706
|move|p1a: Gholdengo|Make It Rain|p2a: Milotic
|-resisted|p2a: Milotic
|-damage|p2a: Milotic|67/100
|-unboost|p1a: Gholdengo|spa|1
|move|p2a: Milotic|Scald|p1a: Gholdengo
|-damage|p1a: Gholdengo|30/100
|
|-heal|p1a: Gholdengo|36/100|[from] item: Leftovers
|upkeep
|turn|20
|
|t:|1779805711
|move|p1a: Gholdengo|Thunder Wave|p2a: Milotic
|-status|p2a: Milotic|par
|move|p2a: Milotic|Scald|p1a: Gholdengo
|-damage|p1a: Gholdengo|0 fnt
|faint|p1a: Gholdengo
|
|upkeep
|
|t:|1779805716
|switch|p1a: Kingambit|Kingambit, F|100/100
|-activate|p1a: Kingambit|ability: Supreme Overlord
|-start|p1a: Kingambit|fallen4|[silent]
|turn|21
|
|t:|1779805719
|move|p1a: Kingambit|Swords Dance|p1a: Kingambit
|-boost|p1a: Kingambit|atk|2
|cant|p2a: Milotic|par
|
|upkeep
|turn|22
|
|t:|1779805724
|move|p1a: Kingambit|Kowtow Cleave|p2a: Milotic
|-damage|p2a: Milotic|0 fnt
|faint|p2a: Milotic
|
|upkeep
|
|t:|1779805731
|switch|p2a: Dusclops|Dusclops, M|88/100
|-ability|p2a: Dusclops|Pressure
|turn|23
|
|t:|1779805736
|-terastallize|p2a: Dusclops|Dark
|move|p1a: Kingambit|Kowtow Cleave|p2a: Dusclops
|-resisted|p2a: Dusclops
|-damage|p2a: Dusclops|47/100
|move|p2a: Dusclops|Will-O-Wisp|p1a: Kingambit
|-status|p1a: Kingambit|brn
|
|-damage|p1a: Kingambit|94/100 brn|[from] brn
|upkeep
|turn|24
|
|t:|1779805743
|move|p1a: Kingambit|Iron Head|p2a: Dusclops
|-crit|p2a: Dusclops
|-damage|p2a: Dusclops|0 fnt
|faint|p2a: Dusclops
|
|-damage|p1a: Kingambit|88/100 brn|[from] brn
|upkeep
|
|t:|1779805746
|switch|p2a: Lurantis|Lurantis, F, shiny|66/100
|turn|25
|
|t:|1779805752
|-terastallize|p1a: Kingambit|Ghost
|move|p1a: Kingambit|Kowtow Cleave|p2a: Lurantis
|-damage|p2a: Lurantis|7/100
|move|p2a: Lurantis|Superpower|p1a: Kingambit
|-immune|p1a: Kingambit
|
|-heal|p2a: Lurantis|13/100|[from] item: Leftovers
|-damage|p1a: Kingambit|82/100 brn|[from] brn
|upkeep
|turn|26
|
|t:|1779805762
|move|p1a: Kingambit|Kowtow Cleave|p2a: Lurantis
|-crit|p2a: Lurantis
|-damage|p2a: Lurantis|0 fnt
|faint|p2a: Lurantis
|
|-damage|p1a: Kingambit|76/100 brn|[from] brn
|upkeep
|
|t:|1779805764
|switch|p2a: Arcanine|Arcanine-Hisui, M|51/100
|turn|27
|
|t:|1779805769
|move|p1a: Kingambit|Sucker Punch|p2a: Arcanine
|-damage|p2a: Arcanine|0 fnt
|faint|p2a: Arcanine
|
|win|yuanyiquqi
|raw|yuanyiquqi's rating: 1375 &rarr; <strong>1395</strong><br />(+20 for winning)
|raw|Volga123's rating: 1373 &rarr; <strong>1353</strong><br />(-20 for losing)
|l|☆Volga123
|player|p2|
|l|☆yuanyiquqi
|player|p1|
