|j|☆Cut my the
|j|☆pirlococo
|t:|1779875065
|gametype|singles
|player|p1|Cut my the|lass-gen4dp|1130
|player|p2|pirlococo|fisherman|1163
|gen|9
|tier|[Gen 9] OU
|rated|
|rule|HP Percentage Mod: HP is shown in percentages
|rule|Endless Battle Clause: Forcing endless battles is banned
|rule|Species Clause: Limit one of each Pokémon
|rule|OHKO Clause: OHKO moves are banned
|rule|Evasion Items Clause: Evasion items are banned
|rule|Evasion Moves Clause: Evasion moves are banned
|rule|Evasion Abilities Clause: Evasion abilities are banned
|rule|Sleep Moves Clause: Sleep-inducing moves are banned
|clearpoke
|poke|p1|Araquanid, F|
|poke|p1|Honchkrow, M|
|poke|p1|Great Tusk|
|poke|p1|Dragonite, M|
|poke|p1|Glimmora, M|
|poke|p1|Gholdengo|
|poke|p2|Garganacl, F|
|poke|p2|Gliscor, M|
|poke|p2|Clefable, F|
|poke|p2|Zamazenta-*|
|poke|p2|Gholdengo|
|poke|p2|Samurott-Hisui, F|
|teampreview
|inactive|Battle timer is ON: inactive players will automatically lose when time's up. (requested by pirlococo)
|inactive|Cut my the also wants the timer to be on.
|
|t:|1779875071
|teamsize|p1|6
|teamsize|p2|6
|start
|switch|p1a: Quanidriana|Araquanid, F|100/100
|switch|p2a: Samurott|Samurott-Hisui, F|100/100
|turn|1
|
|t:|1779875075
|move|p2a: Samurott|Ceaseless Edge|p1a: Quanidriana
|-damage|p1a: Quanidriana|55/100
|-sidestart|p1: Cut my the|Spikes
|move|p1a: Quanidriana|Bug Buzz|p2a: Samurott
|-supereffective|p2a: Samurott
|-damage|p2a: Samurott|39/100
|
|upkeep
|turn|2
|
|t:|1779875085
|move|p2a: Samurott|Ceaseless Edge|p1a: Quanidriana
|-damage|p1a: Quanidriana|12/100
|-sidestart|p1: Cut my the|Spikes
|move|p1a: Quanidriana|Sticky Web|p2a: Samurott
|-sidestart|p2: pirlococo|move: Sticky Web
|
|upkeep
|turn|3
|-enditem|p1a: Quanidriana|Custap Berry|[eat]
|-activate|p1a: Quanidriana|item: Custap Berry|[consumed]
|
|t:|1779875090
|move|p1a: Quanidriana|Bug Buzz|p2a: Samurott
|-supereffective|p2a: Samurott
|-damage|p2a: Samurott|0 fnt
|faint|p2a: Samurott
|
|upkeep
|
|t:|1779875100
|switch|p2a: Zamazenta|Zamazenta|100/100
|-ability|p2a: Zamazenta|Dauntless Shield|boost
|-boost|p2a: Zamazenta|def|1
|turn|4
|
|t:|1779875107
|move|p2a: Zamazenta|Crunch|p1a: Quanidriana
|-damage|p1a: Quanidriana|0 fnt
|faint|p1a: Quanidriana
|
|upkeep
|
|t:|1779875113
|switch|p1a: Tony Soprankrow|Honchkrow, M|100/100
|turn|5
|
|t:|1779875120
|move|p2a: Zamazenta|Ice Fang|p1a: Tony Soprankrow|[miss]
|-miss|p2a: Zamazenta|p1a: Tony Soprankrow
|move|p1a: Tony Soprankrow|Brave Bird|p2a: Zamazenta
|-supereffective|p2a: Zamazenta
|-damage|p2a: Zamazenta|0 fnt
|faint|p2a: Zamazenta
|-ability|p1a: Tony Soprankrow|Moxie|boost
|-boost|p1a: Tony Soprankrow|atk|1
|-damage|p1a: Tony Soprankrow|69/100|[from] Recoil
|-damage|p1a: Tony Soprankrow|59/100|[from] item: Life Orb
|
|upkeep
|
|t:|1779875128
|switch|p2a: Garganacl|Garganacl, F|100/100
|turn|6
|
|t:|1779875137
|move|p1a: Tony Soprankrow|Sucker Punch|p2a: Garganacl
|-damage|p2a: Garganacl|58/100
|-damage|p1a: Tony Soprankrow|49/100|[from] item: Life Orb
|move|p2a: Garganacl|Salt Cure|p1a: Tony Soprankrow
|-supereffective|p1a: Tony Soprankrow
|-damage|p1a: Tony Soprankrow|5/100
|-start|p1a: Tony Soprankrow|Salt Cure
|
|-damage|p1a: Tony Soprankrow|0 fnt|[from] Salt Cure
|faint|p1a: Tony Soprankrow
|upkeep
|
|t:|1779875151
|switch|p1a: Hesh Rocksspin|Great Tusk|100/100
|-damage|p1a: Hesh Rocksspin|84/100|[from] Spikes
|-enditem|p1a: Hesh Rocksspin|Booster Energy
|-activate|p1a: Hesh Rocksspin|ability: Protosynthesis|[fromitem]
|-start|p1a: Hesh Rocksspin|protosynthesisatk
|turn|7
|
|t:|1779875158
|-terastallize|p2a: Garganacl|Water
|move|p1a: Hesh Rocksspin|Headlong Rush|p2a: Garganacl
|-damage|p2a: Garganacl|2/100
|-unboost|p1a: Hesh Rocksspin|def|1
|-unboost|p1a: Hesh Rocksspin|spd|1
|move|p2a: Garganacl|Iron Defense|p2a: Garganacl
|-boost|p2a: Garganacl|def|2
|
|upkeep
|turn|8
|
|t:|1779875164
|move|p1a: Hesh Rocksspin|Rapid Spin|p2a: Garganacl
|-damage|p2a: Garganacl|0 fnt
|-boost|p1a: Hesh Rocksspin|spe|1
|-sideend|p1: Cut my the|Spikes|[from] move: Rapid Spin|[of] p1a: Hesh Rocksspin
|faint|p2a: Garganacl
|
|upkeep
|-message|pirlococo forfeited.
|
|win|Cut my the
|raw|Cut my the's rating: 1130 &rarr; <strong>1157</strong><br />(+27 for winning)
|raw|pirlococo's rating: 1163 &rarr; <strong>1136</strong><br />(-27 for losing)
|l|☆pirlococo
|player|p2|
|l|☆Cut my the
|player|p1|
