|j|☆00000ooo.
|j|☆ARD3NZ
|t:|1779857187
|gametype|singles
|player|p1|00000ooo.|2|1358
|player|p2|ARD3NZ|lucas-gen4pt|1331
|gen|9
|tier|[Gen 9] OU
|rated|
|rule|HP Percentage Mod: HP is shown in percentages
|rule|Endless Battle Clause: Forcing endless battles is banned
|rule|Species Clause: Limit one of each Pokémon
|rule|OHKO Clause: OHKO moves are banned
|rule|Evasion Items Clause: Evasion items are banned
|rule|Evasion Moves Clause: Evasion moves are banned
|rule|Evasion Abilities Clause: Evasion abilities are banned
|rule|Sleep Moves Clause: Sleep-inducing moves are banned
|clearpoke
|poke|p1|Clodsire, M|
|poke|p1|Toxapex, M|
|poke|p1|Corviknight, M|
|poke|p1|Dondozo, F|
|poke|p1|Clefable, M|
|poke|p1|Gliscor, M|
|poke|p2|Dondozo, M|
|poke|p2|Cinderace, M|
|poke|p2|Gholdengo|
|poke|p2|Slowking-Galar, F|
|poke|p2|Sylveon, F|
|poke|p2|Dragonite, M|
|teampreview
|inactive|Battle timer is ON: inactive players will automatically lose when time's up. (requested by 00000ooo.)
|
|t:|1779857199
|teamsize|p1|6
|teamsize|p2|6
|start
|switch|p1a: Clefable|Clefable, M|100/100
|switch|p2a: Cinderace|Cinderace, M|100/100
|turn|1
|
|t:|1779857211
|move|p2a: Cinderace|Pyro Ball|p1a: Clefable
|-damage|p1a: Clefable|59/100
|move|p1a: Clefable|Stealth Rock|p2a: Cinderace
|-sidestart|p2: ARD3NZ|move: Stealth Rock
|
|upkeep
|turn|2
|
|t:|1779857219
|switch|p1a: Toxapex|Toxapex, M|100/100
|move|p2a: Cinderace|Pyro Ball|p1a: Toxapex
|-resisted|p1a: Toxapex
|-damage|p1a: Toxapex|82/100
|
|-heal|p1a: Toxapex|88/100|[from] item: Leftovers
|upkeep
|turn|3
|
|t:|1779857237
|move|p2a: Cinderace|High Jump Kick|p1a: Toxapex
|-start|p2a: Cinderace|typechange|Fighting|[from] ability: Libero
|-resisted|p1a: Toxapex
|-damage|p1a: Toxapex|70/100
|move|p1a: Toxapex|Infestation|p2a: Cinderace
|-resisted|p2a: Cinderace
|-damage|p2a: Cinderace|99/100
|-activate|p2a: Cinderace|move: Infestation|[of] p1a: Toxapex
|
|-heal|p1a: Toxapex|76/100|[from] item: Leftovers
|-damage|p2a: Cinderace|86/100|[from] move: Infestation|[partiallytrapped]
|upkeep
|turn|4
|
|t:|1779857261
|move|p1a: Toxapex|Baneful Bunker|p1a: Toxapex
|-singleturn|p1a: Toxapex|move: Protect
|move|p2a: Cinderace|High Jump Kick|p1a: Toxapex
|-activate|p1a: Toxapex|move: Protect
|-status|p2a: Cinderace|psn
|-damage|p2a: Cinderace|36/100 psn|[from] highjumpkick
|
|-heal|p1a: Toxapex|83/100|[from] item: Leftovers
|-damage|p2a: Cinderace|24/100 psn|[from] psn
|-damage|p2a: Cinderace|12/100 psn|[from] move: Infestation|[partiallytrapped]
|upkeep
|turn|5
|
|t:|1779857273
|move|p2a: Cinderace|Court Change|p2a: Cinderace
|-swapsideconditions
|-activate|p2a: Cinderace|move: Court Change
|move|p1a: Toxapex|Poison Jab|p2a: Cinderace
|-damage|p2a: Cinderace|0 fnt
|faint|p2a: Cinderace
|
|-heal|p1a: Toxapex|89/100|[from] item: Leftovers
|upkeep
|inactive|ARD3NZ has 120 seconds left.
|
|t:|1779857301
|switch|p2a: Gholdengo|Gholdengo|100/100
|turn|6
|
|t:|1779857323
|move|p2a: Gholdengo|Trick|p1a: Toxapex
|-activate|p2a: Gholdengo|move: Trick|[of] p1a: Toxapex
|-item|p1a: Toxapex|Choice Scarf|[from] move: Trick
|-item|p2a: Gholdengo|Leftovers|[from] move: Trick
|move|p1a: Toxapex|Infestation|p2a: Gholdengo
|-resisted|p2a: Gholdengo
|-damage|p2a: Gholdengo|99/100
|-activate|p2a: Gholdengo|move: Infestation|[of] p1a: Toxapex
|
|-heal|p2a: Gholdengo|100/100|[from] item: Leftovers
|-damage|p2a: Gholdengo|88/100|[from] move: Infestation|[partiallytrapped]
|upkeep
|turn|7
|
|t:|1779857337
|switch|p1a: Corviknight|Corviknight, M|100/100
|-damage|p1a: Corviknight|88/100|[from] Stealth Rock
|-ability|p1a: Corviknight|Pressure
|move|p2a: Gholdengo|Shadow Ball|p1a: Corviknight
|-damage|p1a: Corviknight|58/100
|-unboost|p1a: Corviknight|spd|1
|
|-heal|p2a: Gholdengo|94/100|[from] item: Leftovers
|-heal|p1a: Corviknight|64/100|[from] item: Leftovers
|-end|p2a: Gholdengo|Infestation|[partiallytrapped]|[silent]
|upkeep
|turn|8
|inactive|ARD3NZ has 90 seconds left.
|
|t:|1779857355
|move|p1a: Corviknight|Protect|p1a: Corviknight
|-singleturn|p1a: Corviknight|Protect
|move|p2a: Gholdengo|Shadow Ball|p1a: Corviknight
|-activate|p1a: Corviknight|move: Protect
|
|-heal|p2a: Gholdengo|99/100|[from] item: Leftovers
|-heal|p1a: Corviknight|70/100|[from] item: Leftovers
|upkeep
|turn|9
|
|t:|1779857363
|switch|p1a: Dondozo|Dondozo, F|100/100
|-damage|p1a: Dondozo|88/100|[from] Stealth Rock
|move|p2a: Gholdengo|Shadow Ball|p1a: Dondozo
|-damage|p1a: Dondozo|46/100
|
|-heal|p2a: Gholdengo|100/100|[from] item: Leftovers
|-heal|p1a: Dondozo|53/100|[from] item: Leftovers
|upkeep
|turn|10
|
|t:|1779857377
|move|p2a: Gholdengo|Shadow Ball|p1a: Dondozo
|-damage|p1a: Dondozo|11/100
|move|p1a: Dondozo|Rest|p1a: Dondozo
|-status|p1a: Dondozo|slp|[from] move: Rest
|-heal|p1a: Dondozo|100/100 slp|[silent]
|
|upkeep
|turn|11
|
|t:|1779857387
|move|p2a: Gholdengo|Shadow Ball|p1a: Dondozo
|-damage|p1a: Dondozo|62/100 slp
|cant|p1a: Dondozo|slp
|move|p1a: Dondozo|Sleep Talk|p1a: Dondozo
|move|p1a: Dondozo|Curse|p1a: Dondozo|[from] move: Sleep Talk
|-unboost|p1a: Dondozo|spe|1
|-boost|p1a: Dondozo|atk|1
|-boost|p1a: Dondozo|def|1
|
|-heal|p1a: Dondozo|68/100 slp|[from] item: Leftovers
|upkeep
|turn|12
|
|t:|1779857400
|move|p2a: Gholdengo|Shadow Ball|p1a: Dondozo
|-damage|p1a: Dondozo|30/100 slp
|-unboost|p1a: Dondozo|spd|1
|cant|p1a: Dondozo|slp
|move|p1a: Dondozo|Sleep Talk|p1a: Dondozo
|move|p1a: Dondozo|Crunch|p2a: Gholdengo|[from] move: Sleep Talk
|-supereffective|p2a: Gholdengo
|-damage|p2a: Gholdengo|41/100
|-unboost|p2a: Gholdengo|def|1
|
|-heal|p2a: Gholdengo|47/100|[from] item: Leftovers
|-heal|p1a: Dondozo|36/100 slp|[from] item: Leftovers
|upkeep
|turn|13
|
|t:|1779857418
|switch|p1a: Clodsire|Clodsire, M|100/100
|move|p2a: Gholdengo|Shadow Ball|p1a: Clodsire
|-damage|p1a: Clodsire|78/100
|
|-heal|p2a: Gholdengo|54/100|[from] item: Leftovers
|upkeep
|turn|14
|inactive|ARD3NZ has 90 seconds left.
|
|t:|1779857445
|move|p2a: Gholdengo|Make It Rain|p1a: Clodsire
|-damage|p1a: Clodsire|43/100
|-unboost|p2a: Gholdengo|spa|1
|move|p1a: Clodsire|Earthquake|p2a: Gholdengo
|-supereffective|p2a: Gholdengo
|-damage|p2a: Gholdengo|0 fnt
|faint|p2a: Gholdengo
|
|upkeep
|
|t:|1779857455
|switch|p2a: Dondozo|Dondozo, M|100/100
|turn|15
|
|t:|1779857461
|switch|p1a: Toxapex|Toxapex, M|100/100
|-damage|p1a: Toxapex|88/100|[from] Stealth Rock
|move|p2a: Dondozo|Wave Crash|p1a: Toxapex
|-resisted|p1a: Toxapex
|-damage|p1a: Toxapex|75/100
|-damage|p2a: Dondozo|98/100|[from] Recoil
|
|-heal|p2a: Dondozo|100/100|[from] item: Leftovers
|upkeep
|turn|16
|inactive|ARD3NZ has 90 seconds left.
|
|t:|1779857493
|switch|p2a: Dragonite|Dragonite, M|100/100
|move|p1a: Toxapex|Infestation|p2a: Dragonite
|-resisted|p2a: Dragonite
|-damage|p2a: Dragonite|99/100
|-activate|p2a: Dragonite|move: Infestation|[of] p1a: Toxapex
|
|-damage|p2a: Dragonite|88/100|[from] move: Infestation|[partiallytrapped]
|upkeep
|turn|17
|
|t:|1779857504
|move|p2a: Dragonite|Dragon Dance|p2a: Dragonite
|-boost|p2a: Dragonite|atk|1
|-boost|p2a: Dragonite|spe|1
|move|p1a: Toxapex|Infestation|p2a: Dragonite
|-resisted|p2a: Dragonite
|-damage|p2a: Dragonite|86/100
|
|-damage|p2a: Dragonite|74/100|[from] move: Infestation|[partiallytrapped]
|upkeep
|turn|18
|
|t:|1779857517
|switch|p1a: Gliscor|Gliscor, M|100/100
|-damage|p1a: Gliscor|88/100|[from] Stealth Rock
|move|p2a: Dragonite|Dragon Dance|p2a: Dragonite
|-boost|p2a: Dragonite|atk|1
|-boost|p2a: Dragonite|spe|1
|
|-end|p2a: Dragonite|Infestation|[partiallytrapped]|[silent]
|-status|p1a: Gliscor|tox|[from] item: Toxic Orb
|upkeep
|turn|19
|
|t:|1779857529
|move|p2a: Dragonite|Extreme Speed|p1a: Gliscor
|-damage|p1a: Gliscor|36/100 tox
|move|p1a: Gliscor|Toxic|p2a: Dragonite
|-status|p2a: Dragonite|tox
|
|-damage|p2a: Dragonite|68/100 tox|[from] psn
|-heal|p1a: Gliscor|49/100 tox|[from] ability: Poison Heal
|upkeep
|turn|20
|
|t:|1779857540
|move|p1a: Gliscor|Protect|p1a: Gliscor
|-singleturn|p1a: Gliscor|Protect
|move|p2a: Dragonite|Extreme Speed|p1a: Gliscor
|-activate|p1a: Gliscor|move: Protect
|
|-damage|p2a: Dragonite|55/100 tox|[from] psn
|-heal|p1a: Gliscor|61/100 tox|[from] ability: Poison Heal
|upkeep
|turn|21
|
|t:|1779857562
|switch|p1a: Toxapex|Toxapex, M|100/100
|-damage|p1a: Toxapex|88/100|[from] Stealth Rock
|move|p2a: Dragonite|Extreme Speed|p1a: Toxapex
|-damage|p1a: Toxapex|50/100
|
|-damage|p2a: Dragonite|37/100 tox|[from] psn
|upkeep
|turn|22
|
|t:|1779857572
|move|p1a: Toxapex|Baneful Bunker|p1a: Toxapex
|-singleturn|p1a: Toxapex|move: Protect
|move|p2a: Dragonite|Earthquake|p1a: Toxapex
|-activate|p1a: Toxapex|move: Protect
|
|-damage|p2a: Dragonite|12/100 tox|[from] psn
|upkeep
|turn|23
|inactive|ARD3NZ has 90 seconds left.
|
|t:|1779857584
|switch|p1a: Clodsire|Clodsire, M|43/100
|move|p2a: Dragonite|Earthquake|p1a: Clodsire
|-supereffective|p1a: Clodsire
|-damage|p1a: Clodsire|0 fnt
|faint|p1a: Clodsire
|
|-damage|p2a: Dragonite|0 fnt|[from] psn
|faint|p2a: Dragonite
|upkeep
|
|t:|1779857596
|switch|p2a: Slowking|Slowking-Galar, F|100/100
|switch|p1a: Gliscor|Gliscor, M|61/100 tox
|-damage|p1a: Gliscor|49/100 tox|[from] Stealth Rock
|turn|24
|
|t:|1779857610
|move|p1a: Gliscor|Knock Off|p2a: Slowking
|-supereffective|p2a: Slowking
|-damage|p2a: Slowking|55/100
|-enditem|p2a: Slowking|Leftovers|[from] move: Knock Off|[of] p1a: Gliscor
|move|p2a: Slowking|Future Sight|p1a: Gliscor
|-start|p2a: Slowking|move: Future Sight
|
|-heal|p1a: Gliscor|61/100 tox|[from] ability: Poison Heal
|upkeep
|turn|25
|
|t:|1779857629
|move|p1a: Gliscor|Substitute|p1a: Gliscor
|-start|p1a: Gliscor|Substitute
|-damage|p1a: Gliscor|36/100 tox
|move|p2a: Slowking|Flamethrower|p1a: Gliscor
|-end|p1a: Gliscor|Substitute
|
|-heal|p1a: Gliscor|49/100 tox|[from] ability: Poison Heal
|upkeep
|turn|26
|
|t:|1779857650
|move|p1a: Gliscor|Protect|p1a: Gliscor
|-singleturn|p1a: Gliscor|Protect
|move|p2a: Slowking|Flamethrower|p1a: Gliscor
|-activate|p1a: Gliscor|move: Protect
|
|-end|p1a: Gliscor|move: Future Sight
|-damage|p1a: Gliscor|0 fnt
|faint|p1a: Gliscor
|upkeep
|
|t:|1779857663
|switch|p1a: Toxapex|Toxapex, M|84/100
|-damage|p1a: Toxapex|71/100|[from] Stealth Rock
|turn|27
|inactive|ARD3NZ has 90 seconds left.
|
|t:|1779857687
|move|p1a: Toxapex|Infestation|p2a: Slowking
|-damage|p2a: Slowking|54/100
|-activate|p2a: Slowking|move: Infestation|[of] p1a: Toxapex
|move|p2a: Slowking|Future Sight|p1a: Toxapex
|-start|p2a: Slowking|move: Future Sight
|
|-damage|p2a: Slowking|41/100|[from] move: Infestation|[partiallytrapped]
|upkeep
|turn|28
|inactive|ARD3NZ has 60 seconds left.
|
|t:|1779857717
|-terastallize|p1a: Toxapex|Steel
|move|p1a: Toxapex|Infestation|p2a: Slowking
|-damage|p2a: Slowking|39/100
|-prepare|p2a: Slowking|Chilly Reception|[premajor]
|move|p2a: Slowking|Chilly Reception|p2a: Slowking
|-weather|Snowscape
|inactive|ARD3NZ has 60 seconds left.
|
|t:|1779857727
|switch|p2a: Dondozo|Dondozo, M|100/100|[from] Chilly Reception
|
|-weather|Snowscape|[upkeep]
|upkeep
|turn|29
|
|t:|1779857741
|move|p1a: Toxapex|Infestation|p2a: Dondozo
|-crit|p2a: Dondozo
|-damage|p2a: Dondozo|97/100
|-activate|p2a: Dondozo|move: Infestation|[of] p1a: Toxapex
|move|p2a: Dondozo|Body Press|p1a: Toxapex
|-supereffective|p1a: Toxapex
|-damage|p1a: Toxapex|36/100
|
|-weather|Snowscape|[upkeep]
|-end|p1a: Toxapex|move: Future Sight
|-resisted|p1a: Toxapex
|-damage|p1a: Toxapex|16/100
|-heal|p2a: Dondozo|100/100|[from] item: Leftovers
|-damage|p2a: Dondozo|88/100|[from] move: Infestation|[partiallytrapped]
|upkeep
|turn|30
|
|t:|1779857753
|switch|p1a: Clefable|Clefable, M|59/100
|move|p2a: Dondozo|Body Press|p1a: Clefable
|-resisted|p1a: Clefable
|-damage|p1a: Clefable|48/100
|
|-weather|Snowscape|[upkeep]
|-heal|p2a: Dondozo|94/100|[from] item: Leftovers
|-end|p2a: Dondozo|Infestation|[partiallytrapped]|[silent]
|upkeep
|turn|31
|inactive|ARD3NZ has 60 seconds left.
|
|t:|1779857771
|move|p1a: Clefable|Stealth Rock|p2a: Dondozo
|-sidestart|p2: ARD3NZ|move: Stealth Rock
|move|p2a: Dondozo|Wave Crash|p1a: Clefable
|-damage|p1a: Clefable|19/100
|-damage|p2a: Dondozo|87/100|[from] Recoil
|
|-weather|Snowscape|[upkeep]
|-heal|p2a: Dondozo|93/100|[from] item: Leftovers
|upkeep
|turn|32
|
|t:|1779857780
|move|p1a: Clefable|Moonlight|p1a: Clefable
|-heal|p1a: Clefable|44/100
|move|p2a: Dondozo|Wave Crash|p1a: Clefable
|-damage|p1a: Clefable|11/100
|-damage|p2a: Dondozo|84/100|[from] Recoil
|
|-weather|none
|-heal|p2a: Dondozo|90/100|[from] item: Leftovers
|upkeep
|turn|33
|
|t:|1779857792
|move|p1a: Clefable|Moonlight|p1a: Clefable
|-heal|p1a: Clefable|61/100
|move|p2a: Dondozo|Wave Crash|p1a: Clefable
|-damage|p1a: Clefable|29/100
|-damage|p2a: Dondozo|82/100|[from] Recoil
|
|-heal|p2a: Dondozo|88/100|[from] item: Leftovers
|upkeep
|turn|34
|
|t:|1779857801
|move|p1a: Clefable|Moonlight|p1a: Clefable
|-heal|p1a: Clefable|79/100
|move|p2a: Dondozo|Wave Crash|p1a: Clefable
|-crit|p1a: Clefable
|-damage|p1a: Clefable|30/100
|-damage|p2a: Dondozo|75/100|[from] Recoil
|
|-heal|p2a: Dondozo|82/100|[from] item: Leftovers
|upkeep
|turn|35
|
|t:|1779857811
|move|p1a: Clefable|Moonlight|p1a: Clefable
|-heal|p1a: Clefable|80/100
|move|p2a: Dondozo|Wave Crash|p1a: Clefable
|-damage|p1a: Clefable|48/100
|-damage|p2a: Dondozo|73/100|[from] Recoil
|
|-heal|p2a: Dondozo|79/100|[from] item: Leftovers
|upkeep
|turn|36
|
|t:|1779857821
|switch|p1a: Toxapex|Toxapex, M, tera:Steel|50/100
|-damage|p1a: Toxapex|43/100|[from] Stealth Rock
|move|p2a: Dondozo|Wave Crash|p1a: Toxapex
|-damage|p1a: Toxapex|19/100
|-damage|p2a: Dondozo|75/100|[from] Recoil
|
|-heal|p2a: Dondozo|81/100|[from] item: Leftovers
|upkeep
|turn|37
|
|t:|1779857830
|move|p1a: Toxapex|Baneful Bunker|p1a: Toxapex
|-singleturn|p1a: Toxapex|move: Protect
|move|p2a: Dondozo|Wave Crash|p1a: Toxapex
|-activate|p1a: Toxapex|move: Protect
|-status|p2a: Dondozo|psn
|
|-heal|p2a: Dondozo|87/100 psn|[from] item: Leftovers
|-damage|p2a: Dondozo|74/100 psn|[from] psn
|upkeep
|turn|38
|inactive|ARD3NZ has 90 seconds left.
|
|t:|1779857842
|switch|p1a: Corviknight|Corviknight, M|70/100
|-damage|p1a: Corviknight|58/100|[from] Stealth Rock
|-ability|p1a: Corviknight|Pressure
|move|p2a: Dondozo|Wave Crash|p1a: Corviknight
|-damage|p1a: Corviknight|23/100
|-damage|p2a: Dondozo|65/100 psn|[from] Recoil
|
|-heal|p1a: Corviknight|30/100|[from] item: Leftovers
|-heal|p2a: Dondozo|71/100 psn|[from] item: Leftovers
|-damage|p2a: Dondozo|59/100 psn|[from] psn
|upkeep
|turn|39
|inactive|ARD3NZ has 90 seconds left.
|
|t:|1779857856
|move|p1a: Corviknight|Roost|p1a: Corviknight
|-heal|p1a: Corviknight|80/100
|-singleturn|p1a: Corviknight|move: Roost
|move|p2a: Dondozo|Wave Crash|p1a: Corviknight
|-crit|p1a: Corviknight
|-damage|p1a: Corviknight|27/100
|-damage|p2a: Dondozo|45/100 psn|[from] Recoil
|
|-heal|p1a: Corviknight|33/100|[from] item: Leftovers
|-heal|p2a: Dondozo|51/100 psn|[from] item: Leftovers
|-damage|p2a: Dondozo|39/100 psn|[from] psn
|upkeep
|turn|40
|inactive|ARD3NZ has 90 seconds left.
|
|t:|1779857869
|move|p1a: Corviknight|Protect|p1a: Corviknight
|-singleturn|p1a: Corviknight|Protect
|move|p2a: Dondozo|Rest|p2a: Dondozo
|-status|p2a: Dondozo|slp|[from] move: Rest
|-heal|p2a: Dondozo|100/100 slp|[silent]
|
|-heal|p1a: Corviknight|39/100|[from] item: Leftovers
|upkeep
|turn|41
|inactive|ARD3NZ has 90 seconds left.
|
|t:|1779857885
|move|p1a: Corviknight|Roost|p1a: Corviknight
|-heal|p1a: Corviknight|89/100
|-singleturn|p1a: Corviknight|move: Roost
|cant|p2a: Dondozo|slp
|move|p2a: Dondozo|Sleep Talk|p2a: Dondozo
|move|p2a: Dondozo|Body Press|p1a: Corviknight|[from] move: Sleep Talk
|-supereffective|p1a: Corviknight
|-damage|p1a: Corviknight|40/100
|
|-heal|p1a: Corviknight|46/100|[from] item: Leftovers
|upkeep
|turn|42
|inactive|ARD3NZ has 90 seconds left.
|
|t:|1779857897
|move|p1a: Corviknight|Roost|p1a: Corviknight
|-heal|p1a: Corviknight|96/100
|-singleturn|p1a: Corviknight|move: Roost
|cant|p2a: Dondozo|slp
|move|p2a: Dondozo|Sleep Talk|p2a: Dondozo
|move|p2a: Dondozo|Body Press|p1a: Corviknight|[from] move: Sleep Talk
|-supereffective|p1a: Corviknight
|-damage|p1a: Corviknight|52/100
|
|-heal|p1a: Corviknight|58/100|[from] item: Leftovers
|upkeep
|turn|43
|inactive|ARD3NZ has 90 seconds left.
|
|t:|1779857917
|move|p1a: Corviknight|Protect|p1a: Corviknight
|-singleturn|p1a: Corviknight|Protect
|-curestatus|p2a: Dondozo|slp|[msg]
|move|p2a: Dondozo|Wave Crash|p1a: Corviknight
|-activate|p1a: Corviknight|move: Protect
|
|-heal|p1a: Corviknight|64/100|[from] item: Leftovers
|upkeep
|turn|44
|inactive|ARD3NZ has 90 seconds left.
|
|t:|1779857938
|move|p1a: Corviknight|Roost|p1a: Corviknight
|-heal|p1a: Corviknight|100/100
|-singleturn|p1a: Corviknight|move: Roost
|move|p2a: Dondozo|Wave Crash|p1a: Corviknight
|-damage|p1a: Corviknight|69/100
|-damage|p2a: Dondozo|92/100|[from] Recoil
|
|-heal|p1a: Corviknight|76/100|[from] item: Leftovers
|-heal|p2a: Dondozo|99/100|[from] item: Leftovers
|upkeep
|turn|45
|
|t:|1779857951
|move|p1a: Corviknight|Protect|p1a: Corviknight
|-singleturn|p1a: Corviknight|Protect
|move|p2a: Dondozo|Body Press|p1a: Corviknight
|-activate|p1a: Corviknight|move: Protect
|
|-heal|p1a: Corviknight|82/100|[from] item: Leftovers
|-heal|p2a: Dondozo|100/100|[from] item: Leftovers
|upkeep
|turn|46
|
|t:|1779857964
|switch|p1a: Clefable|Clefable, M|48/100
|move|p2a: Dondozo|Body Press|p1a: Clefable
|-resisted|p1a: Clefable
|-damage|p1a: Clefable|38/100
|
|upkeep
|turn|47
|
|t:|1779857976
|switch|p2a: Slowking|Slowking-Galar, F|73/100
|-damage|p2a: Slowking|60/100|[from] Stealth Rock
|move|p1a: Clefable|Moonlight|p1a: Clefable
|-heal|p1a: Clefable|88/100
|
|upkeep
|turn|48
|
|t:|1779857984
|move|p1a: Clefable|Knock Off|p2a: Slowking
|-supereffective|p2a: Slowking
|-damage|p2a: Slowking|37/100
|move|p2a: Slowking|Toxic|p1a: Clefable
|-status|p1a: Clefable|tox
|
|upkeep
|turn|49
|inactive|ARD3NZ has 90 seconds left.
|
|t:|1779858000
|switch|p2a: Dondozo|Dondozo, M|100/100
|-damage|p2a: Dondozo|88/100|[from] Stealth Rock
|move|p1a: Clefable|Knock Off|p2a: Dondozo
|-damage|p2a: Dondozo|82/100
|-enditem|p2a: Dondozo|Leftovers|[from] move: Knock Off|[of] p1a: Clefable
|
|upkeep
|turn|50
|
|t:|1779858022
|switch|p1a: Corviknight|Corviknight, M|82/100
|-damage|p1a: Corviknight|69/100|[from] Stealth Rock
|-ability|p1a: Corviknight|Pressure
|move|p2a: Dondozo|Body Press|p1a: Corviknight
|-damage|p1a: Corviknight|48/100
|
|-heal|p1a: Corviknight|54/100|[from] item: Leftovers
|upkeep
|turn|51
|inactive|ARD3NZ has 90 seconds left.
|
|t:|1779858040
|move|p1a: Corviknight|Protect|p1a: Corviknight
|-singleturn|p1a: Corviknight|Protect
|move|p2a: Dondozo|Body Press|p1a: Corviknight
|-activate|p1a: Corviknight|move: Protect
|
|-heal|p1a: Corviknight|61/100|[from] item: Leftovers
|upkeep
|turn|52
|
|t:|1779858059
|switch|p1a: Clefable|Clefable, M|88/100 tox
|move|p2a: Dondozo|Body Press|p1a: Clefable
|-resisted|p1a: Clefable
|-damage|p1a: Clefable|77/100 tox
|
|-damage|p2a: Dondozo|69/100|[from] item: Sticky Barb
|upkeep
|turn|53
|inactive|ARD3NZ has 90 seconds left.
|
|t:|1779858081
|move|p1a: Clefable|Moonlight|p1a: Clefable
|-heal|p1a: Clefable|100/100 tox
|move|p2a: Dondozo|Body Press|p1a: Clefable
|-resisted|p1a: Clefable
|-crit|p1a: Clefable
|-damage|p1a: Clefable|84/100 tox
|
|-damage|p2a: Dondozo|57/100|[from] item: Sticky Barb
|upkeep
|turn|54
|
|t:|1779858096
|switch|p1a: Corviknight|Corviknight, M|61/100
|-damage|p1a: Corviknight|48/100|[from] Stealth Rock
|-ability|p1a: Corviknight|Pressure
|move|p2a: Dondozo|Body Press|p1a: Corviknight
|-crit|p1a: Corviknight
|-damage|p1a: Corviknight|16/100
|
|-heal|p1a: Corviknight|22/100|[from] item: Leftovers
|-damage|p2a: Dondozo|44/100|[from] item: Sticky Barb
|upkeep
|turn|55
|
|t:|1779858112
|move|p1a: Corviknight|Protect|p1a: Corviknight
|-singleturn|p1a: Corviknight|Protect
|move|p2a: Dondozo|Body Press|p1a: Corviknight
|-activate|p1a: Corviknight|move: Protect
|
|-heal|p1a: Corviknight|28/100|[from] item: Leftovers
|-damage|p2a: Dondozo|32/100|[from] item: Sticky Barb
|upkeep
|turn|56
|
|t:|1779858125
|switch|p1a: Clefable|Clefable, M|84/100 tox
|move|p2a: Dondozo|Body Press|p1a: Clefable
|-resisted|p1a: Clefable
|-damage|p1a: Clefable|73/100 tox
|
|-damage|p2a: Dondozo|19/100|[from] item: Sticky Barb
|upkeep
|turn|57
|
|t:|1779858134
|move|p1a: Clefable|Moonblast|p2a: Dondozo
|-damage|p2a: Dondozo|0 fnt
|faint|p2a: Dondozo
|
|upkeep
|
|t:|1779858144
|switch|p2a: Slowking|Slowking-Galar, F|71/100
|-damage|p2a: Slowking|58/100|[from] Stealth Rock
|turn|58
|
|t:|1779858158
|move|p1a: Clefable|Knock Off|p2a: Slowking
|-supereffective|p2a: Slowking
|-damage|p2a: Slowking|38/100
|move|p2a: Slowking|Future Sight|p1a: Clefable
|-start|p2a: Slowking|move: Future Sight
|
|upkeep
|turn|59
|inactive|ARD3NZ has 60 seconds left.
|
|t:|1779858183
|move|p1a: Clefable|Knock Off|p2a: Slowking
|-supereffective|p2a: Slowking
|-damage|p2a: Slowking|16/100
|-prepare|p2a: Slowking|Chilly Reception|[premajor]
|move|p2a: Slowking|Chilly Reception|p2a: Slowking
|-weather|Snowscape
|inactive|ARD3NZ has 60 seconds left.
|
|t:|1779858189
|switch|p2a: Sylveon|Sylveon, F|100/100|[from] Chilly Reception
|-damage|p2a: Sylveon|88/100|[from] Stealth Rock
|
|-weather|Snowscape|[upkeep]
|-heal|p2a: Sylveon|94/100|[from] item: Leftovers
|upkeep
|turn|60
|inactive|ARD3NZ has 60 seconds left.
|
|t:|1779858202
|switch|p1a: Toxapex|Toxapex, M, tera:Steel|52/100
|-damage|p1a: Toxapex|46/100|[from] Stealth Rock
|move|p2a: Sylveon|Calm Mind|p2a: Sylveon
|-boost|p2a: Sylveon|spa|1
|-boost|p2a: Sylveon|spd|1
|
|-weather|Snowscape|[upkeep]
|-end|p1a: Toxapex|move: Future Sight
|-resisted|p1a: Toxapex
|-damage|p1a: Toxapex|29/100
|-heal|p2a: Sylveon|99/100|[from] item: Leftovers
|upkeep
|turn|61
|inactive|ARD3NZ has 60 seconds left.
|inactive|ARD3NZ has 30 seconds left.
|inactive|ARD3NZ has 20 seconds left.
|inactive|ARD3NZ has 15 seconds left.
|inactive|ARD3NZ has 10 seconds left.
|
|t:|1779858266
|switch|p1a: Corviknight|Corviknight, M|28/100
|-damage|p1a: Corviknight|16/100|[from] Stealth Rock
|-ability|p1a: Corviknight|Pressure
|-terastallize|p2a: Sylveon|Steel
|move|p2a: Sylveon|Hyper Voice|p1a: Corviknight
|-resisted|p1a: Corviknight
|-damage|p1a: Corviknight|0 fnt
|faint|p1a: Corviknight
|
|-weather|Snowscape|[upkeep]
|-heal|p2a: Sylveon|100/100|[from] item: Leftovers
|upkeep
|inactive|00000ooo. has 120 seconds left.
|
|t:|1779858307
|switch|p1a: Dondozo|Dondozo, F|36/100 slp
|-damage|p1a: Dondozo|24/100 slp|[from] Stealth Rock
|turn|62
|inactive|ARD3NZ has 25 seconds left this turn.
|inactive|ARD3NZ has 20 seconds left.
|inactive|ARD3NZ has 15 seconds left.
|inactive|ARD3NZ has 10 seconds left.
|inactive|ARD3NZ has 5 seconds left.
|-message|ARD3NZ lost due to inactivity.
|
|win|00000ooo.
|raw|00000ooo.'s rating: 1358 &rarr; <strong>1376</strong><br />(+18 for winning)
|raw|ARD3NZ's rating: 1331 &rarr; <strong>1313</strong><br />(-18 for losing)
|l|☆ARD3NZ
|player|p2|
|l|☆00000ooo.
|player|p1|
