|j|☆magicsalt
|j|☆Examer
|t:|1779871609
|gametype|singles
|player|p1|magicsalt|clair|1230
|player|p2|Examer|2|1242
|gen|9
|tier|[Gen 9] OU
|rated|
|rule|HP Percentage Mod: HP is shown in percentages
|rule|Endless Battle Clause: Forcing endless battles is banned
|rule|Species Clause: Limit one of each Pokémon
|rule|OHKO Clause: OHKO moves are banned
|rule|Evasion Items Clause: Evasion items are banned
|rule|Evasion Moves Clause: Evasion moves are banned
|rule|Evasion Abilities Clause: Evasion abilities are banned
|rule|Sleep Moves Clause: Sleep-inducing moves are banned
|clearpoke
|poke|p1|Salazzle, F|
|poke|p1|Glimmora, F|
|poke|p1|Darkrai|
|poke|p1|Toxapex, M|
|poke|p1|Corviknight, F|
|poke|p1|Blissey, F|
|poke|p2|Grimmsnarl, M|
|poke|p2|Heatran, M|
|poke|p2|Dragapult, F|
|poke|p2|Great Tusk|
|poke|p2|Rotom-Wash|
|poke|p2|Iron Valiant|
|teampreview
|inactive|Battle timer is ON: inactive players will automatically lose when time's up. (requested by magicsalt)
|
|t:|1779871626
|teamsize|p1|6
|teamsize|p2|6
|start
|switch|p1a: A roc|Glimmora, F, shiny|100/100
|switch|p2a: Rotom|Rotom-Wash|100/100
|turn|1
|
|t:|1779871636
|move|p2a: Rotom|Trick|p1a: A roc
|-activate|p2a: Rotom|move: Trick|[of] p1a: A roc
|-item|p1a: A roc|Choice Scarf|[from] move: Trick
|-item|p2a: Rotom|Focus Sash|[from] move: Trick
|move|p1a: A roc|Toxic|p2a: Rotom
|-status|p2a: Rotom|tox
|
|-damage|p2a: Rotom|94/100 tox|[from] psn
|upkeep
|turn|2
|
|t:|1779871656
|switch|p1a: Fatty whopper|Blissey, F|100/100
|switch|p2a: Heatran|Heatran, M|100/100
|
|upkeep
|turn|3
|
|t:|1779871673
|switch|p1a: A roc|Glimmora, F, shiny|100/100
|move|p2a: Heatran|Taunt|p1a: A roc
|-start|p1a: A roc|move: Taunt
|
|upkeep
|turn|4
|
|t:|1779871690
|switch|p2a: Rotom|Rotom-Wash|94/100 tox
|move|p1a: A roc|Mortal Spin|p2a: Rotom
|-damage|p2a: Rotom|88/100 tox
|
|-damage|p2a: Rotom|82/100 tox|[from] psn
|upkeep
|turn|5
|
|t:|1779871700
|switch|p1a: Fatty whopper|Blissey, F|100/100
|move|p2a: Rotom|Hydro Pump|p1a: Fatty whopper
|-damage|p1a: Fatty whopper|86/100
|
|-heal|p1a: Fatty whopper|92/100|[from] item: Leftovers
|-damage|p2a: Rotom|69/100 tox|[from] psn
|upkeep
|turn|6
|
|t:|1779871712
|move|p2a: Rotom|Trick|p1a: Fatty whopper
|-activate|p2a: Rotom|move: Trick|[of] p1a: Fatty whopper
|-item|p1a: Fatty whopper|Focus Sash|[from] move: Trick
|-item|p2a: Rotom|Leftovers|[from] move: Trick
|move|p1a: Fatty whopper|Seismic Toss|p2a: Rotom
|-damage|p2a: Rotom|36/100 tox
|
|-heal|p2a: Rotom|43/100 tox|[from] item: Leftovers
|-damage|p2a: Rotom|24/100 tox|[from] psn
|upkeep
|turn|7
|
|t:|1779871725
|switch|p2a: Dragapult|Dragapult, F|100/100
|move|p1a: Fatty whopper|Seismic Toss|p2a: Dragapult
|-immune|p2a: Dragapult
|
|upkeep
|turn|8
|
|t:|1779871731
|move|p1a: Fatty whopper|Protect|p1a: Fatty whopper
|-singleturn|p1a: Fatty whopper|Protect
|move|p2a: Dragapult|Dragon Dance|p2a: Dragapult
|-boost|p2a: Dragapult|atk|1
|-boost|p2a: Dragapult|spe|1
|
|upkeep
|turn|9
|
|t:|1779871746
|switch|p1a: Spikey thingy|Toxapex, M|100/100
|move|p2a: Dragapult|Dragon Darts|p1a: Spikey thingy
|-damage|p1a: Spikey thingy|77/100
|-anim|p2a: Dragapult|Dragon Darts|p1a: Spikey thingy
|-damage|p1a: Spikey thingy|54/100
|
|-heal|p1a: Spikey thingy|61/100|[from] item: Leftovers
|upkeep
|turn|10
|
|t:|1779871761
|switch|p2a: Heatran|Heatran, M|100/100
|-terastallize|p1a: Spikey thingy|Fairy
|move|p1a: Spikey thingy|Infestation|p2a: Heatran
|-resisted|p2a: Heatran
|-damage|p2a: Heatran|99/100
|-activate|p2a: Heatran|move: Infestation|[of] p1a: Spikey thingy
|
|-heal|p2a: Heatran|100/100|[from] item: Leftovers
|-heal|p1a: Spikey thingy|67/100|[from] item: Leftovers
|-damage|p2a: Heatran|88/100|[from] move: Infestation|[partiallytrapped]
|upkeep
|turn|11
|
|t:|1779871775
|move|p1a: Spikey thingy|Baneful Bunker|p1a: Spikey thingy
|-singleturn|p1a: Spikey thingy|move: Protect
|move|p2a: Heatran|Magma Storm|p1a: Spikey thingy
|-activate|p1a: Spikey thingy|move: Protect
|
|-heal|p2a: Heatran|94/100|[from] item: Leftovers
|-heal|p1a: Spikey thingy|73/100|[from] item: Leftovers
|-damage|p2a: Heatran|82/100|[from] move: Infestation|[partiallytrapped]
|upkeep
|turn|12
|
|t:|1779871786
|move|p2a: Heatran|Magma Storm|p1a: Spikey thingy|[miss]
|-miss|p2a: Heatran|p1a: Spikey thingy
|move|p1a: Spikey thingy|Recover|p1a: Spikey thingy
|-heal|p1a: Spikey thingy|100/100
|
|-heal|p2a: Heatran|88/100|[from] item: Leftovers
|-damage|p2a: Heatran|75/100|[from] move: Infestation|[partiallytrapped]
|upkeep
|turn|13
|
|t:|1779871795
|move|p1a: Spikey thingy|Baneful Bunker|p1a: Spikey thingy
|-singleturn|p1a: Spikey thingy|move: Protect
|move|p2a: Heatran|Magma Storm|p1a: Spikey thingy
|-activate|p1a: Spikey thingy|move: Protect
|
|-heal|p2a: Heatran|82/100|[from] item: Leftovers
|-damage|p2a: Heatran|69/100|[from] move: Infestation|[partiallytrapped]
|upkeep
|turn|14
|
|t:|1779871805
|move|p2a: Heatran|Taunt|p1a: Spikey thingy
|-start|p1a: Spikey thingy|move: Taunt
|move|p1a: Spikey thingy|Infestation|p2a: Heatran
|-resisted|p2a: Heatran
|-damage|p2a: Heatran|69/100
|
|-heal|p2a: Heatran|75/100|[from] item: Leftovers
|-end|p2a: Heatran|Infestation|[partiallytrapped]
|upkeep
|turn|15
|
|t:|1779871823
|switch|p1a: A roc|Glimmora, F, shiny|100/100
|move|p2a: Heatran|Magma Storm|p1a: A roc
|-resisted|p1a: A roc
|-damage|p1a: A roc|68/100
|-activate|p1a: A roc|move: Magma Storm|[of] p2a: Heatran
|
|-heal|p2a: Heatran|81/100|[from] item: Leftovers
|-damage|p1a: A roc|56/100|[from] move: Magma Storm|[partiallytrapped]
|upkeep
|turn|16
|
|t:|1779871839
|-terastallize|p2a: Heatran|Flying
|move|p1a: A roc|Toxic|p2a: Heatran
|-status|p2a: Heatran|tox
|move|p2a: Heatran|Flash Cannon|p1a: A roc
|-supereffective|p1a: A roc
|-crit|p1a: A roc
|-damage|p1a: A roc|0 fnt
|faint|p1a: A roc
|
|-heal|p2a: Heatran|87/100 tox|[from] item: Leftovers
|-damage|p2a: Heatran|81/100 tox|[from] psn
|upkeep
|
|t:|1779871862
|switch|p1a: Arkham birbby|Corviknight, F|100/100
|-ability|p1a: Arkham birbby|Unnerve
|turn|17
|
|t:|1779871871
|switch|p2a: Rotom|Rotom-Wash|24/100 tox
|switch|p1a: Fatty whopper|Blissey, F|92/100
|
|-heal|p2a: Rotom|30/100 tox|[from] item: Leftovers
|-damage|p2a: Rotom|24/100 tox|[from] psn
|upkeep
|turn|18
|
|t:|1779871880
|move|p2a: Rotom|Thunder Wave|p1a: Fatty whopper
|-status|p1a: Fatty whopper|par
|move|p1a: Fatty whopper|Seismic Toss|p2a: Rotom
|-damage|p2a: Rotom|0 fnt
|faint|p2a: Rotom
|
|upkeep
|
|t:|1779871888
|switch|p2a: Dragapult|Dragapult, F|100/100
|turn|19
|
|t:|1779871893
|move|p2a: Dragapult|Dragon Dance|p2a: Dragapult
|-boost|p2a: Dragapult|atk|1
|-boost|p2a: Dragapult|spe|1
|move|p1a: Fatty whopper|Heal Bell|p1a: Fatty whopper
|-activate|p1a: Fatty whopper|move: Heal Bell
|-curestatus|p1a: Fatty whopper|par|[msg]
|
|upkeep
|turn|20
|
|t:|1779871902
|switch|p1a: Spikey thingy|Toxapex, M, tera:Fairy|100/100
|move|p2a: Dragapult|Dragon Dance|p2a: Dragapult
|-boost|p2a: Dragapult|atk|1
|-boost|p2a: Dragapult|spe|1
|
|upkeep
|turn|21
|
|t:|1779871919
|switch|p2a: Heatran|Heatran, M, tera:Flying|81/100 tox
|move|p1a: Spikey thingy|Haze|p1a: Spikey thingy
|-clearallboost
|
|-heal|p2a: Heatran|87/100 tox|[from] item: Leftovers
|-damage|p2a: Heatran|81/100 tox|[from] psn
|upkeep
|turn|22
|
|t:|1779871929
|move|p1a: Spikey thingy|Baneful Bunker|p1a: Spikey thingy
|-singleturn|p1a: Spikey thingy|move: Protect
|move|p2a: Heatran|Magma Storm|p1a: Spikey thingy
|-activate|p1a: Spikey thingy|move: Protect
|
|-heal|p2a: Heatran|87/100 tox|[from] item: Leftovers
|-damage|p2a: Heatran|75/100 tox|[from] psn
|upkeep
|turn|23
|
|t:|1779871939
|move|p2a: Heatran|Magma Storm|p1a: Spikey thingy
|-damage|p1a: Spikey thingy|56/100
|-activate|p1a: Spikey thingy|move: Magma Storm|[of] p2a: Heatran
|move|p1a: Spikey thingy|Infestation|p2a: Heatran
|-resisted|p2a: Heatran
|-damage|p2a: Heatran|74/100 tox
|-activate|p2a: Heatran|move: Infestation|[of] p1a: Spikey thingy
|
|-heal|p2a: Heatran|80/100 tox|[from] item: Leftovers
|-heal|p1a: Spikey thingy|62/100|[from] item: Leftovers
|-damage|p2a: Heatran|61/100 tox|[from] psn
|-damage|p2a: Heatran|49/100 tox|[from] move: Infestation|[partiallytrapped]
|-damage|p1a: Spikey thingy|50/100|[from] move: Magma Storm|[partiallytrapped]
|upkeep
|turn|24
|
|t:|1779871953
|move|p1a: Spikey thingy|Baneful Bunker|p1a: Spikey thingy
|-singleturn|p1a: Spikey thingy|move: Protect
|move|p2a: Heatran|Taunt|p1a: Spikey thingy
|-activate|p1a: Spikey thingy|move: Protect
|
|-heal|p2a: Heatran|55/100 tox|[from] item: Leftovers
|-heal|p1a: Spikey thingy|56/100|[from] item: Leftovers
|-damage|p2a: Heatran|30/100 tox|[from] psn
|-damage|p2a: Heatran|17/100 tox|[from] move: Infestation|[partiallytrapped]
|-damage|p1a: Spikey thingy|43/100|[from] move: Magma Storm|[partiallytrapped]
|upkeep
|turn|25
|
|t:|1779871967
|move|p2a: Heatran|Earth Power|p1a: Spikey thingy
|-damage|p1a: Spikey thingy|13/100
|move|p1a: Spikey thingy|Infestation|p2a: Heatran
|-resisted|p2a: Heatran
|-damage|p2a: Heatran|16/100 tox
|
|-heal|p2a: Heatran|22/100 tox|[from] item: Leftovers
|-heal|p1a: Spikey thingy|19/100|[from] item: Leftovers
|-damage|p2a: Heatran|0 fnt|[from] psn
|faint|p2a: Heatran
|-end|p1a: Spikey thingy|Magma Storm|[partiallytrapped]|[silent]
|upkeep
|
|t:|1779871976
|switch|p2a: Dragapult|Dragapult, F|100/100
|turn|26
|
|t:|1779871989
|switch|p1a: Arkham birbby|Corviknight, F|100/100
|-ability|p1a: Arkham birbby|Unnerve
|move|p2a: Dragapult|Dragon Dance|p2a: Dragapult
|-boost|p2a: Dragapult|atk|1
|-boost|p2a: Dragapult|spe|1
|
|upkeep
|turn|27
|
|t:|1779871996
|move|p2a: Dragapult|Will-O-Wisp|p1a: Arkham birbby
|-status|p1a: Arkham birbby|brn
|move|p1a: Arkham birbby|Bulk Up|p1a: Arkham birbby
|-boost|p1a: Arkham birbby|atk|1
|-boost|p1a: Arkham birbby|def|1
|
|-damage|p1a: Arkham birbby|94/100 brn|[from] brn
|upkeep
|turn|28
|
|t:|1779872014
|switch|p2a: Iron Valiant|Iron Valiant|100/100
|-enditem|p2a: Iron Valiant|Booster Energy
|-activate|p2a: Iron Valiant|ability: Quark Drive|[fromitem]
|-start|p2a: Iron Valiant|quarkdrivespe
|move|p1a: Arkham birbby|Power Trip|p2a: Iron Valiant
|-resisted|p2a: Iron Valiant
|-damage|p2a: Iron Valiant|97/100
|
|-heal|p1a: Arkham birbby|100/100 brn|[from] item: Leftovers
|-damage|p1a: Arkham birbby|94/100 brn|[from] brn
|upkeep
|turn|29
|
|t:|1779872039
|move|p2a: Iron Valiant|Encore|p1a: Arkham birbby
|-start|p1a: Arkham birbby|Encore
|move|p1a: Arkham birbby|Power Trip|p2a: Iron Valiant
|-resisted|p2a: Iron Valiant
|-damage|p2a: Iron Valiant|94/100
|
|-heal|p1a: Arkham birbby|100/100 brn|[from] item: Leftovers
|-damage|p1a: Arkham birbby|94/100 brn|[from] brn
|upkeep
|turn|30
|inactive|Examer has 120 seconds left.
|
|t:|1779872060
|-end|p2a: Iron Valiant|Quark Drive|[silent]
|switch|p2a: Great Tusk|Great Tusk|100/100
|-enditem|p2a: Great Tusk|Booster Energy
|-activate|p2a: Great Tusk|ability: Protosynthesis|[fromitem]
|-start|p2a: Great Tusk|protosynthesisatk
|switch|p1a: Edgey|Darkrai, shiny|100/100
|
|upkeep
|turn|31
|inactive|Examer has 120 seconds left.
|
|t:|1779872076
|move|p1a: Edgey|Psychic|p2a: Great Tusk
|-supereffective|p2a: Great Tusk
|-damage|p2a: Great Tusk|10/100
|move|p2a: Great Tusk|Headlong Rush|p1a: Edgey
|-enditem|p1a: Edgey|Focus Sash
|-damage|p1a: Edgey|1/100
|-unboost|p2a: Great Tusk|def|1
|-unboost|p2a: Great Tusk|spd|1
|
|upkeep
|turn|32
|inactive|Examer has 120 seconds left.
|
|t:|1779872091
|move|p1a: Edgey|Psychic|p2a: Great Tusk
|-supereffective|p2a: Great Tusk
|-damage|p2a: Great Tusk|0 fnt
|faint|p2a: Great Tusk
|-end|p2a: Great Tusk|Protosynthesis|[silent]
|
|upkeep
|
|t:|1779872102
|switch|p2a: Grimmsnarl|Grimmsnarl, M|100/100
|turn|33
|
|t:|1779872114
|move|p2a: Grimmsnarl|Light Screen|p2a: Grimmsnarl
|-sidestart|p2: Examer|move: Light Screen
|move|p1a: Edgey|Focus Blast|p2a: Grimmsnarl|[miss]
|-miss|p1a: Edgey|p2a: Grimmsnarl
|
|upkeep
|turn|34
|inactive|Examer has 120 seconds left.
|
|t:|1779872120
|move|p1a: Edgey|Focus Blast|p2a: Grimmsnarl
|-damage|p2a: Grimmsnarl|82/100
|move|p2a: Grimmsnarl|Spirit Break|p1a: Edgey
|-supereffective|p1a: Edgey
|-damage|p1a: Edgey|0 fnt
|faint|p1a: Edgey
|
|upkeep
|
|t:|1779872140
|switch|p1a: Thirst trap|Salazzle, F|100/100
|turn|35
|
|t:|1779872150
|move|p2a: Grimmsnarl|Parting Shot|p1a: Thirst trap
|-unboost|p1a: Thirst trap|atk|1
|-unboost|p1a: Thirst trap|spa|1
|inactive|Examer has 120 seconds left.
|
|t:|1779872161
|switch|p2a: Iron Valiant|Iron Valiant|94/100|[from] Parting Shot
|move|p1a: Thirst trap|Toxic|p2a: Iron Valiant
|-status|p2a: Iron Valiant|tox
|
|-damage|p2a: Iron Valiant|88/100 tox|[from] psn
|upkeep
|turn|36
|
|t:|1779872171
|move|p1a: Thirst trap|Protect|p1a: Thirst trap
|-singleturn|p1a: Thirst trap|Protect
|move|p2a: Iron Valiant|Psyshock|p1a: Thirst trap
|-activate|p1a: Thirst trap|move: Protect
|
|-damage|p2a: Iron Valiant|75/100 tox|[from] psn
|upkeep
|turn|37
|
|t:|1779872187
|switch|p1a: Arkham birbby|Corviknight, F|94/100 brn
|-ability|p1a: Arkham birbby|Unnerve
|move|p2a: Iron Valiant|Psyshock|p1a: Arkham birbby
|-resisted|p1a: Arkham birbby
|-damage|p1a: Arkham birbby|85/100 brn
|
|-heal|p1a: Arkham birbby|91/100 brn|[from] item: Leftovers
|-damage|p2a: Iron Valiant|57/100 tox|[from] psn
|-damage|p1a: Arkham birbby|85/100 brn|[from] brn
|upkeep
|turn|38
|
|t:|1779872202
|-end|p2a: Iron Valiant|Quark Drive|[silent]
|switch|p2a: Dragapult|Dragapult, F|100/100
|move|p1a: Arkham birbby|Bulk Up|p1a: Arkham birbby
|-boost|p1a: Arkham birbby|atk|1
|-boost|p1a: Arkham birbby|def|1
|
|-heal|p1a: Arkham birbby|91/100 brn|[from] item: Leftovers
|-damage|p1a: Arkham birbby|85/100 brn|[from] brn
|upkeep
|turn|39
|
|t:|1779872219
|switch|p1a: Spikey thingy|Toxapex, M, tera:Fairy|52/100
|move|p2a: Dragapult|Dragon Dance|p2a: Dragapult
|-boost|p2a: Dragapult|atk|1
|-boost|p2a: Dragapult|spe|1
|
|-heal|p1a: Spikey thingy|58/100|[from] item: Leftovers
|upkeep
|turn|40
|
|t:|1779872228
|move|p2a: Dragapult|Dragon Dance|p2a: Dragapult
|-boost|p2a: Dragapult|atk|1
|-boost|p2a: Dragapult|spe|1
|move|p1a: Spikey thingy|Recover|p1a: Spikey thingy
|-heal|p1a: Spikey thingy|100/100
|
|-sideend|p2: Examer|move: Light Screen
|upkeep
|turn|41
|
|t:|1779872236
|move|p2a: Dragapult|Dragon Dance|p2a: Dragapult
|-boost|p2a: Dragapult|atk|1
|-boost|p2a: Dragapult|spe|1
|move|p1a: Spikey thingy|Infestation|p2a: Dragapult
|-resisted|p2a: Dragapult
|-damage|p2a: Dragapult|99/100
|-activate|p2a: Dragapult|move: Infestation|[of] p1a: Spikey thingy
|
|-damage|p2a: Dragapult|86/100|[from] move: Infestation|[partiallytrapped]
|upkeep
|turn|42
|
|t:|1779872246
|move|p2a: Dragapult|Dragon Dance|p2a: Dragapult
|-boost|p2a: Dragapult|atk|1
|-boost|p2a: Dragapult|spe|1
|move|p1a: Spikey thingy|Haze|p1a: Spikey thingy
|-clearallboost
|
|-damage|p2a: Dragapult|74/100|[from] move: Infestation|[partiallytrapped]
|upkeep
|turn|43
|
|t:|1779872255
|move|p1a: Spikey thingy|Baneful Bunker|p1a: Spikey thingy
|-singleturn|p1a: Spikey thingy|move: Protect
|move|p2a: Dragapult|Will-O-Wisp|p1a: Spikey thingy
|-activate|p1a: Spikey thingy|move: Protect
|
|-damage|p2a: Dragapult|62/100|[from] move: Infestation|[partiallytrapped]
|upkeep
|turn|44
|-message|Examer forfeited.
|
|win|magicsalt
|raw|magicsalt's rating: 1230 &rarr; <strong>1256</strong><br />(+26 for winning)
|raw|Examer's rating: 1242 &rarr; <strong>1216</strong><br />(-26 for losing)
|l|☆Examer
|player|p2|
