|j|☆1100 smurf
|j|☆Caligoat
|t:|1779892555
|gametype|singles
|player|p1|1100 smurf|preschooler|1491
|player|p2|Caligoat|skyla|1489
|gen|9
|tier|[Gen 9] OU
|rated|
|rule|HP Percentage Mod: HP is shown in percentages
|rule|Endless Battle Clause: Forcing endless battles is banned
|rule|Species Clause: Limit one of each Pokémon
|rule|OHKO Clause: OHKO moves are banned
|rule|Evasion Items Clause: Evasion items are banned
|rule|Evasion Moves Clause: Evasion moves are banned
|rule|Evasion Abilities Clause: Evasion abilities are banned
|rule|Sleep Moves Clause: Sleep-inducing moves are banned
|clearpoke
|poke|p1|Cramorant, M|
|poke|p1|Scizor, F|
|poke|p1|Kingambit, F|
|poke|p1|Iron Moth|
|poke|p1|Enamorus, F|
|poke|p1|Ogerpon-Cornerstone, F|
|poke|p2|Zoroark-Hisui, F|
|poke|p2|Ursaluna, M|
|poke|p2|Ogerpon-Wellspring, F|
|poke|p2|Great Tusk|
|poke|p2|Enamorus, F|
|poke|p2|Clefable, F|
|teampreview
|inactive|Battle timer is ON: inactive players will automatically lose when time's up. (requested by Caligoat)
|
|t:|1779892579
|teamsize|p1|6
|teamsize|p2|6
|start
|switch|p1a: Cramorant|Cramorant, M, shiny|100/100
|switch|p2a: Ogerpon|Ogerpon-Wellspring, F|100/100
|turn|1
|
|t:|1779892585
|switch|p2a: Clefable|Clefable, F|100/100
|move|p1a: Cramorant|Tailwind|p1a: Cramorant
|-sidestart|p1: 1100 smurf|move: Tailwind
|
|upkeep
|turn|2
|
|t:|1779892588
|move|p1a: Cramorant|Surf|p2a: Clefable
|-formechange|p1a: Cramorant|Cramorant-Gulping|
|-damage|p2a: Clefable|70/100
|move|p2a: Clefable|Cosmic Power|p2a: Clefable
|-boost|p2a: Clefable|def|1
|-boost|p2a: Clefable|spd|1
|
|-heal|p2a: Clefable|76/100|[from] item: Leftovers
|upkeep
|turn|3
|
|t:|1779892597
|move|p1a: Cramorant|Hurricane|p2a: Clefable
|-damage|p2a: Clefable|52/100
|move|p2a: Clefable|Cosmic Power|p2a: Clefable
|-boost|p2a: Clefable|def|1
|-boost|p2a: Clefable|spd|1
|
|-heal|p2a: Clefable|58/100|[from] item: Leftovers
|upkeep
|turn|4
|
|t:|1779892605
|move|p1a: Cramorant|Surf|p2a: Clefable
|-damage|p2a: Clefable|43/100
|move|p2a: Clefable|Cosmic Power|p2a: Clefable
|-boost|p2a: Clefable|def|1
|-boost|p2a: Clefable|spd|1
|
|-heal|p2a: Clefable|49/100|[from] item: Leftovers
|-sideend|p1: 1100 smurf|move: Tailwind
|upkeep
|turn|5
|
|t:|1779892611
|move|p1a: Cramorant|Defog|p2a: Clefable
|-unboost|p2a: Clefable|evasion|1
|move|p2a: Clefable|Moonlight|p2a: Clefable
|-heal|p2a: Clefable|99/100
|
|-heal|p2a: Clefable|100/100|[from] item: Leftovers
|upkeep
|turn|6
|
|t:|1779892616
|move|p1a: Cramorant|Hurricane|p2a: Clefable
|-damage|p2a: Clefable|86/100
|move|p2a: Clefable|Cosmic Power|p2a: Clefable
|-boost|p2a: Clefable|def|1
|-boost|p2a: Clefable|spd|1
|
|-heal|p2a: Clefable|92/100|[from] item: Leftovers
|upkeep
|turn|7
|
|t:|1779892620
|move|p1a: Cramorant|Hurricane|p2a: Clefable
|-damage|p2a: Clefable|80/100
|-start|p2a: Clefable|confusion
|-activate|p2a: Clefable|confusion
|-damage|p2a: Clefable|78/100|[from] confusion
|
|-heal|p2a: Clefable|84/100|[from] item: Leftovers
|upkeep
|turn|8
|
|t:|1779892623
|move|p1a: Cramorant|Hurricane|p2a: Clefable
|-damage|p2a: Clefable|72/100
|-activate|p2a: Clefable|confusion
|move|p2a: Clefable|Cosmic Power|p2a: Clefable
|-boost|p2a: Clefable|def|1
|-boost|p2a: Clefable|spd|1
|
|-heal|p2a: Clefable|78/100|[from] item: Leftovers
|upkeep
|turn|9
|
|t:|1779892626
|move|p1a: Cramorant|Hurricane|p2a: Clefable
|-damage|p2a: Clefable|66/100
|-activate|p2a: Clefable|confusion
|move|p2a: Clefable|Cosmic Power|p2a: Clefable
|-boost|p2a: Clefable|def|1
|-boost|p2a: Clefable|spd|1
|
|-heal|p2a: Clefable|72/100|[from] item: Leftovers
|upkeep
|turn|10
|
|t:|1779892630
|move|p1a: Cramorant|Hurricane|p2a: Clefable
|-damage|p2a: Clefable|62/100
|-activate|p2a: Clefable|confusion
|-damage|p2a: Clefable|61/100|[from] confusion
|
|-heal|p2a: Clefable|67/100|[from] item: Leftovers
|upkeep
|turn|11
|
|t:|1779892634
|move|p1a: Cramorant|Hurricane|p2a: Clefable
|-damage|p2a: Clefable|57/100
|-end|p2a: Clefable|confusion
|move|p2a: Clefable|Moonlight|p2a: Clefable
|-heal|p2a: Clefable|100/100
|
|upkeep
|turn|12
|
|t:|1779892637
|move|p1a: Cramorant|Hurricane|p2a: Clefable
|-damage|p2a: Clefable|90/100
|-start|p2a: Clefable|confusion
|-activate|p2a: Clefable|confusion
|move|p2a: Clefable|Stored Power|p1a: Cramorant
|-damage|p1a: Cramorant|22/100
|-activate|p1a: Cramorant|ability: Gulp Missile
|-unboost|p2a: Clefable|def|1
|-formechange|p1a: Cramorant|Cramorant|
|
|-heal|p2a: Clefable|96/100|[from] item: Leftovers
|upkeep
|turn|13
|
|t:|1779892641
|move|p1a: Cramorant|Surf|p2a: Clefable
|-formechange|p1a: Cramorant|Cramorant-Gorging|
|-crit|p2a: Clefable
|-damage|p2a: Clefable|45/100
|-activate|p2a: Clefable|confusion
|move|p2a: Clefable|Stored Power|p1a: Cramorant
|-damage|p1a: Cramorant|0 fnt
|-activate|p1a: Cramorant|ability: Gulp Missile
|-status|p2a: Clefable|par
|-formechange|p1a: Cramorant|Cramorant|
|faint|p1a: Cramorant
|
|-heal|p2a: Clefable|51/100 par|[from] item: Leftovers
|upkeep
|
|t:|1779892651
|switch|p1a: Kingambit|Kingambit, F|100/100
|-activate|p1a: Kingambit|ability: Supreme Overlord
|-start|p1a: Kingambit|fallen1|[silent]
|turn|14
|
|t:|1779892653
|move|p1a: Kingambit|Iron Head|p2a: Clefable
|-supereffective|p2a: Clefable
|-damage|p2a: Clefable|27/100 par
|-activate|p2a: Clefable|confusion
|-damage|p2a: Clefable|25/100 par|[from] confusion
|
|-heal|p2a: Clefable|31/100 par|[from] item: Leftovers
|upkeep
|turn|15
|
|t:|1779892657
|move|p1a: Kingambit|Iron Head|p2a: Clefable
|-supereffective|p2a: Clefable
|-damage|p2a: Clefable|7/100 par
|-end|p2a: Clefable|confusion
|move|p2a: Clefable|Moonlight|p2a: Clefable
|-heal|p2a: Clefable|57/100 par
|
|-heal|p2a: Clefable|63/100 par|[from] item: Leftovers
|upkeep
|turn|16
|
|t:|1779892662
|move|p1a: Kingambit|Iron Head|p2a: Clefable
|-supereffective|p2a: Clefable
|-damage|p2a: Clefable|38/100 par
|cant|p2a: Clefable|flinch
|
|-heal|p2a: Clefable|44/100 par|[from] item: Leftovers
|upkeep
|turn|17
|
|t:|1779892667
|move|p1a: Kingambit|Iron Head|p2a: Clefable
|-supereffective|p2a: Clefable
|-damage|p2a: Clefable|16/100 par
|cant|p2a: Clefable|flinch
|
|-heal|p2a: Clefable|22/100 par|[from] item: Leftovers
|upkeep
|turn|18
|
|t:|1779892670
|move|p1a: Kingambit|Iron Head|p2a: Clefable
|-supereffective|p2a: Clefable
|-damage|p2a: Clefable|0 fnt
|faint|p2a: Clefable
|
|upkeep
|
|t:|1779892672
|switch|p2a: Great Tusk|Great Tusk|100/100
|-enditem|p2a: Great Tusk|Booster Energy
|-activate|p2a: Great Tusk|ability: Protosynthesis|[fromitem]
|-start|p2a: Great Tusk|protosynthesisatk
|turn|19
|
|t:|1779892680
|-end|p1a: Kingambit|fallen1|[silent]
|switch|p1a: Enamorus|Enamorus, F|100/100
|move|p2a: Great Tusk|Ice Spinner|p1a: Enamorus
|-supereffective|p1a: Enamorus
|-enditem|p1a: Enamorus|Focus Sash
|-damage|p1a: Enamorus|1/100
|
|upkeep
|turn|20
|
|t:|1779892692
|-end|p2a: Great Tusk|Protosynthesis|[silent]
|switch|p2a: Ursaluna|Ursaluna, M|100/100
|move|p1a: Enamorus|Healing Wish|p1a: Enamorus
|faint|p1a: Enamorus
|
|-status|p2a: Ursaluna|brn|[from] item: Flame Orb
|upkeep
|
|t:|1779892698
|switch|p1a: Scizor|Scizor, F|100/100
|turn|21
|
|t:|1779892702
|move|p2a: Ursaluna|Shadow Claw|p1a: Scizor
|-damage|p1a: Scizor|81/100
|move|p1a: Scizor|Close Combat|p2a: Ursaluna
|-immune|p2a: Ursaluna
|
|-damage|p2a: Ursaluna|95/100 brn|[from] brn
|upkeep
|turn|22
|
|t:|1779892708
|move|p2a: Ursaluna|Swords Dance|p2a: Ursaluna
|-boost|p2a: Ursaluna|atk|2
|move|p1a: Scizor|Knock Off|p2a: Ursaluna
|-supereffective|p2a: Ursaluna
|-damage|p2a: Ursaluna|0 fnt
|replace|p2a: Zoroark|Zoroark-Hisui, F
|-end|p2a: Zoroark|Illusion
|-enditem|p2a: Zoroark|Flame Orb|[from] move: Knock Off|[of] p1a: Scizor
|faint|p2a: Zoroark
|
|upkeep
|
|t:|1779892714
|switch|p2a: Enamorus|Enamorus, F|100/100
|turn|23
|
|t:|1779892720
|switch|p1a: Iron Moth|Iron Moth|100/100
|-enditem|p1a: Iron Moth|Booster Energy
|-activate|p1a: Iron Moth|ability: Quark Drive|[fromitem]
|-start|p1a: Iron Moth|quarkdrivespe
|move|p2a: Enamorus|Mystical Fire|p1a: Iron Moth
|-resisted|p1a: Iron Moth
|-damage|p1a: Iron Moth|82/100
|-unboost|p1a: Iron Moth|spa|1
|
|upkeep
|turn|24
|
|t:|1779892729
|switch|p2a: Great Tusk|Great Tusk|100/100
|move|p1a: Iron Moth|Fiery Dance|p2a: Great Tusk
|-damage|p2a: Great Tusk|58/100
|
|upkeep
|turn|25
|
|t:|1779892738
|move|p1a: Iron Moth|Energy Ball|p2a: Great Tusk
|-supereffective|p2a: Great Tusk
|-damage|p2a: Great Tusk|0 fnt
|faint|p2a: Great Tusk
|-end|p2a: Great Tusk|Protosynthesis|[silent]
|
|upkeep
|
|t:|1779892745
|switch|p2a: Ogerpon|Ogerpon-Wellspring, F|100/100
|turn|26
|
|t:|1779892757
|-end|p1a: Iron Moth|Quark Drive|[silent]
|switch|p1a: Scizor|Scizor, F|81/100
|-heal|p1a: Scizor|100/100|[from] move: Healing Wish
|-terastallize|p2a: Ogerpon|Water
|detailschange|p2a: Ogerpon|Ogerpon-Wellspring-Tera, F, tera:Water
|-ability|p2a: Ogerpon|Embody Aspect (Wellspring)|boost
|-boost|p2a: Ogerpon|spd|1
|move|p2a: Ogerpon|Ivy Cudgel|p1a: Scizor|[anim] Ivy Cudgel Water
|-enditem|p1a: Scizor|Focus Sash
|-damage|p1a: Scizor|1/100
|
|upkeep
|turn|27
|
|t:|1779892766
|move|p1a: Scizor|Bullet Punch|p2a: Ogerpon
|-resisted|p2a: Ogerpon
|-damage|p2a: Ogerpon|81/100
|move|p2a: Ogerpon|Ivy Cudgel|p1a: Scizor|[anim] Ivy Cudgel Water
|-damage|p1a: Scizor|0 fnt
|faint|p1a: Scizor
|
|upkeep
|
|t:|1779892772
|switch|p1a: Ogerpon|Ogerpon-Cornerstone, F|100/100
|turn|28
|
|t:|1779892778
|switch|p2a: Enamorus|Enamorus, F|100/100
|move|p1a: Ogerpon|Power Whip|p2a: Enamorus
|-resisted|p2a: Enamorus
|-damage|p2a: Enamorus|40/100
|
|upkeep
|turn|29
|
|t:|1779892787
|switch|p1a: Iron Moth|Iron Moth|82/100
|move|p2a: Enamorus|Moonblast|p1a: Iron Moth
|-resisted|p1a: Iron Moth
|-damage|p1a: Iron Moth|65/100
|-unboost|p1a: Iron Moth|spa|1
|
|upkeep
|turn|30
|
|t:|1779892794
|move|p1a: Iron Moth|Energy Ball|p2a: Enamorus
|-resisted|p2a: Enamorus
|-damage|p2a: Enamorus|26/100
|move|p2a: Enamorus|Moonblast|p1a: Iron Moth
|-resisted|p1a: Iron Moth
|-damage|p1a: Iron Moth|46/100
|
|upkeep
|turn|31
|
|t:|1779892796
|move|p1a: Iron Moth|Fiery Dance|p2a: Enamorus
|-damage|p2a: Enamorus|0 fnt
|-boost|p1a: Iron Moth|spa|1
|faint|p2a: Enamorus
|
|upkeep
|
|t:|1779892798
|switch|p2a: Ogerpon|Ogerpon-Wellspring-Tera, F, tera:Water|81/100
|-ability|p2a: Ogerpon|Embody Aspect (Wellspring)|boost
|-boost|p2a: Ogerpon|spd|1
|turn|32
|
|t:|1779892807
|move|p2a: Ogerpon|Ivy Cudgel|p1a: Iron Moth|[anim] Ivy Cudgel Water
|-supereffective|p1a: Iron Moth
|-crit|p1a: Iron Moth
|-damage|p1a: Iron Moth|0 fnt
|faint|p1a: Iron Moth
|-end|p1a: Iron Moth|Quark Drive|[silent]
|
|upkeep
|
|t:|1779892811
|switch|p1a: Ogerpon|Ogerpon-Cornerstone, F|100/100
|turn|33
|
|t:|1779892814
|switch|p2a: Ursaluna|Ursaluna, M|100/100
|move|p1a: Ogerpon|Power Whip|p2a: Ursaluna
|-supereffective|p2a: Ursaluna
|-damage|p2a: Ursaluna|0 fnt
|faint|p2a: Ursaluna
|
|upkeep
|
|t:|1779892815
|switch|p2a: Ogerpon|Ogerpon-Wellspring-Tera, F, tera:Water|81/100
|-ability|p2a: Ogerpon|Embody Aspect (Wellspring)|boost
|-boost|p2a: Ogerpon|spd|1
|turn|34
|
|t:|1779892819
|move|p1a: Ogerpon|Ivy Cudgel|p2a: Ogerpon|[anim] Ivy Cudgel Rock
|-crit|p2a: Ogerpon
|-damage|p2a: Ogerpon|0 fnt
|faint|p2a: Ogerpon
|detailschange|p2: Ogerpon|Ogerpon-Wellspring, F|[silent]
|
|win|1100 smurf
|raw|1100 smurf's rating: 1491 &rarr; <strong>1511</strong><br />(+20 for winning)
|raw|Caligoat's rating: 1489 &rarr; <strong>1469</strong><br />(-20 for losing)
|l|☆Caligoat
|player|p2|
|l|☆1100 smurf
|player|p1|
