|j|☆ricky135
|j|☆jkreyes1
|t:|1779893252
|gametype|singles
|player|p1|ricky135|ghetsis-gen5bw|1521
|player|p2|jkreyes1|volkner|1515
|gen|9
|tier|[Gen 9] OU
|rated|
|rule|HP Percentage Mod: HP is shown in percentages
|rule|Endless Battle Clause: Forcing endless battles is banned
|rule|Species Clause: Limit one of each Pokémon
|rule|OHKO Clause: OHKO moves are banned
|rule|Evasion Items Clause: Evasion items are banned
|rule|Evasion Moves Clause: Evasion moves are banned
|rule|Evasion Abilities Clause: Evasion abilities are banned
|rule|Sleep Moves Clause: Sleep-inducing moves are banned
|clearpoke
|poke|p1|Enamorus-Therian, F|
|poke|p1|Iron Treads|
|poke|p1|Kyurem|
|poke|p1|Greninja-*, M|
|poke|p1|Cinderace, M|
|poke|p1|Electrode-Hisui|
|poke|p2|Gastrodon-East, M|
|poke|p2|Hippowdon, F|
|poke|p2|Landorus-Therian, M|
|poke|p2|Tyranitar, M|
|poke|p2|Zapdos|
|poke|p2|Excadrill, M|
|teampreview
|inactive|Battle timer is ON: inactive players will automatically lose when time's up. (requested by ricky135)
|
|t:|1779893272
|teamsize|p1|6
|teamsize|p2|6
|start
|switch|p1a: Enamorus|Enamorus-Therian, F|100/100
|switch|p2a: Landorus|Landorus-Therian, M, shiny|100/100
|-ability|p2a: Landorus|Intimidate|boost
|-unboost|p1a: Enamorus|atk|1
|turn|1
|
|t:|1779893277
|move|p2a: Landorus|U-turn|p1a: Enamorus
|-resisted|p1a: Enamorus
|-damage|p1a: Enamorus|95/100
|
|t:|1779893280
|switch|p2a: Zapdos|Zapdos, shiny|100/100|[from] U-turn
|move|p1a: Enamorus|Moonblast|p2a: Zapdos
|-damage|p2a: Zapdos|46/100
|
|-heal|p2a: Zapdos|52/100|[from] item: Leftovers
|upkeep
|turn|2
|
|t:|1779893287
|switch|p1a: Iron Treads|Iron Treads|100/100
|move|p2a: Zapdos|Roost|p2a: Zapdos
|-heal|p2a: Zapdos|100/100
|-singleturn|p2a: Zapdos|move: Roost
|
|upkeep
|turn|3
|
|t:|1779893291
|move|p1a: Iron Treads|Stealth Rock|p2a: Zapdos
|-sidestart|p2: jkreyes1|move: Stealth Rock
|move|p2a: Zapdos|Heat Wave|p1a: Iron Treads|[miss]
|-miss|p2a: Zapdos|p1a: Iron Treads
|
|upkeep
|turn|4
|
|t:|1779893300
|move|p1a: Iron Treads|Rapid Spin|p2a: Zapdos
|-damage|p2a: Zapdos|88/100
|-boost|p1a: Iron Treads|spe|1
|-status|p1a: Iron Treads|par|[from] ability: Static|[of] p2a: Zapdos
|move|p2a: Zapdos|Heat Wave|p1a: Iron Treads
|-supereffective|p1a: Iron Treads
|-damage|p1a: Iron Treads|16/100 par
|
|-heal|p2a: Zapdos|94/100|[from] item: Leftovers
|upkeep
|turn|5
|
|t:|1779893309
|cant|p1a: Iron Treads|par
|move|p2a: Zapdos|Heat Wave|p1a: Iron Treads
|-supereffective|p1a: Iron Treads
|-damage|p1a: Iron Treads|0 fnt
|faint|p1a: Iron Treads
|-end|p1a: Iron Treads|Quark Drive|[silent]
|
|-heal|p2a: Zapdos|100/100|[from] item: Leftovers
|upkeep
|
|t:|1779893316
|switch|p1a: Kyurem|Kyurem|100/100
|-ability|p1a: Kyurem|Pressure
|turn|6
|
|t:|1779893320
|switch|p2a: Tyranitar|Tyranitar, M, shiny|100/100
|-damage|p2a: Tyranitar|88/100|[from] Stealth Rock
|-weather|Sandstorm|[from] ability: Sand Stream|[of] p2a: Tyranitar
|move|p1a: Kyurem|Icicle Spear|p2a: Tyranitar
|-crit|p2a: Tyranitar
|-damage|p2a: Tyranitar|71/100
|-damage|p2a: Tyranitar|60/100
|-damage|p2a: Tyranitar|49/100
|-damage|p2a: Tyranitar|38/100
|-hitcount|p2a: Tyranitar|4
|
|-weather|Sandstorm|[upkeep]
|-damage|p1a: Kyurem|94/100|[from] Sandstorm
|upkeep
|turn|7
|
|t:|1779893331
|move|p1a: Kyurem|Icicle Spear|p2a: Tyranitar
|-damage|p2a: Tyranitar|28/100
|-crit|p2a: Tyranitar
|-damage|p2a: Tyranitar|11/100
|-crit|p2a: Tyranitar
|-damage|p2a: Tyranitar|0 fnt
|faint|p2a: Tyranitar
|-hitcount|p2: Tyranitar|3
|
|-weather|Sandstorm|[upkeep]
|-damage|p1a: Kyurem|88/100|[from] Sandstorm
|upkeep
|
|t:|1779893337
|switch|p2a: Excadrill|Excadrill, M, shiny|100/100
|-damage|p2a: Excadrill|97/100|[from] Stealth Rock
|turn|8
|
|t:|1779893339
|move|p1a: Kyurem|Protect|p1a: Kyurem
|-singleturn|p1a: Kyurem|Protect
|move|p2a: Excadrill|Iron Head|p1a: Kyurem
|-activate|p1a: Kyurem|move: Protect
|
|-weather|Sandstorm|[upkeep]
|-damage|p1a: Kyurem|82/100|[from] Sandstorm
|upkeep
|turn|9
|
|t:|1779893344
|switch|p1a: Electrode|Electrode-Hisui, shiny|100/100
|move|p2a: Excadrill|Iron Head|p1a: Electrode
|-resisted|p1a: Electrode
|-damage|p1a: Electrode|51/100
|-damage|p2a: Excadrill|87/100|[from] item: Life Orb
|
|-weather|Sandstorm|[upkeep]
|-damage|p1a: Electrode|45/100|[from] Sandstorm
|upkeep
|turn|10
|
|t:|1779893349
|move|p2a: Excadrill|Iron Head|p1a: Electrode
|-resisted|p1a: Electrode
|-damage|p1a: Electrode|0 fnt
|-damage|p2a: Excadrill|63/100|[from] ability: Aftermath|[of] p1a: Electrode
|faint|p1a: Electrode
|-damage|p2a: Excadrill|53/100|[from] item: Life Orb
|
|-weather|Sandstorm|[upkeep]
|upkeep
|
|t:|1779893354
|switch|p1a: Cinderace|Cinderace, M, shiny|100/100
|turn|11
|
|t:|1779893358
|switch|p1a: Enamorus|Enamorus-Therian, F|95/100
|move|p2a: Excadrill|Earthquake|p1a: Enamorus
|-immune|p1a: Enamorus
|
|-weather|Sandstorm|[upkeep]
|upkeep
|turn|12
|
|t:|1779893364
|switch|p1a: Cinderace|Cinderace, M, shiny|100/100
|move|p2a: Excadrill|Iron Head|p1a: Cinderace
|-resisted|p1a: Cinderace
|-damage|p1a: Cinderace|53/100
|-damage|p2a: Excadrill|43/100|[from] item: Life Orb
|
|-weather|Sandstorm|[upkeep]
|-damage|p1a: Cinderace|47/100|[from] Sandstorm
|upkeep
|turn|13
|
|t:|1779893369
|move|p1a: Cinderace|Sucker Punch|p2a: Excadrill
|-start|p1a: Cinderace|typechange|Dark|[from] ability: Libero
|-damage|p2a: Excadrill|0 fnt
|faint|p2a: Excadrill
|
|-weather|none
|upkeep
|
|t:|1779893374
|switch|p2a: Landorus|Landorus-Therian, M, shiny|100/100
|-damage|p2a: Landorus|88/100|[from] Stealth Rock
|-ability|p2a: Landorus|Intimidate|boost
|-unboost|p1a: Cinderace|atk|1
|turn|14
|c|☆ricky135|threat neutralized
|
|t:|1779893384
|move|p2a: Landorus|Stone Edge|p1a: Cinderace
|-damage|p1a: Cinderace|0 fnt
|faint|p1a: Cinderace
|
|upkeep
|
|t:|1779893389
|switch|p1a: Greninja|Greninja, M|100/100
|turn|15
|
|t:|1779893394
|switch|p2a: Gastrodon|Gastrodon-East, M, shiny|100/100
|-damage|p2a: Gastrodon|94/100|[from] Stealth Rock
|switch|p1a: Kyurem|Kyurem|82/100
|-ability|p1a: Kyurem|Pressure
|
|-heal|p2a: Gastrodon|100/100|[from] item: Leftovers
|upkeep
|turn|16
|
|t:|1779893400
|move|p1a: Kyurem|Dragon Dance|p1a: Kyurem
|-boost|p1a: Kyurem|atk|1
|-boost|p1a: Kyurem|spe|1
|move|p2a: Gastrodon|Earth Power|p1a: Kyurem
|-damage|p1a: Kyurem|53/100
|
|upkeep
|turn|17
|
|t:|1779893405
|move|p1a: Kyurem|Scale Shot|p2a: Gastrodon
|-damage|p2a: Gastrodon|78/100
|-damage|p2a: Gastrodon|59/100
|-damage|p2a: Gastrodon|38/100
|-crit|p2a: Gastrodon
|-damage|p2a: Gastrodon|7/100
|-hitcount|p2a: Gastrodon|4
|-unboost|p1a: Kyurem|def|1
|-boost|p1a: Kyurem|spe|1
|move|p2a: Gastrodon|Earth Power|p1a: Kyurem
|-damage|p1a: Kyurem|24/100
|
|-heal|p2a: Gastrodon|13/100|[from] item: Leftovers
|upkeep
|turn|18
|
|t:|1779893417
|switch|p2a: Hippowdon|Hippowdon, F, shiny|100/100
|-damage|p2a: Hippowdon|94/100|[from] Stealth Rock
|-weather|Sandstorm|[from] ability: Sand Stream|[of] p2a: Hippowdon
|move|p1a: Kyurem|Scale Shot|p2a: Hippowdon
|-damage|p2a: Hippowdon|83/100
|-damage|p2a: Hippowdon|71/100
|-damage|p2a: Hippowdon|60/100
|-damage|p2a: Hippowdon|48/100
|-hitcount|p2a: Hippowdon|4
|-unboost|p1a: Kyurem|def|1
|-boost|p1a: Kyurem|spe|1
|
|-weather|Sandstorm|[upkeep]
|-damage|p1a: Kyurem|18/100|[from] Sandstorm
|upkeep
|turn|19
|
|t:|1779893421
|switch|p2a: Gastrodon|Gastrodon-East, M, shiny|13/100
|-damage|p2a: Gastrodon|7/100|[from] Stealth Rock
|move|p1a: Kyurem|Icicle Spear|p2a: Gastrodon
|-damage|p2a: Gastrodon|0 fnt
|faint|p2a: Gastrodon
|-hitcount|p2: Gastrodon|1
|
|-weather|Sandstorm|[upkeep]
|-damage|p1a: Kyurem|12/100|[from] Sandstorm
|upkeep
|
|t:|1779893430
|switch|p2a: Landorus|Landorus-Therian, M, shiny|88/100
|-damage|p2a: Landorus|75/100|[from] Stealth Rock
|-ability|p2a: Landorus|Intimidate|boost
|-unboost|p1a: Kyurem|atk|1
|turn|20
|
|t:|1779893435
|switch|p2a: Hippowdon|Hippowdon, F, shiny|48/100
|-damage|p2a: Hippowdon|42/100|[from] Stealth Rock
|move|p1a: Kyurem|Icicle Spear|p2a: Hippowdon
|-supereffective|p2a: Hippowdon
|-damage|p2a: Hippowdon|28/100
|-supereffective|p2a: Hippowdon
|-damage|p2a: Hippowdon|13/100
|-supereffective|p2a: Hippowdon
|-damage|p2a: Hippowdon|0 fnt
|faint|p2a: Hippowdon
|-hitcount|p2: Hippowdon|3
|
|-weather|Sandstorm|[upkeep]
|-damage|p1a: Kyurem|6/100|[from] Sandstorm
|upkeep
|
|t:|1779893437
|switch|p2a: Zapdos|Zapdos, shiny|100/100
|-damage|p2a: Zapdos|76/100|[from] Stealth Rock
|turn|21
|
|t:|1779893440
|move|p1a: Kyurem|Icicle Spear|p2a: Zapdos
|-supereffective|p2a: Zapdos
|-damage|p2a: Zapdos|44/100
|-supereffective|p2a: Zapdos
|-damage|p2a: Zapdos|16/100
|-supereffective|p2a: Zapdos
|-damage|p2a: Zapdos|0 fnt
|faint|p2a: Zapdos
|-hitcount|p2: Zapdos|3
|
|-weather|Sandstorm|[upkeep]
|-damage|p1a: Kyurem|0 fnt|[from] Sandstorm
|faint|p1a: Kyurem
|upkeep
|
|t:|1779893450
|switch|p1a: Enamorus|Enamorus-Therian, F|95/100
|switch|p2a: Landorus|Landorus-Therian, M, shiny|75/100
|-damage|p2a: Landorus|63/100|[from] Stealth Rock
|-ability|p2a: Landorus|Intimidate|boost
|-unboost|p1a: Enamorus|atk|1
|turn|22
|
|t:|1779893460
|-terastallize|p1a: Enamorus|Ground
|move|p2a: Landorus|Stone Edge|p1a: Enamorus
|-resisted|p1a: Enamorus
|-damage|p1a: Enamorus|74/100
|move|p1a: Enamorus|Moonblast|p2a: Landorus
|-damage|p2a: Landorus|0 fnt
|faint|p2a: Landorus
|
|win|ricky135
|raw|ricky135's rating: 1521 &rarr; <strong>1541</strong><br />(+20 for winning)
|raw|jkreyes1's rating: 1515 &rarr; <strong>1495</strong><br />(-20 for losing)
|l|☆jkreyes1
|player|p2|
|l|☆ricky135
|player|p1|
