|j|☆55tyhg4
|j|☆claudechamp
|t:|1779896767
|gametype|singles
|player|p1|55tyhg4|170|1240
|player|p2|claudechamp|169|1263
|gen|9
|tier|[Gen 9] OU
|rated|
|rule|HP Percentage Mod: HP is shown in percentages
|rule|Endless Battle Clause: Forcing endless battles is banned
|rule|Species Clause: Limit one of each Pokémon
|rule|OHKO Clause: OHKO moves are banned
|rule|Evasion Items Clause: Evasion items are banned
|rule|Evasion Moves Clause: Evasion moves are banned
|rule|Evasion Abilities Clause: Evasion abilities are banned
|rule|Sleep Moves Clause: Sleep-inducing moves are banned
|clearpoke
|poke|p1|Ditto|
|poke|p1|Clefable, F|
|poke|p1|Toxapex, M|
|poke|p1|Garganacl, M|
|poke|p1|Mew|
|poke|p1|Rotom-Wash|
|poke|p2|Gliscor, M|
|poke|p2|Ogerpon, F|
|poke|p2|Walking Wake|
|poke|p2|Blissey, F|
|poke|p2|Corviknight, F|
|poke|p2|Pecharunt|
|teampreview
|inactive|Battle timer is ON: inactive players will automatically lose when time's up. (requested by 55tyhg4)
|c|☆claudechamp|hf
|
|t:|1779896771
|teamsize|p1|6
|teamsize|p2|6
|start
|switch|p1a: Rotom|Rotom-Wash|100/100
|switch|p2a: Gliscor|Gliscor, M|100/100
|turn|1
|inactive|claudechamp also wants the timer to be on.
|
|t:|1779896775
|move|p1a: Rotom|Will-O-Wisp|p2a: Gliscor
|-status|p2a: Gliscor|brn
|move|p2a: Gliscor|Spikes|p1a: Rotom
|-sidestart|p1: 55tyhg4|Spikes
|
|-damage|p2a: Gliscor|94/100 brn|[from] brn
|upkeep
|turn|2
|
|t:|1779896781
|switch|p1a: Ditto|Ditto|100/100
|-damage|p1a: Ditto|88/100|[from] Spikes
|-transform|p1a: Ditto|p2a: Gliscor|[from] ability: Imposter
|move|p2a: Gliscor|Spikes|p1a: Ditto
|-sidestart|p1: 55tyhg4|Spikes
|
|-damage|p2a: Gliscor|88/100 brn|[from] brn
|upkeep
|turn|3
|
|t:|1779896788
|move|p1a: Ditto|Spikes|p2a: Gliscor
|-sidestart|p2: claudechamp|Spikes
|move|p2a: Gliscor|Spikes|p1a: Ditto
|-sidestart|p1: 55tyhg4|Spikes
|
|-damage|p2a: Gliscor|82/100 brn|[from] brn
|upkeep
|turn|4
|
|t:|1779896794
|switch|p2a: Ogerpon|Ogerpon, F|100/100
|move|p1a: Ditto|Spikes|p2a: Ogerpon
|-sidestart|p2: claudechamp|Spikes
|
|upkeep
|turn|5
|
|t:|1779896798
|switch|p1a: Mew|Mew|100/100
|-damage|p1a: Mew|75/100|[from] Spikes
|move|p2a: Ogerpon|Ivy Cudgel|p1a: Mew
|-damage|p1a: Mew|40/100
|
|upkeep
|turn|6
|
|t:|1779896804
|move|p1a: Mew|Will-O-Wisp|p2a: Ogerpon|[miss]
|-miss|p1a: Mew|p2a: Ogerpon
|move|p2a: Ogerpon|Ivy Cudgel|p1a: Mew
|-damage|p1a: Mew|7/100
|
|upkeep
|turn|7
|
|t:|1779896806
|switch|p2a: Blissey|Blissey, F|100/100
|move|p1a: Mew|Will-O-Wisp|p2a: Blissey
|-status|p2a: Blissey|brn
|
|-damage|p2a: Blissey|94/100 brn|[from] brn
|upkeep
|turn|8
|
|t:|1779896811
|switch|p1a: Garganacl|Garganacl, M|100/100
|-damage|p1a: Garganacl|75/100|[from] Spikes
|move|p2a: Blissey|Stealth Rock|p1a: Garganacl
|-sidestart|p1: 55tyhg4|move: Stealth Rock
|
|-heal|p1a: Garganacl|82/100|[from] item: Leftovers
|-damage|p2a: Blissey|88/100 brn|[from] brn
|upkeep
|turn|9
|
|t:|1779896817
|-curestatus|p2a: Blissey|brn|[from] ability: Natural Cure|[silent]
|switch|p2a: Pecharunt|Pecharunt|100/100
|move|p1a: Garganacl|Salt Cure|p2a: Pecharunt
|-damage|p2a: Pecharunt|94/100
|-start|p2a: Pecharunt|Salt Cure
|
|-heal|p1a: Garganacl|88/100|[from] item: Leftovers
|-damage|p2a: Pecharunt|82/100|[from] Salt Cure
|upkeep
|turn|10
|
|t:|1779896822
|move|p2a: Pecharunt|Malignant Chain|p1a: Garganacl
|-resisted|p1a: Garganacl
|-damage|p1a: Garganacl|77/100
|move|p1a: Garganacl|Curse|p1a: Garganacl
|-unboost|p1a: Garganacl|spe|1
|-boost|p1a: Garganacl|atk|1
|-boost|p1a: Garganacl|def|1
|
|-heal|p1a: Garganacl|83/100|[from] item: Leftovers
|-damage|p2a: Pecharunt|69/100|[from] Salt Cure
|upkeep
|turn|11
|
|t:|1779896835
|move|p2a: Pecharunt|Malignant Chain|p1a: Garganacl
|-resisted|p1a: Garganacl
|-damage|p1a: Garganacl|73/100
|move|p1a: Garganacl|Salt Cure|p2a: Pecharunt
|-damage|p2a: Pecharunt|59/100
|
|-heal|p1a: Garganacl|79/100|[from] item: Leftovers
|-damage|p2a: Pecharunt|46/100|[from] Salt Cure
|upkeep
|turn|12
|
|t:|1779896843
|switch|p2a: Blissey|Blissey, F|88/100
|move|p1a: Garganacl|Curse|p1a: Garganacl
|-unboost|p1a: Garganacl|spe|1
|-boost|p1a: Garganacl|atk|1
|-boost|p1a: Garganacl|def|1
|
|-heal|p1a: Garganacl|85/100|[from] item: Leftovers
|upkeep
|turn|13
|
|t:|1779896845
|move|p2a: Blissey|Seismic Toss|p1a: Garganacl
|-damage|p1a: Garganacl|61/100
|move|p1a: Garganacl|Salt Cure|p2a: Blissey
|-damage|p2a: Blissey|61/100
|-start|p2a: Blissey|Salt Cure
|
|-heal|p1a: Garganacl|67/100|[from] item: Leftovers
|-damage|p2a: Blissey|49/100|[from] Salt Cure
|upkeep
|turn|14
|
|t:|1779896851
|switch|p2a: Pecharunt|Pecharunt|46/100
|move|p1a: Garganacl|Recover|p1a: Garganacl
|-heal|p1a: Garganacl|100/100
|
|upkeep
|turn|15
|
|t:|1779896855
|move|p2a: Pecharunt|Foul Play|p1a: Garganacl
|-damage|p1a: Garganacl|86/100
|move|p1a: Garganacl|Salt Cure|p2a: Pecharunt
|-damage|p2a: Pecharunt|33/100
|-start|p2a: Pecharunt|Salt Cure
|
|-heal|p1a: Garganacl|93/100|[from] item: Leftovers
|-damage|p2a: Pecharunt|21/100|[from] Salt Cure
|upkeep
|turn|16
|
|t:|1779896858
|-terastallize|p2a: Pecharunt|Dark
|move|p2a: Pecharunt|Recover|p2a: Pecharunt
|-heal|p2a: Pecharunt|71/100
|move|p1a: Garganacl|Curse|p1a: Garganacl
|-unboost|p1a: Garganacl|spe|1
|-boost|p1a: Garganacl|atk|1
|-boost|p1a: Garganacl|def|1
|
|-heal|p1a: Garganacl|99/100|[from] item: Leftovers
|-damage|p2a: Pecharunt|59/100|[from] Salt Cure
|upkeep
|turn|17
|
|t:|1779896862
|move|p2a: Pecharunt|Malignant Chain|p1a: Garganacl
|-resisted|p1a: Garganacl
|-damage|p1a: Garganacl|88/100
|move|p1a: Garganacl|Earthquake|p2a: Pecharunt
|-damage|p2a: Pecharunt|34/100
|
|-heal|p1a: Garganacl|94/100|[from] item: Leftovers
|-damage|p2a: Pecharunt|21/100|[from] Salt Cure
|upkeep
|turn|18
|
|t:|1779896868
|move|p2a: Pecharunt|Malignant Chain|p1a: Garganacl
|-resisted|p1a: Garganacl
|-damage|p1a: Garganacl|84/100
|move|p1a: Garganacl|Earthquake|p2a: Pecharunt
|-damage|p2a: Pecharunt|0 fnt
|faint|p2a: Pecharunt
|
|-heal|p1a: Garganacl|90/100|[from] item: Leftovers
|upkeep
|
|t:|1779896877
|switch|p2a: Walking Wake|Walking Wake|100/100
|turn|19
|
|t:|1779896880
|-terastallize|p1a: Garganacl|Water
|move|p2a: Walking Wake|Surf|p1a: Garganacl
|-resisted|p1a: Garganacl
|-damage|p1a: Garganacl|75/100
|move|p1a: Garganacl|Salt Cure|p2a: Walking Wake
|-damage|p2a: Walking Wake|63/100
|-start|p2a: Walking Wake|Salt Cure
|
|-heal|p1a: Garganacl|81/100|[from] item: Leftovers
|-damage|p2a: Walking Wake|39/100|[from] Salt Cure
|upkeep
|turn|20
|
|t:|1779896886
|move|p2a: Walking Wake|Surf|p1a: Garganacl
|-resisted|p1a: Garganacl
|-damage|p1a: Garganacl|65/100
|move|p1a: Garganacl|Earthquake|p2a: Walking Wake
|-damage|p2a: Walking Wake|0 fnt
|faint|p2a: Walking Wake
|-end|p2a: Walking Wake|Protosynthesis|[silent]
|
|-heal|p1a: Garganacl|71/100|[from] item: Leftovers
|upkeep
|
|t:|1779896893
|switch|p2a: Blissey|Blissey, F|49/100
|turn|21
|
|t:|1779896900
|move|p2a: Blissey|Seismic Toss|p1a: Garganacl
|-damage|p1a: Garganacl|46/100
|move|p1a: Garganacl|Recover|p1a: Garganacl
|-heal|p1a: Garganacl|96/100
|
|-heal|p1a: Garganacl|100/100|[from] item: Leftovers
|upkeep
|turn|22
|
|t:|1779896907
|move|p2a: Blissey|Seismic Toss|p1a: Garganacl
|-damage|p1a: Garganacl|76/100
|move|p1a: Garganacl|Salt Cure|p2a: Blissey
|-damage|p2a: Blissey|12/100
|-start|p2a: Blissey|Salt Cure
|
|-heal|p1a: Garganacl|82/100|[from] item: Leftovers
|-damage|p2a: Blissey|0 fnt|[from] Salt Cure
|faint|p2a: Blissey
|upkeep
|
|t:|1779896912
|switch|p2a: Ogerpon|Ogerpon, F|100/100
|turn|23
|
|t:|1779896917
|move|p2a: Ogerpon|Ivy Cudgel|p1a: Garganacl
|-supereffective|p1a: Garganacl
|-damage|p1a: Garganacl|55/100
|move|p1a: Garganacl|Salt Cure|p2a: Ogerpon
|-damage|p2a: Ogerpon|58/100
|-start|p2a: Ogerpon|Salt Cure
|
|-heal|p1a: Garganacl|61/100|[from] item: Leftovers
|-damage|p2a: Ogerpon|45/100|[from] Salt Cure
|upkeep
|turn|24
|
|t:|1779896924
|move|p2a: Ogerpon|Ivy Cudgel|p1a: Garganacl
|-supereffective|p1a: Garganacl
|-damage|p1a: Garganacl|37/100
|move|p1a: Garganacl|Recover|p1a: Garganacl
|-heal|p1a: Garganacl|87/100
|
|-heal|p1a: Garganacl|93/100|[from] item: Leftovers
|-damage|p2a: Ogerpon|33/100|[from] Salt Cure
|upkeep
|turn|25
|
|t:|1779896932
|move|p2a: Ogerpon|Ivy Cudgel|p1a: Garganacl
|-supereffective|p1a: Garganacl
|-damage|p1a: Garganacl|66/100
|move|p1a: Garganacl|Curse|p1a: Garganacl
|-unboost|p1a: Garganacl|spe|1
|-boost|p1a: Garganacl|atk|1
|-boost|p1a: Garganacl|def|1
|
|-heal|p1a: Garganacl|72/100|[from] item: Leftovers
|-damage|p2a: Ogerpon|21/100|[from] Salt Cure
|upkeep
|turn|26
|
|t:|1779896937
|switch|p2a: Corviknight|Corviknight, F|100/100
|-ability|p2a: Corviknight|Pressure
|move|p1a: Garganacl|Recover|p1a: Garganacl
|-heal|p1a: Garganacl|100/100
|
|upkeep
|turn|27
|
|t:|1779896942
|move|p2a: Corviknight|U-turn|p1a: Garganacl
|-damage|p1a: Garganacl|97/100
|
|t:|1779896951
|switch|p2a: Gliscor|Gliscor, M|82/100 brn|[from] U-turn
|move|p1a: Garganacl|Salt Cure|p2a: Gliscor
|-damage|p2a: Gliscor|49/100 brn
|-start|p2a: Gliscor|Salt Cure
|
|-heal|p1a: Garganacl|100/100|[from] item: Leftovers
|-damage|p2a: Gliscor|43/100 brn|[from] brn
|-damage|p2a: Gliscor|31/100 brn|[from] Salt Cure
|upkeep
|turn|28
|
|t:|1779896964
|move|p2a: Gliscor|Earthquake|p1a: Garganacl
|-damage|p1a: Garganacl|97/100
|move|p1a: Garganacl|Curse|p1a: Garganacl
|-unboost|p1a: Garganacl|spe|1
|-boost|p1a: Garganacl|atk|1
|-boost|p1a: Garganacl|def|1
|
|-heal|p1a: Garganacl|100/100|[from] item: Leftovers
|-damage|p2a: Gliscor|25/100 brn|[from] brn
|-damage|p2a: Gliscor|12/100 brn|[from] Salt Cure
|upkeep
|turn|29
|
|t:|1779896970
|move|p2a: Gliscor|Earthquake|p1a: Garganacl
|-damage|p1a: Garganacl|97/100
|move|p1a: Garganacl|Curse|p1a: Garganacl
|-unboost|p1a: Garganacl|spe|1
|-boost|p1a: Garganacl|atk|1
|-boost|p1a: Garganacl|def|1
|
|-heal|p1a: Garganacl|100/100|[from] item: Leftovers
|-damage|p2a: Gliscor|6/100 brn|[from] brn
|-damage|p2a: Gliscor|0 fnt|[from] Salt Cure
|faint|p2a: Gliscor
|upkeep
|
|t:|1779896980
|switch|p2a: Ogerpon|Ogerpon, F|21/100
|turn|30
|
|t:|1779896990
|move|p2a: Ogerpon|Ivy Cudgel|p1a: Garganacl
|-supereffective|p1a: Garganacl
|-damage|p1a: Garganacl|84/100
|move|p1a: Garganacl|Salt Cure|p2a: Ogerpon
|-damage|p2a: Ogerpon|0 fnt
|faint|p2a: Ogerpon
|
|-heal|p1a: Garganacl|90/100|[from] item: Leftovers
|upkeep
|
|t:|1779897001
|switch|p2a: Corviknight|Corviknight, F|100/100
|-ability|p2a: Corviknight|Pressure
|turn|31
|
|t:|1779897011
|move|p2a: Corviknight|U-turn|p1a: Garganacl
|-damage|p1a: Garganacl|88/100
|move|p1a: Garganacl|Salt Cure|p2a: Corviknight
|-damage|p2a: Corviknight|68/100
|-start|p2a: Corviknight|Salt Cure
|
|-heal|p1a: Garganacl|94/100|[from] item: Leftovers
|-damage|p2a: Corviknight|43/100|[from] Salt Cure
|upkeep
|turn|32
|
|t:|1779897023
|move|p2a: Corviknight|U-turn|p1a: Garganacl
|-crit|p1a: Garganacl
|-damage|p1a: Garganacl|81/100
|move|p1a: Garganacl|Salt Cure|p2a: Corviknight
|-damage|p2a: Corviknight|10/100
|
|-heal|p1a: Garganacl|87/100|[from] item: Leftovers
|-damage|p2a: Corviknight|0 fnt|[from] Salt Cure
|faint|p2a: Corviknight
|
|win|55tyhg4
|raw|55tyhg4's rating: 1240 &rarr; <strong>1268</strong><br />(+28 for winning)
|raw|claudechamp's rating: 1284 &rarr; <strong>1256</strong><br />(-28 for losing)
|c|☆claudechamp|gg
|l|☆55tyhg4
|player|p1|
