|j|☆Exilos
|j|☆gummiworm
|t:|1779866208
|gametype|singles
|player|p1|Exilos|1|1194
|player|p2|gummiworm|169|1202
|gen|9
|tier|[Gen 9] OU
|rated|
|rule|HP Percentage Mod: HP is shown in percentages
|rule|Endless Battle Clause: Forcing endless battles is banned
|rule|Species Clause: Limit one of each Pokémon
|rule|OHKO Clause: OHKO moves are banned
|rule|Evasion Items Clause: Evasion items are banned
|rule|Evasion Moves Clause: Evasion moves are banned
|rule|Evasion Abilities Clause: Evasion abilities are banned
|rule|Sleep Moves Clause: Sleep-inducing moves are banned
|clearpoke
|poke|p1|Garchomp, M|
|poke|p1|Zapdos|
|poke|p1|Garganacl, F|
|poke|p1|Iron Moth|
|poke|p1|Primarina, F|
|poke|p1|Great Tusk|
|poke|p2|Regieleki|
|poke|p2|Regidrago|
|poke|p2|Regirock|
|poke|p2|Regice|
|poke|p2|Registeel|
|poke|p2|Regigigas|
|teampreview
|inactive|Battle timer is ON: inactive players will automatically lose when time's up. (requested by Exilos)
|
|t:|1779866213
|teamsize|p1|6
|teamsize|p2|6
|start
|switch|p1a: Primarina|Primarina, F|100/100
|switch|p2a: Registeel|Registeel|100/100
|turn|1
|
|t:|1779866222
|move|p1a: Primarina|Substitute|p1a: Primarina
|-start|p1a: Primarina|Substitute
|-damage|p1a: Primarina|75/100
|move|p2a: Registeel|Thunder Wave||[still]
|-fail|p2a: Registeel
|
|-heal|p1a: Primarina|82/100|[from] item: Leftovers
|upkeep
|turn|2
|
|t:|1779866226
|switch|p2a: Regieleki|Regieleki|100/100
|move|p1a: Primarina|Calm Mind|p1a: Primarina
|-boost|p1a: Primarina|spa|1
|-boost|p1a: Primarina|spd|1
|
|-heal|p1a: Primarina|88/100|[from] item: Leftovers
|upkeep
|turn|3
|
|t:|1779866231
|move|p2a: Regieleki|Volt Switch|p1a: Primarina
|-supereffective|p1a: Primarina
|-end|p1a: Primarina|Substitute
|
|t:|1779866244
|switch|p2a: Registeel|Registeel|100/100|[from] Volt Switch
|move|p1a: Primarina|Psychic Noise|p2a: Registeel
|-damage|p2a: Registeel|74/100
|-start|p2a: Registeel|move: Heal Block
|
|-heal|p1a: Primarina|94/100|[from] item: Leftovers
|upkeep
|turn|4
|
|t:|1779866253
|move|p1a: Primarina|Substitute|p1a: Primarina
|-start|p1a: Primarina|Substitute
|-damage|p1a: Primarina|69/100
|move|p2a: Registeel|Amnesia|p2a: Registeel
|-boost|p2a: Registeel|spd|2
|
|-heal|p1a: Primarina|75/100|[from] item: Leftovers
|-end|p2a: Registeel|move: Heal Block
|upkeep
|turn|5
|
|t:|1779866257
|move|p1a: Primarina|Calm Mind|p1a: Primarina
|-boost|p1a: Primarina|spa|1
|-boost|p1a: Primarina|spd|1
|move|p2a: Registeel|Amnesia|p2a: Registeel
|-boost|p2a: Registeel|spd|2
|
|-heal|p1a: Primarina|81/100|[from] item: Leftovers
|-heal|p2a: Registeel|80/100|[from] item: Leftovers
|upkeep
|turn|6
|
|t:|1779866261
|move|p1a: Primarina|Calm Mind|p1a: Primarina
|-boost|p1a: Primarina|spa|1
|-boost|p1a: Primarina|spd|1
|move|p2a: Registeel|Amnesia|p2a: Registeel
|-boost|p2a: Registeel|spd|2
|
|-heal|p1a: Primarina|87/100|[from] item: Leftovers
|-heal|p2a: Registeel|86/100|[from] item: Leftovers
|upkeep
|turn|7
|
|t:|1779866265
|move|p1a: Primarina|Calm Mind|p1a: Primarina
|-boost|p1a: Primarina|spa|1
|-boost|p1a: Primarina|spd|1
|move|p2a: Registeel|Iron Defense|p2a: Registeel
|-boost|p2a: Registeel|def|2
|
|-heal|p1a: Primarina|93/100|[from] item: Leftovers
|-heal|p2a: Registeel|92/100|[from] item: Leftovers
|upkeep
|turn|8
|
|t:|1779866270
|move|p1a: Primarina|Calm Mind|p1a: Primarina
|-boost|p1a: Primarina|spa|1
|-boost|p1a: Primarina|spd|1
|move|p2a: Registeel|Iron Defense|p2a: Registeel
|-boost|p2a: Registeel|def|2
|
|-heal|p1a: Primarina|99/100|[from] item: Leftovers
|-heal|p2a: Registeel|98/100|[from] item: Leftovers
|upkeep
|turn|9
|
|t:|1779866272
|move|p1a: Primarina|Calm Mind|p1a: Primarina
|-boost|p1a: Primarina|spa|1
|-boost|p1a: Primarina|spd|1
|move|p2a: Registeel|Iron Defense|p2a: Registeel
|-boost|p2a: Registeel|def|2
|
|-heal|p1a: Primarina|100/100|[from] item: Leftovers
|-heal|p2a: Registeel|100/100|[from] item: Leftovers
|upkeep
|turn|10
|
|t:|1779866274
|move|p1a: Primarina|Psychic Noise|p2a: Registeel
|-damage|p2a: Registeel|81/100
|-start|p2a: Registeel|move: Heal Block
|move|p2a: Registeel|Body Press|p1a: Primarina
|-resisted|p1a: Primarina
|-end|p1a: Primarina|Substitute
|
|upkeep
|turn|11
|
|t:|1779866279
|move|p1a: Primarina|Psychic Noise|p2a: Registeel
|-damage|p2a: Registeel|65/100
|move|p2a: Registeel|Body Press|p1a: Primarina
|-resisted|p1a: Primarina
|-damage|p1a: Primarina|48/100
|
|-heal|p1a: Primarina|54/100|[from] item: Leftovers
|-end|p2a: Registeel|move: Heal Block
|upkeep
|turn|12
|
|t:|1779866285
|move|p1a: Primarina|Draining Kiss|p2a: Registeel
|-resisted|p2a: Registeel
|-damage|p2a: Registeel|58/100
|-heal|p1a: Primarina|59/100|[from] drain|[of] p2a: Registeel
|move|p2a: Registeel|Body Press|p1a: Primarina
|-resisted|p1a: Primarina
|-damage|p1a: Primarina|6/100
|
|-heal|p1a: Primarina|12/100|[from] item: Leftovers
|-heal|p2a: Registeel|64/100|[from] item: Leftovers
|upkeep
|turn|13
|
|t:|1779866293
|switch|p1a: Zapdos|Zapdos|100/100
|move|p2a: Registeel|Body Press|p1a: Zapdos
|-resisted|p1a: Zapdos
|-damage|p1a: Zapdos|61/100
|
|-heal|p2a: Registeel|70/100|[from] item: Leftovers
|upkeep
|turn|14
|
|t:|1779866301
|move|p1a: Zapdos|Roost|p1a: Zapdos
|-heal|p1a: Zapdos|100/100
|-singleturn|p1a: Zapdos|move: Roost
|move|p2a: Registeel|Body Press|p1a: Zapdos
|-damage|p1a: Zapdos|9/100
|
|-heal|p2a: Registeel|76/100|[from] item: Leftovers
|upkeep
|turn|15
|
|t:|1779866319
|move|p1a: Zapdos|Volt Switch|p2a: Registeel
|-crit|p2a: Registeel
|-damage|p2a: Registeel|48/100
|
|t:|1779866327
|switch|p1a: Garchomp|Garchomp, M|100/100|[from] Volt Switch
|move|p2a: Registeel|Body Press|p1a: Garchomp
|-crit|p1a: Garchomp
|-damage|p1a: Garchomp|0 fnt
|-damage|p2a: Registeel|35/100|[from] ability: Rough Skin|[of] p1a: Garchomp
|-damage|p2a: Registeel|19/100|[from] item: Rocky Helmet|[of] p1a: Garchomp
|faint|p1a: Garchomp
|
|-heal|p2a: Registeel|25/100|[from] item: Leftovers
|upkeep
|
|t:|1779866341
|switch|p1a: Iron Moth|Iron Moth|100/100
|-enditem|p1a: Iron Moth|Booster Energy
|-activate|p1a: Iron Moth|ability: Quark Drive|[fromitem]
|-start|p1a: Iron Moth|quarkdrivespe
|turn|16
|
|t:|1779866358
|move|p1a: Iron Moth|Fiery Dance|p2a: Registeel
|-supereffective|p2a: Registeel
|-damage|p2a: Registeel|13/100
|move|p2a: Registeel|Body Press|p1a: Iron Moth
|-resisted|p1a: Iron Moth
|-damage|p1a: Iron Moth|17/100
|
|-heal|p2a: Registeel|19/100|[from] item: Leftovers
|upkeep
|turn|17
|
|t:|1779866368
|move|p1a: Iron Moth|Fiery Dance|p2a: Registeel
|-supereffective|p2a: Registeel
|-damage|p2a: Registeel|7/100
|move|p2a: Registeel|Body Press|p1a: Iron Moth
|-resisted|p1a: Iron Moth
|-damage|p1a: Iron Moth|0 fnt
|faint|p1a: Iron Moth
|-end|p1a: Iron Moth|Quark Drive|[silent]
|
|-heal|p2a: Registeel|13/100|[from] item: Leftovers
|upkeep
|
|t:|1779866382
|switch|p1a: Garganacl|Garganacl, F|100/100
|turn|18
|
|t:|1779866384
|-terastallize|p1a: Garganacl|Fairy
|move|p2a: Registeel|Body Press|p1a: Garganacl
|-resisted|p1a: Garganacl
|-damage|p1a: Garganacl|64/100
|move|p1a: Garganacl|Salt Cure|p2a: Registeel
|-resisted|p2a: Registeel
|-damage|p2a: Registeel|12/100
|-start|p2a: Registeel|Salt Cure
|
|-heal|p2a: Registeel|18/100|[from] item: Leftovers
|-heal|p1a: Garganacl|70/100|[from] item: Leftovers
|-damage|p2a: Registeel|0 fnt|[from] Salt Cure
|faint|p2a: Registeel
|upkeep
|
|t:|1779866401
|switch|p2a: Regigigas|Regigigas|100/100
|-start|p2a: Regigigas|ability: Slow Start
|turn|19
|
|t:|1779866406
|move|p2a: Regigigas|Protect|p2a: Regigigas
|-singleturn|p2a: Regigigas|Protect
|move|p1a: Garganacl|Salt Cure|p2a: Regigigas
|-activate|p2a: Regigigas|move: Protect
|
|-heal|p1a: Garganacl|76/100|[from] item: Leftovers
|upkeep
|turn|20
|
|t:|1779866410
|move|p2a: Regigigas|Heavy Slam|p1a: Garganacl
|-supereffective|p1a: Garganacl
|-damage|p1a: Garganacl|66/100
|move|p1a: Garganacl|Salt Cure|p2a: Regigigas
|-damage|p2a: Regigigas|92/100
|-start|p2a: Regigigas|Salt Cure
|
|-heal|p2a: Regigigas|98/100|[from] item: Leftovers
|-heal|p1a: Garganacl|72/100|[from] item: Leftovers
|-damage|p2a: Regigigas|86/100|[from] Salt Cure
|upkeep
|turn|21
|
|t:|1779866418
|switch|p2a: Regirock|Regirock|100/100
|move|p1a: Garganacl|Stealth Rock|p2a: Regirock
|-sidestart|p2: gummiworm|move: Stealth Rock
|
|-heal|p1a: Garganacl|78/100|[from] item: Leftovers
|upkeep
|turn|22
|
|t:|1779866422
|move|p2a: Regirock|Iron Defense|p2a: Regirock
|-boost|p2a: Regirock|def|2
|move|p1a: Garganacl|Salt Cure|p2a: Regirock
|-damage|p2a: Regirock|97/100
|-start|p2a: Regirock|Salt Cure
|
|-heal|p2a: Regirock|100/100|[from] item: Leftovers
|-heal|p1a: Garganacl|84/100|[from] item: Leftovers
|-damage|p2a: Regirock|88/100|[from] Salt Cure
|upkeep
|turn|23
|
|t:|1779866427
|move|p2a: Regirock|Iron Defense|p2a: Regirock
|-boost|p2a: Regirock|def|2
|move|p1a: Garganacl|Salt Cure|p2a: Regirock
|-damage|p2a: Regirock|86/100
|
|-heal|p2a: Regirock|92/100|[from] item: Leftovers
|-heal|p1a: Garganacl|90/100|[from] item: Leftovers
|-damage|p2a: Regirock|80/100|[from] Salt Cure
|upkeep
|turn|24
|
|t:|1779866430
|switch|p1a: Primarina|Primarina, F|12/100
|move|p2a: Regirock|Iron Defense|p2a: Regirock
|-boost|p2a: Regirock|def|2
|
|-heal|p1a: Primarina|18/100|[from] item: Leftovers
|-heal|p2a: Regirock|86/100|[from] item: Leftovers
|-damage|p2a: Regirock|74/100|[from] Salt Cure
|upkeep
|turn|25
|
|t:|1779866443
|switch|p1a: Zapdos|Zapdos|9/100
|move|p2a: Regirock|Body Press|p1a: Zapdos
|-resisted|p1a: Zapdos
|-damage|p1a: Zapdos|0 fnt
|-status|p2a: Regirock|par|[from] ability: Static|[of] p1a: Zapdos
|faint|p1a: Zapdos
|
|-heal|p2a: Regirock|80/100 par|[from] item: Leftovers
|-damage|p2a: Regirock|67/100 par|[from] Salt Cure
|upkeep
|
|t:|1779866457
|switch|p1a: Primarina|Primarina, F|18/100
|turn|26
|
|t:|1779866460
|move|p1a: Primarina|Psychic Noise|p2a: Regirock
|-supereffective|p2a: Regirock
|-damage|p2a: Regirock|10/100 par
|-start|p2a: Regirock|move: Heal Block
|cant|p2a: Regirock|par
|
|-heal|p1a: Primarina|24/100|[from] item: Leftovers
|-damage|p2a: Regirock|0 fnt|[from] Salt Cure
|faint|p2a: Regirock
|upkeep
|
|t:|1779866471
|switch|p2a: Regieleki|Regieleki|100/100
|-damage|p2a: Regieleki|88/100|[from] Stealth Rock
|turn|27
|
|t:|1779866477
|switch|p1a: Great Tusk|Great Tusk|100/100
|-enditem|p1a: Great Tusk|Booster Energy
|-activate|p1a: Great Tusk|ability: Protosynthesis|[fromitem]
|-start|p1a: Great Tusk|protosynthesisatk
|move|p2a: Regieleki|Rapid Spin|p1a: Great Tusk
|-damage|p1a: Great Tusk|92/100
|-boost|p2a: Regieleki|spe|1
|-sideend|p2: gummiworm|Stealth Rock|[from] move: Rapid Spin|[of] p2a: Regieleki
|
|upkeep
|turn|28
|
|t:|1779866485
|switch|p2a: Regigigas|Regigigas|86/100
|-start|p2a: Regigigas|ability: Slow Start
|move|p1a: Great Tusk|Rapid Spin|p2a: Regigigas
|-damage|p2a: Regigigas|71/100
|-boost|p1a: Great Tusk|spe|1
|
|-heal|p2a: Regigigas|77/100|[from] item: Leftovers
|upkeep
|turn|29
|
|t:|1779866490
|move|p1a: Great Tusk|Close Combat|p2a: Regigigas
|-supereffective|p2a: Regigigas
|-damage|p2a: Regigigas|0 fnt
|-unboost|p1a: Great Tusk|def|1
|-unboost|p1a: Great Tusk|spd|1
|faint|p2a: Regigigas
|-end|p2a: Regigigas|Slow Start|[silent]
|
|upkeep
|
|t:|1779866493
|switch|p2a: Regidrago|Regidrago|100/100
|turn|30
|
|t:|1779866498
|move|p1a: Great Tusk|Ice Spinner|p2a: Regidrago
|-supereffective|p2a: Regidrago
|-damage|p2a: Regidrago|26/100
|move|p2a: Regidrago|Dragon Claw|p1a: Great Tusk
|-damage|p1a: Great Tusk|24/100
|
|upkeep
|turn|31
|
|t:|1779866503
|move|p1a: Great Tusk|Ice Spinner|p2a: Regidrago
|-supereffective|p2a: Regidrago
|-damage|p2a: Regidrago|0 fnt
|faint|p2a: Regidrago
|
|upkeep
|
|t:|1779866506
|switch|p2a: Regice|Regice|100/100
|turn|32
|
|t:|1779866509
|move|p1a: Great Tusk|Close Combat|p2a: Regice
|-supereffective|p2a: Regice
|-damage|p2a: Regice|0 fnt
|-unboost|p1a: Great Tusk|def|1
|-unboost|p1a: Great Tusk|spd|1
|faint|p2a: Regice
|
|upkeep
|
|t:|1779866512
|switch|p2a: Regieleki|Regieleki|88/100
|turn|33
|
|t:|1779866517
|move|p2a: Regieleki|Rapid Spin|p1a: Great Tusk
|-damage|p1a: Great Tusk|8/100
|-boost|p2a: Regieleki|spe|1
|move|p1a: Great Tusk|Headlong Rush|p2a: Regieleki
|-supereffective|p2a: Regieleki
|-damage|p2a: Regieleki|0 fnt
|-unboost|p1a: Great Tusk|def|1
|-unboost|p1a: Great Tusk|spd|1
|faint|p2a: Regieleki
|
|win|Exilos
|raw|Exilos's rating: 1194 &rarr; <strong>1220</strong><br />(+26 for winning)
|raw|gummiworm's rating: 1202 &rarr; <strong>1176</strong><br />(-26 for losing)
|l|☆gummiworm
|player|p2|
|l|☆Exilos
|player|p1|
