|j|☆Scribeslie
|j|☆Ecrypsel
|t:|1779800380
|gametype|singles
|player|p1|Scribeslie|2|1139
|player|p2|Ecrypsel|lady|1174
|gen|9
|tier|[Gen 9] OU
|rated|
|rule|HP Percentage Mod: HP is shown in percentages
|rule|Endless Battle Clause: Forcing endless battles is banned
|rule|Species Clause: Limit one of each Pokémon
|rule|OHKO Clause: OHKO moves are banned
|rule|Evasion Items Clause: Evasion items are banned
|rule|Evasion Moves Clause: Evasion moves are banned
|rule|Evasion Abilities Clause: Evasion abilities are banned
|rule|Sleep Moves Clause: Sleep-inducing moves are banned
|clearpoke
|poke|p1|Swampert, F|
|poke|p1|Dragonite, F|
|poke|p1|Moltres|
|poke|p1|Toxapex, M|
|poke|p1|Scizor, F|
|poke|p1|Medicham, F|
|poke|p2|Great Tusk|
|poke|p2|Kingambit, F|
|poke|p2|Dragapult, M|
|poke|p2|Iron Valiant|
|poke|p2|Gholdengo|
|poke|p2|Dragonite, M|
|teampreview
|inactive|Battle timer is ON: inactive players will automatically lose when time's up. (requested by Ecrypsel)
|
|t:|1779800392
|teamsize|p1|6
|teamsize|p2|6
|start
|switch|p1a: Moltres|Moltres|100/100
|switch|p2a: Great Tusk|Great Tusk, shiny|100/100
|-ability|p1a: Moltres|Pressure
|turn|1
|
|t:|1779800400
|move|p1a: Moltres|Air Slash|p2a: Great Tusk
|-supereffective|p2a: Great Tusk
|-damage|p2a: Great Tusk|13/100
|move|p2a: Great Tusk|Stealth Rock|p1a: Moltres
|-sidestart|p1: Scribeslie|move: Stealth Rock
|
|-heal|p2a: Great Tusk|19/100|[from] item: Leftovers
|upkeep
|turn|2
|inactive|Ecrypsel has 120 seconds left.
|
|t:|1779800439
|-end|p2a: Great Tusk|Protosynthesis|[silent]
|switch|p2a: Dragonite|Dragonite, M, shiny|100/100
|move|p1a: Moltres|Flamethrower|p2a: Dragonite
|-resisted|p2a: Dragonite
|-damage|p2a: Dragonite|90/100
|
|upkeep
|turn|3
|inactive|Ecrypsel has 120 seconds left.
|
|t:|1779800450
|move|p2a: Dragonite|Dragon Dance|p2a: Dragonite
|-boost|p2a: Dragonite|atk|1
|-boost|p2a: Dragonite|spe|1
|move|p1a: Moltres|Roar|p2a: Dragonite
|drag|p2a: Iron Valiant|Iron Valiant, shiny|100/100
|-enditem|p2a: Iron Valiant|Booster Energy
|-activate|p2a: Iron Valiant|ability: Quark Drive|[fromitem]
|-start|p2a: Iron Valiant|quarkdrivespe
|
|upkeep
|turn|4
|inactive|Ecrypsel has 120 seconds left.
|
|t:|1779800460
|move|p2a: Iron Valiant|Thunderbolt|p1a: Moltres
|-supereffective|p1a: Moltres
|-damage|p1a: Moltres|42/100
|-status|p1a: Moltres|par
|move|p1a: Moltres|Air Slash|p2a: Iron Valiant
|-supereffective|p2a: Iron Valiant
|-crit|p2a: Iron Valiant
|-damage|p2a: Iron Valiant|0 fnt
|faint|p2a: Iron Valiant
|-end|p2a: Iron Valiant|Quark Drive|[silent]
|
|upkeep
|inactive|Ecrypsel has 120 seconds left.
|
|t:|1779800472
|switch|p2a: Dragonite|Dragonite, M, shiny|90/100
|turn|5
|
|t:|1779800477
|move|p2a: Dragonite|Extreme Speed|p1a: Moltres
|-damage|p1a: Moltres|14/100 par
|cant|p1a: Moltres|par
|
|upkeep
|turn|6
|
|t:|1779800483
|move|p2a: Dragonite|Extreme Speed|p1a: Moltres
|-damage|p1a: Moltres|0 fnt
|faint|p1a: Moltres
|
|upkeep
|
|t:|1779800490
|switch|p1a: Swampert|Swampert, F|100/100
|-damage|p1a: Swampert|94/100|[from] Stealth Rock
|turn|7
|inactive|Ecrypsel has 120 seconds left.
|
|t:|1779800536
|-terastallize|p2a: Dragonite|Normal
|move|p2a: Dragonite|Dragon Dance|p2a: Dragonite
|-boost|p2a: Dragonite|atk|1
|-boost|p2a: Dragonite|spe|1
|move|p1a: Swampert|Avalanche|p2a: Dragonite
|-damage|p2a: Dragonite|68/100
|
|-heal|p1a: Swampert|100/100|[from] item: Leftovers
|upkeep
|turn|8
|
|t:|1779800550
|move|p2a: Dragonite|Earthquake|p1a: Swampert
|-damage|p1a: Swampert|50/100
|move|p1a: Swampert|Roar|p2a: Dragonite
|drag|p2a: Kingambit|Kingambit, F, shiny|100/100
|-activate|p2a: Kingambit|ability: Supreme Overlord
|-start|p2a: Kingambit|fallen1|[silent]
|
|-heal|p1a: Swampert|56/100|[from] item: Leftovers
|upkeep
|turn|9
|inactive|Ecrypsel has 90 seconds left.
|
|t:|1779800575
|-end|p2a: Kingambit|fallen1|[silent]
|switch|p2a: Gholdengo|Gholdengo, shiny|100/100
|-item|p2a: Gholdengo|Air Balloon
|move|p1a: Swampert|Earthquake|p2a: Gholdengo
|-immune|p2a: Gholdengo
|
|-heal|p1a: Swampert|62/100|[from] item: Leftovers
|upkeep
|turn|10
|inactive|Ecrypsel has 90 seconds left.
|
|t:|1779800585
|move|p2a: Gholdengo|Shadow Ball|p1a: Swampert
|-damage|p1a: Swampert|21/100
|move|p1a: Swampert|Waterfall|p2a: Gholdengo
|-damage|p2a: Gholdengo|28/100
|-enditem|p2a: Gholdengo|Air Balloon
|
|-heal|p1a: Swampert|27/100|[from] item: Leftovers
|upkeep
|turn|11
|
|t:|1779800607
|move|p2a: Gholdengo|Shadow Ball|p1a: Swampert
|-damage|p1a: Swampert|0 fnt
|faint|p1a: Swampert
|
|upkeep
|inactive|Scribeslie has 120 seconds left.
|
|t:|1779800638
|switch|p1a: Dragonite|Dragonite, F|100/100
|-damage|p1a: Dragonite|76/100|[from] Stealth Rock
|turn|12
|inactive|Ecrypsel has 90 seconds left.
|
|t:|1779800663
|move|p2a: Gholdengo|Make It Rain|p1a: Dragonite
|-damage|p1a: Dragonite|15/100
|-unboost|p2a: Gholdengo|spa|1
|move|p1a: Dragonite|Dragon Dance|p1a: Dragonite
|-boost|p1a: Dragonite|atk|1
|-boost|p1a: Dragonite|spe|1
|
|upkeep
|turn|13
|inactive|Scribeslie has 120 seconds left.
|
|t:|1779800672
|move|p1a: Dragonite|Fire Punch|p2a: Gholdengo
|-supereffective|p2a: Gholdengo
|-damage|p2a: Gholdengo|0 fnt
|faint|p2a: Gholdengo
|
|upkeep
|
|t:|1779800677
|switch|p2a: Dragonite|Dragonite, M, shiny, tera:Normal|68/100
|turn|14
|
|t:|1779800686
|move|p2a: Dragonite|Extreme Speed|p1a: Dragonite
|-damage|p1a: Dragonite|0 fnt
|faint|p1a: Dragonite
|
|upkeep
|
|t:|1779800691
|switch|p1a: Medicham|Medicham, F|100/100
|-damage|p1a: Medicham|95/100|[from] Stealth Rock
|turn|15
|
|t:|1779800699
|switch|p2a: Dragapult|Dragapult, M, shiny|100/100
|move|p1a: Medicham|Drain Punch|p2a: Dragapult
|-immune|p2a: Dragapult
|
|upkeep
|turn|16
|inactive|Ecrypsel has 120 seconds left.
|
|t:|1779800708
|switch|p1a: Toxapex|Toxapex, M|100/100
|-damage|p1a: Toxapex|88/100|[from] Stealth Rock
|move|p2a: Dragapult|Shadow Ball|p1a: Toxapex
|-damage|p1a: Toxapex|37/100
|
|-heal|p1a: Toxapex|43/100|[from] item: Leftovers
|upkeep
|turn|17
|
|t:|1779800718
|move|p1a: Toxapex|Baneful Bunker|p1a: Toxapex
|-singleturn|p1a: Toxapex|move: Protect
|move|p2a: Dragapult|Shadow Ball|p1a: Toxapex
|-activate|p1a: Toxapex|move: Protect
|
|-heal|p1a: Toxapex|49/100|[from] item: Leftovers
|upkeep
|turn|18
|
|t:|1779800728
|move|p2a: Dragapult|Shadow Ball|p1a: Toxapex
|-damage|p1a: Toxapex|5/100
|-unboost|p1a: Toxapex|spd|1
|move|p1a: Toxapex|Toxic|p2a: Dragapult
|-status|p2a: Dragapult|tox
|
|-heal|p1a: Toxapex|11/100|[from] item: Leftovers
|-damage|p2a: Dragapult|95/100 tox|[from] psn
|upkeep
|turn|19
|
|t:|1779800743
|switch|p2a: Dragonite|Dragonite, M, shiny, tera:Normal|68/100
|move|p1a: Toxapex|Baneful Bunker||[still]
|-fail|p1a: Toxapex
|
|-heal|p1a: Toxapex|17/100|[from] item: Leftovers
|upkeep
|turn|20
|
|t:|1779800752
|move|p2a: Dragonite|Earthquake|p1a: Toxapex
|-supereffective|p1a: Toxapex
|-damage|p1a: Toxapex|0 fnt
|faint|p1a: Toxapex
|
|upkeep
|
|t:|1779800758
|switch|p1a: Medicham|Medicham, F|95/100
|-damage|p1a: Medicham|89/100|[from] Stealth Rock
|turn|21
|
|t:|1779800768
|-terastallize|p1a: Medicham|Fighting
|move|p2a: Dragonite|Earthquake|p1a: Medicham
|-damage|p1a: Medicham|33/100
|move|p1a: Medicham|Bulk Up|p1a: Medicham
|-boost|p1a: Medicham|atk|1
|-boost|p1a: Medicham|def|1
|
|upkeep
|turn|22
|
|t:|1779800777
|move|p2a: Dragonite|Earthquake|p1a: Medicham
|-damage|p1a: Medicham|0 fnt
|faint|p1a: Medicham
|
|upkeep
|
|t:|1779800782
|switch|p1a: Scizor|Scizor, F|100/100
|-damage|p1a: Scizor|88/100|[from] Stealth Rock
|turn|23
|
|t:|1779800792
|move|p2a: Dragonite|Earthquake|p1a: Scizor
|-damage|p1a: Scizor|47/100
|move|p1a: Scizor|Bug Bite|p2a: Dragonite
|-damage|p2a: Dragonite|0 fnt
|faint|p2a: Dragonite
|-damage|p1a: Scizor|38/100|[from] item: Life Orb
|
|upkeep
|
|t:|1779800797
|switch|p2a: Dragapult|Dragapult, M, shiny|95/100 tox
|turn|24
|
|t:|1779800805
|move|p2a: Dragapult|Flamethrower|p1a: Scizor
|-supereffective|p1a: Scizor
|-damage|p1a: Scizor|0 fnt
|faint|p1a: Scizor
|
|win|Ecrypsel
|raw|Scribeslie's rating: 1139 &rarr; <strong>1117</strong><br />(-22 for losing)
|raw|Ecrypsel's rating: 1174 &rarr; <strong>1196</strong><br />(+22 for winning)
|c|☆Ecrypsel|gg
|l|☆Scribeslie
|player|p1|
|l|☆Ecrypsel
|player|p2|
