|j|☆jiokojkyiuhiu
|j|☆Rice67
|t:|1779860400
|gametype|singles
|player|p1|jiokojkyiuhiu|1|1233
|player|p2|Rice67|riley|1156
|gen|9
|tier|[Gen 9] OU
|rated|
|rule|HP Percentage Mod: HP is shown in percentages
|rule|Endless Battle Clause: Forcing endless battles is banned
|rule|Species Clause: Limit one of each Pokémon
|rule|OHKO Clause: OHKO moves are banned
|rule|Evasion Items Clause: Evasion items are banned
|rule|Evasion Moves Clause: Evasion moves are banned
|rule|Evasion Abilities Clause: Evasion abilities are banned
|rule|Sleep Moves Clause: Sleep-inducing moves are banned
|clearpoke
|poke|p1|Dragapult, M|
|poke|p1|Ceruledge, M|
|poke|p1|Pecharunt|
|poke|p1|Gholdengo|
|poke|p1|Sinistcha-Masterpiece|
|poke|p1|Mimikyu, M|
|poke|p2|Garganacl, M|
|poke|p2|Maushold-Four|
|poke|p2|Gliscor, F|
|poke|p2|Jirachi|
|poke|p2|Landorus-Therian, M|
|poke|p2|Gengar, M|
|teampreview
|
|t:|1779860415
|teamsize|p1|6
|teamsize|p2|6
|start
|switch|p1a: Mimikyu|Mimikyu, M|100/100
|switch|p2a: Gengar|Gengar, M|100/100
|turn|1
|
|t:|1779860423
|move|p1a: Mimikyu|Shadow Sneak|p2a: Gengar
|-supereffective|p2a: Gengar
|-enditem|p2a: Gengar|Focus Sash
|-damage|p2a: Gengar|1/100
|move|p2a: Gengar|Toxic Spikes|p1a: Mimikyu
|-sidestart|p1: jiokojkyiuhiu|move: Toxic Spikes
|
|upkeep
|turn|2
|c|☆Rice67|you a ghost gym or smth?
|
|t:|1779860435
|move|p1a: Mimikyu|Shadow Sneak|p2a: Gengar
|-supereffective|p2a: Gengar
|-damage|p2a: Gengar|0 fnt
|faint|p2a: Gengar
|
|upkeep
|
|t:|1779860450
|switch|p2a: Runner|Landorus-Therian, M|100/100
|-ability|p2a: Runner|Intimidate|boost
|-unboost|p1a: Mimikyu|atk|1
|turn|3
|
|t:|1779860458
|switch|p1a: Pecharunt|Pecharunt|100/100
|-sideend|p1: jiokojkyiuhiu|move: Toxic Spikes|[of] p1a: Pecharunt
|move|p2a: Runner|Earthquake|p1a: Pecharunt
|-supereffective|p1a: Pecharunt
|-damage|p1a: Pecharunt|37/100
|
|upkeep
|turn|4
|
|t:|1779860465
|switch|p1a: Sinistcha|Sinistcha-Masterpiece|100/100
|move|p2a: Runner|Earthquake|p1a: Sinistcha
|-resisted|p1a: Sinistcha
|-damage|p1a: Sinistcha|80/100
|
|-heal|p1a: Sinistcha|86/100|[from] item: Leftovers
|upkeep
|turn|5
|
|t:|1779860476
|switch|p2a: Ha get flinched|Jirachi, shiny|100/100
|move|p1a: Sinistcha|Calm Mind|p1a: Sinistcha
|-boost|p1a: Sinistcha|spa|1
|-boost|p1a: Sinistcha|spd|1
|
|-heal|p1a: Sinistcha|92/100|[from] item: Leftovers
|upkeep
|turn|6
|
|t:|1779860484
|move|p2a: Ha get flinched|Iron Head|p1a: Sinistcha
|-damage|p1a: Sinistcha|62/100
|cant|p1a: Sinistcha|flinch
|
|-heal|p1a: Sinistcha|68/100|[from] item: Leftovers
|upkeep
|turn|7
|
|t:|1779860496
|move|p2a: Ha get flinched|Iron Head|p1a: Sinistcha
|-damage|p1a: Sinistcha|40/100
|cant|p1a: Sinistcha|flinch
|
|-heal|p1a: Sinistcha|46/100|[from] item: Leftovers
|upkeep
|turn|8
|
|t:|1779860502
|move|p2a: Ha get flinched|Iron Head|p1a: Sinistcha
|-damage|p1a: Sinistcha|17/100
|move|p1a: Sinistcha|Strength Sap|p2a: Ha get flinched
|-unboost|p2a: Ha get flinched|atk|1
|-heal|p1a: Sinistcha|100/100
|
|upkeep
|turn|9
|
|t:|1779860509
|move|p2a: Ha get flinched|Iron Head|p1a: Sinistcha
|-damage|p1a: Sinistcha|81/100
|move|p1a: Sinistcha|Scald|p2a: Ha get flinched
|-crit|p2a: Ha get flinched
|-damage|p2a: Ha get flinched|53/100
|
|-heal|p1a: Sinistcha|87/100|[from] item: Leftovers
|upkeep
|turn|10
|
|t:|1779860519
|move|p2a: Ha get flinched|Iron Head|p1a: Sinistcha
|-damage|p1a: Sinistcha|70/100
|cant|p1a: Sinistcha|flinch
|
|-heal|p1a: Sinistcha|76/100|[from] item: Leftovers
|upkeep
|turn|11
|
|t:|1779860529
|switch|p2a: Tanky|Garganacl, M, shiny|100/100
|move|p1a: Sinistcha|Scald|p2a: Tanky
|-supereffective|p2a: Tanky
|-crit|p2a: Tanky
|-damage|p2a: Tanky|40/100
|
|-heal|p1a: Sinistcha|82/100|[from] item: Leftovers
|-heal|p2a: Tanky|46/100|[from] item: Leftovers
|upkeep
|turn|12
|
|t:|1779860538
|move|p2a: Tanky|Protect|p2a: Tanky
|-singleturn|p2a: Tanky|Protect
|move|p1a: Sinistcha|Matcha Gotcha|p2a: Tanky
|-activate|p2a: Tanky|move: Protect
|
|-heal|p1a: Sinistcha|88/100|[from] item: Leftovers
|-heal|p2a: Tanky|52/100|[from] item: Leftovers
|upkeep
|turn|13
|
|t:|1779860549
|move|p1a: Sinistcha|Matcha Gotcha|p2a: Tanky
|-supereffective|p2a: Tanky
|-damage|p2a: Tanky|0 fnt
|-heal|p1a: Sinistcha|100/100|[from] drain|[of] p2a: Tanky
|faint|p2a: Tanky
|
|upkeep
|-message|Rice67 forfeited.
|
|win|jiokojkyiuhiu
|raw|jiokojkyiuhiu's rating: 1233 &rarr; <strong>1253</strong><br />(+20 for winning)
|raw|Rice67's rating: 1156 &rarr; <strong>1136</strong><br />(-20 for losing)
|l|☆Rice67
|player|p2|
|l|☆jiokojkyiuhiu
|player|p1|
