|j|☆coooolkid69
|j|☆Flari64
|inactive|Battle timer is ON: inactive players will automatically lose when time's up.
|t:|1779868635
|gametype|singles
|player|p1|coooolkid69|266|
|player|p2|Flari64|miku-ghost|
|gen|9
|tier|[Gen 9] OU
|rated|Tournament battle
|rule|HP Percentage Mod: HP is shown in percentages
|rule|Endless Battle Clause: Forcing endless battles is banned
|rule|Species Clause: Limit one of each Pokémon
|rule|OHKO Clause: OHKO moves are banned
|rule|Evasion Items Clause: Evasion items are banned
|rule|Evasion Moves Clause: Evasion moves are banned
|rule|Evasion Abilities Clause: Evasion abilities are banned
|rule|Sleep Moves Clause: Sleep-inducing moves are banned
|raw|<div class="infobox"><details class="readmore" open><summary><strong>3 custom rules:</strong></summary> -blissey, -wailord, -wobbuffet</details></div>
|clearpoke
|poke|p1|Toucannon, F|
|poke|p1|Eiscue, F|
|poke|p1|Thundurus, M|
|poke|p1|Vileplume, F|
|poke|p1|Typhlosion, F|
|poke|p1|Sawsbuck-Winter, F|
|poke|p2|Toucannon, F|
|poke|p2|Eiscue, F|
|poke|p2|Thundurus, M|
|poke|p2|Vileplume, F|
|poke|p2|Typhlosion, M|
|poke|p2|Sawsbuck, F|
|teampreview
|inactive|coooolkid69 also wants the timer to be on.
|j|*Lady Monita 
|
|t:|1779868643
|teamsize|p1|6
|teamsize|p2|6
|start
|switch|p1a: Toucannon|Toucannon, F, shiny|100/100
|switch|p2a: Vileplume|Vileplume, F, shiny|100/100
|turn|1
|j|^Baddieprathikmon
|inactive|Flari64 has 120 seconds left.
|
|t:|1779868676
|move|p1a: Toucannon|Brave Bird|p2a: Vileplume
|-supereffective|p2a: Vileplume
|-damage|p2a: Vileplume|0 fnt
|faint|p2a: Vileplume
|-damage|p1a: Toucannon|69/100|[from] Recoil
|
|upkeep
|
|t:|1779868680
|switch|p2a: Eiscue|Eiscue, F|100/100
|turn|2
|
|t:|1779868683
|move|p1a: Toucannon|Rock Blast|p2a: Eiscue
|-activate|p2a: Eiscue|ability: Ice Face
|-damage|p2a: Eiscue|100/100
|detailschange|p2a: Eiscue|Eiscue-Noice, F
|-supereffective|p2a: Eiscue
|-damage|p2a: Eiscue|72/100
|-supereffective|p2a: Eiscue
|-damage|p2a: Eiscue|42/100
|-supereffective|p2a: Eiscue
|-damage|p2a: Eiscue|11/100
|-supereffective|p2a: Eiscue
|-damage|p2a: Eiscue|0 fnt
|faint|p2a: Eiscue
|-hitcount|p2: Eiscue|5
|
|upkeep
|
|t:|1779868690
|switch|p2a: Thundurus|Thundurus, M|100/100
|turn|3
|
|t:|1779868695
|move|p2a: Thundurus|Thunder Wave|p1a: Toucannon
|-status|p1a: Toucannon|par
|move|p1a: Toucannon|Rock Blast|p2a: Thundurus
|-supereffective|p2a: Thundurus
|-damage|p2a: Thundurus|79/100
|-supereffective|p2a: Thundurus
|-damage|p2a: Thundurus|58/100
|-supereffective|p2a: Thundurus
|-damage|p2a: Thundurus|37/100
|-supereffective|p2a: Thundurus
|-damage|p2a: Thundurus|16/100
|-supereffective|p2a: Thundurus
|-damage|p2a: Thundurus|0 fnt
|faint|p2a: Thundurus
|-hitcount|p2: Thundurus|5
|
|upkeep
|c|☆coooolkid69|how did u even make it to the finals
|
|t:|1779868705
|switch|p2a: Typhlosion|Typhlosion, M, shiny|100/100
|turn|4
|c|☆Flari64|...you realize half the tournament literally left, right
|c|☆coooolkid69|oh
|c|☆coooolkid69|ic
|
|t:|1779868732
|-terastallize|p2a: Typhlosion|Fire
|move|p2a: Typhlosion|Eruption|p1a: Toucannon
|-damage|p1a: Toucannon|0 fnt
|faint|p1a: Toucannon
|
|upkeep
|
|t:|1779868736
|switch|p1a: Eiscue|Eiscue, F, shiny|100/100
|turn|5
|
|t:|1779868745
|move|p2a: Typhlosion|Eruption|p1a: Eiscue
|-supereffective|p1a: Eiscue
|-damage|p1a: Eiscue|0 fnt
|faint|p1a: Eiscue
|
|upkeep
|
|t:|1779868750
|switch|p1a: Typhlosion|Typhlosion, F, shiny|100/100
|turn|6
|
|t:|1779868757
|switch|p2a: Sawsbuck|Sawsbuck, F, shiny|100/100
|move|p1a: Typhlosion|Extrasensory|p2a: Sawsbuck
|-damage|p2a: Sawsbuck|41/100
|
|upkeep
|turn|7
|
|t:|1779868762
|move|p1a: Typhlosion|Extrasensory|p2a: Sawsbuck
|-damage|p2a: Sawsbuck|0 fnt
|faint|p2a: Sawsbuck
|
|upkeep
|
|t:|1779868771
|switch|p2a: Toucannon|Toucannon, F, shiny|100/100
|turn|8
|
|t:|1779868775
|switch|p1a: Thundurus|Thundurus, M, shiny|100/100
|move|p2a: Toucannon|Tailwind|p2a: Toucannon
|-sidestart|p2: Flari64|move: Tailwind
|
|upkeep
|turn|9
|
|t:|1779868786
|-terastallize|p1a: Thundurus|Steel
|move|p1a: Thundurus|Thunderbolt|p2a: Toucannon
|-supereffective|p2a: Toucannon
|-damage|p2a: Toucannon|0 fnt
|faint|p2a: Toucannon
|
|upkeep
|
|t:|1779868788
|switch|p2a: Typhlosion|Typhlosion, M, shiny, tera:Fire|100/100
|turn|10
|
|t:|1779868791
|switch|p1a: Typhlosion|Typhlosion, F, shiny|100/100
|move|p2a: Typhlosion|Eruption|p1a: Typhlosion
|-start|p1a: Typhlosion|ability: Flash Fire
|
|upkeep
|turn|11
|c|☆coooolkid69|ggs
|c|☆Flari64|gg or something
|
|t:|1779868804
|move|p2a: Typhlosion|Eruption|p1a: Typhlosion
|-immune|p1a: Typhlosion|[from] ability: Flash Fire
|move|p1a: Typhlosion|Extrasensory|p2a: Typhlosion
|-damage|p2a: Typhlosion|52/100
|
|-sideend|p2: Flari64|move: Tailwind
|upkeep
|turn|12
|
|t:|1779868811
|move|p2a: Typhlosion|Eruption|p1a: Typhlosion
|-immune|p1a: Typhlosion|[from] ability: Flash Fire
|move|p1a: Typhlosion|Extrasensory|p2a: Typhlosion
|-damage|p2a: Typhlosion|6/100
|
|upkeep
|turn|13
|
|t:|1779868814
|move|p2a: Typhlosion|Eruption|p1a: Typhlosion
|-immune|p1a: Typhlosion|[from] ability: Flash Fire
|move|p1a: Typhlosion|Extrasensory|p2a: Typhlosion
|-damage|p2a: Typhlosion|0 fnt
|faint|p2a: Typhlosion
|
|win|coooolkid69
|n|☆coooolkid69|coooolkid69
|n|☆Flari64|flari64
|n|*Lady Monita |ladymonita
|n| Baddieprathikmon|baddieprathikmon
