|j|☆PrimeXStriker
|j|☆zg4h11
|t:|1779800367
|gametype|singles
|player|p1|PrimeXStriker|1|1517
|player|p2|zg4h11|101|1682
|gen|9
|tier|[Gen 9] OU
|rated|
|rule|HP Percentage Mod: HP is shown in percentages
|rule|Endless Battle Clause: Forcing endless battles is banned
|rule|Species Clause: Limit one of each Pokémon
|rule|OHKO Clause: OHKO moves are banned
|rule|Evasion Items Clause: Evasion items are banned
|rule|Evasion Moves Clause: Evasion moves are banned
|rule|Evasion Abilities Clause: Evasion abilities are banned
|rule|Sleep Moves Clause: Sleep-inducing moves are banned
|clearpoke
|poke|p1|Pawmot, F|
|poke|p1|Greninja-*, M|
|poke|p1|Tyranitar, F|
|poke|p1|Goodra-Hisui, M|
|poke|p1|Corviknight, M|
|poke|p1|Latios, M|
|poke|p2|Tyranitar, M|
|poke|p2|Excadrill, M|
|poke|p2|Iron Valiant|
|poke|p2|Dragapult, M|
|poke|p2|Zapdos|
|poke|p2|Hatterene, F|
|teampreview
|inactive|Battle timer is ON: inactive players will automatically lose when time's up. (requested by PrimeXStriker)
|
|t:|1779800395
|teamsize|p1|6
|teamsize|p2|6
|start
|switch|p1a: Greninja|Greninja, M|100/100
|switch|p2a: Dragapult|Dragapult, M|100/100
|turn|1
|
|t:|1779800407
|switch|p2a: Tyranitar|Tyranitar, M, shiny|100/100
|-weather|Sandstorm|[from] ability: Sand Stream|[of] p2a: Tyranitar
|switch|p1a: Tyranitar|Tyranitar, F|100/100
|
|-weather|Sandstorm|[upkeep]
|upkeep
|turn|2
|
|t:|1779800417
|move|p2a: Tyranitar|Low Kick|p1a: Tyranitar
|-supereffective|p1a: Tyranitar
|-damage|p1a: Tyranitar|0 fnt
|faint|p1a: Tyranitar
|
|-weather|Sandstorm|[upkeep]
|upkeep
|
|t:|1779800426
|switch|p1a: Corviknight|Corviknight, M|100/100
|-ability|p1a: Corviknight|Pressure
|turn|3
|
|t:|1779800431
|switch|p2a: Zapdos|Zapdos|100/100
|move|p1a: Corviknight|U-turn|p2a: Zapdos
|-resisted|p2a: Zapdos
|-damage|p2a: Zapdos|93/100
|
|t:|1779800436
|switch|p1a: Latios|Latios, M|100/100|[from] U-turn
|
|-weather|Sandstorm|[upkeep]
|-damage|p1a: Latios|95/100|[from] Sandstorm
|-damage|p2a: Zapdos|87/100|[from] Sandstorm
|upkeep
|turn|4
|
|t:|1779800444
|switch|p2a: Hatterene|Hatterene, F|100/100
|move|p1a: Latios|Luster Purge|p2a: Hatterene
|-resisted|p2a: Hatterene
|-damage|p2a: Hatterene|73/100
|-unboost|p2a: Hatterene|spd|1
|
|-weather|Sandstorm|[upkeep]
|-damage|p1a: Latios|89/100|[from] Sandstorm
|-damage|p2a: Hatterene|67/100|[from] Sandstorm
|upkeep
|turn|5
|
|t:|1779800453
|switch|p1a: Corviknight|Corviknight, M|100/100
|-ability|p1a: Corviknight|Pressure
|move|p2a: Hatterene|Nuzzle|p1a: Corviknight
|-supereffective|p1a: Corviknight
|-damage|p1a: Corviknight|95/100
|-status|p1a: Corviknight|par
|-damage|p2a: Hatterene|50/100|[from] item: Rocky Helmet|[of] p1a: Corviknight
|
|-weather|Sandstorm|[upkeep]
|-damage|p2a: Hatterene|45/100|[from] Sandstorm
|upkeep
|turn|6
|
|t:|1779800468
|move|p2a: Hatterene|Pain Split|p1a: Corviknight
|-sethp|p1a: Corviknight|65/100 par|[from] move: Pain Split|[silent]
|-sethp|p2a: Hatterene|82/100|[from] move: Pain Split
|cant|p1a: Corviknight|par
|
|-weather|Sandstorm|[upkeep]
|-damage|p2a: Hatterene|76/100|[from] Sandstorm
|upkeep
|turn|7
|
|t:|1779800478
|switch|p2a: Zapdos|Zapdos|87/100
|move|p1a: Corviknight|Brave Bird|p2a: Zapdos
|-resisted|p2a: Zapdos
|-damage|p2a: Zapdos|70/100
|-damage|p1a: Corviknight|60/100 par|[from] Recoil
|
|-weather|Sandstorm|[upkeep]
|-damage|p2a: Zapdos|63/100|[from] Sandstorm
|upkeep
|turn|8
|
|t:|1779800486
|switch|p1a: Pawmot|Pawmot, F|100/100
|move|p2a: Zapdos|Volt Switch|p1a: Pawmot
|-immune|p1a: Pawmot|[from] ability: Volt Absorb
|
|-weather|none
|upkeep
|turn|9
|
|t:|1779800493
|move|p1a: Pawmot|Ice Punch|p2a: Zapdos
|-supereffective|p2a: Zapdos
|-crit|p2a: Zapdos
|-damage|p2a: Zapdos|0 fnt
|faint|p2a: Zapdos
|
|upkeep
|
|t:|1779800503
|switch|p2a: Hatterene|Hatterene, F|76/100
|turn|10
|
|t:|1779800506
|switch|p1a: Corviknight|Corviknight, M|60/100 par
|-ability|p1a: Corviknight|Pressure
|move|p2a: Hatterene|Future Sight|p1a: Corviknight
|-start|p2a: Hatterene|move: Future Sight
|
|upkeep
|turn|11
|
|t:|1779800513
|switch|p2a: Dragapult|Dragapult, M|100/100
|move|p1a: Corviknight|Roost|p1a: Corviknight
|-heal|p1a: Corviknight|100/100 par
|-singleturn|p1a: Corviknight|move: Roost
|
|upkeep
|turn|12
|j| nesnot
|
|t:|1779800523
|move|p2a: Dragapult|Hex|p1a: Corviknight
|-damage|p1a: Corviknight|51/100 par
|cant|p1a: Corviknight|par
|
|-end|p1a: Corviknight|move: Future Sight
|-resisted|p1a: Corviknight
|-damage|p1a: Corviknight|27/100 par
|upkeep
|turn|13
|
|t:|1779800536
|move|p2a: Dragapult|Hex|p1a: Corviknight
|-damage|p1a: Corviknight|0 fnt
|faint|p1a: Corviknight
|
|upkeep
|
|t:|1779800539
|switch|p1a: Greninja|Greninja, M|100/100
|turn|14
|
|t:|1779800544
|move|p2a: Dragapult|U-turn|p1a: Greninja
|-supereffective|p1a: Greninja
|-damage|p1a: Greninja|31/100
|
|t:|1779800553
|switch|p2a: Tyranitar|Tyranitar, M, shiny|100/100|[from] U-turn
|-weather|Sandstorm|[from] ability: Sand Stream|[of] p2a: Tyranitar
|move|p1a: Greninja|Dark Pulse|p2a: Tyranitar
|-resisted|p2a: Tyranitar
|-damage|p2a: Tyranitar|84/100
|-damage|p1a: Greninja|21/100|[from] item: Life Orb
|
|-weather|Sandstorm|[upkeep]
|-damage|p1a: Greninja|15/100|[from] Sandstorm
|upkeep
|turn|15
|
|t:|1779800568
|move|p1a: Greninja|Hydro Pump|p2a: Tyranitar
|-supereffective|p2a: Tyranitar
|-damage|p2a: Tyranitar|1/100
|-damage|p1a: Greninja|5/100|[from] item: Life Orb
|move|p2a: Tyranitar|Stealth Rock|p1a: Greninja
|-sidestart|p1: PrimeXStriker|move: Stealth Rock
|
|-weather|Sandstorm|[upkeep]
|-damage|p1a: Greninja|0 fnt|[from] Sandstorm
|faint|p1a: Greninja
|upkeep
|
|t:|1779800580
|switch|p1a: Pawmot|Pawmot, F|100/100
|-damage|p1a: Pawmot|94/100|[from] Stealth Rock
|turn|16
|
|t:|1779800588
|switch|p2a: Hatterene|Hatterene, F|76/100
|move|p1a: Pawmot|Close Combat|p2a: Hatterene
|-resisted|p2a: Hatterene
|-damage|p2a: Hatterene|63/100
|-unboost|p1a: Pawmot|def|1
|-unboost|p1a: Pawmot|spd|1
|-damage|p1a: Pawmot|78/100|[from] item: Rocky Helmet|[of] p2a: Hatterene
|
|-weather|Sandstorm|[upkeep]
|-damage|p1a: Pawmot|72/100|[from] Sandstorm
|-damage|p2a: Hatterene|57/100|[from] Sandstorm
|upkeep
|turn|17
|
|t:|1779800599
|switch|p1a: Goodra|Goodra-Hisui, M, shiny|100/100
|-damage|p1a: Goodra|94/100|[from] Stealth Rock
|move|p2a: Hatterene|Nuzzle|p1a: Goodra
|-resisted|p1a: Goodra
|-damage|p1a: Goodra|93/100
|-status|p1a: Goodra|par
|
|-weather|Sandstorm|[upkeep]
|-damage|p2a: Hatterene|51/100|[from] Sandstorm
|-heal|p1a: Goodra|99/100 par|[from] item: Leftovers
|upkeep
|turn|18
|
|t:|1779800614
|switch|p2a: Excadrill|Excadrill, M, shiny|100/100
|move|p1a: Goodra|Heavy Slam|p2a: Excadrill
|-resisted|p2a: Excadrill
|-damage|p2a: Excadrill|71/100
|
|-weather|Sandstorm|[upkeep]
|-heal|p2a: Excadrill|77/100|[from] item: Leftovers
|-heal|p1a: Goodra|100/100 par|[from] item: Leftovers
|upkeep
|turn|19
|
|t:|1779800623
|move|p2a: Excadrill|Substitute|p2a: Excadrill
|-start|p2a: Excadrill|Substitute
|-damage|p2a: Excadrill|52/100
|move|p1a: Goodra|Body Press|p2a: Excadrill
|-supereffective|p2a: Excadrill
|-end|p2a: Excadrill|Substitute
|
|-weather|Sandstorm|[upkeep]
|-heal|p2a: Excadrill|58/100|[from] item: Leftovers
|upkeep
|turn|20
|
|t:|1779800631
|move|p2a: Excadrill|Earthquake|p1a: Goodra
|-supereffective|p1a: Goodra
|-damage|p1a: Goodra|16/100 par
|move|p1a: Goodra|Body Press|p2a: Excadrill
|-supereffective|p2a: Excadrill
|-damage|p2a: Excadrill|0 fnt
|faint|p2a: Excadrill
|
|-weather|Sandstorm|[upkeep]
|-heal|p1a: Goodra|22/100 par|[from] item: Leftovers
|upkeep
|j| thepoowizard_md
|
|t:|1779800640
|switch|p2a: Dragapult|Dragapult, M|100/100
|turn|21
|
|t:|1779800648
|move|p2a: Dragapult|Dragon Darts|p1a: Goodra
|-damage|p1a: Goodra|8/100 par
|-anim|p2a: Dragapult|Dragon Darts|p1a: Goodra
|-damage|p1a: Goodra|0 fnt
|faint|p1a: Goodra
|
|-weather|none
|upkeep
|
|t:|1779800655
|switch|p1a: Latios|Latios, M|89/100
|-damage|p1a: Latios|76/100|[from] Stealth Rock
|turn|22
|
|t:|1779800675
|move|p1a: Latios|Shadow Ball|p2a: Dragapult
|-supereffective|p2a: Dragapult
|-damage|p2a: Dragapult|23/100
|move|p2a: Dragapult|Dragon Darts|p1a: Latios
|-supereffective|p1a: Latios
|-damage|p1a: Latios|20/100
|-anim|p2a: Dragapult|Dragon Darts|p1a: Latios
|-supereffective|p1a: Latios
|-damage|p1a: Latios|0 fnt
|faint|p1a: Latios
|
|upkeep
|
|t:|1779800681
|switch|p1a: Pawmot|Pawmot, F|72/100
|-damage|p1a: Pawmot|66/100|[from] Stealth Rock
|turn|23
|
|t:|1779800691
|move|p1a: Pawmot|Revival Blessing|p1a: Pawmot
|
|t:|1779800709
|-heal|p1: Goodra|50/100|[from] move: Revival Blessing
|move|p2a: Dragapult|Dragon Darts|p1a: Pawmot
|-damage|p1a: Pawmot|33/100
|-anim|p2a: Dragapult|Dragon Darts|p1a: Pawmot
|-damage|p1a: Pawmot|0 fnt
|faint|p1a: Pawmot
|
|upkeep
|
|t:|1779800713
|switch|p1a: Goodra|Goodra-Hisui, M, shiny|50/100
|-damage|p1a: Goodra|44/100|[from] Stealth Rock
|turn|24
|
|t:|1779800722
|move|p2a: Dragapult|Dragon Darts|p1a: Goodra
|-damage|p1a: Goodra|30/100
|-anim|p2a: Dragapult|Dragon Darts|p1a: Goodra
|-damage|p1a: Goodra|15/100
|move|p1a: Goodra|Life Dew|p1a: Goodra
|-heal|p1a: Goodra|40/100
|
|-heal|p1a: Goodra|46/100|[from] item: Leftovers
|upkeep
|turn|25
|
|t:|1779800731
|move|p2a: Dragapult|Will-O-Wisp|p1a: Goodra
|-status|p1a: Goodra|brn
|move|p1a: Goodra|Acid Armor|p1a: Goodra
|-boost|p1a: Goodra|def|2
|
|-heal|p1a: Goodra|52/100 brn|[from] item: Leftovers
|-damage|p1a: Goodra|46/100 brn|[from] brn
|upkeep
|turn|26
|
|t:|1779800741
|move|p2a: Dragapult|Hex|p1a: Goodra
|-damage|p1a: Goodra|13/100 brn
|move|p1a: Goodra|Heavy Slam|p2a: Dragapult
|-damage|p2a: Dragapult|0 fnt
|faint|p2a: Dragapult
|
|-heal|p1a: Goodra|19/100 brn|[from] item: Leftovers
|-damage|p1a: Goodra|13/100 brn|[from] brn
|upkeep
|
|t:|1779800752
|switch|p2a: Iron Valiant|Iron Valiant, shiny|100/100
|turn|27
|l| thepoowizard_md
|
|t:|1779800757
|move|p2a: Iron Valiant|Moonblast|p1a: Goodra
|-damage|p1a: Goodra|0 fnt
|faint|p1a: Goodra
|
|win|zg4h11
|raw|PrimeXStriker's rating: 1517 &rarr; <strong>1506</strong><br />(-11 for losing)
|raw|zg4h11's rating: 1682 &rarr; <strong>1693</strong><br />(+11 for winning)
|j| thepoowizard_md
|l| thepoowizard_md
|l|☆PrimeXStriker
|player|p1|
|l| nesnot
