|j|☆teamskullenoxa
|j|☆MeioPotato
|t:|1779914852
|gametype|singles
|player|p1|teamskullenoxa|169|1563
|player|p2|MeioPotato|rosa|1604
|gen|9
|tier|[Gen 9] OU
|rated|
|rule|HP Percentage Mod: HP is shown in percentages
|rule|Endless Battle Clause: Forcing endless battles is banned
|rule|Species Clause: Limit one of each Pokémon
|rule|OHKO Clause: OHKO moves are banned
|rule|Evasion Items Clause: Evasion items are banned
|rule|Evasion Moves Clause: Evasion moves are banned
|rule|Evasion Abilities Clause: Evasion abilities are banned
|rule|Sleep Moves Clause: Sleep-inducing moves are banned
|clearpoke
|poke|p1|Pelipper, F|
|poke|p1|Hatterene, F|
|poke|p1|Iron Treads|
|poke|p1|Toxicroak, F|
|poke|p1|Barraskewda, F|
|poke|p1|Zapdos|
|poke|p2|Latias, F|
|poke|p2|Polteageist|
|poke|p2|Zamazenta-*|
|poke|p2|Kingambit, M|
|poke|p2|Ogerpon-Wellspring, F|
|poke|p2|Iron Moth|
|teampreview
|inactive|Battle timer is ON: inactive players will automatically lose when time's up. (requested by MeioPotato)
|
|t:|1779914860
|teamsize|p1|6
|teamsize|p2|6
|start
|switch|p1a: Pelipper|Pelipper, F|100/100
|switch|p2a: Latias|Latias, F|100/100
|-weather|RainDance|[from] ability: Drizzle|[of] p1a: Pelipper
|turn|1
|
|t:|1779914873
|switch|p1a: Hatterene|Hatterene, F|100/100
|move|p2a: Latias|Agility|p2a: Latias
|-boost|p2a: Latias|spe|2
|
|-weather|RainDance|[upkeep]
|upkeep
|turn|2
|
|t:|1779914877
|move|p2a: Latias|Calm Mind|p2a: Latias
|-boost|p2a: Latias|spa|1
|-boost|p2a: Latias|spd|1
|move|p1a: Hatterene|Nuzzle|p2a: Latias
|-resisted|p2a: Latias
|-damage|p2a: Latias|99/100
|-status|p2a: Latias|par
|
|-weather|RainDance|[upkeep]
|upkeep
|turn|3
|
|t:|1779914889
|cant|p2a: Latias|par
|move|p1a: Hatterene|Draining Kiss|p2a: Latias
|-supereffective|p2a: Latias
|-damage|p2a: Latias|73/100 par
|-enditem|p2a: Latias|Weakness Policy
|-boost|p2a: Latias|atk|2|[from] item: Weakness Policy
|-boost|p2a: Latias|spa|2|[from] item: Weakness Policy
|
|-weather|RainDance|[upkeep]
|upkeep
|turn|4
|
|t:|1779914894
|cant|p2a: Latias|par
|move|p1a: Hatterene|Draining Kiss|p2a: Latias
|-supereffective|p2a: Latias
|-damage|p2a: Latias|47/100 par
|
|-weather|RainDance|[upkeep]
|upkeep
|turn|5
|
|t:|1779914897
|move|p2a: Latias|Stored Power|p1a: Hatterene
|-resisted|p1a: Hatterene
|-damage|p1a: Hatterene|7/100
|-enditem|p1a: Hatterene|Eject Button
|
|t:|1779914900
|switch|p1a: Barraskewda|Barraskewda, F|100/100
|
|-weather|RainDance|[upkeep]
|upkeep
|turn|6
|
|t:|1779914910
|-terastallize|p1a: Barraskewda|Water
|move|p1a: Barraskewda|Liquidation|p2a: Latias
|-resisted|p2a: Latias
|-damage|p2a: Latias|0 fnt
|faint|p2a: Latias
|
|-weather|RainDance|[upkeep]
|upkeep
|
|t:|1779914914
|switch|p2a: Ogerpon|Ogerpon-Wellspring, F|100/100
|turn|7
|
|t:|1779914917
|switch|p1a: Toxicroak|Toxicroak, F|100/100
|move|p2a: Ogerpon|Knock Off|p1a: Toxicroak
|-resisted|p1a: Toxicroak
|-damage|p1a: Toxicroak|85/100
|-damage|p2a: Ogerpon|84/100|[from] item: Rocky Helmet|[of] p1a: Toxicroak
|-enditem|p1a: Toxicroak|Rocky Helmet|[from] move: Knock Off|[of] p2a: Ogerpon
|
|-weather|RainDance|[upkeep]
|-heal|p1a: Toxicroak|97/100|[from] ability: Dry Skin
|upkeep
|turn|8
|
|t:|1779914938
|switch|p2a: Kingambit|Kingambit, M|100/100
|move|p1a: Toxicroak|Knock Off|p2a: Kingambit
|-resisted|p2a: Kingambit
|-damage|p2a: Kingambit|91/100
|-enditem|p2a: Kingambit|Assault Vest|[from] move: Knock Off|[of] p1a: Toxicroak
|
|-weather|none
|upkeep
|turn|9
|
|t:|1779914944
|move|p1a: Toxicroak|Drain Punch|p2a: Kingambit
|-supereffective|p2a: Kingambit
|-damage|p2a: Kingambit|0 fnt
|-heal|p1a: Toxicroak|100/100|[from] drain|[of] p2a: Kingambit
|faint|p2a: Kingambit
|
|upkeep
|
|t:|1779914947
|switch|p2a: Polteageist|Polteageist|100/100
|turn|10
|
|t:|1779914950
|move|p2a: Polteageist|Shell Smash|p2a: Polteageist
|-unboost|p2a: Polteageist|def|1
|-unboost|p2a: Polteageist|spd|1
|-boost|p2a: Polteageist|atk|2
|-boost|p2a: Polteageist|spa|2
|-boost|p2a: Polteageist|spe|2
|move|p1a: Toxicroak|Encore|p2a: Polteageist
|-start|p2a: Polteageist|Encore
|
|upkeep
|turn|11
|
|t:|1779914953
|switch|p2a: Ogerpon|Ogerpon-Wellspring, F|84/100
|move|p1a: Toxicroak|Knock Off|p2a: Ogerpon
|-damage|p2a: Ogerpon|63/100
|
|upkeep
|turn|12
|
|t:|1779914956
|move|p2a: Ogerpon|Knock Off|p1a: Toxicroak
|-resisted|p1a: Toxicroak
|-damage|p1a: Toxicroak|90/100
|move|p1a: Toxicroak|Toxic|p2a: Ogerpon
|-status|p2a: Ogerpon|tox
|
|-damage|p2a: Ogerpon|57/100 tox|[from] psn
|upkeep
|turn|13
|
|t:|1779914960
|move|p2a: Ogerpon|Horn Leech|p1a: Toxicroak
|-resisted|p1a: Toxicroak
|-damage|p1a: Toxicroak|69/100
|-heal|p2a: Ogerpon|69/100 tox|[from] drain|[of] p1a: Toxicroak
|move|p1a: Toxicroak|Drain Punch|p2a: Ogerpon
|-damage|p2a: Ogerpon|35/100 tox
|-heal|p1a: Toxicroak|83/100|[from] drain|[of] p2a: Ogerpon
|
|-damage|p2a: Ogerpon|23/100 tox|[from] psn
|upkeep
|turn|14
|
|t:|1779914963
|move|p2a: Ogerpon|Horn Leech|p1a: Toxicroak
|-resisted|p1a: Toxicroak
|-crit|p1a: Toxicroak
|-damage|p1a: Toxicroak|55/100
|-heal|p2a: Ogerpon|40/100 tox|[from] drain|[of] p1a: Toxicroak
|move|p1a: Toxicroak|Drain Punch|p2a: Ogerpon
|-damage|p2a: Ogerpon|5/100 tox
|-heal|p1a: Toxicroak|70/100|[from] drain|[of] p2a: Ogerpon
|
|-damage|p2a: Ogerpon|0 fnt|[from] psn
|faint|p2a: Ogerpon
|upkeep
|
|t:|1779914967
|switch|p2a: Iron Moth|Iron Moth|100/100
|turn|15
|
|t:|1779914969
|switch|p1a: Pelipper|Pelipper, F|100/100
|-weather|RainDance|[from] ability: Drizzle|[of] p1a: Pelipper
|move|p2a: Iron Moth|Fiery Dance|p1a: Pelipper
|-resisted|p1a: Pelipper
|-damage|p1a: Pelipper|90/100
|
|-weather|RainDance|[upkeep]
|upkeep
|turn|16
|
|t:|1779914979
|move|p2a: Iron Moth|Sludge Wave|p1a: Pelipper
|-damage|p1a: Pelipper|39/100
|move|p1a: Pelipper|Weather Ball|p2a: Iron Moth
|-supereffective|p2a: Iron Moth
|-enditem|p2a: Iron Moth|Focus Sash
|-damage|p2a: Iron Moth|1/100
|
|-weather|RainDance|[upkeep]
|upkeep
|turn|17
|
|t:|1779914984
|switch|p1a: Hatterene|Hatterene, F|7/100
|move|p2a: Iron Moth|Fiery Dance|p1a: Hatterene
|-damage|p1a: Hatterene|0 fnt
|-boost|p2a: Iron Moth|spa|1
|faint|p1a: Hatterene
|
|-weather|RainDance|[upkeep]
|upkeep
|
|t:|1779914997
|switch|p1a: Barraskewda|Barraskewda, F, tera:Water|100/100
|turn|18
|
|t:|1779915018
|move|p1a: Barraskewda|Liquidation|p2a: Iron Moth
|-supereffective|p2a: Iron Moth
|-damage|p2a: Iron Moth|0 fnt
|faint|p2a: Iron Moth
|-end|p2a: Iron Moth|Quark Drive|[silent]
|
|-weather|RainDance|[upkeep]
|upkeep
|
|t:|1779915029
|switch|p2a: Polteageist|Polteageist|100/100
|turn|19
|
|t:|1779915042
|-terastallize|p2a: Polteageist|Grass
|move|p1a: Barraskewda|Liquidation|p2a: Polteageist
|-resisted|p2a: Polteageist
|-enditem|p2a: Polteageist|Focus Sash
|-damage|p2a: Polteageist|1/100
|-unboost|p2a: Polteageist|def|1
|-ability|p2a: Polteageist|Weak Armor|boost
|-unboost|p2a: Polteageist|def|1
|-boost|p2a: Polteageist|spe|2
|move|p2a: Polteageist|Giga Drain|p1a: Barraskewda
|-supereffective|p1a: Barraskewda
|-damage|p1a: Barraskewda|0 fnt
|-heal|p2a: Polteageist|51/100|[from] drain|[of] p1a: Barraskewda
|faint|p1a: Barraskewda
|
|-weather|RainDance|[upkeep]
|upkeep
|
|t:|1779915050
|switch|p1a: Zapdos|Zapdos|100/100
|turn|20
|
|t:|1779915062
|move|p2a: Polteageist|Shadow Ball|p1a: Zapdos
|-damage|p1a: Zapdos|50/100
|move|p1a: Zapdos|Hurricane|p2a: Polteageist
|-supereffective|p2a: Polteageist
|-damage|p2a: Polteageist|0 fnt
|faint|p2a: Polteageist
|
|-weather|RainDance|[upkeep]
|upkeep
|
|t:|1779915064
|switch|p2a: Zamazenta|Zamazenta|100/100
|-ability|p2a: Zamazenta|Dauntless Shield|boost
|-boost|p2a: Zamazenta|def|1
|turn|21
|
|t:|1779915066
|move|p1a: Zapdos|Hurricane|p2a: Zamazenta
|-supereffective|p2a: Zamazenta
|-damage|p2a: Zamazenta|0 fnt
|faint|p2a: Zamazenta
|
|win|teamskullenoxa
|raw|teamskullenoxa's rating: 1563 &rarr; <strong>1585</strong><br />(+22 for winning)
|raw|MeioPotato's rating: 1604 &rarr; <strong>1582</strong><br />(-22 for losing)
|l|☆MeioPotato
|player|p2|
|l|☆teamskullenoxa
|player|p1|
