|j|☆josec0703
|j|☆claudechamp
|t:|1779800728
|gametype|singles
|player|p1|josec0703|steven|1126
|player|p2|claudechamp|265|1203
|gen|9
|tier|[Gen 9] OU
|rated|
|rule|HP Percentage Mod: HP is shown in percentages
|rule|Endless Battle Clause: Forcing endless battles is banned
|rule|Species Clause: Limit one of each Pokémon
|rule|OHKO Clause: OHKO moves are banned
|rule|Evasion Items Clause: Evasion items are banned
|rule|Evasion Moves Clause: Evasion moves are banned
|rule|Evasion Abilities Clause: Evasion abilities are banned
|rule|Sleep Moves Clause: Sleep-inducing moves are banned
|clearpoke
|poke|p1|Blaziken, M|
|poke|p1|Metagross|
|poke|p1|Garchomp, M|
|poke|p1|Flygon, M|
|poke|p1|Gardevoir, F|
|poke|p1|Gengar, M|
|poke|p2|Gliscor, F|
|poke|p2|Gholdengo|
|poke|p2|Zamazenta-*|
|poke|p2|Blissey, F|
|poke|p2|Skarmory, M|
|poke|p2|Pecharunt|
|teampreview
|c|☆claudechamp|hf
|inactive|Battle timer is ON: inactive players will automatically lose when time's up. (requested by josec0703)
|inactive|claudechamp also wants the timer to be on.
|
|t:|1779800735
|teamsize|p1|6
|teamsize|p2|6
|start
|switch|p1a: Gengar|Gengar, M|100/100
|switch|p2a: Skarmory|Skarmory, M|100/100
|turn|1
|
|t:|1779800738
|move|p1a: Gengar|Will-O-Wisp|p2a: Skarmory|[miss]
|-miss|p1a: Gengar|p2a: Skarmory
|move|p2a: Skarmory|Spikes|p1a: Gengar
|-sidestart|p1: josec0703|Spikes
|
|upkeep
|turn|2
|
|t:|1779800741
|move|p1a: Gengar|Will-O-Wisp|p2a: Skarmory
|-status|p2a: Skarmory|brn
|move|p2a: Skarmory|Spikes|p1a: Gengar
|-sidestart|p1: josec0703|Spikes
|
|-damage|p2a: Skarmory|95/100 brn|[from] brn
|upkeep
|turn|3
|
|t:|1779800746
|move|p1a: Gengar|Hex|p2a: Skarmory
|-damage|p2a: Skarmory|8/100 brn
|move|p2a: Skarmory|Spikes|p1a: Gengar
|-sidestart|p1: josec0703|Spikes
|
|-damage|p2a: Skarmory|2/100 brn|[from] brn
|upkeep
|turn|4
|
|t:|1779800751
|switch|p2a: Blissey|Blissey, F|100/100
|move|p1a: Gengar|Hex|p2a: Blissey
|-immune|p2a: Blissey
|
|upkeep
|turn|5
|
|t:|1779800754
|move|p1a: Gengar|Will-O-Wisp|p2a: Blissey
|-status|p2a: Blissey|brn
|move|p2a: Blissey|Stealth Rock|p1a: Gengar
|-sidestart|p1: josec0703|move: Stealth Rock
|
|-damage|p2a: Blissey|94/100 brn|[from] brn
|upkeep
|turn|6
|
|t:|1779800760
|move|p1a: Gengar|Sludge Wave|p2a: Blissey
|-damage|p2a: Blissey|79/100 brn
|move|p2a: Blissey|Shadow Ball|p1a: Gengar
|-supereffective|p1a: Gengar
|-damage|p1a: Gengar|56/100
|
|-damage|p2a: Blissey|73/100 brn|[from] brn
|upkeep
|turn|7
|
|t:|1779800765
|move|p1a: Gengar|Sludge Wave|p2a: Blissey
|-crit|p2a: Blissey
|-damage|p2a: Blissey|52/100 brn
|move|p2a: Blissey|Calm Mind|p2a: Blissey
|-boost|p2a: Blissey|spa|1
|-boost|p2a: Blissey|spd|1
|
|-damage|p2a: Blissey|45/100 brn|[from] brn
|upkeep
|turn|8
|
|t:|1779800771
|move|p1a: Gengar|Sludge Wave|p2a: Blissey
|-damage|p2a: Blissey|35/100 brn
|move|p2a: Blissey|Soft-Boiled|p2a: Blissey
|-heal|p2a: Blissey|85/100 brn
|
|-damage|p2a: Blissey|79/100 brn|[from] brn
|upkeep
|turn|9
|
|t:|1779800776
|move|p1a: Gengar|Sludge Wave|p2a: Blissey
|-damage|p2a: Blissey|69/100 brn
|move|p2a: Blissey|Shadow Ball|p1a: Gengar
|-supereffective|p1a: Gengar
|-damage|p1a: Gengar|0 fnt
|faint|p1a: Gengar
|
|-damage|p2a: Blissey|63/100 brn|[from] brn
|upkeep
|
|t:|1779800784
|switch|p1a: Blaziken|Blaziken, M|100/100
|-damage|p1a: Blaziken|76/100|[from] Spikes
|-damage|p1a: Blaziken|63/100|[from] Stealth Rock
|turn|10
|
|t:|1779800786
|move|p1a: Blaziken|Swords Dance|p1a: Blaziken
|-boost|p1a: Blaziken|atk|2
|move|p2a: Blissey|Soft-Boiled|p2a: Blissey
|-heal|p2a: Blissey|100/100 brn
|
|-damage|p2a: Blissey|94/100 brn|[from] brn
|-ability|p1a: Blaziken|Speed Boost|boost
|-boost|p1a: Blaziken|spe|1
|upkeep
|turn|11
|
|t:|1779800790
|move|p1a: Blaziken|Swords Dance|p1a: Blaziken
|-boost|p1a: Blaziken|atk|2
|move|p2a: Blissey|Shadow Ball|p1a: Blaziken
|-damage|p1a: Blaziken|40/100
|-enditem|p1a: Blaziken|Sitrus Berry|[eat]
|-heal|p1a: Blaziken|65/100|[from] item: Sitrus Berry
|
|-damage|p2a: Blissey|88/100 brn|[from] brn
|-ability|p1a: Blaziken|Speed Boost|boost
|-boost|p1a: Blaziken|spe|1
|upkeep
|turn|12
|
|t:|1779800796
|-curestatus|p2a: Blissey|brn|[from] ability: Natural Cure|[silent]
|switch|p2a: Gliscor|Gliscor, F|100/100
|move|p1a: Blaziken|Double Kick|p2a: Gliscor
|-resisted|p2a: Gliscor
|-damage|p2a: Gliscor|86/100
|-resisted|p2a: Gliscor
|-damage|p2a: Gliscor|70/100
|-hitcount|p2a: Gliscor|2
|
|-ability|p1a: Blaziken|Speed Boost|boost
|-boost|p1a: Blaziken|spe|1
|-status|p2a: Gliscor|tox|[from] item: Toxic Orb
|upkeep
|turn|13
|
|t:|1779800801
|move|p1a: Blaziken|Blaze Kick|p2a: Gliscor
|-crit|p2a: Gliscor
|-damage|p2a: Gliscor|0 fnt
|faint|p2a: Gliscor
|
|-ability|p1a: Blaziken|Speed Boost|boost
|-boost|p1a: Blaziken|spe|1
|upkeep
|
|t:|1779800804
|switch|p2a: Zamazenta|Zamazenta|100/100
|-ability|p2a: Zamazenta|Dauntless Shield|boost
|-boost|p2a: Zamazenta|def|1
|turn|14
|
|t:|1779800807
|move|p1a: Blaziken|Blaze Kick|p2a: Zamazenta
|-damage|p2a: Zamazenta|27/100
|move|p2a: Zamazenta|Close Combat|p1a: Blaziken
|-damage|p1a: Blaziken|0 fnt
|-unboost|p2a: Zamazenta|def|1
|-unboost|p2a: Zamazenta|spd|1
|faint|p1a: Blaziken
|
|upkeep
|
|t:|1779800812
|switch|p1a: Gardevoir|Gardevoir, F, shiny|100/100
|-damage|p1a: Gardevoir|76/100|[from] Spikes
|-damage|p1a: Gardevoir|63/100|[from] Stealth Rock
|-ability|p1a: Gardevoir|Dauntless Shield|Trace|[from] ability: Trace|[of] p2a: Zamazenta
|-ability|p1a: Gardevoir|Dauntless Shield|boost
|-boost|p1a: Gardevoir|def|1
|turn|15
|
|t:|1779800816
|move|p2a: Zamazenta|Close Combat|p1a: Gardevoir
|-resisted|p1a: Gardevoir
|-damage|p1a: Gardevoir|52/100
|-unboost|p2a: Zamazenta|def|1
|-unboost|p2a: Zamazenta|spd|1
|move|p1a: Gardevoir|Calm Mind|p1a: Gardevoir
|-boost|p1a: Gardevoir|spa|1
|-boost|p1a: Gardevoir|spd|1
|
|upkeep
|turn|16
|
|t:|1779800820
|move|p2a: Zamazenta|Heavy Slam|p1a: Gardevoir
|-supereffective|p1a: Gardevoir
|-damage|p1a: Gardevoir|0 fnt
|faint|p1a: Gardevoir
|
|upkeep
|
|t:|1779800825
|switch|p1a: Garchomp|Garchomp, M|100/100
|-damage|p1a: Garchomp|76/100|[from] Spikes
|-damage|p1a: Garchomp|69/100|[from] Stealth Rock
|turn|17
|
|t:|1779800834
|move|p2a: Zamazenta|Close Combat|p1a: Garchomp
|-damage|p1a: Garchomp|9/100
|-unboost|p2a: Zamazenta|def|1
|-unboost|p2a: Zamazenta|spd|1
|-damage|p2a: Zamazenta|15/100|[from] ability: Rough Skin|[of] p1a: Garchomp
|-damage|p2a: Zamazenta|0 fnt|[from] item: Rocky Helmet|[of] p1a: Garchomp
|faint|p2a: Zamazenta
|move|p1a: Garchomp|Swords Dance|p1a: Garchomp
|-boost|p1a: Garchomp|atk|2
|
|upkeep
|
|t:|1779800840
|switch|p2a: Gholdengo|Gholdengo|100/100
|turn|18
|
|t:|1779800845
|move|p1a: Garchomp|Scale Shot|p2a: Gholdengo
|-resisted|p2a: Gholdengo
|-damage|p2a: Gholdengo|90/100
|-resisted|p2a: Gholdengo
|-damage|p2a: Gholdengo|79/100
|-resisted|p2a: Gholdengo
|-damage|p2a: Gholdengo|68/100
|-hitcount|p2a: Gholdengo|3
|-unboost|p1a: Garchomp|def|1
|-boost|p1a: Garchomp|spe|1
|move|p2a: Gholdengo|Hex|p1a: Garchomp
|-damage|p1a: Garchomp|0 fnt
|faint|p1a: Garchomp
|
|upkeep
|
|t:|1779800855
|switch|p1a: Flygon|Flygon, M|100/100
|-damage|p1a: Flygon|95/100|[from] Stealth Rock
|turn|19
|
|t:|1779800859
|move|p1a: Flygon|Dragon Dance|p1a: Flygon
|-boost|p1a: Flygon|atk|1
|-boost|p1a: Flygon|spe|1
|move|p2a: Gholdengo|Hex|p1a: Flygon
|-damage|p1a: Flygon|64/100
|
|-heal|p1a: Flygon|70/100|[from] item: Leftovers
|upkeep
|turn|20
|
|t:|1779800865
|-terastallize|p2a: Gholdengo|Fairy
|move|p1a: Flygon|Earthquake|p2a: Gholdengo
|-damage|p2a: Gholdengo|26/100
|move|p2a: Gholdengo|Recover|p2a: Gholdengo
|-heal|p2a: Gholdengo|76/100
|
|-heal|p1a: Flygon|76/100|[from] item: Leftovers
|upkeep
|turn|21
|
|t:|1779800873
|switch|p2a: Pecharunt|Pecharunt|100/100
|-terastallize|p1a: Flygon|Steel
|move|p1a: Flygon|Dragon Dance|p1a: Flygon
|-boost|p1a: Flygon|atk|1
|-boost|p1a: Flygon|spe|1
|
|-heal|p1a: Flygon|82/100|[from] item: Leftovers
|upkeep
|turn|22
|
|t:|1779800878
|move|p1a: Flygon|Earthquake|p2a: Pecharunt
|-supereffective|p2a: Pecharunt
|-damage|p2a: Pecharunt|32/100
|move|p2a: Pecharunt|Shadow Ball|p1a: Flygon
|-damage|p1a: Flygon|57/100
|-unboost|p1a: Flygon|spd|1
|
|-heal|p1a: Flygon|63/100|[from] item: Leftovers
|upkeep
|turn|23
|
|t:|1779800886
|switch|p2a: Skarmory|Skarmory, M|2/100 brn
|move|p1a: Flygon|Earthquake|p2a: Skarmory
|-immune|p2a: Skarmory
|
|-heal|p1a: Flygon|69/100|[from] item: Leftovers
|-damage|p2a: Skarmory|0 fnt|[from] brn
|faint|p2a: Skarmory
|upkeep
|
|t:|1779800892
|switch|p2a: Gholdengo|Gholdengo, tera:Fairy|76/100
|turn|24
|
|t:|1779800899
|move|p1a: Flygon|Earthquake|p2a: Gholdengo
|-damage|p2a: Gholdengo|18/100
|move|p2a: Gholdengo|Hex|p1a: Flygon
|-crit|p1a: Flygon
|-damage|p1a: Flygon|8/100
|
|-heal|p1a: Flygon|14/100|[from] item: Leftovers
|upkeep
|turn|25
|
|t:|1779800905
|move|p1a: Flygon|Earthquake|p2a: Gholdengo
|-damage|p2a: Gholdengo|0 fnt
|faint|p2a: Gholdengo
|
|-heal|p1a: Flygon|20/100|[from] item: Leftovers
|upkeep
|
|t:|1779800912
|switch|p2a: Blissey|Blissey, F|88/100
|turn|26
|
|t:|1779800920
|move|p1a: Flygon|Earthquake|p2a: Blissey
|-damage|p2a: Blissey|9/100
|move|p2a: Blissey|Shadow Ball|p1a: Flygon
|-damage|p1a: Flygon|0 fnt
|faint|p1a: Flygon
|
|upkeep
|
|t:|1779800925
|switch|p1a: Metagross|Metagross, shiny|100/100
|-damage|p1a: Metagross|76/100|[from] Spikes
|-damage|p1a: Metagross|70/100|[from] Stealth Rock
|turn|27
|
|t:|1779800932
|move|p1a: Metagross|Agility|p1a: Metagross
|-boost|p1a: Metagross|spe|2
|move|p2a: Blissey|Shadow Ball|p1a: Metagross
|-supereffective|p1a: Metagross
|-damage|p1a: Metagross|40/100
|-enditem|p1a: Metagross|Weakness Policy
|-boost|p1a: Metagross|atk|2|[from] item: Weakness Policy
|-boost|p1a: Metagross|spa|2|[from] item: Weakness Policy
|
|upkeep
|turn|28
|
|t:|1779800938
|switch|p2a: Pecharunt|Pecharunt|32/100
|move|p1a: Metagross|Earthquake|p2a: Pecharunt
|-supereffective|p2a: Pecharunt
|-damage|p2a: Pecharunt|0 fnt
|faint|p2a: Pecharunt
|
|upkeep
|
|t:|1779800949
|switch|p2a: Blissey|Blissey, F|9/100
|turn|29
|
|t:|1779800955
|move|p1a: Metagross|Earthquake|p2a: Blissey
|-damage|p2a: Blissey|0 fnt
|faint|p2a: Blissey
|
|win|josec0703
|raw|josec0703's rating: 1126 &rarr; <strong>1160</strong><br />(+34 for winning)
|raw|claudechamp's rating: 1250 &rarr; <strong>1216</strong><br />(-34 for losing)
|c|☆claudechamp|gg
|c|☆josec0703|Gg
|l|☆josec0703
|player|p1|
