|j|☆popolapopo
|j|☆Ashburt
|t:|1779951529
|gametype|singles
|player|p1|popolapopo|101|1061
|player|p2|Ashburt|veteran|1056
|gen|9
|tier|[Gen 9] OU
|rated|
|rule|HP Percentage Mod: HP is shown in percentages
|rule|Endless Battle Clause: Forcing endless battles is banned
|rule|Species Clause: Limit one of each Pokémon
|rule|OHKO Clause: OHKO moves are banned
|rule|Evasion Items Clause: Evasion items are banned
|rule|Evasion Moves Clause: Evasion moves are banned
|rule|Evasion Abilities Clause: Evasion abilities are banned
|rule|Sleep Moves Clause: Sleep-inducing moves are banned
|clearpoke
|poke|p1|Blissey, F|
|poke|p1|Glimmora, F|
|poke|p1|Iron Moth|
|poke|p1|Vikavolt, F|
|poke|p1|Metagross|
|poke|p1|Hitmontop, M|
|poke|p2|Scizor, F|
|poke|p2|Breloom, M|
|poke|p2|Ambipom, M|
|poke|p2|Maushold-Four|
|poke|p2|Ninetales-Alola, M|
|poke|p2|Clodsire, F|
|teampreview
|inactive|Battle timer is ON: inactive players will automatically lose when time's up. (requested by Ashburt)
|
|t:|1779951533
|teamsize|p1|6
|teamsize|p2|6
|start
|switch|p1a: Glimmora|Glimmora, F|100/100
|switch|p2a: Ambipom|Ambipom, M|100/100
|turn|1
|
|t:|1779951547
|move|p2a: Ambipom|Fling|p1a: Glimmora
|-damage|p1a: Glimmora|91/100
|-activate|p1a: Glimmora|ability: Toxic Debris
|-sidestart|p2: Ashburt|move: Toxic Spikes
|-enditem|p2a: Ambipom|Choice Band|[from] move: Fling
|move|p1a: Glimmora|Power Gem|p2a: Ambipom
|-damage|p2a: Ambipom|39/100
|
|upkeep
|turn|2
|
|t:|1779951558
|move|p2a: Ambipom|Brick Break|p1a: Glimmora
|-damage|p1a: Glimmora|61/100
|-activate|p1a: Glimmora|ability: Toxic Debris
|-sidestart|p2: Ashburt|move: Toxic Spikes
|move|p1a: Glimmora|Stealth Rock|p2a: Ambipom
|-sidestart|p2: Ashburt|move: Stealth Rock
|
|upkeep
|turn|3
|
|t:|1779951573
|move|p2a: Ambipom|Brick Break|p1a: Glimmora
|-damage|p1a: Glimmora|32/100
|move|p1a: Glimmora|Power Gem|p2a: Ambipom
|-damage|p2a: Ambipom|0 fnt
|faint|p2a: Ambipom
|
|upkeep
|
|t:|1779951582
|switch|p2a: Breloom|Breloom, M, shiny|100/100
|-status|p2a: Breloom|tox
|-damage|p2a: Breloom|94/100 tox|[from] Stealth Rock
|turn|4
|
|t:|1779951596
|move|p1a: Glimmora|Earth Power|p2a: Breloom
|-resisted|p2a: Breloom
|-damage|p2a: Breloom|62/100 tox
|move|p2a: Breloom|Bulldoze|p1a: Glimmora
|-supereffective|p1a: Glimmora
|-damage|p1a: Glimmora|0 fnt
|faint|p1a: Glimmora
|-damage|p2a: Breloom|52/100 tox|[from] item: Life Orb
|
|-damage|p2a: Breloom|46/100 tox|[from] psn
|upkeep
|
|t:|1779951609
|switch|p1a: Vikavolt|Vikavolt, F|100/100
|turn|5
|
|t:|1779951620
|-terastallize|p2a: Breloom|Fighting
|move|p2a: Breloom|Swords Dance|p2a: Breloom
|-boost|p2a: Breloom|atk|2
|move|p1a: Vikavolt|Bug Buzz|p2a: Breloom
|-resisted|p2a: Breloom
|-damage|p2a: Breloom|0 fnt
|faint|p2a: Breloom
|-damage|p1a: Vikavolt|91/100|[from] item: Life Orb
|
|upkeep
|
|t:|1779951630
|switch|p2a: Clodsire|Clodsire, F|100/100
|-sideend|p2: Ashburt|move: Toxic Spikes|[of] p2a: Clodsire
|-damage|p2a: Clodsire|94/100|[from] Stealth Rock
|turn|6
|
|t:|1779951634
|move|p1a: Vikavolt|Sticky Web|p2a: Clodsire
|-sidestart|p2: Ashburt|move: Sticky Web
|move|p2a: Clodsire|Stealth Rock|p1a: Vikavolt
|-sidestart|p1: popolapopo|move: Stealth Rock
|
|-heal|p2a: Clodsire|100/100|[from] item: Black Sludge
|upkeep
|turn|7
|
|t:|1779951640
|move|p1a: Vikavolt|Energy Ball|p2a: Clodsire
|-damage|p2a: Clodsire|68/100
|-damage|p1a: Vikavolt|81/100|[from] item: Life Orb
|move|p2a: Clodsire|Toxic|p1a: Vikavolt
|-status|p1a: Vikavolt|tox
|
|-heal|p2a: Clodsire|74/100|[from] item: Black Sludge
|-damage|p1a: Vikavolt|75/100 tox|[from] psn
|upkeep
|turn|8
|
|t:|1779951648
|move|p1a: Vikavolt|Energy Ball|p2a: Clodsire
|-damage|p2a: Clodsire|35/100
|-damage|p1a: Vikavolt|65/100 tox|[from] item: Life Orb
|move|p2a: Clodsire|Body Press|p1a: Vikavolt
|-resisted|p1a: Vikavolt
|-damage|p1a: Vikavolt|56/100 tox
|
|-heal|p2a: Clodsire|41/100|[from] item: Black Sludge
|-damage|p1a: Vikavolt|44/100 tox|[from] psn
|upkeep
|turn|9
|
|t:|1779951654
|move|p1a: Vikavolt|Energy Ball|p2a: Clodsire
|-damage|p2a: Clodsire|7/100
|-damage|p1a: Vikavolt|34/100 tox|[from] item: Life Orb
|move|p2a: Clodsire|Recover|p2a: Clodsire
|-heal|p2a: Clodsire|57/100
|
|-heal|p2a: Clodsire|63/100|[from] item: Black Sludge
|-damage|p1a: Vikavolt|16/100 tox|[from] psn
|upkeep
|turn|10
|
|t:|1779951661
|move|p1a: Vikavolt|Energy Ball|p2a: Clodsire
|-damage|p2a: Clodsire|27/100
|-damage|p1a: Vikavolt|6/100 tox|[from] item: Life Orb
|move|p2a: Clodsire|Recover|p2a: Clodsire
|-heal|p2a: Clodsire|78/100
|
|-heal|p2a: Clodsire|84/100|[from] item: Black Sludge
|-damage|p1a: Vikavolt|0 fnt|[from] psn
|faint|p1a: Vikavolt
|upkeep
|
|t:|1779951672
|switch|p1a: Metagross|Metagross|100/100
|-damage|p1a: Metagross|94/100|[from] Stealth Rock
|turn|11
|
|t:|1779951681
|move|p1a: Metagross|Agility|p1a: Metagross
|-boost|p1a: Metagross|spe|2
|move|p2a: Clodsire|Body Press|p1a: Metagross
|-damage|p1a: Metagross|78/100
|
|-heal|p2a: Clodsire|90/100|[from] item: Black Sludge
|upkeep
|turn|12
|
|t:|1779951688
|move|p1a: Metagross|Psychic Fangs|p2a: Clodsire
|-supereffective|p2a: Clodsire
|-damage|p2a: Clodsire|25/100
|move|p2a: Clodsire|Body Press|p1a: Metagross
|-damage|p1a: Metagross|62/100
|
|-heal|p2a: Clodsire|31/100|[from] item: Black Sludge
|upkeep
|turn|13
|
|t:|1779951694
|move|p1a: Metagross|Psychic Fangs|p2a: Clodsire
|-supereffective|p2a: Clodsire
|-damage|p2a: Clodsire|0 fnt
|faint|p2a: Clodsire
|
|upkeep
|
|t:|1779951704
|switch|p2a: Scizor|Scizor, F|100/100
|-damage|p2a: Scizor|88/100|[from] Stealth Rock
|-activate|p2a: Scizor|move: Sticky Web
|-unboost|p2a: Scizor|spe|1
|turn|14
|
|t:|1779951712
|move|p1a: Metagross|Earthquake|p2a: Scizor
|-damage|p2a: Scizor|52/100
|move|p2a: Scizor|Close Combat|p1a: Metagross
|-damage|p1a: Metagross|2/100
|-unboost|p2a: Scizor|def|1
|-unboost|p2a: Scizor|spd|1
|
|upkeep
|turn|15
|
|t:|1779951721
|switch|p2a: Ninetales|Ninetales-Alola, M|100/100
|-damage|p2a: Ninetales|75/100|[from] Stealth Rock
|-activate|p2a: Ninetales|move: Sticky Web
|-unboost|p2a: Ninetales|spe|1
|-weather|Snowscape|[from] ability: Snow Warning|[of] p2a: Ninetales
|move|p1a: Metagross|Earthquake|p2a: Ninetales
|-damage|p2a: Ninetales|36/100
|
|-weather|Snowscape|[upkeep]
|upkeep
|turn|16
|
|t:|1779951734
|move|p1a: Metagross|Meteor Mash|p2a: Ninetales
|-supereffective|p2a: Ninetales
|-damage|p2a: Ninetales|0 fnt
|faint|p2a: Ninetales
|
|-weather|Snowscape|[upkeep]
|upkeep
|
|t:|1779951738
|switch|p2a: Scizor|Scizor, F|52/100
|-damage|p2a: Scizor|40/100|[from] Stealth Rock
|-activate|p2a: Scizor|move: Sticky Web
|-unboost|p2a: Scizor|spe|1
|turn|17
|
|t:|1779951745
|move|p2a: Scizor|Bullet Punch|p1a: Metagross
|-resisted|p1a: Metagross
|-damage|p1a: Metagross|0 fnt
|faint|p1a: Metagross
|
|-weather|Snowscape|[upkeep]
|upkeep
|
|t:|1779951748
|switch|p1a: Hitmontop|Hitmontop, M|100/100
|-damage|p1a: Hitmontop|95/100|[from] Stealth Rock
|-ability|p1a: Hitmontop|Intimidate|boost
|-unboost|p2a: Scizor|atk|1
|turn|18
|
|t:|1779951752
|move|p2a: Scizor|Bullet Punch|p1a: Hitmontop
|-damage|p1a: Hitmontop|55/100
|move|p1a: Hitmontop|Rapid Spin|p2a: Scizor
|-resisted|p2a: Scizor
|-damage|p2a: Scizor|33/100
|-boost|p1a: Hitmontop|spe|1
|-sideend|p1: popolapopo|Stealth Rock|[from] move: Rapid Spin|[of] p1a: Hitmontop
|
|-weather|Snowscape|[upkeep]
|upkeep
|turn|19
|
|t:|1779951759
|move|p2a: Scizor|Bullet Punch|p1a: Hitmontop
|-damage|p1a: Hitmontop|11/100
|move|p1a: Hitmontop|Close Combat|p2a: Scizor
|-damage|p2a: Scizor|0 fnt
|-unboost|p1a: Hitmontop|def|1
|-unboost|p1a: Hitmontop|spd|1
|faint|p2a: Scizor
|
|-weather|none
|upkeep
|
|t:|1779951762
|switch|p2a: Maushold|Maushold-Four|100/100
|-damage|p2a: Maushold|88/100|[from] Stealth Rock
|-activate|p2a: Maushold|move: Sticky Web
|-unboost|p2a: Maushold|spe|1
|turn|20
|
|t:|1779951766
|move|p1a: Hitmontop|Close Combat|p2a: Maushold
|-supereffective|p2a: Maushold
|-damage|p2a: Maushold|0 fnt
|-unboost|p1a: Hitmontop|def|1
|-unboost|p1a: Hitmontop|spd|1
|faint|p2a: Maushold
|
|win|popolapopo
|raw|popolapopo's rating: 1061 &rarr; <strong>1091</strong><br />(+30 for winning)
|raw|Ashburt's rating: 1056 &rarr; <strong>1038</strong><br />(-18 for losing)
|l|☆Ashburt
|player|p2|
|l|☆popolapopo
|player|p1|
