|j|☆Baddieprathikmon
|j|☆TheQuesadillaman
|inactive|Battle timer is ON: inactive players will automatically lose when time's up.
|t:|1779804137
|gametype|singles
|player|p1|Baddieprathikmon|acerola-masters|
|player|p2|TheQuesadillaman|steven|
|gen|9
|tier|[Gen 9] OU
|rated|Tournament battle
|rule|HP Percentage Mod: HP is shown in percentages
|rule|Endless Battle Clause: Forcing endless battles is banned
|rule|Species Clause: Limit one of each Pokémon
|rule|OHKO Clause: OHKO moves are banned
|rule|Evasion Items Clause: Evasion items are banned
|rule|Evasion Moves Clause: Evasion moves are banned
|rule|Evasion Abilities Clause: Evasion abilities are banned
|rule|Sleep Moves Clause: Sleep-inducing moves are banned
|raw|<div class="infobox"><details class="readmore"><summary><strong>15 custom rules:</strong></summary> -burmy, -caterpie, -combee, -kricketot, -magikarp, -scatterbug, -sunkern, -tynamo, -typenull, -weedle, -wurmple, -cosmog, -blipbug, -snom, -wynaut</details></div>
|clearpoke
|poke|p1|Dragonite, M|
|poke|p1|Gholdengo|
|poke|p1|Yanmega, M|
|poke|p2|Basculegion, M|
|poke|p2|Ambipom, F|
|poke|p2|Skeledirge, M|
|teampreview
|j|*Lady Monita 
|j| Pokelover33199
|c|☆TheQuesadillaman|glhf
|c|☆Baddieprathikmon|Glf
|
|t:|1779804162
|teamsize|p1|3
|teamsize|p2|3
|start
|switch|p1a: Gholdengo|Gholdengo|100/100
|switch|p2a: Ambipom|Ambipom, F|100/100
|turn|1
|
|t:|1779804166
|move|p1a: Gholdengo|Make It Rain|p2a: Ambipom
|-damage|p2a: Ambipom|0 fnt
|-unboost|p1a: Gholdengo|spa|1
|faint|p2a: Ambipom
|
|upkeep
|
|t:|1779804169
|switch|p2a: Skeledirge|Skeledirge, M|100/100
|turn|2
|
|t:|1779804171
|switch|p1a: Dragonite|Dragonite, M|100/100
|move|p2a: Skeledirge|Torch Song|p1a: Dragonite
|-resisted|p1a: Dragonite
|-damage|p1a: Dragonite|90/100
|-boost|p2a: Skeledirge|spa|1
|
|upkeep
|turn|3
|
|t:|1779804178
|move|p1a: Dragonite|Earthquake|p2a: Skeledirge
|-supereffective|p2a: Skeledirge
|-damage|p2a: Skeledirge|37/100
|move|p2a: Skeledirge|Shadow Ball|p1a: Dragonite
|-damage|p1a: Dragonite|27/100
|
|-heal|p2a: Skeledirge|43/100|[from] item: Leftovers
|upkeep
|turn|4
|
|t:|1779804185
|move|p1a: Dragonite|Earthquake|p2a: Skeledirge
|-supereffective|p2a: Skeledirge
|-damage|p2a: Skeledirge|0 fnt
|faint|p2a: Skeledirge
|
|upkeep
|
|t:|1779804187
|switch|p2a: Basculegion|Basculegion, M|100/100
|turn|5
|
|t:|1779804192
|-terastallize|p2a: Basculegion|Water
|move|p2a: Basculegion|Wave Crash|p1a: Dragonite
|-resisted|p1a: Dragonite
|-damage|p1a: Dragonite|0 fnt
|faint|p1a: Dragonite
|-damage|p2a: Basculegion|93/100|[from] Recoil
|
|upkeep
|
|t:|1779804196
|switch|p1a: Gholdengo|Gholdengo|100/100
|turn|6
|
|t:|1779804198
|move|p2a: Basculegion|Wave Crash|p1a: Gholdengo
|-damage|p1a: Gholdengo|5/100
|-damage|p2a: Basculegion|67/100|[from] Recoil
|move|p1a: Gholdengo|Shadow Ball|p2a: Basculegion
|-damage|p2a: Basculegion|12/100
|-unboost|p2a: Basculegion|spd|1
|
|upkeep
|turn|7
|
|t:|1779804200
|move|p2a: Basculegion|Wave Crash|p1a: Gholdengo
|-damage|p1a: Gholdengo|0 fnt
|faint|p1a: Gholdengo
|-damage|p2a: Basculegion|11/100|[from] Recoil
|
|upkeep
|
|t:|1779804204
|switch|p1a: Yanmega|Yanmega, M|100/100
|turn|8
|
|t:|1779804206
|-terastallize|p1a: Yanmega|Bug
|move|p2a: Basculegion|Wave Crash|p1a: Yanmega
|-damage|p1a: Yanmega|0 fnt
|faint|p1a: Yanmega
|-damage|p2a: Basculegion|0 fnt|[from] Recoil
|faint|p2a: Basculegion
|
|win|TheQuesadillaman
|n|☆Baddieprathikmon|baddieprathikmon
|n|☆TheQuesadillaman|thequesadillaman
|n|*Lady Monita |ladymonita
|n| Pokelover33199|pokelover33199
