|j|☆claudechamp
|j|☆ilikefries
|t:|1779874235
|gametype|singles
|player|p1|claudechamp|169|1224
|player|p2|ilikefries|1|1246
|gen|9
|tier|[Gen 9] OU
|rated|
|rule|HP Percentage Mod: HP is shown in percentages
|rule|Endless Battle Clause: Forcing endless battles is banned
|rule|Species Clause: Limit one of each Pokémon
|rule|OHKO Clause: OHKO moves are banned
|rule|Evasion Items Clause: Evasion items are banned
|rule|Evasion Moves Clause: Evasion moves are banned
|rule|Evasion Abilities Clause: Evasion abilities are banned
|rule|Sleep Moves Clause: Sleep-inducing moves are banned
|clearpoke
|poke|p1|Corviknight, F|
|poke|p1|Ting-Lu|
|poke|p1|Kyurem|
|poke|p1|Dondozo, M|
|poke|p1|Slowking-Galar, M|
|poke|p1|Cinderace, M|
|poke|p2|Hoopa|
|poke|p2|Cinderace, F|
|poke|p2|Mandibuzz, F|
|poke|p2|Kyurem|
|poke|p2|Ting-Lu|
|poke|p2|Manaphy|
|teampreview
|c|☆claudechamp|hf
|inactive|Battle timer is ON: inactive players will automatically lose when time's up. (requested by claudechamp)
|
|t:|1779874251
|teamsize|p1|6
|teamsize|p2|6
|start
|switch|p1a: Cinderace|Cinderace, M|100/100
|switch|p2a: Manaphy|Manaphy|100/100
|turn|1
|
|t:|1779874258
|move|p1a: Cinderace|Pyro Ball|p2a: Manaphy|[miss]
|-miss|p1a: Cinderace|p2a: Manaphy
|move|p2a: Manaphy|Take Heart|p2a: Manaphy
|-boost|p2a: Manaphy|spa|1
|-boost|p2a: Manaphy|spd|1
|
|upkeep
|turn|2
|
|t:|1779874265
|move|p1a: Cinderace|Pyro Ball|p2a: Manaphy
|-resisted|p2a: Manaphy
|-damage|p2a: Manaphy|82/100
|-status|p2a: Manaphy|brn
|move|p2a: Manaphy|Scald|p1a: Cinderace
|-supereffective|p1a: Cinderace
|-damage|p1a: Cinderace|0 fnt
|faint|p1a: Cinderace
|
|-heal|p2a: Manaphy|89/100 brn|[from] item: Leftovers
|-damage|p2a: Manaphy|82/100 brn|[from] brn
|upkeep
|
|t:|1779874269
|switch|p1a: Kyurem|Kyurem|100/100
|-ability|p1a: Kyurem|Pressure
|turn|3
|
|t:|1779874275
|move|p1a: Kyurem|Freeze-Dry|p2a: Manaphy
|-supereffective|p2a: Manaphy
|-damage|p2a: Manaphy|42/100 brn
|move|p2a: Manaphy|Take Heart|p2a: Manaphy
|-boost|p2a: Manaphy|spa|1
|-boost|p2a: Manaphy|spd|1
|-curestatus|p2a: Manaphy|brn|[msg]
|
|-heal|p2a: Manaphy|49/100|[from] item: Leftovers
|upkeep
|turn|4
|
|t:|1779874280
|-terastallize|p2a: Manaphy|Poison
|move|p1a: Kyurem|Freeze-Dry|p2a: Manaphy
|-damage|p2a: Manaphy|33/100
|-status|p2a: Manaphy|frz
|cant|p2a: Manaphy|frz
|
|-heal|p2a: Manaphy|39/100 frz|[from] item: Leftovers
|upkeep
|turn|5
|
|t:|1779874284
|move|p1a: Kyurem|Earth Power|p2a: Manaphy
|-supereffective|p2a: Manaphy
|-damage|p2a: Manaphy|13/100 frz
|cant|p2a: Manaphy|frz
|
|-heal|p2a: Manaphy|19/100 frz|[from] item: Leftovers
|upkeep
|turn|6
|
|t:|1779874291
|move|p1a: Kyurem|Earth Power|p2a: Manaphy
|-supereffective|p2a: Manaphy
|-damage|p2a: Manaphy|0 fnt
|faint|p2a: Manaphy
|
|upkeep
|
|t:|1779874297
|switch|p2a: Hoopa|Hoopa|100/100
|turn|7
|
|t:|1779874299
|move|p1a: Kyurem|Freeze-Dry|p2a: Hoopa
|-damage|p2a: Hoopa|72/100
|move|p2a: Hoopa|Calm Mind|p2a: Hoopa
|-boost|p2a: Hoopa|spa|1
|-boost|p2a: Hoopa|spd|1
|
|upkeep
|turn|8
|
|t:|1779874304
|move|p1a: Kyurem|Freeze-Dry|p2a: Hoopa
|-damage|p2a: Hoopa|53/100
|-status|p2a: Hoopa|frz
|cant|p2a: Hoopa|frz
|
|upkeep
|turn|9
|-message|ilikefries forfeited.
|
|win|claudechamp
|raw|claudechamp's rating: 1223 &rarr; <strong>1250</strong><br />(+27 for winning)
|raw|ilikefries's rating: 1246 &rarr; <strong>1219</strong><br />(-27 for losing)
|c|☆claudechamp|gg
|l|☆ilikefries
|player|p2|
