|j|☆EL-Lindo
|j|☆PachuMerin
|t:|1779957913
|gametype|singles
|player|p1|EL-Lindo|2|1170
|player|p2|PachuMerin|acetrainercouple|1123
|gen|9
|tier|[Gen 9] OU
|rated|
|rule|HP Percentage Mod: HP is shown in percentages
|rule|Endless Battle Clause: Forcing endless battles is banned
|rule|Species Clause: Limit one of each Pokémon
|rule|OHKO Clause: OHKO moves are banned
|rule|Evasion Items Clause: Evasion items are banned
|rule|Evasion Moves Clause: Evasion moves are banned
|rule|Evasion Abilities Clause: Evasion abilities are banned
|rule|Sleep Moves Clause: Sleep-inducing moves are banned
|clearpoke
|poke|p1|Iron Moth|
|poke|p1|Gliscor, M|
|poke|p1|Hatterene, F|
|poke|p1|Ogerpon-Wellspring, F|
|poke|p1|Raging Bolt|
|poke|p1|Zamazenta-*|
|poke|p2|Eelektross, F|
|poke|p2|Glimmora, M|
|poke|p2|Noivern, M|
|poke|p2|Zoroark-Hisui, M|
|poke|p2|Samurott-Hisui, F|
|poke|p2|Scream Tail|
|teampreview
|inactive|Battle timer is ON: inactive players will automatically lose when time's up. (requested by EL-Lindo)
|
|t:|1779957928
|teamsize|p1|6
|teamsize|p2|6
|start
|switch|p1a: Gliscor|Gliscor, M|100/100
|switch|p2a: Am i the spy?|Glimmora, M|100/100
|turn|1
|
|t:|1779957935
|switch|p2a: Totally Grounded|Eelektross, F|100/100
|move|p1a: Gliscor|Agility|p1a: Gliscor
|-boost|p1a: Gliscor|spe|2
|
|-status|p1a: Gliscor|tox|[from] item: Toxic Orb
|upkeep
|turn|2
|
|t:|1779957943
|-terastallize|p2a: Totally Grounded|Poison
|move|p1a: Gliscor|Earthquake|p2a: Totally Grounded
|-immune|p2a: Totally Grounded|[from] ability: Levitate
|move|p2a: Totally Grounded|Coil|p2a: Totally Grounded
|-boost|p2a: Totally Grounded|atk|1
|-boost|p2a: Totally Grounded|def|1
|-boost|p2a: Totally Grounded|accuracy|1
|
|upkeep
|turn|3
|
|t:|1779957951
|move|p1a: Gliscor|Facade|p2a: Totally Grounded
|-damage|p2a: Totally Grounded|71/100
|move|p2a: Totally Grounded|Coil|p2a: Totally Grounded
|-boost|p2a: Totally Grounded|atk|1
|-boost|p2a: Totally Grounded|def|1
|-boost|p2a: Totally Grounded|accuracy|1
|
|-heal|p2a: Totally Grounded|77/100|[from] item: Leftovers
|upkeep
|turn|4
|
|t:|1779957956
|switch|p1a: Hatterene|Hatterene, F|100/100
|move|p2a: Totally Grounded|Liquidation|p1a: Hatterene
|-crit|p1a: Hatterene
|-damage|p1a: Hatterene|25/100
|
|-heal|p2a: Totally Grounded|83/100|[from] item: Leftovers
|-heal|p1a: Hatterene|31/100|[from] item: Leftovers
|upkeep
|turn|5
|
|t:|1779957963
|-terastallize|p1a: Hatterene|Water
|move|p2a: Totally Grounded|Liquidation|p1a: Hatterene
|-resisted|p1a: Hatterene
|-damage|p1a: Hatterene|7/100
|-unboost|p1a: Hatterene|def|1
|move|p1a: Hatterene|Calm Mind|p1a: Hatterene
|-boost|p1a: Hatterene|spa|1
|-boost|p1a: Hatterene|spd|1
|
|-heal|p2a: Totally Grounded|89/100|[from] item: Leftovers
|-heal|p1a: Hatterene|13/100|[from] item: Leftovers
|upkeep
|turn|6
|
|t:|1779957967
|move|p2a: Totally Grounded|Supercell Slam|p1a: Hatterene
|-supereffective|p1a: Hatterene
|-damage|p1a: Hatterene|0 fnt
|faint|p1a: Hatterene
|
|-heal|p2a: Totally Grounded|95/100|[from] item: Leftovers
|upkeep
|
|t:|1779957970
|switch|p1a: Raging Bolt|Raging Bolt|100/100
|-enditem|p1a: Raging Bolt|Booster Energy
|-activate|p1a: Raging Bolt|ability: Protosynthesis|[fromitem]
|-start|p1a: Raging Bolt|protosynthesisspa
|turn|7
|
|t:|1779957976
|switch|p2a: Could be the spy|Scream Tail|100/100
|move|p1a: Raging Bolt|Thunderbolt|p2a: Could be the spy
|-damage|p2a: Could be the spy|57/100
|
|upkeep
|turn|8
|
|t:|1779957983
|move|p1a: Raging Bolt|Thunderbolt|p2a: Could be the spy
|-damage|p2a: Could be the spy|10/100
|move|p2a: Could be the spy|Trick|p1a: Raging Bolt
|-activate|p2a: Could be the spy|move: Trick|[of] p1a: Raging Bolt
|-item|p1a: Raging Bolt|Lagging Tail|[from] move: Trick
|-enditem|p2a: Could be the spy|Lagging Tail|[silent]|[from] move: Trick
|
|upkeep
|turn|9
|
|t:|1779957993
|move|p2a: Could be the spy|Psychic Noise|p1a: Raging Bolt
|-damage|p1a: Raging Bolt|84/100
|-start|p1a: Raging Bolt|move: Heal Block
|move|p1a: Raging Bolt|Thunderbolt|p2a: Could be the spy
|-damage|p2a: Could be the spy|0 fnt
|faint|p2a: Could be the spy
|-end|p2a: Could be the spy|Protosynthesis|[silent]
|
|upkeep
|
|t:|1779958007
|switch|p2a: Am i the spy?|Glimmora, M|100/100
|turn|10
|
|t:|1779958009
|move|p2a: Am i the spy?|Power Gem|p1a: Raging Bolt
|-damage|p1a: Raging Bolt|42/100
|move|p1a: Raging Bolt|Thunderbolt|p2a: Am i the spy?
|-damage|p2a: Am i the spy?|0 fnt
|faint|p2a: Am i the spy?
|
|-end|p1a: Raging Bolt|move: Heal Block
|upkeep
|
|t:|1779958016
|switch|p2a: Might be the spy|Noivern, M|100/100
|turn|11
|
|t:|1779958023
|move|p1a: Raging Bolt|Thunderclap|p2a: Might be the spy
|-damage|p2a: Might be the spy|27/100
|move|p2a: Might be the spy|Boomburst|p1a: Raging Bolt
|-damage|p1a: Raging Bolt|0 fnt
|faint|p1a: Raging Bolt
|-end|p1a: Raging Bolt|Protosynthesis|[silent]
|
|upkeep
|
|t:|1779958026
|switch|p1a: Ogerpon|Ogerpon-Wellspring, F|100/100
|turn|12
|
|t:|1779958028
|move|p2a: Might be the spy|Boomburst|p1a: Ogerpon
|-damage|p1a: Ogerpon|49/100
|move|p1a: Ogerpon|Ivy Cudgel|p2a: Might be the spy|[anim] Ivy Cudgel Water
|-resisted|p2a: Might be the spy
|-damage|p2a: Might be the spy|0 fnt
|faint|p2a: Might be the spy
|
|upkeep
|
|t:|1779958035
|switch|p2a: spikes for sale|Samurott-Hisui, F|100/100
|turn|13
|
|t:|1779958038
|move|p2a: spikes for sale|Hyper Voice|p1a: Ogerpon
|-damage|p1a: Ogerpon|0 fnt
|faint|p1a: Ogerpon
|
|upkeep
|
|t:|1779958047
|switch|p1a: Zamazenta|Zamazenta|100/100
|-ability|p1a: Zamazenta|Dauntless Shield|boost
|-boost|p1a: Zamazenta|def|1
|turn|14
|
|t:|1779958051
|move|p1a: Zamazenta|Close Combat|p2a: spikes for sale
|-immune|p2a: spikes for sale
|move|p2a: spikes for sale|Psychic|p1a: Zamazenta
|-supereffective|p1a: Zamazenta
|-damage|p1a: Zamazenta|50/100
|
|upkeep
|turn|15
|
|t:|1779958058
|move|p1a: Zamazenta|Ice Fang|p2a: spikes for sale|[miss]
|-miss|p1a: Zamazenta|p2a: spikes for sale
|move|p2a: spikes for sale|Psychic|p1a: Zamazenta
|-supereffective|p1a: Zamazenta
|-damage|p1a: Zamazenta|5/100
|
|upkeep
|turn|16
|
|t:|1779958066
|switch|p2a: spikes for sale|Samurott-Hisui, F|100/100
|move|p1a: Zamazenta|Ice Fang|p2a: spikes for sale
|-resisted|p2a: spikes for sale
|-damage|p2a: spikes for sale|88/100
|
|upkeep
|turn|17
|
|t:|1779958068
|move|p2a: spikes for sale|Sucker Punch|p1a: Zamazenta
|-resisted|p1a: Zamazenta
|-damage|p1a: Zamazenta|0 fnt
|faint|p1a: Zamazenta
|
|upkeep
|
|t:|1779958071
|switch|p1a: Gliscor|Gliscor, M|100/100 tox
|turn|18
|
|t:|1779958074
|move|p2a: spikes for sale|Razor Shell|p1a: Gliscor
|-supereffective|p1a: Gliscor
|-damage|p1a: Gliscor|14/100 tox
|-unboost|p1a: Gliscor|def|1
|move|p1a: Gliscor|Earthquake|p2a: spikes for sale
|-damage|p2a: spikes for sale|27/100
|
|-heal|p1a: Gliscor|27/100 tox|[from] ability: Poison Heal
|upkeep
|turn|19
|
|t:|1779958083
|move|p2a: spikes for sale|Razor Shell|p1a: Gliscor
|-supereffective|p1a: Gliscor
|-damage|p1a: Gliscor|0 fnt
|faint|p1a: Gliscor
|
|upkeep
|
|t:|1779958085
|switch|p1a: Iron Moth|Iron Moth|100/100
|-enditem|p1a: Iron Moth|Booster Energy
|-activate|p1a: Iron Moth|ability: Quark Drive|[fromitem]
|-start|p1a: Iron Moth|quarkdrivespe
|turn|20
|
|t:|1779958090
|move|p2a: spikes for sale|Sucker Punch|p1a: Iron Moth
|-damage|p1a: Iron Moth|49/100
|move|p1a: Iron Moth|Sludge Wave|p2a: spikes for sale
|-damage|p2a: spikes for sale|0 fnt
|faint|p2a: spikes for sale
|
|upkeep
|
|t:|1779958094
|switch|p2a: Totally Grounded|Eelektross, F|100/100
|-start|p2a: Totally Grounded|typechange|Poison|[silent]
|turn|21
|
|t:|1779958113
|move|p1a: Iron Moth|Fiery Dance|p2a: Totally Grounded
|-damage|p2a: Totally Grounded|18/100
|replace|p2a: Meet the Spy|Zoroark-Hisui, M
|-end|p2a: Meet the Spy|Illusion
|move|p2a: Meet the Spy|Psychic|p1a: Iron Moth
|-supereffective|p1a: Iron Moth
|-damage|p1a: Iron Moth|0 fnt
|faint|p1a: Iron Moth
|-end|p1a: Iron Moth|Quark Drive|[silent]
|
|win|PachuMerin
|raw|EL-Lindo's rating: 1196 &rarr; <strong>1166</strong><br />(-30 for losing)
|raw|PachuMerin's rating: 1123 &rarr; <strong>1153</strong><br />(+30 for winning)
|l|☆EL-Lindo
|player|p1|
|l|☆PachuMerin
|player|p2|
