|j|☆wgfwagarg
|j|☆Mondeydoo
|t:|1760328925
|gametype|singles
|player|p1|wgfwagarg|170|1104
|player|p2|Mondeydoo|hoopster|1076
|gen|9
|tier|[Gen 9] OU
|rated|
|rule|HP Percentage Mod: HP is shown in percentages
|rule|Endless Battle Clause: Forcing endless battles is banned
|rule|Species Clause: Limit one of each Pokémon
|rule|OHKO Clause: OHKO moves are banned
|rule|Evasion Items Clause: Evasion items are banned
|rule|Evasion Moves Clause: Evasion moves are banned
|rule|Evasion Abilities Clause: Evasion abilities are banned
|rule|Sleep Moves Clause: Sleep-inducing moves are banned
|clearpoke
|poke|p1|Dragapult, F|
|poke|p1|Hatterene, F|
|poke|p1|Haxorus, F|
|poke|p1|Greninja-*, M|
|poke|p1|Ursaluna, M|
|poke|p1|Arcanine, M|
|poke|p2|Dragonite, F|
|poke|p2|Jirachi|
|poke|p2|Rhydon, F|
|poke|p2|Tornadus-Therian, M|
|poke|p2|Muk, F|
|poke|p2|Heatran, F|
|teampreview
|
|t:|1760328935
|teamsize|p1|6
|teamsize|p2|6
|start
|switch|p1a: Dragapult|Dragapult, F|100/100
|switch|p2a: Heatran|Heatran, F, shiny|100/100
|turn|1
|
|t:|1760328945
|switch|p1a: Hatterene|Hatterene, F|100/100
|move|p2a: Heatran|Magma Storm|p1a: Hatterene
|-damage|p1a: Hatterene|70/100
|-activate|p1a: Hatterene|move: Magma Storm|[of] p2a: Heatran
|
|-damage|p1a: Hatterene|58/100|[from] move: Magma Storm|[partiallytrapped]
|upkeep
|turn|2
|
|t:|1760328957
|move|p2a: Heatran|Will-O-Wisp|p1a: Hatterene
|move|p1a: Hatterene|Will-O-Wisp|p2a: Heatran|[from] ability: Magic Bounce
|-start|p2a: Heatran|ability: Flash Fire
|move|p1a: Hatterene|Psyshock|p2a: Heatran
|-resisted|p2a: Heatran
|-damage|p2a: Heatran|81/100
|
|-heal|p2a: Heatran|87/100|[from] item: Leftovers
|-damage|p1a: Hatterene|46/100|[from] move: Magma Storm|[partiallytrapped]
|upkeep
|turn|3
|
|t:|1760328970
|move|p2a: Heatran|Protect|p2a: Heatran
|-singleturn|p2a: Heatran|Protect
|move|p1a: Hatterene|Psyshock|p2a: Heatran
|-activate|p2a: Heatran|move: Protect
|
|-heal|p2a: Heatran|93/100|[from] item: Leftovers
|-damage|p1a: Hatterene|34/100|[from] move: Magma Storm|[partiallytrapped]
|upkeep
|turn|4
|
|t:|1760328980
|move|p2a: Heatran|Dig||[still]
|-prepare|p2a: Heatran|Dig
|move|p1a: Hatterene|Psyshock|p2a: Heatran|[miss]
|-miss|p1a: Hatterene|p2a: Heatran
|
|-heal|p2a: Heatran|99/100|[from] item: Leftovers
|-damage|p1a: Hatterene|21/100|[from] move: Magma Storm|[partiallytrapped]
|upkeep
|turn|5
|
|t:|1760328989
|move|p2a: Heatran|Dig|p1a: Hatterene|[from] lockedmove
|-damage|p1a: Hatterene|3/100
|move|p1a: Hatterene|Psyshock|p2a: Heatran
|-resisted|p2a: Heatran
|-damage|p2a: Heatran|80/100
|
|-heal|p2a: Heatran|86/100|[from] item: Leftovers
|-damage|p1a: Hatterene|0 fnt|[from] move: Magma Storm|[partiallytrapped]
|faint|p1a: Hatterene
|upkeep
|
|t:|1760328998
|switch|p1a: Haxorus|Haxorus, F|100/100
|-ability|p1a: Haxorus|Mold Breaker
|turn|6
|
|t:|1760329005
|-terastallize|p2a: Heatran|Flying
|move|p1a: Haxorus|Dragon Dance|p1a: Haxorus
|-boost|p1a: Haxorus|atk|1
|-boost|p1a: Haxorus|spe|1
|move|p2a: Heatran|Magma Storm|p1a: Haxorus
|-resisted|p1a: Haxorus
|-damage|p1a: Haxorus|52/100
|-activate|p1a: Haxorus|move: Magma Storm|[of] p2a: Heatran
|
|-heal|p2a: Heatran|92/100|[from] item: Leftovers
|-damage|p1a: Haxorus|40/100|[from] move: Magma Storm|[partiallytrapped]
|upkeep
|turn|7
|
|t:|1760329019
|move|p1a: Haxorus|Outrage|p2a: Heatran
|-damage|p2a: Heatran|0 fnt
|faint|p2a: Heatran
|
|-end|p1a: Haxorus|Magma Storm|[partiallytrapped]|[silent]
|upkeep
|
|t:|1760329028
|switch|p2a: Tornadus|Tornadus-Therian, M, shiny|100/100
|turn|8
|
|t:|1760329032
|move|p1a: Haxorus|Outrage|p2a: Tornadus|[from] lockedmove
|-damage|p2a: Tornadus|0 fnt
|faint|p2a: Tornadus
|-start|p1a: Haxorus|confusion|[fatigue]
|-enditem|p1a: Haxorus|Lum Berry|[eat]
|-end|p1a: Haxorus|confusion
|
|upkeep
|
|t:|1760329050
|switch|p2a: Rhydon|Rhydon, F, shiny|100/100
|turn|9
|inactive|Battle timer is ON: inactive players will automatically lose when time's up. (requested by Mondeydoo)
|
|t:|1760329067
|move|p1a: Haxorus|Earthquake|p2a: Rhydon
|-supereffective|p2a: Rhydon
|-damage|p2a: Rhydon|43/100
|move|p2a: Rhydon|Stone Edge|p1a: Haxorus
|-damage|p1a: Haxorus|0 fnt
|faint|p1a: Haxorus
|
|upkeep
|
|t:|1760329076
|switch|p1a: Greninja|Greninja, M|100/100
|turn|10
|
|t:|1760329083
|switch|p2a: Muk|Muk, F, shiny|100/100
|move|p1a: Greninja|Water Shuriken|p2a: Muk
|-start|p1a: Greninja|typechange|Water|[from] ability: Protean
|-damage|p2a: Muk|95/100
|-damage|p2a: Muk|90/100
|-hitcount|p2a: Muk|2
|
|-heal|p2a: Muk|96/100|[from] item: Black Sludge
|upkeep
|turn|11
|
|t:|1760329109
|switch|p1a: Ursaluna|Ursaluna, M|100/100
|move|p2a: Muk|Toxic|p1a: Ursaluna
|-status|p1a: Ursaluna|tox
|
|-heal|p2a: Muk|100/100|[from] item: Black Sludge
|-damage|p1a: Ursaluna|94/100 tox|[from] psn
|upkeep
|turn|12
|
|t:|1760329119
|move|p2a: Muk|Knock Off|p1a: Ursaluna
|-damage|p1a: Ursaluna|79/100 tox
|-enditem|p1a: Ursaluna|Flame Orb|[from] move: Knock Off|[of] p2a: Muk
|move|p1a: Ursaluna|Earthquake|p2a: Muk
|-supereffective|p2a: Muk
|-damage|p2a: Muk|0 fnt
|faint|p2a: Muk
|
|-damage|p1a: Ursaluna|66/100 tox|[from] psn
|upkeep
|
|t:|1760329136
|switch|p2a: Dragonite|Dragonite, F, shiny|100/100
|turn|13
|
|t:|1760329144
|move|p2a: Dragonite|Dragon Dance|p2a: Dragonite
|-boost|p2a: Dragonite|atk|1
|-boost|p2a: Dragonite|spe|1
|move|p1a: Ursaluna|Facade|p2a: Dragonite
|-damage|p2a: Dragonite|36/100
|
|-damage|p1a: Ursaluna|47/100 tox|[from] psn
|upkeep
|turn|14
|
|t:|1760329163
|move|p2a: Dragonite|Rest|p2a: Dragonite
|-status|p2a: Dragonite|slp|[from] move: Rest
|-heal|p2a: Dragonite|100/100 slp|[silent]
|-enditem|p2a: Dragonite|Chesto Berry|[eat]
|-curestatus|p2a: Dragonite|slp|[msg]
|move|p1a: Ursaluna|Facade|p2a: Dragonite
|-damage|p2a: Dragonite|28/100
|
|-damage|p1a: Ursaluna|22/100 tox|[from] psn
|upkeep
|turn|15
|inactive|wgfwagarg has 120 seconds left.
|
|t:|1760329195
|move|p2a: Dragonite|Dragon Claw|p1a: Ursaluna
|-damage|p1a: Ursaluna|0 fnt
|faint|p1a: Ursaluna
|
|upkeep
|
|t:|1760329200
|switch|p1a: Dragapult|Dragapult, F|100/100
|turn|16
|
|t:|1760329204
|move|p1a: Dragapult|Dragon Darts|p2a: Dragonite
|-supereffective|p2a: Dragonite
|-damage|p2a: Dragonite|0 fnt
|faint|p2a: Dragonite
|-damage|p1a: Dragapult|91/100|[from] item: Life Orb
|
|upkeep
|
|t:|1760329213
|switch|p2a: Rhydon|Rhydon, F, shiny|43/100
|turn|17
|
|t:|1760329217
|move|p1a: Dragapult|Shadow Ball|p2a: Rhydon
|-damage|p2a: Rhydon|15/100
|-damage|p1a: Dragapult|81/100|[from] item: Life Orb
|move|p2a: Rhydon|Rest|p2a: Rhydon
|-status|p2a: Rhydon|slp|[from] move: Rest
|-heal|p2a: Rhydon|100/100 slp|[silent]
|
|upkeep
|turn|18
|
|t:|1760329228
|switch|p1a: Greninja|Greninja, M|100/100
|cant|p2a: Rhydon|slp
|move|p2a: Rhydon|Sleep Talk|p2a: Rhydon
|move|p2a: Rhydon|Rest||[from] move: Sleep Talk|[still]
|-fail|p2a: Rhydon
|
|upkeep
|turn|19
|
|t:|1760329238
|switch|p2a: Jirachi|Jirachi, shiny|100/100
|move|p1a: Greninja|Water Shuriken|p2a: Jirachi
|-start|p1a: Greninja|typechange|Water|[from] ability: Protean
|-damage|p2a: Jirachi|93/100
|-damage|p2a: Jirachi|87/100
|-damage|p2a: Jirachi|79/100
|-damage|p2a: Jirachi|72/100
|-damage|p2a: Jirachi|65/100
|-hitcount|p2a: Jirachi|5
|
|upkeep
|turn|20
|
|t:|1760329250
|switch|p1a: Arcanine|Arcanine, M|100/100
|-ability|p1a: Arcanine|Intimidate|boost
|-unboost|p2a: Jirachi|atk|1
|move|p2a: Jirachi|Endure||[still]
|-fail|p2a: Jirachi
|
|upkeep
|turn|21
|
|t:|1760329258
|move|p2a: Jirachi|Rain Dance|p2a: Jirachi
|-weather|RainDance
|move|p1a: Arcanine|Flare Blitz|p2a: Jirachi
|-supereffective|p2a: Jirachi
|-damage|p2a: Jirachi|0 fnt
|faint|p2a: Jirachi
|-damage|p1a: Arcanine|81/100|[from] Recoil
|
|-weather|RainDance|[upkeep]
|upkeep
|
|t:|1760329267
|switch|p2a: Rhydon|Rhydon, F, shiny|100/100 slp
|turn|22
|
|t:|1760329271
|switch|p1a: Greninja|Greninja, M|100/100
|cant|p2a: Rhydon|slp
|move|p2a: Rhydon|Sleep Talk|p2a: Rhydon
|move|p2a: Rhydon|Rest||[from] move: Sleep Talk|[still]
|-fail|p2a: Rhydon
|
|-weather|RainDance|[upkeep]
|upkeep
|turn|23
|
|t:|1760329281
|-terastallize|p1a: Greninja|Water
|move|p1a: Greninja|Water Shuriken|p2a: Rhydon
|-supereffective|p2a: Rhydon
|-damage|p2a: Rhydon|64/100 slp
|-supereffective|p2a: Rhydon
|-damage|p2a: Rhydon|29/100 slp
|-supereffective|p2a: Rhydon
|-damage|p2a: Rhydon|0 fnt
|faint|p2a: Rhydon
|-hitcount|p2: Rhydon|3
|
|win|wgfwagarg
|raw|wgfwagarg's rating: 1104 &rarr; <strong>1125</strong><br />(+21 for winning)
|raw|Mondeydoo's rating: 1050 &rarr; <strong>1035</strong><br />(-15 for losing)
|l|☆wgfwagarg
|player|p1|
