|j|☆elite four jesus
|j|☆esta man oe
|t:|1760386334
|gametype|singles
|player|p1|elite four jesus|musician|1173
|player|p2|esta man oe|preschooler|1194
|gen|9
|tier|[Gen 9] OU
|rated|
|rule|HP Percentage Mod: HP is shown in percentages
|rule|Endless Battle Clause: Forcing endless battles is banned
|rule|Species Clause: Limit one of each Pokémon
|rule|OHKO Clause: OHKO moves are banned
|rule|Evasion Items Clause: Evasion items are banned
|rule|Evasion Moves Clause: Evasion moves are banned
|rule|Evasion Abilities Clause: Evasion abilities are banned
|rule|Sleep Moves Clause: Sleep-inducing moves are banned
|clearpoke
|poke|p1|Kyurem|
|poke|p1|Slowking-Galar, M|
|poke|p1|Ogerpon-Wellspring, F|
|poke|p1|Kingambit, F|
|poke|p1|Persian, M|
|poke|p1|Great Tusk|
|poke|p2|Torkoal, M|
|poke|p2|Pelipper, M|
|poke|p2|Raging Bolt|
|poke|p2|Walking Wake|
|poke|p2|Alomomola, M|
|poke|p2|Corviknight, M|
|teampreview
|inactive|Battle timer is ON: inactive players will automatically lose when time's up. (requested by esta man oe)
|
|t:|1760386344
|teamsize|p1|6
|teamsize|p2|6
|start
|switch|p1a: pokemon isnt dead|Persian, M, shiny|100/100
|switch|p2a: Raging Bolt|Raging Bolt|100/100
|turn|1
|
|t:|1760386350
|-end|p2a: Raging Bolt|Protosynthesis|[silent]
|switch|p2a: Corviknight|Corviknight, M|100/100
|move|p1a: pokemon isnt dead|Fake Out|p2a: Corviknight
|-resisted|p2a: Corviknight
|-damage|p2a: Corviknight|94/100
|-damage|p1a: pokemon isnt dead|84/100|[from] item: Rocky Helmet|[of] p2a: Corviknight
|
|upkeep
|turn|2
|
|t:|1760386358
|move|p1a: pokemon isnt dead|Knock Off|p2a: Corviknight
|-damage|p2a: Corviknight|80/100
|-damage|p1a: pokemon isnt dead|67/100|[from] item: Rocky Helmet|[of] p2a: Corviknight
|-enditem|p2a: Corviknight|Rocky Helmet|[from] move: Knock Off|[of] p1a: pokemon isnt dead
|move|p2a: Corviknight|U-turn|p1a: pokemon isnt dead
|-damage|p1a: pokemon isnt dead|41/100
|
|t:|1760386362
|switch|p2a: Torkoal|Torkoal, M|100/100|[from] U-turn
|-weather|SunnyDay|[from] ability: Drought|[of] p2a: Torkoal
|
|-weather|SunnyDay|[upkeep]
|upkeep
|turn|3
|
|t:|1760386369
|switch|p2a: Corviknight|Corviknight, M|80/100
|move|p1a: pokemon isnt dead|Knock Off|p2a: Corviknight
|-damage|p2a: Corviknight|71/100
|
|-weather|SunnyDay|[upkeep]
|upkeep
|turn|4
|
|t:|1760386379
|move|p1a: pokemon isnt dead|Tera Blast|p2a: Corviknight
|-resisted|p2a: Corviknight
|-damage|p2a: Corviknight|63/100
|move|p2a: Corviknight|U-turn|p1a: pokemon isnt dead
|-damage|p1a: pokemon isnt dead|15/100
|
|t:|1760386385
|switch|p2a: Alomomola|Alomomola, M|100/100|[from] U-turn
|
|-weather|SunnyDay|[upkeep]
|upkeep
|turn|5
|
|t:|1760386390
|switch|p2a: Corviknight|Corviknight, M|63/100
|move|p1a: pokemon isnt dead|Knock Off|p2a: Corviknight
|-damage|p2a: Corviknight|54/100
|
|-weather|SunnyDay|[upkeep]
|upkeep
|turn|6
|
|t:|1760386397
|-terastallize|p1a: pokemon isnt dead|Fire
|move|p1a: pokemon isnt dead|Tera Blast|p2a: Corviknight|[anim] Tera Blast Fire
|-supereffective|p2a: Corviknight
|-damage|p2a: Corviknight|7/100
|move|p2a: Corviknight|Roost|p2a: Corviknight
|-heal|p2a: Corviknight|57/100
|-singleturn|p2a: Corviknight|move: Roost
|
|-weather|SunnyDay|[upkeep]
|upkeep
|turn|7
|
|t:|1760386422
|switch|p2a: Alomomola|Alomomola, M|100/100
|move|p1a: pokemon isnt dead|Tera Blast|p2a: Alomomola|[anim] Tera Blast Fire
|-resisted|p2a: Alomomola
|-damage|p2a: Alomomola|85/100
|
|-weather|SunnyDay|[upkeep]
|upkeep
|turn|8
|
|t:|1760386429
|move|p1a: pokemon isnt dead|Knock Off|p2a: Alomomola
|-damage|p2a: Alomomola|67/100
|-enditem|p2a: Alomomola|Heavy-Duty Boots|[from] move: Knock Off|[of] p1a: pokemon isnt dead
|move|p2a: Alomomola|Flip Turn|p1a: pokemon isnt dead
|-supereffective|p1a: pokemon isnt dead
|-damage|p1a: pokemon isnt dead|0 fnt
|faint|p1a: pokemon isnt dead
|
|t:|1760386434
|switch|p2a: Walking Wake|Walking Wake|100/100|[from] Flip Turn
|-activate|p2a: Walking Wake|ability: Protosynthesis
|-start|p2a: Walking Wake|protosynthesisspa
|
|-weather|SunnyDay|[upkeep]
|upkeep
|
|t:|1760386446
|switch|p1a: POKEMON IS D3AD|Slowking-Galar, M|100/100
|turn|9
|
|t:|1760386450
|-terastallize|p2a: Walking Wake|Water
|move|p2a: Walking Wake|Hydro Steam|p1a: POKEMON IS D3AD
|-damage|p1a: POKEMON IS D3AD|0 fnt
|faint|p1a: POKEMON IS D3AD
|
|-weather|none
|-end|p2a: Walking Wake|Protosynthesis
|upkeep
|
|t:|1760386466
|switch|p1a: PHO-KEMON IS DEAD|Kyurem, shiny|100/100
|-ability|p1a: PHO-KEMON IS DEAD|Pressure
|turn|10
|
|t:|1760386473
|-end|p2a: Walking Wake|Protosynthesis|[silent]
|switch|p2a: Corviknight|Corviknight, M|57/100
|move|p1a: PHO-KEMON IS DEAD|Freeze-Dry|p2a: Corviknight
|-damage|p2a: Corviknight|20/100
|
|upkeep
|turn|11
|
|t:|1760386480
|switch|p2a: Torkoal|Torkoal, M|100/100
|-weather|SunnyDay|[from] ability: Drought|[of] p2a: Torkoal
|move|p1a: PHO-KEMON IS DEAD|Substitute|p1a: PHO-KEMON IS DEAD
|-start|p1a: PHO-KEMON IS DEAD|Substitute
|-damage|p1a: PHO-KEMON IS DEAD|76/100
|
|-weather|SunnyDay|[upkeep]
|upkeep
|turn|12
|
|t:|1760386487
|move|p1a: PHO-KEMON IS DEAD|Earth Power|p2a: Torkoal
|-supereffective|p2a: Torkoal
|-damage|p2a: Torkoal|10/100
|move|p2a: Torkoal|Lava Plume|p1a: PHO-KEMON IS DEAD
|-end|p1a: PHO-KEMON IS DEAD|Substitute
|
|-weather|SunnyDay|[upkeep]
|upkeep
|turn|13
|
|t:|1760386494
|move|p1a: PHO-KEMON IS DEAD|Earth Power|p2a: Torkoal
|-supereffective|p2a: Torkoal
|-damage|p2a: Torkoal|0 fnt
|faint|p2a: Torkoal
|
|-weather|SunnyDay|[upkeep]
|upkeep
|
|t:|1760386499
|switch|p2a: Raging Bolt|Raging Bolt|100/100
|-activate|p2a: Raging Bolt|ability: Protosynthesis
|-start|p2a: Raging Bolt|protosynthesisspa
|turn|14
|
|t:|1760386506
|move|p2a: Raging Bolt|Draco Meteor|p1a: PHO-KEMON IS DEAD
|-supereffective|p1a: PHO-KEMON IS DEAD
|-damage|p1a: PHO-KEMON IS DEAD|0 fnt
|-unboost|p2a: Raging Bolt|spa|2
|faint|p1a: PHO-KEMON IS DEAD
|
|-weather|SunnyDay|[upkeep]
|upkeep
|
|t:|1760386515
|switch|p1a: pokemon is /bye|Great Tusk|100/100
|-activate|p1a: pokemon is /bye|ability: Protosynthesis
|-start|p1a: pokemon is /bye|protosynthesisdef
|turn|15
|
|t:|1760386537
|-end|p2a: Raging Bolt|Protosynthesis|[silent]
|switch|p2a: Corviknight|Corviknight, M|20/100
|move|p1a: pokemon is /bye|Body Press|p2a: Corviknight
|-crit|p2a: Corviknight
|-damage|p2a: Corviknight|0 fnt
|faint|p2a: Corviknight
|
|-weather|SunnyDay|[upkeep]
|upkeep
|
|t:|1760386538
|switch|p2a: Walking Wake|Walking Wake, tera:Water|100/100
|-activate|p2a: Walking Wake|ability: Protosynthesis
|-start|p2a: Walking Wake|protosynthesisspa
|turn|16
|
|t:|1760386549
|-end|p1a: pokemon is /bye|Protosynthesis|[silent]
|switch|p1a: POKEMON IS DEAD|Ogerpon-Wellspring, F|100/100
|move|p2a: Walking Wake|Draco Meteor|p1a: POKEMON IS DEAD
|-damage|p1a: POKEMON IS DEAD|0 fnt
|-unboost|p2a: Walking Wake|spa|2
|faint|p1a: POKEMON IS DEAD
|
|-weather|SunnyDay|[upkeep]
|upkeep
|
|t:|1760386558
|switch|p1a: pokemon is /bye|Great Tusk|100/100
|-activate|p1a: pokemon is /bye|ability: Protosynthesis
|-start|p1a: pokemon is /bye|protosynthesisdef
|turn|17
|
|t:|1760386563
|move|p2a: Walking Wake|Draco Meteor|p1a: pokemon is /bye
|-damage|p1a: pokemon is /bye|15/100
|-unboost|p2a: Walking Wake|spa|2
|move|p1a: pokemon is /bye|Stealth Rock|p2a: Walking Wake
|-sidestart|p2: esta man oe|move: Stealth Rock
|
|-weather|SunnyDay|[upkeep]
|-heal|p1a: pokemon is /bye|21/100|[from] item: Leftovers
|upkeep
|turn|18
|
|t:|1760386578
|move|p2a: Walking Wake|Draco Meteor|p1a: pokemon is /bye
|-damage|p1a: pokemon is /bye|0 fnt
|-unboost|p2a: Walking Wake|spa|2
|faint|p1a: pokemon is /bye
|-end|p1a: pokemon is /bye|Protosynthesis|[silent]
|
|-weather|none
|-end|p2a: Walking Wake|Protosynthesis
|upkeep
|
|t:|1760386584
|switch|p1a: okemon is dead|Kingambit, F|100/100
|-activate|p1a: okemon is dead|ability: Supreme Overlord
|-start|p1a: okemon is dead|fallen5|[silent]
|turn|19
|
|t:|1760386588
|-end|p2a: Walking Wake|Protosynthesis|[silent]
|switch|p2a: Alomomola|Alomomola, M|99/100
|-damage|p2a: Alomomola|88/100|[from] Stealth Rock
|move|p1a: okemon is dead|Swords Dance|p1a: okemon is dead
|-boost|p1a: okemon is dead|atk|2
|
|upkeep
|turn|20
|
|t:|1760386596
|move|p1a: okemon is dead|Kowtow Cleave|p2a: Alomomola
|-damage|p2a: Alomomola|0 fnt
|faint|p2a: Alomomola
|
|upkeep
|
|t:|1760386605
|switch|p2a: Raging Bolt|Raging Bolt|100/100
|-damage|p2a: Raging Bolt|88/100|[from] Stealth Rock
|turn|21
|
|t:|1760386610
|move|p2a: Raging Bolt|Thunderclap|p1a: okemon is dead
|-damage|p1a: okemon is dead|65/100
|move|p1a: okemon is dead|Sucker Punch||[still]
|-fail|p1a: okemon is dead
|
|-heal|p1a: okemon is dead|72/100|[from] item: Leftovers
|upkeep
|turn|22
|
|t:|1760386623
|-end|p2a: Raging Bolt|Protosynthesis|[silent]
|switch|p2a: Walking Wake|Walking Wake, tera:Water|100/100
|-damage|p2a: Walking Wake|88/100|[from] Stealth Rock
|move|p1a: okemon is dead|Sucker Punch||[still]
|-fail|p1a: okemon is dead
|
|-heal|p1a: okemon is dead|78/100|[from] item: Leftovers
|upkeep
|turn|23
|
|t:|1760386634
|-end|p2a: Walking Wake|Protosynthesis|[silent]
|switch|p2a: Raging Bolt|Raging Bolt|88/100
|-damage|p2a: Raging Bolt|75/100|[from] Stealth Rock
|move|p1a: okemon is dead|Sucker Punch||[still]
|-fail|p1a: okemon is dead
|
|-heal|p1a: okemon is dead|84/100|[from] item: Leftovers
|upkeep
|turn|24
|
|t:|1760386641
|move|p2a: Raging Bolt|Thunderclap|p1a: okemon is dead
|-damage|p1a: okemon is dead|46/100
|move|p1a: okemon is dead|Kowtow Cleave|p2a: Raging Bolt
|-damage|p2a: Raging Bolt|0 fnt
|faint|p2a: Raging Bolt
|-end|p2a: Raging Bolt|Protosynthesis|[silent]
|
|-heal|p1a: okemon is dead|52/100|[from] item: Leftovers
|upkeep
|
|t:|1760386647
|switch|p2a: Walking Wake|Walking Wake, tera:Water|88/100
|-damage|p2a: Walking Wake|76/100|[from] Stealth Rock
|turn|25
|
|t:|1760386652
|move|p1a: okemon is dead|Sucker Punch|p2a: Walking Wake
|-damage|p2a: Walking Wake|0 fnt
|faint|p2a: Walking Wake
|-end|p2a: Walking Wake|Protosynthesis|[silent]
|
|-heal|p1a: okemon is dead|58/100|[from] item: Leftovers
|upkeep
|-message|esta man oe forfeited.
|
|win|elite four jesus
|raw|elite four jesus's rating: 1173 &rarr; <strong>1200</strong><br />(+27 for winning)
|raw|esta man oe's rating: 1194 &rarr; <strong>1167</strong><br />(-27 for losing)
|l|☆esta man oe
|player|p2|
|l|☆elite four jesus
|player|p1|
