|j|☆drop a baby
|j|☆TheyStoleMyLogs
|t:|1760391194
|gametype|singles
|player|p1|drop a baby|chase|1661
|player|p2|TheyStoleMyLogs|lance|1680
|gen|9
|tier|[Gen 9] OU
|rated|
|rule|HP Percentage Mod: HP is shown in percentages
|rule|Endless Battle Clause: Forcing endless battles is banned
|rule|Species Clause: Limit one of each Pokémon
|rule|OHKO Clause: OHKO moves are banned
|rule|Evasion Items Clause: Evasion items are banned
|rule|Evasion Moves Clause: Evasion moves are banned
|rule|Evasion Abilities Clause: Evasion abilities are banned
|rule|Sleep Moves Clause: Sleep-inducing moves are banned
|clearpoke
|poke|p1|Cinderace, F|
|poke|p1|Landorus-Therian, M|
|poke|p1|Hatterene, F|
|poke|p1|Darkrai|
|poke|p1|Kyurem|
|poke|p1|Iron Valiant|
|poke|p2|Houndstone, M|
|poke|p2|Ting-Lu|
|poke|p2|Scizor, M|
|poke|p2|Arcanine-Hisui, F|
|poke|p2|Zapdos|
|poke|p2|Ogerpon-Wellspring, F|
|teampreview
|inactive|Battle timer is ON: inactive players will automatically lose when time's up. (requested by drop a baby)
|
|t:|1760391210
|teamsize|p1|6
|teamsize|p2|6
|start
|switch|p1a: Cinderace|Cinderace, F|100/100
|switch|p2a: Zapdos|Zapdos|100/100
|turn|1
|
|t:|1760391214
|move|p1a: Cinderace|Swords Dance|p1a: Cinderace
|-boost|p1a: Cinderace|atk|2
|move|p2a: Zapdos|Hurricane|p1a: Cinderace
|-enditem|p1a: Cinderace|Focus Sash
|-damage|p1a: Cinderace|1/100
|
|upkeep
|turn|2
|
|t:|1760391231
|switch|p2a: Arcanine|Arcanine-Hisui, F|100/100
|move|p1a: Cinderace|Pyro Ball|p2a: Arcanine
|-resisted|p2a: Arcanine
|-damage|p2a: Arcanine|51/100
|
|upkeep
|turn|3
|
|t:|1760391237
|move|p2a: Arcanine|Extreme Speed|p1a: Cinderace
|-damage|p1a: Cinderace|0 fnt
|faint|p1a: Cinderace
|
|upkeep
|
|t:|1760391239
|switch|p1a: Darkrai|Darkrai|100/100
|turn|4
|
|t:|1760391243
|switch|p2a: Ting-Lu|Ting-Lu|100/100
|-ability|p2a: Ting-Lu|Vessel of Ruin
|move|p1a: Darkrai|Nasty Plot|p1a: Darkrai
|-boost|p1a: Darkrai|spa|2
|
|upkeep
|turn|5
|
|t:|1760391247
|move|p1a: Darkrai|Focus Blast|p2a: Ting-Lu|[miss]
|-miss|p1a: Darkrai|p2a: Ting-Lu
|move|p2a: Ting-Lu|Earthquake|p1a: Darkrai
|-damage|p1a: Darkrai|48/100
|
|upkeep
|turn|6
|
|t:|1760391250
|move|p1a: Darkrai|Focus Blast|p2a: Ting-Lu|[miss]
|-miss|p1a: Darkrai|p2a: Ting-Lu
|move|p2a: Ting-Lu|Earthquake|p1a: Darkrai
|-damage|p1a: Darkrai|3/100
|
|upkeep
|turn|7
|
|t:|1760391253
|move|p1a: Darkrai|Focus Blast|p2a: Ting-Lu|[miss]
|-miss|p1a: Darkrai|p2a: Ting-Lu
|move|p2a: Ting-Lu|Payback|p1a: Darkrai
|-resisted|p1a: Darkrai
|-damage|p1a: Darkrai|0 fnt
|faint|p1a: Darkrai
|
|upkeep
|
|t:|1760391256
|switch|p1a: Kyurem|Kyurem|100/100
|-ability|p1a: Kyurem|Pressure
|turn|8
|
|t:|1760391261
|move|p1a: Kyurem|Icicle Spear|p2a: Ting-Lu
|-supereffective|p2a: Ting-Lu
|-damage|p2a: Ting-Lu|85/100
|-supereffective|p2a: Ting-Lu
|-damage|p2a: Ting-Lu|71/100
|-supereffective|p2a: Ting-Lu
|-damage|p2a: Ting-Lu|56/100
|-supereffective|p2a: Ting-Lu
|-damage|p2a: Ting-Lu|41/100
|-supereffective|p2a: Ting-Lu
|-damage|p2a: Ting-Lu|26/100
|-hitcount|p2a: Ting-Lu|5
|move|p2a: Ting-Lu|Earthquake|p1a: Kyurem
|-damage|p1a: Kyurem|66/100
|
|-heal|p2a: Ting-Lu|32/100|[from] item: Leftovers
|upkeep
|turn|9
|
|t:|1760391268
|move|p1a: Kyurem|Icicle Spear|p2a: Ting-Lu
|-supereffective|p2a: Ting-Lu
|-damage|p2a: Ting-Lu|16/100
|-supereffective|p2a: Ting-Lu
|-damage|p2a: Ting-Lu|2/100
|-supereffective|p2a: Ting-Lu
|-damage|p2a: Ting-Lu|0 fnt
|faint|p2a: Ting-Lu
|-hitcount|p2: Ting-Lu|3
|
|upkeep
|
|t:|1760391270
|switch|p2a: Scizor|Scizor, M|100/100
|turn|10
|
|t:|1760391279
|switch|p1a: Landorus|Landorus-Therian, M|100/100
|-ability|p1a: Landorus|Intimidate|boost
|-unboost|p2a: Scizor|atk|1
|move|p2a: Scizor|Bullet Punch|p1a: Landorus
|-damage|p1a: Landorus|77/100
|-damage|p2a: Scizor|84/100|[from] item: Rocky Helmet|[of] p1a: Landorus
|
|upkeep
|turn|11
|
|t:|1760391290
|switch|p2a: what's skill|Ogerpon-Wellspring, F|100/100
|move|p1a: Landorus|Stealth Rock|p2a: what's skill
|-sidestart|p2: TheyStoleMyLogs|move: Stealth Rock
|
|upkeep
|turn|12
|
|t:|1760391296
|switch|p1a: Iron Valiant|Iron Valiant|100/100
|-enditem|p1a: Iron Valiant|Booster Energy
|-activate|p1a: Iron Valiant|ability: Quark Drive|[fromitem]
|-start|p1a: Iron Valiant|quarkdrivespe
|move|p2a: what's skill|Ivy Cudgel|p1a: Iron Valiant|[anim] Ivy Cudgel Water
|-damage|p1a: Iron Valiant|29/100
|
|upkeep
|turn|13
|
|t:|1760391300
|move|p1a: Iron Valiant|Destiny Bond|p1a: Iron Valiant
|-singlemove|p1a: Iron Valiant|Destiny Bond
|move|p2a: what's skill|Ivy Cudgel|p1a: Iron Valiant|[anim] Ivy Cudgel Water
|-crit|p1a: Iron Valiant
|-damage|p1a: Iron Valiant|0 fnt
|faint|p1a: Iron Valiant
|-activate|p1a: Iron Valiant|move: Destiny Bond
|-end|p1a: Iron Valiant|Quark Drive|[silent]
|faint|p2a: what's skill
|
|upkeep
|
|t:|1760391312
|switch|p1a: Hatterene|Hatterene, F|100/100
|switch|p2a: Houndstone|Houndstone, M|100/100
|-damage|p2a: Houndstone|88/100|[from] Stealth Rock
|turn|14
|
|t:|1760391315
|move|p2a: Houndstone|Night Shade|p1a: Hatterene
|-damage|p1a: Hatterene|69/100
|move|p1a: Hatterene|Psychic Noise|p2a: Houndstone
|-damage|p2a: Houndstone|54/100
|-start|p2a: Houndstone|move: Heal Block
|
|upkeep
|turn|15
|
|t:|1760391327
|move|p2a: Houndstone|Night Shade|p1a: Hatterene
|-damage|p1a: Hatterene|37/100
|move|p1a: Hatterene|Healing Wish|p1a: Hatterene
|faint|p1a: Hatterene
|
|-end|p2a: Houndstone|move: Heal Block
|upkeep
|
|t:|1760391331
|switch|p1a: Kyurem|Kyurem|66/100
|-heal|p1a: Kyurem|100/100|[from] move: Healing Wish
|-ability|p1a: Kyurem|Pressure
|turn|16
|
|t:|1760391335
|move|p1a: Kyurem|Dragon Dance|p1a: Kyurem
|-boost|p1a: Kyurem|atk|1
|-boost|p1a: Kyurem|spe|1
|move|p2a: Houndstone|Charm|p1a: Kyurem
|-unboost|p1a: Kyurem|atk|2
|
|-heal|p2a: Houndstone|60/100|[from] item: Leftovers
|upkeep
|turn|17
|
|t:|1760391340
|move|p1a: Kyurem|Substitute|p1a: Kyurem
|-start|p1a: Kyurem|Substitute
|-damage|p1a: Kyurem|76/100
|move|p2a: Houndstone|Charm||[still]
|-fail|p2a: Houndstone
|
|-heal|p2a: Houndstone|66/100|[from] item: Leftovers
|upkeep
|turn|18
|
|t:|1760391342
|move|p1a: Kyurem|Dragon Dance|p1a: Kyurem
|-boost|p1a: Kyurem|atk|1
|-boost|p1a: Kyurem|spe|1
|move|p2a: Houndstone|Body Press|p1a: Kyurem
|-supereffective|p1a: Kyurem
|-end|p1a: Kyurem|Substitute
|
|-heal|p2a: Houndstone|72/100|[from] item: Leftovers
|upkeep
|turn|19
|
|t:|1760391353
|move|p1a: Kyurem|Dragon Dance|p1a: Kyurem
|-boost|p1a: Kyurem|atk|1
|-boost|p1a: Kyurem|spe|1
|move|p2a: Houndstone|Night Shade|p1a: Kyurem
|-damage|p1a: Kyurem|51/100
|
|-heal|p2a: Houndstone|78/100|[from] item: Leftovers
|upkeep
|turn|20
|
|t:|1760391361
|move|p1a: Kyurem|Substitute|p1a: Kyurem
|-start|p1a: Kyurem|Substitute
|-damage|p1a: Kyurem|26/100
|move|p2a: Houndstone|Body Press|p1a: Kyurem
|-supereffective|p1a: Kyurem
|-crit|p1a: Kyurem
|-end|p1a: Kyurem|Substitute
|
|-heal|p2a: Houndstone|84/100|[from] item: Leftovers
|upkeep
|turn|21
|
|t:|1760391372
|move|p1a: Kyurem|Icicle Spear|p2a: Houndstone
|-damage|p2a: Houndstone|68/100
|-damage|p2a: Houndstone|53/100
|-damage|p2a: Houndstone|38/100
|-damage|p2a: Houndstone|23/100
|-damage|p2a: Houndstone|9/100
|-hitcount|p2a: Houndstone|5
|move|p2a: Houndstone|Body Press|p1a: Kyurem
|-supereffective|p1a: Kyurem
|-damage|p1a: Kyurem|0 fnt
|faint|p1a: Kyurem
|
|-heal|p2a: Houndstone|15/100|[from] item: Leftovers
|upkeep
|-message|drop a baby forfeited.
|
|win|TheyStoleMyLogs
|raw|drop a baby's rating: 1661 &rarr; <strong>1642</strong><br />(-19 for losing)
|raw|TheyStoleMyLogs's rating: 1680 &rarr; <strong>1699</strong><br />(+19 for winning)
|l|☆TheyStoleMyLogs
|player|p2|
