|j|☆bsp1
|j|☆Lolfrog123
|t:|1760332549
|gametype|singles
|player|p1|bsp1|170|1562
|player|p2|Lolfrog123|101|1553
|gen|9
|tier|[Gen 9] OU
|rated|
|rule|HP Percentage Mod: HP is shown in percentages
|rule|Endless Battle Clause: Forcing endless battles is banned
|rule|Species Clause: Limit one of each Pokémon
|rule|OHKO Clause: OHKO moves are banned
|rule|Evasion Items Clause: Evasion items are banned
|rule|Evasion Moves Clause: Evasion moves are banned
|rule|Evasion Abilities Clause: Evasion abilities are banned
|rule|Sleep Moves Clause: Sleep-inducing moves are banned
|clearpoke
|poke|p1|Haxorus, F|
|poke|p1|Ninetales-Alola, M|
|poke|p1|Dragonite, F|
|poke|p1|Great Tusk|
|poke|p1|Iron Moth|
|poke|p1|Scizor, F|
|poke|p2|Great Tusk|
|poke|p2|Heatran, M|
|poke|p2|Weavile, M|
|poke|p2|Ogerpon, F|
|poke|p2|Pecharunt|
|poke|p2|Primarina, M|
|teampreview
|inactive|Battle timer is ON: inactive players will automatically lose when time's up. (requested by Lolfrog123)
|
|t:|1760332560
|teamsize|p1|6
|teamsize|p2|6
|start
|switch|p1a: Ninetales|Ninetales-Alola, M|100/100
|switch|p2a: Chaos|Heatran, M, shiny|100/100
|-weather|Snowscape|[from] ability: Snow Warning|[of] p1a: Ninetales
|-item|p2a: Chaos|Air Balloon
|turn|1
|
|t:|1760332572
|switch|p1a: Haxorus|Haxorus, F|100/100
|-ability|p1a: Haxorus|Mold Breaker
|move|p2a: Chaos|Stealth Rock|p1a: Haxorus
|-sidestart|p1: bsp1|move: Stealth Rock
|
|-weather|Snowscape|[upkeep]
|upkeep
|turn|2
|
|t:|1760332579
|switch|p2a: Overseer|Pecharunt|100/100
|move|p1a: Haxorus|Scale Shot|p2a: Overseer
|-damage|p2a: Overseer|94/100
|-damage|p2a: Overseer|87/100
|-damage|p2a: Overseer|79/100
|-damage|p2a: Overseer|72/100
|-hitcount|p2a: Overseer|4
|-unboost|p1a: Haxorus|def|1
|-boost|p1a: Haxorus|spe|1
|
|-weather|Snowscape|[upkeep]
|upkeep
|turn|3
|
|t:|1760332593
|move|p1a: Haxorus|Earthquake|p2a: Overseer
|-supereffective|p2a: Overseer
|-damage|p2a: Overseer|39/100
|move|p2a: Overseer|Malignant Chain|p1a: Haxorus
|-damage|p1a: Haxorus|53/100
|-status|p1a: Haxorus|tox
|-start|p1a: Haxorus|confusion|[from] ability: Poison Puppeteer|[of] p2a: Overseer
|
|-weather|Snowscape|[upkeep]
|-damage|p1a: Haxorus|47/100 tox|[from] psn
|upkeep
|turn|4
|
|t:|1760332607
|switch|p1a: Scizor|Scizor, F|100/100
|-damage|p1a: Scizor|88/100|[from] Stealth Rock
|move|p2a: Overseer|Recover|p2a: Overseer
|-heal|p2a: Overseer|89/100
|
|-weather|Snowscape|[upkeep]
|upkeep
|turn|5
|
|t:|1760332613
|move|p1a: Scizor|Knock Off|p2a: Overseer
|-supereffective|p2a: Overseer
|-damage|p2a: Overseer|52/100
|-damage|p1a: Scizor|72/100|[from] item: Rocky Helmet|[of] p2a: Overseer
|-enditem|p2a: Overseer|Rocky Helmet|[from] move: Knock Off|[of] p1a: Scizor
|move|p2a: Overseer|Parting Shot|p1a: Scizor
|-unboost|p1a: Scizor|atk|1
|-unboost|p1a: Scizor|spa|1
|
|t:|1760332630
|switch|p2a: Bandit|Weavile, M|100/100|[from] Parting Shot
|-ability|p2a: Bandit|Pressure
|
|-weather|none
|upkeep
|turn|6
|
|t:|1760332638
|move|p1a: Scizor|Bullet Punch|p2a: Bandit
|-supereffective|p2a: Bandit
|-damage|p2a: Bandit|11/100
|move|p2a: Bandit|Knock Off|p1a: Scizor
|-damage|p1a: Scizor|0 fnt
|-enditem|p1a: Scizor|Metal Coat|[from] move: Knock Off|[of] p2a: Bandit
|faint|p1a: Scizor
|
|upkeep
|
|t:|1760332645
|switch|p1a: Ninetales|Ninetales-Alola, M|100/100
|-damage|p1a: Ninetales|76/100|[from] Stealth Rock
|-weather|Snowscape|[from] ability: Snow Warning|[of] p1a: Ninetales
|turn|7
|
|t:|1760332651
|move|p2a: Bandit|Knock Off|p1a: Ninetales
|-resisted|p1a: Ninetales
|-damage|p1a: Ninetales|48/100
|-enditem|p1a: Ninetales|Light Clay|[from] move: Knock Off|[of] p2a: Bandit
|move|p1a: Ninetales|Aurora Veil|p1a: Ninetales
|-sidestart|p1: bsp1|move: Aurora Veil
|
|-weather|Snowscape|[upkeep]
|upkeep
|turn|8
|
|t:|1760332660
|switch|p2a: Overseer|Pecharunt|52/100
|move|p1a: Ninetales|Moonblast|p2a: Overseer
|-resisted|p2a: Overseer
|-damage|p2a: Overseer|39/100
|
|-weather|Snowscape|[upkeep]
|upkeep
|turn|9
|
|t:|1760332666
|switch|p1a: Great Tusk|Great Tusk|100/100
|-damage|p1a: Great Tusk|97/100|[from] Stealth Rock
|-enditem|p1a: Great Tusk|Booster Energy
|-activate|p1a: Great Tusk|ability: Protosynthesis|[fromitem]
|-start|p1a: Great Tusk|protosynthesisspe
|move|p2a: Overseer|Recover|p2a: Overseer
|-heal|p2a: Overseer|89/100
|
|-weather|Snowscape|[upkeep]
|upkeep
|turn|10
|
|t:|1760332675
|move|p1a: Great Tusk|Stealth Rock|p2a: Overseer
|-sidestart|p2: Lolfrog123|move: Stealth Rock
|move|p2a: Overseer|Parting Shot|p1a: Great Tusk
|-unboost|p1a: Great Tusk|atk|1
|-unboost|p1a: Great Tusk|spa|1
|
|t:|1760332703
|switch|p2a: Celestine|Primarina, M, shiny|100/100|[from] Parting Shot
|-damage|p2a: Celestine|88/100|[from] Stealth Rock
|
|-weather|Snowscape|[upkeep]
|upkeep
|turn|11
|
|t:|1760332715
|move|p1a: Great Tusk|Headlong Rush|p2a: Celestine
|-damage|p2a: Celestine|48/100
|-unboost|p1a: Great Tusk|def|1
|-unboost|p1a: Great Tusk|spd|1
|move|p2a: Celestine|Moonblast|p1a: Great Tusk
|-supereffective|p1a: Great Tusk
|-damage|p1a: Great Tusk|0 fnt
|faint|p1a: Great Tusk
|-end|p1a: Great Tusk|Protosynthesis|[silent]
|
|-weather|none
|-sideend|p1: bsp1|move: Aurora Veil
|upkeep
|
|t:|1760332730
|switch|p1a: Ninetales|Ninetales-Alola, M|48/100
|-damage|p1a: Ninetales|23/100|[from] Stealth Rock
|-weather|Snowscape|[from] ability: Snow Warning|[of] p1a: Ninetales
|turn|12
|
|t:|1760332736
|move|p1a: Ninetales|Aurora Veil|p1a: Ninetales
|-sidestart|p1: bsp1|move: Aurora Veil
|move|p2a: Celestine|Moonblast|p1a: Ninetales
|-damage|p1a: Ninetales|0 fnt
|faint|p1a: Ninetales
|
|-weather|Snowscape|[upkeep]
|upkeep
|
|t:|1760332747
|switch|p1a: Haxorus|Haxorus, F|47/100 tox
|-damage|p1a: Haxorus|35/100 tox|[from] Stealth Rock
|-ability|p1a: Haxorus|Mold Breaker
|turn|13
|
|t:|1760332766
|move|p1a: Haxorus|Earthquake|p2a: Celestine
|-damage|p2a: Celestine|2/100
|move|p2a: Celestine|Moonblast|p1a: Haxorus
|-supereffective|p1a: Haxorus
|-damage|p1a: Haxorus|0 fnt
|faint|p1a: Haxorus
|
|-weather|Snowscape|[upkeep]
|upkeep
|
|t:|1760332775
|switch|p1a: Iron Moth|Iron Moth|100/100
|-damage|p1a: Iron Moth|76/100|[from] Stealth Rock
|-enditem|p1a: Iron Moth|Booster Energy
|-activate|p1a: Iron Moth|ability: Quark Drive|[fromitem]
|-start|p1a: Iron Moth|quarkdrivespe
|turn|14
|
|t:|1760332778
|move|p1a: Iron Moth|Energy Ball|p2a: Celestine
|-supereffective|p2a: Celestine
|-crit|p2a: Celestine
|-damage|p2a: Celestine|0 fnt
|faint|p2a: Celestine
|
|-weather|Snowscape|[upkeep]
|upkeep
|
|t:|1760332795
|switch|p2a: Chaos|Heatran, M, shiny|100/100
|-damage|p2a: Chaos|88/100|[from] Stealth Rock
|-item|p2a: Chaos|Air Balloon
|turn|15
|
|t:|1760332802
|move|p1a: Iron Moth|Fiery Dance|p2a: Chaos
|-start|p2a: Chaos|ability: Flash Fire
|move|p2a: Chaos|Earth Power|p1a: Iron Moth
|-supereffective|p1a: Iron Moth
|-damage|p1a: Iron Moth|8/100
|
|-weather|Snowscape|[upkeep]
|upkeep
|turn|16
|
|t:|1760332805
|move|p1a: Iron Moth|Energy Ball|p2a: Chaos
|-resisted|p2a: Chaos
|-damage|p2a: Chaos|81/100
|-unboost|p2a: Chaos|spd|1
|-enditem|p2a: Chaos|Air Balloon
|move|p2a: Chaos|Earth Power|p1a: Iron Moth
|-supereffective|p1a: Iron Moth
|-damage|p1a: Iron Moth|0 fnt
|faint|p1a: Iron Moth
|-end|p1a: Iron Moth|Quark Drive|[silent]
|
|-weather|none
|-sideend|p1: bsp1|move: Aurora Veil
|upkeep
|
|t:|1760332808
|switch|p1a: Dragonite|Dragonite, F|100/100
|turn|17
|
|t:|1760332815
|move|p2a: Chaos|Taunt|p1a: Dragonite
|-start|p1a: Dragonite|move: Taunt
|cant|p1a: Dragonite|move: Taunt|Dragon Dance
|
|upkeep
|turn|18
|
|t:|1760332818
|move|p2a: Chaos|Magma Storm|p1a: Dragonite
|-resisted|p1a: Dragonite
|-damage|p1a: Dragonite|79/100
|-activate|p1a: Dragonite|move: Magma Storm|[of] p2a: Chaos
|move|p1a: Dragonite|Earthquake|p2a: Chaos
|-supereffective|p2a: Chaos
|-damage|p2a: Chaos|0 fnt
|faint|p2a: Chaos
|
|-end|p1a: Dragonite|Magma Storm|[partiallytrapped]|[silent]
|upkeep
|
|t:|1760332827
|switch|p2a: Behemoth|Great Tusk, shiny|100/100
|turn|19
|
|t:|1760332832
|-terastallize|p1a: Dragonite|Normal
|move|p1a: Dragonite|Extreme Speed|p2a: Behemoth
|-damage|p2a: Behemoth|69/100
|move|p2a: Behemoth|Rapid Spin|p1a: Dragonite
|-damage|p1a: Dragonite|60/100
|-boost|p2a: Behemoth|spe|1
|-sideend|p2: Lolfrog123|Stealth Rock|[from] move: Rapid Spin|[of] p2a: Behemoth
|
|-end|p1a: Dragonite|move: Taunt
|upkeep
|turn|20
|
|t:|1760332839
|move|p2a: Behemoth|Close Combat|p1a: Dragonite
|-supereffective|p1a: Dragonite
|-damage|p1a: Dragonite|0 fnt
|-unboost|p2a: Behemoth|def|1
|-unboost|p2a: Behemoth|spd|1
|faint|p1a: Dragonite
|
|win|Lolfrog123
|raw|bsp1's rating: 1562 &rarr; <strong>1541</strong><br />(-21 for losing)
|raw|Lolfrog123's rating: 1553 &rarr; <strong>1574</strong><br />(+21 for winning)
|l|☆bsp1
|player|p1|
|l|☆Lolfrog123
|player|p2|
