|j|☆kabangvgc
|j|☆trainerramos97
|t:|1760331860
|gametype|singles
|player|p1|kabangvgc|169|1250
|player|p2|trainerramos97|265|1192
|gen|9
|tier|[Gen 9] OU
|rated|
|rule|HP Percentage Mod: HP is shown in percentages
|rule|Endless Battle Clause: Forcing endless battles is banned
|rule|Species Clause: Limit one of each Pokémon
|rule|OHKO Clause: OHKO moves are banned
|rule|Evasion Items Clause: Evasion items are banned
|rule|Evasion Moves Clause: Evasion moves are banned
|rule|Evasion Abilities Clause: Evasion abilities are banned
|rule|Sleep Moves Clause: Sleep-inducing moves are banned
|clearpoke
|poke|p1|Tornadus-Therian, M|
|poke|p1|Clefable, M|
|poke|p1|Dragapult, F|
|poke|p1|Garganacl, M|
|poke|p1|Primarina, F|
|poke|p1|Corviknight, F|
|poke|p2|Hoopa-Unbound|
|poke|p2|Reuniclus, M|
|poke|p2|Iron Treads|
|poke|p2|Ogerpon-Wellspring, F|
|poke|p2|Iron Leaves|
|poke|p2|Pincurchin, M|
|teampreview
|
|t:|1760331868
|teamsize|p1|6
|teamsize|p2|6
|start
|switch|p1a: Tornadus|Tornadus-Therian, M|100/100
|switch|p2a: Pincurchin|Pincurchin, M|100/100
|-fieldstart|move: Electric Terrain|[from] ability: Electric Surge|[of] p2a: Pincurchin
|turn|1
|
|t:|1760331877
|move|p1a: Tornadus|U-turn|p2a: Pincurchin
|-damage|p2a: Pincurchin|79/100
|
|t:|1760331881
|switch|p1a: Garganacl|Garganacl, M|100/100|[from] U-turn
|move|p2a: Pincurchin|Toxic Spikes|p1a: Garganacl
|-sidestart|p1: kabangvgc|move: Toxic Spikes
|
|upkeep
|turn|2
|
|t:|1760331891
|move|p1a: Garganacl|Salt Cure|p2a: Pincurchin
|-damage|p2a: Pincurchin|64/100
|-start|p2a: Pincurchin|Salt Cure
|move|p2a: Pincurchin|Toxic Spikes|p1a: Garganacl
|-sidestart|p1: kabangvgc|move: Toxic Spikes
|
|-damage|p2a: Pincurchin|51/100|[from] Salt Cure
|upkeep
|turn|3
|
|t:|1760331903
|move|p1a: Garganacl|Stealth Rock|p2a: Pincurchin
|-sidestart|p2: trainerramos97|move: Stealth Rock
|move|p2a: Pincurchin|Recover|p2a: Pincurchin
|-heal|p2a: Pincurchin|100/100
|
|-damage|p2a: Pincurchin|88/100|[from] Salt Cure
|upkeep
|turn|4
|
|t:|1760331912
|switch|p2a: Hoopa|Hoopa-Unbound|100/100
|-damage|p2a: Hoopa|88/100|[from] Stealth Rock
|move|p1a: Garganacl|Body Press|p2a: Hoopa
|-damage|p2a: Hoopa|29/100
|
|upkeep
|turn|5
|
|t:|1760331921
|move|p2a: Hoopa|Trick|p1a: Garganacl
|-activate|p2a: Hoopa|move: Trick|[of] p1a: Garganacl
|-item|p1a: Garganacl|Choice Scarf|[from] move: Trick
|-item|p2a: Hoopa|Leftovers|[from] move: Trick
|move|p1a: Garganacl|Body Press|p2a: Hoopa
|-damage|p2a: Hoopa|0 fnt
|faint|p2a: Hoopa
|
|upkeep
|
|t:|1760331927
|switch|p2a: Iron Leaves|Iron Leaves|100/100
|-damage|p2a: Iron Leaves|88/100|[from] Stealth Rock
|-activate|p2a: Iron Leaves|ability: Quark Drive
|-start|p2a: Iron Leaves|quarkdriveatk
|turn|6
|
|t:|1760331948
|switch|p1a: Corviknight|Corviknight, F|100/100
|move|p2a: Iron Leaves|Psyblade|p1a: Corviknight
|-resisted|p1a: Corviknight
|-damage|p1a: Corviknight|75/100
|-damage|p2a: Iron Leaves|72/100|[from] item: Rocky Helmet|[of] p1a: Corviknight
|
|upkeep
|turn|7
|
|t:|1760331957
|move|p2a: Iron Leaves|Wild Charge|p1a: Corviknight
|-supereffective|p1a: Corviknight
|-crit|p1a: Corviknight
|-damage|p1a: Corviknight|0 fnt
|-damage|p2a: Iron Leaves|55/100|[from] item: Rocky Helmet|[of] p1a: Corviknight
|faint|p1a: Corviknight
|-damage|p2a: Iron Leaves|32/100|[from] Recoil
|
|upkeep
|
|t:|1760331972
|switch|p1a: Garganacl|Garganacl, M|100/100
|turn|8
|
|t:|1760331982
|move|p2a: Iron Leaves|Leaf Blade|p1a: Garganacl
|-supereffective|p1a: Garganacl
|-damage|p1a: Garganacl|38/100
|move|p1a: Garganacl|Salt Cure|p2a: Iron Leaves
|-damage|p2a: Iron Leaves|17/100
|-start|p2a: Iron Leaves|Salt Cure
|
|-damage|p2a: Iron Leaves|5/100|[from] Salt Cure
|-fieldend|move: Electric Terrain
|-end|p2a: Iron Leaves|Quark Drive
|upkeep
|turn|9
|
|t:|1760331990
|switch|p1a: Tornadus|Tornadus-Therian, M|100/100
|move|p2a: Iron Leaves|Leaf Blade|p1a: Tornadus
|-resisted|p1a: Tornadus
|-damage|p1a: Tornadus|64/100
|
|-damage|p2a: Iron Leaves|0 fnt|[from] Salt Cure
|faint|p2a: Iron Leaves
|-end|p2a: Iron Leaves|Quark Drive|[silent]
|upkeep
|
|t:|1760331994
|switch|p2a: Pincurchin|Pincurchin, M|88/100
|-damage|p2a: Pincurchin|76/100|[from] Stealth Rock
|-fieldstart|move: Electric Terrain|[from] ability: Electric Surge|[of] p2a: Pincurchin
|turn|10
|
|t:|1760332002
|move|p1a: Tornadus|U-turn|p2a: Pincurchin
|-damage|p2a: Pincurchin|56/100
|
|t:|1760332007
|switch|p1a: Garganacl|Garganacl, M|38/100|[from] U-turn
|move|p2a: Pincurchin|Recover|p2a: Pincurchin
|-heal|p2a: Pincurchin|100/100
|
|upkeep
|turn|11
|
|t:|1760332011
|move|p2a: Pincurchin|Protect|p2a: Pincurchin
|-singleturn|p2a: Pincurchin|Protect
|move|p1a: Garganacl|Recover|p1a: Garganacl
|-heal|p1a: Garganacl|88/100
|
|upkeep
|turn|12
|
|t:|1760332024
|switch|p1a: Clefable|Clefable, M|100/100
|-status|p1a: Clefable|tox
|switch|p2a: Iron Treads|Iron Treads|100/100
|-activate|p2a: Iron Treads|ability: Quark Drive
|-start|p2a: Iron Treads|quarkdriveatk
|
|upkeep
|turn|13
|
|t:|1760332029
|move|p2a: Iron Treads|Stealth Rock|p1a: Clefable
|-sidestart|p1: kabangvgc|move: Stealth Rock
|move|p1a: Clefable|Flamethrower|p2a: Iron Treads
|-supereffective|p2a: Iron Treads
|-damage|p2a: Iron Treads|29/100
|-status|p2a: Iron Treads|brn
|
|-damage|p2a: Iron Treads|23/100 brn|[from] brn
|upkeep
|turn|14
|
|t:|1760332035
|move|p2a: Iron Treads|Rapid Spin|p1a: Clefable
|-damage|p1a: Clefable|88/100 tox
|-boost|p2a: Iron Treads|spe|1
|-sideend|p2: trainerramos97|Stealth Rock|[from] move: Rapid Spin|[of] p2a: Iron Treads
|move|p1a: Clefable|Flamethrower|p2a: Iron Treads
|-supereffective|p2a: Iron Treads
|-damage|p2a: Iron Treads|0 fnt
|faint|p2a: Iron Treads
|-end|p2a: Iron Treads|Quark Drive|[silent]
|
|-heal|p1a: Clefable|94/100 tox|[from] item: Leftovers
|upkeep
|
|t:|1760332040
|switch|p2a: Reuniclus|Reuniclus, M|100/100
|turn|15
|
|t:|1760332049
|move|p1a: Clefable|Draining Kiss|p2a: Reuniclus
|-damage|p2a: Reuniclus|82/100
|-heal|p1a: Clefable|100/100 tox|[from] drain|[of] p2a: Reuniclus
|move|p2a: Reuniclus|Trick Room|p2a: Reuniclus
|-fieldstart|move: Trick Room|[of] p2a: Reuniclus
|
|-heal|p2a: Reuniclus|88/100|[from] item: Leftovers
|upkeep
|turn|16
|
|t:|1760332054
|move|p2a: Reuniclus|Calm Mind|p2a: Reuniclus
|-boost|p2a: Reuniclus|spa|1
|-boost|p2a: Reuniclus|spd|1
|move|p1a: Clefable|Calm Mind|p1a: Clefable
|-boost|p1a: Clefable|spa|1
|-boost|p1a: Clefable|spd|1
|
|-heal|p2a: Reuniclus|94/100|[from] item: Leftovers
|upkeep
|turn|17
|
|t:|1760332058
|move|p2a: Reuniclus|Psychic|p1a: Clefable
|-damage|p1a: Clefable|55/100 tox
|move|p1a: Clefable|Calm Mind|p1a: Clefable
|-boost|p1a: Clefable|spa|1
|-boost|p1a: Clefable|spd|1
|
|-heal|p2a: Reuniclus|99/100|[from] item: Leftovers
|-heal|p1a: Clefable|61/100 tox|[from] item: Leftovers
|-fieldend|move: Electric Terrain
|upkeep
|turn|18
|
|t:|1760332064
|move|p2a: Reuniclus|Psychic|p1a: Clefable
|-damage|p1a: Clefable|24/100 tox
|move|p1a: Clefable|Draining Kiss|p2a: Reuniclus
|-damage|p2a: Reuniclus|72/100
|-heal|p1a: Clefable|44/100 tox|[from] drain|[of] p2a: Reuniclus
|
|-heal|p2a: Reuniclus|78/100|[from] item: Leftovers
|-heal|p1a: Clefable|50/100 tox|[from] item: Leftovers
|upkeep
|turn|19
|
|t:|1760332068
|move|p2a: Reuniclus|Psychic|p1a: Clefable
|-damage|p1a: Clefable|18/100 tox
|move|p1a: Clefable|Draining Kiss|p2a: Reuniclus
|-damage|p2a: Reuniclus|51/100
|-heal|p1a: Clefable|36/100 tox|[from] drain|[of] p2a: Reuniclus
|
|-heal|p2a: Reuniclus|57/100|[from] item: Leftovers
|-heal|p1a: Clefable|42/100 tox|[from] item: Leftovers
|-fieldend|move: Trick Room
|upkeep
|turn|20
|
|t:|1760332070
|move|p1a: Clefable|Draining Kiss|p2a: Reuniclus
|-damage|p2a: Reuniclus|31/100
|-heal|p1a: Clefable|60/100 tox|[from] drain|[of] p2a: Reuniclus
|move|p2a: Reuniclus|Psychic|p1a: Clefable
|-damage|p1a: Clefable|28/100 tox
|
|-heal|p1a: Clefable|34/100 tox|[from] item: Leftovers
|-heal|p2a: Reuniclus|38/100|[from] item: Leftovers
|upkeep
|turn|21
|
|t:|1760332072
|move|p1a: Clefable|Draining Kiss|p2a: Reuniclus
|-damage|p2a: Reuniclus|12/100
|-heal|p1a: Clefable|52/100 tox|[from] drain|[of] p2a: Reuniclus
|move|p2a: Reuniclus|Psychic|p1a: Clefable
|-damage|p1a: Clefable|16/100 tox
|
|-heal|p1a: Clefable|23/100 tox|[from] item: Leftovers
|-heal|p2a: Reuniclus|18/100|[from] item: Leftovers
|upkeep
|turn|22
|
|t:|1760332082
|move|p1a: Clefable|Draining Kiss|p2a: Reuniclus
|-damage|p2a: Reuniclus|0 fnt
|-heal|p1a: Clefable|35/100 tox|[from] drain|[of] p2a: Reuniclus
|faint|p2a: Reuniclus
|
|-heal|p1a: Clefable|41/100 tox|[from] item: Leftovers
|upkeep
|
|t:|1760332093
|switch|p2a: Ogerpon|Ogerpon-Wellspring, F|100/100
|turn|23
|
|t:|1760332096
|move|p2a: Ogerpon|Ivy Cudgel|p1a: Clefable|[anim] Ivy Cudgel Water
|-damage|p1a: Clefable|0 fnt
|faint|p1a: Clefable
|
|upkeep
|
|t:|1760332100
|switch|p1a: Tornadus|Tornadus-Therian, M|97/100
|turn|24
|
|t:|1760332104
|switch|p2a: Pincurchin|Pincurchin, M|100/100
|-fieldstart|move: Electric Terrain|[from] ability: Electric Surge|[of] p2a: Pincurchin
|move|p1a: Tornadus|Air Slash|p2a: Pincurchin
|-resisted|p2a: Pincurchin
|-damage|p2a: Pincurchin|84/100
|
|upkeep
|turn|25
|
|t:|1760332109
|move|p2a: Pincurchin|Protect|p2a: Pincurchin
|-singleturn|p2a: Pincurchin|Protect
|move|p1a: Tornadus|U-turn|p2a: Pincurchin
|-activate|p2a: Pincurchin|move: Protect
|
|upkeep
|turn|26
|
|t:|1760332117
|move|p1a: Tornadus|U-turn|p2a: Pincurchin
|-damage|p2a: Pincurchin|61/100
|
|t:|1760332122
|switch|p1a: Garganacl|Garganacl, M|88/100|[from] U-turn
|-damage|p1a: Garganacl|75/100|[from] Stealth Rock
|move|p2a: Pincurchin|Thunder Wave|p1a: Garganacl
|-immune|p1a: Garganacl|[from] ability: Purifying Salt
|
|upkeep
|turn|27
|
|t:|1760332128
|move|p1a: Garganacl|Salt Cure|p2a: Pincurchin
|-damage|p2a: Pincurchin|46/100
|-start|p2a: Pincurchin|Salt Cure
|move|p2a: Pincurchin|Recover|p2a: Pincurchin
|-heal|p2a: Pincurchin|96/100
|
|-damage|p2a: Pincurchin|84/100|[from] Salt Cure
|upkeep
|turn|28
|
|t:|1760332137
|move|p1a: Garganacl|Salt Cure|p2a: Pincurchin
|-damage|p2a: Pincurchin|70/100
|move|p2a: Pincurchin|Recover|p2a: Pincurchin
|-heal|p2a: Pincurchin|100/100
|
|-damage|p2a: Pincurchin|88/100|[from] Salt Cure
|upkeep
|turn|29
|
|t:|1760332158
|switch|p1a: Dragapult|Dragapult, F|100/100
|-status|p1a: Dragapult|tox
|-damage|p1a: Dragapult|88/100 tox|[from] Stealth Rock
|switch|p2a: Ogerpon|Ogerpon-Wellspring, F|100/100
|
|-damage|p1a: Dragapult|82/100 tox|[from] psn
|upkeep
|turn|30
|
|t:|1760332169
|switch|p2a: Pincurchin|Pincurchin, M|88/100
|move|p1a: Dragapult|Draco Meteor|p2a: Pincurchin|[miss]
|-miss|p1a: Dragapult|p2a: Pincurchin
|
|-damage|p1a: Dragapult|70/100 tox|[from] psn
|upkeep
|turn|31
|
|t:|1760332176
|move|p2a: Pincurchin|Protect|p2a: Pincurchin
|-singleturn|p2a: Pincurchin|Protect
|move|p1a: Dragapult|Draco Meteor|p2a: Pincurchin
|-activate|p2a: Pincurchin|move: Protect
|
|-damage|p1a: Dragapult|52/100 tox|[from] psn
|-fieldend|move: Electric Terrain
|upkeep
|turn|32
|
|t:|1760332182
|move|p1a: Dragapult|Draco Meteor|p2a: Pincurchin
|-damage|p2a: Pincurchin|0 fnt
|-unboost|p1a: Dragapult|spa|2
|faint|p2a: Pincurchin
|
|-damage|p1a: Dragapult|28/100 tox|[from] psn
|upkeep
|
|t:|1760332184
|switch|p2a: Ogerpon|Ogerpon-Wellspring, F|100/100
|turn|33
|
|t:|1760332189
|switch|p1a: Garganacl|Garganacl, M|75/100
|-damage|p1a: Garganacl|63/100|[from] Stealth Rock
|-terastallize|p2a: Ogerpon|Water
|detailschange|p2a: Ogerpon|Ogerpon-Wellspring-Tera, F, tera:Water
|-ability|p2a: Ogerpon|Embody Aspect (Wellspring)|boost
|-boost|p2a: Ogerpon|spd|1
|move|p2a: Ogerpon|Ivy Cudgel|p1a: Garganacl|[anim] Ivy Cudgel Water
|-supereffective|p1a: Garganacl
|-damage|p1a: Garganacl|0 fnt
|faint|p1a: Garganacl
|
|upkeep
|
|t:|1760332192
|switch|p1a: Tornadus|Tornadus-Therian, M|100/100
|turn|34
|
|t:|1760332195
|move|p1a: Tornadus|Air Slash|p2a: Ogerpon
|-damage|p2a: Ogerpon|77/100
|move|p2a: Ogerpon|Ivy Cudgel|p1a: Tornadus|[anim] Ivy Cudgel Water
|-damage|p1a: Tornadus|0 fnt
|faint|p1a: Tornadus
|
|upkeep
|
|t:|1760332200
|switch|p1a: Primarina|Primarina, F|100/100
|-status|p1a: Primarina|tox
|-damage|p1a: Primarina|88/100 tox|[from] Stealth Rock
|turn|35
|
|t:|1760332205
|move|p2a: Ogerpon|Horn Leech|p1a: Primarina
|-supereffective|p1a: Primarina
|-damage|p1a: Primarina|0 fnt
|-heal|p2a: Ogerpon|100/100|[from] drain|[of] p1a: Primarina
|faint|p1a: Primarina
|
|upkeep
|
|t:|1760332207
|switch|p1a: Dragapult|Dragapult, F|28/100 tox
|-damage|p1a: Dragapult|16/100 tox|[from] Stealth Rock
|turn|36
|
|t:|1760332210
|-terastallize|p1a: Dragapult|Dragon
|move|p1a: Dragapult|Draco Meteor|p2a: Ogerpon
|-damage|p2a: Ogerpon|19/100
|-unboost|p1a: Dragapult|spa|2
|move|p2a: Ogerpon|Ivy Cudgel|p1a: Dragapult|[anim] Ivy Cudgel Water
|-resisted|p1a: Dragapult
|-damage|p1a: Dragapult|0 fnt
|faint|p1a: Dragapult
|
|win|trainerramos97
|raw|kabangvgc's rating: 1250 &rarr; <strong>1221</strong><br />(-29 for losing)
|raw|trainerramos97's rating: 1192 &rarr; <strong>1221</strong><br />(+29 for winning)
|l|☆kabangvgc
|player|p1|
|l|☆trainerramos97
|player|p2|
