|j|☆Jynzeo
|j|☆jayslap
|t:|1760378175
|gametype|singles
|player|p1|Jynzeo|flannery|1143
|player|p2|jayslap|1|1142
|gen|9
|tier|[Gen 9] OU
|rated|
|rule|HP Percentage Mod: HP is shown in percentages
|rule|Endless Battle Clause: Forcing endless battles is banned
|rule|Species Clause: Limit one of each Pokémon
|rule|OHKO Clause: OHKO moves are banned
|rule|Evasion Items Clause: Evasion items are banned
|rule|Evasion Moves Clause: Evasion moves are banned
|rule|Evasion Abilities Clause: Evasion abilities are banned
|rule|Sleep Moves Clause: Sleep-inducing moves are banned
|clearpoke
|poke|p1|Espeon, F|
|poke|p1|Klefki, F|
|poke|p1|Hoopa-Unbound|
|poke|p1|Thundurus-Therian, M|
|poke|p1|Skeledirge, F|
|poke|p1|Torkoal, F|
|poke|p2|Hatterene, F|
|poke|p2|Garganacl, F|
|poke|p2|Toxapex, M|
|poke|p2|Great Tusk|
|poke|p2|Reuniclus, F|
|poke|p2|Garchomp, F|
|teampreview
|inactive|Battle timer is ON: inactive players will automatically lose when time's up. (requested by Jynzeo)
|
|t:|1760378201
|teamsize|p1|6
|teamsize|p2|6
|start
|switch|p1a: Torkoal|Torkoal, F|100/100
|switch|p2a: Garchomp|Garchomp, F|100/100
|-weather|SunnyDay|[from] ability: Drought|[of] p1a: Torkoal
|turn|1
|
|t:|1760378213
|switch|p1a: Espeon|Espeon, F, shiny|100/100
|move|p2a: Garchomp|Stealth Rock|p1a: Espeon
|move|p1a: Espeon|Stealth Rock|p2a: Garchomp|[from] ability: Magic Bounce
|-sidestart|p2: jayslap|move: Stealth Rock
|
|-weather|SunnyDay|[upkeep]
|upkeep
|turn|2
|
|t:|1760378223
|move|p1a: Espeon|Psychic|p2a: Garchomp
|-damage|p2a: Garchomp|51/100
|-unboost|p2a: Garchomp|spd|1
|move|p2a: Garchomp|Earthquake|p1a: Espeon
|-damage|p1a: Espeon|7/100
|
|-weather|SunnyDay|[upkeep]
|upkeep
|turn|3
|
|t:|1760378231
|move|p1a: Espeon|Psychic|p2a: Garchomp
|-damage|p2a: Garchomp|0 fnt
|faint|p2a: Garchomp
|
|-weather|SunnyDay|[upkeep]
|upkeep
|
|t:|1760378234
|switch|p2a: Great Tusk|Great Tusk|100/100
|-damage|p2a: Great Tusk|98/100|[from] Stealth Rock
|-activate|p2a: Great Tusk|ability: Protosynthesis
|-start|p2a: Great Tusk|protosynthesisatk
|turn|4
|
|t:|1760378238
|move|p1a: Espeon|Psychic|p2a: Great Tusk
|-supereffective|p2a: Great Tusk
|-damage|p2a: Great Tusk|0 fnt
|faint|p2a: Great Tusk
|-end|p2a: Great Tusk|Protosynthesis|[silent]
|
|-weather|SunnyDay|[upkeep]
|upkeep
|
|t:|1760378243
|switch|p2a: Toxapex|Toxapex, M|100/100
|-damage|p2a: Toxapex|88/100|[from] Stealth Rock
|turn|5
|
|t:|1760378246
|-terastallize|p2a: Toxapex|Bug
|move|p1a: Espeon|Psychic|p2a: Toxapex
|-damage|p2a: Toxapex|50/100
|move|p2a: Toxapex|Lunge|p1a: Espeon
|-supereffective|p1a: Espeon
|-damage|p1a: Espeon|0 fnt
|faint|p1a: Espeon
|
|-weather|none
|upkeep
|
|t:|1760378252
|switch|p1a: Torkoal|Torkoal, F|100/100
|-weather|SunnyDay|[from] ability: Drought|[of] p1a: Torkoal
|turn|6
|
|t:|1760378256
|switch|p2a: Garganacl|Garganacl, F|100/100
|-damage|p2a: Garganacl|88/100|[from] Stealth Rock
|move|p1a: Torkoal|Lava Plume|p2a: Garganacl
|-resisted|p2a: Garganacl
|-damage|p2a: Garganacl|53/100
|
|-weather|SunnyDay|[upkeep]
|upkeep
|turn|7
|
|t:|1760378263
|-terastallize|p1a: Torkoal|Fire
|move|p1a: Torkoal|Lava Plume|p2a: Garganacl
|-resisted|p2a: Garganacl
|-crit|p2a: Garganacl
|-damage|p2a: Garganacl|0 fnt
|faint|p2a: Garganacl
|
|-weather|SunnyDay|[upkeep]
|upkeep
|-message|jayslap forfeited.
|
|win|Jynzeo
|raw|Jynzeo's rating: 1143 &rarr; <strong>1168</strong><br />(+25 for winning)
|raw|jayslap's rating: 1142 &rarr; <strong>1117</strong><br />(-25 for losing)
|l|☆jayslap
|player|p2|
