|j|☆Thehaxorusboy
|j|☆delchef
|t:|1760450873
|gametype|singles
|player|p1|Thehaxorusboy|hilbert|1454
|player|p2|delchef|170|1544
|gen|9
|tier|[Gen 9] OU
|rated|
|rule|HP Percentage Mod: HP is shown in percentages
|rule|Endless Battle Clause: Forcing endless battles is banned
|rule|Species Clause: Limit one of each Pokémon
|rule|OHKO Clause: OHKO moves are banned
|rule|Evasion Items Clause: Evasion items are banned
|rule|Evasion Moves Clause: Evasion moves are banned
|rule|Evasion Abilities Clause: Evasion abilities are banned
|rule|Sleep Moves Clause: Sleep-inducing moves are banned
|clearpoke
|poke|p1|Ninetales-Alola, M|
|poke|p1|Cloyster, F|
|poke|p1|Kyurem|
|poke|p1|Scizor, M|
|poke|p1|Iron Moth|
|poke|p1|Great Tusk|
|poke|p2|Necrozma|
|poke|p2|Kingambit, F|
|poke|p2|Samurott-Hisui, F|
|poke|p2|Iron Treads|
|poke|p2|Pecharunt|
|poke|p2|Enamorus, F|
|teampreview
|inactive|Battle timer is ON: inactive players will automatically lose when time's up. (requested by Thehaxorusboy)
|inactive|delchef has 120 seconds left.
|
|t:|1760450939
|teamsize|p1|6
|teamsize|p2|6
|start
|switch|p1a: Ninetales|Ninetales-Alola, M|100/100
|switch|p2a: Checkmate bitch|Kingambit, F, shiny|100/100
|-weather|Snowscape|[from] ability: Snow Warning|[of] p1a: Ninetales
|turn|1
|
|t:|1760450947
|move|p1a: Ninetales|Aurora Veil|p1a: Ninetales
|-sidestart|p1: Thehaxorusboy|move: Aurora Veil
|move|p2a: Checkmate bitch|Iron Head|p1a: Ninetales
|-supereffective|p1a: Ninetales
|-damage|p1a: Ninetales|22/100
|
|-weather|Snowscape|[upkeep]
|upkeep
|turn|2
|
|t:|1760450970
|move|p1a: Ninetales|Encore|p2a: Checkmate bitch
|-start|p2a: Checkmate bitch|Encore
|move|p2a: Checkmate bitch|Iron Head|p1a: Ninetales
|-supereffective|p1a: Ninetales
|-damage|p1a: Ninetales|0 fnt
|faint|p1a: Ninetales
|
|-weather|Snowscape|[upkeep]
|upkeep
|
|t:|1760450979
|switch|p1a: Cloyster|Cloyster, F|100/100
|turn|3
|
|t:|1760450995
|-end|p2a: Checkmate bitch|fallenundefined|[silent]
|switch|p2a: Star fragment|Necrozma, shiny|100/100
|move|p1a: Cloyster|Shell Smash|p1a: Cloyster
|-unboost|p1a: Cloyster|def|1
|-unboost|p1a: Cloyster|spd|1
|-boost|p1a: Cloyster|atk|2
|-boost|p1a: Cloyster|spa|2
|-boost|p1a: Cloyster|spe|2
|
|-weather|Snowscape|[upkeep]
|upkeep
|turn|4
|
|t:|1760451000
|move|p1a: Cloyster|Icicle Spear|p2a: Star fragment
|-damage|p2a: Star fragment|82/100
|-damage|p2a: Star fragment|62/100
|-damage|p2a: Star fragment|41/100
|-damage|p2a: Star fragment|23/100
|-damage|p2a: Star fragment|5/100
|-hitcount|p2a: Star fragment|5
|move|p2a: Star fragment|Trick Room|p2a: Star fragment
|-fieldstart|move: Trick Room|[of] p2a: Star fragment
|
|-weather|Snowscape|[upkeep]
|upkeep
|turn|5
|inactive|delchef has 120 seconds left.
|
|t:|1760451050
|move|p1a: Cloyster|Ice Shard|p2a: Star fragment
|-damage|p2a: Star fragment|0 fnt
|faint|p2a: Star fragment
|
|-weather|none
|upkeep
|
|t:|1760451070
|switch|p2a: Mochi Mochi|Pecharunt|100/100
|-item|p2a: Mochi Mochi|Air Balloon
|turn|6
|
|t:|1760451075
|move|p2a: Mochi Mochi|Malignant Chain|p1a: Cloyster
|-damage|p1a: Cloyster|35/100
|move|p1a: Cloyster|Icicle Spear|p2a: Mochi Mochi
|-damage|p2a: Mochi Mochi|87/100
|-enditem|p2a: Mochi Mochi|Air Balloon
|-damage|p2a: Mochi Mochi|74/100
|-damage|p2a: Mochi Mochi|58/100
|-damage|p2a: Mochi Mochi|45/100
|-damage|p2a: Mochi Mochi|31/100
|-hitcount|p2a: Mochi Mochi|5
|
|upkeep
|turn|7
|
|t:|1760451081
|move|p1a: Cloyster|Ice Shard|p2a: Mochi Mochi
|-damage|p2a: Mochi Mochi|8/100
|move|p2a: Mochi Mochi|Malignant Chain|p1a: Cloyster
|-damage|p1a: Cloyster|0 fnt
|faint|p1a: Cloyster
|
|upkeep
|
|t:|1760451093
|switch|p1a: Scizor|Scizor, M|100/100
|turn|8
|inactive|delchef has 120 seconds left.
|
|t:|1760451114
|switch|p2a: Donphandroid|Iron Treads|100/100
|move|p1a: Scizor|Swords Dance|p1a: Scizor
|-boost|p1a: Scizor|atk|2
|
|-sideend|p1: Thehaxorusboy|move: Aurora Veil
|-fieldend|move: Trick Room
|upkeep
|turn|9
|
|t:|1760451120
|move|p2a: Donphandroid|Earthquake|p1a: Scizor
|-crit|p1a: Scizor
|-damage|p1a: Scizor|22/100
|move|p1a: Scizor|Knock Off|p2a: Donphandroid
|-damage|p2a: Donphandroid|28/100
|-enditem|p2a: Donphandroid|Assault Vest|[from] move: Knock Off|[of] p1a: Scizor
|
|upkeep
|turn|10
|inactive|delchef has 120 seconds left.
|
|t:|1760451129
|move|p1a: Scizor|Bullet Punch|p2a: Donphandroid
|-resisted|p2a: Donphandroid
|-crit|p2a: Donphandroid
|-damage|p2a: Donphandroid|0 fnt
|faint|p2a: Donphandroid
|-end|p2a: Donphandroid|Quark Drive|[silent]
|
|upkeep
|
|t:|1760451134
|switch|p2a: Musashi's Scallop|Samurott-Hisui, F, shiny|100/100
|turn|11
|
|t:|1760451139
|move|p2a: Musashi's Scallop|Aqua Jet|p1a: Scizor
|-damage|p1a: Scizor|0 fnt
|faint|p1a: Scizor
|
|upkeep
|
|t:|1760451155
|switch|p1a: Kyurem|Kyurem|100/100
|-ability|p1a: Kyurem|Pressure
|turn|12
|
|t:|1760451160
|switch|p2a: Mochi Mochi|Pecharunt|8/100
|move|p1a: Kyurem|Freeze-Dry|p2a: Mochi Mochi
|-damage|p2a: Mochi Mochi|0 fnt
|faint|p2a: Mochi Mochi
|
|upkeep
|
|t:|1760451175
|switch|p2a: Medusa|Enamorus, F, shiny|100/100
|turn|13
|
|t:|1760451181
|move|p2a: Medusa|Moonblast|p1a: Kyurem
|-supereffective|p1a: Kyurem
|-damage|p1a: Kyurem|0 fnt
|faint|p1a: Kyurem
|
|upkeep
|
|t:|1760451187
|switch|p1a: Iron Moth|Iron Moth|100/100
|-enditem|p1a: Iron Moth|Booster Energy
|-activate|p1a: Iron Moth|ability: Quark Drive|[fromitem]
|-start|p1a: Iron Moth|quarkdrivespe
|turn|14
|
|t:|1760451193
|switch|p2a: Musashi's Scallop|Samurott-Hisui, F, shiny|100/100
|-terastallize|p1a: Iron Moth|Grass
|move|p1a: Iron Moth|Substitute|p1a: Iron Moth
|-start|p1a: Iron Moth|Substitute
|-damage|p1a: Iron Moth|76/100
|
|upkeep
|turn|15
|
|t:|1760451206
|switch|p2a: Medusa|Enamorus, F, shiny|100/100
|move|p1a: Iron Moth|Energy Ball|p2a: Medusa
|-resisted|p2a: Medusa
|-damage|p2a: Medusa|68/100
|
|upkeep
|turn|16
|
|t:|1760451215
|move|p1a: Iron Moth|Sludge Wave|p2a: Medusa
|-supereffective|p2a: Medusa
|-damage|p2a: Medusa|0 fnt
|faint|p2a: Medusa
|
|upkeep
|
|t:|1760451224
|switch|p2a: Checkmate bitch|Kingambit, F, shiny|100/100
|-activate|p2a: Checkmate bitch|ability: Supreme Overlord
|-start|p2a: Checkmate bitch|fallen4|[silent]
|turn|17
|
|t:|1760451230
|-terastallize|p2a: Checkmate bitch|Dark
|move|p1a: Iron Moth|Fiery Dance|p2a: Checkmate bitch
|-damage|p2a: Checkmate bitch|64/100
|move|p2a: Checkmate bitch|Kowtow Cleave|p1a: Iron Moth
|-end|p1a: Iron Moth|Substitute
|
|upkeep
|turn|18
|
|t:|1760451237
|move|p1a: Iron Moth|Substitute|p1a: Iron Moth
|-start|p1a: Iron Moth|Substitute
|-damage|p1a: Iron Moth|51/100
|move|p2a: Checkmate bitch|Kowtow Cleave|p1a: Iron Moth
|-end|p1a: Iron Moth|Substitute
|
|upkeep
|turn|19
|
|t:|1760451242
|move|p2a: Checkmate bitch|Sucker Punch|p1a: Iron Moth
|-damage|p1a: Iron Moth|0 fnt
|faint|p1a: Iron Moth
|-end|p1a: Iron Moth|Quark Drive|[silent]
|
|upkeep
|
|t:|1760451245
|switch|p1a: Great Tusk|Great Tusk|100/100
|-enditem|p1a: Great Tusk|Booster Energy
|-activate|p1a: Great Tusk|ability: Protosynthesis|[fromitem]
|-start|p1a: Great Tusk|protosynthesisatk
|turn|20
|
|t:|1760451253
|move|p1a: Great Tusk|Headlong Rush|p2a: Checkmate bitch
|-damage|p2a: Checkmate bitch|17/100
|-unboost|p1a: Great Tusk|def|1
|-unboost|p1a: Great Tusk|spd|1
|move|p2a: Checkmate bitch|Iron Head|p1a: Great Tusk
|-damage|p1a: Great Tusk|39/100
|
|upkeep
|turn|21
|
|t:|1760451260
|move|p2a: Checkmate bitch|Sucker Punch||[still]
|-fail|p2a: Checkmate bitch
|move|p1a: Great Tusk|Stealth Rock|p2a: Checkmate bitch
|-sidestart|p2: delchef|move: Stealth Rock
|
|upkeep
|turn|22
|
|t:|1760451262
|move|p2a: Checkmate bitch|Sucker Punch||[still]
|-fail|p2a: Checkmate bitch
|move|p1a: Great Tusk|Stealth Rock||[still]
|-fail|p1a: Great Tusk
|
|upkeep
|turn|23
|
|t:|1760451265
|move|p2a: Checkmate bitch|Sucker Punch||[still]
|-fail|p2a: Checkmate bitch
|move|p1a: Great Tusk|Stealth Rock||[still]
|-fail|p1a: Great Tusk
|
|upkeep
|turn|24
|
|t:|1760451267
|move|p2a: Checkmate bitch|Sucker Punch||[still]
|-fail|p2a: Checkmate bitch
|move|p1a: Great Tusk|Stealth Rock||[still]
|-fail|p1a: Great Tusk
|
|upkeep
|turn|25
|
|t:|1760451269
|move|p1a: Great Tusk|Stealth Rock||[still]
|-fail|p1a: Great Tusk
|move|p2a: Checkmate bitch|Iron Head|p1a: Great Tusk
|-damage|p1a: Great Tusk|0 fnt
|faint|p1a: Great Tusk
|-end|p1a: Great Tusk|Protosynthesis|[silent]
|
|win|delchef
|raw|Thehaxorusboy's rating: 1454 &rarr; <strong>1439</strong><br />(-15 for losing)
|raw|delchef's rating: 1544 &rarr; <strong>1559</strong><br />(+15 for winning)
|l|☆delchef
|player|p2|
|c|☆Thehaxorusboy|gg
|l|☆Thehaxorusboy
|player|p1|
