|badge|p1|bronze|gen9ou|100-7
|badge|p1|bronze|gen9randombattle|100-7
|uhtml|medal-msg|<div class="broadcast-blue">Curious what those medals under the avatar are? PS now has Ladder Seasons! For more information, check out the <a href="https://www.smogon.com/forums/threads/3740067/">thread on Smogon.</a></div>
|badge|p2|bronze|gen9ou|100-7
|uhtml|medal-msg|<div class="broadcast-blue">Curious what those medals under the avatar are? PS now has Ladder Seasons! For more information, check out the <a href="https://www.smogon.com/forums/threads/3740067/">thread on Smogon.</a></div>
|j|☆SpongeGar & Patar
|j|☆Swiscool
|t:|1760383458
|gametype|singles
|player|p1|SpongeGar & Patar|266|1856
|player|p2|Swiscool|2|1904
|gen|9
|tier|[Gen 9] OU
|rated|
|rule|HP Percentage Mod: HP is shown in percentages
|rule|Endless Battle Clause: Forcing endless battles is banned
|rule|Species Clause: Limit one of each Pokémon
|rule|OHKO Clause: OHKO moves are banned
|rule|Evasion Items Clause: Evasion items are banned
|rule|Evasion Moves Clause: Evasion moves are banned
|rule|Evasion Abilities Clause: Evasion abilities are banned
|rule|Sleep Moves Clause: Sleep-inducing moves are banned
|clearpoke
|poke|p1|Kyurem|
|poke|p1|Corviknight, F|
|poke|p1|Ting-Lu|
|poke|p1|Dondozo, F|
|poke|p1|Slowking-Galar, L99, M|
|poke|p1|Cinderace, F|
|poke|p2|Samurott-Hisui, M|
|poke|p2|Darkrai|
|poke|p2|Kingambit, M|
|poke|p2|Landorus-Therian, M|
|poke|p2|Pecharunt|
|poke|p2|Enamorus, F|
|teampreview
|j| OP Earthquakes
|inactive|Battle timer is ON: inactive players will automatically lose when time's up. (requested by Swiscool)
|
|t:|1760383509
|teamsize|p1|6
|teamsize|p2|6
|start
|switch|p1a: Kyurem|Kyurem|100/100
|switch|p2a: Samurott|Samurott-Hisui, M|100/100
|-ability|p1a: Kyurem|Pressure
|turn|1
|inactive|SpongeGar & Patar also wants the timer to be on.
|inactive|SpongeGar & Patar has 120 seconds left.
|
|t:|1760383558
|-terastallize|p2a: Samurott|Dark
|move|p1a: Kyurem|Freeze-Dry|p2a: Samurott
|-damage|p2a: Samurott|45/100
|move|p2a: Samurott|Knock Off|p1a: Kyurem
|-damage|p1a: Kyurem|32/100
|-enditem|p1a: Kyurem|Leftovers|[from] move: Knock Off|[of] p2a: Samurott
|
|upkeep
|turn|2
|j| Stopbatonpassing
|inactive|SpongeGar & Patar has 90 seconds left.
|
|t:|1760383609
|move|p2a: Samurott|Sucker Punch|p1a: Kyurem
|-damage|p1a: Kyurem|0 fnt
|faint|p1a: Kyurem
|
|upkeep
|inactive|SpongeGar & Patar has 60 seconds left.
|inactive|SpongeGar & Patar has 30 seconds left.
|
|t:|1760383658
|switch|p1a: Cinderace|Cinderace, F|100/100
|turn|3
|inactive|SpongeGar & Patar has 30 seconds left.
|
|t:|1760383677
|switch|p2a: Landorus|Landorus-Therian, M|100/100
|-ability|p2a: Landorus|Intimidate|boost
|-unboost|p1a: Cinderace|atk|1
|move|p1a: Cinderace|Pyro Ball|p2a: Landorus
|-damage|p2a: Landorus|77/100
|
|upkeep
|turn|4
|l| Stopbatonpassing
|inactive|SpongeGar & Patar has 30 seconds left.
|
|t:|1760383687
|switch|p1a: Corviknight|Corviknight, F|100/100
|-ability|p1a: Corviknight|Pressure
|move|p2a: Landorus|U-turn|p1a: Corviknight
|-resisted|p1a: Corviknight
|-damage|p1a: Corviknight|97/100
|-damage|p2a: Landorus|61/100|[from] item: Rocky Helmet|[of] p1a: Corviknight
|
|t:|1760383694
|switch|p2a: Samurott|Samurott-Hisui, M, tera:Dark|45/100|[from] U-turn
|
|upkeep
|turn|5
|
|t:|1760383703
|move|p2a: Samurott|Knock Off|p1a: Corviknight
|-damage|p1a: Corviknight|56/100
|-damage|p2a: Samurott|29/100|[from] item: Rocky Helmet|[of] p1a: Corviknight
|-enditem|p1a: Corviknight|Rocky Helmet|[from] move: Knock Off|[of] p2a: Samurott
|move|p1a: Corviknight|U-turn|p2a: Samurott
|-supereffective|p2a: Samurott
|-damage|p2a: Samurott|0 fnt
|faint|p2a: Samurott
|
|t:|1760383713
|switch|p1a: Slowking|Slowking-Galar, L99, M|100/100|[from] U-turn
|
|upkeep
|
|t:|1760383725
|switch|p2a: Kingambit|Kingambit, M|100/100
|-activate|p2a: Kingambit|ability: Supreme Overlord
|-start|p2a: Kingambit|fallen1|[silent]
|-item|p2a: Kingambit|Air Balloon
|turn|6
|
|t:|1760383734
|switch|p1a: Dondozo|Dondozo, F|100/100
|move|p2a: Kingambit|Kowtow Cleave|p1a: Dondozo
|-damage|p1a: Dondozo|77/100
|
|-heal|p1a: Dondozo|83/100|[from] item: Leftovers
|upkeep
|turn|7
|j| raphawouel
|
|t:|1760383746
|move|p2a: Kingambit|Kowtow Cleave|p1a: Dondozo
|-damage|p1a: Dondozo|60/100
|move|p1a: Dondozo|Waterfall|p2a: Kingambit
|-damage|p2a: Kingambit|81/100
|-enditem|p2a: Kingambit|Air Balloon
|
|-heal|p1a: Dondozo|66/100|[from] item: Leftovers
|upkeep
|turn|8
|
|t:|1760383759
|-end|p2a: Kingambit|fallen1|[silent]
|switch|p2a: Enamorus|Enamorus, F|100/100
|move|p1a: Dondozo|Waterfall|p2a: Enamorus
|-damage|p2a: Enamorus|60/100
|
|-heal|p1a: Dondozo|72/100|[from] item: Leftovers
|upkeep
|turn|9
|
|t:|1760383770
|switch|p2a: Landorus|Landorus-Therian, M|61/100
|-ability|p2a: Landorus|Intimidate|boost
|-unboost|p1a: Dondozo|atk|1
|switch|p1a: Slowking|Slowking-Galar, L99, M|100/100
|
|upkeep
|turn|10
|
|t:|1760383779
|move|p2a: Landorus|U-turn|p1a: Slowking
|-damage|p1a: Slowking|76/100
|
|t:|1760383783
|switch|p2a: Kingambit|Kingambit, M|81/100|[from] U-turn
|-activate|p2a: Kingambit|ability: Supreme Overlord
|-start|p2a: Kingambit|fallen1|[silent]
|-prepare|p1a: Slowking|Chilly Reception|[premajor]
|move|p1a: Slowking|Chilly Reception|p1a: Slowking
|-weather|Snowscape
|inactive|SpongeGar & Patar has 60 seconds left.
|
|t:|1760383792
|switch|p1a: Dondozo|Dondozo, F|72/100|[from] Chilly Reception
|
|-weather|Snowscape|[upkeep]
|-heal|p1a: Dondozo|78/100|[from] item: Leftovers
|upkeep
|turn|11
|
|t:|1760383802
|-end|p2a: Kingambit|fallen1|[silent]
|switch|p2a: Landorus|Landorus-Therian, M|61/100
|-ability|p2a: Landorus|Intimidate|boost
|-unboost|p1a: Dondozo|atk|1
|move|p1a: Dondozo|Waterfall|p2a: Landorus
|-supereffective|p2a: Landorus
|-damage|p2a: Landorus|34/100
|-damage|p1a: Dondozo|62/100|[from] item: Rocky Helmet|[of] p2a: Landorus
|
|-weather|Snowscape|[upkeep]
|-heal|p1a: Dondozo|68/100|[from] item: Leftovers
|upkeep
|turn|12
|
|t:|1760383811
|switch|p1a: Corviknight|Corviknight, F|56/100
|-ability|p1a: Corviknight|Pressure
|move|p2a: Landorus|U-turn|p1a: Corviknight
|-resisted|p1a: Corviknight
|-damage|p1a: Corviknight|53/100
|
|t:|1760383816
|switch|p2a: Enamorus|Enamorus, F|60/100|[from] U-turn
|
|-weather|Snowscape|[upkeep]
|upkeep
|turn|13
|
|t:|1760383825
|switch|p1a: Slowking|Slowking-Galar, L99, M|100/100
|move|p2a: Enamorus|Moonblast|p1a: Slowking
|-resisted|p1a: Slowking
|-damage|p1a: Slowking|77/100
|-unboost|p1a: Slowking|spa|1
|
|-weather|Snowscape|[upkeep]
|upkeep
|turn|14
|
|t:|1760383836
|switch|p2a: Darkrai|Darkrai|100/100
|move|p1a: Slowking|Future Sight|p2a: Darkrai
|-start|p1a: Slowking|move: Future Sight
|
|-weather|none
|upkeep
|turn|15
|l| raphawouel
|j| A.Omnipotent
|inactive|SpongeGar & Patar has 60 seconds left.
|
|t:|1760383885
|switch|p1a: Ting-Lu|Ting-Lu|100/100
|-ability|p1a: Ting-Lu|Vessel of Ruin
|move|p2a: Darkrai|Trick|p1a: Ting-Lu
|-activate|p2a: Darkrai|move: Trick|[of] p1a: Ting-Lu
|-item|p1a: Ting-Lu|Choice Scarf|[from] move: Trick
|-item|p2a: Darkrai|Leftovers|[from] move: Trick
|
|upkeep
|turn|16
|inactive|SpongeGar & Patar has 30 seconds left.
|inactive|SpongeGar & Patar has 20 seconds left.
|inactive|SpongeGar & Patar has 15 seconds left.
|inactive|SpongeGar & Patar has 10 seconds left.
|
|t:|1760383934
|move|p2a: Darkrai|Will-O-Wisp|p1a: Ting-Lu
|-status|p1a: Ting-Lu|brn
|move|p1a: Ting-Lu|Earthquake|p2a: Darkrai
|-damage|p2a: Darkrai|75/100
|
|-end|p2a: Darkrai|move: Future Sight
|-immune|p2a: Darkrai
|-heal|p2a: Darkrai|81/100|[from] item: Leftovers
|-damage|p1a: Ting-Lu|94/100 brn|[from] brn
|upkeep
|turn|17
|inactive|SpongeGar & Patar has 20 seconds left this turn.
|inactive|SpongeGar & Patar has 15 seconds left.
|inactive|SpongeGar & Patar has 10 seconds left.
|
|t:|1760383944
|move|p2a: Darkrai|Ice Beam|p1a: Ting-Lu
|-supereffective|p1a: Ting-Lu
|-damage|p1a: Ting-Lu|67/100 brn
|move|p1a: Ting-Lu|Earthquake|p2a: Darkrai
|-damage|p2a: Darkrai|54/100
|
|-heal|p2a: Darkrai|60/100|[from] item: Leftovers
|-damage|p1a: Ting-Lu|61/100 brn|[from] brn
|upkeep
|turn|18
|inactive|SpongeGar & Patar has 20 seconds left this turn.
|inactive|SpongeGar & Patar has 15 seconds left.
|inactive|SpongeGar & Patar has 10 seconds left.
|
|t:|1760383955
|switch|p2a: Landorus|Landorus-Therian, M|34/100
|-ability|p2a: Landorus|Intimidate|boost
|-unboost|p1a: Ting-Lu|atk|1
|move|p1a: Ting-Lu|Earthquake|p2a: Landorus
|-immune|p2a: Landorus
|
|-damage|p1a: Ting-Lu|55/100 brn|[from] brn
|upkeep
|turn|19
|inactive|SpongeGar & Patar has 20 seconds left this turn.
|inactive|SpongeGar & Patar has 15 seconds left.
|
|t:|1760383964
|switch|p1a: Corviknight|Corviknight, F|53/100
|-ability|p1a: Corviknight|Pressure
|move|p2a: Landorus|U-turn|p1a: Corviknight
|-resisted|p1a: Corviknight
|-damage|p1a: Corviknight|50/100
|
|t:|1760383970
|switch|p2a: Darkrai|Darkrai|60/100|[from] U-turn
|
|-heal|p2a: Darkrai|66/100|[from] item: Leftovers
|upkeep
|turn|20
|inactive|SpongeGar & Patar has 30 seconds left this turn.
|j| Eepsilon
|
|t:|1760383979
|move|p2a: Darkrai|Dark Pulse|p1a: Corviknight
|-damage|p1a: Corviknight|9/100
|move|p1a: Corviknight|U-turn|p2a: Darkrai
|-supereffective|p2a: Darkrai
|-damage|p2a: Darkrai|29/100
|inactive|SpongeGar & Patar has 30 seconds left this turn.
|
|t:|1760383989
|switch|p1a: Slowking|Slowking-Galar, L99, M|100/100|[from] U-turn
|
|-heal|p2a: Darkrai|35/100|[from] item: Leftovers
|upkeep
|turn|21
|inactive|SpongeGar & Patar has 30 seconds left.
|
|t:|1760383999
|switch|p2a: Landorus|Landorus-Therian, M|34/100
|-ability|p2a: Landorus|Intimidate|boost
|-unboost|p1a: Slowking|atk|1
|move|p1a: Slowking|Sludge Bomb|p2a: Landorus
|-resisted|p2a: Landorus
|-damage|p2a: Landorus|16/100
|
|upkeep
|turn|22
|
|t:|1760384009
|move|p2a: Landorus|Stealth Rock|p1a: Slowking
|-sidestart|p1: SpongeGar & Patar|move: Stealth Rock
|-prepare|p1a: Slowking|Chilly Reception|[premajor]
|move|p1a: Slowking|Chilly Reception|p1a: Slowking
|-weather|Snowscape
|
|t:|1760384018
|switch|p1a: Cinderace|Cinderace, F|100/100|[from] Chilly Reception
|
|-weather|Snowscape|[upkeep]
|upkeep
|turn|23
|
|t:|1760384027
|switch|p2a: Pecharunt|Pecharunt|100/100
|move|p1a: Cinderace|Pyro Ball|p2a: Pecharunt
|-damage|p2a: Pecharunt|79/100
|
|-weather|Snowscape|[upkeep]
|upkeep
|turn|24
|
|t:|1760384037
|move|p1a: Cinderace|Court Change|p1a: Cinderace
|-swapsideconditions
|-activate|p1a: Cinderace|move: Court Change
|move|p2a: Pecharunt|Malignant Chain|p1a: Cinderace
|-damage|p1a: Cinderace|63/100
|
|-weather|Snowscape|[upkeep]
|upkeep
|turn|25
|
|t:|1760384047
|switch|p1a: Ting-Lu|Ting-Lu|55/100 brn
|-ability|p1a: Ting-Lu|Vessel of Ruin
|move|p2a: Pecharunt|Parting Shot|p1a: Ting-Lu
|-unboost|p1a: Ting-Lu|atk|1
|-unboost|p1a: Ting-Lu|spa|1
|
|t:|1760384050
|switch|p2a: Landorus|Landorus-Therian, M|16/100|[from] Parting Shot
|-damage|p2a: Landorus|4/100|[from] Stealth Rock
|-ability|p2a: Landorus|Intimidate|boost
|-unboost|p1a: Ting-Lu|atk|1
|
|-weather|Snowscape|[upkeep]
|-damage|p1a: Ting-Lu|49/100 brn|[from] brn
|upkeep
|turn|26
|inactive|SpongeGar & Patar has 60 seconds left.
|
|t:|1760384059
|move|p2a: Landorus|Stealth Rock|p1a: Ting-Lu
|-sidestart|p1: SpongeGar & Patar|move: Stealth Rock
|move|p1a: Ting-Lu|Rest|p1a: Ting-Lu
|-status|p1a: Ting-Lu|slp|[from] move: Rest
|-heal|p1a: Ting-Lu|100/100 slp|[silent]
|
|-weather|none
|upkeep
|turn|27
|
|t:|1760384068
|move|p2a: Landorus|Earthquake|p1a: Ting-Lu
|-damage|p1a: Ting-Lu|72/100 slp
|cant|p1a: Ting-Lu|slp
|
|upkeep
|turn|28
|
|t:|1760384078
|switch|p1a: Slowking|Slowking-Galar, L99, M|100/100
|move|p2a: Landorus|Earthquake|p1a: Slowking
|-supereffective|p1a: Slowking
|-damage|p1a: Slowking|0 fnt
|faint|p1a: Slowking
|
|upkeep
|
|t:|1760384087
|switch|p1a: Cinderace|Cinderace, F|63/100
|turn|29
|
|t:|1760384096
|move|p1a: Cinderace|Pyro Ball|p2a: Landorus
|-damage|p2a: Landorus|0 fnt
|faint|p2a: Landorus
|
|upkeep
|
|t:|1760384098
|switch|p2a: Pecharunt|Pecharunt|79/100
|turn|30
|
|t:|1760384108
|switch|p1a: Ting-Lu|Ting-Lu|72/100 slp
|-damage|p1a: Ting-Lu|66/100 slp|[from] Stealth Rock
|-ability|p1a: Ting-Lu|Vessel of Ruin
|move|p2a: Pecharunt|Malignant Chain|p1a: Ting-Lu
|-resisted|p1a: Ting-Lu
|-damage|p1a: Ting-Lu|59/100 slp
|
|upkeep
|turn|31
|inactive|SpongeGar & Patar has 90 seconds left.
|inactive|SpongeGar & Patar has 60 seconds left.
|
|t:|1760384155
|move|p2a: Pecharunt|Parting Shot|p1a: Ting-Lu
|-unboost|p1a: Ting-Lu|atk|1
|-unboost|p1a: Ting-Lu|spa|1
|
|t:|1760384158
|switch|p2a: Enamorus|Enamorus, F|60/100|[from] Parting Shot
|-damage|p2a: Enamorus|35/100|[from] Stealth Rock
|cant|p1a: Ting-Lu|slp
|
|upkeep
|turn|32
|inactive|SpongeGar & Patar has 60 seconds left.
|inactive|SpongeGar & Patar has 30 seconds left.
|inactive|SpongeGar & Patar has 20 seconds left.
|
|t:|1760384205
|switch|p1a: Corviknight|Corviknight, F|9/100
|-damage|p1a: Corviknight|0 fnt|[from] Stealth Rock
|faint|p1a: Corviknight
|move|p2a: Enamorus|Moonblast|p1: Corviknight|[notarget]
|-fail|p2a: Enamorus
|
|upkeep
|inactive|SpongeGar & Patar has 25 seconds left this turn.
|inactive|SpongeGar & Patar has 20 seconds left.
|
|t:|1760384215
|switch|p1a: Cinderace|Cinderace, F|63/100
|turn|33
|inactive|SpongeGar & Patar has 30 seconds left this turn.
|
|t:|1760384224
|switch|p2a: Pecharunt|Pecharunt|79/100
|move|p1a: Cinderace|Pyro Ball|p2a: Pecharunt
|-damage|p2a: Pecharunt|56/100
|
|upkeep
|turn|34
|inactive|SpongeGar & Patar has 30 seconds left.
|
|t:|1760384233
|move|p1a: Cinderace|Pyro Ball|p2a: Pecharunt
|-crit|p2a: Pecharunt
|-damage|p2a: Pecharunt|20/100
|-status|p2a: Pecharunt|brn
|move|p2a: Pecharunt|Recover|p2a: Pecharunt
|-heal|p2a: Pecharunt|70/100 brn
|
|-damage|p2a: Pecharunt|64/100 brn|[from] brn
|upkeep
|turn|35
|
|t:|1760384243
|move|p1a: Cinderace|Pyro Ball|p2a: Pecharunt|[miss]
|-miss|p1a: Cinderace|p2a: Pecharunt
|move|p2a: Pecharunt|Recover|p2a: Pecharunt
|-heal|p2a: Pecharunt|100/100 brn
|
|-damage|p2a: Pecharunt|94/100 brn|[from] brn
|upkeep
|turn|36
|
|t:|1760384252
|move|p1a: Cinderace|U-turn|p2a: Pecharunt
|-resisted|p2a: Pecharunt
|-damage|p2a: Pecharunt|92/100 brn
|
|t:|1760384261
|switch|p1a: Ting-Lu|Ting-Lu|59/100 slp|[from] U-turn
|-damage|p1a: Ting-Lu|53/100 slp|[from] Stealth Rock
|-ability|p1a: Ting-Lu|Vessel of Ruin
|move|p2a: Pecharunt|Malignant Chain|p1a: Ting-Lu
|-resisted|p1a: Ting-Lu
|-damage|p1a: Ting-Lu|46/100 slp
|
|-damage|p2a: Pecharunt|86/100 brn|[from] brn
|upkeep
|turn|37
|
|t:|1760384271
|move|p2a: Pecharunt|Parting Shot|p1a: Ting-Lu
|-unboost|p1a: Ting-Lu|atk|1
|-unboost|p1a: Ting-Lu|spa|1
|
|t:|1760384281
|switch|p2a: Enamorus|Enamorus, F|35/100|[from] Parting Shot
|-damage|p2a: Enamorus|10/100|[from] Stealth Rock
|-curestatus|p1a: Ting-Lu|slp|[msg]
|move|p1a: Ting-Lu|Payback|p2a: Enamorus
|-resisted|p2a: Enamorus
|-damage|p2a: Enamorus|0 fnt
|faint|p2a: Enamorus
|
|upkeep
|
|t:|1760384303
|switch|p2a: Kingambit|Kingambit, M|81/100
|-damage|p2a: Kingambit|75/100|[from] Stealth Rock
|-activate|p2a: Kingambit|ability: Supreme Overlord
|-start|p2a: Kingambit|fallen3|[silent]
|turn|38
|inactive|SpongeGar & Patar has 60 seconds left.
|
|t:|1760384312
|switch|p1a: Dondozo|Dondozo, F|68/100
|-damage|p1a: Dondozo|56/100|[from] Stealth Rock
|move|p2a: Kingambit|Kowtow Cleave|p1a: Dondozo
|-damage|p1a: Dondozo|25/100
|
|-heal|p1a: Dondozo|31/100|[from] item: Leftovers
|upkeep
|turn|39
|inactive|SpongeGar & Patar has 60 seconds left.
|
|t:|1760384323
|move|p2a: Kingambit|Kowtow Cleave|p1a: Dondozo
|-damage|p1a: Dondozo|1/100
|move|p1a: Dondozo|Rest|p1a: Dondozo
|-status|p1a: Dondozo|slp|[from] move: Rest
|-heal|p1a: Dondozo|100/100 slp|[silent]
|
|upkeep
|turn|40
|l| A.Omnipotent
|inactive|SpongeGar & Patar has 60 seconds left.
|
|t:|1760384335
|-end|p2a: Kingambit|fallen3|[silent]
|switch|p2a: Darkrai|Darkrai|35/100
|-damage|p2a: Darkrai|22/100|[from] Stealth Rock
|cant|p1a: Dondozo|slp
|
|-heal|p2a: Darkrai|28/100|[from] item: Leftovers
|-damage|p1a: Dondozo|88/100 slp|[from] ability: Bad Dreams|[of] p2a: Darkrai
|upkeep
|turn|41
|
|t:|1760384344
|-terastallize|p1a: Dondozo|Dark
|move|p2a: Darkrai|Dark Pulse|p1a: Dondozo
|-resisted|p1a: Dondozo
|-damage|p1a: Dondozo|69/100 slp
|cant|p1a: Dondozo|slp
|
|-heal|p2a: Darkrai|34/100|[from] item: Leftovers
|-heal|p1a: Dondozo|76/100 slp|[from] item: Leftovers
|-damage|p1a: Dondozo|63/100 slp|[from] ability: Bad Dreams|[of] p2a: Darkrai
|upkeep
|turn|42
|
|t:|1760384354
|switch|p2a: Pecharunt|Pecharunt|86/100 brn
|-curestatus|p1a: Dondozo|slp|[msg]
|move|p1a: Dondozo|Waterfall|p2a: Pecharunt
|-damage|p2a: Pecharunt|73/100 brn
|
|-heal|p1a: Dondozo|69/100|[from] item: Leftovers
|-damage|p2a: Pecharunt|67/100 brn|[from] brn
|upkeep
|turn|43
|
|t:|1760384365
|move|p2a: Pecharunt|Malignant Chain|p1a: Dondozo
|-damage|p1a: Dondozo|38/100
|move|p1a: Dondozo|Waterfall|p2a: Pecharunt
|-crit|p2a: Pecharunt
|-damage|p2a: Pecharunt|48/100 brn
|
|-heal|p1a: Dondozo|44/100|[from] item: Leftovers
|-damage|p2a: Pecharunt|42/100 brn|[from] brn
|upkeep
|turn|44
|
|t:|1760384375
|move|p2a: Pecharunt|Parting Shot|p1a: Dondozo
|-unboost|p1a: Dondozo|atk|1
|-unboost|p1a: Dondozo|spa|1
|
|t:|1760384380
|switch|p2a: Kingambit|Kingambit, M|75/100|[from] Parting Shot
|-damage|p2a: Kingambit|68/100|[from] Stealth Rock
|-activate|p2a: Kingambit|ability: Supreme Overlord
|-start|p2a: Kingambit|fallen3|[silent]
|move|p1a: Dondozo|Waterfall|p2a: Kingambit
|-damage|p2a: Kingambit|55/100
|
|-heal|p1a: Dondozo|51/100|[from] item: Leftovers
|upkeep
|turn|45
|inactive|SpongeGar & Patar has 90 seconds left.
|
|t:|1760384390
|move|p2a: Kingambit|Iron Head|p1a: Dondozo
|-damage|p1a: Dondozo|23/100
|cant|p1a: Dondozo|flinch
|
|-heal|p1a: Dondozo|29/100|[from] item: Leftovers
|upkeep
|turn|46
|inactive|SpongeGar & Patar has 90 seconds left.
|inactive|SpongeGar & Patar has 60 seconds left.
|
|t:|1760384439
|move|p2a: Kingambit|Iron Head|p1a: Dondozo
|-damage|p1a: Dondozo|3/100
|move|p1a: Dondozo|Body Press|p2a: Kingambit
|-supereffective|p2a: Kingambit
|-damage|p2a: Kingambit|0 fnt
|faint|p2a: Kingambit
|-end|p2a: Kingambit|fallen3|[silent]
|
|-heal|p1a: Dondozo|9/100|[from] item: Leftovers
|upkeep
|
|t:|1760384453
|switch|p2a: Darkrai|Darkrai|34/100
|-damage|p2a: Darkrai|22/100|[from] Stealth Rock
|turn|47
|inactive|SpongeGar & Patar has 60 seconds left.
|
|t:|1760384462
|move|p2a: Darkrai|Dark Pulse|p1a: Dondozo
|-resisted|p1a: Dondozo
|-damage|p1a: Dondozo|0 fnt
|faint|p1a: Dondozo
|
|-heal|p2a: Darkrai|28/100|[from] item: Leftovers
|upkeep
|inactive|SpongeGar & Patar has 60 seconds left.
|
|t:|1760384471
|switch|p1a: Cinderace|Cinderace, F|63/100
|turn|48
|
|t:|1760384480
|move|p2a: Darkrai|Dark Pulse|p1a: Cinderace
|-damage|p1a: Cinderace|12/100
|move|p1a: Cinderace|U-turn|p2a: Darkrai
|-supereffective|p2a: Darkrai
|-damage|p2a: Darkrai|0 fnt
|faint|p2a: Darkrai
|
|t:|1760384489
|switch|p1a: Ting-Lu|Ting-Lu|46/100|[from] U-turn
|-damage|p1a: Ting-Lu|40/100|[from] Stealth Rock
|-ability|p1a: Ting-Lu|Vessel of Ruin
|
|upkeep
|
|t:|1760384492
|switch|p2a: Pecharunt|Pecharunt|42/100 brn
|turn|49
|
|t:|1760384501
|move|p2a: Pecharunt|Recover|p2a: Pecharunt
|-heal|p2a: Pecharunt|92/100 brn
|move|p1a: Ting-Lu|Rest|p1a: Ting-Lu
|-status|p1a: Ting-Lu|slp|[from] move: Rest
|-heal|p1a: Ting-Lu|100/100 slp|[silent]
|
|-damage|p2a: Pecharunt|86/100 brn|[from] brn
|upkeep
|turn|50
|
|t:|1760384510
|move|p2a: Pecharunt|Parting Shot|p1a: Ting-Lu
|-unboost|p1a: Ting-Lu|atk|1
|-unboost|p1a: Ting-Lu|spa|1
|cant|p1a: Ting-Lu|slp
|
|-damage|p2a: Pecharunt|80/100 brn|[from] brn
|upkeep
|turn|51
|
|t:|1760384518
|move|p2a: Pecharunt|Hex|p1a: Ting-Lu
|-resisted|p1a: Ting-Lu
|-damage|p1a: Ting-Lu|92/100 slp
|cant|p1a: Ting-Lu|slp
|
|-damage|p2a: Pecharunt|74/100 brn|[from] brn
|upkeep
|turn|52
|inactive|SpongeGar & Patar has 90 seconds left.
|
|t:|1760384527
|move|p2a: Pecharunt|Hex|p1a: Ting-Lu
|-resisted|p1a: Ting-Lu
|-damage|p1a: Ting-Lu|84/100 slp
|-curestatus|p1a: Ting-Lu|slp|[msg]
|move|p1a: Ting-Lu|Rest|p1a: Ting-Lu
|-status|p1a: Ting-Lu|slp|[from] move: Rest
|-heal|p1a: Ting-Lu|100/100 slp|[silent]
|
|-damage|p2a: Pecharunt|68/100 brn|[from] brn
|upkeep
|turn|53
|
|t:|1760384536
|move|p2a: Pecharunt|Hex|p1a: Ting-Lu
|-resisted|p1a: Ting-Lu
|-damage|p1a: Ting-Lu|93/100 slp
|cant|p1a: Ting-Lu|slp
|
|-damage|p2a: Pecharunt|62/100 brn|[from] brn
|upkeep
|turn|54
|
|t:|1760384545
|move|p2a: Pecharunt|Parting Shot|p1a: Ting-Lu
|-unboost|p1a: Ting-Lu|atk|1
|-unboost|p1a: Ting-Lu|spa|1
|cant|p1a: Ting-Lu|slp
|
|-damage|p2a: Pecharunt|56/100 brn|[from] brn
|upkeep
|turn|55
|
|t:|1760384554
|switch|p1a: Cinderace|Cinderace, F|12/100
|move|p2a: Pecharunt|Hex|p1a: Cinderace
|-damage|p1a: Cinderace|0 fnt
|faint|p1a: Cinderace
|
|-damage|p2a: Pecharunt|50/100 brn|[from] brn
|upkeep
|
|t:|1760384562
|switch|p1a: Ting-Lu|Ting-Lu|93/100 slp
|-damage|p1a: Ting-Lu|86/100 slp|[from] Stealth Rock
|-ability|p1a: Ting-Lu|Vessel of Ruin
|turn|56
|
|t:|1760384569
|move|p2a: Pecharunt|Parting Shot|p1a: Ting-Lu
|-unboost|p1a: Ting-Lu|atk|1
|-unboost|p1a: Ting-Lu|spa|1
|-curestatus|p1a: Ting-Lu|slp|[msg]
|move|p1a: Ting-Lu|Earthquake|p2a: Pecharunt
|-supereffective|p2a: Pecharunt
|-damage|p2a: Pecharunt|26/100 brn
|
|-damage|p2a: Pecharunt|20/100 brn|[from] brn
|upkeep
|turn|57
|
|t:|1760384577
|move|p2a: Pecharunt|Recover|p2a: Pecharunt
|-heal|p2a: Pecharunt|70/100 brn
|move|p1a: Ting-Lu|Earthquake|p2a: Pecharunt
|-supereffective|p2a: Pecharunt
|-damage|p2a: Pecharunt|46/100 brn
|
|-damage|p2a: Pecharunt|40/100 brn|[from] brn
|upkeep
|turn|58
|inactive|SpongeGar & Patar has 120 seconds left.
|
|t:|1760384585
|move|p2a: Pecharunt|Parting Shot|p1a: Ting-Lu
|-unboost|p1a: Ting-Lu|atk|1
|-unboost|p1a: Ting-Lu|spa|1
|move|p1a: Ting-Lu|Earthquake|p2a: Pecharunt
|-supereffective|p2a: Pecharunt
|-damage|p2a: Pecharunt|23/100 brn
|
|-damage|p2a: Pecharunt|17/100 brn|[from] brn
|upkeep
|turn|59
|
|t:|1760384593
|move|p2a: Pecharunt|Recover|p2a: Pecharunt
|-heal|p2a: Pecharunt|67/100 brn
|move|p1a: Ting-Lu|Earthquake|p2a: Pecharunt
|-supereffective|p2a: Pecharunt
|-damage|p2a: Pecharunt|49/100 brn
|
|-damage|p2a: Pecharunt|43/100 brn|[from] brn
|upkeep
|turn|60
|
|t:|1760384601
|move|p2a: Pecharunt|Recover|p2a: Pecharunt
|-heal|p2a: Pecharunt|93/100 brn
|move|p1a: Ting-Lu|Earthquake|p2a: Pecharunt
|-supereffective|p2a: Pecharunt
|-damage|p2a: Pecharunt|75/100 brn
|
|-damage|p2a: Pecharunt|69/100 brn|[from] brn
|upkeep
|turn|61
|
|t:|1760384609
|move|p2a: Pecharunt|Malignant Chain|p1a: Ting-Lu
|-resisted|p1a: Ting-Lu
|-damage|p1a: Ting-Lu|79/100
|-status|p1a: Ting-Lu|tox
|-start|p1a: Ting-Lu|confusion|[from] ability: Poison Puppeteer|[of] p2a: Pecharunt
|-activate|p1a: Ting-Lu|confusion
|move|p1a: Ting-Lu|Earthquake|p2a: Pecharunt
|-supereffective|p2a: Pecharunt
|-damage|p2a: Pecharunt|53/100 brn
|
|-damage|p1a: Ting-Lu|73/100 tox|[from] psn
|-damage|p2a: Pecharunt|47/100 brn|[from] brn
|upkeep
|turn|62
|
|t:|1760384617
|move|p2a: Pecharunt|Recover|p2a: Pecharunt
|-heal|p2a: Pecharunt|97/100 brn
|-activate|p1a: Ting-Lu|confusion
|move|p1a: Ting-Lu|Earthquake|p2a: Pecharunt
|-supereffective|p2a: Pecharunt
|-damage|p2a: Pecharunt|78/100 brn
|
|-damage|p1a: Ting-Lu|61/100 tox|[from] psn
|-damage|p2a: Pecharunt|72/100 brn|[from] brn
|upkeep
|turn|63
|
|t:|1760384625
|move|p2a: Pecharunt|Hex|p1a: Ting-Lu
|-resisted|p1a: Ting-Lu
|-damage|p1a: Ting-Lu|53/100 tox
|-end|p1a: Ting-Lu|confusion
|move|p1a: Ting-Lu|Earthquake|p2a: Pecharunt
|-supereffective|p2a: Pecharunt
|-damage|p2a: Pecharunt|55/100 brn
|
|-damage|p1a: Ting-Lu|34/100 tox|[from] psn
|-damage|p2a: Pecharunt|49/100 brn|[from] brn
|upkeep
|turn|64
|
|t:|1760384631
|move|p2a: Pecharunt|Recover|p2a: Pecharunt
|-heal|p2a: Pecharunt|99/100 brn
|move|p1a: Ting-Lu|Earthquake|p2a: Pecharunt
|-supereffective|p2a: Pecharunt
|-damage|p2a: Pecharunt|82/100 brn
|
|-damage|p1a: Ting-Lu|9/100 tox|[from] psn
|-damage|p2a: Pecharunt|76/100 brn|[from] brn
|upkeep
|turn|65
|
|t:|1760384635
|move|p2a: Pecharunt|Hex|p1a: Ting-Lu
|-resisted|p1a: Ting-Lu
|-damage|p1a: Ting-Lu|1/100 tox
|move|p1a: Ting-Lu|Earthquake|p2a: Pecharunt
|-supereffective|p2a: Pecharunt
|-damage|p2a: Pecharunt|59/100 brn
|
|-damage|p1a: Ting-Lu|0 fnt|[from] psn
|faint|p1a: Ting-Lu
|
|win|Swiscool
|raw|SpongeGar &amp; Patar's rating: 1856 &rarr; <strong>1839</strong><br />(-17 for losing)
|raw|Swiscool's rating: 1904 &rarr; <strong>1921</strong><br />(+17 for winning)
