|badge|p2|silver|gen9ou|30-7
|uhtml|medal-msg|<div class="broadcast-blue">Curious what those medals under the avatar are? PS now has Ladder Seasons! For more information, check out the <a href="https://www.smogon.com/forums/threads/3740067/">thread on Smogon.</a></div>
|j|☆Swiscool
|j|☆ouww miguel o hara
|t:|1760362246
|gametype|singles
|player|p1|Swiscool|2|1875
|player|p2|ouww miguel o hara|giovanni|1966
|gen|9
|tier|[Gen 9] OU
|rated|
|rule|HP Percentage Mod: HP is shown in percentages
|rule|Endless Battle Clause: Forcing endless battles is banned
|rule|Species Clause: Limit one of each Pokémon
|rule|OHKO Clause: OHKO moves are banned
|rule|Evasion Items Clause: Evasion items are banned
|rule|Evasion Moves Clause: Evasion moves are banned
|rule|Evasion Abilities Clause: Evasion abilities are banned
|rule|Sleep Moves Clause: Sleep-inducing moves are banned
|clearpoke
|poke|p1|Samurott-Hisui, F|
|poke|p1|Darkrai|
|poke|p1|Kingambit, M|
|poke|p1|Landorus-Therian, M|
|poke|p1|Pecharunt|
|poke|p1|Enamorus, F|
|poke|p2|Zamazenta-*|
|poke|p2|Iron Moth|
|poke|p2|Gliscor, M|
|poke|p2|Clefable, M|
|poke|p2|Blissey, F|
|poke|p2|Dragapult, M|
|teampreview
|inactive|Battle timer is ON: inactive players will automatically lose when time's up. (requested by Swiscool)
|
|t:|1760362265
|teamsize|p1|6
|teamsize|p2|6
|start
|switch|p1a: Samurott|Samurott-Hisui, F|100/100
|switch|p2a: Gliscor|Gliscor, M|100/100
|turn|1
|
|t:|1760362271
|move|p1a: Samurott|Knock Off|p2a: Gliscor
|-damage|p2a: Gliscor|61/100
|-enditem|p2a: Gliscor|Toxic Orb|[from] move: Knock Off|[of] p1a: Samurott
|move|p2a: Gliscor|Toxic|p1a: Samurott
|-status|p1a: Samurott|tox
|
|-damage|p1a: Samurott|94/100 tox|[from] psn
|upkeep
|turn|2
|
|t:|1760362278
|move|p2a: Gliscor|Protect|p2a: Gliscor
|-singleturn|p2a: Gliscor|Protect
|move|p1a: Samurott|Ceaseless Edge|p2a: Gliscor
|-activate|p2a: Gliscor|move: Protect
|
|-damage|p1a: Samurott|82/100 tox|[from] psn
|upkeep
|turn|3
|
|t:|1760362283
|switch|p2a: Zamazenta|Zamazenta|100/100
|-ability|p2a: Zamazenta|Dauntless Shield|boost
|-boost|p2a: Zamazenta|def|1
|move|p1a: Samurott|Razor Shell|p2a: Zamazenta
|-damage|p2a: Zamazenta|79/100
|-unboost|p2a: Zamazenta|def|1
|
|-heal|p2a: Zamazenta|85/100|[from] item: Leftovers
|-damage|p1a: Samurott|63/100 tox|[from] psn
|upkeep
|turn|4
|
|t:|1760362287
|switch|p2a: Gliscor|Gliscor, M|61/100
|switch|p1a: Landorus|Landorus-Therian, M|100/100
|-ability|p1a: Landorus|Intimidate|boost
|-unboost|p2a: Gliscor|atk|1
|
|upkeep
|turn|5
|
|t:|1760362292
|switch|p1a: Samurott|Samurott-Hisui, F|63/100 tox
|move|p2a: Gliscor|Knock Off|p1a: Samurott
|-resisted|p1a: Samurott
|-damage|p1a: Samurott|54/100 tox
|-enditem|p1a: Samurott|Black Glasses|[from] move: Knock Off|[of] p2a: Gliscor
|
|-damage|p1a: Samurott|48/100 tox|[from] psn
|upkeep
|turn|6
|
|t:|1760362297
|move|p2a: Gliscor|Protect|p2a: Gliscor
|-singleturn|p2a: Gliscor|Protect
|move|p1a: Samurott|Ceaseless Edge|p2a: Gliscor
|-activate|p2a: Gliscor|move: Protect
|
|-damage|p1a: Samurott|36/100 tox|[from] psn
|upkeep
|turn|7
|
|t:|1760362304
|move|p1a: Samurott|Ceaseless Edge|p2a: Gliscor
|-damage|p2a: Gliscor|27/100
|-sidestart|p2: ouww miguel o hara|Spikes
|move|p2a: Gliscor|Earthquake|p1a: Samurott
|-damage|p1a: Samurott|8/100 tox
|
|-damage|p1a: Samurott|0 fnt|[from] psn
|faint|p1a: Samurott
|upkeep
|
|t:|1760362316
|switch|p1a: Enamorus|Enamorus, F|100/100
|turn|8
|j| But The Government
|
|t:|1760362321
|switch|p2a: Blissey|Blissey, F|100/100
|move|p1a: Enamorus|Moonblast|p2a: Blissey
|-damage|p2a: Blissey|70/100
|-unboost|p2a: Blissey|spa|1
|
|upkeep
|turn|9
|
|t:|1760362324
|switch|p1a: Landorus|Landorus-Therian, M|100/100
|-ability|p1a: Landorus|Intimidate|boost
|-unboost|p2a: Blissey|atk|1
|move|p2a: Blissey|Stealth Rock|p1a: Landorus
|-sidestart|p1: Swiscool|move: Stealth Rock
|
|upkeep
|turn|10
|l| But The Government
|
|t:|1760362327
|move|p1a: Landorus|Stealth Rock|p2a: Blissey
|-sidestart|p2: ouww miguel o hara|move: Stealth Rock
|move|p2a: Blissey|Ice Beam|p1a: Landorus
|-supereffective|p1a: Landorus
|-damage|p1a: Landorus|55/100
|
|upkeep
|turn|11
|
|t:|1760362332
|switch|p2a: Gliscor|Gliscor, M|27/100
|-damage|p2a: Gliscor|15/100|[from] Stealth Rock
|move|p1a: Landorus|Earthquake|p2a: Gliscor
|-immune|p2a: Gliscor
|
|upkeep
|turn|12
|
|t:|1760362336
|move|p2a: Gliscor|Knock Off|p1a: Landorus
|-damage|p1a: Landorus|40/100
|-damage|p2a: Gliscor|0 fnt|[from] item: Rocky Helmet|[of] p1a: Landorus
|faint|p2a: Gliscor
|move|p1a: Landorus|Stone Edge|p2: Gliscor|[notarget]
|-fail|p1a: Landorus
|
|upkeep
|inactive|ouww miguel o hara has 120 seconds left.
|
|t:|1760362373
|switch|p2a: Dragapult|Dragapult, M|100/100
|turn|13
|
|t:|1760362389
|move|p2a: Dragapult|Dragon Darts|p1a: Landorus
|-damage|p1a: Landorus|26/100
|-anim|p2a: Dragapult|Dragon Darts|p1a: Landorus
|-damage|p1a: Landorus|12/100
|move|p1a: Landorus|Earthquake|p2a: Dragapult
|-damage|p2a: Dragapult|34/100
|
|upkeep
|turn|14
|
|t:|1760362395
|move|p2a: Dragapult|Dragon Darts|p1a: Landorus
|-damage|p1a: Landorus|0 fnt
|faint|p1a: Landorus
|
|upkeep
|
|t:|1760362399
|switch|p1a: Darkrai|Darkrai|100/100
|-damage|p1a: Darkrai|88/100|[from] Stealth Rock
|turn|15
|
|t:|1760362402
|switch|p2a: Blissey|Blissey, F|70/100
|move|p1a: Darkrai|Trick|p2a: Blissey
|-activate|p1a: Darkrai|move: Trick|[of] p2a: Blissey
|-item|p2a: Blissey|Choice Scarf|[from] move: Trick
|-item|p1a: Darkrai|Heavy-Duty Boots|[from] move: Trick
|
|upkeep
|turn|16
|
|t:|1760362412
|switch|p1a: Pecharunt|Pecharunt|100/100
|move|p2a: Blissey|Thunder Wave|p1a: Pecharunt
|-status|p1a: Pecharunt|par
|
|upkeep
|turn|17
|
|t:|1760362417
|switch|p2a: Iron Moth|Iron Moth|100/100
|move|p1a: Pecharunt|Parting Shot|p2a: Iron Moth
|-unboost|p2a: Iron Moth|atk|1
|-unboost|p2a: Iron Moth|spa|1
|
|t:|1760362426
|switch|p1a: Darkrai|Darkrai|88/100|[from] Parting Shot
|
|upkeep
|turn|18
|
|t:|1760362429
|-end|p2a: Iron Moth|Quark Drive|[silent]
|switch|p2a: Blissey|Blissey, F|70/100
|-damage|p2a: Blissey|58/100|[from] Spikes
|-damage|p2a: Blissey|46/100|[from] Stealth Rock
|move|p1a: Darkrai|Dark Pulse|p2a: Blissey
|-damage|p2a: Blissey|30/100
|
|upkeep
|turn|19
|
|t:|1760362435
|switch|p1a: Pecharunt|Pecharunt|100/100 par
|move|p2a: Blissey|Soft-Boiled|p2a: Blissey
|-heal|p2a: Blissey|80/100
|
|upkeep
|turn|20
|
|t:|1760362441
|switch|p2a: Iron Moth|Iron Moth|100/100
|cant|p1a: Pecharunt|par
|
|upkeep
|turn|21
|
|t:|1760362445
|move|p2a: Iron Moth|Fiery Dance|p1a: Pecharunt
|-damage|p1a: Pecharunt|54/100 par
|-boost|p2a: Iron Moth|spa|1
|move|p1a: Pecharunt|Parting Shot|p2a: Iron Moth
|-unboost|p2a: Iron Moth|atk|1
|-unboost|p2a: Iron Moth|spa|1
|
|t:|1760362450
|switch|p1a: Kingambit|Kingambit, M|100/100|[from] Parting Shot
|-damage|p1a: Kingambit|94/100|[from] Stealth Rock
|-activate|p1a: Kingambit|ability: Supreme Overlord
|-start|p1a: Kingambit|fallen2|[silent]
|-item|p1a: Kingambit|Air Balloon
|
|upkeep
|turn|22
|
|t:|1760362462
|-end|p2a: Iron Moth|Quark Drive|[silent]
|switch|p2a: Zamazenta|Zamazenta|85/100
|-damage|p2a: Zamazenta|73/100|[from] Spikes
|-damage|p2a: Zamazenta|67/100|[from] Stealth Rock
|move|p1a: Kingambit|Kowtow Cleave|p2a: Zamazenta
|-resisted|p2a: Zamazenta
|-damage|p2a: Zamazenta|47/100
|
|-heal|p2a: Zamazenta|54/100|[from] item: Leftovers
|upkeep
|turn|23
|
|t:|1760362467
|-end|p1a: Kingambit|fallen2|[silent]
|switch|p1a: Enamorus|Enamorus, F|100/100
|-damage|p1a: Enamorus|76/100|[from] Stealth Rock
|move|p2a: Zamazenta|Crunch|p1a: Enamorus
|-resisted|p1a: Enamorus
|-damage|p1a: Enamorus|58/100
|
|-heal|p2a: Zamazenta|60/100|[from] item: Leftovers
|upkeep
|turn|24
|
|t:|1760362475
|switch|p2a: Blissey|Blissey, F|80/100
|-damage|p2a: Blissey|67/100|[from] Spikes
|-damage|p2a: Blissey|55/100|[from] Stealth Rock
|move|p1a: Enamorus|Moonblast|p2a: Blissey
|-damage|p2a: Blissey|25/100
|
|upkeep
|turn|25
|
|t:|1760362481
|move|p1a: Enamorus|Moonblast|p2a: Blissey
|-damage|p2a: Blissey|0 fnt
|faint|p2a: Blissey
|
|upkeep
|
|t:|1760362484
|switch|p2a: Iron Moth|Iron Moth|100/100
|turn|26
|
|t:|1760362492
|switch|p1a: Darkrai|Darkrai|88/100
|move|p2a: Iron Moth|Fiery Dance|p1a: Darkrai
|-damage|p1a: Darkrai|26/100
|
|upkeep
|turn|27
|
|t:|1760362510
|move|p1a: Darkrai|Dark Pulse|p2a: Iron Moth
|-damage|p2a: Iron Moth|52/100
|cant|p2a: Iron Moth|flinch
|
|upkeep
|turn|28
|
|t:|1760362523
|move|p1a: Darkrai|Dark Pulse|p2a: Iron Moth
|-damage|p2a: Iron Moth|7/100
|move|p2a: Iron Moth|Fiery Dance|p1a: Darkrai
|-damage|p1a: Darkrai|0 fnt
|-boost|p2a: Iron Moth|spa|1
|faint|p1a: Darkrai
|
|upkeep
|
|t:|1760362528
|switch|p1a: Kingambit|Kingambit, M|94/100
|-damage|p1a: Kingambit|88/100|[from] Stealth Rock
|-activate|p1a: Kingambit|ability: Supreme Overlord
|-start|p1a: Kingambit|fallen3|[silent]
|-item|p1a: Kingambit|Air Balloon
|turn|29
|
|t:|1760362539
|move|p1a: Kingambit|Sucker Punch|p2a: Iron Moth
|-damage|p2a: Iron Moth|0 fnt
|faint|p2a: Iron Moth
|-end|p2a: Iron Moth|Quark Drive|[silent]
|
|upkeep
|
|t:|1760362556
|switch|p2a: Dragapult|Dragapult, M|34/100
|turn|30
|
|t:|1760362561
|move|p2a: Dragapult|Substitute|p2a: Dragapult
|-start|p2a: Dragapult|Substitute
|-damage|p2a: Dragapult|9/100
|move|p1a: Kingambit|Kowtow Cleave|p2a: Dragapult
|-supereffective|p2a: Dragapult
|-end|p2a: Dragapult|Substitute
|
|upkeep
|turn|31
|
|t:|1760362565
|move|p2a: Dragapult|Will-O-Wisp|p1a: Kingambit
|-status|p1a: Kingambit|brn
|move|p1a: Kingambit|Kowtow Cleave|p2a: Dragapult
|-supereffective|p2a: Dragapult
|-damage|p2a: Dragapult|0 fnt
|faint|p2a: Dragapult
|
|-damage|p1a: Kingambit|82/100 brn|[from] brn
|upkeep
|inactive|ouww miguel o hara has 120 seconds left.
|
|t:|1760362600
|switch|p2a: Zamazenta|Zamazenta|60/100
|-damage|p2a: Zamazenta|47/100|[from] Spikes
|-damage|p2a: Zamazenta|41/100|[from] Stealth Rock
|turn|32
|
|t:|1760362609
|-end|p1a: Kingambit|fallen3|[silent]
|switch|p1a: Enamorus|Enamorus, F|58/100
|-damage|p1a: Enamorus|33/100|[from] Stealth Rock
|move|p2a: Zamazenta|Crunch|p1a: Enamorus
|-resisted|p1a: Enamorus
|-damage|p1a: Enamorus|15/100
|-boost|p1a: Enamorus|def|1
|
|-heal|p2a: Zamazenta|47/100|[from] item: Leftovers
|upkeep
|turn|33
|
|t:|1760362625
|move|p2a: Zamazenta|Body Press|p1a: Enamorus
|-resisted|p1a: Enamorus
|-damage|p1a: Enamorus|4/100
|move|p1a: Enamorus|Moonblast|p2a: Zamazenta
|-supereffective|p2a: Zamazenta
|-damage|p2a: Zamazenta|0 fnt
|faint|p2a: Zamazenta
|
|upkeep
|
|t:|1760362627
|switch|p2a: Clefable|Clefable, M|100/100
|turn|34
|
|t:|1760362631
|-terastallize|p2a: Clefable|Steel
|move|p1a: Enamorus|Moonblast|p2a: Clefable
|-resisted|p2a: Clefable
|-crit|p2a: Clefable
|-damage|p2a: Clefable|43/100
|-unboost|p2a: Clefable|spa|1
|move|p2a: Clefable|Cosmic Power|p2a: Clefable
|-boost|p2a: Clefable|def|1
|-boost|p2a: Clefable|spd|1
|
|upkeep
|turn|35
|
|t:|1760362641
|move|p1a: Enamorus|Moonblast|p2a: Clefable
|-resisted|p2a: Clefable
|-damage|p2a: Clefable|20/100
|move|p2a: Clefable|Moonlight|p2a: Clefable
|-heal|p2a: Clefable|70/100
|
|upkeep
|turn|36
|
|t:|1760362647
|switch|p1a: Pecharunt|Pecharunt|54/100 par
|move|p2a: Clefable|Cosmic Power|p2a: Clefable
|-boost|p2a: Clefable|def|1
|-boost|p2a: Clefable|spd|1
|
|upkeep
|turn|37
|
|t:|1760362653
|move|p2a: Clefable|Cosmic Power|p2a: Clefable
|-boost|p2a: Clefable|def|1
|-boost|p2a: Clefable|spd|1
|move|p1a: Pecharunt|Parting Shot|p2a: Clefable
|-unboost|p2a: Clefable|atk|1
|-unboost|p2a: Clefable|spa|1
|
|t:|1760362659
|switch|p1a: Kingambit|Kingambit, M|82/100 brn|[from] Parting Shot
|-damage|p1a: Kingambit|75/100 brn|[from] Stealth Rock
|-activate|p1a: Kingambit|ability: Supreme Overlord
|-start|p1a: Kingambit|fallen3|[silent]
|-item|p1a: Kingambit|Air Balloon
|
|-damage|p1a: Kingambit|69/100 brn|[from] brn
|upkeep
|turn|38
|
|t:|1760362662
|move|p1a: Kingambit|Swords Dance|p1a: Kingambit
|-boost|p1a: Kingambit|atk|2
|move|p2a: Clefable|Charge Beam|p1a: Kingambit|[miss]
|-miss|p2a: Clefable|p1a: Kingambit
|
|-damage|p1a: Kingambit|63/100 brn|[from] brn
|upkeep
|turn|39
|
|t:|1760362666
|move|p1a: Kingambit|Kowtow Cleave|p2a: Clefable
|-damage|p2a: Clefable|59/100
|move|p2a: Clefable|Charge Beam|p1a: Kingambit|[miss]
|-miss|p2a: Clefable|p1a: Kingambit
|
|-damage|p1a: Kingambit|57/100 brn|[from] brn
|upkeep
|turn|40
|
|t:|1760362670
|move|p1a: Kingambit|Kowtow Cleave|p2a: Clefable
|-damage|p2a: Clefable|50/100
|move|p2a: Clefable|Moonlight|p2a: Clefable
|-heal|p2a: Clefable|99/100
|
|-damage|p1a: Kingambit|50/100 brn|[from] brn
|upkeep
|turn|41
|
|t:|1760362676
|move|p2a: Clefable|Moonblast|p1a: Kingambit
|-damage|p1a: Kingambit|34/100 brn
|-enditem|p1a: Kingambit|Air Balloon
|move|p1a: Kingambit|Kowtow Cleave|p2a: Clefable
|-crit|p2a: Clefable
|-damage|p2a: Clefable|65/100
|
|-damage|p1a: Kingambit|28/100 brn|[from] brn
|upkeep
|turn|42
|-message|Swiscool forfeited.
|
|win|ouww miguel o hara
|raw|Swiscool's rating: 1875 &rarr; <strong>1860</strong><br />(-15 for losing)
|raw|ouww miguel o hara's rating: 1966 &rarr; <strong>1981</strong><br />(+15 for winning)
|l|☆Swiscool
|player|p1|
|l|☆ouww miguel o hara
|player|p2|
