|j|☆thereallightuvu
|j|☆Arcadia Dominus
|t:|1760360132
|gametype|singles
|player|p1|thereallightuvu|266|1582
|player|p2|Arcadia Dominus|red-masters2|1575
|gen|9
|tier|[Gen 9] OU
|rated|
|rule|HP Percentage Mod: HP is shown in percentages
|rule|Endless Battle Clause: Forcing endless battles is banned
|rule|Species Clause: Limit one of each Pokémon
|rule|OHKO Clause: OHKO moves are banned
|rule|Evasion Items Clause: Evasion items are banned
|rule|Evasion Moves Clause: Evasion moves are banned
|rule|Evasion Abilities Clause: Evasion abilities are banned
|rule|Sleep Moves Clause: Sleep-inducing moves are banned
|clearpoke
|poke|p1|Tyranitar, F|
|poke|p1|Excadrill, F|
|poke|p1|Kingambit, M|
|poke|p1|Garchomp, M|
|poke|p1|Pecharunt|
|poke|p1|Rotom-Wash|
|poke|p2|Rillaboom, M|
|poke|p2|Hawlucha, F|
|poke|p2|Kingambit, F|
|poke|p2|Gholdengo|
|poke|p2|Manaphy|
|poke|p2|Clefable, M|
|teampreview
|inactive|Battle timer is ON: inactive players will automatically lose when time's up. (requested by Arcadia Dominus)
|inactive|thereallightuvu has 120 seconds left.
|
|t:|1760360163
|teamsize|p1|6
|teamsize|p2|6
|start
|switch|p1a: Pecharunt|Pecharunt|100/100
|switch|p2a: The Domain|Rillaboom, M, shiny|100/100
|-fieldstart|move: Grassy Terrain|[from] ability: Grassy Surge|[of] p2a: The Domain
|-item|p1a: Pecharunt|Air Balloon
|turn|1
|
|t:|1760360169
|move|p2a: The Domain|Swords Dance|p2a: The Domain
|-boost|p2a: The Domain|atk|2
|move|p1a: Pecharunt|Malignant Chain|p2a: The Domain
|-supereffective|p2a: The Domain
|-damage|p2a: The Domain|27/100
|
|-heal|p2a: The Domain|33/100|[from] Grassy Terrain
|upkeep
|turn|2
|
|t:|1760360175
|move|p2a: The Domain|Knock Off|p1a: Pecharunt
|-supereffective|p1a: Pecharunt
|-damage|p1a: Pecharunt|42/100
|-enditem|p1a: Pecharunt|Air Balloon
|move|p1a: Pecharunt|Malignant Chain|p2a: The Domain
|-supereffective|p2a: The Domain
|-damage|p2a: The Domain|0 fnt
|faint|p2a: The Domain
|
|-heal|p1a: Pecharunt|48/100|[from] Grassy Terrain
|upkeep
|
|t:|1760360179
|switch|p2a: Clefable|Clefable, M|100/100
|turn|3
|
|t:|1760360193
|-terastallize|p2a: Clefable|Fire
|move|p1a: Pecharunt|Malignant Chain|p2a: Clefable
|-damage|p2a: Clefable|71/100
|move|p2a: Clefable|Calm Mind|p2a: Clefable
|-boost|p2a: Clefable|spa|1
|-boost|p2a: Clefable|spd|1
|
|-heal|p1a: Pecharunt|54/100|[from] Grassy Terrain
|-heal|p2a: Clefable|77/100|[from] Grassy Terrain
|upkeep
|turn|4
|
|t:|1760360204
|move|p1a: Pecharunt|Parting Shot|p2a: Clefable
|-unboost|p2a: Clefable|atk|1
|-unboost|p2a: Clefable|spa|1
|
|t:|1760360218
|switch|p1a: Excadrill|Excadrill, F|100/100|[from] Parting Shot
|move|p2a: Clefable|Stealth Rock|p1a: Excadrill
|-sidestart|p1: thereallightuvu|move: Stealth Rock
|
|-heal|p2a: Clefable|83/100|[from] Grassy Terrain
|upkeep
|turn|5
|
|t:|1760360236
|move|p1a: Excadrill|Rock Slide|p2a: Clefable
|-supereffective|p2a: Clefable
|-damage|p2a: Clefable|29/100
|-damage|p1a: Excadrill|91/100|[from] item: Life Orb
|move|p2a: Clefable|Flamethrower|p1a: Excadrill
|-supereffective|p1a: Excadrill
|-damage|p1a: Excadrill|0 fnt
|faint|p1a: Excadrill
|
|-heal|p2a: Clefable|35/100|[from] Grassy Terrain
|upkeep
|
|t:|1760360243
|switch|p1a: Garchomp|Garchomp, M|100/100
|-damage|p1a: Garchomp|94/100|[from] Stealth Rock
|turn|6
|
|t:|1760360250
|switch|p2a: The Ascendant|Hawlucha, F, shiny|100/100
|-enditem|p2a: The Ascendant|Grassy Seed
|-boost|p2a: The Ascendant|def|1|[from] item: Grassy Seed
|move|p1a: Garchomp|Scale Shot|p2a: The Ascendant
|-damage|p2a: The Ascendant|87/100
|-damage|p2a: The Ascendant|75/100
|-damage|p2a: The Ascendant|60/100
|-damage|p2a: The Ascendant|48/100
|-crit|p2a: The Ascendant
|-damage|p2a: The Ascendant|17/100
|-hitcount|p2a: The Ascendant|5
|-unboost|p1a: Garchomp|def|1
|-boost|p1a: Garchomp|spe|1
|
|-heal|p1a: Garchomp|100/100|[from] Grassy Terrain
|upkeep
|turn|7
|
|t:|1760360261
|move|p2a: The Ascendant|Acrobatics|p1a: Garchomp
|-damage|p1a: Garchomp|25/100
|-damage|p2a: The Ascendant|5/100|[from] ability: Rough Skin|[of] p1a: Garchomp
|move|p1a: Garchomp|Fire Fang|p2a: The Ascendant
|-damage|p2a: The Ascendant|0 fnt
|faint|p2a: The Ascendant
|
|-heal|p1a: Garchomp|32/100|[from] Grassy Terrain
|upkeep
|
|t:|1760360271
|switch|p2a: The Deceiver|Manaphy|100/100
|-enditem|p2a: The Deceiver|Grassy Seed
|-boost|p2a: The Deceiver|def|1|[from] item: Grassy Seed
|turn|8
|
|t:|1760360290
|switch|p1a: Rotom|Rotom-Wash|100/100
|-damage|p1a: Rotom|88/100|[from] Stealth Rock
|move|p2a: The Deceiver|Tail Glow|p2a: The Deceiver
|-boost|p2a: The Deceiver|spa|3
|
|-heal|p1a: Rotom|94/100|[from] item: Leftovers
|-fieldend|move: Grassy Terrain
|upkeep
|turn|9
|
|t:|1760360299
|move|p2a: The Deceiver|Energy Ball|p1a: Rotom
|-supereffective|p1a: Rotom
|-damage|p1a: Rotom|0 fnt
|faint|p1a: Rotom
|
|upkeep
|
|t:|1760360322
|switch|p1a: Tyranitar|Tyranitar, F|100/100
|-damage|p1a: Tyranitar|88/100|[from] Stealth Rock
|-weather|Sandstorm|[from] ability: Sand Stream|[of] p1a: Tyranitar
|turn|10
|
|t:|1760360329
|move|p2a: The Deceiver|Tail Glow|p2a: The Deceiver
|-boost|p2a: The Deceiver|spa|3
|move|p1a: Tyranitar|Thunder Wave|p2a: The Deceiver
|-status|p2a: The Deceiver|par
|
|-weather|Sandstorm|[upkeep]
|-damage|p2a: The Deceiver|94/100 par|[from] Sandstorm
|upkeep
|turn|11
|
|t:|1760360343
|move|p1a: Tyranitar|Knock Off|p2a: The Deceiver
|-damage|p2a: The Deceiver|77/100 par
|move|p2a: The Deceiver|Surf|p1a: Tyranitar
|-supereffective|p1a: Tyranitar
|-crit|p1a: Tyranitar
|-damage|p1a: Tyranitar|0 fnt
|faint|p1a: Tyranitar
|
|-weather|Sandstorm|[upkeep]
|-damage|p2a: The Deceiver|71/100 par|[from] Sandstorm
|upkeep
|
|t:|1760360362
|switch|p1a: Garchomp|Garchomp, M|32/100
|-damage|p1a: Garchomp|25/100|[from] Stealth Rock
|turn|12
|
|t:|1760360374
|move|p1a: Garchomp|Scale Shot|p2a: The Deceiver|[miss]
|-miss|p1a: Garchomp|p2a: The Deceiver
|move|p2a: The Deceiver|Alluring Voice|p1a: Garchomp
|-supereffective|p1a: Garchomp
|-damage|p1a: Garchomp|0 fnt
|faint|p1a: Garchomp
|
|-weather|Sandstorm|[upkeep]
|-damage|p2a: The Deceiver|65/100 par|[from] Sandstorm
|upkeep
|
|t:|1760360382
|switch|p1a: Pecharunt|Pecharunt|54/100
|-damage|p1a: Pecharunt|41/100|[from] Stealth Rock
|turn|13
|
|t:|1760360391
|move|p1a: Pecharunt|Malignant Chain|p2a: The Deceiver
|-crit|p2a: The Deceiver
|-damage|p2a: The Deceiver|22/100 par
|cant|p2a: The Deceiver|par
|
|-weather|Sandstorm|[upkeep]
|-damage|p1a: Pecharunt|35/100|[from] Sandstorm
|-damage|p2a: The Deceiver|16/100 par|[from] Sandstorm
|upkeep
|turn|14
|
|t:|1760360398
|move|p1a: Pecharunt|Malignant Chain|p2a: The Deceiver
|-damage|p2a: The Deceiver|0 fnt
|faint|p2a: The Deceiver
|
|-weather|Sandstorm|[upkeep]
|-damage|p1a: Pecharunt|29/100|[from] Sandstorm
|upkeep
|
|t:|1760360408
|switch|p2a: The Gholden Shower|Gholdengo|100/100
|turn|15
|
|t:|1760360412
|move|p1a: Pecharunt|Shadow Ball|p2a: The Gholden Shower
|-supereffective|p2a: The Gholden Shower
|-damage|p2a: The Gholden Shower|51/100
|-unboost|p2a: The Gholden Shower|spd|1
|move|p2a: The Gholden Shower|Nasty Plot|p2a: The Gholden Shower
|-boost|p2a: The Gholden Shower|spa|2
|
|-weather|Sandstorm|[upkeep]
|-damage|p1a: Pecharunt|23/100|[from] Sandstorm
|upkeep
|turn|16
|
|t:|1760360416
|move|p1a: Pecharunt|Shadow Ball|p2a: The Gholden Shower
|-supereffective|p2a: The Gholden Shower
|-damage|p2a: The Gholden Shower|0 fnt
|faint|p2a: The Gholden Shower
|
|-weather|Sandstorm|[upkeep]
|-damage|p1a: Pecharunt|17/100|[from] Sandstorm
|upkeep
|l|☆Arcadia Dominus
|inactive|Arcadia Dominus disconnected and has a minute to reconnect!
|player|p2|
|inactive|Arcadia Dominus has 30 seconds to reconnect!
|inactive|Arcadia Dominus has 20 seconds to reconnect!
|j|☆Arcadia Dominus
|inactive|Arcadia Dominus reconnected and has 85 seconds left.
|player|p2|Arcadia Dominus|red-masters2|
|
|t:|1760360492
|switch|p2a: The Heretic|Kingambit, F|100/100
|-activate|p2a: The Heretic|ability: Supreme Overlord
|-start|p2a: The Heretic|fallen4|[silent]
|turn|17
|
|t:|1760360497
|move|p1a: Pecharunt|Parting Shot|p2a: The Heretic
|-unboost|p2a: The Heretic|atk|1
|-unboost|p2a: The Heretic|spa|1
|
|t:|1760360501
|switch|p1a: Kingambit|Kingambit, M|100/100|[from] Parting Shot
|-damage|p1a: Kingambit|94/100|[from] Stealth Rock
|-activate|p1a: Kingambit|ability: Supreme Overlord
|-start|p1a: Kingambit|fallen4|[silent]
|move|p2a: The Heretic|Swords Dance|p2a: The Heretic
|-boost|p2a: The Heretic|atk|2
|
|-weather|none
|upkeep
|turn|18
|
|t:|1760360515
|move|p1a: Kingambit|Swords Dance|p1a: Kingambit
|-boost|p1a: Kingambit|atk|2
|move|p2a: The Heretic|Iron Head|p1a: Kingambit
|-resisted|p1a: Kingambit
|-damage|p1a: Kingambit|55/100
|
|upkeep
|turn|19
|
|t:|1760360535
|move|p1a: Kingambit|Iron Head|p2a: The Heretic
|-resisted|p2a: The Heretic
|-damage|p2a: The Heretic|56/100
|cant|p2a: The Heretic|flinch
|
|upkeep
|turn|20
|
|t:|1760360542
|move|p1a: Kingambit|Kowtow Cleave|p2a: The Heretic
|-resisted|p2a: The Heretic
|-damage|p2a: The Heretic|0 fnt
|faint|p2a: The Heretic
|-end|p2a: The Heretic|fallen4|[silent]
|
|upkeep
|c|☆Arcadia Dominus|Gg
|c|☆Arcadia Dominus|Nice hax
|-message|Arcadia Dominus forfeited.
|
|win|thereallightuvu
|raw|thereallightuvu's rating: 1582 &rarr; <strong>1602</strong><br />(+20 for winning)
|raw|Arcadia Dominus's rating: 1575 &rarr; <strong>1555</strong><br />(-20 for losing)
|c|☆thereallightuvu|gg
|l|☆Arcadia Dominus
|player|p2|
