|j|☆Romuo
|j|☆necrohearts
|t:|1760460499
|gametype|singles
|player|p1|Romuo|blackbelt|1149
|player|p2|necrohearts|jupiter|1144
|gen|9
|tier|[Gen 9] OU
|rated|
|rule|HP Percentage Mod: HP is shown in percentages
|rule|Endless Battle Clause: Forcing endless battles is banned
|rule|Species Clause: Limit one of each Pokémon
|rule|OHKO Clause: OHKO moves are banned
|rule|Evasion Items Clause: Evasion items are banned
|rule|Evasion Moves Clause: Evasion moves are banned
|rule|Evasion Abilities Clause: Evasion abilities are banned
|rule|Sleep Moves Clause: Sleep-inducing moves are banned
|clearpoke
|poke|p1|Haxorus, M|
|poke|p1|Azumarill, F|
|poke|p1|Chandelure, M|
|poke|p1|Glimmora, F|
|poke|p1|Zamazenta-*|
|poke|p1|Thundurus-Therian, M|
|poke|p2|Darkrai|
|poke|p2|Great Tusk|
|poke|p2|Dragonite, F|
|poke|p2|Cinderace, F|
|poke|p2|Corviknight, M|
|poke|p2|Primarina, M|
|teampreview
|inactive|Battle timer is ON: inactive players will automatically lose when time's up. (requested by Romuo)
|j| addy0207
|l| addy0207
|
|t:|1760460527
|teamsize|p1|6
|teamsize|p2|6
|start
|switch|p1a: Plug|Glimmora, F, shiny|100/100
|switch|p2a: Great Tusk|Great Tusk|100/100
|turn|1
|
|t:|1760460553
|-terastallize|p1a: Plug|Flying
|move|p2a: Great Tusk|Rapid Spin|p1a: Plug
|-damage|p1a: Plug|85/100
|-boost|p2a: Great Tusk|spe|1
|-activate|p1a: Plug|ability: Toxic Debris
|-sidestart|p2: necrohearts|move: Toxic Spikes
|-sideend|p2: necrohearts|Toxic Spikes|[from] move: Rapid Spin|[of] p2a: Great Tusk
|move|p1a: Plug|Earth Power|p2a: Great Tusk
|-damage|p2a: Great Tusk|58/100
|
|upkeep
|turn|2
|inactive|Romuo has 120 seconds left.
|
|t:|1760460576
|move|p2a: Great Tusk|Ice Spinner|p1a: Plug
|-supereffective|p1a: Plug
|-crit|p1a: Plug
|-damage|p1a: Plug|0 fnt
|-activate|p1a: Plug|ability: Toxic Debris
|-sidestart|p2: necrohearts|move: Toxic Spikes
|faint|p1a: Plug
|
|upkeep
|inactive|Romuo has 120 seconds left.
|
|t:|1760460588
|switch|p1a: Bibi|Azumarill, F, shiny|100/100
|turn|3
|
|t:|1760460597
|move|p1a: Bibi|Aqua Jet|p2a: Great Tusk
|-supereffective|p2a: Great Tusk
|-damage|p2a: Great Tusk|23/100
|-damage|p1a: Bibi|84/100|[from] item: Rocky Helmet|[of] p2a: Great Tusk
|move|p2a: Great Tusk|Rapid Spin|p1a: Bibi
|-damage|p1a: Bibi|68/100
|-boost|p2a: Great Tusk|spe|1
|-sideend|p2: necrohearts|Toxic Spikes|[from] move: Rapid Spin|[of] p2a: Great Tusk
|
|-heal|p1a: Bibi|74/100|[from] item: Leftovers
|upkeep
|turn|4
|
|t:|1760460616
|move|p1a: Bibi|Aqua Jet|p2a: Great Tusk
|-supereffective|p2a: Great Tusk
|-damage|p2a: Great Tusk|0 fnt
|-damage|p1a: Bibi|57/100|[from] item: Rocky Helmet|[of] p2a: Great Tusk
|faint|p2a: Great Tusk
|-end|p2a: Great Tusk|Protosynthesis|[silent]
|
|-heal|p1a: Bibi|64/100|[from] item: Leftovers
|upkeep
|
|t:|1760460629
|switch|p2a: Primarina|Primarina, M|100/100
|turn|5
|
|t:|1760460633
|move|p2a: Primarina|Substitute|p2a: Primarina
|-start|p2a: Primarina|Substitute
|-damage|p2a: Primarina|75/100
|move|p1a: Bibi|Knock Off|p2a: Primarina
|-resisted|p2a: Primarina
|-activate|p2a: Primarina|move: Substitute|[damage]
|
|-heal|p2a: Primarina|82/100|[from] item: Leftovers
|-heal|p1a: Bibi|70/100|[from] item: Leftovers
|upkeep
|turn|6
|
|t:|1760460645
|move|p2a: Primarina|Calm Mind|p2a: Primarina
|-boost|p2a: Primarina|spa|1
|-boost|p2a: Primarina|spd|1
|move|p1a: Bibi|Play Rough|p2a: Primarina
|-end|p2a: Primarina|Substitute
|
|-heal|p2a: Primarina|88/100|[from] item: Leftovers
|-heal|p1a: Bibi|76/100|[from] item: Leftovers
|upkeep
|turn|7
|
|t:|1760460655
|move|p2a: Primarina|Substitute|p2a: Primarina
|-start|p2a: Primarina|Substitute
|-damage|p2a: Primarina|63/100
|move|p1a: Bibi|Knock Off|p2a: Primarina
|-resisted|p2a: Primarina
|-activate|p2a: Primarina|move: Substitute|[damage]
|
|-heal|p2a: Primarina|69/100|[from] item: Leftovers
|-heal|p1a: Bibi|82/100|[from] item: Leftovers
|upkeep
|turn|8
|
|t:|1760460664
|move|p2a: Primarina|Calm Mind|p2a: Primarina
|-boost|p2a: Primarina|spa|1
|-boost|p2a: Primarina|spd|1
|move|p1a: Bibi|Play Rough|p2a: Primarina
|-end|p2a: Primarina|Substitute
|
|-heal|p2a: Primarina|75/100|[from] item: Leftovers
|-heal|p1a: Bibi|88/100|[from] item: Leftovers
|upkeep
|turn|9
|
|t:|1760460676
|move|p2a: Primarina|Substitute|p2a: Primarina
|-start|p2a: Primarina|Substitute
|-damage|p2a: Primarina|50/100
|move|p1a: Bibi|Play Rough|p2a: Primarina
|-end|p2a: Primarina|Substitute
|
|-heal|p2a: Primarina|56/100|[from] item: Leftovers
|-heal|p1a: Bibi|95/100|[from] item: Leftovers
|upkeep
|turn|10
|
|t:|1760460685
|move|p2a: Primarina|Draining Kiss|p1a: Bibi
|-damage|p1a: Bibi|50/100
|-heal|p2a: Primarina|93/100|[from] drain|[of] p1a: Bibi
|move|p1a: Bibi|Play Rough|p2a: Primarina|[miss]
|-miss|p1a: Bibi|p2a: Primarina
|
|-heal|p2a: Primarina|99/100|[from] item: Leftovers
|-heal|p1a: Bibi|56/100|[from] item: Leftovers
|upkeep
|turn|11
|
|t:|1760460696
|move|p2a: Primarina|Substitute|p2a: Primarina
|-start|p2a: Primarina|Substitute
|-damage|p2a: Primarina|74/100
|move|p1a: Bibi|Play Rough|p2a: Primarina
|-end|p2a: Primarina|Substitute
|
|-heal|p2a: Primarina|80/100|[from] item: Leftovers
|-heal|p1a: Bibi|62/100|[from] item: Leftovers
|upkeep
|turn|12
|
|t:|1760460705
|move|p2a: Primarina|Draining Kiss|p1a: Bibi
|-damage|p1a: Bibi|19/100
|-heal|p2a: Primarina|100/100|[from] drain|[of] p1a: Bibi
|move|p1a: Bibi|Play Rough|p2a: Primarina
|-damage|p2a: Primarina|49/100
|
|-heal|p2a: Primarina|55/100|[from] item: Leftovers
|-heal|p1a: Bibi|25/100|[from] item: Leftovers
|upkeep
|turn|13
|
|t:|1760460716
|move|p2a: Primarina|Draining Kiss|p1a: Bibi
|-damage|p1a: Bibi|0 fnt
|-heal|p2a: Primarina|76/100|[from] drain|[of] p1a: Bibi
|faint|p1a: Bibi
|
|-heal|p2a: Primarina|82/100|[from] item: Leftovers
|upkeep
|
|t:|1760460725
|switch|p1a: Starwolf|Zamazenta|100/100
|-ability|p1a: Starwolf|Dauntless Shield|boost
|-boost|p1a: Starwolf|def|1
|turn|14
|
|t:|1760460735
|move|p1a: Starwolf|Body Slam|p2a: Primarina
|-damage|p2a: Primarina|50/100
|-damage|p1a: Starwolf|91/100|[from] item: Life Orb
|move|p2a: Primarina|Draining Kiss|p1a: Starwolf
|-supereffective|p1a: Starwolf
|-damage|p1a: Starwolf|18/100
|-heal|p2a: Primarina|99/100|[from] drain|[of] p1a: Starwolf
|
|-heal|p2a: Primarina|100/100|[from] item: Leftovers
|upkeep
|turn|15
|-message|Romuo forfeited.
|
|win|necrohearts
|raw|Romuo's rating: 1149 &rarr; <strong>1124</strong><br />(-25 for losing)
|raw|necrohearts's rating: 1144 &rarr; <strong>1169</strong><br />(+25 for winning)
|l|☆Romuo
|player|p1|
