|j|☆Haruto116116
|j|☆spotifytweaks
|t:|1760320374
|gametype|singles
|player|p1|Haruto116116|lucas|
|player|p2|spotifytweaks|102|
|gen|9
|tier|[Gen 9] OU
|rule|HP Percentage Mod: HP is shown in percentages
|rule|Endless Battle Clause: Forcing endless battles is banned
|rule|Species Clause: Limit one of each Pokémon
|rule|OHKO Clause: OHKO moves are banned
|rule|Evasion Items Clause: Evasion items are banned
|rule|Evasion Moves Clause: Evasion moves are banned
|rule|Evasion Abilities Clause: Evasion abilities are banned
|rule|Sleep Moves Clause: Sleep-inducing moves are banned
|clearpoke
|poke|p1|Torkoal, F|
|poke|p1|Hatterene, F|
|poke|p1|Raging Bolt|
|poke|p1|Slither Wing|
|poke|p1|Venusaur, M|
|poke|p1|Walking Wake|
|poke|p2|Great Tusk|
|poke|p2|Heatran, M|
|poke|p2|Weavile, M|
|poke|p2|Primarina, M|
|poke|p2|Ogerpon, F|
|poke|p2|Pecharunt|
|teampreview
|inactive|Battle timer is ON: inactive players will automatically lose when time's up. (requested by spotifytweaks)
|
|t:|1760320391
|teamsize|p1|6
|teamsize|p2|6
|start
|switch|p1a: Raging Bolt|Raging Bolt|100/100
|switch|p2a: Chaos|Heatran, M, shiny|100/100
|-item|p2a: Chaos|Air Balloon
|turn|1
|
|t:|1760320403
|move|p1a: Raging Bolt|Thunderclap||[still]
|-fail|p1a: Raging Bolt
|move|p2a: Chaos|Stealth Rock|p1a: Raging Bolt
|-sidestart|p1: Haruto116116|move: Stealth Rock
|
|upkeep
|turn|2
|
|t:|1760320420
|-end|p1a: Raging Bolt|Protosynthesis|[silent]
|switch|p1a: Torkoal|Torkoal, F|100/100
|-damage|p1a: Torkoal|76/100|[from] Stealth Rock
|-weather|SunnyDay|[from] ability: Drought|[of] p1a: Torkoal
|move|p2a: Chaos|Earth Power|p1a: Torkoal
|-supereffective|p1a: Torkoal
|-damage|p1a: Torkoal|0 fnt
|faint|p1a: Torkoal
|
|-weather|SunnyDay|[upkeep]
|upkeep
|
|t:|1760320439
|switch|p1a: Walking Wake|Walking Wake|100/100
|-damage|p1a: Walking Wake|88/100|[from] Stealth Rock
|-activate|p1a: Walking Wake|ability: Protosynthesis
|-start|p1a: Walking Wake|protosynthesisspe
|turn|3
|
|t:|1760320446
|switch|p2a: Celestine|Primarina, M, shiny|100/100
|move|p1a: Walking Wake|Hydro Steam|p2a: Celestine
|-resisted|p2a: Celestine
|-damage|p2a: Celestine|83/100
|
|-weather|SunnyDay|[upkeep]
|upkeep
|turn|4
|
|t:|1760320449
|move|p1a: Walking Wake|Flip Turn|p2a: Celestine
|-resisted|p2a: Celestine
|-damage|p2a: Celestine|78/100
|
|t:|1760320451
|-end|p1a: Walking Wake|Protosynthesis|[silent]
|switch|p1a: Venusaur|Venusaur, M|100/100|[from] Flip Turn
|-damage|p1a: Venusaur|88/100|[from] Stealth Rock
|move|p2a: Celestine|Moonblast|p1a: Venusaur
|-resisted|p1a: Venusaur
|-damage|p1a: Venusaur|55/100
|
|-weather|SunnyDay|[upkeep]
|upkeep
|turn|5
|
|t:|1760320456
|move|p1a: Venusaur|Growth|p1a: Venusaur
|-boost|p1a: Venusaur|atk|2
|-boost|p1a: Venusaur|spa|2
|move|p2a: Celestine|Flip Turn|p1a: Venusaur
|-resisted|p1a: Venusaur
|-damage|p1a: Venusaur|51/100
|
|t:|1760320469
|switch|p2a: Overseer|Pecharunt|100/100|[from] Flip Turn
|
|-weather|SunnyDay|[upkeep]
|upkeep
|turn|6
|
|t:|1760320482
|move|p1a: Venusaur|Earthquake|p2a: Overseer
|-supereffective|p2a: Overseer
|-damage|p2a: Overseer|50/100
|-damage|p1a: Venusaur|41/100|[from] item: Life Orb
|move|p2a: Overseer|Malignant Chain|p1a: Venusaur
|-damage|p1a: Venusaur|4/100
|
|-weather|SunnyDay|[upkeep]
|upkeep
|turn|7
|
|t:|1760320488
|switch|p2a: Chaos|Heatran, M, shiny|100/100
|-item|p2a: Chaos|Air Balloon
|move|p1a: Venusaur|Weather Ball|p2a: Chaos
|-start|p2a: Chaos|ability: Flash Fire
|
|-weather|SunnyDay|[upkeep]
|upkeep
|turn|8
|
|t:|1760320493
|move|p1a: Venusaur|Giga Drain|p2a: Chaos
|-resisted|p2a: Chaos
|-damage|p2a: Chaos|79/100
|-heal|p1a: Venusaur|15/100|[from] drain|[of] p2a: Chaos
|-enditem|p2a: Chaos|Air Balloon
|-damage|p1a: Venusaur|5/100|[from] item: Life Orb
|move|p2a: Chaos|Earth Power|p1a: Venusaur
|-damage|p1a: Venusaur|0 fnt
|faint|p1a: Venusaur
|
|-weather|SunnyDay|[upkeep]
|upkeep
|
|t:|1760320499
|switch|p1a: Walking Wake|Walking Wake|88/100
|-damage|p1a: Walking Wake|76/100|[from] Stealth Rock
|-activate|p1a: Walking Wake|ability: Protosynthesis
|-start|p1a: Walking Wake|protosynthesisspe
|turn|9
|
|t:|1760320505
|-end|p2a: Chaos|ability: Flash Fire|[silent]
|switch|p2a: Celestine|Primarina, M, shiny|78/100
|move|p1a: Walking Wake|Flip Turn|p2a: Celestine
|-resisted|p2a: Celestine
|-damage|p2a: Celestine|74/100
|
|t:|1760320507
|-end|p1a: Walking Wake|Protosynthesis|[silent]
|switch|p1a: Raging Bolt|Raging Bolt|100/100|[from] Flip Turn
|-damage|p1a: Raging Bolt|88/100|[from] Stealth Rock
|-activate|p1a: Raging Bolt|ability: Protosynthesis
|-start|p1a: Raging Bolt|protosynthesisspa
|
|-weather|none
|-end|p1a: Raging Bolt|Protosynthesis
|upkeep
|turn|10
|
|t:|1760320515
|-end|p1a: Raging Bolt|Protosynthesis|[silent]
|switch|p1a: Slither Wing|Slither Wing|100/100
|-damage|p1a: Slither Wing|88/100|[from] Stealth Rock
|-terastallize|p2a: Celestine|Ground
|move|p2a: Celestine|Moonblast|p1a: Slither Wing
|-supereffective|p1a: Slither Wing
|-damage|p1a: Slither Wing|22/100
|-unboost|p1a: Slither Wing|spa|1
|
|upkeep
|turn|11
|
|t:|1760320525
|switch|p2a: Chaos|Heatran, M, shiny|79/100
|move|p1a: Slither Wing|First Impression|p2a: Chaos
|-resisted|p2a: Chaos
|-damage|p2a: Chaos|67/100
|
|upkeep
|turn|12
|
|t:|1760320529
|move|p2a: Chaos|Magma Storm|p1a: Slither Wing
|-supereffective|p1a: Slither Wing
|-damage|p1a: Slither Wing|0 fnt
|faint|p1a: Slither Wing
|-end|p1a: Slither Wing|Protosynthesis|[silent]
|
|upkeep
|
|t:|1760320534
|switch|p1a: Hatterene|Hatterene, F|100/100
|-damage|p1a: Hatterene|88/100|[from] Stealth Rock
|-item|p1a: Hatterene|Air Balloon
|turn|13
|c|☆Haruto116116|Fuck is this sample
|-message|Haruto116116 forfeited.
|
|win|spotifytweaks
|l|☆Haruto116116
|player|p1|
