|j|☆chaitu
|j|☆lvcinda
|inactive|Battle timer is ON: inactive players will automatically lose when time's up.
|t:|1760300233
|gametype|singles
|player|p1|chaitu|gentleman-gen4|
|player|p2|lvcinda|cynthia-gen4|
|gen|9
|tier|[Gen 9] OU
|rated|Tournament battle
|rule|HP Percentage Mod: HP is shown in percentages
|rule|Endless Battle Clause: Forcing endless battles is banned
|rule|Species Clause: Limit one of each Pokémon
|rule|OHKO Clause: OHKO moves are banned
|rule|Evasion Items Clause: Evasion items are banned
|rule|Evasion Moves Clause: Evasion moves are banned
|rule|Evasion Abilities Clause: Evasion abilities are banned
|rule|Sleep Moves Clause: Sleep-inducing moves are banned
|raw|<div class="infobox"><details class="readmore" open><summary><strong>1 custom rule:</strong></summary> -wobbuffet</details></div>
|clearpoke
|poke|p1|Krookodile, F|
|poke|p1|Grimer-Alola, M|
|poke|p1|Tinkatuff, F|
|poke|p2|Golurk|
|poke|p2|Cacnea, M|
|poke|p2|Luxio, M|
|teampreview
|j|*Lady Monita ☀
|
|t:|1760300252
|teamsize|p1|3
|teamsize|p2|3
|start
|switch|p1a: Grimer|Grimer-Alola, M|100/100
|switch|p2a: Golurk|Golurk, shiny|100/100
|turn|1
|
|t:|1760300257
|switch|p1a: Krookodile|Krookodile, F, shiny|100/100
|-ability|p1a: Krookodile|Intimidate|boost
|-unboost|p2a: Golurk|atk|1
|move|p2a: Golurk|Earthquake|p1a: Krookodile
|-damage|p1a: Krookodile|52/100
|
|upkeep
|turn|2
|
|t:|1760300263
|switch|p1a: Grimer|Grimer-Alola, M|100/100
|switch|p2a: lil king|Cacnea, M, shiny|100/100
|
|upkeep
|turn|3
|
|t:|1760300272
|move|p2a: lil king|Drain Punch|p1a: Grimer
|-damage|p1a: Grimer|75/100
|move|p1a: Grimer|Knock Off|p2a: lil king
|-damage|p2a: lil king|44/100
|-enditem|p2a: lil king|Eviolite|[from] move: Knock Off|[of] p1a: Grimer
|
|upkeep
|turn|4
|
|t:|1760300278
|move|p2a: lil king|Drain Punch|p1a: Grimer
|-damage|p1a: Grimer|54/100
|-heal|p2a: lil king|57/100|[from] drain|[of] p1a: Grimer
|move|p1a: Grimer|Poison Jab|p2a: lil king
|-supereffective|p2a: lil king
|-damage|p2a: lil king|0 fnt
|faint|p2a: lil king
|
|upkeep
|
|t:|1760300286
|switch|p2a: Golurk|Golurk, shiny|100/100
|turn|5
|
|t:|1760300289
|move|p2a: Golurk|Earthquake|p1a: Grimer
|-supereffective|p1a: Grimer
|-damage|p1a: Grimer|0 fnt
|faint|p1a: Grimer
|
|upkeep
|
|t:|1760300292
|switch|p1a: Krookodile|Krookodile, F, shiny|52/100
|-ability|p1a: Krookodile|Intimidate|boost
|-unboost|p2a: Golurk|atk|1
|turn|6
|
|t:|1760300297
|switch|p2a: Luxio|Luxio, M, shiny|100/100
|-ability|p2a: Luxio|Intimidate|boost
|-unboost|p1a: Krookodile|atk|1
|-terastallize|p1a: Krookodile|Ground
|move|p1a: Krookodile|Knock Off|p2a: Luxio
|-damage|p2a: Luxio|50/100
|-enditem|p2a: Luxio|Eviolite|[from] move: Knock Off|[of] p1a: Krookodile
|-damage|p1a: Krookodile|42/100|[from] item: Life Orb
|
|upkeep
|turn|7
|
|t:|1760300302
|switch|p1a: Tinkatuff|Tinkatuff, F|100/100
|-ability|p1a: Tinkatuff|Mold Breaker
|move|p2a: Luxio|Trailblaze|p1a: Tinkatuff
|-resisted|p1a: Tinkatuff
|-damage|p1a: Tinkatuff|92/100
|-boost|p2a: Luxio|spe|1
|
|upkeep
|turn|8
|
|t:|1760300308
|move|p1a: Tinkatuff|Fake Out|p2a: Luxio
|-damage|p2a: Luxio|34/100
|cant|p2a: Luxio|flinch
|
|upkeep
|turn|9
|
|t:|1760300312
|move|p2a: Luxio|Wild Charge|p1a: Tinkatuff
|-damage|p1a: Tinkatuff|41/100
|-damage|p2a: Luxio|21/100|[from] Recoil
|move|p1a: Tinkatuff|Play Rough|p2a: Luxio
|-damage|p2a: Luxio|0 fnt
|faint|p2a: Luxio
|
|upkeep
|
|t:|1760300315
|switch|p2a: Golurk|Golurk, shiny|100/100
|turn|10
|
|t:|1760300318
|move|p1a: Tinkatuff|Ice Hammer|p2a: Golurk
|-supereffective|p2a: Golurk
|-damage|p2a: Golurk|50/100
|-unboost|p1a: Tinkatuff|spe|1
|move|p2a: Golurk|Earthquake|p1a: Tinkatuff
|-supereffective|p1a: Tinkatuff
|-damage|p1a: Tinkatuff|0 fnt
|faint|p1a: Tinkatuff
|
|upkeep
|
|t:|1760300321
|switch|p1a: Krookodile|Krookodile, F, shiny, tera:Ground|42/100
|-ability|p1a: Krookodile|Intimidate|boost
|-unboost|p2a: Golurk|atk|1
|turn|11
|
|t:|1760300328
|-terastallize|p2a: Golurk|Fighting
|move|p1a: Krookodile|Knock Off|p2a: Golurk
|-resisted|p2a: Golurk
|-damage|p2a: Golurk|15/100
|-enditem|p2a: Golurk|Assault Vest|[from] move: Knock Off|[of] p1a: Krookodile
|-damage|p1a: Krookodile|32/100|[from] item: Life Orb
|move|p2a: Golurk|Dynamic Punch|p1a: Krookodile
|-damage|p1a: Krookodile|0 fnt
|faint|p1a: Krookodile
|
|win|lvcinda
|n|☆chaitu|chaitu
|n|☆lvcinda|lvcinda
|n|*Lady Monita ☀|ladymonita
