|j|☆vinskuno
|j|☆Agent Derf
|t:|1760333788
|gametype|singles
|player|p1|vinskuno|2|1371
|player|p2|Agent Derf|102|1434
|gen|9
|tier|[Gen 9] OU
|rated|
|rule|HP Percentage Mod: HP is shown in percentages
|rule|Endless Battle Clause: Forcing endless battles is banned
|rule|Species Clause: Limit one of each Pokémon
|rule|OHKO Clause: OHKO moves are banned
|rule|Evasion Items Clause: Evasion items are banned
|rule|Evasion Moves Clause: Evasion moves are banned
|rule|Evasion Abilities Clause: Evasion abilities are banned
|rule|Sleep Moves Clause: Sleep-inducing moves are banned
|clearpoke
|poke|p1|Pincurchin, M|
|poke|p1|Iron Valiant|
|poke|p1|Iron Treads|
|poke|p1|Iron Leaves|
|poke|p1|Alomomola, F|
|poke|p1|Garganacl, F|
|poke|p2|Typhlosion-Hisui, F|
|poke|p2|Ogerpon-Wellspring, F|
|poke|p2|Mienshao, F|
|poke|p2|Great Tusk|
|poke|p2|Glimmora, M|
|poke|p2|Dragapult, F|
|teampreview
|inactive|Battle timer is ON: inactive players will automatically lose when time's up. (requested by vinskuno)
|
|t:|1760333823
|teamsize|p1|6
|teamsize|p2|6
|start
|switch|p1a: Iron Treads|Iron Treads|100/100
|switch|p2a: Mienshao|Mienshao, F|100/100
|turn|1
|
|t:|1760333833
|-end|p1a: Iron Treads|Quark Drive|[silent]
|switch|p1a: Alomomola|Alomomola, F|100/100
|move|p2a: Mienshao|High Jump Kick|p1a: Alomomola|[miss]
|-miss|p2a: Mienshao|p1a: Alomomola
|-damage|p2a: Mienshao|51/100|[from] highjumpkick
|
|upkeep
|turn|2
|
|t:|1760333842
|move|p2a: Mienshao|High Jump Kick|p1a: Alomomola|[miss]
|-miss|p2a: Mienshao|p1a: Alomomola
|-damage|p2a: Mienshao|1/100|[from] highjumpkick
|move|p1a: Alomomola|Flip Turn|p2a: Mienshao
|-damage|p2a: Mienshao|0 fnt
|faint|p2a: Mienshao
|
|t:|1760333850
|switch|p1a: Pincurchin|Pincurchin, M|100/100|[from] Flip Turn
|-fieldstart|move: Electric Terrain|[from] ability: Electric Surge|[of] p1a: Pincurchin
|
|upkeep
|
|t:|1760333863
|switch|p2a: Dragapult|Dragapult, F|100/100
|turn|3
|
|t:|1760333869
|switch|p1a: Garganacl|Garganacl, F|100/100
|move|p2a: Dragapult|Substitute|p2a: Dragapult
|-start|p2a: Dragapult|Substitute
|-damage|p2a: Dragapult|76/100
|
|-heal|p2a: Dragapult|82/100|[from] item: Leftovers
|upkeep
|turn|4
|
|t:|1760333886
|move|p2a: Dragapult|Dragon Darts|p1a: Garganacl
|-damage|p1a: Garganacl|82/100
|-anim|p2a: Dragapult|Dragon Darts|p1a: Garganacl
|-damage|p1a: Garganacl|65/100
|move|p1a: Garganacl|Salt Cure|p2a: Dragapult
|-activate|p2a: Dragapult|move: Substitute|[damage]
|
|-heal|p2a: Dragapult|88/100|[from] item: Leftovers
|-heal|p1a: Garganacl|71/100|[from] item: Leftovers
|upkeep
|turn|5
|
|t:|1760333899
|move|p2a: Dragapult|Dragon Darts|p1a: Garganacl
|-damage|p1a: Garganacl|54/100
|-anim|p2a: Dragapult|Dragon Darts|p1a: Garganacl
|-damage|p1a: Garganacl|37/100
|move|p1a: Garganacl|Stealth Rock|p2a: Dragapult
|-sidestart|p2: Agent Derf|move: Stealth Rock
|
|-heal|p2a: Dragapult|94/100|[from] item: Leftovers
|-heal|p1a: Garganacl|44/100|[from] item: Leftovers
|upkeep
|turn|6
|
|t:|1760333909
|move|p2a: Dragapult|Dragon Dance|p2a: Dragapult
|-boost|p2a: Dragapult|atk|1
|-boost|p2a: Dragapult|spe|1
|move|p1a: Garganacl|Recover|p1a: Garganacl
|-heal|p1a: Garganacl|94/100
|
|-heal|p2a: Dragapult|99/100|[from] item: Leftovers
|-heal|p1a: Garganacl|99/100|[from] item: Leftovers
|upkeep
|turn|7
|
|t:|1760333929
|move|p2a: Dragapult|Dragon Dance|p2a: Dragapult
|-boost|p2a: Dragapult|atk|1
|-boost|p2a: Dragapult|spe|1
|move|p1a: Garganacl|Salt Cure|p2a: Dragapult
|-end|p2a: Dragapult|Substitute
|
|-heal|p2a: Dragapult|100/100|[from] item: Leftovers
|-heal|p1a: Garganacl|100/100|[from] item: Leftovers
|upkeep
|turn|8
|inactive|vinskuno has 120 seconds left.
|
|t:|1760333964
|switch|p1a: Alomomola|Alomomola, F|100/100
|move|p2a: Dragapult|Substitute|p2a: Dragapult
|-start|p2a: Dragapult|Substitute
|-damage|p2a: Dragapult|76/100
|
|-heal|p2a: Dragapult|82/100|[from] item: Leftovers
|upkeep
|turn|9
|inactive|vinskuno has 120 seconds left.
|
|t:|1760333973
|move|p2a: Dragapult|Dragon Dance|p2a: Dragapult
|-boost|p2a: Dragapult|atk|1
|-boost|p2a: Dragapult|spe|1
|move|p1a: Alomomola|Flip Turn|p2a: Dragapult
|-resisted|p2a: Dragapult
|-activate|p2a: Dragapult|move: Substitute|[damage]
|inactive|vinskuno has 120 seconds left.
|
|t:|1760333985
|switch|p1a: Iron Treads|Iron Treads|100/100|[from] Flip Turn
|-activate|p1a: Iron Treads|ability: Quark Drive
|-start|p1a: Iron Treads|quarkdriveatk
|
|-heal|p2a: Dragapult|88/100|[from] item: Leftovers
|-fieldend|move: Electric Terrain
|-end|p1a: Iron Treads|Quark Drive
|upkeep
|turn|10
|inactive|vinskuno has 120 seconds left.
|
|t:|1760333998
|-terastallize|p2a: Dragapult|Fire
|move|p2a: Dragapult|Tera Blast|p1a: Iron Treads|[anim] Tera Blast Fire
|-supereffective|p1a: Iron Treads
|-damage|p1a: Iron Treads|0 fnt
|faint|p1a: Iron Treads
|-end|p1a: Iron Treads|Quark Drive|[silent]
|
|-heal|p2a: Dragapult|94/100|[from] item: Leftovers
|upkeep
|
|t:|1760334008
|switch|p1a: Garganacl|Garganacl, F|100/100
|turn|11
|
|t:|1760334012
|move|p2a: Dragapult|Dragon Darts|p1a: Garganacl
|-damage|p1a: Garganacl|60/100
|-anim|p2a: Dragapult|Dragon Darts|p1a: Garganacl
|-damage|p1a: Garganacl|14/100
|move|p1a: Garganacl|Salt Cure|p2a: Dragapult
|-supereffective|p2a: Dragapult
|-end|p2a: Dragapult|Substitute
|
|-heal|p2a: Dragapult|99/100|[from] item: Leftovers
|-heal|p1a: Garganacl|21/100|[from] item: Leftovers
|upkeep
|turn|12
|-message|vinskuno forfeited.
|
|win|Agent Derf
|raw|vinskuno's rating: 1371 &rarr; <strong>1355</strong><br />(-16 for losing)
|raw|Agent Derf's rating: 1434 &rarr; <strong>1450</strong><br />(+16 for winning)
|l|☆vinskuno
|player|p1|
|l|☆Agent Derf
|player|p2|
