|j|☆triforceofchozo
|j|☆noahthebadplayer
|t:|1760353878
|gametype|singles
|player|p1|triforceofchozo|lady-gen4|1121
|player|p2|noahthebadplayer|2|1134
|gen|9
|tier|[Gen 9] OU
|rated|
|rule|HP Percentage Mod: HP is shown in percentages
|rule|Endless Battle Clause: Forcing endless battles is banned
|rule|Species Clause: Limit one of each Pokémon
|rule|OHKO Clause: OHKO moves are banned
|rule|Evasion Items Clause: Evasion items are banned
|rule|Evasion Moves Clause: Evasion moves are banned
|rule|Evasion Abilities Clause: Evasion abilities are banned
|rule|Sleep Moves Clause: Sleep-inducing moves are banned
|clearpoke
|poke|p1|Gyarados, M|
|poke|p1|Magnezone|
|poke|p1|Ninetales-Alola, M|
|poke|p1|Cinderace, F|
|poke|p1|Rotom-Wash|
|poke|p1|Landorus-Therian, M|
|poke|p2|Electrode-Hisui|
|poke|p2|Darkrai|
|poke|p2|Toxtricity, M|
|poke|p2|Ogerpon-Cornerstone, F|
|poke|p2|Cyclizar, M|
|poke|p2|Sneasel-Hisui, M|
|teampreview
|inactive|Battle timer is ON: inactive players will automatically lose when time's up. (requested by noahthebadplayer)
|
|t:|1760353910
|teamsize|p1|6
|teamsize|p2|6
|start
|switch|p1a: Landorus|Landorus-Therian, M|100/100
|switch|p2a: Electrode|Electrode-Hisui|100/100
|-ability|p1a: Landorus|Intimidate|boost
|-unboost|p2a: Electrode|atk|1
|turn|1
|
|t:|1760353924
|-terastallize|p2a: Electrode|Ice
|move|p2a: Electrode|Tera Blast|p1a: Landorus|[anim] Tera Blast Ice
|-supereffective|p1a: Landorus
|-damage|p1a: Landorus|0 fnt
|faint|p1a: Landorus
|
|upkeep
|
|t:|1760353932
|switch|p1a: Ninetales|Ninetales-Alola, M|100/100
|-weather|Snowscape|[from] ability: Snow Warning|[of] p1a: Ninetales
|turn|2
|
|t:|1760353941
|switch|p2a: Toxtricity|Toxtricity, M|100/100
|move|p1a: Ninetales|Aurora Veil|p1a: Ninetales
|-sidestart|p1: triforceofchozo|move: Aurora Veil
|
|-weather|Snowscape|[upkeep]
|upkeep
|turn|3
|
|t:|1760353969
|switch|p1a: Rotom|Rotom-Wash|100/100
|move|p2a: Toxtricity|Toxic Spikes|p1a: Rotom
|-sidestart|p1: triforceofchozo|move: Toxic Spikes
|
|-weather|Snowscape|[upkeep]
|upkeep
|turn|4
|
|t:|1760353981
|move|p1a: Rotom|Hydro Pump|p2a: Toxtricity
|-damage|p2a: Toxtricity|50/100
|move|p2a: Toxtricity|Toxic Spikes|p1a: Rotom
|-sidestart|p1: triforceofchozo|move: Toxic Spikes
|
|-weather|Snowscape|[upkeep]
|upkeep
|turn|5
|
|t:|1760353989
|move|p1a: Rotom|Hydro Pump|p2a: Toxtricity
|-damage|p2a: Toxtricity|2/100
|move|p2a: Toxtricity|Volt Switch|p1a: Rotom
|-damage|p1a: Rotom|86/100
|
|t:|1760354001
|switch|p2a: Sneasel|Sneasel-Hisui, M|100/100|[from] Volt Switch
|
|-weather|Snowscape|[upkeep]
|-heal|p1a: Rotom|93/100|[from] item: Leftovers
|upkeep
|turn|6
|
|t:|1760354018
|move|p2a: Sneasel|Gunk Shot|p1a: Rotom
|-crit|p1a: Rotom
|-damage|p1a: Rotom|14/100
|move|p1a: Rotom|Volt Switch|p2a: Sneasel
|-damage|p2a: Sneasel|61/100
|
|t:|1760354032
|switch|p1a: Cinderace|Cinderace, F|100/100|[from] Volt Switch
|
|-weather|none
|upkeep
|turn|7
|
|t:|1760354044
|switch|p2a: Toxtricity|Toxtricity, M|2/100
|move|p1a: Cinderace|Court Change|p1a: Cinderace
|-start|p1a: Cinderace|typechange|Normal|[from] ability: Libero
|-swapsideconditions
|-activate|p1a: Cinderace|move: Court Change
|
|upkeep
|turn|8
|
|t:|1760354056
|move|p1a: Cinderace|U-turn|p2a: Toxtricity
|-resisted|p2a: Toxtricity
|-damage|p2a: Toxtricity|0 fnt
|faint|p2a: Toxtricity
|inactive|triforceofchozo has 120 seconds left.
|
|t:|1760354072
|switch|p1a: Rotom|Rotom-Wash|14/100|[from] U-turn
|
|-heal|p1a: Rotom|21/100|[from] item: Leftovers
|upkeep
|
|t:|1760354076
|switch|p2a: Sneasel|Sneasel-Hisui, M|61/100
|-sideend|p2: noahthebadplayer|move: Toxic Spikes|[of] p2a: Sneasel
|turn|9
|
|t:|1760354082
|move|p2a: Sneasel|Poison Jab|p1a: Rotom
|-damage|p1a: Rotom|0 fnt
|faint|p1a: Rotom
|
|-sideend|p2: noahthebadplayer|move: Aurora Veil
|upkeep
|inactive|triforceofchozo has 120 seconds left.
|
|t:|1760354106
|switch|p1a: Gyarados|Gyarados, M|100/100
|turn|10
|
|t:|1760354116
|switch|p2a: Cyclizar|Cyclizar, M|100/100
|move|p1a: Gyarados|Dragon Dance|p1a: Gyarados
|-boost|p1a: Gyarados|atk|1
|-boost|p1a: Gyarados|spe|1
|
|upkeep
|turn|11
|
|t:|1760354124
|move|p1a: Gyarados|Scale Shot|p2a: Cyclizar
|-supereffective|p2a: Cyclizar
|-damage|p2a: Cyclizar|45/100
|-supereffective|p2a: Cyclizar
|-damage|p2a: Cyclizar|0 fnt
|faint|p2a: Cyclizar
|-ability|p1a: Gyarados|Moxie|boost
|-boost|p1a: Gyarados|atk|1
|-hitcount|p2: Cyclizar|2
|-unboost|p1a: Gyarados|def|1
|-boost|p1a: Gyarados|spe|1
|
|upkeep
|
|t:|1760354135
|switch|p2a: Darkrai|Darkrai|100/100
|turn|12
|inactive|triforceofchozo has 120 seconds left.
|
|t:|1760354170
|-terastallize|p1a: Gyarados|Ground
|move|p1a: Gyarados|Earthquake|p2a: Darkrai
|-damage|p2a: Darkrai|0 fnt
|faint|p2a: Darkrai
|-ability|p1a: Gyarados|Moxie|boost
|-boost|p1a: Gyarados|atk|1
|
|upkeep
|
|t:|1760354176
|switch|p2a: Ogerpon|Ogerpon-Cornerstone, F|100/100
|turn|13
|
|t:|1760354197
|move|p1a: Gyarados|Scale Shot|p2a: Ogerpon
|-damage|p2a: Ogerpon|71/100
|-damage|p2a: Ogerpon|41/100
|-hitcount|p2a: Ogerpon|2
|-unboost|p1a: Gyarados|def|1
|-boost|p1a: Gyarados|spe|1
|move|p2a: Ogerpon|Horn Leech|p1a: Gyarados
|-supereffective|p1a: Gyarados
|-damage|p1a: Gyarados|0 fnt
|-heal|p2a: Ogerpon|96/100|[from] drain|[of] p1a: Gyarados
|faint|p1a: Gyarados
|
|upkeep
|inactive|triforceofchozo has 90 seconds left.
|
|t:|1760354220
|switch|p1a: Cinderace|Cinderace, F|100/100
|turn|14
|
|t:|1760354224
|switch|p2a: Electrode|Electrode-Hisui, tera:Ice|100/100
|move|p1a: Cinderace|Pyro Ball|p2a: Electrode
|-supereffective|p2a: Electrode
|-damage|p2a: Electrode|0 fnt
|faint|p2a: Electrode
|
|upkeep
|
|t:|1760354232
|switch|p2a: Sneasel|Sneasel-Hisui, M|61/100
|turn|15
|inactive|triforceofchozo has 90 seconds left.
|
|t:|1760354248
|move|p2a: Sneasel|Close Combat|p1a: Cinderace
|-damage|p1a: Cinderace|27/100
|-unboost|p2a: Sneasel|def|1
|-unboost|p2a: Sneasel|spd|1
|move|p1a: Cinderace|Pyro Ball|p2a: Sneasel
|-crit|p2a: Sneasel
|-damage|p2a: Sneasel|0 fnt
|faint|p2a: Sneasel
|
|upkeep
|
|t:|1760354252
|switch|p2a: Ogerpon|Ogerpon-Cornerstone, F|96/100
|turn|16
|
|t:|1760354261
|move|p1a: Cinderace|Pyro Ball|p2a: Ogerpon
|-damage|p2a: Ogerpon|26/100
|move|p2a: Ogerpon|Ivy Cudgel|p1a: Cinderace|[anim] Ivy Cudgel Rock
|-supereffective|p1a: Cinderace
|-damage|p1a: Cinderace|0 fnt
|faint|p1a: Cinderace
|
|upkeep
|inactive|triforceofchozo has 90 seconds left.
|
|t:|1760354277
|switch|p1a: Magnezone|Magnezone|100/100
|turn|17
|
|t:|1760354285
|move|p2a: Ogerpon|Stomping Tantrum|p1a: Magnezone
|-supereffective|p1a: Magnezone
|-damage|p1a: Magnezone|0 fnt
|faint|p1a: Magnezone
|
|upkeep
|
|t:|1760354291
|switch|p1a: Ninetales|Ninetales-Alola, M|100/100
|-weather|Snowscape|[from] ability: Snow Warning|[of] p1a: Ninetales
|turn|18
|
|t:|1760354300
|move|p2a: Ogerpon|Ivy Cudgel|p1a: Ninetales|[anim] Ivy Cudgel Rock
|-supereffective|p1a: Ninetales
|-damage|p1a: Ninetales|0 fnt
|faint|p1a: Ninetales
|
|win|noahthebadplayer
|raw|triforceofchozo's rating: 1121 &rarr; <strong>1097</strong><br />(-24 for losing)
|raw|noahthebadplayer's rating: 1134 &rarr; <strong>1158</strong><br />(+24 for winning)
|l|☆noahthebadplayer
|player|p2|
