|j|☆MintyCrk
|j|☆salvodj
|t:|1760435430
|gametype|singles
|player|p1|MintyCrk|caitlin|1184
|player|p2|salvodj|benga|1240
|gen|9
|tier|[Gen 9] OU
|rated|
|rule|HP Percentage Mod: HP is shown in percentages
|rule|Endless Battle Clause: Forcing endless battles is banned
|rule|Species Clause: Limit one of each Pokémon
|rule|OHKO Clause: OHKO moves are banned
|rule|Evasion Items Clause: Evasion items are banned
|rule|Evasion Moves Clause: Evasion moves are banned
|rule|Evasion Abilities Clause: Evasion abilities are banned
|rule|Sleep Moves Clause: Sleep-inducing moves are banned
|clearpoke
|poke|p1|Gholdengo|
|poke|p1|Serperior, M|
|poke|p1|Gardevoir, M|
|poke|p1|Froslass, F|
|poke|p1|Chansey, F|
|poke|p1|Gliscor, F|
|poke|p2|Raging Bolt|
|poke|p2|Iron Treads|
|poke|p2|Ting-Lu|
|poke|p2|Gholdengo|
|poke|p2|Zamazenta-*|
|poke|p2|Tornadus-Therian, M|
|teampreview
|
|t:|1760435439
|teamsize|p1|6
|teamsize|p2|6
|start
|switch|p1a: Froslass|Froslass, F|100/100
|switch|p2a: Ting-Lu|Ting-Lu|100/100
|-ability|p2a: Ting-Lu|Vessel of Ruin
|turn|1
|
|t:|1760435449
|move|p1a: Froslass|Switcheroo|p2a: Ting-Lu
|-activate|p1a: Froslass|move: Trick|[of] p2a: Ting-Lu
|-item|p2a: Ting-Lu|Choice Band|[from] move: Switcheroo
|-item|p1a: Froslass|Weakness Policy|[from] move: Switcheroo
|move|p2a: Ting-Lu|Earthquake|p1a: Froslass
|-damage|p1a: Froslass|0 fnt
|faint|p1a: Froslass
|
|upkeep
|
|t:|1760435455
|switch|p1a: Gliscor|Gliscor, F|100/100
|turn|2
|
|t:|1760435465
|switch|p2a: Tornadus|Tornadus-Therian, M|100/100
|move|p1a: Gliscor|Swords Dance|p1a: Gliscor
|-boost|p1a: Gliscor|atk|2
|
|-status|p1a: Gliscor|tox|[from] item: Toxic Orb
|upkeep
|turn|3
|
|t:|1760435483
|move|p1a: Gliscor|Stone Edge|p2a: Tornadus
|-supereffective|p2a: Tornadus
|-damage|p2a: Tornadus|0 fnt
|faint|p2a: Tornadus
|
|upkeep
|
|t:|1760435494
|switch|p2a: Ting-Lu|Ting-Lu|100/100
|-ability|p2a: Ting-Lu|Vessel of Ruin
|turn|4
|
|t:|1760435504
|move|p1a: Gliscor|Earthquake|p2a: Ting-Lu
|-damage|p2a: Ting-Lu|55/100
|move|p2a: Ting-Lu|Payback|p1a: Gliscor
|-damage|p1a: Gliscor|35/100 tox
|
|-heal|p1a: Gliscor|48/100 tox|[from] ability: Poison Heal
|upkeep
|turn|5
|
|t:|1760435522
|move|p1a: Gliscor|Earthquake|p2a: Ting-Lu
|-damage|p2a: Ting-Lu|10/100
|move|p2a: Ting-Lu|Payback|p1a: Gliscor
|-damage|p1a: Gliscor|0 fnt
|faint|p1a: Gliscor
|
|upkeep
|
|t:|1760435530
|switch|p1a: Serperior|Serperior, M|100/100
|turn|6
|
|t:|1760435541
|switch|p2a: Raging Bolt|Raging Bolt|100/100
|-enditem|p2a: Raging Bolt|Booster Energy
|-activate|p2a: Raging Bolt|ability: Protosynthesis|[fromitem]
|-start|p2a: Raging Bolt|protosynthesisspa
|move|p1a: Serperior|Leaf Storm|p2a: Raging Bolt
|-resisted|p2a: Raging Bolt
|-damage|p2a: Raging Bolt|80/100
|-boost|p1a: Serperior|spa|2
|
|upkeep
|turn|7
|
|t:|1760435552
|switch|p1a: Gardevoir|Gardevoir, M|100/100
|move|p2a: Raging Bolt|Calm Mind|p2a: Raging Bolt
|-boost|p2a: Raging Bolt|spa|1
|-boost|p2a: Raging Bolt|spd|1
|
|upkeep
|turn|8
|
|t:|1760435558
|-terastallize|p2a: Raging Bolt|Fairy
|move|p1a: Gardevoir|Moonblast|p2a: Raging Bolt
|-damage|p2a: Raging Bolt|40/100
|move|p2a: Raging Bolt|Calm Mind|p2a: Raging Bolt
|-boost|p2a: Raging Bolt|spa|1
|-boost|p2a: Raging Bolt|spd|1
|
|upkeep
|turn|9
|
|t:|1760435567
|move|p1a: Gardevoir|Moonblast|p2a: Raging Bolt
|-damage|p2a: Raging Bolt|9/100
|-unboost|p2a: Raging Bolt|spa|1
|move|p2a: Raging Bolt|Thunderbolt|p1a: Gardevoir
|-crit|p1a: Gardevoir
|-damage|p1a: Gardevoir|0 fnt
|faint|p1a: Gardevoir
|
|upkeep
|
|t:|1760435574
|switch|p1a: Serperior|Serperior, M|100/100
|turn|10
|
|t:|1760435580
|move|p2a: Raging Bolt|Thunderclap|p1a: Serperior
|-resisted|p1a: Serperior
|-damage|p1a: Serperior|47/100
|move|p1a: Serperior|Leaf Storm|p2a: Raging Bolt
|-damage|p2a: Raging Bolt|0 fnt
|-boost|p1a: Serperior|spa|2
|faint|p2a: Raging Bolt
|-end|p2a: Raging Bolt|Protosynthesis|[silent]
|
|upkeep
|
|t:|1760435589
|switch|p2a: Iron Treads|Iron Treads|100/100
|-enditem|p2a: Iron Treads|Booster Energy
|-activate|p2a: Iron Treads|ability: Quark Drive|[fromitem]
|-start|p2a: Iron Treads|quarkdrivespe
|turn|11
|
|t:|1760435597
|move|p1a: Serperior|Leaf Storm|p2a: Iron Treads
|-damage|p2a: Iron Treads|0 fnt
|-boost|p1a: Serperior|spa|2
|faint|p2a: Iron Treads
|-end|p2a: Iron Treads|Quark Drive|[silent]
|
|upkeep
|
|t:|1760435609
|switch|p2a: Zamazenta|Zamazenta|100/100
|-ability|p2a: Zamazenta|Dauntless Shield|boost
|-boost|p2a: Zamazenta|def|1
|turn|12
|
|t:|1760435617
|move|p1a: Serperior|Leaf Storm|p2a: Zamazenta
|-damage|p2a: Zamazenta|0 fnt
|-boost|p1a: Serperior|spa|2
|faint|p2a: Zamazenta
|
|upkeep
|c|☆salvodj|scarf
|c|☆salvodj|i m dumb
|
|t:|1760435628
|switch|p2a: Gholdengo|Gholdengo|100/100
|-item|p2a: Gholdengo|Air Balloon
|turn|13
|
|t:|1760435635
|move|p1a: Serperior|Leaf Storm|p2a: Gholdengo
|-resisted|p2a: Gholdengo
|-damage|p2a: Gholdengo|9/100
|-enditem|p2a: Gholdengo|Air Balloon
|move|p2a: Gholdengo|Make It Rain|p1a: Serperior
|-damage|p1a: Serperior|0 fnt
|-unboost|p2a: Gholdengo|spa|1
|faint|p1a: Serperior
|
|upkeep
|
|t:|1760435642
|switch|p1a: Gholdengo|Gholdengo|100/100
|turn|14
|
|t:|1760435648
|move|p1a: Gholdengo|Shadow Ball|p2a: Gholdengo
|-supereffective|p2a: Gholdengo
|-damage|p2a: Gholdengo|0 fnt
|faint|p2a: Gholdengo
|
|upkeep
|
|t:|1760435649
|switch|p2a: Ting-Lu|Ting-Lu|10/100
|-ability|p2a: Ting-Lu|Vessel of Ruin
|turn|15
|
|t:|1760435654
|-terastallize|p1a: Gholdengo|Fairy
|move|p1a: Gholdengo|Shadow Ball|p2a: Ting-Lu
|-resisted|p2a: Ting-Lu
|-damage|p2a: Ting-Lu|0 fnt
|faint|p2a: Ting-Lu
|
|win|MintyCrk
|raw|MintyCrk's rating: 1184 &rarr; <strong>1213</strong><br />(+29 for winning)
|raw|salvodj's rating: 1240 &rarr; <strong>1211</strong><br />(-29 for losing)
|l|☆MintyCrk
|player|p1|
|l|☆salvodj
|player|p2|
