|j|☆Subparrrrr
|j|☆joker or
|t:|1760409280
|gametype|singles
|player|p1|Subparrrrr|cheryl|1325
|player|p2|joker or|170|1339
|gen|9
|tier|[Gen 9] OU
|rated|
|rule|HP Percentage Mod: HP is shown in percentages
|rule|Endless Battle Clause: Forcing endless battles is banned
|rule|Species Clause: Limit one of each Pokémon
|rule|OHKO Clause: OHKO moves are banned
|rule|Evasion Items Clause: Evasion items are banned
|rule|Evasion Moves Clause: Evasion moves are banned
|rule|Evasion Abilities Clause: Evasion abilities are banned
|rule|Sleep Moves Clause: Sleep-inducing moves are banned
|clearpoke
|poke|p1|Lokix, M|
|poke|p1|Gliscor, F|
|poke|p1|Great Tusk|
|poke|p1|Altaria, M|
|poke|p1|Alomomola, F|
|poke|p1|Slowking-Galar, F|
|poke|p2|Kleavor, F|
|poke|p2|Brambleghast, F|
|poke|p2|Moltres|
|poke|p2|Mamoswine, M|
|poke|p2|Pecharunt|
|poke|p2|Kingambit, F|
|teampreview
|inactive|Battle timer is ON: inactive players will automatically lose when time's up. (requested by Subparrrrr)
|inactive|joker or has 120 seconds left.
|
|t:|1760409313
|teamsize|p1|6
|teamsize|p2|6
|start
|switch|p1a: Lokix|Lokix, M|100/100
|switch|p2a: 求你别miss|Kleavor, F|100/100
|turn|1
|
|t:|1760409332
|switch|p1a: Great Tusk|Great Tusk|100/100
|move|p2a: 求你别miss|Tailwind|p2a: 求你别miss
|-sidestart|p2: joker or|move: Tailwind
|
|upkeep
|turn|2
|
|t:|1760409349
|switch|p2a: 胜利之风已经从我迪亚哥的背后吹来了|Brambleghast, F|100/100
|-ability|p2a: 胜利之风已经从我迪亚哥的背后吹来了|Wind Rider|boost
|-boost|p2a: 胜利之风已经从我迪亚哥的背后吹来了|atk|1
|move|p1a: Great Tusk|Ice Spinner|p2a: 胜利之风已经从我迪亚哥的背后吹来了
|-supereffective|p2a: 胜利之风已经从我迪亚哥的背后吹来了
|-damage|p2a: 胜利之风已经从我迪亚哥的背后吹来了|13/100
|
|upkeep
|turn|3
|
|t:|1760409367
|-end|p1a: Great Tusk|Protosynthesis|[silent]
|switch|p1a: Altaria|Altaria, M|100/100
|-terastallize|p2a: 胜利之风已经从我迪亚哥的背后吹来了|Ghost
|move|p2a: 胜利之风已经从我迪亚哥的背后吹来了|Poltergeist|p1a: Altaria
|-activate|p1a: Altaria|move: Poltergeist|Heavy-Duty Boots
|-damage|p1a: Altaria|0 fnt
|faint|p1a: Altaria
|-damage|p2a: 胜利之风已经从我迪亚哥的背后吹来了|3/100|[from] item: Life Orb
|
|upkeep
|
|t:|1760409372
|switch|p1a: Lokix|Lokix, M|100/100
|turn|4
|
|t:|1760409378
|switch|p2a: Moltres|Moltres|100/100
|move|p1a: Lokix|First Impression|p2a: Moltres
|-resisted|p2a: Moltres
|-damage|p2a: Moltres|67/100
|
|-sideend|p2: joker or|move: Tailwind
|upkeep
|turn|5
|
|t:|1760409385
|switch|p1a: Gliscor|Gliscor, F|100/100
|move|p2a: Moltres|Hurricane|p1a: Gliscor
|-damage|p1a: Gliscor|27/100
|
|-status|p1a: Gliscor|tox|[from] item: Toxic Orb
|upkeep
|turn|6
|
|t:|1760409395
|move|p1a: Gliscor|Protect|p1a: Gliscor
|-singleturn|p1a: Gliscor|Protect
|move|p2a: Moltres|Tailwind|p2a: Moltres
|-sidestart|p2: joker or|move: Tailwind
|
|-heal|p1a: Gliscor|40/100 tox|[from] ability: Poison Heal
|upkeep
|turn|7
|
|t:|1760409406
|switch|p1a: Slowking|Slowking-Galar, F|100/100
|move|p2a: Moltres|Hurricane|p1a: Slowking
|-damage|p1a: Slowking|68/100
|-start|p1a: Slowking|confusion
|
|-heal|p1a: Slowking|74/100|[from] item: Black Sludge
|upkeep
|turn|8
|
|t:|1760409415
|switch|p2a: Mamoswine|Mamoswine, M|100/100
|-activate|p1a: Slowking|confusion
|-damage|p1a: Slowking|69/100|[from] confusion
|
|-heal|p1a: Slowking|75/100|[from] item: Black Sludge
|upkeep
|turn|9
|
|t:|1760409423
|switch|p1a: Alomomola|Alomomola, F|100/100
|move|p2a: Mamoswine|Earthquake|p1a: Alomomola
|-crit|p1a: Alomomola
|-damage|p1a: Alomomola|51/100
|
|-heal|p1a: Alomomola|58/100|[from] item: Leftovers
|-sideend|p2: joker or|move: Tailwind
|upkeep
|turn|10
|
|t:|1760409428
|move|p1a: Alomomola|Protect|p1a: Alomomola
|-singleturn|p1a: Alomomola|Protect
|move|p2a: Mamoswine|Earthquake|p1a: Alomomola
|-activate|p1a: Alomomola|move: Protect
|
|-heal|p1a: Alomomola|64/100|[from] item: Leftovers
|upkeep
|turn|11
|
|t:|1760409433
|switch|p2a: 求你别miss|Kleavor, F|100/100
|move|p1a: Alomomola|Flip Turn|p2a: 求你别miss
|-supereffective|p2a: 求你别miss
|-damage|p2a: 求你别miss|56/100
|
|t:|1760409440
|switch|p1a: Lokix|Lokix, M|100/100|[from] Flip Turn
|
|upkeep
|turn|12
|
|t:|1760409443
|switch|p2a: Moltres|Moltres|67/100
|-terastallize|p1a: Lokix|Bug
|move|p1a: Lokix|First Impression|p2a: Moltres
|-resisted|p2a: Moltres
|-damage|p2a: Moltres|19/100
|
|upkeep
|turn|13
|
|t:|1760409447
|switch|p1a: Slowking|Slowking-Galar, F|100/100
|move|p2a: Moltres|Tailwind|p2a: Moltres
|-sidestart|p2: joker or|move: Tailwind
|
|upkeep
|turn|14
|
|t:|1760409453
|switch|p2a: 胜利之风已经从我迪亚哥的背后吹来了|Brambleghast, F, tera:Ghost|3/100
|-ability|p2a: 胜利之风已经从我迪亚哥的背后吹来了|Wind Rider|boost
|-boost|p2a: 胜利之风已经从我迪亚哥的背后吹来了|atk|1
|move|p1a: Slowking|Future Sight|p2a: 胜利之风已经从我迪亚哥的背后吹来了
|-start|p1a: Slowking|move: Future Sight
|
|upkeep
|turn|15
|
|t:|1760409468
|move|p2a: 胜利之风已经从我迪亚哥的背后吹来了|Strength Sap|p1a: Slowking
|-unboost|p1a: Slowking|atk|1
|-heal|p2a: 胜利之风已经从我迪亚哥的背后吹来了|51/100
|move|p1a: Slowking|Sludge Bomb|p2a: 胜利之风已经从我迪亚哥的背后吹来了
|-resisted|p2a: 胜利之风已经从我迪亚哥的背后吹来了
|-damage|p2a: 胜利之风已经从我迪亚哥的背后吹来了|22/100
|
|upkeep
|turn|16
|
|t:|1760409480
|switch|p2a: Kingambit|Kingambit, F|100/100
|move|p1a: Slowking|Sludge Bomb|p2a: Kingambit
|-immune|p2a: Kingambit
|
|-end|p2a: Kingambit|move: Future Sight
|-immune|p2a: Kingambit
|-sideend|p2: joker or|move: Tailwind
|upkeep
|turn|17
|
|t:|1760409486
|switch|p1a: Alomomola|Alomomola, F|97/100
|move|p2a: Kingambit|Swords Dance|p2a: Kingambit
|-boost|p2a: Kingambit|atk|2
|
|-heal|p1a: Alomomola|100/100|[from] item: Leftovers
|upkeep
|turn|18
|
|t:|1760409497
|move|p2a: Kingambit|Kowtow Cleave|p1a: Alomomola
|-damage|p1a: Alomomola|40/100
|move|p1a: Alomomola|Tickle|p2a: Kingambit
|-unboost|p2a: Kingambit|atk|1
|-unboost|p2a: Kingambit|def|1
|
|-heal|p1a: Alomomola|46/100|[from] item: Leftovers
|upkeep
|turn|19
|
|t:|1760409504
|move|p2a: Kingambit|Kowtow Cleave|p1a: Alomomola
|-damage|p1a: Alomomola|5/100
|move|p1a: Alomomola|Wish|p1a: Alomomola
|
|-heal|p1a: Alomomola|11/100|[from] item: Leftovers
|upkeep
|turn|20
|
|t:|1760409515
|move|p2a: Kingambit|Swords Dance|p2a: Kingambit
|-boost|p2a: Kingambit|atk|2
|move|p1a: Alomomola|Tickle|p2a: Kingambit
|-unboost|p2a: Kingambit|atk|1
|-unboost|p2a: Kingambit|def|1
|
|-heal|p1a: Alomomola|61/100|[from] move: Wish|[wisher] Alomomola
|-heal|p1a: Alomomola|67/100|[from] item: Leftovers
|upkeep
|turn|21
|
|t:|1760409520
|move|p2a: Kingambit|Kowtow Cleave|p1a: Alomomola
|-damage|p1a: Alomomola|11/100
|move|p1a: Alomomola|Flip Turn|p2a: Kingambit
|-damage|p2a: Kingambit|73/100
|
|t:|1760409526
|switch|p1a: Lokix|Lokix, M, tera:Bug|100/100|[from] Flip Turn
|
|upkeep
|turn|22
|
|t:|1760409530
|-end|p2a: Kingambit|fallenundefined|[silent]
|switch|p2a: Moltres|Moltres|19/100
|move|p1a: Lokix|First Impression|p2a: Moltres
|-resisted|p2a: Moltres
|-damage|p2a: Moltres|0 fnt
|-status|p1a: Lokix|brn|[from] ability: Flame Body|[of] p2a: Moltres
|faint|p2a: Moltres
|
|-damage|p1a: Lokix|94/100 brn|[from] brn
|upkeep
|
|t:|1760409532
|switch|p2a: 求你别miss|Kleavor, F|56/100
|turn|23
|
|t:|1760409539
|switch|p1a: Gliscor|Gliscor, F|40/100 tox
|move|p2a: 求你别miss|Tailwind|p2a: 求你别miss
|-sidestart|p2: joker or|move: Tailwind
|
|-heal|p1a: Gliscor|52/100 tox|[from] ability: Poison Heal
|upkeep
|turn|24
|
|t:|1760409544
|move|p2a: 求你别miss|Stone Axe|p1a: Gliscor
|-damage|p1a: Gliscor|23/100 tox
|-sidestart|p1: Subparrrrr|move: Stealth Rock
|move|p1a: Gliscor|Stealth Rock|p2a: 求你别miss
|-sidestart|p2: joker or|move: Stealth Rock
|
|-heal|p1a: Gliscor|36/100 tox|[from] ability: Poison Heal
|upkeep
|turn|25
|
|t:|1760409550
|switch|p2a: 胜利之风已经从我迪亚哥的背后吹来了|Brambleghast, F, tera:Ghost|22/100
|-damage|p2a: 胜利之风已经从我迪亚哥的背后吹来了|9/100|[from] Stealth Rock
|-ability|p2a: 胜利之风已经从我迪亚哥的背后吹来了|Wind Rider|boost
|-boost|p2a: 胜利之风已经从我迪亚哥的背后吹来了|atk|1
|move|p1a: Gliscor|Protect||[still]
|-fail|p1a: Gliscor
|
|-heal|p1a: Gliscor|48/100 tox|[from] ability: Poison Heal
|upkeep
|turn|26
|
|t:|1760409557
|move|p1a: Gliscor|Protect|p1a: Gliscor
|-singleturn|p1a: Gliscor|Protect
|move|p2a: 胜利之风已经从我迪亚哥的背后吹来了|Strength Sap|p1a: Gliscor
|-activate|p1a: Gliscor|move: Protect
|
|-heal|p1a: Gliscor|61/100 tox|[from] ability: Poison Heal
|-sideend|p2: joker or|move: Tailwind
|upkeep
|turn|27
|
|t:|1760409567
|move|p2a: 胜利之风已经从我迪亚哥的背后吹来了|Strength Sap|p1a: Gliscor
|-unboost|p1a: Gliscor|atk|1
|-heal|p2a: 胜利之风已经从我迪亚哥的背后吹来了|99/100
|move|p1a: Gliscor|Knock Off|p2a: 胜利之风已经从我迪亚哥的背后吹来了
|-supereffective|p2a: 胜利之风已经从我迪亚哥的背后吹来了
|-damage|p2a: 胜利之风已经从我迪亚哥的背后吹来了|46/100
|-enditem|p2a: 胜利之风已经从我迪亚哥的背后吹来了|Life Orb|[from] move: Knock Off|[of] p1a: Gliscor
|
|-heal|p1a: Gliscor|73/100 tox|[from] ability: Poison Heal
|upkeep
|turn|28
|
|t:|1760409573
|move|p2a: 胜利之风已经从我迪亚哥的背后吹来了|Rapid Spin|p1a: Gliscor
|-damage|p1a: Gliscor|60/100 tox
|-boost|p2a: 胜利之风已经从我迪亚哥的背后吹来了|spe|1
|-sideend|p2: joker or|Stealth Rock|[from] move: Rapid Spin|[of] p2a: 胜利之风已经从我迪亚哥的背后吹来了
|move|p1a: Gliscor|U-turn|p2a: 胜利之风已经从我迪亚哥的背后吹来了
|-resisted|p2a: 胜利之风已经从我迪亚哥的背后吹来了
|-damage|p2a: 胜利之风已经从我迪亚哥的背后吹来了|36/100
|
|t:|1760409576
|switch|p1a: Slowking|Slowking-Galar, F|100/100|[from] U-turn
|-damage|p1a: Slowking|88/100|[from] Stealth Rock
|
|-heal|p1a: Slowking|94/100|[from] item: Black Sludge
|upkeep
|turn|29
|
|t:|1760409583
|move|p2a: 胜利之风已经从我迪亚哥的背后吹来了|Strength Sap|p1a: Slowking
|-unboost|p1a: Slowking|atk|1
|-heal|p2a: 胜利之风已经从我迪亚哥的背后吹来了|84/100
|move|p1a: Slowking|Future Sight|p2a: 胜利之风已经从我迪亚哥的背后吹来了
|-start|p1a: Slowking|move: Future Sight
|
|-heal|p1a: Slowking|99/100|[from] item: Black Sludge
|upkeep
|turn|30
|
|t:|1760409588
|move|p2a: 胜利之风已经从我迪亚哥的背后吹来了|Poltergeist|p1a: Slowking
|-activate|p1a: Slowking|move: Poltergeist|Black Sludge
|-supereffective|p1a: Slowking
|-damage|p1a: Slowking|0 fnt
|faint|p1a: Slowking
|
|upkeep
|
|t:|1760409597
|switch|p1a: Lokix|Lokix, M, tera:Bug|94/100 brn
|-damage|p1a: Lokix|70/100 brn|[from] Stealth Rock
|turn|31
|
|t:|1760409603
|switch|p2a: 求你别miss|Kleavor, F|56/100
|move|p1a: Lokix|First Impression|p2a: 求你别miss
|-damage|p2a: 求你别miss|0 fnt
|faint|p2a: 求你别miss
|
|-hint|Future Sight did not hit because the target is fainted.
|-damage|p1a: Lokix|64/100 brn|[from] brn
|upkeep
|
|t:|1760409607
|switch|p2a: Kingambit|Kingambit, F|73/100
|-activate|p2a: Kingambit|ability: Supreme Overlord
|-start|p2a: Kingambit|fallen2|[silent]
|turn|32
|
|t:|1760409614
|switch|p1a: Great Tusk|Great Tusk|100/100
|move|p2a: Kingambit|Swords Dance|p2a: Kingambit
|-boost|p2a: Kingambit|atk|2
|
|upkeep
|turn|33
|
|t:|1760409631
|-end|p2a: Kingambit|fallen2|[silent]
|switch|p2a: 胜利之风已经从我迪亚哥的背后吹来了|Brambleghast, F, tera:Ghost|84/100
|move|p1a: Great Tusk|Headlong Rush|p2a: 胜利之风已经从我迪亚哥的背后吹来了
|-damage|p2a: 胜利之风已经从我迪亚哥的背后吹来了|0 fnt
|-unboost|p1a: Great Tusk|def|1
|-unboost|p1a: Great Tusk|spd|1
|faint|p2a: 胜利之风已经从我迪亚哥的背后吹来了
|
|upkeep
|
|t:|1760409633
|switch|p2a: Mamoswine|Mamoswine, M|100/100
|turn|34
|
|t:|1760409649
|-end|p1a: Great Tusk|Protosynthesis|[silent]
|switch|p1a: Alomomola|Alomomola, F|44/100
|-damage|p1a: Alomomola|32/100|[from] Stealth Rock
|move|p2a: Mamoswine|Earthquake|p1a: Alomomola
|-damage|p1a: Alomomola|1/100
|
|-heal|p1a: Alomomola|7/100|[from] item: Leftovers
|upkeep
|turn|35
|
|t:|1760409656
|move|p2a: Mamoswine|Earthquake|p1a: Alomomola
|-damage|p1a: Alomomola|0 fnt
|faint|p1a: Alomomola
|
|upkeep
|
|t:|1760409661
|switch|p1a: Great Tusk|Great Tusk|100/100
|turn|36
|
|t:|1760409672
|move|p1a: Great Tusk|Rapid Spin|p2a: Mamoswine
|-damage|p2a: Mamoswine|84/100
|-boost|p1a: Great Tusk|spe|1
|-sideend|p1: Subparrrrr|Stealth Rock|[from] move: Rapid Spin|[of] p1a: Great Tusk
|move|p2a: Mamoswine|Icicle Crash|p1a: Great Tusk
|-supereffective|p1a: Great Tusk
|-damage|p1a: Great Tusk|35/100
|
|upkeep
|turn|37
|
|t:|1760409678
|move|p1a: Great Tusk|Close Combat|p2a: Mamoswine
|-supereffective|p2a: Mamoswine
|-damage|p2a: Mamoswine|0 fnt
|-unboost|p1a: Great Tusk|def|1
|-unboost|p1a: Great Tusk|spd|1
|faint|p2a: Mamoswine
|
|upkeep
|
|t:|1760409680
|switch|p2a: Pecharunt|Pecharunt|100/100
|-item|p2a: Pecharunt|Air Balloon
|turn|38
|
|t:|1760409694
|-end|p1a: Great Tusk|Protosynthesis|[silent]
|switch|p1a: Lokix|Lokix, M, tera:Bug|64/100 brn
|move|p2a: Pecharunt|Malignant Chain|p1a: Lokix
|-damage|p1a: Lokix|0 fnt
|faint|p1a: Lokix
|
|upkeep
|
|t:|1760409696
|switch|p1a: Gliscor|Gliscor, F|60/100 tox
|turn|39
|
|t:|1760409714
|move|p1a: Gliscor|Protect|p1a: Gliscor
|-singleturn|p1a: Gliscor|Protect
|move|p2a: Pecharunt|Nasty Plot|p2a: Pecharunt
|-boost|p2a: Pecharunt|spa|2
|
|-heal|p1a: Gliscor|72/100 tox|[from] ability: Poison Heal
|upkeep
|turn|40
|
|t:|1760409720
|move|p2a: Pecharunt|Shadow Ball|p1a: Gliscor
|-damage|p1a: Gliscor|0 fnt
|faint|p1a: Gliscor
|
|upkeep
|
|t:|1760409721
|switch|p1a: Great Tusk|Great Tusk|35/100
|turn|41
|
|t:|1760409725
|move|p2a: Pecharunt|Shadow Ball|p1a: Great Tusk
|-damage|p1a: Great Tusk|0 fnt
|faint|p1a: Great Tusk
|-end|p1a: Great Tusk|Protosynthesis|[silent]
|
|win|joker or
|raw|Subparrrrr's rating: 1325 &rarr; <strong>1306</strong><br />(-19 for losing)
|raw|joker or's rating: 1339 &rarr; <strong>1358</strong><br />(+19 for winning)
|l|☆Subparrrrr
|player|p1|
