|j|☆arataomega1
|j|☆SomethingAnt
|t:|1760433334
|gametype|singles
|player|p1|arataomega1|marnie-masters3|1345
|player|p2|SomethingAnt|n|1356
|gen|9
|tier|[Gen 9] OU
|rated|
|rule|HP Percentage Mod: HP is shown in percentages
|rule|Endless Battle Clause: Forcing endless battles is banned
|rule|Species Clause: Limit one of each Pokémon
|rule|OHKO Clause: OHKO moves are banned
|rule|Evasion Items Clause: Evasion items are banned
|rule|Evasion Moves Clause: Evasion moves are banned
|rule|Evasion Abilities Clause: Evasion abilities are banned
|rule|Sleep Moves Clause: Sleep-inducing moves are banned
|clearpoke
|poke|p1|Slowking, M|
|poke|p1|Okidogi, M|
|poke|p1|Donphan, M|
|poke|p1|Salamence, F|
|poke|p1|Rotom-Wash|
|poke|p1|Kingambit, M|
|poke|p2|Dragapult, F|
|poke|p2|Primarina, F|
|poke|p2|Iron Crown|
|poke|p2|Samurott-Hisui, M|
|poke|p2|Kingambit, M|
|poke|p2|Landorus-Therian, M|
|teampreview
|
|t:|1760433352
|teamsize|p1|6
|teamsize|p2|6
|start
|switch|p1a: Le fourbe|Okidogi, M|100/100
|switch|p2a: Landorus|Landorus-Therian, M|100/100
|-ability|p2a: Landorus|Intimidate|boost
|-unboost|p1a: Le fourbe|atk|1
|turn|1
|
|t:|1760433360
|switch|p1a: I'm back|Rotom-Wash, shiny|100/100
|move|p2a: Landorus|Stealth Rock|p1a: I'm back
|-sidestart|p1: arataomega1|move: Stealth Rock
|
|upkeep
|turn|2
|
|t:|1760433371
|switch|p2a: Iron Crown|Iron Crown|100/100
|move|p1a: I'm back|Hydro Pump|p2a: Iron Crown|[miss]
|-miss|p1a: I'm back|p2a: Iron Crown
|
|upkeep
|turn|3
|
|t:|1760433378
|move|p2a: Iron Crown|Future Sight|p1a: I'm back
|-start|p2a: Iron Crown|move: Future Sight
|move|p1a: I'm back|Thunder Wave|p2a: Iron Crown
|-status|p2a: Iron Crown|par
|
|upkeep
|turn|4
|
|t:|1760433383
|move|p1a: I'm back|Volt Switch|p2a: Iron Crown
|-damage|p2a: Iron Crown|85/100 par
|
|t:|1760433386
|switch|p1a: St Honoré|Slowking, M, shiny|100/100|[from] Volt Switch
|move|p2a: Iron Crown|Volt Switch|p1a: St Honoré
|-supereffective|p1a: St Honoré
|-damage|p1a: St Honoré|63/100
|
|t:|1760433409
|-end|p2a: Iron Crown|Quark Drive|[silent]
|switch|p2a: Dragapult|Dragapult, F, shiny|100/100|[from] Volt Switch
|
|upkeep
|turn|5
|
|t:|1760433419
|switch|p1a: Kingambit|Kingambit, M|100/100
|-damage|p1a: Kingambit|94/100|[from] Stealth Rock
|move|p2a: Dragapult|U-turn|p1a: Kingambit
|-damage|p1a: Kingambit|65/100
|
|t:|1760433427
|switch|p2a: Landorus|Landorus-Therian, M|100/100|[from] U-turn
|-ability|p2a: Landorus|Intimidate|boost
|-unboost|p1a: Kingambit|atk|1
|
|-end|p1a: Kingambit|move: Future Sight
|-immune|p1a: Kingambit
|-heal|p1a: Kingambit|71/100|[from] item: Leftovers
|upkeep
|turn|6
|
|t:|1760433436
|-end|p1a: Kingambit|fallenundefined|[silent]
|switch|p1a: Phamphan|Donphan, M, shiny|100/100
|-damage|p1a: Phamphan|94/100|[from] Stealth Rock
|move|p2a: Landorus|U-turn|p1a: Phamphan
|-damage|p1a: Phamphan|83/100
|
|t:|1760433447
|switch|p2a: Primarina|Primarina, F|100/100|[from] U-turn
|
|-heal|p1a: Phamphan|89/100|[from] item: Leftovers
|upkeep
|turn|7
|
|t:|1760433460
|switch|p1a: I'm back|Rotom-Wash, shiny|100/100
|-damage|p1a: I'm back|88/100|[from] Stealth Rock
|move|p2a: Primarina|Surf|p1a: I'm back
|-resisted|p1a: I'm back
|-damage|p1a: I'm back|71/100
|
|-heal|p1a: I'm back|77/100|[from] item: Leftovers
|upkeep
|turn|8
|
|t:|1760433471
|switch|p2a: Iron Crown|Iron Crown|85/100 par
|move|p1a: I'm back|Hydro Pump|p2a: Iron Crown
|-damage|p2a: Iron Crown|60/100 par
|
|-heal|p1a: I'm back|83/100|[from] item: Leftovers
|upkeep
|turn|9
|
|t:|1760433479
|move|p1a: I'm back|Hydro Pump|p2a: Iron Crown
|-damage|p2a: Iron Crown|34/100 par
|move|p2a: Iron Crown|Volt Switch|p1a: I'm back
|-damage|p1a: I'm back|65/100
|
|t:|1760433491
|-end|p2a: Iron Crown|Quark Drive|[silent]
|switch|p2a: Dragapult|Dragapult, F, shiny|100/100|[from] Volt Switch
|
|-heal|p1a: I'm back|72/100|[from] item: Leftovers
|upkeep
|turn|10
|
|t:|1760433496
|move|p2a: Dragapult|Dragon Darts|p1a: I'm back
|-damage|p1a: I'm back|37/100
|-anim|p2a: Dragapult|Dragon Darts|p1a: I'm back
|-damage|p1a: I'm back|0 fnt
|faint|p1a: I'm back
|
|upkeep
|
|t:|1760433507
|switch|p1a: Kingambit|Kingambit, M|71/100
|-damage|p1a: Kingambit|65/100|[from] Stealth Rock
|-activate|p1a: Kingambit|ability: Supreme Overlord
|-start|p1a: Kingambit|fallen1|[silent]
|turn|11
|
|t:|1760433513
|switch|p2a: Landorus|Landorus-Therian, M|100/100
|-ability|p2a: Landorus|Intimidate|boost
|-unboost|p1a: Kingambit|atk|1
|move|p1a: Kingambit|Swords Dance|p1a: Kingambit
|-boost|p1a: Kingambit|atk|2
|
|-heal|p1a: Kingambit|71/100|[from] item: Leftovers
|upkeep
|turn|12
|
|t:|1760433521
|-terastallize|p1a: Kingambit|Dark
|move|p2a: Landorus|Earth Power|p1a: Kingambit
|-damage|p1a: Kingambit|37/100
|-unboost|p1a: Kingambit|spd|1
|move|p1a: Kingambit|Kowtow Cleave|p2a: Landorus
|-damage|p2a: Landorus|24/100
|-damage|p1a: Kingambit|21/100|[from] item: Rocky Helmet|[of] p2a: Landorus
|
|-heal|p1a: Kingambit|27/100|[from] item: Leftovers
|upkeep
|turn|13
|
|t:|1760433535
|move|p1a: Kingambit|Sucker Punch|p2a: Landorus
|-damage|p2a: Landorus|0 fnt
|-damage|p1a: Kingambit|11/100|[from] item: Rocky Helmet|[of] p2a: Landorus
|faint|p2a: Landorus
|
|-heal|p1a: Kingambit|17/100|[from] item: Leftovers
|upkeep
|
|t:|1760433548
|switch|p2a: Samurott|Samurott-Hisui, M|100/100
|turn|14
|
|t:|1760433554
|move|p1a: Kingambit|Sucker Punch|p2a: Samurott
|-resisted|p2a: Samurott
|-damage|p2a: Samurott|42/100
|move|p2a: Samurott|Knock Off|p1a: Kingambit
|-resisted|p1a: Kingambit
|-damage|p1a: Kingambit|0 fnt
|-enditem|p1a: Kingambit|Leftovers|[from] move: Knock Off|[of] p2a: Samurott
|faint|p1a: Kingambit
|-end|p1a: Kingambit|fallen1|[silent]
|
|upkeep
|
|t:|1760433566
|switch|p1a: lancelot|Salamence, F, shiny|100/100
|turn|15
|
|t:|1760433576
|switch|p2a: Kingambit|Kingambit, M|100/100
|-activate|p2a: Kingambit|ability: Supreme Overlord
|-start|p2a: Kingambit|fallen1|[silent]
|move|p1a: lancelot|Dragon Dance|p1a: lancelot
|-boost|p1a: lancelot|atk|1
|-boost|p1a: lancelot|spe|1
|
|upkeep
|turn|16
|
|t:|1760433584
|move|p1a: lancelot|Earthquake|p2a: Kingambit
|-supereffective|p2a: Kingambit
|-damage|p2a: Kingambit|17/100
|move|p2a: Kingambit|Kowtow Cleave|p1a: lancelot
|-damage|p1a: lancelot|29/100
|
|-heal|p2a: Kingambit|23/100|[from] item: Leftovers
|upkeep
|turn|17
|
|t:|1760433593
|switch|p1a: Le fourbe|Okidogi, M|100/100
|-damage|p1a: Le fourbe|95/100|[from] Stealth Rock
|move|p2a: Kingambit|Kowtow Cleave|p1a: Le fourbe
|-resisted|p1a: Le fourbe
|-damage|p1a: Le fourbe|70/100
|
|-heal|p2a: Kingambit|29/100|[from] item: Leftovers
|upkeep
|turn|18
|
|t:|1760433609
|move|p2a: Kingambit|Sucker Punch|p1a: Le fourbe
|-resisted|p1a: Le fourbe
|-damage|p1a: Le fourbe|46/100
|move|p1a: Le fourbe|Knock Off|p2a: Kingambit
|-resisted|p2a: Kingambit
|-damage|p2a: Kingambit|16/100
|-enditem|p2a: Kingambit|Leftovers|[from] move: Knock Off|[of] p1a: Le fourbe
|
|upkeep
|turn|19
|
|t:|1760433616
|switch|p1a: Phamphan|Donphan, M, shiny|89/100
|-damage|p1a: Phamphan|83/100|[from] Stealth Rock
|move|p2a: Kingambit|Kowtow Cleave|p1a: Phamphan
|-damage|p1a: Phamphan|50/100
|
|-heal|p1a: Phamphan|56/100|[from] item: Leftovers
|upkeep
|turn|20
|
|t:|1760433629
|move|p2a: Kingambit|Sucker Punch|p1a: Phamphan
|-damage|p1a: Phamphan|28/100
|move|p1a: Phamphan|Earthquake|p2a: Kingambit
|-supereffective|p2a: Kingambit
|-damage|p2a: Kingambit|0 fnt
|faint|p2a: Kingambit
|-end|p2a: Kingambit|fallen1|[silent]
|
|-heal|p1a: Phamphan|34/100|[from] item: Leftovers
|upkeep
|
|t:|1760433637
|switch|p2a: Samurott|Samurott-Hisui, M|42/100
|turn|21
|
|t:|1760433642
|switch|p1a: St Honoré|Slowking, M, shiny|96/100
|move|p2a: Samurott|Ceaseless Edge|p1a: St Honoré
|-supereffective|p1a: St Honoré
|-damage|p1a: St Honoré|32/100
|-sidestart|p1: arataomega1|Spikes
|
|upkeep
|turn|22
|
|t:|1760433649
|move|p2a: Samurott|Ceaseless Edge|p1a: St Honoré
|-supereffective|p1a: St Honoré
|-damage|p1a: St Honoré|0 fnt
|-sidestart|p1: arataomega1|Spikes
|faint|p1a: St Honoré
|
|upkeep
|
|t:|1760433653
|switch|p1a: Le fourbe|Okidogi, M|46/100
|-damage|p1a: Le fourbe|40/100|[from] Stealth Rock
|-damage|p1a: Le fourbe|24/100|[from] Spikes
|turn|23
|
|t:|1760433662
|move|p1a: Le fourbe|Close Combat|p2a: Samurott
|-supereffective|p2a: Samurott
|-damage|p2a: Samurott|0 fnt
|-unboost|p1a: Le fourbe|def|1
|-unboost|p1a: Le fourbe|spd|1
|faint|p2a: Samurott
|
|upkeep
|
|t:|1760433669
|switch|p2a: Dragapult|Dragapult, F, shiny|100/100
|turn|24
|
|t:|1760433674
|switch|p1a: lancelot|Salamence, F, shiny|29/100
|move|p2a: Dragapult|Dragon Darts|p1a: lancelot
|-supereffective|p1a: lancelot
|-damage|p1a: lancelot|0 fnt
|faint|p1a: lancelot
|
|upkeep
|
|t:|1760433680
|switch|p1a: Le fourbe|Okidogi, M|24/100
|-damage|p1a: Le fourbe|18/100|[from] Stealth Rock
|-damage|p1a: Le fourbe|1/100|[from] Spikes
|turn|25
|
|t:|1760433686
|move|p1a: Le fourbe|Knock Off|p2a: Dragapult
|-supereffective|p2a: Dragapult
|-damage|p2a: Dragapult|15/100
|-status|p2a: Dragapult|tox|[from] ability: Toxic Chain|[of] p1a: Le fourbe
|-enditem|p2a: Dragapult|Choice Band|[from] move: Knock Off|[of] p1a: Le fourbe
|move|p2a: Dragapult|Dragon Darts|p1a: Le fourbe
|-damage|p1a: Le fourbe|0 fnt
|faint|p1a: Le fourbe
|
|-damage|p2a: Dragapult|9/100 tox|[from] psn
|upkeep
|
|t:|1760433695
|switch|p1a: Phamphan|Donphan, M, shiny|34/100
|-damage|p1a: Phamphan|28/100|[from] Stealth Rock
|-damage|p1a: Phamphan|11/100|[from] Spikes
|turn|26
|c|☆SomethingAnt|gg
|-message|arataomega1 forfeited.
|
|win|SomethingAnt
|raw|arataomega1's rating: 1345 &rarr; <strong>1326</strong><br />(-19 for losing)
|raw|SomethingAnt's rating: 1356 &rarr; <strong>1375</strong><br />(+19 for winning)
|l|☆arataomega1
|player|p1|
|l|☆SomethingAnt
|player|p2|
