|j|☆Army2501
|j|☆BUSTERGOAT
|t:|1760351398
|gametype|singles
|player|p1|Army2501|102|1175
|player|p2|BUSTERGOAT|falkner|1214
|gen|9
|tier|[Gen 9] OU
|rated|
|rule|HP Percentage Mod: HP is shown in percentages
|rule|Endless Battle Clause: Forcing endless battles is banned
|rule|Species Clause: Limit one of each Pokémon
|rule|OHKO Clause: OHKO moves are banned
|rule|Evasion Items Clause: Evasion items are banned
|rule|Evasion Moves Clause: Evasion moves are banned
|rule|Evasion Abilities Clause: Evasion abilities are banned
|rule|Sleep Moves Clause: Sleep-inducing moves are banned
|clearpoke
|poke|p1|Gholdengo|
|poke|p1|Alomomola, F|
|poke|p1|Dragonite, M|
|poke|p1|Rotom-Heat|
|poke|p1|Iron Valiant|
|poke|p1|Toedscruel, F|
|poke|p2|Ribombee, M|
|poke|p2|Cinderace, F|
|poke|p2|Serperior, M|
|poke|p2|Enamorus, F|
|poke|p2|Dragapult, F|
|poke|p2|Kingambit, F|
|teampreview
|inactive|Battle timer is ON: inactive players will automatically lose when time's up. (requested by BUSTERGOAT)
|
|t:|1760351403
|teamsize|p1|6
|teamsize|p2|6
|start
|switch|p1a: Toedscruel|Toedscruel, F, shiny|100/100
|switch|p2a: Ribombee|Ribombee, M, shiny|100/100
|turn|1
|
|t:|1760351414
|move|p2a: Ribombee|Sticky Web|p1a: Toedscruel
|-sidestart|p1: Army2501|move: Sticky Web
|move|p1a: Toedscruel|Leech Seed|p2a: Ribombee
|-start|p2a: Ribombee|move: Leech Seed
|
|-damage|p2a: Ribombee|88/100|[from] Leech Seed|[of] p1a: Toedscruel
|upkeep
|turn|2
|
|t:|1760351422
|move|p2a: Ribombee|Moonblast|p1a: Toedscruel
|-damage|p1a: Toedscruel|74/100
|move|p1a: Toedscruel|Rapid Spin|p2a: Ribombee
|-damage|p2a: Ribombee|73/100
|-boost|p1a: Toedscruel|spe|1
|-sideend|p1: Army2501|Sticky Web|[from] move: Rapid Spin|[of] p1a: Toedscruel
|
|-damage|p2a: Ribombee|61/100|[from] Leech Seed|[of] p1a: Toedscruel
|-heal|p1a: Toedscruel|86/100|[silent]
|upkeep
|turn|3
|
|t:|1760351431
|move|p2a: Ribombee|Sticky Web|p1a: Toedscruel
|-sidestart|p1: Army2501|move: Sticky Web
|move|p1a: Toedscruel|Spikes|p2a: Ribombee
|-sidestart|p2: BUSTERGOAT|Spikes
|
|-damage|p2a: Ribombee|48/100|[from] Leech Seed|[of] p1a: Toedscruel
|-heal|p1a: Toedscruel|97/100|[silent]
|upkeep
|turn|4
|
|t:|1760351443
|switch|p2a: Dragapult|Dragapult, F, shiny|100/100
|-damage|p2a: Dragapult|88/100|[from] Spikes
|move|p1a: Toedscruel|Spikes|p2a: Dragapult
|-sidestart|p2: BUSTERGOAT|Spikes
|
|upkeep
|turn|5
|
|t:|1760351452
|move|p2a: Dragapult|Flamethrower|p1a: Toedscruel
|-supereffective|p1a: Toedscruel
|-damage|p1a: Toedscruel|52/100
|-damage|p2a: Dragapult|78/100|[from] item: Life Orb
|move|p1a: Toedscruel|Leech Seed|p2a: Dragapult
|-start|p2a: Dragapult|move: Leech Seed
|
|-damage|p2a: Dragapult|66/100|[from] Leech Seed|[of] p1a: Toedscruel
|-heal|p1a: Toedscruel|66/100|[silent]
|upkeep
|turn|6
|
|t:|1760351463
|move|p2a: Dragapult|Dragon Darts|p1a: Toedscruel
|-damage|p1a: Toedscruel|31/100
|-anim|p2a: Dragapult|Dragon Darts|p1a: Toedscruel
|-damage|p1a: Toedscruel|0 fnt
|faint|p1a: Toedscruel
|-damage|p2a: Dragapult|56/100|[from] item: Life Orb
|
|upkeep
|
|t:|1760351473
|switch|p1a: Iron Valiant|Iron Valiant, shiny|100/100
|-activate|p1a: Iron Valiant|move: Sticky Web
|-unboost|p1a: Iron Valiant|spe|1
|-enditem|p1a: Iron Valiant|Booster Energy
|-activate|p1a: Iron Valiant|ability: Quark Drive|[fromitem]
|-start|p1a: Iron Valiant|quarkdriveatk
|turn|7
|
|t:|1760351485
|switch|p2a: Enamorus|Enamorus, F|100/100
|move|p1a: Iron Valiant|Shadow Sneak|p2a: Enamorus
|-damage|p2a: Enamorus|70/100
|
|upkeep
|turn|8
|
|t:|1760351504
|-end|p1a: Iron Valiant|Quark Drive|[silent]
|switch|p1a: Gholdengo|Gholdengo, shiny|100/100
|-activate|p1a: Gholdengo|move: Sticky Web
|-unboost|p1a: Gholdengo|spe|1
|move|p2a: Enamorus|Moonblast|p1a: Gholdengo
|-resisted|p1a: Gholdengo
|-damage|p1a: Gholdengo|85/100
|
|upkeep
|turn|9
|
|t:|1760351517
|switch|p2a: Cinderace|Cinderace, F, shiny|100/100
|move|p1a: Gholdengo|Power Gem|p2a: Cinderace
|-supereffective|p2a: Cinderace
|-damage|p2a: Cinderace|9/100
|
|upkeep
|turn|10
|
|t:|1760351524
|switch|p1a: Alomomola|Alomomola, F, shiny|100/100
|-activate|p1a: Alomomola|move: Sticky Web
|-unboost|p1a: Alomomola|spe|1
|move|p2a: Cinderace|Court Change|p2a: Cinderace
|-start|p2a: Cinderace|typechange|Normal|[from] ability: Libero
|-swapsideconditions
|-activate|p2a: Cinderace|move: Court Change
|
|upkeep
|turn|11
|
|t:|1760351546
|move|p2a: Cinderace|U-turn|p1a: Alomomola
|-damage|p1a: Alomomola|86/100
|-damage|p2a: Cinderace|0 fnt|[from] item: Rocky Helmet|[of] p1a: Alomomola
|faint|p2a: Cinderace
|move|p1a: Alomomola|Flip Turn|p2: Cinderace|[notarget]
|-fail|p1a: Alomomola
|
|upkeep
|
|t:|1760351551
|switch|p2a: Serperior|Serperior, M, shiny|100/100
|-activate|p2a: Serperior|move: Sticky Web
|-boost|p2a: Serperior|spe|1
|turn|12
|
|t:|1760351565
|move|p2a: Serperior|Leaf Storm|p1a: Alomomola
|-supereffective|p1a: Alomomola
|-damage|p1a: Alomomola|0 fnt
|-boost|p2a: Serperior|spa|2
|faint|p1a: Alomomola
|
|upkeep
|
|t:|1760351578
|switch|p1a: Gholdengo|Gholdengo, shiny|85/100
|-damage|p1a: Gholdengo|68/100|[from] Spikes
|turn|13
|
|t:|1760351591
|-terastallize|p2a: Serperior|Fire
|move|p2a: Serperior|Tera Blast|p1a: Gholdengo|[anim] Tera Blast Fire
|-supereffective|p1a: Gholdengo
|-damage|p1a: Gholdengo|0 fnt
|faint|p1a: Gholdengo
|
|upkeep
|
|t:|1760351598
|switch|p1a: Dragonite|Dragonite, M, shiny|100/100
|turn|14
|
|t:|1760351603
|move|p2a: Serperior|Dragon Pulse|p1a: Dragonite
|-supereffective|p1a: Dragonite
|-damage|p1a: Dragonite|59/100
|-enditem|p1a: Dragonite|Weakness Policy
|-boost|p1a: Dragonite|atk|2|[from] item: Weakness Policy
|-boost|p1a: Dragonite|spa|2|[from] item: Weakness Policy
|move|p1a: Dragonite|Dragon Dance|p1a: Dragonite
|-boost|p1a: Dragonite|atk|1
|-boost|p1a: Dragonite|spe|1
|
|upkeep
|turn|15
|
|t:|1760351613
|-terastallize|p1a: Dragonite|Normal
|move|p1a: Dragonite|Extreme Speed|p2a: Serperior
|-damage|p2a: Serperior|0 fnt
|faint|p2a: Serperior
|
|upkeep
|
|t:|1760351624
|switch|p2a: Kingambit|Kingambit, F, shiny|100/100
|-activate|p2a: Kingambit|move: Sticky Web
|-unboost|p2a: Kingambit|spe|1
|-ability|p2a: Kingambit|Defiant|boost
|-boost|p2a: Kingambit|atk|2
|turn|16
|
|t:|1760351636
|move|p2a: Kingambit|Sucker Punch|p1a: Dragonite
|-damage|p1a: Dragonite|0 fnt
|faint|p1a: Dragonite
|
|upkeep
|
|t:|1760351642
|switch|p1a: Rotom|Rotom-Heat, shiny|100/100
|turn|17
|
|t:|1760351653
|move|p2a: Kingambit|Sucker Punch||[still]
|-fail|p2a: Kingambit
|move|p1a: Rotom|Will-O-Wisp|p2a: Kingambit|[miss]
|-miss|p1a: Rotom|p2a: Kingambit
|
|upkeep
|turn|18
|
|t:|1760351661
|move|p1a: Rotom|Overheat|p2a: Kingambit
|-supereffective|p2a: Kingambit
|-crit|p2a: Kingambit
|-damage|p2a: Kingambit|0 fnt
|-unboost|p1a: Rotom|spa|2
|faint|p2a: Kingambit
|
|upkeep
|
|t:|1760351673
|switch|p2a: Dragapult|Dragapult, F, shiny|56/100
|-activate|p2a: Dragapult|move: Sticky Web
|-fail|p2a: Dragapult|unboost|[from] ability: Clear Body|[of] p2a: Dragapult
|turn|19
|
|t:|1760351682
|move|p2a: Dragapult|Hydro Pump|p1a: Rotom
|-supereffective|p1a: Rotom
|-damage|p1a: Rotom|23/100
|-damage|p2a: Dragapult|47/100|[from] item: Life Orb
|move|p1a: Rotom|Will-O-Wisp|p2a: Dragapult
|-status|p2a: Dragapult|brn
|
|-heal|p1a: Rotom|29/100|[from] item: Leftovers
|-damage|p2a: Dragapult|41/100 brn|[from] brn
|upkeep
|turn|20
|
|t:|1760351695
|move|p2a: Dragapult|Hydro Pump|p1a: Rotom
|-supereffective|p1a: Rotom
|-damage|p1a: Rotom|0 fnt
|faint|p1a: Rotom
|-damage|p2a: Dragapult|31/100 brn|[from] item: Life Orb
|
|-damage|p2a: Dragapult|25/100 brn|[from] brn
|upkeep
|
|t:|1760351703
|switch|p1a: Iron Valiant|Iron Valiant, shiny|100/100
|-damage|p1a: Iron Valiant|84/100|[from] Spikes
|turn|21
|
|t:|1760351711
|move|p1a: Iron Valiant|Shadow Sneak|p2a: Dragapult
|-supereffective|p2a: Dragapult
|-damage|p2a: Dragapult|0 fnt
|faint|p2a: Dragapult
|
|upkeep
|
|t:|1760351713
|switch|p2a: Enamorus|Enamorus, F|70/100
|turn|22
|
|t:|1760351720
|move|p1a: Iron Valiant|Shadow Sneak|p2a: Enamorus
|-crit|p2a: Enamorus
|-damage|p2a: Enamorus|38/100
|move|p2a: Enamorus|Moonblast|p1a: Iron Valiant
|-supereffective|p1a: Iron Valiant
|-damage|p1a: Iron Valiant|0 fnt
|faint|p1a: Iron Valiant
|-end|p1a: Iron Valiant|Quark Drive|[silent]
|
|win|BUSTERGOAT
|raw|Army2501's rating: 1175 &rarr; <strong>1153</strong><br />(-22 for losing)
|raw|BUSTERGOAT's rating: 1214 &rarr; <strong>1236</strong><br />(+22 for winning)
|l|☆Army2501
|player|p1|
|l|☆BUSTERGOAT
|player|p2|
