|j|☆apotato135
|j|☆getreyal
|t:|1760394266
|gametype|singles
|player|p1|apotato135|swimmer-gen4dp|1634
|player|p2|getreyal|pokemonbreeder-gen4|1625
|gen|9
|tier|[Gen 9] OU
|rated|
|rule|HP Percentage Mod: HP is shown in percentages
|rule|Endless Battle Clause: Forcing endless battles is banned
|rule|Species Clause: Limit one of each Pokémon
|rule|OHKO Clause: OHKO moves are banned
|rule|Evasion Items Clause: Evasion items are banned
|rule|Evasion Moves Clause: Evasion moves are banned
|rule|Evasion Abilities Clause: Evasion abilities are banned
|rule|Sleep Moves Clause: Sleep-inducing moves are banned
|clearpoke
|poke|p1|Pelipper, F|
|poke|p1|Raging Bolt|
|poke|p1|Tauros-Paldea-Aqua, M|
|poke|p1|Primarina, F|
|poke|p1|Overqwil, F|
|poke|p1|Iron Treads|
|poke|p2|Metagross|
|poke|p2|Salamence, F|
|poke|p2|Great Tusk|
|poke|p2|Tyranitar, M|
|poke|p2|Gengar, F|
|poke|p2|Milotic, F|
|teampreview
|
|t:|1760394284
|teamsize|p1|6
|teamsize|p2|6
|start
|switch|p1a: Tauros|Tauros-Paldea-Aqua, M|100/100
|switch|p2a: Milotic|Milotic, F|100/100
|-ability|p1a: Tauros|Intimidate|boost
|-unboost|p2a: Milotic|atk|1
|turn|1
|
|t:|1760394291
|move|p1a: Tauros|Raging Bull|p2a: Milotic
|-resisted|p2a: Milotic
|-damage|p2a: Milotic|77/100
|move|p2a: Milotic|Scald|p1a: Tauros
|-resisted|p1a: Tauros
|-damage|p1a: Tauros|79/100
|
|-heal|p2a: Milotic|83/100|[from] item: Leftovers
|upkeep
|turn|2
|
|t:|1760394297
|switch|p1a: Primarina|Primarina, F|100/100
|move|p2a: Milotic|Scald|p1a: Primarina
|-resisted|p1a: Primarina
|-damage|p1a: Primarina|91/100
|
|-heal|p2a: Milotic|89/100|[from] item: Leftovers
|upkeep
|turn|3
|
|t:|1760394304
|move|p1a: Primarina|Psychic Noise|p2a: Milotic
|-resisted|p2a: Milotic
|-damage|p2a: Milotic|74/100
|-start|p2a: Milotic|move: Heal Block
|move|p2a: Milotic|Scald|p1a: Primarina
|-resisted|p1a: Primarina
|-damage|p1a: Primarina|83/100
|-status|p1a: Primarina|brn
|
|-damage|p1a: Primarina|77/100 brn|[from] brn
|upkeep
|turn|4
|
|t:|1760394312
|move|p1a: Primarina|Energy Ball|p2a: Milotic
|-supereffective|p2a: Milotic
|-damage|p2a: Milotic|28/100
|move|p2a: Milotic|Flip Turn|p1a: Primarina
|-resisted|p1a: Primarina
|-damage|p1a: Primarina|72/100 brn
|
|t:|1760394319
|switch|p2a: Metagross|Metagross|100/100|[from] Flip Turn
|
|-damage|p1a: Primarina|66/100 brn|[from] brn
|upkeep
|turn|5
|
|t:|1760394325
|switch|p1a: Iron Treads|Iron Treads|100/100
|-enditem|p1a: Iron Treads|Booster Energy
|-activate|p1a: Iron Treads|ability: Quark Drive|[fromitem]
|-start|p1a: Iron Treads|quarkdrivespe
|move|p2a: Metagross|Psychic Fangs|p1a: Iron Treads
|-resisted|p1a: Iron Treads
|-damage|p1a: Iron Treads|68/100
|
|upkeep
|turn|6
|
|t:|1760394331
|switch|p2a: Great Tusk|Great Tusk|100/100
|move|p1a: Iron Treads|Stealth Rock|p2a: Great Tusk
|-sidestart|p2: getreyal|move: Stealth Rock
|
|upkeep
|turn|7
|
|t:|1760394338
|move|p1a: Iron Treads|Earth Power|p2a: Great Tusk
|-damage|p2a: Great Tusk|50/100
|move|p2a: Great Tusk|Rapid Spin|p1a: Iron Treads
|-resisted|p1a: Iron Treads
|-damage|p1a: Iron Treads|60/100
|-boost|p2a: Great Tusk|spe|1
|-sideend|p2: getreyal|Stealth Rock|[from] move: Rapid Spin|[of] p2a: Great Tusk
|
|upkeep
|turn|8
|inactive|Battle timer is ON: inactive players will automatically lose when time's up. (requested by apotato135)
|
|t:|1760394365
|-end|p2a: Great Tusk|Protosynthesis|[silent]
|switch|p2a: Tyranitar|Tyranitar, M|100/100
|-weather|Sandstorm|[from] ability: Sand Stream|[of] p2a: Tyranitar
|move|p1a: Iron Treads|Earth Power|p2a: Tyranitar
|-supereffective|p2a: Tyranitar
|-damage|p2a: Tyranitar|74/100
|
|-weather|Sandstorm|[upkeep]
|-heal|p2a: Tyranitar|80/100|[from] item: Leftovers
|upkeep
|turn|9
|
|t:|1760394373
|move|p1a: Iron Treads|Volt Switch|p2a: Tyranitar
|-damage|p2a: Tyranitar|73/100
|
|t:|1760394375
|-end|p1a: Iron Treads|Quark Drive|[silent]
|switch|p1a: Pelipper|Pelipper, F|100/100|[from] Volt Switch
|-weather|RainDance|[from] ability: Drizzle|[of] p1a: Pelipper
|move|p2a: Tyranitar|Knock Off|p1a: Pelipper
|-damage|p1a: Pelipper|67/100
|-enditem|p1a: Pelipper|Damp Rock|[from] move: Knock Off|[of] p2a: Tyranitar
|
|-weather|RainDance|[upkeep]
|-heal|p2a: Tyranitar|79/100|[from] item: Leftovers
|upkeep
|turn|10
|
|t:|1760394380
|switch|p2a: Milotic|Milotic, F|28/100
|move|p1a: Pelipper|U-turn|p2a: Milotic
|-damage|p2a: Milotic|21/100
|
|t:|1760394383
|switch|p1a: Tauros|Tauros-Paldea-Aqua, M|79/100|[from] U-turn
|-ability|p1a: Tauros|Intimidate|boost
|-unboost|p2a: Milotic|atk|1
|
|-weather|RainDance|[upkeep]
|-heal|p2a: Milotic|27/100|[from] item: Leftovers
|upkeep
|turn|11
|
|t:|1760394387
|move|p1a: Tauros|Raging Bull|p2a: Milotic
|-resisted|p2a: Milotic
|-damage|p2a: Milotic|0 fnt
|faint|p2a: Milotic
|
|-weather|RainDance|[upkeep]
|upkeep
|
|t:|1760394389
|switch|p2a: Salamence|Salamence, F|100/100
|-ability|p2a: Salamence|Intimidate|boost
|-unboost|p1a: Tauros|atk|1
|turn|12
|
|t:|1760394394
|switch|p1a: Primarina|Primarina, F|66/100 brn
|move|p2a: Salamence|Dragon Dance|p2a: Salamence
|-boost|p2a: Salamence|atk|1
|-boost|p2a: Salamence|spe|1
|
|-weather|RainDance|[upkeep]
|-damage|p1a: Primarina|60/100 brn|[from] brn
|upkeep
|turn|13
|
|t:|1760394398
|move|p2a: Salamence|Dual Wingbeat|p1a: Primarina|[miss]
|-miss|p2a: Salamence|p1a: Primarina
|move|p1a: Primarina|Moonblast|p2a: Salamence
|-supereffective|p2a: Salamence
|-damage|p2a: Salamence|0 fnt
|faint|p2a: Salamence
|
|-weather|RainDance|[upkeep]
|-damage|p1a: Primarina|54/100 brn|[from] brn
|upkeep
|
|t:|1760394401
|switch|p2a: Gengar|Gengar, F|100/100
|turn|14
|
|t:|1760394407
|move|p2a: Gengar|Sludge Wave|p1a: Primarina
|-supereffective|p1a: Primarina
|-damage|p1a: Primarina|0 fnt
|faint|p1a: Primarina
|
|-weather|RainDance|[upkeep]
|upkeep
|
|t:|1760394411
|switch|p1a: Overqwil|Overqwil, F|100/100
|turn|15
|
|t:|1760394417
|switch|p2a: Tyranitar|Tyranitar, M|79/100
|-weather|Sandstorm|[from] ability: Sand Stream|[of] p2a: Tyranitar
|move|p1a: Overqwil|Liquidation|p2a: Tyranitar
|-supereffective|p2a: Tyranitar
|-damage|p2a: Tyranitar|25/100
|-damage|p1a: Overqwil|91/100|[from] item: Life Orb
|
|-weather|Sandstorm|[upkeep]
|-damage|p1a: Overqwil|85/100|[from] Sandstorm
|-heal|p2a: Tyranitar|31/100|[from] item: Leftovers
|upkeep
|turn|16
|
|t:|1760394420
|move|p1a: Overqwil|Liquidation|p2a: Tyranitar
|-supereffective|p2a: Tyranitar
|-damage|p2a: Tyranitar|0 fnt
|faint|p2a: Tyranitar
|-damage|p1a: Overqwil|75/100|[from] item: Life Orb
|
|-weather|Sandstorm|[upkeep]
|-damage|p1a: Overqwil|69/100|[from] Sandstorm
|upkeep
|
|t:|1760394424
|switch|p2a: Great Tusk|Great Tusk|50/100
|turn|17
|
|t:|1760394430
|switch|p1a: Pelipper|Pelipper, F|67/100
|-weather|RainDance|[from] ability: Drizzle|[of] p1a: Pelipper
|move|p2a: Great Tusk|Stealth Rock|p1a: Pelipper
|-sidestart|p1: apotato135|move: Stealth Rock
|
|-weather|RainDance|[upkeep]
|upkeep
|turn|18
|
|t:|1760394435
|-end|p2a: Great Tusk|Protosynthesis|[silent]
|switch|p2a: Metagross|Metagross|100/100
|move|p1a: Pelipper|Surf|p2a: Metagross
|-damage|p2a: Metagross|49/100
|
|-weather|RainDance|[upkeep]
|upkeep
|turn|19
|
|t:|1760394443
|move|p2a: Metagross|Psychic Fangs|p1a: Pelipper
|-damage|p1a: Pelipper|6/100
|move|p1a: Pelipper|Surf|p2a: Metagross
|-damage|p2a: Metagross|0 fnt
|faint|p2a: Metagross
|
|-weather|RainDance|[upkeep]
|upkeep
|
|t:|1760394447
|switch|p2a: Great Tusk|Great Tusk|50/100
|turn|20
|
|t:|1760394454
|switch|p1a: Tauros|Tauros-Paldea-Aqua, M|79/100
|-damage|p1a: Tauros|72/100|[from] Stealth Rock
|-ability|p1a: Tauros|Intimidate|boost
|-unboost|p2a: Great Tusk|atk|1
|move|p2a: Great Tusk|Rapid Spin|p1a: Tauros
|-damage|p1a: Tauros|60/100
|-boost|p2a: Great Tusk|spe|1
|
|-weather|RainDance|[upkeep]
|upkeep
|turn|21
|
|t:|1760394460
|-terastallize|p1a: Tauros|Water
|move|p1a: Tauros|Aqua Jet|p2a: Great Tusk
|-supereffective|p2a: Great Tusk
|-damage|p2a: Great Tusk|0 fnt
|faint|p2a: Great Tusk
|-end|p2a: Great Tusk|Protosynthesis|[silent]
|
|-weather|none
|upkeep
|
|t:|1760394463
|switch|p2a: Gengar|Gengar, F|100/100
|turn|22
|
|t:|1760394466
|move|p1a: Tauros|Aqua Jet|p2a: Gengar
|-damage|p2a: Gengar|33/100
|move|p2a: Gengar|Sludge Wave|p1a: Tauros
|-damage|p1a: Tauros|0 fnt
|faint|p1a: Tauros
|
|upkeep
|
|t:|1760394473
|switch|p1a: Overqwil|Overqwil, F|69/100
|-damage|p1a: Overqwil|57/100|[from] Stealth Rock
|turn|23
|
|t:|1760394485
|move|p2a: Gengar|Focus Blast|p1a: Overqwil
|-damage|p1a: Overqwil|0 fnt
|faint|p1a: Overqwil
|
|upkeep
|
|t:|1760394488
|switch|p1a: Raging Bolt|Raging Bolt|100/100
|-damage|p1a: Raging Bolt|88/100|[from] Stealth Rock
|turn|24
|inactive|getreyal has 120 seconds left.
|
|t:|1760394534
|move|p1a: Raging Bolt|Volt Switch|p2a: Gengar
|-damage|p2a: Gengar|0 fnt
|-start|p1a: Raging Bolt|Disable|Volt Switch|[from] ability: Cursed Body|[of] p2a: Gengar
|faint|p2a: Gengar
|
|win|apotato135
|raw|apotato135's rating: 1634 &rarr; <strong>1653</strong><br />(+19 for winning)
|raw|getreyal's rating: 1625 &rarr; <strong>1606</strong><br />(-19 for losing)
|l|☆getreyal
|player|p2|
|l|☆apotato135
|player|p1|
