|j|☆capitolg
|j|☆phrugsqueek
|t:|1760389477
|gametype|singles
|player|p1|capitolg|bellelba|1208
|player|p2|phrugsqueek|psychicf-gen4|1194
|gen|9
|tier|[Gen 9] OU
|rated|
|rule|HP Percentage Mod: HP is shown in percentages
|rule|Endless Battle Clause: Forcing endless battles is banned
|rule|Species Clause: Limit one of each Pokémon
|rule|OHKO Clause: OHKO moves are banned
|rule|Evasion Items Clause: Evasion items are banned
|rule|Evasion Moves Clause: Evasion moves are banned
|rule|Evasion Abilities Clause: Evasion abilities are banned
|rule|Sleep Moves Clause: Sleep-inducing moves are banned
|clearpoke
|poke|p1|Vikavolt, M|
|poke|p1|Gothitelle, F|
|poke|p1|Smeargle, F|
|poke|p1|Empoleon, M|
|poke|p1|Passimian, F|
|poke|p1|Trevenant, M|
|poke|p2|Azumarill, F|
|poke|p2|Garganacl, F|
|poke|p2|Whiscash, F|
|poke|p2|Polteageist|
|poke|p2|Swalot, M|
|poke|p2|Hitmonchan, M|
|teampreview
|inactive|Battle timer is ON: inactive players will automatically lose when time's up. (requested by phrugsqueek)
|
|t:|1760389494
|teamsize|p1|6
|teamsize|p2|6
|start
|switch|p1a: Vikavolt|Vikavolt, M|100/100
|switch|p2a: Whiscash|Whiscash, F|100/100
|turn|1
|
|t:|1760389500
|move|p2a: Whiscash|Stealth Rock|p1a: Vikavolt
|-sidestart|p1: capitolg|move: Stealth Rock
|move|p1a: Vikavolt|Energy Ball|p2a: Whiscash
|-supereffective|p2a: Whiscash
|-damage|p2a: Whiscash|0 fnt
|faint|p2a: Whiscash
|
|upkeep
|
|t:|1760389515
|switch|p2a: Polteageist|Polteageist|100/100
|turn|2
|
|t:|1760389518
|move|p2a: Polteageist|Shell Smash|p2a: Polteageist
|-unboost|p2a: Polteageist|def|1
|-unboost|p2a: Polteageist|spd|1
|-boost|p2a: Polteageist|atk|2
|-boost|p2a: Polteageist|spa|2
|-boost|p2a: Polteageist|spe|2
|move|p1a: Vikavolt|Sticky Web|p2a: Polteageist
|-sidestart|p2: phrugsqueek|move: Sticky Web
|
|upkeep
|turn|3
|
|t:|1760389535
|move|p2a: Polteageist|Stored Power|p1a: Vikavolt
|-enditem|p1a: Vikavolt|Focus Sash
|-damage|p1a: Vikavolt|1/100
|move|p1a: Vikavolt|Discharge|p2a: Polteageist
|-damage|p2a: Polteageist|14/100
|
|upkeep
|turn|4
|
|t:|1760389545
|move|p2a: Polteageist|Giga Drain|p1a: Vikavolt
|-resisted|p1a: Vikavolt
|-crit|p1a: Vikavolt
|-damage|p1a: Vikavolt|0 fnt
|-heal|p2a: Polteageist|15/100|[from] drain|[of] p1a: Vikavolt
|faint|p1a: Vikavolt
|
|upkeep
|
|t:|1760389547
|switch|p1a: Smeargle|Smeargle, F|100/100
|-damage|p1a: Smeargle|88/100|[from] Stealth Rock
|turn|5
|
|t:|1760389556
|move|p2a: Polteageist|Giga Drain|p1a: Smeargle
|-damage|p1a: Smeargle|25/100
|-heal|p2a: Polteageist|53/100|[from] drain|[of] p1a: Smeargle
|move|p1a: Smeargle|Trick Room|p1a: Smeargle
|-fieldstart|move: Trick Room|[of] p1a: Smeargle
|
|upkeep
|turn|6
|
|t:|1760389570
|switch|p2a: Swalot|Swalot, M|100/100
|-activate|p2a: Swalot|move: Sticky Web
|-unboost|p2a: Swalot|spe|1
|move|p1a: Smeargle|Court Change|p1a: Smeargle
|-swapsideconditions
|-activate|p1a: Smeargle|move: Court Change
|
|upkeep
|turn|7
|
|t:|1760389578
|move|p2a: Swalot|Stuff Cheeks|p2a: Swalot
|-boost|p2a: Swalot|def|2
|-enditem|p2a: Swalot|Starf Berry|[eat]
|-boost|p2a: Swalot|atk|2|[from] item: Starf Berry
|move|p1a: Smeargle|Taunt|p2a: Swalot
|-start|p2a: Swalot|move: Taunt
|
|upkeep
|turn|8
|
|t:|1760389590
|move|p1a: Smeargle|Burning Bulwark|p1a: Smeargle
|-singleturn|p1a: Smeargle|move: Protect
|move|p2a: Swalot|Thief|p1a: Smeargle
|-activate|p1a: Smeargle|move: Protect
|-status|p2a: Swalot|brn
|
|-damage|p2a: Swalot|94/100 brn|[from] brn
|upkeep
|turn|9
|
|t:|1760389599
|move|p2a: Swalot|Thief|p1a: Smeargle
|-crit|p1a: Smeargle
|-damage|p1a: Smeargle|0 fnt
|-enditem|p1a: Smeargle|Focus Sash|[silent]|[from] move: Thief|[of] p2a: Swalot
|-item|p2a: Swalot|Focus Sash|[from] move: Thief|[of] p1a: Smeargle
|faint|p1a: Smeargle
|
|-damage|p2a: Swalot|88/100 brn|[from] brn
|-fieldend|move: Trick Room
|upkeep
|
|t:|1760389607
|switch|p1a: Gothitelle|Gothitelle, F|100/100
|-activate|p1a: Gothitelle|move: Sticky Web
|-unboost|p1a: Gothitelle|spe|1
|-ability|p1a: Gothitelle|Competitive|boost
|-boost|p1a: Gothitelle|spa|2
|turn|10
|
|t:|1760389618
|-terastallize|p2a: Swalot|Flying
|move|p1a: Gothitelle|Psychic Noise|p2a: Swalot
|-damage|p2a: Swalot|20/100 brn
|-start|p2a: Swalot|move: Heal Block
|move|p2a: Swalot|Thief|p1a: Gothitelle
|-supereffective|p1a: Gothitelle
|-damage|p1a: Gothitelle|82/100
|
|-heal|p1a: Gothitelle|88/100|[from] item: Leftovers
|-damage|p2a: Swalot|14/100 brn|[from] brn
|-end|p2a: Swalot|move: Taunt
|upkeep
|turn|11
|
|t:|1760389633
|move|p1a: Gothitelle|Psychic Noise|p2a: Swalot
|-damage|p2a: Swalot|0 fnt
|faint|p2a: Swalot
|
|-heal|p1a: Gothitelle|94/100|[from] item: Leftovers
|upkeep
|
|t:|1760389645
|switch|p2a: Azumarill|Azumarill, F|100/100
|-damage|p2a: Azumarill|88/100|[from] Stealth Rock
|turn|12
|
|t:|1760389657
|move|p2a: Azumarill|Belly Drum|p2a: Azumarill
|-damage|p2a: Azumarill|38/100
|-setboost|p2a: Azumarill|atk|6|[from] move: Belly Drum
|-enditem|p2a: Azumarill|Sitrus Berry|[eat]
|-heal|p2a: Azumarill|63/100|[from] item: Sitrus Berry
|move|p1a: Gothitelle|Trick Room|p1a: Gothitelle
|-fieldstart|move: Trick Room|[of] p1a: Gothitelle
|
|-heal|p1a: Gothitelle|99/100|[from] item: Leftovers
|upkeep
|turn|13
|
|t:|1760389673
|move|p2a: Azumarill|Aqua Jet|p1a: Gothitelle
|-damage|p1a: Gothitelle|0 fnt
|faint|p1a: Gothitelle
|
|upkeep
|inactive|capitolg has 120 seconds left.
|-message|capitolg forfeited.
|
|win|phrugsqueek
|raw|capitolg's rating: 1208 &rarr; <strong>1182</strong><br />(-26 for losing)
|raw|phrugsqueek's rating: 1194 &rarr; <strong>1220</strong><br />(+26 for winning)
|l|☆capitolg
|player|p1|
|l|☆phrugsqueek
|player|p2|
