|j|☆fire punch (manga)
|j|☆Praticello
|t:|1760458280
|gametype|singles
|player|p1|fire punch (manga)|bea|1321
|player|p2|Praticello|parasollady|1301
|gen|9
|tier|[Gen 9] OU
|rated|
|rule|HP Percentage Mod: HP is shown in percentages
|rule|Endless Battle Clause: Forcing endless battles is banned
|rule|Species Clause: Limit one of each Pokémon
|rule|OHKO Clause: OHKO moves are banned
|rule|Evasion Items Clause: Evasion items are banned
|rule|Evasion Moves Clause: Evasion moves are banned
|rule|Evasion Abilities Clause: Evasion abilities are banned
|rule|Sleep Moves Clause: Sleep-inducing moves are banned
|clearpoke
|poke|p1|Ogerpon-Cornerstone, F|
|poke|p1|Iron Moth|
|poke|p1|Ceruledge, M|
|poke|p1|Rillaboom, M|
|poke|p1|Iron Hands|
|poke|p1|Kingambit, M|
|poke|p2|Quagsire, F|
|poke|p2|Blissey, F|
|poke|p2|Toxapex, F|
|poke|p2|Sinistcha|
|poke|p2|Gliscor, M|
|poke|p2|Corviknight, F|
|teampreview
|inactive|Battle timer is ON: inactive players will automatically lose when time's up. (requested by fire punch (manga))
|
|t:|1760458303
|teamsize|p1|6
|teamsize|p2|6
|start
|switch|p1a: Ogerpon|Ogerpon-Cornerstone, F|100/100
|switch|p2a: Gliscor|Gliscor, M|100/100
|turn|1
|
|t:|1760458311
|move|p2a: Gliscor|Protect|p2a: Gliscor
|-singleturn|p2a: Gliscor|Protect
|move|p1a: Ogerpon|Spikes|p2a: Gliscor
|-sidestart|p2: Praticello|Spikes
|
|-status|p2a: Gliscor|tox|[from] item: Toxic Orb
|upkeep
|turn|2
|
|t:|1760458317
|move|p1a: Ogerpon|Taunt|p2a: Gliscor
|-start|p2a: Gliscor|move: Taunt
|cant|p2a: Gliscor|move: Taunt|Spikes
|
|upkeep
|turn|3
|
|t:|1760458323
|move|p1a: Ogerpon|Spikes|p2a: Gliscor
|-sidestart|p2: Praticello|Spikes
|move|p2a: Gliscor|Knock Off|p1a: Ogerpon
|-damage|p1a: Ogerpon|83/100
|
|upkeep
|turn|4
|
|t:|1760458328
|move|p1a: Ogerpon|Power Whip|p2a: Gliscor|[miss]
|-miss|p1a: Ogerpon|p2a: Gliscor
|move|p2a: Gliscor|Earthquake|p1a: Ogerpon
|-damage|p1a: Ogerpon|39/100
|
|-end|p2a: Gliscor|move: Taunt
|upkeep
|turn|5
|
|t:|1760458338
|move|p1a: Ogerpon|Power Whip|p2a: Gliscor
|-damage|p2a: Gliscor|43/100 tox
|move|p2a: Gliscor|Earthquake|p1a: Ogerpon
|-damage|p1a: Ogerpon|0 fnt
|faint|p1a: Ogerpon
|
|-heal|p2a: Gliscor|55/100 tox|[from] ability: Poison Heal
|upkeep
|
|t:|1760458350
|switch|p1a: Iron Hands|Iron Hands|100/100
|turn|6
|
|t:|1760458355
|move|p2a: Gliscor|Protect|p2a: Gliscor
|-singleturn|p2a: Gliscor|Protect
|move|p1a: Iron Hands|Swords Dance|p1a: Iron Hands
|-boost|p1a: Iron Hands|atk|2
|
|-heal|p2a: Gliscor|68/100 tox|[from] ability: Poison Heal
|upkeep
|turn|7
|
|t:|1760458362
|switch|p2a: Quagsire|Quagsire, F|100/100
|move|p1a: Iron Hands|Ice Punch|p2a: Quagsire
|-damage|p2a: Quagsire|80/100
|
|upkeep
|turn|8
|
|t:|1760458368
|move|p1a: Iron Hands|Ice Punch|p2a: Quagsire
|-damage|p2a: Quagsire|58/100
|move|p2a: Quagsire|Stealth Rock|p1a: Iron Hands
|-sidestart|p1: fire punch (manga)|move: Stealth Rock
|
|upkeep
|turn|9
|
|t:|1760458373
|move|p1a: Iron Hands|Ice Punch|p2a: Quagsire
|-damage|p2a: Quagsire|38/100
|move|p2a: Quagsire|Recover|p2a: Quagsire
|-heal|p2a: Quagsire|88/100
|
|upkeep
|turn|10
|
|t:|1760458379
|move|p1a: Iron Hands|Ice Punch|p2a: Quagsire
|-damage|p2a: Quagsire|67/100
|move|p2a: Quagsire|Toxic|p1a: Iron Hands
|-status|p1a: Iron Hands|tox
|
|-damage|p1a: Iron Hands|94/100 tox|[from] psn
|upkeep
|turn|11
|
|t:|1760458386
|move|p1a: Iron Hands|Ice Punch|p2a: Quagsire
|-damage|p2a: Quagsire|45/100
|move|p2a: Quagsire|Recover|p2a: Quagsire
|-heal|p2a: Quagsire|95/100
|
|-heal|p1a: Iron Hands|100/100 tox|[from] item: Leftovers
|-damage|p1a: Iron Hands|88/100 tox|[from] psn
|upkeep
|turn|12
|
|t:|1760458395
|move|p1a: Iron Hands|Ice Punch|p2a: Quagsire
|-damage|p2a: Quagsire|75/100
|-status|p2a: Quagsire|frz
|cant|p2a: Quagsire|frz
|
|-heal|p1a: Iron Hands|94/100 tox|[from] item: Leftovers
|-damage|p1a: Iron Hands|76/100 tox|[from] psn
|upkeep
|turn|13
|
|t:|1760458404
|-end|p1a: Iron Hands|Quark Drive|[silent]
|switch|p1a: Rillaboom|Rillaboom, M|100/100
|-damage|p1a: Rillaboom|88/100|[from] Stealth Rock
|-fieldstart|move: Grassy Terrain|[from] ability: Grassy Surge|[of] p1a: Rillaboom
|cant|p2a: Quagsire|frz
|
|-heal|p1a: Rillaboom|94/100|[from] Grassy Terrain
|-heal|p2a: Quagsire|81/100 frz|[from] Grassy Terrain
|upkeep
|turn|14
|
|t:|1760458413
|switch|p1a: Iron Hands|Iron Hands|76/100 tox
|-damage|p1a: Iron Hands|69/100 tox|[from] Stealth Rock
|switch|p2a: Corviknight|Corviknight, F|100/100
|-ability|p2a: Corviknight|Pressure
|
|-heal|p1a: Iron Hands|76/100 tox|[from] Grassy Terrain
|-heal|p1a: Iron Hands|82/100 tox|[from] item: Leftovers
|-damage|p1a: Iron Hands|76/100 tox|[from] psn
|upkeep
|turn|15
|
|t:|1760458425
|switch|p2a: Quagsire|Quagsire, F|81/100 frz
|move|p1a: Iron Hands|Wild Charge|p2a: Quagsire
|-immune|p2a: Quagsire
|
|-heal|p1a: Iron Hands|82/100 tox|[from] Grassy Terrain
|-heal|p1a: Iron Hands|88/100 tox|[from] item: Leftovers
|-heal|p2a: Quagsire|87/100 frz|[from] Grassy Terrain
|-damage|p1a: Iron Hands|76/100 tox|[from] psn
|upkeep
|turn|16
|
|t:|1760458444
|move|p1a: Iron Hands|Ice Punch|p2a: Quagsire
|-damage|p2a: Quagsire|66/100 frz
|cant|p2a: Quagsire|frz
|
|-heal|p1a: Iron Hands|82/100 tox|[from] Grassy Terrain
|-heal|p1a: Iron Hands|88/100 tox|[from] item: Leftovers
|-heal|p2a: Quagsire|72/100 frz|[from] Grassy Terrain
|-damage|p1a: Iron Hands|69/100 tox|[from] psn
|upkeep
|turn|17
|
|t:|1760458453
|move|p1a: Iron Hands|Ice Punch|p2a: Quagsire
|-damage|p2a: Quagsire|50/100 frz
|cant|p2a: Quagsire|frz
|
|-heal|p1a: Iron Hands|76/100 tox|[from] Grassy Terrain
|-heal|p1a: Iron Hands|82/100 tox|[from] item: Leftovers
|-heal|p2a: Quagsire|56/100 frz|[from] Grassy Terrain
|-damage|p1a: Iron Hands|57/100 tox|[from] psn
|-fieldend|move: Grassy Terrain
|upkeep
|turn|18
|
|t:|1760458462
|move|p1a: Iron Hands|Ice Punch|p2a: Quagsire
|-damage|p2a: Quagsire|35/100 frz
|cant|p2a: Quagsire|frz
|
|-heal|p1a: Iron Hands|63/100 tox|[from] item: Leftovers
|-damage|p1a: Iron Hands|32/100 tox|[from] psn
|upkeep
|turn|19
|
|t:|1760458470
|-end|p1a: Iron Hands|Quark Drive|[silent]
|switch|p1a: Rillaboom|Rillaboom, M|94/100
|-damage|p1a: Rillaboom|82/100|[from] Stealth Rock
|-fieldstart|move: Grassy Terrain|[from] ability: Grassy Surge|[of] p1a: Rillaboom
|cant|p2a: Quagsire|frz
|
|-heal|p1a: Rillaboom|88/100|[from] Grassy Terrain
|-heal|p2a: Quagsire|41/100 frz|[from] Grassy Terrain
|upkeep
|turn|20
|
|t:|1760458480
|switch|p2a: Corviknight|Corviknight, F|100/100
|-ability|p2a: Corviknight|Pressure
|move|p1a: Rillaboom|Swords Dance|p1a: Rillaboom
|-boost|p1a: Rillaboom|atk|2
|
|-heal|p1a: Rillaboom|94/100|[from] Grassy Terrain
|upkeep
|turn|21
|
|t:|1760458491
|move|p1a: Rillaboom|Knock Off|p2a: Corviknight
|-damage|p2a: Corviknight|47/100
|-enditem|p2a: Corviknight|Heavy-Duty Boots|[from] move: Knock Off|[of] p1a: Rillaboom
|-damage|p1a: Rillaboom|84/100|[from] item: Life Orb
|move|p2a: Corviknight|Iron Defense|p2a: Corviknight
|-boost|p2a: Corviknight|def|2
|
|-heal|p1a: Rillaboom|91/100|[from] Grassy Terrain
|upkeep
|turn|22
|
|t:|1760458502
|move|p1a: Rillaboom|Swords Dance|p1a: Rillaboom
|-boost|p1a: Rillaboom|atk|2
|move|p2a: Corviknight|Roost|p2a: Corviknight
|-heal|p2a: Corviknight|97/100
|-singleturn|p2a: Corviknight|move: Roost
|
|-heal|p1a: Rillaboom|97/100|[from] Grassy Terrain
|-heal|p2a: Corviknight|100/100|[from] Grassy Terrain
|upkeep
|turn|23
|
|t:|1760458510
|move|p1a: Rillaboom|Drain Punch|p2a: Corviknight
|-crit|p2a: Corviknight
|-damage|p2a: Corviknight|7/100
|-heal|p1a: Rillaboom|100/100|[from] drain|[of] p2a: Corviknight
|-damage|p1a: Rillaboom|91/100|[from] item: Life Orb
|move|p2a: Corviknight|Body Press|p1a: Rillaboom
|-damage|p1a: Rillaboom|28/100
|
|-heal|p1a: Rillaboom|35/100|[from] Grassy Terrain
|-fieldend|move: Grassy Terrain
|upkeep
|turn|24
|
|t:|1760458531
|move|p1a: Rillaboom|Drain Punch|p2a: Corviknight
|-damage|p2a: Corviknight|0 fnt
|-heal|p1a: Rillaboom|38/100|[from] drain|[of] p2a: Corviknight
|faint|p2a: Corviknight
|-damage|p1a: Rillaboom|28/100|[from] item: Life Orb
|
|upkeep
|
|t:|1760458541
|switch|p2a: Quagsire|Quagsire, F|41/100 frz
|turn|25
|
|t:|1760458552
|-terastallize|p2a: Quagsire|Fairy
|move|p1a: Rillaboom|Knock Off|p2a: Quagsire
|-resisted|p2a: Quagsire
|-damage|p2a: Quagsire|27/100 frz
|-enditem|p2a: Quagsire|Heavy-Duty Boots|[from] move: Knock Off|[of] p1a: Rillaboom
|-damage|p1a: Rillaboom|18/100|[from] item: Life Orb
|-curestatus|p2a: Quagsire|frz|[msg]
|move|p2a: Quagsire|Recover|p2a: Quagsire
|-heal|p2a: Quagsire|77/100
|
|upkeep
|turn|26
|
|t:|1760458574
|move|p1a: Rillaboom|Grassy Glide|p2a: Quagsire
|-damage|p2a: Quagsire|52/100
|-damage|p1a: Rillaboom|8/100|[from] item: Life Orb
|move|p2a: Quagsire|Earthquake|p1a: Rillaboom
|-resisted|p1a: Rillaboom
|-damage|p1a: Rillaboom|0 fnt
|faint|p1a: Rillaboom
|
|upkeep
|inactive|fire punch (manga) has 120 seconds left.
|
|t:|1760458618
|switch|p1a: Iron Hands|Iron Hands|32/100 tox
|-damage|p1a: Iron Hands|26/100 tox|[from] Stealth Rock
|turn|27
|
|t:|1760458622
|move|p1a: Iron Hands|Wild Charge|p2a: Quagsire
|-damage|p2a: Quagsire|17/100
|-damage|p1a: Iron Hands|18/100 tox|[from] Recoil
|move|p2a: Quagsire|Recover|p2a: Quagsire
|-heal|p2a: Quagsire|67/100
|
|-heal|p1a: Iron Hands|24/100 tox|[from] item: Leftovers
|-damage|p1a: Iron Hands|18/100 tox|[from] psn
|upkeep
|turn|28
|
|t:|1760458633
|move|p1a: Iron Hands|Wild Charge|p2a: Quagsire
|-damage|p2a: Quagsire|27/100
|-damage|p1a: Iron Hands|9/100 tox|[from] Recoil
|move|p2a: Quagsire|Recover|p2a: Quagsire
|-heal|p2a: Quagsire|77/100
|
|-heal|p1a: Iron Hands|15/100 tox|[from] item: Leftovers
|-damage|p1a: Iron Hands|3/100 tox|[from] psn
|upkeep
|turn|29
|
|t:|1760458642
|move|p1a: Iron Hands|Wild Charge|p2a: Quagsire
|-damage|p2a: Quagsire|37/100
|-damage|p1a: Iron Hands|0 fnt|[from] Recoil
|faint|p1a: Iron Hands
|-end|p1a: Iron Hands|Quark Drive|[silent]
|move|p2a: Quagsire|Recover|p2a: Quagsire
|-heal|p2a: Quagsire|87/100
|
|upkeep
|
|t:|1760458663
|switch|p1a: Iron Moth|Iron Moth|100/100
|-damage|p1a: Iron Moth|76/100|[from] Stealth Rock
|-enditem|p1a: Iron Moth|Booster Energy
|-activate|p1a: Iron Moth|ability: Quark Drive|[fromitem]
|-start|p1a: Iron Moth|quarkdrivespe
|turn|30
|inactive|fire punch (manga) has 90 seconds left.
|
|t:|1760458679
|switch|p2a: Blissey|Blissey, F|100/100
|move|p1a: Iron Moth|Fiery Dance|p2a: Blissey
|-crit|p2a: Blissey
|-damage|p2a: Blissey|82/100
|-boost|p1a: Iron Moth|spa|1
|
|upkeep
|turn|31
|inactive|fire punch (manga) has 90 seconds left.
|
|t:|1760458690
|move|p1a: Iron Moth|Fiery Dance|p2a: Blissey
|-damage|p2a: Blissey|64/100
|move|p2a: Blissey|Calm Mind|p2a: Blissey
|-boost|p2a: Blissey|spa|1
|-boost|p2a: Blissey|spd|1
|
|upkeep
|turn|32
|
|t:|1760458696
|move|p1a: Iron Moth|Sludge Wave|p2a: Blissey
|-damage|p2a: Blissey|48/100
|move|p2a: Blissey|Soft-Boiled|p2a: Blissey
|-heal|p2a: Blissey|98/100
|
|upkeep
|turn|33
|
|t:|1760458702
|move|p1a: Iron Moth|Sludge Wave|p2a: Blissey
|-damage|p2a: Blissey|83/100
|move|p2a: Blissey|Calm Mind|p2a: Blissey
|-boost|p2a: Blissey|spa|1
|-boost|p2a: Blissey|spd|1
|
|upkeep
|turn|34
|
|t:|1760458708
|move|p1a: Iron Moth|Substitute|p1a: Iron Moth
|-start|p1a: Iron Moth|Substitute
|-damage|p1a: Iron Moth|51/100
|move|p2a: Blissey|Seismic Toss|p1a: Iron Moth
|-end|p1a: Iron Moth|Substitute
|
|upkeep
|turn|35
|
|t:|1760458713
|move|p1a: Iron Moth|Sludge Wave|p2a: Blissey
|-damage|p2a: Blissey|73/100
|-status|p2a: Blissey|psn
|move|p2a: Blissey|Seismic Toss|p1a: Iron Moth
|-damage|p1a: Iron Moth|17/100
|
|-damage|p2a: Blissey|60/100 psn|[from] psn
|upkeep
|turn|36
|
|t:|1760458726
|move|p1a: Iron Moth|Fiery Dance|p2a: Blissey
|-damage|p2a: Blissey|52/100 psn
|move|p2a: Blissey|Seismic Toss|p1a: Iron Moth
|-damage|p1a: Iron Moth|0 fnt
|faint|p1a: Iron Moth
|-end|p1a: Iron Moth|Quark Drive|[silent]
|
|-damage|p2a: Blissey|39/100 psn|[from] psn
|upkeep
|
|t:|1760458736
|switch|p1a: Ceruledge|Ceruledge, M, shiny|100/100
|-damage|p1a: Ceruledge|76/100|[from] Stealth Rock
|turn|37
|
|t:|1760458747
|-curestatus|p2a: Blissey|psn|[from] ability: Natural Cure
|switch|p2a: Toxapex|Toxapex, F|100/100
|move|p1a: Ceruledge|Bitter Blade|p2a: Toxapex
|-resisted|p2a: Toxapex
|-damage|p2a: Toxapex|82/100
|-heal|p1a: Ceruledge|85/100|[from] drain|[of] p2a: Toxapex
|
|upkeep
|turn|38
|
|t:|1760458757
|switch|p2a: Gliscor|Gliscor, M|68/100 tox
|move|p1a: Ceruledge|Swords Dance|p1a: Ceruledge
|-boost|p1a: Ceruledge|atk|2
|
|-heal|p2a: Gliscor|80/100 tox|[from] ability: Poison Heal
|upkeep
|turn|39
|inactive|fire punch (manga) has 90 seconds left.
|
|t:|1760458808
|switch|p2a: Quagsire|Quagsire, F, tera:Fairy|87/100
|-damage|p2a: Quagsire|70/100|[from] Spikes
|-terastallize|p1a: Ceruledge|Flying
|move|p1a: Ceruledge|Swords Dance|p1a: Ceruledge
|-boost|p1a: Ceruledge|atk|2
|
|upkeep
|turn|40
|
|t:|1760458817
|move|p1a: Ceruledge|Bitter Blade|p2a: Quagsire
|-damage|p2a: Quagsire|39/100
|-heal|p1a: Ceruledge|100/100|[from] drain|[of] p2a: Quagsire
|move|p2a: Quagsire|Recover|p2a: Quagsire
|-heal|p2a: Quagsire|89/100
|
|upkeep
|turn|41
|
|t:|1760458824
|move|p1a: Ceruledge|Bitter Blade|p2a: Quagsire
|-crit|p2a: Quagsire
|-damage|p2a: Quagsire|38/100
|move|p2a: Quagsire|Toxic|p1a: Ceruledge|[miss]
|-miss|p2a: Quagsire|p1a: Ceruledge
|
|upkeep
|turn|42
|
|t:|1760458837
|move|p1a: Ceruledge|Bitter Blade|p2a: Quagsire
|-damage|p2a: Quagsire|5/100
|move|p2a: Quagsire|Recover|p2a: Quagsire
|-heal|p2a: Quagsire|55/100
|
|upkeep
|turn|43
|
|t:|1760458843
|move|p1a: Ceruledge|Bitter Blade|p2a: Quagsire
|-damage|p2a: Quagsire|20/100
|move|p2a: Quagsire|Toxic|p1a: Ceruledge
|-status|p1a: Ceruledge|tox
|
|-damage|p1a: Ceruledge|94/100 tox|[from] psn
|upkeep
|turn|44
|inactive|fire punch (manga) has 90 seconds left.
|
|t:|1760458850
|move|p1a: Ceruledge|Bitter Blade|p2a: Quagsire
|-damage|p2a: Quagsire|0 fnt
|-heal|p1a: Ceruledge|100/100 tox|[from] drain|[of] p2a: Quagsire
|faint|p2a: Quagsire
|
|-damage|p1a: Ceruledge|88/100 tox|[from] psn
|upkeep
|
|t:|1760458852
|switch|p2a: Toxapex|Toxapex, F|100/100
|turn|45
|
|t:|1760458861
|move|p1a: Ceruledge|Poltergeist|p2a: Toxapex
|-activate|p2a: Toxapex|move: Poltergeist|Heavy-Duty Boots
|-damage|p2a: Toxapex|0 fnt
|faint|p2a: Toxapex
|
|-damage|p1a: Ceruledge|70/100 tox|[from] psn
|upkeep
|
|t:|1760458865
|switch|p2a: Gliscor|Gliscor, M|80/100 tox
|turn|46
|
|t:|1760458870
|move|p2a: Gliscor|Protect|p2a: Gliscor
|-singleturn|p2a: Gliscor|Protect
|move|p1a: Ceruledge|Swords Dance|p1a: Ceruledge
|-boost|p1a: Ceruledge|atk|2
|
|-damage|p1a: Ceruledge|45/100 tox|[from] psn
|-heal|p2a: Gliscor|93/100 tox|[from] ability: Poison Heal
|upkeep
|turn|47
|
|t:|1760458881
|switch|p2a: Sinistcha|Sinistcha|100/100
|move|p1a: Ceruledge|Bitter Blade|p2a: Sinistcha
|-supereffective|p2a: Sinistcha
|-damage|p2a: Sinistcha|0 fnt
|-heal|p1a: Ceruledge|100/100 tox|[from] drain|[of] p2a: Sinistcha
|faint|p2a: Sinistcha
|
|-damage|p1a: Ceruledge|70/100 tox|[from] psn
|upkeep
|
|t:|1760458882
|switch|p2a: Gliscor|Gliscor, M|93/100 tox
|turn|48
|inactive|fire punch (manga) has 120 seconds left.
|
|t:|1760458893
|move|p2a: Gliscor|Protect|p2a: Gliscor
|-singleturn|p2a: Gliscor|Protect
|move|p1a: Ceruledge|Bitter Blade|p2a: Gliscor
|-activate|p2a: Gliscor|move: Protect
|
|-damage|p1a: Ceruledge|32/100 tox|[from] psn
|-heal|p2a: Gliscor|100/100 tox|[from] ability: Poison Heal
|upkeep
|turn|49
|
|t:|1760458901
|switch|p2a: Blissey|Blissey, F|39/100
|move|p1a: Ceruledge|Bitter Blade|p2a: Blissey
|-damage|p2a: Blissey|0 fnt
|-heal|p1a: Ceruledge|76/100 tox|[from] drain|[of] p2a: Blissey
|faint|p2a: Blissey
|
|-damage|p1a: Ceruledge|32/100 tox|[from] psn
|upkeep
|
|t:|1760458903
|switch|p2a: Gliscor|Gliscor, M|100/100 tox
|turn|50
|
|t:|1760458919
|move|p2a: Gliscor|Protect|p2a: Gliscor
|-singleturn|p2a: Gliscor|Protect
|move|p1a: Ceruledge|Bitter Blade|p2a: Gliscor
|-activate|p2a: Gliscor|move: Protect
|
|-damage|p1a: Ceruledge|0 fnt|[from] psn
|faint|p1a: Ceruledge
|upkeep
|
|t:|1760458926
|switch|p1a: Guts|Kingambit, M|100/100
|-damage|p1a: Guts|94/100|[from] Stealth Rock
|-activate|p1a: Guts|ability: Supreme Overlord
|-start|p1a: Guts|fallen5|[silent]
|turn|51
|
|t:|1760458932
|move|p2a: Gliscor|Earthquake|p1a: Guts
|-supereffective|p1a: Guts
|-damage|p1a: Guts|33/100
|move|p1a: Guts|Kowtow Cleave|p2a: Gliscor
|-damage|p2a: Gliscor|41/100 tox
|
|-heal|p2a: Gliscor|53/100 tox|[from] ability: Poison Heal
|upkeep
|turn|52
|
|t:|1760458946
|move|p1a: Guts|Sucker Punch|p2a: Gliscor
|-damage|p2a: Gliscor|4/100 tox
|move|p2a: Gliscor|Earthquake|p1a: Guts
|-supereffective|p1a: Guts
|-damage|p1a: Guts|0 fnt
|faint|p1a: Guts
|-end|p1a: Guts|fallen5|[silent]
|
|win|Praticello
|raw|fire punch (manga)'s rating: 1321 &rarr; <strong>1300</strong><br />(-21 for losing)
|raw|Praticello's rating: 1301 &rarr; <strong>1322</strong><br />(+21 for winning)
|c|☆fire punch (manga)|gg
|c|☆Praticello|gg
|l|☆fire punch (manga)
|player|p1|
|l|☆Praticello
|player|p2|
|j|☆Praticello
|player|p2|Praticello|parasollady|
