|j|☆qiji125
|j|☆Aimsss
|t:|1760340713
|gametype|singles
|player|p1|qiji125|265|1408
|player|p2|Aimsss|policeman-gen4|1384
|gen|9
|tier|[Gen 9] OU
|rated|
|rule|HP Percentage Mod: HP is shown in percentages
|rule|Endless Battle Clause: Forcing endless battles is banned
|rule|Species Clause: Limit one of each Pokémon
|rule|OHKO Clause: OHKO moves are banned
|rule|Evasion Items Clause: Evasion items are banned
|rule|Evasion Moves Clause: Evasion moves are banned
|rule|Evasion Abilities Clause: Evasion abilities are banned
|rule|Sleep Moves Clause: Sleep-inducing moves are banned
|clearpoke
|poke|p1|Ogerpon-Wellspring, F|
|poke|p1|Zamazenta-*|
|poke|p1|Tornadus-Therian, M|
|poke|p1|Great Tusk|
|poke|p1|Pecharunt|
|poke|p1|Kingambit, F|
|poke|p2|Dragapult, M|
|poke|p2|Kingambit, F|
|poke|p2|Hawlucha, M|
|poke|p2|Glimmora, M|
|poke|p2|Chesnaught, F|
|poke|p2|Gallade, M|
|teampreview
|inactive|Battle timer is ON: inactive players will automatically lose when time's up. (requested by qiji125)
|inactive|Aimsss has 120 seconds left.
|
|t:|1760340748
|teamsize|p1|6
|teamsize|p2|6
|start
|switch|p1a: Pecharunt|Pecharunt|100/100
|switch|p2a: Glimmora|Glimmora, M|100/100
|-item|p2a: Glimmora|Air Balloon
|turn|1
|
|t:|1760340757
|move|p1a: Pecharunt|Hex|p2a: Glimmora
|-damage|p2a: Glimmora|82/100
|-enditem|p2a: Glimmora|Air Balloon
|move|p2a: Glimmora|Stealth Rock|p1a: Pecharunt
|-sidestart|p1: qiji125|move: Stealth Rock
|
|upkeep
|turn|2
|
|t:|1760340774
|move|p1a: Pecharunt|Parting Shot|p2a: Glimmora
|-unboost|p2a: Glimmora|atk|1
|-unboost|p2a: Glimmora|spa|1
|
|t:|1760340778
|switch|p1a: Great Tusk|Great Tusk|100/100|[from] Parting Shot
|-damage|p1a: Great Tusk|98/100|[from] Stealth Rock
|-enditem|p1a: Great Tusk|Booster Energy
|-activate|p1a: Great Tusk|ability: Protosynthesis|[fromitem]
|-start|p1a: Great Tusk|protosynthesisatk
|move|p2a: Glimmora|Energy Ball|p1a: Great Tusk
|-supereffective|p1a: Great Tusk
|-damage|p1a: Great Tusk|37/100
|
|upkeep
|turn|3
|
|t:|1760340801
|switch|p2a: Chesnaught|Chesnaught, F|100/100
|move|p1a: Great Tusk|Headlong Rush|p2a: Chesnaught
|-resisted|p2a: Chesnaught
|-damage|p2a: Chesnaught|75/100
|-unboost|p1a: Great Tusk|def|1
|-unboost|p1a: Great Tusk|spd|1
|
|upkeep
|turn|4
|inactive|Aimsss has 120 seconds left.
|
|t:|1760340827
|switch|p2a: Dragapult|Dragapult, M|100/100
|move|p1a: Great Tusk|Rapid Spin|p2a: Dragapult
|-immune|p2a: Dragapult
|
|upkeep
|turn|5
|inactive|Aimsss has 120 seconds left.
|
|t:|1760340838
|-end|p1a: Great Tusk|Protosynthesis|[silent]
|switch|p1a: Kingambit|Kingambit, F|100/100
|-damage|p1a: Kingambit|94/100|[from] Stealth Rock
|move|p2a: Dragapult|Shadow Ball|p1a: Kingambit
|-resisted|p1a: Kingambit
|-damage|p1a: Kingambit|74/100
|
|upkeep
|turn|6
|
|t:|1760340846
|move|p2a: Dragapult|Will-O-Wisp|p1a: Kingambit
|-status|p1a: Kingambit|brn
|move|p1a: Kingambit|Swords Dance|p1a: Kingambit
|-boost|p1a: Kingambit|atk|2
|
|-damage|p1a: Kingambit|68/100 brn|[from] brn
|upkeep
|turn|7
|
|t:|1760340855
|switch|p2a: Chesnaught|Chesnaught, F|75/100
|move|p1a: Kingambit|Swords Dance|p1a: Kingambit
|-boost|p1a: Kingambit|atk|2
|
|-damage|p1a: Kingambit|62/100 brn|[from] brn
|upkeep
|turn|8
|
|t:|1760340865
|-terastallize|p1a: Kingambit|Fighting
|move|p1a: Kingambit|Low Kick|p2a: Chesnaught
|-damage|p2a: Chesnaught|27/100
|-enditem|p2a: Chesnaught|Sitrus Berry|[eat]
|-heal|p2a: Chesnaught|52/100|[from] item: Sitrus Berry
|move|p2a: Chesnaught|Drain Punch|p1a: Kingambit
|-damage|p1a: Kingambit|40/100 brn
|-heal|p2a: Chesnaught|62/100|[from] drain|[of] p1a: Kingambit
|
|-damage|p1a: Kingambit|34/100 brn|[from] brn
|upkeep
|turn|9
|-message|qiji125 forfeited.
|
|win|Aimsss
|raw|qiji125's rating: 1408 &rarr; <strong>1387</strong><br />(-21 for losing)
|raw|Aimsss's rating: 1384 &rarr; <strong>1405</strong><br />(+21 for winning)
|l|☆qiji125
|player|p1|
|l|☆Aimsss
|player|p2|
