|j|☆Pachydon
|j|☆juanita1111
|t:|1760380618
|gametype|singles
|player|p1|Pachydon|169|1277
|player|p2|juanita1111|101|1274
|gen|9
|tier|[Gen 9] OU
|rated|
|rule|HP Percentage Mod: HP is shown in percentages
|rule|Endless Battle Clause: Forcing endless battles is banned
|rule|Species Clause: Limit one of each Pokémon
|rule|OHKO Clause: OHKO moves are banned
|rule|Evasion Items Clause: Evasion items are banned
|rule|Evasion Moves Clause: Evasion moves are banned
|rule|Evasion Abilities Clause: Evasion abilities are banned
|rule|Sleep Moves Clause: Sleep-inducing moves are banned
|clearpoke
|poke|p1|Gholdengo|
|poke|p1|Iron Treads|
|poke|p1|Moltres|
|poke|p1|Samurott-Hisui, M|
|poke|p1|Sinistcha|
|poke|p1|Ting-Lu|
|poke|p2|Garganacl, M|
|poke|p2|Ogerpon-Wellspring, F|
|poke|p2|Tornadus-Therian, M|
|poke|p2|Great Tusk|
|poke|p2|Iron Valiant|
|poke|p2|Enamorus, F|
|teampreview
|inactive|Battle timer is ON: inactive players will automatically lose when time's up. (requested by juanita1111)
|
|t:|1760380626
|teamsize|p1|6
|teamsize|p2|6
|start
|switch|p1a: Samurott|Samurott-Hisui, M|100/100
|switch|p2a: Tornadus|Tornadus-Therian, M|100/100
|turn|1
|
|t:|1760380641
|move|p1a: Samurott|Flip Turn|p2a: Tornadus
|-damage|p2a: Tornadus|70/100
|
|t:|1760380644
|switch|p1a: Ting-Lu|Ting-Lu, shiny|100/100|[from] Flip Turn
|-ability|p1a: Ting-Lu|Vessel of Ruin
|move|p2a: Tornadus|U-turn|p1a: Ting-Lu
|-supereffective|p1a: Ting-Lu
|-damage|p1a: Ting-Lu|85/100
|
|t:|1760380653
|switch|p2a: Enamorus|Enamorus, F|100/100|[from] U-turn
|
|-heal|p1a: Ting-Lu|91/100|[from] item: Leftovers
|upkeep
|turn|2
|
|t:|1760380661
|move|p2a: Enamorus|Moonblast|p1a: Ting-Lu
|-supereffective|p1a: Ting-Lu
|-damage|p1a: Ting-Lu|42/100
|-unboost|p1a: Ting-Lu|spa|1
|move|p1a: Ting-Lu|Stealth Rock|p2a: Enamorus
|-sidestart|p2: juanita1111|move: Stealth Rock
|
|-heal|p1a: Ting-Lu|48/100|[from] item: Leftovers
|upkeep
|turn|3
|
|t:|1760380681
|switch|p1a: Gholdengo|Gholdengo|100/100
|move|p2a: Enamorus|Moonblast|p1a: Gholdengo
|-resisted|p1a: Gholdengo
|-damage|p1a: Gholdengo|68/100
|
|upkeep
|turn|4
|
|t:|1760380690
|switch|p2a: Ogerpon|Ogerpon-Wellspring, F|100/100
|-damage|p2a: Ogerpon|88/100|[from] Stealth Rock
|move|p1a: Gholdengo|Make It Rain|p2a: Ogerpon
|-resisted|p2a: Ogerpon
|-damage|p2a: Ogerpon|44/100
|-unboost|p1a: Gholdengo|spa|1
|
|upkeep
|turn|5
|
|t:|1760380702
|switch|p1a: Sinistcha|Sinistcha|100/100
|move|p2a: Ogerpon|Synthesis|p2a: Ogerpon
|-heal|p2a: Ogerpon|94/100
|
|upkeep
|turn|6
|
|t:|1760380711
|move|p2a: Ogerpon|U-turn|p1a: Sinistcha
|-damage|p1a: Sinistcha|83/100
|inactive|juanita1111 has 120 seconds left.
|
|t:|1760380749
|switch|p2a: Tornadus|Tornadus-Therian, M|100/100|[from] U-turn
|move|p1a: Sinistcha|Shadow Ball|p2a: Tornadus
|-damage|p2a: Tornadus|67/100
|
|upkeep
|turn|7
|
|t:|1760380755
|switch|p1a: Moltres|Moltres|100/100
|move|p2a: Tornadus|Knock Off|p1a: Moltres
|-damage|p1a: Moltres|86/100
|-enditem|p1a: Moltres|Heavy-Duty Boots|[from] move: Knock Off|[of] p2a: Tornadus
|
|upkeep
|turn|8
|
|t:|1760380764
|switch|p2a: Garganacl|Garganacl, M|100/100
|-damage|p2a: Garganacl|88/100|[from] Stealth Rock
|move|p1a: Moltres|U-turn|p2a: Garganacl
|-damage|p2a: Garganacl|80/100
|
|t:|1760380770
|switch|p1a: Ting-Lu|Ting-Lu, shiny|48/100|[from] U-turn
|-ability|p1a: Ting-Lu|Vessel of Ruin
|
|-heal|p1a: Ting-Lu|54/100|[from] item: Leftovers
|-heal|p2a: Garganacl|87/100|[from] item: Leftovers
|upkeep
|turn|9
|inactive|juanita1111 has 120 seconds left.
|
|t:|1760380800
|move|p2a: Garganacl|Salt Cure|p1a: Ting-Lu
|-resisted|p1a: Ting-Lu
|-damage|p1a: Ting-Lu|50/100
|-start|p1a: Ting-Lu|Salt Cure
|move|p1a: Ting-Lu|Whirlwind|p2a: Garganacl
|drag|p2a: Enamorus|Enamorus, F|100/100
|-damage|p2a: Enamorus|76/100|[from] Stealth Rock
|
|-heal|p1a: Ting-Lu|57/100|[from] item: Leftovers
|-damage|p1a: Ting-Lu|44/100|[from] Salt Cure
|upkeep
|turn|10
|inactive|juanita1111 has 120 seconds left.
|
|t:|1760380813
|switch|p1a: Moltres|Moltres|86/100
|move|p2a: Enamorus|Moonblast|p1a: Moltres
|-resisted|p1a: Moltres
|-damage|p1a: Moltres|55/100
|-unboost|p1a: Moltres|spa|1
|
|upkeep
|turn|11
|inactive|juanita1111 has 120 seconds left.
|
|t:|1760380825
|move|p2a: Enamorus|Moonblast|p1a: Moltres
|-resisted|p1a: Moltres
|-damage|p1a: Moltres|27/100
|-unboost|p1a: Moltres|spa|1
|move|p1a: Moltres|Roost|p1a: Moltres
|-heal|p1a: Moltres|77/100
|-singleturn|p1a: Moltres|move: Roost
|
|upkeep
|turn|12
|
|t:|1760380835
|switch|p2a: Garganacl|Garganacl, M|87/100
|-damage|p2a: Garganacl|74/100|[from] Stealth Rock
|move|p1a: Moltres|Roost|p1a: Moltres
|-heal|p1a: Moltres|100/100
|-singleturn|p1a: Moltres|move: Roost
|
|-heal|p2a: Garganacl|80/100|[from] item: Leftovers
|upkeep
|turn|13
|
|t:|1760380840
|move|p1a: Moltres|U-turn|p2a: Garganacl
|-damage|p2a: Garganacl|74/100
|
|t:|1760380843
|switch|p1a: Sinistcha|Sinistcha|83/100|[from] U-turn
|move|p2a: Garganacl|Salt Cure|p1a: Sinistcha
|-damage|p1a: Sinistcha|73/100
|-start|p1a: Sinistcha|Salt Cure
|
|-heal|p2a: Garganacl|80/100|[from] item: Leftovers
|-damage|p1a: Sinistcha|60/100|[from] Salt Cure
|upkeep
|turn|14
|
|t:|1760380862
|switch|p2a: Tornadus|Tornadus-Therian, M|100/100
|move|p1a: Sinistcha|Strength Sap|p2a: Tornadus
|-unboost|p2a: Tornadus|atk|1
|-heal|p1a: Sinistcha|100/100
|
|-damage|p1a: Sinistcha|88/100|[from] Salt Cure
|upkeep
|turn|15
|
|t:|1760380872
|move|p2a: Tornadus|U-turn|p1a: Sinistcha
|-damage|p1a: Sinistcha|81/100
|
|t:|1760380876
|switch|p2a: Ogerpon|Ogerpon-Wellspring, F|94/100|[from] U-turn
|-damage|p2a: Ogerpon|81/100|[from] Stealth Rock
|move|p1a: Sinistcha|Matcha Gotcha|p2a: Ogerpon
|-damage|p2a: Ogerpon|42/100
|-heal|p1a: Sinistcha|99/100|[from] drain|[of] p2a: Ogerpon
|
|-damage|p1a: Sinistcha|86/100|[from] Salt Cure
|upkeep
|turn|16
|
|t:|1760380888
|move|p2a: Ogerpon|U-turn|p1a: Sinistcha
|-damage|p1a: Sinistcha|67/100
|inactive|juanita1111 has 120 seconds left.
|inactive|juanita1111 has 90 seconds left.
|
|t:|1760380957
|switch|p2a: Garganacl|Garganacl, M|80/100|[from] U-turn
|-damage|p2a: Garganacl|67/100|[from] Stealth Rock
|move|p1a: Sinistcha|Calm Mind|p1a: Sinistcha
|-boost|p1a: Sinistcha|spa|1
|-boost|p1a: Sinistcha|spd|1
|
|-heal|p2a: Garganacl|74/100|[from] item: Leftovers
|-damage|p1a: Sinistcha|55/100|[from] Salt Cure
|upkeep
|turn|17
|inactive|juanita1111 has 90 seconds left.
|
|t:|1760380968
|switch|p2a: Tornadus|Tornadus-Therian, M|100/100
|move|p1a: Sinistcha|Strength Sap|p2a: Tornadus
|-unboost|p2a: Tornadus|atk|1
|-heal|p1a: Sinistcha|100/100
|
|-damage|p1a: Sinistcha|88/100|[from] Salt Cure
|upkeep
|turn|18
|inactive|juanita1111 has 90 seconds left.
|
|t:|1760380980
|move|p2a: Tornadus|Bleakwind Storm|p1a: Sinistcha|[miss]
|-miss|p2a: Tornadus|p1a: Sinistcha
|move|p1a: Sinistcha|Calm Mind|p1a: Sinistcha
|-boost|p1a: Sinistcha|spa|1
|-boost|p1a: Sinistcha|spd|1
|
|-damage|p1a: Sinistcha|76/100|[from] Salt Cure
|upkeep
|turn|19
|
|t:|1760380991
|-terastallize|p1a: Sinistcha|Poison
|move|p2a: Tornadus|Bleakwind Storm|p1a: Sinistcha
|-damage|p1a: Sinistcha|54/100
|move|p1a: Sinistcha|Shadow Ball|p2a: Tornadus
|-damage|p2a: Tornadus|34/100
|
|-damage|p1a: Sinistcha|41/100|[from] Salt Cure
|upkeep
|turn|20
|
|t:|1760381007
|move|p2a: Tornadus|Knock Off|p1a: Sinistcha
|-damage|p1a: Sinistcha|33/100
|-enditem|p1a: Sinistcha|Heavy-Duty Boots|[from] move: Knock Off|[of] p2a: Tornadus
|move|p1a: Sinistcha|Strength Sap|p2a: Tornadus
|-unboost|p2a: Tornadus|atk|1
|-heal|p1a: Sinistcha|74/100
|
|-damage|p1a: Sinistcha|61/100|[from] Salt Cure
|upkeep
|turn|21
|
|t:|1760381014
|move|p2a: Tornadus|Bleakwind Storm|p1a: Sinistcha
|-damage|p1a: Sinistcha|38/100
|-unboost|p1a: Sinistcha|spe|1
|move|p1a: Sinistcha|Matcha Gotcha|p2a: Tornadus
|-resisted|p2a: Tornadus
|-damage|p2a: Tornadus|0 fnt
|-heal|p1a: Sinistcha|55/100|[from] drain|[of] p2a: Tornadus
|faint|p2a: Tornadus
|
|-damage|p1a: Sinistcha|43/100|[from] Salt Cure
|upkeep
|
|t:|1760381027
|switch|p2a: Great Tusk|Great Tusk|100/100
|-damage|p2a: Great Tusk|98/100|[from] Stealth Rock
|turn|22
|
|t:|1760381038
|switch|p1a: Moltres|Moltres|100/100
|move|p2a: Great Tusk|Headlong Rush|p1a: Moltres
|-immune|p1a: Moltres
|
|upkeep
|turn|23
|
|t:|1760381042
|move|p2a: Great Tusk|Rapid Spin|p1a: Moltres
|-damage|p1a: Moltres|89/100
|-boost|p2a: Great Tusk|spe|1
|-sideend|p2: juanita1111|Stealth Rock|[from] move: Rapid Spin|[of] p2a: Great Tusk
|move|p1a: Moltres|Will-O-Wisp|p2a: Great Tusk
|-status|p2a: Great Tusk|brn
|
|-damage|p2a: Great Tusk|91/100 brn|[from] brn
|upkeep
|turn|24
|
|t:|1760381054
|-end|p2a: Great Tusk|Protosynthesis|[silent]
|switch|p2a: Garganacl|Garganacl, M|74/100
|move|p1a: Moltres|Flamethrower|p2a: Garganacl
|-resisted|p2a: Garganacl
|-crit|p2a: Garganacl
|-damage|p2a: Garganacl|47/100
|
|-heal|p2a: Garganacl|53/100|[from] item: Leftovers
|upkeep
|turn|25
|
|t:|1760381064
|move|p1a: Moltres|U-turn|p2a: Garganacl
|-damage|p2a: Garganacl|46/100
|
|t:|1760381067
|switch|p1a: Sinistcha|Sinistcha, tera:Poison|43/100|[from] U-turn
|move|p2a: Garganacl|Salt Cure|p1a: Sinistcha
|-damage|p1a: Sinistcha|33/100
|-start|p1a: Sinistcha|Salt Cure
|
|-heal|p2a: Garganacl|52/100|[from] item: Leftovers
|-damage|p1a: Sinistcha|20/100|[from] Salt Cure
|upkeep
|turn|26
|inactive|juanita1111 has 120 seconds left.
|
|t:|1760381082
|switch|p2a: Great Tusk|Great Tusk|91/100 brn
|move|p1a: Sinistcha|Strength Sap|p2a: Great Tusk
|-unboost|p2a: Great Tusk|atk|1
|-heal|p1a: Sinistcha|100/100
|
|-damage|p2a: Great Tusk|85/100 brn|[from] brn
|-damage|p1a: Sinistcha|88/100|[from] Salt Cure
|upkeep
|turn|27
|
|t:|1760381088
|move|p2a: Great Tusk|Headlong Rush|p1a: Sinistcha
|-supereffective|p1a: Sinistcha
|-damage|p1a: Sinistcha|61/100
|-unboost|p2a: Great Tusk|def|1
|-unboost|p2a: Great Tusk|spd|1
|move|p1a: Sinistcha|Matcha Gotcha|p2a: Great Tusk
|-supereffective|p2a: Great Tusk
|-damage|p2a: Great Tusk|0 fnt
|-heal|p1a: Sinistcha|100/100|[from] drain|[of] p2a: Great Tusk
|faint|p2a: Great Tusk
|-end|p2a: Great Tusk|Protosynthesis|[silent]
|
|-damage|p1a: Sinistcha|88/100|[from] Salt Cure
|upkeep
|inactive|juanita1111 has 120 seconds left.
|
|t:|1760381112
|switch|p2a: Ogerpon|Ogerpon-Wellspring, F|42/100
|turn|28
|
|t:|1760381121
|-terastallize|p2a: Ogerpon|Water
|detailschange|p2a: Ogerpon|Ogerpon-Wellspring-Tera, F, tera:Water
|-ability|p2a: Ogerpon|Embody Aspect (Wellspring)|boost
|-boost|p2a: Ogerpon|spd|1
|move|p2a: Ogerpon|Ivy Cudgel|p1a: Sinistcha|[anim] Ivy Cudgel Water
|-damage|p1a: Sinistcha|39/100
|move|p1a: Sinistcha|Matcha Gotcha|p2a: Ogerpon
|-supereffective|p2a: Ogerpon
|-damage|p2a: Ogerpon|0 fnt
|-heal|p1a: Sinistcha|57/100|[from] drain|[of] p2a: Ogerpon
|faint|p2a: Ogerpon
|detailschange|p2: Ogerpon|Ogerpon-Wellspring, F|[silent]
|
|-damage|p1a: Sinistcha|44/100|[from] Salt Cure
|upkeep
|
|t:|1760381134
|switch|p2a: Enamorus|Enamorus, F|76/100
|turn|29
|
|t:|1760381140
|switch|p1a: Ting-Lu|Ting-Lu, shiny|44/100
|-ability|p1a: Ting-Lu|Vessel of Ruin
|move|p2a: Enamorus|Earth Power|p1a: Ting-Lu
|-damage|p1a: Ting-Lu|29/100
|
|-heal|p1a: Ting-Lu|36/100|[from] item: Leftovers
|upkeep
|turn|30
|
|t:|1760381149
|switch|p2a: Garganacl|Garganacl, M|52/100
|move|p1a: Ting-Lu|Stealth Rock|p2a: Garganacl
|-sidestart|p2: juanita1111|move: Stealth Rock
|
|-heal|p1a: Ting-Lu|42/100|[from] item: Leftovers
|-heal|p2a: Garganacl|58/100|[from] item: Leftovers
|upkeep
|turn|31
|
|t:|1760381155
|switch|p1a: Sinistcha|Sinistcha, tera:Poison|44/100
|move|p2a: Garganacl|Salt Cure|p1a: Sinistcha
|-damage|p1a: Sinistcha|34/100
|-start|p1a: Sinistcha|Salt Cure
|
|-heal|p2a: Garganacl|65/100|[from] item: Leftovers
|-damage|p1a: Sinistcha|22/100|[from] Salt Cure
|upkeep
|turn|32
|
|t:|1760381169
|move|p1a: Sinistcha|Strength Sap|p2a: Garganacl
|-unboost|p2a: Garganacl|atk|1
|-heal|p1a: Sinistcha|90/100
|move|p2a: Garganacl|Stealth Rock|p1a: Sinistcha
|-sidestart|p1: Pachydon|move: Stealth Rock
|
|-heal|p2a: Garganacl|71/100|[from] item: Leftovers
|-damage|p1a: Sinistcha|78/100|[from] Salt Cure
|upkeep
|turn|33
|
|t:|1760381177
|switch|p2a: Enamorus|Enamorus, F|76/100
|-damage|p2a: Enamorus|51/100|[from] Stealth Rock
|move|p1a: Sinistcha|Calm Mind|p1a: Sinistcha
|-boost|p1a: Sinistcha|spa|1
|-boost|p1a: Sinistcha|spd|1
|
|-damage|p1a: Sinistcha|65/100|[from] Salt Cure
|upkeep
|turn|34
|
|t:|1760381184
|move|p2a: Enamorus|Earth Power|p1a: Sinistcha
|-supereffective|p1a: Sinistcha
|-damage|p1a: Sinistcha|12/100
|-unboost|p1a: Sinistcha|spd|1
|move|p1a: Sinistcha|Shadow Ball|p2a: Enamorus
|-damage|p2a: Enamorus|0 fnt
|faint|p2a: Enamorus
|
|-damage|p1a: Sinistcha|0 fnt|[from] Salt Cure
|faint|p1a: Sinistcha
|upkeep
|
|t:|1760381201
|switch|p2a: Iron Valiant|Iron Valiant|100/100
|switch|p1a: Moltres|Moltres|89/100
|-damage|p2a: Iron Valiant|94/100|[from] Stealth Rock
|-damage|p1a: Moltres|39/100|[from] Stealth Rock
|-enditem|p2a: Iron Valiant|Booster Energy
|-activate|p2a: Iron Valiant|ability: Quark Drive|[fromitem]
|-start|p2a: Iron Valiant|quarkdrivespe
|turn|35
|
|t:|1760381211
|move|p2a: Iron Valiant|Thunderbolt|p1a: Moltres
|-supereffective|p1a: Moltres
|-damage|p1a: Moltres|0 fnt
|faint|p1a: Moltres
|
|upkeep
|
|t:|1760381213
|switch|p1a: Iron Treads|Iron Treads|100/100
|-damage|p1a: Iron Treads|98/100|[from] Stealth Rock
|turn|36
|
|t:|1760381218
|-end|p1a: Iron Treads|Quark Drive|[silent]
|switch|p1a: Gholdengo|Gholdengo|68/100
|-damage|p1a: Gholdengo|62/100|[from] Stealth Rock
|move|p2a: Iron Valiant|Close Combat|p1a: Gholdengo
|-immune|p1a: Gholdengo
|
|upkeep
|turn|37
|
|t:|1760381223
|move|p2a: Iron Valiant|Thunderbolt|p1a: Gholdengo
|-damage|p1a: Gholdengo|27/100
|move|p1a: Gholdengo|Make It Rain|p2a: Iron Valiant
|-supereffective|p2a: Iron Valiant
|-damage|p2a: Iron Valiant|0 fnt
|-unboost|p1a: Gholdengo|spa|1
|faint|p2a: Iron Valiant
|-end|p2a: Iron Valiant|Quark Drive|[silent]
|
|upkeep
|
|t:|1760381228
|switch|p2a: Garganacl|Garganacl, M|71/100
|-damage|p2a: Garganacl|58/100|[from] Stealth Rock
|turn|38
|
|t:|1760381233
|move|p1a: Gholdengo|Make It Rain|p2a: Garganacl
|-supereffective|p2a: Garganacl
|-damage|p2a: Garganacl|0 fnt
|-unboost|p1a: Gholdengo|spa|1
|faint|p2a: Garganacl
|
|win|Pachydon
|raw|Pachydon's rating: 1277 &rarr; <strong>1304</strong><br />(+27 for winning)
|raw|juanita1111's rating: 1299 &rarr; <strong>1272</strong><br />(-27 for losing)
