|j|☆Darkgorim
|j|☆raskmus
|t:|1760449481
|gametype|singles
|player|p1|Darkgorim|170|1291
|player|p2|raskmus|169|1358
|gen|9
|tier|[Gen 9] OU
|rated|
|rule|HP Percentage Mod: HP is shown in percentages
|rule|Endless Battle Clause: Forcing endless battles is banned
|rule|Species Clause: Limit one of each Pokémon
|rule|OHKO Clause: OHKO moves are banned
|rule|Evasion Items Clause: Evasion items are banned
|rule|Evasion Moves Clause: Evasion moves are banned
|rule|Evasion Abilities Clause: Evasion abilities are banned
|rule|Sleep Moves Clause: Sleep-inducing moves are banned
|clearpoke
|poke|p1|Tyranitar, F|
|poke|p1|Garchomp, F|
|poke|p1|Weezing, F|
|poke|p1|Sylveon, M|
|poke|p1|Rotom-Wash|
|poke|p1|Chandelure, M|
|poke|p2|Zoroark-Hisui, F|
|poke|p2|Darkrai|
|poke|p2|Slowking-Galar, F|
|poke|p2|Great Tusk|
|poke|p2|Azumarill, M|
|poke|p2|Skarmory, F|
|teampreview
|inactive|Battle timer is ON: inactive players will automatically lose when time's up. (requested by raskmus)
|
|t:|1760449512
|teamsize|p1|6
|teamsize|p2|6
|start
|switch|p1a: Rotom|Rotom-Wash|100/100
|switch|p2a: Skarmory|Skarmory, F|100/100
|turn|1
|
|t:|1760449530
|move|p2a: Skarmory|Hyper Voice|p1a: Rotom
|-damage|p1a: Rotom|17/100
|move|p1a: Rotom|Hydro Pump|p2a: Skarmory
|-damage|p2a: Skarmory|0 fnt
|replace|p2a: Zoroark|Zoroark-Hisui, F
|-end|p2a: Zoroark|Illusion
|faint|p2a: Zoroark
|
|upkeep
|
|t:|1760449542
|switch|p2a: Darkrai|Darkrai|100/100
|turn|2
|
|t:|1760449545
|switch|p1a: Sylveon|Sylveon, M|100/100
|move|p2a: Darkrai|Knock Off|p1a: Sylveon
|-resisted|p1a: Sylveon
|-damage|p1a: Sylveon|66/100
|-enditem|p1a: Sylveon|Leftovers|[from] move: Knock Off|[of] p2a: Darkrai
|
|upkeep
|turn|3
|
|t:|1760449557
|switch|p2a: Skarmory|Skarmory, F|100/100
|move|p1a: Sylveon|Wish|p1a: Sylveon
|
|upkeep
|turn|4
|
|t:|1760449567
|switch|p1a: Chandelure|Chandelure, M, shiny|100/100
|move|p2a: Skarmory|Brave Bird|p1a: Chandelure
|-damage|p1a: Chandelure|48/100
|-damage|p2a: Skarmory|87/100|[from] Recoil
|
|-heal|p1a: Chandelure|100/100|[from] move: Wish|[wisher] Sylveon
|upkeep
|turn|5
|
|t:|1760449586
|switch|p2a: Azumarill|Azumarill, M|100/100
|move|p1a: Chandelure|Flamethrower|p2a: Azumarill
|-resisted|p2a: Azumarill
|-damage|p2a: Azumarill|74/100
|-status|p2a: Azumarill|brn
|
|-damage|p2a: Azumarill|68/100 brn|[from] brn
|upkeep
|turn|6
|
|t:|1760449598
|switch|p1a: Weezing|Weezing, F|100/100
|move|p2a: Azumarill|Play Rough|p1a: Weezing
|-resisted|p1a: Weezing
|-damage|p1a: Weezing|87/100
|
|-heal|p1a: Weezing|93/100|[from] item: Black Sludge
|-damage|p2a: Azumarill|62/100 brn|[from] brn
|upkeep
|turn|7
|
|t:|1760449617
|switch|p2a: Slowking|Slowking-Galar, F|100/100
|move|p1a: Weezing|Sludge Bomb|p2a: Slowking
|-resisted|p2a: Slowking
|-damage|p2a: Slowking|93/100
|
|-heal|p1a: Weezing|99/100|[from] item: Black Sludge
|-heal|p2a: Slowking|99/100|[from] item: Leftovers
|upkeep
|turn|8
|
|t:|1760449627
|switch|p1a: Tyranitar|Tyranitar, F|100/100
|-weather|Sandstorm|[from] ability: Sand Stream|[of] p1a: Tyranitar
|move|p2a: Slowking|Toxic|p1a: Tyranitar
|-status|p1a: Tyranitar|tox
|
|-weather|Sandstorm|[upkeep]
|-damage|p2a: Slowking|93/100|[from] Sandstorm
|-heal|p2a: Slowking|99/100|[from] item: Leftovers
|-damage|p1a: Tyranitar|94/100 tox|[from] psn
|upkeep
|turn|9
|
|t:|1760449647
|switch|p2a: Great Tusk|Great Tusk|100/100
|move|p1a: Tyranitar|Crunch|p2a: Great Tusk
|-resisted|p2a: Great Tusk
|-damage|p2a: Great Tusk|84/100
|
|-weather|Sandstorm|[upkeep]
|-heal|p2a: Great Tusk|90/100|[from] item: Leftovers
|-damage|p1a: Tyranitar|82/100 tox|[from] psn
|upkeep
|turn|10
|
|t:|1760449659
|switch|p1a: Weezing|Weezing, F|99/100
|move|p2a: Great Tusk|Stealth Rock|p1a: Weezing
|-sidestart|p1: Darkgorim|move: Stealth Rock
|
|-weather|Sandstorm|[upkeep]
|-damage|p1a: Weezing|93/100|[from] Sandstorm
|-heal|p2a: Great Tusk|96/100|[from] item: Leftovers
|-heal|p1a: Weezing|99/100|[from] item: Black Sludge
|upkeep
|turn|11
|
|t:|1760449670
|-end|p2a: Great Tusk|Protosynthesis|[silent]
|switch|p2a: Slowking|Slowking-Galar, F|100/100
|move|p1a: Weezing|Will-O-Wisp|p2a: Slowking
|-status|p2a: Slowking|brn
|
|-weather|Sandstorm|[upkeep]
|-damage|p1a: Weezing|93/100|[from] Sandstorm
|-damage|p2a: Slowking|94/100 brn|[from] Sandstorm
|-heal|p1a: Weezing|99/100|[from] item: Black Sludge
|-heal|p2a: Slowking|100/100 brn|[from] item: Leftovers
|-damage|p2a: Slowking|94/100 brn|[from] brn
|upkeep
|turn|12
|
|t:|1760449697
|move|p1a: Weezing|Sludge Bomb|p2a: Slowking
|-resisted|p2a: Slowking
|-damage|p2a: Slowking|87/100 brn
|move|p2a: Slowking|Psychic Noise|p1a: Weezing
|-supereffective|p1a: Weezing
|-crit|p1a: Weezing
|-damage|p1a: Weezing|0 fnt
|faint|p1a: Weezing
|
|-weather|none
|-heal|p2a: Slowking|93/100 brn|[from] item: Leftovers
|-damage|p2a: Slowking|87/100 brn|[from] brn
|upkeep
|
|t:|1760449711
|switch|p1a: Chandelure|Chandelure, M, shiny|100/100
|-damage|p1a: Chandelure|76/100|[from] Stealth Rock
|turn|13
|
|t:|1760449719
|switch|p2a: Azumarill|Azumarill, M|62/100 brn
|move|p1a: Chandelure|Shadow Ball|p2a: Azumarill
|-damage|p2a: Azumarill|16/100 brn
|
|-damage|p2a: Azumarill|9/100 brn|[from] brn
|upkeep
|turn|14
|
|t:|1760449728
|move|p2a: Azumarill|Aqua Jet|p1a: Chandelure
|-supereffective|p1a: Chandelure
|-damage|p1a: Chandelure|20/100
|move|p1a: Chandelure|Shadow Ball|p2a: Azumarill
|-damage|p2a: Azumarill|0 fnt
|faint|p2a: Azumarill
|
|upkeep
|
|t:|1760449735
|switch|p2a: Darkrai|Darkrai|100/100
|turn|15
|inactive|raskmus has 120 seconds left.
|
|t:|1760449767
|move|p1a: Chandelure|Shadow Ball|p2a: Darkrai
|-resisted|p2a: Darkrai
|-damage|p2a: Darkrai|72/100
|move|p2a: Darkrai|Knock Off|p1a: Chandelure
|-supereffective|p1a: Chandelure
|-damage|p1a: Chandelure|0 fnt
|-enditem|p1a: Chandelure|Choice Scarf|[from] move: Knock Off|[of] p2a: Darkrai
|faint|p1a: Chandelure
|
|upkeep
|
|t:|1760449786
|switch|p1a: Rotom|Rotom-Wash|17/100
|-damage|p1a: Rotom|4/100|[from] Stealth Rock
|turn|16
|inactive|raskmus has 120 seconds left.
|
|t:|1760449811
|switch|p2a: Slowking|Slowking-Galar, F|100/100 brn
|move|p1a: Rotom|Volt Switch|p2a: Slowking
|-damage|p2a: Slowking|74/100 brn
|
|t:|1760449818
|switch|p1a: Tyranitar|Tyranitar, F|82/100 tox|[from] Volt Switch
|-damage|p1a: Tyranitar|70/100 tox|[from] Stealth Rock
|-weather|Sandstorm|[from] ability: Sand Stream|[of] p1a: Tyranitar
|
|-weather|Sandstorm|[upkeep]
|-damage|p2a: Slowking|68/100 brn|[from] Sandstorm
|-heal|p2a: Slowking|74/100 brn|[from] item: Leftovers
|-damage|p1a: Tyranitar|64/100 tox|[from] psn
|-damage|p2a: Slowking|68/100 brn|[from] brn
|upkeep
|turn|17
|
|t:|1760449830
|switch|p2a: Skarmory|Skarmory, F|87/100
|move|p1a: Tyranitar|Crunch|p2a: Skarmory
|-damage|p2a: Skarmory|62/100
|
|-weather|Sandstorm|[upkeep]
|-damage|p1a: Tyranitar|52/100 tox|[from] psn
|upkeep
|turn|18
|
|t:|1760449839
|move|p2a: Skarmory|Spikes|p1a: Tyranitar
|-sidestart|p1: Darkgorim|Spikes
|move|p1a: Tyranitar|Stone Edge|p2a: Skarmory
|-damage|p2a: Skarmory|32/100
|
|-weather|Sandstorm|[upkeep]
|-damage|p1a: Tyranitar|34/100 tox|[from] psn
|upkeep
|turn|19
|
|t:|1760449847
|move|p2a: Skarmory|Roost|p2a: Skarmory
|-heal|p2a: Skarmory|82/100
|-singleturn|p2a: Skarmory|move: Roost
|move|p1a: Tyranitar|Stone Edge|p2a: Skarmory
|-resisted|p2a: Skarmory
|-damage|p2a: Skarmory|66/100
|
|-weather|Sandstorm|[upkeep]
|-damage|p1a: Tyranitar|10/100 tox|[from] psn
|upkeep
|turn|20
|
|t:|1760449858
|move|p2a: Skarmory|Spikes|p1a: Tyranitar
|-sidestart|p1: Darkgorim|Spikes
|move|p1a: Tyranitar|Earthquake|p2a: Skarmory
|-immune|p2a: Skarmory
|
|-weather|none
|-damage|p1a: Tyranitar|0 fnt|[from] psn
|faint|p1a: Tyranitar
|upkeep
|
|t:|1760449867
|switch|p1a: Rotom|Rotom-Wash|4/100
|-damage|p1a: Rotom|0 fnt|[from] Stealth Rock
|faint|p1a: Rotom
|
|t:|1760449873
|switch|p1a: Garchomp|Garchomp, F|100/100
|-damage|p1a: Garchomp|94/100|[from] Stealth Rock
|-damage|p1a: Garchomp|78/100|[from] Spikes
|turn|21
|
|t:|1760449880
|move|p1a: Garchomp|Swords Dance|p1a: Garchomp
|-boost|p1a: Garchomp|atk|2
|move|p2a: Skarmory|Brave Bird|p1a: Garchomp
|-damage|p1a: Garchomp|44/100
|-damage|p2a: Skarmory|54/100|[from] ability: Rough Skin|[of] p1a: Garchomp
|-damage|p2a: Skarmory|42/100|[from] Recoil
|
|upkeep
|turn|22
|inactive|raskmus has 120 seconds left.
|
|t:|1760449910
|move|p1a: Garchomp|Rock Slide|p2a: Skarmory
|-damage|p2a: Skarmory|2/100
|-damage|p1a: Garchomp|34/100|[from] item: Life Orb
|cant|p2a: Skarmory|flinch
|
|upkeep
|turn|23
|
|t:|1760449918
|move|p1a: Garchomp|Rock Slide|p2a: Skarmory
|-damage|p2a: Skarmory|0 fnt
|faint|p2a: Skarmory
|-damage|p1a: Garchomp|25/100|[from] item: Life Orb
|
|upkeep
|
|t:|1760449920
|switch|p2a: Darkrai|Darkrai|72/100
|turn|24
|
|t:|1760449927
|move|p2a: Darkrai|Foul Play|p1a: Garchomp
|-crit|p1a: Garchomp
|-damage|p1a: Garchomp|0 fnt
|-damage|p2a: Darkrai|59/100|[from] ability: Rough Skin|[of] p1a: Garchomp
|faint|p1a: Garchomp
|
|upkeep
|
|t:|1760449933
|switch|p1a: Sylveon|Sylveon, M|66/100
|-damage|p1a: Sylveon|54/100|[from] Stealth Rock
|-damage|p1a: Sylveon|37/100|[from] Spikes
|turn|25
|
|t:|1760449940
|move|p2a: Darkrai|Swords Dance|p2a: Darkrai
|-boost|p2a: Darkrai|atk|2
|move|p1a: Sylveon|Wish|p1a: Sylveon
|
|upkeep
|turn|26
|
|t:|1760449946
|-terastallize|p2a: Darkrai|Ground
|move|p1a: Sylveon|Protect|p1a: Sylveon
|-singleturn|p1a: Sylveon|Protect
|move|p2a: Darkrai|Swords Dance|p2a: Darkrai
|-boost|p2a: Darkrai|atk|2
|
|-heal|p1a: Sylveon|87/100|[from] move: Wish|[wisher] Sylveon
|upkeep
|turn|27
|
|t:|1760449956
|move|p2a: Darkrai|Swords Dance|p2a: Darkrai
|-boost|p2a: Darkrai|atk|2
|move|p1a: Sylveon|Hyper Voice|p2a: Darkrai
|-crit|p2a: Darkrai
|-damage|p2a: Darkrai|0 fnt
|faint|p2a: Darkrai
|
|upkeep
|
|t:|1760449962
|switch|p2a: Slowking|Slowking-Galar, F|100/100 brn
|turn|28
|
|t:|1760449966
|move|p1a: Sylveon|Calm Mind|p1a: Sylveon
|-boost|p1a: Sylveon|spa|1
|-boost|p1a: Sylveon|spd|1
|move|p2a: Slowking|Toxic|p1a: Sylveon
|-status|p1a: Sylveon|tox
|
|-damage|p1a: Sylveon|81/100 tox|[from] psn
|-damage|p2a: Slowking|94/100 brn|[from] brn
|upkeep
|turn|29
|
|t:|1760449977
|move|p1a: Sylveon|Hyper Voice|p2a: Slowking
|-resisted|p2a: Slowking
|-damage|p2a: Slowking|77/100 brn
|move|p2a: Slowking|Psychic Noise|p1a: Sylveon
|-damage|p1a: Sylveon|71/100 tox
|-start|p1a: Sylveon|move: Heal Block
|
|-heal|p2a: Slowking|83/100 brn|[from] item: Leftovers
|-damage|p1a: Sylveon|59/100 tox|[from] psn
|-damage|p2a: Slowking|77/100 brn|[from] brn
|upkeep
|turn|30
|c|☆raskmus|gg
|
|t:|1760449991
|move|p1a: Sylveon|Hyper Voice|p2a: Slowking
|-resisted|p2a: Slowking
|-damage|p2a: Slowking|60/100 brn
|move|p2a: Slowking|Psychic Noise|p1a: Sylveon
|-damage|p1a: Sylveon|50/100 tox
|
|-heal|p2a: Slowking|66/100 brn|[from] item: Leftovers
|-damage|p1a: Sylveon|32/100 tox|[from] psn
|-damage|p2a: Slowking|60/100 brn|[from] brn
|-end|p1a: Sylveon|move: Heal Block
|upkeep
|turn|31
|c|☆Darkgorim|Gg bien jugado
|
|t:|1760450013
|move|p1a: Sylveon|Wish|p1a: Sylveon
|move|p2a: Slowking|Slack Off|p2a: Slowking
|-heal|p2a: Slowking|100/100 brn
|
|-damage|p1a: Sylveon|7/100 tox|[from] psn
|-damage|p2a: Slowking|94/100 brn|[from] brn
|upkeep
|turn|32
|c|☆raskmus|thanks
|c|☆raskmus|u2. not
|
|t:|1760450024
|move|p1a: Sylveon|Protect|p1a: Sylveon
|-singleturn|p1a: Sylveon|Protect
|move|p2a: Slowking|Slack Off|p2a: Slowking
|-heal|p2a: Slowking|100/100 brn
|
|-heal|p1a: Sylveon|57/100 tox|[from] move: Wish|[wisher] Sylveon
|-damage|p1a: Sylveon|27/100 tox|[from] psn
|-damage|p2a: Slowking|94/100 brn|[from] brn
|upkeep
|turn|33
|
|t:|1760450035
|move|p1a: Sylveon|Hyper Voice|p2a: Slowking
|-resisted|p2a: Slowking
|-damage|p2a: Slowking|76/100 brn
|move|p2a: Slowking|Psychic Noise|p1a: Sylveon
|-damage|p1a: Sylveon|16/100 tox
|-start|p1a: Sylveon|move: Heal Block
|
|-heal|p2a: Slowking|82/100 brn|[from] item: Leftovers
|-damage|p1a: Sylveon|0 fnt|[from] psn
|faint|p1a: Sylveon
|
|win|raskmus
|raw|Darkgorim's rating: 1291 &rarr; <strong>1271</strong><br />(-20 for losing)
|raw|raskmus's rating: 1358 &rarr; <strong>1374</strong><br />(+16 for winning)
|l|☆raskmus
|player|p2|
|l|☆Darkgorim
|player|p1|
