|j|☆samuel10ramos
|j|☆Laplace11
|t:|1760461131
|gametype|singles
|player|p1|samuel10ramos|1|1391
|player|p2|Laplace11|2|1463
|gen|9
|tier|[Gen 9] OU
|rated|
|rule|HP Percentage Mod: HP is shown in percentages
|rule|Endless Battle Clause: Forcing endless battles is banned
|rule|Species Clause: Limit one of each Pokémon
|rule|OHKO Clause: OHKO moves are banned
|rule|Evasion Items Clause: Evasion items are banned
|rule|Evasion Moves Clause: Evasion moves are banned
|rule|Evasion Abilities Clause: Evasion abilities are banned
|rule|Sleep Moves Clause: Sleep-inducing moves are banned
|clearpoke
|poke|p1|Ogerpon-Wellspring, F|
|poke|p1|Kingambit, F|
|poke|p1|Dragonite, M|
|poke|p1|Latias, F|
|poke|p1|Ursaluna, F|
|poke|p1|Cinderace, F|
|poke|p2|Iron Valiant|
|poke|p2|Iron Hands|
|poke|p2|Iron Moth|
|poke|p2|Landorus-Therian, M|
|poke|p2|Pincurchin, M|
|poke|p2|Hatterene, F|
|teampreview
|
|t:|1760461151
|teamsize|p1|6
|teamsize|p2|6
|start
|switch|p1a: Ursaluna|Ursaluna, F|100/100
|switch|p2a: Landorus|Landorus-Therian, M|100/100
|-ability|p2a: Landorus|Intimidate|boost
|-unboost|p1a: Ursaluna|atk|1
|turn|1
|
|t:|1760461161
|move|p2a: Landorus|U-turn|p1a: Ursaluna
|-damage|p1a: Ursaluna|84/100
|
|t:|1760461167
|switch|p2a: Pincurchin|Pincurchin, M|100/100|[from] U-turn
|-fieldstart|move: Electric Terrain|[from] ability: Electric Surge|[of] p2a: Pincurchin
|move|p1a: Ursaluna|Bulk Up|p1a: Ursaluna
|-boost|p1a: Ursaluna|atk|1
|-boost|p1a: Ursaluna|def|1
|
|-status|p1a: Ursaluna|brn|[from] item: Flame Orb
|upkeep
|turn|2
|
|t:|1760461181
|switch|p2a: Landorus|Landorus-Therian, M|100/100
|-ability|p2a: Landorus|Intimidate|boost
|-unboost|p1a: Ursaluna|atk|1
|move|p1a: Ursaluna|Earthquake|p2a: Landorus
|-immune|p2a: Landorus
|
|-damage|p1a: Ursaluna|78/100 brn|[from] brn
|upkeep
|turn|3
|
|t:|1760461201
|move|p2a: Landorus|U-turn|p1a: Ursaluna
|-damage|p1a: Ursaluna|66/100 brn
|
|t:|1760461217
|switch|p2a: Hatterene|Hatterene, F|100/100|[from] U-turn
|move|p1a: Ursaluna|Bulk Up|p1a: Ursaluna
|-boost|p1a: Ursaluna|atk|1
|-boost|p1a: Ursaluna|def|1
|
|-damage|p1a: Ursaluna|60/100 brn|[from] brn
|upkeep
|turn|4
|
|t:|1760461225
|switch|p2a: Landorus|Landorus-Therian, M|100/100
|-ability|p2a: Landorus|Intimidate|boost
|-unboost|p1a: Ursaluna|atk|1
|move|p1a: Ursaluna|Facade|p2a: Landorus
|-damage|p2a: Landorus|20/100
|-damage|p1a: Ursaluna|44/100 brn|[from] item: Rocky Helmet|[of] p2a: Landorus
|
|-damage|p1a: Ursaluna|37/100 brn|[from] brn
|upkeep
|turn|5
|
|t:|1760461234
|move|p2a: Landorus|Earthquake|p1a: Ursaluna
|-damage|p1a: Ursaluna|19/100 brn
|move|p1a: Ursaluna|Facade|p2a: Landorus
|-damage|p2a: Landorus|0 fnt
|-damage|p1a: Ursaluna|2/100 brn|[from] item: Rocky Helmet|[of] p2a: Landorus
|faint|p2a: Landorus
|
|-damage|p1a: Ursaluna|0 fnt|[from] brn
|faint|p1a: Ursaluna
|upkeep
|
|t:|1760461257
|switch|p2a: Iron Hands|Iron Hands|100/100
|switch|p1a: Dragonite|Dragonite, M|100/100
|-activate|p2a: Iron Hands|ability: Quark Drive
|-start|p2a: Iron Hands|quarkdriveatk
|turn|6
|
|t:|1760461273
|switch|p1a: Kingambit|Kingambit, F|100/100
|-activate|p1a: Kingambit|ability: Supreme Overlord
|-start|p1a: Kingambit|fallen1|[silent]
|move|p2a: Iron Hands|Ice Punch|p1a: Kingambit
|-resisted|p1a: Kingambit
|-damage|p1a: Kingambit|86/100
|
|upkeep
|turn|7
|
|t:|1760461288
|move|p1a: Kingambit|Low Kick|p2a: Iron Hands
|-damage|p2a: Iron Hands|68/100
|move|p2a: Iron Hands|Drain Punch|p1a: Kingambit
|-supereffective|p1a: Kingambit
|-damage|p1a: Kingambit|0 fnt
|-heal|p2a: Iron Hands|100/100|[from] drain|[of] p1a: Kingambit
|faint|p1a: Kingambit
|-end|p1a: Kingambit|fallen1|[silent]
|
|upkeep
|
|t:|1760461311
|switch|p1a: Cinderace|Cinderace, F|100/100
|turn|8
|
|t:|1760461315
|move|p1a: Cinderace|Pyro Ball|p2a: Iron Hands
|-damage|p2a: Iron Hands|62/100
|-status|p2a: Iron Hands|brn
|move|p2a: Iron Hands|Drain Punch|p1a: Cinderace
|-damage|p1a: Cinderace|57/100
|-heal|p2a: Iron Hands|77/100 brn|[from] drain|[of] p1a: Cinderace
|
|-heal|p2a: Iron Hands|83/100 brn|[from] item: Leftovers
|-damage|p2a: Iron Hands|77/100 brn|[from] brn
|-fieldend|move: Electric Terrain
|-end|p2a: Iron Hands|Quark Drive
|upkeep
|turn|9
|
|t:|1760461328
|move|p1a: Cinderace|Pyro Ball|p2a: Iron Hands
|-damage|p2a: Iron Hands|44/100 brn
|move|p2a: Iron Hands|Swords Dance|p2a: Iron Hands
|-boost|p2a: Iron Hands|atk|2
|
|-heal|p2a: Iron Hands|50/100 brn|[from] item: Leftovers
|-damage|p2a: Iron Hands|44/100 brn|[from] brn
|upkeep
|turn|10
|
|t:|1760461336
|move|p1a: Cinderace|High Jump Kick|p2a: Iron Hands|[miss]
|-start|p1a: Cinderace|typechange|Fighting|[from] ability: Libero
|-miss|p1a: Cinderace|p2a: Iron Hands
|-damage|p1a: Cinderace|7/100|[from] highjumpkick
|move|p2a: Iron Hands|Drain Punch|p1a: Cinderace
|-damage|p1a: Cinderace|0 fnt
|-heal|p2a: Iron Hands|46/100 brn|[from] drain|[of] p1a: Cinderace
|faint|p1a: Cinderace
|
|-heal|p2a: Iron Hands|53/100 brn|[from] item: Leftovers
|-damage|p2a: Iron Hands|46/100 brn|[from] brn
|upkeep
|
|t:|1760461361
|switch|p1a: Ogerpon|Ogerpon-Wellspring, F|100/100
|turn|11
|
|t:|1760461367
|move|p1a: Ogerpon|Ivy Cudgel|p2a: Iron Hands|[anim] Ivy Cudgel Water
|-damage|p2a: Iron Hands|7/100 brn
|move|p2a: Iron Hands|Drain Punch|p1a: Ogerpon
|-damage|p1a: Ogerpon|51/100
|-heal|p2a: Iron Hands|26/100 brn|[from] drain|[of] p1a: Ogerpon
|
|-heal|p2a: Iron Hands|32/100 brn|[from] item: Leftovers
|-damage|p2a: Iron Hands|26/100 brn|[from] brn
|upkeep
|turn|12
|
|t:|1760461377
|move|p1a: Ogerpon|Ivy Cudgel|p2a: Iron Hands|[anim] Ivy Cudgel Water
|-damage|p2a: Iron Hands|0 fnt
|faint|p2a: Iron Hands
|-end|p2a: Iron Hands|Quark Drive|[silent]
|
|upkeep
|
|t:|1760461409
|switch|p2a: Hatterene|Hatterene, F|100/100
|turn|13
|
|t:|1760461416
|move|p1a: Ogerpon|Trailblaze|p2a: Hatterene
|-damage|p2a: Hatterene|62/100
|-boost|p1a: Ogerpon|spe|1
|move|p2a: Hatterene|Draining Kiss|p1a: Ogerpon
|-damage|p1a: Ogerpon|21/100
|-heal|p2a: Hatterene|92/100|[from] drain|[of] p1a: Ogerpon
|
|upkeep
|turn|14
|
|t:|1760461426
|move|p1a: Ogerpon|Ivy Cudgel|p2a: Hatterene|[anim] Ivy Cudgel Water
|-damage|p2a: Hatterene|16/100
|move|p2a: Hatterene|Draining Kiss|p1a: Ogerpon
|-damage|p1a: Ogerpon|0 fnt
|-heal|p2a: Hatterene|37/100|[from] drain|[of] p1a: Ogerpon
|faint|p1a: Ogerpon
|
|upkeep
|
|t:|1760461441
|switch|p1a: Dragonite|Dragonite, M|100/100
|turn|15
|
|t:|1760461450
|-terastallize|p1a: Dragonite|Normal
|move|p1a: Dragonite|Extreme Speed|p2a: Hatterene
|-damage|p2a: Hatterene|0 fnt
|faint|p2a: Hatterene
|
|upkeep
|
|t:|1760461460
|switch|p2a: Pincurchin|Pincurchin, M|100/100
|-fieldstart|move: Electric Terrain|[from] ability: Electric Surge|[of] p2a: Pincurchin
|turn|16
|
|t:|1760461464
|move|p1a: Dragonite|Dragon Dance|p1a: Dragonite
|-boost|p1a: Dragonite|atk|1
|-boost|p1a: Dragonite|spe|1
|move|p2a: Pincurchin|Thunder Wave|p1a: Dragonite
|-status|p1a: Dragonite|par
|
|upkeep
|turn|17
|
|t:|1760461473
|move|p1a: Dragonite|Dragon Dance|p1a: Dragonite
|-boost|p1a: Dragonite|atk|1
|-boost|p1a: Dragonite|spe|1
|move|p2a: Pincurchin|Memento|p1a: Dragonite
|-unboost|p1a: Dragonite|atk|2
|-unboost|p1a: Dragonite|spa|2
|faint|p2a: Pincurchin
|
|upkeep
|
|t:|1760461483
|switch|p2a: Iron Moth|Iron Moth|100/100
|-activate|p2a: Iron Moth|ability: Quark Drive
|-start|p2a: Iron Moth|quarkdrivespa
|turn|18
|
|t:|1760461495
|cant|p1a: Dragonite|par
|move|p2a: Iron Moth|Sludge Wave|p1a: Dragonite
|-damage|p1a: Dragonite|55/100 par
|
|upkeep
|turn|19
|
|t:|1760461500
|move|p1a: Dragonite|Extreme Speed|p2a: Iron Moth
|-damage|p2a: Iron Moth|0 fnt
|faint|p2a: Iron Moth
|-end|p2a: Iron Moth|Quark Drive|[silent]
|
|upkeep
|
|t:|1760461506
|switch|p2a: Iron Valiant|Iron Valiant|100/100
|-activate|p2a: Iron Valiant|ability: Quark Drive
|-start|p2a: Iron Valiant|quarkdrivespe
|turn|20
|
|t:|1760461510
|move|p1a: Dragonite|Extreme Speed|p2a: Iron Valiant
|-damage|p2a: Iron Valiant|29/100
|move|p2a: Iron Valiant|Moonblast|p1a: Dragonite
|-damage|p1a: Dragonite|10/100 par
|-unboost|p1a: Dragonite|spa|1
|
|upkeep
|turn|21
|
|t:|1760461517
|move|p1a: Dragonite|Extreme Speed|p2a: Iron Valiant
|-damage|p2a: Iron Valiant|0 fnt
|faint|p2a: Iron Valiant
|-end|p2a: Iron Valiant|Quark Drive|[silent]
|
|win|samuel10ramos
|raw|samuel10ramos's rating: 1391 &rarr; <strong>1415</strong><br />(+24 for winning)
|raw|Laplace11's rating: 1463 &rarr; <strong>1439</strong><br />(-24 for losing)
|l|☆Laplace11
|player|p2|
|l|☆samuel10ramos
|player|p1|
