|j|☆stallincorporated
|j|☆Spyro190 testing
|t:|1760380204
|gametype|singles
|player|p1|stallincorporated|allister|1530
|player|p2|Spyro190 testing|bugcatcher-gen4dp|1581
|gen|9
|tier|[Gen 9] OU
|rated|
|rule|HP Percentage Mod: HP is shown in percentages
|rule|Endless Battle Clause: Forcing endless battles is banned
|rule|Species Clause: Limit one of each Pokémon
|rule|OHKO Clause: OHKO moves are banned
|rule|Evasion Items Clause: Evasion items are banned
|rule|Evasion Moves Clause: Evasion moves are banned
|rule|Evasion Abilities Clause: Evasion abilities are banned
|rule|Sleep Moves Clause: Sleep-inducing moves are banned
|clearpoke
|poke|p1|Clefable, M|
|poke|p1|Dondozo, M|
|poke|p1|Blissey, F|
|poke|p1|Clodsire, F|
|poke|p1|Corviknight, F|
|poke|p1|Gliscor, M|
|poke|p2|Enamorus, F|
|poke|p2|Slowking-Galar, F|
|poke|p2|Cinderace, F|
|poke|p2|Alomomola, M|
|poke|p2|Lokix, M|
|poke|p2|Great Tusk|
|teampreview
|inactive|Battle timer is ON: inactive players will automatically lose when time's up. (requested by Spyro190 testing)
|
|t:|1760380212
|teamsize|p1|6
|teamsize|p2|6
|start
|switch|p1a: Gliscor|Gliscor, M|100/100
|switch|p2a: Slowking|Slowking-Galar, F|100/100
|turn|1
|
|t:|1760380215
|move|p1a: Gliscor|Protect|p1a: Gliscor
|-singleturn|p1a: Gliscor|Protect
|move|p2a: Slowking|Future Sight|p1a: Gliscor
|-start|p2a: Slowking|move: Future Sight
|
|-status|p1a: Gliscor|tox|[from] item: Toxic Orb
|upkeep
|turn|2
|
|t:|1760380221
|switch|p1a: Blissey|Blissey, F|100/100
|move|p2a: Slowking|Ice Beam|p1a: Blissey
|-damage|p1a: Blissey|94/100
|
|upkeep
|turn|3
|
|t:|1760380225
|switch|p2a: Great Tusk|Great Tusk|100/100
|move|p1a: Blissey|Seismic Toss|p2a: Great Tusk
|-damage|p2a: Great Tusk|77/100
|
|-end|p1a: Blissey|move: Future Sight
|-damage|p1a: Blissey|81/100
|-heal|p2a: Great Tusk|84/100|[from] item: Leftovers
|upkeep
|turn|4
|
|t:|1760380230
|switch|p1a: Corviknight|Corviknight, F|100/100
|-ability|p1a: Corviknight|Pressure
|move|p2a: Great Tusk|Knock Off|p1a: Corviknight
|-damage|p1a: Corviknight|84/100
|-damage|p2a: Great Tusk|67/100|[from] item: Rocky Helmet|[of] p1a: Corviknight
|-enditem|p1a: Corviknight|Rocky Helmet|[from] move: Knock Off|[of] p2a: Great Tusk
|
|-heal|p2a: Great Tusk|73/100|[from] item: Leftovers
|upkeep
|turn|5
|
|t:|1760380237
|-end|p2a: Great Tusk|Protosynthesis|[silent]
|switch|p2a: Slowking|Slowking-Galar, F|100/100
|move|p1a: Corviknight|Iron Defense|p1a: Corviknight
|-boost|p1a: Corviknight|def|2
|
|upkeep
|turn|6
|
|t:|1760380241
|switch|p1a: Blissey|Blissey, F|81/100
|move|p2a: Slowking|Future Sight|p1a: Blissey
|-start|p2a: Slowking|move: Future Sight
|
|upkeep
|turn|7
|
|t:|1760380246
|switch|p2a: Great Tusk|Great Tusk|73/100
|move|p1a: Blissey|Seismic Toss|p2a: Great Tusk
|-damage|p2a: Great Tusk|50/100
|
|-heal|p2a: Great Tusk|56/100|[from] item: Leftovers
|upkeep
|turn|8
|
|t:|1760380253
|-end|p2a: Great Tusk|Protosynthesis|[silent]
|switch|p2a: Cinderace|Cinderace, F|100/100
|switch|p1a: Corviknight|Corviknight, F|84/100
|-ability|p1a: Corviknight|Pressure
|
|-end|p1a: Corviknight|move: Future Sight
|-resisted|p1a: Corviknight
|-damage|p1a: Corviknight|62/100
|upkeep
|turn|9
|
|t:|1760380261
|switch|p1a: Gliscor|Gliscor, M|100/100 tox
|move|p2a: Cinderace|Pyro Ball|p1a: Gliscor
|-damage|p1a: Gliscor|70/100 tox
|
|-heal|p1a: Gliscor|82/100 tox|[from] ability: Poison Heal
|upkeep
|turn|10
|
|t:|1760380267
|switch|p2a: Slowking|Slowking-Galar, F|100/100
|move|p1a: Gliscor|Spikes|p2a: Slowking
|-sidestart|p2: Spyro190 testing|Spikes
|
|-heal|p1a: Gliscor|95/100 tox|[from] ability: Poison Heal
|upkeep
|turn|11
|
|t:|1760380272
|switch|p1a: Corviknight|Corviknight, F|62/100
|-ability|p1a: Corviknight|Pressure
|-prepare|p2a: Slowking|Chilly Reception|[premajor]
|move|p2a: Slowking|Chilly Reception|p2a: Slowking
|-weather|Snowscape
|
|t:|1760380281
|switch|p2a: Cinderace|Cinderace, F|100/100|[from] Chilly Reception
|
|-weather|Snowscape|[upkeep]
|upkeep
|turn|12
|
|t:|1760380284
|switch|p1a: Gliscor|Gliscor, M|95/100 tox
|move|p2a: Cinderace|Court Change|p2a: Cinderace
|-swapsideconditions
|-activate|p2a: Cinderace|move: Court Change
|
|-weather|Snowscape|[upkeep]
|-heal|p1a: Gliscor|100/100 tox|[from] ability: Poison Heal
|upkeep
|turn|13
|
|t:|1760380288
|move|p2a: Cinderace|U-turn|p1a: Gliscor
|-resisted|p1a: Gliscor
|-damage|p1a: Gliscor|95/100 tox
|
|t:|1760380292
|switch|p2a: Slowking|Slowking-Galar, F|100/100|[from] U-turn
|move|p1a: Gliscor|Spikes|p2a: Slowking
|-sidestart|p2: Spyro190 testing|Spikes
|
|-weather|Snowscape|[upkeep]
|-heal|p1a: Gliscor|100/100 tox|[from] ability: Poison Heal
|upkeep
|turn|14
|
|t:|1760380300
|move|p1a: Gliscor|Protect|p1a: Gliscor
|-singleturn|p1a: Gliscor|Protect
|move|p2a: Slowking|Ice Beam|p1a: Gliscor
|-activate|p1a: Gliscor|move: Protect
|
|-weather|Snowscape|[upkeep]
|upkeep
|turn|15
|
|t:|1760380307
|switch|p1a: Corviknight|Corviknight, F|62/100
|-ability|p1a: Corviknight|Pressure
|move|p2a: Slowking|Ice Beam|p1a: Corviknight
|-damage|p1a: Corviknight|38/100
|
|-weather|none
|upkeep
|turn|16
|
|t:|1760380311
|move|p1a: Corviknight|Roost|p1a: Corviknight
|-heal|p1a: Corviknight|88/100
|-singleturn|p1a: Corviknight|move: Roost
|move|p2a: Slowking|Future Sight|p1a: Corviknight
|-start|p2a: Slowking|move: Future Sight
|
|upkeep
|turn|17
|
|t:|1760380323
|move|p1a: Corviknight|Iron Defense|p1a: Corviknight
|-boost|p1a: Corviknight|def|2
|-prepare|p2a: Slowking|Chilly Reception|[premajor]
|move|p2a: Slowking|Chilly Reception|p2a: Slowking
|-weather|Snowscape
|
|t:|1760380330
|switch|p2a: Cinderace|Cinderace, F|100/100|[from] Chilly Reception
|
|-weather|Snowscape|[upkeep]
|upkeep
|turn|18
|
|t:|1760380334
|move|p2a: Cinderace|Will-O-Wisp|p1a: Corviknight
|-status|p1a: Corviknight|brn
|move|p1a: Corviknight|Roost|p1a: Corviknight
|-heal|p1a: Corviknight|100/100 brn
|-singleturn|p1a: Corviknight|move: Roost
|
|-weather|Snowscape|[upkeep]
|-end|p1a: Corviknight|move: Future Sight
|-resisted|p1a: Corviknight
|-damage|p1a: Corviknight|80/100 brn
|-damage|p1a: Corviknight|73/100 brn|[from] brn
|upkeep
|turn|19
|
|t:|1760380341
|switch|p1a: Gliscor|Gliscor, M|100/100 tox
|move|p2a: Cinderace|Pyro Ball|p1a: Gliscor
|-damage|p1a: Gliscor|72/100 tox
|
|-weather|Snowscape|[upkeep]
|-heal|p1a: Gliscor|85/100 tox|[from] ability: Poison Heal
|upkeep
|turn|20
|
|t:|1760380344
|move|p2a: Cinderace|U-turn|p1a: Gliscor
|-resisted|p1a: Gliscor
|-damage|p1a: Gliscor|79/100 tox
|
|t:|1760380348
|switch|p2a: Alomomola|Alomomola, M|100/100|[from] U-turn
|-damage|p2a: Alomomola|88/100|[from] Spikes
|move|p1a: Gliscor|Earthquake|p2a: Alomomola
|-damage|p2a: Alomomola|64/100
|
|-weather|Snowscape|[upkeep]
|-heal|p1a: Gliscor|91/100 tox|[from] ability: Poison Heal
|upkeep
|turn|21
|
|t:|1760380356
|switch|p2a: Slowking|Slowking-Galar, F|100/100
|-damage|p2a: Slowking|88/100|[from] Spikes
|move|p1a: Gliscor|Earthquake|p2a: Slowking
|-supereffective|p2a: Slowking
|-enditem|p2a: Slowking|Shuca Berry|[eat]
|-enditem|p2a: Slowking|Shuca Berry|[weaken]
|-damage|p2a: Slowking|63/100
|
|-weather|none
|-heal|p1a: Gliscor|100/100 tox|[from] ability: Poison Heal
|upkeep
|turn|22
|
|t:|1760380363
|move|p1a: Gliscor|Protect|p1a: Gliscor
|-singleturn|p1a: Gliscor|Protect
|move|p2a: Slowking|Future Sight|p1a: Gliscor
|-start|p2a: Slowking|move: Future Sight
|
|upkeep
|turn|23
|
|t:|1760380366
|switch|p1a: Blissey|Blissey, F|81/100
|-prepare|p2a: Slowking|Chilly Reception|[premajor]
|move|p2a: Slowking|Chilly Reception|p2a: Slowking
|-weather|Snowscape
|
|t:|1760380371
|switch|p2a: Lokix|Lokix, M|100/100|[from] Chilly Reception
|-damage|p2a: Lokix|88/100|[from] Spikes
|
|-weather|Snowscape|[upkeep]
|upkeep
|turn|24
|
|t:|1760380375
|switch|p1a: Corviknight|Corviknight, F|73/100 brn
|-ability|p1a: Corviknight|Pressure
|move|p2a: Lokix|Knock Off|p1a: Corviknight
|-damage|p1a: Corviknight|45/100 brn
|
|-weather|Snowscape|[upkeep]
|-end|p1a: Corviknight|move: Future Sight
|-resisted|p1a: Corviknight
|-damage|p1a: Corviknight|22/100 brn
|-damage|p1a: Corviknight|16/100 brn|[from] brn
|upkeep
|turn|25
|
|t:|1760380384
|switch|p1a: Gliscor|Gliscor, M|100/100 tox
|move|p2a: Lokix|Knock Off|p1a: Gliscor
|-damage|p1a: Gliscor|61/100 tox
|-enditem|p1a: Gliscor|Toxic Orb|[from] move: Knock Off|[of] p2a: Lokix
|
|-weather|Snowscape|[upkeep]
|-heal|p1a: Gliscor|74/100 tox|[from] ability: Poison Heal
|upkeep
|turn|26
|
|t:|1760380390
|switch|p2a: Alomomola|Alomomola, M|97/100
|-damage|p2a: Alomomola|85/100|[from] Spikes
|move|p1a: Gliscor|Toxic|p2a: Alomomola|[miss]
|-miss|p1a: Gliscor|p2a: Alomomola
|
|-weather|Snowscape|[upkeep]
|-heal|p1a: Gliscor|86/100 tox|[from] ability: Poison Heal
|upkeep
|turn|27
|
|t:|1760380396
|move|p1a: Gliscor|Toxic|p2a: Alomomola
|-status|p2a: Alomomola|tox
|move|p2a: Alomomola|Flip Turn|p1a: Gliscor
|-supereffective|p1a: Gliscor
|-damage|p1a: Gliscor|66/100 tox
|
|t:|1760380400
|switch|p2a: Slowking|Slowking-Galar, F|97/100|[from] Flip Turn
|-damage|p2a: Slowking|84/100|[from] Spikes
|
|-weather|none
|-heal|p1a: Gliscor|78/100 tox|[from] ability: Poison Heal
|upkeep
|turn|28
|
|t:|1760380410
|move|p1a: Gliscor|Earthquake|p2a: Slowking
|-supereffective|p2a: Slowking
|-crit|p2a: Slowking
|-damage|p2a: Slowking|14/100
|move|p2a: Slowking|Ice Beam|p1a: Gliscor
|-supereffective|p1a: Gliscor
|-damage|p1a: Gliscor|0 fnt
|faint|p1a: Gliscor
|
|upkeep
|
|t:|1760380437
|switch|p1a: Clefable|Clefable, M|100/100
|turn|29
|
|t:|1760380441
|switch|p2a: Alomomola|Alomomola, M|100/100 tox
|-damage|p2a: Alomomola|88/100 tox|[from] Spikes
|move|p1a: Clefable|Knock Off|p2a: Alomomola
|-damage|p2a: Alomomola|77/100 tox
|-enditem|p2a: Alomomola|Assault Vest|[from] move: Knock Off|[of] p1a: Clefable
|
|-damage|p2a: Alomomola|71/100 tox|[from] psn
|upkeep
|turn|30
|
|t:|1760380448
|move|p1a: Clefable|Stealth Rock|p2a: Alomomola
|-sidestart|p2: Spyro190 testing|move: Stealth Rock
|move|p2a: Alomomola|Body Slam|p1a: Clefable
|-damage|p1a: Clefable|88/100
|
|-heal|p1a: Clefable|94/100|[from] item: Leftovers
|-damage|p2a: Alomomola|58/100 tox|[from] psn
|upkeep
|turn|31
|
|t:|1760380453
|move|p1a: Clefable|Moonblast|p2a: Alomomola
|-damage|p2a: Alomomola|35/100 tox
|move|p2a: Alomomola|Flip Turn|p1a: Clefable
|-damage|p1a: Clefable|81/100
|
|t:|1760380459
|switch|p2a: Slowking|Slowking-Galar, F|47/100|[from] Flip Turn
|-damage|p2a: Slowking|35/100|[from] Spikes
|-damage|p2a: Slowking|22/100|[from] Stealth Rock
|
|-heal|p1a: Clefable|88/100|[from] item: Leftovers
|upkeep
|turn|32
|
|t:|1760380465
|switch|p2a: Alomomola|Alomomola, M|68/100 tox
|-damage|p2a: Alomomola|56/100 tox|[from] Spikes
|-damage|p2a: Alomomola|43/100 tox|[from] Stealth Rock
|move|p1a: Clefable|Knock Off|p2a: Alomomola
|-damage|p2a: Alomomola|35/100 tox
|
|-heal|p1a: Clefable|94/100|[from] item: Leftovers
|-damage|p2a: Alomomola|29/100 tox|[from] psn
|upkeep
|turn|33
|
|t:|1760380472
|move|p1a: Clefable|Knock Off|p2a: Alomomola
|-damage|p2a: Alomomola|21/100 tox
|move|p2a: Alomomola|Flip Turn|p1a: Clefable
|-damage|p1a: Clefable|80/100
|
|t:|1760380479
|switch|p2a: Lokix|Lokix, M|88/100|[from] Flip Turn
|-damage|p2a: Lokix|76/100|[from] Spikes
|-damage|p2a: Lokix|51/100|[from] Stealth Rock
|
|-heal|p1a: Clefable|86/100|[from] item: Leftovers
|upkeep
|turn|34
|
|t:|1760380482
|-terastallize|p2a: Lokix|Bug
|move|p2a: Lokix|U-turn|p1a: Clefable
|-resisted|p1a: Clefable
|-damage|p1a: Clefable|38/100
|
|t:|1760380490
|switch|p2a: Cinderace|Cinderace, F|100/100|[from] U-turn
|move|p1a: Clefable|Moonblast|p2a: Cinderace
|-resisted|p2a: Cinderace
|-damage|p2a: Cinderace|81/100
|
|-heal|p1a: Clefable|44/100|[from] item: Leftovers
|upkeep
|turn|35
|
|t:|1760380498
|move|p2a: Cinderace|Pyro Ball|p1a: Clefable
|-damage|p1a: Clefable|6/100
|move|p1a: Clefable|Moonlight|p1a: Clefable
|-heal|p1a: Clefable|56/100
|
|-heal|p1a: Clefable|62/100|[from] item: Leftovers
|upkeep
|turn|36
|
|t:|1760380503
|move|p2a: Cinderace|Court Change|p2a: Cinderace
|-swapsideconditions
|-activate|p2a: Cinderace|move: Court Change
|move|p1a: Clefable|Moonlight|p1a: Clefable
|-heal|p1a: Clefable|100/100
|
|upkeep
|turn|37
|
|t:|1760380507
|move|p2a: Cinderace|U-turn|p1a: Clefable
|-resisted|p1a: Clefable
|-damage|p1a: Clefable|93/100
|
|t:|1760380511
|switch|p2a: Slowking|Slowking-Galar, F|55/100|[from] U-turn
|-damage|p2a: Slowking|43/100|[from] Spikes
|move|p1a: Clefable|Stealth Rock|p2a: Slowking
|-sidestart|p2: Spyro190 testing|move: Stealth Rock
|
|-heal|p1a: Clefable|99/100|[from] item: Leftovers
|upkeep
|turn|38
|
|t:|1760380518
|switch|p2a: Alomomola|Alomomola, M|55/100 tox
|-damage|p2a: Alomomola|42/100 tox|[from] Spikes
|-damage|p2a: Alomomola|30/100 tox|[from] Stealth Rock
|move|p1a: Clefable|Knock Off|p2a: Alomomola
|-damage|p2a: Alomomola|22/100 tox
|
|-heal|p1a: Clefable|100/100|[from] item: Leftovers
|-damage|p2a: Alomomola|16/100 tox|[from] psn
|upkeep
|turn|39
|
|t:|1760380526
|switch|p2a: Slowking|Slowking-Galar, F|76/100
|-damage|p2a: Slowking|64/100|[from] Spikes
|-damage|p2a: Slowking|51/100|[from] Stealth Rock
|move|p1a: Clefable|Knock Off|p2a: Slowking
|-supereffective|p2a: Slowking
|-damage|p2a: Slowking|37/100
|
|upkeep
|turn|40
|
|t:|1760380535
|switch|p2a: Cinderace|Cinderace, F|81/100
|move|p1a: Clefable|Moonblast|p2a: Cinderace
|-resisted|p2a: Cinderace
|-damage|p2a: Cinderace|62/100
|
|upkeep
|turn|41
|
|t:|1760380541
|move|p2a: Cinderace|Pyro Ball|p1a: Clefable
|-damage|p1a: Clefable|62/100
|move|p1a: Clefable|Knock Off|p2a: Cinderace
|-damage|p2a: Cinderace|44/100
|-enditem|p2a: Cinderace|Heavy-Duty Boots|[from] move: Knock Off|[of] p1a: Clefable
|
|-heal|p1a: Clefable|69/100|[from] item: Leftovers
|upkeep
|turn|42
|
|t:|1760380545
|move|p2a: Cinderace|Pyro Ball|p1a: Clefable
|-damage|p1a: Clefable|33/100
|move|p1a: Clefable|Moonlight|p1a: Clefable
|-heal|p1a: Clefable|83/100
|
|-heal|p1a: Clefable|90/100|[from] item: Leftovers
|upkeep
|turn|43
|
|t:|1760380550
|switch|p1a: Dondozo|Dondozo, M|100/100
|move|p2a: Cinderace|Pyro Ball|p1a: Dondozo
|-resisted|p1a: Dondozo
|-crit|p1a: Dondozo
|-damage|p1a: Dondozo|84/100
|
|upkeep
|turn|44
|
|t:|1760380553
|move|p2a: Cinderace|Will-O-Wisp|p1a: Dondozo|[miss]
|-miss|p2a: Cinderace|p1a: Dondozo
|move|p1a: Dondozo|Waterfall|p2a: Cinderace
|-supereffective|p2a: Cinderace
|-damage|p2a: Cinderace|0 fnt
|faint|p2a: Cinderace
|
|upkeep
|
|t:|1760380562
|switch|p2a: Great Tusk|Great Tusk|56/100
|-damage|p2a: Great Tusk|44/100|[from] Spikes
|-damage|p2a: Great Tusk|41/100|[from] Stealth Rock
|turn|45
|
|t:|1760380565
|move|p2a: Great Tusk|Knock Off|p1a: Dondozo
|-damage|p1a: Dondozo|72/100
|-enditem|p1a: Dondozo|Heavy-Duty Boots|[from] move: Knock Off|[of] p2a: Great Tusk
|move|p1a: Dondozo|Waterfall|p2a: Great Tusk
|-supereffective|p2a: Great Tusk
|-damage|p2a: Great Tusk|11/100
|
|-heal|p2a: Great Tusk|17/100|[from] item: Leftovers
|upkeep
|turn|46
|
|t:|1760380572
|move|p2a: Great Tusk|Rapid Spin|p1a: Dondozo
|-damage|p1a: Dondozo|65/100
|-boost|p2a: Great Tusk|spe|1
|-sideend|p2: Spyro190 testing|Spikes|[from] move: Rapid Spin|[of] p2a: Great Tusk
|-sideend|p2: Spyro190 testing|Stealth Rock|[from] move: Rapid Spin|[of] p2a: Great Tusk
|move|p1a: Dondozo|Waterfall|p2a: Great Tusk
|-supereffective|p2a: Great Tusk
|-damage|p2a: Great Tusk|0 fnt
|faint|p2a: Great Tusk
|-end|p2a: Great Tusk|Protosynthesis|[silent]
|
|upkeep
|
|t:|1760380579
|switch|p2a: Enamorus|Enamorus, F|100/100
|turn|47
|
|t:|1760380582
|switch|p2a: Lokix|Lokix, M, tera:Bug|51/100
|move|p1a: Dondozo|Rest|p1a: Dondozo
|-status|p1a: Dondozo|slp|[from] move: Rest
|-heal|p1a: Dondozo|100/100 slp|[silent]
|
|upkeep
|turn|48
|
|t:|1760380588
|move|p2a: Lokix|Leech Life|p1a: Dondozo
|-damage|p1a: Dondozo|64/100 slp
|-heal|p2a: Lokix|83/100|[from] drain|[of] p1a: Dondozo
|cant|p1a: Dondozo|slp
|move|p1a: Dondozo|Sleep Talk|p1a: Dondozo
|move|p1a: Dondozo|Curse|p1a: Dondozo|[from] move: Sleep Talk
|-unboost|p1a: Dondozo|spe|1
|-boost|p1a: Dondozo|atk|1
|-boost|p1a: Dondozo|def|1
|
|upkeep
|turn|49
|
|t:|1760380597
|move|p2a: Lokix|Leech Life|p1a: Dondozo
|-damage|p1a: Dondozo|40/100 slp
|-heal|p2a: Lokix|100/100|[from] drain|[of] p1a: Dondozo
|cant|p1a: Dondozo|slp
|move|p1a: Dondozo|Sleep Talk|p1a: Dondozo
|move|p1a: Dondozo|Rest||[from] move: Sleep Talk|[still]
|-fail|p1a: Dondozo
|
|upkeep
|turn|50
|
|t:|1760380607
|switch|p2a: Enamorus|Enamorus, F|100/100
|-curestatus|p1a: Dondozo|slp|[msg]
|move|p1a: Dondozo|Rest|p1a: Dondozo
|-status|p1a: Dondozo|slp|[from] move: Rest
|-heal|p1a: Dondozo|100/100 slp|[silent]
|
|upkeep
|turn|51
|
|t:|1760380613
|move|p2a: Enamorus|Moonblast|p1a: Dondozo
|-damage|p1a: Dondozo|43/100 slp
|cant|p1a: Dondozo|slp
|move|p1a: Dondozo|Sleep Talk|p1a: Dondozo
|move|p1a: Dondozo|Waterfall|p2a: Enamorus|[from] move: Sleep Talk
|-damage|p2a: Enamorus|36/100
|
|upkeep
|turn|52
|
|t:|1760380622
|switch|p2a: Lokix|Lokix, M, tera:Bug|100/100
|cant|p1a: Dondozo|slp
|move|p1a: Dondozo|Sleep Talk|p1a: Dondozo
|move|p1a: Dondozo|Waterfall|p2a: Lokix|[from] move: Sleep Talk
|-damage|p2a: Lokix|40/100
|
|upkeep
|turn|53
|
|t:|1760380629
|move|p2a: Lokix|U-turn|p1a: Dondozo
|-damage|p1a: Dondozo|22/100 slp
|
|t:|1760380634
|switch|p2a: Slowking|Slowking-Galar, F|70/100|[from] U-turn
|-curestatus|p1a: Dondozo|slp|[msg]
|move|p1a: Dondozo|Curse|p1a: Dondozo
|-unboost|p1a: Dondozo|spe|1
|-boost|p1a: Dondozo|atk|1
|-boost|p1a: Dondozo|def|1
|
|upkeep
|turn|54
|
|t:|1760380640
|move|p2a: Slowking|Future Sight|p1a: Dondozo
|-start|p2a: Slowking|move: Future Sight
|move|p1a: Dondozo|Rest|p1a: Dondozo
|-status|p1a: Dondozo|slp|[from] move: Rest
|-heal|p1a: Dondozo|100/100 slp|[silent]
|
|upkeep
|turn|55
|
|t:|1760380649
|move|p2a: Slowking|Sludge Bomb|p1a: Dondozo
|-damage|p1a: Dondozo|69/100 slp
|cant|p1a: Dondozo|slp
|move|p1a: Dondozo|Sleep Talk|p1a: Dondozo
|move|p1a: Dondozo|Waterfall|p2a: Slowking|[from] move: Sleep Talk
|-damage|p2a: Slowking|29/100
|
|upkeep
|turn|56
|
|t:|1760380662
|switch|p1a: Corviknight|Corviknight, F|16/100 brn
|-damage|p1a: Corviknight|3/100 brn|[from] Stealth Rock
|-ability|p1a: Corviknight|Pressure
|-prepare|p2a: Slowking|Chilly Reception|[premajor]
|move|p2a: Slowking|Chilly Reception|p2a: Slowking
|-weather|Snowscape
|
|t:|1760380671
|switch|p2a: Lokix|Lokix, M, tera:Bug|40/100|[from] Chilly Reception
|
|-weather|Snowscape|[upkeep]
|-end|p1a: Corviknight|move: Future Sight
|-resisted|p1a: Corviknight
|-damage|p1a: Corviknight|0 fnt
|faint|p1a: Corviknight
|upkeep
|
|t:|1760380674
|switch|p1a: Clefable|Clefable, M|90/100
|turn|57
|
|t:|1760380685
|move|p2a: Lokix|Leech Life|p1a: Clefable
|-resisted|p1a: Clefable
|-damage|p1a: Clefable|32/100
|-heal|p2a: Lokix|79/100|[from] drain|[of] p1a: Clefable
|move|p1a: Clefable|Knock Off|p2a: Lokix
|-damage|p2a: Lokix|57/100
|-enditem|p2a: Lokix|Choice Band|[from] move: Knock Off|[of] p1a: Clefable
|
|-weather|Snowscape|[upkeep]
|-heal|p1a: Clefable|38/100|[from] item: Leftovers
|upkeep
|turn|58
|
|t:|1760380712
|switch|p1a: Dondozo|Dondozo, M|69/100 slp
|-damage|p1a: Dondozo|57/100 slp|[from] Spikes
|-damage|p1a: Dondozo|44/100 slp|[from] Stealth Rock
|move|p2a: Lokix|Knock Off|p1a: Dondozo
|-damage|p1a: Dondozo|29/100 slp
|
|-weather|Snowscape|[upkeep]
|upkeep
|turn|59
|
|t:|1760380719
|move|p2a: Lokix|U-turn|p1a: Dondozo
|-damage|p1a: Dondozo|8/100 slp
|
|t:|1760380725
|switch|p2a: Slowking|Slowking-Galar, F|63/100|[from] U-turn
|cant|p1a: Dondozo|slp
|move|p1a: Dondozo|Sleep Talk|p1a: Dondozo
|move|p1a: Dondozo|Rest||[from] move: Sleep Talk|[still]
|-fail|p1a: Dondozo
|
|-weather|Snowscape|[upkeep]
|upkeep
|turn|60
|
|t:|1760380735
|-curestatus|p1a: Dondozo|slp|[msg]
|move|p1a: Dondozo|Waterfall|p2a: Slowking
|-damage|p2a: Slowking|43/100
|move|p2a: Slowking|Sludge Bomb|p1a: Dondozo
|-damage|p1a: Dondozo|0 fnt
|faint|p1a: Dondozo
|
|-weather|none
|upkeep
|
|t:|1760380741
|switch|p1a: Clefable|Clefable, M|38/100
|turn|61
|
|t:|1760380744
|-terastallize|p1a: Clefable|Water
|move|p1a: Clefable|Moonlight|p1a: Clefable
|-heal|p1a: Clefable|88/100
|move|p2a: Slowking|Sludge Bomb|p1a: Clefable
|-damage|p1a: Clefable|54/100
|
|-heal|p1a: Clefable|60/100|[from] item: Leftovers
|upkeep
|turn|62
|
|t:|1760380751
|move|p1a: Clefable|Stealth Rock|p2a: Slowking
|-sidestart|p2: Spyro190 testing|move: Stealth Rock
|move|p2a: Slowking|Future Sight|p1a: Clefable
|-start|p2a: Slowking|move: Future Sight
|
|-heal|p1a: Clefable|66/100|[from] item: Leftovers
|upkeep
|turn|63
|
|t:|1760380755
|move|p1a: Clefable|Moonlight|p1a: Clefable
|-heal|p1a: Clefable|100/100
|move|p2a: Slowking|Sludge Bomb|p1a: Clefable
|-damage|p1a: Clefable|67/100
|-status|p1a: Clefable|psn
|
|-heal|p1a: Clefable|73/100 psn|[from] item: Leftovers
|upkeep
|turn|64
|
|t:|1760380760
|switch|p1a: Blissey|Blissey, F|81/100
|-prepare|p2a: Slowking|Chilly Reception|[premajor]
|move|p2a: Slowking|Chilly Reception|p2a: Slowking
|-weather|Snowscape
|
|t:|1760380765
|switch|p2a: Lokix|Lokix, M, tera:Bug|57/100|[from] Chilly Reception
|-damage|p2a: Lokix|33/100|[from] Stealth Rock
|
|-weather|Snowscape|[upkeep]
|-end|p1a: Blissey|move: Future Sight
|-damage|p1a: Blissey|68/100
|upkeep
|turn|65
|
|t:|1760380786
|move|p2a: Lokix|Leech Life|p1a: Blissey
|-damage|p1a: Blissey|18/100
|-heal|p2a: Lokix|89/100|[from] drain|[of] p1a: Blissey
|move|p1a: Blissey|Seismic Toss|p2a: Lokix
|-damage|p2a: Lokix|55/100
|
|-weather|Snowscape|[upkeep]
|upkeep
|turn|66
|
|t:|1760380793
|move|p2a: Lokix|Leech Life|p1a: Blissey
|-damage|p1a: Blissey|0 fnt
|-heal|p2a: Lokix|74/100|[from] drain|[of] p1a: Blissey
|faint|p1a: Blissey
|
|-weather|Snowscape|[upkeep]
|upkeep
|
|t:|1760380798
|switch|p1a: Clefable|Clefable, M, tera:Water|73/100 psn
|turn|67
|
|t:|1760380805
|move|p2a: Lokix|Knock Off|p1a: Clefable
|-damage|p1a: Clefable|38/100 psn
|-enditem|p1a: Clefable|Leftovers|[from] move: Knock Off|[of] p2a: Lokix
|move|p1a: Clefable|Moonlight|p1a: Clefable
|-heal|p1a: Clefable|63/100 psn
|
|-weather|Snowscape|[upkeep]
|upkeep
|turn|68
|
|t:|1760380811
|move|p2a: Lokix|Leech Life|p1a: Clefable
|-damage|p1a: Clefable|25/100 psn
|-heal|p2a: Lokix|99/100|[from] drain|[of] p1a: Clefable
|move|p1a: Clefable|Moonlight|p1a: Clefable
|-heal|p1a: Clefable|50/100 psn
|
|-weather|none
|upkeep
|turn|69
|
|t:|1760380817
|move|p2a: Lokix|Leech Life|p1a: Clefable
|-crit|p1a: Clefable
|-damage|p1a: Clefable|0 fnt
|-heal|p2a: Lokix|100/100|[from] drain|[of] p1a: Clefable
|faint|p1a: Clefable
|
|upkeep
|
|t:|1760380820
|switch|p1a: Clodsire|Clodsire, F|100/100
|turn|70
|
|t:|1760380825
|move|p2a: Lokix|Knock Off|p1a: Clodsire
|-damage|p1a: Clodsire|52/100
|-enditem|p1a: Clodsire|Heavy-Duty Boots|[from] move: Knock Off|[of] p2a: Lokix
|move|p1a: Clodsire|Poison Sting|p2a: Lokix
|-damage|p2a: Lokix|94/100
|-status|p2a: Lokix|psn
|
|-damage|p2a: Lokix|82/100 psn|[from] psn
|upkeep
|turn|71
|
|t:|1760380831
|move|p2a: Lokix|Leech Life|p1a: Clodsire
|-resisted|p1a: Clodsire
|-damage|p1a: Clodsire|0 fnt
|-heal|p2a: Lokix|100/100 psn|[from] drain|[of] p1a: Clodsire
|faint|p1a: Clodsire
|
|win|Spyro190 testing
|raw|stallincorporated's rating: 1530 &rarr; <strong>1513</strong><br />(-17 for losing)
|raw|Spyro190 testing's rating: 1581 &rarr; <strong>1598</strong><br />(+17 for winning)
