|j|☆Typrim
|j|☆LonelySxNner
|t:|1760407820
|gametype|singles
|player|p1|Typrim|hilbert|1478
|player|p2|LonelySxNner|picnicker|1469
|gen|9
|tier|[Gen 9] OU
|rated|
|rule|HP Percentage Mod: HP is shown in percentages
|rule|Endless Battle Clause: Forcing endless battles is banned
|rule|Species Clause: Limit one of each Pokémon
|rule|OHKO Clause: OHKO moves are banned
|rule|Evasion Items Clause: Evasion items are banned
|rule|Evasion Moves Clause: Evasion moves are banned
|rule|Evasion Abilities Clause: Evasion abilities are banned
|rule|Sleep Moves Clause: Sleep-inducing moves are banned
|clearpoke
|poke|p1|Empoleon, F|
|poke|p1|Garchomp, F|
|poke|p1|Scizor, F|
|poke|p1|Zapdos|
|poke|p1|Ceruledge, F|
|poke|p1|Hatterene, F|
|poke|p2|Meloetta|
|poke|p2|Volcanion|
|poke|p2|Ceruledge, F|
|poke|p2|Grimmsnarl, M|
|poke|p2|Zoroark-Hisui, F|
|poke|p2|Slither Wing|
|teampreview
|inactive|Battle timer is ON: inactive players will automatically lose when time's up. (requested by Typrim)
|inactive|LonelySxNner has 120 seconds left.
|inactive|LonelySxNner has 90 seconds left.
|inactive|LonelySxNner has 60 seconds left.
|
|t:|1760407935
|teamsize|p1|6
|teamsize|p2|6
|start
|switch|p1a: Zapdos|Zapdos|100/100
|switch|p2a: Volcanion|Volcanion|100/100
|turn|1
|
|t:|1760407951
|move|p2a: Volcanion|Hyper Voice|p1a: Zapdos
|-damage|p1a: Zapdos|50/100
|move|p1a: Zapdos|Thunder Wave|p2a: Volcanion
|-status|p2a: Volcanion|par
|
|upkeep
|turn|2
|
|t:|1760407959
|move|p2a: Volcanion|Hyper Voice|p1a: Zapdos
|-damage|p1a: Zapdos|3/100
|move|p1a: Zapdos|Roost|p1a: Zapdos
|-heal|p1a: Zapdos|53/100
|-singleturn|p1a: Zapdos|move: Roost
|
|upkeep
|turn|3
|l|☆LonelySxNner
|inactive|LonelySxNner disconnected and has a minute to reconnect!
|player|p2|
|j|☆LonelySxNner
|inactive|LonelySxNner reconnected and has 105 seconds left.
|player|p2|LonelySxNner|picnicker|
|
|t:|1760407979
|switch|p1a: Ceruledge|Ceruledge, F|100/100
|move|p2a: Volcanion|Hyper Voice|p1a: Ceruledge
|-immune|p1a: Ceruledge
|
|upkeep
|turn|4
|
|t:|1760407987
|switch|p2a: Grimmsnarl|Grimmsnarl, M|100/100
|move|p1a: Ceruledge|Swords Dance|p1a: Ceruledge
|-boost|p1a: Ceruledge|atk|2
|
|upkeep
|turn|5
|
|t:|1760407999
|move|p2a: Grimmsnarl|Reflect|p2a: Grimmsnarl
|-sidestart|p2: LonelySxNner|Reflect
|move|p1a: Ceruledge|Close Combat|p2a: Grimmsnarl
|-damage|p2a: Grimmsnarl|58/100
|-unboost|p1a: Ceruledge|def|1
|-unboost|p1a: Ceruledge|spd|1
|
|upkeep
|turn|6
|
|t:|1760408003
|move|p2a: Grimmsnarl|Parting Shot|p1a: Ceruledge
|-unboost|p1a: Ceruledge|atk|1
|-unboost|p1a: Ceruledge|spa|1
|
|t:|1760408005
|switch|p2a: Volcanion|Volcanion|100/100|[from] Parting Shot
|move|p1a: Ceruledge|Close Combat|p2a: Volcanion
|-damage|p2a: Volcanion|74/100
|-unboost|p1a: Ceruledge|def|1
|-unboost|p1a: Ceruledge|spd|1
|
|-heal|p2a: Volcanion|80/100|[from] item: Leftovers
|upkeep
|turn|7
|
|t:|1760408016
|move|p1a: Ceruledge|Swords Dance|p1a: Ceruledge
|-boost|p1a: Ceruledge|atk|2
|move|p2a: Volcanion|Steam Eruption|p1a: Ceruledge
|-supereffective|p1a: Ceruledge
|-enditem|p1a: Ceruledge|Focus Sash
|-damage|p1a: Ceruledge|1/100
|
|-heal|p2a: Volcanion|86/100|[from] item: Leftovers
|upkeep
|turn|8
|
|t:|1760408022
|move|p1a: Ceruledge|Close Combat|p2a: Volcanion
|-damage|p2a: Volcanion|39/100
|-unboost|p1a: Ceruledge|def|1
|-unboost|p1a: Ceruledge|spd|1
|move|p2a: Volcanion|Steam Eruption|p1a: Ceruledge|[miss]
|-miss|p2a: Volcanion|p1a: Ceruledge
|
|-heal|p2a: Volcanion|46/100|[from] item: Leftovers
|upkeep
|turn|9
|
|t:|1760408025
|move|p1a: Ceruledge|Close Combat|p2a: Volcanion
|-damage|p2a: Volcanion|4/100
|-unboost|p1a: Ceruledge|def|1
|-unboost|p1a: Ceruledge|spd|1
|move|p2a: Volcanion|Sludge Wave|p1a: Ceruledge
|-resisted|p1a: Ceruledge
|-damage|p1a: Ceruledge|0 fnt
|faint|p1a: Ceruledge
|
|-heal|p2a: Volcanion|10/100|[from] item: Leftovers
|upkeep
|
|t:|1760408041
|switch|p1a: Zapdos|Zapdos|53/100
|turn|10
|
|t:|1760408057
|move|p1a: Zapdos|Volt Switch|p2a: Volcanion
|-supereffective|p2a: Volcanion
|-damage|p2a: Volcanion|0 fnt
|faint|p2a: Volcanion
|
|t:|1760408064
|switch|p1a: Scizor|Scizor, F|100/100|[from] Volt Switch
|
|upkeep
|
|t:|1760408078
|switch|p2a: Ceruledge|Ceruledge, F|100/100
|turn|11
|
|t:|1760408085
|move|p2a: Ceruledge|Iron Defense|p2a: Ceruledge
|-boost|p2a: Ceruledge|def|2
|move|p1a: Scizor|Knock Off|p2a: Ceruledge
|-supereffective|p2a: Ceruledge
|-damage|p2a: Ceruledge|59/100
|-ability|p2a: Ceruledge|Weak Armor|boost
|-unboost|p2a: Ceruledge|def|1
|-boost|p2a: Ceruledge|spe|2
|-enditem|p2a: Ceruledge|Weakness Policy
|-boost|p2a: Ceruledge|atk|2|[from] item: Weakness Policy
|-boost|p2a: Ceruledge|spa|2|[from] item: Weakness Policy
|
|upkeep
|turn|12
|
|t:|1760408093
|move|p2a: Ceruledge|Swords Dance|p2a: Ceruledge
|-boost|p2a: Ceruledge|atk|2
|move|p1a: Scizor|Knock Off|p2a: Ceruledge
|-supereffective|p2a: Ceruledge
|-damage|p2a: Ceruledge|25/100
|-ability|p2a: Ceruledge|Weak Armor|boost
|-unboost|p2a: Ceruledge|def|1
|-boost|p2a: Ceruledge|spe|2
|
|-sideend|p2: LonelySxNner|Reflect
|upkeep
|turn|13
|
|t:|1760408099
|switch|p1a: Zapdos|Zapdos|53/100
|move|p2a: Ceruledge|Bitter Blade|p1a: Zapdos
|-damage|p1a: Zapdos|0 fnt
|-heal|p2a: Ceruledge|60/100|[from] drain|[of] p1a: Zapdos
|-damage|p2a: Ceruledge|43/100|[from] item: Rocky Helmet|[of] p1a: Zapdos
|faint|p1a: Zapdos
|
|upkeep
|
|t:|1760408103
|switch|p1a: Scizor|Scizor, F|100/100
|turn|14
|
|t:|1760408106
|-terastallize|p1a: Scizor|Steel
|move|p1a: Scizor|Bullet Punch|p2a: Ceruledge
|-resisted|p2a: Ceruledge
|-damage|p2a: Ceruledge|0 fnt
|faint|p2a: Ceruledge
|
|upkeep
|
|t:|1760408112
|switch|p2a: Slither Wing|Slither Wing|100/100
|-enditem|p2a: Slither Wing|Booster Energy
|-activate|p2a: Slither Wing|ability: Protosynthesis|[fromitem]
|-start|p2a: Slither Wing|protosynthesisatk
|turn|15
|
|t:|1760408121
|switch|p1a: Hatterene|Hatterene, F|100/100
|move|p2a: Slither Wing|Bulk Up|p2a: Slither Wing
|-boost|p2a: Slither Wing|atk|1
|-boost|p2a: Slither Wing|def|1
|
|upkeep
|turn|16
|
|t:|1760408131
|-terastallize|p2a: Slither Wing|Fire
|move|p2a: Slither Wing|Acrobatics|p1a: Hatterene
|-damage|p1a: Hatterene|18/100
|move|p1a: Hatterene|Psychic|p2a: Slither Wing
|-damage|p2a: Slither Wing|50/100
|
|-heal|p1a: Hatterene|24/100|[from] item: Leftovers
|upkeep
|turn|17
|
|t:|1760408137
|move|p2a: Slither Wing|Flame Charge|p1a: Hatterene
|-damage|p1a: Hatterene|0 fnt
|-boost|p2a: Slither Wing|spe|1
|faint|p1a: Hatterene
|
|upkeep
|
|t:|1760408142
|switch|p1a: Garchomp|Garchomp, F|100/100
|turn|18
|
|t:|1760408145
|move|p2a: Slither Wing|Leech Life|p1a: Garchomp
|-damage|p1a: Garchomp|27/100
|-heal|p2a: Slither Wing|92/100|[from] drain|[of] p1a: Garchomp
|-damage|p2a: Slither Wing|80/100|[from] ability: Rough Skin|[of] p1a: Garchomp
|move|p1a: Garchomp|Earthquake|p2a: Slither Wing
|-supereffective|p2a: Slither Wing
|-damage|p2a: Slither Wing|0 fnt
|faint|p2a: Slither Wing
|-end|p2a: Slither Wing|Protosynthesis|[silent]
|
|upkeep
|
|t:|1760408155
|switch|p2a: Best girl|Meloetta, shiny|100/100
|turn|19
|
|t:|1760408164
|move|p2a: Best girl|Relic Song|p1a: Garchomp
|-damage|p1a: Garchomp|0 fnt
|faint|p1a: Garchomp
|-formechange|p2a: Best girl|Meloetta-Pirouette|[msg]
|-enditem|p2a: Best girl|Throat Spray
|-boost|p2a: Best girl|spa|1|[from] item: Throat Spray
|
|upkeep
|
|t:|1760408172
|switch|p1a: Scizor|Scizor, F, tera:Steel|100/100
|turn|20
|
|t:|1760408175
|move|p1a: Scizor|Bullet Punch|p2a: Best girl
|-damage|p2a: Best girl|20/100
|move|p2a: Best girl|Close Combat|p1a: Scizor
|-supereffective|p1a: Scizor
|-damage|p1a: Scizor|9/100
|-unboost|p2a: Best girl|def|1
|-unboost|p2a: Best girl|spd|1
|
|upkeep
|turn|21
|
|t:|1760408184
|move|p1a: Scizor|Bullet Punch|p2a: Best girl
|-damage|p2a: Best girl|0 fnt
|faint|p2a: Best girl
|
|upkeep
|
|t:|1760408189
|switch|p2a: Grimmsnarl|Grimmsnarl, M|100/100 par
|turn|22
|
|t:|1760408192
|move|p1a: Scizor|Bullet Punch|p2a: Grimmsnarl
|-damage|p2a: Grimmsnarl|0 fnt
|replace|p2a: Zoroark|Zoroark-Hisui, F
|-end|p2a: Zoroark|Illusion
|faint|p2a: Zoroark
|
|upkeep
|-message|LonelySxNner forfeited.
|
|win|Typrim
|raw|Typrim's rating: 1478 &rarr; <strong>1497</strong><br />(+19 for winning)
|raw|LonelySxNner's rating: 1469 &rarr; <strong>1450</strong><br />(-19 for losing)
|l|☆LonelySxNner
|player|p2|
|l|☆Typrim
|player|p1|
