|j|☆sgCURRY3
|j|‽secondstory
|t:|1760336045
|gametype|singles
|player|p1|sgCURRY3|cynthia|1224
|player|p2|secondstory|bruno|1225
|gen|9
|tier|[Gen 9] OU
|rated|
|rule|HP Percentage Mod: HP is shown in percentages
|rule|Endless Battle Clause: Forcing endless battles is banned
|rule|Species Clause: Limit one of each Pokémon
|rule|OHKO Clause: OHKO moves are banned
|rule|Evasion Items Clause: Evasion items are banned
|rule|Evasion Moves Clause: Evasion moves are banned
|rule|Evasion Abilities Clause: Evasion abilities are banned
|rule|Sleep Moves Clause: Sleep-inducing moves are banned
|clearpoke
|poke|p1|Greninja-*, M|
|poke|p1|Glimmora, M|
|poke|p1|Gholdengo|
|poke|p1|Great Tusk|
|poke|p1|Dragonite, M|
|poke|p1|Dragapult, M|
|poke|p2|Rhyperior, M|
|poke|p2|Slowking-Galar, F|
|poke|p2|Ogerpon-Wellspring, F|
|poke|p2|Gliscor, M|
|poke|p2|Weezing-Galar, M|
|poke|p2|Iron Hands|
|teampreview
|inactive|Battle timer is ON: inactive players will automatically lose when time's up. (requested by sgCURRY3)
|
|t:|1760336070
|teamsize|p1|6
|teamsize|p2|6
|start
|switch|p1a: Glimmora|Glimmora, M|100/100
|switch|p2a: Slowking|Slowking-Galar, F|100/100
|turn|1
|
|t:|1760336090
|move|p1a: Glimmora|Earth Power|p2a: Slowking
|-supereffective|p2a: Slowking
|-damage|p2a: Slowking|65/100
|move|p2a: Slowking|Psychic Noise|p1a: Glimmora
|-supereffective|p1a: Glimmora
|-damage|p1a: Glimmora|28/100
|-start|p1a: Glimmora|move: Heal Block
|
|-heal|p2a: Slowking|71/100|[from] item: Black Sludge
|upkeep
|turn|2
|
|t:|1760336116
|move|p1a: Glimmora|Stealth Rock|p2a: Slowking
|-sidestart|p2: secondstory|move: Stealth Rock
|move|p2a: Slowking|Trick Room|p2a: Slowking
|-fieldstart|move: Trick Room|[of] p2a: Slowking
|
|-heal|p2a: Slowking|77/100|[from] item: Black Sludge
|-end|p1a: Glimmora|move: Heal Block
|upkeep
|turn|3
|
|t:|1760336128
|switch|p1a: Dragapult|Dragapult, M, shiny|100/100
|move|p2a: Slowking|Ice Beam|p1a: Dragapult
|-supereffective|p1a: Dragapult
|-damage|p1a: Dragapult|44/100
|
|-heal|p2a: Slowking|83/100|[from] item: Black Sludge
|upkeep
|turn|4
|
|t:|1760336135
|switch|p1a: Gholdengo|Gholdengo|100/100
|-item|p1a: Gholdengo|Air Balloon
|-prepare|p2a: Slowking|Chilly Reception|[premajor]
|move|p2a: Slowking|Chilly Reception|p2a: Slowking
|-weather|Snowscape
|inactive|secondstory has 120 seconds left.
|
|t:|1760336156
|switch|p2a: Iron Hands|Iron Hands|100/100|[from] Chilly Reception
|-damage|p2a: Iron Hands|94/100|[from] Stealth Rock
|-enditem|p2a: Iron Hands|Booster Energy
|-activate|p2a: Iron Hands|ability: Quark Drive|[fromitem]
|-start|p2a: Iron Hands|quarkdriveatk
|
|-weather|Snowscape|[upkeep]
|upkeep
|turn|5
|
|t:|1760336171
|switch|p1a: Great Tusk|Great Tusk|100/100
|move|p2a: Iron Hands|Swords Dance|p2a: Iron Hands
|-boost|p2a: Iron Hands|atk|2
|
|-weather|Snowscape|[upkeep]
|upkeep
|turn|6
|
|t:|1760336179
|move|p2a: Iron Hands|Ice Punch|p1a: Great Tusk
|-supereffective|p1a: Great Tusk
|-damage|p1a: Great Tusk|0 fnt
|faint|p1a: Great Tusk
|-end|p1a: Great Tusk|Protosynthesis|[silent]
|
|-weather|Snowscape|[upkeep]
|-fieldend|move: Trick Room
|upkeep
|
|t:|1760336203
|switch|p1a: Glimmora|Glimmora, M|28/100
|turn|7
|
|t:|1760336214
|-terastallize|p2a: Iron Hands|Ghost
|move|p1a: Glimmora|Earth Power|p2a: Iron Hands
|-damage|p2a: Iron Hands|64/100
|move|p2a: Iron Hands|Ice Punch|p1a: Glimmora
|-damage|p1a: Glimmora|0 fnt
|-activate|p1a: Glimmora|ability: Toxic Debris
|-sidestart|p2: secondstory|move: Toxic Spikes
|faint|p1a: Glimmora
|
|-weather|Snowscape|[upkeep]
|upkeep
|
|t:|1760336222
|switch|p1a: Greninja|Greninja, M|100/100
|turn|8
|
|t:|1760336234
|move|p1a: Greninja|Dark Pulse|p2a: Iron Hands
|-supereffective|p2a: Iron Hands
|-damage|p2a: Iron Hands|0 fnt
|faint|p2a: Iron Hands
|-end|p2a: Iron Hands|Quark Drive|[silent]
|-ability|p1a: Greninja|Battle Bond|boost
|-boost|p1a: Greninja|atk|1
|-boost|p1a: Greninja|spa|1
|-boost|p1a: Greninja|spe|1
|-activate|p1a: Greninja|ability: Battle Bond
|-damage|p1a: Greninja|91/100|[from] item: Life Orb
|
|-weather|none
|upkeep
|
|t:|1760336237
|switch|p2a: Weezing|Weezing-Galar, M|100/100
|-damage|p2a: Weezing|88/100|[from] Stealth Rock
|turn|9
|
|t:|1760336243
|-terastallize|p1a: Greninja|Water
|move|p2a: Weezing|Protect|p2a: Weezing
|-singleturn|p2a: Weezing|Protect
|move|p1a: Greninja|Hydro Pump|p2a: Weezing
|-activate|p2a: Weezing|move: Protect
|
|-heal|p2a: Weezing|94/100|[from] item: Black Sludge
|upkeep
|turn|10
|
|t:|1760336250
|move|p1a: Greninja|Hydro Pump|p2a: Weezing|[miss]
|-miss|p1a: Greninja|p2a: Weezing
|move|p2a: Weezing|Toxic|p1a: Greninja
|-status|p1a: Greninja|tox
|
|-heal|p2a: Weezing|99/100|[from] item: Black Sludge
|-damage|p1a: Greninja|85/100 tox|[from] psn
|upkeep
|turn|11
|
|t:|1760336256
|move|p2a: Weezing|Protect|p2a: Weezing
|-singleturn|p2a: Weezing|Protect
|move|p1a: Greninja|Hydro Pump|p2a: Weezing
|-activate|p2a: Weezing|move: Protect
|
|-heal|p2a: Weezing|100/100|[from] item: Black Sludge
|-damage|p1a: Greninja|73/100 tox|[from] psn
|upkeep
|turn|12
|
|t:|1760336259
|switch|p2a: Ogerpon|Ogerpon-Wellspring, F|100/100
|-damage|p2a: Ogerpon|88/100|[from] Stealth Rock
|-status|p2a: Ogerpon|psn
|move|p1a: Greninja|Hydro Pump|p2a: Ogerpon
|-heal|p2a: Ogerpon|100/100 psn|[from] ability: Water Absorb|[of] p1a: Greninja
|
|-damage|p1a: Greninja|55/100 tox|[from] psn
|-damage|p2a: Ogerpon|88/100 psn|[from] psn
|upkeep
|turn|13
|
|t:|1760336266
|move|p1a: Greninja|Ice Beam|p2a: Ogerpon
|-damage|p2a: Ogerpon|37/100 psn
|-damage|p1a: Greninja|45/100 tox|[from] item: Life Orb
|move|p2a: Ogerpon|Horn Leech|p1a: Greninja
|-supereffective|p1a: Greninja
|-damage|p1a: Greninja|0 fnt
|-heal|p2a: Ogerpon|55/100 psn|[from] drain|[of] p1a: Greninja
|faint|p1a: Greninja
|
|-damage|p2a: Ogerpon|42/100 psn|[from] psn
|upkeep
|
|t:|1760336273
|switch|p1a: Dragonite|Dragonite, M|100/100
|turn|14
|
|t:|1760336286
|switch|p2a: Rhyperior|Rhyperior, M|100/100
|-damage|p2a: Rhyperior|94/100|[from] Stealth Rock
|-status|p2a: Rhyperior|psn
|move|p1a: Dragonite|Dragon Dance|p1a: Dragonite
|-boost|p1a: Dragonite|atk|1
|-boost|p1a: Dragonite|spe|1
|
|-damage|p2a: Rhyperior|82/100 psn|[from] psn
|upkeep
|turn|15
|
|t:|1760336299
|move|p1a: Dragonite|Earthquake|p2a: Rhyperior
|-supereffective|p2a: Rhyperior
|-damage|p2a: Rhyperior|29/100 psn
|move|p2a: Rhyperior|Rock Wrecker|p1a: Dragonite
|-supereffective|p1a: Dragonite
|-damage|p1a: Dragonite|0 fnt
|-mustrecharge|p2a: Rhyperior
|faint|p1a: Dragonite
|
|-damage|p2a: Rhyperior|17/100 psn|[from] psn
|upkeep
|
|t:|1760336314
|switch|p1a: Dragapult|Dragapult, M, shiny|44/100
|turn|16
|
|t:|1760336317
|move|p1a: Dragapult|Shadow Ball|p2a: Rhyperior
|-damage|p2a: Rhyperior|0 fnt
|faint|p2a: Rhyperior
|
|upkeep
|inactive|secondstory has 120 seconds left.
|
|t:|1760336350
|switch|p2a: Gliscor|Gliscor, M|100/100
|-damage|p2a: Gliscor|88/100|[from] Stealth Rock
|turn|17
|
|t:|1760336356
|switch|p1a: Gholdengo|Gholdengo|100/100
|-item|p1a: Gholdengo|Air Balloon
|move|p2a: Gliscor|Protect||[still]
|-fail|p2a: Gliscor
|
|-status|p2a: Gliscor|tox|[from] item: Toxic Orb
|upkeep
|turn|18
|
|t:|1760336372
|switch|p2a: Ogerpon|Ogerpon-Wellspring, F|42/100 psn
|-damage|p2a: Ogerpon|30/100 psn|[from] Stealth Rock
|move|p1a: Gholdengo|Hex|p2a: Ogerpon
|-damage|p2a: Ogerpon|0 fnt
|faint|p2a: Ogerpon
|
|upkeep
|
|t:|1760336379
|switch|p2a: Slowking|Slowking-Galar, F|83/100
|-damage|p2a: Slowking|71/100|[from] Stealth Rock
|-sideend|p2: secondstory|move: Toxic Spikes|[of] p2a: Slowking
|turn|19
|
|t:|1760336385
|move|p1a: Gholdengo|Thunder Wave|p2a: Slowking
|-status|p2a: Slowking|par
|move|p2a: Slowking|Trick Room|p2a: Slowking
|-fieldstart|move: Trick Room|[of] p2a: Slowking
|
|-heal|p2a: Slowking|77/100 par|[from] item: Black Sludge
|upkeep
|turn|20
|
|t:|1760336393
|move|p2a: Slowking|Psychic Noise|p1a: Gholdengo
|-resisted|p1a: Gholdengo
|-damage|p1a: Gholdengo|84/100
|-start|p1a: Gholdengo|move: Heal Block
|-enditem|p1a: Gholdengo|Air Balloon
|move|p1a: Gholdengo|Hex|p2a: Slowking
|-supereffective|p2a: Slowking
|-damage|p2a: Slowking|0 fnt
|faint|p2a: Slowking
|
|upkeep
|
|t:|1760336400
|switch|p2a: Gliscor|Gliscor, M|88/100 tox
|-damage|p2a: Gliscor|76/100 tox|[from] Stealth Rock
|turn|21
|
|t:|1760336406
|switch|p1a: Dragapult|Dragapult, M, shiny|44/100
|move|p2a: Gliscor|Swords Dance|p2a: Gliscor
|-boost|p2a: Gliscor|atk|2
|
|-heal|p2a: Gliscor|88/100 tox|[from] ability: Poison Heal
|upkeep
|turn|22
|
|t:|1760336411
|move|p2a: Gliscor|Earthquake|p1a: Dragapult
|-damage|p1a: Dragapult|0 fnt
|faint|p1a: Dragapult
|
|-heal|p2a: Gliscor|100/100 tox|[from] ability: Poison Heal
|upkeep
|
|t:|1760336413
|switch|p1a: Gholdengo|Gholdengo|84/100
|turn|23
|
|t:|1760336417
|move|p2a: Gliscor|Earthquake|p1a: Gholdengo
|-supereffective|p1a: Gholdengo
|-damage|p1a: Gholdengo|0 fnt
|faint|p1a: Gholdengo
|
|win|secondstory
|raw|sgCURRY3's rating: 1224 &rarr; <strong>1199</strong><br />(-25 for losing)
|raw|secondstory's rating: 1225 &rarr; <strong>1250</strong><br />(+25 for winning)
|l|‽secondstory
|player|p2|
|l|☆sgCURRY3
|player|p1|
