|j|☆delete tera
|j|☆jietouxiaoyu
|t:|1760440156
|gametype|singles
|player|p1|delete tera|265|1331
|player|p2|jietouxiaoyu|170|1341
|gen|9
|tier|[Gen 9] OU
|rated|
|rule|HP Percentage Mod: HP is shown in percentages
|rule|Endless Battle Clause: Forcing endless battles is banned
|rule|Species Clause: Limit one of each Pokémon
|rule|OHKO Clause: OHKO moves are banned
|rule|Evasion Items Clause: Evasion items are banned
|rule|Evasion Moves Clause: Evasion moves are banned
|rule|Evasion Abilities Clause: Evasion abilities are banned
|rule|Sleep Moves Clause: Sleep-inducing moves are banned
|clearpoke
|poke|p1|Garchomp, M|
|poke|p1|Zamazenta-*|
|poke|p1|Iron Hands|
|poke|p1|Dragonite, M|
|poke|p1|Iron Valiant|
|poke|p1|Salazzle, F|
|poke|p2|Dragonite, M|
|poke|p2|Gholdengo|
|poke|p2|Great Tusk|
|poke|p2|Kingambit, F|
|poke|p2|Zamazenta-*|
|poke|p2|Blissey, F|
|teampreview
|
|t:|1760440158
|teamsize|p1|6
|teamsize|p2|6
|start
|switch|p1a: Iron Hands|Iron Hands|100/100
|switch|p2a: Gholdengo|Gholdengo|100/100
|-item|p2a: Gholdengo|Air Balloon
|-enditem|p1a: Iron Hands|Booster Energy
|-activate|p1a: Iron Hands|ability: Quark Drive|[fromitem]
|-start|p1a: Iron Hands|quarkdriveatk
|turn|1
|inactive|Battle timer is ON: inactive players will automatically lose when time's up. (requested by jietouxiaoyu)
|
|t:|1760440170
|move|p2a: Gholdengo|Make It Rain|p1a: Iron Hands
|-resisted|p1a: Iron Hands
|-damage|p1a: Iron Hands|75/100
|-unboost|p2a: Gholdengo|spa|1
|move|p1a: Iron Hands|Thunder Punch|p2a: Gholdengo
|-damage|p2a: Gholdengo|62/100
|-enditem|p2a: Gholdengo|Air Balloon
|
|upkeep
|turn|2
|
|t:|1760440181
|move|p2a: Gholdengo|Nasty Plot|p2a: Gholdengo
|-boost|p2a: Gholdengo|spa|2
|move|p1a: Iron Hands|Swords Dance|p1a: Iron Hands
|-boost|p1a: Iron Hands|atk|2
|
|upkeep
|turn|3
|
|t:|1760440188
|move|p2a: Gholdengo|Shadow Ball|p1a: Iron Hands
|-damage|p1a: Iron Hands|23/100
|-unboost|p1a: Iron Hands|spd|1
|move|p1a: Iron Hands|Thunder Punch|p2a: Gholdengo
|-damage|p2a: Gholdengo|0 fnt
|faint|p2a: Gholdengo
|
|upkeep
|
|t:|1760440202
|switch|p2a: Zamazenta|Zamazenta, shiny|100/100
|-ability|p2a: Zamazenta|Dauntless Shield|boost
|-boost|p2a: Zamazenta|def|1
|turn|4
|
|t:|1760440207
|move|p2a: Zamazenta|Body Press|p1a: Iron Hands
|-damage|p1a: Iron Hands|0 fnt
|faint|p1a: Iron Hands
|-end|p1a: Iron Hands|Quark Drive|[silent]
|
|upkeep
|
|t:|1760440219
|switch|p1a: Salazzle|Salazzle, F, shiny|100/100
|turn|5
|
|t:|1760440224
|switch|p2a: Blissey|Blissey, F, shiny|100/100
|move|p1a: Salazzle|Fake Out|p2a: Blissey
|-damage|p2a: Blissey|95/100
|
|upkeep
|turn|6
|
|t:|1760440232
|move|p1a: Salazzle|Toxic|p2a: Blissey
|-status|p2a: Blissey|tox
|move|p2a: Blissey|Stealth Rock|p1a: Salazzle
|-sidestart|p1: delete tera|move: Stealth Rock
|
|-damage|p2a: Blissey|89/100 tox|[from] psn
|upkeep
|turn|7
|
|t:|1760440256
|move|p1a: Salazzle|Sludge Wave|p2a: Blissey
|-crit|p2a: Blissey
|-damage|p2a: Blissey|63/100 tox
|move|p2a: Blissey|Seismic Toss|p1a: Salazzle
|-damage|p1a: Salazzle|64/100
|
|-damage|p2a: Blissey|51/100 tox|[from] psn
|upkeep
|turn|8
|
|t:|1760440263
|move|p1a: Salazzle|Sludge Wave|p2a: Blissey
|-damage|p2a: Blissey|33/100 tox
|move|p2a: Blissey|Seismic Toss|p1a: Salazzle
|-damage|p1a: Salazzle|28/100
|
|-damage|p2a: Blissey|14/100 tox|[from] psn
|upkeep
|turn|9
|
|t:|1760440271
|move|p1a: Salazzle|Sludge Wave|p2a: Blissey
|-damage|p2a: Blissey|0 fnt
|faint|p2a: Blissey
|
|upkeep
|
|t:|1760440278
|switch|p2a: Zamazenta|Zamazenta, shiny|100/100
|turn|10
|
|t:|1760440282
|move|p2a: Zamazenta|Body Press|p1a: Salazzle
|-resisted|p1a: Salazzle
|-damage|p1a: Salazzle|0 fnt
|faint|p1a: Salazzle
|
|upkeep
|
|t:|1760440291
|switch|p1a: Dragonite|Dragonite, M|100/100
|turn|11
|
|t:|1760440295
|move|p2a: Zamazenta|Iron Defense|p2a: Zamazenta
|-boost|p2a: Zamazenta|def|2
|move|p1a: Dragonite|Dragon Tail|p2a: Zamazenta
|-damage|p2a: Zamazenta|88/100
|drag|p2a: Great Tusk|Great Tusk, shiny|100/100
|
|upkeep
|turn|12
|
|t:|1760440304
|move|p2a: Great Tusk|Knock Off|p1a: Dragonite
|-damage|p1a: Dragonite|85/100
|-enditem|p1a: Dragonite|Heavy-Duty Boots|[from] move: Knock Off|[of] p2a: Great Tusk
|move|p1a: Dragonite|Dragon Tail|p2a: Great Tusk
|-damage|p2a: Great Tusk|75/100
|-damage|p1a: Dragonite|69/100|[from] item: Rocky Helmet|[of] p2a: Great Tusk
|-end|p2a: Great Tusk|Protosynthesis|[silent]
|drag|p2a: Dragonite|Dragonite, M, shiny|100/100
|
|upkeep
|turn|13
|
|t:|1760440315
|move|p2a: Dragonite|Ice Spinner|p1a: Dragonite
|-supereffective|p1a: Dragonite
|-damage|p1a: Dragonite|0 fnt
|faint|p1a: Dragonite
|
|upkeep
|
|t:|1760440320
|switch|p1a: Iron Valiant|Iron Valiant|100/100
|-damage|p1a: Iron Valiant|94/100|[from] Stealth Rock
|-enditem|p1a: Iron Valiant|Booster Energy
|-activate|p1a: Iron Valiant|ability: Quark Drive|[fromitem]
|-start|p1a: Iron Valiant|quarkdrivespe
|turn|14
|
|t:|1760440326
|move|p1a: Iron Valiant|Moonblast|p2a: Dragonite
|-supereffective|p2a: Dragonite
|-damage|p2a: Dragonite|53/100
|-unboost|p2a: Dragonite|spa|1
|move|p2a: Dragonite|Dragon Dance|p2a: Dragonite
|-boost|p2a: Dragonite|atk|1
|-boost|p2a: Dragonite|spe|1
|
|upkeep
|turn|15
|
|t:|1760440334
|-terastallize|p2a: Dragonite|Normal
|move|p2a: Dragonite|Extreme Speed|p1a: Iron Valiant
|-damage|p1a: Iron Valiant|0 fnt
|faint|p1a: Iron Valiant
|-end|p1a: Iron Valiant|Quark Drive|[silent]
|
|upkeep
|
|t:|1760440339
|switch|p1a: Zamazenta|Zamazenta|100/100
|-damage|p1a: Zamazenta|94/100|[from] Stealth Rock
|-ability|p1a: Zamazenta|Dauntless Shield|boost
|-boost|p1a: Zamazenta|def|1
|turn|16
|
|t:|1760440347
|move|p2a: Dragonite|Extreme Speed|p1a: Zamazenta
|-damage|p1a: Zamazenta|48/100
|move|p1a: Zamazenta|Close Combat|p2a: Dragonite
|-supereffective|p2a: Dragonite
|-damage|p2a: Dragonite|0 fnt
|-unboost|p1a: Zamazenta|def|1
|-unboost|p1a: Zamazenta|spd|1
|faint|p2a: Dragonite
|-damage|p1a: Zamazenta|38/100|[from] item: Life Orb
|
|upkeep
|
|t:|1760440357
|switch|p2a: Zamazenta|Zamazenta, shiny|88/100
|turn|17
|
|t:|1760440360
|move|p1a: Zamazenta|Close Combat|p2a: Zamazenta
|-damage|p2a: Zamazenta|32/100
|-unboost|p1a: Zamazenta|def|1
|-unboost|p1a: Zamazenta|spd|1
|-damage|p1a: Zamazenta|28/100|[from] item: Life Orb
|move|p2a: Zamazenta|Iron Defense|p2a: Zamazenta
|-boost|p2a: Zamazenta|def|2
|
|-heal|p2a: Zamazenta|39/100|[from] item: Leftovers
|upkeep
|turn|18
|
|t:|1760440369
|move|p1a: Zamazenta|Close Combat|p2a: Zamazenta
|-damage|p2a: Zamazenta|10/100
|-unboost|p1a: Zamazenta|def|1
|-unboost|p1a: Zamazenta|spd|1
|-damage|p1a: Zamazenta|19/100|[from] item: Life Orb
|move|p2a: Zamazenta|Body Press|p1a: Zamazenta
|-damage|p1a: Zamazenta|0 fnt
|faint|p1a: Zamazenta
|
|-heal|p2a: Zamazenta|16/100|[from] item: Leftovers
|upkeep
|
|t:|1760440372
|switch|p1a: Garchomp|Garchomp, M|100/100
|-damage|p1a: Garchomp|94/100|[from] Stealth Rock
|turn|19
|
|t:|1760440383
|move|p2a: Zamazenta|Body Press|p1a: Garchomp
|-damage|p1a: Garchomp|30/100
|-damage|p2a: Zamazenta|4/100|[from] ability: Rough Skin|[of] p1a: Garchomp
|move|p1a: Garchomp|Earthquake|p2a: Zamazenta
|-damage|p2a: Zamazenta|0 fnt
|faint|p2a: Zamazenta
|
|upkeep
|-message|delete tera forfeited.
|
|win|jietouxiaoyu
|raw|delete tera's rating: 1331 &rarr; <strong>1312</strong><br />(-19 for losing)
|raw|jietouxiaoyu's rating: 1341 &rarr; <strong>1360</strong><br />(+19 for winning)
|l|☆delete tera
|player|p1|
|l|☆jietouxiaoyu
|player|p2|
