|j|☆larp legion
|j|☆MRH1106
|inactive|Battle timer is ON: inactive players will automatically lose when time's up.
|t:|1760369456
|gametype|singles
|player|p1|larp legion|scientist-gen4dp|
|player|p2|MRH1106|miku-ghost|
|gen|9
|tier|[Gen 9] OU
|rated|Tournament battle
|rule|HP Percentage Mod: HP is shown in percentages
|rule|Endless Battle Clause: Forcing endless battles is banned
|rule|Species Clause: Limit one of each Pokémon
|rule|OHKO Clause: OHKO moves are banned
|rule|Evasion Items Clause: Evasion items are banned
|rule|Evasion Moves Clause: Evasion moves are banned
|rule|Evasion Abilities Clause: Evasion abilities are banned
|rule|Sleep Moves Clause: Sleep-inducing moves are banned
|clearpoke
|poke|p1|Greninja-*, M|
|poke|p1|Ceruledge, F|
|poke|p1|Walking Wake|
|poke|p1|Great Tusk|
|poke|p1|Ninetales, F|
|poke|p1|Raging Bolt|
|poke|p2|Great Tusk|
|poke|p2|Kingambit, F|
|poke|p2|Raging Bolt|
|poke|p2|Walking Wake|
|poke|p2|Ninetales, M|
|poke|p2|Ceruledge, F|
|teampreview
|inactive|larp legion also wants the timer to be on.
|c|☆larp legion|hmmmmmmm
|c|☆MRH1106|yo
|c|☆MRH1106|damn i shoulda brought tr lmao
|j| Acu1ty
|
|t:|1760369479
|teamsize|p1|6
|teamsize|p2|6
|start
|switch|p1a: john wayne gacy|Greninja, M|100/100
|switch|p2a: Ninetales|Ninetales, M|100/100
|-weather|SunnyDay|[from] ability: Drought|[of] p2a: Ninetales
|turn|1
|c|☆larp legion|nah
|
|t:|1760369486
|switch|p2a: Walking Wake|Walking Wake|100/100
|-activate|p2a: Walking Wake|ability: Protosynthesis
|-start|p2a: Walking Wake|protosynthesisspe
|move|p1a: john wayne gacy|Spikes|p2a: Walking Wake
|-start|p1a: john wayne gacy|typechange|Ground|[from] ability: Protean
|-sidestart|p2: MRH1106|Spikes
|
|-weather|SunnyDay|[upkeep]
|upkeep
|turn|2
|c| Acu1ty|greninja sun
|
|t:|1760369493
|switch|p1a: son of sam|Walking Wake|100/100
|-activate|p1a: son of sam|ability: Protosynthesis
|-start|p1a: son of sam|protosynthesisspe
|move|p2a: Walking Wake|Hydro Steam|p1a: son of sam
|-resisted|p1a: son of sam
|-damage|p1a: son of sam|90/100
|
|-weather|SunnyDay|[upkeep]
|upkeep
|turn|3
|
|t:|1760369496
|-terastallize|p1a: son of sam|Water
|move|p2a: Walking Wake|Draco Meteor|p1a: son of sam
|-damage|p1a: son of sam|45/100
|-unboost|p2a: Walking Wake|spa|2
|move|p1a: son of sam|Draco Meteor|p2a: Walking Wake
|-supereffective|p2a: Walking Wake
|-damage|p2a: Walking Wake|0 fnt
|-unboost|p1a: son of sam|spa|2
|faint|p2a: Walking Wake
|-end|p2a: Walking Wake|Protosynthesis|[silent]
|
|-weather|SunnyDay|[upkeep]
|upkeep
|c|☆larp legion|suninja
|
|t:|1760369504
|switch|p2a: Raging Bolt|Raging Bolt|100/100
|-damage|p2a: Raging Bolt|88/100|[from] Spikes
|-activate|p2a: Raging Bolt|ability: Protosynthesis
|-start|p2a: Raging Bolt|protosynthesisspa
|turn|4
|j| Electric win
|
|t:|1760369512
|-end|p1a: son of sam|Protosynthesis|[silent]
|switch|p1a: charles manson|Ninetales, F|100/100
|move|p2a: Raging Bolt|Dragon Pulse|p1a: charles manson
|-damage|p1a: charles manson|11/100
|-damage|p2a: Raging Bolt|78/100|[from] item: Life Orb
|
|-weather|SunnyDay|[upkeep]
|upkeep
|turn|5
|c|☆MRH1106|suninja
|c| Acu1ty|mrh
|c| Acu1ty|im bringing diggersby tr
|c|☆larp legion|genius
|c|☆MRH1106|holy heat
|c| Acu1ty|to ssnl later today
|
|t:|1760369525
|move|p2a: Raging Bolt|Thunderclap||[still]
|-fail|p2a: Raging Bolt
|move|p1a: charles manson|Healing Wish|p1a: charles manson
|faint|p1a: charles manson
|
|-weather|SunnyDay|[upkeep]
|upkeep
|c| Acu1ty|so
|c|☆MRH1106|so you are still in seasonal
|c|☆MRH1106|nice
|l| Electric win
|c| Acu1ty|winners
|c|☆MRH1106|i rfned blue in both of my NDOU tours
|c|☆MRH1106|fl and LC
|c| Acu1ty|if i just replace luna with diggersby
|
|t:|1760369544
|switch|p1a: ted bundy|Great Tusk|100/100
|-activate|p1a: ted bundy|ability: Protosynthesis
|-start|p1a: ted bundy|protosynthesisatk
|turn|6
|c| Acu1ty|on ur rmt
|c| Acu1ty|is that shit usable
|
|t:|1760369556
|-terastallize|p2a: Raging Bolt|Flying
|move|p1a: ted bundy|Ice Spinner|p2a: Raging Bolt
|-supereffective|p2a: Raging Bolt
|-damage|p2a: Raging Bolt|9/100
|move|p2a: Raging Bolt|Solar Beam||[still]
|-prepare|p2a: Raging Bolt|Solar Beam
|-anim|p2a: Raging Bolt|Solar Beam|p1a: ted bundy
|-supereffective|p1a: ted bundy
|-damage|p1a: ted bundy|0 fnt
|faint|p1a: ted bundy
|-end|p1a: ted bundy|Protosynthesis|[silent]
|-damage|p2a: Raging Bolt|0 fnt|[from] item: Life Orb
|faint|p2a: Raging Bolt
|-end|p2a: Raging Bolt|Protosynthesis|[silent]
|
|-weather|SunnyDay|[upkeep]
|upkeep
|c|☆MRH1106|i mean it can work
|c| Acu1ty|i refuse to not bring diggersby tr
|c|☆MRH1106|its just defo not optimal
|c|☆larp legion|worthy trade.
|
|t:|1760369567
|switch|p1a: john wayne gacy|Greninja, M|100/100
|switch|p2a: Great Tusk|Great Tusk|100/100
|-damage|p2a: Great Tusk|88/100|[from] Spikes
|-activate|p2a: Great Tusk|ability: Protosynthesis
|-start|p2a: Great Tusk|protosynthesisatk
|turn|7
|
|t:|1760369570
|move|p1a: john wayne gacy|Grass Knot|p2a: Great Tusk
|-start|p1a: john wayne gacy|typechange|Grass|[from] ability: Protean
|-supereffective|p2a: Great Tusk
|-damage|p2a: Great Tusk|0 fnt
|faint|p2a: Great Tusk
|-end|p2a: Great Tusk|Protosynthesis|[silent]
|-damage|p1a: john wayne gacy|91/100|[from] item: Life Orb
|
|-weather|SunnyDay|[upkeep]
|upkeep
|j| lpgm10
|
|t:|1760369576
|switch|p2a: Ceruledge|Ceruledge, F|100/100
|turn|8
|
|t:|1760369578
|switch|p1a: son of sam|Walking Wake, tera:Water|45/100
|-heal|p1a: son of sam|100/100|[from] move: Healing Wish
|-activate|p1a: son of sam|ability: Protosynthesis
|-start|p1a: son of sam|protosynthesisspe
|move|p2a: Ceruledge|Swords Dance|p2a: Ceruledge
|-boost|p2a: Ceruledge|atk|2
|
|-weather|none
|-end|p1a: son of sam|Protosynthesis
|upkeep
|turn|9
|c| Acu1ty|larp always got some sheist
|c|☆larp legion|indeed
|c|☆larp legion|ee
|
|t:|1760369596
|move|p2a: Ceruledge|Shadow Sneak|p1a: son of sam
|-damage|p1a: son of sam|61/100
|move|p1a: son of sam|Hydro Steam|p2a: Ceruledge
|-supereffective|p2a: Ceruledge
|-damage|p2a: Ceruledge|9/100
|
|upkeep
|turn|10
|c| Acu1ty|why does ceruledge live
|
|t:|1760369606
|move|p2a: Ceruledge|Shadow Sneak|p1a: son of sam
|-damage|p1a: son of sam|17/100
|move|p1a: son of sam|Flip Turn|p2a: Ceruledge
|-supereffective|p2a: Ceruledge
|-damage|p2a: Ceruledge|0 fnt
|faint|p2a: Ceruledge
|c| Acu1ty|what a fraud
|
|t:|1760369613
|-end|p1a: son of sam|Protosynthesis|[silent]
|switch|p1a: john wayne gacy|Greninja, M|91/100|[from] Flip Turn
|
|upkeep
|c|☆larp legion|true
|c|☆MRH1106|i shoulda assumed you were some non specs set
|
|t:|1760369617
|switch|p2a: Ninetales|Ninetales, M|100/100
|-damage|p2a: Ninetales|88/100|[from] Spikes
|-weather|SunnyDay|[from] ability: Drought|[of] p2a: Ninetales
|turn|11
|c|☆larp legion|well im bulky wake
|c|☆larp legion|bro i took 45 from draco
|c|☆larp legion|ofc im not specs
|
|t:|1760369629
|move|p1a: john wayne gacy|Mud Shot|p2a: Ninetales
|-start|p1a: john wayne gacy|typechange|Ground|[from] ability: Protean
|-supereffective|p2a: Ninetales
|-damage|p2a: Ninetales|9/100
|-unboost|p2a: Ninetales|spe|1
|-damage|p1a: john wayne gacy|81/100|[from] item: Life Orb
|move|p2a: Ninetales|Overheat|p1a: john wayne gacy
|-damage|p1a: john wayne gacy|0 fnt
|-unboost|p2a: Ninetales|spa|2
|faint|p1a: john wayne gacy
|
|-weather|SunnyDay|[upkeep]
|upkeep
|c| Acu1ty|mud shot
|c|☆MRH1106|i mean
|c| Acu1ty|im crying
|c|☆MRH1106|my wake is also greedy non specs
|
|t:|1760369640
|switch|p1a: jack the ripper|Ceruledge, F|100/100
|turn|12
|
|t:|1760369643
|move|p1a: jack the ripper|Bulk Up|p1a: jack the ripper
|-boost|p1a: jack the ripper|atk|1
|-boost|p1a: jack the ripper|def|1
|move|p2a: Ninetales|Scorching Sands|p1a: jack the ripper
|-supereffective|p1a: jack the ripper
|-damage|p1a: jack the ripper|84/100
|
|-weather|SunnyDay|[upkeep]
|upkeep
|turn|13
|
|t:|1760369650
|move|p1a: jack the ripper|Shadow Sneak|p2a: Ninetales
|-damage|p2a: Ninetales|0 fnt
|faint|p2a: Ninetales
|
|-weather|SunnyDay|[upkeep]
|upkeep
|
|t:|1760369652
|switch|p2a: Kingambit|Kingambit, F|100/100
|-activate|p2a: Kingambit|ability: Supreme Overlord
|-start|p2a: Kingambit|fallen5|[silent]
|-item|p2a: Kingambit|Air Balloon
|turn|14
|c| Acu1ty|16 from scorching
|
|t:|1760369656
|move|p2a: Kingambit|Sucker Punch|p1a: jack the ripper
|-supereffective|p1a: jack the ripper
|-damage|p1a: jack the ripper|0 fnt
|faint|p1a: jack the ripper
|
|-weather|SunnyDay|[upkeep]
|upkeep
|
|t:|1760369658
|switch|p1a: zodiac killer|Raging Bolt|100/100
|-item|p1a: zodiac killer|Air Balloon
|-activate|p1a: zodiac killer|ability: Protosynthesis
|-start|p1a: zodiac killer|protosynthesisspa
|turn|15
|
|t:|1760369663
|move|p2a: Kingambit|Sucker Punch|p1a: zodiac killer
|-damage|p1a: zodiac killer|47/100
|-enditem|p1a: zodiac killer|Air Balloon
|move|p1a: zodiac killer|Thunderbolt|p2a: Kingambit
|-damage|p2a: Kingambit|29/100
|-enditem|p2a: Kingambit|Air Balloon
|
|-weather|SunnyDay|[upkeep]
|upkeep
|turn|16
|
|t:|1760369669
|move|p1a: zodiac killer|Thunderclap||[still]
|-fail|p1a: zodiac killer
|move|p2a: Kingambit|Swords Dance|p2a: Kingambit
|-boost|p2a: Kingambit|atk|2
|
|-weather|SunnyDay|[upkeep]
|upkeep
|turn|17
|
|t:|1760369672
|move|p1a: zodiac killer|Thunderclap||[still]
|-fail|p1a: zodiac killer
|move|p2a: Kingambit|Swords Dance|p2a: Kingambit
|-boost|p2a: Kingambit|atk|2
|
|-weather|SunnyDay|[upkeep]
|upkeep
|turn|18
|
|t:|1760369674
|move|p1a: zodiac killer|Thunderclap|p2a: Kingambit
|-damage|p2a: Kingambit|0 fnt
|faint|p2a: Kingambit
|-end|p2a: Kingambit|fallen5|[silent]
|
|win|larp legion
|n|☆larp legion|larplegion
|n|☆MRH1106|mrh1106
|n| Acu1ty|acu1ty
|n| lpgm10|lpgm10
|c|☆larp legion|gg.
