|j|☆PriceP0tato
|j|☆ColeQAQ
|t:|1760329679
|gametype|singles
|player|p1|PriceP0tato|shauntal|1098
|player|p2|ColeQAQ|266|1155
|gen|9
|tier|[Gen 9] OU
|rated|
|rule|HP Percentage Mod: HP is shown in percentages
|rule|Endless Battle Clause: Forcing endless battles is banned
|rule|Species Clause: Limit one of each Pokémon
|rule|OHKO Clause: OHKO moves are banned
|rule|Evasion Items Clause: Evasion items are banned
|rule|Evasion Moves Clause: Evasion moves are banned
|rule|Evasion Abilities Clause: Evasion abilities are banned
|rule|Sleep Moves Clause: Sleep-inducing moves are banned
|clearpoke
|poke|p1|Lycanroc-Dusk, F|
|poke|p1|Reuniclus, M|
|poke|p1|Corviknight, F|
|poke|p1|Tentacruel, F|
|poke|p1|Rotom-Heat|
|poke|p1|Flygon, M|
|poke|p2|Zapdos|
|poke|p2|Cinderace, M|
|poke|p2|Pecharunt|
|poke|p2|Keldeo-Resolute|
|poke|p2|Blissey, F|
|poke|p2|Kingambit, M|
|teampreview
|
|t:|1760329690
|teamsize|p1|6
|teamsize|p2|6
|start
|switch|p1a: Rotom|Rotom-Heat|100/100
|switch|p2a: Keldeo|Keldeo-Resolute|100/100
|turn|1
|
|t:|1760329714
|-terastallize|p2a: Keldeo|Steel
|-terastallize|p1a: Rotom|Water
|move|p2a: Keldeo|Calm Mind|p2a: Keldeo
|-boost|p2a: Keldeo|spa|1
|-boost|p2a: Keldeo|spd|1
|move|p1a: Rotom|Volt Switch|p2a: Keldeo
|-damage|p2a: Keldeo|64/100
|
|t:|1760329726
|switch|p1a: Reuniclus|Reuniclus, M|100/100|[from] Volt Switch
|
|-heal|p2a: Keldeo|70/100|[from] item: Leftovers
|upkeep
|turn|2
|
|t:|1760329732
|move|p2a: Keldeo|Surf|p1a: Reuniclus
|-damage|p1a: Reuniclus|43/100
|move|p1a: Reuniclus|Focus Blast|p2a: Keldeo
|-supereffective|p2a: Keldeo
|-damage|p2a: Keldeo|13/100
|
|-heal|p2a: Keldeo|19/100|[from] item: Leftovers
|-heal|p1a: Reuniclus|49/100|[from] item: Leftovers
|upkeep
|turn|3
|
|t:|1760329741
|switch|p1a: Tentacruel|Tentacruel, F|100/100
|move|p2a: Keldeo|Tera Blast|p1a: Tentacruel|[anim] Tera Blast Steel
|-resisted|p1a: Tentacruel
|-damage|p1a: Tentacruel|80/100
|
|-heal|p2a: Keldeo|25/100|[from] item: Leftovers
|-heal|p1a: Tentacruel|86/100|[from] item: Black Sludge
|upkeep
|turn|4
|
|t:|1760329756
|move|p2a: Keldeo|Surf|p1a: Tentacruel
|-resisted|p1a: Tentacruel
|-damage|p1a: Tentacruel|61/100
|move|p1a: Tentacruel|Surf|p2a: Keldeo
|-damage|p2a: Keldeo|2/100
|
|-heal|p2a: Keldeo|9/100|[from] item: Leftovers
|-heal|p1a: Tentacruel|67/100|[from] item: Black Sludge
|upkeep
|turn|5
|
|t:|1760329764
|switch|p2a: Zapdos|Zapdos|100/100
|move|p1a: Tentacruel|Surf|p2a: Zapdos
|-damage|p2a: Zapdos|79/100
|
|-heal|p1a: Tentacruel|73/100|[from] item: Black Sludge
|upkeep
|turn|6
|
|t:|1760329772
|move|p2a: Zapdos|Hurricane|p1a: Tentacruel
|-damage|p1a: Tentacruel|35/100
|-start|p1a: Tentacruel|confusion
|-activate|p1a: Tentacruel|confusion
|move|p1a: Tentacruel|Toxic|p2a: Zapdos
|-status|p2a: Zapdos|tox
|
|-heal|p1a: Tentacruel|41/100|[from] item: Black Sludge
|-damage|p2a: Zapdos|73/100 tox|[from] psn
|upkeep
|turn|7
|
|t:|1760329782
|switch|p1a: Flygon|Flygon, M|100/100
|move|p2a: Zapdos|Thunderbolt|p1a: Flygon
|-immune|p1a: Flygon
|
|-damage|p2a: Zapdos|60/100 tox|[from] psn
|upkeep
|turn|8
|
|t:|1760329789
|move|p2a: Zapdos|Hurricane|p1a: Flygon
|-damage|p1a: Flygon|23/100
|move|p1a: Flygon|Dragon Dance|p1a: Flygon
|-boost|p1a: Flygon|atk|1
|-boost|p1a: Flygon|spe|1
|
|-damage|p2a: Zapdos|42/100 tox|[from] psn
|upkeep
|turn|9
|
|t:|1760329797
|move|p1a: Flygon|Outrage|p2a: Zapdos
|-crit|p2a: Zapdos
|-damage|p2a: Zapdos|0 fnt
|faint|p2a: Zapdos
|
|upkeep
|
|t:|1760329803
|switch|p2a: Kingambit|Kingambit, M|100/100
|-activate|p2a: Kingambit|ability: Supreme Overlord
|-start|p2a: Kingambit|fallen1|[silent]
|-item|p2a: Kingambit|Air Balloon
|turn|10
|
|t:|1760329808
|move|p2a: Kingambit|Sucker Punch|p1a: Flygon
|-damage|p1a: Flygon|0 fnt
|faint|p1a: Flygon
|
|upkeep
|
|t:|1760329812
|switch|p1a: Corviknight|Corviknight, F|100/100
|turn|11
|
|t:|1760329815
|-end|p2a: Kingambit|fallen1|[silent]
|switch|p2a: Cinderace|Cinderace, M|100/100
|move|p1a: Corviknight|Body Press|p2a: Cinderace
|-damage|p2a: Cinderace|65/100
|
|upkeep
|turn|12
|
|t:|1760329824
|switch|p1a: Tentacruel|Tentacruel, F|41/100
|move|p2a: Cinderace|Pyro Ball|p1a: Tentacruel
|-resisted|p1a: Tentacruel
|-damage|p1a: Tentacruel|5/100
|
|-heal|p1a: Tentacruel|11/100|[from] item: Black Sludge
|upkeep
|turn|13
|
|t:|1760329832
|switch|p1a: Corviknight|Corviknight, F|100/100
|move|p2a: Cinderace|Pyro Ball|p1a: Corviknight
|-supereffective|p1a: Corviknight
|-damage|p1a: Corviknight|13/100
|
|upkeep
|turn|14
|
|t:|1760329838
|move|p2a: Cinderace|Pyro Ball|p1a: Corviknight
|-supereffective|p1a: Corviknight
|-damage|p1a: Corviknight|0 fnt
|faint|p1a: Corviknight
|
|upkeep
|
|t:|1760329844
|switch|p1a: Lycanroc|Lycanroc-Dusk, F|100/100
|turn|15
|
|t:|1760329847
|switch|p2a: Pecharunt|Pecharunt|100/100
|move|p1a: Lycanroc|Accelerock|p2a: Pecharunt
|-damage|p2a: Pecharunt|85/100
|
|-heal|p2a: Pecharunt|91/100|[from] item: Leftovers
|upkeep
|turn|16
|
|t:|1760329854
|move|p1a: Lycanroc|Stealth Rock|p2a: Pecharunt
|-sidestart|p2: ColeQAQ|move: Stealth Rock
|move|p2a: Pecharunt|Malignant Chain|p1a: Lycanroc
|-resisted|p1a: Lycanroc
|-damage|p1a: Lycanroc|65/100
|-status|p1a: Lycanroc|tox
|-start|p1a: Lycanroc|confusion|[from] ability: Poison Puppeteer|[of] p2a: Pecharunt
|
|-heal|p2a: Pecharunt|97/100|[from] item: Leftovers
|-damage|p1a: Lycanroc|58/100 tox|[from] psn
|upkeep
|turn|17
|
|t:|1760329881
|switch|p1a: Rotom|Rotom-Heat, tera:Water|100/100
|move|p2a: Pecharunt|Shadow Ball|p1a: Rotom
|-damage|p1a: Rotom|52/100
|
|-heal|p2a: Pecharunt|100/100|[from] item: Leftovers
|upkeep
|turn|18
|
|t:|1760329889
|move|p1a: Rotom|Overheat|p2a: Pecharunt
|-damage|p2a: Pecharunt|20/100
|-unboost|p1a: Rotom|spa|2
|move|p2a: Pecharunt|Malignant Chain|p1a: Rotom
|-damage|p1a: Rotom|0 fnt
|faint|p1a: Rotom
|
|-heal|p2a: Pecharunt|27/100|[from] item: Leftovers
|upkeep
|
|t:|1760329898
|switch|p1a: Lycanroc|Lycanroc-Dusk, F|58/100 tox
|turn|19
|
|t:|1760329907
|move|p1a: Lycanroc|Accelerock|p2a: Pecharunt
|-damage|p2a: Pecharunt|10/100
|move|p2a: Pecharunt|Malignant Chain|p1a: Lycanroc
|-resisted|p1a: Lycanroc
|-damage|p1a: Lycanroc|20/100 tox
|
|-heal|p2a: Pecharunt|16/100|[from] item: Leftovers
|-damage|p1a: Lycanroc|14/100 tox|[from] psn
|upkeep
|turn|20
|
|t:|1760329925
|move|p2a: Pecharunt|Protect|p2a: Pecharunt
|-singleturn|p2a: Pecharunt|Protect
|move|p1a: Lycanroc|Accelerock|p2a: Pecharunt
|-activate|p2a: Pecharunt|move: Protect
|
|-heal|p2a: Pecharunt|22/100|[from] item: Leftovers
|-damage|p1a: Lycanroc|2/100 tox|[from] psn
|upkeep
|turn|21
|-message|PriceP0tato forfeited.
|
|win|ColeQAQ
|raw|PriceP0tato's rating: 1098 &rarr; <strong>1077</strong><br />(-21 for losing)
|raw|ColeQAQ's rating: 1155 &rarr; <strong>1176</strong><br />(+21 for winning)
|l|☆PriceP0tato
|player|p1|
|l|☆ColeQAQ
|player|p2|
