|j|☆ikamazu
|j|☆msnrequiem
|t:|1760328167
|gametype|singles
|player|p1|ikamazu|scientistf|1119
|player|p2|msnrequiem|266|1149
|gen|9
|tier|[Gen 9] OU
|rated|
|rule|HP Percentage Mod: HP is shown in percentages
|rule|Endless Battle Clause: Forcing endless battles is banned
|rule|Species Clause: Limit one of each Pokémon
|rule|OHKO Clause: OHKO moves are banned
|rule|Evasion Items Clause: Evasion items are banned
|rule|Evasion Moves Clause: Evasion moves are banned
|rule|Evasion Abilities Clause: Evasion abilities are banned
|rule|Sleep Moves Clause: Sleep-inducing moves are banned
|clearpoke
|poke|p1|Clodsire, M|
|poke|p1|Pecharunt|
|poke|p1|Talonflame, F|
|poke|p1|Weezing-Galar, M|
|poke|p1|Gliscor, M|
|poke|p1|Blissey, F|
|poke|p2|Tyranitar, M|
|poke|p2|Gholdengo|
|poke|p2|Zamazenta-*|
|poke|p2|Rillaboom, M|
|poke|p2|Garchomp, F|
|poke|p2|Zapdos|
|teampreview
|inactive|Battle timer is ON: inactive players will automatically lose when time's up. (requested by ikamazu)
|
|t:|1760328191
|teamsize|p1|6
|teamsize|p2|6
|start
|switch|p1a: Weezing|Weezing-Galar, M|100/100
|switch|p2a: Tyranitar|Tyranitar, M|100/100
|-ability|p1a: Weezing|Neutralizing Gas
|turn|1
|
|t:|1760328199
|move|p2a: Tyranitar|Knock Off|p1a: Weezing
|-resisted|p1a: Weezing
|-damage|p1a: Weezing|86/100
|-enditem|p1a: Weezing|Heavy-Duty Boots|[from] move: Knock Off|[of] p2a: Tyranitar
|move|p1a: Weezing|Will-O-Wisp|p2a: Tyranitar|[miss]
|-miss|p1a: Weezing|p2a: Tyranitar
|
|upkeep
|turn|2
|
|t:|1760328217
|switch|p2a: Gholdengo|Gholdengo|100/100
|-item|p2a: Gholdengo|Air Balloon
|move|p1a: Weezing|Will-O-Wisp|p2a: Gholdengo
|-status|p2a: Gholdengo|brn
|
|-damage|p2a: Gholdengo|94/100 brn|[from] brn
|upkeep
|turn|3
|
|t:|1760328230
|-end|p1a: Weezing|ability: Neutralizing Gas
|switch|p1a: Blissey|Blissey, F|100/100
|move|p2a: Gholdengo|Make It Rain|p1a: Blissey
|-damage|p1a: Blissey|84/100
|-unboost|p2a: Gholdengo|spa|1
|
|-heal|p1a: Blissey|90/100|[from] item: Leftovers
|-damage|p2a: Gholdengo|88/100 brn|[from] brn
|upkeep
|turn|4
|
|t:|1760328244
|switch|p2a: Zapdos|Zapdos|100/100
|move|p1a: Blissey|Stealth Rock|p2a: Zapdos
|-sidestart|p2: msnrequiem|move: Stealth Rock
|
|-heal|p1a: Blissey|96/100|[from] item: Leftovers
|upkeep
|turn|5
|
|t:|1760328257
|switch|p2a: Garchomp|Garchomp, F|100/100
|-damage|p2a: Garchomp|94/100|[from] Stealth Rock
|move|p1a: Blissey|Calm Mind|p1a: Blissey
|-boost|p1a: Blissey|spa|1
|-boost|p1a: Blissey|spd|1
|
|-heal|p1a: Blissey|100/100|[from] item: Leftovers
|upkeep
|turn|6
|
|t:|1760328273
|switch|p1a: Gliscor|Gliscor, M|100/100
|move|p2a: Garchomp|Stealth Rock|p1a: Gliscor
|-sidestart|p1: ikamazu|move: Stealth Rock
|
|-status|p1a: Gliscor|tox|[from] item: Toxic Orb
|upkeep
|turn|7
|
|t:|1760328282
|switch|p2a: Gholdengo|Gholdengo|88/100 brn
|-damage|p2a: Gholdengo|82/100 brn|[from] Stealth Rock
|-item|p2a: Gholdengo|Air Balloon
|move|p1a: Gliscor|Toxic|p2a: Gholdengo
|-immune|p2a: Gholdengo|[from] ability: Good as Gold
|
|-damage|p2a: Gholdengo|76/100 brn|[from] brn
|upkeep
|turn|8
|
|t:|1760328293
|move|p1a: Gliscor|Knock Off|p2a: Gholdengo
|-supereffective|p2a: Gholdengo
|-damage|p2a: Gholdengo|48/100 brn
|-enditem|p2a: Gholdengo|Air Balloon
|move|p2a: Gholdengo|Hex|p1a: Gliscor
|-damage|p1a: Gliscor|42/100 tox
|
|-heal|p1a: Gliscor|55/100 tox|[from] ability: Poison Heal
|-damage|p2a: Gholdengo|42/100 brn|[from] brn
|upkeep
|turn|9
|
|t:|1760328306
|move|p1a: Gliscor|Protect|p1a: Gliscor
|-singleturn|p1a: Gliscor|Protect
|move|p2a: Gholdengo|Recover|p2a: Gholdengo
|-heal|p2a: Gholdengo|92/100 brn
|
|-heal|p1a: Gliscor|67/100 tox|[from] ability: Poison Heal
|-damage|p2a: Gholdengo|86/100 brn|[from] brn
|upkeep
|turn|10
|
|t:|1760328323
|switch|p1a: Blissey|Blissey, F|100/100
|-damage|p1a: Blissey|88/100|[from] Stealth Rock
|-terastallize|p2a: Gholdengo|Fairy
|move|p2a: Gholdengo|Hex|p1a: Blissey
|-immune|p1a: Blissey
|
|-heal|p1a: Blissey|94/100|[from] item: Leftovers
|-damage|p2a: Gholdengo|80/100 brn|[from] brn
|upkeep
|turn|11
|-message|msnrequiem forfeited.
|
|win|ikamazu
|raw|ikamazu's rating: 1119 &rarr; <strong>1146</strong><br />(+27 for winning)
|raw|msnrequiem's rating: 1149 &rarr; <strong>1122</strong><br />(-27 for losing)
|l|☆msnrequiem
|player|p2|
|l|☆ikamazu
|player|p1|
