|j|☆yeetoo
|j|☆ayyyyyyuhsucconme
|t:|1760414933
|gametype|singles
|player|p1|yeetoo|hugh|1154
|player|p2|ayyyyyyuhsucconme|linebacker|1192
|gen|9
|tier|[Gen 9] OU
|rated|
|rule|HP Percentage Mod: HP is shown in percentages
|rule|Endless Battle Clause: Forcing endless battles is banned
|rule|Species Clause: Limit one of each Pokémon
|rule|OHKO Clause: OHKO moves are banned
|rule|Evasion Items Clause: Evasion items are banned
|rule|Evasion Moves Clause: Evasion moves are banned
|rule|Evasion Abilities Clause: Evasion abilities are banned
|rule|Sleep Moves Clause: Sleep-inducing moves are banned
|clearpoke
|poke|p1|Mamoswine, F|
|poke|p1|Electivire, M|
|poke|p1|Zapdos-Galar|
|poke|p1|Slowbro, M|
|poke|p1|Noivern, F|
|poke|p1|Lycanroc-Dusk, F|
|poke|p2|Gholdengo|
|poke|p2|Clodsire, M|
|poke|p2|Skarmory, M|
|poke|p2|Gliscor, F|
|poke|p2|Quaquaval, F|
|poke|p2|Goodra-Hisui, F|
|teampreview
|
|t:|1760414943
|teamsize|p1|6
|teamsize|p2|6
|start
|switch|p1a: Mamoswine|Mamoswine, F|100/100
|switch|p2a: Skarmory|Skarmory, M|100/100
|turn|1
|
|t:|1760414947
|move|p1a: Mamoswine|Smack Down|p2a: Skarmory
|-damage|p2a: Skarmory|90/100
|-start|p2a: Skarmory|Smack Down
|move|p2a: Skarmory|Spikes|p1a: Mamoswine
|-sidestart|p1: yeetoo|Spikes
|
|upkeep
|turn|2
|inactive|Battle timer is ON: inactive players will automatically lose when time's up. (requested by ayyyyyyuhsucconme)
|
|t:|1760414954
|move|p1a: Mamoswine|Earthquake|p2a: Skarmory
|-supereffective|p2a: Skarmory
|-damage|p2a: Skarmory|24/100
|move|p2a: Skarmory|Spikes|p1a: Mamoswine
|-sidestart|p1: yeetoo|Spikes
|
|upkeep
|turn|3
|
|t:|1760414959
|switch|p2a: Gliscor|Gliscor, F, shiny|100/100
|move|p1a: Mamoswine|Earthquake|p2a: Gliscor
|-immune|p2a: Gliscor
|
|-status|p2a: Gliscor|tox|[from] item: Toxic Orb
|upkeep
|turn|4
|
|t:|1760414968
|switch|p2a: Quaquaval|Quaquaval, F|100/100
|move|p1a: Mamoswine|Avalanche|p2a: Quaquaval
|-resisted|p2a: Quaquaval
|-damage|p2a: Quaquaval|84/100
|
|-heal|p2a: Quaquaval|90/100|[from] item: Leftovers
|upkeep
|turn|5
|
|t:|1760414978
|switch|p1a: Noivern|Noivern, F|100/100
|-item|p2a: Quaquaval|Leftovers|[from] ability: Frisk|[of] p1a: Noivern
|move|p2a: Quaquaval|Close Combat|p1a: Noivern
|-resisted|p1a: Noivern
|-damage|p1a: Noivern|64/100
|-unboost|p2a: Quaquaval|def|1
|-unboost|p2a: Quaquaval|spd|1
|
|-heal|p2a: Quaquaval|96/100|[from] item: Leftovers
|upkeep
|turn|6
|
|t:|1760414989
|switch|p2a: Clodsire|Clodsire, M, shiny|100/100
|move|p1a: Noivern|Defog|p2a: Clodsire
|-unboost|p2a: Clodsire|evasion|1
|-sideend|p1: yeetoo|Spikes|[from] move: Defog|[of] p1a: Noivern
|
|upkeep
|turn|7
|
|t:|1760414995
|switch|p1a: Mamoswine|Mamoswine, F|100/100
|move|p2a: Clodsire|Stealth Rock|p1a: Mamoswine
|-sidestart|p1: yeetoo|move: Stealth Rock
|
|upkeep
|turn|8
|
|t:|1760415004
|switch|p2a: Skarmory|Skarmory, M|24/100
|move|p1a: Mamoswine|Earthquake|p2a: Skarmory
|-immune|p2a: Skarmory
|
|upkeep
|turn|9
|
|t:|1760415009
|move|p2a: Skarmory|Roost|p2a: Skarmory
|-heal|p2a: Skarmory|74/100
|-singleturn|p2a: Skarmory|move: Roost
|move|p1a: Mamoswine|Avalanche|p2a: Skarmory
|-resisted|p2a: Skarmory
|-damage|p2a: Skarmory|65/100
|-damage|p1a: Mamoswine|84/100|[from] item: Rocky Helmet|[of] p2a: Skarmory
|
|upkeep
|turn|10
|
|t:|1760415018
|move|p1a: Mamoswine|Smack Down|p2a: Skarmory
|-damage|p2a: Skarmory|55/100
|-start|p2a: Skarmory|Smack Down
|move|p2a: Skarmory|Roost|p2a: Skarmory
|-heal|p2a: Skarmory|100/100
|-singleturn|p2a: Skarmory|move: Roost
|
|upkeep
|turn|11
|
|t:|1760415025
|switch|p2a: Gliscor|Gliscor, F, shiny|100/100 tox
|move|p1a: Mamoswine|Earthquake|p2a: Gliscor
|-immune|p2a: Gliscor
|
|upkeep
|turn|12
|
|t:|1760415031
|switch|p2a: Quaquaval|Quaquaval, F|96/100
|move|p1a: Mamoswine|Earthquake|p2a: Quaquaval
|-damage|p2a: Quaquaval|36/100
|
|-heal|p2a: Quaquaval|42/100|[from] item: Leftovers
|upkeep
|turn|13
|
|t:|1760415038
|switch|p1a: Slowbro|Slowbro, M|100/100
|-damage|p1a: Slowbro|88/100|[from] Stealth Rock
|move|p2a: Quaquaval|Close Combat|p1a: Slowbro
|-resisted|p1a: Slowbro
|-damage|p1a: Slowbro|66/100
|-unboost|p2a: Quaquaval|def|1
|-unboost|p2a: Quaquaval|spd|1
|-damage|p2a: Quaquaval|26/100|[from] item: Rocky Helmet|[of] p1a: Slowbro
|
|-heal|p2a: Quaquaval|32/100|[from] item: Leftovers
|upkeep
|turn|14
|
|t:|1760415051
|switch|p2a: Clodsire|Clodsire, M, shiny|100/100
|move|p1a: Slowbro|Psychic|p2a: Clodsire
|-supereffective|p2a: Clodsire
|-damage|p2a: Clodsire|53/100
|
|-heal|p2a: Clodsire|59/100|[from] item: Leftovers
|upkeep
|turn|15
|
|t:|1760415060
|move|p1a: Slowbro|Psychic|p2a: Clodsire
|-supereffective|p2a: Clodsire
|-damage|p2a: Clodsire|13/100
|move|p2a: Clodsire|Recover|p2a: Clodsire
|-heal|p2a: Clodsire|63/100
|
|-heal|p2a: Clodsire|69/100|[from] item: Leftovers
|upkeep
|turn|16
|
|t:|1760415068
|switch|p2a: Goodra|Goodra-Hisui, F|100/100
|move|p1a: Slowbro|Psychic|p2a: Goodra
|-resisted|p2a: Goodra
|-damage|p2a: Goodra|89/100
|
|-heal|p2a: Goodra|95/100|[from] item: Leftovers
|upkeep
|turn|17
|
|t:|1760415075
|move|p1a: Slowbro|Thunder Wave|p2a: Goodra
|-status|p2a: Goodra|par
|move|p2a: Goodra|Dragon Tail|p1a: Slowbro
|-damage|p1a: Slowbro|50/100
|-damage|p2a: Goodra|79/100 par|[from] item: Rocky Helmet|[of] p1a: Slowbro
|drag|p1a: Zapdos|Zapdos-Galar|100/100
|-damage|p1a: Zapdos|88/100|[from] Stealth Rock
|
|-heal|p2a: Goodra|85/100 par|[from] item: Leftovers
|upkeep
|turn|18
|
|t:|1760415092
|move|p1a: Zapdos|Bulk Up|p1a: Zapdos
|-boost|p1a: Zapdos|atk|1
|-boost|p1a: Zapdos|def|1
|move|p2a: Goodra|Dragon Tail|p1a: Zapdos
|-damage|p1a: Zapdos|72/100
|drag|p1a: Slowbro|Slowbro, M|83/100
|-damage|p1a: Slowbro|71/100|[from] Stealth Rock
|
|-heal|p2a: Goodra|91/100 par|[from] item: Leftovers
|upkeep
|turn|19
|
|t:|1760415105
|switch|p2a: Skarmory|Skarmory, M|100/100
|move|p1a: Slowbro|Thunder Wave|p2a: Skarmory
|-status|p2a: Skarmory|par
|
|upkeep
|turn|20
|
|t:|1760415111
|move|p1a: Slowbro|Surf|p2a: Skarmory
|-damage|p2a: Skarmory|47/100 par
|move|p2a: Skarmory|Spikes|p1a: Slowbro
|-sidestart|p1: yeetoo|Spikes
|
|upkeep
|turn|21
|
|t:|1760415115
|move|p1a: Slowbro|Psychic|p2a: Skarmory
|-resisted|p2a: Skarmory
|-damage|p2a: Skarmory|18/100 par
|cant|p2a: Skarmory|par
|
|upkeep
|turn|22
|
|t:|1760415120
|move|p1a: Slowbro|Psychic|p2a: Skarmory
|-resisted|p2a: Skarmory
|-damage|p2a: Skarmory|0 fnt
|faint|p2a: Skarmory
|
|upkeep
|
|t:|1760415123
|switch|p2a: Goodra|Goodra-Hisui, F|91/100 par
|turn|23
|
|t:|1760415126
|switch|p1a: Noivern|Noivern, F|64/100
|-item|p2a: Goodra|Leftovers|[from] ability: Frisk|[of] p1a: Noivern
|move|p2a: Goodra|Dragon Tail|p1a: Noivern
|-supereffective|p1a: Noivern
|-crit|p1a: Noivern
|-damage|p1a: Noivern|0 fnt
|faint|p1a: Noivern
|
|-heal|p2a: Goodra|97/100 par|[from] item: Leftovers
|upkeep
|
|t:|1760415137
|switch|p1a: Zapdos|Zapdos-Galar|72/100
|-damage|p1a: Zapdos|60/100|[from] Stealth Rock
|turn|24
|
|t:|1760415142
|move|p1a: Zapdos|Throat Chop|p2a: Goodra
|-damage|p2a: Goodra|73/100 par
|-start|p2a: Goodra|Throat Chop|[silent]
|-ability|p2a: Goodra|Gooey
|-unboost|p1a: Zapdos|spe|1
|-ability|p1a: Zapdos|Defiant|boost
|-boost|p1a: Zapdos|atk|2
|cant|p2a: Goodra|par
|
|-heal|p2a: Goodra|79/100 par|[from] item: Leftovers
|upkeep
|turn|25
|
|t:|1760415152
|switch|p2a: Gliscor|Gliscor, F, shiny|100/100 tox
|move|p1a: Zapdos|Thunderous Kick|p2a: Gliscor
|-resisted|p2a: Gliscor
|-damage|p2a: Gliscor|73/100 tox
|-unboost|p2a: Gliscor|def|1
|
|-heal|p2a: Gliscor|86/100 tox|[from] ability: Poison Heal
|upkeep
|turn|26
|
|t:|1760415165
|switch|p2a: Gholdengo|Gholdengo|100/100
|-item|p2a: Gholdengo|Air Balloon
|move|p1a: Zapdos|Bulk Up|p1a: Zapdos
|-boost|p1a: Zapdos|atk|1
|-boost|p1a: Zapdos|def|1
|
|upkeep
|turn|27
|
|t:|1760415172
|-terastallize|p1a: Zapdos|Steel
|move|p1a: Zapdos|Throat Chop|p2a: Gholdengo
|-supereffective|p2a: Gholdengo
|-damage|p2a: Gholdengo|0 fnt
|-enditem|p2a: Gholdengo|Air Balloon
|faint|p2a: Gholdengo
|
|upkeep
|
|t:|1760415176
|switch|p2a: Gliscor|Gliscor, F, shiny|86/100 tox
|turn|28
|
|t:|1760415180
|move|p2a: Gliscor|Earthquake|p1a: Zapdos
|-supereffective|p1a: Zapdos
|-damage|p1a: Zapdos|9/100
|-enditem|p1a: Zapdos|Aguav Berry|[eat]
|-heal|p1a: Zapdos|42/100|[from] item: Aguav Berry
|move|p1a: Zapdos|Drill Peck|p2a: Gliscor
|-damage|p2a: Gliscor|24/100 tox
|
|-heal|p2a: Gliscor|36/100 tox|[from] ability: Poison Heal
|upkeep
|turn|29
|
|t:|1760415204
|switch|p1a: Slowbro|Slowbro, M|100/100
|-damage|p1a: Slowbro|88/100|[from] Stealth Rock
|-damage|p1a: Slowbro|76/100|[from] Spikes
|move|p2a: Gliscor|Earthquake|p1a: Slowbro
|-damage|p1a: Slowbro|47/100
|
|-heal|p2a: Gliscor|49/100 tox|[from] ability: Poison Heal
|upkeep
|turn|30
|
|t:|1760415214
|move|p2a: Gliscor|Protect|p2a: Gliscor
|-singleturn|p2a: Gliscor|Protect
|move|p1a: Slowbro|Ice Beam|p2a: Gliscor
|-activate|p2a: Gliscor|move: Protect
|
|-heal|p2a: Gliscor|61/100 tox|[from] ability: Poison Heal
|upkeep
|turn|31
|
|t:|1760415220
|switch|p2a: Goodra|Goodra-Hisui, F|79/100 par
|move|p1a: Slowbro|Surf|p2a: Goodra
|-resisted|p2a: Goodra
|-damage|p2a: Goodra|69/100 par
|
|-heal|p2a: Goodra|75/100 par|[from] item: Leftovers
|upkeep
|turn|32
|
|t:|1760415227
|move|p1a: Slowbro|Surf|p2a: Goodra
|-resisted|p2a: Goodra
|-damage|p2a: Goodra|63/100 par
|move|p2a: Goodra|Thunderbolt|p1a: Slowbro
|-supereffective|p1a: Slowbro
|-damage|p1a: Slowbro|6/100
|
|-heal|p2a: Goodra|69/100 par|[from] item: Leftovers
|upkeep
|turn|33
|
|t:|1760415243
|switch|p1a: Electivire|Electivire, M|100/100
|-damage|p1a: Electivire|88/100|[from] Stealth Rock
|-damage|p1a: Electivire|76/100|[from] Spikes
|move|p2a: Goodra|Dragon Tail|p1a: Electivire
|-damage|p1a: Electivire|49/100
|drag|p1a: Zapdos|Zapdos-Galar, tera:Steel|42/100
|-damage|p1a: Zapdos|36/100|[from] Stealth Rock
|-damage|p1a: Zapdos|23/100|[from] Spikes
|
|-heal|p2a: Goodra|75/100 par|[from] item: Leftovers
|upkeep
|turn|34
|c|☆ayyyyyyuhsucconme|up dat fye on em twin
|
|t:|1760415256
|switch|p2a: Gliscor|Gliscor, F, shiny|61/100 tox
|move|p1a: Zapdos|Thunderous Kick|p2a: Gliscor
|-resisted|p2a: Gliscor
|-crit|p2a: Gliscor
|-damage|p2a: Gliscor|39/100 tox
|-unboost|p2a: Gliscor|def|1
|
|-heal|p2a: Gliscor|51/100 tox|[from] ability: Poison Heal
|upkeep
|turn|35
|
|t:|1760415265
|switch|p2a: Clodsire|Clodsire, M, shiny|69/100
|move|p1a: Zapdos|Bulk Up|p1a: Zapdos
|-boost|p1a: Zapdos|atk|1
|-boost|p1a: Zapdos|def|1
|
|-heal|p2a: Clodsire|76/100|[from] item: Leftovers
|upkeep
|turn|36
|
|t:|1760415273
|move|p1a: Zapdos|Drill Peck|p2a: Clodsire
|-damage|p2a: Clodsire|3/100
|move|p2a: Clodsire|Earthquake|p1a: Zapdos
|-supereffective|p1a: Zapdos
|-damage|p1a: Zapdos|0 fnt
|faint|p1a: Zapdos
|
|-heal|p2a: Clodsire|10/100|[from] item: Leftovers
|upkeep
|
|t:|1760415281
|switch|p1a: Electivire|Electivire, M|49/100
|-damage|p1a: Electivire|37/100|[from] Stealth Rock
|-damage|p1a: Electivire|24/100|[from] Spikes
|-enditem|p1a: Electivire|Aguav Berry|[eat]
|-heal|p1a: Electivire|58/100|[from] item: Aguav Berry
|turn|37
|
|t:|1760415288
|move|p1a: Electivire|Earthquake|p2a: Clodsire
|-supereffective|p2a: Clodsire
|-damage|p2a: Clodsire|0 fnt
|faint|p2a: Clodsire
|
|upkeep
|
|t:|1760415292
|switch|p2a: Gliscor|Gliscor, F, shiny|51/100 tox
|turn|38
|
|t:|1760415296
|move|p2a: Gliscor|Protect|p2a: Gliscor
|-singleturn|p2a: Gliscor|Protect
|move|p1a: Electivire|Ice Punch|p2a: Gliscor
|-activate|p2a: Gliscor|move: Protect
|
|-heal|p2a: Gliscor|64/100 tox|[from] ability: Poison Heal
|upkeep
|turn|39
|
|t:|1760415302
|-terastallize|p2a: Gliscor|Water
|move|p2a: Gliscor|Earthquake|p1a: Electivire
|-supereffective|p1a: Electivire
|-damage|p1a: Electivire|0 fnt
|faint|p1a: Electivire
|
|-heal|p2a: Gliscor|76/100 tox|[from] ability: Poison Heal
|upkeep
|
|t:|1760415317
|switch|p1a: Mamoswine|Mamoswine, F|84/100
|-damage|p1a: Mamoswine|71/100|[from] Stealth Rock
|-damage|p1a: Mamoswine|59/100|[from] Spikes
|turn|40
|
|t:|1760415323
|move|p2a: Gliscor|Swords Dance|p2a: Gliscor
|-boost|p2a: Gliscor|atk|2
|move|p1a: Mamoswine|Earthquake|p2a: Gliscor
|-damage|p2a: Gliscor|47/100 tox
|
|-heal|p2a: Gliscor|59/100 tox|[from] ability: Poison Heal
|upkeep
|turn|41
|
|t:|1760415330
|move|p2a: Gliscor|Protect|p2a: Gliscor
|-singleturn|p2a: Gliscor|Protect
|move|p1a: Mamoswine|Earthquake|p2a: Gliscor
|-activate|p2a: Gliscor|move: Protect
|
|-heal|p2a: Gliscor|71/100 tox|[from] ability: Poison Heal
|upkeep
|turn|42
|c|☆yeetoo|ggs
|-message|yeetoo forfeited.
|
|win|ayyyyyyuhsucconme
|raw|yeetoo's rating: 1154 &rarr; <strong>1132</strong><br />(-22 for losing)
|raw|ayyyyyyuhsucconme's rating: 1192 &rarr; <strong>1214</strong><br />(+22 for winning)
|l|☆yeetoo
|player|p1|
|c|☆ayyyyyyuhsucconme|good game twin
|l|☆ayyyyyyuhsucconme
|player|p2|
