|j|☆tflyack
|j|☆delroyscott8
|t:|1760386812
|gametype|singles
|player|p1|tflyack|ghetsis|1028
|player|p2|delroyscott8|265|1068
|gen|9
|tier|[Gen 9] OU
|rated|
|rule|HP Percentage Mod: HP is shown in percentages
|rule|Endless Battle Clause: Forcing endless battles is banned
|rule|Species Clause: Limit one of each Pokémon
|rule|OHKO Clause: OHKO moves are banned
|rule|Evasion Items Clause: Evasion items are banned
|rule|Evasion Moves Clause: Evasion moves are banned
|rule|Evasion Abilities Clause: Evasion abilities are banned
|rule|Sleep Moves Clause: Sleep-inducing moves are banned
|clearpoke
|poke|p1|Great Tusk|
|poke|p1|Gholdengo|
|poke|p1|Kingambit, F|
|poke|p1|Dragapult, M|
|poke|p1|Iron Valiant|
|poke|p1|Gliscor, M|
|poke|p2|Torkoal, F|
|poke|p2|Cinderace, M|
|poke|p2|Leafeon, M|
|poke|p2|Iron Moth|
|poke|p2|Ninetales, F|
|poke|p2|Serperior, M|
|teampreview
|inactive|Battle timer is ON: inactive players will automatically lose when time's up. (requested by delroyscott8)
|
|t:|1760386815
|teamsize|p1|6
|teamsize|p2|6
|start
|switch|p1a: Gliscor|Gliscor, M, shiny|100/100
|switch|p2a: Torkoal|Torkoal, F, shiny|100/100
|-weather|SunnyDay|[from] ability: Drought|[of] p2a: Torkoal
|turn|1
|
|t:|1760386824
|move|p1a: Gliscor|Spikes|p2a: Torkoal
|-sidestart|p2: delroyscott8|Spikes
|move|p2a: Torkoal|Stealth Rock|p1a: Gliscor
|-sidestart|p1: tflyack|move: Stealth Rock
|
|-weather|SunnyDay|[upkeep]
|-status|p1a: Gliscor|tox|[from] item: Toxic Orb
|upkeep
|turn|2
|
|t:|1760386830
|move|p1a: Gliscor|Earthquake|p2a: Torkoal
|-supereffective|p2a: Torkoal
|-damage|p2a: Torkoal|56/100
|move|p2a: Torkoal|Burning Jealousy|p1a: Gliscor
|-damage|p1a: Gliscor|54/100 tox
|
|-weather|SunnyDay|[upkeep]
|-heal|p1a: Gliscor|67/100 tox|[from] ability: Poison Heal
|upkeep
|turn|3
|
|t:|1760386835
|move|p1a: Gliscor|Earthquake|p2a: Torkoal
|-supereffective|p2a: Torkoal
|-damage|p2a: Torkoal|10/100
|move|p2a: Torkoal|Rapid Spin|p1a: Gliscor
|-damage|p1a: Gliscor|60/100 tox
|-boost|p2a: Torkoal|spe|1
|-sideend|p2: delroyscott8|Spikes|[from] move: Rapid Spin|[of] p2a: Torkoal
|
|-weather|SunnyDay|[upkeep]
|-heal|p1a: Gliscor|73/100 tox|[from] ability: Poison Heal
|upkeep
|turn|4
|
|t:|1760386843
|switch|p2a: Serperior|Serperior, M, shiny|100/100
|move|p1a: Gliscor|Earthquake|p2a: Serperior
|-resisted|p2a: Serperior
|-damage|p2a: Serperior|77/100
|
|-weather|SunnyDay|[upkeep]
|-heal|p1a: Gliscor|85/100 tox|[from] ability: Poison Heal
|upkeep
|turn|5
|
|t:|1760386847
|move|p2a: Serperior|Leaf Storm|p1a: Gliscor
|-damage|p1a: Gliscor|33/100 tox
|-boost|p2a: Serperior|spa|2
|move|p1a: Gliscor|U-turn|p2a: Serperior
|-supereffective|p2a: Serperior
|-damage|p2a: Serperior|36/100
|
|t:|1760386856
|switch|p1a: Dragapult|Dragapult, M, shiny|100/100|[from] U-turn
|-damage|p1a: Dragapult|88/100|[from] Stealth Rock
|
|-weather|none
|upkeep
|turn|6
|
|t:|1760386861
|move|p1a: Dragapult|Flamethrower|p2a: Serperior
|-supereffective|p2a: Serperior
|-damage|p2a: Serperior|0 fnt
|faint|p2a: Serperior
|
|upkeep
|
|t:|1760386872
|switch|p2a: Torkoal|Torkoal, F, shiny|10/100
|-weather|SunnyDay|[from] ability: Drought|[of] p2a: Torkoal
|turn|7
|
|t:|1760386879
|move|p1a: Dragapult|Flamethrower|p2a: Torkoal
|-resisted|p2a: Torkoal
|-damage|p2a: Torkoal|0 fnt
|faint|p2a: Torkoal
|
|-weather|SunnyDay|[upkeep]
|upkeep
|
|t:|1760386883
|switch|p2a: Iron Moth|Iron Moth, shiny|100/100
|-enditem|p2a: Iron Moth|Booster Energy
|-activate|p2a: Iron Moth|ability: Quark Drive|[fromitem]
|-start|p2a: Iron Moth|quarkdrivespa
|turn|8
|
|t:|1760386892
|switch|p1a: Gliscor|Gliscor, M, shiny|33/100 tox
|-damage|p1a: Gliscor|20/100 tox|[from] Stealth Rock
|move|p2a: Iron Moth|Toxic Spikes|p1a: Gliscor
|-sidestart|p1: tflyack|move: Toxic Spikes
|
|-weather|SunnyDay|[upkeep]
|-heal|p1a: Gliscor|33/100 tox|[from] ability: Poison Heal
|upkeep
|turn|9
|
|t:|1760386900
|move|p2a: Iron Moth|Venoshock|p1a: Gliscor
|-resisted|p1a: Gliscor
|-damage|p1a: Gliscor|0 fnt
|faint|p1a: Gliscor
|
|-weather|SunnyDay|[upkeep]
|upkeep
|
|t:|1760386907
|switch|p1a: Great Tusk|Great Tusk, shiny|100/100
|-damage|p1a: Great Tusk|98/100|[from] Stealth Rock
|-status|p1a: Great Tusk|psn
|-activate|p1a: Great Tusk|ability: Protosynthesis
|-start|p1a: Great Tusk|protosynthesisdef
|turn|10
|
|t:|1760386913
|-terastallize|p2a: Iron Moth|Flying
|move|p2a: Iron Moth|Fiery Dance|p1a: Great Tusk
|-crit|p1a: Great Tusk
|-damage|p1a: Great Tusk|0 fnt
|faint|p1a: Great Tusk
|-end|p1a: Great Tusk|Protosynthesis|[silent]
|
|-weather|SunnyDay|[upkeep]
|upkeep
|
|t:|1760386922
|switch|p1a: Iron Valiant|Iron Valiant, shiny|100/100
|-damage|p1a: Iron Valiant|94/100|[from] Stealth Rock
|-status|p1a: Iron Valiant|psn
|-enditem|p1a: Iron Valiant|Booster Energy
|-activate|p1a: Iron Valiant|ability: Quark Drive|[fromitem]
|-start|p1a: Iron Valiant|quarkdrivespe
|turn|11
|
|t:|1760386928
|move|p1a: Iron Valiant|Calm Mind|p1a: Iron Valiant
|-boost|p1a: Iron Valiant|spa|1
|-boost|p1a: Iron Valiant|spd|1
|move|p2a: Iron Moth|Venoshock|p1a: Iron Valiant
|-supereffective|p1a: Iron Valiant
|-damage|p1a: Iron Valiant|0 fnt
|faint|p1a: Iron Valiant
|-end|p1a: Iron Valiant|Quark Drive|[silent]
|
|-weather|none
|upkeep
|
|t:|1760386931
|switch|p1a: Dragapult|Dragapult, M, shiny|88/100
|-damage|p1a: Dragapult|76/100|[from] Stealth Rock
|-status|p1a: Dragapult|psn
|turn|12
|
|t:|1760386935
|move|p1a: Dragapult|Draco Meteor|p2a: Iron Moth|[miss]
|-miss|p1a: Dragapult|p2a: Iron Moth
|move|p2a: Iron Moth|Venoshock|p1a: Dragapult
|-resisted|p1a: Dragapult
|-damage|p1a: Dragapult|9/100 psn
|
|-damage|p1a: Dragapult|0 fnt|[from] psn
|faint|p1a: Dragapult
|upkeep
|
|t:|1760386938
|switch|p1a: Kingambit|Kingambit, F, shiny|100/100
|-damage|p1a: Kingambit|94/100|[from] Stealth Rock
|-activate|p1a: Kingambit|ability: Supreme Overlord
|-start|p1a: Kingambit|fallen4|[silent]
|turn|13
|
|t:|1760386945
|move|p2a: Iron Moth|Fiery Dance|p1a: Kingambit
|-supereffective|p1a: Kingambit
|-damage|p1a: Kingambit|0 fnt
|-boost|p2a: Iron Moth|spa|1
|faint|p1a: Kingambit
|-end|p1a: Kingambit|fallen4|[silent]
|
|upkeep
|
|t:|1760386947
|switch|p1a: Gholdengo|Gholdengo, shiny|100/100
|-damage|p1a: Gholdengo|94/100|[from] Stealth Rock
|turn|14
|-message|tflyack forfeited.
|
|win|delroyscott8
|raw|tflyack's rating: 1028 &rarr; <strong>1015</strong><br />(-13 for losing)
|raw|delroyscott8's rating: 1068 &rarr; <strong>1094</strong><br />(+26 for winning)
|l|☆tflyack
|player|p1|
