|j|☆Voltaris33
|j|☆Lord Sodium
|t:|1760322183
|gametype|singles
|player|p1|Voltaris33|unknown|1517
|player|p2|Lord Sodium|alec-anime|1579
|gen|9
|tier|[Gen 9] OU
|rated|
|rule|HP Percentage Mod: HP is shown in percentages
|rule|Endless Battle Clause: Forcing endless battles is banned
|rule|Species Clause: Limit one of each Pokémon
|rule|OHKO Clause: OHKO moves are banned
|rule|Evasion Items Clause: Evasion items are banned
|rule|Evasion Moves Clause: Evasion moves are banned
|rule|Evasion Abilities Clause: Evasion abilities are banned
|rule|Sleep Moves Clause: Sleep-inducing moves are banned
|clearpoke
|poke|p1|Garchomp, M|
|poke|p1|Moltres-Galar|
|poke|p1|Tyranitar, M|
|poke|p1|Noivern, M|
|poke|p1|Ceruledge, F|
|poke|p1|Zapdos|
|poke|p2|Mamoswine, M|
|poke|p2|Slowking-Galar, M|
|poke|p2|Rillaboom, F|
|poke|p2|Corviknight, F|
|poke|p2|Samurott-Hisui, M|
|poke|p2|Raging Bolt|
|teampreview
|j| king of the cjb
|inactive|Battle timer is ON: inactive players will automatically lose when time's up. (requested by Voltaris33)
|
|t:|1760322192
|teamsize|p1|6
|teamsize|p2|6
|start
|switch|p1a: Zapdos|Zapdos|100/100
|switch|p2a: Mamoswine|Mamoswine, M|100/100
|turn|1
|
|t:|1760322196
|switch|p1a: Ceruledge|Ceruledge, F|100/100
|move|p2a: Mamoswine|Icicle Spear|p1a: Ceruledge
|-resisted|p1a: Ceruledge
|-damage|p1a: Ceruledge|91/100
|-ability|p1a: Ceruledge|Weak Armor|boost
|-unboost|p1a: Ceruledge|def|1
|-boost|p1a: Ceruledge|spe|2
|-resisted|p1a: Ceruledge
|-damage|p1a: Ceruledge|74/100
|-ability|p1a: Ceruledge|Weak Armor|boost
|-unboost|p1a: Ceruledge|def|1
|-boost|p1a: Ceruledge|spe|2
|-resisted|p1a: Ceruledge
|-damage|p1a: Ceruledge|53/100
|-ability|p1a: Ceruledge|Weak Armor|boost
|-unboost|p1a: Ceruledge|def|1
|-boost|p1a: Ceruledge|spe|2
|-resisted|p1a: Ceruledge
|-damage|p1a: Ceruledge|28/100
|-ability|p1a: Ceruledge|Weak Armor|boost
|-unboost|p1a: Ceruledge|def|1
|-resisted|p1a: Ceruledge
|-damage|p1a: Ceruledge|0 fnt
|faint|p1a: Ceruledge
|-hitcount|p1: Ceruledge|5
|
|upkeep
|
|t:|1760322199
|switch|p1a: Tyranitar|Tyranitar, M|100/100
|-weather|Sandstorm|[from] ability: Sand Stream|[of] p1a: Tyranitar
|turn|2
|
|t:|1760322205
|move|p2a: Mamoswine|Stealth Rock|p1a: Tyranitar
|-sidestart|p1: Voltaris33|move: Stealth Rock
|move|p1a: Tyranitar|Knock Off|p2a: Mamoswine
|-damage|p2a: Mamoswine|10/100
|-enditem|p2a: Mamoswine|Loaded Dice|[from] move: Knock Off|[of] p1a: Tyranitar
|-damage|p1a: Tyranitar|91/100|[from] item: Life Orb
|
|-weather|Sandstorm|[upkeep]
|upkeep
|turn|3
|
|t:|1760322213
|move|p2a: Mamoswine|Earthquake|p1a: Tyranitar
|-supereffective|p1a: Tyranitar
|-damage|p1a: Tyranitar|0 fnt
|faint|p1a: Tyranitar
|
|-weather|Sandstorm|[upkeep]
|upkeep
|
|t:|1760322216
|switch|p1a: Zapdos|Zapdos|100/100
|-damage|p1a: Zapdos|76/100|[from] Stealth Rock
|turn|4
|
|t:|1760322218
|move|p1a: Zapdos|Tera Blast|p2a: Mamoswine
|-damage|p2a: Mamoswine|0 fnt
|faint|p2a: Mamoswine
|
|-weather|Sandstorm|[upkeep]
|-damage|p1a: Zapdos|69/100|[from] Sandstorm
|upkeep
|
|t:|1760322224
|switch|p2a: Raging Bolt|Raging Bolt|100/100
|-enditem|p2a: Raging Bolt|Booster Energy
|-activate|p2a: Raging Bolt|ability: Protosynthesis|[fromitem]
|-start|p2a: Raging Bolt|protosynthesisspa
|turn|5
|
|t:|1760322227
|move|p1a: Zapdos|Volt Switch|p2a: Raging Bolt
|-resisted|p2a: Raging Bolt
|-damage|p2a: Raging Bolt|90/100
|j| Rizzofreko
|
|t:|1760322230
|switch|p1a: Garchomp|Garchomp, M|100/100|[from] Volt Switch
|-damage|p1a: Garchomp|94/100|[from] Stealth Rock
|move|p2a: Raging Bolt|Dragon Pulse|p1a: Garchomp
|-supereffective|p1a: Garchomp
|-damage|p1a: Garchomp|0 fnt
|faint|p1a: Garchomp
|
|-weather|Sandstorm|[upkeep]
|-damage|p2a: Raging Bolt|84/100|[from] Sandstorm
|upkeep
|
|t:|1760322232
|switch|p1a: Noivern|Noivern, M|100/100
|turn|6
|
|t:|1760322237
|-end|p2a: Raging Bolt|Protosynthesis|[silent]
|switch|p2a: Slowking|Slowking-Galar, M|100/100
|move|p1a: Noivern|Defog|p2a: Slowking
|-unboost|p2a: Slowking|evasion|1
|-sideend|p1: Voltaris33|Stealth Rock|[from] move: Defog|[of] p1a: Noivern
|
|-weather|none
|upkeep
|turn|7
|
|t:|1760322240
|move|p1a: Noivern|Taunt|p2a: Slowking
|-start|p2a: Slowking|move: Taunt
|move|p2a: Slowking|Sludge Bomb|p1a: Noivern
|-damage|p1a: Noivern|53/100
|-status|p1a: Noivern|psn
|
|-damage|p1a: Noivern|41/100 psn|[from] psn
|upkeep
|turn|8
|
|t:|1760322252
|move|p1a: Noivern|Draco Meteor|p2a: Slowking
|-damage|p2a: Slowking|69/100
|-unboost|p1a: Noivern|spa|2
|move|p2a: Slowking|Sludge Bomb|p1a: Noivern
|-damage|p1a: Noivern|0 fnt
|faint|p1a: Noivern
|
|upkeep
|
|t:|1760322254
|switch|p1a: Moltres|Moltres-Galar|100/100
|turn|9
|
|t:|1760322262
|switch|p2a: Samurott|Samurott-Hisui, M|100/100
|move|p1a: Moltres|Nasty Plot|p1a: Moltres
|-boost|p1a: Moltres|spa|2
|
|upkeep
|turn|10
|
|t:|1760322265
|move|p2a: Samurott|Knock Off|p1a: Moltres
|-resisted|p1a: Moltres
|-damage|p1a: Moltres|75/100
|-enditem|p1a: Moltres|Weakness Policy|[from] move: Knock Off|[of] p2a: Samurott
|move|p1a: Moltres|Fiery Wrath|p2a: Samurott
|-resisted|p2a: Samurott
|-damage|p2a: Samurott|39/100
|
|upkeep
|turn|11
|
|t:|1760322276
|switch|p2a: Corviknight|Corviknight, F|100/100
|-ability|p2a: Corviknight|Pressure
|move|p1a: Moltres|Fiery Wrath|p2a: Corviknight
|-damage|p2a: Corviknight|14/100
|
|upkeep
|turn|12
|
|t:|1760322282
|move|p1a: Moltres|Fiery Wrath|p2a: Corviknight
|-damage|p2a: Corviknight|0 fnt
|faint|p2a: Corviknight
|
|upkeep
|
|t:|1760322288
|switch|p2a: Slowking|Slowking-Galar, M|100/100
|turn|13
|
|t:|1760322290
|-terastallize|p2a: Slowking|Water
|move|p1a: Moltres|Fiery Wrath|p2a: Slowking
|-damage|p2a: Slowking|46/100
|move|p2a: Slowking|Thunder Wave|p1a: Moltres
|-status|p1a: Moltres|par
|
|upkeep
|turn|14
|
|t:|1760322297
|cant|p1a: Moltres|par
|move|p2a: Slowking|Sludge Bomb|p1a: Moltres
|-damage|p1a: Moltres|46/100 par
|-ability|p1a: Moltres|Berserk|boost
|-boost|p1a: Moltres|spa|1
|
|upkeep
|turn|15
|
|t:|1760322300
|cant|p1a: Moltres|par
|move|p2a: Slowking|Sludge Bomb|p1a: Moltres
|-damage|p1a: Moltres|19/100 par
|
|upkeep
|turn|16
|
|t:|1760322302
|move|p1a: Moltres|Fiery Wrath|p2a: Slowking
|-damage|p2a: Slowking|0 fnt
|faint|p2a: Slowking
|
|upkeep
|
|t:|1760322308
|switch|p2a: Raging Bolt|Raging Bolt|84/100
|turn|17
|
|t:|1760322310
|move|p2a: Raging Bolt|Dragon Pulse|p1a: Moltres
|-damage|p1a: Moltres|0 fnt
|faint|p1a: Moltres
|
|upkeep
|
|t:|1760322311
|switch|p1a: Zapdos|Zapdos|69/100
|turn|18
|
|t:|1760322314
|-terastallize|p1a: Zapdos|Ice
|move|p1a: Zapdos|Tera Blast|p2a: Raging Bolt|[anim] Tera Blast Ice
|-supereffective|p2a: Raging Bolt
|-crit|p2a: Raging Bolt
|-damage|p2a: Raging Bolt|0 fnt
|faint|p2a: Raging Bolt
|-end|p2a: Raging Bolt|Protosynthesis|[silent]
|
|upkeep
|
|t:|1760322322
|switch|p2a: Samurott|Samurott-Hisui, M|39/100
|turn|19
|
|t:|1760322325
|move|p2a: Samurott|Knock Off|p1a: Zapdos
|-damage|p1a: Zapdos|16/100
|-enditem|p1a: Zapdos|Zap Plate|[from] move: Knock Off|[of] p2a: Samurott
|move|p1a: Zapdos|Volt Switch|p2a: Samurott
|-supereffective|p2a: Samurott
|-damage|p2a: Samurott|0 fnt
|faint|p2a: Samurott
|
|upkeep
|
|t:|1760322327
|switch|p2a: Rillaboom|Rillaboom, F|100/100
|-fieldstart|move: Grassy Terrain|[from] ability: Grassy Surge|[of] p2a: Rillaboom
|turn|20
|
|t:|1760322329
|move|p2a: Rillaboom|Grassy Glide|p1a: Zapdos
|-damage|p1a: Zapdos|0 fnt
|-status|p2a: Rillaboom|par|[from] ability: Static|[of] p1a: Zapdos
|faint|p1a: Zapdos
|-damage|p2a: Rillaboom|91/100 par|[from] item: Life Orb
|
|win|Lord Sodium
|raw|Voltaris33's rating: 1517 &rarr; <strong>1501</strong><br />(-16 for losing)
|raw|Lord Sodium's rating: 1579 &rarr; <strong>1595</strong><br />(+16 for winning)
|l|☆Voltaris33
|player|p1|
|l| Rizzofreko
|l|☆Lord Sodium
|player|p2|
|l| king of the cjb
