|j|☆peazzo02
|j|☆yijing
|t:|1760439097
|gametype|singles
|player|p1|peazzo02|169|1061
|player|p2|yijing|unknown|1082
|gen|9
|tier|[Gen 9] OU
|rated|
|rule|HP Percentage Mod: HP is shown in percentages
|rule|Endless Battle Clause: Forcing endless battles is banned
|rule|Species Clause: Limit one of each Pokémon
|rule|OHKO Clause: OHKO moves are banned
|rule|Evasion Items Clause: Evasion items are banned
|rule|Evasion Moves Clause: Evasion moves are banned
|rule|Evasion Abilities Clause: Evasion abilities are banned
|rule|Sleep Moves Clause: Sleep-inducing moves are banned
|clearpoke
|poke|p1|Serperior, F|
|poke|p1|Arbok, M|
|poke|p1|Milotic, F|
|poke|p1|Dragonair, M|
|poke|p1|Dunsparce, F|
|poke|p1|Ting-Lu|
|poke|p2|Rampardos, M|
|poke|p2|Rabsca, M|
|poke|p2|Spiritomb, F|
|poke|p2|Swanna, F|
|poke|p2|Arbok, M|
|poke|p2|Dragalge, F|
|teampreview
|inactive|Battle timer is ON: inactive players will automatically lose when time's up. (requested by yijing)
|
|t:|1760439134
|teamsize|p1|6
|teamsize|p2|6
|start
|switch|p1a: Dragonair|Dragonair, M|100/100
|switch|p2a: Spiritomb|Spiritomb, F|100/100
|turn|1
|
|t:|1760439155
|move|p1a: Dragonair|Dragon Dance|p1a: Dragonair
|-boost|p1a: Dragonair|atk|1
|-boost|p1a: Dragonair|spe|1
|move|p2a: Spiritomb|Toxic|p1a: Dragonair
|-status|p1a: Dragonair|tox
|
|-damage|p1a: Dragonair|94/100 tox|[from] psn
|upkeep
|turn|2
|
|t:|1760439170
|move|p1a: Dragonair|Rest|p1a: Dragonair
|-status|p1a: Dragonair|slp|[from] move: Rest
|-heal|p1a: Dragonair|100/100 slp|[silent]
|move|p2a: Spiritomb|Trick Room|p2a: Spiritomb
|-fieldstart|move: Trick Room|[of] p2a: Spiritomb
|
|upkeep
|turn|3
|
|t:|1760439179
|move|p2a: Spiritomb|Night Shade|p1a: Dragonair
|-damage|p1a: Dragonair|70/100 slp
|cant|p1a: Dragonair|slp
|
|upkeep
|turn|4
|
|t:|1760439190
|switch|p1a: Ting-Lu|Ting-Lu|100/100
|-ability|p1a: Ting-Lu|Vessel of Ruin
|move|p2a: Spiritomb|Night Shade|p1a: Ting-Lu
|-damage|p1a: Ting-Lu|81/100
|
|-heal|p1a: Ting-Lu|87/100|[from] item: Leftovers
|upkeep
|turn|5
|
|t:|1760439205
|switch|p1a: Arbok|Arbok, M|100/100
|-ability|p1a: Arbok|Intimidate|boost
|-unboost|p2a: Spiritomb|atk|1
|move|p2a: Spiritomb|Toxic|p1a: Arbok
|-immune|p1a: Arbok
|
|upkeep
|turn|6
|
|t:|1760439216
|switch|p2a: Rabsca|Rabsca, M, shiny|100/100
|move|p1a: Arbok|Glare|p2a: Rabsca
|-status|p2a: Rabsca|par
|-activate|p2a: Rabsca|ability: Synchronize
|-status|p1a: Arbok|par
|
|-fieldend|move: Trick Room
|upkeep
|turn|7
|inactive|peazzo02 has 120 seconds left.
|
|t:|1760439244
|switch|p1a: Dunsparce|Dunsparce, F|100/100
|cant|p2a: Rabsca|par
|
|upkeep
|turn|8
|
|t:|1760439255
|switch|p2a: Arbok|Arbok, M|100/100
|-ability|p2a: Arbok|Intimidate|boost
|-unboost|p1a: Dunsparce|atk|1
|move|p1a: Dunsparce|Coil|p1a: Dunsparce
|-boost|p1a: Dunsparce|atk|1
|-boost|p1a: Dunsparce|def|1
|-boost|p1a: Dunsparce|accuracy|1
|
|upkeep
|turn|9
|inactive|peazzo02 has 120 seconds left.
|
|t:|1760439285
|move|p2a: Arbok|Switcheroo|p1a: Dunsparce
|-activate|p2a: Arbok|move: Trick|[of] p1a: Dunsparce
|-item|p1a: Dunsparce|Choice Scarf|[from] move: Switcheroo
|-item|p2a: Arbok|Eviolite|[from] move: Switcheroo
|move|p1a: Dunsparce|Hyper Drill|p2a: Arbok
|-damage|p2a: Arbok|43/100
|
|upkeep
|turn|10
|
|t:|1760439297
|switch|p2a: Swanna|Swanna, F|100/100
|switch|p1a: Serperior|Serperior, F|100/100
|
|upkeep
|turn|11
|inactive|peazzo02 has 90 seconds left.
|inactive|peazzo02 has 60 seconds left.
|
|t:|1760439372
|switch|p1a: Dragonair|Dragonair, M|70/100 slp
|move|p2a: Swanna|Flip Turn|p1a: Dragonair
|-resisted|p1a: Dragonair
|-damage|p1a: Dragonair|66/100 slp
|
|t:|1760439396
|switch|p2a: Arbok|Arbok, M|43/100|[from] Flip Turn
|-ability|p2a: Arbok|Intimidate|boost
|-unboost|p1a: Dragonair|atk|1
|
|upkeep
|turn|12
|
|t:|1760439407
|move|p2a: Arbok|Gunk Shot|p1a: Dragonair
|-damage|p1a: Dragonair|42/100 slp
|cant|p1a: Dragonair|slp
|
|upkeep
|turn|13
|
|t:|1760439423
|move|p2a: Arbok|Switcheroo|p1a: Dragonair
|-activate|p2a: Arbok|move: Trick|[of] p1a: Dragonair
|-item|p1a: Dragonair|Eviolite|[from] move: Switcheroo
|-item|p2a: Arbok|Eviolite|[from] move: Switcheroo
|-curestatus|p1a: Dragonair|slp|[msg]
|move|p1a: Dragonair|Rest|p1a: Dragonair
|-status|p1a: Dragonair|slp|[from] move: Rest
|-heal|p1a: Dragonair|100/100 slp|[silent]
|
|upkeep
|turn|14
|
|t:|1760439436
|switch|p2a: Dragalge|Dragalge, F|100/100
|-item|p2a: Dragalge|Air Balloon
|cant|p1a: Dragonair|slp
|
|upkeep
|turn|15
|
|t:|1760439446
|switch|p1a: Ting-Lu|Ting-Lu|87/100
|-ability|p1a: Ting-Lu|Vessel of Ruin
|move|p2a: Dragalge|Draco Meteor|p1a: Ting-Lu
|-damage|p1a: Ting-Lu|55/100
|-unboost|p2a: Dragalge|spa|2
|
|-heal|p1a: Ting-Lu|61/100|[from] item: Leftovers
|upkeep
|turn|16
|inactive|peazzo02 has 30 seconds left.
|inactive|yijing has 120 seconds left.
|
|t:|1760439480
|move|p1a: Ting-Lu|Stealth Rock|p2a: Dragalge
|-sidestart|p2: yijing|move: Stealth Rock
|move|p2a: Dragalge|Flip Turn|p1a: Ting-Lu
|-supereffective|p1a: Ting-Lu
|-damage|p1a: Ting-Lu|49/100
|
|t:|1760439486
|switch|p2a: Swanna|Swanna, F|100/100|[from] Flip Turn
|
|-heal|p1a: Ting-Lu|55/100|[from] item: Leftovers
|upkeep
|turn|17
|inactive|yijing has 120 seconds left.
|inactive|peazzo02 has 30 seconds left.
|
|t:|1760439502
|switch|p1a: Milotic|Milotic, F|100/100
|move|p2a: Swanna|Hurricane|p1a: Milotic|[miss]
|-miss|p2a: Swanna|p1a: Milotic
|
|upkeep
|turn|18
|inactive|peazzo02 has 30 seconds left.
|inactive|yijing has 120 seconds left.
|inactive|peazzo02 has 20 seconds left.
|inactive|peazzo02 has 15 seconds left.
|
|t:|1760439530
|move|p2a: Swanna|Flip Turn|p1a: Milotic
|-resisted|p1a: Milotic
|-damage|p1a: Milotic|92/100
|inactive|yijing has 120 seconds left.
|
|t:|1760439542
|switch|p2a: Rabsca|Rabsca, M, shiny|100/100 par|[from] Flip Turn
|-damage|p2a: Rabsca|76/100 par|[from] Stealth Rock
|move|p1a: Milotic|Scale Shot|p2a: Rabsca
|-damage|p2a: Rabsca|71/100 par
|-damage|p2a: Rabsca|66/100 par
|-hitcount|p2a: Rabsca|2
|-unboost|p1a: Milotic|def|1
|-boost|p1a: Milotic|spe|1
|
|-heal|p1a: Milotic|98/100|[from] item: Leftovers
|upkeep
|turn|19
|inactive|peazzo02 has 30 seconds left this turn.
|inactive|yijing has 120 seconds left.
|inactive|peazzo02 has 20 seconds left.
|
|t:|1760439557
|move|p1a: Milotic|Skitter Smack|p2a: Rabsca
|-supereffective|p2a: Rabsca
|-damage|p2a: Rabsca|39/100 par
|-unboost|p2a: Rabsca|spa|1
|move|p2a: Rabsca|Future Sight|p1a: Milotic
|-start|p2a: Rabsca|move: Future Sight
|
|-heal|p1a: Milotic|100/100|[from] item: Leftovers
|upkeep
|turn|20
|inactive|peazzo02 has 30 seconds left this turn.
|inactive|peazzo02 has 20 seconds left.
|inactive|peazzo02 has 15 seconds left.
|inactive|peazzo02 has 10 seconds left.
|inactive|peazzo02 has 5 seconds left.
|-message|peazzo02 lost due to inactivity.
|
|win|yijing
|raw|peazzo02's rating: 1061 &rarr; <strong>1045</strong><br />(-16 for losing)
|raw|yijing's rating: 1110 &rarr; <strong>1131</strong><br />(+21 for winning)
|l|☆peazzo02
|player|p1|
|l|☆yijing
|player|p2|
