|j|☆doubida9
|j|☆Tonni stark
|t:|1760352040
|gametype|singles
|player|p1|doubida9|red|1455
|player|p2|Tonni stark|170|1400
|gen|9
|tier|[Gen 9] OU
|rated|
|rule|HP Percentage Mod: HP is shown in percentages
|rule|Endless Battle Clause: Forcing endless battles is banned
|rule|Species Clause: Limit one of each Pokémon
|rule|OHKO Clause: OHKO moves are banned
|rule|Evasion Items Clause: Evasion items are banned
|rule|Evasion Moves Clause: Evasion moves are banned
|rule|Evasion Abilities Clause: Evasion abilities are banned
|rule|Sleep Moves Clause: Sleep-inducing moves are banned
|clearpoke
|poke|p1|Torkoal, F|
|poke|p1|Hatterene, F|
|poke|p1|Raging Bolt|
|poke|p1|Slither Wing|
|poke|p1|Venusaur, M|
|poke|p1|Walking Wake|
|poke|p2|Pecharunt|
|poke|p2|Yanmega, F|
|poke|p2|Clefable, M|
|poke|p2|Cryogonal|
|poke|p2|Blaziken, F|
|poke|p2|Quaquaval, F|
|teampreview
|inactive|Battle timer is ON: inactive players will automatically lose when time's up. (requested by Tonni stark)
|
|t:|1760352048
|teamsize|p1|6
|teamsize|p2|6
|start
|switch|p1a: Torkoal|Torkoal, F|100/100
|switch|p2a: Yanmega|Yanmega, F, shiny|100/100
|-weather|SunnyDay|[from] ability: Drought|[of] p1a: Torkoal
|turn|1
|
|t:|1760352055
|move|p2a: Yanmega|Protect|p2a: Yanmega
|-singleturn|p2a: Yanmega|Protect
|move|p1a: Torkoal|Stealth Rock|p2a: Yanmega
|-sidestart|p2: Tonni stark|move: Stealth Rock
|
|-weather|SunnyDay|[upkeep]
|-ability|p2a: Yanmega|Speed Boost|boost
|-boost|p2a: Yanmega|spe|1
|upkeep
|turn|2
|
|t:|1760352061
|move|p2a: Yanmega|Bug Buzz|p1a: Torkoal
|-resisted|p1a: Torkoal
|-damage|p1a: Torkoal|71/100
|-enditem|p2a: Yanmega|Throat Spray
|-boost|p2a: Yanmega|spa|1|[from] item: Throat Spray
|move|p1a: Torkoal|Eruption|p2a: Yanmega
|-supereffective|p2a: Yanmega
|-damage|p2a: Yanmega|0 fnt
|faint|p2a: Yanmega
|
|-weather|SunnyDay|[upkeep]
|upkeep
|
|t:|1760352064
|switch|p2a: Cryogonal|Cryogonal|100/100
|-damage|p2a: Cryogonal|76/100|[from] Stealth Rock
|turn|3
|
|t:|1760352073
|move|p2a: Cryogonal|Rapid Spin|p1a: Torkoal
|-damage|p1a: Torkoal|66/100
|-boost|p2a: Cryogonal|spe|1
|-sideend|p2: Tonni stark|Stealth Rock|[from] move: Rapid Spin|[of] p2a: Cryogonal
|move|p1a: Torkoal|Overheat|p2a: Cryogonal
|-supereffective|p2a: Cryogonal
|-damage|p2a: Cryogonal|0 fnt
|-unboost|p1a: Torkoal|spa|2
|faint|p2a: Cryogonal
|
|-weather|SunnyDay|[upkeep]
|upkeep
|
|t:|1760352079
|switch|p2a: Blaziken|Blaziken, F, shiny|100/100
|turn|4
|
|t:|1760352099
|-terastallize|p1a: Torkoal|Ground
|move|p2a: Blaziken|Aura Sphere|p1a: Torkoal
|-damage|p1a: Torkoal|0 fnt
|faint|p1a: Torkoal
|-damage|p2a: Blaziken|91/100|[from] item: Life Orb
|
|-weather|SunnyDay|[upkeep]
|-ability|p2a: Blaziken|Speed Boost|boost
|-boost|p2a: Blaziken|spe|1
|upkeep
|inactive|doubida9 has 120 seconds left.
|
|t:|1760352121
|switch|p1a: Raging Bolt|Raging Bolt|100/100
|-activate|p1a: Raging Bolt|ability: Protosynthesis
|-start|p1a: Raging Bolt|protosynthesisspa
|turn|5
|
|t:|1760352128
|move|p2a: Blaziken|Aura Sphere|p1a: Raging Bolt
|-damage|p1a: Raging Bolt|46/100
|-damage|p2a: Blaziken|81/100|[from] item: Life Orb
|move|p1a: Raging Bolt|Dragon Pulse|p2a: Blaziken
|-damage|p2a: Blaziken|0 fnt
|faint|p2a: Blaziken
|-damage|p1a: Raging Bolt|36/100|[from] item: Life Orb
|
|-weather|SunnyDay|[upkeep]
|upkeep
|
|t:|1760352132
|switch|p2a: Clefable|Clefable, M|100/100
|turn|6
|inactive|doubida9 has 120 seconds left.
|
|t:|1760352158
|-end|p1a: Raging Bolt|Protosynthesis|[silent]
|switch|p1a: Venusaur|Venusaur, M|100/100
|move|p2a: Clefable|Moonblast|p1a: Venusaur
|-resisted|p1a: Venusaur
|-damage|p1a: Venusaur|79/100
|-unboost|p1a: Venusaur|spa|1
|
|-weather|SunnyDay|[upkeep]
|upkeep
|turn|7
|inactive|doubida9 has 120 seconds left.
|
|t:|1760352165
|-terastallize|p2a: Clefable|Psychic
|move|p1a: Venusaur|Growth|p1a: Venusaur
|-boost|p1a: Venusaur|atk|2
|-boost|p1a: Venusaur|spa|2
|move|p2a: Clefable|Cosmic Power|p2a: Clefable
|-boost|p2a: Clefable|def|1
|-boost|p2a: Clefable|spd|1
|
|-weather|SunnyDay|[upkeep]
|upkeep
|turn|8
|
|t:|1760352172
|move|p1a: Venusaur|Weather Ball|p2a: Clefable
|-damage|p2a: Clefable|62/100
|-damage|p1a: Venusaur|69/100|[from] item: Life Orb
|move|p2a: Clefable|Cosmic Power|p2a: Clefable
|-boost|p2a: Clefable|def|1
|-boost|p2a: Clefable|spd|1
|
|-weather|none
|-heal|p2a: Clefable|68/100|[from] item: Leftovers
|upkeep
|turn|9
|inactive|doubida9 has 120 seconds left.
|
|t:|1760352188
|move|p1a: Venusaur|Giga Drain|p2a: Clefable
|-damage|p2a: Clefable|48/100
|-heal|p1a: Venusaur|82/100|[from] drain|[of] p2a: Clefable
|-damage|p1a: Venusaur|72/100|[from] item: Life Orb
|move|p2a: Clefable|Moonlight|p2a: Clefable
|-heal|p2a: Clefable|98/100
|
|-heal|p2a: Clefable|100/100|[from] item: Leftovers
|upkeep
|turn|10
|inactive|doubida9 has 120 seconds left.
|
|t:|1760352207
|switch|p1a: Slither Wing|Slither Wing|100/100
|move|p2a: Clefable|Cosmic Power|p2a: Clefable
|-boost|p2a: Clefable|def|1
|-boost|p2a: Clefable|spd|1
|
|upkeep
|turn|11
|
|t:|1760352211
|move|p1a: Slither Wing|U-turn|p2a: Clefable
|-supereffective|p2a: Clefable
|-damage|p2a: Clefable|67/100
|
|t:|1760352214
|-end|p1a: Slither Wing|Protosynthesis|[silent]
|switch|p1a: Venusaur|Venusaur, M|72/100|[from] U-turn
|move|p2a: Clefable|Stored Power|p1a: Venusaur
|-supereffective|p1a: Venusaur
|-damage|p1a: Venusaur|0 fnt
|faint|p1a: Venusaur
|
|-heal|p2a: Clefable|73/100|[from] item: Leftovers
|upkeep
|
|t:|1760352220
|switch|p1a: Slither Wing|Slither Wing|100/100
|turn|12
|
|t:|1760352225
|move|p1a: Slither Wing|First Impression|p2a: Clefable
|-supereffective|p2a: Clefable
|-damage|p2a: Clefable|33/100
|move|p2a: Clefable|Moonlight|p2a: Clefable
|-heal|p2a: Clefable|83/100
|
|-heal|p2a: Clefable|89/100|[from] item: Leftovers
|upkeep
|turn|13
|
|t:|1760352236
|move|p1a: Slither Wing|U-turn|p2a: Clefable
|-supereffective|p2a: Clefable
|-damage|p2a: Clefable|60/100
|
|t:|1760352241
|-end|p1a: Slither Wing|Protosynthesis|[silent]
|switch|p1a: Raging Bolt|Raging Bolt|36/100|[from] U-turn
|move|p2a: Clefable|Stored Power|p1a: Raging Bolt
|-damage|p1a: Raging Bolt|0 fnt
|faint|p1a: Raging Bolt
|-end|p1a: Raging Bolt|Protosynthesis|[silent]
|
|-heal|p2a: Clefable|66/100|[from] item: Leftovers
|upkeep
|
|t:|1760352243
|switch|p1a: Hatterene|Hatterene, F|100/100
|-item|p1a: Hatterene|Air Balloon
|turn|14
|
|t:|1760352261
|move|p2a: Clefable|Moonlight|p2a: Clefable
|-heal|p2a: Clefable|100/100
|move|p1a: Hatterene|Psychic Noise|p2a: Clefable
|-resisted|p2a: Clefable
|-damage|p2a: Clefable|94/100
|-start|p2a: Clefable|move: Heal Block
|
|upkeep
|turn|15
|
|t:|1760352276
|switch|p1a: Slither Wing|Slither Wing|100/100
|move|p2a: Clefable|Cosmic Power|p2a: Clefable
|-boost|p2a: Clefable|def|1
|-boost|p2a: Clefable|spd|1
|
|-end|p2a: Clefable|move: Heal Block
|upkeep
|turn|16
|
|t:|1760352282
|move|p1a: Slither Wing|U-turn|p2a: Clefable
|-supereffective|p2a: Clefable
|-damage|p2a: Clefable|66/100
|
|t:|1760352287
|-end|p1a: Slither Wing|Protosynthesis|[silent]
|switch|p1a: Hatterene|Hatterene, F|100/100|[from] U-turn
|-item|p1a: Hatterene|Air Balloon
|move|p2a: Clefable|Cosmic Power|p2a: Clefable
|-boost|p2a: Clefable|def|1
|-boost|p2a: Clefable|spd|1
|
|-heal|p2a: Clefable|72/100|[from] item: Leftovers
|upkeep
|turn|17
|
|t:|1760352295
|move|p2a: Clefable|Moonlight|p2a: Clefable
|-heal|p2a: Clefable|100/100
|move|p1a: Hatterene|Dazzling Gleam|p2a: Clefable
|-damage|p2a: Clefable|91/100
|
|-heal|p2a: Clefable|97/100|[from] item: Leftovers
|upkeep
|turn|18
|
|t:|1760352305
|move|p2a: Clefable|Cosmic Power|p2a: Clefable
|-boost|p2a: Clefable|def|1
|-boost|p2a: Clefable|spd|1
|move|p1a: Hatterene|Dazzling Gleam|p2a: Clefable
|-damage|p2a: Clefable|88/100
|
|-heal|p2a: Clefable|94/100|[from] item: Leftovers
|upkeep
|turn|19
|
|t:|1760352314
|move|p2a: Clefable|Stored Power|p1a: Hatterene
|-resisted|p1a: Hatterene
|-damage|p1a: Hatterene|47/100
|-enditem|p1a: Hatterene|Air Balloon
|move|p1a: Hatterene|Psychic Noise|p2a: Clefable
|-resisted|p2a: Clefable
|-damage|p2a: Clefable|90/100
|-start|p2a: Clefable|move: Heal Block
|
|upkeep
|turn|20
|
|t:|1760352326
|move|p2a: Clefable|Stored Power|p1a: Hatterene
|-resisted|p1a: Hatterene
|-damage|p1a: Hatterene|2/100
|move|p1a: Hatterene|Dazzling Gleam|p2a: Clefable
|-damage|p2a: Clefable|82/100
|
|-end|p2a: Clefable|move: Heal Block
|upkeep
|turn|21
|
|t:|1760352336
|move|p2a: Clefable|Moonblast|p1a: Hatterene
|-damage|p1a: Hatterene|0 fnt
|faint|p1a: Hatterene
|
|-heal|p2a: Clefable|88/100|[from] item: Leftovers
|upkeep
|
|t:|1760352340
|switch|p1a: Slither Wing|Slither Wing|100/100
|turn|22
|
|t:|1760352345
|move|p1a: Slither Wing|U-turn|p2a: Clefable
|-supereffective|p2a: Clefable
|-damage|p2a: Clefable|68/100
|
|t:|1760352348
|-end|p1a: Slither Wing|Protosynthesis|[silent]
|switch|p1a: Walking Wake|Walking Wake|100/100|[from] U-turn
|move|p2a: Clefable|Stored Power|p1a: Walking Wake
|-damage|p1a: Walking Wake|0 fnt
|faint|p1a: Walking Wake
|-end|p1a: Walking Wake|Protosynthesis|[silent]
|
|-heal|p2a: Clefable|74/100|[from] item: Leftovers
|upkeep
|
|t:|1760352349
|switch|p1a: Slither Wing|Slither Wing|100/100
|turn|23
|
|t:|1760352352
|move|p1a: Slither Wing|First Impression|p2a: Clefable
|-supereffective|p2a: Clefable
|-damage|p2a: Clefable|51/100
|move|p2a: Clefable|Stored Power|p1a: Slither Wing
|-supereffective|p1a: Slither Wing
|-damage|p1a: Slither Wing|0 fnt
|faint|p1a: Slither Wing
|-end|p1a: Slither Wing|Protosynthesis|[silent]
|
|win|Tonni stark
|raw|doubida9's rating: 1455 &rarr; <strong>1432</strong><br />(-23 for losing)
|raw|Tonni stark's rating: 1400 &rarr; <strong>1423</strong><br />(+23 for winning)
|l|☆doubida9
|player|p1|
|l|☆Tonni stark
|player|p2|
|j|☆Tonni stark
|player|p2|Tonni stark|170|
|l|☆Tonni stark
|player|p2|
