|j|‽Agency Playa
|j|☆jamel1
|t:|1760377144
|gametype|singles
|player|p1|Agency Playa|brendan|1674
|player|p2|jamel1|102|1665
|gen|9
|tier|[Gen 9] OU
|rated|
|rule|HP Percentage Mod: HP is shown in percentages
|rule|Endless Battle Clause: Forcing endless battles is banned
|rule|Species Clause: Limit one of each Pokémon
|rule|OHKO Clause: OHKO moves are banned
|rule|Evasion Items Clause: Evasion items are banned
|rule|Evasion Moves Clause: Evasion moves are banned
|rule|Evasion Abilities Clause: Evasion abilities are banned
|rule|Sleep Moves Clause: Sleep-inducing moves are banned
|clearpoke
|poke|p1|Weezing-Galar, M|
|poke|p1|Garchomp, M|
|poke|p1|Samurott-Hisui, M|
|poke|p1|Slowking-Galar, F|
|poke|p1|Iron Treads|
|poke|p1|Zapdos|
|poke|p2|Gyarados, F|
|poke|p2|Maushold|
|poke|p2|Deoxys-Defense|
|poke|p2|Sandaconda, M|
|poke|p2|Serperior, F|
|poke|p2|Kommo-o, M|
|teampreview
|inactive|Battle timer is ON: inactive players will automatically lose when time's up. (requested by Agency Playa)
|
|t:|1760377168
|teamsize|p1|6
|teamsize|p2|6
|start
|switch|p1a: Slowking|Slowking-Galar, F, shiny|100/100
|switch|p2a: Sandaconda|Sandaconda, M|100/100
|turn|1
|
|t:|1760377175
|switch|p1a: Weezing|Weezing-Galar, M|100/100
|move|p2a: Sandaconda|Earthquake|p1a: Weezing
|-immune|p1a: Weezing|[from] ability: Levitate
|
|upkeep
|turn|2
|
|t:|1760377182
|move|p2a: Sandaconda|Glare|p1a: Weezing
|-status|p1a: Weezing|par
|cant|p1a: Weezing|par
|
|upkeep
|turn|3
|
|t:|1760377188
|move|p2a: Sandaconda|Stealth Rock|p1a: Weezing
|-sidestart|p1: Agency Playa|move: Stealth Rock
|cant|p1a: Weezing|par
|
|upkeep
|turn|4
|
|t:|1760377193
|move|p2a: Sandaconda|Iron Head|p1a: Weezing
|-supereffective|p1a: Weezing
|-damage|p1a: Weezing|67/100 par
|-damage|p2a: Sandaconda|84/100|[from] item: Rocky Helmet|[of] p1a: Weezing
|move|p1a: Weezing|Will-O-Wisp|p2a: Sandaconda
|-status|p2a: Sandaconda|brn
|
|-damage|p2a: Sandaconda|78/100 brn|[from] brn
|upkeep
|turn|5
|
|t:|1760377204
|move|p2a: Sandaconda|Iron Head|p1a: Weezing
|-supereffective|p1a: Weezing
|-damage|p1a: Weezing|52/100 par
|-damage|p2a: Sandaconda|62/100 brn|[from] item: Rocky Helmet|[of] p1a: Weezing
|cant|p1a: Weezing|flinch
|
|-activate|p2a: Sandaconda|ability: Shed Skin
|-curestatus|p2a: Sandaconda|brn|[msg]
|upkeep
|turn|6
|
|t:|1760377216
|move|p2a: Sandaconda|Iron Head|p1a: Weezing
|-supereffective|p1a: Weezing
|-damage|p1a: Weezing|17/100 par
|-damage|p2a: Sandaconda|45/100|[from] item: Rocky Helmet|[of] p1a: Weezing
|cant|p1a: Weezing|flinch
|
|upkeep
|turn|7
|
|t:|1760377224
|move|p2a: Sandaconda|Iron Head|p1a: Weezing
|-supereffective|p1a: Weezing
|-damage|p1a: Weezing|0 fnt
|-damage|p2a: Sandaconda|29/100|[from] item: Rocky Helmet|[of] p1a: Weezing
|faint|p1a: Weezing
|
|upkeep
|inactive|Agency Playa has 120 seconds left.
|
|t:|1760377269
|switch|p1a: Zapdos|Zapdos, shiny|100/100
|turn|8
|
|t:|1760377274
|move|p2a: Sandaconda|Iron Head|p1a: Zapdos
|-resisted|p1a: Zapdos
|-crit|p1a: Zapdos
|-damage|p1a: Zapdos|86/100
|-status|p2a: Sandaconda|par|[from] ability: Static|[of] p1a: Zapdos
|cant|p1a: Zapdos|flinch
|
|upkeep
|turn|9
|inactive|Agency Playa has 120 seconds left.
|
|t:|1760377281
|move|p1a: Zapdos|Heat Wave|p2a: Sandaconda
|-damage|p2a: Sandaconda|0 fnt
|faint|p2a: Sandaconda
|
|upkeep
|
|t:|1760377283
|switch|p2a: Serperior|Serperior, F|100/100
|turn|10
|
|t:|1760377288
|move|p2a: Serperior|Light Screen|p2a: Serperior
|-sidestart|p2: jamel1|move: Light Screen
|move|p1a: Zapdos|Heat Wave|p2a: Serperior
|-supereffective|p2a: Serperior
|-damage|p2a: Serperior|64/100
|
|upkeep
|turn|11
|
|t:|1760377294
|move|p2a: Serperior|Reflect|p2a: Serperior
|-sidestart|p2: jamel1|Reflect
|move|p1a: Zapdos|Hurricane|p2a: Serperior
|-supereffective|p2a: Serperior
|-damage|p2a: Serperior|0 fnt
|faint|p2a: Serperior
|
|upkeep
|
|t:|1760377316
|switch|p2a: Deoxys|Deoxys-Defense|100/100
|-ability|p2a: Deoxys|Pressure
|turn|12
|
|t:|1760377321
|move|p1a: Zapdos|Volt Switch|p2a: Deoxys
|-damage|p2a: Deoxys|90/100
|
|t:|1760377325
|switch|p1a: Garchomp|Garchomp, M|100/100|[from] Volt Switch
|-damage|p1a: Garchomp|94/100|[from] Stealth Rock
|move|p2a: Deoxys|Cosmic Power|p2a: Deoxys
|-boost|p2a: Deoxys|def|1
|-boost|p2a: Deoxys|spd|1
|
|upkeep
|turn|13
|
|t:|1760377333
|move|p1a: Garchomp|Stealth Rock|p2a: Deoxys
|-sidestart|p2: jamel1|move: Stealth Rock
|move|p2a: Deoxys|Stored Power|p1a: Garchomp
|-damage|p1a: Garchomp|79/100
|
|upkeep
|turn|14
|j| FaronAan
|
|t:|1760377344
|switch|p2a: Kommo-o|Kommo-o, M|100/100
|-damage|p2a: Kommo-o|94/100|[from] Stealth Rock
|move|p1a: Garchomp|Dragon Tail|p2a: Kommo-o
|-supereffective|p2a: Kommo-o
|-damage|p2a: Kommo-o|69/100
|drag|p2a: Maushold|Maushold|100/100
|-damage|p2a: Maushold|88/100|[from] Stealth Rock
|
|upkeep
|turn|15
|
|t:|1760377358
|move|p2a: Maushold|Tidy Up|p2a: Maushold
|-sideend|p2: jamel1|Stealth Rock
|-sideend|p1: Agency Playa|Stealth Rock
|-activate|p2a: Maushold|move: Tidy Up
|-boost|p2a: Maushold|atk|1
|-boost|p2a: Maushold|spe|1
|move|p1a: Garchomp|Earthquake|p2a: Maushold
|-damage|p2a: Maushold|61/100
|
|upkeep
|turn|16
|
|t:|1760377366
|move|p2a: Maushold|Population Bomb|p1a: Garchomp
|-damage|p1a: Garchomp|68/100
|-activate|p1a: Garchomp|ability: Rough Skin
|-activate|p2a: Maushold|item: Protective Pads
|-crit|p1a: Garchomp
|-damage|p1a: Garchomp|50/100
|-activate|p1a: Garchomp|ability: Rough Skin
|-activate|p2a: Maushold|item: Protective Pads
|-damage|p1a: Garchomp|39/100
|-activate|p1a: Garchomp|ability: Rough Skin
|-activate|p2a: Maushold|item: Protective Pads
|-damage|p1a: Garchomp|27/100
|-activate|p1a: Garchomp|ability: Rough Skin
|-activate|p2a: Maushold|item: Protective Pads
|-damage|p1a: Garchomp|17/100
|-activate|p1a: Garchomp|ability: Rough Skin
|-activate|p2a: Maushold|item: Protective Pads
|-damage|p1a: Garchomp|4/100
|-activate|p1a: Garchomp|ability: Rough Skin
|-activate|p2a: Maushold|item: Protective Pads
|-damage|p1a: Garchomp|0 fnt
|-activate|p1a: Garchomp|ability: Rough Skin
|-activate|p2a: Maushold|item: Protective Pads
|faint|p1a: Garchomp
|-hitcount|p1: Garchomp|7
|
|upkeep
|inactive|Agency Playa has 120 seconds left.
|
|t:|1760377397
|switch|p1a: Iron Treads|Iron Treads, shiny|100/100
|turn|17
|j| bloodhound q50
|
|t:|1760377405
|move|p2a: Maushold|Population Bomb|p1a: Iron Treads
|-resisted|p1a: Iron Treads
|-damage|p1a: Iron Treads|93/100
|-resisted|p1a: Iron Treads
|-damage|p1a: Iron Treads|84/100
|-resisted|p1a: Iron Treads
|-crit|p1a: Iron Treads
|-damage|p1a: Iron Treads|71/100
|-resisted|p1a: Iron Treads
|-damage|p1a: Iron Treads|62/100
|-resisted|p1a: Iron Treads
|-damage|p1a: Iron Treads|54/100
|-resisted|p1a: Iron Treads
|-damage|p1a: Iron Treads|46/100
|-resisted|p1a: Iron Treads
|-damage|p1a: Iron Treads|39/100
|-resisted|p1a: Iron Treads
|-damage|p1a: Iron Treads|31/100
|-resisted|p1a: Iron Treads
|-damage|p1a: Iron Treads|22/100
|-resisted|p1a: Iron Treads
|-damage|p1a: Iron Treads|15/100
|-hitcount|p1a: Iron Treads|10
|move|p1a: Iron Treads|Earthquake|p2a: Maushold
|-damage|p2a: Maushold|30/100
|
|-sideend|p2: jamel1|move: Light Screen
|upkeep
|turn|18
|c| bloodhound q50|sheesh
|inactive|Agency Playa has 120 seconds left.
|
|t:|1760377428
|move|p2a: Maushold|Population Bomb|p1a: Iron Treads
|-resisted|p1a: Iron Treads
|-damage|p1a: Iron Treads|6/100
|-resisted|p1a: Iron Treads
|-damage|p1a: Iron Treads|0 fnt
|faint|p1a: Iron Treads
|-end|p1a: Iron Treads|Quark Drive|[silent]
|-hitcount|p1: Iron Treads|2
|
|-sideend|p2: jamel1|Reflect
|upkeep
|
|t:|1760377437
|switch|p1a: Samurott|Samurott-Hisui, M, shiny|100/100
|turn|19
|
|t:|1760377441
|move|p1a: Samurott|Sucker Punch||[still]
|-fail|p1a: Samurott
|move|p2a: Maushold|Thunder Wave|p1a: Samurott
|-status|p1a: Samurott|par
|
|upkeep
|turn|20
|
|t:|1760377448
|cant|p1a: Samurott|par
|move|p2a: Maushold|Population Bomb|p1a: Samurott
|-damage|p1a: Samurott|77/100 par
|-damage|p1a: Samurott|55/100 par
|-damage|p1a: Samurott|33/100 par
|-damage|p1a: Samurott|10/100 par
|-damage|p1a: Samurott|0 fnt
|faint|p1a: Samurott
|-hitcount|p1: Samurott|5
|
|upkeep
|c| bloodhound q50|ooh twave Maus is new
|-message|Agency Playa forfeited.
|
|win|jamel1
|raw|Agency Playa's rating: 1674 &rarr; <strong>1653</strong><br />(-21 for losing)
|raw|jamel1's rating: 1665 &rarr; <strong>1686</strong><br />(+21 for winning)
|l|‽Agency Playa
|player|p1|
|l| bloodhound q50
|l| FaronAan
|l|☆jamel1
|player|p2|
