|badge|p2|silver|gen9doublesou|30-7
|badge|p2|bronze|gen9ru|100-7
|uhtml|medal-msg|<div class="broadcast-blue">Curious what those medals under the avatar are? PS now has Ladder Seasons! For more information, check out the <a href="https://www.smogon.com/forums/threads/3740067/">thread on Smogon.</a></div>
|j|☆Perola P
|j|☆3idk
|t:|1760434321
|gametype|singles
|player|p1|Perola P|wallace|1526
|player|p2|3idk|cynthia-masters|1658
|gen|9
|tier|[Gen 9] OU
|rated|
|rule|HP Percentage Mod: HP is shown in percentages
|rule|Endless Battle Clause: Forcing endless battles is banned
|rule|Species Clause: Limit one of each Pokémon
|rule|OHKO Clause: OHKO moves are banned
|rule|Evasion Items Clause: Evasion items are banned
|rule|Evasion Moves Clause: Evasion moves are banned
|rule|Evasion Abilities Clause: Evasion abilities are banned
|rule|Sleep Moves Clause: Sleep-inducing moves are banned
|clearpoke
|poke|p1|Enamorus, F|
|poke|p1|Primarina, M|
|poke|p1|Cinderace, F|
|poke|p1|Dragapult, M|
|poke|p1|Iron Moth|
|poke|p1|Darkrai|
|poke|p2|Pelipper, F|
|poke|p2|Tornadus-Therian, M|
|poke|p2|Iron Treads|
|poke|p2|Decidueye-Hisui, M|
|poke|p2|Barraskewda, M|
|poke|p2|Raging Bolt|
|teampreview
|inactive|Battle timer is ON: inactive players will automatically lose when time's up. (requested by 3idk)
|
|t:|1760434350
|teamsize|p1|6
|teamsize|p2|6
|start
|switch|p1a: Darkrai|Darkrai|100/100
|switch|p2a: Tornadus|Tornadus-Therian, M|100/100
|turn|1
|
|t:|1760434363
|move|p1a: Darkrai|Dark Pulse|p2a: Tornadus
|-damage|p2a: Tornadus|32/100
|-damage|p1a: Darkrai|91/100|[from] item: Life Orb
|move|p2a: Tornadus|U-turn|p1a: Darkrai
|-supereffective|p1a: Darkrai
|-damage|p1a: Darkrai|54/100
|
|t:|1760434369
|switch|p2a: Pelipper|Pelipper, F|100/100|[from] U-turn
|-weather|RainDance|[from] ability: Drizzle|[of] p2a: Pelipper
|
|-weather|RainDance|[upkeep]
|upkeep
|turn|2
|
|t:|1760434383
|move|p1a: Darkrai|Dark Pulse|p2a: Pelipper
|-damage|p2a: Pelipper|19/100
|-damage|p1a: Darkrai|44/100|[from] item: Life Orb
|move|p2a: Pelipper|U-turn|p1a: Darkrai
|-supereffective|p1a: Darkrai
|-damage|p1a: Darkrai|17/100
|
|t:|1760434390
|switch|p2a: Barraskewda|Barraskewda, M|100/100|[from] U-turn
|
|-weather|RainDance|[upkeep]
|upkeep
|turn|3
|
|t:|1760434406
|move|p2a: Barraskewda|Aqua Jet|p1a: Darkrai
|-damage|p1a: Darkrai|0 fnt
|faint|p1a: Darkrai
|-damage|p2a: Barraskewda|91/100|[from] item: Life Orb
|
|-weather|RainDance|[upkeep]
|upkeep
|j| wgw2333
|inactive|Perola P has 120 seconds left.
|
|t:|1760434427
|switch|p1a: Primarina|Primarina, M|100/100
|turn|4
|inactive|Perola P has 120 seconds left.
|
|t:|1760434437
|move|p2a: Barraskewda|Flip Turn|p1a: Primarina
|-resisted|p1a: Primarina
|-damage|p1a: Primarina|56/100
|-damage|p2a: Barraskewda|81/100|[from] item: Life Orb
|
|t:|1760434443
|switch|p2a: Iron Treads|Iron Treads|100/100|[from] Flip Turn
|move|p1a: Primarina|Sparkling Aria|p2a: Iron Treads
|-supereffective|p2a: Iron Treads
|-damage|p2a: Iron Treads|0 fnt
|faint|p2a: Iron Treads
|-end|p2a: Iron Treads|Quark Drive|[silent]
|
|-weather|RainDance|[upkeep]
|upkeep
|
|t:|1760434447
|switch|p2a: Tornadus|Tornadus-Therian, M|65/100
|turn|5
|inactive|Perola P has 120 seconds left.
|
|t:|1760434473
|-terastallize|p2a: Tornadus|Flying
|move|p2a: Tornadus|Hurricane|p1a: Primarina
|-damage|p1a: Primarina|0 fnt
|faint|p1a: Primarina
|
|-weather|RainDance|[upkeep]
|upkeep
|
|t:|1760434498
|switch|p1a: Dragapult|Dragapult, M|100/100
|turn|6
|
|t:|1760434511
|switch|p2a: Decidueye|Decidueye-Hisui, M|100/100
|move|p1a: Dragapult|Dragon Darts|p2a: Decidueye
|-damage|p2a: Decidueye|75/100
|-anim|p1a: Dragapult|Dragon Darts|p2a: Decidueye
|-damage|p2a: Decidueye|49/100
|-damage|p1a: Dragapult|91/100|[from] item: Life Orb
|
|-weather|RainDance|[upkeep]
|upkeep
|turn|7
|
|t:|1760434526
|switch|p1a: Cinderace|Cinderace, F|100/100
|move|p2a: Decidueye|U-turn|p1a: Cinderace
|-resisted|p1a: Cinderace
|-damage|p1a: Cinderace|88/100
|
|t:|1760434532
|switch|p2a: Barraskewda|Barraskewda, M|81/100|[from] U-turn
|
|-weather|RainDance|[upkeep]
|upkeep
|turn|8
|
|t:|1760434548
|move|p2a: Barraskewda|Liquidation|p1a: Cinderace
|-supereffective|p1a: Cinderace
|-damage|p1a: Cinderace|0 fnt
|faint|p1a: Cinderace
|-damage|p2a: Barraskewda|71/100|[from] item: Life Orb
|
|-weather|none
|upkeep
|inactive|Perola P has 90 seconds left.
|
|t:|1760434570
|switch|p1a: Dragapult|Dragapult, M|91/100
|turn|9
|inactive|Perola P has 90 seconds left.
|inactive|3idk has 120 seconds left.
|
|t:|1760434611
|switch|p2a: Pelipper|Pelipper, F|19/100
|-weather|RainDance|[from] ability: Drizzle|[of] p2a: Pelipper
|move|p1a: Dragapult|U-turn|p2a: Pelipper
|-resisted|p2a: Pelipper
|-crit|p2a: Pelipper
|-damage|p2a: Pelipper|2/100
|-damage|p1a: Dragapult|81/100|[from] item: Life Orb
|
|t:|1760434625
|switch|p1a: Iron Moth|Iron Moth|100/100|[from] U-turn
|-enditem|p1a: Iron Moth|Booster Energy
|-activate|p1a: Iron Moth|ability: Quark Drive|[fromitem]
|-start|p1a: Iron Moth|quarkdrivespe
|
|-weather|RainDance|[upkeep]
|upkeep
|turn|10
|inactive|3idk has 120 seconds left.
|
|t:|1760434641
|switch|p2a: Decidueye|Decidueye-Hisui, M|49/100
|move|p1a: Iron Moth|Fiery Dance|p2a: Decidueye
|-supereffective|p2a: Decidueye
|-damage|p2a: Decidueye|13/100
|-boost|p1a: Iron Moth|spa|1
|
|-weather|RainDance|[upkeep]
|upkeep
|turn|11
|
|t:|1760434652
|move|p1a: Iron Moth|Fiery Dance|p2a: Decidueye
|-supereffective|p2a: Decidueye
|-damage|p2a: Decidueye|0 fnt
|faint|p2a: Decidueye
|
|-weather|RainDance|[upkeep]
|upkeep
|inactive|3idk has 120 seconds left.
|
|t:|1760434659
|switch|p2a: Barraskewda|Barraskewda, M|71/100
|turn|12
|inactive|Perola P has 90 seconds left.
|
|t:|1760434669
|move|p2a: Barraskewda|Flip Turn|p1a: Iron Moth
|-supereffective|p1a: Iron Moth
|-damage|p1a: Iron Moth|0 fnt
|faint|p1a: Iron Moth
|-end|p1a: Iron Moth|Quark Drive|[silent]
|-damage|p2a: Barraskewda|61/100|[from] item: Life Orb
|
|t:|1760434673
|switch|p2a: Tornadus|Tornadus-Therian, M, tera:Flying|98/100|[from] Flip Turn
|
|-weather|RainDance|[upkeep]
|upkeep
|inactive|Perola P has 90 seconds left.
|
|t:|1760434686
|switch|p1a: Dragapult|Dragapult, M|81/100
|turn|13
|l| wgw2333
|
|t:|1760434707
|move|p1a: Dragapult|Dragon Darts|p2a: Tornadus
|-damage|p2a: Tornadus|54/100
|-anim|p1a: Dragapult|Dragon Darts|p2a: Tornadus
|-damage|p2a: Tornadus|6/100
|-damage|p1a: Dragapult|71/100|[from] item: Life Orb
|move|p2a: Tornadus|Hurricane|p1a: Dragapult
|-damage|p1a: Dragapult|0 fnt
|faint|p1a: Dragapult
|
|-weather|RainDance|[upkeep]
|upkeep
|inactive|Perola P has 90 seconds left.
|-message|Perola P forfeited.
|
|win|3idk
|raw|Perola P's rating: 1526 &rarr; <strong>1513</strong><br />(-13 for losing)
|raw|3idk's rating: 1658 &rarr; <strong>1671</strong><br />(+13 for winning)
|l|☆Perola P
|player|p1|
