|j|☆ultracentrifuge
|j|☆fhfghbffg随便取的
|t:|1760445893
|gametype|singles
|player|p1|ultracentrifuge|hilda-masters3|1446
|player|p2|fhfghbffg随便取的|iono|1496
|gen|9
|tier|[Gen 9] OU
|rated|
|rule|HP Percentage Mod: HP is shown in percentages
|rule|Endless Battle Clause: Forcing endless battles is banned
|rule|Species Clause: Limit one of each Pokémon
|rule|OHKO Clause: OHKO moves are banned
|rule|Evasion Items Clause: Evasion items are banned
|rule|Evasion Moves Clause: Evasion moves are banned
|rule|Evasion Abilities Clause: Evasion abilities are banned
|rule|Sleep Moves Clause: Sleep-inducing moves are banned
|clearpoke
|poke|p1|Great Tusk|
|poke|p1|Alomomola, M|
|poke|p1|Kyurem|
|poke|p1|Gholdengo|
|poke|p1|Haxorus, M|
|poke|p1|Zapdos|
|poke|p2|Blaziken, F|
|poke|p2|Grimmsnarl, M|
|poke|p2|Kingambit, F|
|poke|p2|Ogerpon-Wellspring, F|
|poke|p2|Ninetales-Alola, F|
|poke|p2|Kyurem|
|teampreview
|inactive|Battle timer is ON: inactive players will automatically lose when time's up. (requested by fhfghbffg随便取的)
|
|t:|1760445911
|teamsize|p1|6
|teamsize|p2|6
|start
|switch|p1a: Gholdengo|Gholdengo, shiny|100/100
|switch|p2a: Ninetales|Ninetales-Alola, F|100/100
|-weather|Snowscape|[from] ability: Snow Warning|[of] p2a: Ninetales
|turn|1
|
|t:|1760445917
|move|p2a: Ninetales|Aurora Veil|p2a: Ninetales
|-sidestart|p2: fhfghbffg随便取的|move: Aurora Veil
|move|p1a: Gholdengo|Nasty Plot|p1a: Gholdengo
|-boost|p1a: Gholdengo|spa|2
|
|-weather|Snowscape|[upkeep]
|upkeep
|turn|2
|
|t:|1760445926
|switch|p2a: Ogerpon|Ogerpon-Wellspring, F|100/100
|move|p1a: Gholdengo|Focus Blast|p2a: Ogerpon
|-crit|p2a: Ogerpon
|-damage|p2a: Ogerpon|0 fnt
|faint|p2a: Ogerpon
|
|-weather|Snowscape|[upkeep]
|upkeep
|
|t:|1760445935
|switch|p2a: Blaziken|Blaziken, F|100/100
|turn|3
|inactive|ultracentrifuge has 120 seconds left.
|
|t:|1760445968
|switch|p1a: Alomomola|Alomomola, M|100/100
|-terastallize|p2a: Blaziken|Dark
|move|p2a: Blaziken|Swords Dance|p2a: Blaziken
|-boost|p2a: Blaziken|atk|2
|
|-weather|Snowscape|[upkeep]
|-ability|p2a: Blaziken|Speed Boost|boost
|-boost|p2a: Blaziken|spe|1
|upkeep
|turn|4
|
|t:|1760445974
|move|p2a: Blaziken|Swords Dance|p2a: Blaziken
|-boost|p2a: Blaziken|atk|2
|move|p1a: Alomomola|Body Slam|p2a: Blaziken
|-damage|p2a: Blaziken|89/100
|
|-weather|Snowscape|[upkeep]
|-heal|p2a: Blaziken|95/100|[from] item: Leftovers
|-ability|p2a: Blaziken|Speed Boost|boost
|-boost|p2a: Blaziken|spe|1
|upkeep
|turn|5
|
|t:|1760445980
|move|p1a: Alomomola|Protect|p1a: Alomomola
|-singleturn|p1a: Alomomola|Protect
|move|p2a: Blaziken|Knock Off|p1a: Alomomola
|-activate|p1a: Alomomola|move: Protect
|
|-weather|none
|-heal|p2a: Blaziken|100/100|[from] item: Leftovers
|-ability|p2a: Blaziken|Speed Boost|boost
|-boost|p2a: Blaziken|spe|1
|upkeep
|turn|6
|
|t:|1760445984
|move|p2a: Blaziken|Knock Off|p1a: Alomomola
|-damage|p1a: Alomomola|0 fnt
|-damage|p2a: Blaziken|84/100|[from] item: Rocky Helmet|[of] p1a: Alomomola
|-enditem|p1a: Alomomola|Rocky Helmet|[from] move: Knock Off|[of] p2a: Blaziken
|faint|p1a: Alomomola
|
|-heal|p2a: Blaziken|90/100|[from] item: Leftovers
|-ability|p2a: Blaziken|Speed Boost|boost
|-boost|p2a: Blaziken|spe|1
|upkeep
|
|t:|1760445993
|switch|p1a: Great Tusk|Great Tusk|100/100
|turn|7
|c|☆ultracentrifuge|gg
|
|t:|1760446003
|move|p2a: Blaziken|Flare Blitz|p1a: Great Tusk
|-damage|p1a: Great Tusk|0 fnt
|faint|p1a: Great Tusk
|-end|p1a: Great Tusk|Protosynthesis|[silent]
|-damage|p2a: Blaziken|50/100|[from] Recoil
|
|-heal|p2a: Blaziken|55/100|[from] item: Leftovers
|-ability|p2a: Blaziken|Speed Boost|boost
|-boost|p2a: Blaziken|spe|1
|upkeep
|
|t:|1760446007
|switch|p1a: Kyurem|Kyurem|100/100
|-ability|p1a: Kyurem|Pressure
|turn|8
|
|t:|1760446013
|switch|p1a: Gholdengo|Gholdengo, shiny|100/100
|move|p2a: Blaziken|Close Combat|p1a: Gholdengo
|-immune|p1a: Gholdengo
|
|-heal|p2a: Blaziken|61/100|[from] item: Leftovers
|-sideend|p2: fhfghbffg随便取的|move: Aurora Veil
|-ability|p2a: Blaziken|Speed Boost|boost
|-boost|p2a: Blaziken|spe|1
|upkeep
|turn|9
|
|t:|1760446021
|move|p2a: Blaziken|Knock Off|p1a: Gholdengo
|-supereffective|p1a: Gholdengo
|-damage|p1a: Gholdengo|0 fnt
|-enditem|p1a: Gholdengo|Expert Belt|[from] move: Knock Off|[of] p2a: Blaziken
|faint|p1a: Gholdengo
|
|-heal|p2a: Blaziken|67/100|[from] item: Leftovers
|upkeep
|
|t:|1760446024
|switch|p1a: Kyurem|Kyurem|100/100
|-ability|p1a: Kyurem|Pressure
|turn|10
|
|t:|1760446029
|-terastallize|p1a: Kyurem|Dragon
|move|p2a: Blaziken|Flare Blitz|p1a: Kyurem
|-resisted|p1a: Kyurem
|-damage|p1a: Kyurem|23/100
|-damage|p2a: Blaziken|34/100|[from] Recoil
|move|p1a: Kyurem|Draco Meteor|p2a: Blaziken
|-damage|p2a: Blaziken|0 fnt
|-unboost|p1a: Kyurem|spa|2
|faint|p2a: Blaziken
|
|upkeep
|
|t:|1760446036
|switch|p2a: Ninetales|Ninetales-Alola, F|100/100
|-weather|Snowscape|[from] ability: Snow Warning|[of] p2a: Ninetales
|turn|11
|
|t:|1760446039
|switch|p1a: Haxorus|Haxorus, M|100/100
|-ability|p1a: Haxorus|Mold Breaker
|move|p2a: Ninetales|Aurora Veil|p2a: Ninetales
|-sidestart|p2: fhfghbffg随便取的|move: Aurora Veil
|
|-weather|Snowscape|[upkeep]
|upkeep
|turn|12
|
|t:|1760446042
|move|p2a: Ninetales|Blizzard|p1a: Haxorus
|-supereffective|p1a: Haxorus
|-crit|p1a: Haxorus
|-damage|p1a: Haxorus|0 fnt
|faint|p1a: Haxorus
|
|-weather|Snowscape|[upkeep]
|upkeep
|
|t:|1760446046
|switch|p1a: Kyurem|Kyurem, tera:Dragon|23/100
|-ability|p1a: Kyurem|Pressure
|turn|13
|
|t:|1760446049
|move|p1a: Kyurem|Earth Power|p2a: Ninetales
|-damage|p2a: Ninetales|86/100
|move|p2a: Ninetales|Blizzard|p1a: Kyurem
|-supereffective|p1a: Kyurem
|-damage|p1a: Kyurem|0 fnt
|faint|p1a: Kyurem
|
|-weather|Snowscape|[upkeep]
|upkeep
|
|t:|1760446052
|switch|p1a: Zapdos|Zapdos|100/100
|turn|14
|
|t:|1760446054
|move|p2a: Ninetales|Blizzard|p1a: Zapdos
|-supereffective|p1a: Zapdos
|-damage|p1a: Zapdos|43/100
|move|p1a: Zapdos|Heat Wave|p2a: Ninetales
|-supereffective|p2a: Ninetales
|-damage|p2a: Ninetales|53/100
|
|-weather|Snowscape|[upkeep]
|upkeep
|turn|15
|
|t:|1760446057
|move|p2a: Ninetales|Blizzard|p1a: Zapdos
|-supereffective|p1a: Zapdos
|-damage|p1a: Zapdos|0 fnt
|faint|p1a: Zapdos
|
|win|fhfghbffg随便取的
|raw|ultracentrifuge's rating: 1446 &rarr; <strong>1429</strong><br />(-17 for losing)
|raw|fhfghbffg随便取的's rating: 1496 &rarr; <strong>1513</strong><br />(+17 for winning)
|l|☆fhfghbffg随便取的
|player|p2|
|l|☆ultracentrifuge
|player|p1|
