|j|☆Jus4funsies
|j|☆Xerneas2
|t:|1760331070
|gametype|singles
|player|p1|Jus4funsies|teamrocket|1625
|player|p2|Xerneas2|101|1621
|gen|9
|tier|[Gen 9] OU
|rated|
|rule|HP Percentage Mod: HP is shown in percentages
|rule|Endless Battle Clause: Forcing endless battles is banned
|rule|Species Clause: Limit one of each Pokémon
|rule|OHKO Clause: OHKO moves are banned
|rule|Evasion Items Clause: Evasion items are banned
|rule|Evasion Moves Clause: Evasion moves are banned
|rule|Evasion Abilities Clause: Evasion abilities are banned
|rule|Sleep Moves Clause: Sleep-inducing moves are banned
|clearpoke
|poke|p1|Samurott-Hisui, F|
|poke|p1|Gholdengo|
|poke|p1|Great Tusk|
|poke|p1|Raging Bolt|
|poke|p1|Dragonite, M|
|poke|p1|Kingambit, M|
|poke|p2|Blissey, F|
|poke|p2|Darkrai|
|poke|p2|Dachsbun, F|
|poke|p2|Dragapult, M|
|poke|p2|Gliscor, M|
|poke|p2|Kingambit, F|
|teampreview
|
|t:|1760331084
|teamsize|p1|6
|teamsize|p2|6
|start
|switch|p1a: Samurott|Samurott-Hisui, F|100/100
|switch|p2a: Darkrai|Darkrai|100/100
|turn|1
|
|t:|1760331091
|move|p2a: Darkrai|Focus Blast|p1a: Samurott
|-supereffective|p1a: Samurott
|-enditem|p1a: Samurott|Focus Sash
|-damage|p1a: Samurott|1/100
|move|p1a: Samurott|Razor Shell|p2a: Darkrai
|-damage|p2a: Darkrai|37/100
|
|upkeep
|turn|2
|
|t:|1760331099
|move|p2a: Darkrai|Focus Blast|p1a: Samurott
|-supereffective|p1a: Samurott
|-damage|p1a: Samurott|0 fnt
|faint|p1a: Samurott
|
|upkeep
|
|t:|1760331102
|switch|p1a: Gholdengo|Gholdengo, shiny|100/100
|-item|p1a: Gholdengo|Air Balloon
|turn|3
|
|t:|1760331114
|switch|p2a: Blissey|Blissey, F|100/100
|move|p1a: Gholdengo|Make It Rain|p2a: Blissey
|-damage|p2a: Blissey|79/100
|-unboost|p1a: Gholdengo|spa|1
|
|upkeep
|turn|4
|j| CAZSYZ
|l| CAZSYZ
|
|t:|1760331122
|switch|p1a: Great Tusk|Great Tusk|100/100
|move|p2a: Blissey|Shadow Ball|p1a: Great Tusk
|-damage|p1a: Great Tusk|79/100
|
|upkeep
|turn|5
|
|t:|1760331132
|switch|p2a: Dachsbun|Dachsbun, F|100/100
|move|p1a: Great Tusk|Stealth Rock|p2a: Dachsbun
|-sidestart|p2: Xerneas2|move: Stealth Rock
|
|upkeep
|turn|6
|
|t:|1760331144
|-end|p1a: Great Tusk|Protosynthesis|[silent]
|switch|p1a: Gholdengo|Gholdengo, shiny|100/100
|-item|p1a: Gholdengo|Air Balloon
|move|p2a: Dachsbun|Play Rough|p1a: Gholdengo
|-resisted|p1a: Gholdengo
|-damage|p1a: Gholdengo|86/100
|-enditem|p1a: Gholdengo|Air Balloon
|
|upkeep
|turn|7
|
|t:|1760331151
|switch|p2a: Blissey|Blissey, F|79/100
|move|p1a: Gholdengo|Nasty Plot|p1a: Gholdengo
|-boost|p1a: Gholdengo|spa|2
|
|upkeep
|turn|8
|
|t:|1760331155
|move|p1a: Gholdengo|Make It Rain|p2a: Blissey
|-damage|p2a: Blissey|37/100
|-unboost|p1a: Gholdengo|spa|1
|move|p2a: Blissey|Shadow Ball|p1a: Gholdengo
|-supereffective|p1a: Gholdengo
|-crit|p1a: Gholdengo
|-damage|p1a: Gholdengo|34/100
|
|upkeep
|turn|9
|
|t:|1760331167
|move|p1a: Gholdengo|Recover|p1a: Gholdengo
|-heal|p1a: Gholdengo|84/100
|move|p2a: Blissey|Soft-Boiled|p2a: Blissey
|-heal|p2a: Blissey|87/100
|
|upkeep
|turn|10
|
|t:|1760331171
|switch|p1a: Great Tusk|Great Tusk|79/100
|switch|p2a: Darkrai|Darkrai|37/100
|-damage|p2a: Darkrai|25/100|[from] Stealth Rock
|
|upkeep
|turn|11
|
|t:|1760331185
|-end|p1a: Great Tusk|Protosynthesis|[silent]
|switch|p1a: Kingambit|Kingambit, M, shiny|100/100
|-activate|p1a: Kingambit|ability: Supreme Overlord
|-start|p1a: Kingambit|fallen1|[silent]
|move|p2a: Darkrai|Ice Beam|p1a: Kingambit
|-resisted|p1a: Kingambit
|-damage|p1a: Kingambit|71/100
|
|upkeep
|turn|12
|
|t:|1760331192
|switch|p2a: Gliscor|Gliscor, M|100/100
|-damage|p2a: Gliscor|88/100|[from] Stealth Rock
|move|p1a: Kingambit|Iron Head|p2a: Gliscor
|-damage|p2a: Gliscor|52/100
|
|-status|p2a: Gliscor|tox|[from] item: Toxic Orb
|upkeep
|turn|13
|
|t:|1760331206
|-end|p1a: Kingambit|fallen1|[silent]
|switch|p1a: Great Tusk|Great Tusk|79/100
|move|p2a: Gliscor|Earthquake|p1a: Great Tusk
|-damage|p1a: Great Tusk|57/100
|
|-heal|p2a: Gliscor|65/100 tox|[from] ability: Poison Heal
|upkeep
|turn|14
|
|t:|1760331212
|move|p2a: Gliscor|Protect|p2a: Gliscor
|-singleturn|p2a: Gliscor|Protect
|move|p1a: Great Tusk|Ice Spinner|p2a: Gliscor
|-activate|p2a: Gliscor|move: Protect
|
|-heal|p2a: Gliscor|77/100 tox|[from] ability: Poison Heal
|upkeep
|turn|15
|
|t:|1760331219
|switch|p2a: Dachsbun|Dachsbun, F|100/100
|move|p1a: Great Tusk|Ice Spinner|p2a: Dachsbun
|-damage|p2a: Dachsbun|82/100
|
|upkeep
|turn|16
|
|t:|1760331229
|-end|p1a: Great Tusk|Protosynthesis|[silent]
|switch|p1a: Gholdengo|Gholdengo, shiny|84/100
|switch|p2a: Gliscor|Gliscor, M|77/100 tox
|-damage|p2a: Gliscor|65/100 tox|[from] Stealth Rock
|
|-heal|p2a: Gliscor|77/100 tox|[from] ability: Poison Heal
|upkeep
|turn|17
|
|t:|1760331239
|-terastallize|p1a: Gholdengo|Flying
|move|p1a: Gholdengo|Nasty Plot|p1a: Gholdengo
|-boost|p1a: Gholdengo|spa|2
|move|p2a: Gliscor|Earthquake|p1a: Gholdengo
|-immune|p1a: Gholdengo
|
|-heal|p2a: Gliscor|90/100 tox|[from] ability: Poison Heal
|upkeep
|turn|18
|
|t:|1760331253
|switch|p2a: Blissey|Blissey, F|87/100
|move|p1a: Gholdengo|Nasty Plot|p1a: Gholdengo
|-boost|p1a: Gholdengo|spa|2
|
|upkeep
|turn|19
|
|t:|1760331257
|move|p1a: Gholdengo|Make It Rain|p2a: Blissey
|-damage|p2a: Blissey|15/100
|-unboost|p1a: Gholdengo|spa|1
|move|p2a: Blissey|Seismic Toss|p1a: Gholdengo
|-damage|p1a: Gholdengo|53/100
|
|upkeep
|turn|20
|
|t:|1760331262
|move|p1a: Gholdengo|Make It Rain|p2a: Blissey
|-damage|p2a: Blissey|0 fnt
|-unboost|p1a: Gholdengo|spa|1
|faint|p2a: Blissey
|
|upkeep
|
|t:|1760331266
|switch|p2a: Darkrai|Darkrai|25/100
|-damage|p2a: Darkrai|12/100|[from] Stealth Rock
|turn|21
|
|t:|1760331290
|switch|p1a: Kingambit|Kingambit, M, shiny|71/100
|-activate|p1a: Kingambit|ability: Supreme Overlord
|-start|p1a: Kingambit|fallen1|[silent]
|move|p2a: Darkrai|Ice Beam|p1a: Kingambit
|-resisted|p1a: Kingambit
|-damage|p1a: Kingambit|42/100
|
|upkeep
|turn|22
|
|t:|1760331321
|move|p2a: Darkrai|Ice Beam|p1a: Kingambit
|-resisted|p1a: Kingambit
|-damage|p1a: Kingambit|17/100
|move|p1a: Kingambit|Kowtow Cleave|p2a: Darkrai
|-resisted|p2a: Darkrai
|-damage|p2a: Darkrai|0 fnt
|faint|p2a: Darkrai
|
|upkeep
|c|☆Jus4funsies|i knew i should have suckered
|
|t:|1760331346
|switch|p2a: Dachsbun|Dachsbun, F|82/100
|turn|23
|
|t:|1760331360
|-end|p1a: Kingambit|fallen1|[silent]
|switch|p1a: Gholdengo|Gholdengo, shiny, tera:Flying|53/100
|move|p2a: Dachsbun|Play Rough|p1a: Gholdengo
|-damage|p1a: Gholdengo|27/100
|
|upkeep
|turn|24
|
|t:|1760331372
|-terastallize|p2a: Dachsbun|Fairy
|move|p1a: Gholdengo|Recover|p1a: Gholdengo
|-heal|p1a: Gholdengo|77/100
|move|p2a: Dachsbun|Play Rough|p1a: Gholdengo
|-damage|p1a: Gholdengo|42/100
|
|upkeep
|turn|25
|c|☆Xerneas2|oops
|
|t:|1760331391
|switch|p2a: Gliscor|Gliscor, M|90/100 tox
|-damage|p2a: Gliscor|77/100 tox|[from] Stealth Rock
|move|p1a: Gholdengo|Recover|p1a: Gholdengo
|-heal|p1a: Gholdengo|93/100
|
|-heal|p2a: Gliscor|90/100 tox|[from] ability: Poison Heal
|upkeep
|turn|26
|
|t:|1760331396
|move|p1a: Gholdengo|Nasty Plot|p1a: Gholdengo
|-boost|p1a: Gholdengo|spa|2
|move|p2a: Gliscor|Toxic|p1a: Gholdengo
|-immune|p1a: Gholdengo|[from] ability: Good as Gold
|
|-heal|p2a: Gliscor|100/100 tox|[from] ability: Poison Heal
|upkeep
|turn|27
|-message|Xerneas2 forfeited.
|
|win|Jus4funsies
|raw|Jus4funsies's rating: 1625 &rarr; <strong>1645</strong><br />(+20 for winning)
|raw|Xerneas2's rating: 1621 &rarr; <strong>1601</strong><br />(-20 for losing)
|l|☆Xerneas2
|player|p2|
|c|☆Jus4funsies|gg
|l|☆Jus4funsies
|player|p1|
