|j|☆itachiisgoated69
|j|☆Doodieray
|t:|1760330431
|gametype|singles
|player|p1|itachiisgoated69|lance|1393
|player|p2|Doodieray|medium|1404
|gen|9
|tier|[Gen 9] OU
|rated|
|rule|HP Percentage Mod: HP is shown in percentages
|rule|Endless Battle Clause: Forcing endless battles is banned
|rule|Species Clause: Limit one of each Pokémon
|rule|OHKO Clause: OHKO moves are banned
|rule|Evasion Items Clause: Evasion items are banned
|rule|Evasion Moves Clause: Evasion moves are banned
|rule|Evasion Abilities Clause: Evasion abilities are banned
|rule|Sleep Moves Clause: Sleep-inducing moves are banned
|clearpoke
|poke|p1|Ursaluna, M|
|poke|p1|Cresselia, F|
|poke|p1|Iron Valiant|
|poke|p1|Hatterene, F|
|poke|p1|Keldeo-Resolute|
|poke|p1|Ogerpon, F|
|poke|p2|Cramorant, M|
|poke|p2|Excadrill, F|
|poke|p2|Raging Bolt|
|poke|p2|Heatran, M|
|poke|p2|Dragonite, M|
|poke|p2|Primarina, F|
|teampreview
|inactive|Battle timer is ON: inactive players will automatically lose when time's up. (requested by Doodieray)
|inactive|Doodieray has 120 seconds left.
|inactive|Doodieray has 90 seconds left.
|
|t:|1760330511
|teamsize|p1|6
|teamsize|p2|6
|start
|switch|p1a: Ogerpon|Ogerpon, F|100/100
|switch|p2a: Cramorant|Cramorant, M|100/100
|turn|1
|
|t:|1760330524
|-terastallize|p1a: Ogerpon|Grass
|detailschange|p1a: Ogerpon|Ogerpon-Teal-Tera, F, tera:Grass
|-ability|p1a: Ogerpon|Embody Aspect (Teal)|boost
|-boost|p1a: Ogerpon|spe|1
|move|p1a: Ogerpon|Ivy Cudgel|p2a: Cramorant
|-damage|p2a: Cramorant|0 fnt
|faint|p2a: Cramorant
|
|upkeep
|
|t:|1760330535
|switch|p2a: Heatran|Heatran, M|100/100
|-item|p2a: Heatran|Air Balloon
|turn|2
|
|t:|1760330558
|switch|p1a: Cresselia|Cresselia, F, shiny|100/100
|move|p2a: Heatran|Magma Storm|p1a: Cresselia|[miss]
|-miss|p2a: Heatran|p1a: Cresselia
|
|upkeep
|turn|3
|
|t:|1760330565
|move|p2a: Heatran|Taunt|p1a: Cresselia
|-start|p1a: Cresselia|move: Taunt
|cant|p1a: Cresselia|move: Taunt|Trick Room
|
|upkeep
|turn|4
|inactive|itachiisgoated69 has 120 seconds left.
|
|t:|1760330592
|move|p2a: Heatran|Magma Storm|p1a: Cresselia
|-damage|p1a: Cresselia|66/100
|-activate|p1a: Cresselia|move: Magma Storm|[of] p2a: Heatran
|move|p1a: Cresselia|Ice Beam|p2a: Heatran
|-resisted|p2a: Heatran
|-damage|p2a: Heatran|96/100
|-enditem|p2a: Heatran|Air Balloon
|
|-damage|p1a: Cresselia|54/100|[from] move: Magma Storm|[partiallytrapped]
|upkeep
|turn|5
|inactive|itachiisgoated69 has 120 seconds left.
|
|t:|1760330608
|move|p2a: Heatran|Stealth Rock|p1a: Cresselia
|-sidestart|p1: itachiisgoated69|move: Stealth Rock
|move|p1a: Cresselia|Psychic|p2a: Heatran
|-resisted|p2a: Heatran
|-damage|p2a: Heatran|84/100
|
|-damage|p1a: Cresselia|41/100|[from] move: Magma Storm|[partiallytrapped]
|-end|p1a: Cresselia|move: Taunt
|upkeep
|turn|6
|inactive|itachiisgoated69 has 120 seconds left.
|
|t:|1760330617
|move|p2a: Heatran|Taunt|p1a: Cresselia
|-start|p1a: Cresselia|move: Taunt
|cant|p1a: Cresselia|move: Taunt|Lunar Dance
|
|-damage|p1a: Cresselia|29/100|[from] move: Magma Storm|[partiallytrapped]
|upkeep
|turn|7
|
|t:|1760330623
|move|p2a: Heatran|Magma Storm|p1a: Cresselia|[miss]
|-miss|p2a: Heatran|p1a: Cresselia
|move|p1a: Cresselia|Ice Beam|p2a: Heatran
|-resisted|p2a: Heatran
|-damage|p2a: Heatran|81/100
|
|-damage|p1a: Cresselia|16/100|[from] move: Magma Storm|[partiallytrapped]
|upkeep
|turn|8
|
|t:|1760330626
|move|p2a: Heatran|Magma Storm|p1a: Cresselia
|-damage|p1a: Cresselia|0 fnt
|faint|p1a: Cresselia
|
|upkeep
|
|t:|1760330632
|switch|p1a: Ogerpon|Ogerpon-Teal-Tera, F, tera:Grass|100/100
|-damage|p1a: Ogerpon|88/100|[from] Stealth Rock
|-ability|p1a: Ogerpon|Embody Aspect (Teal)|boost
|-boost|p1a: Ogerpon|spe|1
|turn|9
|
|t:|1760330636
|move|p1a: Ogerpon|Superpower|p2a: Heatran
|-supereffective|p2a: Heatran
|-damage|p2a: Heatran|0 fnt
|-unboost|p1a: Ogerpon|atk|1
|-unboost|p1a: Ogerpon|def|1
|faint|p2a: Heatran
|
|upkeep
|
|t:|1760330646
|switch|p2a: Dragonite|Dragonite, M|100/100
|turn|10
|inactive|itachiisgoated69 has 120 seconds left.
|
|t:|1760330680
|switch|p1a: Hatterene|Hatterene, F, shiny|100/100
|-damage|p1a: Hatterene|88/100|[from] Stealth Rock
|move|p2a: Dragonite|Dragon Dance|p2a: Dragonite
|-boost|p2a: Dragonite|atk|1
|-boost|p2a: Dragonite|spe|1
|
|upkeep
|turn|11
|
|t:|1760330690
|-terastallize|p2a: Dragonite|Flying
|move|p2a: Dragonite|Tera Blast|p1a: Hatterene|[anim] Tera Blast Flying
|-damage|p1a: Hatterene|0 fnt
|faint|p1a: Hatterene
|
|upkeep
|inactive|itachiisgoated69 has 120 seconds left.
|
|t:|1760330706
|switch|p1a: Iron Valiant|Iron Valiant|100/100
|-damage|p1a: Iron Valiant|94/100|[from] Stealth Rock
|-enditem|p1a: Iron Valiant|Booster Energy
|-activate|p1a: Iron Valiant|ability: Quark Drive|[fromitem]
|-start|p1a: Iron Valiant|quarkdrivespe
|turn|12
|
|t:|1760330716
|move|p1a: Iron Valiant|Destiny Bond|p1a: Iron Valiant
|-singlemove|p1a: Iron Valiant|Destiny Bond
|move|p2a: Dragonite|Dragon Dance|p2a: Dragonite
|-boost|p2a: Dragonite|atk|1
|-boost|p2a: Dragonite|spe|1
|
|upkeep
|turn|13
|
|t:|1760330723
|move|p2a: Dragonite|Encore|p1a: Iron Valiant
|-start|p1a: Iron Valiant|Encore
|move|p1a: Iron Valiant|Destiny Bond||[still]
|-fail|p1a: Iron Valiant
|
|upkeep
|turn|14
|
|t:|1760330730
|move|p2a: Dragonite|Tera Blast|p1a: Iron Valiant|[anim] Tera Blast Flying
|-supereffective|p1a: Iron Valiant
|-damage|p1a: Iron Valiant|0 fnt
|faint|p1a: Iron Valiant
|-end|p1a: Iron Valiant|Quark Drive|[silent]
|
|upkeep
|inactive|itachiisgoated69 has 120 seconds left.
|
|t:|1760330751
|switch|p1a: Keldeo|Keldeo-Resolute|100/100
|-damage|p1a: Keldeo|94/100|[from] Stealth Rock
|turn|15
|
|t:|1760330758
|move|p1a: Keldeo|Vacuum Wave|p2a: Dragonite
|-resisted|p2a: Dragonite
|-damage|p2a: Dragonite|92/100
|move|p2a: Dragonite|Tera Blast|p1a: Keldeo|[anim] Tera Blast Flying
|-supereffective|p1a: Keldeo
|-damage|p1a: Keldeo|0 fnt
|faint|p1a: Keldeo
|
|upkeep
|
|t:|1760330762
|switch|p1a: Ogerpon|Ogerpon-Teal-Tera, F, tera:Grass|88/100
|-damage|p1a: Ogerpon|76/100|[from] Stealth Rock
|-ability|p1a: Ogerpon|Embody Aspect (Teal)|boost
|-boost|p1a: Ogerpon|spe|1
|turn|16
|
|t:|1760330774
|move|p2a: Dragonite|Tera Blast|p1a: Ogerpon|[anim] Tera Blast Flying
|-supereffective|p1a: Ogerpon
|-damage|p1a: Ogerpon|0 fnt
|faint|p1a: Ogerpon
|detailschange|p1: Ogerpon|Ogerpon, F|[silent]
|
|upkeep
|
|t:|1760330776
|switch|p1a: Ursaluna|Ursaluna, M, shiny|100/100
|-damage|p1a: Ursaluna|94/100|[from] Stealth Rock
|turn|17
|
|t:|1760330782
|move|p2a: Dragonite|Tera Blast|p1a: Ursaluna|[anim] Tera Blast Flying
|-damage|p1a: Ursaluna|18/100
|move|p1a: Ursaluna|Ice Punch|p2a: Dragonite
|-supereffective|p2a: Dragonite
|-damage|p2a: Dragonite|30/100
|
|-status|p1a: Ursaluna|brn|[from] item: Flame Orb
|upkeep
|turn|18
|
|t:|1760330790
|move|p2a: Dragonite|Tera Blast|p1a: Ursaluna|[anim] Tera Blast Flying
|-damage|p1a: Ursaluna|0 fnt
|faint|p1a: Ursaluna
|
|win|Doodieray
|raw|itachiisgoated69's rating: 1393 &rarr; <strong>1374</strong><br />(-19 for losing)
|raw|Doodieray's rating: 1404 &rarr; <strong>1423</strong><br />(+19 for winning)
|l|☆Doodieray
|player|p2|
|l|☆itachiisgoated69
|player|p1|
