|j|☆Hoovy_TP
|j|☆sirglizzi
|t:|1760455539
|gametype|singles
|player|p1|Hoovy_TP|larry|1294
|player|p2|sirglizzi|lance|1329
|gen|9
|tier|[Gen 9] OU
|rated|
|rule|HP Percentage Mod: HP is shown in percentages
|rule|Endless Battle Clause: Forcing endless battles is banned
|rule|Species Clause: Limit one of each Pokémon
|rule|OHKO Clause: OHKO moves are banned
|rule|Evasion Items Clause: Evasion items are banned
|rule|Evasion Moves Clause: Evasion moves are banned
|rule|Evasion Abilities Clause: Evasion abilities are banned
|rule|Sleep Moves Clause: Sleep-inducing moves are banned
|clearpoke
|poke|p1|Ceruledge, F|
|poke|p1|Luxray, M|
|poke|p1|Latias, F|
|poke|p1|Gliscor, M|
|poke|p1|Hydreigon, F|
|poke|p1|Empoleon, M|
|poke|p2|Tyranitar, F|
|poke|p2|Excadrill, F|
|poke|p2|Hydreigon, F|
|poke|p2|Skarmory, F|
|poke|p2|Ogerpon-Wellspring, F|
|poke|p2|Meowscarada, M|
|teampreview
|inactive|Battle timer is ON: inactive players will automatically lose when time's up. (requested by sirglizzi)
|
|t:|1760455552
|teamsize|p1|6
|teamsize|p2|6
|start
|switch|p1a: Sparky|Luxray, M, shiny|100/100
|switch|p2a: Tyranitar|Tyranitar, F|100/100
|-weather|Sandstorm|[from] ability: Sand Stream|[of] p2a: Tyranitar
|turn|1
|
|t:|1760455556
|move|p1a: Sparky|Trailblaze|p2a: Tyranitar
|-supereffective|p2a: Tyranitar
|-damage|p2a: Tyranitar|71/100
|-boost|p1a: Sparky|spe|1
|move|p2a: Tyranitar|Dragon Dance|p2a: Tyranitar
|-boost|p2a: Tyranitar|atk|1
|-boost|p2a: Tyranitar|spe|1
|
|-weather|Sandstorm|[upkeep]
|-damage|p1a: Sparky|95/100|[from] Sandstorm
|-status|p1a: Sparky|brn|[from] item: Flame Orb
|upkeep
|turn|2
|
|t:|1760455574
|move|p1a: Sparky|Play Rough|p2a: Tyranitar
|-supereffective|p2a: Tyranitar
|-damage|p2a: Tyranitar|0 fnt
|faint|p2a: Tyranitar
|
|-weather|Sandstorm|[upkeep]
|-damage|p1a: Sparky|89/100 brn|[from] Sandstorm
|-damage|p1a: Sparky|83/100 brn|[from] brn
|upkeep
|
|t:|1760455580
|switch|p2a: Excadrill|Excadrill, F|100/100
|-item|p2a: Excadrill|Air Balloon
|turn|3
|
|t:|1760455589
|move|p2a: Excadrill|Swords Dance|p2a: Excadrill
|-boost|p2a: Excadrill|atk|2
|move|p1a: Sparky|Trailblaze|p2a: Excadrill
|-damage|p2a: Excadrill|64/100
|-boost|p1a: Sparky|spe|1
|-enditem|p2a: Excadrill|Air Balloon
|
|-weather|Sandstorm|[upkeep]
|-damage|p1a: Sparky|77/100 brn|[from] Sandstorm
|-damage|p1a: Sparky|71/100 brn|[from] brn
|upkeep
|turn|4
|
|t:|1760455600
|move|p2a: Excadrill|Earthquake|p1a: Sparky
|-supereffective|p1a: Sparky
|-damage|p1a: Sparky|0 fnt
|faint|p1a: Sparky
|
|-weather|Sandstorm|[upkeep]
|upkeep
|
|t:|1760455604
|switch|p1a: Vlad|Gliscor, M, shiny|100/100
|turn|5
|
|t:|1760455611
|move|p2a: Excadrill|Rapid Spin|p1a: Vlad
|-damage|p1a: Vlad|62/100
|-boost|p2a: Excadrill|spe|1
|move|p1a: Vlad|Earthquake|p2a: Excadrill
|-supereffective|p2a: Excadrill
|-damage|p2a: Excadrill|0 fnt
|faint|p2a: Excadrill
|
|-weather|none
|-status|p1a: Vlad|tox|[from] item: Toxic Orb
|upkeep
|
|t:|1760455622
|switch|p2a: Skarmory|Skarmory, F|100/100
|turn|6
|
|t:|1760455636
|move|p1a: Vlad|Swords Dance|p1a: Vlad
|-boost|p1a: Vlad|atk|2
|move|p2a: Skarmory|Stealth Rock|p1a: Vlad
|-sidestart|p1: Hoovy_TP|move: Stealth Rock
|
|-heal|p1a: Vlad|75/100 tox|[from] ability: Poison Heal
|upkeep
|turn|7
|
|t:|1760455642
|move|p1a: Vlad|Fire Fang|p2a: Skarmory
|-supereffective|p2a: Skarmory
|-damage|p2a: Skarmory|58/100
|-damage|p1a: Vlad|58/100 tox|[from] item: Rocky Helmet|[of] p2a: Skarmory
|move|p2a: Skarmory|Iron Defense|p2a: Skarmory
|-boost|p2a: Skarmory|def|2
|
|-heal|p1a: Vlad|71/100 tox|[from] ability: Poison Heal
|upkeep
|turn|8
|
|t:|1760455653
|switch|p1a: Hydreigon|Hydreigon, F, shiny|100/100
|-damage|p1a: Hydreigon|88/100|[from] Stealth Rock
|move|p2a: Skarmory|Iron Defense|p2a: Skarmory
|-boost|p2a: Skarmory|def|2
|
|upkeep
|turn|9
|
|t:|1760455663
|-terastallize|p2a: Skarmory|Dragon
|move|p1a: Hydreigon|Heat Wave|p2a: Skarmory
|-resisted|p2a: Skarmory
|-damage|p2a: Skarmory|30/100
|-damage|p1a: Hydreigon|78/100|[from] item: Life Orb
|move|p2a: Skarmory|Body Press|p1a: Hydreigon
|-supereffective|p1a: Hydreigon
|-damage|p1a: Hydreigon|0 fnt
|faint|p1a: Hydreigon
|
|upkeep
|
|t:|1760455671
|switch|p1a: Empoleon|Empoleon, M|100/100
|-damage|p1a: Empoleon|94/100|[from] Stealth Rock
|turn|10
|
|t:|1760455675
|move|p1a: Empoleon|Ice Beam|p2a: Skarmory
|-supereffective|p2a: Skarmory
|-damage|p2a: Skarmory|0 fnt
|faint|p2a: Skarmory
|
|upkeep
|
|t:|1760455686
|switch|p2a: Ogerpon|Ogerpon-Wellspring, F|100/100
|turn|11
|
|t:|1760455693
|switch|p1a: Vlad|Gliscor, M, shiny|71/100 tox
|-damage|p1a: Vlad|58/100 tox|[from] Stealth Rock
|move|p2a: Ogerpon|Swords Dance|p2a: Ogerpon
|-boost|p2a: Ogerpon|atk|2
|
|-heal|p1a: Vlad|71/100 tox|[from] ability: Poison Heal
|upkeep
|turn|12
|
|t:|1760455698
|move|p2a: Ogerpon|Ivy Cudgel|p1a: Vlad|[anim] Ivy Cudgel Water
|-supereffective|p1a: Vlad
|-damage|p1a: Vlad|0 fnt
|faint|p1a: Vlad
|
|upkeep
|
|t:|1760455705
|switch|p1a: Latias|Latias, F, shiny|100/100
|-damage|p1a: Latias|88/100|[from] Stealth Rock
|turn|13
|
|t:|1760455713
|move|p2a: Ogerpon|Ivy Cudgel|p1a: Latias|[anim] Ivy Cudgel Water
|-resisted|p1a: Latias
|-damage|p1a: Latias|33/100
|move|p1a: Latias|Draco Meteor|p2a: Ogerpon
|-damage|p2a: Ogerpon|29/100
|-unboost|p1a: Latias|spa|2
|
|upkeep
|turn|14
|
|t:|1760455723
|move|p2a: Ogerpon|Ivy Cudgel|p1a: Latias|[anim] Ivy Cudgel Water
|-resisted|p1a: Latias
|-damage|p1a: Latias|0 fnt
|faint|p1a: Latias
|
|upkeep
|
|t:|1760455726
|switch|p1a: Empoleon|Empoleon, M|94/100
|-damage|p1a: Empoleon|88/100|[from] Stealth Rock
|turn|15
|
|t:|1760455733
|move|p2a: Ogerpon|Horn Leech|p1a: Empoleon
|-damage|p1a: Empoleon|0 fnt
|-heal|p2a: Ogerpon|75/100|[from] drain|[of] p1a: Empoleon
|faint|p1a: Empoleon
|
|upkeep
|-message|Hoovy_TP forfeited.
|
|win|sirglizzi
|raw|Hoovy_TP's rating: 1294 &rarr; <strong>1272</strong><br />(-22 for losing)
|raw|sirglizzi's rating: 1329 &rarr; <strong>1347</strong><br />(+18 for winning)
|l|☆Hoovy_TP
|player|p1|
|l|☆sirglizzi
|player|p2|
