|j|☆Aaron53769
|j|☆Ruske
|t:|1760459872
|gametype|singles
|player|p1|Aaron53769|steven|1156
|player|p2|Ruske|hilbert|1162
|gen|9
|tier|[Gen 9] OU
|rated|
|rule|HP Percentage Mod: HP is shown in percentages
|rule|Endless Battle Clause: Forcing endless battles is banned
|rule|Species Clause: Limit one of each Pokémon
|rule|OHKO Clause: OHKO moves are banned
|rule|Evasion Items Clause: Evasion items are banned
|rule|Evasion Moves Clause: Evasion moves are banned
|rule|Evasion Abilities Clause: Evasion abilities are banned
|rule|Sleep Moves Clause: Sleep-inducing moves are banned
|clearpoke
|poke|p1|Ogerpon-Wellspring, F|
|poke|p1|Toxapex, F|
|poke|p1|Yanmega, M|
|poke|p1|Minior|
|poke|p1|Garganacl, F|
|poke|p1|Veluza, M|
|poke|p2|Greninja-*, M|
|poke|p2|Skarmory, M|
|poke|p2|Gholdengo|
|poke|p2|Slowking-Galar, F|
|poke|p2|Ceruledge, F|
|poke|p2|Pikachu, M|
|teampreview
|inactive|Battle timer is ON: inactive players will automatically lose when time's up. (requested by Aaron53769)
|
|t:|1760459882
|teamsize|p1|6
|teamsize|p2|6
|start
|switch|p1a: Setter Forgetter|Veluza, M|100/100
|switch|p2a: Skarmory|Skarmory, M|100/100
|-ability|p1a: Setter Forgetter|Mold Breaker
|turn|1
|c|☆Aaron53769|is it sturdy
|c|☆Aaron53769|be honest
|c|☆Aaron53769|i really want to test this
|
|t:|1760459905
|move|p1a: Setter Forgetter|Final Gambit|p2a: Skarmory
|-damage|p2a: Skarmory|0 fnt
|faint|p1a: Setter Forgetter
|faint|p2a: Skarmory
|
|upkeep
|
|t:|1760459920
|switch|p1a: Fiona|Ogerpon-Wellspring, F|100/100
|switch|p2a: Ceruledge|Ceruledge, F|100/100
|turn|2
|
|t:|1760459933
|switch|p2a: Gholdengo|Gholdengo|100/100
|-item|p2a: Gholdengo|Air Balloon
|move|p1a: Fiona|Ivy Cudgel|p2a: Gholdengo|[anim] Ivy Cudgel Water
|-damage|p2a: Gholdengo|28/100
|-enditem|p2a: Gholdengo|Air Balloon
|
|upkeep
|turn|3
|
|t:|1760459942
|move|p1a: Fiona|Ivy Cudgel|p2a: Gholdengo|[anim] Ivy Cudgel Water
|-damage|p2a: Gholdengo|0 fnt
|faint|p2a: Gholdengo
|
|upkeep
|
|t:|1760459949
|switch|p2a: Greninja|Greninja, M|100/100
|turn|4
|
|t:|1760459955
|move|p2a: Greninja|Dark Pulse|p1a: Fiona
|-damage|p1a: Fiona|61/100
|move|p1a: Fiona|Horn Leech|p2a: Greninja
|-supereffective|p2a: Greninja
|-damage|p2a: Greninja|0 fnt
|-heal|p1a: Fiona|100/100|[from] drain|[of] p2a: Greninja
|faint|p2a: Greninja
|
|upkeep
|
|t:|1760459961
|switch|p2a: Pikachu|Pikachu, M|100/100
|turn|5
|
|t:|1760459968
|move|p2a: Pikachu|Fake Out|p1a: Fiona
|-damage|p1a: Fiona|90/100
|cant|p1a: Fiona|flinch
|
|upkeep
|turn|6
|c|☆Aaron53769|...
|c|☆Aaron53769|sold
|
|t:|1760459979
|move|p1a: Fiona|Encore|p2a: Pikachu
|-start|p2a: Pikachu|Encore
|move|p2a: Pikachu|Fake Out||[still]
|-hint|Fake Out only works on your first turn out.
|-fail|p2a: Pikachu
|
|upkeep
|turn|7
|
|t:|1760459983
|switch|p2a: Slowking|Slowking-Galar, F|100/100
|move|p1a: Fiona|Ivy Cudgel|p2a: Slowking|[anim] Ivy Cudgel Water
|-damage|p2a: Slowking|56/100
|
|-heal|p2a: Slowking|62/100|[from] item: Leftovers
|upkeep
|turn|8
|
|t:|1760459987
|move|p1a: Fiona|Ivy Cudgel|p2a: Slowking|[anim] Ivy Cudgel Water
|-damage|p2a: Slowking|20/100
|-prepare|p2a: Slowking|Chilly Reception|[premajor]
|move|p2a: Slowking|Chilly Reception|p2a: Slowking
|-weather|Snowscape
|
|t:|1760459990
|switch|p2a: Pikachu|Pikachu, M|100/100|[from] Chilly Reception
|
|-weather|Snowscape|[upkeep]
|upkeep
|turn|9
|
|t:|1760459999
|move|p1a: Fiona|Ivy Cudgel|p2a: Pikachu|[anim] Ivy Cudgel Water
|-enditem|p2a: Pikachu|Focus Sash
|-damage|p2a: Pikachu|1/100
|move|p2a: Pikachu|Endeavor|p1a: Fiona
|-damage|p1a: Fiona|1/100
|
|-weather|Snowscape|[upkeep]
|upkeep
|turn|10
|
|t:|1760460006
|move|p2a: Pikachu|Quick Attack|p1a: Fiona
|-damage|p1a: Fiona|0 fnt
|faint|p1a: Fiona
|
|-weather|Snowscape|[upkeep]
|upkeep
|
|t:|1760460014
|switch|p1a: BuzzKill|Yanmega, M, shiny|100/100
|turn|11
|
|t:|1760460020
|move|p1a: BuzzKill|Protect|p1a: BuzzKill
|-singleturn|p1a: BuzzKill|Protect
|move|p2a: Pikachu|Nuzzle|p1a: BuzzKill
|-activate|p1a: BuzzKill|move: Protect
|
|-weather|Snowscape|[upkeep]
|-ability|p1a: BuzzKill|Speed Boost|boost
|-boost|p1a: BuzzKill|spe|1
|upkeep
|turn|12
|
|t:|1760460028
|move|p1a: BuzzKill|Bug Buzz|p2a: Pikachu
|-damage|p2a: Pikachu|0 fnt
|faint|p2a: Pikachu
|-enditem|p1a: BuzzKill|Throat Spray
|-boost|p1a: BuzzKill|spa|1|[from] item: Throat Spray
|
|-weather|none
|-ability|p1a: BuzzKill|Speed Boost|boost
|-boost|p1a: BuzzKill|spe|1
|upkeep
|
|t:|1760460031
|switch|p2a: Ceruledge|Ceruledge, F|100/100
|turn|13
|
|t:|1760460043
|-terastallize|p1a: BuzzKill|Ground
|move|p1a: BuzzKill|Tera Blast|p2a: Ceruledge|[anim] Tera Blast Ground
|-supereffective|p2a: Ceruledge
|-damage|p2a: Ceruledge|0 fnt
|faint|p2a: Ceruledge
|
|-ability|p1a: BuzzKill|Speed Boost|boost
|-boost|p1a: BuzzKill|spe|1
|upkeep
|
|t:|1760460046
|switch|p2a: Slowking|Slowking-Galar, F|53/100
|turn|14
|-message|Ruske forfeited.
|
|win|Aaron53769
|raw|Aaron53769's rating: 1156 &rarr; <strong>1181</strong><br />(+25 for winning)
|raw|Ruske's rating: 1162 &rarr; <strong>1137</strong><br />(-25 for losing)
|l|☆Ruske
|player|p2|
|l|☆Aaron53769
|player|p1|
