|j|☆banjin
|j|☆KingBeanis
|t:|1760411575
|gametype|singles
|player|p1|banjin|beauty-gen6xy|1449
|player|p2|KingBeanis|170|1489
|gen|9
|tier|[Gen 9] OU
|rated|
|rule|HP Percentage Mod: HP is shown in percentages
|rule|Endless Battle Clause: Forcing endless battles is banned
|rule|Species Clause: Limit one of each Pokémon
|rule|OHKO Clause: OHKO moves are banned
|rule|Evasion Items Clause: Evasion items are banned
|rule|Evasion Moves Clause: Evasion moves are banned
|rule|Evasion Abilities Clause: Evasion abilities are banned
|rule|Sleep Moves Clause: Sleep-inducing moves are banned
|clearpoke
|poke|p1|Minior-Blue|
|poke|p1|Lokix, F|
|poke|p1|Thundurus-Therian, M|
|poke|p1|Muk-Alola, F|
|poke|p1|Emboar, M|
|poke|p1|Ditto|
|poke|p2|Iron Treads|
|poke|p2|Meowscarada, M|
|poke|p2|Dragonite, M|
|poke|p2|Scizor, F|
|poke|p2|Raging Bolt|
|poke|p2|Primarina, M|
|teampreview
|inactive|Battle timer is ON: inactive players will automatically lose when time's up. (requested by banjin)
|
|t:|1760411585
|teamsize|p1|6
|teamsize|p2|6
|start
|switch|p1a: Dragmire|Emboar, M, shiny|100/100
|switch|p2a: Iron Treads|Iron Treads|100/100
|turn|1
|
|t:|1760411594
|move|p2a: Iron Treads|Volt Switch|p1a: Dragmire
|-damage|p1a: Dragmire|87/100
|
|t:|1760411597
|-end|p2a: Iron Treads|Quark Drive|[silent]
|switch|p2a: Primarina|Primarina, M|100/100|[from] Volt Switch
|move|p1a: Dragmire|Flare Blitz|p2a: Primarina
|-resisted|p2a: Primarina
|-damage|p2a: Primarina|63/100
|-damage|p1a: Dragmire|75/100|[from] Recoil
|
|upkeep
|turn|2
|
|t:|1760411604
|move|p1a: Dragmire|Wild Charge|p2a: Primarina
|-supereffective|p2a: Primarina
|-damage|p2a: Primarina|0 fnt
|faint|p2a: Primarina
|-damage|p1a: Dragmire|60/100|[from] Recoil
|
|upkeep
|
|t:|1760411610
|switch|p2a: Raging Bolt|Raging Bolt|100/100
|-enditem|p2a: Raging Bolt|Booster Energy
|-activate|p2a: Raging Bolt|ability: Protosynthesis|[fromitem]
|-start|p2a: Raging Bolt|protosynthesisspa
|turn|3
|
|t:|1760411615
|-terastallize|p1a: Dragmire|Ground
|move|p1a: Dragmire|Earthquake|p2a: Raging Bolt
|-supereffective|p2a: Raging Bolt
|-damage|p2a: Raging Bolt|14/100
|move|p2a: Raging Bolt|Dragon Pulse|p1a: Dragmire
|-damage|p1a: Dragmire|0 fnt
|faint|p1a: Dragmire
|
|upkeep
|
|t:|1760411634
|switch|p1a: Paws|Thundurus-Therian, M|100/100
|turn|4
|
|t:|1760411644
|move|p1a: Paws|Grass Knot|p2a: Raging Bolt
|-resisted|p2a: Raging Bolt
|-crit|p2a: Raging Bolt
|-damage|p2a: Raging Bolt|0 fnt
|faint|p2a: Raging Bolt
|-end|p2a: Raging Bolt|Protosynthesis|[silent]
|
|upkeep
|
|t:|1760411652
|switch|p2a: Meowscarada|Meowscarada, M|100/100
|turn|5
|
|t:|1760411657
|move|p2a: Meowscarada|Triple Axel|p1a: Paws
|-start|p2a: Meowscarada|typechange|Ice|[from] ability: Protean
|-supereffective|p1a: Paws
|-damage|p1a: Paws|74/100
|-supereffective|p1a: Paws
|-crit|p1a: Paws
|-damage|p1a: Paws|0 fnt
|faint|p1a: Paws
|-hitcount|p1: Paws|2
|
|upkeep
|
|t:|1760411663
|switch|p1a: Beppo|Muk-Alola, F|100/100
|turn|6
|
|t:|1760411670
|switch|p2a: Iron Treads|Iron Treads|100/100
|move|p1a: Beppo|Drain Punch|p2a: Iron Treads
|-supereffective|p2a: Iron Treads
|-damage|p2a: Iron Treads|60/100
|
|upkeep
|turn|7
|
|t:|1760411679
|switch|p1a: Mr. Brightside|Minior-Blue|100/100
|-formechange|p1a: Mr. Brightside|Minior-Meteor||[from] ability: Shields Down
|move|p2a: Iron Treads|Stealth Rock|p1a: Mr. Brightside
|-sidestart|p1: banjin|move: Stealth Rock
|
|upkeep
|turn|8
|
|t:|1760411683
|switch|p1a: 𒉎|Ditto|100/100
|-damage|p1a: 𒉎|88/100|[from] Stealth Rock
|-transform|p1a: 𒉎|p2a: Iron Treads|[from] ability: Imposter
|move|p2a: Iron Treads|Volt Switch|p1a: 𒉎
|-immune|p1a: 𒉎
|
|upkeep
|turn|9
|
|t:|1760411694
|move|p1a: 𒉎|Volt Switch|p2a: Iron Treads
|-immune|p2a: Iron Treads
|move|p2a: Iron Treads|Earthquake|p1a: 𒉎
|-supereffective|p1a: 𒉎
|-damage|p1a: 𒉎|19/100
|
|upkeep
|turn|10
|
|t:|1760411701
|move|p1a: 𒉎|Volt Switch|p2a: Iron Treads
|-immune|p2a: Iron Treads
|move|p2a: Iron Treads|Volt Switch|p1a: 𒉎
|-immune|p1a: 𒉎
|
|upkeep
|turn|11
|
|t:|1760411708
|move|p1a: 𒉎|Volt Switch|p2a: Iron Treads
|-immune|p2a: Iron Treads
|move|p2a: Iron Treads|Earthquake|p1a: 𒉎
|-supereffective|p1a: 𒉎
|-damage|p1a: 𒉎|0 fnt
|faint|p1a: 𒉎
|-end|p1a: 𒉎|Quark Drive|[silent]
|
|upkeep
|
|t:|1760411712
|switch|p1a: Mr. Brightside|Minior-Blue|100/100
|-damage|p1a: Mr. Brightside|75/100|[from] Stealth Rock
|-formechange|p1a: Mr. Brightside|Minior-Meteor||[from] ability: Shields Down
|turn|12
|
|t:|1760411725
|move|p2a: Iron Treads|Volt Switch|p1a: Mr. Brightside
|-supereffective|p1a: Mr. Brightside
|-damage|p1a: Mr. Brightside|48/100
|
|t:|1760411728
|-end|p2a: Iron Treads|Quark Drive|[silent]
|switch|p2a: Scizor|Scizor, F|100/100|[from] Volt Switch
|move|p1a: Mr. Brightside|Shell Smash|p1a: Mr. Brightside
|-unboost|p1a: Mr. Brightside|def|1
|-unboost|p1a: Mr. Brightside|spd|1
|-boost|p1a: Mr. Brightside|atk|2
|-boost|p1a: Mr. Brightside|spa|2
|-boost|p1a: Mr. Brightside|spe|2
|-enditem|p1a: Mr. Brightside|White Herb
|-clearnegativeboost|p1a: Mr. Brightside|[silent]
|
|-formechange|p1a: Mr. Brightside|Minior-Blue||[from] ability: Shields Down
|upkeep
|turn|13
|
|t:|1760411741
|move|p2a: Scizor|Bullet Punch|p1a: Mr. Brightside
|-supereffective|p1a: Mr. Brightside
|-damage|p1a: Mr. Brightside|0 fnt
|faint|p1a: Mr. Brightside
|
|upkeep
|-message|banjin forfeited.
|
|win|KingBeanis
|raw|banjin's rating: 1449 &rarr; <strong>1431</strong><br />(-18 for losing)
|raw|KingBeanis's rating: 1489 &rarr; <strong>1507</strong><br />(+18 for winning)
|l|☆banjin
|player|p1|
|l|☆KingBeanis
|player|p2|
