|j|☆Slashutu
|j|☆bubzki
|t:|1760389270
|gametype|singles
|player|p1|Slashutu|170|1588
|player|p2|bubzki|ethan|1631
|gen|9
|tier|[Gen 9] OU
|rated|
|rule|HP Percentage Mod: HP is shown in percentages
|rule|Endless Battle Clause: Forcing endless battles is banned
|rule|Species Clause: Limit one of each Pokémon
|rule|OHKO Clause: OHKO moves are banned
|rule|Evasion Items Clause: Evasion items are banned
|rule|Evasion Moves Clause: Evasion moves are banned
|rule|Evasion Abilities Clause: Evasion abilities are banned
|rule|Sleep Moves Clause: Sleep-inducing moves are banned
|clearpoke
|poke|p1|Pelipper, F|
|poke|p1|Hatterene, F|
|poke|p1|Iron Treads|
|poke|p1|Toxicroak, F|
|poke|p1|Barraskewda, F|
|poke|p1|Zapdos|
|poke|p2|Zapdos-Galar|
|poke|p2|Arcanine-Hisui, M|
|poke|p2|Dragapult, F|
|poke|p2|Great Tusk|
|poke|p2|Hatterene, F|
|poke|p2|Slowking-Galar, F|
|teampreview
|
|t:|1760389310
|teamsize|p1|6
|teamsize|p2|6
|start
|switch|p1a: Pelipper|Pelipper, F|100/100
|switch|p2a: Dragapult|Dragapult, F|100/100
|-weather|RainDance|[from] ability: Drizzle|[of] p1a: Pelipper
|turn|1
|
|t:|1760389330
|switch|p1a: Iron Treads|Iron Treads|100/100
|move|p2a: Dragapult|Shadow Ball|p1a: Iron Treads
|-damage|p1a: Iron Treads|55/100
|
|-weather|RainDance|[upkeep]
|-heal|p1a: Iron Treads|61/100|[from] item: Leftovers
|upkeep
|turn|2
|
|t:|1760389343
|switch|p2a: Great Tusk|Great Tusk|100/100
|-terastallize|p1a: Iron Treads|Normal
|move|p1a: Iron Treads|Stealth Rock|p2a: Great Tusk
|-sidestart|p2: bubzki|move: Stealth Rock
|
|-weather|RainDance|[upkeep]
|-heal|p1a: Iron Treads|67/100|[from] item: Leftovers
|upkeep
|turn|3
|
|t:|1760389347
|-end|p1a: Iron Treads|Quark Drive|[silent]
|switch|p1a: Zapdos|Zapdos|100/100
|move|p2a: Great Tusk|Rapid Spin|p1a: Zapdos
|-damage|p1a: Zapdos|78/100
|-boost|p2a: Great Tusk|spe|1
|-sideend|p2: bubzki|Stealth Rock|[from] move: Rapid Spin|[of] p2a: Great Tusk
|
|-weather|RainDance|[upkeep]
|upkeep
|turn|4
|
|t:|1760389355
|move|p2a: Great Tusk|Stealth Rock|p1a: Zapdos
|-sidestart|p1: Slashutu|move: Stealth Rock
|move|p1a: Zapdos|Hurricane|p2a: Great Tusk
|-supereffective|p2a: Great Tusk
|-damage|p2a: Great Tusk|0 fnt
|faint|p2a: Great Tusk
|-end|p2a: Great Tusk|Protosynthesis|[silent]
|
|-weather|RainDance|[upkeep]
|upkeep
|
|t:|1760389363
|switch|p2a: Arcanine|Arcanine-Hisui, M|100/100
|turn|5
|
|t:|1760389372
|switch|p1a: Toxicroak|Toxicroak, F|100/100
|-damage|p1a: Toxicroak|94/100|[from] Stealth Rock
|move|p2a: Arcanine|Head Smash|p1a: Toxicroak
|-resisted|p1a: Toxicroak
|-damage|p1a: Toxicroak|61/100
|-damage|p2a: Arcanine|84/100|[from] item: Rocky Helmet|[of] p1a: Toxicroak
|
|-weather|RainDance|[upkeep]
|-heal|p1a: Toxicroak|73/100|[from] ability: Dry Skin
|upkeep
|turn|6
|
|t:|1760389385
|switch|p1a: Iron Treads|Iron Treads, tera:Normal|67/100
|-damage|p1a: Iron Treads|55/100|[from] Stealth Rock
|move|p2a: Arcanine|Flare Blitz|p1a: Iron Treads
|-damage|p1a: Iron Treads|32/100
|
|-weather|RainDance|[upkeep]
|-heal|p1a: Iron Treads|38/100|[from] item: Leftovers
|upkeep
|turn|7
|
|t:|1760389391
|switch|p2a: Dragapult|Dragapult, F|100/100
|move|p1a: Iron Treads|Rapid Spin|p2a: Dragapult
|-immune|p2a: Dragapult
|
|-weather|RainDance|[upkeep]
|-heal|p1a: Iron Treads|44/100|[from] item: Leftovers
|upkeep
|turn|8
|
|t:|1760389396
|move|p2a: Dragapult|Draco Meteor|p1a: Iron Treads
|-damage|p1a: Iron Treads|0 fnt
|-unboost|p2a: Dragapult|spa|2
|faint|p1a: Iron Treads
|-end|p1a: Iron Treads|Quark Drive|[silent]
|
|-weather|none
|upkeep
|
|t:|1760389399
|switch|p1a: Pelipper|Pelipper, F|100/100
|-damage|p1a: Pelipper|76/100|[from] Stealth Rock
|-weather|RainDance|[from] ability: Drizzle|[of] p1a: Pelipper
|turn|9
|
|t:|1760389411
|switch|p2a: Slowking|Slowking-Galar, F|100/100
|move|p1a: Pelipper|U-turn|p2a: Slowking
|-damage|p2a: Slowking|90/100
|
|t:|1760389415
|switch|p1a: Barraskewda|Barraskewda, F|100/100|[from] U-turn
|-damage|p1a: Barraskewda|88/100|[from] Stealth Rock
|
|-weather|RainDance|[upkeep]
|upkeep
|turn|10
|
|t:|1760389429
|-terastallize|p2a: Slowking|Water
|move|p1a: Barraskewda|Liquidation|p2a: Slowking
|-resisted|p2a: Slowking
|-damage|p2a: Slowking|37/100
|move|p2a: Slowking|Sludge Bomb|p1a: Barraskewda
|-damage|p1a: Barraskewda|0 fnt
|faint|p1a: Barraskewda
|
|-weather|RainDance|[upkeep]
|upkeep
|
|t:|1760389437
|switch|p1a: Zapdos|Zapdos|78/100
|-damage|p1a: Zapdos|53/100|[from] Stealth Rock
|turn|11
|
|t:|1760389450
|switch|p2a: Hatterene|Hatterene, F|100/100
|move|p1a: Zapdos|Thunder|p2a: Hatterene
|-damage|p2a: Hatterene|9/100
|-enditem|p2a: Hatterene|Red Card|[of] p1a: Zapdos
|drag|p1a: Pelipper|Pelipper, F|76/100
|-damage|p1a: Pelipper|51/100|[from] Stealth Rock
|
|-weather|RainDance|[upkeep]
|upkeep
|turn|12
|
|t:|1760389458
|move|p1a: Pelipper|Hurricane|p2a: Hatterene
|-damage|p2a: Hatterene|0 fnt
|faint|p2a: Hatterene
|
|-weather|RainDance|[upkeep]
|upkeep
|inactive|Battle timer is ON: inactive players will automatically lose when time's up. (requested by bubzki)
|
|t:|1760389467
|switch|p2a: Dragapult|Dragapult, F|100/100
|turn|13
|
|t:|1760389473
|move|p2a: Dragapult|Shadow Ball|p1a: Pelipper
|-damage|p1a: Pelipper|0 fnt
|faint|p1a: Pelipper
|
|-weather|RainDance|[upkeep]
|upkeep
|-message|Slashutu forfeited.
|
|win|bubzki
|raw|Slashutu's rating: 1588 &rarr; <strong>1570</strong><br />(-18 for losing)
|raw|bubzki's rating: 1631 &rarr; <strong>1649</strong><br />(+18 for winning)
|l|☆Slashutu
|player|p1|
|l|☆bubzki
|player|p2|
