|j|☆Bleez145
|j|‽huzkage
|t:|1760369271
|gametype|singles
|player|p1|Bleez145|1|1113
|player|p2|huzkage|sabrina|1114
|gen|9
|tier|[Gen 9] OU
|rated|
|rule|HP Percentage Mod: HP is shown in percentages
|rule|Endless Battle Clause: Forcing endless battles is banned
|rule|Species Clause: Limit one of each Pokémon
|rule|OHKO Clause: OHKO moves are banned
|rule|Evasion Items Clause: Evasion items are banned
|rule|Evasion Moves Clause: Evasion moves are banned
|rule|Evasion Abilities Clause: Evasion abilities are banned
|rule|Sleep Moves Clause: Sleep-inducing moves are banned
|clearpoke
|poke|p1|Dusknoir, M|
|poke|p1|Ambipom, F|
|poke|p1|Yanmega, M|
|poke|p1|Bombirdier, F|
|poke|p1|Copperajah, F|
|poke|p1|Blaziken, F|
|poke|p2|Cinderace, F|
|poke|p2|Kingambit, F|
|poke|p2|Landorus-Therian, M|
|poke|p2|Iron Valiant|
|poke|p2|Kyurem|
|poke|p2|Slowking-Galar, M|
|teampreview
|
|t:|1760369281
|teamsize|p1|6
|teamsize|p2|6
|start
|switch|p1a: Bombirdier|Bombirdier, F|100/100
|switch|p2a: Cinderace|Cinderace, F|100/100
|turn|1
|
|t:|1760369302
|move|p2a: Cinderace|U-turn|p1a: Bombirdier
|-damage|p1a: Bombirdier|78/100
|inactive|Battle timer is ON: inactive players will automatically lose when time's up. (requested by huzkage)
|
|t:|1760369306
|switch|p2a: Landorus|Landorus-Therian, M, shiny|100/100|[from] U-turn
|-ability|p2a: Landorus|Intimidate|boost
|-unboost|p1a: Bombirdier|atk|1
|move|p1a: Bombirdier|Stealth Rock|p2a: Landorus
|-sidestart|p2: huzkage|move: Stealth Rock
|
|upkeep
|turn|2
|
|t:|1760369314
|move|p2a: Landorus|Rock Tomb|p1a: Bombirdier
|-supereffective|p1a: Bombirdier
|-damage|p1a: Bombirdier|32/100
|-unboost|p1a: Bombirdier|spe|1
|move|p1a: Bombirdier|Knock Off|p2a: Landorus
|-damage|p2a: Landorus|78/100
|-damage|p1a: Bombirdier|15/100|[from] item: Rocky Helmet|[of] p2a: Landorus
|-enditem|p2a: Landorus|Rocky Helmet|[from] move: Knock Off|[of] p1a: Bombirdier
|-enditem|p1a: Bombirdier|Liechi Berry|[eat]
|-boost|p1a: Bombirdier|atk|1|[from] item: Liechi Berry
|
|upkeep
|turn|3
|
|t:|1760369325
|move|p2a: Landorus|U-turn|p1a: Bombirdier
|-damage|p1a: Bombirdier|0 fnt
|faint|p1a: Bombirdier
|
|t:|1760369328
|switch|p2a: Cinderace|Cinderace, F|100/100|[from] U-turn
|
|upkeep
|
|t:|1760369337
|switch|p1a: Ambipom|Ambipom, F|100/100
|turn|4
|
|t:|1760369340
|move|p1a: Ambipom|Fake Out|p2a: Cinderace
|-damage|p2a: Cinderace|70/100
|cant|p2a: Cinderace|flinch
|
|upkeep
|turn|5
|
|t:|1760369346
|move|p2a: Cinderace|Court Change|p2a: Cinderace
|-swapsideconditions
|-activate|p2a: Cinderace|move: Court Change
|move|p1a: Ambipom|Knock Off|p2a: Cinderace
|-damage|p2a: Cinderace|36/100
|-enditem|p2a: Cinderace|Heavy-Duty Boots|[from] move: Knock Off|[of] p1a: Ambipom
|
|upkeep
|turn|6
|
|t:|1760369353
|move|p2a: Cinderace|U-turn|p1a: Ambipom
|-damage|p1a: Ambipom|72/100
|
|t:|1760369364
|switch|p2a: Kingambit|Kingambit, F|100/100|[from] U-turn
|move|p1a: Ambipom|Gunk Shot|p2a: Kingambit
|-immune|p2a: Kingambit
|
|upkeep
|turn|7
|
|t:|1760369369
|move|p1a: Ambipom|Knock Off|p2a: Kingambit
|-resisted|p2a: Kingambit
|-damage|p2a: Kingambit|89/100
|-enditem|p2a: Kingambit|Leftovers|[from] move: Knock Off|[of] p1a: Ambipom
|move|p2a: Kingambit|Kowtow Cleave|p1a: Ambipom
|-damage|p1a: Ambipom|0 fnt
|faint|p1a: Ambipom
|
|upkeep
|
|t:|1760369376
|switch|p1a: Blaziken|Blaziken, F|100/100
|-damage|p1a: Blaziken|88/100|[from] Stealth Rock
|turn|8
|
|t:|1760369381
|-end|p2a: Kingambit|fallenundefined|[silent]
|switch|p2a: Landorus|Landorus-Therian, M, shiny|78/100
|-ability|p2a: Landorus|Intimidate|boost
|-unboost|p1a: Blaziken|atk|1
|move|p1a: Blaziken|Bulk Up|p1a: Blaziken
|-boost|p1a: Blaziken|atk|1
|-boost|p1a: Blaziken|def|1
|
|-ability|p1a: Blaziken|Speed Boost|boost
|-boost|p1a: Blaziken|spe|1
|upkeep
|turn|9
|
|t:|1760369390
|-terastallize|p1a: Blaziken|Dark
|move|p1a: Blaziken|Bulk Up|p1a: Blaziken
|-boost|p1a: Blaziken|atk|1
|-boost|p1a: Blaziken|def|1
|move|p2a: Landorus|Earthquake|p1a: Blaziken
|-damage|p1a: Blaziken|56/100
|
|-ability|p1a: Blaziken|Speed Boost|boost
|-boost|p1a: Blaziken|spe|1
|upkeep
|turn|10
|
|t:|1760369400
|move|p1a: Blaziken|Knock Off|p2a: Landorus
|-damage|p2a: Landorus|30/100
|move|p2a: Landorus|Taunt|p1a: Blaziken
|-start|p1a: Blaziken|move: Taunt
|
|-ability|p1a: Blaziken|Speed Boost|boost
|-boost|p1a: Blaziken|spe|1
|upkeep
|turn|11
|
|t:|1760369411
|move|p1a: Blaziken|Knock Off|p2a: Landorus
|-damage|p2a: Landorus|0 fnt
|faint|p2a: Landorus
|
|-ability|p1a: Blaziken|Speed Boost|boost
|-boost|p1a: Blaziken|spe|1
|upkeep
|
|t:|1760369414
|switch|p2a: Iron Valiant|Iron Valiant|100/100
|-enditem|p2a: Iron Valiant|Booster Energy
|-activate|p2a: Iron Valiant|ability: Quark Drive|[fromitem]
|-start|p2a: Iron Valiant|quarkdrivespe
|turn|12
|
|t:|1760369421
|move|p1a: Blaziken|Blaze Kick|p2a: Iron Valiant
|-crit|p2a: Iron Valiant
|-damage|p2a: Iron Valiant|0 fnt
|faint|p2a: Iron Valiant
|-end|p2a: Iron Valiant|Quark Drive|[silent]
|
|-ability|p1a: Blaziken|Speed Boost|boost
|-boost|p1a: Blaziken|spe|1
|upkeep
|
|t:|1760369443
|switch|p2a: Kyurem|Kyurem, shiny|100/100
|-ability|p2a: Kyurem|Pressure
|turn|13
|
|t:|1760369446
|move|p2a: Kyurem|Protect|p2a: Kyurem
|-singleturn|p2a: Kyurem|Protect
|move|p1a: Blaziken|Close Combat|p2a: Kyurem
|-activate|p2a: Kyurem|move: Protect
|
|-end|p1a: Blaziken|move: Taunt
|-ability|p1a: Blaziken|Speed Boost|boost
|-boost|p1a: Blaziken|spe|1
|upkeep
|turn|14
|
|t:|1760369452
|-terastallize|p2a: Kyurem|Ground
|move|p1a: Blaziken|Close Combat|p2a: Kyurem
|-damage|p2a: Kyurem|12/100
|-unboost|p1a: Blaziken|def|1
|-unboost|p1a: Blaziken|spd|1
|move|p2a: Kyurem|Freeze-Dry|p1a: Blaziken
|-damage|p1a: Blaziken|0 fnt
|faint|p1a: Blaziken
|
|-heal|p2a: Kyurem|18/100|[from] item: Leftovers
|upkeep
|
|t:|1760369463
|switch|p1a: Dusknoir|Dusknoir, M|100/100
|-damage|p1a: Dusknoir|88/100|[from] Stealth Rock
|-ability|p1a: Dusknoir|Pressure
|turn|15
|
|t:|1760369466
|move|p2a: Kyurem|Earth Power|p1a: Dusknoir
|-damage|p1a: Dusknoir|48/100
|move|p1a: Dusknoir|Earthquake|p2a: Kyurem
|-damage|p2a: Kyurem|0 fnt
|faint|p2a: Kyurem
|
|-heal|p1a: Dusknoir|54/100|[from] item: Leftovers
|upkeep
|
|t:|1760369472
|switch|p2a: Cinderace|Cinderace, F|36/100
|turn|16
|
|t:|1760369478
|move|p2a: Cinderace|Pyro Ball|p1a: Dusknoir
|-damage|p1a: Dusknoir|16/100
|move|p1a: Dusknoir|Earthquake|p2a: Cinderace
|-supereffective|p2a: Cinderace
|-damage|p2a: Cinderace|0 fnt
|faint|p2a: Cinderace
|
|-heal|p1a: Dusknoir|22/100|[from] item: Leftovers
|upkeep
|
|t:|1760369483
|switch|p2a: Slowking|Slowking-Galar, M, shiny|100/100
|turn|17
|
|t:|1760369489
|move|p1a: Dusknoir|Pain Split|p2a: Slowking
|-sethp|p2a: Slowking|58/100|[from] move: Pain Split|[silent]
|-sethp|p1a: Dusknoir|79/100|[from] move: Pain Split
|move|p2a: Slowking|Psychic Noise|p1a: Dusknoir
|-damage|p1a: Dusknoir|56/100
|-start|p1a: Dusknoir|move: Heal Block
|
|upkeep
|turn|18
|
|t:|1760369497
|move|p1a: Dusknoir|Poltergeist|p2a: Slowking
|-activate|p2a: Slowking|move: Poltergeist|Heavy-Duty Boots
|-supereffective|p2a: Slowking
|-damage|p2a: Slowking|0 fnt
|faint|p2a: Slowking
|
|-end|p1a: Dusknoir|move: Heal Block
|upkeep
|
|t:|1760369502
|switch|p2a: Kingambit|Kingambit, F|89/100
|-activate|p2a: Kingambit|ability: Supreme Overlord
|-start|p2a: Kingambit|fallen5|[silent]
|turn|19
|
|t:|1760369509
|move|p2a: Kingambit|Kowtow Cleave|p1a: Dusknoir
|-supereffective|p1a: Dusknoir
|-damage|p1a: Dusknoir|0 fnt
|faint|p1a: Dusknoir
|
|upkeep
|
|t:|1760369515
|switch|p1a: Copperajah|Copperajah, F|100/100
|-damage|p1a: Copperajah|94/100|[from] Stealth Rock
|turn|20
|
|t:|1760369520
|move|p2a: Kingambit|Kowtow Cleave|p1a: Copperajah
|-damage|p1a: Copperajah|29/100
|-enditem|p1a: Copperajah|Sitrus Berry|[eat]
|-heal|p1a: Copperajah|53/100|[from] item: Sitrus Berry
|move|p1a: Copperajah|Earthquake|p2a: Kingambit
|-supereffective|p2a: Kingambit
|-damage|p2a: Kingambit|36/100
|
|upkeep
|turn|21
|
|t:|1760369529
|move|p2a: Kingambit|Kowtow Cleave|p1a: Copperajah
|-damage|p1a: Copperajah|0 fnt
|faint|p1a: Copperajah
|
|upkeep
|
|t:|1760369531
|switch|p1a: Yanmega|Yanmega, M|100/100
|-damage|p1a: Yanmega|50/100|[from] Stealth Rock
|turn|22
|
|t:|1760369538
|move|p2a: Kingambit|Sucker Punch|p1a: Yanmega
|-damage|p1a: Yanmega|0 fnt
|faint|p1a: Yanmega
|
|win|huzkage
|raw|Bleez145's rating: 1113 &rarr; <strong>1088</strong><br />(-25 for losing)
|raw|huzkage's rating: 1114 &rarr; <strong>1139</strong><br />(+25 for winning)
|l|‽huzkage
|player|p2|
