|j|☆harsh9555
|j|☆Kickerich
|t:|1760364491
|gametype|singles
|player|p1|harsh9555|102|1367
|player|p2|Kickerich|rocketgrunt|1311
|gen|9
|tier|[Gen 9] OU
|rated|
|rule|HP Percentage Mod: HP is shown in percentages
|rule|Endless Battle Clause: Forcing endless battles is banned
|rule|Species Clause: Limit one of each Pokémon
|rule|OHKO Clause: OHKO moves are banned
|rule|Evasion Items Clause: Evasion items are banned
|rule|Evasion Moves Clause: Evasion moves are banned
|rule|Evasion Abilities Clause: Evasion abilities are banned
|rule|Sleep Moves Clause: Sleep-inducing moves are banned
|clearpoke
|poke|p1|Greninja-*, M|
|poke|p1|Talonflame, M|
|poke|p1|Hawlucha, M|
|poke|p1|Noivern, F|
|poke|p1|Pikachu, M|
|poke|p1|Goodra-Hisui, F|
|poke|p2|Scizor, F|
|poke|p2|Garganacl, M|
|poke|p2|Raging Bolt|
|poke|p2|Great Tusk|
|poke|p2|Toxapex, M|
|poke|p2|Sinistcha|
|teampreview
|
|t:|1760364497
|teamsize|p1|6
|teamsize|p2|6
|start
|switch|p1a: Goodra|Goodra-Hisui, F|100/100
|switch|p2a: Toxapex|Toxapex, M|100/100
|turn|1
|inactive|Battle timer is ON: inactive players will automatically lose when time's up. (requested by harsh9555)
|
|t:|1760364513
|move|p1a: Goodra|Flash Cannon|p2a: Toxapex
|-resisted|p2a: Toxapex
|-damage|p2a: Toxapex|87/100
|-unboost|p2a: Toxapex|spd|1
|move|p2a: Toxapex|Infestation|p1a: Goodra
|-resisted|p1a: Goodra
|-damage|p1a: Goodra|99/100
|-activate|p1a: Goodra|move: Infestation|[of] p2a: Toxapex
|-ability|p1a: Goodra|Gooey
|-unboost|p2a: Toxapex|spe|1
|
|-damage|p1a: Goodra|88/100|[from] move: Infestation|[partiallytrapped]
|upkeep
|turn|2
|
|t:|1760364521
|move|p2a: Toxapex|Baneful Bunker|p2a: Toxapex
|-singleturn|p2a: Toxapex|move: Protect
|move|p1a: Goodra|Flash Cannon|p2a: Toxapex
|-activate|p2a: Toxapex|move: Protect
|
|-damage|p1a: Goodra|75/100|[from] move: Infestation|[partiallytrapped]
|upkeep
|turn|3
|
|t:|1760364531
|move|p1a: Goodra|Flash Cannon|p2a: Toxapex
|-resisted|p2a: Toxapex
|-damage|p2a: Toxapex|67/100
|move|p2a: Toxapex|Chilling Water|p1a: Goodra
|-resisted|p1a: Goodra
|-damage|p1a: Goodra|73/100
|-unboost|p1a: Goodra|atk|1
|
|-damage|p1a: Goodra|60/100|[from] move: Infestation|[partiallytrapped]
|upkeep
|turn|4
|
|t:|1760364540
|move|p2a: Toxapex|Baneful Bunker|p2a: Toxapex
|-singleturn|p2a: Toxapex|move: Protect
|move|p1a: Goodra|Flash Cannon|p2a: Toxapex
|-activate|p2a: Toxapex|move: Protect
|
|-damage|p1a: Goodra|48/100|[from] move: Infestation|[partiallytrapped]
|upkeep
|turn|5
|
|t:|1760364551
|move|p1a: Goodra|Draco Meteor|p2a: Toxapex
|-damage|p2a: Toxapex|2/100
|-unboost|p1a: Goodra|spa|2
|move|p2a: Toxapex|Chilling Water|p1a: Goodra
|-resisted|p1a: Goodra
|-damage|p1a: Goodra|46/100
|-unboost|p1a: Goodra|atk|1
|
|-end|p1a: Goodra|Infestation|[partiallytrapped]
|upkeep
|turn|6
|
|t:|1760364561
|switch|p2a: Garganacl|Garganacl, M|100/100
|move|p1a: Goodra|Flash Cannon|p2a: Garganacl
|-supereffective|p2a: Garganacl
|-damage|p2a: Garganacl|62/100
|
|-heal|p2a: Garganacl|68/100|[from] item: Leftovers
|upkeep
|turn|7
|
|t:|1760364565
|move|p1a: Goodra|Flash Cannon|p2a: Garganacl
|-supereffective|p2a: Garganacl
|-damage|p2a: Garganacl|33/100
|move|p2a: Garganacl|Salt Cure|p1a: Goodra
|-resisted|p1a: Goodra
|-damage|p1a: Goodra|39/100
|-start|p1a: Goodra|Salt Cure
|
|-heal|p2a: Garganacl|40/100|[from] item: Leftovers
|-damage|p1a: Goodra|14/100|[from] Salt Cure
|upkeep
|turn|8
|
|t:|1760364570
|move|p2a: Garganacl|Protect|p2a: Garganacl
|-singleturn|p2a: Garganacl|Protect
|move|p1a: Goodra|Flash Cannon|p2a: Garganacl
|-activate|p2a: Garganacl|move: Protect
|
|-heal|p2a: Garganacl|46/100|[from] item: Leftovers
|-damage|p1a: Goodra|0 fnt|[from] Salt Cure
|faint|p1a: Goodra
|upkeep
|
|t:|1760364575
|switch|p1a: Greninja|Greninja, M|100/100
|turn|9
|
|t:|1760364590
|switch|p2a: Raging Bolt|Raging Bolt|100/100
|-enditem|p2a: Raging Bolt|Booster Energy
|-activate|p2a: Raging Bolt|ability: Protosynthesis|[fromitem]
|-start|p2a: Raging Bolt|protosynthesisspa
|move|p1a: Greninja|Grass Knot|p2a: Raging Bolt
|-resisted|p2a: Raging Bolt
|-damage|p2a: Raging Bolt|84/100
|
|upkeep
|turn|10
|
|t:|1760364599
|-terastallize|p1a: Greninja|Steel
|move|p1a: Greninja|Ice Beam|p2a: Raging Bolt
|-supereffective|p2a: Raging Bolt
|-damage|p2a: Raging Bolt|36/100
|move|p2a: Raging Bolt|Dragon Pulse|p1a: Greninja
|-resisted|p1a: Greninja
|-damage|p1a: Greninja|50/100
|
|upkeep
|turn|11
|
|t:|1760364607
|-end|p2a: Raging Bolt|Protosynthesis|[silent]
|switch|p2a: Toxapex|Toxapex, M|35/100
|move|p1a: Greninja|Ice Beam|p2a: Toxapex
|-resisted|p2a: Toxapex
|-damage|p2a: Toxapex|26/100
|
|upkeep
|turn|12
|
|t:|1760364613
|move|p2a: Toxapex|Baneful Bunker|p2a: Toxapex
|-singleturn|p2a: Toxapex|move: Protect
|move|p1a: Greninja|Dark Pulse|p2a: Toxapex
|-activate|p2a: Toxapex|move: Protect
|
|upkeep
|turn|13
|
|t:|1760364627
|switch|p2a: Scizor|Scizor, F|100/100
|move|p1a: Greninja|Dark Pulse|p2a: Scizor
|-damage|p2a: Scizor|62/100
|
|upkeep
|turn|14
|
|t:|1760364632
|move|p1a: Greninja|Water Shuriken|p2a: Scizor
|-damage|p2a: Scizor|53/100
|-crit|p2a: Scizor
|-damage|p2a: Scizor|41/100
|-damage|p2a: Scizor|33/100
|-damage|p2a: Scizor|25/100
|-damage|p2a: Scizor|17/100
|-hitcount|p2a: Scizor|5
|move|p2a: Scizor|Knock Off|p1a: Greninja
|-damage|p1a: Greninja|0 fnt
|-enditem|p1a: Greninja|Loaded Dice|[from] move: Knock Off|[of] p2a: Scizor
|faint|p1a: Greninja
|
|upkeep
|
|t:|1760364647
|switch|p1a: Noivern|Noivern, F|100/100
|turn|15
|
|t:|1760364651
|switch|p2a: Toxapex|Toxapex, M|59/100
|move|p1a: Noivern|Boomburst|p2a: Toxapex
|-damage|p2a: Toxapex|36/100
|-enditem|p1a: Noivern|Throat Spray
|-boost|p1a: Noivern|spa|1|[from] item: Throat Spray
|
|upkeep
|turn|16
|
|t:|1760364658
|move|p1a: Noivern|Boomburst|p2a: Toxapex
|-damage|p2a: Toxapex|0 fnt
|faint|p2a: Toxapex
|
|upkeep
|
|t:|1760364660
|switch|p2a: Sinistcha|Sinistcha|100/100
|turn|17
|
|t:|1760364663
|move|p1a: Noivern|Hurricane|p2a: Sinistcha
|-supereffective|p2a: Sinistcha
|-damage|p2a: Sinistcha|0 fnt
|faint|p2a: Sinistcha
|
|upkeep
|
|t:|1760364666
|switch|p2a: Scizor|Scizor, F|17/100
|turn|18
|
|t:|1760364668
|-terastallize|p2a: Scizor|Steel
|move|p2a: Scizor|Bullet Punch|p1a: Noivern
|-damage|p1a: Noivern|16/100
|move|p1a: Noivern|Flamethrower|p2a: Scizor
|-supereffective|p2a: Scizor
|-damage|p2a: Scizor|0 fnt
|faint|p2a: Scizor
|
|upkeep
|
|t:|1760364674
|switch|p2a: Raging Bolt|Raging Bolt|36/100
|turn|19
|
|t:|1760364679
|switch|p1a: Pikachu|Pikachu, M|100/100
|move|p2a: Raging Bolt|Thunderclap||[still]
|-fail|p2a: Raging Bolt
|
|upkeep
|turn|20
|
|t:|1760364684
|move|p1a: Pikachu|Fake Out|p2a: Raging Bolt
|-damage|p2a: Raging Bolt|27/100
|cant|p2a: Raging Bolt|flinch
|
|upkeep
|turn|21
|
|t:|1760364687
|-end|p2a: Raging Bolt|Protosynthesis|[silent]
|switch|p2a: Great Tusk|Great Tusk|100/100
|move|p1a: Pikachu|Endeavor|p2a: Great Tusk
|-damage|p2a: Great Tusk|58/100
|
|upkeep
|turn|22
|
|t:|1760364694
|move|p2a: Great Tusk|Rapid Spin|p1a: Pikachu
|-damage|p1a: Pikachu|45/100
|-boost|p2a: Great Tusk|spe|1
|move|p1a: Pikachu|Endeavor|p2a: Great Tusk
|-damage|p2a: Great Tusk|26/100
|
|upkeep
|turn|23
|
|t:|1760364701
|move|p2a: Great Tusk|Ice Spinner|p1a: Pikachu
|-damage|p1a: Pikachu|0 fnt
|faint|p1a: Pikachu
|
|upkeep
|
|t:|1760364704
|switch|p1a: Talonflame|Talonflame, M|100/100
|turn|24
|
|t:|1760364712
|move|p2a: Great Tusk|Ice Spinner|p1a: Talonflame
|-damage|p1a: Talonflame|59/100
|move|p1a: Talonflame|Brave Bird|p2a: Great Tusk
|-supereffective|p2a: Great Tusk
|-damage|p2a: Great Tusk|0 fnt
|faint|p2a: Great Tusk
|-end|p2a: Great Tusk|Protosynthesis|[silent]
|-damage|p1a: Talonflame|49/100|[from] Recoil
|
|upkeep
|
|t:|1760364714
|switch|p2a: Garganacl|Garganacl, M|46/100
|turn|25
|
|t:|1760364717
|switch|p1a: Hawlucha|Hawlucha, M|100/100
|move|p2a: Garganacl|Recover|p2a: Garganacl
|-heal|p2a: Garganacl|96/100
|
|-heal|p2a: Garganacl|100/100|[from] item: Leftovers
|upkeep
|turn|26
|
|t:|1760364724
|move|p1a: Hawlucha|Swords Dance|p1a: Hawlucha
|-boost|p1a: Hawlucha|atk|2
|move|p2a: Garganacl|Salt Cure|p1a: Hawlucha
|-damage|p1a: Hawlucha|81/100
|-start|p1a: Hawlucha|Salt Cure
|
|-damage|p1a: Hawlucha|69/100|[from] Salt Cure
|upkeep
|turn|27
|
|t:|1760364729
|move|p2a: Garganacl|Protect|p2a: Garganacl
|-singleturn|p2a: Garganacl|Protect
|move|p1a: Hawlucha|Swords Dance|p1a: Hawlucha
|-boost|p1a: Hawlucha|atk|2
|
|-damage|p1a: Hawlucha|56/100|[from] Salt Cure
|upkeep
|turn|28
|
|t:|1760364731
|move|p1a: Hawlucha|Close Combat|p2a: Garganacl
|-supereffective|p2a: Garganacl
|-damage|p2a: Garganacl|0 fnt
|-unboost|p1a: Hawlucha|def|1
|-unboost|p1a: Hawlucha|spd|1
|faint|p2a: Garganacl
|
|-damage|p1a: Hawlucha|44/100|[from] Salt Cure
|upkeep
|
|t:|1760364735
|switch|p2a: Raging Bolt|Raging Bolt|27/100
|turn|29
|
|t:|1760364737
|move|p1a: Hawlucha|Swords Dance|p1a: Hawlucha
|-boost|p1a: Hawlucha|atk|2
|move|p2a: Raging Bolt|Thunderbolt|p1a: Hawlucha
|-supereffective|p1a: Hawlucha
|-damage|p1a: Hawlucha|0 fnt
|faint|p1a: Hawlucha
|
|upkeep
|
|t:|1760364743
|switch|p1a: Noivern|Noivern, F|16/100
|turn|30
|
|t:|1760364747
|move|p2a: Raging Bolt|Thunderclap|p1a: Noivern
|-damage|p1a: Noivern|0 fnt
|faint|p1a: Noivern
|
|upkeep
|
|t:|1760364750
|switch|p1a: Talonflame|Talonflame, M|49/100
|turn|31
|
|t:|1760364753
|move|p1a: Talonflame|Roost|p1a: Talonflame
|-heal|p1a: Talonflame|99/100
|-singleturn|p1a: Talonflame|move: Roost
|move|p2a: Raging Bolt|Thunderbolt|p1a: Talonflame
|-damage|p1a: Talonflame|10/100
|
|upkeep
|turn|32
|
|t:|1760364765
|move|p2a: Raging Bolt|Thunderclap|p1a: Talonflame
|-supereffective|p1a: Talonflame
|-damage|p1a: Talonflame|0 fnt
|faint|p1a: Talonflame
|
|win|Kickerich
|raw|harsh9555's rating: 1367 &rarr; <strong>1344</strong><br />(-23 for losing)
|raw|Kickerich's rating: 1311 &rarr; <strong>1334</strong><br />(+23 for winning)
|l|☆Kickerich
|player|p2|
|l|☆harsh9555
|player|p1|
