|j|☆maiborra
|j|☆anglais b
|t:|1760431284
|gametype|singles
|player|p1|maiborra|2|1175
|player|p2|anglais b|101|1180
|gen|9
|tier|[Gen 9] OU
|rated|
|rule|HP Percentage Mod: HP is shown in percentages
|rule|Endless Battle Clause: Forcing endless battles is banned
|rule|Species Clause: Limit one of each Pokémon
|rule|OHKO Clause: OHKO moves are banned
|rule|Evasion Items Clause: Evasion items are banned
|rule|Evasion Moves Clause: Evasion moves are banned
|rule|Evasion Abilities Clause: Evasion abilities are banned
|rule|Sleep Moves Clause: Sleep-inducing moves are banned
|clearpoke
|poke|p1|Hoopa-Unbound|
|poke|p1|Corviknight, M|
|poke|p1|Zamazenta-*|
|poke|p1|Dondozo, M|
|poke|p1|Slowking-Galar, F|
|poke|p1|Cinderace, M|
|poke|p2|Great Tusk|
|poke|p2|Moltres|
|poke|p2|Slowking-Galar, F|
|poke|p2|Dragapult, M|
|poke|p2|Rillaboom, M|
|poke|p2|Keldeo|
|teampreview
|inactive|Battle timer is ON: inactive players will automatically lose when time's up. (requested by anglais b)
|
|t:|1760431292
|teamsize|p1|6
|teamsize|p2|6
|start
|switch|p1a: Cinderace|Cinderace, M|100/100
|switch|p2a: Great Tusk|Great Tusk|100/100
|turn|1
|
|t:|1760431297
|move|p1a: Cinderace|Will-O-Wisp|p2a: Great Tusk
|-status|p2a: Great Tusk|brn
|move|p2a: Great Tusk|Earthquake|p1a: Cinderace
|-supereffective|p1a: Cinderace
|-damage|p1a: Cinderace|46/100
|
|-damage|p2a: Great Tusk|94/100 brn|[from] brn
|upkeep
|turn|2
|
|t:|1760431300
|move|p1a: Cinderace|U-turn|p2a: Great Tusk
|-start|p1a: Cinderace|typechange|Bug|[from] ability: Libero
|-resisted|p2a: Great Tusk
|-damage|p2a: Great Tusk|86/100 brn
|
|t:|1760431302
|switch|p1a: Corviknight|Corviknight, M|100/100|[from] U-turn
|move|p2a: Great Tusk|Stealth Rock|p1a: Corviknight
|-sidestart|p1: maiborra|move: Stealth Rock
|
|-damage|p2a: Great Tusk|79/100 brn|[from] brn
|upkeep
|turn|3
|
|t:|1760431305
|move|p2a: Great Tusk|Knock Off|p1a: Corviknight
|-damage|p1a: Corviknight|92/100
|-damage|p2a: Great Tusk|63/100 brn|[from] item: Rocky Helmet|[of] p1a: Corviknight
|-enditem|p1a: Corviknight|Rocky Helmet|[from] move: Knock Off|[of] p2a: Great Tusk
|move|p1a: Corviknight|Brave Bird|p2a: Great Tusk
|-supereffective|p2a: Great Tusk
|-damage|p2a: Great Tusk|13/100 brn
|-damage|p1a: Corviknight|74/100|[from] Recoil
|
|-damage|p2a: Great Tusk|7/100 brn|[from] brn
|upkeep
|turn|4
|
|t:|1760431315
|-end|p2a: Great Tusk|Protosynthesis|[silent]
|switch|p2a: Dragapult|Dragapult, M|100/100
|move|p1a: Corviknight|U-turn|p2a: Dragapult
|-resisted|p2a: Dragapult
|-damage|p2a: Dragapult|91/100
|
|t:|1760431344
|switch|p1a: Zamazenta|Zamazenta|100/100|[from] U-turn
|-damage|p1a: Zamazenta|94/100|[from] Stealth Rock
|-ability|p1a: Zamazenta|Dauntless Shield|boost
|-boost|p1a: Zamazenta|def|1
|
|upkeep
|turn|5
|
|t:|1760431348
|move|p2a: Dragapult|Will-O-Wisp|p1a: Zamazenta
|-status|p1a: Zamazenta|brn
|move|p1a: Zamazenta|Play Rough|p2a: Dragapult|[miss]
|-miss|p1a: Zamazenta|p2a: Dragapult
|
|-damage|p1a: Zamazenta|88/100 brn|[from] brn
|upkeep
|turn|6
|
|t:|1760431353
|move|p2a: Dragapult|Hex|p1a: Zamazenta
|-damage|p1a: Zamazenta|55/100 brn
|move|p1a: Zamazenta|Play Rough|p2a: Dragapult
|-supereffective|p2a: Dragapult
|-damage|p2a: Dragapult|51/100
|
|-damage|p1a: Zamazenta|48/100 brn|[from] brn
|upkeep
|turn|7
|
|t:|1760431359
|move|p2a: Dragapult|Hex|p1a: Zamazenta
|-damage|p1a: Zamazenta|16/100 brn
|move|p1a: Zamazenta|Play Rough|p2a: Dragapult
|-supereffective|p2a: Dragapult
|-damage|p2a: Dragapult|10/100
|
|-damage|p1a: Zamazenta|10/100 brn|[from] brn
|upkeep
|turn|8
|
|t:|1760431365
|move|p2a: Dragapult|Hex|p1a: Zamazenta
|-damage|p1a: Zamazenta|0 fnt
|faint|p1a: Zamazenta
|
|upkeep
|
|t:|1760431374
|switch|p1a: Cinderace|Cinderace, M|46/100
|turn|9
|
|t:|1760431377
|move|p2a: Dragapult|Dragon Darts|p1a: Cinderace
|-damage|p1a: Cinderace|20/100
|-anim|p2a: Dragapult|Dragon Darts|p1a: Cinderace
|-damage|p1a: Cinderace|0 fnt
|faint|p1a: Cinderace
|
|upkeep
|
|t:|1760431382
|switch|p1a: Corviknight|Corviknight, M|74/100
|-damage|p1a: Corviknight|62/100|[from] Stealth Rock
|turn|10
|
|t:|1760431385
|move|p2a: Dragapult|Will-O-Wisp|p1a: Corviknight
|-status|p1a: Corviknight|brn
|move|p1a: Corviknight|Brave Bird|p2a: Dragapult
|-crit|p2a: Dragapult
|-damage|p2a: Dragapult|0 fnt
|faint|p2a: Dragapult
|-damage|p1a: Corviknight|59/100 brn|[from] Recoil
|
|-damage|p1a: Corviknight|53/100 brn|[from] brn
|upkeep
|
|t:|1760431394
|switch|p2a: Keldeo|Keldeo|100/100
|turn|11
|
|t:|1760431398
|move|p2a: Keldeo|Surf|p1a: Corviknight
|-damage|p1a: Corviknight|5/100 brn
|move|p1a: Corviknight|Brave Bird|p2a: Keldeo
|-supereffective|p2a: Keldeo
|-damage|p2a: Keldeo|58/100
|-damage|p1a: Corviknight|0 fnt|[from] Recoil
|faint|p1a: Corviknight
|
|upkeep
|
|t:|1760431402
|switch|p1a: Slowking|Slowking-Galar, F|100/100
|turn|12
|
|t:|1760431405
|move|p2a: Keldeo|Flip Turn|p1a: Slowking
|-damage|p1a: Slowking|87/100
|
|t:|1760431410
|switch|p2a: Slowking|Slowking-Galar, F|100/100|[from] Flip Turn
|move|p1a: Slowking|Future Sight|p2a: Slowking
|-start|p1a: Slowking|move: Future Sight
|
|upkeep
|turn|13
|
|t:|1760431416
|-prepare|p1a: Slowking|Chilly Reception|[premajor]
|move|p1a: Slowking|Chilly Reception|p1a: Slowking
|-weather|Snowscape
|
|t:|1760431420
|switch|p1a: Hoopa|Hoopa-Unbound|100/100|[from] Chilly Reception
|-damage|p1a: Hoopa|88/100|[from] Stealth Rock
|move|p2a: Slowking|Thunder Wave|p1a: Hoopa
|-status|p1a: Hoopa|par
|
|-weather|Snowscape|[upkeep]
|upkeep
|turn|14
|
|t:|1760431431
|switch|p2a: Great Tusk|Great Tusk|7/100 brn
|move|p1a: Hoopa|Hyperspace Fury|p2a: Great Tusk
|-resisted|p2a: Great Tusk
|-damage|p2a: Great Tusk|0 fnt
|-unboost|p1a: Hoopa|def|1
|faint|p2a: Great Tusk
|-end|p2a: Great Tusk|Protosynthesis|[silent]
|
|-weather|Snowscape|[upkeep]
|-hint|Future Sight did not hit because the target is fainted.
|upkeep
|
|t:|1760431437
|switch|p2a: Rillaboom|Rillaboom, M|100/100
|-fieldstart|move: Grassy Terrain|[from] ability: Grassy Surge|[of] p2a: Rillaboom
|turn|15
|
|t:|1760431444
|switch|p1a: Slowking|Slowking-Galar, F|100/100
|-terastallize|p2a: Rillaboom|Grass
|move|p2a: Rillaboom|Grassy Glide|p1a: Slowking
|-resisted|p1a: Slowking
|-damage|p1a: Slowking|57/100
|
|-weather|Snowscape|[upkeep]
|-heal|p1a: Slowking|63/100|[from] Grassy Terrain
|upkeep
|turn|16
|
|t:|1760431453
|move|p2a: Rillaboom|Grassy Glide|p1a: Slowking
|-resisted|p1a: Slowking
|-damage|p1a: Slowking|24/100
|move|p1a: Slowking|Thunder Wave|p2a: Rillaboom
|-status|p2a: Rillaboom|par
|
|-weather|Snowscape|[upkeep]
|-heal|p1a: Slowking|31/100|[from] Grassy Terrain
|upkeep
|turn|17
|
|t:|1760431466
|move|p2a: Rillaboom|Grassy Glide|p1a: Slowking
|-resisted|p1a: Slowking
|-damage|p1a: Slowking|0 fnt
|faint|p1a: Slowking
|
|-weather|none
|upkeep
|
|t:|1760431468
|switch|p1a: Hoopa|Hoopa-Unbound|88/100 par
|-damage|p1a: Hoopa|76/100 par|[from] Stealth Rock
|turn|18
|
|t:|1760431479
|move|p2a: Rillaboom|Grassy Glide|p1a: Hoopa
|-damage|p1a: Hoopa|0 fnt
|faint|p1a: Hoopa
|
|upkeep
|-message|maiborra forfeited.
|
|win|anglais b
|raw|maiborra's rating: 1175 &rarr; <strong>1150</strong><br />(-25 for losing)
|raw|anglais b's rating: 1180 &rarr; <strong>1205</strong><br />(+25 for winning)
|l|☆maiborra
|player|p1|
|l|☆anglais b
|player|p2|
