|j|☆Fnaf Boi Gaming
|j|☆PalWrld
|t:|1760375201
|gametype|singles
|player|p1|Fnaf Boi Gaming|102|1170
|player|p2|PalWrld|volkner|1159
|gen|9
|tier|[Gen 9] OU
|rated|
|rule|HP Percentage Mod: HP is shown in percentages
|rule|Endless Battle Clause: Forcing endless battles is banned
|rule|Species Clause: Limit one of each Pokémon
|rule|OHKO Clause: OHKO moves are banned
|rule|Evasion Items Clause: Evasion items are banned
|rule|Evasion Moves Clause: Evasion moves are banned
|rule|Evasion Abilities Clause: Evasion abilities are banned
|rule|Sleep Moves Clause: Sleep-inducing moves are banned
|clearpoke
|poke|p1|Zoroark-Hisui, M|
|poke|p1|Falinks|
|poke|p1|Greninja-*, F|
|poke|p1|Eelektross, M|
|poke|p1|Feraligatr, F|
|poke|p1|Hoopa-Unbound|
|poke|p2|Pincurchin, M|
|poke|p2|Iron Valiant|
|poke|p2|Raging Bolt|
|poke|p2|Iron Jugulis|
|poke|p2|Iron Treads|
|poke|p2|Iron Moth|
|teampreview
|inactive|Battle timer is ON: inactive players will automatically lose when time's up. (requested by Fnaf Boi Gaming)
|
|t:|1760375223
|teamsize|p1|6
|teamsize|p2|6
|start
|switch|p1a: Hoopa|Hoopa-Unbound|100/100
|switch|p2a: Pincurchin|Pincurchin, M|100/100
|-fieldstart|move: Electric Terrain|[from] ability: Electric Surge|[of] p2a: Pincurchin
|turn|1
|
|t:|1760375231
|switch|p2a: Raging Bolt|Raging Bolt|100/100
|move|p1a: Hoopa|Nasty Plot|p1a: Hoopa
|-boost|p1a: Hoopa|spa|2
|
|upkeep
|turn|2
|
|t:|1760375237
|move|p1a: Hoopa|Nasty Plot|p1a: Hoopa
|-boost|p1a: Hoopa|spa|2
|move|p2a: Raging Bolt|Calm Mind|p2a: Raging Bolt
|-boost|p2a: Raging Bolt|spa|1
|-boost|p2a: Raging Bolt|spd|1
|
|upkeep
|turn|3
|
|t:|1760375244
|move|p1a: Hoopa|Hyper Voice|p2a: Raging Bolt
|-damage|p2a: Raging Bolt|13/100
|move|p2a: Raging Bolt|Thunderbolt|p1a: Hoopa
|-crit|p1a: Hoopa
|-enditem|p1a: Hoopa|Focus Sash
|-damage|p1a: Hoopa|1/100
|replace|p1a: Zoroark|Zoroark-Hisui, M
|-end|p1a: Zoroark|Illusion
|
|-heal|p2a: Raging Bolt|19/100|[from] item: Leftovers
|upkeep
|turn|4
|
|t:|1760375251
|move|p2a: Raging Bolt|Thunderclap|p1a: Zoroark
|-damage|p1a: Zoroark|0 fnt
|faint|p1a: Zoroark
|
|-heal|p2a: Raging Bolt|25/100|[from] item: Leftovers
|upkeep
|
|t:|1760375263
|switch|p1a: Hoopa|Hoopa-Unbound|100/100
|turn|5
|
|t:|1760375280
|move|p2a: Raging Bolt|Thunderclap||[still]
|-fail|p2a: Raging Bolt
|move|p1a: Hoopa|Trick|p2a: Raging Bolt
|-activate|p1a: Hoopa|move: Trick|[of] p2a: Raging Bolt
|-item|p2a: Raging Bolt|Lagging Tail|[from] move: Trick
|-item|p1a: Hoopa|Leftovers|[from] move: Trick
|
|upkeep
|turn|6
|
|t:|1760375289
|move|p1a: Hoopa|Wonder Room|p1a: Hoopa
|-fieldstart|move: Wonder Room|[of] p1a: Hoopa
|move|p2a: Raging Bolt|Thunderbolt|p1a: Hoopa
|-damage|p1a: Hoopa|0 fnt
|faint|p1a: Hoopa
|
|upkeep
|
|t:|1760375309
|switch|p1a: Eelektross|Eelektross, M, shiny|100/100
|turn|7
|
|t:|1760375321
|move|p1a: Eelektross|Coil|p1a: Eelektross
|-boost|p1a: Eelektross|atk|1
|-boost|p1a: Eelektross|def|1
|-boost|p1a: Eelektross|accuracy|1
|move|p2a: Raging Bolt|Dragon Pulse|p1a: Eelektross
|-damage|p1a: Eelektross|36/100
|
|-heal|p1a: Eelektross|42/100|[from] item: Leftovers
|upkeep
|turn|8
|
|t:|1760375329
|move|p1a: Eelektross|Knock Off|p2a: Raging Bolt
|-damage|p2a: Raging Bolt|0 fnt
|-enditem|p2a: Raging Bolt|Lagging Tail|[from] move: Knock Off|[of] p1a: Eelektross
|faint|p2a: Raging Bolt
|-end|p2a: Raging Bolt|Protosynthesis|[silent]
|
|-heal|p1a: Eelektross|48/100|[from] item: Leftovers
|-fieldend|move: Electric Terrain
|upkeep
|
|t:|1760375345
|switch|p2a: Pincurchin|Pincurchin, M|100/100
|-fieldstart|move: Electric Terrain|[from] ability: Electric Surge|[of] p2a: Pincurchin
|turn|9
|
|t:|1760375357
|switch|p2a: Iron Moth|Iron Moth|100/100
|-item|p2a: Iron Moth|Air Balloon
|-activate|p2a: Iron Moth|ability: Quark Drive
|-start|p2a: Iron Moth|quarkdrivespe
|-terastallize|p1a: Eelektross|Poison
|move|p1a: Eelektross|Charge|p1a: Eelektross
|-boost|p1a: Eelektross|spd|1
|-start|p1a: Eelektross|Charge
|
|-heal|p1a: Eelektross|54/100|[from] item: Leftovers
|upkeep
|turn|10
|
|t:|1760375379
|move|p2a: Iron Moth|Fiery Dance|p1a: Eelektross
|-damage|p1a: Eelektross|25/100
|move|p1a: Eelektross|Super Fang|p2a: Iron Moth
|-damage|p2a: Iron Moth|51/100
|-enditem|p2a: Iron Moth|Air Balloon
|
|-heal|p1a: Eelektross|31/100|[from] item: Leftovers
|-fieldend|move: Wonder Room
|upkeep
|turn|11
|
|t:|1760375388
|move|p2a: Iron Moth|Fiery Dance|p1a: Eelektross
|-damage|p1a: Eelektross|4/100
|-boost|p2a: Iron Moth|spa|1
|move|p1a: Eelektross|Knock Off|p2a: Iron Moth
|-damage|p2a: Iron Moth|13/100
|
|-heal|p1a: Eelektross|10/100|[from] item: Leftovers
|upkeep
|turn|12
|
|t:|1760375393
|move|p2a: Iron Moth|Fiery Dance|p1a: Eelektross
|-damage|p1a: Eelektross|0 fnt
|faint|p1a: Eelektross
|
|upkeep
|inactive|Fnaf Boi Gaming has 120 seconds left.
|
|t:|1760375438
|switch|p1a: Feraligatr|Feraligatr, F|100/100
|turn|13
|
|t:|1760375454
|move|p2a: Iron Moth|Sludge Wave|p1a: Feraligatr
|-damage|p1a: Feraligatr|3/100
|move|p1a: Feraligatr|Swords Dance|p1a: Feraligatr
|-boost|p1a: Feraligatr|atk|2
|
|upkeep
|turn|14
|
|t:|1760375460
|move|p1a: Feraligatr|Aqua Jet|p2a: Iron Moth
|-supereffective|p2a: Iron Moth
|-damage|p2a: Iron Moth|0 fnt
|faint|p2a: Iron Moth
|-end|p2a: Iron Moth|Quark Drive|[silent]
|-damage|p1a: Feraligatr|0 fnt|[from] item: Life Orb
|faint|p1a: Feraligatr
|
|upkeep
|
|t:|1760375468
|switch|p2a: Iron Valiant|Iron Valiant|100/100
|switch|p1a: Greninja|Greninja, F|100/100
|-activate|p2a: Iron Valiant|ability: Quark Drive
|-start|p2a: Iron Valiant|quarkdrivespe
|turn|15
|
|t:|1760375472
|move|p1a: Greninja|Endure|p1a: Greninja
|-singleturn|p1a: Greninja|move: Endure
|move|p2a: Iron Valiant|Moonblast|p1a: Greninja
|-supereffective|p1a: Greninja
|-activate|p1a: Greninja|move: Endure
|-damage|p1a: Greninja|1/100
|-enditem|p1a: Greninja|Weakness Policy
|-boost|p1a: Greninja|atk|2|[from] item: Weakness Policy
|-boost|p1a: Greninja|spa|2|[from] item: Weakness Policy
|-damage|p2a: Iron Valiant|91/100|[from] item: Life Orb
|
|upkeep
|turn|16
|
|t:|1760375479
|move|p1a: Greninja|Water Shuriken|p2a: Iron Valiant
|-damage|p2a: Iron Valiant|53/100
|-damage|p2a: Iron Valiant|11/100
|-hitcount|p2a: Iron Valiant|2
|move|p2a: Iron Valiant|Moonblast|p1a: Greninja
|-supereffective|p1a: Greninja
|-damage|p1a: Greninja|0 fnt
|faint|p1a: Greninja
|-damage|p2a: Iron Valiant|1/100|[from] item: Life Orb
|
|-fieldend|move: Electric Terrain
|-end|p2a: Iron Valiant|Quark Drive
|upkeep
|
|t:|1760375484
|switch|p1a: Falinks|Falinks|100/100
|turn|17
|
|t:|1760375490
|move|p2a: Iron Valiant|Moonblast|p1a: Falinks
|-supereffective|p1a: Falinks
|-enditem|p1a: Falinks|Focus Sash
|-damage|p1a: Falinks|1/100
|-damage|p2a: Iron Valiant|0 fnt|[from] item: Life Orb
|faint|p2a: Iron Valiant
|-end|p2a: Iron Valiant|Quark Drive|[silent]
|move|p1a: Falinks|No Retreat|p1a: Falinks
|-boost|p1a: Falinks|atk|1
|-boost|p1a: Falinks|def|1
|-boost|p1a: Falinks|spa|1
|-boost|p1a: Falinks|spd|1
|-boost|p1a: Falinks|spe|1
|-start|p1a: Falinks|move: No Retreat
|
|upkeep
|
|t:|1760375495
|switch|p2a: Pincurchin|Pincurchin, M|100/100
|-fieldstart|move: Electric Terrain|[from] ability: Electric Surge|[of] p2a: Pincurchin
|turn|18
|
|t:|1760375498
|move|p1a: Falinks|Reversal|p2a: Pincurchin
|-damage|p2a: Pincurchin|0 fnt
|faint|p2a: Pincurchin
|
|upkeep
|
|t:|1760375502
|switch|p2a: Iron Jugulis|Iron Jugulis|100/100
|-activate|p2a: Iron Jugulis|ability: Quark Drive
|-start|p2a: Iron Jugulis|quarkdrivespe
|turn|19
|
|t:|1760375508
|move|p2a: Iron Jugulis|Earth Power|p1a: Falinks
|-damage|p1a: Falinks|0 fnt
|faint|p1a: Falinks
|
|win|PalWrld
|raw|Fnaf Boi Gaming's rating: 1170 &rarr; <strong>1144</strong><br />(-26 for losing)
|raw|PalWrld's rating: 1159 &rarr; <strong>1185</strong><br />(+26 for winning)
|l|☆Fnaf Boi Gaming
|player|p1|
