|j|☆Gerryop
|j|☆Real Glim Shady
|t:|1760444703
|gametype|singles
|player|p1|Gerryop|265|1486
|player|p2|Real Glim Shady|dragontamer|1499
|gen|9
|tier|[Gen 9] OU
|rated|
|rule|HP Percentage Mod: HP is shown in percentages
|rule|Endless Battle Clause: Forcing endless battles is banned
|rule|Species Clause: Limit one of each Pokémon
|rule|OHKO Clause: OHKO moves are banned
|rule|Evasion Items Clause: Evasion items are banned
|rule|Evasion Moves Clause: Evasion moves are banned
|rule|Evasion Abilities Clause: Evasion abilities are banned
|rule|Sleep Moves Clause: Sleep-inducing moves are banned
|clearpoke
|poke|p1|Alomomola, F|
|poke|p1|Goodra-Hisui, M|
|poke|p1|Fezandipiti, M|
|poke|p1|Gastrodon-East, F|
|poke|p1|Corviknight, F|
|poke|p1|Skeledirge, M|
|poke|p2|Hawlucha, M|
|poke|p2|Rillaboom, M|
|poke|p2|Raging Bolt|
|poke|p2|Glimmora, M|
|poke|p2|Ogerpon-Cornerstone, F|
|poke|p2|Gholdengo|
|teampreview
|inactive|Battle timer is ON: inactive players will automatically lose when time's up. (requested by Real Glim Shady)
|inactive|Real Glim Shady has 120 seconds left.
|
|t:|1760444750
|teamsize|p1|6
|teamsize|p2|6
|start
|switch|p1a: Fezandipiti|Fezandipiti, M|100/100
|switch|p2a: Rillaboom|Rillaboom, M|100/100
|-fieldstart|move: Grassy Terrain|[from] ability: Grassy Surge|[of] p2a: Rillaboom
|turn|1
|
|t:|1760444758
|switch|p2a: Glimmora|Glimmora, M|100/100
|move|p1a: Fezandipiti|U-turn|p2a: Glimmora
|-resisted|p2a: Glimmora
|-damage|p2a: Glimmora|92/100
|-activate|p2a: Glimmora|ability: Toxic Debris
|-sidestart|p1: Gerryop|move: Toxic Spikes
|-enditem|p2a: Glimmora|Red Card|[of] p1a: Fezandipiti
|drag|p1a: Corviknight|Corviknight, F|100/100
|-ability|p1a: Corviknight|Pressure
|
|-heal|p2a: Glimmora|98/100|[from] Grassy Terrain
|upkeep
|turn|2
|
|t:|1760444778
|switch|p1a: Goodra|Goodra-Hisui, M|100/100
|move|p2a: Glimmora|Power Gem|p1a: Goodra
|-resisted|p1a: Goodra
|-damage|p1a: Goodra|89/100
|
|-heal|p2a: Glimmora|100/100|[from] Grassy Terrain
|-heal|p1a: Goodra|95/100|[from] Grassy Terrain
|-heal|p1a: Goodra|100/100|[from] item: Leftovers
|upkeep
|turn|3
|
|t:|1760444788
|move|p2a: Glimmora|Stealth Rock|p1a: Goodra
|-sidestart|p1: Gerryop|move: Stealth Rock
|move|p1a: Goodra|Curse|p1a: Goodra
|-unboost|p1a: Goodra|spe|1
|-boost|p1a: Goodra|atk|1
|-boost|p1a: Goodra|def|1
|
|upkeep
|turn|4
|
|t:|1760444800
|switch|p2a: Hawlucha|Hawlucha, M|100/100
|-enditem|p2a: Hawlucha|Grassy Seed
|-boost|p2a: Hawlucha|def|1|[from] item: Grassy Seed
|move|p1a: Goodra|Dragon Tail|p2a: Hawlucha
|-damage|p2a: Hawlucha|75/100
|drag|p2a: Ogerpon|Ogerpon-Cornerstone, F|100/100
|
|upkeep
|turn|5
|
|t:|1760444812
|move|p2a: Ogerpon|Knock Off|p1a: Goodra
|-damage|p1a: Goodra|79/100
|-enditem|p1a: Goodra|Leftovers|[from] move: Knock Off|[of] p2a: Ogerpon
|move|p1a: Goodra|Dragon Tail|p2a: Ogerpon
|-damage|p2a: Ogerpon|60/100
|drag|p2a: Glimmora|Glimmora, M|100/100
|
|-heal|p1a: Goodra|85/100|[from] Grassy Terrain
|upkeep
|turn|6
|
|t:|1760444822
|move|p2a: Glimmora|Earth Power|p1a: Goodra
|-supereffective|p1a: Goodra
|-damage|p1a: Goodra|49/100
|move|p1a: Goodra|Heavy Slam|p2a: Glimmora
|-supereffective|p2a: Glimmora
|-damage|p2a: Glimmora|0 fnt
|-activate|p2a: Glimmora|ability: Toxic Debris
|-sidestart|p1: Gerryop|move: Toxic Spikes
|faint|p2a: Glimmora
|
|-heal|p1a: Goodra|55/100|[from] Grassy Terrain
|upkeep
|
|t:|1760444831
|switch|p2a: Raging Bolt|Raging Bolt|100/100
|turn|7
|
|t:|1760444838
|switch|p1a: Fezandipiti|Fezandipiti, M|100/100
|-sideend|p1: Gerryop|move: Toxic Spikes|[of] p1a: Fezandipiti
|-damage|p1a: Fezandipiti|88/100|[from] Stealth Rock
|move|p2a: Raging Bolt|Draco Meteor|p1a: Fezandipiti
|-immune|p1a: Fezandipiti
|
|-heal|p1a: Fezandipiti|94/100|[from] Grassy Terrain
|-heal|p1a: Fezandipiti|99/100|[from] item: Leftovers
|upkeep
|turn|8
|
|t:|1760444859
|-end|p2a: Raging Bolt|Protosynthesis|[silent]
|switch|p2a: Gholdengo|Gholdengo|100/100
|-enditem|p2a: Gholdengo|Grassy Seed
|-boost|p2a: Gholdengo|def|1|[from] item: Grassy Seed
|move|p1a: Fezandipiti|U-turn|p2a: Gholdengo
|-resisted|p2a: Gholdengo
|-damage|p2a: Gholdengo|98/100
|
|t:|1760444869
|switch|p1a: Gastrodon|Gastrodon-East, F|100/100|[from] U-turn
|-damage|p1a: Gastrodon|94/100|[from] Stealth Rock
|
|-heal|p2a: Gholdengo|100/100|[from] Grassy Terrain
|-heal|p1a: Gastrodon|100/100|[from] Grassy Terrain
|-fieldend|move: Grassy Terrain
|upkeep
|turn|9
|
|t:|1760444877
|move|p2a: Gholdengo|Nasty Plot|p2a: Gholdengo
|-boost|p2a: Gholdengo|spa|2
|move|p1a: Gastrodon|Earthquake|p2a: Gholdengo
|-supereffective|p2a: Gholdengo
|-damage|p2a: Gholdengo|63/100
|
|upkeep
|turn|10
|
|t:|1760444884
|move|p2a: Gholdengo|Nasty Plot|p2a: Gholdengo
|-boost|p2a: Gholdengo|spa|2
|move|p1a: Gastrodon|Mirror Coat||[still]
|-fail|p1a: Gastrodon
|
|upkeep
|turn|11
|
|t:|1760444891
|move|p2a: Gholdengo|Nasty Plot|p2a: Gholdengo
|-boost|p2a: Gholdengo|spa|2
|move|p1a: Gastrodon|Earthquake|p2a: Gholdengo
|-supereffective|p2a: Gholdengo
|-damage|p2a: Gholdengo|28/100
|
|upkeep
|turn|12
|
|t:|1760444898
|move|p2a: Gholdengo|Recover|p2a: Gholdengo
|-heal|p2a: Gholdengo|78/100
|move|p1a: Gastrodon|Earthquake|p2a: Gholdengo
|-supereffective|p2a: Gholdengo
|-damage|p2a: Gholdengo|39/100
|
|upkeep
|turn|13
|
|t:|1760444905
|move|p2a: Gholdengo|Recover|p2a: Gholdengo
|-heal|p2a: Gholdengo|89/100
|move|p1a: Gastrodon|Earthquake|p2a: Gholdengo
|-supereffective|p2a: Gholdengo
|-damage|p2a: Gholdengo|54/100
|
|upkeep
|turn|14
|
|t:|1760444912
|switch|p1a: Skeledirge|Skeledirge, M|100/100
|move|p2a: Gholdengo|Recover|p2a: Gholdengo
|-heal|p2a: Gholdengo|100/100
|
|upkeep
|turn|15
|
|t:|1760444927
|-terastallize|p1a: Skeledirge|Grass
|move|p2a: Gholdengo|Shadow Ball|p1a: Skeledirge
|-damage|p1a: Skeledirge|54/100
|move|p1a: Skeledirge|Torch Song|p2a: Gholdengo
|-supereffective|p2a: Gholdengo
|-damage|p2a: Gholdengo|43/100
|-boost|p1a: Skeledirge|spa|1
|
|upkeep
|turn|16
|
|t:|1760444938
|move|p2a: Gholdengo|Make It Rain|p1a: Skeledirge
|-damage|p1a: Skeledirge|0 fnt
|-unboost|p2a: Gholdengo|spa|1
|faint|p1a: Skeledirge
|
|upkeep
|-message|Gerryop forfeited.
|
|win|Real Glim Shady
|raw|Gerryop's rating: 1486 &rarr; <strong>1467</strong><br />(-19 for losing)
|raw|Real Glim Shady's rating: 1499 &rarr; <strong>1518</strong><br />(+19 for winning)
|l|☆Gerryop
|player|p1|
|l|☆Real Glim Shady
|player|p2|
