|j|☆adrienstrate
|j|☆0rlandont
|t:|1760337631
|gametype|singles
|player|p1|adrienstrate|2|1278
|player|p2|0rlandont|blue|1342
|gen|9
|tier|[Gen 9] OU
|rated|
|rule|HP Percentage Mod: HP is shown in percentages
|rule|Endless Battle Clause: Forcing endless battles is banned
|rule|Species Clause: Limit one of each Pokémon
|rule|OHKO Clause: OHKO moves are banned
|rule|Evasion Items Clause: Evasion items are banned
|rule|Evasion Moves Clause: Evasion moves are banned
|rule|Evasion Abilities Clause: Evasion abilities are banned
|rule|Sleep Moves Clause: Sleep-inducing moves are banned
|clearpoke
|poke|p1|Talonflame, F|
|poke|p1|Cetitan, F|
|poke|p1|Abomasnow, M|
|poke|p1|Rhyperior, F|
|poke|p1|Skeledirge, M|
|poke|p1|Torterra, M|
|poke|p2|Cinderace, M|
|poke|p2|Meowscarada, M|
|poke|p2|Gholdengo|
|poke|p2|Iron Valiant|
|poke|p2|Walking Wake|
|poke|p2|Iron Hands|
|teampreview
|
|t:|1760337672
|teamsize|p1|6
|teamsize|p2|6
|start
|switch|p1a: Talonflame|Talonflame, F|100/100
|switch|p2a: You're Strong|Walking Wake|100/100
|turn|1
|
|t:|1760337682
|switch|p1a: Abomasnow|Abomasnow, M|100/100
|-weather|Snowscape|[from] ability: Snow Warning|[of] p1a: Abomasnow
|move|p2a: You're Strong|Hydro Steam|p1a: Abomasnow
|-resisted|p1a: Abomasnow
|-damage|p1a: Abomasnow|74/100
|-damage|p2a: You're Strong|91/100|[from] item: Life Orb
|
|-weather|Snowscape|[upkeep]
|upkeep
|turn|2
|
|t:|1760337691
|move|p2a: You're Strong|Flamethrower|p1a: Abomasnow
|-supereffective|p1a: Abomasnow
|-damage|p1a: Abomasnow|0 fnt
|faint|p1a: Abomasnow
|-damage|p2a: You're Strong|81/100|[from] item: Life Orb
|
|-weather|Snowscape|[upkeep]
|upkeep
|
|t:|1760337699
|switch|p1a: Torterra|Torterra, M, shiny|100/100
|turn|3
|
|t:|1760337711
|-terastallize|p1a: Torterra|Fire
|move|p2a: You're Strong|Hurricane|p1a: Torterra
|-damage|p1a: Torterra|43/100
|-damage|p2a: You're Strong|71/100|[from] item: Life Orb
|move|p1a: Torterra|Shell Smash|p1a: Torterra
|-unboost|p1a: Torterra|def|1
|-unboost|p1a: Torterra|spd|1
|-boost|p1a: Torterra|atk|2
|-boost|p1a: Torterra|spa|2
|-boost|p1a: Torterra|spe|2
|
|-weather|Snowscape|[upkeep]
|upkeep
|turn|4
|
|t:|1760337726
|-end|p2a: You're Strong|Protosynthesis|[silent]
|switch|p2a: I'm You|Meowscarada, M|100/100
|move|p1a: Torterra|Bullet Seed|p2a: I'm You
|-resisted|p2a: I'm You
|-damage|p2a: I'm You|84/100
|-resisted|p2a: I'm You
|-damage|p2a: I'm You|65/100
|-resisted|p2a: I'm You
|-damage|p2a: I'm You|47/100
|-resisted|p2a: I'm You
|-damage|p2a: I'm You|29/100
|-hitcount|p2a: I'm You|4
|
|-weather|Snowscape|[upkeep]
|upkeep
|turn|5
|
|t:|1760337738
|move|p2a: I'm You|Knock Off|p1a: Torterra
|-start|p2a: I'm You|typechange|Dark|[from] ability: Protean
|-damage|p1a: Torterra|0 fnt
|-enditem|p1a: Torterra|Loaded Dice|[from] move: Knock Off|[of] p2a: I'm You
|faint|p1a: Torterra
|
|-weather|none
|upkeep
|
|t:|1760337748
|switch|p1a: Talonflame|Talonflame, F|100/100
|turn|6
|
|t:|1760337755
|move|p1a: Talonflame|Acrobatics|p2a: I'm You
|-damage|p2a: I'm You|0 fnt
|faint|p2a: I'm You
|
|upkeep
|
|t:|1760337767
|switch|p2a: Gholdengoat|Gholdengo|100/100
|turn|7
|
|t:|1760337778
|move|p1a: Talonflame|Tailwind|p1a: Talonflame
|-sidestart|p1: adrienstrate|move: Tailwind
|move|p2a: Gholdengoat|Thunderbolt|p1a: Talonflame
|-supereffective|p1a: Talonflame
|-damage|p1a: Talonflame|0 fnt
|faint|p1a: Talonflame
|
|upkeep
|
|t:|1760337783
|switch|p1a: Rhyperior|Rhyperior, F|100/100
|turn|8
|
|t:|1760337806
|switch|p2a: You're Strong|Walking Wake|71/100
|move|p1a: Rhyperior|Drill Run|p2a: You're Strong
|-damage|p2a: You're Strong|29/100
|
|upkeep
|turn|9
|
|t:|1760337813
|switch|p1a: Cetitan|Cetitan, F|100/100
|move|p2a: You're Strong|Hydro Steam|p1a: Cetitan
|-damage|p1a: Cetitan|36/100
|-enditem|p1a: Cetitan|Sitrus Berry|[eat]
|-heal|p1a: Cetitan|61/100|[from] item: Sitrus Berry
|-damage|p2a: You're Strong|19/100|[from] item: Life Orb
|
|upkeep
|turn|10
|
|t:|1760337822
|move|p1a: Cetitan|Earthquake|p2a: You're Strong
|-damage|p2a: You're Strong|0 fnt
|faint|p2a: You're Strong
|-end|p2a: You're Strong|Protosynthesis|[silent]
|
|-sideend|p1: adrienstrate|move: Tailwind
|upkeep
|
|t:|1760337825
|switch|p2a: Nah I'd Win|Iron Valiant|100/100
|-enditem|p2a: Nah I'd Win|Booster Energy
|-activate|p2a: Nah I'd Win|ability: Quark Drive|[fromitem]
|-start|p2a: Nah I'd Win|quarkdrivespe
|turn|11
|
|t:|1760337829
|switch|p1a: Skeledirge|Skeledirge, M|100/100
|move|p2a: Nah I'd Win|Aura Sphere|p1a: Skeledirge
|-immune|p1a: Skeledirge
|
|upkeep
|turn|12
|
|t:|1760337835
|move|p2a: Nah I'd Win|Shadow Ball|p1a: Skeledirge
|-supereffective|p1a: Skeledirge
|-damage|p1a: Skeledirge|59/100
|-unboost|p1a: Skeledirge|spd|1
|move|p1a: Skeledirge|Torch Song|p2a: Nah I'd Win
|-damage|p2a: Nah I'd Win|45/100
|-boost|p1a: Skeledirge|spa|1
|
|upkeep
|turn|13
|
|t:|1760337845
|move|p2a: Nah I'd Win|Shadow Ball|p1a: Skeledirge
|-supereffective|p1a: Skeledirge
|-damage|p1a: Skeledirge|0 fnt
|faint|p1a: Skeledirge
|
|upkeep
|
|t:|1760337849
|switch|p1a: Rhyperior|Rhyperior, F|100/100
|turn|14
|
|t:|1760337855
|move|p2a: Nah I'd Win|Energy Ball|p1a: Rhyperior
|-supereffective|p1a: Rhyperior
|-damage|p1a: Rhyperior|0 fnt
|faint|p1a: Rhyperior
|
|upkeep
|-message|adrienstrate forfeited.
|
|win|0rlandont
|raw|adrienstrate's rating: 1278 &rarr; <strong>1258</strong><br />(-20 for losing)
|raw|0rlandont's rating: 1342 &rarr; <strong>1358</strong><br />(+16 for winning)
|l|☆adrienstrate
|player|p1|
|l|☆0rlandont
|player|p2|
