|j|☆nanye37
|j|☆sunkyunko
|t:|1760415852
|gametype|singles
|player|p1|nanye37|2|1154
|player|p2|sunkyunko|266|1176
|gen|9
|tier|[Gen 9] OU
|rated|
|rule|HP Percentage Mod: HP is shown in percentages
|rule|Endless Battle Clause: Forcing endless battles is banned
|rule|Species Clause: Limit one of each Pokémon
|rule|OHKO Clause: OHKO moves are banned
|rule|Evasion Items Clause: Evasion items are banned
|rule|Evasion Moves Clause: Evasion moves are banned
|rule|Evasion Abilities Clause: Evasion abilities are banned
|rule|Sleep Moves Clause: Sleep-inducing moves are banned
|clearpoke
|poke|p1|Corviknight, M|
|poke|p1|Clefable, M|
|poke|p1|Cinderace, M|
|poke|p1|Samurott-Hisui, F|
|poke|p1|Great Tusk|
|poke|p1|Pecharunt|
|poke|p2|Diancie|
|poke|p2|Kingambit, M|
|poke|p2|Deoxys-Speed|
|poke|p2|Moltres|
|poke|p2|Drifblim, F|
|poke|p2|Grotle, F|
|teampreview
|
|t:|1760415870
|teamsize|p1|6
|teamsize|p2|6
|start
|switch|p1a: Samurott|Samurott-Hisui, F|100/100
|switch|p2a: Grotle|Grotle, F|100/100
|turn|1
|
|t:|1760415882
|switch|p1a: Pecharunt|Pecharunt|100/100
|move|p2a: Grotle|Stockpile|p2a: Grotle
|-start|p2a: Grotle|stockpile1
|-boost|p2a: Grotle|def|1
|-boost|p2a: Grotle|spd|1
|
|upkeep
|turn|2
|
|t:|1760415892
|-terastallize|p2a: Grotle|Steel
|move|p1a: Pecharunt|Sludge Bomb|p2a: Grotle
|-immune|p2a: Grotle
|move|p2a: Grotle|Stockpile|p2a: Grotle
|-start|p2a: Grotle|stockpile2
|-boost|p2a: Grotle|def|1
|-boost|p2a: Grotle|spd|1
|
|upkeep
|turn|3
|
|t:|1760415902
|switch|p1a: Clefable|Clefable, M|100/100
|move|p2a: Grotle|Stockpile|p2a: Grotle
|-start|p2a: Grotle|stockpile3
|-boost|p2a: Grotle|def|1
|-boost|p2a: Grotle|spd|1
|
|upkeep
|turn|4
|
|t:|1760415910
|move|p1a: Clefable|Thunder Wave|p2a: Grotle
|-status|p2a: Grotle|par
|cant|p2a: Grotle|par
|
|upkeep
|turn|5
|
|t:|1760415916
|move|p1a: Clefable|Wish|p1a: Clefable
|move|p2a: Grotle|Sand Tomb|p1a: Clefable
|-damage|p1a: Clefable|92/100
|-activate|p1a: Clefable|move: Sand Tomb|[of] p2a: Grotle
|
|-heal|p1a: Clefable|98/100|[from] item: Leftovers
|-damage|p1a: Clefable|85/100|[from] move: Sand Tomb|[partiallytrapped]
|upkeep
|turn|6
|inactive|Battle timer is ON: inactive players will automatically lose when time's up. (requested by sunkyunko)
|
|t:|1760415936
|move|p1a: Clefable|Alluring Voice|p2a: Grotle
|-resisted|p2a: Grotle
|-damage|p2a: Grotle|92/100 par
|move|p2a: Grotle|Leech Seed|p1a: Clefable
|-start|p1a: Clefable|move: Leech Seed
|
|-heal|p1a: Clefable|100/100|[from] move: Wish|[wisher] Clefable
|-damage|p1a: Clefable|88/100|[from] Leech Seed|[of] p2a: Grotle
|-heal|p2a: Grotle|100/100 par|[silent]
|-damage|p1a: Clefable|76/100|[from] move: Sand Tomb|[partiallytrapped]
|upkeep
|turn|7
|
|t:|1760415947
|move|p2a: Grotle|Protect|p2a: Grotle
|-singleturn|p2a: Grotle|Protect
|move|p1a: Clefable|Wish|p1a: Clefable
|
|-heal|p1a: Clefable|82/100|[from] item: Leftovers
|-damage|p1a: Clefable|69/100|[from] Leech Seed|[of] p2a: Grotle
|-damage|p1a: Clefable|57/100|[from] move: Sand Tomb|[partiallytrapped]
|upkeep
|turn|8
|
|t:|1760415957
|move|p1a: Clefable|Protect|p1a: Clefable
|-singleturn|p1a: Clefable|Protect
|move|p2a: Grotle|Sand Tomb|p1a: Clefable
|-activate|p1a: Clefable|move: Protect
|
|-heal|p1a: Clefable|100/100|[from] move: Wish|[wisher] Clefable
|-damage|p1a: Clefable|88/100|[from] Leech Seed|[of] p2a: Grotle
|-damage|p1a: Clefable|76/100|[from] move: Sand Tomb|[partiallytrapped]
|upkeep
|turn|9
|
|t:|1760415970
|move|p1a: Clefable|Wish|p1a: Clefable
|move|p2a: Grotle|Sand Tomb|p1a: Clefable
|-damage|p1a: Clefable|68/100
|
|-heal|p1a: Clefable|74/100|[from] item: Leftovers
|-damage|p1a: Clefable|61/100|[from] Leech Seed|[of] p2a: Grotle
|-damage|p1a: Clefable|49/100|[from] move: Sand Tomb|[partiallytrapped]
|upkeep
|turn|10
|
|t:|1760415982
|move|p1a: Clefable|Alluring Voice|p2a: Grotle
|-resisted|p2a: Grotle
|-damage|p2a: Grotle|91/100 par
|cant|p2a: Grotle|par
|
|-heal|p1a: Clefable|99/100|[from] move: Wish|[wisher] Clefable
|-heal|p1a: Clefable|100/100|[from] item: Leftovers
|-damage|p1a: Clefable|88/100|[from] Leech Seed|[of] p2a: Grotle
|-heal|p2a: Grotle|100/100 par|[silent]
|-end|p1a: Clefable|Sand Tomb|[partiallytrapped]
|upkeep
|turn|11
|
|t:|1760415998
|switch|p1a: Cinderace|Cinderace, M|100/100
|cant|p2a: Grotle|par
|
|upkeep
|turn|12
|
|t:|1760416004
|-terastallize|p1a: Cinderace|Fire
|move|p1a: Cinderace|Pyro Ball|p2a: Grotle
|-supereffective|p2a: Grotle
|-damage|p2a: Grotle|41/100 par
|cant|p2a: Grotle|par
|
|upkeep
|turn|13
|-message|sunkyunko forfeited.
|
|win|nanye37
|raw|nanye37's rating: 1154 &rarr; <strong>1181</strong><br />(+27 for winning)
|raw|sunkyunko's rating: 1176 &rarr; <strong>1149</strong><br />(-27 for losing)
|l|☆sunkyunko
|player|p2|
|l|☆nanye37
|player|p1|
