|j|☆thebacchusbraviary
|j|☆Chris Reformed
|t:|1760408275
|gametype|singles
|player|p1|thebacchusbraviary|winona|1506
|player|p2|Chris Reformed|169|1541
|gen|9
|tier|[Gen 9] OU
|rated|
|rule|HP Percentage Mod: HP is shown in percentages
|rule|Endless Battle Clause: Forcing endless battles is banned
|rule|Species Clause: Limit one of each Pokémon
|rule|OHKO Clause: OHKO moves are banned
|rule|Evasion Items Clause: Evasion items are banned
|rule|Evasion Moves Clause: Evasion moves are banned
|rule|Evasion Abilities Clause: Evasion abilities are banned
|rule|Sleep Moves Clause: Sleep-inducing moves are banned
|clearpoke
|poke|p1|Braviary, M|
|poke|p1|Tyranitar, F|
|poke|p1|Regice|
|poke|p1|Greninja-*, M|
|poke|p1|Arcanine-Hisui, F|
|poke|p1|Thundurus-Therian, M|
|poke|p2|Darkrai|
|poke|p2|Great Tusk|
|poke|p2|Gholdengo|
|poke|p2|Kingambit, M|
|poke|p2|Glimmora, M|
|poke|p2|Dragonite, M|
|teampreview
|inactive|Battle timer is ON: inactive players will automatically lose when time's up. (requested by thebacchusbraviary)
|
|t:|1760408280
|teamsize|p1|6
|teamsize|p2|6
|start
|switch|p1a: Thundurus|Thundurus-Therian, M|100/100
|switch|p2a: Glimmora|Glimmora, M, shiny|100/100
|turn|1
|
|t:|1760408285
|move|p1a: Thundurus|Thunderbolt|p2a: Glimmora
|-damage|p2a: Glimmora|0 fnt
|faint|p2a: Glimmora
|
|upkeep
|
|t:|1760408290
|switch|p2a: Great Tusk|Great Tusk, shiny|100/100
|-enditem|p2a: Great Tusk|Booster Energy
|-activate|p2a: Great Tusk|ability: Protosynthesis|[fromitem]
|-start|p2a: Great Tusk|protosynthesisspe
|turn|2
|
|t:|1760408294
|switch|p1a: Greninja|Greninja, M|100/100
|move|p2a: Great Tusk|Bulk Up|p2a: Great Tusk
|-boost|p2a: Great Tusk|atk|1
|-boost|p2a: Great Tusk|def|1
|
|upkeep
|turn|3
|
|t:|1760408300
|move|p1a: Greninja|Water Shuriken|p2a: Great Tusk
|-supereffective|p2a: Great Tusk
|-damage|p2a: Great Tusk|83/100
|-supereffective|p2a: Great Tusk
|-damage|p2a: Great Tusk|64/100
|-supereffective|p2a: Great Tusk
|-damage|p2a: Great Tusk|47/100
|-supereffective|p2a: Great Tusk
|-damage|p2a: Great Tusk|29/100
|-hitcount|p2a: Great Tusk|4
|move|p2a: Great Tusk|Headlong Rush|p1a: Greninja
|-damage|p1a: Greninja|0 fnt
|-unboost|p2a: Great Tusk|def|1
|-unboost|p2a: Great Tusk|spd|1
|faint|p1a: Greninja
|
|upkeep
|
|t:|1760408320
|switch|p1a: Arcanine|Arcanine-Hisui, F|100/100
|-item|p1a: Arcanine|Air Balloon
|turn|4
|
|t:|1760408325
|move|p2a: Great Tusk|Head Smash|p1a: Arcanine
|-supereffective|p1a: Arcanine
|-damage|p1a: Arcanine|0 fnt
|-enditem|p1a: Arcanine|Air Balloon
|faint|p1a: Arcanine
|-damage|p2a: Great Tusk|0 fnt|[from] Recoil
|faint|p2a: Great Tusk
|-end|p2a: Great Tusk|Protosynthesis|[silent]
|
|upkeep
|
|t:|1760408340
|switch|p1a: Regice|Regice|100/100
|switch|p2a: Gholdengo|Gholdengo, shiny|100/100
|-item|p2a: Gholdengo|Air Balloon
|turn|5
|
|t:|1760408346
|move|p2a: Gholdengo|Nasty Plot|p2a: Gholdengo
|-boost|p2a: Gholdengo|spa|2
|move|p1a: Regice|Thunderbolt|p2a: Gholdengo
|-damage|p2a: Gholdengo|75/100
|-enditem|p2a: Gholdengo|Air Balloon
|
|upkeep
|turn|6
|
|t:|1760408353
|switch|p1a: Tyranitar|Tyranitar, F|100/100
|-weather|Sandstorm|[from] ability: Sand Stream|[of] p1a: Tyranitar
|move|p2a: Gholdengo|Make It Rain|p1a: Tyranitar
|-supereffective|p1a: Tyranitar
|-damage|p1a: Tyranitar|9/100
|-unboost|p2a: Gholdengo|spa|1
|
|-weather|Sandstorm|[upkeep]
|upkeep
|turn|7
|
|t:|1760408359
|move|p2a: Gholdengo|Shadow Ball|p1a: Tyranitar
|-resisted|p1a: Tyranitar
|-damage|p1a: Tyranitar|0 fnt
|faint|p1a: Tyranitar
|
|-weather|Sandstorm|[upkeep]
|upkeep
|
|t:|1760408361
|switch|p1a: Thundurus|Thundurus-Therian, M|100/100
|turn|8
|
|t:|1760408367
|move|p1a: Thundurus|Thunderbolt|p2a: Gholdengo
|-damage|p2a: Gholdengo|0 fnt
|faint|p2a: Gholdengo
|
|-weather|Sandstorm|[upkeep]
|-damage|p1a: Thundurus|94/100|[from] Sandstorm
|upkeep
|
|t:|1760408374
|switch|p2a: Darkrai|Darkrai, shiny|100/100
|turn|9
|
|t:|1760408378
|switch|p1a: Regice|Regice|100/100
|move|p2a: Darkrai|Knock Off|p1a: Regice
|-damage|p1a: Regice|72/100
|-enditem|p1a: Regice|Leftovers|[from] move: Knock Off|[of] p2a: Darkrai
|
|-weather|Sandstorm|[upkeep]
|-damage|p2a: Darkrai|94/100|[from] Sandstorm
|-damage|p1a: Regice|66/100|[from] Sandstorm
|upkeep
|turn|10
|
|t:|1760408384
|switch|p2a: Kingambit|Kingambit, M|100/100
|-activate|p2a: Kingambit|ability: Supreme Overlord
|-start|p2a: Kingambit|fallen3|[silent]
|move|p1a: Regice|Thunder Wave|p2a: Kingambit
|-status|p2a: Kingambit|par
|
|-weather|none
|upkeep
|turn|11
|
|t:|1760408392
|move|p1a: Regice|Body Press|p2a: Kingambit
|-supereffective|p2a: Kingambit
|-damage|p2a: Kingambit|29/100 par
|move|p2a: Kingambit|Kowtow Cleave|p1a: Regice
|-crit|p1a: Regice
|-damage|p1a: Regice|4/100
|
|-heal|p2a: Kingambit|35/100 par|[from] item: Leftovers
|upkeep
|turn|12
|
|t:|1760408399
|move|p2a: Kingambit|Sucker Punch|p1a: Regice
|-damage|p1a: Regice|0 fnt
|faint|p1a: Regice
|
|-heal|p2a: Kingambit|41/100 par|[from] item: Leftovers
|upkeep
|
|t:|1760408402
|switch|p1a: Thundurus|Thundurus-Therian, M|94/100
|turn|13
|
|t:|1760408404
|move|p2a: Kingambit|Sucker Punch|p1a: Thundurus
|-crit|p1a: Thundurus
|-damage|p1a: Thundurus|0 fnt
|faint|p1a: Thundurus
|
|-heal|p2a: Kingambit|47/100 par|[from] item: Leftovers
|upkeep
|-message|thebacchusbraviary forfeited.
|
|win|Chris Reformed
|raw|thebacchusbraviary's rating: 1506 &rarr; <strong>1488</strong><br />(-18 for losing)
|raw|Chris Reformed's rating: 1541 &rarr; <strong>1559</strong><br />(+18 for winning)
|l|☆thebacchusbraviary
|player|p1|
|l|☆Chris Reformed
|player|p2|
