|j|☆Cryochronology
|j|☆Hakariiscool
|t:|1760462351
|gametype|singles
|player|p1|Cryochronology|169|1397
|player|p2|Hakariiscool|roxie|1335
|gen|9
|tier|[Gen 9] OU
|rated|
|rule|HP Percentage Mod: HP is shown in percentages
|rule|Endless Battle Clause: Forcing endless battles is banned
|rule|Species Clause: Limit one of each Pokémon
|rule|OHKO Clause: OHKO moves are banned
|rule|Evasion Items Clause: Evasion items are banned
|rule|Evasion Moves Clause: Evasion moves are banned
|rule|Evasion Abilities Clause: Evasion abilities are banned
|rule|Sleep Moves Clause: Sleep-inducing moves are banned
|clearpoke
|poke|p1|Ursaluna, F|
|poke|p1|Hatterene, F|
|poke|p1|Kingambit, M|
|poke|p1|Pawmot, F|
|poke|p1|Sinistcha-Masterpiece|
|poke|p1|Diancie|
|poke|p2|Great Tusk|
|poke|p2|Kingambit, F|
|poke|p2|Glimmora, M|
|poke|p2|Dragonite, M|
|poke|p2|Infernape, M|
|poke|p2|Dragapult, M|
|teampreview
|
|t:|1760462371
|teamsize|p1|6
|teamsize|p2|6
|start
|switch|p1a: Sinistcha|Sinistcha-Masterpiece|100/100
|switch|p2a: Dragapult|Dragapult, M|100/100
|turn|1
|
|t:|1760462391
|move|p2a: Dragapult|Shadow Ball|p1a: Sinistcha
|-supereffective|p1a: Sinistcha
|-damage|p1a: Sinistcha|0 fnt
|faint|p1a: Sinistcha
|
|upkeep
|
|t:|1760462401
|switch|p1a: Hatterene|Hatterene, F|100/100
|turn|2
|
|t:|1760462412
|-terastallize|p2a: Dragapult|Fire
|move|p2a: Dragapult|Shadow Ball|p1a: Hatterene
|-supereffective|p1a: Hatterene
|-damage|p1a: Hatterene|0 fnt
|faint|p1a: Hatterene
|
|upkeep
|inactive|Battle timer is ON: inactive players will automatically lose when time's up. (requested by Cryochronology)
|
|t:|1760462419
|switch|p1a: Diancie|Diancie|100/100
|turn|3
|
|t:|1760462434
|move|p2a: Dragapult|Shadow Ball|p1a: Diancie
|-damage|p1a: Diancie|69/100
|move|p1a: Diancie|Trick Room|p1a: Diancie
|-fieldstart|move: Trick Room|[of] p1a: Diancie
|
|-heal|p1a: Diancie|75/100|[from] item: Leftovers
|upkeep
|turn|4
|
|t:|1760462454
|switch|p2a: Glimmora|Glimmora, M, shiny|100/100
|move|p1a: Diancie|Diamond Storm|p2a: Glimmora|[miss]
|-miss|p1a: Diancie|p2a: Glimmora
|
|-heal|p1a: Diancie|81/100|[from] item: Leftovers
|upkeep
|turn|5
|
|t:|1760462460
|switch|p1a: The Revenant|Ursaluna, F|100/100
|move|p2a: Glimmora|Stealth Rock|p1a: The Revenant
|-sidestart|p1: Cryochronology|move: Stealth Rock
|
|-status|p1a: The Revenant|brn|[from] item: Flame Orb
|upkeep
|turn|6
|inactive|Hakariiscool has 120 seconds left.
|
|t:|1760462492
|switch|p2a: Great Tusk|Great Tusk, shiny|100/100
|-enditem|p2a: Great Tusk|Booster Energy
|-activate|p2a: Great Tusk|ability: Protosynthesis|[fromitem]
|-start|p2a: Great Tusk|protosynthesisspe
|move|p1a: The Revenant|Headlong Rush|p2a: Great Tusk
|-crit|p2a: Great Tusk
|-damage|p2a: Great Tusk|5/100
|-unboost|p1a: The Revenant|def|1
|-unboost|p1a: The Revenant|spd|1
|
|-damage|p1a: The Revenant|94/100 brn|[from] brn
|upkeep
|turn|7
|
|t:|1760462500
|move|p1a: The Revenant|Facade|p2a: Great Tusk
|-damage|p2a: Great Tusk|0 fnt
|faint|p2a: Great Tusk
|-end|p2a: Great Tusk|Protosynthesis|[silent]
|
|-damage|p1a: The Revenant|88/100 brn|[from] brn
|-fieldend|move: Trick Room
|upkeep
|
|t:|1760462502
|switch|p2a: Infernape|Infernape, M|100/100
|turn|8
|
|t:|1760462525
|switch|p1a: Diancie|Diancie|81/100
|-damage|p1a: Diancie|69/100|[from] Stealth Rock
|move|p2a: Infernape|Focus Blast|p1a: Diancie
|-damage|p1a: Diancie|19/100
|
|-heal|p1a: Diancie|25/100|[from] item: Leftovers
|upkeep
|turn|9
|
|t:|1760462531
|move|p2a: Infernape|Focus Blast|p1a: Diancie
|-damage|p1a: Diancie|0 fnt
|faint|p1a: Diancie
|
|upkeep
|
|t:|1760462537
|switch|p1a: Ourobouros|Pawmot, F|100/100
|-damage|p1a: Ourobouros|94/100|[from] Stealth Rock
|turn|10
|
|t:|1760462546
|move|p2a: Infernape|Focus Blast|p1a: Ourobouros
|-damage|p1a: Ourobouros|0 fnt
|faint|p1a: Ourobouros
|
|upkeep
|c|☆Cryochronology|gg
|-message|Cryochronology forfeited.
|
|win|Hakariiscool
|raw|Cryochronology's rating: 1397 &rarr; <strong>1373</strong><br />(-24 for losing)
|raw|Hakariiscool's rating: 1335 &rarr; <strong>1359</strong><br />(+24 for winning)
|l|☆Cryochronology
|player|p1|
|l|☆Hakariiscool
|player|p2|
