|j|☆DomBalcs
|j|☆Mreda
|t:|1760451512
|gametype|singles
|player|p1|DomBalcs|2|1402
|player|p2|Mreda|102|1410
|gen|9
|tier|[Gen 9] OU
|rated|
|rule|HP Percentage Mod: HP is shown in percentages
|rule|Endless Battle Clause: Forcing endless battles is banned
|rule|Species Clause: Limit one of each Pokémon
|rule|OHKO Clause: OHKO moves are banned
|rule|Evasion Items Clause: Evasion items are banned
|rule|Evasion Moves Clause: Evasion moves are banned
|rule|Evasion Abilities Clause: Evasion abilities are banned
|rule|Sleep Moves Clause: Sleep-inducing moves are banned
|clearpoke
|poke|p1|Hoopa-Unbound|
|poke|p1|Hydrapple, M|
|poke|p1|Gliscor, F|
|poke|p1|Cinderace, F|
|poke|p1|Alomomola, M|
|poke|p1|Gholdengo|
|poke|p2|Kommo-o, M|
|poke|p2|Zapdos|
|poke|p2|Slowking-Galar, M|
|poke|p2|Gholdengo|
|poke|p2|Great Tusk|
|poke|p2|Meowscarada, M|
|teampreview
|
|t:|1760451526
|teamsize|p1|6
|teamsize|p2|6
|start
|switch|p1a: Cinderace|Cinderace, F|100/100
|switch|p2a: Thor|Zapdos|100/100
|turn|1
|
|t:|1760451533
|move|p1a: Cinderace|Pyro Ball|p2a: Thor
|-damage|p2a: Thor|62/100
|move|p2a: Thor|Hurricane|p1a: Cinderace
|-damage|p1a: Cinderace|43/100
|-start|p1a: Cinderace|confusion
|
|upkeep
|turn|2
|
|t:|1760451552
|switch|p1a: Alomomola|Alomomola, M|100/100
|move|p2a: Thor|Volt Switch|p1a: Alomomola
|-supereffective|p1a: Alomomola
|-damage|p1a: Alomomola|71/100
|
|t:|1760451558
|switch|p2a: Jocker|Meowscarada, M, shiny|100/100|[from] Volt Switch
|
|upkeep
|turn|3
|
|t:|1760451562
|switch|p1a: Hydrapple|Hydrapple, M|100/100
|move|p2a: Jocker|Flower Trick|p1a: Hydrapple
|-start|p2a: Jocker|typechange|Grass|[from] ability: Protean
|-resisted|p1a: Hydrapple
|-crit|p1a: Hydrapple
|-damage|p1a: Hydrapple|89/100
|
|upkeep
|turn|4
|
|t:|1760451586
|switch|p2a: Donald T.|Slowking-Galar, M|100/100
|move|p1a: Hydrapple|Fickle Beam|p2a: Donald T.
|-damage|p2a: Donald T.|80/100
|
|upkeep
|turn|5
|
|t:|1760451599
|switch|p1a: Gholdengo|Gholdengo|100/100
|-item|p1a: Gholdengo|Air Balloon
|move|p2a: Donald T.|Ice Beam|p1a: Gholdengo
|-resisted|p1a: Gholdengo
|-damage|p1a: Gholdengo|85/100
|-status|p1a: Gholdengo|frz
|-enditem|p1a: Gholdengo|Air Balloon
|
|upkeep
|turn|6
|
|t:|1760451609
|switch|p1a: Hoopa|Hoopa-Unbound|100/100
|move|p2a: Donald T.|Flamethrower|p1a: Hoopa
|-damage|p1a: Hoopa|75/100
|
|upkeep
|turn|7
|
|t:|1760451622
|switch|p2a: Jocker|Meowscarada, M, shiny|100/100
|move|p1a: Hoopa|Knock Off|p2a: Jocker
|-resisted|p2a: Jocker
|-damage|p2a: Jocker|59/100
|-enditem|p2a: Jocker|Choice Band|[from] move: Knock Off|[of] p1a: Hoopa
|
|upkeep
|turn|8
|
|t:|1760451630
|switch|p1a: Hydrapple|Hydrapple, M|100/100
|move|p2a: Jocker|U-turn|p1a: Hydrapple
|-start|p2a: Jocker|typechange|Bug|[from] ability: Protean
|-supereffective|p1a: Hydrapple
|-damage|p1a: Hydrapple|55/100
|-damage|p2a: Jocker|42/100|[from] item: Rocky Helmet|[of] p1a: Hydrapple
|
|t:|1760451652
|switch|p2a: Donald T.|Slowking-Galar, M|100/100|[from] U-turn
|
|upkeep
|turn|9
|
|t:|1760451658
|switch|p1a: Hoopa|Hoopa-Unbound|75/100
|move|p2a: Donald T.|Sludge Bomb|p1a: Hoopa
|-damage|p1a: Hoopa|31/100
|-status|p1a: Hoopa|psn
|
|-damage|p1a: Hoopa|19/100 psn|[from] psn
|upkeep
|turn|10
|
|t:|1760451668
|switch|p2a: Destroyer|Great Tusk|100/100
|move|p1a: Hoopa|Knock Off|p2a: Destroyer
|-resisted|p2a: Destroyer
|-damage|p2a: Destroyer|81/100
|-enditem|p2a: Destroyer|Heavy-Duty Boots|[from] move: Knock Off|[of] p1a: Hoopa
|
|-damage|p1a: Hoopa|7/100 psn|[from] psn
|upkeep
|turn|11
|
|t:|1760451677
|switch|p1a: Alomomola|Alomomola, M|100/100
|move|p2a: Destroyer|Rapid Spin|p1a: Alomomola
|-damage|p1a: Alomomola|88/100
|-boost|p2a: Destroyer|spe|1
|
|upkeep
|turn|12
|
|t:|1760451685
|-end|p2a: Destroyer|Protosynthesis|[silent]
|switch|p2a: Thor|Zapdos|62/100
|move|p1a: Alomomola|Scald|p2a: Thor
|-damage|p2a: Thor|50/100
|-status|p2a: Thor|brn
|
|-damage|p2a: Thor|44/100 brn|[from] brn
|upkeep
|turn|13
|
|t:|1760451695
|move|p2a: Thor|Volt Switch|p1a: Alomomola
|-supereffective|p1a: Alomomola
|-damage|p1a: Alomomola|59/100
|
|t:|1760451699
|switch|p2a: Jocker|Meowscarada, M, shiny|42/100|[from] Volt Switch
|move|p1a: Alomomola|Mirror Coat|p2a: Jocker
|-immune|p2a: Jocker
|
|upkeep
|turn|14
|
|t:|1760451708
|switch|p1a: Hydrapple|Hydrapple, M|89/100
|move|p2a: Jocker|U-turn|p1a: Hydrapple
|-start|p2a: Jocker|typechange|Bug|[from] ability: Protean
|-supereffective|p1a: Hydrapple
|-damage|p1a: Hydrapple|42/100
|-damage|p2a: Jocker|26/100|[from] item: Rocky Helmet|[of] p1a: Hydrapple
|
|t:|1760451726
|switch|p2a: Thor|Zapdos|44/100 brn|[from] U-turn
|
|-damage|p2a: Thor|38/100 brn|[from] brn
|upkeep
|turn|15
|
|t:|1760451733
|switch|p1a: Alomomola|Alomomola, M|93/100
|move|p2a: Thor|Hurricane|p1a: Alomomola
|-damage|p1a: Alomomola|69/100
|
|-damage|p2a: Thor|32/100 brn|[from] brn
|upkeep
|turn|16
|
|t:|1760451742
|move|p2a: Thor|Roost|p2a: Thor
|-heal|p2a: Thor|82/100 brn
|-singleturn|p2a: Thor|move: Roost
|move|p1a: Alomomola|Flip Turn|p2a: Thor
|-damage|p2a: Thor|70/100 brn
|
|t:|1760451796
|switch|p1a: Gliscor|Gliscor, F|100/100|[from] Flip Turn
|
|-damage|p2a: Thor|64/100 brn|[from] brn
|-status|p1a: Gliscor|tox|[from] item: Toxic Orb
|upkeep
|turn|17
|
|t:|1760451823
|switch|p2a: Destroyer|Great Tusk|81/100
|switch|p1a: Alomomola|Alomomola, M|100/100
|
|upkeep
|turn|18
|
|t:|1760451837
|-end|p2a: Destroyer|Protosynthesis|[silent]
|switch|p2a: Gold|Gholdengo|100/100
|move|p1a: Alomomola|Scald|p2a: Gold
|-damage|p2a: Gold|84/100
|
|upkeep
|turn|19
|
|t:|1760451846
|move|p2a: Gold|Trick|p1a: Alomomola
|-activate|p2a: Gold|move: Trick|[of] p1a: Alomomola
|-item|p1a: Alomomola|Choice Scarf|[from] move: Trick
|-item|p2a: Gold|Assault Vest|[from] move: Trick
|move|p1a: Alomomola|Scald|p2a: Gold
|-damage|p2a: Gold|74/100
|
|upkeep
|turn|20
|
|t:|1760451861
|move|p2a: Gold|Shadow Ball|p1a: Alomomola
|-damage|p1a: Alomomola|65/100
|move|p1a: Alomomola|Scald|p2a: Gold
|-damage|p2a: Gold|64/100
|-status|p2a: Gold|brn
|
|-damage|p2a: Gold|58/100 brn|[from] brn
|upkeep
|turn|21
|
|t:|1760451871
|move|p2a: Gold|Shadow Ball|p1a: Alomomola
|-damage|p1a: Alomomola|30/100
|move|p1a: Alomomola|Scald|p2a: Gold
|-damage|p2a: Gold|47/100 brn
|
|-damage|p2a: Gold|40/100 brn|[from] brn
|upkeep
|turn|22
|
|t:|1760451880
|switch|p1a: Gholdengo|Gholdengo|85/100 frz
|move|p2a: Gold|Shadow Ball|p1a: Gholdengo
|-supereffective|p1a: Gholdengo
|-damage|p1a: Gholdengo|0 fnt
|faint|p1a: Gholdengo
|
|-damage|p2a: Gold|34/100 brn|[from] brn
|upkeep
|
|t:|1760451882
|switch|p1a: Hoopa|Hoopa-Unbound|7/100 psn
|turn|23
|
|t:|1760451895
|switch|p2a: Thor|Zapdos|64/100 brn
|move|p1a: Hoopa|Psychic Noise|p2a: Thor
|-damage|p2a: Thor|22/100 brn
|-start|p2a: Thor|move: Heal Block
|
|-damage|p1a: Hoopa|0 fnt|[from] psn
|faint|p1a: Hoopa
|-damage|p2a: Thor|16/100 brn|[from] brn
|upkeep
|
|t:|1760451904
|switch|p1a: Cinderace|Cinderace, F|43/100
|turn|24
|
|t:|1760451910
|switch|p2a: Destroyer|Great Tusk|81/100
|move|p1a: Cinderace|Pyro Ball|p2a: Destroyer
|-damage|p2a: Destroyer|48/100
|
|upkeep
|turn|25
|
|t:|1760451920
|move|p1a: Cinderace|U-turn|p2a: Destroyer
|-resisted|p2a: Destroyer
|-damage|p2a: Destroyer|41/100
|
|t:|1760451928
|switch|p1a: Alomomola|Alomomola, M|63/100|[from] U-turn
|move|p2a: Destroyer|Headlong Rush|p1a: Alomomola
|-damage|p1a: Alomomola|12/100
|-unboost|p2a: Destroyer|def|1
|-unboost|p2a: Destroyer|spd|1
|
|upkeep
|turn|26
|
|t:|1760451938
|switch|p1a: Gliscor|Gliscor, F|100/100 tox
|move|p2a: Destroyer|Ice Spinner|p1a: Gliscor
|-supereffective|p1a: Gliscor
|-damage|p1a: Gliscor|14/100 tox
|
|-heal|p1a: Gliscor|27/100 tox|[from] ability: Poison Heal
|upkeep
|turn|27
|
|t:|1760451947
|move|p1a: Gliscor|Protect|p1a: Gliscor
|-singleturn|p1a: Gliscor|Protect
|move|p2a: Destroyer|Ice Spinner|p1a: Gliscor
|-activate|p1a: Gliscor|move: Protect
|
|-heal|p1a: Gliscor|39/100 tox|[from] ability: Poison Heal
|upkeep
|turn|28
|
|t:|1760451955
|switch|p1a: Alomomola|Alomomola, M|46/100
|move|p2a: Destroyer|Ice Spinner|p1a: Alomomola
|-resisted|p1a: Alomomola
|-damage|p1a: Alomomola|35/100
|
|upkeep
|turn|29
|
|t:|1760451962
|move|p2a: Destroyer|Headlong Rush|p1a: Alomomola
|-damage|p1a: Alomomola|0 fnt
|-unboost|p2a: Destroyer|def|1
|-unboost|p2a: Destroyer|spd|1
|faint|p1a: Alomomola
|
|upkeep
|
|t:|1760451964
|switch|p1a: Cinderace|Cinderace, F|43/100
|turn|30
|
|t:|1760451972
|-end|p2a: Destroyer|Protosynthesis|[silent]
|switch|p2a: Thor|Zapdos|16/100 brn
|move|p1a: Cinderace|Pyro Ball|p2a: Thor
|-damage|p2a: Thor|0 fnt
|faint|p2a: Thor
|
|upkeep
|
|t:|1760451981
|switch|p2a: Jocker|Meowscarada, M, shiny|26/100
|turn|31
|
|t:|1760451989
|move|p2a: Jocker|Triple Axel|p1a: Cinderace
|-start|p2a: Jocker|typechange|Ice|[from] ability: Protean
|-resisted|p1a: Cinderace
|-damage|p1a: Cinderace|37/100
|-resisted|p1a: Cinderace
|-damage|p1a: Cinderace|25/100
|-resisted|p1a: Cinderace
|-damage|p1a: Cinderace|8/100
|-hitcount|p1a: Cinderace|3
|move|p1a: Cinderace|U-turn|p2a: Jocker
|-damage|p2a: Jocker|0 fnt
|faint|p2a: Jocker
|
|t:|1760452009
|switch|p1a: Hydrapple|Hydrapple, M|75/100|[from] U-turn
|
|upkeep
|
|t:|1760452015
|switch|p2a: Destroyer|Great Tusk|41/100
|turn|32
|
|t:|1760452019
|move|p2a: Destroyer|Ice Spinner|p1a: Hydrapple
|-supereffective|p1a: Hydrapple
|-damage|p1a: Hydrapple|0 fnt
|-damage|p2a: Destroyer|24/100|[from] item: Rocky Helmet|[of] p1a: Hydrapple
|faint|p1a: Hydrapple
|
|upkeep
|
|t:|1760452027
|switch|p1a: Cinderace|Cinderace, F|8/100
|turn|33
|
|t:|1760452033
|move|p1a: Cinderace|Pyro Ball|p2a: Destroyer
|-damage|p2a: Destroyer|0 fnt
|faint|p2a: Destroyer
|-end|p2a: Destroyer|Protosynthesis|[silent]
|
|upkeep
|
|t:|1760452038
|switch|p2a: Kaisar|Kommo-o, M|100/100
|turn|34
|
|t:|1760452046
|move|p1a: Cinderace|Will-O-Wisp|p2a: Kaisar
|-status|p2a: Kaisar|brn
|move|p2a: Kaisar|Boomburst|p1a: Cinderace
|-damage|p1a: Cinderace|0 fnt
|faint|p1a: Cinderace
|-enditem|p2a: Kaisar|Throat Spray
|-boost|p2a: Kaisar|spa|1|[from] item: Throat Spray
|
|-damage|p2a: Kaisar|94/100 brn|[from] brn
|upkeep
|
|t:|1760452050
|switch|p1a: Gliscor|Gliscor, F|39/100 tox
|turn|35
|
|t:|1760452061
|-terastallize|p2a: Kaisar|Normal
|move|p2a: Kaisar|Boomburst|p1a: Gliscor
|-damage|p1a: Gliscor|0 fnt
|faint|p1a: Gliscor
|
|win|Mreda
|raw|DomBalcs's rating: 1402 &rarr; <strong>1382</strong><br />(-20 for losing)
|raw|Mreda's rating: 1410 &rarr; <strong>1430</strong><br />(+20 for winning)
|l|☆DomBalcs
|player|p1|
