|j|☆ja hoi
|j|☆gino777
|t:|1760453592
|gametype|singles
|player|p1|ja hoi|169|1446
|player|p2|gino777|170|1393
|gen|9
|tier|[Gen 9] OU
|rated|
|rule|HP Percentage Mod: HP is shown in percentages
|rule|Endless Battle Clause: Forcing endless battles is banned
|rule|Species Clause: Limit one of each Pokémon
|rule|OHKO Clause: OHKO moves are banned
|rule|Evasion Items Clause: Evasion items are banned
|rule|Evasion Moves Clause: Evasion moves are banned
|rule|Evasion Abilities Clause: Evasion abilities are banned
|rule|Sleep Moves Clause: Sleep-inducing moves are banned
|clearpoke
|poke|p1|Quaquaval, M|
|poke|p1|Iron Moth|
|poke|p1|Dragapult, M|
|poke|p1|Corviknight, F|
|poke|p1|Grimmsnarl, M|
|poke|p1|Garganacl, F|
|poke|p2|Charizard, M|
|poke|p2|Exeggutor, M|
|poke|p2|Ceruledge, F|
|poke|p2|Dragonite, F|
|poke|p2|Torkoal, F|
|poke|p2|Hatterene, F|
|teampreview
|
|t:|1760453612
|teamsize|p1|6
|teamsize|p2|6
|start
|switch|p1a: Grimmsnarl|Grimmsnarl, M|100/100
|switch|p2a: Torkoal|Torkoal, F|100/100
|-weather|SunnyDay|[from] ability: Drought|[of] p2a: Torkoal
|turn|1
|inactive|Battle timer is ON: inactive players will automatically lose when time's up. (requested by ja hoi)
|
|t:|1760453618
|move|p1a: Grimmsnarl|Taunt|p2a: Torkoal
|-start|p2a: Torkoal|move: Taunt
|cant|p2a: Torkoal|move: Taunt|Stealth Rock
|
|-weather|SunnyDay|[upkeep]
|upkeep
|turn|2
|
|t:|1760453626
|move|p1a: Grimmsnarl|Light Screen|p1a: Grimmsnarl
|-sidestart|p1: ja hoi|move: Light Screen
|move|p2a: Torkoal|Lava Plume|p1a: Grimmsnarl
|-damage|p1a: Grimmsnarl|87/100
|-status|p1a: Grimmsnarl|brn
|
|-weather|SunnyDay|[upkeep]
|-damage|p1a: Grimmsnarl|81/100 brn|[from] brn
|upkeep
|turn|3
|inactive|gino777 has 120 seconds left.
|
|t:|1760453661
|move|p1a: Grimmsnarl|Reflect|p1a: Grimmsnarl
|-sidestart|p1: ja hoi|Reflect
|move|p2a: Torkoal|Lava Plume|p1a: Grimmsnarl
|-damage|p1a: Grimmsnarl|68/100 brn
|
|-weather|SunnyDay|[upkeep]
|-damage|p1a: Grimmsnarl|62/100 brn|[from] brn
|-end|p2a: Torkoal|move: Taunt
|upkeep
|turn|4
|inactive|gino777 has 120 seconds left.
|
|t:|1760453676
|switch|p2a: Charizard|Charizard, M|100/100
|move|p1a: Grimmsnarl|Taunt|p2a: Charizard
|-start|p2a: Charizard|move: Taunt
|
|-weather|SunnyDay|[upkeep]
|-damage|p2a: Charizard|88/100|[from] ability: Solar Power|[of] p2a: Charizard
|-damage|p1a: Grimmsnarl|56/100 brn|[from] brn
|upkeep
|turn|5
|
|t:|1760453686
|move|p1a: Grimmsnarl|Parting Shot|p2a: Charizard
|-unboost|p2a: Charizard|atk|1
|-unboost|p2a: Charizard|spa|1
|
|t:|1760453690
|switch|p1a: Garganacl|Garganacl, F|100/100|[from] Parting Shot
|move|p2a: Charizard|Fire Blast|p1a: Garganacl
|-resisted|p1a: Garganacl
|-damage|p1a: Garganacl|81/100
|
|-weather|SunnyDay|[upkeep]
|-damage|p2a: Charizard|76/100|[from] ability: Solar Power|[of] p2a: Charizard
|-heal|p1a: Garganacl|88/100|[from] item: Leftovers
|upkeep
|turn|6
|
|t:|1760453705
|switch|p2a: Exeggutor|Exeggutor, M|100/100
|move|p1a: Garganacl|Salt Cure|p2a: Exeggutor
|-crit|p2a: Exeggutor
|-damage|p2a: Exeggutor|80/100
|-start|p2a: Exeggutor|Salt Cure
|
|-weather|SunnyDay|[upkeep]
|-heal|p1a: Garganacl|94/100|[from] item: Leftovers
|-damage|p2a: Exeggutor|68/100|[from] Salt Cure
|upkeep
|turn|7
|inactive|ja hoi has 120 seconds left.
|
|t:|1760453745
|switch|p1a: Corviknight|Corviknight, F|100/100
|-ability|p1a: Corviknight|Pressure
|move|p2a: Exeggutor|Calm Mind|p2a: Exeggutor
|-boost|p2a: Exeggutor|spa|1
|-boost|p2a: Exeggutor|spd|1
|
|-weather|SunnyDay|[upkeep]
|-damage|p2a: Exeggutor|55/100|[from] Salt Cure
|upkeep
|turn|8
|inactive|gino777 has 120 seconds left.
|
|t:|1760453773
|-terastallize|p2a: Exeggutor|Water
|move|p1a: Corviknight|U-turn|p2a: Exeggutor
|-damage|p2a: Exeggutor|35/100
|-enditem|p2a: Exeggutor|Sitrus Berry|[eat]
|-heal|p2a: Exeggutor|60/100|[from] item: Sitrus Berry
|inactive|ja hoi has 90 seconds left.
|
|t:|1760453795
|switch|p1a: Grimmsnarl|Grimmsnarl, M|56/100 brn|[from] U-turn
|move|p2a: Exeggutor|Giga Drain|p1a: Grimmsnarl
|-damage|p1a: Grimmsnarl|34/100 brn
|-heal|p2a: Exeggutor|73/100|[from] drain|[of] p1a: Grimmsnarl
|
|-weather|none
|-damage|p1a: Grimmsnarl|28/100 brn|[from] brn
|-damage|p2a: Exeggutor|48/100|[from] Salt Cure
|upkeep
|turn|9
|inactive|gino777 has 120 seconds left.
|
|t:|1760453814
|move|p1a: Grimmsnarl|Taunt|p2a: Exeggutor
|-start|p2a: Exeggutor|move: Taunt
|move|p2a: Exeggutor|Giga Drain|p1a: Grimmsnarl
|-damage|p1a: Grimmsnarl|6/100 brn
|-heal|p2a: Exeggutor|60/100|[from] drain|[of] p1a: Grimmsnarl
|
|-damage|p1a: Grimmsnarl|0 fnt|[from] brn
|faint|p1a: Grimmsnarl
|-damage|p2a: Exeggutor|35/100|[from] Salt Cure
|-sideend|p1: ja hoi|move: Light Screen
|-item|p2a: Exeggutor|Sitrus Berry|[from] ability: Harvest
|upkeep
|-enditem|p2a: Exeggutor|Sitrus Berry|[eat]
|-heal|p2a: Exeggutor|60/100|[from] item: Sitrus Berry
|inactive|ja hoi has 60 seconds left.
|
|t:|1760453846
|switch|p1a: Corviknight|Corviknight, F|100/100
|-ability|p1a: Corviknight|Pressure
|turn|10
|
|t:|1760453854
|move|p1a: Corviknight|Brave Bird|p2a: Exeggutor
|-damage|p2a: Exeggutor|8/100
|-damage|p1a: Corviknight|86/100|[from] Recoil
|move|p2a: Exeggutor|Giga Drain|p1a: Corviknight
|-resisted|p1a: Corviknight
|-damage|p1a: Corviknight|72/100
|-heal|p2a: Exeggutor|17/100|[from] drain|[of] p1a: Corviknight
|
|-damage|p2a: Exeggutor|0 fnt|[from] Salt Cure
|faint|p2a: Exeggutor
|-sideend|p1: ja hoi|Reflect
|upkeep
|
|t:|1760453866
|switch|p2a: Torkoal|Torkoal, F|100/100
|-weather|SunnyDay|[from] ability: Drought|[of] p2a: Torkoal
|turn|11
|
|t:|1760453872
|move|p1a: Corviknight|U-turn|p2a: Torkoal
|-resisted|p2a: Torkoal
|-damage|p2a: Torkoal|95/100
|
|t:|1760453876
|switch|p1a: Garganacl|Garganacl, F|94/100|[from] U-turn
|move|p2a: Torkoal|Stealth Rock|p1a: Garganacl
|-sidestart|p1: ja hoi|move: Stealth Rock
|
|-weather|SunnyDay|[upkeep]
|-heal|p1a: Garganacl|99/100|[from] item: Leftovers
|upkeep
|turn|12
|inactive|ja hoi has 90 seconds left.
|inactive|gino777 has 120 seconds left.
|
|t:|1760453915
|switch|p2a: Hatterene|Hatterene, F|100/100
|move|p1a: Garganacl|Salt Cure|p2a: Hatterene
|-damage|p2a: Hatterene|87/100
|-start|p2a: Hatterene|Salt Cure
|-enditem|p2a: Hatterene|Eject Button
|
|t:|1760453939
|switch|p2a: Dragonite|Dragonite, F|100/100
|
|-weather|SunnyDay|[upkeep]
|-heal|p1a: Garganacl|100/100|[from] item: Leftovers
|upkeep
|turn|13
|
|t:|1760453944
|move|p2a: Dragonite|Dragon Dance|p2a: Dragonite
|-boost|p2a: Dragonite|atk|1
|-boost|p2a: Dragonite|spe|1
|move|p1a: Garganacl|Salt Cure|p2a: Dragonite
|-supereffective|p2a: Dragonite
|-damage|p2a: Dragonite|86/100
|-start|p2a: Dragonite|Salt Cure
|
|-weather|SunnyDay|[upkeep]
|-damage|p2a: Dragonite|73/100|[from] Salt Cure
|upkeep
|turn|14
|
|t:|1760453957
|move|p2a: Dragonite|Earthquake|p1a: Garganacl
|-supereffective|p1a: Garganacl
|-damage|p1a: Garganacl|19/100
|move|p1a: Garganacl|Salt Cure|p2a: Dragonite
|-supereffective|p2a: Dragonite
|-damage|p2a: Dragonite|43/100
|
|-weather|SunnyDay|[upkeep]
|-heal|p1a: Garganacl|25/100|[from] item: Leftovers
|-damage|p2a: Dragonite|31/100|[from] Salt Cure
|upkeep
|turn|15
|inactive|ja hoi has 90 seconds left.
|
|t:|1760453983
|switch|p2a: Ceruledge|Ceruledge, F, shiny|100/100
|switch|p1a: Corviknight|Corviknight, F|72/100
|-damage|p1a: Corviknight|60/100|[from] Stealth Rock
|-ability|p1a: Corviknight|Pressure
|
|-weather|SunnyDay|[upkeep]
|upkeep
|turn|16
|
|t:|1760453993
|move|p2a: Ceruledge|Swords Dance|p2a: Ceruledge
|-boost|p2a: Ceruledge|atk|2
|move|p1a: Corviknight|Brave Bird|p2a: Ceruledge
|-damage|p2a: Ceruledge|29/100
|-ability|p2a: Ceruledge|Weak Armor|boost
|-unboost|p2a: Ceruledge|def|1
|-boost|p2a: Ceruledge|spe|2
|-damage|p1a: Corviknight|43/100|[from] Recoil
|
|-weather|SunnyDay|[upkeep]
|upkeep
|turn|17
|inactive|ja hoi has 90 seconds left.
|
|t:|1760454018
|move|p2a: Ceruledge|Bitter Blade|p1a: Corviknight
|-supereffective|p1a: Corviknight
|-damage|p1a: Corviknight|0 fnt
|-heal|p2a: Ceruledge|59/100|[from] drain|[of] p1a: Corviknight
|-damage|p2a: Ceruledge|42/100|[from] item: Rocky Helmet|[of] p1a: Corviknight
|faint|p1a: Corviknight
|
|-weather|SunnyDay|[upkeep]
|upkeep
|
|t:|1760454029
|switch|p1a: Garganacl|Garganacl, F|25/100
|-damage|p1a: Garganacl|13/100|[from] Stealth Rock
|turn|18
|
|t:|1760454035
|move|p2a: Ceruledge|Bitter Blade|p1a: Garganacl
|-resisted|p1a: Garganacl
|-damage|p1a: Garganacl|0 fnt
|-heal|p2a: Ceruledge|51/100|[from] drain|[of] p1a: Garganacl
|faint|p1a: Garganacl
|
|-weather|none
|upkeep
|inactive|ja hoi has 90 seconds left.
|
|t:|1760454054
|switch|p1a: Quaquaval|Quaquaval, M|100/100
|-damage|p1a: Quaquaval|94/100|[from] Stealth Rock
|turn|19
|inactive|gino777 has 120 seconds left.
|inactive|gino777 has 90 seconds left.
|
|t:|1760454111
|switch|p2a: Torkoal|Torkoal, F|95/100
|-weather|SunnyDay|[from] ability: Drought|[of] p2a: Torkoal
|move|p1a: Quaquaval|Aqua Jet|p2a: Torkoal
|-supereffective|p2a: Torkoal
|-damage|p2a: Torkoal|80/100
|
|-weather|SunnyDay|[upkeep]
|upkeep
|turn|20
|inactive|ja hoi has 60 seconds left.
|
|t:|1760454146
|switch|p1a: Iron Moth|Iron Moth|100/100
|-damage|p1a: Iron Moth|76/100|[from] Stealth Rock
|-enditem|p1a: Iron Moth|Booster Energy
|-activate|p1a: Iron Moth|ability: Quark Drive|[fromitem]
|-start|p1a: Iron Moth|quarkdrivespa
|move|p2a: Torkoal|Will-O-Wisp|p1a: Iron Moth
|-immune|p1a: Iron Moth
|
|-weather|SunnyDay|[upkeep]
|upkeep
|turn|21
|
|t:|1760454163
|move|p1a: Iron Moth|Fiery Dance|p2a: Torkoal
|-resisted|p2a: Torkoal
|-damage|p2a: Torkoal|24/100
|move|p2a: Torkoal|Lava Plume|p1a: Iron Moth
|-resisted|p1a: Iron Moth
|-damage|p1a: Iron Moth|56/100
|
|-weather|SunnyDay|[upkeep]
|upkeep
|turn|22
|inactive|ja hoi has 30 seconds left.
|inactive|ja hoi has 20 seconds left.
|
|t:|1760454200
|move|p1a: Iron Moth|Agility|p1a: Iron Moth
|-boost|p1a: Iron Moth|spe|2
|move|p2a: Torkoal|Lava Plume|p1a: Iron Moth
|-resisted|p1a: Iron Moth
|-crit|p1a: Iron Moth
|-damage|p1a: Iron Moth|26/100
|
|-weather|SunnyDay|[upkeep]
|upkeep
|turn|23
|inactive|ja hoi has 30 seconds left this turn.
|
|t:|1760454211
|move|p1a: Iron Moth|Fiery Dance|p2a: Torkoal
|-resisted|p2a: Torkoal
|-damage|p2a: Torkoal|0 fnt
|-boost|p1a: Iron Moth|spa|1
|faint|p2a: Torkoal
|
|-weather|SunnyDay|[upkeep]
|upkeep
|
|t:|1760454219
|switch|p2a: Dragonite|Dragonite, F|31/100
|turn|24
|inactive|ja hoi has 30 seconds left.
|inactive|ja hoi has 20 seconds left.
|inactive|ja hoi has 15 seconds left.
|inactive|ja hoi has 10 seconds left.
|
|t:|1760454251
|move|p2a: Dragonite|Extreme Speed|p1a: Iron Moth
|-damage|p1a: Iron Moth|0 fnt
|faint|p1a: Iron Moth
|-end|p1a: Iron Moth|Quark Drive|[silent]
|
|-weather|SunnyDay|[upkeep]
|upkeep
|inactive|ja hoi has 15 seconds left this turn.
|inactive|ja hoi has 10 seconds left.
|
|t:|1760454260
|switch|p1a: Dragapult|Dragapult, M|100/100
|-damage|p1a: Dragapult|88/100|[from] Stealth Rock
|turn|25
|inactive|ja hoi has 20 seconds left this turn.
|inactive|ja hoi has 15 seconds left.
|
|t:|1760454269
|move|p1a: Dragapult|Dragon Darts|p2a: Dragonite
|-supereffective|p2a: Dragonite
|-damage|p2a: Dragonite|0 fnt
|faint|p2a: Dragonite
|
|-weather|SunnyDay|[upkeep]
|-heal|p1a: Dragapult|94/100|[from] item: Leftovers
|upkeep
|inactive|gino777 has 90 seconds left.
|
|t:|1760454298
|switch|p2a: Charizard|Charizard, M|76/100
|turn|26
|inactive|ja hoi has 30 seconds left this turn.
|
|t:|1760454301
|move|p1a: Dragapult|Dragon Darts|p2a: Charizard
|-damage|p2a: Charizard|36/100
|-anim|p1a: Dragapult|Dragon Darts|p2a: Charizard
|-damage|p2a: Charizard|0 fnt
|faint|p2a: Charizard
|
|-weather|none
|-heal|p1a: Dragapult|99/100|[from] item: Leftovers
|upkeep
|
|t:|1760454306
|switch|p2a: Hatterene|Hatterene, F|87/100
|turn|27
|inactive|gino777 has 90 seconds left.
|
|t:|1760454317
|-terastallize|p1a: Dragapult|Ghost
|move|p1a: Dragapult|Dragon Dance|p1a: Dragapult
|-boost|p1a: Dragapult|atk|1
|-boost|p1a: Dragapult|spe|1
|move|p2a: Hatterene|Dazzling Gleam|p1a: Dragapult
|-damage|p1a: Dragapult|54/100
|
|-heal|p1a: Dragapult|60/100|[from] item: Leftovers
|upkeep
|turn|28
|inactive|gino777 has 90 seconds left.
|inactive|ja hoi has 30 seconds left.
|c|☆ja hoi|gg
|
|t:|1760454341
|move|p1a: Dragapult|Tera Blast|p2a: Hatterene|[anim] Tera Blast Ghost
|-supereffective|p2a: Hatterene
|-damage|p2a: Hatterene|0 fnt
|faint|p2a: Hatterene
|
|-heal|p1a: Dragapult|66/100|[from] item: Leftovers
|upkeep
|
|t:|1760454344
|switch|p2a: Ceruledge|Ceruledge, F, shiny|51/100
|turn|29
|
|t:|1760454349
|move|p1a: Dragapult|Sucker Punch|p2a: Ceruledge
|-supereffective|p2a: Ceruledge
|-damage|p2a: Ceruledge|0 fnt
|faint|p2a: Ceruledge
|
|win|ja hoi
|raw|ja hoi's rating: 1446 &rarr; <strong>1463</strong><br />(+17 for winning)
|raw|gino777's rating: 1393 &rarr; <strong>1376</strong><br />(-17 for losing)
|l|☆gino777
|player|p2|
|l|☆ja hoi
|player|p1|
