|j|☆twesticles
|j|☆Munch144447
|t:|1760440764
|gametype|singles
|player|p1|twesticles|170|1243
|player|p2|Munch144447|265|1235
|gen|9
|tier|[Gen 9] OU
|rated|
|rule|HP Percentage Mod: HP is shown in percentages
|rule|Endless Battle Clause: Forcing endless battles is banned
|rule|Species Clause: Limit one of each Pokémon
|rule|OHKO Clause: OHKO moves are banned
|rule|Evasion Items Clause: Evasion items are banned
|rule|Evasion Moves Clause: Evasion moves are banned
|rule|Evasion Abilities Clause: Evasion abilities are banned
|rule|Sleep Moves Clause: Sleep-inducing moves are banned
|clearpoke
|poke|p1|Skeledirge, M|
|poke|p1|Ogerpon-Wellspring, F|
|poke|p1|Dragapult, F|
|poke|p1|Weezing-Galar, F|
|poke|p1|Ting-Lu|
|poke|p1|Corviknight, M|
|poke|p2|Tauros-Paldea-Aqua, M|
|poke|p2|Vileplume, F|
|poke|p2|Delphox, F|
|poke|p2|Cramorant, M|
|poke|p2|Sudowoodo, F|
|poke|p2|Komala, F|
|teampreview
|
|t:|1760440797
|teamsize|p1|6
|teamsize|p2|6
|start
|switch|p1a: Ting-Lu|Ting-Lu, shiny|100/100
|switch|p2a: Tauros|Tauros-Paldea-Aqua, M|100/100
|-ability|p2a: Tauros|Intimidate|boost
|-unboost|p1a: Ting-Lu|atk|1
|-ability|p1a: Ting-Lu|Vessel of Ruin
|turn|1
|inactive|Battle timer is ON: inactive players will automatically lose when time's up. (requested by twesticles)
|
|t:|1760440822
|move|p2a: Tauros|Close Combat|p1a: Ting-Lu
|-supereffective|p1a: Ting-Lu
|-damage|p1a: Ting-Lu|19/100
|-unboost|p2a: Tauros|def|1
|-unboost|p2a: Tauros|spd|1
|-damage|p2a: Tauros|91/100|[from] item: Life Orb
|move|p1a: Ting-Lu|Stealth Rock|p2a: Tauros
|-sidestart|p2: Munch144447|move: Stealth Rock
|
|-heal|p1a: Ting-Lu|26/100|[from] item: Leftovers
|upkeep
|turn|2
|
|t:|1760440848
|switch|p1a: Weezing|Weezing-Galar, F|100/100
|-ability|p1a: Weezing|Neutralizing Gas
|move|p2a: Tauros|Raging Bull|p1a: Weezing
|-damage|p1a: Weezing|56/100
|-damage|p2a: Tauros|81/100|[from] item: Life Orb
|
|upkeep
|turn|3
|inactive|twesticles has 120 seconds left.
|
|t:|1760440869
|switch|p2a: Komala|Komala, F|100/100
|-damage|p2a: Komala|88/100|[from] Stealth Rock
|-ability|p2a: Komala|Comatose
|move|p1a: Weezing|Will-O-Wisp|p2a: Komala
|-immune|p2a: Komala|[from] ability: Comatose
|
|-heal|p2a: Komala|94/100|[from] item: Leftovers
|upkeep
|turn|4
|inactive|twesticles has 120 seconds left.
|inactive|Munch144447 has 120 seconds left.
|
|t:|1760440911
|-end|p1a: Weezing|ability: Neutralizing Gas
|switch|p1a: Corviknight|Corviknight, M|100/100
|-ability|p1a: Corviknight|Pressure
|move|p2a: Komala|Rapid Spin|p1a: Corviknight
|-resisted|p1a: Corviknight
|-damage|p1a: Corviknight|93/100
|-boost|p2a: Komala|spe|1
|-damage|p2a: Komala|78/100|[from] item: Rocky Helmet|[of] p1a: Corviknight
|-sideend|p2: Munch144447|Stealth Rock|[from] move: Rapid Spin|[of] p2a: Komala
|
|-heal|p2a: Komala|84/100|[from] item: Leftovers
|upkeep
|turn|5
|
|t:|1760440926
|switch|p2a: Vileplume|Vileplume, F|100/100
|move|p1a: Corviknight|Iron Defense|p1a: Corviknight
|-boost|p1a: Corviknight|def|2
|
|upkeep
|turn|6
|
|t:|1760440947
|move|p1a: Corviknight|U-turn|p2a: Vileplume
|-damage|p2a: Vileplume|85/100
|
|t:|1760440954
|switch|p1a: Weezing|Weezing-Galar, F|56/100|[from] U-turn
|-ability|p1a: Weezing|Neutralizing Gas
|move|p2a: Vileplume|Leech Seed|p1a: Weezing
|-start|p1a: Weezing|move: Leech Seed
|
|-heal|p2a: Vileplume|91/100|[from] item: Leftovers
|-damage|p1a: Weezing|44/100|[from] Leech Seed|[of] p2a: Vileplume
|-heal|p2a: Vileplume|100/100|[silent]
|upkeep
|turn|7
|inactive|Munch144447 has 120 seconds left.
|inactive|twesticles has 90 seconds left.
|inactive|Munch144447 has 90 seconds left.
|
|t:|1760440995
|switch|p2a: Komala|Komala, F|84/100
|-ability|p2a: Komala|Comatose
|move|p1a: Weezing|Pain Split|p2a: Komala
|-sethp|p2a: Komala|69/100|[from] move: Pain Split|[silent]
|-sethp|p1a: Weezing|56/100|[from] move: Pain Split
|
|-heal|p2a: Komala|75/100|[from] item: Leftovers
|-damage|p1a: Weezing|44/100|[from] Leech Seed|[of] p2a: Komala
|-heal|p2a: Komala|90/100|[silent]
|upkeep
|turn|8
|
|t:|1760441012
|-end|p1a: Weezing|ability: Neutralizing Gas
|switch|p1a: Corviknight|Corviknight, M|93/100
|-ability|p1a: Corviknight|Pressure
|move|p2a: Komala|Bulk Up|p2a: Komala
|-boost|p2a: Komala|atk|1
|-boost|p2a: Komala|def|1
|
|-heal|p2a: Komala|96/100|[from] item: Leftovers
|upkeep
|turn|9
|
|t:|1760441025
|move|p2a: Komala|Bulk Up|p2a: Komala
|-boost|p2a: Komala|atk|1
|-boost|p2a: Komala|def|1
|move|p1a: Corviknight|Iron Defense|p1a: Corviknight
|-boost|p1a: Corviknight|def|2
|
|-heal|p2a: Komala|100/100|[from] item: Leftovers
|upkeep
|turn|10
|
|t:|1760441030
|-terastallize|p2a: Komala|Ghost
|move|p2a: Komala|Body Slam|p1a: Corviknight
|-resisted|p1a: Corviknight
|-damage|p1a: Corviknight|79/100
|-damage|p2a: Komala|84/100|[from] item: Rocky Helmet|[of] p1a: Corviknight
|move|p1a: Corviknight|Iron Defense|p1a: Corviknight
|-boost|p1a: Corviknight|def|2
|
|-heal|p2a: Komala|90/100|[from] item: Leftovers
|upkeep
|turn|11
|inactive|twesticles has 90 seconds left.
|inactive|Munch144447 has 120 seconds left.
|
|t:|1760441042
|move|p2a: Komala|Bulk Up|p2a: Komala
|-boost|p2a: Komala|atk|1
|-boost|p2a: Komala|def|1
|move|p1a: Corviknight|Iron Defense|p1a: Corviknight
|-boost|p1a: Corviknight|def|2
|
|-heal|p2a: Komala|96/100|[from] item: Leftovers
|upkeep
|turn|12
|inactive|twesticles has 90 seconds left.
|inactive|Munch144447 has 120 seconds left.
|
|t:|1760441057
|move|p2a: Komala|Bulk Up|p2a: Komala
|-boost|p2a: Komala|atk|1
|-boost|p2a: Komala|def|1
|move|p1a: Corviknight|Roost|p1a: Corviknight
|-heal|p1a: Corviknight|100/100
|-singleturn|p1a: Corviknight|move: Roost
|
|-heal|p2a: Komala|100/100|[from] item: Leftovers
|upkeep
|turn|13
|
|t:|1760441066
|move|p2a: Komala|Body Slam|p1a: Corviknight
|-resisted|p1a: Corviknight
|-damage|p1a: Corviknight|91/100
|-status|p1a: Corviknight|par
|-damage|p2a: Komala|84/100|[from] item: Rocky Helmet|[of] p1a: Corviknight
|cant|p1a: Corviknight|par
|
|-heal|p2a: Komala|90/100|[from] item: Leftovers
|upkeep
|turn|14
|inactive|twesticles has 90 seconds left.
|
|t:|1760441073
|move|p2a: Komala|Bulk Up|p2a: Komala
|-boost|p2a: Komala|atk|1
|-boost|p2a: Komala|def|1
|move|p1a: Corviknight|Iron Defense|p1a: Corviknight
|-boost|p1a: Corviknight|def|0
|
|-heal|p2a: Komala|96/100|[from] item: Leftovers
|upkeep
|turn|15
|inactive|twesticles has 90 seconds left.
|
|t:|1760441085
|move|p2a: Komala|Bulk Up|p2a: Komala
|-boost|p2a: Komala|atk|1
|-boost|p2a: Komala|def|1
|cant|p1a: Corviknight|par
|
|-heal|p2a: Komala|100/100|[from] item: Leftovers
|upkeep
|turn|16
|
|t:|1760441090
|move|p2a: Komala|Rapid Spin|p1a: Corviknight
|-resisted|p1a: Corviknight
|-damage|p1a: Corviknight|82/100 par
|-boost|p2a: Komala|spe|1
|-damage|p2a: Komala|84/100|[from] item: Rocky Helmet|[of] p1a: Corviknight
|cant|p1a: Corviknight|par
|
|-heal|p2a: Komala|90/100|[from] item: Leftovers
|upkeep
|turn|17
|
|t:|1760441098
|move|p2a: Komala|Rapid Spin|p1a: Corviknight
|-resisted|p1a: Corviknight
|-damage|p1a: Corviknight|74/100 par
|-boost|p2a: Komala|spe|1
|-damage|p2a: Komala|73/100|[from] item: Rocky Helmet|[of] p1a: Corviknight
|move|p1a: Corviknight|U-turn|p2a: Komala
|-resisted|p2a: Komala
|-damage|p2a: Komala|70/100
|
|t:|1760441109
|switch|p1a: Skeledirge|Skeledirge, M|100/100|[from] U-turn
|
|-heal|p2a: Komala|76/100|[from] item: Leftovers
|upkeep
|turn|18
|inactive|twesticles has 90 seconds left.
|
|t:|1760441128
|move|p2a: Komala|Earthquake|p1a: Skeledirge
|-supereffective|p1a: Skeledirge
|-damage|p1a: Skeledirge|45/100
|move|p1a: Skeledirge|Will-O-Wisp|p2a: Komala
|-immune|p2a: Komala|[from] ability: Comatose
|
|-heal|p2a: Komala|82/100|[from] item: Leftovers
|upkeep
|turn|19
|
|t:|1760441133
|-terastallize|p1a: Skeledirge|Dark
|move|p2a: Komala|Earthquake|p1a: Skeledirge
|-crit|p1a: Skeledirge
|-damage|p1a: Skeledirge|3/100
|move|p1a: Skeledirge|Torch Song|p2a: Komala
|-damage|p2a: Komala|46/100
|-boost|p1a: Skeledirge|spa|1
|
|-heal|p2a: Komala|51/100|[from] item: Leftovers
|upkeep
|turn|20
|c|☆Munch144447|bro
|
|t:|1760441142
|move|p2a: Komala|Rapid Spin|p1a: Skeledirge
|-damage|p1a: Skeledirge|0 fnt
|-boost|p2a: Komala|spe|1
|faint|p1a: Skeledirge
|
|-heal|p2a: Komala|57/100|[from] item: Leftovers
|upkeep
|
|t:|1760441151
|switch|p1a: Dragapult|Dragapult, F|100/100
|turn|21
|
|t:|1760441155
|move|p2a: Komala|Earthquake|p1a: Dragapult
|-damage|p1a: Dragapult|0 fnt
|faint|p1a: Dragapult
|
|-heal|p2a: Komala|63/100|[from] item: Leftovers
|upkeep
|
|t:|1760441168
|switch|p1a: Corviknight|Corviknight, M|74/100 par
|-ability|p1a: Corviknight|Pressure
|turn|22
|
|t:|1760441173
|move|p2a: Komala|Body Slam|p1a: Corviknight
|-resisted|p1a: Corviknight
|-damage|p1a: Corviknight|19/100 par
|-damage|p2a: Komala|47/100|[from] item: Rocky Helmet|[of] p1a: Corviknight
|move|p1a: Corviknight|Iron Defense|p1a: Corviknight
|-boost|p1a: Corviknight|def|2
|
|-heal|p2a: Komala|53/100|[from] item: Leftovers
|upkeep
|turn|23
|
|t:|1760441177
|move|p2a: Komala|Body Slam|p1a: Corviknight
|-resisted|p1a: Corviknight
|-damage|p1a: Corviknight|0 fnt
|-damage|p2a: Komala|36/100|[from] item: Rocky Helmet|[of] p1a: Corviknight
|faint|p1a: Corviknight
|
|-heal|p2a: Komala|42/100|[from] item: Leftovers
|upkeep
|
|t:|1760441180
|switch|p1a: Weezing|Weezing-Galar, F|44/100
|-ability|p1a: Weezing|Neutralizing Gas
|turn|24
|
|t:|1760441186
|move|p2a: Komala|Body Slam|p1a: Weezing
|-damage|p1a: Weezing|0 fnt
|faint|p1a: Weezing
|-end|p1a: Weezing|ability: Neutralizing Gas
|
|-heal|p2a: Komala|48/100|[from] item: Leftovers
|upkeep
|
|t:|1760441189
|switch|p1a: Ting-Lu|Ting-Lu, shiny|26/100
|-ability|p1a: Ting-Lu|Vessel of Ruin
|turn|25
|
|t:|1760441193
|move|p2a: Komala|Body Slam|p1a: Ting-Lu
|-damage|p1a: Ting-Lu|0 fnt
|faint|p1a: Ting-Lu
|
|-heal|p2a: Komala|54/100|[from] item: Leftovers
|upkeep
|
|t:|1760441195
|switch|p1a: Ogerpon|Ogerpon-Wellspring, F|100/100
|turn|26
|
|t:|1760441198
|move|p2a: Komala|Body Slam|p1a: Ogerpon
|-damage|p1a: Ogerpon|0 fnt
|faint|p1a: Ogerpon
|
|win|Munch144447
|raw|twesticles's rating: 1243 &rarr; <strong>1217</strong><br />(-26 for losing)
|raw|Munch144447's rating: 1235 &rarr; <strong>1261</strong><br />(+26 for winning)
|c|☆Munch144447|gg
|c|☆twesticles|gg
|l|☆twesticles
|player|p1|
