|j|☆mr tickley
|j|☆jimy92
|t:|1760397598
|gametype|singles
|player|p1|mr tickley|preschooler|1710
|player|p2|jimy92|1|1652
|gen|9
|tier|[Gen 9] OU
|rated|
|rule|HP Percentage Mod: HP is shown in percentages
|rule|Endless Battle Clause: Forcing endless battles is banned
|rule|Species Clause: Limit one of each Pokémon
|rule|OHKO Clause: OHKO moves are banned
|rule|Evasion Items Clause: Evasion items are banned
|rule|Evasion Moves Clause: Evasion moves are banned
|rule|Evasion Abilities Clause: Evasion abilities are banned
|rule|Sleep Moves Clause: Sleep-inducing moves are banned
|clearpoke
|poke|p1|Duraludon, F|
|poke|p1|Great Tusk|
|poke|p1|Rillaboom, F|
|poke|p1|Dragapult, M|
|poke|p1|Samurott-Hisui, M|
|poke|p1|Slowking-Galar, M|
|poke|p2|Pelipper, F|
|poke|p2|Hatterene, F|
|poke|p2|Iron Treads|
|poke|p2|Toxicroak, F|
|poke|p2|Barraskewda, F|
|poke|p2|Zapdos|
|teampreview
|inactive|Battle timer is ON: inactive players will automatically lose when time's up. (requested by mr tickley)
|
|t:|1760397608
|teamsize|p1|6
|teamsize|p2|6
|start
|switch|p1a: Samurott|Samurott-Hisui, M|100/100
|switch|p2a: Pelipper|Pelipper, F|100/100
|-weather|RainDance|[from] ability: Drizzle|[of] p2a: Pelipper
|turn|1
|
|t:|1760397611
|move|p1a: Samurott|Ceaseless Edge|p2a: Pelipper
|-damage|p2a: Pelipper|43/100
|-sidestart|p2: jimy92|Spikes
|move|p2a: Pelipper|U-turn|p1a: Samurott
|-supereffective|p1a: Samurott
|-damage|p1a: Samurott|79/100
|
|t:|1760397621
|switch|p2a: Zapdos|Zapdos|100/100|[from] U-turn
|
|-weather|RainDance|[upkeep]
|upkeep
|turn|2
|
|t:|1760397625
|switch|p1a: Slowking|Slowking-Galar, M|100/100
|move|p2a: Zapdos|Volt Switch|p1a: Slowking
|-crit|p1a: Slowking
|-damage|p1a: Slowking|53/100
|
|t:|1760397634
|switch|p2a: Iron Treads|Iron Treads|100/100|[from] Volt Switch
|-damage|p2a: Iron Treads|88/100|[from] Spikes
|
|-weather|RainDance|[upkeep]
|-heal|p2a: Iron Treads|94/100|[from] item: Leftovers
|upkeep
|turn|3
|
|t:|1760397641
|switch|p1a: Great Tusk|Great Tusk|100/100
|move|p2a: Iron Treads|Rapid Spin|p1a: Great Tusk
|-damage|p1a: Great Tusk|93/100
|-boost|p2a: Iron Treads|spe|1
|-damage|p2a: Iron Treads|78/100|[from] item: Rocky Helmet|[of] p1a: Great Tusk
|-sideend|p2: jimy92|Spikes|[from] move: Rapid Spin|[of] p2a: Iron Treads
|
|-weather|RainDance|[upkeep]
|-heal|p2a: Iron Treads|84/100|[from] item: Leftovers
|upkeep
|turn|4
|
|t:|1760397650
|-end|p2a: Iron Treads|Quark Drive|[silent]
|switch|p2a: Hatterene|Hatterene, F|100/100
|-end|p1a: Great Tusk|Protosynthesis|[silent]
|switch|p1a: Dragapult|Dragapult, M|100/100
|
|-weather|RainDance|[upkeep]
|upkeep
|turn|5
|
|t:|1760397659
|move|p1a: Dragapult|Shadow Ball|p2a: Hatterene
|-supereffective|p2a: Hatterene
|-damage|p2a: Hatterene|0 fnt
|faint|p2a: Hatterene
|
|-weather|RainDance|[upkeep]
|upkeep
|
|t:|1760397664
|switch|p2a: Zapdos|Zapdos|100/100
|turn|6
|
|t:|1760397690
|switch|p1a: Slowking|Slowking-Galar, M|86/100
|move|p2a: Zapdos|Hurricane|p1a: Slowking
|-damage|p1a: Slowking|36/100
|
|-weather|RainDance|[upkeep]
|upkeep
|turn|7
|
|t:|1760397702
|switch|p1a: Duraludon|Duraludon, F|100/100
|move|p2a: Zapdos|Hurricane|p1a: Duraludon
|-resisted|p1a: Duraludon
|-damage|p1a: Duraludon|54/100
|
|-weather|RainDance|[upkeep]
|upkeep
|turn|8
|
|t:|1760397710
|switch|p2a: Iron Treads|Iron Treads|84/100
|move|p1a: Duraludon|Stealth Rock|p2a: Iron Treads
|-sidestart|p2: jimy92|move: Stealth Rock
|
|-weather|none
|-heal|p2a: Iron Treads|90/100|[from] item: Leftovers
|upkeep
|turn|9
|
|t:|1760397713
|switch|p1a: Dragapult|Dragapult, M|100/100
|move|p2a: Iron Treads|Rapid Spin|p1a: Dragapult
|-immune|p1a: Dragapult
|
|-heal|p2a: Iron Treads|96/100|[from] item: Leftovers
|upkeep
|turn|10
|
|t:|1760397718
|move|p1a: Dragapult|Flamethrower|p2a: Iron Treads
|-supereffective|p2a: Iron Treads
|-damage|p2a: Iron Treads|33/100
|move|p2a: Iron Treads|Volt Switch|p1a: Dragapult
|-resisted|p1a: Dragapult
|-damage|p1a: Dragapult|92/100
|
|t:|1760397722
|-end|p2a: Iron Treads|Quark Drive|[silent]
|switch|p2a: Pelipper|Pelipper, F|43/100|[from] Volt Switch
|-damage|p2a: Pelipper|18/100|[from] Stealth Rock
|-weather|RainDance|[from] ability: Drizzle|[of] p2a: Pelipper
|
|-weather|RainDance|[upkeep]
|upkeep
|turn|11
|
|t:|1760397725
|move|p1a: Dragapult|Flamethrower|p2a: Pelipper
|-resisted|p2a: Pelipper
|-damage|p2a: Pelipper|8/100
|move|p2a: Pelipper|Roost|p2a: Pelipper
|-heal|p2a: Pelipper|58/100
|-singleturn|p2a: Pelipper|move: Roost
|
|-weather|RainDance|[upkeep]
|upkeep
|turn|12
|
|t:|1760397731
|switch|p1a: Slowking|Slowking-Galar, M|70/100
|move|p2a: Pelipper|U-turn|p1a: Slowking
|-damage|p1a: Slowking|60/100
|
|t:|1760397737
|switch|p2a: Iron Treads|Iron Treads|33/100|[from] U-turn
|-damage|p2a: Iron Treads|30/100|[from] Stealth Rock
|
|-weather|RainDance|[upkeep]
|-heal|p2a: Iron Treads|36/100|[from] item: Leftovers
|upkeep
|turn|13
|
|t:|1760397740
|switch|p1a: Dragapult|Dragapult, M|92/100
|move|p2a: Iron Treads|Rapid Spin|p1a: Dragapult
|-immune|p1a: Dragapult
|
|-weather|RainDance|[upkeep]
|-heal|p2a: Iron Treads|42/100|[from] item: Leftovers
|upkeep
|turn|14
|
|t:|1760397744
|move|p1a: Dragapult|Shadow Ball|p2a: Iron Treads
|-damage|p2a: Iron Treads|2/100
|move|p2a: Iron Treads|Stealth Rock|p1a: Dragapult
|-sidestart|p1: mr tickley|move: Stealth Rock
|
|-weather|RainDance|[upkeep]
|-heal|p2a: Iron Treads|8/100|[from] item: Leftovers
|upkeep
|turn|15
|
|t:|1760397748
|move|p1a: Dragapult|Shadow Ball|p2a: Iron Treads
|-damage|p2a: Iron Treads|0 fnt
|faint|p2a: Iron Treads
|-end|p2a: Iron Treads|Quark Drive|[silent]
|
|-weather|RainDance|[upkeep]
|upkeep
|
|t:|1760397752
|switch|p2a: Zapdos|Zapdos|100/100
|-damage|p2a: Zapdos|76/100|[from] Stealth Rock
|turn|16
|
|t:|1760397778
|move|p1a: Dragapult|Shadow Ball|p2a: Zapdos
|-damage|p2a: Zapdos|20/100
|move|p2a: Zapdos|Hurricane|p1a: Dragapult
|-damage|p1a: Dragapult|0 fnt
|faint|p1a: Dragapult
|
|-weather|RainDance|[upkeep]
|upkeep
|
|t:|1760397785
|switch|p1a: Rillaboom|Rillaboom, F|100/100
|-damage|p1a: Rillaboom|88/100|[from] Stealth Rock
|-fieldstart|move: Grassy Terrain|[from] ability: Grassy Surge|[of] p1a: Rillaboom
|turn|17
|
|t:|1760397793
|switch|p2a: Toxicroak|Toxicroak, F|100/100
|-damage|p2a: Toxicroak|94/100|[from] Stealth Rock
|move|p1a: Rillaboom|Grassy Glide|p2a: Toxicroak
|-resisted|p2a: Toxicroak
|-damage|p2a: Toxicroak|70/100
|-damage|p1a: Rillaboom|72/100|[from] item: Rocky Helmet|[of] p2a: Toxicroak
|-damage|p1a: Rillaboom|62/100|[from] item: Life Orb
|
|-weather|none
|-heal|p1a: Rillaboom|68/100|[from] Grassy Terrain
|-heal|p2a: Toxicroak|76/100|[from] Grassy Terrain
|upkeep
|turn|18
|
|t:|1760397800
|move|p1a: Rillaboom|U-turn|p2a: Toxicroak
|-resisted|p2a: Toxicroak
|-damage|p2a: Toxicroak|69/100
|-damage|p1a: Rillaboom|52/100|[from] item: Rocky Helmet|[of] p2a: Toxicroak
|-damage|p1a: Rillaboom|42/100|[from] item: Life Orb
|
|t:|1760397805
|switch|p1a: Great Tusk|Great Tusk|93/100|[from] U-turn
|-damage|p1a: Great Tusk|90/100|[from] Stealth Rock
|move|p2a: Toxicroak|Knock Off|p1a: Great Tusk
|-resisted|p1a: Great Tusk
|-damage|p1a: Great Tusk|83/100
|-damage|p2a: Toxicroak|53/100|[from] item: Rocky Helmet|[of] p1a: Great Tusk
|-enditem|p1a: Great Tusk|Rocky Helmet|[from] move: Knock Off|[of] p2a: Toxicroak
|
|-heal|p1a: Great Tusk|89/100|[from] Grassy Terrain
|-heal|p2a: Toxicroak|59/100|[from] Grassy Terrain
|upkeep
|turn|19
|
|t:|1760397812
|move|p1a: Great Tusk|Rapid Spin|p2a: Toxicroak
|-damage|p2a: Toxicroak|46/100
|-boost|p1a: Great Tusk|spe|1
|-damage|p1a: Great Tusk|73/100|[from] item: Rocky Helmet|[of] p2a: Toxicroak
|-sideend|p1: mr tickley|Stealth Rock|[from] move: Rapid Spin|[of] p1a: Great Tusk
|move|p2a: Toxicroak|Toxic|p1a: Great Tusk
|-status|p1a: Great Tusk|tox
|
|-heal|p1a: Great Tusk|79/100 tox|[from] Grassy Terrain
|-heal|p2a: Toxicroak|52/100|[from] Grassy Terrain
|-damage|p1a: Great Tusk|73/100 tox|[from] psn
|upkeep
|turn|20
|
|t:|1760397819
|switch|p2a: Zapdos|Zapdos|20/100
|-damage|p2a: Zapdos|0 fnt|[from] Stealth Rock
|faint|p2a: Zapdos
|move|p1a: Great Tusk|Headlong Rush|p2: Zapdos|[notarget]
|-fail|p1a: Great Tusk
|
|-heal|p1a: Great Tusk|79/100 tox|[from] Grassy Terrain
|-damage|p1a: Great Tusk|66/100 tox|[from] psn
|upkeep
|
|t:|1760397826
|switch|p2a: Pelipper|Pelipper, F|58/100
|-damage|p2a: Pelipper|33/100|[from] Stealth Rock
|-weather|RainDance|[from] ability: Drizzle|[of] p2a: Pelipper
|turn|21
|
|t:|1760397830
|-end|p1a: Great Tusk|Protosynthesis|[silent]
|switch|p1a: Samurott|Samurott-Hisui, M|79/100
|move|p2a: Pelipper|Roost|p2a: Pelipper
|-heal|p2a: Pelipper|83/100
|-singleturn|p2a: Pelipper|move: Roost
|
|-weather|RainDance|[upkeep]
|-heal|p1a: Samurott|85/100|[from] Grassy Terrain
|-heal|p2a: Pelipper|90/100|[from] Grassy Terrain
|-fieldend|move: Grassy Terrain
|upkeep
|turn|22
|
|t:|1760397835
|move|p1a: Samurott|Ceaseless Edge|p2a: Pelipper
|-damage|p2a: Pelipper|27/100
|-sidestart|p2: jimy92|Spikes
|move|p2a: Pelipper|U-turn|p1a: Samurott
|-supereffective|p1a: Samurott
|-damage|p1a: Samurott|62/100
|
|t:|1760397840
|switch|p2a: Barraskewda|Barraskewda, F|100/100|[from] U-turn
|-damage|p2a: Barraskewda|88/100|[from] Stealth Rock
|-damage|p2a: Barraskewda|76/100|[from] Spikes
|
|-weather|RainDance|[upkeep]
|upkeep
|turn|23
|
|t:|1760397843
|move|p1a: Samurott|Sucker Punch|p2a: Barraskewda
|-damage|p2a: Barraskewda|0 fnt
|faint|p2a: Barraskewda
|
|-weather|RainDance|[upkeep]
|upkeep
|-message|jimy92 forfeited.
|
|win|mr tickley
|raw|mr tickley's rating: 1710 &rarr; <strong>1727</strong><br />(+17 for winning)
|raw|jimy92's rating: 1652 &rarr; <strong>1635</strong><br />(-17 for losing)
|l|☆jimy92
|player|p2|
|l|☆mr tickley
|player|p1|
