|j|☆Kevin Durant D
|j|‽creepyskeleton
|t:|1760429229
|gametype|singles
|player|p1|Kevin Durant D|101|1189
|player|p2|creepyskeleton|medium|1197
|gen|9
|tier|[Gen 9] OU
|rated|
|rule|HP Percentage Mod: HP is shown in percentages
|rule|Endless Battle Clause: Forcing endless battles is banned
|rule|Species Clause: Limit one of each Pokémon
|rule|OHKO Clause: OHKO moves are banned
|rule|Evasion Items Clause: Evasion items are banned
|rule|Evasion Moves Clause: Evasion moves are banned
|rule|Evasion Abilities Clause: Evasion abilities are banned
|rule|Sleep Moves Clause: Sleep-inducing moves are banned
|clearpoke
|poke|p1|Azumarill, F|
|poke|p1|Comfey, F|
|poke|p1|Dusclops, M|
|poke|p1|Great Tusk|
|poke|p1|Umbreon, F|
|poke|p1|Thundurus, M|
|poke|p2|Hatterene, F|
|poke|p2|Ursaluna, M|
|poke|p2|Slowking-Galar, M|
|poke|p2|Torkoal, M|
|poke|p2|Kingambit, M|
|poke|p2|Cresselia, F|
|teampreview
|inactive|Battle timer is ON: inactive players will automatically lose when time's up. (requested by Kevin Durant D)
|
|t:|1760429245
|teamsize|p1|6
|teamsize|p2|6
|start
|switch|p1a: Great Tusk|Great Tusk, shiny|100/100
|switch|p2a: Hatterene|Hatterene, F|100/100
|turn|1
|
|t:|1760429258
|-terastallize|p1a: Great Tusk|Ground
|move|p1a: Great Tusk|Earthquake|p2a: Hatterene
|-damage|p2a: Hatterene|6/100
|-damage|p1a: Great Tusk|91/100|[from] item: Life Orb
|move|p2a: Hatterene|Trick Room|p2a: Hatterene
|-fieldstart|move: Trick Room|[of] p2a: Hatterene
|
|upkeep
|turn|2
|
|t:|1760429268
|-end|p1a: Great Tusk|Protosynthesis|[silent]
|switch|p1a: Dusclops|Dusclops, M, shiny|100/100
|-item|p2a: Hatterene|Focus Sash|[from] ability: Frisk|[of] p1a: Dusclops
|move|p2a: Hatterene|Healing Wish|p2a: Hatterene
|faint|p2a: Hatterene
|
|upkeep
|
|t:|1760429282
|switch|p2a: Torkoal|Torkoal, M|100/100
|-weather|SunnyDay|[from] ability: Drought|[of] p2a: Torkoal
|turn|3
|
|t:|1760429293
|move|p2a: Torkoal|Eruption|p1a: Dusclops
|-damage|p1a: Dusclops|16/100
|move|p1a: Dusclops|Pain Split|p2a: Torkoal
|-sethp|p2a: Torkoal|57/100|[from] move: Pain Split|[silent]
|-sethp|p1a: Dusclops|68/100|[from] move: Pain Split
|
|-weather|SunnyDay|[upkeep]
|upkeep
|turn|4
|
|t:|1760429312
|switch|p2a: Kingambit|Kingambit, M|100/100
|-activate|p2a: Kingambit|ability: Supreme Overlord
|-start|p2a: Kingambit|fallen1|[silent]
|switch|p1a: Azumarill|Azumarill, F, shiny|100/100
|
|-weather|SunnyDay|[upkeep]
|upkeep
|turn|5
|
|t:|1760429322
|move|p1a: Azumarill|Play Rough|p2a: Kingambit
|-damage|p2a: Kingambit|57/100
|-unboost|p2a: Kingambit|atk|1
|move|p2a: Kingambit|Iron Head|p1a: Azumarill
|-damage|p1a: Azumarill|66/100
|
|-weather|SunnyDay|[upkeep]
|-heal|p1a: Azumarill|72/100|[from] item: Leftovers
|-fieldend|move: Trick Room
|upkeep
|turn|6
|
|t:|1760429340
|-end|p2a: Kingambit|fallen1|[silent]
|switch|p2a: Slowking|Slowking-Galar, M|100/100
|move|p1a: Azumarill|Play Rough|p2a: Slowking
|-resisted|p2a: Slowking
|-damage|p2a: Slowking|72/100
|
|-weather|SunnyDay|[upkeep]
|-heal|p1a: Azumarill|78/100|[from] item: Leftovers
|-heal|p2a: Slowking|78/100|[from] item: Leftovers
|upkeep
|turn|7
|
|t:|1760429348
|move|p1a: Azumarill|Knock Off|p2a: Slowking
|-supereffective|p2a: Slowking
|-damage|p2a: Slowking|0 fnt
|-enditem|p2a: Slowking|Leftovers|[from] move: Knock Off|[of] p1a: Azumarill
|faint|p2a: Slowking
|
|-weather|none
|-heal|p1a: Azumarill|84/100|[from] item: Leftovers
|upkeep
|
|t:|1760429356
|switch|p2a: Ursaluna|Ursaluna, M|100/100
|turn|8
|
|t:|1760429360
|move|p1a: Azumarill|Liquidation|p2a: Ursaluna
|-supereffective|p2a: Ursaluna
|-damage|p2a: Ursaluna|27/100
|move|p2a: Ursaluna|Headlong Rush|p1a: Azumarill
|-damage|p1a: Azumarill|8/100
|-unboost|p2a: Ursaluna|def|1
|-unboost|p2a: Ursaluna|spd|1
|
|-heal|p1a: Azumarill|14/100|[from] item: Leftovers
|-status|p2a: Ursaluna|brn|[from] item: Flame Orb
|upkeep
|turn|9
|
|t:|1760429370
|switch|p2a: Torkoal|Torkoal, M|57/100
|-heal|p2a: Torkoal|100/100|[from] move: Healing Wish
|-weather|SunnyDay|[from] ability: Drought|[of] p2a: Torkoal
|move|p1a: Azumarill|Aqua Jet|p2a: Torkoal
|-supereffective|p2a: Torkoal
|-damage|p2a: Torkoal|81/100
|
|-weather|SunnyDay|[upkeep]
|-heal|p1a: Azumarill|20/100|[from] item: Leftovers
|upkeep
|turn|10
|l|‽creepyskeleton
|inactive|creepyskeleton disconnected and has a minute to reconnect!
|player|p2|
|inactive|creepyskeleton has 30 seconds to reconnect!
|inactive|creepyskeleton has 20 seconds to reconnect!
|inactive|creepyskeleton has 15 seconds to reconnect!
|inactive|creepyskeleton has 10 seconds to reconnect!
|inactive|creepyskeleton has 5 seconds to reconnect!
|-message|creepyskeleton lost due to inactivity.
|
|win|Kevin Durant D
|raw|Kevin Durant D's rating: 1189 &rarr; <strong>1215</strong><br />(+26 for winning)
|raw|creepyskeleton's rating: 1197 &rarr; <strong>1171</strong><br />(-26 for losing)
|l|☆Kevin Durant D
|player|p1|
