|j|☆smogonules
|j|☆full-doc
|t:|1760446158
|gametype|singles
|player|p1|smogonules|266|1368
|player|p2|full-doc|scientistf|1423
|gen|9
|tier|[Gen 9] OU
|rated|
|rule|HP Percentage Mod: HP is shown in percentages
|rule|Endless Battle Clause: Forcing endless battles is banned
|rule|Species Clause: Limit one of each Pokémon
|rule|OHKO Clause: OHKO moves are banned
|rule|Evasion Items Clause: Evasion items are banned
|rule|Evasion Moves Clause: Evasion moves are banned
|rule|Evasion Abilities Clause: Evasion abilities are banned
|rule|Sleep Moves Clause: Sleep-inducing moves are banned
|clearpoke
|poke|p1|Jirachi|
|poke|p1|Great Tusk|
|poke|p1|Latios, M|
|poke|p1|Gardevoir, F|
|poke|p1|Polteageist|
|poke|p1|Crawdaunt, M|
|poke|p2|Comfey, F|
|poke|p2|Whimsicott, M|
|poke|p2|Iron Moth|
|poke|p2|Walking Wake|
|poke|p2|Great Tusk|
|poke|p2|Ninetales, F|
|teampreview
|
|t:|1760446163
|teamsize|p1|6
|teamsize|p2|6
|start
|switch|p1a: Chamomile|Jirachi|100/100
|switch|p2a: Ninetales|Ninetales, F|100/100
|-weather|SunnyDay|[from] ability: Drought|[of] p2a: Ninetales
|turn|1
|
|t:|1760446173
|move|p1a: Chamomile|Thunder Wave|p2a: Ninetales
|-status|p2a: Ninetales|par
|move|p2a: Ninetales|Weather Ball|p1a: Chamomile
|-supereffective|p1a: Chamomile
|-damage|p1a: Chamomile|13/100
|
|-weather|SunnyDay|[upkeep]
|upkeep
|turn|2
|
|t:|1760446181
|switch|p2a: Great Tusk|Great Tusk|100/100
|-activate|p2a: Great Tusk|ability: Protosynthesis
|-start|p2a: Great Tusk|protosynthesisdef
|move|p1a: Chamomile|Stealth Rock|p2a: Great Tusk
|-sidestart|p2: full-doc|move: Stealth Rock
|
|-weather|SunnyDay|[upkeep]
|upkeep
|turn|3
|
|t:|1760446190
|switch|p1a: Biscuit|Polteageist|100/100
|move|p2a: Great Tusk|Stealth Rock|p1a: Biscuit
|-sidestart|p1: smogonules|move: Stealth Rock
|
|-weather|SunnyDay|[upkeep]
|upkeep
|turn|4
|
|t:|1760446197
|move|p2a: Great Tusk|Headlong Rush|p1a: Biscuit
|-crit|p1a: Biscuit
|-enditem|p1a: Biscuit|Focus Sash
|-damage|p1a: Biscuit|1/100
|-unboost|p2a: Great Tusk|def|1
|-unboost|p2a: Great Tusk|spd|1
|-ability|p1a: Biscuit|Weak Armor|boost
|-unboost|p1a: Biscuit|def|1
|-boost|p1a: Biscuit|spe|2
|move|p1a: Biscuit|Shell Smash|p1a: Biscuit
|-unboost|p1a: Biscuit|def|1
|-unboost|p1a: Biscuit|spd|1
|-boost|p1a: Biscuit|atk|2
|-boost|p1a: Biscuit|spa|2
|-boost|p1a: Biscuit|spe|2
|
|-weather|SunnyDay|[upkeep]
|upkeep
|turn|5
|
|t:|1760446225
|-end|p2a: Great Tusk|Protosynthesis|[silent]
|switch|p2a: Iron Moth|Iron Moth|100/100
|-damage|p2a: Iron Moth|76/100|[from] Stealth Rock
|-enditem|p2a: Iron Moth|Booster Energy
|-activate|p2a: Iron Moth|ability: Quark Drive|[fromitem]
|-start|p2a: Iron Moth|quarkdrivespa
|move|p1a: Biscuit|Giga Drain|p2a: Iron Moth
|-resisted|p2a: Iron Moth
|-damage|p2a: Iron Moth|60/100
|-heal|p1a: Biscuit|10/100|[from] drain|[of] p2a: Iron Moth
|
|-weather|SunnyDay|[upkeep]
|upkeep
|turn|6
|inactive|Battle timer is ON: inactive players will automatically lose when time's up. (requested by full-doc)
|inactive|smogonules has 120 seconds left.
|inactive|smogonules has 90 seconds left.
|inactive|smogonules has 60 seconds left.
|
|t:|1760446389
|move|p1a: Biscuit|Stored Power|p2a: Iron Moth
|-supereffective|p2a: Iron Moth
|-damage|p2a: Iron Moth|0 fnt
|faint|p2a: Iron Moth
|-end|p2a: Iron Moth|Quark Drive|[silent]
|
|-weather|SunnyDay|[upkeep]
|upkeep
|
|t:|1760446401
|switch|p2a: Comfey|Comfey, F|100/100
|-damage|p2a: Comfey|88/100|[from] Stealth Rock
|turn|7
|inactive|smogonules has 120 seconds left.
|inactive|smogonules has 90 seconds left.
|
|t:|1760446451
|move|p2a: Comfey|Draining Kiss|p1a: Biscuit
|-damage|p1a: Biscuit|0 fnt
|-heal|p2a: Comfey|94/100|[from] drain|[of] p1a: Biscuit
|faint|p1a: Biscuit
|-damage|p2a: Comfey|84/100|[from] item: Life Orb
|
|-weather|SunnyDay|[upkeep]
|upkeep
|
|t:|1760446454
|switch|p1a: Chamomile|Jirachi|13/100
|-damage|p1a: Chamomile|6/100|[from] Stealth Rock
|turn|8
|
|t:|1760446469
|move|p2a: Comfey|Draining Kiss|p1a: Chamomile
|-resisted|p1a: Chamomile
|-damage|p1a: Chamomile|0 fnt
|-heal|p2a: Comfey|89/100|[from] drain|[of] p1a: Chamomile
|faint|p1a: Chamomile
|-damage|p2a: Comfey|79/100|[from] item: Life Orb
|
|-weather|none
|upkeep
|
|t:|1760446480
|switch|p1a: Syrup|Latios, M|100/100
|-damage|p1a: Syrup|88/100|[from] Stealth Rock
|turn|9
|
|t:|1760446492
|switch|p2a: Ninetales|Ninetales, F|100/100 par
|-damage|p2a: Ninetales|76/100 par|[from] Stealth Rock
|-weather|SunnyDay|[from] ability: Drought|[of] p2a: Ninetales
|move|p1a: Syrup|Simple Beam|p2a: Ninetales
|-ability|p2a: Ninetales|Simple|Drought|[from] move: Simple Beam
|
|-weather|SunnyDay|[upkeep]
|upkeep
|turn|10
|
|t:|1760446511
|switch|p2a: Whimsicott|Whimsicott, M|100/100
|-damage|p2a: Whimsicott|88/100|[from] Stealth Rock
|move|p1a: Syrup|Reflect|p1a: Syrup
|-sidestart|p1: smogonules|Reflect
|
|-weather|SunnyDay|[upkeep]
|upkeep
|turn|11
|inactive|smogonules has 120 seconds left.
|
|t:|1760446517
|move|p2a: Whimsicott|Moonblast|p1a: Syrup
|-supereffective|p1a: Syrup
|-damage|p1a: Syrup|0 fnt
|faint|p1a: Syrup
|-damage|p2a: Whimsicott|78/100|[from] item: Life Orb
|
|-weather|SunnyDay|[upkeep]
|upkeep
|inactive|smogonules has 120 seconds left.
|
|t:|1760446533
|switch|p1a: Spud|Great Tusk|100/100
|-activate|p1a: Spud|ability: Protosynthesis
|-start|p1a: Spud|protosynthesisatk
|turn|12
|
|t:|1760446539
|-terastallize|p1a: Spud|Poison
|move|p2a: Whimsicott|Moonblast|p1a: Spud
|-resisted|p1a: Spud
|-damage|p1a: Spud|64/100
|-damage|p2a: Whimsicott|68/100|[from] item: Life Orb
|move|p1a: Spud|Rapid Spin|p2a: Whimsicott
|-damage|p2a: Whimsicott|41/100
|-boost|p1a: Spud|spe|1
|-sideend|p1: smogonules|Stealth Rock|[from] move: Rapid Spin|[of] p1a: Spud
|
|-weather|SunnyDay|[upkeep]
|upkeep
|turn|13
|
|t:|1760446551
|-terastallize|p2a: Whimsicott|Ghost
|move|p2a: Whimsicott|Shadow Ball|p1a: Spud
|-damage|p1a: Spud|3/100
|-damage|p2a: Whimsicott|31/100|[from] item: Life Orb
|move|p1a: Spud|Ice Spinner|p2a: Whimsicott
|-damage|p2a: Whimsicott|0 fnt
|faint|p2a: Whimsicott
|
|-weather|SunnyDay|[upkeep]
|upkeep
|
|t:|1760446566
|switch|p2a: Comfey|Comfey, F|79/100
|-damage|p2a: Comfey|67/100|[from] Stealth Rock
|turn|14
|
|t:|1760446570
|move|p2a: Comfey|Draining Kiss|p1a: Spud
|-resisted|p1a: Spud
|-damage|p1a: Spud|0 fnt
|-heal|p2a: Comfey|69/100|[from] drain|[of] p1a: Spud
|faint|p1a: Spud
|-end|p1a: Spud|Protosynthesis|[silent]
|-damage|p2a: Comfey|59/100|[from] item: Life Orb
|
|-weather|SunnyDay|[upkeep]
|upkeep
|
|t:|1760446571
|switch|p1a: Cucumber|Gardevoir, F|100/100
|-ability|p1a: Cucumber|Triage|Trace|[from] ability: Trace|[of] p2a: Comfey
|turn|15
|
|t:|1760446586
|move|p2a: Comfey|Synthesis|p2a: Comfey
|-heal|p2a: Comfey|100/100
|move|p1a: Cucumber|Calm Mind|p1a: Cucumber
|-boost|p1a: Cucumber|spa|1
|-boost|p1a: Cucumber|spd|1
|
|-weather|SunnyDay|[upkeep]
|upkeep
|turn|16
|
|t:|1760446612
|switch|p2a: Walking Wake|Walking Wake|100/100
|-damage|p2a: Walking Wake|88/100|[from] Stealth Rock
|-activate|p2a: Walking Wake|ability: Protosynthesis
|-start|p2a: Walking Wake|protosynthesisspe
|move|p1a: Cucumber|Substitute|p1a: Cucumber
|-start|p1a: Cucumber|Substitute
|-damage|p1a: Cucumber|75/100
|
|-weather|none
|-end|p2a: Walking Wake|Protosynthesis
|upkeep
|turn|17
|
|t:|1760446621
|move|p2a: Walking Wake|Hydro Steam|p1a: Cucumber
|-activate|p1a: Cucumber|move: Substitute|[damage]
|move|p1a: Cucumber|Calm Mind|p1a: Cucumber
|-boost|p1a: Cucumber|spa|1
|-boost|p1a: Cucumber|spd|1
|
|-sideend|p1: smogonules|Reflect
|upkeep
|turn|18
|
|t:|1760446628
|move|p2a: Walking Wake|Flip Turn|p1a: Cucumber
|-end|p1a: Cucumber|Substitute
|
|t:|1760446632
|-end|p2a: Walking Wake|Protosynthesis|[silent]
|switch|p2a: Ninetales|Ninetales, F|76/100 par|[from] Flip Turn
|-damage|p2a: Ninetales|51/100 par|[from] Stealth Rock
|-weather|SunnyDay|[from] ability: Drought|[of] p2a: Ninetales
|move|p1a: Cucumber|Substitute|p1a: Cucumber
|-start|p1a: Cucumber|Substitute
|-damage|p1a: Cucumber|50/100
|
|-weather|SunnyDay|[upkeep]
|upkeep
|turn|19
|
|t:|1760446643
|move|p1a: Cucumber|Stored Power|p2a: Ninetales
|-damage|p2a: Ninetales|0 fnt
|faint|p2a: Ninetales
|
|-weather|SunnyDay|[upkeep]
|upkeep
|
|t:|1760446654
|switch|p2a: Walking Wake|Walking Wake|88/100
|-damage|p2a: Walking Wake|76/100|[from] Stealth Rock
|-activate|p2a: Walking Wake|ability: Protosynthesis
|-start|p2a: Walking Wake|protosynthesisspe
|turn|20
|
|t:|1760446660
|move|p2a: Walking Wake|Hydro Steam|p1a: Cucumber
|-crit|p1a: Cucumber
|-end|p1a: Cucumber|Substitute
|move|p1a: Cucumber|Substitute|p1a: Cucumber
|-start|p1a: Cucumber|Substitute
|-damage|p1a: Cucumber|25/100
|-enditem|p1a: Cucumber|Salac Berry|[eat]
|-boost|p1a: Cucumber|spe|1|[from] item: Salac Berry
|
|-weather|SunnyDay|[upkeep]
|upkeep
|turn|21
|
|t:|1760446668
|move|p1a: Cucumber|Draining Kiss|p2a: Walking Wake
|-supereffective|p2a: Walking Wake
|-damage|p2a: Walking Wake|0 fnt
|-heal|p1a: Cucumber|91/100|[from] drain|[of] p2a: Walking Wake
|faint|p2a: Walking Wake
|-end|p2a: Walking Wake|Protosynthesis|[silent]
|
|-weather|SunnyDay|[upkeep]
|upkeep
|c|☆full-doc|gg
|-message|full-doc forfeited.
|
|win|smogonules
|raw|smogonules's rating: 1368 &rarr; <strong>1391</strong><br />(+23 for winning)
|raw|full-doc's rating: 1423 &rarr; <strong>1400</strong><br />(-23 for losing)
|l|☆full-doc
|player|p2|
|l|☆smogonules
|player|p1|
