|j|☆Obito 2001
|j|☆henry151th
|t:|1760333430
|gametype|singles
|player|p1|Obito 2001|blue-gen3two|1670
|player|p2|henry151th|wallace|1625
|gen|9
|tier|[Gen 9] OU
|rated|
|rule|HP Percentage Mod: HP is shown in percentages
|rule|Endless Battle Clause: Forcing endless battles is banned
|rule|Species Clause: Limit one of each Pokémon
|rule|OHKO Clause: OHKO moves are banned
|rule|Evasion Items Clause: Evasion items are banned
|rule|Evasion Moves Clause: Evasion moves are banned
|rule|Evasion Abilities Clause: Evasion abilities are banned
|rule|Sleep Moves Clause: Sleep-inducing moves are banned
|clearpoke
|poke|p1|Ogerpon-Wellspring, F|
|poke|p1|Sinistcha-Masterpiece|
|poke|p1|Blissey, F|
|poke|p1|Corviknight, M|
|poke|p1|Hoopa-Unbound|
|poke|p1|Toxapex, F|
|poke|p2|Dragapult, M|
|poke|p2|Glimmora, M|
|poke|p2|Comfey, M|
|poke|p2|Kingambit, M|
|poke|p2|Ogerpon-Wellspring, F|
|poke|p2|Blaziken, M|
|teampreview
|inactive|Battle timer is ON: inactive players will automatically lose when time's up. (requested by Obito 2001)
|
|t:|1760333448
|teamsize|p1|6
|teamsize|p2|6
|start
|switch|p1a: Sting|Corviknight, M, shiny|100/100
|switch|p2a: Dragapult|Dragapult, M, shiny|100/100
|-ability|p1a: Sting|Pressure
|turn|1
|
|t:|1760333456
|move|p2a: Dragapult|Flamethrower|p1a: Sting
|-supereffective|p1a: Sting
|-damage|p1a: Sting|37/100
|-damage|p2a: Dragapult|91/100|[from] item: Life Orb
|move|p1a: Sting|U-turn|p2a: Dragapult
|-resisted|p2a: Dragapult
|-damage|p2a: Dragapult|82/100
|
|t:|1760333463
|switch|p1a: Stall Machine|Toxapex, F|100/100|[from] U-turn
|
|upkeep
|turn|2
|
|t:|1760333473
|switch|p2a: Glimmora|Glimmora, M, shiny|100/100
|move|p1a: Stall Machine|Toxic Spikes|p2a: Glimmora
|-sidestart|p2: henry151th|move: Toxic Spikes
|
|upkeep
|turn|3
|
|t:|1760333480
|switch|p1a: Sting|Corviknight, M, shiny|37/100
|-ability|p1a: Sting|Pressure
|move|p2a: Glimmora|Earth Power|p1a: Sting
|-immune|p1a: Sting
|
|upkeep
|turn|4
|
|t:|1760333485
|switch|p1a: Ruby Chan|Blissey, F|100/100
|move|p2a: Glimmora|Power Gem|p1a: Ruby Chan
|-damage|p1a: Ruby Chan|90/100
|
|-heal|p1a: Ruby Chan|96/100|[from] item: Leftovers
|upkeep
|turn|5
|
|t:|1760333490
|move|p2a: Glimmora|Mortal Spin|p1a: Ruby Chan
|-damage|p1a: Ruby Chan|86/100
|-status|p1a: Ruby Chan|psn
|-sideend|p2: henry151th|Toxic Spikes|[from] move: Mortal Spin|[of] p2a: Glimmora
|move|p1a: Ruby Chan|Stealth Rock|p2a: Glimmora
|-sidestart|p2: henry151th|move: Stealth Rock
|
|-heal|p1a: Ruby Chan|92/100 psn|[from] item: Leftovers
|-damage|p1a: Ruby Chan|79/100 psn|[from] psn
|upkeep
|turn|6
|
|t:|1760333494
|move|p2a: Glimmora|Stealth Rock|p1a: Ruby Chan
|-sidestart|p1: Obito 2001|move: Stealth Rock
|move|p1a: Ruby Chan|Seismic Toss|p2a: Glimmora
|-damage|p2a: Glimmora|73/100
|-activate|p2a: Glimmora|ability: Toxic Debris
|-sidestart|p1: Obito 2001|move: Toxic Spikes
|-enditem|p2a: Glimmora|Red Card|[of] p1a: Ruby Chan
|-curestatus|p1a: Ruby Chan|psn|[from] ability: Natural Cure
|drag|p1a: Stall Machine|Toxapex, F|100/100
|-damage|p1a: Stall Machine|88/100|[from] Stealth Rock
|-sideend|p1: Obito 2001|move: Toxic Spikes|[of] p1a: Stall Machine
|
|-heal|p1a: Stall Machine|94/100|[from] item: Leftovers
|upkeep
|turn|7
|
|t:|1760333500
|move|p2a: Glimmora|Mortal Spin|p1a: Stall Machine
|-resisted|p1a: Stall Machine
|-damage|p1a: Stall Machine|92/100
|-sideend|p2: henry151th|Stealth Rock|[from] move: Mortal Spin|[of] p2a: Glimmora
|move|p1a: Stall Machine|Surf|p2a: Glimmora
|-supereffective|p2a: Glimmora
|-damage|p2a: Glimmora|35/100
|
|-heal|p1a: Stall Machine|99/100|[from] item: Leftovers
|upkeep
|turn|8
|
|t:|1760333502
|move|p2a: Glimmora|Earth Power|p1a: Stall Machine
|-supereffective|p1a: Stall Machine
|-damage|p1a: Stall Machine|62/100
|move|p1a: Stall Machine|Toxic Spikes|p2a: Glimmora
|-sidestart|p2: henry151th|move: Toxic Spikes
|
|-heal|p1a: Stall Machine|68/100|[from] item: Leftovers
|upkeep
|turn|9
|
|t:|1760333512
|switch|p2a: Kingambit|Kingambit, M, shiny|100/100
|switch|p1a: Sting|Corviknight, M, shiny|37/100
|-damage|p1a: Sting|25/100|[from] Stealth Rock
|-ability|p1a: Sting|Pressure
|
|upkeep
|turn|10
|
|t:|1760333518
|move|p1a: Sting|Roost|p1a: Sting
|-heal|p1a: Sting|75/100
|-singleturn|p1a: Sting|move: Roost
|move|p2a: Kingambit|Swords Dance|p2a: Kingambit
|-boost|p2a: Kingambit|atk|2
|
|upkeep
|turn|11
|
|t:|1760333529
|-terastallize|p2a: Kingambit|Ghost
|move|p1a: Sting|Roost|p1a: Sting
|-heal|p1a: Sting|100/100
|-singleturn|p1a: Sting|move: Roost
|move|p2a: Kingambit|Swords Dance|p2a: Kingambit
|-boost|p2a: Kingambit|atk|2
|
|upkeep
|turn|12
|
|t:|1760333536
|move|p1a: Sting|Defog|p2a: Kingambit
|-unboost|p2a: Kingambit|evasion|1
|-sideend|p2: henry151th|Toxic Spikes|[from] move: Defog|[of] p1a: Sting
|-sideend|p1: Obito 2001|Stealth Rock|[from] move: Defog|[of] p1a: Sting
|move|p2a: Kingambit|Kowtow Cleave|p1a: Sting
|-damage|p1a: Sting|5/100
|-damage|p2a: Kingambit|84/100|[from] item: Rocky Helmet|[of] p1a: Sting
|
|-heal|p2a: Kingambit|90/100|[from] item: Leftovers
|upkeep
|turn|13
|
|t:|1760333541
|move|p1a: Sting|Brave Bird|p2a: Kingambit
|-damage|p2a: Kingambit|64/100
|-damage|p1a: Sting|0 fnt|[from] Recoil
|faint|p1a: Sting
|move|p2a: Kingambit|Swords Dance|p2a: Kingambit
|-boost|p2a: Kingambit|atk|2
|
|-heal|p2a: Kingambit|70/100|[from] item: Leftovers
|upkeep
|
|t:|1760333548
|switch|p1a: Djin of demise|Hoopa-Unbound|100/100
|turn|14
|
|t:|1760333552
|move|p2a: Kingambit|Sucker Punch||[still]
|-fail|p2a: Kingambit
|move|p1a: Djin of demise|Substitute|p1a: Djin of demise
|-start|p1a: Djin of demise|Substitute
|-damage|p1a: Djin of demise|76/100
|
|-heal|p1a: Djin of demise|82/100|[from] item: Leftovers
|-heal|p2a: Kingambit|76/100|[from] item: Leftovers
|upkeep
|turn|15
|
|t:|1760333556
|-end|p2a: Kingambit|fallenundefined|[silent]
|switch|p2a: Glimmora|Glimmora, M, shiny|35/100
|move|p1a: Djin of demise|Knock Off|p2a: Glimmora
|-damage|p2a: Glimmora|6/100
|-activate|p2a: Glimmora|ability: Toxic Debris
|-sidestart|p1: Obito 2001|move: Toxic Spikes
|
|-heal|p1a: Djin of demise|88/100|[from] item: Leftovers
|upkeep
|turn|16
|
|t:|1760333563
|move|p1a: Djin of demise|Knock Off|p2a: Glimmora
|-damage|p2a: Glimmora|0 fnt
|-activate|p2a: Glimmora|ability: Toxic Debris
|-sidestart|p1: Obito 2001|move: Toxic Spikes
|faint|p2a: Glimmora
|
|-heal|p1a: Djin of demise|94/100|[from] item: Leftovers
|upkeep
|
|t:|1760333565
|switch|p2a: Ogerpon|Ogerpon-Wellspring, F|100/100
|turn|17
|
|t:|1760333575
|move|p2a: Ogerpon|U-turn|p1a: Djin of demise
|-supereffective|p1a: Djin of demise
|-end|p1a: Djin of demise|Substitute
|
|t:|1760333580
|switch|p2a: Dragapult|Dragapult, M, shiny|82/100|[from] U-turn
|move|p1a: Djin of demise|Knock Off|p2a: Dragapult
|-supereffective|p2a: Dragapult
|-damage|p2a: Dragapult|0 fnt
|-enditem|p2a: Dragapult|Life Orb|[from] move: Knock Off|[of] p1a: Djin of demise
|faint|p2a: Dragapult
|
|-heal|p1a: Djin of demise|99/100|[from] item: Leftovers
|upkeep
|
|t:|1760333582
|switch|p2a: Ogerpon|Ogerpon-Wellspring, F|100/100
|turn|18
|
|t:|1760333584
|switch|p1a: Stall Machine|Toxapex, F|100/100
|-sideend|p1: Obito 2001|move: Toxic Spikes|[of] p1a: Stall Machine
|move|p2a: Ogerpon|U-turn|p1a: Stall Machine
|-resisted|p1a: Stall Machine
|-damage|p1a: Stall Machine|91/100
|
|t:|1760333587
|switch|p2a: Kingambit|Kingambit, M, shiny, tera:Ghost|76/100|[from] U-turn
|-activate|p2a: Kingambit|ability: Supreme Overlord
|-start|p2a: Kingambit|fallen2|[silent]
|
|-heal|p2a: Kingambit|83/100|[from] item: Leftovers
|-heal|p1a: Stall Machine|97/100|[from] item: Leftovers
|upkeep
|turn|19
|
|t:|1760333589
|move|p2a: Kingambit|Swords Dance|p2a: Kingambit
|-boost|p2a: Kingambit|atk|2
|move|p1a: Stall Machine|Toxic|p2a: Kingambit
|-status|p2a: Kingambit|tox
|
|-heal|p2a: Kingambit|89/100 tox|[from] item: Leftovers
|-heal|p1a: Stall Machine|100/100|[from] item: Leftovers
|-damage|p2a: Kingambit|83/100 tox|[from] psn
|upkeep
|turn|20
|
|t:|1760333592
|move|p2a: Kingambit|Kowtow Cleave|p1a: Stall Machine
|-damage|p1a: Stall Machine|27/100
|move|p1a: Stall Machine|Toxic Spikes|p2a: Kingambit
|-sidestart|p2: henry151th|move: Toxic Spikes
|
|-heal|p2a: Kingambit|89/100 tox|[from] item: Leftovers
|-heal|p1a: Stall Machine|33/100|[from] item: Leftovers
|-damage|p2a: Kingambit|76/100 tox|[from] psn
|upkeep
|turn|21
|
|t:|1760333605
|switch|p1a: Ruby Chan|Blissey, F|79/100
|move|p2a: Kingambit|Kowtow Cleave|p1a: Ruby Chan
|-damage|p1a: Ruby Chan|0 fnt
|faint|p1a: Ruby Chan
|
|-heal|p2a: Kingambit|83/100 tox|[from] item: Leftovers
|-damage|p2a: Kingambit|64/100 tox|[from] psn
|upkeep
|
|t:|1760333608
|switch|p1a: Djin of demise|Hoopa-Unbound|99/100
|turn|22
|
|t:|1760333612
|move|p1a: Djin of demise|Substitute|p1a: Djin of demise
|-start|p1a: Djin of demise|Substitute
|-damage|p1a: Djin of demise|75/100
|move|p2a: Kingambit|Kowtow Cleave|p1a: Djin of demise
|-end|p1a: Djin of demise|Substitute
|
|-heal|p1a: Djin of demise|81/100|[from] item: Leftovers
|-heal|p2a: Kingambit|70/100 tox|[from] item: Leftovers
|-damage|p2a: Kingambit|45/100 tox|[from] psn
|upkeep
|turn|23
|
|t:|1760333615
|move|p1a: Djin of demise|Substitute|p1a: Djin of demise
|-start|p1a: Djin of demise|Substitute
|-damage|p1a: Djin of demise|56/100
|move|p2a: Kingambit|Kowtow Cleave|p1a: Djin of demise
|-end|p1a: Djin of demise|Substitute
|
|-heal|p1a: Djin of demise|62/100|[from] item: Leftovers
|-heal|p2a: Kingambit|52/100 tox|[from] item: Leftovers
|-damage|p2a: Kingambit|21/100 tox|[from] psn
|upkeep
|turn|24
|
|t:|1760333618
|switch|p1a: Stall Machine|Toxapex, F|67/100
|move|p2a: Kingambit|Kowtow Cleave|p1a: Stall Machine
|-damage|p1a: Stall Machine|0 fnt
|faint|p1a: Stall Machine
|
|-heal|p2a: Kingambit|27/100 tox|[from] item: Leftovers
|-damage|p2a: Kingambit|0 fnt|[from] psn
|faint|p2a: Kingambit
|-end|p2a: Kingambit|fallen2|[silent]
|upkeep
|
|t:|1760333625
|switch|p2a: Blaziken|Blaziken, M, shiny|100/100
|switch|p1a: 🎭|Ogerpon-Wellspring, F|100/100
|-status|p2a: Blaziken|psn
|turn|25
|
|t:|1760333631
|move|p2a: Blaziken|Protect|p2a: Blaziken
|-singleturn|p2a: Blaziken|Protect
|move|p1a: 🎭|Ivy Cudgel|p2a: Blaziken|[anim] Ivy Cudgel Water
|-activate|p2a: Blaziken|move: Protect
|
|-damage|p2a: Blaziken|88/100 psn|[from] psn
|-ability|p2a: Blaziken|Speed Boost|boost
|-boost|p2a: Blaziken|spe|1
|upkeep
|turn|26
|
|t:|1760333641
|switch|p1a: Djin of demise|Hoopa-Unbound|62/100
|move|p2a: Blaziken|Flare Blitz|p1a: Djin of demise
|-damage|p1a: Djin of demise|0 fnt
|faint|p1a: Djin of demise
|-damage|p2a: Blaziken|68/100 psn|[from] Recoil
|-damage|p2a: Blaziken|58/100 psn|[from] item: Life Orb
|
|-damage|p2a: Blaziken|46/100 psn|[from] psn
|-ability|p2a: Blaziken|Speed Boost|boost
|-boost|p2a: Blaziken|spe|1
|upkeep
|
|t:|1760333659
|switch|p1a: Sinistcha|Sinistcha-Masterpiece|100/100
|turn|27
|
|t:|1760333661
|-terastallize|p1a: Sinistcha|Poison
|move|p2a: Blaziken|Protect|p2a: Blaziken
|-singleturn|p2a: Blaziken|Protect
|move|p1a: Sinistcha|Strength Sap|p2a: Blaziken
|-activate|p2a: Blaziken|move: Protect
|
|-damage|p2a: Blaziken|33/100 psn|[from] psn
|-ability|p2a: Blaziken|Speed Boost|boost
|-boost|p2a: Blaziken|spe|1
|upkeep
|turn|28
|
|t:|1760333665
|move|p2a: Blaziken|Flare Blitz|p1a: Sinistcha
|-damage|p1a: Sinistcha|69/100
|-damage|p2a: Blaziken|21/100 psn|[from] Recoil
|-damage|p2a: Blaziken|11/100 psn|[from] item: Life Orb
|move|p1a: Sinistcha|Strength Sap|p2a: Blaziken
|-unboost|p2a: Blaziken|atk|1
|-heal|p1a: Sinistcha|100/100
|
|-damage|p2a: Blaziken|0 fnt|[from] psn
|faint|p2a: Blaziken
|upkeep
|
|t:|1760333681
|switch|p2a: Ogerpon|Ogerpon-Wellspring, F|100/100
|-status|p2a: Ogerpon|psn
|turn|29
|
|t:|1760333684
|switch|p1a: 🎭|Ogerpon-Wellspring, F|100/100
|move|p2a: Ogerpon|Ivy Cudgel|p1a: 🎭|[anim] Ivy Cudgel Water
|-immune|p1a: 🎭|[from] ability: Water Absorb
|
|-damage|p2a: Ogerpon|88/100 psn|[from] psn
|upkeep
|turn|30
|
|t:|1760333689
|move|p2a: Ogerpon|U-turn|p1a: 🎭
|-supereffective|p1a: 🎭
|-damage|p1a: 🎭|22/100
|
|t:|1760333691
|switch|p2a: Comfey|Comfey, M, shiny|100/100|[from] U-turn
|-status|p2a: Comfey|psn
|move|p1a: 🎭|Trailblaze|p2a: Comfey
|-damage|p2a: Comfey|61/100 psn
|-boost|p1a: 🎭|spe|1
|
|-damage|p2a: Comfey|49/100 psn|[from] psn
|upkeep
|turn|31
|
|t:|1760333694
|switch|p1a: Sinistcha|Sinistcha-Masterpiece, tera:Poison|100/100
|move|p2a: Comfey|Draining Kiss|p1a: Sinistcha
|-resisted|p1a: Sinistcha
|-damage|p1a: Sinistcha|85/100
|-heal|p2a: Comfey|62/100 psn|[from] drain|[of] p1a: Sinistcha
|-damage|p2a: Comfey|52/100 psn|[from] item: Life Orb
|
|-damage|p2a: Comfey|40/100 psn|[from] psn
|upkeep
|turn|32
|
|t:|1760333701
|move|p2a: Comfey|Draining Kiss|p1a: Sinistcha
|-resisted|p1a: Sinistcha
|-damage|p1a: Sinistcha|68/100
|-heal|p2a: Comfey|54/100 psn|[from] drain|[of] p1a: Sinistcha
|-damage|p2a: Comfey|44/100 psn|[from] item: Life Orb
|move|p1a: Sinistcha|Matcha Gotcha|p2a: Comfey
|-damage|p2a: Comfey|9/100 psn
|-heal|p1a: Sinistcha|84/100|[from] drain|[of] p2a: Comfey
|
|-damage|p2a: Comfey|0 fnt|[from] psn
|faint|p2a: Comfey
|upkeep
|
|t:|1760333703
|switch|p2a: Ogerpon|Ogerpon-Wellspring, F|88/100 psn
|turn|33
|
|t:|1760333706
|move|p2a: Ogerpon|Taunt|p1a: Sinistcha
|-start|p1a: Sinistcha|move: Taunt
|cant|p1a: Sinistcha|move: Taunt|Strength Sap
|
|-damage|p2a: Ogerpon|76/100 psn|[from] psn
|upkeep
|turn|34
|
|t:|1760333710
|move|p2a: Ogerpon|Ivy Cudgel|p1a: Sinistcha|[anim] Ivy Cudgel Water
|-damage|p1a: Sinistcha|43/100
|move|p1a: Sinistcha|Matcha Gotcha|p2a: Ogerpon
|-damage|p2a: Ogerpon|39/100 psn
|-heal|p1a: Sinistcha|59/100|[from] drain|[of] p2a: Ogerpon
|
|-damage|p2a: Ogerpon|27/100 psn|[from] psn
|upkeep
|turn|35
|
|t:|1760333715
|switch|p1a: 🎭|Ogerpon-Wellspring, F|22/100
|move|p2a: Ogerpon|Ivy Cudgel|p1a: 🎭|[anim] Ivy Cudgel Water
|-heal|p1a: 🎭|47/100|[from] ability: Water Absorb|[of] p2a: Ogerpon
|
|-damage|p2a: Ogerpon|14/100 psn|[from] psn
|upkeep
|turn|36
|
|t:|1760333717
|switch|p1a: Sinistcha|Sinistcha-Masterpiece, tera:Poison|59/100
|move|p2a: Ogerpon|U-turn|p1a: Sinistcha
|-resisted|p1a: Sinistcha
|-damage|p1a: Sinistcha|50/100
|
|-damage|p2a: Ogerpon|2/100 psn|[from] psn
|upkeep
|turn|37
|
|t:|1760333719
|switch|p1a: 🎭|Ogerpon-Wellspring, F|47/100
|move|p2a: Ogerpon|Ivy Cudgel|p1a: 🎭|[anim] Ivy Cudgel Water
|-heal|p1a: 🎭|71/100|[from] ability: Water Absorb|[of] p2a: Ogerpon
|
|-damage|p2a: Ogerpon|0 fnt|[from] psn
|faint|p2a: Ogerpon
|
|win|Obito 2001
|raw|Obito 2001's rating: 1670 &rarr; <strong>1687</strong><br />(+17 for winning)
|raw|henry151th's rating: 1625 &rarr; <strong>1608</strong><br />(-17 for losing)
|l|☆Obito 2001
|player|p1|
|l|☆henry151th
|player|p2|
