|j|☆petertonetto
|j|☆antzinmypantz
|t:|1760405268
|gametype|singles
|player|p1|petertonetto|101|1142
|player|p2|antzinmypantz|2|1171
|gen|9
|tier|[Gen 9] OU
|rated|
|rule|HP Percentage Mod: HP is shown in percentages
|rule|Endless Battle Clause: Forcing endless battles is banned
|rule|Species Clause: Limit one of each Pokémon
|rule|OHKO Clause: OHKO moves are banned
|rule|Evasion Items Clause: Evasion items are banned
|rule|Evasion Moves Clause: Evasion moves are banned
|rule|Evasion Abilities Clause: Evasion abilities are banned
|rule|Sleep Moves Clause: Sleep-inducing moves are banned
|clearpoke
|poke|p1|Pelipper, F|
|poke|p1|Thundurus-Therian, M|
|poke|p1|Corviknight, F|
|poke|p1|Ogerpon-Wellspring, F|
|poke|p1|Barraskewda, M|
|poke|p1|Darkrai|
|poke|p2|Rillaboom, M|
|poke|p2|Passimian, F|
|poke|p2|Zebstrika, M|
|poke|p2|Vaporeon, M|
|poke|p2|Malamar, F|
|poke|p2|Clefable, F|
|teampreview
|inactive|Battle timer is ON: inactive players will automatically lose when time's up. (requested by petertonetto)
|
|t:|1760405281
|teamsize|p1|6
|teamsize|p2|6
|start
|switch|p1a: Pelipper|Pelipper, F|100/100
|switch|p2a: Zebstrika|Zebstrika, M|100/100
|-weather|RainDance|[from] ability: Drizzle|[of] p1a: Pelipper
|turn|1
|
|t:|1760405289
|switch|p2a: Clefable|Clefable, F|100/100
|-terastallize|p1a: Pelipper|Ground
|move|p1a: Pelipper|Surf|p2a: Clefable
|-damage|p2a: Clefable|62/100
|
|-weather|RainDance|[upkeep]
|-heal|p2a: Clefable|68/100|[from] item: Leftovers
|upkeep
|turn|2
|
|t:|1760405299
|move|p1a: Pelipper|U-turn|p2a: Clefable
|-resisted|p2a: Clefable
|-damage|p2a: Clefable|63/100
|
|t:|1760405305
|switch|p1a: Thundurus|Thundurus-Therian, M|100/100|[from] U-turn
|move|p2a: Clefable|Moonlight|p2a: Clefable
|-heal|p2a: Clefable|88/100
|
|-weather|RainDance|[upkeep]
|-heal|p2a: Clefable|94/100|[from] item: Leftovers
|upkeep
|turn|3
|
|t:|1760405313
|move|p1a: Thundurus|Nasty Plot|p1a: Thundurus
|-boost|p1a: Thundurus|spa|2
|move|p2a: Clefable|Moonblast|p1a: Thundurus
|-damage|p1a: Thundurus|60/100
|
|-weather|RainDance|[upkeep]
|-heal|p2a: Clefable|99/100|[from] item: Leftovers
|upkeep
|turn|4
|
|t:|1760405320
|move|p1a: Thundurus|Flash Cannon|p2a: Clefable
|-supereffective|p2a: Clefable
|-damage|p2a: Clefable|0 fnt
|faint|p2a: Clefable
|-damage|p1a: Thundurus|51/100|[from] item: Life Orb
|
|-weather|RainDance|[upkeep]
|upkeep
|
|t:|1760405330
|switch|p2a: Malamar|Malamar, F|100/100
|turn|5
|
|t:|1760405334
|move|p2a: Malamar|Knock Off|p1a: Thundurus
|-damage|p1a: Thundurus|0 fnt
|-enditem|p1a: Thundurus|Life Orb|[from] move: Knock Off|[of] p2a: Malamar
|faint|p1a: Thundurus
|
|-weather|RainDance|[upkeep]
|upkeep
|
|t:|1760405342
|switch|p1a: Ogerpon|Ogerpon-Wellspring, F|100/100
|turn|6
|
|t:|1760405351
|switch|p2a: Passimian|Passimian, F|100/100
|move|p1a: Ogerpon|Swords Dance|p1a: Ogerpon
|-boost|p1a: Ogerpon|atk|2
|
|-weather|RainDance|[upkeep]
|upkeep
|turn|7
|
|t:|1760405357
|move|p2a: Passimian|Endure|p2a: Passimian
|-singleturn|p2a: Passimian|move: Endure
|move|p1a: Ogerpon|Play Rough|p2a: Passimian
|-supereffective|p2a: Passimian
|-activate|p2a: Passimian|move: Endure
|-damage|p2a: Passimian|1/100
|-enditem|p2a: Passimian|Salac Berry|[eat]
|-boost|p2a: Passimian|spe|1|[from] item: Salac Berry
|
|-weather|RainDance|[upkeep]
|upkeep
|turn|8
|
|t:|1760405367
|switch|p1a: Corviknight|Corviknight, F, shiny|100/100
|move|p2a: Passimian|Close Combat|p1a: Corviknight
|-damage|p1a: Corviknight|56/100
|-unboost|p2a: Passimian|def|1
|-unboost|p2a: Passimian|spd|1
|-damage|p2a: Passimian|0 fnt|[from] item: Rocky Helmet|[of] p1a: Corviknight
|faint|p2a: Passimian
|
|-weather|none
|upkeep
|
|t:|1760405375
|switch|p2a: Zebstrika|Zebstrika, M|100/100
|turn|9
|
|t:|1760405379
|switch|p1a: Pelipper|Pelipper, F, tera:Ground|100/100
|-weather|RainDance|[from] ability: Drizzle|[of] p1a: Pelipper
|move|p2a: Zebstrika|Overheat|p1a: Pelipper
|-damage|p1a: Pelipper|75/100
|-unboost|p2a: Zebstrika|spa|2
|
|-weather|RainDance|[upkeep]
|upkeep
|turn|10
|
|t:|1760405389
|switch|p2a: Vaporeon|Vaporeon, M|100/100
|move|p1a: Pelipper|Hurricane|p2a: Vaporeon
|-damage|p2a: Vaporeon|65/100
|
|-weather|RainDance|[upkeep]
|-heal|p2a: Vaporeon|71/100|[from] item: Leftovers
|upkeep
|turn|11
|
|t:|1760405396
|switch|p1a: Ogerpon|Ogerpon-Wellspring, F|100/100
|move|p2a: Vaporeon|Wish|p2a: Vaporeon
|
|-weather|RainDance|[upkeep]
|-heal|p2a: Vaporeon|77/100|[from] item: Leftovers
|upkeep
|turn|12
|
|t:|1760405403
|switch|p2a: Rillaboom|Rillaboom, M|100/100
|-fieldstart|move: Grassy Terrain|[from] ability: Grassy Surge|[of] p2a: Rillaboom
|move|p1a: Ogerpon|Swords Dance|p1a: Ogerpon
|-boost|p1a: Ogerpon|atk|2
|
|-weather|RainDance|[upkeep]
|upkeep
|turn|13
|
|t:|1760405410
|move|p1a: Ogerpon|Knock Off|p2a: Rillaboom
|-damage|p2a: Rillaboom|21/100
|-enditem|p2a: Rillaboom|Choice Band|[from] move: Knock Off|[of] p1a: Ogerpon
|move|p2a: Rillaboom|U-turn|p1a: Ogerpon
|-supereffective|p1a: Ogerpon
|-damage|p1a: Ogerpon|42/100
|
|t:|1760405419
|switch|p2a: Malamar|Malamar, F|100/100|[from] U-turn
|
|-weather|RainDance|[upkeep]
|-heal|p1a: Ogerpon|48/100|[from] Grassy Terrain
|upkeep
|turn|14
|
|t:|1760405425
|switch|p1a: Darkrai|Darkrai|100/100
|move|p2a: Malamar|Superpower|p1a: Darkrai
|-supereffective|p1a: Darkrai
|-damage|p1a: Darkrai|13/100
|-boost|p2a: Malamar|atk|1
|-boost|p2a: Malamar|def|1
|
|-weather|RainDance|[upkeep]
|-heal|p1a: Darkrai|19/100|[from] Grassy Terrain
|upkeep
|turn|15
|
|t:|1760405435
|switch|p1a: Corviknight|Corviknight, F, shiny|56/100
|move|p2a: Malamar|Superpower|p1a: Corviknight
|-damage|p1a: Corviknight|13/100
|-boost|p2a: Malamar|atk|1
|-boost|p2a: Malamar|def|1
|-damage|p2a: Malamar|84/100|[from] item: Rocky Helmet|[of] p1a: Corviknight
|
|-weather|RainDance|[upkeep]
|-heal|p2a: Malamar|90/100|[from] Grassy Terrain
|upkeep
|turn|16
|
|t:|1760405446
|move|p2a: Malamar|Superpower|p1a: Corviknight
|-damage|p1a: Corviknight|0 fnt
|-boost|p2a: Malamar|atk|1
|-boost|p2a: Malamar|def|1
|-damage|p2a: Malamar|73/100|[from] item: Rocky Helmet|[of] p1a: Corviknight
|faint|p1a: Corviknight
|
|-weather|none
|-heal|p2a: Malamar|79/100|[from] Grassy Terrain
|-fieldend|move: Grassy Terrain
|upkeep
|
|t:|1760405454
|switch|p1a: Pelipper|Pelipper, F, tera:Ground|75/100
|-weather|RainDance|[from] ability: Drizzle|[of] p1a: Pelipper
|turn|17
|
|t:|1760405459
|move|p2a: Malamar|Superpower|p1a: Pelipper
|-damage|p1a: Pelipper|0 fnt
|-boost|p2a: Malamar|atk|1
|-boost|p2a: Malamar|def|1
|faint|p1a: Pelipper
|
|-weather|RainDance|[upkeep]
|upkeep
|
|t:|1760405467
|switch|p1a: Barraskewda|Barraskewda, M|100/100
|turn|18
|
|t:|1760405470
|move|p1a: Barraskewda|Liquidation|p2a: Malamar
|-damage|p2a: Malamar|38/100
|move|p2a: Malamar|Superpower|p1a: Barraskewda
|-damage|p1a: Barraskewda|0 fnt
|-boost|p2a: Malamar|atk|1
|-boost|p2a: Malamar|def|1
|faint|p1a: Barraskewda
|
|-weather|RainDance|[upkeep]
|upkeep
|-message|petertonetto forfeited.
|
|win|antzinmypantz
|raw|petertonetto's rating: 1142 &rarr; <strong>1119</strong><br />(-23 for losing)
|raw|antzinmypantz's rating: 1171 &rarr; <strong>1194</strong><br />(+23 for winning)
|l|☆petertonetto
|player|p1|
|l|☆antzinmypantz
|player|p2|
