|j|☆NapedCrusader
|j|☆Scoobenvonduben
|t:|1760460912
|gametype|singles
|player|p1|NapedCrusader|flint|1462
|player|p2|Scoobenvonduben|brawly|1427
|gen|9
|tier|[Gen 9] OU
|rated|
|rule|HP Percentage Mod: HP is shown in percentages
|rule|Endless Battle Clause: Forcing endless battles is banned
|rule|Species Clause: Limit one of each Pokémon
|rule|OHKO Clause: OHKO moves are banned
|rule|Evasion Items Clause: Evasion items are banned
|rule|Evasion Moves Clause: Evasion moves are banned
|rule|Evasion Abilities Clause: Evasion abilities are banned
|rule|Sleep Moves Clause: Sleep-inducing moves are banned
|clearpoke
|poke|p1|Zamazenta-*|
|poke|p1|Moltres|
|poke|p1|Dragonite, F|
|poke|p1|Iron Treads|
|poke|p1|Cinderace, M|
|poke|p1|Iron Valiant|
|poke|p2|Blissey, F|
|poke|p2|Skeledirge, F|
|poke|p2|Gliscor, M|
|poke|p2|Gyarados, F|
|poke|p2|Corviknight, F|
|poke|p2|Grafaiai, F|
|teampreview
|inactive|Battle timer is ON: inactive players will automatically lose when time's up. (requested by NapedCrusader)
|
|t:|1760460919
|teamsize|p1|6
|teamsize|p2|6
|start
|switch|p1a: Iron Treads|Iron Treads|100/100
|switch|p2a: Gliscor|Gliscor, M, shiny|100/100
|turn|1
|
|t:|1760460924
|move|p2a: Gliscor|Protect|p2a: Gliscor
|-singleturn|p2a: Gliscor|Protect
|move|p1a: Iron Treads|Knock Off|p2a: Gliscor
|-activate|p2a: Gliscor|move: Protect
|
|-status|p2a: Gliscor|tox|[from] item: Toxic Orb
|upkeep
|turn|2
|
|t:|1760460932
|-end|p1a: Iron Treads|Quark Drive|[silent]
|switch|p1a: Moltres|Moltres|100/100
|move|p2a: Gliscor|Earthquake|p1a: Moltres
|-immune|p1a: Moltres
|
|upkeep
|turn|3
|
|t:|1760460937
|move|p1a: Moltres|Air Slash|p2a: Gliscor
|-damage|p2a: Gliscor|48/100 tox
|move|p2a: Gliscor|Toxic|p1a: Moltres
|-status|p1a: Moltres|tox
|
|-damage|p1a: Moltres|94/100 tox|[from] psn
|-heal|p2a: Gliscor|61/100 tox|[from] ability: Poison Heal
|upkeep
|turn|4
|
|t:|1760460940
|switch|p1a: Zamazenta|Zamazenta|100/100
|-ability|p1a: Zamazenta|Dauntless Shield|boost
|-boost|p1a: Zamazenta|def|1
|move|p2a: Gliscor|Protect||[still]
|-fail|p2a: Gliscor
|
|-heal|p2a: Gliscor|73/100 tox|[from] ability: Poison Heal
|upkeep
|turn|5
|
|t:|1760460943
|move|p1a: Zamazenta|Crunch|p2a: Gliscor
|-damage|p2a: Gliscor|43/100 tox
|-damage|p1a: Zamazenta|91/100|[from] item: Life Orb
|move|p2a: Gliscor|Toxic|p1a: Zamazenta
|-status|p1a: Zamazenta|tox
|
|-damage|p1a: Zamazenta|84/100 tox|[from] psn
|-heal|p2a: Gliscor|55/100 tox|[from] ability: Poison Heal
|upkeep
|turn|6
|
|t:|1760460951
|switch|p2a: Grafaiai|Grafaiai, F|100/100
|move|p1a: Zamazenta|Crunch|p2a: Grafaiai
|-damage|p2a: Grafaiai|50/100
|-damage|p1a: Zamazenta|75/100 tox|[from] item: Life Orb
|
|-heal|p2a: Grafaiai|56/100|[from] item: Leftovers
|-damage|p1a: Zamazenta|62/100 tox|[from] psn
|upkeep
|turn|7
|
|t:|1760460956
|move|p2a: Grafaiai|Protect|p2a: Grafaiai
|-singleturn|p2a: Grafaiai|Protect
|move|p1a: Zamazenta|Close Combat|p2a: Grafaiai
|-activate|p2a: Grafaiai|move: Protect
|
|-heal|p2a: Grafaiai|62/100|[from] item: Leftovers
|-damage|p1a: Zamazenta|44/100 tox|[from] psn
|upkeep
|turn|8
|
|t:|1760460963
|switch|p1a: Moltres|Moltres|94/100 tox
|switch|p2a: Skeledirge|Skeledirge, F|100/100
|
|-damage|p1a: Moltres|88/100 tox|[from] psn
|upkeep
|turn|9
|
|t:|1760460965
|move|p1a: Moltres|U-turn|p2a: Skeledirge
|-resisted|p2a: Skeledirge
|-damage|p2a: Skeledirge|97/100
|
|t:|1760460968
|switch|p1a: Iron Treads|Iron Treads|100/100|[from] U-turn
|move|p2a: Skeledirge|Hex|p1a: Iron Treads
|-damage|p1a: Iron Treads|85/100
|
|-heal|p2a: Skeledirge|100/100|[from] item: Leftovers
|upkeep
|turn|10
|
|t:|1760460974
|move|p1a: Iron Treads|Knock Off|p2a: Skeledirge
|-supereffective|p2a: Skeledirge
|-damage|p2a: Skeledirge|57/100
|-enditem|p2a: Skeledirge|Leftovers|[from] move: Knock Off|[of] p1a: Iron Treads
|move|p2a: Skeledirge|Will-O-Wisp|p1a: Iron Treads
|-status|p1a: Iron Treads|brn
|
|-damage|p1a: Iron Treads|79/100 brn|[from] brn
|upkeep
|turn|11
|
|t:|1760460977
|move|p1a: Iron Treads|Volt Switch|p2a: Skeledirge
|-damage|p2a: Skeledirge|47/100
|
|t:|1760460979
|-end|p1a: Iron Treads|Quark Drive|[silent]
|switch|p1a: Moltres|Moltres|88/100 tox|[from] Volt Switch
|move|p2a: Skeledirge|Slack Off|p2a: Skeledirge
|-heal|p2a: Skeledirge|98/100
|
|-damage|p1a: Moltres|82/100 tox|[from] psn
|upkeep
|turn|12
|inactive|Scoobenvonduben has 120 seconds left.
|
|t:|1760461010
|move|p1a: Moltres|Scorching Sands|p2a: Skeledirge
|-supereffective|p2a: Skeledirge
|-damage|p2a: Skeledirge|44/100
|move|p2a: Skeledirge|Hex|p1a: Moltres
|-damage|p1a: Moltres|24/100 tox
|
|-damage|p1a: Moltres|11/100 tox|[from] psn
|upkeep
|turn|13
|inactive|Scoobenvonduben has 120 seconds left.
|
|t:|1760461022
|switch|p1a: Zamazenta|Zamazenta|44/100 tox
|switch|p2a: Gyarados|Gyarados, F, shiny|100/100
|-ability|p2a: Gyarados|Intimidate|boost
|-unboost|p1a: Zamazenta|atk|1
|
|-damage|p1a: Zamazenta|38/100 tox|[from] psn
|upkeep
|turn|14
|
|t:|1760461032
|switch|p1a: Moltres|Moltres|11/100 tox
|move|p2a: Gyarados|Dragon Dance|p2a: Gyarados
|-boost|p2a: Gyarados|atk|1
|-boost|p2a: Gyarados|spe|1
|
|-damage|p1a: Moltres|5/100 tox|[from] psn
|upkeep
|turn|15
|
|t:|1760461036
|move|p2a: Gyarados|Dragon Dance|p2a: Gyarados
|-boost|p2a: Gyarados|atk|1
|-boost|p2a: Gyarados|spe|1
|move|p1a: Moltres|Air Slash|p2a: Gyarados
|-damage|p2a: Gyarados|47/100
|
|-damage|p1a: Moltres|0 fnt|[from] psn
|faint|p1a: Moltres
|upkeep
|
|t:|1760461042
|switch|p1a: Dragonite|Dragonite, F|100/100
|turn|16
|
|t:|1760461047
|move|p2a: Gyarados|Ice Fang|p1a: Dragonite
|-supereffective|p1a: Dragonite
|-damage|p1a: Dragonite|0 fnt
|faint|p1a: Dragonite
|
|upkeep
|
|t:|1760461051
|switch|p1a: Cinderace|Cinderace, M|100/100
|turn|17
|
|t:|1760461054
|move|p1a: Cinderace|Sucker Punch|p2a: Gyarados
|-start|p1a: Cinderace|typechange|Dark|[from] ability: Libero
|-damage|p2a: Gyarados|0 fnt
|faint|p2a: Gyarados
|
|upkeep
|
|t:|1760461070
|switch|p2a: Gliscor|Gliscor, M, shiny|55/100 tox
|turn|18
|
|t:|1760461090
|move|p2a: Gliscor|Protect|p2a: Gliscor
|-singleturn|p2a: Gliscor|Protect
|move|p1a: Cinderace|U-turn|p2a: Gliscor
|-activate|p2a: Gliscor|move: Protect
|
|-heal|p2a: Gliscor|68/100 tox|[from] ability: Poison Heal
|upkeep
|turn|19
|
|t:|1760461099
|move|p1a: Cinderace|U-turn|p2a: Gliscor
|-resisted|p2a: Gliscor
|-damage|p2a: Gliscor|59/100 tox
|inactive|NapedCrusader has 120 seconds left.
|
|t:|1760461126
|switch|p1a: Iron Treads|Iron Treads|79/100 brn|[from] U-turn
|move|p2a: Gliscor|Earthquake|p1a: Iron Treads
|-supereffective|p1a: Iron Treads
|-damage|p1a: Iron Treads|23/100 brn
|
|-heal|p2a: Gliscor|72/100 tox|[from] ability: Poison Heal
|-damage|p1a: Iron Treads|17/100 brn|[from] brn
|upkeep
|turn|20
|
|t:|1760461135
|move|p2a: Gliscor|Protect|p2a: Gliscor
|-singleturn|p2a: Gliscor|Protect
|move|p1a: Iron Treads|Knock Off|p2a: Gliscor
|-activate|p2a: Gliscor|move: Protect
|
|-heal|p2a: Gliscor|84/100 tox|[from] ability: Poison Heal
|-damage|p1a: Iron Treads|11/100 brn|[from] brn
|upkeep
|turn|21
|
|t:|1760461148
|move|p1a: Iron Treads|Knock Off|p2a: Gliscor
|-damage|p2a: Gliscor|75/100 tox
|-enditem|p2a: Gliscor|Toxic Orb|[from] move: Knock Off|[of] p1a: Iron Treads
|move|p2a: Gliscor|Spikes|p1a: Iron Treads
|-sidestart|p1: NapedCrusader|Spikes
|
|-heal|p2a: Gliscor|87/100 tox|[from] ability: Poison Heal
|-damage|p1a: Iron Treads|5/100 brn|[from] brn
|upkeep
|turn|22
|
|t:|1760461158
|-end|p1a: Iron Treads|Quark Drive|[silent]
|switch|p1a: Zamazenta|Zamazenta|38/100 tox
|-damage|p1a: Zamazenta|25/100 tox|[from] Spikes
|move|p2a: Gliscor|Protect||[still]
|-fail|p2a: Gliscor
|
|-damage|p1a: Zamazenta|19/100 tox|[from] psn
|-heal|p2a: Gliscor|99/100 tox|[from] ability: Poison Heal
|upkeep
|turn|23
|
|t:|1760461167
|move|p1a: Zamazenta|Ice Fang|p2a: Gliscor
|-supereffective|p2a: Gliscor
|-damage|p2a: Gliscor|4/100 tox
|-damage|p1a: Zamazenta|9/100 tox|[from] item: Life Orb
|move|p2a: Gliscor|Spikes|p1a: Zamazenta
|-sidestart|p1: NapedCrusader|Spikes
|
|-damage|p1a: Zamazenta|0 fnt|[from] psn
|faint|p1a: Zamazenta
|-heal|p2a: Gliscor|16/100 tox|[from] ability: Poison Heal
|upkeep
|
|t:|1760461170
|switch|p1a: Cinderace|Cinderace, M|100/100
|turn|24
|
|t:|1760461176
|move|p2a: Gliscor|Protect|p2a: Gliscor
|-singleturn|p2a: Gliscor|Protect
|move|p1a: Cinderace|Court Change|p1a: Cinderace
|-start|p1a: Cinderace|typechange|Normal|[from] ability: Libero
|-swapsideconditions
|-activate|p1a: Cinderace|move: Court Change
|
|-heal|p2a: Gliscor|29/100 tox|[from] ability: Poison Heal
|upkeep
|turn|25
|
|t:|1760461188
|move|p1a: Cinderace|Pyro Ball|p2a: Gliscor
|-damage|p2a: Gliscor|0 fnt
|faint|p2a: Gliscor
|
|upkeep
|inactive|Scoobenvonduben has 120 seconds left.
|
|t:|1760461223
|switch|p2a: Grafaiai|Grafaiai, F|62/100
|-damage|p2a: Grafaiai|45/100|[from] Spikes
|turn|26
|
|t:|1760461242
|move|p2a: Grafaiai|Toxic|p1a: Cinderace
|-status|p1a: Cinderace|tox
|move|p1a: Cinderace|Pyro Ball|p2a: Grafaiai
|-crit|p2a: Grafaiai
|-damage|p2a: Grafaiai|0 fnt
|faint|p2a: Grafaiai
|
|-damage|p1a: Cinderace|95/100 tox|[from] psn
|upkeep
|inactive|Scoobenvonduben has 120 seconds left.
|
|t:|1760461264
|switch|p2a: Blissey|Blissey, F|100/100
|-damage|p2a: Blissey|84/100|[from] Spikes
|turn|27
|
|t:|1760461267
|move|p1a: Cinderace|Pyro Ball|p2a: Blissey
|-damage|p2a: Blissey|50/100
|move|p2a: Blissey|Soft-Boiled|p2a: Blissey
|-heal|p2a: Blissey|99/100
|
|-heal|p2a: Blissey|100/100|[from] item: Leftovers
|-damage|p1a: Cinderace|83/100 tox|[from] psn
|upkeep
|turn|28
|
|t:|1760461271
|move|p1a: Cinderace|U-turn|p2a: Blissey
|-damage|p2a: Blissey|80/100
|
|t:|1760461272
|switch|p1a: Iron Treads|Iron Treads|5/100 brn|[from] U-turn
|move|p2a: Blissey|Stealth Rock|p1a: Iron Treads
|-sidestart|p1: NapedCrusader|move: Stealth Rock
|
|-heal|p2a: Blissey|86/100|[from] item: Leftovers
|-damage|p1a: Iron Treads|0 fnt|[from] brn
|faint|p1a: Iron Treads
|-end|p1a: Iron Treads|Quark Drive|[silent]
|upkeep
|
|t:|1760461277
|switch|p1a: Iron Valiant|Iron Valiant|100/100
|-damage|p1a: Iron Valiant|94/100|[from] Stealth Rock
|-enditem|p1a: Iron Valiant|Booster Energy
|-activate|p1a: Iron Valiant|ability: Quark Drive|[fromitem]
|-start|p1a: Iron Valiant|quarkdrivespe
|turn|29
|
|t:|1760461284
|-terastallize|p1a: Iron Valiant|Dark
|-terastallize|p2a: Blissey|Ghost
|move|p1a: Iron Valiant|Knock Off|p2a: Blissey
|-supereffective|p2a: Blissey
|-damage|p2a: Blissey|6/100
|-enditem|p2a: Blissey|Leftovers|[from] move: Knock Off|[of] p1a: Iron Valiant
|move|p2a: Blissey|Thunder Wave|p1a: Iron Valiant
|-status|p1a: Iron Valiant|par
|
|upkeep
|turn|30
|
|t:|1760461299
|switch|p2a: Corviknight|Corviknight, F|100/100
|move|p1a: Iron Valiant|Knock Off|p2a: Corviknight
|-damage|p2a: Corviknight|66/100
|-enditem|p2a: Corviknight|Leftovers|[from] move: Knock Off|[of] p1a: Iron Valiant
|
|upkeep
|turn|31
|
|t:|1760461303
|move|p1a: Iron Valiant|Aura Sphere|p2a: Corviknight
|-damage|p2a: Corviknight|40/100
|move|p2a: Corviknight|Iron Defense|p2a: Corviknight
|-boost|p2a: Corviknight|def|2
|
|upkeep
|turn|32
|
|t:|1760461310
|-end|p1a: Iron Valiant|Quark Drive|[silent]
|switch|p1a: Cinderace|Cinderace, M|83/100 tox
|move|p2a: Corviknight|Iron Defense|p2a: Corviknight
|-boost|p2a: Corviknight|def|2
|
|-damage|p1a: Cinderace|77/100 tox|[from] psn
|upkeep
|turn|33
|
|t:|1760461314
|move|p1a: Cinderace|Pyro Ball|p2a: Corviknight|[miss]
|-miss|p1a: Cinderace|p2a: Corviknight
|move|p2a: Corviknight|Roost|p2a: Corviknight
|-heal|p2a: Corviknight|90/100
|-singleturn|p2a: Corviknight|move: Roost
|
|-damage|p1a: Cinderace|65/100 tox|[from] psn
|upkeep
|turn|34
|c|☆NapedCrusader|holy luck
|-message|NapedCrusader forfeited.
|
|win|Scoobenvonduben
|raw|NapedCrusader's rating: 1462 &rarr; <strong>1440</strong><br />(-22 for losing)
|raw|Scoobenvonduben's rating: 1427 &rarr; <strong>1449</strong><br />(+22 for winning)
|l|☆NapedCrusader
|player|p1|
|l|☆Scoobenvonduben
|player|p2|
