|j|☆alexismarelli
|j|☆seethemalldie
|t:|1760444609
|gametype|singles
|player|p1|alexismarelli|101|1170
|player|p2|seethemalldie|unknown|1257
|gen|9
|tier|[Gen 9] OU
|rated|
|rule|HP Percentage Mod: HP is shown in percentages
|rule|Endless Battle Clause: Forcing endless battles is banned
|rule|Species Clause: Limit one of each Pokémon
|rule|OHKO Clause: OHKO moves are banned
|rule|Evasion Items Clause: Evasion items are banned
|rule|Evasion Moves Clause: Evasion moves are banned
|rule|Evasion Abilities Clause: Evasion abilities are banned
|rule|Sleep Moves Clause: Sleep-inducing moves are banned
|clearpoke
|poke|p1|Smeargle, F|
|poke|p1|Furret, M|
|poke|p1|Gumshoos, M|
|poke|p1|Persian, M|
|poke|p1|Zangoose, M|
|poke|p1|Greedent, M|
|poke|p2|Scizor, M|
|poke|p2|Toxtricity-Low-Key, F|
|poke|p2|Hydreigon, M|
|poke|p2|Iron Valiant|
|poke|p2|Ogerpon-Wellspring, F|
|poke|p2|Arcanine-Hisui, M|
|teampreview
|inactive|Battle timer is ON: inactive players will automatically lose when time's up. (requested by seethemalldie)
|inactive|seethemalldie has 120 seconds left.
|
|t:|1760444650
|teamsize|p1|6
|teamsize|p2|6
|start
|switch|p1a: Smeargle|Smeargle, F|100/100
|switch|p2a: Trip|Hydreigon, M, shiny|100/100
|turn|1
|
|t:|1760444655
|move|p2a: Trip|Tailwind|p2a: Trip
|-sidestart|p2: seethemalldie|move: Tailwind
|move|p1a: Smeargle|Shell Smash|p1a: Smeargle
|-unboost|p1a: Smeargle|def|1
|-unboost|p1a: Smeargle|spd|1
|-boost|p1a: Smeargle|atk|2
|-boost|p1a: Smeargle|spa|2
|-boost|p1a: Smeargle|spe|2
|
|upkeep
|turn|2
|
|t:|1760444663
|move|p2a: Trip|Draco Meteor|p1a: Smeargle
|-enditem|p1a: Smeargle|Focus Sash
|-damage|p1a: Smeargle|1/100
|-unboost|p2a: Trip|spa|2
|-enditem|p2a: Trip|Eject Pack
|
|t:|1760444670
|switch|p2a: Solid|Scizor, M|100/100
|move|p1a: Smeargle|Shell Smash|p1a: Smeargle
|-unboost|p1a: Smeargle|def|1
|-unboost|p1a: Smeargle|spd|1
|-boost|p1a: Smeargle|atk|2
|-boost|p1a: Smeargle|spa|2
|-boost|p1a: Smeargle|spe|2
|
|upkeep
|turn|3
|
|t:|1760444678
|move|p1a: Smeargle|Burning Bulwark|p1a: Smeargle
|-singleturn|p1a: Smeargle|move: Protect
|move|p2a: Solid|Bullet Punch|p1a: Smeargle
|-activate|p1a: Smeargle|move: Protect
|-status|p2a: Solid|brn
|
|-damage|p2a: Solid|94/100 brn|[from] brn
|upkeep
|turn|4
|
|t:|1760444685
|move|p2a: Solid|Bullet Punch|p1a: Smeargle
|-damage|p1a: Smeargle|0 fnt
|faint|p1a: Smeargle
|
|-damage|p2a: Solid|88/100 brn|[from] brn
|-sideend|p2: seethemalldie|move: Tailwind
|upkeep
|
|t:|1760444692
|switch|p1a: Persian|Persian, M|100/100
|turn|5
|
|t:|1760444695
|move|p1a: Persian|Fake Out|p2a: Solid
|-resisted|p2a: Solid
|-damage|p2a: Solid|77/100 brn
|cant|p2a: Solid|flinch
|
|-damage|p2a: Solid|71/100 brn|[from] brn
|upkeep
|turn|6
|
|t:|1760444701
|move|p1a: Persian|Foul Play|p2a: Solid
|-damage|p2a: Solid|42/100 brn
|move|p2a: Solid|U-turn|p1a: Persian
|-damage|p1a: Persian|63/100
|
|t:|1760444708
|switch|p2a: Trip|Hydreigon, M, shiny|100/100|[from] U-turn
|
|upkeep
|turn|7
|
|t:|1760444713
|move|p1a: Persian|Thunder Wave|p2a: Trip
|-status|p2a: Trip|par
|move|p2a: Trip|Tailwind|p2a: Trip
|-sidestart|p2: seethemalldie|move: Tailwind
|
|upkeep
|turn|8
|
|t:|1760444721
|switch|p2a: Chili|Toxtricity-Low-Key, F|100/100
|move|p1a: Persian|U-turn|p2a: Chili
|-resisted|p2a: Chili
|-damage|p2a: Chili|87/100
|
|t:|1760444732
|switch|p1a: Greedent|Greedent, M|100/100|[from] U-turn
|
|upkeep
|turn|9
|
|t:|1760444739
|move|p2a: Chili|Boomburst|p1a: Greedent
|-damage|p1a: Greedent|7/100
|-enditem|p1a: Greedent|Sitrus Berry|[eat]
|-heal|p1a: Greedent|32/100|[from] item: Sitrus Berry
|-heal|p1a: Greedent|66/100|[from] ability: Cheek Pouch
|move|p1a: Greedent|Earthquake|p2a: Chili
|-supereffective|p2a: Chili
|-damage|p2a: Chili|0 fnt
|faint|p2a: Chili
|
|upkeep
|
|t:|1760444752
|switch|p2a: Berry|Ogerpon-Wellspring, F|100/100
|turn|10
|
|t:|1760444758
|move|p2a: Berry|Swords Dance|p2a: Berry
|-boost|p2a: Berry|atk|2
|move|p1a: Greedent|Body Slam|p2a: Berry
|-damage|p2a: Berry|53/100
|
|-sideend|p2: seethemalldie|move: Tailwind
|upkeep
|turn|11
|
|t:|1760444769
|-terastallize|p2a: Berry|Water
|detailschange|p2a: Berry|Ogerpon-Wellspring-Tera, F, tera:Water
|-ability|p2a: Berry|Embody Aspect (Wellspring)|boost
|-boost|p2a: Berry|spd|1
|move|p2a: Berry|Ivy Cudgel|p1a: Greedent|[anim] Ivy Cudgel Water
|-damage|p1a: Greedent|0 fnt
|faint|p1a: Greedent
|
|upkeep
|
|t:|1760444773
|switch|p1a: Persian|Persian, M|63/100
|turn|12
|
|t:|1760444779
|move|p1a: Persian|Fake Out|p2a: Berry
|-damage|p2a: Berry|20/100
|cant|p2a: Berry|flinch
|
|upkeep
|turn|13
|
|t:|1760444788
|switch|p2a: Archie|Arcanine-Hisui, M|100/100
|move|p1a: Persian|U-turn|p2a: Archie
|-resisted|p2a: Archie
|-damage|p2a: Archie|91/100
|
|t:|1760444799
|switch|p1a: Furret|Furret, M|100/100|[from] U-turn
|-item|p2a: Archie|Assault Vest|[from] ability: Frisk|[of] p1a: Furret
|
|upkeep
|turn|14
|
|t:|1760444807
|move|p1a: Furret|Body Slam|p2a: Archie
|-resisted|p2a: Archie
|-damage|p2a: Archie|73/100
|move|p2a: Archie|Head Smash|p1a: Furret|[miss]
|-miss|p2a: Archie|p1a: Furret
|
|upkeep
|turn|15
|
|t:|1760444813
|move|p1a: Furret|Body Slam|p2a: Archie
|-resisted|p2a: Archie
|-damage|p2a: Archie|52/100
|-status|p2a: Archie|par
|move|p2a: Archie|Head Smash|p1a: Furret
|-damage|p1a: Furret|0 fnt
|faint|p1a: Furret
|
|upkeep
|
|t:|1760444823
|switch|p1a: Gumshoos|Gumshoos, M|100/100
|turn|16
|
|t:|1760444826
|move|p2a: Archie|Head Smash|p1a: Gumshoos
|-damage|p1a: Gumshoos|11/100
|move|p1a: Gumshoos|Psychic Fangs|p2a: Archie
|-damage|p2a: Archie|0 fnt
|faint|p2a: Archie
|-damage|p1a: Gumshoos|1/100|[from] item: Life Orb
|
|upkeep
|
|t:|1760444833
|switch|p2a: Solid|Scizor, M|42/100 brn
|turn|17
|
|t:|1760444836
|move|p2a: Solid|Bullet Punch|p1a: Gumshoos
|-damage|p1a: Gumshoos|0 fnt
|faint|p1a: Gumshoos
|
|-damage|p2a: Solid|36/100 brn|[from] brn
|upkeep
|
|t:|1760444839
|switch|p1a: Zangoose|Zangoose, M|100/100
|turn|18
|
|t:|1760444843
|move|p1a: Zangoose|Swords Dance|p1a: Zangoose
|-boost|p1a: Zangoose|atk|2
|move|p2a: Solid|Knock Off|p1a: Zangoose
|-damage|p1a: Zangoose|69/100
|-enditem|p1a: Zangoose|Toxic Orb|[from] move: Knock Off|[of] p2a: Solid
|
|-damage|p2a: Solid|30/100 brn|[from] brn
|upkeep
|turn|19
|
|t:|1760444851
|move|p2a: Solid|Bullet Punch|p1a: Zangoose
|-damage|p1a: Zangoose|43/100
|move|p1a: Zangoose|Swords Dance|p1a: Zangoose
|-boost|p1a: Zangoose|atk|2
|
|-damage|p2a: Solid|24/100 brn|[from] brn
|upkeep
|turn|20
|
|t:|1760444861
|move|p2a: Solid|Bullet Punch|p1a: Zangoose
|-damage|p1a: Zangoose|17/100
|move|p1a: Zangoose|Swords Dance|p1a: Zangoose
|-boost|p1a: Zangoose|atk|2
|
|-damage|p2a: Solid|18/100 brn|[from] brn
|upkeep
|turn|21
|
|t:|1760444868
|-terastallize|p1a: Zangoose|Normal
|move|p1a: Zangoose|Quick Attack|p2a: Solid
|-resisted|p2a: Solid
|-damage|p2a: Solid|0 fnt
|faint|p2a: Solid
|
|upkeep
|
|t:|1760444881
|switch|p2a: Nite|Iron Valiant, shiny|100/100
|turn|22
|
|t:|1760444885
|move|p2a: Nite|Vacuum Wave|p1a: Zangoose
|-supereffective|p1a: Zangoose
|-damage|p1a: Zangoose|0 fnt
|faint|p1a: Zangoose
|
|upkeep
|
|t:|1760444888
|switch|p1a: Persian|Persian, M|63/100
|turn|23
|
|t:|1760444895
|-end|p2a: Nite|Quark Drive|[silent]
|switch|p2a: Trip|Hydreigon, M, shiny|100/100 par
|move|p1a: Persian|Fake Out|p2a: Trip
|-damage|p2a: Trip|72/100 par
|
|upkeep
|turn|24
|
|t:|1760444903
|move|p1a: Persian|U-turn|p2a: Trip
|-supereffective|p2a: Trip
|-damage|p2a: Trip|32/100 par
|move|p2a: Trip|Draco Meteor|p1a: Persian
|-damage|p1a: Persian|0 fnt
|-unboost|p2a: Trip|spa|2
|faint|p1a: Persian
|
|win|seethemalldie
|raw|alexismarelli's rating: 1170 &rarr; <strong>1151</strong><br />(-19 for losing)
|raw|seethemalldie's rating: 1257 &rarr; <strong>1276</strong><br />(+19 for winning)
|l|☆alexismarelli
|player|p1|
|l|☆seethemalldie
|player|p2|
