|j|☆master ball rus
|j|☆J.Dimmadome Vance
|t:|1760460559
|gametype|singles
|player|p1|master ball rus|swimmer-gen4|1583
|player|p2|J.Dimmadome Vance|sailor|1557
|gen|9
|tier|[Gen 9] OU
|rated|
|rule|HP Percentage Mod: HP is shown in percentages
|rule|Endless Battle Clause: Forcing endless battles is banned
|rule|Species Clause: Limit one of each Pokémon
|rule|OHKO Clause: OHKO moves are banned
|rule|Evasion Items Clause: Evasion items are banned
|rule|Evasion Moves Clause: Evasion moves are banned
|rule|Evasion Abilities Clause: Evasion abilities are banned
|rule|Sleep Moves Clause: Sleep-inducing moves are banned
|clearpoke
|poke|p1|Gholdengo|
|poke|p1|Zamazenta-*|
|poke|p1|Ting-Lu|
|poke|p1|Clefable, F|
|poke|p1|Dragonite, M|
|poke|p1|Deoxys-Speed|
|poke|p2|Cinderace, F|
|poke|p2|Okidogi, M|
|poke|p2|Landorus-Therian, M|
|poke|p2|Zamazenta-*|
|poke|p2|Goodra-Hisui, F|
|poke|p2|Latios, M|
|teampreview
|
|t:|1760460567
|teamsize|p1|6
|teamsize|p2|6
|start
|switch|p1a: Ting-Lu|Ting-Lu|100/100
|switch|p2a: Okidogi|Okidogi, M|100/100
|-ability|p1a: Ting-Lu|Vessel of Ruin
|turn|1
|inactive|Battle timer is ON: inactive players will automatically lose when time's up. (requested by J.Dimmadome Vance)
|
|t:|1760460572
|move|p2a: Okidogi|Knock Off|p1a: Ting-Lu
|-resisted|p1a: Ting-Lu
|-damage|p1a: Ting-Lu|92/100
|-status|p1a: Ting-Lu|tox|[from] ability: Toxic Chain|[of] p2a: Okidogi
|-enditem|p1a: Ting-Lu|Leftovers|[from] move: Knock Off|[of] p2a: Okidogi
|move|p1a: Ting-Lu|Ruination|p2a: Okidogi
|-damage|p2a: Okidogi|50/100
|
|-heal|p2a: Okidogi|57/100|[from] item: Leftovers
|-damage|p1a: Ting-Lu|85/100 tox|[from] psn
|upkeep
|turn|2
|
|t:|1760460580
|move|p2a: Okidogi|Drain Punch|p1a: Ting-Lu
|-supereffective|p1a: Ting-Lu
|-damage|p1a: Ting-Lu|45/100 tox
|-heal|p2a: Okidogi|84/100|[from] drain|[of] p1a: Ting-Lu
|move|p1a: Ting-Lu|Spikes|p2a: Okidogi
|-sidestart|p2: J.Dimmadome Vance|Spikes
|
|-heal|p2a: Okidogi|90/100|[from] item: Leftovers
|-damage|p1a: Ting-Lu|33/100 tox|[from] psn
|upkeep
|turn|3
|
|t:|1760460589
|switch|p1a: Clefable|Clefable, F|100/100
|move|p2a: Okidogi|Knock Off|p1a: Clefable
|-resisted|p1a: Clefable
|-damage|p1a: Clefable|88/100
|-damage|p2a: Okidogi|73/100|[from] item: Rocky Helmet|[of] p1a: Clefable
|-status|p1a: Clefable|tox|[from] ability: Toxic Chain|[of] p2a: Okidogi
|-enditem|p1a: Clefable|Rocky Helmet|[from] move: Knock Off|[of] p2a: Okidogi
|
|-heal|p2a: Okidogi|79/100|[from] item: Leftovers
|upkeep
|turn|4
|
|t:|1760460598
|move|p2a: Okidogi|Gunk Shot|p1a: Clefable
|-supereffective|p1a: Clefable
|-damage|p1a: Clefable|0 fnt
|faint|p1a: Clefable
|
|-heal|p2a: Okidogi|85/100|[from] item: Leftovers
|upkeep
|
|t:|1760460606
|switch|p1a: Deoxys|Deoxys-Speed|100/100
|-ability|p1a: Deoxys|Pressure
|turn|5
|
|t:|1760460609
|-terastallize|p2a: Okidogi|Fairy
|move|p1a: Deoxys|Nasty Plot|p1a: Deoxys
|-boost|p1a: Deoxys|spa|2
|move|p2a: Okidogi|Knock Off|p1a: Deoxys
|-supereffective|p1a: Deoxys
|-damage|p1a: Deoxys|1/100
|-status|p1a: Deoxys|tox|[from] ability: Toxic Chain|[of] p2a: Okidogi
|-enditem|p1a: Deoxys|Heavy-Duty Boots|[from] move: Knock Off|[of] p2a: Okidogi
|
|-heal|p2a: Okidogi|91/100|[from] item: Leftovers
|-damage|p1a: Deoxys|0 fnt|[from] psn
|faint|p1a: Deoxys
|upkeep
|
|t:|1760460617
|switch|p1a: Gholdengo|Gholdengo|100/100
|-item|p1a: Gholdengo|Air Balloon
|turn|6
|
|t:|1760460627
|switch|p2a: Goodra|Goodra-Hisui, F, shiny|100/100
|-damage|p2a: Goodra|88/100|[from] Spikes
|move|p1a: Gholdengo|Make It Rain|p2a: Goodra
|-resisted|p2a: Goodra
|-damage|p2a: Goodra|76/100
|-unboost|p1a: Gholdengo|spa|1
|
|upkeep
|turn|7
|
|t:|1760460635
|switch|p1a: Ting-Lu|Ting-Lu|33/100 tox
|-ability|p1a: Ting-Lu|Vessel of Ruin
|move|p2a: Goodra|Fire Blast|p1a: Ting-Lu
|-damage|p1a: Ting-Lu|17/100 tox
|
|-damage|p1a: Ting-Lu|11/100 tox|[from] psn
|upkeep
|turn|8
|
|t:|1760460644
|switch|p2a: Landorus|Landorus-Therian, M|100/100
|-ability|p2a: Landorus|Intimidate|boost
|-unboost|p1a: Ting-Lu|atk|1
|move|p1a: Ting-Lu|Spikes|p2a: Landorus
|-sidestart|p2: J.Dimmadome Vance|Spikes
|
|-damage|p1a: Ting-Lu|0 fnt|[from] psn
|faint|p1a: Ting-Lu
|upkeep
|
|t:|1760460650
|switch|p1a: Gholdengo|Gholdengo|100/100
|-item|p1a: Gholdengo|Air Balloon
|turn|9
|
|t:|1760460657
|move|p2a: Landorus|U-turn|p1a: Gholdengo
|-resisted|p1a: Gholdengo
|-damage|p1a: Gholdengo|95/100
|-enditem|p1a: Gholdengo|Air Balloon
|
|t:|1760460661
|switch|p2a: Goodra|Goodra-Hisui, F, shiny|76/100|[from] U-turn
|-damage|p2a: Goodra|60/100|[from] Spikes
|move|p1a: Gholdengo|Shadow Ball|p2a: Goodra
|-damage|p2a: Goodra|43/100
|
|upkeep
|turn|10
|
|t:|1760460672
|move|p1a: Gholdengo|Nasty Plot|p1a: Gholdengo
|-boost|p1a: Gholdengo|spa|2
|move|p2a: Goodra|Fire Blast|p1a: Gholdengo
|-supereffective|p1a: Gholdengo
|-damage|p1a: Gholdengo|29/100
|
|upkeep
|turn|11
|
|t:|1760460680
|move|p1a: Gholdengo|Recover|p1a: Gholdengo
|-heal|p1a: Gholdengo|79/100
|move|p2a: Goodra|Fire Blast|p1a: Gholdengo|[miss]
|-miss|p2a: Goodra|p1a: Gholdengo
|
|upkeep
|turn|12
|
|t:|1760460686
|move|p1a: Gholdengo|Shadow Ball|p2a: Goodra
|-damage|p2a: Goodra|9/100
|move|p2a: Goodra|Fire Blast|p1a: Gholdengo
|-supereffective|p1a: Gholdengo
|-damage|p1a: Gholdengo|17/100
|
|upkeep
|turn|13
|
|t:|1760460692
|move|p1a: Gholdengo|Recover|p1a: Gholdengo
|-heal|p1a: Gholdengo|67/100
|move|p2a: Goodra|Fire Blast|p1a: Gholdengo
|-supereffective|p1a: Gholdengo
|-damage|p1a: Gholdengo|3/100
|
|upkeep
|turn|14
|
|t:|1760460700
|move|p1a: Gholdengo|Shadow Ball|p2a: Goodra
|-damage|p2a: Goodra|0 fnt
|faint|p2a: Goodra
|
|upkeep
|
|t:|1760460705
|switch|p2a: Cinderace|Cinderace, F, shiny|100/100
|turn|15
|
|t:|1760460710
|move|p2a: Cinderace|U-turn|p1a: Gholdengo
|-start|p2a: Cinderace|typechange|Bug|[from] ability: Libero
|-resisted|p1a: Gholdengo
|-damage|p1a: Gholdengo|0 fnt
|faint|p1a: Gholdengo
|
|t:|1760460724
|switch|p2a: Latios|Latios, M, shiny|100/100|[from] U-turn
|
|upkeep
|
|t:|1760460727
|switch|p1a: Dragonite|Dragonite, M|100/100
|turn|16
|
|t:|1760460732
|move|p2a: Latios|Future Sight|p1a: Dragonite
|-start|p2a: Latios|move: Future Sight
|move|p1a: Dragonite|Dragon Tail|p2a: Latios
|-supereffective|p2a: Latios
|-damage|p2a: Latios|1/100
|drag|p2a: Landorus|Landorus-Therian, M|100/100
|-ability|p2a: Landorus|Intimidate|boost
|-unboost|p1a: Dragonite|atk|1
|
|upkeep
|turn|17
|
|t:|1760460743
|move|p2a: Landorus|Stone Edge|p1a: Dragonite
|-supereffective|p1a: Dragonite
|-damage|p1a: Dragonite|63/100
|move|p1a: Dragonite|Dragon Tail|p2a: Landorus|[miss]
|-miss|p1a: Dragonite|p2a: Landorus
|
|upkeep
|turn|18
|
|t:|1760460751
|switch|p1a: Zamazenta|Zamazenta|100/100
|-ability|p1a: Zamazenta|Dauntless Shield|boost
|-boost|p1a: Zamazenta|def|1
|move|p2a: Landorus|Stone Edge|p1a: Zamazenta
|-resisted|p1a: Zamazenta
|-crit|p1a: Zamazenta
|-damage|p1a: Zamazenta|74/100
|
|-end|p1a: Zamazenta|move: Future Sight
|-supereffective|p1a: Zamazenta
|-damage|p1a: Zamazenta|0 fnt
|faint|p1a: Zamazenta
|upkeep
|
|t:|1760460760
|switch|p1a: Dragonite|Dragonite, M|63/100
|turn|19
|-message|master ball rus forfeited.
|
|win|J.Dimmadome Vance
|raw|master ball rus's rating: 1583 &rarr; <strong>1562</strong><br />(-21 for losing)
|raw|J.Dimmadome Vance's rating: 1557 &rarr; <strong>1578</strong><br />(+21 for winning)
|l|☆master ball rus
|player|p1|
