|j|☆depecos
|j|☆ineverhaxed
|t:|1760461718
|gametype|singles
|player|p1|depecos|265|1411
|player|p2|ineverhaxed|102|1406
|gen|9
|tier|[Gen 9] OU
|rated|
|rule|HP Percentage Mod: HP is shown in percentages
|rule|Endless Battle Clause: Forcing endless battles is banned
|rule|Species Clause: Limit one of each Pokémon
|rule|OHKO Clause: OHKO moves are banned
|rule|Evasion Items Clause: Evasion items are banned
|rule|Evasion Moves Clause: Evasion moves are banned
|rule|Evasion Abilities Clause: Evasion abilities are banned
|rule|Sleep Moves Clause: Sleep-inducing moves are banned
|clearpoke
|poke|p1|Enamorus-Therian, F|
|poke|p1|Great Tusk|
|poke|p1|Hawlucha, M|
|poke|p1|Iron Hands|
|poke|p1|Rillaboom, F|
|poke|p1|Heatran, F|
|poke|p2|Electrode-Hisui|
|poke|p2|Cloyster, M|
|poke|p2|Blissey, F|
|poke|p2|Darkrai|
|poke|p2|Cinderace, M|
|poke|p2|Lokix, M|
|teampreview
|inactive|Battle timer is ON: inactive players will automatically lose when time's up. (requested by depecos)
|
|t:|1760461729
|teamsize|p1|6
|teamsize|p2|6
|start
|switch|p1a: Rillaboom|Rillaboom, F|100/100
|switch|p2a: Cinderace|Cinderace, M|100/100
|-fieldstart|move: Grassy Terrain|[from] ability: Grassy Surge|[of] p1a: Rillaboom
|turn|1
|inactive|depecos has 120 seconds left.
|
|t:|1760461769
|switch|p1a: Heatran|Heatran, F|100/100
|move|p2a: Cinderace|Will-O-Wisp|p1a: Heatran
|-start|p1a: Heatran|ability: Flash Fire
|
|upkeep
|turn|2
|
|t:|1760461777
|switch|p2a: Darkrai|Darkrai|100/100
|move|p1a: Heatran|Stealth Rock|p2a: Darkrai
|-sidestart|p2: ineverhaxed|move: Stealth Rock
|
|upkeep
|turn|3
|
|t:|1760461782
|move|p2a: Darkrai|Trick|p1a: Heatran
|-activate|p2a: Darkrai|move: Trick|[of] p1a: Heatran
|-item|p1a: Heatran|Choice Scarf|[from] move: Trick
|-item|p2a: Darkrai|Leftovers|[from] move: Trick
|move|p1a: Heatran|Magma Storm|p2a: Darkrai
|-damage|p2a: Darkrai|8/100
|-activate|p2a: Darkrai|move: Magma Storm|[of] p1a: Heatran
|
|-heal|p2a: Darkrai|14/100|[from] Grassy Terrain
|-heal|p2a: Darkrai|20/100|[from] item: Leftovers
|-damage|p2a: Darkrai|7/100|[from] move: Magma Storm|[partiallytrapped]
|upkeep
|turn|4
|
|t:|1760461789
|move|p2a: Darkrai|Dark Pulse|p1a: Heatran
|-damage|p1a: Heatran|69/100
|cant|p1a: Heatran|flinch
|
|-heal|p2a: Darkrai|13/100|[from] Grassy Terrain
|-heal|p2a: Darkrai|19/100|[from] item: Leftovers
|-heal|p1a: Heatran|76/100|[from] Grassy Terrain
|-damage|p2a: Darkrai|7/100|[from] move: Magma Storm|[partiallytrapped]
|upkeep
|turn|5
|
|t:|1760461793
|move|p2a: Darkrai|Dark Pulse|p1a: Heatran
|-damage|p1a: Heatran|42/100
|move|p1a: Heatran|Magma Storm|p2a: Darkrai
|-damage|p2a: Darkrai|0 fnt
|faint|p2a: Darkrai
|
|-heal|p1a: Heatran|48/100|[from] Grassy Terrain
|upkeep
|
|t:|1760461798
|switch|p2a: Cinderace|Cinderace, M|100/100
|-damage|p2a: Cinderace|76/100|[from] Stealth Rock
|turn|6
|
|t:|1760461800
|move|p2a: Cinderace|Court Change|p2a: Cinderace
|-start|p2a: Cinderace|typechange|Normal|[from] ability: Libero
|-swapsideconditions
|-activate|p2a: Cinderace|move: Court Change
|move|p1a: Heatran|Magma Storm|p2a: Cinderace
|-damage|p2a: Cinderace|0 fnt
|faint|p2a: Cinderace
|
|-heal|p1a: Heatran|55/100|[from] Grassy Terrain
|upkeep
|
|t:|1760461808
|switch|p2a: Blissey|Blissey, F|100/100
|turn|7
|
|t:|1760461813
|move|p1a: Heatran|Magma Storm|p2a: Blissey
|-damage|p2a: Blissey|75/100
|-activate|p2a: Blissey|move: Magma Storm|[of] p1a: Heatran
|move|p2a: Blissey|Ice Beam|p1a: Heatran
|-resisted|p1a: Heatran
|-damage|p1a: Heatran|51/100
|-status|p1a: Heatran|frz
|
|-heal|p1a: Heatran|57/100 frz|[from] Grassy Terrain
|-heal|p2a: Blissey|81/100|[from] Grassy Terrain
|-heal|p2a: Blissey|87/100|[from] item: Leftovers
|-damage|p2a: Blissey|75/100|[from] move: Magma Storm|[partiallytrapped]
|upkeep
|turn|8
|
|t:|1760461819
|-end|p1a: Heatran|ability: Flash Fire|[silent]
|switch|p1a: Iron Hands|Iron Hands|100/100
|-damage|p1a: Iron Hands|94/100|[from] Stealth Rock
|-enditem|p1a: Iron Hands|Grassy Seed
|-boost|p1a: Iron Hands|def|1|[from] item: Grassy Seed
|move|p2a: Blissey|Ice Beam|p1a: Iron Hands
|-damage|p1a: Iron Hands|75/100
|
|-heal|p1a: Iron Hands|81/100|[from] Grassy Terrain
|-heal|p2a: Blissey|81/100|[from] Grassy Terrain
|-heal|p2a: Blissey|87/100|[from] item: Leftovers
|-end|p2a: Blissey|Magma Storm|[partiallytrapped]|[silent]
|-fieldend|move: Grassy Terrain
|upkeep
|turn|9
|
|t:|1760461823
|move|p1a: Iron Hands|Swords Dance|p1a: Iron Hands
|-boost|p1a: Iron Hands|atk|2
|move|p2a: Blissey|Ice Beam|p1a: Iron Hands
|-damage|p1a: Iron Hands|62/100
|
|-heal|p2a: Blissey|93/100|[from] item: Leftovers
|upkeep
|turn|10
|
|t:|1760461828
|move|p1a: Iron Hands|Drain Punch|p2a: Blissey
|-supereffective|p2a: Blissey
|-damage|p2a: Blissey|0 fnt
|-heal|p1a: Iron Hands|100/100|[from] drain|[of] p2a: Blissey
|faint|p2a: Blissey
|
|upkeep
|
|t:|1760461834
|switch|p2a: Electrode|Electrode-Hisui|100/100
|turn|11
|
|t:|1760461841
|move|p2a: Electrode|Energy Ball|p1a: Iron Hands
|-damage|p1a: Iron Hands|48/100
|move|p1a: Iron Hands|Drain Punch|p2a: Electrode
|-damage|p2a: Electrode|0 fnt
|-heal|p1a: Iron Hands|78/100|[from] drain|[of] p2a: Electrode
|faint|p2a: Electrode
|
|upkeep
|
|t:|1760461849
|switch|p2a: Cloyster|Cloyster, M|100/100
|turn|12
|
|t:|1760461853
|-terastallize|p2a: Cloyster|Ghost
|move|p2a: Cloyster|Shell Smash|p2a: Cloyster
|-unboost|p2a: Cloyster|def|1
|-unboost|p2a: Cloyster|spd|1
|-boost|p2a: Cloyster|atk|2
|-boost|p2a: Cloyster|spa|2
|-boost|p2a: Cloyster|spe|2
|move|p1a: Iron Hands|Drain Punch|p2a: Cloyster
|-immune|p2a: Cloyster
|
|upkeep
|turn|13
|
|t:|1760461859
|move|p2a: Cloyster|Shell Smash|p2a: Cloyster
|-unboost|p2a: Cloyster|def|1
|-unboost|p2a: Cloyster|spd|1
|-boost|p2a: Cloyster|atk|2
|-boost|p2a: Cloyster|spa|2
|-boost|p2a: Cloyster|spe|2
|move|p1a: Iron Hands|Thunder Punch|p2a: Cloyster
|-enditem|p2a: Cloyster|Focus Sash
|-damage|p2a: Cloyster|1/100
|
|upkeep
|turn|14
|
|t:|1760461865
|move|p2a: Cloyster|Icicle Spear|p1a: Iron Hands
|-damage|p1a: Iron Hands|61/100
|-damage|p1a: Iron Hands|46/100
|-damage|p1a: Iron Hands|29/100
|-damage|p1a: Iron Hands|13/100
|-damage|p1a: Iron Hands|0 fnt
|faint|p1a: Iron Hands
|-end|p1a: Iron Hands|Quark Drive|[silent]
|-hitcount|p1: Iron Hands|5
|
|upkeep
|
|t:|1760461868
|switch|p1a: Rillaboom|Rillaboom, F|100/100
|-damage|p1a: Rillaboom|88/100|[from] Stealth Rock
|-fieldstart|move: Grassy Terrain|[from] ability: Grassy Surge|[of] p1a: Rillaboom
|turn|15
|
|t:|1760461874
|move|p2a: Cloyster|Ice Shard|p1a: Rillaboom
|-supereffective|p1a: Rillaboom
|-damage|p1a: Rillaboom|0 fnt
|faint|p1a: Rillaboom
|
|-heal|p2a: Cloyster|7/100|[from] Grassy Terrain
|upkeep
|
|t:|1760461882
|switch|p1a: Great Tusk|Great Tusk|100/100
|turn|16
|
|t:|1760461887
|-terastallize|p1a: Great Tusk|Steel
|move|p2a: Cloyster|Icicle Spear|p1a: Great Tusk
|-resisted|p1a: Great Tusk
|-damage|p1a: Great Tusk|88/100
|-resisted|p1a: Great Tusk
|-damage|p1a: Great Tusk|76/100
|-resisted|p1a: Great Tusk
|-damage|p1a: Great Tusk|64/100
|-resisted|p1a: Great Tusk
|-damage|p1a: Great Tusk|53/100
|-resisted|p1a: Great Tusk
|-damage|p1a: Great Tusk|40/100
|-hitcount|p1a: Great Tusk|5
|move|p1a: Great Tusk|Headlong Rush|p2a: Cloyster
|-damage|p2a: Cloyster|0 fnt
|-unboost|p1a: Great Tusk|def|1
|-unboost|p1a: Great Tusk|spd|1
|faint|p2a: Cloyster
|
|-heal|p1a: Great Tusk|46/100|[from] Grassy Terrain
|upkeep
|-message|ineverhaxed forfeited.
|
|win|depecos
|raw|depecos's rating: 1411 &rarr; <strong>1431</strong><br />(+20 for winning)
|raw|ineverhaxed's rating: 1406 &rarr; <strong>1386</strong><br />(-20 for losing)
|l|☆ineverhaxed
|player|p2|
|l|☆depecos
|player|p1|
