|j|☆Destro303
|j|☆grandmaster778
|t:|1760328620
|gametype|singles
|player|p1|Destro303|grimsley|1465
|player|p2|grandmaster778|265|1368
|gen|9
|tier|[Gen 9] OU
|rated|
|rule|HP Percentage Mod: HP is shown in percentages
|rule|Endless Battle Clause: Forcing endless battles is banned
|rule|Species Clause: Limit one of each Pokémon
|rule|OHKO Clause: OHKO moves are banned
|rule|Evasion Items Clause: Evasion items are banned
|rule|Evasion Moves Clause: Evasion moves are banned
|rule|Evasion Abilities Clause: Evasion abilities are banned
|rule|Sleep Moves Clause: Sleep-inducing moves are banned
|clearpoke
|poke|p1|Great Tusk|
|poke|p1|Slowking-Galar, M|
|poke|p1|Corviknight, M|
|poke|p1|Cinderace, M|
|poke|p1|Raging Bolt|
|poke|p1|Meowscarada, M|
|poke|p2|Arcanine-Hisui, M|
|poke|p2|Rillaboom, F|
|poke|p2|Kingambit, F|
|poke|p2|Great Tusk|
|poke|p2|Zapdos|
|poke|p2|Iron Boulder|
|teampreview
|inactive|Battle timer is ON: inactive players will automatically lose when time's up. (requested by Destro303)
|
|t:|1760328635
|teamsize|p1|6
|teamsize|p2|6
|start
|switch|p1a: Raging Bolt|Raging Bolt|100/100
|switch|p2a: Zapdos|Zapdos|100/100
|turn|1
|
|t:|1760328645
|switch|p2a: Great Tusk|Great Tusk|100/100
|move|p1a: Raging Bolt|Volt Switch|p2a: Great Tusk
|-immune|p2a: Great Tusk
|
|upkeep
|turn|2
|
|t:|1760328652
|-end|p1a: Raging Bolt|Protosynthesis|[silent]
|switch|p1a: Corviknight|Corviknight, M|100/100
|-ability|p1a: Corviknight|Pressure
|move|p2a: Great Tusk|Headlong Rush|p1a: Corviknight
|-immune|p1a: Corviknight
|
|upkeep
|turn|3
|
|t:|1760328663
|-end|p2a: Great Tusk|Protosynthesis|[silent]
|switch|p2a: Zapdos|Zapdos|100/100
|move|p1a: Corviknight|Iron Defense|p1a: Corviknight
|-boost|p1a: Corviknight|def|2
|
|upkeep
|turn|4
|
|t:|1760328673
|switch|p1a: Slowking|Slowking-Galar, M|100/100
|move|p2a: Zapdos|Volt Switch|p1a: Slowking
|-damage|p1a: Slowking|85/100
|
|t:|1760328677
|switch|p2a: Rillaboom|Rillaboom, F|100/100|[from] Volt Switch
|-fieldstart|move: Grassy Terrain|[from] ability: Grassy Surge|[of] p2a: Rillaboom
|
|-heal|p1a: Slowking|91/100|[from] Grassy Terrain
|upkeep
|turn|5
|
|t:|1760328685
|move|p2a: Rillaboom|Knock Off|p1a: Slowking
|-supereffective|p1a: Slowking
|-damage|p1a: Slowking|15/100
|-enditem|p1a: Slowking|Assault Vest|[from] move: Knock Off|[of] p2a: Rillaboom
|move|p1a: Slowking|Sludge Bomb|p2a: Rillaboom
|-supereffective|p2a: Rillaboom
|-damage|p2a: Rillaboom|7/100
|
|-heal|p2a: Rillaboom|13/100|[from] Grassy Terrain
|-heal|p1a: Slowking|21/100|[from] Grassy Terrain
|upkeep
|turn|6
|
|t:|1760328695
|switch|p1a: Corviknight|Corviknight, M|100/100
|-ability|p1a: Corviknight|Pressure
|move|p2a: Rillaboom|Knock Off|p1a: Corviknight
|-damage|p1a: Corviknight|62/100
|-damage|p2a: Rillaboom|0 fnt|[from] item: Rocky Helmet|[of] p1a: Corviknight
|faint|p2a: Rillaboom
|
|upkeep
|
|t:|1760328709
|switch|p2a: Zapdos|Zapdos|100/100
|turn|7
|
|t:|1760328715
|move|p2a: Zapdos|Volt Switch|p1a: Corviknight
|-supereffective|p1a: Corviknight
|-damage|p1a: Corviknight|10/100
|inactive|grandmaster778 has 120 seconds left.
|
|t:|1760328753
|switch|p2a: Arcanine|Arcanine-Hisui, M|100/100|[from] Volt Switch
|move|p1a: Corviknight|Roost|p1a: Corviknight
|-heal|p1a: Corviknight|60/100
|-singleturn|p1a: Corviknight|move: Roost
|
|-heal|p1a: Corviknight|66/100|[from] Grassy Terrain
|upkeep
|turn|8
|
|t:|1760328765
|switch|p1a: Great Tusk|Great Tusk|100/100
|move|p2a: Arcanine|Flare Blitz|p1a: Great Tusk
|-damage|p1a: Great Tusk|35/100
|-damage|p2a: Arcanine|84/100|[from] item: Rocky Helmet|[of] p1a: Great Tusk
|
|-heal|p2a: Arcanine|90/100|[from] Grassy Terrain
|-heal|p1a: Great Tusk|41/100|[from] Grassy Terrain
|-fieldend|move: Grassy Terrain
|upkeep
|turn|9
|
|t:|1760328777
|move|p2a: Arcanine|Flare Blitz|p1a: Great Tusk
|-damage|p1a: Great Tusk|0 fnt
|-damage|p2a: Arcanine|73/100|[from] item: Rocky Helmet|[of] p1a: Great Tusk
|faint|p1a: Great Tusk
|-end|p1a: Great Tusk|Protosynthesis|[silent]
|
|upkeep
|
|t:|1760328792
|switch|p1a: Cinderace|Cinderace, M|100/100
|turn|10
|
|t:|1760328818
|switch|p2a: Zapdos|Zapdos|100/100
|move|p1a: Cinderace|Low Kick|p2a: Zapdos
|-start|p1a: Cinderace|typechange|Fighting|[from] ability: Libero
|-resisted|p2a: Zapdos
|-damage|p2a: Zapdos|86/100
|-status|p1a: Cinderace|par|[from] ability: Static|[of] p2a: Zapdos
|
|upkeep
|turn|11
|
|t:|1760328829
|switch|p1a: Slowking|Slowking-Galar, M|55/100
|move|p2a: Zapdos|Volt Switch|p1a: Slowking
|-damage|p1a: Slowking|32/100
|
|t:|1760328835
|switch|p2a: Arcanine|Arcanine-Hisui, M|73/100|[from] Volt Switch
|
|upkeep
|turn|12
|
|t:|1760328845
|move|p2a: Arcanine|Flare Blitz|p1a: Slowking
|-crit|p1a: Slowking
|-damage|p1a: Slowking|0 fnt
|faint|p1a: Slowking
|
|upkeep
|l|☆Destro303
|inactive|Destro303 disconnected and has a minute to reconnect!
|player|p1|
|j|☆Destro303
|inactive|Destro303 reconnected and has 125 seconds left.
|player|p1|Destro303|grimsley|
|
|t:|1760328868
|switch|p1a: Meowscarada|Meowscarada, M|100/100
|turn|13
|
|t:|1760328884
|move|p1a: Meowscarada|Flower Trick|p2a: Arcanine
|-start|p1a: Meowscarada|typechange|Grass|[from] ability: Protean
|-crit|p2a: Arcanine
|-damage|p2a: Arcanine|8/100
|move|p2a: Arcanine|Flare Blitz|p1a: Meowscarada
|-supereffective|p1a: Meowscarada
|-damage|p1a: Meowscarada|0 fnt
|faint|p1a: Meowscarada
|
|upkeep
|
|t:|1760328895
|switch|p1a: Cinderace|Cinderace, M|100/100 par
|turn|14
|
|t:|1760328912
|switch|p2a: Zapdos|Zapdos|86/100
|move|p1a: Cinderace|Pyro Ball|p2a: Zapdos
|-damage|p2a: Zapdos|44/100
|-status|p2a: Zapdos|brn
|
|-damage|p2a: Zapdos|38/100 brn|[from] brn
|upkeep
|turn|15
|
|t:|1760328923
|move|p2a: Zapdos|Hurricane|p1a: Cinderace|[miss]
|-miss|p2a: Zapdos|p1a: Cinderace
|move|p1a: Cinderace|Pyro Ball|p2a: Zapdos
|-damage|p2a: Zapdos|0 fnt
|faint|p2a: Zapdos
|
|upkeep
|
|t:|1760328931
|switch|p2a: Great Tusk|Great Tusk|100/100
|turn|16
|
|t:|1760328936
|switch|p1a: Corviknight|Corviknight, M|66/100
|-ability|p1a: Corviknight|Pressure
|move|p2a: Great Tusk|Headlong Rush|p1a: Corviknight
|-immune|p1a: Corviknight
|
|upkeep
|turn|17
|
|t:|1760328946
|move|p2a: Great Tusk|Stealth Rock|p1a: Corviknight
|-sidestart|p1: Destro303|move: Stealth Rock
|move|p1a: Corviknight|Iron Defense|p1a: Corviknight
|-boost|p1a: Corviknight|def|2
|
|upkeep
|turn|18
|
|t:|1760328953
|-end|p2a: Great Tusk|Protosynthesis|[silent]
|switch|p2a: Arcanine|Arcanine-Hisui, M|8/100
|move|p1a: Corviknight|Roost|p1a: Corviknight
|-heal|p1a: Corviknight|100/100
|-singleturn|p1a: Corviknight|move: Roost
|
|upkeep
|turn|19
|
|t:|1760328962
|move|p2a: Arcanine|Flare Blitz|p1a: Corviknight
|-supereffective|p1a: Corviknight
|-damage|p1a: Corviknight|43/100
|-damage|p2a: Arcanine|0 fnt|[from] item: Rocky Helmet|[of] p1a: Corviknight
|faint|p2a: Arcanine
|move|p1a: Corviknight|Body Press|p2: Arcanine|[notarget]
|-fail|p1a: Corviknight
|
|upkeep
|
|t:|1760328972
|switch|p2a: Kingambit|Kingambit, F|100/100
|-activate|p2a: Kingambit|ability: Supreme Overlord
|-start|p2a: Kingambit|fallen3|[silent]
|turn|20
|
|t:|1760328976
|-terastallize|p2a: Kingambit|Ghost
|move|p2a: Kingambit|Swords Dance|p2a: Kingambit
|-boost|p2a: Kingambit|atk|2
|move|p1a: Corviknight|Roost|p1a: Corviknight
|-heal|p1a: Corviknight|93/100
|-singleturn|p1a: Corviknight|move: Roost
|
|upkeep
|turn|21
|
|t:|1760328986
|move|p2a: Kingambit|Swords Dance|p2a: Kingambit
|-boost|p2a: Kingambit|atk|2
|move|p1a: Corviknight|Iron Defense|p1a: Corviknight
|-boost|p1a: Corviknight|def|2
|
|upkeep
|turn|22
|
|t:|1760328996
|move|p2a: Kingambit|Swords Dance|p2a: Kingambit
|-boost|p2a: Kingambit|atk|2
|move|p1a: Corviknight|Iron Defense|p1a: Corviknight
|-boost|p1a: Corviknight|def|2
|
|upkeep
|turn|23
|
|t:|1760329003
|move|p2a: Kingambit|Kowtow Cleave|p1a: Corviknight
|-damage|p1a: Corviknight|53/100
|-damage|p2a: Kingambit|84/100|[from] item: Rocky Helmet|[of] p1a: Corviknight
|move|p1a: Corviknight|U-turn|p2a: Kingambit
|-resisted|p2a: Kingambit
|-damage|p2a: Kingambit|78/100
|
|t:|1760329009
|switch|p1a: Raging Bolt|Raging Bolt|100/100|[from] U-turn
|-damage|p1a: Raging Bolt|88/100|[from] Stealth Rock
|
|-heal|p2a: Kingambit|84/100|[from] item: Leftovers
|upkeep
|turn|24
|
|t:|1760329017
|-terastallize|p1a: Raging Bolt|Fairy
|move|p1a: Raging Bolt|Draco Meteor|p2a: Kingambit
|-damage|p2a: Kingambit|0 fnt
|-unboost|p1a: Raging Bolt|spa|2
|faint|p2a: Kingambit
|-end|p2a: Kingambit|fallen3|[silent]
|
|upkeep
|
|t:|1760329029
|switch|p2a: Iron Boulder|Iron Boulder|100/100
|-enditem|p2a: Iron Boulder|Booster Energy
|-activate|p2a: Iron Boulder|ability: Quark Drive|[fromitem]
|-start|p2a: Iron Boulder|quarkdrivespe
|turn|25
|
|t:|1760329036
|-end|p1a: Raging Bolt|Protosynthesis|[silent]
|switch|p1a: Cinderace|Cinderace, M|100/100 par
|move|p2a: Iron Boulder|Swords Dance|p2a: Iron Boulder
|-boost|p2a: Iron Boulder|atk|2
|
|upkeep
|turn|26
|
|t:|1760329046
|move|p1a: Cinderace|Sucker Punch|p2a: Iron Boulder
|-start|p1a: Cinderace|typechange|Dark|[from] ability: Libero
|-supereffective|p2a: Iron Boulder
|-damage|p2a: Iron Boulder|5/100
|move|p2a: Iron Boulder|Mighty Cleave|p1a: Cinderace
|-damage|p1a: Cinderace|0 fnt
|faint|p1a: Cinderace
|
|upkeep
|
|t:|1760329058
|switch|p1a: Raging Bolt|Raging Bolt, tera:Fairy|88/100
|-damage|p1a: Raging Bolt|76/100|[from] Stealth Rock
|turn|27
|
|t:|1760329067
|move|p1a: Raging Bolt|Thunderclap||[still]
|-fail|p1a: Raging Bolt
|move|p2a: Iron Boulder|Swords Dance|p2a: Iron Boulder
|-boost|p2a: Iron Boulder|atk|2
|
|upkeep
|turn|28
|
|t:|1760329076
|move|p1a: Raging Bolt|Thunderclap||[still]
|-fail|p1a: Raging Bolt
|move|p2a: Iron Boulder|Swords Dance|p2a: Iron Boulder
|-boost|p2a: Iron Boulder|atk|2
|
|upkeep
|turn|29
|
|t:|1760329086
|-end|p1a: Raging Bolt|Protosynthesis|[silent]
|switch|p1a: Corviknight|Corviknight, M|53/100
|-damage|p1a: Corviknight|41/100|[from] Stealth Rock
|-ability|p1a: Corviknight|Pressure
|move|p2a: Iron Boulder|Swords Dance|p2a: Iron Boulder
|-boost|p2a: Iron Boulder|atk|0
|
|upkeep
|turn|30
|inactive|grandmaster778 has 120 seconds left.
|
|t:|1760329145
|move|p2a: Iron Boulder|Psycho Cut|p1a: Corviknight
|-resisted|p1a: Corviknight
|-damage|p1a: Corviknight|0 fnt
|faint|p1a: Corviknight
|
|upkeep
|-message|Destro303 forfeited.
|
|win|grandmaster778
|raw|Destro303's rating: 1465 &rarr; <strong>1440</strong><br />(-25 for losing)
|raw|grandmaster778's rating: 1368 &rarr; <strong>1393</strong><br />(+25 for winning)
|l|☆Destro303
|player|p1|
