|j|☆V-Card Bandit
|j|☆AEFAA2
|t:|1760316369
|gametype|singles
|player|p1|V-Card Bandit|mars|1364
|player|p2|AEFAA2|scientist-gen4dp|1294
|gen|9
|tier|[Gen 9] OU
|rated|
|rule|HP Percentage Mod: HP is shown in percentages
|rule|Endless Battle Clause: Forcing endless battles is banned
|rule|Species Clause: Limit one of each Pokémon
|rule|OHKO Clause: OHKO moves are banned
|rule|Evasion Items Clause: Evasion items are banned
|rule|Evasion Moves Clause: Evasion moves are banned
|rule|Evasion Abilities Clause: Evasion abilities are banned
|rule|Sleep Moves Clause: Sleep-inducing moves are banned
|clearpoke
|poke|p1|Kingambit, F|
|poke|p1|Cinderace, F|
|poke|p1|Landorus-Therian, M|
|poke|p1|Iron Valiant|
|poke|p1|Kyurem|
|poke|p1|Slowking-Galar, M|
|poke|p2|Torkoal, F|
|poke|p2|Goodra-Hisui, M|
|poke|p2|Great Tusk|
|poke|p2|Scovillain, M|
|poke|p2|Ninetales, M|
|poke|p2|Walking Wake|
|teampreview
|inactive|Battle timer is ON: inactive players will automatically lose when time's up. (requested by V-Card Bandit)
|
|t:|1760316381
|teamsize|p1|6
|teamsize|p2|6
|start
|switch|p1a: Landorus|Landorus-Therian, M|100/100
|switch|p2a: Great Tusk|Great Tusk|100/100
|-ability|p1a: Landorus|Intimidate|boost
|-unboost|p2a: Great Tusk|atk|1
|turn|1
|
|t:|1760316391
|move|p1a: Landorus|U-turn|p2a: Great Tusk
|-resisted|p2a: Great Tusk
|-damage|p2a: Great Tusk|92/100
|
|t:|1760316397
|switch|p1a: Kyurem|Kyurem|100/100|[from] U-turn
|-ability|p1a: Kyurem|Pressure
|move|p2a: Great Tusk|Ice Spinner|p1a: Kyurem
|-crit|p1a: Kyurem
|-damage|p1a: Kyurem|47/100
|
|-heal|p1a: Kyurem|53/100|[from] item: Leftovers
|upkeep
|turn|2
|
|t:|1760316412
|-end|p2a: Great Tusk|Protosynthesis|[silent]
|switch|p2a: Goodra|Goodra-Hisui, M|100/100
|move|p1a: Kyurem|Protect||[still]
|-fail|p1a: Kyurem
|
|-heal|p1a: Kyurem|60/100|[from] item: Leftovers
|upkeep
|turn|3
|
|t:|1760316421
|switch|p1a: Landorus|Landorus-Therian, M|100/100
|-ability|p1a: Landorus|Intimidate|boost
|-unboost|p2a: Goodra|atk|1
|move|p2a: Goodra|Flash Cannon|p1a: Landorus
|-damage|p1a: Landorus|58/100
|
|upkeep
|turn|4
|
|t:|1760316440
|switch|p2a: Torkoal|Torkoal, F|100/100
|-weather|SunnyDay|[from] ability: Drought|[of] p2a: Torkoal
|move|p1a: Landorus|Earthquake|p2a: Torkoal
|-supereffective|p2a: Torkoal
|-damage|p2a: Torkoal|50/100
|
|-weather|SunnyDay|[upkeep]
|upkeep
|turn|5
|inactive|AEFAA2 has 120 seconds left.
|
|t:|1760316479
|move|p1a: Landorus|Earthquake|p2a: Torkoal
|-supereffective|p2a: Torkoal
|-damage|p2a: Torkoal|0 fnt
|faint|p2a: Torkoal
|
|-weather|SunnyDay|[upkeep]
|upkeep
|
|t:|1760316486
|switch|p2a: Walking Wake|Walking Wake|100/100
|-activate|p2a: Walking Wake|ability: Protosynthesis
|-start|p2a: Walking Wake|protosynthesisspe
|turn|6
|
|t:|1760316496
|switch|p1a: Slowking|Slowking-Galar, M|100/100
|-terastallize|p2a: Walking Wake|Water
|move|p2a: Walking Wake|Hydro Steam|p1a: Slowking
|-damage|p1a: Slowking|33/100
|
|-weather|SunnyDay|[upkeep]
|upkeep
|turn|7
|inactive|AEFAA2 has 120 seconds left.
|inactive|V-Card Bandit has 120 seconds left.
|
|t:|1760316530
|switch|p1a: Cinderace|Cinderace, F|100/100
|move|p2a: Walking Wake|Hydro Steam|p1a: Cinderace
|-supereffective|p1a: Cinderace
|-damage|p1a: Cinderace|0 fnt
|faint|p1a: Cinderace
|
|-weather|SunnyDay|[upkeep]
|upkeep
|
|t:|1760316532
|switch|p1a: Slowking|Slowking-Galar, M|66/100
|turn|8
|
|t:|1760316544
|-terastallize|p1a: Slowking|Water
|move|p2a: Walking Wake|Hydro Steam|p1a: Slowking
|-resisted|p1a: Slowking
|-damage|p1a: Slowking|32/100
|move|p1a: Slowking|Thunder Wave|p2a: Walking Wake
|-status|p2a: Walking Wake|par
|
|-weather|SunnyDay|[upkeep]
|upkeep
|turn|9
|
|t:|1760316558
|switch|p1a: Kyurem|Kyurem|60/100
|-ability|p1a: Kyurem|Pressure
|cant|p2a: Walking Wake|par
|
|-weather|SunnyDay|[upkeep]
|-heal|p1a: Kyurem|66/100|[from] item: Leftovers
|upkeep
|turn|10
|
|t:|1760316572
|move|p1a: Kyurem|Protect|p1a: Kyurem
|-singleturn|p1a: Kyurem|Protect
|move|p2a: Walking Wake|Hydro Steam|p1a: Kyurem
|-activate|p1a: Kyurem|move: Protect
|
|-weather|SunnyDay|[upkeep]
|-heal|p1a: Kyurem|72/100|[from] item: Leftovers
|upkeep
|turn|11
|
|t:|1760316577
|move|p1a: Kyurem|Freeze-Dry|p2a: Walking Wake
|-supereffective|p2a: Walking Wake
|-damage|p2a: Walking Wake|16/100 par
|cant|p2a: Walking Wake|par
|
|-weather|none
|-end|p2a: Walking Wake|Protosynthesis
|-heal|p1a: Kyurem|78/100|[from] item: Leftovers
|upkeep
|turn|12
|
|t:|1760316592
|-end|p2a: Walking Wake|Protosynthesis|[silent]
|switch|p2a: Goodra|Goodra-Hisui, M|100/100
|move|p1a: Kyurem|Substitute|p1a: Kyurem
|-start|p1a: Kyurem|Substitute
|-damage|p1a: Kyurem|53/100
|
|-heal|p1a: Kyurem|59/100|[from] item: Leftovers
|upkeep
|turn|13
|
|t:|1760316603
|move|p1a: Kyurem|Protect|p1a: Kyurem
|-singleturn|p1a: Kyurem|Protect
|move|p2a: Goodra|Flash Cannon|p1a: Kyurem
|-activate|p1a: Kyurem|move: Protect
|
|-heal|p1a: Kyurem|65/100|[from] item: Leftovers
|upkeep
|turn|14
|
|t:|1760316625
|move|p1a: Kyurem|Earth Power|p2a: Goodra
|-supereffective|p2a: Goodra
|-damage|p2a: Goodra|78/100
|move|p2a: Goodra|Flash Cannon|p1a: Kyurem
|-supereffective|p1a: Kyurem
|-end|p1a: Kyurem|Substitute
|
|-heal|p1a: Kyurem|72/100|[from] item: Leftovers
|upkeep
|turn|15
|
|t:|1760316634
|move|p1a: Kyurem|Protect|p1a: Kyurem
|-singleturn|p1a: Kyurem|Protect
|move|p2a: Goodra|Knock Off|p1a: Kyurem
|-activate|p1a: Kyurem|move: Protect
|
|-heal|p1a: Kyurem|78/100|[from] item: Leftovers
|upkeep
|turn|16
|
|t:|1760316648
|switch|p1a: Landorus|Landorus-Therian, M|58/100
|-ability|p1a: Landorus|Intimidate|boost
|-unboost|p2a: Goodra|atk|1
|move|p2a: Goodra|Flash Cannon|p1a: Landorus
|-damage|p1a: Landorus|22/100
|-unboost|p1a: Landorus|spd|1
|
|upkeep
|turn|17
|
|t:|1760316677
|switch|p2a: Great Tusk|Great Tusk|92/100
|move|p1a: Landorus|Earthquake|p2a: Great Tusk
|-damage|p2a: Great Tusk|56/100
|
|upkeep
|turn|18
|
|t:|1760316690
|move|p1a: Landorus|U-turn|p2a: Great Tusk
|-resisted|p2a: Great Tusk
|-crit|p2a: Great Tusk
|-damage|p2a: Great Tusk|43/100
|
|t:|1760316692
|switch|p1a: Kyurem|Kyurem|78/100|[from] U-turn
|-ability|p1a: Kyurem|Pressure
|move|p2a: Great Tusk|Ice Spinner|p1a: Kyurem
|-damage|p1a: Kyurem|40/100
|
|-heal|p1a: Kyurem|47/100|[from] item: Leftovers
|upkeep
|turn|19
|
|t:|1760316709
|move|p1a: Kyurem|Freeze-Dry|p2a: Great Tusk
|-supereffective|p2a: Great Tusk
|-damage|p2a: Great Tusk|0 fnt
|faint|p2a: Great Tusk
|-end|p2a: Great Tusk|Protosynthesis|[silent]
|
|-heal|p1a: Kyurem|53/100|[from] item: Leftovers
|upkeep
|
|t:|1760316715
|switch|p2a: Ninetales|Ninetales, M|100/100
|-weather|SunnyDay|[from] ability: Drought|[of] p2a: Ninetales
|turn|20
|
|t:|1760316722
|move|p1a: Kyurem|Protect|p1a: Kyurem
|-singleturn|p1a: Kyurem|Protect
|move|p2a: Ninetales|Weather Ball|p1a: Kyurem
|-activate|p1a: Kyurem|move: Protect
|
|-weather|SunnyDay|[upkeep]
|-heal|p1a: Kyurem|59/100|[from] item: Leftovers
|upkeep
|turn|21
|
|t:|1760316730
|switch|p1a: Slowking|Slowking-Galar, M, tera:Water|66/100
|move|p2a: Ninetales|Weather Ball|p1a: Slowking
|-resisted|p1a: Slowking
|-damage|p1a: Slowking|39/100
|
|-weather|SunnyDay|[upkeep]
|upkeep
|turn|22
|
|t:|1760316742
|switch|p2a: Scovillain|Scovillain, M|100/100
|-prepare|p1a: Slowking|Chilly Reception|[premajor]
|move|p1a: Slowking|Chilly Reception|p1a: Slowking
|-weather|Snowscape
|
|t:|1760316747
|switch|p1a: Kyurem|Kyurem|59/100|[from] Chilly Reception
|-ability|p1a: Kyurem|Pressure
|
|-weather|Snowscape|[upkeep]
|-heal|p1a: Kyurem|65/100|[from] item: Leftovers
|upkeep
|turn|23
|
|t:|1760316764
|move|p1a: Kyurem|Earth Power|p2a: Scovillain
|-damage|p2a: Scovillain|50/100
|move|p2a: Scovillain|Flamethrower|p1a: Kyurem
|-damage|p1a: Kyurem|5/100
|
|-weather|Snowscape|[upkeep]
|-heal|p1a: Kyurem|11/100|[from] item: Leftovers
|upkeep
|turn|24
|
|t:|1760316785
|switch|p2a: Ninetales|Ninetales, M|100/100
|-weather|SunnyDay|[from] ability: Drought|[of] p2a: Ninetales
|move|p1a: Kyurem|Earth Power|p2a: Ninetales
|-supereffective|p2a: Ninetales
|-damage|p2a: Ninetales|25/100
|
|-weather|SunnyDay|[upkeep]
|-heal|p1a: Kyurem|17/100|[from] item: Leftovers
|upkeep
|turn|25
|inactive|AEFAA2 has 120 seconds left.
|inactive|V-Card Bandit has 120 seconds left.
|
|t:|1760316823
|move|p1a: Kyurem|Protect|p1a: Kyurem
|-singleturn|p1a: Kyurem|Protect
|move|p2a: Ninetales|Weather Ball|p1a: Kyurem
|-activate|p1a: Kyurem|move: Protect
|
|-weather|SunnyDay|[upkeep]
|-heal|p1a: Kyurem|23/100|[from] item: Leftovers
|upkeep
|turn|26
|
|t:|1760316833
|switch|p2a: Scovillain|Scovillain, M|50/100
|switch|p1a: Slowking|Slowking-Galar, M, tera:Water|72/100
|
|-weather|SunnyDay|[upkeep]
|upkeep
|turn|27
|
|t:|1760316849
|switch|p1a: Landorus|Landorus-Therian, M|22/100
|-ability|p1a: Landorus|Intimidate|boost
|-unboost|p2a: Scovillain|atk|1
|move|p2a: Scovillain|Giga Drain|p1a: Landorus
|-damage|p1a: Landorus|0 fnt
|-heal|p2a: Scovillain|63/100|[from] drain|[of] p1a: Landorus
|faint|p1a: Landorus
|
|-weather|SunnyDay|[upkeep]
|upkeep
|inactive|V-Card Bandit has 120 seconds left.
|
|t:|1760316872
|switch|p1a: Kingambit|Kingambit, F|100/100
|-activate|p1a: Kingambit|ability: Supreme Overlord
|-start|p1a: Kingambit|fallen2|[silent]
|turn|28
|
|t:|1760316887
|switch|p2a: Ninetales|Ninetales, M|25/100
|move|p1a: Kingambit|Swords Dance|p1a: Kingambit
|-boost|p1a: Kingambit|atk|2
|
|-weather|none
|upkeep
|turn|29
|
|t:|1760316911
|move|p2a: Ninetales|Healing Wish|p2a: Ninetales
|faint|p2a: Ninetales
|move|p1a: Kingambit|Kowtow Cleave|p2: Ninetales|[notarget]
|-fail|p1a: Kingambit
|
|upkeep
|
|t:|1760316916
|switch|p2a: Walking Wake|Walking Wake, tera:Water|16/100 par
|-heal|p2a: Walking Wake|100/100|[from] move: Healing Wish
|turn|30
|
|t:|1760316932
|-end|p1a: Kingambit|fallen2|[silent]
|switch|p1a: Slowking|Slowking-Galar, M, tera:Water|100/100
|move|p2a: Walking Wake|Flamethrower|p1a: Slowking
|-resisted|p1a: Slowking
|-damage|p1a: Slowking|87/100
|
|upkeep
|turn|31
|
|t:|1760316946
|-end|p2a: Walking Wake|Protosynthesis|[silent]
|switch|p2a: Scovillain|Scovillain, M|63/100
|move|p1a: Slowking|Thunder Wave|p2a: Scovillain|[miss]
|-miss|p1a: Slowking|p2a: Scovillain
|
|upkeep
|turn|32
|
|t:|1760316959
|move|p2a: Scovillain|Giga Drain|p1a: Slowking
|-supereffective|p1a: Slowking
|-damage|p1a: Slowking|21/100
|-heal|p2a: Scovillain|100/100|[from] drain|[of] p1a: Slowking
|move|p1a: Slowking|Thunder Wave|p2a: Scovillain
|-status|p2a: Scovillain|par
|
|upkeep
|turn|33
|
|t:|1760316967
|switch|p2a: Walking Wake|Walking Wake, tera:Water|100/100
|switch|p1a: Kingambit|Kingambit, F|100/100
|-activate|p1a: Kingambit|ability: Supreme Overlord
|-start|p1a: Kingambit|fallen2|[silent]
|
|upkeep
|turn|34
|inactive|V-Card Bandit has 120 seconds left.
|
|t:|1760316982
|move|p2a: Walking Wake|Hydro Steam|p1a: Kingambit
|-damage|p1a: Kingambit|10/100
|move|p1a: Kingambit|Swords Dance|p1a: Kingambit
|-boost|p1a: Kingambit|atk|2
|
|-heal|p1a: Kingambit|16/100|[from] item: Leftovers
|upkeep
|turn|35
|
|t:|1760316997
|move|p1a: Kingambit|Sucker Punch|p2a: Walking Wake
|-damage|p2a: Walking Wake|0 fnt
|faint|p2a: Walking Wake
|-end|p2a: Walking Wake|Protosynthesis|[silent]
|
|-heal|p1a: Kingambit|22/100|[from] item: Leftovers
|upkeep
|
|t:|1760316999
|switch|p2a: Goodra|Goodra-Hisui, M|78/100
|turn|36
|
|t:|1760317019
|move|p1a: Kingambit|Kowtow Cleave|p2a: Goodra
|-damage|p2a: Goodra|0 fnt
|faint|p2a: Goodra
|
|-heal|p1a: Kingambit|29/100|[from] item: Leftovers
|upkeep
|
|t:|1760317026
|switch|p2a: Scovillain|Scovillain, M|100/100 par
|turn|37
|
|t:|1760317031
|move|p1a: Kingambit|Sucker Punch|p2a: Scovillain
|-damage|p2a: Scovillain|0 fnt
|faint|p2a: Scovillain
|
|win|V-Card Bandit
|raw|V-Card Bandit's rating: 1364 &rarr; <strong>1380</strong><br />(+16 for winning)
|raw|AEFAA2's rating: 1294 &rarr; <strong>1274</strong><br />(-20 for losing)
|c|☆V-Card Bandit|gg
