|badge|p1|bronze|gen9ou|100-7
|uhtml|medal-msg|<div class="broadcast-blue">Curious what those medals under the avatar are? PS now has Ladder Seasons! For more information, check out the <a href="https://www.smogon.com/forums/threads/3740067/">thread on Smogon.</a></div>
|badge|p2|bronze|gen9randombattle|100-7
|uhtml|medal-msg|<div class="broadcast-blue">Curious what those medals under the avatar are? PS now has Ladder Seasons! For more information, check out the <a href="https://www.smogon.com/forums/threads/3740067/">thread on Smogon.</a></div>
|j|☆Trainer #39
|j|☆SpongeGar & Patar
|t:|1760342587
|gametype|singles
|player|p1|Trainer #39|bugsy|1872
|player|p2|SpongeGar & Patar|266|1783
|gen|9
|tier|[Gen 9] OU
|rated|
|rule|HP Percentage Mod: HP is shown in percentages
|rule|Endless Battle Clause: Forcing endless battles is banned
|rule|Species Clause: Limit one of each Pokémon
|rule|OHKO Clause: OHKO moves are banned
|rule|Evasion Items Clause: Evasion items are banned
|rule|Evasion Moves Clause: Evasion moves are banned
|rule|Evasion Abilities Clause: Evasion abilities are banned
|rule|Sleep Moves Clause: Sleep-inducing moves are banned
|clearpoke
|poke|p1|Blissey, F|
|poke|p1|Corviknight, M|
|poke|p1|Dondozo, M|
|poke|p1|Gliscor, M|
|poke|p1|Clefable, M|
|poke|p1|Slowking-Galar, M|
|poke|p2|Kyurem|
|poke|p2|Corviknight, F|
|poke|p2|Ting-Lu|
|poke|p2|Dondozo, F|
|poke|p2|Slowking-Galar, L99, F|
|poke|p2|Cinderace, F|
|teampreview
|inactive|Battle timer is ON: inactive players will automatically lose when time's up. (requested by Trainer #39)
|
|t:|1760342637
|teamsize|p1|6
|teamsize|p2|6
|start
|switch|p1a: 🇮🇱=stop genocide|Gliscor, M|100/100
|switch|p2a: Kyurem|Kyurem|100/100
|-ability|p2a: Kyurem|Pressure
|turn|1
|inactive|SpongeGar & Patar also wants the timer to be on.
|inactive|SpongeGar & Patar has 120 seconds left.
|
|t:|1760342686
|move|p1a: 🇮🇱=stop genocide|Protect|p1a: 🇮🇱=stop genocide
|-singleturn|p1a: 🇮🇱=stop genocide|Protect
|move|p2a: Kyurem|Freeze-Dry|p1a: 🇮🇱=stop genocide
|-activate|p1a: 🇮🇱=stop genocide|move: Protect
|
|-status|p1a: 🇮🇱=stop genocide|tox|[from] item: Toxic Orb
|upkeep
|turn|2
|inactive|SpongeGar & Patar has 90 seconds left.
|
|t:|1760342734
|switch|p1a: LeJ/ovni/la lettre|Slowking-Galar, M|100/100
|move|p2a: Kyurem|Freeze-Dry|p1a: LeJ/ovni/la lettre
|-damage|p1a: LeJ/ovni/la lettre|76/100
|
|upkeep
|turn|3
|inactive|SpongeGar & Patar has 60 seconds left.
|inactive|SpongeGar & Patar has 30 seconds left.
|
|t:|1760342785
|move|p2a: Kyurem|Freeze-Dry|p1a: LeJ/ovni/la lettre
|-damage|p1a: LeJ/ovni/la lettre|48/100
|move|p1a: LeJ/ovni/la lettre|Sludge Bomb|p2a: Kyurem
|-damage|p2a: Kyurem|69/100
|
|-heal|p2a: Kyurem|75/100|[from] item: Leftovers
|upkeep
|turn|4
|inactive|SpongeGar & Patar has 30 seconds left.
|
|t:|1760342797
|switch|p1a: brat|Blissey, F|100/100
|move|p2a: Kyurem|Freeze-Dry|p1a: brat
|-damage|p1a: brat|88/100
|
|-heal|p2a: Kyurem|82/100|[from] item: Leftovers
|upkeep
|turn|5
|inactive|SpongeGar & Patar has 30 seconds left.
|
|t:|1760342808
|switch|p1a: LeJ/ovni/la lettre|Slowking-Galar, M|81/100
|move|p2a: Kyurem|Freeze-Dry|p1a: LeJ/ovni/la lettre
|-damage|p1a: LeJ/ovni/la lettre|57/100
|-status|p1a: LeJ/ovni/la lettre|frz
|
|-heal|p2a: Kyurem|88/100|[from] item: Leftovers
|upkeep
|turn|6
|
|t:|1760342820
|switch|p1a: brat|Blissey, F|88/100
|move|p2a: Kyurem|Freeze-Dry|p1a: brat
|-damage|p1a: brat|76/100
|
|-heal|p2a: Kyurem|94/100|[from] item: Leftovers
|upkeep
|turn|7
|
|t:|1760342831
|switch|p2a: Cinderace|Cinderace, F|100/100
|switch|p1a: LeJ/ovni/la lettre|Slowking-Galar, M|90/100 frz
|
|upkeep
|turn|8
|
|t:|1760342840
|move|p2a: Cinderace|Pyro Ball|p1a: LeJ/ovni/la lettre
|-damage|p1a: LeJ/ovni/la lettre|31/100 frz
|-curestatus|p1a: LeJ/ovni/la lettre|frz|[msg]
|move|p1a: LeJ/ovni/la lettre|Thunder Wave|p2a: Cinderace
|-status|p2a: Cinderace|par
|
|upkeep
|turn|9
|
|t:|1760342850
|switch|p1a: 🇮🇱=stop genocide|Gliscor, M|100/100 tox
|switch|p2a: Kyurem|Kyurem|94/100
|-ability|p2a: Kyurem|Pressure
|
|-heal|p2a: Kyurem|99/100|[from] item: Leftovers
|upkeep
|turn|10
|
|t:|1760342860
|switch|p2a: Dondozo|Dondozo, F|100/100
|switch|p1a: LeJ/ovni/la lettre|Slowking-Galar, M|64/100
|
|upkeep
|turn|11
|
|t:|1760342869
|switch|p2a: Slowking|Slowking-Galar, L99, F|100/100
|move|p1a: LeJ/ovni/la lettre|Trick|p2a: Slowking
|-activate|p1a: LeJ/ovni/la lettre|move: Trick|[of] p2a: Slowking
|-item|p2a: Slowking|Choice Scarf|[from] move: Trick
|-item|p1a: LeJ/ovni/la lettre|Heavy-Duty Boots|[from] move: Trick
|
|upkeep
|turn|12
|inactive|SpongeGar & Patar has 60 seconds left.
|
|t:|1760342879
|switch|p2a: Cinderace|Cinderace, F|100/100 par
|move|p1a: LeJ/ovni/la lettre|Thunder Wave|p2a: Cinderace
|-fail|p2a: Cinderace|par
|
|upkeep
|turn|13
|
|t:|1760342891
|switch|p1a: 🇮🇱=stop genocide|Gliscor, M|100/100 tox
|cant|p2a: Cinderace|par
|
|upkeep
|turn|14
|
|t:|1760342901
|switch|p1a: LeJ/ovni/la lettre|Slowking-Galar, M|97/100
|switch|p2a: Kyurem|Kyurem|99/100
|-ability|p2a: Kyurem|Pressure
|
|-heal|p2a: Kyurem|100/100|[from] item: Leftovers
|upkeep
|turn|15
|
|t:|1760342910
|switch|p2a: Dondozo|Dondozo, F|100/100
|move|p1a: LeJ/ovni/la lettre|Sludge Bomb|p2a: Dondozo
|-damage|p2a: Dondozo|69/100
|
|-heal|p2a: Dondozo|75/100|[from] item: Leftovers
|upkeep
|turn|16
|
|t:|1760342920
|switch|p2a: Slowking|Slowking-Galar, L99, F|100/100
|move|p1a: LeJ/ovni/la lettre|Sludge Bomb|p2a: Slowking
|-resisted|p2a: Slowking
|-damage|p2a: Slowking|90/100
|
|upkeep
|turn|17
|
|t:|1760342930
|switch|p2a: Ting-Lu|Ting-Lu|100/100
|-ability|p2a: Ting-Lu|Vessel of Ruin
|move|p1a: LeJ/ovni/la lettre|Thunder Wave|p2a: Ting-Lu
|-immune|p2a: Ting-Lu
|
|upkeep
|turn|18
|inactive|SpongeGar & Patar has 90 seconds left.
|
|t:|1760342939
|switch|p1a: 🇮🇱=stop genocide|Gliscor, M|100/100 tox
|switch|p2a: Slowking|Slowking-Galar, L99, F|100/100
|
|upkeep
|turn|19
|inactive|SpongeGar & Patar has 90 seconds left.
|inactive|SpongeGar & Patar has 60 seconds left.
|
|t:|1760342987
|switch|p1a: brat|Blissey, F|76/100
|switch|p2a: Corviknight|Corviknight, F|100/100
|-ability|p2a: Corviknight|Pressure
|
|upkeep
|turn|20
|inactive|SpongeGar & Patar has 60 seconds left.
|inactive|SpongeGar & Patar has 30 seconds left.
|inactive|SpongeGar & Patar has 20 seconds left.
|
|t:|1760343036
|switch|p1a: Charlie Kirk: idc|Corviknight, M|100/100
|-ability|p1a: Charlie Kirk: idc|Pressure
|move|p2a: Corviknight|U-turn|p1a: Charlie Kirk: idc
|-resisted|p1a: Charlie Kirk: idc
|-damage|p1a: Charlie Kirk: idc|98/100
|-damage|p2a: Corviknight|84/100|[from] item: Rocky Helmet|[of] p1a: Charlie Kirk: idc
|inactive|SpongeGar & Patar has 25 seconds left this turn.
|inactive|SpongeGar & Patar has 20 seconds left.
|inactive|SpongeGar & Patar has 15 seconds left.
|
|t:|1760343047
|switch|p2a: Dondozo|Dondozo, F|75/100|[from] U-turn
|
|-heal|p2a: Dondozo|81/100|[from] item: Leftovers
|upkeep
|turn|21
|inactive|SpongeGar & Patar has 25 seconds left this turn.
|inactive|SpongeGar & Patar has 20 seconds left.
|
|t:|1760343056
|move|p1a: Charlie Kirk: idc|U-turn|p2a: Dondozo
|-damage|p2a: Dondozo|74/100
|
|t:|1760343059
|switch|p1a: LeJ/ovni/la lettre|Slowking-Galar, M|100/100|[from] U-turn
|move|p2a: Dondozo|Curse|p2a: Dondozo
|-unboost|p2a: Dondozo|spe|1
|-boost|p2a: Dondozo|atk|1
|-boost|p2a: Dondozo|def|1
|
|-heal|p2a: Dondozo|80/100|[from] item: Leftovers
|upkeep
|turn|22
|inactive|SpongeGar & Patar has 30 seconds left.
|
|t:|1760343068
|switch|p2a: Slowking|Slowking-Galar, L99, F|100/100
|move|p1a: LeJ/ovni/la lettre|Sludge Bomb|p2a: Slowking
|-resisted|p2a: Slowking
|-damage|p2a: Slowking|90/100
|
|upkeep
|turn|23
|
|t:|1760343078
|switch|p2a: Ting-Lu|Ting-Lu|100/100
|-ability|p2a: Ting-Lu|Vessel of Ruin
|move|p1a: LeJ/ovni/la lettre|Future Sight|p2a: Ting-Lu
|-start|p1a: LeJ/ovni/la lettre|move: Future Sight
|
|upkeep
|turn|24
|
|t:|1760343088
|switch|p1a: 🇮🇱=stop genocide|Gliscor, M|100/100 tox
|switch|p2a: Kyurem|Kyurem|100/100
|-ability|p2a: Kyurem|Pressure
|
|upkeep
|turn|25
|
|t:|1760343097
|switch|p2a: Dondozo|Dondozo, F|80/100
|switch|p1a: brat|Blissey, F|76/100
|
|-end|p2a: Dondozo|move: Future Sight
|-damage|p2a: Dondozo|39/100
|-heal|p2a: Dondozo|46/100|[from] item: Leftovers
|upkeep
|turn|26
|
|t:|1760343106
|switch|p1a: LeJ/ovni/la lettre|Slowking-Galar, M|100/100
|move|p2a: Dondozo|Body Press|p1a: LeJ/ovni/la lettre
|-resisted|p1a: LeJ/ovni/la lettre
|-damage|p1a: LeJ/ovni/la lettre|93/100
|
|-heal|p2a: Dondozo|52/100|[from] item: Leftovers
|upkeep
|turn|27
|
|t:|1760343116
|move|p1a: LeJ/ovni/la lettre|Future Sight|p2a: Dondozo
|-start|p1a: LeJ/ovni/la lettre|move: Future Sight
|move|p2a: Dondozo|Waterfall|p1a: LeJ/ovni/la lettre
|-damage|p1a: LeJ/ovni/la lettre|61/100
|
|-heal|p2a: Dondozo|58/100|[from] item: Leftovers
|upkeep
|turn|28
|inactive|SpongeGar & Patar has 60 seconds left.
|
|t:|1760343126
|move|p1a: LeJ/ovni/la lettre|Sludge Bomb|p2a: Dondozo
|-damage|p2a: Dondozo|25/100
|-status|p2a: Dondozo|psn
|move|p2a: Dondozo|Waterfall|p1a: LeJ/ovni/la lettre
|-damage|p1a: LeJ/ovni/la lettre|29/100
|
|-heal|p2a: Dondozo|31/100 psn|[from] item: Leftovers
|-damage|p2a: Dondozo|18/100 psn|[from] psn
|upkeep
|turn|29
|j| wgw2333
|
|t:|1760343135
|move|p1a: LeJ/ovni/la lettre|Sludge Bomb|p2a: Dondozo
|-damage|p2a: Dondozo|0 fnt
|faint|p2a: Dondozo
|
|-hint|Future Sight did not hit because the target is fainted.
|upkeep
|
|t:|1760343145
|switch|p2a: Slowking|Slowking-Galar, L99, F|100/100
|turn|30
|
|t:|1760343154
|move|p1a: LeJ/ovni/la lettre|Thunder Wave|p2a: Slowking
|-status|p2a: Slowking|par
|cant|p2a: Slowking|par
|
|upkeep
|turn|31
|
|t:|1760343164
|switch|p1a: brat|Blissey, F|76/100
|move|p2a: Slowking|Sludge Bomb|p1a: brat
|-damage|p1a: brat|65/100
|
|upkeep
|turn|32
|j| 54 insane rats
|
|t:|1760343174
|move|p1a: brat|Stealth Rock|p2a: Slowking
|-sidestart|p2: SpongeGar & Patar|move: Stealth Rock
|move|p2a: Slowking|Sludge Bomb|p1a: brat
|-damage|p1a: brat|53/100
|
|upkeep
|turn|33
|
|t:|1760343185
|switch|p2a: Cinderace|Cinderace, F|100/100 par
|move|p1a: brat|Soft-Boiled|p1a: brat
|-heal|p1a: brat|100/100
|
|upkeep
|turn|34
|
|t:|1760343194
|switch|p1a: 🇮🇱=stop genocide|Gliscor, M|100/100 tox
|move|p2a: Cinderace|Court Change|p2a: Cinderace
|-swapsideconditions
|-activate|p2a: Cinderace|move: Court Change
|
|upkeep
|turn|35
|
|t:|1760343203
|switch|p2a: Kyurem|Kyurem|100/100
|-ability|p2a: Kyurem|Pressure
|move|p1a: 🇮🇱=stop genocide|Toxic|p2a: Kyurem
|-status|p2a: Kyurem|tox
|
|-damage|p2a: Kyurem|94/100 tox|[from] psn
|upkeep
|turn|36
|inactive|SpongeGar & Patar has 90 seconds left.
|inactive|SpongeGar & Patar has 60 seconds left.
|
|t:|1760343252
|switch|p2a: Ting-Lu|Ting-Lu|100/100
|-ability|p2a: Ting-Lu|Vessel of Ruin
|switch|p1a: brat|Blissey, F|100/100
|
|upkeep
|turn|37
|l| 54 insane rats
|inactive|SpongeGar & Patar has 30 seconds left.
|inactive|SpongeGar & Patar has 20 seconds left.
|inactive|SpongeGar & Patar has 15 seconds left.
|
|t:|1760343301
|move|p1a: brat|Stealth Rock|p2a: Ting-Lu
|-sidestart|p2: SpongeGar & Patar|move: Stealth Rock
|move|p2a: Ting-Lu|Earthquake|p1a: brat
|-damage|p1a: brat|63/100
|
|upkeep
|turn|38
|inactive|SpongeGar & Patar has 25 seconds left this turn.
|inactive|SpongeGar & Patar has 20 seconds left.
|inactive|SpongeGar & Patar has 15 seconds left.
|
|t:|1760343311
|switch|p1a: 🇮🇱=stop genocide|Gliscor, M|100/100 tox
|-damage|p1a: 🇮🇱=stop genocide|88/100 tox|[from] Stealth Rock
|move|p2a: Ting-Lu|Payback|p1a: 🇮🇱=stop genocide
|-damage|p1a: 🇮🇱=stop genocide|75/100 tox
|
|-heal|p1a: 🇮🇱=stop genocide|88/100 tox|[from] ability: Poison Heal
|upkeep
|turn|39
|inactive|SpongeGar & Patar has 25 seconds left this turn.
|inactive|SpongeGar & Patar has 20 seconds left.
|inactive|SpongeGar & Patar has 15 seconds left.
|
|t:|1760343322
|switch|p2a: Corviknight|Corviknight, F|84/100
|-damage|p2a: Corviknight|72/100|[from] Stealth Rock
|-ability|p2a: Corviknight|Pressure
|move|p1a: 🇮🇱=stop genocide|Toxic|p2a: Corviknight
|-immune|p2a: Corviknight
|
|-heal|p1a: 🇮🇱=stop genocide|99/100 tox|[from] ability: Poison Heal
|upkeep
|turn|40
|inactive|SpongeGar & Patar has 25 seconds left this turn.
|inactive|SpongeGar & Patar has 20 seconds left.
|
|t:|1760343331
|switch|p1a: Charli xcx|Clefable, M|100/100
|move|p2a: Corviknight|Brave Bird|p1a: Charli xcx
|-damage|p1a: Charli xcx|57/100
|-damage|p2a: Corviknight|57/100|[from] Recoil
|
|upkeep
|turn|41
|inactive|SpongeGar & Patar has 30 seconds left this turn.
|inactive|SpongeGar & Patar has 20 seconds left.
|
|t:|1760343342
|move|p2a: Corviknight|Brave Bird|p1a: Charli xcx
|-damage|p1a: Charli xcx|13/100
|-damage|p2a: Corviknight|43/100|[from] Recoil
|move|p1a: Charli xcx|Wish|p1a: Charli xcx
|
|upkeep
|turn|42
|inactive|SpongeGar & Patar has 30 seconds left this turn.
|
|t:|1760343352
|move|p1a: Charli xcx|Protect|p1a: Charli xcx
|-singleturn|p1a: Charli xcx|Protect
|move|p2a: Corviknight|Roost|p2a: Corviknight
|-heal|p2a: Corviknight|93/100
|-singleturn|p2a: Corviknight|move: Roost
|
|-heal|p1a: Charli xcx|63/100|[from] move: Wish|[wisher] Charli xcx
|upkeep
|turn|43
|inactive|SpongeGar & Patar has 30 seconds left.
|
|t:|1760343361
|move|p2a: Corviknight|Brave Bird|p1a: Charli xcx
|-damage|p1a: Charli xcx|23/100
|-damage|p2a: Corviknight|80/100|[from] Recoil
|move|p1a: Charli xcx|Wish|p1a: Charli xcx
|
|upkeep
|turn|44
|
|t:|1760343371
|move|p1a: Charli xcx|Protect|p1a: Charli xcx
|-singleturn|p1a: Charli xcx|Protect
|move|p2a: Corviknight|Defog|p1a: Charli xcx
|-activate|p1a: Charli xcx|move: Protect
|
|-heal|p1a: Charli xcx|73/100|[from] move: Wish|[wisher] Charli xcx
|upkeep
|turn|45
|
|t:|1760343380
|move|p2a: Corviknight|Brave Bird|p1a: Charli xcx
|-damage|p1a: Charli xcx|30/100
|-damage|p2a: Corviknight|66/100|[from] Recoil
|move|p1a: Charli xcx|Knock Off|p2a: Corviknight
|-crit|p2a: Corviknight
|-damage|p2a: Corviknight|52/100
|-damage|p1a: Charli xcx|13/100|[from] item: Rocky Helmet|[of] p2a: Corviknight
|-enditem|p2a: Corviknight|Rocky Helmet|[from] move: Knock Off|[of] p1a: Charli xcx
|
|upkeep
|turn|46
|
|t:|1760343390
|switch|p1a: Charlie Kirk: idc|Corviknight, M|98/100
|-damage|p1a: Charlie Kirk: idc|86/100|[from] Stealth Rock
|-ability|p1a: Charlie Kirk: idc|Pressure
|move|p2a: Corviknight|Roost|p2a: Corviknight
|-heal|p2a: Corviknight|100/100
|-singleturn|p2a: Corviknight|move: Roost
|
|upkeep
|turn|47
|
|t:|1760343400
|move|p2a: Corviknight|Defog|p1a: Charlie Kirk: idc
|-unboost|p1a: Charlie Kirk: idc|evasion|1
|-sideend|p1: Trainer #39|Stealth Rock|[from] move: Defog|[of] p2a: Corviknight
|-sideend|p2: SpongeGar & Patar|Stealth Rock|[from] move: Defog|[of] p2a: Corviknight
|move|p1a: Charlie Kirk: idc|Brave Bird|p2a: Corviknight
|-resisted|p2a: Corviknight
|-damage|p2a: Corviknight|89/100
|-damage|p1a: Charlie Kirk: idc|82/100|[from] Recoil
|
|upkeep
|turn|48
|
|t:|1760343411
|move|p1a: Charlie Kirk: idc|U-turn|p2a: Corviknight
|-resisted|p2a: Corviknight
|-damage|p2a: Corviknight|87/100
|
|t:|1760343414
|switch|p1a: LeJ/ovni/la lettre|Slowking-Galar, M|62/100|[from] U-turn
|move|p2a: Corviknight|Roost|p2a: Corviknight
|-heal|p2a: Corviknight|100/100
|-singleturn|p2a: Corviknight|move: Roost
|
|upkeep
|turn|49
|
|t:|1760343423
|switch|p1a: Charlie Kirk: idc|Corviknight, M|82/100
|-ability|p1a: Charlie Kirk: idc|Pressure
|move|p2a: Corviknight|Brave Bird|p1a: Charlie Kirk: idc
|-resisted|p1a: Charlie Kirk: idc
|-damage|p1a: Charlie Kirk: idc|71/100
|-damage|p2a: Corviknight|84/100|[from] item: Rocky Helmet|[of] p1a: Charlie Kirk: idc
|-damage|p2a: Corviknight|80/100|[from] Recoil
|
|upkeep
|turn|50
|inactive|SpongeGar & Patar has 60 seconds left.
|
|t:|1760343434
|move|p1a: Charlie Kirk: idc|U-turn|p2a: Corviknight
|-resisted|p2a: Corviknight
|-damage|p2a: Corviknight|78/100
|
|t:|1760343438
|switch|p1a: LeJ/ovni/la lettre|Slowking-Galar, M|96/100|[from] U-turn
|move|p2a: Corviknight|Roost|p2a: Corviknight
|-heal|p2a: Corviknight|100/100
|-singleturn|p2a: Corviknight|move: Roost
|
|upkeep
|turn|51
|
|t:|1760343447
|switch|p1a: Charlie Kirk: idc|Corviknight, M|71/100
|-ability|p1a: Charlie Kirk: idc|Pressure
|move|p2a: Corviknight|U-turn|p1a: Charlie Kirk: idc
|-resisted|p1a: Charlie Kirk: idc
|-crit|p1a: Charlie Kirk: idc
|-damage|p1a: Charlie Kirk: idc|68/100
|-damage|p2a: Corviknight|84/100|[from] item: Rocky Helmet|[of] p1a: Charlie Kirk: idc
|j| mowmowpow
|inactive|SpongeGar & Patar has 60 seconds left.
|
|t:|1760343458
|switch|p2a: Cinderace|Cinderace, F|100/100 par|[from] U-turn
|
|upkeep
|turn|52
|l| wgw2333
|
|t:|1760343467
|switch|p1a: 🇮🇱=stop genocide|Gliscor, M|99/100 tox
|move|p2a: Cinderace|Pyro Ball|p1a: 🇮🇱=stop genocide
|-damage|p1a: 🇮🇱=stop genocide|70/100 tox
|
|-heal|p1a: 🇮🇱=stop genocide|83/100 tox|[from] ability: Poison Heal
|upkeep
|turn|53
|
|t:|1760343478
|switch|p1a: Charlie Kirk: idc|Corviknight, M|68/100
|-ability|p1a: Charlie Kirk: idc|Pressure
|switch|p2a: Corviknight|Corviknight, F|84/100
|-ability|p2a: Corviknight|Pressure
|
|upkeep
|turn|54
|
|t:|1760343487
|move|p1a: Charlie Kirk: idc|U-turn|p2a: Corviknight
|-resisted|p2a: Corviknight
|-damage|p2a: Corviknight|82/100
|
|t:|1760343491
|switch|p1a: 808 and curses|Dondozo, M|100/100|[from] U-turn
|move|p2a: Corviknight|Roost|p2a: Corviknight
|-heal|p2a: Corviknight|100/100
|-singleturn|p2a: Corviknight|move: Roost
|
|upkeep
|turn|55
|
|t:|1760343500
|move|p2a: Corviknight|Brave Bird|p1a: 808 and curses
|-damage|p1a: 808 and curses|84/100
|-damage|p2a: Corviknight|94/100|[from] Recoil
|move|p1a: 808 and curses|Curse|p1a: 808 and curses
|-unboost|p1a: 808 and curses|spe|1
|-boost|p1a: 808 and curses|atk|1
|-boost|p1a: 808 and curses|def|1
|
|-heal|p1a: 808 and curses|91/100|[from] item: Leftovers
|upkeep
|turn|56
|
|t:|1760343512
|move|p2a: Corviknight|Brave Bird|p1a: 808 and curses
|-damage|p1a: 808 and curses|79/100
|-damage|p2a: Corviknight|89/100|[from] Recoil
|move|p1a: 808 and curses|Waterfall|p2a: Corviknight
|-damage|p2a: Corviknight|64/100
|
|-heal|p1a: 808 and curses|85/100|[from] item: Leftovers
|upkeep
|turn|57
|inactive|SpongeGar & Patar has 60 seconds left.
|
|t:|1760343561
|move|p2a: Corviknight|Roost|p2a: Corviknight
|-heal|p2a: Corviknight|100/100
|-singleturn|p2a: Corviknight|move: Roost
|move|p1a: 808 and curses|Curse|p1a: 808 and curses
|-unboost|p1a: 808 and curses|spe|1
|-boost|p1a: 808 and curses|atk|1
|-boost|p1a: 808 and curses|def|1
|
|-heal|p1a: 808 and curses|91/100|[from] item: Leftovers
|upkeep
|turn|58
|l| mowmowpow
|inactive|SpongeGar & Patar has 30 seconds left.
|inactive|SpongeGar & Patar has 20 seconds left.
|inactive|SpongeGar & Patar has 15 seconds left.
|inactive|SpongeGar & Patar has 10 seconds left.
|
|t:|1760343609
|move|p2a: Corviknight|U-turn|p1a: 808 and curses
|-damage|p1a: 808 and curses|88/100
|inactive|SpongeGar & Patar has 15 seconds left this turn.
|inactive|SpongeGar & Patar has 10 seconds left.
|
|t:|1760343619
|switch|p2a: Slowking|Slowking-Galar, L99, F|100/100 par|[from] U-turn
|move|p1a: 808 and curses|Waterfall|p2a: Slowking
|-damage|p2a: Slowking|45/100 par
|
|-heal|p1a: 808 and curses|94/100|[from] item: Leftovers
|upkeep
|turn|59
|inactive|SpongeGar & Patar has 20 seconds left this turn.
|inactive|SpongeGar & Patar has 15 seconds left.
|inactive|SpongeGar & Patar has 10 seconds left.
|
|t:|1760343629
|switch|p2a: Kyurem|Kyurem|94/100 tox
|-ability|p2a: Kyurem|Pressure
|move|p1a: 808 and curses|Waterfall|p2a: Kyurem
|-resisted|p2a: Kyurem
|-damage|p2a: Kyurem|71/100 tox
|
|-heal|p2a: Kyurem|77/100 tox|[from] item: Leftovers
|-heal|p1a: 808 and curses|99/100|[from] item: Leftovers
|-damage|p2a: Kyurem|71/100 tox|[from] psn
|upkeep
|turn|60
|inactive|SpongeGar & Patar has 20 seconds left this turn.
|inactive|SpongeGar & Patar has 15 seconds left.
|inactive|SpongeGar & Patar has 10 seconds left.
|
|t:|1760343639
|switch|p1a: brat|Blissey, F|63/100
|-terastallize|p2a: Kyurem|Ground
|move|p2a: Kyurem|Freeze-Dry|p1a: brat
|-damage|p1a: brat|51/100
|
|-heal|p2a: Kyurem|77/100 tox|[from] item: Leftovers
|-damage|p2a: Kyurem|64/100 tox|[from] psn
|upkeep
|turn|61
|inactive|SpongeGar & Patar has 20 seconds left this turn.
|inactive|SpongeGar & Patar has 15 seconds left.
|
|t:|1760343649
|switch|p2a: Slowking|Slowking-Galar, L99, F|78/100 par
|move|p1a: brat|Stealth Rock|p2a: Slowking
|-sidestart|p2: SpongeGar & Patar|move: Stealth Rock
|
|upkeep
|turn|62
|inactive|SpongeGar & Patar has 25 seconds left this turn.
|inactive|SpongeGar & Patar has 20 seconds left.
|
|t:|1760343658
|switch|p2a: Cinderace|Cinderace, F|100/100 par
|move|p1a: brat|Soft-Boiled|p1a: brat
|-heal|p1a: brat|100/100
|
|upkeep
|turn|63
|inactive|SpongeGar & Patar has 30 seconds left this turn.
|j| bornusdino
|
|t:|1760343669
|cant|p2a: Cinderace|par
|move|p1a: brat|Shadow Ball|p2a: Cinderace
|-damage|p2a: Cinderace|82/100 par
|
|upkeep
|turn|64
|inactive|SpongeGar & Patar has 30 seconds left.
|
|t:|1760343679
|switch|p1a: 808 and curses|Dondozo, M|99/100
|move|p2a: Cinderace|Court Change|p2a: Cinderace
|-swapsideconditions
|-activate|p2a: Cinderace|move: Court Change
|
|-heal|p1a: 808 and curses|100/100|[from] item: Leftovers
|upkeep
|turn|65
|
|t:|1760343688
|switch|p2a: Slowking|Slowking-Galar, L99, F|100/100 par
|move|p1a: 808 and curses|Curse|p1a: 808 and curses
|-unboost|p1a: 808 and curses|spe|1
|-boost|p1a: 808 and curses|atk|1
|-boost|p1a: 808 and curses|def|1
|
|upkeep
|turn|66
|
|t:|1760343698
|move|p1a: 808 and curses|Waterfall|p2a: Slowking
|-damage|p2a: Slowking|59/100 par
|move|p2a: Slowking|Toxic|p1a: 808 and curses
|-status|p1a: 808 and curses|tox
|
|-damage|p1a: 808 and curses|94/100 tox|[from] psn
|upkeep
|turn|67
|
|t:|1760343708
|switch|p2a: Corviknight|Corviknight, F|100/100
|-ability|p2a: Corviknight|Pressure
|move|p1a: 808 and curses|Waterfall|p2a: Corviknight
|-damage|p2a: Corviknight|75/100
|
|-heal|p1a: 808 and curses|100/100 tox|[from] item: Leftovers
|-damage|p1a: 808 and curses|88/100 tox|[from] psn
|upkeep
|turn|68
|j| SupaGmoney
|
|t:|1760343718
|move|p2a: Corviknight|Roost|p2a: Corviknight
|-heal|p2a: Corviknight|100/100
|-singleturn|p2a: Corviknight|move: Roost
|move|p1a: 808 and curses|Waterfall|p2a: Corviknight
|-damage|p2a: Corviknight|74/100
|
|-heal|p1a: 808 and curses|94/100 tox|[from] item: Leftovers
|-damage|p1a: 808 and curses|76/100 tox|[from] psn
|upkeep
|turn|69
|
|t:|1760343727
|move|p2a: Corviknight|Roost|p2a: Corviknight
|-heal|p2a: Corviknight|100/100
|-singleturn|p2a: Corviknight|move: Roost
|move|p1a: 808 and curses|Waterfall|p2a: Corviknight
|-damage|p2a: Corviknight|75/100
|
|-heal|p1a: 808 and curses|82/100 tox|[from] item: Leftovers
|-damage|p1a: 808 and curses|57/100 tox|[from] psn
|upkeep
|turn|70
|inactive|SpongeGar & Patar has 60 seconds left.
|
|t:|1760343737
|move|p2a: Corviknight|U-turn|p1a: 808 and curses
|-damage|p1a: 808 and curses|53/100 tox
|inactive|SpongeGar & Patar has 60 seconds left.
|
|t:|1760343747
|switch|p2a: Slowking|Slowking-Galar, L99, F|93/100 par|[from] U-turn
|move|p1a: 808 and curses|Rest|p1a: 808 and curses
|-status|p1a: 808 and curses|slp|[from] move: Rest
|-heal|p1a: 808 and curses|100/100 slp|[silent]
|
|upkeep
|turn|71
|
|t:|1760343757
|cant|p1a: 808 and curses|slp
|move|p1a: 808 and curses|Sleep Talk|p1a: 808 and curses
|move|p1a: 808 and curses|Rest||[from] move: Sleep Talk|[still]
|-fail|p1a: 808 and curses
|-prepare|p2a: Slowking|Chilly Reception|[premajor]
|move|p2a: Slowking|Chilly Reception|p2a: Slowking
|-weather|Snowscape
|
|t:|1760343766
|switch|p2a: Kyurem|Kyurem, tera:Ground|64/100 tox|[from] Chilly Reception
|-ability|p2a: Kyurem|Pressure
|
|-weather|Snowscape|[upkeep]
|-heal|p2a: Kyurem|71/100 tox|[from] item: Leftovers
|-damage|p2a: Kyurem|64/100 tox|[from] psn
|upkeep
|turn|72
|
|t:|1760343787
|switch|p2a: Ting-Lu|Ting-Lu|100/100
|-ability|p2a: Ting-Lu|Vessel of Ruin
|switch|p1a: brat|Blissey, F|100/100
|
|-weather|Snowscape|[upkeep]
|upkeep
|turn|73
|
|t:|1760343796
|switch|p2a: Kyurem|Kyurem, tera:Ground|64/100 tox
|-ability|p2a: Kyurem|Pressure
|move|p1a: brat|Stealth Rock|p2a: Kyurem
|-sidestart|p2: SpongeGar & Patar|move: Stealth Rock
|
|-weather|Snowscape|[upkeep]
|-heal|p2a: Kyurem|71/100 tox|[from] item: Leftovers
|-damage|p2a: Kyurem|64/100 tox|[from] psn
|upkeep
|turn|74
|
|t:|1760343806
|switch|p2a: Ting-Lu|Ting-Lu|100/100
|-damage|p2a: Ting-Lu|94/100|[from] Stealth Rock
|-ability|p2a: Ting-Lu|Vessel of Ruin
|move|p1a: brat|Calm Mind|p1a: brat
|-boost|p1a: brat|spa|1
|-boost|p1a: brat|spd|1
|
|-weather|Snowscape|[upkeep]
|-heal|p2a: Ting-Lu|100/100|[from] item: Leftovers
|upkeep
|turn|75
|
|t:|1760343832
|switch|p1a: 🇮🇱=stop genocide|Gliscor, M|83/100 tox
|-damage|p1a: 🇮🇱=stop genocide|70/100 tox|[from] Stealth Rock
|move|p2a: Ting-Lu|Payback|p1a: 🇮🇱=stop genocide
|-damage|p1a: 🇮🇱=stop genocide|58/100 tox
|
|-weather|none
|-heal|p1a: 🇮🇱=stop genocide|70/100 tox|[from] ability: Poison Heal
|upkeep
|turn|76
|inactive|SpongeGar & Patar has 90 seconds left.
|inactive|SpongeGar & Patar has 60 seconds left.
|l| bornusdino
|
|t:|1760343881
|move|p1a: 🇮🇱=stop genocide|Toxic|p2a: Ting-Lu|[miss]
|-miss|p1a: 🇮🇱=stop genocide|p2a: Ting-Lu
|move|p2a: Ting-Lu|Payback|p1a: 🇮🇱=stop genocide
|-damage|p1a: 🇮🇱=stop genocide|46/100 tox
|
|-heal|p1a: 🇮🇱=stop genocide|58/100 tox|[from] ability: Poison Heal
|upkeep
|turn|77
|inactive|SpongeGar & Patar has 30 seconds left.
|inactive|SpongeGar & Patar has 20 seconds left.
|inactive|SpongeGar & Patar has 15 seconds left.
|
|t:|1760343930
|move|p1a: 🇮🇱=stop genocide|Toxic|p2a: Ting-Lu
|-status|p2a: Ting-Lu|tox
|move|p2a: Ting-Lu|Payback|p1a: 🇮🇱=stop genocide
|-damage|p1a: 🇮🇱=stop genocide|36/100 tox
|
|-heal|p1a: 🇮🇱=stop genocide|48/100 tox|[from] ability: Poison Heal
|-damage|p2a: Ting-Lu|94/100 tox|[from] psn
|upkeep
|turn|78
|inactive|SpongeGar & Patar has 25 seconds left this turn.
|inactive|SpongeGar & Patar has 20 seconds left.
|j| wgw2333
|
|t:|1760343950
|move|p1a: 🇮🇱=stop genocide|Earthquake|p2a: Ting-Lu
|-damage|p2a: Ting-Lu|79/100 tox
|move|p2a: Ting-Lu|Payback|p1a: 🇮🇱=stop genocide
|-damage|p1a: 🇮🇱=stop genocide|24/100 tox
|
|-heal|p2a: Ting-Lu|85/100 tox|[from] item: Leftovers
|-heal|p1a: 🇮🇱=stop genocide|37/100 tox|[from] ability: Poison Heal
|-damage|p2a: Ting-Lu|73/100 tox|[from] psn
|upkeep
|turn|79
|inactive|SpongeGar & Patar has 30 seconds left this turn.
|
|t:|1760343960
|move|p1a: 🇮🇱=stop genocide|Earthquake|p2a: Ting-Lu
|-damage|p2a: Ting-Lu|55/100 tox
|move|p2a: Ting-Lu|Rest|p2a: Ting-Lu
|-status|p2a: Ting-Lu|slp|[from] move: Rest
|-heal|p2a: Ting-Lu|100/100 slp|[silent]
|
|-heal|p1a: 🇮🇱=stop genocide|49/100 tox|[from] ability: Poison Heal
|upkeep
|turn|80
|inactive|SpongeGar & Patar has 30 seconds left.
|
|t:|1760343970
|move|p1a: 🇮🇱=stop genocide|Earthquake|p2a: Ting-Lu
|-damage|p2a: Ting-Lu|85/100 slp
|cant|p2a: Ting-Lu|slp
|move|p2a: Ting-Lu|Sleep Talk|p2a: Ting-Lu
|move|p2a: Ting-Lu|Payback|p1a: 🇮🇱=stop genocide|[from] move: Sleep Talk
|-damage|p1a: 🇮🇱=stop genocide|24/100 tox
|
|-heal|p2a: Ting-Lu|91/100 slp|[from] item: Leftovers
|-heal|p1a: 🇮🇱=stop genocide|37/100 tox|[from] ability: Poison Heal
|upkeep
|turn|81
|
|t:|1760343979
|move|p1a: 🇮🇱=stop genocide|Earthquake|p2a: Ting-Lu
|-damage|p2a: Ting-Lu|76/100 slp
|cant|p2a: Ting-Lu|slp
|move|p2a: Ting-Lu|Sleep Talk|p2a: Ting-Lu
|move|p2a: Ting-Lu|Payback|p1a: 🇮🇱=stop genocide|[from] move: Sleep Talk
|-damage|p1a: 🇮🇱=stop genocide|11/100 tox
|
|-heal|p2a: Ting-Lu|82/100 slp|[from] item: Leftovers
|-heal|p1a: 🇮🇱=stop genocide|24/100 tox|[from] ability: Poison Heal
|upkeep
|turn|82
|
|t:|1760343989
|move|p1a: 🇮🇱=stop genocide|Protect|p1a: 🇮🇱=stop genocide
|-singleturn|p1a: 🇮🇱=stop genocide|Protect
|-curestatus|p2a: Ting-Lu|slp|[msg]
|move|p2a: Ting-Lu|Payback|p1a: 🇮🇱=stop genocide
|-activate|p1a: 🇮🇱=stop genocide|move: Protect
|
|-heal|p2a: Ting-Lu|88/100|[from] item: Leftovers
|-heal|p1a: 🇮🇱=stop genocide|36/100 tox|[from] ability: Poison Heal
|upkeep
|turn|83
|
|t:|1760343998
|move|p1a: 🇮🇱=stop genocide|Toxic|p2a: Ting-Lu
|-status|p2a: Ting-Lu|tox
|move|p2a: Ting-Lu|Payback|p1a: 🇮🇱=stop genocide
|-damage|p1a: 🇮🇱=stop genocide|12/100 tox
|
|-heal|p2a: Ting-Lu|95/100 tox|[from] item: Leftovers
|-heal|p1a: 🇮🇱=stop genocide|25/100 tox|[from] ability: Poison Heal
|-damage|p2a: Ting-Lu|88/100 tox|[from] psn
|upkeep
|turn|84
|
|t:|1760344007
|move|p1a: 🇮🇱=stop genocide|Protect|p1a: 🇮🇱=stop genocide
|-singleturn|p1a: 🇮🇱=stop genocide|Protect
|move|p2a: Ting-Lu|Rest|p2a: Ting-Lu
|-status|p2a: Ting-Lu|slp|[from] move: Rest
|-heal|p2a: Ting-Lu|100/100 slp|[silent]
|
|-heal|p1a: 🇮🇱=stop genocide|37/100 tox|[from] ability: Poison Heal
|upkeep
|turn|85
|
|t:|1760344017
|move|p1a: 🇮🇱=stop genocide|Earthquake|p2a: Ting-Lu
|-damage|p2a: Ting-Lu|84/100 slp
|cant|p2a: Ting-Lu|slp
|move|p2a: Ting-Lu|Sleep Talk|p2a: Ting-Lu
|move|p2a: Ting-Lu|Earthquake|p1a: 🇮🇱=stop genocide|[from] move: Sleep Talk
|-immune|p1a: 🇮🇱=stop genocide
|
|-heal|p2a: Ting-Lu|90/100 slp|[from] item: Leftovers
|-heal|p1a: 🇮🇱=stop genocide|50/100 tox|[from] ability: Poison Heal
|upkeep
|turn|86
|inactive|SpongeGar & Patar has 60 seconds left.
|
|t:|1760344026
|move|p1a: 🇮🇱=stop genocide|Earthquake|p2a: Ting-Lu
|-crit|p2a: Ting-Lu
|-damage|p2a: Ting-Lu|67/100 slp
|cant|p2a: Ting-Lu|slp
|move|p2a: Ting-Lu|Sleep Talk|p2a: Ting-Lu
|move|p2a: Ting-Lu|Payback|p1a: 🇮🇱=stop genocide|[from] move: Sleep Talk
|-damage|p1a: 🇮🇱=stop genocide|25/100 tox
|
|-heal|p2a: Ting-Lu|73/100 slp|[from] item: Leftovers
|-heal|p1a: 🇮🇱=stop genocide|38/100 tox|[from] ability: Poison Heal
|upkeep
|turn|87
|
|t:|1760344035
|move|p1a: 🇮🇱=stop genocide|Protect|p1a: 🇮🇱=stop genocide
|-singleturn|p1a: 🇮🇱=stop genocide|Protect
|-curestatus|p2a: Ting-Lu|slp|[msg]
|move|p2a: Ting-Lu|Payback|p1a: 🇮🇱=stop genocide
|-activate|p1a: 🇮🇱=stop genocide|move: Protect
|
|-heal|p2a: Ting-Lu|79/100|[from] item: Leftovers
|-heal|p1a: 🇮🇱=stop genocide|50/100 tox|[from] ability: Poison Heal
|upkeep
|turn|88
|
|t:|1760344045
|move|p1a: 🇮🇱=stop genocide|Toxic|p2a: Ting-Lu
|-status|p2a: Ting-Lu|tox
|move|p2a: Ting-Lu|Payback|p1a: 🇮🇱=stop genocide
|-damage|p1a: 🇮🇱=stop genocide|28/100 tox
|
|-heal|p2a: Ting-Lu|86/100 tox|[from] item: Leftovers
|-heal|p1a: 🇮🇱=stop genocide|40/100 tox|[from] ability: Poison Heal
|-damage|p2a: Ting-Lu|79/100 tox|[from] psn
|upkeep
|turn|89
|
|t:|1760344054
|move|p1a: 🇮🇱=stop genocide|Earthquake|p2a: Ting-Lu
|-damage|p2a: Ting-Lu|62/100 tox
|move|p2a: Ting-Lu|Rest|p2a: Ting-Lu
|-status|p2a: Ting-Lu|slp|[from] move: Rest
|-heal|p2a: Ting-Lu|100/100 slp|[silent]
|
|-heal|p1a: 🇮🇱=stop genocide|53/100 tox|[from] ability: Poison Heal
|upkeep
|turn|90
|
|t:|1760344064
|switch|p2a: Corviknight|Corviknight, F|75/100
|-damage|p2a: Corviknight|62/100|[from] Stealth Rock
|-ability|p2a: Corviknight|Pressure
|move|p1a: 🇮🇱=stop genocide|Earthquake|p2a: Corviknight
|-immune|p2a: Corviknight
|
|-heal|p1a: 🇮🇱=stop genocide|65/100 tox|[from] ability: Poison Heal
|upkeep
|turn|91
|
|t:|1760344073
|move|p1a: 🇮🇱=stop genocide|Protect|p1a: 🇮🇱=stop genocide
|-singleturn|p1a: 🇮🇱=stop genocide|Protect
|move|p2a: Corviknight|Brave Bird|p1a: 🇮🇱=stop genocide
|-activate|p1a: 🇮🇱=stop genocide|move: Protect
|
|-heal|p1a: 🇮🇱=stop genocide|78/100 tox|[from] ability: Poison Heal
|upkeep
|turn|92
|inactive|SpongeGar & Patar has 90 seconds left.
|
|t:|1760344082
|switch|p1a: Charlie Kirk: idc|Corviknight, M|68/100
|-damage|p1a: Charlie Kirk: idc|56/100|[from] Stealth Rock
|-ability|p1a: Charlie Kirk: idc|Pressure
|move|p2a: Corviknight|Brave Bird|p1a: Charlie Kirk: idc
|-resisted|p1a: Charlie Kirk: idc
|-damage|p1a: Charlie Kirk: idc|46/100
|-damage|p2a: Corviknight|46/100|[from] item: Rocky Helmet|[of] p1a: Charlie Kirk: idc
|-damage|p2a: Corviknight|42/100|[from] Recoil
|
|upkeep
|turn|93
|inactive|SpongeGar & Patar has 90 seconds left.
|j| tapu moxo
|l| tapu moxo
|inactive|SpongeGar & Patar has 60 seconds left.
|
|t:|1760344132
|switch|p2a: Ting-Lu|Ting-Lu|100/100 slp
|-damage|p2a: Ting-Lu|94/100 slp|[from] Stealth Rock
|-ability|p2a: Ting-Lu|Vessel of Ruin
|move|p1a: Charlie Kirk: idc|Roost|p1a: Charlie Kirk: idc
|-heal|p1a: Charlie Kirk: idc|96/100
|-singleturn|p1a: Charlie Kirk: idc|move: Roost
|
|-heal|p2a: Ting-Lu|100/100 slp|[from] item: Leftovers
|upkeep
|turn|94
|
|t:|1760344147
|switch|p1a: Charli xcx|Clefable, M|13/100
|cant|p2a: Ting-Lu|slp
|move|p2a: Ting-Lu|Sleep Talk|p2a: Ting-Lu
|move|p2a: Ting-Lu|Payback|p1a: Charli xcx|[from] move: Sleep Talk
|-resisted|p1a: Charli xcx
|-damage|p1a: Charli xcx|4/100
|
|upkeep
|turn|95
|inactive|SpongeGar & Patar has 60 seconds left.
|
|t:|1760344156
|move|p1a: Charli xcx|Protect|p1a: Charli xcx
|-singleturn|p1a: Charli xcx|Protect
|cant|p2a: Ting-Lu|slp
|move|p2a: Ting-Lu|Sleep Talk|p2a: Ting-Lu
|move|p2a: Ting-Lu|Earthquake|p1a: Charli xcx|[from] move: Sleep Talk
|-activate|p1a: Charli xcx|move: Protect
|
|upkeep
|turn|96
|
|t:|1760344166
|switch|p1a: 🇮🇱=stop genocide|Gliscor, M|78/100 tox
|-damage|p1a: 🇮🇱=stop genocide|65/100 tox|[from] Stealth Rock
|-curestatus|p2a: Ting-Lu|slp|[msg]
|move|p2a: Ting-Lu|Payback|p1a: 🇮🇱=stop genocide
|-damage|p1a: 🇮🇱=stop genocide|53/100 tox
|
|-heal|p1a: 🇮🇱=stop genocide|66/100 tox|[from] ability: Poison Heal
|upkeep
|turn|97
|
|t:|1760344175
|move|p1a: 🇮🇱=stop genocide|Toxic|p2a: Ting-Lu
|-status|p2a: Ting-Lu|tox
|move|p2a: Ting-Lu|Payback|p1a: 🇮🇱=stop genocide
|-damage|p1a: 🇮🇱=stop genocide|43/100 tox
|
|-heal|p1a: 🇮🇱=stop genocide|55/100 tox|[from] ability: Poison Heal
|-damage|p2a: Ting-Lu|94/100 tox|[from] psn
|upkeep
|turn|98
|
|t:|1760344184
|move|p1a: 🇮🇱=stop genocide|Earthquake|p2a: Ting-Lu
|-damage|p2a: Ting-Lu|78/100 tox
|move|p2a: Ting-Lu|Rest|p2a: Ting-Lu
|-status|p2a: Ting-Lu|slp|[from] move: Rest
|-heal|p2a: Ting-Lu|100/100 slp|[silent]
|
|-heal|p1a: 🇮🇱=stop genocide|68/100 tox|[from] ability: Poison Heal
|upkeep
|turn|99
|
|t:|1760344194
|switch|p2a: Corviknight|Corviknight, F|42/100
|-damage|p2a: Corviknight|30/100|[from] Stealth Rock
|-ability|p2a: Corviknight|Pressure
|move|p1a: 🇮🇱=stop genocide|Earthquake|p2a: Corviknight
|-immune|p2a: Corviknight
|
|-heal|p1a: 🇮🇱=stop genocide|80/100 tox|[from] ability: Poison Heal
|upkeep
|turn|100
|
|t:|1760344203
|switch|p1a: Charlie Kirk: idc|Corviknight, M|96/100
|-damage|p1a: Charlie Kirk: idc|83/100|[from] Stealth Rock
|-ability|p1a: Charlie Kirk: idc|Pressure
|move|p2a: Corviknight|Defog|p1a: Charlie Kirk: idc
|-unboost|p1a: Charlie Kirk: idc|evasion|1
|-sideend|p1: Trainer #39|Stealth Rock|[from] move: Defog|[of] p2a: Corviknight
|-sideend|p2: SpongeGar & Patar|Stealth Rock|[from] move: Defog|[of] p2a: Corviknight
|
|upkeep
|turn|101
|
|t:|1760344213
|switch|p2a: Ting-Lu|Ting-Lu|100/100 slp
|-ability|p2a: Ting-Lu|Vessel of Ruin
|move|p1a: Charlie Kirk: idc|U-turn|p2a: Ting-Lu
|-supereffective|p2a: Ting-Lu
|-damage|p2a: Ting-Lu|86/100 slp
|
|t:|1760344215
|switch|p1a: brat|Blissey, F|100/100|[from] U-turn
|
|-heal|p2a: Ting-Lu|92/100 slp|[from] item: Leftovers
|upkeep
|turn|102
|inactive|SpongeGar & Patar has 90 seconds left.
|
|t:|1760344225
|move|p1a: brat|Stealth Rock|p2a: Ting-Lu
|-sidestart|p2: SpongeGar & Patar|move: Stealth Rock
|cant|p2a: Ting-Lu|slp
|move|p2a: Ting-Lu|Sleep Talk|p2a: Ting-Lu
|move|p2a: Ting-Lu|Earthquake|p1a: brat|[from] move: Sleep Talk
|-damage|p1a: brat|62/100
|
|-heal|p2a: Ting-Lu|98/100 slp|[from] item: Leftovers
|upkeep
|turn|103
|inactive|SpongeGar & Patar has 90 seconds left.
|
|t:|1760344234
|switch|p1a: 🇮🇱=stop genocide|Gliscor, M|80/100 tox
|cant|p2a: Ting-Lu|slp
|move|p2a: Ting-Lu|Sleep Talk|p2a: Ting-Lu
|move|p2a: Ting-Lu|Payback|p1a: 🇮🇱=stop genocide|[from] move: Sleep Talk
|-damage|p1a: 🇮🇱=stop genocide|69/100 tox
|
|-heal|p2a: Ting-Lu|100/100 slp|[from] item: Leftovers
|-heal|p1a: 🇮🇱=stop genocide|81/100 tox|[from] ability: Poison Heal
|upkeep
|turn|104
|inactive|SpongeGar & Patar has 90 seconds left.
|
|t:|1760344243
|move|p1a: 🇮🇱=stop genocide|Protect|p1a: 🇮🇱=stop genocide
|-singleturn|p1a: 🇮🇱=stop genocide|Protect
|-curestatus|p2a: Ting-Lu|slp|[msg]
|move|p2a: Ting-Lu|Payback|p1a: 🇮🇱=stop genocide
|-activate|p1a: 🇮🇱=stop genocide|move: Protect
|
|-heal|p1a: 🇮🇱=stop genocide|94/100 tox|[from] ability: Poison Heal
|upkeep
|turn|105
|inactive|SpongeGar & Patar has 90 seconds left.
|
|t:|1760344253
|switch|p2a: Corviknight|Corviknight, F|30/100
|-damage|p2a: Corviknight|18/100|[from] Stealth Rock
|-ability|p2a: Corviknight|Pressure
|move|p1a: 🇮🇱=stop genocide|Toxic|p2a: Corviknight
|-immune|p2a: Corviknight
|
|-heal|p1a: 🇮🇱=stop genocide|100/100 tox|[from] ability: Poison Heal
|upkeep
|turn|106
|inactive|SpongeGar & Patar has 90 seconds left.
|
|t:|1760344262
|switch|p1a: brat|Blissey, F|62/100
|move|p2a: Corviknight|Defog|p1a: brat
|-unboost|p1a: brat|evasion|1
|-sideend|p2: SpongeGar & Patar|Stealth Rock|[from] move: Defog|[of] p2a: Corviknight
|
|upkeep
|turn|107
|inactive|SpongeGar & Patar has 90 seconds left.
|
|t:|1760344272
|move|p2a: Corviknight|U-turn|p1a: brat
|-damage|p1a: brat|46/100
|inactive|SpongeGar & Patar has 90 seconds left.
|
|t:|1760344281
|switch|p2a: Ting-Lu|Ting-Lu|100/100|[from] U-turn
|-ability|p2a: Ting-Lu|Vessel of Ruin
|move|p1a: brat|Soft-Boiled|p1a: brat
|-heal|p1a: brat|96/100
|
|upkeep
|turn|108
|l| wgw2333
|inactive|SpongeGar & Patar has 90 seconds left.
|
|t:|1760344291
|move|p1a: brat|Stealth Rock|p2a: Ting-Lu
|-sidestart|p2: SpongeGar & Patar|move: Stealth Rock
|move|p2a: Ting-Lu|Earthquake|p1a: brat
|-damage|p1a: brat|59/100
|
|upkeep
|turn|109
|inactive|SpongeGar & Patar has 90 seconds left.
|
|t:|1760344300
|switch|p1a: Charlie Kirk: idc|Corviknight, M|83/100
|-ability|p1a: Charlie Kirk: idc|Pressure
|switch|p2a: Kyurem|Kyurem, tera:Ground|64/100 tox
|-damage|p2a: Kyurem|58/100 tox|[from] Stealth Rock
|-ability|p2a: Kyurem|Pressure
|
|-heal|p2a: Kyurem|64/100 tox|[from] item: Leftovers
|-damage|p2a: Kyurem|58/100 tox|[from] psn
|upkeep
|turn|110
|inactive|SpongeGar & Patar has 90 seconds left.
|
|t:|1760344310
|switch|p2a: Cinderace|Cinderace, F|82/100 par
|switch|p1a: brat|Blissey, F|59/100
|
|upkeep
|turn|111
|inactive|SpongeGar & Patar has 90 seconds left.
|
|t:|1760344319
|switch|p1a: 🇮🇱=stop genocide|Gliscor, M|100/100 tox
|move|p2a: Cinderace|Pyro Ball|p1a: 🇮🇱=stop genocide
|-damage|p1a: 🇮🇱=stop genocide|68/100 tox
|
|-heal|p1a: 🇮🇱=stop genocide|81/100 tox|[from] ability: Poison Heal
|upkeep
|turn|112
|inactive|SpongeGar & Patar has 90 seconds left.
|
|t:|1760344329
|switch|p2a: Corviknight|Corviknight, F|18/100
|-damage|p2a: Corviknight|6/100|[from] Stealth Rock
|-ability|p2a: Corviknight|Pressure
|move|p1a: 🇮🇱=stop genocide|Earthquake|p2a: Corviknight
|-immune|p2a: Corviknight
|
|-heal|p1a: 🇮🇱=stop genocide|93/100 tox|[from] ability: Poison Heal
|upkeep
|turn|113
|inactive|SpongeGar & Patar has 90 seconds left.
|
|t:|1760344338
|switch|p1a: Charlie Kirk: idc|Corviknight, M|83/100
|-ability|p1a: Charlie Kirk: idc|Pressure
|move|p2a: Corviknight|Defog|p1a: Charlie Kirk: idc
|-unboost|p1a: Charlie Kirk: idc|evasion|1
|-sideend|p2: SpongeGar & Patar|Stealth Rock|[from] move: Defog|[of] p2a: Corviknight
|
|upkeep
|turn|114
|inactive|SpongeGar & Patar has 90 seconds left.
|
|t:|1760344348
|switch|p2a: Slowking|Slowking-Galar, L99, F|100/100 par
|move|p1a: Charlie Kirk: idc|U-turn|p2a: Slowking
|-damage|p2a: Slowking|84/100 par
|
|t:|1760344351
|switch|p1a: brat|Blissey, F|59/100|[from] U-turn
|
|upkeep
|turn|115
|
|t:|1760344360
|move|p1a: brat|Stealth Rock|p2a: Slowking
|-sidestart|p2: SpongeGar & Patar|move: Stealth Rock
|move|p2a: Slowking|Toxic|p1a: brat
|-status|p1a: brat|tox
|
|-damage|p1a: brat|53/100 tox|[from] psn
|upkeep
|turn|116
|
|t:|1760344370
|-curestatus|p1a: brat|tox|[from] ability: Natural Cure
|switch|p1a: 🇮🇱=stop genocide|Gliscor, M|93/100 tox
|switch|p2a: Kyurem|Kyurem, tera:Ground|58/100 tox
|-damage|p2a: Kyurem|52/100 tox|[from] Stealth Rock
|-ability|p2a: Kyurem|Pressure
|
|-heal|p2a: Kyurem|58/100 tox|[from] item: Leftovers
|-damage|p2a: Kyurem|52/100 tox|[from] psn
|-heal|p1a: 🇮🇱=stop genocide|100/100 tox|[from] ability: Poison Heal
|upkeep
|turn|117
|
|t:|1760344379
|move|p1a: 🇮🇱=stop genocide|Protect|p1a: 🇮🇱=stop genocide
|-singleturn|p1a: 🇮🇱=stop genocide|Protect
|move|p2a: Kyurem|Freeze-Dry|p1a: 🇮🇱=stop genocide
|-activate|p1a: 🇮🇱=stop genocide|move: Protect
|
|-heal|p2a: Kyurem|58/100 tox|[from] item: Leftovers
|-damage|p2a: Kyurem|46/100 tox|[from] psn
|upkeep
|turn|118
|
|t:|1760344389
|switch|p2a: Cinderace|Cinderace, F|82/100 par
|switch|p1a: brat|Blissey, F|53/100
|
|upkeep
|turn|119
|
|t:|1760344398
|switch|p1a: 🇮🇱=stop genocide|Gliscor, M|100/100 tox
|move|p2a: Cinderace|Pyro Ball|p1a: 🇮🇱=stop genocide
|-damage|p1a: 🇮🇱=stop genocide|69/100 tox
|
|-heal|p1a: 🇮🇱=stop genocide|81/100 tox|[from] ability: Poison Heal
|upkeep
|turn|120
|
|t:|1760344408
|switch|p2a: Kyurem|Kyurem, tera:Ground|46/100 tox
|-damage|p2a: Kyurem|40/100 tox|[from] Stealth Rock
|-ability|p2a: Kyurem|Pressure
|move|p1a: 🇮🇱=stop genocide|Earthquake|p2a: Kyurem
|-damage|p2a: Kyurem|10/100 tox
|
|-heal|p2a: Kyurem|16/100 tox|[from] item: Leftovers
|-damage|p2a: Kyurem|10/100 tox|[from] psn
|-heal|p1a: 🇮🇱=stop genocide|94/100 tox|[from] ability: Poison Heal
|upkeep
|turn|121
|
|t:|1760344418
|switch|p1a: brat|Blissey, F|53/100
|move|p2a: Kyurem|Freeze-Dry|p1a: brat
|-damage|p1a: brat|42/100
|
|-heal|p2a: Kyurem|16/100 tox|[from] item: Leftovers
|-damage|p2a: Kyurem|4/100 tox|[from] psn
|upkeep
|turn|122
|
|t:|1760344428
|switch|p2a: Cinderace|Cinderace, F|82/100 par
|move|p1a: brat|Soft-Boiled|p1a: brat
|-heal|p1a: brat|92/100
|
|upkeep
|turn|123
|
|t:|1760344442
|switch|p1a: 🇮🇱=stop genocide|Gliscor, M|94/100 tox
|move|p2a: Cinderace|Court Change|p2a: Cinderace
|-swapsideconditions
|-activate|p2a: Cinderace|move: Court Change
|
|-heal|p1a: 🇮🇱=stop genocide|100/100 tox|[from] ability: Poison Heal
|upkeep
|turn|124
|
|t:|1760344452
|switch|p1a: 808 and curses|Dondozo, M|100/100 slp
|-damage|p1a: 808 and curses|88/100 slp|[from] Stealth Rock
|switch|p2a: Ting-Lu|Ting-Lu|100/100
|-ability|p2a: Ting-Lu|Vessel of Ruin
|
|-heal|p1a: 808 and curses|94/100 slp|[from] item: Leftovers
|upkeep
|turn|125
|
|t:|1760344461
|switch|p2a: Slowking|Slowking-Galar, L99, F|100/100 par
|cant|p1a: 808 and curses|slp
|move|p1a: 808 and curses|Sleep Talk|p1a: 808 and curses
|move|p1a: 808 and curses|Curse|p1a: 808 and curses|[from] move: Sleep Talk
|-unboost|p1a: 808 and curses|spe|1
|-boost|p1a: 808 and curses|atk|1
|-boost|p1a: 808 and curses|def|1
|
|-heal|p1a: 808 and curses|99/100 slp|[from] item: Leftovers
|upkeep
|turn|126
|
|t:|1760344470
|-curestatus|p1a: 808 and curses|slp|[msg]
|move|p1a: 808 and curses|Waterfall|p2a: Slowking
|-damage|p2a: Slowking|57/100 par
|cant|p2a: Slowking|par
|
|-heal|p1a: 808 and curses|100/100|[from] item: Leftovers
|upkeep
|turn|127
|
|t:|1760344480
|switch|p2a: Kyurem|Kyurem, tera:Ground|4/100 tox
|-ability|p2a: Kyurem|Pressure
|move|p1a: 808 and curses|Waterfall|p2a: Kyurem
|-supereffective|p2a: Kyurem
|-damage|p2a: Kyurem|0 fnt
|faint|p2a: Kyurem
|
|upkeep
|
|t:|1760344490
|switch|p2a: Slowking|Slowking-Galar, L99, F|91/100 par
|turn|128
|
|t:|1760344499
|move|p1a: 808 and curses|Waterfall|p2a: Slowking
|-damage|p2a: Slowking|48/100 par
|cant|p2a: Slowking|flinch
|
|upkeep
|turn|129
|
|t:|1760344509
|switch|p2a: Corviknight|Corviknight, F|6/100
|-ability|p2a: Corviknight|Pressure
|move|p1a: 808 and curses|Waterfall|p2a: Corviknight
|-crit|p2a: Corviknight
|-damage|p2a: Corviknight|0 fnt
|faint|p2a: Corviknight
|
|upkeep
|
|t:|1760344519
|switch|p2a: Slowking|Slowking-Galar, L99, F|81/100 par
|turn|130
|
|t:|1760344528
|move|p1a: 808 and curses|Waterfall|p2a: Slowking
|-damage|p2a: Slowking|35/100 par
|move|p2a: Slowking|Toxic|p1a: 808 and curses
|-status|p1a: 808 and curses|tox
|
|-damage|p1a: 808 and curses|94/100 tox|[from] psn
|upkeep
|turn|131
|
|t:|1760344538
|switch|p2a: Ting-Lu|Ting-Lu|100/100
|-ability|p2a: Ting-Lu|Vessel of Ruin
|move|p1a: 808 and curses|Waterfall|p2a: Ting-Lu
|-supereffective|p2a: Ting-Lu
|-damage|p2a: Ting-Lu|55/100
|
|-heal|p2a: Ting-Lu|61/100|[from] item: Leftovers
|-heal|p1a: 808 and curses|100/100 tox|[from] item: Leftovers
|-damage|p1a: 808 and curses|88/100 tox|[from] psn
|upkeep
|turn|132
|
|t:|1760344548
|move|p2a: Ting-Lu|Earthquake|p1a: 808 and curses
|-damage|p1a: 808 and curses|77/100 tox
|move|p1a: 808 and curses|Curse|p1a: 808 and curses
|-unboost|p1a: 808 and curses|spe|1
|-boost|p1a: 808 and curses|atk|1
|-boost|p1a: 808 and curses|def|1
|
|-heal|p2a: Ting-Lu|67/100|[from] item: Leftovers
|-heal|p1a: 808 and curses|83/100 tox|[from] item: Leftovers
|-damage|p1a: 808 and curses|65/100 tox|[from] psn
|upkeep
|turn|133
|
|t:|1760344557
|move|p2a: Ting-Lu|Earthquake|p1a: 808 and curses
|-damage|p1a: 808 and curses|57/100 tox
|move|p1a: 808 and curses|Rest|p1a: 808 and curses
|-status|p1a: 808 and curses|slp|[from] move: Rest
|-heal|p1a: 808 and curses|100/100 slp|[silent]
|
|-heal|p2a: Ting-Lu|73/100|[from] item: Leftovers
|upkeep
|turn|134
|
|t:|1760344567
|switch|p2a: Slowking|Slowking-Galar, L99, F|69/100 par
|cant|p1a: 808 and curses|slp
|move|p1a: 808 and curses|Sleep Talk|p1a: 808 and curses
|move|p1a: 808 and curses|Waterfall|p2a: Slowking|[from] move: Sleep Talk
|-damage|p2a: Slowking|10/100 par
|
|upkeep
|turn|135
|
|t:|1760344578
|cant|p1a: 808 and curses|slp
|move|p1a: 808 and curses|Sleep Talk|p1a: 808 and curses
|move|p1a: 808 and curses|Waterfall|p2a: Slowking|[from] move: Sleep Talk
|-damage|p2a: Slowking|0 fnt
|faint|p2a: Slowking
|
|upkeep
|
|t:|1760344586
|switch|p2a: Ting-Lu|Ting-Lu|73/100
|-ability|p2a: Ting-Lu|Vessel of Ruin
|turn|136
|
|t:|1760344595
|move|p2a: Ting-Lu|Earthquake|p1a: 808 and curses
|-damage|p1a: 808 and curses|93/100 slp
|-curestatus|p1a: 808 and curses|slp|[msg]
|move|p1a: 808 and curses|Curse|p1a: 808 and curses
|-unboost|p1a: 808 and curses|spe|1
|-boost|p1a: 808 and curses|atk|1
|-boost|p1a: 808 and curses|def|1
|
|-heal|p2a: Ting-Lu|79/100|[from] item: Leftovers
|-heal|p1a: 808 and curses|99/100|[from] item: Leftovers
|upkeep
|turn|137
|
|t:|1760344604
|move|p2a: Ting-Lu|Payback|p1a: 808 and curses
|-damage|p1a: 808 and curses|95/100
|move|p1a: 808 and curses|Waterfall|p2a: Ting-Lu
|-supereffective|p2a: Ting-Lu
|-damage|p2a: Ting-Lu|0 fnt
|faint|p2a: Ting-Lu
|
|-heal|p1a: 808 and curses|100/100|[from] item: Leftovers
|upkeep
|
|t:|1760344610
|switch|p2a: Cinderace|Cinderace, F|82/100 par
|turn|138
|
|t:|1760344614
|move|p2a: Cinderace|Will-O-Wisp|p1a: 808 and curses
|-status|p1a: 808 and curses|brn
|move|p1a: 808 and curses|Waterfall|p2a: Cinderace
|-supereffective|p2a: Cinderace
|-damage|p2a: Cinderace|0 fnt
|faint|p2a: Cinderace
|
|win|Trainer #39
|raw|Trainer #39's rating: 1872 &rarr; <strong>1887</strong><br />(+15 for winning)
|raw|SpongeGar &amp; Patar's rating: 1783 &rarr; <strong>1768</strong><br />(-15 for losing)
|l|☆SpongeGar & Patar
|player|p2|
|l|☆Trainer #39
|player|p1|
