|j|‽KinglerCookie
|j|☆DowDadderLemon
|t:|1760450494
|gametype|singles
|player|p1|KinglerCookie|miku-ground|1425
|player|p2|DowDadderLemon|266|1460
|gen|9
|tier|[Gen 9] OU
|rated|
|rule|HP Percentage Mod: HP is shown in percentages
|rule|Endless Battle Clause: Forcing endless battles is banned
|rule|Species Clause: Limit one of each Pokémon
|rule|OHKO Clause: OHKO moves are banned
|rule|Evasion Items Clause: Evasion items are banned
|rule|Evasion Moves Clause: Evasion moves are banned
|rule|Evasion Abilities Clause: Evasion abilities are banned
|rule|Sleep Moves Clause: Sleep-inducing moves are banned
|clearpoke
|poke|p1|Iron Valiant|
|poke|p1|Great Tusk|
|poke|p1|Ogerpon-Wellspring, F|
|poke|p1|Darkrai|
|poke|p1|Enamorus, F|
|poke|p1|Pecharunt|
|poke|p2|Dusknoir, M|
|poke|p2|Hattrem, F|
|poke|p2|Donphan, L1, F|
|poke|p2|Rampardos, F|
|poke|p2|Braviary-Hisui, M|
|poke|p2|Deoxys-Defense|
|teampreview
|inactive|Battle timer is ON: inactive players will automatically lose when time's up. (requested by DowDadderLemon)
|
|t:|1760450502
|teamsize|p1|6
|teamsize|p2|6
|start
|switch|p1a: Great Tusk|Great Tusk|100/100
|switch|p2a: Bait|Donphan, L1, F|100/100
|turn|1
|
|t:|1760450509
|move|p1a: Great Tusk|Stealth Rock|p2a: Bait
|-sidestart|p2: DowDadderLemon|move: Stealth Rock
|move|p2a: Bait|Stealth Rock|p1a: Great Tusk
|-sidestart|p1: KinglerCookie|move: Stealth Rock
|
|upkeep
|turn|2
|
|t:|1760450514
|move|p1a: Great Tusk|Rapid Spin|p2a: Bait
|-ability|p2a: Bait|Sturdy
|-damage|p2a: Bait|8/100
|-boost|p1a: Great Tusk|spe|1
|-sideend|p1: KinglerCookie|Stealth Rock|[from] move: Rapid Spin|[of] p1a: Great Tusk
|move|p2a: Bait|Endeavor|p1a: Great Tusk
|-damage|p1a: Great Tusk|1/100
|-heal|p2a: Bait|100/100|[from] item: Shell Bell|[of] p1a: Great Tusk
|
|upkeep
|turn|3
|
|t:|1760450525
|-end|p1a: Great Tusk|Protosynthesis|[silent]
|switch|p1a: Pecharunt|Pecharunt|100/100
|move|p2a: Bait|Ice Shard|p1a: Pecharunt
|-damage|p1a: Pecharunt|99/100
|
|-heal|p1a: Pecharunt|100/100|[from] item: Leftovers
|upkeep
|turn|4
|
|t:|1760450529
|move|p1a: Pecharunt|Malignant Chain|p2a: Bait
|-resisted|p2a: Bait
|-ability|p2a: Bait|Sturdy
|-damage|p2a: Bait|8/100
|-status|p2a: Bait|tox
|-start|p2a: Bait|confusion|[from] ability: Poison Puppeteer|[of] p1a: Pecharunt
|-activate|p2a: Bait|confusion
|move|p2a: Bait|Stealth Rock|p1a: Pecharunt
|-sidestart|p1: KinglerCookie|move: Stealth Rock
|
|-damage|p2a: Bait|0 fnt|[from] psn
|faint|p2a: Bait
|upkeep
|
|t:|1760450556
|switch|p2a: Dusknoir|Dusknoir, M|100/100
|-damage|p2a: Dusknoir|88/100|[from] Stealth Rock
|-item|p1a: Pecharunt|Leftovers|[from] ability: Frisk|[of] p2a: Dusknoir
|turn|5
|
|t:|1760450563
|move|p1a: Pecharunt|Malignant Chain|p2a: Dusknoir
|-resisted|p2a: Dusknoir
|-damage|p2a: Dusknoir|68/100
|-status|p2a: Dusknoir|tox
|-start|p2a: Dusknoir|confusion|[from] ability: Poison Puppeteer|[of] p1a: Pecharunt
|-activate|p2a: Dusknoir|confusion
|move|p2a: Dusknoir|Trick Room|p2a: Dusknoir
|-fieldstart|move: Trick Room|[of] p2a: Dusknoir
|
|-damage|p2a: Dusknoir|62/100 tox|[from] psn
|upkeep
|turn|6
|
|t:|1760450574
|-activate|p2a: Dusknoir|confusion
|move|p2a: Dusknoir|Poltergeist|p1a: Pecharunt
|-activate|p1a: Pecharunt|move: Poltergeist|Leftovers
|-supereffective|p1a: Pecharunt
|-damage|p1a: Pecharunt|37/100
|move|p1a: Pecharunt|Hex|p2a: Dusknoir
|-supereffective|p2a: Dusknoir
|-damage|p2a: Dusknoir|0 fnt
|faint|p2a: Dusknoir
|
|-heal|p1a: Pecharunt|43/100|[from] item: Leftovers
|upkeep
|
|t:|1760450591
|switch|p2a: Braviary|Braviary-Hisui, M|100/100
|-damage|p2a: Braviary|76/100|[from] Stealth Rock
|turn|7
|
|t:|1760450596
|move|p2a: Braviary|Psychic|p1a: Pecharunt
|-supereffective|p1a: Pecharunt
|-damage|p1a: Pecharunt|0 fnt
|faint|p1a: Pecharunt
|
|upkeep
|
|t:|1760450603
|switch|p1a: Darkrai|Darkrai|100/100
|-damage|p1a: Darkrai|88/100|[from] Stealth Rock
|turn|8
|
|t:|1760450609
|move|p2a: Braviary|Hurricane|p1a: Darkrai|[miss]
|-miss|p2a: Braviary|p1a: Darkrai
|move|p1a: Darkrai|Dark Pulse|p2a: Braviary
|-supereffective|p2a: Braviary
|-damage|p2a: Braviary|0 fnt
|faint|p2a: Braviary
|-damage|p1a: Darkrai|78/100|[from] item: Life Orb
|
|upkeep
|
|t:|1760450611
|switch|p2a: Rampardos|Rampardos, F|100/100
|-damage|p2a: Rampardos|88/100|[from] Stealth Rock
|turn|9
|
|t:|1760450616
|move|p2a: Rampardos|Rock Slide|p1a: Darkrai|[miss]
|-miss|p2a: Rampardos|p1a: Darkrai
|move|p1a: Darkrai|Will-O-Wisp|p2a: Rampardos
|-status|p2a: Rampardos|brn
|
|-damage|p2a: Rampardos|82/100 brn|[from] brn
|-fieldend|move: Trick Room
|upkeep
|turn|10
|
|t:|1760450635
|switch|p2a: Deoxys|Deoxys-Defense|100/100
|-damage|p2a: Deoxys|88/100|[from] Stealth Rock
|-ability|p2a: Deoxys|Pressure
|move|p1a: Darkrai|Dark Pulse|p2a: Deoxys
|-supereffective|p2a: Deoxys
|-damage|p2a: Deoxys|10/100
|-damage|p1a: Darkrai|68/100|[from] item: Life Orb
|
|upkeep
|turn|11
|
|t:|1760450645
|move|p1a: Darkrai|Dark Pulse|p2a: Deoxys
|-supereffective|p2a: Deoxys
|-damage|p2a: Deoxys|0 fnt
|faint|p2a: Deoxys
|-damage|p1a: Darkrai|58/100|[from] item: Life Orb
|
|upkeep
|
|t:|1760450647
|switch|p2a: Hattrem|Hattrem, F|100/100
|-damage|p2a: Hattrem|88/100|[from] Stealth Rock
|turn|12
|
|t:|1760450651
|move|p1a: Darkrai|Dark Pulse|p2a: Hattrem
|-supereffective|p2a: Hattrem
|-damage|p2a: Hattrem|16/100
|-damage|p1a: Darkrai|48/100|[from] item: Life Orb
|move|p2a: Hattrem|Trick Room|p2a: Hattrem
|-fieldstart|move: Trick Room|[of] p2a: Hattrem
|
|upkeep
|turn|13
|
|t:|1760450655
|move|p2a: Hattrem|Healing Wish|p2a: Hattrem
|faint|p2a: Hattrem
|move|p1a: Darkrai|Dark Pulse|p2: Hattrem|[notarget]
|-fail|p1a: Darkrai
|
|upkeep
|
|t:|1760450660
|switch|p2a: Rampardos|Rampardos, F|82/100 brn
|-heal|p2a: Rampardos|100/100|[from] move: Healing Wish
|-damage|p2a: Rampardos|88/100|[from] Stealth Rock
|turn|14
|
|t:|1760450667
|move|p2a: Rampardos|Rock Slide|p1a: Darkrai
|-damage|p1a: Darkrai|0 fnt
|faint|p1a: Darkrai
|
|upkeep
|
|t:|1760450669
|switch|p1a: Great Tusk|Great Tusk|1/100
|turn|15
|
|t:|1760450678
|move|p2a: Rampardos|Ice Beam|p1a: Great Tusk
|-supereffective|p1a: Great Tusk
|-damage|p1a: Great Tusk|0 fnt
|faint|p1a: Great Tusk
|-end|p1a: Great Tusk|Protosynthesis|[silent]
|
|upkeep
|
|t:|1760450680
|switch|p1a: Enamorus|Enamorus, F|100/100
|-damage|p1a: Enamorus|76/100|[from] Stealth Rock
|turn|16
|
|t:|1760450687
|move|p2a: Rampardos|Rock Slide|p1a: Enamorus
|-supereffective|p1a: Enamorus
|-damage|p1a: Enamorus|0 fnt
|faint|p1a: Enamorus
|
|-fieldend|move: Trick Room
|upkeep
|
|t:|1760450689
|switch|p1a: Ogerpon|Ogerpon-Wellspring, F|100/100
|-damage|p1a: Ogerpon|88/100|[from] Stealth Rock
|turn|17
|
|t:|1760450697
|-terastallize|p1a: Ogerpon|Water
|detailschange|p1a: Ogerpon|Ogerpon-Wellspring-Tera, F, tera:Water
|-ability|p1a: Ogerpon|Embody Aspect (Wellspring)|boost
|-boost|p1a: Ogerpon|spd|1
|move|p1a: Ogerpon|Ivy Cudgel|p2a: Rampardos|[anim] Ivy Cudgel Water
|-supereffective|p2a: Rampardos
|-damage|p2a: Rampardos|0 fnt
|faint|p2a: Rampardos
|
|win|KinglerCookie
|raw|KinglerCookie's rating: 1425 &rarr; <strong>1447</strong><br />(+22 for winning)
|raw|DowDadderLemon's rating: 1460 &rarr; <strong>1438</strong><br />(-22 for losing)
|l|‽KinglerCookie
|player|p1|
|l|☆DowDadderLemon
|player|p2|
