|j|☆akf123456789
|j|☆Nilesh vengurlekar
|t:|1760430808
|gametype|singles
|player|p1|akf123456789|n|1179
|player|p2|Nilesh vengurlekar|102|1152
|gen|9
|tier|[Gen 9] OU
|rated|
|rule|HP Percentage Mod: HP is shown in percentages
|rule|Endless Battle Clause: Forcing endless battles is banned
|rule|Species Clause: Limit one of each Pokémon
|rule|OHKO Clause: OHKO moves are banned
|rule|Evasion Items Clause: Evasion items are banned
|rule|Evasion Moves Clause: Evasion moves are banned
|rule|Evasion Abilities Clause: Evasion abilities are banned
|rule|Sleep Moves Clause: Sleep-inducing moves are banned
|clearpoke
|poke|p1|Iron Valiant|
|poke|p1|Kingambit, F|
|poke|p1|Iron Moth|
|poke|p1|Zamazenta-*|
|poke|p1|Deoxys-Speed|
|poke|p1|Iron Treads|
|poke|p2|Arboliva, M|
|poke|p2|Darkrai|
|poke|p2|Zoroark-Hisui, F|
|poke|p2|Kleavor, F|
|poke|p2|Walking Wake|
|poke|p2|Dondozo, F|
|teampreview
|inactive|Battle timer is ON: inactive players will automatically lose when time's up. (requested by Nilesh vengurlekar)
|inactive|akf123456789 has 120 seconds left.
|
|t:|1760430851
|teamsize|p1|6
|teamsize|p2|6
|start
|switch|p1a: Deoxys|Deoxys-Speed|100/100
|switch|p2a: Darkrai|Darkrai|100/100
|-ability|p1a: Deoxys|Pressure
|turn|1
|
|t:|1760430863
|-terastallize|p1a: Deoxys|Fighting
|move|p1a: Deoxys|Focus Blast|p2a: Darkrai
|-immune|p2a: Darkrai
|move|p2a: Darkrai|Shadow Ball|p1a: Deoxys
|-damage|p1a: Deoxys|33/100
|
|upkeep
|turn|2
|
|t:|1760430881
|move|p1a: Deoxys|Psyshock|p2a: Darkrai
|-damage|p2a: Darkrai|7/100
|replace|p2a: Zoroark|Zoroark-Hisui, F
|-end|p2a: Zoroark|Illusion
|-damage|p1a: Deoxys|23/100|[from] item: Life Orb
|move|p2a: Zoroark|Psychic|p1a: Deoxys
|-supereffective|p1a: Deoxys
|-damage|p1a: Deoxys|0 fnt
|faint|p1a: Deoxys
|
|upkeep
|
|t:|1760430892
|switch|p1a: Iron Moth|Iron Moth|100/100
|-enditem|p1a: Iron Moth|Booster Energy
|-activate|p1a: Iron Moth|ability: Quark Drive|[fromitem]
|-start|p1a: Iron Moth|quarkdrivespe
|turn|3
|
|t:|1760430898
|move|p1a: Iron Moth|Fiery Dance|p2a: Zoroark
|-crit|p2a: Zoroark
|-damage|p2a: Zoroark|0 fnt
|faint|p2a: Zoroark
|
|upkeep
|
|t:|1760430904
|switch|p2a: Dondozo|Dondozo, F|100/100
|turn|4
|
|t:|1760430910
|move|p1a: Iron Moth|Energy Ball|p2a: Dondozo
|-supereffective|p2a: Dondozo
|-damage|p2a: Dondozo|58/100
|move|p2a: Dondozo|Earthquake|p1a: Iron Moth
|-supereffective|p1a: Iron Moth
|-damage|p1a: Iron Moth|0 fnt
|faint|p1a: Iron Moth
|-end|p1a: Iron Moth|Quark Drive|[silent]
|
|upkeep
|
|t:|1760430922
|switch|p1a: Iron Valiant|Iron Valiant|100/100
|-enditem|p1a: Iron Valiant|Booster Energy
|-activate|p1a: Iron Valiant|ability: Quark Drive|[fromitem]
|-start|p1a: Iron Valiant|quarkdrivespe
|turn|5
|
|t:|1760430928
|move|p1a: Iron Valiant|Moonblast|p2a: Dondozo
|-crit|p2a: Dondozo
|-damage|p2a: Dondozo|23/100
|move|p2a: Dondozo|Zen Headbutt|p1a: Iron Valiant
|-supereffective|p1a: Iron Valiant
|-damage|p1a: Iron Valiant|31/100
|
|upkeep
|turn|6
|
|t:|1760430939
|move|p1a: Iron Valiant|Close Combat|p2a: Dondozo
|-damage|p2a: Dondozo|0 fnt
|-unboost|p1a: Iron Valiant|def|1
|-unboost|p1a: Iron Valiant|spd|1
|faint|p2a: Dondozo
|
|upkeep
|
|t:|1760430950
|switch|p2a: Kleavor|Kleavor, F|100/100
|turn|7
|
|t:|1760430957
|move|p1a: Iron Valiant|Close Combat|p2a: Kleavor
|-damage|p2a: Kleavor|28/100
|-unboost|p1a: Iron Valiant|def|1
|-unboost|p1a: Iron Valiant|spd|1
|move|p2a: Kleavor|X-Scissor|p1a: Iron Valiant
|-resisted|p1a: Iron Valiant
|-damage|p1a: Iron Valiant|0 fnt
|faint|p1a: Iron Valiant
|-end|p1a: Iron Valiant|Quark Drive|[silent]
|
|upkeep
|
|t:|1760430967
|switch|p1a: Zamazenta|Zamazenta|100/100
|-ability|p1a: Zamazenta|Dauntless Shield|boost
|-boost|p1a: Zamazenta|def|1
|turn|8
|
|t:|1760430974
|move|p1a: Zamazenta|Iron Head|p2a: Kleavor
|-supereffective|p2a: Kleavor
|-damage|p2a: Kleavor|0 fnt
|faint|p2a: Kleavor
|
|upkeep
|
|t:|1760430978
|switch|p2a: Darkrai|Darkrai|100/100
|turn|9
|
|t:|1760431006
|move|p1a: Zamazenta|Close Combat|p2a: Darkrai
|-supereffective|p2a: Darkrai
|-damage|p2a: Darkrai|0 fnt
|-unboost|p1a: Zamazenta|def|1
|-unboost|p1a: Zamazenta|spd|1
|faint|p2a: Darkrai
|
|upkeep
|
|t:|1760431012
|switch|p2a: Arboliva|Arboliva, M|100/100
|turn|10
|
|t:|1760431021
|move|p1a: Zamazenta|Close Combat|p2a: Arboliva
|-supereffective|p2a: Arboliva
|-damage|p2a: Arboliva|0 fnt
|-unboost|p1a: Zamazenta|def|1
|-unboost|p1a: Zamazenta|spd|1
|-fieldstart|move: Grassy Terrain|[from] ability: Seed Sower|[of] p2a: Arboliva
|faint|p2a: Arboliva
|
|upkeep
|
|t:|1760431025
|switch|p2a: Walking Wake|Walking Wake|100/100
|-enditem|p2a: Walking Wake|Booster Energy
|-activate|p2a: Walking Wake|ability: Protosynthesis|[fromitem]
|-start|p2a: Walking Wake|protosynthesisspa
|turn|11
|
|t:|1760431041
|switch|p1a: Iron Treads|Iron Treads|100/100
|-enditem|p1a: Iron Treads|Booster Energy
|-activate|p1a: Iron Treads|ability: Quark Drive|[fromitem]
|-start|p1a: Iron Treads|quarkdrivespe
|move|p2a: Walking Wake|Dragon Pulse|p1a: Iron Treads
|-resisted|p1a: Iron Treads
|-crit|p1a: Iron Treads
|-damage|p1a: Iron Treads|51/100
|
|-heal|p1a: Iron Treads|57/100|[from] Grassy Terrain
|upkeep
|turn|12
|inactive|akf123456789 has 120 seconds left.
|
|t:|1760431067
|move|p1a: Iron Treads|Earthquake|p2a: Walking Wake
|-damage|p2a: Walking Wake|81/100
|move|p2a: Walking Wake|Hydro Steam|p1a: Iron Treads
|-supereffective|p1a: Iron Treads
|-damage|p1a: Iron Treads|0 fnt
|faint|p1a: Iron Treads
|-end|p1a: Iron Treads|Quark Drive|[silent]
|
|-heal|p2a: Walking Wake|87/100|[from] Grassy Terrain
|upkeep
|inactive|akf123456789 has 120 seconds left.
|
|t:|1760431078
|switch|p1a: Zamazenta|Zamazenta|100/100
|turn|13
|
|t:|1760431083
|move|p1a: Zamazenta|Close Combat|p2a: Walking Wake
|-damage|p2a: Walking Wake|33/100
|-unboost|p1a: Zamazenta|def|1
|-unboost|p1a: Zamazenta|spd|1
|move|p2a: Walking Wake|Dragon Pulse|p1a: Zamazenta
|-damage|p1a: Zamazenta|16/100
|
|-heal|p1a: Zamazenta|22/100|[from] Grassy Terrain
|-heal|p2a: Walking Wake|40/100|[from] Grassy Terrain
|upkeep
|turn|14
|
|t:|1760431094
|move|p1a: Zamazenta|Close Combat|p2a: Walking Wake
|-damage|p2a: Walking Wake|0 fnt
|-unboost|p1a: Zamazenta|def|1
|-unboost|p1a: Zamazenta|spd|1
|faint|p2a: Walking Wake
|-end|p2a: Walking Wake|Protosynthesis|[silent]
|
|win|akf123456789
|raw|akf123456789's rating: 1179 &rarr; <strong>1202</strong><br />(+23 for winning)
|raw|Nilesh vengurlekar's rating: 1152 &rarr; <strong>1129</strong><br />(-23 for losing)
|l|☆Nilesh vengurlekar
|player|p2|
|l|☆akf123456789
|player|p1|
