|j|☆Potential Man
|j|☆fregene97
|t:|1760383956
|gametype|singles
|player|p1|Potential Man|brock-gen2|1532
|player|p2|fregene97|youngster-gen4dp|1497
|gen|9
|tier|[Gen 9] OU
|rated|
|rule|HP Percentage Mod: HP is shown in percentages
|rule|Endless Battle Clause: Forcing endless battles is banned
|rule|Species Clause: Limit one of each Pokémon
|rule|OHKO Clause: OHKO moves are banned
|rule|Evasion Items Clause: Evasion items are banned
|rule|Evasion Moves Clause: Evasion moves are banned
|rule|Evasion Abilities Clause: Evasion abilities are banned
|rule|Sleep Moves Clause: Sleep-inducing moves are banned
|clearpoke
|poke|p1|Toxtricity, F|
|poke|p1|Ogerpon, F|
|poke|p1|Kingambit, F|
|poke|p1|Cinderace, M|
|poke|p1|Dondozo, F|
|poke|p1|Clodsire, M|
|poke|p2|Darkrai|
|poke|p2|Great Tusk|
|poke|p2|Iron Moth|
|poke|p2|Rillaboom, M|
|poke|p2|Raging Bolt|
|poke|p2|Zamazenta-*|
|teampreview
|inactive|Battle timer is ON: inactive players will automatically lose when time's up. (requested by fregene97)
|
|t:|1760383971
|teamsize|p1|6
|teamsize|p2|6
|start
|switch|p1a: Bad Amp|Toxtricity, F, shiny|100/100
|switch|p2a: Darkrai|Darkrai|100/100
|turn|1
|j| JustBlissful
|
|t:|1760383977
|-terastallize|p2a: Darkrai|Poison
|move|p2a: Darkrai|Nasty Plot|p2a: Darkrai
|-boost|p2a: Darkrai|spa|2
|move|p1a: Bad Amp|Boomburst|p2a: Darkrai
|-damage|p2a: Darkrai|0 fnt
|faint|p2a: Darkrai
|
|upkeep
|l| JustBlissful
|
|t:|1760383985
|switch|p2a: Rillaboom|Rillaboom, M|100/100
|-fieldstart|move: Grassy Terrain|[from] ability: Grassy Surge|[of] p2a: Rillaboom
|turn|2
|
|t:|1760383990
|move|p2a: Rillaboom|Grassy Glide|p1a: Bad Amp
|-resisted|p1a: Bad Amp
|-damage|p1a: Bad Amp|59/100
|-damage|p2a: Rillaboom|91/100|[from] item: Life Orb
|move|p1a: Bad Amp|Boomburst|p2a: Rillaboom
|-damage|p2a: Rillaboom|0 fnt
|faint|p2a: Rillaboom
|
|-heal|p1a: Bad Amp|65/100|[from] Grassy Terrain
|upkeep
|
|t:|1760383993
|switch|p2a: Iron Moth|Iron Moth|100/100
|-enditem|p2a: Iron Moth|Booster Energy
|-activate|p2a: Iron Moth|ability: Quark Drive|[fromitem]
|-start|p2a: Iron Moth|quarkdrivespe
|turn|3
|
|t:|1760383999
|move|p2a: Iron Moth|Fiery Dance|p1a: Bad Amp
|-damage|p1a: Bad Amp|0 fnt
|-boost|p2a: Iron Moth|spa|1
|faint|p1a: Bad Amp
|
|upkeep
|
|t:|1760384003
|switch|p1a: Clodsire|Clodsire, M|100/100
|turn|4
|
|t:|1760384006
|move|p2a: Iron Moth|Substitute|p2a: Iron Moth
|-start|p2a: Iron Moth|Substitute
|-damage|p2a: Iron Moth|76/100
|move|p1a: Clodsire|Stealth Rock|p2a: Iron Moth
|-sidestart|p2: fregene97|move: Stealth Rock
|
|-heal|p2a: Iron Moth|82/100|[from] Grassy Terrain
|upkeep
|turn|5
|
|t:|1760384008
|move|p2a: Iron Moth|Fiery Dance|p1a: Clodsire
|-damage|p1a: Clodsire|80/100
|-boost|p2a: Iron Moth|spa|1
|move|p1a: Clodsire|Earthquake|p2a: Iron Moth
|-supereffective|p2a: Iron Moth
|-end|p2a: Iron Moth|Substitute
|
|-heal|p2a: Iron Moth|88/100|[from] Grassy Terrain
|-heal|p1a: Clodsire|86/100|[from] Grassy Terrain
|upkeep
|turn|6
|
|t:|1760384014
|move|p2a: Iron Moth|Fiery Dance|p1a: Clodsire
|-damage|p1a: Clodsire|62/100
|move|p1a: Clodsire|Earthquake|p2a: Iron Moth
|-supereffective|p2a: Iron Moth
|-damage|p2a: Iron Moth|14/100
|
|-heal|p2a: Iron Moth|20/100|[from] Grassy Terrain
|-heal|p1a: Clodsire|68/100|[from] Grassy Terrain
|-fieldend|move: Grassy Terrain
|upkeep
|turn|7
|
|t:|1760384019
|move|p2a: Iron Moth|Fiery Dance|p1a: Clodsire
|-damage|p1a: Clodsire|48/100
|-boost|p2a: Iron Moth|spa|1
|move|p1a: Clodsire|Recover|p1a: Clodsire
|-heal|p1a: Clodsire|98/100
|
|upkeep
|turn|8
|
|t:|1760384023
|move|p2a: Iron Moth|Fiery Dance|p1a: Clodsire
|-damage|p1a: Clodsire|75/100
|-boost|p2a: Iron Moth|spa|1
|move|p1a: Clodsire|Earthquake|p2a: Iron Moth
|-supereffective|p2a: Iron Moth
|-crit|p2a: Iron Moth
|-damage|p2a: Iron Moth|0 fnt
|faint|p2a: Iron Moth
|-end|p2a: Iron Moth|Quark Drive|[silent]
|
|upkeep
|
|t:|1760384026
|switch|p2a: Great Tusk|Great Tusk|100/100
|turn|9
|
|t:|1760384029
|switch|p1a: Dondozo|Dondozo, F|100/100
|move|p2a: Great Tusk|Stealth Rock|p1a: Dondozo
|-sidestart|p1: Potential Man|move: Stealth Rock
|
|upkeep
|turn|10
|
|t:|1760384036
|move|p2a: Great Tusk|Rapid Spin|p1a: Dondozo
|-damage|p1a: Dondozo|93/100
|-boost|p2a: Great Tusk|spe|1
|-sideend|p2: fregene97|Stealth Rock|[from] move: Rapid Spin|[of] p2a: Great Tusk
|move|p1a: Dondozo|Curse|p1a: Dondozo
|-unboost|p1a: Dondozo|spe|1
|-boost|p1a: Dondozo|atk|1
|-boost|p1a: Dondozo|def|1
|
|-heal|p1a: Dondozo|99/100|[from] item: Leftovers
|upkeep
|turn|11
|
|t:|1760384039
|-end|p2a: Great Tusk|Protosynthesis|[silent]
|switch|p2a: Zamazenta|Zamazenta|100/100
|-ability|p2a: Zamazenta|Dauntless Shield|boost
|-boost|p2a: Zamazenta|def|1
|move|p1a: Dondozo|Body Press|p2a: Zamazenta
|-damage|p2a: Zamazenta|68/100
|
|-heal|p2a: Zamazenta|74/100|[from] item: Leftovers
|-heal|p1a: Dondozo|100/100|[from] item: Leftovers
|upkeep
|turn|12
|
|t:|1760384041
|move|p1a: Dondozo|Curse|p1a: Dondozo
|-unboost|p1a: Dondozo|spe|1
|-boost|p1a: Dondozo|atk|1
|-boost|p1a: Dondozo|def|1
|move|p2a: Zamazenta|Roar|p1a: Dondozo
|drag|p1a: Cinderace|Cinderace, M|100/100
|
|-heal|p2a: Zamazenta|80/100|[from] item: Leftovers
|upkeep
|turn|13
|
|t:|1760384045
|move|p2a: Zamazenta|Iron Defense|p2a: Zamazenta
|-boost|p2a: Zamazenta|def|2
|move|p1a: Cinderace|Pyro Ball|p2a: Zamazenta
|-damage|p2a: Zamazenta|63/100
|
|-heal|p2a: Zamazenta|70/100|[from] item: Leftovers
|upkeep
|turn|14
|
|t:|1760384049
|switch|p1a: Clodsire|Clodsire, M|75/100
|move|p2a: Zamazenta|Iron Defense|p2a: Zamazenta
|-boost|p2a: Zamazenta|def|2
|
|-heal|p2a: Zamazenta|76/100|[from] item: Leftovers
|upkeep
|turn|15
|
|t:|1760384051
|move|p1a: Clodsire|Toxic|p2a: Zamazenta
|-status|p2a: Zamazenta|tox
|move|p2a: Zamazenta|Roar|p1a: Clodsire
|drag|p1a: Ogerpon|Ogerpon, F|100/100
|-damage|p1a: Ogerpon|88/100|[from] Stealth Rock
|
|-heal|p2a: Zamazenta|82/100 tox|[from] item: Leftovers
|-damage|p2a: Zamazenta|76/100 tox|[from] psn
|upkeep
|turn|16
|
|t:|1760384057
|switch|p1a: Clodsire|Clodsire, M|75/100
|move|p2a: Zamazenta|Body Press|p1a: Clodsire
|-resisted|p1a: Clodsire
|-damage|p1a: Clodsire|54/100
|
|-heal|p2a: Zamazenta|82/100 tox|[from] item: Leftovers
|-damage|p2a: Zamazenta|70/100 tox|[from] psn
|upkeep
|turn|17
|
|t:|1760384059
|move|p1a: Clodsire|Recover|p1a: Clodsire
|-heal|p1a: Clodsire|100/100
|move|p2a: Zamazenta|Roar|p1a: Clodsire
|drag|p1a: Ogerpon|Ogerpon, F|88/100
|-damage|p1a: Ogerpon|76/100|[from] Stealth Rock
|
|-heal|p2a: Zamazenta|76/100 tox|[from] item: Leftovers
|-damage|p2a: Zamazenta|57/100 tox|[from] psn
|upkeep
|turn|18
|
|t:|1760384067
|switch|p1a: Clodsire|Clodsire, M|100/100
|move|p2a: Zamazenta|Body Press|p1a: Clodsire
|-resisted|p1a: Clodsire
|-damage|p1a: Clodsire|82/100
|
|-heal|p2a: Zamazenta|63/100 tox|[from] item: Leftovers
|-damage|p2a: Zamazenta|39/100 tox|[from] psn
|upkeep
|turn|19
|
|t:|1760384071
|move|p1a: Clodsire|Recover|p1a: Clodsire
|-heal|p1a: Clodsire|100/100
|move|p2a: Zamazenta|Roar|p1a: Clodsire
|drag|p1a: Cinderace|Cinderace, M|100/100
|
|-heal|p2a: Zamazenta|45/100 tox|[from] item: Leftovers
|-damage|p2a: Zamazenta|14/100 tox|[from] psn
|upkeep
|turn|20
|
|t:|1760384075
|switch|p1a: Dondozo|Dondozo, F|100/100
|-damage|p1a: Dondozo|88/100|[from] Stealth Rock
|move|p2a: Zamazenta|Body Press|p1a: Dondozo
|-damage|p1a: Dondozo|72/100
|
|-heal|p2a: Zamazenta|20/100 tox|[from] item: Leftovers
|-heal|p1a: Dondozo|78/100|[from] item: Leftovers
|-damage|p2a: Zamazenta|0 fnt|[from] psn
|faint|p2a: Zamazenta
|upkeep
|
|t:|1760384078
|switch|p2a: Raging Bolt|Raging Bolt|100/100
|-enditem|p2a: Raging Bolt|Booster Energy
|-activate|p2a: Raging Bolt|ability: Protosynthesis|[fromitem]
|-start|p2a: Raging Bolt|protosynthesisspa
|turn|21
|
|t:|1760384081
|switch|p1a: Clodsire|Clodsire, M|100/100
|move|p2a: Raging Bolt|Calm Mind|p2a: Raging Bolt
|-boost|p2a: Raging Bolt|spa|1
|-boost|p2a: Raging Bolt|spd|1
|
|upkeep
|turn|22
|
|t:|1760384084
|move|p2a: Raging Bolt|Dragon Pulse|p1a: Clodsire
|-damage|p1a: Clodsire|62/100
|move|p1a: Clodsire|Toxic|p2a: Raging Bolt
|-status|p2a: Raging Bolt|tox
|
|-damage|p2a: Raging Bolt|94/100 tox|[from] psn
|upkeep
|turn|23
|
|t:|1760384089
|move|p2a: Raging Bolt|Calm Mind|p2a: Raging Bolt
|-boost|p2a: Raging Bolt|spa|1
|-boost|p2a: Raging Bolt|spd|1
|move|p1a: Clodsire|Recover|p1a: Clodsire
|-heal|p1a: Clodsire|100/100
|
|-damage|p2a: Raging Bolt|82/100 tox|[from] psn
|upkeep
|turn|24
|
|t:|1760384091
|move|p2a: Raging Bolt|Dragon Pulse|p1a: Clodsire
|-damage|p1a: Clodsire|64/100
|move|p1a: Clodsire|Earthquake|p2a: Raging Bolt
|-supereffective|p2a: Raging Bolt
|-damage|p2a: Raging Bolt|33/100 tox
|
|-damage|p2a: Raging Bolt|15/100 tox|[from] psn
|upkeep
|turn|25
|
|t:|1760384094
|move|p2a: Raging Bolt|Dragon Pulse|p1a: Clodsire
|-damage|p1a: Clodsire|29/100
|move|p1a: Clodsire|Recover|p1a: Clodsire
|-heal|p1a: Clodsire|79/100
|
|-damage|p2a: Raging Bolt|0 fnt|[from] psn
|faint|p2a: Raging Bolt
|-end|p2a: Raging Bolt|Protosynthesis|[silent]
|upkeep
|l|☆fregene97
|inactive|fregene97 disconnected and has a minute to reconnect!
|player|p2|
|inactive|fregene97 has 30 seconds to reconnect!
|inactive|fregene97 has 20 seconds to reconnect!
|inactive|fregene97 has 15 seconds to reconnect!
|inactive|fregene97 has 10 seconds to reconnect!
|inactive|fregene97 has 5 seconds to reconnect!
|-message|fregene97 lost due to inactivity.
|
|win|Potential Man
|raw|Potential Man's rating: 1532 &rarr; <strong>1550</strong><br />(+18 for winning)
|raw|fregene97's rating: 1497 &rarr; <strong>1479</strong><br />(-18 for losing)
|l|☆Potential Man
|player|p1|
