|j|☆moffe612
|j|☆indigomonkey
|t:|1760306552
|gametype|singles
|player|p1|moffe612|170|1244
|player|p2|indigomonkey|102|1245
|gen|9
|tier|[Gen 9] OU
|rated|
|rule|HP Percentage Mod: HP is shown in percentages
|rule|Endless Battle Clause: Forcing endless battles is banned
|rule|Species Clause: Limit one of each Pokémon
|rule|OHKO Clause: OHKO moves are banned
|rule|Evasion Items Clause: Evasion items are banned
|rule|Evasion Moves Clause: Evasion moves are banned
|rule|Evasion Abilities Clause: Evasion abilities are banned
|rule|Sleep Moves Clause: Sleep-inducing moves are banned
|clearpoke
|poke|p1|Gliscor, M|
|poke|p1|Gholdengo|
|poke|p1|Kyurem|
|poke|p1|Ogerpon-Wellspring, F|
|poke|p1|Ambipom, F|
|poke|p1|Ceruledge, F|
|poke|p2|Rillaboom, F|
|poke|p2|Raging Bolt|
|poke|p2|Ogerpon-Wellspring, F|
|poke|p2|Great Tusk|
|poke|p2|Kingambit, F|
|poke|p2|Hatterene, F|
|teampreview
|inactive|Battle timer is ON: inactive players will automatically lose when time's up. (requested by indigomonkey)
|inactive|moffe612 also wants the timer to be on.
|
|t:|1760306562
|teamsize|p1|6
|teamsize|p2|6
|start
|switch|p1a: Ambipom|Ambipom, F, shiny|100/100
|switch|p2a: Rillaboom|Rillaboom, F|100/100
|-fieldstart|move: Grassy Terrain|[from] ability: Grassy Surge|[of] p2a: Rillaboom
|turn|1
|
|t:|1760306587
|move|p1a: Ambipom|Fake Out|p2a: Rillaboom
|-damage|p2a: Rillaboom|69/100
|-damage|p1a: Ambipom|91/100|[from] item: Life Orb
|cant|p2a: Rillaboom|flinch
|
|-heal|p1a: Ambipom|97/100|[from] Grassy Terrain
|-heal|p2a: Rillaboom|75/100|[from] Grassy Terrain
|upkeep
|turn|2
|
|t:|1760306597
|move|p1a: Ambipom|U-turn|p2a: Rillaboom
|-supereffective|p2a: Rillaboom
|-damage|p2a: Rillaboom|25/100
|-damage|p1a: Ambipom|87/100|[from] item: Life Orb
|
|t:|1760306601
|switch|p1a: Ceruledge|Ceruledge, F|100/100|[from] U-turn
|move|p2a: Rillaboom|Wood Hammer|p1a: Ceruledge
|-resisted|p1a: Ceruledge
|-damage|p1a: Ceruledge|41/100
|-ability|p1a: Ceruledge|Weak Armor|boost
|-unboost|p1a: Ceruledge|def|1
|-boost|p1a: Ceruledge|spe|2
|-damage|p2a: Rillaboom|10/100|[from] Recoil
|
|-heal|p1a: Ceruledge|47/100|[from] Grassy Terrain
|-heal|p2a: Rillaboom|17/100|[from] Grassy Terrain
|upkeep
|turn|3
|
|t:|1760306625
|switch|p2a: Great Tusk|Great Tusk|100/100
|-enditem|p2a: Great Tusk|Booster Energy
|-activate|p2a: Great Tusk|ability: Protosynthesis|[fromitem]
|-start|p2a: Great Tusk|protosynthesisspe
|move|p1a: Ceruledge|Bitter Blade|p2a: Great Tusk
|-damage|p2a: Great Tusk|72/100
|-heal|p1a: Ceruledge|68/100|[from] drain|[of] p2a: Great Tusk
|
|-heal|p1a: Ceruledge|74/100|[from] Grassy Terrain
|-heal|p2a: Great Tusk|78/100|[from] Grassy Terrain
|upkeep
|turn|4
|
|t:|1760306645
|move|p1a: Ceruledge|Bitter Blade|p2a: Great Tusk
|-damage|p2a: Great Tusk|51/100
|-heal|p1a: Ceruledge|95/100|[from] drain|[of] p2a: Great Tusk
|move|p2a: Great Tusk|Headlong Rush|p1a: Ceruledge
|-supereffective|p1a: Ceruledge
|-damage|p1a: Ceruledge|0 fnt
|-unboost|p2a: Great Tusk|def|1
|-unboost|p2a: Great Tusk|spd|1
|faint|p1a: Ceruledge
|
|-heal|p2a: Great Tusk|57/100|[from] Grassy Terrain
|upkeep
|
|t:|1760306654
|switch|p1a: Gliscor|Gliscor, M, shiny|100/100
|turn|5
|
|t:|1760306665
|move|p2a: Great Tusk|Bulk Up|p2a: Great Tusk
|-boost|p2a: Great Tusk|atk|1
|-boost|p2a: Great Tusk|def|1
|move|p1a: Gliscor|Swords Dance|p1a: Gliscor
|-boost|p1a: Gliscor|atk|2
|
|-heal|p2a: Great Tusk|64/100|[from] Grassy Terrain
|-status|p1a: Gliscor|tox|[from] item: Toxic Orb
|upkeep
|turn|6
|
|t:|1760306678
|move|p2a: Great Tusk|Ice Spinner|p1a: Gliscor
|-supereffective|p1a: Gliscor
|-damage|p1a: Gliscor|0 fnt
|-fieldend|move: Grassy Terrain
|faint|p1a: Gliscor
|
|upkeep
|
|t:|1760306682
|switch|p1a: Kyurem|Kyurem, shiny|100/100
|-ability|p1a: Kyurem|Pressure
|turn|7
|
|t:|1760306692
|move|p2a: Great Tusk|Headlong Rush|p1a: Kyurem
|-damage|p1a: Kyurem|25/100
|-unboost|p2a: Great Tusk|def|1
|-unboost|p2a: Great Tusk|spd|1
|move|p1a: Kyurem|Icicle Spear|p2a: Great Tusk
|-supereffective|p2a: Great Tusk
|-damage|p2a: Great Tusk|36/100
|-supereffective|p2a: Great Tusk
|-crit|p2a: Great Tusk
|-damage|p2a: Great Tusk|0 fnt
|faint|p2a: Great Tusk
|-end|p2a: Great Tusk|Protosynthesis|[silent]
|-hitcount|p2: Great Tusk|2
|
|upkeep
|inactive|indigomonkey has 120 seconds left.
|
|t:|1760306727
|switch|p2a: Ogerpon|Ogerpon-Wellspring, F|100/100
|turn|8
|
|t:|1760306736
|move|p2a: Ogerpon|Play Rough|p1a: Kyurem|[miss]
|-miss|p2a: Ogerpon|p1a: Kyurem
|move|p1a: Kyurem|Icicle Spear|p2a: Ogerpon
|-damage|p2a: Ogerpon|83/100
|-damage|p2a: Ogerpon|66/100
|-damage|p2a: Ogerpon|47/100
|-damage|p2a: Ogerpon|30/100
|-damage|p2a: Ogerpon|13/100
|-hitcount|p2a: Ogerpon|5
|
|upkeep
|turn|9
|inactive|indigomonkey has 120 seconds left.
|
|t:|1760306756
|switch|p2a: Hatterene|Hatterene, F|100/100
|switch|p1a: Gholdengo|Gholdengo|100/100
|-item|p1a: Gholdengo|Air Balloon
|
|upkeep
|turn|10
|
|t:|1760306774
|switch|p2a: Raging Bolt|Raging Bolt|100/100
|move|p1a: Gholdengo|Nasty Plot|p1a: Gholdengo
|-boost|p1a: Gholdengo|spa|2
|
|upkeep
|turn|11
|
|t:|1760306783
|move|p2a: Raging Bolt|Thunderclap|p1a: Gholdengo
|-damage|p1a: Gholdengo|55/100
|-enditem|p1a: Gholdengo|Air Balloon
|move|p1a: Gholdengo|Dazzling Gleam|p2a: Raging Bolt
|-supereffective|p2a: Raging Bolt
|-damage|p2a: Raging Bolt|0 fnt
|faint|p2a: Raging Bolt
|-end|p2a: Raging Bolt|Protosynthesis|[silent]
|
|upkeep
|
|t:|1760306802
|switch|p2a: Ogerpon|Ogerpon-Wellspring, F|13/100
|turn|12
|
|t:|1760306809
|-terastallize|p2a: Ogerpon|Water
|detailschange|p2a: Ogerpon|Ogerpon-Wellspring-Tera, F, tera:Water
|-ability|p2a: Ogerpon|Embody Aspect (Wellspring)|boost
|-boost|p2a: Ogerpon|spd|1
|move|p2a: Ogerpon|Ivy Cudgel|p1a: Gholdengo|[anim] Ivy Cudgel Water
|-damage|p1a: Gholdengo|0 fnt
|faint|p1a: Gholdengo
|
|upkeep
|
|t:|1760306817
|switch|p1a: Ambipom|Ambipom, F, shiny|87/100
|turn|13
|inactive|indigomonkey has 120 seconds left.
|
|t:|1760306830
|switch|p2a: Kingambit|Kingambit, F|100/100
|-activate|p2a: Kingambit|ability: Supreme Overlord
|-start|p2a: Kingambit|fallen2|[silent]
|move|p1a: Ambipom|Fake Out|p2a: Kingambit
|-resisted|p2a: Kingambit
|-damage|p2a: Kingambit|86/100
|-damage|p1a: Ambipom|77/100|[from] item: Life Orb
|
|upkeep
|turn|14
|inactive|indigomonkey has 120 seconds left.
|
|t:|1760306841
|move|p1a: Ambipom|Low Kick|p2a: Kingambit
|-supereffective|p2a: Kingambit
|-crit|p2a: Kingambit
|-damage|p2a: Kingambit|0 fnt
|faint|p2a: Kingambit
|-end|p2a: Kingambit|fallen2|[silent]
|-damage|p1a: Ambipom|67/100|[from] item: Life Orb
|
|upkeep
|
|t:|1760306850
|switch|p2a: Rillaboom|Rillaboom, F|17/100
|-fieldstart|move: Grassy Terrain|[from] ability: Grassy Surge|[of] p2a: Rillaboom
|turn|15
|inactive|indigomonkey has 120 seconds left.
|
|t:|1760306855
|move|p2a: Rillaboom|Grassy Glide|p1a: Ambipom
|-damage|p1a: Ambipom|0 fnt
|faint|p1a: Ambipom
|
|-heal|p2a: Rillaboom|23/100|[from] Grassy Terrain
|upkeep
|
|t:|1760306861
|switch|p1a: Ogerpon|Ogerpon-Wellspring, F|100/100
|turn|16
|
|t:|1760306868
|move|p2a: Rillaboom|Grassy Glide|p1a: Ogerpon
|-damage|p1a: Ogerpon|48/100
|move|p1a: Ogerpon|Horn Leech|p2a: Rillaboom
|-resisted|p2a: Rillaboom
|-damage|p2a: Rillaboom|0 fnt
|-heal|p1a: Ogerpon|63/100|[from] drain|[of] p2a: Rillaboom
|faint|p2a: Rillaboom
|
|-heal|p1a: Ogerpon|69/100|[from] Grassy Terrain
|upkeep
|
|t:|1760306877
|switch|p2a: Ogerpon|Ogerpon-Wellspring-Tera, F, tera:Water|13/100
|-ability|p2a: Ogerpon|Embody Aspect (Wellspring)|boost
|-boost|p2a: Ogerpon|spd|1
|turn|17
|
|t:|1760306884
|move|p2a: Ogerpon|Grassy Glide|p1a: Ogerpon
|-damage|p1a: Ogerpon|14/100
|move|p1a: Ogerpon|Horn Leech|p2a: Ogerpon
|-supereffective|p2a: Ogerpon
|-damage|p2a: Ogerpon|0 fnt
|-heal|p1a: Ogerpon|20/100|[from] drain|[of] p2a: Ogerpon
|faint|p2a: Ogerpon
|detailschange|p2: Ogerpon|Ogerpon-Wellspring, F|[silent]
|
|-heal|p1a: Ogerpon|26/100|[from] Grassy Terrain
|upkeep
|
|t:|1760306894
|switch|p2a: Hatterene|Hatterene, F|100/100
|-enditem|p2a: Hatterene|Grassy Seed
|-boost|p2a: Hatterene|def|1|[from] item: Grassy Seed
|turn|18
|
|t:|1760306906
|move|p1a: Ogerpon|Horn Leech|p2a: Hatterene
|-damage|p2a: Hatterene|60/100
|-heal|p1a: Ogerpon|48/100|[from] drain|[of] p2a: Hatterene
|move|p2a: Hatterene|Draining Kiss|p1a: Ogerpon
|-damage|p1a: Ogerpon|22/100
|-heal|p2a: Hatterene|78/100|[from] drain|[of] p1a: Ogerpon
|
|-heal|p1a: Ogerpon|28/100|[from] Grassy Terrain
|-heal|p2a: Hatterene|84/100|[from] Grassy Terrain
|upkeep
|turn|19
|
|t:|1760306918
|move|p1a: Ogerpon|Swords Dance|p1a: Ogerpon
|-boost|p1a: Ogerpon|atk|2
|move|p2a: Hatterene|Nuzzle|p1a: Ogerpon
|-damage|p1a: Ogerpon|22/100
|-status|p1a: Ogerpon|par
|
|-heal|p1a: Ogerpon|28/100 par|[from] Grassy Terrain
|-heal|p2a: Hatterene|90/100|[from] Grassy Terrain
|upkeep
|turn|20
|
|t:|1760306928
|move|p1a: Ogerpon|Horn Leech|p2a: Hatterene
|-damage|p2a: Hatterene|0 fnt
|-heal|p1a: Ogerpon|76/100 par|[from] drain|[of] p2a: Hatterene
|faint|p2a: Hatterene
|
|win|moffe612
|raw|moffe612's rating: 1244 &rarr; <strong>1269</strong><br />(+25 for winning)
|raw|indigomonkey's rating: 1245 &rarr; <strong>1220</strong><br />(-25 for losing)
|l|☆moffe612
|player|p1|
|l|☆indigomonkey
|player|p2|
