|j|☆adamsandlerfan38
|j|☆Oxymore25
|t:|1760389294
|gametype|singles
|player|p1|adamsandlerfan38|ghetsis|1386
|player|p2|Oxymore25|265|1423
|gen|9
|tier|[Gen 9] OU
|rated|
|rule|HP Percentage Mod: HP is shown in percentages
|rule|Endless Battle Clause: Forcing endless battles is banned
|rule|Species Clause: Limit one of each Pokémon
|rule|OHKO Clause: OHKO moves are banned
|rule|Evasion Items Clause: Evasion items are banned
|rule|Evasion Moves Clause: Evasion moves are banned
|rule|Evasion Abilities Clause: Evasion abilities are banned
|rule|Sleep Moves Clause: Sleep-inducing moves are banned
|clearpoke
|poke|p1|Meganium, M|
|poke|p1|Scream Tail|
|poke|p1|Greninja-*, M|
|poke|p1|Moltres|
|poke|p1|Pecharunt|
|poke|p1|Iron Boulder|
|poke|p2|Deoxys-Speed|
|poke|p2|Gholdengo|
|poke|p2|Iron Treads|
|poke|p2|Dragonite, M|
|poke|p2|Iron Moth|
|poke|p2|Samurott-Hisui, M|
|teampreview
|inactive|Battle timer is ON: inactive players will automatically lose when time's up. (requested by Oxymore25)
|
|t:|1760389309
|teamsize|p1|6
|teamsize|p2|6
|start
|switch|p1a: potential man|Meganium, M, shiny|100/100
|switch|p2a: Iron Treads|Iron Treads|100/100
|-enditem|p2a: Iron Treads|Booster Energy
|-activate|p2a: Iron Treads|ability: Quark Drive|[fromitem]
|-start|p2a: Iron Treads|quarkdrivespe
|turn|1
|
|t:|1760389324
|move|p2a: Iron Treads|Stealth Rock|p1a: potential man
|-sidestart|p1: adamsandlerfan38|move: Stealth Rock
|move|p1a: potential man|Swords Dance|p1a: potential man
|-boost|p1a: potential man|atk|2
|
|upkeep
|turn|2
|
|t:|1760389331
|-end|p2a: Iron Treads|Quark Drive|[silent]
|switch|p2a: Iron Moth|Iron Moth|100/100
|-enditem|p2a: Iron Moth|Booster Energy
|-activate|p2a: Iron Moth|ability: Quark Drive|[fromitem]
|-start|p2a: Iron Moth|quarkdrivespe
|move|p1a: potential man|Trailblaze|p2a: Iron Moth
|-resisted|p2a: Iron Moth
|-damage|p2a: Iron Moth|86/100
|-boost|p1a: potential man|spe|1
|
|upkeep
|turn|3
|
|t:|1760389344
|-terastallize|p1a: potential man|Ground
|move|p2a: Iron Moth|Fiery Dance|p1a: potential man
|-damage|p1a: potential man|60/100
|move|p1a: potential man|Earthquake|p2a: Iron Moth
|-supereffective|p2a: Iron Moth
|-damage|p2a: Iron Moth|0 fnt
|faint|p2a: Iron Moth
|-end|p2a: Iron Moth|Quark Drive|[silent]
|
|-heal|p1a: potential man|66/100|[from] item: Leftovers
|upkeep
|
|t:|1760389359
|switch|p2a: Deoxys|Deoxys-Speed|100/100
|-ability|p2a: Deoxys|Pressure
|turn|4
|
|t:|1760389363
|move|p2a: Deoxys|Ice Beam|p1a: potential man
|-supereffective|p1a: potential man
|-damage|p1a: potential man|8/100
|-damage|p2a: Deoxys|91/100|[from] item: Life Orb
|move|p1a: potential man|Trailblaze|p2a: Deoxys
|-damage|p2a: Deoxys|0 fnt
|-boost|p1a: potential man|spe|1
|faint|p2a: Deoxys
|
|-heal|p1a: potential man|14/100|[from] item: Leftovers
|upkeep
|
|t:|1760389374
|switch|p2a: Dragonite|Dragonite, M|100/100
|turn|5
|
|t:|1760389378
|move|p2a: Dragonite|Extreme Speed|p1a: potential man
|-damage|p1a: potential man|0 fnt
|faint|p1a: potential man
|
|upkeep
|
|t:|1760389385
|switch|p1a: 007|Greninja, M|100/100
|-damage|p1a: 007|88/100|[from] Stealth Rock
|turn|6
|inactive|Oxymore25 has 120 seconds left.
|inactive|Oxymore25 has 90 seconds left.
|
|t:|1760389456
|move|p1a: 007|Ice Beam|p2a: Dragonite
|-supereffective|p2a: Dragonite
|-damage|p2a: Dragonite|40/100
|move|p2a: Dragonite|Dragon Dance|p2a: Dragonite
|-boost|p2a: Dragonite|atk|1
|-boost|p2a: Dragonite|spe|1
|
|upkeep
|turn|7
|
|t:|1760389465
|-terastallize|p2a: Dragonite|Normal
|move|p2a: Dragonite|Extreme Speed|p1a: 007
|-damage|p1a: 007|0 fnt
|faint|p1a: 007
|
|upkeep
|
|t:|1760389478
|switch|p1a: noli|Pecharunt|100/100
|-damage|p1a: noli|88/100|[from] Stealth Rock
|turn|8
|
|t:|1760389484
|move|p2a: Dragonite|Earthquake|p1a: noli
|-supereffective|p1a: noli
|-damage|p1a: noli|28/100
|move|p1a: noli|Malignant Chain|p2a: Dragonite
|-crit|p2a: Dragonite
|-damage|p2a: Dragonite|0 fnt
|faint|p2a: Dragonite
|
|-heal|p1a: noli|34/100|[from] item: Leftovers
|upkeep
|
|t:|1760389494
|switch|p2a: Iron Treads|Iron Treads|100/100
|turn|9
|
|t:|1760389508
|move|p2a: Iron Treads|Knock Off|p1a: noli
|-supereffective|p1a: noli
|-damage|p1a: noli|3/100
|-enditem|p1a: noli|Leftovers|[from] move: Knock Off|[of] p2a: Iron Treads
|move|p1a: noli|Recover|p1a: noli
|-heal|p1a: noli|53/100
|
|upkeep
|turn|10
|
|t:|1760389519
|move|p2a: Iron Treads|Earthquake|p1a: noli
|-supereffective|p1a: noli
|-damage|p1a: noli|5/100
|move|p1a: noli|Recover|p1a: noli
|-heal|p1a: noli|55/100
|
|upkeep
|turn|11
|
|t:|1760389525
|move|p2a: Iron Treads|Earthquake|p1a: noli
|-supereffective|p1a: noli
|-damage|p1a: noli|7/100
|move|p1a: noli|Parting Shot|p2a: Iron Treads
|-unboost|p2a: Iron Treads|atk|1
|-unboost|p2a: Iron Treads|spa|1
|
|t:|1760389531
|switch|p1a: nirvana|Moltres|100/100|[from] Parting Shot
|
|upkeep
|turn|12
|inactive|Oxymore25 has 120 seconds left.
|
|t:|1760389537
|-end|p2a: Iron Treads|Quark Drive|[silent]
|switch|p2a: Samurott|Samurott-Hisui, M|100/100
|move|p1a: nirvana|Flamethrower|p2a: Samurott
|-resisted|p2a: Samurott
|-damage|p2a: Samurott|63/100
|
|upkeep
|turn|13
|
|t:|1760389549
|move|p2a: Samurott|Ceaseless Edge|p1a: nirvana
|-damage|p1a: nirvana|57/100
|-status|p2a: Samurott|brn|[from] ability: Flame Body|[of] p1a: nirvana
|-sidestart|p1: adamsandlerfan38|Spikes
|move|p1a: nirvana|U-turn|p2a: Samurott
|-supereffective|p2a: Samurott
|-damage|p2a: Samurott|24/100 brn
|
|t:|1760389559
|switch|p1a: for charity|Iron Boulder|100/100|[from] U-turn
|-damage|p1a: for charity|88/100|[from] Stealth Rock
|-damage|p1a: for charity|76/100|[from] Spikes
|-enditem|p1a: for charity|Booster Energy
|-activate|p1a: for charity|ability: Quark Drive|[fromitem]
|-start|p1a: for charity|quarkdrivespe
|
|-damage|p2a: Samurott|17/100 brn|[from] brn
|upkeep
|turn|14
|
|t:|1760389573
|move|p1a: for charity|Swords Dance|p1a: for charity
|-boost|p1a: for charity|atk|2
|move|p2a: Samurott|Razor Shell|p1a: for charity
|-supereffective|p1a: for charity
|-damage|p1a: for charity|10/100
|
|-damage|p2a: Samurott|11/100 brn|[from] brn
|upkeep
|turn|15
|
|t:|1760389587
|move|p1a: for charity|Mighty Cleave|p2a: Samurott
|-damage|p2a: Samurott|0 fnt
|faint|p2a: Samurott
|
|upkeep
|
|t:|1760389592
|switch|p2a: Gholdengo|Gholdengo|100/100
|-item|p2a: Gholdengo|Air Balloon
|turn|16
|
|t:|1760389598
|move|p1a: for charity|Zen Headbutt|p2a: Gholdengo
|-resisted|p2a: Gholdengo
|-damage|p2a: Gholdengo|72/100
|-enditem|p2a: Gholdengo|Air Balloon
|move|p2a: Gholdengo|Nasty Plot|p2a: Gholdengo
|-boost|p2a: Gholdengo|spa|2
|
|upkeep
|turn|17
|
|t:|1760389608
|move|p1a: for charity|Mighty Cleave|p2a: Gholdengo
|-resisted|p2a: Gholdengo
|-damage|p2a: Gholdengo|41/100
|move|p2a: Gholdengo|Shadow Ball|p1a: for charity
|-supereffective|p1a: for charity
|-damage|p1a: for charity|0 fnt
|faint|p1a: for charity
|-end|p1a: for charity|Quark Drive|[silent]
|
|upkeep
|
|t:|1760389617
|switch|p1a: nirvana|Moltres|57/100
|turn|18
|
|t:|1760389620
|move|p1a: nirvana|Flamethrower|p2a: Gholdengo
|-supereffective|p2a: Gholdengo
|-damage|p2a: Gholdengo|0 fnt
|faint|p2a: Gholdengo
|
|upkeep
|-message|Oxymore25 forfeited.
|
|win|adamsandlerfan38
|raw|adamsandlerfan38's rating: 1386 &rarr; <strong>1408</strong><br />(+22 for winning)
|raw|Oxymore25's rating: 1423 &rarr; <strong>1401</strong><br />(-22 for losing)
|l|☆Oxymore25
|player|p2|
|l|☆adamsandlerfan38
|player|p1|
