|j|☆Graveler's Delight
|j|☆I will eat another
|t:|1760441421
|gametype|singles
|player|p1|Graveler's Delight|scientist-gen4dp|1331
|player|p2|I will eat another|plasmagrunt|1358
|gen|9
|tier|[Gen 9] OU
|rated|
|rule|HP Percentage Mod: HP is shown in percentages
|rule|Endless Battle Clause: Forcing endless battles is banned
|rule|Species Clause: Limit one of each Pokémon
|rule|OHKO Clause: OHKO moves are banned
|rule|Evasion Items Clause: Evasion items are banned
|rule|Evasion Moves Clause: Evasion moves are banned
|rule|Evasion Abilities Clause: Evasion abilities are banned
|rule|Sleep Moves Clause: Sleep-inducing moves are banned
|clearpoke
|poke|p1|Iron Moth|
|poke|p1|Tyranitar, F|
|poke|p1|Gholdengo|
|poke|p1|Excadrill, F|
|poke|p1|Ogerpon-Wellspring, F|
|poke|p1|Vikavolt, M|
|poke|p2|Breloom, M|
|poke|p2|Swinub, F|
|poke|p2|Iron Crown|
|poke|p2|Glimmora, M|
|poke|p2|Talonflame, M|
|poke|p2|Greninja-*, F|
|teampreview
|inactive|Battle timer is ON: inactive players will automatically lose when time's up. (requested by I will eat another)
|inactive|Graveler's Delight also wants the timer to be on.
|
|t:|1760441435
|teamsize|p1|6
|teamsize|p2|6
|start
|switch|p1a: Tyranitar|Tyranitar, F|100/100
|switch|p2a: Kapilz|Breloom, M|100/100
|-weather|Sandstorm|[from] ability: Sand Stream|[of] p1a: Tyranitar
|turn|1
|
|t:|1760441443
|move|p2a: Kapilz|Bullet Seed|p1a: Tyranitar
|-supereffective|p1a: Tyranitar
|-damage|p1a: Tyranitar|59/100
|-supereffective|p1a: Tyranitar
|-damage|p1a: Tyranitar|16/100
|-supereffective|p1a: Tyranitar
|-damage|p1a: Tyranitar|0 fnt
|faint|p1a: Tyranitar
|-hitcount|p1: Tyranitar|3
|-damage|p2a: Kapilz|91/100|[from] item: Life Orb
|
|-weather|Sandstorm|[upkeep]
|-damage|p2a: Kapilz|84/100|[from] Sandstorm
|upkeep
|
|t:|1760441455
|switch|p1a: Vikavolt|Vikavolt, M|100/100
|turn|2
|
|t:|1760441459
|move|p2a: Kapilz|Rock Tomb|p1a: Vikavolt
|-supereffective|p1a: Vikavolt
|-enditem|p1a: Vikavolt|Focus Sash
|-damage|p1a: Vikavolt|1/100
|-unboost|p1a: Vikavolt|spe|1
|-damage|p2a: Kapilz|74/100|[from] item: Life Orb
|move|p1a: Vikavolt|Energy Ball|p2a: Kapilz
|-resisted|p2a: Kapilz
|-damage|p2a: Kapilz|40/100
|
|-weather|Sandstorm|[upkeep]
|-damage|p2a: Kapilz|33/100|[from] Sandstorm
|-damage|p1a: Vikavolt|0 fnt|[from] Sandstorm
|faint|p1a: Vikavolt
|upkeep
|
|t:|1760441467
|switch|p1a: Iron Moth|Iron Moth|100/100
|-enditem|p1a: Iron Moth|Booster Energy
|-activate|p1a: Iron Moth|ability: Quark Drive|[fromitem]
|-start|p1a: Iron Moth|quarkdrivespe
|turn|3
|
|t:|1760441475
|move|p1a: Iron Moth|Fiery Dance|p2a: Kapilz
|-supereffective|p2a: Kapilz
|-damage|p2a: Kapilz|0 fnt
|faint|p2a: Kapilz
|
|-weather|Sandstorm|[upkeep]
|-damage|p1a: Iron Moth|95/100|[from] Sandstorm
|upkeep
|
|t:|1760441481
|switch|p2a: Eisenkrone|Iron Crown|100/100
|-enditem|p2a: Eisenkrone|Booster Energy
|-activate|p2a: Eisenkrone|ability: Quark Drive|[fromitem]
|-start|p2a: Eisenkrone|quarkdrivespe
|turn|4
|
|t:|1760441490
|move|p1a: Iron Moth|Fiery Dance|p2a: Eisenkrone
|-supereffective|p2a: Eisenkrone
|-damage|p2a: Eisenkrone|20/100
|move|p2a: Eisenkrone|Psyshock|p1a: Iron Moth
|-supereffective|p1a: Iron Moth
|-damage|p1a: Iron Moth|0 fnt
|faint|p1a: Iron Moth
|-end|p1a: Iron Moth|Quark Drive|[silent]
|
|-weather|Sandstorm|[upkeep]
|upkeep
|
|t:|1760441497
|switch|p1a: Excadrill|Excadrill, F|100/100
|turn|5
|
|t:|1760441501
|move|p1a: Excadrill|Rapid Spin|p2a: Eisenkrone
|-resisted|p2a: Eisenkrone
|-damage|p2a: Eisenkrone|10/100
|-boost|p1a: Excadrill|spe|1
|move|p2a: Eisenkrone|Focus Blast|p1a: Excadrill|[miss]
|-miss|p2a: Eisenkrone|p1a: Excadrill
|
|-weather|none
|upkeep
|turn|6
|
|t:|1760441512
|-terastallize|p1a: Excadrill|Ghost
|move|p2a: Eisenkrone|Focus Blast|p1a: Excadrill
|-immune|p1a: Excadrill
|move|p1a: Excadrill|Swords Dance|p1a: Excadrill
|-boost|p1a: Excadrill|atk|2
|
|upkeep
|turn|7
|
|t:|1760441523
|move|p2a: Eisenkrone|Tachyon Cutter|p1a: Excadrill
|-damage|p1a: Excadrill|68/100
|-damage|p1a: Excadrill|35/100
|-hitcount|p1a: Excadrill|2
|move|p1a: Excadrill|Rapid Spin|p2a: Eisenkrone
|-resisted|p2a: Eisenkrone
|-damage|p2a: Eisenkrone|0 fnt
|-boost|p1a: Excadrill|spe|1
|faint|p2a: Eisenkrone
|-end|p2a: Eisenkrone|Quark Drive|[silent]
|
|upkeep
|
|t:|1760441540
|switch|p2a: Quiekel|Swinub, F|100/100
|turn|8
|
|t:|1760441547
|move|p1a: Excadrill|Iron Head|p2a: Quiekel
|-supereffective|p2a: Quiekel
|-enditem|p2a: Quiekel|Focus Sash
|-damage|p2a: Quiekel|1/100
|move|p2a: Quiekel|Earthquake|p1a: Excadrill
|-damage|p1a: Excadrill|0 fnt
|faint|p1a: Excadrill
|
|upkeep
|
|t:|1760441560
|switch|p1a: Ogerpon|Ogerpon-Wellspring, F|100/100
|turn|9
|
|t:|1760441567
|move|p1a: Ogerpon|Encore|p2a: Quiekel
|-start|p2a: Quiekel|Encore
|move|p2a: Quiekel|Earthquake|p1a: Ogerpon
|-resisted|p1a: Ogerpon
|-damage|p1a: Ogerpon|81/100
|
|upkeep
|turn|10
|
|t:|1760441575
|switch|p1a: Gholdengo|Gholdengo|100/100
|-item|p1a: Gholdengo|Air Balloon
|switch|p2a: Fiaro|Talonflame, M|100/100
|
|upkeep
|turn|11
|
|t:|1760441583
|move|p2a: Fiaro|Flamethrower|p1a: Gholdengo
|-supereffective|p1a: Gholdengo
|-damage|p1a: Gholdengo|53/100
|-enditem|p1a: Gholdengo|Air Balloon
|move|p1a: Gholdengo|Shadow Ball|p2a: Fiaro
|-damage|p2a: Fiaro|48/100
|
|upkeep
|turn|12
|
|t:|1760441595
|-terastallize|p2a: Fiaro|Steel
|move|p2a: Fiaro|Flamethrower|p1a: Gholdengo
|-supereffective|p1a: Gholdengo
|-damage|p1a: Gholdengo|1/100
|move|p1a: Gholdengo|Shadow Ball|p2a: Fiaro
|-damage|p2a: Fiaro|0 fnt
|faint|p2a: Fiaro
|
|upkeep
|
|t:|1760441603
|switch|p2a: Quiekel|Swinub, F|1/100
|turn|13
|
|t:|1760441607
|move|p2a: Quiekel|Ice Shard|p1a: Gholdengo
|-resisted|p1a: Gholdengo
|-damage|p1a: Gholdengo|0 fnt
|faint|p1a: Gholdengo
|
|upkeep
|
|t:|1760441610
|switch|p1a: Ogerpon|Ogerpon-Wellspring, F|81/100
|turn|14
|
|t:|1760441618
|move|p1a: Ogerpon|Horn Leech|p2a: Quiekel
|-supereffective|p2a: Quiekel
|-damage|p2a: Quiekel|0 fnt
|-heal|p1a: Ogerpon|81/100|[from] drain|[of] p2a: Quiekel
|faint|p2a: Quiekel
|
|upkeep
|
|t:|1760441623
|switch|p2a: Quajutsu|Greninja, F|100/100
|turn|15
|
|t:|1760441631
|move|p2a: Quajutsu|Sludge Wave|p1a: Ogerpon
|-start|p2a: Quajutsu|typechange|Poison|[from] ability: Protean
|-supereffective|p1a: Ogerpon
|-damage|p1a: Ogerpon|0 fnt
|faint|p1a: Ogerpon
|
|win|I will eat another
|raw|Graveler&apos;s Delight's rating: 1331 &rarr; <strong>1313</strong><br />(-18 for losing)
|raw|I will eat another's rating: 1358 &rarr; <strong>1376</strong><br />(+18 for winning)
|l|☆Graveler's Delight
|player|p1|
|l|☆I will eat another
|player|p2|
