|j|☆Yailk
|j|☆Naturmacht
|t:|1760317279
|gametype|singles
|player|p1|Yailk|nate|1327
|player|p2|Naturmacht|drake-gen3|1328
|gen|9
|tier|[Gen 9] OU
|rated|
|rule|HP Percentage Mod: HP is shown in percentages
|rule|Endless Battle Clause: Forcing endless battles is banned
|rule|Species Clause: Limit one of each Pokémon
|rule|OHKO Clause: OHKO moves are banned
|rule|Evasion Items Clause: Evasion items are banned
|rule|Evasion Moves Clause: Evasion moves are banned
|rule|Evasion Abilities Clause: Evasion abilities are banned
|rule|Sleep Moves Clause: Sleep-inducing moves are banned
|clearpoke
|poke|p1|Corviknight, M|
|poke|p1|Dragapult, M|
|poke|p1|Slowking-Galar, M|
|poke|p1|Iron Valiant|
|poke|p1|Rotom-Wash|
|poke|p1|Landorus-Therian, M|
|poke|p2|Rillaboom, M|
|poke|p2|Hatterene, F|
|poke|p2|Heatran, M|
|poke|p2|Clodsire, M|
|poke|p2|Great Tusk|
|poke|p2|Ogerpon-Wellspring, F|
|teampreview
|inactive|Battle timer is ON: inactive players will automatically lose when time's up. (requested by Naturmacht)
|
|t:|1760317291
|teamsize|p1|6
|teamsize|p2|6
|start
|switch|p1a: Dragapult|Dragapult, M, shiny|100/100
|switch|p2a: Heatran|Heatran, M|100/100
|turn|1
|inactive|Yailk has 120 seconds left.
|
|t:|1760317322
|move|p1a: Dragapult|U-turn|p2a: Heatran
|-resisted|p2a: Heatran
|-damage|p2a: Heatran|93/100
|inactive|Yailk has 120 seconds left.
|
|t:|1760317328
|switch|p1a: Rotom|Rotom-Wash|100/100|[from] U-turn
|move|p2a: Heatran|Magma Storm|p1a: Rotom
|-resisted|p1a: Rotom
|-damage|p1a: Rotom|78/100
|-activate|p1a: Rotom|move: Magma Storm|[of] p2a: Heatran
|
|-heal|p2a: Heatran|99/100|[from] item: Leftovers
|-damage|p1a: Rotom|65/100|[from] move: Magma Storm|[partiallytrapped]
|upkeep
|turn|2
|inactive|Yailk has 120 seconds left.
|
|t:|1760317341
|move|p2a: Heatran|Protect|p2a: Heatran
|-singleturn|p2a: Heatran|Protect
|move|p1a: Rotom|Hydro Pump|p2a: Heatran
|-activate|p2a: Heatran|move: Protect
|
|-heal|p2a: Heatran|100/100|[from] item: Leftovers
|-damage|p1a: Rotom|53/100|[from] move: Magma Storm|[partiallytrapped]
|upkeep
|turn|3
|inactive|Yailk has 120 seconds left.
|
|t:|1760317352
|move|p1a: Rotom|Hydro Pump|p2a: Heatran
|-supereffective|p2a: Heatran
|-damage|p2a: Heatran|48/100
|move|p2a: Heatran|Stealth Rock|p1a: Rotom
|-sidestart|p1: Yailk|move: Stealth Rock
|
|-heal|p2a: Heatran|54/100|[from] item: Leftovers
|-damage|p1a: Rotom|40/100|[from] move: Magma Storm|[partiallytrapped]
|upkeep
|-enditem|p1a: Rotom|Sitrus Berry|[eat]
|-heal|p1a: Rotom|65/100|[from] item: Sitrus Berry
|turn|4
|inactive|Yailk has 120 seconds left.
|
|t:|1760317362
|move|p2a: Heatran|Protect|p2a: Heatran
|-singleturn|p2a: Heatran|Protect
|move|p1a: Rotom|Pain Split|p2a: Heatran
|-activate|p2a: Heatran|move: Protect
|
|-heal|p2a: Heatran|60/100|[from] item: Leftovers
|-damage|p1a: Rotom|53/100|[from] move: Magma Storm|[partiallytrapped]
|upkeep
|turn|5
|
|t:|1760317382
|switch|p2a: Clodsire|Clodsire, M|100/100
|move|p1a: Rotom|Pain Split|p2a: Clodsire
|-sethp|p2a: Clodsire|68/100|[from] move: Pain Split|[silent]
|-sethp|p1a: Rotom|100/100|[from] move: Pain Split
|
|-heal|p2a: Clodsire|74/100|[from] item: Leftovers
|-end|p1a: Rotom|Magma Storm|[partiallytrapped]
|upkeep
|turn|6
|
|t:|1760317397
|move|p1a: Rotom|Will-O-Wisp|p2a: Clodsire
|-status|p2a: Clodsire|brn
|move|p2a: Clodsire|Toxic|p1a: Rotom
|-status|p1a: Rotom|tox
|
|-heal|p2a: Clodsire|80/100 brn|[from] item: Leftovers
|-damage|p1a: Rotom|94/100 tox|[from] psn
|-damage|p2a: Clodsire|74/100 brn|[from] brn
|upkeep
|turn|7
|
|t:|1760317409
|switch|p1a: Corviknight|Corviknight, M|100/100
|-damage|p1a: Corviknight|88/100|[from] Stealth Rock
|-ability|p1a: Corviknight|Pressure
|switch|p2a: Rillaboom|Rillaboom, M|100/100
|-fieldstart|move: Grassy Terrain|[from] ability: Grassy Surge|[of] p2a: Rillaboom
|
|upkeep
|turn|8
|
|t:|1760317419
|move|p2a: Rillaboom|Leech Seed|p1a: Corviknight|[miss]
|-miss|p2a: Rillaboom|p1a: Corviknight
|move|p1a: Corviknight|Defog|p2a: Rillaboom
|-unboost|p2a: Rillaboom|evasion|1
|-sideend|p1: Yailk|Stealth Rock|[from] move: Defog|[of] p1a: Corviknight
|-fieldend|move: Grassy Terrain
|
|upkeep
|turn|9
|
|t:|1760317431
|move|p2a: Rillaboom|Knock Off|p1a: Corviknight
|-damage|p1a: Corviknight|66/100
|-damage|p2a: Rillaboom|84/100|[from] item: Rocky Helmet|[of] p1a: Corviknight
|-enditem|p1a: Corviknight|Rocky Helmet|[from] move: Knock Off|[of] p2a: Rillaboom
|move|p1a: Corviknight|U-turn|p2a: Rillaboom
|-supereffective|p2a: Rillaboom
|-damage|p2a: Rillaboom|59/100
|
|t:|1760317440
|switch|p1a: Dragapult|Dragapult, M, shiny|100/100|[from] U-turn
|
|upkeep
|turn|10
|
|t:|1760317447
|switch|p2a: Heatran|Heatran, M|60/100
|move|p1a: Dragapult|U-turn|p2a: Heatran
|-resisted|p2a: Heatran
|-damage|p2a: Heatran|53/100
|
|t:|1760317454
|switch|p1a: Landorus|Landorus-Therian, M|100/100|[from] U-turn
|-ability|p1a: Landorus|Intimidate|boost
|-unboost|p2a: Heatran|atk|1
|
|-heal|p2a: Heatran|59/100|[from] item: Leftovers
|upkeep
|turn|11
|
|t:|1760317462
|switch|p2a: Hatterene|Hatterene, F|100/100
|move|p1a: Landorus|Earthquake|p2a: Hatterene
|-damage|p2a: Hatterene|67/100
|
|-heal|p2a: Hatterene|73/100|[from] item: Leftovers
|upkeep
|turn|12
|
|t:|1760317469
|switch|p2a: Rillaboom|Rillaboom, M|59/100
|-fieldstart|move: Grassy Terrain|[from] ability: Grassy Surge|[of] p2a: Rillaboom
|move|p1a: Landorus|U-turn|p2a: Rillaboom
|-supereffective|p2a: Rillaboom
|-damage|p2a: Rillaboom|21/100
|
|t:|1760317476
|switch|p1a: Dragapult|Dragapult, M, shiny|100/100|[from] U-turn
|
|-heal|p2a: Rillaboom|27/100|[from] Grassy Terrain
|upkeep
|turn|13
|
|t:|1760317486
|switch|p2a: Clodsire|Clodsire, M|74/100 brn
|move|p1a: Dragapult|U-turn|p2a: Clodsire
|-resisted|p2a: Clodsire
|-damage|p2a: Clodsire|53/100 brn
|
|t:|1760317493
|switch|p1a: Landorus|Landorus-Therian, M|100/100|[from] U-turn
|-ability|p1a: Landorus|Intimidate|boost
|-unboost|p2a: Clodsire|atk|1
|
|-heal|p2a: Clodsire|59/100 brn|[from] Grassy Terrain
|-heal|p2a: Clodsire|66/100 brn|[from] item: Leftovers
|-damage|p2a: Clodsire|59/100 brn|[from] brn
|upkeep
|turn|14
|
|t:|1760317504
|switch|p2a: Hatterene|Hatterene, F|73/100
|move|p1a: Landorus|Taunt|p2a: Hatterene
|move|p2a: Hatterene|Taunt|p1a: Landorus|[from] ability: Magic Bounce
|-start|p1a: Landorus|move: Taunt
|
|-heal|p2a: Hatterene|78/100|[from] Grassy Terrain
|-heal|p2a: Hatterene|84/100|[from] item: Leftovers
|upkeep
|turn|15
|
|t:|1760317514
|move|p1a: Landorus|U-turn|p2a: Hatterene
|-damage|p2a: Hatterene|69/100
|
|t:|1760317521
|switch|p1a: Slowking|Slowking-Galar, M|100/100|[from] U-turn
|move|p2a: Hatterene|Calm Mind|p2a: Hatterene
|-boost|p2a: Hatterene|spa|1
|-boost|p2a: Hatterene|spd|1
|
|-heal|p2a: Hatterene|75/100|[from] Grassy Terrain
|-heal|p2a: Hatterene|81/100|[from] item: Leftovers
|upkeep
|turn|16
|
|t:|1760317532
|move|p2a: Hatterene|Mystical Fire|p1a: Slowking
|-damage|p1a: Slowking|85/100
|-unboost|p1a: Slowking|spa|1
|move|p1a: Slowking|Sludge Bomb|p2a: Hatterene
|-supereffective|p2a: Hatterene
|-damage|p2a: Hatterene|42/100
|
|-heal|p2a: Hatterene|48/100|[from] Grassy Terrain
|-heal|p2a: Hatterene|54/100|[from] item: Leftovers
|-heal|p1a: Slowking|91/100|[from] Grassy Terrain
|upkeep
|turn|17
|
|t:|1760317561
|-terastallize|p2a: Hatterene|Water
|move|p2a: Hatterene|Calm Mind|p2a: Hatterene
|-boost|p2a: Hatterene|spa|1
|-boost|p2a: Hatterene|spd|1
|move|p1a: Slowking|Sludge Bomb|p2a: Hatterene
|-damage|p2a: Hatterene|40/100
|
|-heal|p2a: Hatterene|46/100|[from] Grassy Terrain
|-heal|p2a: Hatterene|52/100|[from] item: Leftovers
|-heal|p1a: Slowking|97/100|[from] Grassy Terrain
|upkeep
|turn|18
|
|t:|1760317581
|switch|p1a: Dragapult|Dragapult, M, shiny|100/100
|move|p2a: Hatterene|Calm Mind|p2a: Hatterene
|-boost|p2a: Hatterene|spa|1
|-boost|p2a: Hatterene|spd|1
|
|-heal|p2a: Hatterene|58/100|[from] Grassy Terrain
|-heal|p2a: Hatterene|64/100|[from] item: Leftovers
|upkeep
|turn|19
|
|t:|1760317593
|move|p1a: Dragapult|Dragon Darts|p2a: Hatterene
|-damage|p2a: Hatterene|33/100
|-anim|p1a: Dragapult|Dragon Darts|p2a: Hatterene
|-damage|p2a: Hatterene|3/100
|move|p2a: Hatterene|Draining Kiss|p1a: Dragapult
|-supereffective|p1a: Dragapult
|-damage|p1a: Dragapult|0 fnt
|-heal|p2a: Hatterene|78/100|[from] drain|[of] p1a: Dragapult
|faint|p1a: Dragapult
|
|-heal|p2a: Hatterene|84/100|[from] Grassy Terrain
|-heal|p2a: Hatterene|90/100|[from] item: Leftovers
|-fieldend|move: Grassy Terrain
|upkeep
|inactive|Yailk has 120 seconds left.
|inactive|Yailk has 90 seconds left.
|
|t:|1760317639
|switch|p1a: Landorus|Landorus-Therian, M|100/100
|-ability|p1a: Landorus|Intimidate|boost
|-unboost|p2a: Hatterene|atk|1
|turn|20
|
|t:|1760317644
|move|p1a: Landorus|Earthquake|p2a: Hatterene
|-damage|p2a: Hatterene|57/100
|move|p2a: Hatterene|Draining Kiss|p1a: Landorus
|-damage|p1a: Landorus|43/100
|-heal|p2a: Hatterene|100/100|[from] drain|[of] p1a: Landorus
|
|-heal|p1a: Landorus|49/100|[from] item: Leftovers
|upkeep
|turn|21
|
|t:|1760317658
|switch|p1a: Slowking|Slowking-Galar, M|100/100
|move|p2a: Hatterene|Draining Kiss|p1a: Slowking
|-resisted|p1a: Slowking
|-damage|p1a: Slowking|86/100
|
|upkeep
|turn|22
|
|t:|1760317669
|move|p2a: Hatterene|Calm Mind|p2a: Hatterene
|-boost|p2a: Hatterene|spa|1
|-boost|p2a: Hatterene|spd|1
|move|p1a: Slowking|Sludge Bomb|p2a: Hatterene
|-damage|p2a: Hatterene|85/100
|-status|p2a: Hatterene|psn
|
|-heal|p2a: Hatterene|91/100 psn|[from] item: Leftovers
|-damage|p2a: Hatterene|79/100 psn|[from] psn
|upkeep
|turn|23
|
|t:|1760317681
|switch|p1a: Landorus|Landorus-Therian, M|49/100
|-ability|p1a: Landorus|Intimidate|boost
|-unboost|p2a: Hatterene|atk|1
|move|p2a: Hatterene|Psychic Noise|p1a: Landorus
|-crit|p1a: Landorus
|-damage|p1a: Landorus|0 fnt
|faint|p1a: Landorus
|
|-heal|p2a: Hatterene|85/100 psn|[from] item: Leftovers
|-damage|p2a: Hatterene|73/100 psn|[from] psn
|upkeep
|
|t:|1760317692
|switch|p1a: Slowking|Slowking-Galar, M|100/100
|turn|24
|
|t:|1760317698
|move|p2a: Hatterene|Psychic Noise|p1a: Slowking
|-damage|p1a: Slowking|52/100
|-start|p1a: Slowking|move: Heal Block
|move|p1a: Slowking|Sludge Bomb|p2a: Hatterene
|-damage|p2a: Hatterene|58/100 psn
|
|-heal|p2a: Hatterene|64/100 psn|[from] item: Leftovers
|-damage|p2a: Hatterene|51/100 psn|[from] psn
|upkeep
|turn|25
|inactive|Yailk has 90 seconds left.
|
|t:|1760317729
|move|p2a: Hatterene|Mystical Fire|p1a: Slowking
|-damage|p1a: Slowking|18/100
|-unboost|p1a: Slowking|spa|1
|move|p1a: Slowking|Psyshock|p2a: Hatterene
|-damage|p2a: Hatterene|31/100 psn
|
|-heal|p2a: Hatterene|37/100 psn|[from] item: Leftovers
|-damage|p2a: Hatterene|24/100 psn|[from] psn
|-end|p1a: Slowking|move: Heal Block
|upkeep
|turn|26
|inactive|Yailk has 90 seconds left.
|
|t:|1760317743
|switch|p1a: Corviknight|Corviknight, M|66/100
|-ability|p1a: Corviknight|Pressure
|move|p2a: Hatterene|Draining Kiss|p1a: Corviknight
|-resisted|p1a: Corviknight
|-damage|p1a: Corviknight|31/100
|-heal|p2a: Hatterene|58/100 psn|[from] drain|[of] p1a: Corviknight
|
|-heal|p2a: Hatterene|64/100 psn|[from] item: Leftovers
|-damage|p2a: Hatterene|51/100 psn|[from] psn
|upkeep
|turn|27
|inactive|Yailk has 90 seconds left.
|
|t:|1760317757
|move|p1a: Corviknight|Brave Bird|p2a: Hatterene
|-damage|p2a: Hatterene|22/100 psn
|-damage|p1a: Corviknight|23/100|[from] Recoil
|move|p2a: Hatterene|Draining Kiss|p1a: Corviknight
|-resisted|p1a: Corviknight
|-damage|p1a: Corviknight|0 fnt
|-heal|p2a: Hatterene|43/100 psn|[from] drain|[of] p1a: Corviknight
|faint|p1a: Corviknight
|
|-heal|p2a: Hatterene|49/100 psn|[from] item: Leftovers
|-damage|p2a: Hatterene|37/100 psn|[from] psn
|upkeep
|
|t:|1760317772
|switch|p1a: Rotom|Rotom-Wash|94/100 tox
|turn|28
|
|t:|1760317776
|move|p1a: Rotom|Volt Switch|p2a: Hatterene
|-supereffective|p2a: Hatterene
|-damage|p2a: Hatterene|20/100 psn
|inactive|Yailk has 90 seconds left.
|
|t:|1760317788
|switch|p1a: Slowking|Slowking-Galar, M|51/100|[from] Volt Switch
|move|p2a: Hatterene|Draining Kiss|p1a: Slowking
|-resisted|p1a: Slowking
|-damage|p1a: Slowking|36/100
|-heal|p2a: Hatterene|34/100 psn|[from] drain|[of] p1a: Slowking
|
|-heal|p2a: Hatterene|40/100 psn|[from] item: Leftovers
|-damage|p2a: Hatterene|28/100 psn|[from] psn
|upkeep
|turn|29
|inactive|Yailk has 90 seconds left.
|
|t:|1760317800
|move|p2a: Hatterene|Psychic Noise|p1a: Slowking
|-damage|p1a: Slowking|0 fnt
|faint|p1a: Slowking
|
|-heal|p2a: Hatterene|34/100 psn|[from] item: Leftovers
|-damage|p2a: Hatterene|21/100 psn|[from] psn
|upkeep
|inactive|Yailk has 90 seconds left.
|
|t:|1760317814
|switch|p1a: Iron Valiant|Iron Valiant|100/100
|-enditem|p1a: Iron Valiant|Booster Energy
|-activate|p1a: Iron Valiant|ability: Quark Drive|[fromitem]
|-start|p1a: Iron Valiant|quarkdrivespe
|turn|30
|inactive|Yailk has 90 seconds left.
|
|t:|1760317822
|move|p1a: Iron Valiant|Moonblast|p2a: Hatterene
|-damage|p2a: Hatterene|5/100 psn
|move|p2a: Hatterene|Draining Kiss|p1a: Iron Valiant
|-supereffective|p1a: Iron Valiant
|-damage|p1a: Iron Valiant|0 fnt
|-heal|p2a: Hatterene|73/100 psn|[from] drain|[of] p1a: Iron Valiant
|faint|p1a: Iron Valiant
|-end|p1a: Iron Valiant|Quark Drive|[silent]
|
|-heal|p2a: Hatterene|79/100 psn|[from] item: Leftovers
|-damage|p2a: Hatterene|67/100 psn|[from] psn
|upkeep
|inactive|Yailk has 90 seconds left.
|
|t:|1760317831
|switch|p1a: Rotom|Rotom-Wash|94/100 tox
|turn|31
|inactive|Yailk has 90 seconds left.
|c|☆Yailk|Gg
|c|☆Naturmacht|gg
|-message|Yailk forfeited.
|
|win|Naturmacht
|raw|Yailk's rating: 1327 &rarr; <strong>1307</strong><br />(-20 for losing)
|raw|Naturmacht's rating: 1328 &rarr; <strong>1348</strong><br />(+20 for winning)
|l|☆Yailk
|player|p1|
