|j|☆DeadlockedTheory
|j|☆clail
|t:|1760388222
|gametype|singles
|player|p1|DeadlockedTheory|169|1670
|player|p2|clail|266|1706
|gen|9
|tier|[Gen 9] OU
|rated|
|rule|HP Percentage Mod: HP is shown in percentages
|rule|Endless Battle Clause: Forcing endless battles is banned
|rule|Species Clause: Limit one of each Pokémon
|rule|OHKO Clause: OHKO moves are banned
|rule|Evasion Items Clause: Evasion items are banned
|rule|Evasion Moves Clause: Evasion moves are banned
|rule|Evasion Abilities Clause: Evasion abilities are banned
|rule|Sleep Moves Clause: Sleep-inducing moves are banned
|clearpoke
|poke|p1|Lokix, M|
|poke|p1|Cinderace, F|
|poke|p1|Great Tusk|
|poke|p1|Alomomola, F|
|poke|p1|Enamorus, F|
|poke|p1|Slowking-Galar, M|
|poke|p2|Ribombee, F|
|poke|p2|Ogerpon-Wellspring, F|
|poke|p2|Great Tusk|
|poke|p2|Gholdengo|
|poke|p2|Ceruledge, F|
|poke|p2|Glimmora, F|
|teampreview
|
|t:|1760388229
|teamsize|p1|6
|teamsize|p2|6
|start
|switch|p1a: Cinderace|Cinderace, F|100/100
|switch|p2a: Ceruledge|Ceruledge, F|100/100
|turn|1
|
|t:|1760388236
|move|p1a: Cinderace|U-turn|p2a: Ceruledge
|-resisted|p2a: Ceruledge
|-damage|p2a: Ceruledge|95/100
|j| Dhoom Again
|
|t:|1760388243
|switch|p1a: Great Tusk|Great Tusk|100/100|[from] U-turn
|move|p2a: Ceruledge|Poltergeist|p1a: Great Tusk|[miss]
|-miss|p2a: Ceruledge|p1a: Great Tusk
|
|upkeep
|turn|2
|
|t:|1760388252
|switch|p2a: Ribombee|Ribombee, F|100/100
|move|p1a: Great Tusk|Knock Off|p2a: Ribombee
|-resisted|p2a: Ribombee
|-damage|p2a: Ribombee|72/100
|-enditem|p2a: Ribombee|Focus Sash|[from] move: Knock Off|[of] p1a: Great Tusk
|
|upkeep
|turn|3
|
|t:|1760388260
|-end|p1a: Great Tusk|Protosynthesis|[silent]
|switch|p1a: Cinderace|Cinderace, F|100/100
|move|p2a: Ribombee|Stun Spore|p1a: Cinderace
|-status|p1a: Cinderace|par
|
|upkeep
|turn|4
|
|t:|1760388267
|move|p2a: Ribombee|Sticky Web|p1a: Cinderace
|-sidestart|p1: DeadlockedTheory|move: Sticky Web
|cant|p1a: Cinderace|par
|
|upkeep
|turn|5
|
|t:|1760388272
|move|p2a: Ribombee|Moonblast|p1a: Cinderace
|-resisted|p1a: Cinderace
|-damage|p1a: Cinderace|76/100 par
|move|p1a: Cinderace|Pyro Ball|p2a: Ribombee
|-supereffective|p2a: Ribombee
|-damage|p2a: Ribombee|0 fnt
|faint|p2a: Ribombee
|
|upkeep
|
|t:|1760388275
|switch|p2a: Glimmora|Glimmora, F|100/100
|turn|6
|
|t:|1760388284
|move|p2a: Glimmora|Meteor Beam||[still]
|-prepare|p2a: Glimmora|Meteor Beam
|-boost|p2a: Glimmora|spa|1
|-enditem|p2a: Glimmora|Power Herb
|-anim|p2a: Glimmora|Meteor Beam|p1a: Cinderace
|-supereffective|p1a: Cinderace
|-damage|p1a: Cinderace|0 fnt
|faint|p1a: Cinderace
|
|upkeep
|
|t:|1760388302
|switch|p1a: Great Tusk|Great Tusk|100/100
|-activate|p1a: Great Tusk|move: Sticky Web
|-unboost|p1a: Great Tusk|spe|1
|turn|7
|
|t:|1760388321
|switch|p2a: Gholdengo|Gholdengo|100/100
|-item|p2a: Gholdengo|Air Balloon
|-terastallize|p1a: Great Tusk|Poison
|move|p1a: Great Tusk|Rapid Spin|p2a: Gholdengo
|-immune|p2a: Gholdengo
|
|upkeep
|turn|8
|
|t:|1760388332
|move|p2a: Gholdengo|Shadow Ball|p1a: Great Tusk
|-damage|p1a: Great Tusk|48/100
|-unboost|p1a: Great Tusk|spd|1
|move|p1a: Great Tusk|Knock Off|p2a: Gholdengo
|-supereffective|p2a: Gholdengo
|-damage|p2a: Gholdengo|35/100
|-enditem|p2a: Gholdengo|Air Balloon
|
|-heal|p1a: Great Tusk|54/100|[from] item: Leftovers
|upkeep
|turn|9
|
|t:|1760388343
|-end|p1a: Great Tusk|Protosynthesis|[silent]
|switch|p1a: Alomomola|Alomomola, F|100/100
|-activate|p1a: Alomomola|move: Sticky Web
|-unboost|p1a: Alomomola|spe|1
|move|p2a: Gholdengo|Shadow Ball|p1a: Alomomola
|-damage|p1a: Alomomola|78/100
|
|upkeep
|turn|10
|
|t:|1760388356
|move|p2a: Gholdengo|Nasty Plot|p2a: Gholdengo
|-boost|p2a: Gholdengo|spa|2
|move|p1a: Alomomola|Body Slam|p2a: Gholdengo
|-immune|p2a: Gholdengo
|
|upkeep
|turn|11
|
|t:|1760388364
|move|p2a: Gholdengo|Shadow Ball|p1a: Alomomola
|-damage|p1a: Alomomola|33/100
|-unboost|p1a: Alomomola|spd|1
|move|p1a: Alomomola|Mirror Coat|p2a: Gholdengo
|-damage|p2a: Gholdengo|0 fnt
|faint|p2a: Gholdengo
|
|upkeep
|
|t:|1760388368
|switch|p2a: Ogerpon|Ogerpon-Wellspring, F|100/100
|turn|12
|
|t:|1760388380
|move|p2a: Ogerpon|Power Whip|p1a: Alomomola
|-supereffective|p1a: Alomomola
|-damage|p1a: Alomomola|0 fnt
|faint|p1a: Alomomola
|
|upkeep
|
|t:|1760388388
|switch|p1a: Great Tusk|Great Tusk, tera:Poison|54/100
|-activate|p1a: Great Tusk|move: Sticky Web
|-unboost|p1a: Great Tusk|spe|1
|turn|13
|
|t:|1760388394
|move|p2a: Ogerpon|Ivy Cudgel|p1a: Great Tusk|[anim] Ivy Cudgel Water
|-damage|p1a: Great Tusk|24/100
|move|p1a: Great Tusk|Rapid Spin|p2a: Ogerpon
|-damage|p2a: Ogerpon|81/100
|-boost|p1a: Great Tusk|spe|1
|-sideend|p1: DeadlockedTheory|Sticky Web|[from] move: Rapid Spin|[of] p1a: Great Tusk
|
|-heal|p1a: Great Tusk|30/100|[from] item: Leftovers
|upkeep
|turn|14
|
|t:|1760388408
|move|p2a: Ogerpon|Ivy Cudgel|p1a: Great Tusk|[anim] Ivy Cudgel Water
|-damage|p1a: Great Tusk|0 fnt
|faint|p1a: Great Tusk
|-end|p1a: Great Tusk|Protosynthesis|[silent]
|
|upkeep
|
|t:|1760388413
|switch|p1a: Lokix|Lokix, M|100/100
|turn|15
|
|t:|1760388422
|switch|p2a: Glimmora|Glimmora, F|100/100
|switch|p1a: Enamorus|Enamorus, F|100/100
|
|upkeep
|turn|16
|
|t:|1760388429
|move|p1a: Enamorus|Earth Power|p2a: Glimmora
|-supereffective|p2a: Glimmora
|-damage|p2a: Glimmora|0 fnt
|faint|p2a: Glimmora
|
|upkeep
|
|t:|1760388431
|switch|p2a: Ogerpon|Ogerpon-Wellspring, F|81/100
|turn|17
|
|t:|1760388437
|switch|p1a: Slowking|Slowking-Galar, M|100/100
|move|p2a: Ogerpon|Ivy Cudgel|p1a: Slowking|[anim] Ivy Cudgel Water
|-damage|p1a: Slowking|57/100
|
|upkeep
|turn|18
|
|t:|1760388445
|-terastallize|p2a: Ogerpon|Water
|detailschange|p2a: Ogerpon|Ogerpon-Wellspring-Tera, F, tera:Water
|-ability|p2a: Ogerpon|Embody Aspect (Wellspring)|boost
|-boost|p2a: Ogerpon|spd|1
|move|p2a: Ogerpon|Ivy Cudgel|p1a: Slowking|[anim] Ivy Cudgel Water
|-damage|p1a: Slowking|0 fnt
|faint|p1a: Slowking
|
|upkeep
|
|t:|1760388454
|switch|p1a: Lokix|Lokix, M|100/100
|turn|19
|
|t:|1760388458
|switch|p2a: Great Tusk|Great Tusk|100/100
|move|p1a: Lokix|First Impression|p2a: Great Tusk
|-resisted|p2a: Great Tusk
|-damage|p2a: Great Tusk|54/100
|
|upkeep
|turn|20
|
|t:|1760388465
|switch|p1a: Enamorus|Enamorus, F|100/100
|move|p2a: Great Tusk|Ice Spinner|p1a: Enamorus
|-supereffective|p1a: Enamorus
|-damage|p1a: Enamorus|19/100
|
|upkeep
|turn|21
|
|t:|1760388472
|move|p1a: Enamorus|Moonblast|p2a: Great Tusk
|-supereffective|p2a: Great Tusk
|-damage|p2a: Great Tusk|0 fnt
|faint|p2a: Great Tusk
|-end|p2a: Great Tusk|Protosynthesis|[silent]
|
|upkeep
|
|t:|1760388490
|switch|p2a: Ogerpon|Ogerpon-Wellspring-Tera, F, tera:Water|81/100
|-ability|p2a: Ogerpon|Embody Aspect (Wellspring)|boost
|-boost|p2a: Ogerpon|spd|1
|turn|22
|
|t:|1760388494
|move|p1a: Enamorus|Moonblast|p2a: Ogerpon
|-damage|p2a: Ogerpon|33/100
|move|p2a: Ogerpon|Ivy Cudgel|p1a: Enamorus|[anim] Ivy Cudgel Water
|-damage|p1a: Enamorus|0 fnt
|faint|p1a: Enamorus
|
|upkeep
|
|t:|1760388502
|switch|p1a: Lokix|Lokix, M|100/100
|turn|23
|
|t:|1760388506
|move|p2a: Ogerpon|U-turn|p1a: Lokix
|-supereffective|p1a: Lokix
|-damage|p1a: Lokix|19/100
|
|t:|1760388507
|switch|p2a: Ceruledge|Ceruledge, F|95/100|[from] U-turn
|move|p1a: Lokix|Knock Off|p2a: Ceruledge
|-supereffective|p2a: Ceruledge
|-damage|p2a: Ceruledge|0 fnt
|-enditem|p2a: Ceruledge|Heavy-Duty Boots|[from] move: Knock Off|[of] p1a: Lokix
|faint|p2a: Ceruledge
|
|upkeep
|
|t:|1760388508
|switch|p2a: Ogerpon|Ogerpon-Wellspring-Tera, F, tera:Water|33/100
|-ability|p2a: Ogerpon|Embody Aspect (Wellspring)|boost
|-boost|p2a: Ogerpon|spd|1
|turn|24
|
|t:|1760388520
|move|p2a: Ogerpon|Ivy Cudgel|p1a: Lokix|[anim] Ivy Cudgel Water
|-damage|p1a: Lokix|0 fnt
|faint|p1a: Lokix
|
|win|clail
|raw|DeadlockedTheory's rating: 1670 &rarr; <strong>1652</strong><br />(-18 for losing)
|raw|clail's rating: 1706 &rarr; <strong>1724</strong><br />(+18 for winning)
|l|☆clail
|player|p2|
|l| Dhoom Again
|l|☆DeadlockedTheory
|player|p1|
