|j|‽gguestie
|j|☆deoxysdagger
|t:|1760388787
|gametype|singles
|player|p1|gguestie|266|1571
|player|p2|deoxysdagger|artist|1563
|gen|9
|tier|[Gen 9] OU
|rated|
|rule|HP Percentage Mod: HP is shown in percentages
|rule|Endless Battle Clause: Forcing endless battles is banned
|rule|Species Clause: Limit one of each Pokémon
|rule|OHKO Clause: OHKO moves are banned
|rule|Evasion Items Clause: Evasion items are banned
|rule|Evasion Moves Clause: Evasion moves are banned
|rule|Evasion Abilities Clause: Evasion abilities are banned
|rule|Sleep Moves Clause: Sleep-inducing moves are banned
|clearpoke
|poke|p1|Whimsicott, M|
|poke|p1|Greninja-*, M|
|poke|p1|Smeargle, F|
|poke|p1|Moltres|
|poke|p1|Volbeat, M|
|poke|p1|Kyurem|
|poke|p2|Cinderace, M|
|poke|p2|Kingambit, F|
|poke|p2|Raging Bolt|
|poke|p2|Dragonite, M|
|poke|p2|Kyurem|
|poke|p2|Meowscarada, F|
|teampreview
|
|t:|1760388793
|teamsize|p1|6
|teamsize|p2|6
|start
|switch|p1a: Smeargle|Smeargle, F|100/100
|switch|p2a: Meowscarada|Meowscarada, F|100/100
|turn|1
|
|t:|1760388798
|move|p2a: Meowscarada|Knock Off|p1a: Smeargle
|-start|p2a: Meowscarada|typechange|Dark|[from] ability: Protean
|-damage|p1a: Smeargle|40/100
|-enditem|p1a: Smeargle|Custap Berry|[from] move: Knock Off|[of] p2a: Meowscarada
|move|p1a: Smeargle|Stealth Rock|p2a: Meowscarada
|-sidestart|p2: deoxysdagger|move: Stealth Rock
|
|upkeep
|turn|2
|
|t:|1760388807
|move|p2a: Meowscarada|Knock Off|p1a: Smeargle
|-damage|p1a: Smeargle|0 fnt
|faint|p1a: Smeargle
|
|upkeep
|
|t:|1760388815
|switch|p1a: Whimsicott|Whimsicott, M|100/100
|turn|3
|
|t:|1760388820
|switch|p2a: Cinderace|Cinderace, M|100/100
|move|p1a: Whimsicott|U-turn|p2a: Cinderace
|-resisted|p2a: Cinderace
|-damage|p2a: Cinderace|92/100
|
|t:|1760388822
|switch|p1a: Greninja|Greninja, M|100/100|[from] U-turn
|
|upkeep
|turn|4
|
|t:|1760388831
|switch|p2a: Kyurem|Kyurem|100/100
|-damage|p2a: Kyurem|76/100|[from] Stealth Rock
|-ability|p2a: Kyurem|Pressure
|move|p1a: Greninja|Sludge Wave|p2a: Kyurem
|-start|p1a: Greninja|typechange|Poison|[from] ability: Protean
|-damage|p2a: Kyurem|14/100
|
|upkeep
|turn|5
|
|t:|1760388841
|switch|p2a: Kingambit|Kingambit, F|100/100
|-damage|p2a: Kingambit|94/100|[from] Stealth Rock
|move|p1a: Greninja|Sludge Wave|p2a: Kingambit
|-immune|p2a: Kingambit
|
|-heal|p2a: Kingambit|100/100|[from] item: Leftovers
|upkeep
|turn|6
|
|t:|1760388847
|move|p1a: Greninja|Sludge Wave|p2a: Kingambit
|-immune|p2a: Kingambit
|move|p2a: Kingambit|Swords Dance|p2a: Kingambit
|-boost|p2a: Kingambit|atk|2
|
|upkeep
|turn|7
|
|t:|1760388855
|switch|p1a: Volbeat|Volbeat, M|100/100
|move|p2a: Kingambit|Kowtow Cleave|p1a: Volbeat
|-damage|p1a: Volbeat|0 fnt
|faint|p1a: Volbeat
|
|upkeep
|
|t:|1760388857
|switch|p1a: Moltres|Moltres, shiny|100/100
|turn|8
|
|t:|1760388861
|-end|p2a: Kingambit|fallenundefined|[silent]
|switch|p2a: Cinderace|Cinderace, M|92/100
|move|p1a: Moltres|Flamethrower|p2a: Cinderace
|-resisted|p2a: Cinderace
|-damage|p2a: Cinderace|41/100
|
|upkeep
|turn|9
|
|t:|1760388865
|move|p2a: Cinderace|Court Change|p2a: Cinderace
|-start|p2a: Cinderace|typechange|Normal|[from] ability: Libero
|-swapsideconditions
|-activate|p2a: Cinderace|move: Court Change
|move|p1a: Moltres|Flamethrower|p2a: Cinderace
|-damage|p2a: Cinderace|0 fnt
|faint|p2a: Cinderace
|
|upkeep
|
|t:|1760388880
|switch|p2a: Kyurem|Kyurem|14/100
|-ability|p2a: Kyurem|Pressure
|turn|10
|
|t:|1760388882
|move|p2a: Kyurem|Draco Meteor|p1a: Moltres
|-damage|p1a: Moltres|0 fnt
|-unboost|p2a: Kyurem|spa|2
|faint|p1a: Moltres
|
|upkeep
|
|t:|1760388886
|switch|p1a: Whimsicott|Whimsicott, M|100/100
|-damage|p1a: Whimsicott|88/100|[from] Stealth Rock
|turn|11
|l|☆deoxysdagger
|player|p2|
|-message|gguestie forfeited.
|
|win|deoxysdagger
|raw|gguestie's rating: 1571 &rarr; <strong>1551</strong><br />(-20 for losing)
|raw|deoxysdagger's rating: 1563 &rarr; <strong>1583</strong><br />(+20 for winning)
|l|‽gguestie
|player|p1|
|j|☆deoxysdagger
|player|p2|deoxysdagger|artist|
|l|☆deoxysdagger
|player|p2|
