|j|☆Jude_Palace
|j|☆Luisao
|t:|1760403061
|gametype|singles
|player|p1|Jude_Palace|lucian|1293
|player|p2|Luisao|169|1304
|gen|9
|tier|[Gen 9] OU
|rated|
|rule|HP Percentage Mod: HP is shown in percentages
|rule|Endless Battle Clause: Forcing endless battles is banned
|rule|Species Clause: Limit one of each Pokémon
|rule|OHKO Clause: OHKO moves are banned
|rule|Evasion Items Clause: Evasion items are banned
|rule|Evasion Moves Clause: Evasion moves are banned
|rule|Evasion Abilities Clause: Evasion abilities are banned
|rule|Sleep Moves Clause: Sleep-inducing moves are banned
|clearpoke
|poke|p1|Iron Crown|
|poke|p1|Ninetales-Alola, F|
|poke|p1|Zamazenta-*|
|poke|p1|Ceruledge, F|
|poke|p1|Alomomola, F|
|poke|p1|Garchomp, F|
|poke|p2|Dragonite, M|
|poke|p2|Serperior, F|
|poke|p2|Donphan, M|
|poke|p2|Medicham, M|
|poke|p2|Scizor, M|
|poke|p2|Gengar, M|
|teampreview
|inactive|Battle timer is ON: inactive players will automatically lose when time's up. (requested by Luisao)
|
|t:|1760403064
|teamsize|p1|6
|teamsize|p2|6
|start
|switch|p1a: Ninetales|Ninetales-Alola, F|100/100
|switch|p2a: Medicham|Medicham, M, shiny|100/100
|-weather|Snowscape|[from] ability: Snow Warning|[of] p1a: Ninetales
|turn|1
|
|t:|1760403078
|move|p2a: Medicham|Fake Out|p1a: Ninetales
|-damage|p1a: Ninetales|78/100
|-damage|p2a: Medicham|91/100|[from] item: Life Orb
|cant|p1a: Ninetales|flinch
|
|-weather|Snowscape|[upkeep]
|upkeep
|turn|2
|inactive|Jude_Palace has 120 seconds left.
|inactive|Jude_Palace has 90 seconds left.
|
|t:|1760403152
|move|p2a: Medicham|Bullet Punch|p1a: Ninetales
|-supereffective|p1a: Ninetales
|-damage|p1a: Ninetales|0 fnt
|faint|p1a: Ninetales
|-damage|p2a: Medicham|81/100|[from] item: Life Orb
|
|-weather|Snowscape|[upkeep]
|upkeep
|
|t:|1760403160
|switch|p1a: Ceruledge|Ceruledge, F|100/100
|-item|p1a: Ceruledge|Air Balloon
|turn|3
|
|t:|1760403173
|switch|p2a: Gengar|Gengar, M, shiny|100/100
|move|p1a: Ceruledge|Swords Dance|p1a: Ceruledge
|-boost|p1a: Ceruledge|atk|2
|
|-weather|Snowscape|[upkeep]
|upkeep
|turn|4
|inactive|Jude_Palace has 90 seconds left.
|
|t:|1760403201
|move|p1a: Ceruledge|Shadow Sneak|p2a: Gengar
|-supereffective|p2a: Gengar
|-enditem|p2a: Gengar|Focus Sash
|-damage|p2a: Gengar|1/100
|move|p2a: Gengar|Shadow Ball|p1a: Ceruledge
|-supereffective|p1a: Ceruledge
|-damage|p1a: Ceruledge|0 fnt
|-enditem|p1a: Ceruledge|Air Balloon
|faint|p1a: Ceruledge
|
|-weather|Snowscape|[upkeep]
|upkeep
|inactive|Jude_Palace has 60 seconds left.
|
|t:|1760403223
|switch|p1a: Zamazenta|Zamazenta|100/100
|-ability|p1a: Zamazenta|Dauntless Shield|boost
|-boost|p1a: Zamazenta|def|1
|turn|5
|
|t:|1760403227
|move|p1a: Zamazenta|Crunch|p2a: Gengar
|-supereffective|p2a: Gengar
|-damage|p2a: Gengar|0 fnt
|faint|p2a: Gengar
|
|-weather|none
|upkeep
|
|t:|1760403236
|switch|p2a: Serperior|Serperior, F, shiny|100/100
|turn|6
|
|t:|1760403259
|move|p2a: Serperior|Leaf Storm|p1a: Zamazenta
|-damage|p1a: Zamazenta|66/100
|-boost|p2a: Serperior|spa|2
|move|p1a: Zamazenta|Iron Defense|p1a: Zamazenta
|-boost|p1a: Zamazenta|def|2
|
|-heal|p1a: Zamazenta|72/100|[from] item: Leftovers
|upkeep
|turn|7
|inactive|Jude_Palace has 60 seconds left.
|
|t:|1760403274
|-terastallize|p2a: Serperior|Grass
|move|p2a: Serperior|Leaf Storm|p1a: Zamazenta
|-damage|p1a: Zamazenta|0 fnt
|-boost|p2a: Serperior|spa|2
|faint|p1a: Zamazenta
|
|upkeep
|inactive|Jude_Palace has 60 seconds left.
|
|t:|1760403282
|switch|p1a: Garchomp|Garchomp, F|100/100
|turn|8
|
|t:|1760403288
|-terastallize|p1a: Garchomp|Ghost
|move|p2a: Serperior|Leaf Storm|p1a: Garchomp
|-damage|p1a: Garchomp|0 fnt
|-boost|p2a: Serperior|spa|2
|faint|p1a: Garchomp
|
|upkeep
|
|t:|1760403294
|switch|p1a: Alomomola|Alomomola, F|100/100
|turn|9
|
|t:|1760403298
|move|p2a: Serperior|Leaf Storm|p1a: Alomomola
|-supereffective|p1a: Alomomola
|-damage|p1a: Alomomola|0 fnt
|faint|p1a: Alomomola
|
|upkeep
|-message|Jude_Palace forfeited.
|
|win|Luisao
|raw|Jude_Palace's rating: 1293 &rarr; <strong>1269</strong><br />(-24 for losing)
|raw|Luisao's rating: 1304 &rarr; <strong>1323</strong><br />(+19 for winning)
|l|☆Jude_Palace
|player|p1|
|l|☆Luisao
|player|p2|
