|j|☆Fullmelmetal101
|j|☆Llamitas_73
|t:|1760429126
|gametype|singles
|player|p1|Fullmelmetal101|plasmagrunt-gen5bw|1121
|player|p2|Llamitas_73|gentleman-gen4|1068
|gen|9
|tier|[Gen 9] OU
|rated|
|rule|HP Percentage Mod: HP is shown in percentages
|rule|Endless Battle Clause: Forcing endless battles is banned
|rule|Species Clause: Limit one of each Pokémon
|rule|OHKO Clause: OHKO moves are banned
|rule|Evasion Items Clause: Evasion items are banned
|rule|Evasion Moves Clause: Evasion moves are banned
|rule|Evasion Abilities Clause: Evasion abilities are banned
|rule|Sleep Moves Clause: Sleep-inducing moves are banned
|clearpoke
|poke|p1|Garganacl, M|
|poke|p1|Volcanion|
|poke|p1|Alomomola, F|
|poke|p1|Glimmora, F|
|poke|p1|Heracross, F|
|poke|p1|Weavile, F|
|poke|p2|Metagross|
|poke|p2|Iron Moth|
|poke|p2|Rotom-Wash|
|poke|p2|Wo-Chien|
|poke|p2|Gholdengo|
|poke|p2|Dragapult, M|
|teampreview
|
|t:|1760429139
|teamsize|p1|6
|teamsize|p2|6
|start
|switch|p1a: Volcanion|Volcanion|100/100
|switch|p2a: Wo-Chien|Wo-Chien|100/100
|-ability|p2a: Wo-Chien|Tablets of Ruin
|turn|1
|inactive|Battle timer is ON: inactive players will automatically lose when time's up. (requested by Fullmelmetal101)
|
|t:|1760429161
|-terastallize|p1a: Volcanion|Grass
|-terastallize|p2a: Wo-Chien|Water
|move|p2a: Wo-Chien|Leech Seed|p1a: Volcanion
|-immune|p1a: Volcanion
|move|p1a: Volcanion|Fire Spin|p2a: Wo-Chien
|-resisted|p2a: Wo-Chien
|-damage|p2a: Wo-Chien|95/100
|-activate|p2a: Wo-Chien|move: Fire Spin|[of] p1a: Volcanion
|
|-heal|p2a: Wo-Chien|100/100|[from] item: Leftovers
|-damage|p2a: Wo-Chien|88/100|[from] move: Fire Spin|[partiallytrapped]
|upkeep
|turn|2
|
|t:|1760429175
|move|p2a: Wo-Chien|Substitute|p2a: Wo-Chien
|-start|p2a: Wo-Chien|Substitute
|-end|p2a: Wo-Chien|Fire Spin|[partiallytrapped]|[silent]
|-damage|p2a: Wo-Chien|63/100
|move|p1a: Volcanion|Sludge Bomb|p2a: Wo-Chien
|-activate|p2a: Wo-Chien|move: Substitute|[damage]
|
|-heal|p2a: Wo-Chien|69/100|[from] item: Leftovers
|upkeep
|turn|3
|
|t:|1760429184
|move|p2a: Wo-Chien|Ruination|p1a: Volcanion
|-damage|p1a: Volcanion|50/100
|move|p1a: Volcanion|Sludge Bomb|p2a: Wo-Chien
|-end|p2a: Wo-Chien|Substitute
|
|-heal|p2a: Wo-Chien|76/100|[from] item: Leftovers
|upkeep
|turn|4
|inactive|Fullmelmetal101 has 120 seconds left.
|
|t:|1760429216
|switch|p1a: Heracross|Heracross, F, shiny|100/100
|move|p2a: Wo-Chien|Ruination|p1a: Heracross
|-damage|p1a: Heracross|50/100
|
|-heal|p2a: Wo-Chien|82/100|[from] item: Leftovers
|upkeep
|turn|5
|
|t:|1760429226
|move|p1a: Heracross|Bullet Seed|p2a: Wo-Chien
|-supereffective|p2a: Wo-Chien
|-damage|p2a: Wo-Chien|71/100
|-supereffective|p2a: Wo-Chien
|-damage|p2a: Wo-Chien|60/100
|-supereffective|p2a: Wo-Chien
|-damage|p2a: Wo-Chien|49/100
|-supereffective|p2a: Wo-Chien
|-crit|p2a: Wo-Chien
|-damage|p2a: Wo-Chien|32/100
|-hitcount|p2a: Wo-Chien|4
|move|p2a: Wo-Chien|Leech Seed|p1a: Heracross
|-start|p1a: Heracross|move: Leech Seed
|
|-heal|p2a: Wo-Chien|38/100|[from] item: Leftovers
|-damage|p1a: Heracross|38/100|[from] Leech Seed|[of] p2a: Wo-Chien
|-heal|p2a: Wo-Chien|50/100|[silent]
|upkeep
|turn|6
|
|t:|1760429240
|move|p2a: Wo-Chien|Protect|p2a: Wo-Chien
|-singleturn|p2a: Wo-Chien|Protect
|move|p1a: Heracross|Bullet Seed|p2a: Wo-Chien
|-activate|p2a: Wo-Chien|move: Protect
|
|-heal|p2a: Wo-Chien|56/100|[from] item: Leftovers
|-damage|p1a: Heracross|26/100|[from] Leech Seed|[of] p2a: Wo-Chien
|-heal|p2a: Wo-Chien|68/100|[silent]
|upkeep
|turn|7
|
|t:|1760429251
|move|p1a: Heracross|Bullet Seed|p2a: Wo-Chien
|-supereffective|p2a: Wo-Chien
|-damage|p2a: Wo-Chien|57/100
|-supereffective|p2a: Wo-Chien
|-damage|p2a: Wo-Chien|45/100
|-supereffective|p2a: Wo-Chien
|-damage|p2a: Wo-Chien|35/100
|-supereffective|p2a: Wo-Chien
|-damage|p2a: Wo-Chien|23/100
|-supereffective|p2a: Wo-Chien
|-damage|p2a: Wo-Chien|12/100
|-hitcount|p2a: Wo-Chien|5
|move|p2a: Wo-Chien|Substitute|p2a: Wo-Chien
|-fail|p2a: Wo-Chien|move: Substitute|[weak]
|
|-heal|p2a: Wo-Chien|18/100|[from] item: Leftovers
|-damage|p1a: Heracross|13/100|[from] Leech Seed|[of] p2a: Wo-Chien
|-heal|p2a: Wo-Chien|30/100|[silent]
|upkeep
|turn|8
|inactive|Fullmelmetal101 has 120 seconds left.
|
|t:|1760429272
|move|p2a: Wo-Chien|Protect|p2a: Wo-Chien
|-singleturn|p2a: Wo-Chien|Protect
|move|p1a: Heracross|Bullet Seed|p2a: Wo-Chien
|-activate|p2a: Wo-Chien|move: Protect
|
|-heal|p2a: Wo-Chien|37/100|[from] item: Leftovers
|-damage|p1a: Heracross|1/100|[from] Leech Seed|[of] p2a: Wo-Chien
|-heal|p2a: Wo-Chien|49/100|[silent]
|upkeep
|turn|9
|inactive|Fullmelmetal101 has 120 seconds left.
|
|t:|1760429285
|move|p1a: Heracross|Bullet Seed|p2a: Wo-Chien
|-supereffective|p2a: Wo-Chien
|-damage|p2a: Wo-Chien|37/100
|-supereffective|p2a: Wo-Chien
|-damage|p2a: Wo-Chien|27/100
|-supereffective|p2a: Wo-Chien
|-damage|p2a: Wo-Chien|16/100
|-supereffective|p2a: Wo-Chien
|-damage|p2a: Wo-Chien|4/100
|-hitcount|p2a: Wo-Chien|4
|move|p2a: Wo-Chien|Ruination|p1a: Heracross
|-damage|p1a: Heracross|1/100
|
|-heal|p2a: Wo-Chien|10/100|[from] item: Leftovers
|-damage|p1a: Heracross|0 fnt|[from] Leech Seed|[of] p2a: Wo-Chien
|-heal|p2a: Wo-Chien|10/100|[silent]
|faint|p1a: Heracross
|upkeep
|inactive|Fullmelmetal101 has 120 seconds left.
|
|t:|1760429304
|switch|p1a: Weavile|Weavile, F, shiny|100/100
|-ability|p1a: Weavile|Pressure
|turn|10
|
|t:|1760429320
|move|p2a: Wo-Chien|Protect|p2a: Wo-Chien
|-singleturn|p2a: Wo-Chien|Protect
|move|p1a: Weavile|Knock Off|p2a: Wo-Chien
|-activate|p2a: Wo-Chien|move: Protect
|
|-heal|p2a: Wo-Chien|16/100|[from] item: Leftovers
|upkeep
|turn|11
|inactive|Fullmelmetal101 has 120 seconds left.
|
|t:|1760429329
|move|p1a: Weavile|Triple Axel|p2a: Wo-Chien
|-resisted|p2a: Wo-Chien
|-damage|p2a: Wo-Chien|13/100
|-resisted|p2a: Wo-Chien
|-damage|p2a: Wo-Chien|7/100
|-resisted|p2a: Wo-Chien
|-damage|p2a: Wo-Chien|0 fnt
|faint|p2a: Wo-Chien
|-hitcount|p2: Wo-Chien|3
|
|upkeep
|
|t:|1760429339
|switch|p2a: Gholdengo|Gholdengo|100/100
|turn|12
|inactive|Llamitas_73 has 120 seconds left.
|
|t:|1760429366
|move|p1a: Weavile|Knock Off|p2a: Gholdengo
|-supereffective|p2a: Gholdengo
|-damage|p2a: Gholdengo|9/100
|-damage|p1a: Weavile|84/100|[from] item: Rocky Helmet|[of] p2a: Gholdengo
|-enditem|p2a: Gholdengo|Rocky Helmet|[from] move: Knock Off|[of] p1a: Weavile
|move|p2a: Gholdengo|Make It Rain|p1a: Weavile
|-supereffective|p1a: Weavile
|-damage|p1a: Weavile|0 fnt
|-unboost|p2a: Gholdengo|spa|1
|faint|p1a: Weavile
|
|upkeep
|inactive|Fullmelmetal101 has 120 seconds left.
|
|t:|1760429389
|switch|p1a: Garganacl|Garganacl, M, shiny|100/100
|turn|13
|inactive|Fullmelmetal101 has 120 seconds left.
|
|t:|1760429398
|move|p2a: Gholdengo|Recover|p2a: Gholdengo
|-heal|p2a: Gholdengo|59/100
|move|p1a: Garganacl|Salt Cure|p2a: Gholdengo
|-resisted|p2a: Gholdengo
|-damage|p2a: Gholdengo|52/100
|-start|p2a: Gholdengo|Salt Cure
|
|-damage|p2a: Gholdengo|27/100|[from] Salt Cure
|upkeep
|turn|14
|inactive|Fullmelmetal101 has 120 seconds left.
|
|t:|1760429408
|move|p2a: Gholdengo|Recover|p2a: Gholdengo
|-heal|p2a: Gholdengo|77/100
|move|p1a: Garganacl|Curse|p1a: Garganacl
|-unboost|p1a: Garganacl|spe|1
|-boost|p1a: Garganacl|atk|1
|-boost|p1a: Garganacl|def|1
|
|-damage|p2a: Gholdengo|53/100|[from] Salt Cure
|upkeep
|turn|15
|inactive|Fullmelmetal101 has 120 seconds left.
|
|t:|1760429423
|move|p2a: Gholdengo|Make It Rain|p1a: Garganacl
|-supereffective|p1a: Garganacl
|-damage|p1a: Garganacl|41/100
|-unboost|p2a: Gholdengo|spa|1
|move|p1a: Garganacl|Salt Cure|p2a: Gholdengo
|-resisted|p2a: Gholdengo
|-damage|p2a: Gholdengo|43/100
|
|-heal|p1a: Garganacl|47/100|[from] item: Leftovers
|-damage|p2a: Gholdengo|18/100|[from] Salt Cure
|upkeep
|turn|16
|inactive|Fullmelmetal101 has 120 seconds left.
|
|t:|1760429437
|move|p2a: Gholdengo|Make It Rain|p1a: Garganacl
|-supereffective|p1a: Garganacl
|-damage|p1a: Garganacl|1/100
|-unboost|p2a: Gholdengo|spa|1
|move|p1a: Garganacl|Recover|p1a: Garganacl
|-heal|p1a: Garganacl|51/100
|
|-heal|p1a: Garganacl|57/100|[from] item: Leftovers
|-damage|p2a: Gholdengo|0 fnt|[from] Salt Cure
|faint|p2a: Gholdengo
|upkeep
|
|t:|1760429449
|switch|p2a: Metagross|Metagross|100/100
|turn|17
|
|t:|1760429455
|move|p1a: Garganacl|Protect|p1a: Garganacl
|-singleturn|p1a: Garganacl|Protect
|move|p2a: Metagross|Meteor Mash|p1a: Garganacl
|-activate|p1a: Garganacl|move: Protect
|
|-heal|p1a: Garganacl|63/100|[from] item: Leftovers
|upkeep
|turn|18
|
|t:|1760429472
|move|p2a: Metagross|Meteor Mash|p1a: Garganacl
|-supereffective|p1a: Garganacl
|-damage|p1a: Garganacl|17/100
|move|p1a: Garganacl|Salt Cure|p2a: Metagross
|-resisted|p2a: Metagross
|-damage|p2a: Metagross|92/100
|-start|p2a: Metagross|Salt Cure
|
|-heal|p1a: Garganacl|23/100|[from] item: Leftovers
|-damage|p2a: Metagross|67/100|[from] Salt Cure
|upkeep
|turn|19
|
|t:|1760429492
|move|p1a: Garganacl|Protect|p1a: Garganacl
|-singleturn|p1a: Garganacl|Protect
|move|p2a: Metagross|Earthquake|p1a: Garganacl
|-activate|p1a: Garganacl|move: Protect
|
|-heal|p1a: Garganacl|29/100|[from] item: Leftovers
|-damage|p2a: Metagross|42/100|[from] Salt Cure
|upkeep
|turn|20
|
|t:|1760429502
|switch|p1a: Alomomola|Alomomola, F, shiny|100/100
|move|p2a: Metagross|Earthquake|p1a: Alomomola
|-damage|p1a: Alomomola|74/100
|
|-heal|p1a: Alomomola|81/100|[from] item: Leftovers
|-damage|p2a: Metagross|17/100|[from] Salt Cure
|upkeep
|turn|21
|
|t:|1760429512
|move|p2a: Metagross|Stealth Rock|p1a: Alomomola
|-sidestart|p1: Fullmelmetal101|move: Stealth Rock
|move|p1a: Alomomola|Scald|p2a: Metagross
|-damage|p2a: Metagross|1/100
|
|-heal|p1a: Alomomola|87/100|[from] item: Leftovers
|-damage|p2a: Metagross|0 fnt|[from] Salt Cure
|faint|p2a: Metagross
|upkeep
|
|t:|1760429521
|switch|p2a: Rotom|Rotom-Wash|100/100
|turn|22
|
|t:|1760429533
|move|p1a: Alomomola|Protect|p1a: Alomomola
|-singleturn|p1a: Alomomola|Protect
|move|p2a: Rotom|Volt Switch|p1a: Alomomola
|-activate|p1a: Alomomola|move: Protect
|
|-heal|p1a: Alomomola|93/100|[from] item: Leftovers
|upkeep
|turn|23
|
|t:|1760429547
|move|p2a: Rotom|Volt Switch|p1a: Alomomola
|-supereffective|p1a: Alomomola
|-damage|p1a: Alomomola|51/100
|
|t:|1760429551
|switch|p2a: Dragapult|Dragapult, M|100/100|[from] Volt Switch
|move|p1a: Alomomola|Flip Turn|p2a: Dragapult
|-resisted|p2a: Dragapult
|-damage|p2a: Dragapult|88/100
|
|t:|1760429563
|switch|p1a: Garganacl|Garganacl, M, shiny|29/100|[from] Flip Turn
|-damage|p1a: Garganacl|17/100|[from] Stealth Rock
|
|-heal|p1a: Garganacl|23/100|[from] item: Leftovers
|upkeep
|turn|24
|
|t:|1760429572
|move|p1a: Garganacl|Protect|p1a: Garganacl
|-singleturn|p1a: Garganacl|Protect
|move|p2a: Dragapult|Dragon Darts|p1a: Garganacl
|-activate|p1a: Garganacl|move: Protect
|
|-heal|p1a: Garganacl|29/100|[from] item: Leftovers
|upkeep
|turn|25
|
|t:|1760429589
|switch|p1a: Alomomola|Alomomola, F, shiny|84/100
|-damage|p1a: Alomomola|72/100|[from] Stealth Rock
|move|p2a: Dragapult|Dragon Darts|p1a: Alomomola
|-damage|p1a: Alomomola|53/100
|-anim|p2a: Dragapult|Dragon Darts|p1a: Alomomola
|-damage|p1a: Alomomola|35/100
|
|-heal|p1a: Alomomola|42/100|[from] item: Leftovers
|upkeep
|turn|26
|
|t:|1760429600
|move|p1a: Alomomola|Protect|p1a: Alomomola
|-singleturn|p1a: Alomomola|Protect
|move|p2a: Dragapult|Dragon Darts|p1a: Alomomola
|-activate|p1a: Alomomola|move: Protect
|
|-heal|p1a: Alomomola|48/100|[from] item: Leftovers
|upkeep
|turn|27
|
|t:|1760429609
|move|p2a: Dragapult|Dragon Darts|p1a: Alomomola
|-damage|p1a: Alomomola|28/100
|-anim|p2a: Dragapult|Dragon Darts|p1a: Alomomola
|-damage|p1a: Alomomola|10/100
|move|p1a: Alomomola|Flip Turn|p2a: Dragapult
|-resisted|p2a: Dragapult
|-damage|p2a: Dragapult|77/100
|
|t:|1760429616
|switch|p1a: Glimmora|Glimmora, F, shiny|100/100|[from] Flip Turn
|-damage|p1a: Glimmora|88/100|[from] Stealth Rock
|
|-heal|p1a: Glimmora|94/100|[from] item: Leftovers
|upkeep
|turn|28
|
|t:|1760429625
|move|p2a: Dragapult|Dragon Darts|p1a: Glimmora
|-damage|p1a: Glimmora|72/100
|-anim|p2a: Dragapult|Dragon Darts|p1a: Glimmora
|-damage|p1a: Glimmora|49/100
|move|p1a: Glimmora|Mortal Spin|p2a: Dragapult
|-resisted|p2a: Dragapult
|-damage|p2a: Dragapult|73/100
|-status|p2a: Dragapult|psn
|-sideend|p1: Fullmelmetal101|Stealth Rock|[from] move: Mortal Spin|[of] p1a: Glimmora
|
|-heal|p1a: Glimmora|55/100|[from] item: Leftovers
|-damage|p2a: Dragapult|61/100 psn|[from] psn
|upkeep
|turn|29
|
|t:|1760429638
|move|p2a: Dragapult|Dragon Darts|p1a: Glimmora
|-damage|p1a: Glimmora|32/100
|-anim|p2a: Dragapult|Dragon Darts|p1a: Glimmora
|-damage|p1a: Glimmora|12/100
|move|p1a: Glimmora|Stealth Rock|p2a: Dragapult
|-sidestart|p2: Llamitas_73|move: Stealth Rock
|
|-heal|p1a: Glimmora|19/100|[from] item: Leftovers
|-damage|p2a: Dragapult|49/100 psn|[from] psn
|upkeep
|turn|30
|
|t:|1760429649
|move|p1a: Glimmora|Spiky Shield|p1a: Glimmora
|-singleturn|p1a: Glimmora|move: Protect
|move|p2a: Dragapult|Dragon Darts|p1a: Glimmora
|-activate|p1a: Glimmora|move: Protect
|
|-heal|p1a: Glimmora|25/100|[from] item: Leftovers
|-damage|p2a: Dragapult|36/100 psn|[from] psn
|upkeep
|turn|31
|
|t:|1760429671
|switch|p1a: Volcanion|Volcanion, tera:Grass|50/100
|move|p2a: Dragapult|Dragon Darts|p1a: Volcanion
|-damage|p1a: Volcanion|30/100
|-anim|p2a: Dragapult|Dragon Darts|p1a: Volcanion
|-crit|p1a: Volcanion
|-damage|p1a: Volcanion|1/100
|
|-damage|p2a: Dragapult|24/100 psn|[from] psn
|upkeep
|turn|32
|
|t:|1760429683
|move|p2a: Dragapult|Dragon Darts|p1a: Volcanion
|-damage|p1a: Volcanion|0 fnt
|faint|p1a: Volcanion
|
|-damage|p2a: Dragapult|12/100 psn|[from] psn
|upkeep
|
|t:|1760429692
|switch|p1a: Alomomola|Alomomola, F, shiny|43/100
|turn|33
|
|t:|1760429696
|move|p1a: Alomomola|Protect|p1a: Alomomola
|-singleturn|p1a: Alomomola|Protect
|move|p2a: Dragapult|Dragon Darts|p1a: Alomomola
|-activate|p1a: Alomomola|move: Protect
|
|-heal|p1a: Alomomola|50/100|[from] item: Leftovers
|-damage|p2a: Dragapult|0 fnt|[from] psn
|faint|p2a: Dragapult
|upkeep
|
|t:|1760429704
|switch|p2a: Rotom|Rotom-Wash|100/100
|-damage|p2a: Rotom|88/100|[from] Stealth Rock
|turn|34
|
|t:|1760429712
|move|p2a: Rotom|Volt Switch|p1a: Alomomola
|-supereffective|p1a: Alomomola
|-damage|p1a: Alomomola|10/100
|
|t:|1760429716
|switch|p2a: Iron Moth|Iron Moth|100/100|[from] Volt Switch
|-damage|p2a: Iron Moth|75/100|[from] Stealth Rock
|-enditem|p2a: Iron Moth|Booster Energy
|-activate|p2a: Iron Moth|ability: Quark Drive|[fromitem]
|-start|p2a: Iron Moth|quarkdrivespa
|move|p1a: Alomomola|Flip Turn|p2a: Iron Moth
|-supereffective|p2a: Iron Moth
|-damage|p2a: Iron Moth|34/100
|
|t:|1760429727
|switch|p1a: Glimmora|Glimmora, F, shiny|25/100|[from] Flip Turn
|
|-heal|p1a: Glimmora|31/100|[from] item: Leftovers
|upkeep
|turn|35
|
|t:|1760429737
|move|p1a: Glimmora|Spiky Shield|p1a: Glimmora
|-singleturn|p1a: Glimmora|move: Protect
|move|p2a: Iron Moth|Energy Ball|p1a: Glimmora
|-activate|p1a: Glimmora|move: Protect
|
|-heal|p1a: Glimmora|37/100|[from] item: Leftovers
|upkeep
|turn|36
|
|t:|1760429747
|move|p2a: Iron Moth|Energy Ball|p1a: Glimmora
|-damage|p1a: Glimmora|2/100
|-unboost|p1a: Glimmora|spd|1
|move|p1a: Glimmora|Toxic|p2a: Iron Moth
|-status|p2a: Iron Moth|tox
|
|-heal|p1a: Glimmora|8/100|[from] item: Leftovers
|-damage|p2a: Iron Moth|28/100 tox|[from] psn
|upkeep
|turn|37
|
|t:|1760429758
|move|p1a: Glimmora|Spiky Shield|p1a: Glimmora
|-singleturn|p1a: Glimmora|move: Protect
|move|p2a: Iron Moth|Energy Ball|p1a: Glimmora
|-activate|p1a: Glimmora|move: Protect
|
|-heal|p1a: Glimmora|14/100|[from] item: Leftovers
|-damage|p2a: Iron Moth|16/100 tox|[from] psn
|upkeep
|turn|38
|
|t:|1760429777
|move|p2a: Iron Moth|Energy Ball|p1a: Glimmora
|-damage|p1a: Glimmora|0 fnt
|faint|p1a: Glimmora
|
|-damage|p2a: Iron Moth|0 fnt|[from] psn
|faint|p2a: Iron Moth
|-end|p2a: Iron Moth|Quark Drive|[silent]
|upkeep
|
|t:|1760429789
|switch|p2a: Rotom|Rotom-Wash|88/100
|switch|p1a: Garganacl|Garganacl, M, shiny|29/100
|-damage|p2a: Rotom|75/100|[from] Stealth Rock
|turn|39
|
|t:|1760429796
|move|p1a: Garganacl|Protect|p1a: Garganacl
|-singleturn|p1a: Garganacl|Protect
|move|p2a: Rotom|Hydro Pump|p1a: Garganacl
|-activate|p1a: Garganacl|move: Protect
|
|-heal|p2a: Rotom|82/100|[from] item: Leftovers
|-heal|p1a: Garganacl|36/100|[from] item: Leftovers
|upkeep
|turn|40
|
|t:|1760429807
|switch|p1a: Alomomola|Alomomola, F, shiny|43/100
|move|p2a: Rotom|Hydro Pump|p1a: Alomomola|[miss]
|-miss|p2a: Rotom|p1a: Alomomola
|
|-heal|p2a: Rotom|88/100|[from] item: Leftovers
|-heal|p1a: Alomomola|49/100|[from] item: Leftovers
|upkeep
|turn|41
|
|t:|1760429817
|move|p1a: Alomomola|Protect|p1a: Alomomola
|-singleturn|p1a: Alomomola|Protect
|move|p2a: Rotom|Nasty Plot|p2a: Rotom
|-boost|p2a: Rotom|spa|2
|
|-heal|p2a: Rotom|94/100|[from] item: Leftovers
|-heal|p1a: Alomomola|56/100|[from] item: Leftovers
|upkeep
|turn|42
|
|t:|1760429842
|move|p2a: Rotom|Volt Switch|p1a: Alomomola
|-supereffective|p1a: Alomomola
|-damage|p1a: Alomomola|0 fnt
|faint|p1a: Alomomola
|
|-heal|p2a: Rotom|100/100|[from] item: Leftovers
|upkeep
|
|t:|1760429849
|switch|p1a: Garganacl|Garganacl, M, shiny|36/100
|turn|43
|
|t:|1760429856
|move|p1a: Garganacl|Protect|p1a: Garganacl
|-singleturn|p1a: Garganacl|Protect
|move|p2a: Rotom|Hydro Pump|p1a: Garganacl
|-activate|p1a: Garganacl|move: Protect
|
|-heal|p1a: Garganacl|42/100|[from] item: Leftovers
|upkeep
|turn|44
|
|t:|1760429867
|move|p2a: Rotom|Hydro Pump|p1a: Garganacl
|-supereffective|p1a: Garganacl
|-damage|p1a: Garganacl|0 fnt
|faint|p1a: Garganacl
|
|win|Llamitas_73
|raw|Fullmelmetal101's rating: 1121 &rarr; <strong>1092</strong><br />(-29 for losing)
|raw|Llamitas_73's rating: 1068 &rarr; <strong>1102</strong><br />(+34 for winning)
|l|☆Fullmelmetal101
|player|p1|
|l|☆Llamitas_73
|player|p2|
