|j|☆Rin1604
|j|☆ironbritish
|t:|1760440152
|gametype|singles
|player|p1|Rin1604|miku-ghost|1211
|player|p2|ironbritish|proton|1188
|gen|9
|tier|[Gen 9] OU
|rated|
|rule|HP Percentage Mod: HP is shown in percentages
|rule|Endless Battle Clause: Forcing endless battles is banned
|rule|Species Clause: Limit one of each Pokémon
|rule|OHKO Clause: OHKO moves are banned
|rule|Evasion Items Clause: Evasion items are banned
|rule|Evasion Moves Clause: Evasion moves are banned
|rule|Evasion Abilities Clause: Evasion abilities are banned
|rule|Sleep Moves Clause: Sleep-inducing moves are banned
|clearpoke
|poke|p1|Pecharunt|
|poke|p1|Arcanine-Hisui, M|
|poke|p1|Vikavolt, M|
|poke|p1|Araquanid, F|
|poke|p1|Dragonite, F|
|poke|p1|Iron Treads|
|poke|p2|Slowking-Galar, M|
|poke|p2|Mienshao, M|
|poke|p2|Cyclizar, F|
|poke|p2|Amoonguss, M|
|poke|p2|Tornadus-Therian, M|
|poke|p2|Excadrill, F|
|teampreview
|inactive|Battle timer is ON: inactive players will automatically lose when time's up. (requested by ironbritish)
|
|t:|1760440159
|teamsize|p1|6
|teamsize|p2|6
|start
|switch|p1a: Araquanid|Araquanid, F|100/100
|switch|p2a: Excadrill|Excadrill, F|100/100
|-ability|p2a: Excadrill|Mold Breaker
|turn|1
|
|t:|1760440164
|switch|p2a: Amoonguss|Amoonguss, M|100/100
|move|p1a: Araquanid|Liquidation|p2a: Amoonguss
|-resisted|p2a: Amoonguss
|-damage|p2a: Amoonguss|86/100
|-damage|p1a: Araquanid|84/100|[from] item: Rocky Helmet|[of] p2a: Amoonguss
|
|upkeep
|turn|2
|
|t:|1760440171
|move|p1a: Araquanid|Sticky Web|p2a: Amoonguss
|-sidestart|p2: ironbritish|move: Sticky Web
|move|p2a: Amoonguss|Toxic|p1a: Araquanid
|-status|p1a: Araquanid|tox
|
|-damage|p1a: Araquanid|78/100 tox|[from] psn
|upkeep
|turn|3
|
|t:|1760440185
|move|p1a: Araquanid|Endeavor|p2a: Amoonguss
|-damage|p2a: Amoonguss|61/100
|-damage|p1a: Araquanid|61/100 tox|[from] item: Rocky Helmet|[of] p2a: Amoonguss
|move|p2a: Amoonguss|Foul Play|p1a: Araquanid
|-damage|p1a: Araquanid|46/100 tox
|
|-damage|p1a: Araquanid|33/100 tox|[from] psn
|upkeep
|turn|4
|
|t:|1760440196
|switch|p1a: Iron Treads|Iron Treads|100/100
|-enditem|p1a: Iron Treads|Booster Energy
|-activate|p1a: Iron Treads|ability: Quark Drive|[fromitem]
|-start|p1a: Iron Treads|quarkdriveatk
|move|p2a: Amoonguss|Synthesis|p2a: Amoonguss
|-heal|p2a: Amoonguss|100/100
|
|upkeep
|turn|5
|
|t:|1760440199
|move|p1a: Iron Treads|Ice Spinner|p2a: Amoonguss
|-supereffective|p2a: Amoonguss
|-damage|p2a: Amoonguss|48/100
|-damage|p1a: Iron Treads|84/100|[from] item: Rocky Helmet|[of] p2a: Amoonguss
|move|p2a: Amoonguss|Foul Play|p1a: Iron Treads
|-damage|p1a: Iron Treads|60/100
|
|upkeep
|turn|6
|
|t:|1760440214
|switch|p2a: Slowking|Slowking-Galar, M|100/100
|move|p1a: Iron Treads|Ice Spinner|p2a: Slowking
|-damage|p2a: Slowking|62/100
|
|upkeep
|turn|7
|
|t:|1760440222
|switch|p2a: Tornadus|Tornadus-Therian, M|100/100
|move|p1a: Iron Treads|Earthquake|p2a: Tornadus
|-immune|p2a: Tornadus
|
|upkeep
|turn|8
|
|t:|1760440230
|move|p2a: Tornadus|Heat Wave|p1a: Iron Treads
|-supereffective|p1a: Iron Treads
|-damage|p1a: Iron Treads|0 fnt
|faint|p1a: Iron Treads
|-end|p1a: Iron Treads|Quark Drive|[silent]
|
|upkeep
|
|t:|1760440240
|switch|p1a: Arcanine|Arcanine-Hisui, M|100/100
|turn|9
|
|t:|1760440247
|switch|p2a: Slowking|Slowking-Galar, M|95/100
|move|p1a: Arcanine|Head Smash|p2a: Slowking|[miss]
|-miss|p1a: Arcanine|p2a: Slowking
|
|upkeep
|turn|10
|
|t:|1760440252
|move|p1a: Arcanine|Head Smash|p2a: Slowking
|-damage|p2a: Slowking|22/100
|move|p2a: Slowking|Thunder Wave|p1a: Arcanine
|-status|p1a: Arcanine|par
|
|upkeep
|turn|11
|
|t:|1760440260
|switch|p2a: Amoonguss|Amoonguss, M|81/100
|-activate|p2a: Amoonguss|move: Sticky Web
|-unboost|p2a: Amoonguss|spe|1
|move|p1a: Arcanine|Head Smash|p2a: Amoonguss|[miss]
|-miss|p1a: Arcanine|p2a: Amoonguss
|
|upkeep
|turn|12
|
|t:|1760440265
|move|p1a: Arcanine|Flare Blitz|p2a: Amoonguss
|-supereffective|p2a: Amoonguss
|-damage|p2a: Amoonguss|5/100
|-damage|p1a: Arcanine|84/100 par|[from] item: Rocky Helmet|[of] p2a: Amoonguss
|move|p2a: Amoonguss|Foul Play|p1a: Arcanine
|-damage|p1a: Arcanine|49/100 par
|
|upkeep
|turn|13
|
|t:|1760440277
|switch|p2a: Mienshao|Mienshao, M|100/100
|-activate|p2a: Mienshao|move: Sticky Web
|-unboost|p2a: Mienshao|spe|1
|move|p1a: Arcanine|Flare Blitz|p2a: Mienshao
|-damage|p2a: Mienshao|8/100
|
|upkeep
|turn|14
|
|t:|1760440283
|move|p2a: Mienshao|Fake Out|p1a: Arcanine
|-resisted|p1a: Arcanine
|-damage|p1a: Arcanine|39/100 par
|cant|p1a: Arcanine|flinch
|
|upkeep
|turn|15
|
|t:|1760440289
|move|p1a: Arcanine|Extreme Speed|p2a: Mienshao
|-damage|p2a: Mienshao|0 fnt
|faint|p2a: Mienshao
|
|upkeep
|
|t:|1760440294
|switch|p2a: Amoonguss|Amoonguss, M|38/100
|-activate|p2a: Amoonguss|move: Sticky Web
|-unboost|p2a: Amoonguss|spe|1
|turn|16
|
|t:|1760440297
|switch|p2a: Cyclizar|Cyclizar, F|100/100
|-activate|p2a: Cyclizar|move: Sticky Web
|-unboost|p2a: Cyclizar|spe|1
|cant|p1a: Arcanine|par
|
|upkeep
|turn|17
|
|t:|1760440303
|move|p2a: Cyclizar|U-turn|p1a: Arcanine
|-resisted|p1a: Arcanine
|-damage|p1a: Arcanine|27/100 par
|
|t:|1760440306
|switch|p2a: Amoonguss|Amoonguss, M|71/100|[from] U-turn
|-activate|p2a: Amoonguss|move: Sticky Web
|-unboost|p2a: Amoonguss|spe|1
|cant|p1a: Arcanine|par
|
|upkeep
|turn|18
|
|t:|1760440315
|switch|p1a: Vikavolt|Vikavolt, M|100/100
|move|p2a: Amoonguss|Foul Play|p1a: Vikavolt
|-damage|p1a: Vikavolt|84/100
|
|upkeep
|turn|19
|
|t:|1760440319
|move|p1a: Vikavolt|Bug Buzz|p2a: Amoonguss
|-damage|p2a: Amoonguss|25/100
|-enditem|p1a: Vikavolt|Throat Spray
|-boost|p1a: Vikavolt|spa|1|[from] item: Throat Spray
|move|p2a: Amoonguss|Toxic|p1a: Vikavolt
|-status|p1a: Vikavolt|tox
|
|-damage|p1a: Vikavolt|78/100 tox|[from] psn
|upkeep
|turn|20
|
|t:|1760440329
|switch|p2a: Slowking|Slowking-Galar, M|55/100
|move|p1a: Vikavolt|Agility|p1a: Vikavolt
|-boost|p1a: Vikavolt|spe|2
|
|-damage|p1a: Vikavolt|66/100 tox|[from] psn
|upkeep
|turn|21
|
|t:|1760440335
|move|p1a: Vikavolt|Bug Buzz|p2a: Slowking
|-damage|p2a: Slowking|11/100
|-unboost|p2a: Slowking|spd|1
|move|p2a: Slowking|Future Sight|p1a: Vikavolt
|-start|p2a: Slowking|move: Future Sight
|
|-damage|p1a: Vikavolt|47/100 tox|[from] psn
|upkeep
|turn|22
|
|t:|1760440345
|switch|p2a: Cyclizar|Cyclizar, F|100/100
|-activate|p2a: Cyclizar|move: Sticky Web
|-unboost|p2a: Cyclizar|spe|1
|move|p1a: Vikavolt|Thunderbolt|p2a: Cyclizar
|-resisted|p2a: Cyclizar
|-damage|p2a: Cyclizar|33/100
|-enditem|p2a: Cyclizar|Sitrus Berry|[eat]
|-heal|p2a: Cyclizar|58/100|[from] item: Sitrus Berry
|
|-damage|p1a: Vikavolt|23/100 tox|[from] psn
|upkeep
|turn|23
|
|t:|1760440358
|switch|p2a: Amoonguss|Amoonguss, M|58/100
|-activate|p2a: Amoonguss|move: Sticky Web
|-unboost|p2a: Amoonguss|spe|1
|move|p1a: Vikavolt|Thunderbolt|p2a: Amoonguss
|-resisted|p2a: Amoonguss
|-crit|p2a: Amoonguss
|-damage|p2a: Amoonguss|0 fnt
|faint|p2a: Amoonguss
|
|-end|p1a: Vikavolt|move: Future Sight
|-damage|p1a: Vikavolt|0 fnt
|faint|p1a: Vikavolt
|upkeep
|
|t:|1760440366
|switch|p1a: Pecharunt|Pecharunt|100/100
|switch|p2a: Excadrill|Excadrill, F|100/100
|-activate|p2a: Excadrill|move: Sticky Web
|-unboost|p2a: Excadrill|spe|1
|-ability|p2a: Excadrill|Mold Breaker
|-item|p1a: Pecharunt|Air Balloon
|turn|24
|
|t:|1760440372
|move|p1a: Pecharunt|Shadow Ball|p2a: Excadrill
|-damage|p2a: Excadrill|56/100
|move|p2a: Excadrill|Iron Head|p1a: Pecharunt
|-damage|p1a: Pecharunt|70/100
|-enditem|p1a: Pecharunt|Air Balloon
|
|upkeep
|turn|25
|
|t:|1760440378
|switch|p1a: Dragonite|Dragonite, F|100/100
|move|p2a: Excadrill|Drill Run|p1a: Dragonite
|-immune|p1a: Dragonite
|
|upkeep
|turn|26
|
|t:|1760440383
|switch|p2a: Slowking|Slowking-Galar, M|44/100
|move|p1a: Dragonite|Dragon Dance|p1a: Dragonite
|-boost|p1a: Dragonite|atk|1
|-boost|p1a: Dragonite|spe|1
|
|upkeep
|turn|27
|
|t:|1760440386
|move|p1a: Dragonite|Earthquake|p2a: Slowking
|-supereffective|p2a: Slowking
|-crit|p2a: Slowking
|-damage|p2a: Slowking|0 fnt
|faint|p2a: Slowking
|
|upkeep
|
|t:|1760440389
|switch|p2a: Tornadus|Tornadus-Therian, M|100/100
|turn|28
|
|t:|1760440395
|-terastallize|p1a: Dragonite|Fairy
|move|p1a: Dragonite|Tera Blast|p2a: Tornadus|[anim] Tera Blast Fairy
|-damage|p2a: Tornadus|10/100
|move|p2a: Tornadus|Knock Off|p1a: Dragonite
|-resisted|p1a: Dragonite
|-damage|p1a: Dragonite|95/100
|-enditem|p1a: Dragonite|Heavy-Duty Boots|[from] move: Knock Off|[of] p2a: Tornadus
|
|upkeep
|turn|29
|
|t:|1760440407
|switch|p2a: Cyclizar|Cyclizar, F|91/100
|-activate|p2a: Cyclizar|move: Sticky Web
|-unboost|p2a: Cyclizar|spe|1
|move|p1a: Dragonite|Tera Blast|p2a: Cyclizar|[anim] Tera Blast Fairy
|-supereffective|p2a: Cyclizar
|-damage|p2a: Cyclizar|0 fnt
|faint|p2a: Cyclizar
|
|upkeep
|
|t:|1760440416
|switch|p2a: Excadrill|Excadrill, F|56/100
|-activate|p2a: Excadrill|move: Sticky Web
|-unboost|p2a: Excadrill|spe|1
|-ability|p2a: Excadrill|Mold Breaker
|turn|30
|
|t:|1760440421
|move|p1a: Dragonite|Roost|p1a: Dragonite
|-heal|p1a: Dragonite|100/100
|move|p2a: Excadrill|Rapid Spin|p1a: Dragonite
|-damage|p1a: Dragonite|80/100
|-boost|p2a: Excadrill|spe|1
|-sideend|p2: ironbritish|Sticky Web|[from] move: Rapid Spin|[of] p2a: Excadrill
|
|upkeep
|turn|31
|
|t:|1760440429
|move|p1a: Dragonite|Earthquake|p2a: Excadrill
|-supereffective|p2a: Excadrill
|-damage|p2a: Excadrill|0 fnt
|faint|p2a: Excadrill
|
|upkeep
|
|t:|1760440431
|switch|p2a: Tornadus|Tornadus-Therian, M|43/100
|turn|32
|
|t:|1760440435
|move|p1a: Dragonite|Tera Blast|p2a: Tornadus|[anim] Tera Blast Fairy
|-damage|p2a: Tornadus|0 fnt
|faint|p2a: Tornadus
|
|win|Rin1604
|raw|Rin1604's rating: 1211 &rarr; <strong>1234</strong><br />(+23 for winning)
|raw|ironbritish's rating: 1188 &rarr; <strong>1165</strong><br />(-23 for losing)
|l|☆ironbritish
|player|p2|
|l|☆Rin1604
|player|p1|
