|j|☆Fifo drummer
|j|☆rugudu
|t:|1760438319
|gametype|singles
|player|p1|Fifo drummer|unknown|1375
|player|p2|rugudu|burglar|1345
|gen|9
|tier|[Gen 9] OU
|rated|
|rule|HP Percentage Mod: HP is shown in percentages
|rule|Endless Battle Clause: Forcing endless battles is banned
|rule|Species Clause: Limit one of each Pokémon
|rule|OHKO Clause: OHKO moves are banned
|rule|Evasion Items Clause: Evasion items are banned
|rule|Evasion Moves Clause: Evasion moves are banned
|rule|Evasion Abilities Clause: Evasion abilities are banned
|rule|Sleep Moves Clause: Sleep-inducing moves are banned
|clearpoke
|poke|p1|Crawdaunt, M|
|poke|p1|Krookodile, M|
|poke|p1|Goodra-Hisui, F|
|poke|p1|Haxorus, M|
|poke|p1|Espeon, F|
|poke|p1|Corviknight, F|
|poke|p2|Deoxys-Speed|
|poke|p2|Gholdengo|
|poke|p2|Iron Treads|
|poke|p2|Dragonite, F|
|poke|p2|Iron Moth|
|poke|p2|Samurott-Hisui, M|
|teampreview
|inactive|Battle timer is ON: inactive players will automatically lose when time's up. (requested by rugudu)
|
|t:|1760438323
|teamsize|p1|6
|teamsize|p2|6
|start
|switch|p1a: Shrimpboat Capt.|Crawdaunt, M|100/100
|switch|p2a: Iron Treads|Iron Treads|100/100
|-enditem|p2a: Iron Treads|Booster Energy
|-activate|p2a: Iron Treads|ability: Quark Drive|[fromitem]
|-start|p2a: Iron Treads|quarkdrivespe
|turn|1
|
|t:|1760438331
|move|p2a: Iron Treads|Stealth Rock|p1a: Shrimpboat Capt.
|-sidestart|p1: Fifo drummer|move: Stealth Rock
|move|p1a: Shrimpboat Capt.|Swords Dance|p1a: Shrimpboat Capt.
|-boost|p1a: Shrimpboat Capt.|atk|2
|
|upkeep
|turn|2
|
|t:|1760438337
|move|p1a: Shrimpboat Capt.|Aqua Jet|p2a: Iron Treads
|-supereffective|p2a: Iron Treads
|-crit|p2a: Iron Treads
|-damage|p2a: Iron Treads|0 fnt
|faint|p2a: Iron Treads
|-end|p2a: Iron Treads|Quark Drive|[silent]
|
|upkeep
|
|t:|1760438340
|switch|p2a: Samurott|Samurott-Hisui, M|100/100
|turn|3
|
|t:|1760438345
|move|p2a: Samurott|Encore|p1a: Shrimpboat Capt.
|-start|p1a: Shrimpboat Capt.|Encore
|move|p1a: Shrimpboat Capt.|Aqua Jet|p2a: Samurott
|-resisted|p2a: Samurott
|-damage|p2a: Samurott|62/100
|
|upkeep
|turn|4
|
|t:|1760438353
|switch|p1a: Mrs Raven|Corviknight, F, shiny|100/100
|-damage|p1a: Mrs Raven|88/100|[from] Stealth Rock
|move|p2a: Samurott|Ceaseless Edge|p1a: Mrs Raven
|-damage|p1a: Mrs Raven|55/100
|-damage|p2a: Samurott|45/100|[from] item: Rocky Helmet|[of] p1a: Mrs Raven
|-sidestart|p1: Fifo drummer|Spikes
|
|upkeep
|turn|5
|
|t:|1760438362
|move|p2a: Samurott|Knock Off|p1a: Mrs Raven
|-damage|p1a: Mrs Raven|22/100
|-damage|p2a: Samurott|29/100|[from] item: Rocky Helmet|[of] p1a: Mrs Raven
|-enditem|p1a: Mrs Raven|Rocky Helmet|[from] move: Knock Off|[of] p2a: Samurott
|move|p1a: Mrs Raven|Brave Bird|p2a: Samurott
|-damage|p2a: Samurott|0 fnt
|faint|p2a: Samurott
|-damage|p1a: Mrs Raven|13/100|[from] Recoil
|
|upkeep
|
|t:|1760438368
|switch|p2a: Iron Moth|Iron Moth|100/100
|-enditem|p2a: Iron Moth|Booster Energy
|-activate|p2a: Iron Moth|ability: Quark Drive|[fromitem]
|-start|p2a: Iron Moth|quarkdrivespe
|turn|6
|
|t:|1760438376
|move|p2a: Iron Moth|Fiery Dance|p1a: Mrs Raven
|-supereffective|p1a: Mrs Raven
|-damage|p1a: Mrs Raven|0 fnt
|faint|p1a: Mrs Raven
|
|upkeep
|
|t:|1760438382
|switch|p1a: Badra|Goodra-Hisui, F|100/100
|-damage|p1a: Badra|95/100|[from] Stealth Rock
|-damage|p1a: Badra|82/100|[from] Spikes
|turn|7
|
|t:|1760438390
|-terastallize|p2a: Iron Moth|Ground
|move|p2a: Iron Moth|Fiery Dance|p1a: Badra
|-damage|p1a: Badra|62/100
|move|p1a: Badra|Surf|p2a: Iron Moth
|-supereffective|p2a: Iron Moth
|-damage|p2a: Iron Moth|37/100
|
|upkeep
|turn|8
|
|t:|1760438399
|move|p2a: Iron Moth|Tera Blast|p1a: Badra|[anim] Tera Blast Ground
|-supereffective|p1a: Badra
|-damage|p1a: Badra|22/100
|move|p1a: Badra|Dragon Pulse|p2a: Iron Moth
|-damage|p2a: Iron Moth|0 fnt
|faint|p2a: Iron Moth
|-end|p2a: Iron Moth|Quark Drive|[silent]
|
|upkeep
|c|☆rugudu|Not a single boost...
|
|t:|1760438417
|switch|p2a: Dragonite|Dragonite, F|100/100
|turn|9
|
|t:|1760438421
|-terastallize|p1a: Badra|Flying
|move|p2a: Dragonite|Dragon Dance|p2a: Dragonite
|-boost|p2a: Dragonite|atk|1
|-boost|p2a: Dragonite|spe|1
|move|p1a: Badra|Dragon Pulse|p2a: Dragonite
|-supereffective|p2a: Dragonite
|-damage|p2a: Dragonite|54/100
|
|upkeep
|turn|10
|
|t:|1760438430
|move|p2a: Dragonite|Ice Spinner|p1a: Badra
|-supereffective|p1a: Badra
|-damage|p1a: Badra|0 fnt
|-ability|p1a: Badra|Gooey
|-unboost|p2a: Dragonite|spe|1
|faint|p1a: Badra
|
|upkeep
|
|t:|1760438448
|switch|p1a: AXE Bodyspray|Haxorus, M, shiny|100/100
|-damage|p1a: AXE Bodyspray|88/100|[from] Stealth Rock
|-damage|p1a: AXE Bodyspray|76/100|[from] Spikes
|-ability|p1a: AXE Bodyspray|Mold Breaker
|turn|11
|
|t:|1760438454
|move|p2a: Dragonite|Extreme Speed|p1a: AXE Bodyspray
|-damage|p1a: AXE Bodyspray|26/100
|move|p1a: AXE Bodyspray|Outrage|p2a: Dragonite
|-supereffective|p2a: Dragonite
|-crit|p2a: Dragonite
|-damage|p2a: Dragonite|0 fnt
|faint|p2a: Dragonite
|
|upkeep
|
|t:|1760438458
|switch|p2a: Deoxys|Deoxys-Speed|100/100
|-ability|p2a: Deoxys|Pressure
|turn|12
|
|t:|1760438466
|move|p2a: Deoxys|Ice Beam|p1a: AXE Bodyspray
|-supereffective|p1a: AXE Bodyspray
|-damage|p1a: AXE Bodyspray|0 fnt
|faint|p1a: AXE Bodyspray
|-damage|p2a: Deoxys|91/100|[from] item: Life Orb
|
|upkeep
|
|t:|1760438480
|switch|p1a: I don't give a fox|Espeon, F, shiny|100/100
|-damage|p1a: I don't give a fox|88/100|[from] Stealth Rock
|-damage|p1a: I don't give a fox|76/100|[from] Spikes
|turn|13
|
|t:|1760438485
|move|p2a: Deoxys|Knock Off|p1a: I don't give a fox
|-supereffective|p1a: I don't give a fox
|-damage|p1a: I don't give a fox|0 fnt
|-enditem|p1a: I don't give a fox|Leftovers|[from] move: Knock Off|[of] p2a: Deoxys
|faint|p1a: I don't give a fox
|-damage|p2a: Deoxys|81/100|[from] item: Life Orb
|
|upkeep
|
|t:|1760438499
|switch|p1a: Shrimpboat Capt.|Crawdaunt, M|100/100
|-damage|p1a: Shrimpboat Capt.|88/100|[from] Stealth Rock
|-damage|p1a: Shrimpboat Capt.|76/100|[from] Spikes
|turn|14
|
|t:|1760438504
|move|p2a: Deoxys|Superpower|p1a: Shrimpboat Capt.
|-supereffective|p1a: Shrimpboat Capt.
|-damage|p1a: Shrimpboat Capt.|0 fnt
|-unboost|p2a: Deoxys|atk|1
|-unboost|p2a: Deoxys|def|1
|faint|p1a: Shrimpboat Capt.
|-damage|p2a: Deoxys|71/100|[from] item: Life Orb
|
|upkeep
|
|t:|1760438512
|switch|p1a: Son of a Krook|Krookodile, M, shiny|100/100
|-damage|p1a: Son of a Krook|94/100|[from] Stealth Rock
|-damage|p1a: Son of a Krook|82/100|[from] Spikes
|turn|15
|
|t:|1760438517
|move|p2a: Deoxys|Ice Beam|p1a: Son of a Krook
|-supereffective|p1a: Son of a Krook
|-damage|p1a: Son of a Krook|0 fnt
|faint|p1a: Son of a Krook
|-damage|p2a: Deoxys|61/100|[from] item: Life Orb
|
|win|rugudu
|raw|Fifo drummer's rating: 1375 &rarr; <strong>1353</strong><br />(-22 for losing)
|raw|rugudu's rating: 1345 &rarr; <strong>1367</strong><br />(+22 for winning)
|c|☆Fifo drummer|Ggs
|l|☆rugudu
|player|p2|
|l|☆Fifo drummer
|player|p1|
