|j|☆henry151th
|j|☆Jus4funsies
|t:|1760331430
|gametype|singles
|player|p1|henry151th|wallace|1747
|player|p2|Jus4funsies|teamrocket|1645
|gen|9
|tier|[Gen 9] OU
|rated|
|rule|HP Percentage Mod: HP is shown in percentages
|rule|Endless Battle Clause: Forcing endless battles is banned
|rule|Species Clause: Limit one of each Pokémon
|rule|OHKO Clause: OHKO moves are banned
|rule|Evasion Items Clause: Evasion items are banned
|rule|Evasion Moves Clause: Evasion moves are banned
|rule|Evasion Abilities Clause: Evasion abilities are banned
|rule|Sleep Moves Clause: Sleep-inducing moves are banned
|clearpoke
|poke|p1|Tyranitar, F|
|poke|p1|Excadrill, M|
|poke|p1|Garganacl, M|
|poke|p1|Tornadus-Therian, M|
|poke|p1|Keldeo-Resolute|
|poke|p1|Pecharunt|
|poke|p2|Samurott-Hisui, F|
|poke|p2|Gholdengo|
|poke|p2|Great Tusk|
|poke|p2|Raging Bolt|
|poke|p2|Dragonite, F|
|poke|p2|Kingambit, M|
|teampreview
|
|t:|1760331447
|teamsize|p1|6
|teamsize|p2|6
|start
|switch|p1a: Keldeo|Keldeo-Resolute|100/100
|switch|p2a: Samurott|Samurott-Hisui, F|100/100
|turn|1
|
|t:|1760331450
|move|p1a: Keldeo|Surf|p2a: Samurott
|-resisted|p2a: Samurott
|-damage|p2a: Samurott|52/100
|move|p2a: Samurott|Ceaseless Edge|p1a: Keldeo
|-resisted|p1a: Keldeo
|-damage|p1a: Keldeo|73/100
|-ability|p1a: Keldeo|Justified|boost
|-boost|p1a: Keldeo|atk|1
|-sidestart|p1: henry151th|Spikes
|
|upkeep
|turn|2
|
|t:|1760331460
|-terastallize|p1a: Keldeo|Water
|move|p1a: Keldeo|Surf|p2a: Samurott
|-resisted|p2a: Samurott
|-damage|p2a: Samurott|0 fnt
|faint|p2a: Samurott
|
|upkeep
|
|t:|1760331467
|switch|p2a: Raging Bolt|Raging Bolt|100/100
|-enditem|p2a: Raging Bolt|Booster Energy
|-activate|p2a: Raging Bolt|ability: Protosynthesis|[fromitem]
|-start|p2a: Raging Bolt|protosynthesisspa
|turn|3
|
|t:|1760331470
|switch|p1a: Tyranitar|Tyranitar, F|100/100
|-damage|p1a: Tyranitar|88/100|[from] Spikes
|-weather|Sandstorm|[from] ability: Sand Stream|[of] p1a: Tyranitar
|move|p2a: Raging Bolt|Dragon Pulse|p1a: Tyranitar
|-damage|p1a: Tyranitar|60/100
|
|-weather|Sandstorm|[upkeep]
|-damage|p2a: Raging Bolt|94/100|[from] Sandstorm
|upkeep
|turn|4
|
|t:|1760331481
|-end|p2a: Raging Bolt|Protosynthesis|[silent]
|switch|p2a: Great Tusk|Great Tusk|100/100
|switch|p1a: Excadrill|Excadrill, M|100/100
|-damage|p1a: Excadrill|88/100|[from] Spikes
|
|-weather|Sandstorm|[upkeep]
|upkeep
|turn|5
|
|t:|1760331486
|move|p1a: Excadrill|Rapid Spin|p2a: Great Tusk
|-damage|p2a: Great Tusk|82/100
|-boost|p1a: Excadrill|spe|1
|-sideend|p1: henry151th|Spikes|[from] move: Rapid Spin|[of] p1a: Excadrill
|-damage|p1a: Excadrill|78/100|[from] item: Life Orb
|move|p2a: Great Tusk|Headlong Rush|p1a: Excadrill
|-supereffective|p1a: Excadrill
|-damage|p1a: Excadrill|0 fnt
|-unboost|p2a: Great Tusk|def|1
|-unboost|p2a: Great Tusk|spd|1
|faint|p1a: Excadrill
|
|-weather|Sandstorm|[upkeep]
|upkeep
|
|t:|1760331489
|switch|p1a: Keldeo|Keldeo-Resolute, tera:Water|73/100
|turn|6
|
|t:|1760331494
|-end|p2a: Great Tusk|Protosynthesis|[silent]
|switch|p2a: Raging Bolt|Raging Bolt|94/100
|move|p1a: Keldeo|Surf|p2a: Raging Bolt
|-resisted|p2a: Raging Bolt
|-damage|p2a: Raging Bolt|47/100
|
|-weather|Sandstorm|[upkeep]
|-damage|p1a: Keldeo|66/100|[from] Sandstorm
|-damage|p2a: Raging Bolt|40/100|[from] Sandstorm
|upkeep
|turn|7
|
|t:|1760331499
|switch|p1a: Garganacl|Garganacl, M|100/100
|move|p2a: Raging Bolt|Thunderclap||[still]
|-fail|p2a: Raging Bolt
|
|-weather|Sandstorm|[upkeep]
|-damage|p2a: Raging Bolt|34/100|[from] Sandstorm
|upkeep
|turn|8
|
|t:|1760331514
|move|p2a: Raging Bolt|Thunderbolt|p1a: Garganacl
|-crit|p1a: Garganacl
|-damage|p1a: Garganacl|65/100
|move|p1a: Garganacl|Iron Defense|p1a: Garganacl
|-boost|p1a: Garganacl|def|2
|
|-weather|Sandstorm|[upkeep]
|-damage|p2a: Raging Bolt|28/100|[from] Sandstorm
|-heal|p1a: Garganacl|71/100|[from] item: Leftovers
|upkeep
|turn|9
|
|t:|1760331519
|move|p2a: Raging Bolt|Thunderbolt|p1a: Garganacl
|-damage|p1a: Garganacl|50/100
|move|p1a: Garganacl|Recover|p1a: Garganacl
|-heal|p1a: Garganacl|99/100
|
|-weather|Sandstorm|[upkeep]
|-damage|p2a: Raging Bolt|22/100|[from] Sandstorm
|-heal|p1a: Garganacl|100/100|[from] item: Leftovers
|upkeep
|turn|10
|
|t:|1760331526
|move|p2a: Raging Bolt|Thunderbolt|p1a: Garganacl
|-damage|p1a: Garganacl|79/100
|move|p1a: Garganacl|Body Press|p2a: Raging Bolt
|-damage|p2a: Raging Bolt|0 fnt
|faint|p2a: Raging Bolt
|-end|p2a: Raging Bolt|Protosynthesis|[silent]
|
|-weather|none
|-heal|p1a: Garganacl|85/100|[from] item: Leftovers
|upkeep
|
|t:|1760331531
|switch|p2a: Gholdengo|Gholdengo, shiny|100/100
|-item|p2a: Gholdengo|Air Balloon
|turn|11
|
|t:|1760331534
|switch|p1a: Tornadus|Tornadus-Therian, M|100/100
|move|p2a: Gholdengo|Make It Rain|p1a: Tornadus
|-damage|p1a: Tornadus|27/100
|-unboost|p2a: Gholdengo|spa|1
|
|upkeep
|turn|12
|
|t:|1760331537
|move|p1a: Tornadus|U-turn|p2a: Gholdengo
|-resisted|p2a: Gholdengo
|-damage|p2a: Gholdengo|97/100
|-enditem|p2a: Gholdengo|Air Balloon
|
|t:|1760331539
|switch|p1a: Tyranitar|Tyranitar, F|60/100|[from] U-turn
|-weather|Sandstorm|[from] ability: Sand Stream|[of] p1a: Tyranitar
|move|p2a: Gholdengo|Make It Rain|p1a: Tyranitar
|-supereffective|p1a: Tyranitar
|-damage|p1a: Tyranitar|28/100
|-unboost|p2a: Gholdengo|spa|1
|
|-weather|Sandstorm|[upkeep]
|upkeep
|turn|13
|
|t:|1760331546
|switch|p2a: Great Tusk|Great Tusk|82/100
|move|p1a: Tyranitar|Ice Beam|p2a: Great Tusk
|-supereffective|p2a: Great Tusk
|-damage|p2a: Great Tusk|25/100
|
|-weather|Sandstorm|[upkeep]
|upkeep
|turn|14
|
|t:|1760331553
|move|p2a: Great Tusk|Ice Spinner|p1a: Tyranitar
|-damage|p1a: Tyranitar|8/100
|move|p1a: Tyranitar|Ice Beam|p2a: Great Tusk
|-supereffective|p2a: Great Tusk
|-damage|p2a: Great Tusk|0 fnt
|faint|p2a: Great Tusk
|-end|p2a: Great Tusk|Protosynthesis|[silent]
|
|-weather|Sandstorm|[upkeep]
|upkeep
|
|t:|1760331555
|switch|p2a: Dragonite|Dragonite, F|100/100
|turn|15
|
|t:|1760331557
|move|p2a: Dragonite|Extreme Speed|p1a: Tyranitar
|-resisted|p1a: Tyranitar
|-damage|p1a: Tyranitar|0 fnt
|faint|p1a: Tyranitar
|
|-weather|Sandstorm|[upkeep]
|-damage|p2a: Dragonite|94/100|[from] Sandstorm
|upkeep
|c|☆Jus4funsies|smh
|
|t:|1760331560
|switch|p1a: Garganacl|Garganacl, M|85/100
|turn|16
|
|t:|1760331568
|move|p2a: Dragonite|Earthquake|p1a: Garganacl
|-supereffective|p1a: Garganacl
|-damage|p1a: Garganacl|36/100
|move|p1a: Garganacl|Salt Cure|p2a: Dragonite
|-supereffective|p2a: Dragonite
|-damage|p2a: Dragonite|66/100
|-start|p2a: Dragonite|Salt Cure
|
|-weather|Sandstorm|[upkeep]
|-damage|p2a: Dragonite|60/100|[from] Sandstorm
|-heal|p1a: Garganacl|42/100|[from] item: Leftovers
|-damage|p2a: Dragonite|47/100|[from] Salt Cure
|upkeep
|turn|17
|
|t:|1760331575
|switch|p1a: Tornadus|Tornadus-Therian, M|61/100
|move|p2a: Dragonite|Earthquake|p1a: Tornadus
|-immune|p1a: Tornadus
|
|-weather|Sandstorm|[upkeep]
|-damage|p1a: Tornadus|55/100|[from] Sandstorm
|-damage|p2a: Dragonite|41/100|[from] Sandstorm
|-damage|p2a: Dragonite|29/100|[from] Salt Cure
|upkeep
|turn|18
|
|t:|1760331580
|move|p1a: Tornadus|Foul Play|p2a: Dragonite
|-damage|p2a: Dragonite|0 fnt
|faint|p2a: Dragonite
|
|-weather|Sandstorm|[upkeep]
|-damage|p1a: Tornadus|48/100|[from] Sandstorm
|upkeep
|
|t:|1760331584
|switch|p2a: Gholdengo|Gholdengo, shiny|97/100
|turn|19
|
|t:|1760331587
|move|p1a: Tornadus|U-turn|p2a: Gholdengo
|-resisted|p2a: Gholdengo
|-damage|p2a: Gholdengo|94/100
|
|t:|1760331588
|switch|p1a: Pecharunt|Pecharunt|100/100|[from] U-turn
|move|p2a: Gholdengo|Shadow Ball|p1a: Pecharunt
|-supereffective|p1a: Pecharunt
|-damage|p1a: Pecharunt|15/100
|
|-weather|none
|upkeep
|turn|20
|
|t:|1760331591
|move|p2a: Gholdengo|Shadow Ball|p1a: Pecharunt
|-supereffective|p1a: Pecharunt
|-damage|p1a: Pecharunt|0 fnt
|faint|p1a: Pecharunt
|
|upkeep
|
|t:|1760331593
|switch|p1a: Keldeo|Keldeo-Resolute, tera:Water|66/100
|turn|21
|
|t:|1760331601
|move|p1a: Keldeo|Surf|p2a: Gholdengo
|-damage|p2a: Gholdengo|0 fnt
|faint|p2a: Gholdengo
|
|upkeep
|
|t:|1760331604
|switch|p2a: Kingambit|Kingambit, M, shiny|100/100
|-activate|p2a: Kingambit|ability: Supreme Overlord
|-start|p2a: Kingambit|fallen5|[silent]
|turn|22
|
|t:|1760331608
|move|p2a: Kingambit|Sucker Punch|p1a: Keldeo
|-damage|p1a: Keldeo|0 fnt
|faint|p1a: Keldeo
|
|upkeep
|
|t:|1760331613
|switch|p1a: Garganacl|Garganacl, M|42/100
|turn|23
|
|t:|1760331616
|move|p2a: Kingambit|Iron Head|p1a: Garganacl
|-supereffective|p1a: Garganacl
|-damage|p1a: Garganacl|0 fnt
|faint|p1a: Garganacl
|
|upkeep
|
|t:|1760331618
|switch|p1a: Tornadus|Tornadus-Therian, M|82/100
|turn|24
|
|t:|1760331621
|move|p2a: Kingambit|Sucker Punch|p1a: Tornadus
|-damage|p1a: Tornadus|0 fnt
|faint|p1a: Tornadus
|
|win|Jus4funsies
|raw|henry151th's rating: 1747 &rarr; <strong>1721</strong><br />(-26 for losing)
|raw|Jus4funsies's rating: 1645 &rarr; <strong>1671</strong><br />(+26 for winning)
|c|☆Jus4funsies|yo
|c|☆Jus4funsies|ik you
|l|☆Jus4funsies
|player|p2|
