|j|☆slash_poke
|j|☆LX1987
|t:|1760428964
|gametype|singles
|player|p1|slash_poke|volkner|1296
|player|p2|LX1987|169|1387
|gen|9
|tier|[Gen 9] OU
|rated|
|rule|HP Percentage Mod: HP is shown in percentages
|rule|Endless Battle Clause: Forcing endless battles is banned
|rule|Species Clause: Limit one of each Pokémon
|rule|OHKO Clause: OHKO moves are banned
|rule|Evasion Items Clause: Evasion items are banned
|rule|Evasion Moves Clause: Evasion moves are banned
|rule|Evasion Abilities Clause: Evasion abilities are banned
|rule|Sleep Moves Clause: Sleep-inducing moves are banned
|clearpoke
|poke|p1|Swampert, F|
|poke|p1|Gardevoir, M|
|poke|p1|Kingambit, M|
|poke|p1|Salamence, F|
|poke|p1|Arcanine, F|
|poke|p1|Rotom-Wash|
|poke|p2|Chesnaught, F|
|poke|p2|Entei|
|poke|p2|Weezing-Galar, F|
|poke|p2|Dragapult, F|
|poke|p2|Swampert, M|
|poke|p2|Glimmora, F|
|teampreview
|inactive|Battle timer is ON: inactive players will automatically lose when time's up. (requested by slash_poke)
|
|t:|1760428968
|teamsize|p1|6
|teamsize|p2|6
|start
|switch|p1a: Gardevoir|Gardevoir, M|100/100
|switch|p2a: Glimmora|Glimmora, F|100/100
|-ability|p1a: Gardevoir|Toxic Debris|Trace|[from] ability: Trace|[of] p2a: Glimmora
|turn|1
|
|t:|1760428979
|move|p1a: Gardevoir|Psychic Noise|p2a: Glimmora
|-supereffective|p2a: Glimmora
|-enditem|p2a: Glimmora|Focus Sash
|-damage|p2a: Glimmora|1/100
|-start|p2a: Glimmora|move: Heal Block
|move|p2a: Glimmora|Stealth Rock|p1a: Gardevoir
|-sidestart|p1: slash_poke|move: Stealth Rock
|
|upkeep
|turn|2
|
|t:|1760428992
|switch|p2a: Swampert|Swampert, M|100/100
|move|p1a: Gardevoir|Psychic Noise|p2a: Swampert
|-damage|p2a: Swampert|81/100
|-start|p2a: Swampert|move: Heal Block
|
|upkeep
|turn|3
|
|t:|1760429008
|switch|p1a: Swampert|Swampert, F|100/100
|-damage|p1a: Swampert|94/100|[from] Stealth Rock
|move|p2a: Swampert|Knock Off|p1a: Swampert
|-damage|p1a: Swampert|71/100
|-damage|p2a: Swampert|64/100|[from] item: Rocky Helmet|[of] p1a: Swampert
|-enditem|p1a: Swampert|Rocky Helmet|[from] move: Knock Off|[of] p2a: Swampert
|
|-end|p2a: Swampert|move: Heal Block
|upkeep
|turn|4
|l|☆LX1987
|inactive|LX1987 disconnected and has a minute to reconnect!
|player|p2|
|j|☆LX1987
|inactive|LX1987 reconnected and has 130 seconds left.
|player|p2|LX1987|169|
|
|t:|1760429033
|switch|p2a: Chesnaught|Chesnaught, F|100/100
|move|p1a: Swampert|Knock Off|p2a: Chesnaught
|-resisted|p2a: Chesnaught
|-damage|p2a: Chesnaught|90/100
|-damage|p1a: Swampert|54/100|[from] item: Rocky Helmet|[of] p2a: Chesnaught
|-enditem|p2a: Chesnaught|Rocky Helmet|[from] move: Knock Off|[of] p1a: Swampert
|
|upkeep
|turn|5
|
|t:|1760429043
|switch|p1a: Arcanine|Arcanine, F|100/100
|-damage|p1a: Arcanine|76/100|[from] Stealth Rock
|-ability|p1a: Arcanine|Intimidate|boost
|-unboost|p2a: Chesnaught|atk|1
|move|p2a: Chesnaught|Taunt|p1a: Arcanine
|-start|p1a: Arcanine|move: Taunt
|
|upkeep
|turn|6
|
|t:|1760429059
|switch|p2a: Glimmora|Glimmora, F|1/100
|move|p1a: Arcanine|Flare Blitz|p2a: Glimmora
|-resisted|p2a: Glimmora
|-damage|p2a: Glimmora|0 fnt
|-activate|p2a: Glimmora|ability: Toxic Debris
|-sidestart|p1: slash_poke|move: Toxic Spikes
|faint|p2a: Glimmora
|-damage|p1a: Arcanine|75/100|[from] Recoil
|
|upkeep
|
|t:|1760429073
|switch|p2a: Dragapult|Dragapult, F|100/100
|turn|7
|
|t:|1760429081
|switch|p1a: Swampert|Swampert, F|54/100
|-damage|p1a: Swampert|48/100|[from] Stealth Rock
|-status|p1a: Swampert|psn
|move|p2a: Dragapult|Hex|p1a: Swampert
|-damage|p1a: Swampert|0 fnt
|faint|p1a: Swampert
|-damage|p2a: Dragapult|91/100|[from] item: Life Orb
|
|upkeep
|
|t:|1760429086
|switch|p1a: Rotom|Rotom-Wash|100/100
|-damage|p1a: Rotom|88/100|[from] Stealth Rock
|turn|8
|
|t:|1760429096
|move|p2a: Dragapult|Will-O-Wisp|p1a: Rotom
|-status|p1a: Rotom|brn
|move|p1a: Rotom|Thunder Shock|p2a: Dragapult
|-resisted|p2a: Dragapult
|-crit|p2a: Dragapult
|-damage|p2a: Dragapult|75/100
|
|-damage|p1a: Rotom|82/100 brn|[from] brn
|upkeep
|turn|9
|
|t:|1760429105
|move|p2a: Dragapult|Hex|p1a: Rotom
|-damage|p1a: Rotom|31/100 brn
|-damage|p2a: Dragapult|65/100|[from] item: Life Orb
|move|p1a: Rotom|Shadow Ball|p2a: Dragapult
|-supereffective|p2a: Dragapult
|-damage|p2a: Dragapult|13/100
|
|-damage|p1a: Rotom|25/100 brn|[from] brn
|upkeep
|turn|10
|
|t:|1760429116
|move|p2a: Dragapult|Hex|p1a: Rotom
|-damage|p1a: Rotom|0 fnt
|faint|p1a: Rotom
|-damage|p2a: Dragapult|3/100|[from] item: Life Orb
|
|upkeep
|
|t:|1760429123
|switch|p1a: Kingambit|Kingambit, M|100/100
|-damage|p1a: Kingambit|94/100|[from] Stealth Rock
|-activate|p1a: Kingambit|ability: Supreme Overlord
|-start|p1a: Kingambit|fallen2|[silent]
|-item|p1a: Kingambit|Air Balloon
|turn|11
|
|t:|1760429130
|switch|p2a: Chesnaught|Chesnaught, F|90/100
|move|p1a: Kingambit|Swords Dance|p1a: Kingambit
|-boost|p1a: Kingambit|atk|2
|
|upkeep
|turn|12
|
|t:|1760429140
|-terastallize|p1a: Kingambit|Ghost
|move|p2a: Chesnaught|Body Press|p1a: Kingambit
|-immune|p1a: Kingambit
|move|p1a: Kingambit|Brick Break|p2a: Chesnaught
|-damage|p2a: Chesnaught|43/100
|
|upkeep
|turn|13
|
|t:|1760429153
|move|p2a: Chesnaught|Knock Off|p1a: Kingambit
|-supereffective|p1a: Kingambit
|-damage|p1a: Kingambit|62/100
|-enditem|p1a: Kingambit|Air Balloon
|move|p1a: Kingambit|Brick Break|p2a: Chesnaught
|-damage|p2a: Chesnaught|2/100
|
|upkeep
|turn|14
|
|t:|1760429161
|move|p1a: Kingambit|Sucker Punch||[still]
|-fail|p1a: Kingambit
|move|p2a: Chesnaught|Leech Seed|p1a: Kingambit
|-start|p1a: Kingambit|move: Leech Seed
|
|-damage|p1a: Kingambit|49/100|[from] Leech Seed|[of] p2a: Chesnaught
|-heal|p2a: Chesnaught|16/100|[silent]
|upkeep
|turn|15
|
|t:|1760429170
|move|p1a: Kingambit|Sucker Punch||[still]
|-fail|p1a: Kingambit
|move|p2a: Chesnaught|Taunt|p1a: Kingambit
|-start|p1a: Kingambit|move: Taunt
|
|-damage|p1a: Kingambit|37/100|[from] Leech Seed|[of] p2a: Chesnaught
|-heal|p2a: Chesnaught|31/100|[silent]
|upkeep
|turn|16
|
|t:|1760429180
|move|p2a: Chesnaught|Taunt||[still]
|-fail|p2a: Chesnaught
|move|p1a: Kingambit|Brick Break|p2a: Chesnaught
|-damage|p2a: Chesnaught|0 fnt
|faint|p2a: Chesnaught
|
|upkeep
|
|t:|1760429188
|switch|p2a: Weezing|Weezing-Galar, F|100/100
|-ability|p2a: Weezing|Neutralizing Gas
|turn|17
|
|t:|1760429195
|move|p2a: Weezing|Strange Steam|p1a: Kingambit
|-damage|p1a: Kingambit|7/100
|-start|p1a: Kingambit|confusion
|-activate|p1a: Kingambit|confusion
|-damage|p1a: Kingambit|0 fnt|[from] confusion
|faint|p1a: Kingambit
|-end|p1a: Kingambit|fallen2|[silent]
|
|upkeep
|
|t:|1760429205
|switch|p1a: Gardevoir|Gardevoir, M|100/100
|-damage|p1a: Gardevoir|88/100|[from] Stealth Rock
|-status|p1a: Gardevoir|psn
|turn|18
|
|t:|1760429213
|-end|p2a: Weezing|ability: Neutralizing Gas
|switch|p2a: Swampert|Swampert, M|64/100
|-ability|p1a: Gardevoir|Torrent|Trace|[from] ability: Trace|[of] p2a: Swampert
|move|p1a: Gardevoir|Psychic Noise|p2a: Swampert
|-damage|p2a: Swampert|45/100
|-start|p2a: Swampert|move: Heal Block
|
|-damage|p1a: Gardevoir|76/100 psn|[from] psn
|upkeep
|turn|19
|
|t:|1760429226
|switch|p1a: Salamence|Salamence, F|100/100
|-damage|p1a: Salamence|76/100|[from] Stealth Rock
|move|p2a: Swampert|Flip Turn|p1a: Salamence
|-resisted|p1a: Salamence
|-damage|p1a: Salamence|59/100
|
|t:|1760429234
|switch|p2a: Weezing|Weezing-Galar, F|100/100|[from] Flip Turn
|-ability|p2a: Weezing|Neutralizing Gas
|
|-heal|p1a: Salamence|65/100|[from] item: Leftovers
|upkeep
|turn|20
|
|t:|1760429242
|switch|p1a: Gardevoir|Gardevoir, M|76/100 psn
|-damage|p1a: Gardevoir|64/100 psn|[from] Stealth Rock
|move|p2a: Weezing|Strange Steam|p1a: Gardevoir
|-damage|p1a: Gardevoir|34/100 psn
|
|-damage|p1a: Gardevoir|22/100 psn|[from] psn
|upkeep
|turn|21
|
|t:|1760429252
|-end|p2a: Weezing|ability: Neutralizing Gas
|switch|p2a: Swampert|Swampert, M|45/100
|-ability|p1a: Gardevoir|Torrent|Trace|[from] ability: Trace|[of] p2a: Swampert
|move|p1a: Gardevoir|Psychic Noise|p2a: Swampert
|-damage|p2a: Swampert|25/100
|-start|p2a: Swampert|move: Heal Block
|
|-damage|p1a: Gardevoir|10/100 psn|[from] psn
|upkeep
|turn|22
|
|t:|1760429267
|switch|p1a: Arcanine|Arcanine, F|75/100
|-damage|p1a: Arcanine|50/100|[from] Stealth Rock
|-status|p1a: Arcanine|psn
|-ability|p1a: Arcanine|Intimidate|boost
|-unboost|p2a: Swampert|atk|1
|move|p2a: Swampert|Knock Off|p1a: Arcanine
|-damage|p1a: Arcanine|29/100 psn
|-enditem|p1a: Arcanine|Choice Band|[from] move: Knock Off|[of] p2a: Swampert
|
|-damage|p1a: Arcanine|17/100 psn|[from] psn
|-end|p2a: Swampert|move: Heal Block
|upkeep
|turn|23
|
|t:|1760429281
|move|p1a: Arcanine|Flare Blitz|p2a: Swampert
|-resisted|p2a: Swampert
|-damage|p2a: Swampert|0 fnt
|faint|p2a: Swampert
|-damage|p1a: Arcanine|7/100 psn|[from] Recoil
|
|-damage|p1a: Arcanine|0 fnt|[from] psn
|faint|p1a: Arcanine
|upkeep
|
|t:|1760429292
|switch|p1a: Gardevoir|Gardevoir, M|10/100 psn
|switch|p2a: Entei|Entei|100/100
|-damage|p1a: Gardevoir|0 fnt|[from] Stealth Rock
|faint|p1a: Gardevoir
|-ability|p2a: Entei|Pressure
|
|t:|1760429294
|switch|p1a: Salamence|Salamence, F|65/100
|-damage|p1a: Salamence|41/100|[from] Stealth Rock
|turn|24
|
|t:|1760429305
|-terastallize|p2a: Entei|Normal
|move|p2a: Entei|Extreme Speed|p1a: Salamence
|-damage|p1a: Salamence|0 fnt
|faint|p1a: Salamence
|
|win|LX1987
|raw|slash_poke's rating: 1296 &rarr; <strong>1277</strong><br />(-19 for losing)
|raw|LX1987's rating: 1387 &rarr; <strong>1402</strong><br />(+15 for winning)
|l|☆slash_poke
|player|p1|
