|j|☆Hakikeke
|j|☆igneo3000
|t:|1760354342
|gametype|singles
|player|p1|Hakikeke|policeman-gen4|1473
|player|p2|igneo3000|unknown|1489
|gen|9
|tier|[Gen 9] OU
|rated|
|rule|HP Percentage Mod: HP is shown in percentages
|rule|Endless Battle Clause: Forcing endless battles is banned
|rule|Species Clause: Limit one of each Pokémon
|rule|OHKO Clause: OHKO moves are banned
|rule|Evasion Items Clause: Evasion items are banned
|rule|Evasion Moves Clause: Evasion moves are banned
|rule|Evasion Abilities Clause: Evasion abilities are banned
|rule|Sleep Moves Clause: Sleep-inducing moves are banned
|clearpoke
|poke|p1|Landorus-Therian, M|
|poke|p1|Hoopa-Unbound|
|poke|p1|Iron Crown|
|poke|p1|Hatterene, F|
|poke|p1|Samurott-Hisui, F|
|poke|p1|Zamazenta-*|
|poke|p2|Blissey, F|
|poke|p2|Rampardos, M|
|poke|p2|Hoopa-Unbound|
|poke|p2|Deoxys-Speed|
|poke|p2|Regirock|
|poke|p2|Regice|
|teampreview
|inactive|Battle timer is ON: inactive players will automatically lose when time's up. (requested by Hakikeke)
|
|t:|1760354357
|teamsize|p1|6
|teamsize|p2|6
|start
|switch|p1a: Samurott|Samurott-Hisui, F|100/100
|switch|p2a: Deoxys|Deoxys-Speed|100/100
|-ability|p2a: Deoxys|Pressure
|turn|1
|
|t:|1760354372
|move|p2a: Deoxys|Reflect|p2a: Deoxys
|-sidestart|p2: igneo3000|Reflect
|move|p1a: Samurott|Ceaseless Edge|p2a: Deoxys
|-supereffective|p2a: Deoxys
|-damage|p2a: Deoxys|47/100
|-sidestart|p2: igneo3000|Spikes
|
|upkeep
|turn|2
|
|t:|1760354384
|move|p2a: Deoxys|Stealth Rock|p1a: Samurott
|-sidestart|p1: Hakikeke|move: Stealth Rock
|move|p1a: Samurott|Knock Off|p2a: Deoxys
|-supereffective|p2a: Deoxys
|-damage|p2a: Deoxys|0 fnt
|-enditem|p2a: Deoxys|Light Clay|[from] move: Knock Off|[of] p1a: Samurott
|faint|p2a: Deoxys
|
|upkeep
|
|t:|1760354403
|switch|p2a: Regirock|Regirock|100/100
|-damage|p2a: Regirock|88/100|[from] Spikes
|turn|3
|
|t:|1760354413
|move|p1a: Samurott|Razor Shell|p2a: Regirock
|-supereffective|p2a: Regirock
|-damage|p2a: Regirock|61/100
|-damage|p1a: Samurott|84/100|[from] item: Rocky Helmet|[of] p2a: Regirock
|move|p2a: Regirock|Curse|p2a: Regirock
|-unboost|p2a: Regirock|spe|1
|-boost|p2a: Regirock|atk|1
|-boost|p2a: Regirock|def|1
|
|upkeep
|turn|4
|
|t:|1760354442
|switch|p1a: Landorus|Landorus-Therian, M|100/100
|-damage|p1a: Landorus|88/100|[from] Stealth Rock
|-ability|p1a: Landorus|Intimidate|boost
|-fail|p2a: Regirock|unboost|[from] ability: Clear Body|[of] p2a: Regirock
|move|p2a: Regirock|Drain Punch|p1a: Landorus
|-resisted|p1a: Landorus
|-damage|p1a: Landorus|79/100
|-heal|p2a: Regirock|66/100|[from] drain|[of] p1a: Landorus
|-damage|p2a: Regirock|50/100|[from] item: Rocky Helmet|[of] p1a: Landorus
|
|upkeep
|turn|5
|
|t:|1760354471
|-terastallize|p2a: Regirock|Psychic
|move|p1a: Landorus|Earthquake|p2a: Regirock
|-damage|p2a: Regirock|42/100
|move|p2a: Regirock|Curse|p2a: Regirock
|-unboost|p2a: Regirock|spe|1
|-boost|p2a: Regirock|atk|1
|-boost|p2a: Regirock|def|1
|
|upkeep
|turn|6
|inactive|igneo3000 has 120 seconds left.
|
|t:|1760354486
|move|p1a: Landorus|U-turn|p2a: Regirock
|-supereffective|p2a: Regirock
|-damage|p2a: Regirock|36/100
|-damage|p1a: Landorus|62/100|[from] item: Rocky Helmet|[of] p2a: Regirock
|inactive|Hakikeke has 120 seconds left.
|
|t:|1760354510
|switch|p1a: Samurott|Samurott-Hisui, F|84/100|[from] U-turn
|-damage|p1a: Samurott|72/100|[from] Stealth Rock
|move|p2a: Regirock|Curse|p2a: Regirock
|-unboost|p2a: Regirock|spe|1
|-boost|p2a: Regirock|atk|1
|-boost|p2a: Regirock|def|1
|
|upkeep
|turn|7
|
|t:|1760354533
|switch|p1a: Landorus|Landorus-Therian, M|62/100
|-damage|p1a: Landorus|50/100|[from] Stealth Rock
|-ability|p1a: Landorus|Intimidate|boost
|-fail|p2a: Regirock|unboost|[from] ability: Clear Body|[of] p2a: Regirock
|move|p2a: Regirock|Drain Punch|p1a: Landorus
|-resisted|p1a: Landorus
|-damage|p1a: Landorus|34/100
|-heal|p2a: Regirock|44/100|[from] drain|[of] p1a: Landorus
|-damage|p2a: Regirock|28/100|[from] item: Rocky Helmet|[of] p1a: Landorus
|
|upkeep
|turn|8
|inactive|igneo3000 has 120 seconds left.
|
|t:|1760354548
|move|p1a: Landorus|U-turn|p2a: Regirock
|-supereffective|p2a: Regirock
|-damage|p2a: Regirock|23/100
|-damage|p1a: Landorus|18/100|[from] item: Rocky Helmet|[of] p2a: Regirock
|inactive|Hakikeke has 90 seconds left.
|
|t:|1760354572
|switch|p1a: Hatterene|Hatterene, F|100/100|[from] U-turn
|-damage|p1a: Hatterene|88/100|[from] Stealth Rock
|move|p2a: Regirock|Curse|p2a: Regirock
|-unboost|p2a: Regirock|spe|1
|-boost|p2a: Regirock|atk|1
|-boost|p2a: Regirock|def|1
|
|-sideend|p2: igneo3000|Reflect
|upkeep
|turn|9
|inactive|Hakikeke has 90 seconds left.
|
|t:|1760354582
|move|p1a: Hatterene|Draining Kiss|p2a: Regirock
|-damage|p2a: Regirock|5/100
|-heal|p1a: Hatterene|100/100|[from] drain|[of] p2a: Regirock
|-damage|p1a: Hatterene|84/100|[from] item: Rocky Helmet|[of] p2a: Regirock
|move|p2a: Regirock|Drain Punch|p1a: Hatterene
|-resisted|p1a: Hatterene
|-damage|p1a: Hatterene|71/100
|-heal|p2a: Regirock|11/100|[from] drain|[of] p1a: Hatterene
|
|upkeep
|turn|10
|inactive|Hakikeke has 90 seconds left.
|
|t:|1760354611
|move|p1a: Hatterene|Draining Kiss|p2a: Regirock
|-damage|p2a: Regirock|0 fnt
|-heal|p1a: Hatterene|80/100|[from] drain|[of] p2a: Regirock
|-damage|p1a: Hatterene|63/100|[from] item: Rocky Helmet|[of] p2a: Regirock
|faint|p2a: Regirock
|
|upkeep
|inactive|igneo3000 has 120 seconds left.
|
|t:|1760354630
|switch|p2a: Regice|Regice|100/100
|-damage|p2a: Regice|88/100|[from] Spikes
|turn|11
|
|t:|1760354635
|move|p2a: Regice|Ancient Power|p1a: Hatterene
|-damage|p1a: Hatterene|51/100
|-boost|p2a: Regice|atk|1
|-boost|p2a: Regice|def|1
|-boost|p2a: Regice|spa|1
|-boost|p2a: Regice|spd|1
|-boost|p2a: Regice|spe|1
|move|p1a: Hatterene|Mystical Fire|p2a: Regice
|-supereffective|p2a: Regice
|-damage|p2a: Regice|76/100
|
|upkeep
|turn|12
|inactive|Hakikeke has 90 seconds left.
|
|t:|1760354655
|switch|p1a: Zamazenta|Zamazenta|100/100
|-damage|p1a: Zamazenta|94/100|[from] Stealth Rock
|-ability|p1a: Zamazenta|Dauntless Shield|boost
|-boost|p1a: Zamazenta|def|1
|move|p2a: Regice|Flash Cannon|p1a: Zamazenta
|-damage|p1a: Zamazenta|70/100
|
|upkeep
|turn|13
|
|t:|1760354668
|move|p1a: Zamazenta|Close Combat|p2a: Regice
|-supereffective|p2a: Regice
|-damage|p2a: Regice|0 fnt
|-unboost|p1a: Zamazenta|def|1
|-unboost|p1a: Zamazenta|spd|1
|faint|p2a: Regice
|
|upkeep
|
|t:|1760354680
|switch|p2a: Hoopa|Hoopa-Unbound|100/100
|-damage|p2a: Hoopa|88/100|[from] Spikes
|turn|14
|inactive|Hakikeke has 90 seconds left.
|
|t:|1760354700
|move|p1a: Zamazenta|Close Combat|p2a: Hoopa
|-damage|p2a: Hoopa|0 fnt
|-unboost|p1a: Zamazenta|def|1
|-unboost|p1a: Zamazenta|spd|1
|faint|p2a: Hoopa
|
|upkeep
|
|t:|1760354709
|switch|p2a: Rampardos|Rampardos, M|100/100
|-damage|p2a: Rampardos|88/100|[from] Spikes
|-ability|p2a: Rampardos|Mold Breaker
|turn|15
|
|t:|1760354718
|switch|p1a: Landorus|Landorus-Therian, M|18/100
|-damage|p1a: Landorus|5/100|[from] Stealth Rock
|-ability|p1a: Landorus|Intimidate|boost
|-unboost|p2a: Rampardos|atk|1
|move|p2a: Rampardos|Avalanche|p1a: Landorus
|-supereffective|p1a: Landorus
|-damage|p1a: Landorus|0 fnt
|-damage|p2a: Rampardos|72/100|[from] item: Rocky Helmet|[of] p1a: Landorus
|faint|p1a: Landorus
|
|upkeep
|-message|igneo3000 forfeited.
|
|win|Hakikeke
|raw|Hakikeke's rating: 1473 &rarr; <strong>1494</strong><br />(+21 for winning)
|raw|igneo3000's rating: 1489 &rarr; <strong>1468</strong><br />(-21 for losing)
|l|☆igneo3000
|player|p2|
|l|☆Hakikeke
|player|p1|
|j|☆Hakikeke
|player|p1|Hakikeke|policeman-gen4|
|l|☆Hakikeke
|player|p1|
