|j|☆IJFAWE
|j|☆preppy dude
|t:|1760300698
|gametype|singles
|player|p1|IJFAWE|scientist-gen4dp|1177
|player|p2|preppy dude|266|1197
|gen|9
|tier|[Gen 9] OU
|rated|
|rule|HP Percentage Mod: HP is shown in percentages
|rule|Endless Battle Clause: Forcing endless battles is banned
|rule|Species Clause: Limit one of each Pokémon
|rule|OHKO Clause: OHKO moves are banned
|rule|Evasion Items Clause: Evasion items are banned
|rule|Evasion Moves Clause: Evasion moves are banned
|rule|Evasion Abilities Clause: Evasion abilities are banned
|rule|Sleep Moves Clause: Sleep-inducing moves are banned
|clearpoke
|poke|p1|Electivire, F|
|poke|p1|Alomomola, M|
|poke|p1|Dragapult, M|
|poke|p1|Hydrapple, F|
|poke|p1|Great Tusk|
|poke|p1|Goodra-Hisui, M|
|poke|p2|Zapdos|
|poke|p2|Golem, M|
|poke|p2|Arbok, M|
|poke|p2|Rhydon, M|
|poke|p2|Magneton|
|poke|p2|Dodrio, F|
|teampreview
|
|t:|1760300705
|teamsize|p1|6
|teamsize|p2|6
|start
|switch|p1a: Great Tusk|Great Tusk|100/100
|switch|p2a: Golem|Golem, M|100/100
|turn|1
|inactive|Battle timer is ON: inactive players will automatically lose when time's up. (requested by IJFAWE)
|
|t:|1760300717
|move|p1a: Great Tusk|Stealth Rock|p2a: Golem
|-sidestart|p2: preppy dude|move: Stealth Rock
|move|p2a: Golem|Stealth Rock|p1a: Great Tusk
|-sidestart|p1: IJFAWE|move: Stealth Rock
|
|upkeep
|turn|2
|
|t:|1760300728
|switch|p2a: Zapdos|Zapdos|100/100
|-damage|p2a: Zapdos|75/100|[from] Stealth Rock
|move|p1a: Great Tusk|Rapid Spin|p2a: Zapdos
|-damage|p2a: Zapdos|60/100
|-boost|p1a: Great Tusk|spe|1
|-sideend|p1: IJFAWE|Stealth Rock|[from] move: Rapid Spin|[of] p1a: Great Tusk
|
|-heal|p2a: Zapdos|66/100|[from] item: Leftovers
|upkeep
|turn|3
|
|t:|1760300739
|-end|p1a: Great Tusk|Protosynthesis|[silent]
|switch|p1a: Electivire|Electivire, F|100/100
|move|p2a: Zapdos|Protect||[still]
|-fail|p2a: Zapdos
|
|-heal|p2a: Zapdos|72/100|[from] item: Leftovers
|upkeep
|turn|4
|
|t:|1760300747
|move|p2a: Zapdos|Protect|p2a: Zapdos
|-singleturn|p2a: Zapdos|Protect
|move|p1a: Electivire|Ice Punch|p2a: Zapdos
|-activate|p2a: Zapdos|move: Protect
|
|-heal|p2a: Zapdos|78/100|[from] item: Leftovers
|upkeep
|turn|5
|
|t:|1760300755
|switch|p2a: Arbok|Arbok, M|100/100
|-damage|p2a: Arbok|88/100|[from] Stealth Rock
|-ability|p2a: Arbok|Intimidate|boost
|-unboost|p1a: Electivire|atk|1
|move|p1a: Electivire|Ice Punch|p2a: Arbok
|-damage|p2a: Arbok|62/100
|-damage|p1a: Electivire|91/100|[from] item: Life Orb
|
|upkeep
|turn|6
|
|t:|1760300765
|switch|p1a: Great Tusk|Great Tusk|100/100
|move|p2a: Arbok|Switcheroo|p1a: Great Tusk
|-activate|p2a: Arbok|move: Trick|[of] p1a: Great Tusk
|-item|p1a: Great Tusk|Choice Scarf|[from] move: Switcheroo
|-item|p2a: Arbok|Heavy-Duty Boots|[from] move: Switcheroo
|
|upkeep
|turn|7
|
|t:|1760300773
|move|p2a: Arbok|Protect|p2a: Arbok
|-singleturn|p2a: Arbok|Protect
|move|p1a: Great Tusk|Ice Spinner|p2a: Arbok
|-activate|p2a: Arbok|move: Protect
|
|upkeep
|turn|8
|
|t:|1760300780
|-end|p1a: Great Tusk|Protosynthesis|[silent]
|switch|p1a: Alomomola|Alomomola, M|100/100
|move|p2a: Arbok|Pain Split|p1a: Alomomola
|-sethp|p1a: Alomomola|69/100|[from] move: Pain Split|[silent]
|-sethp|p2a: Arbok|100/100|[from] move: Pain Split
|
|upkeep
|turn|9
|c|☆IJFAWE|Wtf is this stupid shit
|
|t:|1760300795
|move|p2a: Arbok|Poison Fang|p1a: Alomomola
|-damage|p1a: Alomomola|60/100
|move|p1a: Alomomola|Wish|p1a: Alomomola
|
|upkeep
|turn|10
|
|t:|1760300805
|move|p2a: Arbok|Poison Fang|p1a: Alomomola
|-damage|p1a: Alomomola|51/100
|move|p1a: Alomomola|Scald|p2a: Arbok
|-damage|p2a: Arbok|85/100
|
|-heal|p1a: Alomomola|100/100|[from] move: Wish|[wisher] Alomomola
|upkeep
|turn|11
|
|t:|1760300815
|switch|p1a: Goodra|Goodra-Hisui, M|100/100
|move|p2a: Arbok|Poison Fang|p1a: Goodra
|-immune|p1a: Goodra
|
|upkeep
|turn|12
|
|t:|1760300826
|move|p2a: Arbok|Pain Split|p1a: Goodra
|-sethp|p1a: Goodra|88/100|[from] move: Pain Split|[silent]
|-sethp|p2a: Arbok|99/100|[from] move: Pain Split
|move|p1a: Goodra|Earthquake|p2a: Arbok
|-supereffective|p2a: Arbok
|-damage|p2a: Arbok|20/100
|
|upkeep
|turn|13
|
|t:|1760300836
|-terastallize|p2a: Arbok|Grass
|move|p2a: Arbok|Pain Split|p1a: Goodra
|-sethp|p1a: Goodra|53/100|[from] move: Pain Split|[silent]
|-sethp|p2a: Arbok|59/100|[from] move: Pain Split
|move|p1a: Goodra|Earthquake|p2a: Arbok
|-resisted|p2a: Arbok
|-damage|p2a: Arbok|41/100
|
|upkeep
|turn|14
|
|t:|1760300847
|switch|p1a: Alomomola|Alomomola, M|100/100
|move|p2a: Arbok|Pain Split|p1a: Alomomola
|-sethp|p1a: Alomomola|63/100|[from] move: Pain Split|[silent]
|-sethp|p2a: Arbok|100/100|[from] move: Pain Split
|
|upkeep
|turn|15
|
|t:|1760300855
|move|p2a: Arbok|Poison Fang|p1a: Alomomola
|-damage|p1a: Alomomola|53/100
|-status|p1a: Alomomola|tox
|move|p1a: Alomomola|Wish|p1a: Alomomola
|
|-damage|p1a: Alomomola|47/100 tox|[from] psn
|upkeep
|turn|16
|
|t:|1760300865
|switch|p1a: Goodra|Goodra-Hisui, M|53/100
|move|p2a: Arbok|Protect||[still]
|-fail|p2a: Arbok
|
|-heal|p1a: Goodra|100/100|[from] move: Wish|[wisher] Alomomola
|upkeep
|turn|17
|
|t:|1760300873
|move|p2a: Arbok|Protect|p2a: Arbok
|-singleturn|p2a: Arbok|Protect
|move|p1a: Goodra|Knock Off|p2a: Arbok
|-activate|p2a: Arbok|move: Protect
|
|upkeep
|turn|18
|
|t:|1760300879
|move|p2a: Arbok|Poison Fang|p1a: Goodra
|-immune|p1a: Goodra
|move|p1a: Goodra|Knock Off|p2a: Arbok
|-damage|p2a: Arbok|67/100
|-enditem|p2a: Arbok|Heavy-Duty Boots|[from] move: Knock Off|[of] p1a: Goodra
|
|upkeep
|turn|19
|
|t:|1760300895
|switch|p1a: Alomomola|Alomomola, M|80/100 tox
|move|p2a: Arbok|Switcheroo|p1a: Alomomola
|-activate|p2a: Arbok|move: Trick|[of] p1a: Alomomola
|-enditem|p1a: Alomomola|Heavy-Duty Boots|[silent]|[from] move: Switcheroo
|-item|p2a: Arbok|Heavy-Duty Boots|[from] move: Switcheroo
|
|-damage|p1a: Alomomola|74/100 tox|[from] psn
|upkeep
|turn|20
|
|t:|1760300904
|move|p2a: Arbok|Poison Fang|p1a: Alomomola
|-damage|p1a: Alomomola|65/100 tox
|move|p1a: Alomomola|Flip Turn|p2a: Arbok
|-resisted|p2a: Arbok
|-damage|p2a: Arbok|55/100
|
|t:|1760300910
|switch|p1a: Goodra|Goodra-Hisui, M|100/100|[from] Flip Turn
|
|upkeep
|turn|21
|
|t:|1760300915
|move|p2a: Arbok|Protect|p2a: Arbok
|-singleturn|p2a: Arbok|Protect
|move|p1a: Goodra|Knock Off|p2a: Arbok
|-activate|p2a: Arbok|move: Protect
|
|upkeep
|turn|22
|
|t:|1760300921
|move|p2a: Arbok|Pain Split|p1a: Goodra
|-sethp|p1a: Goodra|75/100|[from] move: Pain Split|[silent]
|-sethp|p2a: Arbok|84/100|[from] move: Pain Split
|move|p1a: Goodra|Knock Off|p2a: Arbok
|-damage|p2a: Arbok|49/100
|-enditem|p2a: Arbok|Heavy-Duty Boots|[from] move: Knock Off|[of] p1a: Goodra
|
|upkeep
|turn|23
|
|t:|1760300930
|switch|p1a: Alomomola|Alomomola, M|98/100 tox
|move|p2a: Arbok|Pain Split|p1a: Alomomola
|-sethp|p1a: Alomomola|64/100 tox|[from] move: Pain Split|[silent]
|-sethp|p2a: Arbok|100/100|[from] move: Pain Split
|
|-damage|p1a: Alomomola|58/100 tox|[from] psn
|upkeep
|turn|24
|
|t:|1760300939
|move|p2a: Arbok|Protect|p2a: Arbok
|-singleturn|p2a: Arbok|Protect
|move|p1a: Alomomola|Flip Turn|p2a: Arbok
|-activate|p2a: Arbok|move: Protect
|
|-damage|p1a: Alomomola|45/100 tox|[from] psn
|upkeep
|turn|25
|
|t:|1760300947
|move|p2a: Arbok|Poison Fang|p1a: Alomomola
|-damage|p1a: Alomomola|36/100 tox
|move|p1a: Alomomola|Flip Turn|p2a: Arbok
|-resisted|p2a: Arbok
|-damage|p2a: Arbok|89/100
|
|t:|1760300953
|switch|p1a: Goodra|Goodra-Hisui, M|75/100|[from] Flip Turn
|
|upkeep
|turn|26
|
|t:|1760300960
|switch|p1a: Alomomola|Alomomola, M|70/100 tox
|move|p2a: Arbok|Protect||[still]
|-fail|p2a: Arbok
|
|-damage|p1a: Alomomola|63/100 tox|[from] psn
|upkeep
|turn|27
|
|t:|1760300969
|switch|p1a: Goodra|Goodra-Hisui, M|75/100
|move|p2a: Arbok|Poison Fang|p1a: Goodra
|-immune|p1a: Goodra
|
|upkeep
|turn|28
|
|t:|1760300976
|switch|p1a: Dragapult|Dragapult, M|100/100
|move|p2a: Arbok|Poison Fang|p1a: Dragapult
|-resisted|p1a: Dragapult
|-damage|p1a: Dragapult|88/100
|-status|p1a: Dragapult|tox
|
|-damage|p1a: Dragapult|82/100 tox|[from] psn
|upkeep
|turn|29
|
|t:|1760300985
|move|p2a: Arbok|Protect|p2a: Arbok
|-singleturn|p2a: Arbok|Protect
|move|p1a: Dragapult|Flamethrower|p2a: Arbok
|-activate|p2a: Arbok|move: Protect
|
|-damage|p1a: Dragapult|70/100 tox|[from] psn
|upkeep
|turn|30
|
|t:|1760300994
|switch|p1a: Great Tusk|Great Tusk|100/100
|switch|p2a: Golem|Golem, M|100/100
|-damage|p2a: Golem|95/100|[from] Stealth Rock
|
|upkeep
|turn|31
|
|t:|1760301002
|move|p2a: Golem|Endure|p2a: Golem
|-singleturn|p2a: Golem|move: Endure
|move|p1a: Great Tusk|Headlong Rush|p2a: Golem
|-supereffective|p2a: Golem
|-activate|p2a: Golem|move: Endure
|-damage|p2a: Golem|1/100
|-unboost|p1a: Great Tusk|def|1
|-unboost|p1a: Great Tusk|spd|1
|
|upkeep
|turn|32
|-enditem|p2a: Golem|Custap Berry|[eat]
|-activate|p2a: Golem|item: Custap Berry|[consumed]
|
|t:|1760301016
|-end|p1a: Great Tusk|Protosynthesis|[silent]
|switch|p1a: Dragapult|Dragapult, M|70/100 tox
|move|p2a: Golem|Explosion|p1a: Dragapult
|-immune|p1a: Dragapult
|faint|p2a: Golem
|
|-damage|p1a: Dragapult|64/100 tox|[from] psn
|upkeep
|c|☆preppy dude|Lol
|c|☆IJFAWE|Stupid
|
|t:|1760301033
|switch|p2a: Dodrio|Dodrio, F|100/100
|-damage|p2a: Dodrio|76/100|[from] Stealth Rock
|turn|33
|
|t:|1760301038
|move|p2a: Dodrio|Knock Off|p1a: Dragapult
|-supereffective|p1a: Dragapult
|-damage|p1a: Dragapult|0 fnt
|-enditem|p1a: Dragapult|Choice Specs|[from] move: Knock Off|[of] p2a: Dodrio
|faint|p1a: Dragapult
|
|upkeep
|
|t:|1760301045
|switch|p1a: Hydrapple|Hydrapple, F|100/100
|turn|34
|
|t:|1760301050
|switch|p2a: Arbok|Arbok, M, tera:Grass|89/100
|-damage|p2a: Arbok|77/100|[from] Stealth Rock
|-ability|p2a: Arbok|Intimidate|boost
|-unboost|p1a: Hydrapple|atk|1
|move|p1a: Hydrapple|Nasty Plot|p1a: Hydrapple
|-boost|p1a: Hydrapple|spa|2
|
|upkeep
|turn|35
|
|t:|1760301066
|-terastallize|p1a: Hydrapple|Poison
|move|p2a: Arbok|Poison Fang|p1a: Hydrapple
|-resisted|p1a: Hydrapple
|-damage|p1a: Hydrapple|96/100
|move|p1a: Hydrapple|Fickle Beam|p2a: Arbok|[anim] Fickle Beam All Out
|-activate|p1a: Hydrapple|move: Fickle Beam
|-damage|p2a: Arbok|0 fnt
|faint|p2a: Arbok
|
|upkeep
|c|☆IJFAWE|Stupid
|
|t:|1760301081
|switch|p2a: Magneton|Magneton|100/100
|-damage|p2a: Magneton|94/100|[from] Stealth Rock
|turn|36
|
|t:|1760301086
|switch|p1a: Great Tusk|Great Tusk|100/100
|move|p2a: Magneton|Steel Beam|p1a: Great Tusk
|-damage|p1a: Great Tusk|0 fnt
|-damage|p2a: Magneton|44/100|[from] steelbeam
|faint|p1a: Great Tusk
|-end|p1a: Great Tusk|Protosynthesis|[silent]
|
|upkeep
|
|t:|1760301095
|switch|p1a: Electivire|Electivire, F|91/100
|turn|37
|
|t:|1760301099
|switch|p2a: Rhydon|Rhydon, M|100/100
|-damage|p2a: Rhydon|94/100|[from] Stealth Rock
|move|p1a: Electivire|Earthquake|p2a: Rhydon
|-supereffective|p2a: Rhydon
|-damage|p2a: Rhydon|60/100
|-damage|p1a: Electivire|81/100|[from] item: Life Orb
|
|upkeep
|turn|38
|
|t:|1760301114
|switch|p1a: Alomomola|Alomomola, M|97/100 tox
|move|p2a: Rhydon|Avalanche|p1a: Alomomola
|-resisted|p1a: Alomomola
|-damage|p1a: Alomomola|91/100 tox
|
|-damage|p1a: Alomomola|85/100 tox|[from] psn
|upkeep
|turn|39
|
|t:|1760301128
|switch|p2a: Zapdos|Zapdos|78/100
|-damage|p2a: Zapdos|53/100|[from] Stealth Rock
|move|p1a: Alomomola|Flip Turn|p2a: Zapdos
|-damage|p2a: Zapdos|39/100
|
|t:|1760301134
|switch|p1a: Electivire|Electivire, F|81/100|[from] Flip Turn
|
|-heal|p2a: Zapdos|45/100|[from] item: Leftovers
|upkeep
|turn|40
|
|t:|1760301141
|move|p2a: Zapdos|Protect|p2a: Zapdos
|-singleturn|p2a: Zapdos|Protect
|move|p1a: Electivire|Ice Punch|p2a: Zapdos
|-activate|p2a: Zapdos|move: Protect
|
|-heal|p2a: Zapdos|52/100|[from] item: Leftovers
|upkeep
|turn|41
|
|t:|1760301149
|move|p1a: Electivire|Ice Punch|p2a: Zapdos
|-supereffective|p2a: Zapdos
|-damage|p2a: Zapdos|6/100
|-damage|p1a: Electivire|71/100|[from] item: Life Orb
|move|p2a: Zapdos|Roost|p2a: Zapdos
|-heal|p2a: Zapdos|56/100
|-singleturn|p2a: Zapdos|move: Roost
|
|-heal|p2a: Zapdos|62/100|[from] item: Leftovers
|upkeep
|turn|42
|
|t:|1760301164
|move|p2a: Zapdos|Protect|p2a: Zapdos
|-singleturn|p2a: Zapdos|Protect
|move|p1a: Electivire|Earthquake|p2a: Zapdos
|-activate|p2a: Zapdos|move: Protect
|
|-heal|p2a: Zapdos|69/100|[from] item: Leftovers
|upkeep
|turn|43
|
|t:|1760301177
|switch|p1a: Goodra|Goodra-Hisui, M|75/100
|move|p2a: Zapdos|Air Cutter|p1a: Goodra
|-resisted|p1a: Goodra
|-damage|p1a: Goodra|70/100
|
|-heal|p2a: Zapdos|75/100|[from] item: Leftovers
|upkeep
|turn|44
|
|t:|1760301185
|move|p2a: Zapdos|Protect|p2a: Zapdos
|-singleturn|p2a: Zapdos|Protect
|move|p1a: Goodra|Knock Off|p2a: Zapdos
|-activate|p2a: Zapdos|move: Protect
|
|-heal|p2a: Zapdos|81/100|[from] item: Leftovers
|upkeep
|turn|45
|c|☆IJFAWE|Are you braindead?
|
|t:|1760301199
|move|p2a: Zapdos|Discharge|p1a: Goodra
|-resisted|p1a: Goodra
|-damage|p1a: Goodra|64/100
|move|p1a: Goodra|Knock Off|p2a: Zapdos
|-damage|p2a: Zapdos|60/100
|-enditem|p2a: Zapdos|Leftovers|[from] move: Knock Off|[of] p1a: Goodra
|
|upkeep
|turn|46
|
|t:|1760301208
|move|p2a: Zapdos|Roost|p2a: Zapdos
|-heal|p2a: Zapdos|100/100
|-singleturn|p2a: Zapdos|move: Roost
|move|p1a: Goodra|Flash Cannon|p2a: Zapdos
|-resisted|p2a: Zapdos
|-damage|p2a: Zapdos|89/100
|
|upkeep
|turn|47
|c|☆IJFAWE|Yes you are
|
|t:|1760301221
|move|p2a: Zapdos|Discharge|p1a: Goodra
|-resisted|p1a: Goodra
|-damage|p1a: Goodra|58/100
|move|p1a: Goodra|Knock Off|p2a: Zapdos
|-damage|p2a: Zapdos|75/100
|-status|p1a: Goodra|par|[from] ability: Static|[of] p2a: Zapdos
|
|upkeep
|turn|48
|
|t:|1760301229
|move|p2a: Zapdos|Air Cutter|p1a: Goodra
|-resisted|p1a: Goodra
|-damage|p1a: Goodra|54/100 par
|cant|p1a: Goodra|par
|
|upkeep
|turn|49
|
|t:|1760301235
|move|p2a: Zapdos|Air Cutter|p1a: Goodra
|-resisted|p1a: Goodra
|-damage|p1a: Goodra|49/100 par
|cant|p1a: Goodra|par
|
|upkeep
|turn|50
|
|t:|1760301241
|move|p2a: Zapdos|Air Cutter|p1a: Goodra
|-resisted|p1a: Goodra
|-damage|p1a: Goodra|45/100 par
|cant|p1a: Goodra|par
|
|upkeep
|turn|51
|
|t:|1760301249
|move|p2a: Zapdos|Air Cutter|p1a: Goodra
|-resisted|p1a: Goodra
|-damage|p1a: Goodra|40/100 par
|move|p1a: Goodra|Draco Meteor|p2a: Zapdos
|-damage|p2a: Zapdos|34/100
|-unboost|p1a: Goodra|spa|2
|
|upkeep
|turn|52
|
|t:|1760301257
|move|p2a: Zapdos|Roost|p2a: Zapdos
|-heal|p2a: Zapdos|84/100
|-singleturn|p2a: Zapdos|move: Roost
|move|p1a: Goodra|Earthquake|p2a: Zapdos
|-supereffective|p2a: Zapdos
|-damage|p2a: Zapdos|42/100
|
|upkeep
|turn|53
|
|t:|1760301269
|move|p2a: Zapdos|Roost|p2a: Zapdos
|-heal|p2a: Zapdos|92/100
|-singleturn|p2a: Zapdos|move: Roost
|move|p1a: Goodra|Earthquake|p2a: Zapdos
|-supereffective|p2a: Zapdos
|-damage|p2a: Zapdos|52/100
|
|upkeep
|turn|54
|
|t:|1760301277
|move|p2a: Zapdos|Roost|p2a: Zapdos
|-heal|p2a: Zapdos|100/100
|-singleturn|p2a: Zapdos|move: Roost
|cant|p1a: Goodra|par
|
|upkeep
|turn|55
|
|t:|1760301286
|switch|p2a: Rhydon|Rhydon, M|60/100
|-damage|p2a: Rhydon|54/100|[from] Stealth Rock
|switch|p1a: Electivire|Electivire, F|71/100
|
|upkeep
|turn|56
|
|t:|1760301294
|switch|p1a: Alomomola|Alomomola, M|100/100 tox
|move|p2a: Rhydon|Avalanche|p1a: Alomomola
|-resisted|p1a: Alomomola
|-damage|p1a: Alomomola|95/100 tox
|
|-damage|p1a: Alomomola|89/100 tox|[from] psn
|upkeep
|turn|57
|
|t:|1760301303
|switch|p2a: Zapdos|Zapdos|100/100
|-damage|p2a: Zapdos|75/100|[from] Stealth Rock
|move|p1a: Alomomola|Wish|p1a: Alomomola
|
|-damage|p1a: Alomomola|77/100 tox|[from] psn
|upkeep
|turn|58
|
|t:|1760301312
|switch|p1a: Goodra|Goodra-Hisui, M|40/100 par
|move|p2a: Zapdos|Air Cutter|p1a: Goodra
|-resisted|p1a: Goodra
|-damage|p1a: Goodra|36/100 par
|
|-heal|p1a: Goodra|100/100 par|[from] move: Wish|[wisher] Alomomola
|upkeep
|turn|59
|
|t:|1760301321
|move|p2a: Zapdos|Protect|p2a: Zapdos
|-singleturn|p2a: Zapdos|Protect
|move|p1a: Goodra|Draco Meteor|p2a: Zapdos
|-activate|p2a: Zapdos|move: Protect
|
|upkeep
|turn|60
|
|t:|1760301328
|move|p2a: Zapdos|Air Cutter|p1a: Goodra
|-resisted|p1a: Goodra
|-damage|p1a: Goodra|96/100 par
|move|p1a: Goodra|Draco Meteor|p2a: Zapdos
|-damage|p2a: Zapdos|36/100
|-unboost|p1a: Goodra|spa|2
|
|upkeep
|turn|61
|
|t:|1760301336
|move|p2a: Zapdos|Roost|p2a: Zapdos
|-heal|p2a: Zapdos|86/100
|-singleturn|p2a: Zapdos|move: Roost
|move|p1a: Goodra|Earthquake|p2a: Zapdos
|-supereffective|p2a: Zapdos
|-damage|p2a: Zapdos|45/100
|
|upkeep
|turn|62
|
|t:|1760301345
|move|p2a: Zapdos|Protect|p2a: Zapdos
|-singleturn|p2a: Zapdos|Protect
|cant|p1a: Goodra|par
|
|upkeep
|turn|63
|
|t:|1760301351
|move|p2a: Zapdos|Roost|p2a: Zapdos
|-heal|p2a: Zapdos|95/100
|-singleturn|p2a: Zapdos|move: Roost
|move|p1a: Goodra|Earthquake|p2a: Zapdos
|-supereffective|p2a: Zapdos
|-damage|p2a: Zapdos|51/100
|
|upkeep
|turn|64
|
|t:|1760301362
|move|p2a: Zapdos|Protect|p2a: Zapdos
|-singleturn|p2a: Zapdos|Protect
|move|p1a: Goodra|Flash Cannon|p2a: Zapdos
|-activate|p2a: Zapdos|move: Protect
|
|upkeep
|turn|65
|
|t:|1760301368
|move|p2a: Zapdos|Roost|p2a: Zapdos
|-heal|p2a: Zapdos|100/100
|-singleturn|p2a: Zapdos|move: Roost
|move|p1a: Goodra|Flash Cannon|p2a: Zapdos
|-resisted|p2a: Zapdos
|-damage|p2a: Zapdos|95/100
|
|upkeep
|turn|66
|
|t:|1760301378
|switch|p1a: Electivire|Electivire, F|71/100
|move|p2a: Zapdos|Protect||[still]
|-fail|p2a: Zapdos
|
|upkeep
|turn|67
|
|t:|1760301384
|move|p1a: Electivire|Ice Punch|p2a: Zapdos
|-supereffective|p2a: Zapdos
|-damage|p2a: Zapdos|44/100
|-damage|p1a: Electivire|61/100|[from] item: Life Orb
|move|p2a: Zapdos|Air Cutter|p1a: Electivire|[miss]
|-miss|p2a: Zapdos|p1a: Electivire
|
|upkeep
|turn|68
|c|☆IJFAWE|Stupid
|
|t:|1760301395
|move|p2a: Zapdos|Protect|p2a: Zapdos
|-singleturn|p2a: Zapdos|Protect
|move|p1a: Electivire|Ice Punch|p2a: Zapdos
|-activate|p2a: Zapdos|move: Protect
|
|upkeep
|turn|69
|
|t:|1760301402
|move|p1a: Electivire|Ice Punch|p2a: Zapdos
|-supereffective|p2a: Zapdos
|-damage|p2a: Zapdos|0 fnt
|faint|p2a: Zapdos
|-damage|p1a: Electivire|51/100|[from] item: Life Orb
|
|upkeep
|
|t:|1760301410
|switch|p2a: Rhydon|Rhydon, M|54/100
|-damage|p2a: Rhydon|48/100|[from] Stealth Rock
|turn|70
|
|t:|1760301439
|switch|p1a: Alomomola|Alomomola, M|100/100 tox
|move|p2a: Rhydon|Earthquake|p1a: Alomomola
|-damage|p1a: Alomomola|73/100 tox
|
|-damage|p1a: Alomomola|67/100 tox|[from] psn
|upkeep
|turn|71
|
|t:|1760301448
|move|p1a: Alomomola|Flip Turn|p2a: Rhydon
|-supereffective|p2a: Rhydon
|-damage|p2a: Rhydon|18/100
|
|t:|1760301453
|switch|p1a: Hydrapple|Hydrapple, F, tera:Poison|100/100|[from] Flip Turn
|move|p2a: Rhydon|Earthquake|p1a: Hydrapple
|-supereffective|p1a: Hydrapple
|-damage|p1a: Hydrapple|43/100
|
|upkeep
|turn|72
|
|t:|1760301461
|move|p1a: Hydrapple|Giga Drain|p2a: Rhydon
|-supereffective|p2a: Rhydon
|-damage|p2a: Rhydon|0 fnt
|-heal|p1a: Hydrapple|51/100|[from] drain|[of] p2a: Rhydon
|faint|p2a: Rhydon
|
|upkeep
|
|t:|1760301475
|switch|p2a: Magneton|Magneton|44/100
|-damage|p2a: Magneton|38/100|[from] Stealth Rock
|turn|73
|c|☆IJFAWE|Youre an idiot
|
|t:|1760301484
|switch|p1a: Goodra|Goodra-Hisui, M|96/100 par
|move|p2a: Magneton|Steel Beam|p1a: Goodra
|-resisted|p1a: Goodra
|-damage|p1a: Goodra|84/100 par
|-damage|p2a: Magneton|0 fnt|[from] steelbeam
|faint|p2a: Magneton
|
|upkeep
|
|t:|1760301492
|switch|p2a: Dodrio|Dodrio, F|76/100
|-damage|p2a: Dodrio|51/100|[from] Stealth Rock
|turn|74
|
|t:|1760301497
|move|p2a: Dodrio|Thrash|p1a: Goodra
|-resisted|p1a: Goodra
|-damage|p1a: Goodra|55/100 par
|cant|p1a: Goodra|par
|
|upkeep
|turn|75
|c|☆IJFAWE|Bye bye stupid
|
|t:|1760301512
|move|p2a: Dodrio|Thrash|p1a: Goodra|[from] lockedmove
|-resisted|p1a: Goodra
|-damage|p1a: Goodra|27/100 par
|-start|p2a: Dodrio|confusion|[fatigue]
|move|p1a: Goodra|Draco Meteor|p2a: Dodrio
|-damage|p2a: Dodrio|0 fnt
|-unboost|p1a: Goodra|spa|2
|faint|p2a: Dodrio
|
|win|IJFAWE
|raw|IJFAWE's rating: 1177 &rarr; <strong>1203</strong><br />(+26 for winning)
|raw|preppy dude's rating: 1197 &rarr; <strong>1171</strong><br />(-26 for losing)
