|j|☆xlbxaaa
|j|‽me destroy you 15
|t:|1760430947
|gametype|singles
|player|p1|xlbxaaa|2|1132
|player|p2|me destroy you 15|flint|1080
|gen|9
|tier|[Gen 9] OU
|rated|
|rule|HP Percentage Mod: HP is shown in percentages
|rule|Endless Battle Clause: Forcing endless battles is banned
|rule|Species Clause: Limit one of each Pokémon
|rule|OHKO Clause: OHKO moves are banned
|rule|Evasion Items Clause: Evasion items are banned
|rule|Evasion Moves Clause: Evasion moves are banned
|rule|Evasion Abilities Clause: Evasion abilities are banned
|rule|Sleep Moves Clause: Sleep-inducing moves are banned
|clearpoke
|poke|p1|Pelipper, M|
|poke|p1|Greninja-*, M|
|poke|p1|Basculegion, M|
|poke|p1|Zapdos|
|poke|p1|Sandy Shocks|
|poke|p1|Scizor, M|
|poke|p2|Blastoise, M|
|poke|p2|Charizard, M|
|poke|p2|Vileplume, F|
|poke|p2|Forretress, M|
|poke|p2|Gengar, F|
|poke|p2|Electivire, M|
|teampreview
|inactive|Battle timer is ON: inactive players will automatically lose when time's up. (requested by me destroy you 15)
|
|t:|1760431011
|teamsize|p1|6
|teamsize|p2|6
|start
|switch|p1a: Sandy Shocks|Sandy Shocks|100/100
|switch|p2a: Electivire|Electivire, M|100/100
|-enditem|p1a: Sandy Shocks|Booster Energy
|-activate|p1a: Sandy Shocks|ability: Protosynthesis|[fromitem]
|-start|p1a: Sandy Shocks|protosynthesisspe
|turn|1
|
|t:|1760431040
|move|p1a: Sandy Shocks|Thunderbolt|p2a: Electivire
|-ability|p2a: Electivire|Motor Drive|boost
|-boost|p2a: Electivire|spe|1
|move|p2a: Electivire|Ice Punch|p1a: Sandy Shocks
|-supereffective|p1a: Sandy Shocks
|-damage|p1a: Sandy Shocks|29/100
|-status|p1a: Sandy Shocks|frz
|-damage|p2a: Electivire|91/100|[from] item: Life Orb
|
|upkeep
|turn|2
|inactive|me destroy you 15 has 120 seconds left.
|
|t:|1760431065
|-end|p1a: Sandy Shocks|Protosynthesis|[silent]
|switch|p1a: Pelipper|Pelipper, M|100/100
|-weather|RainDance|[from] ability: Drizzle|[of] p1a: Pelipper
|move|p2a: Electivire|Ice Punch|p1a: Pelipper
|-damage|p1a: Pelipper|64/100
|-damage|p2a: Electivire|81/100|[from] item: Life Orb
|
|-weather|RainDance|[upkeep]
|upkeep
|turn|3
|inactive|me destroy you 15 has 120 seconds left.
|
|t:|1760431079
|switch|p1a: Scizor|Scizor, M|100/100
|move|p2a: Electivire|Wild Charge|p1a: Scizor
|-damage|p1a: Scizor|42/100
|-damage|p2a: Electivire|64/100|[from] Recoil
|-damage|p2a: Electivire|54/100|[from] item: Life Orb
|
|-weather|RainDance|[upkeep]
|upkeep
|turn|4
|inactive|me destroy you 15 has 120 seconds left.
|
|t:|1760431089
|move|p1a: Scizor|Bullet Punch|p2a: Electivire
|-resisted|p2a: Electivire
|-damage|p2a: Electivire|25/100
|move|p2a: Electivire|Fire Punch|p1a: Scizor
|-supereffective|p1a: Scizor
|-damage|p1a: Scizor|0 fnt
|faint|p1a: Scizor
|-damage|p2a: Electivire|15/100|[from] item: Life Orb
|
|-weather|RainDance|[upkeep]
|upkeep
|
|t:|1760431100
|switch|p1a: Basculegion|Basculegion, M|100/100
|turn|5
|inactive|me destroy you 15 has 120 seconds left.
|
|t:|1760431133
|-terastallize|p1a: Basculegion|Water
|move|p1a: Basculegion|Wave Crash|p2a: Electivire
|-damage|p2a: Electivire|0 fnt
|faint|p2a: Electivire
|-damage|p1a: Basculegion|97/100|[from] Recoil
|
|-weather|RainDance|[upkeep]
|upkeep
|
|t:|1760431142
|switch|p2a: Charizard|Charizard, M|100/100
|turn|6
|
|t:|1760431146
|switch|p2a: Vileplume|Vileplume, F|100/100
|move|p1a: Basculegion|Wave Crash|p2a: Vileplume
|-resisted|p2a: Vileplume
|-damage|p2a: Vileplume|24/100
|-damage|p1a: Basculegion|77/100|[from] Recoil
|
|-weather|RainDance|[upkeep]
|-heal|p2a: Vileplume|30/100|[from] item: Leftovers
|upkeep
|turn|7
|inactive|me destroy you 15 has 120 seconds left.
|
|t:|1760431156
|move|p1a: Basculegion|Wave Crash|p2a: Vileplume
|-resisted|p2a: Vileplume
|-damage|p2a: Vileplume|0 fnt
|faint|p2a: Vileplume
|-damage|p1a: Basculegion|69/100|[from] Recoil
|
|-weather|RainDance|[upkeep]
|upkeep
|
|t:|1760431163
|switch|p2a: Gengar|Gengar, F|100/100
|turn|8
|
|t:|1760431167
|move|p1a: Basculegion|Wave Crash|p2a: Gengar
|-enditem|p2a: Gengar|Focus Sash
|-damage|p2a: Gengar|1/100
|-start|p1a: Basculegion|Disable|Wave Crash|[from] ability: Cursed Body|[of] p2a: Gengar
|-damage|p1a: Basculegion|46/100|[from] Recoil
|move|p2a: Gengar|Thunderbolt|p1a: Basculegion
|-supereffective|p1a: Basculegion
|-damage|p1a: Basculegion|0 fnt
|faint|p1a: Basculegion
|
|-weather|RainDance|[upkeep]
|upkeep
|
|t:|1760431179
|switch|p1a: Greninja|Greninja, M|100/100
|turn|9
|inactive|me destroy you 15 has 120 seconds left.
|
|t:|1760431206
|move|p1a: Greninja|Water Shuriken|p2a: Gengar
|-start|p1a: Greninja|typechange|Water|[from] ability: Protean
|-damage|p2a: Gengar|0 fnt
|faint|p2a: Gengar
|-hitcount|p2: Gengar|1
|-damage|p1a: Greninja|91/100|[from] item: Life Orb
|
|-weather|none
|upkeep
|
|t:|1760431215
|switch|p2a: Forretress|Forretress, M|100/100
|turn|10
|
|t:|1760431235
|move|p1a: Greninja|Dark Pulse|p2a: Forretress
|-damage|p2a: Forretress|71/100
|-damage|p1a: Greninja|81/100|[from] item: Life Orb
|move|p2a: Forretress|Thunder Wave|p1a: Greninja|[miss]
|-miss|p2a: Forretress|p1a: Greninja
|
|-heal|p2a: Forretress|77/100|[from] item: Leftovers
|upkeep
|turn|11
|inactive|me destroy you 15 has 120 seconds left.
|
|t:|1760431255
|move|p1a: Greninja|Surf|p2a: Forretress
|-crit|p2a: Forretress
|-damage|p2a: Forretress|3/100
|-damage|p1a: Greninja|71/100|[from] item: Life Orb
|move|p2a: Forretress|Thunder Wave|p1a: Greninja
|-status|p1a: Greninja|par
|
|-heal|p2a: Forretress|9/100|[from] item: Leftovers
|upkeep
|turn|12
|
|t:|1760431265
|move|p1a: Greninja|Water Shuriken|p2a: Forretress
|-damage|p2a: Forretress|0 fnt
|faint|p2a: Forretress
|-hitcount|p2: Forretress|1
|-damage|p1a: Greninja|61/100 par|[from] item: Life Orb
|
|upkeep
|
|t:|1760431272
|switch|p2a: Blastoise|Blastoise, M|100/100
|turn|13
|
|t:|1760431281
|switch|p1a: Pelipper|Pelipper, M|64/100
|-weather|RainDance|[from] ability: Drizzle|[of] p1a: Pelipper
|move|p2a: Blastoise|Shell Smash|p2a: Blastoise
|-unboost|p2a: Blastoise|def|1
|-unboost|p2a: Blastoise|spd|1
|-boost|p2a: Blastoise|atk|2
|-boost|p2a: Blastoise|spa|2
|-boost|p2a: Blastoise|spe|2
|-enditem|p2a: Blastoise|White Herb
|-clearnegativeboost|p2a: Blastoise|[silent]
|
|-weather|RainDance|[upkeep]
|upkeep
|turn|14
|inactive|me destroy you 15 has 120 seconds left.
|
|t:|1760431326
|switch|p1a: Zapdos|Zapdos|100/100
|move|p2a: Blastoise|Ice Beam|p1a: Zapdos
|-supereffective|p1a: Zapdos
|-damage|p1a: Zapdos|19/100
|
|-weather|RainDance|[upkeep]
|upkeep
|turn|15
|
|t:|1760431336
|move|p2a: Blastoise|Ice Beam|p1a: Zapdos
|-supereffective|p1a: Zapdos
|-damage|p1a: Zapdos|0 fnt
|faint|p1a: Zapdos
|
|-weather|RainDance|[upkeep]
|upkeep
|
|t:|1760431344
|switch|p1a: Greninja|Greninja, M|61/100 par
|turn|16
|inactive|me destroy you 15 has 90 seconds left.
|
|t:|1760431375
|move|p1a: Greninja|Water Shuriken|p2a: Blastoise
|-start|p1a: Greninja|typechange|Water|[from] ability: Protean
|-resisted|p2a: Blastoise
|-damage|p2a: Blastoise|96/100
|-resisted|p2a: Blastoise
|-damage|p2a: Blastoise|90/100
|-hitcount|p2a: Blastoise|2
|-damage|p1a: Greninja|51/100 par|[from] item: Life Orb
|move|p2a: Blastoise|Surf|p1a: Greninja
|-resisted|p1a: Greninja
|-damage|p1a: Greninja|0 fnt
|faint|p1a: Greninja
|
|-weather|RainDance|[upkeep]
|upkeep
|
|t:|1760431390
|switch|p1a: Sandy Shocks|Sandy Shocks|29/100 frz
|turn|17
|
|t:|1760431402
|move|p2a: Blastoise|Surf|p1a: Sandy Shocks
|-supereffective|p1a: Sandy Shocks
|-damage|p1a: Sandy Shocks|0 fnt
|faint|p1a: Sandy Shocks
|-end|p1a: Sandy Shocks|Protosynthesis|[silent]
|
|-weather|RainDance|[upkeep]
|upkeep
|
|t:|1760431409
|switch|p1a: Pelipper|Pelipper, M|64/100
|turn|18
|inactive|me destroy you 15 has 90 seconds left.
|
|t:|1760431444
|move|p2a: Blastoise|Ice Beam|p1a: Pelipper
|-damage|p1a: Pelipper|12/100
|-status|p1a: Pelipper|frz
|cant|p1a: Pelipper|frz
|
|-weather|RainDance|[upkeep]
|upkeep
|turn|19
|-message|xlbxaaa forfeited.
|
|win|me destroy you 15
|raw|xlbxaaa's rating: 1132 &rarr; <strong>1103</strong><br />(-29 for losing)
|raw|me destroy you 15's rating: 1080 &rarr; <strong>1112</strong><br />(+32 for winning)
|l|☆xlbxaaa
|player|p1|
|l|‽me destroy you 15
|player|p2|
