|j|☆GardevoirEnjoyer<3
|j|☆slapudap
|t:|1760309436
|gametype|singles
|player|p1|GardevoirEnjoyer<3|cynthia-gen4|1124
|player|p2|slapudap|1|1066
|gen|9
|tier|[Gen 9] OU
|rated|
|rule|HP Percentage Mod: HP is shown in percentages
|rule|Endless Battle Clause: Forcing endless battles is banned
|rule|Species Clause: Limit one of each Pokémon
|rule|OHKO Clause: OHKO moves are banned
|rule|Evasion Items Clause: Evasion items are banned
|rule|Evasion Moves Clause: Evasion moves are banned
|rule|Evasion Abilities Clause: Evasion abilities are banned
|rule|Sleep Moves Clause: Sleep-inducing moves are banned
|clearpoke
|poke|p1|Goodra-Hisui, M|
|poke|p1|Gliscor, F|
|poke|p1|Kingambit, M|
|poke|p1|Primarina, F|
|poke|p1|Ceruledge, M|
|poke|p1|Zapdos|
|poke|p2|Tandemaus|
|poke|p2|Goodra-Hisui, M|
|poke|p2|Munkidori, M|
|poke|p2|Zoroark-Hisui, F|
|poke|p2|Uxie|
|poke|p2|Rotom-Frost|
|teampreview
|inactive|Battle timer is ON: inactive players will automatically lose when time's up. (requested by slapudap)
|
|t:|1760309470
|teamsize|p1|6
|teamsize|p2|6
|start
|switch|p1a: Zapdos|Zapdos|100/100
|switch|p2a: Munkidori|Munkidori, M|100/100
|turn|1
|
|t:|1760309493
|move|p2a: Munkidori|Trick|p1a: Zapdos
|-activate|p2a: Munkidori|move: Trick|[of] p1a: Zapdos
|-item|p1a: Zapdos|Choice Scarf|[from] move: Trick
|-item|p2a: Munkidori|Leftovers|[from] move: Trick
|move|p1a: Zapdos|Tailwind|p1a: Zapdos
|-sidestart|p1: GardevoirEnjoyer<3|move: Tailwind
|
|upkeep
|turn|2
|
|t:|1760309509
|switch|p1a: Ceruledge|Ceruledge, M|100/100
|move|p2a: Munkidori|Shadow Ball|p1a: Ceruledge
|-supereffective|p1a: Ceruledge
|-damage|p1a: Ceruledge|30/100
|-status|p1a: Ceruledge|tox|[from] ability: Toxic Chain|[of] p2a: Munkidori
|
|-damage|p1a: Ceruledge|24/100 tox|[from] psn
|upkeep
|turn|3
|
|t:|1760309522
|switch|p2a: Goodra|Goodra-Hisui, M, shiny|100/100
|move|p1a: Ceruledge|Bitter Blade|p2a: Goodra
|-enditem|p2a: Goodra|Focus Sash
|-damage|p2a: Goodra|1/100
|-heal|p1a: Ceruledge|67/100 tox|[from] drain|[of] p2a: Goodra
|replace|p2a: Zoroark|Zoroark-Hisui, F, shiny
|-end|p2a: Zoroark|Illusion
|
|-damage|p1a: Ceruledge|55/100 tox|[from] psn
|upkeep
|turn|4
|inactive|slapudap has 120 seconds left.
|
|t:|1760309538
|move|p1a: Ceruledge|Bitter Blade|p2a: Zoroark
|-damage|p2a: Zoroark|0 fnt
|-heal|p1a: Ceruledge|55/100 tox|[from] drain|[of] p2a: Zoroark
|faint|p2a: Zoroark
|
|-damage|p1a: Ceruledge|37/100 tox|[from] psn
|-sideend|p1: GardevoirEnjoyer<3|move: Tailwind
|upkeep
|
|t:|1760309542
|switch|p2a: Goodra|Goodra-Hisui, M, shiny|100/100
|turn|5
|inactive|slapudap has 120 seconds left.
|
|t:|1760309558
|switch|p2a: Munkidori|Munkidori, M|100/100
|move|p1a: Ceruledge|Bitter Blade|p2a: Munkidori
|-damage|p2a: Munkidori|0 fnt
|-heal|p1a: Ceruledge|91/100 tox|[from] drain|[of] p2a: Munkidori
|faint|p2a: Munkidori
|
|-damage|p1a: Ceruledge|66/100 tox|[from] psn
|upkeep
|inactive|slapudap has 120 seconds left.
|
|t:|1760309568
|switch|p2a: Rotom|Rotom-Frost|100/100
|turn|6
|
|t:|1760309577
|-terastallize|p1a: Ceruledge|Steel
|move|p2a: Rotom|Reflect|p2a: Rotom
|-sidestart|p2: slapudap|Reflect
|move|p1a: Ceruledge|Bitter Blade|p2a: Rotom
|-supereffective|p2a: Rotom
|-damage|p2a: Rotom|12/100
|-heal|p1a: Ceruledge|100/100 tox|[from] drain|[of] p2a: Rotom
|-enditem|p2a: Rotom|Aguav Berry|[eat]
|-heal|p2a: Rotom|45/100|[from] item: Aguav Berry
|
|-damage|p1a: Ceruledge|70/100 tox|[from] psn
|upkeep
|turn|7
|
|t:|1760309591
|move|p2a: Rotom|Discharge|p1a: Ceruledge
|-damage|p1a: Ceruledge|26/100 tox
|move|p1a: Ceruledge|Bitter Blade|p2a: Rotom
|-supereffective|p2a: Rotom
|-damage|p2a: Rotom|0 fnt
|-heal|p1a: Ceruledge|44/100 tox|[from] drain|[of] p2a: Rotom
|faint|p2a: Rotom
|
|-damage|p1a: Ceruledge|7/100 tox|[from] psn
|upkeep
|inactive|slapudap has 120 seconds left.
|
|t:|1760309601
|switch|p2a: Uxie|Uxie, shiny|100/100
|turn|8
|
|t:|1760309609
|switch|p1a: Goodra|Goodra-Hisui, M|100/100
|-terastallize|p2a: Uxie|Fairy
|move|p2a: Uxie|Draining Kiss|p1a: Goodra
|-damage|p1a: Goodra|93/100
|-ability|p1a: Goodra|Gooey
|-unboost|p2a: Uxie|spe|1
|
|upkeep
|turn|9
|
|t:|1760309621
|switch|p2a: Goodra|Goodra-Hisui, M, shiny|100/100
|move|p1a: Goodra|Gyro Ball|p2a: Goodra
|-resisted|p2a: Goodra
|-damage|p2a: Goodra|99/100
|-ability|p2a: Goodra|Gooey
|-unboost|p1a: Goodra|spe|1
|
|upkeep
|turn|10
|
|t:|1760309642
|switch|p1a: Zapdos|Zapdos|100/100
|move|p2a: Goodra|Draco Meteor|p1a: Zapdos
|-damage|p1a: Zapdos|0 fnt
|-unboost|p2a: Goodra|spa|2
|faint|p1a: Zapdos
|-damage|p2a: Goodra|89/100|[from] item: Life Orb
|
|-sideend|p2: slapudap|Reflect
|upkeep
|
|t:|1760309652
|switch|p1a: Ceruledge|Ceruledge, M, tera:Steel|7/100 tox
|turn|11
|
|t:|1760309656
|move|p1a: Ceruledge|Bitter Blade|p2a: Goodra
|-damage|p2a: Goodra|24/100
|-heal|p1a: Ceruledge|48/100 tox|[from] drain|[of] p2a: Goodra
|-ability|p2a: Goodra|Gooey
|-unboost|p1a: Ceruledge|spe|1
|move|p2a: Goodra|Steel Beam|p1a: Ceruledge
|-resisted|p1a: Ceruledge
|-damage|p1a: Ceruledge|22/100 tox
|-damage|p2a: Goodra|0 fnt|[from] steelbeam
|faint|p2a: Goodra
|
|-damage|p1a: Ceruledge|16/100 tox|[from] psn
|upkeep
|
|t:|1760309659
|switch|p2a: Tandemaus|Tandemaus, shiny|100/100
|turn|12
|
|t:|1760309665
|switch|p1a: Gliscor|Gliscor, F|100/100
|move|p2a: Tandemaus|Crunch|p1a: Gliscor
|-damage|p1a: Gliscor|90/100
|-unboost|p1a: Gliscor|def|1
|
|-status|p1a: Gliscor|tox|[from] item: Toxic Orb
|upkeep
|turn|13
|
|t:|1760309673
|move|p1a: Gliscor|Toxic|p2a: Tandemaus
|-status|p2a: Tandemaus|tox
|move|p2a: Tandemaus|Population Bomb|p1a: Gliscor
|-damage|p1a: Gliscor|83/100 tox
|-damage|p1a: Gliscor|77/100 tox
|-damage|p1a: Gliscor|71/100 tox
|-damage|p1a: Gliscor|65/100 tox
|-damage|p1a: Gliscor|59/100 tox
|-damage|p1a: Gliscor|53/100 tox
|-damage|p1a: Gliscor|47/100 tox
|-damage|p1a: Gliscor|42/100 tox
|-hitcount|p1a: Gliscor|8
|
|-heal|p1a: Gliscor|54/100 tox|[from] ability: Poison Heal
|-damage|p2a: Tandemaus|95/100 tox|[from] psn
|upkeep
|turn|14
|
|t:|1760309684
|move|p1a: Gliscor|Earthquake|p2a: Tandemaus
|-damage|p2a: Tandemaus|52/100 tox
|move|p2a: Tandemaus|Population Bomb|p1a: Gliscor|[miss]
|-miss|p2a: Tandemaus|p1a: Gliscor
|
|-heal|p1a: Gliscor|67/100 tox|[from] ability: Poison Heal
|-damage|p2a: Tandemaus|40/100 tox|[from] psn
|upkeep
|turn|15
|
|t:|1760309691
|move|p1a: Gliscor|Earthquake|p2a: Tandemaus
|-damage|p2a: Tandemaus|0 fnt
|faint|p2a: Tandemaus
|
|-heal|p1a: Gliscor|79/100 tox|[from] ability: Poison Heal
|upkeep
|
|t:|1760309693
|switch|p2a: Uxie|Uxie, shiny, tera:Fairy|100/100
|turn|16
|
|t:|1760309699
|move|p2a: Uxie|Energy Ball|p1a: Gliscor
|-damage|p1a: Gliscor|52/100 tox
|move|p1a: Gliscor|Taunt|p2a: Uxie
|-start|p2a: Uxie|move: Taunt
|
|-heal|p1a: Gliscor|64/100 tox|[from] ability: Poison Heal
|upkeep
|turn|17
|
|t:|1760309706
|move|p2a: Uxie|Energy Ball|p1a: Gliscor
|-damage|p1a: Gliscor|34/100 tox
|move|p1a: Gliscor|Toxic|p2a: Uxie|[miss]
|-miss|p1a: Gliscor|p2a: Uxie
|
|-heal|p1a: Gliscor|47/100 tox|[from] ability: Poison Heal
|upkeep
|turn|18
|
|t:|1760309712
|move|p2a: Uxie|Draining Kiss|p1a: Gliscor
|-crit|p1a: Gliscor
|-damage|p1a: Gliscor|6/100 tox
|move|p1a: Gliscor|Toxic|p2a: Uxie
|-status|p2a: Uxie|tox
|
|-damage|p2a: Uxie|94/100 tox|[from] psn
|-heal|p1a: Gliscor|19/100 tox|[from] ability: Poison Heal
|upkeep
|turn|19
|l|☆slapudap
|inactive|slapudap disconnected and has a minute to reconnect!
|player|p2|
|inactive|slapudap has 30 seconds to reconnect!
|inactive|slapudap has 20 seconds to reconnect!
|inactive|slapudap has 15 seconds to reconnect!
|inactive|slapudap has 10 seconds to reconnect!
|inactive|slapudap has 5 seconds to reconnect!
|-message|slapudap lost due to inactivity.
|
|win|GardevoirEnjoyer<3
|raw|GardevoirEnjoyer&lt;3's rating: 1124 &rarr; <strong>1145</strong><br />(+21 for winning)
|raw|slapudap's rating: 1066 &rarr; <strong>1049</strong><br />(-17 for losing)
|l|☆GardevoirEnjoyer<3
|player|p1|
