|j|☆adrienstrate
|j|☆Alexander111
|t:|1760339022
|gametype|singles
|player|p1|adrienstrate|2|1211
|player|p2|Alexander111|170|1178
|gen|9
|tier|[Gen 9] OU
|rated|
|rule|HP Percentage Mod: HP is shown in percentages
|rule|Endless Battle Clause: Forcing endless battles is banned
|rule|Species Clause: Limit one of each Pokémon
|rule|OHKO Clause: OHKO moves are banned
|rule|Evasion Items Clause: Evasion items are banned
|rule|Evasion Moves Clause: Evasion moves are banned
|rule|Evasion Abilities Clause: Evasion abilities are banned
|rule|Sleep Moves Clause: Sleep-inducing moves are banned
|clearpoke
|poke|p1|Dragonite, F|
|poke|p1|Moltres|
|poke|p1|Chansey, F|
|poke|p1|Gengar, F|
|poke|p1|Mew|
|poke|p1|Gyarados, M|
|poke|p2|Samurott-Hisui, M|
|poke|p2|Cinderace, F|
|poke|p2|Latios, M|
|poke|p2|Pecharunt|
|poke|p2|Garchomp, M|
|poke|p2|Corviknight, M|
|teampreview
|inactive|Battle timer is ON: inactive players will automatically lose when time's up. (requested by Alexander111)
|inactive|adrienstrate has 120 seconds left.
|
|t:|1760339067
|teamsize|p1|6
|teamsize|p2|6
|start
|switch|p1a: Moltres|Moltres|100/100
|switch|p2a: Schnuffi|Samurott-Hisui, M, shiny|100/100
|turn|1
|
|t:|1760339090
|move|p2a: Schnuffi|Razor Shell|p1a: Moltres
|-supereffective|p1a: Moltres
|-damage|p1a: Moltres|33/100
|-unboost|p1a: Moltres|def|1
|move|p1a: Moltres|U-turn|p2a: Schnuffi
|-supereffective|p2a: Schnuffi
|-damage|p2a: Schnuffi|66/100
|
|t:|1760339114
|switch|p1a: Gengar|Gengar, F|100/100|[from] U-turn
|-item|p1a: Gengar|Air Balloon
|
|upkeep
|turn|2
|
|t:|1760339120
|switch|p2a: chompi|Garchomp, M, shiny|100/100
|move|p1a: Gengar|Focus Blast|p2a: chompi
|-damage|p2a: chompi|61/100
|
|upkeep
|turn|3
|
|t:|1760339129
|switch|p1a: Moltres|Moltres|33/100
|move|p2a: chompi|Dragon Tail|p1a: Moltres
|-damage|p1a: Moltres|16/100
|-status|p2a: chompi|brn|[from] ability: Flame Body|[of] p1a: Moltres
|drag|p1a: Chansey|Chansey, F|100/100
|
|-damage|p2a: chompi|55/100 brn|[from] brn
|upkeep
|turn|4
|
|t:|1760339144
|switch|p1a: Mew|Mew|100/100
|move|p2a: chompi|Stealth Rock|p1a: Mew
|-sidestart|p1: adrienstrate|move: Stealth Rock
|
|-damage|p2a: chompi|49/100 brn|[from] brn
|upkeep
|turn|5
|
|t:|1760339152
|switch|p2a: Gifti|Pecharunt|100/100
|move|p1a: Mew|Calm Mind|p1a: Mew
|-boost|p1a: Mew|spa|1
|-boost|p1a: Mew|spd|1
|
|upkeep
|turn|6
|
|t:|1760339164
|move|p1a: Mew|Calm Mind|p1a: Mew
|-boost|p1a: Mew|spa|1
|-boost|p1a: Mew|spd|1
|move|p2a: Gifti|Malignant Chain|p1a: Mew
|-damage|p1a: Mew|88/100
|
|upkeep
|turn|7
|
|t:|1760339176
|-terastallize|p2a: Gifti|Dark
|move|p1a: Mew|Calm Mind|p1a: Mew
|-boost|p1a: Mew|spa|1
|-boost|p1a: Mew|spd|1
|move|p2a: Gifti|Malignant Chain|p1a: Mew
|-damage|p1a: Mew|77/100
|
|upkeep
|turn|8
|
|t:|1760339184
|move|p1a: Mew|Draining Kiss|p2a: Gifti
|-supereffective|p2a: Gifti
|-damage|p2a: Gifti|26/100
|-heal|p1a: Mew|100/100|[from] drain|[of] p2a: Gifti
|move|p2a: Gifti|Malignant Chain|p1a: Mew
|-damage|p1a: Mew|90/100
|-status|p1a: Mew|tox
|-activate|p1a: Mew|ability: Synchronize
|-status|p2a: Gifti|tox
|-start|p1a: Mew|confusion|[from] ability: Poison Puppeteer|[of] p2a: Gifti
|
|-damage|p1a: Mew|84/100 tox|[from] psn
|-damage|p2a: Gifti|20/100 tox|[from] psn
|upkeep
|turn|9
|
|t:|1760339190
|-activate|p1a: Mew|confusion
|-damage|p1a: Mew|78/100 tox|[from] confusion
|move|p2a: Gifti|Malignant Chain|p1a: Mew
|-damage|p1a: Mew|66/100 tox
|
|-damage|p1a: Mew|54/100 tox|[from] psn
|-damage|p2a: Gifti|8/100 tox|[from] psn
|upkeep
|turn|10
|
|t:|1760339195
|-end|p1a: Mew|confusion
|move|p1a: Mew|Draining Kiss|p2a: Gifti
|-supereffective|p2a: Gifti
|-damage|p2a: Gifti|0 fnt
|-heal|p1a: Mew|59/100 tox|[from] drain|[of] p2a: Gifti
|faint|p2a: Gifti
|
|-damage|p1a: Mew|41/100 tox|[from] psn
|upkeep
|
|t:|1760339205
|switch|p2a: Schnuffi|Samurott-Hisui, M, shiny|66/100
|turn|11
|inactive|adrienstrate has 120 seconds left.
|
|t:|1760339235
|move|p2a: Schnuffi|Ceaseless Edge|p1a: Mew
|-supereffective|p1a: Mew
|-damage|p1a: Mew|0 fnt
|-sidestart|p1: adrienstrate|Spikes
|faint|p1a: Mew
|
|upkeep
|inactive|adrienstrate has 120 seconds left.
|
|t:|1760339245
|switch|p1a: Gengar|Gengar, F|100/100
|-damage|p1a: Gengar|88/100|[from] Stealth Rock
|-item|p1a: Gengar|Air Balloon
|turn|12
|
|t:|1760339250
|move|p2a: Schnuffi|Ceaseless Edge|p1a: Gengar
|-supereffective|p1a: Gengar
|-damage|p1a: Gengar|0 fnt
|-enditem|p1a: Gengar|Air Balloon
|-sidestart|p1: adrienstrate|Spikes
|faint|p1a: Gengar
|
|upkeep
|-message|adrienstrate forfeited.
|
|win|Alexander111
|raw|adrienstrate's rating: 1211 &rarr; <strong>1184</strong><br />(-27 for losing)
|raw|Alexander111's rating: 1178 &rarr; <strong>1205</strong><br />(+27 for winning)
|l|☆adrienstrate
|player|p1|
|l|☆Alexander111
|player|p2|
