|j|☆whoops252!
|j|☆Havestol
|t:|1760309496
|gametype|singles
|player|p1|whoops252!|2|1417
|player|p2|Havestol|170|1440
|gen|9
|tier|[Gen 9] OU
|rated|
|rule|HP Percentage Mod: HP is shown in percentages
|rule|Endless Battle Clause: Forcing endless battles is banned
|rule|Species Clause: Limit one of each Pokémon
|rule|OHKO Clause: OHKO moves are banned
|rule|Evasion Items Clause: Evasion items are banned
|rule|Evasion Moves Clause: Evasion moves are banned
|rule|Evasion Abilities Clause: Evasion abilities are banned
|rule|Sleep Moves Clause: Sleep-inducing moves are banned
|clearpoke
|poke|p1|Rillaboom, F|
|poke|p1|Dodrio, F|
|poke|p1|Garganacl, M|
|poke|p1|Iron Treads|
|poke|p1|Raging Bolt|
|poke|p1|Araquanid, M|
|poke|p2|Gardevoir, M|
|poke|p2|Clodsire, M|
|poke|p2|Alomomola, M|
|poke|p2|Heatran, M|
|poke|p2|Mandibuzz, F|
|poke|p2|Dragapult, F|
|teampreview
|
|t:|1760309554
|teamsize|p1|6
|teamsize|p2|6
|start
|switch|p1a: Rillaboom|Rillaboom, F|100/100
|switch|p2a: Gardevoir|Gardevoir, M|100/100
|-ability|p2a: Gardevoir|Grassy Surge|Trace|[from] ability: Trace|[of] p1a: Rillaboom
|-fieldstart|move: Grassy Terrain|[from] ability: Grassy Surge|[of] p2a: Gardevoir
|turn|1
|
|t:|1760309563
|switch|p2a: Mandibuzz|Mandibuzz, F|100/100
|move|p1a: Rillaboom|Knock Off|p2a: Mandibuzz
|-resisted|p2a: Mandibuzz
|-damage|p2a: Mandibuzz|91/100
|-enditem|p2a: Mandibuzz|Heavy-Duty Boots|[from] move: Knock Off|[of] p1a: Rillaboom
|
|upkeep
|turn|2
|
|t:|1760309575
|switch|p2a: Clodsire|Clodsire, M|100/100
|move|p1a: Rillaboom|U-turn|p2a: Clodsire
|-resisted|p2a: Clodsire
|-damage|p2a: Clodsire|88/100
|
|t:|1760309584
|switch|p1a: Araquanid|Araquanid, M|100/100|[from] U-turn
|
|-heal|p2a: Clodsire|94/100|[from] Grassy Terrain
|upkeep
|turn|3
|
|t:|1760309588
|move|p1a: Araquanid|Sticky Web|p2a: Clodsire
|-sidestart|p2: Havestol|move: Sticky Web
|move|p2a: Clodsire|Toxic|p1a: Araquanid
|-status|p1a: Araquanid|tox
|
|-heal|p2a: Clodsire|99/100|[from] Grassy Terrain
|-damage|p1a: Araquanid|94/100 tox|[from] psn
|upkeep
|turn|4
|
|t:|1760309591
|move|p1a: Araquanid|Surf|p2a: Clodsire
|-heal|p2a: Clodsire|100/100|[from] ability: Water Absorb|[of] p1a: Araquanid
|move|p2a: Clodsire|Spikes|p1a: Araquanid
|-sidestart|p1: whoops252!|Spikes
|
|-heal|p1a: Araquanid|100/100 tox|[from] Grassy Terrain
|-damage|p1a: Araquanid|88/100 tox|[from] psn
|upkeep
|turn|5
|
|t:|1760309600
|switch|p1a: Iron Treads|Iron Treads|100/100
|-damage|p1a: Iron Treads|88/100|[from] Spikes
|move|p2a: Clodsire|Spikes|p1a: Iron Treads
|-sidestart|p1: whoops252!|Spikes
|
|-heal|p1a: Iron Treads|94/100|[from] Grassy Terrain
|-heal|p1a: Iron Treads|100/100|[from] item: Leftovers
|-fieldend|move: Grassy Terrain
|upkeep
|turn|6
|
|t:|1760309612
|move|p1a: Iron Treads|Knock Off|p2a: Clodsire
|-damage|p2a: Clodsire|73/100
|-enditem|p2a: Clodsire|Heavy-Duty Boots|[from] move: Knock Off|[of] p1a: Iron Treads
|move|p2a: Clodsire|Earthquake|p1a: Iron Treads
|-supereffective|p1a: Iron Treads
|-damage|p1a: Iron Treads|49/100
|
|-heal|p1a: Iron Treads|56/100|[from] item: Leftovers
|upkeep
|turn|7
|
|t:|1760309619
|move|p1a: Iron Treads|Rapid Spin|p2a: Clodsire
|-damage|p2a: Clodsire|57/100
|-boost|p1a: Iron Treads|spe|1
|-sideend|p1: whoops252!|Spikes|[from] move: Rapid Spin|[of] p1a: Iron Treads
|move|p2a: Clodsire|Earthquake|p1a: Iron Treads
|-supereffective|p1a: Iron Treads
|-damage|p1a: Iron Treads|8/100
|
|-heal|p1a: Iron Treads|15/100|[from] item: Leftovers
|upkeep
|turn|8
|
|t:|1760309624
|switch|p2a: Alomomola|Alomomola, M|100/100
|move|p1a: Iron Treads|Earthquake|p2a: Alomomola
|-damage|p2a: Alomomola|77/100
|
|-heal|p1a: Iron Treads|21/100|[from] item: Leftovers
|upkeep
|turn|9
|
|t:|1760309628
|-end|p1a: Iron Treads|Quark Drive|[silent]
|switch|p1a: Rillaboom|Rillaboom, F|100/100
|-fieldstart|move: Grassy Terrain|[from] ability: Grassy Surge|[of] p1a: Rillaboom
|move|p2a: Alomomola|Flip Turn|p1a: Rillaboom
|-resisted|p1a: Rillaboom
|-damage|p1a: Rillaboom|93/100
|
|t:|1760309658
|switch|p2a: Dragapult|Dragapult, F|100/100|[from] Flip Turn
|-activate|p2a: Dragapult|move: Sticky Web
|-fail|p2a: Dragapult|unboost|[from] ability: Clear Body|[of] p2a: Dragapult
|
|-heal|p1a: Rillaboom|99/100|[from] Grassy Terrain
|upkeep
|turn|10
|
|t:|1760309661
|move|p2a: Dragapult|U-turn|p1a: Rillaboom
|-supereffective|p1a: Rillaboom
|-damage|p1a: Rillaboom|37/100
|
|t:|1760309664
|switch|p2a: Mandibuzz|Mandibuzz, F|91/100|[from] U-turn
|move|p1a: Rillaboom|Knock Off|p2a: Mandibuzz
|-resisted|p2a: Mandibuzz
|-damage|p2a: Mandibuzz|84/100
|
|-heal|p1a: Rillaboom|43/100|[from] Grassy Terrain
|upkeep
|turn|11
|
|t:|1760309670
|move|p1a: Rillaboom|U-turn|p2a: Mandibuzz
|-damage|p2a: Mandibuzz|68/100
|
|t:|1760309672
|switch|p1a: Garganacl|Garganacl, M|100/100|[from] U-turn
|move|p2a: Mandibuzz|Defog|p1a: Garganacl
|-unboost|p1a: Garganacl|evasion|1
|-sideend|p2: Havestol|Sticky Web|[from] move: Defog|[of] p2a: Mandibuzz
|-fieldend|move: Grassy Terrain
|
|upkeep
|turn|12
|
|t:|1760309682
|switch|p2a: Alomomola|Alomomola, M|100/100
|move|p1a: Garganacl|Salt Cure|p2a: Alomomola
|-damage|p2a: Alomomola|93/100
|-start|p2a: Alomomola|Salt Cure
|
|-damage|p2a: Alomomola|68/100|[from] Salt Cure
|upkeep
|turn|13
|
|t:|1760309688
|move|p2a: Alomomola|Flip Turn|p1a: Garganacl
|-supereffective|p1a: Garganacl
|-damage|p1a: Garganacl|79/100
|
|t:|1760309692
|switch|p2a: Gardevoir|Gardevoir, M|100/100|[from] Flip Turn
|-ability|p2a: Gardevoir|Purifying Salt|Trace|[from] ability: Trace|[of] p1a: Garganacl
|move|p1a: Garganacl|Stealth Rock|p2a: Gardevoir
|-sidestart|p2: Havestol|move: Stealth Rock
|
|-heal|p1a: Garganacl|85/100|[from] item: Leftovers
|upkeep
|turn|14
|
|t:|1760309699
|switch|p1a: Araquanid|Araquanid, M|88/100 tox
|move|p2a: Gardevoir|Trick|p1a: Araquanid
|-activate|p2a: Gardevoir|move: Trick|[of] p1a: Araquanid
|-item|p1a: Araquanid|Toxic Orb|[from] move: Trick
|-item|p2a: Gardevoir|Custap Berry|[from] move: Trick
|
|-damage|p1a: Araquanid|82/100 tox|[from] psn
|upkeep
|turn|15
|
|t:|1760309704
|move|p2a: Gardevoir|Psychic Noise|p1a: Araquanid
|-damage|p1a: Araquanid|54/100 tox
|-start|p1a: Araquanid|move: Heal Block
|move|p1a: Araquanid|Sticky Web|p2a: Gardevoir
|-sidestart|p2: Havestol|move: Sticky Web
|
|-damage|p1a: Araquanid|41/100 tox|[from] psn
|upkeep
|turn|16
|
|t:|1760309713
|switch|p2a: Clodsire|Clodsire, M|57/100
|-damage|p2a: Clodsire|50/100|[from] Stealth Rock
|-activate|p2a: Clodsire|move: Sticky Web
|-unboost|p2a: Clodsire|spe|1
|move|p1a: Araquanid|Surf|p2a: Clodsire
|-heal|p2a: Clodsire|75/100|[from] ability: Water Absorb|[of] p1a: Araquanid
|
|-damage|p1a: Araquanid|23/100 tox|[from] psn
|-end|p1a: Araquanid|move: Heal Block
|upkeep
|turn|17
|
|t:|1760309722
|move|p1a: Araquanid|Endeavor|p2a: Clodsire
|-damage|p2a: Clodsire|17/100
|move|p2a: Clodsire|Spikes|p1a: Araquanid
|-sidestart|p1: whoops252!|Spikes
|
|-damage|p1a: Araquanid|0 fnt|[from] psn
|faint|p1a: Araquanid
|upkeep
|
|t:|1760309729
|switch|p1a: Iron Treads|Iron Treads|21/100
|-damage|p1a: Iron Treads|8/100|[from] Spikes
|turn|18
|
|t:|1760309735
|switch|p2a: Dragapult|Dragapult, F|100/100
|-damage|p2a: Dragapult|88/100|[from] Stealth Rock
|-activate|p2a: Dragapult|move: Sticky Web
|-fail|p2a: Dragapult|unboost|[from] ability: Clear Body|[of] p2a: Dragapult
|move|p1a: Iron Treads|Earthquake|p2a: Dragapult
|-damage|p2a: Dragapult|20/100
|
|-heal|p1a: Iron Treads|15/100|[from] item: Leftovers
|upkeep
|turn|19
|
|t:|1760309748
|move|p2a: Dragapult|Dragon Darts|p1a: Iron Treads
|-resisted|p1a: Iron Treads
|-damage|p1a: Iron Treads|0 fnt
|faint|p1a: Iron Treads
|-end|p1a: Iron Treads|Quark Drive|[silent]
|
|upkeep
|
|t:|1760309755
|switch|p1a: Rillaboom|Rillaboom, F|43/100
|-damage|p1a: Rillaboom|31/100|[from] Spikes
|-fieldstart|move: Grassy Terrain|[from] ability: Grassy Surge|[of] p1a: Rillaboom
|turn|20
|
|t:|1760309762
|move|p1a: Rillaboom|Grassy Glide|p2a: Dragapult
|-resisted|p2a: Dragapult
|-damage|p2a: Dragapult|0 fnt
|faint|p2a: Dragapult
|
|-heal|p1a: Rillaboom|37/100|[from] Grassy Terrain
|upkeep
|
|t:|1760309767
|switch|p2a: Mandibuzz|Mandibuzz, F|68/100
|-damage|p2a: Mandibuzz|43/100|[from] Stealth Rock
|turn|21
|
|t:|1760309789
|move|p2a: Mandibuzz|Defog|p1a: Rillaboom
|-unboost|p1a: Rillaboom|evasion|1
|-sideend|p1: whoops252!|Spikes|[from] move: Defog|[of] p2a: Mandibuzz
|-sideend|p2: Havestol|Stealth Rock|[from] move: Defog|[of] p2a: Mandibuzz
|-sideend|p2: Havestol|Sticky Web|[from] move: Defog|[of] p2a: Mandibuzz
|-fieldend|move: Grassy Terrain
|move|p1a: Rillaboom|U-turn|p2a: Mandibuzz
|-damage|p2a: Mandibuzz|29/100
|
|t:|1760309791
|switch|p1a: Dodrio|Dodrio, F|100/100|[from] U-turn
|
|upkeep
|turn|22
|
|t:|1760309818
|move|p1a: Dodrio|Low Kick|p2a: Mandibuzz
|-damage|p2a: Mandibuzz|17/100
|move|p2a: Mandibuzz|Foul Play|p1a: Dodrio
|-damage|p1a: Dodrio|29/100
|
|upkeep
|turn|23
|
|t:|1760309825
|switch|p1a: Rillaboom|Rillaboom, F|37/100
|-fieldstart|move: Grassy Terrain|[from] ability: Grassy Surge|[of] p1a: Rillaboom
|move|p2a: Mandibuzz|Roost|p2a: Mandibuzz
|-heal|p2a: Mandibuzz|67/100
|-singleturn|p2a: Mandibuzz|move: Roost
|
|-heal|p2a: Mandibuzz|73/100|[from] Grassy Terrain
|-heal|p1a: Rillaboom|43/100|[from] Grassy Terrain
|upkeep
|turn|24
|
|t:|1760309830
|move|p1a: Rillaboom|Low Kick|p2a: Mandibuzz
|-damage|p2a: Mandibuzz|59/100
|move|p2a: Mandibuzz|Foul Play|p1a: Rillaboom
|-damage|p1a: Rillaboom|0 fnt
|faint|p1a: Rillaboom
|
|upkeep
|
|t:|1760309833
|switch|p1a: Raging Bolt|Raging Bolt|100/100
|-enditem|p1a: Raging Bolt|Grassy Seed
|-boost|p1a: Raging Bolt|def|1|[from] item: Grassy Seed
|turn|25
|
|t:|1760309840
|switch|p2a: Heatran|Heatran, M|100/100
|move|p1a: Raging Bolt|Thunderbolt|p2a: Heatran
|-damage|p2a: Heatran|66/100
|
|-heal|p2a: Heatran|72/100|[from] Grassy Terrain
|-heal|p2a: Heatran|78/100|[from] item: Leftovers
|upkeep
|turn|26
|
|t:|1760309844
|move|p1a: Raging Bolt|Calm Mind|p1a: Raging Bolt
|-boost|p1a: Raging Bolt|spa|1
|-boost|p1a: Raging Bolt|spd|1
|move|p2a: Heatran|Taunt|p1a: Raging Bolt
|-start|p1a: Raging Bolt|move: Taunt
|
|-heal|p2a: Heatran|84/100|[from] Grassy Terrain
|-heal|p2a: Heatran|90/100|[from] item: Leftovers
|upkeep
|turn|27
|
|t:|1760309847
|move|p1a: Raging Bolt|Thunderbolt|p2a: Heatran
|-damage|p2a: Heatran|41/100
|move|p2a: Heatran|Stealth Rock|p1a: Raging Bolt
|-sidestart|p1: whoops252!|move: Stealth Rock
|
|-heal|p2a: Heatran|48/100|[from] Grassy Terrain
|-heal|p2a: Heatran|54/100|[from] item: Leftovers
|upkeep
|turn|28
|
|t:|1760309852
|move|p1a: Raging Bolt|Thunderbolt|p2a: Heatran
|-damage|p2a: Heatran|6/100
|move|p2a: Heatran|Earth Power|p1a: Raging Bolt
|-supereffective|p1a: Raging Bolt
|-damage|p1a: Raging Bolt|68/100
|
|-heal|p1a: Raging Bolt|74/100|[from] Grassy Terrain
|-heal|p2a: Heatran|13/100|[from] Grassy Terrain
|-heal|p2a: Heatran|19/100|[from] item: Leftovers
|upkeep
|turn|29
|
|t:|1760309855
|move|p1a: Raging Bolt|Thunderbolt|p2a: Heatran
|-damage|p2a: Heatran|0 fnt
|faint|p2a: Heatran
|
|-heal|p1a: Raging Bolt|81/100|[from] Grassy Terrain
|-end|p1a: Raging Bolt|move: Taunt
|upkeep
|
|t:|1760309863
|switch|p2a: Gardevoir|Gardevoir, M|100/100
|turn|30
|
|t:|1760309880
|-terastallize|p2a: Gardevoir|Grass
|-terastallize|p1a: Raging Bolt|Fairy
|move|p2a: Gardevoir|Psychic Noise|p1a: Raging Bolt
|-crit|p1a: Raging Bolt
|-damage|p1a: Raging Bolt|27/100
|-start|p1a: Raging Bolt|move: Heal Block
|move|p1a: Raging Bolt|Calm Mind|p1a: Raging Bolt
|-boost|p1a: Raging Bolt|spa|1
|-boost|p1a: Raging Bolt|spd|1
|
|-fieldend|move: Grassy Terrain
|upkeep
|turn|31
|
|t:|1760309906
|move|p2a: Gardevoir|Moonblast|p1a: Raging Bolt
|-damage|p1a: Raging Bolt|1/100
|-unboost|p1a: Raging Bolt|spa|1
|move|p1a: Raging Bolt|Dragon Pulse|p2a: Gardevoir
|-damage|p2a: Gardevoir|18/100
|
|-end|p1a: Raging Bolt|move: Heal Block
|upkeep
|turn|32
|-enditem|p2a: Gardevoir|Custap Berry|[eat]
|-activate|p2a: Gardevoir|item: Custap Berry|[consumed]
|
|t:|1760309915
|move|p1a: Raging Bolt|Thunderclap|p2a: Gardevoir
|-resisted|p2a: Gardevoir
|-damage|p2a: Gardevoir|0 fnt
|faint|p2a: Gardevoir
|
|upkeep
|
|t:|1760309928
|switch|p2a: Alomomola|Alomomola, M|100/100
|turn|33
|-message|Havestol forfeited.
|
|win|whoops252!
|raw|whoops252!'s rating: 1417 &rarr; <strong>1438</strong><br />(+21 for winning)
|raw|Havestol's rating: 1440 &rarr; <strong>1419</strong><br />(-21 for losing)
|l|☆Havestol
|player|p2|
|l|☆whoops252!
|player|p1|
