|j|☆HippyDippydanger
|j|☆wiener balls 9393
|t:|1760441724
|gametype|singles
|player|p1|HippyDippydanger|janitor|1047
|player|p2|wiener balls 9393|102|1000
|gen|9
|tier|[Gen 9] OU
|rated|
|rule|HP Percentage Mod: HP is shown in percentages
|rule|Endless Battle Clause: Forcing endless battles is banned
|rule|Species Clause: Limit one of each Pokémon
|rule|OHKO Clause: OHKO moves are banned
|rule|Evasion Items Clause: Evasion items are banned
|rule|Evasion Moves Clause: Evasion moves are banned
|rule|Evasion Abilities Clause: Evasion abilities are banned
|rule|Sleep Moves Clause: Sleep-inducing moves are banned
|clearpoke
|poke|p1|Eiscue, M|
|poke|p1|Conkeldurr, M|
|poke|p1|Volbeat, M|
|poke|p1|Mismagius, F|
|poke|p1|Meganium, F|
|poke|p1|Scream Tail|
|poke|p2|Hoopa-Unbound|
|poke|p2|Hydrapple, F|
|poke|p2|Gliscor, F|
|poke|p2|Cinderace, F|
|poke|p2|Alomomola, F|
|poke|p2|Gholdengo|
|teampreview
|
|t:|1760441743
|teamsize|p1|6
|teamsize|p2|6
|start
|switch|p1a: Old Man|Conkeldurr, M|100/100
|switch|p2a: Hoopa|Hoopa-Unbound|100/100
|turn|1
|
|t:|1760441751
|move|p2a: Hoopa|Psychic Noise|p1a: Old Man
|-supereffective|p1a: Old Man
|-damage|p1a: Old Man|26/100
|-start|p1a: Old Man|move: Heal Block
|move|p1a: Old Man|Knock Off|p2a: Hoopa
|-damage|p2a: Hoopa|37/100
|-enditem|p2a: Hoopa|Choice Scarf|[from] move: Knock Off|[of] p1a: Old Man
|
|-status|p1a: Old Man|brn|[from] item: Flame Orb
|upkeep
|turn|2
|
|t:|1760441761
|move|p1a: Old Man|Mach Punch|p2a: Hoopa
|-damage|p2a: Hoopa|0 fnt
|faint|p2a: Hoopa
|
|-damage|p1a: Old Man|20/100 brn|[from] brn
|-end|p1a: Old Man|move: Heal Block
|upkeep
|
|t:|1760441775
|switch|p2a: Gliscor|Gliscor, F|100/100
|turn|3
|
|t:|1760441778
|move|p2a: Gliscor|Protect|p2a: Gliscor
|-singleturn|p2a: Gliscor|Protect
|move|p1a: Old Man|Knock Off|p2a: Gliscor
|-activate|p2a: Gliscor|move: Protect
|
|-damage|p1a: Old Man|14/100 brn|[from] brn
|-status|p2a: Gliscor|tox|[from] item: Toxic Orb
|upkeep
|turn|4
|
|t:|1760441787
|move|p2a: Gliscor|Spikes|p1a: Old Man
|-sidestart|p1: HippyDippydanger|Spikes
|move|p1a: Old Man|Drain Punch|p2a: Gliscor
|-resisted|p2a: Gliscor
|-damage|p2a: Gliscor|76/100 tox
|-heal|p1a: Old Man|25/100 brn|[from] drain|[of] p2a: Gliscor
|
|-heal|p2a: Gliscor|88/100 tox|[from] ability: Poison Heal
|-damage|p1a: Old Man|19/100 brn|[from] brn
|upkeep
|turn|5
|
|t:|1760441796
|move|p2a: Gliscor|Spikes|p1a: Old Man
|-sidestart|p1: HippyDippydanger|Spikes
|move|p1a: Old Man|Knock Off|p2a: Gliscor
|-damage|p2a: Gliscor|43/100 tox
|-enditem|p2a: Gliscor|Toxic Orb|[from] move: Knock Off|[of] p1a: Old Man
|
|-heal|p2a: Gliscor|56/100 tox|[from] ability: Poison Heal
|-damage|p1a: Old Man|12/100 brn|[from] brn
|upkeep
|turn|6
|
|t:|1760441811
|switch|p1a: Hex Maniac|Mismagius, F|100/100
|move|p2a: Gliscor|Protect||[still]
|-fail|p2a: Gliscor
|
|-heal|p2a: Gliscor|68/100 tox|[from] ability: Poison Heal
|upkeep
|turn|7
|
|t:|1760441822
|move|p2a: Gliscor|Protect|p2a: Gliscor
|-singleturn|p2a: Gliscor|Protect
|move|p1a: Hex Maniac|Psychic Noise|p2a: Gliscor
|-activate|p2a: Gliscor|move: Protect
|
|-heal|p2a: Gliscor|81/100 tox|[from] ability: Poison Heal
|upkeep
|turn|8
|
|t:|1760441829
|switch|p2a: Alomomola|Alomomola, F|100/100
|move|p1a: Hex Maniac|Psychic Noise|p2a: Alomomola
|-damage|p2a: Alomomola|84/100
|-start|p2a: Alomomola|move: Heal Block
|
|upkeep
|turn|9
|
|t:|1760441848
|move|p1a: Hex Maniac|Psychic Noise|p2a: Alomomola
|-damage|p2a: Alomomola|68/100
|move|p2a: Alomomola|Flip Turn|p1a: Hex Maniac
|-damage|p1a: Hex Maniac|68/100
|
|t:|1760441855
|switch|p2a: Gliscor|Gliscor, F|81/100 tox|[from] Flip Turn
|
|-heal|p2a: Gliscor|93/100 tox|[from] ability: Poison Heal
|upkeep
|turn|10
|
|t:|1760441860
|switch|p2a: Alomomola|Alomomola, F|100/100
|move|p1a: Hex Maniac|Psychic Noise|p2a: Alomomola
|-damage|p2a: Alomomola|83/100
|-start|p2a: Alomomola|move: Heal Block
|
|upkeep
|turn|11
|
|t:|1760441872
|switch|p1a: Pingu|Eiscue, M|100/100
|-damage|p1a: Pingu|84/100|[from] Spikes
|move|p2a: Alomomola|Flip Turn|p1a: Pingu
|-activate|p1a: Pingu|ability: Ice Face
|-damage|p1a: Pingu|84/100
|detailschange|p1a: Pingu|Eiscue-Noice, M
|
|t:|1760441881
|switch|p2a: Gholdengo|Gholdengo|100/100|[from] Flip Turn
|-item|p2a: Gholdengo|Air Balloon
|
|upkeep
|turn|12
|
|t:|1760441889
|switch|p1a: Old Man|Conkeldurr, M|12/100 brn
|-damage|p1a: Old Man|0 fnt|[from] Spikes
|faint|p1a: Old Man
|move|p2a: Gholdengo|Thunder Wave|p1: Old Man|[notarget]
|-fail|p2a: Gholdengo
|
|upkeep
|
|t:|1760441897
|switch|p1a: Cheeky|Volbeat, M|100/100
|-damage|p1a: Cheeky|84/100|[from] Spikes
|turn|13
|
|t:|1760441912
|move|p1a: Cheeky|Tailwind|p1a: Cheeky
|-sidestart|p1: HippyDippydanger|move: Tailwind
|move|p2a: Gholdengo|Thunder Wave|p1a: Cheeky
|-status|p1a: Cheeky|par
|
|upkeep
|turn|14
|
|t:|1760441918
|move|p1a: Cheeky|Tail Glow|p1a: Cheeky
|-boost|p1a: Cheeky|spa|3
|move|p2a: Gholdengo|Thunder Wave|p1a: Cheeky|[miss]
|-miss|p2a: Gholdengo|p1a: Cheeky
|
|upkeep
|turn|15
|
|t:|1760441925
|switch|p2a: Alomomola|Alomomola, F|100/100
|move|p1a: Cheeky|Tail Glow|p1a: Cheeky
|-boost|p1a: Cheeky|spa|3
|
|upkeep
|turn|16
|
|t:|1760441931
|move|p1a: Cheeky|Taunt|p2a: Alomomola
|-start|p2a: Alomomola|move: Taunt
|move|p2a: Alomomola|Mirror Coat||[still]
|-fail|p2a: Alomomola
|
|-sideend|p1: HippyDippydanger|move: Tailwind
|upkeep
|turn|17
|
|t:|1760441937
|move|p1a: Cheeky|Tailwind|p1a: Cheeky
|-sidestart|p1: HippyDippydanger|move: Tailwind
|move|p2a: Alomomola|Mirror Coat||[still]
|-fail|p2a: Alomomola
|
|upkeep
|turn|18
|
|t:|1760441944
|move|p1a: Cheeky|Bug Buzz|p2a: Alomomola
|-damage|p2a: Alomomola|68/100
|move|p2a: Alomomola|Mirror Coat|p1a: Cheeky
|-damage|p1a: Cheeky|0 fnt
|faint|p1a: Cheeky
|
|-end|p2a: Alomomola|move: Taunt
|upkeep
|
|t:|1760441953
|switch|p1a: Jigglypunch|Scream Tail|100/100
|-damage|p1a: Jigglypunch|84/100|[from] Spikes
|-enditem|p1a: Jigglypunch|Booster Energy
|-activate|p1a: Jigglypunch|ability: Protosynthesis|[fromitem]
|-start|p1a: Jigglypunch|protosynthesisdef
|turn|19
|
|t:|1760441961
|move|p1a: Jigglypunch|Wish|p1a: Jigglypunch
|move|p2a: Alomomola|Body Slam|p1a: Jigglypunch
|-damage|p1a: Jigglypunch|76/100
|
|upkeep
|turn|20
|
|t:|1760441966
|move|p1a: Jigglypunch|Calm Mind|p1a: Jigglypunch
|-boost|p1a: Jigglypunch|spa|1
|-boost|p1a: Jigglypunch|spd|1
|move|p2a: Alomomola|Flip Turn|p1a: Jigglypunch
|-damage|p1a: Jigglypunch|67/100
|
|t:|1760441968
|switch|p2a: Gholdengo|Gholdengo|100/100|[from] Flip Turn
|-item|p2a: Gholdengo|Air Balloon
|
|-heal|p1a: Jigglypunch|100/100|[from] move: Wish|[wisher] Jigglypunch
|-sideend|p1: HippyDippydanger|move: Tailwind
|upkeep
|turn|21
|
|t:|1760441978
|-terastallize|p1a: Jigglypunch|Normal
|move|p1a: Jigglypunch|Calm Mind|p1a: Jigglypunch
|-boost|p1a: Jigglypunch|spa|1
|-boost|p1a: Jigglypunch|spd|1
|move|p2a: Gholdengo|Thunder Wave|p1a: Jigglypunch
|-status|p1a: Jigglypunch|par
|
|upkeep
|turn|22
|
|t:|1760442003
|move|p2a: Gholdengo|Make It Rain|p1a: Jigglypunch
|-damage|p1a: Jigglypunch|83/100 par
|-unboost|p2a: Gholdengo|spa|1
|move|p1a: Jigglypunch|Calm Mind|p1a: Jigglypunch
|-boost|p1a: Jigglypunch|spa|1
|-boost|p1a: Jigglypunch|spd|1
|
|upkeep
|turn|23
|
|t:|1760442012
|switch|p2a: Alomomola|Alomomola, F|100/100
|move|p1a: Jigglypunch|Wish|p1a: Jigglypunch
|
|upkeep
|turn|24
|
|t:|1760442018
|cant|p1a: Jigglypunch|par
|move|p2a: Alomomola|Mirror Coat||[still]
|-fail|p2a: Alomomola
|
|-heal|p1a: Jigglypunch|100/100 par|[from] move: Wish|[wisher] Jigglypunch
|upkeep
|turn|25
|
|t:|1760442025
|cant|p1a: Jigglypunch|par
|move|p2a: Alomomola|Mirror Coat||[still]
|-fail|p2a: Alomomola
|
|upkeep
|turn|26
|
|t:|1760442029
|move|p1a: Jigglypunch|Calm Mind|p1a: Jigglypunch
|-boost|p1a: Jigglypunch|spa|1
|-boost|p1a: Jigglypunch|spd|1
|move|p2a: Alomomola|Mirror Coat||[still]
|-fail|p2a: Alomomola
|
|upkeep
|turn|27
|
|t:|1760442036
|move|p1a: Jigglypunch|Calm Mind|p1a: Jigglypunch
|-boost|p1a: Jigglypunch|spa|1
|-boost|p1a: Jigglypunch|spd|1
|move|p2a: Alomomola|Mirror Coat||[still]
|-fail|p2a: Alomomola
|
|upkeep
|turn|28
|
|t:|1760442042
|move|p1a: Jigglypunch|Calm Mind|p1a: Jigglypunch
|-boost|p1a: Jigglypunch|spa|1
|-boost|p1a: Jigglypunch|spd|1
|move|p2a: Alomomola|Mirror Coat||[still]
|-fail|p2a: Alomomola
|
|upkeep
|turn|29
|inactive|Battle timer is ON: inactive players will automatically lose when time's up. (requested by wiener balls 9393)
|
|t:|1760442049
|cant|p1a: Jigglypunch|par
|move|p2a: Alomomola|Mirror Coat||[still]
|-fail|p2a: Alomomola
|
|upkeep
|turn|30
|
|t:|1760442057
|move|p1a: Jigglypunch|Stored Power|p2a: Alomomola
|-damage|p2a: Alomomola|0 fnt
|faint|p2a: Alomomola
|
|upkeep
|
|t:|1760442065
|switch|p2a: Gliscor|Gliscor, F|93/100 tox
|turn|31
|
|t:|1760442069
|move|p2a: Gliscor|Earthquake|p1a: Jigglypunch
|-damage|p1a: Jigglypunch|81/100 par
|move|p1a: Jigglypunch|Stored Power|p2a: Gliscor
|-damage|p2a: Gliscor|0 fnt
|faint|p2a: Gliscor
|
|upkeep
|
|t:|1760442073
|switch|p2a: Cinderace|Cinderace, F|100/100
|turn|32
|
|t:|1760442077
|move|p2a: Cinderace|Pyro Ball|p1a: Jigglypunch
|-damage|p1a: Jigglypunch|54/100 par
|move|p1a: Jigglypunch|Wish|p1a: Jigglypunch
|
|upkeep
|turn|33
|-message|wiener balls 9393 forfeited.
|
|win|HippyDippydanger
|raw|HippyDippydanger's rating: 1047 &rarr; <strong>1076</strong><br />(+29 for winning)
|raw|wiener balls 9393's rating: 1000 &rarr; <strong>1000</strong><br />(+0 for losing)
|l|☆wiener balls 9393
|player|p2|
