|j|☆Ghost_DZ
|j|☆vegancrosfit
|t:|1760344673
|gametype|singles
|player|p1|Ghost_DZ|volkner|1531
|player|p2|vegancrosfit|cyclist-gen4|1507
|gen|9
|tier|[Gen 9] OU
|rated|
|rule|HP Percentage Mod: HP is shown in percentages
|rule|Endless Battle Clause: Forcing endless battles is banned
|rule|Species Clause: Limit one of each Pokémon
|rule|OHKO Clause: OHKO moves are banned
|rule|Evasion Items Clause: Evasion items are banned
|rule|Evasion Moves Clause: Evasion moves are banned
|rule|Evasion Abilities Clause: Evasion abilities are banned
|rule|Sleep Moves Clause: Sleep-inducing moves are banned
|clearpoke
|poke|p1|Toxapex, F|
|poke|p1|Gliscor, F|
|poke|p1|Blissey, F|
|poke|p1|Dondozo, F|
|poke|p1|Moltres|
|poke|p1|Cresselia, F|
|poke|p2|Iron Treads|
|poke|p2|Toxicroak, F|
|poke|p2|Barraskewda, F|
|poke|p2|Hatterene, F|
|poke|p2|Pelipper, F|
|poke|p2|Raging Bolt|
|teampreview
|inactive|Battle timer is ON: inactive players will automatically lose when time's up. (requested by Ghost_DZ)
|
|t:|1760344686
|teamsize|p1|6
|teamsize|p2|6
|start
|switch|p1a: Toxapex|Toxapex, F|100/100
|switch|p2a: Toxicroak|Toxicroak, F|100/100
|turn|1
|
|t:|1760344691
|move|p2a: Toxicroak|Knock Off|p1a: Toxapex
|-damage|p1a: Toxapex|86/100
|-enditem|p1a: Toxapex|Heavy-Duty Boots|[from] move: Knock Off|[of] p2a: Toxicroak
|move|p1a: Toxapex|Toxic Spikes|p2a: Toxicroak
|-sidestart|p2: vegancrosfit|move: Toxic Spikes
|
|upkeep
|turn|2
|
|t:|1760344699
|switch|p2a: Iron Treads|Iron Treads|100/100
|move|p1a: Toxapex|Poison Jab|p2a: Iron Treads
|-immune|p2a: Iron Treads
|
|upkeep
|turn|3
|
|t:|1760344706
|switch|p1a: Gliscor|Gliscor, F|100/100
|move|p2a: Iron Treads|Volt Switch|p1a: Gliscor
|-immune|p1a: Gliscor
|
|-status|p1a: Gliscor|tox|[from] item: Toxic Orb
|upkeep
|turn|4
|
|t:|1760344712
|-end|p2a: Iron Treads|Quark Drive|[silent]
|switch|p2a: Toxicroak|Toxicroak, F|100/100
|-sideend|p2: vegancrosfit|move: Toxic Spikes|[of] p2a: Toxicroak
|move|p1a: Gliscor|Knock Off|p2a: Toxicroak
|-resisted|p2a: Toxicroak
|-damage|p2a: Toxicroak|90/100
|-damage|p1a: Gliscor|84/100 tox|[from] item: Rocky Helmet|[of] p2a: Toxicroak
|-enditem|p2a: Toxicroak|Rocky Helmet|[from] move: Knock Off|[of] p1a: Gliscor
|
|-heal|p1a: Gliscor|97/100 tox|[from] ability: Poison Heal
|upkeep
|turn|5
|
|t:|1760344720
|switch|p2a: Pelipper|Pelipper, F|100/100
|-weather|RainDance|[from] ability: Drizzle|[of] p2a: Pelipper
|move|p1a: Gliscor|Protect||[still]
|-fail|p1a: Gliscor
|
|-weather|RainDance|[upkeep]
|-heal|p1a: Gliscor|100/100 tox|[from] ability: Poison Heal
|upkeep
|turn|6
|
|t:|1760344727
|move|p1a: Gliscor|Knock Off|p2a: Pelipper
|-damage|p2a: Pelipper|83/100
|-enditem|p2a: Pelipper|Damp Rock|[from] move: Knock Off|[of] p1a: Gliscor
|move|p2a: Pelipper|Hurricane|p1a: Gliscor
|-damage|p1a: Gliscor|54/100 tox
|
|-weather|RainDance|[upkeep]
|-heal|p1a: Gliscor|67/100 tox|[from] ability: Poison Heal
|upkeep
|turn|7
|
|t:|1760344744
|move|p1a: Gliscor|Protect|p1a: Gliscor
|-singleturn|p1a: Gliscor|Protect
|move|p2a: Pelipper|U-turn|p1a: Gliscor
|-activate|p1a: Gliscor|move: Protect
|
|-weather|RainDance|[upkeep]
|-heal|p1a: Gliscor|79/100 tox|[from] ability: Poison Heal
|upkeep
|turn|8
|
|t:|1760344751
|switch|p1a: Toxapex|Toxapex, F|100/100
|move|p2a: Pelipper|Hurricane|p1a: Toxapex
|-damage|p1a: Toxapex|73/100
|-start|p1a: Toxapex|confusion
|
|-weather|RainDance|[upkeep]
|upkeep
|turn|9
|
|t:|1760344763
|switch|p2a: Raging Bolt|Raging Bolt|100/100
|-activate|p1a: Toxapex|confusion
|-damage|p1a: Toxapex|68/100|[from] confusion
|
|-weather|RainDance|[upkeep]
|upkeep
|turn|10
|
|t:|1760344782
|switch|p1a: Blissey|Blissey, F|100/100
|move|p2a: Raging Bolt|Thunder|p1a: Blissey
|-damage|p1a: Blissey|72/100
|-status|p1a: Blissey|par
|
|-weather|RainDance|[upkeep]
|upkeep
|turn|11
|
|t:|1760344792
|-end|p2a: Raging Bolt|Protosynthesis|[silent]
|switch|p2a: Hatterene|Hatterene, F|100/100
|move|p1a: Blissey|Seismic Toss|p2a: Hatterene
|-damage|p2a: Hatterene|69/100
|
|-weather|RainDance|[upkeep]
|-heal|p2a: Hatterene|75/100|[from] item: Leftovers
|upkeep
|turn|12
|
|t:|1760344804
|-curestatus|p1a: Blissey|par|[from] ability: Natural Cure
|switch|p1a: Toxapex|Toxapex, F|100/100
|-terastallize|p2a: Hatterene|Ghost
|move|p2a: Hatterene|Calm Mind|p2a: Hatterene
|-boost|p2a: Hatterene|spa|1
|-boost|p2a: Hatterene|spd|1
|
|-weather|none
|-heal|p2a: Hatterene|81/100|[from] item: Leftovers
|upkeep
|turn|13
|
|t:|1760344815
|move|p1a: Toxapex|Poison Jab|p2a: Hatterene
|-resisted|p2a: Hatterene
|-damage|p2a: Hatterene|70/100
|move|p2a: Hatterene|Nuzzle|p1a: Toxapex
|-supereffective|p1a: Toxapex
|-damage|p1a: Toxapex|95/100
|-status|p1a: Toxapex|par
|
|-heal|p2a: Hatterene|76/100|[from] item: Leftovers
|upkeep
|turn|14
|j| SupaGmoney
|l| SupaGmoney
|
|t:|1760344829
|switch|p1a: Dondozo|Dondozo, F|100/100
|move|p2a: Hatterene|Psyshock|p1a: Dondozo
|-damage|p1a: Dondozo|84/100
|
|-heal|p2a: Hatterene|82/100|[from] item: Leftovers
|upkeep
|turn|15
|
|t:|1760344834
|switch|p2a: Toxicroak|Toxicroak, F|90/100
|move|p1a: Dondozo|Curse|p1a: Dondozo
|-unboost|p1a: Dondozo|spe|1
|-boost|p1a: Dondozo|atk|1
|-boost|p1a: Dondozo|def|1
|
|upkeep
|turn|16
|
|t:|1760344839
|move|p2a: Toxicroak|Encore|p1a: Dondozo
|-start|p1a: Dondozo|Encore
|move|p1a: Dondozo|Curse|p1a: Dondozo
|-unboost|p1a: Dondozo|spe|1
|-boost|p1a: Dondozo|atk|1
|-boost|p1a: Dondozo|def|1
|
|upkeep
|turn|17
|
|t:|1760344844
|switch|p1a: Gliscor|Gliscor, F|79/100 tox
|move|p2a: Toxicroak|Toxic|p1a: Gliscor
|-fail|p1a: Gliscor|tox
|
|-heal|p1a: Gliscor|92/100 tox|[from] ability: Poison Heal
|upkeep
|turn|18
|
|t:|1760344849
|switch|p2a: Pelipper|Pelipper, F|83/100
|-weather|RainDance|[from] ability: Drizzle|[of] p2a: Pelipper
|move|p1a: Gliscor|Spikes|p2a: Pelipper
|-sidestart|p2: vegancrosfit|Spikes
|
|-weather|RainDance|[upkeep]
|-heal|p1a: Gliscor|100/100 tox|[from] ability: Poison Heal
|upkeep
|turn|19
|
|t:|1760344854
|move|p1a: Gliscor|Protect|p1a: Gliscor
|-singleturn|p1a: Gliscor|Protect
|move|p2a: Pelipper|U-turn|p1a: Gliscor
|-activate|p1a: Gliscor|move: Protect
|
|-weather|RainDance|[upkeep]
|upkeep
|turn|20
|
|t:|1760344869
|switch|p1a: Blissey|Blissey, F|72/100
|move|p2a: Pelipper|Hurricane|p1a: Blissey
|-damage|p1a: Blissey|63/100
|-start|p1a: Blissey|confusion
|
|-weather|RainDance|[upkeep]
|upkeep
|turn|21
|
|t:|1760344877
|switch|p1a: Toxapex|Toxapex, F|100/100 par
|move|p2a: Pelipper|U-turn|p1a: Toxapex
|-resisted|p1a: Toxapex
|-damage|p1a: Toxapex|98/100 par
|
|t:|1760344883
|switch|p2a: Raging Bolt|Raging Bolt|100/100|[from] U-turn
|-damage|p2a: Raging Bolt|88/100|[from] Spikes
|
|-weather|RainDance|[upkeep]
|upkeep
|turn|22
|
|t:|1760344892
|move|p1a: Toxapex|Baneful Bunker|p1a: Toxapex
|-singleturn|p1a: Toxapex|move: Protect
|move|p2a: Raging Bolt|Weather Ball|p1a: Toxapex
|-activate|p1a: Toxapex|move: Protect
|
|-weather|none
|upkeep
|turn|23
|
|t:|1760344900
|-end|p2a: Raging Bolt|Protosynthesis|[silent]
|switch|p2a: Hatterene|Hatterene, F, tera:Ghost|82/100
|-damage|p2a: Hatterene|69/100|[from] Spikes
|switch|p1a: Blissey|Blissey, F|63/100
|
|-heal|p2a: Hatterene|75/100|[from] item: Leftovers
|upkeep
|turn|24
|
|t:|1760344908
|move|p1a: Blissey|Soft-Boiled|p1a: Blissey
|-heal|p1a: Blissey|100/100
|move|p2a: Hatterene|Draining Kiss|p1a: Blissey
|-crit|p1a: Blissey
|-damage|p1a: Blissey|91/100
|-heal|p2a: Hatterene|92/100|[from] drain|[of] p1a: Blissey
|
|-heal|p2a: Hatterene|98/100|[from] item: Leftovers
|upkeep
|turn|25
|
|t:|1760344914
|switch|p1a: Gliscor|Gliscor, F|100/100 tox
|move|p2a: Hatterene|Nuzzle|p1a: Gliscor
|-immune|p1a: Gliscor
|
|-heal|p2a: Hatterene|100/100|[from] item: Leftovers
|upkeep
|turn|26
|
|t:|1760344918
|move|p1a: Gliscor|Knock Off|p2a: Hatterene
|-supereffective|p2a: Hatterene
|-damage|p2a: Hatterene|55/100
|-enditem|p2a: Hatterene|Leftovers|[from] move: Knock Off|[of] p1a: Gliscor
|move|p2a: Hatterene|Calm Mind|p2a: Hatterene
|-boost|p2a: Hatterene|spa|1
|-boost|p2a: Hatterene|spd|1
|
|upkeep
|turn|27
|
|t:|1760344923
|move|p1a: Gliscor|Earthquake|p2a: Hatterene
|-damage|p2a: Hatterene|18/100
|move|p2a: Hatterene|Calm Mind|p2a: Hatterene
|-boost|p2a: Hatterene|spa|1
|-boost|p2a: Hatterene|spd|1
|
|upkeep
|turn|28
|
|t:|1760344926
|move|p1a: Gliscor|Earthquake|p2a: Hatterene
|-damage|p2a: Hatterene|0 fnt
|faint|p2a: Hatterene
|
|upkeep
|
|t:|1760344929
|switch|p2a: Barraskewda|Barraskewda, F|100/100
|-damage|p2a: Barraskewda|88/100|[from] Spikes
|turn|29
|
|t:|1760344936
|switch|p1a: Toxapex|Toxapex, F|100/100 par
|move|p2a: Barraskewda|Flip Turn|p1a: Toxapex
|-resisted|p1a: Toxapex
|-damage|p1a: Toxapex|84/100 par
|
|t:|1760344941
|switch|p2a: Raging Bolt|Raging Bolt|88/100|[from] Flip Turn
|-damage|p2a: Raging Bolt|76/100|[from] Spikes
|
|upkeep
|turn|30
|
|t:|1760344946
|switch|p1a: Blissey|Blissey, F|91/100
|move|p2a: Raging Bolt|Volt Switch|p1a: Blissey
|-damage|p1a: Blissey|72/100
|
|t:|1760344951
|-end|p2a: Raging Bolt|Protosynthesis|[silent]
|switch|p2a: Iron Treads|Iron Treads|100/100|[from] Volt Switch
|-damage|p2a: Iron Treads|88/100|[from] Spikes
|
|upkeep
|turn|31
|
|t:|1760344956
|switch|p1a: Moltres|Moltres|100/100
|move|p2a: Iron Treads|Rapid Spin|p1a: Moltres
|-damage|p1a: Moltres|92/100
|-boost|p2a: Iron Treads|spe|1
|-status|p2a: Iron Treads|brn|[from] ability: Flame Body|[of] p1a: Moltres
|-sideend|p2: vegancrosfit|Spikes|[from] move: Rapid Spin|[of] p2a: Iron Treads
|
|-damage|p2a: Iron Treads|82/100 brn|[from] brn
|upkeep
|turn|32
|
|t:|1760344963
|-end|p2a: Iron Treads|Quark Drive|[silent]
|switch|p2a: Raging Bolt|Raging Bolt|76/100
|move|p1a: Moltres|Will-O-Wisp|p2a: Raging Bolt
|-status|p2a: Raging Bolt|brn
|
|-damage|p2a: Raging Bolt|70/100 brn|[from] brn
|upkeep
|turn|33
|
|t:|1760344967
|switch|p1a: Blissey|Blissey, F|72/100
|move|p2a: Raging Bolt|Draco Meteor|p1a: Blissey
|-damage|p1a: Blissey|41/100
|-unboost|p2a: Raging Bolt|spa|2
|
|-damage|p2a: Raging Bolt|64/100 brn|[from] brn
|upkeep
|turn|34
|
|t:|1760344973
|-end|p2a: Raging Bolt|Protosynthesis|[silent]
|switch|p2a: Barraskewda|Barraskewda, F|88/100
|move|p1a: Blissey|Soft-Boiled|p1a: Blissey
|-heal|p1a: Blissey|91/100
|
|upkeep
|turn|35
|
|t:|1760344976
|switch|p1a: Toxapex|Toxapex, F|100/100 par
|move|p2a: Barraskewda|Flip Turn|p1a: Toxapex
|-resisted|p1a: Toxapex
|-damage|p1a: Toxapex|85/100 par
|
|t:|1760344981
|switch|p2a: Raging Bolt|Raging Bolt|64/100 brn|[from] Flip Turn
|
|-damage|p2a: Raging Bolt|58/100 brn|[from] brn
|upkeep
|turn|36
|
|t:|1760344989
|switch|p1a: Blissey|Blissey, F|91/100
|move|p2a: Raging Bolt|Volt Switch|p1a: Blissey
|-crit|p1a: Blissey
|-damage|p1a: Blissey|64/100
|
|t:|1760344995
|-end|p2a: Raging Bolt|Protosynthesis|[silent]
|switch|p2a: Barraskewda|Barraskewda, F|88/100|[from] Volt Switch
|
|upkeep
|turn|37
|
|t:|1760345003
|switch|p1a: Toxapex|Toxapex, F|100/100 par
|move|p2a: Barraskewda|Flip Turn|p1a: Toxapex
|-resisted|p1a: Toxapex
|-damage|p1a: Toxapex|86/100 par
|
|t:|1760345007
|switch|p2a: Raging Bolt|Raging Bolt|58/100 brn|[from] Flip Turn
|
|-damage|p2a: Raging Bolt|51/100 brn|[from] brn
|upkeep
|turn|38
|
|t:|1760345012
|switch|p1a: Gliscor|Gliscor, F|100/100 tox
|move|p2a: Raging Bolt|Volt Switch|p1a: Gliscor
|-immune|p1a: Gliscor
|
|-damage|p2a: Raging Bolt|45/100 brn|[from] brn
|upkeep
|turn|39
|
|t:|1760345017
|-end|p2a: Raging Bolt|Protosynthesis|[silent]
|switch|p2a: Pelipper|Pelipper, F|83/100
|-weather|RainDance|[from] ability: Drizzle|[of] p2a: Pelipper
|move|p1a: Gliscor|Protect||[still]
|-fail|p1a: Gliscor
|
|-weather|RainDance|[upkeep]
|upkeep
|turn|40
|
|t:|1760345020
|move|p1a: Gliscor|Spikes|p2a: Pelipper
|-sidestart|p2: vegancrosfit|Spikes
|move|p2a: Pelipper|Hurricane|p1a: Gliscor
|-damage|p1a: Gliscor|53/100 tox
|
|-weather|RainDance|[upkeep]
|-heal|p1a: Gliscor|66/100 tox|[from] ability: Poison Heal
|upkeep
|turn|41
|
|t:|1760345025
|move|p1a: Gliscor|Spikes|p2a: Pelipper
|-sidestart|p2: vegancrosfit|Spikes
|move|p2a: Pelipper|U-turn|p1a: Gliscor
|-resisted|p1a: Gliscor
|-damage|p1a: Gliscor|63/100 tox
|
|t:|1760345030
|switch|p2a: Barraskewda|Barraskewda, F|88/100|[from] U-turn
|-damage|p2a: Barraskewda|72/100|[from] Spikes
|
|-weather|RainDance|[upkeep]
|-heal|p1a: Gliscor|75/100 tox|[from] ability: Poison Heal
|upkeep
|turn|42
|
|t:|1760345035
|move|p1a: Gliscor|Protect|p1a: Gliscor
|-singleturn|p1a: Gliscor|Protect
|move|p2a: Barraskewda|Flip Turn|p1a: Gliscor
|-activate|p1a: Gliscor|move: Protect
|
|-weather|RainDance|[upkeep]
|-heal|p1a: Gliscor|88/100 tox|[from] ability: Poison Heal
|upkeep
|turn|43
|
|t:|1760345047
|switch|p1a: Toxapex|Toxapex, F|100/100 par
|move|p2a: Barraskewda|Flip Turn|p1a: Toxapex
|-resisted|p1a: Toxapex
|-damage|p1a: Toxapex|77/100 par
|
|t:|1760345050
|switch|p2a: Iron Treads|Iron Treads|82/100 brn|[from] Flip Turn
|-damage|p2a: Iron Treads|66/100 brn|[from] Spikes
|
|-weather|none
|-damage|p2a: Iron Treads|60/100 brn|[from] brn
|upkeep
|turn|44
|
|t:|1760345061
|switch|p1a: Gliscor|Gliscor, F|88/100 tox
|move|p2a: Iron Treads|Rapid Spin|p1a: Gliscor
|-damage|p1a: Gliscor|84/100 tox
|-boost|p2a: Iron Treads|spe|1
|-sideend|p2: vegancrosfit|Spikes|[from] move: Rapid Spin|[of] p2a: Iron Treads
|
|-heal|p1a: Gliscor|97/100 tox|[from] ability: Poison Heal
|-damage|p2a: Iron Treads|54/100 brn|[from] brn
|upkeep
|turn|45
|
|t:|1760345066
|-end|p2a: Iron Treads|Quark Drive|[silent]
|switch|p2a: Pelipper|Pelipper, F|83/100
|-weather|RainDance|[from] ability: Drizzle|[of] p2a: Pelipper
|move|p1a: Gliscor|Spikes|p2a: Pelipper
|-sidestart|p2: vegancrosfit|Spikes
|
|-weather|RainDance|[upkeep]
|-heal|p1a: Gliscor|100/100 tox|[from] ability: Poison Heal
|upkeep
|turn|46
|
|t:|1760345070
|move|p1a: Gliscor|Spikes|p2a: Pelipper
|-sidestart|p2: vegancrosfit|Spikes
|move|p2a: Pelipper|Roost|p2a: Pelipper
|-heal|p2a: Pelipper|100/100
|-singleturn|p2a: Pelipper|move: Roost
|
|-weather|RainDance|[upkeep]
|upkeep
|turn|47
|
|t:|1760345073
|move|p1a: Gliscor|Spikes|p2a: Pelipper
|-sidestart|p2: vegancrosfit|Spikes
|move|p2a: Pelipper|U-turn|p1a: Gliscor
|-resisted|p1a: Gliscor
|-damage|p1a: Gliscor|97/100 tox
|
|t:|1760345080
|switch|p2a: Barraskewda|Barraskewda, F|72/100|[from] U-turn
|-damage|p2a: Barraskewda|47/100|[from] Spikes
|
|-weather|RainDance|[upkeep]
|-heal|p1a: Gliscor|100/100 tox|[from] ability: Poison Heal
|upkeep
|turn|48
|
|t:|1760345089
|move|p1a: Gliscor|Protect|p1a: Gliscor
|-singleturn|p1a: Gliscor|Protect
|move|p2a: Barraskewda|Liquidation|p1a: Gliscor
|-activate|p1a: Gliscor|move: Protect
|
|-weather|RainDance|[upkeep]
|upkeep
|turn|49
|
|t:|1760345094
|switch|p1a: Dondozo|Dondozo, F|84/100
|move|p2a: Barraskewda|Liquidation|p1a: Dondozo
|-resisted|p1a: Dondozo
|-damage|p1a: Dondozo|62/100
|
|-weather|none
|upkeep
|turn|50
|
|t:|1760345103
|switch|p2a: Iron Treads|Iron Treads|54/100 brn
|-damage|p2a: Iron Treads|29/100 brn|[from] Spikes
|move|p1a: Dondozo|Waterfall|p2a: Iron Treads
|-supereffective|p2a: Iron Treads
|-damage|p2a: Iron Treads|0 fnt
|faint|p2a: Iron Treads
|-end|p2a: Iron Treads|Quark Drive|[silent]
|
|upkeep
|
|t:|1760345106
|switch|p2a: Toxicroak|Toxicroak, F|90/100
|-damage|p2a: Toxicroak|66/100|[from] Spikes
|turn|51
|
|t:|1760345117
|switch|p1a: Toxapex|Toxapex, F|100/100 par
|move|p2a: Toxicroak|Knock Off|p1a: Toxapex
|-damage|p1a: Toxapex|91/100 par
|
|upkeep
|turn|52
|
|t:|1760345124
|move|p2a: Toxicroak|Drain Punch|p1a: Toxapex
|-resisted|p1a: Toxapex
|-damage|p1a: Toxapex|84/100 par
|-heal|p2a: Toxicroak|69/100|[from] drain|[of] p1a: Toxapex
|move|p1a: Toxapex|Toxic Spikes|p2a: Toxicroak
|-sidestart|p2: vegancrosfit|move: Toxic Spikes
|
|upkeep
|turn|53
|
|t:|1760345136
|switch|p2a: Pelipper|Pelipper, F|100/100
|-weather|RainDance|[from] ability: Drizzle|[of] p2a: Pelipper
|switch|p1a: Dondozo|Dondozo, F|62/100
|
|-weather|RainDance|[upkeep]
|upkeep
|turn|54
|
|t:|1760345139
|switch|p2a: Toxicroak|Toxicroak, F|69/100
|-damage|p2a: Toxicroak|44/100|[from] Spikes
|-sideend|p2: vegancrosfit|move: Toxic Spikes|[of] p2a: Toxicroak
|move|p1a: Dondozo|Curse|p1a: Dondozo
|-unboost|p1a: Dondozo|spe|1
|-boost|p1a: Dondozo|atk|1
|-boost|p1a: Dondozo|def|1
|
|-weather|RainDance|[upkeep]
|-heal|p2a: Toxicroak|56/100|[from] ability: Dry Skin
|upkeep
|turn|55
|
|t:|1760345148
|switch|p1a: Moltres|Moltres|92/100
|move|p2a: Toxicroak|Encore||[still]
|-fail|p2a: Toxicroak
|
|-weather|RainDance|[upkeep]
|-heal|p2a: Toxicroak|69/100|[from] ability: Dry Skin
|upkeep
|turn|56
|
|t:|1760345156
|move|p2a: Toxicroak|Toxic|p1a: Moltres
|-status|p1a: Moltres|tox
|move|p1a: Moltres|U-turn|p2a: Toxicroak
|-resisted|p2a: Toxicroak
|-damage|p2a: Toxicroak|66/100
|
|t:|1760345168
|switch|p1a: Cresselia|Cresselia, F|100/100|[from] U-turn
|
|-weather|RainDance|[upkeep]
|-heal|p2a: Toxicroak|78/100|[from] ability: Dry Skin
|upkeep
|turn|57
|
|t:|1760345176
|switch|p1a: Toxapex|Toxapex, F|100/100 par
|move|p2a: Toxicroak|Toxic||[still]
|-fail|p2a: Toxicroak
|
|-weather|none
|upkeep
|turn|58
|
|t:|1760345181
|switch|p2a: Pelipper|Pelipper, F|100/100
|-weather|RainDance|[from] ability: Drizzle|[of] p2a: Pelipper
|cant|p1a: Toxapex|par
|
|-weather|RainDance|[upkeep]
|upkeep
|turn|59
|
|t:|1760345189
|switch|p2a: Toxicroak|Toxicroak, F|78/100
|-damage|p2a: Toxicroak|53/100|[from] Spikes
|cant|p1a: Toxapex|par
|
|-weather|RainDance|[upkeep]
|-heal|p2a: Toxicroak|66/100|[from] ability: Dry Skin
|upkeep
|turn|60
|
|t:|1760345199
|move|p2a: Toxicroak|Drain Punch|p1a: Toxapex
|-resisted|p1a: Toxapex
|-damage|p1a: Toxapex|93/100 par
|-heal|p2a: Toxicroak|69/100|[from] drain|[of] p1a: Toxapex
|move|p1a: Toxapex|Toxic Spikes|p2a: Toxicroak
|-sidestart|p2: vegancrosfit|move: Toxic Spikes
|
|-weather|RainDance|[upkeep]
|-heal|p2a: Toxicroak|82/100|[from] ability: Dry Skin
|upkeep
|turn|61
|
|t:|1760345206
|move|p2a: Toxicroak|Encore|p1a: Toxapex
|-start|p1a: Toxapex|Encore
|move|p1a: Toxapex|Toxic Spikes|p2a: Toxicroak
|-sidestart|p2: vegancrosfit|move: Toxic Spikes
|
|-weather|RainDance|[upkeep]
|-heal|p2a: Toxicroak|94/100|[from] ability: Dry Skin
|upkeep
|turn|62
|
|t:|1760345212
|switch|p2a: Pelipper|Pelipper, F|100/100
|switch|p1a: Gliscor|Gliscor, F|100/100 tox
|
|-weather|none
|upkeep
|turn|63
|
|t:|1760345217
|move|p1a: Gliscor|Earthquake|p2a: Pelipper
|-immune|p2a: Pelipper
|move|p2a: Pelipper|Hurricane|p1a: Gliscor
|-damage|p1a: Gliscor|60/100 tox
|
|-heal|p1a: Gliscor|73/100 tox|[from] ability: Poison Heal
|upkeep
|turn|64
|
|t:|1760345223
|move|p1a: Gliscor|Earthquake|p2a: Pelipper
|-immune|p2a: Pelipper
|move|p2a: Pelipper|U-turn|p1a: Gliscor
|-resisted|p1a: Gliscor
|-damage|p1a: Gliscor|70/100 tox
|
|t:|1760345228
|switch|p2a: Toxicroak|Toxicroak, F|94/100|[from] U-turn
|-damage|p2a: Toxicroak|69/100|[from] Spikes
|-sideend|p2: vegancrosfit|move: Toxic Spikes|[of] p2a: Toxicroak
|
|-heal|p1a: Gliscor|82/100 tox|[from] ability: Poison Heal
|upkeep
|turn|65
|
|t:|1760345236
|switch|p1a: Blissey|Blissey, F|64/100
|switch|p2a: Pelipper|Pelipper, F|100/100
|-weather|RainDance|[from] ability: Drizzle|[of] p2a: Pelipper
|
|-weather|RainDance|[upkeep]
|upkeep
|turn|66
|
|t:|1760345244
|move|p1a: Blissey|Stealth Rock|p2a: Pelipper
|-sidestart|p2: vegancrosfit|move: Stealth Rock
|move|p2a: Pelipper|U-turn|p1a: Blissey
|-damage|p1a: Blissey|44/100
|
|t:|1760345248
|switch|p2a: Barraskewda|Barraskewda, F|47/100|[from] U-turn
|-damage|p2a: Barraskewda|23/100|[from] Spikes
|-damage|p2a: Barraskewda|10/100|[from] Stealth Rock
|
|-weather|RainDance|[upkeep]
|upkeep
|turn|67
|
|t:|1760345256
|switch|p1a: Toxapex|Toxapex, F|100/100 par
|move|p2a: Barraskewda|Liquidation|p1a: Toxapex
|-resisted|p1a: Toxapex
|-damage|p1a: Toxapex|67/100 par
|
|-weather|RainDance|[upkeep]
|upkeep
|turn|68
|
|t:|1760345261
|cant|p1a: Toxapex|par
|move|p2a: Barraskewda|Liquidation|p1a: Toxapex
|-resisted|p1a: Toxapex
|-damage|p1a: Toxapex|33/100 par
|
|-weather|RainDance|[upkeep]
|upkeep
|turn|69
|
|t:|1760345266
|move|p1a: Toxapex|Baneful Bunker|p1a: Toxapex
|-singleturn|p1a: Toxapex|move: Protect
|move|p2a: Barraskewda|Liquidation|p1a: Toxapex
|-activate|p1a: Toxapex|move: Protect
|-status|p2a: Barraskewda|psn
|
|-weather|none
|-damage|p2a: Barraskewda|0 fnt|[from] psn
|faint|p2a: Barraskewda
|upkeep
|-message|vegancrosfit forfeited.
|
|win|Ghost_DZ
|raw|Ghost_DZ's rating: 1531 &rarr; <strong>1550</strong><br />(+19 for winning)
|raw|vegancrosfit's rating: 1507 &rarr; <strong>1488</strong><br />(-19 for losing)
|l|☆vegancrosfit
|player|p2|
|l|☆Ghost_DZ
|player|p1|
