|j|☆Elphix
|j|☆Luketheidiot
|t:|1760333310
|gametype|singles
|player|p1|Elphix|madame-gen4|1114
|player|p2|Luketheidiot|iris-gen5bw2|1130
|gen|9
|tier|[Gen 9] OU
|rated|
|rule|HP Percentage Mod: HP is shown in percentages
|rule|Endless Battle Clause: Forcing endless battles is banned
|rule|Species Clause: Limit one of each Pokémon
|rule|OHKO Clause: OHKO moves are banned
|rule|Evasion Items Clause: Evasion items are banned
|rule|Evasion Moves Clause: Evasion moves are banned
|rule|Evasion Abilities Clause: Evasion abilities are banned
|rule|Sleep Moves Clause: Sleep-inducing moves are banned
|clearpoke
|poke|p1|Latias, F|
|poke|p1|Ursaluna, F|
|poke|p1|Skarmory, F|
|poke|p1|Zapdos-Galar|
|poke|p1|Vikavolt, F|
|poke|p1|Primarina, F|
|poke|p2|Infernape, M|
|poke|p2|Staraptor, F|
|poke|p2|Mamoswine, F|
|poke|p2|Yanmega, M|
|poke|p2|Gardevoir, F|
|poke|p2|Gliscor, M|
|teampreview
|
|t:|1760333324
|teamsize|p1|6
|teamsize|p2|6
|start
|switch|p1a: Skarmory|Skarmory, F, shiny|100/100
|switch|p2a: Yanmega|Yanmega, M|100/100
|turn|1
|inactive|Battle timer is ON: inactive players will automatically lose when time's up. (requested by Luketheidiot)
|
|t:|1760333342
|move|p2a: Yanmega|Protect|p2a: Yanmega
|-singleturn|p2a: Yanmega|Protect
|move|p1a: Skarmory|Stealth Rock|p2a: Yanmega
|-sidestart|p2: Luketheidiot|move: Stealth Rock
|
|-ability|p2a: Yanmega|Speed Boost|boost
|-boost|p2a: Yanmega|spe|1
|upkeep
|turn|2
|
|t:|1760333359
|move|p2a: Yanmega|Ancient Power|p1a: Skarmory
|-damage|p1a: Skarmory|70/100
|move|p1a: Skarmory|Iron Defense|p1a: Skarmory
|-boost|p1a: Skarmory|def|2
|
|-ability|p2a: Yanmega|Speed Boost|boost
|-boost|p2a: Yanmega|spe|1
|upkeep
|turn|3
|
|t:|1760333376
|move|p2a: Yanmega|Ancient Power|p1a: Skarmory
|-damage|p1a: Skarmory|39/100
|move|p1a: Skarmory|Iron Defense|p1a: Skarmory
|-boost|p1a: Skarmory|def|2
|
|-ability|p2a: Yanmega|Speed Boost|boost
|-boost|p2a: Yanmega|spe|1
|upkeep
|turn|4
|
|t:|1760333384
|move|p2a: Yanmega|Ancient Power|p1a: Skarmory
|-crit|p1a: Skarmory
|-damage|p1a: Skarmory|0 fnt
|faint|p1a: Skarmory
|
|-ability|p2a: Yanmega|Speed Boost|boost
|-boost|p2a: Yanmega|spe|1
|upkeep
|
|t:|1760333400
|switch|p1a: Vikavolt|Vikavolt, F, shiny|100/100
|turn|5
|
|t:|1760333404
|move|p2a: Yanmega|Air Slash|p1a: Vikavolt
|-damage|p1a: Vikavolt|73/100
|move|p1a: Vikavolt|Thunderbolt|p2a: Yanmega
|-supereffective|p2a: Yanmega
|-enditem|p2a: Yanmega|Focus Sash
|-damage|p2a: Yanmega|1/100
|
|-ability|p2a: Yanmega|Speed Boost|boost
|-boost|p2a: Yanmega|spe|1
|upkeep
|turn|6
|
|t:|1760333426
|move|p2a: Yanmega|Air Slash|p1a: Vikavolt
|-damage|p1a: Vikavolt|41/100
|cant|p1a: Vikavolt|flinch
|
|-ability|p2a: Yanmega|Speed Boost|boost
|-boost|p2a: Yanmega|spe|1
|upkeep
|turn|7
|
|t:|1760333434
|move|p2a: Yanmega|Ancient Power|p1a: Vikavolt
|-supereffective|p1a: Vikavolt
|-damage|p1a: Vikavolt|11/100
|-boost|p2a: Yanmega|atk|1
|-boost|p2a: Yanmega|def|1
|-boost|p2a: Yanmega|spa|1
|-boost|p2a: Yanmega|spd|1
|move|p1a: Vikavolt|Flash Cannon|p2a: Yanmega
|-damage|p2a: Yanmega|0 fnt
|faint|p2a: Yanmega
|
|upkeep
|
|t:|1760333446
|switch|p2a: Gliscor|Gliscor, M|100/100
|-damage|p2a: Gliscor|88/100|[from] Stealth Rock
|turn|8
|inactive|Elphix has 120 seconds left.
|
|t:|1760333483
|move|p2a: Gliscor|Protect|p2a: Gliscor
|-singleturn|p2a: Gliscor|Protect
|move|p1a: Vikavolt|Flash Cannon|p2a: Gliscor
|-activate|p2a: Gliscor|move: Protect
|
|-status|p2a: Gliscor|tox|[from] item: Toxic Orb
|upkeep
|turn|9
|inactive|Luketheidiot has 120 seconds left.
|
|t:|1760333514
|switch|p1a: Latias|Latias, F|100/100
|move|p2a: Gliscor|Facade|p1a: Latias
|-damage|p1a: Latias|52/100
|
|-heal|p2a: Gliscor|100/100 tox|[from] ability: Poison Heal
|upkeep
|turn|10
|
|t:|1760333538
|move|p1a: Latias|Draining Kiss|p2a: Gliscor
|-damage|p2a: Gliscor|75/100 tox
|-heal|p1a: Latias|71/100|[from] drain|[of] p2a: Gliscor
|move|p2a: Gliscor|Swords Dance|p2a: Gliscor
|-boost|p2a: Gliscor|atk|2
|
|-heal|p2a: Gliscor|87/100 tox|[from] ability: Poison Heal
|upkeep
|turn|11
|inactive|Luketheidiot has 120 seconds left.
|
|t:|1760333563
|move|p1a: Latias|Mist Ball|p2a: Gliscor
|-damage|p2a: Gliscor|0 fnt
|faint|p2a: Gliscor
|
|upkeep
|
|t:|1760333574
|switch|p2a: Mamoswine|Mamoswine, F|100/100
|-damage|p2a: Mamoswine|88/100|[from] Stealth Rock
|turn|12
|
|t:|1760333593
|-terastallize|p1a: Latias|Fairy
|move|p1a: Latias|Draining Kiss|p2a: Mamoswine
|-damage|p2a: Mamoswine|54/100
|-heal|p1a: Latias|100/100|[from] drain|[of] p2a: Mamoswine
|move|p2a: Mamoswine|Icicle Crash|p1a: Latias
|-damage|p1a: Latias|14/100
|
|upkeep
|turn|13
|inactive|Luketheidiot has 120 seconds left.
|inactive|Elphix has 90 seconds left.
|
|t:|1760333612
|move|p1a: Latias|Mist Ball|p2a: Mamoswine
|-damage|p2a: Mamoswine|0 fnt
|faint|p2a: Mamoswine
|
|upkeep
|
|t:|1760333625
|switch|p2a: Staraptor|Staraptor, F|100/100
|-damage|p2a: Staraptor|75/100|[from] Stealth Rock
|turn|14
|inactive|Elphix has 90 seconds left.
|
|t:|1760333668
|move|p2a: Staraptor|Quick Attack|p1a: Latias
|-damage|p1a: Latias|0 fnt
|faint|p1a: Latias
|
|upkeep
|inactive|Elphix has 60 seconds left.
|
|t:|1760333681
|switch|p1a: Primarina|Primarina, F|100/100
|turn|15
|inactive|Elphix has 60 seconds left.
|
|t:|1760333699
|switch|p2a: Gardevoir|Gardevoir, F|100/100
|-damage|p2a: Gardevoir|88/100|[from] Stealth Rock
|move|p1a: Primarina|Moonblast|p2a: Gardevoir
|-damage|p2a: Gardevoir|29/100
|-unboost|p2a: Gardevoir|spa|1
|
|upkeep
|turn|16
|inactive|Elphix has 60 seconds left.
|
|t:|1760333713
|move|p2a: Gardevoir|Healing Wish|p2a: Gardevoir
|faint|p2a: Gardevoir
|move|p1a: Primarina|Calm Mind|p1a: Primarina
|-boost|p1a: Primarina|spa|1
|-boost|p1a: Primarina|spd|1
|
|upkeep
|
|t:|1760333719
|switch|p2a: Infernape|Infernape, M|100/100
|-damage|p2a: Infernape|88/100|[from] Stealth Rock
|turn|17
|
|t:|1760333726
|move|p2a: Infernape|Thunder Punch|p1a: Primarina
|-supereffective|p1a: Primarina
|-damage|p1a: Primarina|0 fnt
|faint|p1a: Primarina
|-damage|p2a: Infernape|78/100|[from] item: Life Orb
|
|upkeep
|inactive|Elphix has 60 seconds left.
|
|t:|1760333737
|switch|p1a: Zapdos|Zapdos-Galar|100/100
|turn|18
|inactive|Elphix has 60 seconds left.
|
|t:|1760333748
|move|p2a: Infernape|Thunder Punch|p1a: Zapdos
|-supereffective|p1a: Zapdos
|-damage|p1a: Zapdos|15/100
|-damage|p2a: Infernape|69/100|[from] item: Life Orb
|move|p1a: Zapdos|Brave Bird|p2a: Infernape
|-supereffective|p2a: Infernape
|-damage|p2a: Infernape|0 fnt
|faint|p2a: Infernape
|-damage|p1a: Zapdos|0 fnt|[from] Recoil
|faint|p1a: Zapdos
|
|upkeep
|inactive|Elphix has 60 seconds left.
|
|t:|1760333767
|switch|p2a: Staraptor|Staraptor, F|75/100
|switch|p1a: Ursaluna|Ursaluna, F, shiny|100/100
|-heal|p2a: Staraptor|100/100|[from] move: Healing Wish
|-damage|p2a: Staraptor|75/100|[from] Stealth Rock
|turn|19
|
|t:|1760333788
|-terastallize|p2a: Staraptor|Flying
|move|p2a: Staraptor|Brave Bird|p1a: Ursaluna
|-damage|p1a: Ursaluna|0 fnt
|faint|p1a: Ursaluna
|-damage|p2a: Staraptor|26/100|[from] Recoil
|
|upkeep
|
|t:|1760333796
|switch|p1a: Vikavolt|Vikavolt, F, shiny|11/100
|turn|20
|
|t:|1760333804
|move|p2a: Staraptor|Brave Bird|p1a: Vikavolt
|-damage|p1a: Vikavolt|0 fnt
|faint|p1a: Vikavolt
|-damage|p2a: Staraptor|23/100|[from] Recoil
|
|win|Luketheidiot
|raw|Elphix's rating: 1114 &rarr; <strong>1090</strong><br />(-24 for losing)
|raw|Luketheidiot's rating: 1130 &rarr; <strong>1154</strong><br />(+24 for winning)
|l|☆Elphix
|player|p1|
|l|☆Luketheidiot
|player|p2|
