|j|☆Raclette73
|j|☆exposed king
|t:|1760433821
|gametype|singles
|player|p1|Raclette73|rocketgruntf|1266
|player|p2|exposed king|102|1236
|gen|9
|tier|[Gen 9] OU
|rated|
|rule|HP Percentage Mod: HP is shown in percentages
|rule|Endless Battle Clause: Forcing endless battles is banned
|rule|Species Clause: Limit one of each Pokémon
|rule|OHKO Clause: OHKO moves are banned
|rule|Evasion Items Clause: Evasion items are banned
|rule|Evasion Moves Clause: Evasion moves are banned
|rule|Evasion Abilities Clause: Evasion abilities are banned
|rule|Sleep Moves Clause: Sleep-inducing moves are banned
|clearpoke
|poke|p1|Tyranitar, F|
|poke|p1|Excadrill, M|
|poke|p1|Keldeo-Resolute|
|poke|p1|Tornadus-Therian, M|
|poke|p1|Heatran, F|
|poke|p1|Hydrapple, F|
|poke|p2|Iron Valiant|
|poke|p2|Garchomp, M|
|poke|p2|Ditto|
|poke|p2|Azumarill, M|
|poke|p2|Thundurus-Therian, M|
|poke|p2|Volcanion|
|teampreview
|
|t:|1760433838
|teamsize|p1|6
|teamsize|p2|6
|start
|switch|p1a: Hydrapple|Hydrapple, F|100/100
|switch|p2a: Iron Valiant|Iron Valiant|100/100
|turn|1
|inactive|Battle timer is ON: inactive players will automatically lose when time's up. (requested by Raclette73)
|
|t:|1760433847
|switch|p1a: Heatran|Heatran, F|100/100
|move|p2a: Iron Valiant|Moonblast|p1a: Heatran
|-resisted|p1a: Heatran
|-damage|p1a: Heatran|93/100
|
|-heal|p1a: Heatran|99/100|[from] item: Leftovers
|upkeep
|turn|2
|
|t:|1760433858
|-end|p2a: Iron Valiant|Quark Drive|[silent]
|switch|p2a: Volcanion|Volcanion|100/100
|move|p1a: Heatran|Stealth Rock|p2a: Volcanion
|-sidestart|p2: exposed king|move: Stealth Rock
|
|-heal|p1a: Heatran|100/100|[from] item: Leftovers
|upkeep
|turn|3
|
|t:|1760433872
|move|p1a: Heatran|Earth Power|p2a: Volcanion
|-supereffective|p2a: Volcanion
|-crit|p2a: Volcanion
|-damage|p2a: Volcanion|36/100
|move|p2a: Volcanion|Earth Power|p1a: Heatran
|-supereffective|p1a: Heatran
|-damage|p1a: Heatran|25/100
|
|-heal|p1a: Heatran|31/100|[from] item: Leftovers
|upkeep
|turn|4
|
|t:|1760433881
|switch|p2a: Thundurus|Thundurus-Therian, M|100/100
|move|p1a: Heatran|Earth Power|p2a: Thundurus
|-immune|p2a: Thundurus
|
|-heal|p1a: Heatran|37/100|[from] item: Leftovers
|upkeep
|turn|5
|
|t:|1760433889
|switch|p1a: Tyranitar|Tyranitar, F|100/100
|-weather|Sandstorm|[from] ability: Sand Stream|[of] p1a: Tyranitar
|move|p2a: Thundurus|Thunderbolt|p1a: Tyranitar
|-damage|p1a: Tyranitar|64/100
|
|-weather|Sandstorm|[upkeep]
|-damage|p2a: Thundurus|94/100|[from] Sandstorm
|upkeep
|turn|6
|
|t:|1760433915
|switch|p2a: Volcanion|Volcanion|36/100
|move|p1a: Tyranitar|Knock Off|p2a: Volcanion
|-damage|p2a: Volcanion|0 fnt
|-enditem|p2a: Volcanion|Heavy-Duty Boots|[from] move: Knock Off|[of] p1a: Tyranitar
|faint|p2a: Volcanion
|
|-weather|Sandstorm|[upkeep]
|upkeep
|
|t:|1760433923
|switch|p2a: Iron Valiant|Iron Valiant|100/100
|turn|7
|
|t:|1760433930
|switch|p1a: Excadrill|Excadrill, M|100/100
|-item|p1a: Excadrill|Air Balloon
|move|p2a: Iron Valiant|Close Combat|p1a: Excadrill
|-supereffective|p1a: Excadrill
|-damage|p1a: Excadrill|0 fnt
|-unboost|p2a: Iron Valiant|def|1
|-unboost|p2a: Iron Valiant|spd|1
|-enditem|p1a: Excadrill|Air Balloon
|faint|p1a: Excadrill
|
|-weather|Sandstorm|[upkeep]
|-damage|p2a: Iron Valiant|94/100|[from] Sandstorm
|upkeep
|
|t:|1760433949
|switch|p1a: Keldeo|Keldeo-Resolute|100/100
|turn|8
|
|t:|1760433953
|-end|p2a: Iron Valiant|Quark Drive|[silent]
|switch|p2a: Azumarill|Azumarill, M|100/100
|-damage|p2a: Azumarill|88/100|[from] Stealth Rock
|-terastallize|p1a: Keldeo|Water
|move|p1a: Keldeo|Surf|p2a: Azumarill
|-resisted|p2a: Azumarill
|-damage|p2a: Azumarill|61/100
|
|-weather|Sandstorm|[upkeep]
|-damage|p1a: Keldeo|94/100|[from] Sandstorm
|-damage|p2a: Azumarill|55/100|[from] Sandstorm
|upkeep
|turn|9
|
|t:|1760433964
|switch|p1a: Hydrapple|Hydrapple, F|100/100
|move|p2a: Azumarill|Play Rough|p1a: Hydrapple
|-supereffective|p1a: Hydrapple
|-damage|p1a: Hydrapple|38/100
|-unboost|p1a: Hydrapple|atk|1
|-damage|p2a: Azumarill|39/100|[from] item: Rocky Helmet|[of] p1a: Hydrapple
|
|-weather|none
|upkeep
|turn|10
|inactive|exposed king has 120 seconds left.
|
|t:|1760433996
|switch|p2a: Ditto|Ditto|100/100
|-transform|p2a: Ditto|p1a: Hydrapple|[from] ability: Imposter
|move|p1a: Hydrapple|Giga Drain|p2a: Ditto
|-resisted|p2a: Ditto
|-damage|p2a: Ditto|89/100
|-heal|p1a: Hydrapple|42/100|[from] drain|[of] p2a: Ditto
|
|upkeep
|turn|11
|
|t:|1760434008
|switch|p1a: Tyranitar|Tyranitar, F|64/100
|-weather|Sandstorm|[from] ability: Sand Stream|[of] p1a: Tyranitar
|move|p2a: Ditto|Fickle Beam|p1a: Tyranitar|[anim] Fickle Beam All Out
|-activate|p2a: Ditto|move: Fickle Beam
|-damage|p1a: Tyranitar|17/100
|
|-weather|Sandstorm|[upkeep]
|-damage|p2a: Ditto|83/100|[from] Sandstorm
|upkeep
|turn|12
|
|t:|1760434019
|move|p1a: Tyranitar|Ice Punch|p2a: Ditto
|-supereffective|p2a: Ditto
|-damage|p2a: Ditto|0 fnt
|faint|p2a: Ditto
|
|-weather|Sandstorm|[upkeep]
|upkeep
|
|t:|1760434024
|switch|p2a: Iron Valiant|Iron Valiant|94/100
|turn|13
|
|t:|1760434029
|switch|p1a: Tornadus|Tornadus-Therian, M|100/100
|move|p2a: Iron Valiant|Thunderbolt|p1a: Tornadus
|-supereffective|p1a: Tornadus
|-damage|p1a: Tornadus|40/100
|
|-weather|Sandstorm|[upkeep]
|-damage|p1a: Tornadus|34/100|[from] Sandstorm
|-damage|p2a: Iron Valiant|88/100|[from] Sandstorm
|upkeep
|turn|14
|
|t:|1760434040
|-terastallize|p2a: Iron Valiant|Ice
|move|p1a: Tornadus|Bleakwind Storm|p2a: Iron Valiant|[miss]
|-miss|p1a: Tornadus|p2a: Iron Valiant
|move|p2a: Iron Valiant|Thunderbolt|p1a: Tornadus
|-supereffective|p1a: Tornadus
|-damage|p1a: Tornadus|0 fnt
|faint|p1a: Tornadus
|
|-weather|Sandstorm|[upkeep]
|-damage|p2a: Iron Valiant|82/100|[from] Sandstorm
|upkeep
|
|t:|1760434059
|switch|p1a: Keldeo|Keldeo-Resolute, tera:Water|94/100
|turn|15
|
|t:|1760434062
|move|p1a: Keldeo|Vacuum Wave|p2a: Iron Valiant
|-supereffective|p2a: Iron Valiant
|-damage|p2a: Iron Valiant|0 fnt
|faint|p2a: Iron Valiant
|-end|p2a: Iron Valiant|Quark Drive|[silent]
|
|-weather|none
|upkeep
|
|t:|1760434067
|switch|p2a: Thundurus|Thundurus-Therian, M|94/100
|turn|16
|
|t:|1760434091
|switch|p1a: Tyranitar|Tyranitar, F|17/100
|-weather|Sandstorm|[from] ability: Sand Stream|[of] p1a: Tyranitar
|move|p2a: Thundurus|Thunderbolt|p1a: Tyranitar
|-damage|p1a: Tyranitar|0 fnt
|faint|p1a: Tyranitar
|
|-weather|Sandstorm|[upkeep]
|-damage|p2a: Thundurus|88/100|[from] Sandstorm
|upkeep
|
|t:|1760434100
|switch|p1a: Heatran|Heatran, F|37/100
|turn|17
|
|t:|1760434106
|move|p2a: Thundurus|Thunderbolt|p1a: Heatran
|-damage|p1a: Heatran|0 fnt
|faint|p1a: Heatran
|
|-weather|Sandstorm|[upkeep]
|-damage|p2a: Thundurus|82/100|[from] Sandstorm
|upkeep
|
|t:|1760434110
|switch|p1a: Hydrapple|Hydrapple, F|76/100
|turn|18
|
|t:|1760434127
|switch|p2a: Garchomp|Garchomp, M|100/100
|-damage|p2a: Garchomp|94/100|[from] Stealth Rock
|move|p1a: Hydrapple|Giga Drain|p2a: Garchomp
|-damage|p2a: Garchomp|63/100
|-heal|p1a: Hydrapple|89/100|[from] drain|[of] p2a: Garchomp
|
|-weather|Sandstorm|[upkeep]
|-damage|p1a: Hydrapple|83/100|[from] Sandstorm
|upkeep
|turn|19
|
|t:|1760434141
|move|p2a: Garchomp|Spikes|p1a: Hydrapple
|-sidestart|p1: Raclette73|Spikes
|move|p1a: Hydrapple|Fickle Beam|p2a: Garchomp
|-supereffective|p2a: Garchomp
|-damage|p2a: Garchomp|0 fnt
|faint|p2a: Garchomp
|
|-weather|Sandstorm|[upkeep]
|-damage|p1a: Hydrapple|77/100|[from] Sandstorm
|upkeep
|
|t:|1760434149
|switch|p2a: Azumarill|Azumarill, M|39/100
|-damage|p2a: Azumarill|27/100|[from] Stealth Rock
|turn|20
|
|t:|1760434154
|move|p1a: Hydrapple|Giga Drain|p2a: Azumarill
|-supereffective|p2a: Azumarill
|-damage|p2a: Azumarill|0 fnt
|-heal|p1a: Hydrapple|89/100|[from] drain|[of] p2a: Azumarill
|faint|p2a: Azumarill
|
|-weather|none
|upkeep
|
|t:|1760434156
|switch|p2a: Thundurus|Thundurus-Therian, M|82/100
|turn|21
|
|t:|1760434159
|move|p2a: Thundurus|Electric Terrain|p2a: Thundurus
|-fieldstart|move: Electric Terrain
|move|p1a: Hydrapple|Fickle Beam|p2a: Thundurus
|-damage|p2a: Thundurus|37/100
|
|upkeep
|turn|22
|
|t:|1760434163
|move|p2a: Thundurus|Thunderbolt|p1a: Hydrapple
|-resisted|p1a: Hydrapple
|-damage|p1a: Hydrapple|75/100
|move|p1a: Hydrapple|Fickle Beam|p2a: Thundurus
|-damage|p2a: Thundurus|0 fnt
|faint|p2a: Thundurus
|
|win|Raclette73
|raw|Raclette73's rating: 1266 &rarr; <strong>1289</strong><br />(+23 for winning)
|raw|exposed king's rating: 1236 &rarr; <strong>1213</strong><br />(-23 for losing)
|l|☆Raclette73
|player|p1|
|l|☆exposed king
|player|p2|
