|j|☆thanh28
|j|☆Chuck2025
|t:|1760436222
|gametype|singles
|player|p1|thanh28|1|1352
|player|p2|Chuck2025|2|1397
|gen|9
|tier|[Gen 9] OU
|rated|
|rule|HP Percentage Mod: HP is shown in percentages
|rule|Endless Battle Clause: Forcing endless battles is banned
|rule|Species Clause: Limit one of each Pokémon
|rule|OHKO Clause: OHKO moves are banned
|rule|Evasion Items Clause: Evasion items are banned
|rule|Evasion Moves Clause: Evasion moves are banned
|rule|Evasion Abilities Clause: Evasion abilities are banned
|rule|Sleep Moves Clause: Sleep-inducing moves are banned
|clearpoke
|poke|p1|Meowscarada, F|
|poke|p1|Corviknight, M|
|poke|p1|Clefable, M|
|poke|p1|Walking Wake|
|poke|p1|Scizor, M|
|poke|p1|Gholdengo|
|poke|p2|Enamorus, F|
|poke|p2|Dragonite, F|
|poke|p2|Volcanion|
|poke|p2|Zamazenta-*|
|poke|p2|Meloetta|
|poke|p2|Iron Hands|
|teampreview
|inactive|Battle timer is ON: inactive players will automatically lose when time's up. (requested by Chuck2025)
|
|t:|1760436235
|teamsize|p1|6
|teamsize|p2|6
|start
|switch|p1a: Meowscarada|Meowscarada, F|100/100
|switch|p2a: Enamorus|Enamorus, F|100/100
|turn|1
|
|t:|1760436244
|switch|p1a: Scizor|Scizor, M|100/100
|move|p2a: Enamorus|Moonblast|p1a: Scizor
|-resisted|p1a: Scizor
|-damage|p1a: Scizor|68/100
|-unboost|p1a: Scizor|spa|1
|
|upkeep
|turn|2
|
|t:|1760436252
|switch|p2a: Volcanion|Volcanion|100/100
|move|p1a: Scizor|Bullet Punch|p2a: Volcanion
|-resisted|p2a: Volcanion
|-crit|p2a: Volcanion
|-damage|p2a: Volcanion|86/100
|
|upkeep
|turn|3
|
|t:|1760436260
|switch|p1a: Walking Wake|Walking Wake|100/100
|move|p2a: Volcanion|Flamethrower|p1a: Walking Wake
|-resisted|p1a: Walking Wake
|-damage|p1a: Walking Wake|85/100
|
|upkeep
|turn|4
|
|t:|1760436268
|switch|p2a: Meloetta|Meloetta|100/100
|move|p1a: Walking Wake|Draco Meteor|p2a: Meloetta
|-damage|p2a: Meloetta|24/100
|-unboost|p1a: Walking Wake|spa|2
|
|upkeep
|turn|5
|
|t:|1760436277
|move|p1a: Walking Wake|Draco Meteor|p2a: Meloetta
|-damage|p2a: Meloetta|0 fnt
|-unboost|p1a: Walking Wake|spa|2
|faint|p2a: Meloetta
|
|upkeep
|
|t:|1760436284
|switch|p2a: Dragonite|Dragonite, F|100/100
|turn|6
|
|t:|1760436288
|-end|p1a: Walking Wake|Protosynthesis|[silent]
|switch|p1a: Clefable|Clefable, M|100/100
|-terastallize|p2a: Dragonite|Fairy
|move|p2a: Dragonite|Dragon Claw|p1a: Clefable
|-immune|p1a: Clefable
|
|upkeep
|turn|7
|
|t:|1760436298
|switch|p2a: Enamorus|Enamorus, F|100/100
|move|p1a: Clefable|Calm Mind|p1a: Clefable
|-boost|p1a: Clefable|spa|1
|-boost|p1a: Clefable|spd|1
|
|upkeep
|turn|8
|
|t:|1760436305
|move|p2a: Enamorus|Sludge Bomb|p1a: Clefable
|-supereffective|p1a: Clefable
|-damage|p1a: Clefable|62/100
|move|p1a: Clefable|Calm Mind|p1a: Clefable
|-boost|p1a: Clefable|spa|1
|-boost|p1a: Clefable|spd|1
|
|-heal|p1a: Clefable|68/100|[from] item: Leftovers
|upkeep
|turn|9
|
|t:|1760436314
|move|p2a: Enamorus|Sludge Bomb|p1a: Clefable
|-supereffective|p1a: Clefable
|-damage|p1a: Clefable|41/100
|-status|p1a: Clefable|psn
|move|p1a: Clefable|Wish|p1a: Clefable
|
|-heal|p1a: Clefable|47/100 psn|[from] item: Leftovers
|-damage|p1a: Clefable|35/100 psn|[from] psn
|upkeep
|turn|10
|
|t:|1760436324
|move|p2a: Enamorus|Moonblast|p1a: Clefable
|-damage|p1a: Clefable|12/100 psn
|move|p1a: Clefable|Moonblast|p2a: Enamorus
|-damage|p2a: Enamorus|16/100
|
|-heal|p1a: Clefable|62/100 psn|[from] move: Wish|[wisher] Clefable
|-heal|p1a: Clefable|68/100 psn|[from] item: Leftovers
|-damage|p1a: Clefable|55/100 psn|[from] psn
|upkeep
|turn|11
|
|t:|1760436335
|move|p2a: Enamorus|Sludge Bomb|p1a: Clefable
|-supereffective|p1a: Clefable
|-damage|p1a: Clefable|29/100 psn
|move|p1a: Clefable|Wish|p1a: Clefable
|
|-heal|p1a: Clefable|35/100 psn|[from] item: Leftovers
|-damage|p1a: Clefable|23/100 psn|[from] psn
|upkeep
|turn|12
|
|t:|1760436343
|move|p1a: Clefable|Protect|p1a: Clefable
|-singleturn|p1a: Clefable|Protect
|move|p2a: Enamorus|Sludge Bomb|p1a: Clefable
|-activate|p1a: Clefable|move: Protect
|
|-heal|p1a: Clefable|73/100 psn|[from] move: Wish|[wisher] Clefable
|-heal|p1a: Clefable|79/100 psn|[from] item: Leftovers
|-damage|p1a: Clefable|66/100 psn|[from] psn
|upkeep
|turn|13
|
|t:|1760436354
|move|p2a: Enamorus|Sludge Bomb|p1a: Clefable
|-supereffective|p1a: Clefable
|-damage|p1a: Clefable|40/100 psn
|move|p1a: Clefable|Moonblast|p2a: Enamorus
|-damage|p2a: Enamorus|0 fnt
|faint|p2a: Enamorus
|
|-heal|p1a: Clefable|46/100 psn|[from] item: Leftovers
|-damage|p1a: Clefable|33/100 psn|[from] psn
|upkeep
|
|t:|1760436372
|switch|p2a: Dragonite|Dragonite, F, tera:Fairy|100/100
|turn|14
|
|t:|1760436376
|move|p2a: Dragonite|Extreme Speed|p1a: Clefable
|-damage|p1a: Clefable|9/100 psn
|move|p1a: Clefable|Wish|p1a: Clefable
|
|-heal|p1a: Clefable|15/100 psn|[from] item: Leftovers
|-damage|p1a: Clefable|3/100 psn|[from] psn
|upkeep
|turn|15
|
|t:|1760436384
|move|p1a: Clefable|Protect|p1a: Clefable
|-singleturn|p1a: Clefable|Protect
|move|p2a: Dragonite|Extreme Speed|p1a: Clefable
|-activate|p1a: Clefable|move: Protect
|
|-heal|p1a: Clefable|53/100 psn|[from] move: Wish|[wisher] Clefable
|-heal|p1a: Clefable|59/100 psn|[from] item: Leftovers
|-damage|p1a: Clefable|47/100 psn|[from] psn
|upkeep
|turn|16
|
|t:|1760436396
|move|p2a: Dragonite|Earthquake|p1a: Clefable
|-damage|p1a: Clefable|15/100 psn
|move|p1a: Clefable|Moonblast|p2a: Dragonite
|-damage|p2a: Dragonite|75/100
|
|-heal|p1a: Clefable|22/100 psn|[from] item: Leftovers
|-damage|p1a: Clefable|9/100 psn|[from] psn
|upkeep
|turn|17
|
|t:|1760436405
|move|p2a: Dragonite|Extreme Speed|p1a: Clefable
|-damage|p1a: Clefable|0 fnt
|faint|p1a: Clefable
|
|upkeep
|
|t:|1760436409
|switch|p1a: Scizor|Scizor, M|68/100
|turn|18
|
|t:|1760436415
|switch|p2a: Volcanion|Volcanion|86/100
|move|p1a: Scizor|Bullet Punch|p2a: Volcanion
|-resisted|p2a: Volcanion
|-damage|p2a: Volcanion|76/100
|
|upkeep
|turn|19
|
|t:|1760436422
|switch|p1a: Walking Wake|Walking Wake|85/100
|move|p2a: Volcanion|Steam Eruption|p1a: Walking Wake
|-resisted|p1a: Walking Wake
|-damage|p1a: Walking Wake|68/100
|-status|p1a: Walking Wake|brn
|
|-damage|p1a: Walking Wake|61/100 brn|[from] brn
|upkeep
|turn|20
|
|t:|1760436432
|switch|p2a: Dragonite|Dragonite, F, tera:Fairy|75/100
|move|p1a: Walking Wake|Draco Meteor|p2a: Dragonite
|-immune|p2a: Dragonite
|
|-damage|p1a: Walking Wake|55/100 brn|[from] brn
|upkeep
|turn|21
|
|t:|1760436442
|-end|p1a: Walking Wake|Protosynthesis|[silent]
|switch|p1a: Gholdengo|Gholdengo|100/100
|move|p2a: Dragonite|Dragon Claw|p1a: Gholdengo
|-resisted|p1a: Gholdengo
|-damage|p1a: Gholdengo|74/100
|
|upkeep
|turn|22
|
|t:|1760436449
|switch|p2a: Iron Hands|Iron Hands, shiny|100/100
|move|p1a: Gholdengo|Make It Rain|p2a: Iron Hands
|-resisted|p2a: Iron Hands
|-damage|p2a: Iron Hands|69/100
|-unboost|p1a: Gholdengo|spa|1
|
|upkeep
|turn|23
|
|t:|1760436458
|switch|p1a: Meowscarada|Meowscarada, F|100/100
|move|p2a: Iron Hands|Earthquake|p1a: Meowscarada
|-resisted|p1a: Meowscarada
|-damage|p1a: Meowscarada|71/100
|
|upkeep
|turn|24
|
|t:|1760436465
|move|p1a: Meowscarada|Play Rough|p2a: Iron Hands|[miss]
|-start|p1a: Meowscarada|typechange|Fairy|[from] ability: Protean
|-miss|p1a: Meowscarada|p2a: Iron Hands
|move|p2a: Iron Hands|Ice Punch|p1a: Meowscarada
|-damage|p1a: Meowscarada|23/100
|
|upkeep
|turn|25
|
|t:|1760436474
|move|p1a: Meowscarada|Play Rough|p2a: Iron Hands
|-supereffective|p2a: Iron Hands
|-damage|p2a: Iron Hands|0 fnt
|-damage|p1a: Meowscarada|7/100|[from] item: Rocky Helmet|[of] p2a: Iron Hands
|faint|p2a: Iron Hands
|-end|p2a: Iron Hands|Quark Drive|[silent]
|
|upkeep
|
|t:|1760436481
|switch|p2a: Dragonite|Dragonite, F, tera:Fairy|75/100
|turn|26
|
|t:|1760436484
|switch|p1a: Corviknight|Corviknight, M|100/100
|move|p2a: Dragonite|Extreme Speed|p1a: Corviknight
|-resisted|p1a: Corviknight
|-damage|p1a: Corviknight|90/100
|-damage|p2a: Dragonite|58/100|[from] item: Rocky Helmet|[of] p1a: Corviknight
|
|upkeep
|turn|27
|
|t:|1760436494
|switch|p2a: Volcanion|Volcanion|76/100
|move|p1a: Corviknight|Brave Bird|p2a: Volcanion
|-damage|p2a: Volcanion|46/100
|-damage|p1a: Corviknight|79/100|[from] Recoil
|
|upkeep
|turn|28
|
|t:|1760436502
|switch|p1a: Walking Wake|Walking Wake|55/100 brn
|move|p2a: Volcanion|Flamethrower|p1a: Walking Wake
|-resisted|p1a: Walking Wake
|-damage|p1a: Walking Wake|41/100 brn
|
|-damage|p1a: Walking Wake|35/100 brn|[from] brn
|upkeep
|turn|29
|
|t:|1760436511
|switch|p2a: Dragonite|Dragonite, F, tera:Fairy|58/100
|move|p1a: Walking Wake|Hydro Steam|p2a: Dragonite
|-damage|p2a: Dragonite|7/100
|
|-damage|p1a: Walking Wake|28/100 brn|[from] brn
|upkeep
|turn|30
|
|t:|1760436519
|-end|p1a: Walking Wake|Protosynthesis|[silent]
|switch|p1a: Corviknight|Corviknight, M|79/100
|move|p2a: Dragonite|Extreme Speed|p1a: Corviknight
|-resisted|p1a: Corviknight
|-damage|p1a: Corviknight|69/100
|-damage|p2a: Dragonite|0 fnt|[from] item: Rocky Helmet|[of] p1a: Corviknight
|faint|p2a: Dragonite
|
|upkeep
|
|t:|1760436529
|switch|p2a: Volcanion|Volcanion|46/100
|turn|31
|
|t:|1760436535
|move|p2a: Volcanion|Steam Eruption|p1a: Corviknight
|-damage|p1a: Corviknight|12/100
|move|p1a: Corviknight|Brave Bird|p2a: Volcanion
|-damage|p2a: Volcanion|16/100
|-damage|p1a: Corviknight|2/100|[from] Recoil
|
|upkeep
|turn|32
|
|t:|1760436543
|move|p2a: Volcanion|Flamethrower|p1a: Corviknight
|-supereffective|p1a: Corviknight
|-damage|p1a: Corviknight|0 fnt
|faint|p1a: Corviknight
|
|upkeep
|
|t:|1760436547
|switch|p1a: Meowscarada|Meowscarada, F|7/100
|turn|33
|
|t:|1760436551
|move|p1a: Meowscarada|Play Rough|p2a: Volcanion
|-start|p1a: Meowscarada|typechange|Fairy|[from] ability: Protean
|-resisted|p2a: Volcanion
|-damage|p2a: Volcanion|0 fnt
|faint|p2a: Volcanion
|
|upkeep
|
|t:|1760436559
|switch|p2a: Zamazenta|Zamazenta|100/100
|-ability|p2a: Zamazenta|Dauntless Shield|boost
|-boost|p2a: Zamazenta|def|1
|turn|34
|
|t:|1760436564
|move|p1a: Meowscarada|Play Rough|p2a: Zamazenta
|-supereffective|p2a: Zamazenta
|-damage|p2a: Zamazenta|34/100
|move|p2a: Zamazenta|Heavy Slam|p1a: Meowscarada
|-supereffective|p1a: Meowscarada
|-damage|p1a: Meowscarada|0 fnt
|faint|p1a: Meowscarada
|
|upkeep
|
|t:|1760436572
|switch|p1a: Scizor|Scizor, M|68/100
|turn|35
|
|t:|1760436576
|move|p2a: Zamazenta|Body Press|p1a: Scizor
|-damage|p1a: Scizor|12/100
|move|p1a: Scizor|Aerial Ace|p2a: Zamazenta
|-supereffective|p2a: Zamazenta
|-damage|p2a: Zamazenta|0 fnt
|faint|p2a: Zamazenta
|
|win|thanh28
|raw|thanh28's rating: 1352 &rarr; <strong>1375</strong><br />(+23 for winning)
|raw|Chuck2025's rating: 1397 &rarr; <strong>1374</strong><br />(-23 for losing)
|l|☆thanh28
|player|p1|
|l|☆Chuck2025
|player|p2|
