|j|☆nwo castle
|j|☆CuestaChu
|t:|1760355516
|gametype|singles
|player|p1|nwo castle|101|1149
|player|p2|CuestaChu|1|1103
|gen|9
|tier|[Gen 9] OU
|rated|
|rule|HP Percentage Mod: HP is shown in percentages
|rule|Endless Battle Clause: Forcing endless battles is banned
|rule|Species Clause: Limit one of each Pokémon
|rule|OHKO Clause: OHKO moves are banned
|rule|Evasion Items Clause: Evasion items are banned
|rule|Evasion Moves Clause: Evasion moves are banned
|rule|Evasion Abilities Clause: Evasion abilities are banned
|rule|Sleep Moves Clause: Sleep-inducing moves are banned
|clearpoke
|poke|p1|Gogoat, F|
|poke|p1|Rillaboom, M|
|poke|p1|Weezing-Galar, F|
|poke|p1|Primarina, F|
|poke|p1|Pelipper, M|
|poke|p1|Comfey, F|
|poke|p2|Ogerpon-Wellspring, F|
|poke|p2|Corviknight, F|
|poke|p2|Skeledirge, F|
|poke|p2|Tyranitar, F|
|poke|p2|Venusaur, M|
|poke|p2|Clefable, M|
|teampreview
|
|t:|1760355529
|teamsize|p1|6
|teamsize|p2|6
|start
|switch|p1a: Weezing|Weezing-Galar, F, shiny|100/100
|switch|p2a: Clefable|Clefable, M|100/100
|-ability|p1a: Weezing|Neutralizing Gas
|turn|1
|
|t:|1760355540
|move|p2a: Clefable|Stealth Rock|p1a: Weezing
|-sidestart|p1: nwo castle|move: Stealth Rock
|move|p1a: Weezing|Will-O-Wisp|p2a: Clefable
|-status|p2a: Clefable|brn
|
|-damage|p2a: Clefable|94/100 brn|[from] brn
|upkeep
|turn|2
|
|t:|1760355561
|move|p2a: Clefable|Protect|p2a: Clefable
|-singleturn|p2a: Clefable|Protect
|move|p1a: Weezing|Defog|p2a: Clefable
|-activate|p2a: Clefable|move: Protect
|
|-damage|p2a: Clefable|88/100 brn|[from] brn
|upkeep
|turn|3
|
|t:|1760355580
|-end|p1a: Weezing|ability: Neutralizing Gas
|switch|p1a: Pelipper|Pelipper, M, shiny|100/100
|-weather|RainDance|[from] ability: Drizzle|[of] p1a: Pelipper
|switch|p2a: Tyranitar|Tyranitar, F|100/100
|-weather|Sandstorm|[from] ability: Sand Stream|[of] p2a: Tyranitar
|
|-weather|Sandstorm|[upkeep]
|-damage|p1a: Pelipper|94/100|[from] Sandstorm
|upkeep
|turn|4
|
|t:|1760355594
|move|p1a: Pelipper|U-turn|p2a: Tyranitar
|-supereffective|p2a: Tyranitar
|-damage|p2a: Tyranitar|87/100
|
|t:|1760355597
|switch|p1a: Rillaboom|Rillaboom, M, shiny|100/100|[from] U-turn
|-damage|p1a: Rillaboom|88/100|[from] Stealth Rock
|-fieldstart|move: Grassy Terrain|[from] ability: Grassy Surge|[of] p1a: Rillaboom
|move|p2a: Tyranitar|Rock Slide|p1a: Rillaboom
|-damage|p1a: Rillaboom|54/100
|
|-weather|Sandstorm|[upkeep]
|-damage|p1a: Rillaboom|48/100|[from] Sandstorm
|-heal|p1a: Rillaboom|54/100|[from] Grassy Terrain
|-heal|p2a: Tyranitar|93/100|[from] Grassy Terrain
|upkeep
|turn|5
|
|t:|1760355614
|switch|p2a: Skeledirge|Skeledirge, F|100/100
|move|p1a: Rillaboom|Knock Off|p2a: Skeledirge
|-supereffective|p2a: Skeledirge
|-damage|p2a: Skeledirge|52/100
|-enditem|p2a: Skeledirge|Leftovers|[from] move: Knock Off|[of] p1a: Rillaboom
|
|-weather|Sandstorm|[upkeep]
|-damage|p1a: Rillaboom|48/100|[from] Sandstorm
|-damage|p2a: Skeledirge|46/100|[from] Sandstorm
|-heal|p1a: Rillaboom|54/100|[from] Grassy Terrain
|-heal|p2a: Skeledirge|52/100|[from] Grassy Terrain
|upkeep
|turn|6
|
|t:|1760355632
|switch|p1a: Pelipper|Pelipper, M, shiny|94/100
|-weather|RainDance|[from] ability: Drizzle|[of] p1a: Pelipper
|move|p2a: Skeledirge|Torch Song|p1a: Pelipper
|-resisted|p1a: Pelipper
|-damage|p1a: Pelipper|87/100
|-boost|p2a: Skeledirge|spa|1
|
|-weather|RainDance|[upkeep]
|-heal|p2a: Skeledirge|58/100|[from] Grassy Terrain
|upkeep
|turn|7
|
|t:|1760355645
|switch|p2a: Ogerpon|Ogerpon-Wellspring, F|100/100
|move|p1a: Pelipper|Tailwind|p1a: Pelipper
|-sidestart|p1: nwo castle|move: Tailwind
|
|-weather|RainDance|[upkeep]
|upkeep
|turn|8
|
|t:|1760355653
|-terastallize|p2a: Ogerpon|Water
|detailschange|p2a: Ogerpon|Ogerpon-Wellspring-Tera, F, tera:Water
|-ability|p2a: Ogerpon|Embody Aspect (Wellspring)|boost
|-boost|p2a: Ogerpon|spd|1
|move|p2a: Ogerpon|Horn Leech|p1a: Pelipper
|-damage|p1a: Pelipper|28/100
|move|p1a: Pelipper|Hurricane|p2a: Ogerpon
|-damage|p2a: Ogerpon|70/100
|
|-weather|RainDance|[upkeep]
|-heal|p2a: Ogerpon|76/100|[from] Grassy Terrain
|upkeep
|turn|9
|
|t:|1760355675
|move|p2a: Ogerpon|Swords Dance|p2a: Ogerpon
|-boost|p2a: Ogerpon|atk|2
|move|p1a: Pelipper|U-turn|p2a: Ogerpon
|-damage|p2a: Ogerpon|66/100
|
|t:|1760355688
|switch|p1a: Gogoat|Gogoat, F, shiny|100/100|[from] U-turn
|-damage|p1a: Gogoat|88/100|[from] Stealth Rock
|
|-weather|RainDance|[upkeep]
|-heal|p1a: Gogoat|94/100|[from] Grassy Terrain
|-heal|p2a: Ogerpon|72/100|[from] Grassy Terrain
|upkeep
|turn|10
|
|t:|1760355696
|move|p1a: Gogoat|Trailblaze|p2a: Ogerpon
|-supereffective|p2a: Ogerpon
|-damage|p2a: Ogerpon|0 fnt
|-boost|p1a: Gogoat|spe|1
|faint|p2a: Ogerpon
|detailschange|p2: Ogerpon|Ogerpon-Wellspring, F|[silent]
|
|-weather|none
|-heal|p1a: Gogoat|100/100|[from] Grassy Terrain
|-sideend|p1: nwo castle|move: Tailwind
|upkeep
|
|t:|1760355705
|switch|p2a: Skeledirge|Skeledirge, F|58/100
|turn|11
|
|t:|1760355717
|move|p1a: Gogoat|High Horsepower|p2a: Skeledirge
|-supereffective|p2a: Skeledirge
|-damage|p2a: Skeledirge|11/100
|move|p2a: Skeledirge|Slack Off|p2a: Skeledirge
|-heal|p2a: Skeledirge|61/100
|
|-heal|p2a: Skeledirge|67/100|[from] Grassy Terrain
|-fieldend|move: Grassy Terrain
|upkeep
|turn|12
|
|t:|1760355736
|move|p1a: Gogoat|High Horsepower|p2a: Skeledirge
|-supereffective|p2a: Skeledirge
|-damage|p2a: Skeledirge|25/100
|move|p2a: Skeledirge|Torch Song|p1a: Gogoat
|-supereffective|p1a: Gogoat
|-damage|p1a: Gogoat|57/100
|-boost|p2a: Skeledirge|spa|1
|
|upkeep
|turn|13
|inactive|Battle timer is ON: inactive players will automatically lose when time's up. (requested by nwo castle)
|inactive|CuestaChu has 120 seconds left.
|
|t:|1760355797
|switch|p2a: Corviknight|Corviknight, F|100/100
|-ability|p2a: Corviknight|Pressure
|move|p1a: Gogoat|High Horsepower|p2a: Corviknight
|-immune|p2a: Corviknight
|
|upkeep
|turn|14
|
|t:|1760355812
|switch|p1a: Weezing|Weezing-Galar, F, shiny|100/100
|-ability|p1a: Weezing|Neutralizing Gas
|-damage|p1a: Weezing|88/100|[from] Stealth Rock
|move|p2a: Corviknight|Brave Bird|p1a: Weezing
|-damage|p1a: Weezing|61/100
|-damage|p2a: Corviknight|84/100|[from] item: Rocky Helmet|[of] p1a: Weezing
|-damage|p2a: Corviknight|76/100|[from] Recoil
|
|-heal|p2a: Corviknight|83/100|[from] item: Leftovers
|upkeep
|turn|15
|
|t:|1760355828
|switch|p2a: Venusaur|Venusaur, M|100/100
|move|p1a: Weezing|Strange Steam|p2a: Venusaur
|-resisted|p2a: Venusaur
|-damage|p2a: Venusaur|87/100
|
|-heal|p2a: Venusaur|93/100|[from] item: Black Sludge
|upkeep
|turn|16
|
|t:|1760355841
|move|p2a: Venusaur|Leech Seed|p1a: Weezing
|-start|p1a: Weezing|move: Leech Seed
|move|p1a: Weezing|Defog|p2a: Venusaur
|-unboost|p2a: Venusaur|evasion|1
|-sideend|p1: nwo castle|Stealth Rock|[from] move: Defog|[of] p1a: Weezing
|
|-heal|p2a: Venusaur|99/100|[from] item: Black Sludge
|-damage|p1a: Weezing|49/100|[from] Leech Seed|[of] p2a: Venusaur
|-heal|p2a: Venusaur|100/100|[silent]
|upkeep
|turn|17
|
|t:|1760355850
|move|p2a: Venusaur|Protect|p2a: Venusaur
|-singleturn|p2a: Venusaur|Protect
|move|p1a: Weezing|Will-O-Wisp|p2a: Venusaur
|-activate|p2a: Venusaur|move: Protect
|
|-damage|p1a: Weezing|36/100|[from] Leech Seed|[of] p2a: Venusaur
|upkeep
|turn|18
|
|t:|1760355871
|-end|p1a: Weezing|ability: Neutralizing Gas
|switch|p1a: Pelipper|Pelipper, M, shiny|28/100
|-weather|RainDance|[from] ability: Drizzle|[of] p1a: Pelipper
|move|p2a: Venusaur|Giga Drain|p1a: Pelipper
|-damage|p1a: Pelipper|2/100
|
|-weather|RainDance|[upkeep]
|upkeep
|turn|19
|
|t:|1760355885
|switch|p2a: Tyranitar|Tyranitar, F|93/100
|-weather|Sandstorm|[from] ability: Sand Stream|[of] p2a: Tyranitar
|move|p1a: Pelipper|Roost|p1a: Pelipper
|-heal|p1a: Pelipper|52/100
|-singleturn|p1a: Pelipper|move: Roost
|
|-weather|Sandstorm|[upkeep]
|-damage|p1a: Pelipper|46/100|[from] Sandstorm
|upkeep
|turn|20
|
|t:|1760355895
|move|p1a: Pelipper|U-turn|p2a: Tyranitar
|-supereffective|p2a: Tyranitar
|-damage|p2a: Tyranitar|80/100
|
|t:|1760355899
|switch|p1a: Rillaboom|Rillaboom, M, shiny|54/100|[from] U-turn
|-fieldstart|move: Grassy Terrain|[from] ability: Grassy Surge|[of] p1a: Rillaboom
|move|p2a: Tyranitar|Ice Punch|p1a: Rillaboom
|-supereffective|p1a: Rillaboom
|-damage|p1a: Rillaboom|5/100
|
|-weather|Sandstorm|[upkeep]
|-damage|p1a: Rillaboom|0 fnt|[from] Sandstorm
|faint|p1a: Rillaboom
|-heal|p2a: Tyranitar|87/100|[from] Grassy Terrain
|upkeep
|
|t:|1760355909
|switch|p1a: Pelipper|Pelipper, M, shiny|46/100
|-weather|RainDance|[from] ability: Drizzle|[of] p1a: Pelipper
|turn|21
|
|t:|1760355919
|move|p1a: Pelipper|Roost|p1a: Pelipper
|-heal|p1a: Pelipper|96/100
|-singleturn|p1a: Pelipper|move: Roost
|move|p2a: Tyranitar|Ice Punch|p1a: Pelipper
|-resisted|p1a: Pelipper
|-damage|p1a: Pelipper|85/100
|
|-weather|RainDance|[upkeep]
|-heal|p1a: Pelipper|91/100|[from] Grassy Terrain
|-heal|p2a: Tyranitar|93/100|[from] Grassy Terrain
|upkeep
|turn|22
|
|t:|1760355930
|move|p1a: Pelipper|U-turn|p2a: Tyranitar
|-supereffective|p2a: Tyranitar
|-damage|p2a: Tyranitar|80/100
|
|t:|1760355933
|switch|p1a: Primarina|Primarina, F, shiny|100/100|[from] U-turn
|move|p2a: Tyranitar|Rock Slide|p1a: Primarina
|-damage|p1a: Primarina|53/100
|
|-weather|RainDance|[upkeep]
|-heal|p2a: Tyranitar|86/100|[from] Grassy Terrain
|-heal|p1a: Primarina|59/100|[from] Grassy Terrain
|upkeep
|turn|23
|
|t:|1760355949
|switch|p2a: Clefable|Clefable, M|88/100 brn
|move|p1a: Primarina|Psychic Noise|p2a: Clefable
|-damage|p2a: Clefable|4/100 brn
|-start|p2a: Clefable|move: Heal Block
|
|-weather|RainDance|[upkeep]
|-heal|p1a: Primarina|65/100|[from] Grassy Terrain
|upkeep
|turn|24
|
|t:|1760355964
|move|p2a: Clefable|Protect|p2a: Clefable
|-singleturn|p2a: Clefable|Protect
|move|p1a: Primarina|Psychic Noise|p2a: Clefable
|-activate|p2a: Clefable|move: Protect
|
|-weather|RainDance|[upkeep]
|-heal|p1a: Primarina|71/100|[from] Grassy Terrain
|-end|p2a: Clefable|move: Heal Block
|upkeep
|turn|25
|
|t:|1760355985
|move|p1a: Primarina|Psychic Noise|p2a: Clefable
|-damage|p2a: Clefable|0 fnt
|faint|p2a: Clefable
|
|-weather|none
|-heal|p1a: Primarina|77/100|[from] Grassy Terrain
|upkeep
|
|t:|1760355993
|switch|p2a: Tyranitar|Tyranitar, F|86/100
|-weather|Sandstorm|[from] ability: Sand Stream|[of] p2a: Tyranitar
|turn|26
|inactive|CuestaChu has 120 seconds left.
|
|t:|1760356008
|move|p2a: Tyranitar|Knock Off|p1a: Primarina
|-resisted|p1a: Primarina
|-damage|p1a: Primarina|45/100
|-enditem|p1a: Primarina|Choice Specs|[from] move: Knock Off|[of] p2a: Tyranitar
|move|p1a: Primarina|Psychic Noise|p2a: Tyranitar
|-supereffective|p2a: Tyranitar
|-damage|p2a: Tyranitar|62/100
|-start|p2a: Tyranitar|move: Heal Block
|
|-weather|Sandstorm|[upkeep]
|-damage|p1a: Primarina|39/100|[from] Sandstorm
|-heal|p1a: Primarina|45/100|[from] Grassy Terrain
|upkeep
|turn|27
|inactive|CuestaChu has 120 seconds left.
|
|t:|1760356035
|switch|p1a: Pelipper|Pelipper, M, shiny|91/100
|-weather|RainDance|[from] ability: Drizzle|[of] p1a: Pelipper
|move|p2a: Tyranitar|Rock Slide|p1a: Pelipper|[miss]
|-miss|p2a: Tyranitar|p1a: Pelipper
|
|-weather|RainDance|[upkeep]
|-end|p2a: Tyranitar|move: Heal Block
|-fieldend|move: Grassy Terrain
|upkeep
|turn|28
|
|t:|1760356054
|switch|p2a: Venusaur|Venusaur, M|100/100
|move|p1a: Pelipper|U-turn|p2a: Venusaur
|-damage|p2a: Venusaur|94/100
|
|t:|1760356069
|switch|p1a: Weezing|Weezing-Galar, F, shiny|36/100|[from] U-turn
|-ability|p1a: Weezing|Neutralizing Gas
|
|-weather|RainDance|[upkeep]
|-heal|p2a: Venusaur|99/100|[from] item: Black Sludge
|upkeep
|turn|29
|
|t:|1760356081
|move|p2a: Venusaur|Giga Drain|p1a: Weezing
|-resisted|p1a: Weezing
|-damage|p1a: Weezing|23/100
|-heal|p2a: Venusaur|100/100|[from] drain|[of] p1a: Weezing
|move|p1a: Weezing|Pain Split|p2a: Venusaur
|-sethp|p2a: Venusaur|61/100|[from] move: Pain Split|[silent]
|-sethp|p1a: Weezing|67/100|[from] move: Pain Split
|
|-weather|RainDance|[upkeep]
|-heal|p2a: Venusaur|67/100|[from] item: Black Sludge
|upkeep
|turn|30
|
|t:|1760356096
|switch|p2a: Skeledirge|Skeledirge, F|25/100
|move|p1a: Weezing|Will-O-Wisp|p2a: Skeledirge
|-immune|p2a: Skeledirge
|
|-weather|RainDance|[upkeep]
|upkeep
|turn|31
|
|t:|1760356103
|-end|p1a: Weezing|ability: Neutralizing Gas
|switch|p1a: Pelipper|Pelipper, M, shiny|91/100
|move|p2a: Skeledirge|Torch Song|p1a: Pelipper
|-resisted|p1a: Pelipper
|-damage|p1a: Pelipper|84/100
|-boost|p2a: Skeledirge|spa|1
|
|-weather|none
|upkeep
|turn|32
|
|t:|1760356113
|switch|p2a: Tyranitar|Tyranitar, F|62/100
|-weather|Sandstorm|[from] ability: Sand Stream|[of] p2a: Tyranitar
|move|p1a: Pelipper|Tailwind|p1a: Pelipper
|-sidestart|p1: nwo castle|move: Tailwind
|
|-weather|Sandstorm|[upkeep]
|-damage|p1a: Pelipper|78/100|[from] Sandstorm
|upkeep
|turn|33
|inactive|CuestaChu has 120 seconds left.
|
|t:|1760356123
|move|p1a: Pelipper|U-turn|p2a: Tyranitar
|-supereffective|p2a: Tyranitar
|-damage|p2a: Tyranitar|47/100
|
|t:|1760356133
|switch|p1a: Comfey|Comfey, F, shiny|100/100|[from] U-turn
|move|p2a: Tyranitar|Rock Slide|p1a: Comfey
|-damage|p1a: Comfey|70/100
|-enditem|p1a: Comfey|Kee Berry|[eat]
|-boost|p1a: Comfey|def|1|[from] item: Kee Berry
|
|-weather|Sandstorm|[upkeep]
|-damage|p1a: Comfey|64/100|[from] Sandstorm
|upkeep
|turn|34
|
|t:|1760356147
|switch|p2a: Venusaur|Venusaur, M|67/100
|move|p1a: Comfey|Calm Mind|p1a: Comfey
|-boost|p1a: Comfey|spa|1
|-boost|p1a: Comfey|spd|1
|
|-weather|Sandstorm|[upkeep]
|-damage|p1a: Comfey|57/100|[from] Sandstorm
|-damage|p2a: Venusaur|61/100|[from] Sandstorm
|-heal|p2a: Venusaur|67/100|[from] item: Black Sludge
|upkeep
|turn|35
|
|t:|1760356157
|switch|p1a: Pelipper|Pelipper, M, shiny|78/100
|-weather|RainDance|[from] ability: Drizzle|[of] p1a: Pelipper
|move|p2a: Venusaur|Sludge Bomb|p1a: Pelipper
|-damage|p1a: Pelipper|46/100
|
|-weather|RainDance|[upkeep]
|-heal|p2a: Venusaur|73/100|[from] item: Black Sludge
|-sideend|p1: nwo castle|move: Tailwind
|upkeep
|turn|36
|
|t:|1760356166
|move|p2a: Venusaur|Protect|p2a: Venusaur
|-singleturn|p2a: Venusaur|Protect
|move|p1a: Pelipper|Hurricane|p2a: Venusaur
|-activate|p2a: Venusaur|move: Protect
|
|-weather|RainDance|[upkeep]
|-heal|p2a: Venusaur|79/100|[from] item: Black Sludge
|upkeep
|turn|37
|
|t:|1760356177
|switch|p2a: Tyranitar|Tyranitar, F|47/100
|-weather|Sandstorm|[from] ability: Sand Stream|[of] p2a: Tyranitar
|move|p1a: Pelipper|Hurricane|p2a: Tyranitar|[miss]
|-miss|p1a: Pelipper|p2a: Tyranitar
|
|-weather|Sandstorm|[upkeep]
|-damage|p1a: Pelipper|40/100|[from] Sandstorm
|upkeep
|turn|38
|
|t:|1760356189
|move|p1a: Pelipper|U-turn|p2a: Tyranitar
|-supereffective|p2a: Tyranitar
|-damage|p2a: Tyranitar|35/100
|
|t:|1760356199
|switch|p1a: Weezing|Weezing-Galar, F, shiny|67/100|[from] U-turn
|-ability|p1a: Weezing|Neutralizing Gas
|move|p2a: Tyranitar|Knock Off|p1a: Weezing
|-resisted|p1a: Weezing
|-damage|p1a: Weezing|50/100
|-damage|p2a: Tyranitar|18/100|[from] item: Rocky Helmet|[of] p1a: Weezing
|-enditem|p1a: Weezing|Rocky Helmet|[from] move: Knock Off|[of] p2a: Tyranitar
|
|-weather|Sandstorm|[upkeep]
|-damage|p1a: Weezing|44/100|[from] Sandstorm
|upkeep
|turn|39
|
|t:|1760356216
|switch|p2a: Venusaur|Venusaur, M|79/100
|move|p1a: Weezing|Strange Steam|p2a: Venusaur
|-resisted|p2a: Venusaur
|-damage|p2a: Venusaur|66/100
|
|-weather|Sandstorm|[upkeep]
|-damage|p2a: Venusaur|60/100|[from] Sandstorm
|-damage|p1a: Weezing|38/100|[from] Sandstorm
|-heal|p2a: Venusaur|66/100|[from] item: Black Sludge
|upkeep
|turn|40
|
|t:|1760356226
|switch|p2a: Skeledirge|Skeledirge, F|25/100
|move|p1a: Weezing|Will-O-Wisp|p2a: Skeledirge
|-immune|p2a: Skeledirge
|
|-weather|Sandstorm|[upkeep]
|-damage|p1a: Weezing|32/100|[from] Sandstorm
|-damage|p2a: Skeledirge|19/100|[from] Sandstorm
|upkeep
|turn|41
|
|t:|1760356237
|move|p1a: Weezing|Strange Steam|p2a: Skeledirge
|-resisted|p2a: Skeledirge
|-crit|p2a: Skeledirge
|-damage|p2a: Skeledirge|2/100
|move|p2a: Skeledirge|Slack Off|p2a: Skeledirge
|-heal|p2a: Skeledirge|52/100
|
|-weather|none
|upkeep
|turn|42
|
|t:|1760356245
|-end|p1a: Weezing|ability: Neutralizing Gas
|switch|p1a: Pelipper|Pelipper, M, shiny|40/100
|-weather|RainDance|[from] ability: Drizzle|[of] p1a: Pelipper
|move|p2a: Skeledirge|Slack Off|p2a: Skeledirge
|-heal|p2a: Skeledirge|100/100
|
|-weather|RainDance|[upkeep]
|upkeep
|turn|43
|
|t:|1760356256
|switch|p2a: Corviknight|Corviknight, F|83/100
|-ability|p2a: Corviknight|Pressure
|move|p1a: Pelipper|Roost|p1a: Pelipper
|-heal|p1a: Pelipper|90/100
|-singleturn|p1a: Pelipper|move: Roost
|
|-weather|RainDance|[upkeep]
|-heal|p2a: Corviknight|89/100|[from] item: Leftovers
|upkeep
|turn|44
|
|t:|1760356267
|move|p2a: Corviknight|Body Press|p1a: Pelipper
|-resisted|p1a: Pelipper
|-damage|p1a: Pelipper|79/100
|move|p1a: Pelipper|U-turn|p2a: Corviknight
|-resisted|p2a: Corviknight
|-damage|p2a: Corviknight|88/100
|
|t:|1760356278
|switch|p1a: Primarina|Primarina, F, shiny|45/100|[from] U-turn
|
|-weather|RainDance|[upkeep]
|-heal|p2a: Corviknight|94/100|[from] item: Leftovers
|upkeep
|turn|45
|
|t:|1760356287
|switch|p2a: Skeledirge|Skeledirge, F|100/100
|move|p1a: Primarina|Hyper Voice|p2a: Skeledirge
|-supereffective|p2a: Skeledirge
|-damage|p2a: Skeledirge|0 fnt
|faint|p2a: Skeledirge
|
|-weather|RainDance|[upkeep]
|upkeep
|
|t:|1760356298
|switch|p2a: Venusaur|Venusaur, M|66/100
|turn|46
|
|t:|1760356304
|move|p2a: Venusaur|Leech Seed|p1a: Primarina
|-start|p1a: Primarina|move: Leech Seed
|move|p1a: Primarina|Ice Beam|p2a: Venusaur
|-supereffective|p2a: Venusaur
|-damage|p2a: Venusaur|0 fnt
|faint|p2a: Venusaur
|
|-weather|none
|upkeep
|
|t:|1760356311
|switch|p2a: Tyranitar|Tyranitar, F|18/100
|-weather|Sandstorm|[from] ability: Sand Stream|[of] p2a: Tyranitar
|turn|47
|
|t:|1760356316
|move|p2a: Tyranitar|Earthquake|p1a: Primarina
|-crit|p1a: Primarina
|-damage|p1a: Primarina|0 fnt
|faint|p1a: Primarina
|
|-weather|Sandstorm|[upkeep]
|upkeep
|
|t:|1760356328
|switch|p1a: Gogoat|Gogoat, F, shiny|57/100
|turn|48
|inactive|nwo castle has 120 seconds left.
|
|t:|1760356367
|switch|p2a: Corviknight|Corviknight, F|94/100
|-ability|p2a: Corviknight|Pressure
|move|p1a: Gogoat|Trailblaze|p2a: Corviknight
|-resisted|p2a: Corviknight
|-damage|p2a: Corviknight|90/100
|-boost|p1a: Gogoat|spe|1
|
|-weather|Sandstorm|[upkeep]
|-damage|p1a: Gogoat|50/100|[from] Sandstorm
|-heal|p2a: Corviknight|97/100|[from] item: Leftovers
|upkeep
|turn|49
|inactive|nwo castle has 120 seconds left.
|
|t:|1760356379
|switch|p1a: Pelipper|Pelipper, M, shiny|79/100
|-weather|RainDance|[from] ability: Drizzle|[of] p1a: Pelipper
|move|p2a: Corviknight|Brave Bird|p1a: Pelipper
|-damage|p1a: Pelipper|43/100
|-damage|p2a: Corviknight|87/100|[from] Recoil
|
|-weather|RainDance|[upkeep]
|-heal|p2a: Corviknight|93/100|[from] item: Leftovers
|upkeep
|turn|50
|inactive|nwo castle has 120 seconds left.
|
|t:|1760356390
|move|p2a: Corviknight|Brave Bird|p1a: Pelipper
|-damage|p1a: Pelipper|9/100
|-damage|p2a: Corviknight|84/100|[from] Recoil
|move|p1a: Pelipper|Tailwind|p1a: Pelipper
|-sidestart|p1: nwo castle|move: Tailwind
|
|-weather|RainDance|[upkeep]
|-heal|p2a: Corviknight|90/100|[from] item: Leftovers
|upkeep
|turn|51
|inactive|nwo castle has 120 seconds left.
|
|t:|1760356401
|move|p1a: Pelipper|U-turn|p2a: Corviknight
|-resisted|p2a: Corviknight
|-damage|p2a: Corviknight|89/100
|inactive|nwo castle has 120 seconds left.
|
|t:|1760356409
|switch|p1a: Gogoat|Gogoat, F, shiny|50/100|[from] U-turn
|move|p2a: Corviknight|Brave Bird|p1a: Gogoat
|-supereffective|p1a: Gogoat
|-damage|p1a: Gogoat|0 fnt
|faint|p1a: Gogoat
|-damage|p2a: Corviknight|73/100|[from] Recoil
|
|-weather|RainDance|[upkeep]
|-heal|p2a: Corviknight|79/100|[from] item: Leftovers
|upkeep
|inactive|nwo castle has 120 seconds left.
|
|t:|1760356421
|switch|p1a: Weezing|Weezing-Galar, F, shiny|32/100
|-ability|p1a: Weezing|Neutralizing Gas
|turn|52
|inactive|CuestaChu has 120 seconds left.
|
|t:|1760356460
|switch|p2a: Tyranitar|Tyranitar, F|18/100
|move|p1a: Weezing|Will-O-Wisp|p2a: Tyranitar
|-status|p2a: Tyranitar|brn
|
|-weather|RainDance|[upkeep]
|-damage|p2a: Tyranitar|12/100 brn|[from] brn
|upkeep
|turn|53
|inactive|CuestaChu has 120 seconds left.
|
|t:|1760356474
|-end|p1a: Weezing|ability: Neutralizing Gas
|-weather|Sandstorm|[from] ability: Sand Stream|[of] p2a: Tyranitar
|switch|p1a: Pelipper|Pelipper, M, shiny|9/100
|-weather|RainDance|[from] ability: Drizzle|[of] p1a: Pelipper
|move|p2a: Tyranitar|Earthquake|p1a: Pelipper
|-immune|p1a: Pelipper
|
|-weather|RainDance|[upkeep]
|-damage|p2a: Tyranitar|6/100 brn|[from] brn
|-sideend|p1: nwo castle|move: Tailwind
|upkeep
|turn|54
|inactive|CuestaChu has 120 seconds left.
|
|t:|1760356485
|switch|p2a: Corviknight|Corviknight, F|79/100
|-ability|p2a: Corviknight|Pressure
|move|p1a: Pelipper|U-turn|p2a: Corviknight
|-resisted|p2a: Corviknight
|-damage|p2a: Corviknight|78/100
|
|t:|1760356494
|switch|p1a: Weezing|Weezing-Galar, F, shiny|32/100|[from] U-turn
|-ability|p1a: Weezing|Neutralizing Gas
|
|-weather|RainDance|[upkeep]
|-heal|p2a: Corviknight|84/100|[from] item: Leftovers
|upkeep
|turn|55
|inactive|nwo castle has 120 seconds left.
|
|t:|1760356509
|move|p2a: Corviknight|Brave Bird|p1a: Weezing
|-damage|p1a: Weezing|5/100
|-damage|p2a: Corviknight|77/100|[from] Recoil
|move|p1a: Weezing|Will-O-Wisp|p2a: Corviknight
|-status|p2a: Corviknight|brn
|
|-weather|RainDance|[upkeep]
|-heal|p2a: Corviknight|83/100 brn|[from] item: Leftovers
|-damage|p2a: Corviknight|77/100 brn|[from] brn
|upkeep
|turn|56
|inactive|nwo castle has 120 seconds left.
|
|t:|1760356528
|move|p2a: Corviknight|Brave Bird|p1a: Weezing
|-damage|p1a: Weezing|0 fnt
|faint|p1a: Weezing
|-end|p1a: Weezing|ability: Neutralizing Gas
|-ability|p2a: Corviknight|Pressure
|-damage|p2a: Corviknight|76/100 brn|[from] Recoil
|
|-weather|RainDance|[upkeep]
|-heal|p2a: Corviknight|82/100 brn|[from] item: Leftovers
|-damage|p2a: Corviknight|76/100 brn|[from] brn
|upkeep
|
|t:|1760356549
|switch|p1a: Comfey|Comfey, F, shiny|57/100
|turn|57
|
|t:|1760356564
|move|p1a: Comfey|Calm Mind|p1a: Comfey
|-boost|p1a: Comfey|spa|1
|-boost|p1a: Comfey|spd|1
|move|p2a: Corviknight|Brave Bird|p1a: Comfey
|-damage|p1a: Comfey|42/100
|-damage|p2a: Corviknight|72/100 brn|[from] Recoil
|
|-weather|none
|-heal|p2a: Corviknight|78/100 brn|[from] item: Leftovers
|-damage|p2a: Corviknight|72/100 brn|[from] brn
|upkeep
|turn|58
|
|t:|1760356576
|move|p1a: Comfey|Calm Mind|p1a: Comfey
|-boost|p1a: Comfey|spa|1
|-boost|p1a: Comfey|spd|1
|move|p2a: Corviknight|Brave Bird|p1a: Comfey
|-damage|p1a: Comfey|27/100
|-damage|p2a: Corviknight|68/100 brn|[from] Recoil
|
|-heal|p2a: Corviknight|74/100 brn|[from] item: Leftovers
|-damage|p2a: Corviknight|68/100 brn|[from] brn
|upkeep
|turn|59
|
|t:|1760356588
|move|p1a: Comfey|Synthesis|p1a: Comfey
|-heal|p1a: Comfey|77/100
|move|p2a: Corviknight|Brave Bird|p1a: Comfey
|-damage|p1a: Comfey|62/100
|-damage|p2a: Corviknight|64/100 brn|[from] Recoil
|
|-heal|p2a: Corviknight|70/100 brn|[from] item: Leftovers
|-damage|p2a: Corviknight|64/100 brn|[from] brn
|upkeep
|turn|60
|
|t:|1760356600
|move|p1a: Comfey|Calm Mind|p1a: Comfey
|-boost|p1a: Comfey|spa|1
|-boost|p1a: Comfey|spd|1
|move|p2a: Corviknight|Roost|p2a: Corviknight
|-heal|p2a: Corviknight|100/100 brn
|-singleturn|p2a: Corviknight|move: Roost
|
|-damage|p2a: Corviknight|94/100 brn|[from] brn
|upkeep
|turn|61
|c|☆CuestaChu|gg
|
|t:|1760356613
|move|p1a: Comfey|Synthesis|p1a: Comfey
|-heal|p1a: Comfey|100/100
|move|p2a: Corviknight|Brave Bird|p1a: Comfey
|-damage|p1a: Comfey|85/100
|-damage|p2a: Corviknight|90/100 brn|[from] Recoil
|
|-heal|p2a: Corviknight|96/100 brn|[from] item: Leftovers
|-damage|p2a: Corviknight|90/100 brn|[from] brn
|upkeep
|turn|62
|
|t:|1760356631
|move|p1a: Comfey|Calm Mind|p1a: Comfey
|-boost|p1a: Comfey|spa|1
|-boost|p1a: Comfey|spd|1
|move|p2a: Corviknight|Brave Bird|p1a: Comfey
|-damage|p1a: Comfey|69/100
|-damage|p2a: Corviknight|86/100 brn|[from] Recoil
|
|-heal|p2a: Corviknight|92/100 brn|[from] item: Leftovers
|-damage|p2a: Corviknight|86/100 brn|[from] brn
|upkeep
|turn|63
|
|t:|1760356645
|move|p1a: Comfey|Calm Mind|p1a: Comfey
|-boost|p1a: Comfey|spa|1
|-boost|p1a: Comfey|spd|1
|move|p2a: Corviknight|Brave Bird|p1a: Comfey
|-crit|p1a: Comfey
|-damage|p1a: Comfey|47/100
|-damage|p2a: Corviknight|80/100 brn|[from] Recoil
|
|-heal|p2a: Corviknight|87/100 brn|[from] item: Leftovers
|-damage|p2a: Corviknight|80/100 brn|[from] brn
|upkeep
|turn|64
|
|t:|1760356656
|move|p1a: Comfey|Synthesis|p1a: Comfey
|-heal|p1a: Comfey|97/100
|move|p2a: Corviknight|Brave Bird|p1a: Comfey
|-damage|p1a: Comfey|80/100
|-damage|p2a: Corviknight|76/100 brn|[from] Recoil
|
|-heal|p2a: Corviknight|82/100 brn|[from] item: Leftovers
|-damage|p2a: Corviknight|76/100 brn|[from] brn
|upkeep
|turn|65
|inactive|nwo castle has 90 seconds left.
|
|t:|1760356690
|move|p1a: Comfey|Calm Mind|p1a: Comfey
|-boost|p1a: Comfey|spa|1
|-boost|p1a: Comfey|spd|1
|move|p2a: Corviknight|Brave Bird|p1a: Comfey
|-damage|p1a: Comfey|63/100
|-damage|p2a: Corviknight|72/100 brn|[from] Recoil
|
|-heal|p2a: Corviknight|78/100 brn|[from] item: Leftovers
|-damage|p2a: Corviknight|72/100 brn|[from] brn
|upkeep
|turn|66
|inactive|nwo castle has 90 seconds left.
|
|t:|1760356701
|move|p1a: Comfey|Draining Kiss|p2a: Corviknight
|-resisted|p2a: Corviknight
|-damage|p2a: Corviknight|45/100 brn
|-heal|p1a: Comfey|90/100|[from] drain|[of] p2a: Corviknight
|move|p2a: Corviknight|Brave Bird|p1a: Comfey
|-damage|p1a: Comfey|75/100
|-damage|p2a: Corviknight|41/100 brn|[from] Recoil
|
|-heal|p2a: Corviknight|47/100 brn|[from] item: Leftovers
|-damage|p2a: Corviknight|41/100 brn|[from] brn
|upkeep
|turn|67
|inactive|nwo castle has 90 seconds left.
|
|t:|1760356713
|switch|p2a: Tyranitar|Tyranitar, F|6/100 brn
|-weather|Sandstorm|[from] ability: Sand Stream|[of] p2a: Tyranitar
|move|p1a: Comfey|Draining Kiss|p2a: Tyranitar
|-supereffective|p2a: Tyranitar
|-damage|p2a: Tyranitar|0 fnt
|-heal|p1a: Comfey|81/100|[from] drain|[of] p2a: Tyranitar
|faint|p2a: Tyranitar
|
|-weather|Sandstorm|[upkeep]
|-damage|p1a: Comfey|75/100|[from] Sandstorm
|upkeep
|
|t:|1760356723
|switch|p2a: Corviknight|Corviknight, F|41/100 brn
|-ability|p2a: Corviknight|Pressure
|turn|68
|
|t:|1760356729
|move|p1a: Comfey|Draining Kiss|p2a: Corviknight
|-resisted|p2a: Corviknight
|-damage|p2a: Corviknight|16/100 brn
|-heal|p1a: Comfey|99/100|[from] drain|[of] p2a: Corviknight
|move|p2a: Corviknight|Roost|p2a: Corviknight
|-heal|p2a: Corviknight|66/100 brn
|-singleturn|p2a: Corviknight|move: Roost
|
|-weather|Sandstorm|[upkeep]
|-damage|p1a: Comfey|93/100|[from] Sandstorm
|-heal|p2a: Corviknight|72/100 brn|[from] item: Leftovers
|-damage|p2a: Corviknight|66/100 brn|[from] brn
|upkeep
|turn|69
|
|t:|1760356747
|move|p1a: Comfey|Giga Drain|p2a: Corviknight
|-resisted|p2a: Corviknight
|-damage|p2a: Corviknight|52/100 brn
|-heal|p1a: Comfey|100/100|[from] drain|[of] p2a: Corviknight
|move|p2a: Corviknight|Roost|p2a: Corviknight
|-heal|p2a: Corviknight|100/100 brn
|-singleturn|p2a: Corviknight|move: Roost
|
|-weather|Sandstorm|[upkeep]
|-damage|p1a: Comfey|94/100|[from] Sandstorm
|-damage|p2a: Corviknight|94/100 brn|[from] brn
|upkeep
|turn|70
|inactive|nwo castle has 90 seconds left.
|
|t:|1760356764
|move|p1a: Comfey|Giga Drain|p2a: Corviknight
|-resisted|p2a: Corviknight
|-damage|p2a: Corviknight|82/100 brn
|-heal|p1a: Comfey|100/100|[from] drain|[of] p2a: Corviknight
|move|p2a: Corviknight|Brave Bird|p1a: Comfey
|-damage|p1a: Comfey|85/100
|-damage|p2a: Corviknight|78/100 brn|[from] Recoil
|
|-weather|Sandstorm|[upkeep]
|-damage|p1a: Comfey|79/100|[from] Sandstorm
|-heal|p2a: Corviknight|84/100 brn|[from] item: Leftovers
|-damage|p2a: Corviknight|78/100 brn|[from] brn
|upkeep
|turn|71
|inactive|nwo castle has 90 seconds left.
|
|t:|1760356778
|move|p1a: Comfey|Giga Drain|p2a: Corviknight
|-resisted|p2a: Corviknight
|-damage|p2a: Corviknight|65/100 brn
|-heal|p1a: Comfey|88/100|[from] drain|[of] p2a: Corviknight
|move|p2a: Corviknight|Brave Bird|p1a: Comfey
|-damage|p1a: Comfey|71/100
|-damage|p2a: Corviknight|61/100 brn|[from] Recoil
|
|-weather|none
|-heal|p2a: Corviknight|67/100 brn|[from] item: Leftovers
|-damage|p2a: Corviknight|61/100 brn|[from] brn
|upkeep
|turn|72
|inactive|nwo castle has 90 seconds left.
|
|t:|1760356790
|move|p1a: Comfey|Draining Kiss|p2a: Corviknight
|-resisted|p2a: Corviknight
|-damage|p2a: Corviknight|34/100 brn
|-heal|p1a: Comfey|98/100|[from] drain|[of] p2a: Corviknight
|move|p2a: Corviknight|Brave Bird|p1a: Comfey
|-damage|p1a: Comfey|81/100
|-damage|p2a: Corviknight|29/100 brn|[from] Recoil
|
|-heal|p2a: Corviknight|36/100 brn|[from] item: Leftovers
|-damage|p2a: Corviknight|29/100 brn|[from] brn
|upkeep
|turn|73
|inactive|nwo castle has 90 seconds left.
|
|t:|1760356809
|move|p1a: Comfey|Draining Kiss|p2a: Corviknight
|-resisted|p2a: Corviknight
|-damage|p2a: Corviknight|3/100 brn
|-heal|p1a: Comfey|100/100|[from] drain|[of] p2a: Corviknight
|move|p2a: Corviknight|Roost|p2a: Corviknight
|-heal|p2a: Corviknight|53/100 brn
|-singleturn|p2a: Corviknight|move: Roost
|
|-heal|p2a: Corviknight|59/100 brn|[from] item: Leftovers
|-damage|p2a: Corviknight|53/100 brn|[from] brn
|upkeep
|turn|74
|inactive|nwo castle has 90 seconds left.
|
|t:|1760356820
|move|p1a: Comfey|Giga Drain|p2a: Corviknight
|-resisted|p2a: Corviknight
|-damage|p2a: Corviknight|39/100 brn
|move|p2a: Corviknight|Roost|p2a: Corviknight
|-heal|p2a: Corviknight|89/100 brn
|-singleturn|p2a: Corviknight|move: Roost
|
|-heal|p2a: Corviknight|96/100 brn|[from] item: Leftovers
|-damage|p2a: Corviknight|89/100 brn|[from] brn
|upkeep
|turn|75
|inactive|nwo castle has 90 seconds left.
|
|t:|1760356832
|move|p1a: Comfey|Giga Drain|p2a: Corviknight
|-resisted|p2a: Corviknight
|-damage|p2a: Corviknight|76/100 brn
|move|p2a: Corviknight|Defog|p1a: Comfey
|-unboost|p1a: Comfey|evasion|1
|
|-heal|p2a: Corviknight|82/100 brn|[from] item: Leftovers
|-damage|p2a: Corviknight|76/100 brn|[from] brn
|upkeep
|turn|76
|inactive|nwo castle has 90 seconds left.
|
|t:|1760356851
|move|p1a: Comfey|Giga Drain|p2a: Corviknight
|-resisted|p2a: Corviknight
|-damage|p2a: Corviknight|64/100 brn
|move|p2a: Corviknight|Defog|p1a: Comfey
|-unboost|p1a: Comfey|evasion|1
|
|-heal|p2a: Corviknight|70/100 brn|[from] item: Leftovers
|-damage|p2a: Corviknight|64/100 brn|[from] brn
|upkeep
|turn|77
|inactive|nwo castle has 90 seconds left.
|
|t:|1760356872
|move|p1a: Comfey|Giga Drain|p2a: Corviknight
|-resisted|p2a: Corviknight
|-damage|p2a: Corviknight|52/100 brn
|move|p2a: Corviknight|Defog|p1a: Comfey
|-unboost|p1a: Comfey|evasion|1
|
|-heal|p2a: Corviknight|58/100 brn|[from] item: Leftovers
|-damage|p2a: Corviknight|52/100 brn|[from] brn
|upkeep
|turn|78
|
|t:|1760356887
|switch|p1a: Pelipper|Pelipper, M, shiny|9/100
|-weather|RainDance|[from] ability: Drizzle|[of] p1a: Pelipper
|move|p2a: Corviknight|Roost|p2a: Corviknight
|-heal|p2a: Corviknight|100/100 brn
|-singleturn|p2a: Corviknight|move: Roost
|
|-weather|RainDance|[upkeep]
|-damage|p2a: Corviknight|94/100 brn|[from] brn
|upkeep
|turn|79
|
|t:|1760356897
|move|p2a: Corviknight|Brave Bird|p1a: Pelipper
|-damage|p1a: Pelipper|0 fnt
|faint|p1a: Pelipper
|-damage|p2a: Corviknight|92/100 brn|[from] Recoil
|
|-weather|RainDance|[upkeep]
|-heal|p2a: Corviknight|98/100 brn|[from] item: Leftovers
|-damage|p2a: Corviknight|92/100 brn|[from] brn
|upkeep
|
|t:|1760356901
|switch|p1a: Comfey|Comfey, F, shiny|100/100
|turn|80
|
|t:|1760356908
|move|p1a: Comfey|Calm Mind|p1a: Comfey
|-boost|p1a: Comfey|spa|1
|-boost|p1a: Comfey|spd|1
|move|p2a: Corviknight|Brave Bird|p1a: Comfey
|-damage|p1a: Comfey|85/100
|-damage|p2a: Corviknight|88/100 brn|[from] Recoil
|
|-weather|RainDance|[upkeep]
|-heal|p2a: Corviknight|94/100 brn|[from] item: Leftovers
|-damage|p2a: Corviknight|88/100 brn|[from] brn
|upkeep
|turn|81
|inactive|nwo castle has 90 seconds left.
|
|t:|1760356929
|move|p1a: Comfey|Calm Mind|p1a: Comfey
|-boost|p1a: Comfey|spa|1
|-boost|p1a: Comfey|spd|1
|move|p2a: Corviknight|Brave Bird|p1a: Comfey
|-damage|p1a: Comfey|68/100
|-damage|p2a: Corviknight|84/100 brn|[from] Recoil
|
|-weather|RainDance|[upkeep]
|-heal|p2a: Corviknight|90/100 brn|[from] item: Leftovers
|-damage|p2a: Corviknight|84/100 brn|[from] brn
|upkeep
|turn|82
|inactive|nwo castle has 90 seconds left.
|
|t:|1760356941
|move|p1a: Comfey|Calm Mind|p1a: Comfey
|-boost|p1a: Comfey|spa|1
|-boost|p1a: Comfey|spd|1
|move|p2a: Corviknight|Brave Bird|p1a: Comfey
|-damage|p1a: Comfey|51/100
|-damage|p2a: Corviknight|79/100 brn|[from] Recoil
|
|-weather|none
|-heal|p2a: Corviknight|86/100 brn|[from] item: Leftovers
|-damage|p2a: Corviknight|79/100 brn|[from] brn
|upkeep
|turn|83
|inactive|nwo castle has 90 seconds left.
|
|t:|1760356952
|move|p1a: Comfey|Synthesis|p1a: Comfey
|-heal|p1a: Comfey|100/100
|move|p2a: Corviknight|Brave Bird|p1a: Comfey
|-damage|p1a: Comfey|84/100
|-damage|p2a: Corviknight|75/100 brn|[from] Recoil
|
|-heal|p2a: Corviknight|82/100 brn|[from] item: Leftovers
|-damage|p2a: Corviknight|75/100 brn|[from] brn
|upkeep
|turn|84
|
|t:|1760356967
|move|p1a: Comfey|Calm Mind|p1a: Comfey
|-boost|p1a: Comfey|spa|1
|-boost|p1a: Comfey|spd|1
|move|p2a: Corviknight|Body Press|p1a: Comfey
|-resisted|p1a: Comfey
|-damage|p1a: Comfey|79/100
|
|-heal|p2a: Corviknight|82/100 brn|[from] item: Leftovers
|-damage|p2a: Corviknight|75/100 brn|[from] brn
|upkeep
|turn|85
|
|t:|1760356978
|move|p1a: Comfey|Calm Mind|p1a: Comfey
|-boost|p1a: Comfey|spa|1
|-boost|p1a: Comfey|spd|1
|move|p2a: Corviknight|Defog|p1a: Comfey
|-unboost|p1a: Comfey|evasion|1
|
|-heal|p2a: Corviknight|82/100 brn|[from] item: Leftovers
|-damage|p2a: Corviknight|75/100 brn|[from] brn
|upkeep
|turn|86
|
|t:|1760356989
|move|p1a: Comfey|Giga Drain|p2a: Corviknight
|-resisted|p2a: Corviknight
|-damage|p2a: Corviknight|64/100 brn
|-heal|p1a: Comfey|86/100|[from] drain|[of] p2a: Corviknight
|move|p2a: Corviknight|Defog|p1a: Comfey
|-unboost|p1a: Comfey|evasion|1
|
|-heal|p2a: Corviknight|70/100 brn|[from] item: Leftovers
|-damage|p2a: Corviknight|64/100 brn|[from] brn
|upkeep
|turn|87
|
|t:|1760357001
|move|p1a: Comfey|Draining Kiss|p2a: Corviknight
|-resisted|p2a: Corviknight
|-damage|p2a: Corviknight|43/100 brn
|-heal|p1a: Comfey|100/100|[from] drain|[of] p2a: Corviknight
|move|p2a: Corviknight|Defog|p1a: Comfey
|-unboost|p1a: Comfey|evasion|1
|
|-heal|p2a: Corviknight|50/100 brn|[from] item: Leftovers
|-damage|p2a: Corviknight|43/100 brn|[from] brn
|upkeep
|turn|88
|
|t:|1760357010
|move|p1a: Comfey|Calm Mind|p1a: Comfey
|-boost|p1a: Comfey|spa|1
|-boost|p1a: Comfey|spd|1
|move|p2a: Corviknight|Roost|p2a: Corviknight
|-heal|p2a: Corviknight|93/100 brn
|-singleturn|p2a: Corviknight|move: Roost
|
|-heal|p2a: Corviknight|99/100 brn|[from] item: Leftovers
|-damage|p2a: Corviknight|93/100 brn|[from] brn
|upkeep
|turn|89
|
|t:|1760357025
|move|p1a: Comfey|Calm Mind|p1a: Comfey
|-boost|p1a: Comfey|spa|0
|-boost|p1a: Comfey|spd|0
|move|p2a: Corviknight|Defog|p1a: Comfey
|-unboost|p1a: Comfey|evasion|1
|
|-heal|p2a: Corviknight|99/100 brn|[from] item: Leftovers
|-damage|p2a: Corviknight|93/100 brn|[from] brn
|upkeep
|turn|90
|
|t:|1760357034
|move|p1a: Comfey|Calm Mind|p1a: Comfey
|-boost|p1a: Comfey|spa|0
|-boost|p1a: Comfey|spd|0
|move|p2a: Corviknight|Defog|p1a: Comfey
|-unboost|p1a: Comfey|evasion|1
|
|-heal|p2a: Corviknight|99/100 brn|[from] item: Leftovers
|-damage|p2a: Corviknight|93/100 brn|[from] brn
|upkeep
|turn|91
|inactive|nwo castle has 120 seconds left.
|
|t:|1760357044
|move|p1a: Comfey|Calm Mind|p1a: Comfey
|-boost|p1a: Comfey|spa|0
|-boost|p1a: Comfey|spd|0
|move|p2a: Corviknight|Defog|p1a: Comfey
|-unboost|p1a: Comfey|evasion|1
|
|-heal|p2a: Corviknight|99/100 brn|[from] item: Leftovers
|-damage|p2a: Corviknight|93/100 brn|[from] brn
|upkeep
|turn|92
|inactive|nwo castle has 120 seconds left.
|
|t:|1760357055
|move|p1a: Comfey|Calm Mind|p1a: Comfey
|-boost|p1a: Comfey|spa|0
|-boost|p1a: Comfey|spd|0
|move|p2a: Corviknight|Defog||[still]
|-unboost|p1a: Comfey|evasion|0
|-fail|p2a: Corviknight
|
|-heal|p2a: Corviknight|99/100 brn|[from] item: Leftovers
|-damage|p2a: Corviknight|93/100 brn|[from] brn
|upkeep
|turn|93
|inactive|nwo castle has 120 seconds left.
|
|t:|1760357066
|move|p1a: Comfey|Calm Mind|p1a: Comfey
|-boost|p1a: Comfey|spa|0
|-boost|p1a: Comfey|spd|0
|move|p2a: Corviknight|Defog||[still]
|-unboost|p1a: Comfey|evasion|0
|-fail|p2a: Corviknight
|
|-heal|p2a: Corviknight|99/100 brn|[from] item: Leftovers
|-damage|p2a: Corviknight|93/100 brn|[from] brn
|upkeep
|turn|94
|inactive|nwo castle has 120 seconds left.
|
|t:|1760357076
|move|p1a: Comfey|Calm Mind|p1a: Comfey
|-boost|p1a: Comfey|spa|0
|-boost|p1a: Comfey|spd|0
|move|p2a: Corviknight|Body Press|p1a: Comfey
|-resisted|p1a: Comfey
|-damage|p1a: Comfey|95/100
|
|-heal|p2a: Corviknight|99/100 brn|[from] item: Leftovers
|-damage|p2a: Corviknight|93/100 brn|[from] brn
|upkeep
|turn|95
|
|t:|1760357086
|move|p1a: Comfey|Calm Mind|p1a: Comfey
|-boost|p1a: Comfey|spa|0
|-boost|p1a: Comfey|spd|0
|move|p2a: Corviknight|Body Press|p1a: Comfey
|-resisted|p1a: Comfey
|-damage|p1a: Comfey|90/100
|
|-heal|p2a: Corviknight|99/100 brn|[from] item: Leftovers
|-damage|p2a: Corviknight|93/100 brn|[from] brn
|upkeep
|turn|96
|
|t:|1760357096
|move|p1a: Comfey|Calm Mind|p1a: Comfey
|-boost|p1a: Comfey|spa|0
|-boost|p1a: Comfey|spd|0
|move|p2a: Corviknight|Body Press|p1a: Comfey
|-resisted|p1a: Comfey
|-damage|p1a: Comfey|85/100
|
|-heal|p2a: Corviknight|99/100 brn|[from] item: Leftovers
|-damage|p2a: Corviknight|93/100 brn|[from] brn
|upkeep
|turn|97
|
|t:|1760357107
|move|p1a: Comfey|Calm Mind|p1a: Comfey
|-boost|p1a: Comfey|spa|0
|-boost|p1a: Comfey|spd|0
|move|p2a: Corviknight|Body Press|p1a: Comfey
|-resisted|p1a: Comfey
|-damage|p1a: Comfey|79/100
|
|-heal|p2a: Corviknight|99/100 brn|[from] item: Leftovers
|-damage|p2a: Corviknight|93/100 brn|[from] brn
|upkeep
|turn|98
|
|t:|1760357120
|move|p1a: Comfey|Calm Mind|p1a: Comfey
|-boost|p1a: Comfey|spa|0
|-boost|p1a: Comfey|spd|0
|move|p2a: Corviknight|Defog||[still]
|-unboost|p1a: Comfey|evasion|0
|-fail|p2a: Corviknight
|
|-heal|p2a: Corviknight|99/100 brn|[from] item: Leftovers
|-damage|p2a: Corviknight|93/100 brn|[from] brn
|upkeep
|turn|99
|
|t:|1760357130
|move|p1a: Comfey|Calm Mind|p1a: Comfey
|-boost|p1a: Comfey|spa|0
|-boost|p1a: Comfey|spd|0
|move|p2a: Corviknight|Defog||[still]
|-unboost|p1a: Comfey|evasion|0
|-fail|p2a: Corviknight
|
|-heal|p2a: Corviknight|99/100 brn|[from] item: Leftovers
|-damage|p2a: Corviknight|93/100 brn|[from] brn
|upkeep
|turn|100
|
|t:|1760357142
|move|p1a: Comfey|Calm Mind|p1a: Comfey
|-boost|p1a: Comfey|spa|0
|-boost|p1a: Comfey|spd|0
|move|p2a: Corviknight|Defog||[still]
|-unboost|p1a: Comfey|evasion|0
|-fail|p2a: Corviknight
|
|-heal|p2a: Corviknight|99/100 brn|[from] item: Leftovers
|-damage|p2a: Corviknight|93/100 brn|[from] brn
|upkeep
|turn|101
|inactive|nwo castle has 120 seconds left.
|
|t:|1760357152
|move|p1a: Comfey|Calm Mind|p1a: Comfey
|-boost|p1a: Comfey|spa|0
|-boost|p1a: Comfey|spd|0
|move|p2a: Corviknight|Defog||[still]
|-unboost|p1a: Comfey|evasion|0
|-fail|p2a: Corviknight
|
|-heal|p2a: Corviknight|99/100 brn|[from] item: Leftovers
|-damage|p2a: Corviknight|93/100 brn|[from] brn
|upkeep
|turn|102
|inactive|nwo castle has 120 seconds left.
|
|t:|1760357162
|move|p1a: Comfey|Calm Mind|p1a: Comfey
|-boost|p1a: Comfey|spa|0
|-boost|p1a: Comfey|spd|0
|move|p2a: Corviknight|Defog||[still]
|-unboost|p1a: Comfey|evasion|0
|-fail|p2a: Corviknight
|
|-heal|p2a: Corviknight|99/100 brn|[from] item: Leftovers
|-damage|p2a: Corviknight|93/100 brn|[from] brn
|upkeep
|turn|103
|
|t:|1760357172
|move|p1a: Comfey|Calm Mind|p1a: Comfey
|-boost|p1a: Comfey|spa|0
|-boost|p1a: Comfey|spd|0
|move|p2a: Corviknight|Defog||[still]
|-unboost|p1a: Comfey|evasion|0
|-fail|p2a: Corviknight
|
|-heal|p2a: Corviknight|99/100 brn|[from] item: Leftovers
|-damage|p2a: Corviknight|93/100 brn|[from] brn
|upkeep
|turn|104
|
|t:|1760357185
|move|p1a: Comfey|Calm Mind|p1a: Comfey
|-boost|p1a: Comfey|spa|0
|-boost|p1a: Comfey|spd|0
|move|p2a: Corviknight|Defog||[still]
|-unboost|p1a: Comfey|evasion|0
|-fail|p2a: Corviknight
|
|-heal|p2a: Corviknight|99/100 brn|[from] item: Leftovers
|-damage|p2a: Corviknight|93/100 brn|[from] brn
|upkeep
|turn|105
|
|t:|1760357195
|move|p1a: Comfey|Calm Mind|p1a: Comfey
|-boost|p1a: Comfey|spa|0
|-boost|p1a: Comfey|spd|0
|move|p2a: Corviknight|Defog||[still]
|-unboost|p1a: Comfey|evasion|0
|-fail|p2a: Corviknight
|
|-heal|p2a: Corviknight|99/100 brn|[from] item: Leftovers
|-damage|p2a: Corviknight|93/100 brn|[from] brn
|upkeep
|turn|106
|
|t:|1760357206
|move|p1a: Comfey|Calm Mind|p1a: Comfey
|-boost|p1a: Comfey|spa|0
|-boost|p1a: Comfey|spd|0
|move|p2a: Corviknight|Defog||[still]
|-unboost|p1a: Comfey|evasion|0
|-fail|p2a: Corviknight
|
|-heal|p2a: Corviknight|99/100 brn|[from] item: Leftovers
|-damage|p2a: Corviknight|93/100 brn|[from] brn
|upkeep
|turn|107
|inactive|nwo castle has 90 seconds left.
|
|t:|1760357216
|move|p1a: Comfey|Draining Kiss|p2a: Corviknight
|-resisted|p2a: Corviknight
|-damage|p2a: Corviknight|66/100 brn
|-heal|p1a: Comfey|100/100|[from] drain|[of] p2a: Corviknight
|move|p2a: Corviknight|Defog||[still]
|-unboost|p1a: Comfey|evasion|0
|-fail|p2a: Corviknight
|
|-heal|p2a: Corviknight|72/100 brn|[from] item: Leftovers
|-damage|p2a: Corviknight|66/100 brn|[from] brn
|upkeep
|turn|108
|inactive|nwo castle has 90 seconds left.
|
|t:|1760357227
|move|p1a: Comfey|Draining Kiss|p2a: Corviknight
|-resisted|p2a: Corviknight
|-damage|p2a: Corviknight|42/100 brn
|move|p2a: Corviknight|Defog||[still]
|-unboost|p1a: Comfey|evasion|0
|-fail|p2a: Corviknight
|
|-heal|p2a: Corviknight|48/100 brn|[from] item: Leftovers
|-damage|p2a: Corviknight|42/100 brn|[from] brn
|upkeep
|turn|109
|
|t:|1760357237
|move|p1a: Comfey|Draining Kiss|p2a: Corviknight
|-resisted|p2a: Corviknight
|-damage|p2a: Corviknight|15/100 brn
|move|p2a: Corviknight|Roost|p2a: Corviknight
|-heal|p2a: Corviknight|65/100 brn
|-singleturn|p2a: Corviknight|move: Roost
|
|-heal|p2a: Corviknight|71/100 brn|[from] item: Leftovers
|-damage|p2a: Corviknight|65/100 brn|[from] brn
|upkeep
|turn|110
|
|t:|1760357249
|move|p1a: Comfey|Calm Mind|p1a: Comfey
|-boost|p1a: Comfey|spa|0
|-boost|p1a: Comfey|spd|0
|move|p2a: Corviknight|Defog||[still]
|-unboost|p1a: Comfey|evasion|0
|-fail|p2a: Corviknight
|
|-heal|p2a: Corviknight|71/100 brn|[from] item: Leftovers
|-damage|p2a: Corviknight|65/100 brn|[from] brn
|upkeep
|turn|111
|
|t:|1760357259
|move|p1a: Comfey|Synthesis|p1a: Comfey
|-fail|p1a: Comfey|heal
|move|p2a: Corviknight|Defog||[still]
|-unboost|p1a: Comfey|evasion|0
|-fail|p2a: Corviknight
|
|-heal|p2a: Corviknight|71/100 brn|[from] item: Leftovers
|-damage|p2a: Corviknight|65/100 brn|[from] brn
|upkeep
|turn|112
|
|t:|1760357269
|move|p1a: Comfey|Synthesis|p1a: Comfey
|-fail|p1a: Comfey|heal
|move|p2a: Corviknight|Body Press|p1a: Comfey
|-resisted|p1a: Comfey
|-damage|p1a: Comfey|95/100
|
|-heal|p2a: Corviknight|71/100 brn|[from] item: Leftovers
|-damage|p2a: Corviknight|65/100 brn|[from] brn
|upkeep
|turn|113
|inactive|nwo castle has 60 seconds left.
|c|☆CuestaChu|jjj
|
|t:|1760357303
|move|p1a: Comfey|Synthesis|p1a: Comfey
|-heal|p1a: Comfey|100/100
|move|p2a: Corviknight|Body Press|p1a: Comfey
|-resisted|p1a: Comfey
|-damage|p1a: Comfey|96/100
|
|-heal|p2a: Corviknight|71/100 brn|[from] item: Leftovers
|-damage|p2a: Corviknight|65/100 brn|[from] brn
|upkeep
|turn|114
|
|t:|1760357314
|move|p1a: Comfey|Synthesis|p1a: Comfey
|-heal|p1a: Comfey|100/100
|move|p2a: Corviknight|Body Press|p1a: Comfey
|-resisted|p1a: Comfey
|-crit|p1a: Comfey
|-damage|p1a: Comfey|93/100
|
|-heal|p2a: Corviknight|71/100 brn|[from] item: Leftovers
|-damage|p2a: Corviknight|65/100 brn|[from] brn
|upkeep
|turn|115
|c|☆CuestaChu|a ver cuanto quita combate
|
|t:|1760357324
|-activate|p1a: Comfey|move: Struggle
|move|p1a: Comfey|Struggle|p2a: Corviknight
|-damage|p2a: Corviknight|61/100 brn
|-damage|p1a: Comfey|67/100|[from] recoil
|move|p2a: Corviknight|Body Press|p1a: Comfey
|-resisted|p1a: Comfey
|-damage|p1a: Comfey|62/100
|
|-heal|p2a: Corviknight|68/100 brn|[from] item: Leftovers
|-damage|p2a: Corviknight|61/100 brn|[from] brn
|upkeep
|turn|116
|inactive|nwo castle has 30 seconds left.
|inactive|CuestaChu has 120 seconds left.
|c|☆CuestaChu|gg
|
|t:|1760357336
|-activate|p1a: Comfey|move: Struggle
|move|p1a: Comfey|Struggle|p2a: Corviknight
|-damage|p2a: Corviknight|58/100 brn
|-damage|p1a: Comfey|37/100|[from] recoil
|move|p2a: Corviknight|Body Press|p1a: Comfey
|-resisted|p1a: Comfey
|-damage|p1a: Comfey|32/100
|
|-heal|p2a: Corviknight|64/100 brn|[from] item: Leftovers
|-damage|p2a: Corviknight|58/100 brn|[from] brn
|upkeep
|turn|117
|inactive|nwo castle has 30 seconds left.
|inactive|CuestaChu has 120 seconds left.
|
|t:|1760357348
|-activate|p1a: Comfey|move: Struggle
|move|p1a: Comfey|Struggle|p2a: Corviknight
|-damage|p2a: Corviknight|55/100 brn
|-damage|p1a: Comfey|7/100|[from] recoil
|move|p2a: Corviknight|Body Press|p1a: Comfey
|-resisted|p1a: Comfey
|-damage|p1a: Comfey|1/100
|
|-heal|p2a: Corviknight|61/100 brn|[from] item: Leftovers
|-damage|p2a: Corviknight|55/100 brn|[from] brn
|upkeep
|turn|118
|inactive|nwo castle has 30 seconds left this turn.
|inactive|nwo castle has 20 seconds left.
|
|t:|1760357361
|-activate|p1a: Comfey|move: Struggle
|move|p1a: Comfey|Struggle|p2a: Corviknight
|-crit|p2a: Corviknight
|-damage|p2a: Corviknight|50/100 brn
|-damage|p1a: Comfey|0 fnt|[from] recoil
|faint|p1a: Comfey
|
|win|CuestaChu
|raw|nwo castle's rating: 1149 &rarr; <strong>1121</strong><br />(-28 for losing)
|raw|CuestaChu's rating: 1103 &rarr; <strong>1131</strong><br />(+28 for winning)
|l|☆nwo castle
|player|p1|
