|j|☆Jkonek
|j|☆gorgeoues g
|t:|1760343853
|gametype|singles
|player|p1|Jkonek|bellelba|1209
|player|p2|gorgeoues g|artist-gen4|1249
|gen|9
|tier|[Gen 9] OU
|rated|
|rule|HP Percentage Mod: HP is shown in percentages
|rule|Endless Battle Clause: Forcing endless battles is banned
|rule|Species Clause: Limit one of each Pokémon
|rule|OHKO Clause: OHKO moves are banned
|rule|Evasion Items Clause: Evasion items are banned
|rule|Evasion Moves Clause: Evasion moves are banned
|rule|Evasion Abilities Clause: Evasion abilities are banned
|rule|Sleep Moves Clause: Sleep-inducing moves are banned
|clearpoke
|poke|p1|Staraptor, F|
|poke|p1|Pelipper, F|
|poke|p1|Ogerpon-Wellspring, F|
|poke|p1|Scizor, F|
|poke|p1|Dragapult, M|
|poke|p1|Landorus-Therian, M|
|poke|p2|Raging Bolt|
|poke|p2|Serperior, F|
|poke|p2|Ribombee, M|
|poke|p2|Great Tusk|
|poke|p2|Gholdengo|
|poke|p2|Iron Valiant|
|teampreview
|inactive|Battle timer is ON: inactive players will automatically lose when time's up. (requested by Jkonek)
|
|t:|1760343870
|teamsize|p1|6
|teamsize|p2|6
|start
|switch|p1a: Staraptor|Staraptor, F|100/100
|switch|p2a: Ribombee|Ribombee, M, shiny|100/100
|turn|1
|
|t:|1760343875
|move|p1a: Staraptor|U-turn|p2a: Ribombee
|-resisted|p2a: Ribombee
|-damage|p2a: Ribombee|82/100
|
|t:|1760343880
|switch|p1a: Scizor|Scizor, F|100/100|[from] U-turn
|move|p2a: Ribombee|Sticky Web|p1a: Scizor
|-sidestart|p1: Jkonek|move: Sticky Web
|
|upkeep
|turn|2
|
|t:|1760343886
|move|p2a: Ribombee|Moonblast|p1a: Scizor
|-resisted|p1a: Scizor
|-damage|p1a: Scizor|70/100
|move|p1a: Scizor|U-turn|p2a: Ribombee
|-resisted|p2a: Ribombee
|-crit|p2a: Ribombee
|-damage|p2a: Ribombee|27/100
|
|t:|1760343901
|switch|p1a: Staraptor|Staraptor, F|100/100|[from] U-turn
|
|upkeep
|turn|3
|
|t:|1760343913
|move|p1a: Staraptor|U-turn|p2a: Ribombee
|-resisted|p2a: Ribombee
|-damage|p2a: Ribombee|7/100
|
|t:|1760343917
|switch|p1a: Scizor|Scizor, F|70/100|[from] U-turn
|-activate|p1a: Scizor|move: Sticky Web
|-unboost|p1a: Scizor|spe|1
|move|p2a: Ribombee|Moonblast|p1a: Scizor
|-resisted|p1a: Scizor
|-damage|p1a: Scizor|43/100
|
|-heal|p1a: Scizor|49/100|[from] item: Leftovers
|upkeep
|turn|4
|
|t:|1760343933
|move|p2a: Ribombee|Moonblast|p1a: Scizor
|-resisted|p1a: Scizor
|-damage|p1a: Scizor|20/100
|-unboost|p1a: Scizor|spa|1
|move|p1a: Scizor|Defog|p2a: Ribombee
|-unboost|p2a: Ribombee|evasion|1
|-sideend|p1: Jkonek|Sticky Web|[from] move: Defog|[of] p1a: Scizor
|
|-heal|p1a: Scizor|26/100|[from] item: Leftovers
|upkeep
|turn|5
|
|t:|1760343944
|move|p1a: Scizor|Bullet Punch|p2a: Ribombee
|-supereffective|p2a: Ribombee
|-damage|p2a: Ribombee|0 fnt
|faint|p2a: Ribombee
|
|-heal|p1a: Scizor|33/100|[from] item: Leftovers
|upkeep
|
|t:|1760343949
|switch|p2a: Serperior|Serperior, F|100/100
|turn|6
|
|t:|1760343954
|-terastallize|p2a: Serperior|Electric
|move|p2a: Serperior|Leaf Storm|p1a: Scizor
|-resisted|p1a: Scizor
|-damage|p1a: Scizor|8/100
|-boost|p2a: Serperior|spa|2
|move|p1a: Scizor|U-turn|p2a: Serperior
|-damage|p2a: Serperior|52/100
|
|t:|1760343968
|switch|p1a: Landorus|Landorus-Therian, M|100/100|[from] U-turn
|-ability|p1a: Landorus|Intimidate|boost
|-boost|p2a: Serperior|atk|1
|
|upkeep
|turn|7
|
|t:|1760343975
|move|p1a: Landorus|Sandsear Storm|p2a: Serperior|[miss]
|-miss|p1a: Landorus|p2a: Serperior
|move|p2a: Serperior|Leaf Storm|p1a: Landorus|[miss]
|-miss|p2a: Serperior|p1a: Landorus
|
|upkeep
|turn|8
|
|t:|1760343982
|move|p1a: Landorus|Sandsear Storm|p2a: Serperior|[miss]
|-miss|p1a: Landorus|p2a: Serperior
|move|p2a: Serperior|Leaf Storm|p1a: Landorus|[miss]
|-miss|p2a: Serperior|p1a: Landorus
|
|upkeep
|turn|9
|
|t:|1760343987
|move|p1a: Landorus|Sandsear Storm|p2a: Serperior
|-supereffective|p2a: Serperior
|-damage|p2a: Serperior|0 fnt
|faint|p2a: Serperior
|
|upkeep
|
|t:|1760343993
|switch|p2a: Raging Bolt|Raging Bolt|100/100
|-enditem|p2a: Raging Bolt|Booster Energy
|-activate|p2a: Raging Bolt|ability: Protosynthesis|[fromitem]
|-start|p2a: Raging Bolt|protosynthesisspa
|turn|10
|
|t:|1760344004
|switch|p1a: Pelipper|Pelipper, F|100/100
|-weather|RainDance|[from] ability: Drizzle|[of] p1a: Pelipper
|move|p2a: Raging Bolt|Dragon Pulse|p1a: Pelipper
|-damage|p1a: Pelipper|36/100
|
|-weather|RainDance|[upkeep]
|upkeep
|turn|11
|
|t:|1760344012
|switch|p1a: Landorus|Landorus-Therian, M|100/100
|-ability|p1a: Landorus|Intimidate|boost
|-unboost|p2a: Raging Bolt|atk|1
|move|p2a: Raging Bolt|Calm Mind|p2a: Raging Bolt
|-boost|p2a: Raging Bolt|spa|1
|-boost|p2a: Raging Bolt|spd|1
|
|-weather|RainDance|[upkeep]
|upkeep
|turn|12
|
|t:|1760344027
|move|p1a: Landorus|Sandsear Storm|p2a: Raging Bolt
|-supereffective|p2a: Raging Bolt
|-damage|p2a: Raging Bolt|51/100
|-status|p2a: Raging Bolt|brn
|move|p2a: Raging Bolt|Dragon Pulse|p1a: Landorus
|-damage|p1a: Landorus|0 fnt
|faint|p1a: Landorus
|
|-weather|RainDance|[upkeep]
|-damage|p2a: Raging Bolt|45/100 brn|[from] brn
|upkeep
|
|t:|1760344051
|switch|p1a: Dragapult|Dragapult, M|100/100
|turn|13
|
|t:|1760344056
|move|p2a: Raging Bolt|Thunderclap|p1a: Dragapult
|-resisted|p1a: Dragapult
|-damage|p1a: Dragapult|48/100
|move|p1a: Dragapult|Shadow Ball|p2a: Raging Bolt
|-crit|p2a: Raging Bolt
|-damage|p2a: Raging Bolt|0 fnt
|faint|p2a: Raging Bolt
|-end|p2a: Raging Bolt|Protosynthesis|[silent]
|
|-weather|RainDance|[upkeep]
|upkeep
|
|t:|1760344068
|switch|p2a: Great Tusk|Great Tusk|100/100
|turn|14
|
|t:|1760344077
|switch|p1a: Scizor|Scizor, F|8/100
|move|p2a: Great Tusk|Ice Spinner|p1a: Scizor
|-resisted|p1a: Scizor
|-damage|p1a: Scizor|0 fnt
|faint|p1a: Scizor
|
|-weather|RainDance|[upkeep]
|upkeep
|
|t:|1760344082
|switch|p1a: Staraptor|Staraptor, F|100/100
|turn|15
|
|t:|1760344089
|move|p1a: Staraptor|Final Gambit|p2a: Great Tusk
|-damage|p2a: Great Tusk|0 fnt
|faint|p1a: Staraptor
|faint|p2a: Great Tusk
|-end|p2a: Great Tusk|Protosynthesis|[silent]
|
|-weather|RainDance|[upkeep]
|upkeep
|
|t:|1760344106
|switch|p1a: Ogerpon|Ogerpon-Wellspring, F|100/100
|switch|p2a: Iron Valiant|Iron Valiant, shiny|100/100
|turn|16
|
|t:|1760344112
|-terastallize|p1a: Ogerpon|Water
|detailschange|p1a: Ogerpon|Ogerpon-Wellspring-Tera, F, tera:Water
|-ability|p1a: Ogerpon|Embody Aspect (Wellspring)|boost
|-boost|p1a: Ogerpon|spd|1
|move|p2a: Iron Valiant|Swords Dance|p2a: Iron Valiant
|-boost|p2a: Iron Valiant|atk|2
|move|p1a: Ogerpon|Ivy Cudgel|p2a: Iron Valiant|[anim] Ivy Cudgel Water
|-damage|p2a: Iron Valiant|0 fnt
|faint|p2a: Iron Valiant
|-end|p2a: Iron Valiant|Quark Drive|[silent]
|
|-weather|RainDance|[upkeep]
|upkeep
|
|t:|1760344120
|switch|p2a: Gholdengo|Gholdengo, shiny|100/100
|-item|p2a: Gholdengo|Air Balloon
|turn|17
|
|t:|1760344125
|move|p1a: Ogerpon|Ivy Cudgel|p2a: Gholdengo|[anim] Ivy Cudgel Water
|-damage|p2a: Gholdengo|0 fnt
|-enditem|p2a: Gholdengo|Air Balloon
|faint|p2a: Gholdengo
|
|win|Jkonek
|raw|Jkonek's rating: 1209 &rarr; <strong>1237</strong><br />(+28 for winning)
|raw|gorgeoues g's rating: 1249 &rarr; <strong>1221</strong><br />(-28 for losing)
|l|☆gorgeoues g
|player|p2|
|l|☆Jkonek
|player|p1|
