|j|☆Egoist N1 fan
|j|☆DrAlphaStone
|t:|1760400565
|gametype|singles
|player|p1|Egoist N1 fan|psychicf-gen3rs|1678
|player|p2|DrAlphaStone|karen|1690
|gen|9
|tier|[Gen 9] OU
|rated|
|rule|HP Percentage Mod: HP is shown in percentages
|rule|Endless Battle Clause: Forcing endless battles is banned
|rule|Species Clause: Limit one of each Pokémon
|rule|OHKO Clause: OHKO moves are banned
|rule|Evasion Items Clause: Evasion items are banned
|rule|Evasion Moves Clause: Evasion moves are banned
|rule|Evasion Abilities Clause: Evasion abilities are banned
|rule|Sleep Moves Clause: Sleep-inducing moves are banned
|clearpoke
|poke|p1|Okidogi, M|
|poke|p1|Corviknight, F|
|poke|p1|Ogerpon-Wellspring, F|
|poke|p1|Kingambit, F|
|poke|p1|Kyurem|
|poke|p1|Ting-Lu|
|poke|p2|Dragapult, F|
|poke|p2|Slowking-Galar, M|
|poke|p2|Zamazenta-*|
|poke|p2|Ogerpon-Wellspring, F|
|poke|p2|Rotom-Heat|
|poke|p2|Iron Treads|
|teampreview
|
|t:|1760400597
|teamsize|p1|6
|teamsize|p2|6
|start
|switch|p1a: Corviknight|Corviknight, F|100/100
|switch|p2a: Ogerpon|Ogerpon-Wellspring, F|100/100
|-ability|p1a: Corviknight|Pressure
|turn|1
|
|t:|1760400610
|move|p2a: Ogerpon|U-turn|p1a: Corviknight
|-resisted|p1a: Corviknight
|-damage|p1a: Corviknight|96/100
|-damage|p2a: Ogerpon|84/100|[from] item: Rocky Helmet|[of] p1a: Corviknight
|
|t:|1760400614
|switch|p2a: Rotom|Rotom-Heat|100/100|[from] U-turn
|move|p1a: Corviknight|U-turn|p2a: Rotom
|-resisted|p2a: Rotom
|-damage|p2a: Rotom|94/100
|
|t:|1760400629
|switch|p1a: Ogerpon|Ogerpon-Wellspring, F|100/100|[from] U-turn
|
|upkeep
|turn|2
|
|t:|1760400635
|move|p1a: Ogerpon|U-turn|p2a: Rotom
|-resisted|p2a: Rotom
|-damage|p2a: Rotom|82/100
|j| Kingambitofthehill
|
|t:|1760400638
|switch|p1a: Ting-Lu|Ting-Lu|100/100|[from] U-turn
|-ability|p1a: Ting-Lu|Vessel of Ruin
|move|p2a: Rotom|Will-O-Wisp|p1a: Ting-Lu|[miss]
|-miss|p2a: Rotom|p1a: Ting-Lu
|
|upkeep
|turn|3
|
|t:|1760400643
|move|p2a: Rotom|Will-O-Wisp|p1a: Ting-Lu
|-status|p1a: Ting-Lu|brn
|move|p1a: Ting-Lu|Stealth Rock|p2a: Rotom
|-sidestart|p2: DrAlphaStone|move: Stealth Rock
|
|-damage|p1a: Ting-Lu|94/100 brn|[from] brn
|upkeep
|turn|4
|
|t:|1760400649
|switch|p2a: Ogerpon|Ogerpon-Wellspring, F|84/100
|-damage|p2a: Ogerpon|72/100|[from] Stealth Rock
|move|p1a: Ting-Lu|Ruination|p2a: Ogerpon
|-damage|p2a: Ogerpon|36/100
|
|-heal|p1a: Ting-Lu|100/100 brn|[from] item: Leftovers
|-damage|p1a: Ting-Lu|94/100 brn|[from] brn
|upkeep
|turn|5
|
|t:|1760400656
|switch|p1a: Kyurem|Kyurem|100/100
|-ability|p1a: Kyurem|Pressure
|move|p2a: Ogerpon|Ivy Cudgel|p1a: Kyurem|[anim] Ivy Cudgel Water
|-resisted|p1a: Kyurem
|-damage|p1a: Kyurem|74/100
|
|upkeep
|turn|6
|
|t:|1760400664
|move|p1a: Kyurem|Freeze-Dry|p2a: Ogerpon
|-supereffective|p2a: Ogerpon
|-damage|p2a: Ogerpon|0 fnt
|faint|p2a: Ogerpon
|
|upkeep
|
|t:|1760400667
|switch|p2a: Slowking|Slowking-Galar, M|100/100
|turn|7
|
|t:|1760400670
|switch|p1a: Ting-Lu|Ting-Lu|94/100 brn
|-ability|p1a: Ting-Lu|Vessel of Ruin
|-prepare|p2a: Slowking|Chilly Reception|[premajor]
|move|p2a: Slowking|Chilly Reception|p2a: Slowking
|-weather|Snowscape
|
|t:|1760400676
|switch|p2a: Rotom|Rotom-Heat|82/100|[from] Chilly Reception
|
|-weather|Snowscape|[upkeep]
|-heal|p1a: Ting-Lu|100/100 brn|[from] item: Leftovers
|-damage|p1a: Ting-Lu|94/100 brn|[from] brn
|upkeep
|turn|8
|
|t:|1760400681
|move|p2a: Rotom|Overheat|p1a: Ting-Lu
|-damage|p1a: Ting-Lu|73/100 brn
|-unboost|p2a: Rotom|spa|2
|move|p1a: Ting-Lu|Ruination|p2a: Rotom
|-damage|p2a: Rotom|41/100
|
|-weather|Snowscape|[upkeep]
|-heal|p1a: Ting-Lu|79/100 brn|[from] item: Leftovers
|-damage|p1a: Ting-Lu|73/100 brn|[from] brn
|upkeep
|turn|9
|
|t:|1760400696
|switch|p1a: Kyurem|Kyurem|74/100
|-ability|p1a: Kyurem|Pressure
|move|p2a: Rotom|Pain Split|p1a: Kyurem
|-sethp|p1a: Kyurem|53/100|[from] move: Pain Split|[silent]
|-sethp|p2a: Rotom|68/100|[from] move: Pain Split
|
|-weather|Snowscape|[upkeep]
|upkeep
|turn|10
|
|t:|1760400709
|switch|p1a: Kingambit|Kingambit, F|100/100
|switch|p2a: Slowking|Slowking-Galar, M|100/100
|
|-weather|Snowscape|[upkeep]
|upkeep
|turn|11
|
|t:|1760400713
|switch|p2a: Zamazenta|Zamazenta|100/100
|-damage|p2a: Zamazenta|94/100|[from] Stealth Rock
|-ability|p2a: Zamazenta|Dauntless Shield|boost
|-boost|p2a: Zamazenta|def|1
|move|p1a: Kingambit|Kowtow Cleave|p2a: Zamazenta
|-resisted|p2a: Zamazenta
|-damage|p2a: Zamazenta|83/100
|
|-weather|none
|-heal|p2a: Zamazenta|89/100|[from] item: Leftovers
|upkeep
|turn|12
|
|t:|1760400720
|switch|p2a: Iron Treads|Iron Treads|100/100
|-end|p1a: Kingambit|fallenundefined|[silent]
|switch|p1a: Okidogi|Okidogi, M|100/100
|
|upkeep
|turn|13
|
|t:|1760400726
|switch|p1a: Corviknight|Corviknight, F|96/100
|-ability|p1a: Corviknight|Pressure
|move|p2a: Iron Treads|Stealth Rock|p1a: Corviknight
|-sidestart|p1: Egoist N1 fan|move: Stealth Rock
|
|upkeep
|turn|14
|
|t:|1760400728
|move|p2a: Iron Treads|Knock Off|p1a: Corviknight
|-crit|p1a: Corviknight
|-damage|p1a: Corviknight|68/100
|-damage|p2a: Iron Treads|84/100|[from] item: Rocky Helmet|[of] p1a: Corviknight
|-enditem|p1a: Corviknight|Rocky Helmet|[from] move: Knock Off|[of] p2a: Iron Treads
|move|p1a: Corviknight|Defog|p2a: Iron Treads
|-unboost|p2a: Iron Treads|evasion|1
|-sideend|p2: DrAlphaStone|Stealth Rock|[from] move: Defog|[of] p1a: Corviknight
|-sideend|p1: Egoist N1 fan|Stealth Rock|[from] move: Defog|[of] p1a: Corviknight
|
|upkeep
|turn|15
|
|t:|1760400735
|move|p2a: Iron Treads|Stealth Rock|p1a: Corviknight
|-sidestart|p1: Egoist N1 fan|move: Stealth Rock
|move|p1a: Corviknight|Roost|p1a: Corviknight
|-heal|p1a: Corviknight|100/100
|-singleturn|p1a: Corviknight|move: Roost
|
|upkeep
|turn|16
|
|t:|1760400738
|-end|p2a: Iron Treads|Quark Drive|[silent]
|switch|p2a: Rotom|Rotom-Heat|68/100
|move|p1a: Corviknight|Defog|p2a: Rotom
|-unboost|p2a: Rotom|evasion|1
|-sideend|p1: Egoist N1 fan|Stealth Rock|[from] move: Defog|[of] p1a: Corviknight
|
|upkeep
|turn|17
|
|t:|1760400745
|switch|p1a: Ting-Lu|Ting-Lu|73/100 brn
|-ability|p1a: Ting-Lu|Vessel of Ruin
|move|p2a: Rotom|Overheat|p1a: Ting-Lu
|-damage|p1a: Ting-Lu|53/100 brn
|-unboost|p2a: Rotom|spa|2
|
|-heal|p1a: Ting-Lu|60/100 brn|[from] item: Leftovers
|-damage|p1a: Ting-Lu|53/100 brn|[from] brn
|upkeep
|turn|18
|
|t:|1760400753
|switch|p2a: Slowking|Slowking-Galar, M|100/100
|move|p1a: Ting-Lu|Stealth Rock|p2a: Slowking
|-sidestart|p2: DrAlphaStone|move: Stealth Rock
|
|-heal|p1a: Ting-Lu|60/100 brn|[from] item: Leftovers
|-damage|p1a: Ting-Lu|53/100 brn|[from] brn
|upkeep
|turn|19
|
|t:|1760400758
|move|p1a: Ting-Lu|Ruination|p2a: Slowking
|-damage|p2a: Slowking|50/100
|-prepare|p2a: Slowking|Chilly Reception|[premajor]
|move|p2a: Slowking|Chilly Reception|p2a: Slowking
|-weather|Snowscape
|
|t:|1760400762
|switch|p2a: Iron Treads|Iron Treads|84/100|[from] Chilly Reception
|
|-weather|Snowscape|[upkeep]
|-heal|p1a: Ting-Lu|60/100 brn|[from] item: Leftovers
|-damage|p1a: Ting-Lu|53/100 brn|[from] brn
|upkeep
|turn|20
|
|t:|1760400771
|switch|p1a: Ogerpon|Ogerpon-Wellspring, F|100/100
|move|p2a: Iron Treads|Stealth Rock|p1a: Ogerpon
|-sidestart|p1: Egoist N1 fan|move: Stealth Rock
|
|-weather|Snowscape|[upkeep]
|upkeep
|turn|21
|
|t:|1760400777
|-end|p2a: Iron Treads|Quark Drive|[silent]
|switch|p2a: Dragapult|Dragapult, F|100/100
|-damage|p2a: Dragapult|88/100|[from] Stealth Rock
|move|p1a: Ogerpon|Knock Off|p2a: Dragapult
|-supereffective|p2a: Dragapult
|-damage|p2a: Dragapult|0 fnt
|-enditem|p2a: Dragapult|Leftovers|[from] move: Knock Off|[of] p1a: Ogerpon
|faint|p2a: Dragapult
|
|-weather|Snowscape|[upkeep]
|upkeep
|
|t:|1760400782
|switch|p2a: Zamazenta|Zamazenta|89/100
|-damage|p2a: Zamazenta|83/100|[from] Stealth Rock
|turn|22
|
|t:|1760400793
|switch|p1a: Okidogi|Okidogi, M|100/100
|-damage|p1a: Okidogi|94/100|[from] Stealth Rock
|move|p2a: Zamazenta|Iron Defense|p2a: Zamazenta
|-boost|p2a: Zamazenta|def|2
|
|-weather|Snowscape|[upkeep]
|-heal|p2a: Zamazenta|89/100|[from] item: Leftovers
|-heal|p1a: Okidogi|100/100|[from] item: Leftovers
|upkeep
|turn|23
|
|t:|1760400823
|move|p2a: Zamazenta|Iron Defense|p2a: Zamazenta
|-boost|p2a: Zamazenta|def|2
|move|p1a: Okidogi|Bulk Up|p1a: Okidogi
|-boost|p1a: Okidogi|atk|1
|-boost|p1a: Okidogi|def|1
|
|-weather|none
|-heal|p2a: Zamazenta|95/100|[from] item: Leftovers
|upkeep
|turn|24
|inactive|Battle timer is ON: inactive players will automatically lose when time's up. (requested by Egoist N1 fan)
|
|t:|1760400826
|move|p2a: Zamazenta|Body Press|p1a: Okidogi
|-resisted|p1a: Okidogi
|-damage|p1a: Okidogi|74/100
|move|p1a: Okidogi|Bulk Up|p1a: Okidogi
|-boost|p1a: Okidogi|atk|1
|-boost|p1a: Okidogi|def|1
|
|-heal|p2a: Zamazenta|100/100|[from] item: Leftovers
|-heal|p1a: Okidogi|80/100|[from] item: Leftovers
|upkeep
|turn|25
|
|t:|1760400830
|switch|p2a: Slowking|Slowking-Galar, M|84/100
|move|p1a: Okidogi|Bulk Up|p1a: Okidogi
|-boost|p1a: Okidogi|atk|1
|-boost|p1a: Okidogi|def|1
|
|-heal|p1a: Okidogi|87/100|[from] item: Leftovers
|upkeep
|turn|26
|
|t:|1760400832
|move|p1a: Okidogi|Knock Off|p2a: Slowking
|-supereffective|p2a: Slowking
|-damage|p2a: Slowking|0 fnt
|-enditem|p2a: Slowking|Heavy-Duty Boots|[from] move: Knock Off|[of] p1a: Okidogi
|faint|p2a: Slowking
|
|-heal|p1a: Okidogi|93/100|[from] item: Leftovers
|upkeep
|
|t:|1760400835
|switch|p2a: Rotom|Rotom-Heat|68/100
|turn|27
|
|t:|1760400838
|switch|p1a: Ting-Lu|Ting-Lu|53/100 brn
|-damage|p1a: Ting-Lu|47/100 brn|[from] Stealth Rock
|-ability|p1a: Ting-Lu|Vessel of Ruin
|move|p2a: Rotom|Will-O-Wisp|p1a: Ting-Lu
|-fail|p1a: Ting-Lu|brn
|
|-heal|p1a: Ting-Lu|53/100 brn|[from] item: Leftovers
|-damage|p1a: Ting-Lu|47/100 brn|[from] brn
|upkeep
|turn|28
|
|t:|1760400842
|switch|p2a: Zamazenta|Zamazenta|100/100
|-damage|p2a: Zamazenta|94/100|[from] Stealth Rock
|move|p1a: Ting-Lu|Ruination|p2a: Zamazenta
|-damage|p2a: Zamazenta|48/100
|
|-heal|p2a: Zamazenta|54/100|[from] item: Leftovers
|-heal|p1a: Ting-Lu|53/100 brn|[from] item: Leftovers
|-damage|p1a: Ting-Lu|47/100 brn|[from] brn
|upkeep
|turn|29
|
|t:|1760400865
|switch|p2a: Rotom|Rotom-Heat|68/100
|switch|p1a: Okidogi|Okidogi, M|93/100
|-damage|p1a: Okidogi|87/100|[from] Stealth Rock
|
|-heal|p1a: Okidogi|93/100|[from] item: Leftovers
|upkeep
|turn|30
|
|t:|1760400869
|switch|p1a: Ting-Lu|Ting-Lu|47/100 brn
|-damage|p1a: Ting-Lu|41/100 brn|[from] Stealth Rock
|-ability|p1a: Ting-Lu|Vessel of Ruin
|move|p2a: Rotom|Overheat|p1a: Ting-Lu
|-damage|p1a: Ting-Lu|22/100 brn
|-unboost|p2a: Rotom|spa|2
|
|-heal|p1a: Ting-Lu|28/100 brn|[from] item: Leftovers
|-damage|p1a: Ting-Lu|22/100 brn|[from] brn
|upkeep
|turn|31
|
|t:|1760400877
|switch|p2a: Zamazenta|Zamazenta|54/100
|-damage|p2a: Zamazenta|48/100|[from] Stealth Rock
|move|p1a: Ting-Lu|Ruination|p2a: Zamazenta
|-damage|p2a: Zamazenta|24/100
|
|-heal|p2a: Zamazenta|30/100|[from] item: Leftovers
|-heal|p1a: Ting-Lu|28/100 brn|[from] item: Leftovers
|-damage|p1a: Ting-Lu|22/100 brn|[from] brn
|upkeep
|turn|32
|
|t:|1760400884
|switch|p1a: Okidogi|Okidogi, M|93/100
|-damage|p1a: Okidogi|87/100|[from] Stealth Rock
|move|p2a: Zamazenta|Body Press|p1a: Okidogi
|-resisted|p1a: Okidogi
|-damage|p1a: Okidogi|74/100
|
|-heal|p2a: Zamazenta|36/100|[from] item: Leftovers
|-heal|p1a: Okidogi|80/100|[from] item: Leftovers
|upkeep
|turn|33
|
|t:|1760400887
|switch|p2a: Iron Treads|Iron Treads|84/100
|move|p1a: Okidogi|Knock Off|p2a: Iron Treads
|-damage|p2a: Iron Treads|60/100
|-enditem|p2a: Iron Treads|Heavy-Duty Boots|[from] move: Knock Off|[of] p1a: Okidogi
|
|-heal|p1a: Okidogi|86/100|[from] item: Leftovers
|upkeep
|turn|34
|
|t:|1760400892
|switch|p1a: Corviknight|Corviknight, F|100/100
|-damage|p1a: Corviknight|88/100|[from] Stealth Rock
|-ability|p1a: Corviknight|Pressure
|move|p2a: Iron Treads|Rapid Spin|p1a: Corviknight
|-resisted|p1a: Corviknight
|-damage|p1a: Corviknight|84/100
|-boost|p2a: Iron Treads|spe|1
|-sideend|p2: DrAlphaStone|Stealth Rock|[from] move: Rapid Spin|[of] p2a: Iron Treads
|
|upkeep
|turn|35
|
|t:|1760400895
|-end|p2a: Iron Treads|Quark Drive|[silent]
|switch|p2a: Rotom|Rotom-Heat|68/100
|move|p1a: Corviknight|Defog|p2a: Rotom
|-unboost|p2a: Rotom|evasion|1
|-sideend|p1: Egoist N1 fan|Stealth Rock|[from] move: Defog|[of] p1a: Corviknight
|
|upkeep
|turn|36
|
|t:|1760400904
|switch|p1a: Kyurem|Kyurem|53/100
|-ability|p1a: Kyurem|Pressure
|move|p2a: Rotom|Overheat|p1a: Kyurem
|-damage|p1a: Kyurem|6/100
|-unboost|p2a: Rotom|spa|2
|
|upkeep
|turn|37
|
|t:|1760400911
|move|p1a: Kyurem|Draco Meteor|p2a: Rotom
|-damage|p2a: Rotom|0 fnt
|-unboost|p1a: Kyurem|spa|2
|faint|p2a: Rotom
|
|upkeep
|-message|DrAlphaStone forfeited.
|
|win|Egoist N1 fan
|raw|Egoist N1 fan's rating: 1678 &rarr; <strong>1699</strong><br />(+21 for winning)
|raw|DrAlphaStone's rating: 1690 &rarr; <strong>1669</strong><br />(-21 for losing)
|l|☆DrAlphaStone
|player|p2|
|c| Kingambitofthehill|DrAlphaStone your team was not great
