|j|☆Eeljt
|j|☆Dest09
|t:|1760453552
|gametype|singles
|player|p1|Eeljt|101|1159
|player|p2|Dest09|101|1172
|gen|9
|tier|[Gen 9] OU
|rated|
|rule|HP Percentage Mod: HP is shown in percentages
|rule|Endless Battle Clause: Forcing endless battles is banned
|rule|Species Clause: Limit one of each Pokémon
|rule|OHKO Clause: OHKO moves are banned
|rule|Evasion Items Clause: Evasion items are banned
|rule|Evasion Moves Clause: Evasion moves are banned
|rule|Evasion Abilities Clause: Evasion abilities are banned
|rule|Sleep Moves Clause: Sleep-inducing moves are banned
|clearpoke
|poke|p1|Blaziken, F|
|poke|p1|Smeargle, M|
|poke|p1|Ninetales, M|
|poke|p1|Meowscarada, M|
|poke|p1|Kyurem|
|poke|p1|Iron Moth|
|poke|p2|Pincurchin, F|
|poke|p2|Pawmot, F|
|poke|p2|Iron Treads|
|poke|p2|Iron Valiant|
|poke|p2|Iron Leaves|
|poke|p2|Iron Jugulis|
|teampreview
|inactive|Battle timer is ON: inactive players will automatically lose when time's up. (requested by Dest09)
|
|t:|1760453558
|teamsize|p1|6
|teamsize|p2|6
|start
|switch|p1a: Kyurem|Kyurem|100/100
|switch|p2a: Pincurchin|Pincurchin, F, shiny|100/100
|-ability|p1a: Kyurem|Pressure
|-fieldstart|move: Electric Terrain|[from] ability: Electric Surge|[of] p2a: Pincurchin
|turn|1
|
|t:|1760453561
|move|p1a: Kyurem|Earth Power|p2a: Pincurchin
|-supereffective|p2a: Pincurchin
|-damage|p2a: Pincurchin|6/100
|move|p2a: Pincurchin|Thunder Wave|p1a: Kyurem
|-status|p1a: Kyurem|par
|
|upkeep
|turn|2
|
|t:|1760453585
|switch|p2a: Iron Jugulis|Iron Jugulis, shiny|100/100
|-activate|p2a: Iron Jugulis|ability: Quark Drive
|-start|p2a: Iron Jugulis|quarkdrivespe
|move|p1a: Kyurem|Freeze-Dry|p2a: Iron Jugulis
|-supereffective|p2a: Iron Jugulis
|-damage|p2a: Iron Jugulis|3/100
|
|upkeep
|turn|3
|
|t:|1760453592
|move|p2a: Iron Jugulis|Meteor Beam||[still]
|-prepare|p2a: Iron Jugulis|Meteor Beam
|-boost|p2a: Iron Jugulis|spa|1
|-enditem|p2a: Iron Jugulis|Power Herb
|-anim|p2a: Iron Jugulis|Meteor Beam|p1a: Kyurem
|-supereffective|p1a: Kyurem
|-damage|p1a: Kyurem|0 fnt
|faint|p1a: Kyurem
|
|upkeep
|
|t:|1760453600
|switch|p1a: Meowscarada|Meowscarada, M|100/100
|turn|4
|
|t:|1760453604
|move|p1a: Meowscarada|U-turn|p2a: Iron Jugulis
|-start|p1a: Meowscarada|typechange|Bug|[from] ability: Protean
|-damage|p2a: Iron Jugulis|0 fnt
|faint|p2a: Iron Jugulis
|-end|p2a: Iron Jugulis|Quark Drive|[silent]
|
|t:|1760453610
|switch|p1a: Iron Moth|Iron Moth|100/100|[from] U-turn
|-activate|p1a: Iron Moth|ability: Quark Drive
|-start|p1a: Iron Moth|quarkdrivespe
|
|upkeep
|
|t:|1760453620
|switch|p2a: Iron Leaves|Iron Leaves|100/100
|-activate|p2a: Iron Leaves|ability: Quark Drive
|-start|p2a: Iron Leaves|quarkdrivespe
|turn|5
|
|t:|1760453629
|move|p1a: Iron Moth|Fiery Dance|p2a: Iron Leaves
|-supereffective|p2a: Iron Leaves
|-damage|p2a: Iron Leaves|27/100
|-boost|p1a: Iron Moth|spa|1
|move|p2a: Iron Leaves|Psyblade|p1a: Iron Moth
|-supereffective|p1a: Iron Moth
|-damage|p1a: Iron Moth|0 fnt
|faint|p1a: Iron Moth
|-end|p1a: Iron Moth|Quark Drive|[silent]
|
|upkeep
|
|t:|1760453635
|switch|p1a: Meowscarada|Meowscarada, M|100/100
|turn|6
|
|t:|1760453641
|-end|p2a: Iron Leaves|Quark Drive|[silent]
|switch|p2a: Iron Treads|Iron Treads, shiny|100/100
|-activate|p2a: Iron Treads|ability: Quark Drive
|-start|p2a: Iron Treads|quarkdriveatk
|move|p1a: Meowscarada|U-turn|p2a: Iron Treads
|-start|p1a: Meowscarada|typechange|Bug|[from] ability: Protean
|-resisted|p2a: Iron Treads
|-damage|p2a: Iron Treads|87/100
|
|t:|1760453650
|switch|p1a: Ninetales|Ninetales, M|100/100|[from] U-turn
|-weather|SunnyDay|[from] ability: Drought|[of] p1a: Ninetales
|
|-weather|SunnyDay|[upkeep]
|upkeep
|turn|7
|
|t:|1760453667
|-terastallize|p2a: Iron Treads|Flying
|move|p1a: Ninetales|Flamethrower|p2a: Iron Treads
|-damage|p2a: Iron Treads|46/100
|move|p2a: Iron Treads|Earthquake|p1a: Ninetales
|-supereffective|p1a: Ninetales
|-damage|p1a: Ninetales|0 fnt
|faint|p1a: Ninetales
|
|-weather|SunnyDay|[upkeep]
|upkeep
|
|t:|1760453681
|switch|p1a: Blaziken|Blaziken, F|100/100
|turn|8
|
|t:|1760453690
|-terastallize|p1a: Blaziken|Grass
|move|p2a: Iron Treads|Earthquake|p1a: Blaziken
|-resisted|p1a: Blaziken
|-damage|p1a: Blaziken|55/100
|move|p1a: Blaziken|Focus Energy|p1a: Blaziken
|-start|p1a: Blaziken|move: Focus Energy
|
|-weather|SunnyDay|[upkeep]
|-fieldend|move: Electric Terrain
|-end|p2a: Iron Treads|Quark Drive
|-ability|p1a: Blaziken|Speed Boost|boost
|-boost|p1a: Blaziken|spe|1
|upkeep
|turn|9
|
|t:|1760453711
|move|p1a: Blaziken|Overheat|p2a: Iron Treads
|-crit|p2a: Iron Treads
|-damage|p2a: Iron Treads|0 fnt
|-unboost|p1a: Blaziken|spa|2
|faint|p2a: Iron Treads
|-end|p2a: Iron Treads|Quark Drive|[silent]
|
|-weather|SunnyDay|[upkeep]
|-ability|p1a: Blaziken|Speed Boost|boost
|-boost|p1a: Blaziken|spe|1
|upkeep
|
|t:|1760453714
|switch|p2a: Pincurchin|Pincurchin, F, shiny|6/100
|-fieldstart|move: Electric Terrain|[from] ability: Electric Surge|[of] p2a: Pincurchin
|turn|10
|
|t:|1760453716
|move|p2a: Pincurchin|Sucker Punch|p1a: Blaziken
|-damage|p1a: Blaziken|26/100
|move|p1a: Blaziken|Solar Beam||[still]
|-prepare|p1a: Blaziken|Solar Beam
|-anim|p1a: Blaziken|Solar Beam|p2a: Pincurchin
|-crit|p2a: Pincurchin
|-damage|p2a: Pincurchin|0 fnt
|faint|p2a: Pincurchin
|
|-weather|SunnyDay|[upkeep]
|-ability|p1a: Blaziken|Speed Boost|boost
|-boost|p1a: Blaziken|spe|1
|upkeep
|
|t:|1760453719
|switch|p2a: Iron Valiant|Iron Valiant, shiny|100/100
|-activate|p2a: Iron Valiant|ability: Quark Drive
|-start|p2a: Iron Valiant|quarkdrivespa
|turn|11
|
|t:|1760453721
|move|p2a: Iron Valiant|Vacuum Wave|p1a: Blaziken
|-damage|p1a: Blaziken|0 fnt
|faint|p1a: Blaziken
|
|-weather|SunnyDay|[upkeep]
|upkeep
|
|t:|1760453729
|switch|p1a: Meowscarada|Meowscarada, M|100/100
|turn|12
|
|t:|1760453733
|move|p2a: Iron Valiant|Vacuum Wave|p1a: Meowscarada
|-supereffective|p1a: Meowscarada
|-damage|p1a: Meowscarada|0 fnt
|faint|p1a: Meowscarada
|
|-weather|SunnyDay|[upkeep]
|upkeep
|
|t:|1760453735
|switch|p1a: Smeargle|Smeargle, M, shiny|100/100
|turn|13
|
|t:|1760453737
|move|p2a: Iron Valiant|Vacuum Wave|p1a: Smeargle
|-supereffective|p1a: Smeargle
|-damage|p1a: Smeargle|0 fnt
|faint|p1a: Smeargle
|
|win|Dest09
|raw|Eeljt's rating: 1159 &rarr; <strong>1135</strong><br />(-24 for losing)
|raw|Dest09's rating: 1172 &rarr; <strong>1196</strong><br />(+24 for winning)
|l|☆Eeljt
|player|p1|
|l|☆Dest09
|player|p2|
