|j|☆djamaO
|j|☆mechamakachino
|t:|1760458822
|gametype|singles
|player|p1|djamaO|benga|1568
|player|p2|mechamakachino|170|1620
|gen|9
|tier|[Gen 9] OU
|rated|
|rule|HP Percentage Mod: HP is shown in percentages
|rule|Endless Battle Clause: Forcing endless battles is banned
|rule|Species Clause: Limit one of each Pokémon
|rule|OHKO Clause: OHKO moves are banned
|rule|Evasion Items Clause: Evasion items are banned
|rule|Evasion Moves Clause: Evasion moves are banned
|rule|Evasion Abilities Clause: Evasion abilities are banned
|rule|Sleep Moves Clause: Sleep-inducing moves are banned
|clearpoke
|poke|p1|Garchomp, F|
|poke|p1|Alomomola, F|
|poke|p1|Slowking-Galar, M|
|poke|p1|Ditto|
|poke|p1|Great Tusk|
|poke|p1|Dragapult, M|
|poke|p2|Skarmory, M|
|poke|p2|Ting-Lu|
|poke|p2|Zamazenta-*|
|poke|p2|Pecharunt|
|poke|p2|Clefable, M|
|poke|p2|Walking Wake|
|teampreview
|
|t:|1760458846
|teamsize|p1|6
|teamsize|p2|6
|start
|switch|p1a: Ditto|Ditto|100/100
|switch|p2a: Moonwalker|Clefable, M|100/100
|-transform|p1a: Ditto|p2a: Moonwalker|[from] ability: Imposter
|turn|1
|
|t:|1760458856
|move|p1a: Ditto|Knock Off|p2a: Moonwalker
|-resisted|p2a: Moonwalker
|-damage|p2a: Moonwalker|94/100
|-enditem|p2a: Moonwalker|Leftovers|[from] move: Knock Off|[of] p1a: Ditto
|move|p2a: Moonwalker|Knock Off|p1a: Ditto
|-resisted|p1a: Ditto
|-damage|p1a: Ditto|93/100
|-enditem|p1a: Ditto|Choice Scarf|[from] move: Knock Off|[of] p2a: Moonwalker
|
|upkeep
|turn|2
|
|t:|1760458866
|move|p1a: Ditto|Calm Mind|p1a: Ditto
|-boost|p1a: Ditto|spa|1
|-boost|p1a: Ditto|spd|1
|move|p2a: Moonwalker|Knock Off|p1a: Ditto
|-resisted|p1a: Ditto
|-crit|p1a: Ditto
|-damage|p1a: Ditto|86/100
|
|upkeep
|turn|3
|
|t:|1760458873
|move|p2a: Moonwalker|Calm Mind|p2a: Moonwalker
|-boost|p2a: Moonwalker|spa|1
|-boost|p2a: Moonwalker|spd|1
|move|p1a: Ditto|Moonblast|p2a: Moonwalker
|-damage|p2a: Moonwalker|62/100
|
|upkeep
|turn|4
|
|t:|1760458886
|switch|p1a: Slowking|Slowking-Galar, M|100/100
|move|p2a: Moonwalker|Moonlight|p2a: Moonwalker
|-heal|p2a: Moonwalker|100/100
|
|upkeep
|turn|5
|
|t:|1760458892
|move|p2a: Moonwalker|Knock Off|p1a: Slowking
|-supereffective|p1a: Slowking
|-crit|p1a: Slowking
|-damage|p1a: Slowking|54/100
|-enditem|p1a: Slowking|Heavy-Duty Boots|[from] move: Knock Off|[of] p2a: Moonwalker
|move|p1a: Slowking|Sludge Bomb|p2a: Moonwalker
|-supereffective|p2a: Moonwalker
|-damage|p2a: Moonwalker|60/100
|
|upkeep
|turn|6
|j| mamay07
|
|t:|1760458899
|switch|p2a: Rock With You|Ting-Lu|100/100
|-ability|p2a: Rock With You|Vessel of Ruin
|move|p1a: Slowking|Sludge Bomb|p2a: Rock With You
|-resisted|p2a: Rock With You
|-damage|p2a: Rock With You|93/100
|
|-heal|p2a: Rock With You|99/100|[from] item: Leftovers
|upkeep
|turn|7
|
|t:|1760458909
|switch|p1a: Great Tusk|Great Tusk|100/100
|move|p2a: Rock With You|Ruination|p1a: Great Tusk
|-damage|p1a: Great Tusk|51/100
|
|-heal|p1a: Great Tusk|57/100|[from] item: Leftovers
|-heal|p2a: Rock With You|100/100|[from] item: Leftovers
|upkeep
|turn|8
|
|t:|1760458916
|switch|p2a: Smooth Criminal|Skarmory, M|100/100
|move|p1a: Great Tusk|Knock Off|p2a: Smooth Criminal
|-damage|p2a: Smooth Criminal|82/100
|-damage|p1a: Great Tusk|40/100|[from] item: Rocky Helmet|[of] p2a: Smooth Criminal
|-enditem|p2a: Smooth Criminal|Rocky Helmet|[from] move: Knock Off|[of] p1a: Great Tusk
|
|-heal|p1a: Great Tusk|47/100|[from] item: Leftovers
|upkeep
|turn|9
|
|t:|1760458926
|-end|p1a: Great Tusk|Protosynthesis|[silent]
|switch|p1a: Alomomola|Alomomola, F|100/100
|move|p2a: Smooth Criminal|Spikes|p1a: Alomomola
|-sidestart|p1: djamaO|Spikes
|
|upkeep
|turn|10
|
|t:|1760458930
|switch|p2a: Thriller|Walking Wake|100/100
|move|p1a: Alomomola|Wish|p1a: Alomomola
|
|upkeep
|turn|11
|
|t:|1760458935
|switch|p1a: Slowking|Slowking-Galar, M|88/100
|-damage|p1a: Slowking|75/100|[from] Spikes
|move|p2a: Thriller|Knock Off|p1a: Slowking
|-supereffective|p1a: Slowking
|-damage|p1a: Slowking|53/100
|
|-heal|p1a: Slowking|100/100|[from] move: Wish|[wisher] Alomomola
|upkeep
|turn|12
|
|t:|1760458945
|switch|p1a: Alomomola|Alomomola, F|100/100
|move|p2a: Thriller|Flip Turn|p1a: Alomomola
|-resisted|p1a: Alomomola
|-damage|p1a: Alomomola|97/100
|
|t:|1760458948
|-end|p2a: Thriller|Protosynthesis|[silent]
|switch|p2a: Poison Young Thing|Pecharunt|100/100|[from] Flip Turn
|
|upkeep
|turn|13
|
|t:|1760458953
|switch|p1a: Slowking|Slowking-Galar, M|100/100
|-damage|p1a: Slowking|88/100|[from] Spikes
|move|p2a: Poison Young Thing|Malignant Chain|p1a: Slowking
|-resisted|p1a: Slowking
|-damage|p1a: Slowking|80/100
|
|upkeep
|turn|14
|
|t:|1760458962
|move|p2a: Poison Young Thing|Parting Shot|p1a: Slowking
|-unboost|p1a: Slowking|atk|1
|-unboost|p1a: Slowking|spa|1
|
|t:|1760458965
|switch|p2a: Rock With You|Ting-Lu|100/100|[from] Parting Shot
|-ability|p2a: Rock With You|Vessel of Ruin
|move|p1a: Slowking|Future Sight|p2a: Rock With You
|-start|p1a: Slowking|move: Future Sight
|
|upkeep
|turn|15
|
|t:|1760458971
|switch|p1a: Alomomola|Alomomola, F|100/100
|move|p2a: Rock With You|Earthquake|p1a: Alomomola
|-damage|p1a: Alomomola|79/100
|
|upkeep
|turn|16
|
|t:|1760458977
|move|p1a: Alomomola|Wish|p1a: Alomomola
|move|p2a: Rock With You|Stealth Rock|p1a: Alomomola
|-sidestart|p1: djamaO|move: Stealth Rock
|
|-end|p2a: Rock With You|move: Future Sight
|-immune|p2a: Rock With You
|upkeep
|turn|17
|j| wyjmjl
|
|t:|1760458983
|switch|p2a: Thriller|Walking Wake|100/100
|move|p1a: Alomomola|Flip Turn|p2a: Thriller
|-resisted|p2a: Thriller
|-damage|p2a: Thriller|97/100
|
|t:|1760458989
|switch|p1a: Great Tusk|Great Tusk|47/100|[from] Flip Turn
|-damage|p1a: Great Tusk|34/100|[from] Spikes
|-damage|p1a: Great Tusk|31/100|[from] Stealth Rock
|
|-heal|p1a: Great Tusk|100/100|[from] move: Wish|[wisher] Alomomola
|upkeep
|turn|18
|
|t:|1760458996
|-end|p1a: Great Tusk|Protosynthesis|[silent]
|switch|p1a: Slowking|Slowking-Galar, M|100/100
|-damage|p1a: Slowking|88/100|[from] Spikes
|-damage|p1a: Slowking|76/100|[from] Stealth Rock
|move|p2a: Thriller|Surf|p1a: Slowking
|-damage|p1a: Slowking|47/100
|
|upkeep
|turn|19
|
|t:|1760459005
|move|p2a: Thriller|Surf|p1a: Slowking
|-damage|p1a: Slowking|20/100
|-prepare|p1a: Slowking|Chilly Reception|[premajor]
|move|p1a: Slowking|Chilly Reception|p1a: Slowking
|-weather|Snowscape
|
|t:|1760459016
|switch|p1a: Ditto|Ditto|86/100|[from] Chilly Reception
|-damage|p1a: Ditto|73/100|[from] Spikes
|-damage|p1a: Ditto|61/100|[from] Stealth Rock
|-transform|p1a: Ditto|p2a: Thriller|[from] ability: Imposter
|
|-weather|Snowscape|[upkeep]
|upkeep
|turn|20
|c|☆mechamakachino|okay.. so you're just risking the speed tie
|
|t:|1760459047
|-end|p2a: Thriller|Protosynthesis|[silent]
|switch|p2a: Moonwalker|Clefable, M|60/100
|move|p1a: Ditto|Draco Meteor|p2a: Moonwalker
|-immune|p2a: Moonwalker
|
|-weather|Snowscape|[upkeep]
|upkeep
|turn|21
|
|t:|1760459059
|switch|p2a: Thriller|Walking Wake|97/100
|move|p1a: Ditto|Flip Turn|p2a: Thriller
|-resisted|p2a: Thriller
|-damage|p2a: Thriller|93/100
|
|t:|1760459065
|-end|p1a: Ditto|Protosynthesis|[silent]
|switch|p1a: Garchomp|Garchomp, F|100/100|[from] Flip Turn
|-damage|p1a: Garchomp|88/100|[from] Spikes
|-damage|p1a: Garchomp|82/100|[from] Stealth Rock
|
|-weather|Snowscape|[upkeep]
|upkeep
|turn|22
|
|t:|1760459077
|-end|p2a: Thriller|Protosynthesis|[silent]
|switch|p2a: Smooth Criminal|Skarmory, M|82/100
|move|p1a: Garchomp|Outrage|p2a: Smooth Criminal
|-resisted|p2a: Smooth Criminal
|-damage|p2a: Smooth Criminal|62/100
|
|-weather|Snowscape|[upkeep]
|upkeep
|turn|23
|
|t:|1760459084
|move|p1a: Garchomp|Outrage|p2a: Smooth Criminal|[from] lockedmove
|-resisted|p2a: Smooth Criminal
|-damage|p2a: Smooth Criminal|41/100
|move|p2a: Smooth Criminal|Roost|p2a: Smooth Criminal
|-heal|p2a: Smooth Criminal|91/100
|-singleturn|p2a: Smooth Criminal|move: Roost
|
|-weather|none
|upkeep
|turn|24
|
|t:|1760459091
|move|p1a: Garchomp|Outrage|p2a: Smooth Criminal|[from] lockedmove
|-resisted|p2a: Smooth Criminal
|-damage|p2a: Smooth Criminal|72/100
|-start|p1a: Garchomp|confusion|[fatigue]
|move|p2a: Smooth Criminal|Spikes|p1a: Garchomp
|-sidestart|p1: djamaO|Spikes
|
|upkeep
|turn|25
|l| mamay07
|
|t:|1760459098
|switch|p1a: Great Tusk|Great Tusk|100/100
|-damage|p1a: Great Tusk|84/100|[from] Spikes
|-damage|p1a: Great Tusk|81/100|[from] Stealth Rock
|move|p2a: Smooth Criminal|Whirlwind|p1a: Great Tusk
|-end|p1a: Great Tusk|Protosynthesis|[silent]
|drag|p1a: Alomomola|Alomomola, F|100/100
|
|upkeep
|turn|26
|j| mamay07
|l| mamay07
|
|t:|1760459108
|switch|p2a: Thriller|Walking Wake|93/100
|move|p1a: Alomomola|Flip Turn|p2a: Thriller
|-resisted|p2a: Thriller
|-damage|p2a: Thriller|89/100
|
|t:|1760459115
|switch|p1a: Dragapult|Dragapult, M|100/100|[from] Flip Turn
|-damage|p1a: Dragapult|84/100|[from] Spikes
|-damage|p1a: Dragapult|72/100|[from] Stealth Rock
|
|upkeep
|turn|27
|
|t:|1760459126
|-end|p2a: Thriller|Protosynthesis|[silent]
|switch|p2a: Rock With You|Ting-Lu|100/100
|-ability|p2a: Rock With You|Vessel of Ruin
|move|p1a: Dragapult|U-turn|p2a: Rock With You
|-supereffective|p2a: Rock With You
|-damage|p2a: Rock With You|82/100
|
|t:|1760459133
|switch|p1a: Alomomola|Alomomola, F|100/100|[from] U-turn
|
|-heal|p2a: Rock With You|88/100|[from] item: Leftovers
|upkeep
|turn|28
|
|t:|1760459138
|move|p1a: Alomomola|Wish|p1a: Alomomola
|move|p2a: Rock With You|Whirlwind|p1a: Alomomola
|drag|p1a: Garchomp|Garchomp, F|82/100
|-damage|p1a: Garchomp|65/100|[from] Spikes
|-damage|p1a: Garchomp|59/100|[from] Stealth Rock
|
|-heal|p2a: Rock With You|94/100|[from] item: Leftovers
|upkeep
|turn|29
|
|t:|1760459147
|switch|p2a: Smooth Criminal|Skarmory, M|72/100
|move|p1a: Garchomp|Stealth Rock|p2a: Smooth Criminal
|-sidestart|p2: mechamakachino|move: Stealth Rock
|
|-heal|p1a: Garchomp|100/100|[from] move: Wish|[wisher] Alomomola
|upkeep
|turn|30
|
|t:|1760459155
|switch|p1a: Great Tusk|Great Tusk|81/100
|-damage|p1a: Great Tusk|65/100|[from] Spikes
|-damage|p1a: Great Tusk|62/100|[from] Stealth Rock
|move|p2a: Smooth Criminal|Roost|p2a: Smooth Criminal
|-heal|p2a: Smooth Criminal|100/100
|-singleturn|p2a: Smooth Criminal|move: Roost
|
|-heal|p1a: Great Tusk|68/100|[from] item: Leftovers
|upkeep
|turn|31
|
|t:|1760459165
|switch|p2a: Poison Young Thing|Pecharunt|100/100
|move|p1a: Great Tusk|Knock Off|p2a: Poison Young Thing
|-supereffective|p2a: Poison Young Thing
|-damage|p2a: Poison Young Thing|66/100
|-enditem|p2a: Poison Young Thing|Heavy-Duty Boots|[from] move: Knock Off|[of] p1a: Great Tusk
|
|-heal|p1a: Great Tusk|74/100|[from] item: Leftovers
|upkeep
|turn|32
|
|t:|1760459176
|move|p2a: Poison Young Thing|Malignant Chain|p1a: Great Tusk
|-resisted|p1a: Great Tusk
|-damage|p1a: Great Tusk|50/100
|-status|p1a: Great Tusk|tox
|-start|p1a: Great Tusk|confusion|[from] ability: Poison Puppeteer|[of] p2a: Poison Young Thing
|-activate|p1a: Great Tusk|confusion
|-damage|p1a: Great Tusk|42/100 tox|[from] confusion
|
|-heal|p1a: Great Tusk|48/100 tox|[from] item: Leftovers
|-damage|p1a: Great Tusk|42/100 tox|[from] psn
|upkeep
|turn|33
|-message|djamaO forfeited.
|
|win|mechamakachino
|raw|djamaO's rating: 1568 &rarr; <strong>1551</strong><br />(-17 for losing)
|raw|mechamakachino's rating: 1620 &rarr; <strong>1637</strong><br />(+17 for winning)
|l|☆djamaO
|player|p1|
|l|☆mechamakachino
|player|p2|
