|j|☆ProKameron
|j|☆splishsplish12
|t:|1760334491
|gametype|singles
|player|p1|ProKameron|rhi|1073
|player|p2|splishsplish12|steven|1075
|gen|9
|tier|[Gen 9] OU
|rated|
|rule|HP Percentage Mod: HP is shown in percentages
|rule|Endless Battle Clause: Forcing endless battles is banned
|rule|Species Clause: Limit one of each Pokémon
|rule|OHKO Clause: OHKO moves are banned
|rule|Evasion Items Clause: Evasion items are banned
|rule|Evasion Moves Clause: Evasion moves are banned
|rule|Evasion Abilities Clause: Evasion abilities are banned
|rule|Sleep Moves Clause: Sleep-inducing moves are banned
|clearpoke
|poke|p1|Enamorus, F|
|poke|p1|Dragonite, M|
|poke|p1|Ting-Lu|
|poke|p1|Gholdengo|
|poke|p1|Ogerpon, F|
|poke|p1|Kingambit, M|
|poke|p2|Snom, F|
|poke|p2|Ting-Lu|
|poke|p2|Pecharunt|
|poke|p2|Registeel|
|poke|p2|Dragapult, M|
|poke|p2|Kubfu, M|
|teampreview
|inactive|Battle timer is ON: inactive players will automatically lose when time's up. (requested by ProKameron)
|
|t:|1760334508
|teamsize|p1|6
|teamsize|p2|6
|start
|switch|p1a: Enamorus|Enamorus, F|100/100
|switch|p2a: Dragapult|Dragapult, M|100/100
|turn|1
|
|t:|1760334519
|switch|p2a: Registeel|Registeel|100/100
|-terastallize|p1a: Enamorus|Stellar
|move|p1a: Enamorus|Moonblast|p2a: Registeel
|-resisted|p2a: Registeel
|-damage|p2a: Registeel|82/100
|
|-heal|p2a: Registeel|88/100|[from] item: Leftovers
|upkeep
|turn|2
|
|t:|1760334529
|switch|p1a: Dragonite|Dragonite, M|100/100
|move|p2a: Registeel|Iron Defense|p2a: Registeel
|-boost|p2a: Registeel|def|2
|
|-heal|p2a: Registeel|94/100|[from] item: Leftovers
|upkeep
|turn|3
|
|t:|1760334536
|move|p1a: Dragonite|Encore|p2a: Registeel
|-start|p2a: Registeel|Encore
|move|p2a: Registeel|Iron Defense|p2a: Registeel
|-boost|p2a: Registeel|def|2
|
|-heal|p2a: Registeel|99/100|[from] item: Leftovers
|upkeep
|turn|4
|
|t:|1760334543
|switch|p1a: Ting-Lu|Ting-Lu|100/100
|-ability|p1a: Ting-Lu|Vessel of Ruin
|move|p2a: Registeel|Iron Defense|p2a: Registeel
|-boost|p2a: Registeel|def|2
|
|-heal|p2a: Registeel|100/100|[from] item: Leftovers
|upkeep
|turn|5
|
|t:|1760334563
|move|p2a: Registeel|Iron Defense|p2a: Registeel
|-boost|p2a: Registeel|def|0
|move|p1a: Ting-Lu|Whirlwind|p2a: Registeel
|drag|p2a: AstralSpnom|Snom, F|100/100
|
|upkeep
|turn|6
|
|t:|1760334570
|switch|p2a: Registeel|Registeel|100/100
|move|p1a: Ting-Lu|Stealth Rock|p2a: Registeel
|-sidestart|p2: splishsplish12|move: Stealth Rock
|
|upkeep
|turn|7
|
|t:|1760334575
|move|p2a: Registeel|Body Press|p1a: Ting-Lu
|-supereffective|p1a: Ting-Lu
|-damage|p1a: Ting-Lu|69/100
|move|p1a: Ting-Lu|Whirlwind|p2a: Registeel
|drag|p2a: Kubfu|Kubfu, M|100/100
|-damage|p2a: Kubfu|94/100|[from] Stealth Rock
|
|-heal|p1a: Ting-Lu|76/100|[from] item: Leftovers
|upkeep
|turn|8
|
|t:|1760334587
|switch|p1a: Dragonite|Dragonite, M|100/100
|move|p2a: Kubfu|Dynamic Punch|p1a: Dragonite
|-resisted|p1a: Dragonite
|-damage|p1a: Dragonite|89/100
|-start|p1a: Dragonite|confusion
|
|upkeep
|turn|9
|
|t:|1760334596
|-activate|p1a: Dragonite|confusion
|move|p1a: Dragonite|Dragon Dance|p1a: Dragonite
|-boost|p1a: Dragonite|atk|1
|-boost|p1a: Dragonite|spe|1
|move|p2a: Kubfu|Counter||[still]
|-fail|p2a: Kubfu
|
|upkeep
|turn|10
|
|t:|1760334602
|-end|p1a: Dragonite|confusion
|move|p1a: Dragonite|Dragon Dance|p1a: Dragonite
|-boost|p1a: Dragonite|atk|1
|-boost|p1a: Dragonite|spe|1
|move|p2a: Kubfu|Scary Face|p1a: Dragonite
|-unboost|p1a: Dragonite|spe|2
|
|upkeep
|turn|11
|
|t:|1760334609
|move|p1a: Dragonite|Scale Shot|p2a: Kubfu
|-damage|p2a: Kubfu|35/100
|-damage|p2a: Kubfu|0 fnt
|faint|p2a: Kubfu
|-hitcount|p2: Kubfu|2
|-unboost|p1a: Dragonite|def|1
|-boost|p1a: Dragonite|spe|1
|
|upkeep
|
|t:|1760334618
|switch|p2a: Dragapult|Dragapult, M|100/100
|-damage|p2a: Dragapult|88/100|[from] Stealth Rock
|turn|12
|
|t:|1760334623
|move|p2a: Dragapult|Draco Meteor|p1a: Dragonite|[miss]
|-miss|p2a: Dragapult|p1a: Dragonite
|move|p1a: Dragonite|Scale Shot|p2a: Dragapult
|-supereffective|p2a: Dragapult
|-damage|p2a: Dragapult|5/100
|-supereffective|p2a: Dragapult
|-damage|p2a: Dragapult|0 fnt
|faint|p2a: Dragapult
|-hitcount|p2: Dragapult|2
|-unboost|p1a: Dragonite|def|1
|-boost|p1a: Dragonite|spe|1
|
|upkeep
|
|t:|1760334629
|switch|p2a: Pecharunt|Pecharunt|100/100
|-damage|p2a: Pecharunt|88/100|[from] Stealth Rock
|turn|13
|
|t:|1760334636
|-terastallize|p2a: Pecharunt|Steel
|move|p1a: Dragonite|Scale Shot|p2a: Pecharunt
|-resisted|p2a: Pecharunt
|-damage|p2a: Pecharunt|79/100
|-resisted|p2a: Pecharunt
|-damage|p2a: Pecharunt|72/100
|-resisted|p2a: Pecharunt
|-crit|p2a: Pecharunt
|-damage|p2a: Pecharunt|59/100
|-resisted|p2a: Pecharunt
|-damage|p2a: Pecharunt|50/100
|-resisted|p2a: Pecharunt
|-crit|p2a: Pecharunt
|-damage|p2a: Pecharunt|37/100
|-hitcount|p2a: Pecharunt|5
|-unboost|p1a: Dragonite|def|1
|-boost|p1a: Dragonite|spe|1
|move|p2a: Pecharunt|Malignant Chain|p1a: Dragonite
|-damage|p1a: Dragonite|55/100
|-status|p1a: Dragonite|tox
|-start|p1a: Dragonite|confusion|[from] ability: Poison Puppeteer|[of] p2a: Pecharunt
|
|-damage|p2a: Pecharunt|25/100|[from] item: Black Sludge
|-damage|p1a: Dragonite|49/100 tox|[from] psn
|upkeep
|turn|14
|
|t:|1760334647
|move|p2a: Pecharunt|Protect|p2a: Pecharunt
|-singleturn|p2a: Pecharunt|Protect
|-activate|p1a: Dragonite|confusion
|-damage|p1a: Dragonite|0 fnt|[from] confusion
|faint|p1a: Dragonite
|
|-damage|p2a: Pecharunt|12/100|[from] item: Black Sludge
|upkeep
|
|t:|1760334651
|switch|p1a: Enamorus|Enamorus, F, tera:Stellar|100/100
|turn|15
|
|t:|1760334660
|move|p1a: Enamorus|Tera Blast|p2a: Pecharunt|[anim] Tera Blast Stellar
|-supereffective|p2a: Pecharunt
|-damage|p2a: Pecharunt|0 fnt
|-boost|p1a: Enamorus|atk|1
|-boost|p1a: Enamorus|spa|1
|faint|p2a: Pecharunt
|
|upkeep
|
|t:|1760334668
|switch|p2a: AstralSpnom|Snom, F|100/100
|-damage|p2a: AstralSpnom|50/100|[from] Stealth Rock
|turn|16
|
|t:|1760334671
|move|p1a: Enamorus|Tera Blast|p2a: AstralSpnom|[anim] Tera Blast Stellar
|-damage|p2a: AstralSpnom|8/100
|-boost|p1a: Enamorus|atk|1
|-boost|p1a: Enamorus|spa|1
|move|p2a: AstralSpnom|Mirror Coat|p1a: Enamorus
|-damage|p1a: Enamorus|22/100
|
|upkeep
|turn|17
|
|t:|1760334679
|move|p1a: Enamorus|Tera Blast|p2a: AstralSpnom|[anim] Tera Blast Stellar
|-damage|p2a: AstralSpnom|0 fnt
|-boost|p1a: Enamorus|atk|1
|-boost|p1a: Enamorus|spa|1
|faint|p2a: AstralSpnom
|
|upkeep
|
|t:|1760334684
|switch|p2a: Registeel|Registeel|100/100
|-damage|p2a: Registeel|94/100|[from] Stealth Rock
|turn|18
|
|t:|1760334689
|move|p1a: Enamorus|Tera Blast|p2a: Registeel|[anim] Tera Blast Stellar
|-damage|p2a: Registeel|41/100
|-boost|p1a: Enamorus|atk|1
|-boost|p1a: Enamorus|spa|1
|move|p2a: Registeel|Heavy Slam|p1a: Enamorus
|-supereffective|p1a: Enamorus
|-damage|p1a: Enamorus|0 fnt
|faint|p1a: Enamorus
|
|-heal|p2a: Registeel|47/100|[from] item: Leftovers
|upkeep
|
|t:|1760334703
|switch|p1a: Ting-Lu|Ting-Lu|76/100
|-ability|p1a: Ting-Lu|Vessel of Ruin
|turn|19
|
|t:|1760334708
|move|p1a: Ting-Lu|Earthquake|p2a: Registeel
|-supereffective|p2a: Registeel
|-damage|p2a: Registeel|3/100
|move|p2a: Registeel|Body Press|p1a: Ting-Lu
|-supereffective|p1a: Ting-Lu
|-damage|p1a: Ting-Lu|45/100
|
|-heal|p1a: Ting-Lu|51/100|[from] item: Leftovers
|-heal|p2a: Registeel|9/100|[from] item: Leftovers
|upkeep
|turn|20
|
|t:|1760334719
|move|p1a: Ting-Lu|Earthquake|p2a: Registeel
|-supereffective|p2a: Registeel
|-damage|p2a: Registeel|0 fnt
|faint|p2a: Registeel
|
|-heal|p1a: Ting-Lu|57/100|[from] item: Leftovers
|upkeep
|
|t:|1760334722
|switch|p2a: Ting-Lu|Ting-Lu|100/100
|-damage|p2a: Ting-Lu|94/100|[from] Stealth Rock
|-ability|p2a: Ting-Lu|Vessel of Ruin
|turn|21
|
|t:|1760334731
|move|p1a: Ting-Lu|Ruination|p2a: Ting-Lu
|-damage|p2a: Ting-Lu|47/100
|move|p2a: Ting-Lu|Ruination|p1a: Ting-Lu
|-damage|p1a: Ting-Lu|29/100
|
|-heal|p1a: Ting-Lu|35/100|[from] item: Leftovers
|upkeep
|turn|22
|
|t:|1760334736
|move|p1a: Ting-Lu|Ruination|p2a: Ting-Lu
|-damage|p2a: Ting-Lu|24/100
|move|p2a: Ting-Lu|Earthquake|p1a: Ting-Lu
|-damage|p1a: Ting-Lu|16/100
|
|-heal|p1a: Ting-Lu|22/100|[from] item: Leftovers
|upkeep
|turn|23
|
|t:|1760334740
|move|p1a: Ting-Lu|Ruination|p2a: Ting-Lu
|-damage|p2a: Ting-Lu|12/100
|move|p2a: Ting-Lu|Earthquake|p1a: Ting-Lu
|-damage|p1a: Ting-Lu|3/100
|
|-heal|p1a: Ting-Lu|9/100|[from] item: Leftovers
|upkeep
|turn|24
|
|t:|1760334743
|move|p1a: Ting-Lu|Earthquake|p2a: Ting-Lu
|-damage|p2a: Ting-Lu|0 fnt
|faint|p2a: Ting-Lu
|
|win|ProKameron
|raw|ProKameron's rating: 1073 &rarr; <strong>1102</strong><br />(+29 for winning)
|raw|splishsplish12's rating: 1075 &rarr; <strong>1054</strong><br />(-21 for losing)
|l|☆splishsplish12
|player|p2|
|l|☆ProKameron
|player|p1|
