|j|☆BobbyAxe1
|j|☆Fan de Jungko
|t:|1760461240
|gametype|singles
|player|p1|BobbyAxe1|ethan|1356
|player|p2|Fan de Jungko|swimmer|1383
|gen|9
|tier|[Gen 9] OU
|rated|
|rule|HP Percentage Mod: HP is shown in percentages
|rule|Endless Battle Clause: Forcing endless battles is banned
|rule|Species Clause: Limit one of each Pokémon
|rule|OHKO Clause: OHKO moves are banned
|rule|Evasion Items Clause: Evasion items are banned
|rule|Evasion Moves Clause: Evasion moves are banned
|rule|Evasion Abilities Clause: Evasion abilities are banned
|rule|Sleep Moves Clause: Sleep-inducing moves are banned
|clearpoke
|poke|p1|Ursaluna, M|
|poke|p1|Scizor, M|
|poke|p1|Skarmory, M|
|poke|p1|Tyranitar, M|
|poke|p1|Walking Wake|
|poke|p1|Meganium, F|
|poke|p2|Iron Crown|
|poke|p2|Samurott-Hisui, F|
|poke|p2|Zapdos|
|poke|p2|Dragapult, F|
|poke|p2|Great Tusk|
|poke|p2|Iron Valiant|
|teampreview
|
|t:|1760461259
|teamsize|p1|6
|teamsize|p2|6
|start
|switch|p1a: Meganium|Meganium, F|100/100
|switch|p2a: Everytime We Touch|Samurott-Hisui, F|100/100
|turn|1
|
|t:|1760461266
|move|p2a: Everytime We Touch|Flip Turn|p1a: Meganium
|-resisted|p1a: Meganium
|-damage|p1a: Meganium|90/100
|
|t:|1760461272
|switch|p2a: Mindreader|Iron Crown|100/100|[from] Flip Turn
|move|p1a: Meganium|Leech Seed|p2a: Mindreader
|-start|p2a: Mindreader|move: Leech Seed
|
|-heal|p1a: Meganium|96/100|[from] item: Leftovers
|-damage|p2a: Mindreader|88/100|[from] Leech Seed|[of] p1a: Meganium
|-heal|p1a: Meganium|100/100|[silent]
|upkeep
|turn|2
|
|t:|1760461281
|move|p2a: Mindreader|Tachyon Cutter|p1a: Meganium
|-damage|p1a: Meganium|71/100
|-damage|p1a: Meganium|43/100
|-hitcount|p1a: Meganium|2
|move|p1a: Meganium|Knock Off|p2a: Mindreader
|-supereffective|p2a: Mindreader
|-damage|p2a: Mindreader|51/100
|-enditem|p2a: Mindreader|Choice Specs|[from] move: Knock Off|[of] p1a: Meganium
|
|-heal|p1a: Meganium|49/100|[from] item: Leftovers
|-damage|p2a: Mindreader|38/100|[from] Leech Seed|[of] p1a: Meganium
|-heal|p1a: Meganium|60/100|[silent]
|upkeep
|turn|3
|
|t:|1760461298
|move|p2a: Mindreader|Volt Switch|p1a: Meganium
|-resisted|p1a: Meganium
|-damage|p1a: Meganium|51/100
|
|t:|1760461302
|-end|p2a: Mindreader|Quark Drive|[silent]
|switch|p2a: Hurikan|Zapdos|100/100|[from] Volt Switch
|move|p1a: Meganium|Knock Off|p2a: Hurikan
|-damage|p2a: Hurikan|86/100
|-enditem|p2a: Hurikan|Heavy-Duty Boots|[from] move: Knock Off|[of] p1a: Meganium
|
|-heal|p1a: Meganium|57/100|[from] item: Leftovers
|upkeep
|turn|4
|
|t:|1760461312
|switch|p1a: Tyranitar|Tyranitar, M|100/100
|-weather|Sandstorm|[from] ability: Sand Stream|[of] p1a: Tyranitar
|move|p2a: Hurikan|Hurricane|p1a: Tyranitar
|-resisted|p1a: Tyranitar
|-damage|p1a: Tyranitar|86/100
|
|-weather|Sandstorm|[upkeep]
|-damage|p2a: Hurikan|80/100|[from] Sandstorm
|-heal|p1a: Tyranitar|92/100|[from] item: Leftovers
|upkeep
|turn|5
|
|t:|1760461323
|move|p2a: Hurikan|U-turn|p1a: Tyranitar
|-supereffective|p1a: Tyranitar
|-crit|p1a: Tyranitar
|-damage|p1a: Tyranitar|63/100
|
|t:|1760461332
|switch|p2a: Pump It|Great Tusk|100/100|[from] U-turn
|move|p1a: Tyranitar|Stealth Rock|p2a: Pump It
|-sidestart|p2: Fan de Jungko|move: Stealth Rock
|
|-weather|Sandstorm|[upkeep]
|-heal|p1a: Tyranitar|70/100|[from] item: Leftovers
|upkeep
|turn|6
|
|t:|1760461339
|switch|p1a: Skarmory|Skarmory, M|100/100
|move|p2a: Pump It|Rapid Spin|p1a: Skarmory
|-resisted|p1a: Skarmory
|-damage|p1a: Skarmory|95/100
|-boost|p2a: Pump It|spe|1
|-damage|p2a: Pump It|84/100|[from] item: Rocky Helmet|[of] p1a: Skarmory
|-sideend|p2: Fan de Jungko|Stealth Rock|[from] move: Rapid Spin|[of] p2a: Pump It
|
|-weather|Sandstorm|[upkeep]
|upkeep
|turn|7
|
|t:|1760461360
|move|p2a: Pump It|Stealth Rock|p1a: Skarmory
|-sidestart|p1: BobbyAxe1|move: Stealth Rock
|move|p1a: Skarmory|Spikes|p2a: Pump It
|-sidestart|p2: Fan de Jungko|Spikes
|
|-weather|Sandstorm|[upkeep]
|upkeep
|turn|8
|inactive|Battle timer is ON: inactive players will automatically lose when time's up. (requested by BobbyAxe1)
|
|t:|1760461371
|-end|p2a: Pump It|Protosynthesis|[silent]
|switch|p2a: Hurikan|Zapdos|80/100
|move|p1a: Skarmory|Spikes|p2a: Hurikan
|-sidestart|p2: Fan de Jungko|Spikes
|
|-weather|none
|upkeep
|turn|9
|
|t:|1760461391
|switch|p1a: Ursaluna|Ursaluna, M|100/100
|-damage|p1a: Ursaluna|94/100|[from] Stealth Rock
|move|p2a: Hurikan|Hurricane|p1a: Ursaluna
|-damage|p1a: Ursaluna|60/100
|
|-status|p1a: Ursaluna|brn|[from] item: Flame Orb
|upkeep
|turn|10
|
|t:|1760461407
|move|p2a: Hurikan|Hurricane|p1a: Ursaluna
|-damage|p1a: Ursaluna|27/100 brn
|move|p1a: Ursaluna|Facade|p2a: Hurikan
|-damage|p2a: Hurikan|0 fnt
|faint|p2a: Hurikan
|
|-damage|p1a: Ursaluna|21/100 brn|[from] brn
|upkeep
|
|t:|1760461420
|switch|p2a: Parasite|Dragapult, F|100/100
|-damage|p2a: Parasite|84/100|[from] Spikes
|turn|11
|
|t:|1760461431
|move|p2a: Parasite|U-turn|p1a: Ursaluna
|-damage|p1a: Ursaluna|0 fnt
|faint|p1a: Ursaluna
|
|t:|1760461445
|switch|p2a: Mindreader|Iron Crown|38/100|[from] U-turn
|-damage|p2a: Mindreader|22/100|[from] Spikes
|
|upkeep
|inactive|BobbyAxe1 has 120 seconds left.
|
|t:|1760461478
|switch|p1a: Scizor|Scizor, M|100/100
|turn|12
|
|t:|1760461483
|move|p2a: Mindreader|Psyshock|p1a: Scizor
|-resisted|p1a: Scizor
|-damage|p1a: Scizor|81/100
|move|p1a: Scizor|U-turn|p2a: Mindreader
|-damage|p2a: Mindreader|0 fnt
|faint|p2a: Mindreader
|-end|p2a: Mindreader|Quark Drive|[silent]
|
|t:|1760461493
|switch|p1a: Meganium|Meganium, F|57/100|[from] U-turn
|-damage|p1a: Meganium|44/100|[from] Stealth Rock
|
|-heal|p1a: Meganium|50/100|[from] item: Leftovers
|upkeep
|
|t:|1760461502
|switch|p2a: Parasite|Dragapult, F|84/100
|-damage|p2a: Parasite|68/100|[from] Spikes
|turn|13
|
|t:|1760461509
|move|p2a: Parasite|U-turn|p1a: Meganium
|-supereffective|p1a: Meganium
|-crit|p1a: Meganium
|-damage|p1a: Meganium|0 fnt
|faint|p1a: Meganium
|
|t:|1760461516
|switch|p2a: Everytime We Touch|Samurott-Hisui, F|100/100|[from] U-turn
|-damage|p2a: Everytime We Touch|84/100|[from] Spikes
|
|upkeep
|
|t:|1760461526
|switch|p1a: Walking Wake|Walking Wake|100/100
|-damage|p1a: Walking Wake|88/100|[from] Stealth Rock
|-enditem|p1a: Walking Wake|Booster Energy
|-activate|p1a: Walking Wake|ability: Protosynthesis|[fromitem]
|-start|p1a: Walking Wake|protosynthesisspa
|turn|14
|
|t:|1760461539
|move|p2a: Everytime We Touch|Ceaseless Edge|p1a: Walking Wake
|-damage|p1a: Walking Wake|40/100
|-sidestart|p1: BobbyAxe1|Spikes
|move|p1a: Walking Wake|Substitute|p1a: Walking Wake
|-start|p1a: Walking Wake|Substitute
|-damage|p1a: Walking Wake|15/100
|
|upkeep
|turn|15
|
|t:|1760461546
|move|p2a: Everytime We Touch|Ceaseless Edge|p1a: Walking Wake
|-end|p1a: Walking Wake|Substitute
|-sidestart|p1: BobbyAxe1|Spikes
|move|p1a: Walking Wake|Draco Meteor|p2a: Everytime We Touch
|-damage|p2a: Everytime We Touch|0 fnt
|-unboost|p1a: Walking Wake|spa|2
|faint|p2a: Everytime We Touch
|
|upkeep
|
|t:|1760461567
|switch|p2a: Parasite|Dragapult, F|68/100
|-damage|p2a: Parasite|51/100|[from] Spikes
|turn|16
|
|t:|1760461571
|move|p2a: Parasite|U-turn|p1a: Walking Wake
|-damage|p1a: Walking Wake|0 fnt
|faint|p1a: Walking Wake
|-end|p1a: Walking Wake|Protosynthesis|[silent]
|
|t:|1760461576
|switch|p2a: Iron Valiant|Iron Valiant|100/100|[from] U-turn
|-damage|p2a: Iron Valiant|84/100|[from] Spikes
|-enditem|p2a: Iron Valiant|Booster Energy
|-activate|p2a: Iron Valiant|ability: Quark Drive|[fromitem]
|-start|p2a: Iron Valiant|quarkdrivespe
|
|upkeep
|
|t:|1760461583
|switch|p1a: Scizor|Scizor, M|81/100
|turn|17
|
|t:|1760461594
|-terastallize|p2a: Iron Valiant|Ghost
|move|p1a: Scizor|Bullet Punch|p2a: Iron Valiant
|-damage|p2a: Iron Valiant|40/100
|move|p2a: Iron Valiant|Aura Sphere|p1a: Scizor
|-damage|p1a: Scizor|34/100
|
|upkeep
|turn|18
|
|t:|1760461603
|-end|p2a: Iron Valiant|Quark Drive|[silent]
|switch|p2a: Pump It|Great Tusk|84/100
|-terastallize|p1a: Scizor|Steel
|move|p1a: Scizor|Bullet Punch|p2a: Pump It
|-damage|p2a: Pump It|52/100
|
|upkeep
|turn|19
|
|t:|1760461618
|switch|p1a: Skarmory|Skarmory, M|95/100
|-damage|p1a: Skarmory|83/100|[from] Stealth Rock
|move|p2a: Pump It|Rapid Spin|p1a: Skarmory
|-resisted|p1a: Skarmory
|-damage|p1a: Skarmory|78/100
|-boost|p2a: Pump It|spe|1
|-damage|p2a: Pump It|36/100|[from] item: Rocky Helmet|[of] p1a: Skarmory
|-sideend|p2: Fan de Jungko|Spikes|[from] move: Rapid Spin|[of] p2a: Pump It
|
|upkeep
|turn|20
|
|t:|1760461634
|move|p2a: Pump It|Ice Spinner|p1a: Skarmory
|-damage|p1a: Skarmory|63/100
|-damage|p2a: Pump It|19/100|[from] item: Rocky Helmet|[of] p1a: Skarmory
|move|p1a: Skarmory|Spikes|p2a: Pump It
|-sidestart|p2: Fan de Jungko|Spikes
|
|upkeep
|turn|21
|
|t:|1760461640
|move|p2a: Pump It|Ice Spinner|p1a: Skarmory
|-damage|p1a: Skarmory|45/100
|-damage|p2a: Pump It|3/100|[from] item: Rocky Helmet|[of] p1a: Skarmory
|move|p1a: Skarmory|Spikes|p2a: Pump It
|-sidestart|p2: Fan de Jungko|Spikes
|
|upkeep
|turn|22
|
|t:|1760461647
|move|p2a: Pump It|Ice Spinner|p1a: Skarmory
|-damage|p1a: Skarmory|28/100
|-damage|p2a: Pump It|0 fnt|[from] item: Rocky Helmet|[of] p1a: Skarmory
|faint|p2a: Pump It
|-end|p2a: Pump It|Protosynthesis|[silent]
|move|p1a: Skarmory|Roost|p1a: Skarmory
|-heal|p1a: Skarmory|78/100
|-singleturn|p1a: Skarmory|move: Roost
|
|upkeep
|
|t:|1760461652
|switch|p2a: Iron Valiant|Iron Valiant, tera:Ghost|40/100
|-damage|p2a: Iron Valiant|24/100|[from] Spikes
|turn|23
|
|t:|1760461661
|move|p2a: Iron Valiant|Aura Sphere|p1a: Skarmory
|-damage|p1a: Skarmory|26/100
|move|p1a: Skarmory|Roar|p2a: Iron Valiant
|-end|p2a: Iron Valiant|Quark Drive|[silent]
|drag|p2a: Parasite|Dragapult, F|51/100
|-damage|p2a: Parasite|35/100|[from] Spikes
|
|upkeep
|turn|24
|
|t:|1760461672
|move|p2a: Parasite|Dragon Darts|p1a: Skarmory
|-resisted|p1a: Skarmory
|-damage|p1a: Skarmory|14/100
|-anim|p2a: Parasite|Dragon Darts|p1a: Skarmory
|-resisted|p1a: Skarmory
|-damage|p1a: Skarmory|3/100
|move|p1a: Skarmory|Roar|p2a: Parasite
|drag|p2a: Iron Valiant|Iron Valiant, tera:Ghost|24/100
|-damage|p2a: Iron Valiant|7/100|[from] Spikes
|
|upkeep
|turn|25
|
|t:|1760461681
|move|p2a: Iron Valiant|Aura Sphere|p1a: Skarmory
|-damage|p1a: Skarmory|0 fnt
|faint|p1a: Skarmory
|
|upkeep
|
|t:|1760461686
|switch|p1a: Scizor|Scizor, M, tera:Steel|34/100
|turn|26
|
|t:|1760461689
|move|p1a: Scizor|Bullet Punch|p2a: Iron Valiant
|-damage|p2a: Iron Valiant|0 fnt
|faint|p2a: Iron Valiant
|-end|p2a: Iron Valiant|Quark Drive|[silent]
|
|upkeep
|
|t:|1760461691
|switch|p2a: Parasite|Dragapult, F|35/100
|-damage|p2a: Parasite|18/100|[from] Spikes
|turn|27
|
|t:|1760461696
|move|p2a: Parasite|Sucker Punch|p1a: Scizor
|-damage|p1a: Scizor|0 fnt
|faint|p1a: Scizor
|
|upkeep
|
|t:|1760461699
|switch|p1a: Tyranitar|Tyranitar, M|70/100
|-damage|p1a: Tyranitar|57/100|[from] Stealth Rock
|-damage|p1a: Tyranitar|41/100|[from] Spikes
|-weather|Sandstorm|[from] ability: Sand Stream|[of] p1a: Tyranitar
|turn|28
|
|t:|1760461706
|move|p2a: Parasite|Sucker Punch|p1a: Tyranitar
|-resisted|p1a: Tyranitar
|-damage|p1a: Tyranitar|27/100
|move|p1a: Tyranitar|Knock Off|p2a: Parasite
|-supereffective|p2a: Parasite
|-damage|p2a: Parasite|0 fnt
|-enditem|p2a: Parasite|Choice Band|[from] move: Knock Off|[of] p1a: Tyranitar
|faint|p2a: Parasite
|
|win|BobbyAxe1
|raw|BobbyAxe1's rating: 1356 &rarr; <strong>1378</strong><br />(+22 for winning)
|raw|Fan de Jungko's rating: 1383 &rarr; <strong>1361</strong><br />(-22 for losing)
|l|☆Fan de Jungko
|player|p2|
|l|☆BobbyAxe1
|player|p1|
