|j|☆sabunoko
|j|☆ineverhaxed
|t:|1760459299
|gametype|singles
|player|p1|sabunoko|ethan|1311
|player|p2|ineverhaxed|102|1331
|gen|9
|tier|[Gen 9] OU
|rated|
|rule|HP Percentage Mod: HP is shown in percentages
|rule|Endless Battle Clause: Forcing endless battles is banned
|rule|Species Clause: Limit one of each Pokémon
|rule|OHKO Clause: OHKO moves are banned
|rule|Evasion Items Clause: Evasion items are banned
|rule|Evasion Moves Clause: Evasion moves are banned
|rule|Evasion Abilities Clause: Evasion abilities are banned
|rule|Sleep Moves Clause: Sleep-inducing moves are banned
|clearpoke
|poke|p1|Skuntank, F|
|poke|p1|Scizor, M|
|poke|p1|Quaquaval, F|
|poke|p1|Ditto|
|poke|p1|Sandy Shocks|
|poke|p1|Iron Valiant|
|poke|p2|Electrode-Hisui|
|poke|p2|Cloyster, F|
|poke|p2|Blissey, F|
|poke|p2|Darkrai|
|poke|p2|Cinderace, M|
|poke|p2|Lokix, F|
|teampreview
|inactive|Battle timer is ON: inactive players will automatically lose when time's up. (requested by ineverhaxed)
|
|t:|1760459320
|teamsize|p1|6
|teamsize|p2|6
|start
|switch|p1a: Scizor|Scizor, M|100/100
|switch|p2a: Electrode|Electrode-Hisui|100/100
|turn|1
|
|t:|1760459331
|move|p2a: Electrode|Volt Switch|p1a: Scizor
|-damage|p1a: Scizor|52/100
|
|t:|1760459335
|switch|p2a: Cinderace|Cinderace, M|100/100|[from] Volt Switch
|move|p1a: Scizor|Dual Wingbeat|p2a: Cinderace
|-damage|p2a: Cinderace|70/100
|-damage|p2a: Cinderace|41/100
|-hitcount|p2a: Cinderace|2
|-enditem|p2a: Cinderace|Red Card|[of] p1a: Scizor
|drag|p1a: Skuntank|Skuntank, F|100/100
|
|upkeep
|turn|2
|
|t:|1760459346
|move|p2a: Cinderace|Will-O-Wisp|p1a: Skuntank
|-status|p1a: Skuntank|brn
|move|p1a: Skuntank|Toxic Spikes|p2a: Cinderace
|-sidestart|p2: ineverhaxed|move: Toxic Spikes
|
|-damage|p1a: Skuntank|94/100 brn|[from] brn
|upkeep
|turn|3
|
|t:|1760459357
|move|p2a: Cinderace|Acrobatics|p1a: Skuntank
|-start|p2a: Cinderace|typechange|Flying|[from] ability: Libero
|-damage|p1a: Skuntank|56/100 brn
|-damage|p2a: Cinderace|24/100|[from] item: Rocky Helmet|[of] p1a: Skuntank
|move|p1a: Skuntank|Super Fang|p2a: Cinderace
|-damage|p2a: Cinderace|12/100
|
|-damage|p1a: Skuntank|50/100 brn|[from] brn
|upkeep
|turn|4
|
|t:|1760459367
|move|p1a: Skuntank|Sucker Punch||[still]
|-fail|p1a: Skuntank
|move|p2a: Cinderace|Court Change|p2a: Cinderace
|-swapsideconditions
|-activate|p2a: Cinderace|move: Court Change
|
|-damage|p1a: Skuntank|44/100 brn|[from] brn
|upkeep
|turn|5
|
|t:|1760459374
|switch|p2a: Cloyster|Cloyster, F|100/100
|switch|p1a: Scizor|Scizor, M|52/100
|
|upkeep
|turn|6
|
|t:|1760459382
|-terastallize|p2a: Cloyster|Ghost
|move|p1a: Scizor|Bullet Punch|p2a: Cloyster
|-damage|p2a: Cloyster|72/100
|move|p2a: Cloyster|Tera Blast|p1a: Scizor|[anim] Tera Blast Ghost
|-damage|p1a: Scizor|13/100
|
|upkeep
|turn|7
|
|t:|1760459396
|move|p1a: Scizor|Bullet Punch|p2a: Cloyster
|-damage|p2a: Cloyster|44/100
|move|p2a: Cloyster|Icicle Spear|p1a: Scizor
|-resisted|p1a: Scizor
|-damage|p1a: Scizor|7/100
|-resisted|p1a: Scizor
|-damage|p1a: Scizor|1/100
|-resisted|p1a: Scizor
|-damage|p1a: Scizor|0 fnt
|faint|p1a: Scizor
|-hitcount|p1: Scizor|3
|
|upkeep
|
|t:|1760459401
|switch|p1a: Skuntank|Skuntank, F|44/100 brn
|-sideend|p1: sabunoko|move: Toxic Spikes|[of] p1a: Skuntank
|turn|8
|
|t:|1760459407
|move|p2a: Cloyster|Icicle Spear|p1a: Skuntank
|-damage|p1a: Skuntank|35/100 brn
|-damage|p1a: Skuntank|25/100 brn
|-damage|p1a: Skuntank|16/100 brn
|-damage|p1a: Skuntank|7/100 brn
|-damage|p1a: Skuntank|0 fnt
|faint|p1a: Skuntank
|-hitcount|p1: Skuntank|5
|
|upkeep
|
|t:|1760459418
|switch|p1a: Quaquaval|Quaquaval, F|100/100
|turn|9
|
|t:|1760459424
|move|p1a: Quaquaval|Aqua Step|p2a: Cloyster
|-damage|p2a: Cloyster|8/100
|-boost|p1a: Quaquaval|spe|1
|move|p2a: Cloyster|Tera Blast|p1a: Quaquaval|[anim] Tera Blast Ghost
|-damage|p1a: Quaquaval|54/100
|
|upkeep
|turn|10
|
|t:|1760459434
|move|p2a: Cloyster|Ice Shard|p1a: Quaquaval
|-resisted|p1a: Quaquaval
|-damage|p1a: Quaquaval|42/100
|move|p1a: Quaquaval|Aqua Step|p2a: Cloyster
|-damage|p2a: Cloyster|0 fnt
|-boost|p1a: Quaquaval|spe|1
|faint|p2a: Cloyster
|-ability|p1a: Quaquaval|Moxie|boost
|-boost|p1a: Quaquaval|atk|1
|
|upkeep
|
|t:|1760459443
|switch|p2a: Lokix|Lokix, F|100/100
|turn|11
|
|t:|1760459456
|move|p2a: Lokix|First Impression|p1a: Quaquaval
|-resisted|p1a: Quaquaval
|-damage|p1a: Quaquaval|0 fnt
|faint|p1a: Quaquaval
|
|upkeep
|
|t:|1760459460
|switch|p1a: Iron Valiant|Iron Valiant, shiny|100/100
|-enditem|p1a: Iron Valiant|Booster Energy
|-activate|p1a: Iron Valiant|ability: Quark Drive|[fromitem]
|-start|p1a: Iron Valiant|quarkdrivespe
|turn|12
|
|t:|1760459469
|switch|p2a: Blissey|Blissey, F|100/100
|move|p1a: Iron Valiant|Moonblast|p2a: Blissey
|-damage|p2a: Blissey|82/100
|
|-heal|p2a: Blissey|89/100|[from] item: Leftovers
|upkeep
|turn|13
|
|t:|1760459483
|move|p1a: Iron Valiant|Moonblast|p2a: Blissey
|-damage|p2a: Blissey|68/100
|move|p2a: Blissey|Ice Beam|p1a: Iron Valiant
|-damage|p1a: Iron Valiant|64/100
|
|-heal|p2a: Blissey|74/100|[from] item: Leftovers
|upkeep
|turn|14
|
|t:|1760459490
|move|p1a: Iron Valiant|Moonblast|p2a: Blissey
|-damage|p2a: Blissey|56/100
|move|p2a: Blissey|Ice Beam|p1a: Iron Valiant
|-damage|p1a: Iron Valiant|25/100
|
|-heal|p2a: Blissey|62/100|[from] item: Leftovers
|upkeep
|turn|15
|
|t:|1760459498
|switch|p2a: Cinderace|Cinderace, M|12/100
|move|p1a: Iron Valiant|Destiny Bond|p1a: Iron Valiant
|-singlemove|p1a: Iron Valiant|Destiny Bond
|
|upkeep
|turn|16
|
|t:|1760459503
|-end|p1a: Iron Valiant|Quark Drive|[silent]
|switch|p1a: Ditto|Ditto|100/100
|-transform|p1a: Ditto|p2a: Cinderace|[from] ability: Imposter
|move|p2a: Cinderace|Sucker Punch||[still]
|-fail|p2a: Cinderace
|
|upkeep
|turn|17
|
|t:|1760459514
|move|p2a: Cinderace|Sucker Punch|p1a: Ditto
|-start|p2a: Cinderace|typechange|Dark|[from] ability: Libero
|-damage|p1a: Ditto|63/100
|move|p1a: Ditto|Acrobatics|p2a: Cinderace
|-start|p1a: Ditto|typechange|Flying|[from] ability: Libero
|-damage|p2a: Cinderace|0 fnt
|faint|p2a: Cinderace
|
|upkeep
|
|t:|1760459523
|switch|p2a: Darkrai|Darkrai|100/100
|turn|18
|
|t:|1760459528
|switch|p1a: Iron Valiant|Iron Valiant, shiny|25/100
|move|p2a: Darkrai|Ice Beam|p1a: Iron Valiant
|-damage|p1a: Iron Valiant|0 fnt
|faint|p1a: Iron Valiant
|-end|p1a: Iron Valiant|Quark Drive|[silent]
|
|upkeep
|
|t:|1760459534
|switch|p1a: Sandy Shocks|Sandy Shocks|100/100
|turn|19
|
|t:|1760459548
|-terastallize|p1a: Sandy Shocks|Ice
|move|p2a: Darkrai|Ice Beam|p1a: Sandy Shocks
|-resisted|p1a: Sandy Shocks
|-damage|p1a: Sandy Shocks|78/100
|move|p1a: Sandy Shocks|Charge|p1a: Sandy Shocks
|-boost|p1a: Sandy Shocks|spd|1
|-start|p1a: Sandy Shocks|Charge
|
|upkeep
|turn|20
|
|t:|1760459557
|move|p2a: Darkrai|Ice Beam|p1a: Sandy Shocks
|-resisted|p1a: Sandy Shocks
|-damage|p1a: Sandy Shocks|63/100
|move|p1a: Sandy Shocks|Thunderbolt|p2a: Darkrai
|-damage|p2a: Darkrai|0 fnt
|faint|p2a: Darkrai
|-end|p1a: Sandy Shocks|Charge|[silent]
|
|upkeep
|
|t:|1760459564
|switch|p2a: Lokix|Lokix, F|100/100
|turn|21
|
|t:|1760459574
|move|p2a: Lokix|First Impression|p1a: Sandy Shocks
|-damage|p1a: Sandy Shocks|11/100
|move|p1a: Sandy Shocks|Thunderbolt|p2a: Lokix
|-damage|p2a: Lokix|4/100
|
|upkeep
|turn|22
|
|t:|1760459581
|move|p2a: Lokix|Sucker Punch|p1a: Sandy Shocks
|-damage|p1a: Sandy Shocks|0 fnt
|faint|p1a: Sandy Shocks
|-end|p1a: Sandy Shocks|Protosynthesis|[silent]
|
|upkeep
|
|t:|1760459584
|switch|p1a: Ditto|Ditto|63/100
|-transform|p1a: Ditto|p2a: Lokix|[from] ability: Imposter
|turn|23
|
|t:|1760459596
|switch|p2a: Electrode|Electrode-Hisui|100/100
|move|p1a: Ditto|Sucker Punch||[still]
|-fail|p1a: Ditto
|
|upkeep
|turn|24
|
|t:|1760459602
|move|p1a: Ditto|Sucker Punch|p2a: Electrode
|-damage|p2a: Electrode|40/100
|move|p2a: Electrode|Volt Switch|p1a: Ditto
|-damage|p1a: Ditto|0 fnt
|faint|p1a: Ditto
|
|win|ineverhaxed
|raw|sabunoko's rating: 1311 &rarr; <strong>1292</strong><br />(-19 for losing)
|raw|ineverhaxed's rating: 1331 &rarr; <strong>1350</strong><br />(+19 for winning)
|l|☆sabunoko
|player|p1|
|l|☆ineverhaxed
|player|p2|
