|j|☆CHANGANG
|j|☆ooo01w
|t:|1760446204
|gametype|singles
|player|p1|CHANGANG|clay|1451
|player|p2|ooo01w|101|1441
|gen|9
|tier|[Gen 9] OU
|rated|
|rule|HP Percentage Mod: HP is shown in percentages
|rule|Endless Battle Clause: Forcing endless battles is banned
|rule|Species Clause: Limit one of each Pokémon
|rule|OHKO Clause: OHKO moves are banned
|rule|Evasion Items Clause: Evasion items are banned
|rule|Evasion Moves Clause: Evasion moves are banned
|rule|Evasion Abilities Clause: Evasion abilities are banned
|rule|Sleep Moves Clause: Sleep-inducing moves are banned
|clearpoke
|poke|p1|Krookodile, F|
|poke|p1|Landorus-Therian, M|
|poke|p1|Raging Bolt|
|poke|p1|Hatterene, F|
|poke|p1|Alomomola, F|
|poke|p1|Chesnaught, M|
|poke|p2|Heatran, F|
|poke|p2|Rillaboom, M|
|poke|p2|Slowking-Galar, M|
|poke|p2|Ogerpon-Wellspring, F|
|poke|p2|Great Tusk|
|poke|p2|Kingambit, M|
|teampreview
|
|t:|1760446220
|teamsize|p1|6
|teamsize|p2|6
|start
|switch|p1a: HOMELANDOR|Landorus-Therian, M|100/100
|switch|p2a: Rillaboom|Rillaboom, M|100/100
|-ability|p1a: HOMELANDOR|Intimidate|boost
|-unboost|p2a: Rillaboom|atk|1
|-fieldstart|move: Grassy Terrain|[from] ability: Grassy Surge|[of] p2a: Rillaboom
|turn|1
|
|t:|1760446231
|switch|p2a: Slowking|Slowking-Galar, M|100/100
|move|p1a: HOMELANDOR|Stealth Rock|p2a: Slowking
|-sidestart|p2: ooo01w|move: Stealth Rock
|
|upkeep
|turn|2
|
|t:|1760446242
|move|p1a: HOMELANDOR|Earthquake|p2a: Slowking
|-supereffective|p2a: Slowking
|-damage|p2a: Slowking|53/100
|move|p2a: Slowking|Future Sight|p1a: HOMELANDOR
|-start|p2a: Slowking|move: Future Sight
|
|-heal|p2a: Slowking|59/100|[from] Grassy Terrain
|upkeep
|turn|3
|
|t:|1760446253
|move|p1a: HOMELANDOR|Earthquake|p2a: Slowking
|-supereffective|p2a: Slowking
|-damage|p2a: Slowking|9/100
|-prepare|p2a: Slowking|Chilly Reception|[premajor]
|move|p2a: Slowking|Chilly Reception|p2a: Slowking
|-weather|Snowscape
|
|t:|1760446265
|switch|p2a: Great Tusk|Great Tusk|100/100|[from] Chilly Reception
|
|-weather|Snowscape|[upkeep]
|upkeep
|turn|4
|
|t:|1760446290
|move|p1a: HOMELANDOR|U-turn|p2a: Great Tusk
|-resisted|p2a: Great Tusk
|-damage|p2a: Great Tusk|93/100
|
|t:|1760446292
|switch|p1a: FEDORA RON|Hatterene, F|100/100|[from] U-turn
|move|p2a: Great Tusk|Knock Off|p1a: FEDORA RON
|-damage|p1a: FEDORA RON|72/100
|-enditem|p1a: FEDORA RON|Leftovers|[from] move: Knock Off|[of] p2a: Great Tusk
|
|-weather|Snowscape|[upkeep]
|-end|p1a: FEDORA RON|move: Future Sight
|-resisted|p1a: FEDORA RON
|-damage|p1a: FEDORA RON|47/100
|-heal|p2a: Great Tusk|99/100|[from] Grassy Terrain
|-heal|p1a: FEDORA RON|53/100|[from] Grassy Terrain
|upkeep
|turn|5
|
|t:|1760446325
|move|p2a: Great Tusk|Headlong Rush|p1a: FEDORA RON
|-damage|p1a: FEDORA RON|0 fnt
|-unboost|p2a: Great Tusk|def|1
|-unboost|p2a: Great Tusk|spd|1
|faint|p1a: FEDORA RON
|
|-weather|Snowscape|[upkeep]
|-heal|p2a: Great Tusk|100/100|[from] Grassy Terrain
|-fieldend|move: Grassy Terrain
|upkeep
|
|t:|1760446332
|switch|p1a: Chesnaught|Chesnaught, M|100/100
|turn|6
|inactive|Battle timer is ON: inactive players will automatically lose when time's up. (requested by CHANGANG)
|
|t:|1760446347
|-end|p2a: Great Tusk|Protosynthesis|[silent]
|switch|p2a: Slowking|Slowking-Galar, M|42/100
|move|p1a: Chesnaught|Leech Seed|p2a: Slowking|[miss]
|-miss|p1a: Chesnaught|p2a: Slowking
|
|-weather|Snowscape|[upkeep]
|upkeep
|turn|7
|
|t:|1760446357
|move|p1a: Chesnaught|Spikes|p2a: Slowking
|-sidestart|p2: ooo01w|Spikes
|move|p2a: Slowking|Sludge Bomb|p1a: Chesnaught
|-immune|p1a: Chesnaught|[from] ability: Bulletproof
|
|-weather|none
|upkeep
|turn|8
|
|t:|1760446384
|switch|p1a: LUH TONKA|Krookodile, F|100/100
|move|p2a: Slowking|Future Sight|p1a: LUH TONKA
|-start|p2a: Slowking|move: Future Sight
|
|upkeep
|turn|9
|
|t:|1760446399
|switch|p2a: Great Tusk|Great Tusk|100/100
|move|p1a: LUH TONKA|Knock Off|p2a: Great Tusk
|-resisted|p2a: Great Tusk
|-damage|p2a: Great Tusk|84/100
|-enditem|p2a: Great Tusk|Heavy-Duty Boots|[from] move: Knock Off|[of] p1a: LUH TONKA
|
|upkeep
|turn|10
|inactive|CHANGANG has 120 seconds left.
|inactive|CHANGANG has 90 seconds left.
|
|t:|1760446453
|switch|p1a: HOMELANDOR|Landorus-Therian, M|100/100
|-ability|p1a: HOMELANDOR|Intimidate|boost
|-unboost|p2a: Great Tusk|atk|1
|move|p2a: Great Tusk|Rapid Spin|p1a: HOMELANDOR
|-damage|p1a: HOMELANDOR|89/100
|-boost|p2a: Great Tusk|spe|1
|-damage|p2a: Great Tusk|68/100|[from] item: Rocky Helmet|[of] p1a: HOMELANDOR
|-sideend|p2: ooo01w|Spikes|[from] move: Rapid Spin|[of] p2a: Great Tusk
|-sideend|p2: ooo01w|Stealth Rock|[from] move: Rapid Spin|[of] p2a: Great Tusk
|
|-end|p1a: HOMELANDOR|move: Future Sight
|-damage|p1a: HOMELANDOR|38/100
|upkeep
|turn|11
|
|t:|1760446464
|move|p2a: Great Tusk|Knock Off|p1a: HOMELANDOR
|-damage|p1a: HOMELANDOR|18/100
|-damage|p2a: Great Tusk|51/100|[from] item: Rocky Helmet|[of] p1a: HOMELANDOR
|-enditem|p1a: HOMELANDOR|Rocky Helmet|[from] move: Knock Off|[of] p2a: Great Tusk
|move|p1a: HOMELANDOR|U-turn|p2a: Great Tusk
|-resisted|p2a: Great Tusk
|-crit|p2a: Great Tusk
|-damage|p2a: Great Tusk|39/100
|
|t:|1760446470
|switch|p1a: Chesnaught|Chesnaught, M|100/100|[from] U-turn
|
|upkeep
|turn|12
|
|t:|1760446481
|-end|p2a: Great Tusk|Protosynthesis|[silent]
|switch|p2a: Slowking|Slowking-Galar, M|75/100
|move|p1a: Chesnaught|Leech Seed|p2a: Slowking
|-start|p2a: Slowking|move: Leech Seed
|
|-damage|p2a: Slowking|63/100|[from] Leech Seed|[of] p1a: Chesnaught
|upkeep
|turn|13
|
|t:|1760446500
|switch|p1a: LUH TONKA|Krookodile, F|100/100
|-prepare|p2a: Slowking|Chilly Reception|[premajor]
|move|p2a: Slowking|Chilly Reception|p2a: Slowking
|-weather|Snowscape
|
|t:|1760446508
|switch|p2a: Ogerpon|Ogerpon-Wellspring, F|100/100|[from] Chilly Reception
|
|-weather|Snowscape|[upkeep]
|upkeep
|turn|14
|
|t:|1760446514
|switch|p1a: Chesnaught|Chesnaught, M|100/100
|move|p2a: Ogerpon|Ivy Cudgel|p1a: Chesnaught|[anim] Ivy Cudgel Water
|-resisted|p1a: Chesnaught
|-damage|p1a: Chesnaught|83/100
|
|-weather|Snowscape|[upkeep]
|-heal|p1a: Chesnaught|89/100|[from] item: Leftovers
|upkeep
|turn|15
|
|t:|1760446525
|switch|p2a: Slowking|Slowking-Galar, M|96/100
|move|p1a: Chesnaught|Spikes|p2a: Slowking
|-sidestart|p2: ooo01w|Spikes
|
|-weather|Snowscape|[upkeep]
|-heal|p1a: Chesnaught|95/100|[from] item: Leftovers
|upkeep
|turn|16
|
|t:|1760446534
|move|p1a: Chesnaught|Spikes|p2a: Slowking
|-sidestart|p2: ooo01w|Spikes
|move|p2a: Slowking|Future Sight|p1a: Chesnaught
|-start|p2a: Slowking|move: Future Sight
|
|-weather|Snowscape|[upkeep]
|-heal|p1a: Chesnaught|100/100|[from] item: Leftovers
|upkeep
|turn|17
|inactive|CHANGANG has 120 seconds left.
|
|t:|1760446560
|switch|p2a: Heatran|Heatran, F|100/100
|-item|p2a: Heatran|Air Balloon
|move|p1a: Chesnaught|Spikes|p2a: Heatran
|-sidestart|p2: ooo01w|Spikes
|
|-weather|none
|upkeep
|turn|18
|inactive|CHANGANG has 120 seconds left.
|l|☆CHANGANG
|inactive|CHANGANG disconnected and has a minute to reconnect!
|player|p1|
|j|☆CHANGANG
|inactive|CHANGANG reconnected and has 100 seconds left.
|player|p1|CHANGANG|clay|
|inactive|CHANGANG has 90 seconds left.
|
|t:|1760446601
|switch|p1a: HOMELANDOR|Landorus-Therian, M|18/100
|-ability|p1a: HOMELANDOR|Intimidate|boost
|-unboost|p2a: Heatran|atk|1
|move|p2a: Heatran|Magma Storm|p1a: HOMELANDOR
|-damage|p1a: HOMELANDOR|0 fnt
|faint|p1a: HOMELANDOR
|
|-hint|Future Sight did not hit because the target is fainted.
|upkeep
|
|t:|1760446603
|switch|p1a: EZ FLIP|Alomomola, F|100/100
|turn|19
|inactive|CHANGANG has 90 seconds left.
|
|t:|1760446620
|switch|p2a: Slowking|Slowking-Galar, M|100/100
|switch|p1a: Chesnaught|Chesnaught, M|100/100
|
|upkeep
|turn|20
|
|t:|1760446626
|switch|p1a: LUH TONKA|Krookodile, F|100/100
|move|p2a: Slowking|Thunder Wave|p1a: LUH TONKA
|-immune|p1a: LUH TONKA
|
|upkeep
|turn|21
|
|t:|1760446641
|switch|p2a: Rillaboom|Rillaboom, M|100/100
|-damage|p2a: Rillaboom|76/100|[from] Spikes
|-fieldstart|move: Grassy Terrain|[from] ability: Grassy Surge|[of] p2a: Rillaboom
|move|p1a: LUH TONKA|Knock Off|p2a: Rillaboom
|-damage|p2a: Rillaboom|25/100
|-enditem|p2a: Rillaboom|Choice Band|[from] move: Knock Off|[of] p1a: LUH TONKA
|
|-heal|p2a: Rillaboom|31/100|[from] Grassy Terrain
|upkeep
|turn|22
|
|t:|1760446652
|switch|p1a: Chesnaught|Chesnaught, M|100/100
|move|p2a: Rillaboom|Knock Off|p1a: Chesnaught
|-resisted|p1a: Chesnaught
|-damage|p1a: Chesnaught|90/100
|-enditem|p1a: Chesnaught|Leftovers|[from] move: Knock Off|[of] p2a: Rillaboom
|
|-heal|p2a: Rillaboom|37/100|[from] Grassy Terrain
|-heal|p1a: Chesnaught|97/100|[from] Grassy Terrain
|upkeep
|turn|23
|inactive|CHANGANG has 90 seconds left.
|
|t:|1760446678
|move|p2a: Rillaboom|U-turn|p1a: Chesnaught
|-damage|p1a: Chesnaught|82/100
|
|t:|1760446686
|switch|p2a: Slowking|Slowking-Galar, M|100/100|[from] U-turn
|move|p1a: Chesnaught|Leech Seed|p2a: Slowking
|-start|p2a: Slowking|move: Leech Seed
|
|-heal|p1a: Chesnaught|88/100|[from] Grassy Terrain
|-damage|p2a: Slowking|88/100|[from] Leech Seed|[of] p1a: Chesnaught
|-heal|p1a: Chesnaught|100/100|[silent]
|upkeep
|turn|24
|inactive|CHANGANG has 90 seconds left.
|
|t:|1760446702
|switch|p1a: LUH TONKA|Krookodile, F|100/100
|-prepare|p2a: Slowking|Chilly Reception|[premajor]
|move|p2a: Slowking|Chilly Reception|p2a: Slowking
|-weather|Snowscape
|
|t:|1760446714
|switch|p2a: Heatran|Heatran, F|100/100|[from] Chilly Reception
|-item|p2a: Heatran|Air Balloon
|
|-weather|Snowscape|[upkeep]
|upkeep
|turn|25
|
|t:|1760446726
|switch|p1a: EZ FLIP|Alomomola, F|100/100
|move|p2a: Heatran|Magma Storm|p1a: EZ FLIP|[miss]
|-miss|p2a: Heatran|p1a: EZ FLIP
|
|-weather|Snowscape|[upkeep]
|-fieldend|move: Grassy Terrain
|upkeep
|turn|26
|
|t:|1760446743
|-terastallize|p2a: Heatran|Grass
|move|p2a: Heatran|Stealth Rock|p1a: EZ FLIP
|-sidestart|p1: CHANGANG|move: Stealth Rock
|move|p1a: EZ FLIP|Flip Turn|p2a: Heatran
|-resisted|p2a: Heatran
|-damage|p2a: Heatran|93/100
|-enditem|p2a: Heatran|Air Balloon
|
|t:|1760446749
|switch|p1a: BLACK BOLT SUN|Raging Bolt|100/100|[from] Flip Turn
|-damage|p1a: BLACK BOLT SUN|88/100|[from] Stealth Rock
|
|-weather|Snowscape|[upkeep]
|-heal|p1a: BLACK BOLT SUN|94/100|[from] item: Leftovers
|upkeep
|turn|27
|
|t:|1760446755
|move|p2a: Heatran|Earth Power|p1a: BLACK BOLT SUN
|-supereffective|p1a: BLACK BOLT SUN
|-damage|p1a: BLACK BOLT SUN|44/100
|-unboost|p1a: BLACK BOLT SUN|spd|1
|move|p1a: BLACK BOLT SUN|Calm Mind|p1a: BLACK BOLT SUN
|-boost|p1a: BLACK BOLT SUN|spa|1
|-boost|p1a: BLACK BOLT SUN|spd|1
|
|-weather|Snowscape|[upkeep]
|-heal|p1a: BLACK BOLT SUN|50/100|[from] item: Leftovers
|upkeep
|turn|28
|
|t:|1760446764
|move|p2a: Heatran|Earth Power|p1a: BLACK BOLT SUN
|-supereffective|p1a: BLACK BOLT SUN
|-damage|p1a: BLACK BOLT SUN|1/100
|move|p1a: BLACK BOLT SUN|Dragon Pulse|p2a: Heatran
|-damage|p2a: Heatran|18/100
|
|-weather|none
|-heal|p1a: BLACK BOLT SUN|7/100|[from] item: Leftovers
|upkeep
|turn|29
|
|t:|1760446781
|move|p2a: Heatran|Earth Power|p1a: BLACK BOLT SUN
|-supereffective|p1a: BLACK BOLT SUN
|-damage|p1a: BLACK BOLT SUN|0 fnt
|faint|p1a: BLACK BOLT SUN
|-end|p1a: BLACK BOLT SUN|Protosynthesis|[silent]
|
|upkeep
|
|t:|1760446783
|switch|p1a: LUH TONKA|Krookodile, F|100/100
|-damage|p1a: LUH TONKA|94/100|[from] Stealth Rock
|turn|30
|
|t:|1760446794
|move|p1a: LUH TONKA|Earthquake|p2a: Heatran
|-resisted|p2a: Heatran
|-damage|p2a: Heatran|0 fnt
|faint|p2a: Heatran
|-ability|p1a: LUH TONKA|Moxie|boost
|-boost|p1a: LUH TONKA|atk|1
|
|upkeep
|
|t:|1760446801
|switch|p2a: Great Tusk|Great Tusk|39/100
|-damage|p2a: Great Tusk|14/100|[from] Spikes
|turn|31
|
|t:|1760446806
|move|p1a: LUH TONKA|Earthquake|p2a: Great Tusk
|-damage|p2a: Great Tusk|0 fnt
|faint|p2a: Great Tusk
|-end|p2a: Great Tusk|Protosynthesis|[silent]
|-ability|p1a: LUH TONKA|Moxie|boost
|-boost|p1a: LUH TONKA|atk|1
|
|upkeep
|
|t:|1760446811
|switch|p2a: Ogerpon|Ogerpon-Wellspring, F|100/100
|-damage|p2a: Ogerpon|76/100|[from] Spikes
|turn|32
|
|t:|1760446816
|switch|p1a: Chesnaught|Chesnaught, M|100/100
|-damage|p1a: Chesnaught|94/100|[from] Stealth Rock
|move|p2a: Ogerpon|Swords Dance|p2a: Ogerpon
|-boost|p2a: Ogerpon|atk|2
|
|upkeep
|turn|33
|
|t:|1760446822
|move|p2a: Ogerpon|Play Rough|p1a: Chesnaught
|-supereffective|p1a: Chesnaught
|-damage|p1a: Chesnaught|9/100
|move|p1a: Chesnaught|Body Press|p2a: Ogerpon
|-damage|p2a: Ogerpon|15/100
|
|upkeep
|turn|34
|
|t:|1760446832
|move|p2a: Ogerpon|Ivy Cudgel|p1a: Chesnaught|[anim] Ivy Cudgel Water
|-resisted|p1a: Chesnaught
|-damage|p1a: Chesnaught|0 fnt
|faint|p1a: Chesnaught
|
|upkeep
|
|t:|1760446835
|switch|p1a: LUH TONKA|Krookodile, F|94/100
|-damage|p1a: LUH TONKA|88/100|[from] Stealth Rock
|turn|35
|
|t:|1760446843
|move|p1a: LUH TONKA|Earthquake|p2a: Ogerpon
|-resisted|p2a: Ogerpon
|-damage|p2a: Ogerpon|0 fnt
|faint|p2a: Ogerpon
|-ability|p1a: LUH TONKA|Moxie|boost
|-boost|p1a: LUH TONKA|atk|1
|
|upkeep
|
|t:|1760446849
|switch|p2a: Rillaboom|Rillaboom, M|37/100
|-damage|p2a: Rillaboom|13/100|[from] Spikes
|-fieldstart|move: Grassy Terrain|[from] ability: Grassy Surge|[of] p2a: Rillaboom
|turn|36
|
|t:|1760446856
|move|p2a: Rillaboom|Grassy Glide|p1a: LUH TONKA
|-supereffective|p1a: LUH TONKA
|-damage|p1a: LUH TONKA|0 fnt
|faint|p1a: LUH TONKA
|
|-heal|p2a: Rillaboom|19/100|[from] Grassy Terrain
|upkeep
|
|t:|1760446859
|switch|p1a: EZ FLIP|Alomomola, F|100/100
|-damage|p1a: EZ FLIP|88/100|[from] Stealth Rock
|turn|37
|
|t:|1760446866
|move|p2a: Rillaboom|Wood Hammer|p1a: EZ FLIP
|-supereffective|p1a: EZ FLIP
|-crit|p1a: EZ FLIP
|-damage|p1a: EZ FLIP|0 fnt
|faint|p1a: EZ FLIP
|-damage|p2a: Rillaboom|0 fnt|[from] Recoil
|faint|p2a: Rillaboom
|
|win|ooo01w
|raw|CHANGANG's rating: 1451 &rarr; <strong>1430</strong><br />(-21 for losing)
|raw|ooo01w's rating: 1441 &rarr; <strong>1462</strong><br />(+21 for winning)
|l|☆CHANGANG
|player|p1|
|l|☆ooo01w
|player|p2|
