|j|☆Winter escape
|j|☆wgfg
|t:|1760332162
|gametype|singles
|player|p1|Winter escape|unknown|1300
|player|p2|wgfg|102|1322
|gen|9
|tier|[Gen 9] OU
|rated|
|rule|HP Percentage Mod: HP is shown in percentages
|rule|Endless Battle Clause: Forcing endless battles is banned
|rule|Species Clause: Limit one of each Pokémon
|rule|OHKO Clause: OHKO moves are banned
|rule|Evasion Items Clause: Evasion items are banned
|rule|Evasion Moves Clause: Evasion moves are banned
|rule|Evasion Abilities Clause: Evasion abilities are banned
|rule|Sleep Moves Clause: Sleep-inducing moves are banned
|clearpoke
|poke|p1|Meowscarada, F|
|poke|p1|Rillaboom, F|
|poke|p1|Iron Crown|
|poke|p1|Ceruledge, M|
|poke|p1|Primarina, F|
|poke|p1|Corviknight, F|
|poke|p2|Pelipper, M|
|poke|p2|Hatterene, F|
|poke|p2|Iron Treads|
|poke|p2|Toxicroak, M|
|poke|p2|Barraskewda, F|
|poke|p2|Ogerpon-Wellspring, F|
|teampreview
|inactive|Battle timer is ON: inactive players will automatically lose when time's up. (requested by Winter escape)
|
|t:|1760332186
|teamsize|p1|6
|teamsize|p2|6
|start
|switch|p1a: Iron Crown|Iron Crown|100/100
|switch|p2a: Pelipper|Pelipper, M|100/100
|-weather|RainDance|[from] ability: Drizzle|[of] p2a: Pelipper
|turn|1
|inactive|wgfg has 120 seconds left.
|
|t:|1760332223
|switch|p2a: Iron Treads|Iron Treads|100/100
|-item|p2a: Iron Treads|Air Balloon
|move|p1a: Iron Crown|Volt Switch|p2a: Iron Treads
|-immune|p2a: Iron Treads
|
|-weather|RainDance|[upkeep]
|upkeep
|turn|2
|inactive|wgfg has 120 seconds left.
|
|t:|1760332237
|-end|p1a: Iron Crown|Quark Drive|[silent]
|switch|p1a: Rillaboom|Rillaboom, F|100/100
|-fieldstart|move: Grassy Terrain|[from] ability: Grassy Surge|[of] p1a: Rillaboom
|-end|p2a: Iron Treads|Quark Drive|[silent]
|switch|p2a: Hatterene|Hatterene, F|100/100
|
|-weather|RainDance|[upkeep]
|upkeep
|turn|3
|inactive|wgfg has 120 seconds left.
|
|t:|1760332256
|move|p1a: Rillaboom|Wood Hammer|p2a: Hatterene
|-damage|p2a: Hatterene|32/100
|-damage|p1a: Rillaboom|83/100|[from] Recoil
|-enditem|p2a: Hatterene|Eject Button
|
|t:|1760332264
|switch|p2a: Barraskewda|Barraskewda, F|100/100
|
|-weather|RainDance|[upkeep]
|-heal|p1a: Rillaboom|89/100|[from] Grassy Terrain
|upkeep
|turn|4
|
|t:|1760332282
|move|p1a: Rillaboom|Grassy Glide|p2a: Barraskewda
|-supereffective|p2a: Barraskewda
|-damage|p2a: Barraskewda|0 fnt
|faint|p2a: Barraskewda
|
|-weather|RainDance|[upkeep]
|-heal|p1a: Rillaboom|95/100|[from] Grassy Terrain
|upkeep
|inactive|wgfg has 90 seconds left.
|
|t:|1760332326
|switch|p2a: Pelipper|Pelipper, M|100/100
|turn|5
|
|t:|1760332333
|switch|p1a: Iron Crown|Iron Crown|100/100
|move|p2a: Pelipper|Hurricane|p1a: Iron Crown
|-resisted|p1a: Iron Crown
|-damage|p1a: Iron Crown|84/100
|-start|p1a: Iron Crown|confusion
|
|-weather|RainDance|[upkeep]
|-heal|p1a: Iron Crown|90/100|[from] Grassy Terrain
|upkeep
|turn|6
|
|t:|1760332354
|switch|p2a: Ogerpon|Ogerpon-Wellspring, F|100/100
|-activate|p1a: Iron Crown|confusion
|move|p1a: Iron Crown|Volt Switch|p2a: Ogerpon
|-damage|p2a: Ogerpon|62/100
|
|t:|1760332361
|-end|p1a: Iron Crown|Quark Drive|[silent]
|switch|p1a: Meowscarada|Meowscarada, F|100/100|[from] Volt Switch
|
|-weather|RainDance|[upkeep]
|-heal|p2a: Ogerpon|68/100|[from] Grassy Terrain
|upkeep
|turn|7
|-message|wgfg forfeited.
|
|win|Winter escape
|raw|Winter escape's rating: 1300 &rarr; <strong>1327</strong><br />(+27 for winning)
|raw|wgfg's rating: 1322 &rarr; <strong>1301</strong><br />(-21 for losing)
|l|☆wgfg
|player|p2|
|l|☆Winter escape
|player|p1|
