|j|☆zachydachy326
|j|☆OdinGX
|t:|1760343834
|gametype|singles
|player|p1|zachydachy326|169|1054
|player|p2|OdinGX|will|1055
|gen|9
|tier|[Gen 9] OU
|rated|
|rule|HP Percentage Mod: HP is shown in percentages
|rule|Endless Battle Clause: Forcing endless battles is banned
|rule|Species Clause: Limit one of each Pokémon
|rule|OHKO Clause: OHKO moves are banned
|rule|Evasion Items Clause: Evasion items are banned
|rule|Evasion Moves Clause: Evasion moves are banned
|rule|Evasion Abilities Clause: Evasion abilities are banned
|rule|Sleep Moves Clause: Sleep-inducing moves are banned
|clearpoke
|poke|p1|Kingambit, F|
|poke|p1|Cinderace, F|
|poke|p1|Landorus-Therian, M|
|poke|p1|Iron Valiant|
|poke|p1|Kyurem|
|poke|p1|Slowking-Galar, M|
|poke|p2|Bombirdier, F|
|poke|p2|Brute Bonnet|
|poke|p2|Cacturne, F|
|poke|p2|Grimmsnarl, M|
|poke|p2|Lokix, F|
|poke|p2|Malamar, M|
|teampreview
|inactive|Battle timer is ON: inactive players will automatically lose when time's up. (requested by OdinGX)
|inactive|zachydachy326 also wants the timer to be on.
|
|t:|1760343844
|teamsize|p1|6
|teamsize|p2|6
|start
|switch|p1a: Landorus|Landorus-Therian, M, shiny|100/100
|switch|p2a: Bombirdier|Bombirdier, F|100/100
|-ability|p1a: Landorus|Intimidate|boost
|-unboost|p2a: Bombirdier|atk|1
|turn|1
|
|t:|1760343851
|move|p1a: Landorus|Stealth Rock|p2a: Bombirdier
|-sidestart|p2: OdinGX|move: Stealth Rock
|move|p2a: Bombirdier|Stealth Rock|p1a: Landorus
|-sidestart|p1: zachydachy326|move: Stealth Rock
|
|upkeep
|turn|2
|
|t:|1760343873
|move|p1a: Landorus|U-turn|p2a: Bombirdier
|-damage|p2a: Bombirdier|77/100
|
|t:|1760343883
|switch|p1a: Iron Valiant|Iron Valiant|100/100|[from] U-turn
|-damage|p1a: Iron Valiant|94/100|[from] Stealth Rock
|-enditem|p1a: Iron Valiant|Booster Energy
|-activate|p1a: Iron Valiant|ability: Quark Drive|[fromitem]
|-start|p1a: Iron Valiant|quarkdrivespe
|move|p2a: Bombirdier|Knock Off|p1a: Iron Valiant
|-resisted|p1a: Iron Valiant
|-damage|p1a: Iron Valiant|89/100
|
|upkeep
|turn|3
|
|t:|1760343893
|move|p1a: Iron Valiant|Calm Mind|p1a: Iron Valiant
|-boost|p1a: Iron Valiant|spa|1
|-boost|p1a: Iron Valiant|spd|1
|move|p2a: Bombirdier|U-turn|p1a: Iron Valiant
|-resisted|p1a: Iron Valiant
|-damage|p1a: Iron Valiant|86/100
|
|t:|1760343901
|switch|p2a: Grimmsnarl|Grimmsnarl, M|100/100|[from] U-turn
|
|upkeep
|turn|4
|
|t:|1760343923
|-terastallize|p2a: Grimmsnarl|Steel
|move|p2a: Grimmsnarl|Thunder Wave|p1a: Iron Valiant
|-status|p1a: Iron Valiant|par
|move|p1a: Iron Valiant|Moonblast|p2a: Grimmsnarl
|-resisted|p2a: Grimmsnarl
|-damage|p2a: Grimmsnarl|73/100
|
|upkeep
|turn|5
|
|t:|1760343932
|move|p1a: Iron Valiant|Encore|p2a: Grimmsnarl
|-start|p2a: Grimmsnarl|Encore
|move|p2a: Grimmsnarl|Thunder Wave|p1a: Iron Valiant
|-fail|p1a: Iron Valiant|par
|
|upkeep
|turn|6
|
|t:|1760343940
|switch|p2a: Bombirdier|Bombirdier, F|77/100
|cant|p1a: Iron Valiant|par
|
|upkeep
|turn|7
|
|t:|1760343945
|cant|p1a: Iron Valiant|par
|move|p2a: Bombirdier|U-turn|p1a: Iron Valiant
|-resisted|p1a: Iron Valiant
|-damage|p1a: Iron Valiant|80/100 par
|
|t:|1760343948
|switch|p2a: Grimmsnarl|Grimmsnarl, M, tera:Steel|73/100|[from] U-turn
|
|upkeep
|turn|8
|
|t:|1760343954
|move|p1a: Iron Valiant|Moonblast|p2a: Grimmsnarl
|-resisted|p2a: Grimmsnarl
|-crit|p2a: Grimmsnarl
|-damage|p2a: Grimmsnarl|30/100
|move|p2a: Grimmsnarl|Spirit Break|p1a: Iron Valiant
|-supereffective|p1a: Iron Valiant
|-damage|p1a: Iron Valiant|3/100 par
|-unboost|p1a: Iron Valiant|spa|1
|
|upkeep
|turn|9
|
|t:|1760343961
|cant|p1a: Iron Valiant|par
|move|p2a: Grimmsnarl|Spirit Break|p1a: Iron Valiant
|-supereffective|p1a: Iron Valiant
|-damage|p1a: Iron Valiant|0 fnt
|faint|p1a: Iron Valiant
|-end|p1a: Iron Valiant|Quark Drive|[silent]
|
|upkeep
|
|t:|1760343968
|switch|p1a: Landorus|Landorus-Therian, M, shiny|100/100
|-damage|p1a: Landorus|88/100|[from] Stealth Rock
|-ability|p1a: Landorus|Intimidate|boost
|-unboost|p2a: Grimmsnarl|atk|1
|turn|10
|
|t:|1760343974
|move|p2a: Grimmsnarl|Parting Shot|p1a: Landorus
|-unboost|p1a: Landorus|atk|1
|-unboost|p1a: Landorus|spa|1
|
|t:|1760343976
|switch|p2a: Bombirdier|Bombirdier, F|77/100|[from] Parting Shot
|move|p1a: Landorus|U-turn|p2a: Bombirdier
|-damage|p2a: Bombirdier|59/100
|
|t:|1760343985
|switch|p1a: Cinderace|Cinderace, F, shiny|100/100|[from] U-turn
|
|upkeep
|turn|11
|
|t:|1760343991
|move|p1a: Cinderace|Pyro Ball|p2a: Bombirdier|[miss]
|-miss|p1a: Cinderace|p2a: Bombirdier
|move|p2a: Bombirdier|Knock Off|p1a: Cinderace
|-crit|p1a: Cinderace
|-damage|p1a: Cinderace|41/100
|-enditem|p1a: Cinderace|Heavy-Duty Boots|[from] move: Knock Off|[of] p2a: Bombirdier
|
|upkeep
|turn|12
|
|t:|1760344002
|move|p1a: Cinderace|Pyro Ball|p2a: Bombirdier
|-damage|p2a: Bombirdier|7/100
|-status|p2a: Bombirdier|brn
|move|p2a: Bombirdier|Roost|p2a: Bombirdier
|-heal|p2a: Bombirdier|57/100 brn
|-singleturn|p2a: Bombirdier|move: Roost
|
|-damage|p2a: Bombirdier|51/100 brn|[from] brn
|upkeep
|turn|13
|
|t:|1760344015
|move|p1a: Cinderace|Pyro Ball|p2a: Bombirdier
|-damage|p2a: Bombirdier|0 fnt
|faint|p2a: Bombirdier
|
|upkeep
|
|t:|1760344019
|switch|p2a: Grimmsnarl|Grimmsnarl, M, tera:Steel|30/100
|turn|14
|
|t:|1760344024
|move|p2a: Grimmsnarl|Sucker Punch|p1a: Cinderace
|-damage|p1a: Cinderace|5/100
|move|p1a: Cinderace|Pyro Ball|p2a: Grimmsnarl
|-supereffective|p2a: Grimmsnarl
|-damage|p2a: Grimmsnarl|0 fnt
|faint|p2a: Grimmsnarl
|
|upkeep
|
|t:|1760344029
|switch|p2a: Lokix|Lokix, F|100/100
|-damage|p2a: Lokix|76/100|[from] Stealth Rock
|turn|15
|
|t:|1760344035
|move|p2a: Lokix|First Impression|p1a: Cinderace
|-resisted|p1a: Cinderace
|-damage|p1a: Cinderace|0 fnt
|faint|p1a: Cinderace
|-damage|p2a: Lokix|66/100|[from] item: Life Orb
|
|upkeep
|
|t:|1760344042
|switch|p1a: Slowking|Slowking-Galar, M, shiny|100/100
|turn|16
|
|t:|1760344045
|move|p2a: Lokix|Knock Off|p1a: Slowking
|-supereffective|p1a: Slowking
|-damage|p1a: Slowking|0 fnt
|-enditem|p1a: Slowking|Heavy-Duty Boots|[from] move: Knock Off|[of] p2a: Lokix
|faint|p1a: Slowking
|-damage|p2a: Lokix|56/100|[from] item: Life Orb
|
|upkeep
|
|t:|1760344054
|switch|p1a: Kingambit|Kingambit, F|100/100
|-damage|p1a: Kingambit|94/100|[from] Stealth Rock
|-activate|p1a: Kingambit|ability: Supreme Overlord
|-start|p1a: Kingambit|fallen3|[silent]
|turn|17
|
|t:|1760344059
|move|p2a: Lokix|U-turn|p1a: Kingambit
|-damage|p1a: Kingambit|63/100
|-damage|p2a: Lokix|46/100|[from] item: Life Orb
|
|t:|1760344062
|switch|p2a: Cacturne|Cacturne, F|100/100|[from] U-turn
|-damage|p2a: Cacturne|88/100|[from] Stealth Rock
|move|p1a: Kingambit|Swords Dance|p1a: Kingambit
|-boost|p1a: Kingambit|atk|2
|
|-heal|p1a: Kingambit|70/100|[from] item: Leftovers
|upkeep
|turn|18
|
|t:|1760344085
|move|p2a: Cacturne|Spikes|p1a: Kingambit
|-sidestart|p1: zachydachy326|Spikes
|move|p1a: Kingambit|Kowtow Cleave|p2a: Cacturne
|-resisted|p2a: Cacturne
|-damage|p2a: Cacturne|0 fnt
|faint|p2a: Cacturne
|
|-heal|p1a: Kingambit|76/100|[from] item: Leftovers
|upkeep
|
|t:|1760344113
|switch|p2a: Malamar|Malamar, M|100/100
|-damage|p2a: Malamar|88/100|[from] Stealth Rock
|turn|19
|
|t:|1760344127
|move|p2a: Malamar|Superpower|p1a: Kingambit
|-supereffective|p1a: Kingambit
|-damage|p1a: Kingambit|0 fnt
|-boost|p2a: Malamar|atk|1
|-boost|p2a: Malamar|def|1
|faint|p1a: Kingambit
|-end|p1a: Kingambit|fallen3|[silent]
|
|-heal|p2a: Malamar|94/100|[from] item: Leftovers
|upkeep
|inactive|zachydachy326 has 120 seconds left.
|
|t:|1760344149
|switch|p1a: Kyurem|Kyurem, shiny|100/100
|-damage|p1a: Kyurem|76/100|[from] Stealth Rock
|-damage|p1a: Kyurem|63/100|[from] Spikes
|-ability|p1a: Kyurem|Pressure
|turn|20
|
|t:|1760344152
|move|p1a: Kyurem|Earth Power|p2a: Malamar
|-damage|p2a: Malamar|72/100
|move|p2a: Malamar|Superpower|p1a: Kyurem
|-supereffective|p1a: Kyurem
|-damage|p1a: Kyurem|0 fnt
|-boost|p2a: Malamar|atk|1
|-boost|p2a: Malamar|def|1
|faint|p1a: Kyurem
|
|-heal|p2a: Malamar|78/100|[from] item: Leftovers
|upkeep
|
|t:|1760344156
|switch|p1a: Landorus|Landorus-Therian, M, shiny|88/100
|-damage|p1a: Landorus|76/100|[from] Stealth Rock
|-ability|p1a: Landorus|Intimidate|boost
|-boost|p2a: Malamar|atk|1
|turn|21
|
|t:|1760344163
|move|p1a: Landorus|Earthquake|p2a: Malamar
|-damage|p2a: Malamar|54/100
|move|p2a: Malamar|Knock Off|p1a: Landorus
|-damage|p1a: Landorus|7/100
|-damage|p2a: Malamar|37/100|[from] item: Rocky Helmet|[of] p1a: Landorus
|-enditem|p1a: Landorus|Rocky Helmet|[from] move: Knock Off|[of] p2a: Malamar
|
|-heal|p2a: Malamar|43/100|[from] item: Leftovers
|upkeep
|turn|22
|
|t:|1760344171
|move|p1a: Landorus|U-turn|p2a: Malamar
|-supereffective|p2a: Malamar
|-damage|p2a: Malamar|0 fnt
|faint|p2a: Malamar
|
|upkeep
|
|t:|1760344176
|switch|p2a: Lokix|Lokix, F|46/100
|-damage|p2a: Lokix|21/100|[from] Stealth Rock
|turn|23
|
|t:|1760344189
|move|p2a: Lokix|First Impression|p1a: Landorus
|-resisted|p1a: Landorus
|-damage|p1a: Landorus|0 fnt
|faint|p1a: Landorus
|-damage|p2a: Lokix|11/100|[from] item: Life Orb
|
|win|OdinGX
|raw|zachydachy326's rating: 1054 &rarr; <strong>1036</strong><br />(-18 for losing)
|raw|OdinGX's rating: 1055 &rarr; <strong>1087</strong><br />(+32 for winning)
|l|☆OdinGX
|player|p2|
|l|☆zachydachy326
|player|p1|
