|j|☆Walking Waste
|j|☆undertalethemovie
|t:|1760415747
|gametype|singles
|player|p1|Walking Waste|burglar-gen2|1424
|player|p2|undertalethemovie|n|1450
|gen|9
|tier|[Gen 9] OU
|rated|
|rule|HP Percentage Mod: HP is shown in percentages
|rule|Endless Battle Clause: Forcing endless battles is banned
|rule|Species Clause: Limit one of each Pokémon
|rule|OHKO Clause: OHKO moves are banned
|rule|Evasion Items Clause: Evasion items are banned
|rule|Evasion Moves Clause: Evasion moves are banned
|rule|Evasion Abilities Clause: Evasion abilities are banned
|rule|Sleep Moves Clause: Sleep-inducing moves are banned
|clearpoke
|poke|p1|Frosmoth, F|
|poke|p1|Cinccino, F|
|poke|p1|Incineroar, F|
|poke|p1|Weezing-Galar, F|
|poke|p1|Sinistcha|
|poke|p1|Alomomola, F|
|poke|p2|Clodsire, F|
|poke|p2|Ogerpon-Wellspring, F|
|poke|p2|Zoroark-Hisui, M|
|poke|p2|Zamazenta-*|
|poke|p2|Cinderace, F|
|poke|p2|Deoxys-Speed|
|teampreview
|inactive|Battle timer is ON: inactive players will automatically lose when time's up. (requested by Walking Waste)
|
|t:|1760415755
|teamsize|p1|6
|teamsize|p2|6
|start
|switch|p1a: Incineroar|Incineroar, F|100/100
|switch|p2a: The Writer|Ogerpon-Wellspring, F|100/100
|-ability|p1a: Incineroar|Intimidate|boost
|-unboost|p2a: The Writer|atk|1
|turn|1
|
|t:|1760415764
|-terastallize|p2a: The Writer|Water
|detailschange|p2a: The Writer|Ogerpon-Wellspring-Tera, F, tera:Water
|-ability|p2a: The Writer|Embody Aspect (Wellspring)|boost
|-boost|p2a: The Writer|spd|1
|move|p2a: The Writer|Ivy Cudgel|p1a: Incineroar|[anim] Ivy Cudgel Water
|-supereffective|p1a: Incineroar
|-damage|p1a: Incineroar|30/100
|move|p1a: Incineroar|Parting Shot|p2a: The Writer
|-unboost|p2a: The Writer|atk|1
|-unboost|p2a: The Writer|spa|1
|
|t:|1760415777
|switch|p1a: Weezing|Weezing-Galar, F|100/100|[from] Parting Shot
|-ability|p1a: Weezing|Neutralizing Gas
|
|upkeep
|turn|2
|
|t:|1760415780
|move|p2a: The Writer|U-turn|p1a: Weezing
|-resisted|p1a: Weezing
|-damage|p1a: Weezing|98/100
|
|t:|1760415782
|switch|p2a: Ingerland|Cinderace, F|100/100|[from] U-turn
|move|p1a: Weezing|Toxic|p2a: Ingerland
|-status|p2a: Ingerland|tox
|
|-damage|p2a: Ingerland|95/100 tox|[from] psn
|upkeep
|turn|3
|
|t:|1760415789
|-end|p1a: Weezing|ability: Neutralizing Gas
|switch|p1a: Alomomola|Alomomola, F|100/100
|move|p2a: Ingerland|U-turn|p1a: Alomomola
|-start|p2a: Ingerland|typechange|Bug|[from] ability: Libero
|-damage|p1a: Alomomola|79/100
|-damage|p2a: Ingerland|78/100 tox|[from] item: Rocky Helmet|[of] p1a: Alomomola
|
|t:|1760415794
|switch|p2a: The Writer|Ogerpon-Wellspring-Tera, F, tera:Water|100/100|[from] U-turn
|-ability|p2a: The Writer|Embody Aspect (Wellspring)|boost
|-boost|p2a: The Writer|spd|1
|
|upkeep
|turn|4
|
|t:|1760415805
|switch|p1a: Sinistcha|Sinistcha|100/100
|move|p2a: The Writer|Ivy Cudgel|p1a: Sinistcha|[anim] Ivy Cudgel Water
|-resisted|p1a: Sinistcha
|-crit|p1a: Sinistcha
|-damage|p1a: Sinistcha|62/100
|
|upkeep
|turn|5
|
|t:|1760415809
|move|p2a: The Writer|U-turn|p1a: Sinistcha
|-damage|p1a: Sinistcha|43/100
|
|t:|1760415811
|switch|p2a: Mumbo|Clodsire, F|100/100|[from] U-turn
|-item|p2a: Mumbo|Air Balloon
|move|p1a: Sinistcha|Strength Sap|p2a: Mumbo
|-unboost|p2a: Mumbo|atk|1
|-heal|p1a: Sinistcha|100/100
|
|upkeep
|turn|6
|
|t:|1760415823
|switch|p1a: Weezing|Weezing-Galar, F|98/100
|-ability|p1a: Weezing|Neutralizing Gas
|replace|p2a: Count St. Germain|Zoroark-Hisui, M, shiny
|-end|p2a: Count St. Germain|Illusion
|move|p2a: Count St. Germain|Hex|p1a: Weezing
|-damage|p1a: Weezing|57/100
|
|upkeep
|turn|7
|
|t:|1760415832
|move|p2a: Count St. Germain|Will-O-Wisp|p1a: Weezing
|-status|p1a: Weezing|brn
|move|p1a: Weezing|Strange Steam|p2a: Count St. Germain
|-crit|p2a: Count St. Germain
|-damage|p2a: Count St. Germain|17/100
|-enditem|p2a: Count St. Germain|Air Balloon
|
|-damage|p1a: Weezing|51/100 brn|[from] brn
|upkeep
|turn|8
|
|t:|1760415850
|-end|p1a: Weezing|ability: Neutralizing Gas
|switch|p1a: Alomomola|Alomomola, F|100/100
|move|p2a: Count St. Germain|Hex|p1a: Alomomola
|-damage|p1a: Alomomola|69/100
|
|upkeep
|turn|9
|
|t:|1760415854
|switch|p2a: The Writer|Ogerpon-Wellspring-Tera, F, tera:Water|100/100
|-ability|p2a: The Writer|Embody Aspect (Wellspring)|boost
|-boost|p2a: The Writer|spd|1
|move|p1a: Alomomola|Flip Turn|p2a: The Writer
|-resisted|p2a: The Writer
|-damage|p2a: The Writer|90/100
|
|t:|1760415863
|switch|p1a: Sinistcha|Sinistcha|100/100|[from] Flip Turn
|
|upkeep
|turn|10
|
|t:|1760415868
|move|p2a: The Writer|U-turn|p1a: Sinistcha
|-damage|p1a: Sinistcha|82/100
|
|t:|1760415870
|switch|p2a: Mumbo|Clodsire, F|100/100|[from] U-turn
|-item|p2a: Mumbo|Air Balloon
|move|p1a: Sinistcha|Matcha Gotcha|p2a: Mumbo
|-damage|p2a: Mumbo|84/100
|-heal|p1a: Sinistcha|93/100|[from] drain|[of] p2a: Mumbo
|-enditem|p2a: Mumbo|Air Balloon
|
|upkeep
|turn|11
|
|t:|1760415880
|switch|p1a: Weezing|Weezing-Galar, F|51/100 brn
|-ability|p1a: Weezing|Neutralizing Gas
|move|p2a: Mumbo|Toxic||[still]
|-fail|p2a: Mumbo
|
|-damage|p1a: Weezing|45/100 brn|[from] brn
|upkeep
|turn|12
|
|t:|1760415882
|move|p1a: Weezing|Pain Split|p2a: Mumbo
|-sethp|p2a: Mumbo|58/100|[from] move: Pain Split|[silent]
|-sethp|p1a: Weezing|80/100 brn|[from] move: Pain Split
|move|p2a: Mumbo|Earthquake|p1a: Weezing
|-supereffective|p1a: Weezing
|-enditem|p1a: Weezing|Shuca Berry|[eat]
|-enditem|p1a: Weezing|Shuca Berry|[weaken]
|-damage|p1a: Weezing|62/100 brn
|
|-damage|p1a: Weezing|56/100 brn|[from] brn
|upkeep
|turn|13
|
|t:|1760415907
|-end|p1a: Weezing|ability: Neutralizing Gas
|switch|p1a: Sinistcha|Sinistcha|93/100
|move|p2a: Mumbo|Recover|p2a: Mumbo
|-heal|p2a: Mumbo|100/100
|
|upkeep
|turn|14
|
|t:|1760415911
|-terastallize|p1a: Sinistcha|Poison
|move|p1a: Sinistcha|Calm Mind|p1a: Sinistcha
|-boost|p1a: Sinistcha|spa|1
|-boost|p1a: Sinistcha|spd|1
|move|p2a: Mumbo|Toxic|p1a: Sinistcha
|-immune|p1a: Sinistcha
|
|upkeep
|turn|15
|
|t:|1760415917
|switch|p2a: Minami Torishima|Deoxys-Speed|100/100
|-ability|p2a: Minami Torishima|Pressure
|move|p1a: Sinistcha|Calm Mind|p1a: Sinistcha
|-boost|p1a: Sinistcha|spa|1
|-boost|p1a: Sinistcha|spd|1
|
|upkeep
|turn|16
|
|t:|1760415922
|switch|p1a: Weezing|Weezing-Galar, F|56/100 brn
|-ability|p1a: Weezing|Neutralizing Gas
|move|p2a: Minami Torishima|Psycho Boost|p1a: Weezing
|-supereffective|p1a: Weezing
|-damage|p1a: Weezing|0 fnt
|-unboost|p2a: Minami Torishima|spa|2
|faint|p1a: Weezing
|-end|p1a: Weezing|ability: Neutralizing Gas
|-ability|p2a: Minami Torishima|Pressure
|
|upkeep
|
|t:|1760415927
|switch|p1a: Sinistcha|Sinistcha, tera:Poison|93/100
|turn|17
|
|t:|1760415932
|move|p2a: Minami Torishima|Psycho Boost|p1a: Sinistcha
|-supereffective|p1a: Sinistcha
|-damage|p1a: Sinistcha|0 fnt
|-unboost|p2a: Minami Torishima|spa|2
|faint|p1a: Sinistcha
|
|upkeep
|
|t:|1760415941
|switch|p1a: Frosmoth|Frosmoth, F|100/100
|turn|18
|
|t:|1760415946
|switch|p2a: Ingerland|Cinderace, F|78/100 tox
|move|p1a: Frosmoth|Quiver Dance|p1a: Frosmoth
|-boost|p1a: Frosmoth|spa|1
|-boost|p1a: Frosmoth|spd|1
|-boost|p1a: Frosmoth|spe|1
|
|-damage|p2a: Ingerland|72/100 tox|[from] psn
|upkeep
|turn|19
|
|t:|1760415951
|switch|p1a: Alomomola|Alomomola, F|100/100
|move|p2a: Ingerland|Pyro Ball|p1a: Alomomola|[miss]
|-miss|p2a: Ingerland|p1a: Alomomola
|
|-damage|p2a: Ingerland|60/100 tox|[from] psn
|upkeep
|turn|20
|
|t:|1760415957
|move|p2a: Ingerland|Gunk Shot|p1a: Alomomola
|-start|p2a: Ingerland|typechange|Poison|[from] ability: Libero
|-damage|p1a: Alomomola|67/100
|-status|p1a: Alomomola|psn
|move|p1a: Alomomola|Flip Turn|p2a: Ingerland
|-damage|p2a: Ingerland|37/100 tox
|
|t:|1760415965
|switch|p1a: Frosmoth|Frosmoth, F|100/100|[from] Flip Turn
|
|-damage|p2a: Ingerland|19/100 tox|[from] psn
|upkeep
|turn|21
|
|t:|1760415968
|switch|p1a: Alomomola|Alomomola, F|99/100 psn
|move|p2a: Ingerland|Pyro Ball|p1a: Alomomola
|-resisted|p1a: Alomomola
|-damage|p1a: Alomomola|88/100 psn
|
|-damage|p2a: Ingerland|0 fnt|[from] psn
|faint|p2a: Ingerland
|-damage|p1a: Alomomola|75/100 psn|[from] psn
|upkeep
|
|t:|1760415970
|switch|p2a: The Writer|Ogerpon-Wellspring-Tera, F|17/100
|-start|p2a: The Writer|typechange|Water|[silent]
|turn|22
|
|t:|1760415979
|move|p2a: The Writer|Hex|p1a: Alomomola
|-damage|p1a: Alomomola|11/100 psn
|move|p1a: Alomomola|Flip Turn|p2a: The Writer
|-damage|p2a: The Writer|0 fnt
|replace|p2a: Count St. Germain|Zoroark-Hisui, M, shiny
|-end|p2a: Count St. Germain|Illusion
|faint|p2a: Count St. Germain
|
|t:|1760415984
|switch|p1a: Frosmoth|Frosmoth, F|100/100|[from] Flip Turn
|
|upkeep
|
|t:|1760415986
|switch|p2a: Pokemon Shield|Zamazenta|100/100
|-ability|p2a: Pokemon Shield|Dauntless Shield|boost
|-boost|p2a: Pokemon Shield|def|1
|turn|23
|
|t:|1760415998
|switch|p1a: Alomomola|Alomomola, F|45/100 psn
|move|p2a: Pokemon Shield|Wild Charge|p1a: Alomomola
|-supereffective|p1a: Alomomola
|-damage|p1a: Alomomola|4/100 psn
|-damage|p2a: Pokemon Shield|84/100|[from] item: Rocky Helmet|[of] p1a: Alomomola
|-damage|p2a: Pokemon Shield|67/100|[from] Recoil
|
|-heal|p2a: Pokemon Shield|74/100|[from] item: Leftovers
|-damage|p1a: Alomomola|0 fnt|[from] psn
|faint|p1a: Alomomola
|upkeep
|
|t:|1760416011
|switch|p1a: Incineroar|Incineroar, F|30/100
|-ability|p1a: Incineroar|Intimidate|boost
|-unboost|p2a: Pokemon Shield|atk|1
|turn|24
|
|t:|1760416016
|move|p2a: Pokemon Shield|Iron Head|p1a: Incineroar
|-resisted|p1a: Incineroar
|-damage|p1a: Incineroar|24/100
|cant|p1a: Incineroar|flinch
|
|-heal|p2a: Pokemon Shield|80/100|[from] item: Leftovers
|upkeep
|turn|25
|
|t:|1760416019
|move|p2a: Pokemon Shield|Close Combat|p1a: Incineroar
|-supereffective|p1a: Incineroar
|-damage|p1a: Incineroar|0 fnt
|-unboost|p2a: Pokemon Shield|def|1
|-unboost|p2a: Pokemon Shield|spd|1
|faint|p1a: Incineroar
|
|-heal|p2a: Pokemon Shield|86/100|[from] item: Leftovers
|upkeep
|
|t:|1760416023
|switch|p1a: Cinccino|Cinccino, F|100/100
|turn|26
|
|t:|1760416031
|switch|p2a: Mumbo|Clodsire, F|100/100
|move|p1a: Cinccino|Tidy Up|p1a: Cinccino
|-boost|p1a: Cinccino|atk|1
|-boost|p1a: Cinccino|spe|1
|
|upkeep
|turn|27
|
|t:|1760416034
|move|p1a: Cinccino|Triple Axel|p2a: Mumbo
|-supereffective|p2a: Mumbo
|-crit|p2a: Mumbo
|-damage|p2a: Mumbo|72/100
|-supereffective|p2a: Mumbo
|-damage|p2a: Mumbo|37/100
|-supereffective|p2a: Mumbo
|-damage|p2a: Mumbo|0 fnt
|faint|p2a: Mumbo
|-hitcount|p2: Mumbo|3
|
|upkeep
|
|t:|1760416037
|switch|p2a: Pokemon Shield|Zamazenta|86/100
|turn|28
|
|t:|1760416047
|move|p1a: Cinccino|Tail Slap|p2a: Pokemon Shield
|-damage|p2a: Pokemon Shield|64/100
|-damage|p2a: Pokemon Shield|40/100
|-damage|p2a: Pokemon Shield|20/100
|-damage|p2a: Pokemon Shield|0 fnt
|faint|p2a: Pokemon Shield
|-hitcount|p2: Pokemon Shield|4
|
|upkeep
|
|t:|1760416049
|switch|p2a: Minami Torishima|Deoxys-Speed|100/100
|-ability|p2a: Minami Torishima|Pressure
|turn|29
|
|t:|1760416057
|move|p1a: Cinccino|Knock Off|p2a: Minami Torishima
|-supereffective|p2a: Minami Torishima
|-damage|p2a: Minami Torishima|0 fnt
|-enditem|p2a: Minami Torishima|Choice Specs|[from] move: Knock Off|[of] p1a: Cinccino
|faint|p2a: Minami Torishima
|
|upkeep
|
|t:|1760416060
|switch|p2a: The Writer|Ogerpon-Wellspring-Tera, F, tera:Water|90/100
|-ability|p2a: The Writer|Embody Aspect (Wellspring)|boost
|-boost|p2a: The Writer|spd|1
|turn|30
|
|t:|1760416064
|move|p1a: Cinccino|Tail Slap|p2a: The Writer
|-damage|p2a: The Writer|59/100
|-damage|p2a: The Writer|28/100
|-damage|p2a: The Writer|0 fnt
|faint|p2a: The Writer
|detailschange|p2: The Writer|Ogerpon-Wellspring, F|[silent]
|-hitcount|p2: The Writer|3
|
|win|Walking Waste
|raw|Walking Waste's rating: 1424 &rarr; <strong>1445</strong><br />(+21 for winning)
|raw|undertalethemovie's rating: 1450 &rarr; <strong>1429</strong><br />(-21 for losing)
|l|☆undertalethemovie
|player|p2|
|l|☆Walking Waste
|player|p1|
