|j|☆Gliese581
|j|☆hunna owo
|t:|1760388572
|gametype|singles
|player|p1|Gliese581|102|
|player|p2|hunna owo|2|
|gen|9
|tier|[Gen 9] OU
|rule|HP Percentage Mod: HP is shown in percentages
|rule|Endless Battle Clause: Forcing endless battles is banned
|rule|Species Clause: Limit one of each Pokémon
|rule|OHKO Clause: OHKO moves are banned
|rule|Evasion Items Clause: Evasion items are banned
|rule|Evasion Moves Clause: Evasion moves are banned
|rule|Evasion Abilities Clause: Evasion abilities are banned
|rule|Sleep Moves Clause: Sleep-inducing moves are banned
|clearpoke
|poke|p1|Raging Bolt|
|poke|p1|Corviknight, F|
|poke|p1|Azumarill, M|
|poke|p1|Volcanion|
|poke|p1|Lycanroc-Dusk, F|
|poke|p1|Snorlax, F|
|poke|p2|Gholdengo|
|poke|p2|Primarina, F|
|poke|p2|Landorus-Therian, M|
|poke|p2|Zarude|
|poke|p2|Kilowattrel, F|
|poke|p2|Mew|
|teampreview
|c|☆hunna owo|glhf
|j| R3V0LUT10N N0W!
|c|☆Gliese581|GLHF
|l| R3V0LUT10N N0W!
|j| R3V0LUT10N N0W!
|
|t:|1760388638
|teamsize|p1|6
|teamsize|p2|6
|start
|switch|p1a: Zeus|Raging Bolt|100/100
|switch|p2a: bubblegum|Mew|100/100
|turn|1
|j| NerdyCap
|
|t:|1760388709
|move|p2a: bubblegum|Stealth Rock|p1a: Zeus
|-sidestart|p1: Gliese581|move: Stealth Rock
|move|p1a: Zeus|Draco Meteor|p2a: bubblegum
|-damage|p2a: bubblegum|37/100
|-unboost|p1a: Zeus|spa|2
|-enditem|p2a: bubblegum|Sitrus Berry|[eat]
|-heal|p2a: bubblegum|62/100|[from] item: Sitrus Berry
|
|upkeep
|turn|2
|
|t:|1760388750
|-end|p1a: Zeus|Protosynthesis|[silent]
|switch|p1a: Birbot|Corviknight, F|100/100
|-damage|p1a: Birbot|88/100|[from] Stealth Rock
|-ability|p1a: Birbot|Pressure
|move|p2a: bubblegum|Thunder Wave|p1a: Birbot
|-status|p1a: Birbot|par
|
|upkeep
|turn|3
|
|t:|1760388762
|move|p1a: Birbot|Light Screen|p1a: Birbot
|-sidestart|p1: Gliese581|move: Light Screen
|move|p2a: bubblegum|Roar|p1a: Birbot
|drag|p1a: Big Papa|Snorlax, F|100/100
|-damage|p1a: Big Papa|88/100|[from] Stealth Rock
|
|-heal|p1a: Big Papa|94/100|[from] item: Leftovers
|upkeep
|turn|4
|c| R3V0LUT10N N0W!|What a read
|
|t:|1760388788
|move|p1a: Big Papa|Body Slam|p2a: bubblegum
|-damage|p2a: bubblegum|36/100
|move|p2a: bubblegum|Roar|p1a: Big Papa
|drag|p1a: Bubbles|Azumarill, M|100/100
|-damage|p1a: Bubbles|88/100|[from] Stealth Rock
|
|upkeep
|turn|5
|
|t:|1760388813
|move|p2a: bubblegum|Thunder Wave|p1a: Bubbles
|-status|p1a: Bubbles|par
|move|p1a: Bubbles|Knock Off|p2a: bubblegum
|-supereffective|p2a: bubblegum
|-damage|p2a: bubblegum|0 fnt
|faint|p2a: bubblegum
|
|upkeep
|
|t:|1760388915
|switch|p2a: cute puppy :3|Landorus-Therian, M|100/100
|-ability|p2a: cute puppy :3|Intimidate|boost
|-unboost|p1a: Bubbles|atk|1
|turn|6
|
|t:|1760388962
|switch|p1a: Birbot|Corviknight, F|88/100 par
|-damage|p1a: Birbot|75/100 par|[from] Stealth Rock
|-ability|p1a: Birbot|Pressure
|move|p2a: cute puppy :3|Smack Down|p1a: Birbot
|-damage|p1a: Birbot|63/100 par
|-start|p1a: Birbot|Smack Down
|
|upkeep
|turn|7
|
|t:|1760389013
|move|p2a: cute puppy :3|Earthquake|p1a: Birbot
|-supereffective|p1a: Birbot
|-damage|p1a: Birbot|0 fnt
|faint|p1a: Birbot
|
|upkeep
|
|t:|1760389018
|switch|p1a: Bubbles|Azumarill, M|88/100 par
|-damage|p1a: Bubbles|76/100 par|[from] Stealth Rock
|turn|8
|
|t:|1760389088
|move|p2a: cute puppy :3|Earthquake|p1a: Bubbles
|-damage|p1a: Bubbles|14/100 par
|move|p1a: Bubbles|Play Rough|p2a: cute puppy :3
|-damage|p2a: cute puppy :3|0 fnt
|faint|p2a: cute puppy :3
|
|upkeep
|c|☆hunna owo|wuh thats a lotta damage
|l| R3V0LUT10N N0W!
|
|t:|1760389133
|switch|p2a: pwincess peach|Primarina, F, shiny|100/100
|turn|9
|j| R3V0LUT10N N0W!
|
|t:|1760389185
|move|p2a: pwincess peach|Moonblast|p1a: Bubbles
|-damage|p1a: Bubbles|0 fnt
|faint|p1a: Bubbles
|
|upkeep
|
|t:|1760389191
|switch|p1a: Vesuvius|Volcanion|100/100
|-damage|p1a: Vesuvius|76/100|[from] Stealth Rock
|turn|10
|
|t:|1760389220
|move|p1a: Vesuvius|Flamethrower|p2a: pwincess peach
|-resisted|p2a: pwincess peach
|-damage|p2a: pwincess peach|79/100
|-status|p2a: pwincess peach|brn
|move|p2a: pwincess peach|Light Screen|p2a: pwincess peach
|-sidestart|p2: hunna owo|move: Light Screen
|
|-heal|p2a: pwincess peach|85/100 brn|[from] item: Leftovers
|-damage|p2a: pwincess peach|79/100 brn|[from] brn
|-sideend|p1: Gliese581|move: Light Screen
|upkeep
|turn|11
|
|t:|1760389233
|move|p1a: Vesuvius|Sludge Bomb|p2a: pwincess peach
|-supereffective|p2a: pwincess peach
|-damage|p2a: pwincess peach|48/100 brn
|move|p2a: pwincess peach|Moonblast|p1a: Vesuvius
|-resisted|p1a: Vesuvius
|-damage|p1a: Vesuvius|58/100
|
|-heal|p2a: pwincess peach|54/100 brn|[from] item: Leftovers
|-damage|p2a: pwincess peach|48/100 brn|[from] brn
|upkeep
|turn|12
|
|t:|1760389287
|switch|p2a: tony hawk tuah|Gholdengo, shiny|100/100
|-item|p2a: tony hawk tuah|Air Balloon
|move|p1a: Vesuvius|Sludge Bomb|p2a: tony hawk tuah
|-immune|p2a: tony hawk tuah
|
|upkeep
|turn|13
|
|t:|1760389300
|move|p2a: tony hawk tuah|Focus Blast|p1a: Vesuvius|[miss]
|-miss|p2a: tony hawk tuah|p1a: Vesuvius
|move|p1a: Vesuvius|Flamethrower|p2a: tony hawk tuah
|-supereffective|p2a: tony hawk tuah
|-damage|p2a: tony hawk tuah|55/100
|-enditem|p2a: tony hawk tuah|Air Balloon
|
|upkeep
|turn|14
|c|☆hunna owo|buh
|
|t:|1760389345
|switch|p2a: wattson 1-trick|Kilowattrel, F|100/100
|move|p1a: Vesuvius|Flamethrower|p2a: wattson 1-trick
|-damage|p2a: wattson 1-trick|57/100
|
|-sideend|p2: hunna owo|move: Light Screen
|upkeep
|turn|15
|
|t:|1760389358
|-terastallize|p1a: Vesuvius|Ground
|move|p2a: wattson 1-trick|Air Slash|p1a: Vesuvius
|-damage|p1a: Vesuvius|23/100
|move|p1a: Vesuvius|Steam Eruption|p2a: wattson 1-trick
|-damage|p2a: wattson 1-trick|0 fnt
|faint|p2a: wattson 1-trick
|
|upkeep
|
|t:|1760389386
|switch|p2a: the plug|Zarude|100/100
|turn|16
|
|t:|1760389414
|-terastallize|p2a: the plug|Fighting
|move|p2a: the plug|Knock Off|p1a: Vesuvius
|-damage|p1a: Vesuvius|0 fnt
|-enditem|p1a: Vesuvius|Assault Vest|[from] move: Knock Off|[of] p2a: the plug
|faint|p1a: Vesuvius
|-damage|p2a: the plug|91/100|[from] item: Life Orb
|
|upkeep
|c|☆hunna owo|i dont think i've hit one focus blast all season lmao
|
|t:|1760389467
|switch|p1a: Zeus|Raging Bolt|100/100
|-damage|p1a: Zeus|88/100|[from] Stealth Rock
|turn|17
|c| R3V0LUT10N N0W!|Worst move in the game forsure
|
|t:|1760389495
|move|p2a: the plug|Knock Off|p1a: Zeus
|-damage|p1a: Zeus|33/100
|-enditem|p1a: Zeus|Shuca Berry|[from] move: Knock Off|[of] p2a: the plug
|-damage|p2a: the plug|81/100|[from] item: Life Orb
|move|p1a: Zeus|Thunderbolt|p2a: the plug
|-damage|p2a: the plug|33/100
|
|upkeep
|turn|18
|c|☆hunna owo|reallll
|
|t:|1760389539
|switch|p2a: tony hawk tuah|Gholdengo, shiny|55/100
|move|p1a: Zeus|Thunderclap||[still]
|-fail|p1a: Zeus
|
|upkeep
|turn|19
|c|☆hunna owo|70% acc feels like 10
|
|t:|1760389613
|move|p2a: tony hawk tuah|Make It Rain|p1a: Zeus
|-resisted|p1a: Zeus
|-damage|p1a: Zeus|7/100
|-unboost|p2a: tony hawk tuah|spa|1
|move|p1a: Zeus|Thunderbolt|p2a: tony hawk tuah
|-damage|p2a: tony hawk tuah|9/100
|
|upkeep
|turn|20
|c|☆hunna owo|:(
|
|t:|1760389689
|switch|p2a: pwincess peach|Primarina, F, shiny|48/100 brn
|move|p1a: Zeus|Thunderclap||[still]
|-fail|p1a: Zeus
|
|-heal|p2a: pwincess peach|54/100 brn|[from] item: Leftovers
|-damage|p2a: pwincess peach|48/100 brn|[from] brn
|upkeep
|turn|21
|
|t:|1760389697
|move|p1a: Zeus|Thunderbolt|p2a: pwincess peach
|-supereffective|p2a: pwincess peach
|-damage|p2a: pwincess peach|0 fnt
|faint|p2a: pwincess peach
|
|upkeep
|
|t:|1760389704
|switch|p2a: the plug|Zarude, tera:Fighting|33/100
|turn|22
|
|t:|1760389711
|move|p1a: Zeus|Thunderclap|p2a: the plug
|-damage|p2a: the plug|0 fnt
|faint|p2a: the plug
|
|upkeep
|c|☆hunna owo|gg
|c|☆Gliese581|gg
|
|t:|1760389718
|switch|p2a: tony hawk tuah|Gholdengo, shiny|9/100
|turn|23
|
|t:|1760389721
|move|p1a: Zeus|Thunderclap||[still]
|-fail|p1a: Zeus
|move|p2a: tony hawk tuah|Nasty Plot|p2a: tony hawk tuah
|-boost|p2a: tony hawk tuah|spa|2
|
|upkeep
|turn|24
|c|☆hunna owo|lol
|
|t:|1760389727
|move|p1a: Zeus|Thunderclap||[still]
|-fail|p1a: Zeus
|move|p2a: tony hawk tuah|Nasty Plot|p2a: tony hawk tuah
|-boost|p2a: tony hawk tuah|spa|2
|
|upkeep
|turn|25
|
|t:|1760389734
|move|p1a: Zeus|Thunderclap|p2a: tony hawk tuah
|-damage|p2a: tony hawk tuah|0 fnt
|faint|p2a: tony hawk tuah
|
|win|Gliese581
|c|☆hunna owo|honestly some unlucky rolls for me
|c|☆hunna owo|gg
|c|☆Gliese581|GG
|l| NerdyCap
|c|☆hunna owo|my zarude was gonna fuck the rest of ur team
|c| R3V0LUT10N N0W!|Ggs
|c| R3V0LUT10N N0W!|I was waiting for then synth
|l| R3V0LUT10N N0W!
|l|☆Gliese581
|player|p1|
|j|☆Gliese581
|player|p1|Gliese581|102|
