|j|☆alextherizzler22
|j|☆kingprobs
|t:|1760388784
|gametype|singles
|player|p1|alextherizzler22|102|1125
|player|p2|kingprobs|1|1178
|gen|9
|tier|[Gen 9] OU
|rated|
|rule|HP Percentage Mod: HP is shown in percentages
|rule|Endless Battle Clause: Forcing endless battles is banned
|rule|Species Clause: Limit one of each Pokémon
|rule|OHKO Clause: OHKO moves are banned
|rule|Evasion Items Clause: Evasion items are banned
|rule|Evasion Moves Clause: Evasion moves are banned
|rule|Evasion Abilities Clause: Evasion abilities are banned
|rule|Sleep Moves Clause: Sleep-inducing moves are banned
|clearpoke
|poke|p1|Uxie|
|poke|p1|Mandibuzz, F|
|poke|p1|Greedent, M|
|poke|p1|Mimikyu, M|
|poke|p1|Dragalge, F|
|poke|p1|Porygon2|
|poke|p2|Scizor, M|
|poke|p2|Walking Wake|
|poke|p2|Slowking-Galar, M|
|poke|p2|Greninja-*, F|
|poke|p2|Gliscor, M|
|poke|p2|Dragapult, M|
|teampreview
|inactive|Battle timer is ON: inactive players will automatically lose when time's up. (requested by kingprobs)
|
|t:|1760388791
|teamsize|p1|6
|teamsize|p2|6
|start
|switch|p1a: Uxie|Uxie|100/100
|switch|p2a: Greninja|Greninja, F|100/100
|turn|1
|
|t:|1760388801
|move|p2a: Greninja|U-turn|p1a: Uxie
|-start|p2a: Greninja|typechange|Bug|[from] ability: Protean
|-supereffective|p1a: Uxie
|-damage|p1a: Uxie|70/100
|
|t:|1760388808
|switch|p2a: Dragapult|Dragapult, M|100/100|[from] U-turn
|move|p1a: Uxie|Trick Room|p1a: Uxie
|-fieldstart|move: Trick Room|[of] p1a: Uxie
|
|-heal|p1a: Uxie|76/100|[from] item: Leftovers
|upkeep
|turn|2
|
|t:|1760388817
|move|p1a: Uxie|Foul Play|p2a: Dragapult
|-supereffective|p2a: Dragapult
|-damage|p2a: Dragapult|32/100
|move|p2a: Dragapult|Will-O-Wisp|p1a: Uxie
|-status|p1a: Uxie|brn
|
|-heal|p1a: Uxie|83/100 brn|[from] item: Leftovers
|-damage|p1a: Uxie|76/100 brn|[from] brn
|upkeep
|turn|3
|
|t:|1760388830
|switch|p2a: Slowking|Slowking-Galar, M|100/100
|move|p1a: Uxie|Stealth Rock|p2a: Slowking
|-sidestart|p2: kingprobs|move: Stealth Rock
|
|-heal|p1a: Uxie|83/100 brn|[from] item: Leftovers
|-damage|p1a: Uxie|76/100 brn|[from] brn
|upkeep
|turn|4
|
|t:|1760388840
|move|p2a: Slowking|Sludge Bomb|p1a: Uxie
|-damage|p1a: Uxie|53/100 brn
|move|p1a: Uxie|Future Sight|p2a: Slowking
|-start|p1a: Uxie|move: Future Sight
|
|-heal|p1a: Uxie|60/100 brn|[from] item: Leftovers
|-damage|p1a: Uxie|53/100 brn|[from] brn
|upkeep
|turn|5
|
|t:|1760388850
|move|p2a: Slowking|Sludge Bomb|p1a: Uxie
|-damage|p1a: Uxie|29/100 brn
|move|p1a: Uxie|Foul Play|p2a: Slowking
|-supereffective|p2a: Slowking
|-damage|p2a: Slowking|90/100
|
|-heal|p1a: Uxie|36/100 brn|[from] item: Leftovers
|-damage|p1a: Uxie|29/100 brn|[from] brn
|-fieldend|move: Trick Room
|upkeep
|turn|6
|
|t:|1760388861
|switch|p2a: Greninja|Greninja, F|100/100
|-damage|p2a: Greninja|88/100|[from] Stealth Rock
|move|p1a: Uxie|Trick Room|p1a: Uxie
|-fieldstart|move: Trick Room|[of] p1a: Uxie
|
|-end|p2a: Greninja|move: Future Sight
|-immune|p2a: Greninja
|-heal|p1a: Uxie|36/100 brn|[from] item: Leftovers
|-damage|p1a: Uxie|29/100 brn|[from] brn
|upkeep
|turn|7
|
|t:|1760388874
|switch|p2a: Slowking|Slowking-Galar, M|100/100
|-damage|p2a: Slowking|88/100|[from] Stealth Rock
|move|p1a: Uxie|Foul Play|p2a: Slowking
|-supereffective|p2a: Slowking
|-damage|p2a: Slowking|76/100
|
|-heal|p1a: Uxie|36/100 brn|[from] item: Leftovers
|-damage|p1a: Uxie|29/100 brn|[from] brn
|upkeep
|turn|8
|inactive|alextherizzler22 has 120 seconds left.
|
|t:|1760388905
|switch|p1a: Greedent|Greedent, M|100/100
|move|p2a: Slowking|Sludge Bomb|p1a: Greedent
|-damage|p1a: Greedent|69/100
|
|upkeep
|turn|9
|inactive|alextherizzler22 has 120 seconds left.
|
|t:|1760388924
|move|p1a: Greedent|Belly Drum|p1a: Greedent
|-damage|p1a: Greedent|19/100
|-setboost|p1a: Greedent|atk|6|[from] move: Belly Drum
|-enditem|p1a: Greedent|Sitrus Berry|[eat]
|-heal|p1a: Greedent|44/100|[from] item: Sitrus Berry
|-heal|p1a: Greedent|77/100|[from] ability: Cheek Pouch
|move|p2a: Slowking|Focus Blast|p1a: Greedent|[miss]
|-miss|p2a: Slowking|p1a: Greedent
|
|upkeep
|turn|10
|inactive|alextherizzler22 has 120 seconds left.
|c|☆kingprobs|That attack literally cannot hit
|
|t:|1760388948
|switch|p2a: Gliscor|Gliscor, M|100/100
|-damage|p2a: Gliscor|88/100|[from] Stealth Rock
|move|p1a: Greedent|Crunch|p2a: Gliscor
|-damage|p2a: Gliscor|29/100
|
|-fieldend|move: Trick Room
|-status|p2a: Gliscor|tox|[from] item: Toxic Orb
|upkeep
|turn|11
|
|t:|1760388962
|move|p2a: Gliscor|Protect|p2a: Gliscor
|-singleturn|p2a: Gliscor|Protect
|move|p1a: Greedent|Body Slam|p2a: Gliscor
|-activate|p2a: Gliscor|move: Protect
|
|-heal|p2a: Gliscor|42/100 tox|[from] ability: Poison Heal
|upkeep
|turn|12
|
|t:|1760388973
|move|p2a: Gliscor|Toxic|p1a: Greedent
|-status|p1a: Greedent|tox
|move|p1a: Greedent|Body Slam|p2a: Gliscor
|-damage|p2a: Gliscor|0 fnt
|faint|p2a: Gliscor
|
|-damage|p1a: Greedent|71/100 tox|[from] psn
|upkeep
|
|t:|1760388978
|switch|p2a: Kelly|Scizor, M|100/100
|-damage|p2a: Kelly|88/100|[from] Stealth Rock
|turn|13
|
|t:|1760388985
|move|p2a: Kelly|Close Combat|p1a: Greedent
|-supereffective|p1a: Greedent
|-damage|p1a: Greedent|0 fnt
|-unboost|p2a: Kelly|def|1
|-unboost|p2a: Kelly|spd|1
|faint|p1a: Greedent
|
|upkeep
|inactive|alextherizzler22 has 120 seconds left.
|
|t:|1760389014
|switch|p1a: Dragalge|Dragalge, F|100/100
|turn|14
|
|t:|1760389022
|switch|p2a: Slowking|Slowking-Galar, M|100/100
|-damage|p2a: Slowking|88/100|[from] Stealth Rock
|-terastallize|p1a: Dragalge|Dragon
|move|p1a: Dragalge|Draco Meteor|p2a: Slowking|[miss]
|-miss|p1a: Dragalge|p2a: Slowking
|
|upkeep
|turn|15
|
|t:|1760389032
|move|p1a: Dragalge|Draco Meteor|p2a: Slowking
|-damage|p2a: Slowking|39/100
|-unboost|p1a: Dragalge|spa|2
|move|p2a: Slowking|Future Sight|p1a: Dragalge
|-start|p2a: Slowking|move: Future Sight
|
|upkeep
|turn|16
|inactive|alextherizzler22 has 120 seconds left.
|
|t:|1760389057
|switch|p1a: Uxie|Uxie|29/100 brn
|move|p2a: Slowking|Sludge Bomb|p1a: Uxie
|-damage|p1a: Uxie|6/100 brn
|
|-heal|p1a: Uxie|12/100 brn|[from] item: Leftovers
|-damage|p1a: Uxie|6/100 brn|[from] brn
|upkeep
|turn|17
|
|t:|1760389068
|move|p2a: Slowking|Sludge Bomb|p1a: Uxie
|-damage|p1a: Uxie|0 fnt
|faint|p1a: Uxie
|
|-hint|Future Sight did not hit because the target is fainted.
|upkeep
|inactive|alextherizzler22 has 90 seconds left.
|
|t:|1760389089
|switch|p1a: Porygon2|Porygon2|100/100
|-ability|p1a: Porygon2|Download|boost
|-boost|p1a: Porygon2|atk|1
|turn|18
|inactive|alextherizzler22 has 90 seconds left.
|
|t:|1760389095
|move|p1a: Porygon2|Tera Blast|p2a: Slowking
|-damage|p2a: Slowking|25/100
|move|p2a: Slowking|Focus Blast|p1a: Porygon2
|-supereffective|p1a: Porygon2
|-damage|p1a: Porygon2|65/100
|
|upkeep
|turn|19
|inactive|alextherizzler22 has 90 seconds left.
|
|t:|1760389115
|switch|p1a: Mimikyu|Mimikyu, M|100/100
|move|p2a: Slowking|Focus Blast|p1a: Mimikyu
|-immune|p1a: Mimikyu
|
|upkeep
|turn|20
|inactive|alextherizzler22 has 90 seconds left.
|
|t:|1760389126
|move|p1a: Mimikyu|Shadow Claw|p2a: Slowking
|-supereffective|p2a: Slowking
|-damage|p2a: Slowking|0 fnt
|faint|p2a: Slowking
|
|upkeep
|
|t:|1760389132
|switch|p2a: Kelly|Scizor, M|88/100
|-damage|p2a: Kelly|76/100|[from] Stealth Rock
|turn|21
|
|t:|1760389141
|move|p1a: Mimikyu|Swords Dance|p1a: Mimikyu
|-boost|p1a: Mimikyu|atk|2
|move|p2a: Kelly|Dual Wingbeat|p1a: Mimikyu
|-activate|p1a: Mimikyu|ability: Disguise
|-damage|p1a: Mimikyu|100/100
|detailschange|p1a: Mimikyu|Mimikyu-Busted, M
|-damage|p1a: Mimikyu|88/100|[from] pokemon: Mimikyu-Busted
|-damage|p1a: Mimikyu|28/100
|-hitcount|p1a: Mimikyu|2
|-enditem|p1a: Mimikyu|Red Card|[of] p2a: Kelly
|drag|p2a: Greninja|Greninja, F|88/100
|-damage|p2a: Greninja|76/100|[from] Stealth Rock
|
|upkeep
|turn|22
|inactive|alextherizzler22 has 90 seconds left.
|
|t:|1760389158
|move|p1a: Mimikyu|Shadow Sneak|p2a: Greninja
|-resisted|p2a: Greninja
|-damage|p2a: Greninja|51/100
|move|p2a: Greninja|Dark Pulse|p1a: Mimikyu
|-start|p2a: Greninja|typechange|Dark|[from] ability: Protean
|-damage|p1a: Mimikyu|0 fnt
|faint|p1a: Mimikyu
|
|upkeep
|inactive|alextherizzler22 has 90 seconds left.
|
|t:|1760389179
|switch|p1a: Mandibuzz|Mandibuzz, F|100/100
|turn|23
|
|t:|1760389188
|switch|p2a: Walking Wake|Walking Wake|100/100
|-damage|p2a: Walking Wake|88/100|[from] Stealth Rock
|move|p1a: Mandibuzz|U-turn|p2a: Walking Wake
|-damage|p2a: Walking Wake|77/100
|
|t:|1760389194
|switch|p1a: Porygon2|Porygon2|65/100|[from] U-turn
|-ability|p1a: Porygon2|Download|boost
|-boost|p1a: Porygon2|spa|1
|
|-heal|p2a: Walking Wake|83/100|[from] item: Leftovers
|upkeep
|turn|24
|
|t:|1760389205
|move|p2a: Walking Wake|Hydro Steam|p1a: Porygon2
|-damage|p1a: Porygon2|42/100
|move|p1a: Porygon2|Trick Room|p1a: Porygon2
|-fieldstart|move: Trick Room|[of] p1a: Porygon2
|
|-heal|p2a: Walking Wake|89/100|[from] item: Leftovers
|upkeep
|turn|25
|
|t:|1760389213
|move|p1a: Porygon2|Recover|p1a: Porygon2
|-heal|p1a: Porygon2|92/100
|move|p2a: Walking Wake|Draco Meteor|p1a: Porygon2
|-damage|p1a: Porygon2|55/100
|-unboost|p2a: Walking Wake|spa|2
|
|-heal|p2a: Walking Wake|95/100|[from] item: Leftovers
|upkeep
|turn|26
|inactive|alextherizzler22 has 90 seconds left.
|
|t:|1760389223
|switch|p1a: Dragalge|Dragalge, F, tera:Dragon|100/100
|-end|p2a: Walking Wake|Protosynthesis|[silent]
|switch|p2a: Kelly|Scizor, M|76/100
|-damage|p2a: Kelly|64/100|[from] Stealth Rock
|
|upkeep
|turn|27
|inactive|alextherizzler22 has 90 seconds left.
|
|t:|1760389236
|move|p2a: Kelly|Bullet Punch|p1a: Dragalge
|-damage|p1a: Dragalge|46/100
|move|p1a: Dragalge|Focus Blast|p2a: Kelly
|-damage|p2a: Kelly|0 fnt
|faint|p2a: Kelly
|
|upkeep
|
|t:|1760389253
|switch|p2a: Walking Wake|Walking Wake|95/100
|-damage|p2a: Walking Wake|83/100|[from] Stealth Rock
|turn|28
|inactive|alextherizzler22 has 90 seconds left.
|
|t:|1760389265
|switch|p1a: Mandibuzz|Mandibuzz, F|100/100
|-terastallize|p2a: Walking Wake|Fairy
|move|p2a: Walking Wake|Draco Meteor|p1a: Mandibuzz
|-damage|p1a: Mandibuzz|54/100
|-unboost|p2a: Walking Wake|spa|2
|
|-heal|p2a: Walking Wake|89/100|[from] item: Leftovers
|-fieldend|move: Trick Room
|upkeep
|turn|29
|inactive|alextherizzler22 has 90 seconds left.
|
|t:|1760389295
|move|p2a: Walking Wake|Hurricane|p1a: Mandibuzz|[miss]
|-miss|p2a: Walking Wake|p1a: Mandibuzz
|move|p1a: Mandibuzz|U-turn|p2a: Walking Wake
|-resisted|p2a: Walking Wake
|-damage|p2a: Walking Wake|84/100
|
|t:|1760389305
|switch|p1a: Porygon2|Porygon2|55/100|[from] U-turn
|-ability|p1a: Porygon2|Download|boost
|-boost|p1a: Porygon2|spa|1
|
|-heal|p2a: Walking Wake|90/100|[from] item: Leftovers
|upkeep
|turn|30
|
|t:|1760389316
|move|p2a: Walking Wake|Flip Turn|p1a: Porygon2
|-damage|p1a: Porygon2|43/100
|
|t:|1760389319
|-end|p2a: Walking Wake|Protosynthesis|[silent]
|switch|p2a: Dragapult|Dragapult, M|32/100|[from] Flip Turn
|move|p1a: Porygon2|Trick Room|p1a: Porygon2
|-fieldstart|move: Trick Room|[of] p1a: Porygon2
|
|upkeep
|turn|31
|
|t:|1760389339
|move|p1a: Porygon2|Thunder Wave|p2a: Dragapult
|-status|p2a: Dragapult|par
|move|p2a: Dragapult|Shadow Ball|p1a: Porygon2
|-immune|p1a: Porygon2
|
|upkeep
|turn|32
|-message|kingprobs forfeited.
|
|win|alextherizzler22
|raw|alextherizzler22's rating: 1125 &rarr; <strong>1154</strong><br />(+29 for winning)
|raw|kingprobs's rating: 1178 &rarr; <strong>1149</strong><br />(-29 for losing)
|l|☆kingprobs
|player|p2|
|l|☆alextherizzler22
|player|p1|
