|j|☆Titanosaurus
|j|☆infernagatr
|t:|1760371349
|gametype|singles
|player|p1|Titanosaurus|byron|1301
|player|p2|infernagatr|cynthia-gen7|1320
|gen|9
|tier|[Gen 9] OU
|rated|
|rule|HP Percentage Mod: HP is shown in percentages
|rule|Endless Battle Clause: Forcing endless battles is banned
|rule|Species Clause: Limit one of each Pokémon
|rule|OHKO Clause: OHKO moves are banned
|rule|Evasion Items Clause: Evasion items are banned
|rule|Evasion Moves Clause: Evasion moves are banned
|rule|Evasion Abilities Clause: Evasion abilities are banned
|rule|Sleep Moves Clause: Sleep-inducing moves are banned
|clearpoke
|poke|p1|Torkoal, F|
|poke|p1|Lilligant, F|
|poke|p1|Cinderace, F|
|poke|p1|Sandy Shocks|
|poke|p1|Skeledirge, F|
|poke|p1|Brute Bonnet|
|poke|p2|Samurott-Hisui, F|
|poke|p2|Tornadus-Therian, M|
|poke|p2|Pecharunt|
|poke|p2|Great Tusk|
|poke|p2|Primarina, F|
|poke|p2|Raging Bolt|
|teampreview
|inactive|Battle timer is ON: inactive players will automatically lose when time's up. (requested by Titanosaurus)
|
|t:|1760371364
|teamsize|p1|6
|teamsize|p2|6
|start
|switch|p1a: Sandy Shocks|Sandy Shocks|100/100
|switch|p2a: Great Tusk|Great Tusk|100/100
|turn|1
|
|t:|1760371373
|-terastallize|p1a: Sandy Shocks|Ice
|move|p1a: Sandy Shocks|Tera Blast|p2a: Great Tusk|[anim] Tera Blast Ice
|-supereffective|p2a: Great Tusk
|-damage|p2a: Great Tusk|0 fnt
|faint|p2a: Great Tusk
|-end|p2a: Great Tusk|Protosynthesis|[silent]
|
|upkeep
|
|t:|1760371392
|switch|p2a: Raging Bolt|Raging Bolt|100/100
|turn|2
|
|t:|1760371396
|move|p1a: Sandy Shocks|Tera Blast|p2a: Raging Bolt|[anim] Tera Blast Ice
|-supereffective|p2a: Raging Bolt
|-damage|p2a: Raging Bolt|53/100
|move|p2a: Raging Bolt|Draco Meteor|p1a: Sandy Shocks|[miss]
|-miss|p2a: Raging Bolt|p1a: Sandy Shocks
|
|upkeep
|turn|3
|
|t:|1760371401
|move|p1a: Sandy Shocks|Tera Blast|p2a: Raging Bolt|[anim] Tera Blast Ice
|-supereffective|p2a: Raging Bolt
|-damage|p2a: Raging Bolt|12/100
|move|p2a: Raging Bolt|Draco Meteor|p1a: Sandy Shocks
|-damage|p1a: Sandy Shocks|11/100
|-unboost|p2a: Raging Bolt|spa|2
|
|upkeep
|turn|4
|
|t:|1760371407
|move|p2a: Raging Bolt|Thunderclap|p1a: Sandy Shocks
|-damage|p1a: Sandy Shocks|0 fnt
|faint|p1a: Sandy Shocks
|-end|p1a: Sandy Shocks|Protosynthesis|[silent]
|
|upkeep
|
|t:|1760371411
|switch|p1a: Torkoal|Torkoal, F|100/100
|-weather|SunnyDay|[from] ability: Drought|[of] p1a: Torkoal
|-activate|p2a: Raging Bolt|ability: Protosynthesis
|-start|p2a: Raging Bolt|protosynthesisspd
|turn|5
|
|t:|1760371420
|move|p2a: Raging Bolt|Volt Switch|p1a: Torkoal
|-damage|p1a: Torkoal|73/100
|
|t:|1760371429
|-end|p2a: Raging Bolt|Protosynthesis|[silent]
|switch|p2a: Tornadus|Tornadus-Therian, M|100/100|[from] Volt Switch
|move|p1a: Torkoal|Stealth Rock|p2a: Tornadus
|-sidestart|p2: infernagatr|move: Stealth Rock
|
|-weather|SunnyDay|[upkeep]
|upkeep
|turn|6
|
|t:|1760371435
|switch|p1a: Cinderace|Cinderace, F|100/100
|-terastallize|p2a: Tornadus|Flying
|move|p2a: Tornadus|Bleakwind Storm|p1a: Cinderace
|-damage|p1a: Cinderace|18/100
|-unboost|p1a: Cinderace|spe|1
|
|-weather|SunnyDay|[upkeep]
|upkeep
|turn|7
|
|t:|1760371444
|move|p2a: Tornadus|Heat Wave|p1a: Cinderace
|-resisted|p1a: Cinderace
|-damage|p1a: Cinderace|0 fnt
|faint|p1a: Cinderace
|
|-weather|SunnyDay|[upkeep]
|upkeep
|
|t:|1760371448
|switch|p1a: Lilligant|Lilligant, F|100/100
|turn|8
|
|t:|1760371452
|move|p1a: Lilligant|Weather Ball|p2a: Tornadus
|-damage|p2a: Tornadus|13/100
|move|p2a: Tornadus|Bleakwind Storm|p1a: Lilligant
|-supereffective|p1a: Lilligant
|-damage|p1a: Lilligant|0 fnt
|faint|p1a: Lilligant
|
|-weather|SunnyDay|[upkeep]
|upkeep
|
|t:|1760371459
|switch|p1a: Brute Bonnet|Brute Bonnet|100/100
|-activate|p1a: Brute Bonnet|ability: Protosynthesis
|-start|p1a: Brute Bonnet|protosynthesisatk
|turn|9
|
|t:|1760371462
|switch|p2a: Pecharunt|Pecharunt|100/100
|move|p1a: Brute Bonnet|Sucker Punch||[still]
|-fail|p1a: Brute Bonnet
|
|-weather|SunnyDay|[upkeep]
|upkeep
|turn|10
|
|t:|1760371468
|-end|p1a: Brute Bonnet|Protosynthesis|[silent]
|switch|p1a: Skeledirge|Skeledirge, F|100/100
|move|p2a: Pecharunt|Toxic|p1a: Skeledirge
|-status|p1a: Skeledirge|tox
|-start|p1a: Skeledirge|confusion|[from] ability: Poison Puppeteer|[of] p2a: Pecharunt
|
|-weather|SunnyDay|[upkeep]
|-damage|p1a: Skeledirge|94/100 tox|[from] psn
|upkeep
|turn|11
|
|t:|1760371478
|move|p2a: Pecharunt|Shadow Ball|p1a: Skeledirge
|-supereffective|p1a: Skeledirge
|-damage|p1a: Skeledirge|42/100 tox
|-activate|p1a: Skeledirge|confusion
|move|p1a: Skeledirge|Will-O-Wisp|p2a: Pecharunt
|-status|p2a: Pecharunt|brn
|
|-weather|SunnyDay|[upkeep]
|-heal|p1a: Skeledirge|48/100 tox|[from] item: Leftovers
|-damage|p1a: Skeledirge|36/100 tox|[from] psn
|-damage|p2a: Pecharunt|94/100 brn|[from] brn
|upkeep
|turn|12
|
|t:|1760371485
|switch|p1a: Brute Bonnet|Brute Bonnet|100/100
|-activate|p1a: Brute Bonnet|ability: Protosynthesis
|-start|p1a: Brute Bonnet|protosynthesisatk
|move|p2a: Pecharunt|Parting Shot|p1a: Brute Bonnet
|-unboost|p1a: Brute Bonnet|atk|1
|-unboost|p1a: Brute Bonnet|spa|1
|
|t:|1760371506
|switch|p2a: Tornadus|Tornadus-Therian, M, tera:Flying|46/100|[from] Parting Shot
|
|-weather|none
|-end|p1a: Brute Bonnet|Protosynthesis
|upkeep
|turn|13
|
|t:|1760371512
|move|p2a: Tornadus|Bleakwind Storm|p1a: Brute Bonnet
|-supereffective|p1a: Brute Bonnet
|-damage|p1a: Brute Bonnet|34/100
|move|p1a: Brute Bonnet|Close Combat|p2a: Tornadus
|-resisted|p2a: Tornadus
|-damage|p2a: Tornadus|31/100
|-unboost|p1a: Brute Bonnet|def|1
|-unboost|p1a: Brute Bonnet|spd|1
|
|upkeep
|turn|14
|
|t:|1760371519
|move|p1a: Brute Bonnet|Sucker Punch|p2a: Tornadus
|-damage|p2a: Tornadus|4/100
|move|p2a: Tornadus|U-turn|p1a: Brute Bonnet
|-supereffective|p1a: Brute Bonnet
|-damage|p1a: Brute Bonnet|0 fnt
|faint|p1a: Brute Bonnet
|-end|p1a: Brute Bonnet|Protosynthesis|[silent]
|-message|Titanosaurus forfeited.
|
|win|infernagatr
|raw|Titanosaurus's rating: 1301 &rarr; <strong>1282</strong><br />(-19 for losing)
|raw|infernagatr's rating: 1320 &rarr; <strong>1339</strong><br />(+19 for winning)
|l|☆Titanosaurus
|player|p1|
|l|☆infernagatr
|player|p2|
