|j|☆Maltyy
|j|☆great team haver
|t:|1760411572
|gametype|singles
|player|p1|Maltyy|harlequin|1381
|player|p2|great team haver|skierf|1395
|gen|9
|tier|[Gen 9] OU
|rated|
|rule|HP Percentage Mod: HP is shown in percentages
|rule|Endless Battle Clause: Forcing endless battles is banned
|rule|Species Clause: Limit one of each Pokémon
|rule|OHKO Clause: OHKO moves are banned
|rule|Evasion Items Clause: Evasion items are banned
|rule|Evasion Moves Clause: Evasion moves are banned
|rule|Evasion Abilities Clause: Evasion abilities are banned
|rule|Sleep Moves Clause: Sleep-inducing moves are banned
|clearpoke
|poke|p1|Lokix, M|
|poke|p1|Cinderace, F|
|poke|p1|Great Tusk|
|poke|p1|Alomomola, F|
|poke|p1|Enamorus, F|
|poke|p1|Slowking-Galar, F|
|poke|p2|Hatterene, F|
|poke|p2|Rillaboom, F|
|poke|p2|Raging Bolt|
|poke|p2|Lapras, F|
|poke|p2|Cinderace, M|
|poke|p2|Gholdengo|
|teampreview
|inactive|Battle timer is ON: inactive players will automatically lose when time's up. (requested by great team haver)
|
|t:|1760411596
|teamsize|p1|6
|teamsize|p2|6
|start
|switch|p1a: Lokix|Lokix, M|100/100
|switch|p2a: BAN WELLSPRING|Raging Bolt|100/100
|turn|1
|
|t:|1760411601
|move|p1a: Lokix|U-turn|p2a: BAN WELLSPRING
|-damage|p2a: BAN WELLSPRING|73/100
|
|t:|1760411617
|switch|p1a: Slowking|Slowking-Galar, F|100/100|[from] U-turn
|move|p2a: BAN WELLSPRING|Discharge|p1a: Slowking
|-damage|p1a: Slowking|71/100
|
|-heal|p2a: BAN WELLSPRING|79/100|[from] item: Leftovers
|upkeep
|turn|2
|
|t:|1760411622
|-end|p2a: BAN WELLSPRING|Protosynthesis|[silent]
|switch|p2a: GOLDEN JOE|Gholdengo|100/100
|move|p1a: Slowking|Ice Beam|p2a: GOLDEN JOE
|-resisted|p2a: GOLDEN JOE
|-damage|p2a: GOLDEN JOE|88/100
|
|upkeep
|turn|3
|
|t:|1760411628
|switch|p1a: Alomomola|Alomomola, F|100/100
|move|p2a: GOLDEN JOE|Shadow Ball|p1a: Alomomola
|-damage|p1a: Alomomola|64/100
|
|upkeep
|turn|4
|
|t:|1760411635
|switch|p2a: Boat|Lapras, F|100/100
|move|p1a: Alomomola|Mirror Coat||[still]
|-fail|p1a: Alomomola
|
|upkeep
|turn|5
|
|t:|1760411645
|move|p2a: Boat|Freeze-Dry|p1a: Alomomola
|-supereffective|p1a: Alomomola
|-damage|p1a: Alomomola|33/100
|move|p1a: Alomomola|Body Slam|p2a: Boat
|-crit|p2a: Boat
|-damage|p2a: Boat|81/100
|
|upkeep
|turn|6
|
|t:|1760411653
|switch|p1a: Slowking|Slowking-Galar, F|100/100
|move|p2a: Boat|Ice Beam|p1a: Slowking
|-damage|p1a: Slowking|69/100
|-status|p1a: Slowking|frz
|
|upkeep
|turn|7
|
|t:|1760411680
|switch|p1a: Alomomola|Alomomola, F|67/100
|move|p2a: Boat|Sparkling Aria|p1a: Alomomola
|-resisted|p1a: Alomomola
|-damage|p1a: Alomomola|58/100
|
|upkeep
|turn|8
|
|t:|1760411685
|switch|p2a: TOGETHER STRONG|Rillaboom, F|100/100
|-fieldstart|move: Grassy Terrain|[from] ability: Grassy Surge|[of] p2a: TOGETHER STRONG
|switch|p1a: Slowking|Slowking-Galar, F|100/100 frz
|
|upkeep
|turn|9
|
|t:|1760411699
|switch|p1a: Enamorus|Enamorus, F|100/100
|move|p2a: TOGETHER STRONG|U-turn|p1a: Enamorus
|-resisted|p1a: Enamorus
|-damage|p1a: Enamorus|85/100
|
|t:|1760411706
|switch|p2a: Boat|Lapras, F|81/100|[from] U-turn
|
|-heal|p2a: Boat|87/100|[from] Grassy Terrain
|upkeep
|turn|10
|
|t:|1760411716
|switch|p1a: Slowking|Slowking-Galar, F|100/100 frz
|move|p2a: Boat|Ice Beam|p1a: Slowking
|-damage|p1a: Slowking|71/100 frz
|
|-heal|p2a: Boat|93/100|[from] Grassy Terrain
|-heal|p1a: Slowking|77/100 frz|[from] Grassy Terrain
|upkeep
|turn|11
|
|t:|1760411723
|switch|p2a: GOLDEN JOE|Gholdengo|88/100
|cant|p1a: Slowking|frz
|
|-heal|p2a: GOLDEN JOE|94/100|[from] Grassy Terrain
|-heal|p1a: Slowking|83/100 frz|[from] Grassy Terrain
|upkeep
|turn|12
|
|t:|1760411727
|switch|p1a: Alomomola|Alomomola, F|91/100
|move|p2a: GOLDEN JOE|Dazzling Gleam|p1a: Alomomola
|-damage|p1a: Alomomola|66/100
|
|-heal|p2a: GOLDEN JOE|99/100|[from] Grassy Terrain
|-heal|p1a: Alomomola|72/100|[from] Grassy Terrain
|-fieldend|move: Grassy Terrain
|upkeep
|turn|13
|
|t:|1760411730
|switch|p2a: Boat|Lapras, F|93/100
|move|p1a: Alomomola|Flip Turn|p2a: Boat
|-heal|p2a: Boat|100/100|[from] ability: Water Absorb|[of] p1a: Alomomola
|
|upkeep
|turn|14
|
|t:|1760411734
|switch|p2a: TOGETHER STRONG|Rillaboom, F|100/100
|-fieldstart|move: Grassy Terrain|[from] ability: Grassy Surge|[of] p2a: TOGETHER STRONG
|move|p1a: Alomomola|Body Slam|p2a: TOGETHER STRONG
|-damage|p2a: TOGETHER STRONG|83/100
|-status|p2a: TOGETHER STRONG|par
|
|-heal|p2a: TOGETHER STRONG|90/100 par|[from] Grassy Terrain
|-heal|p1a: Alomomola|79/100|[from] Grassy Terrain
|upkeep
|turn|15
|
|t:|1760411741
|switch|p1a: Cinderace|Cinderace, F|100/100
|move|p2a: TOGETHER STRONG|U-turn|p1a: Cinderace
|-resisted|p1a: Cinderace
|-damage|p1a: Cinderace|77/100
|
|t:|1760411745
|switch|p2a: BAN WELLSPRING|Raging Bolt|79/100|[from] U-turn
|
|-heal|p1a: Cinderace|83/100|[from] Grassy Terrain
|-heal|p2a: BAN WELLSPRING|86/100|[from] Grassy Terrain
|-heal|p2a: BAN WELLSPRING|92/100|[from] item: Leftovers
|upkeep
|turn|16
|
|t:|1760411755
|switch|p1a: Slowking|Slowking-Galar, F|100/100 frz
|move|p2a: BAN WELLSPRING|Calm Mind|p2a: BAN WELLSPRING
|-boost|p2a: BAN WELLSPRING|spa|1
|-boost|p2a: BAN WELLSPRING|spd|1
|
|-heal|p2a: BAN WELLSPRING|98/100|[from] Grassy Terrain
|-heal|p2a: BAN WELLSPRING|100/100|[from] item: Leftovers
|upkeep
|turn|17
|
|t:|1760411769
|switch|p1a: Alomomola|Alomomola, F|100/100
|move|p2a: BAN WELLSPRING|Calm Mind|p2a: BAN WELLSPRING
|-boost|p2a: BAN WELLSPRING|spa|1
|-boost|p2a: BAN WELLSPRING|spd|1
|
|upkeep
|turn|18
|
|t:|1760411780
|move|p2a: BAN WELLSPRING|Calm Mind|p2a: BAN WELLSPRING
|-boost|p2a: BAN WELLSPRING|spa|1
|-boost|p2a: BAN WELLSPRING|spd|1
|move|p1a: Alomomola|Mirror Coat||[still]
|-fail|p1a: Alomomola
|
|-fieldend|move: Grassy Terrain
|upkeep
|turn|19
|
|t:|1760411789
|move|p2a: BAN WELLSPRING|Calm Mind|p2a: BAN WELLSPRING
|-boost|p2a: BAN WELLSPRING|spa|1
|-boost|p2a: BAN WELLSPRING|spd|1
|move|p1a: Alomomola|Mirror Coat||[still]
|-fail|p1a: Alomomola
|
|upkeep
|turn|20
|
|t:|1760411796
|-end|p2a: BAN WELLSPRING|Protosynthesis|[silent]
|switch|p2a: TOGETHER STRONG|Rillaboom, F|90/100 par
|-fieldstart|move: Grassy Terrain|[from] ability: Grassy Surge|[of] p2a: TOGETHER STRONG
|-terastallize|p1a: Alomomola|Normal
|move|p1a: Alomomola|Mirror Coat||[still]
|-fail|p1a: Alomomola
|
|-heal|p2a: TOGETHER STRONG|96/100 par|[from] Grassy Terrain
|upkeep
|turn|21
|
|t:|1760411805
|switch|p1a: Slowking|Slowking-Galar, F|100/100 frz
|move|p2a: TOGETHER STRONG|U-turn|p1a: Slowking
|-damage|p1a: Slowking|71/100 frz
|
|t:|1760411809
|switch|p2a: GOLDEN JOE|Gholdengo|99/100|[from] U-turn
|
|-heal|p2a: GOLDEN JOE|100/100|[from] Grassy Terrain
|-heal|p1a: Slowking|77/100 frz|[from] Grassy Terrain
|upkeep
|turn|22
|
|t:|1760411814
|switch|p1a: Alomomola|Alomomola, F, tera:Normal|100/100
|move|p2a: GOLDEN JOE|Trick|p1a: Alomomola
|-activate|p2a: GOLDEN JOE|move: Trick|[of] p1a: Alomomola
|-item|p1a: Alomomola|Choice Specs|[from] move: Trick
|-item|p2a: GOLDEN JOE|Assault Vest|[from] move: Trick
|
|upkeep
|turn|23
|
|t:|1760411823
|switch|p2a: BAN WELLSPRING|Raging Bolt|100/100
|move|p1a: Alomomola|Body Slam|p2a: BAN WELLSPRING
|-damage|p2a: BAN WELLSPRING|86/100
|
|-heal|p2a: BAN WELLSPRING|93/100|[from] Grassy Terrain
|-heal|p2a: BAN WELLSPRING|99/100|[from] item: Leftovers
|upkeep
|turn|24
|
|t:|1760411841
|switch|p1a: Great Tusk|Great Tusk|100/100
|move|p2a: BAN WELLSPRING|Calm Mind|p2a: BAN WELLSPRING
|-boost|p2a: BAN WELLSPRING|spa|1
|-boost|p2a: BAN WELLSPRING|spd|1
|
|-heal|p2a: BAN WELLSPRING|100/100|[from] Grassy Terrain
|-fieldend|move: Grassy Terrain
|upkeep
|turn|25
|
|t:|1760411843
|move|p1a: Great Tusk|Earthquake|p2a: BAN WELLSPRING
|-supereffective|p2a: BAN WELLSPRING
|-damage|p2a: BAN WELLSPRING|53/100
|move|p2a: BAN WELLSPRING|Dragon Pulse|p1a: Great Tusk
|-damage|p1a: Great Tusk|22/100
|
|-heal|p1a: Great Tusk|28/100|[from] item: Leftovers
|-heal|p2a: BAN WELLSPRING|59/100|[from] item: Leftovers
|upkeep
|turn|26
|
|t:|1760411848
|move|p1a: Great Tusk|Earthquake|p2a: BAN WELLSPRING
|-supereffective|p2a: BAN WELLSPRING
|-damage|p2a: BAN WELLSPRING|11/100
|move|p2a: BAN WELLSPRING|Dragon Pulse|p1a: Great Tusk
|-damage|p1a: Great Tusk|0 fnt
|faint|p1a: Great Tusk
|-end|p1a: Great Tusk|Protosynthesis|[silent]
|
|-heal|p2a: BAN WELLSPRING|17/100|[from] item: Leftovers
|upkeep
|
|t:|1760411852
|switch|p1a: Lokix|Lokix, M|100/100
|turn|27
|
|t:|1760411858
|-end|p2a: BAN WELLSPRING|Protosynthesis|[silent]
|switch|p2a: return 2 sender|Cinderace, M|100/100
|move|p1a: Lokix|First Impression|p2a: return 2 sender
|-resisted|p2a: return 2 sender
|-damage|p2a: return 2 sender|3/100
|
|upkeep
|turn|28
|
|t:|1760411865
|switch|p1a: Slowking|Slowking-Galar, F|100/100 frz
|move|p2a: return 2 sender|Will-O-Wisp||[still]
|-fail|p2a: return 2 sender
|
|upkeep
|turn|29
|
|t:|1760411875
|move|p2a: return 2 sender|U-turn|p1a: Slowking
|-damage|p1a: Slowking|85/100 frz
|
|t:|1760411877
|switch|p2a: GOLDEN JOE|Gholdengo|100/100|[from] U-turn
|-prepare|p1a: Slowking|Chilly Reception|[premajor]
|cant|p1a: Slowking|frz
|
|upkeep
|turn|30
|
|t:|1760411885
|switch|p1a: Alomomola|Alomomola, F, tera:Normal|100/100
|move|p2a: GOLDEN JOE|Dazzling Gleam|p1a: Alomomola
|-damage|p1a: Alomomola|77/100
|
|upkeep
|turn|31
|
|t:|1760411891
|switch|p2a: TOGETHER STRONG|Rillaboom, F|96/100 par
|-fieldstart|move: Grassy Terrain|[from] ability: Grassy Surge|[of] p2a: TOGETHER STRONG
|move|p1a: Alomomola|Flip Turn|p2a: TOGETHER STRONG
|-resisted|p2a: TOGETHER STRONG
|-damage|p2a: TOGETHER STRONG|87/100 par
|
|t:|1760411895
|switch|p1a: Lokix|Lokix, M|100/100|[from] Flip Turn
|
|-heal|p2a: TOGETHER STRONG|93/100 par|[from] Grassy Terrain
|upkeep
|turn|32
|
|t:|1760411902
|switch|p2a: return 2 sender|Cinderace, M|3/100
|move|p1a: Lokix|U-turn|p2a: return 2 sender
|-resisted|p2a: return 2 sender
|-damage|p2a: return 2 sender|0 fnt
|faint|p2a: return 2 sender
|
|t:|1760411913
|switch|p1a: Cinderace|Cinderace, F|83/100|[from] U-turn
|
|-heal|p1a: Cinderace|89/100|[from] Grassy Terrain
|upkeep
|
|t:|1760411915
|switch|p2a: BAN WELLSPRING|Raging Bolt|17/100
|turn|33
|
|t:|1760411924
|switch|p1a: Lokix|Lokix, M|100/100
|move|p2a: BAN WELLSPRING|Thunderclap||[still]
|-fail|p2a: BAN WELLSPRING
|
|-heal|p2a: BAN WELLSPRING|23/100|[from] Grassy Terrain
|-heal|p2a: BAN WELLSPRING|30/100|[from] item: Leftovers
|upkeep
|turn|34
|
|t:|1760411929
|-end|p2a: BAN WELLSPRING|Protosynthesis|[silent]
|switch|p2a: Boat|Lapras, F|100/100
|move|p1a: Lokix|First Impression|p2a: Boat
|-damage|p2a: Boat|42/100
|
|-heal|p2a: Boat|49/100|[from] Grassy Terrain
|upkeep
|turn|35
|
|t:|1760411936
|switch|p1a: Alomomola|Alomomola, F, tera:Normal|100/100
|move|p2a: Boat|Sparkling Aria|p1a: Alomomola
|-damage|p1a: Alomomola|72/100
|
|-heal|p2a: Boat|55/100|[from] Grassy Terrain
|-heal|p1a: Alomomola|78/100|[from] Grassy Terrain
|-fieldend|move: Grassy Terrain
|upkeep
|turn|36
|
|t:|1760411948
|move|p2a: Boat|Sparkling Aria|p1a: Alomomola
|-damage|p1a: Alomomola|51/100
|move|p1a: Alomomola|Mirror Coat|p2a: Boat
|-damage|p2a: Boat|0 fnt
|faint|p2a: Boat
|
|upkeep
|
|t:|1760411952
|switch|p2a: TOGETHER STRONG|Rillaboom, F|93/100 par
|-fieldstart|move: Grassy Terrain|[from] ability: Grassy Surge|[of] p2a: TOGETHER STRONG
|turn|37
|
|t:|1760411956
|switch|p1a: Slowking|Slowking-Galar, F|100/100 frz
|cant|p2a: TOGETHER STRONG|par
|
|-heal|p2a: TOGETHER STRONG|99/100 par|[from] Grassy Terrain
|upkeep
|turn|38
|
|t:|1760411964
|move|p2a: TOGETHER STRONG|U-turn|p1a: Slowking
|-damage|p1a: Slowking|74/100 frz
|
|t:|1760411966
|switch|p2a: BAN WELLSPRING|Raging Bolt|30/100|[from] U-turn
|cant|p1a: Slowking|frz
|
|-heal|p2a: BAN WELLSPRING|36/100|[from] Grassy Terrain
|-heal|p2a: BAN WELLSPRING|42/100|[from] item: Leftovers
|-heal|p1a: Slowking|80/100 frz|[from] Grassy Terrain
|upkeep
|turn|39
|
|t:|1760411979
|switch|p1a: Alomomola|Alomomola, F, tera:Normal|84/100
|move|p2a: BAN WELLSPRING|Discharge|p1a: Alomomola
|-damage|p1a: Alomomola|57/100
|
|-heal|p2a: BAN WELLSPRING|48/100|[from] Grassy Terrain
|-heal|p2a: BAN WELLSPRING|54/100|[from] item: Leftovers
|-heal|p1a: Alomomola|63/100|[from] Grassy Terrain
|upkeep
|turn|40
|
|t:|1760411986
|move|p2a: BAN WELLSPRING|Calm Mind|p2a: BAN WELLSPRING
|-boost|p2a: BAN WELLSPRING|spa|1
|-boost|p2a: BAN WELLSPRING|spd|1
|move|p1a: Alomomola|Flip Turn|p2a: BAN WELLSPRING
|-resisted|p2a: BAN WELLSPRING
|-damage|p2a: BAN WELLSPRING|50/100
|
|t:|1760411988
|switch|p1a: Lokix|Lokix, M|100/100|[from] Flip Turn
|
|-heal|p2a: BAN WELLSPRING|56/100|[from] Grassy Terrain
|-heal|p2a: BAN WELLSPRING|62/100|[from] item: Leftovers
|upkeep
|turn|41
|
|t:|1760411991
|move|p1a: Lokix|First Impression|p2a: BAN WELLSPRING
|-damage|p2a: BAN WELLSPRING|26/100
|move|p2a: BAN WELLSPRING|Discharge|p1a: Lokix
|-damage|p1a: Lokix|4/100
|-status|p1a: Lokix|par
|
|-heal|p2a: BAN WELLSPRING|32/100|[from] Grassy Terrain
|-heal|p2a: BAN WELLSPRING|38/100|[from] item: Leftovers
|-heal|p1a: Lokix|10/100 par|[from] Grassy Terrain
|-fieldend|move: Grassy Terrain
|upkeep
|turn|42
|
|t:|1760412002
|switch|p1a: Alomomola|Alomomola, F, tera:Normal|96/100
|move|p2a: BAN WELLSPRING|Thunderclap||[still]
|-fail|p2a: BAN WELLSPRING
|
|-heal|p2a: BAN WELLSPRING|45/100|[from] item: Leftovers
|upkeep
|turn|43
|
|t:|1760412005
|move|p2a: BAN WELLSPRING|Calm Mind|p2a: BAN WELLSPRING
|-boost|p2a: BAN WELLSPRING|spa|1
|-boost|p2a: BAN WELLSPRING|spd|1
|move|p1a: Alomomola|Flip Turn|p2a: BAN WELLSPRING
|-resisted|p2a: BAN WELLSPRING
|-damage|p2a: BAN WELLSPRING|40/100
|
|t:|1760412007
|switch|p1a: Lokix|Lokix, M|10/100 par|[from] Flip Turn
|
|-heal|p2a: BAN WELLSPRING|46/100|[from] item: Leftovers
|upkeep
|turn|44
|
|t:|1760412010
|move|p1a: Lokix|First Impression|p2a: BAN WELLSPRING
|-damage|p2a: BAN WELLSPRING|7/100
|move|p2a: BAN WELLSPRING|Discharge|p1a: Lokix
|-damage|p1a: Lokix|0 fnt
|faint|p1a: Lokix
|
|-heal|p2a: BAN WELLSPRING|13/100|[from] item: Leftovers
|upkeep
|
|t:|1760412016
|switch|p1a: Cinderace|Cinderace, F|89/100
|turn|45
|
|t:|1760412018
|-terastallize|p2a: BAN WELLSPRING|Electric
|move|p2a: BAN WELLSPRING|Thunderclap||[still]
|-fail|p2a: BAN WELLSPRING
|move|p1a: Cinderace|Will-O-Wisp|p2a: BAN WELLSPRING
|-status|p2a: BAN WELLSPRING|brn
|
|-heal|p2a: BAN WELLSPRING|19/100 brn|[from] item: Leftovers
|-damage|p2a: BAN WELLSPRING|13/100 brn|[from] brn
|upkeep
|turn|46
|
|t:|1760412026
|switch|p1a: Alomomola|Alomomola, F, tera:Normal|100/100
|move|p2a: BAN WELLSPRING|Thunderclap||[still]
|-fail|p2a: BAN WELLSPRING
|
|-heal|p2a: BAN WELLSPRING|19/100 brn|[from] item: Leftovers
|-damage|p2a: BAN WELLSPRING|13/100 brn|[from] brn
|upkeep
|turn|47
|
|t:|1760412033
|move|p2a: BAN WELLSPRING|Calm Mind|p2a: BAN WELLSPRING
|-boost|p2a: BAN WELLSPRING|spa|1
|-boost|p2a: BAN WELLSPRING|spd|1
|move|p1a: Alomomola|Flip Turn|p2a: BAN WELLSPRING
|-damage|p2a: BAN WELLSPRING|4/100 brn
|
|t:|1760412035
|switch|p1a: Cinderace|Cinderace, F|89/100|[from] Flip Turn
|
|-heal|p2a: BAN WELLSPRING|10/100 brn|[from] item: Leftovers
|-damage|p2a: BAN WELLSPRING|4/100 brn|[from] brn
|upkeep
|turn|48
|
|t:|1760412038
|switch|p1a: Alomomola|Alomomola, F, tera:Normal|100/100
|move|p2a: BAN WELLSPRING|Discharge|p1a: Alomomola
|-damage|p1a: Alomomola|19/100
|-status|p1a: Alomomola|par
|
|-heal|p2a: BAN WELLSPRING|10/100 brn|[from] item: Leftovers
|-damage|p2a: BAN WELLSPRING|4/100 brn|[from] brn
|upkeep
|turn|49
|
|t:|1760412043
|move|p1a: Alomomola|Aqua Jet|p2a: BAN WELLSPRING
|-damage|p2a: BAN WELLSPRING|0 fnt
|faint|p2a: BAN WELLSPRING
|-end|p2a: BAN WELLSPRING|Protosynthesis|[silent]
|
|upkeep
|
|t:|1760412046
|switch|p2a: TOGETHER STRONG|Rillaboom, F|99/100 par
|-fieldstart|move: Grassy Terrain|[from] ability: Grassy Surge|[of] p2a: TOGETHER STRONG
|turn|50
|
|t:|1760412049
|switch|p2a: Sprinkles|Hatterene, F|100/100
|-enditem|p2a: Sprinkles|Grassy Seed
|-boost|p2a: Sprinkles|def|1|[from] item: Grassy Seed
|switch|p1a: Slowking|Slowking-Galar, F|100/100 frz
|
|upkeep
|turn|51
|
|t:|1760412056
|switch|p1a: Alomomola|Alomomola, F, tera:Normal|52/100 par
|move|p2a: Sprinkles|Calm Mind|p2a: Sprinkles
|-boost|p2a: Sprinkles|spa|1
|-boost|p2a: Sprinkles|spd|1
|
|-heal|p1a: Alomomola|58/100 par|[from] Grassy Terrain
|upkeep
|turn|52
|
|t:|1760412064
|switch|p1a: Cinderace|Cinderace, F|89/100
|move|p2a: Sprinkles|Calm Mind|p2a: Sprinkles
|-boost|p2a: Sprinkles|spa|1
|-boost|p2a: Sprinkles|spd|1
|
|-heal|p1a: Cinderace|95/100|[from] Grassy Terrain
|upkeep
|turn|53
|
|t:|1760412067
|move|p1a: Cinderace|Pyro Ball|p2a: Sprinkles
|-damage|p2a: Sprinkles|63/100
|move|p2a: Sprinkles|Stored Power|p1a: Cinderace
|-damage|p1a: Cinderace|0 fnt
|faint|p1a: Cinderace
|
|-heal|p2a: Sprinkles|69/100|[from] Grassy Terrain
|upkeep
|
|t:|1760412076
|switch|p1a: Slowking|Slowking-Galar, F|100/100 frz
|turn|54
|
|t:|1760412078
|move|p2a: Sprinkles|Stored Power|p1a: Slowking
|-damage|p1a: Slowking|18/100 frz
|cant|p1a: Slowking|frz
|
|-heal|p2a: Sprinkles|75/100|[from] Grassy Terrain
|-heal|p1a: Slowking|24/100 frz|[from] Grassy Terrain
|-fieldend|move: Grassy Terrain
|upkeep
|turn|55
|
|t:|1760412081
|move|p2a: Sprinkles|Stored Power|p1a: Slowking
|-damage|p1a: Slowking|0 fnt
|faint|p1a: Slowking
|
|upkeep
|
|t:|1760412084
|switch|p1a: Enamorus|Enamorus, F|85/100
|turn|56
|
|t:|1760412087
|move|p1a: Enamorus|Moonblast|p2a: Sprinkles
|-damage|p2a: Sprinkles|45/100
|-unboost|p2a: Sprinkles|spa|1
|move|p2a: Sprinkles|Stored Power|p1a: Enamorus
|-damage|p1a: Enamorus|0 fnt
|faint|p1a: Enamorus
|
|upkeep
|
|t:|1760412094
|switch|p1a: Alomomola|Alomomola, F, tera:Normal|92/100 par
|turn|57
|
|t:|1760412096
|move|p2a: Sprinkles|Agility|p2a: Sprinkles
|-boost|p2a: Sprinkles|spe|2
|move|p1a: Alomomola|Body Slam|p2a: Sprinkles
|-damage|p2a: Sprinkles|28/100
|-status|p2a: Sprinkles|par
|
|upkeep
|turn|58
|
|t:|1760412103
|cant|p2a: Sprinkles|par
|move|p1a: Alomomola|Body Slam|p2a: Sprinkles
|-damage|p2a: Sprinkles|9/100 par
|
|upkeep
|turn|59
|
|t:|1760412105
|move|p2a: Sprinkles|Stored Power|p1a: Alomomola
|-damage|p1a: Alomomola|18/100 par
|cant|p1a: Alomomola|par
|
|upkeep
|turn|60
|
|t:|1760412108
|cant|p2a: Sprinkles|par
|move|p1a: Alomomola|Body Slam|p2a: Sprinkles
|-damage|p2a: Sprinkles|0 fnt
|faint|p2a: Sprinkles
|
|upkeep
|
|t:|1760412109
|switch|p2a: GOLDEN JOE|Gholdengo|100/100
|turn|61
|c|☆Maltyy|gg
|c|☆great team haver|gg
|
|t:|1760412115
|move|p2a: GOLDEN JOE|Make It Rain|p1a: Alomomola
|-damage|p1a: Alomomola|0 fnt
|-unboost|p2a: GOLDEN JOE|spa|1
|faint|p1a: Alomomola
|
|win|great team haver
|raw|Maltyy's rating: 1381 &rarr; <strong>1362</strong><br />(-19 for losing)
|raw|great team haver's rating: 1395 &rarr; <strong>1414</strong><br />(+19 for winning)
|c|☆great team haver|I like your team!
|l|☆Maltyy
|player|p1|
|l|☆great team haver
|player|p2|
