|j|☆Common Krookodile
|j|☆jojosworld
|t:|1760388024
|gametype|singles
|player|p1|Common Krookodile|burglar|1475
|player|p2|jojosworld|cynthia|1491
|gen|9
|tier|[Gen 9] OU
|rated|
|rule|HP Percentage Mod: HP is shown in percentages
|rule|Endless Battle Clause: Forcing endless battles is banned
|rule|Species Clause: Limit one of each Pokémon
|rule|OHKO Clause: OHKO moves are banned
|rule|Evasion Items Clause: Evasion items are banned
|rule|Evasion Moves Clause: Evasion moves are banned
|rule|Evasion Abilities Clause: Evasion abilities are banned
|rule|Sleep Moves Clause: Sleep-inducing moves are banned
|clearpoke
|poke|p1|Pelipper, F|
|poke|p1|Hatterene, F|
|poke|p1|Iron Treads|
|poke|p1|Toxicroak, F|
|poke|p1|Barraskewda, M|
|poke|p1|Zapdos|
|poke|p2|Alomomola, F|
|poke|p2|Gholdengo|
|poke|p2|Incineroar, F|
|poke|p2|Clodsire, F|
|poke|p2|Weezing-Galar, F|
|poke|p2|Meowscarada, F|
|teampreview
|inactive|Battle timer is ON: inactive players will automatically lose when time's up. (requested by jojosworld)
|
|t:|1760388029
|teamsize|p1|6
|teamsize|p2|6
|start
|switch|p1a: Pelipper|Pelipper, F|100/100
|switch|p2a: Alomomola|Alomomola, F, shiny|100/100
|-weather|RainDance|[from] ability: Drizzle|[of] p1a: Pelipper
|turn|1
|c|☆Common Krookodile|glhf
|
|t:|1760388035
|switch|p1a: Toxicroak|Toxicroak, F|100/100
|move|p2a: Alomomola|Flip Turn|p1a: Toxicroak
|-immune|p1a: Toxicroak|[from] ability: Dry Skin
|
|-weather|RainDance|[upkeep]
|upkeep
|turn|2
|
|t:|1760388041
|switch|p2a: Gholdengo|Gholdengo, shiny|100/100
|move|p1a: Toxicroak|Knock Off|p2a: Gholdengo
|-supereffective|p2a: Gholdengo
|-damage|p2a: Gholdengo|67/100
|-damage|p1a: Toxicroak|84/100|[from] item: Rocky Helmet|[of] p2a: Gholdengo
|-enditem|p2a: Gholdengo|Rocky Helmet|[from] move: Knock Off|[of] p1a: Toxicroak
|
|-weather|RainDance|[upkeep]
|-heal|p1a: Toxicroak|96/100|[from] ability: Dry Skin
|upkeep
|turn|3
|
|t:|1760388048
|switch|p1a: Iron Treads|Iron Treads|100/100
|move|p2a: Gholdengo|Recover|p2a: Gholdengo
|-heal|p2a: Gholdengo|100/100
|
|-weather|RainDance|[upkeep]
|upkeep
|turn|4
|
|t:|1760388052
|switch|p2a: Alomomola|Alomomola, F, shiny|100/100
|move|p1a: Iron Treads|Stealth Rock|p2a: Alomomola
|-sidestart|p2: jojosworld|move: Stealth Rock
|
|-weather|RainDance|[upkeep]
|upkeep
|turn|5
|
|t:|1760388056
|move|p1a: Iron Treads|Volt Switch|p2a: Alomomola
|-supereffective|p2a: Alomomola
|-damage|p2a: Alomomola|72/100
|
|t:|1760388063
|-end|p1a: Iron Treads|Quark Drive|[silent]
|switch|p1a: Barraskewda|Barraskewda, M|100/100|[from] Volt Switch
|move|p2a: Alomomola|Wish|p2a: Alomomola
|
|-weather|RainDance|[upkeep]
|upkeep
|turn|6
|
|t:|1760388068
|move|p1a: Barraskewda|Flip Turn|p2a: Alomomola
|-resisted|p2a: Alomomola
|-damage|p2a: Alomomola|54/100
|
|t:|1760388071
|switch|p1a: Zapdos|Zapdos|100/100|[from] Flip Turn
|move|p2a: Alomomola|Flip Turn|p1a: Zapdos
|-damage|p1a: Zapdos|72/100
|
|t:|1760388079
|switch|p2a: Meowscarada|Meowscarada, F, shiny|100/100|[from] Flip Turn
|-damage|p2a: Meowscarada|88/100|[from] Stealth Rock
|
|-weather|RainDance|[upkeep]
|-heal|p2a: Meowscarada|100/100|[from] move: Wish|[wisher] Alomomola
|upkeep
|turn|7
|
|t:|1760388083
|switch|p1a: Toxicroak|Toxicroak, F|96/100
|move|p2a: Meowscarada|Triple Axel|p1a: Toxicroak
|-start|p2a: Meowscarada|typechange|Ice|[from] ability: Protean
|-damage|p1a: Toxicroak|84/100
|-damage|p2a: Meowscarada|84/100|[from] item: Rocky Helmet|[of] p1a: Toxicroak
|-damage|p1a: Toxicroak|58/100
|-damage|p2a: Meowscarada|68/100|[from] item: Rocky Helmet|[of] p1a: Toxicroak
|-damage|p1a: Toxicroak|16/100
|-damage|p2a: Meowscarada|51/100|[from] item: Rocky Helmet|[of] p1a: Toxicroak
|-hitcount|p1a: Toxicroak|3
|
|-weather|RainDance|[upkeep]
|-heal|p1a: Toxicroak|28/100|[from] ability: Dry Skin
|upkeep
|turn|8
|
|t:|1760388097
|switch|p1a: Hatterene|Hatterene, F|100/100
|move|p2a: Meowscarada|Triple Axel|p1a: Hatterene
|-damage|p1a: Hatterene|88/100
|-damage|p1a: Hatterene|65/100
|-damage|p1a: Hatterene|24/100
|-hitcount|p1a: Hatterene|3
|-enditem|p1a: Hatterene|Eject Button
|
|t:|1760388119
|switch|p1a: Iron Treads|Iron Treads|100/100
|
|-weather|none
|upkeep
|turn|9
|
|t:|1760388122
|switch|p2a: Alomomola|Alomomola, F, shiny|87/100
|move|p1a: Iron Treads|Volt Switch|p2a: Alomomola
|-supereffective|p2a: Alomomola
|-crit|p2a: Alomomola
|-damage|p2a: Alomomola|49/100
|
|t:|1760388125
|-end|p1a: Iron Treads|Quark Drive|[silent]
|switch|p1a: Pelipper|Pelipper, F|100/100|[from] Volt Switch
|-weather|RainDance|[from] ability: Drizzle|[of] p1a: Pelipper
|
|-weather|RainDance|[upkeep]
|upkeep
|turn|10
|
|t:|1760388129
|move|p2a: Alomomola|Protect|p2a: Alomomola
|-singleturn|p2a: Alomomola|Protect
|move|p1a: Pelipper|U-turn|p2a: Alomomola
|-activate|p2a: Alomomola|move: Protect
|
|-weather|RainDance|[upkeep]
|upkeep
|turn|11
|
|t:|1760388132
|move|p2a: Alomomola|Wish|p2a: Alomomola
|move|p1a: Pelipper|U-turn|p2a: Alomomola
|-damage|p2a: Alomomola|44/100
|
|t:|1760388134
|switch|p1a: Hatterene|Hatterene, F|24/100|[from] U-turn
|
|-weather|RainDance|[upkeep]
|upkeep
|turn|12
|
|t:|1760388137
|move|p1a: Hatterene|Healing Wish|p1a: Hatterene
|faint|p1a: Hatterene
|move|p2a: Alomomola|Flip Turn|p1: Hatterene|[notarget]
|-fail|p2a: Alomomola
|
|-weather|RainDance|[upkeep]
|-heal|p2a: Alomomola|94/100|[from] move: Wish|[wisher] Alomomola
|upkeep
|
|t:|1760388143
|switch|p1a: Toxicroak|Toxicroak, F|28/100
|-heal|p1a: Toxicroak|100/100|[from] move: Healing Wish
|turn|13
|
|t:|1760388146
|switch|p2a: Gholdengo|Gholdengo, shiny|100/100
|-damage|p2a: Gholdengo|94/100|[from] Stealth Rock
|move|p1a: Toxicroak|Toxic|p2a: Gholdengo
|-immune|p2a: Gholdengo|[from] ability: Good as Gold
|
|-weather|RainDance|[upkeep]
|upkeep
|turn|14
|
|t:|1760388148
|switch|p1a: Iron Treads|Iron Treads|100/100
|move|p2a: Gholdengo|Hex|p1a: Iron Treads
|-damage|p1a: Iron Treads|77/100
|
|-weather|RainDance|[upkeep]
|-heal|p1a: Iron Treads|83/100|[from] item: Leftovers
|upkeep
|turn|15
|
|t:|1760388155
|switch|p2a: Alomomola|Alomomola, F, shiny|100/100
|move|p1a: Iron Treads|Earthquake|p2a: Alomomola
|-damage|p2a: Alomomola|79/100
|
|-weather|RainDance|[upkeep]
|-heal|p1a: Iron Treads|89/100|[from] item: Leftovers
|upkeep
|turn|16
|
|t:|1760388158
|move|p1a: Iron Treads|Volt Switch|p2a: Alomomola
|-supereffective|p2a: Alomomola
|-damage|p2a: Alomomola|53/100
|
|t:|1760388163
|-end|p1a: Iron Treads|Quark Drive|[silent]
|switch|p1a: Toxicroak|Toxicroak, F|100/100|[from] Volt Switch
|move|p2a: Alomomola|Wish|p2a: Alomomola
|
|-weather|none
|upkeep
|turn|17
|
|t:|1760388168
|switch|p1a: Pelipper|Pelipper, F|100/100
|-weather|RainDance|[from] ability: Drizzle|[of] p1a: Pelipper
|switch|p2a: Gholdengo|Gholdengo, shiny|94/100
|-damage|p2a: Gholdengo|88/100|[from] Stealth Rock
|
|-weather|RainDance|[upkeep]
|-heal|p2a: Gholdengo|100/100|[from] move: Wish|[wisher] Alomomola
|upkeep
|turn|18
|
|t:|1760388174
|move|p2a: Gholdengo|Hex|p1a: Pelipper
|-damage|p1a: Pelipper|75/100
|move|p1a: Pelipper|U-turn|p2a: Gholdengo
|-resisted|p2a: Gholdengo
|-damage|p2a: Gholdengo|99/100
|
|t:|1760388177
|switch|p1a: Zapdos|Zapdos|72/100|[from] U-turn
|
|-weather|RainDance|[upkeep]
|upkeep
|turn|19
|
|t:|1760388180
|switch|p2a: Clodsire|Clodsire, F, shiny|100/100
|-damage|p2a: Clodsire|94/100|[from] Stealth Rock
|move|p1a: Zapdos|Thunder|p2a: Clodsire
|-immune|p2a: Clodsire
|
|-weather|RainDance|[upkeep]
|upkeep
|turn|20
|
|t:|1760388187
|switch|p1a: Iron Treads|Iron Treads|89/100
|move|p2a: Clodsire|Gunk Shot|p1a: Iron Treads
|-immune|p1a: Iron Treads
|
|-weather|RainDance|[upkeep]
|-heal|p1a: Iron Treads|95/100|[from] item: Leftovers
|upkeep
|turn|21
|
|t:|1760388191
|switch|p2a: Alomomola|Alomomola, F, shiny|86/100
|move|p1a: Iron Treads|Earthquake|p2a: Alomomola
|-damage|p2a: Alomomola|66/100
|
|-weather|RainDance|[upkeep]
|-heal|p1a: Iron Treads|100/100|[from] item: Leftovers
|upkeep
|turn|22
|
|t:|1760388194
|move|p1a: Iron Treads|Volt Switch|p2a: Alomomola
|-supereffective|p2a: Alomomola
|-damage|p2a: Alomomola|39/100
|
|t:|1760388197
|-end|p1a: Iron Treads|Quark Drive|[silent]
|switch|p1a: Zapdos|Zapdos|72/100|[from] Volt Switch
|move|p2a: Alomomola|Wish|p2a: Alomomola
|
|-weather|RainDance|[upkeep]
|upkeep
|turn|23
|
|t:|1760388201
|move|p2a: Alomomola|Protect|p2a: Alomomola
|-singleturn|p2a: Alomomola|Protect
|move|p1a: Zapdos|Weather Ball|p2a: Alomomola
|-activate|p2a: Alomomola|move: Protect
|
|-weather|RainDance|[upkeep]
|-heal|p2a: Alomomola|89/100|[from] move: Wish|[wisher] Alomomola
|upkeep
|turn|24
|
|t:|1760388204
|switch|p2a: Clodsire|Clodsire, F, shiny|94/100
|-damage|p2a: Clodsire|88/100|[from] Stealth Rock
|move|p1a: Zapdos|Weather Ball|p2a: Clodsire
|-heal|p2a: Clodsire|100/100|[from] ability: Water Absorb|[of] p1a: Zapdos
|
|-weather|none
|upkeep
|turn|25
|
|t:|1760388210
|switch|p1a: Iron Treads|Iron Treads|100/100
|move|p2a: Clodsire|Gunk Shot|p1a: Iron Treads
|-immune|p1a: Iron Treads
|
|upkeep
|turn|26
|
|t:|1760388214
|switch|p2a: Alomomola|Alomomola, F, shiny|100/100
|move|p1a: Iron Treads|Earthquake|p2a: Alomomola
|-damage|p2a: Alomomola|81/100
|
|upkeep
|turn|27
|
|t:|1760388217
|move|p1a: Iron Treads|Volt Switch|p2a: Alomomola
|-supereffective|p2a: Alomomola
|-damage|p2a: Alomomola|57/100
|
|t:|1760388221
|-end|p1a: Iron Treads|Quark Drive|[silent]
|switch|p1a: Toxicroak|Toxicroak, F|100/100|[from] Volt Switch
|move|p2a: Alomomola|Wish|p2a: Alomomola
|
|upkeep
|turn|28
|
|t:|1760388224
|switch|p2a: Gholdengo|Gholdengo, shiny|99/100
|-damage|p2a: Gholdengo|93/100|[from] Stealth Rock
|move|p1a: Toxicroak|Toxic|p2a: Gholdengo
|-immune|p2a: Gholdengo|[from] ability: Good as Gold
|
|-heal|p2a: Gholdengo|100/100|[from] move: Wish|[wisher] Alomomola
|upkeep
|turn|29
|
|t:|1760388227
|move|p1a: Toxicroak|Knock Off|p2a: Gholdengo
|-supereffective|p2a: Gholdengo
|-damage|p2a: Gholdengo|79/100
|move|p2a: Gholdengo|Thunder Wave|p1a: Toxicroak
|-status|p1a: Toxicroak|par
|
|upkeep
|turn|30
|
|t:|1760388231
|switch|p1a: Iron Treads|Iron Treads|100/100
|move|p2a: Gholdengo|Hex|p1a: Iron Treads
|-damage|p1a: Iron Treads|76/100
|
|-heal|p1a: Iron Treads|82/100|[from] item: Leftovers
|upkeep
|turn|31
|
|t:|1760388233
|switch|p2a: Alomomola|Alomomola, F, shiny|90/100
|move|p1a: Iron Treads|Earthquake|p2a: Alomomola
|-damage|p2a: Alomomola|69/100
|
|-heal|p1a: Iron Treads|88/100|[from] item: Leftovers
|upkeep
|turn|32
|
|t:|1760388235
|move|p1a: Iron Treads|Volt Switch|p2a: Alomomola
|-supereffective|p2a: Alomomola
|-damage|p2a: Alomomola|42/100
|
|t:|1760388238
|-end|p1a: Iron Treads|Quark Drive|[silent]
|switch|p1a: Zapdos|Zapdos|72/100|[from] Volt Switch
|move|p2a: Alomomola|Wish|p2a: Alomomola
|
|upkeep
|turn|33
|
|t:|1760388243
|move|p2a: Alomomola|Protect|p2a: Alomomola
|-singleturn|p2a: Alomomola|Protect
|move|p1a: Zapdos|Hurricane|p2a: Alomomola
|-activate|p2a: Alomomola|move: Protect
|
|-heal|p2a: Alomomola|92/100|[from] move: Wish|[wisher] Alomomola
|upkeep
|turn|34
|
|t:|1760388246
|switch|p2a: Clodsire|Clodsire, F, shiny|100/100
|-damage|p2a: Clodsire|94/100|[from] Stealth Rock
|move|p1a: Zapdos|Hurricane|p2a: Clodsire
|-damage|p2a: Clodsire|62/100
|
|upkeep
|turn|35
|
|t:|1760388249
|move|p1a: Zapdos|Hurricane|p2a: Clodsire
|-damage|p2a: Clodsire|30/100
|move|p2a: Clodsire|Gunk Shot|p1a: Zapdos|[miss]
|-miss|p2a: Clodsire|p1a: Zapdos
|
|upkeep
|turn|36
|
|t:|1760388253
|switch|p2a: Gholdengo|Gholdengo, shiny|79/100
|-damage|p2a: Gholdengo|73/100|[from] Stealth Rock
|move|p1a: Zapdos|Hurricane|p2a: Gholdengo|[miss]
|-miss|p1a: Zapdos|p2a: Gholdengo
|
|upkeep
|turn|37
|
|t:|1760388256
|switch|p1a: Iron Treads|Iron Treads|88/100
|move|p2a: Gholdengo|Recover|p2a: Gholdengo
|-heal|p2a: Gholdengo|100/100
|
|-heal|p1a: Iron Treads|94/100|[from] item: Leftovers
|upkeep
|turn|38
|
|t:|1760388258
|switch|p2a: Alomomola|Alomomola, F, shiny|100/100
|move|p1a: Iron Treads|Earthquake|p2a: Alomomola
|-damage|p2a: Alomomola|82/100
|
|-heal|p1a: Iron Treads|99/100|[from] item: Leftovers
|upkeep
|turn|39
|
|t:|1760388260
|move|p1a: Iron Treads|Volt Switch|p2a: Alomomola
|-supereffective|p2a: Alomomola
|-damage|p2a: Alomomola|56/100
|
|t:|1760388263
|-end|p1a: Iron Treads|Quark Drive|[silent]
|switch|p1a: Toxicroak|Toxicroak, F|100/100 par|[from] Volt Switch
|move|p2a: Alomomola|Wish|p2a: Alomomola
|
|upkeep
|turn|40
|
|t:|1760388266
|switch|p2a: Clodsire|Clodsire, F, shiny|30/100
|-damage|p2a: Clodsire|24/100|[from] Stealth Rock
|switch|p1a: Iron Treads|Iron Treads|99/100
|
|-heal|p2a: Clodsire|81/100|[from] move: Wish|[wisher] Alomomola
|-heal|p1a: Iron Treads|100/100|[from] item: Leftovers
|upkeep
|turn|41
|
|t:|1760388268
|switch|p2a: Alomomola|Alomomola, F, shiny|90/100
|move|p1a: Iron Treads|Earthquake|p2a: Alomomola
|-damage|p2a: Alomomola|71/100
|
|upkeep
|turn|42
|
|t:|1760388271
|move|p1a: Iron Treads|Volt Switch|p2a: Alomomola
|-supereffective|p2a: Alomomola
|-damage|p2a: Alomomola|45/100
|
|t:|1760388274
|-end|p1a: Iron Treads|Quark Drive|[silent]
|switch|p1a: Pelipper|Pelipper, F|75/100|[from] Volt Switch
|-weather|RainDance|[from] ability: Drizzle|[of] p1a: Pelipper
|move|p2a: Alomomola|Wish|p2a: Alomomola
|
|-weather|RainDance|[upkeep]
|upkeep
|turn|43
|
|t:|1760388278
|switch|p1a: Zapdos|Zapdos|72/100
|move|p2a: Alomomola|Scald|p1a: Zapdos
|-damage|p1a: Zapdos|49/100
|-status|p1a: Zapdos|brn
|
|-weather|RainDance|[upkeep]
|-heal|p2a: Alomomola|95/100|[from] move: Wish|[wisher] Alomomola
|-damage|p1a: Zapdos|43/100 brn|[from] brn
|upkeep
|turn|44
|
|t:|1760388283
|move|p2a: Alomomola|Protect|p2a: Alomomola
|-singleturn|p2a: Alomomola|Protect
|move|p1a: Zapdos|Thunder|p2a: Alomomola
|-activate|p2a: Alomomola|move: Protect
|
|-weather|RainDance|[upkeep]
|-damage|p1a: Zapdos|37/100 brn|[from] brn
|upkeep
|turn|45
|
|t:|1760388286
|switch|p1a: Iron Treads|Iron Treads|100/100
|switch|p2a: Clodsire|Clodsire, F, shiny|81/100
|-damage|p2a: Clodsire|75/100|[from] Stealth Rock
|
|-weather|RainDance|[upkeep]
|upkeep
|turn|46
|
|t:|1760388289
|switch|p2a: Alomomola|Alomomola, F, shiny|100/100
|move|p1a: Iron Treads|Volt Switch|p2a: Alomomola
|-supereffective|p2a: Alomomola
|-damage|p2a: Alomomola|72/100
|
|t:|1760388292
|-end|p1a: Iron Treads|Quark Drive|[silent]
|switch|p1a: Zapdos|Zapdos|37/100 brn|[from] Volt Switch
|
|-weather|RainDance|[upkeep]
|-damage|p1a: Zapdos|31/100 brn|[from] brn
|upkeep
|turn|47
|
|t:|1760388294
|move|p2a: Alomomola|Protect|p2a: Alomomola
|-singleturn|p2a: Alomomola|Protect
|move|p1a: Zapdos|Hurricane|p2a: Alomomola
|-activate|p2a: Alomomola|move: Protect
|
|-weather|RainDance|[upkeep]
|-damage|p1a: Zapdos|24/100 brn|[from] brn
|upkeep
|turn|48
|
|t:|1760388298
|switch|p2a: Gholdengo|Gholdengo, shiny|100/100
|-damage|p2a: Gholdengo|94/100|[from] Stealth Rock
|move|p1a: Zapdos|Hurricane|p2a: Gholdengo
|-resisted|p2a: Gholdengo
|-damage|p2a: Gholdengo|54/100
|
|-weather|RainDance|[upkeep]
|-damage|p1a: Zapdos|18/100 brn|[from] brn
|upkeep
|turn|49
|
|t:|1760388300
|switch|p1a: Iron Treads|Iron Treads|100/100
|move|p2a: Gholdengo|Recover|p2a: Gholdengo
|-heal|p2a: Gholdengo|100/100
|
|-weather|none
|upkeep
|turn|50
|
|t:|1760388302
|switch|p2a: Alomomola|Alomomola, F, shiny|100/100
|move|p1a: Iron Treads|Earthquake|p2a: Alomomola
|-damage|p2a: Alomomola|79/100
|
|upkeep
|turn|51
|
|t:|1760388306
|move|p1a: Iron Treads|Volt Switch|p2a: Alomomola
|-supereffective|p2a: Alomomola
|-damage|p2a: Alomomola|51/100
|
|t:|1760388309
|-end|p1a: Iron Treads|Quark Drive|[silent]
|switch|p1a: Toxicroak|Toxicroak, F|100/100 par|[from] Volt Switch
|move|p2a: Alomomola|Flip Turn|p1a: Toxicroak
|-immune|p1a: Toxicroak|[from] ability: Dry Skin
|
|upkeep
|turn|52
|
|t:|1760388313
|switch|p2a: Gholdengo|Gholdengo, shiny|100/100
|-damage|p2a: Gholdengo|94/100|[from] Stealth Rock
|move|p1a: Toxicroak|Knock Off|p2a: Gholdengo
|-supereffective|p2a: Gholdengo
|-damage|p2a: Gholdengo|74/100
|
|upkeep
|turn|53
|
|t:|1760388315
|switch|p1a: Iron Treads|Iron Treads|100/100
|move|p2a: Gholdengo|Hex|p1a: Iron Treads
|-damage|p1a: Iron Treads|79/100
|
|-heal|p1a: Iron Treads|85/100|[from] item: Leftovers
|upkeep
|turn|54
|
|t:|1760388318
|switch|p2a: Alomomola|Alomomola, F, shiny|85/100
|move|p1a: Iron Treads|Volt Switch|p2a: Alomomola
|-supereffective|p2a: Alomomola
|-damage|p2a: Alomomola|56/100
|
|t:|1760388321
|-end|p1a: Iron Treads|Quark Drive|[silent]
|switch|p1a: Toxicroak|Toxicroak, F|100/100 par|[from] Volt Switch
|
|upkeep
|turn|55
|
|t:|1760388323
|switch|p2a: Gholdengo|Gholdengo, shiny|74/100
|-damage|p2a: Gholdengo|68/100|[from] Stealth Rock
|switch|p1a: Iron Treads|Iron Treads|85/100
|
|-heal|p1a: Iron Treads|91/100|[from] item: Leftovers
|upkeep
|turn|56
|
|t:|1760388327
|move|p1a: Iron Treads|Volt Switch|p2a: Gholdengo
|-damage|p2a: Gholdengo|56/100
|
|t:|1760388330
|-end|p1a: Iron Treads|Quark Drive|[silent]
|switch|p1a: Zapdos|Zapdos|18/100 brn|[from] Volt Switch
|move|p2a: Gholdengo|Recover|p2a: Gholdengo
|-heal|p2a: Gholdengo|100/100
|
|-damage|p1a: Zapdos|12/100 brn|[from] brn
|upkeep
|turn|57
|
|t:|1760388332
|switch|p2a: Clodsire|Clodsire, F, shiny|75/100
|-damage|p2a: Clodsire|69/100|[from] Stealth Rock
|move|p1a: Zapdos|Volt Switch|p2a: Clodsire
|-immune|p2a: Clodsire
|
|-damage|p1a: Zapdos|6/100 brn|[from] brn
|upkeep
|turn|58
|
|t:|1760388335
|move|p1a: Zapdos|Volt Switch|p2a: Clodsire
|-immune|p2a: Clodsire
|move|p2a: Clodsire|Earthquake|p1a: Zapdos
|-immune|p1a: Zapdos
|
|-damage|p1a: Zapdos|0 fnt|[from] brn
|faint|p1a: Zapdos
|upkeep
|
|t:|1760388341
|switch|p1a: Pelipper|Pelipper, F|75/100
|-weather|RainDance|[from] ability: Drizzle|[of] p1a: Pelipper
|turn|59
|
|t:|1760388344
|move|p1a: Pelipper|U-turn|p2a: Clodsire
|-resisted|p2a: Clodsire
|-damage|p2a: Clodsire|64/100
|
|t:|1760388346
|switch|p1a: Iron Treads|Iron Treads|91/100|[from] U-turn
|move|p2a: Clodsire|Earthquake|p1a: Iron Treads
|-supereffective|p1a: Iron Treads
|-damage|p1a: Iron Treads|47/100
|
|-weather|RainDance|[upkeep]
|-heal|p1a: Iron Treads|54/100|[from] item: Leftovers
|upkeep
|turn|60
|
|t:|1760388349
|switch|p2a: Alomomola|Alomomola, F, shiny|90/100
|move|p1a: Iron Treads|Earthquake|p2a: Alomomola
|-damage|p2a: Alomomola|70/100
|
|-weather|RainDance|[upkeep]
|-heal|p1a: Iron Treads|60/100|[from] item: Leftovers
|upkeep
|turn|61
|
|t:|1760388351
|move|p1a: Iron Treads|Volt Switch|p2a: Alomomola
|-supereffective|p2a: Alomomola
|-damage|p2a: Alomomola|42/100
|
|t:|1760388354
|-end|p1a: Iron Treads|Quark Drive|[silent]
|switch|p1a: Toxicroak|Toxicroak, F|100/100 par|[from] Volt Switch
|move|p2a: Alomomola|Wish|p2a: Alomomola
|
|-weather|RainDance|[upkeep]
|upkeep
|turn|62
|
|t:|1760388358
|switch|p2a: Gholdengo|Gholdengo, shiny|100/100
|-damage|p2a: Gholdengo|94/100|[from] Stealth Rock
|switch|p1a: Pelipper|Pelipper, F|75/100
|
|-weather|RainDance|[upkeep]
|-heal|p2a: Gholdengo|100/100|[from] move: Wish|[wisher] Alomomola
|upkeep
|turn|63
|
|t:|1760388360
|move|p2a: Gholdengo|Thunder Wave|p1a: Pelipper
|-status|p1a: Pelipper|par
|cant|p1a: Pelipper|par
|
|-weather|RainDance|[upkeep]
|upkeep
|turn|64
|
|t:|1760388365
|switch|p1a: Iron Treads|Iron Treads|60/100
|move|p2a: Gholdengo|Hex|p1a: Iron Treads
|-damage|p1a: Iron Treads|37/100
|
|-weather|RainDance|[upkeep]
|-heal|p1a: Iron Treads|43/100|[from] item: Leftovers
|upkeep
|turn|65
|
|t:|1760388367
|move|p1a: Iron Treads|Earthquake|p2a: Gholdengo
|-supereffective|p2a: Gholdengo
|-damage|p2a: Gholdengo|51/100
|move|p2a: Gholdengo|Hex|p1a: Iron Treads
|-damage|p1a: Iron Treads|21/100
|
|-weather|RainDance|[upkeep]
|-heal|p1a: Iron Treads|27/100|[from] item: Leftovers
|upkeep
|turn|66
|
|t:|1760388371
|switch|p2a: Alomomola|Alomomola, F, shiny|75/100
|move|p1a: Iron Treads|Volt Switch|p2a: Alomomola
|-supereffective|p2a: Alomomola
|-damage|p2a: Alomomola|49/100
|
|t:|1760388374
|-end|p1a: Iron Treads|Quark Drive|[silent]
|switch|p1a: Barraskewda|Barraskewda, M|100/100|[from] Volt Switch
|
|-weather|none
|upkeep
|turn|67
|
|t:|1760388377
|move|p1a: Barraskewda|Close Combat|p2a: Alomomola
|-damage|p2a: Alomomola|12/100
|-unboost|p1a: Barraskewda|def|1
|-unboost|p1a: Barraskewda|spd|1
|move|p2a: Alomomola|Wish|p2a: Alomomola
|
|upkeep
|turn|68
|
|t:|1760388384
|switch|p1a: Pelipper|Pelipper, F|75/100 par
|-weather|RainDance|[from] ability: Drizzle|[of] p1a: Pelipper
|switch|p2a: Gholdengo|Gholdengo, shiny|51/100
|-damage|p2a: Gholdengo|45/100|[from] Stealth Rock
|
|-weather|RainDance|[upkeep]
|-heal|p2a: Gholdengo|100/100|[from] move: Wish|[wisher] Alomomola
|upkeep
|turn|69
|
|t:|1760388388
|move|p2a: Gholdengo|Hex|p1a: Pelipper
|-damage|p1a: Pelipper|25/100 par
|move|p1a: Pelipper|Weather Ball|p2a: Gholdengo
|-damage|p2a: Gholdengo|48/100
|
|-weather|RainDance|[upkeep]
|upkeep
|turn|70
|
|t:|1760388393
|move|p2a: Gholdengo|Hex|p1a: Pelipper
|-damage|p1a: Pelipper|0 fnt
|faint|p1a: Pelipper
|
|-weather|RainDance|[upkeep]
|upkeep
|
|t:|1760388395
|switch|p1a: Barraskewda|Barraskewda, M|100/100
|turn|71
|
|t:|1760388398
|switch|p1a: Iron Treads|Iron Treads|27/100
|switch|p2a: Clodsire|Clodsire, F, shiny|64/100
|-damage|p2a: Clodsire|57/100|[from] Stealth Rock
|
|-weather|RainDance|[upkeep]
|-heal|p1a: Iron Treads|33/100|[from] item: Leftovers
|upkeep
|turn|72
|
|t:|1760388402
|switch|p2a: Alomomola|Alomomola, F, shiny|46/100
|move|p1a: Iron Treads|Earthquake|p2a: Alomomola
|-damage|p2a: Alomomola|25/100
|
|-weather|RainDance|[upkeep]
|-heal|p1a: Iron Treads|39/100|[from] item: Leftovers
|upkeep
|turn|73
|
|t:|1760388408
|switch|p2a: Incineroar|Incineroar, F, shiny|100/100
|-ability|p2a: Incineroar|Intimidate|boost
|-unboost|p1a: Iron Treads|atk|1
|move|p1a: Iron Treads|Earthquake|p2a: Incineroar
|-supereffective|p2a: Incineroar
|-damage|p2a: Incineroar|51/100
|
|-weather|RainDance|[upkeep]
|-heal|p1a: Iron Treads|45/100|[from] item: Leftovers
|upkeep
|turn|74
|
|t:|1760388410
|switch|p2a: Alomomola|Alomomola, F, shiny|58/100
|move|p1a: Iron Treads|Volt Switch|p2a: Alomomola
|-supereffective|p2a: Alomomola
|-damage|p2a: Alomomola|34/100
|
|t:|1760388412
|-end|p1a: Iron Treads|Quark Drive|[silent]
|switch|p1a: Barraskewda|Barraskewda, M|100/100|[from] Volt Switch
|
|-weather|RainDance|[upkeep]
|upkeep
|turn|75
|
|t:|1760388415
|move|p2a: Alomomola|Protect|p2a: Alomomola
|-singleturn|p2a: Alomomola|Protect
|move|p1a: Barraskewda|Close Combat|p2a: Alomomola
|-activate|p2a: Alomomola|move: Protect
|
|-weather|none
|upkeep
|turn|76
|
|t:|1760388417
|switch|p2a: Gholdengo|Gholdengo, shiny|48/100
|-damage|p2a: Gholdengo|42/100|[from] Stealth Rock
|move|p1a: Barraskewda|Close Combat|p2a: Gholdengo
|-immune|p2a: Gholdengo
|
|upkeep
|turn|77
|
|t:|1760388420
|switch|p1a: Iron Treads|Iron Treads|45/100
|move|p2a: Gholdengo|Recover|p2a: Gholdengo
|-heal|p2a: Gholdengo|92/100
|
|-heal|p1a: Iron Treads|51/100|[from] item: Leftovers
|upkeep
|turn|78
|
|t:|1760388423
|switch|p2a: Alomomola|Alomomola, F, shiny|67/100
|move|p1a: Iron Treads|Earthquake|p2a: Alomomola
|-damage|p2a: Alomomola|46/100
|
|-heal|p1a: Iron Treads|57/100|[from] item: Leftovers
|upkeep
|turn|79
|
|t:|1760388425
|move|p1a: Iron Treads|Volt Switch|p2a: Alomomola
|-supereffective|p2a: Alomomola
|-damage|p2a: Alomomola|18/100
|
|t:|1760388427
|-end|p1a: Iron Treads|Quark Drive|[silent]
|switch|p1a: Toxicroak|Toxicroak, F|100/100 par|[from] Volt Switch
|move|p2a: Alomomola|Wish|p2a: Alomomola
|
|upkeep
|turn|80
|
|t:|1760388431
|move|p2a: Alomomola|Protect|p2a: Alomomola
|-singleturn|p2a: Alomomola|Protect
|move|p1a: Toxicroak|Encore|p2a: Alomomola
|-activate|p2a: Alomomola|move: Protect
|
|-heal|p2a: Alomomola|68/100|[from] move: Wish|[wisher] Alomomola
|upkeep
|turn|81
|
|t:|1760388436
|switch|p2a: Gholdengo|Gholdengo, shiny|92/100
|-damage|p2a: Gholdengo|86/100|[from] Stealth Rock
|switch|p1a: Iron Treads|Iron Treads|57/100
|
|-heal|p1a: Iron Treads|63/100|[from] item: Leftovers
|upkeep
|turn|82
|
|t:|1760388437
|switch|p2a: Alomomola|Alomomola, F, shiny|100/100
|move|p1a: Iron Treads|Earthquake|p2a: Alomomola
|-damage|p2a: Alomomola|82/100
|
|-heal|p1a: Iron Treads|69/100|[from] item: Leftovers
|upkeep
|turn|83
|
|t:|1760388440
|move|p1a: Iron Treads|Volt Switch|p2a: Alomomola
|-supereffective|p2a: Alomomola
|-damage|p2a: Alomomola|54/100
|
|t:|1760388443
|-end|p1a: Iron Treads|Quark Drive|[silent]
|switch|p1a: Barraskewda|Barraskewda, M|100/100|[from] Volt Switch
|move|p2a: Alomomola|Wish|p2a: Alomomola
|
|upkeep
|turn|84
|
|t:|1760388446
|switch|p2a: Clodsire|Clodsire, F, shiny|57/100
|-damage|p2a: Clodsire|51/100|[from] Stealth Rock
|move|p1a: Barraskewda|Flip Turn|p2a: Clodsire
|-heal|p2a: Clodsire|76/100|[from] ability: Water Absorb|[of] p1a: Barraskewda
|
|-heal|p2a: Clodsire|100/100|[from] move: Wish|[wisher] Alomomola
|upkeep
|turn|85
|
|t:|1760388448
|move|p1a: Barraskewda|Flip Turn|p2a: Clodsire
|-immune|p2a: Clodsire|[from] ability: Water Absorb
|move|p2a: Clodsire|Earthquake|p1a: Barraskewda
|-damage|p1a: Barraskewda|45/100
|
|upkeep
|turn|86
|
|t:|1760388450
|move|p1a: Barraskewda|Flip Turn|p2a: Clodsire
|-immune|p2a: Clodsire|[from] ability: Water Absorb
|move|p2a: Clodsire|Earthquake|p1a: Barraskewda
|-damage|p1a: Barraskewda|0 fnt
|faint|p1a: Barraskewda
|
|upkeep
|
|t:|1760388452
|switch|p1a: Iron Treads|Iron Treads|69/100
|turn|87
|
|t:|1760388453
|switch|p2a: Alomomola|Alomomola, F, shiny|87/100
|move|p1a: Iron Treads|Earthquake|p2a: Alomomola
|-damage|p2a: Alomomola|67/100
|
|-heal|p1a: Iron Treads|75/100|[from] item: Leftovers
|upkeep
|turn|88
|
|t:|1760388455
|move|p1a: Iron Treads|Earthquake|p2a: Alomomola
|-damage|p2a: Alomomola|45/100
|move|p2a: Alomomola|Wish|p2a: Alomomola
|
|-heal|p1a: Iron Treads|81/100|[from] item: Leftovers
|upkeep
|turn|89
|
|t:|1760388458
|switch|p2a: Gholdengo|Gholdengo, shiny|86/100
|-damage|p2a: Gholdengo|80/100|[from] Stealth Rock
|move|p1a: Iron Treads|Earthquake|p2a: Gholdengo
|-supereffective|p2a: Gholdengo
|-damage|p2a: Gholdengo|24/100
|
|-heal|p2a: Gholdengo|95/100|[from] move: Wish|[wisher] Alomomola
|-heal|p1a: Iron Treads|87/100|[from] item: Leftovers
|upkeep
|turn|90
|
|t:|1760388461
|switch|p2a: Alomomola|Alomomola, F, shiny|78/100
|move|p1a: Iron Treads|Stealth Rock||[still]
|-fail|p1a: Iron Treads
|
|-heal|p1a: Iron Treads|93/100|[from] item: Leftovers
|upkeep
|turn|91
|
|t:|1760388464
|move|p1a: Iron Treads|Stealth Rock||[still]
|-fail|p1a: Iron Treads
|move|p2a: Alomomola|Flip Turn|p1a: Iron Treads
|-supereffective|p1a: Iron Treads
|-damage|p1a: Iron Treads|66/100
|
|t:|1760388471
|switch|p2a: Incineroar|Incineroar, F, shiny|51/100|[from] Flip Turn
|-ability|p2a: Incineroar|Intimidate|boost
|-unboost|p1a: Iron Treads|atk|1
|
|-heal|p1a: Iron Treads|72/100|[from] item: Leftovers
|upkeep
|turn|92
|
|t:|1760388475
|switch|p2a: Alomomola|Alomomola, F, shiny|100/100
|move|p1a: Iron Treads|Rapid Spin|p2a: Alomomola
|-damage|p2a: Alomomola|96/100
|-boost|p1a: Iron Treads|spe|1
|
|-heal|p1a: Iron Treads|78/100|[from] item: Leftovers
|upkeep
|turn|93
|
|t:|1760388479
|move|p1a: Iron Treads|Rapid Spin|p2a: Alomomola
|-damage|p2a: Alomomola|91/100
|-boost|p1a: Iron Treads|spe|1
|move|p2a: Alomomola|Flip Turn|p1a: Iron Treads
|-supereffective|p1a: Iron Treads
|-crit|p1a: Iron Treads
|-damage|p1a: Iron Treads|41/100
|
|t:|1760388480
|switch|p2a: Incineroar|Incineroar, F, shiny|51/100|[from] Flip Turn
|-ability|p2a: Incineroar|Intimidate|boost
|-unboost|p1a: Iron Treads|atk|1
|
|-heal|p1a: Iron Treads|47/100|[from] item: Leftovers
|upkeep
|turn|94
|
|t:|1760388482
|move|p1a: Iron Treads|Rapid Spin|p2a: Incineroar
|-damage|p2a: Incineroar|45/100
|-boost|p1a: Iron Treads|spe|1
|move|p2a: Incineroar|Will-O-Wisp|p1a: Iron Treads
|-status|p1a: Iron Treads|brn
|
|-heal|p1a: Iron Treads|53/100 brn|[from] item: Leftovers
|-damage|p1a: Iron Treads|47/100 brn|[from] brn
|upkeep
|turn|95
|
|t:|1760388484
|switch|p2a: Alomomola|Alomomola, F, shiny|100/100
|move|p1a: Iron Treads|Rapid Spin|p2a: Alomomola
|-damage|p2a: Alomomola|99/100
|-boost|p1a: Iron Treads|spe|1
|
|-heal|p1a: Iron Treads|53/100 brn|[from] item: Leftovers
|-damage|p1a: Iron Treads|47/100 brn|[from] brn
|upkeep
|turn|96
|
|t:|1760388486
|move|p1a: Iron Treads|Rapid Spin|p2a: Alomomola
|-crit|p2a: Alomomola
|-damage|p2a: Alomomola|94/100
|-boost|p1a: Iron Treads|spe|1
|move|p2a: Alomomola|Wish|p2a: Alomomola
|
|-heal|p1a: Iron Treads|53/100 brn|[from] item: Leftovers
|-damage|p1a: Iron Treads|47/100 brn|[from] brn
|upkeep
|turn|97
|
|t:|1760388488
|switch|p2a: Incineroar|Incineroar, F, shiny|45/100
|-ability|p2a: Incineroar|Intimidate|boost
|-unboost|p1a: Iron Treads|atk|1
|move|p1a: Iron Treads|Rapid Spin|p2a: Incineroar
|-damage|p2a: Incineroar|42/100
|-boost|p1a: Iron Treads|spe|1
|
|-heal|p2a: Incineroar|100/100|[from] move: Wish|[wisher] Alomomola
|-heal|p1a: Iron Treads|53/100 brn|[from] item: Leftovers
|-damage|p1a: Iron Treads|47/100 brn|[from] brn
|upkeep
|turn|98
|
|t:|1760388489
|switch|p2a: Alomomola|Alomomola, F, shiny|100/100
|move|p1a: Iron Treads|Rapid Spin|p2a: Alomomola
|-damage|p2a: Alomomola|99/100
|
|-heal|p1a: Iron Treads|53/100 brn|[from] item: Leftovers
|-damage|p1a: Iron Treads|47/100 brn|[from] brn
|upkeep
|turn|99
|
|t:|1760388491
|move|p1a: Iron Treads|Rapid Spin|p2a: Alomomola
|-damage|p2a: Alomomola|98/100
|move|p2a: Alomomola|Flip Turn|p1a: Iron Treads
|-supereffective|p1a: Iron Treads
|-damage|p1a: Iron Treads|22/100 brn
|
|t:|1760388493
|switch|p2a: Incineroar|Incineroar, F, shiny|100/100|[from] Flip Turn
|-ability|p2a: Incineroar|Intimidate|boost
|-unboost|p1a: Iron Treads|atk|1
|
|-heal|p1a: Iron Treads|28/100 brn|[from] item: Leftovers
|-damage|p1a: Iron Treads|22/100 brn|[from] brn
|upkeep
|turn|100
|
|t:|1760388495
|switch|p2a: Alomomola|Alomomola, F, shiny|100/100
|move|p1a: Iron Treads|Rapid Spin|p2a: Alomomola
|-damage|p2a: Alomomola|99/100
|
|-heal|p1a: Iron Treads|28/100 brn|[from] item: Leftovers
|-damage|p1a: Iron Treads|22/100 brn|[from] brn
|upkeep
|turn|101
|
|t:|1760388497
|move|p1a: Iron Treads|Rapid Spin|p2a: Alomomola
|-damage|p2a: Alomomola|98/100
|move|p2a: Alomomola|Flip Turn|p1a: Iron Treads
|-supereffective|p1a: Iron Treads
|-damage|p1a: Iron Treads|0 fnt
|faint|p1a: Iron Treads
|-end|p1a: Iron Treads|Quark Drive|[silent]
|
|t:|1760388500
|switch|p2a: Gholdengo|Gholdengo, shiny|95/100|[from] Flip Turn
|-damage|p2a: Gholdengo|89/100|[from] Stealth Rock
|
|upkeep
|
|t:|1760388503
|switch|p1a: Toxicroak|Toxicroak, F|100/100 par
|turn|102
|
|t:|1760388505
|move|p2a: Gholdengo|Hex|p1a: Toxicroak
|-damage|p1a: Toxicroak|20/100 par
|cant|p1a: Toxicroak|par
|
|upkeep
|turn|103
|
|t:|1760388509
|move|p2a: Gholdengo|Make It Rain|p1a: Toxicroak
|-damage|p1a: Toxicroak|0 fnt
|-unboost|p2a: Gholdengo|spa|1
|faint|p1a: Toxicroak
|
|win|jojosworld
|raw|Common Krookodile's rating: 1475 &rarr; <strong>1456</strong><br />(-19 for losing)
|raw|jojosworld's rating: 1491 &rarr; <strong>1510</strong><br />(+19 for winning)
|l|☆Common Krookodile
|player|p1|
