|j|☆wintermoon0
|j|☆samuel10ramos
|t:|1760459385
|gametype|singles
|player|p1|wintermoon0|170|1383
|player|p2|samuel10ramos|1|1417
|gen|9
|tier|[Gen 9] OU
|rated|
|rule|HP Percentage Mod: HP is shown in percentages
|rule|Endless Battle Clause: Forcing endless battles is banned
|rule|Species Clause: Limit one of each Pokémon
|rule|OHKO Clause: OHKO moves are banned
|rule|Evasion Items Clause: Evasion items are banned
|rule|Evasion Moves Clause: Evasion moves are banned
|rule|Evasion Abilities Clause: Evasion abilities are banned
|rule|Sleep Moves Clause: Sleep-inducing moves are banned
|clearpoke
|poke|p1|Pelipper, M|
|poke|p1|Barraskewda, F|
|poke|p1|Kleavor, F|
|poke|p1|Sandy Shocks|
|poke|p1|Walking Wake|
|poke|p1|Deoxys-Speed|
|poke|p2|Ogerpon-Wellspring, F|
|poke|p2|Kingambit, M|
|poke|p2|Dragonite, F|
|poke|p2|Latias, F|
|poke|p2|Ursaluna, M|
|poke|p2|Cinderace, M|
|teampreview
|inactive|Battle timer is ON: inactive players will automatically lose when time's up. (requested by wintermoon0)
|
|t:|1760459411
|teamsize|p1|6
|teamsize|p2|6
|start
|switch|p1a: Kleavor|Kleavor, F|100/100
|switch|p2a: Kingambit|Kingambit, M|100/100
|turn|1
|
|t:|1760459430
|move|p1a: Kleavor|X-Scissor|p2a: Kingambit
|-damage|p2a: Kingambit|57/100
|move|p2a: Kingambit|Kowtow Cleave|p1a: Kleavor
|-damage|p1a: Kleavor|20/100
|
|upkeep
|turn|2
|
|t:|1760459436
|move|p2a: Kingambit|Sucker Punch|p1a: Kleavor
|-damage|p1a: Kleavor|0 fnt
|faint|p1a: Kleavor
|
|upkeep
|
|t:|1760459441
|switch|p1a: Pelipper|Pelipper, M|100/100
|-weather|RainDance|[from] ability: Drizzle|[of] p1a: Pelipper
|turn|3
|
|t:|1760459451
|move|p1a: Pelipper|Hurricane|p2a: Kingambit
|-resisted|p2a: Kingambit
|-damage|p2a: Kingambit|30/100
|move|p2a: Kingambit|Swords Dance|p2a: Kingambit
|-boost|p2a: Kingambit|atk|2
|
|-weather|RainDance|[upkeep]
|upkeep
|turn|4
|
|t:|1760459458
|move|p2a: Kingambit|Sucker Punch|p1a: Pelipper
|-damage|p1a: Pelipper|0 fnt
|faint|p1a: Pelipper
|
|-weather|RainDance|[upkeep]
|upkeep
|
|t:|1760459467
|switch|p1a: Barraskewda|Barraskewda, F|100/100
|turn|5
|
|t:|1760459470
|move|p1a: Barraskewda|Aqua Jet|p2a: Kingambit
|-damage|p2a: Kingambit|0 fnt
|faint|p2a: Kingambit
|-end|p2a: Kingambit|fallenundefined|[silent]
|
|-weather|RainDance|[upkeep]
|upkeep
|
|t:|1760459482
|switch|p2a: Ogerpon|Ogerpon-Wellspring, F|100/100
|turn|6
|
|t:|1760459492
|switch|p1a: Deoxys|Deoxys-Speed|100/100
|-ability|p1a: Deoxys|Pressure
|move|p2a: Ogerpon|Swords Dance|p2a: Ogerpon
|-boost|p2a: Ogerpon|atk|2
|
|-weather|RainDance|[upkeep]
|upkeep
|turn|7
|
|t:|1760459502
|-terastallize|p2a: Ogerpon|Water
|detailschange|p2a: Ogerpon|Ogerpon-Wellspring-Tera, F, tera:Water
|-ability|p2a: Ogerpon|Embody Aspect (Wellspring)|boost
|-boost|p2a: Ogerpon|spd|1
|move|p1a: Deoxys|Psycho Boost|p2a: Ogerpon
|-damage|p2a: Ogerpon|63/100
|-unboost|p1a: Deoxys|spa|2
|move|p2a: Ogerpon|Trailblaze|p1a: Deoxys
|-damage|p1a: Deoxys|2/100
|-boost|p2a: Ogerpon|spe|1
|
|-weather|RainDance|[upkeep]
|upkeep
|turn|8
|
|t:|1760459515
|move|p1a: Deoxys|Thunderbolt|p2a: Ogerpon
|-supereffective|p2a: Ogerpon
|-damage|p2a: Ogerpon|46/100
|move|p2a: Ogerpon|Trailblaze|p1a: Deoxys
|-damage|p1a: Deoxys|0 fnt
|-boost|p2a: Ogerpon|spe|1
|faint|p1a: Deoxys
|
|-weather|RainDance|[upkeep]
|upkeep
|
|t:|1760459522
|switch|p1a: Barraskewda|Barraskewda, F|100/100
|turn|9
|-message|wintermoon0 forfeited.
|
|win|samuel10ramos
|raw|wintermoon0's rating: 1383 &rarr; <strong>1365</strong><br />(-18 for losing)
|raw|samuel10ramos's rating: 1417 &rarr; <strong>1435</strong><br />(+18 for winning)
|l|☆wintermoon0
|player|p1|
|l|☆samuel10ramos
|player|p2|
