|j|☆mrmostjonk
|j|☆Mtrfenix2999
|t:|1760310677
|gametype|singles
|player|p1|mrmostjonk|ninjaboy|1233
|player|p2|Mtrfenix2999|2|1165
|gen|9
|tier|[Gen 9] OU
|rated|
|rule|HP Percentage Mod: HP is shown in percentages
|rule|Endless Battle Clause: Forcing endless battles is banned
|rule|Species Clause: Limit one of each Pokémon
|rule|OHKO Clause: OHKO moves are banned
|rule|Evasion Items Clause: Evasion items are banned
|rule|Evasion Moves Clause: Evasion moves are banned
|rule|Evasion Abilities Clause: Evasion abilities are banned
|rule|Sleep Moves Clause: Sleep-inducing moves are banned
|clearpoke
|poke|p1|Slowking-Galar, F|
|poke|p1|Hoopa-Unbound|
|poke|p1|Cinderace, F|
|poke|p1|Iron Valiant|
|poke|p1|Ogerpon-Wellspring, F|
|poke|p1|Clefable, F|
|poke|p2|Farigiraf, F|
|poke|p2|Ogerpon-Wellspring, F|
|poke|p2|Jolteon, F|
|poke|p2|Typhlosion, F|
|poke|p2|Great Tusk|
|poke|p2|Skarmory, M|
|teampreview
|inactive|Battle timer is ON: inactive players will automatically lose when time's up. (requested by Mtrfenix2999)
|
|t:|1760310687
|teamsize|p1|6
|teamsize|p2|6
|start
|switch|p1a: Hoopa|Hoopa-Unbound|100/100
|switch|p2a: Jolteon|Jolteon, F|100/100
|turn|1
|
|t:|1760310696
|move|p2a: Jolteon|Volt Switch|p1a: Hoopa
|-damage|p1a: Hoopa|70/100
|
|t:|1760310703
|switch|p2a: Farigiraf|Farigiraf, F|100/100|[from] Volt Switch
|move|p1a: Hoopa|Knock Off|p2a: Farigiraf
|-supereffective|p2a: Farigiraf
|-damage|p2a: Farigiraf|0 fnt
|-enditem|p2a: Farigiraf|Leftovers|[from] move: Knock Off|[of] p1a: Hoopa
|faint|p2a: Farigiraf
|
|upkeep
|
|t:|1760310714
|switch|p2a: Typhlosion|Typhlosion, F|100/100
|turn|2
|
|t:|1760310721
|-terastallize|p2a: Typhlosion|Fire
|move|p2a: Typhlosion|Eruption|p1a: Hoopa
|-damage|p1a: Hoopa|0 fnt
|faint|p1a: Hoopa
|
|upkeep
|
|t:|1760310734
|switch|p1a: Ogerpon|Ogerpon-Wellspring, F|100/100
|turn|3
|
|t:|1760310738
|move|p2a: Typhlosion|Eruption|p1a: Ogerpon
|-damage|p1a: Ogerpon|0 fnt
|faint|p1a: Ogerpon
|
|upkeep
|
|t:|1760310742
|switch|p1a: Cinderace|Cinderace, F|100/100
|turn|4
|
|t:|1760310751
|switch|p2a: Ogerpon|Ogerpon-Wellspring, F|100/100
|move|p1a: Cinderace|Pyro Ball|p2a: Ogerpon
|-damage|p2a: Ogerpon|38/100
|-status|p2a: Ogerpon|brn
|
|-damage|p2a: Ogerpon|32/100 brn|[from] brn
|upkeep
|turn|5
|
|t:|1760310763
|move|p1a: Cinderace|U-turn|p2a: Ogerpon
|-supereffective|p2a: Ogerpon
|-damage|p2a: Ogerpon|0 fnt
|faint|p2a: Ogerpon
|
|t:|1760310770
|switch|p1a: Slowking|Slowking-Galar, F|100/100|[from] U-turn
|
|upkeep
|
|t:|1760310776
|switch|p2a: Jolteon|Jolteon, F|100/100
|turn|6
|
|t:|1760310780
|move|p2a: Jolteon|Shadow Ball|p1a: Slowking
|-supereffective|p1a: Slowking
|-damage|p1a: Slowking|59/100
|move|p1a: Slowking|Future Sight|p2a: Jolteon
|-start|p1a: Slowking|move: Future Sight
|
|upkeep
|turn|7
|
|t:|1760310793
|move|p2a: Jolteon|Thunderbolt|p1a: Slowking
|-damage|p1a: Slowking|25/100
|-prepare|p1a: Slowking|Chilly Reception|[premajor]
|move|p1a: Slowking|Chilly Reception|p1a: Slowking
|-weather|Snowscape
|
|t:|1760310799
|switch|p1a: Cinderace|Cinderace, F|100/100|[from] Chilly Reception
|
|-weather|Snowscape|[upkeep]
|upkeep
|turn|8
|
|t:|1760310808
|move|p1a: Cinderace|Pyro Ball|p2a: Jolteon
|-damage|p2a: Jolteon|6/100
|move|p2a: Jolteon|Volt Switch|p1a: Cinderace
|-crit|p1a: Cinderace
|-damage|p1a: Cinderace|40/100
|
|t:|1760310815
|switch|p2a: Great Tusk|Great Tusk|100/100|[from] Volt Switch
|
|-weather|Snowscape|[upkeep]
|-end|p2a: Great Tusk|move: Future Sight
|-supereffective|p2a: Great Tusk
|-damage|p2a: Great Tusk|0 fnt
|faint|p2a: Great Tusk
|-end|p2a: Great Tusk|Protosynthesis|[silent]
|upkeep
|
|t:|1760310829
|switch|p2a: Typhlosion|Typhlosion, F, tera:Fire|100/100
|turn|9
|
|t:|1760310835
|move|p2a: Typhlosion|Eruption|p1a: Cinderace
|-resisted|p1a: Cinderace
|-damage|p1a: Cinderace|0 fnt
|faint|p1a: Cinderace
|
|-weather|Snowscape|[upkeep]
|upkeep
|inactive|mrmostjonk has 120 seconds left.
|inactive|mrmostjonk has 90 seconds left.
|
|t:|1760310913
|switch|p1a: Iron Valiant|Iron Valiant|100/100
|turn|10
|
|t:|1760310918
|move|p1a: Iron Valiant|Shadow Sneak|p2a: Typhlosion
|-damage|p2a: Typhlosion|73/100
|move|p2a: Typhlosion|Eruption|p1a: Iron Valiant
|-damage|p1a: Iron Valiant|0 fnt
|faint|p1a: Iron Valiant
|-end|p1a: Iron Valiant|Quark Drive|[silent]
|
|-weather|Snowscape|[upkeep]
|upkeep
|
|t:|1760310926
|switch|p1a: Slowking|Slowking-Galar, F|58/100
|turn|11
|inactive|mrmostjonk has 90 seconds left.
|
|t:|1760310934
|-terastallize|p1a: Slowking|Water
|move|p2a: Typhlosion|Eruption|p1a: Slowking
|-resisted|p1a: Slowking
|-damage|p1a: Slowking|30/100
|-prepare|p1a: Slowking|Chilly Reception|[premajor]
|move|p1a: Slowking|Chilly Reception|p1a: Slowking
|inactive|mrmostjonk has 90 seconds left.
|
|t:|1760310941
|switch|p1a: Clefable|Clefable, F|100/100|[from] Chilly Reception
|
|-weather|none
|upkeep
|turn|12
|
|t:|1760310949
|switch|p1a: Slowking|Slowking-Galar, F, tera:Water|63/100
|move|p2a: Typhlosion|Eruption|p1a: Slowking
|-resisted|p1a: Slowking
|-damage|p1a: Slowking|33/100
|
|upkeep
|turn|13
|
|t:|1760310956
|move|p2a: Typhlosion|Eruption|p1a: Slowking
|-resisted|p1a: Slowking
|-damage|p1a: Slowking|6/100
|move|p1a: Slowking|Sludge Wave|p2a: Typhlosion
|-damage|p2a: Typhlosion|23/100
|
|upkeep
|turn|14
|
|t:|1760310964
|switch|p2a: Jolteon|Jolteon, F|6/100
|move|p1a: Slowking|Future Sight|p2a: Jolteon
|-start|p1a: Slowking|move: Future Sight
|
|-heal|p2a: Jolteon|12/100|[from] item: Leftovers
|upkeep
|turn|15
|
|t:|1760310972
|move|p2a: Jolteon|Volt Switch|p1a: Slowking
|-supereffective|p1a: Slowking
|-damage|p1a: Slowking|0 fnt
|faint|p1a: Slowking
|
|t:|1760310979
|switch|p2a: Typhlosion|Typhlosion, F, tera:Fire|23/100|[from] Volt Switch
|
|upkeep
|
|t:|1760310982
|switch|p1a: Clefable|Clefable, F|100/100
|turn|16
|
|t:|1760310988
|move|p2a: Typhlosion|Lava Plume|p1a: Clefable
|-damage|p1a: Clefable|50/100
|-status|p1a: Clefable|brn
|move|p1a: Clefable|Calm Mind|p1a: Clefable
|-boost|p1a: Clefable|spa|1
|-boost|p1a: Clefable|spd|1
|
|-end|p2a: Typhlosion|move: Future Sight
|-damage|p2a: Typhlosion|0 fnt
|faint|p2a: Typhlosion
|-damage|p1a: Clefable|43/100 brn|[from] brn
|upkeep
|
|t:|1760311002
|switch|p2a: Skarmory|Skarmory, M|100/100
|turn|17
|
|t:|1760311009
|move|p1a: Clefable|Moonlight|p1a: Clefable
|-heal|p1a: Clefable|93/100 brn
|move|p2a: Skarmory|Brave Bird|p1a: Clefable
|-damage|p1a: Clefable|51/100 brn
|-damage|p2a: Skarmory|84/100|[from] Recoil
|
|-heal|p2a: Skarmory|90/100|[from] item: Leftovers
|-damage|p1a: Clefable|45/100 brn|[from] brn
|upkeep
|turn|18
|
|t:|1760311020
|move|p1a: Clefable|Moonlight|p1a: Clefable
|-heal|p1a: Clefable|95/100 brn
|move|p2a: Skarmory|Brave Bird|p1a: Clefable
|-damage|p1a: Clefable|51/100 brn
|-damage|p2a: Skarmory|72/100|[from] Recoil
|
|-heal|p2a: Skarmory|78/100|[from] item: Leftovers
|-damage|p1a: Clefable|45/100 brn|[from] brn
|upkeep
|turn|19
|
|t:|1760311031
|move|p1a: Clefable|Moonlight|p1a: Clefable
|-heal|p1a: Clefable|95/100 brn
|move|p2a: Skarmory|Brave Bird|p1a: Clefable
|-damage|p1a: Clefable|53/100 brn
|-damage|p2a: Skarmory|62/100|[from] Recoil
|
|-heal|p2a: Skarmory|67/100|[from] item: Leftovers
|-damage|p1a: Clefable|47/100 brn|[from] brn
|upkeep
|turn|20
|
|t:|1760311043
|move|p1a: Clefable|Calm Mind|p1a: Clefable
|-boost|p1a: Clefable|spa|1
|-boost|p1a: Clefable|spd|1
|move|p2a: Skarmory|Brave Bird|p1a: Clefable
|-damage|p1a: Clefable|0 fnt
|faint|p1a: Clefable
|-damage|p2a: Skarmory|49/100|[from] Recoil
|
|win|Mtrfenix2999
|raw|mrmostjonk's rating: 1233 &rarr; <strong>1203</strong><br />(-30 for losing)
|raw|Mtrfenix2999's rating: 1165 &rarr; <strong>1195</strong><br />(+30 for winning)
|l|☆mrmostjonk
|player|p1|
|l|☆Mtrfenix2999
|player|p2|
|j|☆Mtrfenix2999
|player|p2|Mtrfenix2999|2|
|l|☆Mtrfenix2999
|player|p2|
