|j|☆andre5200
|j|☆bhirdservhas
|t:|1760435447
|gametype|singles
|player|p1|andre5200|bugcatcher-gen4dp|1114
|player|p2|bhirdservhas|hilbert-wonderlauncher|1108
|gen|9
|tier|[Gen 9] OU
|rated|
|rule|HP Percentage Mod: HP is shown in percentages
|rule|Endless Battle Clause: Forcing endless battles is banned
|rule|Species Clause: Limit one of each Pokémon
|rule|OHKO Clause: OHKO moves are banned
|rule|Evasion Items Clause: Evasion items are banned
|rule|Evasion Moves Clause: Evasion moves are banned
|rule|Evasion Abilities Clause: Evasion abilities are banned
|rule|Sleep Moves Clause: Sleep-inducing moves are banned
|clearpoke
|poke|p1|Cinderace, M|
|poke|p1|Zoroark-Hisui, M|
|poke|p1|Ting-Lu|
|poke|p1|Comfey, F|
|poke|p1|Carbink, L1|
|poke|p1|Kingambit, M|
|poke|p2|Kilowattrel, M|
|poke|p2|Clodsire, F|
|poke|p2|Meowscarada, M|
|poke|p2|Ceruledge, F|
|poke|p2|Garganacl, M|
|poke|p2|Gholdengo|
|teampreview
|
|t:|1760435460
|teamsize|p1|6
|teamsize|p2|6
|start
|switch|p1a: Car-Car Binks|Carbink, L1|100/100
|switch|p2a: Clod|Clodsire, F|100/100
|turn|1
|c|☆bhirdservhas|Lvl 1 carbink?
|c|☆andre5200|car car binks
|
|t:|1760435473
|move|p2a: Clod|Toxic Spikes|p1a: Car-Car Binks
|-sidestart|p1: andre5200|move: Toxic Spikes
|move|p1a: Car-Car Binks|Endeavor|p2a: Clod
|-damage|p2a: Clod|3/100
|
|-heal|p2a: Clod|9/100|[from] item: Leftovers
|upkeep
|turn|2
|
|t:|1760435493
|move|p2a: Clod|Toxic Spikes|p1a: Car-Car Binks
|-sidestart|p1: andre5200|move: Toxic Spikes
|move|p1a: Car-Car Binks|Endeavor|p2a: Clod
|-damage|p2a: Clod|3/100
|
|-heal|p2a: Clod|9/100|[from] item: Leftovers
|upkeep
|turn|3
|
|t:|1760435498
|move|p2a: Clod|Recover|p2a: Clod
|-heal|p2a: Clod|59/100
|move|p1a: Car-Car Binks|Endeavor|p2a: Clod
|-damage|p2a: Clod|3/100
|
|-heal|p2a: Clod|9/100|[from] item: Leftovers
|upkeep
|turn|4
|
|t:|1760435503
|switch|p1a: Cinderace|Cinderace, M|100/100
|move|p2a: Clod|Toxic|p1a: Cinderace
|-status|p1a: Cinderace|tox
|
|-heal|p2a: Clod|16/100|[from] item: Leftovers
|-damage|p1a: Cinderace|95/100 tox|[from] psn
|upkeep
|turn|5
|
|t:|1760435509
|move|p1a: Cinderace|Court Change|p1a: Cinderace
|-start|p1a: Cinderace|typechange|Normal|[from] ability: Libero
|-swapsideconditions
|-activate|p1a: Cinderace|move: Court Change
|move|p2a: Clod|Recover|p2a: Clod
|-heal|p2a: Clod|66/100
|
|-heal|p2a: Clod|72/100|[from] item: Leftovers
|-damage|p1a: Cinderace|83/100 tox|[from] psn
|upkeep
|turn|6
|
|t:|1760435523
|switch|p1a: Car-Car Binks|Carbink|100/100
|switch|p2a: Me|Gholdengo|100/100
|
|upkeep
|turn|7
|
|t:|1760435529
|switch|p2a: Clod|Clodsire, F|72/100
|-sideend|p2: bhirdservhas|move: Toxic Spikes|[of] p2a: Clod
|move|p1a: Car-Car Binks|Shadow Ball|p2a: Clod
|-damage|p2a: Clod|25/100
|
|-heal|p2a: Clod|32/100|[from] item: Leftovers
|upkeep
|turn|8
|
|t:|1760435535
|move|p1a: Car-Car Binks|Shadow Ball|p2a: Clod
|-damage|p2a: Clod|0 fnt
|faint|p2a: Clod
|
|upkeep
|
|t:|1760435542
|switch|p2a: Anime knight|Ceruledge, F|100/100
|turn|9
|
|t:|1760435547
|move|p1a: Car-Car Binks|Shadow Ball|p2a: Anime knight
|-supereffective|p2a: Anime knight
|-damage|p2a: Anime knight|0 fnt
|faint|p2a: Anime knight
|
|upkeep
|c|☆andre5200|evil car car
|c|☆andre5200|gotta go
|c|☆andre5200|bye brother
|l|☆andre5200
|player|p1|
|c|☆bhirdservhas|Bro i didnt eve notice the moves and lvl difference
|
|t:|1760435599
|switch|p2a: Me|Gholdengo|100/100
|turn|10
|inactive|Battle timer is ON: inactive players will automatically lose when time's up. (requested by bhirdservhas)
|inactive|andre5200 has 30 seconds to reconnect!
|inactive|andre5200 has 20 seconds to reconnect!
|inactive|andre5200 has 15 seconds to reconnect!
|inactive|andre5200 has 10 seconds to reconnect!
|inactive|andre5200 has 5 seconds to reconnect!
|-message|andre5200 lost due to inactivity.
|
|win|bhirdservhas
|raw|andre5200's rating: 1114 &rarr; <strong>1089</strong><br />(-25 for losing)
|raw|bhirdservhas's rating: 1108 &rarr; <strong>1133</strong><br />(+25 for winning)
|l|☆bhirdservhas
|player|p2|
