|j|☆yijing
|j|☆faldraco
|t:|1760438786
|gametype|singles
|player|p1|yijing|unknown|1082
|player|p2|faldraco|169|1089
|gen|9
|tier|[Gen 9] OU
|rated|
|rule|HP Percentage Mod: HP is shown in percentages
|rule|Endless Battle Clause: Forcing endless battles is banned
|rule|Species Clause: Limit one of each Pokémon
|rule|OHKO Clause: OHKO moves are banned
|rule|Evasion Items Clause: Evasion items are banned
|rule|Evasion Moves Clause: Evasion moves are banned
|rule|Evasion Abilities Clause: Evasion abilities are banned
|rule|Sleep Moves Clause: Sleep-inducing moves are banned
|clearpoke
|poke|p1|Rampardos, F|
|poke|p1|Rabsca, M|
|poke|p1|Spiritomb, F|
|poke|p1|Swanna, F|
|poke|p1|Arbok, M|
|poke|p1|Dragalge, F|
|poke|p2|Garganacl, F|
|poke|p2|Pecharunt|
|poke|p2|Toxapex, F|
|poke|p2|Glimmora, F|
|poke|p2|Alomomola, F|
|poke|p2|Zamazenta-*|
|teampreview
|inactive|Battle timer is ON: inactive players will automatically lose when time's up. (requested by yijing)
|inactive|faldraco has 120 seconds left.
|
|t:|1760438820
|teamsize|p1|6
|teamsize|p2|6
|start
|switch|p1a: Arbok|Arbok, M|100/100
|switch|p2a: Garganacl|Garganacl, F|100/100
|-ability|p1a: Arbok|Intimidate|boost
|-unboost|p2a: Garganacl|atk|1
|turn|1
|
|t:|1760438831
|move|p1a: Arbok|Switcheroo|p2a: Garganacl
|-activate|p1a: Arbok|move: Trick|[of] p2a: Garganacl
|-item|p2a: Garganacl|Choice Scarf|[from] move: Switcheroo
|-item|p1a: Arbok|Leftovers|[from] move: Switcheroo
|move|p2a: Garganacl|Salt Cure|p1a: Arbok
|-damage|p1a: Arbok|83/100
|-start|p1a: Arbok|Salt Cure
|
|-heal|p1a: Arbok|89/100|[from] item: Leftovers
|-damage|p1a: Arbok|77/100|[from] Salt Cure
|upkeep
|turn|2
|
|t:|1760438845
|switch|p2a: Glimmora|Glimmora, F|100/100
|move|p1a: Arbok|Earthquake|p2a: Glimmora
|-supereffective|p2a: Glimmora
|-enditem|p2a: Glimmora|Focus Sash
|-damage|p2a: Glimmora|1/100
|-activate|p2a: Glimmora|ability: Toxic Debris
|-sidestart|p1: yijing|move: Toxic Spikes
|
|-heal|p1a: Arbok|83/100|[from] item: Leftovers
|-damage|p1a: Arbok|71/100|[from] Salt Cure
|upkeep
|turn|3
|
|t:|1760438862
|move|p2a: Glimmora|Stealth Rock|p1a: Arbok
|-sidestart|p1: yijing|move: Stealth Rock
|move|p1a: Arbok|Earthquake|p2a: Glimmora
|-supereffective|p2a: Glimmora
|-damage|p2a: Glimmora|0 fnt
|-activate|p2a: Glimmora|ability: Toxic Debris
|-sidestart|p1: yijing|move: Toxic Spikes
|faint|p2a: Glimmora
|
|-heal|p1a: Arbok|77/100|[from] item: Leftovers
|-damage|p1a: Arbok|65/100|[from] Salt Cure
|upkeep
|
|t:|1760438880
|switch|p2a: Toxapex|Toxapex, F|100/100
|turn|4
|
|t:|1760438886
|move|p1a: Arbok|Glare|p2a: Toxapex
|-status|p2a: Toxapex|par
|cant|p2a: Toxapex|par
|
|-heal|p1a: Arbok|71/100|[from] item: Leftovers
|-damage|p1a: Arbok|59/100|[from] Salt Cure
|upkeep
|turn|5
|
|t:|1760438910
|switch|p1a: Swanna|Swanna, F|100/100
|switch|p2a: Zamazenta|Zamazenta|100/100
|-ability|p2a: Zamazenta|Dauntless Shield|boost
|-boost|p2a: Zamazenta|def|1
|
|upkeep
|turn|6
|
|t:|1760438923
|move|p2a: Zamazenta|Substitute|p2a: Zamazenta
|-start|p2a: Zamazenta|Substitute
|-damage|p2a: Zamazenta|75/100
|move|p1a: Swanna|Hurricane|p2a: Zamazenta|[miss]
|-miss|p1a: Swanna|p2a: Zamazenta
|
|-heal|p2a: Zamazenta|82/100|[from] item: Leftovers
|upkeep
|turn|7
|
|t:|1760438936
|move|p2a: Zamazenta|Crunch|p1a: Swanna
|-damage|p1a: Swanna|68/100
|move|p1a: Swanna|Defog|p2a: Zamazenta
|-sideend|p1: yijing|Toxic Spikes|[from] move: Defog|[of] p1a: Swanna
|-sideend|p1: yijing|Stealth Rock|[from] move: Defog|[of] p1a: Swanna
|
|-heal|p2a: Zamazenta|88/100|[from] item: Leftovers
|upkeep
|turn|8
|
|t:|1760438950
|move|p2a: Zamazenta|Crunch|p1a: Swanna
|-damage|p1a: Swanna|37/100
|move|p1a: Swanna|Flip Turn|p2a: Zamazenta
|-activate|p2a: Zamazenta|move: Substitute|[damage]
|
|t:|1760438959
|switch|p1a: Spiritomb|Spiritomb, F|100/100|[from] Flip Turn
|
|-heal|p2a: Zamazenta|94/100|[from] item: Leftovers
|upkeep
|turn|9
|
|t:|1760438969
|move|p2a: Zamazenta|Crunch|p1a: Spiritomb
|-damage|p1a: Spiritomb|76/100
|move|p1a: Spiritomb|Toxic|p2a: Zamazenta
|-status|p2a: Zamazenta|tox
|
|-heal|p2a: Zamazenta|99/100 tox|[from] item: Leftovers
|-damage|p2a: Zamazenta|94/100 tox|[from] psn
|upkeep
|turn|10
|inactive|faldraco has 120 seconds left.
|
|t:|1760438991
|move|p2a: Zamazenta|Body Press|p1a: Spiritomb
|-immune|p1a: Spiritomb
|move|p1a: Spiritomb|Night Shade|p2a: Zamazenta
|-damage|p2a: Zamazenta|68/100 tox
|
|-heal|p2a: Zamazenta|74/100 tox|[from] item: Leftovers
|-damage|p2a: Zamazenta|62/100 tox|[from] psn
|upkeep
|turn|11
|inactive|faldraco has 120 seconds left.
|inactive|faldraco has 90 seconds left.
|inactive|faldraco has 60 seconds left.
|inactive|faldraco has 30 seconds left.
|inactive|faldraco has 20 seconds left.
|inactive|faldraco has 15 seconds left.
|inactive|faldraco has 10 seconds left.
|inactive|faldraco has 5 seconds left.
|-message|faldraco lost due to inactivity.
|
|win|yijing
|raw|yijing's rating: 1082 &rarr; <strong>1110</strong><br />(+28 for winning)
|raw|faldraco's rating: 1089 &rarr; <strong>1065</strong><br />(-24 for losing)
|l|☆faldraco
|player|p2|
