|j|☆dia90
|j|☆Cte plays
|t:|1760318459
|gametype|singles
|player|p1|dia90|101|1644
|player|p2|Cte plays|brendan|1686
|gen|9
|tier|[Gen 9] OU
|rated|
|rule|HP Percentage Mod: HP is shown in percentages
|rule|Endless Battle Clause: Forcing endless battles is banned
|rule|Species Clause: Limit one of each Pokémon
|rule|OHKO Clause: OHKO moves are banned
|rule|Evasion Items Clause: Evasion items are banned
|rule|Evasion Moves Clause: Evasion moves are banned
|rule|Evasion Abilities Clause: Evasion abilities are banned
|rule|Sleep Moves Clause: Sleep-inducing moves are banned
|clearpoke
|poke|p1|Ursaluna, F|
|poke|p1|Raging Bolt|
|poke|p1|Cinderace, M|
|poke|p1|Pecharunt|
|poke|p1|Ogerpon, F|
|poke|p1|Scizor, F|
|poke|p2|Dragapult, M|
|poke|p2|Samurott-Hisui, M|
|poke|p2|Zapdos|
|poke|p2|Iron Treads|
|poke|p2|Primarina, F|
|poke|p2|Sandy Shocks|
|teampreview
|inactive|Battle timer is ON: inactive players will automatically lose when time's up. (requested by Cte plays)
|
|t:|1760318467
|teamsize|p1|6
|teamsize|p2|6
|start
|switch|p1a: Ogerpon|Ogerpon, F|100/100
|switch|p2a: Dragapult|Dragapult, M|100/100
|turn|1
|
|t:|1760318472
|switch|p2a: Zapdos|Zapdos, shiny|100/100
|-terastallize|p1a: Ogerpon|Grass
|detailschange|p1a: Ogerpon|Ogerpon-Teal-Tera, F, tera:Grass
|-ability|p1a: Ogerpon|Embody Aspect (Teal)|boost
|-boost|p1a: Ogerpon|spe|1
|move|p1a: Ogerpon|Knock Off|p2a: Zapdos
|-crit|p2a: Zapdos
|-damage|p2a: Zapdos|29/100
|-status|p1a: Ogerpon|par|[from] ability: Static|[of] p2a: Zapdos
|-enditem|p2a: Zapdos|Heavy-Duty Boots|[from] move: Knock Off|[of] p1a: Ogerpon
|
|upkeep
|turn|2
|
|t:|1760318487
|switch|p1a: Ursaluna|Ursaluna, F|100/100
|move|p2a: Zapdos|Roost|p2a: Zapdos
|-heal|p2a: Zapdos|79/100
|-singleturn|p2a: Zapdos|move: Roost
|
|upkeep
|turn|3
|
|t:|1760318514
|switch|p2a: Samurott|Samurott-Hisui, M|100/100
|move|p1a: Ursaluna|Double-Edge|p2a: Samurott
|-damage|p2a: Samurott|0 fnt
|faint|p2a: Samurott
|-damage|p1a: Ursaluna|78/100|[from] Recoil
|
|upkeep
|
|t:|1760318521
|switch|p2a: Dragapult|Dragapult, M|100/100
|turn|4
|
|t:|1760318533
|switch|p1a: Scizor|Scizor, F|100/100
|move|p2a: Dragapult|Dragon Darts|p1a: Scizor
|-resisted|p1a: Scizor
|-damage|p1a: Scizor|83/100
|-anim|p2a: Dragapult|Dragon Darts|p1a: Scizor
|-resisted|p1a: Scizor
|-damage|p1a: Scizor|65/100
|
|upkeep
|turn|5
|
|t:|1760318543
|switch|p2a: Zapdos|Zapdos, shiny|79/100
|move|p1a: Scizor|U-turn|p2a: Zapdos
|-resisted|p2a: Zapdos
|-damage|p2a: Zapdos|55/100
|
|t:|1760318552
|switch|p1a: Raging Bolt|Raging Bolt|100/100|[from] U-turn
|
|upkeep
|turn|6
|
|t:|1760318558
|switch|p2a: Iron Treads|Iron Treads, shiny|100/100
|move|p1a: Raging Bolt|Draco Meteor|p2a: Iron Treads
|-resisted|p2a: Iron Treads
|-damage|p2a: Iron Treads|59/100
|-unboost|p1a: Raging Bolt|spa|2
|
|upkeep
|turn|7
|
|t:|1760318569
|-end|p1a: Raging Bolt|Protosynthesis|[silent]
|switch|p1a: Ursaluna|Ursaluna, F|78/100
|move|p2a: Iron Treads|Ice Spinner|p1a: Ursaluna
|-supereffective|p1a: Ursaluna
|-damage|p1a: Ursaluna|42/100
|
|upkeep
|turn|8
|
|t:|1760318582
|-end|p2a: Iron Treads|Quark Drive|[silent]
|switch|p2a: Zapdos|Zapdos, shiny|55/100
|move|p1a: Ursaluna|Double-Edge|p2a: Zapdos
|-damage|p2a: Zapdos|0 fnt
|faint|p2a: Zapdos
|-damage|p1a: Ursaluna|29/100|[from] Recoil
|
|upkeep
|
|t:|1760318594
|switch|p2a: Iron Treads|Iron Treads, shiny|59/100
|turn|9
|
|t:|1760318597
|move|p2a: Iron Treads|Ice Spinner|p1a: Ursaluna
|-supereffective|p1a: Ursaluna
|-damage|p1a: Ursaluna|0 fnt
|faint|p1a: Ursaluna
|
|upkeep
|
|t:|1760318602
|switch|p1a: Ogerpon|Ogerpon-Teal-Tera, F, tera:Grass|100/100 par
|-ability|p1a: Ogerpon|Embody Aspect (Teal)|boost
|-boost|p1a: Ogerpon|spe|1
|turn|10
|
|t:|1760318617
|-terastallize|p2a: Iron Treads|Grass
|move|p2a: Iron Treads|Ice Spinner|p1a: Ogerpon
|-supereffective|p1a: Ogerpon
|-damage|p1a: Ogerpon|37/100 par
|cant|p1a: Ogerpon|par
|
|upkeep
|turn|11
|
|t:|1760318626
|switch|p1a: Pecharunt|Pecharunt|100/100
|move|p2a: Iron Treads|Ice Spinner|p1a: Pecharunt
|-damage|p1a: Pecharunt|88/100
|
|-heal|p1a: Pecharunt|94/100|[from] item: Leftovers
|upkeep
|turn|12
|
|t:|1760318642
|-end|p2a: Iron Treads|Quark Drive|[silent]
|switch|p2a: Sandy Shocks|Sandy Shocks|100/100
|-enditem|p2a: Sandy Shocks|Booster Energy
|-activate|p2a: Sandy Shocks|ability: Protosynthesis|[fromitem]
|-start|p2a: Sandy Shocks|protosynthesisspe
|move|p1a: Pecharunt|Malignant Chain|p2a: Sandy Shocks
|-resisted|p2a: Sandy Shocks
|-damage|p2a: Sandy Shocks|81/100
|
|-heal|p1a: Pecharunt|100/100|[from] item: Leftovers
|upkeep
|turn|13
|
|t:|1760318658
|switch|p1a: Ogerpon|Ogerpon-Teal-Tera, F, tera:Grass|37/100 par
|-ability|p1a: Ogerpon|Embody Aspect (Teal)|boost
|-boost|p1a: Ogerpon|spe|1
|move|p2a: Sandy Shocks|Earth Power|p1a: Ogerpon
|-resisted|p1a: Ogerpon
|-damage|p1a: Ogerpon|11/100 par
|
|upkeep
|turn|14
|
|t:|1760318666
|move|p2a: Sandy Shocks|Earth Power|p1a: Ogerpon
|-resisted|p1a: Ogerpon
|-damage|p1a: Ogerpon|0 fnt
|faint|p1a: Ogerpon
|detailschange|p1: Ogerpon|Ogerpon, F|[silent]
|
|upkeep
|
|t:|1760318672
|switch|p1a: Raging Bolt|Raging Bolt|100/100
|turn|15
|
|t:|1760318676
|move|p2a: Sandy Shocks|Earth Power|p1a: Raging Bolt
|-supereffective|p1a: Raging Bolt
|-damage|p1a: Raging Bolt|32/100
|move|p1a: Raging Bolt|Draco Meteor|p2a: Sandy Shocks
|-damage|p2a: Sandy Shocks|0 fnt
|-unboost|p1a: Raging Bolt|spa|2
|faint|p2a: Sandy Shocks
|-end|p2a: Sandy Shocks|Protosynthesis|[silent]
|
|upkeep
|
|t:|1760318693
|switch|p2a: Primarina|Primarina, F|100/100
|turn|16
|
|t:|1760318698
|-end|p1a: Raging Bolt|Protosynthesis|[silent]
|switch|p1a: Pecharunt|Pecharunt|100/100
|move|p2a: Primarina|Psychic Noise|p1a: Pecharunt
|-damage|p1a: Pecharunt|62/100
|-start|p1a: Pecharunt|move: Heal Block
|
|upkeep
|turn|17
|
|t:|1760318709
|move|p1a: Pecharunt|Malignant Chain|p2a: Primarina
|-supereffective|p2a: Primarina
|-damage|p2a: Primarina|66/100
|move|p2a: Primarina|Psychic Noise|p1a: Pecharunt
|-damage|p1a: Pecharunt|23/100
|
|-end|p1a: Pecharunt|move: Heal Block
|upkeep
|turn|18
|
|t:|1760318722
|move|p1a: Pecharunt|Recover|p1a: Pecharunt
|-heal|p1a: Pecharunt|73/100
|move|p2a: Primarina|Psychic Noise|p1a: Pecharunt
|-damage|p1a: Pecharunt|37/100
|-start|p1a: Pecharunt|move: Heal Block
|
|upkeep
|turn|19
|
|t:|1760318730
|move|p1a: Pecharunt|Malignant Chain|p2a: Primarina
|-supereffective|p2a: Primarina
|-damage|p2a: Primarina|30/100
|move|p2a: Primarina|Psychic Noise|p1a: Pecharunt
|-damage|p1a: Pecharunt|0 fnt
|faint|p1a: Pecharunt
|
|upkeep
|
|t:|1760318743
|switch|p1a: Raging Bolt|Raging Bolt|32/100
|turn|20
|
|t:|1760318749
|move|p2a: Primarina|Moonblast|p1a: Raging Bolt
|-supereffective|p1a: Raging Bolt
|-damage|p1a: Raging Bolt|0 fnt
|faint|p1a: Raging Bolt
|-end|p1a: Raging Bolt|Protosynthesis|[silent]
|
|upkeep
|
|t:|1760318755
|switch|p1a: Scizor|Scizor, F|65/100
|turn|21
|
|t:|1760318763
|move|p1a: Scizor|Bullet Punch|p2a: Primarina
|-damage|p2a: Primarina|0 fnt
|faint|p2a: Primarina
|
|upkeep
|
|t:|1760318772
|switch|p2a: Dragapult|Dragapult, M|100/100
|turn|22
|
|t:|1760318776
|move|p1a: Scizor|Bullet Punch|p2a: Dragapult
|-damage|p2a: Dragapult|47/100
|move|p2a: Dragapult|Phantom Force||[still]
|-prepare|p2a: Dragapult|Phantom Force
|
|upkeep
|turn|23
|
|t:|1760318781
|move|p1a: Scizor|Bullet Punch|p2a: Dragapult|[miss]
|-miss|p1a: Scizor|p2a: Dragapult
|move|p2a: Dragapult|Phantom Force|p1a: Scizor|[from] lockedmove
|-damage|p1a: Scizor|0 fnt
|faint|p1a: Scizor
|
|upkeep
|
|t:|1760318787
|switch|p1a: Cinderace|Cinderace, M|100/100
|turn|24
|
|t:|1760318796
|switch|p2a: Iron Treads|Iron Treads, shiny, tera:Grass|59/100
|move|p1a: Cinderace|Pyro Ball|p2a: Iron Treads
|-supereffective|p2a: Iron Treads
|-damage|p2a: Iron Treads|0 fnt
|faint|p2a: Iron Treads
|-end|p2a: Iron Treads|Quark Drive|[silent]
|
|upkeep
|
|t:|1760318803
|switch|p2a: Dragapult|Dragapult, M|47/100
|turn|25
|
|t:|1760318807
|move|p2a: Dragapult|Dragon Darts|p1a: Cinderace
|-damage|p1a: Cinderace|48/100
|-anim|p2a: Dragapult|Dragon Darts|p1a: Cinderace
|-damage|p1a: Cinderace|0 fnt
|faint|p1a: Cinderace
|
|win|Cte plays
|raw|dia90's rating: 1644 &rarr; <strong>1626</strong><br />(-18 for losing)
|raw|Cte plays's rating: 1686 &rarr; <strong>1704</strong><br />(+18 for winning)
|l|☆dia90
|player|p1|
