|j|☆animeGametestteam
|j|☆StrengthOfHeart
|t:|1760395895
|gametype|singles
|player|p1|animeGametestteam|acetrainer-gen4dp|1326
|player|p2|StrengthOfHeart|byron|1359
|gen|9
|tier|[Gen 9] OU
|rated|
|rule|HP Percentage Mod: HP is shown in percentages
|rule|Endless Battle Clause: Forcing endless battles is banned
|rule|Species Clause: Limit one of each Pokémon
|rule|OHKO Clause: OHKO moves are banned
|rule|Evasion Items Clause: Evasion items are banned
|rule|Evasion Moves Clause: Evasion moves are banned
|rule|Evasion Abilities Clause: Evasion abilities are banned
|rule|Sleep Moves Clause: Sleep-inducing moves are banned
|clearpoke
|poke|p1|Infernape, M|
|poke|p1|Staraptor, M|
|poke|p1|Floatzel, M|
|poke|p1|Garchomp, M|
|poke|p1|Luxray, M|
|poke|p1|Abomasnow, M|
|poke|p2|Dragonite, M|
|poke|p2|Iron Moth|
|poke|p2|Iron Treads|
|poke|p2|Iron Valiant|
|poke|p2|Serperior, M|
|poke|p2|Zoroark-Hisui, F|
|teampreview
|inactive|Battle timer is ON: inactive players will automatically lose when time's up. (requested by StrengthOfHeart)
|
|t:|1760395914
|teamsize|p1|6
|teamsize|p2|6
|start
|switch|p1a: Infernape|Infernape, M|100/100
|switch|p2a: Trunks|Iron Treads|100/100
|turn|1
|
|t:|1760395923
|move|p2a: Trunks|Nasty Plot|p2a: Trunks
|-boost|p2a: Trunks|spa|2
|move|p1a: Infernape|U-turn|p2a: Trunks
|-resisted|p2a: Trunks
|-damage|p2a: Trunks|71/100
|replace|p2a: Blaine|Zoroark-Hisui, F
|-end|p2a: Blaine|Illusion
|-damage|p1a: Infernape|91/100|[from] item: Life Orb
|
|t:|1760395936
|switch|p1a: Floatzel|Floatzel, M|100/100|[from] U-turn
|
|upkeep
|turn|2
|
|t:|1760395946
|move|p1a: Floatzel|Liquidation|p2a: Blaine
|-damage|p2a: Blaine|0 fnt
|faint|p2a: Blaine
|
|upkeep
|
|t:|1760395950
|switch|p2a: Nagini|Serperior, M|100/100
|turn|3
|
|t:|1760395954
|switch|p1a: Abomasnow|Abomasnow, M|100/100
|-weather|Snowscape|[from] ability: Snow Warning|[of] p1a: Abomasnow
|move|p2a: Nagini|Substitute|p2a: Nagini
|-start|p2a: Nagini|Substitute
|-damage|p2a: Nagini|76/100
|
|-weather|Snowscape|[upkeep]
|-heal|p2a: Nagini|82/100|[from] item: Leftovers
|upkeep
|turn|4
|
|t:|1760395965
|move|p2a: Nagini|Glare|p1a: Abomasnow
|-status|p1a: Abomasnow|par
|move|p1a: Abomasnow|Ice Spinner|p2a: Nagini
|-supereffective|p2a: Nagini
|-end|p2a: Nagini|Substitute
|
|-weather|Snowscape|[upkeep]
|-heal|p2a: Nagini|88/100|[from] item: Leftovers
|upkeep
|turn|5
|
|t:|1760395975
|move|p1a: Abomasnow|Ice Shard|p2a: Nagini
|-supereffective|p2a: Nagini
|-damage|p2a: Nagini|46/100
|move|p2a: Nagini|Substitute|p2a: Nagini
|-start|p2a: Nagini|Substitute
|-damage|p2a: Nagini|21/100
|
|-weather|Snowscape|[upkeep]
|-heal|p2a: Nagini|28/100|[from] item: Leftovers
|upkeep
|turn|6
|
|t:|1760395984
|move|p1a: Abomasnow|Ice Shard|p2a: Nagini
|-supereffective|p2a: Nagini
|-end|p2a: Nagini|Substitute
|move|p2a: Nagini|Leaf Storm|p1a: Abomasnow|[miss]
|-miss|p2a: Nagini|p1a: Abomasnow
|
|-weather|Snowscape|[upkeep]
|-heal|p2a: Nagini|34/100|[from] item: Leftovers
|upkeep
|turn|7
|
|t:|1760395994
|switch|p2a: Trunks|Iron Treads|100/100
|-enditem|p2a: Trunks|Booster Energy
|-activate|p2a: Trunks|ability: Quark Drive|[fromitem]
|-start|p2a: Trunks|quarkdrivespe
|cant|p1a: Abomasnow|par
|
|-weather|none
|upkeep
|turn|8
|
|t:|1760396007
|switch|p1a: Infernape|Infernape, M|91/100
|move|p2a: Trunks|Stealth Rock|p1a: Infernape
|-sidestart|p1: animeGametestteam|move: Stealth Rock
|
|upkeep
|turn|9
|
|t:|1760396016
|move|p2a: Trunks|Earth Power|p1a: Infernape
|-supereffective|p1a: Infernape
|-damage|p1a: Infernape|0 fnt
|faint|p1a: Infernape
|
|upkeep
|
|t:|1760396028
|switch|p1a: Garchomp|Garchomp, M|100/100
|-damage|p1a: Garchomp|94/100|[from] Stealth Rock
|turn|10
|
|t:|1760396037
|move|p2a: Trunks|Steel Beam|p1a: Garchomp
|-damage|p1a: Garchomp|39/100
|-damage|p2a: Trunks|50/100|[from] steelbeam
|move|p1a: Garchomp|Earthquake|p2a: Trunks
|-supereffective|p2a: Trunks
|-damage|p2a: Trunks|0 fnt
|faint|p2a: Trunks
|-end|p2a: Trunks|Quark Drive|[silent]
|
|upkeep
|
|t:|1760396056
|switch|p2a: Nagini|Serperior, M|34/100
|turn|11
|
|t:|1760396061
|move|p2a: Nagini|Leaf Storm|p1a: Garchomp
|-damage|p1a: Garchomp|0 fnt
|-boost|p2a: Nagini|spa|2
|faint|p1a: Garchomp
|
|-heal|p2a: Nagini|40/100|[from] item: Leftovers
|upkeep
|
|t:|1760396073
|switch|p1a: Staraptor|Staraptor, M|100/100
|-damage|p1a: Staraptor|76/100|[from] Stealth Rock
|turn|12
|
|t:|1760396081
|move|p1a: Staraptor|Brave Bird|p2a: Nagini
|-supereffective|p2a: Nagini
|-damage|p2a: Nagini|0 fnt
|faint|p2a: Nagini
|-damage|p1a: Staraptor|64/100|[from] Recoil
|
|upkeep
|
|t:|1760396091
|switch|p2a: Puff|Dragonite, M|100/100
|turn|13
|
|t:|1760396095
|move|p1a: Staraptor|Brave Bird|p2a: Puff
|-damage|p2a: Puff|64/100
|-damage|p1a: Staraptor|51/100|[from] Recoil
|move|p2a: Puff|Outrage|p1a: Staraptor
|-damage|p1a: Staraptor|0 fnt
|faint|p1a: Staraptor
|
|upkeep
|
|t:|1760396105
|switch|p1a: Floatzel|Floatzel, M|100/100
|-damage|p1a: Floatzel|88/100|[from] Stealth Rock
|turn|14
|
|t:|1760396110
|move|p1a: Floatzel|Ice Spinner|p2a: Puff
|-supereffective|p2a: Puff
|-damage|p2a: Puff|0 fnt
|faint|p2a: Puff
|
|upkeep
|
|t:|1760396116
|switch|p2a: Forge|Iron Moth|100/100
|-enditem|p2a: Forge|Booster Energy
|-activate|p2a: Forge|ability: Quark Drive|[fromitem]
|-start|p2a: Forge|quarkdrivespe
|turn|15
|
|t:|1760396122
|switch|p1a: Luxray|Luxray, M|100/100
|-damage|p1a: Luxray|88/100|[from] Stealth Rock
|move|p2a: Forge|Substitute|p2a: Forge
|-start|p2a: Forge|Substitute
|-damage|p2a: Forge|76/100
|
|-status|p1a: Luxray|brn|[from] item: Flame Orb
|upkeep
|turn|16
|
|t:|1760396132
|move|p2a: Forge|Fiery Dance|p1a: Luxray
|-damage|p1a: Luxray|35/100 brn
|-boost|p2a: Forge|spa|1
|move|p1a: Luxray|Facade|p2a: Forge
|-end|p2a: Forge|Substitute
|
|-damage|p1a: Luxray|29/100 brn|[from] brn
|upkeep
|turn|17
|
|t:|1760396143
|move|p2a: Forge|Fiery Dance|p1a: Luxray
|-damage|p1a: Luxray|0 fnt
|-boost|p2a: Forge|spa|1
|faint|p1a: Luxray
|
|upkeep
|
|t:|1760396149
|switch|p1a: Floatzel|Floatzel, M|88/100
|-damage|p1a: Floatzel|76/100|[from] Stealth Rock
|turn|18
|
|t:|1760396158
|-terastallize|p2a: Forge|Fairy
|-terastallize|p1a: Floatzel|Water
|move|p1a: Floatzel|Aqua Jet|p2a: Forge
|-damage|p2a: Forge|24/100
|move|p2a: Forge|Dazzling Gleam|p1a: Floatzel
|-damage|p1a: Floatzel|0 fnt
|faint|p1a: Floatzel
|
|upkeep
|-message|animeGametestteam forfeited.
|
|win|StrengthOfHeart
|raw|animeGametestteam's rating: 1326 &rarr; <strong>1308</strong><br />(-18 for losing)
|raw|StrengthOfHeart's rating: 1359 &rarr; <strong>1377</strong><br />(+18 for winning)
|l|☆animeGametestteam
|player|p1|
|l|☆StrengthOfHeart
|player|p2|
