|j|☆SillyScallop
|j|☆Johaness
|t:|1760366179
|gametype|singles
|player|p1|SillyScallop|maid|1396
|player|p2|Johaness|ingo|1376
|gen|9
|tier|[Gen 9] OU
|rated|
|rule|HP Percentage Mod: HP is shown in percentages
|rule|Endless Battle Clause: Forcing endless battles is banned
|rule|Species Clause: Limit one of each Pokémon
|rule|OHKO Clause: OHKO moves are banned
|rule|Evasion Items Clause: Evasion items are banned
|rule|Evasion Moves Clause: Evasion moves are banned
|rule|Evasion Abilities Clause: Evasion abilities are banned
|rule|Sleep Moves Clause: Sleep-inducing moves are banned
|clearpoke
|poke|p1|Primarina, F|
|poke|p1|Corviknight, M|
|poke|p1|Ogerpon, F|
|poke|p1|Ting-Lu|
|poke|p1|Cinderace, F|
|poke|p1|Pecharunt|
|poke|p2|Ninetales, M|
|poke|p2|Walking Wake|
|poke|p2|Great Tusk|
|poke|p2|Hatterene, F|
|poke|p2|Raging Bolt|
|poke|p2|Ceruledge, F|
|teampreview
|inactive|Battle timer is ON: inactive players will automatically lose when time's up. (requested by Johaness)
|inactive|Johaness has 120 seconds left.
|
|t:|1760366210
|teamsize|p1|6
|teamsize|p2|6
|start
|switch|p1a: Cinderace|Cinderace, F|100/100
|switch|p2a: Skinty Fia|Ninetales, M|100/100
|-weather|SunnyDay|[from] ability: Drought|[of] p2a: Skinty Fia
|turn|1
|
|t:|1760366221
|switch|p2a: Starburster|Hatterene, F|100/100
|move|p1a: Cinderace|Gunk Shot|p2a: Starburster
|-start|p1a: Cinderace|typechange|Poison|[from] ability: Libero
|-supereffective|p2a: Starburster
|-crit|p2a: Starburster
|-damage|p2a: Starburster|0 fnt
|faint|p2a: Starburster
|
|-weather|SunnyDay|[upkeep]
|upkeep
|
|t:|1760366232
|switch|p2a: Demon Days|Walking Wake|100/100
|-activate|p2a: Demon Days|ability: Protosynthesis
|-start|p2a: Demon Days|protosynthesisspa
|turn|2
|
|t:|1760366241
|switch|p1a: Primarina|Primarina, F|100/100
|-terastallize|p2a: Demon Days|Water
|move|p2a: Demon Days|Hydro Steam|p1a: Primarina
|-resisted|p1a: Primarina
|-damage|p1a: Primarina|60/100
|
|-weather|SunnyDay|[upkeep]
|upkeep
|turn|3
|inactive|SillyScallop has 120 seconds left.
|inactive|SillyScallop has 90 seconds left.
|
|t:|1760366314
|move|p2a: Demon Days|Hydro Steam|p1a: Primarina
|-resisted|p1a: Primarina
|-damage|p1a: Primarina|19/100
|move|p1a: Primarina|Flip Turn|p2a: Demon Days
|-resisted|p2a: Demon Days
|-damage|p2a: Demon Days|95/100
|
|t:|1760366319
|switch|p1a: Ogerpon|Ogerpon, F|100/100|[from] Flip Turn
|
|-weather|SunnyDay|[upkeep]
|upkeep
|turn|4
|inactive|SillyScallop has 90 seconds left.
|
|t:|1760366339
|move|p1a: Ogerpon|Ivy Cudgel|p2a: Demon Days
|-supereffective|p2a: Demon Days
|-damage|p2a: Demon Days|0 fnt
|faint|p2a: Demon Days
|-end|p2a: Demon Days|Protosynthesis|[silent]
|
|-weather|SunnyDay|[upkeep]
|upkeep
|
|t:|1760366345
|switch|p2a: Skinty Fia|Ninetales, M|100/100
|turn|5
|
|t:|1760366352
|switch|p2a: Last Living Souls|Ceruledge, F|100/100
|move|p1a: Ogerpon|U-turn|p2a: Last Living Souls
|-resisted|p2a: Last Living Souls
|-damage|p2a: Last Living Souls|92/100
|-ability|p2a: Last Living Souls|Weak Armor|boost
|-unboost|p2a: Last Living Souls|def|1
|-boost|p2a: Last Living Souls|spe|2
|
|t:|1760366357
|switch|p1a: Ting-Lu|Ting-Lu|100/100|[from] U-turn
|-ability|p1a: Ting-Lu|Vessel of Ruin
|
|-weather|SunnyDay|[upkeep]
|upkeep
|turn|6
|
|t:|1760366362
|move|p2a: Last Living Souls|Bitter Blade|p1a: Ting-Lu
|-damage|p1a: Ting-Lu|62/100
|-heal|p2a: Last Living Souls|100/100|[from] drain|[of] p1a: Ting-Lu
|move|p1a: Ting-Lu|Earthquake|p2a: Last Living Souls
|-supereffective|p2a: Last Living Souls
|-enditem|p2a: Last Living Souls|Focus Sash
|-damage|p2a: Last Living Souls|1/100
|-ability|p2a: Last Living Souls|Weak Armor|boost
|-unboost|p2a: Last Living Souls|def|1
|-boost|p2a: Last Living Souls|spe|2
|
|-weather|SunnyDay|[upkeep]
|-heal|p1a: Ting-Lu|68/100|[from] item: Leftovers
|upkeep
|turn|7
|
|t:|1760366368
|move|p2a: Last Living Souls|Solar Blade||[still]
|-prepare|p2a: Last Living Souls|Solar Blade
|-anim|p2a: Last Living Souls|Solar Blade|p1a: Ting-Lu
|-supereffective|p1a: Ting-Lu
|-damage|p1a: Ting-Lu|25/100
|move|p1a: Ting-Lu|Earthquake|p2a: Last Living Souls
|-supereffective|p2a: Last Living Souls
|-crit|p2a: Last Living Souls
|-damage|p2a: Last Living Souls|0 fnt
|faint|p2a: Last Living Souls
|
|-weather|SunnyDay|[upkeep]
|-heal|p1a: Ting-Lu|31/100|[from] item: Leftovers
|upkeep
|
|t:|1760366388
|switch|p2a: Skinty Fia|Ninetales, M|100/100
|turn|8
|
|t:|1760366391
|move|p2a: Skinty Fia|Will-O-Wisp|p1a: Ting-Lu
|-status|p1a: Ting-Lu|brn
|move|p1a: Ting-Lu|Rest|p1a: Ting-Lu
|-status|p1a: Ting-Lu|slp|[from] move: Rest
|-heal|p1a: Ting-Lu|100/100 slp|[silent]
|
|-weather|none
|upkeep
|turn|9
|
|t:|1760366397
|move|p2a: Skinty Fia|Encore|p1a: Ting-Lu
|-start|p1a: Ting-Lu|Encore
|cant|p1a: Ting-Lu|slp
|
|upkeep
|turn|10
|
|t:|1760366403
|switch|p2a: Mr. Hood|Great Tusk|100/100
|cant|p1a: Ting-Lu|slp
|
|upkeep
|turn|11
|
|t:|1760366407
|switch|p1a: Primarina|Primarina, F|19/100
|move|p2a: Mr. Hood|Stealth Rock|p1a: Primarina
|-sidestart|p1: SillyScallop|move: Stealth Rock
|
|upkeep
|turn|12
|
|t:|1760366414
|move|p2a: Mr. Hood|Rapid Spin|p1a: Primarina
|-damage|p1a: Primarina|4/100
|-boost|p2a: Mr. Hood|spe|1
|move|p1a: Primarina|Flip Turn|p2a: Mr. Hood
|-supereffective|p2a: Mr. Hood
|-damage|p2a: Mr. Hood|74/100
|-damage|p1a: Primarina|0 fnt|[from] item: Rocky Helmet|[of] p2a: Mr. Hood
|faint|p1a: Primarina
|
|upkeep
|
|t:|1760366419
|switch|p1a: Corviknight|Corviknight, M|100/100
|-damage|p1a: Corviknight|88/100|[from] Stealth Rock
|-ability|p1a: Corviknight|Pressure
|turn|13
|
|t:|1760366427
|-end|p2a: Mr. Hood|Protosynthesis|[silent]
|switch|p2a: Skinty Fia|Ninetales, M|100/100
|-weather|SunnyDay|[from] ability: Drought|[of] p2a: Skinty Fia
|move|p1a: Corviknight|Defog|p2a: Skinty Fia
|-unboost|p2a: Skinty Fia|evasion|1
|-sideend|p1: SillyScallop|Stealth Rock|[from] move: Defog|[of] p1a: Corviknight
|
|-weather|SunnyDay|[upkeep]
|upkeep
|turn|14
|
|t:|1760366435
|switch|p1a: Cinderace|Cinderace, F|100/100
|move|p2a: Skinty Fia|Flamethrower|p1a: Cinderace
|-resisted|p1a: Cinderace
|-damage|p1a: Cinderace|74/100
|
|-weather|SunnyDay|[upkeep]
|upkeep
|turn|15
|
|t:|1760366439
|move|p1a: Cinderace|Pyro Ball|p2a: Skinty Fia
|-resisted|p2a: Skinty Fia
|-damage|p2a: Skinty Fia|20/100
|move|p2a: Skinty Fia|Flamethrower|p1a: Cinderace
|-resisted|p1a: Cinderace
|-damage|p1a: Cinderace|44/100
|
|-weather|SunnyDay|[upkeep]
|upkeep
|turn|16
|
|t:|1760366445
|move|p1a: Cinderace|Pyro Ball|p2a: Skinty Fia
|-resisted|p2a: Skinty Fia
|-damage|p2a: Skinty Fia|0 fnt
|faint|p2a: Skinty Fia
|
|-weather|SunnyDay|[upkeep]
|upkeep
|
|t:|1760366447
|switch|p2a: HAZARD DUTY PAY!|Raging Bolt|100/100
|-activate|p2a: HAZARD DUTY PAY!|ability: Protosynthesis
|-start|p2a: HAZARD DUTY PAY!|protosynthesisspa
|turn|17
|
|t:|1760366451
|switch|p1a: Ting-Lu|Ting-Lu|100/100 slp
|-ability|p1a: Ting-Lu|Vessel of Ruin
|move|p2a: HAZARD DUTY PAY!|Calm Mind|p2a: HAZARD DUTY PAY!
|-boost|p2a: HAZARD DUTY PAY!|spa|1
|-boost|p2a: HAZARD DUTY PAY!|spd|1
|
|-weather|SunnyDay|[upkeep]
|upkeep
|turn|18
|
|t:|1760366454
|move|p2a: HAZARD DUTY PAY!|Dragon Pulse|p1a: Ting-Lu
|-damage|p1a: Ting-Lu|57/100 slp
|-curestatus|p1a: Ting-Lu|slp|[msg]
|move|p1a: Ting-Lu|Earthquake|p2a: HAZARD DUTY PAY!
|-supereffective|p2a: HAZARD DUTY PAY!
|-damage|p2a: HAZARD DUTY PAY!|36/100
|
|-weather|SunnyDay|[upkeep]
|-heal|p2a: HAZARD DUTY PAY!|42/100|[from] item: Leftovers
|-heal|p1a: Ting-Lu|63/100|[from] item: Leftovers
|upkeep
|turn|19
|
|t:|1760366462
|move|p2a: HAZARD DUTY PAY!|Dragon Pulse|p1a: Ting-Lu
|-damage|p1a: Ting-Lu|23/100
|move|p1a: Ting-Lu|Earthquake|p2a: HAZARD DUTY PAY!
|-supereffective|p2a: HAZARD DUTY PAY!
|-damage|p2a: HAZARD DUTY PAY!|0 fnt
|faint|p2a: HAZARD DUTY PAY!
|-end|p2a: HAZARD DUTY PAY!|Protosynthesis|[silent]
|
|-weather|SunnyDay|[upkeep]
|-heal|p1a: Ting-Lu|29/100|[from] item: Leftovers
|upkeep
|
|t:|1760366470
|switch|p2a: Mr. Hood|Great Tusk|74/100
|-activate|p2a: Mr. Hood|ability: Protosynthesis
|-start|p2a: Mr. Hood|protosynthesisspe
|turn|20
|
|t:|1760366473
|switch|p1a: Corviknight|Corviknight, M|88/100
|-ability|p1a: Corviknight|Pressure
|move|p2a: Mr. Hood|Headlong Rush|p1a: Corviknight
|-immune|p1a: Corviknight
|
|-weather|none
|-end|p2a: Mr. Hood|Protosynthesis
|upkeep
|turn|21
|-message|Johaness forfeited.
|
|win|SillyScallop
|raw|SillyScallop's rating: 1396 &rarr; <strong>1415</strong><br />(+19 for winning)
|raw|Johaness's rating: 1376 &rarr; <strong>1357</strong><br />(-19 for losing)
|l|☆Johaness
|player|p2|
