|j|☆Jkonek
|j|☆Tl81
|t:|1760343210
|gametype|singles
|player|p1|Jkonek|bellelba|1217
|player|p2|Tl81|gambler|1232
|gen|9
|tier|[Gen 9] OU
|rated|
|rule|HP Percentage Mod: HP is shown in percentages
|rule|Endless Battle Clause: Forcing endless battles is banned
|rule|Species Clause: Limit one of each Pokémon
|rule|OHKO Clause: OHKO moves are banned
|rule|Evasion Items Clause: Evasion items are banned
|rule|Evasion Moves Clause: Evasion moves are banned
|rule|Evasion Abilities Clause: Evasion abilities are banned
|rule|Sleep Moves Clause: Sleep-inducing moves are banned
|clearpoke
|poke|p1|Staraptor, F|
|poke|p1|Pelipper, M|
|poke|p1|Ogerpon-Wellspring, F|
|poke|p1|Scizor, M|
|poke|p1|Dragapult, F|
|poke|p1|Landorus-Therian, M|
|poke|p2|Scyther, M|
|poke|p2|Great Tusk|
|poke|p2|Slowking-Galar, M|
|poke|p2|Scizor, F|
|poke|p2|Samurott-Hisui, F|
|poke|p2|Hydrapple, F|
|teampreview
|inactive|Battle timer is ON: inactive players will automatically lose when time's up. (requested by Jkonek)
|
|t:|1760343214
|teamsize|p1|6
|teamsize|p2|6
|start
|switch|p1a: Staraptor|Staraptor, F|100/100
|switch|p2a: Samurott|Samurott-Hisui, F|100/100
|turn|1
|
|t:|1760343218
|move|p1a: Staraptor|Final Gambit|p2a: Samurott
|-damage|p2a: Samurott|0 fnt
|faint|p1a: Staraptor
|faint|p2a: Samurott
|
|upkeep
|
|t:|1760343227
|switch|p1a: Pelipper|Pelipper, M|100/100
|switch|p2a: Slowking|Slowking-Galar, M|100/100
|-weather|RainDance|[from] ability: Drizzle|[of] p1a: Pelipper
|turn|2
|
|t:|1760343232
|move|p1a: Pelipper|Knock Off|p2a: Slowking
|-supereffective|p2a: Slowking
|-damage|p2a: Slowking|74/100
|-enditem|p2a: Slowking|Heavy-Duty Boots|[from] move: Knock Off|[of] p1a: Pelipper
|move|p2a: Slowking|Thunder Wave|p1a: Pelipper
|-status|p1a: Pelipper|par
|
|-weather|RainDance|[upkeep]
|upkeep
|turn|3
|
|t:|1760343239
|move|p1a: Pelipper|U-turn|p2a: Slowking
|-damage|p2a: Slowking|64/100
|
|t:|1760343251
|switch|p1a: Ogerpon|Ogerpon-Wellspring, F|100/100|[from] U-turn
|-prepare|p2a: Slowking|Chilly Reception|[premajor]
|move|p2a: Slowking|Chilly Reception|p2a: Slowking
|-weather|Snowscape
|
|t:|1760343270
|switch|p2a: Hydrapple|Hydrapple, F|100/100|[from] Chilly Reception
|
|-weather|Snowscape|[upkeep]
|upkeep
|turn|4
|
|t:|1760343273
|move|p1a: Ogerpon|U-turn|p2a: Hydrapple
|-supereffective|p2a: Hydrapple
|-damage|p2a: Hydrapple|71/100
|
|t:|1760343277
|switch|p1a: Pelipper|Pelipper, M|100/100 par|[from] U-turn
|-weather|RainDance|[from] ability: Drizzle|[of] p1a: Pelipper
|move|p2a: Hydrapple|Fickle Beam|p1a: Pelipper|[anim] Fickle Beam All Out
|-activate|p2a: Hydrapple|move: Fickle Beam
|-damage|p1a: Pelipper|34/100 par
|
|-weather|RainDance|[upkeep]
|upkeep
|turn|5
|
|t:|1760343285
|switch|p1a: Scizor|Scizor, M|100/100
|move|p2a: Hydrapple|Fickle Beam|p1a: Scizor
|-resisted|p1a: Scizor
|-damage|p1a: Scizor|75/100
|
|-weather|RainDance|[upkeep]
|-heal|p1a: Scizor|81/100|[from] item: Leftovers
|upkeep
|turn|6
|
|t:|1760343289
|switch|p2a: Great Tusk|Great Tusk|100/100
|move|p1a: Scizor|U-turn|p2a: Great Tusk
|-resisted|p2a: Great Tusk
|-damage|p2a: Great Tusk|90/100
|-damage|p1a: Scizor|65/100|[from] item: Rocky Helmet|[of] p2a: Great Tusk
|
|t:|1760343295
|switch|p1a: Landorus|Landorus-Therian, M|100/100|[from] U-turn
|-ability|p1a: Landorus|Intimidate|boost
|-unboost|p2a: Great Tusk|atk|1
|
|-weather|RainDance|[upkeep]
|upkeep
|turn|7
|
|t:|1760343315
|move|p1a: Landorus|Psychic|p2a: Great Tusk
|-supereffective|p2a: Great Tusk
|-damage|p2a: Great Tusk|17/100
|move|p2a: Great Tusk|Ice Spinner|p1a: Landorus
|-supereffective|p1a: Landorus
|-damage|p1a: Landorus|30/100
|
|-weather|RainDance|[upkeep]
|upkeep
|turn|8
|
|t:|1760343326
|switch|p1a: Scizor|Scizor, M|65/100
|-end|p2a: Great Tusk|Protosynthesis|[silent]
|switch|p2a: Scizor|Scizor, F|100/100
|
|-weather|RainDance|[upkeep]
|-heal|p1a: Scizor|71/100|[from] item: Leftovers
|upkeep
|turn|9
|
|t:|1760343334
|move|p1a: Scizor|U-turn|p2a: Scizor
|-resisted|p2a: Scizor
|-damage|p2a: Scizor|81/100
|
|t:|1760343353
|switch|p1a: Landorus|Landorus-Therian, M|30/100|[from] U-turn
|-ability|p1a: Landorus|Intimidate|boost
|-unboost|p2a: Scizor|atk|1
|move|p2a: Scizor|Close Combat|p1a: Landorus
|-resisted|p1a: Landorus
|-damage|p1a: Landorus|2/100
|-unboost|p2a: Scizor|def|1
|-unboost|p2a: Scizor|spd|1
|
|-weather|RainDance|[upkeep]
|upkeep
|turn|10
|
|t:|1760343364
|switch|p1a: Ogerpon|Ogerpon-Wellspring, F|100/100
|switch|p2a: Slowking|Slowking-Galar, M|98/100
|
|-weather|RainDance|[upkeep]
|upkeep
|turn|11
|
|t:|1760343372
|switch|p2a: Hydrapple|Hydrapple, F|100/100
|move|p1a: Ogerpon|Swords Dance|p1a: Ogerpon
|-boost|p1a: Ogerpon|atk|2
|
|-weather|none
|upkeep
|turn|12
|
|t:|1760343385
|move|p1a: Ogerpon|U-turn|p2a: Hydrapple
|-supereffective|p2a: Hydrapple
|-damage|p2a: Hydrapple|34/100
|
|t:|1760343389
|switch|p1a: Scizor|Scizor, M|71/100|[from] U-turn
|move|p2a: Hydrapple|Fickle Beam|p1a: Scizor|[anim] Fickle Beam All Out
|-activate|p2a: Hydrapple|move: Fickle Beam
|-resisted|p1a: Scizor
|-damage|p1a: Scizor|25/100
|
|-heal|p1a: Scizor|31/100|[from] item: Leftovers
|upkeep
|turn|13
|
|t:|1760343395
|switch|p2a: Great Tusk|Great Tusk|17/100
|move|p1a: Scizor|U-turn|p2a: Great Tusk
|-resisted|p2a: Great Tusk
|-damage|p2a: Great Tusk|6/100
|-damage|p1a: Scizor|14/100|[from] item: Rocky Helmet|[of] p2a: Great Tusk
|
|t:|1760343420
|switch|p1a: Ogerpon|Ogerpon-Wellspring, F|100/100|[from] U-turn
|
|upkeep
|turn|14
|
|t:|1760343434
|move|p1a: Ogerpon|Ivy Cudgel|p2a: Great Tusk|[anim] Ivy Cudgel Water
|-supereffective|p2a: Great Tusk
|-damage|p2a: Great Tusk|0 fnt
|faint|p2a: Great Tusk
|-end|p2a: Great Tusk|Protosynthesis|[silent]
|
|upkeep
|
|t:|1760343437
|switch|p2a: Scyther|Scyther, M|100/100
|turn|15
|
|t:|1760343453
|-terastallize|p1a: Ogerpon|Water
|detailschange|p1a: Ogerpon|Ogerpon-Wellspring-Tera, F, tera:Water
|-ability|p1a: Ogerpon|Embody Aspect (Wellspring)|boost
|-boost|p1a: Ogerpon|spd|1
|move|p1a: Ogerpon|Swords Dance|p1a: Ogerpon
|-boost|p1a: Ogerpon|atk|2
|move|p2a: Scyther|Trailblaze|p1a: Ogerpon
|-supereffective|p1a: Ogerpon
|-damage|p1a: Ogerpon|39/100
|-boost|p2a: Scyther|spe|1
|
|upkeep
|turn|16
|
|t:|1760343463
|move|p2a: Scyther|Trailblaze|p1a: Ogerpon
|-supereffective|p1a: Ogerpon
|-damage|p1a: Ogerpon|0 fnt
|-boost|p2a: Scyther|spe|1
|faint|p1a: Ogerpon
|detailschange|p1: Ogerpon|Ogerpon-Wellspring, F|[silent]
|
|upkeep
|
|t:|1760343470
|switch|p1a: Dragapult|Dragapult, F|100/100
|turn|17
|
|t:|1760343475
|move|p2a: Scyther|Dual Wingbeat|p1a: Dragapult
|-damage|p1a: Dragapult|56/100
|-damage|p1a: Dragapult|13/100
|-hitcount|p1a: Dragapult|2
|move|p1a: Dragapult|Draco Meteor|p2a: Scyther
|-damage|p2a: Scyther|19/100
|-unboost|p1a: Dragapult|spa|2
|
|upkeep
|turn|18
|
|t:|1760343490
|switch|p1a: Landorus|Landorus-Therian, M|2/100
|-ability|p1a: Landorus|Intimidate|boost
|-unboost|p2a: Scyther|atk|1
|move|p2a: Scyther|Dual Wingbeat|p1a: Landorus
|-damage|p1a: Landorus|0 fnt
|faint|p1a: Landorus
|-hitcount|p1: Landorus|1
|
|upkeep
|
|t:|1760343492
|switch|p1a: Scizor|Scizor, M|14/100
|turn|19
|
|t:|1760343498
|move|p1a: Scizor|Bullet Punch|p2a: Scyther
|-damage|p2a: Scyther|0 fnt
|faint|p2a: Scyther
|
|-heal|p1a: Scizor|20/100|[from] item: Leftovers
|upkeep
|
|t:|1760343501
|switch|p2a: Scizor|Scizor, F|81/100
|turn|20
|
|t:|1760343506
|-terastallize|p2a: Scizor|Steel
|move|p2a: Scizor|Bullet Punch|p1a: Scizor
|-resisted|p1a: Scizor
|-damage|p1a: Scizor|0 fnt
|faint|p1a: Scizor
|
|upkeep
|c|☆Jkonek|gg
|-message|Jkonek forfeited.
|
|win|Tl81
|raw|Jkonek's rating: 1217 &rarr; <strong>1193</strong><br />(-24 for losing)
|raw|Tl81's rating: 1232 &rarr; <strong>1256</strong><br />(+24 for winning)
|l|☆Jkonek
|player|p1|
|l|☆Tl81
|player|p2|
