|j|☆lefamas
|j|☆v1rtuegam1ng
|t:|1760349485
|gametype|singles
|player|p1|lefamas|102|1270
|player|p2|v1rtuegam1ng|1|1245
|gen|9
|tier|[Gen 9] OU
|rated|
|rule|HP Percentage Mod: HP is shown in percentages
|rule|Endless Battle Clause: Forcing endless battles is banned
|rule|Species Clause: Limit one of each Pokémon
|rule|OHKO Clause: OHKO moves are banned
|rule|Evasion Items Clause: Evasion items are banned
|rule|Evasion Moves Clause: Evasion moves are banned
|rule|Evasion Abilities Clause: Evasion abilities are banned
|rule|Sleep Moves Clause: Sleep-inducing moves are banned
|clearpoke
|poke|p1|Glimmora, F|
|poke|p1|Iron Valiant|
|poke|p1|Raging Bolt|
|poke|p1|Ogerpon-Wellspring, F|
|poke|p1|Kingambit, F|
|poke|p1|Ceruledge, F|
|poke|p2|Landorus-Therian, M|
|poke|p2|Salamence, M|
|poke|p2|Arcanine-Hisui, F|
|poke|p2|Krookodile, F|
|poke|p2|Masquerain, M|
|poke|p2|Scrafty, F|
|teampreview
|
|t:|1760349500
|teamsize|p1|6
|teamsize|p2|6
|start
|switch|p1a: Ogerpon|Ogerpon-Wellspring, F|100/100
|switch|p2a: Scrafty|Scrafty, F|100/100
|-ability|p2a: Scrafty|Intimidate|boost
|-unboost|p1a: Ogerpon|atk|1
|turn|1
|
|t:|1760349513
|move|p1a: Ogerpon|Ivy Cudgel|p2a: Scrafty|[anim] Ivy Cudgel Water
|-crit|p2a: Scrafty
|-damage|p2a: Scrafty|0 fnt
|faint|p2a: Scrafty
|
|upkeep
|
|t:|1760349521
|switch|p2a: Masquerain|Masquerain, M|100/100
|-ability|p2a: Masquerain|Intimidate|boost
|-unboost|p1a: Ogerpon|atk|1
|turn|2
|
|t:|1760349541
|switch|p1a: Glimmora|Glimmora, F|100/100
|move|p2a: Masquerain|Quiver Dance|p2a: Masquerain
|-boost|p2a: Masquerain|spa|1
|-boost|p2a: Masquerain|spd|1
|-boost|p2a: Masquerain|spe|1
|
|upkeep
|turn|3
|
|t:|1760349550
|move|p2a: Masquerain|Quiver Dance|p2a: Masquerain
|-boost|p2a: Masquerain|spa|1
|-boost|p2a: Masquerain|spd|1
|-boost|p2a: Masquerain|spe|1
|move|p1a: Glimmora|Stealth Rock|p2a: Masquerain
|-sidestart|p2: v1rtuegam1ng|move: Stealth Rock
|
|upkeep
|turn|4
|
|t:|1760349557
|move|p2a: Masquerain|Surf|p1a: Glimmora
|-supereffective|p1a: Glimmora
|-damage|p1a: Glimmora|0 fnt
|faint|p1a: Glimmora
|
|upkeep
|
|t:|1760349564
|switch|p1a: Ceruledge|Ceruledge, F|100/100
|turn|5
|
|t:|1760349570
|move|p2a: Masquerain|Surf|p1a: Ceruledge
|-supereffective|p1a: Ceruledge
|-enditem|p1a: Ceruledge|Focus Sash
|-damage|p1a: Ceruledge|1/100
|move|p1a: Ceruledge|Bitter Blade|p2a: Masquerain
|-supereffective|p2a: Masquerain
|-enditem|p2a: Masquerain|Focus Sash
|-damage|p2a: Masquerain|1/100
|-heal|p1a: Ceruledge|49/100|[from] drain|[of] p2a: Masquerain
|
|upkeep
|turn|6
|
|t:|1760349579
|move|p1a: Ceruledge|Shadow Sneak|p2a: Masquerain
|-damage|p2a: Masquerain|0 fnt
|faint|p2a: Masquerain
|
|upkeep
|
|t:|1760349586
|switch|p2a: Arcanine|Arcanine-Hisui, F|100/100
|-damage|p2a: Arcanine|76/100|[from] Stealth Rock
|-ability|p2a: Arcanine|Intimidate|boost
|-unboost|p1a: Ceruledge|atk|1
|turn|7
|
|t:|1760349595
|move|p1a: Ceruledge|Shadow Sneak|p2a: Arcanine
|-damage|p2a: Arcanine|59/100
|move|p2a: Arcanine|Stealth Rock|p1a: Ceruledge
|-sidestart|p1: lefamas|move: Stealth Rock
|
|upkeep
|turn|8
|
|t:|1760349604
|move|p1a: Ceruledge|Shadow Sneak|p2a: Arcanine
|-damage|p2a: Arcanine|43/100
|move|p2a: Arcanine|Crunch|p1a: Ceruledge
|-supereffective|p1a: Ceruledge
|-damage|p1a: Ceruledge|0 fnt
|faint|p1a: Ceruledge
|-damage|p2a: Arcanine|33/100|[from] item: Life Orb
|
|upkeep
|
|t:|1760349612
|switch|p1a: Ogerpon|Ogerpon-Wellspring, F|100/100
|-damage|p1a: Ogerpon|88/100|[from] Stealth Rock
|turn|9
|
|t:|1760349620
|move|p1a: Ogerpon|Swords Dance|p1a: Ogerpon
|-boost|p1a: Ogerpon|atk|2
|move|p2a: Arcanine|Flare Blitz|p1a: Ogerpon
|-damage|p1a: Ogerpon|0 fnt
|faint|p1a: Ogerpon
|-damage|p2a: Arcanine|7/100|[from] Recoil
|-damage|p2a: Arcanine|0 fnt|[from] item: Life Orb
|faint|p2a: Arcanine
|
|upkeep
|
|t:|1760349636
|switch|p1a: Raging Bolt|Raging Bolt|100/100
|switch|p2a: Landorus|Landorus-Therian, M|100/100
|-damage|p2a: Landorus|88/100|[from] Stealth Rock
|-ability|p2a: Landorus|Intimidate|boost
|-unboost|p1a: Raging Bolt|atk|1
|-damage|p1a: Raging Bolt|88/100|[from] Stealth Rock
|turn|10
|
|t:|1760349645
|-terastallize|p1a: Raging Bolt|Fairy
|move|p2a: Landorus|Sludge Wave|p1a: Raging Bolt
|-supereffective|p1a: Raging Bolt
|-damage|p1a: Raging Bolt|32/100
|move|p1a: Raging Bolt|Dragon Pulse|p2a: Landorus
|-damage|p2a: Landorus|44/100
|
|-heal|p1a: Raging Bolt|38/100|[from] item: Leftovers
|upkeep
|turn|11
|
|t:|1760349654
|move|p2a: Landorus|Scorching Sands|p1a: Raging Bolt
|-damage|p1a: Raging Bolt|6/100
|move|p1a: Raging Bolt|Dragon Pulse|p2a: Landorus
|-damage|p2a: Landorus|3/100
|
|-heal|p1a: Raging Bolt|13/100|[from] item: Leftovers
|upkeep
|turn|12
|
|t:|1760349661
|move|p2a: Landorus|Sludge Wave|p1a: Raging Bolt
|-supereffective|p1a: Raging Bolt
|-damage|p1a: Raging Bolt|0 fnt
|faint|p1a: Raging Bolt
|-end|p1a: Raging Bolt|Protosynthesis|[silent]
|
|upkeep
|
|t:|1760349664
|switch|p1a: Iron Valiant|Iron Valiant|100/100
|-damage|p1a: Iron Valiant|94/100|[from] Stealth Rock
|-enditem|p1a: Iron Valiant|Booster Energy
|-activate|p1a: Iron Valiant|ability: Quark Drive|[fromitem]
|-start|p1a: Iron Valiant|quarkdrivespe
|turn|13
|
|t:|1760349670
|move|p1a: Iron Valiant|Moonblast|p2a: Landorus
|-damage|p2a: Landorus|0 fnt
|faint|p2a: Landorus
|
|upkeep
|
|t:|1760349679
|switch|p2a: Krookodile|Krookodile, F|100/100
|-damage|p2a: Krookodile|94/100|[from] Stealth Rock
|-ability|p2a: Krookodile|Intimidate|boost
|-unboost|p1a: Iron Valiant|atk|1
|turn|14
|
|t:|1760349702
|-end|p1a: Iron Valiant|Quark Drive|[silent]
|switch|p1a: Kingambit|Kingambit, F|100/100
|-damage|p1a: Kingambit|94/100|[from] Stealth Rock
|-activate|p1a: Kingambit|ability: Supreme Overlord
|-start|p1a: Kingambit|fallen4|[silent]
|move|p2a: Krookodile|Earthquake|p1a: Kingambit
|-supereffective|p1a: Kingambit
|-damage|p1a: Kingambit|0 fnt
|faint|p1a: Kingambit
|-end|p1a: Kingambit|fallen4|[silent]
|
|upkeep
|
|t:|1760349711
|switch|p1a: Iron Valiant|Iron Valiant|94/100
|-damage|p1a: Iron Valiant|88/100|[from] Stealth Rock
|turn|15
|
|t:|1760349715
|move|p2a: Krookodile|Earthquake|p1a: Iron Valiant
|-damage|p1a: Iron Valiant|19/100
|move|p1a: Iron Valiant|Moonblast|p2a: Krookodile
|-supereffective|p2a: Krookodile
|-damage|p2a: Krookodile|0 fnt
|faint|p2a: Krookodile
|
|upkeep
|
|t:|1760349721
|switch|p2a: Salamence|Salamence, M|100/100
|-ability|p2a: Salamence|Intimidate|boost
|-unboost|p1a: Iron Valiant|atk|1
|turn|16
|
|t:|1760349732
|-terastallize|p2a: Salamence|Water
|move|p1a: Iron Valiant|Moonblast|p2a: Salamence
|-damage|p2a: Salamence|45/100
|-unboost|p2a: Salamence|spa|1
|move|p2a: Salamence|Flamethrower|p1a: Iron Valiant
|-damage|p1a: Iron Valiant|0 fnt
|faint|p1a: Iron Valiant
|-end|p1a: Iron Valiant|Quark Drive|[silent]
|
|win|v1rtuegam1ng
|raw|lefamas's rating: 1270 &rarr; <strong>1243</strong><br />(-27 for losing)
|raw|v1rtuegam1ng's rating: 1245 &rarr; <strong>1272</strong><br />(+27 for winning)
|l|☆lefamas
|player|p1|
|c|☆v1rtuegam1ng|gg
|l|☆v1rtuegam1ng
|player|p2|
