|j|☆Mrtable00
|j|☆ChangelingB
|t:|1760343329
|gametype|singles
|player|p1|Mrtable00|169|1096
|player|p2|ChangelingB|psychicf-gen4|1097
|gen|9
|tier|[Gen 9] OU
|rated|
|rule|HP Percentage Mod: HP is shown in percentages
|rule|Endless Battle Clause: Forcing endless battles is banned
|rule|Species Clause: Limit one of each Pokémon
|rule|OHKO Clause: OHKO moves are banned
|rule|Evasion Items Clause: Evasion items are banned
|rule|Evasion Moves Clause: Evasion moves are banned
|rule|Evasion Abilities Clause: Evasion abilities are banned
|rule|Sleep Moves Clause: Sleep-inducing moves are banned
|clearpoke
|poke|p1|Torkoal, M|
|poke|p1|Exeggutor-Alola, F|
|poke|p1|Arcanine-Hisui, M|
|poke|p1|Ludicolo, M|
|poke|p1|Venusaur, F|
|poke|p1|Rabsca, M|
|poke|p2|Raging Bolt|
|poke|p2|Infernape, F|
|poke|p2|Klefki, M|
|poke|p2|Okidogi, M|
|poke|p2|Smeargle, F|
|poke|p2|Gholdengo|
|teampreview
|inactive|Battle timer is ON: inactive players will automatically lose when time's up. (requested by ChangelingB)
|
|t:|1760343344
|teamsize|p1|6
|teamsize|p2|6
|start
|switch|p1a: Torkoal|Torkoal, M|100/100
|switch|p2a: March On!|Gholdengo|100/100
|-weather|SunnyDay|[from] ability: Drought|[of] p1a: Torkoal
|turn|1
|
|t:|1760343355
|switch|p2a: Ape-ril|Infernape, F|100/100
|-item|p2a: Ape-ril|Air Balloon
|move|p1a: Torkoal|Stealth Rock|p2a: Ape-ril
|-sidestart|p2: ChangelingB|move: Stealth Rock
|
|-weather|SunnyDay|[upkeep]
|upkeep
|turn|2
|inactive|Mrtable00 has 120 seconds left.
|
|t:|1760343388
|move|p2a: Ape-ril|Earthquake|p1a: Torkoal
|-supereffective|p1a: Torkoal
|-damage|p1a: Torkoal|69/100
|move|p1a: Torkoal|Lava Plume|p2a: Ape-ril
|-resisted|p2a: Ape-ril
|-damage|p2a: Ape-ril|73/100
|-enditem|p2a: Ape-ril|Air Balloon
|
|-weather|SunnyDay|[upkeep]
|upkeep
|turn|3
|
|t:|1760343397
|switch|p1a: Exeggutor|Exeggutor-Alola, F|100/100
|move|p2a: Ape-ril|Earthquake|p1a: Exeggutor
|-resisted|p1a: Exeggutor
|-damage|p1a: Exeggutor|85/100
|
|-weather|SunnyDay|[upkeep]
|upkeep
|turn|4
|
|t:|1760343404
|move|p2a: Ape-ril|Fire Punch|p1a: Exeggutor
|-damage|p1a: Exeggutor|21/100
|move|p1a: Exeggutor|Growth|p1a: Exeggutor
|-boost|p1a: Exeggutor|atk|2
|-boost|p1a: Exeggutor|spa|2
|
|-weather|SunnyDay|[upkeep]
|upkeep
|turn|5
|-enditem|p1a: Exeggutor|Custap Berry|[eat]
|-activate|p1a: Exeggutor|item: Custap Berry|[consumed]
|
|t:|1760343416
|move|p1a: Exeggutor|Dragon Pulse|p2a: Ape-ril
|-damage|p2a: Ape-ril|0 fnt
|faint|p2a: Ape-ril
|
|-weather|SunnyDay|[upkeep]
|-item|p1a: Exeggutor|Custap Berry|[from] ability: Harvest
|upkeep
|
|t:|1760343422
|switch|p2a: Necktember|Raging Bolt|100/100
|-activate|p2a: Necktember|ability: Protosynthesis
|-start|p2a: Necktember|protosynthesisspa
|turn|6
|-enditem|p1a: Exeggutor|Custap Berry|[eat]
|-activate|p1a: Exeggutor|item: Custap Berry|[consumed]
|
|t:|1760343428
|move|p1a: Exeggutor|Endure|p1a: Exeggutor
|-singleturn|p1a: Exeggutor|move: Endure
|move|p2a: Necktember|Dragon Pulse|p1a: Exeggutor
|-supereffective|p1a: Exeggutor
|-activate|p1a: Exeggutor|move: Endure
|-damage|p1a: Exeggutor|1/100
|
|-weather|SunnyDay|[upkeep]
|-item|p1a: Exeggutor|Custap Berry|[from] ability: Harvest
|upkeep
|turn|7
|-enditem|p1a: Exeggutor|Custap Berry|[eat]
|-activate|p1a: Exeggutor|item: Custap Berry|[consumed]
|
|t:|1760343437
|move|p1a: Exeggutor|Dragon Pulse|p2a: Necktember
|-supereffective|p2a: Necktember
|-damage|p2a: Necktember|0 fnt
|faint|p2a: Necktember
|-end|p2a: Necktember|Protosynthesis|[silent]
|
|-weather|SunnyDay|[upkeep]
|-item|p1a: Exeggutor|Custap Berry|[from] ability: Harvest
|upkeep
|
|t:|1760343446
|switch|p2a: March On!|Gholdengo|100/100
|-damage|p2a: March On!|94/100|[from] Stealth Rock
|turn|8
|
|t:|1760343461
|switch|p1a: Venusaur|Venusaur, F|100/100
|move|p2a: March On!|Shadow Ball|p1a: Venusaur
|-damage|p1a: Venusaur|34/100
|-damage|p2a: March On!|85/100|[from] item: Life Orb
|
|-weather|none
|upkeep
|turn|9
|
|t:|1760343472
|move|p1a: Venusaur|Giga Drain|p2a: March On!
|-resisted|p2a: March On!
|-damage|p2a: March On!|65/100
|-heal|p1a: Venusaur|47/100|[from] drain|[of] p2a: March On!
|-damage|p1a: Venusaur|37/100|[from] item: Life Orb
|move|p2a: March On!|Nasty Plot|p2a: March On!
|-boost|p2a: March On!|spa|2
|
|upkeep
|turn|10
|
|t:|1760343482
|move|p1a: Venusaur|Giga Drain|p2a: March On!
|-resisted|p2a: March On!
|-damage|p2a: March On!|44/100
|-heal|p1a: Venusaur|50/100|[from] drain|[of] p2a: March On!
|-damage|p1a: Venusaur|40/100|[from] item: Life Orb
|move|p2a: March On!|Nasty Plot|p2a: March On!
|-boost|p2a: March On!|spa|2
|
|upkeep
|turn|11
|
|t:|1760343490
|move|p1a: Venusaur|Giga Drain|p2a: March On!
|-resisted|p2a: March On!
|-damage|p2a: March On!|23/100
|-heal|p1a: Venusaur|54/100|[from] drain|[of] p2a: March On!
|-damage|p1a: Venusaur|44/100|[from] item: Life Orb
|move|p2a: March On!|Shadow Ball|p1a: Venusaur
|-damage|p1a: Venusaur|0 fnt
|faint|p1a: Venusaur
|-damage|p2a: March On!|13/100|[from] item: Life Orb
|
|upkeep
|
|t:|1760343500
|switch|p1a: Torkoal|Torkoal, M|69/100
|-weather|SunnyDay|[from] ability: Drought|[of] p1a: Torkoal
|turn|12
|
|t:|1760343507
|move|p2a: March On!|Thunderbolt|p1a: Torkoal
|-damage|p1a: Torkoal|0 fnt
|faint|p1a: Torkoal
|-damage|p2a: March On!|3/100|[from] item: Life Orb
|
|-weather|SunnyDay|[upkeep]
|upkeep
|
|t:|1760343513
|switch|p1a: Arcanine|Arcanine-Hisui, M|100/100
|turn|13
|
|t:|1760343522
|move|p1a: Arcanine|Flare Blitz|p2a: March On!
|-supereffective|p2a: March On!
|-damage|p2a: March On!|0 fnt
|faint|p2a: March On!
|
|-weather|SunnyDay|[upkeep]
|upkeep
|
|t:|1760343526
|switch|p2a: Doguary|Okidogi, M|100/100
|turn|14
|
|t:|1760343530
|move|p1a: Arcanine|Flare Blitz|p2a: Doguary
|-damage|p2a: Doguary|11/100
|move|p2a: Doguary|Knock Off|p1a: Arcanine
|-damage|p1a: Arcanine|59/100
|-enditem|p1a: Arcanine|Choice Scarf|[from] move: Knock Off|[of] p2a: Doguary
|
|-weather|SunnyDay|[upkeep]
|upkeep
|turn|15
|
|t:|1760343537
|move|p1a: Arcanine|Flare Blitz|p2a: Doguary
|-damage|p2a: Doguary|0 fnt
|faint|p2a: Doguary
|
|-weather|SunnyDay|[upkeep]
|upkeep
|-message|ChangelingB forfeited.
|
|win|Mrtable00
|raw|Mrtable00's rating: 1096 &rarr; <strong>1122</strong><br />(+26 for winning)
|raw|ChangelingB's rating: 1097 &rarr; <strong>1072</strong><br />(-25 for losing)
|l|☆ChangelingB
|player|p2|
