|j|☆NecroNyan
|j|☆psychedelic_kit
|t:|1760382917
|gametype|singles
|player|p1|NecroNyan|maid|1156
|player|p2|psychedelic_kit|red|1161
|gen|9
|tier|[Gen 9] OU
|rated|
|rule|HP Percentage Mod: HP is shown in percentages
|rule|Endless Battle Clause: Forcing endless battles is banned
|rule|Species Clause: Limit one of each Pokémon
|rule|OHKO Clause: OHKO moves are banned
|rule|Evasion Items Clause: Evasion items are banned
|rule|Evasion Moves Clause: Evasion moves are banned
|rule|Evasion Abilities Clause: Evasion abilities are banned
|rule|Sleep Moves Clause: Sleep-inducing moves are banned
|clearpoke
|poke|p1|Ogerpon-Wellspring, F|
|poke|p1|Pelipper, F|
|poke|p1|Drednaw, M|
|poke|p1|Dragonite, M|
|poke|p1|Ditto|
|poke|p1|Glimmora, F|
|poke|p2|Glimmora, M|
|poke|p2|Meowscarada, F|
|poke|p2|Walking Wake|
|poke|p2|Volbeat, M|
|poke|p2|Kingambit, F|
|poke|p2|Gliscor, F|
|teampreview
|
|t:|1760382922
|teamsize|p1|6
|teamsize|p2|6
|start
|switch|p1a: FearAndHunger|Glimmora, F, shiny|100/100
|switch|p2a: Gliscor|Gliscor, F|100/100
|turn|1
|
|t:|1760382933
|switch|p1a: Chonky|Pelipper, F|100/100
|-weather|RainDance|[from] ability: Drizzle|[of] p1a: Chonky
|move|p2a: Gliscor|Stealth Rock|p1a: Chonky
|-sidestart|p1: NecroNyan|move: Stealth Rock
|
|-weather|RainDance|[upkeep]
|-status|p2a: Gliscor|tox|[from] item: Toxic Orb
|upkeep
|turn|2
|
|t:|1760382947
|switch|p2a: Volbeat|Volbeat, M|100/100
|move|p1a: Chonky|Ice Beam|p2a: Volbeat
|-damage|p2a: Volbeat|82/100
|
|-weather|RainDance|[upkeep]
|-heal|p2a: Volbeat|88/100|[from] item: Leftovers
|upkeep
|turn|3
|
|t:|1760382965
|move|p2a: Volbeat|Thunder Wave|p1a: Chonky
|-status|p1a: Chonky|par
|move|p1a: Chonky|U-turn|p2a: Volbeat
|-damage|p2a: Volbeat|76/100
|
|t:|1760382973
|switch|p1a: ShippiShippi|Ogerpon-Wellspring, F|100/100|[from] U-turn
|-damage|p1a: ShippiShippi|88/100|[from] Stealth Rock
|
|-weather|RainDance|[upkeep]
|-heal|p2a: Volbeat|82/100|[from] item: Leftovers
|upkeep
|turn|4
|
|t:|1760382982
|-terastallize|p1a: ShippiShippi|Water
|detailschange|p1a: ShippiShippi|Ogerpon-Wellspring-Tera, F, tera:Water
|-ability|p1a: ShippiShippi|Embody Aspect (Wellspring)|boost
|-boost|p1a: ShippiShippi|spd|1
|move|p2a: Volbeat|Thunder Wave|p1a: ShippiShippi
|-status|p1a: ShippiShippi|par
|cant|p1a: ShippiShippi|par
|
|-weather|RainDance|[upkeep]
|-heal|p2a: Volbeat|88/100|[from] item: Leftovers
|upkeep
|turn|5
|
|t:|1760382996
|switch|p2a: Kingambit|Kingambit, F|100/100
|move|p1a: ShippiShippi|Ivy Cudgel|p2a: Kingambit|[anim] Ivy Cudgel Water
|-damage|p2a: Kingambit|19/100
|
|-weather|RainDance|[upkeep]
|upkeep
|turn|6
|
|t:|1760383007
|move|p2a: Kingambit|Sucker Punch|p1a: ShippiShippi
|-damage|p1a: ShippiShippi|39/100 par
|cant|p1a: ShippiShippi|par
|
|-weather|RainDance|[upkeep]
|upkeep
|turn|7
|
|t:|1760383014
|move|p2a: Kingambit|Sucker Punch|p1a: ShippiShippi
|-damage|p1a: ShippiShippi|0 fnt
|faint|p1a: ShippiShippi
|detailschange|p1: ShippiShippi|Ogerpon-Wellspring, F|[silent]
|
|-weather|RainDance|[upkeep]
|upkeep
|
|t:|1760383024
|switch|p1a: YourMom|Drednaw, M|100/100
|-damage|p1a: YourMom|88/100|[from] Stealth Rock
|turn|8
|
|t:|1760383034
|-end|p2a: Kingambit|fallenundefined|[silent]
|switch|p2a: Volbeat|Volbeat, M|88/100
|move|p1a: YourMom|Waterfall|p2a: Volbeat
|-damage|p2a: Volbeat|21/100
|
|-weather|none
|-heal|p2a: Volbeat|27/100|[from] item: Leftovers
|upkeep
|turn|9
|
|t:|1760383044
|switch|p1a: Chonky|Pelipper, F|100/100 par
|-damage|p1a: Chonky|76/100 par|[from] Stealth Rock
|-weather|RainDance|[from] ability: Drizzle|[of] p1a: Chonky
|move|p2a: Volbeat|Thunder Wave|p1a: Chonky
|-fail|p1a: Chonky|par
|
|-weather|RainDance|[upkeep]
|-heal|p2a: Volbeat|34/100|[from] item: Leftovers
|upkeep
|turn|10
|
|t:|1760383055
|move|p2a: Volbeat|Moonlight|p2a: Volbeat
|-heal|p2a: Volbeat|59/100
|move|p1a: Chonky|U-turn|p2a: Volbeat
|-damage|p2a: Volbeat|48/100
|
|t:|1760383060
|switch|p1a: Muhahaha|Dragonite, M, shiny|100/100|[from] U-turn
|-damage|p1a: Muhahaha|75/100|[from] Stealth Rock
|
|-weather|RainDance|[upkeep]
|-heal|p2a: Volbeat|54/100|[from] item: Leftovers
|upkeep
|turn|11
|
|t:|1760383068
|move|p1a: Muhahaha|Extreme Speed|p2a: Volbeat
|-damage|p2a: Volbeat|0 fnt
|faint|p2a: Volbeat
|
|-weather|RainDance|[upkeep]
|upkeep
|
|t:|1760383086
|switch|p2a: Meowscarada|Meowscarada, F, shiny|100/100
|turn|12
|
|t:|1760383093
|switch|p1a: FearAndHunger|Glimmora, F, shiny|100/100
|-damage|p1a: FearAndHunger|88/100|[from] Stealth Rock
|move|p2a: Meowscarada|Triple Axel|p1a: FearAndHunger
|-start|p2a: Meowscarada|typechange|Ice|[from] ability: Protean
|-damage|p1a: FearAndHunger|72/100
|-activate|p1a: FearAndHunger|ability: Toxic Debris
|-sidestart|p2: psychedelic_kit|move: Toxic Spikes
|-damage|p1a: FearAndHunger|39/100
|-activate|p1a: FearAndHunger|ability: Toxic Debris
|-sidestart|p2: psychedelic_kit|move: Toxic Spikes
|-damage|p1a: FearAndHunger|0 fnt
|faint|p1a: FearAndHunger
|-hitcount|p1: FearAndHunger|3
|
|-weather|RainDance|[upkeep]
|upkeep
|
|t:|1760383111
|switch|p1a: YourMom|Drednaw, M|88/100
|-damage|p1a: YourMom|76/100|[from] Stealth Rock
|turn|13
|
|t:|1760383124
|switch|p2a: Glimmora|Glimmora, M|100/100
|-sideend|p2: psychedelic_kit|move: Toxic Spikes|[of] p2a: Glimmora
|move|p1a: YourMom|Rock Slide|p2a: Glimmora|[miss]
|-miss|p1a: YourMom|p2a: Glimmora
|
|-weather|RainDance|[upkeep]
|upkeep
|turn|14
|
|t:|1760383139
|switch|p1a: LastSurprise|Ditto, shiny|100/100
|-damage|p1a: LastSurprise|88/100|[from] Stealth Rock
|-transform|p1a: LastSurprise|p2a: Glimmora|[from] ability: Imposter
|move|p2a: Glimmora|Spiky Shield||[still]
|-fail|p2a: Glimmora
|
|-weather|RainDance|[upkeep]
|upkeep
|turn|15
|
|t:|1760383154
|switch|p2a: Gliscor|Gliscor, F|100/100 tox
|move|p1a: LastSurprise|Mortal Spin|p2a: Gliscor
|-resisted|p2a: Gliscor
|-damage|p2a: Gliscor|97/100 tox
|-sideend|p1: NecroNyan|Stealth Rock|[from] move: Mortal Spin|[of] p1a: LastSurprise
|
|-weather|RainDance|[upkeep]
|-heal|p2a: Gliscor|100/100 tox|[from] ability: Poison Heal
|upkeep
|turn|16
|
|t:|1760383168
|switch|p1a: Chonky|Pelipper, F|76/100 par
|move|p2a: Gliscor|Stealth Rock|p1a: Chonky
|-sidestart|p1: NecroNyan|move: Stealth Rock
|
|-weather|none
|upkeep
|turn|17
|
|t:|1760383183
|switch|p2a: Glimmora|Glimmora, M|100/100
|move|p1a: Chonky|Ice Beam|p2a: Glimmora
|-damage|p2a: Glimmora|78/100
|
|-heal|p2a: Glimmora|84/100|[from] item: Leftovers
|upkeep
|turn|18
|
|t:|1760383195
|switch|p1a: LastSurprise|Ditto, shiny|88/100
|-damage|p1a: LastSurprise|76/100|[from] Stealth Rock
|-transform|p1a: LastSurprise|p2a: Glimmora|[from] ability: Imposter
|move|p2a: Glimmora|Power Gem|p1a: LastSurprise
|-damage|p1a: LastSurprise|19/100
|
|-heal|p2a: Glimmora|90/100|[from] item: Leftovers
|upkeep
|turn|19
|
|t:|1760383207
|move|p1a: LastSurprise|Power Gem|p2a: Glimmora
|-damage|p2a: Glimmora|43/100
|move|p2a: Glimmora|Power Gem|p1a: LastSurprise
|-damage|p1a: LastSurprise|0 fnt
|faint|p1a: LastSurprise
|
|-heal|p2a: Glimmora|49/100|[from] item: Leftovers
|upkeep
|
|t:|1760383218
|switch|p1a: Chonky|Pelipper, F|76/100 par
|-damage|p1a: Chonky|51/100 par|[from] Stealth Rock
|-weather|RainDance|[from] ability: Drizzle|[of] p1a: Chonky
|turn|20
|
|t:|1760383225
|move|p2a: Glimmora|Power Gem|p1a: Chonky
|-supereffective|p1a: Chonky
|-damage|p1a: Chonky|0 fnt
|faint|p1a: Chonky
|
|-weather|RainDance|[upkeep]
|-heal|p2a: Glimmora|55/100|[from] item: Leftovers
|upkeep
|
|t:|1760383231
|switch|p1a: YourMom|Drednaw, M|76/100
|-damage|p1a: YourMom|63/100|[from] Stealth Rock
|turn|21
|
|t:|1760383238
|move|p2a: Glimmora|Spiky Shield|p2a: Glimmora
|-singleturn|p2a: Glimmora|move: Protect
|move|p1a: YourMom|Shell Smash|p1a: YourMom
|-unboost|p1a: YourMom|def|1
|-unboost|p1a: YourMom|spd|1
|-boost|p1a: YourMom|atk|2
|-boost|p1a: YourMom|spa|2
|-boost|p1a: YourMom|spe|2
|
|-weather|RainDance|[upkeep]
|-heal|p2a: Glimmora|62/100|[from] item: Leftovers
|upkeep
|turn|22
|
|t:|1760383251
|switch|p2a: Gliscor|Gliscor, F|100/100 tox
|move|p1a: YourMom|Waterfall|p2a: Gliscor
|-supereffective|p2a: Gliscor
|-damage|p2a: Gliscor|0 fnt
|faint|p2a: Gliscor
|
|-weather|RainDance|[upkeep]
|upkeep
|
|t:|1760383263
|switch|p2a: Glimmora|Glimmora, M|62/100
|turn|23
|
|t:|1760383268
|move|p2a: Glimmora|Spiky Shield|p2a: Glimmora
|-singleturn|p2a: Glimmora|move: Protect
|move|p1a: YourMom|Waterfall|p2a: Glimmora
|-activate|p2a: Glimmora|move: Protect
|-damage|p1a: YourMom|51/100|[from] Spiky Shield|[of] p2a: Glimmora
|
|-weather|RainDance|[upkeep]
|-heal|p2a: Glimmora|68/100|[from] item: Leftovers
|upkeep
|turn|24
|
|t:|1760383279
|move|p2a: Glimmora|Spiky Shield|p2a: Glimmora
|-singleturn|p2a: Glimmora|move: Protect
|move|p1a: YourMom|Waterfall|p2a: Glimmora
|-activate|p2a: Glimmora|move: Protect
|-damage|p1a: YourMom|38/100|[from] Spiky Shield|[of] p2a: Glimmora
|
|-weather|RainDance|[upkeep]
|-heal|p2a: Glimmora|74/100|[from] item: Leftovers
|upkeep
|turn|25
|
|t:|1760383290
|move|p2a: Glimmora|Spiky Shield||[still]
|-fail|p2a: Glimmora
|move|p1a: YourMom|Waterfall|p2a: Glimmora
|-supereffective|p2a: Glimmora
|-damage|p2a: Glimmora|0 fnt
|-activate|p2a: Glimmora|ability: Toxic Debris
|-sidestart|p1: NecroNyan|move: Toxic Spikes
|faint|p2a: Glimmora
|
|-weather|RainDance|[upkeep]
|upkeep
|
|t:|1760383300
|switch|p2a: Kingambit|Kingambit, F|19/100
|-activate|p2a: Kingambit|ability: Supreme Overlord
|-start|p2a: Kingambit|fallen3|[silent]
|turn|26
|
|t:|1760383305
|move|p2a: Kingambit|Sucker Punch|p1a: YourMom
|-crit|p1a: YourMom
|-damage|p1a: YourMom|0 fnt
|faint|p1a: YourMom
|
|-weather|RainDance|[upkeep]
|upkeep
|
|t:|1760383312
|switch|p1a: Muhahaha|Dragonite, M, shiny|75/100
|-damage|p1a: Muhahaha|50/100|[from] Stealth Rock
|turn|27
|
|t:|1760383322
|move|p1a: Muhahaha|Extreme Speed|p2a: Kingambit
|-resisted|p2a: Kingambit
|-damage|p2a: Kingambit|3/100
|move|p2a: Kingambit|Kowtow Cleave|p1a: Muhahaha
|-damage|p1a: Muhahaha|0 fnt
|faint|p1a: Muhahaha
|
|win|psychedelic_kit
|raw|NecroNyan's rating: 1156 &rarr; <strong>1131</strong><br />(-25 for losing)
|raw|psychedelic_kit's rating: 1161 &rarr; <strong>1186</strong><br />(+25 for winning)
|l|☆psychedelic_kit
|player|p2|
|l|☆NecroNyan
|player|p1|
