|j|☆Jdjdkrkkrkt
|j|☆151 187s
|t:|1760455543
|gametype|singles
|player|p1|Jdjdkrkkrkt|lucas|
|player|p2|151 187s|101|
|gen|9
|tier|[Gen 9] OU
|rule|HP Percentage Mod: HP is shown in percentages
|rule|Endless Battle Clause: Forcing endless battles is banned
|rule|Species Clause: Limit one of each Pokémon
|rule|OHKO Clause: OHKO moves are banned
|rule|Evasion Items Clause: Evasion items are banned
|rule|Evasion Moves Clause: Evasion moves are banned
|rule|Evasion Abilities Clause: Evasion abilities are banned
|rule|Sleep Moves Clause: Sleep-inducing moves are banned
|clearpoke
|poke|p1|Moltres|
|poke|p1|Gliscor, M|
|poke|p1|Zamazenta-*|
|poke|p1|Great Tusk|
|poke|p1|Slowking-Galar, M|
|poke|p1|Kyurem|
|poke|p2|Meowscarada, F|
|poke|p2|Bronzong|
|poke|p2|Dragonite, M|
|poke|p2|Quaquaval, M|
|poke|p2|Forretress, M|
|poke|p2|Talonflame, F|
|teampreview
|inactive|Battle timer is ON: inactive players will automatically lose when time's up. (requested by Jdjdkrkkrkt)
|
|t:|1760455551
|teamsize|p1|6
|teamsize|p2|6
|start
|switch|p1a: Kyurem|Kyurem|100/100
|switch|p2a: Meowscarada|Meowscarada, F, shiny|100/100
|-ability|p1a: Kyurem|Pressure
|turn|1
|
|t:|1760455560
|move|p1a: Kyurem|Protect|p1a: Kyurem
|-singleturn|p1a: Kyurem|Protect
|move|p2a: Meowscarada|Play Rough|p1a: Kyurem
|-start|p2a: Meowscarada|typechange|Fairy|[from] ability: Protean
|-activate|p1a: Kyurem|move: Protect
|
|upkeep
|turn|2
|
|t:|1760455571
|switch|p2a: Bronzong|Bronzong, shiny|100/100
|switch|p1a: Moltres|Moltres|100/100
|
|upkeep
|turn|3
|
|t:|1760455578
|move|p1a: Moltres|Flamethrower|p2a: Bronzong
|-supereffective|p2a: Bronzong
|-damage|p2a: Bronzong|74/100
|-enditem|p2a: Bronzong|Weakness Policy
|-boost|p2a: Bronzong|atk|2|[from] item: Weakness Policy
|-boost|p2a: Bronzong|spa|2|[from] item: Weakness Policy
|move|p2a: Bronzong|Calm Mind|p2a: Bronzong
|-boost|p2a: Bronzong|spa|1
|-boost|p2a: Bronzong|spd|1
|
|upkeep
|turn|4
|l|☆151 187s
|inactive|151 187s disconnected and has 300 seconds to reconnect!
|player|p2|
|j|☆151 187s
|inactive|151 187s reconnected and has 295 seconds left.
|player|p2|151 187s|101|
|
|t:|1760455591
|move|p2a: Bronzong|Stored Power|p1a: Moltres
|-damage|p1a: Moltres|3/100
|move|p1a: Moltres|Roar|p2a: Bronzong
|drag|p2a: Talonflame|Talonflame, F|100/100
|
|upkeep
|turn|5
|
|t:|1760455600
|switch|p1a: Gliscor|Gliscor, M|100/100
|move|p2a: Talonflame|Brave Bird|p1a: Gliscor
|-damage|p1a: Gliscor|62/100
|-damage|p2a: Talonflame|85/100|[from] Recoil
|
|-status|p1a: Gliscor|tox|[from] item: Toxic Orb
|upkeep
|turn|6
|
|t:|1760455609
|move|p2a: Talonflame|Feather Dance|p1a: Gliscor
|-unboost|p1a: Gliscor|atk|2
|move|p1a: Gliscor|Stealth Rock|p2a: Talonflame
|-sidestart|p2: 151 187s|move: Stealth Rock
|
|-heal|p1a: Gliscor|75/100 tox|[from] ability: Poison Heal
|upkeep
|turn|7
|
|t:|1760455617
|move|p2a: Talonflame|Tailwind|p2a: Talonflame
|-sidestart|p2: 151 187s|move: Tailwind
|move|p1a: Gliscor|U-turn|p2a: Talonflame
|-resisted|p2a: Talonflame
|-damage|p2a: Talonflame|83/100
|
|t:|1760455621
|switch|p1a: Slowking|Slowking-Galar, M|100/100|[from] U-turn
|
|upkeep
|turn|8
|
|t:|1760455633
|switch|p2a: Meowscarada|Meowscarada, F, shiny|100/100
|-damage|p2a: Meowscarada|88/100|[from] Stealth Rock
|move|p1a: Slowking|Thunder Wave|p2a: Meowscarada
|-status|p2a: Meowscarada|par
|
|upkeep
|turn|9
|
|t:|1760455641
|switch|p1a: Gliscor|Gliscor, M|75/100 tox
|move|p2a: Meowscarada|Flower Trick|p1a: Gliscor
|-start|p2a: Meowscarada|typechange|Grass|[from] ability: Protean
|-crit|p1a: Gliscor
|-damage|p1a: Gliscor|10/100 tox
|
|-heal|p1a: Gliscor|22/100 tox|[from] ability: Poison Heal
|upkeep
|turn|10
|
|t:|1760455655
|switch|p2a: Forretress|Forretress, M|100/100
|-damage|p2a: Forretress|88/100|[from] Stealth Rock
|move|p1a: Gliscor|Protect||[still]
|-fail|p1a: Gliscor
|
|-heal|p1a: Gliscor|35/100 tox|[from] ability: Poison Heal
|-sideend|p2: 151 187s|move: Tailwind
|upkeep
|turn|11
|
|t:|1760455666
|move|p1a: Gliscor|Protect|p1a: Gliscor
|-singleturn|p1a: Gliscor|Protect
|move|p2a: Forretress|Rapid Spin|p1a: Gliscor
|-activate|p1a: Gliscor|move: Protect
|
|-heal|p1a: Gliscor|47/100 tox|[from] ability: Poison Heal
|upkeep
|turn|12
|
|t:|1760455674
|move|p1a: Gliscor|U-turn|p2a: Forretress
|-resisted|p2a: Forretress
|-damage|p2a: Forretress|83/100
|-enditem|p2a: Forretress|Red Card|[of] p1a: Gliscor
|drag|p1a: Slowking|Slowking-Galar, M|100/100
|move|p2a: Forretress|Rapid Spin|p1a: Slowking
|-damage|p1a: Slowking|89/100
|-boost|p2a: Forretress|spe|1
|-sideend|p2: 151 187s|Stealth Rock|[from] move: Rapid Spin|[of] p2a: Forretress
|
|upkeep
|turn|13
|
|t:|1760455686
|move|p2a: Forretress|Toxic Spikes|p1a: Slowking
|-sidestart|p1: Jdjdkrkkrkt|move: Toxic Spikes
|move|p1a: Slowking|Thunder Wave|p2a: Forretress|[miss]
|-miss|p1a: Slowking|p2a: Forretress
|
|upkeep
|turn|14
|
|t:|1760455691
|move|p2a: Forretress|Stealth Rock|p1a: Slowking
|-sidestart|p1: Jdjdkrkkrkt|move: Stealth Rock
|move|p1a: Slowking|Thunder Wave|p2a: Forretress
|-status|p2a: Forretress|par
|
|upkeep
|turn|15
|
|t:|1760455697
|cant|p2a: Forretress|par
|-prepare|p1a: Slowking|Chilly Reception|[premajor]
|move|p1a: Slowking|Chilly Reception|p1a: Slowking
|-weather|Snowscape
|
|t:|1760455699
|switch|p1a: Moltres|Moltres|3/100|[from] Chilly Reception
|
|-weather|Snowscape|[upkeep]
|upkeep
|turn|16
|
|t:|1760455708
|move|p1a: Moltres|Roost|p1a: Moltres
|-heal|p1a: Moltres|53/100
|-singleturn|p1a: Moltres|move: Roost
|move|p2a: Forretress|Toxic Spikes|p1a: Moltres
|-sidestart|p1: Jdjdkrkkrkt|move: Toxic Spikes
|
|-weather|Snowscape|[upkeep]
|upkeep
|turn|17
|
|t:|1760455718
|move|p1a: Moltres|Roost|p1a: Moltres
|-heal|p1a: Moltres|100/100
|-singleturn|p1a: Moltres|move: Roost
|move|p2a: Forretress|Body Press|p1a: Moltres
|-damage|p1a: Moltres|83/100
|
|-weather|Snowscape|[upkeep]
|upkeep
|turn|18
|
|t:|1760455729
|move|p1a: Moltres|Flamethrower|p2a: Forretress
|-supereffective|p2a: Forretress
|-damage|p2a: Forretress|0 fnt
|faint|p2a: Forretress
|
|-weather|Snowscape|[upkeep]
|upkeep
|
|t:|1760455735
|switch|p2a: Quaquaval|Quaquaval, M|100/100
|turn|19
|
|t:|1760455738
|move|p2a: Quaquaval|Aqua Step|p1a: Moltres
|-supereffective|p1a: Moltres
|-damage|p1a: Moltres|26/100
|-boost|p2a: Quaquaval|spe|1
|move|p1a: Moltres|Roar|p2a: Quaquaval
|drag|p2a: Dragonite|Dragonite, M|100/100
|
|-weather|none
|upkeep
|turn|20
|
|t:|1760455748
|switch|p1a: Slowking|Slowking-Galar, M|100/100
|-sideend|p1: Jdjdkrkkrkt|move: Toxic Spikes|[of] p1a: Slowking
|move|p2a: Dragonite|Dragon Tail|p1a: Slowking
|-damage|p1a: Slowking|62/100
|drag|p1a: Zamazenta|Zamazenta|100/100
|-ability|p1a: Zamazenta|Dauntless Shield|boost
|-boost|p1a: Zamazenta|def|1
|
|upkeep
|turn|21
|
|t:|1760455761
|move|p1a: Zamazenta|Crunch|p2a: Dragonite
|-damage|p2a: Dragonite|87/100
|move|p2a: Dragonite|Dragon Tail|p1a: Zamazenta
|-damage|p1a: Zamazenta|77/100
|drag|p1a: Kyurem|Kyurem|100/100
|-damage|p1a: Kyurem|76/100|[from] Stealth Rock
|-ability|p1a: Kyurem|Pressure
|
|-heal|p1a: Kyurem|82/100|[from] item: Leftovers
|upkeep
|turn|22
|
|t:|1760455773
|-terastallize|p2a: Dragonite|Steel
|move|p1a: Kyurem|Freeze-Dry|p2a: Dragonite
|-resisted|p2a: Dragonite
|-damage|p2a: Dragonite|72/100
|move|p2a: Dragonite|Dragon Dance|p2a: Dragonite
|-boost|p2a: Dragonite|atk|1
|-boost|p2a: Dragonite|spe|1
|
|-heal|p1a: Kyurem|88/100|[from] item: Leftovers
|upkeep
|turn|23
|
|t:|1760455783
|switch|p1a: Moltres|Moltres|26/100
|move|p2a: Dragonite|Iron Head|p1a: Moltres
|-resisted|p1a: Moltres
|-damage|p1a: Moltres|0 fnt
|faint|p1a: Moltres
|
|upkeep
|
|t:|1760455788
|switch|p1a: Great Tusk|Great Tusk|100/100
|-damage|p1a: Great Tusk|98/100|[from] Stealth Rock
|turn|24
|
|t:|1760455795
|move|p1a: Great Tusk|Rapid Spin|p2a: Dragonite
|-resisted|p2a: Dragonite
|-damage|p2a: Dragonite|62/100
|-boost|p1a: Great Tusk|spe|1
|-sideend|p1: Jdjdkrkkrkt|Stealth Rock|[from] move: Rapid Spin|[of] p1a: Great Tusk
|move|p2a: Dragonite|Dragon Tail|p1a: Great Tusk|[miss]
|-miss|p2a: Dragonite|p1a: Great Tusk
|
|-heal|p1a: Great Tusk|100/100|[from] item: Leftovers
|upkeep
|turn|25
|
|t:|1760455804
|move|p1a: Great Tusk|Headlong Rush|p2a: Dragonite
|-supereffective|p2a: Dragonite
|-damage|p2a: Dragonite|0 fnt
|-unboost|p1a: Great Tusk|def|1
|-unboost|p1a: Great Tusk|spd|1
|faint|p2a: Dragonite
|
|upkeep
|
|t:|1760455811
|switch|p2a: Quaquaval|Quaquaval, M|100/100
|turn|26
|
|t:|1760455816
|move|p1a: Great Tusk|Rapid Spin|p2a: Quaquaval
|-damage|p2a: Quaquaval|78/100
|-boost|p1a: Great Tusk|spe|1
|move|p2a: Quaquaval|Swords Dance|p2a: Quaquaval
|-boost|p2a: Quaquaval|atk|2
|
|upkeep
|turn|27
|
|t:|1760455824
|-terastallize|p1a: Great Tusk|Ground
|move|p1a: Great Tusk|Headlong Rush|p2a: Quaquaval
|-damage|p2a: Quaquaval|0 fnt
|-unboost|p1a: Great Tusk|def|1
|-unboost|p1a: Great Tusk|spd|1
|faint|p2a: Quaquaval
|
|upkeep
|
|t:|1760455833
|switch|p2a: Meowscarada|Meowscarada, F, shiny|88/100 par
|turn|28
|
|t:|1760455839
|move|p1a: Great Tusk|Ice Spinner|p2a: Meowscarada
|-supereffective|p2a: Meowscarada
|-damage|p2a: Meowscarada|2/100 par
|move|p2a: Meowscarada|Flower Trick|p1a: Great Tusk
|-start|p2a: Meowscarada|typechange|Grass|[from] ability: Protean
|-supereffective|p1a: Great Tusk
|-crit|p1a: Great Tusk
|-damage|p1a: Great Tusk|0 fnt
|faint|p1a: Great Tusk
|-end|p1a: Great Tusk|Protosynthesis|[silent]
|
|upkeep
|
|t:|1760455843
|switch|p1a: Gliscor|Gliscor, M|47/100 tox
|turn|29
|
|t:|1760455853
|move|p1a: Gliscor|Earthquake|p2a: Meowscarada
|-resisted|p2a: Meowscarada
|-damage|p2a: Meowscarada|0 fnt
|faint|p2a: Meowscarada
|
|-heal|p1a: Gliscor|60/100 tox|[from] ability: Poison Heal
|upkeep
|
|t:|1760455872
|switch|p2a: Talonflame|Talonflame, F|83/100
|turn|30
|
|t:|1760455876
|move|p1a: Gliscor|Protect|p1a: Gliscor
|-singleturn|p1a: Gliscor|Protect
|move|p2a: Talonflame|Feather Dance|p1a: Gliscor
|-activate|p1a: Gliscor|move: Protect
|
|-heal|p1a: Gliscor|72/100 tox|[from] ability: Poison Heal
|upkeep
|turn|31
|
|t:|1760455885
|move|p2a: Talonflame|Tailwind|p2a: Talonflame
|-sidestart|p2: 151 187s|move: Tailwind
|move|p1a: Gliscor|U-turn|p2a: Talonflame
|-resisted|p2a: Talonflame
|-damage|p2a: Talonflame|78/100
|
|t:|1760455887
|switch|p1a: Slowking|Slowking-Galar, M|95/100|[from] U-turn
|
|upkeep
|turn|32
|
|t:|1760455895
|move|p2a: Talonflame|Brave Bird|p1a: Slowking
|-damage|p1a: Slowking|48/100
|-damage|p2a: Talonflame|57/100|[from] Recoil
|move|p1a: Slowking|Thunder Wave|p2a: Talonflame
|-status|p2a: Talonflame|par
|
|upkeep
|turn|33
|
|t:|1760455913
|move|p2a: Talonflame|Brave Bird|p1a: Slowking
|-damage|p1a: Slowking|0 fnt
|faint|p1a: Slowking
|-damage|p2a: Talonflame|37/100 par|[from] Recoil
|
|upkeep
|
|t:|1760455917
|switch|p1a: Kyurem|Kyurem|88/100
|-ability|p1a: Kyurem|Pressure
|turn|34
|
|t:|1760455923
|move|p1a: Kyurem|Protect|p1a: Kyurem
|-singleturn|p1a: Kyurem|Protect
|move|p2a: Talonflame|Flare Blitz|p1a: Kyurem
|-activate|p1a: Kyurem|move: Protect
|
|-heal|p1a: Kyurem|94/100|[from] item: Leftovers
|-sideend|p2: 151 187s|move: Tailwind
|upkeep
|turn|35
|
|t:|1760455932
|move|p1a: Kyurem|Substitute|p1a: Kyurem
|-start|p1a: Kyurem|Substitute
|-damage|p1a: Kyurem|69/100
|cant|p2a: Talonflame|par
|
|-heal|p1a: Kyurem|75/100|[from] item: Leftovers
|upkeep
|turn|36
|-message|151 187s forfeited.
|
|win|Jdjdkrkkrkt
|l|☆151 187s
|player|p2|
