|j|☆chinchilla1010x
|j|☆Monado Gamer
|t:|1760337304
|gametype|singles
|player|p1|chinchilla1010x|266|1220
|player|p2|Monado Gamer|valerie|1204
|gen|9
|tier|[Gen 9] OU
|rated|
|rule|HP Percentage Mod: HP is shown in percentages
|rule|Endless Battle Clause: Forcing endless battles is banned
|rule|Species Clause: Limit one of each Pokémon
|rule|OHKO Clause: OHKO moves are banned
|rule|Evasion Items Clause: Evasion items are banned
|rule|Evasion Moves Clause: Evasion moves are banned
|rule|Evasion Abilities Clause: Evasion abilities are banned
|rule|Sleep Moves Clause: Sleep-inducing moves are banned
|clearpoke
|poke|p1|Frosmoth, M|
|poke|p1|Comfey, F|
|poke|p1|Charizard, F|
|poke|p1|Glimmora, M|
|poke|p1|Araquanid, M|
|poke|p1|Dragapult, M|
|poke|p2|Great Tusk|
|poke|p2|Gholdengo|
|poke|p2|Ogerpon-Wellspring, F|
|poke|p2|Dragonite, F|
|poke|p2|Iron Moth|
|poke|p2|Iron Valiant|
|teampreview
|inactive|Battle timer is ON: inactive players will automatically lose when time's up. (requested by Monado Gamer)
|
|t:|1760337320
|teamsize|p1|6
|teamsize|p2|6
|start
|switch|p1a: Araquanid|Araquanid, M|100/100
|switch|p2a: Dragonite|Dragonite, F|100/100
|turn|1
|
|t:|1760337329
|-terastallize|p2a: Dragonite|Fairy
|move|p2a: Dragonite|Dragon Dance|p2a: Dragonite
|-boost|p2a: Dragonite|atk|1
|-boost|p2a: Dragonite|spe|1
|move|p1a: Araquanid|Liquidation|p2a: Dragonite
|-damage|p2a: Dragonite|67/100
|
|upkeep
|turn|2
|
|t:|1760337337
|move|p2a: Dragonite|Tera Blast|p1a: Araquanid|[anim] Tera Blast Fairy
|-damage|p1a: Araquanid|36/100
|move|p1a: Araquanid|Liquidation|p2a: Dragonite
|-damage|p2a: Dragonite|0 fnt
|faint|p2a: Dragonite
|
|-heal|p1a: Araquanid|42/100|[from] item: Leftovers
|upkeep
|
|t:|1760337347
|switch|p2a: Gholdengo|Gholdengo|100/100
|turn|3
|
|t:|1760337352
|move|p2a: Gholdengo|Thunderbolt|p1a: Araquanid
|-supereffective|p1a: Araquanid
|-damage|p1a: Araquanid|0 fnt
|faint|p1a: Araquanid
|
|upkeep
|
|t:|1760337361
|switch|p1a: Frosmoth|Frosmoth, M|100/100
|turn|4
|
|t:|1760337366
|-terastallize|p1a: Frosmoth|Ground
|move|p2a: Gholdengo|Flash Cannon|p1a: Frosmoth
|-damage|p1a: Frosmoth|72/100
|move|p1a: Frosmoth|Quiver Dance|p1a: Frosmoth
|-boost|p1a: Frosmoth|spa|1
|-boost|p1a: Frosmoth|spd|1
|-boost|p1a: Frosmoth|spe|1
|
|-heal|p1a: Frosmoth|78/100|[from] item: Leftovers
|upkeep
|turn|5
|
|t:|1760337377
|move|p1a: Frosmoth|Quiver Dance|p1a: Frosmoth
|-boost|p1a: Frosmoth|spa|1
|-boost|p1a: Frosmoth|spd|1
|-boost|p1a: Frosmoth|spe|1
|move|p2a: Gholdengo|Shadow Ball|p1a: Frosmoth
|-damage|p1a: Frosmoth|65/100
|
|-heal|p1a: Frosmoth|71/100|[from] item: Leftovers
|upkeep
|turn|6
|
|t:|1760337385
|move|p1a: Frosmoth|Quiver Dance|p1a: Frosmoth
|-boost|p1a: Frosmoth|spa|1
|-boost|p1a: Frosmoth|spd|1
|-boost|p1a: Frosmoth|spe|1
|move|p2a: Gholdengo|Flash Cannon|p1a: Frosmoth
|-damage|p1a: Frosmoth|60/100
|
|-heal|p1a: Frosmoth|66/100|[from] item: Leftovers
|upkeep
|turn|7
|
|t:|1760337390
|switch|p2a: Ogerpon|Ogerpon-Wellspring, F|100/100
|move|p1a: Frosmoth|Quiver Dance|p1a: Frosmoth
|-boost|p1a: Frosmoth|spa|1
|-boost|p1a: Frosmoth|spd|1
|-boost|p1a: Frosmoth|spe|1
|
|-heal|p1a: Frosmoth|72/100|[from] item: Leftovers
|upkeep
|turn|8
|
|t:|1760337400
|move|p1a: Frosmoth|Ice Beam|p2a: Ogerpon
|-crit|p2a: Ogerpon
|-damage|p2a: Ogerpon|0 fnt
|faint|p2a: Ogerpon
|
|-heal|p1a: Frosmoth|78/100|[from] item: Leftovers
|upkeep
|-message|Monado Gamer forfeited.
|
|win|chinchilla1010x
|raw|chinchilla1010x's rating: 1220 &rarr; <strong>1244</strong><br />(+24 for winning)
|raw|Monado Gamer's rating: 1204 &rarr; <strong>1180</strong><br />(-24 for losing)
|l|☆Monado Gamer
|player|p2|
|l|☆chinchilla1010x
|player|p1|
