|j|☆YinToYang
|j|☆Cocobreezy
|t:|1760317391
|gametype|singles
|player|p1|YinToYang|n|1682
|player|p2|Cocobreezy|yellow|1614
|gen|9
|tier|[Gen 9] OU
|rated|
|rule|HP Percentage Mod: HP is shown in percentages
|rule|Endless Battle Clause: Forcing endless battles is banned
|rule|Species Clause: Limit one of each Pokémon
|rule|OHKO Clause: OHKO moves are banned
|rule|Evasion Items Clause: Evasion items are banned
|rule|Evasion Moves Clause: Evasion moves are banned
|rule|Evasion Abilities Clause: Evasion abilities are banned
|rule|Sleep Moves Clause: Sleep-inducing moves are banned
|clearpoke
|poke|p1|Indeedee, M|
|poke|p1|Espeon, F|
|poke|p1|Armarouge, M|
|poke|p1|Ceruledge, M|
|poke|p1|Polteageist|
|poke|p1|Tsareena, F|
|poke|p2|Kingdra, M|
|poke|p2|Pelipper, M|
|poke|p2|Keldeo-Resolute|
|poke|p2|Greninja-*, M|
|poke|p2|Raging Bolt|
|poke|p2|Meowscarada, M|
|teampreview
|inactive|Battle timer is ON: inactive players will automatically lose when time's up. (requested by Cocobreezy)
|inactive|Cocobreezy has 120 seconds left.
|
|t:|1760317436
|teamsize|p1|6
|teamsize|p2|6
|start
|switch|p1a: Ceruledge|Ceruledge, M|100/100
|switch|p2a: Meowscarada|Meowscarada, M|100/100
|turn|1
|
|t:|1760317441
|move|p2a: Meowscarada|Knock Off|p1a: Ceruledge
|-start|p2a: Meowscarada|typechange|Dark|[from] ability: Protean
|-supereffective|p1a: Ceruledge
|-enditem|p1a: Ceruledge|Focus Sash
|-damage|p1a: Ceruledge|1/100
|-ability|p1a: Ceruledge|Weak Armor|boost
|-unboost|p1a: Ceruledge|def|1
|-boost|p1a: Ceruledge|spe|2
|move|p1a: Ceruledge|Bitter Blade|p2a: Meowscarada
|-damage|p2a: Meowscarada|30/100
|-heal|p1a: Ceruledge|37/100|[from] drain|[of] p2a: Meowscarada
|
|upkeep
|turn|2
|c|☆Cocobreezy|do that bother the cat
|
|t:|1760317461
|switch|p2a: Pelipper|Pelipper, M|100/100
|-weather|RainDance|[from] ability: Drizzle|[of] p2a: Pelipper
|move|p1a: Ceruledge|Bitter Blade|p2a: Pelipper
|-resisted|p2a: Pelipper
|-damage|p2a: Pelipper|91/100
|-heal|p1a: Ceruledge|42/100|[from] drain|[of] p2a: Pelipper
|
|-weather|RainDance|[upkeep]
|upkeep
|turn|3
|
|t:|1760317474
|move|p1a: Ceruledge|Poltergeist|p2a: Pelipper
|-activate|p2a: Pelipper|move: Poltergeist|Damp Rock
|-damage|p2a: Pelipper|35/100
|move|p2a: Pelipper|U-turn|p1a: Ceruledge
|-resisted|p1a: Ceruledge
|-damage|p1a: Ceruledge|37/100
|-ability|p1a: Ceruledge|Weak Armor|boost
|-unboost|p1a: Ceruledge|def|1
|-boost|p1a: Ceruledge|spe|2
|c|☆Cocobreezy|no
|
|t:|1760317480
|switch|p2a: Greninja|Greninja, M|100/100|[from] U-turn
|
|-weather|RainDance|[upkeep]
|upkeep
|turn|4
|
|t:|1760317482
|move|p2a: Greninja|Water Shuriken|p1a: Ceruledge
|-supereffective|p1a: Ceruledge
|-damage|p1a: Ceruledge|13/100
|-supereffective|p1a: Ceruledge
|-damage|p1a: Ceruledge|0 fnt
|faint|p1a: Ceruledge
|-ability|p2a: Greninja|Battle Bond|boost
|-boost|p2a: Greninja|atk|1
|-boost|p2a: Greninja|spa|1
|-boost|p2a: Greninja|spe|1
|-activate|p2a: Greninja|ability: Battle Bond
|-hitcount|p1: Ceruledge|2
|
|-weather|RainDance|[upkeep]
|upkeep
|
|t:|1760317489
|switch|p1a: Tsareena|Tsareena, F, shiny|100/100
|turn|5
|
|t:|1760317503
|move|p2a: Greninja|Ice Beam|p1a: Tsareena
|-supereffective|p1a: Tsareena
|-damage|p1a: Tsareena|9/100
|move|p1a: Tsareena|Power Whip|p2a: Greninja
|-supereffective|p2a: Greninja
|-damage|p2a: Greninja|0 fnt
|faint|p2a: Greninja
|
|-weather|RainDance|[upkeep]
|-heal|p1a: Tsareena|15/100|[from] item: Leftovers
|upkeep
|
|t:|1760317511
|switch|p2a: Kingdra|Kingdra, M|100/100
|turn|6
|
|t:|1760317517
|move|p2a: Kingdra|Weather Ball|p1a: Tsareena
|-resisted|p1a: Tsareena
|-damage|p1a: Tsareena|0 fnt
|faint|p1a: Tsareena
|
|-weather|RainDance|[upkeep]
|upkeep
|c|☆Cocobreezy|im confused
|
|t:|1760317520
|switch|p1a: Indeedee|Indeedee, M|100/100
|-fieldstart|move: Psychic Terrain|[from] ability: Psychic Surge|[of] p1a: Indeedee
|turn|7
|
|t:|1760317525
|move|p2a: Kingdra|Weather Ball|p1a: Indeedee
|-damage|p1a: Indeedee|0 fnt
|faint|p1a: Indeedee
|
|-weather|RainDance|[upkeep]
|upkeep
|
|t:|1760317528
|switch|p1a: Polteageist|Polteageist, shiny|100/100
|turn|8
|
|t:|1760317534
|move|p2a: Kingdra|Weather Ball|p1a: Polteageist
|-enditem|p1a: Polteageist|Focus Sash
|-damage|p1a: Polteageist|1/100
|move|p1a: Polteageist|Shell Smash|p1a: Polteageist
|-unboost|p1a: Polteageist|def|1
|-unboost|p1a: Polteageist|spd|1
|-boost|p1a: Polteageist|atk|2
|-boost|p1a: Polteageist|spa|2
|-boost|p1a: Polteageist|spe|2
|
|-weather|RainDance|[upkeep]
|upkeep
|turn|9
|c|☆Cocobreezy|now ur serio
|
|t:|1760317543
|-terastallize|p2a: Kingdra|Steel
|move|p2a: Kingdra|Weather Ball|p1a: Polteageist
|-damage|p1a: Polteageist|0 fnt
|faint|p1a: Polteageist
|
|-weather|none
|upkeep
|
|t:|1760317547
|switch|p1a: Armarouge|Armarouge, M, shiny|100/100
|turn|10
|
|t:|1760317550
|move|p1a: Armarouge|Armor Cannon|p2a: Kingdra
|-supereffective|p2a: Kingdra
|-damage|p2a: Kingdra|0 fnt
|-unboost|p1a: Armarouge|def|1
|-unboost|p1a: Armarouge|spd|1
|faint|p2a: Kingdra
|
|upkeep
|
|t:|1760317563
|switch|p2a: Pelipper|Pelipper, M|35/100
|-weather|RainDance|[from] ability: Drizzle|[of] p2a: Pelipper
|turn|11
|
|t:|1760317576
|move|p1a: Armarouge|Expanding Force|p2a: Pelipper
|-damage|p2a: Pelipper|0 fnt
|faint|p2a: Pelipper
|
|-weather|RainDance|[upkeep]
|upkeep
|
|t:|1760317581
|switch|p2a: Meowscarada|Meowscarada, M|30/100
|turn|12
|
|t:|1760317583
|move|p1a: Armarouge|Endure|p1a: Armarouge
|-singleturn|p1a: Armarouge|move: Endure
|move|p2a: Meowscarada|Knock Off|p1a: Armarouge
|-start|p2a: Meowscarada|typechange|Dark|[from] ability: Protean
|-supereffective|p1a: Armarouge
|-activate|p1a: Armarouge|move: Endure
|-damage|p1a: Armarouge|1/100
|-ability|p1a: Armarouge|Weak Armor|boost
|-unboost|p1a: Armarouge|def|1
|-boost|p1a: Armarouge|spe|2
|-enditem|p1a: Armarouge|Weakness Policy
|-boost|p1a: Armarouge|atk|2|[from] item: Weakness Policy
|-boost|p1a: Armarouge|spa|2|[from] item: Weakness Policy
|
|-weather|RainDance|[upkeep]
|upkeep
|turn|13
|c|☆Cocobreezy|i should have left the cat
|
|t:|1760317606
|move|p2a: Meowscarada|Knock Off|p1a: Armarouge
|-supereffective|p1a: Armarouge
|-damage|p1a: Armarouge|0 fnt
|faint|p1a: Armarouge
|
|-weather|RainDance|[upkeep]
|upkeep
|
|t:|1760317609
|switch|p1a: Espeon|Espeon, F|100/100
|turn|14
|
|t:|1760317612
|move|p2a: Meowscarada|Knock Off|p1a: Espeon
|-supereffective|p1a: Espeon
|-damage|p1a: Espeon|0 fnt
|-enditem|p1a: Espeon|Choice Scarf|[from] move: Knock Off|[of] p2a: Meowscarada
|faint|p1a: Espeon
|
|win|Cocobreezy
|raw|YinToYang's rating: 1682 &rarr; <strong>1658</strong><br />(-24 for losing)
|raw|Cocobreezy's rating: 1614 &rarr; <strong>1638</strong><br />(+24 for winning)
|c|☆Cocobreezy|gg
|l|☆Cocobreezy
|player|p2|
|l|☆YinToYang
|player|p1|
