|j|☆pakoyou
|j|☆Djoksnow
|t:|1760367685
|gametype|singles
|player|p1|pakoyou|lance|
|player|p2|Djoksnow|170|
|gen|9
|tier|[Gen 9] OU
|rule|HP Percentage Mod: HP is shown in percentages
|rule|Endless Battle Clause: Forcing endless battles is banned
|rule|Species Clause: Limit one of each Pokémon
|rule|OHKO Clause: OHKO moves are banned
|rule|Evasion Items Clause: Evasion items are banned
|rule|Evasion Moves Clause: Evasion moves are banned
|rule|Evasion Abilities Clause: Evasion abilities are banned
|rule|Sleep Moves Clause: Sleep-inducing moves are banned
|clearpoke
|poke|p1|Gallade, M|
|poke|p1|Ting-Lu|
|poke|p1|Corviknight, M|
|poke|p1|Dragapult, M|
|poke|p1|Primarina, M|
|poke|p1|Weavile, F|
|poke|p2|Gliscor, F|
|poke|p2|Corviknight, F|
|poke|p2|Enamorus, F|
|poke|p2|Moltres-Galar|
|poke|p2|Dragonite, F|
|poke|p2|Articuno|
|teampreview
|c|☆pakoyou|😂 mono vol
|
|t:|1760367723
|teamsize|p1|6
|teamsize|p2|6
|start
|switch|p1a: Weavile|Weavile, F, shiny|100/100
|switch|p2a: Corviknight|Corviknight, F|100/100
|-ability|p1a: Weavile|Pressure
|-ability|p2a: Corviknight|Pressure
|turn|1
|
|t:|1760367742
|move|p1a: Weavile|Knock Off|p2a: Corviknight
|-damage|p2a: Corviknight|69/100
|-enditem|p2a: Corviknight|Leftovers|[from] move: Knock Off|[of] p1a: Weavile
|move|p2a: Corviknight|Body Press|p1a: Weavile
|-supereffective|p1a: Weavile
|-damage|p1a: Weavile|0 fnt
|faint|p1a: Weavile
|
|upkeep
|
|t:|1760367759
|switch|p1a: Gallade|Gallade, M, shiny|100/100
|turn|2
|
|t:|1760367786
|switch|p1a: Corviknight|Corviknight, M|100/100
|-ability|p1a: Corviknight|Pressure
|move|p2a: Corviknight|Roost|p2a: Corviknight
|-heal|p2a: Corviknight|100/100
|-singleturn|p2a: Corviknight|move: Roost
|
|upkeep
|turn|3
|
|t:|1760367813
|switch|p2a: Moltres|Moltres-Galar|100/100
|move|p1a: Corviknight|U-turn|p2a: Moltres
|-damage|p2a: Moltres|85/100
|
|t:|1760367818
|switch|p1a: Dragapult|Dragapult, M|100/100|[from] U-turn
|
|upkeep
|turn|4
|
|t:|1760367835
|move|p1a: Dragapult|Thunderbolt|p2a: Moltres
|-supereffective|p2a: Moltres
|-damage|p2a: Moltres|24/100
|-ability|p2a: Moltres|Berserk|boost
|-boost|p2a: Moltres|spa|1
|-enditem|p2a: Moltres|Sitrus Berry|[eat]
|-heal|p2a: Moltres|49/100|[from] item: Sitrus Berry
|move|p2a: Moltres|Air Slash|p1a: Dragapult
|-damage|p1a: Dragapult|37/100
|
|upkeep
|turn|5
|
|t:|1760367864
|switch|p1a: Primarina|Primarina, M|100/100
|move|p2a: Moltres|Air Slash|p1a: Primarina
|-damage|p1a: Primarina|71/100
|
|upkeep
|turn|6
|
|t:|1760367877
|move|p2a: Moltres|Nasty Plot|p2a: Moltres
|-boost|p2a: Moltres|spa|2
|move|p1a: Primarina|Moonblast|p2a: Moltres
|-supereffective|p2a: Moltres
|-damage|p2a: Moltres|0 fnt
|faint|p2a: Moltres
|
|upkeep
|
|t:|1760367891
|switch|p2a: Articuno|Articuno|100/100
|-ability|p2a: Articuno|Pressure
|turn|7
|
|t:|1760367908
|move|p2a: Articuno|Substitute|p2a: Articuno
|-start|p2a: Articuno|Substitute
|-damage|p2a: Articuno|76/100
|move|p1a: Primarina|Flip Turn|p2a: Articuno
|-activate|p2a: Articuno|move: Substitute|[damage]
|
|t:|1760367917
|switch|p1a: Corviknight|Corviknight, M|100/100|[from] Flip Turn
|-ability|p1a: Corviknight|Pressure
|
|upkeep
|turn|8
|
|t:|1760367929
|move|p2a: Articuno|Freeze-Dry|p1a: Corviknight
|-damage|p1a: Corviknight|79/100
|move|p1a: Corviknight|U-turn|p2a: Articuno
|-resisted|p2a: Articuno
|-activate|p2a: Articuno|move: Substitute|[damage]
|
|t:|1760367937
|switch|p1a: Ting-Lu|Ting-Lu|100/100|[from] U-turn
|-ability|p1a: Ting-Lu|Vessel of Ruin
|
|upkeep
|turn|9
|
|t:|1760367949
|move|p2a: Articuno|Freeze-Dry|p1a: Ting-Lu
|-supereffective|p1a: Ting-Lu
|-damage|p1a: Ting-Lu|80/100
|-status|p1a: Ting-Lu|frz
|cant|p1a: Ting-Lu|frz
|
|-heal|p1a: Ting-Lu|86/100 frz|[from] item: Leftovers
|upkeep
|turn|10
|
|t:|1760367963
|switch|p2a: Dragonite|Dragonite, F|100/100
|switch|p1a: Corviknight|Corviknight, M|79/100
|-ability|p1a: Corviknight|Pressure
|
|upkeep
|turn|11
|
|t:|1760367972
|move|p2a: Dragonite|Dragon Dance|p2a: Dragonite
|-boost|p2a: Dragonite|atk|1
|-boost|p2a: Dragonite|spe|1
|move|p1a: Corviknight|Brave Bird|p2a: Dragonite
|-damage|p2a: Dragonite|82/100
|-damage|p1a: Corviknight|74/100|[from] Recoil
|
|upkeep
|turn|12
|
|t:|1760367991
|move|p2a: Dragonite|Dragon Dance|p2a: Dragonite
|-boost|p2a: Dragonite|atk|1
|-boost|p2a: Dragonite|spe|1
|move|p1a: Corviknight|Brave Bird|p2a: Dragonite
|-damage|p2a: Dragonite|40/100
|-damage|p1a: Corviknight|62/100|[from] Recoil
|
|upkeep
|turn|13
|
|t:|1760368000
|move|p2a: Dragonite|Thunder Punch|p1a: Corviknight
|-supereffective|p1a: Corviknight
|-damage|p1a: Corviknight|0 fnt
|-damage|p2a: Dragonite|23/100|[from] item: Rocky Helmet|[of] p1a: Corviknight
|faint|p1a: Corviknight
|
|upkeep
|
|t:|1760368011
|switch|p1a: Dragapult|Dragapult, M|37/100
|turn|14
|
|t:|1760368018
|switch|p1a: Ting-Lu|Ting-Lu|86/100 frz
|-ability|p1a: Ting-Lu|Vessel of Ruin
|move|p2a: Dragonite|Earthquake|p1a: Ting-Lu
|-damage|p1a: Ting-Lu|41/100 frz
|
|-heal|p1a: Ting-Lu|47/100 frz|[from] item: Leftovers
|upkeep
|turn|15
|
|t:|1760368033
|move|p2a: Dragonite|Dragon Dance|p2a: Dragonite
|-boost|p2a: Dragonite|atk|1
|-boost|p2a: Dragonite|spe|1
|cant|p1a: Ting-Lu|frz
|
|-heal|p1a: Ting-Lu|53/100 frz|[from] item: Leftovers
|upkeep
|turn|16
|
|t:|1760368041
|move|p2a: Dragonite|Earthquake|p1a: Ting-Lu
|-damage|p1a: Ting-Lu|0 fnt
|faint|p1a: Ting-Lu
|
|upkeep
|
|t:|1760368047
|switch|p1a: Gallade|Gallade, M, shiny|100/100
|turn|17
|
|t:|1760368081
|move|p2a: Dragonite|Earthquake|p1a: Gallade
|-damage|p1a: Gallade|0 fnt
|faint|p1a: Gallade
|
|upkeep
|
|t:|1760368087
|switch|p1a: Dragapult|Dragapult, M|37/100
|turn|18
|
|t:|1760368094
|move|p2a: Dragonite|Earthquake|p1a: Dragapult
|-damage|p1a: Dragapult|0 fnt
|faint|p1a: Dragapult
|
|upkeep
|
|t:|1760368098
|switch|p1a: Primarina|Primarina, M|71/100
|turn|19
|
|t:|1760368103
|move|p2a: Dragonite|Thunder Punch|p1a: Primarina
|-supereffective|p1a: Primarina
|-damage|p1a: Primarina|0 fnt
|faint|p1a: Primarina
|
|win|Djoksnow
