|j|☆Dreambirt+
|j|☆ChriszGOAT
|t:|1760458614
|gametype|singles
|player|p1|Dreambirt+|byron|1093
|player|p2|ChriszGOAT|crasherwake|1110
|gen|9
|tier|[Gen 9] OU
|rated|
|rule|HP Percentage Mod: HP is shown in percentages
|rule|Endless Battle Clause: Forcing endless battles is banned
|rule|Species Clause: Limit one of each Pokémon
|rule|OHKO Clause: OHKO moves are banned
|rule|Evasion Items Clause: Evasion items are banned
|rule|Evasion Moves Clause: Evasion moves are banned
|rule|Evasion Abilities Clause: Evasion abilities are banned
|rule|Sleep Moves Clause: Sleep-inducing moves are banned
|clearpoke
|poke|p1|Toxtricity, F|
|poke|p1|Garchomp, M|
|poke|p1|Tornadus-Therian, M|
|poke|p1|Scizor, F|
|poke|p1|Hitmonlee, M|
|poke|p1|Tyranitar, M|
|poke|p2|Infernape, M|
|poke|p2|Zarude-Dada|
|poke|p2|Rillaboom, M|
|poke|p2|Passimian, F|
|poke|p2|Primeape, M|
|poke|p2|Munkidori, M|
|teampreview
|
|t:|1760458621
|teamsize|p1|6
|teamsize|p2|6
|start
|switch|p1a: Garchomp|Garchomp, M|100/100
|switch|p2a: The ball toucher|Passimian, F|100/100
|turn|1
|
|t:|1760458640
|switch|p2a: Temu Annihilape|Primeape, M|100/100
|move|p1a: Garchomp|Stealth Rock|p2a: Temu Annihilape
|-sidestart|p2: ChriszGOAT|move: Stealth Rock
|
|upkeep
|turn|2
|
|t:|1760458650
|switch|p1a: Tornadus|Tornadus-Therian, M|100/100
|move|p2a: Temu Annihilape|Bulk Up|p2a: Temu Annihilape
|-boost|p2a: Temu Annihilape|atk|1
|-boost|p2a: Temu Annihilape|def|1
|
|upkeep
|turn|3
|
|t:|1760458663
|move|p1a: Tornadus|Bleakwind Storm|p2a: Temu Annihilape|[miss]
|-miss|p1a: Tornadus|p2a: Temu Annihilape
|move|p2a: Temu Annihilape|Ice Punch|p1a: Tornadus
|-supereffective|p1a: Tornadus
|-damage|p1a: Tornadus|12/100
|
|upkeep
|turn|4
|
|t:|1760458673
|move|p1a: Tornadus|Bleakwind Storm|p2a: Temu Annihilape
|-supereffective|p2a: Temu Annihilape
|-damage|p2a: Temu Annihilape|36/100
|move|p2a: Temu Annihilape|Drain Punch|p1a: Tornadus
|-resisted|p1a: Tornadus
|-damage|p1a: Tornadus|0 fnt
|-heal|p2a: Temu Annihilape|42/100|[from] drain|[of] p1a: Tornadus
|faint|p1a: Tornadus
|
|upkeep
|
|t:|1760458699
|switch|p1a: Drumstick|Hitmonlee, M, shiny|100/100
|turn|5
|
|t:|1760458714
|-terastallize|p2a: Temu Annihilape|Ghost
|move|p1a: Drumstick|Knock Off|p2a: Temu Annihilape
|-supereffective|p2a: Temu Annihilape
|-damage|p2a: Temu Annihilape|0 fnt
|-enditem|p2a: Temu Annihilape|Eviolite|[from] move: Knock Off|[of] p1a: Drumstick
|faint|p2a: Temu Annihilape
|
|upkeep
|
|t:|1760458722
|switch|p2a: Munkisnorey|Munkidori, M|100/100
|-damage|p2a: Munkisnorey|88/100|[from] Stealth Rock
|turn|6
|
|t:|1760458738
|switch|p1a: MeatyClaws|Scizor, F|100/100
|move|p2a: Munkisnorey|Focus Blast|p1a: MeatyClaws
|-damage|p1a: MeatyClaws|17/100
|
|upkeep
|turn|7
|
|t:|1760458750
|move|p2a: Munkisnorey|Focus Blast|p1a: MeatyClaws
|-damage|p1a: MeatyClaws|0 fnt
|faint|p1a: MeatyClaws
|
|upkeep
|
|t:|1760458756
|switch|p1a: Drumstick|Hitmonlee, M, shiny|100/100
|turn|8
|
|t:|1760458771
|switch|p2a: Zaddyrude|Zarude-Dada|100/100
|-damage|p2a: Zaddyrude|88/100|[from] Stealth Rock
|move|p1a: Drumstick|Endure||[still]
|-fail|p1a: Drumstick
|
|upkeep
|turn|9
|
|t:|1760458787
|switch|p1a: Garchomp|Garchomp, M|100/100
|switch|p2a: Munkisnorey|Munkidori, M|88/100
|-damage|p2a: Munkisnorey|76/100|[from] Stealth Rock
|
|upkeep
|turn|10
|
|t:|1760458800
|move|p2a: Munkisnorey|Psychic|p1a: Garchomp
|-crit|p1a: Garchomp
|-damage|p1a: Garchomp|8/100
|move|p1a: Garchomp|Earthquake|p2a: Munkisnorey
|-supereffective|p2a: Munkisnorey
|-damage|p2a: Munkisnorey|0 fnt
|faint|p2a: Munkisnorey
|
|upkeep
|
|t:|1760458813
|switch|p2a: Infernuts|Infernape, M|100/100
|-damage|p2a: Infernuts|88/100|[from] Stealth Rock
|turn|11
|
|t:|1760458820
|move|p2a: Infernuts|Aura Sphere|p1a: Garchomp
|-damage|p1a: Garchomp|0 fnt
|faint|p1a: Garchomp
|-damage|p2a: Infernuts|78/100|[from] item: Life Orb
|
|upkeep
|
|t:|1760458826
|switch|p1a: Hendrix|Toxtricity, F|100/100
|turn|12
|
|t:|1760458856
|switch|p2a: The ball toucher|Passimian, F|100/100
|-damage|p2a: The ball toucher|94/100|[from] Stealth Rock
|move|p1a: Hendrix|Shift Gear|p1a: Hendrix
|-boost|p1a: Hendrix|spe|2
|-boost|p1a: Hendrix|atk|1
|
|upkeep
|turn|13
|
|t:|1760458874
|move|p1a: Hendrix|Noble Roar|p2a: The ball toucher
|-unboost|p2a: The ball toucher|atk|1
|-ability|p2a: The ball toucher|Defiant|boost
|-boost|p2a: The ball toucher|atk|2
|-unboost|p2a: The ball toucher|spa|1
|-ability|p2a: The ball toucher|Defiant|boost
|-boost|p2a: The ball toucher|atk|2
|-enditem|p1a: Hendrix|Throat Spray
|-boost|p1a: Hendrix|spa|1|[from] item: Throat Spray
|move|p2a: The ball toucher|Earthquake|p1a: Hendrix
|-supereffective|p1a: Hendrix
|-damage|p1a: Hendrix|0 fnt
|faint|p1a: Hendrix
|
|upkeep
|-message|Dreambirt+ forfeited.
|
|win|ChriszGOAT
|raw|Dreambirt+'s rating: 1093 &rarr; <strong>1070</strong><br />(-23 for losing)
|raw|ChriszGOAT's rating: 1110 &rarr; <strong>1134</strong><br />(+24 for winning)
|l|☆Dreambirt+
|player|p1|
|l|☆ChriszGOAT
|player|p2|
