|badge|p1|silver|gen9doublesou|30-7
|badge|p1|bronze|gen9ru|100-7
|uhtml|medal-msg|<div class="broadcast-blue">Curious what those medals under the avatar are? PS now has Ladder Seasons! For more information, check out the <a href="https://www.smogon.com/forums/threads/3740067/">thread on Smogon.</a></div>
|j|☆3idk
|j|☆larp legion
|inactive|Battle timer is ON: inactive players will automatically lose when time's up.
|t:|1760369760
|gametype|singles
|player|p1|3idk|cynthia-masters|
|player|p2|larp legion|scientist-gen4dp|
|gen|9
|tier|[Gen 9] OU
|rated|Tournament battle
|rule|HP Percentage Mod: HP is shown in percentages
|rule|Endless Battle Clause: Forcing endless battles is banned
|rule|Species Clause: Limit one of each Pokémon
|rule|OHKO Clause: OHKO moves are banned
|rule|Evasion Items Clause: Evasion items are banned
|rule|Evasion Moves Clause: Evasion moves are banned
|rule|Evasion Abilities Clause: Evasion abilities are banned
|rule|Sleep Moves Clause: Sleep-inducing moves are banned
|clearpoke
|poke|p1|Pelipper, M|
|poke|p1|Tornadus-Therian, M|
|poke|p1|Iron Treads|
|poke|p1|Decidueye-Hisui, M|
|poke|p1|Barraskewda, M|
|poke|p1|Raging Bolt|
|poke|p2|Toxicroak, F|
|poke|p2|Smeargle, M|
|poke|p2|Crawdaunt, F|
|poke|p2|Iron Treads|
|poke|p2|Gholdengo|
|poke|p2|Enamorus, F|
|teampreview
|inactive|larp legion also wants the timer to be on.
|inactive|3idk also wants the timer to be on.
|j| Dr. Yoshimistu
|j| Acu1ty
|j| lpgm10
|inactive|larp legion has 120 seconds left.
|l| lpgm10
|
|t:|1760369803
|teamsize|p1|6
|teamsize|p2|6
|start
|switch|p1a: Tornadus|Tornadus-Therian, M|100/100
|switch|p2a: Smeargle|Smeargle, M|100/100
|turn|1
|
|t:|1760369807
|move|p1a: Tornadus|U-turn|p2a: Smeargle
|-crit|p2a: Smeargle
|-damage|p2a: Smeargle|63/100
|
|t:|1760369811
|switch|p1a: Iron Treads|Iron Treads|100/100|[from] U-turn
|move|p2a: Smeargle|Sticky Web|p1a: Iron Treads
|-sidestart|p1: 3idk|move: Sticky Web
|
|upkeep
|turn|2
|
|t:|1760369814
|move|p2a: Smeargle|Burning Bulwark|p2a: Smeargle
|-singleturn|p2a: Smeargle|move: Protect
|move|p1a: Iron Treads|Knock Off|p2a: Smeargle
|-activate|p2a: Smeargle|move: Protect
|-status|p1a: Iron Treads|brn
|
|-damage|p1a: Iron Treads|94/100 brn|[from] brn
|upkeep
|turn|3
|
|t:|1760369818
|move|p1a: Iron Treads|Stealth Rock|p2a: Smeargle
|-sidestart|p2: larp legion|move: Stealth Rock
|move|p2a: Smeargle|Stone Axe|p1a: Iron Treads
|-resisted|p1a: Iron Treads
|-damage|p1a: Iron Treads|94/100 brn
|-sidestart|p1: 3idk|move: Stealth Rock
|
|-heal|p1a: Iron Treads|99/100 brn|[from] item: Leftovers
|-damage|p1a: Iron Treads|94/100 brn|[from] brn
|upkeep
|turn|4
|
|t:|1760369822
|move|p1a: Iron Treads|Knock Off|p2a: Smeargle
|-damage|p2a: Smeargle|41/100
|-enditem|p2a: Smeargle|Focus Sash|[from] move: Knock Off|[of] p1a: Iron Treads
|move|p2a: Smeargle|Rapid Spin|p1a: Iron Treads
|-resisted|p1a: Iron Treads
|-damage|p1a: Iron Treads|91/100 brn
|-boost|p2a: Smeargle|spe|1
|-sideend|p2: larp legion|Stealth Rock|[from] move: Rapid Spin|[of] p2a: Smeargle
|
|-heal|p1a: Iron Treads|97/100 brn|[from] item: Leftovers
|-damage|p1a: Iron Treads|91/100 brn|[from] brn
|upkeep
|turn|5
|
|t:|1760369828
|switch|p2a: Gholdengo|Gholdengo|100/100
|-item|p2a: Gholdengo|Air Balloon
|move|p1a: Iron Treads|Knock Off|p2a: Gholdengo
|-supereffective|p2a: Gholdengo
|-damage|p2a: Gholdengo|71/100
|-enditem|p2a: Gholdengo|Air Balloon
|
|-heal|p1a: Iron Treads|97/100 brn|[from] item: Leftovers
|-damage|p1a: Iron Treads|91/100 brn|[from] brn
|upkeep
|turn|6
|
|t:|1760369838
|move|p2a: Gholdengo|Shadow Ball|p1a: Iron Treads
|-damage|p1a: Iron Treads|51/100 brn
|move|p1a: Iron Treads|Earthquake|p2a: Gholdengo
|-supereffective|p2a: Gholdengo
|-damage|p2a: Gholdengo|27/100
|
|-heal|p1a: Iron Treads|57/100 brn|[from] item: Leftovers
|-damage|p1a: Iron Treads|51/100 brn|[from] brn
|upkeep
|turn|7
|
|t:|1760369843
|move|p2a: Gholdengo|Shadow Ball|p1a: Iron Treads
|-damage|p1a: Iron Treads|15/100 brn
|move|p1a: Iron Treads|Earthquake|p2a: Gholdengo
|-supereffective|p2a: Gholdengo
|-damage|p2a: Gholdengo|0 fnt
|faint|p2a: Gholdengo
|
|-heal|p1a: Iron Treads|21/100 brn|[from] item: Leftovers
|-damage|p1a: Iron Treads|15/100 brn|[from] brn
|upkeep
|
|t:|1760369858
|switch|p2a: Iron Treads|Iron Treads|100/100
|-enditem|p2a: Iron Treads|Booster Energy
|-activate|p2a: Iron Treads|ability: Quark Drive|[fromitem]
|-start|p2a: Iron Treads|quarkdrivespe
|turn|8
|
|t:|1760369865
|move|p2a: Iron Treads|Knock Off|p1a: Iron Treads
|-damage|p1a: Iron Treads|0 fnt
|-enditem|p1a: Iron Treads|Leftovers|[from] move: Knock Off|[of] p2a: Iron Treads
|faint|p1a: Iron Treads
|-end|p1a: Iron Treads|Quark Drive|[silent]
|
|upkeep
|
|t:|1760369870
|switch|p1a: Pelipper|Pelipper, M|100/100
|-damage|p1a: Pelipper|76/100|[from] Stealth Rock
|-weather|RainDance|[from] ability: Drizzle|[of] p1a: Pelipper
|turn|9
|
|t:|1760369874
|move|p2a: Iron Treads|Knock Off|p1a: Pelipper
|-damage|p1a: Pelipper|57/100
|-enditem|p1a: Pelipper|Damp Rock|[from] move: Knock Off|[of] p2a: Iron Treads
|move|p1a: Pelipper|Surf|p2a: Iron Treads
|-supereffective|p2a: Iron Treads
|-damage|p2a: Iron Treads|0 fnt
|faint|p2a: Iron Treads
|-end|p2a: Iron Treads|Quark Drive|[silent]
|
|-weather|RainDance|[upkeep]
|upkeep
|
|t:|1760369884
|switch|p2a: Crawdaunt|Crawdaunt, F|100/100
|turn|10
|
|t:|1760369888
|switch|p1a: Decidueye|Decidueye-Hisui, M|100/100
|-activate|p1a: Decidueye|move: Sticky Web
|-unboost|p1a: Decidueye|spe|1
|-damage|p1a: Decidueye|94/100|[from] Stealth Rock
|move|p2a: Crawdaunt|Swords Dance|p2a: Crawdaunt
|-boost|p2a: Crawdaunt|atk|2
|
|-weather|RainDance|[upkeep]
|upkeep
|turn|11
|l| Dr. Yoshimistu
|
|t:|1760369900
|move|p2a: Crawdaunt|Crabhammer|p1a: Decidueye
|-resisted|p1a: Decidueye
|-damage|p1a: Decidueye|0 fnt
|-damage|p2a: Crawdaunt|84/100|[from] item: Rocky Helmet|[of] p1a: Decidueye
|faint|p1a: Decidueye
|
|-weather|RainDance|[upkeep]
|upkeep
|
|t:|1760369903
|switch|p1a: Raging Bolt|Raging Bolt|100/100
|-activate|p1a: Raging Bolt|move: Sticky Web
|-unboost|p1a: Raging Bolt|spe|1
|-damage|p1a: Raging Bolt|88/100|[from] Stealth Rock
|-enditem|p1a: Raging Bolt|Booster Energy
|-activate|p1a: Raging Bolt|ability: Protosynthesis|[fromitem]
|-start|p1a: Raging Bolt|protosynthesisspa
|turn|12
|
|t:|1760369908
|move|p2a: Crawdaunt|Aqua Jet|p1a: Raging Bolt
|-resisted|p1a: Raging Bolt
|-damage|p1a: Raging Bolt|43/100
|move|p1a: Raging Bolt|Thunder|p2a: Crawdaunt
|-supereffective|p2a: Crawdaunt
|-damage|p2a: Crawdaunt|0 fnt
|faint|p2a: Crawdaunt
|
|-weather|RainDance|[upkeep]
|upkeep
|j| GOAT of CC1v1
|
|t:|1760369915
|switch|p2a: Conquest|Enamorus, F|100/100
|turn|13
|
|t:|1760369919
|move|p2a: Conquest|Substitute|p2a: Conquest
|-start|p2a: Conquest|Substitute
|-damage|p2a: Conquest|76/100
|move|p1a: Raging Bolt|Weather Ball|p2a: Conquest
|-end|p2a: Conquest|Substitute
|
|-weather|RainDance|[upkeep]
|-heal|p2a: Conquest|82/100|[from] item: Leftovers
|upkeep
|turn|14
|
|t:|1760369925
|move|p2a: Conquest|Substitute|p2a: Conquest
|-start|p2a: Conquest|Substitute
|-damage|p2a: Conquest|57/100
|move|p1a: Raging Bolt|Weather Ball|p2a: Conquest
|-end|p2a: Conquest|Substitute
|
|-weather|RainDance|[upkeep]
|-heal|p2a: Conquest|63/100|[from] item: Leftovers
|upkeep
|turn|15
|
|t:|1760369928
|move|p2a: Conquest|Moonblast|p1a: Raging Bolt
|-supereffective|p1a: Raging Bolt
|-damage|p1a: Raging Bolt|0 fnt
|faint|p1a: Raging Bolt
|-end|p1a: Raging Bolt|Protosynthesis|[silent]
|
|-weather|RainDance|[upkeep]
|-heal|p2a: Conquest|69/100|[from] item: Leftovers
|upkeep
|
|t:|1760369933
|switch|p1a: Tornadus|Tornadus-Therian, M|100/100
|-damage|p1a: Tornadus|76/100|[from] Stealth Rock
|turn|16
|
|t:|1760369941
|switch|p2a: Smeargle|Smeargle, M|41/100
|move|p1a: Tornadus|Hurricane|p2a: Smeargle
|-damage|p2a: Smeargle|0 fnt
|faint|p2a: Smeargle
|
|-weather|none
|upkeep
|
|t:|1760369943
|switch|p2a: Toxicroak|Toxicroak, F|100/100
|turn|17
|
|t:|1760369948
|switch|p1a: Pelipper|Pelipper, M|57/100
|-damage|p1a: Pelipper|32/100|[from] Stealth Rock
|-weather|RainDance|[from] ability: Drizzle|[of] p1a: Pelipper
|-terastallize|p2a: Toxicroak|Ghost
|move|p2a: Toxicroak|Sludge Bomb|p1a: Pelipper
|-damage|p1a: Pelipper|0 fnt
|faint|p1a: Pelipper
|-damage|p2a: Toxicroak|91/100|[from] item: Life Orb
|
|-weather|RainDance|[upkeep]
|-heal|p2a: Toxicroak|100/100|[from] ability: Dry Skin
|upkeep
|
|t:|1760369951
|switch|p1a: Tornadus|Tornadus-Therian, M|100/100
|-damage|p1a: Tornadus|76/100|[from] Stealth Rock
|turn|18
|
|t:|1760369954
|move|p1a: Tornadus|Hurricane|p2a: Toxicroak
|-damage|p2a: Toxicroak|0 fnt
|faint|p2a: Toxicroak
|
|-weather|RainDance|[upkeep]
|upkeep
|
|t:|1760369957
|switch|p2a: Conquest|Enamorus, F|69/100
|turn|19
|
|t:|1760369960
|-terastallize|p1a: Tornadus|Flying
|move|p1a: Tornadus|Hurricane|p2a: Conquest
|-damage|p2a: Conquest|0 fnt
|faint|p2a: Conquest
|
|win|3idk
|n|☆3idk|3idk
|n|☆larp legion|larplegion
|n| Acu1ty|acu1ty
|n| GOAT of CC1v1|goatofcc1v1
|l|☆larp legion
|player|p2|
|l| Acu1ty
|l| GOAT of CC1v1
