|j|☆JFKwasAFk4
|j|☆Pastel Lesbian
|t:|1760363051
|gametype|singles
|player|p1|JFKwasAFk4|1|1237
|player|p2|Pastel Lesbian|aromalady|1269
|gen|9
|tier|[Gen 9] OU
|rated|
|rule|HP Percentage Mod: HP is shown in percentages
|rule|Endless Battle Clause: Forcing endless battles is banned
|rule|Species Clause: Limit one of each Pokémon
|rule|OHKO Clause: OHKO moves are banned
|rule|Evasion Items Clause: Evasion items are banned
|rule|Evasion Moves Clause: Evasion moves are banned
|rule|Evasion Abilities Clause: Evasion abilities are banned
|rule|Sleep Moves Clause: Sleep-inducing moves are banned
|clearpoke
|poke|p1|Tyranitar, M|
|poke|p1|Excadrill, M|
|poke|p1|Tornadus-Therian, M|
|poke|p1|Tinkaton, F|
|poke|p1|Sinistcha|
|poke|p1|Toxapex, M|
|poke|p2|Zapdos|
|poke|p2|Dragapult, F|
|poke|p2|Flamigo, M|
|poke|p2|Primarina, F|
|poke|p2|Gliscor, M|
|poke|p2|Kleavor, F|
|teampreview
|
|t:|1760363056
|teamsize|p1|6
|teamsize|p2|6
|start
|switch|p1a: Tyranitar|Tyranitar, M, shiny|100/100
|switch|p2a: Kleavor|Kleavor, F|100/100
|-weather|Sandstorm|[from] ability: Sand Stream|[of] p1a: Tyranitar
|turn|1
|
|t:|1760363064
|move|p1a: Tyranitar|Stone Edge|p2a: Kleavor
|-supereffective|p2a: Kleavor
|-damage|p2a: Kleavor|0 fnt
|faint|p2a: Kleavor
|
|-weather|Sandstorm|[upkeep]
|upkeep
|
|t:|1760363075
|switch|p2a: Gliscor|Gliscor, M|100/100
|turn|2
|
|t:|1760363079
|move|p2a: Gliscor|Stealth Rock|p1a: Tyranitar
|-sidestart|p1: JFKwasAFk4|move: Stealth Rock
|move|p1a: Tyranitar|Stone Edge|p2a: Gliscor|[miss]
|-miss|p1a: Tyranitar|p2a: Gliscor
|
|-weather|Sandstorm|[upkeep]
|-status|p2a: Gliscor|tox|[from] item: Toxic Orb
|upkeep
|turn|3
|
|t:|1760363091
|switch|p1a: Tinkaton|Tinkaton, F, shiny|100/100
|-damage|p1a: Tinkaton|94/100|[from] Stealth Rock
|-item|p1a: Tinkaton|Air Balloon
|move|p2a: Gliscor|Earthquake|p1a: Tinkaton
|-immune|p1a: Tinkaton
|
|-weather|Sandstorm|[upkeep]
|upkeep
|turn|4
|
|t:|1760363096
|move|p1a: Tinkaton|Ice Hammer|p2a: Gliscor
|-supereffective|p2a: Gliscor
|-damage|p2a: Gliscor|16/100 tox
|-unboost|p1a: Tinkaton|spe|1
|move|p2a: Gliscor|Dual Wingbeat|p1a: Tinkaton
|-resisted|p1a: Tinkaton
|-damage|p1a: Tinkaton|82/100
|-enditem|p1a: Tinkaton|Air Balloon
|-resisted|p1a: Tinkaton
|-damage|p1a: Tinkaton|70/100
|-hitcount|p1a: Tinkaton|2
|-enditem|p2a: Gliscor|Toxic Orb|[silent]|[from] ability: Pickpocket|[of] p2a: Gliscor
|-item|p1a: Tinkaton|Toxic Orb|[from] ability: Pickpocket|[of] p2a: Gliscor
|
|-weather|Sandstorm|[upkeep]
|-heal|p2a: Gliscor|28/100 tox|[from] ability: Poison Heal
|upkeep
|turn|5
|
|t:|1760363111
|move|p2a: Gliscor|Protect|p2a: Gliscor
|-singleturn|p2a: Gliscor|Protect
|move|p1a: Tinkaton|Gigaton Hammer|p2a: Gliscor
|-activate|p2a: Gliscor|move: Protect
|
|-weather|none
|-heal|p2a: Gliscor|41/100 tox|[from] ability: Poison Heal
|upkeep
|turn|6
|
|t:|1760363123
|switch|p2a: Primarina|Primarina, F|100/100
|move|p1a: Tinkaton|Ice Hammer|p2a: Primarina
|-resisted|p2a: Primarina
|-damage|p2a: Primarina|87/100
|-unboost|p1a: Tinkaton|spe|1
|
|upkeep
|turn|7
|inactive|Battle timer is ON: inactive players will automatically lose when time's up. (requested by JFKwasAFk4)
|
|t:|1760363138
|move|p1a: Tinkaton|Gigaton Hammer|p2a: Primarina
|-damage|p2a: Primarina|16/100
|move|p2a: Primarina|Surf|p1a: Tinkaton
|-damage|p1a: Tinkaton|0 fnt
|faint|p1a: Tinkaton
|
|upkeep
|
|t:|1760363145
|switch|p1a: Tornadus|Tornadus-Therian, M, shiny|100/100
|-damage|p1a: Tornadus|76/100|[from] Stealth Rock
|turn|8
|
|t:|1760363158
|move|p1a: Tornadus|Bleakwind Storm|p2a: Primarina|[miss]
|-miss|p1a: Tornadus|p2a: Primarina
|move|p2a: Primarina|Ice Beam|p1a: Tornadus
|-supereffective|p1a: Tornadus
|-damage|p1a: Tornadus|0 fnt
|faint|p1a: Tornadus
|
|upkeep
|
|t:|1760363164
|switch|p1a: Excadrill|Excadrill, M, shiny|100/100
|-damage|p1a: Excadrill|97/100|[from] Stealth Rock
|turn|9
|
|t:|1760363172
|switch|p2a: Gliscor|Gliscor, M|41/100 tox
|move|p1a: Excadrill|Rapid Spin|p2a: Gliscor
|-damage|p2a: Gliscor|24/100 tox
|-boost|p1a: Excadrill|spe|1
|-sideend|p1: JFKwasAFk4|Stealth Rock|[from] move: Rapid Spin|[of] p1a: Excadrill
|
|-heal|p1a: Excadrill|100/100|[from] item: Leftovers
|-heal|p2a: Gliscor|36/100 tox|[from] ability: Poison Heal
|upkeep
|turn|10
|
|t:|1760363178
|move|p2a: Gliscor|Protect|p2a: Gliscor
|-singleturn|p2a: Gliscor|Protect
|move|p1a: Excadrill|Substitute|p1a: Excadrill
|-start|p1a: Excadrill|Substitute
|-damage|p1a: Excadrill|76/100
|
|-heal|p1a: Excadrill|82/100|[from] item: Leftovers
|-heal|p2a: Gliscor|49/100 tox|[from] ability: Poison Heal
|upkeep
|turn|11
|
|t:|1760363190
|move|p1a: Excadrill|Rock Slide|p2a: Gliscor
|-damage|p2a: Gliscor|27/100 tox
|cant|p2a: Gliscor|flinch
|
|-heal|p1a: Excadrill|88/100|[from] item: Leftovers
|-heal|p2a: Gliscor|39/100 tox|[from] ability: Poison Heal
|upkeep
|turn|12
|
|t:|1760363200
|move|p1a: Excadrill|Rapid Spin|p2a: Gliscor
|-damage|p2a: Gliscor|23/100 tox
|-boost|p1a: Excadrill|spe|1
|move|p2a: Gliscor|Earthquake|p1a: Excadrill
|-supereffective|p1a: Excadrill
|-crit|p1a: Excadrill
|-end|p1a: Excadrill|Substitute
|
|-heal|p1a: Excadrill|94/100|[from] item: Leftovers
|-heal|p2a: Gliscor|35/100 tox|[from] ability: Poison Heal
|upkeep
|turn|13
|
|t:|1760363205
|move|p1a: Excadrill|Rock Slide|p2a: Gliscor
|-damage|p2a: Gliscor|12/100 tox
|move|p2a: Gliscor|Earthquake|p1a: Excadrill
|-supereffective|p1a: Excadrill
|-crit|p1a: Excadrill
|-damage|p1a: Excadrill|0 fnt
|faint|p1a: Excadrill
|
|-heal|p2a: Gliscor|24/100 tox|[from] ability: Poison Heal
|upkeep
|
|t:|1760363212
|switch|p1a: Tyranitar|Tyranitar, M, shiny|100/100
|-weather|Sandstorm|[from] ability: Sand Stream|[of] p1a: Tyranitar
|turn|14
|
|t:|1760363218
|move|p2a: Gliscor|Stealth Rock|p1a: Tyranitar
|-sidestart|p1: JFKwasAFk4|move: Stealth Rock
|move|p1a: Tyranitar|Ice Punch|p2a: Gliscor
|-supereffective|p2a: Gliscor
|-damage|p2a: Gliscor|0 fnt
|faint|p2a: Gliscor
|
|-weather|Sandstorm|[upkeep]
|upkeep
|
|t:|1760363224
|switch|p2a: Flamigo|Flamigo, M|100/100
|turn|15
|
|t:|1760363229
|move|p2a: Flamigo|Close Combat|p1a: Tyranitar
|-supereffective|p1a: Tyranitar
|-damage|p1a: Tyranitar|0 fnt
|-unboost|p2a: Flamigo|def|1
|-unboost|p2a: Flamigo|spd|1
|faint|p1a: Tyranitar
|
|-weather|Sandstorm|[upkeep]
|-damage|p2a: Flamigo|94/100|[from] Sandstorm
|upkeep
|
|t:|1760363233
|switch|p1a: Sinistcha|Sinistcha, shiny|100/100
|-damage|p1a: Sinistcha|88/100|[from] Stealth Rock
|turn|16
|
|t:|1760363245
|switch|p2a: Primarina|Primarina, F|16/100
|move|p1a: Sinistcha|Calm Mind|p1a: Sinistcha
|-boost|p1a: Sinistcha|spa|1
|-boost|p1a: Sinistcha|spd|1
|
|-weather|Sandstorm|[upkeep]
|-damage|p1a: Sinistcha|82/100|[from] Sandstorm
|-damage|p2a: Primarina|10/100|[from] Sandstorm
|-heal|p1a: Sinistcha|88/100|[from] item: Leftovers
|upkeep
|turn|17
|
|t:|1760363253
|move|p1a: Sinistcha|Shadow Ball|p2a: Primarina
|-damage|p2a: Primarina|0 fnt
|faint|p2a: Primarina
|
|-weather|Sandstorm|[upkeep]
|-damage|p1a: Sinistcha|82/100|[from] Sandstorm
|-heal|p1a: Sinistcha|88/100|[from] item: Leftovers
|upkeep
|
|t:|1760363259
|switch|p2a: Flamigo|Flamigo, M|94/100
|turn|18
|
|t:|1760363267
|move|p2a: Flamigo|U-turn|p1a: Sinistcha
|-damage|p1a: Sinistcha|65/100
|
|t:|1760363270
|switch|p2a: Zapdos|Zapdos|100/100|[from] U-turn
|move|p1a: Sinistcha|Strength Sap|p2a: Zapdos
|-unboost|p2a: Zapdos|atk|1
|-heal|p1a: Sinistcha|100/100
|
|-weather|none
|upkeep
|turn|19
|
|t:|1760363277
|move|p2a: Zapdos|Volt Switch|p1a: Sinistcha
|-resisted|p1a: Sinistcha
|-damage|p1a: Sinistcha|79/100
|
|t:|1760363282
|switch|p2a: Flamigo|Flamigo, M|94/100|[from] Volt Switch
|move|p1a: Sinistcha|Shadow Ball|p2a: Flamigo
|-damage|p2a: Flamigo|16/100
|
|-heal|p1a: Sinistcha|85/100|[from] item: Leftovers
|upkeep
|turn|20
|
|t:|1760363291
|move|p2a: Flamigo|Brave Bird|p1a: Sinistcha
|-supereffective|p1a: Sinistcha
|-damage|p1a: Sinistcha|0 fnt
|faint|p1a: Sinistcha
|-damage|p2a: Flamigo|0 fnt|[from] Recoil
|faint|p2a: Flamigo
|
|upkeep
|
|t:|1760363297
|switch|p2a: Zapdos|Zapdos|100/100
|switch|p1a: Toxapex|Toxapex, M, shiny|100/100
|-damage|p1a: Toxapex|88/100|[from] Stealth Rock
|turn|21
|
|t:|1760363303
|-terastallize|p1a: Toxapex|Fairy
|move|p2a: Zapdos|Thunderbolt|p1a: Toxapex
|-damage|p1a: Toxapex|44/100
|move|p1a: Toxapex|Toxic|p2a: Zapdos
|-status|p2a: Zapdos|tox
|
|-damage|p2a: Zapdos|94/100 tox|[from] psn
|upkeep
|turn|22
|
|t:|1760363311
|switch|p2a: Dragapult|Dragapult, F|100/100
|move|p1a: Toxapex|Recover|p1a: Toxapex
|-heal|p1a: Toxapex|94/100
|
|upkeep
|turn|23
|
|t:|1760363324
|move|p2a: Dragapult|Tera Blast|p1a: Toxapex
|-damage|p1a: Toxapex|83/100
|move|p1a: Toxapex|Toxic|p2a: Dragapult
|-status|p2a: Dragapult|tox
|
|-damage|p2a: Dragapult|95/100 tox|[from] psn
|upkeep
|turn|24
|
|t:|1760363330
|switch|p2a: Zapdos|Zapdos|94/100 tox
|move|p1a: Toxapex|Toxic Spikes|p2a: Zapdos
|-sidestart|p2: Pastel Lesbian|move: Toxic Spikes
|
|-damage|p2a: Zapdos|88/100 tox|[from] psn
|upkeep
|turn|25
|
|t:|1760363346
|move|p2a: Zapdos|Thunderbolt|p1a: Toxapex
|-damage|p1a: Toxapex|39/100
|move|p1a: Toxapex|Recover|p1a: Toxapex
|-heal|p1a: Toxapex|89/100
|
|-damage|p2a: Zapdos|76/100 tox|[from] psn
|upkeep
|turn|26
|
|t:|1760363356
|move|p2a: Zapdos|Thunderbolt|p1a: Toxapex
|-damage|p1a: Toxapex|42/100
|move|p1a: Toxapex|Toxic Spikes|p2a: Zapdos
|-sidestart|p2: Pastel Lesbian|move: Toxic Spikes
|
|-damage|p2a: Zapdos|57/100 tox|[from] psn
|upkeep
|turn|27
|
|t:|1760363361
|move|p2a: Zapdos|Thunderbolt|p1a: Toxapex
|-damage|p1a: Toxapex|0 fnt
|faint|p1a: Toxapex
|
|win|Pastel Lesbian
|raw|JFKwasAFk4's rating: 1237 &rarr; <strong>1214</strong><br />(-23 for losing)
|raw|Pastel Lesbian's rating: 1269 &rarr; <strong>1292</strong><br />(+23 for winning)
|l|☆Pastel Lesbian
|player|p2|
|l|☆JFKwasAFk4
|player|p1|
