|j|☆serious_rig
|j|‽zippitytippity
|t:|1760437417
|gametype|singles
|player|p1|serious_rig|giovanni|1524
|player|p2|zippitytippity|cynthia-masters3|1560
|gen|9
|tier|[Gen 9] OU
|rated|
|rule|HP Percentage Mod: HP is shown in percentages
|rule|Endless Battle Clause: Forcing endless battles is banned
|rule|Species Clause: Limit one of each Pokémon
|rule|OHKO Clause: OHKO moves are banned
|rule|Evasion Items Clause: Evasion items are banned
|rule|Evasion Moves Clause: Evasion moves are banned
|rule|Evasion Abilities Clause: Evasion abilities are banned
|rule|Sleep Moves Clause: Sleep-inducing moves are banned
|clearpoke
|poke|p1|Zapdos|
|poke|p1|Iron Valiant|
|poke|p1|Ogerpon-Wellspring, F|
|poke|p1|Ting-Lu|
|poke|p1|Glimmora, M|
|poke|p1|Kingambit, F|
|poke|p2|Ursaluna, M|
|poke|p2|Cresselia, F|
|poke|p2|Iron Valiant|
|poke|p2|Hatterene, F|
|poke|p2|Keldeo-Resolute|
|poke|p2|Ogerpon, F|
|teampreview
|inactive|Battle timer is ON: inactive players will automatically lose when time's up. (requested by serious_rig)
|
|t:|1760437426
|teamsize|p1|6
|teamsize|p2|6
|start
|switch|p1a: Zapdos|Zapdos|100/100
|switch|p2a: Hatterene|Hatterene, F, shiny|100/100
|turn|1
|
|t:|1760437431
|move|p1a: Zapdos|Hurricane|p2a: Hatterene
|-damage|p2a: Hatterene|40/100
|move|p2a: Hatterene|Trick Room|p2a: Hatterene
|-fieldstart|move: Trick Room|[of] p2a: Hatterene
|
|upkeep
|turn|2
|
|t:|1760437436
|move|p2a: Hatterene|Psychic Noise|p1a: Zapdos
|-damage|p1a: Zapdos|48/100
|-start|p1a: Zapdos|move: Heal Block
|move|p1a: Zapdos|Volt Switch|p2a: Hatterene
|-damage|p2a: Hatterene|3/100
|
|t:|1760437442
|switch|p1a: Kingambit|Kingambit, F|100/100|[from] Volt Switch
|
|upkeep
|turn|3
|
|t:|1760437445
|move|p2a: Hatterene|Dazzling Gleam|p1a: Kingambit
|-damage|p1a: Kingambit|57/100
|move|p1a: Kingambit|Iron Head|p2a: Hatterene
|-supereffective|p2a: Hatterene
|-damage|p2a: Hatterene|0 fnt
|faint|p2a: Hatterene
|
|-heal|p1a: Kingambit|63/100|[from] item: Leftovers
|upkeep
|
|t:|1760437454
|switch|p2a: Keldeo|Keldeo-Resolute|100/100
|turn|4
|
|t:|1760437461
|-end|p1a: Kingambit|fallenundefined|[silent]
|switch|p1a: Ogerpon|Ogerpon-Wellspring, F|100/100
|move|p2a: Keldeo|Vacuum Wave|p1a: Ogerpon
|-damage|p1a: Ogerpon|59/100
|
|upkeep
|turn|5
|
|t:|1760437467
|switch|p2a: Ogerpon|Ogerpon, F|100/100
|move|p1a: Ogerpon|Horn Leech|p2a: Ogerpon
|-resisted|p2a: Ogerpon
|-damage|p2a: Ogerpon|70/100
|-heal|p1a: Ogerpon|75/100|[from] drain|[of] p2a: Ogerpon
|
|-fieldend|move: Trick Room
|upkeep
|turn|6
|
|t:|1760437473
|switch|p1a: Zapdos|Zapdos|48/100
|move|p2a: Ogerpon|Knock Off|p1a: Zapdos
|-damage|p1a: Zapdos|0 fnt
|-enditem|p1a: Zapdos|Heavy-Duty Boots|[from] move: Knock Off|[of] p2a: Ogerpon
|faint|p1a: Zapdos
|
|upkeep
|
|t:|1760437481
|switch|p1a: Glimmora|Glimmora, M|100/100
|-item|p1a: Glimmora|Air Balloon
|turn|7
|
|t:|1760437484
|switch|p2a: Ursaluna|Ursaluna, M, shiny|100/100
|move|p1a: Glimmora|Sludge Wave|p2a: Ursaluna
|-resisted|p2a: Ursaluna
|-damage|p2a: Ursaluna|77/100
|
|-status|p2a: Ursaluna|brn|[from] item: Flame Orb
|upkeep
|turn|8
|
|t:|1760437489
|move|p1a: Glimmora|Earth Power|p2a: Ursaluna
|-damage|p2a: Ursaluna|48/100 brn
|move|p2a: Ursaluna|Headlong Rush|p1a: Glimmora
|-immune|p1a: Glimmora
|
|-damage|p2a: Ursaluna|42/100 brn|[from] brn
|upkeep
|turn|9
|
|t:|1760437497
|switch|p2a: Keldeo|Keldeo-Resolute|100/100
|move|p1a: Glimmora|Earth Power|p2a: Keldeo
|-damage|p2a: Keldeo|64/100
|
|upkeep
|turn|10
|
|t:|1760437502
|move|p2a: Keldeo|Secret Sword|p1a: Glimmora
|-damage|p1a: Glimmora|14/100
|-enditem|p1a: Glimmora|Air Balloon
|move|p1a: Glimmora|Power Gem|p2a: Keldeo
|-resisted|p2a: Keldeo
|-damage|p2a: Keldeo|39/100
|
|upkeep
|turn|11
|
|t:|1760437509
|move|p2a: Keldeo|Secret Sword|p1a: Glimmora
|-damage|p1a: Glimmora|0 fnt
|faint|p1a: Glimmora
|
|upkeep
|
|t:|1760437515
|switch|p1a: Iron Valiant|Iron Valiant|100/100
|-enditem|p1a: Iron Valiant|Booster Energy
|-activate|p1a: Iron Valiant|ability: Quark Drive|[fromitem]
|-start|p1a: Iron Valiant|quarkdrivespe
|turn|12
|
|t:|1760437519
|switch|p2a: Cresselia|Cresselia, F, shiny|100/100
|move|p1a: Iron Valiant|Moonblast|p2a: Cresselia
|-damage|p2a: Cresselia|73/100
|-unboost|p2a: Cresselia|spa|1
|
|upkeep
|turn|13
|
|t:|1760437524
|move|p1a: Iron Valiant|Calm Mind|p1a: Iron Valiant
|-boost|p1a: Iron Valiant|spa|1
|-boost|p1a: Iron Valiant|spd|1
|move|p2a: Cresselia|Trick Room|p2a: Cresselia
|-fieldstart|move: Trick Room|[of] p2a: Cresselia
|
|upkeep
|turn|14
|
|t:|1760437526
|move|p2a: Cresselia|Psychic|p1a: Iron Valiant
|-supereffective|p1a: Iron Valiant
|-damage|p1a: Iron Valiant|62/100
|move|p1a: Iron Valiant|Shadow Ball|p2a: Cresselia
|-supereffective|p2a: Cresselia
|-damage|p2a: Cresselia|24/100
|
|upkeep
|turn|15
|
|t:|1760437530
|move|p2a: Cresselia|Lunar Dance|p2a: Cresselia
|faint|p2a: Cresselia
|move|p1a: Iron Valiant|Shadow Ball|p2: Cresselia|[notarget]
|-fail|p1a: Iron Valiant
|
|upkeep
|
|t:|1760437532
|switch|p2a: Ursaluna|Ursaluna, M, shiny|42/100 brn
|-heal|p2a: Ursaluna|100/100|[from] move: Lunar Dance
|turn|16
|
|t:|1760437538
|-terastallize|p1a: Iron Valiant|Ghost
|move|p2a: Ursaluna|Headlong Rush|p1a: Iron Valiant
|-damage|p1a: Iron Valiant|0 fnt
|-unboost|p2a: Ursaluna|def|1
|-unboost|p2a: Ursaluna|spd|1
|faint|p1a: Iron Valiant
|-end|p1a: Iron Valiant|Quark Drive|[silent]
|
|-status|p2a: Ursaluna|brn|[from] item: Flame Orb
|upkeep
|
|t:|1760437544
|switch|p1a: Ogerpon|Ogerpon-Wellspring, F|75/100
|turn|17
|
|t:|1760437548
|move|p2a: Ursaluna|Facade|p1a: Ogerpon
|-damage|p1a: Ogerpon|0 fnt
|faint|p1a: Ogerpon
|
|-damage|p2a: Ursaluna|94/100 brn|[from] brn
|-fieldend|move: Trick Room
|upkeep
|
|t:|1760437551
|switch|p1a: Ting-Lu|Ting-Lu|100/100
|-ability|p1a: Ting-Lu|Vessel of Ruin
|turn|18
|
|t:|1760437555
|-terastallize|p2a: Ursaluna|Normal
|move|p1a: Ting-Lu|Ruination|p2a: Ursaluna
|-damage|p2a: Ursaluna|48/100 brn
|move|p2a: Ursaluna|Facade|p1a: Ting-Lu
|-damage|p1a: Ting-Lu|29/100
|
|-heal|p1a: Ting-Lu|36/100|[from] item: Leftovers
|-damage|p2a: Ursaluna|42/100 brn|[from] brn
|upkeep
|turn|19
|
|t:|1760437559
|move|p1a: Ting-Lu|Earthquake|p2a: Ursaluna
|-damage|p2a: Ursaluna|1/100 brn
|move|p2a: Ursaluna|Facade|p1a: Ting-Lu
|-damage|p1a: Ting-Lu|0 fnt
|faint|p1a: Ting-Lu
|
|-damage|p2a: Ursaluna|0 fnt|[from] brn
|faint|p2a: Ursaluna
|upkeep
|
|t:|1760437564
|switch|p1a: Kingambit|Kingambit, F|63/100
|switch|p2a: Keldeo|Keldeo-Resolute|39/100
|-activate|p1a: Kingambit|ability: Supreme Overlord
|-start|p1a: Kingambit|fallen5|[silent]
|turn|20
|
|t:|1760437567
|move|p2a: Keldeo|Vacuum Wave|p1a: Kingambit
|-supereffective|p1a: Kingambit
|-damage|p1a: Kingambit|0 fnt
|faint|p1a: Kingambit
|-end|p1a: Kingambit|fallen5|[silent]
|
|win|zippitytippity
|raw|serious_rig's rating: 1524 &rarr; <strong>1506</strong><br />(-18 for losing)
|raw|zippitytippity's rating: 1560 &rarr; <strong>1578</strong><br />(+18 for winning)
|l|☆serious_rig
|player|p1|
|l|‽zippitytippity
|player|p2|
