|j|☆khanhmanhnhat
|j|☆Ryan's World
|t:|1760348451
|gametype|singles
|player|p1|khanhmanhnhat|1|1247
|player|p2|Ryan's World|169|1336
|gen|9
|tier|[Gen 9] OU
|rated|
|rule|HP Percentage Mod: HP is shown in percentages
|rule|Endless Battle Clause: Forcing endless battles is banned
|rule|Species Clause: Limit one of each Pokémon
|rule|OHKO Clause: OHKO moves are banned
|rule|Evasion Items Clause: Evasion items are banned
|rule|Evasion Moves Clause: Evasion moves are banned
|rule|Evasion Abilities Clause: Evasion abilities are banned
|rule|Sleep Moves Clause: Sleep-inducing moves are banned
|clearpoke
|poke|p1|Sableye, F|
|poke|p1|Conkeldurr, F|
|poke|p1|Heatran, M|
|poke|p1|Grimmsnarl, M|
|poke|p1|Gholdengo|
|poke|p1|Cinccino, F|
|poke|p2|Corviknight, M|
|poke|p2|Clefable, F|
|poke|p2|Ting-Lu|
|poke|p2|Slowking-Galar, F|
|poke|p2|Deoxys-Speed|
|poke|p2|Keldeo-Resolute|
|teampreview
|inactive|Battle timer is ON: inactive players will automatically lose when time's up. (requested by Ryan's World)
|
|t:|1760348465
|teamsize|p1|6
|teamsize|p2|6
|start
|switch|p1a: Grimmsnarl|Grimmsnarl, M|100/100
|switch|p2a: Slowking|Slowking-Galar, F|100/100
|turn|1
|
|t:|1760348477
|move|p1a: Grimmsnarl|Fake Out|p2a: Slowking
|-damage|p2a: Slowking|90/100
|cant|p2a: Slowking|flinch
|
|upkeep
|turn|2
|
|t:|1760348484
|move|p1a: Grimmsnarl|Light Screen|p1a: Grimmsnarl
|-sidestart|p1: khanhmanhnhat|move: Light Screen
|move|p2a: Slowking|Toxic|p1a: Grimmsnarl
|-status|p1a: Grimmsnarl|tox
|
|-damage|p1a: Grimmsnarl|94/100 tox|[from] psn
|upkeep
|turn|3
|
|t:|1760348488
|move|p1a: Grimmsnarl|Reflect|p1a: Grimmsnarl
|-sidestart|p1: khanhmanhnhat|Reflect
|move|p2a: Slowking|Sludge Bomb|p1a: Grimmsnarl
|-supereffective|p1a: Grimmsnarl
|-damage|p1a: Grimmsnarl|65/100 tox
|
|-damage|p1a: Grimmsnarl|53/100 tox|[from] psn
|upkeep
|turn|4
|
|t:|1760348495
|switch|p1a: Heatran|Heatran, M|100/100
|-item|p1a: Heatran|Air Balloon
|-prepare|p2a: Slowking|Chilly Reception|[premajor]
|move|p2a: Slowking|Chilly Reception|p2a: Slowking
|-weather|Snowscape
|
|t:|1760348500
|switch|p2a: Keldeo|Keldeo-Resolute|100/100|[from] Chilly Reception
|
|-weather|Snowscape|[upkeep]
|upkeep
|turn|5
|
|t:|1760348519
|move|p2a: Keldeo|Surf|p1a: Heatran
|-supereffective|p1a: Heatran
|-damage|p1a: Heatran|59/100
|-enditem|p1a: Heatran|Air Balloon
|move|p1a: Heatran|Magma Storm|p2a: Keldeo
|-resisted|p2a: Keldeo
|-damage|p2a: Keldeo|66/100
|-activate|p2a: Keldeo|move: Magma Storm|[of] p1a: Heatran
|
|-weather|Snowscape|[upkeep]
|-damage|p2a: Keldeo|54/100|[from] move: Magma Storm|[partiallytrapped]
|upkeep
|turn|6
|
|t:|1760348534
|switch|p1a: Conkeldurr|Conkeldurr, F|100/100
|move|p2a: Keldeo|Flip Turn|p1a: Conkeldurr
|-damage|p1a: Conkeldurr|95/100
|
|t:|1760348537
|switch|p2a: Deoxys|Deoxys-Speed|100/100|[from] Flip Turn
|-ability|p2a: Deoxys|Pressure
|
|-weather|Snowscape|[upkeep]
|-status|p1a: Conkeldurr|brn|[from] item: Flame Orb
|upkeep
|turn|7
|
|t:|1760348544
|-terastallize|p1a: Conkeldurr|Normal
|move|p2a: Deoxys|Stealth Rock|p1a: Conkeldurr
|-sidestart|p1: khanhmanhnhat|move: Stealth Rock
|move|p1a: Conkeldurr|Knock Off|p2a: Deoxys
|-supereffective|p2a: Deoxys
|-damage|p2a: Deoxys|0 fnt
|-enditem|p2a: Deoxys|Heavy-Duty Boots|[from] move: Knock Off|[of] p1a: Conkeldurr
|faint|p2a: Deoxys
|
|-weather|Snowscape|[upkeep]
|-damage|p1a: Conkeldurr|89/100 brn|[from] brn
|upkeep
|
|t:|1760348553
|switch|p2a: Keldeo|Keldeo-Resolute|54/100
|turn|8
|
|t:|1760348558
|move|p1a: Conkeldurr|Mach Punch|p2a: Keldeo
|-damage|p2a: Keldeo|8/100
|move|p2a: Keldeo|Secret Sword|p1a: Conkeldurr
|-supereffective|p1a: Conkeldurr
|-damage|p1a: Conkeldurr|50/100 brn
|
|-weather|none
|-damage|p1a: Conkeldurr|43/100 brn|[from] brn
|upkeep
|turn|9
|
|t:|1760348565
|switch|p2a: Corviknight|Corviknight, M|100/100
|-ability|p2a: Corviknight|Pressure
|move|p1a: Conkeldurr|Mach Punch|p2a: Corviknight
|-damage|p2a: Corviknight|79/100
|-damage|p1a: Conkeldurr|27/100 brn|[from] item: Rocky Helmet|[of] p2a: Corviknight
|
|-damage|p1a: Conkeldurr|21/100 brn|[from] brn
|-sideend|p1: khanhmanhnhat|move: Light Screen
|upkeep
|turn|10
|
|t:|1760348574
|move|p2a: Corviknight|Roost|p2a: Corviknight
|-heal|p2a: Corviknight|100/100
|-singleturn|p2a: Corviknight|move: Roost
|move|p1a: Conkeldurr|Knock Off|p2a: Corviknight
|-damage|p2a: Corviknight|65/100
|-damage|p1a: Conkeldurr|4/100 brn|[from] item: Rocky Helmet|[of] p2a: Corviknight
|-enditem|p2a: Corviknight|Rocky Helmet|[from] move: Knock Off|[of] p1a: Conkeldurr
|
|-damage|p1a: Conkeldurr|0 fnt|[from] brn
|faint|p1a: Conkeldurr
|-sideend|p1: khanhmanhnhat|Reflect
|upkeep
|
|t:|1760348579
|switch|p1a: Cinccino|Cinccino, F|100/100
|-damage|p1a: Cinccino|88/100|[from] Stealth Rock
|turn|11
|
|t:|1760348585
|move|p1a: Cinccino|Tidy Up|p1a: Cinccino
|-sideend|p1: khanhmanhnhat|Stealth Rock
|-activate|p1a: Cinccino|move: Tidy Up
|-boost|p1a: Cinccino|atk|1
|-boost|p1a: Cinccino|spe|1
|move|p2a: Corviknight|Brave Bird|p1a: Cinccino
|-damage|p1a: Cinccino|19/100
|-damage|p2a: Corviknight|48/100|[from] Recoil
|
|upkeep
|turn|12
|
|t:|1760348594
|move|p1a: Cinccino|Triple Axel|p2a: Corviknight
|-damage|p2a: Corviknight|41/100
|-damage|p2a: Corviknight|26/100
|-damage|p2a: Corviknight|3/100
|-hitcount|p2a: Corviknight|3
|move|p2a: Corviknight|Roost|p2a: Corviknight
|-heal|p2a: Corviknight|53/100
|-singleturn|p2a: Corviknight|move: Roost
|
|upkeep
|turn|13
|
|t:|1760348604
|move|p1a: Cinccino|Rock Blast|p2a: Corviknight
|-damage|p2a: Corviknight|43/100
|-damage|p2a: Corviknight|34/100
|-damage|p2a: Corviknight|24/100
|-damage|p2a: Corviknight|15/100
|-hitcount|p2a: Corviknight|4
|move|p2a: Corviknight|U-turn|p1a: Cinccino
|-damage|p1a: Cinccino|0 fnt
|faint|p1a: Cinccino
|
|t:|1760348612
|switch|p2a: Keldeo|Keldeo-Resolute|8/100|[from] U-turn
|
|upkeep
|
|t:|1760348615
|switch|p1a: Sableye|Sableye, F|100/100
|turn|14
|
|t:|1760348621
|move|p1a: Sableye|Will-O-Wisp|p2a: Keldeo
|-status|p2a: Keldeo|brn
|move|p2a: Keldeo|Surf|p1a: Sableye
|-damage|p1a: Sableye|27/100
|
|-heal|p1a: Sableye|33/100|[from] item: Leftovers
|-damage|p2a: Keldeo|2/100 brn|[from] brn
|upkeep
|turn|15
|
|t:|1760348629
|switch|p1a: Grimmsnarl|Grimmsnarl, M|53/100 tox
|move|p2a: Keldeo|Surf|p1a: Grimmsnarl
|-damage|p1a: Grimmsnarl|13/100 tox
|
|-damage|p1a: Grimmsnarl|7/100 tox|[from] psn
|-damage|p2a: Keldeo|0 fnt|[from] brn
|faint|p2a: Keldeo
|upkeep
|
|t:|1760348642
|switch|p2a: Corviknight|Corviknight, M|15/100
|-ability|p2a: Corviknight|Pressure
|turn|16
|
|t:|1760348654
|move|p1a: Grimmsnarl|Reflect|p1a: Grimmsnarl
|-sidestart|p1: khanhmanhnhat|Reflect
|move|p2a: Corviknight|Roost|p2a: Corviknight
|-heal|p2a: Corviknight|65/100
|-singleturn|p2a: Corviknight|move: Roost
|
|-damage|p1a: Grimmsnarl|0 fnt|[from] psn
|faint|p1a: Grimmsnarl
|upkeep
|
|t:|1760348659
|switch|p1a: Sableye|Sableye, F|33/100
|turn|17
|
|t:|1760348664
|switch|p2a: Clefable|Clefable, F|100/100
|move|p1a: Sableye|Encore||[still]
|-fail|p1a: Sableye
|
|-heal|p1a: Sableye|40/100|[from] item: Leftovers
|upkeep
|turn|18
|
|t:|1760348670
|move|p1a: Sableye|Recover|p1a: Sableye
|-heal|p1a: Sableye|90/100
|move|p2a: Clefable|Moonblast|p1a: Sableye
|-supereffective|p1a: Sableye
|-damage|p1a: Sableye|0 fnt
|faint|p1a: Sableye
|
|upkeep
|-message|khanhmanhnhat forfeited.
|
|win|Ryan's World
|raw|khanhmanhnhat's rating: 1247 &rarr; <strong>1228</strong><br />(-19 for losing)
|raw|Ryan&apos;s World's rating: 1336 &rarr; <strong>1351</strong><br />(+15 for winning)
|l|☆khanhmanhnhat
|player|p1|
|l|☆Ryan's World
|player|p2|
