|j|☆enormouschilli
|j|☆tytjejejeo
|t:|1760396641
|gametype|singles
|player|p1|enormouschilli|ghetsis-gen5bw|1481
|player|p2|tytjejejeo|102|1471
|gen|9
|tier|[Gen 9] OU
|rated|
|rule|HP Percentage Mod: HP is shown in percentages
|rule|Endless Battle Clause: Forcing endless battles is banned
|rule|Species Clause: Limit one of each Pokémon
|rule|OHKO Clause: OHKO moves are banned
|rule|Evasion Items Clause: Evasion items are banned
|rule|Evasion Moves Clause: Evasion moves are banned
|rule|Evasion Abilities Clause: Evasion abilities are banned
|rule|Sleep Moves Clause: Sleep-inducing moves are banned
|clearpoke
|poke|p1|Iron Moth|
|poke|p1|Kingambit, F|
|poke|p1|Deoxys-Speed|
|poke|p1|Raging Bolt|
|poke|p1|Rillaboom, F|
|poke|p1|Landorus-Therian, M|
|poke|p2|Gyarados, F|
|poke|p2|Moltres|
|poke|p2|Corviknight, M|
|poke|p2|Latias, F|
|poke|p2|Gliscor, M|
|poke|p2|Arbok, M|
|teampreview
|
|t:|1760396665
|teamsize|p1|6
|teamsize|p2|6
|start
|switch|p1a: Landorus|Landorus-Therian, M|100/100
|switch|p2a: Arbok|Arbok, M|100/100
|-ability|p1a: Landorus|Intimidate|boost
|-unboost|p2a: Arbok|atk|1
|-ability|p2a: Arbok|Intimidate|boost
|-unboost|p1a: Landorus|atk|1
|turn|1
|
|t:|1760396685
|move|p1a: Landorus|U-turn|p2a: Arbok
|-resisted|p2a: Arbok
|-damage|p2a: Arbok|92/100
|
|t:|1760396691
|switch|p1a: Anomаly|Iron Moth|100/100|[from] U-turn
|-enditem|p1a: Anomаly|Booster Energy
|-activate|p1a: Anomаly|ability: Quark Drive|[fromitem]
|-start|p1a: Anomаly|quarkdrivespe
|move|p2a: Arbok|Toxic|p1a: Anomаly
|-immune|p1a: Anomаly
|
|-heal|p2a: Arbok|98/100|[from] item: Black Sludge
|upkeep
|turn|2
|
|t:|1760396697
|switch|p2a: Latias|Latias, F|100/100
|move|p1a: Anomаly|Substitute|p1a: Anomаly
|-start|p1a: Anomаly|Substitute
|-damage|p1a: Anomаly|76/100
|
|upkeep
|turn|3
|
|t:|1760396707
|move|p1a: Anomаly|Sludge Wave|p2a: Latias
|-damage|p2a: Latias|62/100
|move|p2a: Latias|Calm Mind|p2a: Latias
|-boost|p2a: Latias|spa|1
|-boost|p2a: Latias|spd|1
|
|upkeep
|turn|4
|
|t:|1760396718
|-terastallize|p2a: Latias|Poison
|move|p1a: Anomаly|Sludge Wave|p2a: Latias
|-resisted|p2a: Latias
|-damage|p2a: Latias|51/100
|move|p2a: Latias|Calm Mind|p2a: Latias
|-boost|p2a: Latias|spa|1
|-boost|p2a: Latias|spd|1
|
|upkeep
|turn|5
|
|t:|1760396725
|move|p1a: Anomаly|Fiery Dance|p2a: Latias
|-damage|p2a: Latias|35/100
|move|p2a: Latias|Recover|p2a: Latias
|-heal|p2a: Latias|85/100
|
|upkeep
|turn|6
|
|t:|1760396730
|move|p1a: Anomаly|Fiery Dance|p2a: Latias
|-damage|p2a: Latias|70/100
|-boost|p1a: Anomаly|spa|1
|move|p2a: Latias|Calm Mind|p2a: Latias
|-boost|p2a: Latias|spa|1
|-boost|p2a: Latias|spd|1
|
|upkeep
|turn|7
|
|t:|1760396735
|move|p1a: Anomаly|Fiery Dance|p2a: Latias
|-damage|p2a: Latias|53/100
|-boost|p1a: Anomаly|spa|1
|move|p2a: Latias|Calm Mind|p2a: Latias
|-boost|p2a: Latias|spa|1
|-boost|p2a: Latias|spd|1
|
|upkeep
|turn|8
|
|t:|1760396739
|move|p1a: Anomаly|Fiery Dance|p2a: Latias
|-crit|p2a: Latias
|-damage|p2a: Latias|0 fnt
|-boost|p1a: Anomаly|spa|1
|faint|p2a: Latias
|
|upkeep
|-message|tytjejejeo forfeited.
|
|win|enormouschilli
|raw|enormouschilli's rating: 1481 &rarr; <strong>1500</strong><br />(+19 for winning)
|raw|tytjejejeo's rating: 1471 &rarr; <strong>1452</strong><br />(-19 for losing)
|l|☆tytjejejeo
|player|p2|
|l|☆enormouschilli
|player|p1|
