|j|☆wittyphoshop
|j|☆kpo2022
|t:|1760439300
|gametype|singles
|player|p1|wittyphoshop|cyclist-gen4|1271
|player|p2|kpo2022|swimmerf|1189
|gen|9
|tier|[Gen 9] OU
|rated|
|rule|HP Percentage Mod: HP is shown in percentages
|rule|Endless Battle Clause: Forcing endless battles is banned
|rule|Species Clause: Limit one of each Pokémon
|rule|OHKO Clause: OHKO moves are banned
|rule|Evasion Items Clause: Evasion items are banned
|rule|Evasion Moves Clause: Evasion moves are banned
|rule|Evasion Abilities Clause: Evasion abilities are banned
|rule|Sleep Moves Clause: Sleep-inducing moves are banned
|clearpoke
|poke|p1|Moltres|
|poke|p1|Zapdos|
|poke|p1|Iron Treads|
|poke|p1|Araquanid, M|
|poke|p1|Iron Valiant|
|poke|p1|Latios, M|
|poke|p2|Alomomola, M|
|poke|p2|Dragapult, M|
|poke|p2|Barraskewda, M|
|poke|p2|Thundurus-Therian, M|
|poke|p2|Slowking-Galar, M|
|poke|p2|Munkidori, M|
|teampreview
|inactive|Battle timer is ON: inactive players will automatically lose when time's up. (requested by kpo2022)
|
|t:|1760439307
|teamsize|p1|6
|teamsize|p2|6
|start
|switch|p1a: Miles|Araquanid, M, shiny|100/100
|switch|p2a: Munkidori|Munkidori, M|100/100
|turn|1
|
|t:|1760439313
|move|p2a: Munkidori|Trick|p1a: Miles
|-activate|p2a: Munkidori|move: Trick|[of] p1a: Miles
|-item|p1a: Miles|Choice Scarf|[from] move: Trick
|-item|p2a: Munkidori|Custap Berry|[from] move: Trick
|move|p1a: Miles|Sticky Web|p2a: Munkidori
|-sidestart|p2: kpo2022|move: Sticky Web
|
|upkeep
|turn|2
|
|t:|1760439331
|switch|p1a: Metal Gear Tusker|Iron Treads, shiny|100/100
|move|p2a: Munkidori|U-turn|p1a: Metal Gear Tusker
|-resisted|p1a: Metal Gear Tusker
|-damage|p1a: Metal Gear Tusker|93/100
|
|t:|1760439341
|switch|p2a: Barraskewda|Barraskewda, M|100/100|[from] U-turn
|-activate|p2a: Barraskewda|move: Sticky Web
|-unboost|p2a: Barraskewda|spe|1
|
|-heal|p1a: Metal Gear Tusker|99/100|[from] item: Leftovers
|upkeep
|turn|3
|
|t:|1760439350
|-end|p1a: Metal Gear Tusker|Quark Drive|[silent]
|switch|p1a: Ororo|Zapdos|100/100
|-terastallize|p2a: Barraskewda|Water
|move|p2a: Barraskewda|Flip Turn|p1a: Ororo
|-damage|p1a: Ororo|16/100
|
|t:|1760439359
|switch|p2a: Munkidori|Munkidori, M|100/100|[from] Flip Turn
|-activate|p2a: Munkidori|move: Sticky Web
|-unboost|p2a: Munkidori|spe|1
|
|upkeep
|turn|4
|
|t:|1760439368
|switch|p1a: Miles|Araquanid, M, shiny|100/100
|move|p2a: Munkidori|Fake Out|p1a: Miles
|-damage|p1a: Miles|89/100
|
|upkeep
|turn|5
|
|t:|1760439378
|move|p2a: Munkidori|U-turn|p1a: Miles
|-damage|p1a: Miles|72/100
|
|t:|1760439385
|switch|p2a: Alomomola|Alomomola, M|100/100|[from] U-turn
|-activate|p2a: Alomomola|move: Sticky Web
|-unboost|p2a: Alomomola|spe|1
|move|p1a: Miles|Surf|p2a: Alomomola
|-resisted|p2a: Alomomola
|-damage|p2a: Alomomola|68/100
|
|upkeep
|turn|6
|
|t:|1760439398
|move|p1a: Miles|Surf|p2a: Alomomola
|-resisted|p2a: Alomomola
|-crit|p2a: Alomomola
|-damage|p2a: Alomomola|19/100
|move|p2a: Alomomola|Flip Turn|p1a: Miles
|-resisted|p1a: Miles
|-damage|p1a: Miles|64/100
|
|t:|1760439406
|switch|p2a: Slowking|Slowking-Galar, M|100/100|[from] Flip Turn
|
|upkeep
|turn|7
|
|t:|1760439415
|switch|p1a: Metal Gear Tusker|Iron Treads, shiny|99/100
|move|p2a: Slowking|Toxic|p1a: Metal Gear Tusker
|-immune|p1a: Metal Gear Tusker
|
|-heal|p1a: Metal Gear Tusker|100/100|[from] item: Leftovers
|upkeep
|turn|8
|
|t:|1760439423
|move|p2a: Slowking|Protect|p2a: Slowking
|-singleturn|p2a: Slowking|Protect
|move|p1a: Metal Gear Tusker|Stealth Rock|p2a: Slowking
|-sidestart|p2: kpo2022|move: Stealth Rock
|
|upkeep
|turn|9
|
|t:|1760439430
|move|p1a: Metal Gear Tusker|Knock Off|p2a: Slowking
|-supereffective|p2a: Slowking
|-damage|p2a: Slowking|52/100
|-enditem|p2a: Slowking|Heavy-Duty Boots|[from] move: Knock Off|[of] p1a: Metal Gear Tusker
|move|p2a: Slowking|Future Sight|p1a: Metal Gear Tusker
|-start|p2a: Slowking|move: Future Sight
|
|upkeep
|turn|10
|
|t:|1760439437
|switch|p2a: Alomomola|Alomomola, M|52/100
|-activate|p2a: Alomomola|move: Sticky Web
|-unboost|p2a: Alomomola|spe|1
|-damage|p2a: Alomomola|40/100|[from] Stealth Rock
|move|p1a: Metal Gear Tusker|Earthquake|p2a: Alomomola
|-damage|p2a: Alomomola|18/100
|
|upkeep
|turn|11
|
|t:|1760439447
|move|p1a: Metal Gear Tusker|Knock Off|p2a: Alomomola
|-damage|p2a: Alomomola|6/100
|-damage|p1a: Metal Gear Tusker|84/100|[from] item: Rocky Helmet|[of] p2a: Alomomola
|-enditem|p2a: Alomomola|Rocky Helmet|[from] move: Knock Off|[of] p1a: Metal Gear Tusker
|move|p2a: Alomomola|Flip Turn|p1a: Metal Gear Tusker
|-supereffective|p1a: Metal Gear Tusker
|-damage|p1a: Metal Gear Tusker|57/100
|
|t:|1760439464
|switch|p2a: Barraskewda|Barraskewda, M, tera:Water|100/100|[from] Flip Turn
|-activate|p2a: Barraskewda|move: Sticky Web
|-unboost|p2a: Barraskewda|spe|1
|-damage|p2a: Barraskewda|88/100|[from] Stealth Rock
|
|-end|p1a: Metal Gear Tusker|move: Future Sight
|-resisted|p1a: Metal Gear Tusker
|-damage|p1a: Metal Gear Tusker|39/100
|-heal|p1a: Metal Gear Tusker|45/100|[from] item: Leftovers
|upkeep
|turn|12
|
|t:|1760439472
|-end|p1a: Metal Gear Tusker|Quark Drive|[silent]
|switch|p1a: Miles|Araquanid, M, shiny|64/100
|move|p2a: Barraskewda|Flip Turn|p1a: Miles
|-resisted|p1a: Miles
|-damage|p1a: Miles|25/100
|
|t:|1760439485
|switch|p2a: Slowking|Slowking-Galar, M|85/100|[from] Flip Turn
|-activate|p2a: Slowking|move: Sticky Web
|-unboost|p2a: Slowking|spe|1
|-damage|p2a: Slowking|73/100|[from] Stealth Rock
|
|upkeep
|turn|13
|
|t:|1760439497
|move|p1a: Miles|Bug Buzz|p2a: Slowking
|-damage|p2a: Slowking|56/100
|move|p2a: Slowking|Future Sight|p1a: Miles
|-start|p2a: Slowking|move: Future Sight
|
|upkeep
|turn|14
|
|t:|1760439513
|move|p2a: Slowking|Protect|p2a: Slowking
|-singleturn|p2a: Slowking|Protect
|move|p1a: Miles|Bug Buzz|p2a: Slowking
|-activate|p2a: Slowking|move: Protect
|
|upkeep
|turn|15
|
|t:|1760439523
|move|p1a: Miles|Bug Buzz|p2a: Slowking
|-damage|p2a: Slowking|38/100
|move|p2a: Slowking|Toxic|p1a: Miles
|-status|p1a: Miles|tox
|
|-end|p1a: Miles|move: Future Sight
|-damage|p1a: Miles|0 fnt
|faint|p1a: Miles
|upkeep
|
|t:|1760439538
|switch|p1a: Metal Gear Tusker|Iron Treads, shiny|45/100
|turn|16
|
|t:|1760439554
|switch|p2a: Alomomola|Alomomola, M|39/100
|-activate|p2a: Alomomola|move: Sticky Web
|-unboost|p2a: Alomomola|spe|1
|-damage|p2a: Alomomola|27/100|[from] Stealth Rock
|move|p1a: Metal Gear Tusker|Rapid Spin|p2a: Alomomola
|-damage|p2a: Alomomola|20/100
|-boost|p1a: Metal Gear Tusker|spe|1
|
|-heal|p1a: Metal Gear Tusker|51/100|[from] item: Leftovers
|upkeep
|turn|17
|
|t:|1760439566
|move|p1a: Metal Gear Tusker|Earthquake|p2a: Alomomola
|-damage|p2a: Alomomola|1/100
|move|p2a: Alomomola|Wish|p2a: Alomomola
|
|-heal|p1a: Metal Gear Tusker|57/100|[from] item: Leftovers
|upkeep
|turn|18
|
|t:|1760439581
|move|p2a: Alomomola|Protect|p2a: Alomomola
|-singleturn|p2a: Alomomola|Protect
|move|p1a: Metal Gear Tusker|Knock Off|p2a: Alomomola
|-activate|p2a: Alomomola|move: Protect
|
|-heal|p2a: Alomomola|51/100|[from] move: Wish|[wisher] Alomomola
|-heal|p1a: Metal Gear Tusker|63/100|[from] item: Leftovers
|upkeep
|turn|19
|
|t:|1760439595
|move|p1a: Metal Gear Tusker|Earthquake|p2a: Alomomola
|-damage|p2a: Alomomola|30/100
|move|p2a: Alomomola|Flip Turn|p1a: Metal Gear Tusker
|-supereffective|p1a: Metal Gear Tusker
|-damage|p1a: Metal Gear Tusker|38/100
|
|t:|1760439602
|switch|p2a: Barraskewda|Barraskewda, M, tera:Water|88/100|[from] Flip Turn
|-activate|p2a: Barraskewda|move: Sticky Web
|-unboost|p2a: Barraskewda|spe|1
|-damage|p2a: Barraskewda|76/100|[from] Stealth Rock
|
|-heal|p1a: Metal Gear Tusker|44/100|[from] item: Leftovers
|upkeep
|turn|20
|
|t:|1760439613
|move|p1a: Metal Gear Tusker|Earthquake|p2a: Barraskewda
|-damage|p2a: Barraskewda|0 fnt
|faint|p2a: Barraskewda
|
|-heal|p1a: Metal Gear Tusker|50/100|[from] item: Leftovers
|upkeep
|
|t:|1760439620
|switch|p2a: Alomomola|Alomomola, M|63/100
|-activate|p2a: Alomomola|move: Sticky Web
|-unboost|p2a: Alomomola|spe|1
|-damage|p2a: Alomomola|51/100|[from] Stealth Rock
|turn|21
|
|t:|1760439638
|-end|p1a: Metal Gear Tusker|Quark Drive|[silent]
|switch|p1a: Menthol Menace|Latios, M, shiny|100/100
|move|p2a: Alomomola|Flip Turn|p1a: Menthol Menace
|-resisted|p1a: Menthol Menace
|-crit|p1a: Menthol Menace
|-damage|p1a: Menthol Menace|84/100
|
|t:|1760439645
|switch|p2a: Dragapult|Dragapult, M|100/100|[from] Flip Turn
|-activate|p2a: Dragapult|move: Sticky Web
|-unboost|p2a: Dragapult|spe|1
|-damage|p2a: Dragapult|88/100|[from] Stealth Rock
|
|upkeep
|turn|22
|
|t:|1760439652
|move|p1a: Menthol Menace|Draco Meteor|p2a: Dragapult
|-supereffective|p2a: Dragapult
|-damage|p2a: Dragapult|0 fnt
|-unboost|p1a: Menthol Menace|spa|2
|faint|p2a: Dragapult
|
|upkeep
|
|t:|1760439657
|switch|p2a: Munkidori|Munkidori, M|100/100
|-activate|p2a: Munkidori|move: Sticky Web
|-unboost|p2a: Munkidori|spe|1
|-damage|p2a: Munkidori|88/100|[from] Stealth Rock
|turn|23
|
|t:|1760439663
|switch|p1a: Ororo|Zapdos|16/100
|move|p2a: Munkidori|Fake Out|p1a: Ororo
|-damage|p1a: Ororo|5/100
|
|upkeep
|turn|24
|
|t:|1760439670
|move|p1a: Ororo|Hurricane|p2a: Munkidori
|-damage|p2a: Munkidori|24/100
|move|p2a: Munkidori|U-turn|p1a: Ororo
|-resisted|p1a: Ororo
|-damage|p1a: Ororo|0 fnt
|faint|p1a: Ororo
|
|t:|1760439676
|switch|p2a: Thundurus|Thundurus-Therian, M|100/100|[from] U-turn
|-damage|p2a: Thundurus|76/100|[from] Stealth Rock
|
|upkeep
|
|t:|1760439692
|switch|p1a: Metal Gear Tusker|Iron Treads, shiny|50/100
|turn|25
|
|t:|1760439700
|move|p2a: Thundurus|Dark Pulse|p1a: Metal Gear Tusker
|-damage|p1a: Metal Gear Tusker|24/100
|move|p1a: Metal Gear Tusker|Knock Off|p2a: Thundurus
|-damage|p2a: Thundurus|36/100
|-enditem|p2a: Thundurus|Choice Scarf|[from] move: Knock Off|[of] p1a: Metal Gear Tusker
|
|-heal|p1a: Metal Gear Tusker|30/100|[from] item: Leftovers
|upkeep
|turn|26
|
|t:|1760439709
|move|p2a: Thundurus|Dark Pulse|p1a: Metal Gear Tusker
|-damage|p1a: Metal Gear Tusker|7/100
|cant|p1a: Metal Gear Tusker|flinch
|
|-heal|p1a: Metal Gear Tusker|13/100|[from] item: Leftovers
|upkeep
|turn|27
|
|t:|1760439718
|-end|p1a: Metal Gear Tusker|Quark Drive|[silent]
|switch|p1a: Detective Murphy|Iron Valiant, shiny|100/100
|-enditem|p1a: Detective Murphy|Booster Energy
|-activate|p1a: Detective Murphy|ability: Quark Drive|[fromitem]
|-start|p1a: Detective Murphy|quarkdrivespe
|move|p2a: Thundurus|Dark Pulse|p1a: Detective Murphy
|-resisted|p1a: Detective Murphy
|-damage|p1a: Detective Murphy|85/100
|
|upkeep
|turn|28
|
|t:|1760439728
|move|p1a: Detective Murphy|Swords Dance|p1a: Detective Murphy
|-boost|p1a: Detective Murphy|atk|2
|move|p2a: Thundurus|Volt Switch|p1a: Detective Murphy
|-damage|p1a: Detective Murphy|7/100
|
|t:|1760439736
|switch|p2a: Munkidori|Munkidori, M|24/100|[from] Volt Switch
|-activate|p2a: Munkidori|move: Sticky Web
|-unboost|p2a: Munkidori|spe|1
|-damage|p2a: Munkidori|12/100|[from] Stealth Rock
|
|upkeep
|turn|29
|-enditem|p2a: Munkidori|Custap Berry|[eat]
|-activate|p2a: Munkidori|item: Custap Berry|[consumed]
|
|t:|1760439745
|-end|p1a: Detective Murphy|Quark Drive|[silent]
|switch|p1a: Hot to Go|Moltres|100/100
|move|p2a: Munkidori|Fake Out|p1a: Hot to Go
|-crit|p1a: Hot to Go
|-damage|p1a: Hot to Go|90/100
|-status|p1a: Hot to Go|tox|[from] ability: Toxic Chain|[of] p2a: Munkidori
|
|-damage|p1a: Hot to Go|84/100 tox|[from] psn
|upkeep
|turn|30
|
|t:|1760439760
|move|p2a: Munkidori|Parting Shot|p1a: Hot to Go
|-unboost|p1a: Hot to Go|atk|1
|-unboost|p1a: Hot to Go|spa|1
|
|t:|1760439767
|switch|p2a: Slowking|Slowking-Galar, M|71/100|[from] Parting Shot
|-activate|p2a: Slowking|move: Sticky Web
|-unboost|p2a: Slowking|spe|1
|-damage|p2a: Slowking|59/100|[from] Stealth Rock
|move|p1a: Hot to Go|Roar|p2a: Slowking
|drag|p2a: Thundurus|Thundurus-Therian, M|36/100
|-damage|p2a: Thundurus|11/100|[from] Stealth Rock
|
|-damage|p1a: Hot to Go|72/100 tox|[from] psn
|upkeep
|turn|31
|
|t:|1760439781
|switch|p1a: Metal Gear Tusker|Iron Treads, shiny|13/100
|move|p2a: Thundurus|Volt Switch|p1a: Metal Gear Tusker
|-immune|p1a: Metal Gear Tusker
|
|-heal|p1a: Metal Gear Tusker|19/100|[from] item: Leftovers
|upkeep
|turn|32
|
|t:|1760439789
|-end|p1a: Metal Gear Tusker|Quark Drive|[silent]
|switch|p1a: Detective Murphy|Iron Valiant, shiny|7/100
|move|p2a: Thundurus|Dark Pulse|p1a: Detective Murphy
|-resisted|p1a: Detective Murphy
|-damage|p1a: Detective Murphy|0 fnt
|faint|p1a: Detective Murphy
|-end|p1a: Detective Murphy|Quark Drive|[silent]
|
|upkeep
|
|t:|1760439793
|switch|p1a: Menthol Menace|Latios, M, shiny|84/100
|turn|33
|
|t:|1760439799
|move|p1a: Menthol Menace|Luster Purge|p2a: Thundurus
|-damage|p2a: Thundurus|0 fnt
|faint|p2a: Thundurus
|
|upkeep
|
|t:|1760439802
|switch|p2a: Munkidori|Munkidori, M|12/100
|-activate|p2a: Munkidori|move: Sticky Web
|-unboost|p2a: Munkidori|spe|1
|-damage|p2a: Munkidori|0 fnt|[from] Stealth Rock
|faint|p2a: Munkidori
|
|t:|1760439805
|switch|p2a: Slowking|Slowking-Galar, M|92/100
|-activate|p2a: Slowking|move: Sticky Web
|-unboost|p2a: Slowking|spe|1
|-damage|p2a: Slowking|80/100|[from] Stealth Rock
|turn|34
|
|t:|1760439814
|-terastallize|p1a: Menthol Menace|Steel
|move|p1a: Menthol Menace|Luster Purge|p2a: Slowking
|-damage|p2a: Slowking|43/100
|move|p2a: Slowking|Toxic|p1a: Menthol Menace
|-immune|p1a: Menthol Menace
|
|upkeep
|turn|35
|
|t:|1760439821
|move|p1a: Menthol Menace|Luster Purge|p2a: Slowking
|-damage|p2a: Slowking|8/100
|move|p2a: Slowking|Future Sight|p1a: Menthol Menace
|-start|p2a: Slowking|move: Future Sight
|
|upkeep
|turn|36
|-message|kpo2022 forfeited.
|
|win|wittyphoshop
|raw|wittyphoshop's rating: 1271 &rarr; <strong>1290</strong><br />(+19 for winning)
|raw|kpo2022's rating: 1189 &rarr; <strong>1170</strong><br />(-19 for losing)
|l|☆kpo2022
|player|p2|
|l|☆wittyphoshop
|player|p1|
