|j|☆sdor16
|j|☆Tusia88
|t:|1760452191
|gametype|singles
|player|p1|sdor16|101|1532
|player|p2|Tusia88|2|1488
|gen|9
|tier|[Gen 9] OU
|rated|
|rule|HP Percentage Mod: HP is shown in percentages
|rule|Endless Battle Clause: Forcing endless battles is banned
|rule|Species Clause: Limit one of each Pokémon
|rule|OHKO Clause: OHKO moves are banned
|rule|Evasion Items Clause: Evasion items are banned
|rule|Evasion Moves Clause: Evasion moves are banned
|rule|Evasion Abilities Clause: Evasion abilities are banned
|rule|Sleep Moves Clause: Sleep-inducing moves are banned
|clearpoke
|poke|p1|Zapdos-Galar|
|poke|p1|Tornadus-Therian, M|
|poke|p1|Primarina, F|
|poke|p1|Cinderace, F|
|poke|p1|Tyranitar, F|
|poke|p1|Great Tusk|
|poke|p2|Ninetales, M|
|poke|p2|Dragonite, M|
|poke|p2|Cinderace, M|
|poke|p2|Walking Wake|
|poke|p2|Cresselia, F|
|poke|p2|Great Tusk|
|teampreview
|inactive|Battle timer is ON: inactive players will automatically lose when time's up. (requested by sdor16)
|
|t:|1760452226
|teamsize|p1|6
|teamsize|p2|6
|start
|switch|p1a: Zapdos|Zapdos-Galar|100/100
|switch|p2a: Cinderace|Cinderace, M|100/100
|turn|1
|
|t:|1760452232
|move|p2a: Cinderace|U-turn|p1a: Zapdos
|-start|p2a: Cinderace|typechange|Bug|[from] ability: Libero
|-resisted|p1a: Zapdos
|-damage|p1a: Zapdos|91/100
|
|t:|1760452237
|switch|p2a: Ninetales|Ninetales, M|100/100|[from] U-turn
|-weather|SunnyDay|[from] ability: Drought|[of] p2a: Ninetales
|move|p1a: Zapdos|Brave Bird|p2a: Ninetales
|-damage|p2a: Ninetales|0 fnt
|faint|p2a: Ninetales
|-damage|p1a: Zapdos|61/100|[from] Recoil
|
|-weather|SunnyDay|[upkeep]
|upkeep
|
|t:|1760452246
|switch|p2a: Cinderace|Cinderace, M|100/100
|turn|2
|
|t:|1760452254
|switch|p1a: Cinderace|Cinderace, F|100/100
|move|p2a: Cinderace|Low Kick|p1a: Cinderace
|-start|p2a: Cinderace|typechange|Fighting|[from] ability: Libero
|-damage|p1a: Cinderace|61/100
|
|-weather|SunnyDay|[upkeep]
|upkeep
|turn|3
|
|t:|1760452260
|switch|p2a: Great Tusk|Great Tusk|100/100
|-activate|p2a: Great Tusk|ability: Protosynthesis
|-start|p2a: Great Tusk|protosynthesisspe
|move|p1a: Cinderace|U-turn|p2a: Great Tusk
|-start|p1a: Cinderace|typechange|Bug|[from] ability: Libero
|-resisted|p2a: Great Tusk
|-damage|p2a: Great Tusk|89/100
|
|t:|1760452266
|switch|p1a: Tornadus|Tornadus-Therian, M|100/100|[from] U-turn
|
|-weather|SunnyDay|[upkeep]
|upkeep
|turn|4
|
|t:|1760452269
|move|p2a: Great Tusk|Ice Spinner|p1a: Tornadus
|-supereffective|p1a: Tornadus
|-damage|p1a: Tornadus|50/100
|move|p1a: Tornadus|Bleakwind Storm|p2a: Great Tusk
|-supereffective|p2a: Great Tusk
|-damage|p2a: Great Tusk|0 fnt
|faint|p2a: Great Tusk
|-end|p2a: Great Tusk|Protosynthesis|[silent]
|
|-weather|SunnyDay|[upkeep]
|upkeep
|
|t:|1760452275
|switch|p2a: Cresselia|Cresselia, F|100/100
|turn|5
|
|t:|1760452278
|move|p1a: Tornadus|Knock Off|p2a: Cresselia
|-supereffective|p2a: Cresselia
|-damage|p2a: Cresselia|77/100
|-enditem|p2a: Cresselia|Eject Button|[from] move: Knock Off|[of] p1a: Tornadus
|move|p2a: Cresselia|Thunder Wave|p1a: Tornadus
|-status|p1a: Tornadus|par
|
|-weather|SunnyDay|[upkeep]
|upkeep
|turn|6
|
|t:|1760452283
|move|p2a: Cresselia|Ice Beam|p1a: Tornadus
|-supereffective|p1a: Tornadus
|-damage|p1a: Tornadus|29/100 par
|move|p1a: Tornadus|U-turn|p2a: Cresselia
|-supereffective|p2a: Cresselia
|-damage|p2a: Cresselia|61/100
|
|t:|1760452290
|switch|p1a: Cinderace|Cinderace, F|61/100|[from] U-turn
|
|-weather|SunnyDay|[upkeep]
|upkeep
|turn|7
|
|t:|1760452293
|move|p1a: Cinderace|U-turn|p2a: Cresselia
|-start|p1a: Cinderace|typechange|Bug|[from] ability: Libero
|-supereffective|p2a: Cresselia
|-damage|p2a: Cresselia|17/100
|
|t:|1760452296
|switch|p1a: Zapdos|Zapdos-Galar|61/100|[from] U-turn
|move|p2a: Cresselia|Thunder Wave|p1a: Zapdos
|-status|p1a: Zapdos|par
|
|-weather|SunnyDay|[upkeep]
|upkeep
|turn|8
|
|t:|1760452299
|move|p2a: Cresselia|Ice Beam|p1a: Zapdos
|-supereffective|p1a: Zapdos
|-damage|p1a: Zapdos|20/100 par
|move|p1a: Zapdos|U-turn|p2a: Cresselia
|-supereffective|p2a: Cresselia
|-damage|p2a: Cresselia|0 fnt
|faint|p2a: Cresselia
|
|t:|1760452314
|switch|p1a: Cinderace|Cinderace, F|61/100|[from] U-turn
|
|-weather|none
|upkeep
|
|t:|1760452318
|switch|p2a: Walking Wake|Walking Wake|100/100
|turn|9
|
|t:|1760452323
|move|p1a: Cinderace|U-turn|p2a: Walking Wake
|-start|p1a: Cinderace|typechange|Bug|[from] ability: Libero
|-damage|p2a: Walking Wake|62/100
|
|t:|1760452326
|switch|p1a: Zapdos|Zapdos-Galar|20/100 par|[from] U-turn
|move|p2a: Walking Wake|Hydro Steam|p1a: Zapdos
|-damage|p1a: Zapdos|0 fnt
|faint|p1a: Zapdos
|
|upkeep
|
|t:|1760452329
|switch|p1a: Primarina|Primarina, F|100/100
|turn|10
|
|t:|1760452333
|move|p2a: Walking Wake|Hydro Steam|p1a: Primarina
|-resisted|p1a: Primarina
|-damage|p1a: Primarina|74/100
|move|p1a: Primarina|Draining Kiss|p2a: Walking Wake
|-supereffective|p2a: Walking Wake
|-damage|p2a: Walking Wake|11/100
|-heal|p1a: Primarina|100/100|[from] drain|[of] p2a: Walking Wake
|
|upkeep
|turn|11
|
|t:|1760452337
|move|p2a: Walking Wake|Hydro Steam|p1a: Primarina
|-resisted|p1a: Primarina
|-damage|p1a: Primarina|72/100
|move|p1a: Primarina|Calm Mind|p1a: Primarina
|-boost|p1a: Primarina|spa|1
|-boost|p1a: Primarina|spd|1
|
|-heal|p1a: Primarina|78/100|[from] item: Leftovers
|upkeep
|turn|12
|
|t:|1760452341
|move|p2a: Walking Wake|Hydro Steam|p1a: Primarina
|-resisted|p1a: Primarina
|-damage|p1a: Primarina|59/100
|move|p1a: Primarina|Substitute|p1a: Primarina
|-start|p1a: Primarina|Substitute
|-damage|p1a: Primarina|34/100
|
|-heal|p1a: Primarina|40/100|[from] item: Leftovers
|upkeep
|turn|13
|
|t:|1760452346
|move|p2a: Walking Wake|Hydro Steam|p1a: Primarina
|-resisted|p1a: Primarina
|-activate|p1a: Primarina|move: Substitute|[damage]
|move|p1a: Primarina|Draining Kiss|p2a: Walking Wake
|-supereffective|p2a: Walking Wake
|-damage|p2a: Walking Wake|0 fnt
|-heal|p1a: Primarina|47/100|[from] drain|[of] p2a: Walking Wake
|faint|p2a: Walking Wake
|-end|p2a: Walking Wake|Protosynthesis|[silent]
|
|-heal|p1a: Primarina|54/100|[from] item: Leftovers
|upkeep
|
|t:|1760452348
|switch|p2a: Cinderace|Cinderace, M|100/100
|turn|14
|
|t:|1760452350
|move|p2a: Cinderace|Pyro Ball|p1a: Primarina
|-resisted|p1a: Primarina
|-end|p1a: Primarina|Substitute
|move|p1a: Primarina|Psychic Noise|p2a: Cinderace
|-supereffective|p2a: Cinderace
|-damage|p2a: Cinderace|0 fnt
|faint|p2a: Cinderace
|
|-heal|p1a: Primarina|60/100|[from] item: Leftovers
|upkeep
|
|t:|1760452352
|switch|p2a: Dragonite|Dragonite, M|100/100
|turn|15
|
|t:|1760452355
|-terastallize|p2a: Dragonite|Fairy
|move|p2a: Dragonite|Dragon Dance|p2a: Dragonite
|-boost|p2a: Dragonite|atk|1
|-boost|p2a: Dragonite|spe|1
|move|p1a: Primarina|Draining Kiss|p2a: Dragonite
|-damage|p2a: Dragonite|84/100
|-heal|p1a: Primarina|70/100|[from] drain|[of] p2a: Dragonite
|
|-heal|p1a: Primarina|76/100|[from] item: Leftovers
|upkeep
|turn|16
|
|t:|1760452360
|move|p2a: Dragonite|Rock Slide|p1a: Primarina
|-damage|p1a: Primarina|42/100
|cant|p1a: Primarina|flinch
|
|-heal|p1a: Primarina|48/100|[from] item: Leftovers
|upkeep
|turn|17
|
|t:|1760452365
|move|p2a: Dragonite|Tera Blast|p1a: Primarina|[anim] Tera Blast Fairy
|-crit|p1a: Primarina
|-damage|p1a: Primarina|0 fnt
|faint|p1a: Primarina
|
|upkeep
|
|t:|1760452368
|switch|p1a: Tyranitar|Tyranitar, F|100/100
|-weather|Sandstorm|[from] ability: Sand Stream|[of] p1a: Tyranitar
|turn|18
|
|t:|1760452371
|move|p2a: Dragonite|Tera Blast|p1a: Tyranitar|[anim] Tera Blast Fairy
|-supereffective|p1a: Tyranitar
|-damage|p1a: Tyranitar|2/100
|move|p1a: Tyranitar|Knock Off|p2a: Dragonite
|-resisted|p2a: Dragonite
|-damage|p2a: Dragonite|60/100
|-enditem|p2a: Dragonite|Heavy-Duty Boots|[from] move: Knock Off|[of] p1a: Tyranitar
|
|-weather|Sandstorm|[upkeep]
|-damage|p2a: Dragonite|53/100|[from] Sandstorm
|-heal|p1a: Tyranitar|8/100|[from] item: Leftovers
|upkeep
|turn|19
|
|t:|1760452378
|move|p2a: Dragonite|Tera Blast|p1a: Tyranitar|[anim] Tera Blast Fairy
|-supereffective|p1a: Tyranitar
|-damage|p1a: Tyranitar|0 fnt
|faint|p1a: Tyranitar
|
|-weather|Sandstorm|[upkeep]
|-damage|p2a: Dragonite|47/100|[from] Sandstorm
|upkeep
|
|t:|1760452381
|switch|p1a: Great Tusk|Great Tusk|100/100
|turn|20
|
|t:|1760452383
|move|p1a: Great Tusk|Headlong Rush|p2a: Dragonite
|-damage|p2a: Dragonite|0 fnt
|-unboost|p1a: Great Tusk|def|1
|-unboost|p1a: Great Tusk|spd|1
|faint|p2a: Dragonite
|
|win|sdor16
|raw|sdor16's rating: 1532 &rarr; <strong>1549</strong><br />(+17 for winning)
|raw|Tusia88's rating: 1488 &rarr; <strong>1471</strong><br />(-17 for losing)
|l|☆Tusia88
|player|p2|
|l|☆sdor16
|player|p1|
