|j|☆Mreda
|j|☆nobodylab
|t:|1760354362
|gametype|singles
|player|p1|Mreda|102|1400
|player|p2|nobodylab|101|1368
|gen|9
|tier|[Gen 9] OU
|rated|
|rule|HP Percentage Mod: HP is shown in percentages
|rule|Endless Battle Clause: Forcing endless battles is banned
|rule|Species Clause: Limit one of each Pokémon
|rule|OHKO Clause: OHKO moves are banned
|rule|Evasion Items Clause: Evasion items are banned
|rule|Evasion Moves Clause: Evasion moves are banned
|rule|Evasion Abilities Clause: Evasion abilities are banned
|rule|Sleep Moves Clause: Sleep-inducing moves are banned
|clearpoke
|poke|p1|Kommo-o, M|
|poke|p1|Zapdos|
|poke|p1|Slowking-Galar, M|
|poke|p1|Gholdengo|
|poke|p1|Great Tusk|
|poke|p1|Meowscarada, M|
|poke|p2|Dragonite, F|
|poke|p2|Zamazenta-*|
|poke|p2|Landorus-Therian, M|
|poke|p2|Gholdengo|
|poke|p2|Darkrai|
|poke|p2|Hatterene, F|
|teampreview
|
|t:|1760354382
|teamsize|p1|6
|teamsize|p2|6
|start
|switch|p1a: Jocker|Meowscarada, M, shiny|100/100
|switch|p2a: Landorus|Landorus-Therian, M|100/100
|-ability|p2a: Landorus|Intimidate|boost
|-unboost|p1a: Jocker|atk|1
|turn|1
|
|t:|1760354399
|switch|p1a: Thor|Zapdos|100/100
|move|p2a: Landorus|U-turn|p1a: Thor
|-resisted|p1a: Thor
|-damage|p1a: Thor|92/100
|-status|p2a: Landorus|par|[from] ability: Static|[of] p1a: Thor
|
|t:|1760354411
|switch|p2a: Hatterene|Hatterene, F|100/100|[from] U-turn
|
|upkeep
|turn|2
|
|t:|1760354424
|move|p1a: Thor|Volt Switch|p2a: Hatterene
|-damage|p2a: Hatterene|83/100
|
|t:|1760354427
|switch|p1a: Donald T.|Slowking-Galar, M|100/100|[from] Volt Switch
|move|p2a: Hatterene|Psychic Noise|p1a: Donald T.
|-damage|p1a: Donald T.|81/100
|-start|p1a: Donald T.|move: Heal Block
|
|upkeep
|turn|3
|
|t:|1760354469
|move|p2a: Hatterene|Mystical Fire|p1a: Donald T.
|-damage|p1a: Donald T.|67/100
|-unboost|p1a: Donald T.|spa|1
|move|p1a: Donald T.|Sludge Bomb|p2a: Hatterene
|-supereffective|p2a: Hatterene
|-damage|p2a: Hatterene|43/100
|
|-end|p1a: Donald T.|move: Heal Block
|upkeep
|turn|4
|
|t:|1760354484
|switch|p2a: Gholdengo|Gholdengo|100/100
|move|p1a: Donald T.|Sludge Bomb|p2a: Gholdengo
|-immune|p2a: Gholdengo
|
|upkeep
|turn|5
|
|t:|1760354501
|move|p2a: Gholdengo|Nasty Plot|p2a: Gholdengo
|-boost|p2a: Gholdengo|spa|2
|move|p1a: Donald T.|Flamethrower|p2a: Gholdengo
|-supereffective|p2a: Gholdengo
|-damage|p2a: Gholdengo|60/100
|
|upkeep
|turn|6
|
|t:|1760354517
|switch|p1a: Jocker|Meowscarada, M, shiny|100/100
|move|p2a: Gholdengo|Recover|p2a: Gholdengo
|-heal|p2a: Gholdengo|100/100
|
|upkeep
|turn|7
|
|t:|1760354523
|move|p1a: Jocker|Sucker Punch|p2a: Gholdengo
|-start|p1a: Jocker|typechange|Dark|[from] ability: Protean
|-supereffective|p2a: Gholdengo
|-damage|p2a: Gholdengo|0 fnt
|faint|p2a: Gholdengo
|
|upkeep
|
|t:|1760354542
|switch|p2a: Landorus|Landorus-Therian, M|100/100 par
|-ability|p2a: Landorus|Intimidate|boost
|-unboost|p1a: Jocker|atk|1
|turn|8
|
|t:|1760354555
|switch|p1a: Thor|Zapdos|92/100
|move|p2a: Landorus|U-turn|p1a: Thor
|-resisted|p1a: Thor
|-damage|p1a: Thor|83/100
|
|t:|1760354566
|switch|p2a: Hatterene|Hatterene, F|43/100|[from] U-turn
|
|upkeep
|turn|9
|
|t:|1760354576
|move|p1a: Thor|Volt Switch|p2a: Hatterene
|-damage|p2a: Hatterene|25/100
|
|t:|1760354580
|switch|p1a: Donald T.|Slowking-Galar, M|100/100|[from] Volt Switch
|move|p2a: Hatterene|Draining Kiss|p1a: Donald T.
|-resisted|p1a: Donald T.
|-damage|p1a: Donald T.|94/100
|-heal|p2a: Hatterene|31/100|[from] drain|[of] p1a: Donald T.
|
|upkeep
|turn|10
|
|t:|1760354630
|switch|p2a: Dragonite|Dragonite, F|100/100
|move|p1a: Donald T.|Sludge Bomb|p2a: Dragonite
|-damage|p2a: Dragonite|77/100
|
|upkeep
|turn|11
|
|t:|1760354650
|switch|p1a: Destroyer|Great Tusk|100/100
|move|p2a: Dragonite|Earthquake|p1a: Destroyer
|-damage|p1a: Destroyer|76/100
|
|upkeep
|turn|12
|
|t:|1760354659
|switch|p2a: Landorus|Landorus-Therian, M|100/100 par
|-ability|p2a: Landorus|Intimidate|boost
|-unboost|p1a: Destroyer|atk|1
|move|p1a: Destroyer|Ice Spinner|p2a: Landorus
|-supereffective|p2a: Landorus
|-damage|p2a: Landorus|37/100 par
|-damage|p1a: Destroyer|59/100|[from] item: Rocky Helmet|[of] p2a: Landorus
|
|upkeep
|turn|13
|
|t:|1760354668
|move|p1a: Destroyer|Ice Spinner|p2a: Landorus
|-supereffective|p2a: Landorus
|-damage|p2a: Landorus|0 fnt
|-damage|p1a: Destroyer|42/100|[from] item: Rocky Helmet|[of] p2a: Landorus
|faint|p2a: Landorus
|
|upkeep
|-message|nobodylab forfeited.
|
|win|Mreda
|raw|Mreda's rating: 1400 &rarr; <strong>1418</strong><br />(+18 for winning)
|raw|nobodylab's rating: 1368 &rarr; <strong>1350</strong><br />(-18 for losing)
|l|☆nobodylab
|player|p2|
