|j|☆l 3asses
|j|☆Curbs
|t:|1760375277
|gametype|singles
|player|p1|l 3asses|policeman-gen4|1486
|player|p2|Curbs|n|1472
|gen|9
|tier|[Gen 9] OU
|rated|
|rule|HP Percentage Mod: HP is shown in percentages
|rule|Endless Battle Clause: Forcing endless battles is banned
|rule|Species Clause: Limit one of each Pokémon
|rule|OHKO Clause: OHKO moves are banned
|rule|Evasion Items Clause: Evasion items are banned
|rule|Evasion Moves Clause: Evasion moves are banned
|rule|Evasion Abilities Clause: Evasion abilities are banned
|rule|Sleep Moves Clause: Sleep-inducing moves are banned
|clearpoke
|poke|p1|Kingambit, M|
|poke|p1|Alomomola, F|
|poke|p1|Enamorus, F|
|poke|p1|Great Tusk|
|poke|p1|Gholdengo|
|poke|p1|Ribombee, M|
|poke|p2|Clefable, M|
|poke|p2|Skarmory, F|
|poke|p2|Ting-Lu|
|poke|p2|Gliscor, M|
|poke|p2|Amoonguss, F|
|poke|p2|Zamazenta-*|
|teampreview
|inactive|Battle timer is ON: inactive players will automatically lose when time's up. (requested by Curbs)
|inactive|Curbs has 120 seconds left.
|
|t:|1760375310
|teamsize|p1|6
|teamsize|p2|6
|start
|switch|p1a: Ribombee|Ribombee, M|100/100
|switch|p2a: Ting-Lu|Ting-Lu|100/100
|-ability|p2a: Ting-Lu|Vessel of Ruin
|turn|1
|
|t:|1760375326
|move|p1a: Ribombee|Moonblast|p2a: Ting-Lu
|-supereffective|p2a: Ting-Lu
|-damage|p2a: Ting-Lu|67/100
|move|p2a: Ting-Lu|Stealth Rock|p1a: Ribombee
|-sidestart|p1: l 3asses|move: Stealth Rock
|
|upkeep
|turn|2
|
|t:|1760375344
|move|p1a: Ribombee|Moonblast|p2a: Ting-Lu
|-supereffective|p2a: Ting-Lu
|-damage|p2a: Ting-Lu|35/100
|move|p2a: Ting-Lu|Rest|p2a: Ting-Lu
|-status|p2a: Ting-Lu|slp|[from] move: Rest
|-heal|p2a: Ting-Lu|100/100 slp|[silent]
|
|upkeep
|turn|3
|
|t:|1760375352
|switch|p1a: Great Tusk|Great Tusk|100/100
|-damage|p1a: Great Tusk|98/100|[from] Stealth Rock
|-enditem|p1a: Great Tusk|Booster Energy
|-activate|p1a: Great Tusk|ability: Protosynthesis|[fromitem]
|-start|p1a: Great Tusk|protosynthesisspe
|switch|p2a: Gliscor|Gliscor, M|100/100
|
|-status|p2a: Gliscor|tox|[from] item: Toxic Orb
|upkeep
|turn|4
|
|t:|1760375357
|switch|p2a: Skarmory|Skarmory, F|100/100
|move|p1a: Great Tusk|Bulk Up|p1a: Great Tusk
|-boost|p1a: Great Tusk|atk|1
|-boost|p1a: Great Tusk|def|1
|
|upkeep
|turn|5
|
|t:|1760375362
|move|p1a: Great Tusk|Rapid Spin|p2a: Skarmory
|-resisted|p2a: Skarmory
|-damage|p2a: Skarmory|93/100
|-boost|p1a: Great Tusk|spe|1
|-damage|p1a: Great Tusk|81/100|[from] item: Rocky Helmet|[of] p2a: Skarmory
|-sideend|p1: l 3asses|Stealth Rock|[from] move: Rapid Spin|[of] p1a: Great Tusk
|move|p2a: Skarmory|Iron Defense|p2a: Skarmory
|-boost|p2a: Skarmory|def|2
|
|upkeep
|turn|6
|
|t:|1760375370
|-end|p1a: Great Tusk|Protosynthesis|[silent]
|switch|p1a: Ribombee|Ribombee, M|100/100
|move|p2a: Skarmory|Body Press|p1a: Ribombee
|-resisted|p1a: Ribombee
|-damage|p1a: Ribombee|71/100
|
|upkeep
|turn|7
|
|t:|1760375378
|switch|p2a: Amoonguss|Amoonguss, F, shiny|100/100
|move|p1a: Ribombee|Switcheroo|p2a: Amoonguss
|-activate|p1a: Ribombee|move: Trick|[of] p2a: Amoonguss
|-item|p2a: Amoonguss|Choice Scarf|[from] move: Switcheroo
|-item|p1a: Ribombee|Heavy-Duty Boots|[from] move: Switcheroo
|
|upkeep
|turn|8
|
|t:|1760375389
|move|p1a: Ribombee|Sticky Web|p2a: Amoonguss
|-sidestart|p2: Curbs|move: Sticky Web
|move|p2a: Amoonguss|Sludge Bomb|p1a: Ribombee
|-supereffective|p1a: Ribombee
|-damage|p1a: Ribombee|0 fnt
|faint|p1a: Ribombee
|
|upkeep
|
|t:|1760375394
|switch|p1a: Gholdengo|Gholdengo|100/100
|turn|9
|
|t:|1760375402
|switch|p2a: Ting-Lu|Ting-Lu|100/100 slp
|-ability|p2a: Ting-Lu|Vessel of Ruin
|move|p1a: Gholdengo|Shadow Ball|p2a: Ting-Lu
|-resisted|p2a: Ting-Lu
|-damage|p2a: Ting-Lu|87/100 slp
|
|upkeep
|turn|10
|
|t:|1760375407
|switch|p1a: Great Tusk|Great Tusk|81/100
|cant|p2a: Ting-Lu|slp
|
|upkeep
|turn|11
|
|t:|1760375433
|switch|p2a: Skarmory|Skarmory, F|93/100
|move|p1a: Great Tusk|Bulk Up|p1a: Great Tusk
|-boost|p1a: Great Tusk|atk|1
|-boost|p1a: Great Tusk|def|1
|
|upkeep
|turn|12
|l|☆l 3asses
|inactive|l 3asses disconnected and has a minute to reconnect!
|player|p1|
|inactive|l 3asses has 30 seconds to reconnect!
|j|☆l 3asses
|inactive|l 3asses reconnected and has 105 seconds left.
|player|p1|l 3asses|policeman-gen4|
|inactive|l 3asses has 90 seconds left.
|
|t:|1760375496
|-end|p1a: Great Tusk|Protosynthesis|[silent]
|switch|p1a: Gholdengo|Gholdengo|100/100
|move|p2a: Skarmory|Spikes|p1a: Gholdengo
|-sidestart|p1: l 3asses|Spikes
|
|upkeep
|turn|13
|
|t:|1760375501
|switch|p1a: Enamorus|Enamorus, F|100/100
|switch|p2a: Ting-Lu|Ting-Lu|87/100 slp
|-ability|p2a: Ting-Lu|Vessel of Ruin
|
|upkeep
|turn|14
|
|t:|1760375507
|switch|p2a: Amoonguss|Amoonguss, F, shiny|100/100
|-activate|p2a: Amoonguss|move: Sticky Web
|-unboost|p2a: Amoonguss|spe|1
|move|p1a: Enamorus|Moonblast|p2a: Amoonguss
|-resisted|p2a: Amoonguss
|-damage|p2a: Amoonguss|78/100
|
|upkeep
|turn|15
|
|t:|1760375511
|switch|p1a: Gholdengo|Gholdengo|100/100
|-damage|p1a: Gholdengo|88/100|[from] Spikes
|move|p2a: Amoonguss|Sludge Bomb|p1a: Gholdengo
|-immune|p1a: Gholdengo
|
|upkeep
|turn|16
|
|t:|1760375517
|switch|p2a: Ting-Lu|Ting-Lu|87/100 slp
|-ability|p2a: Ting-Lu|Vessel of Ruin
|move|p1a: Gholdengo|Make It Rain|p2a: Ting-Lu
|-damage|p2a: Ting-Lu|50/100 slp
|-unboost|p1a: Gholdengo|spa|1
|
|upkeep
|turn|17
|
|t:|1760375522
|switch|p1a: Great Tusk|Great Tusk|81/100
|-damage|p1a: Great Tusk|68/100|[from] Spikes
|cant|p2a: Ting-Lu|slp
|
|upkeep
|turn|18
|
|t:|1760375527
|move|p1a: Great Tusk|Rapid Spin|p2a: Ting-Lu
|-damage|p2a: Ting-Lu|42/100 slp
|-boost|p1a: Great Tusk|spe|1
|-sideend|p1: l 3asses|Spikes|[from] move: Rapid Spin|[of] p1a: Great Tusk
|-curestatus|p2a: Ting-Lu|slp|[msg]
|move|p2a: Ting-Lu|Rest|p2a: Ting-Lu
|-status|p2a: Ting-Lu|slp|[from] move: Rest
|-heal|p2a: Ting-Lu|100/100 slp|[silent]
|
|upkeep
|turn|19
|l|☆Curbs
|inactive|Curbs disconnected and has a minute to reconnect!
|player|p2|
|j|☆Curbs
|inactive|Curbs reconnected and has 140 seconds left.
|player|p2|Curbs|n|
|
|t:|1760375540
|switch|p2a: Skarmory|Skarmory, F|93/100
|move|p1a: Great Tusk|Bulk Up|p1a: Great Tusk
|-boost|p1a: Great Tusk|atk|1
|-boost|p1a: Great Tusk|def|1
|
|upkeep
|turn|20
|
|t:|1760375543
|move|p1a: Great Tusk|Ice Spinner|p2a: Skarmory
|-damage|p2a: Skarmory|73/100
|-damage|p1a: Great Tusk|52/100|[from] item: Rocky Helmet|[of] p2a: Skarmory
|move|p2a: Skarmory|Spikes|p1a: Great Tusk
|-sidestart|p1: l 3asses|Spikes
|
|upkeep
|turn|21
|
|t:|1760375550
|move|p1a: Great Tusk|Bulk Up|p1a: Great Tusk
|-boost|p1a: Great Tusk|atk|1
|-boost|p1a: Great Tusk|def|1
|move|p2a: Skarmory|Spikes|p1a: Great Tusk
|-sidestart|p1: l 3asses|Spikes
|
|upkeep
|turn|22
|
|t:|1760375553
|move|p1a: Great Tusk|Bulk Up|p1a: Great Tusk
|-boost|p1a: Great Tusk|atk|1
|-boost|p1a: Great Tusk|def|1
|move|p2a: Skarmory|Roost|p2a: Skarmory
|-heal|p2a: Skarmory|100/100
|-singleturn|p2a: Skarmory|move: Roost
|
|upkeep
|turn|23
|
|t:|1760375556
|move|p1a: Great Tusk|Rapid Spin|p2a: Skarmory
|-resisted|p2a: Skarmory
|-damage|p2a: Skarmory|89/100
|-boost|p1a: Great Tusk|spe|1
|-damage|p1a: Great Tusk|35/100|[from] item: Rocky Helmet|[of] p2a: Skarmory
|-sideend|p1: l 3asses|Spikes|[from] move: Rapid Spin|[of] p1a: Great Tusk
|move|p2a: Skarmory|Iron Defense|p2a: Skarmory
|-boost|p2a: Skarmory|def|2
|
|upkeep
|turn|24
|
|t:|1760375561
|-end|p1a: Great Tusk|Protosynthesis|[silent]
|switch|p1a: Alomomola|Alomomola, F|100/100
|move|p2a: Skarmory|Spikes|p1a: Alomomola
|-sidestart|p1: l 3asses|Spikes
|
|upkeep
|turn|25
|
|t:|1760375588
|move|p2a: Skarmory|Spikes|p1a: Alomomola
|-sidestart|p1: l 3asses|Spikes
|move|p1a: Alomomola|Wish|p1a: Alomomola
|
|upkeep
|turn|26
|
|t:|1760375597
|move|p2a: Skarmory|Iron Defense|p2a: Skarmory
|-boost|p2a: Skarmory|def|2
|move|p1a: Alomomola|Flip Turn|p2a: Skarmory
|-damage|p2a: Skarmory|85/100
|-damage|p1a: Alomomola|84/100|[from] item: Rocky Helmet|[of] p2a: Skarmory
|
|t:|1760375600
|switch|p1a: Great Tusk|Great Tusk|35/100|[from] Flip Turn
|-damage|p1a: Great Tusk|19/100|[from] Spikes
|
|-heal|p1a: Great Tusk|80/100|[from] move: Wish|[wisher] Alomomola
|upkeep
|turn|27
|
|t:|1760375604
|move|p1a: Great Tusk|Rapid Spin|p2a: Skarmory
|-resisted|p2a: Skarmory
|-damage|p2a: Skarmory|83/100
|-boost|p1a: Great Tusk|spe|1
|-damage|p1a: Great Tusk|64/100|[from] item: Rocky Helmet|[of] p2a: Skarmory
|-sideend|p1: l 3asses|Spikes|[from] move: Rapid Spin|[of] p1a: Great Tusk
|move|p2a: Skarmory|Body Press|p1a: Great Tusk
|-damage|p1a: Great Tusk|7/100
|
|upkeep
|turn|28
|
|t:|1760375612
|move|p1a: Great Tusk|Ice Spinner|p2a: Skarmory
|-damage|p2a: Skarmory|78/100
|-damage|p1a: Great Tusk|0 fnt|[from] item: Rocky Helmet|[of] p2a: Skarmory
|faint|p1a: Great Tusk
|-end|p1a: Great Tusk|Protosynthesis|[silent]
|move|p2a: Skarmory|Spikes|p1: Great Tusk
|-sidestart|p1: l 3asses|Spikes
|
|upkeep
|
|t:|1760375614
|switch|p1a: Gholdengo|Gholdengo|88/100
|-damage|p1a: Gholdengo|76/100|[from] Spikes
|turn|29
|
|t:|1760375620
|switch|p2a: Ting-Lu|Ting-Lu|100/100 slp
|-ability|p2a: Ting-Lu|Vessel of Ruin
|move|p1a: Gholdengo|Shadow Ball|p2a: Ting-Lu
|-resisted|p2a: Ting-Lu
|-damage|p2a: Ting-Lu|88/100 slp
|
|upkeep
|turn|30
|l|☆l 3asses
|inactive|l 3asses disconnected and has a minute to reconnect!
|player|p1|
|j|☆l 3asses
|inactive|l 3asses reconnected and has 110 seconds left.
|player|p1|l 3asses|policeman-gen4|
|
|t:|1760375664
|move|p1a: Gholdengo|Shadow Ball|p2a: Ting-Lu
|-resisted|p2a: Ting-Lu
|-damage|p2a: Ting-Lu|75/100 slp
|cant|p2a: Ting-Lu|slp
|
|upkeep
|turn|31
|
|t:|1760375670
|switch|p1a: Enamorus|Enamorus, F|100/100
|cant|p2a: Ting-Lu|slp
|
|upkeep
|turn|32
|inactive|l 3asses has 120 seconds left.
|
|t:|1760375676
|switch|p2a: Amoonguss|Amoonguss, F, shiny|100/100
|-activate|p2a: Amoonguss|move: Sticky Web
|-unboost|p2a: Amoonguss|spe|1
|move|p1a: Enamorus|Moonblast|p2a: Amoonguss
|-resisted|p2a: Amoonguss
|-damage|p2a: Amoonguss|77/100
|-unboost|p2a: Amoonguss|spa|1
|
|upkeep
|turn|33
|
|t:|1760375684
|switch|p1a: Gholdengo|Gholdengo|76/100
|-damage|p1a: Gholdengo|63/100|[from] Spikes
|move|p2a: Amoonguss|Sludge Bomb|p1a: Gholdengo
|-immune|p1a: Gholdengo
|
|upkeep
|turn|34
|
|t:|1760375698
|switch|p2a: Ting-Lu|Ting-Lu|75/100 slp
|-ability|p2a: Ting-Lu|Vessel of Ruin
|move|p1a: Gholdengo|Make It Rain|p2a: Ting-Lu
|-damage|p2a: Ting-Lu|35/100 slp
|-unboost|p1a: Gholdengo|spa|1
|
|upkeep
|turn|35
|
|t:|1760375710
|switch|p1a: Enamorus|Enamorus, F|100/100
|-curestatus|p2a: Ting-Lu|slp|[msg]
|move|p2a: Ting-Lu|Rest|p2a: Ting-Lu
|-status|p2a: Ting-Lu|slp|[from] move: Rest
|-heal|p2a: Ting-Lu|100/100 slp|[silent]
|
|upkeep
|turn|36
|
|t:|1760375717
|switch|p2a: Amoonguss|Amoonguss, F, shiny|100/100
|-activate|p2a: Amoonguss|move: Sticky Web
|-unboost|p2a: Amoonguss|spe|1
|move|p1a: Enamorus|Earth Power|p2a: Amoonguss
|-damage|p2a: Amoonguss|69/100
|
|upkeep
|turn|37
|
|t:|1760375728
|switch|p1a: Alomomola|Alomomola, F|100/100
|-damage|p1a: Alomomola|88/100|[from] Spikes
|move|p2a: Amoonguss|Foul Play|p1a: Alomomola
|-damage|p1a: Alomomola|79/100
|-damage|p2a: Amoonguss|53/100|[from] item: Rocky Helmet|[of] p1a: Alomomola
|
|upkeep
|turn|38
|-message|l 3asses forfeited.
|
|win|Curbs
|raw|l 3asses's rating: 1486 &rarr; <strong>1465</strong><br />(-21 for losing)
|raw|Curbs's rating: 1472 &rarr; <strong>1493</strong><br />(+21 for winning)
|l|☆l 3asses
|player|p1|
|l|☆Curbs
|player|p2|
