|j|☆matias nk
|j|☆enormouschilli
|t:|1760450761
|gametype|singles
|player|p1|matias nk|265|1406
|player|p2|enormouschilli|ghetsis-gen5bw|1367
|gen|9
|tier|[Gen 9] OU
|rated|
|rule|HP Percentage Mod: HP is shown in percentages
|rule|Endless Battle Clause: Forcing endless battles is banned
|rule|Species Clause: Limit one of each Pokémon
|rule|OHKO Clause: OHKO moves are banned
|rule|Evasion Items Clause: Evasion items are banned
|rule|Evasion Moves Clause: Evasion moves are banned
|rule|Evasion Abilities Clause: Evasion abilities are banned
|rule|Sleep Moves Clause: Sleep-inducing moves are banned
|clearpoke
|poke|p1|Blaziken, M|
|poke|p1|Thundurus-Therian, M|
|poke|p1|Milotic, F|
|poke|p1|Garchomp, M|
|poke|p1|Serperior, M|
|poke|p1|Grafaiai, M|
|poke|p2|Iron Moth|
|poke|p2|Kingambit, M|
|poke|p2|Deoxys-Speed|
|poke|p2|Raging Bolt|
|poke|p2|Rillaboom, F|
|poke|p2|Darkrai|
|teampreview
|
|t:|1760450796
|teamsize|p1|6
|teamsize|p2|6
|start
|switch|p1a: Grafaiai|Grafaiai, M, shiny|100/100
|switch|p2a: Darkrai|Darkrai|100/100
|turn|1
|inactive|Battle timer is ON: inactive players will automatically lose when time's up. (requested by enormouschilli)
|
|t:|1760450812
|switch|p1a: Milotic|Milotic, F, shiny|100/100
|move|p2a: Darkrai|Taunt|p1a: Milotic
|-start|p1a: Milotic|move: Taunt
|
|upkeep
|turn|2
|
|t:|1760450816
|move|p2a: Darkrai|Dark Pulse|p1a: Milotic
|-damage|p1a: Milotic|81/100
|move|p1a: Milotic|Icy Wind|p2a: Darkrai
|-damage|p2a: Darkrai|87/100
|-unboost|p2a: Darkrai|spe|1
|
|-heal|p1a: Milotic|87/100|[from] item: Leftovers
|upkeep
|turn|3
|
|t:|1760450824
|move|p2a: Darkrai|Dark Pulse|p1a: Milotic
|-damage|p1a: Milotic|69/100
|move|p1a: Milotic|Scald|p2a: Darkrai
|-damage|p2a: Darkrai|54/100
|
|-heal|p1a: Milotic|75/100|[from] item: Leftovers
|-end|p1a: Milotic|move: Taunt
|upkeep
|turn|4
|
|t:|1760450831
|switch|p2a: Rillaboom|Rillaboom, F|100/100
|-fieldstart|move: Grassy Terrain|[from] ability: Grassy Surge|[of] p2a: Rillaboom
|move|p1a: Milotic|Scald|p2a: Rillaboom
|-resisted|p2a: Rillaboom
|-damage|p2a: Rillaboom|84/100
|
|-heal|p2a: Rillaboom|91/100|[from] Grassy Terrain
|-heal|p1a: Milotic|81/100|[from] Grassy Terrain
|-heal|p1a: Milotic|87/100|[from] item: Leftovers
|upkeep
|turn|5
|
|t:|1760450835
|switch|p1a: Garchomp|Garchomp, M, shiny|100/100
|move|p2a: Rillaboom|Knock Off|p1a: Garchomp
|-crit|p1a: Garchomp
|-damage|p1a: Garchomp|66/100
|-damage|p2a: Rillaboom|78/100|[from] ability: Rough Skin|[of] p1a: Garchomp
|-damage|p2a: Rillaboom|61/100|[from] item: Rocky Helmet|[of] p1a: Garchomp
|-enditem|p1a: Garchomp|Rocky Helmet|[from] move: Knock Off|[of] p2a: Rillaboom
|
|-heal|p1a: Garchomp|72/100|[from] Grassy Terrain
|-heal|p2a: Rillaboom|68/100|[from] Grassy Terrain
|upkeep
|turn|6
|
|t:|1760450840
|switch|p2a: Darkrai|Darkrai|54/100
|move|p1a: Garchomp|Stealth Rock|p2a: Darkrai
|-sidestart|p2: enormouschilli|move: Stealth Rock
|
|-heal|p2a: Darkrai|60/100|[from] Grassy Terrain
|-heal|p1a: Garchomp|78/100|[from] Grassy Terrain
|upkeep
|turn|7
|
|t:|1760450850
|switch|p1a: Milotic|Milotic, F, shiny|87/100
|move|p2a: Darkrai|Ice Beam|p1a: Milotic
|-resisted|p1a: Milotic
|-damage|p1a: Milotic|80/100
|
|-heal|p2a: Darkrai|66/100|[from] Grassy Terrain
|-heal|p1a: Milotic|86/100|[from] Grassy Terrain
|-heal|p1a: Milotic|92/100|[from] item: Leftovers
|upkeep
|turn|8
|
|t:|1760450863
|switch|p2a: Rillaboom|Rillaboom, F|68/100
|-damage|p2a: Rillaboom|55/100|[from] Stealth Rock
|move|p1a: Milotic|Scald|p2a: Rillaboom
|-resisted|p2a: Rillaboom
|-damage|p2a: Rillaboom|40/100
|
|-heal|p2a: Rillaboom|46/100|[from] Grassy Terrain
|-heal|p1a: Milotic|98/100|[from] Grassy Terrain
|-heal|p1a: Milotic|100/100|[from] item: Leftovers
|upkeep
|turn|9
|
|t:|1760450880
|switch|p1a: Garchomp|Garchomp, M, shiny|78/100
|move|p2a: Rillaboom|U-turn|p1a: Garchomp
|-damage|p1a: Garchomp|63/100
|-damage|p2a: Rillaboom|34/100|[from] ability: Rough Skin|[of] p1a: Garchomp
|
|t:|1760450895
|switch|p2a: Deoxys|Deoxys-Speed|100/100|[from] U-turn
|-damage|p2a: Deoxys|88/100|[from] Stealth Rock
|-ability|p2a: Deoxys|Pressure
|
|-heal|p2a: Deoxys|94/100|[from] Grassy Terrain
|-heal|p1a: Garchomp|69/100|[from] Grassy Terrain
|upkeep
|turn|10
|inactive|matias nk has 120 seconds left.
|
|t:|1760450933
|switch|p1a: Milotic|Milotic, F, shiny|100/100
|move|p2a: Deoxys|Nasty Plot|p2a: Deoxys
|-boost|p2a: Deoxys|spa|2
|
|-heal|p2a: Deoxys|100/100|[from] Grassy Terrain
|upkeep
|turn|11
|inactive|enormouschilli has 120 seconds left.
|
|t:|1760450976
|move|p2a: Deoxys|Psycho Boost|p1a: Milotic
|-damage|p1a: Milotic|15/100
|-unboost|p2a: Deoxys|spa|2
|-damage|p2a: Deoxys|91/100|[from] item: Life Orb
|move|p1a: Milotic|Mirror Coat|p2a: Deoxys
|-damage|p2a: Deoxys|0 fnt
|faint|p2a: Deoxys
|
|-heal|p1a: Milotic|21/100|[from] Grassy Terrain
|-heal|p1a: Milotic|27/100|[from] item: Leftovers
|-fieldend|move: Grassy Terrain
|upkeep
|
|t:|1760450989
|switch|p2a: Anomаly|Iron Moth|100/100
|-damage|p2a: Anomаly|76/100|[from] Stealth Rock
|-enditem|p2a: Anomаly|Booster Energy
|-activate|p2a: Anomаly|ability: Quark Drive|[fromitem]
|-start|p2a: Anomаly|quarkdrivespe
|turn|12
|
|t:|1760450995
|move|p2a: Anomаly|Sludge Wave|p1a: Milotic
|-damage|p1a: Milotic|0 fnt
|faint|p1a: Milotic
|
|upkeep
|
|t:|1760451003
|switch|p1a: Grafaiai|Grafaiai, M, shiny|100/100
|turn|13
|
|t:|1760451008
|move|p1a: Grafaiai|Parting Shot|p2a: Anomаly
|-unboost|p2a: Anomаly|atk|1
|-unboost|p2a: Anomаly|spa|1
|
|t:|1760451011
|switch|p1a: Thundurus|Thundurus-Therian, M|100/100|[from] Parting Shot
|move|p2a: Anomаly|Fiery Dance|p1a: Thundurus
|-damage|p1a: Thundurus|63/100
|
|upkeep
|turn|14
|
|t:|1760451035
|move|p2a: Anomаly|Sludge Wave|p1a: Thundurus
|-damage|p1a: Thundurus|19/100
|move|p1a: Thundurus|Volt Switch|p2a: Anomаly
|-damage|p2a: Anomаly|18/100
|
|t:|1760451043
|switch|p1a: Grafaiai|Grafaiai, M, shiny|100/100|[from] Volt Switch
|
|upkeep
|turn|15
|
|t:|1760451048
|move|p1a: Grafaiai|Copycat|p1a: Grafaiai
|move|p1a: Grafaiai|Volt Switch|p2a: Anomаly|[from] move: Copycat
|-damage|p2a: Anomаly|3/100
|
|t:|1760451056
|switch|p1a: Thundurus|Thundurus-Therian, M|19/100|[from] Volt Switch
|move|p2a: Anomаly|Fiery Dance|p1a: Thundurus
|-damage|p1a: Thundurus|0 fnt
|-boost|p2a: Anomаly|spa|1
|faint|p1a: Thundurus
|
|upkeep
|
|t:|1760451059
|switch|p1a: Grafaiai|Grafaiai, M, shiny|100/100
|turn|16
|
|t:|1760451070
|move|p1a: Grafaiai|Copycat|p1a: Grafaiai
|move|p1a: Grafaiai|Fiery Dance|p2a: Anomаly|[from] move: Copycat
|-resisted|p2a: Anomаly
|-damage|p2a: Anomаly|0 fnt
|-boost|p1a: Grafaiai|spa|1
|faint|p2a: Anomаly
|-end|p2a: Anomаly|Quark Drive|[silent]
|
|upkeep
|
|t:|1760451076
|switch|p2a: thanos|Kingambit, M|100/100
|-damage|p2a: thanos|94/100|[from] Stealth Rock
|-activate|p2a: thanos|ability: Supreme Overlord
|-start|p2a: thanos|fallen2|[silent]
|turn|17
|
|t:|1760451080
|switch|p1a: Garchomp|Garchomp, M, shiny|69/100
|move|p2a: thanos|Swords Dance|p2a: thanos
|-boost|p2a: thanos|atk|2
|
|-heal|p2a: thanos|100/100|[from] item: Leftovers
|upkeep
|turn|18
|
|t:|1760451095
|move|p2a: thanos|Kowtow Cleave|p1a: Garchomp
|-damage|p1a: Garchomp|0 fnt
|-damage|p2a: thanos|88/100|[from] ability: Rough Skin|[of] p1a: Garchomp
|faint|p1a: Garchomp
|
|-heal|p2a: thanos|94/100|[from] item: Leftovers
|upkeep
|
|t:|1760451100
|switch|p1a: Blaziken|Blaziken, M, shiny|100/100
|turn|19
|
|t:|1760451129
|-terastallize|p2a: thanos|Fairy
|move|p1a: Blaziken|Close Combat|p2a: thanos
|-resisted|p2a: thanos
|-damage|p2a: thanos|70/100
|-unboost|p1a: Blaziken|def|1
|-unboost|p1a: Blaziken|spd|1
|-enditem|p1a: Blaziken|White Herb
|-clearnegativeboost|p1a: Blaziken|[silent]
|move|p2a: thanos|Swords Dance|p2a: thanos
|-boost|p2a: thanos|atk|2
|
|-heal|p2a: thanos|76/100|[from] item: Leftovers
|-ability|p1a: Blaziken|Speed Boost|boost
|-boost|p1a: Blaziken|spe|1
|upkeep
|turn|20
|
|t:|1760451140
|-terastallize|p1a: Blaziken|Flying
|move|p1a: Blaziken|Acrobatics|p2a: thanos
|-damage|p2a: thanos|32/100
|move|p2a: thanos|Kowtow Cleave|p1a: Blaziken
|-damage|p1a: Blaziken|0 fnt
|faint|p1a: Blaziken
|
|-heal|p2a: thanos|38/100|[from] item: Leftovers
|upkeep
|-message|matias nk forfeited.
|
|win|enormouschilli
|raw|matias nk's rating: 1406 &rarr; <strong>1384</strong><br />(-22 for losing)
|raw|enormouschilli's rating: 1367 &rarr; <strong>1389</strong><br />(+22 for winning)
|l|☆matias nk
|player|p1|
|l|☆enormouschilli
|player|p2|
