|j|☆K3c8ge4
|j|☆torvik en place
|t:|1760366775
|gametype|singles
|player|p1|K3c8ge4|elesa|1844
|player|p2|torvik en place|gambler|1798
|gen|9
|tier|[Gen 9] OU
|rated|
|rule|HP Percentage Mod: HP is shown in percentages
|rule|Endless Battle Clause: Forcing endless battles is banned
|rule|Species Clause: Limit one of each Pokémon
|rule|OHKO Clause: OHKO moves are banned
|rule|Evasion Items Clause: Evasion items are banned
|rule|Evasion Moves Clause: Evasion moves are banned
|rule|Evasion Abilities Clause: Evasion abilities are banned
|rule|Sleep Moves Clause: Sleep-inducing moves are banned
|clearpoke
|poke|p1|Scizor, F|
|poke|p1|Raging Bolt|
|poke|p1|Primarina, F|
|poke|p1|Ogerpon-Cornerstone, F|
|poke|p1|Great Tusk|
|poke|p1|Zamazenta-*|
|poke|p2|Garchomp, F|
|poke|p2|Rillaboom, F|
|poke|p2|Iron Crown|
|poke|p2|Darkrai|
|poke|p2|Hatterene, F|
|poke|p2|Alomomola, F|
|teampreview
|inactive|Battle timer is ON: inactive players will automatically lose when time's up. (requested by K3c8ge4)
|j| FaronAan
|j| nsdede
|
|t:|1760366798
|teamsize|p1|6
|teamsize|p2|6
|start
|switch|p1a: Scizor|Scizor, F|100/100
|switch|p2a: Garchomp|Garchomp, F|100/100
|turn|1
|
|t:|1760366805
|move|p2a: Garchomp|Spikes|p1a: Scizor
|-sidestart|p1: K3c8ge4|Spikes
|move|p1a: Scizor|U-turn|p2a: Garchomp
|-damage|p2a: Garchomp|63/100
|-damage|p1a: Scizor|88/100|[from] ability: Rough Skin|[of] p2a: Garchomp
|-damage|p1a: Scizor|72/100|[from] item: Rocky Helmet|[of] p2a: Garchomp
|
|t:|1760366815
|switch|p1a: Great Tusk|Great Tusk|100/100|[from] U-turn
|
|upkeep
|turn|2
|
|t:|1760366834
|switch|p2a: Hatterene|Hatterene, F|100/100
|move|p1a: Great Tusk|Stealth Rock|p2a: Hatterene
|move|p2a: Hatterene|Stealth Rock|p1a: Great Tusk|[from] ability: Magic Bounce
|-sidestart|p1: K3c8ge4|move: Stealth Rock
|
|upkeep
|turn|3
|j| rerissohot
|
|t:|1760366844
|move|p1a: Great Tusk|Rapid Spin|p2a: Hatterene
|-damage|p2a: Hatterene|88/100
|-boost|p1a: Great Tusk|spe|1
|-sideend|p1: K3c8ge4|Spikes|[from] move: Rapid Spin|[of] p1a: Great Tusk
|-sideend|p1: K3c8ge4|Stealth Rock|[from] move: Rapid Spin|[of] p1a: Great Tusk
|move|p2a: Hatterene|Psychic Noise|p1a: Great Tusk
|-supereffective|p1a: Great Tusk
|-damage|p1a: Great Tusk|9/100
|-start|p1a: Great Tusk|move: Heal Block
|
|-heal|p2a: Hatterene|94/100|[from] item: Leftovers
|upkeep
|turn|4
|j| sgCURRY3
|l| sgCURRY3
|
|t:|1760366854
|-end|p1a: Great Tusk|Protosynthesis|[silent]
|switch|p1a: Scizor|Scizor, F|72/100
|move|p2a: Hatterene|Psychic Noise|p1a: Scizor
|-resisted|p1a: Scizor
|-crit|p1a: Scizor
|-damage|p1a: Scizor|40/100
|-start|p1a: Scizor|move: Heal Block
|
|-heal|p2a: Hatterene|99/100|[from] item: Leftovers
|upkeep
|turn|5
|
|t:|1760366867
|move|p1a: Scizor|Bullet Punch|p2a: Hatterene
|-supereffective|p2a: Hatterene
|-damage|p2a: Hatterene|11/100
|move|p2a: Hatterene|Psychic Noise|p1a: Scizor
|-resisted|p1a: Scizor
|-damage|p1a: Scizor|17/100
|
|-heal|p2a: Hatterene|17/100|[from] item: Leftovers
|-end|p1a: Scizor|move: Heal Block
|upkeep
|turn|6
|
|t:|1760366875
|switch|p1a: Primarina|Primarina, F|100/100
|switch|p2a: Alomomola|Alomomola, F|100/100
|
|upkeep
|turn|7
|
|t:|1760366880
|move|p1a: Primarina|Moonblast|p2a: Alomomola
|-damage|p2a: Alomomola|73/100
|-unboost|p2a: Alomomola|spa|1
|move|p2a: Alomomola|Flip Turn|p1a: Primarina
|-resisted|p1a: Primarina
|-damage|p1a: Primarina|91/100
|
|t:|1760366886
|switch|p2a: Rillaboom|Rillaboom, F|100/100|[from] Flip Turn
|-fieldstart|move: Grassy Terrain|[from] ability: Grassy Surge|[of] p2a: Rillaboom
|
|-heal|p1a: Primarina|97/100|[from] Grassy Terrain
|upkeep
|turn|8
|
|t:|1760366893
|switch|p1a: Raging Bolt|Raging Bolt|100/100
|move|p2a: Rillaboom|Wood Hammer|p1a: Raging Bolt
|-resisted|p1a: Raging Bolt
|-damage|p1a: Raging Bolt|39/100
|-damage|p2a: Rillaboom|77/100|[from] Recoil
|
|-heal|p2a: Rillaboom|83/100|[from] Grassy Terrain
|-heal|p1a: Raging Bolt|45/100|[from] Grassy Terrain
|upkeep
|turn|9
|
|t:|1760366921
|-end|p1a: Raging Bolt|Protosynthesis|[silent]
|switch|p1a: Scizor|Scizor, F|17/100
|move|p2a: Rillaboom|Wood Hammer|p1a: Scizor
|-resisted|p1a: Scizor
|-damage|p1a: Scizor|0 fnt
|faint|p1a: Scizor
|-damage|p2a: Rillaboom|78/100|[from] Recoil
|
|-heal|p2a: Rillaboom|84/100|[from] Grassy Terrain
|upkeep
|
|t:|1760366929
|switch|p1a: Ogerpon|Ogerpon-Cornerstone, F|100/100
|turn|10
|
|t:|1760366935
|move|p1a: Ogerpon|Ivy Cudgel|p2a: Rillaboom|[anim] Ivy Cudgel Rock
|-crit|p2a: Rillaboom
|-damage|p2a: Rillaboom|0 fnt
|faint|p2a: Rillaboom
|
|upkeep
|c|☆K3c8ge4|mb
|
|t:|1760366944
|switch|p2a: Iron Crown|Iron Crown|100/100
|turn|11
|
|t:|1760366948
|move|p1a: Ogerpon|U-turn|p2a: Iron Crown
|-damage|p2a: Iron Crown|73/100
|
|t:|1760366950
|switch|p1a: Primarina|Primarina, F|97/100|[from] U-turn
|move|p2a: Iron Crown|Tachyon Cutter|p1a: Primarina
|-damage|p1a: Primarina|77/100
|-damage|p1a: Primarina|56/100
|-hitcount|p1a: Primarina|2
|
|-heal|p2a: Iron Crown|79/100|[from] Grassy Terrain
|-heal|p1a: Primarina|62/100|[from] Grassy Terrain
|-fieldend|move: Grassy Terrain
|upkeep
|turn|12
|
|t:|1760366958
|move|p2a: Iron Crown|Tachyon Cutter|p1a: Primarina
|-damage|p1a: Primarina|42/100
|-damage|p1a: Primarina|21/100
|-hitcount|p1a: Primarina|2
|move|p1a: Primarina|Flip Turn|p2a: Iron Crown
|-damage|p2a: Iron Crown|58/100
|inactive|K3c8ge4 has 120 seconds left.
|
|t:|1760366999
|switch|p1a: Raging Bolt|Raging Bolt|45/100|[from] Flip Turn
|
|upkeep
|turn|13
|inactive|K3c8ge4 has 120 seconds left.
|
|t:|1760367010
|-end|p2a: Iron Crown|Quark Drive|[silent]
|switch|p2a: Alomomola|Alomomola, F|100/100
|move|p1a: Raging Bolt|Draco Meteor|p2a: Alomomola|[miss]
|-miss|p1a: Raging Bolt|p2a: Alomomola
|
|upkeep
|turn|14
|
|t:|1760367020
|move|p1a: Raging Bolt|Draco Meteor|p2a: Alomomola
|-damage|p2a: Alomomola|48/100
|-unboost|p1a: Raging Bolt|spa|2
|move|p2a: Alomomola|Flip Turn|p1a: Raging Bolt
|-resisted|p1a: Raging Bolt
|-damage|p1a: Raging Bolt|39/100
|
|t:|1760367044
|switch|p2a: Darkrai|Darkrai|100/100|[from] Flip Turn
|
|upkeep
|turn|15
|
|t:|1760367049
|move|p2a: Darkrai|Ice Beam|p1a: Raging Bolt
|-supereffective|p1a: Raging Bolt
|-damage|p1a: Raging Bolt|0 fnt
|faint|p1a: Raging Bolt
|-end|p1a: Raging Bolt|Protosynthesis|[silent]
|
|upkeep
|
|t:|1760367056
|switch|p1a: Zamazenta|Zamazenta|100/100
|-ability|p1a: Zamazenta|Dauntless Shield|boost
|-boost|p1a: Zamazenta|def|1
|turn|16
|
|t:|1760367061
|-terastallize|p2a: Darkrai|Poison
|move|p1a: Zamazenta|Iron Defense|p1a: Zamazenta
|-boost|p1a: Zamazenta|def|2
|move|p2a: Darkrai|Will-O-Wisp|p1a: Zamazenta|[miss]
|-miss|p2a: Darkrai|p1a: Zamazenta
|
|upkeep
|turn|17
|
|t:|1760367071
|move|p1a: Zamazenta|Iron Defense|p1a: Zamazenta
|-boost|p1a: Zamazenta|def|2
|move|p2a: Darkrai|Will-O-Wisp|p1a: Zamazenta
|-status|p1a: Zamazenta|brn
|
|-damage|p1a: Zamazenta|94/100 brn|[from] brn
|upkeep
|turn|18
|j| iamfrhaan007
|
|t:|1760367093
|switch|p2a: Garchomp|Garchomp, F|63/100
|move|p1a: Zamazenta|Body Press|p2a: Garchomp
|-damage|p2a: Garchomp|29/100
|-damage|p1a: Zamazenta|82/100 brn|[from] ability: Rough Skin|[of] p2a: Garchomp
|-damage|p1a: Zamazenta|65/100 brn|[from] item: Rocky Helmet|[of] p2a: Garchomp
|
|-heal|p1a: Zamazenta|72/100 brn|[from] item: Leftovers
|-damage|p1a: Zamazenta|65/100 brn|[from] brn
|upkeep
|turn|19
|
|t:|1760367111
|move|p1a: Zamazenta|Body Press|p2a: Garchomp
|-damage|p2a: Garchomp|0 fnt
|-damage|p1a: Zamazenta|53/100 brn|[from] ability: Rough Skin|[of] p2a: Garchomp
|-damage|p1a: Zamazenta|37/100 brn|[from] item: Rocky Helmet|[of] p2a: Garchomp
|faint|p2a: Garchomp
|
|-heal|p1a: Zamazenta|43/100 brn|[from] item: Leftovers
|-damage|p1a: Zamazenta|37/100 brn|[from] brn
|upkeep
|
|t:|1760367117
|switch|p2a: Darkrai|Darkrai, tera:Poison|100/100
|turn|20
|
|t:|1760367120
|move|p1a: Zamazenta|Body Press|p2a: Darkrai
|-resisted|p2a: Darkrai
|-damage|p2a: Darkrai|64/100
|move|p2a: Darkrai|Ice Beam|p1a: Zamazenta
|-damage|p1a: Zamazenta|11/100 brn
|
|-heal|p1a: Zamazenta|17/100 brn|[from] item: Leftovers
|-heal|p2a: Darkrai|70/100|[from] item: Leftovers
|-damage|p1a: Zamazenta|11/100 brn|[from] brn
|upkeep
|turn|21
|
|t:|1760367126
|move|p1a: Zamazenta|Body Press|p2a: Darkrai
|-resisted|p2a: Darkrai
|-damage|p2a: Darkrai|31/100
|move|p2a: Darkrai|Ice Beam|p1a: Zamazenta
|-damage|p1a: Zamazenta|0 fnt
|faint|p1a: Zamazenta
|
|-heal|p2a: Darkrai|37/100|[from] item: Leftovers
|upkeep
|
|t:|1760367130
|switch|p1a: Ogerpon|Ogerpon-Cornerstone, F|100/100
|turn|22
|
|t:|1760367135
|-terastallize|p1a: Ogerpon|Rock
|detailschange|p1a: Ogerpon|Ogerpon-Cornerstone-Tera, F, tera:Rock
|-ability|p1a: Ogerpon|Embody Aspect (Cornerstone)|boost
|-boost|p1a: Ogerpon|def|1
|move|p2a: Darkrai|Will-O-Wisp|p1a: Ogerpon|[miss]
|-miss|p2a: Darkrai|p1a: Ogerpon
|move|p1a: Ogerpon|Ivy Cudgel|p2a: Darkrai|[anim] Ivy Cudgel Rock
|-crit|p2a: Darkrai
|-damage|p2a: Darkrai|0 fnt
|faint|p2a: Darkrai
|
|upkeep
|c|☆torvik en place|always the same
|c|☆K3c8ge4|rip
|l| FaronAan
|
|t:|1760367153
|switch|p2a: Iron Crown|Iron Crown|58/100
|turn|23
|
|t:|1760367163
|-end|p2a: Iron Crown|Quark Drive|[silent]
|switch|p2a: Alomomola|Alomomola, F|81/100
|move|p1a: Ogerpon|U-turn|p2a: Alomomola
|-damage|p2a: Alomomola|61/100
|
|t:|1760367169
|switch|p1a: Great Tusk|Great Tusk|9/100|[from] U-turn
|
|upkeep
|turn|24
|
|t:|1760367172
|move|p2a: Alomomola|Aqua Jet|p1a: Great Tusk
|-supereffective|p1a: Great Tusk
|-damage|p1a: Great Tusk|0 fnt
|faint|p1a: Great Tusk
|-end|p1a: Great Tusk|Protosynthesis|[silent]
|
|upkeep
|
|t:|1760367174
|switch|p1a: Ogerpon|Ogerpon-Cornerstone-Tera, F, tera:Rock|100/100
|-ability|p1a: Ogerpon|Embody Aspect (Cornerstone)|boost
|-boost|p1a: Ogerpon|def|1
|turn|25
|
|t:|1760367179
|switch|p2a: Hatterene|Hatterene, F|17/100
|move|p1a: Ogerpon|Power Whip|p2a: Hatterene
|-damage|p2a: Hatterene|0 fnt
|faint|p2a: Hatterene
|
|upkeep
|
|t:|1760367181
|switch|p2a: Iron Crown|Iron Crown|58/100
|turn|26
|
|t:|1760367184
|-end|p2a: Iron Crown|Quark Drive|[silent]
|switch|p2a: Alomomola|Alomomola, F|94/100
|move|p1a: Ogerpon|U-turn|p2a: Alomomola
|-damage|p2a: Alomomola|73/100
|
|t:|1760367186
|switch|p1a: Primarina|Primarina, F|21/100|[from] U-turn
|
|upkeep
|turn|27
|
|t:|1760367192
|move|p1a: Primarina|Flip Turn|p2a: Alomomola
|-resisted|p2a: Alomomola
|-damage|p2a: Alomomola|64/100
|
|t:|1760367193
|switch|p1a: Ogerpon|Ogerpon-Cornerstone-Tera, F, tera:Rock|100/100|[from] Flip Turn
|-ability|p1a: Ogerpon|Embody Aspect (Cornerstone)|boost
|-boost|p1a: Ogerpon|def|1
|move|p2a: Alomomola|Flip Turn|p1a: Ogerpon
|-supereffective|p1a: Ogerpon
|-crit|p1a: Ogerpon
|-damage|p1a: Ogerpon|34/100
|
|t:|1760367199
|switch|p2a: Iron Crown|Iron Crown|58/100|[from] Flip Turn
|
|upkeep
|turn|28
|
|t:|1760367209
|move|p1a: Ogerpon|U-turn|p2a: Iron Crown
|-damage|p2a: Iron Crown|28/100
|
|t:|1760367210
|switch|p1a: Primarina|Primarina, F|21/100|[from] U-turn
|move|p2a: Iron Crown|Tachyon Cutter|p1a: Primarina
|-damage|p1a: Primarina|0 fnt
|faint|p1a: Primarina
|-hitcount|p1: Primarina|1
|
|upkeep
|
|t:|1760367212
|switch|p1a: Ogerpon|Ogerpon-Cornerstone-Tera, F, tera:Rock|34/100
|-ability|p1a: Ogerpon|Embody Aspect (Cornerstone)|boost
|-boost|p1a: Ogerpon|def|1
|turn|29
|
|t:|1760367218
|move|p1a: Ogerpon|Ivy Cudgel|p2a: Iron Crown|[anim] Ivy Cudgel Rock
|-resisted|p2a: Iron Crown
|-damage|p2a: Iron Crown|0 fnt
|faint|p2a: Iron Crown
|-end|p2a: Iron Crown|Quark Drive|[silent]
|
|upkeep
|
|t:|1760367219
|switch|p2a: Alomomola|Alomomola, F|98/100
|turn|30
|
|t:|1760367222
|move|p1a: Ogerpon|Power Whip|p2a: Alomomola
|-supereffective|p2a: Alomomola
|-damage|p2a: Alomomola|0 fnt
|faint|p2a: Alomomola
|
|win|K3c8ge4
|raw|K3c8ge4's rating: 1844 &rarr; <strong>1861</strong><br />(+17 for winning)
|raw|torvik en place's rating: 1798 &rarr; <strong>1781</strong><br />(-17 for losing)
|c|☆torvik en place|deserved win gg
|c|☆K3c8ge4|sry
|l|☆torvik en place
|player|p2|
|l| iamfrhaan007
|l| rerissohot
|l|☆K3c8ge4
|player|p1|
