|j|☆adv 1v1
|j|☆khote
|t:|1760337332
|gametype|singles
|player|p1|adv 1v1|lisia|1524
|player|p2|khote|burglar|1487
|gen|9
|tier|[Gen 9] OU
|rated|
|rule|HP Percentage Mod: HP is shown in percentages
|rule|Endless Battle Clause: Forcing endless battles is banned
|rule|Species Clause: Limit one of each Pokémon
|rule|OHKO Clause: OHKO moves are banned
|rule|Evasion Items Clause: Evasion items are banned
|rule|Evasion Moves Clause: Evasion moves are banned
|rule|Evasion Abilities Clause: Evasion abilities are banned
|rule|Sleep Moves Clause: Sleep-inducing moves are banned
|clearpoke
|poke|p1|Jirachi|
|poke|p1|Ursaluna, F|
|poke|p1|Iron Hands|
|poke|p1|Volcanion|
|poke|p1|Moltres-Galar|
|poke|p1|Rillaboom, M|
|poke|p2|Iron Treads|
|poke|p2|Ogerpon-Wellspring, F|
|poke|p2|Zamazenta-*|
|poke|p2|Dragapult, F|
|poke|p2|Iron Valiant|
|poke|p2|Dragonite, M|
|teampreview
|inactive|Battle timer is ON: inactive players will automatically lose when time's up. (requested by adv 1v1)
|
|t:|1760337340
|teamsize|p1|6
|teamsize|p2|6
|start
|switch|p1a: Moltres|Moltres-Galar|100/100
|switch|p2a: Dragapult|Dragapult, F|100/100
|turn|1
|
|t:|1760337345
|move|p2a: Dragapult|U-turn|p1a: Moltres
|-damage|p1a: Moltres|82/100
|
|t:|1760337348
|switch|p2a: Iron Treads|Iron Treads|100/100|[from] U-turn
|move|p1a: Moltres|Fiery Wrath|p2a: Iron Treads
|-damage|p2a: Iron Treads|73/100
|
|-heal|p2a: Iron Treads|79/100|[from] item: Leftovers
|-heal|p1a: Moltres|88/100|[from] item: Leftovers
|upkeep
|turn|2
|
|t:|1760337353
|move|p2a: Iron Treads|Stealth Rock|p1a: Moltres
|-sidestart|p1: adv 1v1|move: Stealth Rock
|move|p1a: Moltres|Fiery Wrath|p2a: Iron Treads
|-damage|p2a: Iron Treads|51/100
|
|-heal|p2a: Iron Treads|58/100|[from] item: Leftovers
|-heal|p1a: Moltres|94/100|[from] item: Leftovers
|upkeep
|turn|3
|
|t:|1760337362
|move|p2a: Iron Treads|Iron Head|p1a: Moltres
|-damage|p1a: Moltres|62/100
|move|p1a: Moltres|Fiery Wrath|p2a: Iron Treads
|-damage|p2a: Iron Treads|32/100
|
|-heal|p2a: Iron Treads|38/100|[from] item: Leftovers
|-heal|p1a: Moltres|68/100|[from] item: Leftovers
|upkeep
|turn|4
|
|t:|1760337377
|move|p2a: Iron Treads|Iron Head|p1a: Moltres
|-damage|p1a: Moltres|38/100
|-ability|p1a: Moltres|Berserk|boost
|-boost|p1a: Moltres|spa|1
|move|p1a: Moltres|Fiery Wrath|p2a: Iron Treads
|-damage|p2a: Iron Treads|0 fnt
|faint|p2a: Iron Treads
|-end|p2a: Iron Treads|Quark Drive|[silent]
|
|-heal|p1a: Moltres|44/100|[from] item: Leftovers
|upkeep
|
|t:|1760337384
|switch|p2a: Dragapult|Dragapult, F|100/100
|turn|5
|j| Narwhale37
|
|t:|1760337396
|move|p2a: Dragapult|Draco Meteor|p1a: Moltres
|-damage|p1a: Moltres|11/100
|-unboost|p2a: Dragapult|spa|2
|move|p1a: Moltres|Pain Split|p2a: Dragapult
|-sethp|p2a: Dragapult|57/100|[from] move: Pain Split|[silent]
|-sethp|p1a: Moltres|50/100|[from] move: Pain Split
|
|-heal|p1a: Moltres|56/100|[from] item: Leftovers
|upkeep
|turn|6
|
|t:|1760337403
|move|p2a: Dragapult|U-turn|p1a: Moltres
|-damage|p1a: Moltres|39/100
|-ability|p1a: Moltres|Berserk|boost
|-boost|p1a: Moltres|spa|1
|
|t:|1760337405
|switch|p2a: Iron Valiant|Iron Valiant|100/100|[from] U-turn
|-enditem|p2a: Iron Valiant|Booster Energy
|-activate|p2a: Iron Valiant|ability: Quark Drive|[fromitem]
|-start|p2a: Iron Valiant|quarkdrivespe
|move|p1a: Moltres|Air Slash|p2a: Iron Valiant
|-supereffective|p2a: Iron Valiant
|-damage|p2a: Iron Valiant|0 fnt
|faint|p2a: Iron Valiant
|-end|p2a: Iron Valiant|Quark Drive|[silent]
|
|-heal|p1a: Moltres|45/100|[from] item: Leftovers
|upkeep
|
|t:|1760337410
|switch|p2a: Ogerpon|Ogerpon-Wellspring, F|100/100
|turn|7
|
|t:|1760337413
|switch|p1a: Volcanion|Volcanion|100/100
|move|p2a: Ogerpon|Ivy Cudgel|p1a: Volcanion|[anim] Ivy Cudgel Water
|-immune|p1a: Volcanion|[from] ability: Water Absorb
|
|upkeep
|turn|8
|
|t:|1760337417
|switch|p2a: Dragapult|Dragapult, F|57/100
|move|p1a: Volcanion|Sludge Bomb|p2a: Dragapult
|-resisted|p2a: Dragapult
|-damage|p2a: Dragapult|32/100
|
|upkeep
|turn|9
|
|t:|1760337424
|switch|p1a: Jirachi|Jirachi|100/100
|-damage|p1a: Jirachi|94/100|[from] Stealth Rock
|move|p2a: Dragapult|Draco Meteor|p1a: Jirachi
|-resisted|p1a: Jirachi
|-damage|p1a: Jirachi|65/100
|-unboost|p2a: Dragapult|spa|2
|
|upkeep
|turn|10
|
|t:|1760337428
|move|p1a: Jirachi|Iron Head|p2a: Dragapult
|-damage|p2a: Dragapult|0 fnt
|faint|p2a: Dragapult
|
|upkeep
|
|t:|1760337443
|switch|p2a: Zamazenta|Zamazenta|100/100
|-ability|p2a: Zamazenta|Dauntless Shield|boost
|-boost|p2a: Zamazenta|def|1
|turn|11
|
|t:|1760337449
|switch|p1a: Volcanion|Volcanion|100/100
|move|p2a: Zamazenta|Substitute|p2a: Zamazenta
|-start|p2a: Zamazenta|Substitute
|-damage|p2a: Zamazenta|75/100
|
|-heal|p2a: Zamazenta|82/100|[from] item: Leftovers
|upkeep
|turn|12
|
|t:|1760337453
|move|p2a: Zamazenta|Body Press|p1a: Volcanion
|-damage|p1a: Volcanion|64/100
|move|p1a: Volcanion|Flamethrower|p2a: Zamazenta
|-end|p2a: Zamazenta|Substitute
|
|-heal|p2a: Zamazenta|88/100|[from] item: Leftovers
|upkeep
|turn|13
|
|t:|1760337460
|switch|p2a: Ogerpon|Ogerpon-Wellspring, F|100/100
|move|p1a: Volcanion|Steam Eruption|p2a: Ogerpon
|-immune|p2a: Ogerpon|[from] ability: Water Absorb
|
|upkeep
|turn|14
|
|t:|1760337465
|switch|p1a: Rillaboom|Rillaboom, M|100/100
|-damage|p1a: Rillaboom|88/100|[from] Stealth Rock
|-fieldstart|move: Grassy Terrain|[from] ability: Grassy Surge|[of] p1a: Rillaboom
|move|p2a: Ogerpon|Encore||[still]
|-fail|p2a: Ogerpon
|
|-heal|p1a: Rillaboom|94/100|[from] Grassy Terrain
|upkeep
|turn|15
|
|t:|1760337469
|move|p2a: Ogerpon|Ivy Cudgel|p1a: Rillaboom|[anim] Ivy Cudgel Water
|-resisted|p1a: Rillaboom
|-damage|p1a: Rillaboom|63/100
|move|p1a: Rillaboom|Wood Hammer|p2a: Ogerpon
|-damage|p2a: Ogerpon|0 fnt
|faint|p2a: Ogerpon
|-damage|p1a: Rillaboom|34/100|[from] Recoil
|-damage|p1a: Rillaboom|24/100|[from] item: Life Orb
|
|-heal|p1a: Rillaboom|30/100|[from] Grassy Terrain
|upkeep
|
|t:|1760337482
|switch|p2a: Zamazenta|Zamazenta|88/100
|turn|16
|
|t:|1760337484
|move|p2a: Zamazenta|Iron Defense|p2a: Zamazenta
|-boost|p2a: Zamazenta|def|2
|move|p1a: Rillaboom|Wood Hammer|p2a: Zamazenta
|-damage|p2a: Zamazenta|43/100
|-damage|p1a: Rillaboom|13/100|[from] Recoil
|-damage|p1a: Rillaboom|3/100|[from] item: Life Orb
|
|-heal|p2a: Zamazenta|49/100|[from] Grassy Terrain
|-heal|p2a: Zamazenta|56/100|[from] item: Leftovers
|-heal|p1a: Rillaboom|9/100|[from] Grassy Terrain
|upkeep
|turn|17
|
|t:|1760337494
|move|p2a: Zamazenta|Iron Defense|p2a: Zamazenta
|-boost|p2a: Zamazenta|def|2
|move|p1a: Rillaboom|Wood Hammer|p2a: Zamazenta
|-damage|p2a: Zamazenta|26/100
|-damage|p1a: Rillaboom|0 fnt|[from] Recoil
|faint|p1a: Rillaboom
|
|-heal|p2a: Zamazenta|32/100|[from] Grassy Terrain
|-heal|p2a: Zamazenta|39/100|[from] item: Leftovers
|upkeep
|
|t:|1760337500
|switch|p1a: Moltres|Moltres-Galar|45/100
|-damage|p1a: Moltres|20/100|[from] Stealth Rock
|turn|18
|
|t:|1760337505
|-terastallize|p1a: Moltres|Ghost
|move|p2a: Zamazenta|Body Press|p1a: Moltres
|-immune|p1a: Moltres
|move|p1a: Moltres|Air Slash|p2a: Zamazenta|[miss]
|-miss|p1a: Moltres|p2a: Zamazenta
|
|-heal|p2a: Zamazenta|45/100|[from] Grassy Terrain
|-heal|p2a: Zamazenta|51/100|[from] item: Leftovers
|-heal|p1a: Moltres|27/100|[from] Grassy Terrain
|-heal|p1a: Moltres|33/100|[from] item: Leftovers
|-fieldend|move: Grassy Terrain
|upkeep
|turn|19
|
|t:|1760337511
|move|p2a: Zamazenta|Crunch|p1a: Moltres
|-supereffective|p1a: Moltres
|-damage|p1a: Moltres|0 fnt
|faint|p1a: Moltres
|
|-heal|p2a: Zamazenta|57/100|[from] item: Leftovers
|upkeep
|
|t:|1760337540
|switch|p1a: Jirachi|Jirachi|65/100
|-damage|p1a: Jirachi|59/100|[from] Stealth Rock
|turn|20
|
|t:|1760337549
|move|p1a: Jirachi|Trick|p2a: Zamazenta
|-activate|p1a: Jirachi|move: Trick|[of] p2a: Zamazenta
|-item|p2a: Zamazenta|Choice Scarf|[from] move: Trick
|-item|p1a: Jirachi|Leftovers|[from] move: Trick
|move|p2a: Zamazenta|Body Press|p1a: Jirachi
|-damage|p1a: Jirachi|0 fnt
|faint|p1a: Jirachi
|
|upkeep
|inactive|adv 1v1 has 120 seconds left.
|
|t:|1760337574
|switch|p1a: Iron Hands|Iron Hands|100/100
|-damage|p1a: Iron Hands|94/100|[from] Stealth Rock
|-enditem|p1a: Iron Hands|Booster Energy
|-activate|p1a: Iron Hands|ability: Quark Drive|[fromitem]
|-start|p1a: Iron Hands|quarkdriveatk
|turn|21
|
|t:|1760337580
|move|p2a: Zamazenta|Body Press|p1a: Iron Hands
|-crit|p1a: Iron Hands
|-damage|p1a: Iron Hands|19/100
|move|p1a: Iron Hands|Ice Punch|p2a: Zamazenta
|-damage|p2a: Zamazenta|47/100
|
|upkeep
|turn|22
|
|t:|1760337583
|move|p2a: Zamazenta|Body Press|p1a: Iron Hands
|-damage|p1a: Iron Hands|0 fnt
|faint|p1a: Iron Hands
|-end|p1a: Iron Hands|Quark Drive|[silent]
|
|upkeep
|
|t:|1760337585
|switch|p1a: Volcanion|Volcanion|64/100
|turn|23
|
|t:|1760337587
|move|p2a: Zamazenta|Body Press|p1a: Volcanion
|-damage|p1a: Volcanion|0 fnt
|faint|p1a: Volcanion
|
|upkeep
|-message|adv 1v1 forfeited.
|
|win|khote
|raw|adv 1v1's rating: 1543 &rarr; <strong>1520</strong><br />(-23 for losing)
|raw|khote's rating: 1487 &rarr; <strong>1510</strong><br />(+23 for winning)
|l|☆adv 1v1
|player|p1|
|l|☆khote
|player|p2|
