|j|☆aidz321
|j|☆luciuslemon
|t:|1760391340
|gametype|singles
|player|p1|aidz321|hugh|1299
|player|p2|luciuslemon|acetrainer-gen4dp|1300
|gen|9
|tier|[Gen 9] OU
|rated|
|rule|HP Percentage Mod: HP is shown in percentages
|rule|Endless Battle Clause: Forcing endless battles is banned
|rule|Species Clause: Limit one of each Pokémon
|rule|OHKO Clause: OHKO moves are banned
|rule|Evasion Items Clause: Evasion items are banned
|rule|Evasion Moves Clause: Evasion moves are banned
|rule|Evasion Abilities Clause: Evasion abilities are banned
|rule|Sleep Moves Clause: Sleep-inducing moves are banned
|clearpoke
|poke|p1|Pelipper, F|
|poke|p1|Politoed, F|
|poke|p1|Barraskewda, M|
|poke|p1|Basculegion-F, F|
|poke|p1|Kilowattrel, M|
|poke|p1|Keldeo|
|poke|p2|Dragapult, F|
|poke|p2|Scizor, M|
|poke|p2|Rillaboom, M|
|poke|p2|Alomomola, M|
|poke|p2|Gliscor, F|
|poke|p2|Slowking-Galar, M|
|teampreview
|inactive|Battle timer is ON: inactive players will automatically lose when time's up. (requested by aidz321)
|
|t:|1760391350
|teamsize|p1|6
|teamsize|p2|6
|start
|switch|p1a: Pelipper|Pelipper, F|100/100
|switch|p2a: Dragapult|Dragapult, F|100/100
|-weather|RainDance|[from] ability: Drizzle|[of] p1a: Pelipper
|turn|1
|c|☆aidz321|good luck
|
|t:|1760391356
|move|p2a: Dragapult|Thunderbolt|p1a: Pelipper
|-supereffective|p1a: Pelipper
|-enditem|p1a: Pelipper|Focus Sash
|-damage|p1a: Pelipper|1/100
|move|p1a: Pelipper|U-turn|p2a: Dragapult
|-resisted|p2a: Dragapult
|-damage|p2a: Dragapult|95/100
|
|t:|1760391368
|switch|p1a: Basculegion|Basculegion-F, F|100/100|[from] U-turn
|
|-weather|RainDance|[upkeep]
|upkeep
|turn|2
|
|t:|1760391380
|switch|p2a: Scizor|Scizor, M|100/100
|move|p1a: Basculegion|Shadow Ball|p2a: Scizor
|-damage|p2a: Scizor|37/100
|
|-weather|RainDance|[upkeep]
|upkeep
|turn|3
|
|t:|1760391393
|switch|p2a: Alomomola|Alomomola, M|100/100
|move|p1a: Basculegion|Shadow Ball|p2a: Alomomola
|-damage|p2a: Alomomola|38/100
|-enditem|p2a: Alomomola|Eject Button
|
|t:|1760391409
|switch|p2a: Gliscor|Gliscor, F|100/100
|
|-weather|RainDance|[upkeep]
|-status|p2a: Gliscor|tox|[from] item: Toxic Orb
|upkeep
|turn|4
|
|t:|1760391421
|move|p1a: Basculegion|Shadow Ball|p2a: Gliscor
|-damage|p2a: Gliscor|29/100 tox
|-unboost|p2a: Gliscor|spd|1
|move|p2a: Gliscor|Toxic|p1a: Basculegion
|-status|p1a: Basculegion|tox
|
|-weather|RainDance|[upkeep]
|-damage|p1a: Basculegion|94/100 tox|[from] psn
|-heal|p2a: Gliscor|42/100 tox|[from] ability: Poison Heal
|upkeep
|turn|5
|
|t:|1760391429
|move|p2a: Gliscor|Protect|p2a: Gliscor
|-singleturn|p2a: Gliscor|Protect
|move|p1a: Basculegion|Shadow Ball|p2a: Gliscor
|-activate|p2a: Gliscor|move: Protect
|
|-weather|none
|-damage|p1a: Basculegion|82/100 tox|[from] psn
|-heal|p2a: Gliscor|54/100 tox|[from] ability: Poison Heal
|upkeep
|turn|6
|c|☆aidz321|lol
|
|t:|1760391450
|switch|p2a: Alomomola|Alomomola, M|71/100
|move|p1a: Basculegion|Shadow Ball|p2a: Alomomola
|-damage|p2a: Alomomola|6/100
|
|-damage|p1a: Basculegion|64/100 tox|[from] psn
|upkeep
|turn|7
|
|t:|1760391458
|move|p1a: Basculegion|Shadow Ball|p2a: Alomomola
|-damage|p2a: Alomomola|0 fnt
|faint|p2a: Alomomola
|
|-damage|p1a: Basculegion|40/100 tox|[from] psn
|upkeep
|
|t:|1760391465
|switch|p2a: Rillaboom|Rillaboom, M|100/100
|-fieldstart|move: Grassy Terrain|[from] ability: Grassy Surge|[of] p2a: Rillaboom
|turn|8
|
|t:|1760391471
|switch|p1a: Pelipper|Pelipper, F|1/100
|-weather|RainDance|[from] ability: Drizzle|[of] p1a: Pelipper
|move|p2a: Rillaboom|Grassy Glide|p1a: Pelipper
|-damage|p1a: Pelipper|0 fnt
|faint|p1a: Pelipper
|
|-weather|RainDance|[upkeep]
|upkeep
|
|t:|1760391479
|switch|p1a: Kilowattrel|Kilowattrel, M|100/100
|turn|9
|
|t:|1760391495
|switch|p2a: Slowking|Slowking-Galar, M|100/100
|move|p1a: Kilowattrel|Hurricane|p2a: Slowking
|-damage|p2a: Slowking|70/100
|
|-weather|RainDance|[upkeep]
|-heal|p2a: Slowking|76/100|[from] Grassy Terrain
|-heal|p2a: Slowking|82/100|[from] item: Leftovers
|upkeep
|turn|10
|
|t:|1760391518
|move|p1a: Kilowattrel|Thunder|p2a: Slowking
|-damage|p2a: Slowking|51/100
|-status|p2a: Slowking|par
|-prepare|p2a: Slowking|Chilly Reception|[premajor]
|move|p2a: Slowking|Chilly Reception|p2a: Slowking
|-weather|Snowscape
|inactive|luciuslemon has 120 seconds left.
|
|t:|1760391551
|switch|p2a: Dragapult|Dragapult, F|95/100|[from] Chilly Reception
|
|-weather|Snowscape|[upkeep]
|-heal|p2a: Dragapult|100/100|[from] Grassy Terrain
|upkeep
|turn|11
|inactive|luciuslemon has 120 seconds left.
|
|t:|1760391576
|switch|p1a: Politoed|Politoed, F|100/100
|-weather|RainDance|[from] ability: Drizzle|[of] p1a: Politoed
|-terastallize|p2a: Dragapult|Ghost
|move|p2a: Dragapult|Shadow Ball|p1a: Politoed
|-damage|p1a: Politoed|0 fnt
|faint|p1a: Politoed
|
|-weather|RainDance|[upkeep]
|upkeep
|inactive|aidz321 has 120 seconds left.
|
|t:|1760391605
|switch|p1a: Basculegion|Basculegion-F, F|40/100 tox
|turn|12
|c|☆aidz321|ruh roh
|
|t:|1760391627
|switch|p2a: Scizor|Scizor, M|37/100
|move|p1a: Basculegion|Shadow Ball|p2a: Scizor
|-damage|p2a: Scizor|0 fnt
|faint|p2a: Scizor
|
|-weather|RainDance|[upkeep]
|-heal|p1a: Basculegion|46/100 tox|[from] Grassy Terrain
|-damage|p1a: Basculegion|40/100 tox|[from] psn
|-fieldend|move: Grassy Terrain
|upkeep
|
|t:|1760391632
|switch|p2a: Rillaboom|Rillaboom, M|100/100
|-fieldstart|move: Grassy Terrain|[from] ability: Grassy Surge|[of] p2a: Rillaboom
|turn|13
|
|t:|1760391638
|switch|p1a: Kilowattrel|Kilowattrel, M|100/100
|move|p2a: Rillaboom|Grassy Glide|p1a: Kilowattrel
|-resisted|p1a: Kilowattrel
|-damage|p1a: Kilowattrel|48/100
|
|-weather|RainDance|[upkeep]
|upkeep
|turn|14
|
|t:|1760391646
|move|p2a: Rillaboom|Grassy Glide|p1a: Kilowattrel
|-resisted|p1a: Kilowattrel
|-damage|p1a: Kilowattrel|1/100
|move|p1a: Kilowattrel|Hurricane|p2a: Rillaboom
|-supereffective|p2a: Rillaboom
|-damage|p2a: Rillaboom|0 fnt
|faint|p2a: Rillaboom
|
|-weather|RainDance|[upkeep]
|upkeep
|
|t:|1760391655
|switch|p2a: Slowking|Slowking-Galar, M|84/100 par
|turn|15
|
|t:|1760391668
|switch|p1a: Water AbsorbK|Barraskewda, M|100/100
|-prepare|p2a: Slowking|Chilly Reception|[premajor]
|cant|p2a: Slowking|par
|
|-weather|RainDance|[upkeep]
|-heal|p2a: Slowking|90/100 par|[from] Grassy Terrain
|-heal|p2a: Slowking|96/100 par|[from] item: Leftovers
|upkeep
|turn|16
|
|t:|1760391683
|move|p1a: Water AbsorbK|Aqua Jet|p2a: Slowking
|-damage|p2a: Slowking|63/100 par
|-prepare|p2a: Slowking|Chilly Reception|[premajor]
|cant|p2a: Slowking|par
|
|-weather|RainDance|[upkeep]
|-heal|p2a: Slowking|69/100 par|[from] Grassy Terrain
|-heal|p2a: Slowking|75/100 par|[from] item: Leftovers
|upkeep
|turn|17
|
|t:|1760391688
|move|p1a: Water AbsorbK|Aqua Jet|p2a: Slowking
|-damage|p2a: Slowking|41/100 par
|-prepare|p2a: Slowking|Chilly Reception|[premajor]
|move|p2a: Slowking|Chilly Reception|p2a: Slowking
|-weather|Snowscape
|
|t:|1760391699
|switch|p2a: Dragapult|Dragapult, F, tera:Ghost|100/100|[from] Chilly Reception
|
|-weather|Snowscape|[upkeep]
|-fieldend|move: Grassy Terrain
|upkeep
|turn|18
|inactive|aidz321 has 120 seconds left.
|
|t:|1760391751
|switch|p1a: Kilowattrel|Kilowattrel, M|1/100
|move|p2a: Dragapult|Shadow Ball|p1a: Kilowattrel
|-crit|p1a: Kilowattrel
|-damage|p1a: Kilowattrel|0 fnt
|faint|p1a: Kilowattrel
|
|-weather|Snowscape|[upkeep]
|upkeep
|
|t:|1760391755
|switch|p1a: Keldeo|Keldeo|100/100
|turn|19
|
|t:|1760391763
|move|p2a: Dragapult|Shadow Ball|p1a: Keldeo
|-damage|p1a: Keldeo|26/100
|move|p1a: Keldeo|Surf|p2a: Dragapult
|-damage|p2a: Dragapult|19/100
|-damage|p1a: Keldeo|16/100|[from] item: Life Orb
|
|-weather|Snowscape|[upkeep]
|upkeep
|turn|20
|
|t:|1760391777
|move|p1a: Keldeo|Vacuum Wave|p2a: Dragapult
|-immune|p2a: Dragapult
|move|p2a: Dragapult|Shadow Ball|p1a: Keldeo
|-damage|p1a: Keldeo|0 fnt
|faint|p1a: Keldeo
|
|-weather|Snowscape|[upkeep]
|upkeep
|
|t:|1760391784
|switch|p1a: Water AbsorbK|Barraskewda, M|100/100
|turn|21
|
|t:|1760391795
|switch|p2a: Slowking|Slowking-Galar, M|74/100 par
|move|p1a: Water AbsorbK|Aqua Jet|p2a: Slowking
|-damage|p2a: Slowking|49/100 par
|
|-weather|none
|-heal|p2a: Slowking|55/100 par|[from] item: Leftovers
|upkeep
|turn|22
|
|t:|1760391805
|move|p1a: Water AbsorbK|Rain Dance|p1a: Water AbsorbK
|-weather|RainDance
|move|p2a: Slowking|Thunder Wave|p1a: Water AbsorbK
|-status|p1a: Water AbsorbK|par
|
|-weather|RainDance|[upkeep]
|-heal|p2a: Slowking|61/100 par|[from] item: Leftovers
|upkeep
|turn|23
|
|t:|1760391810
|-terastallize|p1a: Water AbsorbK|Water
|cant|p1a: Water AbsorbK|par
|move|p2a: Slowking|Future Sight|p1a: Water AbsorbK
|-start|p2a: Slowking|move: Future Sight
|
|-weather|RainDance|[upkeep]
|-heal|p2a: Slowking|68/100 par|[from] item: Leftovers
|upkeep
|turn|24
|
|t:|1760391816
|move|p1a: Water AbsorbK|Flip Turn|p2a: Slowking
|-damage|p2a: Slowking|4/100 par
|
|t:|1760391819
|switch|p1a: Basculegion|Basculegion-F, F|40/100 tox|[from] Flip Turn
|move|p2a: Slowking|Sludge Bomb|p1a: Basculegion
|-resisted|p1a: Basculegion
|-damage|p1a: Basculegion|20/100 tox
|
|-weather|RainDance|[upkeep]
|-heal|p2a: Slowking|10/100 par|[from] item: Leftovers
|-damage|p1a: Basculegion|14/100 tox|[from] psn
|upkeep
|turn|25
|
|t:|1760391835
|switch|p2a: Gliscor|Gliscor, F|54/100 tox
|move|p1a: Basculegion|Shadow Ball|p2a: Gliscor
|-damage|p2a: Gliscor|0 fnt
|faint|p2a: Gliscor
|
|-weather|RainDance|[upkeep]
|-end|p1a: Basculegion|move: Future Sight
|-damage|p1a: Basculegion|0 fnt
|faint|p1a: Basculegion
|upkeep
|
|t:|1760391847
|switch|p1a: Water AbsorbK|Barraskewda, M, tera:Water|100/100 par
|switch|p2a: Slowking|Slowking-Galar, M|43/100 par
|turn|26
|
|t:|1760391852
|move|p1a: Water AbsorbK|Flip Turn|p2a: Slowking
|-damage|p2a: Slowking|0 fnt
|faint|p2a: Slowking
|
|-weather|none
|upkeep
|
|t:|1760391857
|switch|p2a: Dragapult|Dragapult, F, tera:Ghost|19/100
|turn|27
|c|☆aidz321|good luck bro
|
|t:|1760391866
|move|p1a: Water AbsorbK|Aqua Jet|p2a: Dragapult
|-damage|p2a: Dragapult|0 fnt
|faint|p2a: Dragapult
|
|win|aidz321
|raw|aidz321's rating: 1299 &rarr; <strong>1324</strong><br />(+25 for winning)
|raw|luciuslemon's rating: 1300 &rarr; <strong>1275</strong><br />(-25 for losing)
|c|☆aidz321|phew
|c|☆luciuslemon|gg
|c|☆aidz321|gg
|l|☆luciuslemon
|player|p2|
|l|☆aidz321
|player|p1|
