|j|☆Crocodile E
|j|☆Pyroath
|t:|1760362175
|gametype|singles
|player|p1|Crocodile E|boarder|1468
|player|p2|Pyroath|170|1474
|gen|9
|tier|[Gen 9] OU
|rated|
|rule|HP Percentage Mod: HP is shown in percentages
|rule|Endless Battle Clause: Forcing endless battles is banned
|rule|Species Clause: Limit one of each Pokémon
|rule|OHKO Clause: OHKO moves are banned
|rule|Evasion Items Clause: Evasion items are banned
|rule|Evasion Moves Clause: Evasion moves are banned
|rule|Evasion Abilities Clause: Evasion abilities are banned
|rule|Sleep Moves Clause: Sleep-inducing moves are banned
|clearpoke
|poke|p1|Glimmora, M|
|poke|p1|Iron Treads|
|poke|p1|Polteageist-Antique|
|poke|p1|Raging Bolt|
|poke|p1|Dragonite, M|
|poke|p1|Zamazenta-*|
|poke|p2|Meowscarada, M|
|poke|p2|Clodsire, M|
|poke|p2|Garganacl, M|
|poke|p2|Corviknight, F|
|poke|p2|Iron Valiant|
|poke|p2|Kingambit, M|
|teampreview
|inactive|Battle timer is ON: inactive players will automatically lose when time's up. (requested by Crocodile E)
|
|t:|1760362189
|teamsize|p1|6
|teamsize|p2|6
|start
|switch|p1a: Glimmora|Glimmora, M|100/100
|switch|p2a: Meowscarada|Meowscarada, M|100/100
|turn|1
|
|t:|1760362192
|move|p1a: Glimmora|Sludge Wave|p2a: Meowscarada
|-supereffective|p2a: Meowscarada
|-damage|p2a: Meowscarada|0 fnt
|faint|p2a: Meowscarada
|
|upkeep
|
|t:|1760362197
|switch|p2a: Kingambit|Kingambit, M|100/100
|-activate|p2a: Kingambit|ability: Supreme Overlord
|-start|p2a: Kingambit|fallen1|[silent]
|turn|2
|
|t:|1760362201
|switch|p1a: Iron Treads|Iron Treads|100/100
|-enditem|p1a: Iron Treads|Booster Energy
|-activate|p1a: Iron Treads|ability: Quark Drive|[fromitem]
|-start|p1a: Iron Treads|quarkdrivespe
|move|p2a: Kingambit|Swords Dance|p2a: Kingambit
|-boost|p2a: Kingambit|atk|2
|
|upkeep
|turn|3
|
|t:|1760362208
|move|p1a: Iron Treads|Knock Off|p2a: Kingambit
|-resisted|p2a: Kingambit
|-damage|p2a: Kingambit|92/100
|-enditem|p2a: Kingambit|Black Glasses|[from] move: Knock Off|[of] p1a: Iron Treads
|move|p2a: Kingambit|Kowtow Cleave|p1a: Iron Treads
|-damage|p1a: Iron Treads|18/100
|
|upkeep
|turn|4
|
|t:|1760362216
|move|p2a: Kingambit|Sucker Punch||[still]
|-fail|p2a: Kingambit
|move|p1a: Iron Treads|Stealth Rock|p2a: Kingambit
|-sidestart|p2: Pyroath|move: Stealth Rock
|
|upkeep
|turn|5
|
|t:|1760362222
|move|p1a: Iron Treads|Endeavor|p2a: Kingambit
|-damage|p2a: Kingambit|17/100
|move|p2a: Kingambit|Kowtow Cleave|p1a: Iron Treads
|-damage|p1a: Iron Treads|0 fnt
|faint|p1a: Iron Treads
|-end|p1a: Iron Treads|Quark Drive|[silent]
|
|upkeep
|
|t:|1760362230
|switch|p1a: Zamazenta|Zamazenta|100/100
|-ability|p1a: Zamazenta|Dauntless Shield|boost
|-boost|p1a: Zamazenta|def|1
|turn|6
|
|t:|1760362236
|-end|p2a: Kingambit|fallen1|[silent]
|switch|p2a: Corviknight|Corviknight, F|100/100
|-ability|p2a: Corviknight|Pressure
|move|p1a: Zamazenta|Body Press|p2a: Corviknight
|-damage|p2a: Corviknight|65/100
|
|upkeep
|turn|7
|
|t:|1760362239
|move|p1a: Zamazenta|Iron Defense|p1a: Zamazenta
|-boost|p1a: Zamazenta|def|2
|move|p2a: Corviknight|Defog|p1a: Zamazenta
|-unboost|p1a: Zamazenta|evasion|1
|-sideend|p2: Pyroath|Stealth Rock|[from] move: Defog|[of] p2a: Corviknight
|
|upkeep
|turn|8
|
|t:|1760362244
|move|p1a: Zamazenta|Iron Defense|p1a: Zamazenta
|-boost|p1a: Zamazenta|def|2
|move|p2a: Corviknight|U-turn|p1a: Zamazenta
|-resisted|p1a: Zamazenta
|-damage|p1a: Zamazenta|99/100
|
|t:|1760362251
|switch|p2a: Iron Valiant|Iron Valiant|100/100|[from] U-turn
|-enditem|p2a: Iron Valiant|Booster Energy
|-activate|p2a: Iron Valiant|ability: Quark Drive|[fromitem]
|-start|p2a: Iron Valiant|quarkdrivespe
|
|-heal|p1a: Zamazenta|100/100|[from] item: Leftovers
|upkeep
|turn|9
|
|t:|1760362254
|-terastallize|p2a: Iron Valiant|Ghost
|-terastallize|p1a: Zamazenta|Fire
|move|p2a: Iron Valiant|Calm Mind|p2a: Iron Valiant
|-boost|p2a: Iron Valiant|spa|1
|-boost|p2a: Iron Valiant|spd|1
|move|p1a: Zamazenta|Body Press|p2a: Iron Valiant
|-immune|p2a: Iron Valiant
|
|upkeep
|turn|10
|
|t:|1760362260
|move|p2a: Iron Valiant|Calm Mind|p2a: Iron Valiant
|-boost|p2a: Iron Valiant|spa|1
|-boost|p2a: Iron Valiant|spd|1
|move|p1a: Zamazenta|Crunch|p2a: Iron Valiant
|-supereffective|p2a: Iron Valiant
|-damage|p2a: Iron Valiant|49/100
|
|upkeep
|turn|11
|
|t:|1760362265
|move|p2a: Iron Valiant|Aura Sphere|p1a: Zamazenta
|-damage|p1a: Zamazenta|32/100
|move|p1a: Zamazenta|Crunch|p2a: Iron Valiant
|-supereffective|p2a: Iron Valiant
|-damage|p2a: Iron Valiant|0 fnt
|faint|p2a: Iron Valiant
|-end|p2a: Iron Valiant|Quark Drive|[silent]
|
|-heal|p1a: Zamazenta|39/100|[from] item: Leftovers
|upkeep
|
|t:|1760362269
|switch|p2a: Clodsire|Clodsire, M|100/100
|turn|12
|
|t:|1760362271
|move|p1a: Zamazenta|Body Press|p2a: Clodsire
|-resisted|p2a: Clodsire
|-damage|p2a: Clodsire|81/100
|move|p2a: Clodsire|Earthquake|p1a: Zamazenta
|-supereffective|p1a: Zamazenta
|-damage|p1a: Zamazenta|1/100
|
|-heal|p1a: Zamazenta|7/100|[from] item: Leftovers
|-heal|p2a: Clodsire|87/100|[from] item: Leftovers
|upkeep
|turn|13
|
|t:|1760362278
|switch|p1a: Polteageist|Polteageist-Antique|100/100
|move|p2a: Clodsire|Earthquake|p1a: Polteageist
|-damage|p1a: Polteageist|51/100
|-ability|p1a: Polteageist|Weak Armor|boost
|-unboost|p1a: Polteageist|def|1
|-boost|p1a: Polteageist|spe|2
|
|-heal|p2a: Clodsire|93/100|[from] item: Leftovers
|upkeep
|turn|14
|
|t:|1760362284
|move|p1a: Polteageist|Stored Power|p2a: Clodsire
|-supereffective|p2a: Clodsire
|-damage|p2a: Clodsire|69/100
|move|p2a: Clodsire|Earthquake|p1a: Polteageist
|-damage|p1a: Polteageist|2/100
|-ability|p1a: Polteageist|Weak Armor|boost
|-unboost|p1a: Polteageist|def|1
|-boost|p1a: Polteageist|spe|2
|
|-heal|p2a: Clodsire|75/100|[from] item: Leftovers
|upkeep
|turn|15
|
|t:|1760362289
|move|p1a: Polteageist|Shadow Ball|p2a: Clodsire
|-damage|p2a: Clodsire|51/100
|move|p2a: Clodsire|Earthquake|p1a: Polteageist
|-damage|p1a: Polteageist|0 fnt
|faint|p1a: Polteageist
|
|-heal|p2a: Clodsire|57/100|[from] item: Leftovers
|upkeep
|
|t:|1760362290
|switch|p1a: Dragonite|Dragonite, M|100/100
|turn|16
|
|t:|1760362292
|switch|p2a: Garganacl|Garganacl, M|100/100
|move|p1a: Dragonite|Fire Punch|p2a: Garganacl
|-resisted|p2a: Garganacl
|-damage|p2a: Garganacl|85/100
|
|-heal|p2a: Garganacl|91/100|[from] item: Leftovers
|upkeep
|turn|17
|
|t:|1760362295
|switch|p1a: Zamazenta|Zamazenta, tera:Fire|7/100
|move|p2a: Garganacl|Salt Cure|p1a: Zamazenta
|-supereffective|p1a: Zamazenta
|-damage|p1a: Zamazenta|0 fnt
|faint|p1a: Zamazenta
|
|-heal|p2a: Garganacl|98/100|[from] item: Leftovers
|upkeep
|
|t:|1760362304
|switch|p1a: Dragonite|Dragonite, M|100/100
|turn|18
|
|t:|1760362308
|move|p1a: Dragonite|Earthquake|p2a: Garganacl
|-supereffective|p2a: Garganacl
|-damage|p2a: Garganacl|21/100
|move|p2a: Garganacl|Salt Cure|p1a: Dragonite
|-supereffective|p1a: Dragonite
|-damage|p1a: Dragonite|86/100
|-start|p1a: Dragonite|Salt Cure
|
|-heal|p2a: Garganacl|27/100|[from] item: Leftovers
|-damage|p1a: Dragonite|74/100|[from] Salt Cure
|upkeep
|turn|19
|
|t:|1760362311
|switch|p1a: Glimmora|Glimmora, M|100/100
|switch|p2a: Corviknight|Corviknight, F|65/100
|-ability|p2a: Corviknight|Pressure
|
|upkeep
|turn|20
|
|t:|1760362315
|switch|p2a: Clodsire|Clodsire, M|57/100
|move|p1a: Glimmora|Power Gem|p2a: Clodsire
|-resisted|p2a: Clodsire
|-damage|p2a: Clodsire|46/100
|
|-heal|p2a: Clodsire|52/100|[from] item: Leftovers
|upkeep
|turn|21
|
|t:|1760362318
|switch|p1a: Raging Bolt|Raging Bolt|100/100
|-enditem|p1a: Raging Bolt|Booster Energy
|-activate|p1a: Raging Bolt|ability: Protosynthesis|[fromitem]
|-start|p1a: Raging Bolt|protosynthesisspa
|move|p2a: Clodsire|Recover|p2a: Clodsire
|-heal|p2a: Clodsire|100/100
|
|upkeep
|turn|22
|
|t:|1760362320
|move|p1a: Raging Bolt|Dragon Pulse|p2a: Clodsire
|-damage|p2a: Clodsire|66/100
|move|p2a: Clodsire|Earthquake|p1a: Raging Bolt
|-supereffective|p1a: Raging Bolt
|-crit|p1a: Raging Bolt
|-damage|p1a: Raging Bolt|20/100
|
|-heal|p2a: Clodsire|72/100|[from] item: Leftovers
|upkeep
|turn|23
|
|t:|1760362323
|move|p1a: Raging Bolt|Dragon Pulse|p2a: Clodsire
|-damage|p2a: Clodsire|40/100
|move|p2a: Clodsire|Recover|p2a: Clodsire
|-heal|p2a: Clodsire|90/100
|
|-heal|p2a: Clodsire|96/100|[from] item: Leftovers
|upkeep
|turn|24
|
|t:|1760362327
|-end|p1a: Raging Bolt|Protosynthesis|[silent]
|switch|p1a: Dragonite|Dragonite, M|74/100
|move|p2a: Clodsire|Earthquake|p1a: Dragonite
|-immune|p1a: Dragonite
|
|-heal|p2a: Clodsire|100/100|[from] item: Leftovers
|upkeep
|turn|25
|
|t:|1760362329
|switch|p2a: Corviknight|Corviknight, F|65/100
|-ability|p2a: Corviknight|Pressure
|move|p1a: Dragonite|Earthquake|p2a: Corviknight
|-immune|p2a: Corviknight
|
|upkeep
|turn|26
|
|t:|1760362331
|switch|p1a: Raging Bolt|Raging Bolt|20/100
|move|p2a: Corviknight|U-turn|p1a: Raging Bolt
|-damage|p1a: Raging Bolt|6/100
|
|t:|1760362336
|switch|p2a: Garganacl|Garganacl, M|27/100|[from] U-turn
|
|-heal|p2a: Garganacl|34/100|[from] item: Leftovers
|upkeep
|turn|27
|
|t:|1760362339
|switch|p2a: Clodsire|Clodsire, M|100/100
|move|p1a: Raging Bolt|Thunderbolt|p2a: Clodsire
|-immune|p2a: Clodsire
|
|upkeep
|turn|28
|
|t:|1760362342
|-end|p1a: Raging Bolt|Protosynthesis|[silent]
|switch|p1a: Dragonite|Dragonite, M|74/100
|move|p2a: Clodsire|Gunk Shot|p1a: Dragonite
|-damage|p1a: Dragonite|45/100
|-status|p1a: Dragonite|psn
|
|-damage|p1a: Dragonite|33/100 psn|[from] psn
|upkeep
|turn|29
|
|t:|1760362347
|switch|p2a: Corviknight|Corviknight, F|65/100
|-ability|p2a: Corviknight|Pressure
|move|p1a: Dragonite|Fire Punch|p2a: Corviknight
|-supereffective|p2a: Corviknight
|-crit|p2a: Corviknight
|-damage|p2a: Corviknight|0 fnt
|faint|p2a: Corviknight
|
|-damage|p1a: Dragonite|21/100 psn|[from] psn
|upkeep
|
|t:|1760362355
|switch|p2a: Kingambit|Kingambit, M|17/100
|-activate|p2a: Kingambit|ability: Supreme Overlord
|-start|p2a: Kingambit|fallen3|[silent]
|turn|30
|
|t:|1760362360
|switch|p1a: Raging Bolt|Raging Bolt|6/100
|move|p2a: Kingambit|Sucker Punch||[still]
|-fail|p2a: Kingambit
|
|upkeep
|turn|31
|
|t:|1760362363
|-end|p2a: Kingambit|fallen3|[silent]
|switch|p2a: Clodsire|Clodsire, M|100/100
|move|p1a: Raging Bolt|Thunderclap||[still]
|-fail|p1a: Raging Bolt
|
|upkeep
|turn|32
|
|t:|1760362366
|move|p1a: Raging Bolt|Dragon Pulse|p2a: Clodsire
|-damage|p2a: Clodsire|72/100
|move|p2a: Clodsire|Gunk Shot|p1a: Raging Bolt
|-damage|p1a: Raging Bolt|0 fnt
|faint|p1a: Raging Bolt
|-end|p1a: Raging Bolt|Protosynthesis|[silent]
|
|-heal|p2a: Clodsire|78/100|[from] item: Leftovers
|upkeep
|
|t:|1760362369
|switch|p1a: Dragonite|Dragonite, M|21/100 psn
|turn|33
|inactive|Pyroath has 120 seconds left.
|l|☆Pyroath
|inactive|Pyroath disconnected and has a minute to reconnect!
|player|p2|
|j|☆Pyroath
|inactive|Pyroath reconnected and has 105 seconds left.
|player|p2|Pyroath|170|
|
|t:|1760362419
|switch|p2a: Garganacl|Garganacl, M|34/100
|move|p1a: Dragonite|Earthquake|p2a: Garganacl
|-supereffective|p2a: Garganacl
|-damage|p2a: Garganacl|0 fnt
|faint|p2a: Garganacl
|
|-damage|p1a: Dragonite|8/100 psn|[from] psn
|upkeep
|
|t:|1760362422
|switch|p2a: Kingambit|Kingambit, M|17/100
|-activate|p2a: Kingambit|ability: Supreme Overlord
|-start|p2a: Kingambit|fallen4|[silent]
|turn|34
|
|t:|1760362429
|switch|p1a: Glimmora|Glimmora, M|100/100
|move|p2a: Kingambit|Sucker Punch||[still]
|-fail|p2a: Kingambit
|
|upkeep
|turn|35
|
|t:|1760362440
|-end|p2a: Kingambit|fallen4|[silent]
|switch|p2a: Clodsire|Clodsire, M|78/100
|move|p1a: Glimmora|Earth Power|p2a: Clodsire
|-supereffective|p2a: Clodsire
|-damage|p2a: Clodsire|46/100
|
|-heal|p2a: Clodsire|52/100|[from] item: Leftovers
|upkeep
|turn|36
|
|t:|1760362446
|move|p1a: Glimmora|Earth Power|p2a: Clodsire
|-supereffective|p2a: Clodsire
|-damage|p2a: Clodsire|17/100
|move|p2a: Clodsire|Recover|p2a: Clodsire
|-heal|p2a: Clodsire|67/100
|
|-heal|p2a: Clodsire|73/100|[from] item: Leftovers
|upkeep
|turn|37
|
|t:|1760362451
|move|p1a: Glimmora|Earth Power|p2a: Clodsire
|-supereffective|p2a: Clodsire
|-damage|p2a: Clodsire|41/100
|move|p2a: Clodsire|Earthquake|p1a: Glimmora
|-supereffective|p1a: Glimmora
|-damage|p1a: Glimmora|0 fnt
|-activate|p1a: Glimmora|ability: Toxic Debris
|-sidestart|p2: Pyroath|move: Toxic Spikes
|faint|p1a: Glimmora
|
|-heal|p2a: Clodsire|48/100|[from] item: Leftovers
|upkeep
|
|t:|1760362453
|switch|p1a: Dragonite|Dragonite, M|8/100 psn
|turn|38
|
|t:|1760362455
|move|p1a: Dragonite|Earthquake|p2a: Clodsire
|-supereffective|p2a: Clodsire
|-damage|p2a: Clodsire|0 fnt
|faint|p2a: Clodsire
|
|-damage|p1a: Dragonite|0 fnt|[from] psn
|faint|p1a: Dragonite
|
|win|Pyroath
|raw|Crocodile E's rating: 1468 &rarr; <strong>1448</strong><br />(-20 for losing)
|raw|Pyroath's rating: 1474 &rarr; <strong>1494</strong><br />(+20 for winning)
|l|☆Crocodile E
|player|p1|
|l|‽Pyroath
|player|p2|
