|j|☆AloneKitsuni
|j|☆Siddharth42c
|t:|1760429331
|gametype|singles
|player|p1|AloneKitsuni|265|
|player|p2|Siddharth42c|blue-gen2|
|gen|9
|tier|[Gen 9] OU
|rule|HP Percentage Mod: HP is shown in percentages
|rule|Endless Battle Clause: Forcing endless battles is banned
|rule|Species Clause: Limit one of each Pokémon
|rule|OHKO Clause: OHKO moves are banned
|rule|Evasion Items Clause: Evasion items are banned
|rule|Evasion Moves Clause: Evasion moves are banned
|rule|Evasion Abilities Clause: Evasion abilities are banned
|rule|Sleep Moves Clause: Sleep-inducing moves are banned
|clearpoke
|poke|p1|Iron Valiant|
|poke|p1|Kingambit, M|
|poke|p1|Gholdengo|
|poke|p1|Great Tusk|
|poke|p1|Walking Wake|
|poke|p1|Meowscarada, M|
|poke|p2|Dondozo, M|
|poke|p2|Blissey, F|
|poke|p2|Corviknight, F|
|poke|p2|Weezing-Galar, F|
|poke|p2|Gliscor, F|
|poke|p2|Toxapex, M|
|teampreview
|inactive|Battle timer is ON: inactive players will automatically lose when time's up. (requested by Siddharth42c)
|
|t:|1760429351
|teamsize|p1|6
|teamsize|p2|6
|start
|switch|p1a: Noob lady|Meowscarada, M|100/100
|switch|p2a: Gliscor|Gliscor, F|100/100
|turn|1
|
|t:|1760429360
|move|p2a: Gliscor|Protect|p2a: Gliscor
|-singleturn|p2a: Gliscor|Protect
|move|p1a: Noob lady|U-turn|p2a: Gliscor
|-start|p1a: Noob lady|typechange|Bug|[from] ability: Protean
|-activate|p2a: Gliscor|move: Protect
|
|-status|p2a: Gliscor|tox|[from] item: Toxic Orb
|upkeep
|turn|2
|
|t:|1760429383
|switch|p2a: Weezing|Weezing-Galar, F|100/100
|-ability|p2a: Weezing|Neutralizing Gas
|move|p1a: Noob lady|U-turn|p2a: Weezing
|-resisted|p2a: Weezing
|-damage|p2a: Weezing|92/100
|inactive|AloneKitsuni has 270 seconds left.
|inactive|AloneKitsuni has 240 seconds left.
|inactiveoff|Battle timer is now OFF.
|l|☆AloneKitsuni
|player|p1|
|j|☆AloneKitsuni
|player|p1|AloneKitsuni|265|
|
|t:|1760429571
|switch|p1a: PottyLady|Gholdengo|100/100|[from] U-turn
|
|upkeep
|turn|3
|
|t:|1760429600
|-end|p2a: Weezing|ability: Neutralizing Gas
|switch|p2a: Blissey|Blissey, F|100/100
|move|p1a: PottyLady|Trick|p2a: Blissey
|-activate|p1a: PottyLady|move: Trick|[of] p2a: Blissey
|-item|p2a: Blissey|Choice Specs|[from] move: Trick
|-item|p1a: PottyLady|Leftovers|[from] move: Trick
|
|upkeep
|turn|4
|
|t:|1760429648
|switch|p2a: Corviknight|Corviknight, F|100/100
|-ability|p2a: Corviknight|Pressure
|move|p1a: PottyLady|Focus Blast|p2a: Corviknight|[miss]
|-miss|p1a: PottyLady|p2a: Corviknight
|
|upkeep
|turn|5
|
|t:|1760429660
|switch|p2a: Toxapex|Toxapex, M|100/100
|move|p1a: PottyLady|Focus Blast|p2a: Toxapex|[miss]
|-miss|p1a: PottyLady|p2a: Toxapex
|
|upkeep
|turn|6
|c|☆AloneKitsuni|Alone
|c|☆AloneKitsuni|Alone
|c|☆AloneKitsuni|Alone
|c|☆AloneKitsuni|Alone
|c|☆AloneKitsuni|Alone
|c|☆AloneKitsuni|Alone
|c|☆AloneKitsuni|Luck
|c|☆AloneKitsuni|Noob
|
|t:|1760429697
|switch|p1a: MotiGandLady|Great Tusk|100/100
|move|p2a: Toxapex|Toxic Spikes|p1a: MotiGandLady
|-sidestart|p1: AloneKitsuni|move: Toxic Spikes
|
|upkeep
|turn|7
|
|t:|1760429728
|switch|p2a: Gliscor|Gliscor, F|100/100 tox
|move|p1a: MotiGandLady|Rapid Spin|p2a: Gliscor
|-damage|p2a: Gliscor|89/100 tox
|-boost|p1a: MotiGandLady|spe|1
|-sideend|p1: AloneKitsuni|Toxic Spikes|[from] move: Rapid Spin|[of] p1a: MotiGandLady
|
|-heal|p2a: Gliscor|100/100 tox|[from] ability: Poison Heal
|upkeep
|turn|8
|
|t:|1760429752
|switch|p2a: Corviknight|Corviknight, F|100/100
|-ability|p2a: Corviknight|Pressure
|move|p1a: MotiGandLady|Stealth Rock|p2a: Corviknight
|-sidestart|p2: Siddharth42c|move: Stealth Rock
|
|upkeep
|turn|9
|
|t:|1760429760
|move|p1a: MotiGandLady|Knock Off|p2a: Corviknight
|-crit|p2a: Corviknight
|-damage|p2a: Corviknight|75/100
|-enditem|p2a: Corviknight|Leftovers|[from] move: Knock Off|[of] p1a: MotiGandLady
|move|p2a: Corviknight|Iron Defense|p2a: Corviknight
|-boost|p2a: Corviknight|def|2
|
|upkeep
|turn|10
|
|t:|1760429768
|-end|p1a: MotiGandLady|Protosynthesis|[silent]
|switch|p1a: PottyLady|Gholdengo|100/100
|move|p2a: Corviknight|Defog|p1a: PottyLady
|-immune|p1a: PottyLady|[from] ability: Good as Gold
|
|upkeep
|turn|11
|
|t:|1760429778
|move|p1a: PottyLady|Shadow Ball|p2a: Corviknight
|-damage|p2a: Corviknight|34/100
|move|p2a: Corviknight|Roost|p2a: Corviknight
|-heal|p2a: Corviknight|84/100
|-singleturn|p2a: Corviknight|move: Roost
|
|upkeep
|turn|12
|
|t:|1760429785
|switch|p2a: Blissey|Blissey, F|100/100
|-damage|p2a: Blissey|88/100|[from] Stealth Rock
|move|p1a: PottyLady|Focus Blast|p2a: Blissey
|-supereffective|p2a: Blissey
|-damage|p2a: Blissey|60/100
|
|upkeep
|turn|13
|
|t:|1760429794
|move|p1a: PottyLady|Make It Rain|p2a: Blissey
|-damage|p2a: Blissey|39/100
|-unboost|p1a: PottyLady|spa|1
|move|p2a: Blissey|Soft-Boiled|p2a: Blissey
|-heal|p2a: Blissey|89/100
|
|upkeep
|turn|14
|
|t:|1760429802
|switch|p2a: Toxapex|Toxapex, M|100/100
|-damage|p2a: Toxapex|88/100|[from] Stealth Rock
|move|p1a: PottyLady|Shadow Ball|p2a: Toxapex
|-damage|p2a: Toxapex|70/100
|
|-heal|p2a: Toxapex|76/100|[from] item: Leftovers
|upkeep
|turn|15
|
|t:|1760429810
|switch|p1a: MotiGandLady|Great Tusk|100/100
|move|p2a: Toxapex|Toxic Spikes|p1a: MotiGandLady
|-sidestart|p1: AloneKitsuni|move: Toxic Spikes
|
|-heal|p2a: Toxapex|83/100|[from] item: Leftovers
|upkeep
|turn|16
|
|t:|1760429818
|switch|p2a: Corviknight|Corviknight, F|84/100
|-damage|p2a: Corviknight|72/100|[from] Stealth Rock
|-ability|p2a: Corviknight|Pressure
|move|p1a: MotiGandLady|Knock Off|p2a: Corviknight
|-damage|p2a: Corviknight|59/100
|
|upkeep
|turn|17
|
|t:|1760429835
|move|p1a: MotiGandLady|Rapid Spin|p2a: Corviknight
|-resisted|p2a: Corviknight
|-damage|p2a: Corviknight|55/100
|-boost|p1a: MotiGandLady|spe|1
|-sideend|p1: AloneKitsuni|Toxic Spikes|[from] move: Rapid Spin|[of] p1a: MotiGandLady
|move|p2a: Corviknight|Roost|p2a: Corviknight
|-heal|p2a: Corviknight|100/100
|-singleturn|p2a: Corviknight|move: Roost
|
|upkeep
|turn|18
|
|t:|1760429843
|-end|p1a: MotiGandLady|Protosynthesis|[silent]
|switch|p1a: PottyLady|Gholdengo|100/100
|move|p2a: Corviknight|Defog|p1a: PottyLady
|-immune|p1a: PottyLady|[from] ability: Good as Gold
|
|upkeep
|turn|19
|
|t:|1760429853
|move|p1a: PottyLady|Shadow Ball|p2a: Corviknight
|-damage|p2a: Corviknight|61/100
|move|p2a: Corviknight|Iron Defense|p2a: Corviknight
|-boost|p2a: Corviknight|def|2
|
|upkeep
|turn|20
|
|t:|1760429860
|move|p1a: PottyLady|Shadow Ball|p2a: Corviknight
|-damage|p2a: Corviknight|21/100
|move|p2a: Corviknight|Roost|p2a: Corviknight
|-heal|p2a: Corviknight|71/100
|-singleturn|p2a: Corviknight|move: Roost
|
|upkeep
|turn|21
|
|t:|1760429865
|switch|p2a: Blissey|Blissey, F|89/100
|-damage|p2a: Blissey|77/100|[from] Stealth Rock
|move|p1a: PottyLady|Shadow Ball|p2a: Blissey
|-immune|p2a: Blissey
|
|upkeep
|turn|22
|
|t:|1760429875
|move|p1a: PottyLady|Make It Rain|p2a: Blissey
|-damage|p2a: Blissey|56/100
|-unboost|p1a: PottyLady|spa|1
|move|p2a: Blissey|Stealth Rock|p1a: PottyLady
|-sidestart|p1: AloneKitsuni|move: Stealth Rock
|
|upkeep
|turn|23
|
|t:|1760429882
|switch|p1a: MotiGandLady|Great Tusk|100/100
|-damage|p1a: MotiGandLady|98/100|[from] Stealth Rock
|switch|p2a: Gliscor|Gliscor, F|100/100 tox
|-damage|p2a: Gliscor|88/100 tox|[from] Stealth Rock
|
|-heal|p1a: MotiGandLady|100/100|[from] item: Leftovers
|-heal|p2a: Gliscor|100/100 tox|[from] ability: Poison Heal
|upkeep
|turn|24
|
|t:|1760429893
|move|p1a: MotiGandLady|Rapid Spin|p2a: Gliscor
|-damage|p2a: Gliscor|88/100 tox
|-boost|p1a: MotiGandLady|spe|1
|-sideend|p1: AloneKitsuni|Stealth Rock|[from] move: Rapid Spin|[of] p1a: MotiGandLady
|move|p2a: Gliscor|Spikes|p1a: MotiGandLady
|-sidestart|p1: AloneKitsuni|Spikes
|
|-heal|p2a: Gliscor|100/100 tox|[from] ability: Poison Heal
|upkeep
|turn|25
|
|t:|1760429910
|-end|p1a: MotiGandLady|Protosynthesis|[silent]
|switch|p1a: BabyMomos|Iron Valiant|100/100
|-damage|p1a: BabyMomos|88/100|[from] Spikes
|move|p2a: Gliscor|Knock Off|p1a: BabyMomos
|-resisted|p1a: BabyMomos
|-damage|p1a: BabyMomos|81/100
|-enditem|p1a: BabyMomos|Life Orb|[from] move: Knock Off|[of] p2a: Gliscor
|
|upkeep
|turn|26
|
|t:|1760429923
|move|p2a: Gliscor|Protect|p2a: Gliscor
|-singleturn|p2a: Gliscor|Protect
|move|p1a: BabyMomos|Psyshock|p2a: Gliscor
|-activate|p2a: Gliscor|move: Protect
|
|upkeep
|turn|27
|
|t:|1760429931
|move|p1a: BabyMomos|Moonblast|p2a: Gliscor
|-damage|p2a: Gliscor|59/100 tox
|move|p2a: Gliscor|Spikes|p1a: BabyMomos
|-sidestart|p1: AloneKitsuni|Spikes
|
|-heal|p2a: Gliscor|72/100 tox|[from] ability: Poison Heal
|upkeep
|turn|28
|
|t:|1760429936
|move|p2a: Gliscor|Protect|p2a: Gliscor
|-singleturn|p2a: Gliscor|Protect
|move|p1a: BabyMomos|Taunt|p2a: Gliscor
|-activate|p2a: Gliscor|move: Protect
|
|-heal|p2a: Gliscor|84/100 tox|[from] ability: Poison Heal
|upkeep
|turn|29
|
|t:|1760429947
|move|p1a: BabyMomos|Taunt|p2a: Gliscor
|-start|p2a: Gliscor|move: Taunt
|cant|p2a: Gliscor|move: Taunt|Spikes
|
|-heal|p2a: Gliscor|97/100 tox|[from] ability: Poison Heal
|upkeep
|turn|30
|
|t:|1760429958
|move|p1a: BabyMomos|Psyshock|p2a: Gliscor
|-damage|p2a: Gliscor|77/100 tox
|move|p2a: Gliscor|Earthquake|p1a: BabyMomos
|-damage|p1a: BabyMomos|38/100
|
|-heal|p2a: Gliscor|90/100 tox|[from] ability: Poison Heal
|upkeep
|turn|31
|
|t:|1760429979
|-end|p1a: BabyMomos|Quark Drive|[silent]
|switch|p1a: Noob lady|Meowscarada, M|100/100
|-damage|p1a: Noob lady|84/100|[from] Spikes
|switch|p2a: Corviknight|Corviknight, F|71/100
|-damage|p2a: Corviknight|58/100|[from] Stealth Rock
|-ability|p2a: Corviknight|Pressure
|
|upkeep
|turn|32
|
|t:|1760429986
|move|p1a: Noob lady|Triple Axel|p2a: Corviknight
|-start|p1a: Noob lady|typechange|Ice|[from] ability: Protean
|-damage|p2a: Corviknight|50/100
|-damage|p2a: Corviknight|33/100
|-damage|p2a: Corviknight|6/100
|-hitcount|p2a: Corviknight|3
|move|p2a: Corviknight|Roost|p2a: Corviknight
|-heal|p2a: Corviknight|56/100
|-singleturn|p2a: Corviknight|move: Roost
|
|upkeep
|turn|33
|
|t:|1760430001
|move|p1a: Noob lady|Triple Axel|p2a: Corviknight
|-damage|p2a: Corviknight|47/100
|-damage|p2a: Corviknight|29/100
|-damage|p2a: Corviknight|2/100
|-hitcount|p2a: Corviknight|3
|move|p2a: Corviknight|Roost|p2a: Corviknight
|-heal|p2a: Corviknight|52/100
|-singleturn|p2a: Corviknight|move: Roost
|
|upkeep
|turn|34
|
|t:|1760430008
|move|p1a: Noob lady|Triple Axel|p2a: Corviknight
|-damage|p2a: Corviknight|44/100
|-damage|p2a: Corviknight|26/100
|-damage|p2a: Corviknight|0 fnt
|faint|p2a: Corviknight
|-hitcount|p2: Corviknight|3
|
|upkeep
|c|☆Siddharth42c|alone
|c|☆Siddharth42c|luck
|c|☆AloneKitsuni|Lol
|c|☆AloneKitsuni|Noob
|c|☆AloneKitsuni|Noob
|c|☆AloneKitsuni|Noob
|c|☆AloneKitsuni|Noob
|c|☆AloneKitsuni|Noob
|
|t:|1760430028
|switch|p2a: Dondozo|Dondozo, M|100/100
|-damage|p2a: Dondozo|88/100|[from] Stealth Rock
|turn|35
|
|t:|1760430041
|switch|p1a: DynoLady|Walking Wake|100/100
|-damage|p1a: DynoLady|84/100|[from] Spikes
|move|p2a: Dondozo|Body Press|p1a: DynoLady
|-damage|p1a: DynoLady|54/100
|
|-heal|p2a: Dondozo|94/100|[from] item: Leftovers
|upkeep
|turn|36
|
|t:|1760430058
|switch|p2a: Weezing|Weezing-Galar, F|92/100
|-ability|p2a: Weezing|Neutralizing Gas
|move|p1a: DynoLady|Dragon Pulse|p2a: Weezing
|-immune|p2a: Weezing
|
|upkeep
|turn|37
|
|t:|1760430068
|-end|p1a: DynoLady|Protosynthesis|[silent]
|switch|p1a: MotiGandLady|Great Tusk|100/100
|-damage|p1a: MotiGandLady|84/100|[from] Spikes
|move|p2a: Weezing|Will-O-Wisp|p1a: MotiGandLady
|-status|p1a: MotiGandLady|brn
|
|-heal|p1a: MotiGandLady|90/100 brn|[from] item: Leftovers
|-damage|p1a: MotiGandLady|84/100 brn|[from] brn
|upkeep
|turn|38
|
|t:|1760430083
|-terastallize|p2a: Weezing|Ghost
|move|p1a: MotiGandLady|Rapid Spin|p2a: Weezing
|-immune|p2a: Weezing
|move|p2a: Weezing|Strange Steam|p1a: MotiGandLady
|-supereffective|p1a: MotiGandLady
|-damage|p1a: MotiGandLady|7/100 brn
|
|-heal|p1a: MotiGandLady|14/100 brn|[from] item: Leftovers
|-damage|p1a: MotiGandLady|7/100 brn|[from] brn
|upkeep
|turn|39
|
|t:|1760430097
|-end|p2a: Weezing|ability: Neutralizing Gas
|switch|p2a: Gliscor|Gliscor, F|90/100 tox
|-damage|p2a: Gliscor|77/100 tox|[from] Stealth Rock
|move|p1a: MotiGandLady|Knock Off|p2a: Gliscor
|-damage|p2a: Gliscor|66/100 tox
|-enditem|p2a: Gliscor|Toxic Orb|[from] move: Knock Off|[of] p1a: MotiGandLady
|
|-heal|p1a: MotiGandLady|14/100 brn|[from] item: Leftovers
|-heal|p2a: Gliscor|78/100 tox|[from] ability: Poison Heal
|-damage|p1a: MotiGandLady|7/100 brn|[from] brn
|upkeep
|turn|40
|
|t:|1760430109
|switch|p2a: Weezing|Weezing-Galar, F, tera:Ghost|92/100
|-ability|p2a: Weezing|Neutralizing Gas
|move|p1a: MotiGandLady|Knock Off|p2a: Weezing
|-supereffective|p2a: Weezing
|-damage|p2a: Weezing|73/100
|-enditem|p2a: Weezing|Heavy-Duty Boots|[from] move: Knock Off|[of] p1a: MotiGandLady
|
|-heal|p1a: MotiGandLady|14/100 brn|[from] item: Leftovers
|-damage|p1a: MotiGandLady|7/100 brn|[from] brn
|upkeep
|turn|41
|
|t:|1760430122
|move|p1a: MotiGandLady|Rapid Spin|p2a: Weezing
|-immune|p2a: Weezing
|move|p2a: Weezing|Strange Steam|p1a: MotiGandLady
|-supereffective|p1a: MotiGandLady
|-damage|p1a: MotiGandLady|0 fnt
|faint|p1a: MotiGandLady
|-end|p1a: MotiGandLady|Protosynthesis|[silent]
|
|upkeep
|
|t:|1760430159
|switch|p1a: KaliBaby|Kingambit, M|100/100
|-damage|p1a: KaliBaby|84/100|[from] Spikes
|turn|42
|
|t:|1760430166
|move|p2a: Weezing|Will-O-Wisp|p1a: KaliBaby|[miss]
|-miss|p2a: Weezing|p1a: KaliBaby
|move|p1a: KaliBaby|Kowtow Cleave|p2a: Weezing
|-supereffective|p2a: Weezing
|-damage|p2a: Weezing|0 fnt
|faint|p2a: Weezing
|-end|p2a: Weezing|ability: Neutralizing Gas
|-activate|p1a: KaliBaby|ability: Supreme Overlord
|-start|p1a: KaliBaby|fallen1|[silent]
|
|upkeep
|c|☆Siddharth42c|alone
|c|☆Siddharth42c|who
|c|☆Siddharth42c|?
|c|☆AloneKitsuni|I am
|c|☆AloneKitsuni|Alone
|c|☆AloneKitsuni|Final
|c|☆AloneKitsuni|Boss
|c|☆AloneKitsuni|I am him
|
|t:|1760430183
|switch|p2a: Dondozo|Dondozo, M|94/100
|-damage|p2a: Dondozo|82/100|[from] Stealth Rock
|turn|43
|
|t:|1760430197
|-end|p1a: KaliBaby|fallen1|[silent]
|switch|p1a: DynoLady|Walking Wake|54/100
|-damage|p1a: DynoLady|37/100|[from] Spikes
|move|p2a: Dondozo|Body Press|p1a: DynoLady
|-damage|p1a: DynoLady|9/100
|
|-heal|p2a: Dondozo|88/100|[from] item: Leftovers
|upkeep
|turn|44
|
|t:|1760430207
|switch|p2a: Toxapex|Toxapex, M|100/100
|-damage|p2a: Toxapex|88/100|[from] Stealth Rock
|move|p1a: DynoLady|Draco Meteor|p2a: Toxapex|[miss]
|-miss|p1a: DynoLady|p2a: Toxapex
|
|-heal|p2a: Toxapex|94/100|[from] item: Leftovers
|upkeep
|turn|45
|
|t:|1760430219
|move|p1a: DynoLady|Draco Meteor|p2a: Toxapex
|-damage|p2a: Toxapex|30/100
|-unboost|p1a: DynoLady|spa|2
|move|p2a: Toxapex|Toxic Spikes|p1a: DynoLady
|-sidestart|p1: AloneKitsuni|move: Toxic Spikes
|
|-heal|p2a: Toxapex|36/100|[from] item: Leftovers
|upkeep
|turn|46
|
|t:|1760430223
|move|p1a: DynoLady|Draco Meteor|p2a: Toxapex
|-damage|p2a: Toxapex|5/100
|-unboost|p1a: DynoLady|spa|2
|move|p2a: Toxapex|Recover|p2a: Toxapex
|-heal|p2a: Toxapex|55/100
|
|-heal|p2a: Toxapex|62/100|[from] item: Leftovers
|upkeep
|turn|47
|
|t:|1760430240
|-end|p1a: DynoLady|Protosynthesis|[silent]
|switch|p1a: BabyMomos|Iron Valiant|38/100
|-damage|p1a: BabyMomos|21/100|[from] Spikes
|-status|p1a: BabyMomos|psn
|move|p2a: Toxapex|Toxic Spikes|p1a: BabyMomos
|-sidestart|p1: AloneKitsuni|move: Toxic Spikes
|
|-heal|p2a: Toxapex|68/100|[from] item: Leftovers
|-damage|p1a: BabyMomos|9/100 psn|[from] psn
|upkeep
|turn|48
|
|t:|1760430258
|switch|p2a: Gliscor|Gliscor, F|78/100 tox
|-damage|p2a: Gliscor|66/100 tox|[from] Stealth Rock
|move|p1a: BabyMomos|Psyshock|p2a: Gliscor
|-damage|p2a: Gliscor|46/100 tox
|
|-damage|p1a: BabyMomos|0 fnt|[from] psn
|faint|p1a: BabyMomos
|-end|p1a: BabyMomos|Quark Drive|[silent]
|-heal|p2a: Gliscor|59/100 tox|[from] ability: Poison Heal
|upkeep
|
|t:|1760430272
|switch|p1a: DynoLady|Walking Wake|9/100
|-damage|p1a: DynoLady|0 fnt|[from] Spikes
|faint|p1a: DynoLady
|-end|p1a: DynoLady|Protosynthesis|[silent]
|
|t:|1760430289
|switch|p1a: Noob lady|Meowscarada, M|84/100
|-damage|p1a: Noob lady|68/100|[from] Spikes
|-status|p1a: Noob lady|tox
|turn|49
|
|t:|1760430295
|move|p2a: Gliscor|Protect|p2a: Gliscor
|-singleturn|p2a: Gliscor|Protect
|move|p1a: Noob lady|Flower Trick|p2a: Gliscor
|-start|p1a: Noob lady|typechange|Grass|[from] ability: Protean
|-activate|p2a: Gliscor|move: Protect
|
|-damage|p1a: Noob lady|62/100 tox|[from] psn
|-heal|p2a: Gliscor|71/100 tox|[from] ability: Poison Heal
|upkeep
|turn|50
|
|t:|1760430311
|switch|p2a: Toxapex|Toxapex, M|100/100
|-damage|p2a: Toxapex|88/100|[from] Stealth Rock
|move|p1a: Noob lady|Flower Trick|p2a: Toxapex
|-crit|p2a: Toxapex
|-damage|p2a: Toxapex|27/100
|
|-heal|p2a: Toxapex|34/100|[from] item: Leftovers
|-damage|p1a: Noob lady|49/100 tox|[from] psn
|upkeep
|turn|51
|
|t:|1760430325
|switch|p2a: Gliscor|Gliscor, F|71/100 tox
|-damage|p2a: Gliscor|59/100 tox|[from] Stealth Rock
|move|p1a: Noob lady|Flower Trick|p2a: Gliscor
|-crit|p2a: Gliscor
|-damage|p2a: Gliscor|3/100 tox
|
|-damage|p1a: Noob lady|31/100 tox|[from] psn
|-heal|p2a: Gliscor|16/100 tox|[from] ability: Poison Heal
|upkeep
|turn|52
|
|t:|1760430339
|switch|p1a: PottyLady|Gholdengo|100/100
|-damage|p1a: PottyLady|84/100|[from] Spikes
|move|p2a: Gliscor|Protect||[still]
|-fail|p2a: Gliscor
|
|-heal|p1a: PottyLady|90/100|[from] item: Leftovers
|-heal|p2a: Gliscor|28/100 tox|[from] ability: Poison Heal
|upkeep
|turn|53
|
|t:|1760430353
|move|p2a: Gliscor|Protect|p2a: Gliscor
|-singleturn|p2a: Gliscor|Protect
|move|p1a: PottyLady|Shadow Ball|p2a: Gliscor
|-activate|p2a: Gliscor|move: Protect
|
|-heal|p1a: PottyLady|96/100|[from] item: Leftovers
|-heal|p2a: Gliscor|41/100 tox|[from] ability: Poison Heal
|upkeep
|turn|54
|
|t:|1760430359
|switch|p2a: Blissey|Blissey, F|56/100
|-damage|p2a: Blissey|44/100|[from] Stealth Rock
|move|p1a: PottyLady|Shadow Ball|p2a: Blissey
|-immune|p2a: Blissey
|
|-heal|p1a: PottyLady|100/100|[from] item: Leftovers
|upkeep
|turn|55
|
|t:|1760430376
|move|p1a: PottyLady|Focus Blast|p2a: Blissey
|-supereffective|p2a: Blissey
|-damage|p2a: Blissey|16/100
|move|p2a: Blissey|Soft-Boiled|p2a: Blissey
|-heal|p2a: Blissey|66/100
|
|upkeep
|turn|56
|
|t:|1760430386
|move|p1a: PottyLady|Shadow Ball|p2a: Blissey
|-immune|p2a: Blissey
|move|p2a: Blissey|Soft-Boiled|p2a: Blissey
|-heal|p2a: Blissey|100/100
|
|upkeep
|turn|57
|
|t:|1760430397
|switch|p2a: Toxapex|Toxapex, M|67/100
|-damage|p2a: Toxapex|54/100|[from] Stealth Rock
|move|p1a: PottyLady|Shadow Ball|p2a: Toxapex
|-damage|p2a: Toxapex|29/100
|
|-heal|p2a: Toxapex|35/100|[from] item: Leftovers
|upkeep
|turn|58
|
|t:|1760430408
|move|p1a: PottyLady|Shadow Ball|p2a: Toxapex
|-crit|p2a: Toxapex
|-damage|p2a: Toxapex|0 fnt
|faint|p2a: Toxapex
|
|upkeep
|c|☆Siddharth42c|omfg
|c|☆Siddharth42c|alone
|c|☆Siddharth42c|asf
|c|☆AloneKitsuni|Olelelel
|c|☆AloneKitsuni|Noob
|c|☆AloneKitsuni|You don't know to play
|c|☆AloneKitsuni|Bro
|c|☆Siddharth42c|lol
|
|t:|1760430436
|switch|p2a: Blissey|Blissey, F|100/100
|-damage|p2a: Blissey|88/100|[from] Stealth Rock
|turn|59
|
|t:|1760430445
|move|p1a: PottyLady|Shadow Ball|p2a: Blissey
|-immune|p2a: Blissey
|move|p2a: Blissey|Calm Mind|p2a: Blissey
|-boost|p2a: Blissey|spa|1
|-boost|p2a: Blissey|spd|1
|
|upkeep
|turn|60
|c|☆AloneKitsuni|Crit writ
|c|☆AloneKitsuni|Se
|c|☆AloneKitsuni|Dar
|c|☆AloneKitsuni|Nahi
|c|☆AloneKitsuni|Lagta
|
|t:|1760430462
|move|p1a: PottyLady|Focus Blast|p2a: Blissey
|-supereffective|p2a: Blissey
|-damage|p2a: Blissey|69/100
|move|p2a: Blissey|Calm Mind|p2a: Blissey
|-boost|p2a: Blissey|spa|1
|-boost|p2a: Blissey|spd|1
|
|upkeep
|turn|61
|
|t:|1760430466
|move|p1a: PottyLady|Focus Blast|p2a: Blissey|[miss]
|-miss|p1a: PottyLady|p2a: Blissey
|move|p2a: Blissey|Calm Mind|p2a: Blissey
|-boost|p2a: Blissey|spa|1
|-boost|p2a: Blissey|spd|1
|
|upkeep
|turn|62
|
|t:|1760430473
|move|p1a: PottyLady|Focus Blast|p2a: Blissey
|-supereffective|p2a: Blissey
|-damage|p2a: Blissey|59/100
|move|p2a: Blissey|Calm Mind|p2a: Blissey
|-boost|p2a: Blissey|spa|1
|-boost|p2a: Blissey|spd|1
|
|upkeep
|turn|63
|
|t:|1760430492
|move|p1a: PottyLady|Make It Rain|p2a: Blissey
|-damage|p2a: Blissey|52/100
|-unboost|p1a: PottyLady|spa|1
|move|p2a: Blissey|Calm Mind|p2a: Blissey
|-boost|p2a: Blissey|spa|1
|-boost|p2a: Blissey|spd|1
|
|upkeep
|turn|64
|
|t:|1760430511
|switch|p1a: Noob lady|Meowscarada, M|31/100 tox
|-damage|p1a: Noob lady|14/100 tox|[from] Spikes
|move|p2a: Blissey|Calm Mind|p2a: Blissey
|-boost|p2a: Blissey|spa|1
|-boost|p2a: Blissey|spd|1
|
|-damage|p1a: Noob lady|8/100 tox|[from] psn
|upkeep
|turn|65
|
|t:|1760430520
|switch|p2a: Gliscor|Gliscor, F|41/100 tox
|-damage|p2a: Gliscor|28/100 tox|[from] Stealth Rock
|move|p1a: Noob lady|Triple Axel|p2a: Gliscor
|-start|p1a: Noob lady|typechange|Ice|[from] ability: Protean
|-supereffective|p2a: Gliscor
|-damage|p2a: Gliscor|0 fnt
|faint|p2a: Gliscor
|-hitcount|p2: Gliscor|1
|
|-damage|p1a: Noob lady|0 fnt|[from] psn
|faint|p1a: Noob lady
|upkeep
|
|t:|1760430539
|switch|p1a: PottyLady|Gholdengo|100/100
|switch|p2a: Dondozo|Dondozo, M|88/100
|-damage|p1a: PottyLady|84/100|[from] Spikes
|-damage|p2a: Dondozo|76/100|[from] Stealth Rock
|turn|66
|
|t:|1760430550
|move|p1a: PottyLady|Shadow Ball|p2a: Dondozo
|-damage|p2a: Dondozo|35/100
|move|p2a: Dondozo|Rest|p2a: Dondozo
|-status|p2a: Dondozo|slp|[from] move: Rest
|-heal|p2a: Dondozo|100/100 slp|[silent]
|
|-heal|p1a: PottyLady|90/100|[from] item: Leftovers
|upkeep
|turn|67
|
|t:|1760430555
|switch|p2a: Blissey|Blissey, F|52/100
|-damage|p2a: Blissey|40/100|[from] Stealth Rock
|move|p1a: PottyLady|Shadow Ball|p2a: Blissey
|-immune|p2a: Blissey
|
|-heal|p1a: PottyLady|96/100|[from] item: Leftovers
|upkeep
|turn|68
|
|t:|1760430562
|move|p1a: PottyLady|Make It Rain|p2a: Blissey
|-damage|p2a: Blissey|20/100
|-unboost|p1a: PottyLady|spa|1
|move|p2a: Blissey|Soft-Boiled|p2a: Blissey
|-heal|p2a: Blissey|70/100
|
|-heal|p1a: PottyLady|100/100|[from] item: Leftovers
|upkeep
|turn|69
|
|t:|1760430573
|move|p1a: PottyLady|Trick|p2a: Blissey
|-activate|p1a: PottyLady|move: Trick|[of] p2a: Blissey
|-item|p2a: Blissey|Leftovers|[from] move: Trick
|-item|p1a: PottyLady|Choice Specs|[from] move: Trick
|move|p2a: Blissey|Soft-Boiled|p2a: Blissey
|-heal|p2a: Blissey|100/100
|
|upkeep
|turn|70
|
|t:|1760430581
|move|p1a: PottyLady|Trick|p2a: Blissey
|-activate|p1a: PottyLady|move: Trick|[of] p2a: Blissey
|-item|p2a: Blissey|Choice Specs|[from] move: Trick
|-item|p1a: PottyLady|Leftovers|[from] move: Trick
|move|p2a: Blissey|Stealth Rock|p1a: PottyLady
|-sidestart|p1: AloneKitsuni|move: Stealth Rock
|
|upkeep
|turn|71
|
|t:|1760430594
|switch|p1a: KaliBaby|Kingambit, M|84/100
|-damage|p1a: KaliBaby|67/100|[from] Spikes
|-damage|p1a: KaliBaby|61/100|[from] Stealth Rock
|-activate|p1a: KaliBaby|ability: Supreme Overlord
|-start|p1a: KaliBaby|fallen4|[silent]
|move|p2a: Blissey|Stealth Rock||[still]
|-fail|p2a: Blissey
|
|upkeep
|turn|72
|
|t:|1760430604
|switch|p2a: Dondozo|Dondozo, M|100/100 slp
|-damage|p2a: Dondozo|88/100 slp|[from] Stealth Rock
|move|p1a: KaliBaby|Swords Dance|p1a: KaliBaby
|-boost|p1a: KaliBaby|atk|2
|
|-heal|p2a: Dondozo|94/100 slp|[from] item: Leftovers
|upkeep
|turn|73
|
|t:|1760430614
|move|p1a: KaliBaby|Kowtow Cleave|p2a: Dondozo
|-damage|p2a: Dondozo|55/100 slp
|cant|p2a: Dondozo|slp
|move|p2a: Dondozo|Sleep Talk|p2a: Dondozo
|move|p2a: Dondozo|Rest||[from] move: Sleep Talk|[still]
|-fail|p2a: Dondozo
|
|-heal|p2a: Dondozo|62/100 slp|[from] item: Leftovers
|upkeep
|turn|74
|
|t:|1760430623
|-terastallize|p1a: KaliBaby|Dark
|move|p1a: KaliBaby|Kowtow Cleave|p2a: Dondozo
|-damage|p2a: Dondozo|16/100 slp
|cant|p2a: Dondozo|slp
|move|p2a: Dondozo|Sleep Talk|p2a: Dondozo
|move|p2a: Dondozo|Rest||[from] move: Sleep Talk|[still]
|-fail|p2a: Dondozo
|
|-heal|p2a: Dondozo|22/100 slp|[from] item: Leftovers
|upkeep
|turn|75
|c|☆Siddharth42c|luck
|c|☆Siddharth42c|so hard
|c|☆AloneKitsuni|Shut up
|-message|Siddharth42c forfeited.
|
|win|AloneKitsuni
|c|☆AloneKitsuni|Noob
