|j|☆AjonymousNon
|j|☆omari p
|t:|1760332355
|gametype|singles
|player|p1|AjonymousNon|workerice|1774
|player|p2|omari p|pokemonrangerf|1824
|gen|9
|tier|[Gen 9] OU
|rated|
|rule|HP Percentage Mod: HP is shown in percentages
|rule|Endless Battle Clause: Forcing endless battles is banned
|rule|Species Clause: Limit one of each Pokémon
|rule|OHKO Clause: OHKO moves are banned
|rule|Evasion Items Clause: Evasion items are banned
|rule|Evasion Moves Clause: Evasion moves are banned
|rule|Evasion Abilities Clause: Evasion abilities are banned
|rule|Sleep Moves Clause: Sleep-inducing moves are banned
|clearpoke
|poke|p1|Great Tusk|
|poke|p1|Ogerpon-Cornerstone, F|
|poke|p1|Rillaboom, M|
|poke|p1|Tyranitar, M|
|poke|p1|Corviknight, M|
|poke|p1|Dragapult, F|
|poke|p2|Cinderace, F|
|poke|p2|Volcanion|
|poke|p2|Torkoal, M|
|poke|p2|Mandibuzz, F|
|poke|p2|Great Tusk|
|poke|p2|Fezandipiti, M|
|teampreview
|inactive|Battle timer is ON: inactive players will automatically lose when time's up. (requested by AjonymousNon)
|j| Large_Rodent
|inactive|omari p has 120 seconds left.
|
|t:|1760332399
|teamsize|p1|6
|teamsize|p2|6
|start
|switch|p1a: Dragapult|Dragapult, F|100/100
|switch|p2a: Torkoal|Torkoal, M, shiny|100/100
|-weather|SunnyDay|[from] ability: Drought|[of] p2a: Torkoal
|turn|1
|
|t:|1760332406
|move|p1a: Dragapult|Substitute|p1a: Dragapult
|-start|p1a: Dragapult|Substitute
|-damage|p1a: Dragapult|76/100
|move|p2a: Torkoal|Stealth Rock|p1a: Dragapult
|-sidestart|p1: AjonymousNon|move: Stealth Rock
|
|-weather|SunnyDay|[upkeep]
|-heal|p1a: Dragapult|82/100|[from] item: Leftovers
|upkeep
|turn|2
|
|t:|1760332408
|move|p1a: Dragapult|Hex|p2a: Torkoal
|-damage|p2a: Torkoal|59/100
|move|p2a: Torkoal|Earth Power|p1a: Dragapult
|-end|p1a: Dragapult|Substitute
|
|-weather|SunnyDay|[upkeep]
|-heal|p1a: Dragapult|88/100|[from] item: Leftovers
|upkeep
|turn|3
|
|t:|1760332412
|switch|p2a: Fezandipiti|Fezandipiti, M|100/100
|move|p1a: Dragapult|Substitute|p1a: Dragapult
|-start|p1a: Dragapult|Substitute
|-damage|p1a: Dragapult|63/100
|
|-weather|SunnyDay|[upkeep]
|-heal|p1a: Dragapult|69/100|[from] item: Leftovers
|upkeep
|turn|4
|
|t:|1760332414
|move|p1a: Dragapult|Will-O-Wisp|p2a: Fezandipiti
|-status|p2a: Fezandipiti|brn
|move|p2a: Fezandipiti|Moonblast|p1a: Dragapult
|-supereffective|p1a: Dragapult
|-end|p1a: Dragapult|Substitute
|
|-weather|SunnyDay|[upkeep]
|-heal|p1a: Dragapult|76/100|[from] item: Leftovers
|-damage|p2a: Fezandipiti|94/100 brn|[from] brn
|upkeep
|turn|5
|
|t:|1760332421
|switch|p1a: Tyranitar|Tyranitar, M|100/100
|-damage|p1a: Tyranitar|88/100|[from] Stealth Rock
|-weather|Sandstorm|[from] ability: Sand Stream|[of] p1a: Tyranitar
|move|p2a: Fezandipiti|Nasty Plot|p2a: Fezandipiti
|-boost|p2a: Fezandipiti|spa|2
|
|-weather|Sandstorm|[upkeep]
|-damage|p2a: Fezandipiti|88/100 brn|[from] Sandstorm
|-heal|p2a: Fezandipiti|94/100 brn|[from] item: Leftovers
|-heal|p1a: Tyranitar|94/100|[from] item: Leftovers
|-damage|p2a: Fezandipiti|88/100 brn|[from] brn
|upkeep
|turn|6
|
|t:|1760332429
|move|p2a: Fezandipiti|Moonblast|p1a: Tyranitar
|-supereffective|p1a: Tyranitar
|-damage|p1a: Tyranitar|37/100
|move|p1a: Tyranitar|Stealth Rock|p2a: Fezandipiti
|-sidestart|p2: omari p|move: Stealth Rock
|
|-weather|Sandstorm|[upkeep]
|-damage|p2a: Fezandipiti|82/100 brn|[from] Sandstorm
|-heal|p2a: Fezandipiti|88/100 brn|[from] item: Leftovers
|-heal|p1a: Tyranitar|44/100|[from] item: Leftovers
|-damage|p2a: Fezandipiti|82/100 brn|[from] brn
|upkeep
|turn|7
|
|t:|1760332433
|switch|p1a: Corviknight|Corviknight, M|100/100
|-damage|p1a: Corviknight|88/100|[from] Stealth Rock
|-ability|p1a: Corviknight|Pressure
|move|p2a: Fezandipiti|Moonblast|p1a: Corviknight
|-resisted|p1a: Corviknight
|-damage|p1a: Corviknight|51/100
|
|-weather|Sandstorm|[upkeep]
|-damage|p2a: Fezandipiti|76/100 brn|[from] Sandstorm
|-heal|p2a: Fezandipiti|82/100 brn|[from] item: Leftovers
|-damage|p2a: Fezandipiti|76/100 brn|[from] brn
|upkeep
|turn|8
|
|t:|1760332436
|move|p2a: Fezandipiti|Moonblast|p1a: Corviknight
|-resisted|p1a: Corviknight
|-damage|p1a: Corviknight|16/100
|move|p1a: Corviknight|Roost|p1a: Corviknight
|-heal|p1a: Corviknight|66/100
|-singleturn|p1a: Corviknight|move: Roost
|
|-weather|Sandstorm|[upkeep]
|-damage|p2a: Fezandipiti|70/100 brn|[from] Sandstorm
|-heal|p2a: Fezandipiti|76/100 brn|[from] item: Leftovers
|-damage|p2a: Fezandipiti|70/100 brn|[from] brn
|upkeep
|turn|9
|
|t:|1760332442
|move|p2a: Fezandipiti|Moonblast|p1a: Corviknight
|-resisted|p1a: Corviknight
|-crit|p1a: Corviknight
|-damage|p1a: Corviknight|17/100
|move|p1a: Corviknight|Roost|p1a: Corviknight
|-heal|p1a: Corviknight|67/100
|-singleturn|p1a: Corviknight|move: Roost
|
|-weather|none
|-heal|p2a: Fezandipiti|76/100 brn|[from] item: Leftovers
|-damage|p2a: Fezandipiti|70/100 brn|[from] brn
|upkeep
|turn|10
|
|t:|1760332447
|move|p2a: Fezandipiti|Moonblast|p1a: Corviknight
|-resisted|p1a: Corviknight
|-damage|p1a: Corviknight|31/100
|move|p1a: Corviknight|Roost|p1a: Corviknight
|-heal|p1a: Corviknight|81/100
|-singleturn|p1a: Corviknight|move: Roost
|
|-heal|p2a: Fezandipiti|76/100 brn|[from] item: Leftovers
|-damage|p2a: Fezandipiti|70/100 brn|[from] brn
|upkeep
|turn|11
|
|t:|1760332450
|move|p2a: Fezandipiti|Moonblast|p1a: Corviknight
|-resisted|p1a: Corviknight
|-damage|p1a: Corviknight|44/100
|move|p1a: Corviknight|Brave Bird|p2a: Fezandipiti
|-damage|p2a: Fezandipiti|32/100 brn
|-damage|p1a: Corviknight|32/100|[from] Recoil
|
|-heal|p2a: Fezandipiti|38/100 brn|[from] item: Leftovers
|-damage|p2a: Fezandipiti|32/100 brn|[from] brn
|upkeep
|turn|12
|
|t:|1760332456
|move|p2a: Fezandipiti|Moonblast|p1a: Corviknight
|-resisted|p1a: Corviknight
|-damage|p1a: Corviknight|0 fnt
|faint|p1a: Corviknight
|
|-heal|p2a: Fezandipiti|38/100 brn|[from] item: Leftovers
|-damage|p2a: Fezandipiti|32/100 brn|[from] brn
|upkeep
|
|t:|1760332461
|switch|p1a: Dragapult|Dragapult, F|76/100
|-damage|p1a: Dragapult|63/100|[from] Stealth Rock
|turn|13
|
|t:|1760332464
|move|p1a: Dragapult|Hex|p2a: Fezandipiti
|-damage|p2a: Fezandipiti|0 fnt
|faint|p2a: Fezandipiti
|
|-heal|p1a: Dragapult|69/100|[from] item: Leftovers
|upkeep
|
|t:|1760332468
|switch|p2a: Torkoal|Torkoal, M, shiny|59/100
|-damage|p2a: Torkoal|35/100|[from] Stealth Rock
|-weather|SunnyDay|[from] ability: Drought|[of] p2a: Torkoal
|turn|14
|
|t:|1760332470
|move|p1a: Dragapult|Substitute|p1a: Dragapult
|-start|p1a: Dragapult|Substitute
|-damage|p1a: Dragapult|44/100
|move|p2a: Torkoal|Earth Power|p1a: Dragapult
|-crit|p1a: Dragapult
|-end|p1a: Dragapult|Substitute
|
|-weather|SunnyDay|[upkeep]
|-heal|p1a: Dragapult|51/100|[from] item: Leftovers
|upkeep
|turn|15
|
|t:|1760332475
|move|p1a: Dragapult|Hex|p2a: Torkoal
|-damage|p2a: Torkoal|0 fnt
|faint|p2a: Torkoal
|
|-weather|SunnyDay|[upkeep]
|-heal|p1a: Dragapult|57/100|[from] item: Leftovers
|upkeep
|
|t:|1760332477
|switch|p2a: Cinderace|Cinderace, F|100/100
|-damage|p2a: Cinderace|76/100|[from] Stealth Rock
|turn|16
|
|t:|1760332479
|move|p1a: Dragapult|Substitute|p1a: Dragapult
|-start|p1a: Dragapult|Substitute
|-damage|p1a: Dragapult|32/100
|move|p2a: Cinderace|Pyro Ball|p1a: Dragapult
|-resisted|p1a: Dragapult
|-end|p1a: Dragapult|Substitute
|
|-weather|SunnyDay|[upkeep]
|-heal|p1a: Dragapult|38/100|[from] item: Leftovers
|upkeep
|turn|17
|
|t:|1760332484
|move|p1a: Dragapult|Dragon Darts|p2a: Cinderace
|-damage|p2a: Cinderace|45/100
|-anim|p1a: Dragapult|Dragon Darts|p2a: Cinderace
|-damage|p2a: Cinderace|16/100
|move|p2a: Cinderace|Pyro Ball|p1a: Dragapult
|-resisted|p1a: Dragapult
|-damage|p1a: Dragapult|0 fnt
|faint|p1a: Dragapult
|
|-weather|SunnyDay|[upkeep]
|upkeep
|
|t:|1760332488
|switch|p1a: Tyranitar|Tyranitar, M|44/100
|-damage|p1a: Tyranitar|31/100|[from] Stealth Rock
|-weather|Sandstorm|[from] ability: Sand Stream|[of] p1a: Tyranitar
|turn|18
|
|t:|1760332492
|move|p2a: Cinderace|High Jump Kick|p1a: Tyranitar
|-start|p2a: Cinderace|typechange|Fighting|[from] ability: Libero
|-supereffective|p1a: Tyranitar
|-damage|p1a: Tyranitar|0 fnt
|faint|p1a: Tyranitar
|
|-weather|Sandstorm|[upkeep]
|-damage|p2a: Cinderace|10/100|[from] Sandstorm
|upkeep
|
|t:|1760332495
|switch|p1a: Great Tusk|Great Tusk|100/100
|-damage|p1a: Great Tusk|98/100|[from] Stealth Rock
|turn|19
|
|t:|1760332499
|move|p2a: Cinderace|High Jump Kick|p1a: Great Tusk
|-damage|p1a: Great Tusk|54/100
|move|p1a: Great Tusk|Rapid Spin|p2a: Cinderace
|-damage|p2a: Cinderace|0 fnt
|-boost|p1a: Great Tusk|spe|1
|-sideend|p1: AjonymousNon|Stealth Rock|[from] move: Rapid Spin|[of] p1a: Great Tusk
|faint|p2a: Cinderace
|
|-weather|Sandstorm|[upkeep]
|upkeep
|
|t:|1760332504
|switch|p2a: Mandibuzz|Mandibuzz, F, shiny|100/100
|-damage|p2a: Mandibuzz|76/100|[from] Stealth Rock
|turn|20
|
|t:|1760332507
|move|p1a: Great Tusk|Ice Spinner|p2a: Mandibuzz
|-supereffective|p2a: Mandibuzz
|-crit|p2a: Mandibuzz
|-damage|p2a: Mandibuzz|28/100
|-damage|p1a: Great Tusk|38/100|[from] item: Rocky Helmet|[of] p2a: Mandibuzz
|move|p2a: Mandibuzz|Defog|p1a: Great Tusk
|-unboost|p1a: Great Tusk|evasion|1
|-sideend|p2: omari p|Stealth Rock|[from] move: Defog|[of] p2a: Mandibuzz
|
|-weather|Sandstorm|[upkeep]
|upkeep
|turn|21
|
|t:|1760332512
|move|p1a: Great Tusk|Ice Spinner|p2a: Mandibuzz
|-supereffective|p2a: Mandibuzz
|-damage|p2a: Mandibuzz|0 fnt
|-damage|p1a: Great Tusk|21/100|[from] item: Rocky Helmet|[of] p2a: Mandibuzz
|faint|p2a: Mandibuzz
|
|-weather|Sandstorm|[upkeep]
|upkeep
|
|t:|1760332513
|switch|p2a: Great Tusk|Great Tusk, shiny|100/100
|turn|22
|
|t:|1760332516
|move|p2a: Great Tusk|Ice Spinner|p1a: Great Tusk
|-supereffective|p1a: Great Tusk
|-damage|p1a: Great Tusk|0 fnt
|faint|p1a: Great Tusk
|-end|p1a: Great Tusk|Protosynthesis|[silent]
|
|-weather|none
|upkeep
|
|t:|1760332520
|switch|p1a: Ogerpon|Ogerpon-Cornerstone, F|100/100
|turn|23
|
|t:|1760332522
|-terastallize|p1a: Ogerpon|Rock
|detailschange|p1a: Ogerpon|Ogerpon-Cornerstone-Tera, F, tera:Rock
|-ability|p1a: Ogerpon|Embody Aspect (Cornerstone)|boost
|-boost|p1a: Ogerpon|def|1
|move|p2a: Great Tusk|Ice Spinner|p1a: Ogerpon
|-crit|p1a: Ogerpon
|-damage|p1a: Ogerpon|35/100
|move|p1a: Ogerpon|Horn Leech|p2a: Great Tusk
|-supereffective|p2a: Great Tusk
|-damage|p2a: Great Tusk|34/100
|-heal|p1a: Ogerpon|76/100|[from] drain|[of] p2a: Great Tusk
|
|upkeep
|turn|24
|
|t:|1760332531
|move|p2a: Great Tusk|Ice Spinner|p1a: Ogerpon
|-damage|p1a: Ogerpon|47/100
|move|p1a: Ogerpon|Horn Leech|p2a: Great Tusk
|-supereffective|p2a: Great Tusk
|-damage|p2a: Great Tusk|0 fnt
|-heal|p1a: Ogerpon|68/100|[from] drain|[of] p2a: Great Tusk
|faint|p2a: Great Tusk
|-end|p2a: Great Tusk|Protosynthesis|[silent]
|
|upkeep
|
|t:|1760332533
|switch|p2a: Volcanion|Volcanion|100/100
|turn|25
|
|t:|1760332539
|move|p1a: Ogerpon|Ivy Cudgel|p2a: Volcanion|[anim] Ivy Cudgel Rock
|-supereffective|p2a: Volcanion
|-damage|p2a: Volcanion|0 fnt
|faint|p2a: Volcanion
|
|win|AjonymousNon
|raw|AjonymousNon's rating: 1774 &rarr; <strong>1797</strong><br />(+23 for winning)
|raw|omari p's rating: 1824 &rarr; <strong>1801</strong><br />(-23 for losing)
|c|☆AjonymousNon|gg
|l|☆AjonymousNon
|player|p1|
|l| Large_Rodent
