|j|☆3r34t45
|j|☆kazeyo07
|t:|1760352791
|gametype|singles
|player|p1|3r34t45|170|1403
|player|p2|kazeyo07|bruno|1446
|gen|9
|tier|[Gen 9] OU
|rated|
|rule|HP Percentage Mod: HP is shown in percentages
|rule|Endless Battle Clause: Forcing endless battles is banned
|rule|Species Clause: Limit one of each Pokémon
|rule|OHKO Clause: OHKO moves are banned
|rule|Evasion Items Clause: Evasion items are banned
|rule|Evasion Moves Clause: Evasion moves are banned
|rule|Evasion Abilities Clause: Evasion abilities are banned
|rule|Sleep Moves Clause: Sleep-inducing moves are banned
|clearpoke
|poke|p1|Greninja-*, F|
|poke|p1|Great Tusk|
|poke|p1|Mew|
|poke|p1|Rotom-Frost|
|poke|p1|Hydrapple, F|
|poke|p1|Slowking-Galar, M|
|poke|p2|Ogerpon-Wellspring, F|
|poke|p2|Hoopa-Unbound|
|poke|p2|Heatran, M|
|poke|p2|Raging Bolt|
|poke|p2|Great Tusk|
|poke|p2|Tornadus-Therian, M|
|teampreview
|inactive|Battle timer is ON: inactive players will automatically lose when time's up. (requested by 3r34t45)
|
|t:|1760352799
|teamsize|p1|6
|teamsize|p2|6
|start
|switch|p1a: Greninja|Greninja, F|100/100
|switch|p2a: Tornadus|Tornadus-Therian, M|100/100
|turn|1
|
|t:|1760352805
|move|p1a: Greninja|U-turn|p2a: Tornadus
|-start|p1a: Greninja|typechange|Bug|[from] ability: Protean
|-resisted|p2a: Tornadus
|-damage|p2a: Tornadus|89/100
|
|t:|1760352807
|switch|p1a: Slowking|Slowking-Galar, M|100/100|[from] U-turn
|move|p2a: Tornadus|U-turn|p1a: Slowking
|-damage|p1a: Slowking|85/100
|
|t:|1760352819
|switch|p2a: Hoopa|Hoopa-Unbound|100/100|[from] U-turn
|
|-heal|p1a: Slowking|91/100|[from] item: Leftovers
|upkeep
|turn|2
|
|t:|1760352826
|switch|p1a: Hydrapple|Hydrapple, F|100/100
|move|p2a: Hoopa|Knock Off|p1a: Hydrapple
|-damage|p1a: Hydrapple|34/100
|-enditem|p1a: Hydrapple|Leftovers|[from] move: Knock Off|[of] p2a: Hoopa
|
|upkeep
|turn|3
|
|t:|1760352833
|switch|p1a: Great Tusk|Great Tusk|100/100
|move|p2a: Hoopa|Knock Off|p1a: Great Tusk
|-resisted|p1a: Great Tusk
|-damage|p1a: Great Tusk|71/100
|-enditem|p1a: Great Tusk|Leftovers|[from] move: Knock Off|[of] p2a: Hoopa
|
|upkeep
|turn|4
|
|t:|1760352841
|switch|p2a: Tornadus|Tornadus-Therian, M|100/100
|move|p1a: Great Tusk|Ice Spinner|p2a: Tornadus
|-supereffective|p2a: Tornadus
|-damage|p2a: Tornadus|34/100
|
|upkeep
|turn|5
|
|t:|1760352848
|-end|p1a: Great Tusk|Protosynthesis|[silent]
|switch|p1a: Mew|Mew|100/100
|move|p2a: Tornadus|Bleakwind Storm|p1a: Mew
|-damage|p1a: Mew|62/100
|
|-heal|p1a: Mew|69/100|[from] item: Leftovers
|upkeep
|turn|6
|
|t:|1760352855
|move|p2a: Tornadus|U-turn|p1a: Mew
|-supereffective|p1a: Mew
|-damage|p1a: Mew|42/100
|
|t:|1760352859
|switch|p2a: Hoopa|Hoopa-Unbound|100/100|[from] U-turn
|move|p1a: Mew|Stealth Rock|p2a: Hoopa
|-sidestart|p2: kazeyo07|move: Stealth Rock
|
|-heal|p1a: Mew|48/100|[from] item: Leftovers
|upkeep
|turn|7
|
|t:|1760352866
|move|p1a: Mew|Volt Switch|p2a: Hoopa
|-damage|p2a: Hoopa|81/100
|
|t:|1760352868
|switch|p1a: Great Tusk|Great Tusk|71/100|[from] Volt Switch
|move|p2a: Hoopa|Zen Headbutt|p1a: Great Tusk
|-supereffective|p1a: Great Tusk
|-damage|p1a: Great Tusk|0 fnt
|faint|p1a: Great Tusk
|-end|p1a: Great Tusk|Protosynthesis|[silent]
|
|upkeep
|
|t:|1760352870
|switch|p1a: Greninja|Greninja, F|100/100
|turn|8
|
|t:|1760352887
|switch|p2a: Heatran|Heatran, M|100/100
|-damage|p2a: Heatran|88/100|[from] Stealth Rock
|move|p1a: Greninja|U-turn|p2a: Heatran
|-start|p1a: Greninja|typechange|Bug|[from] ability: Protean
|-resisted|p2a: Heatran
|-damage|p2a: Heatran|84/100
|-status|p1a: Greninja|brn|[from] ability: Flame Body|[of] p2a: Heatran
|
|t:|1760352891
|switch|p1a: Hydrapple|Hydrapple, F|67/100|[from] U-turn
|
|-heal|p2a: Heatran|90/100|[from] item: Leftovers
|upkeep
|turn|9
|
|t:|1760352899
|move|p2a: Heatran|Magma Storm|p1a: Hydrapple|[miss]
|-miss|p2a: Heatran|p1a: Hydrapple
|move|p1a: Hydrapple|Earth Power|p2a: Heatran
|-supereffective|p2a: Heatran
|-damage|p2a: Heatran|1/100
|
|-heal|p2a: Heatran|7/100|[from] item: Leftovers
|upkeep
|turn|10
|
|t:|1760352912
|switch|p2a: Hoopa|Hoopa-Unbound|81/100
|-damage|p2a: Hoopa|68/100|[from] Stealth Rock
|move|p1a: Hydrapple|Earth Power|p2a: Hoopa
|-damage|p2a: Hoopa|38/100
|
|upkeep
|turn|11
|
|t:|1760352921
|move|p2a: Hoopa|Hyperspace Fury|p1a: Hydrapple
|-damage|p1a: Hydrapple|0 fnt
|-unboost|p2a: Hoopa|def|1
|faint|p1a: Hydrapple
|
|upkeep
|
|t:|1760352924
|switch|p1a: Greninja|Greninja, F|100/100 brn
|turn|12
|
|t:|1760352931
|switch|p2a: Great Tusk|Great Tusk|100/100
|-damage|p2a: Great Tusk|97/100|[from] Stealth Rock
|move|p1a: Greninja|Dark Pulse|p2a: Great Tusk
|-start|p1a: Greninja|typechange|Dark|[from] ability: Protean
|-resisted|p2a: Great Tusk
|-damage|p2a: Great Tusk|58/100
|
|-damage|p1a: Greninja|95/100 brn|[from] brn
|upkeep
|turn|13
|
|t:|1760352940
|switch|p1a: Mew|Mew|48/100
|-end|p2a: Great Tusk|Protosynthesis|[silent]
|switch|p2a: Raging Bolt|Raging Bolt|100/100
|-damage|p2a: Raging Bolt|88/100|[from] Stealth Rock
|
|-heal|p1a: Mew|54/100|[from] item: Leftovers
|upkeep
|turn|14
|
|t:|1760352943
|move|p1a: Mew|Ice Beam|p2a: Raging Bolt
|-supereffective|p2a: Raging Bolt
|-damage|p2a: Raging Bolt|46/100
|move|p2a: Raging Bolt|Volt Switch|p1a: Mew
|-damage|p1a: Mew|0 fnt
|faint|p1a: Mew
|
|t:|1760352956
|-end|p2a: Raging Bolt|Protosynthesis|[silent]
|switch|p2a: Tornadus|Tornadus-Therian, M|67/100|[from] Volt Switch
|-damage|p2a: Tornadus|42/100|[from] Stealth Rock
|
|upkeep
|
|t:|1760352958
|switch|p1a: Rotom|Rotom-Frost|100/100
|turn|15
|
|t:|1760352968
|-terastallize|p2a: Tornadus|Steel
|move|p1a: Rotom|Blizzard|p2a: Tornadus
|-resisted|p2a: Tornadus
|-damage|p2a: Tornadus|24/100
|move|p2a: Tornadus|U-turn|p1a: Rotom
|-damage|p1a: Rotom|82/100
|
|t:|1760352990
|switch|p2a: Ogerpon|Ogerpon-Wellspring, F|100/100|[from] U-turn
|-damage|p2a: Ogerpon|88/100|[from] Stealth Rock
|
|upkeep
|turn|16
|
|t:|1760352994
|move|p1a: Rotom|Blizzard|p2a: Ogerpon
|-damage|p2a: Ogerpon|29/100
|move|p2a: Ogerpon|Ivy Cudgel|p1a: Rotom|[anim] Ivy Cudgel Water
|-damage|p1a: Rotom|9/100
|
|upkeep
|turn|17
|
|t:|1760353005
|switch|p2a: Heatran|Heatran, M|7/100
|-damage|p2a: Heatran|0 fnt|[from] Stealth Rock
|faint|p2a: Heatran
|move|p1a: Rotom|Blizzard|p2: Heatran|[notarget]
|-fail|p1a: Rotom
|
|upkeep
|
|t:|1760353015
|switch|p2a: Tornadus|Tornadus-Therian, M, tera:Steel|57/100
|-damage|p2a: Tornadus|51/100|[from] Stealth Rock
|turn|18
|
|t:|1760353019
|switch|p1a: Slowking|Slowking-Galar, M|100/100
|move|p2a: Tornadus|Knock Off|p1a: Slowking
|-supereffective|p1a: Slowking
|-crit|p1a: Slowking
|-damage|p1a: Slowking|36/100
|-enditem|p1a: Slowking|Leftovers|[from] move: Knock Off|[of] p2a: Tornadus
|
|upkeep
|turn|19
|
|t:|1760353029
|move|p2a: Tornadus|U-turn|p1a: Slowking
|-damage|p1a: Slowking|20/100
|
|t:|1760353038
|switch|p2a: Raging Bolt|Raging Bolt|46/100|[from] U-turn
|-damage|p2a: Raging Bolt|34/100|[from] Stealth Rock
|-prepare|p1a: Slowking|Chilly Reception|[premajor]
|move|p1a: Slowking|Chilly Reception|p1a: Slowking
|-weather|Snowscape
|
|t:|1760353046
|switch|p1a: Greninja|Greninja, F|95/100 brn|[from] Chilly Reception
|
|-weather|Snowscape|[upkeep]
|-damage|p1a: Greninja|89/100 brn|[from] brn
|upkeep
|turn|20
|
|t:|1760353055
|move|p2a: Raging Bolt|Thunderclap|p1a: Greninja
|-supereffective|p1a: Greninja
|-damage|p1a: Greninja|0 fnt
|faint|p1a: Greninja
|
|-weather|Snowscape|[upkeep]
|upkeep
|-message|3r34t45 forfeited.
|
|win|kazeyo07
|raw|3r34t45's rating: 1403 &rarr; <strong>1385</strong><br />(-18 for losing)
|raw|kazeyo07's rating: 1446 &rarr; <strong>1464</strong><br />(+18 for winning)
|l|☆3r34t45
|player|p1|
|l|☆kazeyo07
|player|p2|
