|j|☆Mr.X&Y97
|j|☆The Prime $uspect
|t:|1760401621
|gametype|singles
|player|p1|Mr.X&Y97|ingo|1599
|player|p2|The Prime $uspect|dragontamer|1591
|gen|9
|tier|[Gen 9] OU
|rated|
|rule|HP Percentage Mod: HP is shown in percentages
|rule|Endless Battle Clause: Forcing endless battles is banned
|rule|Species Clause: Limit one of each Pokémon
|rule|OHKO Clause: OHKO moves are banned
|rule|Evasion Items Clause: Evasion items are banned
|rule|Evasion Moves Clause: Evasion moves are banned
|rule|Evasion Abilities Clause: Evasion abilities are banned
|rule|Sleep Moves Clause: Sleep-inducing moves are banned
|clearpoke
|poke|p1|Indeedee, M|
|poke|p1|Armarouge, F|
|poke|p1|Hatterene, F|
|poke|p1|Polteageist|
|poke|p1|Hawlucha, F|
|poke|p1|Maushold|
|poke|p2|Chesnaught, F|
|poke|p2|Dragapult, F|
|poke|p2|Iron Crown|
|poke|p2|Tornadus-Therian, M|
|poke|p2|Great Tusk|
|poke|p2|Darkrai|
|teampreview
|inactive|Battle timer is ON: inactive players will automatically lose when time's up. (requested by Mr.X&Y97)
|
|t:|1760401645
|teamsize|p1|6
|teamsize|p2|6
|start
|switch|p1a: Indeedee|Indeedee, M|100/100
|switch|p2a: Dragapult|Dragapult, F|100/100
|-fieldstart|move: Psychic Terrain|[from] ability: Psychic Surge|[of] p1a: Indeedee
|turn|1
|
|t:|1760401654
|switch|p1a: Hatterene|Hatterene, F|100/100
|move|p2a: Dragapult|U-turn|p1a: Hatterene
|-damage|p1a: Hatterene|73/100
|-enditem|p1a: Hatterene|Eject Button
|
|t:|1760401662
|switch|p1a: Polteageist|Polteageist|100/100
|
|upkeep
|turn|2
|
|t:|1760401681
|switch|p2a: Tornadus|Tornadus-Therian, M|100/100
|move|p1a: Polteageist|Shell Smash|p1a: Polteageist
|-unboost|p1a: Polteageist|def|1
|-unboost|p1a: Polteageist|spd|1
|-boost|p1a: Polteageist|atk|2
|-boost|p1a: Polteageist|spa|2
|-boost|p1a: Polteageist|spe|2
|
|upkeep
|turn|3
|
|t:|1760401687
|move|p1a: Polteageist|Stored Power|p2a: Tornadus
|-damage|p2a: Tornadus|4/100
|move|p2a: Tornadus|Bleakwind Storm|p1a: Polteageist
|-damage|p1a: Polteageist|40/100
|
|upkeep
|turn|4
|j| JustBlissful
|
|t:|1760401695
|switch|p2a: Iron Crown|Iron Crown|100/100
|move|p1a: Polteageist|Shadow Ball|p2a: Iron Crown
|-supereffective|p2a: Iron Crown
|-crit|p2a: Iron Crown
|-damage|p2a: Iron Crown|0 fnt
|faint|p2a: Iron Crown
|-end|p2a: Iron Crown|Quark Drive|[silent]
|
|upkeep
|
|t:|1760401706
|switch|p2a: Chesnaught|Chesnaught, F|100/100
|turn|5
|
|t:|1760401709
|switch|p2a: Darkrai|Darkrai|100/100
|move|p1a: Polteageist|Stored Power|p2a: Darkrai
|-immune|p2a: Darkrai
|
|upkeep
|turn|6
|
|t:|1760401713
|switch|p2a: Dragapult|Dragapult, F|100/100
|-terastallize|p1a: Polteageist|Fighting
|move|p1a: Polteageist|Tera Blast|p2a: Dragapult|[anim] Tera Blast Fighting
|-immune|p2a: Dragapult
|
|upkeep
|turn|7
|
|t:|1760401718
|switch|p2a: Darkrai|Darkrai|100/100
|move|p1a: Polteageist|Shadow Ball|p2a: Darkrai
|-resisted|p2a: Darkrai
|-damage|p2a: Darkrai|42/100
|
|upkeep
|turn|8
|
|t:|1760401723
|switch|p2a: Chesnaught|Chesnaught, F|100/100
|move|p1a: Polteageist|Shadow Ball|p2a: Chesnaught
|-immune|p2a: Chesnaught|[from] ability: Bulletproof
|
|-fieldend|move: Psychic Terrain
|upkeep
|turn|9
|
|t:|1760401744
|move|p1a: Polteageist|Stored Power|p2a: Chesnaught
|-supereffective|p2a: Chesnaught
|-damage|p2a: Chesnaught|0 fnt
|faint|p2a: Chesnaught
|
|upkeep
|
|t:|1760401746
|switch|p2a: Dragapult|Dragapult, F|100/100
|turn|10
|
|t:|1760401749
|switch|p1a: Indeedee|Indeedee, M|100/100
|-fieldstart|move: Psychic Terrain|[from] ability: Psychic Surge|[of] p1a: Indeedee
|move|p2a: Dragapult|Sucker Punch||[still]
|-fail|p2a: Dragapult
|
|upkeep
|turn|11
|
|t:|1760401753
|switch|p2a: Darkrai|Darkrai|42/100
|switch|p1a: Armarouge|Armarouge, F|100/100
|
|upkeep
|turn|12
|
|t:|1760401764
|switch|p1a: Hatterene|Hatterene, F|73/100
|move|p2a: Darkrai|Dark Pulse|p1a: Hatterene
|-damage|p1a: Hatterene|31/100
|
|upkeep
|turn|13
|
|t:|1760401770
|move|p2a: Darkrai|Dark Pulse|p1a: Hatterene
|-damage|p1a: Hatterene|0 fnt
|faint|p1a: Hatterene
|
|upkeep
|
|t:|1760401771
|switch|p1a: Hawlucha|Hawlucha, F|100/100
|-enditem|p1a: Hawlucha|Psychic Seed
|-boost|p1a: Hawlucha|spd|1|[from] item: Psychic Seed
|turn|14
|
|t:|1760401773
|move|p1a: Hawlucha|Swords Dance|p1a: Hawlucha
|-boost|p1a: Hawlucha|atk|2
|move|p2a: Darkrai|Thunder Wave|p1a: Hawlucha
|-status|p1a: Hawlucha|par
|
|upkeep
|turn|15
|
|t:|1760401778
|move|p2a: Darkrai|Ice Beam|p1a: Hawlucha
|-supereffective|p1a: Hawlucha
|-damage|p1a: Hawlucha|37/100 par
|cant|p1a: Hawlucha|par
|
|upkeep
|turn|16
|
|t:|1760401781
|move|p2a: Darkrai|Ice Beam|p1a: Hawlucha
|-supereffective|p1a: Hawlucha
|-damage|p1a: Hawlucha|0 fnt
|faint|p1a: Hawlucha
|
|upkeep
|
|t:|1760401794
|switch|p1a: Maushold|Maushold|100/100
|turn|17
|
|t:|1760401797
|move|p2a: Darkrai|Thunder Wave|p1a: Maushold
|-status|p1a: Maushold|par
|move|p1a: Maushold|Low Kick|p2a: Darkrai
|-supereffective|p2a: Darkrai
|-damage|p2a: Darkrai|0 fnt
|faint|p2a: Darkrai
|
|-fieldend|move: Psychic Terrain
|upkeep
|
|t:|1760401803
|switch|p2a: Dragapult|Dragapult, F|100/100
|turn|18
|
|t:|1760401808
|move|p2a: Dragapult|Dragon Darts|p1a: Maushold
|-damage|p1a: Maushold|39/100 par
|-anim|p2a: Dragapult|Dragon Darts|p1a: Maushold
|-damage|p1a: Maushold|0 fnt
|faint|p1a: Maushold
|
|upkeep
|
|t:|1760401811
|switch|p1a: Indeedee|Indeedee, M|100/100
|-fieldstart|move: Psychic Terrain|[from] ability: Psychic Surge|[of] p1a: Indeedee
|turn|19
|inactive|Mr.X&Y97 has 120 seconds left.
|
|t:|1760401845
|switch|p2a: Great Tusk|Great Tusk|100/100
|switch|p1a: Armarouge|Armarouge, F|100/100
|
|upkeep
|turn|20
|
|t:|1760401851
|-end|p2a: Great Tusk|Protosynthesis|[silent]
|switch|p2a: Tornadus|Tornadus-Therian, M|37/100
|move|p1a: Armarouge|Endure||[still]
|-fail|p1a: Armarouge
|
|upkeep
|turn|21
|
|t:|1760401860
|move|p2a: Tornadus|Bleakwind Storm|p1a: Armarouge
|-damage|p1a: Armarouge|50/100
|move|p1a: Armarouge|Expanding Force|p2a: Tornadus
|-damage|p2a: Tornadus|0 fnt
|faint|p2a: Tornadus
|
|upkeep
|
|t:|1760401864
|switch|p2a: Great Tusk|Great Tusk|100/100
|turn|22
|
|t:|1760401866
|-end|p2a: Great Tusk|Protosynthesis|[silent]
|switch|p2a: Dragapult|Dragapult, F|100/100
|move|p1a: Armarouge|Endure||[still]
|-fail|p1a: Armarouge
|
|upkeep
|turn|23
|
|t:|1760401875
|move|p1a: Armarouge|Endure|p1a: Armarouge
|-singleturn|p1a: Armarouge|move: Endure
|move|p2a: Dragapult|Dragon Darts|p1a: Armarouge
|-damage|p1a: Armarouge|10/100
|-ability|p1a: Armarouge|Weak Armor|boost
|-unboost|p1a: Armarouge|def|1
|-boost|p1a: Armarouge|spe|2
|-anim|p2a: Dragapult|Dragon Darts|p1a: Armarouge
|-activate|p1a: Armarouge|move: Endure
|-damage|p1a: Armarouge|1/100
|-ability|p1a: Armarouge|Weak Armor|boost
|-unboost|p1a: Armarouge|def|1
|-boost|p1a: Armarouge|spe|2
|
|upkeep
|turn|24
|
|t:|1760401882
|move|p1a: Armarouge|Expanding Force|p2a: Dragapult
|-damage|p2a: Dragapult|0 fnt
|faint|p2a: Dragapult
|
|upkeep
|
|t:|1760401892
|switch|p2a: Great Tusk|Great Tusk|100/100
|turn|25
|l| JustBlissful
|
|t:|1760401899
|-terastallize|p2a: Great Tusk|Steel
|move|p1a: Armarouge|Endure|p1a: Armarouge
|-singleturn|p1a: Armarouge|move: Endure
|move|p2a: Great Tusk|Rapid Spin|p1a: Armarouge
|-activate|p1a: Armarouge|move: Endure
|-damage|p1a: Armarouge|1/100
|-boost|p2a: Great Tusk|spe|1
|-ability|p1a: Armarouge|Weak Armor|boost
|-unboost|p1a: Armarouge|def|1
|-boost|p1a: Armarouge|spe|2
|
|upkeep
|turn|26
|
|t:|1760401906
|move|p1a: Armarouge|Armor Cannon|p2a: Great Tusk
|-supereffective|p2a: Great Tusk
|-damage|p2a: Great Tusk|0 fnt
|-unboost|p1a: Armarouge|def|1
|-unboost|p1a: Armarouge|spd|1
|faint|p2a: Great Tusk
|-end|p2a: Great Tusk|Protosynthesis|[silent]
|
|win|Mr.X&Y97
|raw|Mr.X&amp;Y97's rating: 1599 &rarr; <strong>1619</strong><br />(+20 for winning)
|raw|The Prime $uspect's rating: 1591 &rarr; <strong>1571</strong><br />(-20 for losing)
