|badge|p1|bronze|gen9ou|100-7
|uhtml|medal-msg|<div class="broadcast-blue">Curious what those medals under the avatar are? PS now has Ladder Seasons! For more information, check out the <a href="https://www.smogon.com/forums/threads/3740067/">thread on Smogon.</a></div>
|badge|p2|silver|gen9ou|30-7
|uhtml|medal-msg|<div class="broadcast-blue">Curious what those medals under the avatar are? PS now has Ladder Seasons! For more information, check out the <a href="https://www.smogon.com/forums/threads/3740067/">thread on Smogon.</a></div>
|j|☆Johnny tots
|j|☆ouww miguel o hara
|t:|1760367607
|gametype|singles
|player|p1|Johnny tots|101|1829
|player|p2|ouww miguel o hara|giovanni|1981
|gen|9
|tier|[Gen 9] OU
|rated|
|rule|HP Percentage Mod: HP is shown in percentages
|rule|Endless Battle Clause: Forcing endless battles is banned
|rule|Species Clause: Limit one of each Pokémon
|rule|OHKO Clause: OHKO moves are banned
|rule|Evasion Items Clause: Evasion items are banned
|rule|Evasion Moves Clause: Evasion moves are banned
|rule|Evasion Abilities Clause: Evasion abilities are banned
|rule|Sleep Moves Clause: Sleep-inducing moves are banned
|clearpoke
|poke|p1|Rillaboom, M|
|poke|p1|Klefki, F|
|poke|p1|Manaphy|
|poke|p1|Ogerpon-Wellspring, F|
|poke|p1|Maushold-Four|
|poke|p1|Clefable, M|
|poke|p2|Zamazenta-*|
|poke|p2|Iron Moth|
|poke|p2|Gliscor, F|
|poke|p2|Clefable, F|
|poke|p2|Blissey, F|
|poke|p2|Dragapult, M|
|teampreview
|j| tiramisusu
|l| tiramisusu
|inactive|Battle timer is ON: inactive players will automatically lose when time's up. (requested by Johnny tots)
|
|t:|1760367619
|teamsize|p1|6
|teamsize|p2|6
|start
|switch|p1a: Klefki|Klefki, F|100/100
|switch|p2a: Gliscor|Gliscor, F|100/100
|turn|1
|
|t:|1760367629
|move|p1a: Klefki|Reflect|p1a: Klefki
|-sidestart|p1: Johnny tots|Reflect
|move|p2a: Gliscor|Knock Off|p1a: Klefki
|-resisted|p1a: Klefki
|-damage|p1a: Klefki|96/100
|-enditem|p1a: Klefki|Light Clay|[from] move: Knock Off|[of] p2a: Gliscor
|
|-status|p2a: Gliscor|tox|[from] item: Toxic Orb
|upkeep
|turn|2
|
|t:|1760367637
|switch|p2a: Blissey|Blissey, F|100/100
|move|p1a: Klefki|Light Screen|p1a: Klefki
|-sidestart|p1: Johnny tots|move: Light Screen
|
|upkeep
|turn|3
|
|t:|1760367645
|switch|p1a: Maushold|Maushold-Four|100/100
|move|p2a: Blissey|Thunder Wave|p1a: Maushold
|-status|p1a: Maushold|par
|
|upkeep
|turn|4
|c|☆Johnny tots|No way
|
|t:|1760367655
|switch|p2a: Zamazenta|Zamazenta|100/100
|-ability|p2a: Zamazenta|Dauntless Shield|boost
|-boost|p2a: Zamazenta|def|1
|move|p1a: Maushold|Population Bomb|p2a: Zamazenta
|-damage|p2a: Zamazenta|95/100
|-damage|p2a: Zamazenta|90/100
|-damage|p2a: Zamazenta|83/100
|-damage|p2a: Zamazenta|77/100
|-damage|p2a: Zamazenta|72/100
|-damage|p2a: Zamazenta|67/100
|-damage|p2a: Zamazenta|61/100
|-crit|p2a: Zamazenta
|-damage|p2a: Zamazenta|48/100
|-damage|p2a: Zamazenta|42/100
|-damage|p2a: Zamazenta|37/100
|-hitcount|p2a: Zamazenta|10
|
|-heal|p2a: Zamazenta|43/100|[from] item: Leftovers
|upkeep
|turn|5
|j| shyahngyoo
|
|t:|1760367668
|move|p2a: Zamazenta|Body Press|p1a: Maushold
|-supereffective|p1a: Maushold
|-damage|p1a: Maushold|4/100 par
|move|p1a: Maushold|Population Bomb|p2a: Zamazenta
|-damage|p2a: Zamazenta|37/100
|-damage|p2a: Zamazenta|31/100
|-damage|p2a: Zamazenta|26/100
|-damage|p2a: Zamazenta|20/100
|-damage|p2a: Zamazenta|14/100
|-hitcount|p2a: Zamazenta|5
|
|-heal|p2a: Zamazenta|20/100|[from] item: Leftovers
|upkeep
|turn|6
|c|☆ouww miguel o hara|no way
|j| deadbyflinch
|c|☆ouww miguel o hara|no lense
|
|t:|1760367689
|switch|p1a: Rillaboom|Rillaboom, M|100/100
|-fieldstart|move: Grassy Terrain|[from] ability: Grassy Surge|[of] p1a: Rillaboom
|move|p2a: Zamazenta|Crunch|p1a: Rillaboom
|-damage|p1a: Rillaboom|89/100
|
|-heal|p2a: Zamazenta|26/100|[from] Grassy Terrain
|-heal|p2a: Zamazenta|32/100|[from] item: Leftovers
|-heal|p1a: Rillaboom|95/100|[from] Grassy Terrain
|-sideend|p1: Johnny tots|move: Light Screen
|upkeep
|turn|7
|c|☆Johnny tots|I am
|
|t:|1760367708
|switch|p1a: Maushold|Maushold-Four|4/100 par
|move|p2a: Zamazenta|Iron Defense|p2a: Zamazenta
|-boost|p2a: Zamazenta|def|2
|
|-heal|p2a: Zamazenta|38/100|[from] Grassy Terrain
|-heal|p2a: Zamazenta|44/100|[from] item: Leftovers
|-heal|p1a: Maushold|10/100 par|[from] Grassy Terrain
|upkeep
|turn|8
|c|☆ouww miguel o hara|oh
|c|☆ouww miguel o hara|unlucky
|
|t:|1760367727
|move|p2a: Zamazenta|Body Press|p1a: Maushold
|-supereffective|p1a: Maushold
|-damage|p1a: Maushold|0 fnt
|faint|p1a: Maushold
|
|-heal|p2a: Zamazenta|50/100|[from] Grassy Terrain
|-heal|p2a: Zamazenta|57/100|[from] item: Leftovers
|-sideend|p1: Johnny tots|Reflect
|upkeep
|
|t:|1760367729
|switch|p1a: Klefki|Klefki, F|96/100
|turn|9
|
|t:|1760367736
|move|p1a: Klefki|Reflect|p1a: Klefki
|-sidestart|p1: Johnny tots|Reflect
|move|p2a: Zamazenta|Body Press|p1a: Klefki
|-damage|p1a: Klefki|51/100
|
|-heal|p2a: Zamazenta|63/100|[from] Grassy Terrain
|-heal|p2a: Zamazenta|69/100|[from] item: Leftovers
|-heal|p1a: Klefki|57/100|[from] Grassy Terrain
|upkeep
|turn|10
|
|t:|1760367740
|move|p1a: Klefki|Thunder Wave|p2a: Zamazenta
|-status|p2a: Zamazenta|par
|move|p2a: Zamazenta|Body Press|p1a: Klefki
|-damage|p1a: Klefki|13/100
|
|-heal|p1a: Klefki|19/100|[from] Grassy Terrain
|-heal|p2a: Zamazenta|75/100 par|[from] Grassy Terrain
|-heal|p2a: Zamazenta|81/100 par|[from] item: Leftovers
|upkeep
|turn|11
|
|t:|1760367743
|switch|p1a: Clefable|Clefable, M|100/100
|cant|p2a: Zamazenta|par
|
|-heal|p2a: Zamazenta|87/100 par|[from] Grassy Terrain
|-heal|p2a: Zamazenta|93/100 par|[from] item: Leftovers
|upkeep
|turn|12
|
|t:|1760367747
|move|p2a: Zamazenta|Iron Defense|p2a: Zamazenta
|-boost|p2a: Zamazenta|def|2
|move|p1a: Clefable|Calm Mind|p1a: Clefable
|-boost|p1a: Clefable|spa|1
|-boost|p1a: Clefable|spd|1
|
|-heal|p2a: Zamazenta|99/100 par|[from] Grassy Terrain
|-heal|p2a: Zamazenta|100/100 par|[from] item: Leftovers
|upkeep
|turn|13
|
|t:|1760367751
|switch|p2a: Blissey|Blissey, F|100/100
|move|p1a: Clefable|Moonblast|p2a: Blissey
|-damage|p2a: Blissey|78/100
|
|-heal|p2a: Blissey|84/100|[from] Grassy Terrain
|-sideend|p1: Johnny tots|Reflect
|-fieldend|move: Grassy Terrain
|upkeep
|turn|14
|
|t:|1760367756
|move|p1a: Clefable|Calm Mind|p1a: Clefable
|-boost|p1a: Clefable|spa|1
|-boost|p1a: Clefable|spd|1
|move|p2a: Blissey|Thunder Wave|p1a: Clefable
|-status|p1a: Clefable|par
|
|upkeep
|turn|15
|
|t:|1760367759
|switch|p2a: Gliscor|Gliscor, F|100/100 tox
|move|p1a: Clefable|Calm Mind|p1a: Clefable
|-boost|p1a: Clefable|spa|1
|-boost|p1a: Clefable|spd|1
|
|upkeep
|turn|16
|
|t:|1760367761
|move|p2a: Gliscor|Knock Off|p1a: Clefable
|-resisted|p1a: Clefable
|-damage|p1a: Clefable|90/100 par
|-enditem|p1a: Clefable|Leftovers|[from] move: Knock Off|[of] p2a: Gliscor
|cant|p1a: Clefable|par
|
|upkeep
|turn|17
|
|t:|1760367770
|switch|p2a: Blissey|Blissey, F|84/100
|move|p1a: Clefable|Moonblast|p2a: Blissey
|-damage|p2a: Blissey|49/100
|-unboost|p2a: Blissey|spa|1
|
|upkeep
|turn|18
|
|t:|1760367777
|move|p2a: Blissey|Stealth Rock|p1a: Clefable
|-sidestart|p1: Johnny tots|move: Stealth Rock
|cant|p1a: Clefable|par
|
|upkeep
|turn|19
|
|t:|1760367781
|move|p2a: Blissey|Soft-Boiled|p2a: Blissey
|-heal|p2a: Blissey|99/100
|cant|p1a: Clefable|par
|
|upkeep
|turn|20
|
|t:|1760367784
|switch|p2a: Clefable|Clefable, F|100/100
|move|p1a: Clefable|Calm Mind|p1a: Clefable
|-boost|p1a: Clefable|spa|1
|-boost|p1a: Clefable|spd|1
|
|upkeep
|turn|21
|l| shyahngyoo
|
|t:|1760367788
|move|p2a: Clefable|Moonblast|p1a: Clefable
|-damage|p1a: Clefable|62/100 par
|move|p1a: Clefable|Moonblast|p2a: Clefable
|-damage|p2a: Clefable|62/100
|-unboost|p2a: Clefable|spa|1
|
|upkeep
|turn|22
|
|t:|1760367793
|move|p2a: Clefable|Cosmic Power|p2a: Clefable
|-boost|p2a: Clefable|def|1
|-boost|p2a: Clefable|spd|1
|move|p1a: Clefable|Moonblast|p2a: Clefable
|-damage|p2a: Clefable|37/100
|
|upkeep
|turn|23
|
|t:|1760367796
|switch|p1a: Klefki|Klefki, F|19/100
|-damage|p1a: Klefki|13/100|[from] Stealth Rock
|move|p2a: Clefable|Moonlight|p2a: Clefable
|-heal|p2a: Clefable|87/100
|
|upkeep
|turn|24
|
|t:|1760367803
|switch|p2a: Zamazenta|Zamazenta|100/100 par
|move|p1a: Klefki|Thunder Wave|p2a: Zamazenta
|-fail|p2a: Zamazenta|par
|
|upkeep
|turn|25
|
|t:|1760367807
|move|p1a: Klefki|Reflect|p1a: Klefki
|-sidestart|p1: Johnny tots|Reflect
|move|p2a: Zamazenta|Iron Defense|p2a: Zamazenta
|-boost|p2a: Zamazenta|def|2
|
|upkeep
|turn|26
|
|t:|1760367815
|switch|p1a: Manaphy|Manaphy|100/100
|-damage|p1a: Manaphy|88/100|[from] Stealth Rock
|move|p2a: Zamazenta|Body Press|p1a: Manaphy
|-damage|p1a: Manaphy|50/100
|
|-heal|p1a: Manaphy|57/100|[from] item: Leftovers
|upkeep
|turn|27
|
|t:|1760367827
|move|p1a: Manaphy|Take Heart|p1a: Manaphy
|-boost|p1a: Manaphy|spa|1
|-boost|p1a: Manaphy|spd|1
|move|p2a: Zamazenta|Body Press|p1a: Manaphy
|-damage|p1a: Manaphy|21/100
|
|-heal|p1a: Manaphy|27/100|[from] item: Leftovers
|upkeep
|turn|28
|
|t:|1760367837
|move|p1a: Manaphy|Acid Armor|p1a: Manaphy
|-boost|p1a: Manaphy|def|2
|move|p2a: Zamazenta|Body Press|p1a: Manaphy
|-damage|p1a: Manaphy|8/100
|
|-heal|p1a: Manaphy|14/100|[from] item: Leftovers
|upkeep
|turn|29
|
|t:|1760367857
|move|p1a: Manaphy|Acid Armor|p1a: Manaphy
|-boost|p1a: Manaphy|def|2
|move|p2a: Zamazenta|Body Press|p1a: Manaphy
|-damage|p1a: Manaphy|1/100
|
|-heal|p1a: Manaphy|7/100|[from] item: Leftovers
|-sideend|p1: Johnny tots|Reflect
|upkeep
|turn|30
|
|t:|1760367864
|move|p1a: Manaphy|Stored Power|p2a: Zamazenta
|-supereffective|p2a: Zamazenta
|-damage|p2a: Zamazenta|0 fnt
|faint|p2a: Zamazenta
|
|-heal|p1a: Manaphy|13/100|[from] item: Leftovers
|upkeep
|
|t:|1760367867
|switch|p2a: Dragapult|Dragapult, M|100/100
|turn|31
|
|t:|1760367870
|move|p2a: Dragapult|Dragon Darts|p1a: Manaphy
|-damage|p1a: Manaphy|7/100
|-anim|p2a: Dragapult|Dragon Darts|p1a: Manaphy
|-damage|p1a: Manaphy|0 fnt
|faint|p1a: Manaphy
|
|upkeep
|
|t:|1760367874
|switch|p1a: Rillaboom|Rillaboom, M|95/100
|-damage|p1a: Rillaboom|83/100|[from] Stealth Rock
|-fieldstart|move: Grassy Terrain|[from] ability: Grassy Surge|[of] p1a: Rillaboom
|turn|32
|
|t:|1760367881
|switch|p2a: Iron Moth|Iron Moth|100/100
|switch|p1a: Klefki|Klefki, F|13/100
|-damage|p1a: Klefki|7/100|[from] Stealth Rock
|
|-heal|p1a: Klefki|13/100|[from] Grassy Terrain
|upkeep
|turn|33
|
|t:|1760367890
|-end|p2a: Iron Moth|Quark Drive|[silent]
|switch|p2a: Gliscor|Gliscor, F|100/100 tox
|move|p1a: Klefki|Spikes|p2a: Gliscor
|-sidestart|p2: ouww miguel o hara|Spikes
|
|-heal|p1a: Klefki|19/100|[from] Grassy Terrain
|upkeep
|turn|34
|
|t:|1760367899
|move|p1a: Klefki|Reflect|p1a: Klefki
|-sidestart|p1: Johnny tots|Reflect
|move|p2a: Gliscor|Knock Off|p1a: Klefki
|-resisted|p1a: Klefki
|-damage|p1a: Klefki|16/100
|
|-heal|p1a: Klefki|22/100|[from] Grassy Terrain
|upkeep
|turn|35
|
|t:|1760367906
|switch|p1a: Clefable|Clefable, M|62/100 par
|move|p2a: Gliscor|Toxic||[still]
|-fail|p2a: Gliscor
|
|-heal|p1a: Clefable|68/100 par|[from] Grassy Terrain
|upkeep
|turn|36
|
|t:|1760367909
|switch|p2a: Iron Moth|Iron Moth|100/100
|switch|p1a: Ogerpon|Ogerpon-Wellspring, F|100/100
|-damage|p1a: Ogerpon|88/100|[from] Stealth Rock
|
|-heal|p1a: Ogerpon|94/100|[from] Grassy Terrain
|upkeep
|turn|37
|inactive|ouww miguel o hara has 120 seconds left.
|
|t:|1760367942
|move|p1a: Ogerpon|Ivy Cudgel|p2a: Iron Moth|[anim] Ivy Cudgel Water
|-supereffective|p2a: Iron Moth
|-damage|p2a: Iron Moth|0 fnt
|faint|p2a: Iron Moth
|-end|p2a: Iron Moth|Quark Drive|[silent]
|
|-heal|p1a: Ogerpon|99/100|[from] Grassy Terrain
|upkeep
|
|t:|1760367944
|switch|p2a: Dragapult|Dragapult, M|100/100
|turn|38
|
|t:|1760367950
|switch|p1a: Clefable|Clefable, M|68/100 par
|move|p2a: Dragapult|Hex|p1a: Clefable
|-damage|p1a: Clefable|15/100 par
|
|-heal|p1a: Clefable|21/100 par|[from] Grassy Terrain
|-sideend|p1: Johnny tots|Reflect
|upkeep
|turn|39
|
|t:|1760367955
|move|p2a: Dragapult|Hex|p1a: Clefable
|-damage|p1a: Clefable|0 fnt
|faint|p1a: Clefable
|
|-fieldend|move: Grassy Terrain
|upkeep
|
|t:|1760367957
|switch|p1a: Klefki|Klefki, F|22/100
|-damage|p1a: Klefki|16/100|[from] Stealth Rock
|turn|40
|
|t:|1760367960
|switch|p2a: Gliscor|Gliscor, F|100/100 tox
|switch|p1a: Rillaboom|Rillaboom, M|83/100
|-damage|p1a: Rillaboom|71/100|[from] Stealth Rock
|-fieldstart|move: Grassy Terrain|[from] ability: Grassy Surge|[of] p1a: Rillaboom
|
|-heal|p1a: Rillaboom|77/100|[from] Grassy Terrain
|upkeep
|turn|41
|
|t:|1760367965
|move|p1a: Rillaboom|Bulk Up|p1a: Rillaboom
|-boost|p1a: Rillaboom|atk|1
|-boost|p1a: Rillaboom|def|1
|move|p2a: Gliscor|Toxic|p1a: Rillaboom
|-status|p1a: Rillaboom|tox
|
|-heal|p1a: Rillaboom|83/100 tox|[from] Grassy Terrain
|-damage|p1a: Rillaboom|77/100 tox|[from] psn
|upkeep
|turn|42
|
|t:|1760367975
|move|p1a: Rillaboom|Bulk Up|p1a: Rillaboom
|-boost|p1a: Rillaboom|atk|1
|-boost|p1a: Rillaboom|def|1
|move|p2a: Gliscor|Knock Off|p1a: Rillaboom
|-damage|p1a: Rillaboom|65/100 tox
|-enditem|p1a: Rillaboom|Terrain Extender|[from] move: Knock Off|[of] p2a: Gliscor
|
|-heal|p1a: Rillaboom|71/100 tox|[from] Grassy Terrain
|-damage|p1a: Rillaboom|59/100 tox|[from] psn
|upkeep
|turn|43
|
|t:|1760367979
|move|p2a: Gliscor|Protect|p2a: Gliscor
|-singleturn|p2a: Gliscor|Protect
|move|p1a: Rillaboom|Grassy Glide|p2a: Gliscor
|-activate|p2a: Gliscor|move: Protect
|
|-heal|p1a: Rillaboom|65/100 tox|[from] Grassy Terrain
|-damage|p1a: Rillaboom|47/100 tox|[from] psn
|upkeep
|turn|44
|
|t:|1760367983
|switch|p2a: Blissey|Blissey, F|99/100
|move|p1a: Rillaboom|Grassy Glide|p2a: Blissey
|-damage|p2a: Blissey|31/100
|
|-heal|p1a: Rillaboom|53/100 tox|[from] Grassy Terrain
|-heal|p2a: Blissey|38/100|[from] Grassy Terrain
|-damage|p1a: Rillaboom|28/100 tox|[from] psn
|upkeep
|turn|45
|
|t:|1760367986
|move|p1a: Rillaboom|Grassy Glide|p2a: Blissey
|-damage|p2a: Blissey|0 fnt
|faint|p2a: Blissey
|
|-heal|p1a: Rillaboom|34/100 tox|[from] Grassy Terrain
|-damage|p1a: Rillaboom|3/100 tox|[from] psn
|upkeep
|j| gronwar
|
|t:|1760367990
|switch|p2a: Gliscor|Gliscor, F|100/100 tox
|turn|46
|
|t:|1760367993
|switch|p1a: Ogerpon|Ogerpon-Wellspring, F|99/100
|-damage|p1a: Ogerpon|88/100|[from] Stealth Rock
|move|p2a: Gliscor|Protect||[still]
|-fail|p2a: Gliscor
|
|-heal|p1a: Ogerpon|94/100|[from] Grassy Terrain
|upkeep
|turn|47
|
|t:|1760368005
|-terastallize|p1a: Ogerpon|Water
|detailschange|p1a: Ogerpon|Ogerpon-Wellspring-Tera, F, tera:Water
|-ability|p1a: Ogerpon|Embody Aspect (Wellspring)|boost
|-boost|p1a: Ogerpon|spd|1
|move|p1a: Ogerpon|Ivy Cudgel|p2a: Gliscor|[anim] Ivy Cudgel Water
|-supereffective|p2a: Gliscor
|-damage|p2a: Gliscor|0 fnt
|faint|p2a: Gliscor
|
|-heal|p1a: Ogerpon|99/100|[from] Grassy Terrain
|-fieldend|move: Grassy Terrain
|upkeep
|
|t:|1760368008
|switch|p2a: Dragapult|Dragapult, M|100/100
|turn|48
|
|t:|1760368014
|switch|p1a: Rillaboom|Rillaboom, M|3/100 tox
|-damage|p1a: Rillaboom|0 fnt|[from] Stealth Rock
|faint|p1a: Rillaboom
|move|p2a: Dragapult|Will-O-Wisp|p1: Rillaboom|[notarget]
|-fail|p2a: Dragapult
|
|upkeep
|
|t:|1760368016
|switch|p1a: Klefki|Klefki, F|16/100
|-damage|p1a: Klefki|10/100|[from] Stealth Rock
|turn|49
|
|t:|1760368019
|switch|p2a: Clefable|Clefable, F|87/100
|move|p1a: Klefki|Thunder Wave|p2a: Clefable
|-status|p2a: Clefable|par
|
|upkeep
|turn|50
|
|t:|1760368033
|switch|p1a: Ogerpon|Ogerpon-Wellspring-Tera, F, tera:Water|99/100
|-damage|p1a: Ogerpon|88/100|[from] Stealth Rock
|-ability|p1a: Ogerpon|Embody Aspect (Wellspring)|boost
|-boost|p1a: Ogerpon|spd|1
|cant|p2a: Clefable|par
|
|upkeep
|turn|51
|
|t:|1760368037
|move|p1a: Ogerpon|Ivy Cudgel|p2a: Clefable|[anim] Ivy Cudgel Water
|-damage|p2a: Clefable|25/100 par
|move|p2a: Clefable|Moonblast|p1a: Ogerpon
|-damage|p1a: Ogerpon|51/100
|
|upkeep
|turn|52
|
|t:|1760368040
|move|p1a: Ogerpon|Ivy Cudgel|p2a: Clefable|[anim] Ivy Cudgel Water
|-damage|p2a: Clefable|0 fnt
|faint|p2a: Clefable
|
|upkeep
|
|t:|1760368044
|switch|p2a: Dragapult|Dragapult, M|100/100
|turn|53
|c|☆Johnny tots|Gg
|c|☆ouww miguel o hara|gg
|c|☆Johnny tots|Unless
|c|☆Johnny tots|real
|inactive|ouww miguel o hara has 120 seconds left.
|
|t:|1760368077
|switch|p1a: Klefki|Klefki, F|10/100
|-damage|p1a: Klefki|4/100|[from] Stealth Rock
|move|p2a: Dragapult|Substitute|p2a: Dragapult
|-start|p2a: Dragapult|Substitute
|-damage|p2a: Dragapult|76/100
|
|upkeep
|turn|54
|
|t:|1760368091
|move|p1a: Klefki|Reflect|p1a: Klefki
|-sidestart|p1: Johnny tots|Reflect
|move|p2a: Dragapult|Hex|p1a: Klefki
|-damage|p1a: Klefki|0 fnt
|faint|p1a: Klefki
|
|upkeep
|
|t:|1760368093
|switch|p1a: Ogerpon|Ogerpon-Wellspring-Tera, F, tera:Water|51/100
|-damage|p1a: Ogerpon|38/100|[from] Stealth Rock
|-ability|p1a: Ogerpon|Embody Aspect (Wellspring)|boost
|-boost|p1a: Ogerpon|spd|1
|turn|55
|
|t:|1760368108
|move|p2a: Dragapult|Hex|p1a: Ogerpon
|-damage|p1a: Ogerpon|16/100
|move|p1a: Ogerpon|Play Rough|p2a: Dragapult
|-supereffective|p2a: Dragapult
|-end|p2a: Dragapult|Substitute
|
|upkeep
|turn|56
|
|t:|1760368117
|move|p2a: Dragapult|Dragon Darts|p1a: Ogerpon
|-damage|p1a: Ogerpon|0 fnt
|faint|p1a: Ogerpon
|detailschange|p1: Ogerpon|Ogerpon-Wellspring, F|[silent]
|
|win|ouww miguel o hara
|raw|Johnny tots's rating: 1829 &rarr; <strong>1817</strong><br />(-12 for losing)
|raw|ouww miguel o hara's rating: 1981 &rarr; <strong>1993</strong><br />(+12 for winning)
|l|☆Johnny tots
|player|p1|
|l|☆ouww miguel o hara
|player|p2|
