|j|☆ronji
|j|☆NutGuy420
|t:|1760334264
|gametype|singles
|player|p1|ronji|norman|1090
|player|p2|NutGuy420|265|1121
|gen|9
|tier|[Gen 9] OU
|rated|
|rule|HP Percentage Mod: HP is shown in percentages
|rule|Endless Battle Clause: Forcing endless battles is banned
|rule|Species Clause: Limit one of each Pokémon
|rule|OHKO Clause: OHKO moves are banned
|rule|Evasion Items Clause: Evasion items are banned
|rule|Evasion Moves Clause: Evasion moves are banned
|rule|Evasion Abilities Clause: Evasion abilities are banned
|rule|Sleep Moves Clause: Sleep-inducing moves are banned
|clearpoke
|poke|p1|Gliscor, M|
|poke|p1|Toxapex, M|
|poke|p1|Blissey, F|
|poke|p1|Samurott-Hisui, M|
|poke|p1|Diancie|
|poke|p1|Hatterene, F|
|poke|p2|Toxapex, F|
|poke|p2|Arboliva, F|
|poke|p2|Skarmory, F|
|poke|p2|Blissey, F|
|poke|p2|Slowking-Galar, F|
|poke|p2|Clodsire, F|
|teampreview
|c|☆ronji|Glhf
|inactive|Battle timer is ON: inactive players will automatically lose when time's up. (requested by ronji)
|
|t:|1760334352
|teamsize|p1|6
|teamsize|p2|6
|start
|switch|p1a: Diancie|Diancie|100/100
|switch|p2a: Blissey|Blissey, F|100/100
|turn|1
|
|t:|1760334361
|switch|p2a: Skarmory|Skarmory, F|100/100
|move|p1a: Diancie|Substitute|p1a: Diancie
|-start|p1a: Diancie|Substitute
|-damage|p1a: Diancie|76/100
|
|-heal|p1a: Diancie|82/100|[from] item: Leftovers
|upkeep
|turn|2
|
|t:|1760334378
|move|p1a: Diancie|Protect|p1a: Diancie
|-singleturn|p1a: Diancie|Protect
|move|p2a: Skarmory|Whirlwind|p1a: Diancie
|drag|p1a: Hatterene|Hatterene, F|100/100
|
|upkeep
|turn|3
|
|t:|1760334391
|move|p2a: Skarmory|Iron Head|p1a: Hatterene
|-supereffective|p1a: Hatterene
|-damage|p1a: Hatterene|46/100
|cant|p1a: Hatterene|flinch
|
|-heal|p1a: Hatterene|52/100|[from] item: Leftovers
|upkeep
|turn|4
|
|t:|1760334408
|switch|p1a: Samurott|Samurott-Hisui, M|100/100
|move|p2a: Skarmory|Iron Head|p1a: Samurott
|-resisted|p1a: Samurott
|-damage|p1a: Samurott|86/100
|
|upkeep
|turn|5
|
|t:|1760334418
|move|p1a: Samurott|Ceaseless Edge|p2a: Skarmory
|-damage|p2a: Skarmory|72/100
|-damage|p1a: Samurott|70/100|[from] item: Rocky Helmet|[of] p2a: Skarmory
|-sidestart|p2: NutGuy420|Spikes
|move|p2a: Skarmory|Spikes|p1a: Samurott
|-sidestart|p1: ronji|Spikes
|
|upkeep
|turn|6
|
|t:|1760334429
|switch|p1a: Toxapex|Toxapex, M|100/100
|-damage|p1a: Toxapex|88/100|[from] Spikes
|move|p2a: Skarmory|Spikes|p1a: Toxapex
|-sidestart|p1: ronji|Spikes
|
|-heal|p1a: Toxapex|94/100|[from] item: Black Sludge
|upkeep
|turn|7
|
|t:|1760334440
|move|p2a: Skarmory|Spikes|p1a: Toxapex
|-sidestart|p1: ronji|Spikes
|move|p1a: Toxapex|Toxic Spikes|p2a: Skarmory
|-sidestart|p2: NutGuy420|move: Toxic Spikes
|
|-heal|p1a: Toxapex|100/100|[from] item: Black Sludge
|upkeep
|turn|8
|
|t:|1760334447
|move|p1a: Toxapex|Baneful Bunker|p1a: Toxapex
|-singleturn|p1a: Toxapex|move: Protect
|move|p2a: Skarmory|Whirlwind|p1a: Toxapex
|drag|p1a: Samurott|Samurott-Hisui, M|70/100
|-damage|p1a: Samurott|45/100|[from] Spikes
|
|upkeep
|turn|9
|
|t:|1760334456
|move|p1a: Samurott|Razor Shell|p2a: Skarmory
|-damage|p2a: Skarmory|41/100
|-damage|p1a: Samurott|28/100|[from] item: Rocky Helmet|[of] p2a: Skarmory
|move|p2a: Skarmory|Whirlwind|p1a: Samurott
|drag|p1a: Gliscor|Gliscor, M|100/100
|
|upkeep
|turn|10
|
|t:|1760334473
|move|p1a: Gliscor|Knock Off|p2a: Skarmory
|-damage|p2a: Skarmory|25/100
|-damage|p1a: Gliscor|84/100|[from] item: Rocky Helmet|[of] p2a: Skarmory
|-enditem|p2a: Skarmory|Rocky Helmet|[from] move: Knock Off|[of] p1a: Gliscor
|move|p2a: Skarmory|Roost|p2a: Skarmory
|-heal|p2a: Skarmory|75/100
|-singleturn|p2a: Skarmory|move: Roost
|
|upkeep
|turn|11
|
|t:|1760334500
|move|p1a: Gliscor|High Horsepower|p2a: Skarmory
|-immune|p2a: Skarmory
|move|p2a: Skarmory|Iron Head|p1a: Gliscor
|-damage|p1a: Gliscor|62/100
|
|upkeep
|turn|12
|
|t:|1760334516
|move|p1a: Gliscor|Crabhammer|p2a: Skarmory
|-damage|p2a: Skarmory|57/100
|move|p2a: Skarmory|Whirlwind|p1a: Gliscor
|drag|p1a: Hatterene|Hatterene, F|52/100
|-damage|p1a: Hatterene|27/100|[from] Spikes
|
|-heal|p1a: Hatterene|33/100|[from] item: Leftovers
|upkeep
|turn|13
|
|t:|1760334527
|move|p2a: Skarmory|Iron Head|p1a: Hatterene
|-supereffective|p1a: Hatterene
|-damage|p1a: Hatterene|0 fnt
|faint|p1a: Hatterene
|
|upkeep
|
|t:|1760334535
|switch|p1a: Gliscor|Gliscor, M|62/100
|turn|14
|
|t:|1760334542
|move|p1a: Gliscor|High Horsepower|p2a: Skarmory
|-immune|p2a: Skarmory
|move|p2a: Skarmory|Roost|p2a: Skarmory
|-heal|p2a: Skarmory|100/100
|-singleturn|p2a: Skarmory|move: Roost
|
|upkeep
|turn|15
|
|t:|1760334554
|move|p1a: Gliscor|Dual Wingbeat|p2a: Skarmory
|-resisted|p2a: Skarmory
|-damage|p2a: Skarmory|95/100
|-resisted|p2a: Skarmory
|-damage|p2a: Skarmory|90/100
|-hitcount|p2a: Skarmory|2
|move|p2a: Skarmory|Whirlwind|p1a: Gliscor
|drag|p1a: Toxapex|Toxapex, M|100/100
|-damage|p1a: Toxapex|75/100|[from] Spikes
|
|-heal|p1a: Toxapex|82/100|[from] item: Black Sludge
|upkeep
|turn|16
|inactive|NutGuy420 has 120 seconds left.
|inactive|NutGuy420 has 90 seconds left.
|-message|ronji forfeited.
|
|win|NutGuy420
|raw|ronji's rating: 1090 &rarr; <strong>1069</strong><br />(-21 for losing)
|raw|NutGuy420's rating: 1121 &rarr; <strong>1144</strong><br />(+23 for winning)
|l|☆ronji
|player|p1|
|l|☆NutGuy420
|player|p2|
