|j|☆lllongtoudishu
|j|☆rinaa08
|t:|1760367330
|gametype|singles
|player|p1|lllongtoudishu|roxie|1104
|player|p2|rinaa08|102|1065
|gen|9
|tier|[Gen 9] OU
|rated|
|rule|HP Percentage Mod: HP is shown in percentages
|rule|Endless Battle Clause: Forcing endless battles is banned
|rule|Species Clause: Limit one of each Pokémon
|rule|OHKO Clause: OHKO moves are banned
|rule|Evasion Items Clause: Evasion items are banned
|rule|Evasion Moves Clause: Evasion moves are banned
|rule|Evasion Abilities Clause: Evasion abilities are banned
|rule|Sleep Moves Clause: Sleep-inducing moves are banned
|clearpoke
|poke|p1|Araquanid, M|
|poke|p1|Gholdengo|
|poke|p1|Iron Treads|
|poke|p1|Raging Bolt|
|poke|p1|Iron Valiant|
|poke|p1|Dragonite, F|
|poke|p2|Ceruledge, M|
|poke|p2|Azumarill, M|
|poke|p2|Gholdengo|
|poke|p2|Skeledirge, F|
|poke|p2|Toxapex, M|
|poke|p2|Whimsicott, F|
|teampreview
|
|t:|1760367350
|teamsize|p1|6
|teamsize|p2|6
|start
|switch|p1a: Araquanid|Araquanid, M|100/100
|switch|p2a: Whimsicott|Whimsicott, F|100/100
|turn|1
|
|t:|1760367361
|move|p2a: Whimsicott|Switcheroo|p1a: Araquanid
|-activate|p2a: Whimsicott|move: Trick|[of] p1a: Araquanid
|-item|p1a: Araquanid|Black Sludge|[from] move: Switcheroo
|-item|p2a: Whimsicott|Custap Berry|[from] move: Switcheroo
|move|p1a: Araquanid|Sticky Web|p2a: Whimsicott
|-sidestart|p2: rinaa08|move: Sticky Web
|
|-damage|p1a: Araquanid|88/100|[from] item: Black Sludge
|upkeep
|turn|2
|
|t:|1760367381
|switch|p1a: Gholdengo|Gholdengo|100/100
|-item|p1a: Gholdengo|Air Balloon
|move|p2a: Whimsicott|Encore|p1a: Gholdengo
|-immune|p1a: Gholdengo|[from] ability: Good as Gold
|
|upkeep
|turn|3
|
|t:|1760367389
|move|p2a: Whimsicott|Leech Seed|p1a: Gholdengo
|-immune|p1a: Gholdengo|[from] ability: Good as Gold
|move|p1a: Gholdengo|Nasty Plot|p1a: Gholdengo
|-boost|p1a: Gholdengo|spa|2
|
|upkeep
|turn|4
|
|t:|1760367398
|move|p2a: Whimsicott|Tailwind|p2a: Whimsicott
|-sidestart|p2: rinaa08|move: Tailwind
|move|p1a: Gholdengo|Nasty Plot|p1a: Gholdengo
|-boost|p1a: Gholdengo|spa|2
|
|upkeep
|turn|5
|
|t:|1760367409
|switch|p2a: Azumarill|Azumarill, M|100/100
|move|p1a: Gholdengo|Shadow Ball|p2a: Azumarill
|-damage|p2a: Azumarill|0 fnt
|faint|p2a: Azumarill
|
|upkeep
|
|t:|1760367416
|switch|p2a: Gholdengo|Gholdengo|100/100
|-activate|p2a: Gholdengo|move: Sticky Web
|-unboost|p2a: Gholdengo|spe|1
|turn|6
|
|t:|1760367421
|move|p2a: Gholdengo|Shadow Ball|p1a: Gholdengo
|-supereffective|p1a: Gholdengo
|-damage|p1a: Gholdengo|0 fnt
|-enditem|p1a: Gholdengo|Air Balloon
|faint|p1a: Gholdengo
|
|upkeep
|
|t:|1760367429
|switch|p1a: Raging Bolt|Raging Bolt|100/100
|-enditem|p1a: Raging Bolt|Booster Energy
|-activate|p1a: Raging Bolt|ability: Protosynthesis|[fromitem]
|-start|p1a: Raging Bolt|protosynthesisspa
|turn|7
|
|t:|1760367435
|move|p1a: Raging Bolt|Thunderclap|p2a: Gholdengo
|-damage|p2a: Gholdengo|45/100
|move|p2a: Gholdengo|Make It Rain|p1a: Raging Bolt
|-resisted|p1a: Raging Bolt
|-damage|p1a: Raging Bolt|65/100
|-unboost|p2a: Gholdengo|spa|1
|
|-heal|p2a: Gholdengo|52/100|[from] item: Leftovers
|-sideend|p2: rinaa08|move: Tailwind
|upkeep
|turn|8
|
|t:|1760367446
|move|p1a: Raging Bolt|Dragon Pulse|p2a: Gholdengo
|-resisted|p2a: Gholdengo
|-damage|p2a: Gholdengo|18/100
|move|p2a: Gholdengo|Shadow Ball|p1a: Raging Bolt
|-damage|p1a: Raging Bolt|35/100
|
|-heal|p2a: Gholdengo|24/100|[from] item: Leftovers
|upkeep
|turn|9
|
|t:|1760367456
|move|p1a: Raging Bolt|Thunderclap|p2a: Gholdengo
|-damage|p2a: Gholdengo|0 fnt
|faint|p2a: Gholdengo
|
|upkeep
|
|t:|1760367460
|switch|p2a: Whimsicott|Whimsicott, F|100/100
|-activate|p2a: Whimsicott|move: Sticky Web
|-unboost|p2a: Whimsicott|spe|1
|turn|10
|
|t:|1760367487
|-end|p1a: Raging Bolt|Protosynthesis|[silent]
|switch|p1a: Iron Valiant|Iron Valiant|100/100
|-enditem|p1a: Iron Valiant|Booster Energy
|-activate|p1a: Iron Valiant|ability: Quark Drive|[fromitem]
|-start|p1a: Iron Valiant|quarkdrivespa
|move|p2a: Whimsicott|Tailwind|p2a: Whimsicott
|-sidestart|p2: rinaa08|move: Tailwind
|
|upkeep
|turn|11
|
|t:|1760367496
|move|p2a: Whimsicott|Leech Seed|p1a: Iron Valiant
|-start|p1a: Iron Valiant|move: Leech Seed
|move|p1a: Iron Valiant|Calm Mind|p1a: Iron Valiant
|-boost|p1a: Iron Valiant|spa|1
|-boost|p1a: Iron Valiant|spd|1
|
|-damage|p1a: Iron Valiant|88/100|[from] Leech Seed|[of] p2a: Whimsicott
|upkeep
|turn|12
|
|t:|1760367510
|move|p2a: Whimsicott|Switcheroo|p1a: Iron Valiant
|-activate|p2a: Whimsicott|move: Trick|[of] p1a: Iron Valiant
|-item|p1a: Iron Valiant|Custap Berry|[from] move: Switcheroo
|-enditem|p2a: Whimsicott|Custap Berry|[silent]|[from] move: Switcheroo
|move|p1a: Iron Valiant|Shadow Ball|p2a: Whimsicott
|-damage|p2a: Whimsicott|22/100
|
|-damage|p1a: Iron Valiant|76/100|[from] Leech Seed|[of] p2a: Whimsicott
|-heal|p2a: Whimsicott|33/100|[silent]
|upkeep
|turn|13
|
|t:|1760367528
|switch|p2a: Toxapex|Toxapex, M|100/100
|-activate|p2a: Toxapex|move: Sticky Web
|-unboost|p2a: Toxapex|spe|1
|move|p1a: Iron Valiant|Shadow Ball|p2a: Toxapex
|-damage|p2a: Toxapex|55/100
|-unboost|p2a: Toxapex|spd|1
|
|-heal|p2a: Toxapex|61/100|[from] item: Leftovers
|-damage|p1a: Iron Valiant|63/100|[from] Leech Seed|[of] p2a: Toxapex
|-heal|p2a: Toxapex|73/100|[silent]
|-sideend|p2: rinaa08|move: Tailwind
|upkeep
|turn|14
|
|t:|1760367556
|-terastallize|p1a: Iron Valiant|Ghost
|move|p1a: Iron Valiant|Shadow Ball|p2a: Toxapex
|-damage|p2a: Toxapex|0 fnt
|faint|p2a: Toxapex
|
|upkeep
|
|t:|1760367567
|switch|p2a: Whimsicott|Whimsicott, F|33/100
|-activate|p2a: Whimsicott|move: Sticky Web
|-unboost|p2a: Whimsicott|spe|1
|turn|15
|
|t:|1760367572
|move|p2a: Whimsicott|Tailwind|p2a: Whimsicott
|-sidestart|p2: rinaa08|move: Tailwind
|move|p1a: Iron Valiant|Shadow Ball|p2a: Whimsicott
|-damage|p2a: Whimsicott|0 fnt
|faint|p2a: Whimsicott
|
|upkeep
|
|t:|1760367579
|switch|p2a: Skeledirge|Skeledirge, F|100/100
|-activate|p2a: Skeledirge|move: Sticky Web
|-unboost|p2a: Skeledirge|spe|1
|turn|16
|
|t:|1760367594
|-end|p1a: Iron Valiant|Quark Drive|[silent]
|switch|p1a: Iron Treads|Iron Treads|100/100
|-enditem|p1a: Iron Treads|Booster Energy
|-activate|p1a: Iron Treads|ability: Quark Drive|[fromitem]
|-start|p1a: Iron Treads|quarkdriveatk
|move|p2a: Skeledirge|Alluring Voice|p1a: Iron Treads
|-resisted|p1a: Iron Treads
|-damage|p1a: Iron Treads|80/100
|
|upkeep
|turn|17
|
|t:|1760367605
|move|p1a: Iron Treads|Earthquake|p2a: Skeledirge
|-supereffective|p2a: Skeledirge
|-damage|p2a: Skeledirge|0 fnt
|faint|p2a: Skeledirge
|
|upkeep
|
|t:|1760367610
|switch|p2a: Ceruledge|Ceruledge, M|100/100
|-activate|p2a: Ceruledge|move: Sticky Web
|-unboost|p2a: Ceruledge|spe|1
|turn|18
|
|t:|1760367618
|move|p2a: Ceruledge|Bitter Blade|p1a: Iron Treads
|-supereffective|p1a: Iron Treads
|-damage|p1a: Iron Treads|0 fnt
|faint|p1a: Iron Treads
|-end|p1a: Iron Treads|Quark Drive|[silent]
|
|-sideend|p2: rinaa08|move: Tailwind
|upkeep
|
|t:|1760367625
|switch|p1a: Dragonite|Dragonite, F|100/100
|turn|19
|
|t:|1760367631
|move|p1a: Dragonite|Scale Shot|p2a: Ceruledge
|-damage|p2a: Ceruledge|77/100
|-ability|p2a: Ceruledge|Weak Armor|boost
|-unboost|p2a: Ceruledge|def|1
|-boost|p2a: Ceruledge|spe|2
|-damage|p2a: Ceruledge|48/100
|-ability|p2a: Ceruledge|Weak Armor|boost
|-unboost|p2a: Ceruledge|def|1
|-boost|p2a: Ceruledge|spe|2
|-damage|p2a: Ceruledge|8/100
|-ability|p2a: Ceruledge|Weak Armor|boost
|-unboost|p2a: Ceruledge|def|1
|-boost|p2a: Ceruledge|spe|2
|-damage|p2a: Ceruledge|0 fnt
|faint|p2a: Ceruledge
|-hitcount|p2: Ceruledge|4
|
|win|lllongtoudishu
|raw|lllongtoudishu's rating: 1104 &rarr; <strong>1126</strong><br />(+22 for winning)
|raw|rinaa08's rating: 1065 &rarr; <strong>1047</strong><br />(-18 for losing)
|l|☆rinaa08
|player|p2|
