|j|☆mimipookie
|j|☆Tusia88
|t:|1760432866
|gametype|singles
|player|p1|mimipookie|265|1525
|player|p2|Tusia88|1|1495
|gen|9
|tier|[Gen 9] OU
|rated|
|rule|HP Percentage Mod: HP is shown in percentages
|rule|Endless Battle Clause: Forcing endless battles is banned
|rule|Species Clause: Limit one of each Pokémon
|rule|OHKO Clause: OHKO moves are banned
|rule|Evasion Items Clause: Evasion items are banned
|rule|Evasion Moves Clause: Evasion moves are banned
|rule|Evasion Abilities Clause: Evasion abilities are banned
|rule|Sleep Moves Clause: Sleep-inducing moves are banned
|clearpoke
|poke|p1|Ceruledge, F|
|poke|p1|Ninetales, M|
|poke|p1|Venusaur, M|
|poke|p1|Hatterene, F|
|poke|p1|Great Tusk|
|poke|p1|Walking Wake|
|poke|p2|Ninetales, F|
|poke|p2|Dragonite, M|
|poke|p2|Cinderace, F|
|poke|p2|Walking Wake|
|poke|p2|Cresselia, F|
|poke|p2|Great Tusk|
|teampreview
|inactive|Battle timer is ON: inactive players will automatically lose when time's up. (requested by mimipookie)
|
|t:|1760432877
|teamsize|p1|6
|teamsize|p2|6
|start
|switch|p1a: Great Tusk|Great Tusk|100/100
|switch|p2a: Walking Wake|Walking Wake|100/100
|turn|1
|
|t:|1760432886
|-end|p1a: Great Tusk|Protosynthesis|[silent]
|switch|p1a: Walking Wake|Walking Wake|100/100
|move|p2a: Walking Wake|Hydro Steam|p1a: Walking Wake
|-resisted|p1a: Walking Wake
|-damage|p1a: Walking Wake|80/100
|
|upkeep
|turn|2
|
|t:|1760432901
|-end|p2a: Walking Wake|Protosynthesis|[silent]
|switch|p2a: Cresselia|Cresselia, F|100/100
|move|p1a: Walking Wake|Dragon Pulse|p2a: Cresselia
|-damage|p2a: Cresselia|57/100
|-enditem|p2a: Cresselia|Eject Button
|
|t:|1760432907
|switch|p2a: Walking Wake|Walking Wake|100/100
|
|upkeep
|turn|3
|
|t:|1760432918
|-terastallize|p1a: Walking Wake|Water
|move|p2a: Walking Wake|Hydro Steam|p1a: Walking Wake
|-resisted|p1a: Walking Wake
|-damage|p1a: Walking Wake|40/100
|move|p1a: Walking Wake|Dragon Pulse|p2a: Walking Wake
|-supereffective|p2a: Walking Wake
|-damage|p2a: Walking Wake|0 fnt
|faint|p2a: Walking Wake
|-end|p2a: Walking Wake|Protosynthesis|[silent]
|
|upkeep
|
|t:|1760432923
|switch|p2a: Cinderace|Cinderace, F|100/100
|turn|4
|
|t:|1760432926
|-end|p1a: Walking Wake|Protosynthesis|[silent]
|switch|p1a: Ninetales|Ninetales, M|100/100
|-weather|SunnyDay|[from] ability: Drought|[of] p1a: Ninetales
|move|p2a: Cinderace|Low Kick|p1a: Ninetales
|-start|p2a: Cinderace|typechange|Fighting|[from] ability: Libero
|-damage|p1a: Ninetales|77/100
|
|-weather|SunnyDay|[upkeep]
|upkeep
|turn|5
|
|t:|1760432932
|switch|p2a: Ninetales|Ninetales, F|100/100
|move|p1a: Ninetales|Will-O-Wisp|p2a: Ninetales
|-immune|p2a: Ninetales
|
|-weather|SunnyDay|[upkeep]
|upkeep
|turn|6
|
|t:|1760432941
|switch|p1a: Walking Wake|Walking Wake, tera:Water|40/100
|-activate|p1a: Walking Wake|ability: Protosynthesis
|-start|p1a: Walking Wake|protosynthesisspa
|move|p2a: Ninetales|Scorching Sands|p1a: Walking Wake
|-damage|p1a: Walking Wake|21/100
|-status|p1a: Walking Wake|brn
|
|-weather|SunnyDay|[upkeep]
|-damage|p1a: Walking Wake|15/100 brn|[from] brn
|upkeep
|turn|7
|
|t:|1760432948
|move|p2a: Ninetales|Scorching Sands|p1a: Walking Wake
|-damage|p1a: Walking Wake|0 fnt
|faint|p1a: Walking Wake
|-end|p1a: Walking Wake|Protosynthesis|[silent]
|
|-weather|SunnyDay|[upkeep]
|upkeep
|
|t:|1760432955
|switch|p1a: Venusaur|Venusaur, M|100/100
|turn|8
|
|t:|1760432958
|move|p1a: Venusaur|Growth|p1a: Venusaur
|-boost|p1a: Venusaur|atk|2
|-boost|p1a: Venusaur|spa|2
|move|p2a: Ninetales|Overheat|p1a: Venusaur
|-supereffective|p1a: Venusaur
|-damage|p1a: Venusaur|0 fnt
|-unboost|p2a: Ninetales|spa|2
|faint|p1a: Venusaur
|
|-weather|SunnyDay|[upkeep]
|upkeep
|
|t:|1760432965
|switch|p1a: ace|Ceruledge, F|100/100
|turn|9
|
|t:|1760432969
|move|p2a: Ninetales|Scorching Sands|p1a: ace
|-supereffective|p1a: ace
|-damage|p1a: ace|81/100
|move|p1a: ace|Swords Dance|p1a: ace
|-boost|p1a: ace|atk|2
|
|-weather|SunnyDay|[upkeep]
|upkeep
|turn|10
|
|t:|1760432973
|move|p2a: Ninetales|Encore|p1a: ace
|-start|p1a: ace|Encore
|move|p1a: ace|Swords Dance|p1a: ace
|-boost|p1a: ace|atk|2
|
|-weather|SunnyDay|[upkeep]
|upkeep
|turn|11
|
|t:|1760432977
|switch|p2a: Great Tusk|Great Tusk|100/100
|-activate|p2a: Great Tusk|ability: Protosynthesis
|-start|p2a: Great Tusk|protosynthesisspe
|move|p1a: ace|Swords Dance|p1a: ace
|-boost|p1a: ace|atk|2
|
|-weather|none
|-end|p2a: Great Tusk|Protosynthesis
|upkeep
|turn|12
|
|t:|1760432983
|switch|p1a: Great Tusk|Great Tusk|100/100
|move|p2a: Great Tusk|Headlong Rush|p1a: Great Tusk
|-damage|p1a: Great Tusk|68/100
|-unboost|p2a: Great Tusk|def|1
|-unboost|p2a: Great Tusk|spd|1
|-damage|p2a: Great Tusk|84/100|[from] item: Rocky Helmet|[of] p1a: Great Tusk
|-enditem|p2a: Great Tusk|Eject Pack
|
|t:|1760432992
|-end|p2a: Great Tusk|Protosynthesis|[silent]
|switch|p2a: Ninetales|Ninetales, F|100/100
|-weather|SunnyDay|[from] ability: Drought|[of] p2a: Ninetales
|-activate|p1a: Great Tusk|ability: Protosynthesis
|-start|p1a: Great Tusk|protosynthesisspe
|
|-weather|SunnyDay|[upkeep]
|upkeep
|turn|13
|
|t:|1760433000
|switch|p2a: Cresselia|Cresselia, F|57/100
|move|p1a: Great Tusk|Ice Spinner|p2a: Cresselia
|-damage|p2a: Cresselia|44/100
|
|-weather|SunnyDay|[upkeep]
|upkeep
|turn|14
|
|t:|1760433006
|-end|p1a: Great Tusk|Protosynthesis|[silent]
|switch|p1a: Hatterene|Hatterene, F|100/100
|move|p2a: Cresselia|Moonlight|p2a: Cresselia
|-heal|p2a: Cresselia|100/100
|
|-weather|SunnyDay|[upkeep]
|upkeep
|turn|15
|
|t:|1760433014
|switch|p2a: Cinderace|Cinderace, F|100/100
|move|p1a: Hatterene|Nuzzle|p2a: Cinderace
|-damage|p2a: Cinderace|95/100
|-status|p2a: Cinderace|par
|
|-weather|SunnyDay|[upkeep]
|upkeep
|turn|16
|
|t:|1760433021
|switch|p1a: Great Tusk|Great Tusk|68/100
|-activate|p1a: Great Tusk|ability: Protosynthesis
|-start|p1a: Great Tusk|protosynthesisspe
|move|p2a: Cinderace|Pyro Ball|p1a: Great Tusk
|-damage|p1a: Great Tusk|18/100
|-status|p1a: Great Tusk|brn
|
|-weather|SunnyDay|[upkeep]
|-damage|p1a: Great Tusk|12/100 brn|[from] brn
|upkeep
|turn|17
|
|t:|1760433032
|switch|p2a: Cresselia|Cresselia, F|100/100
|move|p1a: Great Tusk|Headlong Rush|p2a: Cresselia
|-immune|p2a: Cresselia|[from] ability: Levitate
|
|-weather|SunnyDay|[upkeep]
|-damage|p1a: Great Tusk|6/100 brn|[from] brn
|upkeep
|turn|18
|
|t:|1760433037
|move|p1a: Great Tusk|Stealth Rock|p2a: Cresselia
|-sidestart|p2: Tusia88|move: Stealth Rock
|move|p2a: Cresselia|Ice Beam|p1a: Great Tusk
|-supereffective|p1a: Great Tusk
|-damage|p1a: Great Tusk|0 fnt
|faint|p1a: Great Tusk
|-end|p1a: Great Tusk|Protosynthesis|[silent]
|
|-weather|SunnyDay|[upkeep]
|upkeep
|
|t:|1760433041
|switch|p1a: Hatterene|Hatterene, F|100/100
|turn|19
|
|t:|1760433052
|switch|p2a: Ninetales|Ninetales, F|100/100
|-damage|p2a: Ninetales|76/100|[from] Stealth Rock
|move|p1a: Hatterene|Nuzzle|p2a: Ninetales
|-damage|p2a: Ninetales|70/100
|-status|p2a: Ninetales|par
|
|-weather|none
|upkeep
|turn|20
|
|t:|1760433060
|move|p2a: Ninetales|Encore|p1a: Hatterene
|move|p1a: Hatterene|Encore||[from] ability: Magic Bounce|[still]
|-fail|p1a: Hatterene
|move|p1a: Hatterene|Healing Wish|p1a: Hatterene
|faint|p1a: Hatterene
|
|upkeep
|
|t:|1760433066
|switch|p1a: Ninetales|Ninetales, M|77/100
|-heal|p1a: Ninetales|100/100|[from] move: Healing Wish
|-weather|SunnyDay|[from] ability: Drought|[of] p1a: Ninetales
|turn|21
|
|t:|1760433080
|move|p1a: Ninetales|Flamethrower|p2a: Ninetales
|-resisted|p2a: Ninetales
|-damage|p2a: Ninetales|46/100 par
|cant|p2a: Ninetales|par
|
|-weather|SunnyDay|[upkeep]
|upkeep
|turn|22
|
|t:|1760433087
|switch|p1a: ace|Ceruledge, F|81/100
|cant|p2a: Ninetales|par
|
|-weather|SunnyDay|[upkeep]
|upkeep
|turn|23
|
|t:|1760433095
|move|p1a: ace|Bitter Blade|p2a: Ninetales
|-resisted|p2a: Ninetales
|-damage|p2a: Ninetales|0 fnt
|-heal|p1a: ace|100/100|[from] drain|[of] p2a: Ninetales
|faint|p2a: Ninetales
|
|-weather|SunnyDay|[upkeep]
|upkeep
|
|t:|1760433099
|switch|p2a: Cresselia|Cresselia, F|100/100
|-damage|p2a: Cresselia|88/100|[from] Stealth Rock
|turn|24
|
|t:|1760433102
|move|p1a: ace|Swords Dance|p1a: ace
|-boost|p1a: ace|atk|2
|move|p2a: Cresselia|Thunder Wave|p1a: ace
|-status|p1a: ace|par
|
|-weather|SunnyDay|[upkeep]
|upkeep
|turn|25
|
|t:|1760433107
|move|p2a: Cresselia|Ice Beam|p1a: ace
|-resisted|p1a: ace
|-damage|p1a: ace|92/100 par
|move|p1a: ace|Bitter Blade|p2a: Cresselia
|-damage|p2a: Cresselia|5/100
|-heal|p1a: ace|100/100 par|[from] drain|[of] p2a: Cresselia
|
|-weather|SunnyDay|[upkeep]
|upkeep
|turn|26
|
|t:|1760433110
|move|p2a: Cresselia|Ice Beam|p1a: ace
|-resisted|p1a: ace
|-damage|p1a: ace|91/100 par
|move|p1a: ace|Bitter Blade|p2a: Cresselia
|-damage|p2a: Cresselia|0 fnt
|-heal|p1a: ace|95/100 par|[from] drain|[of] p2a: Cresselia
|faint|p2a: Cresselia
|
|-weather|SunnyDay|[upkeep]
|upkeep
|
|t:|1760433114
|switch|p2a: Great Tusk|Great Tusk|84/100
|-damage|p2a: Great Tusk|81/100|[from] Stealth Rock
|-activate|p2a: Great Tusk|ability: Protosynthesis
|-start|p2a: Great Tusk|protosynthesisspe
|turn|27
|
|t:|1760433116
|move|p2a: Great Tusk|Headlong Rush|p1a: ace
|-supereffective|p1a: ace
|-crit|p1a: ace
|-damage|p1a: ace|0 fnt
|-unboost|p2a: Great Tusk|def|1
|-unboost|p2a: Great Tusk|spd|1
|faint|p1a: ace
|
|-weather|SunnyDay|[upkeep]
|upkeep
|
|t:|1760433119
|switch|p1a: Ninetales|Ninetales, M|100/100
|turn|28
|
|t:|1760433123
|move|p2a: Great Tusk|Headlong Rush|p1a: Ninetales
|-supereffective|p1a: Ninetales
|-crit|p1a: Ninetales
|-damage|p1a: Ninetales|0 fnt
|-unboost|p2a: Great Tusk|def|1
|-unboost|p2a: Great Tusk|spd|1
|faint|p1a: Ninetales
|
|win|Tusia88
|raw|mimipookie's rating: 1525 &rarr; <strong>1503</strong><br />(-22 for losing)
|raw|Tusia88's rating: 1495 &rarr; <strong>1517</strong><br />(+22 for winning)
|l|☆mimipookie
|player|p1|
|l|☆Tusia88
|player|p2|
