|j|☆jhghjkhipkjnlp
|j|☆RovaRed
|t:|1760459228
|gametype|singles
|player|p1|jhghjkhipkjnlp|265|1380
|player|p2|RovaRed|102|1364
|gen|9
|tier|[Gen 9] OU
|rated|
|rule|HP Percentage Mod: HP is shown in percentages
|rule|Endless Battle Clause: Forcing endless battles is banned
|rule|Species Clause: Limit one of each Pokémon
|rule|OHKO Clause: OHKO moves are banned
|rule|Evasion Items Clause: Evasion items are banned
|rule|Evasion Moves Clause: Evasion moves are banned
|rule|Evasion Abilities Clause: Evasion abilities are banned
|rule|Sleep Moves Clause: Sleep-inducing moves are banned
|clearpoke
|poke|p1|Ninetales, F|
|poke|p1|Hatterene, F|
|poke|p1|Walking Wake|
|poke|p1|Lilligant-Hisui, F|
|poke|p1|Ting-Lu|
|poke|p1|Ogerpon-Wellspring, F|
|poke|p2|Shiftry, M|
|poke|p2|Rillaboom, F|
|poke|p2|Brambleghast, M|
|poke|p2|Hawlucha, F|
|poke|p2|Great Tusk|
|poke|p2|Iron Moth|
|teampreview
|inactive|Battle timer is ON: inactive players will automatically lose when time's up. (requested by jhghjkhipkjnlp)
|
|t:|1760459281
|teamsize|p1|6
|teamsize|p2|6
|start
|switch|p1a: Ninetales|Ninetales, F|100/100
|switch|p2a: Great Tusk|Great Tusk|100/100
|-weather|SunnyDay|[from] ability: Drought|[of] p1a: Ninetales
|-activate|p2a: Great Tusk|ability: Protosynthesis
|-start|p2a: Great Tusk|protosynthesisspe
|turn|1
|
|t:|1760459295
|switch|p1a: Hatterene|Hatterene, F|100/100
|-item|p1a: Hatterene|Air Balloon
|move|p2a: Great Tusk|Headlong Rush|p1a: Hatterene
|-immune|p1a: Hatterene
|
|-weather|SunnyDay|[upkeep]
|upkeep
|turn|2
|
|t:|1760459303
|-end|p2a: Great Tusk|Protosynthesis|[silent]
|switch|p2a: Shiftry|Shiftry, M|100/100
|move|p1a: Hatterene|Dazzling Gleam|p2a: Shiftry
|-supereffective|p2a: Shiftry
|-enditem|p2a: Shiftry|Focus Sash
|-damage|p2a: Shiftry|1/100
|
|-weather|SunnyDay|[upkeep]
|upkeep
|turn|3
|
|t:|1760459318
|switch|p1a: Ting-Lu|Ting-Lu|100/100
|-ability|p1a: Ting-Lu|Vessel of Ruin
|move|p2a: Shiftry|Tailwind|p2a: Shiftry
|-sidestart|p2: RovaRed|move: Tailwind
|-ability|p2a: Shiftry|Wind Rider|boost
|-boost|p2a: Shiftry|atk|1
|
|-weather|SunnyDay|[upkeep]
|upkeep
|turn|4
|
|t:|1760459330
|move|p2a: Shiftry|Explosion|p1a: Ting-Lu
|-damage|p1a: Ting-Lu|44/100
|faint|p2a: Shiftry
|-enditem|p1a: Ting-Lu|Eject Button
|
|t:|1760459336
|switch|p1a: Walking Wake|Walking Wake|100/100
|-activate|p1a: Walking Wake|ability: Protosynthesis
|-start|p1a: Walking Wake|protosynthesisspe
|
|-weather|SunnyDay|[upkeep]
|upkeep
|
|t:|1760459343
|switch|p2a: Brambleghast|Brambleghast, M|100/100
|-ability|p2a: Brambleghast|Wind Rider|boost
|-boost|p2a: Brambleghast|atk|1
|turn|5
|
|t:|1760459353
|move|p2a: Brambleghast|Bullet Seed|p1a: Walking Wake
|-damage|p1a: Walking Wake|81/100
|-crit|p1a: Walking Wake
|-damage|p1a: Walking Wake|53/100
|-damage|p1a: Walking Wake|32/100
|-damage|p1a: Walking Wake|13/100
|-damage|p1a: Walking Wake|0 fnt
|faint|p1a: Walking Wake
|-end|p1a: Walking Wake|Protosynthesis|[silent]
|-hitcount|p1: Walking Wake|5
|
|-weather|SunnyDay|[upkeep]
|upkeep
|
|t:|1760459372
|switch|p1a: Ninetales|Ninetales, F|100/100
|turn|6
|inactive|RovaRed has 120 seconds left.
|inactive|RovaRed has 90 seconds left.
|
|t:|1760459445
|move|p2a: Brambleghast|Poltergeist|p1a: Ninetales
|-activate|p1a: Ninetales|move: Poltergeist|Heat Rock
|-damage|p1a: Ninetales|7/100
|move|p1a: Ninetales|Weather Ball|p2a: Brambleghast
|-supereffective|p2a: Brambleghast
|-damage|p2a: Brambleghast|0 fnt
|faint|p2a: Brambleghast
|
|-weather|SunnyDay|[upkeep]
|-sideend|p2: RovaRed|move: Tailwind
|upkeep
|
|t:|1760459459
|switch|p2a: Rillaboom|Rillaboom, F|100/100
|-fieldstart|move: Grassy Terrain|[from] ability: Grassy Surge|[of] p2a: Rillaboom
|turn|7
|
|t:|1760459479
|switch|p1a: Ting-Lu|Ting-Lu|44/100
|-ability|p1a: Ting-Lu|Vessel of Ruin
|move|p2a: Rillaboom|Grassy Glide|p1a: Ting-Lu
|-supereffective|p1a: Ting-Lu
|-crit|p1a: Ting-Lu
|-damage|p1a: Ting-Lu|0 fnt
|faint|p1a: Ting-Lu
|
|-weather|SunnyDay|[upkeep]
|upkeep
|inactive|jhghjkhipkjnlp has 120 seconds left.
|inactive|jhghjkhipkjnlp has 90 seconds left.
|
|t:|1760459525
|switch|p1a: Lilligant|Lilligant-Hisui, F|100/100
|turn|8
|inactive|RovaRed has 90 seconds left.
|
|t:|1760459562
|-terastallize|p1a: Lilligant|Fire
|move|p1a: Lilligant|Tera Blast|p2a: Rillaboom|[anim] Tera Blast Fire
|-supereffective|p2a: Rillaboom
|-damage|p2a: Rillaboom|0 fnt
|faint|p2a: Rillaboom
|-damage|p1a: Lilligant|91/100|[from] item: Life Orb
|
|-weather|none
|-heal|p1a: Lilligant|97/100|[from] Grassy Terrain
|upkeep
|
|t:|1760459566
|switch|p2a: Great Tusk|Great Tusk|100/100
|-enditem|p2a: Great Tusk|Booster Energy
|-activate|p2a: Great Tusk|ability: Protosynthesis|[fromitem]
|-start|p2a: Great Tusk|protosynthesisspe
|turn|9
|inactive|jhghjkhipkjnlp has 90 seconds left.
|
|t:|1760459602
|move|p2a: Great Tusk|Bulk Up|p2a: Great Tusk
|-boost|p2a: Great Tusk|atk|1
|-boost|p2a: Great Tusk|def|1
|move|p1a: Lilligant|Triple Axel|p2a: Great Tusk|[miss]
|-miss|p1a: Lilligant|p2a: Great Tusk
|
|-heal|p1a: Lilligant|100/100|[from] Grassy Terrain
|upkeep
|turn|10
|inactive|RovaRed has 60 seconds left.
|
|t:|1760459641
|switch|p1a: Ninetales|Ninetales, F|7/100
|-weather|SunnyDay|[from] ability: Drought|[of] p1a: Ninetales
|move|p2a: Great Tusk|Headlong Rush|p1a: Ninetales
|-supereffective|p1a: Ninetales
|-damage|p1a: Ninetales|0 fnt
|-unboost|p2a: Great Tusk|def|1
|-unboost|p2a: Great Tusk|spd|1
|faint|p1a: Ninetales
|
|-weather|SunnyDay|[upkeep]
|upkeep
|
|t:|1760459652
|switch|p1a: Lilligant|Lilligant-Hisui, F, tera:Fire|100/100
|turn|11
|
|t:|1760459658
|move|p1a: Lilligant|Solar Blade||[still]
|-prepare|p1a: Lilligant|Solar Blade
|-anim|p1a: Lilligant|Solar Blade|p2a: Great Tusk
|-supereffective|p2a: Great Tusk
|-damage|p2a: Great Tusk|0 fnt
|faint|p2a: Great Tusk
|-end|p2a: Great Tusk|Protosynthesis|[silent]
|-damage|p1a: Lilligant|91/100|[from] item: Life Orb
|
|-weather|SunnyDay|[upkeep]
|-heal|p1a: Lilligant|97/100|[from] Grassy Terrain
|upkeep
|
|t:|1760459662
|switch|p2a: Hawlucha|Hawlucha, F|100/100
|-enditem|p2a: Hawlucha|Grassy Seed
|-boost|p2a: Hawlucha|def|1|[from] item: Grassy Seed
|turn|12
|
|t:|1760459679
|move|p2a: Hawlucha|Swords Dance|p2a: Hawlucha
|-boost|p2a: Hawlucha|atk|2
|move|p1a: Lilligant|Triple Axel|p2a: Hawlucha
|-supereffective|p2a: Hawlucha
|-damage|p2a: Hawlucha|84/100
|-supereffective|p2a: Hawlucha
|-damage|p2a: Hawlucha|50/100
|-supereffective|p2a: Hawlucha
|-damage|p2a: Hawlucha|1/100
|-hitcount|p2a: Hawlucha|3
|-damage|p1a: Lilligant|87/100|[from] item: Life Orb
|
|-weather|SunnyDay|[upkeep]
|-heal|p1a: Lilligant|93/100|[from] Grassy Terrain
|upkeep
|turn|13
|inactive|jhghjkhipkjnlp has 90 seconds left.
|
|t:|1760459697
|move|p2a: Hawlucha|Acrobatics|p1a: Lilligant
|-damage|p1a: Lilligant|0 fnt
|faint|p1a: Lilligant
|
|-weather|SunnyDay|[upkeep]
|upkeep
|inactive|jhghjkhipkjnlp has 90 seconds left.
|
|t:|1760459705
|switch|p1a: Hatterene|Hatterene, F|100/100
|-item|p1a: Hatterene|Air Balloon
|turn|14
|
|t:|1760459720
|move|p2a: Hawlucha|Acrobatics|p1a: Hatterene
|-damage|p1a: Hatterene|14/100
|-enditem|p1a: Hatterene|Air Balloon
|move|p1a: Hatterene|Draining Kiss|p2a: Hawlucha
|-supereffective|p2a: Hawlucha
|-damage|p2a: Hawlucha|0 fnt
|-heal|p1a: Hatterene|15/100|[from] drain|[of] p2a: Hawlucha
|faint|p2a: Hawlucha
|
|-weather|SunnyDay|[upkeep]
|-heal|p1a: Hatterene|21/100|[from] Grassy Terrain
|-fieldend|move: Grassy Terrain
|upkeep
|
|t:|1760459724
|switch|p2a: Iron Moth|Iron Moth|100/100
|-enditem|p2a: Iron Moth|Booster Energy
|-activate|p2a: Iron Moth|ability: Quark Drive|[fromitem]
|-start|p2a: Iron Moth|quarkdrivespe
|turn|15
|
|t:|1760459737
|move|p2a: Iron Moth|Sludge Wave|p1a: Hatterene
|-supereffective|p1a: Hatterene
|-damage|p1a: Hatterene|0 fnt
|faint|p1a: Hatterene
|
|-weather|SunnyDay|[upkeep]
|upkeep
|
|t:|1760459742
|switch|p1a: Ogerpon|Ogerpon-Wellspring, F|100/100
|turn|16
|
|t:|1760459751
|move|p2a: Iron Moth|Sludge Wave|p1a: Ogerpon
|-supereffective|p1a: Ogerpon
|-damage|p1a: Ogerpon|0 fnt
|faint|p1a: Ogerpon
|
|win|RovaRed
|raw|jhghjkhipkjnlp's rating: 1380 &rarr; <strong>1359</strong><br />(-21 for losing)
|raw|RovaRed's rating: 1364 &rarr; <strong>1385</strong><br />(+21 for winning)
|l|☆jhghjkhipkjnlp
|player|p1|
|l|☆RovaRed
|player|p2|
