|j|☆im coral ❤
|j|☆MrSlayr
|t:|1760328792
|gametype|singles
|player|p1|im coral ❤|lady|1452
|player|p2|MrSlayr|cynthia-gen4|1409
|gen|9
|tier|[Gen 9] OU
|rated|
|rule|HP Percentage Mod: HP is shown in percentages
|rule|Endless Battle Clause: Forcing endless battles is banned
|rule|Species Clause: Limit one of each Pokémon
|rule|OHKO Clause: OHKO moves are banned
|rule|Evasion Items Clause: Evasion items are banned
|rule|Evasion Moves Clause: Evasion moves are banned
|rule|Evasion Abilities Clause: Evasion abilities are banned
|rule|Sleep Moves Clause: Sleep-inducing moves are banned
|clearpoke
|poke|p1|Zamazenta-*|
|poke|p1|Ceruledge, M|
|poke|p1|Kyurem|
|poke|p1|Iron Crown|
|poke|p1|Kingambit, F|
|poke|p1|Moltres-Galar|
|poke|p2|Lokix, M|
|poke|p2|Gliscor, M|
|poke|p2|Walking Wake|
|poke|p2|Ogerpon-Wellspring, F|
|poke|p2|Heatran, F|
|poke|p2|Iron Treads|
|teampreview
|
|t:|1760328808
|teamsize|p1|6
|teamsize|p2|6
|start
|switch|p1a: Zamazenta|Zamazenta|100/100
|switch|p2a: Walking Wake|Walking Wake|100/100
|-ability|p1a: Zamazenta|Dauntless Shield|boost
|-boost|p1a: Zamazenta|def|1
|turn|1
|
|t:|1760328810
|move|p1a: Zamazenta|Light Screen|p1a: Zamazenta
|-sidestart|p1: im coral ❤|move: Light Screen
|move|p2a: Walking Wake|Hurricane|p1a: Zamazenta
|-supereffective|p1a: Zamazenta
|-damage|p1a: Zamazenta|64/100
|-start|p1a: Zamazenta|confusion
|
|upkeep
|turn|2
|
|t:|1760328815
|-activate|p1a: Zamazenta|confusion
|-damage|p1a: Zamazenta|60/100|[from] confusion
|move|p2a: Walking Wake|Hurricane|p1a: Zamazenta
|-supereffective|p1a: Zamazenta
|-damage|p1a: Zamazenta|26/100
|
|upkeep
|turn|3
|
|t:|1760328820
|-activate|p1a: Zamazenta|confusion
|move|p1a: Zamazenta|Reflect|p1a: Zamazenta
|-sidestart|p1: im coral ❤|Reflect
|move|p2a: Walking Wake|Hurricane|p1a: Zamazenta
|-supereffective|p1a: Zamazenta
|-damage|p1a: Zamazenta|0 fnt
|faint|p1a: Zamazenta
|
|upkeep
|
|t:|1760328852
|switch|p1a: Moltres|Moltres-Galar|100/100
|turn|4
|
|t:|1760328860
|-end|p2a: Walking Wake|Protosynthesis|[silent]
|switch|p2a: Iron Treads|Iron Treads|100/100
|move|p1a: Moltres|Agility|p1a: Moltres
|-boost|p1a: Moltres|spe|2
|
|upkeep
|turn|5
|
|t:|1760328896
|move|p1a: Moltres|Nasty Plot|p1a: Moltres
|-boost|p1a: Moltres|spa|2
|move|p2a: Iron Treads|Iron Head|p1a: Moltres
|-crit|p1a: Moltres
|-damage|p1a: Moltres|50/100
|-ability|p1a: Moltres|Berserk|boost
|-boost|p1a: Moltres|spa|1
|
|-heal|p1a: Moltres|56/100|[from] item: Leftovers
|upkeep
|turn|6
|
|t:|1760328906
|move|p1a: Moltres|Nasty Plot|p1a: Moltres
|-boost|p1a: Moltres|spa|2
|move|p2a: Iron Treads|Ice Spinner|p1a: Moltres
|-supereffective|p1a: Moltres
|-damage|p1a: Moltres|31/100
|-ability|p1a: Moltres|Berserk|boost
|-boost|p1a: Moltres|spa|1
|
|-heal|p1a: Moltres|37/100|[from] item: Leftovers
|upkeep
|turn|7
|
|t:|1760328912
|move|p1a: Moltres|Fiery Wrath|p2a: Iron Treads
|-crit|p2a: Iron Treads
|-damage|p2a: Iron Treads|0 fnt
|faint|p2a: Iron Treads
|-end|p2a: Iron Treads|Quark Drive|[silent]
|
|-heal|p1a: Moltres|43/100|[from] item: Leftovers
|upkeep
|
|t:|1760328916
|switch|p2a: Lokix|Lokix, M|100/100
|turn|8
|
|t:|1760328919
|-terastallize|p2a: Lokix|Bug
|move|p2a: Lokix|First Impression|p1a: Moltres
|-damage|p1a: Moltres|2/100
|move|p1a: Moltres|Fiery Wrath|p2a: Lokix
|-damage|p2a: Lokix|0 fnt
|faint|p2a: Lokix
|
|-heal|p1a: Moltres|8/100|[from] item: Leftovers
|-sideend|p1: im coral ❤|move: Light Screen
|upkeep
|-message|MrSlayr forfeited.
|
|win|im coral ❤
|raw|im coral ❤'s rating: 1452 &rarr; <strong>1470</strong><br />(+18 for winning)
|raw|MrSlayr's rating: 1409 &rarr; <strong>1391</strong><br />(-18 for losing)
|l|☆MrSlayr
|player|p2|
|l|☆im coral ❤
|player|p1|
