|j|☆RaeRae0
|j|☆alexisahuman
|t:|1760339728
|gametype|singles
|player|p1|RaeRae0|lass|1185
|player|p2|alexisahuman|169|1216
|gen|9
|tier|[Gen 9] OU
|rated|
|rule|HP Percentage Mod: HP is shown in percentages
|rule|Endless Battle Clause: Forcing endless battles is banned
|rule|Species Clause: Limit one of each Pokémon
|rule|OHKO Clause: OHKO moves are banned
|rule|Evasion Items Clause: Evasion items are banned
|rule|Evasion Moves Clause: Evasion moves are banned
|rule|Evasion Abilities Clause: Evasion abilities are banned
|rule|Sleep Moves Clause: Sleep-inducing moves are banned
|clearpoke
|poke|p1|Pelipper, F|
|poke|p1|Iron Treads|
|poke|p1|Barraskewda, F|
|poke|p1|Primarina, M|
|poke|p1|Dragonite, F|
|poke|p1|Ogerpon-Wellspring, F|
|poke|p2|Weavile, F|
|poke|p2|Ursaluna, F|
|poke|p2|Latios, M|
|poke|p2|Empoleon, M|
|poke|p2|Great Tusk|
|poke|p2|Yanmega, M|
|teampreview
|inactive|Battle timer is ON: inactive players will automatically lose when time's up. (requested by alexisahuman)
|
|t:|1760339747
|teamsize|p1|6
|teamsize|p2|6
|start
|switch|p1a: Pelipper|Pelipper, F|100/100
|switch|p2a: Latios|Latios, M|100/100
|-weather|RainDance|[from] ability: Drizzle|[of] p1a: Pelipper
|turn|1
|
|t:|1760339755
|move|p2a: Latios|Thunder Wave|p1a: Pelipper
|-status|p1a: Pelipper|par
|move|p1a: Pelipper|U-turn|p2a: Latios
|-supereffective|p2a: Latios
|-damage|p2a: Latios|79/100
|
|t:|1760339770
|switch|p1a: Primarina|Primarina, M|100/100|[from] U-turn
|
|-weather|RainDance|[upkeep]
|upkeep
|turn|2
|
|t:|1760339775
|move|p2a: Latios|Thunder Wave|p1a: Primarina
|-status|p1a: Primarina|par
|move|p1a: Primarina|Moonblast|p2a: Latios
|-supereffective|p2a: Latios
|-damage|p2a: Latios|0 fnt
|faint|p2a: Latios
|
|-weather|RainDance|[upkeep]
|upkeep
|
|t:|1760339785
|switch|p2a: Empoleon|Empoleon, M|100/100
|turn|3
|
|t:|1760339791
|move|p2a: Empoleon|Flash Cannon|p1a: Primarina
|-damage|p1a: Primarina|64/100 par
|move|p1a: Primarina|Surf|p2a: Empoleon
|-resisted|p2a: Empoleon
|-damage|p2a: Empoleon|68/100
|
|-weather|RainDance|[upkeep]
|-heal|p2a: Empoleon|74/100|[from] item: Leftovers
|-heal|p1a: Primarina|70/100 par|[from] item: Leftovers
|upkeep
|turn|4
|
|t:|1760339796
|move|p2a: Empoleon|Flash Cannon|p1a: Primarina
|-damage|p1a: Primarina|29/100 par
|move|p1a: Primarina|Surf|p2a: Empoleon
|-resisted|p2a: Empoleon
|-damage|p2a: Empoleon|21/100
|
|-weather|RainDance|[upkeep]
|-heal|p2a: Empoleon|28/100|[from] item: Leftovers
|-heal|p1a: Primarina|35/100 par|[from] item: Leftovers
|upkeep
|turn|5
|
|t:|1760339805
|move|p2a: Empoleon|Flash Cannon|p1a: Primarina
|-damage|p1a: Primarina|0 fnt
|faint|p1a: Primarina
|
|-weather|RainDance|[upkeep]
|-heal|p2a: Empoleon|34/100|[from] item: Leftovers
|upkeep
|
|t:|1760339811
|switch|p1a: Kè-pon|Ogerpon-Wellspring, F|100/100
|turn|6
|
|t:|1760339819
|switch|p2a: Yanmega|Yanmega, M|100/100
|move|p1a: Kè-pon|Trailblaze|p2a: Yanmega
|-resisted|p2a: Yanmega
|-damage|p2a: Yanmega|91/100
|-boost|p1a: Kè-pon|spe|1
|
|-weather|RainDance|[upkeep]
|upkeep
|turn|7
|
|t:|1760339826
|move|p2a: Yanmega|Protect|p2a: Yanmega
|-singleturn|p2a: Yanmega|Protect
|move|p1a: Kè-pon|Substitute|p1a: Kè-pon
|-start|p1a: Kè-pon|Substitute
|-damage|p1a: Kè-pon|76/100
|
|-weather|RainDance|[upkeep]
|-ability|p2a: Yanmega|Speed Boost|boost
|-boost|p2a: Yanmega|spe|1
|upkeep
|turn|8
|
|t:|1760339832
|move|p1a: Kè-pon|Ivy Cudgel|p2a: Yanmega|[anim] Ivy Cudgel Water
|-crit|p2a: Yanmega
|-damage|p2a: Yanmega|0 fnt
|faint|p2a: Yanmega
|
|-weather|none
|upkeep
|l|☆alexisahuman
|inactive|alexisahuman disconnected and has a minute to reconnect!
|player|p2|
|inactive|alexisahuman has 30 seconds to reconnect!
|inactive|alexisahuman has 20 seconds to reconnect!
|inactive|alexisahuman has 15 seconds to reconnect!
|inactive|alexisahuman has 10 seconds to reconnect!
|inactive|alexisahuman has 5 seconds to reconnect!
|-message|alexisahuman lost due to inactivity.
|
|win|RaeRae0
|raw|RaeRae0's rating: 1185 &rarr; <strong>1212</strong><br />(+27 for winning)
|raw|alexisahuman's rating: 1216 &rarr; <strong>1189</strong><br />(-27 for losing)
|l|☆RaeRae0
|player|p1|
