|j|☆GPKeith
|j|☆plzmybodyisregi
|t:|1760334301
|gametype|singles
|player|p1|GPKeith|medium|1139
|player|p2|plzmybodyisregi|2|1171
|gen|9
|tier|[Gen 9] OU
|rated|
|rule|HP Percentage Mod: HP is shown in percentages
|rule|Endless Battle Clause: Forcing endless battles is banned
|rule|Species Clause: Limit one of each Pokémon
|rule|OHKO Clause: OHKO moves are banned
|rule|Evasion Items Clause: Evasion items are banned
|rule|Evasion Moves Clause: Evasion moves are banned
|rule|Evasion Abilities Clause: Evasion abilities are banned
|rule|Sleep Moves Clause: Sleep-inducing moves are banned
|clearpoke
|poke|p1|Kingambit, F|
|poke|p1|Deoxys-Speed|
|poke|p1|Great Tusk|
|poke|p1|Dragonite, F|
|poke|p1|Iron Moth|
|poke|p1|Primarina, F|
|poke|p2|Trevenant, F|
|poke|p2|Ninetales, F|
|poke|p2|Walking Wake|
|poke|p2|Weezing-Galar, F|
|poke|p2|Great Tusk|
|poke|p2|Mandibuzz, F|
|teampreview
|
|t:|1760334339
|teamsize|p1|6
|teamsize|p2|6
|start
|switch|p1a: Iron Moth|Iron Moth|100/100
|switch|p2a: Weezing|Weezing-Galar, F, shiny|100/100
|-ability|p2a: Weezing|Neutralizing Gas
|turn|1
|inactive|Battle timer is ON: inactive players will automatically lose when time's up. (requested by GPKeith)
|
|t:|1760334370
|move|p1a: Iron Moth|Sludge Wave|p2a: Weezing
|-damage|p2a: Weezing|37/100
|move|p2a: Weezing|Pain Split|p1a: Iron Moth
|-sethp|p1a: Iron Moth|71/100|[from] move: Pain Split|[silent]
|-sethp|p2a: Weezing|64/100|[from] move: Pain Split
|
|upkeep
|turn|2
|
|t:|1760334395
|-end|p2a: Weezing|ability: Neutralizing Gas
|switch|p2a: Great Tusk|Great Tusk, shiny|100/100
|-enditem|p1a: Iron Moth|Booster Energy
|-activate|p1a: Iron Moth|ability: Quark Drive|[fromitem]
|-start|p1a: Iron Moth|quarkdrivespe
|move|p1a: Iron Moth|Fiery Dance|p2a: Great Tusk
|-damage|p2a: Great Tusk|36/100
|
|upkeep
|turn|3
|
|t:|1760334405
|move|p1a: Iron Moth|Fiery Dance|p2a: Great Tusk
|-damage|p2a: Great Tusk|0 fnt
|-boost|p1a: Iron Moth|spa|1
|faint|p2a: Great Tusk
|-end|p2a: Great Tusk|Protosynthesis|[silent]
|
|upkeep
|
|t:|1760334418
|switch|p2a: Ninetales|Ninetales, F, shiny|100/100
|-weather|SunnyDay|[from] ability: Drought|[of] p2a: Ninetales
|turn|4
|
|t:|1760334434
|-terastallize|p1a: Iron Moth|Ground
|move|p1a: Iron Moth|Tera Blast|p2a: Ninetales|[anim] Tera Blast Ground
|-supereffective|p2a: Ninetales
|-damage|p2a: Ninetales|0 fnt
|faint|p2a: Ninetales
|
|-weather|SunnyDay|[upkeep]
|upkeep
|
|t:|1760334439
|switch|p2a: Walking Wake|Walking Wake|100/100
|-activate|p2a: Walking Wake|ability: Protosynthesis
|-start|p2a: Walking Wake|protosynthesisspe
|turn|5
|
|t:|1760334453
|-end|p1a: Iron Moth|Quark Drive|[silent]
|switch|p1a: Pri|Primarina, F|100/100
|-terastallize|p2a: Walking Wake|Water
|move|p2a: Walking Wake|Hydro Steam|p1a: Pri
|-resisted|p1a: Pri
|-damage|p1a: Pri|60/100
|
|-weather|SunnyDay|[upkeep]
|upkeep
|turn|6
|
|t:|1760334471
|move|p2a: Walking Wake|Hydro Steam|p1a: Pri
|-resisted|p1a: Pri
|-damage|p1a: Pri|23/100
|move|p1a: Pri|Moonblast|p2a: Walking Wake
|-damage|p2a: Walking Wake|40/100
|
|-weather|SunnyDay|[upkeep]
|upkeep
|turn|7
|
|t:|1760334495
|move|p2a: Walking Wake|Hydro Steam|p1a: Pri
|-resisted|p1a: Pri
|-damage|p1a: Pri|0 fnt
|faint|p1a: Pri
|
|-weather|SunnyDay|[upkeep]
|upkeep
|
|t:|1760334509
|switch|p1a: Deoxys|Deoxys-Speed|100/100
|-ability|p1a: Deoxys|Pressure
|turn|8
|
|t:|1760334521
|move|p2a: Walking Wake|Hydro Steam|p1a: Deoxys
|-crit|p1a: Deoxys
|-damage|p1a: Deoxys|0 fnt
|faint|p1a: Deoxys
|
|-weather|SunnyDay|[upkeep]
|upkeep
|inactive|GPKeith has 120 seconds left.
|
|t:|1760334546
|switch|p1a: King|Kingambit, F|100/100
|-activate|p1a: King|ability: Supreme Overlord
|-start|p1a: King|fallen2|[silent]
|turn|9
|inactive|GPKeith has 120 seconds left.
|
|t:|1760334558
|move|p1a: King|Sucker Punch|p2a: Walking Wake
|-damage|p2a: Walking Wake|0 fnt
|faint|p2a: Walking Wake
|-end|p2a: Walking Wake|Protosynthesis|[silent]
|
|-weather|SunnyDay|[upkeep]
|upkeep
|
|t:|1760334566
|switch|p2a: Weezing|Weezing-Galar, F, shiny|64/100
|-ability|p2a: Weezing|Neutralizing Gas
|turn|10
|inactive|GPKeith has 120 seconds left.
|
|t:|1760334578
|move|p1a: King|Iron Head|p2a: Weezing
|-supereffective|p2a: Weezing
|-damage|p2a: Weezing|1/100
|-damage|p1a: King|84/100|[from] item: Rocky Helmet|[of] p2a: Weezing
|move|p2a: Weezing|Will-O-Wisp|p1a: King
|-status|p1a: King|brn
|
|-weather|SunnyDay|[upkeep]
|-heal|p1a: King|90/100 brn|[from] item: Leftovers
|-damage|p1a: King|84/100 brn|[from] brn
|upkeep
|turn|11
|
|t:|1760334591
|move|p1a: King|Sucker Punch||[still]
|-fail|p1a: King
|move|p2a: Weezing|Pain Split|p1a: King
|-sethp|p1a: King|42/100 brn|[from] move: Pain Split|[silent]
|-sethp|p2a: Weezing|49/100|[from] move: Pain Split
|
|-weather|none
|-heal|p1a: King|48/100 brn|[from] item: Leftovers
|-damage|p1a: King|42/100 brn|[from] brn
|upkeep
|turn|12
|
|t:|1760334600
|move|p1a: King|Iron Head|p2a: Weezing
|-supereffective|p2a: Weezing
|-damage|p2a: Weezing|15/100
|-damage|p1a: King|26/100 brn|[from] item: Rocky Helmet|[of] p2a: Weezing
|move|p2a: Weezing|Strange Steam|p1a: King
|-damage|p1a: King|0 fnt
|faint|p1a: King
|-end|p1a: King|fallen2|[silent]
|
|upkeep
|inactive|GPKeith has 120 seconds left.
|
|t:|1760334623
|switch|p1a: Iron Moth|Iron Moth, tera:Ground|71/100
|turn|13
|inactive|GPKeith has 120 seconds left.
|
|t:|1760334643
|move|p1a: Iron Moth|Tera Blast|p2a: Weezing|[anim] Tera Blast Ground
|-supereffective|p2a: Weezing
|-damage|p2a: Weezing|0 fnt
|faint|p2a: Weezing
|-end|p2a: Weezing|ability: Neutralizing Gas
|
|upkeep
|
|t:|1760334648
|switch|p2a: Mandibuzz|Mandibuzz, F, shiny|100/100
|turn|14
|
|t:|1760334656
|move|p1a: Iron Moth|Fiery Dance|p2a: Mandibuzz
|-damage|p2a: Mandibuzz|69/100
|move|p2a: Mandibuzz|Toxic|p1a: Iron Moth
|-status|p1a: Iron Moth|tox
|
|-damage|p1a: Iron Moth|65/100 tox|[from] psn
|upkeep
|turn|15
|
|t:|1760334664
|move|p1a: Iron Moth|Fiery Dance|p2a: Mandibuzz
|-damage|p2a: Mandibuzz|36/100
|move|p2a: Mandibuzz|Roost|p2a: Mandibuzz
|-heal|p2a: Mandibuzz|86/100
|-singleturn|p2a: Mandibuzz|move: Roost
|
|-damage|p1a: Iron Moth|53/100 tox|[from] psn
|upkeep
|turn|16
|
|t:|1760334678
|move|p1a: Iron Moth|Fiery Dance|p2a: Mandibuzz
|-damage|p2a: Mandibuzz|54/100
|-boost|p1a: Iron Moth|spa|1
|move|p2a: Mandibuzz|Iron Defense|p2a: Mandibuzz
|-boost|p2a: Mandibuzz|def|2
|
|-damage|p1a: Iron Moth|35/100 tox|[from] psn
|upkeep
|turn|17
|inactive|GPKeith has 120 seconds left.
|
|t:|1760334710
|move|p1a: Iron Moth|Fiery Dance|p2a: Mandibuzz
|-damage|p2a: Mandibuzz|5/100
|move|p2a: Mandibuzz|Roost|p2a: Mandibuzz
|-heal|p2a: Mandibuzz|55/100
|-singleturn|p2a: Mandibuzz|move: Roost
|
|-damage|p1a: Iron Moth|11/100 tox|[from] psn
|upkeep
|turn|18
|
|t:|1760334719
|move|p1a: Iron Moth|Fiery Dance|p2a: Mandibuzz
|-damage|p2a: Mandibuzz|5/100
|move|p2a: Mandibuzz|Roost|p2a: Mandibuzz
|-heal|p2a: Mandibuzz|56/100
|-singleturn|p2a: Mandibuzz|move: Roost
|
|-damage|p1a: Iron Moth|0 fnt|[from] psn
|faint|p1a: Iron Moth
|-end|p1a: Iron Moth|Quark Drive|[silent]
|upkeep
|inactive|GPKeith has 120 seconds left.
|
|t:|1760334732
|switch|p1a: Dragonite|Dragonite, F|100/100
|turn|19
|
|t:|1760334735
|move|p1a: Dragonite|Scale Shot|p2a: Mandibuzz
|-damage|p2a: Mandibuzz|50/100
|-crit|p2a: Mandibuzz
|-damage|p2a: Mandibuzz|32/100
|-hitcount|p2a: Mandibuzz|2
|-unboost|p1a: Dragonite|def|1
|-boost|p1a: Dragonite|spe|1
|move|p2a: Mandibuzz|Toxic|p1a: Dragonite
|-status|p1a: Dragonite|tox
|
|-damage|p1a: Dragonite|94/100 tox|[from] psn
|upkeep
|turn|20
|
|t:|1760334745
|move|p1a: Dragonite|Scale Shot|p2a: Mandibuzz
|-damage|p2a: Mandibuzz|25/100
|-damage|p2a: Mandibuzz|19/100
|-damage|p2a: Mandibuzz|13/100
|-damage|p2a: Mandibuzz|7/100
|-damage|p2a: Mandibuzz|0 fnt
|faint|p2a: Mandibuzz
|-hitcount|p2: Mandibuzz|5
|-unboost|p1a: Dragonite|def|1
|-boost|p1a: Dragonite|spe|1
|
|-damage|p1a: Dragonite|82/100 tox|[from] psn
|upkeep
|
|t:|1760334749
|switch|p2a: Trevenant|Trevenant, F, shiny|100/100
|turn|21
|
|t:|1760334767
|move|p2a: Trevenant|Protect|p2a: Trevenant
|-singleturn|p2a: Trevenant|Protect
|move|p1a: Dragonite|Scale Shot|p2a: Trevenant
|-activate|p2a: Trevenant|move: Protect
|
|-damage|p1a: Dragonite|64/100 tox|[from] psn
|upkeep
|turn|22
|
|t:|1760334786
|move|p1a: Dragonite|Scale Shot|p2a: Trevenant
|-damage|p2a: Trevenant|76/100
|-damage|p2a: Trevenant|52/100
|-damage|p2a: Trevenant|28/100
|-enditem|p2a: Trevenant|Sitrus Berry|[eat]
|-heal|p2a: Trevenant|53/100|[from] item: Sitrus Berry
|-hitcount|p2a: Trevenant|3
|-unboost|p1a: Dragonite|def|1
|-boost|p1a: Dragonite|spe|1
|move|p2a: Trevenant|Leech Seed|p1a: Dragonite
|-start|p1a: Dragonite|move: Leech Seed
|
|-damage|p1a: Dragonite|52/100 tox|[from] Leech Seed|[of] p2a: Trevenant
|-heal|p2a: Trevenant|64/100|[silent]
|-damage|p1a: Dragonite|27/100 tox|[from] psn
|upkeep
|turn|23
|
|t:|1760334800
|move|p2a: Trevenant|Protect|p2a: Trevenant
|-singleturn|p2a: Trevenant|Protect
|move|p1a: Dragonite|Scale Shot|p2a: Trevenant
|-activate|p2a: Trevenant|move: Protect
|
|-damage|p1a: Dragonite|15/100 tox|[from] Leech Seed|[of] p2a: Trevenant
|-heal|p2a: Trevenant|74/100|[silent]
|-damage|p1a: Dragonite|0 fnt|[from] psn
|faint|p1a: Dragonite
|-item|p2a: Trevenant|Sitrus Berry|[from] ability: Harvest
|upkeep
|inactive|GPKeith has 120 seconds left.
|
|t:|1760334811
|switch|p1a: Great Tusk|Great Tusk|100/100
|-enditem|p1a: Great Tusk|Booster Energy
|-activate|p1a: Great Tusk|ability: Protosynthesis|[fromitem]
|-start|p1a: Great Tusk|protosynthesisatk
|turn|24
|inactive|GPKeith has 120 seconds left.
|
|t:|1760334835
|move|p1a: Great Tusk|Headlong Rush|p2a: Trevenant
|-resisted|p2a: Trevenant
|-damage|p2a: Trevenant|25/100
|-unboost|p1a: Great Tusk|def|1
|-unboost|p1a: Great Tusk|spd|1
|-enditem|p2a: Trevenant|Sitrus Berry|[eat]
|-heal|p2a: Trevenant|50/100|[from] item: Sitrus Berry
|move|p2a: Trevenant|Leech Seed|p1a: Great Tusk
|-start|p1a: Great Tusk|move: Leech Seed
|
|-damage|p1a: Great Tusk|88/100|[from] Leech Seed|[of] p2a: Trevenant
|-heal|p2a: Trevenant|62/100|[silent]
|upkeep
|turn|25
|
|t:|1760334842
|move|p2a: Trevenant|Protect|p2a: Trevenant
|-singleturn|p2a: Trevenant|Protect
|move|p1a: Great Tusk|Headlong Rush|p2a: Trevenant
|-activate|p2a: Trevenant|move: Protect
|
|-damage|p1a: Great Tusk|76/100|[from] Leech Seed|[of] p2a: Trevenant
|-heal|p2a: Trevenant|75/100|[silent]
|-item|p2a: Trevenant|Sitrus Berry|[from] ability: Harvest
|upkeep
|turn|26
|inactive|GPKeith has 120 seconds left.
|
|t:|1760334850
|move|p1a: Great Tusk|Headlong Rush|p2a: Trevenant
|-resisted|p2a: Trevenant
|-damage|p2a: Trevenant|33/100
|-unboost|p1a: Great Tusk|def|1
|-unboost|p1a: Great Tusk|spd|1
|-enditem|p2a: Trevenant|Sitrus Berry|[eat]
|-heal|p2a: Trevenant|58/100|[from] item: Sitrus Berry
|move|p2a: Trevenant|Substitute|p2a: Trevenant
|-start|p2a: Trevenant|Substitute
|-damage|p2a: Trevenant|33/100
|
|-damage|p1a: Great Tusk|63/100|[from] Leech Seed|[of] p2a: Trevenant
|-heal|p2a: Trevenant|45/100|[silent]
|-item|p2a: Trevenant|Sitrus Berry|[from] ability: Harvest
|upkeep
|-enditem|p2a: Trevenant|Sitrus Berry|[eat]
|-heal|p2a: Trevenant|70/100|[from] item: Sitrus Berry
|turn|27
|inactive|GPKeith has 120 seconds left.
|
|t:|1760334865
|move|p2a: Trevenant|Protect|p2a: Trevenant
|-singleturn|p2a: Trevenant|Protect
|move|p1a: Great Tusk|Headlong Rush|p2a: Trevenant
|-activate|p2a: Trevenant|move: Protect
|
|-damage|p1a: Great Tusk|51/100|[from] Leech Seed|[of] p2a: Trevenant
|-heal|p2a: Trevenant|82/100|[silent]
|upkeep
|turn|28
|-message|GPKeith forfeited.
|
|win|plzmybodyisregi
|raw|GPKeith's rating: 1139 &rarr; <strong>1116</strong><br />(-23 for losing)
|raw|plzmybodyisregi's rating: 1171 &rarr; <strong>1194</strong><br />(+23 for winning)
|l|☆GPKeith
|player|p1|
|l|☆plzmybodyisregi
|player|p2|
