|j|☆spoons_R_bent
|j|☆Charming Up
|t:|1760430256
|gametype|singles
|player|p1|spoons_R_bent|clerkf|1141
|player|p2|Charming Up|winona|1141
|gen|9
|tier|[Gen 9] OU
|rated|
|rule|HP Percentage Mod: HP is shown in percentages
|rule|Endless Battle Clause: Forcing endless battles is banned
|rule|Species Clause: Limit one of each Pokémon
|rule|OHKO Clause: OHKO moves are banned
|rule|Evasion Items Clause: Evasion items are banned
|rule|Evasion Moves Clause: Evasion moves are banned
|rule|Evasion Abilities Clause: Evasion abilities are banned
|rule|Sleep Moves Clause: Sleep-inducing moves are banned
|clearpoke
|poke|p1|Ninetales, F|
|poke|p1|Rillaboom, F|
|poke|p1|Leavanny, F|
|poke|p1|Lilligant-Hisui, F|
|poke|p1|Cinderace, M|
|poke|p1|Skeledirge, F|
|poke|p2|Landorus-Therian, M|
|poke|p2|Samurott-Hisui, M|
|poke|p2|Pecharunt|
|poke|p2|Scizor, M|
|poke|p2|Latios, M|
|poke|p2|Zamazenta-*|
|teampreview
|inactive|Battle timer is ON: inactive players will automatically lose when time's up. (requested by Charming Up)
|
|t:|1760430264
|teamsize|p1|6
|teamsize|p2|6
|start
|switch|p1a: Ninetales|Ninetales, F|100/100
|switch|p2a: Landorus|Landorus-Therian, M|100/100
|-weather|SunnyDay|[from] ability: Drought|[of] p1a: Ninetales
|-ability|p2a: Landorus|Intimidate|boost
|-unboost|p1a: Ninetales|atk|1
|turn|1
|
|t:|1760430277
|move|p1a: Ninetales|Will-O-Wisp|p2a: Landorus
|-status|p2a: Landorus|brn
|move|p2a: Landorus|Earthquake|p1a: Ninetales
|-supereffective|p1a: Ninetales
|-damage|p1a: Ninetales|41/100
|
|-weather|SunnyDay|[upkeep]
|-damage|p2a: Landorus|94/100 brn|[from] brn
|upkeep
|turn|2
|
|t:|1760430287
|switch|p1a: Rillaboom|Rillaboom, F|100/100
|-fieldstart|move: Grassy Terrain|[from] ability: Grassy Surge|[of] p1a: Rillaboom
|move|p2a: Landorus|Earthquake|p1a: Rillaboom
|-resisted|p1a: Rillaboom
|-damage|p1a: Rillaboom|95/100
|
|-weather|SunnyDay|[upkeep]
|-heal|p1a: Rillaboom|100/100|[from] Grassy Terrain
|-damage|p2a: Landorus|88/100 brn|[from] brn
|upkeep
|turn|3
|
|t:|1760430310
|move|p2a: Landorus|Stealth Rock|p1a: Rillaboom
|-sidestart|p1: spoons_R_bent|move: Stealth Rock
|move|p1a: Rillaboom|Wood Hammer|p2a: Landorus
|-damage|p2a: Landorus|9/100 brn
|-damage|p1a: Rillaboom|84/100|[from] item: Rocky Helmet|[of] p2a: Landorus
|-damage|p1a: Rillaboom|59/100|[from] Recoil
|
|-weather|SunnyDay|[upkeep]
|-heal|p1a: Rillaboom|65/100|[from] Grassy Terrain
|-damage|p2a: Landorus|3/100 brn|[from] brn
|upkeep
|turn|4
|
|t:|1760430328
|switch|p2a: Pecharunt|Pecharunt|100/100
|move|p1a: Rillaboom|Grassy Glide|p2a: Pecharunt
|-resisted|p2a: Pecharunt
|-damage|p2a: Pecharunt|89/100
|
|-weather|SunnyDay|[upkeep]
|-heal|p2a: Pecharunt|95/100|[from] Grassy Terrain
|-heal|p1a: Rillaboom|72/100|[from] Grassy Terrain
|upkeep
|turn|5
|
|t:|1760430341
|move|p2a: Pecharunt|Malignant Chain|p1a: Rillaboom
|-supereffective|p1a: Rillaboom
|-damage|p1a: Rillaboom|9/100
|-status|p1a: Rillaboom|tox
|-start|p1a: Rillaboom|confusion|[from] ability: Poison Puppeteer|[of] p2a: Pecharunt
|-activate|p1a: Rillaboom|confusion
|move|p1a: Rillaboom|U-turn|p2a: Pecharunt
|-resisted|p2a: Pecharunt
|-damage|p2a: Pecharunt|92/100
|
|t:|1760430359
|switch|p1a: Cinderace|Cinderace, M|100/100|[from] U-turn
|-damage|p1a: Cinderace|76/100|[from] Stealth Rock
|
|-weather|SunnyDay|[upkeep]
|-heal|p1a: Cinderace|82/100|[from] Grassy Terrain
|-heal|p2a: Pecharunt|98/100|[from] Grassy Terrain
|upkeep
|turn|6
|
|t:|1760430374
|move|p1a: Cinderace|Pyro Ball|p2a: Pecharunt
|-damage|p2a: Pecharunt|26/100
|-status|p2a: Pecharunt|brn
|move|p2a: Pecharunt|Malignant Chain|p1a: Cinderace
|-damage|p1a: Cinderace|36/100
|
|-weather|SunnyDay|[upkeep]
|-heal|p1a: Cinderace|42/100|[from] Grassy Terrain
|-heal|p2a: Pecharunt|32/100 brn|[from] Grassy Terrain
|-damage|p2a: Pecharunt|26/100 brn|[from] brn
|upkeep
|turn|7
|
|t:|1760430388
|switch|p2a: Landorus|Landorus-Therian, M|3/100 brn
|-ability|p2a: Landorus|Intimidate|boost
|-unboost|p1a: Cinderace|atk|1
|move|p1a: Cinderace|Pyro Ball|p2a: Landorus
|-damage|p2a: Landorus|0 fnt
|faint|p2a: Landorus
|
|-weather|SunnyDay|[upkeep]
|-heal|p1a: Cinderace|48/100|[from] Grassy Terrain
|upkeep
|
|t:|1760430402
|switch|p2a: Zamazenta|Zamazenta|100/100
|-ability|p2a: Zamazenta|Dauntless Shield|boost
|-boost|p2a: Zamazenta|def|1
|turn|8
|
|t:|1760430408
|-terastallize|p1a: Cinderace|Fire
|move|p2a: Zamazenta|Iron Defense|p2a: Zamazenta
|-boost|p2a: Zamazenta|def|2
|move|p1a: Cinderace|Pyro Ball|p2a: Zamazenta
|-damage|p2a: Zamazenta|67/100
|-status|p2a: Zamazenta|brn
|
|-weather|none
|-heal|p2a: Zamazenta|73/100 brn|[from] Grassy Terrain
|-heal|p2a: Zamazenta|80/100 brn|[from] item: Leftovers
|-heal|p1a: Cinderace|54/100|[from] Grassy Terrain
|-damage|p2a: Zamazenta|73/100 brn|[from] brn
|upkeep
|turn|9
|
|t:|1760430429
|switch|p1a: Skeledirge|Skeledirge, F|100/100
|-damage|p1a: Skeledirge|76/100|[from] Stealth Rock
|move|p2a: Zamazenta|Body Press|p1a: Skeledirge
|-immune|p1a: Skeledirge
|
|-heal|p2a: Zamazenta|80/100 brn|[from] Grassy Terrain
|-heal|p2a: Zamazenta|86/100 brn|[from] item: Leftovers
|-heal|p1a: Skeledirge|82/100|[from] Grassy Terrain
|-damage|p2a: Zamazenta|80/100 brn|[from] brn
|-fieldend|move: Grassy Terrain
|upkeep
|turn|10
|
|t:|1760430443
|move|p2a: Zamazenta|Crunch|p1a: Skeledirge
|-supereffective|p1a: Skeledirge
|-damage|p1a: Skeledirge|64/100
|-unboost|p1a: Skeledirge|def|1
|move|p1a: Skeledirge|Torch Song|p2a: Zamazenta
|-damage|p2a: Zamazenta|49/100 brn
|-boost|p1a: Skeledirge|spa|1
|
|-heal|p2a: Zamazenta|55/100 brn|[from] item: Leftovers
|-damage|p2a: Zamazenta|49/100 brn|[from] brn
|upkeep
|turn|11
|
|t:|1760430456
|move|p2a: Zamazenta|Crunch|p1a: Skeledirge
|-supereffective|p1a: Skeledirge
|-damage|p1a: Skeledirge|41/100
|-enditem|p1a: Skeledirge|Sitrus Berry|[eat]
|-heal|p1a: Skeledirge|66/100|[from] item: Sitrus Berry
|move|p1a: Skeledirge|Torch Song|p2a: Zamazenta
|-crit|p2a: Zamazenta
|-damage|p2a: Zamazenta|0 fnt
|-boost|p1a: Skeledirge|spa|1
|faint|p2a: Zamazenta
|
|upkeep
|
|t:|1760430464
|switch|p2a: Samurott|Samurott-Hisui, M|100/100
|turn|12
|
|t:|1760430484
|switch|p1a: Lilligant|Lilligant-Hisui, F|100/100
|-damage|p1a: Lilligant|94/100|[from] Stealth Rock
|move|p2a: Samurott|Ceaseless Edge|p1a: Lilligant
|-resisted|p1a: Lilligant
|-damage|p1a: Lilligant|68/100
|-sidestart|p1: spoons_R_bent|Spikes
|
|upkeep
|turn|13
|
|t:|1760430493
|switch|p2a: Scizor|Scizor, M|100/100
|move|p1a: Lilligant|Victory Dance|p1a: Lilligant
|-boost|p1a: Lilligant|atk|1
|-boost|p1a: Lilligant|def|1
|-boost|p1a: Lilligant|spe|1
|
|upkeep
|turn|14
|
|t:|1760430501
|move|p1a: Lilligant|Victory Dance|p1a: Lilligant
|-boost|p1a: Lilligant|atk|1
|-boost|p1a: Lilligant|def|1
|-boost|p1a: Lilligant|spe|1
|move|p2a: Scizor|Swords Dance|p2a: Scizor
|-boost|p2a: Scizor|atk|2
|
|upkeep
|turn|15
|
|t:|1760430510
|move|p1a: Lilligant|Close Combat|p2a: Scizor
|-damage|p2a: Scizor|0 fnt
|-unboost|p1a: Lilligant|def|1
|-unboost|p1a: Lilligant|spd|1
|faint|p2a: Scizor
|-damage|p1a: Lilligant|58/100|[from] item: Life Orb
|
|upkeep
|
|t:|1760430514
|switch|p2a: Pecharunt|Pecharunt|26/100 brn
|turn|16
|-message|Charming Up forfeited.
|
|win|spoons_R_bent
|raw|spoons_R_bent's rating: 1141 &rarr; <strong>1166</strong><br />(+25 for winning)
|raw|Charming Up's rating: 1141 &rarr; <strong>1116</strong><br />(-25 for losing)
|l|☆Charming Up
|player|p2|
|l|☆spoons_R_bent
|player|p1|
