|j|☆xcc019019
|j|☆huey888
|t:|1760361356
|gametype|singles
|player|p1|xcc019019|102|1423
|player|p2|huey888|bugcatcher-gen4dp|1429
|gen|9
|tier|[Gen 9] OU
|rated|
|rule|HP Percentage Mod: HP is shown in percentages
|rule|Endless Battle Clause: Forcing endless battles is banned
|rule|Species Clause: Limit one of each Pokémon
|rule|OHKO Clause: OHKO moves are banned
|rule|Evasion Items Clause: Evasion items are banned
|rule|Evasion Moves Clause: Evasion moves are banned
|rule|Evasion Abilities Clause: Evasion abilities are banned
|rule|Sleep Moves Clause: Sleep-inducing moves are banned
|clearpoke
|poke|p1|Gholdengo|
|poke|p1|Kingambit, F|
|poke|p1|Dondozo, F|
|poke|p1|Dragonite, F|
|poke|p1|Greninja-*, M|
|poke|p1|Iron Crown|
|poke|p2|Darkrai|
|poke|p2|Ceruledge, M|
|poke|p2|Sableye, M|
|poke|p2|Great Tusk|
|poke|p2|Iron Moth|
|poke|p2|Kingambit, M|
|teampreview
|
|t:|1760361365
|teamsize|p1|6
|teamsize|p2|6
|start
|switch|p1a: Iron Crown|Iron Crown|100/100
|switch|p2a: Sableye|Sableye, M|100/100
|turn|1
|
|t:|1760361374
|move|p1a: Iron Crown|Tachyon Cutter|p2a: Sableye
|-damage|p2a: Sableye|63/100
|-damage|p2a: Sableye|27/100
|-hitcount|p2a: Sableye|2
|move|p2a: Sableye|Knock Off|p1a: Iron Crown
|-supereffective|p1a: Iron Crown
|-damage|p1a: Iron Crown|46/100
|-enditem|p1a: Iron Crown|Choice Scarf|[from] move: Knock Off|[of] p2a: Sableye
|
|-heal|p2a: Sableye|34/100|[from] item: Leftovers
|upkeep
|turn|2
|
|t:|1760361397
|switch|p2a: Iron Moth|Iron Moth|100/100
|-enditem|p2a: Iron Moth|Booster Energy
|-activate|p2a: Iron Moth|ability: Quark Drive|[fromitem]
|-start|p2a: Iron Moth|quarkdrivespe
|move|p1a: Iron Crown|Tachyon Cutter|p2a: Iron Moth
|-resisted|p2a: Iron Moth
|-damage|p2a: Iron Moth|89/100
|-resisted|p2a: Iron Moth
|-damage|p2a: Iron Moth|76/100
|-hitcount|p2a: Iron Moth|2
|
|upkeep
|turn|3
|
|t:|1760361407
|move|p2a: Iron Moth|Fiery Dance|p1a: Iron Crown
|-supereffective|p1a: Iron Crown
|-damage|p1a: Iron Crown|0 fnt
|-boost|p2a: Iron Moth|spa|1
|faint|p1a: Iron Crown
|-end|p1a: Iron Crown|Quark Drive|[silent]
|
|upkeep
|
|t:|1760361413
|switch|p1a: Greninja|Greninja, M|100/100
|turn|4
|
|t:|1760361418
|move|p2a: Iron Moth|Energy Ball|p1a: Greninja
|-supereffective|p1a: Greninja
|-damage|p1a: Greninja|0 fnt
|faint|p1a: Greninja
|
|upkeep
|
|t:|1760361431
|switch|p1a: Dondozo|Dondozo, F|100/100
|turn|5
|
|t:|1760361449
|-terastallize|p2a: Iron Moth|Grass
|-terastallize|p1a: Dondozo|Grass
|move|p2a: Iron Moth|Energy Ball|p1a: Dondozo
|-resisted|p1a: Dondozo
|-damage|p1a: Dondozo|78/100
|move|p1a: Dondozo|Earthquake|p2a: Iron Moth
|-resisted|p2a: Iron Moth
|-damage|p2a: Iron Moth|57/100
|
|-heal|p1a: Dondozo|84/100|[from] item: Leftovers
|upkeep
|turn|6
|
|t:|1760361459
|move|p2a: Iron Moth|Fiery Dance|p1a: Dondozo
|-supereffective|p1a: Dondozo
|-damage|p1a: Dondozo|7/100
|move|p1a: Dondozo|Avalanche|p2a: Iron Moth
|-supereffective|p2a: Iron Moth
|-damage|p2a: Iron Moth|0 fnt
|faint|p2a: Iron Moth
|-end|p2a: Iron Moth|Quark Drive|[silent]
|
|-heal|p1a: Dondozo|13/100|[from] item: Leftovers
|upkeep
|
|t:|1760361469
|switch|p2a: Ceruledge|Ceruledge, M|100/100
|turn|7
|
|t:|1760361483
|move|p2a: Ceruledge|Bitter Blade|p1a: Dondozo
|-supereffective|p1a: Dondozo
|-damage|p1a: Dondozo|0 fnt
|faint|p1a: Dondozo
|
|upkeep
|
|t:|1760361490
|switch|p1a: Dragonite|Dragonite, F|100/100
|turn|8
|
|t:|1760361503
|move|p2a: Ceruledge|Swords Dance|p2a: Ceruledge
|-boost|p2a: Ceruledge|atk|2
|move|p1a: Dragonite|Dragon Dance|p1a: Dragonite
|-boost|p1a: Dragonite|atk|1
|-boost|p1a: Dragonite|spe|1
|
|upkeep
|turn|9
|
|t:|1760361509
|move|p2a: Ceruledge|Shadow Sneak|p1a: Dragonite
|-damage|p1a: Dragonite|75/100
|-damage|p2a: Ceruledge|84/100|[from] item: Rocky Helmet|[of] p1a: Dragonite
|move|p1a: Dragonite|Encore|p2a: Ceruledge
|-start|p2a: Ceruledge|Encore
|
|upkeep
|turn|10
|
|t:|1760361515
|move|p1a: Dragonite|Extreme Speed|p2a: Ceruledge
|-immune|p2a: Ceruledge
|move|p2a: Ceruledge|Shadow Sneak|p1a: Dragonite
|-damage|p1a: Dragonite|25/100
|-damage|p2a: Ceruledge|68/100|[from] item: Rocky Helmet|[of] p1a: Dragonite
|
|upkeep
|turn|11
|
|t:|1760361522
|move|p2a: Ceruledge|Shadow Sneak|p1a: Dragonite
|-damage|p1a: Dragonite|0 fnt
|-damage|p2a: Ceruledge|51/100|[from] item: Rocky Helmet|[of] p1a: Dragonite
|faint|p1a: Dragonite
|
|upkeep
|
|t:|1760361527
|switch|p1a: Gholdengo|Gholdengo, shiny|100/100
|-item|p1a: Gholdengo|Air Balloon
|turn|12
|
|t:|1760361531
|move|p2a: Ceruledge|Shadow Sneak|p1a: Gholdengo
|-supereffective|p1a: Gholdengo
|-damage|p1a: Gholdengo|0 fnt
|-enditem|p1a: Gholdengo|Air Balloon
|faint|p1a: Gholdengo
|
|-end|p2a: Ceruledge|Encore
|upkeep
|
|t:|1760361537
|switch|p1a: Kingambit|Kingambit, F|100/100
|-activate|p1a: Kingambit|ability: Supreme Overlord
|-start|p1a: Kingambit|fallen5|[silent]
|turn|13
|
|t:|1760361541
|move|p2a: Ceruledge|Bitter Blade|p1a: Kingambit
|-supereffective|p1a: Kingambit
|-damage|p1a: Kingambit|0 fnt
|-heal|p2a: Ceruledge|100/100|[from] drain|[of] p1a: Kingambit
|faint|p1a: Kingambit
|-end|p1a: Kingambit|fallen5|[silent]
|
|win|huey888
|raw|xcc019019's rating: 1423 &rarr; <strong>1403</strong><br />(-20 for losing)
|raw|huey888's rating: 1429 &rarr; <strong>1449</strong><br />(+20 for winning)
|l|☆huey888
|player|p2|
|l|☆xcc019019
|player|p1|
