|j|☆bobbydeoliscool
|j|☆bordercauley
|t:|1760462191
|gametype|singles
|player|p1|bobbydeoliscool|102|1629
|player|p2|bordercauley|169|1563
|gen|9
|tier|[Gen 9] OU
|rated|
|rule|HP Percentage Mod: HP is shown in percentages
|rule|Endless Battle Clause: Forcing endless battles is banned
|rule|Species Clause: Limit one of each Pokémon
|rule|OHKO Clause: OHKO moves are banned
|rule|Evasion Items Clause: Evasion items are banned
|rule|Evasion Moves Clause: Evasion moves are banned
|rule|Evasion Abilities Clause: Evasion abilities are banned
|rule|Sleep Moves Clause: Sleep-inducing moves are banned
|clearpoke
|poke|p1|Moltres|
|poke|p1|Zamazenta-*|
|poke|p1|Darkrai|
|poke|p1|Hydrapple, M|
|poke|p1|Ting-Lu|
|poke|p1|Tinkaton, F|
|poke|p2|Meowscarada, F|
|poke|p2|Pelipper, M|
|poke|p2|Floatzel, M|
|poke|p2|Quaquaval, M|
|poke|p2|Sinistcha|
|poke|p2|Kilowattrel, F|
|teampreview
|inactive|Battle timer is ON: inactive players will automatically lose when time's up. (requested by bobbydeoliscool)
|
|t:|1760462202
|teamsize|p1|6
|teamsize|p2|6
|start
|switch|p1a: Tinkaton|Tinkaton, F|100/100
|switch|p2a: Cat|Meowscarada, F|100/100
|-ability|p1a: Tinkaton|Mold Breaker
|turn|1
|
|t:|1760462208
|move|p2a: Cat|Taunt|p1a: Tinkaton
|-start|p1a: Tinkaton|move: Taunt
|cant|p1a: Tinkaton|move: Taunt|Thunder Wave
|
|upkeep
|turn|2
|
|t:|1760462212
|move|p2a: Cat|Spikes|p1a: Tinkaton
|-sidestart|p1: bobbydeoliscool|Spikes
|move|p1a: Tinkaton|Gigaton Hammer|p2a: Cat
|-damage|p2a: Cat|26/100
|
|upkeep
|turn|3
|
|t:|1760462218
|switch|p1a: Moltres|Moltres|100/100
|move|p2a: Cat|Knock Off|p1a: Moltres
|-damage|p1a: Moltres|77/100
|-status|p2a: Cat|brn|[from] ability: Flame Body|[of] p1a: Moltres
|-enditem|p1a: Moltres|Heavy-Duty Boots|[from] move: Knock Off|[of] p2a: Cat
|
|-damage|p2a: Cat|20/100 brn|[from] brn
|upkeep
|turn|4
|
|t:|1760462225
|move|p2a: Cat|Spikes|p1a: Moltres
|-sidestart|p1: bobbydeoliscool|Spikes
|move|p1a: Moltres|U-turn|p2a: Cat
|-supereffective|p2a: Cat
|-damage|p2a: Cat|0 fnt
|faint|p2a: Cat
|
|t:|1760462229
|switch|p1a: Tinkaton|Tinkaton, F|100/100|[from] U-turn
|-ability|p1a: Tinkaton|Mold Breaker
|
|upkeep
|
|t:|1760462239
|switch|p2a: Bird2|Kilowattrel, F|100/100
|turn|5
|
|t:|1760462243
|move|p2a: Bird2|Thunder|p1a: Tinkaton
|-damage|p1a: Tinkaton|39/100
|-status|p1a: Tinkaton|par
|move|p1a: Tinkaton|Stealth Rock|p2a: Bird2
|-sidestart|p2: bordercauley|move: Stealth Rock
|
|upkeep
|turn|6
|
|t:|1760462250
|switch|p2a: Bird|Pelipper, M|100/100
|-damage|p2a: Bird|76/100|[from] Stealth Rock
|-weather|RainDance|[from] ability: Drizzle|[of] p2a: Bird
|move|p1a: Tinkaton|Encore||[still]
|-fail|p1a: Tinkaton
|
|-weather|RainDance|[upkeep]
|upkeep
|turn|7
|
|t:|1760462253
|move|p1a: Tinkaton|Thunder Wave|p2a: Bird
|-status|p2a: Bird|par
|move|p2a: Bird|U-turn|p1a: Tinkaton
|-resisted|p1a: Tinkaton
|-damage|p1a: Tinkaton|36/100 par
|
|t:|1760462259
|switch|p2a: Duck|Quaquaval, M|100/100|[from] U-turn
|-damage|p2a: Duck|94/100|[from] Stealth Rock
|
|-weather|RainDance|[upkeep]
|-heal|p2a: Duck|100/100|[from] item: Leftovers
|upkeep
|turn|8
|
|t:|1760462264
|switch|p1a: Hydrapple|Hydrapple, M|100/100
|move|p2a: Duck|Aqua Step|p1a: Hydrapple
|-resisted|p1a: Hydrapple
|-damage|p1a: Hydrapple|92/100
|-boost|p2a: Duck|spe|1
|
|-weather|RainDance|[upkeep]
|upkeep
|turn|9
|
|t:|1760462276
|-terastallize|p2a: Duck|Fairy
|move|p2a: Duck|Ice Spinner|p1a: Hydrapple
|-supereffective|p1a: Hydrapple
|-damage|p1a: Hydrapple|31/100
|move|p1a: Hydrapple|Giga Drain|p2a: Duck
|-damage|p2a: Duck|55/100
|-heal|p1a: Hydrapple|48/100|[from] drain|[of] p2a: Duck
|
|-weather|RainDance|[upkeep]
|-heal|p2a: Duck|61/100|[from] item: Leftovers
|upkeep
|turn|10
|
|t:|1760462284
|switch|p1a: Tinkaton|Tinkaton, F|36/100 par
|-ability|p1a: Tinkaton|Mold Breaker
|move|p2a: Duck|Aqua Step|p1a: Tinkaton
|-damage|p1a: Tinkaton|0 fnt
|-boost|p2a: Duck|spe|1
|faint|p1a: Tinkaton
|-ability|p2a: Duck|Moxie|boost
|-boost|p2a: Duck|atk|1
|
|-weather|RainDance|[upkeep]
|-heal|p2a: Duck|67/100|[from] item: Leftovers
|upkeep
|inactive|bobbydeoliscool has 120 seconds left.
|
|t:|1760462324
|switch|p1a: Ting-Lu|Ting-Lu|100/100
|-damage|p1a: Ting-Lu|84/100|[from] Spikes
|-ability|p1a: Ting-Lu|Vessel of Ruin
|turn|11
|inactive|bobbydeoliscool has 120 seconds left.
|
|t:|1760462335
|-terastallize|p1a: Ting-Lu|Water
|move|p2a: Duck|Aqua Step|p1a: Ting-Lu
|-resisted|p1a: Ting-Lu
|-damage|p1a: Ting-Lu|60/100
|-boost|p2a: Duck|spe|1
|move|p1a: Ting-Lu|Whirlwind|p2a: Duck
|drag|p2a: Weasel|Floatzel, M|100/100
|-damage|p2a: Weasel|88/100|[from] Stealth Rock
|
|-weather|RainDance|[upkeep]
|-heal|p1a: Ting-Lu|66/100|[from] item: Leftovers
|upkeep
|turn|12
|inactive|bobbydeoliscool has 120 seconds left.
|
|t:|1760462346
|move|p2a: Weasel|Liquidation|p1a: Ting-Lu
|-resisted|p1a: Ting-Lu
|-damage|p1a: Ting-Lu|41/100
|-unboost|p1a: Ting-Lu|def|1
|move|p1a: Ting-Lu|Spikes|p2a: Weasel
|-sidestart|p2: bordercauley|Spikes
|
|-weather|RainDance|[upkeep]
|-heal|p1a: Ting-Lu|47/100|[from] item: Leftovers
|upkeep
|turn|13
|
|t:|1760462351
|move|p2a: Weasel|Liquidation|p1a: Ting-Lu
|-resisted|p1a: Ting-Lu
|-damage|p1a: Ting-Lu|7/100
|move|p1a: Ting-Lu|Earthquake|p2a: Weasel
|-damage|p2a: Weasel|24/100
|
|-weather|none
|-heal|p1a: Ting-Lu|13/100|[from] item: Leftovers
|upkeep
|turn|14
|
|t:|1760462356
|move|p2a: Weasel|Liquidation|p1a: Ting-Lu
|-resisted|p1a: Ting-Lu
|-crit|p1a: Ting-Lu
|-damage|p1a: Ting-Lu|0 fnt
|faint|p1a: Ting-Lu
|
|upkeep
|
|t:|1760462363
|switch|p1a: Zamazenta|Zamazenta|100/100
|-ability|p1a: Zamazenta|Dauntless Shield|boost
|-boost|p1a: Zamazenta|def|1
|turn|15
|
|t:|1760462366
|move|p1a: Zamazenta|Crunch|p2a: Weasel
|-damage|p2a: Weasel|0 fnt
|faint|p2a: Weasel
|
|upkeep
|
|t:|1760462371
|switch|p2a: Tea|Sinistcha|100/100
|-damage|p2a: Tea|88/100|[from] Stealth Rock
|-damage|p2a: Tea|76/100|[from] Spikes
|turn|16
|
|t:|1760462377
|switch|p1a: Moltres|Moltres|77/100
|move|p2a: Tea|Matcha Gotcha|p1a: Moltres
|-resisted|p1a: Moltres
|-damage|p1a: Moltres|69/100
|-heal|p2a: Tea|80/100|[from] drain|[of] p1a: Moltres
|
|-heal|p2a: Tea|86/100|[from] item: Leftovers
|upkeep
|turn|17
|
|t:|1760462385
|move|p1a: Moltres|U-turn|p2a: Tea
|-damage|p2a: Tea|75/100
|
|t:|1760462387
|switch|p1a: Hydrapple|Hydrapple, M|81/100|[from] U-turn
|move|p2a: Tea|Calm Mind|p2a: Tea
|-boost|p2a: Tea|spa|1
|-boost|p2a: Tea|spd|1
|
|-heal|p2a: Tea|81/100|[from] item: Leftovers
|upkeep
|turn|18
|
|t:|1760462393
|switch|p1a: Darkrai|Darkrai, shiny|100/100
|-damage|p1a: Darkrai|84/100|[from] Spikes
|move|p2a: Tea|Shadow Ball|p1a: Darkrai
|-resisted|p1a: Darkrai
|-damage|p1a: Darkrai|61/100
|
|-heal|p2a: Tea|87/100|[from] item: Leftovers
|upkeep
|turn|19
|
|t:|1760462402
|switch|p2a: Bird|Pelipper, M|76/100 par
|-damage|p2a: Bird|51/100 par|[from] Stealth Rock
|-weather|RainDance|[from] ability: Drizzle|[of] p2a: Bird
|move|p1a: Darkrai|Knock Off|p2a: Bird
|-damage|p2a: Bird|27/100 par
|-enditem|p2a: Bird|Damp Rock|[from] move: Knock Off|[of] p1a: Darkrai
|
|-weather|RainDance|[upkeep]
|upkeep
|turn|20
|
|t:|1760462406
|move|p1a: Darkrai|Dark Pulse|p2a: Bird
|-damage|p2a: Bird|0 fnt
|faint|p2a: Bird
|
|-weather|RainDance|[upkeep]
|upkeep
|
|t:|1760462411
|switch|p2a: Duck|Quaquaval, M, tera:Fairy|67/100
|-damage|p2a: Duck|55/100|[from] Stealth Rock
|-damage|p2a: Duck|43/100|[from] Spikes
|turn|21
|
|t:|1760462414
|move|p1a: Darkrai|Sludge Bomb|p2a: Duck
|-supereffective|p2a: Duck
|-damage|p2a: Duck|0 fnt
|faint|p2a: Duck
|
|-weather|RainDance|[upkeep]
|upkeep
|
|t:|1760462417
|switch|p2a: Bird2|Kilowattrel, F|100/100
|-damage|p2a: Bird2|76/100|[from] Stealth Rock
|turn|22
|
|t:|1760462422
|move|p1a: Darkrai|Ice Beam|p2a: Bird2
|-supereffective|p2a: Bird2
|-damage|p2a: Bird2|0 fnt
|faint|p2a: Bird2
|
|-weather|RainDance|[upkeep]
|upkeep
|
|t:|1760462425
|switch|p2a: Tea|Sinistcha|87/100
|-damage|p2a: Tea|75/100|[from] Stealth Rock
|-damage|p2a: Tea|62/100|[from] Spikes
|turn|23
|c|☆bordercauley|gg
|
|t:|1760462431
|move|p1a: Darkrai|Knock Off|p2a: Tea
|-supereffective|p2a: Tea
|-crit|p2a: Tea
|-damage|p2a: Tea|0 fnt
|-enditem|p2a: Tea|Leftovers|[from] move: Knock Off|[of] p1a: Darkrai
|faint|p2a: Tea
|
|win|bobbydeoliscool
|raw|bobbydeoliscool's rating: 1629 &rarr; <strong>1645</strong><br />(+16 for winning)
|raw|bordercauley's rating: 1563 &rarr; <strong>1547</strong><br />(-16 for losing)
|l|☆bordercauley
|player|p2|
|c|☆bobbydeoliscool|gg
|l|☆bobbydeoliscool
|player|p1|
