|j|☆hundredswords
|j|☆ruyusbunyus
|t:|1760375351
|gametype|singles
|player|p1|hundredswords|cynthia|1414
|player|p2|ruyusbunyus|169|1475
|gen|9
|tier|[Gen 9] OU
|rated|
|rule|HP Percentage Mod: HP is shown in percentages
|rule|Endless Battle Clause: Forcing endless battles is banned
|rule|Species Clause: Limit one of each Pokémon
|rule|OHKO Clause: OHKO moves are banned
|rule|Evasion Items Clause: Evasion items are banned
|rule|Evasion Moves Clause: Evasion moves are banned
|rule|Evasion Abilities Clause: Evasion abilities are banned
|rule|Sleep Moves Clause: Sleep-inducing moves are banned
|clearpoke
|poke|p1|Heatran, M|
|poke|p1|Weavile, M|
|poke|p1|Primarina, M|
|poke|p1|Ogerpon, F|
|poke|p1|Pecharunt|
|poke|p1|Great Tusk|
|poke|p2|Glimmora, F|
|poke|p2|Corviknight, F|
|poke|p2|Ting-Lu|
|poke|p2|Frosmoth, F|
|poke|p2|Ambipom, M|
|poke|p2|Dragapult, F|
|teampreview
|
|t:|1760375367
|teamsize|p1|6
|teamsize|p2|6
|start
|switch|p1a: Turkey|Great Tusk|100/100
|switch|p2a: Ambipom|Ambipom, M|100/100
|turn|1
|
|t:|1760375386
|move|p2a: Ambipom|Fake Out|p1a: Turkey
|-damage|p1a: Turkey|76/100
|-damage|p2a: Ambipom|91/100|[from] item: Life Orb
|cant|p1a: Turkey|flinch
|
|upkeep
|turn|2
|
|t:|1760375394
|move|p2a: Ambipom|Triple Axel|p1a: Turkey
|-supereffective|p1a: Turkey
|-damage|p1a: Turkey|59/100
|-supereffective|p1a: Turkey
|-damage|p1a: Turkey|27/100
|-supereffective|p1a: Turkey
|-damage|p1a: Turkey|0 fnt
|faint|p1a: Turkey
|-end|p1a: Turkey|Protosynthesis|[silent]
|-hitcount|p1: Turkey|3
|-damage|p2a: Ambipom|81/100|[from] item: Life Orb
|
|upkeep
|
|t:|1760375406
|switch|p1a: Lingonberry|Pecharunt|100/100
|turn|3
|
|t:|1760375411
|switch|p2a: Glimmora|Glimmora, F, shiny|100/100
|move|p1a: Lingonberry|Parting Shot|p2a: Glimmora
|-unboost|p2a: Glimmora|atk|1
|-unboost|p2a: Glimmora|spa|1
|
|t:|1760375422
|switch|p1a: Sardinia|Primarina, M, shiny|100/100|[from] Parting Shot
|
|upkeep
|turn|4
|
|t:|1760375428
|switch|p2a: Frosmoth|Frosmoth, F|100/100
|move|p1a: Sardinia|Psychic Noise|p2a: Frosmoth
|-damage|p2a: Frosmoth|84/100
|-start|p2a: Frosmoth|move: Heal Block
|
|upkeep
|turn|5
|
|t:|1760375442
|move|p2a: Frosmoth|Quiver Dance|p2a: Frosmoth
|-boost|p2a: Frosmoth|spa|1
|-boost|p2a: Frosmoth|spd|1
|-boost|p2a: Frosmoth|spe|1
|move|p1a: Sardinia|Flip Turn|p2a: Frosmoth
|-damage|p2a: Frosmoth|61/100
|
|t:|1760375448
|switch|p1a: Cupcake|Heatran, M, shiny|100/100|[from] Flip Turn
|-item|p1a: Cupcake|Air Balloon
|
|-end|p2a: Frosmoth|move: Heal Block
|upkeep
|turn|6
|
|t:|1760375456
|-terastallize|p2a: Frosmoth|Water
|move|p1a: Cupcake|Magma Storm|p2a: Frosmoth
|-resisted|p2a: Frosmoth
|-damage|p2a: Frosmoth|55/100
|-activate|p2a: Frosmoth|move: Magma Storm|[of] p1a: Cupcake
|move|p2a: Frosmoth|Quiver Dance|p2a: Frosmoth
|-boost|p2a: Frosmoth|spa|1
|-boost|p2a: Frosmoth|spd|1
|-boost|p2a: Frosmoth|spe|1
|
|-damage|p2a: Frosmoth|42/100|[from] move: Magma Storm|[partiallytrapped]
|upkeep
|turn|7
|
|t:|1760375473
|move|p2a: Frosmoth|Quiver Dance|p2a: Frosmoth
|-boost|p2a: Frosmoth|spa|1
|-boost|p2a: Frosmoth|spd|1
|-boost|p2a: Frosmoth|spe|1
|move|p1a: Cupcake|Earth Power|p2a: Frosmoth
|-damage|p2a: Frosmoth|37/100
|
|-damage|p2a: Frosmoth|25/100|[from] move: Magma Storm|[partiallytrapped]
|upkeep
|turn|8
|
|t:|1760375484
|move|p2a: Frosmoth|Tera Blast|p1a: Cupcake|[anim] Tera Blast Water
|-supereffective|p1a: Cupcake
|-damage|p1a: Cupcake|0 fnt
|-enditem|p1a: Cupcake|Air Balloon
|faint|p1a: Cupcake
|
|-end|p2a: Frosmoth|Magma Storm|[partiallytrapped]|[silent]
|upkeep
|
|t:|1760375494
|switch|p1a: Sardinia|Primarina, M, shiny|100/100
|turn|9
|
|t:|1760375500
|move|p2a: Frosmoth|Giga Drain|p1a: Sardinia
|-supereffective|p1a: Sardinia
|-damage|p1a: Sardinia|42/100
|-heal|p2a: Frosmoth|56/100|[from] drain|[of] p1a: Sardinia
|move|p1a: Sardinia|Whirlpool|p2a: Frosmoth
|-resisted|p2a: Frosmoth
|-damage|p2a: Frosmoth|54/100
|-activate|p2a: Frosmoth|move: Whirlpool|[of] p1a: Sardinia
|
|-damage|p2a: Frosmoth|42/100|[from] move: Whirlpool|[partiallytrapped]
|upkeep
|turn|10
|
|t:|1760375515
|move|p2a: Frosmoth|Giga Drain|p1a: Sardinia
|-supereffective|p1a: Sardinia
|-damage|p1a: Sardinia|0 fnt
|-heal|p2a: Frosmoth|64/100|[from] drain|[of] p1a: Sardinia
|faint|p1a: Sardinia
|
|-end|p2a: Frosmoth|Whirlpool|[partiallytrapped]|[silent]
|upkeep
|
|t:|1760375525
|switch|p1a: Collard Greens|Ogerpon, F|100/100
|turn|11
|
|t:|1760375529
|-terastallize|p1a: Collard Greens|Grass
|detailschange|p1a: Collard Greens|Ogerpon-Teal-Tera, F, tera:Grass
|-ability|p1a: Collard Greens|Embody Aspect (Teal)|boost
|-boost|p1a: Collard Greens|spe|1
|move|p1a: Collard Greens|Ivy Cudgel|p2a: Frosmoth
|-supereffective|p2a: Frosmoth
|-damage|p2a: Frosmoth|0 fnt
|faint|p2a: Frosmoth
|
|upkeep
|
|t:|1760375544
|switch|p2a: Ambipom|Ambipom, M|81/100
|turn|12
|
|t:|1760375548
|switch|p1a: Lingonberry|Pecharunt|100/100
|move|p2a: Ambipom|Fake Out|p1a: Lingonberry
|-immune|p1a: Lingonberry
|
|upkeep
|turn|13
|
|t:|1760375559
|switch|p2a: Glimmora|Glimmora, F, shiny|100/100
|move|p1a: Lingonberry|Malignant Chain|p2a: Glimmora
|-resisted|p2a: Glimmora
|-damage|p2a: Glimmora|92/100
|-enditem|p2a: Glimmora|Red Card|[of] p1a: Lingonberry
|drag|p1a: Lollipop|Weavile, M, shiny|100/100
|-ability|p1a: Lollipop|Pressure
|
|upkeep
|turn|14
|
|t:|1760375572
|move|p1a: Lollipop|Triple Axel|p2a: Glimmora
|-damage|p2a: Glimmora|77/100
|-activate|p2a: Glimmora|ability: Toxic Debris
|-sidestart|p1: hundredswords|move: Toxic Spikes
|-hitcount|p2a: Glimmora|1
|move|p2a: Glimmora|Sludge Bomb|p1a: Lollipop
|-damage|p1a: Lollipop|24/100
|-status|p1a: Lollipop|psn
|
|-damage|p1a: Lollipop|12/100 psn|[from] psn
|upkeep
|turn|15
|
|t:|1760375585
|move|p1a: Lollipop|Triple Axel|p2a: Glimmora
|-damage|p2a: Glimmora|62/100
|-activate|p2a: Glimmora|ability: Toxic Debris
|-sidestart|p1: hundredswords|move: Toxic Spikes
|-crit|p2a: Glimmora
|-damage|p2a: Glimmora|21/100
|-damage|p2a: Glimmora|0 fnt
|faint|p2a: Glimmora
|-hitcount|p2: Glimmora|3
|
|-damage|p1a: Lollipop|0 fnt|[from] psn
|faint|p1a: Lollipop
|upkeep
|
|t:|1760375599
|switch|p1a: Lingonberry|Pecharunt|100/100
|switch|p2a: Dragapult|Dragapult, F|100/100
|-sideend|p1: hundredswords|move: Toxic Spikes|[of] p1a: Lingonberry
|turn|16
|
|t:|1760375607
|move|p2a: Dragapult|Shadow Ball|p1a: Lingonberry
|-supereffective|p1a: Lingonberry
|-damage|p1a: Lingonberry|6/100
|move|p1a: Lingonberry|Shadow Ball|p2a: Dragapult
|-supereffective|p2a: Dragapult
|-damage|p2a: Dragapult|37/100
|
|upkeep
|turn|17
|
|t:|1760375615
|move|p2a: Dragapult|Shadow Ball|p1a: Lingonberry
|-supereffective|p1a: Lingonberry
|-damage|p1a: Lingonberry|0 fnt
|faint|p1a: Lingonberry
|
|upkeep
|
|t:|1760375621
|switch|p1a: Collard Greens|Ogerpon-Teal-Tera, F, tera:Grass|100/100
|-ability|p1a: Collard Greens|Embody Aspect (Teal)|boost
|-boost|p1a: Collard Greens|spe|1
|turn|18
|
|t:|1760375632
|move|p1a: Collard Greens|Ivy Cudgel|p2a: Dragapult
|-resisted|p2a: Dragapult
|-damage|p2a: Dragapult|0 fnt
|faint|p2a: Dragapult
|
|upkeep
|
|t:|1760375636
|switch|p2a: Ambipom|Ambipom, M|81/100
|turn|19
|
|t:|1760375640
|move|p2a: Ambipom|Fake Out|p1a: Collard Greens
|-damage|p1a: Collard Greens|57/100
|-damage|p2a: Ambipom|71/100|[from] item: Life Orb
|cant|p1a: Collard Greens|flinch
|
|upkeep
|turn|20
|
|t:|1760375648
|switch|p2a: Corviknight|Corviknight, F, shiny|100/100
|-ability|p2a: Corviknight|Unnerve
|move|p1a: Collard Greens|Ivy Cudgel|p2a: Corviknight
|-resisted|p2a: Corviknight
|-damage|p2a: Corviknight|85/100
|
|upkeep
|turn|21
|inactive|Battle timer is ON: inactive players will automatically lose when time's up. (requested by hundredswords)
|
|t:|1760375660
|move|p1a: Collard Greens|Ivy Cudgel|p2a: Corviknight
|-resisted|p2a: Corviknight
|-damage|p2a: Corviknight|72/100
|move|p2a: Corviknight|U-turn|p1a: Collard Greens
|-supereffective|p1a: Collard Greens
|-damage|p1a: Collard Greens|19/100
|
|t:|1760375666
|switch|p2a: Ambipom|Ambipom, M|71/100|[from] U-turn
|
|upkeep
|turn|22
|
|t:|1760375675
|move|p2a: Ambipom|Fake Out|p1a: Collard Greens
|-damage|p1a: Collard Greens|0 fnt
|faint|p1a: Collard Greens
|detailschange|p1: Collard Greens|Ogerpon, F|[silent]
|-damage|p2a: Ambipom|61/100|[from] item: Life Orb
|
|win|ruyusbunyus
|raw|hundredswords's rating: 1414 &rarr; <strong>1397</strong><br />(-17 for losing)
|raw|ruyusbunyus's rating: 1475 &rarr; <strong>1492</strong><br />(+17 for winning)
|l|☆ruyusbunyus
|player|p2|
|l|☆hundredswords
|player|p1|
