|j|☆Cloaker21
|j|☆jochemwal
|t:|1760354661
|gametype|singles
|player|p1|Cloaker21|1|1270
|player|p2|jochemwal|2|1269
|gen|9
|tier|[Gen 9] OU
|rated|
|rule|HP Percentage Mod: HP is shown in percentages
|rule|Endless Battle Clause: Forcing endless battles is banned
|rule|Species Clause: Limit one of each Pokémon
|rule|OHKO Clause: OHKO moves are banned
|rule|Evasion Items Clause: Evasion items are banned
|rule|Evasion Moves Clause: Evasion moves are banned
|rule|Evasion Abilities Clause: Evasion abilities are banned
|rule|Sleep Moves Clause: Sleep-inducing moves are banned
|clearpoke
|poke|p1|Araquanid, M|
|poke|p1|Ribombee, F|
|poke|p1|Glimmora, F|
|poke|p1|Iron Thorns|
|poke|p1|Samurott-Hisui, F|
|poke|p1|Garchomp, F|
|poke|p2|Dondozo, F|
|poke|p2|Garganacl, F|
|poke|p2|Gholdengo|
|poke|p2|Blissey, F|
|poke|p2|Pecharunt|
|poke|p2|Great Tusk|
|teampreview
|inactive|Battle timer is ON: inactive players will automatically lose when time's up. (requested by jochemwal)
|c|☆Cloaker21|glhf :)
|
|t:|1760354682
|teamsize|p1|6
|teamsize|p2|6
|start
|switch|p1a: Iron Thorns|Iron Thorns|100/100
|switch|p2a: Gholdengo|Gholdengo|100/100
|-item|p1a: Iron Thorns|Air Balloon
|turn|1
|
|t:|1760354688
|-end|p1a: Iron Thorns|Quark Drive|[silent]
|switch|p1a: Araquanid|Araquanid, M|100/100
|move|p2a: Gholdengo|Make It Rain|p1a: Araquanid
|-resisted|p1a: Araquanid
|-damage|p1a: Araquanid|73/100
|-unboost|p2a: Gholdengo|spa|1
|
|upkeep
|turn|2
|
|t:|1760354709
|move|p2a: Gholdengo|Nasty Plot|p2a: Gholdengo
|-boost|p2a: Gholdengo|spa|2
|move|p1a: Araquanid|Surf|p2a: Gholdengo
|-damage|p2a: Gholdengo|63/100
|
|upkeep
|turn|3
|
|t:|1760354714
|move|p2a: Gholdengo|Nasty Plot|p2a: Gholdengo
|-boost|p2a: Gholdengo|spa|2
|move|p1a: Araquanid|Surf|p2a: Gholdengo
|-damage|p2a: Gholdengo|30/100
|
|upkeep
|turn|4
|
|t:|1760354721
|move|p2a: Gholdengo|Recover|p2a: Gholdengo
|-heal|p2a: Gholdengo|80/100
|move|p1a: Araquanid|Surf|p2a: Gholdengo
|-damage|p2a: Gholdengo|43/100
|
|upkeep
|turn|5
|
|t:|1760354726
|move|p2a: Gholdengo|Recover|p2a: Gholdengo
|-heal|p2a: Gholdengo|93/100
|move|p1a: Araquanid|Surf|p2a: Gholdengo
|-damage|p2a: Gholdengo|59/100
|
|upkeep
|turn|6
|
|t:|1760354731
|move|p2a: Gholdengo|Make It Rain|p1a: Araquanid
|-resisted|p1a: Araquanid
|-damage|p1a: Araquanid|0 fnt
|-unboost|p2a: Gholdengo|spa|1
|faint|p1a: Araquanid
|
|upkeep
|
|t:|1760354736
|switch|p1a: Garchomp|Garchomp, F|100/100
|turn|7
|
|t:|1760354742
|-terastallize|p2a: Gholdengo|Flying
|move|p1a: Garchomp|Earthquake|p2a: Gholdengo
|-immune|p2a: Gholdengo
|move|p2a: Gholdengo|Dazzling Gleam|p1a: Garchomp
|-supereffective|p1a: Garchomp
|-damage|p1a: Garchomp|0 fnt
|faint|p1a: Garchomp
|
|upkeep
|
|t:|1760354750
|switch|p1a: Glimmora|Glimmora, F|100/100
|turn|8
|
|t:|1760354753
|move|p1a: Glimmora|Meteor Beam||[still]
|-prepare|p1a: Glimmora|Meteor Beam
|-boost|p1a: Glimmora|spa|1
|-enditem|p1a: Glimmora|Power Herb
|-anim|p1a: Glimmora|Meteor Beam|p2a: Gholdengo
|-supereffective|p2a: Gholdengo
|-damage|p2a: Gholdengo|0 fnt
|faint|p2a: Gholdengo
|
|upkeep
|
|t:|1760354760
|switch|p2a: Great Tusk|Great Tusk|100/100
|turn|9
|
|t:|1760354767
|move|p1a: Glimmora|Mortal Spin|p2a: Great Tusk
|-resisted|p2a: Great Tusk
|-damage|p2a: Great Tusk|98/100
|-status|p2a: Great Tusk|psn
|-damage|p1a: Glimmora|84/100|[from] item: Rocky Helmet|[of] p2a: Great Tusk
|move|p2a: Great Tusk|Headlong Rush|p1a: Glimmora
|-supereffective|p1a: Glimmora
|-damage|p1a: Glimmora|0 fnt
|-unboost|p2a: Great Tusk|def|1
|-unboost|p2a: Great Tusk|spd|1
|-activate|p1a: Glimmora|ability: Toxic Debris
|-sidestart|p2: jochemwal|move: Toxic Spikes
|faint|p1a: Glimmora
|
|-damage|p2a: Great Tusk|86/100 psn|[from] psn
|upkeep
|
|t:|1760354774
|switch|p1a: Samurott|Samurott-Hisui, F|100/100
|turn|10
|
|t:|1760354787
|move|p1a: Samurott|Aqua Cutter|p2a: Great Tusk
|-supereffective|p2a: Great Tusk
|-damage|p2a: Great Tusk|0 fnt
|faint|p2a: Great Tusk
|-end|p2a: Great Tusk|Protosynthesis|[silent]
|
|upkeep
|
|t:|1760354792
|switch|p2a: Pecharunt|Pecharunt|100/100
|-sideend|p2: jochemwal|move: Toxic Spikes|[of] p2a: Pecharunt
|turn|11
|
|t:|1760354795
|move|p1a: Samurott|Swords Dance|p1a: Samurott
|-boost|p1a: Samurott|atk|2
|move|p2a: Pecharunt|Malignant Chain|p1a: Samurott
|-damage|p1a: Samurott|51/100
|
|upkeep
|turn|12
|
|t:|1760354801
|move|p1a: Samurott|Sucker Punch|p2a: Pecharunt
|-supereffective|p2a: Pecharunt
|-damage|p2a: Pecharunt|46/100
|move|p2a: Pecharunt|Malignant Chain|p1a: Samurott
|-damage|p1a: Samurott|8/100
|-status|p1a: Samurott|tox
|-start|p1a: Samurott|confusion|[from] ability: Poison Puppeteer|[of] p2a: Pecharunt
|
|-damage|p1a: Samurott|1/100 tox|[from] psn
|upkeep
|turn|13
|
|t:|1760354812
|move|p2a: Pecharunt|Protect|p2a: Pecharunt
|-singleturn|p2a: Pecharunt|Protect
|-activate|p1a: Samurott|confusion
|-damage|p1a: Samurott|0 fnt|[from] confusion
|faint|p1a: Samurott
|
|upkeep
|
|t:|1760354816
|switch|p1a: Iron Thorns|Iron Thorns|100/100
|-item|p1a: Iron Thorns|Air Balloon
|turn|14
|
|t:|1760354821
|move|p1a: Iron Thorns|Dragon Dance|p1a: Iron Thorns
|-boost|p1a: Iron Thorns|atk|1
|-boost|p1a: Iron Thorns|spe|1
|move|p2a: Pecharunt|Recover|p2a: Pecharunt
|-heal|p2a: Pecharunt|96/100
|
|upkeep
|turn|15
|
|t:|1760354826
|move|p1a: Iron Thorns|Rock Slide|p2a: Pecharunt
|-damage|p2a: Pecharunt|71/100
|move|p2a: Pecharunt|Malignant Chain|p1a: Iron Thorns
|-resisted|p1a: Iron Thorns
|-damage|p1a: Iron Thorns|82/100
|-enditem|p1a: Iron Thorns|Air Balloon
|
|upkeep
|turn|16
|
|t:|1760354834
|move|p1a: Iron Thorns|Rock Slide|p2a: Pecharunt
|-damage|p2a: Pecharunt|43/100
|cant|p2a: Pecharunt|flinch
|
|upkeep
|turn|17
|
|t:|1760354840
|move|p1a: Iron Thorns|Dragon Dance|p1a: Iron Thorns
|-boost|p1a: Iron Thorns|atk|1
|-boost|p1a: Iron Thorns|spe|1
|move|p2a: Pecharunt|Recover|p2a: Pecharunt
|-heal|p2a: Pecharunt|93/100
|
|upkeep
|turn|18
|
|t:|1760354846
|move|p1a: Iron Thorns|Rock Slide|p2a: Pecharunt
|-damage|p2a: Pecharunt|56/100
|move|p2a: Pecharunt|Malignant Chain|p1a: Iron Thorns
|-resisted|p1a: Iron Thorns
|-damage|p1a: Iron Thorns|64/100
|
|upkeep
|turn|19
|
|t:|1760354854
|move|p1a: Iron Thorns|Rock Slide|p2a: Pecharunt|[miss]
|-miss|p1a: Iron Thorns|p2a: Pecharunt
|move|p2a: Pecharunt|Malignant Chain|p1a: Iron Thorns
|-resisted|p1a: Iron Thorns
|-crit|p1a: Iron Thorns
|-damage|p1a: Iron Thorns|38/100
|-status|p1a: Iron Thorns|tox
|-start|p1a: Iron Thorns|confusion|[from] ability: Poison Puppeteer|[of] p2a: Pecharunt
|
|-damage|p1a: Iron Thorns|32/100 tox|[from] psn
|upkeep
|turn|20
|
|t:|1760354865
|-activate|p1a: Iron Thorns|confusion
|-damage|p1a: Iron Thorns|7/100 tox|[from] confusion
|move|p2a: Pecharunt|Recover|p2a: Pecharunt
|-heal|p2a: Pecharunt|100/100
|
|-damage|p1a: Iron Thorns|0 fnt|[from] psn
|faint|p1a: Iron Thorns
|-end|p1a: Iron Thorns|Quark Drive|[silent]
|upkeep
|
|t:|1760354868
|switch|p1a: Ribombee|Ribombee, F|100/100
|turn|21
|
|t:|1760354873
|-terastallize|p1a: Ribombee|Water
|move|p1a: Ribombee|Quiver Dance|p1a: Ribombee
|-boost|p1a: Ribombee|spa|1
|-boost|p1a: Ribombee|spd|1
|-boost|p1a: Ribombee|spe|1
|move|p2a: Pecharunt|Malignant Chain|p1a: Ribombee
|-damage|p1a: Ribombee|67/100
|
|upkeep
|turn|22
|
|t:|1760354882
|move|p1a: Ribombee|Quiver Dance|p1a: Ribombee
|-boost|p1a: Ribombee|spa|1
|-boost|p1a: Ribombee|spd|1
|-boost|p1a: Ribombee|spe|1
|move|p2a: Pecharunt|Malignant Chain|p1a: Ribombee
|-damage|p1a: Ribombee|38/100
|
|upkeep
|turn|23
|
|t:|1760354889
|move|p1a: Ribombee|Tera Blast|p2a: Pecharunt|[anim] Tera Blast Water
|-damage|p2a: Pecharunt|31/100
|move|p2a: Pecharunt|Malignant Chain|p1a: Ribombee
|-damage|p1a: Ribombee|12/100
|
|upkeep
|turn|24
|
|t:|1760354904
|move|p1a: Ribombee|Tera Blast|p2a: Pecharunt|[anim] Tera Blast Water
|-damage|p2a: Pecharunt|0 fnt
|faint|p2a: Pecharunt
|
|upkeep
|
|t:|1760354909
|switch|p2a: Dondozo|Dondozo, F|100/100
|turn|25
|
|t:|1760354914
|move|p1a: Ribombee|Moonblast|p2a: Dondozo
|-damage|p2a: Dondozo|61/100
|move|p2a: Dondozo|Liquidation|p1a: Ribombee
|-resisted|p1a: Ribombee
|-damage|p1a: Ribombee|0 fnt
|faint|p1a: Ribombee
|
|win|jochemwal
|raw|Cloaker21's rating: 1270 &rarr; <strong>1245</strong><br />(-25 for losing)
|raw|jochemwal's rating: 1269 &rarr; <strong>1294</strong><br />(+25 for winning)
|c|☆Cloaker21|ggwp
|l|☆Cloaker21
|player|p1|
|l|☆jochemwal
|player|p2|
