|j|☆Pityplatsch
|j|☆roryta
|t:|1760342245
|gametype|singles
|player|p1|Pityplatsch|wallace|1194
|player|p2|roryta|hilbert|1159
|gen|9
|tier|[Gen 9] OU
|rated|
|rule|HP Percentage Mod: HP is shown in percentages
|rule|Endless Battle Clause: Forcing endless battles is banned
|rule|Species Clause: Limit one of each Pokémon
|rule|OHKO Clause: OHKO moves are banned
|rule|Evasion Items Clause: Evasion items are banned
|rule|Evasion Moves Clause: Evasion moves are banned
|rule|Evasion Abilities Clause: Evasion abilities are banned
|rule|Sleep Moves Clause: Sleep-inducing moves are banned
|clearpoke
|poke|p1|Alomomola, M|
|poke|p1|Hatterene, F|
|poke|p1|Gliscor, M|
|poke|p1|Comfey, F|
|poke|p1|Slowking-Galar, F|
|poke|p1|Latias, F|
|poke|p2|Primarina, F|
|poke|p2|Kyurem|
|poke|p2|Cobalion|
|poke|p2|Leavanny, M|
|poke|p2|Chandelure, F|
|poke|p2|Great Tusk|
|teampreview
|inactive|Battle timer is ON: inactive players will automatically lose when time's up. (requested by roryta)
|
|t:|1760342257
|teamsize|p1|6
|teamsize|p2|6
|start
|switch|p1a: Ruhepol|Alomomola, M, shiny|100/100
|switch|p2a: Leavanny|Leavanny, M|100/100
|turn|1
|
|t:|1760342264
|switch|p1a: Disturbia|Hatterene, F|100/100
|move|p2a: Leavanny|Sticky Web|p1a: Disturbia
|move|p1a: Disturbia|Sticky Web|p2a: Leavanny|[from] ability: Magic Bounce
|-sidestart|p2: roryta|move: Sticky Web
|
|upkeep
|turn|2
|
|t:|1760342276
|move|p2a: Leavanny|Swords Dance|p2a: Leavanny
|-boost|p2a: Leavanny|atk|2
|move|p1a: Disturbia|Mystical Fire|p2a: Leavanny
|-supereffective|p2a: Leavanny
|-enditem|p2a: Leavanny|Focus Sash
|-damage|p2a: Leavanny|1/100
|-unboost|p2a: Leavanny|spa|1
|-damage|p1a: Disturbia|91/100|[from] item: Life Orb
|
|upkeep
|turn|3
|
|t:|1760342287
|switch|p1a: Ruhepol|Alomomola, M, shiny|100/100
|move|p2a: Leavanny|Lunge|p1a: Ruhepol
|-damage|p1a: Ruhepol|49/100
|-unboost|p1a: Ruhepol|atk|1
|-damage|p2a: Leavanny|0 fnt|[from] item: Rocky Helmet|[of] p1a: Ruhepol
|faint|p2a: Leavanny
|
|upkeep
|
|t:|1760342295
|switch|p2a: Great Tusk|Great Tusk|100/100
|turn|4
|
|t:|1760342304
|move|p2a: Great Tusk|Rapid Spin|p1a: Ruhepol
|-damage|p1a: Ruhepol|39/100
|-boost|p2a: Great Tusk|spe|1
|-damage|p2a: Great Tusk|84/100|[from] item: Rocky Helmet|[of] p1a: Ruhepol
|-sideend|p2: roryta|Sticky Web|[from] move: Rapid Spin|[of] p2a: Great Tusk
|move|p1a: Ruhepol|Wish|p1a: Ruhepol
|
|upkeep
|turn|5
|
|t:|1760342312
|move|p2a: Great Tusk|Close Combat|p1a: Ruhepol
|-damage|p1a: Ruhepol|8/100
|-unboost|p2a: Great Tusk|def|1
|-unboost|p2a: Great Tusk|spd|1
|-damage|p2a: Great Tusk|68/100|[from] item: Rocky Helmet|[of] p1a: Ruhepol
|move|p1a: Ruhepol|Whirlpool|p2a: Great Tusk
|-supereffective|p2a: Great Tusk
|-damage|p2a: Great Tusk|40/100
|-activate|p2a: Great Tusk|move: Whirlpool|[of] p1a: Ruhepol
|
|-heal|p1a: Ruhepol|58/100|[from] move: Wish|[wisher] Ruhepol
|-damage|p2a: Great Tusk|28/100|[from] move: Whirlpool|[partiallytrapped]
|upkeep
|turn|6
|
|t:|1760342326
|move|p2a: Great Tusk|Close Combat|p1a: Ruhepol
|-damage|p1a: Ruhepol|22/100
|-unboost|p2a: Great Tusk|def|1
|-unboost|p2a: Great Tusk|spd|1
|-damage|p2a: Great Tusk|11/100|[from] item: Rocky Helmet|[of] p1a: Ruhepol
|move|p1a: Ruhepol|Scald|p2a: Great Tusk
|-supereffective|p2a: Great Tusk
|-damage|p2a: Great Tusk|0 fnt
|faint|p2a: Great Tusk
|-end|p2a: Great Tusk|Protosynthesis|[silent]
|
|upkeep
|
|t:|1760342330
|switch|p2a: Primarina|Primarina, F|100/100
|turn|7
|
|t:|1760342341
|switch|p1a: Showtime Glow|Slowking-Galar, F|100/100
|move|p2a: Primarina|Energy Ball|p1a: Showtime Glow
|-resisted|p1a: Showtime Glow
|-damage|p1a: Showtime Glow|87/100
|
|upkeep
|turn|8
|
|t:|1760342354
|-terastallize|p2a: Primarina|Poison
|move|p2a: Primarina|Psychic Noise|p1a: Showtime Glow
|-damage|p1a: Showtime Glow|63/100
|-start|p1a: Showtime Glow|move: Heal Block
|-prepare|p1a: Showtime Glow|Chilly Reception|[premajor]
|move|p1a: Showtime Glow|Chilly Reception|p1a: Showtime Glow
|-weather|Snowscape
|
|t:|1760342369
|switch|p1a: Good as Gold|Latias, F, shiny|100/100|[from] Chilly Reception
|
|-weather|Snowscape|[upkeep]
|upkeep
|turn|9
|
|t:|1760342381
|switch|p2a: Chandelure|Chandelure, F|100/100
|move|p1a: Good as Gold|Mist Ball|p2a: Chandelure
|-damage|p2a: Chandelure|15/100
|-unboost|p2a: Chandelure|spa|1
|
|-weather|Snowscape|[upkeep]
|upkeep
|turn|10
|
|t:|1760342393
|switch|p1a: Nachtwache|Gliscor, M|100/100
|move|p2a: Chandelure|Shadow Ball|p1a: Nachtwache
|-damage|p1a: Nachtwache|56/100
|
|-weather|Snowscape|[upkeep]
|-status|p1a: Nachtwache|tox|[from] item: Toxic Orb
|upkeep
|turn|11
|
|t:|1760342407
|move|p2a: Chandelure|Shadow Ball|p1a: Nachtwache
|-damage|p1a: Nachtwache|13/100 tox
|-unboost|p1a: Nachtwache|spd|1
|move|p1a: Nachtwache|Stealth Rock|p2a: Chandelure
|-sidestart|p2: roryta|move: Stealth Rock
|
|-weather|Snowscape|[upkeep]
|-heal|p1a: Nachtwache|25/100 tox|[from] ability: Poison Heal
|upkeep
|turn|12
|
|t:|1760342423
|switch|p1a: Light Crown|Comfey, F|100/100
|move|p2a: Chandelure|Shadow Ball|p1a: Light Crown
|-damage|p1a: Light Crown|70/100
|-unboost|p1a: Light Crown|spd|1
|
|-weather|none
|-heal|p1a: Light Crown|76/100|[from] item: Leftovers
|upkeep
|turn|13
|
|t:|1760342432
|move|p1a: Light Crown|Draining Kiss|p2a: Chandelure
|-resisted|p2a: Chandelure
|-damage|p2a: Chandelure|0 fnt
|-heal|p1a: Light Crown|85/100|[from] drain|[of] p2a: Chandelure
|faint|p2a: Chandelure
|
|-heal|p1a: Light Crown|92/100|[from] item: Leftovers
|upkeep
|
|t:|1760342437
|switch|p2a: Primarina|Primarina, F, tera:Poison|100/100
|-damage|p2a: Primarina|88/100|[from] Stealth Rock
|turn|14
|
|t:|1760342448
|switch|p1a: Good as Gold|Latias, F, shiny|100/100
|move|p2a: Primarina|Moonblast|p1a: Good as Gold
|-supereffective|p1a: Good as Gold
|-damage|p1a: Good as Gold|14/100
|-unboost|p1a: Good as Gold|spa|1
|
|upkeep
|turn|15
|
|t:|1760342462
|switch|p1a: Showtime Glow|Slowking-Galar, F|96/100
|move|p2a: Primarina|Moonblast|p1a: Showtime Glow
|-resisted|p1a: Showtime Glow
|-damage|p1a: Showtime Glow|76/100
|
|upkeep
|turn|16
|
|t:|1760342470
|move|p2a: Primarina|Psychic Noise|p1a: Showtime Glow
|-damage|p1a: Showtime Glow|52/100
|-start|p1a: Showtime Glow|move: Heal Block
|move|p1a: Showtime Glow|Future Sight|p2a: Primarina
|-start|p1a: Showtime Glow|move: Future Sight
|
|upkeep
|turn|17
|
|t:|1760342477
|move|p2a: Primarina|Psychic Noise|p1a: Showtime Glow
|-damage|p1a: Showtime Glow|28/100
|-prepare|p1a: Showtime Glow|Chilly Reception|[premajor]
|move|p1a: Showtime Glow|Chilly Reception|p1a: Showtime Glow
|-weather|Snowscape
|
|t:|1760342490
|switch|p1a: Disturbia|Hatterene, F|91/100|[from] Chilly Reception
|
|-weather|Snowscape|[upkeep]
|upkeep
|turn|18
|
|t:|1760342496
|switch|p2a: Cobalion|Cobalion|100/100
|-damage|p2a: Cobalion|97/100|[from] Stealth Rock
|move|p1a: Disturbia|Trick Room|p1a: Disturbia
|-fieldstart|move: Trick Room|[of] p1a: Disturbia
|
|-weather|Snowscape|[upkeep]
|-end|p2a: Cobalion|move: Future Sight
|-damage|p2a: Cobalion|29/100
|-heal|p2a: Cobalion|35/100|[from] item: Leftovers
|upkeep
|turn|19
|
|t:|1760342507
|move|p1a: Disturbia|Psychic|p2a: Cobalion
|-damage|p2a: Cobalion|0 fnt
|faint|p2a: Cobalion
|-damage|p1a: Disturbia|81/100|[from] item: Life Orb
|
|-weather|Snowscape|[upkeep]
|upkeep
|
|t:|1760342511
|switch|p2a: Primarina|Primarina, F, tera:Poison|88/100
|-damage|p2a: Primarina|76/100|[from] Stealth Rock
|turn|20
|-message|roryta forfeited.
|
|win|Pityplatsch
|raw|Pityplatsch's rating: 1194 &rarr; <strong>1216</strong><br />(+22 for winning)
|raw|roryta's rating: 1159 &rarr; <strong>1137</strong><br />(-22 for losing)
|l|☆roryta
|player|p2|
