|j|☆Haconnhabatrieu
|j|☆Gsa7
|t:|1760405662
|gametype|singles
|player|p1|Haconnhabatrieu|doubleteam|1401
|player|p2|Gsa7|collector|1458
|gen|9
|tier|[Gen 9] OU
|rated|
|rule|HP Percentage Mod: HP is shown in percentages
|rule|Endless Battle Clause: Forcing endless battles is banned
|rule|Species Clause: Limit one of each Pokémon
|rule|OHKO Clause: OHKO moves are banned
|rule|Evasion Items Clause: Evasion items are banned
|rule|Evasion Moves Clause: Evasion moves are banned
|rule|Evasion Abilities Clause: Evasion abilities are banned
|rule|Sleep Moves Clause: Sleep-inducing moves are banned
|clearpoke
|poke|p1|Gholdengo|
|poke|p1|Ogerpon-Wellspring, F|
|poke|p1|Great Tusk|
|poke|p1|Ting-Lu|
|poke|p1|Ninetales-Alola, M|
|poke|p1|Dragonite, M|
|poke|p2|Hatterene, F|
|poke|p2|Rotom-Wash|
|poke|p2|Ceruledge, M|
|poke|p2|Hippowdon, F|
|poke|p2|Goodra-Hisui, M|
|poke|p2|Hawlucha, M|
|teampreview
|inactive|Battle timer is ON: inactive players will automatically lose when time's up. (requested by Gsa7)
|
|t:|1760405673
|teamsize|p1|6
|teamsize|p2|6
|start
|switch|p1a: Ogerpon|Ogerpon-Wellspring, F|100/100
|switch|p2a: Rotom|Rotom-Wash|100/100
|turn|1
|
|t:|1760405687
|move|p2a: Rotom|Volt Switch|p1a: Ogerpon
|-damage|p1a: Ogerpon|65/100
|
|t:|1760405691
|switch|p2a: Goodra|Goodra-Hisui, M|100/100|[from] Volt Switch
|move|p1a: Ogerpon|Horn Leech|p2a: Goodra
|-ability|p2a: Goodra|Sap Sipper|boost
|-boost|p2a: Goodra|atk|1
|
|upkeep
|turn|2
|
|t:|1760405703
|switch|p1a: Ting-Lu|Ting-Lu, shiny|100/100
|-ability|p1a: Ting-Lu|Vessel of Ruin
|move|p2a: Goodra|Dragon Pulse|p1a: Ting-Lu
|-damage|p1a: Ting-Lu|77/100
|
|upkeep
|turn|3
|
|t:|1760405711
|switch|p2a: Hatterene|Hatterene, F|100/100
|move|p1a: Ting-Lu|Stealth Rock|p2a: Hatterene
|move|p2a: Hatterene|Stealth Rock|p1a: Ting-Lu|[from] ability: Magic Bounce
|-sidestart|p1: Haconnhabatrieu|move: Stealth Rock
|
|upkeep
|turn|4
|
|t:|1760405721
|move|p1a: Ting-Lu|Ruination|p2a: Hatterene
|-damage|p2a: Hatterene|50/100
|move|p2a: Hatterene|Mystical Fire|p1a: Ting-Lu
|-damage|p1a: Ting-Lu|65/100
|-unboost|p1a: Ting-Lu|spa|1
|
|-heal|p2a: Hatterene|56/100|[from] item: Leftovers
|upkeep
|turn|5
|
|t:|1760405731
|move|p1a: Ting-Lu|Earthquake|p2a: Hatterene
|-damage|p2a: Hatterene|26/100
|move|p2a: Hatterene|Draining Kiss|p1a: Ting-Lu
|-supereffective|p1a: Ting-Lu
|-damage|p1a: Ting-Lu|39/100
|-heal|p2a: Hatterene|58/100|[from] drain|[of] p1a: Ting-Lu
|-damage|p2a: Hatterene|41/100|[from] item: Rocky Helmet|[of] p1a: Ting-Lu
|
|-heal|p2a: Hatterene|47/100|[from] item: Leftovers
|upkeep
|turn|6
|
|t:|1760405743
|switch|p1a: Gholdengo|Gholdengo, shiny|100/100
|-damage|p1a: Gholdengo|94/100|[from] Stealth Rock
|move|p2a: Hatterene|Draining Kiss|p1a: Gholdengo
|-resisted|p1a: Gholdengo
|-damage|p1a: Gholdengo|83/100
|-heal|p2a: Hatterene|56/100|[from] drain|[of] p1a: Gholdengo
|
|-heal|p2a: Hatterene|62/100|[from] item: Leftovers
|upkeep
|turn|7
|
|t:|1760405758
|switch|p2a: Goodra|Goodra-Hisui, M|100/100
|move|p1a: Gholdengo|Shadow Ball|p2a: Goodra
|-damage|p2a: Goodra|68/100
|
|upkeep
|turn|8
|
|t:|1760405767
|switch|p1a: Ninetales|Ninetales-Alola, M|100/100
|-damage|p1a: Ninetales|76/100|[from] Stealth Rock
|-weather|Snowscape|[from] ability: Snow Warning|[of] p1a: Ninetales
|move|p2a: Goodra|Flamethrower|p1a: Ninetales
|-supereffective|p1a: Ninetales
|-damage|p1a: Ninetales|18/100
|
|-weather|Snowscape|[upkeep]
|upkeep
|turn|9
|
|t:|1760405780
|switch|p2a: Hippowdon|Hippowdon, F|100/100
|-weather|Sandstorm|[from] ability: Sand Stream|[of] p2a: Hippowdon
|move|p1a: Ninetales|Aurora Veil||[still]
|-fail|p1a: Ninetales
|
|-weather|Sandstorm|[upkeep]
|-damage|p1a: Ninetales|12/100|[from] Sandstorm
|upkeep
|turn|10
|
|t:|1760405791
|switch|p1a: Great Tusk|Great Tusk, shiny|100/100
|-damage|p1a: Great Tusk|97/100|[from] Stealth Rock
|switch|p2a: Goodra|Goodra-Hisui, M|68/100
|
|-weather|Sandstorm|[upkeep]
|upkeep
|turn|11
|
|t:|1760405804
|move|p1a: Great Tusk|Close Combat|p2a: Goodra
|-supereffective|p2a: Goodra
|-damage|p2a: Goodra|0 fnt
|-unboost|p1a: Great Tusk|def|1
|-unboost|p1a: Great Tusk|spd|1
|faint|p2a: Goodra
|
|-weather|Sandstorm|[upkeep]
|upkeep
|
|t:|1760405814
|switch|p2a: Rotom|Rotom-Wash|100/100
|turn|12
|
|t:|1760405832
|move|p2a: Rotom|Volt Switch|p1a: Great Tusk
|-immune|p1a: Great Tusk
|move|p1a: Great Tusk|Rapid Spin|p2a: Rotom
|-damage|p2a: Rotom|76/100
|-boost|p1a: Great Tusk|spe|1
|-sideend|p1: Haconnhabatrieu|Stealth Rock|[from] move: Rapid Spin|[of] p1a: Great Tusk
|
|-weather|Sandstorm|[upkeep]
|-damage|p2a: Rotom|70/100|[from] Sandstorm
|upkeep
|turn|13
|
|t:|1760405846
|switch|p2a: Hippowdon|Hippowdon, F|100/100
|move|p1a: Great Tusk|Headlong Rush|p2a: Hippowdon
|-damage|p2a: Hippowdon|63/100
|-unboost|p1a: Great Tusk|def|1
|-unboost|p1a: Great Tusk|spd|1
|-damage|p1a: Great Tusk|81/100|[from] item: Rocky Helmet|[of] p2a: Hippowdon
|
|-weather|none
|upkeep
|turn|14
|inactive|Haconnhabatrieu has 120 seconds left.
|
|t:|1760405879
|-end|p1a: Great Tusk|Protosynthesis|[silent]
|switch|p1a: Ogerpon|Ogerpon-Wellspring, F|65/100
|move|p2a: Hippowdon|Stealth Rock|p1a: Ogerpon
|-sidestart|p1: Haconnhabatrieu|move: Stealth Rock
|
|upkeep
|turn|15
|inactive|Haconnhabatrieu has 120 seconds left.
|
|t:|1760405889
|switch|p2a: Ceruledge|Ceruledge, M|100/100
|move|p1a: Ogerpon|Horn Leech|p2a: Ceruledge
|-resisted|p2a: Ceruledge
|-damage|p2a: Ceruledge|69/100
|-heal|p1a: Ogerpon|80/100|[from] drain|[of] p2a: Ceruledge
|-ability|p2a: Ceruledge|Weak Armor|boost
|-unboost|p2a: Ceruledge|def|1
|-boost|p2a: Ceruledge|spe|2
|
|upkeep
|turn|16
|inactive|Haconnhabatrieu has 120 seconds left.
|
|t:|1760405908
|switch|p1a: Great Tusk|Great Tusk, shiny|81/100
|-damage|p1a: Great Tusk|78/100|[from] Stealth Rock
|move|p2a: Ceruledge|Bitter Blade|p1a: Great Tusk
|-damage|p1a: Great Tusk|48/100
|-heal|p2a: Ceruledge|90/100|[from] drain|[of] p1a: Great Tusk
|
|upkeep
|turn|17
|
|t:|1760405917
|move|p2a: Ceruledge|Bitter Blade|p1a: Great Tusk
|-damage|p1a: Great Tusk|15/100
|-heal|p2a: Ceruledge|100/100|[from] drain|[of] p1a: Great Tusk
|move|p1a: Great Tusk|Headlong Rush|p2a: Ceruledge
|-supereffective|p2a: Ceruledge
|-enditem|p2a: Ceruledge|Focus Sash
|-damage|p2a: Ceruledge|1/100
|-unboost|p1a: Great Tusk|def|1
|-unboost|p1a: Great Tusk|spd|1
|-ability|p2a: Ceruledge|Weak Armor|boost
|-unboost|p2a: Ceruledge|def|1
|-boost|p2a: Ceruledge|spe|2
|
|upkeep
|turn|18
|inactive|Haconnhabatrieu has 120 seconds left.
|
|t:|1760405930
|-end|p1a: Great Tusk|Protosynthesis|[silent]
|switch|p1a: Ting-Lu|Ting-Lu, shiny|39/100
|-damage|p1a: Ting-Lu|33/100|[from] Stealth Rock
|-ability|p1a: Ting-Lu|Vessel of Ruin
|move|p2a: Ceruledge|Bitter Blade|p1a: Ting-Lu
|-damage|p1a: Ting-Lu|14/100
|-heal|p2a: Ceruledge|18/100|[from] drain|[of] p1a: Ting-Lu
|-damage|p2a: Ceruledge|1/100|[from] item: Rocky Helmet|[of] p1a: Ting-Lu
|
|upkeep
|turn|19
|inactive|Haconnhabatrieu has 120 seconds left.
|
|t:|1760405945
|move|p2a: Ceruledge|Bitter Blade|p1a: Ting-Lu
|-damage|p1a: Ting-Lu|0 fnt
|-heal|p2a: Ceruledge|13/100|[from] drain|[of] p1a: Ting-Lu
|-damage|p2a: Ceruledge|0 fnt|[from] item: Rocky Helmet|[of] p1a: Ting-Lu
|faint|p1a: Ting-Lu
|faint|p2a: Ceruledge
|
|upkeep
|
|t:|1760405956
|switch|p2a: Rotom|Rotom-Wash|70/100
|switch|p1a: Ogerpon|Ogerpon-Wellspring, F|80/100
|-damage|p1a: Ogerpon|68/100|[from] Stealth Rock
|turn|20
|
|t:|1760405967
|move|p2a: Rotom|Volt Switch|p1a: Ogerpon
|-damage|p1a: Ogerpon|30/100
|
|t:|1760405971
|switch|p2a: Hawlucha|Hawlucha, M, shiny|100/100|[from] Volt Switch
|move|p1a: Ogerpon|Horn Leech|p2a: Hawlucha
|-resisted|p2a: Hawlucha
|-damage|p2a: Hawlucha|69/100
|-heal|p1a: Ogerpon|46/100|[from] drain|[of] p2a: Hawlucha
|
|upkeep
|turn|21
|inactive|Haconnhabatrieu has 120 seconds left.
|
|t:|1760406004
|switch|p1a: Gholdengo|Gholdengo, shiny|83/100
|-damage|p1a: Gholdengo|77/100|[from] Stealth Rock
|move|p2a: Hawlucha|Sky Attack||[still]
|-prepare|p2a: Hawlucha|Sky Attack
|-enditem|p2a: Hawlucha|Power Herb
|-anim|p2a: Hawlucha|Sky Attack|p1a: Gholdengo|[miss]
|-miss|p2a: Hawlucha|p1a: Gholdengo
|
|upkeep
|turn|22
|
|t:|1760406017
|move|p2a: Hawlucha|Swords Dance|p2a: Hawlucha
|-boost|p2a: Hawlucha|atk|2
|move|p1a: Gholdengo|Shadow Ball|p2a: Hawlucha
|-damage|p2a: Hawlucha|0 fnt
|faint|p2a: Hawlucha
|
|upkeep
|
|t:|1760406025
|switch|p2a: Rotom|Rotom-Wash|70/100
|turn|23
|
|t:|1760406028
|move|p2a: Rotom|Volt Switch|p1a: Gholdengo
|-damage|p1a: Gholdengo|46/100
|
|t:|1760406032
|switch|p2a: Hippowdon|Hippowdon, F|63/100|[from] Volt Switch
|-weather|Sandstorm|[from] ability: Sand Stream|[of] p2a: Hippowdon
|move|p1a: Gholdengo|Shadow Ball|p2a: Hippowdon
|-damage|p2a: Hippowdon|0 fnt
|faint|p2a: Hippowdon
|
|-weather|Sandstorm|[upkeep]
|upkeep
|
|t:|1760406043
|switch|p2a: Rotom|Rotom-Wash|70/100
|turn|24
|
|t:|1760406047
|move|p2a: Rotom|Hydro Pump|p1a: Gholdengo
|-damage|p1a: Gholdengo|1/100
|move|p1a: Gholdengo|Shadow Ball|p2a: Rotom
|-damage|p2a: Rotom|0 fnt
|faint|p2a: Rotom
|
|-weather|Sandstorm|[upkeep]
|upkeep
|-message|Gsa7 forfeited.
|
|win|Haconnhabatrieu
|raw|Haconnhabatrieu's rating: 1401 &rarr; <strong>1424</strong><br />(+23 for winning)
|raw|Gsa7's rating: 1458 &rarr; <strong>1435</strong><br />(-23 for losing)
|l|☆Gsa7
|player|p2|
