|j|☆SpouseOwner69
|j|☆adamsandlerfan38
|t:|1760393859
|gametype|singles
|player|p1|SpouseOwner69|infielder|
|player|p2|adamsandlerfan38|ghetsis|
|gen|9
|tier|[Gen 9] OU
|rule|HP Percentage Mod: HP is shown in percentages
|rule|Endless Battle Clause: Forcing endless battles is banned
|rule|Species Clause: Limit one of each Pokémon
|rule|OHKO Clause: OHKO moves are banned
|rule|Evasion Items Clause: Evasion items are banned
|rule|Evasion Moves Clause: Evasion moves are banned
|rule|Evasion Abilities Clause: Evasion abilities are banned
|rule|Sleep Moves Clause: Sleep-inducing moves are banned
|clearpoke
|poke|p1|Weezing-Galar, F|
|poke|p1|Gliscor, M|
|poke|p1|Moltres|
|poke|p1|Ogerpon-Wellspring, F|
|poke|p1|Iron Crown|
|poke|p1|Raging Bolt|
|poke|p2|Meganium, M|
|poke|p2|Scream Tail|
|poke|p2|Greninja-*, M|
|poke|p2|Moltres|
|poke|p2|Pecharunt|
|poke|p2|Iron Boulder|
|teampreview
|
|t:|1760393886
|teamsize|p1|6
|teamsize|p2|6
|start
|switch|p1a: Iron Crown|Iron Crown|100/100
|switch|p2a: 007|Greninja, M|100/100
|turn|1
|
|t:|1760393893
|move|p1a: Iron Crown|Volt Switch|p2a: 007
|-supereffective|p2a: 007
|-damage|p2a: 007|22/100
|
|t:|1760393906
|-end|p1a: Iron Crown|Quark Drive|[silent]
|switch|p1a: Gliscor|Gliscor, M|100/100|[from] Volt Switch
|move|p2a: 007|Dark Pulse|p1a: Gliscor
|-damage|p1a: Gliscor|68/100
|
|-status|p1a: Gliscor|tox|[from] item: Toxic Orb
|upkeep
|turn|2
|
|t:|1760393912
|move|p1a: Gliscor|Protect|p1a: Gliscor
|-singleturn|p1a: Gliscor|Protect
|move|p2a: 007|Ice Beam|p1a: Gliscor
|-activate|p1a: Gliscor|move: Protect
|
|-heal|p1a: Gliscor|80/100 tox|[from] ability: Poison Heal
|upkeep
|turn|3
|
|t:|1760393918
|switch|p1a: Ogerpon|Ogerpon-Wellspring, F|100/100
|move|p2a: 007|Ice Beam|p1a: Ogerpon
|-damage|p1a: Ogerpon|71/100
|
|upkeep
|turn|4
|
|t:|1760393924
|move|p2a: 007|Dark Pulse|p1a: Ogerpon
|-damage|p1a: Ogerpon|30/100
|move|p1a: Ogerpon|U-turn|p2a: 007
|-supereffective|p2a: 007
|-damage|p2a: 007|0 fnt
|faint|p2a: 007
|c|☆adamsandlerfan38|damn no flinch
|
|t:|1760393935
|switch|p1a: Gliscor|Gliscor, M|80/100 tox|[from] U-turn
|
|-heal|p1a: Gliscor|93/100 tox|[from] ability: Poison Heal
|upkeep
|c|☆adamsandlerfan38|that my fault for getting greedy
|c|☆SpouseOwner69|Too early to go for hax lol
|
|t:|1760393966
|switch|p2a: potential man|Meganium, M, shiny|100/100
|turn|5
|
|t:|1760393971
|move|p1a: Gliscor|Toxic|p2a: potential man
|-status|p2a: potential man|tox
|move|p2a: potential man|Swords Dance|p2a: potential man
|-boost|p2a: potential man|atk|2
|
|-heal|p1a: Gliscor|100/100 tox|[from] ability: Poison Heal
|-damage|p2a: potential man|94/100 tox|[from] psn
|upkeep
|turn|6
|
|t:|1760393980
|move|p1a: Gliscor|Protect|p1a: Gliscor
|-singleturn|p1a: Gliscor|Protect
|move|p2a: potential man|Trailblaze|p1a: Gliscor
|-activate|p1a: Gliscor|move: Protect
|
|-heal|p2a: potential man|100/100 tox|[from] item: Leftovers
|-damage|p2a: potential man|88/100 tox|[from] psn
|upkeep
|turn|7
|
|t:|1760393993
|move|p1a: Gliscor|Stealth Rock|p2a: potential man
|-sidestart|p2: adamsandlerfan38|move: Stealth Rock
|move|p2a: potential man|Trailblaze|p1a: Gliscor
|-damage|p1a: Gliscor|67/100 tox
|-boost|p2a: potential man|spe|1
|
|-heal|p2a: potential man|94/100 tox|[from] item: Leftovers
|-damage|p2a: potential man|76/100 tox|[from] psn
|-heal|p1a: Gliscor|80/100 tox|[from] ability: Poison Heal
|upkeep
|turn|8
|
|t:|1760394003
|move|p2a: potential man|Swords Dance|p2a: potential man
|-boost|p2a: potential man|atk|2
|move|p1a: Gliscor|Earthquake|p2a: potential man
|-resisted|p2a: potential man
|-damage|p2a: potential man|62/100 tox
|
|-heal|p2a: potential man|68/100 tox|[from] item: Leftovers
|-damage|p2a: potential man|44/100 tox|[from] psn
|-heal|p1a: Gliscor|92/100 tox|[from] ability: Poison Heal
|upkeep
|turn|9
|
|t:|1760394005
|move|p1a: Gliscor|Protect|p1a: Gliscor
|-singleturn|p1a: Gliscor|Protect
|move|p2a: potential man|Trailblaze|p1a: Gliscor
|-activate|p1a: Gliscor|move: Protect
|
|-heal|p2a: potential man|50/100 tox|[from] item: Leftovers
|-damage|p2a: potential man|20/100 tox|[from] psn
|-heal|p1a: Gliscor|100/100 tox|[from] ability: Poison Heal
|upkeep
|turn|10
|c|☆SpouseOwner69|Im sorry little one
|
|t:|1760394052
|switch|p1a: Moltres|Moltres|100/100
|move|p2a: potential man|Outrage|p1a: Moltres
|-damage|p1a: Moltres|32/100
|
|-heal|p2a: potential man|26/100 tox|[from] item: Leftovers
|-damage|p2a: potential man|0 fnt|[from] psn
|faint|p2a: potential man
|upkeep
|c|☆adamsandlerfan38|if and when
|c|☆adamsandlerfan38|but never is
|
|t:|1760394074
|switch|p2a: for charity|Iron Boulder|100/100
|-damage|p2a: for charity|88/100|[from] Stealth Rock
|-enditem|p2a: for charity|Booster Energy
|-activate|p2a: for charity|ability: Quark Drive|[fromitem]
|-start|p2a: for charity|quarkdrivespe
|turn|11
|
|t:|1760394081
|move|p2a: for charity|Mighty Cleave|p1a: Moltres
|-supereffective|p1a: Moltres
|-damage|p1a: Moltres|0 fnt
|faint|p1a: Moltres
|
|upkeep
|
|t:|1760394097
|switch|p1a: Gliscor|Gliscor, M|100/100 tox
|turn|12
|l|☆adamsandlerfan38
|player|p2|
|j|☆adamsandlerfan38
|player|p2|adamsandlerfan38|ghetsis|
|
|t:|1760394123
|-terastallize|p2a: for charity|Fighting
|move|p2a: for charity|Swords Dance|p2a: for charity
|-boost|p2a: for charity|atk|2
|move|p1a: Gliscor|Earthquake|p2a: for charity
|-damage|p2a: for charity|46/100
|
|upkeep
|turn|13
|
|t:|1760394141
|move|p2a: for charity|Mighty Cleave|p1a: Gliscor
|-damage|p1a: Gliscor|27/100 tox
|move|p1a: Gliscor|Toxic|p2a: for charity|[miss]
|-miss|p1a: Gliscor|p2a: for charity
|
|-heal|p1a: Gliscor|40/100 tox|[from] ability: Poison Heal
|upkeep
|turn|14
|c|☆SpouseOwner69|Bruh
|
|t:|1760394156
|move|p2a: for charity|Mighty Cleave|p1a: Gliscor
|-damage|p1a: Gliscor|0 fnt
|faint|p1a: Gliscor
|
|upkeep
|
|t:|1760394159
|switch|p1a: Raging Bolt|Raging Bolt|100/100
|-enditem|p1a: Raging Bolt|Booster Energy
|-activate|p1a: Raging Bolt|ability: Protosynthesis|[fromitem]
|-start|p1a: Raging Bolt|protosynthesisspa
|turn|15
|
|t:|1760394166
|move|p2a: for charity|Mighty Cleave|p1a: Raging Bolt
|-damage|p1a: Raging Bolt|16/100
|move|p1a: Raging Bolt|Thunderbolt|p2a: for charity
|-damage|p2a: for charity|0 fnt
|faint|p2a: for charity
|-end|p2a: for charity|Quark Drive|[silent]
|
|upkeep
|
|t:|1760394171
|switch|p2a: raging child|Scream Tail|100/100
|-damage|p2a: raging child|88/100|[from] Stealth Rock
|turn|16
|c|☆SpouseOwner69|Raging goat
|
|t:|1760394182
|move|p2a: raging child|Wish|p2a: raging child
|move|p1a: Raging Bolt|Thunderbolt|p2a: raging child
|-damage|p2a: raging child|55/100
|
|-heal|p2a: raging child|61/100|[from] item: Leftovers
|upkeep
|turn|17
|
|t:|1760394190
|move|p2a: raging child|Bulk Up|p2a: raging child
|-boost|p2a: raging child|atk|1
|-boost|p2a: raging child|def|1
|move|p1a: Raging Bolt|Calm Mind|p1a: Raging Bolt
|-boost|p1a: Raging Bolt|spa|1
|-boost|p1a: Raging Bolt|spd|1
|
|-heal|p2a: raging child|100/100|[from] move: Wish|[wisher] raging child
|upkeep
|turn|18
|
|t:|1760394197
|move|p2a: raging child|Play Rough|p1a: Raging Bolt|[miss]
|-miss|p2a: raging child|p1a: Raging Bolt
|move|p1a: Raging Bolt|Thunderbolt|p2a: raging child
|-damage|p2a: raging child|43/100
|
|-heal|p2a: raging child|49/100|[from] item: Leftovers
|upkeep
|turn|19
|c|☆adamsandlerfan38|brah
|
|t:|1760394207
|move|p1a: Raging Bolt|Thunderclap|p2a: raging child
|-damage|p2a: raging child|6/100
|move|p2a: raging child|Play Rough|p1a: Raging Bolt
|-supereffective|p1a: Raging Bolt
|-damage|p1a: Raging Bolt|0 fnt
|faint|p1a: Raging Bolt
|-end|p1a: Raging Bolt|Protosynthesis|[silent]
|
|-heal|p2a: raging child|12/100|[from] item: Leftovers
|upkeep
|
|t:|1760394210
|switch|p1a: Iron Crown|Iron Crown|100/100
|turn|20
|
|t:|1760394213
|move|p1a: Iron Crown|Tachyon Cutter|p2a: raging child
|-supereffective|p2a: raging child
|-damage|p2a: raging child|0 fnt
|faint|p2a: raging child
|-end|p2a: raging child|Protosynthesis|[silent]
|-hitcount|p2: raging child|1
|
|upkeep
|
|t:|1760394216
|switch|p2a: nirvana|Moltres|100/100
|turn|21
|c|☆SpouseOwner69|A hax for a hax
|
|t:|1760394227
|-end|p1a: Iron Crown|Quark Drive|[silent]
|switch|p1a: Weezing|Weezing-Galar, F|100/100
|-ability|p1a: Weezing|Neutralizing Gas
|move|p2a: nirvana|Flamethrower|p1a: Weezing
|-damage|p1a: Weezing|30/100
|
|upkeep
|turn|22
|
|t:|1760394235
|move|p2a: nirvana|Flamethrower|p1a: Weezing
|-damage|p1a: Weezing|0 fnt
|faint|p1a: Weezing
|-end|p1a: Weezing|ability: Neutralizing Gas
|
|upkeep
|
|t:|1760394241
|switch|p1a: Ogerpon|Ogerpon-Wellspring, F|30/100
|turn|23
|l|☆adamsandlerfan38
|player|p2|
|j|☆adamsandlerfan38
|player|p2|adamsandlerfan38|ghetsis|
|
|t:|1760394274
|-terastallize|p1a: Ogerpon|Water
|detailschange|p1a: Ogerpon|Ogerpon-Wellspring-Tera, F, tera:Water
|-ability|p1a: Ogerpon|Embody Aspect (Wellspring)|boost
|-boost|p1a: Ogerpon|spd|1
|move|p1a: Ogerpon|Ivy Cudgel|p2a: nirvana|[anim] Ivy Cudgel Water
|-supereffective|p2a: nirvana
|-damage|p2a: nirvana|0 fnt
|faint|p2a: nirvana
|
|upkeep
|
|t:|1760394281
|switch|p2a: noli|Pecharunt|100/100
|-damage|p2a: noli|88/100|[from] Stealth Rock
|turn|24
|
|t:|1760394296
|move|p1a: Ogerpon|Ivy Cudgel|p2a: noli|[anim] Ivy Cudgel Water
|-damage|p2a: noli|41/100
|move|p2a: noli|Shadow Ball|p1a: Ogerpon
|-damage|p1a: Ogerpon|4/100
|
|-heal|p2a: noli|47/100|[from] item: Leftovers
|upkeep
|turn|25
|c|☆adamsandlerfan38|rip
|
|t:|1760394312
|move|p1a: Ogerpon|Ivy Cudgel|p2a: noli|[anim] Ivy Cudgel Water
|-damage|p2a: noli|0 fnt
|faint|p2a: noli
|
|win|SpouseOwner69
|c|☆SpouseOwner69|Unfortunate
|c|☆SpouseOwner69|Ggs
|c|☆adamsandlerfan38|ggs
|c|☆SpouseOwner69|68% on moltres is crazy
|c|☆SpouseOwner69|Maybe meganium has that dawg in him
|l|☆SpouseOwner69
|player|p1|
|l|☆adamsandlerfan38
|player|p2|
|j|☆SpouseOwner69
|player|p1|SpouseOwner69|infielder|
|l|☆SpouseOwner69
|player|p1|
|j|☆SpouseOwner69
|player|p1|SpouseOwner69|infielder|
