|j|☆Chococroc
|j|☆MooFarmer
|t:|1760373119
|gametype|singles
|player|p1|Chococroc|pokemaniac|1787
|player|p2|MooFarmer|1|1832
|gen|9
|tier|[Gen 9] OU
|rated|
|rule|HP Percentage Mod: HP is shown in percentages
|rule|Endless Battle Clause: Forcing endless battles is banned
|rule|Species Clause: Limit one of each Pokémon
|rule|OHKO Clause: OHKO moves are banned
|rule|Evasion Items Clause: Evasion items are banned
|rule|Evasion Moves Clause: Evasion moves are banned
|rule|Evasion Abilities Clause: Evasion abilities are banned
|rule|Sleep Moves Clause: Sleep-inducing moves are banned
|clearpoke
|poke|p1|Rillaboom, F|
|poke|p1|Hawlucha, M|
|poke|p1|Kyurem|
|poke|p1|Primarina, F|
|poke|p1|Cinderace, F|
|poke|p1|Iron Crown|
|poke|p2|Kyurem|
|poke|p2|Corviknight, M|
|poke|p2|Ting-Lu|
|poke|p2|Dondozo, M|
|poke|p2|Slowking-Galar, L99, F|
|poke|p2|Cinderace, M|
|teampreview
|inactive|Battle timer is ON: inactive players will automatically lose when time's up. (requested by Chococroc)
|
|t:|1760373165
|teamsize|p1|6
|teamsize|p2|6
|start
|switch|p1a: Cinderace|Cinderace, F|100/100
|switch|p2a: Slowking|Slowking-Galar, L99, F|100/100
|turn|1
|inactive|MooFarmer also wants the timer to be on.
|j| silico
|j| hacksareus10
|j| Goobshiester1st
|inactive|MooFarmer has 120 seconds left.
|
|t:|1760373210
|move|p1a: Cinderace|Pyro Ball|p2a: Slowking
|-damage|p2a: Slowking|36/100
|move|p2a: Slowking|Sludge Bomb|p1a: Cinderace
|-damage|p1a: Cinderace|52/100
|
|upkeep
|turn|2
|inactive|MooFarmer has 90 seconds left.
|
|t:|1760373257
|switch|p2a: Dondozo|Dondozo, M|100/100
|move|p1a: Cinderace|Pyro Ball|p2a: Dondozo|[miss]
|-miss|p1a: Cinderace|p2a: Dondozo
|
|upkeep
|turn|3
|inactive|MooFarmer has 60 seconds left.
|
|t:|1760373301
|move|p1a: Cinderace|U-turn|p2a: Dondozo
|-start|p1a: Cinderace|typechange|Bug|[from] ability: Libero
|-damage|p2a: Dondozo|86/100
|
|t:|1760373304
|switch|p1a: Primarina|Primarina, F|100/100|[from] U-turn
|move|p2a: Dondozo|Body Press|p1a: Primarina
|-resisted|p1a: Primarina
|-damage|p1a: Primarina|90/100
|
|-heal|p1a: Primarina|96/100|[from] item: Leftovers
|-heal|p2a: Dondozo|92/100|[from] item: Leftovers
|upkeep
|turn|4
|
|t:|1760373313
|switch|p2a: Slowking|Slowking-Galar, L99, F|69/100
|move|p1a: Primarina|Substitute|p1a: Primarina
|-start|p1a: Primarina|Substitute
|-damage|p1a: Primarina|71/100
|
|-heal|p1a: Primarina|77/100|[from] item: Leftovers
|upkeep
|turn|5
|j| Le Bouquetin
|
|t:|1760373321
|move|p1a: Primarina|Calm Mind|p1a: Primarina
|-boost|p1a: Primarina|spa|1
|-boost|p1a: Primarina|spd|1
|move|p2a: Slowking|Sludge Bomb|p1a: Primarina
|-supereffective|p1a: Primarina
|-end|p1a: Primarina|Substitute
|
|-heal|p1a: Primarina|83/100|[from] item: Leftovers
|upkeep
|turn|6
|inactive|MooFarmer has 60 seconds left.
|
|t:|1760373329
|move|p1a: Primarina|Calm Mind|p1a: Primarina
|-boost|p1a: Primarina|spa|1
|-boost|p1a: Primarina|spd|1
|move|p2a: Slowking|Sludge Bomb|p1a: Primarina
|-supereffective|p1a: Primarina
|-damage|p1a: Primarina|58/100
|
|-heal|p1a: Primarina|65/100|[from] item: Leftovers
|upkeep
|turn|7
|
|t:|1760373337
|move|p1a: Primarina|Calm Mind|p1a: Primarina
|-boost|p1a: Primarina|spa|1
|-boost|p1a: Primarina|spd|1
|move|p2a: Slowking|Sludge Bomb|p1a: Primarina
|-supereffective|p1a: Primarina
|-damage|p1a: Primarina|45/100
|-status|p1a: Primarina|psn
|
|-heal|p1a: Primarina|51/100 psn|[from] item: Leftovers
|-damage|p1a: Primarina|38/100 psn|[from] psn
|upkeep
|turn|8
|
|t:|1760373356
|move|p1a: Primarina|Psychic Noise|p2a: Slowking
|-damage|p2a: Slowking|24/100
|-start|p2a: Slowking|move: Heal Block
|move|p2a: Slowking|Sludge Bomb|p1a: Primarina
|-supereffective|p1a: Primarina
|-damage|p1a: Primarina|19/100 psn
|
|-heal|p1a: Primarina|25/100 psn|[from] item: Leftovers
|-damage|p1a: Primarina|12/100 psn|[from] psn
|upkeep
|turn|9
|j| Digitalcanine
|
|t:|1760373364
|switch|p2a: Dondozo|Dondozo, M|92/100
|move|p1a: Primarina|Draining Kiss|p2a: Dondozo
|-damage|p2a: Dondozo|71/100
|-heal|p1a: Primarina|34/100 psn|[from] drain|[of] p2a: Dondozo
|
|-heal|p1a: Primarina|40/100 psn|[from] item: Leftovers
|-heal|p2a: Dondozo|77/100|[from] item: Leftovers
|-damage|p1a: Primarina|28/100 psn|[from] psn
|upkeep
|turn|10
|
|t:|1760373372
|switch|p2a: Corviknight|Corviknight, M|100/100
|-ability|p2a: Corviknight|Pressure
|move|p1a: Primarina|Draining Kiss|p2a: Corviknight
|-resisted|p2a: Corviknight
|-damage|p2a: Corviknight|75/100
|-heal|p1a: Primarina|49/100 psn|[from] drain|[of] p2a: Corviknight
|-damage|p1a: Primarina|32/100 psn|[from] item: Rocky Helmet|[of] p2a: Corviknight
|
|-heal|p1a: Primarina|38/100 psn|[from] item: Leftovers
|-damage|p1a: Primarina|26/100 psn|[from] psn
|upkeep
|turn|11
|
|t:|1760373381
|move|p2a: Corviknight|Brave Bird|p1a: Primarina
|-damage|p1a: Primarina|0 fnt
|faint|p1a: Primarina
|-damage|p2a: Corviknight|67/100|[from] Recoil
|
|upkeep
|
|t:|1760373392
|switch|p1a: Iron Crown|Iron Crown|100/100
|-enditem|p1a: Iron Crown|Booster Energy
|-activate|p1a: Iron Crown|ability: Quark Drive|[fromitem]
|-start|p1a: Iron Crown|quarkdrivespe
|turn|12
|inactive|MooFarmer has 90 seconds left.
|inactive|MooFarmer has 60 seconds left.
|
|t:|1760373437
|move|p1a: Iron Crown|Calm Mind|p1a: Iron Crown
|-boost|p1a: Iron Crown|spa|1
|-boost|p1a: Iron Crown|spd|1
|move|p2a: Corviknight|U-turn|p1a: Iron Crown
|-damage|p1a: Iron Crown|85/100
|inactive|MooFarmer has 60 seconds left.
|inactive|MooFarmer has 30 seconds left.
|inactive|MooFarmer has 20 seconds left.
|
|t:|1760373482
|switch|p2a: Ting-Lu|Ting-Lu|100/100|[from] U-turn
|-ability|p2a: Ting-Lu|Vessel of Ruin
|
|upkeep
|turn|13
|inactive|MooFarmer has 30 seconds left this turn.
|
|t:|1760373491
|-terastallize|p1a: Iron Crown|Fighting
|move|p1a: Iron Crown|Focus Blast|p2a: Ting-Lu
|-supereffective|p2a: Ting-Lu
|-damage|p2a: Ting-Lu|25/100
|move|p2a: Ting-Lu|Earthquake|p1a: Iron Crown
|-damage|p1a: Iron Crown|48/100
|
|-heal|p2a: Ting-Lu|31/100|[from] item: Leftovers
|upkeep
|turn|14
|inactive|MooFarmer has 30 seconds left.
|
|t:|1760373500
|move|p1a: Iron Crown|Tachyon Cutter|p2a: Ting-Lu
|-damage|p2a: Ting-Lu|16/100
|-damage|p2a: Ting-Lu|0 fnt
|faint|p2a: Ting-Lu
|-hitcount|p2: Ting-Lu|2
|
|upkeep
|inactive|MooFarmer has 30 seconds left.
|
|t:|1760373508
|switch|p2a: Slowking|Slowking-Galar, L99, F|57/100
|turn|15
|
|t:|1760373516
|move|p1a: Iron Crown|Psyshock|p2a: Slowking
|-damage|p2a: Slowking|1/100
|move|p2a: Slowking|Future Sight|p1a: Iron Crown
|-start|p2a: Slowking|move: Future Sight
|
|upkeep
|turn|16
|
|t:|1760373525
|switch|p2a: Dondozo|Dondozo, M|77/100
|move|p1a: Iron Crown|Tachyon Cutter|p2a: Dondozo
|-resisted|p2a: Dondozo
|-damage|p2a: Dondozo|67/100
|-resisted|p2a: Dondozo
|-damage|p2a: Dondozo|55/100
|-hitcount|p2a: Dondozo|2
|
|-heal|p2a: Dondozo|61/100|[from] item: Leftovers
|upkeep
|turn|17
|
|t:|1760373534
|move|p1a: Iron Crown|Focus Blast|p2a: Dondozo
|-damage|p2a: Dondozo|12/100
|move|p2a: Dondozo|Rest|p2a: Dondozo
|-status|p2a: Dondozo|slp|[from] move: Rest
|-heal|p2a: Dondozo|100/100 slp|[silent]
|
|-end|p1a: Iron Crown|move: Future Sight
|-supereffective|p1a: Iron Crown
|-damage|p1a: Iron Crown|0 fnt
|faint|p1a: Iron Crown
|-end|p1a: Iron Crown|Quark Drive|[silent]
|upkeep
|
|t:|1760373542
|switch|p1a: Kyurem|Kyurem|100/100
|-ability|p1a: Kyurem|Pressure
|turn|18
|
|t:|1760373550
|switch|p2a: Slowking|Slowking-Galar, L99, F|34/100
|move|p1a: Kyurem|Dragon Dance|p1a: Kyurem
|-boost|p1a: Kyurem|atk|1
|-boost|p1a: Kyurem|spe|1
|
|upkeep
|turn|19
|inactive|MooFarmer has 60 seconds left.
|
|t:|1760373560
|switch|p2a: Dondozo|Dondozo, M|100/100 slp
|move|p1a: Kyurem|Icicle Spear|p2a: Dondozo
|-resisted|p2a: Dondozo
|-damage|p2a: Dondozo|98/100 slp
|-resisted|p2a: Dondozo
|-damage|p2a: Dondozo|95/100 slp
|-resisted|p2a: Dondozo
|-damage|p2a: Dondozo|92/100 slp
|-resisted|p2a: Dondozo
|-damage|p2a: Dondozo|89/100 slp
|-resisted|p2a: Dondozo
|-damage|p2a: Dondozo|86/100 slp
|-hitcount|p2a: Dondozo|5
|
|-heal|p2a: Dondozo|93/100 slp|[from] item: Leftovers
|upkeep
|turn|20
|j| averyradiant
|l| averyradiant
|
|t:|1760373569
|move|p1a: Kyurem|Scale Shot|p2a: Dondozo
|-damage|p2a: Dondozo|87/100 slp
|-damage|p2a: Dondozo|81/100 slp
|-damage|p2a: Dondozo|75/100 slp
|-damage|p2a: Dondozo|69/100 slp
|-damage|p2a: Dondozo|63/100 slp
|-hitcount|p2a: Dondozo|5
|-unboost|p1a: Kyurem|def|1
|-boost|p1a: Kyurem|spe|1
|cant|p2a: Dondozo|slp
|
|-heal|p2a: Dondozo|69/100 slp|[from] item: Leftovers
|upkeep
|turn|21
|
|t:|1760373578
|move|p1a: Kyurem|Scale Shot|p2a: Dondozo
|-damage|p2a: Dondozo|64/100 slp
|-damage|p2a: Dondozo|58/100 slp
|-damage|p2a: Dondozo|52/100 slp
|-damage|p2a: Dondozo|45/100 slp
|-crit|p2a: Dondozo
|-damage|p2a: Dondozo|36/100 slp
|-hitcount|p2a: Dondozo|5
|-unboost|p1a: Kyurem|def|1
|-boost|p1a: Kyurem|spe|1
|cant|p2a: Dondozo|slp
|
|-heal|p2a: Dondozo|42/100 slp|[from] item: Leftovers
|upkeep
|turn|22
|
|t:|1760373586
|move|p1a: Kyurem|Scale Shot|p2a: Dondozo
|-damage|p2a: Dondozo|36/100 slp
|-damage|p2a: Dondozo|30/100 slp
|-damage|p2a: Dondozo|25/100 slp
|-damage|p2a: Dondozo|18/100 slp
|-hitcount|p2a: Dondozo|4
|-unboost|p1a: Kyurem|def|1
|-boost|p1a: Kyurem|spe|1
|-curestatus|p2a: Dondozo|slp|[msg]
|move|p2a: Dondozo|Body Press|p1a: Kyurem
|-supereffective|p1a: Kyurem
|-damage|p1a: Kyurem|44/100
|
|-heal|p2a: Dondozo|25/100|[from] item: Leftovers
|upkeep
|turn|23
|j| FaronAan
|
|t:|1760373596
|move|p1a: Kyurem|Scale Shot|p2a: Dondozo
|-damage|p2a: Dondozo|18/100
|-crit|p2a: Dondozo
|-damage|p2a: Dondozo|9/100
|-damage|p2a: Dondozo|4/100
|-damage|p2a: Dondozo|0 fnt
|faint|p2a: Dondozo
|-hitcount|p2: Dondozo|4
|-unboost|p1a: Kyurem|def|1
|-boost|p1a: Kyurem|spe|1
|
|upkeep
|
|t:|1760373604
|switch|p2a: Corviknight|Corviknight, M|67/100
|-ability|p2a: Corviknight|Pressure
|turn|24
|
|t:|1760373612
|move|p1a: Kyurem|Icicle Spear|p2a: Corviknight
|-damage|p2a: Corviknight|56/100
|-damage|p2a: Corviknight|45/100
|-damage|p2a: Corviknight|34/100
|-damage|p2a: Corviknight|23/100
|-hitcount|p2a: Corviknight|4
|move|p2a: Corviknight|Brave Bird|p1a: Kyurem
|-damage|p1a: Kyurem|0 fnt
|faint|p1a: Kyurem
|-damage|p2a: Corviknight|9/100|[from] Recoil
|
|upkeep
|
|t:|1760373618
|switch|p1a: Cinderace|Cinderace, F|52/100
|turn|25
|inactive|MooFarmer has 90 seconds left.
|inactive|MooFarmer has 60 seconds left.
|
|t:|1760373662
|move|p1a: Cinderace|Pyro Ball|p2a: Corviknight
|-supereffective|p2a: Corviknight
|-damage|p2a: Corviknight|0 fnt
|faint|p2a: Corviknight
|
|upkeep
|inactive|MooFarmer has 60 seconds left.
|l| hacksareus10
|inactive|MooFarmer has 30 seconds left.
|
|t:|1760373706
|switch|p2a: Kyurem|Kyurem|100/100
|-ability|p2a: Kyurem|Pressure
|turn|26
|inactive|MooFarmer has 30 seconds left.
|
|t:|1760373715
|move|p1a: Cinderace|U-turn|p2a: Kyurem
|-start|p1a: Cinderace|typechange|Bug|[from] ability: Libero
|-damage|p2a: Kyurem|67/100
|
|t:|1760373718
|switch|p1a: Rillaboom|Rillaboom, F|100/100|[from] U-turn
|-fieldstart|move: Grassy Terrain|[from] ability: Grassy Surge|[of] p1a: Rillaboom
|move|p2a: Kyurem|Earth Power|p1a: Rillaboom
|-resisted|p1a: Rillaboom
|-damage|p1a: Rillaboom|82/100
|
|-heal|p2a: Kyurem|73/100|[from] Grassy Terrain
|-heal|p2a: Kyurem|79/100|[from] item: Leftovers
|-heal|p1a: Rillaboom|88/100|[from] Grassy Terrain
|upkeep
|turn|27
|
|t:|1760373727
|move|p2a: Kyurem|Freeze-Dry|p1a: Rillaboom
|-supereffective|p1a: Rillaboom
|-crit|p1a: Rillaboom
|-damage|p1a: Rillaboom|0 fnt
|faint|p1a: Rillaboom
|
|-heal|p2a: Kyurem|85/100|[from] Grassy Terrain
|-heal|p2a: Kyurem|92/100|[from] item: Leftovers
|upkeep
|
|t:|1760373731
|switch|p1a: Hawlucha|Hawlucha, M|100/100
|-enditem|p1a: Hawlucha|Grassy Seed
|-boost|p1a: Hawlucha|def|1|[from] item: Grassy Seed
|turn|28
|
|t:|1760373738
|-terastallize|p2a: Kyurem|Ground
|move|p1a: Hawlucha|Close Combat|p2a: Kyurem
|-damage|p2a: Kyurem|42/100
|-unboost|p1a: Hawlucha|def|1
|-unboost|p1a: Hawlucha|spd|1
|move|p2a: Kyurem|Freeze-Dry|p1a: Hawlucha
|-supereffective|p1a: Hawlucha
|-damage|p1a: Hawlucha|0 fnt
|faint|p1a: Hawlucha
|
|-heal|p2a: Kyurem|48/100|[from] Grassy Terrain
|-heal|p2a: Kyurem|54/100|[from] item: Leftovers
|upkeep
|
|t:|1760373741
|switch|p1a: Cinderace|Cinderace, F|52/100
|turn|29
|inactive|MooFarmer has 60 seconds left.
|
|t:|1760373748
|move|p1a: Cinderace|Pyro Ball|p2a: Kyurem|[miss]
|-miss|p1a: Cinderace|p2a: Kyurem
|move|p2a: Kyurem|Earth Power|p1a: Cinderace
|-supereffective|p1a: Cinderace
|-damage|p1a: Cinderace|0 fnt
|faint|p1a: Cinderace
|
|win|MooFarmer
|raw|Chococroc's rating: 1787 &rarr; <strong>1770</strong><br />(-17 for losing)
|raw|MooFarmer's rating: 1832 &rarr; <strong>1849</strong><br />(+17 for winning)
|l|☆MooFarmer
|player|p2|
|l|☆Chococroc
|player|p1|
|l| Goobshiester1st
