|j|☆Zihman
|j|☆Pr3M0h
|t:|1760437017
|gametype|singles
|player|p1|Zihman|lance|1140
|player|p2|Pr3M0h|ghetsis|1141
|gen|9
|tier|[Gen 9] OU
|rated|
|rule|HP Percentage Mod: HP is shown in percentages
|rule|Endless Battle Clause: Forcing endless battles is banned
|rule|Species Clause: Limit one of each Pokémon
|rule|OHKO Clause: OHKO moves are banned
|rule|Evasion Items Clause: Evasion items are banned
|rule|Evasion Moves Clause: Evasion moves are banned
|rule|Evasion Abilities Clause: Evasion abilities are banned
|rule|Sleep Moves Clause: Sleep-inducing moves are banned
|clearpoke
|poke|p1|Primarina, F|
|poke|p1|Pecharunt|
|poke|p1|Iron Crown|
|poke|p1|Dragonite, M|
|poke|p1|Garganacl, M|
|poke|p1|Heatran, M|
|poke|p2|Feraligatr, M|
|poke|p2|Darkrai|
|poke|p2|Garganacl, M|
|poke|p2|Cryogonal|
|poke|p2|Toxapex, F|
|poke|p2|Cinderace, M|
|teampreview
|inactive|Battle timer is ON: inactive players will automatically lose when time's up. (requested by Pr3M0h)
|inactive|Zihman also wants the timer to be on.
|
|t:|1760437027
|teamsize|p1|6
|teamsize|p2|6
|start
|switch|p1a: Primarina|Primarina, F|100/100
|switch|p2a: Feraligatr|Feraligatr, M|100/100
|turn|1
|
|t:|1760437036
|switch|p2a: Toxapex|Toxapex, F|100/100
|move|p1a: Primarina|Alluring Voice|p2a: Toxapex
|-resisted|p2a: Toxapex
|-damage|p2a: Toxapex|82/100
|
|-heal|p2a: Toxapex|88/100|[from] item: Leftovers
|upkeep
|turn|2
|
|t:|1760437044
|move|p1a: Primarina|Flip Turn|p2a: Toxapex
|-resisted|p2a: Toxapex
|-damage|p2a: Toxapex|84/100
|
|t:|1760437056
|switch|p1a: Iron Crown|Iron Crown|100/100|[from] Flip Turn
|move|p2a: Toxapex|Surf|p1a: Iron Crown
|-damage|p1a: Iron Crown|85/100
|
|-heal|p2a: Toxapex|90/100|[from] item: Leftovers
|upkeep
|turn|3
|
|t:|1760437063
|switch|p2a: Darkrai|Darkrai|100/100
|move|p1a: Iron Crown|Agility|p1a: Iron Crown
|-boost|p1a: Iron Crown|spe|2
|
|upkeep
|turn|4
|
|t:|1760437076
|move|p1a: Iron Crown|Tachyon Cutter|p2a: Darkrai
|-crit|p2a: Darkrai
|-damage|p2a: Darkrai|46/100
|-damage|p2a: Darkrai|11/100
|-hitcount|p2a: Darkrai|2
|move|p2a: Darkrai|Nasty Plot|p2a: Darkrai
|-boost|p2a: Darkrai|spa|2
|
|upkeep
|turn|5
|
|t:|1760437081
|move|p1a: Iron Crown|Tachyon Cutter|p2a: Darkrai
|-damage|p2a: Darkrai|0 fnt
|faint|p2a: Darkrai
|-hitcount|p2: Darkrai|1
|
|upkeep
|
|t:|1760437085
|switch|p2a: Garganacl|Garganacl, M|100/100
|turn|6
|
|t:|1760437089
|move|p1a: Iron Crown|Tachyon Cutter|p2a: Garganacl
|-supereffective|p2a: Garganacl
|-damage|p2a: Garganacl|67/100
|-supereffective|p2a: Garganacl
|-damage|p2a: Garganacl|33/100
|-hitcount|p2a: Garganacl|2
|move|p2a: Garganacl|Iron Defense|p2a: Garganacl
|-boost|p2a: Garganacl|def|2
|
|-heal|p2a: Garganacl|39/100|[from] item: Leftovers
|upkeep
|turn|7
|
|t:|1760437095
|-terastallize|p2a: Garganacl|Water
|move|p1a: Iron Crown|Tachyon Cutter|p2a: Garganacl
|-resisted|p2a: Garganacl
|-crit|p2a: Garganacl
|-damage|p2a: Garganacl|26/100
|-resisted|p2a: Garganacl
|-damage|p2a: Garganacl|17/100
|-hitcount|p2a: Garganacl|2
|move|p2a: Garganacl|Recover|p2a: Garganacl
|-heal|p2a: Garganacl|67/100
|
|-heal|p2a: Garganacl|73/100|[from] item: Leftovers
|upkeep
|turn|8
|
|t:|1760437106
|move|p1a: Iron Crown|Agility|p1a: Iron Crown
|-boost|p1a: Iron Crown|spe|2
|move|p2a: Garganacl|Iron Defense|p2a: Garganacl
|-boost|p2a: Garganacl|def|2
|
|-heal|p2a: Garganacl|79/100|[from] item: Leftovers
|upkeep
|turn|9
|
|t:|1760437113
|move|p1a: Iron Crown|Agility|p1a: Iron Crown
|-boost|p1a: Iron Crown|spe|2
|move|p2a: Garganacl|Iron Defense|p2a: Garganacl
|-boost|p2a: Garganacl|def|2
|
|-heal|p2a: Garganacl|85/100|[from] item: Leftovers
|upkeep
|turn|10
|
|t:|1760437115
|move|p1a: Iron Crown|Stored Power|p2a: Garganacl
|-damage|p2a: Garganacl|32/100
|move|p2a: Garganacl|Salt Cure|p1a: Iron Crown
|-resisted|p1a: Iron Crown
|-damage|p1a: Iron Crown|78/100
|-start|p1a: Iron Crown|Salt Cure
|
|-heal|p2a: Garganacl|38/100|[from] item: Leftovers
|-damage|p1a: Iron Crown|53/100|[from] Salt Cure
|upkeep
|turn|11
|
|t:|1760437122
|move|p1a: Iron Crown|Stored Power|p2a: Garganacl
|-damage|p2a: Garganacl|0 fnt
|faint|p2a: Garganacl
|
|-damage|p1a: Iron Crown|28/100|[from] Salt Cure
|upkeep
|
|t:|1760437126
|switch|p2a: Cinderace|Cinderace, M|100/100
|turn|12
|
|t:|1760437142
|-end|p1a: Iron Crown|Quark Drive|[silent]
|switch|p1a: Primarina|Primarina, F|100/100
|move|p2a: Cinderace|Sucker Punch||[still]
|-fail|p2a: Cinderace
|
|upkeep
|turn|13
|
|t:|1760437148
|move|p2a: Cinderace|U-turn|p1a: Primarina
|-start|p2a: Cinderace|typechange|Bug|[from] ability: Libero
|-resisted|p1a: Primarina
|-damage|p1a: Primarina|75/100
|
|t:|1760437151
|switch|p2a: Toxapex|Toxapex, F|100/100|[from] U-turn
|move|p1a: Primarina|Surf|p2a: Toxapex
|-resisted|p2a: Toxapex
|-crit|p2a: Toxapex
|-damage|p2a: Toxapex|67/100
|
|-heal|p2a: Toxapex|73/100|[from] item: Leftovers
|upkeep
|turn|14
|
|t:|1760437157
|move|p1a: Primarina|Psychic Noise|p2a: Toxapex
|-supereffective|p2a: Toxapex
|-damage|p2a: Toxapex|28/100
|-start|p2a: Toxapex|move: Heal Block
|move|p2a: Toxapex|Surf|p1a: Primarina
|-resisted|p1a: Primarina
|-damage|p1a: Primarina|70/100
|
|upkeep
|turn|15
|-message|Pr3M0h forfeited.
|
|win|Zihman
|raw|Zihman's rating: 1140 &rarr; <strong>1165</strong><br />(+25 for winning)
|raw|Pr3M0h's rating: 1141 &rarr; <strong>1116</strong><br />(-25 for losing)
|l|☆Pr3M0h
|player|p2|
|l|☆Zihman
|player|p1|
