|j|☆apjkds
|j|☆spotifytweaks
|t:|1760441825
|gametype|singles
|player|p1|apjkds|170|
|player|p2|spotifytweaks|170|
|gen|9
|tier|[Gen 9] OU
|rule|HP Percentage Mod: HP is shown in percentages
|rule|Endless Battle Clause: Forcing endless battles is banned
|rule|Species Clause: Limit one of each Pokémon
|rule|OHKO Clause: OHKO moves are banned
|rule|Evasion Items Clause: Evasion items are banned
|rule|Evasion Moves Clause: Evasion moves are banned
|rule|Evasion Abilities Clause: Evasion abilities are banned
|rule|Sleep Moves Clause: Sleep-inducing moves are banned
|clearpoke
|poke|p1|Tinkaton, F|
|poke|p1|Ting-Lu|
|poke|p1|Moltres|
|poke|p1|Pecharunt|
|poke|p1|Walking Wake|
|poke|p1|Zamazenta-*|
|poke|p2|Great Tusk|
|poke|p2|Heatran, M|
|poke|p2|Weavile, M|
|poke|p2|Primarina, M|
|poke|p2|Ogerpon, F|
|poke|p2|Pecharunt|
|teampreview
|inactive|Battle timer is ON: inactive players will automatically lose when time's up. (requested by spotifytweaks)
|inactive|apjkds has 270 seconds left.
|
|t:|1760441862
|teamsize|p1|6
|teamsize|p2|6
|start
|switch|p1a: Tinkaton|Tinkaton, F|100/100
|switch|p2a: Chaos|Heatran, M, shiny|100/100
|-item|p1a: Tinkaton|Air Balloon
|-item|p2a: Chaos|Air Balloon
|turn|1
|
|t:|1760441871
|switch|p1a: Moltres|Moltres|100/100
|move|p2a: Chaos|Stealth Rock|p1a: Moltres
|-sidestart|p1: apjkds|move: Stealth Rock
|
|upkeep
|turn|2
|
|t:|1760441888
|switch|p2a: Celestine|Primarina, M, shiny|100/100
|move|p1a: Moltres|U-turn|p2a: Celestine
|-resisted|p2a: Celestine
|-damage|p2a: Celestine|92/100
|inactive|apjkds has 270 seconds left.
|
|t:|1760441919
|switch|p1a: Pecharunt|Pecharunt|100/100|[from] U-turn
|
|upkeep
|turn|3
|
|t:|1760441944
|switch|p2a: Chaos|Heatran, M, shiny|100/100
|-item|p2a: Chaos|Air Balloon
|move|p1a: Pecharunt|Malignant Chain|p2a: Chaos
|-immune|p2a: Chaos
|
|upkeep
|turn|4
|
|t:|1760441953
|move|p1a: Pecharunt|Parting Shot|p2a: Chaos
|-unboost|p2a: Chaos|atk|1
|-unboost|p2a: Chaos|spa|1
|
|t:|1760441958
|switch|p1a: Moltres|Moltres|100/100|[from] Parting Shot
|move|p2a: Chaos|Magma Storm|p1a: Moltres
|-resisted|p1a: Moltres
|-damage|p1a: Moltres|84/100
|-activate|p1a: Moltres|move: Magma Storm|[of] p2a: Chaos
|
|-damage|p1a: Moltres|71/100|[from] move: Magma Storm|[partiallytrapped]
|upkeep
|turn|5
|
|t:|1760441980
|switch|p2a: Celestine|Primarina, M, shiny|92/100
|move|p1a: Moltres|U-turn|p2a: Celestine
|-resisted|p2a: Celestine
|-damage|p2a: Celestine|83/100
|
|t:|1760441986
|switch|p1a: Pecharunt|Pecharunt|100/100|[from] U-turn
|
|upkeep
|turn|6
|inactive|spotifytweaks has 270 seconds left.
|inactive|spotifytweaks has 240 seconds left.
|
|t:|1760442045
|switch|p2a: Behemoth|Great Tusk, shiny|100/100
|move|p1a: Pecharunt|Parting Shot|p2a: Behemoth
|-unboost|p2a: Behemoth|atk|1
|-unboost|p2a: Behemoth|spa|1
|
|t:|1760442063
|switch|p1a: Walking Wake|Walking Wake|100/100|[from] Parting Shot
|
|upkeep
|turn|7
|inactive|spotifytweaks has 240 seconds left.
|
|t:|1760442100
|-end|p2a: Behemoth|Protosynthesis|[silent]
|switch|p2a: Bandit|Weavile, M, shiny|100/100
|-ability|p2a: Bandit|Pressure
|move|p1a: Walking Wake|Knock Off|p2a: Bandit
|-resisted|p2a: Bandit
|-damage|p2a: Bandit|86/100
|-enditem|p2a: Bandit|Choice Band|[from] move: Knock Off|[of] p1a: Walking Wake
|
|upkeep
|turn|8
|inactive|spotifytweaks has 210 seconds left.
|
|t:|1760442129
|-end|p1a: Walking Wake|Protosynthesis|[silent]
|switch|p1a: Tinkaton|Tinkaton, F|100/100
|-damage|p1a: Tinkaton|94/100|[from] Stealth Rock
|-item|p1a: Tinkaton|Air Balloon
|move|p2a: Bandit|Knock Off|p1a: Tinkaton
|-resisted|p1a: Tinkaton
|-crit|p1a: Tinkaton
|-damage|p1a: Tinkaton|57/100
|-enditem|p1a: Tinkaton|Air Balloon
|
|upkeep
|turn|9
|inactive|spotifytweaks has 180 seconds left.
|
|t:|1760442178
|switch|p2a: Behemoth|Great Tusk, shiny|100/100
|move|p1a: Tinkaton|Thunder Wave|p2a: Behemoth
|-immune|p2a: Behemoth
|
|upkeep
|turn|10
|
|t:|1760442187
|switch|p1a: Moltres|Moltres|71/100
|move|p2a: Behemoth|Ice Spinner|p1a: Moltres
|-damage|p1a: Moltres|50/100
|-status|p2a: Behemoth|brn|[from] ability: Flame Body|[of] p1a: Moltres
|
|-damage|p2a: Behemoth|94/100 brn|[from] brn
|upkeep
|turn|11
|
|t:|1760442204
|-end|p2a: Behemoth|Protosynthesis|[silent]
|switch|p2a: Anonymous|Ogerpon, F|100/100
|move|p1a: Moltres|U-turn|p2a: Anonymous
|-supereffective|p2a: Anonymous
|-damage|p2a: Anonymous|63/100
|
|t:|1760442211
|switch|p1a: Zamazenta|Zamazenta|100/100|[from] U-turn
|-ability|p1a: Zamazenta|Dauntless Shield|boost
|-boost|p1a: Zamazenta|def|1
|
|upkeep
|turn|12
|
|t:|1760442224
|switch|p1a: Tinkaton|Tinkaton, F|57/100
|-damage|p1a: Tinkaton|51/100|[from] Stealth Rock
|switch|p2a: Celestine|Primarina, M, shiny|83/100
|
|upkeep
|turn|13
|inactive|spotifytweaks has 180 seconds left.
|
|t:|1760442239
|switch|p2a: Behemoth|Great Tusk, shiny|94/100 brn
|move|p1a: Tinkaton|Stealth Rock|p2a: Behemoth
|-sidestart|p2: spotifytweaks|move: Stealth Rock
|
|-damage|p2a: Behemoth|88/100 brn|[from] brn
|upkeep
|turn|14
|
|t:|1760442246
|switch|p1a: Pecharunt|Pecharunt|100/100
|move|p2a: Behemoth|Headlong Rush|p1a: Pecharunt
|-supereffective|p1a: Pecharunt
|-damage|p1a: Pecharunt|64/100
|-unboost|p2a: Behemoth|def|1
|-unboost|p2a: Behemoth|spd|1
|
|-damage|p2a: Behemoth|82/100 brn|[from] brn
|upkeep
|turn|15
|inactive|spotifytweaks has 180 seconds left.
|
|t:|1760442262
|-end|p2a: Behemoth|Protosynthesis|[silent]
|switch|p2a: Anonymous|Ogerpon, F|63/100
|-damage|p2a: Anonymous|50/100|[from] Stealth Rock
|move|p1a: Pecharunt|Hex|p2a: Anonymous
|-damage|p2a: Anonymous|27/100
|
|upkeep
|turn|16
|
|t:|1760442271
|move|p2a: Anonymous|Knock Off|p1a: Pecharunt
|-supereffective|p1a: Pecharunt
|-damage|p1a: Pecharunt|11/100
|-enditem|p1a: Pecharunt|Heavy-Duty Boots|[from] move: Knock Off|[of] p2a: Anonymous
|move|p1a: Pecharunt|Recover|p1a: Pecharunt
|-heal|p1a: Pecharunt|61/100
|
|upkeep
|turn|17
|
|t:|1760442282
|switch|p2a: Chaos|Heatran, M, shiny|100/100
|-damage|p2a: Chaos|88/100|[from] Stealth Rock
|-item|p2a: Chaos|Air Balloon
|move|p1a: Pecharunt|Recover|p1a: Pecharunt
|-heal|p1a: Pecharunt|100/100
|
|upkeep
|turn|18
|
|t:|1760442290
|move|p1a: Pecharunt|Parting Shot|p2a: Chaos
|-unboost|p2a: Chaos|atk|1
|-unboost|p2a: Chaos|spa|1
|
|t:|1760442296
|switch|p1a: Moltres|Moltres|50/100|[from] Parting Shot
|move|p2a: Chaos|Magma Storm|p1a: Moltres
|-resisted|p1a: Moltres
|-damage|p1a: Moltres|32/100
|-activate|p1a: Moltres|move: Magma Storm|[of] p2a: Chaos
|
|-damage|p1a: Moltres|20/100|[from] move: Magma Storm|[partiallytrapped]
|upkeep
|turn|19
|inactive|spotifytweaks has 210 seconds left.
|
|t:|1760442309
|switch|p2a: Anonymous|Ogerpon, F|27/100
|-damage|p2a: Anonymous|15/100|[from] Stealth Rock
|move|p1a: Moltres|Roost|p1a: Moltres
|-heal|p1a: Moltres|70/100
|-singleturn|p1a: Moltres|move: Roost
|
|-end|p1a: Moltres|Magma Storm|[partiallytrapped]|[silent]
|upkeep
|turn|20
|
|t:|1760442318
|switch|p1a: Pecharunt|Pecharunt|100/100
|-damage|p1a: Pecharunt|88/100|[from] Stealth Rock
|move|p2a: Anonymous|Rock Tomb|p1a: Pecharunt
|-crit|p1a: Pecharunt
|-damage|p1a: Pecharunt|63/100
|-unboost|p1a: Pecharunt|spe|1
|
|upkeep
|turn|21
|
|t:|1760442330
|switch|p2a: Behemoth|Great Tusk, shiny|82/100 brn
|move|p1a: Pecharunt|Hex|p2a: Behemoth
|-damage|p2a: Behemoth|24/100 brn
|
|-damage|p2a: Behemoth|18/100 brn|[from] brn
|upkeep
|turn|22
|c|☆spotifytweaks|misclick
|inactive|spotifytweaks has 210 seconds left.
|
|t:|1760442347
|-end|p2a: Behemoth|Protosynthesis|[silent]
|switch|p2a: Bandit|Weavile, M, shiny|86/100
|-damage|p2a: Bandit|61/100|[from] Stealth Rock
|-ability|p2a: Bandit|Pressure
|move|p1a: Pecharunt|Recover|p1a: Pecharunt
|-heal|p1a: Pecharunt|100/100
|
|upkeep
|turn|23
|inactive|spotifytweaks has 210 seconds left.
|
|t:|1760442378
|switch|p2a: Chaos|Heatran, M, shiny|88/100
|-damage|p2a: Chaos|76/100|[from] Stealth Rock
|-item|p2a: Chaos|Air Balloon
|move|p1a: Pecharunt|Malignant Chain|p2a: Chaos
|-immune|p2a: Chaos
|
|upkeep
|turn|24
|
|t:|1760442386
|move|p2a: Chaos|Magma Storm|p1a: Pecharunt|[miss]
|-miss|p2a: Chaos|p1a: Pecharunt
|move|p1a: Pecharunt|Parting Shot|p2a: Chaos
|-unboost|p2a: Chaos|atk|1
|-unboost|p2a: Chaos|spa|1
|c|☆apjkds|damn
|
|t:|1760442394
|switch|p1a: Walking Wake|Walking Wake|100/100|[from] Parting Shot
|
|upkeep
|turn|25
|c|☆spotifytweaks|can i js forfeit
|c|☆spotifytweaks|that was my wincon
|c|☆spotifytweaks|i lost
|inactive|spotifytweaks has 180 seconds left.
|-message|spotifytweaks forfeited.
|
|win|apjkds
|l|☆spotifytweaks
|player|p2|
|c|☆apjkds|er
