|j|☆DragonHunter994
|j|☆Haconnhabatrieu
|t:|1760321462
|gametype|singles
|player|p1|DragonHunter994|burglar|1354
|player|p2|Haconnhabatrieu|ninjaboy|1341
|gen|9
|tier|[Gen 9] OU
|rated|
|rule|HP Percentage Mod: HP is shown in percentages
|rule|Endless Battle Clause: Forcing endless battles is banned
|rule|Species Clause: Limit one of each Pokémon
|rule|OHKO Clause: OHKO moves are banned
|rule|Evasion Items Clause: Evasion items are banned
|rule|Evasion Moves Clause: Evasion moves are banned
|rule|Evasion Abilities Clause: Evasion abilities are banned
|rule|Sleep Moves Clause: Sleep-inducing moves are banned
|clearpoke
|poke|p1|Pelipper, M|
|poke|p1|Clawitzer, M|
|poke|p1|Zapdos|
|poke|p1|Scizor, M|
|poke|p1|Iron Treads|
|poke|p1|Raging Bolt|
|poke|p2|Mew|
|poke|p2|Cinderace, M|
|poke|p2|Gholdengo|
|poke|p2|Ting-Lu|
|poke|p2|Ninetales-Alola, M|
|poke|p2|Dragonite, M|
|teampreview
|inactive|Battle timer is ON: inactive players will automatically lose when time's up. (requested by Haconnhabatrieu)
|
|t:|1760321471
|teamsize|p1|6
|teamsize|p2|6
|start
|switch|p1a: Clawitzer|Clawitzer, M, shiny|100/100
|switch|p2a: Cinderace|Cinderace, M, shiny|100/100
|turn|1
|
|t:|1760321478
|move|p2a: Cinderace|U-turn|p1a: Clawitzer
|-start|p2a: Cinderace|typechange|Bug|[from] ability: Libero
|-damage|p1a: Clawitzer|59/100
|
|t:|1760321499
|switch|p2a: Dragonite|Dragonite, M|100/100|[from] U-turn
|move|p1a: Clawitzer|Water Pulse|p2a: Dragonite
|-resisted|p2a: Dragonite
|-damage|p2a: Dragonite|82/100
|
|upkeep
|turn|2
|
|t:|1760321505
|switch|p1a: Zapdos|Zapdos|100/100
|-ability|p1a: Zapdos|Pressure
|move|p2a: Dragonite|Dragon Dance|p2a: Dragonite
|-boost|p2a: Dragonite|atk|1
|-boost|p2a: Dragonite|spe|1
|
|upkeep
|turn|3
|
|t:|1760321514
|switch|p1a: Pelipper|Pelipper, M|100/100
|-weather|RainDance|[from] ability: Drizzle|[of] p1a: Pelipper
|move|p2a: Dragonite|Blizzard|p1a: Pelipper
|-damage|p1a: Pelipper|55/100
|
|-weather|RainDance|[upkeep]
|upkeep
|turn|4
|
|t:|1760321529
|move|p2a: Dragonite|Extreme Speed|p1a: Pelipper
|-damage|p1a: Pelipper|28/100
|move|p1a: Pelipper|Hurricane|p2a: Dragonite
|-damage|p2a: Dragonite|42/100
|
|-weather|RainDance|[upkeep]
|upkeep
|turn|5
|
|t:|1760321539
|switch|p1a: Zapdos|Zapdos|100/100
|-ability|p1a: Zapdos|Pressure
|move|p2a: Dragonite|Extreme Speed|p1a: Zapdos
|-damage|p1a: Zapdos|56/100
|
|-weather|RainDance|[upkeep]
|upkeep
|turn|6
|
|t:|1760321551
|move|p1a: Zapdos|Thunder|p2a: Dragonite
|-damage|p2a: Dragonite|0 fnt
|faint|p2a: Dragonite
|
|-weather|RainDance|[upkeep]
|upkeep
|
|t:|1760321559
|switch|p2a: Ninetales|Ninetales-Alola, M|100/100
|-weather|Snowscape|[from] ability: Snow Warning|[of] p2a: Ninetales
|turn|7
|
|t:|1760321565
|switch|p1a: Scizor|Scizor, M, shiny|100/100
|move|p2a: Ninetales|Freeze-Dry|p1a: Scizor
|-resisted|p1a: Scizor
|-damage|p1a: Scizor|85/100
|
|-weather|Snowscape|[upkeep]
|-heal|p1a: Scizor|91/100|[from] item: Leftovers
|upkeep
|turn|8
|
|t:|1760321571
|switch|p2a: Ting-Lu|Ting-Lu, shiny|100/100
|-ability|p2a: Ting-Lu|Vessel of Ruin
|move|p1a: Scizor|Tailwind|p1a: Scizor
|-sidestart|p1: DragonHunter994|move: Tailwind
|
|-weather|Snowscape|[upkeep]
|-heal|p1a: Scizor|98/100|[from] item: Leftovers
|upkeep
|turn|9
|
|t:|1760321582
|move|p1a: Scizor|U-turn|p2a: Ting-Lu
|-supereffective|p2a: Ting-Lu
|-damage|p2a: Ting-Lu|72/100
|-enditem|p2a: Ting-Lu|Weakness Policy
|-boost|p2a: Ting-Lu|atk|2|[from] item: Weakness Policy
|-boost|p2a: Ting-Lu|spa|2|[from] item: Weakness Policy
|
|t:|1760321584
|switch|p1a: Clawitzer|Clawitzer, M, shiny|59/100|[from] U-turn
|move|p2a: Ting-Lu|Ruination|p1a: Clawitzer
|-damage|p1a: Clawitzer|30/100
|
|-weather|Snowscape|[upkeep]
|upkeep
|turn|10
|
|t:|1760321594
|move|p1a: Clawitzer|Water Pulse|p2a: Ting-Lu
|-supereffective|p2a: Ting-Lu
|-damage|p2a: Ting-Lu|0 fnt
|faint|p2a: Ting-Lu
|
|-weather|Snowscape|[upkeep]
|upkeep
|
|t:|1760321598
|switch|p2a: Ninetales|Ninetales-Alola, M|100/100
|turn|11
|
|t:|1760321603
|switch|p1a: Scizor|Scizor, M, shiny|98/100
|move|p2a: Ninetales|Aurora Veil|p2a: Ninetales
|-sidestart|p2: Haconnhabatrieu|move: Aurora Veil
|
|-weather|none
|-heal|p1a: Scizor|100/100|[from] item: Leftovers
|-sideend|p1: DragonHunter994|move: Tailwind
|upkeep
|turn|12
|
|t:|1760321613
|switch|p2a: Cinderace|Cinderace, M, shiny|100/100
|move|p1a: Scizor|Defog|p2a: Cinderace
|-unboost|p2a: Cinderace|evasion|1
|-sideend|p2: Haconnhabatrieu|move: Aurora Veil
|
|upkeep
|turn|13
|
|t:|1760321622
|switch|p1a: Clawitzer|Clawitzer, M, shiny|30/100
|move|p2a: Cinderace|Pyro Ball|p1a: Clawitzer
|-resisted|p1a: Clawitzer
|-damage|p1a: Clawitzer|0 fnt
|faint|p1a: Clawitzer
|
|upkeep
|
|t:|1760321632
|switch|p1a: Pelipper|Pelipper, M|28/100
|-weather|RainDance|[from] ability: Drizzle|[of] p1a: Pelipper
|turn|14
|
|t:|1760321638
|switch|p2a: Ninetales|Ninetales-Alola, M|100/100
|-weather|Snowscape|[from] ability: Snow Warning|[of] p2a: Ninetales
|move|p1a: Pelipper|Roost|p1a: Pelipper
|-heal|p1a: Pelipper|78/100
|-singleturn|p1a: Pelipper|move: Roost
|
|-weather|Snowscape|[upkeep]
|upkeep
|turn|15
|
|t:|1760321644
|switch|p1a: Scizor|Scizor, M, shiny|100/100
|move|p2a: Ninetales|Aurora Veil|p2a: Ninetales
|-sidestart|p2: Haconnhabatrieu|move: Aurora Veil
|
|-weather|Snowscape|[upkeep]
|upkeep
|turn|16
|
|t:|1760321650
|switch|p2a: Cinderace|Cinderace, M, shiny|100/100
|move|p1a: Scizor|Defog|p2a: Cinderace
|-unboost|p2a: Cinderace|evasion|1
|-sideend|p2: Haconnhabatrieu|move: Aurora Veil
|
|-weather|Snowscape|[upkeep]
|upkeep
|turn|17
|
|t:|1760321659
|switch|p1a: Pelipper|Pelipper, M|78/100
|-weather|RainDance|[from] ability: Drizzle|[of] p1a: Pelipper
|move|p2a: Cinderace|U-turn|p1a: Pelipper
|-start|p2a: Cinderace|typechange|Bug|[from] ability: Libero
|-resisted|p1a: Pelipper
|-damage|p1a: Pelipper|66/100
|
|t:|1760321666
|switch|p2a: Ninetales|Ninetales-Alola, M|100/100|[from] U-turn
|-weather|Snowscape|[from] ability: Snow Warning|[of] p2a: Ninetales
|
|-weather|Snowscape|[upkeep]
|upkeep
|turn|18
|
|t:|1760321673
|switch|p2a: Cinderace|Cinderace, M, shiny|100/100
|switch|p1a: Scizor|Scizor, M, shiny|100/100
|
|-weather|Snowscape|[upkeep]
|upkeep
|turn|19
|
|t:|1760321679
|switch|p1a: Pelipper|Pelipper, M|66/100
|-weather|RainDance|[from] ability: Drizzle|[of] p1a: Pelipper
|move|p2a: Cinderace|Pyro Ball|p1a: Pelipper
|-resisted|p1a: Pelipper
|-damage|p1a: Pelipper|54/100
|-status|p1a: Pelipper|brn
|
|-weather|RainDance|[upkeep]
|-damage|p1a: Pelipper|48/100 brn|[from] brn
|upkeep
|turn|20
|
|t:|1760321686
|switch|p2a: Ninetales|Ninetales-Alola, M|100/100
|-weather|Snowscape|[from] ability: Snow Warning|[of] p2a: Ninetales
|move|p1a: Pelipper|Hurricane|p2a: Ninetales|[miss]
|-miss|p1a: Pelipper|p2a: Ninetales
|
|-weather|Snowscape|[upkeep]
|-damage|p1a: Pelipper|42/100 brn|[from] brn
|upkeep
|turn|21
|
|t:|1760321694
|switch|p1a: Scizor|Scizor, M, shiny|100/100
|move|p2a: Ninetales|Freeze-Dry|p1a: Scizor
|-resisted|p1a: Scizor
|-damage|p1a: Scizor|86/100
|
|-weather|Snowscape|[upkeep]
|-heal|p1a: Scizor|92/100|[from] item: Leftovers
|upkeep
|turn|22
|
|t:|1760321704
|switch|p2a: Cinderace|Cinderace, M, shiny|100/100
|move|p1a: Scizor|Bullet Punch|p2a: Cinderace
|-resisted|p2a: Cinderace
|-damage|p2a: Cinderace|78/100
|
|-weather|Snowscape|[upkeep]
|-heal|p1a: Scizor|98/100|[from] item: Leftovers
|upkeep
|turn|23
|
|t:|1760321712
|switch|p1a: Pelipper|Pelipper, M|42/100 brn
|-weather|RainDance|[from] ability: Drizzle|[of] p1a: Pelipper
|move|p2a: Cinderace|U-turn|p1a: Pelipper
|-start|p2a: Cinderace|typechange|Bug|[from] ability: Libero
|-resisted|p1a: Pelipper
|-damage|p1a: Pelipper|28/100 brn
|
|t:|1760321723
|switch|p2a: Mew|Mew, shiny|100/100|[from] U-turn
|
|-weather|RainDance|[upkeep]
|-damage|p1a: Pelipper|22/100 brn|[from] brn
|upkeep
|turn|24
|
|t:|1760321736
|switch|p1a: Iron Treads|Iron Treads|100/100
|move|p2a: Mew|Psychic Noise|p1a: Iron Treads
|-resisted|p1a: Iron Treads
|-damage|p1a: Iron Treads|81/100
|-start|p1a: Iron Treads|move: Heal Block
|
|-weather|RainDance|[upkeep]
|upkeep
|turn|25
|
|t:|1760321750
|move|p1a: Iron Treads|Rapid Spin|p2a: Mew
|-damage|p2a: Mew|88/100
|-boost|p1a: Iron Treads|spe|1
|move|p2a: Mew|Nasty Plot|p2a: Mew
|-boost|p2a: Mew|spa|2
|
|-weather|RainDance|[upkeep]
|-end|p1a: Iron Treads|move: Heal Block
|upkeep
|turn|26
|
|t:|1760321761
|move|p1a: Iron Treads|Earthquake|p2a: Mew
|-damage|p2a: Mew|54/100
|move|p2a: Mew|Flamethrower|p1a: Iron Treads
|-supereffective|p1a: Iron Treads
|-damage|p1a: Iron Treads|23/100
|
|-weather|RainDance|[upkeep]
|-heal|p1a: Iron Treads|29/100|[from] item: Leftovers
|upkeep
|turn|27
|
|t:|1760321768
|move|p1a: Iron Treads|Earthquake|p2a: Mew
|-damage|p2a: Mew|17/100
|move|p2a: Mew|Flamethrower|p1a: Iron Treads
|-supereffective|p1a: Iron Treads
|-damage|p1a: Iron Treads|0 fnt
|faint|p1a: Iron Treads
|-end|p1a: Iron Treads|Quark Drive|[silent]
|
|-weather|RainDance|[upkeep]
|upkeep
|
|t:|1760321773
|switch|p1a: Scizor|Scizor, M, shiny|98/100
|turn|28
|
|t:|1760321782
|switch|p2a: Gholdengo|Gholdengo, shiny|100/100
|move|p1a: Scizor|Bullet Punch|p2a: Gholdengo
|-resisted|p2a: Gholdengo
|-damage|p2a: Gholdengo|87/100
|
|-weather|RainDance|[upkeep]
|-heal|p1a: Scizor|100/100|[from] item: Leftovers
|upkeep
|turn|29
|
|t:|1760321788
|move|p2a: Gholdengo|Shadow Ball|p1a: Scizor
|-damage|p1a: Scizor|4/100
|move|p1a: Scizor|U-turn|p2a: Gholdengo
|-resisted|p2a: Gholdengo
|-damage|p2a: Gholdengo|78/100
|
|t:|1760321791
|switch|p1a: Zapdos|Zapdos|56/100|[from] U-turn
|-ability|p1a: Zapdos|Pressure
|
|-weather|RainDance|[upkeep]
|upkeep
|turn|30
|
|t:|1760321797
|switch|p2a: Ninetales|Ninetales-Alola, M|100/100
|-weather|Snowscape|[from] ability: Snow Warning|[of] p2a: Ninetales
|move|p1a: Zapdos|Thunder|p2a: Ninetales
|-damage|p2a: Ninetales|40/100
|
|-weather|Snowscape|[upkeep]
|upkeep
|turn|31
|
|t:|1760321806
|switch|p1a: Scizor|Scizor, M, shiny|4/100
|move|p2a: Ninetales|Freeze-Dry|p1a: Scizor
|-resisted|p1a: Scizor
|-damage|p1a: Scizor|0 fnt
|faint|p1a: Scizor
|
|-weather|Snowscape|[upkeep]
|upkeep
|
|t:|1760321814
|switch|p1a: Zapdos|Zapdos|56/100
|-ability|p1a: Zapdos|Pressure
|turn|32
|
|t:|1760321827
|move|p1a: Zapdos|Thunder|p2a: Ninetales|[miss]
|-miss|p1a: Zapdos|p2a: Ninetales
|move|p2a: Ninetales|Aurora Veil|p2a: Ninetales
|-sidestart|p2: Haconnhabatrieu|move: Aurora Veil
|
|-weather|Snowscape|[upkeep]
|upkeep
|turn|33
|c|☆DragonHunter994|FUCK
|
|t:|1760321833
|switch|p1a: Pelipper|Pelipper, M|22/100 brn
|-weather|RainDance|[from] ability: Drizzle|[of] p1a: Pelipper
|move|p2a: Ninetales|Freeze-Dry|p1a: Pelipper
|-supereffective|p1a: Pelipper
|-damage|p1a: Pelipper|0 fnt
|faint|p1a: Pelipper
|
|-weather|RainDance|[upkeep]
|upkeep
|
|t:|1760321835
|switch|p1a: Zapdos|Zapdos|56/100
|-ability|p1a: Zapdos|Pressure
|turn|34
|
|t:|1760321838
|switch|p2a: Mew|Mew, shiny|17/100
|move|p1a: Zapdos|Thunder|p2a: Mew
|-damage|p2a: Mew|0 fnt
|faint|p2a: Mew
|
|-weather|RainDance|[upkeep]
|upkeep
|
|t:|1760321843
|switch|p2a: Ninetales|Ninetales-Alola, M|40/100
|-weather|Snowscape|[from] ability: Snow Warning|[of] p2a: Ninetales
|turn|35
|
|t:|1760321847
|move|p1a: Zapdos|Thunder|p2a: Ninetales
|-damage|p2a: Ninetales|11/100
|-status|p2a: Ninetales|par
|move|p2a: Ninetales|Freeze-Dry|p1a: Zapdos
|-supereffective|p1a: Zapdos
|-damage|p1a: Zapdos|3/100
|
|-weather|Snowscape|[upkeep]
|upkeep
|turn|36
|
|t:|1760321855
|move|p1a: Zapdos|Thunder|p2a: Ninetales
|-damage|p2a: Ninetales|0 fnt
|faint|p2a: Ninetales
|
|-weather|Snowscape|[upkeep]
|upkeep
|
|t:|1760321859
|switch|p2a: Cinderace|Cinderace, M, shiny|78/100
|turn|37
|
|t:|1760321868
|move|p2a: Cinderace|Pyro Ball|p1a: Zapdos|[miss]
|-miss|p2a: Cinderace|p1a: Zapdos
|move|p1a: Zapdos|Thunder|p2a: Cinderace
|-damage|p2a: Cinderace|30/100
|
|-weather|Snowscape|[upkeep]
|upkeep
|turn|38
|
|t:|1760321875
|move|p2a: Cinderace|Pyro Ball|p1a: Zapdos
|-damage|p1a: Zapdos|0 fnt
|faint|p1a: Zapdos
|
|-weather|Snowscape|[upkeep]
|upkeep
|
|t:|1760321876
|switch|p1a: Raging Bolt|Raging Bolt|100/100
|turn|39
|
|t:|1760321879
|move|p2a: Cinderace|Pyro Ball|p1a: Raging Bolt
|-resisted|p1a: Raging Bolt
|-damage|p1a: Raging Bolt|78/100
|move|p1a: Raging Bolt|Calm Mind|p1a: Raging Bolt
|-boost|p1a: Raging Bolt|spa|1
|-boost|p1a: Raging Bolt|spd|1
|
|-weather|none
|-heal|p1a: Raging Bolt|85/100|[from] item: Leftovers
|-sideend|p2: Haconnhabatrieu|move: Aurora Veil
|upkeep
|turn|40
|
|t:|1760321883
|move|p1a: Raging Bolt|Thunderclap|p2a: Cinderace
|-damage|p2a: Cinderace|0 fnt
|faint|p2a: Cinderace
|
|-heal|p1a: Raging Bolt|91/100|[from] item: Leftovers
|upkeep
|
|t:|1760321885
|switch|p2a: Gholdengo|Gholdengo, shiny|78/100
|turn|41
|
|t:|1760321901
|move|p2a: Gholdengo|Shadow Ball|p1a: Raging Bolt
|-damage|p1a: Raging Bolt|50/100
|-unboost|p1a: Raging Bolt|spd|1
|move|p1a: Raging Bolt|Thunder|p2a: Gholdengo|[miss]
|-miss|p1a: Raging Bolt|p2a: Gholdengo
|
|-heal|p1a: Raging Bolt|56/100|[from] item: Leftovers
|upkeep
|turn|42
|
|t:|1760321908
|move|p2a: Gholdengo|Shadow Ball|p1a: Raging Bolt
|-damage|p1a: Raging Bolt|0 fnt
|faint|p1a: Raging Bolt
|-end|p1a: Raging Bolt|Protosynthesis|[silent]
|
|win|Haconnhabatrieu
|raw|DragonHunter994's rating: 1354 &rarr; <strong>1333</strong><br />(-21 for losing)
|raw|Haconnhabatrieu's rating: 1341 &rarr; <strong>1362</strong><br />(+21 for winning)
|c|☆DragonHunter994|terrific
