|j|☆Quibblepants
|j|☆givingcross
|t:|1760346911
|gametype|singles
|player|p1|Quibblepants|idol|1332
|player|p2|givingcross|veteran|1312
|gen|9
|tier|[Gen 9] OU
|rated|
|rule|HP Percentage Mod: HP is shown in percentages
|rule|Endless Battle Clause: Forcing endless battles is banned
|rule|Species Clause: Limit one of each Pokémon
|rule|OHKO Clause: OHKO moves are banned
|rule|Evasion Items Clause: Evasion items are banned
|rule|Evasion Moves Clause: Evasion moves are banned
|rule|Evasion Abilities Clause: Evasion abilities are banned
|rule|Sleep Moves Clause: Sleep-inducing moves are banned
|clearpoke
|poke|p1|Eiscue, F|
|poke|p1|Slowking-Galar, F|
|poke|p1|Glaceon, M|
|poke|p1|Cinderace, F|
|poke|p1|Lokix, M|
|poke|p1|Thundurus-Therian, M|
|poke|p2|Hydrapple, F|
|poke|p2|Slowking, M|
|poke|p2|Great Tusk|
|poke|p2|Moltres|
|poke|p2|Zamazenta-*|
|poke|p2|Kingambit, F|
|teampreview
|
|t:|1760346938
|teamsize|p1|6
|teamsize|p2|6
|start
|switch|p1a: Thundurus|Thundurus-Therian, M|100/100
|switch|p2a: Hydrapple|Hydrapple, F|100/100
|turn|1
|
|t:|1760346946
|move|p1a: Thundurus|Volt Switch|p2a: Hydrapple
|-resisted|p2a: Hydrapple
|-damage|p2a: Hydrapple|84/100
|
|t:|1760346951
|switch|p1a: Slowking|Slowking-Galar, F|100/100|[from] Volt Switch
|move|p2a: Hydrapple|Fickle Beam|p1a: Slowking|[anim] Fickle Beam All Out
|-activate|p2a: Hydrapple|move: Fickle Beam
|-damage|p1a: Slowking|16/100
|-damage|p2a: Hydrapple|74/100|[from] item: Life Orb
|
|upkeep
|turn|2
|
|t:|1760346973
|switch|p1a: Eiscue|Eiscue, F|100/100
|move|p2a: Hydrapple|Fickle Beam|p1a: Eiscue
|-damage|p1a: Eiscue|28/100
|-damage|p2a: Hydrapple|65/100|[from] item: Life Orb
|
|upkeep
|turn|3
|
|t:|1760346985
|switch|p2a: Slowking|Slowking, M|100/100
|move|p1a: Eiscue|Flip Turn|p2a: Slowking
|-resisted|p2a: Slowking
|-damage|p2a: Slowking|90/100
|
|t:|1760346988
|switch|p1a: Lokix|Lokix, M|100/100|[from] Flip Turn
|
|upkeep
|turn|4
|
|t:|1760346998
|switch|p2a: Moltres|Moltres|100/100
|move|p1a: Lokix|U-turn|p2a: Moltres
|-resisted|p2a: Moltres
|-damage|p2a: Moltres|85/100
|-damage|p1a: Lokix|91/100|[from] item: Life Orb
|
|t:|1760347003
|switch|p1a: Thundurus|Thundurus-Therian, M|100/100|[from] U-turn
|
|upkeep
|turn|5
|
|t:|1760347013
|switch|p2a: Great Tusk|Great Tusk|100/100
|move|p1a: Thundurus|Grass Knot|p2a: Great Tusk
|-supereffective|p2a: Great Tusk
|-damage|p2a: Great Tusk|0 fnt
|faint|p2a: Great Tusk
|-end|p2a: Great Tusk|Protosynthesis|[silent]
|
|upkeep
|
|t:|1760347023
|switch|p2a: Hydrapple|Hydrapple, F|98/100
|turn|6
|
|t:|1760347034
|switch|p1a: Glaceon|Glaceon, M|100/100
|move|p2a: Hydrapple|Fickle Beam|p1a: Glaceon
|-damage|p1a: Glaceon|45/100
|-damage|p2a: Hydrapple|88/100|[from] item: Life Orb
|
|-heal|p1a: Glaceon|50/100|[from] item: Leftovers
|upkeep
|turn|7
|
|t:|1760347050
|switch|p2a: Slowking|Slowking, M|100/100
|move|p1a: Glaceon|Freeze-Dry|p2a: Slowking
|-supereffective|p2a: Slowking
|-damage|p2a: Slowking|56/100
|
|-heal|p1a: Glaceon|56/100|[from] item: Leftovers
|upkeep
|turn|8
|
|t:|1760347059
|switch|p2a: Zamazenta|Zamazenta|100/100
|-ability|p2a: Zamazenta|Dauntless Shield|boost
|-boost|p2a: Zamazenta|def|1
|move|p1a: Glaceon|Freeze-Dry|p2a: Zamazenta
|-damage|p2a: Zamazenta|66/100
|
|-heal|p1a: Glaceon|62/100|[from] item: Leftovers
|upkeep
|turn|9
|
|t:|1760347074
|switch|p1a: Thundurus|Thundurus-Therian, M|100/100
|move|p2a: Zamazenta|Stone Edge|p1a: Thundurus
|-supereffective|p1a: Thundurus
|-damage|p1a: Thundurus|0 fnt
|faint|p1a: Thundurus
|
|upkeep
|
|t:|1760347079
|switch|p1a: Slowking|Slowking-Galar, F|50/100
|turn|10
|
|t:|1760347085
|move|p2a: Zamazenta|Stone Edge|p1a: Slowking
|-damage|p1a: Slowking|1/100
|move|p1a: Slowking|Future Sight|p2a: Zamazenta
|-start|p1a: Slowking|move: Future Sight
|
|upkeep
|turn|11
|
|t:|1760347092
|switch|p1a: Eiscue|Eiscue, F|28/100
|move|p2a: Zamazenta|Stone Edge|p1a: Eiscue
|-activate|p1a: Eiscue|ability: Ice Face
|-damage|p1a: Eiscue|28/100
|detailschange|p1a: Eiscue|Eiscue-Noice, F
|
|upkeep
|turn|12
|
|t:|1760347102
|move|p2a: Zamazenta|Stone Edge|p1a: Eiscue
|-supereffective|p1a: Eiscue
|-damage|p1a: Eiscue|0 fnt
|faint|p1a: Eiscue
|
|-end|p2a: Zamazenta|move: Future Sight
|-supereffective|p2a: Zamazenta
|-damage|p2a: Zamazenta|0 fnt
|faint|p2a: Zamazenta
|upkeep
|
|t:|1760347116
|switch|p2a: Moltres|Moltres|85/100
|switch|p1a: Lokix|Lokix, M|91/100
|turn|13
|
|t:|1760347126
|switch|p1a: Cinderace|Cinderace, F|100/100
|move|p2a: Moltres|Flamethrower|p1a: Cinderace
|-resisted|p1a: Cinderace
|-damage|p1a: Cinderace|72/100
|
|upkeep
|turn|14
|
|t:|1760347136
|move|p1a: Cinderace|U-turn|p2a: Moltres
|-start|p1a: Cinderace|typechange|Bug|[from] ability: Libero
|-resisted|p2a: Moltres
|-damage|p2a: Moltres|79/100
|
|t:|1760347142
|switch|p1a: Slowking|Slowking-Galar, F|34/100|[from] U-turn
|move|p2a: Moltres|U-turn|p1a: Slowking
|-damage|p1a: Slowking|20/100
|
|t:|1760347153
|switch|p2a: Hydrapple|Hydrapple, F|100/100|[from] U-turn
|
|upkeep
|turn|15
|
|t:|1760347164
|move|p2a: Hydrapple|Fickle Beam|p1a: Slowking
|-damage|p1a: Slowking|0 fnt
|faint|p1a: Slowking
|-damage|p2a: Hydrapple|91/100|[from] item: Life Orb
|
|upkeep
|
|t:|1760347170
|switch|p1a: Glaceon|Glaceon, M|62/100
|turn|16
|
|t:|1760347181
|switch|p2a: Kingambit|Kingambit, F|100/100
|-activate|p2a: Kingambit|ability: Supreme Overlord
|-start|p2a: Kingambit|fallen2|[silent]
|move|p1a: Glaceon|Freeze-Dry|p2a: Kingambit
|-resisted|p2a: Kingambit
|-damage|p2a: Kingambit|80/100
|-status|p2a: Kingambit|frz
|
|-heal|p1a: Glaceon|68/100|[from] item: Leftovers
|-heal|p2a: Kingambit|87/100 frz|[from] item: Leftovers
|upkeep
|turn|17
|
|t:|1760347192
|switch|p1a: Cinderace|Cinderace, F|72/100
|cant|p2a: Kingambit|frz
|
|-heal|p2a: Kingambit|93/100 frz|[from] item: Leftovers
|upkeep
|turn|18
|
|t:|1760347202
|move|p1a: Cinderace|Pyro Ball|p2a: Kingambit|[miss]
|-miss|p1a: Cinderace|p2a: Kingambit
|cant|p2a: Kingambit|frz
|
|-heal|p2a: Kingambit|99/100 frz|[from] item: Leftovers
|upkeep
|turn|19
|
|t:|1760347218
|-end|p2a: Kingambit|fallen2|[silent]
|switch|p2a: Moltres|Moltres|79/100
|move|p1a: Cinderace|Pyro Ball|p2a: Moltres
|-resisted|p2a: Moltres
|-damage|p2a: Moltres|57/100
|
|upkeep
|turn|20
|
|t:|1760347224
|move|p1a: Cinderace|Pyro Ball|p2a: Moltres
|-resisted|p2a: Moltres
|-damage|p2a: Moltres|39/100
|move|p2a: Moltres|Roost|p2a: Moltres
|-heal|p2a: Moltres|89/100
|-singleturn|p2a: Moltres|move: Roost
|
|upkeep
|turn|21
|
|t:|1760347229
|move|p1a: Cinderace|Sucker Punch|p2a: Moltres
|-start|p1a: Cinderace|typechange|Dark|[from] ability: Libero
|-damage|p2a: Moltres|67/100
|move|p2a: Moltres|Flamethrower|p1a: Cinderace
|-damage|p1a: Cinderace|22/100
|
|upkeep
|turn|22
|-message|Quibblepants forfeited.
|
|win|givingcross
|raw|Quibblepants's rating: 1332 &rarr; <strong>1311</strong><br />(-21 for losing)
|raw|givingcross's rating: 1312 &rarr; <strong>1333</strong><br />(+21 for winning)
|l|☆Quibblepants
|player|p1|
|l|☆givingcross
|player|p2|
