|j|☆Luizxs
|j|☆nova_flame2
|t:|1760389123
|gametype|singles
|player|p1|Luizxs|170|1158
|player|p2|nova_flame2|benga|1160
|gen|9
|tier|[Gen 9] OU
|rated|
|rule|HP Percentage Mod: HP is shown in percentages
|rule|Endless Battle Clause: Forcing endless battles is banned
|rule|Species Clause: Limit one of each Pokémon
|rule|OHKO Clause: OHKO moves are banned
|rule|Evasion Items Clause: Evasion items are banned
|rule|Evasion Moves Clause: Evasion moves are banned
|rule|Evasion Abilities Clause: Evasion abilities are banned
|rule|Sleep Moves Clause: Sleep-inducing moves are banned
|clearpoke
|poke|p1|Cloyster, F|
|poke|p1|Gliscor, F|
|poke|p1|Metagross|
|poke|p1|Mimikyu, M|
|poke|p1|Greninja-*, M|
|poke|p1|Maushold-Four|
|poke|p2|Garchomp, M|
|poke|p2|Gardevoir, F|
|poke|p2|Ceruledge, M|
|poke|p2|Mimikyu, M|
|poke|p2|Gholdengo|
|poke|p2|Umbreon, M|
|teampreview
|c|☆nova_flame2|hii
|
|t:|1760389142
|teamsize|p1|6
|teamsize|p2|6
|start
|switch|p1a: Mimikyu|Mimikyu, M|100/100
|switch|p2a: Mimikyu|Mimikyu, M, shiny|100/100
|turn|1
|
|t:|1760389150
|move|p2a: Mimikyu|Shadow Sneak|p1a: Mimikyu
|-activate|p1a: Mimikyu|ability: Disguise
|-damage|p1a: Mimikyu|100/100
|detailschange|p1a: Mimikyu|Mimikyu-Busted, M
|-damage|p1a: Mimikyu|88/100|[from] pokemon: Mimikyu-Busted
|-damage|p2a: Mimikyu|91/100|[from] item: Life Orb
|move|p1a: Mimikyu|Swords Dance|p1a: Mimikyu
|-boost|p1a: Mimikyu|atk|2
|
|upkeep
|turn|2
|
|t:|1760389158
|move|p2a: Mimikyu|Shadow Sneak|p1a: Mimikyu
|-supereffective|p1a: Mimikyu
|-damage|p1a: Mimikyu|22/100
|-damage|p2a: Mimikyu|81/100|[from] item: Life Orb
|move|p1a: Mimikyu|Shadow Sneak|p2a: Mimikyu
|-activate|p2a: Mimikyu|ability: Disguise
|-damage|p2a: Mimikyu|81/100
|detailschange|p2a: Mimikyu|Mimikyu-Busted, M, shiny
|-damage|p2a: Mimikyu|68/100|[from] pokemon: Mimikyu-Busted
|-damage|p1a: Mimikyu|12/100|[from] item: Life Orb
|
|upkeep
|turn|3
|
|t:|1760389162
|move|p2a: Mimikyu|Shadow Sneak|p1a: Mimikyu
|-supereffective|p1a: Mimikyu
|-damage|p1a: Mimikyu|0 fnt
|faint|p1a: Mimikyu
|-damage|p2a: Mimikyu|58/100|[from] item: Life Orb
|
|upkeep
|
|t:|1760389173
|switch|p1a: Cloyster|Cloyster, F|100/100
|turn|4
|
|t:|1760389178
|move|p2a: Mimikyu|Swords Dance|p2a: Mimikyu
|-boost|p2a: Mimikyu|atk|2
|move|p1a: Cloyster|Shell Smash|p1a: Cloyster
|-unboost|p1a: Cloyster|def|1
|-unboost|p1a: Cloyster|spd|1
|-boost|p1a: Cloyster|atk|2
|-boost|p1a: Cloyster|spa|2
|-boost|p1a: Cloyster|spe|2
|-enditem|p1a: Cloyster|White Herb
|-clearnegativeboost|p1a: Cloyster|[silent]
|
|upkeep
|turn|5
|
|t:|1760389183
|move|p1a: Cloyster|Icicle Spear|p2a: Mimikyu
|-damage|p2a: Mimikyu|24/100
|-damage|p2a: Mimikyu|0 fnt
|faint|p2a: Mimikyu
|-hitcount|p2: Mimikyu|2
|
|upkeep
|
|t:|1760389199
|switch|p2a: Gardi|Gardevoir, F, shiny|100/100
|-ability|p2a: Gardi|Skill Link|Trace|[from] ability: Trace|[of] p1a: Cloyster
|turn|6
|
|t:|1760389216
|move|p1a: Cloyster|Rock Blast|p2a: Gardi
|-crit|p2a: Gardi
|-damage|p2a: Gardi|67/100
|-crit|p2a: Gardi
|-damage|p2a: Gardi|33/100
|-damage|p2a: Gardi|6/100
|-damage|p2a: Gardi|0 fnt
|faint|p2a: Gardi
|-hitcount|p2: Gardi|4
|
|upkeep
|
|t:|1760389225
|switch|p2a: goldy|Gholdengo, shiny|100/100
|turn|7
|
|t:|1760389231
|move|p1a: Cloyster|Icicle Spear|p2a: goldy
|-resisted|p2a: goldy
|-damage|p2a: goldy|89/100
|-resisted|p2a: goldy
|-crit|p2a: goldy
|-damage|p2a: goldy|70/100
|-resisted|p2a: goldy
|-damage|p2a: goldy|59/100
|-resisted|p2a: goldy
|-damage|p2a: goldy|46/100
|-resisted|p2a: goldy
|-damage|p2a: goldy|34/100
|-hitcount|p2a: goldy|5
|move|p2a: goldy|Thunderbolt|p1a: Cloyster
|-supereffective|p1a: Cloyster
|-damage|p1a: Cloyster|0 fnt
|faint|p1a: Cloyster
|
|upkeep
|
|t:|1760389235
|switch|p1a: Greninja|Greninja, M|100/100
|turn|8
|
|t:|1760389241
|-terastallize|p2a: goldy|Water
|move|p2a: goldy|Thunderbolt|p1a: Greninja
|-supereffective|p1a: Greninja
|-damage|p1a: Greninja|0 fnt
|faint|p1a: Greninja
|
|upkeep
|
|t:|1760389249
|switch|p1a: Metagross|Metagross|100/100
|turn|9
|
|t:|1760389257
|switch|p2a: Knight|Ceruledge, M, shiny|100/100
|move|p1a: Metagross|Meteor Mash|p2a: Knight
|-resisted|p2a: Knight
|-damage|p2a: Knight|68/100
|-ability|p2a: Knight|Weak Armor|boost
|-unboost|p2a: Knight|def|1
|-boost|p2a: Knight|spe|2
|
|upkeep
|turn|10
|
|t:|1760389265
|move|p2a: Knight|Bitter Blade|p1a: Metagross
|-supereffective|p1a: Metagross
|-damage|p1a: Metagross|30/100
|-heal|p2a: Knight|100/100|[from] drain|[of] p1a: Metagross
|move|p1a: Metagross|Meteor Mash|p2a: Knight
|-resisted|p2a: Knight
|-damage|p2a: Knight|54/100
|-ability|p2a: Knight|Weak Armor|boost
|-unboost|p2a: Knight|def|1
|-boost|p2a: Knight|spe|2
|
|-heal|p1a: Metagross|36/100|[from] item: Leftovers
|upkeep
|turn|11
|
|t:|1760389271
|move|p1a: Metagross|Bullet Punch|p2a: Knight
|-resisted|p2a: Knight
|-damage|p2a: Knight|23/100
|-ability|p2a: Knight|Weak Armor|boost
|-unboost|p2a: Knight|def|1
|-boost|p2a: Knight|spe|2
|move|p2a: Knight|Bitter Blade|p1a: Metagross
|-supereffective|p1a: Metagross
|-damage|p1a: Metagross|0 fnt
|-heal|p2a: Knight|45/100|[from] drain|[of] p1a: Metagross
|faint|p1a: Metagross
|
|upkeep
|
|t:|1760389274
|switch|p1a: Gliscor|Gliscor, F|100/100
|turn|12
|
|t:|1760389288
|switch|p2a: Shadow|Umbreon, M, shiny|100/100
|move|p1a: Gliscor|Swords Dance|p1a: Gliscor
|-boost|p1a: Gliscor|atk|2
|
|-status|p1a: Gliscor|tox|[from] item: Toxic Orb
|upkeep
|turn|13
|
|t:|1760389296
|move|p1a: Gliscor|Earthquake|p2a: Shadow
|-damage|p2a: Shadow|50/100
|move|p2a: Shadow|Foul Play|p1a: Gliscor
|-damage|p1a: Gliscor|24/100 tox
|
|-heal|p2a: Shadow|56/100|[from] item: Leftovers
|-heal|p1a: Gliscor|36/100 tox|[from] ability: Poison Heal
|upkeep
|turn|14
|
|t:|1760389305
|move|p1a: Gliscor|Gunk Shot|p2a: Shadow|[miss]
|-miss|p1a: Gliscor|p2a: Shadow
|move|p2a: Shadow|Foul Play|p1a: Gliscor
|-damage|p1a: Gliscor|0 fnt
|faint|p1a: Gliscor
|
|-heal|p2a: Shadow|62/100|[from] item: Leftovers
|upkeep
|
|t:|1760389307
|switch|p1a: Maushold|Maushold-Four|100/100
|turn|15
|
|t:|1760389316
|move|p1a: Maushold|Tidy Up|p1a: Maushold
|-boost|p1a: Maushold|atk|1
|-boost|p1a: Maushold|spe|1
|move|p2a: Shadow|Toxic|p1a: Maushold
|-status|p1a: Maushold|tox
|
|-heal|p2a: Shadow|68/100|[from] item: Leftovers
|-damage|p1a: Maushold|94/100 tox|[from] psn
|upkeep
|turn|16
|
|t:|1760389322
|move|p1a: Maushold|Encore|p2a: Shadow
|-start|p2a: Shadow|Encore
|move|p2a: Shadow|Toxic|p1a: Maushold
|-fail|p1a: Maushold|tox
|
|-heal|p2a: Shadow|74/100|[from] item: Leftovers
|-damage|p1a: Maushold|82/100 tox|[from] psn
|upkeep
|turn|17
|
|t:|1760389327
|switch|p2a: Chomper|Garchomp, M, shiny|100/100
|move|p1a: Maushold|Tidy Up|p1a: Maushold
|-boost|p1a: Maushold|atk|1
|-boost|p1a: Maushold|spe|1
|
|-damage|p1a: Maushold|63/100 tox|[from] psn
|upkeep
|turn|18
|
|t:|1760389332
|move|p1a: Maushold|Population Bomb|p2a: Chomper
|-damage|p2a: Chomper|77/100
|-damage|p1a: Maushold|51/100 tox|[from] ability: Rough Skin|[of] p2a: Chomper
|-damage|p2a: Chomper|50/100
|-damage|p1a: Maushold|38/100 tox|[from] ability: Rough Skin|[of] p2a: Chomper
|-damage|p2a: Chomper|27/100
|-damage|p1a: Maushold|26/100 tox|[from] ability: Rough Skin|[of] p2a: Chomper
|-damage|p2a: Chomper|3/100
|-damage|p1a: Maushold|14/100 tox|[from] ability: Rough Skin|[of] p2a: Chomper
|-damage|p2a: Chomper|0 fnt
|-damage|p1a: Maushold|1/100 tox|[from] ability: Rough Skin|[of] p2a: Chomper
|faint|p2a: Chomper
|-hitcount|p2: Chomper|5
|-damage|p1a: Maushold|0 fnt|[from] item: Life Orb
|faint|p1a: Maushold
|
|win|nova_flame2
|raw|Luizxs's rating: 1158 &rarr; <strong>1133</strong><br />(-25 for losing)
|raw|nova_flame2's rating: 1160 &rarr; <strong>1185</strong><br />(+25 for winning)
|l|☆Luizxs
|player|p1|
|c|☆nova_flame2|gg
