|j|☆Mr Tpen
|j|☆RoddyJ
|t:|1760329278
|gametype|singles
|player|p1|Mr Tpen|102|1768
|player|p2|RoddyJ|ethan|1828
|gen|9
|tier|[Gen 9] OU
|rated|
|rule|HP Percentage Mod: HP is shown in percentages
|rule|Endless Battle Clause: Forcing endless battles is banned
|rule|Species Clause: Limit one of each Pokémon
|rule|OHKO Clause: OHKO moves are banned
|rule|Evasion Items Clause: Evasion items are banned
|rule|Evasion Moves Clause: Evasion moves are banned
|rule|Evasion Abilities Clause: Evasion abilities are banned
|rule|Sleep Moves Clause: Sleep-inducing moves are banned
|clearpoke
|poke|p1|Enamorus, F|
|poke|p1|Kyurem|
|poke|p1|Landorus-Therian, M|
|poke|p1|Kingambit, F|
|poke|p1|Ogerpon-Wellspring, F|
|poke|p1|Glimmora, F|
|poke|p2|Scizor, M|
|poke|p2|Zamazenta-*|
|poke|p2|Latios, M|
|poke|p2|Glimmora, M|
|poke|p2|Great Tusk|
|poke|p2|Milotic, F|
|teampreview
|inactive|Battle timer is ON: inactive players will automatically lose when time's up. (requested by Mr Tpen)
|
|t:|1760329283
|teamsize|p1|6
|teamsize|p2|6
|start
|switch|p1a: Ogerpon|Ogerpon-Wellspring, F|100/100
|switch|p2a: Milotic|Milotic, F, shiny|100/100
|turn|1
|
|t:|1760329294
|switch|p2a: Scizor|Scizor, M, shiny|100/100
|move|p1a: Ogerpon|Knock Off|p2a: Scizor
|-damage|p2a: Scizor|65/100
|-enditem|p2a: Scizor|Leftovers|[from] move: Knock Off|[of] p1a: Ogerpon
|
|upkeep
|turn|2
|
|t:|1760329298
|move|p1a: Ogerpon|U-turn|p2a: Scizor
|-resisted|p2a: Scizor
|-damage|p2a: Scizor|51/100
|
|t:|1760329300
|switch|p1a: Landorus|Landorus-Therian, M|100/100|[from] U-turn
|-ability|p1a: Landorus|Intimidate|boost
|-unboost|p2a: Scizor|atk|1
|move|p2a: Scizor|U-turn|p1a: Landorus
|-resisted|p1a: Landorus
|-damage|p1a: Landorus|87/100
|-damage|p2a: Scizor|34/100|[from] item: Rocky Helmet|[of] p1a: Landorus
|
|t:|1760329308
|switch|p2a: Glimmora|Glimmora, M, shiny|100/100|[from] U-turn
|-item|p2a: Glimmora|Air Balloon
|
|upkeep
|turn|3
|
|t:|1760329311
|move|p1a: Landorus|Taunt|p2a: Glimmora
|-start|p2a: Glimmora|move: Taunt
|cant|p2a: Glimmora|move: Taunt|Stealth Rock
|
|upkeep
|turn|4
|
|t:|1760329314
|move|p1a: Landorus|Smack Down|p2a: Glimmora
|-damage|p2a: Glimmora|80/100
|-activate|p2a: Glimmora|ability: Toxic Debris
|-sidestart|p1: Mr Tpen|move: Toxic Spikes
|-enditem|p2a: Glimmora|Air Balloon
|move|p2a: Glimmora|Mortal Spin|p1a: Landorus
|-resisted|p1a: Landorus
|-crit|p1a: Landorus
|-damage|p1a: Landorus|82/100
|-status|p1a: Landorus|psn
|-damage|p2a: Glimmora|63/100|[from] item: Rocky Helmet|[of] p1a: Landorus
|
|-damage|p1a: Landorus|70/100 psn|[from] psn
|upkeep
|turn|5
|
|t:|1760329321
|switch|p2a: Great Tusk|Great Tusk, shiny|100/100
|move|p1a: Landorus|Stealth Rock|p2a: Great Tusk
|-sidestart|p2: RoddyJ|move: Stealth Rock
|
|-damage|p1a: Landorus|57/100 psn|[from] psn
|upkeep
|turn|6
|
|t:|1760329333
|switch|p1a: Glimmora|Glimmora, F|100/100
|-sideend|p1: Mr Tpen|move: Toxic Spikes|[of] p1a: Glimmora
|move|p2a: Great Tusk|Rapid Spin|p1a: Glimmora
|-resisted|p1a: Glimmora
|-damage|p1a: Glimmora|93/100
|-boost|p2a: Great Tusk|spe|1
|-activate|p1a: Glimmora|ability: Toxic Debris
|-sidestart|p2: RoddyJ|move: Toxic Spikes
|-sideend|p2: RoddyJ|Toxic Spikes|[from] move: Rapid Spin|[of] p2a: Great Tusk
|-sideend|p2: RoddyJ|Stealth Rock|[from] move: Rapid Spin|[of] p2a: Great Tusk
|-enditem|p1a: Glimmora|Red Card|[of] p2a: Great Tusk
|-end|p2a: Great Tusk|Protosynthesis|[silent]
|drag|p2a: Scizor|Scizor, M, shiny|34/100
|
|upkeep
|turn|7
|
|t:|1760329338
|switch|p1a: Ogerpon|Ogerpon-Wellspring, F|100/100
|switch|p2a: Glimmora|Glimmora, M, shiny|63/100
|
|upkeep
|turn|8
|
|t:|1760329343
|switch|p2a: Scizor|Scizor, M, shiny|34/100
|move|p1a: Ogerpon|Ivy Cudgel|p2a: Scizor|[anim] Ivy Cudgel Water
|-damage|p2a: Scizor|0 fnt
|faint|p2a: Scizor
|
|upkeep
|
|t:|1760329359
|switch|p2a: Latios|Latios, M, shiny|100/100
|turn|9
|
|t:|1760329365
|-terastallize|p1a: Ogerpon|Water
|detailschange|p1a: Ogerpon|Ogerpon-Wellspring-Tera, F, tera:Water
|-ability|p1a: Ogerpon|Embody Aspect (Wellspring)|boost
|-boost|p1a: Ogerpon|spd|1
|move|p2a: Latios|Agility|p2a: Latios
|-boost|p2a: Latios|spe|2
|move|p1a: Ogerpon|Knock Off|p2a: Latios
|-supereffective|p2a: Latios
|-damage|p2a: Latios|16/100
|-enditem|p2a: Latios|Weakness Policy
|-boost|p2a: Latios|atk|2|[from] item: Weakness Policy
|-boost|p2a: Latios|spa|2|[from] item: Weakness Policy
|
|upkeep
|turn|10
|
|t:|1760329372
|move|p2a: Latios|Luster Purge|p1a: Ogerpon
|-damage|p1a: Ogerpon|39/100
|move|p1a: Ogerpon|Ivy Cudgel|p2a: Latios|[anim] Ivy Cudgel Water
|-resisted|p2a: Latios
|-damage|p2a: Latios|0 fnt
|faint|p2a: Latios
|
|upkeep
|
|t:|1760329383
|switch|p2a: Great Tusk|Great Tusk, shiny|100/100
|turn|11
|
|t:|1760329389
|move|p1a: Ogerpon|Ivy Cudgel|p2a: Great Tusk|[anim] Ivy Cudgel Water
|-supereffective|p2a: Great Tusk
|-crit|p2a: Great Tusk
|-damage|p2a: Great Tusk|0 fnt
|faint|p2a: Great Tusk
|-end|p2a: Great Tusk|Protosynthesis|[silent]
|
|upkeep
|
|t:|1760329397
|switch|p2a: Zamazenta|Zamazenta, shiny|100/100
|-ability|p2a: Zamazenta|Dauntless Shield|boost
|-boost|p2a: Zamazenta|def|1
|turn|12
|
|t:|1760329403
|switch|p1a: Landorus|Landorus-Therian, M|57/100 psn
|-ability|p1a: Landorus|Intimidate|boost
|-unboost|p2a: Zamazenta|atk|1
|move|p2a: Zamazenta|Iron Defense|p2a: Zamazenta
|-boost|p2a: Zamazenta|def|2
|
|-damage|p1a: Landorus|45/100 psn|[from] psn
|upkeep
|turn|13
|
|t:|1760329408
|move|p2a: Zamazenta|Iron Defense|p2a: Zamazenta
|-boost|p2a: Zamazenta|def|2
|move|p1a: Landorus|Stealth Rock|p2a: Zamazenta
|-sidestart|p2: RoddyJ|move: Stealth Rock
|
|-damage|p1a: Landorus|33/100 psn|[from] psn
|upkeep
|turn|14
|
|t:|1760329415
|move|p2a: Zamazenta|Body Press|p1a: Landorus
|-resisted|p1a: Landorus
|-damage|p1a: Landorus|0 fnt
|-damage|p2a: Zamazenta|84/100|[from] item: Rocky Helmet|[of] p1a: Landorus
|faint|p1a: Landorus
|
|-heal|p2a: Zamazenta|90/100|[from] item: Leftovers
|upkeep
|
|t:|1760329416
|switch|p1a: Enamorus|Enamorus, F|100/100
|turn|15
|
|t:|1760329421
|-terastallize|p2a: Zamazenta|Bug
|move|p2a: Zamazenta|Heavy Slam|p1a: Enamorus
|-supereffective|p1a: Enamorus
|-damage|p1a: Enamorus|49/100
|move|p1a: Enamorus|Earth Power|p2a: Zamazenta
|-resisted|p2a: Zamazenta
|-damage|p2a: Zamazenta|74/100
|-unboost|p2a: Zamazenta|spd|1
|
|-heal|p2a: Zamazenta|80/100|[from] item: Leftovers
|upkeep
|turn|16
|
|t:|1760329428
|move|p2a: Zamazenta|Heavy Slam|p1a: Enamorus
|-supereffective|p1a: Enamorus
|-crit|p1a: Enamorus
|-damage|p1a: Enamorus|0 fnt
|faint|p1a: Enamorus
|
|-heal|p2a: Zamazenta|86/100|[from] item: Leftovers
|upkeep
|
|t:|1760329433
|switch|p1a: Glimmora|Glimmora, F|93/100
|turn|17
|
|t:|1760329437
|move|p2a: Zamazenta|Body Press|p1a: Glimmora
|-damage|p1a: Glimmora|0 fnt
|-activate|p1a: Glimmora|ability: Toxic Debris
|-sidestart|p2: RoddyJ|move: Toxic Spikes
|faint|p1a: Glimmora
|
|-heal|p2a: Zamazenta|92/100|[from] item: Leftovers
|upkeep
|
|t:|1760329440
|switch|p1a: Kyurem|Kyurem|100/100
|-ability|p1a: Kyurem|Pressure
|turn|18
|
|t:|1760329443
|move|p1a: Kyurem|Draco Meteor|p2a: Zamazenta|[miss]
|-miss|p1a: Kyurem|p2a: Zamazenta
|move|p2a: Zamazenta|Body Press|p1a: Kyurem
|-supereffective|p1a: Kyurem
|-damage|p1a: Kyurem|0 fnt
|faint|p1a: Kyurem
|
|-heal|p2a: Zamazenta|98/100|[from] item: Leftovers
|upkeep
|-message|Mr Tpen forfeited.
|
|win|RoddyJ
|raw|Mr Tpen's rating: 1768 &rarr; <strong>1751</strong><br />(-17 for losing)
|raw|RoddyJ's rating: 1828 &rarr; <strong>1845</strong><br />(+17 for winning)
|l|☆Mr Tpen
|player|p1|
|l|☆RoddyJ
|player|p2|
