|j|☆Mopandballtorture
|j|☆xsilver069623
|t:|1760443798
|gametype|singles
|player|p1|Mopandballtorture|1|1302
|player|p2|xsilver069623|silver|1295
|gen|9
|tier|[Gen 9] OU
|rated|
|rule|HP Percentage Mod: HP is shown in percentages
|rule|Endless Battle Clause: Forcing endless battles is banned
|rule|Species Clause: Limit one of each Pokémon
|rule|OHKO Clause: OHKO moves are banned
|rule|Evasion Items Clause: Evasion items are banned
|rule|Evasion Moves Clause: Evasion moves are banned
|rule|Evasion Abilities Clause: Evasion abilities are banned
|rule|Sleep Moves Clause: Sleep-inducing moves are banned
|clearpoke
|poke|p1|Garganacl, F|
|poke|p1|Dragapult, F|
|poke|p1|Ogerpon-Wellspring, F|
|poke|p1|Moltres|
|poke|p1|Zamazenta-*|
|poke|p1|Great Tusk|
|poke|p2|Arcanine-Hisui, M|
|poke|p2|Necrozma|
|poke|p2|Ceruledge, M|
|poke|p2|Porygon-Z|
|poke|p2|Glimmora, F|
|poke|p2|Thundurus, M|
|teampreview
|inactive|Battle timer is ON: inactive players will automatically lose when time's up. (requested by xsilver069623)
|l|☆Mopandballtorture
|inactive|Mopandballtorture disconnected and has a minute to reconnect!
|player|p1|
|j|☆Mopandballtorture
|inactive|Mopandballtorture reconnected and has 135 seconds left.
|player|p1|Mopandballtorture|1|
|inactive|Mopandballtorture has 120 seconds left.
|
|t:|1760443837
|teamsize|p1|6
|teamsize|p2|6
|start
|switch|p1a: Great Tusk|Great Tusk|100/100
|switch|p2a: Arcanine|Arcanine-Hisui, M|100/100
|turn|1
|
|t:|1760443844
|switch|p2a: Thundurus|Thundurus, M|100/100
|move|p1a: Great Tusk|Knock Off|p2a: Thundurus
|-damage|p2a: Thundurus|64/100
|-enditem|p2a: Thundurus|Mirror Herb|[from] move: Knock Off|[of] p1a: Great Tusk
|
|upkeep
|turn|2
|
|t:|1760443858
|-end|p1a: Great Tusk|Protosynthesis|[silent]
|switch|p1a: Garganacl|Garganacl, F|100/100
|move|p2a: Thundurus|Acrobatics|p1a: Garganacl
|-resisted|p1a: Garganacl
|-damage|p1a: Garganacl|83/100
|
|-heal|p1a: Garganacl|90/100|[from] item: Leftovers
|upkeep
|turn|3
|
|t:|1760443866
|move|p2a: Thundurus|Taunt|p1a: Garganacl
|-start|p1a: Garganacl|move: Taunt
|cant|p1a: Garganacl|move: Taunt|Iron Defense
|
|-heal|p1a: Garganacl|96/100|[from] item: Leftovers
|upkeep
|turn|4
|
|t:|1760443873
|switch|p2a: Arcanine|Arcanine-Hisui, M|100/100
|move|p1a: Garganacl|Salt Cure|p2a: Arcanine
|-supereffective|p2a: Arcanine
|-damage|p2a: Arcanine|68/100
|-start|p2a: Arcanine|Salt Cure
|
|-heal|p1a: Garganacl|100/100|[from] item: Leftovers
|-damage|p2a: Arcanine|56/100|[from] Salt Cure
|upkeep
|turn|5
|
|t:|1760443883
|move|p2a: Arcanine|Close Combat|p1a: Garganacl
|-supereffective|p1a: Garganacl
|-damage|p1a: Garganacl|13/100
|-unboost|p2a: Arcanine|def|1
|-unboost|p2a: Arcanine|spd|1
|move|p1a: Garganacl|Body Press|p2a: Arcanine
|-supereffective|p2a: Arcanine
|-crit|p2a: Arcanine
|-damage|p2a: Arcanine|0 fnt
|faint|p2a: Arcanine
|
|-heal|p1a: Garganacl|19/100|[from] item: Leftovers
|-end|p1a: Garganacl|move: Taunt
|upkeep
|
|t:|1760443898
|switch|p2a: Glimmora|Glimmora, F|100/100
|turn|6
|
|t:|1760443903
|move|p2a: Glimmora|Earth Power|p1a: Garganacl
|-supereffective|p1a: Garganacl
|-damage|p1a: Garganacl|0 fnt
|faint|p1a: Garganacl
|
|upkeep
|
|t:|1760443908
|switch|p1a: Great Tusk|Great Tusk|100/100
|turn|7
|
|t:|1760443912
|switch|p2a: Thundurus|Thundurus, M|64/100
|move|p1a: Great Tusk|Knock Off|p2a: Thundurus
|-damage|p2a: Thundurus|41/100
|
|upkeep
|turn|8
|
|t:|1760443920
|move|p2a: Thundurus|Acrobatics|p1a: Great Tusk
|-supereffective|p1a: Great Tusk
|-damage|p1a: Great Tusk|37/100
|-damage|p2a: Thundurus|24/100|[from] item: Rocky Helmet|[of] p1a: Great Tusk
|move|p1a: Great Tusk|Rapid Spin|p2a: Thundurus
|-damage|p2a: Thundurus|4/100
|-boost|p1a: Great Tusk|spe|1
|
|upkeep
|turn|9
|
|t:|1760443932
|move|p2a: Thundurus|Swagger|p1a: Great Tusk
|-boost|p1a: Great Tusk|atk|2
|-start|p1a: Great Tusk|confusion
|-activate|p1a: Great Tusk|confusion
|move|p1a: Great Tusk|Rapid Spin|p2a: Thundurus
|-damage|p2a: Thundurus|0 fnt
|-boost|p1a: Great Tusk|spe|1
|faint|p2a: Thundurus
|
|upkeep
|
|t:|1760443941
|switch|p2a: Porygon-Z|Porygon-Z|100/100
|-ability|p2a: Porygon-Z|Download|boost
|-boost|p2a: Porygon-Z|spa|1
|turn|10
|
|t:|1760443946
|-activate|p1a: Great Tusk|confusion
|move|p1a: Great Tusk|Headlong Rush|p2a: Porygon-Z
|-damage|p2a: Porygon-Z|0 fnt
|-unboost|p1a: Great Tusk|def|1
|-unboost|p1a: Great Tusk|spd|1
|-damage|p1a: Great Tusk|20/100|[from] item: Rocky Helmet|[of] p2a: Porygon-Z
|faint|p2a: Porygon-Z
|
|upkeep
|
|t:|1760443953
|switch|p2a: Ceruledge|Ceruledge, M|100/100
|turn|11
|
|t:|1760443955
|move|p2a: Ceruledge|Shadow Sneak|p1a: Great Tusk
|-damage|p1a: Great Tusk|3/100
|-damage|p2a: Ceruledge|84/100|[from] item: Rocky Helmet|[of] p1a: Great Tusk
|-activate|p1a: Great Tusk|confusion
|move|p1a: Great Tusk|Headlong Rush|p2a: Ceruledge
|-supereffective|p2a: Ceruledge
|-damage|p2a: Ceruledge|0 fnt
|-unboost|p1a: Great Tusk|def|1
|-unboost|p1a: Great Tusk|spd|1
|faint|p2a: Ceruledge
|
|upkeep
|
|t:|1760443965
|switch|p2a: Glimmora|Glimmora, F|100/100
|turn|12
|
|t:|1760443968
|-end|p1a: Great Tusk|confusion
|move|p1a: Great Tusk|Knock Off|p2a: Glimmora
|-damage|p2a: Glimmora|38/100
|-activate|p2a: Glimmora|ability: Toxic Debris
|-sidestart|p1: Mopandballtorture|move: Toxic Spikes
|-enditem|p2a: Glimmora|Choice Scarf|[from] move: Knock Off|[of] p1a: Great Tusk
|move|p2a: Glimmora|Dazzling Gleam|p1a: Great Tusk
|-supereffective|p1a: Great Tusk
|-crit|p1a: Great Tusk
|-damage|p1a: Great Tusk|0 fnt
|faint|p1a: Great Tusk
|-end|p1a: Great Tusk|Protosynthesis|[silent]
|
|upkeep
|
|t:|1760443980
|switch|p1a: Ogerpon|Ogerpon-Wellspring, F|100/100
|-status|p1a: Ogerpon|psn
|turn|13
|
|t:|1760443994
|move|p1a: Ogerpon|Ivy Cudgel|p2a: Glimmora|[anim] Ivy Cudgel Water
|-supereffective|p2a: Glimmora
|-damage|p2a: Glimmora|0 fnt
|-activate|p2a: Glimmora|ability: Toxic Debris
|-sidestart|p1: Mopandballtorture|move: Toxic Spikes
|faint|p2a: Glimmora
|
|-damage|p1a: Ogerpon|88/100 psn|[from] psn
|upkeep
|
|t:|1760444006
|switch|p2a: Necrozma|Necrozma|100/100
|turn|14
|
|t:|1760444017
|-terastallize|p2a: Necrozma|Poison
|move|p1a: Ogerpon|Trailblaze|p2a: Necrozma
|-resisted|p2a: Necrozma
|-damage|p2a: Necrozma|87/100
|-boost|p1a: Ogerpon|spe|1
|move|p2a: Necrozma|Photon Geyser|p1a: Ogerpon
|-damage|p1a: Ogerpon|37/100 psn
|
|-heal|p2a: Necrozma|93/100|[from] item: Leftovers
|-damage|p1a: Ogerpon|24/100 psn|[from] psn
|upkeep
|turn|15
|
|t:|1760444032
|-terastallize|p1a: Ogerpon|Water
|detailschange|p1a: Ogerpon|Ogerpon-Wellspring-Tera, F, tera:Water
|-ability|p1a: Ogerpon|Embody Aspect (Wellspring)|boost
|-boost|p1a: Ogerpon|spd|1
|move|p1a: Ogerpon|Ivy Cudgel|p2a: Necrozma|[anim] Ivy Cudgel Water
|-damage|p2a: Necrozma|21/100
|move|p2a: Necrozma|Photon Geyser|p1a: Ogerpon
|-damage|p1a: Ogerpon|0 fnt
|faint|p1a: Ogerpon
|detailschange|p1: Ogerpon|Ogerpon-Wellspring, F|[silent]
|
|-heal|p2a: Necrozma|27/100|[from] item: Leftovers
|upkeep
|
|t:|1760444046
|switch|p1a: Zamazenta|Zamazenta|100/100
|-status|p1a: Zamazenta|tox
|-ability|p1a: Zamazenta|Dauntless Shield|boost
|-boost|p1a: Zamazenta|def|1
|turn|16
|
|t:|1760444051
|move|p1a: Zamazenta|Crunch|p2a: Necrozma
|-damage|p2a: Necrozma|3/100
|move|p2a: Necrozma|Moonlight|p2a: Necrozma
|-heal|p2a: Necrozma|53/100
|
|-heal|p2a: Necrozma|59/100|[from] item: Leftovers
|-damage|p1a: Zamazenta|94/100 tox|[from] psn
|upkeep
|turn|17
|
|t:|1760444062
|move|p1a: Zamazenta|Crunch|p2a: Necrozma
|-damage|p2a: Necrozma|36/100
|-unboost|p2a: Necrozma|def|1
|move|p2a: Necrozma|Moonlight|p2a: Necrozma
|-heal|p2a: Necrozma|86/100
|
|-heal|p2a: Necrozma|92/100|[from] item: Leftovers
|-damage|p1a: Zamazenta|82/100 tox|[from] psn
|upkeep
|turn|18
|
|t:|1760444072
|move|p1a: Zamazenta|Crunch|p2a: Necrozma
|-damage|p2a: Necrozma|58/100
|move|p2a: Necrozma|Photon Geyser|p1a: Zamazenta
|-supereffective|p1a: Zamazenta
|-damage|p1a: Zamazenta|0 fnt
|faint|p1a: Zamazenta
|
|-heal|p2a: Necrozma|64/100|[from] item: Leftovers
|upkeep
|
|t:|1760444076
|switch|p1a: Moltres|Moltres|100/100
|turn|19
|
|t:|1760444088
|move|p2a: Necrozma|Moonlight|p2a: Necrozma
|-heal|p2a: Necrozma|100/100
|move|p1a: Moltres|Will-O-Wisp|p2a: Necrozma
|-status|p2a: Necrozma|brn
|
|-damage|p2a: Necrozma|94/100 brn|[from] brn
|upkeep
|turn|20
|
|t:|1760444097
|move|p2a: Necrozma|Photon Geyser|p1a: Moltres
|-damage|p1a: Moltres|58/100
|move|p1a: Moltres|Roost|p1a: Moltres
|-heal|p1a: Moltres|100/100
|-singleturn|p1a: Moltres|move: Roost
|
|-heal|p2a: Necrozma|100/100 brn|[from] item: Leftovers
|-damage|p2a: Necrozma|94/100 brn|[from] brn
|upkeep
|turn|21
|
|t:|1760444108
|move|p2a: Necrozma|Calm Mind|p2a: Necrozma
|-boost|p2a: Necrozma|spa|1
|-boost|p2a: Necrozma|spd|1
|move|p1a: Moltres|Flamethrower|p2a: Necrozma
|-damage|p2a: Necrozma|70/100 brn
|
|-heal|p2a: Necrozma|76/100 brn|[from] item: Leftovers
|-damage|p2a: Necrozma|70/100 brn|[from] brn
|upkeep
|turn|22
|
|t:|1760444118
|switch|p1a: Dragapult|Dragapult, F|100/100
|move|p2a: Necrozma|Calm Mind|p2a: Necrozma
|-boost|p2a: Necrozma|spa|1
|-boost|p2a: Necrozma|spd|1
|
|-heal|p2a: Necrozma|76/100 brn|[from] item: Leftovers
|-damage|p2a: Necrozma|70/100 brn|[from] brn
|upkeep
|turn|23
|
|t:|1760444128
|move|p1a: Dragapult|Hex|p2a: Necrozma
|-damage|p2a: Necrozma|45/100 brn
|move|p2a: Necrozma|Moonlight|p2a: Necrozma
|-heal|p2a: Necrozma|94/100 brn
|
|-heal|p2a: Necrozma|100/100 brn|[from] item: Leftovers
|-damage|p2a: Necrozma|94/100 brn|[from] brn
|upkeep
|turn|24
|
|t:|1760444137
|move|p1a: Dragapult|Hex|p2a: Necrozma
|-damage|p2a: Necrozma|66/100 brn
|move|p2a: Necrozma|Photon Geyser|p1a: Dragapult
|-damage|p1a: Dragapult|0 fnt
|faint|p1a: Dragapult
|
|-heal|p2a: Necrozma|72/100 brn|[from] item: Leftovers
|-damage|p2a: Necrozma|66/100 brn|[from] brn
|upkeep
|-message|Mopandballtorture forfeited.
|
|win|xsilver069623
|raw|Mopandballtorture's rating: 1302 &rarr; <strong>1282</strong><br />(-20 for losing)
|raw|xsilver069623's rating: 1295 &rarr; <strong>1321</strong><br />(+26 for winning)
|l|☆Mopandballtorture
|player|p1|
|l|☆xsilver069623
|player|p2|
