|j|☆callmemalware
|j|☆dampedapollo178
|t:|1760405239
|gametype|singles
|player|p1|callmemalware|lucas|1045
|player|p2|dampedapollo178|cynthia|1074
|gen|9
|tier|[Gen 9] OU
|rated|
|rule|HP Percentage Mod: HP is shown in percentages
|rule|Endless Battle Clause: Forcing endless battles is banned
|rule|Species Clause: Limit one of each Pokémon
|rule|OHKO Clause: OHKO moves are banned
|rule|Evasion Items Clause: Evasion items are banned
|rule|Evasion Moves Clause: Evasion moves are banned
|rule|Evasion Abilities Clause: Evasion abilities are banned
|rule|Sleep Moves Clause: Sleep-inducing moves are banned
|clearpoke
|poke|p1|Ting-Lu|
|poke|p1|Corviknight, M|
|poke|p1|Cinderace, F|
|poke|p1|Alomomola, F|
|poke|p1|Samurott-Hisui, M|
|poke|p1|Slowking-Galar, M|
|poke|p2|Glimmora, M|
|poke|p2|Zamazenta-*|
|poke|p2|Salazzle, F|
|poke|p2|Darkrai|
|poke|p2|Hatterene, F|
|poke|p2|Raging Bolt|
|teampreview
|inactive|Battle timer is ON: inactive players will automatically lose when time's up. (requested by callmemalware)
|inactive|dampedapollo178 has 120 seconds left.
|inactive|dampedapollo178 has 90 seconds left.
|inactive|dampedapollo178 has 60 seconds left.
|
|t:|1760405330
|teamsize|p1|6
|teamsize|p2|6
|start
|switch|p1a: Samurott|Samurott-Hisui, M|100/100
|switch|p2a: polar|Hatterene, F|100/100
|turn|1
|
|t:|1760405339
|move|p1a: Samurott|Flip Turn|p2a: polar
|-damage|p2a: polar|68/100
|
|t:|1760405344
|switch|p1a: Slowking|Slowking-Galar, M|100/100|[from] Flip Turn
|move|p2a: polar|Trick|p1a: Slowking
|-activate|p2a: polar|move: Trick|[of] p1a: Slowking
|-item|p1a: Slowking|Choice Scarf|[from] move: Trick
|-item|p2a: polar|Heavy-Duty Boots|[from] move: Trick
|
|upkeep
|turn|2
|
|t:|1760405353
|move|p1a: Slowking|Future Sight|p2a: polar
|-start|p1a: Slowking|move: Future Sight
|move|p2a: polar|Shadow Ball|p1a: Slowking
|-supereffective|p1a: Slowking
|-damage|p1a: Slowking|67/100
|-unboost|p1a: Slowking|spd|1
|
|upkeep
|turn|3
|
|t:|1760405362
|switch|p1a: Samurott|Samurott-Hisui, M|100/100
|move|p2a: polar|Shadow Ball|p1a: Samurott
|-resisted|p1a: Samurott
|-damage|p1a: Samurott|82/100
|
|upkeep
|turn|4
|
|t:|1760405371
|switch|p2a: Basic|Darkrai|100/100
|move|p1a: Samurott|Ceaseless Edge|p2a: Basic
|-resisted|p2a: Basic
|-damage|p2a: Basic|73/100
|-sidestart|p2: dampedapollo178|Spikes
|
|-end|p2a: Basic|move: Future Sight
|-immune|p2a: Basic
|-heal|p2a: Basic|80/100|[from] item: Leftovers
|upkeep
|turn|5
|
|t:|1760405382
|switch|p1a: Ting-Lu|Ting-Lu|100/100
|-ability|p1a: Ting-Lu|Vessel of Ruin
|move|p2a: Basic|Nasty Plot|p2a: Basic
|-boost|p2a: Basic|spa|2
|
|-heal|p2a: Basic|86/100|[from] item: Leftovers
|upkeep
|turn|6
|
|t:|1760405398
|move|p2a: Basic|Ice Beam|p1a: Ting-Lu
|-supereffective|p1a: Ting-Lu
|-damage|p1a: Ting-Lu|43/100
|-status|p1a: Ting-Lu|frz
|cant|p1a: Ting-Lu|frz
|
|-heal|p2a: Basic|92/100|[from] item: Leftovers
|upkeep
|turn|7
|
|t:|1760405411
|switch|p1a: Cinderace|Cinderace, F|100/100
|move|p2a: Basic|Substitute|p2a: Basic
|-start|p2a: Basic|Substitute
|-damage|p2a: Basic|67/100
|
|-heal|p2a: Basic|73/100|[from] item: Leftovers
|upkeep
|turn|8
|
|t:|1760405422
|move|p2a: Basic|Nasty Plot|p2a: Basic
|-boost|p2a: Basic|spa|2
|move|p1a: Cinderace|U-turn|p2a: Basic
|-start|p1a: Cinderace|typechange|Bug|[from] ability: Libero
|-supereffective|p2a: Basic
|-end|p2a: Basic|Substitute
|
|t:|1760405428
|switch|p1a: Samurott|Samurott-Hisui, M|82/100|[from] U-turn
|
|-heal|p2a: Basic|79/100|[from] item: Leftovers
|upkeep
|turn|9
|
|t:|1760405447
|move|p1a: Samurott|Sacred Sword|p2a: Basic
|-supereffective|p2a: Basic
|-damage|p2a: Basic|0 fnt
|faint|p2a: Basic
|
|upkeep
|inactive|dampedapollo178 has 120 seconds left.
|
|t:|1760405472
|switch|p2a: Damped|Raging Bolt|100/100
|-damage|p2a: Damped|88/100|[from] Spikes
|-enditem|p2a: Damped|Booster Energy
|-activate|p2a: Damped|ability: Protosynthesis|[fromitem]
|-start|p2a: Damped|protosynthesisspa
|turn|10
|inactive|dampedapollo178 has 120 seconds left.
|
|t:|1760405485
|switch|p1a: Slowking|Slowking-Galar, M|99/100
|move|p2a: Damped|Calm Mind|p2a: Damped
|-boost|p2a: Damped|spa|1
|-boost|p2a: Damped|spd|1
|
|upkeep
|turn|11
|inactive|dampedapollo178 has 120 seconds left.
|
|t:|1760405493
|move|p2a: Damped|Thunderclap|p1a: Slowking
|-damage|p1a: Slowking|57/100
|move|p1a: Slowking|Future Sight|p2a: Damped
|-start|p1a: Slowking|move: Future Sight
|
|upkeep
|turn|12
|
|t:|1760405500
|switch|p1a: Cinderace|Cinderace, F|100/100
|move|p2a: Damped|Thunderbolt|p1a: Cinderace
|-damage|p1a: Cinderace|0 fnt
|faint|p1a: Cinderace
|
|upkeep
|
|t:|1760405506
|switch|p1a: Slowking|Slowking-Galar, M|90/100
|turn|13
|
|t:|1760405516
|move|p2a: Damped|Draco Meteor|p1a: Slowking
|-damage|p1a: Slowking|7/100
|-unboost|p2a: Damped|spa|2
|move|p1a: Slowking|Ice Beam|p2a: Damped
|-supereffective|p2a: Damped
|-damage|p2a: Damped|60/100
|
|-end|p2a: Damped|move: Future Sight
|-damage|p2a: Damped|33/100
|upkeep
|turn|14
|
|t:|1760405526
|switch|p1a: Ting-Lu|Ting-Lu|43/100 frz
|-ability|p1a: Ting-Lu|Vessel of Ruin
|move|p2a: Damped|Thunderclap||[still]
|-fail|p2a: Damped
|
|upkeep
|turn|15
|
|t:|1760405531
|-end|p2a: Damped|Protosynthesis|[silent]
|switch|p2a: bad girl|Salazzle, F|100/100
|switch|p1a: Slowking|Slowking-Galar, M|40/100
|
|upkeep
|turn|16
|
|t:|1760405539
|move|p2a: bad girl|Knock Off|p1a: Slowking
|-supereffective|p1a: Slowking
|-damage|p1a: Slowking|7/100
|-enditem|p1a: Slowking|Choice Scarf|[from] move: Knock Off|[of] p2a: bad girl
|-prepare|p1a: Slowking|Chilly Reception|[premajor]
|move|p1a: Slowking|Chilly Reception|p1a: Slowking
|-weather|Snowscape
|
|t:|1760405545
|switch|p1a: Ting-Lu|Ting-Lu|43/100 frz|[from] Chilly Reception
|-ability|p1a: Ting-Lu|Vessel of Ruin
|
|-weather|Snowscape|[upkeep]
|upkeep
|turn|17
|
|t:|1760405552
|move|p2a: bad girl|Toxic||[still]
|-fail|p2a: bad girl
|cant|p1a: Ting-Lu|frz
|
|-weather|Snowscape|[upkeep]
|upkeep
|turn|18
|
|t:|1760405562
|move|p2a: bad girl|Sludge Bomb|p1a: Ting-Lu
|-resisted|p1a: Ting-Lu
|-damage|p1a: Ting-Lu|35/100 frz
|cant|p1a: Ting-Lu|frz
|
|-weather|Snowscape|[upkeep]
|upkeep
|turn|19
|
|t:|1760405573
|switch|p2a: polar|Hatterene, F|68/100
|cant|p1a: Ting-Lu|frz
|
|-weather|Snowscape|[upkeep]
|upkeep
|turn|20
|
|t:|1760405579
|cant|p1a: Ting-Lu|frz
|move|p2a: polar|Trick Room|p2a: polar
|-fieldstart|move: Trick Room|[of] p2a: polar
|
|-weather|none
|upkeep
|turn|21
|
|t:|1760405585
|move|p2a: polar|Dazzling Gleam|p1a: Ting-Lu
|-supereffective|p1a: Ting-Lu
|-damage|p1a: Ting-Lu|0 fnt
|faint|p1a: Ting-Lu
|
|upkeep
|
|t:|1760405590
|switch|p1a: Corviknight|Corviknight, M|100/100
|-ability|p1a: Corviknight|Pressure
|turn|22
|
|t:|1760405602
|move|p2a: polar|Shadow Ball|p1a: Corviknight
|-damage|p1a: Corviknight|74/100
|move|p1a: Corviknight|U-turn|p2a: polar
|-damage|p2a: polar|54/100
|
|t:|1760405607
|switch|p1a: Alomomola|Alomomola, F|100/100|[from] U-turn
|
|upkeep
|turn|23
|
|t:|1760405613
|move|p2a: polar|Trick|p1a: Alomomola
|-activate|p2a: polar|move: Trick|[of] p1a: Alomomola
|-item|p1a: Alomomola|Heavy-Duty Boots|[from] move: Trick
|-item|p2a: polar|Heavy-Duty Boots|[from] move: Trick
|move|p1a: Alomomola|Wish|p1a: Alomomola
|
|upkeep
|turn|24
|
|t:|1760405623
|switch|p2a: Jaxattaxmc|Glimmora, M|100/100
|-damage|p2a: Jaxattaxmc|88/100|[from] Spikes
|move|p1a: Alomomola|Flip Turn|p2a: Jaxattaxmc
|-supereffective|p2a: Jaxattaxmc
|-damage|p2a: Jaxattaxmc|57/100
|-activate|p2a: Jaxattaxmc|ability: Toxic Debris
|-sidestart|p1: callmemalware|move: Toxic Spikes
|
|t:|1760405627
|switch|p1a: Slowking|Slowking-Galar, M|40/100|[from] Flip Turn
|-sideend|p1: callmemalware|move: Toxic Spikes|[of] p1a: Slowking
|
|-heal|p1a: Slowking|100/100|[from] move: Wish|[wisher] Alomomola
|-fieldend|move: Trick Room
|upkeep
|turn|25
|
|t:|1760405644
|move|p2a: Jaxattaxmc|Gunk Shot|p1a: Slowking|[miss]
|-miss|p2a: Jaxattaxmc|p1a: Slowking
|move|p1a: Slowking|Future Sight|p2a: Jaxattaxmc
|-start|p1a: Slowking|move: Future Sight
|
|upkeep
|turn|26
|
|t:|1760405651
|move|p2a: Jaxattaxmc|Stealth Rock|p1a: Slowking
|-sidestart|p1: callmemalware|move: Stealth Rock
|-prepare|p1a: Slowking|Chilly Reception|[premajor]
|move|p1a: Slowking|Chilly Reception|p1a: Slowking
|-weather|Snowscape
|
|t:|1760405655
|switch|p1a: Samurott|Samurott-Hisui, M|82/100|[from] Chilly Reception
|-damage|p1a: Samurott|69/100|[from] Stealth Rock
|
|-weather|Snowscape|[upkeep]
|upkeep
|turn|27
|
|t:|1760405667
|move|p2a: Jaxattaxmc|Spiky Shield|p2a: Jaxattaxmc
|-singleturn|p2a: Jaxattaxmc|move: Protect
|move|p1a: Samurott|Flip Turn|p2a: Jaxattaxmc
|-activate|p2a: Jaxattaxmc|move: Protect
|-damage|p1a: Samurott|57/100|[from] Spiky Shield|[of] p2a: Jaxattaxmc
|
|-weather|Snowscape|[upkeep]
|-end|p2a: Jaxattaxmc|move: Future Sight
|-supereffective|p2a: Jaxattaxmc
|-damage|p2a: Jaxattaxmc|0 fnt
|faint|p2a: Jaxattaxmc
|upkeep
|
|t:|1760405678
|switch|p2a: Damped|Raging Bolt|33/100
|-damage|p2a: Damped|21/100|[from] Spikes
|turn|28
|
|t:|1760405685
|switch|p1a: Slowking|Slowking-Galar, M|100/100
|-damage|p1a: Slowking|88/100|[from] Stealth Rock
|move|p2a: Damped|Thunderbolt|p1a: Slowking
|-damage|p1a: Slowking|58/100
|
|-weather|Snowscape|[upkeep]
|upkeep
|turn|29
|
|t:|1760405693
|move|p2a: Damped|Draco Meteor|p1a: Slowking
|-damage|p1a: Slowking|17/100
|-unboost|p2a: Damped|spa|2
|move|p1a: Slowking|Ice Beam|p2a: Damped
|-supereffective|p2a: Damped
|-damage|p2a: Damped|0 fnt
|faint|p2a: Damped
|-end|p2a: Damped|Protosynthesis|[silent]
|
|-weather|Snowscape|[upkeep]
|upkeep
|
|t:|1760405703
|switch|p2a: bad girl|Salazzle, F|100/100
|turn|30
|
|t:|1760405711
|switch|p1a: Alomomola|Alomomola, F|100/100
|move|p2a: bad girl|Knock Off|p1a: Alomomola
|-damage|p1a: Alomomola|90/100
|-enditem|p1a: Alomomola|Heavy-Duty Boots|[from] move: Knock Off|[of] p2a: bad girl
|
|-weather|none
|upkeep
|turn|31
|
|t:|1760405719
|move|p2a: bad girl|Toxic|p1a: Alomomola
|-status|p1a: Alomomola|tox
|move|p1a: Alomomola|Wish|p1a: Alomomola
|
|-damage|p1a: Alomomola|83/100 tox|[from] psn
|upkeep
|turn|32
|
|t:|1760405725
|switch|p2a: itzlegitpaper|Zamazenta|100/100
|-damage|p2a: itzlegitpaper|88/100|[from] Spikes
|-ability|p2a: itzlegitpaper|Dauntless Shield|boost
|-boost|p2a: itzlegitpaper|def|1
|switch|p1a: Samurott|Samurott-Hisui, M|57/100
|-damage|p1a: Samurott|44/100|[from] Stealth Rock
|
|-heal|p1a: Samurott|100/100|[from] move: Wish|[wisher] Alomomola
|upkeep
|turn|33
|
|t:|1760405743
|move|p1a: Samurott|Flip Turn|p2a: itzlegitpaper
|-damage|p2a: itzlegitpaper|75/100
|
|t:|1760405746
|switch|p1a: Corviknight|Corviknight, M|74/100|[from] Flip Turn
|-damage|p1a: Corviknight|62/100|[from] Stealth Rock
|-ability|p1a: Corviknight|Pressure
|move|p2a: itzlegitpaper|Iron Defense|p2a: itzlegitpaper
|-boost|p2a: itzlegitpaper|def|2
|
|upkeep
|turn|34
|
|t:|1760405760
|-terastallize|p2a: itzlegitpaper|Fighting
|move|p2a: itzlegitpaper|Body Press|p1a: Corviknight
|-damage|p1a: Corviknight|0 fnt
|-damage|p2a: itzlegitpaper|59/100|[from] item: Rocky Helmet|[of] p1a: Corviknight
|faint|p1a: Corviknight
|-damage|p2a: itzlegitpaper|49/100|[from] item: Life Orb
|
|upkeep
|
|t:|1760405768
|switch|p1a: Alomomola|Alomomola, F|100/100 tox
|-damage|p1a: Alomomola|88/100 tox|[from] Stealth Rock
|turn|35
|
|t:|1760405774
|move|p2a: itzlegitpaper|Body Press|p1a: Alomomola
|-damage|p1a: Alomomola|0 fnt
|faint|p1a: Alomomola
|-damage|p2a: itzlegitpaper|39/100|[from] item: Life Orb
|
|upkeep
|
|t:|1760405780
|switch|p1a: Samurott|Samurott-Hisui, M|100/100
|-damage|p1a: Samurott|88/100|[from] Stealth Rock
|turn|36
|
|t:|1760405786
|move|p1a: Samurott|Sacred Sword|p2a: itzlegitpaper
|-damage|p2a: itzlegitpaper|10/100
|move|p2a: itzlegitpaper|Body Press|p1a: Samurott
|-supereffective|p1a: Samurott
|-damage|p1a: Samurott|0 fnt
|faint|p1a: Samurott
|-damage|p2a: itzlegitpaper|0 fnt|[from] item: Life Orb
|faint|p2a: itzlegitpaper
|
|upkeep
|-message|callmemalware forfeited.
|
|win|dampedapollo178
|raw|callmemalware's rating: 1045 &rarr; <strong>1030</strong><br />(-15 for losing)
|raw|dampedapollo178's rating: 1074 &rarr; <strong>1100</strong><br />(+26 for winning)
|l|☆callmemalware
|player|p1|
