|j|☆Dr. Elite
|j|☆Defast 4
|t:|1760356648
|gametype|singles
|player|p1|Dr. Elite|#drelite|1512
|player|p2|Defast 4|102|1594
|gen|9
|tier|[Gen 9] OU
|rated|
|rule|HP Percentage Mod: HP is shown in percentages
|rule|Endless Battle Clause: Forcing endless battles is banned
|rule|Species Clause: Limit one of each Pokémon
|rule|OHKO Clause: OHKO moves are banned
|rule|Evasion Items Clause: Evasion items are banned
|rule|Evasion Moves Clause: Evasion moves are banned
|rule|Evasion Abilities Clause: Evasion abilities are banned
|rule|Sleep Moves Clause: Sleep-inducing moves are banned
|clearpoke
|poke|p1|Espeon, F|
|poke|p1|Farigiraf, F|
|poke|p1|Slowbro-Galar, M|
|poke|p1|Meowstic, M|
|poke|p1|Malamar, M|
|poke|p1|Oricorio-Pa'u, F|
|poke|p2|Corviknight, M|
|poke|p2|Mew|
|poke|p2|Pecharunt|
|poke|p2|Cinderace, F|
|poke|p2|Dondozo, F|
|poke|p2|Ting-Lu|
|teampreview
|inactive|Battle timer is ON: inactive players will automatically lose when time's up. (requested by Defast 4)
|
|t:|1760356679
|teamsize|p1|6
|teamsize|p2|6
|start
|switch|p1a: Faithfulness|Oricorio-Pa'u, F|100/100
|switch|p2a: Mew|Mew|100/100
|turn|1
|
|t:|1760356682
|move|p2a: Mew|Fire Spin|p1a: Faithfulness|[miss]
|-miss|p2a: Mew|p1a: Faithfulness
|move|p1a: Faithfulness|Quiver Dance|p1a: Faithfulness
|-boost|p1a: Faithfulness|spa|1
|-boost|p1a: Faithfulness|spd|1
|-boost|p1a: Faithfulness|spe|1
|
|upkeep
|turn|2
|
|t:|1760356685
|move|p1a: Faithfulness|Taunt|p2a: Mew
|-start|p2a: Mew|move: Taunt
|cant|p2a: Mew|move: Taunt|Imprison
|
|upkeep
|turn|3
|
|t:|1760356693
|switch|p2a: Ting-Lu|Ting-Lu|100/100
|-ability|p2a: Ting-Lu|Vessel of Ruin
|move|p1a: Faithfulness|Quiver Dance|p1a: Faithfulness
|-boost|p1a: Faithfulness|spa|1
|-boost|p1a: Faithfulness|spd|1
|-boost|p1a: Faithfulness|spe|1
|
|upkeep
|turn|4
|
|t:|1760356698
|move|p1a: Faithfulness|Taunt|p2a: Ting-Lu
|-start|p2a: Ting-Lu|move: Taunt
|move|p2a: Ting-Lu|Payback|p1a: Faithfulness
|-supereffective|p1a: Faithfulness
|-damage|p1a: Faithfulness|33/100
|
|upkeep
|turn|5
|
|t:|1760356718
|move|p1a: Faithfulness|Air Slash|p2a: Ting-Lu
|-damage|p2a: Ting-Lu|79/100
|move|p2a: Ting-Lu|Earthquake|p1a: Faithfulness
|-immune|p1a: Faithfulness
|
|-heal|p2a: Ting-Lu|85/100|[from] item: Leftovers
|upkeep
|turn|6
|inactive|Dr. Elite has 120 seconds left.
|
|t:|1760356743
|switch|p1a: Joy|Farigiraf, F, shiny|100/100
|move|p2a: Ting-Lu|Payback|p1a: Joy
|-supereffective|p1a: Joy
|-damage|p1a: Joy|69/100
|-enditem|p1a: Joy|Weakness Policy
|-boost|p1a: Joy|atk|2|[from] item: Weakness Policy
|-boost|p1a: Joy|spa|2|[from] item: Weakness Policy
|
|-heal|p2a: Ting-Lu|91/100|[from] item: Leftovers
|-end|p2a: Ting-Lu|move: Taunt
|upkeep
|turn|7
|inactive|Dr. Elite has 120 seconds left.
|
|t:|1760356762
|move|p1a: Joy|Nasty Plot|p1a: Joy
|-boost|p1a: Joy|spa|2
|move|p2a: Ting-Lu|Payback|p1a: Joy
|-supereffective|p1a: Joy
|-damage|p1a: Joy|3/100
|
|-heal|p2a: Ting-Lu|98/100|[from] item: Leftovers
|upkeep
|turn|8
|
|t:|1760356769
|move|p1a: Joy|Tera Blast|p2a: Ting-Lu
|-damage|p2a: Ting-Lu|61/100
|move|p2a: Ting-Lu|Payback|p1a: Joy
|-supereffective|p1a: Joy
|-damage|p1a: Joy|0 fnt
|faint|p1a: Joy
|
|-heal|p2a: Ting-Lu|68/100|[from] item: Leftovers
|upkeep
|
|t:|1760356773
|switch|p1a: Goodness|Malamar, M|100/100
|turn|9
|
|t:|1760356778
|switch|p2a: Cinderace|Cinderace, F|100/100
|move|p1a: Goodness|Superpower|p2a: Cinderace
|-damage|p2a: Cinderace|69/100
|-boost|p1a: Goodness|atk|1
|-boost|p1a: Goodness|def|1
|
|upkeep
|turn|10
|
|t:|1760356782
|move|p2a: Cinderace|U-turn|p1a: Goodness
|-supereffective|p1a: Goodness
|-damage|p1a: Goodness|48/100
|
|t:|1760356785
|switch|p2a: Mew|Mew|100/100|[from] U-turn
|move|p1a: Goodness|Superpower|p2a: Mew
|-resisted|p2a: Mew
|-damage|p2a: Mew|84/100
|-boost|p1a: Goodness|atk|1
|-boost|p1a: Goodness|def|1
|
|-heal|p2a: Mew|90/100|[from] item: Leftovers
|-heal|p1a: Goodness|54/100|[from] item: Leftovers
|upkeep
|turn|11
|
|t:|1760356787
|move|p2a: Mew|Fire Spin|p1a: Goodness
|-damage|p1a: Goodness|48/100
|-activate|p1a: Goodness|move: Fire Spin|[of] p2a: Mew
|move|p1a: Goodness|Knock Off|p2a: Mew
|-supereffective|p2a: Mew
|-damage|p2a: Mew|0 fnt
|-enditem|p2a: Mew|Leftovers|[from] move: Knock Off|[of] p1a: Goodness
|faint|p2a: Mew
|
|-heal|p1a: Goodness|54/100|[from] item: Leftovers
|-end|p1a: Goodness|Fire Spin|[partiallytrapped]|[silent]
|upkeep
|
|t:|1760356792
|switch|p2a: Cinderace|Cinderace, F|69/100
|turn|12
|
|t:|1760356798
|move|p2a: Cinderace|U-turn|p1a: Goodness
|-supereffective|p1a: Goodness
|-damage|p1a: Goodness|14/100
|
|t:|1760356802
|switch|p2a: Pecharunt|Pecharunt|100/100|[from] U-turn
|move|p1a: Goodness|Knock Off|p2a: Pecharunt
|-supereffective|p2a: Pecharunt
|-damage|p2a: Pecharunt|48/100
|-enditem|p2a: Pecharunt|Heavy-Duty Boots|[from] move: Knock Off|[of] p1a: Goodness
|
|-heal|p1a: Goodness|20/100|[from] item: Leftovers
|upkeep
|turn|13
|
|t:|1760356812
|move|p2a: Pecharunt|Recover|p2a: Pecharunt
|-heal|p2a: Pecharunt|98/100
|move|p1a: Goodness|Rest|p1a: Goodness
|-status|p1a: Goodness|slp|[from] move: Rest
|-heal|p1a: Goodness|100/100 slp|[silent]
|
|upkeep
|turn|14
|
|t:|1760356815
|switch|p2a: Dondozo|Dondozo, F|100/100
|cant|p1a: Goodness|slp
|
|upkeep
|turn|15
|
|t:|1760356821
|cant|p1a: Goodness|slp
|move|p2a: Dondozo|Curse|p2a: Dondozo
|-unboost|p2a: Dondozo|spe|1
|-boost|p2a: Dondozo|atk|1
|-boost|p2a: Dondozo|def|1
|
|upkeep
|turn|16
|
|t:|1760356825
|-curestatus|p1a: Goodness|slp|[msg]
|move|p1a: Goodness|Knock Off|p2a: Dondozo
|-damage|p2a: Dondozo|88/100
|-enditem|p2a: Dondozo|Leftovers|[from] move: Knock Off|[of] p1a: Goodness
|move|p2a: Dondozo|Curse|p2a: Dondozo
|-unboost|p2a: Dondozo|spe|1
|-boost|p2a: Dondozo|atk|1
|-boost|p2a: Dondozo|def|1
|
|upkeep
|turn|17
|
|t:|1760356832
|move|p1a: Goodness|Superpower|p2a: Dondozo
|-damage|p2a: Dondozo|80/100
|-boost|p1a: Goodness|atk|1
|-boost|p1a: Goodness|def|1
|move|p2a: Dondozo|Curse|p2a: Dondozo
|-unboost|p2a: Dondozo|spe|1
|-boost|p2a: Dondozo|atk|1
|-boost|p2a: Dondozo|def|1
|
|upkeep
|turn|18
|
|t:|1760356839
|move|p1a: Goodness|Superpower|p2a: Dondozo
|-damage|p2a: Dondozo|74/100
|-boost|p1a: Goodness|atk|1
|-boost|p1a: Goodness|def|1
|move|p2a: Dondozo|Curse|p2a: Dondozo
|-unboost|p2a: Dondozo|spe|1
|-boost|p2a: Dondozo|atk|1
|-boost|p2a: Dondozo|def|1
|
|upkeep
|turn|19
|
|t:|1760356842
|move|p1a: Goodness|Superpower|p2a: Dondozo
|-damage|p2a: Dondozo|68/100
|-boost|p1a: Goodness|atk|1
|-boost|p1a: Goodness|def|1
|move|p2a: Dondozo|Liquidation|p1a: Goodness
|-damage|p1a: Goodness|6/100
|
|-heal|p1a: Goodness|12/100|[from] item: Leftovers
|upkeep
|turn|20
|
|t:|1760356845
|move|p1a: Goodness|Topsy-Turvy|p2a: Dondozo
|-invertboost|p2a: Dondozo|[from] move: Topsy-Turvy
|move|p2a: Dondozo|Curse|p2a: Dondozo
|-unboost|p2a: Dondozo|spe|1
|-boost|p2a: Dondozo|atk|1
|-boost|p2a: Dondozo|def|1
|
|-heal|p1a: Goodness|18/100|[from] item: Leftovers
|upkeep
|turn|21
|
|t:|1760356857
|move|p2a: Dondozo|Curse|p2a: Dondozo
|-unboost|p2a: Dondozo|spe|1
|-boost|p2a: Dondozo|atk|1
|-boost|p2a: Dondozo|def|1
|move|p1a: Goodness|Knock Off|p2a: Dondozo
|-damage|p2a: Dondozo|44/100
|
|-heal|p1a: Goodness|24/100|[from] item: Leftovers
|upkeep
|turn|22
|
|t:|1760356867
|move|p2a: Dondozo|Rest|p2a: Dondozo
|-status|p2a: Dondozo|slp|[from] move: Rest
|-heal|p2a: Dondozo|100/100 slp|[silent]
|move|p1a: Goodness|Knock Off|p2a: Dondozo
|-damage|p2a: Dondozo|74/100 slp
|
|-heal|p1a: Goodness|31/100|[from] item: Leftovers
|upkeep
|turn|23
|
|t:|1760356875
|switch|p2a: Corviknight|Corviknight, M, shiny|100/100
|-ability|p2a: Corviknight|Pressure
|move|p1a: Goodness|Knock Off|p2a: Corviknight
|-damage|p2a: Corviknight|31/100
|-damage|p1a: Goodness|14/100|[from] item: Rocky Helmet|[of] p2a: Corviknight
|-enditem|p2a: Corviknight|Rocky Helmet|[from] move: Knock Off|[of] p1a: Goodness
|
|-heal|p1a: Goodness|20/100|[from] item: Leftovers
|upkeep
|turn|24
|
|t:|1760356878
|move|p1a: Goodness|Superpower|p2a: Corviknight
|-damage|p2a: Corviknight|0 fnt
|-boost|p1a: Goodness|atk|1
|-boost|p1a: Goodness|def|1
|faint|p2a: Corviknight
|
|-heal|p1a: Goodness|26/100|[from] item: Leftovers
|upkeep
|
|t:|1760356883
|switch|p2a: Cinderace|Cinderace, F|69/100
|turn|25
|
|t:|1760356886
|move|p2a: Cinderace|U-turn|p1a: Goodness
|-supereffective|p1a: Goodness
|-damage|p1a: Goodness|5/100
|
|t:|1760356889
|switch|p2a: Dondozo|Dondozo, F|74/100 slp|[from] U-turn
|move|p1a: Goodness|Knock Off|p2a: Dondozo
|-damage|p2a: Dondozo|60/100 slp
|
|-heal|p1a: Goodness|11/100|[from] item: Leftovers
|upkeep
|turn|26
|
|t:|1760356892
|move|p1a: Goodness|Rest|p1a: Goodness
|-status|p1a: Goodness|slp|[from] move: Rest
|-heal|p1a: Goodness|100/100 slp|[silent]
|cant|p2a: Dondozo|slp
|move|p2a: Dondozo|Sleep Talk|p2a: Dondozo
|move|p2a: Dondozo|Liquidation|p1a: Goodness|[from] move: Sleep Talk
|-damage|p1a: Goodness|73/100 slp
|
|-heal|p1a: Goodness|79/100 slp|[from] item: Leftovers
|upkeep
|turn|27
|
|t:|1760356898
|cant|p1a: Goodness|slp
|cant|p2a: Dondozo|slp
|move|p2a: Dondozo|Sleep Talk|p2a: Dondozo
|move|p2a: Dondozo|Rest||[from] move: Sleep Talk|[still]
|-fail|p2a: Dondozo
|
|-heal|p1a: Goodness|85/100 slp|[from] item: Leftovers
|upkeep
|turn|28
|
|t:|1760356901
|cant|p1a: Goodness|slp
|-curestatus|p2a: Dondozo|slp|[msg]
|move|p2a: Dondozo|Curse|p2a: Dondozo
|-unboost|p2a: Dondozo|spe|1
|-boost|p2a: Dondozo|atk|1
|-boost|p2a: Dondozo|def|1
|
|-heal|p1a: Goodness|91/100 slp|[from] item: Leftovers
|upkeep
|turn|29
|
|t:|1760356924
|-curestatus|p1a: Goodness|slp|[msg]
|move|p1a: Goodness|Topsy-Turvy|p2a: Dondozo
|-invertboost|p2a: Dondozo|[from] move: Topsy-Turvy
|move|p2a: Dondozo|Liquidation|p1a: Goodness
|-damage|p1a: Goodness|70/100
|
|-heal|p1a: Goodness|76/100|[from] item: Leftovers
|upkeep
|turn|30
|
|t:|1760356937
|switch|p1a: Love|Espeon, F|100/100
|move|p2a: Dondozo|Curse|p2a: Dondozo
|-unboost|p2a: Dondozo|spe|1
|-boost|p2a: Dondozo|atk|1
|-boost|p2a: Dondozo|def|1
|
|upkeep
|turn|31
|
|t:|1760356944
|switch|p1a: Kindness|Meowstic, M|100/100
|switch|p2a: Ting-Lu|Ting-Lu|68/100
|-ability|p2a: Ting-Lu|Vessel of Ruin
|
|-heal|p2a: Ting-Lu|74/100|[from] item: Leftovers
|upkeep
|turn|32
|
|t:|1760356958
|move|p1a: Kindness|Reflect|p1a: Kindness
|-sidestart|p1: Dr. Elite|Reflect
|move|p2a: Ting-Lu|Payback|p1a: Kindness
|-supereffective|p1a: Kindness
|-damage|p1a: Kindness|70/100
|-enditem|p1a: Kindness|Eject Button
|
|t:|1760356963
|switch|p1a: Love|Espeon, F|100/100
|
|-heal|p2a: Ting-Lu|80/100|[from] item: Leftovers
|upkeep
|turn|33
|
|t:|1760356978
|move|p1a: Love|Calm Mind|p1a: Love
|-boost|p1a: Love|spa|1
|-boost|p1a: Love|spd|1
|move|p2a: Ting-Lu|Payback|p1a: Love
|-supereffective|p1a: Love
|-damage|p1a: Love|66/100
|-enditem|p1a: Love|Kee Berry|[eat]
|-boost|p1a: Love|def|1|[from] item: Kee Berry
|
|-heal|p2a: Ting-Lu|86/100|[from] item: Leftovers
|upkeep
|turn|34
|
|t:|1760356981
|move|p1a: Love|Calm Mind|p1a: Love
|-boost|p1a: Love|spa|1
|-boost|p1a: Love|spd|1
|move|p2a: Ting-Lu|Payback|p1a: Love
|-supereffective|p1a: Love
|-damage|p1a: Love|43/100
|
|-heal|p2a: Ting-Lu|93/100|[from] item: Leftovers
|upkeep
|turn|35
|
|t:|1760356993
|-terastallize|p1a: Love|Fairy
|move|p1a: Love|Calm Mind|p1a: Love
|-boost|p1a: Love|spa|1
|-boost|p1a: Love|spd|1
|move|p2a: Ting-Lu|Payback|p1a: Love
|-resisted|p1a: Love
|-damage|p1a: Love|37/100
|
|-heal|p2a: Ting-Lu|99/100|[from] item: Leftovers
|upkeep
|turn|36
|
|t:|1760357001
|switch|p2a: Dondozo|Dondozo, F|60/100
|move|p1a: Love|Draining Kiss|p2a: Dondozo
|-damage|p2a: Dondozo|44/100
|-heal|p1a: Love|55/100|[from] drain|[of] p2a: Dondozo
|
|-sideend|p1: Dr. Elite|Reflect
|upkeep
|turn|37
|
|t:|1760357006
|move|p1a: Love|Stored Power|p2a: Dondozo
|-damage|p2a: Dondozo|1/100
|move|p2a: Dondozo|Liquidation|p1a: Love
|-damage|p1a: Love|22/100
|
|upkeep
|turn|38
|
|t:|1760357009
|move|p1a: Love|Draining Kiss|p2a: Dondozo
|-damage|p2a: Dondozo|0 fnt
|-heal|p1a: Love|23/100|[from] drain|[of] p2a: Dondozo
|faint|p2a: Dondozo
|
|upkeep
|
|t:|1760357012
|switch|p2a: Cinderace|Cinderace, F|69/100
|turn|39
|
|t:|1760357019
|move|p2a: Cinderace|Pyro Ball|p1a: Love
|-damage|p1a: Love|0 fnt
|faint|p1a: Love
|
|upkeep
|
|t:|1760357022
|switch|p1a: Kindness|Meowstic, M|70/100
|turn|40
|
|t:|1760357025
|move|p1a: Kindness|Thunder Wave|p2a: Cinderace
|-status|p2a: Cinderace|par
|cant|p2a: Cinderace|par
|
|upkeep
|turn|41
|
|t:|1760357032
|move|p1a: Kindness|Reflect|p1a: Kindness
|-sidestart|p1: Dr. Elite|Reflect
|move|p2a: Cinderace|Pyro Ball|p1a: Kindness
|-damage|p1a: Kindness|51/100
|
|upkeep
|turn|42
|
|t:|1760357050
|switch|p1a: Patience|Slowbro-Galar, M|100/100
|cant|p2a: Cinderace|par
|
|upkeep
|turn|43
|
|t:|1760357055
|move|p2a: Cinderace|Will-O-Wisp|p1a: Patience
|-status|p1a: Patience|brn
|move|p1a: Patience|Belly Drum|p1a: Patience
|-damage|p1a: Patience|50/100 brn
|-setboost|p1a: Patience|atk|6|[from] move: Belly Drum
|
|-damage|p1a: Patience|44/100 brn|[from] brn
|upkeep
|turn|44
|-activate|p1a: Patience|item: Quick Claw
|
|t:|1760357063
|move|p1a: Patience|Earthquake|p2a: Cinderace
|-supereffective|p2a: Cinderace
|-damage|p2a: Cinderace|0 fnt
|faint|p2a: Cinderace
|
|-damage|p1a: Patience|38/100 brn|[from] brn
|upkeep
|
|t:|1760357067
|switch|p2a: Ting-Lu|Ting-Lu|99/100
|-ability|p2a: Ting-Lu|Vessel of Ruin
|turn|45
|
|t:|1760357070
|move|p2a: Ting-Lu|Earthquake|p1a: Patience
|-supereffective|p1a: Patience
|-damage|p1a: Patience|7/100 brn
|move|p1a: Patience|Drain Punch|p2a: Ting-Lu
|-supereffective|p2a: Ting-Lu
|-damage|p2a: Ting-Lu|44/100
|-heal|p1a: Patience|43/100 brn|[from] drain|[of] p2a: Ting-Lu
|
|-heal|p2a: Ting-Lu|50/100|[from] item: Leftovers
|-damage|p1a: Patience|37/100 brn|[from] brn
|-sideend|p1: Dr. Elite|Reflect
|upkeep
|turn|46
|
|t:|1760357074
|move|p2a: Ting-Lu|Payback|p1a: Patience
|-supereffective|p1a: Patience
|-damage|p1a: Patience|3/100 brn
|move|p1a: Patience|Drain Punch|p2a: Ting-Lu
|-supereffective|p2a: Ting-Lu
|-damage|p2a: Ting-Lu|0 fnt
|-heal|p1a: Patience|36/100 brn|[from] drain|[of] p2a: Ting-Lu
|faint|p2a: Ting-Lu
|
|-damage|p1a: Patience|29/100 brn|[from] brn
|upkeep
|
|t:|1760357080
|switch|p2a: Pecharunt|Pecharunt|98/100
|turn|47
|-activate|p1a: Patience|ability: Quick Draw
|
|t:|1760357083
|move|p1a: Patience|Earthquake|p2a: Pecharunt
|-supereffective|p2a: Pecharunt
|-damage|p2a: Pecharunt|40/100
|move|p2a: Pecharunt|Shadow Ball|p1a: Patience
|-supereffective|p1a: Patience
|-damage|p1a: Patience|0 fnt
|faint|p1a: Patience
|
|upkeep
|
|t:|1760357089
|switch|p1a: Kindness|Meowstic, M|51/100
|turn|48
|
|t:|1760357092
|move|p1a: Kindness|Thunder Wave|p2a: Pecharunt
|-status|p2a: Pecharunt|par
|move|p2a: Pecharunt|Recover|p2a: Pecharunt
|-heal|p2a: Pecharunt|90/100 par
|
|upkeep
|turn|49
|
|t:|1760357098
|move|p1a: Kindness|Light Screen|p1a: Kindness
|-sidestart|p1: Dr. Elite|move: Light Screen
|move|p2a: Pecharunt|Malignant Chain|p1a: Kindness
|-damage|p1a: Kindness|34/100
|-status|p1a: Kindness|tox
|-start|p1a: Kindness|confusion|[from] ability: Poison Puppeteer|[of] p2a: Pecharunt
|
|-damage|p1a: Kindness|28/100 tox|[from] psn
|upkeep
|turn|50
|
|t:|1760357116
|-activate|p1a: Kindness|confusion
|-damage|p1a: Kindness|25/100 tox|[from] confusion
|move|p2a: Pecharunt|Shadow Ball|p1a: Kindness
|-supereffective|p1a: Kindness
|-damage|p1a: Kindness|0 fnt
|faint|p1a: Kindness
|
|upkeep
|
|t:|1760357120
|switch|p1a: Faithfulness|Oricorio-Pa'u, F|33/100
|turn|51
|
|t:|1760357129
|-terastallize|p2a: Pecharunt|Dark
|move|p1a: Faithfulness|Taunt|p2a: Pecharunt
|-start|p2a: Pecharunt|move: Taunt
|move|p2a: Pecharunt|Malignant Chain|p1a: Faithfulness
|-damage|p1a: Faithfulness|14/100
|
|upkeep
|turn|52
|
|t:|1760357135
|move|p1a: Faithfulness|Roost|p1a: Faithfulness
|-heal|p1a: Faithfulness|64/100
|-singleturn|p1a: Faithfulness|move: Roost
|move|p2a: Pecharunt|Malignant Chain|p1a: Faithfulness
|-damage|p1a: Faithfulness|43/100
|
|upkeep
|turn|53
|
|t:|1760357143
|move|p1a: Faithfulness|Roost|p1a: Faithfulness
|-heal|p1a: Faithfulness|93/100
|-singleturn|p1a: Faithfulness|move: Roost
|move|p2a: Pecharunt|Malignant Chain|p1a: Faithfulness
|-damage|p1a: Faithfulness|72/100
|
|-end|p2a: Pecharunt|move: Taunt
|-sideend|p1: Dr. Elite|move: Light Screen
|upkeep
|turn|54
|
|t:|1760357146
|move|p1a: Faithfulness|Quiver Dance|p1a: Faithfulness
|-boost|p1a: Faithfulness|spa|1
|-boost|p1a: Faithfulness|spd|1
|-boost|p1a: Faithfulness|spe|1
|move|p2a: Pecharunt|Malignant Chain|p1a: Faithfulness
|-damage|p1a: Faithfulness|44/100
|
|upkeep
|turn|55
|
|t:|1760357155
|move|p1a: Faithfulness|Roost|p1a: Faithfulness
|-heal|p1a: Faithfulness|94/100
|-singleturn|p1a: Faithfulness|move: Roost
|cant|p2a: Pecharunt|par
|
|upkeep
|turn|56
|
|t:|1760357161
|move|p1a: Faithfulness|Quiver Dance|p1a: Faithfulness
|-boost|p1a: Faithfulness|spa|1
|-boost|p1a: Faithfulness|spd|1
|-boost|p1a: Faithfulness|spe|1
|move|p2a: Pecharunt|Malignant Chain|p1a: Faithfulness
|-damage|p1a: Faithfulness|73/100
|
|upkeep
|turn|57
|
|t:|1760357165
|move|p1a: Faithfulness|Quiver Dance|p1a: Faithfulness
|-boost|p1a: Faithfulness|spa|1
|-boost|p1a: Faithfulness|spd|1
|-boost|p1a: Faithfulness|spe|1
|move|p2a: Pecharunt|Malignant Chain|p1a: Faithfulness
|-damage|p1a: Faithfulness|56/100
|
|upkeep
|turn|58
|-message|Defast 4 forfeited.
|
|win|Dr. Elite
|raw|Dr. Elite's rating: 1512 &rarr; <strong>1537</strong><br />(+25 for winning)
|raw|Defast 4's rating: 1594 &rarr; <strong>1569</strong><br />(-25 for losing)
|l|☆Defast 4
|player|p2|
|l|☆Dr. Elite
|player|p1|
