|j|☆youjustgotnoobed
|j|☆Laughrjx
|t:|1760373429
|gametype|singles
|player|p1|youjustgotnoobed|lady|1414
|player|p2|Laughrjx|266|1406
|gen|9
|tier|[Gen 9] OU
|rated|
|rule|HP Percentage Mod: HP is shown in percentages
|rule|Endless Battle Clause: Forcing endless battles is banned
|rule|Species Clause: Limit one of each Pokémon
|rule|OHKO Clause: OHKO moves are banned
|rule|Evasion Items Clause: Evasion items are banned
|rule|Evasion Moves Clause: Evasion moves are banned
|rule|Evasion Abilities Clause: Evasion abilities are banned
|rule|Sleep Moves Clause: Sleep-inducing moves are banned
|clearpoke
|poke|p1|Tyranitar, M|
|poke|p1|Gholdengo|
|poke|p1|Excadrill, M|
|poke|p1|Tornadus-Therian, M|
|poke|p1|Ogerpon-Wellspring, F|
|poke|p1|Arcanine, F|
|poke|p2|Ceruledge, M|
|poke|p2|Kingambit, M|
|poke|p2|Greninja-*, M|
|poke|p2|Great Tusk|
|poke|p2|Iron Moth|
|poke|p2|Iron Hands|
|teampreview
|inactive|Battle timer is ON: inactive players will automatically lose when time's up. (requested by youjustgotnoobed)
|
|t:|1760373447
|teamsize|p1|6
|teamsize|p2|6
|start
|switch|p1a: Tyranitar|Tyranitar, M|100/100
|switch|p2a: Starforce|Ceruledge, M|100/100
|-weather|Sandstorm|[from] ability: Sand Stream|[of] p1a: Tyranitar
|turn|1
|
|t:|1760373462
|move|p2a: Starforce|Swords Dance|p2a: Starforce
|-boost|p2a: Starforce|atk|2
|move|p1a: Tyranitar|Knock Off|p2a: Starforce
|-supereffective|p2a: Starforce
|-enditem|p2a: Starforce|Focus Sash
|-damage|p2a: Starforce|1/100
|-ability|p2a: Starforce|Weak Armor|boost
|-unboost|p2a: Starforce|def|1
|-boost|p2a: Starforce|spe|2
|
|-weather|Sandstorm|[upkeep]
|-damage|p2a: Starforce|0 fnt|[from] Sandstorm
|faint|p2a: Starforce
|upkeep
|
|t:|1760373468
|switch|p2a: Dark bull|Great Tusk|100/100
|-enditem|p2a: Dark bull|Booster Energy
|-activate|p2a: Dark bull|ability: Protosynthesis|[fromitem]
|-start|p2a: Dark bull|protosynthesisatk
|turn|2
|
|t:|1760373482
|switch|p1a: Tornadus|Tornadus-Therian, M|100/100
|move|p2a: Dark bull|Rapid Spin|p1a: Tornadus
|-damage|p1a: Tornadus|76/100
|-boost|p2a: Dark bull|spe|1
|
|-weather|Sandstorm|[upkeep]
|-damage|p1a: Tornadus|70/100|[from] Sandstorm
|upkeep
|turn|3
|inactive|youjustgotnoobed has 120 seconds left.
|
|t:|1760373520
|switch|p1a: Arcanine|Arcanine, F|100/100
|-ability|p1a: Arcanine|Intimidate|boost
|-unboost|p2a: Dark bull|atk|1
|move|p2a: Dark bull|Ice Spinner|p1a: Arcanine
|-resisted|p1a: Arcanine
|-damage|p1a: Arcanine|88/100
|
|-weather|Sandstorm|[upkeep]
|-damage|p1a: Arcanine|81/100|[from] Sandstorm
|upkeep
|turn|4
|inactive|youjustgotnoobed has 120 seconds left.
|
|t:|1760373537
|switch|p1a: Tornadus|Tornadus-Therian, M|100/100
|move|p2a: Dark bull|Headlong Rush|p1a: Tornadus
|-immune|p1a: Tornadus
|
|-weather|Sandstorm|[upkeep]
|-damage|p1a: Tornadus|94/100|[from] Sandstorm
|upkeep
|turn|5
|
|t:|1760373543
|move|p2a: Dark bull|Ice Spinner|p1a: Tornadus
|-supereffective|p1a: Tornadus
|-damage|p1a: Tornadus|38/100
|move|p1a: Tornadus|Bleakwind Storm|p2a: Dark bull
|-supereffective|p2a: Dark bull
|-damage|p2a: Dark bull|0 fnt
|faint|p2a: Dark bull
|-end|p2a: Dark bull|Protosynthesis|[silent]
|
|-weather|none
|upkeep
|
|t:|1760373558
|switch|p2a: Red X|Kingambit, M|100/100
|-activate|p2a: Red X|ability: Supreme Overlord
|-start|p2a: Red X|fallen2|[silent]
|turn|6
|inactive|youjustgotnoobed has 120 seconds left.
|
|t:|1760373569
|move|p1a: Tornadus|Heat Wave|p2a: Red X
|-supereffective|p2a: Red X
|-damage|p2a: Red X|71/100
|move|p2a: Red X|Iron Head|p1a: Tornadus
|-damage|p1a: Tornadus|0 fnt
|faint|p1a: Tornadus
|
|upkeep
|
|t:|1760373572
|switch|p1a: Arcanine|Arcanine, F|81/100
|-ability|p1a: Arcanine|Intimidate|boost
|-unboost|p2a: Red X|atk|1
|turn|7
|
|t:|1760373577
|move|p1a: Arcanine|Will-O-Wisp|p2a: Red X
|-status|p2a: Red X|brn
|move|p2a: Red X|Kowtow Cleave|p1a: Arcanine
|-damage|p1a: Arcanine|59/100
|
|-damage|p2a: Red X|65/100 brn|[from] brn
|upkeep
|turn|8
|
|t:|1760373585
|move|p1a: Arcanine|Morning Sun|p1a: Arcanine
|-heal|p1a: Arcanine|100/100
|move|p2a: Red X|Iron Head|p1a: Arcanine
|-resisted|p1a: Arcanine
|-damage|p1a: Arcanine|90/100
|
|-damage|p2a: Red X|59/100 brn|[from] brn
|upkeep
|turn|9
|
|t:|1760373588
|move|p1a: Arcanine|Flare Blitz|p2a: Red X
|-supereffective|p2a: Red X
|-damage|p2a: Red X|0 fnt
|faint|p2a: Red X
|-end|p2a: Red X|fallen2|[silent]
|-damage|p1a: Arcanine|70/100|[from] Recoil
|
|upkeep
|
|t:|1760373593
|switch|p2a: Hanayama|Iron Hands|100/100
|turn|10
|
|t:|1760373598
|move|p2a: Hanayama|Fake Out|p1a: Arcanine
|-damage|p1a: Arcanine|52/100
|cant|p1a: Arcanine|flinch
|
|upkeep
|turn|11
|
|t:|1760373600
|move|p1a: Arcanine|Will-O-Wisp|p2a: Hanayama
|-status|p2a: Hanayama|brn
|move|p2a: Hanayama|Supercell Slam|p1a: Arcanine
|-damage|p1a: Arcanine|21/100
|
|-damage|p2a: Hanayama|94/100 brn|[from] brn
|upkeep
|turn|12
|
|t:|1760373609
|move|p1a: Arcanine|Morning Sun|p1a: Arcanine
|-heal|p1a: Arcanine|71/100
|move|p2a: Hanayama|Drain Punch|p1a: Arcanine
|-damage|p1a: Arcanine|46/100
|-heal|p2a: Hanayama|100/100 brn|[from] drain|[of] p1a: Arcanine
|
|-damage|p2a: Hanayama|94/100 brn|[from] brn
|upkeep
|turn|13
|
|t:|1760373614
|move|p1a: Arcanine|Morning Sun|p1a: Arcanine
|-heal|p1a: Arcanine|96/100
|move|p2a: Hanayama|Supercell Slam|p1a: Arcanine
|-damage|p1a: Arcanine|60/100
|
|-heal|p2a: Hanayama|100/100 brn|[from] item: Leftovers
|-damage|p2a: Hanayama|94/100 brn|[from] brn
|upkeep
|turn|14
|
|t:|1760373618
|switch|p1a: Gholdengo|Gholdengo|100/100
|move|p2a: Hanayama|Drain Punch|p1a: Gholdengo
|-immune|p1a: Gholdengo
|
|-heal|p2a: Hanayama|100/100 brn|[from] item: Leftovers
|-damage|p2a: Hanayama|94/100 brn|[from] brn
|upkeep
|turn|15
|
|t:|1760373642
|move|p1a: Gholdengo|Shadow Ball|p2a: Hanayama
|-damage|p2a: Hanayama|33/100 brn
|move|p2a: Hanayama|Supercell Slam|p1a: Gholdengo
|-damage|p1a: Gholdengo|65/100
|
|-heal|p2a: Hanayama|39/100 brn|[from] item: Leftovers
|-damage|p2a: Hanayama|33/100 brn|[from] brn
|upkeep
|turn|16
|
|t:|1760373659
|move|p1a: Gholdengo|Shadow Ball|p2a: Hanayama
|-damage|p2a: Hanayama|0 fnt
|faint|p2a: Hanayama
|-end|p2a: Hanayama|Quark Drive|[silent]
|
|upkeep
|
|t:|1760373667
|switch|p2a: Ultimate big chill|Iron Moth|100/100
|turn|17
|inactive|youjustgotnoobed has 120 seconds left.
|
|t:|1760373711
|switch|p1a: Tyranitar|Tyranitar, M|100/100
|-weather|Sandstorm|[from] ability: Sand Stream|[of] p1a: Tyranitar
|move|p2a: Ultimate big chill|Fiery Dance|p1a: Tyranitar
|-resisted|p1a: Tyranitar
|-damage|p1a: Tyranitar|88/100
|-boost|p2a: Ultimate big chill|spa|1
|
|-weather|Sandstorm|[upkeep]
|-damage|p2a: Ultimate big chill|95/100|[from] Sandstorm
|upkeep
|turn|18
|inactive|youjustgotnoobed has 120 seconds left.
|
|t:|1760373721
|move|p2a: Ultimate big chill|Fiery Dance|p1a: Tyranitar
|-resisted|p1a: Tyranitar
|-damage|p1a: Tyranitar|68/100
|-boost|p2a: Ultimate big chill|spa|1
|move|p1a: Tyranitar|Stone Edge|p2a: Ultimate big chill
|-supereffective|p2a: Ultimate big chill
|-damage|p2a: Ultimate big chill|0 fnt
|faint|p2a: Ultimate big chill
|-end|p2a: Ultimate big chill|Quark Drive|[silent]
|
|-weather|Sandstorm|[upkeep]
|upkeep
|
|t:|1760373724
|switch|p2a: Naruto|Greninja, M|100/100
|turn|19
|
|t:|1760373732
|switch|p1a: Ogerpon|Ogerpon-Wellspring, F|100/100
|move|p2a: Naruto|Dark Pulse|p1a: Ogerpon
|-damage|p1a: Ogerpon|47/100
|-damage|p2a: Naruto|91/100|[from] item: Life Orb
|
|-weather|Sandstorm|[upkeep]
|-damage|p2a: Naruto|85/100|[from] Sandstorm
|-damage|p1a: Ogerpon|41/100|[from] Sandstorm
|upkeep
|turn|20
|
|t:|1760373743
|-terastallize|p1a: Ogerpon|Water
|detailschange|p1a: Ogerpon|Ogerpon-Wellspring-Tera, F, tera:Water
|-ability|p1a: Ogerpon|Embody Aspect (Wellspring)|boost
|-boost|p1a: Ogerpon|spd|1
|move|p2a: Naruto|Dark Pulse|p1a: Ogerpon
|-damage|p1a: Ogerpon|6/100
|-damage|p2a: Naruto|75/100|[from] item: Life Orb
|move|p1a: Ogerpon|U-turn|p2a: Naruto
|-supereffective|p2a: Naruto
|-damage|p2a: Naruto|0 fnt
|faint|p2a: Naruto
|
|win|youjustgotnoobed
|raw|youjustgotnoobed's rating: 1414 &rarr; <strong>1434</strong><br />(+20 for winning)
|raw|Laughrjx's rating: 1406 &rarr; <strong>1386</strong><br />(-20 for losing)
|l|☆Laughrjx
|player|p2|
|l|☆youjustgotnoobed
|player|p1|
