|j|☆Kward17kw
|j|☆the_last_atino
|t:|1760328494
|gametype|singles
|player|p1|Kward17kw|266|1104
|player|p2|the_last_atino|palmer|1121
|gen|9
|tier|[Gen 9] OU
|rated|
|rule|HP Percentage Mod: HP is shown in percentages
|rule|Endless Battle Clause: Forcing endless battles is banned
|rule|Species Clause: Limit one of each Pokémon
|rule|OHKO Clause: OHKO moves are banned
|rule|Evasion Items Clause: Evasion items are banned
|rule|Evasion Moves Clause: Evasion moves are banned
|rule|Evasion Abilities Clause: Evasion abilities are banned
|rule|Sleep Moves Clause: Sleep-inducing moves are banned
|clearpoke
|poke|p1|Bellibolt, F|
|poke|p1|Samurott-Hisui, M|
|poke|p1|Lycanroc-Dusk, M|
|poke|p1|Incineroar, M|
|poke|p1|Slowbro-Galar, F|
|poke|p1|Ursaluna, M|
|poke|p2|Galvantula, F|
|poke|p2|Cinderace, F|
|poke|p2|Great Tusk|
|poke|p2|Ogerpon-Wellspring, F|
|poke|p2|Dragapult, M|
|poke|p2|Iron Boulder|
|teampreview
|inactive|Battle timer is ON: inactive players will automatically lose when time's up. (requested by Kward17kw)
|
|t:|1760328522
|teamsize|p1|6
|teamsize|p2|6
|start
|switch|p1a: Lycanroc|Lycanroc-Dusk, M|100/100
|switch|p2a: Galvantula|Galvantula, F|100/100
|turn|1
|
|t:|1760328542
|move|p1a: Lycanroc|Stealth Rock|p2a: Galvantula
|-sidestart|p2: the_last_atino|move: Stealth Rock
|move|p2a: Galvantula|Thunder Wave|p1a: Lycanroc
|-status|p1a: Lycanroc|par
|
|upkeep
|turn|2
|
|t:|1760328550
|move|p2a: Galvantula|Sticky Web|p1a: Lycanroc
|-sidestart|p1: Kward17kw|move: Sticky Web
|move|p1a: Lycanroc|Close Combat|p2a: Galvantula
|-resisted|p2a: Galvantula
|-damage|p2a: Galvantula|54/100
|-unboost|p1a: Lycanroc|def|1
|-unboost|p1a: Lycanroc|spd|1
|
|upkeep
|turn|3
|
|t:|1760328561
|move|p2a: Galvantula|Poison Jab|p1a: Lycanroc
|-resisted|p1a: Lycanroc
|-crit|p1a: Lycanroc
|-damage|p1a: Lycanroc|76/100 par
|move|p1a: Lycanroc|Close Combat|p2a: Galvantula
|-resisted|p2a: Galvantula
|-damage|p2a: Galvantula|7/100
|-unboost|p1a: Lycanroc|def|1
|-unboost|p1a: Lycanroc|spd|1
|
|upkeep
|turn|4
|
|t:|1760328571
|cant|p1a: Lycanroc|par
|move|p2a: Galvantula|Poison Jab|p1a: Lycanroc
|-resisted|p1a: Lycanroc
|-damage|p1a: Lycanroc|52/100 par
|
|upkeep
|turn|5
|
|t:|1760328576
|move|p1a: Lycanroc|Accelerock|p2a: Galvantula
|-supereffective|p2a: Galvantula
|-damage|p2a: Galvantula|0 fnt
|faint|p2a: Galvantula
|
|upkeep
|
|t:|1760328579
|switch|p2a: Iron Boulder|Iron Boulder|100/100
|-damage|p2a: Iron Boulder|88/100|[from] Stealth Rock
|-enditem|p2a: Iron Boulder|Booster Energy
|-activate|p2a: Iron Boulder|ability: Quark Drive|[fromitem]
|-start|p2a: Iron Boulder|quarkdriveatk
|turn|6
|
|t:|1760328590
|move|p2a: Iron Boulder|Swords Dance|p2a: Iron Boulder
|-boost|p2a: Iron Boulder|atk|2
|move|p1a: Lycanroc|Close Combat|p2a: Iron Boulder
|-damage|p2a: Iron Boulder|33/100
|-unboost|p1a: Lycanroc|def|1
|-unboost|p1a: Lycanroc|spd|1
|
|upkeep
|turn|7
|
|t:|1760328598
|move|p1a: Lycanroc|Accelerock|p2a: Iron Boulder
|-damage|p2a: Iron Boulder|2/100
|move|p2a: Iron Boulder|Mighty Cleave|p1a: Lycanroc
|-damage|p1a: Lycanroc|0 fnt
|faint|p1a: Lycanroc
|
|upkeep
|
|t:|1760328613
|switch|p1a: Bellibolt|Bellibolt, F|100/100
|-activate|p1a: Bellibolt|move: Sticky Web
|-unboost|p1a: Bellibolt|spe|1
|turn|8
|
|t:|1760328619
|move|p2a: Iron Boulder|Mighty Cleave|p1a: Bellibolt
|-damage|p1a: Bellibolt|22/100
|-start|p1a: Bellibolt|Charge|Mighty Cleave|[from] ability: Electromorphosis
|move|p1a: Bellibolt|Volt Switch|p2a: Iron Boulder
|-damage|p2a: Iron Boulder|0 fnt
|faint|p2a: Iron Boulder
|-end|p2a: Iron Boulder|Quark Drive|[silent]
|-end|p1a: Bellibolt|Charge|[silent]
|
|t:|1760328633
|switch|p1a: Slowbro|Slowbro-Galar, F|100/100|[from] Volt Switch
|-activate|p1a: Slowbro|move: Sticky Web
|-unboost|p1a: Slowbro|spe|1
|
|upkeep
|
|t:|1760328637
|switch|p2a: Great Tusk|Great Tusk|100/100
|-damage|p2a: Great Tusk|98/100|[from] Stealth Rock
|-enditem|p2a: Great Tusk|Booster Energy
|-activate|p2a: Great Tusk|ability: Protosynthesis|[fromitem]
|-start|p2a: Great Tusk|protosynthesisspe
|turn|9
|
|t:|1760328644
|move|p2a: Great Tusk|Rapid Spin|p1a: Slowbro
|-damage|p1a: Slowbro|88/100
|-boost|p2a: Great Tusk|spe|1
|-sideend|p2: the_last_atino|Stealth Rock|[from] move: Rapid Spin|[of] p2a: Great Tusk
|move|p1a: Slowbro|Trick Room|p1a: Slowbro
|-fieldstart|move: Trick Room|[of] p1a: Slowbro
|
|upkeep
|turn|10
|
|t:|1760328660
|move|p1a: Slowbro|Shell Side Arm|p2a: Great Tusk|[anim] Shell Side Arm Special
|-resisted|p2a: Great Tusk
|-damage|p2a: Great Tusk|67/100
|-hint|Special Shell Side Arm
|move|p2a: Great Tusk|Headlong Rush|p1a: Slowbro
|-supereffective|p1a: Slowbro
|-damage|p1a: Slowbro|0 fnt
|-unboost|p2a: Great Tusk|def|1
|-unboost|p2a: Great Tusk|spd|1
|faint|p1a: Slowbro
|
|upkeep
|
|t:|1760328670
|switch|p1a: Ursaluna|Ursaluna, M|100/100
|-activate|p1a: Ursaluna|move: Sticky Web
|-unboost|p1a: Ursaluna|spe|1
|turn|11
|
|t:|1760328676
|move|p1a: Ursaluna|Earthquake|p2a: Great Tusk
|-damage|p2a: Great Tusk|0 fnt
|faint|p2a: Great Tusk
|-end|p2a: Great Tusk|Protosynthesis|[silent]
|
|-status|p1a: Ursaluna|brn|[from] item: Flame Orb
|upkeep
|
|t:|1760328679
|switch|p2a: Ogerpon|Ogerpon-Wellspring, F|100/100
|turn|12
|
|t:|1760328688
|-terastallize|p1a: Ursaluna|Ghost
|move|p2a: Ogerpon|Spiky Shield|p2a: Ogerpon
|-singleturn|p2a: Ogerpon|move: Protect
|move|p1a: Ursaluna|Crunch|p2a: Ogerpon
|-activate|p2a: Ogerpon|move: Protect
|-damage|p1a: Ursaluna|88/100 brn|[from] Spiky Shield|[of] p2a: Ogerpon
|
|-damage|p1a: Ursaluna|82/100 brn|[from] brn
|upkeep
|turn|13
|
|t:|1760328699
|move|p1a: Ursaluna|Crunch|p2a: Ogerpon
|-damage|p2a: Ogerpon|45/100
|move|p2a: Ogerpon|Swords Dance|p2a: Ogerpon
|-boost|p2a: Ogerpon|atk|2
|
|-damage|p1a: Ursaluna|76/100 brn|[from] brn
|-fieldend|move: Trick Room
|upkeep
|turn|14
|
|t:|1760328709
|move|p2a: Ogerpon|Ivy Cudgel|p1a: Ursaluna|[anim] Ivy Cudgel Water
|-damage|p1a: Ursaluna|0 fnt
|faint|p1a: Ursaluna
|
|upkeep
|
|t:|1760328715
|switch|p1a: Incineroar|Incineroar, M|100/100
|-ability|p1a: Incineroar|Intimidate|boost
|-unboost|p2a: Ogerpon|atk|1
|turn|15
|
|t:|1760328725
|move|p2a: Ogerpon|Spiky Shield|p2a: Ogerpon
|-singleturn|p2a: Ogerpon|move: Protect
|move|p1a: Incineroar|Parting Shot|p2a: Ogerpon
|-activate|p2a: Ogerpon|move: Protect
|
|upkeep
|turn|16
|
|t:|1760328731
|move|p2a: Ogerpon|Ivy Cudgel|p1a: Incineroar|[anim] Ivy Cudgel Water
|-supereffective|p1a: Incineroar
|-damage|p1a: Incineroar|0 fnt
|faint|p1a: Incineroar
|
|upkeep
|
|t:|1760328737
|switch|p1a: Samurott|Samurott-Hisui, M|100/100
|-activate|p1a: Samurott|move: Sticky Web
|-unboost|p1a: Samurott|spe|1
|turn|17
|
|t:|1760328743
|move|p2a: Ogerpon|Spiky Shield|p2a: Ogerpon
|-singleturn|p2a: Ogerpon|move: Protect
|move|p1a: Samurott|Ceaseless Edge|p2a: Ogerpon
|-activate|p2a: Ogerpon|move: Protect
|-damage|p1a: Samurott|88/100|[from] Spiky Shield|[of] p2a: Ogerpon
|
|upkeep
|turn|18
|-message|Kward17kw forfeited.
|
|win|the_last_atino
|raw|Kward17kw's rating: 1104 &rarr; <strong>1080</strong><br />(-24 for losing)
|raw|the_last_atino's rating: 1121 &rarr; <strong>1145</strong><br />(+24 for winning)
|l|☆Kward17kw
|player|p1|
|l|☆the_last_atino
|player|p2|
