|j|☆Moreiny
|j|☆Rocksane
|t:|1760302162
|gametype|singles
|player|p1|Moreiny|266|1797
|player|p2|Rocksane|1|1766
|gen|9
|tier|[Gen 9] OU
|rated|
|rule|HP Percentage Mod: HP is shown in percentages
|rule|Endless Battle Clause: Forcing endless battles is banned
|rule|Species Clause: Limit one of each Pokémon
|rule|OHKO Clause: OHKO moves are banned
|rule|Evasion Items Clause: Evasion items are banned
|rule|Evasion Moves Clause: Evasion moves are banned
|rule|Evasion Abilities Clause: Evasion abilities are banned
|rule|Sleep Moves Clause: Sleep-inducing moves are banned
|clearpoke
|poke|p1|Indeedee, M|
|poke|p1|Great Tusk|
|poke|p1|Iron Crown|
|poke|p1|Polteageist|
|poke|p1|Hawlucha, M|
|poke|p1|Deoxys-Speed|
|poke|p2|Cinderace, M|
|poke|p2|Armarouge, M|
|poke|p2|Deoxys-Speed|
|poke|p2|Hatterene, F|
|poke|p2|Polteageist|
|poke|p2|Indeedee, M|
|teampreview
|
|t:|1760302176
|teamsize|p1|6
|teamsize|p2|6
|start
|switch|p1a: Iron Crown|Iron Crown|100/100
|switch|p2a: Cinderace|Cinderace, M|100/100
|turn|1
|
|t:|1760302182
|-end|p1a: Iron Crown|Quark Drive|[silent]
|switch|p1a: Great Tusk|Great Tusk|100/100
|move|p2a: Cinderace|Pyro Ball|p1a: Great Tusk
|-damage|p1a: Great Tusk|73/100
|
|upkeep
|turn|2
|
|t:|1760302189
|switch|p2a: Hatterene|Hatterene, F|100/100
|move|p1a: Great Tusk|Knock Off|p2a: Hatterene
|-damage|p2a: Hatterene|77/100
|-enditem|p2a: Hatterene|Eject Button|[from] move: Knock Off|[of] p1a: Great Tusk
|
|upkeep
|turn|3
|
|t:|1760302198
|-end|p1a: Great Tusk|Protosynthesis|[silent]
|switch|p1a: Iron Crown|Iron Crown|100/100
|move|p2a: Hatterene|Nuzzle|p1a: Iron Crown
|-damage|p1a: Iron Crown|97/100
|-status|p1a: Iron Crown|par
|
|upkeep
|turn|4
|
|t:|1760302205
|switch|p2a: Cinderace|Cinderace, M|100/100
|move|p1a: Iron Crown|Volt Switch|p2a: Cinderace
|-damage|p2a: Cinderace|47/100
|inactive|Battle timer is ON: inactive players will automatically lose when time's up. (requested by Moreiny)
|
|t:|1760302215
|-end|p1a: Iron Crown|Quark Drive|[silent]
|switch|p1a: Great Tusk|Great Tusk|73/100|[from] Volt Switch
|
|upkeep
|turn|5
|
|t:|1760302220
|move|p2a: Cinderace|U-turn|p1a: Great Tusk
|-start|p2a: Cinderace|typechange|Bug|[from] ability: Libero
|-resisted|p1a: Great Tusk
|-damage|p1a: Great Tusk|65/100
|-damage|p2a: Cinderace|30/100|[from] item: Rocky Helmet|[of] p1a: Great Tusk
|
|t:|1760302225
|switch|p2a: Hatterene|Hatterene, F|77/100|[from] U-turn
|move|p1a: Great Tusk|Earthquake|p2a: Hatterene
|-damage|p2a: Hatterene|38/100
|
|upkeep
|turn|6
|
|t:|1760302234
|move|p1a: Great Tusk|Earthquake|p2a: Hatterene
|-damage|p2a: Hatterene|4/100
|move|p2a: Hatterene|Healing Wish|p2a: Hatterene
|faint|p2a: Hatterene
|
|upkeep
|
|t:|1760302240
|switch|p2a: Cinderace|Cinderace, M|30/100
|-heal|p2a: Cinderace|100/100|[from] move: Healing Wish
|turn|7
|
|t:|1760302251
|switch|p2a: Armarouge|Armarouge, M|100/100
|move|p1a: Great Tusk|Stealth Rock|p2a: Armarouge
|-sidestart|p2: Rocksane|move: Stealth Rock
|
|upkeep
|turn|8
|
|t:|1760302268
|-end|p1a: Great Tusk|Protosynthesis|[silent]
|switch|p1a: Indeedee|Indeedee, M|100/100
|-fieldstart|move: Psychic Terrain|[from] ability: Psychic Surge|[of] p1a: Indeedee
|move|p2a: Armarouge|Armor Cannon|p1a: Indeedee
|-damage|p1a: Indeedee|15/100
|-unboost|p2a: Armarouge|def|1
|-unboost|p2a: Armarouge|spd|1
|
|upkeep
|turn|9
|
|t:|1760302277
|move|p1a: Indeedee|Healing Wish|p1a: Indeedee
|faint|p1a: Indeedee
|move|p2a: Armarouge|Expanding Force|p1: Indeedee|[notarget]
|-fail|p2a: Armarouge
|
|upkeep
|
|t:|1760302298
|switch|p1a: Deoxys|Deoxys-Speed|100/100
|-ability|p1a: Deoxys|Pressure
|turn|10
|
|t:|1760302303
|move|p1a: Deoxys|Meteor Beam||[still]
|-prepare|p1a: Deoxys|Meteor Beam
|-boost|p1a: Deoxys|spa|1
|-enditem|p1a: Deoxys|Power Herb
|-anim|p1a: Deoxys|Meteor Beam|p2a: Armarouge
|-supereffective|p2a: Armarouge
|-enditem|p2a: Armarouge|Focus Sash
|-damage|p2a: Armarouge|1/100
|move|p2a: Armarouge|Armor Cannon|p1a: Deoxys
|-damage|p1a: Deoxys|0 fnt
|-unboost|p2a: Armarouge|def|1
|-unboost|p2a: Armarouge|spd|1
|faint|p1a: Deoxys
|
|upkeep
|
|t:|1760302319
|switch|p1a: Hawlucha|Hawlucha, M|100/100
|-enditem|p1a: Hawlucha|Psychic Seed
|-boost|p1a: Hawlucha|spd|1|[from] item: Psychic Seed
|turn|11
|
|t:|1760302325
|move|p1a: Hawlucha|Acrobatics|p2a: Armarouge
|-damage|p2a: Armarouge|0 fnt
|faint|p2a: Armarouge
|
|upkeep
|
|t:|1760302334
|switch|p2a: Cinderace|Cinderace, M|100/100
|-damage|p2a: Cinderace|76/100|[from] Stealth Rock
|turn|12
|
|t:|1760302339
|move|p1a: Hawlucha|Close Combat|p2a: Cinderace
|-damage|p2a: Cinderace|0 fnt
|-unboost|p1a: Hawlucha|def|1
|-unboost|p1a: Hawlucha|spd|1
|faint|p2a: Cinderace
|
|upkeep
|
|t:|1760302346
|switch|p2a: Deoxys|Deoxys-Speed|100/100
|-damage|p2a: Deoxys|88/100|[from] Stealth Rock
|-ability|p2a: Deoxys|Pressure
|turn|13
|
|t:|1760302353
|-terastallize|p1a: Hawlucha|Steel
|move|p1a: Hawlucha|Swords Dance|p1a: Hawlucha
|-boost|p1a: Hawlucha|atk|2
|move|p2a: Deoxys|Expanding Force|p1a: Hawlucha
|-resisted|p1a: Hawlucha
|-damage|p1a: Hawlucha|40/100
|-damage|p2a: Deoxys|78/100|[from] item: Life Orb
|
|upkeep
|turn|14
|-message|Rocksane forfeited.
|
|win|Moreiny
|raw|Moreiny's rating: 1797 &rarr; <strong>1815</strong><br />(+18 for winning)
|raw|Rocksane's rating: 1766 &rarr; <strong>1748</strong><br />(-18 for losing)
|l|☆Rocksane
|player|p2|
|l|☆Moreiny
|player|p1|
