|j|☆hylid3
|j|☆BIGFISHFISHH
|t:|1760330836
|gametype|singles
|player|p1|hylid3|blackbelt-gen4dp|1142
|player|p2|BIGFISHFISHH|swimmer|1084
|gen|9
|tier|[Gen 9] OU
|rated|
|rule|HP Percentage Mod: HP is shown in percentages
|rule|Endless Battle Clause: Forcing endless battles is banned
|rule|Species Clause: Limit one of each Pokémon
|rule|OHKO Clause: OHKO moves are banned
|rule|Evasion Items Clause: Evasion items are banned
|rule|Evasion Moves Clause: Evasion moves are banned
|rule|Evasion Abilities Clause: Evasion abilities are banned
|rule|Sleep Moves Clause: Sleep-inducing moves are banned
|clearpoke
|poke|p1|Garchomp, F|
|poke|p1|Great Tusk|
|poke|p1|Gholdengo|
|poke|p1|Darkrai|
|poke|p1|Iron Hands|
|poke|p1|Zamazenta-*|
|poke|p2|Ribombee, M|
|poke|p2|Kommo-o, F|
|poke|p2|Volcanion|
|poke|p2|Eelektross, F|
|poke|p2|Abomasnow, F|
|poke|p2|Kingambit, M|
|teampreview
|inactive|Battle timer is ON: inactive players will automatically lose when time's up. (requested by hylid3)
|
|t:|1760330851
|teamsize|p1|6
|teamsize|p2|6
|start
|switch|p1a: Psygrofai|Iron Hands|100/100
|switch|p2a: Ribombee|Ribombee, M|100/100
|-enditem|p1a: Psygrofai|Booster Energy
|-activate|p1a: Psygrofai|ability: Quark Drive|[fromitem]
|-start|p1a: Psygrofai|quarkdriveatk
|turn|1
|
|t:|1760330859
|move|p2a: Ribombee|Sticky Web|p1a: Psygrofai
|-sidestart|p1: hylid3|move: Sticky Web
|move|p1a: Psygrofai|Thunder Punch|p2a: Ribombee
|-enditem|p2a: Ribombee|Focus Sash
|-damage|p2a: Ribombee|1/100
|
|upkeep
|turn|2
|
|t:|1760330865
|move|p2a: Ribombee|U-turn|p1a: Psygrofai
|-resisted|p1a: Psygrofai
|-damage|p1a: Psygrofai|96/100
|
|t:|1760330872
|switch|p2a: Kommo-o|Kommo-o, F, shiny|100/100|[from] U-turn
|move|p1a: Psygrofai|Thunder Punch|p2a: Kommo-o
|-resisted|p2a: Kommo-o
|-damage|p2a: Kommo-o|77/100
|
|upkeep
|turn|3
|
|t:|1760330883
|move|p2a: Kommo-o|Drain Punch|p1a: Psygrofai
|-damage|p1a: Psygrofai|74/100
|-heal|p2a: Kommo-o|94/100|[from] drain|[of] p1a: Psygrofai
|-damage|p2a: Kommo-o|84/100|[from] item: Life Orb
|move|p1a: Psygrofai|Ice Punch|p2a: Kommo-o
|-supereffective|p2a: Kommo-o
|-damage|p2a: Kommo-o|15/100
|-status|p2a: Kommo-o|frz
|
|upkeep
|turn|4
|
|t:|1760330908
|switch|p2a: Eelektross|Eelektross, F|100/100
|move|p1a: Psygrofai|Drain Punch|p2a: Eelektross
|-damage|p2a: Eelektross|37/100
|-heal|p1a: Psygrofai|97/100|[from] drain|[of] p2a: Eelektross
|-damage|p1a: Psygrofai|80/100|[from] item: Rocky Helmet|[of] p2a: Eelektross
|
|upkeep
|turn|5
|
|t:|1760330921
|move|p1a: Psygrofai|Drain Punch|p2a: Eelektross
|-damage|p2a: Eelektross|0 fnt
|-heal|p1a: Psygrofai|94/100|[from] drain|[of] p2a: Eelektross
|-damage|p1a: Psygrofai|77/100|[from] item: Rocky Helmet|[of] p2a: Eelektross
|faint|p2a: Eelektross
|
|upkeep
|inactive|BIGFISHFISHH has 120 seconds left.
|
|t:|1760330940
|switch|p2a: Ribombee|Ribombee, M|1/100
|turn|6
|
|t:|1760330947
|move|p2a: Ribombee|Moonblast|p1a: Psygrofai
|-supereffective|p1a: Psygrofai
|-crit|p1a: Psygrofai
|-damage|p1a: Psygrofai|0 fnt
|faint|p1a: Psygrofai
|-end|p1a: Psygrofai|Quark Drive|[silent]
|
|upkeep
|
|t:|1760330950
|switch|p1a: Great Tusk|Great Tusk|100/100
|-activate|p1a: Great Tusk|move: Sticky Web
|-unboost|p1a: Great Tusk|spe|1
|-enditem|p1a: Great Tusk|Booster Energy
|-activate|p1a: Great Tusk|ability: Protosynthesis|[fromitem]
|-start|p1a: Great Tusk|protosynthesisatk
|turn|7
|
|t:|1760330964
|move|p2a: Ribombee|Moonblast|p1a: Great Tusk
|-supereffective|p1a: Great Tusk
|-damage|p1a: Great Tusk|0 fnt
|faint|p1a: Great Tusk
|-end|p1a: Great Tusk|Protosynthesis|[silent]
|
|upkeep
|
|t:|1760330981
|switch|p1a: Darkrai|Darkrai|100/100
|-activate|p1a: Darkrai|move: Sticky Web
|-unboost|p1a: Darkrai|spe|1
|turn|8
|
|t:|1760330987
|move|p1a: Darkrai|Ice Beam|p2a: Ribombee
|-damage|p2a: Ribombee|0 fnt
|faint|p2a: Ribombee
|
|upkeep
|
|t:|1760330997
|switch|p2a: Kommo-o|Kommo-o, F, shiny|15/100 frz
|turn|9
|
|t:|1760331004
|move|p1a: Darkrai|Ice Beam|p2a: Kommo-o
|-supereffective|p2a: Kommo-o
|-crit|p2a: Kommo-o
|-damage|p2a: Kommo-o|0 fnt
|faint|p2a: Kommo-o
|
|upkeep
|
|t:|1760331021
|switch|p2a: Abomasnow|Abomasnow, F|100/100
|-weather|Snowscape|[from] ability: Snow Warning|[of] p2a: Abomasnow
|turn|10
|
|t:|1760331039
|switch|p1a: Gholdengo|Gholdengo|100/100
|-activate|p1a: Gholdengo|move: Sticky Web
|-unboost|p1a: Gholdengo|spe|1
|move|p2a: Abomasnow|Aurora Veil|p2a: Abomasnow
|-sidestart|p2: BIGFISHFISHH|move: Aurora Veil
|
|-weather|Snowscape|[upkeep]
|upkeep
|turn|11
|
|t:|1760331052
|move|p1a: Gholdengo|Nasty Plot|p1a: Gholdengo
|-boost|p1a: Gholdengo|spa|2
|move|p2a: Abomasnow|Earth Power|p1a: Gholdengo
|-supereffective|p1a: Gholdengo
|-damage|p1a: Gholdengo|33/100
|
|-weather|Snowscape|[upkeep]
|upkeep
|turn|12
|
|t:|1760331064
|move|p1a: Gholdengo|Shadow Ball|p2a: Abomasnow
|-damage|p2a: Abomasnow|55/100
|move|p2a: Abomasnow|Earth Power|p1a: Gholdengo
|-supereffective|p1a: Gholdengo
|-damage|p1a: Gholdengo|0 fnt
|faint|p1a: Gholdengo
|
|-weather|Snowscape|[upkeep]
|upkeep
|
|t:|1760331070
|switch|p1a: Psyflyfai|Zamazenta|100/100
|-activate|p1a: Psyflyfai|move: Sticky Web
|-unboost|p1a: Psyflyfai|spe|1
|-ability|p1a: Psyflyfai|Dauntless Shield|boost
|-boost|p1a: Psyflyfai|def|1
|turn|13
|
|t:|1760331094
|move|p1a: Psyflyfai|Iron Defense|p1a: Psyflyfai
|-boost|p1a: Psyflyfai|def|2
|move|p2a: Abomasnow|Giga Drain|p1a: Psyflyfai
|-damage|p1a: Psyflyfai|71/100
|-heal|p2a: Abomasnow|68/100|[from] drain|[of] p1a: Psyflyfai
|
|-weather|Snowscape|[upkeep]
|-heal|p1a: Psyflyfai|77/100|[from] item: Leftovers
|upkeep
|turn|14
|
|t:|1760331104
|move|p1a: Psyflyfai|Body Press|p2a: Abomasnow
|-supereffective|p2a: Abomasnow
|-damage|p2a: Abomasnow|0 fnt
|-damage|p1a: Psyflyfai|61/100|[from] item: Rocky Helmet|[of] p2a: Abomasnow
|faint|p2a: Abomasnow
|
|-weather|none
|-heal|p1a: Psyflyfai|67/100|[from] item: Leftovers
|-sideend|p2: BIGFISHFISHH|move: Aurora Veil
|upkeep
|inactive|BIGFISHFISHH has 120 seconds left.
|
|t:|1760331126
|switch|p2a: Volcanion|Volcanion|100/100
|turn|15
|inactive|BIGFISHFISHH has 120 seconds left.
|
|t:|1760331136
|move|p1a: Psyflyfai|Body Press|p2a: Volcanion
|-damage|p2a: Volcanion|29/100
|move|p2a: Volcanion|Steam Eruption|p1a: Psyflyfai
|-damage|p1a: Psyflyfai|9/100
|
|-heal|p1a: Psyflyfai|16/100|[from] item: Leftovers
|-heal|p2a: Volcanion|35/100|[from] item: Leftovers
|upkeep
|turn|16
|inactive|BIGFISHFISHH has 120 seconds left.
|
|t:|1760331148
|move|p1a: Psyflyfai|Body Press|p2a: Volcanion
|-damage|p2a: Volcanion|0 fnt
|faint|p2a: Volcanion
|
|-heal|p1a: Psyflyfai|22/100|[from] item: Leftovers
|upkeep
|inactive|BIGFISHFISHH has 120 seconds left.
|
|t:|1760331153
|switch|p2a: Kingambit|Kingambit, M, shiny|100/100
|-activate|p2a: Kingambit|ability: Supreme Overlord
|-start|p2a: Kingambit|fallen5|[silent]
|turn|17
|
|t:|1760331161
|move|p2a: Kingambit|Sucker Punch|p1a: Psyflyfai
|-resisted|p1a: Psyflyfai
|-damage|p1a: Psyflyfai|11/100
|move|p1a: Psyflyfai|Body Press|p2a: Kingambit
|-supereffective|p2a: Kingambit
|-damage|p2a: Kingambit|0 fnt
|faint|p2a: Kingambit
|-end|p2a: Kingambit|fallen5|[silent]
|
|win|hylid3
|raw|hylid3's rating: 1142 &rarr; <strong>1163</strong><br />(+21 for winning)
|raw|BIGFISHFISHH's rating: 1084 &rarr; <strong>1065</strong><br />(-19 for losing)
|l|☆BIGFISHFISHH
|player|p2|
|l|☆hylid3
|player|p1|
|j|☆hylid3
|player|p1|hylid3|blackbelt-gen4dp|
