|j|☆Quiero mucho a Mar
|j|☆henry151th
|t:|1760430043
|gametype|singles
|player|p1|Quiero mucho a Mar|firebreather-gen2|1675
|player|p2|henry151th|wallace|1715
|gen|9
|tier|[Gen 9] OU
|rated|
|rule|HP Percentage Mod: HP is shown in percentages
|rule|Endless Battle Clause: Forcing endless battles is banned
|rule|Species Clause: Limit one of each Pokémon
|rule|OHKO Clause: OHKO moves are banned
|rule|Evasion Items Clause: Evasion items are banned
|rule|Evasion Moves Clause: Evasion moves are banned
|rule|Evasion Abilities Clause: Evasion abilities are banned
|rule|Sleep Moves Clause: Sleep-inducing moves are banned
|clearpoke
|poke|p1|Yanmega, M|
|poke|p1|Great Tusk|
|poke|p1|Kyurem|
|poke|p1|Ogerpon-Wellspring, F|
|poke|p1|Ting-Lu|
|poke|p1|Hatterene, F|
|poke|p2|Tyranitar, F|
|poke|p2|Excadrill, M|
|poke|p2|Garganacl, F|
|poke|p2|Tornadus-Therian, M|
|poke|p2|Keldeo-Resolute|
|poke|p2|Pecharunt|
|teampreview
|
|t:|1760430053
|teamsize|p1|6
|teamsize|p2|6
|start
|switch|p1a: Ogerpon|Ogerpon-Wellspring, F|100/100
|switch|p2a: Tyranitar|Tyranitar, F|100/100
|-weather|Sandstorm|[from] ability: Sand Stream|[of] p2a: Tyranitar
|turn|1
|j| Disscratch
|
|t:|1760430061
|switch|p2a: Pecharunt|Pecharunt|100/100
|move|p1a: Ogerpon|Power Whip|p2a: Pecharunt
|-resisted|p2a: Pecharunt
|-damage|p2a: Pecharunt|82/100
|
|-weather|Sandstorm|[upkeep]
|-damage|p1a: Ogerpon|95/100|[from] Sandstorm
|-damage|p2a: Pecharunt|76/100|[from] Sandstorm
|upkeep
|turn|2
|
|t:|1760430075
|move|p1a: Ogerpon|U-turn|p2a: Pecharunt
|-resisted|p2a: Pecharunt
|-damage|p2a: Pecharunt|72/100
|
|t:|1760430086
|switch|p1a: Ting-Lu|Ting-Lu|100/100|[from] U-turn
|-ability|p1a: Ting-Lu|Vessel of Ruin
|move|p2a: Pecharunt|Parting Shot|p1a: Ting-Lu
|-unboost|p1a: Ting-Lu|atk|1
|-unboost|p1a: Ting-Lu|spa|1
|inactive|Battle timer is ON: inactive players will automatically lose when time's up. (requested by Quiero mucho a Mar)
|
|t:|1760430104
|switch|p2a: Keldeo|Keldeo-Resolute|100/100|[from] Parting Shot
|
|-weather|Sandstorm|[upkeep]
|-damage|p2a: Keldeo|94/100|[from] Sandstorm
|upkeep
|turn|3
|
|t:|1760430108
|switch|p1a: Hatterene|Hatterene, F|100/100
|move|p2a: Keldeo|Secret Sword|p1a: Hatterene
|-resisted|p1a: Hatterene
|-damage|p1a: Hatterene|87/100
|
|-weather|Sandstorm|[upkeep]
|-damage|p2a: Keldeo|88/100|[from] Sandstorm
|-damage|p1a: Hatterene|81/100|[from] Sandstorm
|upkeep
|turn|4
|
|t:|1760430114
|switch|p2a: Excadrill|Excadrill, M|100/100
|move|p1a: Hatterene|Psychic Noise|p2a: Excadrill
|-resisted|p2a: Excadrill
|-damage|p2a: Excadrill|77/100
|-start|p2a: Excadrill|move: Heal Block
|
|-weather|Sandstorm|[upkeep]
|-damage|p1a: Hatterene|75/100|[from] Sandstorm
|upkeep
|turn|5
|
|t:|1760430118
|switch|p1a: Great Tusk|Great Tusk|100/100
|move|p2a: Excadrill|Earthquake|p1a: Great Tusk
|-damage|p1a: Great Tusk|48/100
|-damage|p2a: Excadrill|67/100|[from] item: Life Orb
|
|-weather|Sandstorm|[upkeep]
|-end|p2a: Excadrill|move: Heal Block
|upkeep
|turn|6
|
|t:|1760430128
|-end|p1a: Great Tusk|Protosynthesis|[silent]
|switch|p1a: Yanmega|Yanmega, M|100/100
|move|p2a: Excadrill|Earthquake|p1a: Yanmega
|-immune|p1a: Yanmega
|
|-weather|Sandstorm|[upkeep]
|-damage|p1a: Yanmega|94/100|[from] Sandstorm
|upkeep
|turn|7
|
|t:|1760430134
|move|p1a: Yanmega|Protect|p1a: Yanmega
|-singleturn|p1a: Yanmega|Protect
|move|p2a: Excadrill|Iron Head|p1a: Yanmega
|-activate|p1a: Yanmega|move: Protect
|
|-weather|Sandstorm|[upkeep]
|-damage|p1a: Yanmega|88/100|[from] Sandstorm
|-ability|p1a: Yanmega|Speed Boost|boost
|-boost|p1a: Yanmega|spe|1
|upkeep
|turn|8
|
|t:|1760430137
|switch|p1a: Great Tusk|Great Tusk|48/100
|move|p2a: Excadrill|Iron Head|p1a: Great Tusk
|-damage|p1a: Great Tusk|12/100
|-damage|p2a: Excadrill|51/100|[from] item: Rocky Helmet|[of] p1a: Great Tusk
|-damage|p2a: Excadrill|41/100|[from] item: Life Orb
|
|-weather|none
|upkeep
|turn|9
|
|t:|1760430144
|move|p2a: Excadrill|Earthquake|p1a: Great Tusk
|-damage|p1a: Great Tusk|0 fnt
|faint|p1a: Great Tusk
|-end|p1a: Great Tusk|Protosynthesis|[silent]
|-damage|p2a: Excadrill|31/100|[from] item: Life Orb
|
|upkeep
|
|t:|1760430146
|switch|p1a: Ogerpon|Ogerpon-Wellspring, F|95/100
|turn|10
|
|t:|1760430151
|switch|p2a: Pecharunt|Pecharunt|72/100
|move|p1a: Ogerpon|Ivy Cudgel|p2a: Pecharunt|[anim] Ivy Cudgel Water
|-crit|p2a: Pecharunt
|-damage|p2a: Pecharunt|25/100
|
|upkeep
|turn|11
|j| mowmowpow
|
|t:|1760430164
|switch|p2a: Tornadus|Tornadus-Therian, M|100/100
|move|p1a: Ogerpon|Ivy Cudgel|p2a: Tornadus|[anim] Ivy Cudgel Water
|-damage|p2a: Tornadus|20/100
|
|upkeep
|turn|12
|
|t:|1760430170
|switch|p1a: Ting-Lu|Ting-Lu|100/100
|-ability|p1a: Ting-Lu|Vessel of Ruin
|move|p2a: Tornadus|U-turn|p1a: Ting-Lu
|-supereffective|p1a: Ting-Lu
|-damage|p1a: Ting-Lu|87/100
|-damage|p2a: Tornadus|3/100|[from] item: Rocky Helmet|[of] p1a: Ting-Lu
|l| mowmowpow
|
|t:|1760430172
|switch|p2a: Pecharunt|Pecharunt|25/100|[from] U-turn
|
|upkeep
|turn|13
|
|t:|1760430175
|move|p2a: Pecharunt|Recover|p2a: Pecharunt
|-heal|p2a: Pecharunt|75/100
|move|p1a: Ting-Lu|Spikes|p2a: Pecharunt
|-sidestart|p2: henry151th|Spikes
|
|upkeep
|turn|14
|
|t:|1760430181
|move|p2a: Pecharunt|Parting Shot|p1a: Ting-Lu
|-unboost|p1a: Ting-Lu|atk|1
|-unboost|p1a: Ting-Lu|spa|1
|
|t:|1760430183
|switch|p2a: Tyranitar|Tyranitar, F|100/100|[from] Parting Shot
|-damage|p2a: Tyranitar|88/100|[from] Spikes
|-weather|Sandstorm|[from] ability: Sand Stream|[of] p2a: Tyranitar
|move|p1a: Ting-Lu|Spikes|p2a: Tyranitar
|-sidestart|p2: henry151th|Spikes
|
|-weather|Sandstorm|[upkeep]
|upkeep
|turn|15
|
|t:|1760430188
|switch|p2a: Tornadus|Tornadus-Therian, M|36/100
|switch|p1a: Hatterene|Hatterene, F|75/100
|
|-weather|Sandstorm|[upkeep]
|-damage|p2a: Tornadus|30/100|[from] Sandstorm
|-damage|p1a: Hatterene|69/100|[from] Sandstorm
|upkeep
|turn|16
|
|t:|1760430192
|move|p2a: Tornadus|U-turn|p1a: Hatterene
|-damage|p1a: Hatterene|59/100
|
|t:|1760430194
|switch|p2a: Garganacl|Garganacl, F|100/100|[from] U-turn
|-damage|p2a: Garganacl|84/100|[from] Spikes
|move|p1a: Hatterene|Psychic Noise|p2a: Garganacl
|-damage|p2a: Garganacl|69/100
|-start|p2a: Garganacl|move: Heal Block
|
|-weather|Sandstorm|[upkeep]
|-damage|p1a: Hatterene|53/100|[from] Sandstorm
|upkeep
|turn|17
|
|t:|1760430198
|move|p2a: Garganacl|Salt Cure|p1a: Hatterene
|-damage|p1a: Hatterene|41/100
|-start|p1a: Hatterene|Salt Cure
|move|p1a: Hatterene|Draining Kiss|p2a: Garganacl
|-damage|p2a: Garganacl|58/100
|-heal|p1a: Hatterene|51/100|[from] drain|[of] p2a: Garganacl
|
|-weather|Sandstorm|[upkeep]
|-damage|p1a: Hatterene|45/100|[from] Sandstorm
|-damage|p1a: Hatterene|33/100|[from] Salt Cure
|-end|p2a: Garganacl|move: Heal Block
|upkeep
|turn|18
|
|t:|1760430203
|move|p2a: Garganacl|Recover|p2a: Garganacl
|-heal|p2a: Garganacl|100/100
|move|p1a: Hatterene|Psychic Noise|p2a: Garganacl
|-damage|p2a: Garganacl|85/100
|-start|p2a: Garganacl|move: Heal Block
|
|-weather|Sandstorm|[upkeep]
|-damage|p1a: Hatterene|27/100|[from] Sandstorm
|-damage|p1a: Hatterene|15/100|[from] Salt Cure
|upkeep
|turn|19
|
|t:|1760430208
|move|p2a: Garganacl|Iron Defense|p2a: Garganacl
|-boost|p2a: Garganacl|def|2
|move|p1a: Hatterene|Psychic Noise|p2a: Garganacl
|-damage|p2a: Garganacl|69/100
|
|-weather|Sandstorm|[upkeep]
|-damage|p1a: Hatterene|9/100|[from] Sandstorm
|-damage|p1a: Hatterene|0 fnt|[from] Salt Cure
|faint|p1a: Hatterene
|-end|p2a: Garganacl|move: Heal Block
|upkeep
|
|t:|1760430216
|switch|p1a: Ting-Lu|Ting-Lu|87/100
|-ability|p1a: Ting-Lu|Vessel of Ruin
|turn|20
|
|t:|1760430220
|move|p1a: Ting-Lu|Ruination|p2a: Garganacl|[miss]
|-miss|p1a: Ting-Lu|p2a: Garganacl
|move|p2a: Garganacl|Body Press|p1a: Ting-Lu
|-supereffective|p1a: Ting-Lu
|-damage|p1a: Ting-Lu|41/100
|-damage|p2a: Garganacl|53/100|[from] item: Rocky Helmet|[of] p1a: Ting-Lu
|
|-weather|Sandstorm|[upkeep]
|-heal|p2a: Garganacl|59/100|[from] item: Leftovers
|upkeep
|turn|21
|
|t:|1760430223
|move|p1a: Ting-Lu|Ruination|p2a: Garganacl
|-damage|p2a: Garganacl|30/100
|move|p2a: Garganacl|Body Press|p1a: Ting-Lu
|-supereffective|p1a: Ting-Lu
|-damage|p1a: Ting-Lu|0 fnt
|-damage|p2a: Garganacl|13/100|[from] item: Rocky Helmet|[of] p1a: Ting-Lu
|faint|p1a: Ting-Lu
|
|-weather|none
|-heal|p2a: Garganacl|19/100|[from] item: Leftovers
|upkeep
|
|t:|1760430226
|switch|p1a: Kyurem|Kyurem|100/100
|-ability|p1a: Kyurem|Pressure
|turn|22
|
|t:|1760430229
|move|p1a: Kyurem|Freeze-Dry|p2a: Garganacl
|-damage|p2a: Garganacl|0 fnt
|faint|p2a: Garganacl
|
|upkeep
|
|t:|1760430231
|switch|p2a: Keldeo|Keldeo-Resolute|88/100
|-damage|p2a: Keldeo|72/100|[from] Spikes
|turn|23
|
|t:|1760430245
|switch|p1a: Yanmega|Yanmega, M|88/100
|move|p2a: Keldeo|Secret Sword|p1a: Yanmega
|-resisted|p1a: Yanmega
|-damage|p1a: Yanmega|66/100
|
|upkeep
|turn|24
|
|t:|1760430250
|switch|p2a: Tyranitar|Tyranitar, F|88/100
|-damage|p2a: Tyranitar|71/100|[from] Spikes
|-weather|Sandstorm|[from] ability: Sand Stream|[of] p2a: Tyranitar
|move|p1a: Yanmega|Bug Buzz|p2a: Tyranitar
|-supereffective|p2a: Tyranitar
|-damage|p2a: Tyranitar|38/100
|-enditem|p1a: Yanmega|Throat Spray
|-boost|p1a: Yanmega|spa|1|[from] item: Throat Spray
|
|-weather|Sandstorm|[upkeep]
|-damage|p1a: Yanmega|60/100|[from] Sandstorm
|-ability|p1a: Yanmega|Speed Boost|boost
|-boost|p1a: Yanmega|spe|1
|upkeep
|turn|25
|
|t:|1760430255
|move|p1a: Yanmega|Bug Buzz|p2a: Tyranitar
|-supereffective|p2a: Tyranitar
|-damage|p2a: Tyranitar|0 fnt
|faint|p2a: Tyranitar
|
|-weather|Sandstorm|[upkeep]
|-damage|p1a: Yanmega|54/100|[from] Sandstorm
|-ability|p1a: Yanmega|Speed Boost|boost
|-boost|p1a: Yanmega|spe|1
|upkeep
|
|t:|1760430260
|switch|p2a: Excadrill|Excadrill, M|31/100
|-damage|p2a: Excadrill|14/100|[from] Spikes
|turn|26
|
|t:|1760430267
|move|p1a: Yanmega|Bug Buzz|p2a: Excadrill
|-resisted|p2a: Excadrill
|-damage|p2a: Excadrill|0 fnt
|faint|p2a: Excadrill
|
|-weather|Sandstorm|[upkeep]
|-damage|p1a: Yanmega|48/100|[from] Sandstorm
|-ability|p1a: Yanmega|Speed Boost|boost
|-boost|p1a: Yanmega|spe|1
|upkeep
|
|t:|1760430271
|switch|p2a: Pecharunt|Pecharunt|75/100
|turn|27
|
|t:|1760430279
|-terastallize|p1a: Yanmega|Ground
|move|p1a: Yanmega|Tera Blast|p2a: Pecharunt|[anim] Tera Blast Ground
|-supereffective|p2a: Pecharunt
|-damage|p2a: Pecharunt|0 fnt
|faint|p2a: Pecharunt
|
|-weather|Sandstorm|[upkeep]
|-ability|p1a: Yanmega|Speed Boost|boost
|-boost|p1a: Yanmega|spe|1
|upkeep
|
|t:|1760430283
|switch|p2a: Keldeo|Keldeo-Resolute|72/100
|-damage|p2a: Keldeo|55/100|[from] Spikes
|turn|28
|
|t:|1760430287
|move|p1a: Yanmega|Protect|p1a: Yanmega
|-singleturn|p1a: Yanmega|Protect
|move|p2a: Keldeo|Vacuum Wave|p1a: Yanmega
|-activate|p1a: Yanmega|move: Protect
|
|-weather|Sandstorm|[upkeep]
|-damage|p2a: Keldeo|49/100|[from] Sandstorm
|-ability|p1a: Yanmega|Speed Boost|boost
|-boost|p1a: Yanmega|spe|1
|upkeep
|turn|29
|
|t:|1760430290
|move|p2a: Keldeo|Vacuum Wave|p1a: Yanmega
|-damage|p1a: Yanmega|0 fnt
|faint|p1a: Yanmega
|
|-weather|Sandstorm|[upkeep]
|-damage|p2a: Keldeo|43/100|[from] Sandstorm
|upkeep
|
|t:|1760430292
|switch|p1a: Ogerpon|Ogerpon-Wellspring, F|95/100
|turn|30
|
|t:|1760430295
|move|p2a: Keldeo|Vacuum Wave|p1a: Ogerpon
|-damage|p1a: Ogerpon|59/100
|move|p1a: Ogerpon|Ivy Cudgel|p2a: Keldeo|[anim] Ivy Cudgel Water
|-resisted|p2a: Keldeo
|-damage|p2a: Keldeo|7/100
|
|-weather|Sandstorm|[upkeep]
|-damage|p2a: Keldeo|1/100|[from] Sandstorm
|-damage|p1a: Ogerpon|53/100|[from] Sandstorm
|upkeep
|turn|31
|
|t:|1760430300
|move|p2a: Keldeo|Vacuum Wave|p1a: Ogerpon
|-damage|p1a: Ogerpon|17/100
|move|p1a: Ogerpon|Ivy Cudgel|p2a: Keldeo|[anim] Ivy Cudgel Water
|-resisted|p2a: Keldeo
|-damage|p2a: Keldeo|0 fnt
|faint|p2a: Keldeo
|
|-weather|none
|upkeep
|
|t:|1760430302
|switch|p2a: Tornadus|Tornadus-Therian, M|64/100
|turn|32
|
|t:|1760430303
|move|p2a: Tornadus|Bleakwind Storm|p1a: Ogerpon
|-supereffective|p1a: Ogerpon
|-damage|p1a: Ogerpon|0 fnt
|faint|p1a: Ogerpon
|
|upkeep
|
|t:|1760430305
|switch|p1a: Kyurem|Kyurem|100/100
|-ability|p1a: Kyurem|Pressure
|turn|33
|
|t:|1760430307
|-terastallize|p2a: Tornadus|Dark
|move|p2a: Tornadus|Knock Off|p1a: Kyurem
|-damage|p1a: Kyurem|74/100
|-enditem|p1a: Kyurem|Never-Melt Ice|[from] move: Knock Off|[of] p2a: Tornadus
|move|p1a: Kyurem|Dragon Dance|p1a: Kyurem
|-boost|p1a: Kyurem|atk|1
|-boost|p1a: Kyurem|spe|1
|
|upkeep
|turn|34
|
|t:|1760430313
|move|p1a: Kyurem|Icicle Spear|p2a: Tornadus
|-damage|p2a: Tornadus|38/100
|-damage|p2a: Tornadus|11/100
|-damage|p2a: Tornadus|0 fnt
|faint|p2a: Tornadus
|-hitcount|p2: Tornadus|3
|
|win|Quiero mucho a Mar
|raw|Quiero mucho a Mar's rating: 1675 &rarr; <strong>1697</strong><br />(+22 for winning)
|raw|henry151th's rating: 1715 &rarr; <strong>1693</strong><br />(-22 for losing)
|l| Disscratch
|l|☆Quiero mucho a Mar
|player|p1|
