|j|☆hyperoffenseweasel
|j|☆Mist02
|t:|1760374396
|gametype|singles
|player|p1|hyperoffenseweasel|blaine|1363
|player|p2|Mist02|266|1322
|gen|9
|tier|[Gen 9] OU
|rated|
|rule|HP Percentage Mod: HP is shown in percentages
|rule|Endless Battle Clause: Forcing endless battles is banned
|rule|Species Clause: Limit one of each Pokémon
|rule|OHKO Clause: OHKO moves are banned
|rule|Evasion Items Clause: Evasion items are banned
|rule|Evasion Moves Clause: Evasion moves are banned
|rule|Evasion Abilities Clause: Evasion abilities are banned
|rule|Sleep Moves Clause: Sleep-inducing moves are banned
|clearpoke
|poke|p1|Zamazenta-*|
|poke|p1|Ninetales-Alola, F|
|poke|p1|Gliscor, M|
|poke|p1|Hatterene, F|
|poke|p1|Iron Valiant|
|poke|p1|Weavile, M|
|poke|p2|Dondozo, M|
|poke|p2|Slowking, F|
|poke|p2|Dragonite, F|
|poke|p2|Great Tusk|
|poke|p2|Iron Crown|
|poke|p2|Arcanine-Hisui, M|
|teampreview
|inactive|Battle timer is ON: inactive players will automatically lose when time's up. (requested by hyperoffenseweasel)
|
|t:|1760374412
|teamsize|p1|6
|teamsize|p2|6
|start
|switch|p1a: Ninetales|Ninetales-Alola, F|100/100
|switch|p2a: Arcanine|Arcanine-Hisui, M|100/100
|-weather|Snowscape|[from] ability: Snow Warning|[of] p1a: Ninetales
|turn|1
|
|t:|1760374430
|switch|p1a: Gliscor|Gliscor, M|100/100
|move|p2a: Arcanine|Head Smash|p1a: Gliscor
|-damage|p1a: Gliscor|13/100
|
|-weather|Snowscape|[upkeep]
|-status|p1a: Gliscor|tox|[from] item: Toxic Orb
|upkeep
|turn|2
|
|t:|1760374445
|move|p2a: Arcanine|Head Smash|p1a: Gliscor|[miss]
|-miss|p2a: Arcanine|p1a: Gliscor
|move|p1a: Gliscor|Earthquake|p2a: Arcanine
|-supereffective|p2a: Arcanine
|-damage|p2a: Arcanine|0 fnt
|faint|p2a: Arcanine
|
|-weather|Snowscape|[upkeep]
|-heal|p1a: Gliscor|26/100 tox|[from] ability: Poison Heal
|upkeep
|c|☆hyperoffenseweasel|LESGOOOOOOOOOOOOOOOOOOOO
|
|t:|1760374456
|switch|p2a: Iron Crown|Iron Crown|100/100
|turn|3
|
|t:|1760374459
|move|p2a: Iron Crown|Psychic Noise|p1a: Gliscor
|-damage|p1a: Gliscor|0 fnt
|faint|p1a: Gliscor
|
|-weather|Snowscape|[upkeep]
|upkeep
|
|t:|1760374475
|switch|p1a: Ninetales|Ninetales-Alola, F|100/100
|turn|4
|
|t:|1760374478
|move|p1a: Ninetales|Aurora Veil|p1a: Ninetales
|-sidestart|p1: hyperoffenseweasel|move: Aurora Veil
|move|p2a: Iron Crown|Tachyon Cutter|p1a: Ninetales
|-supereffective|p1a: Ninetales
|-damage|p1a: Ninetales|50/100
|-supereffective|p1a: Ninetales
|-damage|p1a: Ninetales|1/100
|-hitcount|p1a: Ninetales|2
|
|-weather|Snowscape|[upkeep]
|upkeep
|turn|5
|
|t:|1760374490
|move|p1a: Ninetales|Freeze-Dry|p2a: Iron Crown
|-resisted|p2a: Iron Crown
|-damage|p2a: Iron Crown|93/100
|move|p2a: Iron Crown|Volt Switch|p1a: Ninetales
|-damage|p1a: Ninetales|0 fnt
|faint|p1a: Ninetales
|
|t:|1760374498
|-end|p2a: Iron Crown|Quark Drive|[silent]
|switch|p2a: Slowking|Slowking, F|100/100|[from] Volt Switch
|
|-weather|none
|upkeep
|
|t:|1760374512
|switch|p1a: Weavile|Weavile, M|100/100
|-ability|p1a: Weavile|Pressure
|turn|6
|
|t:|1760374517
|switch|p2a: Dondozo|Dondozo, M|100/100
|-terastallize|p1a: Weavile|Dark
|move|p1a: Weavile|Knock Off|p2a: Dondozo
|-damage|p2a: Dondozo|72/100
|-enditem|p2a: Dondozo|Leftovers|[from] move: Knock Off|[of] p1a: Weavile
|
|upkeep
|turn|7
|
|t:|1760374533
|switch|p1a: Hatterene|Hatterene, F|100/100
|move|p2a: Dondozo|Body Press|p1a: Hatterene
|-resisted|p1a: Hatterene
|-damage|p1a: Hatterene|97/100
|
|-heal|p1a: Hatterene|100/100|[from] item: Leftovers
|upkeep
|turn|8
|
|t:|1760374541
|switch|p2a: Iron Crown|Iron Crown|93/100
|move|p1a: Hatterene|Calm Mind|p1a: Hatterene
|-boost|p1a: Hatterene|spa|1
|-boost|p1a: Hatterene|spd|1
|
|upkeep
|turn|9
|
|t:|1760374550
|move|p2a: Iron Crown|Psychic Noise|p1a: Hatterene
|-resisted|p1a: Hatterene
|-damage|p1a: Hatterene|94/100
|-start|p1a: Hatterene|move: Heal Block
|move|p1a: Hatterene|Mystical Fire|p2a: Iron Crown
|-supereffective|p2a: Iron Crown
|-damage|p2a: Iron Crown|39/100
|-unboost|p2a: Iron Crown|spa|1
|
|upkeep
|turn|10
|
|t:|1760374559
|move|p2a: Iron Crown|Volt Switch|p1a: Hatterene
|-damage|p1a: Hatterene|89/100
|
|t:|1760374563
|-end|p2a: Iron Crown|Quark Drive|[silent]
|switch|p2a: Slowking|Slowking, F|100/100|[from] Volt Switch
|move|p1a: Hatterene|Mystical Fire|p2a: Slowking
|-resisted|p2a: Slowking
|-damage|p2a: Slowking|89/100
|-unboost|p2a: Slowking|spa|1
|
|-end|p1a: Hatterene|move: Heal Block
|upkeep
|turn|11
|
|t:|1760374573
|move|p1a: Hatterene|Draining Kiss|p2a: Slowking
|-damage|p2a: Slowking|63/100
|-heal|p1a: Hatterene|100/100|[from] drain|[of] p2a: Slowking
|move|p2a: Slowking|Scald|p1a: Hatterene
|-damage|p1a: Hatterene|94/100
|
|-heal|p1a: Hatterene|99/100|[from] item: Leftovers
|-sideend|p1: hyperoffenseweasel|move: Aurora Veil
|upkeep
|turn|12
|
|t:|1760374583
|move|p1a: Hatterene|Mystical Fire|p2a: Slowking
|-resisted|p2a: Slowking
|-damage|p2a: Slowking|50/100
|-unboost|p2a: Slowking|spa|1
|move|p2a: Slowking|Scald|p1a: Hatterene
|-damage|p1a: Hatterene|90/100
|
|-heal|p1a: Hatterene|96/100|[from] item: Leftovers
|upkeep
|turn|13
|
|t:|1760374593
|move|p1a: Hatterene|Draining Kiss|p2a: Slowking
|-damage|p2a: Slowking|27/100
|-heal|p1a: Hatterene|100/100|[from] drain|[of] p2a: Slowking
|-prepare|p2a: Slowking|Chilly Reception|[premajor]
|move|p2a: Slowking|Chilly Reception|p2a: Slowking
|-weather|Snowscape
|
|t:|1760374600
|switch|p2a: Dragonite|Dragonite, F|100/100|[from] Chilly Reception
|
|-weather|Snowscape|[upkeep]
|upkeep
|turn|14
|
|t:|1760374606
|-terastallize|p2a: Dragonite|Normal
|move|p2a: Dragonite|Dragon Dance|p2a: Dragonite
|-boost|p2a: Dragonite|atk|1
|-boost|p2a: Dragonite|spe|1
|move|p1a: Hatterene|Draining Kiss|p2a: Dragonite
|-crit|p2a: Dragonite
|-damage|p2a: Dragonite|64/100
|
|-weather|Snowscape|[upkeep]
|upkeep
|turn|15
|
|t:|1760374616
|move|p2a: Dragonite|Extreme Speed|p1a: Hatterene
|-damage|p1a: Hatterene|28/100
|move|p1a: Hatterene|Psyshock|p2a: Dragonite
|-damage|p2a: Dragonite|0 fnt
|faint|p2a: Dragonite
|
|-weather|Snowscape|[upkeep]
|-heal|p1a: Hatterene|34/100|[from] item: Leftovers
|upkeep
|
|t:|1760374624
|switch|p2a: Great Tusk|Great Tusk|100/100
|turn|16
|
|t:|1760374629
|move|p2a: Great Tusk|Headlong Rush|p1a: Hatterene
|-damage|p1a: Hatterene|0 fnt
|-unboost|p2a: Great Tusk|def|1
|-unboost|p2a: Great Tusk|spd|1
|faint|p1a: Hatterene
|
|-weather|Snowscape|[upkeep]
|upkeep
|
|t:|1760374645
|switch|p1a: Weavile|Weavile, M, tera:Dark|100/100
|-ability|p1a: Weavile|Pressure
|turn|17
|
|t:|1760374649
|-end|p2a: Great Tusk|Protosynthesis|[silent]
|switch|p2a: Dondozo|Dondozo, M|72/100
|move|p1a: Weavile|Icicle Spear|p2a: Dondozo
|-resisted|p2a: Dondozo
|-damage|p2a: Dondozo|69/100
|-resisted|p2a: Dondozo
|-crit|p2a: Dondozo
|-damage|p2a: Dondozo|65/100
|-resisted|p2a: Dondozo
|-damage|p2a: Dondozo|62/100
|-resisted|p2a: Dondozo
|-damage|p2a: Dondozo|59/100
|-hitcount|p2a: Dondozo|4
|
|-weather|none
|upkeep
|turn|18
|
|t:|1760374661
|switch|p1a: Zamazenta|Zamazenta|100/100
|-ability|p1a: Zamazenta|Dauntless Shield|boost
|-boost|p1a: Zamazenta|def|1
|move|p2a: Dondozo|Body Press|p1a: Zamazenta
|-damage|p1a: Zamazenta|78/100
|
|upkeep
|turn|19
|
|t:|1760374669
|move|p1a: Zamazenta|Iron Defense|p1a: Zamazenta
|-boost|p1a: Zamazenta|def|2
|move|p2a: Dondozo|Curse|p2a: Dondozo
|-unboost|p2a: Dondozo|spe|1
|-boost|p2a: Dondozo|atk|1
|-boost|p2a: Dondozo|def|1
|
|upkeep
|turn|20
|
|t:|1760374675
|move|p1a: Zamazenta|Iron Defense|p1a: Zamazenta
|-boost|p1a: Zamazenta|def|2
|move|p2a: Dondozo|Curse|p2a: Dondozo
|-unboost|p2a: Dondozo|spe|1
|-boost|p2a: Dondozo|atk|1
|-boost|p2a: Dondozo|def|1
|
|upkeep
|turn|21
|
|t:|1760374681
|move|p1a: Zamazenta|Iron Defense|p1a: Zamazenta
|-boost|p1a: Zamazenta|def|1
|move|p2a: Dondozo|Rest|p2a: Dondozo
|-status|p2a: Dondozo|slp|[from] move: Rest
|-heal|p2a: Dondozo|100/100 slp|[silent]
|
|upkeep
|turn|22
|
|t:|1760374688
|move|p1a: Zamazenta|Body Press|p2a: Dondozo
|-damage|p2a: Dondozo|92/100 slp
|cant|p2a: Dondozo|slp
|
|upkeep
|turn|23
|
|t:|1760374693
|move|p1a: Zamazenta|Body Press|p2a: Dondozo
|-damage|p2a: Dondozo|84/100 slp
|cant|p2a: Dondozo|slp
|
|upkeep
|turn|24
|
|t:|1760374701
|move|p1a: Zamazenta|Body Press|p2a: Dondozo
|-damage|p2a: Dondozo|76/100 slp
|-curestatus|p2a: Dondozo|slp|[msg]
|move|p2a: Dondozo|Avalanche|p1a: Zamazenta
|-damage|p1a: Zamazenta|38/100
|
|upkeep
|turn|25
|
|t:|1760374708
|move|p1a: Zamazenta|Rest|p1a: Zamazenta
|-status|p1a: Zamazenta|slp|[from] move: Rest
|-heal|p1a: Zamazenta|100/100 slp|[silent]
|-enditem|p1a: Zamazenta|Chesto Berry|[eat]
|-curestatus|p1a: Zamazenta|slp|[msg]
|move|p2a: Dondozo|Avalanche|p1a: Zamazenta
|-damage|p1a: Zamazenta|81/100
|
|upkeep
|turn|26
|
|t:|1760374720
|switch|p1a: Iron Valiant|Iron Valiant|100/100
|-enditem|p1a: Iron Valiant|Booster Energy
|-activate|p1a: Iron Valiant|ability: Quark Drive|[fromitem]
|-start|p1a: Iron Valiant|quarkdrivespe
|move|p2a: Dondozo|Avalanche|p1a: Iron Valiant
|-damage|p1a: Iron Valiant|70/100
|
|upkeep
|turn|27
|
|t:|1760374730
|move|p1a: Iron Valiant|Thunderbolt|p2a: Dondozo
|-supereffective|p2a: Dondozo
|-damage|p2a: Dondozo|24/100
|move|p2a: Dondozo|Body Press|p1a: Iron Valiant
|-resisted|p1a: Iron Valiant
|-damage|p1a: Iron Valiant|33/100
|
|upkeep
|turn|28
|
|t:|1760374737
|switch|p2a: Great Tusk|Great Tusk|100/100
|move|p1a: Iron Valiant|Thunderbolt|p2a: Great Tusk
|-immune|p2a: Great Tusk
|
|upkeep
|turn|29
|
|t:|1760374743
|move|p1a: Iron Valiant|Moonblast|p2a: Great Tusk
|-supereffective|p2a: Great Tusk
|-damage|p2a: Great Tusk|0 fnt
|faint|p2a: Great Tusk
|-end|p2a: Great Tusk|Protosynthesis|[silent]
|
|upkeep
|
|t:|1760374747
|switch|p2a: Iron Crown|Iron Crown|39/100
|turn|30
|
|t:|1760374752
|move|p1a: Iron Valiant|Close Combat|p2a: Iron Crown
|-damage|p2a: Iron Crown|0 fnt
|-unboost|p1a: Iron Valiant|def|1
|-unboost|p1a: Iron Valiant|spd|1
|faint|p2a: Iron Crown
|-end|p2a: Iron Crown|Quark Drive|[silent]
|
|upkeep
|c|☆hyperoffenseweasel|gg
|
|t:|1760374758
|switch|p2a: Slowking|Slowking, F|60/100
|turn|31
|
|t:|1760374764
|-end|p1a: Iron Valiant|Quark Drive|[silent]
|switch|p1a: Weavile|Weavile, M, tera:Dark|100/100
|-ability|p1a: Weavile|Pressure
|move|p2a: Slowking|Scald|p1a: Weavile
|-damage|p1a: Weavile|65/100
|-status|p1a: Weavile|brn
|
|-damage|p1a: Weavile|59/100 brn|[from] brn
|upkeep
|turn|32
|
|t:|1760374780
|switch|p2a: Dondozo|Dondozo, M|24/100
|move|p1a: Weavile|Knock Off|p2a: Dondozo
|-damage|p2a: Dondozo|14/100
|
|-damage|p1a: Weavile|53/100 brn|[from] brn
|upkeep
|turn|33
|
|t:|1760374790
|move|p1a: Weavile|Knock Off|p2a: Dondozo
|-damage|p2a: Dondozo|4/100
|move|p2a: Dondozo|Rest|p2a: Dondozo
|-status|p2a: Dondozo|slp|[from] move: Rest
|-heal|p2a: Dondozo|100/100 slp|[silent]
|
|-damage|p1a: Weavile|47/100 brn|[from] brn
|upkeep
|turn|34
|
|t:|1760374801
|move|p1a: Weavile|Knock Off|p2a: Dondozo
|-damage|p2a: Dondozo|90/100 slp
|cant|p2a: Dondozo|slp
|
|-damage|p1a: Weavile|41/100 brn|[from] brn
|upkeep
|turn|35
|
|t:|1760374807
|move|p1a: Weavile|Knock Off|p2a: Dondozo
|-damage|p2a: Dondozo|81/100 slp
|cant|p2a: Dondozo|slp
|
|-damage|p1a: Weavile|35/100 brn|[from] brn
|upkeep
|turn|36
|
|t:|1760374813
|move|p1a: Weavile|Knock Off|p2a: Dondozo
|-damage|p2a: Dondozo|72/100 slp
|-curestatus|p2a: Dondozo|slp|[msg]
|move|p2a: Dondozo|Body Press|p1a: Weavile
|-supereffective|p1a: Weavile
|-damage|p1a: Weavile|0 fnt
|faint|p1a: Weavile
|
|upkeep
|
|t:|1760374820
|switch|p1a: Iron Valiant|Iron Valiant|33/100
|turn|37
|
|t:|1760374828
|move|p1a: Iron Valiant|Thunderbolt|p2a: Dondozo
|-supereffective|p2a: Dondozo
|-damage|p2a: Dondozo|14/100
|move|p2a: Dondozo|Avalanche|p1a: Iron Valiant
|-crit|p1a: Iron Valiant
|-damage|p1a: Iron Valiant|0 fnt
|faint|p1a: Iron Valiant
|-end|p1a: Iron Valiant|Quark Drive|[silent]
|
|upkeep
|
|t:|1760374835
|switch|p1a: Zamazenta|Zamazenta|81/100
|turn|38
|
|t:|1760374840
|move|p1a: Zamazenta|Body Press|p2a: Dondozo
|-damage|p2a: Dondozo|0 fnt
|faint|p2a: Dondozo
|
|upkeep
|
|t:|1760374844
|switch|p2a: Slowking|Slowking, F|93/100
|turn|39
|
|t:|1760374849
|move|p1a: Zamazenta|Crunch|p2a: Slowking
|-supereffective|p2a: Slowking
|-damage|p2a: Slowking|48/100
|move|p2a: Slowking|Scald|p1a: Zamazenta
|-damage|p1a: Zamazenta|54/100
|
|upkeep
|turn|40
|
|t:|1760374855
|move|p1a: Zamazenta|Crunch|p2a: Slowking
|-supereffective|p2a: Slowking
|-crit|p2a: Slowking
|-damage|p2a: Slowking|0 fnt
|faint|p2a: Slowking
|
|win|hyperoffenseweasel
|raw|hyperoffenseweasel's rating: 1363 &rarr; <strong>1381</strong><br />(+18 for winning)
|raw|Mist02's rating: 1322 &rarr; <strong>1304</strong><br />(-18 for losing)
|c|☆hyperoffenseweasel|gg
|c|☆Mist02|gg
|l|☆Mist02
|player|p2|
