|j|☆beeboobaa
|j|☆Fan de Jungko
|t:|1760430934
|gametype|singles
|player|p1|beeboobaa|266|1409
|player|p2|Fan de Jungko|swimmer|1337
|gen|9
|tier|[Gen 9] OU
|rated|
|rule|HP Percentage Mod: HP is shown in percentages
|rule|Endless Battle Clause: Forcing endless battles is banned
|rule|Species Clause: Limit one of each Pokémon
|rule|OHKO Clause: OHKO moves are banned
|rule|Evasion Items Clause: Evasion items are banned
|rule|Evasion Moves Clause: Evasion moves are banned
|rule|Evasion Abilities Clause: Evasion abilities are banned
|rule|Sleep Moves Clause: Sleep-inducing moves are banned
|clearpoke
|poke|p1|Blastoise, M|
|poke|p1|Clefable, F|
|poke|p1|Slowbro, F|
|poke|p1|Chansey, F|
|poke|p1|Zapdos|
|poke|p1|Dragonite, F|
|poke|p2|Iron Crown|
|poke|p2|Samurott-Hisui, M|
|poke|p2|Zapdos|
|poke|p2|Dragapult, F|
|poke|p2|Great Tusk|
|poke|p2|Iron Valiant|
|teampreview
|inactive|Battle timer is ON: inactive players will automatically lose when time's up. (requested by beeboobaa)
|
|t:|1760430946
|teamsize|p1|6
|teamsize|p2|6
|start
|switch|p1a: Blastoise|Blastoise, M|100/100
|switch|p2a: Mindreader|Iron Crown|100/100
|turn|1
|
|t:|1760430955
|switch|p1a: Chansey|Chansey, F|100/100
|move|p2a: Mindreader|Volt Switch|p1a: Chansey
|-damage|p1a: Chansey|91/100
|
|t:|1760430959
|-end|p2a: Mindreader|Quark Drive|[silent]
|switch|p2a: Everytime We Touch|Samurott-Hisui, M|100/100|[from] Volt Switch
|
|upkeep
|turn|2
|
|t:|1760430978
|move|p2a: Everytime We Touch|Ceaseless Edge|p1a: Chansey
|-damage|p1a: Chansey|59/100
|-sidestart|p1: beeboobaa|Spikes
|move|p1a: Chansey|Seismic Toss|p2a: Everytime We Touch
|-damage|p2a: Everytime We Touch|69/100
|
|upkeep
|turn|3
|
|t:|1760430995
|switch|p2a: Pump It|Great Tusk|100/100
|switch|p1a: Slowbro|Slowbro, F|100/100
|-damage|p1a: Slowbro|88/100|[from] Spikes
|
|upkeep
|turn|4
|
|t:|1760431002
|-end|p2a: Pump It|Protosynthesis|[silent]
|switch|p2a: Everytime We Touch|Samurott-Hisui, M|69/100
|move|p1a: Slowbro|Future Sight|p2a: Everytime We Touch
|-start|p1a: Slowbro|move: Future Sight
|
|upkeep
|turn|5
|
|t:|1760431008
|move|p2a: Everytime We Touch|Ceaseless Edge|p1a: Slowbro
|-supereffective|p1a: Slowbro
|-damage|p1a: Slowbro|35/100
|-damage|p2a: Everytime We Touch|53/100|[from] item: Rocky Helmet|[of] p1a: Slowbro
|-sidestart|p1: beeboobaa|Spikes
|move|p1a: Slowbro|Body Press|p2a: Everytime We Touch
|-supereffective|p2a: Everytime We Touch
|-damage|p2a: Everytime We Touch|0 fnt
|faint|p2a: Everytime We Touch
|
|upkeep
|
|t:|1760431022
|switch|p2a: Parasite|Dragapult, F|100/100
|turn|6
|
|t:|1760431029
|move|p2a: Parasite|U-turn|p1a: Slowbro
|-supereffective|p1a: Slowbro
|-damage|p1a: Slowbro|0 fnt
|-damage|p2a: Parasite|84/100|[from] item: Rocky Helmet|[of] p1a: Slowbro
|faint|p1a: Slowbro
|
|t:|1760431036
|switch|p2a: Mindreader|Iron Crown|100/100|[from] U-turn
|
|-end|p2a: Mindreader|move: Future Sight
|-resisted|p2a: Mindreader
|-damage|p2a: Mindreader|90/100
|upkeep
|
|t:|1760431047
|switch|p1a: Zapdos|Zapdos|100/100
|turn|7
|
|t:|1760431053
|move|p2a: Mindreader|Volt Switch|p1a: Zapdos
|-damage|p1a: Zapdos|70/100
|
|t:|1760431059
|-end|p2a: Mindreader|Quark Drive|[silent]
|switch|p2a: Hurikan|Zapdos|100/100|[from] Volt Switch
|move|p1a: Zapdos|Hurricane|p2a: Hurikan
|-resisted|p2a: Hurikan
|-damage|p2a: Hurikan|77/100
|
|upkeep
|turn|8
|
|t:|1760431065
|move|p1a: Zapdos|Volt Switch|p2a: Hurikan
|-damage|p2a: Hurikan|51/100
|
|t:|1760431071
|switch|p1a: Chansey|Chansey, F|59/100|[from] Volt Switch
|-damage|p1a: Chansey|43/100|[from] Spikes
|move|p2a: Hurikan|Discharge|p1a: Chansey
|-damage|p1a: Chansey|33/100
|-status|p1a: Chansey|par
|
|upkeep
|turn|9
|
|t:|1760431079
|move|p2a: Hurikan|Hurricane|p1a: Chansey|[miss]
|-miss|p2a: Hurikan|p1a: Chansey
|move|p1a: Chansey|Soft-Boiled|p1a: Chansey
|-heal|p1a: Chansey|83/100 par
|
|upkeep
|turn|10
|
|t:|1760431085
|move|p2a: Hurikan|Hurricane|p1a: Chansey
|-damage|p1a: Chansey|69/100 par
|move|p1a: Chansey|Seismic Toss|p2a: Hurikan
|-damage|p2a: Hurikan|25/100
|
|upkeep
|turn|11
|
|t:|1760431090
|move|p2a: Hurikan|Roost|p2a: Hurikan
|-heal|p2a: Hurikan|75/100
|-singleturn|p2a: Hurikan|move: Roost
|move|p1a: Chansey|Soft-Boiled|p1a: Chansey
|-heal|p1a: Chansey|100/100 par
|
|upkeep
|turn|12
|
|t:|1760431098
|move|p2a: Hurikan|Roost|p2a: Hurikan
|-heal|p2a: Hurikan|100/100
|-singleturn|p2a: Hurikan|move: Roost
|move|p1a: Chansey|Seismic Toss|p2a: Hurikan
|-damage|p2a: Hurikan|74/100
|
|upkeep
|turn|13
|
|t:|1760431109
|switch|p2a: Parasite|Dragapult, F|84/100
|cant|p1a: Chansey|par
|
|upkeep
|turn|14
|
|t:|1760431118
|-curestatus|p1a: Chansey|par|[from] ability: Natural Cure
|switch|p1a: Clefable|Clefable, F|100/100
|move|p2a: Parasite|U-turn|p1a: Clefable
|-resisted|p1a: Clefable
|-damage|p1a: Clefable|88/100
|-damage|p2a: Parasite|68/100|[from] item: Rocky Helmet|[of] p1a: Clefable
|
|t:|1760431124
|switch|p2a: Mindreader|Iron Crown|90/100|[from] U-turn
|
|upkeep
|turn|15
|inactive|beeboobaa has 120 seconds left.
|
|t:|1760431155
|-terastallize|p1a: Clefable|Fire
|move|p2a: Mindreader|Tachyon Cutter|p1a: Clefable
|-resisted|p1a: Clefable
|-damage|p1a: Clefable|71/100
|-resisted|p1a: Clefable
|-damage|p1a: Clefable|54/100
|-hitcount|p1a: Clefable|2
|move|p1a: Clefable|Thunder Wave|p2a: Mindreader
|-status|p2a: Mindreader|par
|
|upkeep
|turn|16
|
|t:|1760431167
|-end|p2a: Mindreader|Quark Drive|[silent]
|switch|p2a: Hurikan|Zapdos|74/100
|move|p1a: Clefable|Moonblast|p2a: Hurikan
|-damage|p2a: Hurikan|46/100
|
|upkeep
|turn|17
|
|t:|1760431173
|move|p2a: Hurikan|Hurricane|p1a: Clefable|[miss]
|-miss|p2a: Hurikan|p1a: Clefable
|move|p1a: Clefable|Moonlight|p1a: Clefable
|-heal|p1a: Clefable|100/100
|
|upkeep
|turn|18
|
|t:|1760431179
|move|p2a: Hurikan|Discharge|p1a: Clefable
|-damage|p1a: Clefable|70/100
|move|p1a: Clefable|Calm Mind|p1a: Clefable
|-boost|p1a: Clefable|spa|1
|-boost|p1a: Clefable|spd|1
|
|upkeep
|turn|19
|
|t:|1760431191
|move|p2a: Hurikan|Hurricane|p1a: Clefable
|-damage|p1a: Clefable|38/100
|move|p1a: Clefable|Calm Mind|p1a: Clefable
|-boost|p1a: Clefable|spa|1
|-boost|p1a: Clefable|spd|1
|
|upkeep
|turn|20
|
|t:|1760431197
|move|p2a: Hurikan|U-turn|p1a: Clefable
|-resisted|p1a: Clefable
|-damage|p1a: Clefable|33/100
|-damage|p2a: Hurikan|29/100|[from] item: Rocky Helmet|[of] p1a: Clefable
|
|t:|1760431213
|switch|p2a: Pump It|Great Tusk|100/100|[from] U-turn
|move|p1a: Clefable|Moonlight|p1a: Clefable
|-heal|p1a: Clefable|83/100
|
|upkeep
|turn|21
|
|t:|1760431229
|switch|p1a: Zapdos|Zapdos|70/100
|move|p2a: Pump It|Headlong Rush|p1a: Zapdos
|-immune|p1a: Zapdos
|
|upkeep
|turn|22
|
|t:|1760431238
|move|p2a: Pump It|Ice Spinner|p1a: Zapdos
|-supereffective|p1a: Zapdos
|-damage|p1a: Zapdos|24/100
|move|p1a: Zapdos|Hurricane|p2a: Pump It
|-supereffective|p2a: Pump It
|-damage|p2a: Pump It|0 fnt
|faint|p2a: Pump It
|-end|p2a: Pump It|Protosynthesis|[silent]
|
|upkeep
|
|t:|1760431254
|switch|p2a: Iron Valiant|Iron Valiant|100/100
|-enditem|p2a: Iron Valiant|Booster Energy
|-activate|p2a: Iron Valiant|ability: Quark Drive|[fromitem]
|-start|p2a: Iron Valiant|quarkdrivespe
|turn|23
|
|t:|1760431258
|move|p2a: Iron Valiant|Knock Off|p1a: Zapdos
|-damage|p1a: Zapdos|0 fnt
|-enditem|p1a: Zapdos|Heavy-Duty Boots|[from] move: Knock Off|[of] p2a: Iron Valiant
|faint|p1a: Zapdos
|
|upkeep
|inactive|beeboobaa has 120 seconds left.
|
|t:|1760431296
|switch|p1a: Blastoise|Blastoise, M|100/100
|-damage|p1a: Blastoise|84/100|[from] Spikes
|turn|24
|
|t:|1760431300
|move|p2a: Iron Valiant|Close Combat|p1a: Blastoise
|-damage|p1a: Blastoise|24/100
|-unboost|p2a: Iron Valiant|def|1
|-unboost|p2a: Iron Valiant|spd|1
|-damage|p2a: Iron Valiant|84/100|[from] item: Rocky Helmet|[of] p1a: Blastoise
|move|p1a: Blastoise|Ice Beam|p2a: Iron Valiant
|-damage|p2a: Iron Valiant|32/100
|
|upkeep
|turn|25
|
|t:|1760431308
|move|p2a: Iron Valiant|Knock Off|p1a: Blastoise
|-damage|p1a: Blastoise|0 fnt
|-damage|p2a: Iron Valiant|15/100|[from] item: Rocky Helmet|[of] p1a: Blastoise
|-enditem|p1a: Blastoise|Rocky Helmet|[from] move: Knock Off|[of] p2a: Iron Valiant
|faint|p1a: Blastoise
|
|upkeep
|
|t:|1760431319
|switch|p1a: Clefable|Clefable, F, tera:Fire|83/100
|turn|26
|
|t:|1760431322
|move|p2a: Iron Valiant|Close Combat|p1a: Clefable
|-damage|p1a: Clefable|39/100
|-unboost|p2a: Iron Valiant|def|1
|-unboost|p2a: Iron Valiant|spd|1
|-damage|p2a: Iron Valiant|0 fnt|[from] item: Rocky Helmet|[of] p1a: Clefable
|faint|p2a: Iron Valiant
|-end|p2a: Iron Valiant|Quark Drive|[silent]
|move|p1a: Clefable|Moonlight|p1a: Clefable
|-heal|p1a: Clefable|89/100
|
|upkeep
|
|t:|1760431328
|switch|p2a: Hurikan|Zapdos|29/100
|turn|27
|
|t:|1760431339
|switch|p1a: Chansey|Chansey, F|100/100
|-damage|p1a: Chansey|84/100|[from] Spikes
|move|p2a: Hurikan|Roost|p2a: Hurikan
|-heal|p2a: Hurikan|80/100
|-singleturn|p2a: Hurikan|move: Roost
|
|upkeep
|turn|28
|
|t:|1760431350
|move|p2a: Hurikan|Discharge|p1a: Chansey
|-damage|p1a: Chansey|75/100
|move|p1a: Chansey|Calm Mind|p1a: Chansey
|-boost|p1a: Chansey|spa|1
|-boost|p1a: Chansey|spd|1
|
|upkeep
|turn|29
|
|t:|1760431362
|move|p2a: Hurikan|Hurricane|p1a: Chansey|[miss]
|-miss|p2a: Hurikan|p1a: Chansey
|move|p1a: Chansey|Shadow Ball|p2a: Hurikan
|-damage|p2a: Hurikan|67/100
|
|upkeep
|turn|30
|
|t:|1760431375
|move|p2a: Hurikan|Hurricane|p1a: Chansey
|-damage|p1a: Chansey|66/100
|move|p1a: Chansey|Calm Mind|p1a: Chansey
|-boost|p1a: Chansey|spa|1
|-boost|p1a: Chansey|spd|1
|
|upkeep
|turn|31
|
|t:|1760431382
|move|p2a: Hurikan|Hurricane|p1a: Chansey
|-damage|p1a: Chansey|59/100
|move|p1a: Chansey|Soft-Boiled|p1a: Chansey
|-heal|p1a: Chansey|100/100
|
|upkeep
|turn|32
|
|t:|1760431389
|move|p2a: Hurikan|Hurricane|p1a: Chansey
|-crit|p1a: Chansey
|-damage|p1a: Chansey|82/100
|move|p1a: Chansey|Calm Mind|p1a: Chansey
|-boost|p1a: Chansey|spa|1
|-boost|p1a: Chansey|spd|1
|
|upkeep
|turn|33
|
|t:|1760431394
|switch|p2a: Parasite|Dragapult, F|68/100
|move|p1a: Chansey|Shadow Ball|p2a: Parasite
|-supereffective|p2a: Parasite
|-damage|p2a: Parasite|12/100
|
|upkeep
|turn|34
|
|t:|1760431405
|move|p2a: Parasite|Dragon Darts|p1a: Chansey
|-damage|p1a: Chansey|55/100
|-anim|p2a: Parasite|Dragon Darts|p1a: Chansey
|-damage|p1a: Chansey|28/100
|move|p1a: Chansey|Shadow Ball|p2a: Parasite
|-supereffective|p2a: Parasite
|-damage|p2a: Parasite|0 fnt
|faint|p2a: Parasite
|
|upkeep
|
|t:|1760431411
|switch|p2a: Mindreader|Iron Crown|90/100 par
|turn|35
|
|t:|1760431413
|cant|p2a: Mindreader|par
|move|p1a: Chansey|Soft-Boiled|p1a: Chansey
|-heal|p1a: Chansey|78/100
|
|upkeep
|turn|36
|
|t:|1760431416
|cant|p2a: Mindreader|par
|move|p1a: Chansey|Soft-Boiled|p1a: Chansey
|-heal|p1a: Chansey|100/100
|
|upkeep
|turn|37
|
|t:|1760431421
|move|p2a: Mindreader|Psyshock|p1a: Chansey
|-damage|p1a: Chansey|60/100
|move|p1a: Chansey|Seismic Toss|p2a: Mindreader
|-damage|p2a: Mindreader|59/100 par
|
|upkeep
|turn|38
|
|t:|1760431450
|cant|p2a: Mindreader|par
|move|p1a: Chansey|Soft-Boiled|p1a: Chansey
|-heal|p1a: Chansey|100/100
|
|upkeep
|turn|39
|-message|Fan de Jungko forfeited.
|
|win|beeboobaa
|raw|beeboobaa's rating: 1409 &rarr; <strong>1425</strong><br />(+16 for winning)
|raw|Fan de Jungko's rating: 1337 &rarr; <strong>1321</strong><br />(-16 for losing)
|l|☆Fan de Jungko
|player|p2|
|l|☆beeboobaa
|player|p1|
