|j|☆EpicBoost
|j|☆V. Al Sorna
|t:|1760373128
|gametype|singles
|player|p1|EpicBoost|gentleman-gen2|1239
|player|p2|V. Al Sorna|266|1287
|gen|9
|tier|[Gen 9] OU
|rated|
|rule|HP Percentage Mod: HP is shown in percentages
|rule|Endless Battle Clause: Forcing endless battles is banned
|rule|Species Clause: Limit one of each Pokémon
|rule|OHKO Clause: OHKO moves are banned
|rule|Evasion Items Clause: Evasion items are banned
|rule|Evasion Moves Clause: Evasion moves are banned
|rule|Evasion Abilities Clause: Evasion abilities are banned
|rule|Sleep Moves Clause: Sleep-inducing moves are banned
|clearpoke
|poke|p1|Lokix, F|
|poke|p1|Cinderace, M|
|poke|p1|Great Tusk|
|poke|p1|Alomomola, F|
|poke|p1|Enamorus, F|
|poke|p1|Slowking-Galar, M|
|poke|p2|Zapdos|
|poke|p2|Ceruledge, F|
|poke|p2|Araquanid, F|
|poke|p2|Glimmora, F|
|poke|p2|Inteleon, M|
|poke|p2|Meowscarada, F|
|teampreview
|
|t:|1760373130
|teamsize|p1|6
|teamsize|p2|6
|start
|switch|p1a: Cinderace|Cinderace, M|100/100
|switch|p2a: Glimmora|Glimmora, F|100/100
|turn|1
|inactive|Battle timer is ON: inactive players will automatically lose when time's up. (requested by EpicBoost)
|inactive|V. Al Sorna also wants the timer to be on.
|
|t:|1760373142
|move|p1a: Cinderace|U-turn|p2a: Glimmora
|-resisted|p2a: Glimmora
|-damage|p2a: Glimmora|89/100
|-activate|p2a: Glimmora|ability: Toxic Debris
|-sidestart|p1: EpicBoost|move: Toxic Spikes
|
|t:|1760373145
|switch|p1a: Slowking|Slowking-Galar, M|100/100|[from] U-turn
|-sideend|p1: EpicBoost|move: Toxic Spikes|[of] p1a: Slowking
|move|p2a: Glimmora|Power Gem|p1a: Slowking
|-damage|p1a: Slowking|65/100
|
|upkeep
|turn|2
|
|t:|1760373155
|move|p2a: Glimmora|Earth Power|p1a: Slowking
|-supereffective|p1a: Slowking
|-enditem|p1a: Slowking|Shuca Berry|[eat]
|-enditem|p1a: Slowking|Shuca Berry|[weaken]
|-damage|p1a: Slowking|39/100
|-unboost|p1a: Slowking|spd|1
|move|p1a: Slowking|Future Sight|p2a: Glimmora
|-start|p1a: Slowking|move: Future Sight
|
|upkeep
|turn|3
|
|t:|1760373163
|switch|p1a: Alomomola|Alomomola, F|100/100
|move|p2a: Glimmora|Earth Power|p1a: Alomomola
|-damage|p1a: Alomomola|86/100
|
|upkeep
|turn|4
|
|t:|1760373167
|switch|p2a: Meowscarada|Meowscarada, F|100/100
|move|p1a: Alomomola|Flip Turn|p2a: Meowscarada
|-resisted|p2a: Meowscarada
|-damage|p2a: Meowscarada|87/100
|
|t:|1760373176
|switch|p1a: Lokix|Lokix, F|100/100|[from] Flip Turn
|
|-end|p2a: Meowscarada|move: Future Sight
|-immune|p2a: Meowscarada
|upkeep
|turn|5
|
|t:|1760373189
|move|p1a: Lokix|First Impression|p2a: Meowscarada
|-supereffective|p2a: Meowscarada
|-damage|p2a: Meowscarada|0 fnt
|faint|p2a: Meowscarada
|
|upkeep
|
|t:|1760373206
|switch|p2a: Zapdos|Zapdos|100/100
|turn|6
|
|t:|1760373214
|switch|p1a: Slowking|Slowking-Galar, M|73/100
|move|p2a: Zapdos|Ancient Power|p1a: Slowking
|-damage|p1a: Slowking|58/100
|
|upkeep
|turn|7
|
|t:|1760373219
|move|p2a: Zapdos|Discharge|p1a: Slowking
|-damage|p1a: Slowking|30/100
|-status|p1a: Slowking|par
|cant|p1a: Slowking|par
|
|upkeep
|turn|8
|
|t:|1760373228
|switch|p1a: Alomomola|Alomomola, F|100/100
|move|p2a: Zapdos|Hurricane|p1a: Alomomola
|-damage|p1a: Alomomola|76/100
|
|upkeep
|turn|9
|
|t:|1760373233
|move|p2a: Zapdos|Discharge|p1a: Alomomola
|-supereffective|p1a: Alomomola
|-damage|p1a: Alomomola|44/100
|move|p1a: Alomomola|Mirror Coat|p2a: Zapdos
|-damage|p2a: Zapdos|10/100
|
|-heal|p2a: Zapdos|16/100|[from] item: Leftovers
|upkeep
|turn|10
|
|t:|1760373241
|move|p2a: Zapdos|Roost|p2a: Zapdos
|-heal|p2a: Zapdos|66/100
|-singleturn|p2a: Zapdos|move: Roost
|move|p1a: Alomomola|Flip Turn|p2a: Zapdos
|-damage|p2a: Zapdos|53/100
|-status|p1a: Alomomola|par|[from] ability: Static|[of] p2a: Zapdos
|
|t:|1760373255
|switch|p1a: Enamorus|Enamorus, F|100/100|[from] Flip Turn
|
|-heal|p2a: Zapdos|59/100|[from] item: Leftovers
|upkeep
|turn|11
|
|t:|1760373261
|-terastallize|p1a: Enamorus|Stellar
|move|p1a: Enamorus|Tera Blast|p2a: Zapdos|[anim] Tera Blast Stellar
|-damage|p2a: Zapdos|13/100
|-boost|p1a: Enamorus|atk|1
|-boost|p1a: Enamorus|spa|1
|move|p2a: Zapdos|Roost|p2a: Zapdos
|-heal|p2a: Zapdos|63/100
|-singleturn|p2a: Zapdos|move: Roost
|
|-heal|p2a: Zapdos|69/100|[from] item: Leftovers
|upkeep
|turn|12
|
|t:|1760373272
|move|p1a: Enamorus|Tera Blast|p2a: Zapdos|[anim] Tera Blast Stellar
|-damage|p2a: Zapdos|12/100
|-boost|p1a: Enamorus|atk|1
|-boost|p1a: Enamorus|spa|1
|move|p2a: Zapdos|Discharge|p1a: Enamorus
|-supereffective|p1a: Enamorus
|-damage|p1a: Enamorus|7/100
|-status|p1a: Enamorus|par
|
|-heal|p2a: Zapdos|18/100|[from] item: Leftovers
|upkeep
|turn|13
|
|t:|1760373282
|move|p2a: Zapdos|Ancient Power|p1a: Enamorus
|-supereffective|p1a: Enamorus
|-damage|p1a: Enamorus|0 fnt
|faint|p1a: Enamorus
|
|-heal|p2a: Zapdos|24/100|[from] item: Leftovers
|upkeep
|
|t:|1760373297
|switch|p1a: Lokix|Lokix, F|100/100
|turn|14
|
|t:|1760373301
|move|p1a: Lokix|Knock Off|p2a: Zapdos
|-damage|p2a: Zapdos|0 fnt
|-enditem|p2a: Zapdos|Leftovers|[from] move: Knock Off|[of] p1a: Lokix
|faint|p2a: Zapdos
|
|upkeep
|
|t:|1760373329
|switch|p2a: Araquanid|Araquanid, F|100/100
|turn|15
|
|t:|1760373335
|switch|p1a: Alomomola|Alomomola, F|77/100 par
|move|p2a: Araquanid|Surf|p1a: Alomomola
|-resisted|p1a: Alomomola
|-damage|p1a: Alomomola|65/100 par
|
|upkeep
|turn|16
|
|t:|1760373345
|move|p2a: Araquanid|Ice Beam|p1a: Alomomola
|-resisted|p1a: Alomomola
|-damage|p1a: Alomomola|60/100 par
|cant|p1a: Alomomola|par
|
|upkeep
|turn|17
|
|t:|1760373359
|move|p2a: Araquanid|Surf|p1a: Alomomola
|-resisted|p1a: Alomomola
|-damage|p1a: Alomomola|48/100 par
|cant|p1a: Alomomola|par
|
|upkeep
|turn|18
|
|t:|1760373363
|move|p2a: Araquanid|Surf|p1a: Alomomola
|-resisted|p1a: Alomomola
|-damage|p1a: Alomomola|35/100 par
|move|p1a: Alomomola|Flip Turn|p2a: Araquanid
|-resisted|p2a: Araquanid
|-damage|p2a: Araquanid|93/100
|
|t:|1760373368
|switch|p1a: Slowking|Slowking-Galar, M|63/100 par|[from] Flip Turn
|
|upkeep
|turn|19
|
|t:|1760373375
|move|p2a: Araquanid|Surf|p1a: Slowking
|-damage|p1a: Slowking|18/100 par
|move|p1a: Slowking|Future Sight|p2a: Araquanid
|-start|p1a: Slowking|move: Future Sight
|
|upkeep
|turn|20
|
|t:|1760373378
|switch|p1a: Alomomola|Alomomola, F|69/100 par
|move|p2a: Araquanid|Surf|p1a: Alomomola
|-resisted|p1a: Alomomola
|-damage|p1a: Alomomola|56/100 par
|
|upkeep
|turn|21
|
|t:|1760373387
|move|p2a: Araquanid|Surf|p1a: Alomomola
|-resisted|p1a: Alomomola
|-crit|p1a: Alomomola
|-damage|p1a: Alomomola|37/100 par
|move|p1a: Alomomola|Mirror Coat|p2a: Araquanid
|-damage|p2a: Araquanid|34/100
|
|-end|p2a: Araquanid|move: Future Sight
|-damage|p2a: Araquanid|0 fnt
|faint|p2a: Araquanid
|upkeep
|
|t:|1760373395
|switch|p2a: Ceruledge|Ceruledge, F|100/100
|turn|22
|
|t:|1760373413
|switch|p1a: Great Tusk|Great Tusk|100/100
|move|p2a: Ceruledge|Swords Dance|p2a: Ceruledge
|-boost|p2a: Ceruledge|atk|2
|
|upkeep
|turn|23
|
|t:|1760373428
|move|p2a: Ceruledge|Close Combat|p1a: Great Tusk
|-damage|p1a: Great Tusk|54/100
|-unboost|p2a: Ceruledge|def|1
|-unboost|p2a: Ceruledge|spd|1
|move|p1a: Great Tusk|Earthquake|p2a: Ceruledge
|-supereffective|p2a: Ceruledge
|-enditem|p2a: Ceruledge|Focus Sash
|-damage|p2a: Ceruledge|1/100
|-ability|p2a: Ceruledge|Weak Armor|boost
|-unboost|p2a: Ceruledge|def|1
|-boost|p2a: Ceruledge|spe|2
|
|-heal|p1a: Great Tusk|60/100|[from] item: Leftovers
|upkeep
|turn|24
|
|t:|1760373438
|move|p2a: Ceruledge|Close Combat|p1a: Great Tusk
|-damage|p1a: Great Tusk|18/100
|-unboost|p2a: Ceruledge|def|1
|-unboost|p2a: Ceruledge|spd|1
|move|p1a: Great Tusk|Earthquake|p2a: Ceruledge
|-supereffective|p2a: Ceruledge
|-damage|p2a: Ceruledge|0 fnt
|faint|p2a: Ceruledge
|
|-heal|p1a: Great Tusk|24/100|[from] item: Leftovers
|upkeep
|
|t:|1760373442
|switch|p2a: Inteleon|Inteleon, M|100/100
|turn|25
|
|t:|1760373451
|-terastallize|p2a: Inteleon|Water
|move|p2a: Inteleon|Liquidation|p1a: Great Tusk
|-supereffective|p1a: Great Tusk
|-damage|p1a: Great Tusk|0 fnt
|faint|p1a: Great Tusk
|-end|p1a: Great Tusk|Protosynthesis|[silent]
|
|upkeep
|
|t:|1760373458
|switch|p1a: Lokix|Lokix, F|100/100
|turn|26
|
|t:|1760373464
|move|p1a: Lokix|First Impression|p2a: Inteleon
|-damage|p2a: Inteleon|0 fnt
|faint|p2a: Inteleon
|
|upkeep
|
|t:|1760373467
|switch|p2a: Glimmora|Glimmora, F|89/100
|turn|27
|
|t:|1760373472
|switch|p1a: Alomomola|Alomomola, F|71/100 par
|move|p2a: Glimmora|Power Gem|p1a: Alomomola
|-damage|p1a: Alomomola|50/100 par
|
|upkeep
|turn|28
|
|t:|1760373478
|move|p2a: Glimmora|Earth Power|p1a: Alomomola
|-damage|p1a: Alomomola|33/100 par
|cant|p1a: Alomomola|par
|
|upkeep
|turn|29
|
|t:|1760373483
|move|p2a: Glimmora|Earth Power|p1a: Alomomola
|-damage|p1a: Alomomola|18/100 par
|move|p1a: Alomomola|Mirror Coat|p2a: Glimmora
|-damage|p2a: Glimmora|37/100
|
|upkeep
|turn|30
|
|t:|1760373489
|switch|p1a: Slowking|Slowking-Galar, M|51/100 par
|move|p2a: Glimmora|Earth Power|p1a: Slowking
|-supereffective|p1a: Slowking
|-damage|p1a: Slowking|0 fnt
|faint|p1a: Slowking
|
|upkeep
|
|t:|1760373491
|switch|p1a: Alomomola|Alomomola, F|52/100 par
|turn|31
|
|t:|1760373496
|move|p2a: Glimmora|Mortal Spin|p1a: Alomomola
|-damage|p1a: Alomomola|48/100 par
|cant|p1a: Alomomola|par
|
|upkeep
|turn|32
|
|t:|1760373503
|move|p2a: Glimmora|Stealth Rock|p1a: Alomomola
|-sidestart|p1: EpicBoost|move: Stealth Rock
|move|p1a: Alomomola|Flip Turn|p2a: Glimmora
|-supereffective|p2a: Glimmora
|-damage|p2a: Glimmora|0 fnt
|-activate|p2a: Glimmora|ability: Toxic Debris
|-sidestart|p1: EpicBoost|move: Toxic Spikes
|faint|p2a: Glimmora
|
|win|EpicBoost
|raw|EpicBoost's rating: 1239 &rarr; <strong>1267</strong><br />(+28 for winning)
|raw|V. Al Sorna's rating: 1287 &rarr; <strong>1259</strong><br />(-28 for losing)
|l|☆V. Al Sorna
|player|p2|
|l|☆EpicBoost
|player|p1|
