|j|☆gateauaukebab
|j|☆3r34t45
|t:|1760455097
|gametype|singles
|player|p1|gateauaukebab|266|1496
|player|p2|3r34t45|169|1477
|gen|9
|tier|[Gen 9] OU
|rated|
|rule|HP Percentage Mod: HP is shown in percentages
|rule|Endless Battle Clause: Forcing endless battles is banned
|rule|Species Clause: Limit one of each Pokémon
|rule|OHKO Clause: OHKO moves are banned
|rule|Evasion Items Clause: Evasion items are banned
|rule|Evasion Moves Clause: Evasion moves are banned
|rule|Evasion Abilities Clause: Evasion abilities are banned
|rule|Sleep Moves Clause: Sleep-inducing moves are banned
|clearpoke
|poke|p1|Moltres|
|poke|p1|Scizor, F|
|poke|p1|Hoopa-Unbound|
|poke|p1|Iron Valiant|
|poke|p1|Great Tusk|
|poke|p1|Slowking-Galar, F|
|poke|p2|Metagross|
|poke|p2|Slowking-Galar, F|
|poke|p2|Hydrapple, F|
|poke|p2|Rotom-Frost|
|poke|p2|Great Tusk|
|poke|p2|Dragapult, M|
|teampreview
|inactive|Battle timer is ON: inactive players will automatically lose when time's up. (requested by 3r34t45)
|inactive|gateauaukebab also wants the timer to be on.
|
|t:|1760455105
|teamsize|p1|6
|teamsize|p2|6
|start
|switch|p1a: Great Tusk|Great Tusk|100/100
|switch|p2a: Metagross|Metagross|100/100
|turn|1
|
|t:|1760455108
|move|p1a: Great Tusk|Stealth Rock|p2a: Metagross
|-sidestart|p2: 3r34t45|move: Stealth Rock
|move|p2a: Metagross|Psychic Fangs|p1a: Great Tusk
|-supereffective|p1a: Great Tusk
|-damage|p1a: Great Tusk|49/100
|-damage|p2a: Metagross|84/100|[from] item: Rocky Helmet|[of] p1a: Great Tusk
|
|upkeep
|turn|2
|
|t:|1760455117
|-end|p1a: Great Tusk|Protosynthesis|[silent]
|switch|p1a: Moltres|Moltres|100/100
|switch|p2a: Great Tusk|Great Tusk|100/100
|-damage|p2a: Great Tusk|98/100|[from] Stealth Rock
|
|-heal|p2a: Great Tusk|100/100|[from] item: Leftovers
|upkeep
|turn|3
|
|t:|1760455122
|-terastallize|p2a: Great Tusk|Fire
|move|p2a: Great Tusk|Rapid Spin|p1a: Moltres
|-damage|p1a: Moltres|85/100
|-boost|p2a: Great Tusk|spe|1
|-sideend|p2: 3r34t45|Stealth Rock|[from] move: Rapid Spin|[of] p2a: Great Tusk
|move|p1a: Moltres|Air Slash|p2a: Great Tusk
|-damage|p2a: Great Tusk|32/100
|
|-heal|p2a: Great Tusk|38/100|[from] item: Leftovers
|upkeep
|turn|4
|
|t:|1760455138
|-end|p2a: Great Tusk|Protosynthesis|[silent]
|switch|p2a: Slowking|Slowking-Galar, F|100/100
|move|p1a: Moltres|Air Slash|p2a: Slowking
|-damage|p2a: Slowking|76/100
|
|-heal|p2a: Slowking|82/100|[from] item: Leftovers
|upkeep
|turn|5
|
|t:|1760455146
|move|p1a: Moltres|U-turn|p2a: Slowking
|-damage|p2a: Slowking|67/100
|
|t:|1760455148
|switch|p1a: Scizor|Scizor, F|100/100|[from] U-turn
|-prepare|p2a: Slowking|Chilly Reception|[premajor]
|move|p2a: Slowking|Chilly Reception|p2a: Slowking
|-weather|Snowscape
|
|t:|1760455154
|switch|p2a: Great Tusk|Great Tusk, tera:Fire|38/100|[from] Chilly Reception
|
|-weather|Snowscape|[upkeep]
|-heal|p2a: Great Tusk|44/100|[from] item: Leftovers
|upkeep
|turn|6
|
|t:|1760455161
|switch|p1a: Moltres|Moltres|85/100
|move|p2a: Great Tusk|Temper Flare|p1a: Moltres
|-resisted|p1a: Moltres
|-damage|p1a: Moltres|65/100
|
|-weather|Snowscape|[upkeep]
|-heal|p2a: Great Tusk|50/100|[from] item: Leftovers
|upkeep
|turn|7
|
|t:|1760455169
|-end|p2a: Great Tusk|Protosynthesis|[silent]
|switch|p2a: Slowking|Slowking-Galar, F|99/100
|move|p1a: Moltres|U-turn|p2a: Slowking
|-damage|p2a: Slowking|85/100
|
|t:|1760455175
|switch|p1a: Scizor|Scizor, F|100/100|[from] U-turn
|
|-weather|Snowscape|[upkeep]
|-heal|p2a: Slowking|91/100|[from] item: Leftovers
|upkeep
|turn|8
|
|t:|1760455177
|switch|p2a: Great Tusk|Great Tusk, tera:Fire|50/100
|move|p1a: Scizor|Knock Off|p2a: Great Tusk
|-damage|p2a: Great Tusk|10/100
|-enditem|p2a: Great Tusk|Leftovers|[from] move: Knock Off|[of] p1a: Scizor
|
|-weather|Snowscape|[upkeep]
|upkeep
|turn|9
|
|t:|1760455188
|-end|p2a: Great Tusk|Protosynthesis|[silent]
|switch|p2a: Slowking|Slowking-Galar, F|100/100
|switch|p1a: Moltres|Moltres|65/100
|
|-weather|none
|upkeep
|turn|10
|
|t:|1760455193
|move|p1a: Moltres|Roost|p1a: Moltres
|-heal|p1a: Moltres|100/100
|-singleturn|p1a: Moltres|move: Roost
|-prepare|p2a: Slowking|Chilly Reception|[premajor]
|move|p2a: Slowking|Chilly Reception|p2a: Slowking
|-weather|Snowscape
|
|t:|1760455196
|switch|p2a: Rotom|Rotom-Frost|100/100|[from] Chilly Reception
|
|-weather|Snowscape|[upkeep]
|upkeep
|turn|11
|
|t:|1760455202
|switch|p1a: Slowking|Slowking-Galar, F|100/100
|move|p2a: Rotom|Volt Switch|p1a: Slowking
|-damage|p1a: Slowking|81/100
|
|t:|1760455205
|switch|p2a: Metagross|Metagross|84/100|[from] Volt Switch
|
|-weather|Snowscape|[upkeep]
|upkeep
|turn|12
|
|t:|1760455208
|switch|p1a: Moltres|Moltres|100/100
|move|p2a: Metagross|Stealth Rock|p1a: Moltres
|-sidestart|p1: gateauaukebab|move: Stealth Rock
|
|-weather|Snowscape|[upkeep]
|upkeep
|turn|13
|
|t:|1760455217
|switch|p2a: Slowking|Slowking-Galar, F|100/100
|move|p1a: Moltres|U-turn|p2a: Slowking
|-damage|p2a: Slowking|85/100
|
|t:|1760455219
|switch|p1a: Great Tusk|Great Tusk|49/100|[from] U-turn
|-damage|p1a: Great Tusk|46/100|[from] Stealth Rock
|
|-weather|Snowscape|[upkeep]
|-heal|p2a: Slowking|91/100|[from] item: Leftovers
|upkeep
|turn|14
|
|t:|1760455222
|move|p1a: Great Tusk|Rapid Spin|p2a: Slowking
|-damage|p2a: Slowking|74/100
|-boost|p1a: Great Tusk|spe|1
|-sideend|p1: gateauaukebab|Stealth Rock|[from] move: Rapid Spin|[of] p1a: Great Tusk
|move|p2a: Slowking|Psychic|p1a: Great Tusk
|-supereffective|p1a: Great Tusk
|-damage|p1a: Great Tusk|0 fnt
|faint|p1a: Great Tusk
|-end|p1a: Great Tusk|Protosynthesis|[silent]
|
|-weather|none
|-heal|p2a: Slowking|80/100|[from] item: Leftovers
|upkeep
|
|t:|1760455229
|switch|p1a: Hoopa|Hoopa-Unbound|100/100
|turn|15
|
|t:|1760455239
|switch|p2a: Great Tusk|Great Tusk, tera:Fire|10/100
|move|p1a: Hoopa|Dark Pulse|p2a: Great Tusk
|-damage|p2a: Great Tusk|0 fnt
|faint|p2a: Great Tusk
|-end|p2a: Great Tusk|Protosynthesis|[silent]
|
|upkeep
|
|t:|1760455244
|switch|p2a: Dragapult|Dragapult, M|100/100
|turn|16
|
|t:|1760455255
|switch|p1a: Iron Valiant|Iron Valiant|100/100
|-enditem|p1a: Iron Valiant|Booster Energy
|-activate|p1a: Iron Valiant|ability: Quark Drive|[fromitem]
|-start|p1a: Iron Valiant|quarkdrivespe
|move|p2a: Dragapult|U-turn|p1a: Iron Valiant
|-resisted|p1a: Iron Valiant
|-damage|p1a: Iron Valiant|95/100
|
|t:|1760455258
|switch|p2a: Slowking|Slowking-Galar, F|100/100|[from] U-turn
|
|upkeep
|turn|17
|
|t:|1760455265
|move|p1a: Iron Valiant|Calm Mind|p1a: Iron Valiant
|-boost|p1a: Iron Valiant|spa|1
|-boost|p1a: Iron Valiant|spd|1
|move|p2a: Slowking|Sludge Bomb|p1a: Iron Valiant
|-supereffective|p1a: Iron Valiant
|-damage|p1a: Iron Valiant|20/100
|
|upkeep
|turn|18
|
|t:|1760455273
|-end|p1a: Iron Valiant|Quark Drive|[silent]
|switch|p1a: Scizor|Scizor, F|100/100
|move|p2a: Slowking|Psychic|p1a: Scizor
|-resisted|p1a: Scizor
|-damage|p1a: Scizor|82/100
|-unboost|p1a: Scizor|spd|1
|
|upkeep
|turn|19
|
|t:|1760455281
|move|p1a: Scizor|Knock Off|p2a: Slowking
|-supereffective|p2a: Slowking
|-damage|p2a: Slowking|0 fnt
|-enditem|p2a: Slowking|Leftovers|[from] move: Knock Off|[of] p1a: Scizor
|faint|p2a: Slowking
|
|upkeep
|
|t:|1760455285
|switch|p2a: Metagross|Metagross|84/100
|turn|20
|
|t:|1760455292
|switch|p1a: Moltres|Moltres|100/100
|move|p2a: Metagross|Stealth Rock|p1a: Moltres
|-sidestart|p1: gateauaukebab|move: Stealth Rock
|
|upkeep
|turn|21
|
|t:|1760455295
|switch|p2a: Rotom|Rotom-Frost|100/100
|move|p1a: Moltres|Flamethrower|p2a: Rotom
|-supereffective|p2a: Rotom
|-damage|p2a: Rotom|0 fnt
|faint|p2a: Rotom
|
|upkeep
|-message|3r34t45 forfeited.
|
|win|gateauaukebab
|raw|gateauaukebab's rating: 1496 &rarr; <strong>1515</strong><br />(+19 for winning)
|raw|3r34t45's rating: 1477 &rarr; <strong>1458</strong><br />(-19 for losing)
|l|☆3r34t45
|player|p2|
|l|☆gateauaukebab
|player|p1|
