|j|☆eadgar einheri
|j|‽YungWiiconnect24
|t:|1760451395
|gametype|singles
|player|p1|eadgar einheri|li|1059
|player|p2|YungWiiconnect24|lusamine-nihilego|1101
|gen|9
|tier|[Gen 9] OU
|rated|
|rule|HP Percentage Mod: HP is shown in percentages
|rule|Endless Battle Clause: Forcing endless battles is banned
|rule|Species Clause: Limit one of each Pokémon
|rule|OHKO Clause: OHKO moves are banned
|rule|Evasion Items Clause: Evasion items are banned
|rule|Evasion Moves Clause: Evasion moves are banned
|rule|Evasion Abilities Clause: Evasion abilities are banned
|rule|Sleep Moves Clause: Sleep-inducing moves are banned
|clearpoke
|poke|p1|Landorus-Therian, M|
|poke|p1|Heatran, M|
|poke|p1|Great Tusk|
|poke|p1|Slowking-Galar, F|
|poke|p1|Zapdos|
|poke|p1|Kyurem|
|poke|p2|Deoxys-Defense|
|poke|p2|Riolu, F|
|poke|p2|Forretress, M|
|poke|p2|Galvantula, M|
|poke|p2|Ditto|
|poke|p2|Revavroom, M|
|teampreview
|inactive|Battle timer is ON: inactive players will automatically lose when time's up. (requested by eadgar einheri)
|
|t:|1760451444
|teamsize|p1|6
|teamsize|p2|6
|start
|switch|p1a: Landorus|Landorus-Therian, M|100/100
|switch|p2a: Revavroom|Revavroom, M, shiny|100/100
|-ability|p1a: Landorus|Intimidate|boost
|-unboost|p2a: Revavroom|atk|1
|turn|1
|
|t:|1760451452
|switch|p2a: Forretress|Forretress, M, shiny|100/100
|-item|p2a: Forretress|Air Balloon
|move|p1a: Landorus|Earth Power|p2a: Forretress
|-immune|p2a: Forretress
|
|upkeep
|turn|2
|
|t:|1760451463
|move|p1a: Landorus|Taunt|p2a: Forretress
|-start|p2a: Forretress|move: Taunt
|cant|p2a: Forretress|move: Taunt|Stealth Rock
|
|upkeep
|turn|3
|
|t:|1760451493
|switch|p1a: Heatran|Heatran, M|100/100
|switch|p2a: Deoxys|Deoxys-Defense, shiny|100/100
|-ability|p2a: Deoxys|Pressure
|
|upkeep
|turn|4
|
|t:|1760451502
|move|p1a: Heatran|Will-O-Wisp|p2a: Deoxys|[miss]
|-miss|p1a: Heatran|p2a: Deoxys
|move|p2a: Deoxys|Cosmic Power|p2a: Deoxys
|-boost|p2a: Deoxys|def|1
|-boost|p2a: Deoxys|spd|1
|
|upkeep
|turn|5
|
|t:|1760451528
|move|p1a: Heatran|Will-O-Wisp|p2a: Deoxys|[miss]
|-miss|p1a: Heatran|p2a: Deoxys
|move|p2a: Deoxys|Cosmic Power|p2a: Deoxys
|-boost|p2a: Deoxys|def|1
|-boost|p2a: Deoxys|spd|1
|
|upkeep
|turn|6
|
|t:|1760451532
|move|p1a: Heatran|Will-O-Wisp|p2a: Deoxys|[miss]
|-miss|p1a: Heatran|p2a: Deoxys
|move|p2a: Deoxys|Cosmic Power|p2a: Deoxys
|-boost|p2a: Deoxys|def|1
|-boost|p2a: Deoxys|spd|1
|
|upkeep
|turn|7
|
|t:|1760451541
|move|p1a: Heatran|Taunt|p2a: Deoxys
|-start|p2a: Deoxys|move: Taunt
|cant|p2a: Deoxys|move: Taunt|Cosmic Power
|
|upkeep
|turn|8
|
|t:|1760451546
|move|p1a: Heatran|Will-O-Wisp|p2a: Deoxys|[miss]
|-miss|p1a: Heatran|p2a: Deoxys
|move|p2a: Deoxys|Drain Punch|p1a: Heatran
|-supereffective|p1a: Heatran
|-damage|p1a: Heatran|74/100
|
|-heal|p1a: Heatran|81/100|[from] item: Leftovers
|upkeep
|turn|9
|
|t:|1760451555
|move|p1a: Heatran|Will-O-Wisp|p2a: Deoxys
|-status|p2a: Deoxys|brn
|move|p2a: Deoxys|Stored Power|p1a: Heatran
|-resisted|p1a: Heatran
|-damage|p1a: Heatran|61/100
|
|-heal|p1a: Heatran|67/100|[from] item: Leftovers
|-damage|p2a: Deoxys|95/100 brn|[from] brn
|-end|p2a: Deoxys|move: Taunt
|upkeep
|turn|10
|c|☆eadgar einheri|First try
|
|t:|1760451572
|move|p1a: Heatran|Magma Storm|p2a: Deoxys
|-crit|p2a: Deoxys
|-damage|p2a: Deoxys|51/100 brn
|-activate|p2a: Deoxys|move: Magma Storm|[of] p1a: Heatran
|move|p2a: Deoxys|Drain Punch|p1a: Heatran
|-supereffective|p1a: Heatran
|-damage|p1a: Heatran|55/100
|-heal|p2a: Deoxys|58/100 brn|[from] drain|[of] p1a: Heatran
|
|-heal|p1a: Heatran|61/100|[from] item: Leftovers
|-damage|p2a: Deoxys|52/100 brn|[from] brn
|-damage|p2a: Deoxys|39/100 brn|[from] move: Magma Storm|[partiallytrapped]
|upkeep
|turn|11
|
|t:|1760451581
|move|p1a: Heatran|Magma Storm|p2a: Deoxys
|-damage|p2a: Deoxys|28/100 brn
|move|p2a: Deoxys|Recover|p2a: Deoxys
|-heal|p2a: Deoxys|78/100 brn
|
|-heal|p1a: Heatran|68/100|[from] item: Leftovers
|-damage|p2a: Deoxys|72/100 brn|[from] brn
|-damage|p2a: Deoxys|60/100 brn|[from] move: Magma Storm|[partiallytrapped]
|upkeep
|turn|12
|
|t:|1760451590
|move|p1a: Heatran|Earth Power|p2a: Deoxys
|-damage|p2a: Deoxys|52/100 brn
|move|p2a: Deoxys|Cosmic Power|p2a: Deoxys
|-boost|p2a: Deoxys|def|1
|-boost|p2a: Deoxys|spd|1
|
|-heal|p1a: Heatran|74/100|[from] item: Leftovers
|-damage|p2a: Deoxys|46/100 brn|[from] brn
|-damage|p2a: Deoxys|34/100 brn|[from] move: Magma Storm|[partiallytrapped]
|upkeep
|turn|13
|
|t:|1760451617
|move|p1a: Heatran|Taunt|p2a: Deoxys
|-start|p2a: Deoxys|move: Taunt
|move|p2a: Deoxys|Drain Punch|p1a: Heatran
|-supereffective|p1a: Heatran
|-damage|p1a: Heatran|60/100
|-heal|p2a: Deoxys|41/100 brn|[from] drain|[of] p1a: Heatran
|
|-heal|p1a: Heatran|66/100|[from] item: Leftovers
|-damage|p2a: Deoxys|35/100 brn|[from] brn
|-damage|p2a: Deoxys|23/100 brn|[from] move: Magma Storm|[partiallytrapped]
|upkeep
|turn|14
|
|t:|1760451636
|switch|p1a: Landorus|Landorus-Therian, M|100/100
|-ability|p1a: Landorus|Intimidate|boost
|-unboost|p2a: Deoxys|atk|1
|move|p2a: Deoxys|Stored Power|p1a: Landorus
|-damage|p1a: Landorus|49/100
|
|-damage|p2a: Deoxys|17/100 brn|[from] brn
|-end|p2a: Deoxys|Magma Storm|[partiallytrapped]|[silent]
|upkeep
|turn|15
|
|t:|1760451645
|move|p1a: Landorus|U-turn|p2a: Deoxys
|-supereffective|p2a: Deoxys
|-damage|p2a: Deoxys|7/100 brn
|-enditem|p2a: Deoxys|Weakness Policy
|-boost|p2a: Deoxys|atk|2|[from] item: Weakness Policy
|-boost|p2a: Deoxys|spa|2|[from] item: Weakness Policy
|
|t:|1760451653
|switch|p1a: Heatran|Heatran, M|66/100|[from] U-turn
|move|p2a: Deoxys|Stored Power|p1a: Heatran
|-resisted|p1a: Heatran
|-damage|p1a: Heatran|10/100
|
|-heal|p1a: Heatran|16/100|[from] item: Leftovers
|-damage|p2a: Deoxys|1/100 brn|[from] brn
|-end|p2a: Deoxys|move: Taunt
|upkeep
|turn|16
|
|t:|1760451661
|move|p1a: Heatran|Earth Power|p2a: Deoxys
|-damage|p2a: Deoxys|0 fnt
|faint|p2a: Deoxys
|
|-heal|p1a: Heatran|22/100|[from] item: Leftovers
|upkeep
|
|t:|1760451664
|switch|p2a: Galvantula|Galvantula, M|100/100
|turn|17
|
|t:|1760451672
|move|p2a: Galvantula|Thunder|p1a: Heatran
|-damage|p1a: Heatran|0 fnt
|faint|p1a: Heatran
|
|upkeep
|
|t:|1760451677
|switch|p1a: Landorus|Landorus-Therian, M|49/100
|-ability|p1a: Landorus|Intimidate|boost
|-unboost|p2a: Galvantula|atk|1
|turn|18
|
|t:|1760451680
|move|p2a: Galvantula|Energy Ball|p1a: Landorus
|-damage|p1a: Landorus|21/100
|move|p1a: Landorus|Earth Power|p2a: Galvantula
|-damage|p2a: Galvantula|38/100
|
|upkeep
|turn|19
|
|t:|1760451688
|move|p2a: Galvantula|Energy Ball|p1a: Landorus
|-damage|p1a: Landorus|0 fnt
|faint|p1a: Landorus
|
|upkeep
|
|t:|1760451702
|switch|p1a: Zapdos|Zapdos, shiny|100/100
|turn|20
|inactive|YungWiiconnect24 has 120 seconds left.
|inactive|YungWiiconnect24 has 90 seconds left.
|inactive|YungWiiconnect24 has 60 seconds left.
|
|t:|1760451820
|move|p2a: Galvantula|Thunder|p1a: Zapdos
|-crit|p1a: Zapdos
|-damage|p1a: Zapdos|28/100
|move|p1a: Zapdos|Hurricane|p2a: Galvantula
|-damage|p2a: Galvantula|0 fnt
|faint|p2a: Galvantula
|
|upkeep
|
|t:|1760451826
|switch|p2a: Forretress|Forretress, M, shiny|100/100
|-item|p2a: Forretress|Air Balloon
|turn|21
|
|t:|1760451832
|move|p1a: Zapdos|Thunder Wave|p2a: Forretress
|-status|p2a: Forretress|par
|move|p2a: Forretress|Stealth Rock|p1a: Zapdos
|-sidestart|p1: eadgar einheri|move: Stealth Rock
|
|upkeep
|turn|22
|
|t:|1760451836
|move|p1a: Zapdos|Roost|p1a: Zapdos
|-heal|p1a: Zapdos|78/100
|-singleturn|p1a: Zapdos|move: Roost
|move|p2a: Forretress|Spikes|p1a: Zapdos
|-sidestart|p1: eadgar einheri|Spikes
|
|upkeep
|turn|23
|
|t:|1760451844
|switch|p1a: Great Tusk|Great Tusk|100/100
|move|p2a: Forretress|Spikes|p1a: Great Tusk
|-sidestart|p1: eadgar einheri|Spikes
|
|upkeep
|turn|24
|
|t:|1760451854
|move|p1a: Great Tusk|Knock Off|p2a: Forretress
|-damage|p2a: Forretress|82/100 par
|-enditem|p2a: Forretress|Air Balloon
|cant|p2a: Forretress|par
|
|upkeep
|turn|25
|
|t:|1760451859
|move|p1a: Great Tusk|Rapid Spin|p2a: Forretress
|-resisted|p2a: Forretress
|-damage|p2a: Forretress|78/100 par
|-boost|p1a: Great Tusk|spe|1
|-sideend|p1: eadgar einheri|Spikes|[from] move: Rapid Spin|[of] p1a: Great Tusk
|-sideend|p1: eadgar einheri|Stealth Rock|[from] move: Rapid Spin|[of] p1a: Great Tusk
|cant|p2a: Forretress|par
|
|upkeep
|turn|26
|
|t:|1760451866
|move|p1a: Great Tusk|Headlong Rush|p2a: Forretress
|-damage|p2a: Forretress|45/100 par
|-unboost|p1a: Great Tusk|def|1
|-unboost|p1a: Great Tusk|spd|1
|move|p2a: Forretress|Explosion|p1a: Great Tusk
|-damage|p1a: Great Tusk|40/100
|faint|p2a: Forretress
|
|upkeep
|
|t:|1760451874
|switch|p2a: Revavroom|Revavroom, M, shiny|100/100
|turn|27
|
|t:|1760451885
|move|p1a: Great Tusk|Headlong Rush|p2a: Revavroom
|-supereffective|p2a: Revavroom
|-enditem|p2a: Revavroom|Focus Sash
|-damage|p2a: Revavroom|1/100
|-unboost|p1a: Great Tusk|def|1
|-unboost|p1a: Great Tusk|spd|1
|move|p2a: Revavroom|Shift Gear|p2a: Revavroom
|-boost|p2a: Revavroom|spe|2
|-boost|p2a: Revavroom|atk|1
|
|upkeep
|turn|28
|
|t:|1760451899
|move|p2a: Revavroom|Temper Flare|p1a: Great Tusk
|-damage|p1a: Great Tusk|0 fnt
|faint|p1a: Great Tusk
|-end|p1a: Great Tusk|Protosynthesis|[silent]
|
|upkeep
|
|t:|1760451908
|switch|p1a: Slowking|Slowking-Galar, F, shiny|100/100
|turn|29
|inactive|YungWiiconnect24 has 120 seconds left.
|
|t:|1760451926
|-terastallize|p1a: Slowking|Water
|move|p2a: Revavroom|High Horsepower|p1a: Slowking
|-crit|p1a: Slowking
|-damage|p1a: Slowking|32/100
|move|p1a: Slowking|Psychic Noise|p2a: Revavroom
|-damage|p2a: Revavroom|0 fnt
|faint|p2a: Revavroom
|
|upkeep
|
|t:|1760451932
|switch|p2a: Ditto|Ditto|100/100
|-transform|p2a: Ditto|p1a: Slowking|[from] ability: Imposter
|-start|p2a: Ditto|typechange|Poison/Psychic|[silent]
|turn|30
|
|t:|1760451936
|move|p2a: Ditto|Sludge Bomb|p1a: Slowking
|-damage|p1a: Slowking|13/100
|move|p1a: Slowking|Psychic Noise|p2a: Ditto
|-damage|p2a: Ditto|79/100
|-start|p2a: Ditto|move: Heal Block
|
|upkeep
|turn|31
|
|t:|1760451944
|move|p2a: Ditto|Sludge Bomb|p1a: Slowking
|-damage|p1a: Slowking|0 fnt
|faint|p1a: Slowking
|
|-end|p2a: Ditto|move: Heal Block
|upkeep
|
|t:|1760451954
|switch|p1a: Zapdos|Zapdos, shiny|78/100
|turn|32
|
|t:|1760451956
|move|p1a: Zapdos|Thunder Wave|p2a: Ditto|[miss]
|-miss|p1a: Zapdos|p2a: Ditto
|move|p2a: Ditto|Sludge Bomb|p1a: Zapdos
|-damage|p1a: Zapdos|44/100
|-status|p1a: Zapdos|psn
|
|-damage|p1a: Zapdos|32/100 psn|[from] psn
|upkeep
|turn|33
|
|t:|1760451963
|move|p1a: Zapdos|Thunder Wave|p2a: Ditto
|-status|p2a: Ditto|par
|cant|p2a: Ditto|par
|
|-damage|p1a: Zapdos|19/100 psn|[from] psn
|upkeep
|turn|34
|
|t:|1760451968
|move|p1a: Zapdos|Roost|p1a: Zapdos
|-heal|p1a: Zapdos|69/100 psn
|-singleturn|p1a: Zapdos|move: Roost
|move|p2a: Ditto|Sludge Bomb|p1a: Zapdos
|-crit|p1a: Zapdos
|-damage|p1a: Zapdos|21/100 psn
|
|-damage|p1a: Zapdos|9/100 psn|[from] psn
|upkeep
|turn|35
|
|t:|1760451977
|move|p1a: Zapdos|Hurricane|p2a: Ditto
|-damage|p2a: Ditto|40/100 par
|cant|p2a: Ditto|par
|
|-damage|p1a: Zapdos|0 fnt|[from] psn
|faint|p1a: Zapdos
|upkeep
|
|t:|1760451985
|switch|p1a: Kyurem|Kyurem, shiny|100/100
|-ability|p1a: Kyurem|Pressure
|turn|36
|
|t:|1760451996
|move|p1a: Kyurem|Earth Power|p2a: Ditto
|-supereffective|p2a: Ditto
|-damage|p2a: Ditto|0 fnt
|faint|p2a: Ditto
|
|upkeep
|
|t:|1760451998
|switch|p2a: Riolu|Riolu, F, shiny|100/100
|turn|37
|
|t:|1760452006
|-terastallize|p2a: Riolu|Flying
|move|p1a: Kyurem|Earth Power|p2a: Riolu
|-immune|p2a: Riolu
|move|p2a: Riolu|Dig||[still]
|-prepare|p2a: Riolu|Dig
|
|upkeep
|turn|38
|
|t:|1760452013
|move|p1a: Kyurem|Earth Power|p2a: Riolu|[miss]
|-miss|p1a: Kyurem|p2a: Riolu
|move|p2a: Riolu|Dig|p1a: Kyurem|[from] lockedmove
|-damage|p1a: Kyurem|80/100
|
|upkeep
|turn|39
|
|t:|1760452016
|move|p2a: Riolu|Copycat|p2a: Riolu
|move|p2a: Riolu|Dig||[from] move: Copycat|[still]
|-prepare|p2a: Riolu|Dig
|move|p1a: Kyurem|Earth Power|p2a: Riolu|[miss]
|-miss|p1a: Kyurem|p2a: Riolu
|
|upkeep
|turn|40
|
|t:|1760452021
|move|p1a: Kyurem|Earth Power|p2a: Riolu|[miss]
|-miss|p1a: Kyurem|p2a: Riolu
|move|p2a: Riolu|Dig|p1a: Kyurem|[from] lockedmove
|-damage|p1a: Kyurem|61/100
|
|upkeep
|turn|41
|
|t:|1760452024
|move|p2a: Riolu|Copycat|p2a: Riolu
|move|p2a: Riolu|Dig||[from] move: Copycat|[still]
|-prepare|p2a: Riolu|Dig
|move|p1a: Kyurem|Earth Power|p2a: Riolu|[miss]
|-miss|p1a: Kyurem|p2a: Riolu
|
|upkeep
|turn|42
|
|t:|1760452027
|move|p1a: Kyurem|Earth Power|p2a: Riolu|[miss]
|-miss|p1a: Kyurem|p2a: Riolu
|move|p2a: Riolu|Dig|p1a: Kyurem|[from] lockedmove
|-damage|p1a: Kyurem|40/100
|
|upkeep
|turn|43
|
|t:|1760452029
|move|p2a: Riolu|Copycat|p2a: Riolu
|move|p2a: Riolu|Dig||[from] move: Copycat|[still]
|-prepare|p2a: Riolu|Dig
|move|p1a: Kyurem|Earth Power|p2a: Riolu|[miss]
|-miss|p1a: Kyurem|p2a: Riolu
|
|upkeep
|turn|44
|
|t:|1760452033
|move|p1a: Kyurem|Earth Power|p2a: Riolu|[miss]
|-miss|p1a: Kyurem|p2a: Riolu
|move|p2a: Riolu|Dig|p1a: Kyurem|[from] lockedmove
|-damage|p1a: Kyurem|20/100
|
|upkeep
|turn|45
|
|t:|1760452035
|move|p2a: Riolu|Copycat|p2a: Riolu
|move|p2a: Riolu|Dig||[from] move: Copycat|[still]
|-prepare|p2a: Riolu|Dig
|move|p1a: Kyurem|Earth Power|p2a: Riolu|[miss]
|-miss|p1a: Kyurem|p2a: Riolu
|
|upkeep
|turn|46
|
|t:|1760452039
|move|p1a: Kyurem|Earth Power|p2a: Riolu|[miss]
|-miss|p1a: Kyurem|p2a: Riolu
|move|p2a: Riolu|Dig|p1a: Kyurem|[from] lockedmove
|-damage|p1a: Kyurem|0 fnt
|faint|p1a: Kyurem
|
|win|YungWiiconnect24
|raw|eadgar einheri's rating: 1059 &rarr; <strong>1042</strong><br />(-17 for losing)
|raw|YungWiiconnect24's rating: 1101 &rarr; <strong>1123</strong><br />(+22 for winning)
|l|☆eadgar einheri
|player|p1|
|l|‽YungWiiconnect24
|player|p2|
