|j|☆deadlifts23
|j|☆murphyd8
|t:|1760429025
|gametype|singles
|player|p1|deadlifts23|170|1376
|player|p2|murphyd8|roughneck|1384
|gen|9
|tier|[Gen 9] OU
|rated|
|rule|HP Percentage Mod: HP is shown in percentages
|rule|Endless Battle Clause: Forcing endless battles is banned
|rule|Species Clause: Limit one of each Pokémon
|rule|OHKO Clause: OHKO moves are banned
|rule|Evasion Items Clause: Evasion items are banned
|rule|Evasion Moves Clause: Evasion moves are banned
|rule|Evasion Abilities Clause: Evasion abilities are banned
|rule|Sleep Moves Clause: Sleep-inducing moves are banned
|clearpoke
|poke|p1|Landorus-Therian, M|
|poke|p1|Zapdos|
|poke|p1|Volcanion|
|poke|p1|Tyranitar, M|
|poke|p1|Darkrai|
|poke|p1|Cinderace, M|
|poke|p2|Zamazenta-*|
|poke|p2|Raging Bolt|
|poke|p2|Dragonite, F|
|poke|p2|Araquanid, M|
|poke|p2|Iron Moth|
|poke|p2|Gholdengo|
|teampreview
|inactive|Battle timer is ON: inactive players will automatically lose when time's up. (requested by murphyd8)
|
|t:|1760429044
|teamsize|p1|6
|teamsize|p2|6
|start
|switch|p1a: Tyranitar|Tyranitar, M|100/100
|switch|p2a: Araquanid|Araquanid, M, shiny|100/100
|-weather|Sandstorm|[from] ability: Sand Stream|[of] p1a: Tyranitar
|turn|1
|
|t:|1760429060
|-terastallize|p1a: Tyranitar|Rock
|move|p1a: Tyranitar|Stone Edge|p2a: Araquanid
|-supereffective|p2a: Araquanid
|-crit|p2a: Araquanid
|-damage|p2a: Araquanid|0 fnt
|faint|p2a: Araquanid
|
|-weather|Sandstorm|[upkeep]
|upkeep
|
|t:|1760429065
|switch|p2a: Zamazenta|Zamazenta|100/100
|-ability|p2a: Zamazenta|Dauntless Shield|boost
|-boost|p2a: Zamazenta|def|1
|turn|2
|
|t:|1760429068
|switch|p1a: Landorus|Landorus-Therian, M|100/100
|-ability|p1a: Landorus|Intimidate|boost
|-unboost|p2a: Zamazenta|atk|1
|move|p2a: Zamazenta|Body Press|p1a: Landorus
|-resisted|p1a: Landorus
|-damage|p1a: Landorus|83/100
|-damage|p2a: Zamazenta|84/100|[from] item: Rocky Helmet|[of] p1a: Landorus
|
|-weather|Sandstorm|[upkeep]
|-damage|p2a: Zamazenta|78/100|[from] Sandstorm
|-heal|p2a: Zamazenta|84/100|[from] item: Leftovers
|upkeep
|turn|3
|
|t:|1760429072
|switch|p2a: Gholdengo|Gholdengo|100/100
|-item|p2a: Gholdengo|Air Balloon
|move|p1a: Landorus|Stealth Rock|p2a: Gholdengo
|-sidestart|p2: murphyd8|move: Stealth Rock
|
|-weather|Sandstorm|[upkeep]
|upkeep
|turn|4
|
|t:|1760429077
|move|p2a: Gholdengo|Hex|p1a: Landorus
|-damage|p1a: Landorus|57/100
|move|p1a: Landorus|U-turn|p2a: Gholdengo
|-resisted|p2a: Gholdengo
|-damage|p2a: Gholdengo|97/100
|-enditem|p2a: Gholdengo|Air Balloon
|
|t:|1760429083
|switch|p1a: Volcanion|Volcanion|100/100|[from] U-turn
|
|-weather|Sandstorm|[upkeep]
|-damage|p1a: Volcanion|94/100|[from] Sandstorm
|upkeep
|turn|5
|
|t:|1760429086
|move|p2a: Gholdengo|Thunder Wave|p1a: Volcanion
|-status|p1a: Volcanion|par
|move|p1a: Volcanion|Flamethrower|p2a: Gholdengo
|-supereffective|p2a: Gholdengo
|-damage|p2a: Gholdengo|3/100
|
|-weather|none
|upkeep
|turn|6
|
|t:|1760429098
|move|p2a: Gholdengo|Hex|p1a: Volcanion
|-damage|p1a: Volcanion|54/100 par
|cant|p1a: Volcanion|par
|
|upkeep
|turn|7
|
|t:|1760429106
|move|p2a: Gholdengo|Hex|p1a: Volcanion
|-damage|p1a: Volcanion|15/100 par
|move|p1a: Volcanion|Flamethrower|p2a: Gholdengo
|-supereffective|p2a: Gholdengo
|-damage|p2a: Gholdengo|0 fnt
|faint|p2a: Gholdengo
|
|upkeep
|
|t:|1760429116
|switch|p2a: Raging Bolt|Raging Bolt|100/100
|-damage|p2a: Raging Bolt|88/100|[from] Stealth Rock
|-enditem|p2a: Raging Bolt|Booster Energy
|-activate|p2a: Raging Bolt|ability: Protosynthesis|[fromitem]
|-start|p2a: Raging Bolt|protosynthesisspa
|turn|8
|
|t:|1760429119
|move|p2a: Raging Bolt|Dragon Pulse|p1a: Volcanion
|-damage|p1a: Volcanion|0 fnt
|faint|p1a: Volcanion
|
|upkeep
|
|t:|1760429122
|switch|p1a: Tyranitar|Tyranitar, M, tera:Rock|100/100
|-weather|Sandstorm|[from] ability: Sand Stream|[of] p1a: Tyranitar
|turn|9
|
|t:|1760429124
|move|p2a: Raging Bolt|Thunderbolt|p1a: Tyranitar
|-damage|p1a: Tyranitar|72/100
|move|p1a: Tyranitar|Stone Edge|p2a: Raging Bolt
|-damage|p2a: Raging Bolt|13/100
|
|-weather|Sandstorm|[upkeep]
|-damage|p2a: Raging Bolt|7/100|[from] Sandstorm
|upkeep
|turn|10
|-message|murphyd8 forfeited.
|
|win|deadlifts23
|raw|deadlifts23's rating: 1392 &rarr; <strong>1412</strong><br />(+20 for winning)
|raw|murphyd8's rating: 1384 &rarr; <strong>1364</strong><br />(-20 for losing)
|l|☆murphyd8
|player|p2|
|l|☆deadlifts23
|player|p1|
