|j|☆oirgor
|j|☆flygonisdragon
|t:|1760410391
|gametype|singles
|player|p1|oirgor|red|1496
|player|p2|flygonisdragon|serena-masters|1520
|gen|9
|tier|[Gen 9] OU
|rated|
|rule|HP Percentage Mod: HP is shown in percentages
|rule|Endless Battle Clause: Forcing endless battles is banned
|rule|Species Clause: Limit one of each Pokémon
|rule|OHKO Clause: OHKO moves are banned
|rule|Evasion Items Clause: Evasion items are banned
|rule|Evasion Moves Clause: Evasion moves are banned
|rule|Evasion Abilities Clause: Evasion abilities are banned
|rule|Sleep Moves Clause: Sleep-inducing moves are banned
|clearpoke
|poke|p1|Kingambit, F|
|poke|p1|Cinderace, F|
|poke|p1|Landorus-Therian, M|
|poke|p1|Iron Valiant|
|poke|p1|Kyurem|
|poke|p1|Slowking-Galar, M|
|poke|p2|Heatran, M|
|poke|p2|Corviknight, M|
|poke|p2|Ursaluna, F|
|poke|p2|Clefable, M|
|poke|p2|Dragapult, F|
|poke|p2|Zamazenta-*|
|teampreview
|inactive|Battle timer is ON: inactive players will automatically lose when time's up. (requested by oirgor)
|inactive|flygonisdragon has 120 seconds left.
|
|t:|1760410435
|teamsize|p1|6
|teamsize|p2|6
|start
|switch|p1a: Landorus|Landorus-Therian, M, shiny|100/100
|switch|p2a: Ursaluna|Ursaluna, F|100/100
|-ability|p1a: Landorus|Intimidate|boost
|-unboost|p2a: Ursaluna|atk|1
|turn|1
|
|t:|1760410443
|switch|p2a: Corviknight|Corviknight, M|100/100
|-ability|p2a: Corviknight|Pressure
|move|p1a: Landorus|U-turn|p2a: Corviknight
|-resisted|p2a: Corviknight
|-damage|p2a: Corviknight|97/100
|-damage|p1a: Landorus|84/100|[from] item: Rocky Helmet|[of] p2a: Corviknight
|
|t:|1760410463
|switch|p1a: Slowking|Slowking-Galar, M, shiny|100/100|[from] U-turn
|
|upkeep
|turn|2
|
|t:|1760410473
|switch|p2a: Heatran|Heatran, M|100/100
|-prepare|p1a: Slowking|Chilly Reception|[premajor]
|move|p1a: Slowking|Chilly Reception|p1a: Slowking
|-weather|Snowscape
|
|t:|1760410486
|switch|p1a: Kyurem|Kyurem, shiny|100/100|[from] Chilly Reception
|-ability|p1a: Kyurem|Pressure
|
|-weather|Snowscape|[upkeep]
|upkeep
|turn|3
|
|t:|1760410506
|switch|p2a: Corviknight|Corviknight, M|97/100
|-ability|p2a: Corviknight|Pressure
|move|p1a: Kyurem|Substitute|p1a: Kyurem
|-start|p1a: Kyurem|Substitute
|-damage|p1a: Kyurem|76/100
|
|-weather|Snowscape|[upkeep]
|-heal|p1a: Kyurem|82/100|[from] item: Leftovers
|upkeep
|turn|4
|
|t:|1760410521
|move|p1a: Kyurem|Freeze-Dry|p2a: Corviknight
|-damage|p2a: Corviknight|63/100
|move|p2a: Corviknight|U-turn|p1a: Kyurem
|-activate|p1a: Kyurem|move: Substitute|[damage]
|
|t:|1760410524
|switch|p2a: Dragapult|Dragapult, F|100/100|[from] U-turn
|
|-weather|Snowscape|[upkeep]
|-heal|p1a: Kyurem|88/100|[from] item: Leftovers
|upkeep
|turn|5
|
|t:|1760410528
|move|p1a: Kyurem|Protect|p1a: Kyurem
|-singleturn|p1a: Kyurem|Protect
|move|p2a: Dragapult|Draco Meteor|p1a: Kyurem
|-activate|p1a: Kyurem|move: Protect
|
|-weather|Snowscape|[upkeep]
|-heal|p1a: Kyurem|94/100|[from] item: Leftovers
|upkeep
|turn|6
|
|t:|1760410531
|switch|p1a: Slowking|Slowking-Galar, M, shiny|100/100
|move|p2a: Dragapult|Draco Meteor|p1a: Slowking
|-damage|p1a: Slowking|49/100
|-unboost|p2a: Dragapult|spa|2
|
|-weather|none
|upkeep
|turn|7
|
|t:|1760410538
|switch|p2a: Ursaluna|Ursaluna, F|100/100
|-prepare|p1a: Slowking|Chilly Reception|[premajor]
|move|p1a: Slowking|Chilly Reception|p1a: Slowking
|-weather|Snowscape
|
|t:|1760410547
|switch|p1a: Kyurem|Kyurem, shiny|94/100|[from] Chilly Reception
|-ability|p1a: Kyurem|Pressure
|
|-weather|Snowscape|[upkeep]
|-heal|p1a: Kyurem|99/100|[from] item: Leftovers
|upkeep
|turn|8
|
|t:|1760410551
|move|p1a: Kyurem|Freeze-Dry|p2a: Ursaluna
|-supereffective|p2a: Ursaluna
|-damage|p2a: Ursaluna|56/100
|move|p2a: Ursaluna|Close Combat|p1a: Kyurem
|-supereffective|p1a: Kyurem
|-crit|p1a: Kyurem
|-damage|p1a: Kyurem|16/100
|-unboost|p2a: Ursaluna|def|1
|-unboost|p2a: Ursaluna|spd|1
|
|-weather|Snowscape|[upkeep]
|-heal|p1a: Kyurem|22/100|[from] item: Leftovers
|upkeep
|turn|9
|inactive|oirgor has 120 seconds left.
|inactive|flygonisdragon has 120 seconds left.
|
|t:|1760410586
|switch|p2a: Clefable|Clefable, M|100/100
|move|p1a: Kyurem|Freeze-Dry|p2a: Clefable
|-damage|p2a: Clefable|68/100
|
|-weather|Snowscape|[upkeep]
|-heal|p1a: Kyurem|29/100|[from] item: Leftovers
|upkeep
|turn|10
|
|t:|1760410589
|move|p1a: Kyurem|Protect|p1a: Kyurem
|-singleturn|p1a: Kyurem|Protect
|move|p2a: Clefable|Moonblast|p1a: Kyurem
|-activate|p1a: Kyurem|move: Protect
|
|-weather|Snowscape|[upkeep]
|-heal|p1a: Kyurem|35/100|[from] item: Leftovers
|upkeep
|turn|11
|
|t:|1760410593
|switch|p1a: Slowking|Slowking-Galar, M, shiny|82/100
|move|p2a: Clefable|Moonblast|p1a: Slowking
|-resisted|p1a: Slowking
|-damage|p1a: Slowking|73/100
|-unboost|p1a: Slowking|spa|1
|
|-weather|none
|upkeep
|turn|12
|
|t:|1760410611
|switch|p2a: Dragapult|Dragapult, F|100/100
|move|p1a: Slowking|Thunder Wave|p2a: Dragapult
|-status|p2a: Dragapult|par
|
|upkeep
|turn|13
|inactive|oirgor has 120 seconds left.
|
|t:|1760410652
|cant|p2a: Dragapult|par
|-prepare|p1a: Slowking|Chilly Reception|[premajor]
|move|p1a: Slowking|Chilly Reception|p1a: Slowking
|-weather|Snowscape
|
|t:|1760410655
|switch|p1a: Kingambit|Kingambit, F|100/100|[from] Chilly Reception
|
|-weather|Snowscape|[upkeep]
|upkeep
|turn|14
|inactive|oirgor has 120 seconds left.
|
|t:|1760410670
|-end|p1a: Kingambit|fallenundefined|[silent]
|switch|p1a: Kyurem|Kyurem, shiny|35/100
|-ability|p1a: Kyurem|Pressure
|move|p2a: Dragapult|Flamethrower|p1a: Kyurem
|-damage|p1a: Kyurem|0 fnt
|faint|p1a: Kyurem
|
|-weather|Snowscape|[upkeep]
|upkeep
|
|t:|1760410676
|switch|p1a: Kingambit|Kingambit, F|100/100
|-activate|p1a: Kingambit|ability: Supreme Overlord
|-start|p1a: Kingambit|fallen1|[silent]
|turn|15
|
|t:|1760410690
|switch|p2a: Zamazenta|Zamazenta|100/100
|-ability|p2a: Zamazenta|Dauntless Shield|boost
|-boost|p2a: Zamazenta|def|1
|move|p1a: Kingambit|Swords Dance|p1a: Kingambit
|-boost|p1a: Kingambit|atk|2
|
|-weather|Snowscape|[upkeep]
|upkeep
|turn|16
|
|t:|1760410702
|-end|p1a: Kingambit|fallen1|[silent]
|switch|p1a: Landorus|Landorus-Therian, M, shiny|84/100
|-ability|p1a: Landorus|Intimidate|boost
|-unboost|p2a: Zamazenta|atk|1
|move|p2a: Zamazenta|Body Press|p1a: Landorus
|-resisted|p1a: Landorus
|-damage|p1a: Landorus|60/100
|-damage|p2a: Zamazenta|84/100|[from] item: Rocky Helmet|[of] p1a: Landorus
|
|-weather|Snowscape|[upkeep]
|-heal|p2a: Zamazenta|90/100|[from] item: Leftovers
|upkeep
|turn|17
|
|t:|1760410710
|switch|p2a: Corviknight|Corviknight, M|63/100
|-ability|p2a: Corviknight|Pressure
|move|p1a: Landorus|U-turn|p2a: Corviknight
|-resisted|p2a: Corviknight
|-damage|p2a: Corviknight|59/100
|-damage|p1a: Landorus|43/100|[from] item: Rocky Helmet|[of] p2a: Corviknight
|
|t:|1760410719
|switch|p1a: Cinderace|Cinderace, F, shiny|100/100|[from] U-turn
|
|-weather|none
|upkeep
|turn|18
|
|t:|1760410728
|switch|p2a: Heatran|Heatran, M|100/100
|move|p1a: Cinderace|Pyro Ball|p2a: Heatran
|-start|p2a: Heatran|ability: Flash Fire
|
|upkeep
|turn|19
|
|t:|1760410731
|move|p1a: Cinderace|U-turn|p2a: Heatran
|-resisted|p2a: Heatran
|-damage|p2a: Heatran|97/100
|
|t:|1760410734
|switch|p1a: Slowking|Slowking-Galar, M, shiny|100/100|[from] U-turn
|move|p2a: Heatran|Stealth Rock|p1a: Slowking
|-sidestart|p1: oirgor|move: Stealth Rock
|
|-heal|p2a: Heatran|100/100|[from] item: Leftovers
|upkeep
|turn|20
|
|t:|1760410738
|move|p2a: Heatran|Magma Storm|p1a: Slowking
|-damage|p1a: Slowking|61/100
|-activate|p1a: Slowking|move: Magma Storm|[of] p2a: Heatran
|-prepare|p1a: Slowking|Chilly Reception|[premajor]
|move|p1a: Slowking|Chilly Reception|p1a: Slowking
|-weather|Snowscape
|
|t:|1760410745
|switch|p1a: Iron Valiant|Iron Valiant|100/100|[from] Chilly Reception
|-damage|p1a: Iron Valiant|94/100|[from] Stealth Rock
|-enditem|p1a: Iron Valiant|Booster Energy
|-activate|p1a: Iron Valiant|ability: Quark Drive|[fromitem]
|-start|p1a: Iron Valiant|quarkdrivespe
|
|-weather|Snowscape|[upkeep]
|upkeep
|turn|21
|
|t:|1760410752
|-terastallize|p2a: Heatran|Grass
|move|p1a: Iron Valiant|Calm Mind|p1a: Iron Valiant
|-boost|p1a: Iron Valiant|spa|1
|-boost|p1a: Iron Valiant|spd|1
|move|p2a: Heatran|Magma Storm|p1a: Iron Valiant
|-damage|p1a: Iron Valiant|18/100
|-activate|p1a: Iron Valiant|move: Magma Storm|[of] p2a: Heatran
|
|-weather|Snowscape|[upkeep]
|-damage|p1a: Iron Valiant|6/100|[from] move: Magma Storm|[partiallytrapped]
|upkeep
|turn|22
|
|t:|1760410762
|move|p1a: Iron Valiant|Moonblast|p2a: Heatran
|-damage|p2a: Heatran|58/100
|-unboost|p2a: Heatran|spa|1
|move|p2a: Heatran|Earth Power|p1a: Iron Valiant
|-damage|p1a: Iron Valiant|0 fnt
|faint|p1a: Iron Valiant
|-end|p1a: Iron Valiant|Quark Drive|[silent]
|
|-weather|Snowscape|[upkeep]
|-heal|p2a: Heatran|64/100|[from] item: Leftovers
|upkeep
|
|t:|1760410770
|switch|p1a: Cinderace|Cinderace, F, shiny|100/100
|turn|23
|
|t:|1760410774
|move|p1a: Cinderace|U-turn|p2a: Heatran
|-supereffective|p2a: Heatran
|-crit|p2a: Heatran
|-damage|p2a: Heatran|18/100
|
|t:|1760410777
|switch|p1a: Slowking|Slowking-Galar, M, shiny|95/100|[from] U-turn
|move|p2a: Heatran|Magma Storm|p1a: Slowking
|-damage|p1a: Slowking|71/100
|-activate|p1a: Slowking|move: Magma Storm|[of] p2a: Heatran
|
|-weather|Snowscape|[upkeep]
|-heal|p2a: Heatran|25/100|[from] item: Leftovers
|-damage|p1a: Slowking|58/100|[from] move: Magma Storm|[partiallytrapped]
|upkeep
|turn|24
|
|t:|1760410786
|move|p2a: Heatran|Earth Power|p1a: Slowking
|-supereffective|p1a: Slowking
|-damage|p1a: Slowking|39/100
|move|p1a: Slowking|Sludge Bomb|p2a: Heatran
|-supereffective|p2a: Heatran
|-damage|p2a: Heatran|0 fnt
|faint|p2a: Heatran
|
|-weather|none
|-end|p1a: Slowking|Magma Storm|[partiallytrapped]|[silent]
|upkeep
|inactive|flygonisdragon has 120 seconds left.
|
|t:|1760410823
|switch|p2a: Ursaluna|Ursaluna, F|56/100
|turn|25
|
|t:|1760410827
|switch|p1a: Landorus|Landorus-Therian, M, shiny|43/100
|-damage|p1a: Landorus|31/100|[from] Stealth Rock
|-ability|p1a: Landorus|Intimidate|boost
|-unboost|p2a: Ursaluna|atk|1
|move|p2a: Ursaluna|Stone Edge|p1a: Landorus|[miss]
|-miss|p2a: Ursaluna|p1a: Landorus
|
|upkeep
|turn|26
|
|t:|1760410838
|switch|p2a: Corviknight|Corviknight, M|59/100
|-ability|p2a: Corviknight|Pressure
|move|p1a: Landorus|Rock Tomb|p2a: Corviknight|[miss]
|-miss|p1a: Landorus|p2a: Corviknight
|
|upkeep
|turn|27
|
|t:|1760410845
|move|p1a: Landorus|Taunt|p2a: Corviknight
|-start|p2a: Corviknight|move: Taunt
|cant|p2a: Corviknight|move: Taunt|Roost
|
|upkeep
|turn|28
|
|t:|1760410848
|move|p1a: Landorus|Rock Tomb|p2a: Corviknight
|-damage|p2a: Corviknight|48/100
|-unboost|p2a: Corviknight|spe|1
|move|p2a: Corviknight|Brave Bird|p1a: Landorus
|-damage|p1a: Landorus|0 fnt
|-damage|p2a: Corviknight|31/100|[from] item: Rocky Helmet|[of] p1a: Landorus
|faint|p1a: Landorus
|-damage|p2a: Corviknight|23/100|[from] Recoil
|
|upkeep
|
|t:|1760410866
|switch|p1a: Cinderace|Cinderace, F, shiny|100/100
|turn|29
|
|t:|1760410888
|switch|p2a: Ursaluna|Ursaluna, F|56/100
|move|p1a: Cinderace|Pyro Ball|p2a: Ursaluna
|-immune|p2a: Ursaluna|[from] ability: Bulletproof
|
|upkeep
|turn|30
|
|t:|1760410900
|move|p1a: Cinderace|Will-O-Wisp|p2a: Ursaluna
|-status|p2a: Ursaluna|brn
|move|p2a: Ursaluna|Headlong Rush|p1a: Cinderace
|-supereffective|p1a: Cinderace
|-damage|p1a: Cinderace|19/100
|-unboost|p2a: Ursaluna|def|1
|-unboost|p2a: Ursaluna|spd|1
|
|-damage|p2a: Ursaluna|50/100 brn|[from] brn
|upkeep
|turn|31
|
|t:|1760410909
|move|p1a: Cinderace|Court Change|p1a: Cinderace
|-swapsideconditions
|-activate|p1a: Cinderace|move: Court Change
|move|p2a: Ursaluna|Headlong Rush|p1a: Cinderace
|-supereffective|p1a: Cinderace
|-damage|p1a: Cinderace|0 fnt
|-unboost|p2a: Ursaluna|def|1
|-unboost|p2a: Ursaluna|spd|1
|faint|p1a: Cinderace
|
|-damage|p2a: Ursaluna|44/100 brn|[from] brn
|upkeep
|
|t:|1760410917
|switch|p1a: Kingambit|Kingambit, F|100/100
|-activate|p1a: Kingambit|ability: Supreme Overlord
|-start|p1a: Kingambit|fallen4|[silent]
|turn|32
|
|t:|1760410930
|switch|p2a: Zamazenta|Zamazenta|90/100
|-damage|p2a: Zamazenta|84/100|[from] Stealth Rock
|-terastallize|p1a: Kingambit|Flying
|move|p1a: Kingambit|Swords Dance|p1a: Kingambit
|-boost|p1a: Kingambit|atk|2
|
|-heal|p2a: Zamazenta|90/100|[from] item: Leftovers
|upkeep
|turn|33
|
|t:|1760410936
|move|p2a: Zamazenta|Iron Defense|p2a: Zamazenta
|-boost|p2a: Zamazenta|def|2
|move|p1a: Kingambit|Iron Head|p2a: Zamazenta
|-damage|p2a: Zamazenta|45/100
|
|-heal|p2a: Zamazenta|52/100|[from] item: Leftovers
|upkeep
|turn|34
|
|t:|1760410940
|move|p2a: Zamazenta|Iron Defense|p2a: Zamazenta
|-boost|p2a: Zamazenta|def|2
|move|p1a: Kingambit|Iron Head|p2a: Zamazenta
|-damage|p2a: Zamazenta|20/100
|
|-heal|p2a: Zamazenta|27/100|[from] item: Leftovers
|upkeep
|turn|35
|
|t:|1760410946
|move|p2a: Zamazenta|Body Press|p1a: Kingambit
|-resisted|p1a: Kingambit
|-damage|p1a: Kingambit|62/100
|move|p1a: Kingambit|Iron Head|p2a: Zamazenta
|-damage|p2a: Zamazenta|0 fnt
|faint|p2a: Zamazenta
|
|-heal|p1a: Kingambit|68/100|[from] item: Leftovers
|upkeep
|
|t:|1760410960
|switch|p2a: Clefable|Clefable, M|68/100
|turn|36
|
|t:|1760410964
|move|p1a: Kingambit|Iron Head|p2a: Clefable
|-supereffective|p2a: Clefable
|-damage|p2a: Clefable|0 fnt
|faint|p2a: Clefable
|
|-heal|p1a: Kingambit|74/100|[from] item: Leftovers
|upkeep
|
|t:|1760410969
|switch|p2a: Dragapult|Dragapult, F|100/100 par
|-damage|p2a: Dragapult|88/100 par|[from] Stealth Rock
|turn|37
|
|t:|1760410971
|move|p1a: Kingambit|Sucker Punch|p2a: Dragapult
|-supereffective|p2a: Dragapult
|-damage|p2a: Dragapult|0 fnt
|faint|p2a: Dragapult
|
|-heal|p1a: Kingambit|81/100|[from] item: Leftovers
|upkeep
|-message|flygonisdragon forfeited.
|
|win|oirgor
|raw|oirgor's rating: 1496 &rarr; <strong>1517</strong><br />(+21 for winning)
|raw|flygonisdragon's rating: 1520 &rarr; <strong>1499</strong><br />(-21 for losing)
|l|☆flygonisdragon
|player|p2|
