|j|☆isaac_gam3r
|j|☆310YM4N74N3R0
|t:|1760443579
|gametype|singles
|player|p1|isaac_gam3r|acetrainer-gen4dp|1620
|player|p2|310YM4N74N3R0|pokemonrangerf|1584
|gen|9
|tier|[Gen 9] OU
|rated|
|rule|HP Percentage Mod: HP is shown in percentages
|rule|Endless Battle Clause: Forcing endless battles is banned
|rule|Species Clause: Limit one of each Pokémon
|rule|OHKO Clause: OHKO moves are banned
|rule|Evasion Items Clause: Evasion items are banned
|rule|Evasion Moves Clause: Evasion moves are banned
|rule|Evasion Abilities Clause: Evasion abilities are banned
|rule|Sleep Moves Clause: Sleep-inducing moves are banned
|clearpoke
|poke|p1|Garchomp, F|
|poke|p1|Raging Bolt|
|poke|p1|Primarina, M|
|poke|p1|Heatran, F|
|poke|p1|Weezing-Galar, M|
|poke|p1|Weavile, M|
|poke|p2|Landorus-Therian, M|
|poke|p2|Yanmega, F|
|poke|p2|Rillaboom, F|
|poke|p2|Blaziken, M|
|poke|p2|Blastoise, M|
|poke|p2|Tyranitar, F|
|teampreview
|inactive|Battle timer is ON: inactive players will automatically lose when time's up. (requested by isaac_gam3r)
|
|t:|1760443596
|teamsize|p1|6
|teamsize|p2|6
|start
|switch|p1a: Weavile|Weavile, M|100/100
|switch|p2a: Blaziken|Blaziken, M|100/100
|-ability|p1a: Weavile|Pressure
|turn|1
|
|t:|1760443599
|switch|p1a: Garchomp|Garchomp, F|100/100
|move|p2a: Blaziken|Swords Dance|p2a: Blaziken
|-boost|p2a: Blaziken|atk|2
|
|-ability|p2a: Blaziken|Speed Boost|boost
|-boost|p2a: Blaziken|spe|1
|upkeep
|turn|2
|
|t:|1760443603
|move|p1a: Garchomp|Earthquake|p2a: Blaziken
|-supereffective|p2a: Blaziken
|-enditem|p2a: Blaziken|Focus Sash
|-damage|p2a: Blaziken|1/100
|move|p2a: Blaziken|Earthquake|p1a: Garchomp
|-damage|p1a: Garchomp|34/100
|
|-ability|p2a: Blaziken|Speed Boost|boost
|-boost|p2a: Blaziken|spe|1
|upkeep
|turn|3
|
|t:|1760443607
|move|p2a: Blaziken|Earthquake|p1a: Garchomp
|-damage|p1a: Garchomp|0 fnt
|faint|p1a: Garchomp
|
|-ability|p2a: Blaziken|Speed Boost|boost
|-boost|p2a: Blaziken|spe|1
|upkeep
|
|t:|1760443609
|switch|p1a: Weavile|Weavile, M|100/100
|-ability|p1a: Weavile|Pressure
|turn|4
|
|t:|1760443613
|switch|p2a: Blastoise|Blastoise, M|100/100
|move|p1a: Weavile|Ice Shard|p2a: Blastoise
|-resisted|p2a: Blastoise
|-damage|p2a: Blastoise|89/100
|
|upkeep
|turn|5
|
|t:|1760443617
|switch|p1a: Raging Bolt|Raging Bolt|100/100
|move|p2a: Blastoise|Shell Smash|p2a: Blastoise
|-unboost|p2a: Blastoise|def|1
|-unboost|p2a: Blastoise|spd|1
|-boost|p2a: Blastoise|atk|2
|-boost|p2a: Blastoise|spa|2
|-boost|p2a: Blastoise|spe|2
|
|upkeep
|turn|6
|
|t:|1760443622
|-terastallize|p2a: Blastoise|Grass
|move|p1a: Raging Bolt|Thunderclap|p2a: Blastoise
|-resisted|p2a: Blastoise
|-damage|p2a: Blastoise|52/100
|move|p2a: Blastoise|Ice Beam|p1a: Raging Bolt
|-supereffective|p1a: Raging Bolt
|-damage|p1a: Raging Bolt|0 fnt
|faint|p1a: Raging Bolt
|-end|p1a: Raging Bolt|Protosynthesis|[silent]
|-damage|p2a: Blastoise|43/100|[from] item: Life Orb
|
|upkeep
|
|t:|1760443624
|switch|p1a: Weavile|Weavile, M|100/100
|-ability|p1a: Weavile|Pressure
|turn|7
|
|t:|1760443632
|switch|p2a: Tyranitar|Tyranitar, F, shiny|100/100
|-weather|Sandstorm|[from] ability: Sand Stream|[of] p2a: Tyranitar
|move|p1a: Weavile|Ice Shard|p2a: Tyranitar
|-damage|p2a: Tyranitar|81/100
|
|-weather|Sandstorm|[upkeep]
|-damage|p1a: Weavile|94/100|[from] Sandstorm
|upkeep
|turn|8
|
|t:|1760443638
|switch|p2a: Yanmega|Yanmega, F|100/100
|move|p1a: Weavile|Low Kick|p2a: Yanmega
|-resisted|p2a: Yanmega
|-damage|p2a: Yanmega|93/100
|
|-weather|Sandstorm|[upkeep]
|-damage|p1a: Weavile|88/100|[from] Sandstorm
|-damage|p2a: Yanmega|86/100|[from] Sandstorm
|upkeep
|turn|9
|
|t:|1760443645
|move|p2a: Yanmega|Protect|p2a: Yanmega
|-singleturn|p2a: Yanmega|Protect
|move|p1a: Weavile|Triple Axel|p2a: Yanmega
|-activate|p2a: Yanmega|move: Protect
|
|-weather|Sandstorm|[upkeep]
|-damage|p1a: Weavile|82/100|[from] Sandstorm
|-damage|p2a: Yanmega|80/100|[from] Sandstorm
|-ability|p2a: Yanmega|Speed Boost|boost
|-boost|p2a: Yanmega|spe|1
|upkeep
|turn|10
|
|t:|1760443650
|switch|p1a: Heatran|Heatran, F|100/100
|move|p2a: Yanmega|Bug Buzz|p1a: Heatran
|-resisted|p1a: Heatran
|-damage|p1a: Heatran|94/100
|-enditem|p2a: Yanmega|Throat Spray
|-boost|p2a: Yanmega|spa|1|[from] item: Throat Spray
|
|-weather|Sandstorm|[upkeep]
|-damage|p2a: Yanmega|74/100|[from] Sandstorm
|-ability|p2a: Yanmega|Speed Boost|boost
|-boost|p2a: Yanmega|spe|1
|upkeep
|turn|11
|
|t:|1760443656
|move|p2a: Yanmega|Air Slash|p1a: Heatran
|-resisted|p1a: Heatran
|-damage|p1a: Heatran|77/100
|cant|p1a: Heatran|flinch
|
|-weather|none
|-ability|p2a: Yanmega|Speed Boost|boost
|-boost|p2a: Yanmega|spe|1
|upkeep
|turn|12
|
|t:|1760443661
|switch|p2a: Blaziken|Blaziken, M|1/100
|move|p1a: Heatran|Lava Plume|p2a: Blaziken
|-resisted|p2a: Blaziken
|-damage|p2a: Blaziken|0 fnt
|faint|p2a: Blaziken
|
|upkeep
|
|t:|1760443663
|switch|p2a: Landorus|Landorus-Therian, M|100/100
|-ability|p2a: Landorus|Intimidate|boost
|-unboost|p1a: Heatran|atk|1
|turn|13
|
|t:|1760443671
|switch|p1a: Weezing|Weezing-Galar, M, shiny|100/100
|move|p2a: Landorus|Stealth Rock|p1a: Weezing
|-sidestart|p1: isaac_gam3r|move: Stealth Rock
|
|upkeep
|turn|14
|
|t:|1760443683
|move|p2a: Landorus|U-turn|p1a: Weezing
|-resisted|p1a: Weezing
|-damage|p1a: Weezing|97/100
|
|t:|1760443686
|switch|p2a: Yanmega|Yanmega, F|74/100|[from] U-turn
|move|p1a: Weezing|Defog|p2a: Yanmega
|-unboost|p2a: Yanmega|evasion|1
|-sideend|p1: isaac_gam3r|Stealth Rock|[from] move: Defog|[of] p1a: Weezing
|
|-heal|p1a: Weezing|100/100|[from] item: Black Sludge
|upkeep
|turn|15
|
|t:|1760443693
|switch|p2a: Blastoise|Blastoise, M, tera:Grass|43/100
|switch|p1a: Heatran|Heatran, F|77/100
|
|upkeep
|turn|16
|
|t:|1760443698
|switch|p1a: Weezing|Weezing-Galar, M, shiny|100/100
|move|p2a: Blastoise|Hydro Pump|p1a: Weezing
|-damage|p1a: Weezing|14/100
|-damage|p2a: Blastoise|33/100|[from] item: Life Orb
|
|-heal|p1a: Weezing|20/100|[from] item: Black Sludge
|upkeep
|turn|17
|
|t:|1760443705
|switch|p1a: Primarina|Primarina, M|100/100
|move|p2a: Blastoise|Ice Beam|p1a: Primarina
|-resisted|p1a: Primarina
|-damage|p1a: Primarina|87/100
|-damage|p2a: Blastoise|23/100|[from] item: Life Orb
|
|-heal|p1a: Primarina|93/100|[from] item: Leftovers
|upkeep
|turn|18
|
|t:|1760443714
|move|p2a: Blastoise|Tera Blast|p1a: Primarina|[anim] Tera Blast Grass
|-supereffective|p1a: Primarina
|-damage|p1a: Primarina|25/100
|-damage|p2a: Blastoise|14/100|[from] item: Life Orb
|move|p1a: Primarina|Draining Kiss|p2a: Blastoise
|-damage|p2a: Blastoise|0 fnt
|-heal|p1a: Primarina|33/100|[from] drain|[of] p2a: Blastoise
|faint|p2a: Blastoise
|
|-heal|p1a: Primarina|39/100|[from] item: Leftovers
|upkeep
|
|t:|1760443726
|switch|p2a: Tyranitar|Tyranitar, F, shiny|81/100
|-weather|Sandstorm|[from] ability: Sand Stream|[of] p2a: Tyranitar
|turn|19
|
|t:|1760443731
|move|p2a: Tyranitar|Stone Edge|p1a: Primarina
|-damage|p1a: Primarina|0 fnt
|faint|p1a: Primarina
|
|-weather|Sandstorm|[upkeep]
|upkeep
|
|t:|1760443732
|switch|p1a: Weezing|Weezing-Galar, M, shiny|20/100
|turn|20
|
|t:|1760443735
|move|p2a: Tyranitar|Iron Head|p1a: Weezing
|-supereffective|p1a: Weezing
|-crit|p1a: Weezing
|-damage|p1a: Weezing|0 fnt
|faint|p1a: Weezing
|
|-weather|Sandstorm|[upkeep]
|upkeep
|-message|isaac_gam3r forfeited.
|
|win|310YM4N74N3R0
|raw|isaac_gam3r's rating: 1620 &rarr; <strong>1598</strong><br />(-22 for losing)
|raw|310YM4N74N3R0's rating: 1584 &rarr; <strong>1606</strong><br />(+22 for winning)
|l|☆isaac_gam3r
|player|p1|
|l|☆310YM4N74N3R0
|player|p2|
