|j|☆TheyStoleMyLogs
|j|☆will1994
|t:|1760388607
|gametype|singles
|player|p1|TheyStoleMyLogs|lance|1639
|player|p2|will1994|red|1681
|gen|9
|tier|[Gen 9] OU
|rated|
|rule|HP Percentage Mod: HP is shown in percentages
|rule|Endless Battle Clause: Forcing endless battles is banned
|rule|Species Clause: Limit one of each Pokémon
|rule|OHKO Clause: OHKO moves are banned
|rule|Evasion Items Clause: Evasion items are banned
|rule|Evasion Moves Clause: Evasion moves are banned
|rule|Evasion Abilities Clause: Evasion abilities are banned
|rule|Sleep Moves Clause: Sleep-inducing moves are banned
|clearpoke
|poke|p1|Houndstone, M|
|poke|p1|Ting-Lu|
|poke|p1|Scizor, F|
|poke|p1|Arcanine-Hisui, F|
|poke|p1|Zapdos|
|poke|p1|Ogerpon-Wellspring, F|
|poke|p2|Skeledirge, F|
|poke|p2|Corviknight, F|
|poke|p2|Dragapult, M|
|poke|p2|Kleavor, F|
|poke|p2|Clodsire, M|
|poke|p2|Rillaboom, F|
|teampreview
|inactive|Battle timer is ON: inactive players will automatically lose when time's up. (requested by will1994)
|
|t:|1760388620
|teamsize|p1|6
|teamsize|p2|6
|start
|switch|p1a: Zapdos|Zapdos|100/100
|switch|p2a: Kleavor|Kleavor, F|100/100
|turn|1
|
|t:|1760388627
|move|p2a: Kleavor|Stone Axe|p1a: Zapdos|[miss]
|-miss|p2a: Kleavor|p1a: Zapdos
|move|p1a: Zapdos|Volt Switch|p2a: Kleavor
|-damage|p2a: Kleavor|21/100
|
|t:|1760388635
|switch|p1a: Scizor|Scizor, F|100/100|[from] Volt Switch
|
|upkeep
|turn|2
|
|t:|1760388639
|switch|p2a: Corviknight|Corviknight, F|100/100
|-ability|p2a: Corviknight|Pressure
|move|p1a: Scizor|Bullet Punch|p2a: Corviknight
|-resisted|p2a: Corviknight
|-damage|p2a: Corviknight|90/100
|-damage|p1a: Scizor|84/100|[from] item: Rocky Helmet|[of] p2a: Corviknight
|
|upkeep
|turn|3
|
|t:|1760388643
|move|p2a: Corviknight|U-turn|p1a: Scizor
|-resisted|p1a: Scizor
|-damage|p1a: Scizor|76/100
|
|t:|1760388650
|switch|p2a: Skeledirge|Skeledirge, F|100/100|[from] U-turn
|move|p1a: Scizor|Knock Off|p2a: Skeledirge
|-supereffective|p2a: Skeledirge
|-damage|p2a: Skeledirge|44/100
|-enditem|p2a: Skeledirge|Leftovers|[from] move: Knock Off|[of] p1a: Scizor
|
|upkeep
|turn|4
|
|t:|1760388658
|switch|p1a: Zapdos|Zapdos|100/100
|move|p2a: Skeledirge|Slack Off|p2a: Skeledirge
|-heal|p2a: Skeledirge|94/100
|
|upkeep
|turn|5
|
|t:|1760388665
|move|p1a: Zapdos|Hurricane|p2a: Skeledirge
|-damage|p2a: Skeledirge|35/100
|-start|p2a: Skeledirge|confusion
|-activate|p2a: Skeledirge|confusion
|move|p2a: Skeledirge|Will-O-Wisp|p1a: Zapdos
|-status|p1a: Zapdos|brn
|
|-damage|p1a: Zapdos|94/100 brn|[from] brn
|upkeep
|turn|6
|
|t:|1760388673
|switch|p2a: Corviknight|Corviknight, F|90/100
|-ability|p2a: Corviknight|Pressure
|move|p1a: Zapdos|Hurricane|p2a: Corviknight|[miss]
|-miss|p1a: Zapdos|p2a: Corviknight
|
|-damage|p1a: Zapdos|88/100 brn|[from] brn
|upkeep
|turn|7
|
|t:|1760388679
|switch|p1a: Houndstone|Houndstone, M|100/100
|move|p2a: Corviknight|U-turn|p1a: Houndstone
|-resisted|p1a: Houndstone
|-damage|p1a: Houndstone|98/100
|
|t:|1760388689
|switch|p2a: Clodsire|Clodsire, M|100/100|[from] U-turn
|
|-heal|p1a: Houndstone|100/100|[from] item: Leftovers
|upkeep
|turn|8
|
|t:|1760388696
|switch|p1a: what's skill|Ogerpon-Wellspring, F|100/100
|move|p2a: Clodsire|Stockpile|p2a: Clodsire
|-start|p2a: Clodsire|stockpile1
|-boost|p2a: Clodsire|def|1
|-boost|p2a: Clodsire|spd|1
|
|upkeep
|turn|9
|
|t:|1760388700
|switch|p2a: Rillaboom|Rillaboom, F|100/100
|-fieldstart|move: Grassy Terrain|[from] ability: Grassy Surge|[of] p2a: Rillaboom
|move|p1a: what's skill|Ivy Cudgel|p2a: Rillaboom|[anim] Ivy Cudgel Water
|-resisted|p2a: Rillaboom
|-damage|p2a: Rillaboom|66/100
|
|-heal|p2a: Rillaboom|73/100|[from] Grassy Terrain
|upkeep
|turn|10
|
|t:|1760388705
|switch|p1a: Houndstone|Houndstone, M|100/100
|move|p2a: Rillaboom|Knock Off|p1a: Houndstone
|-supereffective|p1a: Houndstone
|-damage|p1a: Houndstone|58/100
|-enditem|p1a: Houndstone|Leftovers|[from] move: Knock Off|[of] p2a: Rillaboom
|
|-heal|p2a: Rillaboom|79/100|[from] Grassy Terrain
|-heal|p1a: Houndstone|64/100|[from] Grassy Terrain
|upkeep
|turn|11
|
|t:|1760388713
|switch|p2a: Corviknight|Corviknight, F|90/100
|-ability|p2a: Corviknight|Pressure
|move|p1a: Houndstone|Night Shade|p2a: Corviknight
|-damage|p2a: Corviknight|65/100
|
|-heal|p1a: Houndstone|70/100|[from] Grassy Terrain
|upkeep
|turn|12
|
|t:|1760388726
|switch|p1a: Arcanine|Arcanine-Hisui, F|100/100
|move|p2a: Corviknight|U-turn|p1a: Arcanine
|-resisted|p1a: Arcanine
|-damage|p1a: Arcanine|92/100
|
|t:|1760388732
|switch|p2a: Kleavor|Kleavor, F|21/100|[from] U-turn
|
|-heal|p2a: Kleavor|27/100|[from] Grassy Terrain
|-heal|p1a: Arcanine|98/100|[from] Grassy Terrain
|upkeep
|turn|13
|
|t:|1760388746
|-terastallize|p1a: Arcanine|Normal
|move|p1a: Arcanine|Extreme Speed|p2a: Kleavor
|-resisted|p2a: Kleavor
|-damage|p2a: Kleavor|0 fnt
|faint|p2a: Kleavor
|
|-heal|p1a: Arcanine|100/100|[from] Grassy Terrain
|-fieldend|move: Grassy Terrain
|upkeep
|
|t:|1760388755
|switch|p2a: Clodsire|Clodsire, M|100/100
|turn|14
|
|t:|1760388761
|switch|p1a: what's skill|Ogerpon-Wellspring, F|100/100
|move|p2a: Clodsire|Stockpile|p2a: Clodsire
|-start|p2a: Clodsire|stockpile1
|-boost|p2a: Clodsire|def|1
|-boost|p2a: Clodsire|spd|1
|
|upkeep
|turn|15
|
|t:|1760388765
|move|p1a: what's skill|Ivy Cudgel|p2a: Clodsire|[anim] Ivy Cudgel Water
|-supereffective|p2a: Clodsire
|-damage|p2a: Clodsire|44/100
|move|p2a: Clodsire|Toxic|p1a: what's skill
|-status|p1a: what's skill|tox
|
|-heal|p2a: Clodsire|50/100|[from] item: Leftovers
|-damage|p1a: what's skill|95/100 tox|[from] psn
|upkeep
|turn|16
|
|t:|1760388773
|-terastallize|p2a: Clodsire|Fighting
|move|p1a: what's skill|Ivy Cudgel|p2a: Clodsire|[anim] Ivy Cudgel Water
|-damage|p2a: Clodsire|22/100
|move|p2a: Clodsire|Recover|p2a: Clodsire
|-heal|p2a: Clodsire|72/100
|
|-heal|p2a: Clodsire|79/100|[from] item: Leftovers
|-damage|p1a: what's skill|83/100 tox|[from] psn
|upkeep
|turn|17
|
|t:|1760388781
|move|p1a: what's skill|U-turn|p2a: Clodsire
|-resisted|p2a: Clodsire
|-damage|p2a: Clodsire|72/100
|
|t:|1760388783
|switch|p1a: Zapdos|Zapdos|88/100 brn|[from] U-turn
|move|p2a: Clodsire|Stockpile|p2a: Clodsire
|-start|p2a: Clodsire|stockpile2
|-boost|p2a: Clodsire|def|1
|-boost|p2a: Clodsire|spd|1
|
|-heal|p2a: Clodsire|78/100|[from] item: Leftovers
|-damage|p1a: Zapdos|82/100 brn|[from] brn
|upkeep
|turn|18
|
|t:|1760388787
|move|p1a: Zapdos|Hurricane|p2a: Clodsire|[miss]
|-miss|p1a: Zapdos|p2a: Clodsire
|move|p2a: Clodsire|Recover|p2a: Clodsire
|-heal|p2a: Clodsire|100/100
|
|-damage|p1a: Zapdos|76/100 brn|[from] brn
|upkeep
|turn|19
|
|t:|1760388790
|move|p1a: Zapdos|Hurricane|p2a: Clodsire|[miss]
|-miss|p1a: Zapdos|p2a: Clodsire
|move|p2a: Clodsire|Stockpile|p2a: Clodsire
|-start|p2a: Clodsire|stockpile3
|-boost|p2a: Clodsire|def|1
|-boost|p2a: Clodsire|spd|1
|
|-damage|p1a: Zapdos|69/100 brn|[from] brn
|upkeep
|turn|20
|
|t:|1760388795
|move|p1a: Zapdos|Hurricane|p2a: Clodsire|[miss]
|-miss|p1a: Zapdos|p2a: Clodsire
|move|p2a: Clodsire|Toxic||[still]
|-fail|p2a: Clodsire
|
|-damage|p1a: Zapdos|63/100 brn|[from] brn
|upkeep
|turn|21
|
|t:|1760388805
|move|p1a: Zapdos|Hurricane|p2a: Clodsire
|-supereffective|p2a: Clodsire
|-damage|p2a: Clodsire|52/100
|move|p2a: Clodsire|Body Press|p1a: Zapdos
|-resisted|p1a: Zapdos
|-damage|p1a: Zapdos|21/100 brn
|
|-heal|p2a: Clodsire|58/100|[from] item: Leftovers
|-damage|p1a: Zapdos|15/100 brn|[from] brn
|upkeep
|turn|22
|
|t:|1760388817
|move|p1a: Zapdos|Hurricane|p2a: Clodsire|[miss]
|-miss|p1a: Zapdos|p2a: Clodsire
|move|p2a: Clodsire|Recover|p2a: Clodsire
|-heal|p2a: Clodsire|100/100
|
|-damage|p1a: Zapdos|9/100 brn|[from] brn
|upkeep
|turn|23
|
|t:|1760388833
|switch|p1a: Scizor|Scizor, F|76/100
|move|p2a: Clodsire|Recover||[still]
|-fail|p2a: Clodsire|heal
|
|upkeep
|turn|24
|
|t:|1760388839
|move|p1a: Scizor|Knock Off|p2a: Clodsire
|-resisted|p2a: Clodsire
|-damage|p2a: Clodsire|95/100
|-enditem|p2a: Clodsire|Leftovers|[from] move: Knock Off|[of] p1a: Scizor
|move|p2a: Clodsire|Body Press|p1a: Scizor
|-damage|p1a: Scizor|11/100
|-enditem|p1a: Scizor|Sitrus Berry|[eat]
|-heal|p1a: Scizor|36/100|[from] item: Sitrus Berry
|
|upkeep
|turn|25
|
|t:|1760388846
|move|p1a: Scizor|U-turn|p2a: Clodsire
|-resisted|p2a: Clodsire
|-damage|p2a: Clodsire|89/100
|
|t:|1760388853
|switch|p1a: Houndstone|Houndstone, M|70/100|[from] U-turn
|move|p2a: Clodsire|Body Press|p1a: Houndstone
|-immune|p1a: Houndstone
|
|upkeep
|turn|26
|
|t:|1760388860
|move|p1a: Houndstone|Night Shade|p2a: Clodsire
|-damage|p2a: Clodsire|68/100
|move|p2a: Clodsire|Toxic|p1a: Houndstone
|-status|p1a: Houndstone|tox
|
|-damage|p1a: Houndstone|64/100 tox|[from] psn
|upkeep
|turn|27
|
|t:|1760388865
|move|p1a: Houndstone|Night Shade|p2a: Clodsire
|-damage|p2a: Clodsire|46/100
|move|p2a: Clodsire|Toxic|p1a: Houndstone
|-fail|p1a: Houndstone|tox
|
|-damage|p1a: Houndstone|52/100 tox|[from] psn
|upkeep
|turn|28
|
|t:|1760388873
|switch|p1a: Scizor|Scizor, F|36/100
|move|p2a: Clodsire|Recover|p2a: Clodsire
|-heal|p2a: Clodsire|96/100
|
|upkeep
|turn|29
|
|t:|1760388877
|switch|p1a: Houndstone|Houndstone, M|52/100 tox
|move|p2a: Clodsire|Body Press|p1a: Houndstone
|-immune|p1a: Houndstone
|
|-damage|p1a: Houndstone|45/100 tox|[from] psn
|upkeep
|turn|30
|
|t:|1760388885
|move|p1a: Houndstone|Pain Split|p2a: Clodsire
|-sethp|p2a: Clodsire|65/100|[from] move: Pain Split|[silent]
|-sethp|p1a: Houndstone|88/100 tox|[from] move: Pain Split
|move|p2a: Clodsire|Body Press|p1a: Houndstone
|-immune|p1a: Houndstone
|
|-damage|p1a: Houndstone|76/100 tox|[from] psn
|upkeep
|turn|31
|
|t:|1760388892
|move|p1a: Houndstone|Night Shade|p2a: Clodsire
|-damage|p2a: Clodsire|43/100
|move|p2a: Clodsire|Body Press|p1a: Houndstone
|-immune|p1a: Houndstone
|
|-damage|p1a: Houndstone|57/100 tox|[from] psn
|upkeep
|turn|32
|
|t:|1760388896
|move|p1a: Houndstone|Night Shade|p2a: Clodsire
|-damage|p2a: Clodsire|22/100
|move|p2a: Clodsire|Recover|p2a: Clodsire
|-heal|p2a: Clodsire|72/100
|
|-damage|p1a: Houndstone|32/100 tox|[from] psn
|upkeep
|turn|33
|
|t:|1760388907
|move|p1a: Houndstone|Pain Split|p2a: Clodsire
|-sethp|p2a: Clodsire|48/100|[from] move: Pain Split|[silent]
|-sethp|p1a: Houndstone|65/100 tox|[from] move: Pain Split
|move|p2a: Clodsire|Body Press|p1a: Houndstone
|-immune|p1a: Houndstone
|
|-damage|p1a: Houndstone|34/100 tox|[from] psn
|upkeep
|turn|34
|
|t:|1760388919
|switch|p1a: what's skill|Ogerpon-Wellspring, F|83/100 tox
|move|p2a: Clodsire|Body Press|p1a: what's skill
|-crit|p1a: what's skill
|-damage|p1a: what's skill|0 fnt
|faint|p1a: what's skill
|
|upkeep
|
|t:|1760388926
|switch|p1a: Houndstone|Houndstone, M|34/100 tox
|turn|35
|
|t:|1760388934
|move|p1a: Houndstone|Night Shade|p2a: Clodsire
|-damage|p2a: Clodsire|26/100
|move|p2a: Clodsire|Toxic|p1a: Houndstone
|-fail|p1a: Houndstone|tox
|
|-damage|p1a: Houndstone|28/100 tox|[from] psn
|upkeep
|turn|36
|
|t:|1760388942
|move|p1a: Houndstone|Night Shade|p2a: Clodsire
|-damage|p2a: Clodsire|5/100
|move|p2a: Clodsire|Recover|p2a: Clodsire
|-heal|p2a: Clodsire|55/100
|
|-damage|p1a: Houndstone|15/100 tox|[from] psn
|upkeep
|turn|37
|
|t:|1760388949
|move|p1a: Houndstone|Pain Split|p2a: Clodsire
|-sethp|p2a: Clodsire|33/100|[from] move: Pain Split|[silent]
|-sethp|p1a: Houndstone|45/100 tox|[from] move: Pain Split
|move|p2a: Clodsire|Toxic|p1a: Houndstone
|-fail|p1a: Houndstone|tox
|
|-damage|p1a: Houndstone|26/100 tox|[from] psn
|upkeep
|turn|38
|
|t:|1760388961
|move|p1a: Houndstone|Night Shade|p2a: Clodsire
|-damage|p2a: Clodsire|11/100
|move|p2a: Clodsire|Recover|p2a: Clodsire
|-heal|p2a: Clodsire|61/100
|
|-damage|p1a: Houndstone|2/100 tox|[from] psn
|upkeep
|turn|39
|
|t:|1760388973
|move|p1a: Houndstone|Pain Split|p2a: Clodsire
|-sethp|p2a: Clodsire|31/100|[from] move: Pain Split|[silent]
|-sethp|p1a: Houndstone|42/100 tox|[from] move: Pain Split
|move|p2a: Clodsire|Body Press|p1a: Houndstone
|-immune|p1a: Houndstone
|
|-damage|p1a: Houndstone|12/100 tox|[from] psn
|upkeep
|turn|40
|
|t:|1760388987
|switch|p1a: Zapdos|Zapdos|9/100 brn
|move|p2a: Clodsire|Toxic||[still]
|-fail|p2a: Clodsire
|
|-damage|p1a: Zapdos|2/100 brn|[from] brn
|upkeep
|turn|41
|
|t:|1760388997
|move|p1a: Zapdos|Hurricane|p2a: Clodsire
|-supereffective|p2a: Clodsire
|-damage|p2a: Clodsire|0 fnt
|faint|p2a: Clodsire
|
|-damage|p1a: Zapdos|0 fnt|[from] brn
|faint|p1a: Zapdos
|upkeep
|
|t:|1760389008
|switch|p1a: Ting-Lu|Ting-Lu|100/100
|switch|p2a: Dragapult|Dragapult, M|100/100
|-ability|p1a: Ting-Lu|Vessel of Ruin
|turn|42
|
|t:|1760389013
|move|p2a: Dragapult|Will-O-Wisp|p1a: Ting-Lu
|-status|p1a: Ting-Lu|brn
|move|p1a: Ting-Lu|Payback|p2a: Dragapult
|-supereffective|p2a: Dragapult
|-damage|p2a: Dragapult|47/100
|
|-damage|p1a: Ting-Lu|94/100 brn|[from] brn
|upkeep
|turn|43
|
|t:|1760389023
|switch|p2a: Corviknight|Corviknight, F|65/100
|-ability|p2a: Corviknight|Pressure
|switch|p1a: Arcanine|Arcanine-Hisui, F, tera:Normal|100/100
|
|upkeep
|turn|44
|
|t:|1760389033
|switch|p2a: Skeledirge|Skeledirge, F|35/100
|move|p1a: Arcanine|Flare Blitz|p2a: Skeledirge
|-resisted|p2a: Skeledirge
|-damage|p2a: Skeledirge|3/100
|
|upkeep
|turn|45
|
|t:|1760389038
|move|p1a: Arcanine|Flare Blitz|p2a: Skeledirge
|-resisted|p2a: Skeledirge
|-damage|p2a: Skeledirge|0 fnt
|faint|p2a: Skeledirge
|
|upkeep
|
|t:|1760389042
|switch|p2a: Dragapult|Dragapult, M|47/100
|turn|46
|
|t:|1760389052
|switch|p1a: Scizor|Scizor, F|36/100
|move|p2a: Dragapult|Draco Meteor|p1a: Scizor
|-resisted|p1a: Scizor
|-damage|p1a: Scizor|1/100
|-unboost|p2a: Dragapult|spa|2
|
|upkeep
|turn|47
|
|t:|1760389059
|switch|p2a: Corviknight|Corviknight, F|65/100
|-ability|p2a: Corviknight|Pressure
|move|p1a: Scizor|Bullet Punch|p2a: Corviknight
|-resisted|p2a: Corviknight
|-damage|p2a: Corviknight|54/100
|-damage|p1a: Scizor|0 fnt|[from] item: Rocky Helmet|[of] p2a: Corviknight
|faint|p1a: Scizor
|
|upkeep
|
|t:|1760389061
|switch|p1a: Arcanine|Arcanine-Hisui, F, tera:Normal|100/100
|turn|48
|
|t:|1760389068
|move|p1a: Arcanine|Flare Blitz|p2a: Corviknight
|-supereffective|p2a: Corviknight
|-damage|p2a: Corviknight|0 fnt
|-damage|p1a: Arcanine|84/100|[from] item: Rocky Helmet|[of] p2a: Corviknight
|faint|p2a: Corviknight
|
|upkeep
|
|t:|1760389073
|switch|p2a: Dragapult|Dragapult, M|47/100
|turn|49
|
|t:|1760389087
|switch|p1a: Houndstone|Houndstone, M|12/100 tox
|move|p2a: Dragapult|Draco Meteor|p1a: Houndstone
|-damage|p1a: Houndstone|0 fnt
|-unboost|p2a: Dragapult|spa|2
|faint|p1a: Houndstone
|
|upkeep
|
|t:|1760389096
|switch|p1a: Ting-Lu|Ting-Lu|94/100 brn
|-ability|p1a: Ting-Lu|Vessel of Ruin
|turn|50
|
|t:|1760389102
|switch|p2a: Rillaboom|Rillaboom, F|79/100
|-fieldstart|move: Grassy Terrain|[from] ability: Grassy Surge|[of] p2a: Rillaboom
|switch|p1a: Arcanine|Arcanine-Hisui, F, tera:Normal|84/100
|
|-heal|p1a: Arcanine|90/100|[from] Grassy Terrain
|-heal|p2a: Rillaboom|85/100|[from] Grassy Terrain
|upkeep
|turn|51
|
|t:|1760389109
|move|p2a: Rillaboom|Grassy Glide|p1a: Arcanine
|-damage|p1a: Arcanine|13/100
|move|p1a: Arcanine|Flare Blitz|p2a: Rillaboom
|-supereffective|p2a: Rillaboom
|-damage|p2a: Rillaboom|0 fnt
|faint|p2a: Rillaboom
|
|-heal|p1a: Arcanine|19/100|[from] Grassy Terrain
|upkeep
|
|t:|1760389113
|switch|p2a: Dragapult|Dragapult, M|47/100
|turn|52
|
|t:|1760389116
|move|p2a: Dragapult|Hex|p1a: Arcanine
|-immune|p1a: Arcanine
|move|p1a: Arcanine|Flare Blitz|p2a: Dragapult
|-resisted|p2a: Dragapult
|-damage|p2a: Dragapult|0 fnt
|faint|p2a: Dragapult
|
|win|TheyStoleMyLogs
|raw|TheyStoleMyLogs's rating: 1639 &rarr; <strong>1661</strong><br />(+22 for winning)
|raw|will1994's rating: 1681 &rarr; <strong>1659</strong><br />(-22 for losing)
|l|☆will1994
|player|p2|
