|j|☆unovanminun
|j|☆LssjGudu
|t:|1760448991
|gametype|singles
|player|p1|unovanminun|1|1343
|player|p2|LssjGudu|giovanni|1328
|gen|9
|tier|[Gen 9] OU
|rated|
|rule|HP Percentage Mod: HP is shown in percentages
|rule|Endless Battle Clause: Forcing endless battles is banned
|rule|Species Clause: Limit one of each Pokémon
|rule|OHKO Clause: OHKO moves are banned
|rule|Evasion Items Clause: Evasion items are banned
|rule|Evasion Moves Clause: Evasion moves are banned
|rule|Evasion Abilities Clause: Evasion abilities are banned
|rule|Sleep Moves Clause: Sleep-inducing moves are banned
|clearpoke
|poke|p1|Alomomola, F|
|poke|p1|Garganacl, M|
|poke|p1|Heatran, M|
|poke|p1|Dragonite, M|
|poke|p1|Scizor, M|
|poke|p1|Raging Bolt|
|poke|p2|Kyurem|
|poke|p2|Corviknight, F|
|poke|p2|Ting-Lu|
|poke|p2|Dondozo, F|
|poke|p2|Slowking-Galar, L99, F|
|poke|p2|Cinderace, F|
|teampreview
|inactive|Battle timer is ON: inactive players will automatically lose when time's up. (requested by unovanminun)
|inactive|LssjGudu has 120 seconds left.
|inactive|LssjGudu has 90 seconds left.
|
|t:|1760449054
|teamsize|p1|6
|teamsize|p2|6
|start
|switch|p1a: Alomomola|Alomomola, F|100/100
|switch|p2a: Cinderace|Cinderace, F|100/100
|turn|1
|
|t:|1760449060
|move|p2a: Cinderace|U-turn|p1a: Alomomola
|-damage|p1a: Alomomola|90/100
|
|t:|1760449068
|switch|p2a: Kyurem|Kyurem|100/100|[from] U-turn
|-ability|p2a: Kyurem|Pressure
|move|p1a: Alomomola|Scald|p2a: Kyurem
|-resisted|p2a: Kyurem
|-damage|p2a: Kyurem|94/100
|
|-heal|p2a: Kyurem|100/100|[from] item: Leftovers
|-heal|p1a: Alomomola|97/100|[from] item: Leftovers
|upkeep
|turn|2
|
|t:|1760449076
|move|p2a: Kyurem|Substitute|p2a: Kyurem
|-start|p2a: Kyurem|Substitute
|-damage|p2a: Kyurem|75/100
|move|p1a: Alomomola|Scald|p2a: Kyurem
|-resisted|p2a: Kyurem
|-activate|p2a: Kyurem|move: Substitute|[damage]
|
|-heal|p2a: Kyurem|82/100|[from] item: Leftovers
|-heal|p1a: Alomomola|100/100|[from] item: Leftovers
|upkeep
|turn|3
|
|t:|1760449082
|move|p2a: Kyurem|Freeze-Dry|p1a: Alomomola
|-supereffective|p1a: Alomomola
|-damage|p1a: Alomomola|17/100
|move|p1a: Alomomola|Wish|p1a: Alomomola
|
|-heal|p2a: Kyurem|88/100|[from] item: Leftovers
|-heal|p1a: Alomomola|23/100|[from] item: Leftovers
|upkeep
|turn|4
|
|t:|1760449085
|switch|p1a: Scizor|Scizor, M|100/100
|move|p2a: Kyurem|Freeze-Dry|p1a: Scizor
|-resisted|p1a: Scizor
|-damage|p1a: Scizor|80/100
|
|-heal|p1a: Scizor|100/100|[from] move: Wish|[wisher] Alomomola
|-heal|p2a: Kyurem|94/100|[from] item: Leftovers
|upkeep
|turn|5
|
|t:|1760449089
|move|p1a: Scizor|Bullet Punch|p2a: Kyurem
|-supereffective|p2a: Kyurem
|-end|p2a: Kyurem|Substitute
|move|p2a: Kyurem|Earth Power|p1a: Scizor
|-damage|p1a: Scizor|62/100
|
|-heal|p2a: Kyurem|99/100|[from] item: Leftovers
|upkeep
|turn|6
|
|t:|1760449095
|switch|p2a: Dondozo|Dondozo, F|100/100
|move|p1a: Scizor|Bullet Punch|p2a: Dondozo
|-resisted|p2a: Dondozo
|-damage|p2a: Dondozo|88/100
|
|-heal|p2a: Dondozo|94/100|[from] item: Leftovers
|upkeep
|turn|7
|
|t:|1760449098
|switch|p1a: Raging Bolt|Raging Bolt|100/100
|-enditem|p1a: Raging Bolt|Booster Energy
|-activate|p1a: Raging Bolt|ability: Protosynthesis|[fromitem]
|-start|p1a: Raging Bolt|protosynthesisspa
|move|p2a: Dondozo|Curse|p2a: Dondozo
|-unboost|p2a: Dondozo|spe|1
|-boost|p2a: Dondozo|atk|1
|-boost|p2a: Dondozo|def|1
|
|-heal|p2a: Dondozo|99/100|[from] item: Leftovers
|upkeep
|turn|8
|
|t:|1760449102
|switch|p2a: Ting-Lu|Ting-Lu|100/100
|-ability|p2a: Ting-Lu|Vessel of Ruin
|move|p1a: Raging Bolt|Thunderbolt|p2a: Ting-Lu
|-immune|p2a: Ting-Lu
|
|upkeep
|turn|9
|
|t:|1760449108
|move|p2a: Ting-Lu|Earthquake|p1a: Raging Bolt
|-supereffective|p1a: Raging Bolt
|-crit|p1a: Raging Bolt
|-damage|p1a: Raging Bolt|3/100
|move|p1a: Raging Bolt|Dragon Tail|p2a: Ting-Lu|[miss]
|-miss|p1a: Raging Bolt|p2a: Ting-Lu
|
|upkeep
|turn|10
|
|t:|1760449112
|move|p1a: Raging Bolt|Draco Meteor|p2a: Ting-Lu
|-damage|p2a: Ting-Lu|57/100
|-unboost|p1a: Raging Bolt|spa|2
|move|p2a: Ting-Lu|Earthquake|p1a: Raging Bolt
|-supereffective|p1a: Raging Bolt
|-damage|p1a: Raging Bolt|0 fnt
|faint|p1a: Raging Bolt
|-end|p1a: Raging Bolt|Protosynthesis|[silent]
|
|-heal|p2a: Ting-Lu|63/100|[from] item: Leftovers
|upkeep
|
|t:|1760449117
|switch|p1a: Dragonite|Dragonite, M|100/100
|turn|11
|
|t:|1760449123
|move|p1a: Dragonite|Dragon Dance|p1a: Dragonite
|-boost|p1a: Dragonite|atk|1
|-boost|p1a: Dragonite|spe|1
|move|p2a: Ting-Lu|Payback|p1a: Dragonite
|-damage|p1a: Dragonite|78/100
|
|-heal|p2a: Ting-Lu|69/100|[from] item: Leftovers
|upkeep
|turn|12
|
|t:|1760449131
|switch|p2a: Dondozo|Dondozo, F|99/100
|move|p1a: Dragonite|Dragon Dance|p1a: Dragonite
|-boost|p1a: Dragonite|atk|1
|-boost|p1a: Dragonite|spe|1
|
|-heal|p2a: Dondozo|100/100|[from] item: Leftovers
|upkeep
|turn|13
|
|t:|1760449135
|move|p1a: Dragonite|Dragon Dance|p1a: Dragonite
|-boost|p1a: Dragonite|atk|1
|-boost|p1a: Dragonite|spe|1
|move|p2a: Dondozo|Curse|p2a: Dondozo
|-unboost|p2a: Dondozo|spe|1
|-boost|p2a: Dondozo|atk|1
|-boost|p2a: Dondozo|def|1
|
|upkeep
|turn|14
|
|t:|1760449140
|move|p1a: Dragonite|Outrage|p2a: Dondozo
|-damage|p2a: Dondozo|79/100
|move|p2a: Dondozo|Curse|p2a: Dondozo
|-unboost|p2a: Dondozo|spe|1
|-boost|p2a: Dondozo|atk|1
|-boost|p2a: Dondozo|def|1
|
|-heal|p2a: Dondozo|85/100|[from] item: Leftovers
|upkeep
|turn|15
|
|t:|1760449142
|move|p1a: Dragonite|Outrage|p2a: Dondozo|[from] lockedmove
|-damage|p2a: Dondozo|69/100
|move|p2a: Dondozo|Curse|p2a: Dondozo
|-unboost|p2a: Dondozo|spe|1
|-boost|p2a: Dondozo|atk|1
|-boost|p2a: Dondozo|def|1
|
|-heal|p2a: Dondozo|75/100|[from] item: Leftovers
|upkeep
|turn|16
|
|t:|1760449144
|move|p1a: Dragonite|Outrage|p2a: Dondozo|[from] lockedmove
|-damage|p2a: Dondozo|62/100
|-start|p1a: Dragonite|confusion|[fatigue]
|move|p2a: Dondozo|Curse|p2a: Dondozo
|-unboost|p2a: Dondozo|spe|1
|-boost|p2a: Dondozo|atk|1
|-boost|p2a: Dondozo|def|1
|
|-heal|p2a: Dondozo|68/100|[from] item: Leftovers
|upkeep
|turn|17
|
|t:|1760449147
|-activate|p1a: Dragonite|confusion
|move|p1a: Dragonite|Outrage|p2a: Dondozo
|-damage|p2a: Dondozo|58/100
|move|p2a: Dondozo|Waterfall|p1a: Dragonite
|-resisted|p1a: Dragonite
|-damage|p1a: Dragonite|35/100
|
|-heal|p2a: Dondozo|64/100|[from] item: Leftovers
|upkeep
|turn|18
|
|t:|1760449151
|-activate|p1a: Dragonite|confusion
|move|p1a: Dragonite|Outrage|p2a: Dondozo|[from] lockedmove
|-damage|p2a: Dondozo|52/100
|move|p2a: Dondozo|Curse|p2a: Dondozo
|-unboost|p2a: Dondozo|spe|1
|-boost|p2a: Dondozo|atk|1
|-boost|p2a: Dondozo|def|1
|
|-heal|p2a: Dondozo|59/100|[from] item: Leftovers
|upkeep
|turn|19
|
|t:|1760449154
|-activate|p1a: Dragonite|confusion
|move|p1a: Dragonite|Outrage|p2a: Dondozo|[from] lockedmove
|-damage|p2a: Dondozo|50/100
|move|p2a: Dondozo|Curse|p2a: Dondozo
|-unboost|p2a: Dondozo|spe|1
|-boost|p2a: Dondozo|atk|1
|-boost|p2a: Dondozo|def|1
|
|-heal|p2a: Dondozo|56/100|[from] item: Leftovers
|upkeep
|turn|20
|
|t:|1760449156
|-activate|p1a: Dragonite|confusion
|move|p1a: Dragonite|Dragon Dance|p1a: Dragonite
|-boost|p1a: Dragonite|atk|1
|-boost|p1a: Dragonite|spe|1
|move|p2a: Dondozo|Waterfall|p1a: Dragonite
|-resisted|p1a: Dragonite
|-damage|p1a: Dragonite|0 fnt
|faint|p1a: Dragonite
|
|-heal|p2a: Dondozo|62/100|[from] item: Leftovers
|upkeep
|
|t:|1760449158
|switch|p1a: Garganacl|Garganacl, M|100/100
|turn|21
|
|t:|1760449160
|move|p1a: Garganacl|Salt Cure|p2a: Dondozo
|-damage|p2a: Dondozo|61/100
|-start|p2a: Dondozo|Salt Cure
|move|p2a: Dondozo|Waterfall|p1a: Garganacl
|-supereffective|p1a: Garganacl
|-damage|p1a: Garganacl|0 fnt
|faint|p1a: Garganacl
|
|-heal|p2a: Dondozo|67/100|[from] item: Leftovers
|-damage|p2a: Dondozo|42/100|[from] Salt Cure
|upkeep
|
|t:|1760449168
|switch|p1a: Heatran|Heatran, M|100/100
|-item|p1a: Heatran|Air Balloon
|turn|22
|
|t:|1760449171
|move|p1a: Heatran|Power Gem|p2a: Dondozo
|-damage|p2a: Dondozo|11/100
|move|p2a: Dondozo|Waterfall|p1a: Heatran
|-supereffective|p1a: Heatran
|-damage|p1a: Heatran|0 fnt
|-enditem|p1a: Heatran|Air Balloon
|faint|p1a: Heatran
|
|-heal|p2a: Dondozo|17/100|[from] item: Leftovers
|-damage|p2a: Dondozo|0 fnt|[from] Salt Cure
|faint|p2a: Dondozo
|upkeep
|
|t:|1760449179
|switch|p1a: Alomomola|Alomomola, F|56/100
|switch|p2a: Slowking|Slowking-Galar, L99, F|100/100
|turn|23
|
|t:|1760449183
|move|p1a: Alomomola|Wish|p1a: Alomomola
|move|p2a: Slowking|Future Sight|p1a: Alomomola
|-start|p2a: Slowking|move: Future Sight
|
|-heal|p1a: Alomomola|63/100|[from] item: Leftovers
|upkeep
|turn|24
|
|t:|1760449187
|move|p1a: Alomomola|Flip Turn|p2a: Slowking
|-damage|p2a: Slowking|86/100
|
|t:|1760449189
|switch|p1a: Scizor|Scizor, M|62/100|[from] Flip Turn
|move|p2a: Slowking|Toxic|p1a: Scizor
|-immune|p1a: Scizor
|
|-heal|p1a: Scizor|100/100|[from] move: Wish|[wisher] Alomomola
|upkeep
|turn|25
|
|t:|1760449199
|switch|p2a: Corviknight|Corviknight, F|100/100
|-ability|p2a: Corviknight|Pressure
|move|p1a: Scizor|Bullet Punch|p2a: Corviknight
|-resisted|p2a: Corviknight
|-damage|p2a: Corviknight|84/100
|-damage|p1a: Scizor|84/100|[from] item: Rocky Helmet|[of] p2a: Corviknight
|
|-end|p1a: Scizor|move: Future Sight
|-resisted|p1a: Scizor
|-damage|p1a: Scizor|57/100
|upkeep
|turn|26
|
|t:|1760449206
|switch|p1a: Alomomola|Alomomola, F|96/100
|move|p2a: Corviknight|Brave Bird|p1a: Alomomola
|-damage|p1a: Alomomola|77/100
|-damage|p2a: Corviknight|76/100|[from] Recoil
|
|-heal|p1a: Alomomola|84/100|[from] item: Leftovers
|upkeep
|turn|27
|
|t:|1760449209
|switch|p2a: Kyurem|Kyurem|99/100
|-ability|p2a: Kyurem|Pressure
|move|p1a: Alomomola|Scald|p2a: Kyurem
|-resisted|p2a: Kyurem
|-damage|p2a: Kyurem|94/100
|-status|p2a: Kyurem|brn
|
|-heal|p2a: Kyurem|99/100 brn|[from] item: Leftovers
|-heal|p1a: Alomomola|90/100|[from] item: Leftovers
|-damage|p2a: Kyurem|94/100 brn|[from] brn
|upkeep
|turn|28
|
|t:|1760449211
|move|p2a: Kyurem|Freeze-Dry|p1a: Alomomola
|-supereffective|p1a: Alomomola
|-damage|p1a: Alomomola|1/100
|move|p1a: Alomomola|Wish|p1a: Alomomola
|
|-heal|p2a: Kyurem|99/100 brn|[from] item: Leftovers
|-heal|p1a: Alomomola|7/100|[from] item: Leftovers
|-damage|p2a: Kyurem|94/100 brn|[from] brn
|upkeep
|turn|29
|
|t:|1760449215
|switch|p1a: Scizor|Scizor, M|57/100
|move|p2a: Kyurem|Freeze-Dry|p1a: Scizor
|-resisted|p1a: Scizor
|-damage|p1a: Scizor|35/100
|
|-heal|p1a: Scizor|100/100|[from] move: Wish|[wisher] Alomomola
|-heal|p2a: Kyurem|99/100 brn|[from] item: Leftovers
|-damage|p2a: Kyurem|94/100 brn|[from] brn
|upkeep
|turn|30
|
|t:|1760449220
|switch|p2a: Corviknight|Corviknight, F|76/100
|-ability|p2a: Corviknight|Pressure
|move|p1a: Scizor|U-turn|p2a: Corviknight
|-resisted|p2a: Corviknight
|-damage|p2a: Corviknight|66/100
|-damage|p1a: Scizor|84/100|[from] item: Rocky Helmet|[of] p2a: Corviknight
|
|t:|1760449223
|switch|p1a: Alomomola|Alomomola, F|41/100|[from] U-turn
|
|-heal|p1a: Alomomola|47/100|[from] item: Leftovers
|upkeep
|turn|31
|
|t:|1760449229
|switch|p2a: Kyurem|Kyurem|94/100 brn
|-ability|p2a: Kyurem|Pressure
|move|p1a: Alomomola|Wish|p1a: Alomomola
|
|-heal|p2a: Kyurem|99/100 brn|[from] item: Leftovers
|-heal|p1a: Alomomola|53/100|[from] item: Leftovers
|-damage|p2a: Kyurem|94/100 brn|[from] brn
|upkeep
|turn|32
|
|t:|1760449235
|switch|p1a: Scizor|Scizor, M|84/100
|move|p2a: Kyurem|Substitute|p2a: Kyurem
|-start|p2a: Kyurem|Substitute
|-damage|p2a: Kyurem|69/100 brn
|
|-heal|p1a: Scizor|100/100|[from] move: Wish|[wisher] Alomomola
|-heal|p2a: Kyurem|75/100 brn|[from] item: Leftovers
|-damage|p2a: Kyurem|69/100 brn|[from] brn
|upkeep
|turn|33
|
|t:|1760449241
|move|p1a: Scizor|Bullet Punch|p2a: Kyurem
|-supereffective|p2a: Kyurem
|-end|p2a: Kyurem|Substitute
|move|p2a: Kyurem|Earth Power|p1a: Scizor
|-damage|p1a: Scizor|68/100
|-unboost|p1a: Scizor|spd|1
|
|-heal|p2a: Kyurem|75/100 brn|[from] item: Leftovers
|-damage|p2a: Kyurem|69/100 brn|[from] brn
|upkeep
|turn|34
|
|t:|1760449251
|switch|p2a: Slowking|Slowking-Galar, L99, F|100/100
|move|p1a: Scizor|Bullet Punch|p2a: Slowking
|-damage|p2a: Slowking|49/100
|
|upkeep
|turn|35
|
|t:|1760449254
|move|p1a: Scizor|Bullet Punch|p2a: Slowking
|-damage|p2a: Slowking|0 fnt
|faint|p2a: Slowking
|
|upkeep
|
|t:|1760449260
|switch|p2a: Cinderace|Cinderace, F|100/100
|turn|36
|
|t:|1760449263
|switch|p1a: Alomomola|Alomomola, F|86/100
|move|p2a: Cinderace|U-turn|p1a: Alomomola
|-damage|p1a: Alomomola|77/100
|
|t:|1760449270
|switch|p2a: Kyurem|Kyurem|69/100 brn|[from] U-turn
|-ability|p2a: Kyurem|Pressure
|
|-heal|p2a: Kyurem|75/100 brn|[from] item: Leftovers
|-heal|p1a: Alomomola|83/100|[from] item: Leftovers
|-damage|p2a: Kyurem|69/100 brn|[from] brn
|upkeep
|turn|37
|
|t:|1760449273
|move|p2a: Kyurem|Earth Power|p1a: Alomomola
|-damage|p1a: Alomomola|45/100
|move|p1a: Alomomola|Wish|p1a: Alomomola
|
|-heal|p2a: Kyurem|75/100 brn|[from] item: Leftovers
|-heal|p1a: Alomomola|51/100|[from] item: Leftovers
|-damage|p2a: Kyurem|69/100 brn|[from] brn
|upkeep
|turn|38
|
|t:|1760449277
|switch|p1a: Scizor|Scizor, M|68/100
|move|p2a: Kyurem|Freeze-Dry|p1a: Scizor
|-resisted|p1a: Scizor
|-damage|p1a: Scizor|47/100
|
|-heal|p1a: Scizor|100/100|[from] move: Wish|[wisher] Alomomola
|-heal|p2a: Kyurem|75/100 brn|[from] item: Leftovers
|-damage|p2a: Kyurem|69/100 brn|[from] brn
|upkeep
|turn|39
|
|t:|1760449282
|switch|p2a: Cinderace|Cinderace, F|100/100
|move|p1a: Scizor|Close Combat|p2a: Cinderace
|-damage|p2a: Cinderace|13/100
|-unboost|p1a: Scizor|def|1
|-unboost|p1a: Scizor|spd|1
|
|upkeep
|turn|40
|
|t:|1760449286
|switch|p1a: Alomomola|Alomomola, F|84/100
|move|p2a: Cinderace|Will-O-Wisp|p1a: Alomomola
|-status|p1a: Alomomola|brn
|
|-heal|p1a: Alomomola|91/100 brn|[from] item: Leftovers
|-damage|p1a: Alomomola|84/100 brn|[from] brn
|upkeep
|turn|41
|
|t:|1760449295
|switch|p2a: Ting-Lu|Ting-Lu|69/100
|-ability|p2a: Ting-Lu|Vessel of Ruin
|move|p1a: Alomomola|Wish|p1a: Alomomola
|
|-heal|p1a: Alomomola|91/100 brn|[from] item: Leftovers
|-heal|p2a: Ting-Lu|75/100|[from] item: Leftovers
|-damage|p1a: Alomomola|84/100 brn|[from] brn
|upkeep
|turn|42
|
|t:|1760449304
|switch|p1a: Scizor|Scizor, M|100/100
|-terastallize|p2a: Ting-Lu|Water
|move|p2a: Ting-Lu|Earthquake|p1a: Scizor
|-damage|p1a: Scizor|63/100
|
|-heal|p1a: Scizor|100/100|[from] move: Wish|[wisher] Alomomola
|-heal|p2a: Ting-Lu|81/100|[from] item: Leftovers
|upkeep
|turn|43
|
|t:|1760449311
|move|p1a: Scizor|Dual Wingbeat|p2a: Ting-Lu
|-damage|p2a: Ting-Lu|62/100
|-damage|p2a: Ting-Lu|43/100
|-hitcount|p2a: Ting-Lu|2
|move|p2a: Ting-Lu|Earthquake|p1a: Scizor
|-damage|p1a: Scizor|61/100
|
|-heal|p2a: Ting-Lu|49/100|[from] item: Leftovers
|upkeep
|turn|44
|
|t:|1760449315
|move|p1a: Scizor|Dual Wingbeat|p2a: Ting-Lu
|-damage|p2a: Ting-Lu|31/100
|-damage|p2a: Ting-Lu|13/100
|-hitcount|p2a: Ting-Lu|2
|move|p2a: Ting-Lu|Rest|p2a: Ting-Lu
|-status|p2a: Ting-Lu|slp|[from] move: Rest
|-heal|p2a: Ting-Lu|100/100 slp|[silent]
|
|upkeep
|turn|45
|
|t:|1760449317
|move|p1a: Scizor|Dual Wingbeat|p2a: Ting-Lu
|-damage|p2a: Ting-Lu|81/100 slp
|-damage|p2a: Ting-Lu|61/100 slp
|-hitcount|p2a: Ting-Lu|2
|cant|p2a: Ting-Lu|slp
|move|p2a: Ting-Lu|Sleep Talk|p2a: Ting-Lu
|move|p2a: Ting-Lu|Payback|p1a: Scizor|[from] move: Sleep Talk
|-damage|p1a: Scizor|21/100
|
|-heal|p2a: Ting-Lu|67/100 slp|[from] item: Leftovers
|upkeep
|turn|46
|
|t:|1760449323
|switch|p1a: Alomomola|Alomomola, F|100/100 brn
|cant|p2a: Ting-Lu|slp
|move|p2a: Ting-Lu|Sleep Talk|p2a: Ting-Lu
|move|p2a: Ting-Lu|Earthquake|p1a: Alomomola|[from] move: Sleep Talk
|-crit|p1a: Alomomola
|-damage|p1a: Alomomola|70/100 brn
|
|-heal|p1a: Alomomola|76/100 brn|[from] item: Leftovers
|-heal|p2a: Ting-Lu|74/100 slp|[from] item: Leftovers
|-damage|p1a: Alomomola|70/100 brn|[from] brn
|upkeep
|turn|47
|
|t:|1760449331
|switch|p2a: Kyurem|Kyurem|69/100 brn
|-ability|p2a: Kyurem|Pressure
|move|p1a: Alomomola|Wish|p1a: Alomomola
|
|-heal|p2a: Kyurem|75/100 brn|[from] item: Leftovers
|-heal|p1a: Alomomola|76/100 brn|[from] item: Leftovers
|-damage|p2a: Kyurem|69/100 brn|[from] brn
|-damage|p1a: Alomomola|70/100 brn|[from] brn
|upkeep
|turn|48
|
|t:|1760449335
|move|p2a: Kyurem|Earth Power|p1a: Alomomola
|-damage|p1a: Alomomola|37/100 brn
|move|p1a: Alomomola|Flip Turn|p2a: Kyurem
|-resisted|p2a: Kyurem
|-damage|p2a: Kyurem|65/100 brn
|
|t:|1760449337
|switch|p1a: Scizor|Scizor, M|21/100|[from] Flip Turn
|
|-heal|p1a: Scizor|99/100|[from] move: Wish|[wisher] Alomomola
|-heal|p2a: Kyurem|71/100 brn|[from] item: Leftovers
|-damage|p2a: Kyurem|65/100 brn|[from] brn
|upkeep
|turn|49
|
|t:|1760449343
|switch|p2a: Corviknight|Corviknight, F|66/100
|-ability|p2a: Corviknight|Pressure
|move|p1a: Scizor|Close Combat|p2a: Corviknight
|-damage|p2a: Corviknight|28/100
|-unboost|p1a: Scizor|def|1
|-unboost|p1a: Scizor|spd|1
|-damage|p1a: Scizor|82/100|[from] item: Rocky Helmet|[of] p2a: Corviknight
|
|upkeep
|turn|50
|
|t:|1760449346
|move|p2a: Corviknight|Roost|p2a: Corviknight
|-heal|p2a: Corviknight|78/100
|-singleturn|p2a: Corviknight|move: Roost
|move|p1a: Scizor|Close Combat|p2a: Corviknight
|-supereffective|p2a: Corviknight
|-damage|p2a: Corviknight|0 fnt
|-unboost|p1a: Scizor|def|1
|-unboost|p1a: Scizor|spd|1
|-damage|p1a: Scizor|66/100|[from] item: Rocky Helmet|[of] p2a: Corviknight
|faint|p2a: Corviknight
|
|upkeep
|
|t:|1760449357
|switch|p2a: Ting-Lu|Ting-Lu, tera:Water|74/100 slp
|-ability|p2a: Ting-Lu|Vessel of Ruin
|turn|51
|
|t:|1760449361
|switch|p1a: Alomomola|Alomomola, F|70/100 brn
|switch|p2a: Kyurem|Kyurem|65/100 brn
|-ability|p2a: Kyurem|Pressure
|
|-heal|p2a: Kyurem|71/100 brn|[from] item: Leftovers
|-heal|p1a: Alomomola|76/100 brn|[from] item: Leftovers
|-damage|p2a: Kyurem|65/100 brn|[from] brn
|-damage|p1a: Alomomola|70/100 brn|[from] brn
|upkeep
|turn|52
|
|t:|1760449382
|switch|p1a: Scizor|Scizor, M|66/100
|move|p2a: Kyurem|Freeze-Dry|p1a: Scizor
|-resisted|p1a: Scizor
|-damage|p1a: Scizor|46/100
|
|-heal|p2a: Kyurem|71/100 brn|[from] item: Leftovers
|-damage|p2a: Kyurem|65/100 brn|[from] brn
|upkeep
|turn|53
|
|t:|1760449395
|switch|p2a: Ting-Lu|Ting-Lu, tera:Water|74/100 slp
|-ability|p2a: Ting-Lu|Vessel of Ruin
|move|p1a: Scizor|Close Combat|p2a: Ting-Lu
|-damage|p2a: Ting-Lu|38/100 slp
|-unboost|p1a: Scizor|def|1
|-unboost|p1a: Scizor|spd|1
|
|-heal|p2a: Ting-Lu|45/100 slp|[from] item: Leftovers
|upkeep
|turn|54
|
|t:|1760449402
|move|p1a: Scizor|Close Combat|p2a: Ting-Lu
|-damage|p2a: Ting-Lu|7/100 slp
|-unboost|p1a: Scizor|def|1
|-unboost|p1a: Scizor|spd|1
|-curestatus|p2a: Ting-Lu|slp|[msg]
|move|p2a: Ting-Lu|Sleep Talk||[still]
|-fail|p2a: Ting-Lu
|
|-heal|p2a: Ting-Lu|13/100|[from] item: Leftovers
|upkeep
|turn|55
|
|t:|1760449406
|move|p1a: Scizor|Close Combat|p2a: Ting-Lu
|-damage|p2a: Ting-Lu|0 fnt
|-unboost|p1a: Scizor|def|1
|-unboost|p1a: Scizor|spd|1
|faint|p2a: Ting-Lu
|
|upkeep
|
|t:|1760449410
|switch|p2a: Kyurem|Kyurem|65/100 brn
|-ability|p2a: Kyurem|Pressure
|turn|56
|
|t:|1760449412
|switch|p1a: Alomomola|Alomomola, F|100/100 brn
|move|p2a: Kyurem|Earth Power|p1a: Alomomola
|-damage|p1a: Alomomola|63/100 brn
|
|-heal|p2a: Kyurem|71/100 brn|[from] item: Leftovers
|-heal|p1a: Alomomola|69/100 brn|[from] item: Leftovers
|-damage|p2a: Kyurem|65/100 brn|[from] brn
|-damage|p1a: Alomomola|63/100 brn|[from] brn
|upkeep
|turn|57
|
|t:|1760449417
|move|p2a: Kyurem|Freeze-Dry|p1a: Alomomola
|-supereffective|p1a: Alomomola
|-damage|p1a: Alomomola|0 fnt
|faint|p1a: Alomomola
|
|-heal|p2a: Kyurem|71/100 brn|[from] item: Leftovers
|-damage|p2a: Kyurem|65/100 brn|[from] brn
|upkeep
|
|t:|1760449419
|switch|p1a: Scizor|Scizor, M|46/100
|turn|58
|
|t:|1760449423
|move|p2a: Kyurem|Protect|p2a: Kyurem
|-singleturn|p2a: Kyurem|Protect
|move|p1a: Scizor|Bullet Punch|p2a: Kyurem
|-activate|p2a: Kyurem|move: Protect
|
|-heal|p2a: Kyurem|71/100 brn|[from] item: Leftovers
|-damage|p2a: Kyurem|65/100 brn|[from] brn
|upkeep
|turn|59
|
|t:|1760449435
|move|p1a: Scizor|Bullet Punch|p2a: Kyurem
|-supereffective|p2a: Kyurem
|-damage|p2a: Kyurem|0 fnt
|faint|p2a: Kyurem
|
|upkeep
|
|t:|1760449437
|switch|p2a: Cinderace|Cinderace, F|13/100
|turn|60
|
|t:|1760449440
|move|p1a: Scizor|Bullet Punch|p2a: Cinderace
|-resisted|p2a: Cinderace
|-damage|p2a: Cinderace|0 fnt
|faint|p2a: Cinderace
|
|win|unovanminun
|raw|unovanminun's rating: 1323 &rarr; <strong>1343</strong><br />(+20 for winning)
|raw|LssjGudu's rating: 1328 &rarr; <strong>1308</strong><br />(-20 for losing)
|c|☆LssjGudu|Gg
|l|☆LssjGudu
|player|p2|
|c|☆unovanminun|gg
|j|☆LssjGudu
|player|p2|LssjGudu|giovanni|
