|j|☆kittensnax
|j|☆kritath
|t:|1760457648
|gametype|singles
|player|p1|kittensnax|schoolkidf|1437
|player|p2|kritath|policeman-gen4|1490
|gen|9
|tier|[Gen 9] OU
|rated|
|rule|HP Percentage Mod: HP is shown in percentages
|rule|Endless Battle Clause: Forcing endless battles is banned
|rule|Species Clause: Limit one of each Pokémon
|rule|OHKO Clause: OHKO moves are banned
|rule|Evasion Items Clause: Evasion items are banned
|rule|Evasion Moves Clause: Evasion moves are banned
|rule|Evasion Abilities Clause: Evasion abilities are banned
|rule|Sleep Moves Clause: Sleep-inducing moves are banned
|clearpoke
|poke|p1|Porygon2|
|poke|p1|Farigiraf, F|
|poke|p1|Dragonite, M|
|poke|p1|Primarina, M|
|poke|p1|Ursaluna, F|
|poke|p1|Gallade, M|
|poke|p2|Hydrapple, M|
|poke|p2|Slowking-Galar, F|
|poke|p2|Great Tusk|
|poke|p2|Tornadus-Therian, M|
|poke|p2|Dragapult, F|
|poke|p2|Kingambit, F|
|teampreview
|inactive|Battle timer is ON: inactive players will automatically lose when time's up. (requested by kritath)
|
|t:|1760457660
|teamsize|p1|6
|teamsize|p2|6
|start
|switch|p1a: FaRiGiЯaꟻ|Farigiraf, F, shiny|100/100
|switch|p2a: Hydrapple|Hydrapple, M|100/100
|turn|1
|c|☆kritath|Vgc aah team
|
|t:|1760457670
|move|p2a: Hydrapple|Nasty Plot|p2a: Hydrapple
|-boost|p2a: Hydrapple|spa|2
|move|p1a: FaRiGiЯaꟻ|Psyshock|p2a: Hydrapple
|-damage|p2a: Hydrapple|66/100
|
|upkeep
|turn|2
|
|t:|1760457675
|move|p2a: Hydrapple|Leaf Storm|p1a: FaRiGiЯaꟻ
|-damage|p1a: FaRiGiЯaꟻ|0 fnt
|-unboost|p2a: Hydrapple|spa|2
|faint|p1a: FaRiGiЯaꟻ
|-damage|p2a: Hydrapple|56/100|[from] item: Life Orb
|
|upkeep
|
|t:|1760457678
|switch|p1a: Gallade|Gallade, M|100/100
|turn|3
|
|t:|1760457683
|switch|p2a: Dragapult|Dragapult, F|100/100
|move|p1a: Gallade|Trick Room|p1a: Gallade
|-fieldstart|move: Trick Room|[of] p1a: Gallade
|
|upkeep
|turn|4
|
|t:|1760457685
|move|p1a: Gallade|Knock Off|p2a: Dragapult
|-supereffective|p2a: Dragapult
|-damage|p2a: Dragapult|9/100
|-enditem|p2a: Dragapult|Heavy-Duty Boots|[from] move: Knock Off|[of] p1a: Gallade
|move|p2a: Dragapult|Will-O-Wisp|p1a: Gallade
|-status|p1a: Gallade|brn
|
|-damage|p1a: Gallade|94/100 brn|[from] brn
|upkeep
|turn|5
|
|t:|1760457695
|move|p1a: Gallade|Knock Off|p2a: Dragapult
|-supereffective|p2a: Dragapult
|-damage|p2a: Dragapult|0 fnt
|faint|p2a: Dragapult
|
|-heal|p1a: Gallade|100/100 brn|[from] item: Leftovers
|-damage|p1a: Gallade|94/100 brn|[from] brn
|upkeep
|
|t:|1760457707
|switch|p2a: Great Tusk|Great Tusk|100/100
|turn|6
|
|t:|1760457711
|move|p1a: Gallade|Psycho Cut|p2a: Great Tusk
|-supereffective|p2a: Great Tusk
|-damage|p2a: Great Tusk|59/100
|move|p2a: Great Tusk|Stealth Rock|p1a: Gallade
|-sidestart|p1: kittensnax|move: Stealth Rock
|
|-heal|p1a: Gallade|100/100 brn|[from] item: Leftovers
|-damage|p1a: Gallade|94/100 brn|[from] brn
|upkeep
|turn|7
|
|t:|1760457717
|move|p1a: Gallade|Sacred Sword|p2a: Great Tusk
|-damage|p2a: Great Tusk|31/100
|move|p2a: Great Tusk|Rapid Spin|p1a: Gallade
|-damage|p1a: Gallade|65/100 brn
|-boost|p2a: Great Tusk|spe|1
|
|-heal|p1a: Gallade|71/100 brn|[from] item: Leftovers
|-damage|p1a: Gallade|65/100 brn|[from] brn
|-fieldend|move: Trick Room
|upkeep
|turn|8
|
|t:|1760457722
|move|p2a: Great Tusk|Headlong Rush|p1a: Gallade
|-damage|p1a: Gallade|0 fnt
|-unboost|p2a: Great Tusk|def|1
|-unboost|p2a: Great Tusk|spd|1
|faint|p1a: Gallade
|
|upkeep
|
|t:|1760457729
|switch|p1a: Dragonite|Dragonite, M|100/100
|turn|9
|
|t:|1760457746
|move|p2a: Great Tusk|Ice Spinner|p1a: Dragonite
|-supereffective|p1a: Dragonite
|-damage|p1a: Dragonite|47/100
|move|p1a: Dragonite|Low Kick|p2a: Great Tusk
|-damage|p2a: Great Tusk|0 fnt
|faint|p2a: Great Tusk
|-end|p2a: Great Tusk|Protosynthesis|[silent]
|
|upkeep
|
|t:|1760457756
|switch|p2a: Tornadus|Tornadus-Therian, M|100/100
|turn|10
|
|t:|1760457767
|switch|p1a: a special boy|Porygon2|100/100
|-damage|p1a: a special boy|88/100|[from] Stealth Rock
|-ability|p1a: a special boy|Download|boost
|-boost|p1a: a special boy|atk|1
|move|p2a: Tornadus|Knock Off|p1a: a special boy
|-damage|p1a: a special boy|74/100
|-enditem|p1a: a special boy|Eviolite|[from] move: Knock Off|[of] p2a: Tornadus
|
|upkeep
|turn|11
|
|t:|1760457776
|move|p2a: Tornadus|U-turn|p1a: a special boy
|-damage|p1a: a special boy|59/100
|
|t:|1760457779
|switch|p2a: Slowking|Slowking-Galar, F|100/100|[from] U-turn
|move|p1a: a special boy|Ice Beam|p2a: Slowking
|-damage|p2a: Slowking|81/100
|
|upkeep
|turn|12
|
|t:|1760457784
|move|p1a: a special boy|Recover|p1a: a special boy
|-heal|p1a: a special boy|100/100
|move|p2a: Slowking|Sludge Bomb|p1a: a special boy
|-damage|p1a: a special boy|66/100
|-status|p1a: a special boy|psn
|
|-damage|p1a: a special boy|53/100 psn|[from] psn
|upkeep
|turn|13
|
|t:|1760457792
|switch|p1a: Ursaluna|Ursaluna, F|100/100
|-damage|p1a: Ursaluna|94/100|[from] Stealth Rock
|move|p2a: Slowking|Future Sight|p1a: Ursaluna
|-start|p2a: Slowking|move: Future Sight
|
|-status|p1a: Ursaluna|brn|[from] item: Flame Orb
|upkeep
|turn|14
|
|t:|1760457805
|switch|p2a: Kingambit|Kingambit, F|100/100
|-activate|p2a: Kingambit|ability: Supreme Overlord
|-start|p2a: Kingambit|fallen2|[silent]
|move|p1a: Ursaluna|Facade|p2a: Kingambit
|-resisted|p2a: Kingambit
|-damage|p2a: Kingambit|43/100
|
|-damage|p1a: Ursaluna|88/100 brn|[from] brn
|upkeep
|turn|15
|
|t:|1760457814
|move|p2a: Kingambit|Kowtow Cleave|p1a: Ursaluna
|-damage|p1a: Ursaluna|44/100 brn
|move|p1a: Ursaluna|Facade|p2a: Kingambit
|-resisted|p2a: Kingambit
|-damage|p2a: Kingambit|0 fnt
|faint|p2a: Kingambit
|-end|p2a: Kingambit|fallen2|[silent]
|
|-end|p1a: Ursaluna|move: Future Sight
|-damage|p1a: Ursaluna|4/100 brn
|-damage|p1a: Ursaluna|0 fnt|[from] brn
|faint|p1a: Ursaluna
|upkeep
|
|t:|1760457828
|switch|p2a: Tornadus|Tornadus-Therian, M|100/100
|switch|p1a: a special boy|Porygon2|53/100 psn
|-damage|p1a: a special boy|41/100 psn|[from] Stealth Rock
|-ability|p1a: a special boy|Download|boost
|-boost|p1a: a special boy|atk|1
|turn|16
|
|t:|1760457834
|move|p2a: Tornadus|Bleakwind Storm|p1a: a special boy
|-damage|p1a: a special boy|4/100 psn
|move|p1a: a special boy|Ice Beam|p2a: Tornadus
|-supereffective|p2a: Tornadus
|-damage|p2a: Tornadus|59/100
|
|-damage|p1a: a special boy|0 fnt|[from] psn
|faint|p1a: a special boy
|upkeep
|
|t:|1760457840
|switch|p1a: Primarina|Primarina, M|100/100
|-damage|p1a: Primarina|88/100|[from] Stealth Rock
|turn|17
|
|t:|1760457850
|move|p2a: Tornadus|U-turn|p1a: Primarina
|-resisted|p1a: Primarina
|-damage|p1a: Primarina|79/100
|
|t:|1760457852
|switch|p2a: Slowking|Slowking-Galar, F|100/100|[from] U-turn
|move|p1a: Primarina|Moonblast|p2a: Slowking
|-resisted|p2a: Slowking
|-damage|p2a: Slowking|86/100
|
|upkeep
|turn|18
|
|t:|1760457858
|-terastallize|p1a: Primarina|Steel
|move|p1a: Primarina|Shadow Ball|p2a: Slowking
|-supereffective|p2a: Slowking
|-damage|p2a: Slowking|48/100
|-prepare|p2a: Slowking|Chilly Reception|[premajor]
|move|p2a: Slowking|Chilly Reception|p2a: Slowking
|-weather|Snowscape
|
|t:|1760457863
|switch|p2a: Tornadus|Tornadus-Therian, M|92/100|[from] Chilly Reception
|
|-weather|Snowscape|[upkeep]
|upkeep
|turn|19
|
|t:|1760457872
|move|p2a: Tornadus|Heat Wave|p1a: Primarina
|-supereffective|p1a: Primarina
|-damage|p1a: Primarina|55/100
|move|p1a: Primarina|Moonblast|p2a: Tornadus
|-damage|p2a: Tornadus|57/100
|
|-weather|Snowscape|[upkeep]
|upkeep
|turn|20
|
|t:|1760457878
|move|p2a: Tornadus|Knock Off|p1a: Primarina
|-damage|p1a: Primarina|31/100
|-enditem|p1a: Primarina|Assault Vest|[from] move: Knock Off|[of] p2a: Tornadus
|move|p1a: Primarina|Moonblast|p2a: Tornadus
|-damage|p2a: Tornadus|23/100
|
|-weather|Snowscape|[upkeep]
|upkeep
|turn|21
|
|t:|1760457889
|switch|p1a: Dragonite|Dragonite, M|47/100
|move|p2a: Tornadus|U-turn|p1a: Dragonite
|-resisted|p1a: Dragonite
|-damage|p1a: Dragonite|40/100
|
|t:|1760457893
|switch|p2a: Hydrapple|Hydrapple, M|89/100|[from] U-turn
|
|-weather|Snowscape|[upkeep]
|upkeep
|turn|22
|
|t:|1760457900
|-terastallize|p2a: Hydrapple|Poison
|move|p1a: Dragonite|Blizzard|p2a: Hydrapple
|-damage|p2a: Hydrapple|67/100
|move|p2a: Hydrapple|Fickle Beam|p1a: Dragonite|[anim] Fickle Beam All Out
|-activate|p2a: Hydrapple|move: Fickle Beam
|-supereffective|p1a: Dragonite
|-damage|p1a: Dragonite|0 fnt
|faint|p1a: Dragonite
|-damage|p2a: Hydrapple|57/100|[from] item: Life Orb
|
|-weather|none
|upkeep
|
|t:|1760457906
|switch|p1a: Primarina|Primarina, M, tera:Steel|31/100
|-damage|p1a: Primarina|25/100|[from] Stealth Rock
|turn|23
|
|t:|1760457910
|move|p2a: Hydrapple|Leaf Storm|p1a: Primarina
|-resisted|p1a: Primarina
|-damage|p1a: Primarina|0 fnt
|-unboost|p2a: Hydrapple|spa|2
|faint|p1a: Primarina
|-damage|p2a: Hydrapple|47/100|[from] item: Life Orb
|
|win|kritath
|raw|kittensnax's rating: 1437 &rarr; <strong>1420</strong><br />(-17 for losing)
|raw|kritath's rating: 1490 &rarr; <strong>1507</strong><br />(+17 for winning)
|l|☆kritath
|player|p2|
|l|☆kittensnax
|player|p1|
