|j|☆Overgame00
|j|☆Silent1ine
|t:|1760380598
|gametype|singles
|player|p1|Overgame00|baker|1438
|player|p2|Silent1ine|palmer|1393
|gen|9
|tier|[Gen 9] OU
|rated|
|rule|HP Percentage Mod: HP is shown in percentages
|rule|Endless Battle Clause: Forcing endless battles is banned
|rule|Species Clause: Limit one of each Pokémon
|rule|OHKO Clause: OHKO moves are banned
|rule|Evasion Items Clause: Evasion items are banned
|rule|Evasion Moves Clause: Evasion moves are banned
|rule|Evasion Abilities Clause: Evasion abilities are banned
|rule|Sleep Moves Clause: Sleep-inducing moves are banned
|clearpoke
|poke|p1|Revavroom, F|
|poke|p1|Enamorus, F|
|poke|p1|Cinderace, F|
|poke|p1|Ting-Lu|
|poke|p1|Ogerpon-Wellspring, F|
|poke|p1|Raging Bolt|
|poke|p2|Great Tusk|
|poke|p2|Kyurem|
|poke|p2|Alomomola, M|
|poke|p2|Cinderace, M|
|poke|p2|Dragapult, F|
|poke|p2|Kingambit, M|
|teampreview
|
|t:|1760380612
|teamsize|p1|6
|teamsize|p2|6
|start
|switch|p1a: Cinderace|Cinderace, F|100/100
|switch|p2a: Tuskothy Cool|Great Tusk|100/100
|turn|1
|
|t:|1760380625
|-end|p2a: Tuskothy Cool|Protosynthesis|[silent]
|switch|p2a: Pinkacross Girl|Alomomola, M|100/100
|move|p1a: Cinderace|U-turn|p2a: Pinkacross Girl
|-start|p1a: Cinderace|typechange|Bug|[from] ability: Libero
|-damage|p2a: Pinkacross Girl|77/100
|
|t:|1760380630
|switch|p1a: Ogerpon|Ogerpon-Wellspring, F|100/100|[from] U-turn
|
|upkeep
|turn|2
|
|t:|1760380638
|switch|p2a: Velkhana|Kyurem|100/100
|-ability|p2a: Velkhana|Pressure
|move|p1a: Ogerpon|Swords Dance|p1a: Ogerpon
|-boost|p1a: Ogerpon|atk|2
|
|upkeep
|turn|3
|
|t:|1760380649
|move|p1a: Ogerpon|Ivy Cudgel|p2a: Velkhana|[anim] Ivy Cudgel Water
|-resisted|p2a: Velkhana
|-damage|p2a: Velkhana|40/100
|move|p2a: Velkhana|Freeze-Dry|p1a: Ogerpon
|-supereffective|p1a: Ogerpon
|-damage|p1a: Ogerpon|0 fnt
|faint|p1a: Ogerpon
|
|upkeep
|
|t:|1760380658
|switch|p1a: Enamorus|Enamorus, F|100/100
|turn|4
|
|t:|1760380666
|switch|p2a: Pinkacross Girl|Alomomola, M|100/100
|move|p1a: Enamorus|Moonblast|p2a: Pinkacross Girl
|-damage|p2a: Pinkacross Girl|77/100
|
|upkeep
|turn|5
|
|t:|1760380675
|switch|p1a: Ting-Lu|Ting-Lu|100/100
|-ability|p1a: Ting-Lu|Vessel of Ruin
|move|p2a: Pinkacross Girl|Mirror Coat||[still]
|-fail|p2a: Pinkacross Girl
|
|upkeep
|turn|6
|
|t:|1760380681
|move|p2a: Pinkacross Girl|Flip Turn|p1a: Ting-Lu
|-supereffective|p1a: Ting-Lu
|-damage|p1a: Ting-Lu|84/100
|
|t:|1760380682
|switch|p2a: Tuskothy Cool|Great Tusk|100/100|[from] Flip Turn
|move|p1a: Ting-Lu|Ruination|p2a: Tuskothy Cool
|-damage|p2a: Tuskothy Cool|51/100
|
|-heal|p1a: Ting-Lu|90/100|[from] item: Leftovers
|upkeep
|turn|7
|
|t:|1760380686
|move|p2a: Tuskothy Cool|Close Combat|p1a: Ting-Lu
|-supereffective|p1a: Ting-Lu
|-damage|p1a: Ting-Lu|0 fnt
|-unboost|p2a: Tuskothy Cool|def|1
|-unboost|p2a: Tuskothy Cool|spd|1
|faint|p1a: Ting-Lu
|
|upkeep
|
|t:|1760380695
|switch|p1a: Enamorus|Enamorus, F|100/100
|turn|8
|
|t:|1760380697
|-end|p2a: Tuskothy Cool|Protosynthesis|[silent]
|switch|p2a: Pinkacross Girl|Alomomola, M|100/100
|move|p1a: Enamorus|Moonblast|p2a: Pinkacross Girl
|-damage|p2a: Pinkacross Girl|77/100
|-unboost|p2a: Pinkacross Girl|spa|1
|
|upkeep
|turn|9
|
|t:|1760380705
|switch|p1a: Raging Bolt|Raging Bolt|100/100
|-enditem|p1a: Raging Bolt|Booster Energy
|-activate|p1a: Raging Bolt|ability: Protosynthesis|[fromitem]
|-start|p1a: Raging Bolt|protosynthesisspa
|move|p2a: Pinkacross Girl|Flip Turn|p1a: Raging Bolt
|-resisted|p1a: Raging Bolt
|-damage|p1a: Raging Bolt|94/100
|
|t:|1760380707
|switch|p2a: Tuskothy Cool|Great Tusk|51/100|[from] Flip Turn
|
|upkeep
|turn|10
|
|t:|1760380713
|-terastallize|p1a: Raging Bolt|Fairy
|move|p2a: Tuskothy Cool|Ice Spinner|p1a: Raging Bolt
|-damage|p1a: Raging Bolt|59/100
|move|p1a: Raging Bolt|Draco Meteor|p2a: Tuskothy Cool
|-damage|p2a: Tuskothy Cool|0 fnt
|-unboost|p1a: Raging Bolt|spa|2
|faint|p2a: Tuskothy Cool
|-end|p2a: Tuskothy Cool|Protosynthesis|[silent]
|
|upkeep
|
|t:|1760380725
|switch|p2a: WingWambit|Kingambit, M|100/100
|-activate|p2a: WingWambit|ability: Supreme Overlord
|-start|p2a: WingWambit|fallen1|[silent]
|turn|11
|
|t:|1760380730
|-end|p1a: Raging Bolt|Protosynthesis|[silent]
|switch|p1a: Cinderace|Cinderace, F|100/100
|move|p2a: WingWambit|Swords Dance|p2a: WingWambit
|-boost|p2a: WingWambit|atk|2
|
|upkeep
|turn|12
|
|t:|1760380739
|-end|p2a: WingWambit|fallen1|[silent]
|switch|p2a: Pinkacross Girl|Alomomola, M|100/100
|move|p1a: Cinderace|Sucker Punch||[still]
|-fail|p1a: Cinderace
|
|upkeep
|turn|13
|
|t:|1760380744
|move|p1a: Cinderace|U-turn|p2a: Pinkacross Girl
|-start|p1a: Cinderace|typechange|Bug|[from] ability: Libero
|-damage|p2a: Pinkacross Girl|77/100
|
|t:|1760380750
|switch|p1a: Raging Bolt|Raging Bolt, tera:Fairy|59/100|[from] U-turn
|move|p2a: Pinkacross Girl|Flip Turn|p1a: Raging Bolt
|-damage|p1a: Raging Bolt|46/100
|j| arturohdez
|
|t:|1760380757
|switch|p2a: Velkhana|Kyurem|40/100|[from] Flip Turn
|-ability|p2a: Velkhana|Pressure
|
|upkeep
|turn|14
|
|t:|1760380763
|move|p1a: Raging Bolt|Thunderclap|p2a: Velkhana
|-resisted|p2a: Velkhana
|-damage|p2a: Velkhana|21/100
|move|p2a: Velkhana|Ice Beam|p1a: Raging Bolt
|-damage|p1a: Raging Bolt|0 fnt
|faint|p1a: Raging Bolt
|-end|p1a: Raging Bolt|Protosynthesis|[silent]
|
|upkeep
|
|t:|1760380770
|switch|p1a: Revavroom|Revavroom, F|100/100
|turn|15
|
|t:|1760380780
|switch|p2a: Tsunderace|Cinderace, M|100/100
|move|p1a: Revavroom|Shift Gear|p1a: Revavroom
|-boost|p1a: Revavroom|spe|2
|-boost|p1a: Revavroom|atk|1
|
|upkeep
|turn|16
|
|t:|1760380783
|move|p1a: Revavroom|High Horsepower|p2a: Tsunderace
|-supereffective|p2a: Tsunderace
|-damage|p2a: Tsunderace|0 fnt
|faint|p2a: Tsunderace
|
|upkeep
|
|t:|1760380792
|switch|p2a: Pinkacross Girl|Alomomola, M|100/100
|turn|17
|
|t:|1760380798
|move|p1a: Revavroom|Shift Gear|p1a: Revavroom
|-boost|p1a: Revavroom|spe|2
|-boost|p1a: Revavroom|atk|1
|move|p2a: Pinkacross Girl|Scald|p1a: Revavroom
|-damage|p1a: Revavroom|81/100
|-status|p1a: Revavroom|brn
|
|-heal|p1a: Revavroom|87/100 brn|[from] item: Leftovers
|-damage|p1a: Revavroom|81/100 brn|[from] brn
|upkeep
|turn|18
|
|t:|1760380802
|move|p1a: Revavroom|Shift Gear|p1a: Revavroom
|-boost|p1a: Revavroom|spe|2
|-boost|p1a: Revavroom|atk|1
|move|p2a: Pinkacross Girl|Flip Turn|p1a: Revavroom
|-damage|p1a: Revavroom|60/100 brn
|l| arturohdez
|
|t:|1760380808
|switch|p2a: WingWambit|Kingambit, M|100/100|[from] Flip Turn
|-activate|p2a: WingWambit|ability: Supreme Overlord
|-start|p2a: WingWambit|fallen2|[silent]
|
|-heal|p1a: Revavroom|66/100 brn|[from] item: Leftovers
|-damage|p1a: Revavroom|60/100 brn|[from] brn
|upkeep
|turn|19
|
|t:|1760380816
|move|p2a: WingWambit|Sucker Punch|p1a: Revavroom
|-damage|p1a: Revavroom|1/100 brn
|move|p1a: Revavroom|High Horsepower|p2a: WingWambit
|-supereffective|p2a: WingWambit
|-damage|p2a: WingWambit|40/100
|
|-heal|p1a: Revavroom|7/100 brn|[from] item: Leftovers
|-heal|p2a: WingWambit|47/100|[from] item: Leftovers
|-damage|p1a: Revavroom|1/100 brn|[from] brn
|upkeep
|turn|20
|
|t:|1760380822
|move|p2a: WingWambit|Sucker Punch||[still]
|-fail|p2a: WingWambit
|move|p1a: Revavroom|Shift Gear|p1a: Revavroom
|-boost|p1a: Revavroom|spe|0
|-boost|p1a: Revavroom|atk|1
|
|-heal|p1a: Revavroom|7/100 brn|[from] item: Leftovers
|-heal|p2a: WingWambit|53/100|[from] item: Leftovers
|-damage|p1a: Revavroom|1/100 brn|[from] brn
|upkeep
|turn|21
|
|t:|1760380834
|move|p2a: WingWambit|Sucker Punch|p1a: Revavroom
|-damage|p1a: Revavroom|0 fnt
|faint|p1a: Revavroom
|
|-heal|p2a: WingWambit|59/100|[from] item: Leftovers
|upkeep
|
|t:|1760380837
|switch|p1a: Cinderace|Cinderace, F|100/100
|turn|22
|
|t:|1760380841
|-end|p2a: WingWambit|fallen2|[silent]
|switch|p2a: Pinkacross Girl|Alomomola, M|100/100
|move|p1a: Cinderace|Pyro Ball|p2a: Pinkacross Girl|[miss]
|-miss|p1a: Cinderace|p2a: Pinkacross Girl
|
|upkeep
|turn|23
|
|t:|1760380846
|move|p1a: Cinderace|Sucker Punch|p2a: Pinkacross Girl
|-start|p1a: Cinderace|typechange|Dark|[from] ability: Libero
|-damage|p2a: Pinkacross Girl|73/100
|move|p2a: Pinkacross Girl|Flip Turn|p1a: Cinderace
|-damage|p1a: Cinderace|77/100
|
|t:|1760380851
|switch|p2a: CUBE|Dragapult, F|100/100|[from] Flip Turn
|
|upkeep
|turn|24
|
|t:|1760380854
|switch|p2a: Pinkacross Girl|Alomomola, M|100/100
|move|p1a: Cinderace|Sucker Punch||[still]
|-fail|p1a: Cinderace
|
|upkeep
|turn|25
|
|t:|1760380857
|move|p1a: Cinderace|U-turn|p2a: Pinkacross Girl
|-damage|p2a: Pinkacross Girl|84/100
|
|t:|1760380859
|switch|p1a: Enamorus|Enamorus, F|100/100|[from] U-turn
|move|p2a: Pinkacross Girl|Scald|p1a: Enamorus
|-damage|p1a: Enamorus|80/100
|-status|p1a: Enamorus|brn
|
|-damage|p1a: Enamorus|74/100 brn|[from] brn
|upkeep
|turn|26
|
|t:|1760380864
|move|p1a: Enamorus|Moonblast|p2a: Pinkacross Girl
|-damage|p2a: Pinkacross Girl|59/100
|-unboost|p2a: Pinkacross Girl|spa|1
|move|p2a: Pinkacross Girl|Mirror Coat|p1a: Enamorus
|-damage|p1a: Enamorus|0 fnt
|faint|p1a: Enamorus
|
|upkeep
|
|t:|1760380867
|switch|p1a: Cinderace|Cinderace, F|77/100
|turn|27
|c|☆Overgame00|Gg
|-message|Overgame00 forfeited.
|
|win|Silent1ine
|raw|Overgame00's rating: 1438 &rarr; <strong>1415</strong><br />(-23 for losing)
|raw|Silent1ine's rating: 1393 &rarr; <strong>1416</strong><br />(+23 for winning)
|l|☆Overgame00
|player|p1|
|c|☆Silent1ine|Gg
