|j|☆suijilurenjia
|j|☆ultimanugs
|t:|1760361155
|gametype|singles
|player|p1|suijilurenjia|bugcatcher-gen4dp|1040
|player|p2|ultimanugs|skierf|1089
|gen|9
|tier|[Gen 9] OU
|rated|
|rule|HP Percentage Mod: HP is shown in percentages
|rule|Endless Battle Clause: Forcing endless battles is banned
|rule|Species Clause: Limit one of each Pokémon
|rule|OHKO Clause: OHKO moves are banned
|rule|Evasion Items Clause: Evasion items are banned
|rule|Evasion Moves Clause: Evasion moves are banned
|rule|Evasion Abilities Clause: Evasion abilities are banned
|rule|Sleep Moves Clause: Sleep-inducing moves are banned
|clearpoke
|poke|p1|Dragonite, M|
|poke|p1|Charizard, F|
|poke|p1|Gyarados, M|
|poke|p1|Zapdos|
|poke|p1|Gengar, F|
|poke|p1|Rhyperior, M|
|poke|p2|Ogerpon-Wellspring, F|
|poke|p2|Toxapex, M|
|poke|p2|Heatran, F|
|poke|p2|Hatterene, F|
|poke|p2|Walking Wake|
|poke|p2|Iron Hands|
|teampreview
|inactive|Battle timer is ON: inactive players will automatically lose when time's up. (requested by ultimanugs)
|
|t:|1760361170
|teamsize|p1|6
|teamsize|p2|6
|start
|switch|p1a: Charizard|Charizard, F|100/100
|switch|p2a: Hatterene|Hatterene, F, shiny|100/100
|turn|1
|
|t:|1760361181
|move|p1a: Charizard|Scorching Sands|p2a: Hatterene
|-damage|p2a: Hatterene|76/100
|move|p2a: Hatterene|Light Screen|p2a: Hatterene
|-sidestart|p2: ultimanugs|move: Light Screen
|
|-heal|p2a: Hatterene|82/100|[from] item: Leftovers
|upkeep
|turn|2
|
|t:|1760361196
|switch|p1a: Rhyperior|Rhyperior, M|100/100
|move|p2a: Hatterene|Reflect|p2a: Hatterene
|-sidestart|p2: ultimanugs|Reflect
|
|-heal|p2a: Hatterene|88/100|[from] item: Leftovers
|upkeep
|turn|3
|
|t:|1760361210
|switch|p2a: Ogerpon|Ogerpon-Wellspring, F|100/100
|move|p1a: Rhyperior|Stealth Rock|p2a: Ogerpon
|-sidestart|p2: ultimanugs|move: Stealth Rock
|
|upkeep
|turn|4
|
|t:|1760361216
|switch|p1a: Gyarados|Gyarados, M|100/100
|-ability|p1a: Gyarados|Intimidate|boost
|-unboost|p2a: Ogerpon|atk|1
|move|p2a: Ogerpon|Encore||[still]
|-fail|p2a: Ogerpon
|
|upkeep
|turn|5
|
|t:|1760361230
|move|p2a: Ogerpon|Swords Dance|p2a: Ogerpon
|-boost|p2a: Ogerpon|atk|2
|move|p1a: Gyarados|Scale Shot|p2a: Ogerpon
|-damage|p2a: Ogerpon|93/100
|-damage|p2a: Ogerpon|85/100
|-hitcount|p2a: Ogerpon|2
|-unboost|p1a: Gyarados|def|1
|-boost|p1a: Gyarados|spe|1
|-damage|p1a: Gyarados|91/100|[from] item: Life Orb
|
|-sideend|p2: ultimanugs|move: Light Screen
|upkeep
|turn|6
|
|t:|1760361248
|move|p1a: Gyarados|Earthquake|p2a: Ogerpon
|-resisted|p2a: Ogerpon
|-damage|p2a: Ogerpon|70/100
|-damage|p1a: Gyarados|81/100|[from] item: Life Orb
|move|p2a: Ogerpon|Horn Leech|p1a: Gyarados
|-damage|p1a: Gyarados|0 fnt
|-heal|p2a: Ogerpon|100/100|[from] drain|[of] p1a: Gyarados
|faint|p1a: Gyarados
|
|-sideend|p2: ultimanugs|Reflect
|upkeep
|
|t:|1760361258
|switch|p1a: Zapdos|Zapdos|100/100
|turn|7
|c|☆ultimanugs|Need loaded dice for scale shot bro
|
|t:|1760361285
|switch|p2a: Hatterene|Hatterene, F, shiny|88/100
|-damage|p2a: Hatterene|76/100|[from] Stealth Rock
|move|p1a: Zapdos|Thunder|p2a: Hatterene
|-damage|p2a: Hatterene|9/100
|-status|p2a: Hatterene|par
|
|-heal|p2a: Hatterene|15/100 par|[from] item: Leftovers
|upkeep
|turn|8
|inactive|ultimanugs has 120 seconds left.
|
|t:|1760361304
|move|p1a: Zapdos|Ancient Power|p2a: Hatterene
|-damage|p2a: Hatterene|0 fnt
|faint|p2a: Hatterene
|
|upkeep
|inactive|ultimanugs has 120 seconds left.
|
|t:|1760361314
|switch|p2a: Toxapex|Toxapex, M|100/100
|-damage|p2a: Toxapex|88/100|[from] Stealth Rock
|turn|9
|inactive|ultimanugs has 120 seconds left.
|
|t:|1760361322
|switch|p2a: Iron Hands|Iron Hands|100/100
|-damage|p2a: Iron Hands|94/100|[from] Stealth Rock
|move|p1a: Zapdos|Volt Switch|p2a: Iron Hands
|-resisted|p2a: Iron Hands
|-damage|p2a: Iron Hands|85/100
|
|t:|1760361330
|switch|p1a: Rhyperior|Rhyperior, M|100/100|[from] Volt Switch
|
|upkeep
|turn|10
|
|t:|1760361338
|move|p2a: Iron Hands|Fake Out|p1a: Rhyperior
|-resisted|p1a: Rhyperior
|-damage|p1a: Rhyperior|96/100
|cant|p1a: Rhyperior|flinch
|
|-heal|p1a: Rhyperior|100/100|[from] item: Leftovers
|upkeep
|turn|11
|
|t:|1760361351
|-end|p2a: Iron Hands|Quark Drive|[silent]
|switch|p2a: Ogerpon|Ogerpon-Wellspring, F|100/100
|-damage|p2a: Ogerpon|88/100|[from] Stealth Rock
|move|p1a: Rhyperior|Stone Edge|p2a: Ogerpon
|-damage|p2a: Ogerpon|25/100
|
|upkeep
|turn|12
|
|t:|1760361362
|switch|p1a: Zapdos|Zapdos|100/100
|move|p2a: Ogerpon|Horn Leech|p1a: Zapdos
|-resisted|p1a: Zapdos
|-damage|p1a: Zapdos|78/100
|-heal|p2a: Ogerpon|40/100|[from] drain|[of] p1a: Zapdos
|
|upkeep
|turn|13
|
|t:|1760361371
|move|p2a: Ogerpon|Ivy Cudgel|p1a: Zapdos|[anim] Ivy Cudgel Water
|-damage|p1a: Zapdos|14/100
|move|p1a: Zapdos|Thunder|p2a: Ogerpon
|-damage|p2a: Ogerpon|0 fnt
|faint|p2a: Ogerpon
|
|upkeep
|
|t:|1760361381
|switch|p2a: Iron Hands|Iron Hands|85/100
|-damage|p2a: Iron Hands|79/100|[from] Stealth Rock
|turn|14
|
|t:|1760361387
|switch|p1a: Rhyperior|Rhyperior, M|100/100
|move|p2a: Iron Hands|Fake Out|p1a: Rhyperior
|-resisted|p1a: Rhyperior
|-damage|p1a: Rhyperior|96/100
|
|-heal|p1a: Rhyperior|100/100|[from] item: Leftovers
|upkeep
|turn|15
|
|t:|1760361398
|move|p2a: Iron Hands|Drain Punch|p1a: Rhyperior
|-supereffective|p1a: Rhyperior
|-damage|p1a: Rhyperior|68/100
|-heal|p2a: Iron Hands|94/100|[from] drain|[of] p1a: Rhyperior
|move|p1a: Rhyperior|Earthquake|p2a: Iron Hands
|-supereffective|p2a: Iron Hands
|-damage|p2a: Iron Hands|33/100
|
|-heal|p1a: Rhyperior|74/100|[from] item: Leftovers
|upkeep
|turn|16
|
|t:|1760361412
|-end|p2a: Iron Hands|Quark Drive|[silent]
|switch|p2a: Walking Wake|Walking Wake|100/100
|-damage|p2a: Walking Wake|88/100|[from] Stealth Rock
|move|p1a: Rhyperior|Earthquake|p2a: Walking Wake
|-damage|p2a: Walking Wake|39/100
|
|-heal|p1a: Rhyperior|80/100|[from] item: Leftovers
|upkeep
|turn|17
|-message|ultimanugs forfeited.
|
|win|suijilurenjia
|raw|suijilurenjia's rating: 1040 &rarr; <strong>1079</strong><br />(+39 for winning)
|raw|ultimanugs's rating: 1089 &rarr; <strong>1062</strong><br />(-27 for losing)
|l|☆ultimanugs
|player|p2|
