|j|☆belphegorr
|j|☆Lonelyenders
|t:|1760441232
|gametype|singles
|player|p1|belphegorr|hoopster|1350
|player|p2|Lonelyenders|acetrainer|1337
|gen|9
|tier|[Gen 9] OU
|rated|
|rule|HP Percentage Mod: HP is shown in percentages
|rule|Endless Battle Clause: Forcing endless battles is banned
|rule|Species Clause: Limit one of each Pokémon
|rule|OHKO Clause: OHKO moves are banned
|rule|Evasion Items Clause: Evasion items are banned
|rule|Evasion Moves Clause: Evasion moves are banned
|rule|Evasion Abilities Clause: Evasion abilities are banned
|rule|Sleep Moves Clause: Sleep-inducing moves are banned
|clearpoke
|poke|p1|Samurott-Hisui, M|
|poke|p1|Coalossal, M|
|poke|p1|Scyther, F|
|poke|p1|Ogerpon, F|
|poke|p1|Weavile, M|
|poke|p1|Gengar, M|
|poke|p2|Great Tusk|
|poke|p2|Rillaboom, M|
|poke|p2|Dragonite, M|
|poke|p2|Zapdos|
|poke|p2|Comfey, F|
|poke|p2|Heatran, F|
|teampreview
|inactive|Battle timer is ON: inactive players will automatically lose when time's up. (requested by Lonelyenders)
|
|t:|1760441239
|teamsize|p1|6
|teamsize|p2|6
|start
|switch|p1a: Samurott|Samurott-Hisui, M, shiny|100/100
|switch|p2a: Rillaboom|Rillaboom, M, shiny|100/100
|-fieldstart|move: Grassy Terrain|[from] ability: Grassy Surge|[of] p2a: Rillaboom
|turn|1
|
|t:|1760441243
|switch|p1a: Coalossal|Coalossal, M|100/100
|move|p2a: Rillaboom|Knock Off|p1a: Coalossal
|-damage|p1a: Coalossal|77/100
|-damage|p2a: Rillaboom|84/100|[from] item: Rocky Helmet|[of] p1a: Coalossal
|-enditem|p1a: Coalossal|Rocky Helmet|[from] move: Knock Off|[of] p2a: Rillaboom
|-damage|p2a: Rillaboom|74/100|[from] item: Life Orb
|
|-heal|p2a: Rillaboom|80/100|[from] Grassy Terrain
|-heal|p1a: Coalossal|83/100|[from] Grassy Terrain
|upkeep
|turn|2
|
|t:|1760441252
|switch|p2a: Heatran|Heatran, F|100/100
|move|p1a: Coalossal|Stealth Rock|p2a: Heatran
|-sidestart|p2: Lonelyenders|move: Stealth Rock
|
|-heal|p1a: Coalossal|89/100|[from] Grassy Terrain
|upkeep
|turn|3
|
|t:|1760441259
|switch|p1a: Samurott|Samurott-Hisui, M, shiny|100/100
|move|p2a: Heatran|Earth Power|p1a: Samurott
|-damage|p1a: Samurott|64/100
|
|-heal|p1a: Samurott|70/100|[from] Grassy Terrain
|upkeep
|turn|4
|
|t:|1760441268
|switch|p2a: Zapdos|Zapdos|100/100
|move|p1a: Samurott|Ceaseless Edge|p2a: Zapdos|[miss]
|-miss|p1a: Samurott|p2a: Zapdos
|
|-heal|p1a: Samurott|76/100|[from] Grassy Terrain
|upkeep
|turn|5
|
|t:|1760441272
|move|p2a: Zapdos|Discharge|p1a: Samurott
|-supereffective|p1a: Samurott
|-damage|p1a: Samurott|0 fnt
|faint|p1a: Samurott
|
|-fieldend|move: Grassy Terrain
|upkeep
|
|t:|1760441277
|switch|p1a: Weavile|Weavile, M|100/100
|turn|6
|
|t:|1760441286
|switch|p2a: Heatran|Heatran, F|100/100
|-damage|p2a: Heatran|88/100|[from] Stealth Rock
|move|p1a: Weavile|Hone Claws|p1a: Weavile
|-boost|p1a: Weavile|atk|1
|-boost|p1a: Weavile|accuracy|1
|
|-heal|p2a: Heatran|94/100|[from] item: Leftovers
|upkeep
|turn|7
|
|t:|1760441294
|move|p1a: Weavile|Knock Off|p2a: Heatran
|-damage|p2a: Heatran|29/100
|-enditem|p2a: Heatran|Leftovers|[from] move: Knock Off|[of] p1a: Weavile
|move|p2a: Heatran|Magma Storm|p1a: Weavile|[miss]
|-miss|p2a: Heatran|p1a: Weavile
|
|upkeep
|turn|8
|
|t:|1760441303
|switch|p2a: Zapdos|Zapdos|100/100
|move|p1a: Weavile|Knock Off|p2a: Zapdos
|-damage|p2a: Zapdos|23/100
|-enditem|p2a: Zapdos|Heavy-Duty Boots|[from] move: Knock Off|[of] p1a: Weavile
|
|upkeep
|turn|9
|
|t:|1760441310
|move|p1a: Weavile|Knock Off|p2a: Zapdos
|-damage|p2a: Zapdos|0 fnt
|faint|p2a: Zapdos
|
|upkeep
|
|t:|1760441314
|switch|p2a: Dragonite|Dragonite, M|100/100
|turn|10
|
|t:|1760441317
|-terastallize|p2a: Dragonite|Normal
|move|p1a: Weavile|Triple Axel|p2a: Dragonite
|-damage|p2a: Dragonite|92/100
|-damage|p2a: Dragonite|60/100
|-damage|p2a: Dragonite|13/100
|-hitcount|p2a: Dragonite|3
|move|p2a: Dragonite|Dragon Dance|p2a: Dragonite
|-boost|p2a: Dragonite|atk|1
|-boost|p2a: Dragonite|spe|1
|
|upkeep
|turn|11
|
|t:|1760441325
|switch|p1a: Coalossal|Coalossal, M|89/100
|move|p2a: Dragonite|Extreme Speed|p1a: Coalossal
|-resisted|p1a: Coalossal
|-damage|p1a: Coalossal|71/100
|
|upkeep
|turn|12
|
|t:|1760441335
|move|p2a: Dragonite|Earthquake|p1a: Coalossal
|-supereffective|p1a: Coalossal
|-damage|p1a: Coalossal|0 fnt
|faint|p1a: Coalossal
|
|upkeep
|
|t:|1760441340
|switch|p1a: Scyther|Scyther, F, shiny|100/100
|turn|13
|
|t:|1760441345
|move|p2a: Dragonite|Extreme Speed|p1a: Scyther
|-damage|p1a: Scyther|37/100
|move|p1a: Scyther|Aerial Ace|p2a: Dragonite
|-damage|p2a: Dragonite|0 fnt
|faint|p2a: Dragonite
|
|upkeep
|
|t:|1760441350
|switch|p2a: Rillaboom|Rillaboom, M, shiny|80/100
|-damage|p2a: Rillaboom|68/100|[from] Stealth Rock
|-fieldstart|move: Grassy Terrain|[from] ability: Grassy Surge|[of] p2a: Rillaboom
|turn|14
|
|t:|1760441356
|move|p1a: Scyther|Aerial Ace|p2a: Rillaboom
|-supereffective|p2a: Rillaboom
|-damage|p2a: Rillaboom|0 fnt
|faint|p2a: Rillaboom
|
|upkeep
|
|t:|1760441359
|switch|p2a: Great Tusk|Great Tusk|100/100
|-damage|p2a: Great Tusk|98/100|[from] Stealth Rock
|-enditem|p2a: Great Tusk|Booster Energy
|-activate|p2a: Great Tusk|ability: Protosynthesis|[fromitem]
|-start|p2a: Great Tusk|protosynthesisatk
|turn|15
|
|t:|1760441365
|move|p1a: Scyther|Aerial Ace|p2a: Great Tusk
|-supereffective|p2a: Great Tusk
|-damage|p2a: Great Tusk|40/100
|move|p2a: Great Tusk|Rapid Spin|p1a: Scyther
|-damage|p1a: Scyther|15/100
|-boost|p2a: Great Tusk|spe|1
|-sideend|p2: Lonelyenders|Stealth Rock|[from] move: Rapid Spin|[of] p2a: Great Tusk
|
|-heal|p2a: Great Tusk|47/100|[from] Grassy Terrain
|upkeep
|turn|16
|
|t:|1760441370
|move|p2a: Great Tusk|Rapid Spin|p1a: Scyther
|-damage|p1a: Scyther|0 fnt
|-boost|p2a: Great Tusk|spe|1
|faint|p1a: Scyther
|
|-heal|p2a: Great Tusk|53/100|[from] Grassy Terrain
|upkeep
|
|t:|1760441374
|switch|p1a: Gengar|Gengar, M|100/100
|turn|17
|
|t:|1760441376
|move|p2a: Great Tusk|Knock Off|p1a: Gengar
|-supereffective|p1a: Gengar
|-enditem|p1a: Gengar|Focus Sash
|-damage|p1a: Gengar|1/100
|move|p1a: Gengar|Sludge Wave|p2a: Great Tusk
|-resisted|p2a: Great Tusk
|-crit|p2a: Great Tusk
|-damage|p2a: Great Tusk|0 fnt
|faint|p2a: Great Tusk
|-end|p2a: Great Tusk|Protosynthesis|[silent]
|
|-heal|p1a: Gengar|7/100|[from] Grassy Terrain
|upkeep
|
|t:|1760441379
|switch|p2a: Comfey|Comfey, F|100/100
|turn|18
|
|t:|1760441385
|move|p2a: Comfey|Draining Kiss|p1a: Gengar
|-resisted|p1a: Gengar
|-damage|p1a: Gengar|0 fnt
|faint|p1a: Gengar
|-damage|p2a: Comfey|91/100|[from] item: Life Orb
|
|-heal|p2a: Comfey|97/100|[from] Grassy Terrain
|-fieldend|move: Grassy Terrain
|upkeep
|
|t:|1760441390
|switch|p1a: Ogerpon|Ogerpon, F|100/100
|turn|19
|
|t:|1760441398
|move|p1a: Ogerpon|Ivy Cudgel|p2a: Comfey
|-crit|p2a: Comfey
|-damage|p2a: Comfey|6/100
|move|p2a: Comfey|Calm Mind|p2a: Comfey
|-boost|p2a: Comfey|spa|1
|-boost|p2a: Comfey|spd|1
|
|upkeep
|turn|20
|
|t:|1760441411
|move|p1a: Ogerpon|Ivy Cudgel|p2a: Comfey
|-damage|p2a: Comfey|0 fnt
|faint|p2a: Comfey
|
|upkeep
|-message|Lonelyenders forfeited.
|
|win|belphegorr
|raw|belphegorr's rating: 1350 &rarr; <strong>1369</strong><br />(+19 for winning)
|raw|Lonelyenders's rating: 1337 &rarr; <strong>1318</strong><br />(-19 for losing)
|l|☆Lonelyenders
|player|p2|
|l|☆belphegorr
|player|p1|
