|j|☆Iagordo
|j|☆eaycee88
|t:|1760444359
|gametype|singles
|player|p1|Iagordo|169|1336
|player|p2|eaycee88|102|1337
|gen|9
|tier|[Gen 9] OU
|rated|
|rule|HP Percentage Mod: HP is shown in percentages
|rule|Endless Battle Clause: Forcing endless battles is banned
|rule|Species Clause: Limit one of each Pokémon
|rule|OHKO Clause: OHKO moves are banned
|rule|Evasion Items Clause: Evasion items are banned
|rule|Evasion Moves Clause: Evasion moves are banned
|rule|Evasion Abilities Clause: Evasion abilities are banned
|rule|Sleep Moves Clause: Sleep-inducing moves are banned
|clearpoke
|poke|p1|Serperior, F|
|poke|p1|Umbreon, F|
|poke|p1|Ditto|
|poke|p1|Greninja-*, M|
|poke|p1|Weezing-Galar, F|
|poke|p1|Arcanine-Hisui, M|
|poke|p2|Darkrai|
|poke|p2|Quaquaval, M|
|poke|p2|Garganacl, M|
|poke|p2|Goodra-Hisui, F|
|poke|p2|Glimmora, F|
|poke|p2|Torterra, F|
|teampreview
|inactive|Battle timer is ON: inactive players will automatically lose when time's up. (requested by Iagordo)
|
|t:|1760444376
|teamsize|p1|6
|teamsize|p2|6
|start
|switch|p1a: Greninja|Greninja, M|100/100
|switch|p2a: Glimmora|Glimmora, F|100/100
|turn|1
|
|t:|1760444383
|move|p1a: Greninja|Hydro Pump|p2a: Glimmora|[miss]
|-miss|p1a: Greninja|p2a: Glimmora
|move|p2a: Glimmora|Rock Polish|p2a: Glimmora
|-boost|p2a: Glimmora|spe|2
|
|upkeep
|turn|2
|
|t:|1760444395
|move|p2a: Glimmora|Dazzling Gleam|p1a: Greninja
|-supereffective|p1a: Greninja
|-damage|p1a: Greninja|2/100
|move|p1a: Greninja|Hydro Pump|p2a: Glimmora|[miss]
|-miss|p1a: Greninja|p2a: Glimmora
|
|upkeep
|turn|3
|
|t:|1760444408
|move|p2a: Glimmora|Ancient Power|p1a: Greninja
|-damage|p1a: Greninja|0 fnt
|faint|p1a: Greninja
|
|upkeep
|c|☆Iagordo|great
|
|t:|1760444419
|switch|p1a: Ditto|Ditto, shiny|100/100
|-transform|p1a: Ditto|p2a: Glimmora|[from] ability: Imposter
|turn|4
|
|t:|1760444428
|move|p1a: Ditto|Ancient Power|p2a: Glimmora
|-damage|p2a: Glimmora|65/100
|move|p2a: Glimmora|Ancient Power|p1a: Ditto
|-damage|p1a: Ditto|54/100
|
|upkeep
|turn|5
|
|t:|1760444435
|move|p1a: Ditto|Ancient Power|p2a: Glimmora
|-damage|p2a: Glimmora|28/100
|move|p2a: Glimmora|Ancient Power|p1a: Ditto
|-damage|p1a: Ditto|8/100
|
|upkeep
|turn|6
|
|t:|1760444443
|move|p1a: Ditto|Ancient Power|p2a: Glimmora
|-damage|p2a: Glimmora|0 fnt
|faint|p2a: Glimmora
|
|upkeep
|
|t:|1760444446
|switch|p2a: Quaquaval|Quaquaval, M|100/100
|turn|7
|
|t:|1760444452
|switch|p1a: Serperior|Serperior, F|100/100
|move|p2a: Quaquaval|Aqua Jet|p1a: Serperior
|-resisted|p1a: Serperior
|-damage|p1a: Serperior|87/100
|
|-heal|p1a: Serperior|93/100|[from] item: Leftovers
|upkeep
|turn|8
|
|t:|1760444463
|move|p1a: Serperior|Leaf Storm|p2a: Quaquaval
|-supereffective|p2a: Quaquaval
|-enditem|p2a: Quaquaval|Focus Sash
|-damage|p2a: Quaquaval|1/100
|-boost|p1a: Serperior|spa|2
|move|p2a: Quaquaval|Swords Dance|p2a: Quaquaval
|-boost|p2a: Quaquaval|atk|2
|
|-heal|p1a: Serperior|99/100|[from] item: Leftovers
|upkeep
|turn|9
|
|t:|1760444469
|move|p1a: Serperior|Substitute|p1a: Serperior
|-start|p1a: Serperior|Substitute
|-damage|p1a: Serperior|75/100
|move|p2a: Quaquaval|Close Combat|p1a: Serperior
|-end|p1a: Serperior|Substitute
|-unboost|p2a: Quaquaval|def|1
|-unboost|p2a: Quaquaval|spd|1
|
|-heal|p1a: Serperior|81/100|[from] item: Leftovers
|upkeep
|turn|10
|
|t:|1760444474
|move|p1a: Serperior|Leaf Storm|p2a: Quaquaval
|-supereffective|p2a: Quaquaval
|-damage|p2a: Quaquaval|0 fnt
|-boost|p1a: Serperior|spa|2
|faint|p2a: Quaquaval
|
|-heal|p1a: Serperior|87/100|[from] item: Leftovers
|upkeep
|
|t:|1760444476
|switch|p2a: Goodra|Goodra-Hisui, F|100/100
|turn|11
|
|t:|1760444480
|-terastallize|p1a: Serperior|Ground
|move|p1a: Serperior|Tera Blast|p2a: Goodra|[anim] Tera Blast Ground
|-supereffective|p2a: Goodra
|-damage|p2a: Goodra|23/100
|move|p2a: Goodra|Flash Cannon|p1a: Serperior
|-damage|p1a: Serperior|40/100
|
|-heal|p1a: Serperior|46/100|[from] item: Leftovers
|upkeep
|turn|12
|
|t:|1760444494
|move|p1a: Serperior|Tera Blast|p2a: Goodra|[anim] Tera Blast Ground
|-supereffective|p2a: Goodra
|-damage|p2a: Goodra|0 fnt
|faint|p2a: Goodra
|
|-heal|p1a: Serperior|52/100|[from] item: Leftovers
|upkeep
|
|t:|1760444502
|switch|p2a: Darkrai|Darkrai|100/100
|turn|13
|
|t:|1760444505
|move|p1a: Serperior|Tera Blast|p2a: Darkrai|[anim] Tera Blast Ground
|-enditem|p2a: Darkrai|Focus Sash
|-damage|p2a: Darkrai|1/100
|move|p2a: Darkrai|Ice Beam|p1a: Serperior
|-supereffective|p1a: Serperior
|-damage|p1a: Serperior|0 fnt
|faint|p1a: Serperior
|
|upkeep
|
|t:|1760444514
|switch|p1a: Ditto|Ditto, shiny|8/100
|-transform|p1a: Ditto|p2a: Darkrai|[from] ability: Imposter
|turn|14
|
|t:|1760444522
|move|p1a: Ditto|Dark Pulse|p2a: Darkrai
|-resisted|p2a: Darkrai
|-damage|p2a: Darkrai|0 fnt
|faint|p2a: Darkrai
|
|upkeep
|
|t:|1760444527
|switch|p2a: Torterra|Torterra, F|100/100
|turn|15
|
|t:|1760444532
|move|p1a: Ditto|Dark Pulse|p2a: Torterra
|-damage|p2a: Torterra|50/100
|move|p2a: Torterra|Shell Smash|p2a: Torterra
|-unboost|p2a: Torterra|def|1
|-unboost|p2a: Torterra|spd|1
|-boost|p2a: Torterra|atk|2
|-boost|p2a: Torterra|spa|2
|-boost|p2a: Torterra|spe|2
|
|upkeep
|turn|16
|
|t:|1760444541
|switch|p1a: Weezing|Weezing-Galar, F|100/100
|-ability|p1a: Weezing|Neutralizing Gas
|move|p2a: Torterra|Bullet Seed|p1a: Weezing
|-resisted|p1a: Weezing
|-damage|p1a: Weezing|94/100
|-resisted|p1a: Weezing
|-damage|p1a: Weezing|86/100
|-resisted|p1a: Weezing
|-damage|p1a: Weezing|80/100
|-resisted|p1a: Weezing
|-damage|p1a: Weezing|73/100
|-hitcount|p1a: Weezing|4
|
|upkeep
|turn|17
|
|t:|1760444550
|move|p2a: Torterra|Earthquake|p1a: Weezing
|-supereffective|p1a: Weezing
|-damage|p1a: Weezing|0 fnt
|faint|p1a: Weezing
|-end|p1a: Weezing|ability: Neutralizing Gas
|
|upkeep
|
|t:|1760444553
|switch|p1a: Ditto|Ditto, shiny|8/100
|-transform|p1a: Ditto|p2a: Torterra|[from] ability: Imposter
|turn|18
|
|t:|1760444563
|move|p1a: Ditto|Earthquake|p2a: Torterra
|-resisted|p2a: Torterra
|-damage|p2a: Torterra|0 fnt
|faint|p2a: Torterra
|
|upkeep
|
|t:|1760444576
|switch|p2a: Garganacl|Garganacl, M|100/100
|turn|19
|
|t:|1760444580
|-terastallize|p2a: Garganacl|Ghost
|move|p1a: Ditto|Earthquake|p2a: Garganacl
|-damage|p2a: Garganacl|55/100
|move|p2a: Garganacl|Iron Defense|p2a: Garganacl
|-boost|p2a: Garganacl|def|2
|
|-heal|p2a: Garganacl|61/100|[from] item: Leftovers
|upkeep
|turn|20
|
|t:|1760444586
|move|p1a: Ditto|Earthquake|p2a: Garganacl
|-damage|p2a: Garganacl|40/100
|move|p2a: Garganacl|Iron Defense|p2a: Garganacl
|-boost|p2a: Garganacl|def|2
|
|-heal|p2a: Garganacl|47/100|[from] item: Leftovers
|upkeep
|turn|21
|
|t:|1760444591
|switch|p1a: Umbreon|Umbreon, F, shiny|100/100
|move|p2a: Garganacl|Recover|p2a: Garganacl
|-heal|p2a: Garganacl|97/100
|
|-heal|p2a: Garganacl|100/100|[from] item: Leftovers
|upkeep
|turn|22
|
|t:|1760444596
|move|p1a: Umbreon|Toxic|p2a: Garganacl
|-immune|p2a: Garganacl|[from] ability: Purifying Salt
|move|p2a: Garganacl|Body Press|p1a: Umbreon
|-supereffective|p1a: Umbreon
|-damage|p1a: Umbreon|0 fnt
|faint|p1a: Umbreon
|
|upkeep
|
|t:|1760444606
|switch|p1a: Arcanine|Arcanine-Hisui, M|100/100
|turn|23
|
|t:|1760444618
|move|p1a: Arcanine|Head Smash|p2a: Garganacl
|-damage|p2a: Garganacl|82/100
|move|p2a: Garganacl|Body Press|p1a: Arcanine
|-supereffective|p1a: Arcanine
|-damage|p1a: Arcanine|0 fnt
|faint|p1a: Arcanine
|
|-heal|p2a: Garganacl|89/100|[from] item: Leftovers
|upkeep
|
|t:|1760444626
|switch|p1a: Ditto|Ditto, shiny|8/100
|-transform|p1a: Ditto|p2a: Garganacl|[from] ability: Imposter
|-start|p1a: Ditto|typechange|Rock|[silent]
|turn|24
|
|t:|1760444632
|move|p1a: Ditto|Salt Cure|p2a: Garganacl
|-damage|p2a: Garganacl|86/100
|-start|p2a: Garganacl|Salt Cure
|move|p2a: Garganacl|Body Press|p1a: Ditto
|-supereffective|p1a: Ditto
|-damage|p1a: Ditto|0 fnt
|faint|p1a: Ditto
|
|win|eaycee88
|raw|Iagordo's rating: 1336 &rarr; <strong>1316</strong><br />(-20 for losing)
|raw|eaycee88's rating: 1337 &rarr; <strong>1357</strong><br />(+20 for winning)
|l|☆eaycee88
|player|p2|
|l|☆Iagordo
|player|p1|
