|j|☆vsbjevb
|j|☆BlzingTails
|t:|1760453372
|gametype|singles
|player|p1|vsbjevb|102|1085
|player|p2|BlzingTails|102|1053
|gen|9
|tier|[Gen 9] OU
|rated|
|rule|HP Percentage Mod: HP is shown in percentages
|rule|Endless Battle Clause: Forcing endless battles is banned
|rule|Species Clause: Limit one of each Pokémon
|rule|OHKO Clause: OHKO moves are banned
|rule|Evasion Items Clause: Evasion items are banned
|rule|Evasion Moves Clause: Evasion moves are banned
|rule|Evasion Abilities Clause: Evasion abilities are banned
|rule|Sleep Moves Clause: Sleep-inducing moves are banned
|clearpoke
|poke|p1|Farigiraf, M|
|poke|p1|Alomomola, M|
|poke|p1|Clefable, F|
|poke|p1|Gholdengo|
|poke|p1|Kyurem|
|poke|p1|Great Tusk|
|poke|p2|Metagross|
|poke|p2|Gliscor, M|
|poke|p2|Infernape, F|
|poke|p2|Luxray, F|
|poke|p2|Weavile, F|
|poke|p2|Hatterene, F|
|teampreview
|
|t:|1760453402
|teamsize|p1|6
|teamsize|p2|6
|start
|switch|p1a: Great Tusk|Great Tusk|100/100
|switch|p2a: Metagross|Metagross|100/100
|-enditem|p1a: Great Tusk|Booster Energy
|-activate|p1a: Great Tusk|ability: Protosynthesis|[fromitem]
|-start|p1a: Great Tusk|protosynthesisatk
|turn|1
|inactive|Battle timer is ON: inactive players will automatically lose when time's up. (requested by vsbjevb)
|
|t:|1760453428
|move|p1a: Great Tusk|Knock Off|p2a: Metagross
|-supereffective|p2a: Metagross
|-damage|p2a: Metagross|33/100
|-enditem|p2a: Metagross|Choice Scarf|[from] move: Knock Off|[of] p1a: Great Tusk
|move|p2a: Metagross|Shadow Ball|p1a: Great Tusk
|-damage|p1a: Great Tusk|72/100
|
|upkeep
|turn|2
|
|t:|1760453437
|move|p1a: Great Tusk|Rapid Spin|p2a: Metagross
|-resisted|p2a: Metagross
|-damage|p2a: Metagross|24/100
|-boost|p1a: Great Tusk|spe|1
|move|p2a: Metagross|Ice Punch|p1a: Great Tusk
|-supereffective|p1a: Great Tusk
|-damage|p1a: Great Tusk|37/100
|
|upkeep
|turn|3
|
|t:|1760453450
|move|p1a: Great Tusk|Knock Off|p2a: Metagross
|-supereffective|p2a: Metagross
|-damage|p2a: Metagross|0 fnt
|faint|p2a: Metagross
|
|upkeep
|
|t:|1760453465
|switch|p2a: Weavile|Weavile, F|100/100
|-ability|p2a: Weavile|Pressure
|turn|4
|
|t:|1760453482
|switch|p2a: Hatterene|Hatterene, F|100/100
|move|p1a: Great Tusk|Close Combat|p2a: Hatterene
|-resisted|p2a: Hatterene
|-damage|p2a: Hatterene|75/100
|-unboost|p1a: Great Tusk|def|1
|-unboost|p1a: Great Tusk|spd|1
|
|upkeep
|turn|5
|
|t:|1760453491
|move|p1a: Great Tusk|Headlong Rush|p2a: Hatterene
|-damage|p2a: Hatterene|0 fnt
|-unboost|p1a: Great Tusk|def|1
|-unboost|p1a: Great Tusk|spd|1
|faint|p2a: Hatterene
|
|upkeep
|inactive|BlzingTails has 120 seconds left.
|
|t:|1760453526
|switch|p2a: Gliscor|Gliscor, M|100/100
|turn|6
|inactive|BlzingTails has 120 seconds left.
|
|t:|1760453536
|move|p1a: Great Tusk|Knock Off|p2a: Gliscor
|-damage|p2a: Gliscor|59/100
|-enditem|p2a: Gliscor|Expert Belt|[from] move: Knock Off|[of] p1a: Great Tusk
|move|p2a: Gliscor|Brick Break|p1a: Great Tusk
|-damage|p1a: Great Tusk|8/100
|
|upkeep
|turn|7
|inactive|BlzingTails has 120 seconds left.
|
|t:|1760453549
|move|p1a: Great Tusk|Close Combat|p2a: Gliscor
|-resisted|p2a: Gliscor
|-damage|p2a: Gliscor|18/100
|-unboost|p1a: Great Tusk|def|1
|-unboost|p1a: Great Tusk|spd|1
|move|p2a: Gliscor|Brick Break|p1a: Great Tusk
|-damage|p1a: Great Tusk|0 fnt
|faint|p1a: Great Tusk
|-end|p1a: Great Tusk|Protosynthesis|[silent]
|
|upkeep
|
|t:|1760453561
|switch|p1a: Alomomola|Alomomola, M|100/100
|turn|8
|
|t:|1760453568
|move|p2a: Gliscor|Throat Chop|p1a: Alomomola
|-damage|p1a: Alomomola|89/100
|-start|p1a: Alomomola|Throat Chop|[silent]
|-damage|p2a: Gliscor|1/100|[from] item: Rocky Helmet|[of] p1a: Alomomola
|move|p1a: Alomomola|Flip Turn|p2a: Gliscor
|-supereffective|p2a: Gliscor
|-damage|p2a: Gliscor|0 fnt
|faint|p2a: Gliscor
|
|t:|1760453575
|switch|p1a: Gholdengo|Gholdengo|100/100|[from] Flip Turn
|
|upkeep
|
|t:|1760453584
|switch|p2a: Infernape|Infernape, F|100/100
|turn|9
|
|t:|1760453596
|switch|p1a: Alomomola|Alomomola, M|100/100
|move|p2a: Infernape|Knock Off|p1a: Alomomola
|-damage|p1a: Alomomola|87/100
|-damage|p2a: Infernape|84/100|[from] item: Rocky Helmet|[of] p1a: Alomomola
|-enditem|p1a: Alomomola|Rocky Helmet|[from] move: Knock Off|[of] p2a: Infernape
|
|upkeep
|turn|10
|
|t:|1760453604
|move|p2a: Infernape|Thunder Punch|p1a: Alomomola
|-supereffective|p1a: Alomomola
|-damage|p1a: Alomomola|62/100
|move|p1a: Alomomola|Flip Turn|p2a: Infernape
|-supereffective|p2a: Infernape
|-damage|p2a: Infernape|40/100
|
|t:|1760453611
|switch|p1a: Gholdengo|Gholdengo|100/100|[from] Flip Turn
|
|upkeep
|turn|11
|
|t:|1760453618
|move|p1a: Gholdengo|Shadow Ball|p2a: Infernape
|-damage|p2a: Infernape|0 fnt
|faint|p2a: Infernape
|
|upkeep
|c|☆BlzingTails|HOLY HANNAH WHAT IS ALOMAMOLA's DEFENSE LIKE DANG
|
|t:|1760453643
|switch|p2a: Luxray|Luxray, F|100/100
|turn|12
|
|t:|1760453656
|move|p1a: Gholdengo|Shadow Ball|p2a: Luxray
|-damage|p2a: Luxray|41/100
|move|p2a: Luxray|Crunch|p1a: Gholdengo
|-supereffective|p1a: Gholdengo
|-damage|p1a: Gholdengo|46/100
|
|-status|p2a: Luxray|brn|[from] item: Flame Orb
|upkeep
|turn|13
|
|t:|1760453667
|move|p1a: Gholdengo|Shadow Ball|p2a: Luxray
|-damage|p2a: Luxray|0 fnt
|faint|p2a: Luxray
|
|upkeep
|
|t:|1760453673
|switch|p2a: Weavile|Weavile, F|100/100
|-ability|p2a: Weavile|Pressure
|turn|14
|
|t:|1760453678
|switch|p1a: Alomomola|Alomomola, M|95/100
|move|p2a: Weavile|Shadow Ball|p1a: Alomomola
|-damage|p1a: Alomomola|83/100
|
|upkeep
|turn|15
|
|t:|1760453691
|move|p1a: Alomomola|Liquidation|p2a: Weavile
|-damage|p2a: Weavile|66/100
|move|p2a: Weavile|Avalanche|p1a: Alomomola
|-resisted|p1a: Alomomola
|-damage|p1a: Alomomola|70/100
|
|upkeep
|turn|16
|
|t:|1760453697
|move|p2a: Weavile|Nasty Plot|p2a: Weavile
|-boost|p2a: Weavile|spa|2
|move|p1a: Alomomola|Liquidation|p2a: Weavile
|-damage|p2a: Weavile|29/100
|-unboost|p2a: Weavile|def|1
|
|upkeep
|turn|17
|
|t:|1760453704
|move|p2a: Weavile|Shadow Ball|p1a: Alomomola
|-damage|p1a: Alomomola|43/100
|move|p1a: Alomomola|Liquidation|p2a: Weavile
|-damage|p2a: Weavile|0 fnt
|faint|p2a: Weavile
|
|win|vsbjevb
|raw|vsbjevb's rating: 1085 &rarr; <strong>1110</strong><br />(+25 for winning)
|raw|BlzingTails's rating: 1053 &rarr; <strong>1037</strong><br />(-16 for losing)
|l|☆vsbjevb
|player|p1|
|l|☆BlzingTails
|player|p2|
