|j|☆butts99999
|j|☆Victini Road
|t:|1760310606
|gametype|singles
|player|p1|butts99999|skierf|1818
|player|p2|Victini Road|n|1785
|gen|9
|tier|[Gen 9] OU
|rated|
|rule|HP Percentage Mod: HP is shown in percentages
|rule|Endless Battle Clause: Forcing endless battles is banned
|rule|Species Clause: Limit one of each Pokémon
|rule|OHKO Clause: OHKO moves are banned
|rule|Evasion Items Clause: Evasion items are banned
|rule|Evasion Moves Clause: Evasion moves are banned
|rule|Evasion Abilities Clause: Evasion abilities are banned
|rule|Sleep Moves Clause: Sleep-inducing moves are banned
|clearpoke
|poke|p1|Dragonite, M|
|poke|p1|Gliscor, M|
|poke|p1|Manaphy|
|poke|p1|Darkrai|
|poke|p1|Zamazenta-*|
|poke|p1|Glimmora, F|
|poke|p2|Weavile, M|
|poke|p2|Dragonite, F|
|poke|p2|Great Tusk|
|poke|p2|Landorus-Therian, M|
|poke|p2|Kingambit, M|
|poke|p2|Iron Valiant|
|teampreview
|inactive|Battle timer is ON: inactive players will automatically lose when time's up. (requested by butts99999)
|j| Nikator98
|j| keyshotbab
|
|t:|1760310638
|teamsize|p1|6
|teamsize|p2|6
|start
|switch|p1a: Buddy|Dragonite, M, shiny|100/100
|switch|p2a: Weavile|Weavile, M|100/100
|-ability|p2a: Weavile|Pressure
|turn|1
|
|t:|1760310641
|switch|p1a: Shimmer|Glimmora, F, shiny|100/100
|move|p2a: Weavile|Swords Dance|p2a: Weavile
|-boost|p2a: Weavile|atk|2
|
|upkeep
|turn|2
|
|t:|1760310645
|move|p2a: Weavile|Beat Up|p1a: Shimmer
|-damage|p1a: Shimmer|87/100
|-activate|p1a: Shimmer|ability: Toxic Debris
|-sidestart|p2: Victini Road|move: Toxic Spikes
|-damage|p1a: Shimmer|75/100
|-activate|p1a: Shimmer|ability: Toxic Debris
|-sidestart|p2: Victini Road|move: Toxic Spikes
|-damage|p1a: Shimmer|62/100
|-damage|p1a: Shimmer|49/100
|-damage|p1a: Shimmer|36/100
|-crit|p1a: Shimmer
|-damage|p1a: Shimmer|15/100
|-hitcount|p1a: Shimmer|6
|-enditem|p1a: Shimmer|Red Card|[of] p2a: Weavile
|drag|p2a: Kingambit|Kingambit, M|100/100
|move|p1a: Shimmer|Power Gem|p2a: Kingambit
|-resisted|p2a: Kingambit
|-damage|p2a: Kingambit|83/100
|
|upkeep
|turn|3
|j| crowv2
|
|t:|1760310654
|move|p1a: Shimmer|Stealth Rock|p2a: Kingambit
|-sidestart|p2: Victini Road|move: Stealth Rock
|move|p2a: Kingambit|Iron Head|p1a: Shimmer
|-supereffective|p1a: Shimmer
|-damage|p1a: Shimmer|0 fnt
|faint|p1a: Shimmer
|-damage|p2a: Kingambit|74/100|[from] item: Life Orb
|
|upkeep
|
|t:|1760310662
|switch|p1a: Clifford|Zamazenta, shiny|100/100
|-ability|p1a: Clifford|Dauntless Shield|boost
|-boost|p1a: Clifford|def|1
|turn|4
|
|t:|1760310665
|-end|p2a: Kingambit|fallenundefined|[silent]
|switch|p2a: Landorus|Landorus-Therian, M|100/100
|-damage|p2a: Landorus|88/100|[from] Stealth Rock
|-ability|p2a: Landorus|Intimidate|boost
|-unboost|p1a: Clifford|atk|1
|move|p1a: Clifford|Iron Defense|p1a: Clifford
|-boost|p1a: Clifford|def|2
|
|upkeep
|turn|5
|
|t:|1760310669
|move|p1a: Clifford|Iron Defense|p1a: Clifford
|-boost|p1a: Clifford|def|2
|move|p2a: Landorus|Swords Dance|p2a: Landorus
|-boost|p2a: Landorus|atk|2
|
|upkeep
|turn|6
|
|t:|1760310675
|-terastallize|p2a: Landorus|Flying
|move|p1a: Clifford|Body Press|p2a: Landorus
|-resisted|p2a: Landorus
|-damage|p2a: Landorus|20/100
|move|p2a: Landorus|Tera Blast|p1a: Clifford|[anim] Tera Blast Flying
|-supereffective|p1a: Clifford
|-damage|p1a: Clifford|17/100
|-damage|p2a: Landorus|10/100|[from] item: Life Orb
|
|-heal|p1a: Clifford|24/100|[from] item: Leftovers
|upkeep
|turn|7
|
|t:|1760310684
|move|p1a: Clifford|Body Press|p2a: Landorus
|-resisted|p2a: Landorus
|-damage|p2a: Landorus|0 fnt
|faint|p2a: Landorus
|
|-heal|p1a: Clifford|30/100|[from] item: Leftovers
|upkeep
|
|t:|1760310689
|switch|p2a: Great Tusk|Great Tusk|100/100
|-status|p2a: Great Tusk|tox
|-damage|p2a: Great Tusk|98/100 tox|[from] Stealth Rock
|turn|8
|
|t:|1760310695
|move|p1a: Clifford|Body Press|p2a: Great Tusk
|-damage|p2a: Great Tusk|25/100 tox
|move|p2a: Great Tusk|Close Combat|p1a: Clifford
|-damage|p1a: Clifford|4/100
|-unboost|p2a: Great Tusk|def|1
|-unboost|p2a: Great Tusk|spd|1
|
|-heal|p1a: Clifford|10/100|[from] item: Leftovers
|-damage|p2a: Great Tusk|19/100 tox|[from] psn
|upkeep
|turn|9
|
|t:|1760310700
|move|p1a: Clifford|Body Press|p2a: Great Tusk
|-damage|p2a: Great Tusk|0 fnt
|faint|p2a: Great Tusk
|-end|p2a: Great Tusk|Protosynthesis|[silent]
|
|-heal|p1a: Clifford|16/100|[from] item: Leftovers
|upkeep
|
|t:|1760310702
|switch|p2a: Iron Valiant|Iron Valiant|100/100
|-status|p2a: Iron Valiant|tox
|-damage|p2a: Iron Valiant|94/100 tox|[from] Stealth Rock
|-enditem|p2a: Iron Valiant|Booster Energy
|-activate|p2a: Iron Valiant|ability: Quark Drive|[fromitem]
|-start|p2a: Iron Valiant|quarkdrivespe
|turn|10
|
|t:|1760310704
|move|p2a: Iron Valiant|Spirit Break|p1a: Clifford
|-supereffective|p1a: Clifford
|-damage|p1a: Clifford|0 fnt
|faint|p1a: Clifford
|
|-damage|p2a: Iron Valiant|88/100 tox|[from] psn
|upkeep
|
|t:|1760310711
|switch|p1a: Remmick|Gliscor, M, shiny|100/100
|turn|11
|
|t:|1760310718
|move|p1a: Remmick|Protect|p1a: Remmick
|-singleturn|p1a: Remmick|Protect
|move|p2a: Iron Valiant|Swords Dance|p2a: Iron Valiant
|-boost|p2a: Iron Valiant|atk|2
|
|-damage|p2a: Iron Valiant|76/100 tox|[from] psn
|-status|p1a: Remmick|tox|[from] item: Toxic Orb
|upkeep
|turn|12
|
|t:|1760310726
|move|p2a: Iron Valiant|Spirit Break|p1a: Remmick
|-damage|p1a: Remmick|32/100 tox
|-unboost|p1a: Remmick|spa|1
|move|p1a: Remmick|Swords Dance|p1a: Remmick
|-boost|p1a: Remmick|atk|2
|
|-damage|p2a: Iron Valiant|57/100 tox|[from] psn
|-heal|p1a: Remmick|45/100 tox|[from] ability: Poison Heal
|upkeep
|turn|13
|
|t:|1760310731
|move|p1a: Remmick|Protect|p1a: Remmick
|-singleturn|p1a: Remmick|Protect
|move|p2a: Iron Valiant|Swords Dance|p2a: Iron Valiant
|-boost|p2a: Iron Valiant|atk|2
|
|-damage|p2a: Iron Valiant|32/100 tox|[from] psn
|-heal|p1a: Remmick|57/100 tox|[from] ability: Poison Heal
|upkeep
|turn|14
|
|t:|1760310736
|move|p1a: Remmick|Protect||[still]
|-fail|p1a: Remmick
|move|p2a: Iron Valiant|Spirit Break|p1a: Remmick
|-damage|p1a: Remmick|0 fnt
|faint|p1a: Remmick
|
|-damage|p2a: Iron Valiant|1/100 tox|[from] psn
|upkeep
|
|t:|1760310745
|switch|p1a: Benadryl|Darkrai, shiny|100/100
|turn|15
|
|t:|1760310749
|move|p2a: Iron Valiant|Close Combat|p1a: Benadryl
|-supereffective|p1a: Benadryl
|-crit|p1a: Benadryl
|-damage|p1a: Benadryl|0 fnt
|-unboost|p2a: Iron Valiant|def|1
|-unboost|p2a: Iron Valiant|spd|1
|faint|p1a: Benadryl
|
|-damage|p2a: Iron Valiant|0 fnt|[from] psn
|faint|p2a: Iron Valiant
|-end|p2a: Iron Valiant|Quark Drive|[silent]
|upkeep
|
|t:|1760310759
|switch|p1a: Bubbles|Manaphy, shiny|100/100
|switch|p2a: Dragonite|Dragonite, F|100/100
|turn|16
|
|t:|1760310763
|move|p1a: Bubbles|Alluring Voice|p2a: Dragonite
|-supereffective|p2a: Dragonite
|-damage|p2a: Dragonite|85/100
|move|p2a: Dragonite|Dragon Dance|p2a: Dragonite
|-boost|p2a: Dragonite|atk|1
|-boost|p2a: Dragonite|spe|1
|
|upkeep
|turn|17
|
|t:|1760310771
|move|p1a: Bubbles|Alluring Voice|p2a: Dragonite
|-supereffective|p2a: Dragonite
|-damage|p2a: Dragonite|53/100
|move|p2a: Dragonite|Dragon Dance|p2a: Dragonite
|-boost|p2a: Dragonite|atk|1
|-boost|p2a: Dragonite|spe|1
|
|upkeep
|turn|18
|
|t:|1760310780
|move|p2a: Dragonite|Roost|p2a: Dragonite
|-heal|p2a: Dragonite|100/100
|-singleturn|p2a: Dragonite|move: Roost
|move|p1a: Bubbles|Alluring Voice|p2a: Dragonite
|-supereffective|p2a: Dragonite
|-damage|p2a: Dragonite|85/100
|
|upkeep
|turn|19
|
|t:|1760310793
|move|p2a: Dragonite|Outrage|p1a: Bubbles
|-damage|p1a: Bubbles|0 fnt
|faint|p1a: Bubbles
|
|upkeep
|
|t:|1760310795
|switch|p1a: Buddy|Dragonite, M, shiny|100/100
|turn|20
|
|t:|1760310805
|-terastallize|p1a: Buddy|Fairy
|move|p2a: Dragonite|Outrage|p1a: Buddy|[from] lockedmove
|-immune|p1a: Buddy
|-start|p2a: Dragonite|confusion|[fatigue]
|move|p1a: Buddy|Tera Blast|p2a: Dragonite|[anim] Tera Blast Fairy
|-supereffective|p2a: Dragonite
|-damage|p2a: Dragonite|3/100
|
|upkeep
|turn|21
|c| crowv2|scarf manapjy?
|
|t:|1760310814
|-activate|p2a: Dragonite|confusion
|move|p2a: Dragonite|Earthquake|p1a: Buddy
|-damage|p1a: Buddy|61/100
|move|p1a: Buddy|Dragon Dance|p1a: Buddy
|-boost|p1a: Buddy|atk|1
|-boost|p1a: Buddy|spe|1
|
|upkeep
|turn|22
|c| crowv2|to surprise dragapults?
|
|t:|1760310820
|-activate|p2a: Dragonite|confusion
|move|p2a: Dragonite|Earthquake|p1a: Buddy
|-damage|p1a: Buddy|0 fnt
|faint|p1a: Buddy
|
|win|Victini Road
|raw|butts99999's rating: 1818 &rarr; <strong>1796</strong><br />(-22 for losing)
|raw|Victini Road's rating: 1785 &rarr; <strong>1807</strong><br />(+22 for winning)
|l|☆butts99999
|player|p1|
|c|☆Victini Road|gg
|c| Nikator98|It was slow nite likely
|l|☆Victini Road
|player|p2|
|l| keyshotbab
|l| crowv2
