|j|☆Swagataka
|j|☆sonic superstars
|t:|1760392155
|gametype|singles
|player|p1|Swagataka|byron|1729
|player|p2|sonic superstars|170|1728
|gen|9
|tier|[Gen 9] OU
|rated|
|rule|HP Percentage Mod: HP is shown in percentages
|rule|Endless Battle Clause: Forcing endless battles is banned
|rule|Species Clause: Limit one of each Pokémon
|rule|OHKO Clause: OHKO moves are banned
|rule|Evasion Items Clause: Evasion items are banned
|rule|Evasion Moves Clause: Evasion moves are banned
|rule|Evasion Abilities Clause: Evasion abilities are banned
|rule|Sleep Moves Clause: Sleep-inducing moves are banned
|clearpoke
|poke|p1|Kingambit, F|
|poke|p1|Regigigas|
|poke|p1|Great Tusk|
|poke|p1|Pecharunt|
|poke|p1|Crabominable, M|
|poke|p1|Zoroark-Hisui, M|
|poke|p2|Articuno-Galar|
|poke|p2|Zamazenta-*|
|poke|p2|Ogerpon-Wellspring, F|
|poke|p2|Hatterene, F|
|poke|p2|Dragapult, M|
|poke|p2|Iron Hands|
|teampreview
|j| OP Earthquakes
|
|t:|1760392184
|teamsize|p1|6
|teamsize|p2|6
|start
|switch|p1a: Crabominable|Crabominable, M|100/100
|switch|p2a: Mr Incredible|Zamazenta|100/100
|-ability|p2a: Mr Incredible|Dauntless Shield|boost
|-boost|p2a: Mr Incredible|def|1
|turn|1
|
|t:|1760392188
|switch|p1a: Pecharunt|Pecharunt|100/100
|move|p2a: Mr Incredible|Reflect|p2a: Mr Incredible
|-sidestart|p2: sonic superstars|Reflect
|
|upkeep
|turn|2
|
|t:|1760392192
|move|p2a: Mr Incredible|Light Screen|p2a: Mr Incredible
|-sidestart|p2: sonic superstars|move: Light Screen
|move|p1a: Pecharunt|Toxic|p2a: Mr Incredible
|-status|p2a: Mr Incredible|tox
|-start|p2a: Mr Incredible|confusion|[from] ability: Poison Puppeteer|[of] p1a: Pecharunt
|
|-damage|p2a: Mr Incredible|94/100 tox|[from] psn
|upkeep
|turn|3
|
|t:|1760392199
|switch|p2a: Ms Incredible|Hatterene, F|100/100
|move|p1a: Pecharunt|Toxic|p2a: Ms Incredible
|move|p2a: Ms Incredible|Toxic|p1a: Pecharunt|[from] ability: Magic Bounce
|-immune|p1a: Pecharunt
|
|upkeep
|turn|4
|
|t:|1760392211
|move|p1a: Pecharunt|Parting Shot|p2a: Ms Incredible
|move|p2a: Ms Incredible|Parting Shot|p1a: Pecharunt|[from] ability: Magic Bounce
|-unboost|p1a: Pecharunt|atk|1
|-unboost|p1a: Pecharunt|spa|1
|
|t:|1760392220
|switch|p2a: Iron Hands|Iron Hands|100/100|[from] Parting Shot
|
|upkeep
|turn|5
|
|t:|1760392237
|move|p1a: Pecharunt|Toxic|p2a: Iron Hands
|-status|p2a: Iron Hands|tox
|-start|p2a: Iron Hands|confusion|[from] ability: Poison Puppeteer|[of] p1a: Pecharunt
|-activate|p2a: Iron Hands|confusion
|move|p2a: Iron Hands|Swords Dance|p2a: Iron Hands
|-boost|p2a: Iron Hands|atk|2
|
|-damage|p2a: Iron Hands|94/100 tox|[from] psn
|upkeep
|turn|6
|j| Ctannn
|
|t:|1760392246
|switch|p1a: Kingambit|Kingambit, F|100/100
|-item|p1a: Kingambit|Air Balloon
|-activate|p2a: Iron Hands|confusion
|move|p2a: Iron Hands|Swords Dance|p2a: Iron Hands
|-boost|p2a: Iron Hands|atk|2
|
|-damage|p2a: Iron Hands|82/100 tox|[from] psn
|upkeep
|turn|7
|
|t:|1760392252
|switch|p1a: Pecharunt|Pecharunt|100/100
|-activate|p2a: Iron Hands|confusion
|-damage|p2a: Iron Hands|53/100 tox|[from] confusion
|
|-damage|p2a: Iron Hands|34/100 tox|[from] psn
|upkeep
|turn|8
|
|t:|1760392259
|move|p1a: Pecharunt|Parting Shot|p2a: Iron Hands
|-unboost|p2a: Iron Hands|atk|1
|-unboost|p2a: Iron Hands|spa|1
|
|t:|1760392260
|switch|p1a: Kingambit|Kingambit, F|100/100|[from] Parting Shot
|-item|p1a: Kingambit|Air Balloon
|-activate|p2a: Iron Hands|confusion
|move|p2a: Iron Hands|Ice Punch|p1a: Kingambit
|-damage|p1a: Kingambit|0 fnt
|replace|p1a: Linkin Zark|Zoroark-Hisui, M, shiny
|-end|p1a: Linkin Zark|Illusion
|-enditem|p1a: Linkin Zark|Air Balloon
|faint|p1a: Linkin Zark
|
|-damage|p2a: Iron Hands|10/100 tox|[from] psn
|-sideend|p2: sonic superstars|Reflect
|upkeep
|
|t:|1760392270
|switch|p1a: Pecharunt|Pecharunt|100/100
|turn|9
|
|t:|1760392274
|move|p1a: Pecharunt|Shadow Ball|p2a: Iron Hands
|-damage|p2a: Iron Hands|0 fnt
|faint|p2a: Iron Hands
|-end|p2a: Iron Hands|Quark Drive|[silent]
|
|-sideend|p2: sonic superstars|move: Light Screen
|upkeep
|
|t:|1760392285
|switch|p2a: Dash|Dragapult, M, shiny|100/100
|turn|10
|
|t:|1760392289
|switch|p2a: Mr Incredible|Zamazenta|94/100 tox
|switch|p1a: Regigigas|Regigigas, shiny|100/100
|-start|p1a: Regigigas|ability: Slow Start
|
|-damage|p2a: Mr Incredible|88/100 tox|[from] psn
|upkeep
|turn|11
|j| swagboss123456789
|
|t:|1760392292
|move|p2a: Mr Incredible|Reflect|p2a: Mr Incredible
|-sidestart|p2: sonic superstars|Reflect
|move|p1a: Regigigas|Knock Off|p2a: Mr Incredible
|-resisted|p2a: Mr Incredible
|-damage|p2a: Mr Incredible|85/100 tox
|-enditem|p2a: Mr Incredible|Light Clay|[from] move: Knock Off|[of] p1a: Regigigas
|
|-damage|p2a: Mr Incredible|73/100 tox|[from] psn
|upkeep
|turn|12
|
|t:|1760392297
|switch|p1a: Pecharunt|Pecharunt|100/100
|move|p2a: Mr Incredible|Body Press|p1a: Pecharunt
|-immune|p1a: Pecharunt
|
|-damage|p2a: Mr Incredible|54/100 tox|[from] psn
|upkeep
|turn|13
|
|t:|1760392304
|move|p2a: Mr Incredible|Light Screen|p2a: Mr Incredible
|-sidestart|p2: sonic superstars|move: Light Screen
|move|p1a: Pecharunt|Shadow Ball|p2a: Mr Incredible
|-damage|p2a: Mr Incredible|45/100 tox
|
|-damage|p2a: Mr Incredible|20/100 tox|[from] psn
|upkeep
|turn|14
|
|t:|1760392310
|switch|p2a: Violet|Ogerpon-Wellspring, F|100/100
|move|p1a: Pecharunt|Toxic|p2a: Violet
|-status|p2a: Violet|tox
|-start|p2a: Violet|confusion|[from] ability: Poison Puppeteer|[of] p1a: Pecharunt
|
|-damage|p2a: Violet|95/100 tox|[from] psn
|upkeep
|turn|15
|
|t:|1760392316
|-activate|p2a: Violet|confusion
|move|p2a: Violet|Swords Dance|p2a: Violet
|-boost|p2a: Violet|atk|2
|move|p1a: Pecharunt|Shadow Ball|p2a: Violet
|-damage|p2a: Violet|81/100 tox
|
|-damage|p2a: Violet|69/100 tox|[from] psn
|upkeep
|turn|16
|
|t:|1760392321
|-activate|p2a: Violet|confusion
|move|p2a: Violet|Ivy Cudgel|p1a: Pecharunt|[anim] Ivy Cudgel Water
|-crit|p1a: Pecharunt
|-damage|p1a: Pecharunt|21/100
|move|p1a: Pecharunt|Recover|p1a: Pecharunt
|-heal|p1a: Pecharunt|71/100
|
|-damage|p2a: Violet|51/100 tox|[from] psn
|upkeep
|turn|17
|
|t:|1760392325
|-activate|p2a: Violet|confusion
|-damage|p2a: Violet|14/100 tox|[from] confusion
|move|p1a: Pecharunt|Recover|p1a: Pecharunt
|-heal|p1a: Pecharunt|100/100
|
|-damage|p2a: Violet|0 fnt|[from] psn
|faint|p2a: Violet
|-sideend|p2: sonic superstars|move: Light Screen
|upkeep
|
|t:|1760392334
|switch|p2a: Dash|Dragapult, M, shiny|100/100
|turn|18
|
|t:|1760392337
|switch|p1a: Regigigas|Regigigas, shiny|100/100
|-start|p1a: Regigigas|ability: Slow Start
|move|p2a: Dash|Dragon Dance|p2a: Dash
|-boost|p2a: Dash|atk|1
|-boost|p2a: Dash|spe|1
|
|-sideend|p2: sonic superstars|Reflect
|upkeep
|turn|19
|
|t:|1760392350
|-terastallize|p2a: Dash|Fairy
|move|p2a: Dash|Dragon Dance|p2a: Dash
|-boost|p2a: Dash|atk|1
|-boost|p2a: Dash|spe|1
|move|p1a: Regigigas|Earth Power|p2a: Dash
|-damage|p2a: Dash|52/100
|
|upkeep
|turn|20
|
|t:|1760392358
|move|p2a: Dash|Dragon Darts|p1a: Regigigas
|-damage|p1a: Regigigas|46/100
|-anim|p2a: Dash|Dragon Darts|p1a: Regigigas
|-damage|p1a: Regigigas|0 fnt
|faint|p1a: Regigigas
|-damage|p2a: Dash|42/100|[from] item: Life Orb
|
|upkeep
|
|t:|1760392366
|switch|p1a: Pecharunt|Pecharunt|100/100
|turn|21
|
|t:|1760392368
|move|p2a: Dash|Dragon Darts|p1a: Pecharunt
|-damage|p1a: Pecharunt|65/100
|-anim|p2a: Dash|Dragon Darts|p1a: Pecharunt
|-damage|p1a: Pecharunt|30/100
|-damage|p2a: Dash|32/100|[from] item: Life Orb
|move|p1a: Pecharunt|Shadow Ball|p2a: Dash
|-damage|p2a: Dash|0 fnt
|faint|p2a: Dash
|
|upkeep
|
|t:|1760392375
|switch|p2a: Frozone|Articuno-Galar|100/100
|turn|22
|
|t:|1760392382
|move|p2a: Frozone|Calm Mind|p2a: Frozone
|-boost|p2a: Frozone|spa|1
|-boost|p2a: Frozone|spd|1
|move|p1a: Pecharunt|Toxic|p2a: Frozone
|-status|p2a: Frozone|tox
|-start|p2a: Frozone|confusion|[from] ability: Poison Puppeteer|[of] p1a: Pecharunt
|
|-damage|p2a: Frozone|94/100 tox|[from] psn
|upkeep
|turn|23
|
|t:|1760392387
|-activate|p2a: Frozone|confusion
|move|p2a: Frozone|Stored Power|p1a: Pecharunt
|-supereffective|p1a: Pecharunt
|-damage|p1a: Pecharunt|0 fnt
|faint|p1a: Pecharunt
|
|-damage|p2a: Frozone|82/100 tox|[from] psn
|upkeep
|
|t:|1760392397
|switch|p1a: Kingambit|Kingambit, F|100/100
|-item|p1a: Kingambit|Air Balloon
|turn|24
|
|t:|1760392400
|move|p1a: Kingambit|Sucker Punch|p2a: Frozone
|-supereffective|p2a: Frozone
|-damage|p2a: Frozone|21/100 tox
|-enditem|p2a: Frozone|Weakness Policy
|-boost|p2a: Frozone|atk|2|[from] item: Weakness Policy
|-boost|p2a: Frozone|spa|2|[from] item: Weakness Policy
|-activate|p2a: Frozone|confusion
|move|p2a: Frozone|Tera Blast|p1a: Kingambit
|-resisted|p1a: Kingambit
|-damage|p1a: Kingambit|74/100
|-enditem|p1a: Kingambit|Air Balloon
|
|-damage|p2a: Frozone|2/100 tox|[from] psn
|upkeep
|turn|25
|
|t:|1760392406
|move|p1a: Kingambit|Sucker Punch|p2a: Frozone
|-supereffective|p2a: Frozone
|-damage|p2a: Frozone|0 fnt
|faint|p2a: Frozone
|
|upkeep
|
|t:|1760392408
|switch|p2a: Mr Incredible|Zamazenta|20/100 tox
|turn|26
|
|t:|1760392413
|move|p2a: Mr Incredible|Reflect|p2a: Mr Incredible
|-sidestart|p2: sonic superstars|Reflect
|move|p1a: Kingambit|Iron Head|p2a: Mr Incredible
|-damage|p2a: Mr Incredible|3/100 tox
|
|-damage|p2a: Mr Incredible|0 fnt|[from] psn
|faint|p2a: Mr Incredible
|upkeep
|
|t:|1760392414
|switch|p2a: Ms Incredible|Hatterene, F|100/100
|turn|27
|
|t:|1760392418
|move|p1a: Kingambit|Iron Head|p2a: Ms Incredible
|-supereffective|p2a: Ms Incredible
|-damage|p2a: Ms Incredible|47/100
|move|p2a: Ms Incredible|Mystical Fire|p1a: Kingambit
|-supereffective|p1a: Kingambit
|-damage|p1a: Kingambit|0 fnt
|faint|p1a: Kingambit
|-damage|p2a: Ms Incredible|37/100|[from] item: Life Orb
|
|upkeep
|
|t:|1760392420
|switch|p1a: Crabominable|Crabominable, M|100/100
|turn|28
|
|t:|1760392425
|move|p1a: Crabominable|Ice Hammer|p2a: Ms Incredible
|-damage|p2a: Ms Incredible|0 fnt
|-unboost|p1a: Crabominable|spe|1
|faint|p2a: Ms Incredible
|
|win|Swagataka
|raw|Swagataka's rating: 1729 &rarr; <strong>1749</strong><br />(+20 for winning)
|raw|sonic superstars's rating: 1728 &rarr; <strong>1708</strong><br />(-20 for losing)
|l|☆sonic superstars
|player|p2|
|c|☆Swagataka|crabbb
