|j|☆zhihe019
|j|☆CourtTre
|t:|1760440806
|gametype|singles
|player|p1|zhihe019|cynthia|1343
|player|p2|CourtTre|clair|1286
|gen|9
|tier|[Gen 9] OU
|rated|
|rule|HP Percentage Mod: HP is shown in percentages
|rule|Endless Battle Clause: Forcing endless battles is banned
|rule|Species Clause: Limit one of each Pokémon
|rule|OHKO Clause: OHKO moves are banned
|rule|Evasion Items Clause: Evasion items are banned
|rule|Evasion Moves Clause: Evasion moves are banned
|rule|Evasion Abilities Clause: Evasion abilities are banned
|rule|Sleep Moves Clause: Sleep-inducing moves are banned
|clearpoke
|poke|p1|Torkoal, F|
|poke|p1|Walking Wake|
|poke|p1|Meowscarada, M|
|poke|p1|Clodsire, M|
|poke|p1|Scizor, M|
|poke|p1|Iron Moth|
|poke|p2|Smeargle, M|
|poke|p2|Salazzle, F|
|poke|p2|Mienshao, F|
|poke|p2|Cloyster, F|
|poke|p2|Polteageist|
|poke|p2|Scizor, M|
|teampreview
|inactive|Battle timer is ON: inactive players will automatically lose when time's up. (requested by zhihe019)
|
|t:|1760440813
|teamsize|p1|6
|teamsize|p2|6
|start
|switch|p1a: Meowscarada|Meowscarada, M|100/100
|switch|p2a: Smeargle|Smeargle, M|100/100
|turn|1
|
|t:|1760440819
|move|p1a: Meowscarada|U-turn|p2a: Smeargle
|-start|p1a: Meowscarada|typechange|Bug|[from] ability: Protean
|-enditem|p2a: Smeargle|Focus Sash
|-damage|p2a: Smeargle|1/100
|
|t:|1760440823
|switch|p1a: Clodsire|Clodsire, M|100/100|[from] U-turn
|move|p2a: Smeargle|Toxic Thread|p1a: Clodsire
|-unboost|p1a: Clodsire|spe|1
|-immune|p1a: Clodsire
|
|upkeep
|turn|2
|
|t:|1760440836
|move|p2a: Smeargle|Endeavor|p1a: Clodsire
|-damage|p1a: Clodsire|1/100
|move|p1a: Clodsire|Toxic|p2a: Smeargle
|-status|p2a: Smeargle|tox
|
|-heal|p1a: Clodsire|7/100|[from] item: Black Sludge
|-damage|p2a: Smeargle|0 fnt|[from] psn
|faint|p2a: Smeargle
|upkeep
|
|t:|1760440842
|switch|p2a: Mienshao|Mienshao, F|100/100
|turn|3
|
|t:|1760440846
|switch|p1a: Torkoal|Torkoal, F|100/100
|-weather|SunnyDay|[from] ability: Drought|[of] p1a: Torkoal
|move|p2a: Mienshao|Fake Out|p1a: Torkoal
|-damage|p1a: Torkoal|90/100
|-damage|p2a: Mienshao|91/100|[from] item: Life Orb
|
|-weather|SunnyDay|[upkeep]
|upkeep
|turn|4
|
|t:|1760440852
|move|p2a: Mienshao|Taunt|p1a: Torkoal
|-start|p1a: Torkoal|move: Taunt
|cant|p1a: Torkoal|move: Taunt|Stealth Rock
|
|-weather|SunnyDay|[upkeep]
|upkeep
|turn|5
|
|t:|1760440860
|move|p2a: Mienshao|Close Combat|p1a: Torkoal
|-damage|p1a: Torkoal|44/100
|-unboost|p2a: Mienshao|def|1
|-unboost|p2a: Mienshao|spd|1
|-damage|p2a: Mienshao|81/100|[from] item: Life Orb
|move|p1a: Torkoal|Lava Plume|p2a: Mienshao
|-damage|p2a: Mienshao|0 fnt
|faint|p2a: Mienshao
|
|-weather|SunnyDay|[upkeep]
|upkeep
|
|t:|1760440875
|switch|p2a: Cloyster|Cloyster, F|100/100
|turn|6
|
|t:|1760440881
|move|p2a: Cloyster|Drill Run|p1a: Torkoal
|-supereffective|p1a: Torkoal
|-damage|p1a: Torkoal|15/100
|move|p1a: Torkoal|Clear Smog|p2a: Cloyster
|-damage|p2a: Cloyster|76/100
|-clearboost|p2a: Cloyster
|
|-weather|SunnyDay|[upkeep]
|-end|p1a: Torkoal|move: Taunt
|upkeep
|turn|7
|
|t:|1760440886
|switch|p1a: Clodsire|Clodsire, M|7/100
|move|p2a: Cloyster|Shell Smash|p2a: Cloyster
|-unboost|p2a: Cloyster|def|1
|-unboost|p2a: Cloyster|spd|1
|-boost|p2a: Cloyster|atk|2
|-boost|p2a: Cloyster|spa|2
|-boost|p2a: Cloyster|spe|2
|
|-weather|SunnyDay|[upkeep]
|-heal|p1a: Clodsire|13/100|[from] item: Black Sludge
|upkeep
|turn|8
|
|t:|1760440893
|move|p2a: Cloyster|Icicle Spear|p1a: Clodsire
|-supereffective|p1a: Clodsire
|-damage|p1a: Clodsire|0 fnt
|faint|p1a: Clodsire
|-hitcount|p1: Clodsire|1
|
|-weather|SunnyDay|[upkeep]
|upkeep
|
|t:|1760440897
|switch|p1a: Scizor|Scizor, M|100/100
|turn|9
|
|t:|1760440907
|move|p1a: Scizor|Bullet Punch|p2a: Cloyster
|-damage|p2a: Cloyster|16/100
|move|p2a: Cloyster|Icicle Spear|p1a: Scizor
|-resisted|p1a: Scizor
|-damage|p1a: Scizor|90/100
|-resisted|p1a: Scizor
|-damage|p1a: Scizor|78/100
|-resisted|p1a: Scizor
|-damage|p1a: Scizor|67/100
|-resisted|p1a: Scizor
|-damage|p1a: Scizor|56/100
|-resisted|p1a: Scizor
|-damage|p1a: Scizor|43/100
|-hitcount|p1a: Scizor|5
|
|-weather|SunnyDay|[upkeep]
|upkeep
|turn|10
|
|t:|1760440911
|move|p1a: Scizor|Bullet Punch|p2a: Cloyster
|-damage|p2a: Cloyster|0 fnt
|faint|p2a: Cloyster
|
|-weather|none
|upkeep
|
|t:|1760440916
|switch|p2a: Salazzle|Salazzle, F|100/100
|turn|11
|
|t:|1760440921
|switch|p1a: Torkoal|Torkoal, F|15/100
|-weather|SunnyDay|[from] ability: Drought|[of] p1a: Torkoal
|move|p2a: Salazzle|Fake Out|p1a: Torkoal
|-damage|p1a: Torkoal|11/100
|
|-weather|SunnyDay|[upkeep]
|upkeep
|turn|12
|
|t:|1760440928
|move|p2a: Salazzle|Toxic|p1a: Torkoal
|-status|p1a: Torkoal|tox
|move|p1a: Torkoal|Stealth Rock|p2a: Salazzle
|-sidestart|p2: CourtTre|move: Stealth Rock
|
|-weather|SunnyDay|[upkeep]
|-damage|p1a: Torkoal|5/100 tox|[from] psn
|upkeep
|turn|13
|
|t:|1760440934
|move|p2a: Salazzle|Protect|p2a: Salazzle
|-singleturn|p2a: Salazzle|Protect
|move|p1a: Torkoal|Lava Plume|p2a: Salazzle
|-activate|p2a: Salazzle|move: Protect
|
|-weather|SunnyDay|[upkeep]
|-damage|p1a: Torkoal|0 fnt|[from] psn
|faint|p1a: Torkoal
|upkeep
|inactive|zhihe019 has 120 seconds left.
|inactive|zhihe019 has 90 seconds left.
|
|t:|1760440995
|switch|p1a: Walking Wake|Walking Wake|100/100
|-activate|p1a: Walking Wake|ability: Protosynthesis
|-start|p1a: Walking Wake|protosynthesisspe
|turn|14
|
|t:|1760441022
|move|p1a: Walking Wake|Hydro Steam|p2a: Salazzle
|-supereffective|p2a: Salazzle
|-damage|p2a: Salazzle|0 fnt
|faint|p2a: Salazzle
|
|-weather|SunnyDay|[upkeep]
|upkeep
|
|t:|1760441026
|switch|p2a: Polteageist|Polteageist, shiny|100/100
|-damage|p2a: Polteageist|88/100|[from] Stealth Rock
|turn|15
|-message|CourtTre forfeited.
|
|win|zhihe019
|raw|zhihe019's rating: 1343 &rarr; <strong>1360</strong><br />(+17 for winning)
|raw|CourtTre's rating: 1286 &rarr; <strong>1265</strong><br />(-21 for losing)
|l|☆CourtTre
|player|p2|
|l|☆zhihe019
|player|p1|
