|j|☆leezee-yy
|j|☆champ bogar
|t:|1760407140
|gametype|singles
|player|p1|leezee-yy|steven|1751
|player|p2|champ bogar|cynthia-masters3|1804
|gen|9
|tier|[Gen 9] OU
|rated|
|rule|HP Percentage Mod: HP is shown in percentages
|rule|Endless Battle Clause: Forcing endless battles is banned
|rule|Species Clause: Limit one of each Pokémon
|rule|OHKO Clause: OHKO moves are banned
|rule|Evasion Items Clause: Evasion items are banned
|rule|Evasion Moves Clause: Evasion moves are banned
|rule|Evasion Abilities Clause: Evasion abilities are banned
|rule|Sleep Moves Clause: Sleep-inducing moves are banned
|clearpoke
|poke|p1|Iron Treads|
|poke|p1|Samurott-Hisui, F|
|poke|p1|Meowscarada, M|
|poke|p1|Zapdos|
|poke|p1|Metagross|
|poke|p1|Tyranitar, M|
|poke|p2|Garchomp, M|
|poke|p2|Darkrai|
|poke|p2|Deoxys-Speed|
|poke|p2|Clodsire, F|
|poke|p2|Corviknight, M|
|poke|p2|Cinderace, F|
|teampreview
|inactive|Battle timer is ON: inactive players will automatically lose when time's up. (requested by champ bogar)
|inactive|leezee-yy also wants the timer to be on.
|
|t:|1760407147
|teamsize|p1|6
|teamsize|p2|6
|start
|switch|p1a: Metagross|Metagross, shiny|100/100
|switch|p2a: Cinderace|Cinderace, F|100/100
|turn|1
|
|t:|1760407151
|switch|p1a: Zapdos|Zapdos|100/100
|move|p2a: Cinderace|U-turn|p1a: Zapdos
|-start|p2a: Cinderace|typechange|Bug|[from] ability: Libero
|-resisted|p1a: Zapdos
|-damage|p1a: Zapdos|89/100
|-damage|p2a: Cinderace|84/100|[from] item: Rocky Helmet|[of] p1a: Zapdos
|-status|p2a: Cinderace|par|[from] ability: Static|[of] p1a: Zapdos
|
|t:|1760407156
|switch|p2a: Darkrai|Darkrai|100/100|[from] U-turn
|
|upkeep
|turn|2
|
|t:|1760407163
|switch|p1a: Samurott|Samurott-Hisui, F|100/100
|move|p2a: Darkrai|Ice Beam|p1a: Samurott
|-resisted|p1a: Samurott
|-damage|p1a: Samurott|70/100
|
|upkeep
|turn|3
|
|t:|1760407167
|switch|p2a: Corviknight|Corviknight, M|100/100
|-ability|p2a: Corviknight|Pressure
|move|p1a: Samurott|Aqua Cutter|p2a: Corviknight
|-damage|p2a: Corviknight|69/100
|
|upkeep
|turn|4
|
|t:|1760407172
|switch|p1a: Zapdos|Zapdos|89/100
|move|p2a: Corviknight|Roost|p2a: Corviknight
|-heal|p2a: Corviknight|100/100
|-singleturn|p2a: Corviknight|move: Roost
|
|upkeep
|turn|5
|
|t:|1760407177
|switch|p2a: Clodsire|Clodsire, F|100/100
|move|p1a: Zapdos|U-turn|p2a: Clodsire
|-resisted|p2a: Clodsire
|-damage|p2a: Clodsire|92/100
|
|t:|1760407188
|switch|p1a: Samurott|Samurott-Hisui, F|70/100|[from] U-turn
|
|-heal|p2a: Clodsire|98/100|[from] item: Leftovers
|upkeep
|turn|6
|
|t:|1760407194
|switch|p2a: Corviknight|Corviknight, M|100/100
|-ability|p2a: Corviknight|Pressure
|move|p1a: Samurott|Ceaseless Edge|p2a: Corviknight
|-damage|p2a: Corviknight|63/100
|-damage|p1a: Samurott|54/100|[from] item: Rocky Helmet|[of] p2a: Corviknight
|-sidestart|p2: champ bogar|Spikes
|
|upkeep
|turn|7
|
|t:|1760407206
|switch|p1a: Zapdos|Zapdos|89/100
|move|p2a: Corviknight|Roost|p2a: Corviknight
|-heal|p2a: Corviknight|100/100
|-singleturn|p2a: Corviknight|move: Roost
|
|upkeep
|turn|8
|
|t:|1760407212
|switch|p2a: Garchomp|Garchomp, M|100/100
|-damage|p2a: Garchomp|88/100|[from] Spikes
|move|p1a: Zapdos|Discharge|p2a: Garchomp
|-immune|p2a: Garchomp
|
|upkeep
|turn|9
|j| TC_MalaXD
|
|t:|1760407217
|switch|p1a: Iron Treads|Iron Treads|100/100
|-item|p1a: Iron Treads|Air Balloon
|move|p2a: Garchomp|Dragon Tail|p1a: Iron Treads
|-resisted|p1a: Iron Treads
|-damage|p1a: Iron Treads|88/100
|-enditem|p1a: Iron Treads|Air Balloon
|-end|p1a: Iron Treads|Quark Drive|[silent]
|drag|p1a: Zapdos|Zapdos|89/100
|
|upkeep
|turn|10
|
|t:|1760407220
|move|p1a: Zapdos|U-turn|p2a: Garchomp
|-crit|p2a: Garchomp
|-damage|p2a: Garchomp|74/100
|-damage|p1a: Zapdos|76/100|[from] ability: Rough Skin|[of] p2a: Garchomp
|-damage|p1a: Zapdos|60/100|[from] item: Rocky Helmet|[of] p2a: Garchomp
|
|t:|1760407222
|switch|p1a: Meowscarada|Meowscarada, M|100/100|[from] U-turn
|move|p2a: Garchomp|Dragon Tail|p1a: Meowscarada
|-damage|p1a: Meowscarada|58/100
|drag|p1a: Metagross|Metagross, shiny|100/100
|
|upkeep
|turn|11
|
|t:|1760407230
|move|p2a: Garchomp|Earthquake|p1a: Metagross
|-supereffective|p1a: Metagross
|-damage|p1a: Metagross|34/100
|move|p1a: Metagross|Ice Punch|p2a: Garchomp
|-supereffective|p2a: Garchomp
|-damage|p2a: Garchomp|0 fnt
|-damage|p1a: Metagross|22/100|[from] ability: Rough Skin|[of] p2a: Garchomp
|-damage|p1a: Metagross|5/100|[from] item: Rocky Helmet|[of] p2a: Garchomp
|faint|p2a: Garchomp
|
|-heal|p1a: Metagross|11/100|[from] item: Leftovers
|upkeep
|
|t:|1760407242
|switch|p2a: Darkrai|Darkrai|100/100
|-damage|p2a: Darkrai|88/100|[from] Spikes
|turn|12
|
|t:|1760407246
|move|p1a: Metagross|Bullet Punch|p2a: Darkrai
|-damage|p2a: Darkrai|56/100
|move|p2a: Darkrai|Dark Pulse|p1a: Metagross
|-supereffective|p1a: Metagross
|-damage|p1a: Metagross|0 fnt
|faint|p1a: Metagross
|
|upkeep
|
|t:|1760407254
|switch|p1a: Meowscarada|Meowscarada, M|58/100
|turn|13
|
|t:|1760407258
|switch|p2a: Corviknight|Corviknight, M|100/100
|-ability|p2a: Corviknight|Pressure
|move|p1a: Meowscarada|U-turn|p2a: Corviknight
|-start|p1a: Meowscarada|typechange|Bug|[from] ability: Protean
|-resisted|p2a: Corviknight
|-damage|p2a: Corviknight|94/100
|-damage|p1a: Meowscarada|41/100|[from] item: Rocky Helmet|[of] p2a: Corviknight
|
|t:|1760407261
|switch|p1a: Tyranitar|Tyranitar, M|100/100|[from] U-turn
|-weather|Sandstorm|[from] ability: Sand Stream|[of] p1a: Tyranitar
|
|-weather|Sandstorm|[upkeep]
|upkeep
|turn|14
|
|t:|1760407266
|move|p1a: Tyranitar|Fire Blast|p2a: Corviknight
|-supereffective|p2a: Corviknight
|-damage|p2a: Corviknight|34/100
|move|p2a: Corviknight|Body Press|p1a: Tyranitar
|-supereffective|p1a: Tyranitar
|-damage|p1a: Tyranitar|4/100
|
|-weather|Sandstorm|[upkeep]
|upkeep
|turn|15
|
|t:|1760407270
|switch|p2a: Cinderace|Cinderace, F|84/100 par
|move|p1a: Tyranitar|Knock Off|p2a: Cinderace
|-damage|p2a: Cinderace|26/100 par
|-enditem|p2a: Cinderace|Heavy-Duty Boots|[from] move: Knock Off|[of] p1a: Tyranitar
|
|-weather|Sandstorm|[upkeep]
|-damage|p2a: Cinderace|20/100 par|[from] Sandstorm
|upkeep
|turn|16
|
|t:|1760407278
|move|p2a: Cinderace|Sucker Punch|p1a: Tyranitar
|-start|p2a: Cinderace|typechange|Dark|[from] ability: Libero
|-resisted|p1a: Tyranitar
|-damage|p1a: Tyranitar|0 fnt
|faint|p1a: Tyranitar
|
|-weather|Sandstorm|[upkeep]
|-damage|p2a: Cinderace|14/100 par|[from] Sandstorm
|upkeep
|
|t:|1760407281
|switch|p1a: Samurott|Samurott-Hisui, F|54/100
|turn|17
|
|t:|1760407290
|move|p1a: Samurott|Aqua Jet|p2a: Cinderace
|-damage|p2a: Cinderace|0 fnt
|faint|p2a: Cinderace
|
|-weather|none
|upkeep
|
|t:|1760407300
|switch|p2a: Deoxys|Deoxys-Speed, shiny|100/100
|-damage|p2a: Deoxys|88/100|[from] Spikes
|-ability|p2a: Deoxys|Pressure
|turn|18
|
|t:|1760407306
|move|p1a: Samurott|Sucker Punch|p2a: Deoxys
|-supereffective|p2a: Deoxys
|-damage|p2a: Deoxys|0 fnt
|faint|p2a: Deoxys
|
|upkeep
|
|t:|1760407310
|switch|p2a: Darkrai|Darkrai|56/100
|-damage|p2a: Darkrai|44/100|[from] Spikes
|turn|19
|
|t:|1760407323
|switch|p1a: Zapdos|Zapdos|60/100
|move|p2a: Darkrai|Sludge Bomb|p1a: Zapdos
|-crit|p1a: Zapdos
|-damage|p1a: Zapdos|0 fnt
|faint|p1a: Zapdos
|
|upkeep
|
|t:|1760407330
|switch|p1a: Samurott|Samurott-Hisui, F|54/100
|turn|20
|
|t:|1760407332
|move|p2a: Darkrai|Sludge Bomb|p1a: Samurott
|-damage|p1a: Samurott|0 fnt
|faint|p1a: Samurott
|
|upkeep
|
|t:|1760407335
|switch|p1a: Iron Treads|Iron Treads|88/100
|turn|21
|
|t:|1760407337
|switch|p2a: Corviknight|Corviknight, M|34/100
|-ability|p2a: Corviknight|Pressure
|-end|p1a: Iron Treads|Quark Drive|[silent]
|switch|p1a: Meowscarada|Meowscarada, M|41/100
|
|upkeep
|turn|22
|
|t:|1760407340
|move|p1a: Meowscarada|Knock Off|p2a: Corviknight
|-start|p1a: Meowscarada|typechange|Dark|[from] ability: Protean
|-damage|p2a: Corviknight|0 fnt
|-damage|p1a: Meowscarada|24/100|[from] item: Rocky Helmet|[of] p2a: Corviknight
|-enditem|p2a: Corviknight|Rocky Helmet|[from] move: Knock Off|[of] p1a: Meowscarada
|faint|p2a: Corviknight
|
|upkeep
|
|t:|1760407344
|switch|p2a: Darkrai|Darkrai|44/100
|-damage|p2a: Darkrai|31/100|[from] Spikes
|turn|23
|
|t:|1760407348
|move|p2a: Darkrai|Dark Pulse|p1a: Meowscarada
|-resisted|p1a: Meowscarada
|-damage|p1a: Meowscarada|0 fnt
|faint|p1a: Meowscarada
|
|upkeep
|
|t:|1760407350
|switch|p1a: Iron Treads|Iron Treads|88/100
|turn|24
|
|t:|1760407353
|-terastallize|p2a: Darkrai|Dark
|move|p2a: Darkrai|Dark Pulse|p1a: Iron Treads
|-damage|p1a: Iron Treads|0 fnt
|faint|p1a: Iron Treads
|-end|p1a: Iron Treads|Quark Drive|[silent]
|
|win|champ bogar
|raw|leezee-yy's rating: 1751 &rarr; <strong>1734</strong><br />(-17 for losing)
|raw|champ bogar's rating: 1804 &rarr; <strong>1821</strong><br />(+17 for winning)
|l|☆leezee-yy
|player|p1|
|l|☆champ bogar
|player|p2|
|l| TC_MalaXD
