|j|☆jomn
|j|☆deathclock666
|t:|1760406793
|gametype|singles
|player|p1|jomn|1|1210
|player|p2|deathclock666|266|1177
|gen|9
|tier|[Gen 9] OU
|rated|
|rule|HP Percentage Mod: HP is shown in percentages
|rule|Endless Battle Clause: Forcing endless battles is banned
|rule|Species Clause: Limit one of each Pokémon
|rule|OHKO Clause: OHKO moves are banned
|rule|Evasion Items Clause: Evasion items are banned
|rule|Evasion Moves Clause: Evasion moves are banned
|rule|Evasion Abilities Clause: Evasion abilities are banned
|rule|Sleep Moves Clause: Sleep-inducing moves are banned
|clearpoke
|poke|p1|Iron Valiant|
|poke|p1|Gliscor, F|
|poke|p1|Blaziken, F|
|poke|p1|Gholdengo|
|poke|p1|Toxapex, F|
|poke|p1|Corviknight, M|
|poke|p2|Dragonite, M|
|poke|p2|Garganacl, M|
|poke|p2|Hariyama, M|
|poke|p2|Scizor, M|
|poke|p2|Mandibuzz, F|
|poke|p2|Araquanid, M|
|teampreview
|inactive|Battle timer is ON: inactive players will automatically lose when time's up. (requested by deathclock666)
|
|t:|1760406810
|teamsize|p1|6
|teamsize|p2|6
|start
|switch|p1a: Toxapex|Toxapex, F|100/100
|switch|p2a: Dragonite|Dragonite, M|100/100
|turn|1
|
|t:|1760406817
|move|p2a: Dragonite|Thunderbolt|p1a: Toxapex
|-supereffective|p1a: Toxapex
|-damage|p1a: Toxapex|59/100
|move|p1a: Toxapex|Ice Beam|p2a: Dragonite
|-supereffective|p2a: Dragonite
|-damage|p2a: Dragonite|67/100
|
|upkeep
|turn|2
|
|t:|1760406824
|switch|p2a: Hariyama|Hariyama, M|100/100
|move|p1a: Toxapex|Icy Wind|p2a: Hariyama
|-crit|p2a: Hariyama
|-damage|p2a: Hariyama|96/100
|-unboost|p2a: Hariyama|spe|1
|
|upkeep
|turn|3
|
|t:|1760406837
|move|p1a: Toxapex|Hydro Pump|p2a: Hariyama
|-damage|p2a: Hariyama|77/100
|move|p2a: Hariyama|Knock Off|p1a: Toxapex
|-damage|p1a: Toxapex|38/100
|-enditem|p1a: Toxapex|Assault Vest|[from] move: Knock Off|[of] p2a: Hariyama
|
|upkeep
|turn|4
|
|t:|1760406844
|switch|p1a: Gliscor|Gliscor, F|100/100
|move|p2a: Hariyama|Earthquake|p1a: Gliscor
|-immune|p1a: Gliscor
|
|-status|p1a: Gliscor|tox|[from] item: Toxic Orb
|upkeep
|turn|5
|
|t:|1760406848
|switch|p2a: Dragonite|Dragonite, M|67/100
|move|p1a: Gliscor|Stealth Rock|p2a: Dragonite
|-sidestart|p2: deathclock666|move: Stealth Rock
|
|upkeep
|turn|6
|
|t:|1760406854
|move|p1a: Gliscor|U-turn|p2a: Dragonite
|-resisted|p2a: Dragonite
|-damage|p2a: Dragonite|58/100
|
|t:|1760406859
|switch|p1a: Toxapex|Toxapex, F|71/100|[from] U-turn
|move|p2a: Dragonite|Ice Beam|p1a: Toxapex
|-resisted|p1a: Toxapex
|-damage|p1a: Toxapex|55/100
|
|upkeep
|turn|7
|
|t:|1760406867
|switch|p2a: Scizor|Scizor, M|100/100
|-damage|p2a: Scizor|88/100|[from] Stealth Rock
|move|p1a: Toxapex|Icy Wind|p2a: Scizor
|-resisted|p2a: Scizor
|-damage|p2a: Scizor|82/100
|-unboost|p2a: Scizor|spe|1
|
|upkeep
|turn|8
|
|t:|1760406879
|move|p2a: Scizor|Defog|p1a: Toxapex
|-unboost|p1a: Toxapex|evasion|1
|-sideend|p2: deathclock666|Stealth Rock|[from] move: Defog|[of] p2a: Scizor
|move|p1a: Toxapex|Hydro Pump|p2a: Scizor
|-damage|p2a: Scizor|46/100
|-enditem|p2a: Scizor|Sitrus Berry|[eat]
|-heal|p2a: Scizor|71/100|[from] item: Sitrus Berry
|
|upkeep
|turn|9
|
|t:|1760406887
|switch|p2a: Dragonite|Dragonite, M|58/100
|switch|p1a: Gliscor|Gliscor, F|100/100 tox
|
|upkeep
|turn|10
|
|t:|1760406892
|move|p1a: Gliscor|Stealth Rock|p2a: Dragonite
|-sidestart|p2: deathclock666|move: Stealth Rock
|move|p2a: Dragonite|Ice Beam|p1a: Gliscor
|-supereffective|p1a: Gliscor
|-damage|p1a: Gliscor|0 fnt
|faint|p1a: Gliscor
|
|upkeep
|
|t:|1760406906
|switch|p1a: Iron Valiant|Iron Valiant|100/100
|-enditem|p1a: Iron Valiant|Booster Energy
|-activate|p1a: Iron Valiant|ability: Quark Drive|[fromitem]
|-start|p1a: Iron Valiant|quarkdrivespe
|turn|11
|
|t:|1760406913
|switch|p2a: Hariyama|Hariyama, M|77/100
|-damage|p2a: Hariyama|71/100|[from] Stealth Rock
|move|p1a: Iron Valiant|Close Combat|p2a: Hariyama
|-damage|p2a: Hariyama|36/100
|-unboost|p1a: Iron Valiant|def|1
|-unboost|p1a: Iron Valiant|spd|1
|
|upkeep
|turn|12
|
|t:|1760406916
|move|p2a: Hariyama|Bullet Punch|p1a: Iron Valiant
|-supereffective|p1a: Iron Valiant
|-damage|p1a: Iron Valiant|56/100
|move|p1a: Iron Valiant|Moonblast|p2a: Hariyama
|-supereffective|p2a: Hariyama
|-damage|p2a: Hariyama|0 fnt
|faint|p2a: Hariyama
|
|upkeep
|
|t:|1760406920
|switch|p2a: Scizor|Scizor, M|71/100
|-damage|p2a: Scizor|59/100|[from] Stealth Rock
|turn|13
|
|t:|1760406930
|-end|p1a: Iron Valiant|Quark Drive|[silent]
|switch|p1a: Toxapex|Toxapex, F|88/100
|move|p2a: Scizor|Bullet Punch|p1a: Toxapex
|-resisted|p1a: Toxapex
|-damage|p1a: Toxapex|74/100
|
|upkeep
|turn|14
|
|t:|1760406934
|move|p2a: Scizor|Defog|p1a: Toxapex
|-unboost|p1a: Toxapex|evasion|1
|-sideend|p2: deathclock666|Stealth Rock|[from] move: Defog|[of] p2a: Scizor
|move|p1a: Toxapex|Icy Wind|p2a: Scizor
|-resisted|p2a: Scizor
|-damage|p2a: Scizor|53/100
|-unboost|p2a: Scizor|spe|1
|
|upkeep
|turn|15
|
|t:|1760406940
|switch|p2a: Garganacl|Garganacl, M|100/100
|move|p1a: Toxapex|Ice Beam|p2a: Garganacl
|-damage|p2a: Garganacl|86/100
|
|upkeep
|turn|16
|
|t:|1760406942
|-terastallize|p2a: Garganacl|Ghost
|move|p2a: Garganacl|Salt Cure|p1a: Toxapex
|-damage|p1a: Toxapex|62/100
|-start|p1a: Toxapex|Salt Cure
|move|p1a: Toxapex|Hydro Pump|p2a: Garganacl
|-damage|p2a: Garganacl|61/100
|
|-damage|p1a: Toxapex|37/100|[from] Salt Cure
|upkeep
|turn|17
|
|t:|1760406952
|switch|p1a: Corviknight|Corviknight, M|100/100
|move|p2a: Garganacl|Earthquake|p1a: Corviknight
|-immune|p1a: Corviknight
|
|upkeep
|turn|18
|
|t:|1760406959
|move|p1a: Corviknight|U-turn|p2a: Garganacl
|-resisted|p2a: Garganacl
|-damage|p2a: Garganacl|54/100
|
|t:|1760406965
|switch|p1a: Iron Valiant|Iron Valiant|56/100|[from] U-turn
|move|p2a: Garganacl|Salt Cure|p1a: Iron Valiant
|-resisted|p1a: Iron Valiant
|-damage|p1a: Iron Valiant|47/100
|-start|p1a: Iron Valiant|Salt Cure
|
|-damage|p1a: Iron Valiant|34/100|[from] Salt Cure
|upkeep
|turn|19
|
|t:|1760406968
|move|p1a: Iron Valiant|Knock Off|p2a: Garganacl
|-supereffective|p2a: Garganacl
|-damage|p2a: Garganacl|20/100
|-enditem|p2a: Garganacl|Sitrus Berry|[from] move: Knock Off|[of] p1a: Iron Valiant
|move|p2a: Garganacl|Recover|p2a: Garganacl
|-heal|p2a: Garganacl|70/100
|
|-damage|p1a: Iron Valiant|22/100|[from] Salt Cure
|upkeep
|turn|20
|
|t:|1760406972
|move|p1a: Iron Valiant|Encore|p2a: Garganacl
|-start|p2a: Garganacl|Encore
|move|p2a: Garganacl|Recover|p2a: Garganacl
|-heal|p2a: Garganacl|100/100
|
|-damage|p1a: Iron Valiant|9/100|[from] Salt Cure
|upkeep
|turn|21
|
|t:|1760406981
|-end|p1a: Iron Valiant|Quark Drive|[silent]
|switch|p1a: Gholdengo|Gholdengo|100/100
|-item|p1a: Gholdengo|Air Balloon
|move|p2a: Garganacl|Recover||[still]
|-fail|p2a: Garganacl|heal
|
|upkeep
|turn|22
|
|t:|1760406988
|switch|p2a: Scizor|Scizor, M|53/100
|move|p1a: Gholdengo|Shadow Ball|p2a: Scizor
|-damage|p2a: Scizor|4/100
|
|upkeep
|turn|23
|
|t:|1760406994
|move|p1a: Gholdengo|Shadow Ball|p2a: Scizor
|-damage|p2a: Scizor|0 fnt
|faint|p2a: Scizor
|
|upkeep
|
|t:|1760406997
|switch|p2a: Garganacl|Garganacl, M, tera:Ghost|100/100
|turn|24
|
|t:|1760407016
|move|p1a: Gholdengo|Shadow Ball|p2a: Garganacl
|-supereffective|p2a: Garganacl
|-damage|p2a: Garganacl|69/100
|move|p2a: Garganacl|Salt Cure|p1a: Gholdengo
|-resisted|p1a: Gholdengo
|-damage|p1a: Gholdengo|94/100
|-start|p1a: Gholdengo|Salt Cure
|-enditem|p1a: Gholdengo|Air Balloon
|
|-damage|p1a: Gholdengo|69/100|[from] Salt Cure
|upkeep
|turn|25
|
|t:|1760407030
|switch|p1a: Iron Valiant|Iron Valiant|9/100
|move|p2a: Garganacl|Earthquake|p1a: Iron Valiant
|-damage|p1a: Iron Valiant|0 fnt
|faint|p1a: Iron Valiant
|-end|p1a: Iron Valiant|Quark Drive|[silent]
|
|upkeep
|
|t:|1760407033
|switch|p1a: Blaziken|Blaziken, F|100/100
|turn|26
|
|t:|1760407046
|-terastallize|p1a: Blaziken|Fire
|move|p1a: Blaziken|Flare Blitz|p2a: Garganacl
|-damage|p2a: Garganacl|8/100
|-damage|p1a: Blaziken|74/100|[from] Recoil
|move|p2a: Garganacl|Salt Cure|p1a: Blaziken
|-supereffective|p1a: Blaziken
|-damage|p1a: Blaziken|32/100
|-start|p1a: Blaziken|Salt Cure
|
|-damage|p1a: Blaziken|19/100|[from] Salt Cure
|-ability|p1a: Blaziken|Speed Boost|boost
|-boost|p1a: Blaziken|spe|1
|upkeep
|turn|27
|
|t:|1760407052
|move|p1a: Blaziken|Earthquake|p2a: Garganacl
|-damage|p2a: Garganacl|0 fnt
|faint|p2a: Garganacl
|
|-damage|p1a: Blaziken|7/100|[from] Salt Cure
|-ability|p1a: Blaziken|Speed Boost|boost
|-boost|p1a: Blaziken|spe|1
|upkeep
|
|t:|1760407058
|switch|p2a: Araquanid|Araquanid, M, shiny|100/100
|turn|28
|
|t:|1760407074
|switch|p2a: Mandibuzz|Mandibuzz, F|100/100
|move|p1a: Blaziken|Flare Blitz|p2a: Mandibuzz
|-damage|p2a: Mandibuzz|35/100
|-damage|p1a: Blaziken|0 fnt|[from] Recoil
|faint|p1a: Blaziken
|
|upkeep
|
|t:|1760407084
|switch|p1a: Corviknight|Corviknight, M|100/100
|turn|29
|
|t:|1760407088
|switch|p2a: Dragonite|Dragonite, M|58/100
|move|p1a: Corviknight|Brave Bird|p2a: Dragonite
|-damage|p2a: Dragonite|5/100
|-damage|p1a: Corviknight|81/100|[from] Recoil
|
|upkeep
|turn|30
|
|t:|1760407093
|move|p1a: Corviknight|Iron Head|p2a: Dragonite
|-damage|p2a: Dragonite|0 fnt
|faint|p2a: Dragonite
|
|upkeep
|
|t:|1760407095
|switch|p2a: Araquanid|Araquanid, M, shiny|100/100
|turn|31
|
|t:|1760407100
|move|p1a: Corviknight|Brave Bird|p2a: Araquanid
|-supereffective|p2a: Araquanid
|-damage|p2a: Araquanid|0 fnt
|faint|p2a: Araquanid
|-damage|p1a: Corviknight|47/100|[from] Recoil
|
|upkeep
|-message|deathclock666 forfeited.
|
|win|jomn
|raw|jomn's rating: 1210 &rarr; <strong>1233</strong><br />(+23 for winning)
|raw|deathclock666's rating: 1177 &rarr; <strong>1154</strong><br />(-23 for losing)
|l|☆deathclock666
|player|p2|
