|j|☆nailik76
|j|☆methodiclive
|t:|1760381979
|gametype|singles
|player|p1|nailik76|janine|1609
|player|p2|methodiclive|102|1563
|gen|9
|tier|[Gen 9] OU
|rated|
|rule|HP Percentage Mod: HP is shown in percentages
|rule|Endless Battle Clause: Forcing endless battles is banned
|rule|Species Clause: Limit one of each Pokémon
|rule|OHKO Clause: OHKO moves are banned
|rule|Evasion Items Clause: Evasion items are banned
|rule|Evasion Moves Clause: Evasion moves are banned
|rule|Evasion Abilities Clause: Evasion abilities are banned
|rule|Sleep Moves Clause: Sleep-inducing moves are banned
|clearpoke
|poke|p1|Moltres|
|poke|p1|Dragapult, F|
|poke|p1|Great Tusk|
|poke|p1|Primarina, F|
|poke|p1|Kingambit, M|
|poke|p1|Okidogi, M|
|poke|p2|Dondozo, F|
|poke|p2|Blissey, F|
|poke|p2|Corviknight, F|
|poke|p2|Weezing-Galar, M|
|poke|p2|Gliscor, F|
|poke|p2|Toxapex, M|
|teampreview
|
|t:|1760381985
|teamsize|p1|6
|teamsize|p2|6
|start
|switch|p1a: Great Tusk|Great Tusk|100/100
|switch|p2a: Gliscor|Gliscor, F|100/100
|turn|1
|
|t:|1760381990
|move|p1a: Great Tusk|Ice Spinner|p2a: Gliscor
|-supereffective|p2a: Gliscor
|-damage|p2a: Gliscor|29/100
|move|p2a: Gliscor|Knock Off|p1a: Great Tusk
|-resisted|p1a: Great Tusk
|-damage|p1a: Great Tusk|95/100
|-enditem|p1a: Great Tusk|Leftovers|[from] move: Knock Off|[of] p2a: Gliscor
|
|-status|p2a: Gliscor|tox|[from] item: Toxic Orb
|upkeep
|turn|2
|
|t:|1760381999
|switch|p2a: Corviknight|Corviknight, F|100/100
|-ability|p2a: Corviknight|Pressure
|move|p1a: Great Tusk|Stealth Rock|p2a: Corviknight
|-sidestart|p2: methodiclive|move: Stealth Rock
|
|upkeep
|turn|3
|
|t:|1760382002
|-end|p1a: Great Tusk|Protosynthesis|[silent]
|switch|p1a: Moltres|Moltres|100/100
|move|p2a: Corviknight|Defog|p1a: Moltres
|-unboost|p1a: Moltres|evasion|1
|-sideend|p2: methodiclive|Stealth Rock|[from] move: Defog|[of] p2a: Corviknight
|
|upkeep
|turn|4
|
|t:|1760382009
|switch|p2a: Blissey|Blissey, F|100/100
|move|p1a: Moltres|Flamethrower|p2a: Blissey
|-damage|p2a: Blissey|89/100
|
|-heal|p2a: Blissey|95/100|[from] item: Leftovers
|upkeep
|turn|5
|
|t:|1760382013
|switch|p1a: Okidogi|Okidogi, M|100/100
|move|p2a: Blissey|Stealth Rock|p1a: Okidogi
|-sidestart|p1: nailik76|move: Stealth Rock
|
|-heal|p2a: Blissey|100/100|[from] item: Leftovers
|upkeep
|turn|6
|
|t:|1760382023
|switch|p2a: Toxapex|Toxapex, M|100/100
|move|p1a: Okidogi|Gunk Shot|p2a: Toxapex
|-resisted|p2a: Toxapex
|-damage|p2a: Toxapex|76/100
|
|-heal|p2a: Toxapex|82/100|[from] item: Leftovers
|upkeep
|turn|7
|
|t:|1760382031
|switch|p1a: Primarina|Primarina, F|100/100
|-damage|p1a: Primarina|88/100|[from] Stealth Rock
|move|p2a: Toxapex|Toxic Spikes|p1a: Primarina
|-sidestart|p1: nailik76|move: Toxic Spikes
|
|-heal|p2a: Toxapex|88/100|[from] item: Leftovers
|upkeep
|turn|8
|
|t:|1760382034
|move|p1a: Primarina|Psychic Noise|p2a: Toxapex
|-resisted|p2a: Toxapex
|-damage|p2a: Toxapex|75/100
|-start|p2a: Toxapex|move: Heal Block
|move|p2a: Toxapex|Toxic Spikes|p1a: Primarina
|-sidestart|p1: nailik76|move: Toxic Spikes
|
|upkeep
|turn|9
|
|t:|1760382046
|move|p1a: Primarina|Flip Turn|p2a: Toxapex
|-resisted|p2a: Toxapex
|-damage|p2a: Toxapex|70/100
|
|t:|1760382049
|switch|p1a: Okidogi|Okidogi, M|100/100|[from] Flip Turn
|-damage|p1a: Okidogi|94/100|[from] Stealth Rock
|-sideend|p1: nailik76|move: Toxic Spikes|[of] p1a: Okidogi
|move|p2a: Toxapex|Toxic|p1a: Okidogi
|-immune|p1a: Okidogi
|
|-heal|p1a: Okidogi|100/100|[from] item: Leftovers
|-end|p2a: Toxapex|move: Heal Block
|upkeep
|turn|10
|
|t:|1760382054
|switch|p1a: Primarina|Primarina, F|88/100
|-damage|p1a: Primarina|76/100|[from] Stealth Rock
|move|p2a: Toxapex|Toxic Spikes|p1a: Primarina
|-sidestart|p1: nailik76|move: Toxic Spikes
|
|-heal|p2a: Toxapex|76/100|[from] item: Leftovers
|upkeep
|turn|11
|
|t:|1760382062
|move|p1a: Primarina|Flip Turn|p2a: Toxapex
|-resisted|p2a: Toxapex
|-damage|p2a: Toxapex|71/100
|
|t:|1760382064
|switch|p1a: Okidogi|Okidogi, M|100/100|[from] Flip Turn
|-damage|p1a: Okidogi|94/100|[from] Stealth Rock
|-sideend|p1: nailik76|move: Toxic Spikes|[of] p1a: Okidogi
|move|p2a: Toxapex|Toxic|p1a: Okidogi
|-immune|p1a: Okidogi
|
|-heal|p1a: Okidogi|100/100|[from] item: Leftovers
|-heal|p2a: Toxapex|77/100|[from] item: Leftovers
|upkeep
|turn|12
|
|t:|1760382067
|move|p1a: Okidogi|Bulk Up|p1a: Okidogi
|-boost|p1a: Okidogi|atk|1
|-boost|p1a: Okidogi|def|1
|move|p2a: Toxapex|Toxic Spikes|p1a: Okidogi
|-sidestart|p1: nailik76|move: Toxic Spikes
|
|-heal|p2a: Toxapex|83/100|[from] item: Leftovers
|upkeep
|turn|13
|
|t:|1760382070
|move|p1a: Okidogi|Drain Punch|p2a: Toxapex
|-resisted|p2a: Toxapex
|-damage|p2a: Toxapex|61/100
|move|p2a: Toxapex|Haze|p2a: Toxapex
|-clearallboost
|
|-heal|p2a: Toxapex|67/100|[from] item: Leftovers
|upkeep
|turn|14
|
|t:|1760382077
|move|p1a: Okidogi|Drain Punch|p2a: Toxapex
|-resisted|p2a: Toxapex
|-damage|p2a: Toxapex|52/100
|move|p2a: Toxapex|Toxic Spikes|p1a: Okidogi
|-sidestart|p1: nailik76|move: Toxic Spikes
|
|-heal|p2a: Toxapex|58/100|[from] item: Leftovers
|upkeep
|turn|15
|
|t:|1760382085
|switch|p1a: Kingambit|Kingambit, M|100/100
|-damage|p1a: Kingambit|94/100|[from] Stealth Rock
|switch|p2a: Corviknight|Corviknight, F|100/100
|-ability|p2a: Corviknight|Pressure
|
|-heal|p1a: Kingambit|100/100|[from] item: Leftovers
|upkeep
|turn|16
|
|t:|1760382090
|-end|p1a: Kingambit|fallenundefined|[silent]
|switch|p1a: Okidogi|Okidogi, M|100/100
|-damage|p1a: Okidogi|94/100|[from] Stealth Rock
|-sideend|p1: nailik76|move: Toxic Spikes|[of] p1a: Okidogi
|move|p2a: Corviknight|Iron Defense|p2a: Corviknight
|-boost|p2a: Corviknight|def|2
|
|-heal|p1a: Okidogi|100/100|[from] item: Leftovers
|upkeep
|turn|17
|
|t:|1760382097
|switch|p1a: Moltres|Moltres|100/100
|move|p2a: Corviknight|Iron Defense|p2a: Corviknight
|-boost|p2a: Corviknight|def|2
|
|upkeep
|turn|18
|
|t:|1760382102
|switch|p2a: Blissey|Blissey, F|100/100
|move|p1a: Moltres|Will-O-Wisp|p2a: Blissey|[miss]
|-miss|p1a: Moltres|p2a: Blissey
|
|upkeep
|turn|19
|
|t:|1760382106
|move|p1a: Moltres|U-turn|p2a: Blissey
|-damage|p2a: Blissey|86/100
|
|t:|1760382123
|switch|p1a: Great Tusk|Great Tusk|95/100|[from] U-turn
|-damage|p1a: Great Tusk|92/100|[from] Stealth Rock
|move|p2a: Blissey|Seismic Toss|p1a: Great Tusk
|-damage|p1a: Great Tusk|68/100
|
|-heal|p2a: Blissey|92/100|[from] item: Leftovers
|upkeep
|turn|20
|
|t:|1760382127
|switch|p2a: Corviknight|Corviknight, F|100/100
|-ability|p2a: Corviknight|Pressure
|move|p1a: Great Tusk|Stealth Rock|p2a: Corviknight
|-sidestart|p2: methodiclive|move: Stealth Rock
|
|upkeep
|turn|21
|
|t:|1760382130
|-end|p1a: Great Tusk|Protosynthesis|[silent]
|switch|p1a: Moltres|Moltres|100/100
|move|p2a: Corviknight|Defog|p1a: Moltres
|-unboost|p1a: Moltres|evasion|1
|-sideend|p1: nailik76|Stealth Rock|[from] move: Defog|[of] p2a: Corviknight
|-sideend|p2: methodiclive|Stealth Rock|[from] move: Defog|[of] p2a: Corviknight
|
|upkeep
|turn|22
|
|t:|1760382132
|switch|p2a: Blissey|Blissey, F|92/100
|move|p1a: Moltres|Will-O-Wisp|p2a: Blissey
|-status|p2a: Blissey|brn
|
|-heal|p2a: Blissey|99/100 brn|[from] item: Leftovers
|-damage|p2a: Blissey|92/100 brn|[from] brn
|upkeep
|turn|23
|
|t:|1760382134
|move|p1a: Moltres|U-turn|p2a: Blissey
|-damage|p2a: Blissey|77/100 brn
|
|t:|1760382143
|switch|p1a: Great Tusk|Great Tusk|68/100|[from] U-turn
|move|p2a: Blissey|Stealth Rock|p1a: Great Tusk
|-sidestart|p1: nailik76|move: Stealth Rock
|
|-heal|p2a: Blissey|83/100 brn|[from] item: Leftovers
|-damage|p2a: Blissey|77/100 brn|[from] brn
|upkeep
|turn|24
|
|t:|1760382154
|-curestatus|p2a: Blissey|brn|[from] ability: Natural Cure
|switch|p2a: Corviknight|Corviknight, F|100/100
|-ability|p2a: Corviknight|Pressure
|move|p1a: Great Tusk|Stealth Rock|p2a: Corviknight
|-sidestart|p2: methodiclive|move: Stealth Rock
|
|upkeep
|turn|25
|
|t:|1760382166
|-end|p1a: Great Tusk|Protosynthesis|[silent]
|switch|p1a: Moltres|Moltres|100/100
|move|p2a: Corviknight|Defog|p1a: Moltres
|-unboost|p1a: Moltres|evasion|1
|-sideend|p1: nailik76|Stealth Rock|[from] move: Defog|[of] p2a: Corviknight
|-sideend|p2: methodiclive|Stealth Rock|[from] move: Defog|[of] p2a: Corviknight
|
|upkeep
|turn|26
|
|t:|1760382171
|switch|p2a: Blissey|Blissey, F|77/100
|move|p1a: Moltres|Will-O-Wisp|p2a: Blissey
|-status|p2a: Blissey|brn
|
|-heal|p2a: Blissey|83/100 brn|[from] item: Leftovers
|-damage|p2a: Blissey|77/100 brn|[from] brn
|upkeep
|turn|27
|
|t:|1760382173
|move|p1a: Moltres|U-turn|p2a: Blissey
|-damage|p2a: Blissey|62/100 brn
|
|t:|1760382176
|switch|p1a: Great Tusk|Great Tusk|68/100|[from] U-turn
|move|p2a: Blissey|Seismic Toss|p1a: Great Tusk
|-damage|p1a: Great Tusk|45/100
|
|-heal|p2a: Blissey|68/100 brn|[from] item: Leftovers
|-damage|p2a: Blissey|62/100 brn|[from] brn
|upkeep
|turn|28
|
|t:|1760382183
|-end|p1a: Great Tusk|Protosynthesis|[silent]
|switch|p1a: Dragapult|Dragapult, F|100/100
|-curestatus|p2a: Blissey|brn|[from] ability: Natural Cure
|switch|p2a: Corviknight|Corviknight, F|100/100
|-ability|p2a: Corviknight|Pressure
|
|upkeep
|turn|29
|
|t:|1760382215
|switch|p2a: Dondozo|Dondozo, F|100/100
|move|p1a: Dragapult|Thunderbolt|p2a: Dondozo
|-supereffective|p2a: Dondozo
|-damage|p2a: Dondozo|29/100
|
|-heal|p2a: Dondozo|35/100|[from] item: Leftovers
|upkeep
|turn|30
|
|t:|1760382223
|switch|p2a: Blissey|Blissey, F|62/100
|move|p1a: Dragapult|Thunderbolt|p2a: Blissey
|-damage|p2a: Blissey|49/100
|
|-heal|p2a: Blissey|55/100|[from] item: Leftovers
|upkeep
|turn|31
|
|t:|1760382249
|switch|p1a: Great Tusk|Great Tusk|45/100
|move|p2a: Blissey|Stealth Rock|p1a: Great Tusk
|-sidestart|p1: nailik76|move: Stealth Rock
|
|-heal|p2a: Blissey|61/100|[from] item: Leftovers
|upkeep
|turn|32
|
|t:|1760382256
|switch|p2a: Corviknight|Corviknight, F|100/100
|-ability|p2a: Corviknight|Pressure
|move|p1a: Great Tusk|Stealth Rock|p2a: Corviknight
|-sidestart|p2: methodiclive|move: Stealth Rock
|
|upkeep
|turn|33
|
|t:|1760382273
|-end|p1a: Great Tusk|Protosynthesis|[silent]
|switch|p1a: Moltres|Moltres|100/100
|move|p2a: Corviknight|Defog|p1a: Moltres
|-unboost|p1a: Moltres|evasion|1
|-sideend|p1: nailik76|Stealth Rock|[from] move: Defog|[of] p2a: Corviknight
|-sideend|p2: methodiclive|Stealth Rock|[from] move: Defog|[of] p2a: Corviknight
|
|upkeep
|turn|34
|
|t:|1760382281
|switch|p2a: Blissey|Blissey, F|61/100
|move|p1a: Moltres|U-turn|p2a: Blissey
|-damage|p2a: Blissey|46/100
|
|t:|1760382283
|switch|p1a: Great Tusk|Great Tusk|45/100|[from] U-turn
|
|-heal|p2a: Blissey|52/100|[from] item: Leftovers
|upkeep
|turn|35
|
|t:|1760382286
|switch|p2a: Corviknight|Corviknight, F|100/100
|-ability|p2a: Corviknight|Pressure
|move|p1a: Great Tusk|Headlong Rush|p2a: Corviknight
|-immune|p2a: Corviknight
|
|upkeep
|turn|36
|
|t:|1760382291
|-end|p1a: Great Tusk|Protosynthesis|[silent]
|switch|p1a: Moltres|Moltres|100/100
|switch|p2a: Gliscor|Gliscor, F|29/100 tox
|
|-heal|p2a: Gliscor|41/100 tox|[from] ability: Poison Heal
|upkeep
|turn|37
|
|t:|1760382300
|switch|p1a: Great Tusk|Great Tusk|45/100
|move|p2a: Gliscor|Protect||[still]
|-fail|p2a: Gliscor
|
|-heal|p2a: Gliscor|54/100 tox|[from] ability: Poison Heal
|upkeep
|turn|38
|
|t:|1760382303
|switch|p2a: Corviknight|Corviknight, F|100/100
|-ability|p2a: Corviknight|Pressure
|move|p1a: Great Tusk|Ice Spinner|p2a: Corviknight
|-damage|p2a: Corviknight|85/100
|
|-heal|p2a: Corviknight|91/100|[from] item: Leftovers
|upkeep
|turn|39
|
|t:|1760382319
|move|p1a: Great Tusk|Headlong Rush|p2a: Corviknight
|-immune|p2a: Corviknight
|move|p2a: Corviknight|Iron Defense|p2a: Corviknight
|-boost|p2a: Corviknight|def|2
|
|-heal|p2a: Corviknight|98/100|[from] item: Leftovers
|upkeep
|turn|40
|
|t:|1760382323
|-end|p1a: Great Tusk|Protosynthesis|[silent]
|switch|p1a: Moltres|Moltres|100/100
|switch|p2a: Gliscor|Gliscor, F|54/100 tox
|
|-heal|p2a: Gliscor|66/100 tox|[from] ability: Poison Heal
|upkeep
|turn|41
|
|t:|1760382335
|switch|p1a: Great Tusk|Great Tusk|45/100
|move|p2a: Gliscor|Knock Off|p1a: Great Tusk
|-resisted|p1a: Great Tusk
|-crit|p1a: Great Tusk
|-damage|p1a: Great Tusk|39/100
|
|-heal|p2a: Gliscor|79/100 tox|[from] ability: Poison Heal
|upkeep
|turn|42
|
|t:|1760382353
|move|p2a: Gliscor|Protect|p2a: Gliscor
|-singleturn|p2a: Gliscor|Protect
|move|p1a: Great Tusk|Stealth Rock|p2a: Gliscor
|-sidestart|p2: methodiclive|move: Stealth Rock
|
|-heal|p2a: Gliscor|91/100 tox|[from] ability: Poison Heal
|upkeep
|turn|43
|inactive|Battle timer is ON: inactive players will automatically lose when time's up. (requested by methodiclive)
|
|t:|1760382430
|switch|p2a: Corviknight|Corviknight, F|98/100
|-damage|p2a: Corviknight|85/100|[from] Stealth Rock
|-ability|p2a: Corviknight|Pressure
|move|p1a: Great Tusk|Ice Spinner|p2a: Corviknight
|-damage|p2a: Corviknight|71/100
|
|-heal|p2a: Corviknight|77/100|[from] item: Leftovers
|upkeep
|turn|44
|
|t:|1760382441
|-end|p1a: Great Tusk|Protosynthesis|[silent]
|switch|p1a: Moltres|Moltres|100/100
|move|p2a: Corviknight|Defog|p1a: Moltres
|-unboost|p1a: Moltres|evasion|1
|-sideend|p2: methodiclive|Stealth Rock|[from] move: Defog|[of] p2a: Corviknight
|
|-heal|p2a: Corviknight|84/100|[from] item: Leftovers
|upkeep
|turn|45
|
|t:|1760382448
|switch|p2a: Gliscor|Gliscor, F|91/100 tox
|move|p1a: Moltres|Flamethrower|p2a: Gliscor
|-damage|p2a: Gliscor|62/100 tox
|
|-heal|p2a: Gliscor|74/100 tox|[from] ability: Poison Heal
|upkeep
|turn|46
|
|t:|1760382462
|switch|p1a: Great Tusk|Great Tusk|39/100
|move|p2a: Gliscor|Knock Off|p1a: Great Tusk
|-resisted|p1a: Great Tusk
|-damage|p1a: Great Tusk|34/100
|
|-heal|p2a: Gliscor|87/100 tox|[from] ability: Poison Heal
|upkeep
|turn|47
|
|t:|1760382469
|-end|p1a: Great Tusk|Protosynthesis|[silent]
|switch|p1a: Moltres|Moltres|100/100
|move|p2a: Gliscor|Earthquake|p1a: Moltres
|-immune|p1a: Moltres
|
|-heal|p2a: Gliscor|99/100 tox|[from] ability: Poison Heal
|upkeep
|turn|48
|
|t:|1760382484
|switch|p1a: Primarina|Primarina, F|76/100
|move|p2a: Gliscor|Knock Off|p1a: Primarina
|-resisted|p1a: Primarina
|-damage|p1a: Primarina|63/100
|-enditem|p1a: Primarina|Assault Vest|[from] move: Knock Off|[of] p2a: Gliscor
|
|-heal|p2a: Gliscor|100/100 tox|[from] ability: Poison Heal
|upkeep
|turn|49
|
|t:|1760382491
|switch|p2a: Toxapex|Toxapex, M|92/100
|move|p1a: Primarina|Psychic Noise|p2a: Toxapex
|-resisted|p2a: Toxapex
|-damage|p2a: Toxapex|79/100
|-start|p2a: Toxapex|move: Heal Block
|
|upkeep
|turn|50
|
|t:|1760382494
|move|p1a: Primarina|Flip Turn|p2a: Toxapex
|-resisted|p2a: Toxapex
|-damage|p2a: Toxapex|73/100
|
|t:|1760382504
|switch|p1a: Okidogi|Okidogi, M|100/100|[from] Flip Turn
|move|p2a: Toxapex|Toxic Spikes|p1a: Okidogi
|-sidestart|p1: nailik76|move: Toxic Spikes
|
|-end|p2a: Toxapex|move: Heal Block
|upkeep
|turn|51
|
|t:|1760382519
|switch|p1a: Kingambit|Kingambit, M|100/100
|move|p2a: Toxapex|Toxic Spikes|p1a: Kingambit
|-sidestart|p1: nailik76|move: Toxic Spikes
|
|-heal|p2a: Toxapex|79/100|[from] item: Leftovers
|upkeep
|turn|52
|
|t:|1760382527
|switch|p2a: Gliscor|Gliscor, F|100/100 tox
|move|p1a: Kingambit|Kowtow Cleave|p2a: Gliscor
|-damage|p2a: Gliscor|62/100 tox
|
|-heal|p2a: Gliscor|74/100 tox|[from] ability: Poison Heal
|upkeep
|turn|53
|
|t:|1760382534
|move|p2a: Gliscor|Earthquake|p1a: Kingambit
|-supereffective|p1a: Kingambit
|-damage|p1a: Kingambit|42/100
|move|p1a: Kingambit|Swords Dance|p1a: Kingambit
|-boost|p1a: Kingambit|atk|2
|
|-heal|p1a: Kingambit|49/100|[from] item: Leftovers
|-heal|p2a: Gliscor|87/100 tox|[from] ability: Poison Heal
|upkeep
|turn|54
|
|t:|1760382545
|-terastallize|p1a: Kingambit|Flying
|move|p2a: Gliscor|Earthquake|p1a: Kingambit
|-immune|p1a: Kingambit
|move|p1a: Kingambit|Kowtow Cleave|p2a: Gliscor
|-damage|p2a: Gliscor|7/100 tox
|
|-heal|p1a: Kingambit|55/100|[from] item: Leftovers
|-heal|p2a: Gliscor|20/100 tox|[from] ability: Poison Heal
|upkeep
|turn|55
|
|t:|1760382561
|switch|p2a: Corviknight|Corviknight, F|84/100
|-ability|p2a: Corviknight|Pressure
|move|p1a: Kingambit|Kowtow Cleave|p2a: Corviknight
|-damage|p2a: Corviknight|24/100
|
|-heal|p1a: Kingambit|61/100|[from] item: Leftovers
|-heal|p2a: Corviknight|31/100|[from] item: Leftovers
|upkeep
|turn|56
|
|t:|1760382567
|move|p1a: Kingambit|Kowtow Cleave|p2a: Corviknight
|-damage|p2a: Corviknight|0 fnt
|faint|p2a: Corviknight
|
|-heal|p1a: Kingambit|67/100|[from] item: Leftovers
|upkeep
|
|t:|1760382569
|switch|p2a: Dondozo|Dondozo, F|35/100
|turn|57
|
|t:|1760382573
|move|p1a: Kingambit|Kowtow Cleave|p2a: Dondozo
|-damage|p2a: Dondozo|12/100
|move|p2a: Dondozo|Rest|p2a: Dondozo
|-status|p2a: Dondozo|slp|[from] move: Rest
|-heal|p2a: Dondozo|100/100 slp|[silent]
|
|-heal|p1a: Kingambit|73/100|[from] item: Leftovers
|upkeep
|turn|58
|
|t:|1760382577
|-end|p1a: Kingambit|fallenundefined|[silent]
|switch|p1a: Okidogi|Okidogi, M|100/100
|-sideend|p1: nailik76|move: Toxic Spikes|[of] p1a: Okidogi
|cant|p2a: Dondozo|slp
|move|p2a: Dondozo|Sleep Talk|p2a: Dondozo
|move|p2a: Dondozo|Avalanche|p1a: Okidogi|[from] move: Sleep Talk
|-damage|p1a: Okidogi|89/100
|
|-heal|p1a: Okidogi|95/100|[from] item: Leftovers
|upkeep
|turn|59
|
|t:|1760382604
|switch|p2a: Weezing|Weezing-Galar, M|100/100
|-ability|p2a: Weezing|Neutralizing Gas
|move|p1a: Okidogi|Drain Punch|p2a: Weezing
|-resisted|p2a: Weezing
|-crit|p2a: Weezing
|-damage|p2a: Weezing|90/100
|-heal|p1a: Okidogi|99/100|[from] drain|[of] p2a: Weezing
|
|-heal|p1a: Okidogi|100/100|[from] item: Leftovers
|upkeep
|turn|60
|
|t:|1760382616
|switch|p1a: Primarina|Primarina, F|63/100
|move|p2a: Weezing|Will-O-Wisp|p1a: Primarina
|-status|p1a: Primarina|brn
|
|-damage|p1a: Primarina|57/100 brn|[from] brn
|upkeep
|turn|61
|
|t:|1760382620
|-end|p2a: Weezing|ability: Neutralizing Gas
|switch|p2a: Toxapex|Toxapex, M|100/100
|move|p1a: Primarina|Psychic Noise|p2a: Toxapex
|-resisted|p2a: Toxapex
|-damage|p2a: Toxapex|88/100
|-start|p2a: Toxapex|move: Heal Block
|
|-damage|p1a: Primarina|51/100 brn|[from] brn
|upkeep
|turn|62
|
|t:|1760382625
|move|p1a: Primarina|Flip Turn|p2a: Toxapex
|-resisted|p2a: Toxapex
|-damage|p2a: Toxapex|86/100
|
|t:|1760382645
|switch|p1a: Great Tusk|Great Tusk|34/100|[from] Flip Turn
|move|p2a: Toxapex|Toxic Spikes|p1a: Great Tusk
|-sidestart|p1: nailik76|move: Toxic Spikes
|
|-end|p2a: Toxapex|move: Heal Block
|upkeep
|turn|63
|
|t:|1760382655
|switch|p2a: Dondozo|Dondozo, F|100/100 slp
|move|p1a: Great Tusk|Stealth Rock|p2a: Dondozo
|-sidestart|p2: methodiclive|move: Stealth Rock
|
|upkeep
|turn|64
|
|t:|1760382660
|-end|p1a: Great Tusk|Protosynthesis|[silent]
|switch|p1a: Okidogi|Okidogi, M|100/100
|-sideend|p1: nailik76|move: Toxic Spikes|[of] p1a: Okidogi
|cant|p2a: Dondozo|slp
|move|p2a: Dondozo|Sleep Talk|p2a: Dondozo
|move|p2a: Dondozo|Avalanche|p1a: Okidogi|[from] move: Sleep Talk
|-damage|p1a: Okidogi|91/100
|
|-heal|p1a: Okidogi|97/100|[from] item: Leftovers
|upkeep
|turn|65
|-message|methodiclive forfeited.
|
|win|nailik76
|raw|nailik76's rating: 1609 &rarr; <strong>1626</strong><br />(+17 for winning)
|raw|methodiclive's rating: 1563 &rarr; <strong>1546</strong><br />(-17 for losing)
|l|☆methodiclive
|player|p2|
|l|☆nailik76
|player|p1|
