|j|☆IDisl1ke_Coffee
|j|☆firestarrr
|t:|1760435726
|gametype|singles
|player|p1|IDisl1ke_Coffee|lance|1092
|player|p2|firestarrr|266|1097
|gen|9
|tier|[Gen 9] OU
|rated|
|rule|HP Percentage Mod: HP is shown in percentages
|rule|Endless Battle Clause: Forcing endless battles is banned
|rule|Species Clause: Limit one of each Pokémon
|rule|OHKO Clause: OHKO moves are banned
|rule|Evasion Items Clause: Evasion items are banned
|rule|Evasion Moves Clause: Evasion moves are banned
|rule|Evasion Abilities Clause: Evasion abilities are banned
|rule|Sleep Moves Clause: Sleep-inducing moves are banned
|clearpoke
|poke|p1|Bellibolt, M|
|poke|p1|Dragonite, F|
|poke|p1|Polteageist-Antique|
|poke|p1|Great Tusk|
|poke|p1|Skeledirge, M|
|poke|p1|Maushold-Four|
|poke|p2|Landorus-Therian, M|
|poke|p2|Rotom-Wash|
|poke|p2|Toxapex, F|
|poke|p2|Moltres|
|poke|p2|Cinderace, F|
|poke|p2|Iron Treads|
|teampreview
|inactive|Battle timer is ON: inactive players will automatically lose when time's up. (requested by IDisl1ke_Coffee)
|c|☆IDisl1ke_Coffee|glhf
|
|t:|1760435758
|teamsize|p1|6
|teamsize|p2|6
|start
|switch|p1a: Great Tusk|Great Tusk|100/100
|switch|p2a: 微波炉|Rotom-Wash, shiny|100/100
|-enditem|p1a: Great Tusk|Booster Energy
|-activate|p1a: Great Tusk|ability: Protosynthesis|[fromitem]
|-start|p1a: Great Tusk|protosynthesisatk
|turn|1
|
|t:|1760435773
|move|p1a: Great Tusk|Stealth Rock|p2a: 微波炉
|-sidestart|p2: firestarrr|move: Stealth Rock
|move|p2a: 微波炉|Will-O-Wisp|p1a: Great Tusk
|-status|p1a: Great Tusk|brn
|
|-damage|p1a: Great Tusk|94/100 brn|[from] brn
|upkeep
|turn|2
|
|t:|1760435790
|-end|p1a: Great Tusk|Protosynthesis|[silent]
|switch|p1a: Bellibolt|Bellibolt, M|100/100
|move|p2a: 微波炉|Hydro Pump|p1a: Bellibolt
|-damage|p1a: Bellibolt|65/100
|-start|p1a: Bellibolt|Charge|Hydro Pump|[from] ability: Electromorphosis
|
|-heal|p1a: Bellibolt|71/100|[from] item: Leftovers
|upkeep
|turn|3
|
|t:|1760435804
|move|p2a: 微波炉|Volt Switch|p1a: Bellibolt
|-resisted|p1a: Bellibolt
|-damage|p1a: Bellibolt|59/100
|-start|p1a: Bellibolt|Charge|Volt Switch|[from] ability: Electromorphosis
|
|t:|1760435807
|switch|p2a: 大运轮胎|Iron Treads, shiny|100/100|[from] Volt Switch
|-damage|p2a: 大运轮胎|98/100|[from] Stealth Rock
|-enditem|p2a: 大运轮胎|Booster Energy
|-activate|p2a: 大运轮胎|ability: Quark Drive|[fromitem]
|-start|p2a: 大运轮胎|quarkdrivespe
|move|p1a: Bellibolt|Discharge|p2a: 大运轮胎
|-immune|p2a: 大运轮胎
|-end|p1a: Bellibolt|Charge|[silent]
|
|-heal|p1a: Bellibolt|65/100|[from] item: Leftovers
|upkeep
|turn|4
|
|t:|1760435818
|switch|p1a: Dragonite|Dragonite, F|100/100
|move|p2a: 大运轮胎|Stealth Rock|p1a: Dragonite
|-sidestart|p1: IDisl1ke_Coffee|move: Stealth Rock
|
|upkeep
|turn|5
|
|t:|1760435823
|move|p2a: 大运轮胎|Rapid Spin|p1a: Dragonite
|-damage|p1a: Dragonite|95/100
|-boost|p2a: 大运轮胎|spe|1
|-sideend|p2: firestarrr|Stealth Rock|[from] move: Rapid Spin|[of] p2a: 大运轮胎
|move|p1a: Dragonite|Dragon Dance|p1a: Dragonite
|-boost|p1a: Dragonite|atk|1
|-boost|p1a: Dragonite|spe|1
|
|upkeep
|turn|6
|
|t:|1760435834
|switch|p1a: Great Tusk|Great Tusk|94/100 brn
|-damage|p1a: Great Tusk|91/100 brn|[from] Stealth Rock
|move|p2a: 大运轮胎|Body Press|p1a: Great Tusk
|-damage|p1a: Great Tusk|77/100 brn
|
|-damage|p1a: Great Tusk|70/100 brn|[from] brn
|upkeep
|turn|7
|
|t:|1760435855
|move|p2a: 大运轮胎|Earthquake|p1a: Great Tusk
|-damage|p1a: Great Tusk|44/100 brn
|move|p1a: Great Tusk|High Horsepower|p2a: 大运轮胎
|-supereffective|p2a: 大运轮胎
|-damage|p2a: 大运轮胎|59/100
|
|-damage|p1a: Great Tusk|37/100 brn|[from] brn
|upkeep
|turn|8
|
|t:|1760435867
|move|p2a: 大运轮胎|Earthquake|p1a: Great Tusk
|-damage|p1a: Great Tusk|8/100 brn
|move|p1a: Great Tusk|Stealth Rock|p2a: 大运轮胎
|-sidestart|p2: firestarrr|move: Stealth Rock
|
|-damage|p1a: Great Tusk|1/100 brn|[from] brn
|upkeep
|turn|9
|
|t:|1760435873
|move|p2a: 大运轮胎|Rapid Spin|p1a: Great Tusk
|-crit|p1a: Great Tusk
|-damage|p1a: Great Tusk|0 fnt
|-boost|p2a: 大运轮胎|spe|1
|-sideend|p2: firestarrr|Stealth Rock|[from] move: Rapid Spin|[of] p2a: 大运轮胎
|faint|p1a: Great Tusk
|-end|p1a: Great Tusk|Protosynthesis|[silent]
|
|upkeep
|
|t:|1760435882
|switch|p1a: Skeledirge|Skeledirge, M, shiny|100/100
|turn|10
|
|t:|1760435891
|move|p2a: 大运轮胎|Earthquake|p1a: Skeledirge
|-supereffective|p1a: Skeledirge
|-damage|p1a: Skeledirge|50/100
|move|p1a: Skeledirge|Torch Song|p2a: 大运轮胎
|-supereffective|p2a: 大运轮胎
|-damage|p2a: 大运轮胎|0 fnt
|-boost|p1a: Skeledirge|spa|1
|faint|p2a: 大运轮胎
|-end|p2a: 大运轮胎|Quark Drive|[silent]
|
|upkeep
|
|t:|1760435897
|switch|p2a: 哈气的大橘|Landorus-Therian, M, shiny|100/100
|-ability|p2a: 哈气的大橘|Intimidate|boost
|-unboost|p1a: Skeledirge|atk|1
|turn|11
|
|t:|1760435903
|move|p2a: 哈气的大橘|Earthquake|p1a: Skeledirge
|-supereffective|p1a: Skeledirge
|-damage|p1a: Skeledirge|0 fnt
|faint|p1a: Skeledirge
|
|upkeep
|
|t:|1760435911
|switch|p1a: Dragonite|Dragonite, F|95/100
|-damage|p1a: Dragonite|70/100|[from] Stealth Rock
|turn|12
|
|t:|1760435916
|switch|p2a: 微波炉|Rotom-Wash, shiny|100/100
|move|p1a: Dragonite|Dragon Dance|p1a: Dragonite
|-boost|p1a: Dragonite|atk|1
|-boost|p1a: Dragonite|spe|1
|
|upkeep
|turn|13
|
|t:|1760435923
|move|p1a: Dragonite|Dragon Claw|p2a: 微波炉
|-damage|p2a: 微波炉|44/100
|move|p2a: 微波炉|Will-O-Wisp|p1a: Dragonite
|-status|p1a: Dragonite|brn
|
|-heal|p2a: 微波炉|50/100|[from] item: Leftovers
|-damage|p1a: Dragonite|64/100 brn|[from] brn
|upkeep
|turn|14
|
|t:|1760435933
|move|p1a: Dragonite|Dragon Claw|p2a: 微波炉
|-damage|p2a: 微波炉|18/100
|move|p2a: 微波炉|Volt Switch|p1a: Dragonite
|-damage|p1a: Dragonite|38/100 brn
|
|t:|1760435943
|switch|p2a: 麻辣兔头|Cinderace, F|100/100|[from] Volt Switch
|
|-damage|p1a: Dragonite|32/100 brn|[from] brn
|upkeep
|turn|15
|inactive|IDisl1ke_Coffee has 120 seconds left.
|inactive|IDisl1ke_Coffee has 90 seconds left.
|l|☆IDisl1ke_Coffee
|inactive|IDisl1ke_Coffee disconnected and has a minute to reconnect!
|player|p1|
|inactive|IDisl1ke_Coffee has 30 seconds to reconnect!
|inactive|IDisl1ke_Coffee has 20 seconds to reconnect!
|inactive|IDisl1ke_Coffee has 15 seconds to reconnect!
|inactive|IDisl1ke_Coffee has 10 seconds to reconnect!
|inactive|IDisl1ke_Coffee has 5 seconds to reconnect!
|-message|IDisl1ke_Coffee lost due to inactivity.
|
|win|firestarrr
|raw|IDisl1ke_Coffee's rating: 1092 &rarr; <strong>1069</strong><br />(-23 for losing)
|raw|firestarrr's rating: 1097 &rarr; <strong>1122</strong><br />(+25 for winning)
|l|☆firestarrr
|player|p2|
