|j|☆jessies boyfriend
|j|☆DarkWorldMinun
|t:|1760409244
|gametype|singles
|player|p1|jessies boyfriend|brock|1213
|player|p2|DarkWorldMinun|169|1185
|gen|9
|tier|[Gen 9] OU
|rated|
|rule|HP Percentage Mod: HP is shown in percentages
|rule|Endless Battle Clause: Forcing endless battles is banned
|rule|Species Clause: Limit one of each Pokémon
|rule|OHKO Clause: OHKO moves are banned
|rule|Evasion Items Clause: Evasion items are banned
|rule|Evasion Moves Clause: Evasion moves are banned
|rule|Evasion Abilities Clause: Evasion abilities are banned
|rule|Sleep Moves Clause: Sleep-inducing moves are banned
|clearpoke
|poke|p1|Iron Moth|
|poke|p1|Thundurus, M|
|poke|p1|Pecharunt|
|poke|p1|Grimmsnarl, M|
|poke|p1|Quaquaval, F|
|poke|p1|Gliscor, F|
|poke|p2|Lanturn, F|
|poke|p2|Rillaboom, M|
|poke|p2|Great Tusk|
|poke|p2|Tornadus-Therian, M|
|poke|p2|Raging Bolt|
|poke|p2|Iron Crown|
|teampreview
|inactive|Battle timer is ON: inactive players will automatically lose when time's up. (requested by DarkWorldMinun)
|inactive|DarkWorldMinun has 120 seconds left.
|inactive|DarkWorldMinun has 90 seconds left.
|
|t:|1760409306
|teamsize|p1|6
|teamsize|p2|6
|start
|switch|p1a: Iron Moth|Iron Moth, shiny|100/100
|switch|p2a: Iron Crown|Iron Crown|100/100
|turn|1
|
|t:|1760409312
|-end|p2a: Iron Crown|Quark Drive|[silent]
|switch|p2a: Lanturn|Lanturn, F|100/100
|move|p1a: Iron Moth|Fiery Dance|p2a: Lanturn
|-resisted|p2a: Lanturn
|-damage|p2a: Lanturn|89/100
|-boost|p1a: Iron Moth|spa|1
|
|-heal|p2a: Lanturn|95/100|[from] item: Leftovers
|upkeep
|turn|2
|
|t:|1760409318
|move|p1a: Iron Moth|Toxic|p2a: Lanturn
|-status|p2a: Lanturn|tox
|move|p2a: Lanturn|Ice Beam|p1a: Iron Moth
|-resisted|p1a: Iron Moth
|-damage|p1a: Iron Moth|92/100
|
|-heal|p1a: Iron Moth|98/100|[from] item: Leftovers
|-heal|p2a: Lanturn|100/100 tox|[from] item: Leftovers
|-damage|p2a: Lanturn|94/100 tox|[from] psn
|upkeep
|turn|3
|
|t:|1760409329
|move|p1a: Iron Moth|Protect|p1a: Iron Moth
|-singleturn|p1a: Iron Moth|Protect
|move|p2a: Lanturn|Thunder Wave|p1a: Iron Moth
|-activate|p1a: Iron Moth|move: Protect
|
|-heal|p1a: Iron Moth|100/100|[from] item: Leftovers
|-heal|p2a: Lanturn|100/100 tox|[from] item: Leftovers
|-damage|p2a: Lanturn|88/100 tox|[from] psn
|upkeep
|turn|4
|
|t:|1760409335
|move|p1a: Iron Moth|Fiery Dance|p2a: Lanturn
|-resisted|p2a: Lanturn
|-damage|p2a: Lanturn|71/100 tox
|move|p2a: Lanturn|Scald|p1a: Iron Moth
|-supereffective|p1a: Iron Moth
|-damage|p1a: Iron Moth|59/100
|
|-heal|p1a: Iron Moth|65/100|[from] item: Leftovers
|-heal|p2a: Lanturn|78/100 tox|[from] item: Leftovers
|-damage|p2a: Lanturn|59/100 tox|[from] psn
|upkeep
|turn|5
|
|t:|1760409343
|switch|p2a: Tornadus|Tornadus-Therian, M|100/100
|move|p1a: Iron Moth|Protect||[still]
|-fail|p1a: Iron Moth
|
|-heal|p1a: Iron Moth|72/100|[from] item: Leftovers
|upkeep
|turn|6
|
|t:|1760409351
|move|p1a: Iron Moth|Protect|p1a: Iron Moth
|-singleturn|p1a: Iron Moth|Protect
|move|p2a: Tornadus|U-turn|p1a: Iron Moth
|-activate|p1a: Iron Moth|move: Protect
|
|-heal|p1a: Iron Moth|78/100|[from] item: Leftovers
|upkeep
|turn|7
|
|t:|1760409356
|move|p2a: Tornadus|Bleakwind Storm|p1a: Iron Moth
|-damage|p1a: Iron Moth|38/100
|move|p1a: Iron Moth|Toxic|p2a: Tornadus
|-status|p2a: Tornadus|tox
|
|-heal|p1a: Iron Moth|44/100|[from] item: Leftovers
|-damage|p2a: Tornadus|94/100 tox|[from] psn
|upkeep
|turn|8
|
|t:|1760409361
|switch|p2a: Lanturn|Lanturn, F|59/100 tox
|move|p1a: Iron Moth|Protect||[still]
|-fail|p1a: Iron Moth
|
|-heal|p1a: Iron Moth|50/100|[from] item: Leftovers
|-heal|p2a: Lanturn|65/100 tox|[from] item: Leftovers
|-damage|p2a: Lanturn|59/100 tox|[from] psn
|upkeep
|turn|9
|
|t:|1760409367
|switch|p2a: Tornadus|Tornadus-Therian, M|100/100 tox
|move|p1a: Iron Moth|Protect||[still]
|-fail|p1a: Iron Moth
|
|-heal|p1a: Iron Moth|56/100|[from] item: Leftovers
|-damage|p2a: Tornadus|94/100 tox|[from] psn
|upkeep
|turn|10
|
|t:|1760409372
|move|p2a: Tornadus|Bleakwind Storm|p1a: Iron Moth
|-damage|p1a: Iron Moth|15/100
|move|p1a: Iron Moth|Morning Sun|p1a: Iron Moth
|-heal|p1a: Iron Moth|65/100
|
|-heal|p1a: Iron Moth|71/100|[from] item: Leftovers
|-damage|p2a: Tornadus|82/100 tox|[from] psn
|upkeep
|turn|11
|
|t:|1760409378
|move|p2a: Tornadus|Icy Wind|p1a: Iron Moth
|-resisted|p1a: Iron Moth
|-damage|p1a: Iron Moth|64/100
|-unboost|p1a: Iron Moth|spe|1
|move|p1a: Iron Moth|Fiery Dance|p2a: Tornadus
|-damage|p2a: Tornadus|41/100 tox
|
|-heal|p1a: Iron Moth|70/100|[from] item: Leftovers
|-damage|p2a: Tornadus|23/100 tox|[from] psn
|upkeep
|turn|12
|
|t:|1760409385
|move|p1a: Iron Moth|Protect|p1a: Iron Moth
|-singleturn|p1a: Iron Moth|Protect
|move|p2a: Tornadus|U-turn|p1a: Iron Moth
|-activate|p1a: Iron Moth|move: Protect
|
|-heal|p1a: Iron Moth|76/100|[from] item: Leftovers
|-damage|p2a: Tornadus|0 fnt|[from] psn
|faint|p2a: Tornadus
|upkeep
|
|t:|1760409393
|switch|p2a: Iron Crown|Iron Crown|100/100
|turn|13
|
|t:|1760409410
|-end|p1a: Iron Moth|Quark Drive|[silent]
|switch|p1a: Grimmsnarl|Grimmsnarl, M|100/100
|move|p2a: Iron Crown|Psychic Noise|p1a: Grimmsnarl
|-immune|p1a: Grimmsnarl
|
|upkeep
|turn|14
|inactive|DarkWorldMinun has 120 seconds left.
|
|t:|1760409445
|move|p1a: Grimmsnarl|Parting Shot|p2a: Iron Crown
|-unboost|p2a: Iron Crown|atk|1
|-unboost|p2a: Iron Crown|spa|1
|
|t:|1760409452
|switch|p1a: Thundurus|Thundurus, M, shiny|100/100|[from] Parting Shot
|move|p2a: Iron Crown|Tachyon Cutter|p1a: Thundurus
|-resisted|p1a: Thundurus
|-damage|p1a: Thundurus|88/100
|-resisted|p1a: Thundurus
|-damage|p1a: Thundurus|75/100
|-hitcount|p1a: Thundurus|2
|
|upkeep
|turn|15
|inactive|DarkWorldMinun has 120 seconds left.
|
|t:|1760409471
|move|p1a: Thundurus|Knock Off|p2a: Iron Crown
|-supereffective|p2a: Iron Crown
|-damage|p2a: Iron Crown|34/100
|-enditem|p2a: Iron Crown|Assault Vest|[from] move: Knock Off|[of] p1a: Thundurus
|move|p2a: Iron Crown|Volt Switch|p1a: Thundurus
|-damage|p1a: Thundurus|50/100
|
|t:|1760409476
|-end|p2a: Iron Crown|Quark Drive|[silent]
|switch|p2a: Lanturn|Lanturn, F|59/100 tox|[from] Volt Switch
|
|-heal|p2a: Lanturn|65/100 tox|[from] item: Leftovers
|-damage|p2a: Lanturn|59/100 tox|[from] psn
|upkeep
|turn|16
|
|t:|1760409481
|move|p1a: Thundurus|U-turn|p2a: Lanturn
|-damage|p2a: Lanturn|32/100 tox
|
|t:|1760409491
|switch|p1a: Quaquaval|Quaquaval, F|100/100|[from] U-turn
|move|p2a: Lanturn|Volt Switch|p1a: Quaquaval
|-supereffective|p1a: Quaquaval
|-damage|p1a: Quaquaval|60/100
|
|t:|1760409501
|switch|p2a: Rillaboom|Rillaboom, M|100/100|[from] Volt Switch
|-fieldstart|move: Grassy Terrain|[from] ability: Grassy Surge|[of] p2a: Rillaboom
|
|-heal|p1a: Quaquaval|66/100|[from] Grassy Terrain
|upkeep
|turn|17
|
|t:|1760409508
|move|p2a: Rillaboom|Knock Off|p1a: Quaquaval
|-resisted|p1a: Quaquaval
|-damage|p1a: Quaquaval|37/100
|-enditem|p1a: Quaquaval|Heavy-Duty Boots|[from] move: Knock Off|[of] p2a: Rillaboom
|move|p1a: Quaquaval|Flip Turn|p2a: Rillaboom
|-resisted|p2a: Rillaboom
|-damage|p2a: Rillaboom|85/100
|
|t:|1760409514
|switch|p1a: Gliscor|Gliscor, F|100/100|[from] Flip Turn
|
|-heal|p2a: Rillaboom|91/100|[from] Grassy Terrain
|-status|p1a: Gliscor|tox|[from] item: Toxic Orb
|upkeep
|turn|18
|
|t:|1760409528
|switch|p2a: Great Tusk|Great Tusk|100/100
|move|p1a: Gliscor|Stealth Rock|p2a: Great Tusk
|-sidestart|p2: DarkWorldMinun|move: Stealth Rock
|
|upkeep
|turn|19
|
|t:|1760409532
|switch|p1a: Pecharunt|Pecharunt|100/100
|move|p2a: Great Tusk|Stealth Rock|p1a: Pecharunt
|-sidestart|p1: jessies boyfriend|move: Stealth Rock
|
|upkeep
|turn|20
|
|t:|1760409538
|move|p2a: Great Tusk|Headlong Rush|p1a: Pecharunt
|-supereffective|p1a: Pecharunt
|-damage|p1a: Pecharunt|40/100
|-unboost|p2a: Great Tusk|def|1
|-unboost|p2a: Great Tusk|spd|1
|move|p1a: Pecharunt|Malignant Chain|p2a: Great Tusk
|-resisted|p2a: Great Tusk
|-damage|p2a: Great Tusk|64/100
|-status|p2a: Great Tusk|tox
|-start|p2a: Great Tusk|confusion|[from] ability: Poison Puppeteer|[of] p1a: Pecharunt
|
|-heal|p2a: Great Tusk|71/100 tox|[from] Grassy Terrain
|-heal|p1a: Pecharunt|46/100|[from] Grassy Terrain
|-heal|p1a: Pecharunt|52/100|[from] item: Leftovers
|-damage|p2a: Great Tusk|64/100 tox|[from] psn
|-fieldend|move: Grassy Terrain
|upkeep
|turn|21
|
|t:|1760409551
|-end|p2a: Great Tusk|Protosynthesis|[silent]
|switch|p2a: Raging Bolt|Raging Bolt|100/100
|-damage|p2a: Raging Bolt|88/100|[from] Stealth Rock
|-terastallize|p1a: Pecharunt|Dark
|move|p1a: Pecharunt|Recover|p1a: Pecharunt
|-heal|p1a: Pecharunt|100/100
|
|upkeep
|turn|22
|
|t:|1760409556
|move|p2a: Raging Bolt|Draco Meteor|p1a: Pecharunt
|-damage|p1a: Pecharunt|0 fnt
|-unboost|p2a: Raging Bolt|spa|2
|faint|p1a: Pecharunt
|
|upkeep
|
|t:|1760409563
|switch|p1a: Grimmsnarl|Grimmsnarl, M|100/100
|-damage|p1a: Grimmsnarl|88/100|[from] Stealth Rock
|turn|23
|
|t:|1760409583
|-end|p2a: Raging Bolt|Protosynthesis|[silent]
|switch|p2a: Iron Crown|Iron Crown|34/100
|-damage|p2a: Iron Crown|28/100|[from] Stealth Rock
|move|p1a: Grimmsnarl|Spirit Break|p2a: Iron Crown
|-resisted|p2a: Iron Crown
|-crit|p2a: Iron Crown
|-damage|p2a: Iron Crown|0 fnt
|faint|p2a: Iron Crown
|-end|p2a: Iron Crown|Quark Drive|[silent]
|
|upkeep
|
|t:|1760409592
|switch|p2a: Rillaboom|Rillaboom, M|91/100
|-damage|p2a: Rillaboom|79/100|[from] Stealth Rock
|-fieldstart|move: Grassy Terrain|[from] ability: Grassy Surge|[of] p2a: Rillaboom
|turn|24
|
|t:|1760409602
|move|p2a: Rillaboom|Knock Off|p1a: Grimmsnarl
|-resisted|p1a: Grimmsnarl
|-damage|p1a: Grimmsnarl|70/100
|-enditem|p1a: Grimmsnarl|Mirror Herb|[from] move: Knock Off|[of] p2a: Rillaboom
|move|p1a: Grimmsnarl|Spirit Break|p2a: Rillaboom
|-damage|p2a: Rillaboom|33/100
|-unboost|p2a: Rillaboom|spa|1
|
|-heal|p2a: Rillaboom|39/100|[from] Grassy Terrain
|-heal|p1a: Grimmsnarl|76/100|[from] Grassy Terrain
|upkeep
|turn|25
|
|t:|1760409615
|switch|p2a: Lanturn|Lanturn, F|32/100 tox
|-damage|p2a: Lanturn|20/100 tox|[from] Stealth Rock
|move|p1a: Grimmsnarl|Spirit Break|p2a: Lanturn
|-damage|p2a: Lanturn|0 fnt
|faint|p2a: Lanturn
|
|-heal|p1a: Grimmsnarl|82/100|[from] Grassy Terrain
|upkeep
|
|t:|1760409619
|switch|p2a: Raging Bolt|Raging Bolt|88/100
|-damage|p2a: Raging Bolt|76/100|[from] Stealth Rock
|turn|26
|
|t:|1760409626
|move|p2a: Raging Bolt|Draco Meteor|p1a: Grimmsnarl
|-immune|p1a: Grimmsnarl
|move|p1a: Grimmsnarl|Spirit Break|p2a: Raging Bolt
|-supereffective|p2a: Raging Bolt
|-damage|p2a: Raging Bolt|5/100
|-unboost|p2a: Raging Bolt|spa|1
|
|-heal|p2a: Raging Bolt|11/100|[from] Grassy Terrain
|-heal|p1a: Grimmsnarl|88/100|[from] Grassy Terrain
|upkeep
|turn|27
|-message|DarkWorldMinun forfeited.
|
|win|jessies boyfriend
|raw|jessies boyfriend's rating: 1213 &rarr; <strong>1236</strong><br />(+23 for winning)
|raw|DarkWorldMinun's rating: 1185 &rarr; <strong>1162</strong><br />(-23 for losing)
|l|☆DarkWorldMinun
|player|p2|
|l|☆jessies boyfriend
|player|p1|
