|j|☆Nomanmake
|j|☆Migstaper
|t:|1760369023
|gametype|singles
|player|p1|Nomanmake|blue-gen1rb|1714
|player|p2|Migstaper|ltsurge|1710
|gen|9
|tier|[Gen 9] OU
|rated|
|rule|HP Percentage Mod: HP is shown in percentages
|rule|Endless Battle Clause: Forcing endless battles is banned
|rule|Species Clause: Limit one of each Pokémon
|rule|OHKO Clause: OHKO moves are banned
|rule|Evasion Items Clause: Evasion items are banned
|rule|Evasion Moves Clause: Evasion moves are banned
|rule|Evasion Abilities Clause: Evasion abilities are banned
|rule|Sleep Moves Clause: Sleep-inducing moves are banned
|clearpoke
|poke|p1|Thundurus, M|
|poke|p1|Pincurchin, F|
|poke|p1|Hawlucha, M|
|poke|p1|Raging Bolt|
|poke|p1|Iron Valiant|
|poke|p1|Iron Treads|
|poke|p2|Enamorus, F|
|poke|p2|Iron Valiant|
|poke|p2|Darkrai|
|poke|p2|Dragonite, M|
|poke|p2|Great Tusk|
|poke|p2|Kingambit, M|
|teampreview
|
|t:|1760369031
|teamsize|p1|6
|teamsize|p2|6
|start
|switch|p1a: Pincurchin|Pincurchin, F|100/100
|switch|p2a: Read the Bible|Enamorus, F, shiny|100/100
|-fieldstart|move: Electric Terrain|[from] ability: Electric Surge|[of] p1a: Pincurchin
|turn|1
|inactive|Battle timer is ON: inactive players will automatically lose when time's up. (requested by Migstaper)
|inactive|Nomanmake also wants the timer to be on.
|
|t:|1760369054
|switch|p1a: Iron Treads|Iron Treads|100/100
|-item|p1a: Iron Treads|Air Balloon
|-activate|p1a: Iron Treads|ability: Quark Drive
|-start|p1a: Iron Treads|quarkdrivespe
|move|p2a: Read the Bible|Earth Power|p1a: Iron Treads
|-immune|p1a: Iron Treads
|
|upkeep
|turn|2
|
|t:|1760369068
|switch|p2a: ROMANS 10:9|Great Tusk, shiny|100/100
|-enditem|p2a: ROMANS 10:9|Booster Energy
|-activate|p2a: ROMANS 10:9|ability: Protosynthesis|[fromitem]
|-start|p2a: ROMANS 10:9|protosynthesisatk
|move|p1a: Iron Treads|Stealth Rock|p2a: ROMANS 10:9
|-sidestart|p2: Migstaper|move: Stealth Rock
|
|upkeep
|turn|3
|
|t:|1760369084
|-end|p1a: Iron Treads|Quark Drive|[silent]
|switch|p1a: Hawlucha|Hawlucha, M|100/100
|-enditem|p1a: Hawlucha|Electric Seed
|-boost|p1a: Hawlucha|def|1|[from] item: Electric Seed
|move|p2a: ROMANS 10:9|Rapid Spin|p1a: Hawlucha
|-damage|p1a: Hawlucha|81/100
|-boost|p2a: ROMANS 10:9|spe|1
|-sideend|p2: Migstaper|Stealth Rock|[from] move: Rapid Spin|[of] p2a: ROMANS 10:9
|
|upkeep
|turn|4
|
|t:|1760369094
|-terastallize|p2a: ROMANS 10:9|Ground
|move|p1a: Hawlucha|Encore|p2a: ROMANS 10:9
|-start|p2a: ROMANS 10:9|Encore
|move|p2a: ROMANS 10:9|Rapid Spin|p1a: Hawlucha
|-damage|p1a: Hawlucha|59/100
|-boost|p2a: ROMANS 10:9|spe|1
|
|upkeep
|turn|5
|l|☆Nomanmake
|inactive|Nomanmake disconnected and has a minute to reconnect!
|player|p1|
|inactive|Nomanmake has 30 seconds to reconnect!
|inactive|Nomanmake has 20 seconds to reconnect!
|j|☆Nomanmake
|inactive|Nomanmake reconnected and has 95 seconds left.
|player|p1|Nomanmake|blue-gen1rb|
|
|t:|1760369154
|move|p1a: Hawlucha|Swords Dance|p1a: Hawlucha
|-boost|p1a: Hawlucha|atk|2
|move|p2a: ROMANS 10:9|Rapid Spin|p1a: Hawlucha
|-damage|p1a: Hawlucha|38/100
|-boost|p2a: ROMANS 10:9|spe|1
|
|upkeep
|turn|6
|
|t:|1760369161
|move|p2a: ROMANS 10:9|Rapid Spin|p1a: Hawlucha
|-damage|p1a: Hawlucha|17/100
|-boost|p2a: ROMANS 10:9|spe|1
|move|p1a: Hawlucha|Acrobatics|p2a: ROMANS 10:9
|-damage|p2a: ROMANS 10:9|28/100
|
|-end|p2a: ROMANS 10:9|Encore
|upkeep
|turn|7
|
|t:|1760369172
|move|p2a: ROMANS 10:9|Ice Spinner|p1a: Hawlucha
|-supereffective|p1a: Hawlucha
|-damage|p1a: Hawlucha|0 fnt
|-fieldend|move: Electric Terrain
|faint|p1a: Hawlucha
|
|upkeep
|
|t:|1760369182
|switch|p1a: Iron Treads|Iron Treads|100/100
|-item|p1a: Iron Treads|Air Balloon
|turn|8
|
|t:|1760369188
|move|p2a: ROMANS 10:9|Close Combat|p1a: Iron Treads
|-supereffective|p1a: Iron Treads
|-damage|p1a: Iron Treads|0 fnt
|-unboost|p2a: ROMANS 10:9|def|1
|-unboost|p2a: ROMANS 10:9|spd|1
|-enditem|p1a: Iron Treads|Air Balloon
|faint|p1a: Iron Treads
|-end|p1a: Iron Treads|Quark Drive|[silent]
|
|upkeep
|
|t:|1760369200
|switch|p1a: Thundurus|Thundurus, M|100/100
|turn|9
|
|t:|1760369203
|move|p2a: ROMANS 10:9|Ice Spinner|p1a: Thundurus
|-supereffective|p1a: Thundurus
|-damage|p1a: Thundurus|23/100
|move|p1a: Thundurus|Grass Knot|p2a: ROMANS 10:9
|-supereffective|p2a: ROMANS 10:9
|-damage|p2a: ROMANS 10:9|0 fnt
|faint|p2a: ROMANS 10:9
|-end|p2a: ROMANS 10:9|Protosynthesis|[silent]
|
|upkeep
|
|t:|1760369231
|switch|p2a: Righteousness|Iron Valiant, shiny|100/100
|-enditem|p2a: Righteousness|Booster Energy
|-activate|p2a: Righteousness|ability: Quark Drive|[fromitem]
|-start|p2a: Righteousness|quarkdrivespe
|turn|10
|inactive|Nomanmake has 120 seconds left.
|
|t:|1760369240
|move|p1a: Thundurus|Electric Terrain|p1a: Thundurus
|-fieldstart|move: Electric Terrain
|move|p2a: Righteousness|Moonblast|p1a: Thundurus
|-damage|p1a: Thundurus|0 fnt
|faint|p1a: Thundurus
|
|upkeep
|inactive|Nomanmake has 120 seconds left.
|
|t:|1760369247
|switch|p1a: Iron Valiant|Iron Valiant|100/100
|-activate|p1a: Iron Valiant|ability: Quark Drive
|-start|p1a: Iron Valiant|quarkdrivespe
|turn|11
|inactive|Nomanmake has 120 seconds left.
|
|t:|1760369269
|move|p1a: Iron Valiant|Moonblast|p2a: Righteousness
|-supereffective|p2a: Righteousness
|-damage|p2a: Righteousness|0 fnt
|faint|p2a: Righteousness
|-end|p2a: Righteousness|Quark Drive|[silent]
|-damage|p1a: Iron Valiant|91/100|[from] item: Life Orb
|
|upkeep
|
|t:|1760369276
|switch|p2a: Read the Bible|Enamorus, F, shiny|100/100
|turn|12
|inactive|Nomanmake has 120 seconds left.
|
|t:|1760369307
|move|p1a: Iron Valiant|Thunderbolt|p2a: Read the Bible
|-supereffective|p2a: Read the Bible
|-damage|p2a: Read the Bible|0 fnt
|faint|p2a: Read the Bible
|-damage|p1a: Iron Valiant|81/100|[from] item: Life Orb
|
|upkeep
|
|t:|1760369314
|switch|p2a: Habakkuk|Dragonite, M, shiny|100/100
|turn|13
|
|t:|1760369329
|move|p1a: Iron Valiant|Moonblast|p2a: Habakkuk
|-supereffective|p2a: Habakkuk
|-damage|p2a: Habakkuk|32/100
|-damage|p1a: Iron Valiant|71/100|[from] item: Life Orb
|move|p2a: Habakkuk|Earthquake|p1a: Iron Valiant
|-damage|p1a: Iron Valiant|17/100
|
|upkeep
|turn|14
|inactive|Nomanmake has 90 seconds left.
|
|t:|1760369368
|move|p2a: Habakkuk|Extreme Speed|p1a: Iron Valiant
|-damage|p1a: Iron Valiant|0 fnt
|faint|p1a: Iron Valiant
|-end|p1a: Iron Valiant|Quark Drive|[silent]
|
|upkeep
|
|t:|1760369372
|switch|p1a: Raging Bolt|Raging Bolt|100/100
|turn|15
|
|t:|1760369380
|move|p1a: Raging Bolt|Rising Voltage|p2a: Habakkuk
|-damage|p2a: Habakkuk|0 fnt
|faint|p2a: Habakkuk
|
|upkeep
|
|t:|1760369385
|switch|p2a: No condemnation|Kingambit, M, shiny|100/100
|-activate|p2a: No condemnation|ability: Supreme Overlord
|-start|p2a: No condemnation|fallen4|[silent]
|turn|16
|
|t:|1760369390
|move|p1a: Raging Bolt|Rising Voltage|p2a: No condemnation
|-hint|Rising Voltage's BP doubled on grounded target.
|-damage|p2a: No condemnation|2/100
|move|p2a: No condemnation|Kowtow Cleave|p1a: Raging Bolt
|-damage|p1a: Raging Bolt|30/100
|
|upkeep
|turn|17
|
|t:|1760369401
|-end|p1a: Raging Bolt|Protosynthesis|[silent]
|switch|p1a: Pincurchin|Pincurchin, F|100/100
|move|p2a: No condemnation|Sucker Punch||[still]
|-fail|p2a: No condemnation
|
|-fieldend|move: Electric Terrain
|upkeep
|turn|18
|inactive|Nomanmake has 90 seconds left.
|
|t:|1760369448
|move|p2a: No condemnation|Kowtow Cleave|p1a: Pincurchin
|-damage|p1a: Pincurchin|39/100
|move|p1a: Pincurchin|Scald|p2a: No condemnation
|-damage|p2a: No condemnation|0 fnt
|faint|p2a: No condemnation
|-end|p2a: No condemnation|fallen4|[silent]
|
|upkeep
|
|t:|1760369456
|switch|p2a: Krai baby|Darkrai, shiny|100/100
|turn|19
|
|t:|1760369472
|move|p2a: Krai baby|Dark Pulse|p1a: Pincurchin
|-damage|p1a: Pincurchin|0 fnt
|faint|p1a: Pincurchin
|
|upkeep
|
|t:|1760369475
|switch|p1a: Raging Bolt|Raging Bolt|30/100
|turn|20
|
|t:|1760369494
|-terastallize|p1a: Raging Bolt|Flying
|move|p1a: Raging Bolt|Thunderclap|p2a: Krai baby
|-damage|p2a: Krai baby|26/100
|move|p2a: Krai baby|Dark Pulse|p1a: Raging Bolt
|-damage|p1a: Raging Bolt|0 fnt
|faint|p1a: Raging Bolt
|-end|p1a: Raging Bolt|Protosynthesis|[silent]
|
|win|Migstaper
|raw|Nomanmake's rating: 1714 &rarr; <strong>1694</strong><br />(-20 for losing)
|raw|Migstaper's rating: 1710 &rarr; <strong>1730</strong><br />(+20 for winning)
|l|☆Nomanmake
|player|p1|
