|j|☆piemcmuffin
|j|☆kurobots
|t:|1760328736
|gametype|singles
|player|p1|piemcmuffin|cynthia-anime2|1478
|player|p2|kurobots|ghetsis-gen5bw|1534
|gen|9
|tier|[Gen 9] OU
|rated|
|rule|HP Percentage Mod: HP is shown in percentages
|rule|Endless Battle Clause: Forcing endless battles is banned
|rule|Species Clause: Limit one of each Pokémon
|rule|OHKO Clause: OHKO moves are banned
|rule|Evasion Items Clause: Evasion items are banned
|rule|Evasion Moves Clause: Evasion moves are banned
|rule|Evasion Abilities Clause: Evasion abilities are banned
|rule|Sleep Moves Clause: Sleep-inducing moves are banned
|clearpoke
|poke|p1|Ogerpon-Wellspring, F|
|poke|p1|Tyranitar, M|
|poke|p1|Excadrill, F|
|poke|p1|Gholdengo|
|poke|p1|Corviknight, F|
|poke|p1|Weezing-Galar, M|
|poke|p2|Skeledirge, F|
|poke|p2|Ogerpon-Wellspring, F|
|poke|p2|Dragapult, F|
|poke|p2|Weezing-Galar, M|
|poke|p2|Ting-Lu|
|poke|p2|Corviknight, M|
|teampreview
|inactive|Battle timer is ON: inactive players will automatically lose when time's up. (requested by kurobots)
|
|t:|1760328767
|teamsize|p1|6
|teamsize|p2|6
|start
|switch|p1a: Weezing|Weezing-Galar, M|100/100
|switch|p2a: Ting-Lu|Ting-Lu, shiny|100/100
|-fieldstart|move: Misty Terrain|[from] ability: Misty Surge|[of] p1a: Weezing
|-ability|p2a: Ting-Lu|Vessel of Ruin
|turn|1
|
|t:|1760328772
|switch|p1a: Ogerpon|Ogerpon-Wellspring, F|100/100
|move|p2a: Ting-Lu|Earthquake|p1a: Ogerpon
|-resisted|p1a: Ogerpon
|-damage|p1a: Ogerpon|74/100
|
|upkeep
|turn|2
|
|t:|1760328776
|switch|p2a: Corviknight|Corviknight, M|100/100
|-ability|p2a: Corviknight|Pressure
|move|p1a: Ogerpon|Knock Off|p2a: Corviknight
|-damage|p2a: Corviknight|75/100
|-damage|p1a: Ogerpon|57/100|[from] item: Rocky Helmet|[of] p2a: Corviknight
|-enditem|p2a: Corviknight|Rocky Helmet|[from] move: Knock Off|[of] p1a: Ogerpon
|
|upkeep
|turn|3
|
|t:|1760328779
|move|p1a: Ogerpon|Spiky Shield|p1a: Ogerpon
|-singleturn|p1a: Ogerpon|move: Protect
|move|p2a: Corviknight|U-turn|p1a: Ogerpon
|-activate|p1a: Ogerpon|move: Protect
|-damage|p2a: Corviknight|63/100|[from] Spiky Shield|[of] p1a: Ogerpon
|
|upkeep
|turn|4
|
|t:|1760328781
|switch|p1a: Corviknight|Corviknight, F|100/100
|-ability|p1a: Corviknight|Pressure
|move|p2a: Corviknight|Roost|p2a: Corviknight
|-heal|p2a: Corviknight|100/100
|-singleturn|p2a: Corviknight|move: Roost
|
|upkeep
|turn|5
|
|t:|1760328787
|switch|p2a: Ting-Lu|Ting-Lu, shiny|100/100
|-ability|p2a: Ting-Lu|Vessel of Ruin
|move|p1a: Corviknight|Body Press|p2a: Ting-Lu
|-supereffective|p2a: Ting-Lu
|-damage|p2a: Ting-Lu|70/100
|
|-heal|p2a: Ting-Lu|76/100|[from] item: Leftovers
|-fieldend|Misty Terrain
|upkeep
|turn|6
|
|t:|1760328789
|move|p1a: Corviknight|Body Press|p2a: Ting-Lu
|-supereffective|p2a: Ting-Lu
|-crit|p2a: Ting-Lu
|-damage|p2a: Ting-Lu|31/100
|move|p2a: Ting-Lu|Stealth Rock|p1a: Corviknight
|-sidestart|p1: piemcmuffin|move: Stealth Rock
|
|-heal|p2a: Ting-Lu|37/100|[from] item: Leftovers
|upkeep
|turn|7
|
|t:|1760328805
|switch|p2a: Skeledirge|Skeledirge, F|100/100
|move|p1a: Corviknight|Defog|p2a: Skeledirge
|-unboost|p2a: Skeledirge|evasion|1
|-sideend|p1: piemcmuffin|Stealth Rock|[from] move: Defog|[of] p1a: Corviknight
|
|upkeep
|turn|8
|
|t:|1760328809
|switch|p1a: Weezing|Weezing-Galar, M|100/100
|-fieldstart|move: Misty Terrain|[from] ability: Misty Surge|[of] p1a: Weezing
|move|p2a: Skeledirge|Will-O-Wisp|p1a: Weezing|[miss]
|-miss|p2a: Skeledirge|p1a: Weezing
|
|upkeep
|turn|9
|
|t:|1760328817
|switch|p1a: Tyranitar|Tyranitar, M|100/100
|-weather|Sandstorm|[from] ability: Sand Stream|[of] p1a: Tyranitar
|move|p2a: Skeledirge|Earth Power|p1a: Tyranitar
|-supereffective|p1a: Tyranitar
|-damage|p1a: Tyranitar|74/100
|
|-weather|Sandstorm|[upkeep]
|-damage|p2a: Skeledirge|94/100|[from] Sandstorm
|upkeep
|turn|10
|
|t:|1760328821
|switch|p2a: Corviknight|Corviknight, M|100/100
|-ability|p2a: Corviknight|Pressure
|move|p1a: Tyranitar|Stone Edge|p2a: Corviknight
|-crit|p2a: Corviknight
|-damage|p2a: Corviknight|19/100
|
|-weather|Sandstorm|[upkeep]
|upkeep
|turn|11
|
|t:|1760328832
|switch|p2a: Ting-Lu|Ting-Lu, shiny|37/100
|-ability|p2a: Ting-Lu|Vessel of Ruin
|move|p1a: Tyranitar|Stone Edge|p2a: Ting-Lu
|-resisted|p2a: Ting-Lu
|-damage|p2a: Ting-Lu|12/100
|
|-weather|Sandstorm|[upkeep]
|-heal|p2a: Ting-Lu|18/100|[from] item: Leftovers
|upkeep
|turn|12
|
|t:|1760328836
|move|p1a: Tyranitar|Stone Edge|p2a: Ting-Lu
|-resisted|p2a: Ting-Lu
|-damage|p2a: Ting-Lu|0 fnt
|faint|p2a: Ting-Lu
|
|-weather|Sandstorm|[upkeep]
|-fieldend|Misty Terrain
|upkeep
|
|t:|1760328838
|switch|p2a: Ogerpon|Ogerpon-Wellspring, F|100/100
|turn|13
|
|t:|1760328842
|switch|p1a: Corviknight|Corviknight, F|100/100
|-ability|p1a: Corviknight|Pressure
|move|p2a: Ogerpon|Spikes|p1a: Corviknight
|-sidestart|p1: piemcmuffin|Spikes
|
|-weather|none
|upkeep
|turn|14
|
|t:|1760328848
|move|p2a: Ogerpon|Ivy Cudgel|p1a: Corviknight|[anim] Ivy Cudgel Water
|-damage|p1a: Corviknight|71/100
|move|p1a: Corviknight|Brave Bird|p2a: Ogerpon
|-supereffective|p2a: Ogerpon
|-damage|p2a: Ogerpon|15/100
|-damage|p1a: Corviknight|45/100|[from] Recoil
|
|upkeep
|turn|15
|
|t:|1760328858
|switch|p2a: Dragapult|Dragapult, F|100/100
|move|p1a: Corviknight|Roost|p1a: Corviknight
|-heal|p1a: Corviknight|95/100
|-singleturn|p1a: Corviknight|move: Roost
|
|upkeep
|turn|16
|
|t:|1760328863
|switch|p1a: Weezing|Weezing-Galar, M|100/100
|-damage|p1a: Weezing|88/100|[from] Spikes
|-fieldstart|move: Misty Terrain|[from] ability: Misty Surge|[of] p1a: Weezing
|move|p2a: Dragapult|Shadow Ball|p1a: Weezing
|-damage|p1a: Weezing|14/100
|
|-heal|p1a: Weezing|20/100|[from] item: Leftovers
|upkeep
|turn|17
|
|t:|1760328868
|switch|p2a: Ogerpon|Ogerpon-Wellspring, F|15/100
|switch|p1a: Tyranitar|Tyranitar, M|74/100
|-damage|p1a: Tyranitar|62/100|[from] Spikes
|-weather|Sandstorm|[from] ability: Sand Stream|[of] p1a: Tyranitar
|
|-weather|Sandstorm|[upkeep]
|-damage|p2a: Ogerpon|9/100|[from] Sandstorm
|upkeep
|turn|18
|
|t:|1760328873
|switch|p1a: Ogerpon|Ogerpon-Wellspring, F|57/100
|-damage|p1a: Ogerpon|45/100|[from] Spikes
|move|p2a: Ogerpon|Synthesis|p2a: Ogerpon
|-heal|p2a: Ogerpon|34/100
|
|-weather|Sandstorm|[upkeep]
|-damage|p1a: Ogerpon|39/100|[from] Sandstorm
|-damage|p2a: Ogerpon|28/100|[from] Sandstorm
|upkeep
|turn|19
|
|t:|1760328878
|switch|p2a: Corviknight|Corviknight, M|19/100
|-ability|p2a: Corviknight|Pressure
|move|p1a: Ogerpon|Horn Leech|p2a: Corviknight
|-resisted|p2a: Corviknight
|-crit|p2a: Corviknight
|-damage|p2a: Corviknight|10/100
|-heal|p1a: Ogerpon|45/100|[from] drain|[of] p2a: Corviknight
|
|-weather|Sandstorm|[upkeep]
|-damage|p1a: Ogerpon|39/100|[from] Sandstorm
|upkeep
|turn|20
|c|☆kurobots|Just crit every move why not
|
|t:|1760328894
|switch|p2a: Ogerpon|Ogerpon-Wellspring, F|28/100
|move|p1a: Ogerpon|Knock Off|p2a: Ogerpon
|-damage|p2a: Ogerpon|2/100
|
|-weather|Sandstorm|[upkeep]
|-damage|p1a: Ogerpon|33/100|[from] Sandstorm
|-damage|p2a: Ogerpon|0 fnt|[from] Sandstorm
|faint|p2a: Ogerpon
|-fieldend|Misty Terrain
|upkeep
|
|t:|1760328896
|switch|p2a: Dragapult|Dragapult, F|100/100
|turn|21
|c|☆piemcmuffin|yur
|
|t:|1760328901
|move|p1a: Ogerpon|Spiky Shield|p1a: Ogerpon
|-singleturn|p1a: Ogerpon|move: Protect
|move|p2a: Dragapult|U-turn|p1a: Ogerpon
|-activate|p1a: Ogerpon|move: Protect
|-damage|p2a: Dragapult|88/100|[from] Spiky Shield|[of] p1a: Ogerpon
|
|-weather|none
|upkeep
|turn|22
|
|t:|1760328905
|switch|p1a: Corviknight|Corviknight, F|95/100
|-ability|p1a: Corviknight|Pressure
|move|p2a: Dragapult|U-turn|p1a: Corviknight
|-resisted|p1a: Corviknight
|-damage|p1a: Corviknight|93/100
|-damage|p2a: Dragapult|72/100|[from] item: Rocky Helmet|[of] p1a: Corviknight
|
|t:|1760328908
|switch|p2a: Skeledirge|Skeledirge, F|94/100|[from] U-turn
|
|upkeep
|turn|23
|
|t:|1760328917
|switch|p1a: Weezing|Weezing-Galar, M|20/100
|-damage|p1a: Weezing|8/100|[from] Spikes
|-fieldstart|move: Misty Terrain|[from] ability: Misty Surge|[of] p1a: Weezing
|move|p2a: Skeledirge|Torch Song|p1a: Weezing
|-damage|p1a: Weezing|0 fnt
|-boost|p2a: Skeledirge|spa|1
|faint|p1a: Weezing
|
|upkeep
|
|t:|1760328924
|switch|p1a: Tyranitar|Tyranitar, M|62/100
|-damage|p1a: Tyranitar|49/100|[from] Spikes
|-weather|Sandstorm|[from] ability: Sand Stream|[of] p1a: Tyranitar
|turn|24
|
|t:|1760328929
|switch|p2a: Corviknight|Corviknight, M|10/100
|-ability|p2a: Corviknight|Pressure
|move|p1a: Tyranitar|Knock Off|p2a: Corviknight
|-damage|p2a: Corviknight|0 fnt
|faint|p2a: Corviknight
|
|-weather|Sandstorm|[upkeep]
|upkeep
|
|t:|1760328933
|switch|p2a: Dragapult|Dragapult, F|72/100
|turn|25
|
|t:|1760328939
|switch|p1a: Corviknight|Corviknight, F|93/100
|-ability|p1a: Corviknight|Pressure
|move|p2a: Dragapult|U-turn|p1a: Corviknight
|-resisted|p1a: Corviknight
|-damage|p1a: Corviknight|90/100
|-damage|p2a: Dragapult|55/100|[from] item: Rocky Helmet|[of] p1a: Corviknight
|
|t:|1760328941
|switch|p2a: Skeledirge|Skeledirge, F|94/100|[from] U-turn
|
|-weather|Sandstorm|[upkeep]
|-damage|p2a: Skeledirge|88/100|[from] Sandstorm
|upkeep
|turn|26
|
|t:|1760328948
|switch|p1a: Ogerpon|Ogerpon-Wellspring, F|33/100
|-damage|p1a: Ogerpon|21/100|[from] Spikes
|move|p2a: Skeledirge|Torch Song|p1a: Ogerpon
|-damage|p1a: Ogerpon|0 fnt
|-boost|p2a: Skeledirge|spa|1
|faint|p1a: Ogerpon
|
|-weather|Sandstorm|[upkeep]
|-damage|p2a: Skeledirge|82/100|[from] Sandstorm
|upkeep
|
|t:|1760328950
|switch|p1a: Excadrill|Excadrill, F|100/100
|-damage|p1a: Excadrill|88/100|[from] Spikes
|turn|27
|
|t:|1760328960
|-terastallize|p2a: Skeledirge|Dark
|move|p1a: Excadrill|Earthquake|p2a: Skeledirge
|-damage|p2a: Skeledirge|36/100
|move|p2a: Skeledirge|Torch Song|p1a: Excadrill
|-supereffective|p1a: Excadrill
|-damage|p1a: Excadrill|0 fnt
|-boost|p2a: Skeledirge|spa|1
|faint|p1a: Excadrill
|
|-weather|Sandstorm|[upkeep]
|-damage|p2a: Skeledirge|30/100|[from] Sandstorm
|-fieldend|Misty Terrain
|upkeep
|
|t:|1760328968
|switch|p1a: Tyranitar|Tyranitar, M|49/100
|-damage|p1a: Tyranitar|37/100|[from] Spikes
|turn|28
|
|t:|1760328972
|switch|p2a: Weezing|Weezing-Galar, M|100/100
|-ability|p2a: Weezing|Neutralizing Gas
|move|p1a: Tyranitar|Earthquake|p2a: Weezing
|-supereffective|p2a: Weezing
|-damage|p2a: Weezing|9/100
|
|-weather|none
|upkeep
|turn|29
|
|t:|1760328977
|move|p2a: Weezing|Sludge Bomb|p1a: Tyranitar
|-resisted|p1a: Tyranitar
|-damage|p1a: Tyranitar|25/100
|move|p1a: Tyranitar|Earthquake|p2a: Weezing
|-supereffective|p2a: Weezing
|-crit|p2a: Weezing
|-damage|p2a: Weezing|0 fnt
|faint|p2a: Weezing
|-end|p2a: Weezing|ability: Neutralizing Gas
|-weather|Sandstorm|[from] ability: Sand Stream|[of] p1a: Tyranitar
|
|-weather|Sandstorm|[upkeep]
|upkeep
|
|t:|1760328985
|switch|p2a: Dragapult|Dragapult, F|55/100
|turn|30
|
|t:|1760328993
|move|p2a: Dragapult|U-turn|p1a: Tyranitar
|-supereffective|p1a: Tyranitar
|-damage|p1a: Tyranitar|0 fnt
|faint|p1a: Tyranitar
|
|t:|1760328995
|switch|p2a: Skeledirge|Skeledirge, F, tera:Dark|30/100|[from] U-turn
|
|-weather|Sandstorm|[upkeep]
|-damage|p2a: Skeledirge|24/100|[from] Sandstorm
|upkeep
|
|t:|1760328997
|switch|p1a: Corviknight|Corviknight, F|90/100
|-ability|p1a: Corviknight|Pressure
|turn|31
|
|t:|1760329001
|move|p1a: Corviknight|Body Press|p2a: Skeledirge
|-supereffective|p2a: Skeledirge
|-damage|p2a: Skeledirge|0 fnt
|faint|p2a: Skeledirge
|
|-weather|Sandstorm|[upkeep]
|upkeep
|
|t:|1760329003
|switch|p2a: Dragapult|Dragapult, F|55/100
|turn|32
|
|t:|1760329005
|move|p2a: Dragapult|Shadow Ball|p1a: Corviknight
|-damage|p1a: Corviknight|37/100
|move|p1a: Corviknight|Brave Bird|p2a: Dragapult
|-damage|p2a: Dragapult|3/100
|-damage|p1a: Corviknight|24/100|[from] Recoil
|
|-weather|Sandstorm|[upkeep]
|-damage|p2a: Dragapult|0 fnt|[from] Sandstorm
|faint|p2a: Dragapult
|
|win|piemcmuffin
|raw|piemcmuffin's rating: 1478 &rarr; <strong>1501</strong><br />(+23 for winning)
|raw|kurobots's rating: 1534 &rarr; <strong>1511</strong><br />(-23 for losing)
|l|☆piemcmuffin
|player|p1|
|l|☆kurobots
|player|p2|
