|j|☆Thy_Zebra
|j|☆posummer薯片
|t:|1760436777
|gametype|singles
|player|p1|Thy_Zebra|elesa|1246
|player|p2|posummer薯片|alder|1288
|gen|9
|tier|[Gen 9] OU
|rated|
|rule|HP Percentage Mod: HP is shown in percentages
|rule|Endless Battle Clause: Forcing endless battles is banned
|rule|Species Clause: Limit one of each Pokémon
|rule|OHKO Clause: OHKO moves are banned
|rule|Evasion Items Clause: Evasion items are banned
|rule|Evasion Moves Clause: Evasion moves are banned
|rule|Evasion Abilities Clause: Evasion abilities are banned
|rule|Sleep Moves Clause: Sleep-inducing moves are banned
|clearpoke
|poke|p1|Dondozo, F|
|poke|p1|Blissey, F|
|poke|p1|Gliscor, M|
|poke|p1|Toxapex, M|
|poke|p1|Mandibuzz, F|
|poke|p1|Salazzle, F|
|poke|p2|Chansey, F|
|poke|p2|Cinderace, M|
|poke|p2|Dragapult, F|
|poke|p2|Corviknight, F|
|poke|p2|Primarina, F|
|poke|p2|Ursaluna, M|
|teampreview
|inactive|Battle timer is ON: inactive players will automatically lose when time's up. (requested by Thy_Zebra)
|
|t:|1760436803
|teamsize|p1|6
|teamsize|p2|6
|start
|switch|p1a: Gliscor|Gliscor, M|100/100
|switch|p2a: Ru Paul|Primarina, F, shiny|100/100
|turn|1
|
|t:|1760436812
|move|p1a: Gliscor|Protect|p1a: Gliscor
|-singleturn|p1a: Gliscor|Protect
|move|p2a: Ru Paul|Whirlpool|p1a: Gliscor
|-activate|p1a: Gliscor|move: Protect
|
|-status|p1a: Gliscor|tox|[from] item: Toxic Orb
|upkeep
|turn|2
|
|t:|1760436822
|switch|p1a: Toxapex|Toxapex, M|100/100
|move|p2a: Ru Paul|Whirlpool|p1a: Toxapex
|-resisted|p1a: Toxapex
|-damage|p1a: Toxapex|95/100
|-activate|p1a: Toxapex|move: Whirlpool|[of] p2a: Ru Paul
|
|-heal|p1a: Toxapex|100/100|[from] item: Leftovers
|-damage|p1a: Toxapex|88/100|[from] move: Whirlpool|[partiallytrapped]
|upkeep
|turn|3
|
|t:|1760436838
|move|p2a: Ru Paul|Psychic Noise|p1a: Toxapex
|-resisted|p1a: Toxapex
|-damage|p1a: Toxapex|74/100
|-start|p1a: Toxapex|move: Heal Block
|move|p1a: Toxapex|Toxic|p2a: Ru Paul
|-status|p2a: Ru Paul|tox
|
|-damage|p2a: Ru Paul|94/100 tox|[from] psn
|-damage|p1a: Toxapex|61/100|[from] move: Whirlpool|[partiallytrapped]
|upkeep
|turn|4
|
|t:|1760436856
|move|p2a: Ru Paul|Moonblast|p1a: Toxapex
|-resisted|p1a: Toxapex
|-damage|p1a: Toxapex|45/100
|move|p1a: Toxapex|Haze|p1a: Toxapex
|-clearallboost
|
|-heal|p2a: Ru Paul|100/100 tox|[from] item: Leftovers
|-damage|p2a: Ru Paul|88/100 tox|[from] psn
|-damage|p1a: Toxapex|32/100|[from] move: Whirlpool|[partiallytrapped]
|-end|p1a: Toxapex|move: Heal Block
|upkeep
|turn|5
|
|t:|1760436869
|move|p2a: Ru Paul|Psychic Noise|p1a: Toxapex
|-resisted|p1a: Toxapex
|-damage|p1a: Toxapex|19/100
|-start|p1a: Toxapex|move: Heal Block
|cant|p1a: Toxapex|move: Heal Block|Recover
|
|-heal|p2a: Ru Paul|94/100 tox|[from] item: Leftovers
|-damage|p2a: Ru Paul|76/100 tox|[from] psn
|-damage|p1a: Toxapex|6/100|[from] move: Whirlpool|[partiallytrapped]
|upkeep
|turn|6
|
|t:|1760436888
|move|p2a: Ru Paul|Moonblast|p1a: Toxapex
|-resisted|p1a: Toxapex
|-damage|p1a: Toxapex|0 fnt
|faint|p1a: Toxapex
|
|-heal|p2a: Ru Paul|82/100 tox|[from] item: Leftovers
|-damage|p2a: Ru Paul|57/100 tox|[from] psn
|upkeep
|
|t:|1760436897
|switch|p1a: Blissey|Blissey, F|100/100
|turn|7
|
|t:|1760436908
|switch|p2a: WUSYANAME|Ursaluna, M, shiny|100/100
|move|p1a: Blissey|Seismic Toss|p2a: WUSYANAME
|-damage|p2a: WUSYANAME|78/100
|
|-heal|p2a: WUSYANAME|85/100|[from] item: Leftovers
|upkeep
|turn|8
|
|t:|1760436922
|switch|p1a: Dondozo|Dondozo, F|100/100
|move|p2a: WUSYANAME|Body Slam|p1a: Dondozo
|-damage|p1a: Dondozo|79/100
|
|-heal|p2a: WUSYANAME|91/100|[from] item: Leftovers
|-heal|p1a: Dondozo|85/100|[from] item: Leftovers
|upkeep
|turn|9
|
|t:|1760436935
|move|p2a: WUSYANAME|Body Slam|p1a: Dondozo
|-damage|p1a: Dondozo|62/100
|move|p1a: Dondozo|Body Press|p2a: WUSYANAME
|-supereffective|p2a: WUSYANAME
|-damage|p2a: WUSYANAME|53/100
|
|-heal|p2a: WUSYANAME|59/100|[from] item: Leftovers
|-heal|p1a: Dondozo|68/100|[from] item: Leftovers
|upkeep
|turn|10
|
|t:|1760436940
|switch|p2a: Hesi Tween|Dragapult, F, shiny|100/100
|move|p1a: Dondozo|Avalanche|p2a: Hesi Tween
|-supereffective|p2a: Hesi Tween
|-damage|p2a: Hesi Tween|59/100
|
|-heal|p2a: Hesi Tween|65/100|[from] item: Leftovers
|-heal|p1a: Dondozo|74/100|[from] item: Leftovers
|upkeep
|turn|11
|
|t:|1760436954
|move|p2a: Hesi Tween|Will-O-Wisp|p1a: Dondozo|[miss]
|-miss|p2a: Hesi Tween|p1a: Dondozo
|move|p1a: Dondozo|Avalanche|p2a: Hesi Tween
|-supereffective|p2a: Hesi Tween
|-damage|p2a: Hesi Tween|21/100
|
|-heal|p2a: Hesi Tween|27/100|[from] item: Leftovers
|-heal|p1a: Dondozo|80/100|[from] item: Leftovers
|upkeep
|turn|12
|
|t:|1760436964
|switch|p2a: Hoe u trippin?|Corviknight, F, shiny|100/100
|-ability|p2a: Hoe u trippin?|Pressure
|move|p1a: Dondozo|Avalanche|p2a: Hoe u trippin?
|-damage|p2a: Hoe u trippin?|91/100
|-damage|p1a: Dondozo|64/100|[from] item: Rocky Helmet|[of] p2a: Hoe u trippin?
|
|-heal|p1a: Dondozo|70/100|[from] item: Leftovers
|upkeep
|turn|13
|
|t:|1760436976
|switch|p1a: Gliscor|Gliscor, M|100/100 tox
|move|p2a: Hoe u trippin?|Body Press|p1a: Gliscor
|-resisted|p1a: Gliscor
|-damage|p1a: Gliscor|93/100 tox
|
|-heal|p1a: Gliscor|100/100 tox|[from] ability: Poison Heal
|upkeep
|turn|14
|
|t:|1760436987
|switch|p2a: WUSYANAME|Ursaluna, M, shiny|59/100
|move|p1a: Gliscor|Knock Off|p2a: WUSYANAME
|-damage|p2a: WUSYANAME|42/100
|-enditem|p2a: WUSYANAME|Leftovers|[from] move: Knock Off|[of] p1a: Gliscor
|
|upkeep
|turn|15
|
|t:|1760436995
|move|p1a: Gliscor|Protect|p1a: Gliscor
|-singleturn|p1a: Gliscor|Protect
|move|p2a: WUSYANAME|Rest|p2a: WUSYANAME
|-status|p2a: WUSYANAME|slp|[from] move: Rest
|-heal|p2a: WUSYANAME|100/100 slp|[silent]
|
|upkeep
|turn|16
|
|t:|1760437012
|switch|p1a: Dondozo|Dondozo, F|70/100
|cant|p2a: WUSYANAME|slp
|move|p2a: WUSYANAME|Sleep Talk|p2a: WUSYANAME
|move|p2a: WUSYANAME|Earthquake|p1a: Dondozo|[from] move: Sleep Talk
|-damage|p1a: Dondozo|31/100
|
|-heal|p1a: Dondozo|38/100|[from] item: Leftovers
|upkeep
|turn|17
|
|t:|1760437024
|cant|p2a: WUSYANAME|slp
|move|p2a: WUSYANAME|Sleep Talk|p2a: WUSYANAME
|move|p2a: WUSYANAME|Rest||[from] move: Sleep Talk|[still]
|-fail|p2a: WUSYANAME
|move|p1a: Dondozo|Rest|p1a: Dondozo
|-status|p1a: Dondozo|slp|[from] move: Rest
|-heal|p1a: Dondozo|100/100 slp|[silent]
|
|upkeep
|turn|18
|
|t:|1760437039
|switch|p2a: Hesi Tween|Dragapult, F, shiny|27/100
|cant|p1a: Dondozo|slp
|move|p1a: Dondozo|Sleep Talk|p1a: Dondozo
|move|p1a: Dondozo|Rest||[from] move: Sleep Talk|[still]
|-fail|p1a: Dondozo
|
|-heal|p2a: Hesi Tween|33/100|[from] item: Leftovers
|upkeep
|turn|19
|
|t:|1760437054
|switch|p2a: Hoe u trippin?|Corviknight, F, shiny|91/100
|-ability|p2a: Hoe u trippin?|Pressure
|cant|p1a: Dondozo|slp
|move|p1a: Dondozo|Sleep Talk|p1a: Dondozo
|move|p1a: Dondozo|Rest||[from] move: Sleep Talk|[still]
|-fail|p1a: Dondozo
|
|upkeep
|turn|20
|
|t:|1760437068
|switch|p1a: Mandibuzz|Mandibuzz, F|100/100
|move|p2a: Hoe u trippin?|Body Press|p1a: Mandibuzz
|-damage|p1a: Mandibuzz|80/100
|
|upkeep
|turn|21
|
|t:|1760437078
|switch|p2a: Green Eggs and Ham|Chansey, F, shiny|100/100
|move|p1a: Mandibuzz|Knock Off|p2a: Green Eggs and Ham
|-damage|p2a: Green Eggs and Ham|85/100
|-enditem|p2a: Green Eggs and Ham|Eviolite|[from] move: Knock Off|[of] p1a: Mandibuzz
|
|upkeep
|turn|22
|
|t:|1760437086
|move|p1a: Mandibuzz|U-turn|p2a: Green Eggs and Ham
|-damage|p2a: Green Eggs and Ham|74/100
|
|t:|1760437090
|switch|p1a: Gliscor|Gliscor, M|100/100 tox|[from] U-turn
|move|p2a: Green Eggs and Ham|Thunder Wave|p1a: Gliscor
|-immune|p1a: Gliscor
|
|upkeep
|turn|23
|
|t:|1760437099
|switch|p2a: WUSYANAME|Ursaluna, M, shiny|100/100 slp
|move|p1a: Gliscor|Earthquake|p2a: WUSYANAME
|-damage|p2a: WUSYANAME|75/100 slp
|
|upkeep
|turn|24
|
|t:|1760437107
|move|p1a: Gliscor|Earthquake|p2a: WUSYANAME
|-damage|p2a: WUSYANAME|53/100 slp
|-curestatus|p2a: WUSYANAME|slp|[msg]
|move|p2a: WUSYANAME|Body Slam|p1a: Gliscor
|-damage|p1a: Gliscor|71/100 tox
|
|-heal|p1a: Gliscor|83/100 tox|[from] ability: Poison Heal
|upkeep
|turn|25
|
|t:|1760437118
|move|p1a: Gliscor|Earthquake|p2a: WUSYANAME
|-damage|p2a: WUSYANAME|30/100
|move|p2a: WUSYANAME|Rest|p2a: WUSYANAME
|-status|p2a: WUSYANAME|slp|[from] move: Rest
|-heal|p2a: WUSYANAME|100/100 slp|[silent]
|
|-heal|p1a: Gliscor|96/100 tox|[from] ability: Poison Heal
|upkeep
|turn|26
|
|t:|1760437129
|move|p1a: Gliscor|Earthquake|p2a: WUSYANAME
|-damage|p2a: WUSYANAME|75/100 slp
|cant|p2a: WUSYANAME|slp
|move|p2a: WUSYANAME|Sleep Talk|p2a: WUSYANAME
|move|p2a: WUSYANAME|Earthquake|p1a: Gliscor|[from] move: Sleep Talk
|-immune|p1a: Gliscor
|
|-heal|p1a: Gliscor|100/100 tox|[from] ability: Poison Heal
|upkeep
|turn|27
|
|t:|1760437152
|move|p1a: Gliscor|Earthquake|p2a: WUSYANAME
|-damage|p2a: WUSYANAME|53/100 slp
|cant|p2a: WUSYANAME|slp
|move|p2a: WUSYANAME|Sleep Talk|p2a: WUSYANAME
|move|p2a: WUSYANAME|Earthquake|p1a: Gliscor|[from] move: Sleep Talk
|-immune|p1a: Gliscor
|
|upkeep
|turn|28
|
|t:|1760437169
|switch|p1a: Salazzle|Salazzle, F|100/100
|-item|p1a: Salazzle|Air Balloon
|-curestatus|p2a: WUSYANAME|slp|[msg]
|move|p2a: WUSYANAME|Rest|p2a: WUSYANAME
|-status|p2a: WUSYANAME|slp|[from] move: Rest
|-heal|p2a: WUSYANAME|100/100 slp|[silent]
|
|upkeep
|turn|29
|
|t:|1760437179
|move|p1a: Salazzle|Substitute|p1a: Salazzle
|-start|p1a: Salazzle|Substitute
|-damage|p1a: Salazzle|76/100
|cant|p2a: WUSYANAME|slp
|move|p2a: WUSYANAME|Sleep Talk|p2a: WUSYANAME
|move|p2a: WUSYANAME|Earthquake|p1a: Salazzle|[from] move: Sleep Talk
|-immune|p1a: Salazzle
|
|upkeep
|turn|30
|
|t:|1760437189
|switch|p2a: Green Eggs and Ham|Chansey, F, shiny|74/100
|move|p1a: Salazzle|Disable||[still]
|-fail|p1a: Salazzle
|
|upkeep
|turn|31
|
|t:|1760437196
|move|p1a: Salazzle|Toxic|p2a: Green Eggs and Ham
|-status|p2a: Green Eggs and Ham|tox
|move|p2a: Green Eggs and Ham|Seismic Toss|p1a: Salazzle
|-end|p1a: Salazzle|Substitute
|-enditem|p1a: Salazzle|Air Balloon
|
|-damage|p2a: Green Eggs and Ham|67/100 tox|[from] psn
|upkeep
|turn|32
|
|t:|1760437208
|switch|p1a: Gliscor|Gliscor, M|100/100 tox
|-curestatus|p2a: Green Eggs and Ham|tox|[from] ability: Natural Cure
|switch|p2a: WUSYANAME|Ursaluna, M, shiny|100/100 slp
|
|upkeep
|turn|33
|
|t:|1760437224
|move|p1a: Gliscor|Earthquake|p2a: WUSYANAME
|-damage|p2a: WUSYANAME|77/100 slp
|cant|p2a: WUSYANAME|slp
|move|p2a: WUSYANAME|Sleep Talk|p2a: WUSYANAME
|move|p2a: WUSYANAME|Earthquake|p1a: Gliscor|[from] move: Sleep Talk
|-immune|p1a: Gliscor
|
|upkeep
|turn|34
|
|t:|1760437233
|move|p1a: Gliscor|Earthquake|p2a: WUSYANAME
|-damage|p2a: WUSYANAME|53/100 slp
|-curestatus|p2a: WUSYANAME|slp|[msg]
|move|p2a: WUSYANAME|Body Slam|p1a: Gliscor
|-damage|p1a: Gliscor|69/100 tox
|
|-heal|p1a: Gliscor|81/100 tox|[from] ability: Poison Heal
|upkeep
|turn|35
|
|t:|1760437243
|move|p1a: Gliscor|Earthquake|p2a: WUSYANAME
|-damage|p2a: WUSYANAME|31/100
|move|p2a: WUSYANAME|Rest|p2a: WUSYANAME
|-status|p2a: WUSYANAME|slp|[from] move: Rest
|-heal|p2a: WUSYANAME|100/100 slp|[silent]
|
|-heal|p1a: Gliscor|94/100 tox|[from] ability: Poison Heal
|upkeep
|turn|36
|
|t:|1760437254
|move|p1a: Gliscor|Earthquake|p2a: WUSYANAME
|-damage|p2a: WUSYANAME|75/100 slp
|cant|p2a: WUSYANAME|slp
|move|p2a: WUSYANAME|Sleep Talk|p2a: WUSYANAME
|move|p2a: WUSYANAME|Earthquake|p1a: Gliscor|[from] move: Sleep Talk
|-immune|p1a: Gliscor
|
|-heal|p1a: Gliscor|100/100 tox|[from] ability: Poison Heal
|upkeep
|turn|37
|
|t:|1760437268
|move|p1a: Gliscor|Earthquake|p2a: WUSYANAME
|-damage|p2a: WUSYANAME|50/100 slp
|cant|p2a: WUSYANAME|slp
|move|p2a: WUSYANAME|Sleep Talk|p2a: WUSYANAME
|move|p2a: WUSYANAME|Body Slam|p1a: Gliscor|[from] move: Sleep Talk
|-crit|p1a: Gliscor
|-damage|p1a: Gliscor|27/100 tox
|
|-heal|p1a: Gliscor|40/100 tox|[from] ability: Poison Heal
|upkeep
|turn|38
|
|t:|1760437281
|switch|p1a: Salazzle|Salazzle, F|76/100
|-curestatus|p2a: WUSYANAME|slp|[msg]
|move|p2a: WUSYANAME|Rest|p2a: WUSYANAME
|-status|p2a: WUSYANAME|slp|[from] move: Rest
|-heal|p2a: WUSYANAME|100/100 slp|[silent]
|
|upkeep
|turn|39
|
|t:|1760437292
|switch|p2a: Green Eggs and Ham|Chansey, F, shiny|67/100
|move|p1a: Salazzle|Substitute|p1a: Salazzle
|-start|p1a: Salazzle|Substitute
|-damage|p1a: Salazzle|51/100
|
|upkeep
|turn|40
|
|t:|1760437300
|move|p1a: Salazzle|Toxic|p2a: Green Eggs and Ham
|-status|p2a: Green Eggs and Ham|tox
|move|p2a: Green Eggs and Ham|Seismic Toss|p1a: Salazzle
|-end|p1a: Salazzle|Substitute
|
|-damage|p2a: Green Eggs and Ham|61/100 tox|[from] psn
|upkeep
|turn|41
|
|t:|1760437309
|move|p1a: Salazzle|Disable|p2a: Green Eggs and Ham
|-start|p2a: Green Eggs and Ham|Disable|Seismic Toss
|cant|p2a: Green Eggs and Ham|Disable|Seismic Toss
|
|-damage|p2a: Green Eggs and Ham|49/100 tox|[from] psn
|upkeep
|turn|42
|
|t:|1760437316
|move|p1a: Salazzle|Toxic|p2a: Green Eggs and Ham
|-fail|p2a: Green Eggs and Ham|tox
|move|p2a: Green Eggs and Ham|Soft-Boiled|p2a: Green Eggs and Ham
|-heal|p2a: Green Eggs and Ham|99/100 tox
|
|-damage|p2a: Green Eggs and Ham|80/100 tox|[from] psn
|upkeep
|turn|43
|
|t:|1760437326
|-curestatus|p2a: Green Eggs and Ham|tox|[from] ability: Natural Cure
|switch|p2a: WUSYANAME|Ursaluna, M, shiny|100/100 slp
|move|p1a: Salazzle|Substitute|p1a: Salazzle
|-start|p1a: Salazzle|Substitute
|-damage|p1a: Salazzle|26/100
|
|upkeep
|turn|44
|
|t:|1760437334
|move|p1a: Salazzle|Flamethrower|p2a: WUSYANAME
|-damage|p2a: WUSYANAME|70/100 slp
|cant|p2a: WUSYANAME|slp
|move|p2a: WUSYANAME|Sleep Talk|p2a: WUSYANAME
|move|p2a: WUSYANAME|Body Slam|p1a: Salazzle|[from] move: Sleep Talk
|-end|p1a: Salazzle|Substitute
|
|upkeep
|turn|45
|
|t:|1760437345
|switch|p2a: Green Eggs and Ham|Chansey, F, shiny|80/100
|move|p1a: Salazzle|Disable||[still]
|-fail|p1a: Salazzle
|
|upkeep
|turn|46
|
|t:|1760437355
|move|p1a: Salazzle|Substitute|p1a: Salazzle
|-start|p1a: Salazzle|Substitute
|-damage|p1a: Salazzle|1/100
|move|p2a: Green Eggs and Ham|Seismic Toss|p1a: Salazzle
|-end|p1a: Salazzle|Substitute
|
|upkeep
|turn|47
|
|t:|1760437362
|move|p1a: Salazzle|Disable|p2a: Green Eggs and Ham
|-start|p2a: Green Eggs and Ham|Disable|Seismic Toss
|move|p2a: Green Eggs and Ham|Shadow Ball|p1a: Salazzle
|-damage|p1a: Salazzle|0 fnt
|faint|p1a: Salazzle
|
|upkeep
|
|t:|1760437377
|switch|p1a: Gliscor|Gliscor, M|40/100 tox
|turn|48
|
|t:|1760437387
|switch|p2a: WUSYANAME|Ursaluna, M, shiny|70/100 slp
|move|p1a: Gliscor|Knock Off|p2a: WUSYANAME
|-damage|p2a: WUSYANAME|60/100 slp
|
|-heal|p1a: Gliscor|52/100 tox|[from] ability: Poison Heal
|upkeep
|turn|49
|
|t:|1760437396
|switch|p1a: Dondozo|Dondozo, F|100/100 slp
|cant|p2a: WUSYANAME|slp
|move|p2a: WUSYANAME|Sleep Talk|p2a: WUSYANAME
|move|p2a: WUSYANAME|Earthquake|p1a: Dondozo|[from] move: Sleep Talk
|-damage|p1a: Dondozo|61/100 slp
|
|-heal|p1a: Dondozo|67/100 slp|[from] item: Leftovers
|upkeep
|turn|50
|
|t:|1760437407
|switch|p2a: Hoe u trippin?|Corviknight, F, shiny|91/100
|-ability|p2a: Hoe u trippin?|Pressure
|-curestatus|p1a: Dondozo|slp|[msg]
|move|p1a: Dondozo|Body Press|p2a: Hoe u trippin?
|-damage|p2a: Hoe u trippin?|72/100
|-damage|p1a: Dondozo|50/100|[from] item: Rocky Helmet|[of] p2a: Hoe u trippin?
|
|-heal|p1a: Dondozo|56/100|[from] item: Leftovers
|upkeep
|turn|51
|
|t:|1760437424
|switch|p1a: Mandibuzz|Mandibuzz, F|80/100
|move|p2a: Hoe u trippin?|Iron Defense|p2a: Hoe u trippin?
|-boost|p2a: Hoe u trippin?|def|2
|
|upkeep
|turn|52
|
|t:|1760437432
|switch|p2a: Green Eggs and Ham|Chansey, F, shiny|80/100
|move|p1a: Mandibuzz|Knock Off|p2a: Green Eggs and Ham
|-damage|p2a: Green Eggs and Ham|63/100
|
|upkeep
|turn|53
|
|t:|1760437440
|move|p1a: Mandibuzz|U-turn|p2a: Green Eggs and Ham
|-damage|p2a: Green Eggs and Ham|51/100
|
|t:|1760437447
|switch|p1a: Dondozo|Dondozo, F|56/100|[from] U-turn
|move|p2a: Green Eggs and Ham|Thunder Wave|p1a: Dondozo
|-status|p1a: Dondozo|par
|
|-heal|p1a: Dondozo|62/100 par|[from] item: Leftovers
|upkeep
|turn|54
|
|t:|1760437456
|switch|p2a: Hoe u trippin?|Corviknight, F, shiny|72/100
|-ability|p2a: Hoe u trippin?|Pressure
|move|p1a: Dondozo|Avalanche|p2a: Hoe u trippin?
|-damage|p2a: Hoe u trippin?|62/100
|-damage|p1a: Dondozo|46/100 par|[from] item: Rocky Helmet|[of] p2a: Hoe u trippin?
|
|-heal|p1a: Dondozo|52/100 par|[from] item: Leftovers
|upkeep
|turn|55
|
|t:|1760437468
|move|p2a: Hoe u trippin?|Iron Defense|p2a: Hoe u trippin?
|-boost|p2a: Hoe u trippin?|def|2
|cant|p1a: Dondozo|par
|
|-heal|p1a: Dondozo|58/100 par|[from] item: Leftovers
|upkeep
|turn|56
|
|t:|1760437478
|move|p2a: Hoe u trippin?|Iron Defense|p2a: Hoe u trippin?
|-boost|p2a: Hoe u trippin?|def|2
|move|p1a: Dondozo|Rest|p1a: Dondozo
|-status|p1a: Dondozo|slp|[from] move: Rest
|-heal|p1a: Dondozo|100/100 slp|[silent]
|
|upkeep
|turn|57
|
|t:|1760437490
|move|p2a: Hoe u trippin?|Iron Defense|p2a: Hoe u trippin?
|-boost|p2a: Hoe u trippin?|def|2
|cant|p1a: Dondozo|slp
|move|p1a: Dondozo|Sleep Talk|p1a: Dondozo
|move|p1a: Dondozo|Avalanche|p2a: Hoe u trippin?|[from] move: Sleep Talk
|-damage|p2a: Hoe u trippin?|53/100
|-damage|p1a: Dondozo|84/100 slp|[from] item: Rocky Helmet|[of] p2a: Hoe u trippin?
|
|-heal|p1a: Dondozo|90/100 slp|[from] item: Leftovers
|upkeep
|turn|58
|
|t:|1760437503
|move|p2a: Hoe u trippin?|Iron Defense|p2a: Hoe u trippin?
|-boost|p2a: Hoe u trippin?|def|0
|cant|p1a: Dondozo|slp
|move|p1a: Dondozo|Sleep Talk|p1a: Dondozo
|move|p1a: Dondozo|Rest||[from] move: Sleep Talk|[still]
|-fail|p1a: Dondozo
|
|-heal|p1a: Dondozo|96/100 slp|[from] item: Leftovers
|upkeep
|turn|59
|
|t:|1760437516
|move|p2a: Hoe u trippin?|Iron Defense|p2a: Hoe u trippin?
|-boost|p2a: Hoe u trippin?|def|0
|-curestatus|p1a: Dondozo|slp|[msg]
|move|p1a: Dondozo|Sleep Talk||[still]
|-fail|p1a: Dondozo
|
|-heal|p1a: Dondozo|100/100|[from] item: Leftovers
|upkeep
|turn|60
|
|t:|1760437536
|move|p2a: Hoe u trippin?|Defog|p1a: Dondozo
|-unboost|p1a: Dondozo|evasion|1
|move|p1a: Dondozo|Sleep Talk||[still]
|-fail|p1a: Dondozo
|
|upkeep
|turn|61
|
|t:|1760437542
|move|p2a: Hoe u trippin?|Defog|p1a: Dondozo
|-unboost|p1a: Dondozo|evasion|1
|move|p1a: Dondozo|Sleep Talk||[still]
|-fail|p1a: Dondozo
|
|upkeep
|turn|62
|
|t:|1760437549
|switch|p1a: Mandibuzz|Mandibuzz, F|80/100
|move|p2a: Hoe u trippin?|Defog|p1a: Mandibuzz
|-unboost|p1a: Mandibuzz|evasion|1
|
|upkeep
|turn|63
|
|t:|1760437555
|switch|p2a: Green Eggs and Ham|Chansey, F, shiny|51/100
|move|p1a: Mandibuzz|Knock Off|p2a: Green Eggs and Ham
|-damage|p2a: Green Eggs and Ham|35/100
|
|upkeep
|turn|64
|
|t:|1760437561
|move|p1a: Mandibuzz|Knock Off|p2a: Green Eggs and Ham
|-damage|p2a: Green Eggs and Ham|19/100
|move|p2a: Green Eggs and Ham|Soft-Boiled|p2a: Green Eggs and Ham
|-heal|p2a: Green Eggs and Ham|69/100
|
|upkeep
|turn|65
|
|t:|1760437569
|move|p1a: Mandibuzz|Knock Off|p2a: Green Eggs and Ham
|-damage|p2a: Green Eggs and Ham|51/100
|move|p2a: Green Eggs and Ham|Soft-Boiled|p2a: Green Eggs and Ham
|-heal|p2a: Green Eggs and Ham|100/100
|
|upkeep
|turn|66
|
|t:|1760437578
|move|p1a: Mandibuzz|U-turn|p2a: Green Eggs and Ham
|-damage|p2a: Green Eggs and Ham|88/100
|
|t:|1760437592
|switch|p1a: Blissey|Blissey, F|100/100|[from] U-turn
|move|p2a: Green Eggs and Ham|Thunder Wave|p1a: Blissey
|-status|p1a: Blissey|par
|
|upkeep
|turn|67
|inactive|posummer薯片 has 120 seconds left.
|
|t:|1760437625
|switch|p2a: WUSYANAME|Ursaluna, M, shiny|60/100 slp
|move|p1a: Blissey|Seismic Toss|p2a: WUSYANAME
|-damage|p2a: WUSYANAME|38/100 slp
|
|upkeep
|turn|68
|
|t:|1760437635
|-curestatus|p1a: Blissey|par|[from] ability: Natural Cure
|switch|p1a: Dondozo|Dondozo, F|100/100
|-curestatus|p2a: WUSYANAME|slp|[msg]
|move|p2a: WUSYANAME|Rest|p2a: WUSYANAME
|-status|p2a: WUSYANAME|slp|[from] move: Rest
|-heal|p2a: WUSYANAME|100/100 slp|[silent]
|
|upkeep
|turn|69
|
|t:|1760437647
|switch|p2a: Hoe u trippin?|Corviknight, F, shiny|53/100
|-ability|p2a: Hoe u trippin?|Pressure
|switch|p1a: Mandibuzz|Mandibuzz, F|80/100
|
|upkeep
|turn|70
|
|t:|1760437654
|switch|p2a: Green Eggs and Ham|Chansey, F, shiny|88/100
|move|p1a: Mandibuzz|U-turn|p2a: Green Eggs and Ham
|-damage|p2a: Green Eggs and Ham|75/100
|
|t:|1760437659
|switch|p1a: Dondozo|Dondozo, F|100/100|[from] U-turn
|
|upkeep
|turn|71
|
|t:|1760437664
|switch|p2a: Hoe u trippin?|Corviknight, F, shiny|53/100
|-ability|p2a: Hoe u trippin?|Pressure
|move|p1a: Dondozo|Avalanche|p2a: Hoe u trippin?
|-damage|p2a: Hoe u trippin?|44/100
|-damage|p1a: Dondozo|84/100|[from] item: Rocky Helmet|[of] p2a: Hoe u trippin?
|
|-heal|p1a: Dondozo|90/100|[from] item: Leftovers
|upkeep
|turn|72
|
|t:|1760437676
|switch|p1a: Mandibuzz|Mandibuzz, F|80/100
|move|p2a: Hoe u trippin?|Roost|p2a: Hoe u trippin?
|-heal|p2a: Hoe u trippin?|94/100
|-singleturn|p2a: Hoe u trippin?|move: Roost
|
|upkeep
|turn|73
|
|t:|1760437684
|switch|p2a: Green Eggs and Ham|Chansey, F, shiny|75/100
|move|p1a: Mandibuzz|Knock Off|p2a: Green Eggs and Ham
|-damage|p2a: Green Eggs and Ham|59/100
|
|upkeep
|turn|74
|
|t:|1760437691
|move|p1a: Mandibuzz|U-turn|p2a: Green Eggs and Ham
|-damage|p2a: Green Eggs and Ham|46/100
|
|t:|1760437694
|switch|p1a: Dondozo|Dondozo, F|90/100|[from] U-turn
|move|p2a: Green Eggs and Ham|Soft-Boiled|p2a: Green Eggs and Ham
|-heal|p2a: Green Eggs and Ham|96/100
|
|-heal|p1a: Dondozo|96/100|[from] item: Leftovers
|upkeep
|turn|75
|
|t:|1760437704
|switch|p2a: Hoe u trippin?|Corviknight, F, shiny|94/100
|-ability|p2a: Hoe u trippin?|Pressure
|switch|p1a: Mandibuzz|Mandibuzz, F|80/100
|
|upkeep
|turn|76
|
|t:|1760437716
|switch|p2a: Green Eggs and Ham|Chansey, F, shiny|96/100
|move|p1a: Mandibuzz|Knock Off|p2a: Green Eggs and Ham
|-damage|p2a: Green Eggs and Ham|80/100
|
|upkeep
|turn|77
|
|t:|1760437728
|move|p1a: Mandibuzz|U-turn|p2a: Green Eggs and Ham
|-damage|p2a: Green Eggs and Ham|68/100
|
|t:|1760437730
|switch|p1a: Dondozo|Dondozo, F|96/100|[from] U-turn
|move|p2a: Green Eggs and Ham|Seismic Toss|p1a: Dondozo
|-damage|p1a: Dondozo|76/100
|
|-heal|p1a: Dondozo|82/100|[from] item: Leftovers
|upkeep
|turn|78
|
|t:|1760437740
|switch|p2a: Hoe u trippin?|Corviknight, F, shiny|94/100
|-ability|p2a: Hoe u trippin?|Pressure
|move|p1a: Dondozo|Body Press|p2a: Hoe u trippin?
|-damage|p2a: Hoe u trippin?|77/100
|-damage|p1a: Dondozo|66/100|[from] item: Rocky Helmet|[of] p2a: Hoe u trippin?
|
|-heal|p1a: Dondozo|72/100|[from] item: Leftovers
|upkeep
|turn|79
|
|t:|1760437758
|switch|p1a: Mandibuzz|Mandibuzz, F|80/100
|move|p2a: Hoe u trippin?|Iron Defense|p2a: Hoe u trippin?
|-boost|p2a: Hoe u trippin?|def|2
|
|upkeep
|turn|80
|
|t:|1760437764
|switch|p2a: Green Eggs and Ham|Chansey, F, shiny|68/100
|move|p1a: Mandibuzz|Knock Off|p2a: Green Eggs and Ham
|-crit|p2a: Green Eggs and Ham
|-damage|p2a: Green Eggs and Ham|41/100
|
|upkeep
|turn|81
|
|t:|1760437773
|move|p1a: Mandibuzz|U-turn|p2a: Green Eggs and Ham
|-damage|p2a: Green Eggs and Ham|30/100
|
|t:|1760437776
|switch|p1a: Blissey|Blissey, F|100/100|[from] U-turn
|move|p2a: Green Eggs and Ham|Soft-Boiled|p2a: Green Eggs and Ham
|-heal|p2a: Green Eggs and Ham|80/100
|
|upkeep
|turn|82
|
|t:|1760437784
|switch|p2a: WUSYANAME|Ursaluna, M, shiny|100/100 slp
|move|p1a: Blissey|Seismic Toss|p2a: WUSYANAME
|-damage|p2a: WUSYANAME|78/100 slp
|
|upkeep
|turn|83
|
|t:|1760437791
|switch|p1a: Dondozo|Dondozo, F|72/100
|cant|p2a: WUSYANAME|slp
|move|p2a: WUSYANAME|Sleep Talk|p2a: WUSYANAME
|move|p2a: WUSYANAME|Earthquake|p1a: Dondozo|[from] move: Sleep Talk
|-damage|p1a: Dondozo|30/100
|
|-heal|p1a: Dondozo|36/100|[from] item: Leftovers
|upkeep
|turn|84
|
|t:|1760437804
|cant|p2a: WUSYANAME|slp
|move|p2a: WUSYANAME|Sleep Talk|p2a: WUSYANAME
|move|p2a: WUSYANAME|Body Slam|p1a: Dondozo|[from] move: Sleep Talk
|-damage|p1a: Dondozo|0 fnt
|faint|p1a: Dondozo
|
|upkeep
|-message|Thy_Zebra forfeited.
|
|win|posummer薯片
|raw|Thy_Zebra's rating: 1246 &rarr; <strong>1224</strong><br />(-22 for losing)
|raw|posummer薯片's rating: 1288 &rarr; <strong>1310</strong><br />(+22 for winning)
|l|☆Thy_Zebra
|player|p1|
|c|☆posummer薯片|：）
