|j|☆saltylaplace
|j|☆Avalonkr11
|t:|1760450474
|gametype|singles
|player|p1|saltylaplace|hilda-wonderlauncher|1108
|player|p2|Avalonkr11|1|1112
|gen|9
|tier|[Gen 9] OU
|rated|
|rule|HP Percentage Mod: HP is shown in percentages
|rule|Endless Battle Clause: Forcing endless battles is banned
|rule|Species Clause: Limit one of each Pokémon
|rule|OHKO Clause: OHKO moves are banned
|rule|Evasion Items Clause: Evasion items are banned
|rule|Evasion Moves Clause: Evasion moves are banned
|rule|Evasion Abilities Clause: Evasion abilities are banned
|rule|Sleep Moves Clause: Sleep-inducing moves are banned
|clearpoke
|poke|p1|Gholdengo|
|poke|p1|Goodra-Hisui, M|
|poke|p1|Skeledirge, M|
|poke|p1|Tyranitar, M|
|poke|p1|Samurott-Hisui, M|
|poke|p1|Mudsdale, M|
|poke|p2|Polteageist|
|poke|p2|Lycanroc, F|
|poke|p2|Greninja-*, F|
|poke|p2|Enamorus, F|
|poke|p2|Porygon2|
|poke|p2|Rillaboom, M|
|teampreview
|inactive|Battle timer is ON: inactive players will automatically lose when time's up. (requested by Avalonkr11)
|
|t:|1760450489
|teamsize|p1|6
|teamsize|p2|6
|start
|switch|p1a: Mudsdale|Mudsdale, M|100/100
|switch|p2a: Lycanroc|Lycanroc, F|100/100
|turn|1
|
|t:|1760450495
|move|p2a: Lycanroc|Stealth Rock|p1a: Mudsdale
|-sidestart|p1: saltylaplace|move: Stealth Rock
|move|p1a: Mudsdale|Stealth Rock|p2a: Lycanroc
|-sidestart|p2: Avalonkr11|move: Stealth Rock
|
|upkeep
|turn|2
|
|t:|1760450504
|move|p2a: Lycanroc|Accelerock|p1a: Mudsdale
|-resisted|p1a: Mudsdale
|-damage|p1a: Mudsdale|94/100
|-damage|p2a: Lycanroc|84/100|[from] item: Rocky Helmet|[of] p1a: Mudsdale
|-ability|p1a: Mudsdale|Stamina|boost
|-boost|p1a: Mudsdale|def|1
|move|p1a: Mudsdale|Roar|p2a: Lycanroc
|drag|p2a: Enamorus|Enamorus, F|100/100
|
|upkeep
|turn|3
|
|t:|1760450527
|move|p2a: Enamorus|Calm Mind|p2a: Enamorus
|-boost|p2a: Enamorus|spa|1
|-boost|p2a: Enamorus|spd|1
|move|p1a: Mudsdale|Iron Head|p2a: Enamorus
|-supereffective|p2a: Enamorus
|-damage|p2a: Enamorus|33/100
|
|upkeep
|turn|4
|
|t:|1760450534
|move|p2a: Enamorus|Draining Kiss|p1a: Mudsdale
|-damage|p1a: Mudsdale|56/100
|-heal|p2a: Enamorus|73/100|[from] drain|[of] p1a: Mudsdale
|-damage|p2a: Enamorus|57/100|[from] item: Rocky Helmet|[of] p1a: Mudsdale
|-ability|p1a: Mudsdale|Stamina|boost
|-boost|p1a: Mudsdale|def|1
|move|p1a: Mudsdale|Iron Head|p2a: Enamorus
|-supereffective|p2a: Enamorus
|-damage|p2a: Enamorus|0 fnt
|faint|p2a: Enamorus
|
|upkeep
|
|t:|1760450545
|switch|p2a: Greninja|Greninja, F|100/100
|-damage|p2a: Greninja|88/100|[from] Stealth Rock
|turn|5
|
|t:|1760450550
|move|p2a: Greninja|Surf|p1a: Mudsdale
|-start|p2a: Greninja|typechange|Water|[from] ability: Protean
|-supereffective|p1a: Mudsdale
|-damage|p1a: Mudsdale|0 fnt
|faint|p1a: Mudsdale
|-damage|p2a: Greninja|78/100|[from] item: Life Orb
|
|upkeep
|
|t:|1760450559
|switch|p1a: Samurott|Samurott-Hisui, M|100/100
|-damage|p1a: Samurott|88/100|[from] Stealth Rock
|turn|6
|
|t:|1760450564
|move|p1a: Samurott|Ceaseless Edge|p2a: Greninja
|-damage|p2a: Greninja|0 fnt
|-sidestart|p2: Avalonkr11|Spikes
|faint|p2a: Greninja
|
|upkeep
|
|t:|1760450576
|switch|p2a: Rillaboom|Rillaboom, M|100/100
|-damage|p2a: Rillaboom|88/100|[from] Stealth Rock
|-damage|p2a: Rillaboom|76/100|[from] Spikes
|-fieldstart|move: Grassy Terrain|[from] ability: Grassy Surge|[of] p2a: Rillaboom
|turn|7
|
|t:|1760450584
|switch|p1a: Gholdengo|Gholdengo|100/100
|-damage|p1a: Gholdengo|94/100|[from] Stealth Rock
|move|p2a: Rillaboom|Fake Out|p1a: Gholdengo
|-immune|p1a: Gholdengo
|
|-heal|p1a: Gholdengo|100/100|[from] Grassy Terrain
|-heal|p2a: Rillaboom|82/100|[from] Grassy Terrain
|upkeep
|turn|8
|
|t:|1760450607
|move|p1a: Gholdengo|Make It Rain|p2a: Rillaboom
|-damage|p2a: Rillaboom|34/100
|-unboost|p1a: Gholdengo|spa|1
|move|p2a: Rillaboom|Drum Beating|p1a: Gholdengo
|-resisted|p1a: Gholdengo
|-damage|p1a: Gholdengo|70/100
|-unboost|p1a: Gholdengo|spe|1
|
|-heal|p1a: Gholdengo|76/100|[from] Grassy Terrain
|-heal|p2a: Rillaboom|40/100|[from] Grassy Terrain
|upkeep
|turn|9
|
|t:|1760450622
|switch|p2a: Porygon2|Porygon2|100/100
|-damage|p2a: Porygon2|88/100|[from] Stealth Rock
|-damage|p2a: Porygon2|76/100|[from] Spikes
|-ability|p2a: Porygon2|Download|boost
|-boost|p2a: Porygon2|spa|1
|move|p1a: Gholdengo|Make It Rain|p2a: Porygon2
|-damage|p2a: Porygon2|56/100
|-unboost|p1a: Gholdengo|spa|1
|
|-heal|p1a: Gholdengo|82/100|[from] Grassy Terrain
|-heal|p2a: Porygon2|62/100|[from] Grassy Terrain
|upkeep
|turn|10
|
|t:|1760450637
|switch|p1a: Tyranitar|Tyranitar, M|100/100
|-damage|p1a: Tyranitar|88/100|[from] Stealth Rock
|-weather|Sandstorm|[from] ability: Sand Stream|[of] p1a: Tyranitar
|move|p2a: Porygon2|Recover|p2a: Porygon2
|-heal|p2a: Porygon2|100/100
|
|-weather|Sandstorm|[upkeep]
|-damage|p2a: Porygon2|94/100|[from] Sandstorm
|-heal|p1a: Tyranitar|94/100|[from] Grassy Terrain
|-heal|p1a: Tyranitar|100/100|[from] item: Leftovers
|-heal|p2a: Porygon2|100/100|[from] Grassy Terrain
|upkeep
|turn|11
|inactive|Avalonkr11 has 120 seconds left.
|
|t:|1760450656
|move|p2a: Porygon2|Thunder Wave|p1a: Tyranitar
|-status|p1a: Tyranitar|par
|cant|p1a: Tyranitar|par
|
|-weather|Sandstorm|[upkeep]
|-damage|p2a: Porygon2|94/100|[from] Sandstorm
|-heal|p2a: Porygon2|100/100|[from] Grassy Terrain
|-fieldend|move: Grassy Terrain
|upkeep
|turn|12
|
|t:|1760450666
|move|p1a: Tyranitar|Dragon Tail|p2a: Porygon2
|-damage|p2a: Porygon2|90/100
|drag|p2a: Lycanroc|Lycanroc, F|84/100
|-damage|p2a: Lycanroc|72/100|[from] Stealth Rock
|-damage|p2a: Lycanroc|59/100|[from] Spikes
|
|-weather|Sandstorm|[upkeep]
|upkeep
|turn|13
|
|t:|1760450675
|move|p2a: Lycanroc|Close Combat|p1a: Tyranitar
|-supereffective|p1a: Tyranitar
|-damage|p1a: Tyranitar|0 fnt
|-unboost|p2a: Lycanroc|def|1
|-unboost|p2a: Lycanroc|spd|1
|faint|p1a: Tyranitar
|
|-weather|Sandstorm|[upkeep]
|upkeep
|
|t:|1760450683
|switch|p1a: Samurott|Samurott-Hisui, M|88/100
|-damage|p1a: Samurott|76/100|[from] Stealth Rock
|turn|14
|
|t:|1760450688
|move|p2a: Lycanroc|Close Combat|p1a: Samurott
|-supereffective|p1a: Samurott
|-damage|p1a: Samurott|0 fnt
|-unboost|p2a: Lycanroc|def|1
|-unboost|p2a: Lycanroc|spd|1
|faint|p1a: Samurott
|
|-weather|none
|upkeep
|
|t:|1760450697
|switch|p1a: Goodra|Goodra-Hisui, M|100/100
|-damage|p1a: Goodra|94/100|[from] Stealth Rock
|turn|15
|
|t:|1760450703
|move|p2a: Lycanroc|Close Combat|p1a: Goodra
|-supereffective|p1a: Goodra
|-damage|p1a: Goodra|32/100
|-unboost|p2a: Lycanroc|def|1
|-unboost|p2a: Lycanroc|spd|1
|move|p1a: Goodra|Dragon Tail|p2a: Lycanroc
|-damage|p2a: Lycanroc|0 fnt
|faint|p2a: Lycanroc
|
|-heal|p1a: Goodra|38/100|[from] item: Leftovers
|upkeep
|
|t:|1760450714
|switch|p2a: Polteageist|Polteageist|100/100
|-damage|p2a: Polteageist|88/100|[from] Stealth Rock
|-damage|p2a: Polteageist|76/100|[from] Spikes
|turn|16
|
|t:|1760450725
|move|p2a: Polteageist|Shadow Ball|p1a: Goodra
|-damage|p1a: Goodra|12/100
|move|p1a: Goodra|Rest|p1a: Goodra
|-status|p1a: Goodra|slp|[from] move: Rest
|-heal|p1a: Goodra|100/100 slp|[silent]
|
|upkeep
|turn|17
|
|t:|1760450732
|move|p2a: Polteageist|Shell Smash|p2a: Polteageist
|-unboost|p2a: Polteageist|def|1
|-unboost|p2a: Polteageist|spd|1
|-boost|p2a: Polteageist|atk|2
|-boost|p2a: Polteageist|spa|2
|-boost|p2a: Polteageist|spe|2
|-enditem|p2a: Polteageist|White Herb
|-clearnegativeboost|p2a: Polteageist|[silent]
|cant|p1a: Goodra|slp
|move|p1a: Goodra|Sleep Talk|p1a: Goodra
|move|p1a: Goodra|Rest||[from] move: Sleep Talk|[still]
|-fail|p1a: Goodra
|
|upkeep
|turn|18
|
|t:|1760450745
|move|p2a: Polteageist|Shadow Ball|p1a: Goodra
|-damage|p1a: Goodra|41/100 slp
|cant|p1a: Goodra|slp
|move|p1a: Goodra|Sleep Talk|p1a: Goodra
|move|p1a: Goodra|Curse|p1a: Goodra|[from] move: Sleep Talk
|-unboost|p1a: Goodra|spe|1
|-boost|p1a: Goodra|atk|1
|-boost|p1a: Goodra|def|1
|
|-heal|p1a: Goodra|47/100 slp|[from] item: Leftovers
|upkeep
|turn|19
|
|t:|1760450761
|switch|p1a: Skeledirge|Skeledirge, M|100/100
|-damage|p1a: Skeledirge|75/100|[from] Stealth Rock
|move|p2a: Polteageist|Shadow Ball|p1a: Skeledirge
|-supereffective|p1a: Skeledirge
|-damage|p1a: Skeledirge|0 fnt
|faint|p1a: Skeledirge
|
|upkeep
|
|t:|1760450771
|switch|p1a: Gholdengo|Gholdengo|82/100
|-damage|p1a: Gholdengo|76/100|[from] Stealth Rock
|turn|20
|c|☆Avalonkr11|Comeback!
|
|t:|1760450778
|-terastallize|p2a: Polteageist|Dark
|move|p1a: Gholdengo|Shadow Ball|p2a: Polteageist
|-resisted|p2a: Polteageist
|-damage|p2a: Polteageist|58/100
|move|p2a: Polteageist|Shadow Ball|p1a: Gholdengo
|-supereffective|p1a: Gholdengo
|-damage|p1a: Gholdengo|0 fnt
|faint|p1a: Gholdengo
|
|upkeep
|
|t:|1760450788
|switch|p1a: Goodra|Goodra-Hisui, M|47/100 slp
|-damage|p1a: Goodra|41/100 slp|[from] Stealth Rock
|turn|21
|
|t:|1760450794
|-terastallize|p1a: Goodra|Steel
|move|p2a: Polteageist|Shadow Ball|p1a: Goodra
|-damage|p1a: Goodra|0 fnt
|faint|p1a: Goodra
|
|win|Avalonkr11
|raw|saltylaplace's rating: 1108 &rarr; <strong>1083</strong><br />(-25 for losing)
|raw|Avalonkr11's rating: 1112 &rarr; <strong>1137</strong><br />(+25 for winning)
|c|☆Avalonkr11|GG
|l|☆saltylaplace
|player|p1|
|l|☆Avalonkr11
|player|p2|
