|j|☆synergies
|j|☆michael00000000
|t:|1760391543
|gametype|singles
|player|p1|synergies|dancer|1537
|player|p2|michael00000000|clair|1522
|gen|9
|tier|[Gen 9] OU
|rated|
|rule|HP Percentage Mod: HP is shown in percentages
|rule|Endless Battle Clause: Forcing endless battles is banned
|rule|Species Clause: Limit one of each Pokémon
|rule|OHKO Clause: OHKO moves are banned
|rule|Evasion Items Clause: Evasion items are banned
|rule|Evasion Moves Clause: Evasion moves are banned
|rule|Evasion Abilities Clause: Evasion abilities are banned
|rule|Sleep Moves Clause: Sleep-inducing moves are banned
|clearpoke
|poke|p1|Iron Treads|
|poke|p1|Tornadus-Therian, M|
|poke|p1|Samurott-Hisui, F|
|poke|p1|Heatran, M|
|poke|p1|Pecharunt|
|poke|p1|Raging Bolt|
|poke|p2|Gardevoir, F|
|poke|p2|Iron Valiant|
|poke|p2|Arcanine, M|
|poke|p2|Hatterene, F|
|poke|p2|Dragapult, F|
|poke|p2|Milotic, F|
|teampreview
|
|t:|1760391554
|teamsize|p1|6
|teamsize|p2|6
|start
|switch|p1a: Samurott|Samurott-Hisui, F|100/100
|switch|p2a: Nimbus|Arcanine, M|100/100
|-ability|p2a: Nimbus|Intimidate|boost
|-unboost|p1a: Samurott|atk|1
|turn|1
|
|t:|1760391558
|move|p2a: Nimbus|Close Combat|p1a: Samurott
|-supereffective|p1a: Samurott
|-damage|p1a: Samurott|0 fnt
|-unboost|p2a: Nimbus|def|1
|-unboost|p2a: Nimbus|spd|1
|faint|p1a: Samurott
|
|upkeep
|
|t:|1760391562
|switch|p1a: Pecharunt|Pecharunt|100/100
|turn|2
|
|t:|1760391569
|switch|p2a: Mercé|Dragapult, F, shiny|100/100
|move|p1a: Pecharunt|Malignant Chain|p2a: Mercé
|-resisted|p2a: Mercé
|-damage|p2a: Mercé|78/100
|
|upkeep
|turn|3
|
|t:|1760391574
|switch|p1a: Heatran|Heatran, M|100/100
|move|p2a: Mercé|Thunder Wave|p1a: Heatran
|-status|p1a: Heatran|par
|
|upkeep
|turn|4
|
|t:|1760391579
|switch|p2a: Noir|Hatterene, F, shiny|100/100
|cant|p1a: Heatran|par
|
|upkeep
|turn|5
|
|t:|1760391583
|move|p1a: Heatran|Magma Storm|p2a: Noir
|-damage|p2a: Noir|69/100
|-activate|p2a: Noir|move: Magma Storm|[of] p1a: Heatran
|move|p2a: Noir|Future Sight|p1a: Heatran
|-start|p2a: Noir|move: Future Sight
|
|-damage|p2a: Noir|56/100|[from] move: Magma Storm|[partiallytrapped]
|upkeep
|turn|6
|
|t:|1760391586
|move|p1a: Heatran|Earth Power|p2a: Noir
|-damage|p2a: Noir|37/100
|move|p2a: Noir|Draining Kiss|p1a: Heatran
|-resisted|p1a: Heatran
|-damage|p1a: Heatran|96/100 par
|-heal|p2a: Noir|42/100|[from] drain|[of] p1a: Heatran
|
|-heal|p1a: Heatran|100/100 par|[from] item: Leftovers
|-damage|p2a: Noir|29/100|[from] move: Magma Storm|[partiallytrapped]
|upkeep
|turn|7
|
|t:|1760391591
|move|p1a: Heatran|Magma Storm|p2a: Noir|[miss]
|-miss|p1a: Heatran|p2a: Noir
|move|p2a: Noir|Draining Kiss|p1a: Heatran
|-resisted|p1a: Heatran
|-damage|p1a: Heatran|95/100 par
|-heal|p2a: Noir|35/100|[from] drain|[of] p1a: Heatran
|
|-end|p1a: Heatran|move: Future Sight
|-resisted|p1a: Heatran
|-damage|p1a: Heatran|72/100 par
|-heal|p1a: Heatran|78/100 par|[from] item: Leftovers
|-damage|p2a: Noir|22/100|[from] move: Magma Storm|[partiallytrapped]
|upkeep
|turn|8
|
|t:|1760391595
|move|p1a: Heatran|Magma Storm|p2a: Noir|[miss]
|-miss|p1a: Heatran|p2a: Noir
|move|p2a: Noir|Draining Kiss|p1a: Heatran
|-resisted|p1a: Heatran
|-damage|p1a: Heatran|73/100 par
|-heal|p2a: Noir|27/100|[from] drain|[of] p1a: Heatran
|
|-heal|p1a: Heatran|79/100 par|[from] item: Leftovers
|-damage|p2a: Noir|15/100|[from] move: Magma Storm|[partiallytrapped]
|upkeep
|turn|9
|
|t:|1760391604
|move|p1a: Heatran|Earth Power|p2a: Noir
|-damage|p2a: Noir|0 fnt
|faint|p2a: Noir
|
|-heal|p1a: Heatran|85/100 par|[from] item: Leftovers
|upkeep
|
|t:|1760391609
|switch|p2a: Nimbus|Arcanine, M|100/100
|-ability|p2a: Nimbus|Intimidate|boost
|-unboost|p1a: Heatran|atk|1
|turn|10
|
|t:|1760391613
|switch|p2a: Mercé|Dragapult, F, shiny|78/100
|switch|p1a: Pecharunt|Pecharunt|100/100
|
|upkeep
|turn|11
|
|t:|1760391616
|switch|p1a: Heatran|Heatran, M|85/100 par
|move|p2a: Mercé|Hex|p1a: Heatran
|-damage|p1a: Heatran|49/100 par
|
|-heal|p1a: Heatran|55/100 par|[from] item: Leftovers
|upkeep
|turn|12
|
|t:|1760391620
|move|p2a: Mercé|Hex|p1a: Heatran
|-damage|p1a: Heatran|19/100 par
|move|p1a: Heatran|Stealth Rock|p2a: Mercé
|-sidestart|p2: michael00000000|move: Stealth Rock
|
|-heal|p1a: Heatran|26/100 par|[from] item: Leftovers
|upkeep
|turn|13
|
|t:|1760391626
|switch|p1a: Iron Treads|Iron Treads|100/100
|move|p2a: Mercé|Hex|p1a: Iron Treads
|-damage|p1a: Iron Treads|72/100
|
|upkeep
|turn|14
|
|t:|1760391639
|move|p2a: Mercé|Will-O-Wisp|p1a: Iron Treads
|-status|p1a: Iron Treads|brn
|move|p1a: Iron Treads|Ice Spinner|p2a: Mercé
|-supereffective|p2a: Mercé
|-damage|p2a: Mercé|48/100
|
|-damage|p1a: Iron Treads|66/100 brn|[from] brn
|upkeep
|turn|15
|
|t:|1760391643
|move|p2a: Mercé|Hex|p1a: Iron Treads
|-damage|p1a: Iron Treads|10/100 brn
|move|p1a: Iron Treads|Ice Spinner|p2a: Mercé
|-supereffective|p2a: Mercé
|-damage|p2a: Mercé|19/100
|
|-damage|p1a: Iron Treads|4/100 brn|[from] brn
|upkeep
|turn|16
|-enditem|p1a: Iron Treads|Custap Berry|[eat]
|-activate|p1a: Iron Treads|item: Custap Berry|[consumed]
|
|t:|1760391646
|move|p1a: Iron Treads|Ice Spinner|p2a: Mercé
|-supereffective|p2a: Mercé
|-damage|p2a: Mercé|0 fnt
|faint|p2a: Mercé
|
|-damage|p1a: Iron Treads|0 fnt|[from] brn
|faint|p1a: Iron Treads
|-end|p1a: Iron Treads|Quark Drive|[silent]
|upkeep
|c|☆michael00000000|custap treads goes hard
|
|t:|1760391663
|switch|p2a: Rhea|Gardevoir, F, shiny|100/100
|switch|p1a: Heatran|Heatran, M|26/100 par
|-damage|p2a: Rhea|88/100|[from] Stealth Rock
|-ability|p2a: Rhea|Flame Body|Trace|[from] ability: Trace|[of] p1a: Heatran
|turn|17
|c|☆synergies|yup
|
|t:|1760391668
|move|p2a: Rhea|Thunderbolt|p1a: Heatran
|-damage|p1a: Heatran|2/100 par
|cant|p1a: Heatran|par
|
|-heal|p1a: Heatran|8/100 par|[from] item: Leftovers
|upkeep
|turn|18
|
|t:|1760391673
|move|p2a: Rhea|Thunderbolt|p1a: Heatran
|-damage|p1a: Heatran|0 fnt
|faint|p1a: Heatran
|
|upkeep
|
|t:|1760391681
|switch|p1a: Pecharunt|Pecharunt|100/100
|turn|19
|
|t:|1760391686
|-terastallize|p2a: Rhea|Fire
|move|p1a: Pecharunt|Malignant Chain|p2a: Rhea
|-damage|p2a: Rhea|68/100
|-status|p2a: Rhea|tox
|-start|p2a: Rhea|confusion|[from] ability: Poison Puppeteer|[of] p1a: Pecharunt
|-activate|p2a: Rhea|confusion
|move|p2a: Rhea|Mystical Fire|p1a: Pecharunt
|-damage|p1a: Pecharunt|60/100
|-unboost|p1a: Pecharunt|spa|1
|
|-damage|p2a: Rhea|62/100 tox|[from] psn
|upkeep
|turn|20
|
|t:|1760391698
|move|p1a: Pecharunt|Recover|p1a: Pecharunt
|-heal|p1a: Pecharunt|100/100
|-activate|p2a: Rhea|confusion
|-damage|p2a: Rhea|54/100 tox|[from] confusion
|
|-damage|p2a: Rhea|41/100 tox|[from] psn
|upkeep
|turn|21
|
|t:|1760391705
|move|p1a: Pecharunt|Parting Shot|p2a: Rhea
|-unboost|p2a: Rhea|atk|1
|-unboost|p2a: Rhea|spa|1
|
|t:|1760391708
|switch|p1a: Tornadus|Tornadus-Therian, M|100/100|[from] Parting Shot
|-end|p2a: Rhea|confusion
|move|p2a: Rhea|Psyshock|p1a: Tornadus
|-damage|p1a: Tornadus|57/100
|
|-damage|p2a: Rhea|23/100 tox|[from] psn
|upkeep
|turn|22
|
|t:|1760391717
|move|p1a: Tornadus|Dark Pulse|p2a: Rhea
|-damage|p2a: Rhea|5/100 tox
|-damage|p1a: Tornadus|48/100|[from] item: Life Orb
|move|p2a: Rhea|Thunderbolt|p1a: Tornadus
|-supereffective|p1a: Tornadus
|-damage|p1a: Tornadus|0 fnt
|faint|p1a: Tornadus
|
|-damage|p2a: Rhea|0 fnt|[from] psn
|faint|p2a: Rhea
|upkeep
|
|t:|1760391739
|switch|p1a: Pecharunt|Pecharunt|100/100
|switch|p2a: Hermé|Iron Valiant, shiny|100/100
|-damage|p2a: Hermé|94/100|[from] Stealth Rock
|-enditem|p2a: Hermé|Booster Energy
|-activate|p2a: Hermé|ability: Quark Drive|[fromitem]
|-start|p2a: Hermé|quarkdrivespe
|turn|23
|
|t:|1760391744
|move|p2a: Hermé|Destiny Bond|p2a: Hermé
|-singlemove|p2a: Hermé|Destiny Bond
|move|p1a: Pecharunt|Malignant Chain|p2a: Hermé
|-supereffective|p2a: Hermé
|-damage|p2a: Hermé|0 fnt
|faint|p2a: Hermé
|-activate|p2a: Hermé|move: Destiny Bond
|-end|p2a: Hermé|Quark Drive|[silent]
|faint|p1a: Pecharunt
|
|upkeep
|
|t:|1760391754
|switch|p2a: Ceteres|Milotic, F, shiny|100/100
|switch|p1a: Raging Bolt|Raging Bolt|100/100
|-damage|p2a: Ceteres|88/100|[from] Stealth Rock
|turn|24
|
|t:|1760391759
|move|p1a: Raging Bolt|Calm Mind|p1a: Raging Bolt
|-boost|p1a: Raging Bolt|spa|1
|-boost|p1a: Raging Bolt|spd|1
|move|p2a: Ceteres|Ice Beam|p1a: Raging Bolt
|-supereffective|p1a: Raging Bolt
|-damage|p1a: Raging Bolt|77/100
|
|-heal|p1a: Raging Bolt|84/100|[from] item: Leftovers
|-heal|p2a: Ceteres|94/100|[from] item: Leftovers
|upkeep
|turn|25
|
|t:|1760391767
|move|p1a: Raging Bolt|Calm Mind|p1a: Raging Bolt
|-boost|p1a: Raging Bolt|spa|1
|-boost|p1a: Raging Bolt|spd|1
|move|p2a: Ceteres|Ice Beam|p1a: Raging Bolt
|-supereffective|p1a: Raging Bolt
|-damage|p1a: Raging Bolt|64/100
|
|-heal|p1a: Raging Bolt|70/100|[from] item: Leftovers
|-heal|p2a: Ceteres|99/100|[from] item: Leftovers
|upkeep
|turn|26
|
|t:|1760391776
|move|p1a: Raging Bolt|Calm Mind|p1a: Raging Bolt
|-boost|p1a: Raging Bolt|spa|1
|-boost|p1a: Raging Bolt|spd|1
|move|p2a: Ceteres|Ice Beam|p1a: Raging Bolt
|-supereffective|p1a: Raging Bolt
|-damage|p1a: Raging Bolt|55/100
|
|-heal|p1a: Raging Bolt|61/100|[from] item: Leftovers
|-heal|p2a: Ceteres|100/100|[from] item: Leftovers
|upkeep
|turn|27
|
|t:|1760391782
|move|p1a: Raging Bolt|Calm Mind|p1a: Raging Bolt
|-boost|p1a: Raging Bolt|spa|1
|-boost|p1a: Raging Bolt|spd|1
|move|p2a: Ceteres|Ice Beam|p1a: Raging Bolt
|-supereffective|p1a: Raging Bolt
|-damage|p1a: Raging Bolt|48/100
|
|-heal|p1a: Raging Bolt|54/100|[from] item: Leftovers
|upkeep
|turn|28
|
|t:|1760391789
|move|p1a: Raging Bolt|Thunderclap||[still]
|-fail|p1a: Raging Bolt
|move|p2a: Ceteres|Haze|p2a: Ceteres
|-clearallboost
|
|-heal|p1a: Raging Bolt|61/100|[from] item: Leftovers
|upkeep
|turn|29
|
|t:|1760391797
|move|p1a: Raging Bolt|Thunderbolt|p2a: Ceteres
|-supereffective|p2a: Ceteres
|-damage|p2a: Ceteres|40/100
|move|p2a: Ceteres|Ice Beam|p1a: Raging Bolt
|-supereffective|p1a: Raging Bolt
|-damage|p1a: Raging Bolt|26/100
|
|-heal|p1a: Raging Bolt|32/100|[from] item: Leftovers
|-heal|p2a: Ceteres|46/100|[from] item: Leftovers
|upkeep
|turn|30
|
|t:|1760391802
|move|p1a: Raging Bolt|Thunderbolt|p2a: Ceteres
|-supereffective|p2a: Ceteres
|-damage|p2a: Ceteres|0 fnt
|faint|p2a: Ceteres
|
|-heal|p1a: Raging Bolt|38/100|[from] item: Leftovers
|upkeep
|
|t:|1760391804
|switch|p2a: Nimbus|Arcanine, M|100/100
|-damage|p2a: Nimbus|76/100|[from] Stealth Rock
|-ability|p2a: Nimbus|Intimidate|boost
|-unboost|p1a: Raging Bolt|atk|1
|turn|31
|
|t:|1760391810
|move|p2a: Nimbus|Extreme Speed|p1a: Raging Bolt
|-damage|p1a: Raging Bolt|11/100
|move|p1a: Raging Bolt|Thunderbolt|p2a: Nimbus
|-damage|p2a: Nimbus|19/100
|
|-heal|p1a: Raging Bolt|17/100|[from] item: Leftovers
|upkeep
|turn|32
|c|☆michael00000000|gg wp
|c|☆synergies|gg
|
|t:|1760391824
|move|p2a: Nimbus|Extreme Speed|p1a: Raging Bolt
|-damage|p1a: Raging Bolt|0 fnt
|faint|p1a: Raging Bolt
|-end|p1a: Raging Bolt|Protosynthesis|[silent]
|
|win|michael00000000
|raw|synergies's rating: 1537 &rarr; <strong>1516</strong><br />(-21 for losing)
|raw|michael00000000's rating: 1522 &rarr; <strong>1543</strong><br />(+21 for winning)
|l|☆synergies
|player|p1|
|l|☆michael00000000
|player|p2|
