|j|☆Ao_Blue_Poison
|j|☆SillyScallop
|t:|1760379584
|gametype|singles
|player|p1|Ao_Blue_Poison|iono|1477
|player|p2|SillyScallop|maid|1465
|gen|9
|tier|[Gen 9] OU
|rated|
|rule|HP Percentage Mod: HP is shown in percentages
|rule|Endless Battle Clause: Forcing endless battles is banned
|rule|Species Clause: Limit one of each Pokémon
|rule|OHKO Clause: OHKO moves are banned
|rule|Evasion Items Clause: Evasion items are banned
|rule|Evasion Moves Clause: Evasion moves are banned
|rule|Evasion Abilities Clause: Evasion abilities are banned
|rule|Sleep Moves Clause: Sleep-inducing moves are banned
|clearpoke
|poke|p1|Quaquaval, F|
|poke|p1|Blaziken, M|
|poke|p1|Corviknight, F|
|poke|p1|Iron Crown|
|poke|p1|Rillaboom, F|
|poke|p1|Garganacl, M|
|poke|p2|Zamazenta-*|
|poke|p2|Cinderace, M|
|poke|p2|Slowking-Galar, M|
|poke|p2|Corviknight, M|
|poke|p2|Ting-Lu|
|poke|p2|Kyurem|
|teampreview
|inactive|Battle timer is ON: inactive players will automatically lose when time's up. (requested by Ao_Blue_Poison)
|
|t:|1760379593
|teamsize|p1|6
|teamsize|p2|6
|start
|switch|p1a: Temple|Garganacl, M, shiny|100/100
|switch|p2a: Cinderace|Cinderace, M|100/100
|turn|1
|
|t:|1760379598
|move|p2a: Cinderace|U-turn|p1a: Temple
|-damage|p1a: Temple|87/100
|
|t:|1760379600
|switch|p2a: Slowking|Slowking-Galar, M|100/100|[from] U-turn
|move|p1a: Temple|Salt Cure|p2a: Slowking
|-damage|p2a: Slowking|91/100
|-start|p2a: Slowking|Salt Cure
|
|-heal|p1a: Temple|94/100|[from] item: Leftovers
|-damage|p2a: Slowking|78/100|[from] Salt Cure
|upkeep
|turn|2
|
|t:|1760379608
|move|p1a: Temple|Earthquake|p2a: Slowking
|-supereffective|p2a: Slowking
|-enditem|p2a: Slowking|Shuca Berry|[eat]
|-enditem|p2a: Slowking|Shuca Berry|[weaken]
|-damage|p2a: Slowking|59/100
|move|p2a: Slowking|Future Sight|p1a: Temple
|-start|p2a: Slowking|move: Future Sight
|
|-heal|p1a: Temple|99/100|[from] item: Leftovers
|-damage|p2a: Slowking|46/100|[from] Salt Cure
|upkeep
|turn|3
|
|t:|1760379614
|switch|p2a: Ting-Lu|Ting-Lu|100/100
|-ability|p2a: Ting-Lu|Vessel of Ruin
|move|p1a: Temple|Salt Cure|p2a: Ting-Lu
|-resisted|p2a: Ting-Lu
|-damage|p2a: Ting-Lu|96/100
|-start|p2a: Ting-Lu|Salt Cure
|
|-heal|p2a: Ting-Lu|100/100|[from] item: Leftovers
|-heal|p1a: Temple|100/100|[from] item: Leftovers
|-damage|p2a: Ting-Lu|88/100|[from] Salt Cure
|upkeep
|turn|4
|
|t:|1760379621
|switch|p1a: Percussion|Rillaboom, F, shiny|100/100
|-fieldstart|move: Grassy Terrain|[from] ability: Grassy Surge|[of] p1a: Percussion
|move|p2a: Ting-Lu|Earthquake|p1a: Percussion
|-resisted|p1a: Percussion
|-damage|p1a: Percussion|91/100
|
|-end|p1a: Percussion|move: Future Sight
|-damage|p1a: Percussion|62/100
|-heal|p1a: Percussion|68/100|[from] Grassy Terrain
|-heal|p2a: Ting-Lu|94/100|[from] Grassy Terrain
|-heal|p2a: Ting-Lu|100/100|[from] item: Leftovers
|-damage|p2a: Ting-Lu|88/100|[from] Salt Cure
|upkeep
|turn|5
|
|t:|1760379626
|switch|p2a: Corviknight|Corviknight, M|100/100
|-ability|p2a: Corviknight|Pressure
|move|p1a: Percussion|Drum Beating|p2a: Corviknight
|-resisted|p2a: Corviknight
|-damage|p2a: Corviknight|93/100
|-unboost|p2a: Corviknight|spe|1
|
|-heal|p1a: Percussion|74/100|[from] Grassy Terrain
|upkeep
|turn|6
|
|t:|1760379631
|move|p1a: Percussion|Knock Off|p2a: Corviknight
|-damage|p2a: Corviknight|73/100
|-damage|p1a: Percussion|58/100|[from] item: Rocky Helmet|[of] p2a: Corviknight
|-enditem|p2a: Corviknight|Rocky Helmet|[from] move: Knock Off|[of] p1a: Percussion
|move|p2a: Corviknight|Body Press|p1a: Percussion
|-damage|p1a: Percussion|31/100
|
|-heal|p1a: Percussion|37/100|[from] Grassy Terrain
|upkeep
|turn|7
|
|t:|1760379635
|move|p1a: Percussion|U-turn|p2a: Corviknight
|-resisted|p2a: Corviknight
|-damage|p2a: Corviknight|70/100
|
|t:|1760379637
|switch|p1a: Temple|Garganacl, M, shiny|100/100|[from] U-turn
|move|p2a: Corviknight|Iron Defense|p2a: Corviknight
|-boost|p2a: Corviknight|def|2
|
|upkeep
|turn|8
|
|t:|1760379640
|move|p2a: Corviknight|Body Press|p1a: Temple
|-supereffective|p1a: Temple
|-damage|p1a: Temple|35/100
|move|p1a: Temple|Salt Cure|p2a: Corviknight
|-damage|p2a: Corviknight|66/100
|-start|p2a: Corviknight|Salt Cure
|
|-heal|p1a: Temple|41/100|[from] Grassy Terrain
|-heal|p1a: Temple|47/100|[from] item: Leftovers
|-damage|p2a: Corviknight|41/100|[from] Salt Cure
|-fieldend|move: Grassy Terrain
|upkeep
|turn|9
|
|t:|1760379646
|-terastallize|p1a: Temple|Ghost
|move|p2a: Corviknight|Roost|p2a: Corviknight
|-heal|p2a: Corviknight|91/100
|-singleturn|p2a: Corviknight|move: Roost
|move|p1a: Temple|Recover|p1a: Temple
|-heal|p1a: Temple|97/100
|
|-heal|p1a: Temple|100/100|[from] item: Leftovers
|-damage|p2a: Corviknight|66/100|[from] Salt Cure
|upkeep
|turn|10
|
|t:|1760379652
|switch|p2a: Slowking|Slowking-Galar, M|80/100
|move|p1a: Temple|Curse|p2a: Slowking
|-start|p2a: Slowking|Curse|[of] p1a: Temple
|-damage|p1a: Temple|50/100
|
|-heal|p1a: Temple|57/100|[from] item: Leftovers
|-damage|p2a: Slowking|55/100|[from] Curse
|upkeep
|turn|11
|
|t:|1760379660
|move|p1a: Temple|Salt Cure|p2a: Slowking
|-damage|p2a: Slowking|44/100
|-start|p2a: Slowking|Salt Cure
|-prepare|p2a: Slowking|Chilly Reception|[premajor]
|move|p2a: Slowking|Chilly Reception|p2a: Slowking
|-weather|Snowscape
|inactive|SillyScallop has 120 seconds left.
|inactive|SillyScallop has 90 seconds left.
|
|t:|1760379725
|switch|p2a: Zamazenta|Zamazenta|100/100|[from] Chilly Reception
|-ability|p2a: Zamazenta|Dauntless Shield|boost
|-boost|p2a: Zamazenta|def|1
|
|-weather|Snowscape|[upkeep]
|-heal|p1a: Temple|63/100|[from] item: Leftovers
|upkeep
|turn|12
|
|t:|1760379731
|move|p2a: Zamazenta|Crunch|p1a: Temple
|-supereffective|p1a: Temple
|-damage|p1a: Temple|6/100
|-unboost|p1a: Temple|def|1
|move|p1a: Temple|Salt Cure|p2a: Zamazenta
|-resisted|p2a: Zamazenta
|-damage|p2a: Zamazenta|96/100
|-start|p2a: Zamazenta|Salt Cure
|
|-weather|Snowscape|[upkeep]
|-heal|p1a: Temple|12/100|[from] item: Leftovers
|-damage|p2a: Zamazenta|84/100|[from] Salt Cure
|upkeep
|turn|13
|
|t:|1760379738
|switch|p1a: Sir Aaron|Corviknight, F, shiny|100/100
|-ability|p1a: Sir Aaron|Pressure
|move|p2a: Zamazenta|Crunch|p1a: Sir Aaron
|-damage|p1a: Sir Aaron|71/100
|
|-weather|Snowscape|[upkeep]
|-heal|p1a: Sir Aaron|77/100|[from] item: Leftovers
|-damage|p2a: Zamazenta|71/100|[from] Salt Cure
|upkeep
|turn|14
|
|t:|1760379747
|switch|p2a: Cinderace|Cinderace, M|100/100
|move|p1a: Sir Aaron|Bulk Up|p1a: Sir Aaron
|-boost|p1a: Sir Aaron|atk|1
|-boost|p1a: Sir Aaron|def|1
|
|-weather|Snowscape|[upkeep]
|-heal|p1a: Sir Aaron|83/100|[from] item: Leftovers
|upkeep
|turn|15
|
|t:|1760379755
|switch|p1a: Axel|Blaziken, M, shiny|100/100
|move|p2a: Cinderace|Pyro Ball|p1a: Axel
|-resisted|p1a: Axel
|-damage|p1a: Axel|65/100
|
|-weather|none
|-heal|p1a: Axel|71/100|[from] item: Leftovers
|upkeep
|turn|16
|
|t:|1760379757
|move|p2a: Cinderace|U-turn|p1a: Axel
|-resisted|p1a: Axel
|-damage|p1a: Axel|64/100
|
|t:|1760379772
|switch|p2a: Zamazenta|Zamazenta|71/100|[from] U-turn
|move|p1a: Axel|Aura Sphere|p2a: Zamazenta
|-damage|p2a: Zamazenta|39/100
|
|-heal|p1a: Axel|70/100|[from] item: Leftovers
|-ability|p1a: Axel|Speed Boost|boost
|-boost|p1a: Axel|spe|1
|upkeep
|turn|17
|
|t:|1760379783
|move|p1a: Axel|Protect|p1a: Axel
|-singleturn|p1a: Axel|Protect
|move|p2a: Zamazenta|Close Combat|p1a: Axel
|-activate|p1a: Axel|move: Protect
|
|-heal|p1a: Axel|76/100|[from] item: Leftovers
|-ability|p1a: Axel|Speed Boost|boost
|-boost|p1a: Axel|spe|1
|upkeep
|turn|18
|
|t:|1760379786
|switch|p1a: Temple|Garganacl, M, shiny, tera:Ghost|12/100
|move|p2a: Zamazenta|Close Combat|p1a: Temple
|-immune|p1a: Temple
|
|-heal|p1a: Temple|18/100|[from] item: Leftovers
|upkeep
|turn|19
|
|t:|1760379797
|switch|p2a: Slowking|Slowking-Galar, M|77/100
|move|p1a: Temple|Recover|p1a: Temple
|-heal|p1a: Temple|68/100
|
|-heal|p1a: Temple|75/100|[from] item: Leftovers
|upkeep
|turn|20
|
|t:|1760379800
|move|p1a: Temple|Salt Cure|p2a: Slowking
|-damage|p2a: Slowking|67/100
|-start|p2a: Slowking|Salt Cure
|move|p2a: Slowking|Future Sight|p1a: Temple
|-start|p2a: Slowking|move: Future Sight
|
|-heal|p1a: Temple|81/100|[from] item: Leftovers
|-damage|p2a: Slowking|55/100|[from] Salt Cure
|upkeep
|turn|21
|
|t:|1760379805
|move|p1a: Temple|Earthquake|p2a: Slowking
|-supereffective|p2a: Slowking
|-damage|p2a: Slowking|22/100
|-prepare|p2a: Slowking|Chilly Reception|[premajor]
|move|p2a: Slowking|Chilly Reception|p2a: Slowking
|-weather|Snowscape
|
|t:|1760379811
|switch|p2a: Zamazenta|Zamazenta|39/100|[from] Chilly Reception
|
|-weather|Snowscape|[upkeep]
|-heal|p1a: Temple|87/100|[from] item: Leftovers
|upkeep
|turn|22
|
|t:|1760379819
|move|p2a: Zamazenta|Crunch|p1a: Temple
|-supereffective|p1a: Temple
|-damage|p1a: Temple|30/100
|move|p1a: Temple|Salt Cure|p2a: Zamazenta
|-resisted|p2a: Zamazenta
|-damage|p2a: Zamazenta|32/100
|-start|p2a: Zamazenta|Salt Cure
|
|-weather|Snowscape|[upkeep]
|-end|p1a: Temple|move: Future Sight
|-damage|p1a: Temple|0 fnt
|faint|p1a: Temple
|-damage|p2a: Zamazenta|20/100|[from] Salt Cure
|upkeep
|
|t:|1760379827
|switch|p1a: Axel|Blaziken, M, shiny|76/100
|turn|23
|
|t:|1760379834
|switch|p2a: Ting-Lu|Ting-Lu|88/100
|-ability|p2a: Ting-Lu|Vessel of Ruin
|move|p1a: Axel|Flamethrower|p2a: Ting-Lu
|-damage|p2a: Ting-Lu|69/100
|-status|p2a: Ting-Lu|brn
|
|-weather|Snowscape|[upkeep]
|-heal|p1a: Axel|82/100|[from] item: Leftovers
|-heal|p2a: Ting-Lu|75/100 brn|[from] item: Leftovers
|-damage|p2a: Ting-Lu|69/100 brn|[from] brn
|-ability|p1a: Axel|Speed Boost|boost
|-boost|p1a: Axel|spe|1
|upkeep
|turn|24
|
|t:|1760379846
|move|p1a: Axel|Aura Sphere|p2a: Ting-Lu
|-supereffective|p2a: Ting-Lu
|-damage|p2a: Ting-Lu|38/100 brn
|move|p2a: Ting-Lu|Rest|p2a: Ting-Lu
|-status|p2a: Ting-Lu|slp|[from] move: Rest
|-heal|p2a: Ting-Lu|100/100 slp|[silent]
|
|-weather|Snowscape|[upkeep]
|-heal|p1a: Axel|88/100|[from] item: Leftovers
|-ability|p1a: Axel|Speed Boost|boost
|-boost|p1a: Axel|spe|1
|upkeep
|turn|25
|
|t:|1760379853
|switch|p1a: Percussion|Rillaboom, F, shiny|37/100
|-fieldstart|move: Grassy Terrain|[from] ability: Grassy Surge|[of] p1a: Percussion
|cant|p2a: Ting-Lu|slp
|move|p2a: Ting-Lu|Sleep Talk|p2a: Ting-Lu
|move|p2a: Ting-Lu|Rest||[from] move: Sleep Talk|[still]
|-fail|p2a: Ting-Lu
|
|-weather|none
|-heal|p1a: Percussion|43/100|[from] Grassy Terrain
|upkeep
|turn|26
|
|t:|1760379860
|switch|p2a: Cinderace|Cinderace, M|100/100
|move|p1a: Percussion|Drum Beating|p2a: Cinderace
|-resisted|p2a: Cinderace
|-damage|p2a: Cinderace|67/100
|-unboost|p2a: Cinderace|spe|1
|
|-heal|p1a: Percussion|49/100|[from] Grassy Terrain
|-heal|p2a: Cinderace|74/100|[from] Grassy Terrain
|upkeep
|turn|27
|
|t:|1760379865
|move|p1a: Percussion|High Horsepower|p2a: Cinderace
|-supereffective|p2a: Cinderace
|-damage|p2a: Cinderace|0 fnt
|faint|p2a: Cinderace
|
|-heal|p1a: Percussion|55/100|[from] Grassy Terrain
|upkeep
|
|t:|1760379872
|switch|p2a: Kyurem|Kyurem|100/100
|-ability|p2a: Kyurem|Pressure
|turn|28
|
|t:|1760379876
|move|p1a: Percussion|Drum Beating|p2a: Kyurem
|-resisted|p2a: Kyurem
|-damage|p2a: Kyurem|76/100
|-unboost|p2a: Kyurem|spe|1
|move|p2a: Kyurem|Dragon Dance|p2a: Kyurem
|-boost|p2a: Kyurem|atk|1
|-boost|p2a: Kyurem|spe|1
|
|-heal|p1a: Percussion|61/100|[from] Grassy Terrain
|-heal|p2a: Kyurem|82/100|[from] Grassy Terrain
|upkeep
|turn|29
|
|t:|1760379880
|move|p1a: Percussion|Drum Beating|p2a: Kyurem
|-resisted|p2a: Kyurem
|-damage|p2a: Kyurem|58/100
|-unboost|p2a: Kyurem|spe|1
|move|p2a: Kyurem|Dragon Dance|p2a: Kyurem
|-boost|p2a: Kyurem|atk|1
|-boost|p2a: Kyurem|spe|1
|
|-heal|p1a: Percussion|68/100|[from] Grassy Terrain
|-heal|p2a: Kyurem|64/100|[from] Grassy Terrain
|-fieldend|move: Grassy Terrain
|upkeep
|turn|30
|
|t:|1760379885
|move|p1a: Percussion|Drum Beating|p2a: Kyurem
|-resisted|p2a: Kyurem
|-damage|p2a: Kyurem|45/100
|-unboost|p2a: Kyurem|spe|1
|move|p2a: Kyurem|Scale Shot|p1a: Percussion
|-damage|p1a: Percussion|33/100
|-damage|p1a: Percussion|1/100
|-damage|p1a: Percussion|0 fnt
|faint|p1a: Percussion
|-hitcount|p1: Percussion|3
|-unboost|p2a: Kyurem|def|1
|-boost|p2a: Kyurem|spe|1
|
|upkeep
|
|t:|1760379900
|switch|p1a: Axel|Blaziken, M, shiny|88/100
|turn|31
|
|t:|1760379906
|switch|p2a: Ting-Lu|Ting-Lu|100/100 slp
|-ability|p2a: Ting-Lu|Vessel of Ruin
|move|p1a: Axel|Aura Sphere|p2a: Ting-Lu
|-supereffective|p2a: Ting-Lu
|-damage|p2a: Ting-Lu|72/100 slp
|
|-heal|p1a: Axel|94/100|[from] item: Leftovers
|-heal|p2a: Ting-Lu|78/100 slp|[from] item: Leftovers
|-ability|p1a: Axel|Speed Boost|boost
|-boost|p1a: Axel|spe|1
|upkeep
|turn|32
|
|t:|1760379910
|switch|p1a: Harlequin|Quaquaval, F, shiny|100/100
|cant|p2a: Ting-Lu|slp
|move|p2a: Ting-Lu|Sleep Talk|p2a: Ting-Lu
|move|p2a: Ting-Lu|Earthquake|p1a: Harlequin|[from] move: Sleep Talk
|-damage|p1a: Harlequin|53/100
|
|-heal|p1a: Harlequin|59/100|[from] item: Leftovers
|-heal|p2a: Ting-Lu|85/100 slp|[from] item: Leftovers
|upkeep
|turn|33
|
|t:|1760379927
|-terastallize|p2a: Ting-Lu|Poison
|move|p1a: Harlequin|Aqua Step|p2a: Ting-Lu
|-damage|p2a: Ting-Lu|64/100 slp
|-boost|p1a: Harlequin|spe|1
|-curestatus|p2a: Ting-Lu|slp|[msg]
|move|p2a: Ting-Lu|Sleep Talk||[still]
|-fail|p2a: Ting-Lu
|
|-heal|p1a: Harlequin|65/100|[from] item: Leftovers
|-heal|p2a: Ting-Lu|70/100|[from] item: Leftovers
|upkeep
|turn|34
|
|t:|1760379934
|switch|p1a: Sir Aaron|Corviknight, F, shiny|83/100
|-ability|p1a: Sir Aaron|Pressure
|move|p2a: Ting-Lu|Earthquake|p1a: Sir Aaron
|-immune|p1a: Sir Aaron
|
|-heal|p1a: Sir Aaron|89/100|[from] item: Leftovers
|-heal|p2a: Ting-Lu|76/100|[from] item: Leftovers
|upkeep
|turn|35
|
|t:|1760379939
|switch|p2a: Slowking|Slowking-Galar, M|55/100
|move|p1a: Sir Aaron|Bulk Up|p1a: Sir Aaron
|-boost|p1a: Sir Aaron|atk|1
|-boost|p1a: Sir Aaron|def|1
|
|-heal|p1a: Sir Aaron|96/100|[from] item: Leftovers
|upkeep
|turn|36
|
|t:|1760379950
|move|p1a: Sir Aaron|Iron Head|p2a: Slowking
|-damage|p2a: Slowking|27/100
|-prepare|p2a: Slowking|Chilly Reception|[premajor]
|move|p2a: Slowking|Chilly Reception|p2a: Slowking
|-weather|Snowscape
|
|t:|1760379952
|switch|p2a: Corviknight|Corviknight, M|66/100|[from] Chilly Reception
|-ability|p2a: Corviknight|Pressure
|
|-weather|Snowscape|[upkeep]
|-heal|p1a: Sir Aaron|100/100|[from] item: Leftovers
|upkeep
|turn|37
|
|t:|1760379955
|move|p1a: Sir Aaron|Bulk Up|p1a: Sir Aaron
|-boost|p1a: Sir Aaron|atk|1
|-boost|p1a: Sir Aaron|def|1
|move|p2a: Corviknight|Iron Defense|p2a: Corviknight
|-boost|p2a: Corviknight|def|2
|
|-weather|Snowscape|[upkeep]
|upkeep
|turn|38
|
|t:|1760379958
|move|p2a: Corviknight|Iron Defense|p2a: Corviknight
|-boost|p2a: Corviknight|def|2
|move|p1a: Sir Aaron|Iron Head|p2a: Corviknight
|-resisted|p2a: Corviknight
|-damage|p2a: Corviknight|61/100
|
|-weather|Snowscape|[upkeep]
|upkeep
|turn|39
|
|t:|1760379960
|move|p2a: Corviknight|Iron Defense|p2a: Corviknight
|-boost|p2a: Corviknight|def|2
|move|p1a: Sir Aaron|Bulk Up|p1a: Sir Aaron
|-boost|p1a: Sir Aaron|atk|1
|-boost|p1a: Sir Aaron|def|1
|
|-weather|Snowscape|[upkeep]
|upkeep
|turn|40
|
|t:|1760379964
|move|p1a: Sir Aaron|Bulk Up|p1a: Sir Aaron
|-boost|p1a: Sir Aaron|atk|1
|-boost|p1a: Sir Aaron|def|1
|move|p2a: Corviknight|Roost|p2a: Corviknight
|-heal|p2a: Corviknight|100/100
|-singleturn|p2a: Corviknight|move: Roost
|
|-weather|none
|upkeep
|turn|41
|
|t:|1760379967
|move|p1a: Sir Aaron|Bulk Up|p1a: Sir Aaron
|-boost|p1a: Sir Aaron|atk|1
|-boost|p1a: Sir Aaron|def|1
|move|p2a: Corviknight|Body Press|p1a: Sir Aaron
|-damage|p1a: Sir Aaron|76/100
|
|-heal|p1a: Sir Aaron|83/100|[from] item: Leftovers
|upkeep
|turn|42
|
|t:|1760379970
|move|p2a: Corviknight|Body Press|p1a: Sir Aaron
|-damage|p1a: Sir Aaron|62/100
|move|p1a: Sir Aaron|Bulk Up|p1a: Sir Aaron
|-boost|p1a: Sir Aaron|atk|1
|-boost|p1a: Sir Aaron|def|1
|
|-heal|p1a: Sir Aaron|69/100|[from] item: Leftovers
|upkeep
|turn|43
|
|t:|1760379974
|move|p2a: Corviknight|Body Press|p1a: Sir Aaron
|-damage|p1a: Sir Aaron|48/100
|move|p1a: Sir Aaron|Iron Head|p2a: Corviknight
|-resisted|p2a: Corviknight
|-damage|p2a: Corviknight|93/100
|
|-heal|p1a: Sir Aaron|55/100|[from] item: Leftovers
|upkeep
|turn|44
|
|t:|1760379979
|move|p1a: Sir Aaron|Roost|p1a: Sir Aaron
|-heal|p1a: Sir Aaron|100/100
|-singleturn|p1a: Sir Aaron|move: Roost
|move|p2a: Corviknight|Defog|p1a: Sir Aaron
|-unboost|p1a: Sir Aaron|evasion|1
|
|upkeep
|turn|45
|
|t:|1760379984
|move|p2a: Corviknight|Defog|p1a: Sir Aaron
|-unboost|p1a: Sir Aaron|evasion|1
|move|p1a: Sir Aaron|Bulk Up|p1a: Sir Aaron
|-boost|p1a: Sir Aaron|atk|0
|-boost|p1a: Sir Aaron|def|0
|
|upkeep
|turn|46
|
|t:|1760379990
|move|p2a: Corviknight|Iron Defense|p2a: Corviknight
|-boost|p2a: Corviknight|def|0
|move|p1a: Sir Aaron|Bulk Up|p1a: Sir Aaron
|-boost|p1a: Sir Aaron|atk|0
|-boost|p1a: Sir Aaron|def|0
|
|upkeep
|turn|47
|
|t:|1760379993
|move|p1a: Sir Aaron|Bulk Up|p1a: Sir Aaron
|-boost|p1a: Sir Aaron|atk|0
|-boost|p1a: Sir Aaron|def|0
|move|p2a: Corviknight|Iron Defense|p2a: Corviknight
|-boost|p2a: Corviknight|def|0
|
|upkeep
|turn|48
|
|t:|1760379997
|move|p2a: Corviknight|Iron Defense|p2a: Corviknight
|-boost|p2a: Corviknight|def|0
|move|p1a: Sir Aaron|Defog|p2a: Corviknight
|-unboost|p2a: Corviknight|evasion|1
|
|upkeep
|turn|49
|
|t:|1760380003
|move|p2a: Corviknight|Iron Defense|p2a: Corviknight
|-boost|p2a: Corviknight|def|0
|move|p1a: Sir Aaron|Defog|p2a: Corviknight
|-unboost|p2a: Corviknight|evasion|1
|
|upkeep
|turn|50
|
|t:|1760380013
|move|p2a: Corviknight|Iron Defense|p2a: Corviknight
|-boost|p2a: Corviknight|def|0
|move|p1a: Sir Aaron|Bulk Up|p1a: Sir Aaron
|-boost|p1a: Sir Aaron|atk|0
|-boost|p1a: Sir Aaron|def|0
|
|upkeep
|turn|51
|
|t:|1760380019
|move|p2a: Corviknight|Iron Defense|p2a: Corviknight
|-boost|p2a: Corviknight|def|0
|move|p1a: Sir Aaron|Bulk Up|p1a: Sir Aaron
|-boost|p1a: Sir Aaron|atk|0
|-boost|p1a: Sir Aaron|def|0
|
|upkeep
|turn|52
|
|t:|1760380025
|move|p2a: Corviknight|Iron Defense|p2a: Corviknight
|-boost|p2a: Corviknight|def|0
|move|p1a: Sir Aaron|Defog|p2a: Corviknight
|-unboost|p2a: Corviknight|evasion|1
|
|upkeep
|turn|53
|
|t:|1760380034
|move|p1a: Sir Aaron|Bulk Up|p1a: Sir Aaron
|-boost|p1a: Sir Aaron|atk|0
|-boost|p1a: Sir Aaron|def|0
|move|p2a: Corviknight|Iron Defense|p2a: Corviknight
|-boost|p2a: Corviknight|def|0
|
|upkeep
|turn|54
|
|t:|1760380041
|move|p1a: Sir Aaron|Bulk Up|p1a: Sir Aaron
|-boost|p1a: Sir Aaron|atk|0
|-boost|p1a: Sir Aaron|def|0
|move|p2a: Corviknight|Iron Defense|p2a: Corviknight
|-boost|p2a: Corviknight|def|0
|
|upkeep
|turn|55
|
|t:|1760380049
|switch|p2a: Slowking|Slowking-Galar, M|60/100
|move|p1a: Sir Aaron|Bulk Up|p1a: Sir Aaron
|-boost|p1a: Sir Aaron|atk|0
|-boost|p1a: Sir Aaron|def|0
|
|upkeep
|turn|56
|
|t:|1760380052
|switch|p2a: Corviknight|Corviknight, M|93/100
|-ability|p2a: Corviknight|Pressure
|move|p1a: Sir Aaron|Iron Head|p2a: Corviknight
|-resisted|p2a: Corviknight
|-damage|p2a: Corviknight|66/100
|
|upkeep
|turn|57
|
|t:|1760380054
|move|p1a: Sir Aaron|Iron Head|p2a: Corviknight
|-resisted|p2a: Corviknight
|-damage|p2a: Corviknight|38/100
|move|p2a: Corviknight|Iron Defense|p2a: Corviknight
|-boost|p2a: Corviknight|def|2
|
|upkeep
|turn|58
|
|t:|1760380058
|move|p1a: Sir Aaron|Iron Head|p2a: Corviknight
|-resisted|p2a: Corviknight
|-damage|p2a: Corviknight|23/100
|cant|p2a: Corviknight|flinch
|
|upkeep
|turn|59
|
|t:|1760380062
|move|p1a: Sir Aaron|Iron Head|p2a: Corviknight
|-resisted|p2a: Corviknight
|-damage|p2a: Corviknight|9/100
|move|p2a: Corviknight|Iron Defense|p2a: Corviknight
|-boost|p2a: Corviknight|def|2
|
|upkeep
|turn|60
|
|t:|1760380067
|move|p2a: Corviknight|Roost|p2a: Corviknight
|-heal|p2a: Corviknight|59/100
|-singleturn|p2a: Corviknight|move: Roost
|move|p1a: Sir Aaron|Iron Head|p2a: Corviknight
|-resisted|p2a: Corviknight
|-damage|p2a: Corviknight|49/100
|
|upkeep
|turn|61
|
|t:|1760380071
|move|p1a: Sir Aaron|Bulk Up|p1a: Sir Aaron
|-boost|p1a: Sir Aaron|atk|0
|-boost|p1a: Sir Aaron|def|0
|move|p2a: Corviknight|Roost|p2a: Corviknight
|-heal|p2a: Corviknight|99/100
|-singleturn|p2a: Corviknight|move: Roost
|
|upkeep
|turn|62
|
|t:|1760380076
|move|p2a: Corviknight|Iron Defense|p2a: Corviknight
|-boost|p2a: Corviknight|def|2
|move|p1a: Sir Aaron|Bulk Up|p1a: Sir Aaron
|-boost|p1a: Sir Aaron|atk|0
|-boost|p1a: Sir Aaron|def|0
|
|upkeep
|turn|63
|
|t:|1760380082
|move|p1a: Sir Aaron|Bulk Up|p1a: Sir Aaron
|-boost|p1a: Sir Aaron|atk|0
|-boost|p1a: Sir Aaron|def|0
|move|p2a: Corviknight|Iron Defense|p2a: Corviknight
|-boost|p2a: Corviknight|def|0
|
|upkeep
|turn|64
|
|t:|1760380092
|move|p2a: Corviknight|Iron Defense|p2a: Corviknight
|-boost|p2a: Corviknight|def|0
|move|p1a: Sir Aaron|Defog|p2a: Corviknight
|-unboost|p2a: Corviknight|evasion|1
|
|upkeep
|turn|65
|
|t:|1760380097
|move|p2a: Corviknight|Defog|p1a: Sir Aaron
|-unboost|p1a: Sir Aaron|evasion|1
|move|p1a: Sir Aaron|Bulk Up|p1a: Sir Aaron
|-boost|p1a: Sir Aaron|atk|0
|-boost|p1a: Sir Aaron|def|0
|
|upkeep
|turn|66
|
|t:|1760380101
|move|p1a: Sir Aaron|Bulk Up|p1a: Sir Aaron
|-boost|p1a: Sir Aaron|atk|0
|-boost|p1a: Sir Aaron|def|0
|move|p2a: Corviknight|Defog|p1a: Sir Aaron
|-unboost|p1a: Sir Aaron|evasion|1
|
|upkeep
|turn|67
|
|t:|1760380107
|move|p2a: Corviknight|Defog|p1a: Sir Aaron
|-unboost|p1a: Sir Aaron|evasion|1
|move|p1a: Sir Aaron|Bulk Up|p1a: Sir Aaron
|-boost|p1a: Sir Aaron|atk|0
|-boost|p1a: Sir Aaron|def|0
|
|upkeep
|turn|68
|
|t:|1760380115
|move|p2a: Corviknight|Defog|p1a: Sir Aaron
|-unboost|p1a: Sir Aaron|evasion|1
|move|p1a: Sir Aaron|Defog|p2a: Corviknight
|-unboost|p2a: Corviknight|evasion|1
|
|upkeep
|turn|69
|
|t:|1760380122
|move|p2a: Corviknight|Defog||[still]
|-unboost|p1a: Sir Aaron|evasion|0
|-fail|p2a: Corviknight
|move|p1a: Sir Aaron|Defog|p2a: Corviknight
|-unboost|p2a: Corviknight|evasion|1
|
|upkeep
|turn|70
|
|t:|1760380132
|move|p1a: Sir Aaron|Defog|p2a: Corviknight
|-unboost|p2a: Corviknight|evasion|1
|move|p2a: Corviknight|Defog||[still]
|-unboost|p1a: Sir Aaron|evasion|0
|-fail|p2a: Corviknight
|
|upkeep
|turn|71
|
|t:|1760380140
|move|p1a: Sir Aaron|Bulk Up|p1a: Sir Aaron
|-boost|p1a: Sir Aaron|atk|0
|-boost|p1a: Sir Aaron|def|0
|move|p2a: Corviknight|Defog||[still]
|-unboost|p1a: Sir Aaron|evasion|0
|-fail|p2a: Corviknight
|
|upkeep
|turn|72
|
|t:|1760380145
|switch|p2a: Slowking|Slowking-Galar, M|93/100
|move|p1a: Sir Aaron|Bulk Up|p1a: Sir Aaron
|-boost|p1a: Sir Aaron|atk|0
|-boost|p1a: Sir Aaron|def|0
|
|upkeep
|turn|73
|
|t:|1760380149
|switch|p2a: Corviknight|Corviknight, M|99/100
|-ability|p2a: Corviknight|Pressure
|move|p1a: Sir Aaron|Iron Head|p2a: Corviknight
|-resisted|p2a: Corviknight
|-damage|p2a: Corviknight|71/100
|
|upkeep
|turn|74
|
|t:|1760380154
|move|p1a: Sir Aaron|Iron Head|p2a: Corviknight
|-resisted|p2a: Corviknight
|-damage|p2a: Corviknight|42/100
|move|p2a: Corviknight|Roost|p2a: Corviknight
|-heal|p2a: Corviknight|92/100
|-singleturn|p2a: Corviknight|move: Roost
|
|upkeep
|turn|75
|
|t:|1760380158
|move|p1a: Sir Aaron|Bulk Up|p1a: Sir Aaron
|-boost|p1a: Sir Aaron|atk|0
|-boost|p1a: Sir Aaron|def|0
|move|p2a: Corviknight|Iron Defense|p2a: Corviknight
|-boost|p2a: Corviknight|def|2
|
|upkeep
|turn|76
|
|t:|1760380165
|move|p1a: Sir Aaron|Defog|p2a: Corviknight
|-unboost|p2a: Corviknight|evasion|1
|move|p2a: Corviknight|Defog||[still]
|-unboost|p1a: Sir Aaron|evasion|0
|-fail|p2a: Corviknight
|
|upkeep
|turn|77
|
|t:|1760380176
|switch|p2a: Zamazenta|Zamazenta|20/100
|move|p1a: Sir Aaron|Bulk Up|p1a: Sir Aaron
|-boost|p1a: Sir Aaron|atk|0
|-boost|p1a: Sir Aaron|def|0
|
|upkeep
|turn|78
|
|t:|1760380184
|move|p2a: Zamazenta|Close Combat|p1a: Sir Aaron
|-damage|p1a: Sir Aaron|82/100
|-unboost|p2a: Zamazenta|def|1
|-unboost|p2a: Zamazenta|spd|1
|move|p1a: Sir Aaron|Defog|p2a: Zamazenta
|-unboost|p2a: Zamazenta|evasion|1
|
|-heal|p1a: Sir Aaron|89/100|[from] item: Leftovers
|upkeep
|turn|79
|
|t:|1760380189
|move|p2a: Zamazenta|Close Combat|p1a: Sir Aaron
|-damage|p1a: Sir Aaron|69/100
|-unboost|p2a: Zamazenta|def|1
|-unboost|p2a: Zamazenta|spd|1
|move|p1a: Sir Aaron|Defog|p2a: Zamazenta
|-unboost|p2a: Zamazenta|evasion|1
|
|-heal|p1a: Sir Aaron|75/100|[from] item: Leftovers
|upkeep
|turn|80
|
|t:|1760380193
|move|p2a: Zamazenta|Close Combat|p1a: Sir Aaron
|-damage|p1a: Sir Aaron|58/100
|-unboost|p2a: Zamazenta|def|1
|-unboost|p2a: Zamazenta|spd|1
|move|p1a: Sir Aaron|Iron Head|p2a: Zamazenta
|-damage|p2a: Zamazenta|0 fnt
|faint|p2a: Zamazenta
|
|-heal|p1a: Sir Aaron|64/100|[from] item: Leftovers
|upkeep
|
|t:|1760380200
|switch|p2a: Corviknight|Corviknight, M|92/100
|-ability|p2a: Corviknight|Pressure
|turn|81
|
|t:|1760380202
|move|p2a: Corviknight|Iron Defense|p2a: Corviknight
|-boost|p2a: Corviknight|def|2
|move|p1a: Sir Aaron|Roost|p1a: Sir Aaron
|-heal|p1a: Sir Aaron|100/100
|-singleturn|p1a: Sir Aaron|move: Roost
|
|upkeep
|turn|82
|
|t:|1760380211
|move|p1a: Sir Aaron|Bulk Up|p1a: Sir Aaron
|-boost|p1a: Sir Aaron|atk|0
|-boost|p1a: Sir Aaron|def|0
|move|p2a: Corviknight|Defog||[still]
|-unboost|p1a: Sir Aaron|evasion|0
|-fail|p2a: Corviknight
|
|upkeep
|turn|83
|
|t:|1760380219
|switch|p2a: Slowking|Slowking-Galar, M|100/100
|move|p1a: Sir Aaron|Defog|p2a: Slowking
|-unboost|p2a: Slowking|evasion|1
|
|upkeep
|turn|84
|
|t:|1760380222
|switch|p2a: Corviknight|Corviknight, M|92/100
|-ability|p2a: Corviknight|Pressure
|move|p1a: Sir Aaron|Bulk Up|p1a: Sir Aaron
|-boost|p1a: Sir Aaron|atk|0
|-boost|p1a: Sir Aaron|def|0
|
|upkeep
|turn|85
|
|t:|1760380230
|switch|p2a: Slowking|Slowking-Galar, M|100/100
|move|p1a: Sir Aaron|Bulk Up|p1a: Sir Aaron
|-boost|p1a: Sir Aaron|atk|0
|-boost|p1a: Sir Aaron|def|0
|
|upkeep
|turn|86
|
|t:|1760380241
|switch|p1a: Axel|Blaziken, M, shiny|94/100
|switch|p2a: Corviknight|Corviknight, M|92/100
|-ability|p2a: Corviknight|Pressure
|
|-heal|p1a: Axel|99/100|[from] item: Leftovers
|upkeep
|turn|87
|
|t:|1760380244
|switch|p2a: Ting-Lu|Ting-Lu, tera:Poison|76/100
|-ability|p2a: Ting-Lu|Vessel of Ruin
|move|p1a: Axel|Flamethrower|p2a: Ting-Lu
|-damage|p2a: Ting-Lu|58/100
|
|-heal|p1a: Axel|100/100|[from] item: Leftovers
|-heal|p2a: Ting-Lu|64/100|[from] item: Leftovers
|-ability|p1a: Axel|Speed Boost|boost
|-boost|p1a: Axel|spe|1
|upkeep
|turn|88
|
|t:|1760380251
|switch|p2a: Slowking|Slowking-Galar, M|100/100
|move|p1a: Axel|Protect||[still]
|-fail|p1a: Axel
|
|-ability|p1a: Axel|Speed Boost|boost
|-boost|p1a: Axel|spe|1
|upkeep
|turn|89
|
|t:|1760380258
|switch|p1a: Tachyon|Iron Crown|100/100
|-enditem|p1a: Tachyon|Booster Energy
|-activate|p1a: Tachyon|ability: Quark Drive|[fromitem]
|-start|p1a: Tachyon|quarkdrivespa
|move|p2a: Slowking|Future Sight|p1a: Tachyon
|-start|p2a: Slowking|move: Future Sight
|
|upkeep
|turn|90
|
|t:|1760380261
|move|p1a: Tachyon|Psychic Noise|p2a: Slowking
|-damage|p2a: Slowking|64/100
|-start|p2a: Slowking|move: Heal Block
|-prepare|p2a: Slowking|Chilly Reception|[premajor]
|move|p2a: Slowking|Chilly Reception|p2a: Slowking
|-weather|Snowscape
|inactive|SillyScallop has 120 seconds left.
|inactive|SillyScallop has 90 seconds left.
|
|t:|1760380329
|switch|p2a: Ting-Lu|Ting-Lu, tera:Poison|64/100|[from] Chilly Reception
|-ability|p2a: Ting-Lu|Vessel of Ruin
|
|-weather|Snowscape|[upkeep]
|-heal|p2a: Ting-Lu|71/100|[from] item: Leftovers
|upkeep
|turn|91
|
|t:|1760380332
|move|p1a: Tachyon|Psychic Noise|p2a: Ting-Lu
|-supereffective|p2a: Ting-Lu
|-damage|p2a: Ting-Lu|29/100
|-start|p2a: Ting-Lu|move: Heal Block
|move|p2a: Ting-Lu|Payback|p1a: Tachyon
|-supereffective|p1a: Tachyon
|-damage|p1a: Tachyon|20/100
|
|-weather|Snowscape|[upkeep]
|-end|p1a: Tachyon|move: Future Sight
|-resisted|p1a: Tachyon
|-damage|p1a: Tachyon|11/100
|upkeep
|turn|92
|
|t:|1760380342
|switch|p2a: Slowking|Slowking-Galar, M|98/100
|move|p1a: Tachyon|Psychic Noise|p2a: Slowking
|-damage|p2a: Slowking|62/100
|-start|p2a: Slowking|move: Heal Block
|
|-weather|Snowscape|[upkeep]
|upkeep
|turn|93
|
|t:|1760380351
|move|p1a: Tachyon|Volt Switch|p2a: Slowking
|-crit|p2a: Slowking
|-damage|p2a: Slowking|29/100
|
|t:|1760380354
|-end|p1a: Tachyon|Quark Drive|[silent]
|switch|p1a: Harlequin|Quaquaval, F, shiny|65/100|[from] Volt Switch
|move|p2a: Slowking|Future Sight|p1a: Harlequin
|-start|p2a: Slowking|move: Future Sight
|
|-weather|Snowscape|[upkeep]
|-heal|p1a: Harlequin|72/100|[from] item: Leftovers
|-end|p2a: Slowking|move: Heal Block
|upkeep
|turn|94
|
|t:|1760380359
|switch|p2a: Corviknight|Corviknight, M|92/100
|-ability|p2a: Corviknight|Pressure
|move|p1a: Harlequin|Knock Off|p2a: Corviknight
|-damage|p2a: Corviknight|80/100
|
|-weather|none
|-heal|p1a: Harlequin|78/100|[from] item: Leftovers
|upkeep
|turn|95
|
|t:|1760380366
|switch|p1a: Axel|Blaziken, M, shiny|100/100
|move|p2a: Corviknight|Iron Defense|p2a: Corviknight
|-boost|p2a: Corviknight|def|2
|
|-end|p1a: Axel|move: Future Sight
|-supereffective|p1a: Axel
|-damage|p1a: Axel|0 fnt
|faint|p1a: Axel
|upkeep
|
|t:|1760380372
|switch|p1a: Sir Aaron|Corviknight, F, shiny|100/100
|-ability|p1a: Sir Aaron|Pressure
|turn|96
|
|t:|1760380377
|move|p2a: Corviknight|Body Press|p1a: Sir Aaron
|-damage|p1a: Sir Aaron|65/100
|move|p1a: Sir Aaron|Bulk Up|p1a: Sir Aaron
|-boost|p1a: Sir Aaron|atk|1
|-boost|p1a: Sir Aaron|def|1
|
|-heal|p1a: Sir Aaron|71/100|[from] item: Leftovers
|upkeep
|turn|97
|
|t:|1760380383
|switch|p2a: Slowking|Slowking-Galar, M|63/100
|move|p1a: Sir Aaron|Bulk Up|p1a: Sir Aaron
|-boost|p1a: Sir Aaron|atk|1
|-boost|p1a: Sir Aaron|def|1
|
|-heal|p1a: Sir Aaron|78/100|[from] item: Leftovers
|upkeep
|turn|98
|
|t:|1760380388
|move|p1a: Sir Aaron|Bulk Up|p1a: Sir Aaron
|-boost|p1a: Sir Aaron|atk|1
|-boost|p1a: Sir Aaron|def|1
|-prepare|p2a: Slowking|Chilly Reception|[premajor]
|move|p2a: Slowking|Chilly Reception|p2a: Slowking
|-weather|Snowscape
|
|t:|1760380391
|switch|p2a: Corviknight|Corviknight, M|80/100|[from] Chilly Reception
|-ability|p2a: Corviknight|Pressure
|
|-weather|Snowscape|[upkeep]
|-heal|p1a: Sir Aaron|84/100|[from] item: Leftovers
|upkeep
|turn|99
|
|t:|1760380395
|move|p1a: Sir Aaron|Defog|p2a: Corviknight
|-unboost|p2a: Corviknight|evasion|1
|move|p2a: Corviknight|Iron Defense|p2a: Corviknight
|-boost|p2a: Corviknight|def|2
|
|-weather|Snowscape|[upkeep]
|-heal|p1a: Sir Aaron|90/100|[from] item: Leftovers
|upkeep
|turn|100
|
|t:|1760380402
|move|p1a: Sir Aaron|Bulk Up|p1a: Sir Aaron
|-boost|p1a: Sir Aaron|atk|1
|-boost|p1a: Sir Aaron|def|1
|move|p2a: Corviknight|Defog|p1a: Sir Aaron
|-unboost|p1a: Sir Aaron|evasion|1
|
|-weather|Snowscape|[upkeep]
|-heal|p1a: Sir Aaron|96/100|[from] item: Leftovers
|upkeep
|turn|101
|
|t:|1760380410
|move|p1a: Sir Aaron|Defog|p2a: Corviknight
|-unboost|p2a: Corviknight|evasion|1
|move|p2a: Corviknight|Roost|p2a: Corviknight
|-heal|p2a: Corviknight|100/100
|-singleturn|p2a: Corviknight|move: Roost
|
|-weather|Snowscape|[upkeep]
|-heal|p1a: Sir Aaron|100/100|[from] item: Leftovers
|upkeep
|turn|102
|
|t:|1760380418
|move|p1a: Sir Aaron|Defog|p2a: Corviknight
|-unboost|p2a: Corviknight|evasion|1
|move|p2a: Corviknight|Iron Defense|p2a: Corviknight
|-boost|p2a: Corviknight|def|2
|
|-weather|none
|upkeep
|turn|103
|
|t:|1760380424
|move|p1a: Sir Aaron|Roost||[still]
|-fail|p1a: Sir Aaron|heal
|move|p2a: Corviknight|Roost||[still]
|-fail|p2a: Corviknight|heal
|
|upkeep
|turn|104
|
|t:|1760380432
|switch|p2a: Slowking|Slowking-Galar, M|96/100
|move|p1a: Sir Aaron|Roost||[still]
|-fail|p1a: Sir Aaron|heal
|
|upkeep
|turn|105
|
|t:|1760380434
|switch|p2a: Corviknight|Corviknight, M|100/100
|-ability|p2a: Corviknight|Pressure
|move|p1a: Sir Aaron|Iron Head|p2a: Corviknight
|-resisted|p2a: Corviknight
|-damage|p2a: Corviknight|79/100
|
|upkeep
|turn|106
|
|t:|1760380444
|switch|p1a: Harlequin|Quaquaval, F, shiny|78/100
|move|p2a: Corviknight|Iron Defense|p2a: Corviknight
|-boost|p2a: Corviknight|def|2
|
|-heal|p1a: Harlequin|84/100|[from] item: Leftovers
|upkeep
|turn|107
|
|t:|1760380451
|switch|p1a: Sir Aaron|Corviknight, F, shiny|100/100
|-ability|p1a: Sir Aaron|Pressure
|move|p2a: Corviknight|Body Press|p1a: Sir Aaron
|-damage|p1a: Sir Aaron|65/100
|
|-heal|p1a: Sir Aaron|71/100|[from] item: Leftovers
|upkeep
|turn|108
|
|t:|1760380459
|switch|p2a: Slowking|Slowking-Galar, M|100/100
|move|p1a: Sir Aaron|Roost|p1a: Sir Aaron
|-heal|p1a: Sir Aaron|100/100
|-singleturn|p1a: Sir Aaron|move: Roost
|
|upkeep
|turn|109
|
|t:|1760380462
|move|p1a: Sir Aaron|Iron Head|p2a: Slowking
|-damage|p2a: Slowking|81/100
|move|p2a: Slowking|Future Sight|p1a: Sir Aaron
|-start|p2a: Slowking|move: Future Sight
|
|upkeep
|turn|110
|
|t:|1760380465
|move|p1a: Sir Aaron|Iron Head|p2a: Slowking
|-damage|p2a: Slowking|61/100
|-prepare|p2a: Slowking|Chilly Reception|[premajor]
|cant|p2a: Slowking|flinch
|
|upkeep
|turn|111
|
|t:|1760380468
|switch|p2a: Corviknight|Corviknight, M|79/100
|-ability|p2a: Corviknight|Pressure
|move|p1a: Sir Aaron|Roost||[still]
|-fail|p1a: Sir Aaron|heal
|
|-end|p1a: Sir Aaron|move: Future Sight
|-resisted|p1a: Sir Aaron
|-damage|p1a: Sir Aaron|82/100
|-heal|p1a: Sir Aaron|88/100|[from] item: Leftovers
|upkeep
|turn|112
|
|t:|1760380473
|move|p1a: Sir Aaron|Roost|p1a: Sir Aaron
|-heal|p1a: Sir Aaron|100/100
|-singleturn|p1a: Sir Aaron|move: Roost
|move|p2a: Corviknight|Roost|p2a: Corviknight
|-heal|p2a: Corviknight|100/100
|-singleturn|p2a: Corviknight|move: Roost
|
|upkeep
|turn|113
|
|t:|1760380480
|switch|p2a: Slowking|Slowking-Galar, M|95/100
|move|p1a: Sir Aaron|Roost||[still]
|-fail|p1a: Sir Aaron|heal
|
|upkeep
|turn|114
|
|t:|1760380486
|-activate|p1a: Sir Aaron|move: Struggle
|move|p1a: Sir Aaron|Struggle|p2a: Slowking
|-damage|p2a: Slowking|87/100
|-damage|p1a: Sir Aaron|75/100|[from] recoil
|move|p2a: Slowking|Future Sight|p1a: Sir Aaron
|-start|p2a: Slowking|move: Future Sight
|
|-heal|p1a: Sir Aaron|82/100|[from] item: Leftovers
|upkeep
|turn|115
|
|t:|1760380493
|-activate|p1a: Sir Aaron|move: Struggle
|move|p1a: Sir Aaron|Struggle|p2a: Slowking
|-damage|p2a: Slowking|79/100
|-damage|p1a: Sir Aaron|57/100|[from] recoil
|-prepare|p2a: Slowking|Chilly Reception|[premajor]
|move|p2a: Slowking|Chilly Reception|p2a: Slowking
|-weather|Snowscape
|
|t:|1760380496
|switch|p2a: Kyurem|Kyurem|45/100|[from] Chilly Reception
|-ability|p2a: Kyurem|Pressure
|
|-weather|Snowscape|[upkeep]
|-heal|p1a: Sir Aaron|63/100|[from] item: Leftovers
|upkeep
|turn|116
|
|t:|1760380498
|move|p2a: Kyurem|Dragon Dance|p2a: Kyurem
|-boost|p2a: Kyurem|atk|1
|-boost|p2a: Kyurem|spe|1
|-activate|p1a: Sir Aaron|move: Struggle
|move|p1a: Sir Aaron|Struggle|p2a: Kyurem
|-damage|p2a: Kyurem|38/100
|-damage|p1a: Sir Aaron|38/100|[from] recoil
|
|-weather|Snowscape|[upkeep]
|-end|p1a: Sir Aaron|move: Future Sight
|-resisted|p1a: Sir Aaron
|-damage|p1a: Sir Aaron|22/100
|-heal|p1a: Sir Aaron|28/100|[from] item: Leftovers
|upkeep
|turn|117
|
|t:|1760380504
|move|p2a: Kyurem|Icicle Spear|p1a: Sir Aaron
|-damage|p1a: Sir Aaron|13/100
|-damage|p1a: Sir Aaron|0 fnt
|faint|p1a: Sir Aaron
|-hitcount|p1: Sir Aaron|2
|
|-weather|Snowscape|[upkeep]
|upkeep
|
|t:|1760380508
|switch|p1a: Harlequin|Quaquaval, F, shiny|84/100
|turn|118
|
|t:|1760380511
|move|p2a: Kyurem|Scale Shot|p1a: Harlequin
|-damage|p1a: Harlequin|56/100
|-damage|p1a: Harlequin|27/100
|-damage|p1a: Harlequin|0 fnt
|faint|p1a: Harlequin
|-hitcount|p1: Harlequin|3
|-unboost|p2a: Kyurem|def|1
|-boost|p2a: Kyurem|spe|1
|
|-weather|Snowscape|[upkeep]
|upkeep
|
|t:|1760380513
|switch|p1a: Tachyon|Iron Crown|11/100
|turn|119
|
|t:|1760380515
|move|p2a: Kyurem|Icicle Spear|p1a: Tachyon
|-resisted|p1a: Tachyon
|-damage|p1a: Tachyon|0 fnt
|faint|p1a: Tachyon
|-end|p1a: Tachyon|Quark Drive|[silent]
|-hitcount|p1: Tachyon|1
|
|win|SillyScallop
|raw|Ao_Blue_Poison's rating: 1477 &rarr; <strong>1456</strong><br />(-21 for losing)
|raw|SillyScallop's rating: 1465 &rarr; <strong>1486</strong><br />(+21 for winning)
