|j|‽gguestie
|j|☆torvik en place
|t:|1760348039
|gametype|singles
|player|p1|gguestie|1|1634
|player|p2|torvik en place|gambler|1772
|gen|9
|tier|[Gen 9] OU
|rated|
|rule|HP Percentage Mod: HP is shown in percentages
|rule|Endless Battle Clause: Forcing endless battles is banned
|rule|Species Clause: Limit one of each Pokémon
|rule|OHKO Clause: OHKO moves are banned
|rule|Evasion Items Clause: Evasion items are banned
|rule|Evasion Moves Clause: Evasion moves are banned
|rule|Evasion Abilities Clause: Evasion abilities are banned
|rule|Sleep Moves Clause: Sleep-inducing moves are banned
|clearpoke
|poke|p1|Tyranitar, F|
|poke|p1|Dragapult, M|
|poke|p1|Kommo-o, M|
|poke|p1|Garchomp, M|
|poke|p1|Goodra-Hisui, F|
|poke|p1|Dragonite, F|
|poke|p2|Garchomp, F|
|poke|p2|Rillaboom, F|
|poke|p2|Iron Crown|
|poke|p2|Darkrai|
|poke|p2|Hatterene, F|
|poke|p2|Alomomola, F|
|teampreview
|l|☆torvik en place
|player|p2|
|inactive|Battle timer is ON: inactive players will automatically lose when time's up. (requested by gguestie)
|j|☆torvik en place
|inactive|torvik en place reconnected and has 150 seconds left.
|player|p2|torvik en place|gambler|
|
|t:|1760348114
|teamsize|p1|6
|teamsize|p2|6
|start
|switch|p1a: Dragapult|Dragapult, M|100/100
|switch|p2a: Hatterene|Hatterene, F|100/100
|turn|1
|
|t:|1760348120
|switch|p2a: Alomomola|Alomomola, F|100/100
|move|p1a: Dragapult|Light Screen|p1a: Dragapult
|-sidestart|p1: gguestie|move: Light Screen
|
|upkeep
|turn|2
|
|t:|1760348132
|move|p1a: Dragapult|Reflect|p1a: Dragapult
|-sidestart|p1: gguestie|Reflect
|move|p2a: Alomomola|Flip Turn|p1a: Dragapult
|-resisted|p1a: Dragapult
|-crit|p1a: Dragapult
|-damage|p1a: Dragapult|83/100
|
|t:|1760348155
|switch|p2a: Darkrai|Darkrai|100/100|[from] Flip Turn
|
|upkeep
|turn|3
|
|t:|1760348161
|move|p1a: Dragapult|U-turn|p2a: Darkrai
|-supereffective|p2a: Darkrai
|-damage|p2a: Darkrai|35/100
|
|t:|1760348165
|switch|p1a: Garchomp|Garchomp, M|100/100|[from] U-turn
|move|p2a: Darkrai|Will-O-Wisp|p1a: Garchomp
|-status|p1a: Garchomp|brn
|
|-heal|p2a: Darkrai|41/100|[from] item: Leftovers
|-damage|p1a: Garchomp|94/100 brn|[from] brn
|upkeep
|turn|4
|
|t:|1760348178
|switch|p2a: Hatterene|Hatterene, F|100/100
|move|p1a: Garchomp|Swords Dance|p1a: Garchomp
|-boost|p1a: Garchomp|atk|2
|
|-damage|p1a: Garchomp|88/100 brn|[from] brn
|upkeep
|turn|5
|
|t:|1760348192
|move|p1a: Garchomp|Swords Dance|p1a: Garchomp
|-boost|p1a: Garchomp|atk|2
|move|p2a: Hatterene|Draining Kiss|p1a: Garchomp
|-supereffective|p1a: Garchomp
|-damage|p1a: Garchomp|63/100 brn
|-damage|p2a: Hatterene|88/100|[from] ability: Rough Skin|[of] p1a: Garchomp
|-damage|p2a: Hatterene|72/100|[from] item: Rocky Helmet|[of] p1a: Garchomp
|
|-heal|p2a: Hatterene|78/100|[from] item: Leftovers
|-damage|p1a: Garchomp|57/100 brn|[from] brn
|upkeep
|turn|6
|
|t:|1760348204
|move|p1a: Garchomp|Earthquake|p2a: Hatterene
|-damage|p2a: Hatterene|15/100
|move|p2a: Hatterene|Draining Kiss|p1a: Garchomp
|-supereffective|p1a: Garchomp
|-damage|p1a: Garchomp|30/100 brn
|-heal|p2a: Hatterene|38/100|[from] drain|[of] p1a: Garchomp
|-damage|p2a: Hatterene|25/100|[from] ability: Rough Skin|[of] p1a: Garchomp
|-damage|p2a: Hatterene|9/100|[from] item: Rocky Helmet|[of] p1a: Garchomp
|
|-heal|p2a: Hatterene|15/100|[from] item: Leftovers
|-damage|p1a: Garchomp|24/100 brn|[from] brn
|upkeep
|turn|7
|j| Forever1507
|
|t:|1760348224
|switch|p2a: Rillaboom|Rillaboom, F|100/100
|-fieldstart|move: Grassy Terrain|[from] ability: Grassy Surge|[of] p2a: Rillaboom
|move|p1a: Garchomp|Outrage|p2a: Rillaboom
|-damage|p2a: Rillaboom|11/100
|
|-heal|p1a: Garchomp|30/100 brn|[from] Grassy Terrain
|-heal|p2a: Rillaboom|17/100|[from] Grassy Terrain
|-damage|p1a: Garchomp|24/100 brn|[from] brn
|upkeep
|turn|8
|
|t:|1760348235
|switch|p2a: Hatterene|Hatterene, F|15/100
|move|p1a: Garchomp|Outrage|p2a: Hatterene|[from] lockedmove
|-immune|p2a: Hatterene
|
|-heal|p1a: Garchomp|30/100 brn|[from] Grassy Terrain
|-heal|p2a: Hatterene|21/100|[from] Grassy Terrain
|-heal|p2a: Hatterene|27/100|[from] item: Leftovers
|-damage|p1a: Garchomp|24/100 brn|[from] brn
|-sideend|p1: gguestie|move: Light Screen
|upkeep
|turn|9
|
|t:|1760348245
|move|p1a: Garchomp|Earthquake|p2a: Hatterene
|-damage|p2a: Hatterene|0 fnt
|faint|p2a: Hatterene
|
|-heal|p1a: Garchomp|30/100 brn|[from] Grassy Terrain
|-damage|p1a: Garchomp|24/100 brn|[from] brn
|-sideend|p1: gguestie|Reflect
|upkeep
|
|t:|1760348250
|switch|p2a: Darkrai|Darkrai|41/100
|turn|10
|
|t:|1760348253
|switch|p1a: Tyranitar|Tyranitar, F|100/100
|-weather|Sandstorm|[from] ability: Sand Stream|[of] p1a: Tyranitar
|move|p2a: Darkrai|Ice Beam|p1a: Tyranitar
|-damage|p1a: Tyranitar|81/100
|
|-weather|Sandstorm|[upkeep]
|-damage|p2a: Darkrai|35/100|[from] Sandstorm
|-heal|p2a: Darkrai|41/100|[from] Grassy Terrain
|-heal|p2a: Darkrai|47/100|[from] item: Leftovers
|-heal|p1a: Tyranitar|88/100|[from] Grassy Terrain
|-heal|p1a: Tyranitar|94/100|[from] item: Leftovers
|upkeep
|turn|11
|
|t:|1760348256
|switch|p1a: Dragapult|Dragapult, M|83/100
|move|p2a: Darkrai|Will-O-Wisp|p1a: Dragapult
|-status|p1a: Dragapult|brn
|
|-weather|Sandstorm|[upkeep]
|-damage|p1a: Dragapult|77/100 brn|[from] Sandstorm
|-damage|p2a: Darkrai|41/100|[from] Sandstorm
|-heal|p1a: Dragapult|83/100 brn|[from] Grassy Terrain
|-heal|p2a: Darkrai|47/100|[from] Grassy Terrain
|-heal|p2a: Darkrai|53/100|[from] item: Leftovers
|-damage|p1a: Dragapult|77/100 brn|[from] brn
|-fieldend|move: Grassy Terrain
|upkeep
|turn|12
|
|t:|1760348261
|move|p1a: Dragapult|Light Screen|p1a: Dragapult
|-sidestart|p1: gguestie|move: Light Screen
|move|p2a: Darkrai|Nasty Plot|p2a: Darkrai
|-boost|p2a: Darkrai|spa|2
|
|-weather|Sandstorm|[upkeep]
|-damage|p1a: Dragapult|71/100 brn|[from] Sandstorm
|-damage|p2a: Darkrai|47/100|[from] Sandstorm
|-heal|p2a: Darkrai|53/100|[from] item: Leftovers
|-damage|p1a: Dragapult|65/100 brn|[from] brn
|upkeep
|turn|13
|
|t:|1760348266
|move|p1a: Dragapult|U-turn|p2a: Darkrai
|-supereffective|p2a: Darkrai
|-damage|p2a: Darkrai|24/100
|
|t:|1760348267
|switch|p1a: Garchomp|Garchomp, M|24/100 brn|[from] U-turn
|move|p2a: Darkrai|Dark Pulse|p1a: Garchomp
|-damage|p1a: Garchomp|0 fnt
|faint|p1a: Garchomp
|
|-weather|Sandstorm|[upkeep]
|-damage|p2a: Darkrai|18/100|[from] Sandstorm
|-heal|p2a: Darkrai|24/100|[from] item: Leftovers
|upkeep
|
|t:|1760348268
|switch|p1a: Dragapult|Dragapult, M|65/100 brn
|turn|14
|
|t:|1760348294
|switch|p2a: Alomomola|Alomomola, F|100/100
|move|p1a: Dragapult|Reflect|p1a: Dragapult
|-sidestart|p1: gguestie|Reflect
|
|-weather|none
|-damage|p1a: Dragapult|59/100 brn|[from] brn
|upkeep
|turn|15
|
|t:|1760348299
|switch|p1a: Kommo-o|Kommo-o, M|100/100
|move|p2a: Alomomola|Flip Turn|p1a: Kommo-o
|-resisted|p1a: Kommo-o
|-damage|p1a: Kommo-o|97/100
|
|t:|1760348309
|switch|p2a: Darkrai|Darkrai|24/100|[from] Flip Turn
|
|-heal|p2a: Darkrai|30/100|[from] item: Leftovers
|upkeep
|turn|16
|
|t:|1760348315
|-terastallize|p1a: Kommo-o|Fire
|move|p2a: Darkrai|Will-O-Wisp|p1a: Kommo-o
|-immune|p1a: Kommo-o
|move|p1a: Kommo-o|Clangorous Soul|p1a: Kommo-o
|-boost|p1a: Kommo-o|atk|1
|-boost|p1a: Kommo-o|def|1
|-boost|p1a: Kommo-o|spa|1
|-boost|p1a: Kommo-o|spd|1
|-boost|p1a: Kommo-o|spe|1
|-damage|p1a: Kommo-o|64/100
|-enditem|p1a: Kommo-o|Throat Spray
|-boost|p1a: Kommo-o|spa|1|[from] item: Throat Spray
|
|-heal|p2a: Darkrai|36/100|[from] item: Leftovers
|upkeep
|turn|17
|inactive|torvik en place has 120 seconds left.
|
|t:|1760348348
|switch|p2a: Alomomola|Alomomola, F|100/100
|move|p1a: Kommo-o|Focus Blast|p2a: Alomomola|[miss]
|-miss|p1a: Kommo-o|p2a: Alomomola
|
|upkeep
|turn|18
|
|t:|1760348356
|move|p1a: Kommo-o|Clangorous Soul|p1a: Kommo-o
|-boost|p1a: Kommo-o|atk|1
|-boost|p1a: Kommo-o|def|1
|-boost|p1a: Kommo-o|spa|1
|-boost|p1a: Kommo-o|spd|1
|-boost|p1a: Kommo-o|spe|1
|-damage|p1a: Kommo-o|31/100
|move|p2a: Alomomola|Flip Turn|p1a: Kommo-o
|-supereffective|p1a: Kommo-o
|-damage|p1a: Kommo-o|21/100
|inactive|torvik en place has 120 seconds left.
|
|t:|1760348384
|switch|p2a: Darkrai|Darkrai|36/100|[from] Flip Turn
|
|-heal|p2a: Darkrai|42/100|[from] item: Leftovers
|upkeep
|turn|19
|
|t:|1760348393
|switch|p2a: Alomomola|Alomomola, F|100/100
|move|p1a: Kommo-o|Focus Blast|p2a: Alomomola|[miss]
|-miss|p1a: Kommo-o|p2a: Alomomola
|
|-sideend|p1: gguestie|move: Light Screen
|upkeep
|turn|20
|inactive|torvik en place has 120 seconds left.
|
|t:|1760348402
|move|p1a: Kommo-o|Focus Blast|p2a: Alomomola
|-damage|p2a: Alomomola|40/100
|move|p2a: Alomomola|Flip Turn|p1a: Kommo-o
|-supereffective|p1a: Kommo-o
|-damage|p1a: Kommo-o|13/100
|inactive|torvik en place has 120 seconds left.
|
|t:|1760348413
|switch|p2a: Darkrai|Darkrai|42/100|[from] Flip Turn
|
|-heal|p2a: Darkrai|49/100|[from] item: Leftovers
|upkeep
|turn|21
|
|t:|1760348418
|switch|p2a: Alomomola|Alomomola, F|73/100
|move|p1a: Kommo-o|Flamethrower|p2a: Alomomola
|-resisted|p2a: Alomomola
|-damage|p2a: Alomomola|51/100
|
|-sideend|p1: gguestie|Reflect
|upkeep
|turn|22
|
|t:|1760348421
|move|p2a: Alomomola|Aqua Jet|p1a: Kommo-o
|-supereffective|p1a: Kommo-o
|-damage|p1a: Kommo-o|3/100
|move|p1a: Kommo-o|Draco Meteor|p2a: Alomomola
|-damage|p2a: Alomomola|0 fnt
|-unboost|p1a: Kommo-o|spa|2
|faint|p2a: Alomomola
|
|upkeep
|
|t:|1760348429
|switch|p2a: Rillaboom|Rillaboom, F|17/100
|-fieldstart|move: Grassy Terrain|[from] ability: Grassy Surge|[of] p2a: Rillaboom
|turn|23
|
|t:|1760348432
|switch|p1a: Goodra|Goodra-Hisui, F|100/100
|move|p2a: Rillaboom|Grassy Glide|p1a: Goodra
|-resisted|p1a: Goodra
|-damage|p1a: Goodra|87/100
|-damage|p2a: Rillaboom|0 fnt|[from] item: Rocky Helmet|[of] p1a: Goodra
|-ability|p1a: Goodra|Gooey
|faint|p2a: Rillaboom
|
|-heal|p1a: Goodra|93/100|[from] Grassy Terrain
|upkeep
|
|t:|1760348439
|switch|p2a: Iron Crown|Iron Crown|100/100
|turn|24
|
|t:|1760348441
|switch|p1a: Kommo-o|Kommo-o, M, tera:Fire|3/100
|move|p2a: Iron Crown|Focus Blast|p1a: Kommo-o
|-immune|p1a: Kommo-o|[from] ability: Bulletproof
|
|-heal|p1a: Kommo-o|9/100|[from] Grassy Terrain
|upkeep
|turn|25
|inactive|torvik en place has 120 seconds left.
|
|t:|1760348487
|-end|p2a: Iron Crown|Quark Drive|[silent]
|switch|p2a: Darkrai|Darkrai|49/100
|move|p1a: Kommo-o|Flamethrower|p2a: Darkrai
|-damage|p2a: Darkrai|0 fnt
|faint|p2a: Darkrai
|
|-heal|p1a: Kommo-o|15/100|[from] Grassy Terrain
|upkeep
|
|t:|1760348494
|switch|p2a: Iron Crown|Iron Crown|100/100
|turn|26
|
|t:|1760348498
|switch|p1a: Dragapult|Dragapult, M|59/100 brn
|move|p2a: Iron Crown|Tachyon Cutter|p1a: Dragapult
|-damage|p1a: Dragapult|7/100 brn
|-damage|p1a: Dragapult|0 fnt
|faint|p1a: Dragapult
|-hitcount|p1: Dragapult|2
|
|upkeep
|
|t:|1760348505
|switch|p1a: Goodra|Goodra-Hisui, F|93/100
|turn|27
|inactive|torvik en place has 120 seconds left.
|
|t:|1760348531
|-end|p2a: Iron Crown|Quark Drive|[silent]
|switch|p2a: Garchomp|Garchomp, F|100/100
|move|p1a: Goodra|Flamethrower|p2a: Garchomp
|-resisted|p2a: Garchomp
|-damage|p2a: Garchomp|89/100
|
|-heal|p2a: Garchomp|95/100|[from] Grassy Terrain
|-heal|p1a: Goodra|99/100|[from] Grassy Terrain
|-fieldend|move: Grassy Terrain
|upkeep
|turn|28
|
|t:|1760348540
|move|p2a: Garchomp|Spikes|p1a: Goodra
|-sidestart|p1: gguestie|Spikes
|move|p1a: Goodra|Knock Off|p2a: Garchomp
|-damage|p2a: Garchomp|81/100
|-damage|p1a: Goodra|87/100|[from] ability: Rough Skin|[of] p2a: Garchomp
|-damage|p1a: Goodra|71/100|[from] item: Rocky Helmet|[of] p2a: Garchomp
|-enditem|p2a: Garchomp|Rocky Helmet|[from] move: Knock Off|[of] p1a: Goodra
|
|upkeep
|turn|29
|
|t:|1760348544
|move|p2a: Garchomp|Earthquake|p1a: Goodra
|-supereffective|p1a: Goodra
|-damage|p1a: Goodra|6/100
|move|p1a: Goodra|Sludge Bomb|p2a: Garchomp
|-resisted|p2a: Garchomp
|-damage|p2a: Garchomp|67/100
|-status|p2a: Garchomp|psn
|
|-damage|p2a: Garchomp|55/100 psn|[from] psn
|upkeep
|turn|30
|
|t:|1760348552
|switch|p1a: Dragonite|Dragonite, F|100/100
|move|p2a: Garchomp|Stealth Rock|p1a: Dragonite
|-sidestart|p1: gguestie|move: Stealth Rock
|
|-damage|p2a: Garchomp|42/100 psn|[from] psn
|upkeep
|turn|31
|
|t:|1760348571
|switch|p1a: Kommo-o|Kommo-o, M, tera:Fire|15/100
|-damage|p1a: Kommo-o|3/100|[from] Spikes
|-damage|p1a: Kommo-o|0 fnt|[from] Stealth Rock
|faint|p1a: Kommo-o
|move|p2a: Garchomp|Dragon Tail|p1: Kommo-o|[notarget]
|-fail|p2a: Garchomp
|
|-damage|p2a: Garchomp|30/100 psn|[from] psn
|upkeep
|
|t:|1760348573
|switch|p1a: Dragonite|Dragonite, F|100/100
|turn|32
|
|t:|1760348575
|switch|p1a: Goodra|Goodra-Hisui, F|6/100
|-damage|p1a: Goodra|0 fnt|[from] Spikes
|faint|p1a: Goodra
|move|p2a: Garchomp|Dragon Tail|p1: Goodra|[notarget]
|-fail|p2a: Garchomp
|
|-damage|p2a: Garchomp|17/100 psn|[from] psn
|upkeep
|
|t:|1760348583
|switch|p1a: Tyranitar|Tyranitar, F|94/100
|-damage|p1a: Tyranitar|81/100|[from] Spikes
|-damage|p1a: Tyranitar|69/100|[from] Stealth Rock
|-weather|Sandstorm|[from] ability: Sand Stream|[of] p1a: Tyranitar
|turn|33
|
|t:|1760348586
|move|p2a: Garchomp|Earthquake|p1a: Tyranitar
|-supereffective|p1a: Tyranitar
|-damage|p1a: Tyranitar|10/100
|move|p1a: Tyranitar|Dragon Dance|p1a: Tyranitar
|-boost|p1a: Tyranitar|atk|1
|-boost|p1a: Tyranitar|spe|1
|
|-weather|Sandstorm|[upkeep]
|-heal|p1a: Tyranitar|16/100|[from] item: Leftovers
|-damage|p2a: Garchomp|5/100 psn|[from] psn
|upkeep
|turn|34
|
|t:|1760348596
|move|p1a: Tyranitar|Knock Off|p2a: Garchomp
|-damage|p2a: Garchomp|0 fnt
|-damage|p1a: Tyranitar|3/100|[from] ability: Rough Skin|[of] p2a: Garchomp
|faint|p2a: Garchomp
|
|-weather|Sandstorm|[upkeep]
|-heal|p1a: Tyranitar|10/100|[from] item: Leftovers
|upkeep
|
|t:|1760348598
|switch|p2a: Iron Crown|Iron Crown|100/100
|turn|35
|
|t:|1760348600
|move|p2a: Iron Crown|Tachyon Cutter|p1a: Tyranitar
|-supereffective|p1a: Tyranitar
|-damage|p1a: Tyranitar|0 fnt
|faint|p1a: Tyranitar
|-hitcount|p1: Tyranitar|1
|
|-weather|Sandstorm|[upkeep]
|upkeep
|
|t:|1760348602
|switch|p1a: Dragonite|Dragonite, F|100/100
|turn|36
|
|t:|1760348604
|-terastallize|p2a: Iron Crown|Steel
|move|p2a: Iron Crown|Tachyon Cutter|p1a: Dragonite
|-damage|p1a: Dragonite|74/100
|-damage|p1a: Dragonite|26/100
|-hitcount|p1a: Dragonite|2
|move|p1a: Dragonite|Dragon Dance|p1a: Dragonite
|-boost|p1a: Dragonite|atk|1
|-boost|p1a: Dragonite|spe|1
|
|-weather|Sandstorm|[upkeep]
|-damage|p1a: Dragonite|19/100|[from] Sandstorm
|upkeep
|turn|37
|
|t:|1760348612
|move|p1a: Dragonite|Low Kick|p2a: Iron Crown
|-supereffective|p2a: Iron Crown
|-damage|p2a: Iron Crown|0 fnt
|faint|p2a: Iron Crown
|-end|p2a: Iron Crown|Quark Drive|[silent]
|
|win|gguestie
|raw|gguestie's rating: 1634 &rarr; <strong>1662</strong><br />(+28 for winning)
|raw|torvik en place's rating: 1772 &rarr; <strong>1744</strong><br />(-28 for losing)
|l|‽gguestie
|player|p1|
|l|☆torvik en place
|player|p2|
|l| Forever1507
