|j|☆cr aries
|j|☆PrimeXStriker
|t:|1760342225
|gametype|singles
|player|p1|cr aries|101|1556
|player|p2|PrimeXStriker|marshal|1504
|gen|9
|tier|[Gen 9] OU
|rated|
|rule|HP Percentage Mod: HP is shown in percentages
|rule|Endless Battle Clause: Forcing endless battles is banned
|rule|Species Clause: Limit one of each Pokémon
|rule|OHKO Clause: OHKO moves are banned
|rule|Evasion Items Clause: Evasion items are banned
|rule|Evasion Moves Clause: Evasion moves are banned
|rule|Evasion Abilities Clause: Evasion abilities are banned
|rule|Sleep Moves Clause: Sleep-inducing moves are banned
|clearpoke
|poke|p1|Weavile, F|
|poke|p1|Gholdengo|
|poke|p1|Slowking-Galar, M|
|poke|p1|Corviknight, F|
|poke|p1|Sandy Shocks|
|poke|p1|Heatran, F|
|poke|p2|Zapdos-Galar|
|poke|p2|Rillaboom, M|
|poke|p2|Iron Jugulis|
|poke|p2|Primarina, F|
|poke|p2|Cinderace, F|
|poke|p2|Tyranitar, M|
|teampreview
|
|t:|1760342252
|teamsize|p1|6
|teamsize|p2|6
|start
|switch|p1a: Weavile|Weavile, F|100/100
|switch|p2a: Iron Jugulis|Iron Jugulis|100/100
|turn|1
|inactive|Battle timer is ON: inactive players will automatically lose when time's up. (requested by PrimeXStriker)
|
|t:|1760342292
|switch|p1a: Slowking|Slowking-Galar, M|100/100
|move|p2a: Iron Jugulis|U-turn|p1a: Slowking
|-damage|p1a: Slowking|87/100
|l|☆PrimeXStriker
|inactive|PrimeXStriker disconnected and has a minute to reconnect!
|player|p2|
|j|☆PrimeXStriker
|inactive|PrimeXStriker reconnected and has 135 seconds left.
|player|p2|PrimeXStriker|marshal|
|
|t:|1760342314
|-end|p2a: Iron Jugulis|Quark Drive|[silent]
|switch|p2a: Tyranitar|Tyranitar, M|100/100|[from] U-turn
|-weather|Sandstorm|[from] ability: Sand Stream|[of] p2a: Tyranitar
|
|-weather|Sandstorm|[upkeep]
|-damage|p1a: Slowking|81/100|[from] Sandstorm
|upkeep
|turn|2
|
|t:|1760342316
|switch|p1a: Corviknight|Corviknight, F|100/100
|-ability|p1a: Corviknight|Pressure
|move|p2a: Tyranitar|Knock Off|p1a: Corviknight
|-damage|p1a: Corviknight|76/100
|-damage|p2a: Tyranitar|84/100|[from] item: Rocky Helmet|[of] p1a: Corviknight
|-enditem|p1a: Corviknight|Rocky Helmet|[from] move: Knock Off|[of] p2a: Tyranitar
|
|-weather|Sandstorm|[upkeep]
|-heal|p2a: Tyranitar|90/100|[from] item: Leftovers
|upkeep
|turn|3
|
|t:|1760342324
|switch|p2a: Cinderace|Cinderace, F|100/100
|move|p1a: Corviknight|Roost|p1a: Corviknight
|-heal|p1a: Corviknight|100/100
|-singleturn|p1a: Corviknight|move: Roost
|
|-weather|Sandstorm|[upkeep]
|-damage|p2a: Cinderace|95/100|[from] Sandstorm
|upkeep
|turn|4
|j| BandedAI
|c| BandedAI|rare iron mug usage
|
|t:|1760342349
|switch|p1a: Heatran|Heatran, F|100/100
|move|p2a: Cinderace|Pyro Ball|p1a: Heatran
|-start|p1a: Heatran|ability: Flash Fire
|
|-weather|Sandstorm|[upkeep]
|-damage|p2a: Cinderace|89/100|[from] Sandstorm
|upkeep
|turn|5
|
|t:|1760342356
|move|p2a: Cinderace|U-turn|p1a: Heatran
|-start|p2a: Cinderace|typechange|Bug|[from] ability: Libero
|-resisted|p1a: Heatran
|-damage|p1a: Heatran|96/100
|
|t:|1760342360
|switch|p2a: Tyranitar|Tyranitar, M|90/100|[from] U-turn
|move|p1a: Heatran|Magma Storm|p2a: Tyranitar|[miss]
|-miss|p1a: Heatran|p2a: Tyranitar
|
|-weather|none
|-heal|p1a: Heatran|100/100|[from] item: Leftovers
|-heal|p2a: Tyranitar|96/100|[from] item: Leftovers
|upkeep
|turn|6
|
|t:|1760342365
|move|p1a: Heatran|Stealth Rock|p2a: Tyranitar
|-sidestart|p2: PrimeXStriker|move: Stealth Rock
|move|p2a: Tyranitar|Low Kick|p1a: Heatran
|-supereffective|p1a: Heatran
|-damage|p1a: Heatran|54/100
|
|-heal|p1a: Heatran|61/100|[from] item: Leftovers
|-heal|p2a: Tyranitar|100/100|[from] item: Leftovers
|upkeep
|turn|7
|
|t:|1760342375
|-end|p1a: Heatran|ability: Flash Fire|[silent]
|switch|p1a: Corviknight|Corviknight, F|100/100
|-ability|p1a: Corviknight|Pressure
|move|p2a: Tyranitar|Knock Off|p1a: Corviknight
|-damage|p1a: Corviknight|84/100
|
|upkeep
|turn|8
|
|t:|1760342379
|switch|p2a: Cinderace|Cinderace, F|89/100
|move|p1a: Corviknight|U-turn|p2a: Cinderace
|-resisted|p2a: Cinderace
|-damage|p2a: Cinderace|78/100
|
|t:|1760342389
|switch|p1a: Slowking|Slowking-Galar, M|100/100|[from] U-turn
|
|upkeep
|turn|9
|
|t:|1760342397
|move|p2a: Cinderace|Court Change|p2a: Cinderace
|-start|p2a: Cinderace|typechange|Normal|[from] ability: Libero
|-swapsideconditions
|-activate|p2a: Cinderace|move: Court Change
|move|p1a: Slowking|Toxic Spikes|p2a: Cinderace
|-sidestart|p2: PrimeXStriker|move: Toxic Spikes
|
|upkeep
|turn|10
|
|t:|1760342411
|move|p2a: Cinderace|Pyro Ball|p1a: Slowking
|-damage|p1a: Slowking|63/100
|move|p1a: Slowking|Sludge Bomb|p2a: Cinderace
|-damage|p2a: Cinderace|25/100
|-status|p2a: Cinderace|psn
|
|-damage|p2a: Cinderace|13/100 psn|[from] psn
|upkeep
|turn|11
|
|t:|1760342417
|switch|p1a: Heatran|Heatran, F|61/100
|-damage|p1a: Heatran|48/100|[from] Stealth Rock
|move|p2a: Cinderace|U-turn|p1a: Heatran
|-resisted|p1a: Heatran
|-damage|p1a: Heatran|45/100
|
|t:|1760342428
|switch|p2a: Zapdos|Zapdos-Galar|100/100|[from] U-turn
|
|-heal|p1a: Heatran|51/100|[from] item: Leftovers
|upkeep
|turn|12
|
|t:|1760342435
|move|p1a: Heatran|Protect|p1a: Heatran
|-singleturn|p1a: Heatran|Protect
|move|p2a: Zapdos|Knock Off|p1a: Heatran
|-activate|p1a: Heatran|move: Protect
|
|-heal|p1a: Heatran|57/100|[from] item: Leftovers
|upkeep
|turn|13
|
|t:|1760342440
|switch|p1a: Corviknight|Corviknight, F|84/100
|-damage|p1a: Corviknight|71/100|[from] Stealth Rock
|-ability|p1a: Corviknight|Pressure
|move|p2a: Zapdos|Knock Off|p1a: Corviknight
|-damage|p1a: Corviknight|52/100
|
|upkeep
|turn|14
|
|t:|1760342451
|switch|p2a: Cinderace|Cinderace, F|13/100 psn
|move|p1a: Corviknight|Roost|p1a: Corviknight
|-heal|p1a: Corviknight|100/100
|-singleturn|p1a: Corviknight|move: Roost
|
|-damage|p2a: Cinderace|1/100 psn|[from] psn
|upkeep
|turn|15
|
|t:|1760342466
|switch|p1a: Heatran|Heatran, F|57/100
|-damage|p1a: Heatran|45/100|[from] Stealth Rock
|move|p2a: Cinderace|U-turn|p1a: Heatran
|-start|p2a: Cinderace|typechange|Bug|[from] ability: Libero
|-resisted|p1a: Heatran
|-damage|p1a: Heatran|39/100
|l|☆PrimeXStriker
|inactive|PrimeXStriker disconnected and has a minute to reconnect!
|player|p2|
|j|☆PrimeXStriker
|inactive|PrimeXStriker reconnected and has 140 seconds left.
|player|p2|PrimeXStriker|marshal|
|
|t:|1760342494
|switch|p2a: Zapdos|Zapdos-Galar|100/100|[from] U-turn
|
|-heal|p1a: Heatran|46/100|[from] item: Leftovers
|upkeep
|turn|16
|
|t:|1760342499
|move|p1a: Heatran|Protect|p1a: Heatran
|-singleturn|p1a: Heatran|Protect
|move|p2a: Zapdos|Brave Bird|p1a: Heatran
|-activate|p1a: Heatran|move: Protect
|
|-heal|p1a: Heatran|52/100|[from] item: Leftovers
|upkeep
|turn|17
|
|t:|1760342504
|move|p2a: Zapdos|Brave Bird|p1a: Heatran
|-resisted|p1a: Heatran
|-damage|p1a: Heatran|25/100
|-damage|p2a: Zapdos|90/100|[from] Recoil
|move|p1a: Heatran|Magma Storm|p2a: Zapdos|[miss]
|-miss|p1a: Heatran|p2a: Zapdos
|
|-heal|p1a: Heatran|31/100|[from] item: Leftovers
|upkeep
|turn|18
|
|t:|1760342514
|switch|p2a: Iron Jugulis|Iron Jugulis|100/100
|move|p1a: Heatran|Protect||[still]
|-fail|p1a: Heatran
|
|-heal|p1a: Heatran|37/100|[from] item: Leftovers
|upkeep
|turn|19
|
|t:|1760342518
|move|p1a: Heatran|Protect|p1a: Heatran
|-singleturn|p1a: Heatran|Protect
|move|p2a: Iron Jugulis|Dark Pulse|p1a: Heatran
|-activate|p1a: Heatran|move: Protect
|
|-heal|p1a: Heatran|43/100|[from] item: Leftovers
|upkeep
|turn|20
|
|t:|1760342522
|switch|p1a: Weavile|Weavile, F|100/100
|move|p2a: Iron Jugulis|Dark Pulse|p1a: Weavile
|-resisted|p1a: Weavile
|-damage|p1a: Weavile|73/100
|
|upkeep
|turn|21
|
|t:|1760342530
|-end|p2a: Iron Jugulis|Quark Drive|[silent]
|switch|p2a: Primarina|Primarina, F|100/100
|-status|p2a: Primarina|psn
|move|p1a: Weavile|Knock Off|p2a: Primarina
|-resisted|p2a: Primarina
|-damage|p2a: Primarina|82/100 psn
|-enditem|p2a: Primarina|Leftovers|[from] move: Knock Off|[of] p1a: Weavile
|
|-damage|p2a: Primarina|70/100 psn|[from] psn
|upkeep
|turn|22
|
|t:|1760342539
|switch|p1a: Slowking|Slowking-Galar, M|97/100
|move|p2a: Primarina|Psychic Noise|p1a: Slowking
|-damage|p1a: Slowking|78/100
|-start|p1a: Slowking|move: Heal Block
|
|-damage|p2a: Primarina|58/100 psn|[from] psn
|upkeep
|turn|23
|
|t:|1760342547
|switch|p2a: Tyranitar|Tyranitar, M|100/100
|-status|p2a: Tyranitar|psn
|-weather|Sandstorm|[from] ability: Sand Stream|[of] p2a: Tyranitar
|-prepare|p1a: Slowking|Chilly Reception|[premajor]
|move|p1a: Slowking|Chilly Reception|p1a: Slowking
|-weather|Snowscape
|
|t:|1760342566
|switch|p1a: Heatran|Heatran, F|43/100|[from] Chilly Reception
|-damage|p1a: Heatran|31/100|[from] Stealth Rock
|
|-weather|Snowscape|[upkeep]
|-heal|p1a: Heatran|37/100|[from] item: Leftovers
|-damage|p2a: Tyranitar|88/100 psn|[from] psn
|upkeep
|turn|24
|
|t:|1760342575
|move|p1a: Heatran|Stealth Rock|p2a: Tyranitar
|-sidestart|p2: PrimeXStriker|move: Stealth Rock
|move|p2a: Tyranitar|Low Kick|p1a: Heatran
|-supereffective|p1a: Heatran
|-damage|p1a: Heatran|0 fnt
|faint|p1a: Heatran
|
|-weather|Snowscape|[upkeep]
|-heal|p2a: Tyranitar|94/100 psn|[from] item: Leftovers
|-damage|p2a: Tyranitar|82/100 psn|[from] psn
|upkeep
|
|t:|1760342583
|switch|p1a: Corviknight|Corviknight, F|100/100
|-damage|p1a: Corviknight|88/100|[from] Stealth Rock
|-ability|p1a: Corviknight|Pressure
|turn|25
|
|t:|1760342593
|move|p1a: Corviknight|U-turn|p2a: Tyranitar
|-supereffective|p2a: Tyranitar
|-damage|p2a: Tyranitar|59/100 psn
|
|t:|1760342606
|switch|p1a: Gholdengo|Gholdengo|100/100|[from] U-turn
|-damage|p1a: Gholdengo|94/100|[from] Stealth Rock
|move|p2a: Tyranitar|Ice Beam|p1a: Gholdengo
|-resisted|p1a: Gholdengo
|-damage|p1a: Gholdengo|84/100
|
|-weather|Snowscape|[upkeep]
|-heal|p2a: Tyranitar|65/100 psn|[from] item: Leftovers
|-damage|p2a: Tyranitar|52/100 psn|[from] psn
|upkeep
|turn|26
|
|t:|1760342628
|-terastallize|p1a: Gholdengo|Fighting
|move|p1a: Gholdengo|Tera Blast|p2a: Tyranitar|[anim] Tera Blast Fighting
|-supereffective|p2a: Tyranitar
|-damage|p2a: Tyranitar|0 fnt
|faint|p2a: Tyranitar
|
|-weather|Snowscape|[upkeep]
|upkeep
|
|t:|1760342634
|switch|p2a: Zapdos|Zapdos-Galar|90/100
|-damage|p2a: Zapdos|77/100|[from] Stealth Rock
|turn|27
|
|t:|1760342639
|switch|p1a: Corviknight|Corviknight, F|88/100
|-damage|p1a: Corviknight|76/100|[from] Stealth Rock
|-ability|p1a: Corviknight|Pressure
|move|p2a: Zapdos|Close Combat|p1a: Corviknight
|-damage|p1a: Corviknight|23/100
|-unboost|p2a: Zapdos|def|1
|-unboost|p2a: Zapdos|spd|1
|
|-weather|none
|upkeep
|turn|28
|
|t:|1760342643
|move|p2a: Zapdos|Close Combat|p1a: Corviknight
|-damage|p1a: Corviknight|0 fnt
|-unboost|p2a: Zapdos|def|1
|-unboost|p2a: Zapdos|spd|1
|faint|p1a: Corviknight
|
|upkeep
|
|t:|1760342646
|switch|p1a: Weavile|Weavile, F|73/100
|turn|29
|
|t:|1760342660
|switch|p2a: Primarina|Primarina, F|58/100 psn
|-damage|p2a: Primarina|45/100 psn|[from] Stealth Rock
|move|p1a: Weavile|Triple Axel|p2a: Primarina
|-resisted|p2a: Primarina
|-damage|p2a: Primarina|41/100 psn
|-resisted|p2a: Primarina
|-damage|p2a: Primarina|32/100 psn
|-resisted|p2a: Primarina
|-damage|p2a: Primarina|21/100 psn
|-hitcount|p2a: Primarina|3
|
|-damage|p2a: Primarina|8/100 psn|[from] psn
|upkeep
|turn|30
|
|t:|1760342663
|move|p1a: Weavile|Knock Off|p2a: Primarina
|-resisted|p2a: Primarina
|-damage|p2a: Primarina|0 fnt
|faint|p2a: Primarina
|
|upkeep
|
|t:|1760342676
|switch|p2a: Iron Jugulis|Iron Jugulis|100/100
|-damage|p2a: Iron Jugulis|76/100|[from] Stealth Rock
|turn|31
|
|t:|1760342682
|switch|p1a: Slowking|Slowking-Galar, M|100/100
|move|p2a: Iron Jugulis|U-turn|p1a: Slowking
|-damage|p1a: Slowking|89/100
|
|t:|1760342686
|-end|p2a: Iron Jugulis|Quark Drive|[silent]
|switch|p2a: Zapdos|Zapdos-Galar|77/100|[from] U-turn
|-damage|p2a: Zapdos|65/100|[from] Stealth Rock
|
|upkeep
|turn|32
|
|t:|1760342692
|move|p2a: Zapdos|Knock Off|p1a: Slowking
|-supereffective|p1a: Slowking
|-damage|p1a: Slowking|0 fnt
|-enditem|p1a: Slowking|Heavy-Duty Boots|[from] move: Knock Off|[of] p2a: Zapdos
|faint|p1a: Slowking
|
|upkeep
|
|t:|1760342695
|switch|p1a: Gholdengo|Gholdengo, tera:Fighting|84/100
|-damage|p1a: Gholdengo|78/100|[from] Stealth Rock
|turn|33
|inactive|cr aries has 120 seconds left.
|
|t:|1760342737
|switch|p2a: Cinderace|Cinderace, F|1/100 psn
|move|p1a: Gholdengo|Shadow Ball|p2a: Cinderace
|-damage|p2a: Cinderace|0 fnt
|faint|p2a: Cinderace
|
|upkeep
|
|t:|1760342743
|switch|p2a: Zapdos|Zapdos-Galar|65/100
|-damage|p2a: Zapdos|52/100|[from] Stealth Rock
|turn|34
|inactive|cr aries has 120 seconds left.
|
|t:|1760342749
|move|p2a: Zapdos|Brave Bird|p1a: Gholdengo
|-supereffective|p1a: Gholdengo
|-damage|p1a: Gholdengo|0 fnt
|faint|p1a: Gholdengo
|-damage|p2a: Zapdos|22/100|[from] Recoil
|
|upkeep
|
|t:|1760342751
|switch|p1a: Weavile|Weavile, F|73/100
|turn|35
|
|t:|1760342759
|move|p1a: Weavile|Triple Axel|p2a: Zapdos
|-supereffective|p2a: Zapdos
|-damage|p2a: Zapdos|0 fnt
|faint|p2a: Zapdos
|-hitcount|p2: Zapdos|1
|
|upkeep
|
|t:|1760342762
|switch|p2a: Rillaboom|Rillaboom, M|100/100
|-status|p2a: Rillaboom|psn
|-damage|p2a: Rillaboom|88/100 psn|[from] Stealth Rock
|-fieldstart|move: Grassy Terrain|[from] ability: Grassy Surge|[of] p2a: Rillaboom
|turn|36
|
|t:|1760342770
|move|p1a: Weavile|Ice Shard|p2a: Rillaboom
|-supereffective|p2a: Rillaboom
|-damage|p2a: Rillaboom|53/100 psn
|move|p2a: Rillaboom|Grassy Glide|p1a: Weavile
|-damage|p1a: Weavile|4/100
|
|-heal|p1a: Weavile|10/100|[from] Grassy Terrain
|-heal|p2a: Rillaboom|59/100 psn|[from] Grassy Terrain
|-heal|p2a: Rillaboom|65/100 psn|[from] item: Leftovers
|-damage|p2a: Rillaboom|53/100 psn|[from] psn
|upkeep
|turn|37
|
|t:|1760342777
|move|p1a: Weavile|Ice Shard|p2a: Rillaboom
|-supereffective|p2a: Rillaboom
|-damage|p2a: Rillaboom|17/100 psn
|move|p2a: Rillaboom|Grassy Glide|p1a: Weavile
|-damage|p1a: Weavile|0 fnt
|faint|p1a: Weavile
|
|-heal|p2a: Rillaboom|23/100 psn|[from] Grassy Terrain
|-heal|p2a: Rillaboom|30/100 psn|[from] item: Leftovers
|-damage|p2a: Rillaboom|17/100 psn|[from] psn
|upkeep
|
|t:|1760342782
|switch|p1a: Sandy Shocks|Sandy Shocks|100/100
|-damage|p1a: Sandy Shocks|94/100|[from] Stealth Rock
|-enditem|p1a: Sandy Shocks|Booster Energy
|-activate|p1a: Sandy Shocks|ability: Protosynthesis|[fromitem]
|-start|p1a: Sandy Shocks|protosynthesisspe
|turn|38
|
|t:|1760342784
|move|p2a: Rillaboom|Grassy Glide|p1a: Sandy Shocks
|-supereffective|p1a: Sandy Shocks
|-damage|p1a: Sandy Shocks|5/100
|move|p1a: Sandy Shocks|Earth Power|p2a: Rillaboom
|-resisted|p2a: Rillaboom
|-damage|p2a: Rillaboom|0 fnt
|faint|p2a: Rillaboom
|
|-heal|p1a: Sandy Shocks|11/100|[from] Grassy Terrain
|upkeep
|
|t:|1760342790
|switch|p2a: Iron Jugulis|Iron Jugulis|76/100
|-damage|p2a: Iron Jugulis|51/100|[from] Stealth Rock
|turn|39
|
|t:|1760342792
|-terastallize|p2a: Iron Jugulis|Ground
|move|p1a: Sandy Shocks|Thunderbolt|p2a: Iron Jugulis
|-immune|p2a: Iron Jugulis
|move|p2a: Iron Jugulis|Earth Power|p1a: Sandy Shocks
|-supereffective|p1a: Sandy Shocks
|-damage|p1a: Sandy Shocks|0 fnt
|faint|p1a: Sandy Shocks
|-end|p1a: Sandy Shocks|Protosynthesis|[silent]
|
|win|PrimeXStriker
|raw|cr aries's rating: 1556 &rarr; <strong>1533</strong><br />(-23 for losing)
|raw|PrimeXStriker's rating: 1504 &rarr; <strong>1527</strong><br />(+23 for winning)
|l|☆cr aries
|player|p1|
|l|☆PrimeXStriker
|player|p2|
