|j|☆rickyflames1
|j|☆Perola Z
|t:|1760460103
|gametype|singles
|player|p1|rickyflames1|2|1461
|player|p2|Perola Z|wallace|1467
|gen|9
|tier|[Gen 9] OU
|rated|
|rule|HP Percentage Mod: HP is shown in percentages
|rule|Endless Battle Clause: Forcing endless battles is banned
|rule|Species Clause: Limit one of each Pokémon
|rule|OHKO Clause: OHKO moves are banned
|rule|Evasion Items Clause: Evasion items are banned
|rule|Evasion Moves Clause: Evasion moves are banned
|rule|Evasion Abilities Clause: Evasion abilities are banned
|rule|Sleep Moves Clause: Sleep-inducing moves are banned
|clearpoke
|poke|p1|Chansey, F|
|poke|p1|Gliscor, M|
|poke|p1|Mandibuzz, F|
|poke|p1|Deoxys-Defense|
|poke|p1|Landorus-Therian, M|
|poke|p1|Tyranitar, M|
|poke|p2|Enamorus, F|
|poke|p2|Primarina, F|
|poke|p2|Kyurem|
|poke|p2|Cinderace, F|
|poke|p2|Iron Moth|
|poke|p2|Darkrai|
|teampreview
|inactive|Battle timer is ON: inactive players will automatically lose when time's up. (requested by rickyflames1)
|inactive|Perola Z has 120 seconds left.
|
|t:|1760460155
|teamsize|p1|6
|teamsize|p2|6
|start
|switch|p1a: Landorus|Landorus-Therian, M, shiny|100/100
|switch|p2a: Cinderace|Cinderace, F|100/100
|-ability|p1a: Landorus|Intimidate|boost
|-unboost|p2a: Cinderace|atk|1
|turn|1
|
|t:|1760460168
|switch|p2a: Enamorus|Enamorus, F|100/100
|move|p1a: Landorus|U-turn|p2a: Enamorus
|-resisted|p2a: Enamorus
|-damage|p2a: Enamorus|90/100
|
|t:|1760460178
|switch|p1a: Tyranitar|Tyranitar, M|100/100|[from] U-turn
|-weather|Sandstorm|[from] ability: Sand Stream|[of] p1a: Tyranitar
|
|-weather|Sandstorm|[upkeep]
|-damage|p2a: Enamorus|84/100|[from] Sandstorm
|upkeep
|turn|2
|
|t:|1760460191
|-terastallize|p2a: Enamorus|Ground
|move|p2a: Enamorus|Earth Power|p1a: Tyranitar
|-supereffective|p1a: Tyranitar
|-damage|p1a: Tyranitar|71/100
|move|p1a: Tyranitar|Thunderbolt|p2a: Enamorus
|-immune|p2a: Enamorus
|
|-weather|Sandstorm|[upkeep]
|upkeep
|turn|3
|
|t:|1760460207
|switch|p2a: Cinderace|Cinderace, F|100/100
|move|p1a: Tyranitar|Ice Beam|p2a: Cinderace
|-resisted|p2a: Cinderace
|-crit|p2a: Cinderace
|-damage|p2a: Cinderace|76/100
|
|-weather|Sandstorm|[upkeep]
|-damage|p2a: Cinderace|70/100|[from] Sandstorm
|upkeep
|turn|4
|
|t:|1760460218
|switch|p1a: Mandibuzz|Mandibuzz, F, shiny|100/100
|move|p2a: Cinderace|U-turn|p1a: Mandibuzz
|-start|p2a: Cinderace|typechange|Bug|[from] ability: Libero
|-damage|p1a: Mandibuzz|82/100
|-damage|p2a: Cinderace|53/100|[from] item: Rocky Helmet|[of] p1a: Mandibuzz
|
|t:|1760460225
|switch|p2a: Primarina|Primarina, F|100/100|[from] U-turn
|
|-weather|Sandstorm|[upkeep]
|-damage|p2a: Primarina|95/100|[from] Sandstorm
|upkeep
|turn|5
|
|t:|1760460233
|move|p2a: Primarina|Moonblast|p1a: Mandibuzz
|-supereffective|p1a: Mandibuzz
|-damage|p1a: Mandibuzz|0 fnt
|faint|p1a: Mandibuzz
|
|-weather|none
|upkeep
|
|t:|1760460241
|switch|p1a: Chansey|Chansey, F, shiny|100/100
|turn|6
|
|t:|1760460245
|switch|p2a: Cinderace|Cinderace, F|53/100
|move|p1a: Chansey|Stealth Rock|p2a: Cinderace
|-sidestart|p2: Perola Z|move: Stealth Rock
|
|upkeep
|turn|7
|
|t:|1760460256
|move|p2a: Cinderace|Court Change|p2a: Cinderace
|-start|p2a: Cinderace|typechange|Normal|[from] ability: Libero
|-swapsideconditions
|-activate|p2a: Cinderace|move: Court Change
|move|p1a: Chansey|Stealth Rock|p2a: Cinderace
|-sidestart|p2: Perola Z|move: Stealth Rock
|
|upkeep
|turn|8
|
|t:|1760460266
|switch|p1a: Landorus|Landorus-Therian, M, shiny|100/100
|-damage|p1a: Landorus|88/100|[from] Stealth Rock
|-ability|p1a: Landorus|Intimidate|boost
|-unboost|p2a: Cinderace|atk|1
|move|p2a: Cinderace|U-turn|p1a: Landorus
|-resisted|p1a: Landorus
|-damage|p1a: Landorus|80/100
|inactive|Perola Z has 120 seconds left.
|
|t:|1760460310
|switch|p2a: Primarina|Primarina, F|95/100|[from] U-turn
|-damage|p2a: Primarina|82/100|[from] Stealth Rock
|
|upkeep
|turn|9
|
|t:|1760460320
|move|p1a: Landorus|U-turn|p2a: Primarina
|-resisted|p2a: Primarina
|-damage|p2a: Primarina|60/100
|
|t:|1760460324
|switch|p1a: Chansey|Chansey, F, shiny|100/100|[from] U-turn
|-damage|p1a: Chansey|88/100|[from] Stealth Rock
|move|p2a: Primarina|Psychic Noise|p1a: Chansey
|-damage|p1a: Chansey|78/100
|-start|p1a: Chansey|move: Heal Block
|
|upkeep
|turn|10
|inactive|Perola Z has 120 seconds left.
|
|t:|1760460337
|switch|p2a: Cinderace|Cinderace, F|53/100
|move|p1a: Chansey|Seismic Toss|p2a: Cinderace
|-damage|p2a: Cinderace|20/100
|
|-end|p1a: Chansey|move: Heal Block
|upkeep
|turn|11
|
|t:|1760460351
|switch|p1a: Gliscor|Gliscor, M, shiny|100/100
|-damage|p1a: Gliscor|88/100|[from] Stealth Rock
|move|p2a: Cinderace|Will-O-Wisp|p1a: Gliscor
|-status|p1a: Gliscor|brn
|
|-damage|p1a: Gliscor|82/100 brn|[from] brn
|upkeep
|turn|12
|
|t:|1760460362
|move|p2a: Cinderace|Pyro Ball|p1a: Gliscor
|-damage|p1a: Gliscor|50/100 brn
|move|p1a: Gliscor|Toxic|p2a: Cinderace
|-status|p2a: Cinderace|tox
|
|-damage|p2a: Cinderace|14/100 tox|[from] psn
|-damage|p1a: Gliscor|43/100 brn|[from] brn
|upkeep
|turn|13
|inactive|Perola Z has 120 seconds left.
|
|t:|1760460380
|switch|p2a: Primarina|Primarina, F|60/100
|-damage|p2a: Primarina|48/100|[from] Stealth Rock
|move|p1a: Gliscor|Knock Off|p2a: Primarina
|-resisted|p2a: Primarina
|-damage|p2a: Primarina|40/100
|-enditem|p2a: Primarina|Choice Specs|[from] move: Knock Off|[of] p1a: Gliscor
|
|-damage|p1a: Gliscor|37/100 brn|[from] brn
|upkeep
|turn|14
|
|t:|1760460392
|switch|p1a: Chansey|Chansey, F, shiny|78/100
|-damage|p1a: Chansey|66/100|[from] Stealth Rock
|move|p2a: Primarina|Moonblast|p1a: Chansey
|-damage|p1a: Chansey|53/100
|
|upkeep
|turn|15
|inactive|Perola Z has 120 seconds left.
|
|t:|1760460413
|switch|p2a: Cinderace|Cinderace, F|14/100 tox
|move|p1a: Chansey|Heal Bell|p1a: Chansey
|-activate|p1a: Chansey|move: Heal Bell
|-curestatus|p1: Gliscor|brn|[msg]
|
|-damage|p2a: Cinderace|8/100 tox|[from] psn
|upkeep
|turn|16
|
|t:|1760460425
|move|p2a: Cinderace|Pyro Ball|p1a: Chansey
|-damage|p1a: Chansey|0 fnt
|faint|p1a: Chansey
|
|-damage|p2a: Cinderace|0 fnt|[from] psn
|faint|p2a: Cinderace
|upkeep
|inactive|Perola Z has 120 seconds left.
|
|t:|1760460463
|switch|p2a: Iron Moth|Iron Moth|100/100
|switch|p1a: Landorus|Landorus-Therian, M, shiny|80/100
|-damage|p1a: Landorus|68/100|[from] Stealth Rock
|-ability|p1a: Landorus|Intimidate|boost
|-unboost|p2a: Iron Moth|atk|1
|-damage|p2a: Iron Moth|76/100|[from] Stealth Rock
|-enditem|p2a: Iron Moth|Booster Energy
|-activate|p2a: Iron Moth|ability: Quark Drive|[fromitem]
|-start|p2a: Iron Moth|quarkdrivespe
|turn|17
|
|t:|1760460481
|move|p2a: Iron Moth|Fiery Dance|p1a: Landorus
|-damage|p1a: Landorus|18/100
|-boost|p2a: Iron Moth|spa|1
|move|p1a: Landorus|Rock Slide|p2a: Iron Moth
|-supereffective|p2a: Iron Moth
|-damage|p2a: Iron Moth|0 fnt
|faint|p2a: Iron Moth
|-end|p2a: Iron Moth|Quark Drive|[silent]
|
|upkeep
|
|t:|1760460491
|switch|p2a: Darkrai|Darkrai|100/100
|-damage|p2a: Darkrai|88/100|[from] Stealth Rock
|turn|18
|inactive|Perola Z has 90 seconds left.
|
|t:|1760460507
|move|p1a: Landorus|Rock Slide|p2a: Darkrai
|-damage|p2a: Darkrai|43/100
|move|p2a: Darkrai|Dark Pulse|p1a: Landorus
|-damage|p1a: Landorus|0 fnt
|faint|p1a: Landorus
|-damage|p2a: Darkrai|33/100|[from] item: Life Orb
|
|upkeep
|
|t:|1760460516
|switch|p1a: Tyranitar|Tyranitar, M|71/100
|-damage|p1a: Tyranitar|58/100|[from] Stealth Rock
|-weather|Sandstorm|[from] ability: Sand Stream|[of] p1a: Tyranitar
|turn|19
|
|t:|1760460528
|move|p2a: Darkrai|Drain Punch|p1a: Tyranitar
|-supereffective|p1a: Tyranitar
|-damage|p1a: Tyranitar|0 fnt
|-heal|p2a: Darkrai|72/100|[from] drain|[of] p1a: Tyranitar
|faint|p1a: Tyranitar
|-damage|p2a: Darkrai|62/100|[from] item: Life Orb
|
|-weather|Sandstorm|[upkeep]
|-damage|p2a: Darkrai|56/100|[from] Sandstorm
|upkeep
|
|t:|1760460539
|switch|p1a: Deoxys|Deoxys-Defense, shiny|100/100
|-damage|p1a: Deoxys|88/100|[from] Stealth Rock
|-ability|p1a: Deoxys|Pressure
|turn|20
|
|t:|1760460554
|-terastallize|p1a: Deoxys|Steel
|move|p2a: Darkrai|Dark Pulse|p1a: Deoxys
|-damage|p1a: Deoxys|47/100
|-damage|p2a: Darkrai|46/100|[from] item: Life Orb
|move|p1a: Deoxys|Cosmic Power|p1a: Deoxys
|-boost|p1a: Deoxys|def|1
|-boost|p1a: Deoxys|spd|1
|
|-weather|Sandstorm|[upkeep]
|-damage|p2a: Darkrai|40/100|[from] Sandstorm
|upkeep
|turn|21
|
|t:|1760460566
|move|p2a: Darkrai|Nasty Plot|p2a: Darkrai
|-boost|p2a: Darkrai|spa|2
|move|p1a: Deoxys|Recover|p1a: Deoxys
|-heal|p1a: Deoxys|97/100
|
|-weather|Sandstorm|[upkeep]
|-damage|p2a: Darkrai|34/100|[from] Sandstorm
|upkeep
|turn|22
|
|t:|1760460575
|move|p2a: Darkrai|Dark Pulse|p1a: Deoxys
|-damage|p1a: Deoxys|44/100
|-damage|p2a: Darkrai|24/100|[from] item: Life Orb
|move|p1a: Deoxys|Cosmic Power|p1a: Deoxys
|-boost|p1a: Deoxys|def|1
|-boost|p1a: Deoxys|spd|1
|
|-weather|Sandstorm|[upkeep]
|-damage|p2a: Darkrai|18/100|[from] Sandstorm
|upkeep
|turn|23
|inactive|Perola Z has 120 seconds left.
|
|t:|1760460590
|move|p2a: Darkrai|Nasty Plot|p2a: Darkrai
|-boost|p2a: Darkrai|spa|2
|move|p1a: Deoxys|Recover|p1a: Deoxys
|-heal|p1a: Deoxys|94/100
|
|-weather|none
|upkeep
|turn|24
|
|t:|1760460601
|move|p2a: Darkrai|Dark Pulse|p1a: Deoxys
|-damage|p1a: Deoxys|35/100
|-damage|p2a: Darkrai|8/100|[from] item: Life Orb
|move|p1a: Deoxys|Drain Punch|p2a: Darkrai
|-supereffective|p2a: Darkrai
|-damage|p2a: Darkrai|0 fnt
|-heal|p1a: Deoxys|39/100|[from] drain|[of] p2a: Darkrai
|faint|p2a: Darkrai
|
|upkeep
|
|t:|1760460612
|switch|p2a: Enamorus|Enamorus, F, tera:Ground|84/100
|-damage|p2a: Enamorus|78/100|[from] Stealth Rock
|turn|25
|
|t:|1760460618
|move|p2a: Enamorus|Taunt|p1a: Deoxys
|-start|p1a: Deoxys|move: Taunt
|cant|p1a: Deoxys|move: Taunt|Recover
|
|upkeep
|turn|26
|
|t:|1760460629
|move|p2a: Enamorus|Earth Power|p1a: Deoxys
|-supereffective|p1a: Deoxys
|-damage|p1a: Deoxys|7/100
|-enditem|p1a: Deoxys|Weakness Policy
|-boost|p1a: Deoxys|atk|2|[from] item: Weakness Policy
|-boost|p1a: Deoxys|spa|2|[from] item: Weakness Policy
|move|p1a: Deoxys|Stored Power|p2a: Enamorus
|-damage|p2a: Enamorus|0 fnt
|faint|p2a: Enamorus
|
|upkeep
|
|t:|1760460640
|switch|p2a: Kyurem|Kyurem|100/100
|-damage|p2a: Kyurem|76/100|[from] Stealth Rock
|-ability|p2a: Kyurem|Pressure
|turn|27
|
|t:|1760460656
|move|p2a: Kyurem|Icicle Spear|p1a: Deoxys
|-resisted|p1a: Deoxys
|-damage|p1a: Deoxys|5/100
|-resisted|p1a: Deoxys
|-damage|p1a: Deoxys|2/100
|-resisted|p1a: Deoxys
|-damage|p1a: Deoxys|0 fnt
|faint|p1a: Deoxys
|-hitcount|p1: Deoxys|3
|
|upkeep
|l|☆rickyflames1
|inactive|rickyflames1 disconnected and has a minute to reconnect!
|player|p1|
|inactive|rickyflames1 has 30 seconds to reconnect!
|inactive|rickyflames1 has 20 seconds to reconnect!
|inactive|rickyflames1 has 15 seconds to reconnect!
|inactive|rickyflames1 has 10 seconds to reconnect!
|inactive|rickyflames1 has 5 seconds to reconnect!
|-message|rickyflames1 lost due to inactivity.
|
|win|Perola Z
|raw|rickyflames1's rating: 1461 &rarr; <strong>1441</strong><br />(-20 for losing)
|raw|Perola Z's rating: 1467 &rarr; <strong>1487</strong><br />(+20 for winning)
|j|☆rickyflames1
|player|p1|rickyflames1|2|
|l|☆Perola Z
|player|p2|
|l|☆rickyflames1
|player|p1|
|j|☆rickyflames1
|player|p1|rickyflames1|2|
|l|☆rickyflames1
|player|p1|
