|j|☆ProfessionalWimp
|j|☆Beuhiam
|t:|1760364937
|gametype|singles
|player|p1|ProfessionalWimp|rood|1456
|player|p2|Beuhiam|102|1510
|gen|9
|tier|[Gen 9] OU
|rated|
|rule|HP Percentage Mod: HP is shown in percentages
|rule|Endless Battle Clause: Forcing endless battles is banned
|rule|Species Clause: Limit one of each Pokémon
|rule|OHKO Clause: OHKO moves are banned
|rule|Evasion Items Clause: Evasion items are banned
|rule|Evasion Moves Clause: Evasion moves are banned
|rule|Evasion Abilities Clause: Evasion abilities are banned
|rule|Sleep Moves Clause: Sleep-inducing moves are banned
|clearpoke
|poke|p1|Pelipper, F|
|poke|p1|Manaphy|
|poke|p1|Barraskewda, M|
|poke|p1|Zapdos|
|poke|p1|Overqwil, F|
|poke|p1|Scizor, F|
|poke|p2|Samurott-Hisui, F|
|poke|p2|Zapdos|
|poke|p2|Dragapult, F|
|poke|p2|Great Tusk|
|poke|p2|Scizor, M|
|poke|p2|Kyurem|
|teampreview
|inactive|Battle timer is ON: inactive players will automatically lose when time's up. (requested by Beuhiam)
|
|t:|1760364957
|teamsize|p1|6
|teamsize|p2|6
|start
|switch|p1a: Scizor|Scizor, F|100/100
|switch|p2a: Fish fear me|Kyurem|100/100
|-ability|p2a: Fish fear me|Pressure
|turn|1
|
|t:|1760364970
|switch|p2a: The guy who flies|Zapdos|100/100
|move|p1a: Scizor|Swords Dance|p1a: Scizor
|-boost|p1a: Scizor|atk|2
|
|upkeep
|turn|2
|
|t:|1760364987
|move|p2a: The guy who flies|Heat Wave|p1a: Scizor
|-supereffective|p1a: Scizor
|-damage|p1a: Scizor|0 fnt
|faint|p1a: Scizor
|
|upkeep
|
|t:|1760364994
|switch|p1a: Pelipper|Pelipper, F|100/100
|-weather|RainDance|[from] ability: Drizzle|[of] p1a: Pelipper
|turn|3
|
|t:|1760365008
|switch|p1a: Overqwil|Overqwil, F|100/100
|move|p2a: The guy who flies|Volt Switch|p1a: Overqwil
|-damage|p1a: Overqwil|41/100
|
|t:|1760365018
|switch|p2a: The guy who shoots|Scizor, M|100/100|[from] Volt Switch
|
|-weather|RainDance|[upkeep]
|upkeep
|turn|4
|
|t:|1760365029
|move|p2a: The guy who shoots|Bullet Punch|p1a: Overqwil
|-damage|p1a: Overqwil|0 fnt
|faint|p1a: Overqwil
|
|-weather|RainDance|[upkeep]
|upkeep
|
|t:|1760365035
|switch|p1a: Manaphy|Manaphy|100/100
|turn|5
|
|t:|1760365053
|switch|p2a: The guy who blocks|Dragapult, F|100/100
|move|p1a: Manaphy|Tail Glow|p1a: Manaphy
|-boost|p1a: Manaphy|spa|3
|
|-weather|RainDance|[upkeep]
|upkeep
|turn|6
|
|t:|1760365060
|move|p2a: The guy who blocks|Substitute|p2a: The guy who blocks
|-start|p2a: The guy who blocks|Substitute
|-damage|p2a: The guy who blocks|76/100
|move|p1a: Manaphy|Ice Beam|p2a: The guy who blocks
|-supereffective|p2a: The guy who blocks
|-end|p2a: The guy who blocks|Substitute
|
|-weather|RainDance|[upkeep]
|-heal|p2a: The guy who blocks|82/100|[from] item: Leftovers
|upkeep
|turn|7
|
|t:|1760365068
|move|p2a: The guy who blocks|Substitute|p2a: The guy who blocks
|-start|p2a: The guy who blocks|Substitute
|-damage|p2a: The guy who blocks|57/100
|move|p1a: Manaphy|Ice Beam|p2a: The guy who blocks
|-supereffective|p2a: The guy who blocks
|-crit|p2a: The guy who blocks
|-end|p2a: The guy who blocks|Substitute
|
|-weather|RainDance|[upkeep]
|-heal|p2a: The guy who blocks|63/100|[from] item: Leftovers
|upkeep
|turn|8
|
|t:|1760365075
|move|p2a: The guy who blocks|Substitute|p2a: The guy who blocks
|-start|p2a: The guy who blocks|Substitute
|-damage|p2a: The guy who blocks|38/100
|move|p1a: Manaphy|Ice Beam|p2a: The guy who blocks
|-supereffective|p2a: The guy who blocks
|-end|p2a: The guy who blocks|Substitute
|
|-weather|RainDance|[upkeep]
|-heal|p2a: The guy who blocks|44/100|[from] item: Leftovers
|upkeep
|turn|9
|
|t:|1760365083
|move|p2a: The guy who blocks|Substitute|p2a: The guy who blocks
|-start|p2a: The guy who blocks|Substitute
|-damage|p2a: The guy who blocks|19/100
|move|p1a: Manaphy|Ice Beam|p2a: The guy who blocks
|-supereffective|p2a: The guy who blocks
|-end|p2a: The guy who blocks|Substitute
|
|-weather|RainDance|[upkeep]
|-heal|p2a: The guy who blocks|25/100|[from] item: Leftovers
|upkeep
|turn|10
|
|t:|1760365093
|move|p2a: The guy who blocks|Draco Meteor|p1a: Manaphy
|-crit|p1a: Manaphy
|-damage|p1a: Manaphy|32/100
|-unboost|p2a: The guy who blocks|spa|2
|move|p1a: Manaphy|Ice Beam|p2a: The guy who blocks
|-supereffective|p2a: The guy who blocks
|-damage|p2a: The guy who blocks|0 fnt
|faint|p2a: The guy who blocks
|
|-weather|none
|upkeep
|
|t:|1760365113
|switch|p2a: The guy who spikes|Samurott-Hisui, F|100/100
|turn|11
|
|t:|1760365119
|switch|p1a: Pelipper|Pelipper, F|100/100
|-weather|RainDance|[from] ability: Drizzle|[of] p1a: Pelipper
|move|p2a: The guy who spikes|Aqua Jet|p1a: Pelipper
|-resisted|p1a: Pelipper
|-damage|p1a: Pelipper|83/100
|
|-weather|RainDance|[upkeep]
|upkeep
|turn|12
|
|t:|1760365129
|switch|p2a: The guy who spins|Great Tusk|100/100
|-enditem|p2a: The guy who spins|Booster Energy
|-activate|p2a: The guy who spins|ability: Protosynthesis|[fromitem]
|-start|p2a: The guy who spins|protosynthesisatk
|move|p1a: Pelipper|U-turn|p2a: The guy who spins
|-resisted|p2a: The guy who spins
|-damage|p2a: The guy who spins|98/100
|
|t:|1760365137
|switch|p1a: Barraskewda|Barraskewda, M|100/100|[from] U-turn
|
|-weather|RainDance|[upkeep]
|upkeep
|turn|13
|
|t:|1760365143
|move|p1a: Barraskewda|Liquidation|p2a: The guy who spins
|-supereffective|p2a: The guy who spins
|-damage|p2a: The guy who spins|0 fnt
|faint|p2a: The guy who spins
|-end|p2a: The guy who spins|Protosynthesis|[silent]
|
|-weather|RainDance|[upkeep]
|upkeep
|
|t:|1760365150
|switch|p2a: Fish fear me|Kyurem|100/100
|-ability|p2a: Fish fear me|Pressure
|turn|14
|
|t:|1760365167
|move|p1a: Barraskewda|Liquidation|p2a: Fish fear me
|-resisted|p2a: Fish fear me
|-damage|p2a: Fish fear me|48/100
|move|p2a: Fish fear me|Freeze-Dry|p1a: Barraskewda
|-supereffective|p1a: Barraskewda
|-damage|p1a: Barraskewda|0 fnt
|faint|p1a: Barraskewda
|
|-weather|RainDance|[upkeep]
|-heal|p2a: Fish fear me|54/100|[from] item: Leftovers
|upkeep
|
|t:|1760365178
|switch|p1a: Manaphy|Manaphy|32/100
|turn|15
|
|t:|1760365182
|move|p2a: Fish fear me|Freeze-Dry|p1a: Manaphy
|-supereffective|p1a: Manaphy
|-damage|p1a: Manaphy|0 fnt
|faint|p1a: Manaphy
|
|-weather|RainDance|[upkeep]
|-heal|p2a: Fish fear me|60/100|[from] item: Leftovers
|upkeep
|
|t:|1760365190
|switch|p1a: Zapdos|Zapdos|100/100
|turn|16
|
|t:|1760365198
|move|p2a: Fish fear me|Protect|p2a: Fish fear me
|-singleturn|p2a: Fish fear me|Protect
|move|p1a: Zapdos|Hurricane|p2a: Fish fear me
|-activate|p2a: Fish fear me|move: Protect
|
|-weather|RainDance|[upkeep]
|-heal|p2a: Fish fear me|67/100|[from] item: Leftovers
|upkeep
|turn|17
|-message|ProfessionalWimp forfeited.
|
|win|Beuhiam
|raw|ProfessionalWimp's rating: 1456 &rarr; <strong>1439</strong><br />(-17 for losing)
|raw|Beuhiam's rating: 1510 &rarr; <strong>1527</strong><br />(+17 for winning)
|l|☆ProfessionalWimp
|player|p1|
|l|☆Beuhiam
|player|p2|
