|badge|p2|silver|gen9ou|30-7
|uhtml|medal-msg|<div class="broadcast-blue">Curious what those medals under the avatar are? PS now has Ladder Seasons! For more information, check out the <a href="https://www.smogon.com/forums/threads/3740067/">thread on Smogon.</a></div>
|j|☆Beile
|j|☆healorant
|t:|1760357018
|gametype|singles
|player|p1|Beile|lucas|1588
|player|p2|healorant|alder|1878
|gen|9
|tier|[Gen 9] OU
|rated|
|rule|HP Percentage Mod: HP is shown in percentages
|rule|Endless Battle Clause: Forcing endless battles is banned
|rule|Species Clause: Limit one of each Pokémon
|rule|OHKO Clause: OHKO moves are banned
|rule|Evasion Items Clause: Evasion items are banned
|rule|Evasion Moves Clause: Evasion moves are banned
|rule|Evasion Abilities Clause: Evasion abilities are banned
|rule|Sleep Moves Clause: Sleep-inducing moves are banned
|clearpoke
|poke|p1|Ninetales-Alola, F|
|poke|p1|Scizor, F|
|poke|p1|Kyurem|
|poke|p1|Gliscor, F|
|poke|p1|Iron Crown|
|poke|p1|Raging Bolt|
|poke|p2|Zarude|
|poke|p2|Slowking-Galar, F|
|poke|p2|Garchomp, F|
|poke|p2|Dragapult, M|
|poke|p2|Corviknight, F|
|poke|p2|Keldeo-Resolute|
|teampreview
|inactive|Battle timer is ON: inactive players will automatically lose when time's up. (requested by healorant)
|
|t:|1760357037
|teamsize|p1|6
|teamsize|p2|6
|start
|switch|p1a: Ninetales|Ninetales-Alola, F|100/100
|switch|p2a: Slowking|Slowking-Galar, F|100/100
|-weather|Snowscape|[from] ability: Snow Warning|[of] p1a: Ninetales
|turn|1
|
|t:|1760357040
|move|p1a: Ninetales|Aurora Veil|p1a: Ninetales
|-sidestart|p1: Beile|move: Aurora Veil
|move|p2a: Slowking|Thunder Wave|p1a: Ninetales
|-status|p1a: Ninetales|par
|
|-weather|Snowscape|[upkeep]
|upkeep
|turn|2
|
|t:|1760357044
|switch|p1a: Raging Bolt|Raging Bolt|100/100
|-enditem|p1a: Raging Bolt|Booster Energy
|-activate|p1a: Raging Bolt|ability: Protosynthesis|[fromitem]
|-start|p1a: Raging Bolt|protosynthesisspa
|-prepare|p2a: Slowking|Chilly Reception|[premajor]
|move|p2a: Slowking|Chilly Reception|p2a: Slowking
|
|t:|1760357048
|switch|p2a: Dragapult|Dragapult, M|100/100|[from] Chilly Reception
|
|-weather|Snowscape|[upkeep]
|upkeep
|turn|3
|
|t:|1760357054
|move|p2a: Dragapult|Dragon Darts|p1a: Raging Bolt
|-supereffective|p1a: Raging Bolt
|-damage|p1a: Raging Bolt|67/100
|-anim|p2a: Dragapult|Dragon Darts|p1a: Raging Bolt
|-supereffective|p1a: Raging Bolt
|-damage|p1a: Raging Bolt|34/100
|move|p1a: Raging Bolt|Dragon Pulse|p2a: Dragapult
|-supereffective|p2a: Dragapult
|-damage|p2a: Dragapult|0 fnt
|faint|p2a: Dragapult
|
|-weather|Snowscape|[upkeep]
|upkeep
|
|t:|1760357058
|switch|p2a: Slowking|Slowking-Galar, F|100/100
|turn|4
|
|t:|1760357063
|move|p1a: Raging Bolt|Calm Mind|p1a: Raging Bolt
|-boost|p1a: Raging Bolt|spa|1
|-boost|p1a: Raging Bolt|spd|1
|move|p2a: Slowking|Future Sight|p1a: Raging Bolt
|-start|p2a: Slowking|move: Future Sight
|
|-weather|Snowscape|[upkeep]
|upkeep
|turn|5
|
|t:|1760357068
|move|p1a: Raging Bolt|Discharge|p2a: Slowking
|-damage|p2a: Slowking|50/100
|move|p2a: Slowking|Sludge Bomb|p1a: Raging Bolt
|-damage|p1a: Raging Bolt|25/100
|
|-weather|none
|upkeep
|turn|6
|
|t:|1760357076
|switch|p2a: Corviknight|Corviknight, F|100/100
|-ability|p2a: Corviknight|Pressure
|move|p1a: Raging Bolt|Dragon Pulse|p2a: Corviknight
|-resisted|p2a: Corviknight
|-damage|p2a: Corviknight|56/100
|
|-end|p1a: Raging Bolt|move: Future Sight
|-damage|p1a: Raging Bolt|14/100
|upkeep
|turn|7
|
|t:|1760357082
|move|p1a: Raging Bolt|Discharge|p2a: Corviknight
|-supereffective|p2a: Corviknight
|-damage|p2a: Corviknight|0 fnt
|faint|p2a: Corviknight
|
|upkeep
|
|t:|1760357083
|switch|p2a: Garchomp|Garchomp, F|100/100
|turn|8
|
|t:|1760357085
|move|p2a: Garchomp|Earthquake|p1a: Raging Bolt
|-supereffective|p1a: Raging Bolt
|-damage|p1a: Raging Bolt|0 fnt
|faint|p1a: Raging Bolt
|-end|p1a: Raging Bolt|Protosynthesis|[silent]
|
|-sideend|p1: Beile|move: Aurora Veil
|upkeep
|
|t:|1760357090
|switch|p1a: Ninetales|Ninetales-Alola, F|100/100 par
|-weather|Snowscape|[from] ability: Snow Warning|[of] p1a: Ninetales
|turn|9
|
|t:|1760357093
|move|p2a: Garchomp|Stealth Rock|p1a: Ninetales
|-sidestart|p1: Beile|move: Stealth Rock
|move|p1a: Ninetales|Aurora Veil|p1a: Ninetales
|-sidestart|p1: Beile|move: Aurora Veil
|
|-weather|Snowscape|[upkeep]
|upkeep
|turn|10
|
|t:|1760357101
|switch|p2a: Slowking|Slowking-Galar, F|83/100
|move|p1a: Ninetales|Freeze-Dry|p2a: Slowking
|-damage|p2a: Slowking|71/100
|
|-weather|Snowscape|[upkeep]
|upkeep
|turn|11
|
|t:|1760357104
|switch|p1a: Scizor|Scizor, F|100/100
|-damage|p1a: Scizor|88/100|[from] Stealth Rock
|-prepare|p2a: Slowking|Chilly Reception|[premajor]
|move|p2a: Slowking|Chilly Reception|p2a: Slowking
|
|t:|1760357107
|switch|p2a: Garchomp|Garchomp, F|100/100|[from] Chilly Reception
|
|-weather|Snowscape|[upkeep]
|upkeep
|turn|12
|
|t:|1760357115
|move|p1a: Scizor|Close Combat|p2a: Garchomp
|-damage|p2a: Garchomp|61/100
|-unboost|p1a: Scizor|def|1
|-unboost|p1a: Scizor|spd|1
|-damage|p1a: Scizor|76/100|[from] ability: Rough Skin|[of] p2a: Garchomp
|-damage|p1a: Scizor|59/100|[from] item: Rocky Helmet|[of] p2a: Garchomp
|-damage|p1a: Scizor|49/100|[from] item: Life Orb
|move|p2a: Garchomp|Dragon Tail|p1a: Scizor
|-resisted|p1a: Scizor
|-damage|p1a: Scizor|39/100
|drag|p1a: Gliscor|Gliscor, F|100/100
|-damage|p1a: Gliscor|88/100|[from] Stealth Rock
|
|-weather|Snowscape|[upkeep]
|-status|p1a: Gliscor|tox|[from] item: Toxic Orb
|upkeep
|turn|13
|
|t:|1760357123
|move|p1a: Gliscor|Knock Off|p2a: Garchomp
|-damage|p2a: Garchomp|44/100
|-damage|p1a: Gliscor|76/100 tox|[from] ability: Rough Skin|[of] p2a: Garchomp
|-damage|p1a: Gliscor|59/100 tox|[from] item: Rocky Helmet|[of] p2a: Garchomp
|-enditem|p2a: Garchomp|Rocky Helmet|[from] move: Knock Off|[of] p1a: Gliscor
|move|p2a: Garchomp|Spikes|p1a: Gliscor
|-sidestart|p1: Beile|Spikes
|
|-weather|none
|-heal|p1a: Gliscor|72/100 tox|[from] ability: Poison Heal
|upkeep
|turn|14
|
|t:|1760357131
|move|p1a: Gliscor|Swords Dance|p1a: Gliscor
|-boost|p1a: Gliscor|atk|2
|move|p2a: Garchomp|Dragon Tail|p1a: Gliscor
|-damage|p1a: Gliscor|58/100 tox
|drag|p1a: Iron Crown|Iron Crown|100/100
|-damage|p1a: Iron Crown|94/100|[from] Stealth Rock
|-damage|p1a: Iron Crown|82/100|[from] Spikes
|-enditem|p1a: Iron Crown|Booster Energy
|-activate|p1a: Iron Crown|ability: Quark Drive|[fromitem]
|-start|p1a: Iron Crown|quarkdrivespe
|
|upkeep
|turn|15
|
|t:|1760357138
|move|p1a: Iron Crown|Tachyon Cutter|p2a: Garchomp
|-damage|p2a: Garchomp|23/100
|-damage|p2a: Garchomp|4/100
|-hitcount|p2a: Garchomp|2
|move|p2a: Garchomp|Dragon Tail|p1a: Iron Crown
|-resisted|p1a: Iron Crown
|-damage|p1a: Iron Crown|77/100
|-end|p1a: Iron Crown|Quark Drive|[silent]
|drag|p1a: Ninetales|Ninetales-Alola, F|100/100 par
|-damage|p1a: Ninetales|76/100 par|[from] Stealth Rock
|-damage|p1a: Ninetales|63/100 par|[from] Spikes
|-weather|Snowscape|[from] ability: Snow Warning|[of] p1a: Ninetales
|
|-weather|Snowscape|[upkeep]
|upkeep
|turn|16
|
|t:|1760357145
|move|p2a: Garchomp|Spikes|p1a: Ninetales
|-sidestart|p1: Beile|Spikes
|move|p1a: Ninetales|Freeze-Dry|p2a: Garchomp
|-supereffective|p2a: Garchomp
|-damage|p2a: Garchomp|0 fnt
|faint|p2a: Garchomp
|
|-weather|Snowscape|[upkeep]
|-sideend|p1: Beile|move: Aurora Veil
|upkeep
|
|t:|1760357160
|switch|p2a: Zarude|Zarude|100/100
|turn|17
|
|t:|1760357165
|move|p2a: Zarude|Swords Dance|p2a: Zarude
|-boost|p2a: Zarude|atk|2
|move|p1a: Ninetales|Aurora Veil|p1a: Ninetales
|-sidestart|p1: Beile|move: Aurora Veil
|
|-weather|Snowscape|[upkeep]
|upkeep
|turn|18
|
|t:|1760357168
|move|p2a: Zarude|Swords Dance|p2a: Zarude
|-boost|p2a: Zarude|atk|2
|move|p1a: Ninetales|Roar|p2a: Zarude
|drag|p2a: Keldeo|Keldeo-Resolute|100/100
|
|-weather|Snowscape|[upkeep]
|upkeep
|turn|19
|
|t:|1760357174
|move|p2a: Keldeo|Flip Turn|p1a: Ninetales
|-damage|p1a: Ninetales|58/100 par
|
|t:|1760357176
|switch|p2a: Slowking|Slowking-Galar, F|100/100|[from] Flip Turn
|cant|p1a: Ninetales|par
|
|-weather|none
|upkeep
|turn|20
|
|t:|1760357179
|switch|p1a: Iron Crown|Iron Crown|77/100
|-damage|p1a: Iron Crown|71/100|[from] Stealth Rock
|-damage|p1a: Iron Crown|55/100|[from] Spikes
|-prepare|p2a: Slowking|Chilly Reception|[premajor]
|move|p2a: Slowking|Chilly Reception|p2a: Slowking
|-weather|Snowscape
|
|t:|1760357182
|switch|p2a: Zarude|Zarude|100/100|[from] Chilly Reception
|
|-weather|Snowscape|[upkeep]
|upkeep
|turn|21
|
|t:|1760357186
|move|p2a: Zarude|Swords Dance|p2a: Zarude
|-boost|p2a: Zarude|atk|2
|move|p1a: Iron Crown|Tachyon Cutter|p2a: Zarude
|-damage|p2a: Zarude|82/100
|-damage|p2a: Zarude|62/100
|-hitcount|p2a: Zarude|2
|
|-weather|Snowscape|[upkeep]
|upkeep
|turn|22
|
|t:|1760357192
|move|p2a: Zarude|Knock Off|p1a: Iron Crown
|-supereffective|p1a: Iron Crown
|-damage|p1a: Iron Crown|2/100
|move|p1a: Iron Crown|Tachyon Cutter|p2a: Zarude
|-crit|p2a: Zarude
|-damage|p2a: Zarude|29/100
|-damage|p2a: Zarude|8/100
|-hitcount|p2a: Zarude|2
|
|-weather|Snowscape|[upkeep]
|upkeep
|turn|23
|
|t:|1760357199
|move|p2a: Zarude|Knock Off|p1a: Iron Crown
|-supereffective|p1a: Iron Crown
|-damage|p1a: Iron Crown|0 fnt
|faint|p1a: Iron Crown
|-end|p1a: Iron Crown|Quark Drive|[silent]
|
|-weather|Snowscape|[upkeep]
|upkeep
|
|t:|1760357209
|switch|p1a: Scizor|Scizor, F|39/100
|-damage|p1a: Scizor|27/100|[from] Stealth Rock
|-damage|p1a: Scizor|10/100|[from] Spikes
|turn|24
|
|t:|1760357215
|switch|p2a: Slowking|Slowking-Galar, F|100/100
|move|p1a: Scizor|Bullet Punch|p2a: Slowking
|-damage|p2a: Slowking|53/100
|-damage|p1a: Scizor|0 fnt|[from] item: Life Orb
|faint|p1a: Scizor
|
|-weather|none
|-sideend|p1: Beile|move: Aurora Veil
|upkeep
|
|t:|1760357218
|switch|p1a: Ninetales|Ninetales-Alola, F|58/100 par
|-damage|p1a: Ninetales|33/100 par|[from] Stealth Rock
|-damage|p1a: Ninetales|16/100 par|[from] Spikes
|-weather|Snowscape|[from] ability: Snow Warning|[of] p1a: Ninetales
|turn|25
|
|t:|1760357225
|cant|p1a: Ninetales|par
|move|p2a: Slowking|Future Sight|p1a: Ninetales
|-start|p2a: Slowking|move: Future Sight
|
|-weather|Snowscape|[upkeep]
|upkeep
|turn|26
|
|t:|1760357232
|move|p1a: Ninetales|Aurora Veil|p1a: Ninetales
|-sidestart|p1: Beile|move: Aurora Veil
|move|p2a: Slowking|Sludge Bomb|p1a: Ninetales
|-supereffective|p1a: Ninetales
|-damage|p1a: Ninetales|0 fnt
|faint|p1a: Ninetales
|
|-weather|Snowscape|[upkeep]
|upkeep
|
|t:|1760357243
|switch|p1a: Gliscor|Gliscor, F|58/100 tox
|-damage|p1a: Gliscor|46/100 tox|[from] Stealth Rock
|turn|27
|
|t:|1760357251
|move|p1a: Gliscor|Agility|p1a: Gliscor
|-boost|p1a: Gliscor|spe|2
|-prepare|p2a: Slowking|Chilly Reception|[premajor]
|move|p2a: Slowking|Chilly Reception|p2a: Slowking
|
|t:|1760357253
|switch|p2a: Keldeo|Keldeo-Resolute|100/100|[from] Chilly Reception
|
|-weather|Snowscape|[upkeep]
|-end|p1a: Gliscor|move: Future Sight
|-damage|p1a: Gliscor|14/100 tox
|-heal|p1a: Gliscor|27/100 tox|[from] ability: Poison Heal
|upkeep
|turn|28
|
|t:|1760357260
|-terastallize|p1a: Gliscor|Normal
|move|p1a: Gliscor|Facade|p2a: Keldeo
|-damage|p2a: Keldeo|29/100
|move|p2a: Keldeo|Surf|p1a: Gliscor
|-damage|p1a: Gliscor|0 fnt
|faint|p1a: Gliscor
|
|-weather|Snowscape|[upkeep]
|upkeep
|
|t:|1760357268
|switch|p1a: Kyurem|Kyurem|100/100
|-damage|p1a: Kyurem|76/100|[from] Stealth Rock
|-damage|p1a: Kyurem|59/100|[from] Spikes
|-ability|p1a: Kyurem|Pressure
|turn|29
|
|t:|1760357274
|move|p2a: Keldeo|Secret Sword|p1a: Kyurem
|-supereffective|p1a: Kyurem
|-damage|p1a: Kyurem|30/100
|move|p1a: Kyurem|Scale Shot|p2a: Keldeo
|-damage|p2a: Keldeo|10/100
|-damage|p2a: Keldeo|0 fnt
|faint|p2a: Keldeo
|-hitcount|p2: Keldeo|2
|-unboost|p1a: Kyurem|def|1
|-boost|p1a: Kyurem|spe|1
|
|-weather|none
|upkeep
|
|t:|1760357283
|switch|p2a: Slowking|Slowking-Galar, F|86/100
|turn|30
|
|t:|1760357291
|-terastallize|p2a: Slowking|Water
|move|p1a: Kyurem|Icicle Spear|p2a: Slowking
|-resisted|p2a: Slowking
|-damage|p2a: Slowking|79/100
|-resisted|p2a: Slowking
|-damage|p2a: Slowking|72/100
|-resisted|p2a: Slowking
|-damage|p2a: Slowking|64/100
|-resisted|p2a: Slowking
|-damage|p2a: Slowking|56/100
|-hitcount|p2a: Slowking|4
|move|p2a: Slowking|Sludge Bomb|p1a: Kyurem
|-damage|p1a: Kyurem|15/100
|-status|p1a: Kyurem|psn
|
|-damage|p1a: Kyurem|3/100 psn|[from] psn
|upkeep
|turn|31
|
|t:|1760357299
|move|p1a: Kyurem|Scale Shot|p2a: Slowking
|-damage|p2a: Slowking|42/100
|-damage|p2a: Slowking|26/100
|-damage|p2a: Slowking|10/100
|-damage|p2a: Slowking|0 fnt
|faint|p2a: Slowking
|-hitcount|p2: Slowking|4
|-unboost|p1a: Kyurem|def|1
|-boost|p1a: Kyurem|spe|1
|
|-damage|p1a: Kyurem|0 fnt|[from] psn
|faint|p1a: Kyurem
|
|win|healorant
|raw|Beile's rating: 1588 &rarr; <strong>1582</strong><br />(-6 for losing)
|raw|healorant's rating: 1878 &rarr; <strong>1884</strong><br />(+6 for winning)
|l|☆Beile
|player|p1|
|l|☆healorant
|player|p2|
