|j|☆LionX_Pro
|j|☆Mikeyd01
|t:|1760368862
|gametype|singles
|player|p1|LionX_Pro|steven|1322
|player|p2|Mikeyd01|101|1368
|gen|9
|tier|[Gen 9] OU
|rated|
|rule|HP Percentage Mod: HP is shown in percentages
|rule|Endless Battle Clause: Forcing endless battles is banned
|rule|Species Clause: Limit one of each Pokémon
|rule|OHKO Clause: OHKO moves are banned
|rule|Evasion Items Clause: Evasion items are banned
|rule|Evasion Moves Clause: Evasion moves are banned
|rule|Evasion Abilities Clause: Evasion abilities are banned
|rule|Sleep Moves Clause: Sleep-inducing moves are banned
|clearpoke
|poke|p1|Shiftry, F|
|poke|p1|Glimmora, M|
|poke|p1|Incineroar, F|
|poke|p1|Gliscor, F|
|poke|p1|Garganacl, M|
|poke|p1|Quaquaval, M|
|poke|p2|Cinderace, M|
|poke|p2|Iron Valiant|
|poke|p2|Kingambit, M|
|poke|p2|Goodra-Hisui, F|
|poke|p2|Zapdos|
|poke|p2|Comfey, F|
|teampreview
|
|t:|1760368869
|teamsize|p1|6
|teamsize|p2|6
|start
|switch|p1a: Shiftry|Shiftry, F|100/100
|switch|p2a: Goodra|Goodra-Hisui, F|100/100
|turn|1
|
|t:|1760368874
|move|p1a: Shiftry|Tailwind|p1a: Shiftry
|-sidestart|p1: LionX_Pro|move: Tailwind
|-ability|p1a: Shiftry|Wind Rider|boost
|-boost|p1a: Shiftry|atk|1
|move|p2a: Goodra|Ice Beam|p1a: Shiftry
|-supereffective|p1a: Shiftry
|-enditem|p1a: Shiftry|Focus Sash
|-damage|p1a: Shiftry|1/100
|
|upkeep
|turn|2
|
|t:|1760368884
|move|p1a: Shiftry|Endeavor|p2a: Goodra
|-damage|p2a: Goodra|1/100
|-ability|p2a: Goodra|Gooey
|-unboost|p1a: Shiftry|spe|1
|move|p2a: Goodra|Ice Beam|p1a: Shiftry
|-supereffective|p1a: Shiftry
|-damage|p1a: Shiftry|0 fnt
|faint|p1a: Shiftry
|
|upkeep
|
|t:|1760368888
|switch|p1a: Quaquaval|Quaquaval, M|100/100
|turn|3
|
|t:|1760368895
|switch|p2a: Zapdos|Zapdos|100/100
|move|p1a: Quaquaval|Aqua Step|p2a: Zapdos
|-damage|p2a: Zapdos|62/100
|-boost|p1a: Quaquaval|spe|1
|-damage|p1a: Quaquaval|84/100|[from] item: Rocky Helmet|[of] p2a: Zapdos
|
|upkeep
|turn|4
|
|t:|1760368898
|move|p1a: Quaquaval|Triple Axel|p2a: Zapdos
|-supereffective|p2a: Zapdos
|-damage|p2a: Zapdos|50/100
|-damage|p1a: Quaquaval|68/100|[from] item: Rocky Helmet|[of] p2a: Zapdos
|-supereffective|p2a: Zapdos
|-damage|p2a: Zapdos|24/100
|-damage|p1a: Quaquaval|51/100|[from] item: Rocky Helmet|[of] p2a: Zapdos
|-supereffective|p2a: Zapdos
|-damage|p2a: Zapdos|0 fnt
|-damage|p1a: Quaquaval|35/100|[from] item: Rocky Helmet|[of] p2a: Zapdos
|faint|p2a: Zapdos
|-ability|p1a: Quaquaval|Moxie|boost
|-boost|p1a: Quaquaval|atk|1
|-hitcount|p2: Zapdos|3
|
|-sideend|p1: LionX_Pro|move: Tailwind
|upkeep
|
|t:|1760368911
|switch|p2a: Iron Valiant|Iron Valiant|100/100
|turn|5
|
|t:|1760368917
|move|p2a: Iron Valiant|Moonblast|p1a: Quaquaval
|-supereffective|p1a: Quaquaval
|-damage|p1a: Quaquaval|0 fnt
|faint|p1a: Quaquaval
|
|upkeep
|
|t:|1760368922
|switch|p1a: Glimmora|Glimmora, M|100/100
|turn|6
|
|t:|1760368926
|-end|p2a: Iron Valiant|Quark Drive|[silent]
|switch|p2a: Goodra|Goodra-Hisui, F|1/100
|move|p1a: Glimmora|Meteor Beam||[still]
|-prepare|p1a: Glimmora|Meteor Beam
|-boost|p1a: Glimmora|spa|1
|-enditem|p1a: Glimmora|Power Herb
|-anim|p1a: Glimmora|Meteor Beam|p2a: Goodra
|-resisted|p2a: Goodra
|-damage|p2a: Goodra|0 fnt
|faint|p2a: Goodra
|
|upkeep
|
|t:|1760368936
|switch|p2a: Kingambit|Kingambit, M|100/100
|-activate|p2a: Kingambit|ability: Supreme Overlord
|-start|p2a: Kingambit|fallen2|[silent]
|turn|7
|
|t:|1760368944
|move|p1a: Glimmora|Earth Power|p2a: Kingambit
|-supereffective|p2a: Kingambit
|-damage|p2a: Kingambit|49/100
|move|p2a: Kingambit|Iron Head|p1a: Glimmora
|-supereffective|p1a: Glimmora
|-damage|p1a: Glimmora|0 fnt
|-activate|p1a: Glimmora|ability: Toxic Debris
|-sidestart|p2: Mikeyd01|move: Toxic Spikes
|faint|p1a: Glimmora
|
|upkeep
|
|t:|1760368958
|switch|p1a: Gliscor|Gliscor, F|100/100
|turn|8
|
|t:|1760368963
|-end|p2a: Kingambit|fallen2|[silent]
|switch|p2a: Comfey|Comfey, F|100/100
|-status|p2a: Comfey|psn
|move|p1a: Gliscor|Earthquake|p2a: Comfey
|-damage|p2a: Comfey|63/100 psn
|
|-damage|p2a: Comfey|51/100 psn|[from] psn
|-status|p1a: Gliscor|tox|[from] item: Toxic Orb
|upkeep
|turn|9
|
|t:|1760368975
|move|p2a: Comfey|Calm Mind|p2a: Comfey
|-boost|p2a: Comfey|spa|1
|-boost|p2a: Comfey|spd|1
|move|p1a: Gliscor|Stealth Rock|p2a: Comfey
|-sidestart|p2: Mikeyd01|move: Stealth Rock
|
|-damage|p2a: Comfey|38/100 psn|[from] psn
|upkeep
|turn|10
|
|t:|1760368981
|switch|p1a: Incineroar|Incineroar, F|100/100
|-ability|p1a: Incineroar|Intimidate|boost
|-unboost|p2a: Comfey|atk|1
|move|p2a: Comfey|Calm Mind|p2a: Comfey
|-boost|p2a: Comfey|spa|1
|-boost|p2a: Comfey|spd|1
|
|-damage|p2a: Comfey|26/100 psn|[from] psn
|upkeep
|turn|11
|
|t:|1760368993
|move|p2a: Comfey|Draining Kiss|p1a: Incineroar
|-damage|p1a: Incineroar|68/100
|-heal|p2a: Comfey|65/100 psn|[from] drain|[of] p1a: Incineroar
|move|p1a: Incineroar|Fake Out|p2a: Comfey
|-damage|p2a: Comfey|52/100 psn
|
|-damage|p2a: Comfey|40/100 psn|[from] psn
|upkeep
|turn|12
|
|t:|1760369000
|-terastallize|p2a: Comfey|Ground
|move|p2a: Comfey|Tera Blast|p1a: Incineroar|[anim] Tera Blast Ground
|-supereffective|p1a: Incineroar
|-damage|p1a: Incineroar|0 fnt
|faint|p1a: Incineroar
|
|-damage|p2a: Comfey|27/100 psn|[from] psn
|upkeep
|
|t:|1760369011
|switch|p1a: Gliscor|Gliscor, F|100/100 tox
|turn|13
|
|t:|1760369014
|move|p2a: Comfey|Draining Kiss|p1a: Gliscor
|-damage|p1a: Gliscor|45/100 tox
|-heal|p2a: Comfey|88/100 psn|[from] drain|[of] p1a: Gliscor
|move|p1a: Gliscor|Earthquake|p2a: Comfey
|-damage|p2a: Comfey|50/100 psn
|
|-damage|p2a: Comfey|38/100 psn|[from] psn
|-heal|p1a: Gliscor|58/100 tox|[from] ability: Poison Heal
|upkeep
|turn|14
|
|t:|1760369023
|move|p1a: Gliscor|Protect|p1a: Gliscor
|-singleturn|p1a: Gliscor|Protect
|move|p2a: Comfey|Draining Kiss|p1a: Gliscor
|-activate|p1a: Gliscor|move: Protect
|
|-damage|p2a: Comfey|26/100 psn|[from] psn
|-heal|p1a: Gliscor|70/100 tox|[from] ability: Poison Heal
|upkeep
|turn|15
|
|t:|1760369025
|switch|p1a: Garganacl|Garganacl, M|100/100
|move|p2a: Comfey|Draining Kiss|p1a: Garganacl
|-damage|p1a: Garganacl|70/100
|-heal|p2a: Comfey|63/100 psn|[from] drain|[of] p1a: Garganacl
|
|-heal|p1a: Garganacl|76/100|[from] item: Leftovers
|-damage|p2a: Comfey|51/100 psn|[from] psn
|upkeep
|turn|16
|
|t:|1760369029
|move|p2a: Comfey|Giga Drain|p1a: Garganacl
|-supereffective|p1a: Garganacl
|-damage|p1a: Garganacl|19/100
|-heal|p2a: Comfey|98/100 psn|[from] drain|[of] p1a: Garganacl
|move|p1a: Garganacl|Salt Cure|p2a: Comfey
|-resisted|p2a: Comfey
|-damage|p2a: Comfey|90/100 psn
|-start|p2a: Comfey|Salt Cure
|
|-heal|p1a: Garganacl|25/100|[from] item: Leftovers
|-damage|p2a: Comfey|78/100 psn|[from] psn
|-damage|p2a: Comfey|66/100 psn|[from] Salt Cure
|upkeep
|turn|17
|-message|LionX_Pro forfeited.
|
|win|Mikeyd01
|raw|LionX_Pro's rating: 1341 &rarr; <strong>1323</strong><br />(-18 for losing)
|raw|Mikeyd01's rating: 1368 &rarr; <strong>1386</strong><br />(+18 for winning)
|l|☆LionX_Pro
|player|p1|
|l|☆Mikeyd01
|player|p2|
