|j|☆itachiisgoated69
|j|☆BradenWoA
|t:|1760328459
|gametype|singles
|player|p1|itachiisgoated69|lance|1381
|player|p2|BradenWoA|266|1409
|gen|9
|tier|[Gen 9] OU
|rated|
|rule|HP Percentage Mod: HP is shown in percentages
|rule|Endless Battle Clause: Forcing endless battles is banned
|rule|Species Clause: Limit one of each Pokémon
|rule|OHKO Clause: OHKO moves are banned
|rule|Evasion Items Clause: Evasion items are banned
|rule|Evasion Moves Clause: Evasion moves are banned
|rule|Evasion Abilities Clause: Evasion abilities are banned
|rule|Sleep Moves Clause: Sleep-inducing moves are banned
|clearpoke
|poke|p1|Necrozma|
|poke|p1|Kingambit, F|
|poke|p1|Samurott-Hisui, F|
|poke|p1|Iron Treads|
|poke|p1|Pecharunt|
|poke|p1|Enamorus, F|
|poke|p2|Dusclops, M|
|poke|p2|Enamorus, F|
|poke|p2|Hoopa-Unbound|
|poke|p2|Iron Hands|
|poke|p2|Iron Valiant|
|poke|p2|Ursaluna, M|
|teampreview
|
|t:|1760328487
|teamsize|p1|6
|teamsize|p2|6
|start
|switch|p1a: Musashi|Samurott-Hisui, F, shiny|100/100
|switch|p2a: Enamorus|Enamorus, F|100/100
|turn|1
|
|t:|1760328504
|-terastallize|p1a: Musashi|Water
|move|p2a: Enamorus|Moonblast|p1a: Musashi
|-damage|p1a: Musashi|26/100
|move|p1a: Musashi|Razor Shell|p2a: Enamorus
|-damage|p2a: Enamorus|0 fnt
|faint|p2a: Enamorus
|
|upkeep
|
|t:|1760328521
|switch|p2a: Iron Valiant|Iron Valiant|100/100
|-enditem|p2a: Iron Valiant|Booster Energy
|-activate|p2a: Iron Valiant|ability: Quark Drive|[fromitem]
|-start|p2a: Iron Valiant|quarkdrivespe
|turn|2
|
|t:|1760328540
|switch|p1a: Star fragment|Necrozma, shiny|100/100
|move|p2a: Iron Valiant|Trick Room|p2a: Iron Valiant
|-fieldstart|move: Trick Room|[of] p2a: Iron Valiant
|
|upkeep
|turn|3
|
|t:|1760328549
|-end|p2a: Iron Valiant|Quark Drive|[silent]
|switch|p2a: Hoopa|Hoopa-Unbound|100/100
|move|p1a: Star fragment|Photon Geyser|p2a: Hoopa
|-immune|p2a: Hoopa
|
|upkeep
|turn|4
|
|t:|1760328590
|move|p2a: Hoopa|Psychic Noise|p1a: Star fragment
|-resisted|p1a: Star fragment
|-damage|p1a: Star fragment|75/100
|-start|p1a: Star fragment|move: Heal Block
|-enditem|p2a: Hoopa|Throat Spray
|-boost|p2a: Hoopa|spa|1|[from] item: Throat Spray
|move|p1a: Star fragment|Trick Room|p1a: Star fragment
|-fieldend|move: Trick Room
|
|upkeep
|turn|5
|c|☆BradenWoA|ayo
|
|t:|1760328632
|switch|p1a: Donphandroid|Iron Treads|100/100
|move|p2a: Hoopa|Dark Pulse|p1a: Donphandroid
|-damage|p1a: Donphandroid|18/100
|-item|p2a: Hoopa|Assault Vest|[from] ability: Magician|[of] p1a: Donphandroid
|
|upkeep
|turn|6
|
|t:|1760328650
|move|p1a: Donphandroid|Earthquake|p2a: Hoopa
|-damage|p2a: Hoopa|32/100
|move|p2a: Hoopa|Drain Punch|p1a: Donphandroid
|-supereffective|p1a: Donphandroid
|-damage|p1a: Donphandroid|0 fnt
|-heal|p2a: Hoopa|40/100|[from] drain|[of] p1a: Donphandroid
|faint|p1a: Donphandroid
|-end|p1a: Donphandroid|Quark Drive|[silent]
|
|upkeep
|
|t:|1760328657
|switch|p1a: Musashi|Samurott-Hisui, F, shiny, tera:Water|26/100
|turn|7
|
|t:|1760328673
|move|p1a: Musashi|Razor Shell|p2a: Hoopa
|-damage|p2a: Hoopa|0 fnt
|faint|p2a: Hoopa
|
|upkeep
|
|t:|1760328676
|switch|p2a: Iron Valiant|Iron Valiant|100/100
|turn|8
|
|t:|1760328689
|move|p2a: Iron Valiant|Moonblast|p1a: Musashi
|-damage|p1a: Musashi|0 fnt
|faint|p1a: Musashi
|
|upkeep
|inactive|Battle timer is ON: inactive players will automatically lose when time's up. (requested by BradenWoA)
|inactive|itachiisgoated69 has 120 seconds left.
|inactive|itachiisgoated69 has 90 seconds left.
|inactive|itachiisgoated69 has 60 seconds left.
|inactive|itachiisgoated69 has 30 seconds left.
|inactive|itachiisgoated69 has 20 seconds left.
|inactive|itachiisgoated69 has 15 seconds left.
|inactive|itachiisgoated69 has 10 seconds left.
|inactive|itachiisgoated69 has 5 seconds left.
|-message|itachiisgoated69 lost due to inactivity.
|
|win|BradenWoA
|raw|itachiisgoated69's rating: 1381 &rarr; <strong>1363</strong><br />(-18 for losing)
|raw|BradenWoA's rating: 1409 &rarr; <strong>1427</strong><br />(+18 for winning)
|l|☆BradenWoA
|player|p2|
