|j|‽randomnoob459
|j|‽Sd2024
|t:|1760416705
|gametype|singles
|player|p1|randomnoob459|1|1394
|player|p2|Sd2024|101|1370
|gen|9
|tier|[Gen 9] OU
|rated|
|rule|HP Percentage Mod: HP is shown in percentages
|rule|Endless Battle Clause: Forcing endless battles is banned
|rule|Species Clause: Limit one of each Pokémon
|rule|OHKO Clause: OHKO moves are banned
|rule|Evasion Items Clause: Evasion items are banned
|rule|Evasion Moves Clause: Evasion moves are banned
|rule|Evasion Abilities Clause: Evasion abilities are banned
|rule|Sleep Moves Clause: Sleep-inducing moves are banned
|clearpoke
|poke|p1|Serperior, M|
|poke|p1|Ting-Lu|
|poke|p1|Rotom-Wash|
|poke|p1|Dragapult, M|
|poke|p1|Scizor, F|
|poke|p1|Great Tusk|
|poke|p2|Raging Bolt|
|poke|p2|Ribombee, F|
|poke|p2|Venusaur, M|
|poke|p2|Torkoal, F|
|poke|p2|Great Tusk|
|poke|p2|Metagross|
|teampreview
|inactive|Battle timer is ON: inactive players will automatically lose when time's up. (requested by Sd2024)
|
|t:|1760416717
|teamsize|p1|6
|teamsize|p2|6
|start
|switch|p1a: Scizor|Scizor, F|100/100
|switch|p2a: Torkoal|Torkoal, F|100/100
|-weather|SunnyDay|[from] ability: Drought|[of] p2a: Torkoal
|turn|1
|
|t:|1760416730
|move|p1a: Scizor|U-turn|p2a: Torkoal
|-resisted|p2a: Torkoal
|-damage|p2a: Torkoal|79/100
|
|t:|1760416740
|switch|p1a: Rotom|Rotom-Wash|100/100|[from] U-turn
|move|p2a: Torkoal|Will-O-Wisp|p1a: Rotom
|-status|p1a: Rotom|brn
|
|-weather|SunnyDay|[upkeep]
|-damage|p1a: Rotom|94/100 brn|[from] brn
|upkeep
|turn|2
|
|t:|1760416751
|switch|p2a: Ribombee|Ribombee, F|100/100
|move|p1a: Rotom|Volt Switch|p2a: Ribombee
|-damage|p2a: Ribombee|62/100
|
|t:|1760416758
|switch|p1a: Scizor|Scizor, F|100/100|[from] Volt Switch
|
|-weather|SunnyDay|[upkeep]
|upkeep
|turn|3
|
|t:|1760416764
|switch|p2a: Torkoal|Torkoal, F|79/100
|move|p1a: Scizor|Bullet Punch|p2a: Torkoal
|-resisted|p2a: Torkoal
|-damage|p2a: Torkoal|59/100
|
|-weather|SunnyDay|[upkeep]
|upkeep
|turn|4
|
|t:|1760416774
|switch|p1a: Rotom|Rotom-Wash|94/100 brn
|move|p2a: Torkoal|Stealth Rock|p1a: Rotom
|-sidestart|p1: randomnoob459|move: Stealth Rock
|
|-weather|SunnyDay|[upkeep]
|-heal|p1a: Rotom|100/100 brn|[from] item: Leftovers
|-damage|p1a: Rotom|94/100 brn|[from] brn
|upkeep
|turn|5
|
|t:|1760416782
|move|p1a: Rotom|Volt Switch|p2a: Torkoal
|-damage|p2a: Torkoal|35/100
|
|t:|1760416789
|switch|p1a: Dragapult|Dragapult, M|100/100|[from] Volt Switch
|move|p2a: Torkoal|Will-O-Wisp|p1a: Dragapult
|-status|p1a: Dragapult|brn
|
|-weather|SunnyDay|[upkeep]
|-damage|p1a: Dragapult|95/100 brn|[from] brn
|upkeep
|turn|6
|
|t:|1760416798
|move|p1a: Dragapult|Hex|p2a: Torkoal
|-damage|p2a: Torkoal|12/100
|move|p2a: Torkoal|Lava Plume|p1a: Dragapult
|-resisted|p1a: Dragapult
|-damage|p1a: Dragapult|66/100 brn
|
|-weather|SunnyDay|[upkeep]
|-damage|p1a: Dragapult|60/100 brn|[from] brn
|upkeep
|turn|7
|
|t:|1760416805
|switch|p2a: Ribombee|Ribombee, F|62/100
|move|p1a: Dragapult|Hex|p2a: Ribombee
|-damage|p2a: Ribombee|26/100
|
|-weather|SunnyDay|[upkeep]
|-damage|p1a: Dragapult|54/100 brn|[from] brn
|upkeep
|turn|8
|
|t:|1760416813
|move|p1a: Dragapult|Hex|p2a: Ribombee
|-damage|p2a: Ribombee|0 fnt
|faint|p2a: Ribombee
|
|-weather|none
|-damage|p1a: Dragapult|48/100 brn|[from] brn
|upkeep
|
|t:|1760416817
|switch|p2a: Torkoal|Torkoal, F|12/100
|-weather|SunnyDay|[from] ability: Drought|[of] p2a: Torkoal
|turn|9
|
|t:|1760416825
|switch|p2a: Raging Bolt|Raging Bolt|100/100
|-activate|p2a: Raging Bolt|ability: Protosynthesis
|-start|p2a: Raging Bolt|protosynthesisspa
|move|p1a: Dragapult|U-turn|p2a: Raging Bolt
|-damage|p2a: Raging Bolt|93/100
|
|t:|1760416833
|switch|p1a: Ting-Lu|Ting-Lu|100/100|[from] U-turn
|-damage|p1a: Ting-Lu|94/100|[from] Stealth Rock
|-ability|p1a: Ting-Lu|Vessel of Ruin
|
|-weather|SunnyDay|[upkeep]
|-heal|p2a: Raging Bolt|99/100|[from] item: Leftovers
|-heal|p1a: Ting-Lu|100/100|[from] item: Leftovers
|upkeep
|turn|10
|
|t:|1760416843
|move|p2a: Raging Bolt|Calm Mind|p2a: Raging Bolt
|-boost|p2a: Raging Bolt|spa|1
|-boost|p2a: Raging Bolt|spd|1
|move|p1a: Ting-Lu|Spikes|p2a: Raging Bolt
|-sidestart|p2: Sd2024|Spikes
|
|-weather|SunnyDay|[upkeep]
|-heal|p2a: Raging Bolt|100/100|[from] item: Leftovers
|upkeep
|turn|11
|
|t:|1760416849
|-terastallize|p2a: Raging Bolt|Ice
|move|p2a: Raging Bolt|Tera Blast|p1a: Ting-Lu|[anim] Tera Blast Ice
|-supereffective|p1a: Ting-Lu
|-crit|p1a: Ting-Lu
|-damage|p1a: Ting-Lu|0 fnt
|faint|p1a: Ting-Lu
|
|-weather|SunnyDay|[upkeep]
|upkeep
|
|t:|1760416863
|switch|p1a: Scizor|Scizor, F|100/100
|-damage|p1a: Scizor|88/100|[from] Stealth Rock
|turn|12
|
|t:|1760416867
|-terastallize|p1a: Scizor|Steel
|move|p1a: Scizor|Bullet Punch|p2a: Raging Bolt
|-supereffective|p2a: Raging Bolt
|-damage|p2a: Raging Bolt|0 fnt
|faint|p2a: Raging Bolt
|-end|p2a: Raging Bolt|Protosynthesis|[silent]
|
|-weather|SunnyDay|[upkeep]
|upkeep
|
|t:|1760416878
|switch|p2a: Venusaur|Venusaur, M|100/100
|-damage|p2a: Venusaur|88/100|[from] Spikes
|turn|13
|
|t:|1760416889
|switch|p1a: Rotom|Rotom-Wash|94/100 brn
|-damage|p1a: Rotom|82/100 brn|[from] Stealth Rock
|move|p2a: Venusaur|Weather Ball|p1a: Rotom
|-resisted|p1a: Rotom
|-damage|p1a: Rotom|56/100 brn
|
|-weather|SunnyDay|[upkeep]
|-heal|p2a: Venusaur|94/100|[from] item: Leftovers
|-heal|p1a: Rotom|62/100 brn|[from] item: Leftovers
|-damage|p1a: Rotom|56/100 brn|[from] brn
|upkeep
|turn|14
|inactive|randomnoob459 has 120 seconds left.
|
|t:|1760416932
|move|p2a: Venusaur|Giga Drain|p1a: Rotom
|-supereffective|p1a: Rotom
|-damage|p1a: Rotom|0 fnt
|-heal|p2a: Venusaur|100/100|[from] drain|[of] p1a: Rotom
|faint|p1a: Rotom
|
|-weather|SunnyDay|[upkeep]
|upkeep
|
|t:|1760416937
|switch|p1a: Serperior|Serperior, M|100/100
|-damage|p1a: Serperior|88/100|[from] Stealth Rock
|turn|15
|inactive|randomnoob459 has 120 seconds left.
|
|t:|1760416943
|switch|p1a: Dragapult|Dragapult, M|48/100 brn
|move|p2a: Venusaur|Weather Ball|p1a: Dragapult
|-resisted|p1a: Dragapult
|-damage|p1a: Dragapult|9/100 brn
|
|-weather|SunnyDay|[upkeep]
|-damage|p1a: Dragapult|3/100 brn|[from] brn
|upkeep
|turn|16
|inactive|randomnoob459 has 120 seconds left.
|
|t:|1760416955
|switch|p2a: Metagross|Metagross|100/100
|-damage|p2a: Metagross|88/100|[from] Spikes
|move|p1a: Dragapult|Will-O-Wisp|p2a: Metagross
|-status|p2a: Metagross|brn
|
|-weather|none
|-damage|p1a: Dragapult|0 fnt|[from] brn
|faint|p1a: Dragapult
|-damage|p2a: Metagross|82/100 brn|[from] brn
|upkeep
|inactive|randomnoob459 has 120 seconds left.
|
|t:|1760416968
|switch|p1a: Great Tusk|Great Tusk|100/100
|turn|17
|inactive|randomnoob459 has 120 seconds left.
|
|t:|1760416974
|move|p1a: Great Tusk|Rapid Spin|p2a: Metagross
|-resisted|p2a: Metagross
|-damage|p2a: Metagross|76/100 brn
|-boost|p1a: Great Tusk|spe|1
|-sideend|p1: randomnoob459|Stealth Rock|[from] move: Rapid Spin|[of] p1a: Great Tusk
|move|p2a: Metagross|Psychic Fangs|p1a: Great Tusk
|-supereffective|p1a: Great Tusk
|-damage|p1a: Great Tusk|65/100
|
|-damage|p2a: Metagross|70/100 brn|[from] brn
|upkeep
|turn|18
|
|t:|1760416984
|move|p1a: Great Tusk|Stealth Rock|p2a: Metagross
|-sidestart|p2: Sd2024|move: Stealth Rock
|move|p2a: Metagross|Meteor Mash|p1a: Great Tusk
|-damage|p1a: Great Tusk|47/100
|
|-damage|p2a: Metagross|64/100 brn|[from] brn
|upkeep
|turn|19
|
|t:|1760416990
|move|p1a: Great Tusk|Headlong Rush|p2a: Metagross
|-supereffective|p2a: Metagross
|-crit|p2a: Metagross
|-damage|p2a: Metagross|0 fnt
|-unboost|p1a: Great Tusk|def|1
|-unboost|p1a: Great Tusk|spd|1
|faint|p2a: Metagross
|
|upkeep
|
|t:|1760416994
|switch|p2a: Great Tusk|Great Tusk|100/100
|-damage|p2a: Great Tusk|88/100|[from] Spikes
|-damage|p2a: Great Tusk|85/100|[from] Stealth Rock
|turn|20
|
|t:|1760417006
|move|p1a: Great Tusk|Ice Spinner|p2a: Great Tusk
|-supereffective|p2a: Great Tusk
|-damage|p2a: Great Tusk|40/100
|move|p2a: Great Tusk|Rapid Spin|p1a: Great Tusk
|-damage|p1a: Great Tusk|28/100
|-boost|p2a: Great Tusk|spe|1
|-sideend|p2: Sd2024|Spikes|[from] move: Rapid Spin|[of] p2a: Great Tusk
|-sideend|p2: Sd2024|Stealth Rock|[from] move: Rapid Spin|[of] p2a: Great Tusk
|
|upkeep
|turn|21
|
|t:|1760417015
|move|p1a: Great Tusk|Ice Spinner|p2a: Great Tusk
|-supereffective|p2a: Great Tusk
|-damage|p2a: Great Tusk|3/100
|move|p2a: Great Tusk|Ice Spinner|p1a: Great Tusk
|-supereffective|p1a: Great Tusk
|-damage|p1a: Great Tusk|0 fnt
|faint|p1a: Great Tusk
|-end|p1a: Great Tusk|Protosynthesis|[silent]
|
|upkeep
|
|t:|1760417024
|switch|p1a: Serperior|Serperior, M|88/100
|turn|22
|
|t:|1760417033
|move|p2a: Great Tusk|Ice Spinner|p1a: Serperior
|-supereffective|p1a: Serperior
|-damage|p1a: Serperior|28/100
|move|p1a: Serperior|Leaf Storm|p2a: Great Tusk
|-supereffective|p2a: Great Tusk
|-damage|p2a: Great Tusk|0 fnt
|-unboost|p1a: Serperior|spa|2
|faint|p2a: Great Tusk
|-end|p2a: Great Tusk|Protosynthesis|[silent]
|
|-heal|p1a: Serperior|34/100|[from] item: Leftovers
|upkeep
|
|t:|1760417037
|switch|p2a: Torkoal|Torkoal, F|12/100
|-weather|SunnyDay|[from] ability: Drought|[of] p2a: Torkoal
|turn|23
|
|t:|1760417045
|move|p1a: Serperior|Knock Off|p2a: Torkoal
|-damage|p2a: Torkoal|0 fnt
|-enditem|p2a: Torkoal|Heat Rock|[from] move: Knock Off|[of] p1a: Serperior
|faint|p2a: Torkoal
|
|-weather|SunnyDay|[upkeep]
|-heal|p1a: Serperior|41/100|[from] item: Leftovers
|upkeep
|
|t:|1760417047
|switch|p2a: Venusaur|Venusaur, M|100/100
|turn|24
|
|t:|1760417051
|move|p2a: Venusaur|Weather Ball|p1a: Serperior
|-supereffective|p1a: Serperior
|-damage|p1a: Serperior|0 fnt
|faint|p1a: Serperior
|
|-weather|SunnyDay|[upkeep]
|upkeep
|
|t:|1760417053
|switch|p1a: Scizor|Scizor, F, tera:Steel|88/100
|turn|25
|
|t:|1760417055
|move|p1a: Scizor|Bullet Punch|p2a: Venusaur
|-damage|p2a: Venusaur|13/100
|move|p2a: Venusaur|Weather Ball|p1a: Scizor
|-supereffective|p1a: Scizor
|-damage|p1a: Scizor|0 fnt
|faint|p1a: Scizor
|
|win|Sd2024
|raw|randomnoob459's rating: 1394 &rarr; <strong>1373</strong><br />(-21 for losing)
|raw|Sd2024's rating: 1370 &rarr; <strong>1391</strong><br />(+21 for winning)
|l|‽randomnoob459
|player|p1|
|l|‽Sd2024
|player|p2|
