|j|☆Lu54her
|j|☆ChriszGOAT
|t:|1760460620
|gametype|singles
|player|p1|Lu54her|ingo|1124
|player|p2|ChriszGOAT|crasherwake|1106
|gen|9
|tier|[Gen 9] OU
|rated|
|rule|HP Percentage Mod: HP is shown in percentages
|rule|Endless Battle Clause: Forcing endless battles is banned
|rule|Species Clause: Limit one of each Pokémon
|rule|OHKO Clause: OHKO moves are banned
|rule|Evasion Items Clause: Evasion items are banned
|rule|Evasion Moves Clause: Evasion moves are banned
|rule|Evasion Abilities Clause: Evasion abilities are banned
|rule|Sleep Moves Clause: Sleep-inducing moves are banned
|clearpoke
|poke|p1|Kleavor, M|
|poke|p1|Brambleghast, F|
|poke|p1|Moltres|
|poke|p1|Mamoswine, F|
|poke|p1|Pecharunt|
|poke|p1|Kingambit, M|
|poke|p2|Infernape, F|
|poke|p2|Zarude-Dada|
|poke|p2|Rillaboom, M|
|poke|p2|Passimian, M|
|poke|p2|Primeape, M|
|poke|p2|Munkidori, M|
|teampreview
|
|t:|1760460626
|teamsize|p1|6
|teamsize|p2|6
|start
|switch|p1a: Pecharunt|Pecharunt|100/100
|switch|p2a: The ball toucher|Passimian, M|100/100
|-item|p1a: Pecharunt|Air Balloon
|turn|1
|
|t:|1760460633
|move|p2a: The ball toucher|Knock Off|p1a: Pecharunt
|-supereffective|p1a: Pecharunt
|-damage|p1a: Pecharunt|49/100
|-enditem|p1a: Pecharunt|Air Balloon
|move|p1a: Pecharunt|Malignant Chain|p2a: The ball toucher
|-damage|p2a: The ball toucher|43/100
|
|upkeep
|turn|2
|
|t:|1760460652
|switch|p2a: Munkisnorey|Munkidori, M|100/100
|-terastallize|p1a: Pecharunt|Fighting
|move|p1a: Pecharunt|Malignant Chain|p2a: Munkisnorey
|-resisted|p2a: Munkisnorey
|-damage|p2a: Munkisnorey|76/100
|
|upkeep
|turn|3
|
|t:|1760460667
|move|p2a: Munkisnorey|Focus Blast|p1a: Pecharunt
|-damage|p1a: Pecharunt|0 fnt
|faint|p1a: Pecharunt
|
|upkeep
|
|t:|1760460676
|switch|p1a: Kingambit|Kingambit, M|100/100
|-activate|p1a: Kingambit|ability: Supreme Overlord
|-start|p1a: Kingambit|fallen1|[silent]
|turn|4
|
|t:|1760460694
|switch|p2a: Infernuts|Infernape, F|100/100
|move|p1a: Kingambit|Sucker Punch||[still]
|-fail|p1a: Kingambit
|
|upkeep
|turn|5
|
|t:|1760460703
|-end|p1a: Kingambit|fallen1|[silent]
|switch|p1a: Moltres|Moltres|100/100
|move|p2a: Infernuts|Aura Sphere|p1a: Moltres
|-resisted|p1a: Moltres
|-damage|p1a: Moltres|77/100
|-damage|p2a: Infernuts|91/100|[from] item: Life Orb
|
|upkeep
|turn|6
|
|t:|1760460712
|move|p2a: Infernuts|Stone Edge|p1a: Moltres
|-supereffective|p1a: Moltres
|-damage|p1a: Moltres|0 fnt
|faint|p1a: Moltres
|-damage|p2a: Infernuts|81/100|[from] item: Life Orb
|
|upkeep
|
|t:|1760460719
|switch|p1a: Kleavor|Kleavor, M|100/100
|turn|7
|
|t:|1760460762
|switch|p1a: Brambleghast|Brambleghast, F|100/100
|move|p2a: Infernuts|Stone Edge|p1a: Brambleghast|[miss]
|-miss|p2a: Infernuts|p1a: Brambleghast
|
|upkeep
|turn|8
|
|t:|1760460781
|move|p2a: Infernuts|Overheat|p1a: Brambleghast
|-supereffective|p1a: Brambleghast
|-damage|p1a: Brambleghast|0 fnt
|-unboost|p2a: Infernuts|spa|2
|faint|p1a: Brambleghast
|-damage|p2a: Infernuts|71/100|[from] item: Life Orb
|
|upkeep
|
|t:|1760460791
|switch|p1a: Kleavor|Kleavor, M|100/100
|turn|9
|
|t:|1760460795
|move|p2a: Infernuts|Stone Edge|p1a: Kleavor
|-supereffective|p1a: Kleavor
|-damage|p1a: Kleavor|2/100
|-damage|p2a: Infernuts|61/100|[from] item: Life Orb
|move|p1a: Kleavor|Tailwind|p1a: Kleavor
|-sidestart|p1: Lu54her|move: Tailwind
|
|upkeep
|turn|10
|
|t:|1760460806
|move|p1a: Kleavor|Aerial Ace|p2a: Infernuts
|-supereffective|p2a: Infernuts
|-damage|p2a: Infernuts|0 fnt
|faint|p2a: Infernuts
|
|upkeep
|
|t:|1760460812
|switch|p2a: 5 BIG BOOMS|Rillaboom, M|100/100
|-fieldstart|move: Grassy Terrain|[from] ability: Grassy Surge|[of] p2a: 5 BIG BOOMS
|turn|11
|
|t:|1760460818
|move|p2a: 5 BIG BOOMS|Grassy Glide|p1a: Kleavor
|-damage|p1a: Kleavor|0 fnt
|faint|p1a: Kleavor
|
|upkeep
|
|t:|1760460822
|switch|p1a: Mamoswine|Mamoswine, F|100/100
|turn|12
|
|t:|1760460833
|-terastallize|p2a: 5 BIG BOOMS|Rock
|move|p1a: Mamoswine|Icicle Crash|p2a: 5 BIG BOOMS
|-damage|p2a: 5 BIG BOOMS|44/100
|cant|p2a: 5 BIG BOOMS|flinch
|
|-heal|p2a: 5 BIG BOOMS|50/100|[from] Grassy Terrain
|-sideend|p1: Lu54her|move: Tailwind
|upkeep
|turn|13
|
|t:|1760460845
|move|p2a: 5 BIG BOOMS|Grassy Glide|p1a: Mamoswine
|-supereffective|p1a: Mamoswine
|-damage|p1a: Mamoswine|9/100
|move|p1a: Mamoswine|Earthquake|p2a: 5 BIG BOOMS
|-supereffective|p2a: 5 BIG BOOMS
|-damage|p2a: 5 BIG BOOMS|0 fnt
|faint|p2a: 5 BIG BOOMS
|
|-heal|p1a: Mamoswine|15/100|[from] Grassy Terrain
|upkeep
|
|t:|1760460857
|switch|p2a: Munkisnorey|Munkidori, M|76/100
|turn|14
|
|t:|1760460863
|move|p1a: Mamoswine|Ice Shard|p2a: Munkisnorey
|-damage|p2a: Munkisnorey|43/100
|move|p2a: Munkisnorey|Grass Knot|p1a: Mamoswine
|-supereffective|p1a: Mamoswine
|-damage|p1a: Mamoswine|0 fnt
|faint|p1a: Mamoswine
|
|-heal|p2a: Munkisnorey|49/100|[from] Grassy Terrain
|upkeep
|
|t:|1760460871
|switch|p1a: Kingambit|Kingambit, M|100/100
|-activate|p1a: Kingambit|ability: Supreme Overlord
|-start|p1a: Kingambit|fallen5|[silent]
|turn|15
|
|t:|1760460880
|switch|p2a: Temu Annihilape|Primeape, M|100/100
|move|p1a: Kingambit|Sucker Punch||[still]
|-fail|p1a: Kingambit
|
|-fieldend|move: Grassy Terrain
|upkeep
|turn|16
|
|t:|1760460889
|move|p1a: Kingambit|Sucker Punch|p2a: Temu Annihilape
|-resisted|p2a: Temu Annihilape
|-damage|p2a: Temu Annihilape|68/100
|move|p2a: Temu Annihilape|Drain Punch|p1a: Kingambit
|-supereffective|p1a: Kingambit
|-damage|p1a: Kingambit|0 fnt
|-heal|p2a: Temu Annihilape|100/100|[from] drain|[of] p1a: Kingambit
|faint|p1a: Kingambit
|-end|p1a: Kingambit|fallen5|[silent]
|
|win|ChriszGOAT
|raw|Lu54her's rating: 1124 &rarr; <strong>1098</strong><br />(-26 for losing)
|raw|ChriszGOAT's rating: 1106 &rarr; <strong>1132</strong><br />(+26 for winning)
|l|☆Lu54her
|player|p1|
|l|☆ChriszGOAT
|player|p2|
