|j|☆Dylphin
|j|☆Breadbug99
|t:|1760416781
|gametype|singles
|player|p1|Dylphin|sailor|1232
|player|p2|Breadbug99|skyla|1237
|gen|9
|tier|[Gen 9] OU
|rated|
|rule|HP Percentage Mod: HP is shown in percentages
|rule|Endless Battle Clause: Forcing endless battles is banned
|rule|Species Clause: Limit one of each Pokémon
|rule|OHKO Clause: OHKO moves are banned
|rule|Evasion Items Clause: Evasion items are banned
|rule|Evasion Moves Clause: Evasion moves are banned
|rule|Evasion Abilities Clause: Evasion abilities are banned
|rule|Sleep Moves Clause: Sleep-inducing moves are banned
|clearpoke
|poke|p1|Azumarill, M|
|poke|p1|Dragonite, F|
|poke|p1|Raging Bolt|
|poke|p1|Cinderace, M|
|poke|p1|Iron Jugulis|
|poke|p1|Gholdengo|
|poke|p2|Dragonite, F|
|poke|p2|Ogerpon-Wellspring, F|
|poke|p2|Iron Valiant|
|poke|p2|Iron Moth|
|poke|p2|Iron Treads|
|poke|p2|Gholdengo|
|teampreview
|inactive|Battle timer is ON: inactive players will automatically lose when time's up. (requested by Dylphin)
|
|t:|1760416786
|teamsize|p1|6
|teamsize|p2|6
|start
|switch|p1a: iJugs|Iron Jugulis|100/100
|switch|p2a: Shrek 2|Ogerpon-Wellspring, F|100/100
|turn|1
|
|t:|1760416794
|move|p2a: Shrek 2|U-turn|p1a: iJugs
|-damage|p1a: iJugs|67/100
|
|t:|1760416797
|switch|p2a: L'Elephant|Iron Treads|100/100|[from] U-turn
|move|p1a: iJugs|Hurricane|p2a: L'Elephant
|-resisted|p2a: L'Elephant
|-damage|p2a: L'Elephant|70/100
|
|-heal|p2a: L'Elephant|76/100|[from] item: Leftovers
|upkeep
|turn|2
|
|t:|1760416805
|move|p2a: L'Elephant|Stealth Rock|p1a: iJugs
|-sidestart|p1: Dylphin|move: Stealth Rock
|move|p1a: iJugs|Focus Blast|p2a: L'Elephant
|-supereffective|p2a: L'Elephant
|-damage|p2a: L'Elephant|0 fnt
|faint|p2a: L'Elephant
|-end|p2a: L'Elephant|Quark Drive|[silent]
|
|upkeep
|
|t:|1760416812
|switch|p2a: Shrek 2|Ogerpon-Wellspring, F|100/100
|turn|3
|
|t:|1760416818
|move|p2a: Shrek 2|Ivy Cudgel|p1a: iJugs|[anim] Ivy Cudgel Water
|-damage|p1a: iJugs|3/100
|move|p1a: iJugs|Hurricane|p2a: Shrek 2
|-supereffective|p2a: Shrek 2
|-damage|p2a: Shrek 2|0 fnt
|faint|p2a: Shrek 2
|
|upkeep
|
|t:|1760416834
|switch|p2a: Tippi|Iron Moth|100/100
|-enditem|p2a: Tippi|Booster Energy
|-activate|p2a: Tippi|ability: Quark Drive|[fromitem]
|-start|p2a: Tippi|quarkdrivespa
|turn|4
|
|t:|1760416838
|move|p2a: Tippi|Fiery Dance|p1a: iJugs
|-damage|p1a: iJugs|0 fnt
|-boost|p2a: Tippi|spa|1
|faint|p1a: iJugs
|-end|p1a: iJugs|Quark Drive|[silent]
|
|upkeep
|
|t:|1760416848
|switch|p1a: Bring da Boom|Azumarill, M, shiny|100/100
|-damage|p1a: Bring da Boom|88/100|[from] Stealth Rock
|turn|5
|
|t:|1760416851
|move|p1a: Bring da Boom|Aqua Jet|p2a: Tippi
|-supereffective|p2a: Tippi
|-damage|p2a: Tippi|16/100
|move|p2a: Tippi|Energy Ball|p1a: Bring da Boom
|-supereffective|p1a: Bring da Boom
|-damage|p1a: Bring da Boom|0 fnt
|faint|p1a: Bring da Boom
|
|upkeep
|
|t:|1760416859
|switch|p1a: Neverender|Raging Bolt|100/100
|-damage|p1a: Neverender|88/100|[from] Stealth Rock
|-enditem|p1a: Neverender|Booster Energy
|-activate|p1a: Neverender|ability: Protosynthesis|[fromitem]
|-start|p1a: Neverender|protosynthesisspa
|turn|6
|
|t:|1760416865
|-end|p2a: Tippi|Quark Drive|[silent]
|switch|p2a: Boshi|Dragonite, F, shiny|100/100
|move|p1a: Neverender|Thunderclap||[still]
|-fail|p1a: Neverender
|
|upkeep
|turn|7
|
|t:|1760416870
|move|p2a: Boshi|Dragon Dance|p2a: Boshi
|-boost|p2a: Boshi|atk|1
|-boost|p2a: Boshi|spe|1
|move|p1a: Neverender|Dragon Pulse|p2a: Boshi
|-supereffective|p2a: Boshi
|-damage|p2a: Boshi|34/100
|
|upkeep
|turn|8
|
|t:|1760416876
|move|p1a: Neverender|Thunderclap||[still]
|-fail|p1a: Neverender
|move|p2a: Boshi|Roost|p2a: Boshi
|-heal|p2a: Boshi|84/100
|-singleturn|p2a: Boshi|move: Roost
|
|upkeep
|turn|9
|
|t:|1760416882
|move|p2a: Boshi|Earthquake|p1a: Neverender
|-supereffective|p1a: Neverender
|-damage|p1a: Neverender|0 fnt
|faint|p1a: Neverender
|-end|p1a: Neverender|Protosynthesis|[silent]
|
|upkeep
|
|t:|1760416888
|switch|p1a: Apple Jack|Gholdengo|100/100
|-damage|p1a: Apple Jack|94/100|[from] Stealth Rock
|turn|10
|
|t:|1760416892
|move|p1a: Apple Jack|Trick|p2a: Boshi
|-activate|p1a: Apple Jack|move: Trick|[of] p2a: Boshi
|-item|p2a: Boshi|Choice Scarf|[from] move: Trick
|-item|p1a: Apple Jack|Heavy-Duty Boots|[from] move: Trick
|move|p2a: Boshi|Earthquake|p1a: Apple Jack
|-supereffective|p1a: Apple Jack
|-damage|p1a: Apple Jack|0 fnt
|faint|p1a: Apple Jack
|
|upkeep
|
|t:|1760416895
|switch|p1a: Puff|Dragonite, F|100/100
|turn|11
|
|t:|1760416900
|switch|p2a: Deltarune Ch.3|Iron Valiant|100/100
|-enditem|p2a: Deltarune Ch.3|Booster Energy
|-activate|p2a: Deltarune Ch.3|ability: Quark Drive|[fromitem]
|-start|p2a: Deltarune Ch.3|quarkdrivespe
|move|p1a: Puff|Dragon Dance|p1a: Puff
|-boost|p1a: Puff|atk|1
|-boost|p1a: Puff|spe|1
|
|upkeep
|turn|12
|
|t:|1760416907
|-terastallize|p1a: Puff|Normal
|move|p2a: Deltarune Ch.3|Encore|p1a: Puff
|-start|p1a: Puff|Encore
|move|p1a: Puff|Dragon Dance|p1a: Puff
|-boost|p1a: Puff|atk|1
|-boost|p1a: Puff|spe|1
|
|upkeep
|turn|13
|
|t:|1760416913
|move|p2a: Deltarune Ch.3|Close Combat|p1a: Puff
|-supereffective|p1a: Puff
|-damage|p1a: Puff|29/100
|-unboost|p2a: Deltarune Ch.3|def|1
|-unboost|p2a: Deltarune Ch.3|spd|1
|move|p1a: Puff|Dragon Dance|p1a: Puff
|-boost|p1a: Puff|atk|1
|-boost|p1a: Puff|spe|1
|
|upkeep
|turn|14
|-message|Dylphin forfeited.
|
|win|Breadbug99
|raw|Dylphin's rating: 1232 &rarr; <strong>1207</strong><br />(-25 for losing)
|raw|Breadbug99's rating: 1237 &rarr; <strong>1262</strong><br />(+25 for winning)
|l|☆Dylphin
|player|p1|
|l|☆Breadbug99
|player|p2|
