|j|☆slehb
|j|☆Not Slater
|t:|1760405165
|gametype|singles
|player|p1|slehb|brawly|1118
|player|p2|Not Slater|169|1142
|gen|9
|tier|[Gen 9] OU
|rated|
|rule|HP Percentage Mod: HP is shown in percentages
|rule|Endless Battle Clause: Forcing endless battles is banned
|rule|Species Clause: Limit one of each Pokémon
|rule|OHKO Clause: OHKO moves are banned
|rule|Evasion Items Clause: Evasion items are banned
|rule|Evasion Moves Clause: Evasion moves are banned
|rule|Evasion Abilities Clause: Evasion abilities are banned
|rule|Sleep Moves Clause: Sleep-inducing moves are banned
|clearpoke
|poke|p1|Pawmot, M|
|poke|p1|Charizard, M|
|poke|p1|Minior-Indigo|
|poke|p1|Garchomp, M|
|poke|p1|Braviary-Hisui, M|
|poke|p1|Samurott-Hisui, M|
|poke|p2|Incineroar, M|
|poke|p2|Greninja-*, M|
|poke|p2|Meowscarada, M|
|poke|p2|Umbreon, F|
|poke|p2|Mandibuzz, F|
|poke|p2|Hydreigon, F|
|teampreview
|
|t:|1760405182
|teamsize|p1|6
|teamsize|p2|6
|start
|switch|p1a: Minior|Minior-Indigo|100/100
|switch|p2a: Incineroar|Incineroar, M|100/100
|-ability|p2a: Incineroar|Intimidate|boost
|-unboost|p1a: Minior|atk|1
|-formechange|p1a: Minior|Minior-Meteor||[from] ability: Shields Down
|-enditem|p1a: Minior|White Herb
|-clearnegativeboost|p1a: Minior|[silent]
|turn|1
|
|t:|1760405198
|move|p1a: Minior|Shell Smash|p1a: Minior
|-unboost|p1a: Minior|def|1
|-unboost|p1a: Minior|spd|1
|-boost|p1a: Minior|atk|2
|-boost|p1a: Minior|spa|2
|-boost|p1a: Minior|spe|2
|move|p2a: Incineroar|Parting Shot|p1a: Minior
|-unboost|p1a: Minior|atk|1
|-unboost|p1a: Minior|spa|1
|inactive|Battle timer is ON: inactive players will automatically lose when time's up. (requested by slehb)
|inactive|Not Slater has 120 seconds left.
|
|t:|1760405287
|switch|p2a: Hydreigon|Hydreigon, F|100/100|[from] Parting Shot
|
|upkeep
|turn|2
|
|t:|1760405299
|move|p2a: Hydreigon|Flash Cannon|p1a: Minior
|-supereffective|p1a: Minior
|-damage|p1a: Minior|0 fnt
|faint|p1a: Minior
|
|upkeep
|
|t:|1760405306
|switch|p1a: Pawmot|Pawmot, M|100/100
|turn|3
|
|t:|1760405312
|move|p2a: Hydreigon|Flash Cannon|p1a: Pawmot
|-resisted|p1a: Pawmot
|-damage|p1a: Pawmot|75/100
|move|p1a: Pawmot|Bulk Up|p1a: Pawmot
|-boost|p1a: Pawmot|atk|1
|-boost|p1a: Pawmot|def|1
|
|upkeep
|turn|4
|
|t:|1760405319
|switch|p2a: Umbreon|Umbreon, F|100/100
|move|p1a: Pawmot|Bulk Up|p1a: Pawmot
|-boost|p1a: Pawmot|atk|1
|-boost|p1a: Pawmot|def|1
|
|upkeep
|turn|5
|
|t:|1760405328
|-terastallize|p1a: Pawmot|Electric
|move|p1a: Pawmot|Double Shock|p2a: Umbreon
|-damage|p2a: Umbreon|11/100
|-start|p1a: Pawmot|typechange|Electric|[from] move: Double Shock
|move|p2a: Umbreon|Toxic|p1a: Pawmot
|-status|p1a: Pawmot|tox
|
|-heal|p2a: Umbreon|17/100|[from] item: Leftovers
|-damage|p1a: Pawmot|69/100 tox|[from] psn
|upkeep
|turn|6
|
|t:|1760405347
|switch|p2a: Incineroar|Incineroar, M|100/100
|-ability|p2a: Incineroar|Intimidate|boost
|-unboost|p1a: Pawmot|atk|1
|move|p1a: Pawmot|Double Shock|p2a: Incineroar
|-damage|p2a: Incineroar|0 fnt
|-start|p1a: Pawmot|typechange|Electric|[from] move: Double Shock
|faint|p2a: Incineroar
|
|-damage|p1a: Pawmot|57/100 tox|[from] psn
|upkeep
|
|t:|1760405367
|switch|p2a: Umbreon|Umbreon, F|17/100
|turn|7
|
|t:|1760405371
|move|p1a: Pawmot|Double Shock|p2a: Umbreon
|-damage|p2a: Umbreon|0 fnt
|-start|p1a: Pawmot|typechange|Electric|[from] move: Double Shock
|faint|p2a: Umbreon
|
|-damage|p1a: Pawmot|39/100 tox|[from] psn
|upkeep
|
|t:|1760405379
|switch|p2a: Greninja|Greninja, M|100/100
|turn|8
|
|t:|1760405385
|move|p2a: Greninja|Surf|p1a: Pawmot
|-start|p2a: Greninja|typechange|Water|[from] ability: Protean
|-damage|p1a: Pawmot|0 fnt
|faint|p1a: Pawmot
|
|upkeep
|
|t:|1760405393
|switch|p1a: Garchomp|Garchomp, M|100/100
|turn|9
|
|t:|1760405397
|switch|p2a: Mandibuzz|Mandibuzz, F|100/100
|move|p1a: Garchomp|Swords Dance|p1a: Garchomp
|-boost|p1a: Garchomp|atk|2
|
|upkeep
|turn|10
|
|t:|1760405404
|move|p1a: Garchomp|Dragon Claw|p2a: Mandibuzz
|-damage|p2a: Mandibuzz|27/100
|move|p2a: Mandibuzz|Foul Play|p1a: Garchomp
|-damage|p1a: Garchomp|3/100
|-damage|p2a: Mandibuzz|15/100|[from] ability: Rough Skin|[of] p1a: Garchomp
|
|upkeep
|turn|11
|
|t:|1760405413
|move|p1a: Garchomp|Iron Head|p2a: Mandibuzz
|-damage|p2a: Mandibuzz|0 fnt
|faint|p2a: Mandibuzz
|
|upkeep
|
|t:|1760405441
|switch|p2a: Greninja|Greninja, M|100/100
|turn|12
|
|t:|1760405447
|move|p2a: Greninja|Surf|p1a: Garchomp
|-start|p2a: Greninja|typechange|Water|[from] ability: Protean
|-damage|p1a: Garchomp|0 fnt
|faint|p1a: Garchomp
|
|upkeep
|
|t:|1760405451
|switch|p1a: Samurott|Samurott-Hisui, M, shiny|100/100
|turn|13
|
|t:|1760405458
|switch|p2a: Hydreigon|Hydreigon, F|100/100
|move|p1a: Samurott|Swords Dance|p1a: Samurott
|-boost|p1a: Samurott|atk|2
|
|upkeep
|turn|14
|
|t:|1760405465
|move|p2a: Hydreigon|Draco Meteor|p1a: Samurott
|-damage|p1a: Samurott|0 fnt
|-unboost|p2a: Hydreigon|spa|2
|faint|p1a: Samurott
|
|upkeep
|
|t:|1760405471
|switch|p1a: Charizard|Charizard, M, shiny|100/100
|turn|15
|
|t:|1760405476
|move|p2a: Hydreigon|Draco Meteor|p1a: Charizard
|-damage|p1a: Charizard|54/100
|-unboost|p2a: Hydreigon|spa|2
|move|p1a: Charizard|Substitute|p1a: Charizard
|-start|p1a: Charizard|Substitute
|-damage|p1a: Charizard|29/100
|
|upkeep
|turn|16
|
|t:|1760405488
|move|p2a: Hydreigon|Draco Meteor|p1a: Charizard
|-end|p1a: Charizard|Substitute
|-unboost|p2a: Hydreigon|spa|2
|move|p1a: Charizard|Belly Drum||[still]
|-fail|p1a: Charizard
|
|upkeep
|turn|17
|
|t:|1760405495
|move|p2a: Hydreigon|Draco Meteor|p1a: Charizard|[miss]
|-miss|p2a: Hydreigon|p1a: Charizard
|move|p1a: Charizard|Acrobatics|p2a: Hydreigon
|-damage|p2a: Hydreigon|77/100
|
|upkeep
|turn|18
|-message|slehb forfeited.
|
|win|Not Slater
|raw|slehb's rating: 1118 &rarr; <strong>1095</strong><br />(-23 for losing)
|raw|Not Slater's rating: 1142 &rarr; <strong>1165</strong><br />(+23 for winning)
|l|☆slehb
|player|p1|
|l|☆Not Slater
|player|p2|
