|j|☆smilingkyogre
|j|☆redbloo
|t:|1760410313
|gametype|singles
|player|p1|smilingkyogre|pokekid|1491
|player|p2|redbloo|blue|1483
|gen|9
|tier|[Gen 9] OU
|rated|
|rule|HP Percentage Mod: HP is shown in percentages
|rule|Endless Battle Clause: Forcing endless battles is banned
|rule|Species Clause: Limit one of each Pokémon
|rule|OHKO Clause: OHKO moves are banned
|rule|Evasion Items Clause: Evasion items are banned
|rule|Evasion Moves Clause: Evasion moves are banned
|rule|Evasion Abilities Clause: Evasion abilities are banned
|rule|Sleep Moves Clause: Sleep-inducing moves are banned
|clearpoke
|poke|p1|Hatterene, F|
|poke|p1|Hydrapple, M|
|poke|p1|Kingambit, M|
|poke|p1|Great Tusk|
|poke|p1|Moltres|
|poke|p1|Zamazenta-*|
|poke|p2|Garganacl, M|
|poke|p2|Hippowdon, M|
|poke|p2|Hydrapple, M|
|poke|p2|Slowking-Galar, M|
|poke|p2|Samurott-Hisui, M|
|poke|p2|Excadrill, M|
|teampreview
|inactive|Battle timer is ON: inactive players will automatically lose when time's up. (requested by smilingkyogre)
|j| PG Spectating
|inactive|smilingkyogre has 120 seconds left.
|inactive|redbloo has 120 seconds left.
|
|t:|1760410364
|teamsize|p1|6
|teamsize|p2|6
|start
|switch|p1a: Hydrapple|Hydrapple, M|100/100
|switch|p2a: Samurott|Samurott-Hisui, M|100/100
|turn|1
|
|t:|1760410382
|move|p2a: Samurott|Flip Turn|p1a: Hydrapple
|-resisted|p1a: Hydrapple
|-damage|p1a: Hydrapple|95/100
|
|t:|1760410386
|switch|p2a: Slowking|Slowking-Galar, M|100/100|[from] Flip Turn
|move|p1a: Hydrapple|Earth Power|p2a: Slowking
|-supereffective|p2a: Slowking
|-damage|p2a: Slowking|52/100
|
|upkeep
|turn|2
|
|t:|1760410404
|switch|p1a: Hatterene|Hatterene, F|100/100
|move|p2a: Slowking|Sludge Bomb|p1a: Hatterene
|-supereffective|p1a: Hatterene
|-damage|p1a: Hatterene|27/100
|
|upkeep
|turn|3
|
|t:|1760410418
|switch|p2a: Hippowdon|Hippowdon, M|100/100
|-weather|Sandstorm|[from] ability: Sand Stream|[of] p2a: Hippowdon
|switch|p1a: Kingambit|Kingambit, M|100/100
|
|-weather|Sandstorm|[upkeep]
|upkeep
|turn|4
|
|t:|1760410427
|-end|p1a: Kingambit|fallenundefined|[silent]
|switch|p1a: Hydrapple|Hydrapple, M|100/100
|move|p2a: Hippowdon|Body Press|p1a: Hydrapple
|-damage|p1a: Hydrapple|79/100
|
|-weather|Sandstorm|[upkeep]
|-damage|p1a: Hydrapple|72/100|[from] Sandstorm
|upkeep
|turn|5
|
|t:|1760410437
|switch|p2a: Slowking|Slowking-Galar, M|85/100
|move|p1a: Hydrapple|Draco Meteor|p2a: Slowking
|-damage|p2a: Slowking|33/100
|-unboost|p1a: Hydrapple|spa|2
|
|-weather|Sandstorm|[upkeep]
|-damage|p1a: Hydrapple|66/100|[from] Sandstorm
|-damage|p2a: Slowking|26/100|[from] Sandstorm
|upkeep
|turn|6
|
|t:|1760410454
|switch|p1a: Great Tusk|Great Tusk|100/100
|switch|p2a: Samurott|Samurott-Hisui, M|100/100
|
|-weather|Sandstorm|[upkeep]
|-damage|p2a: Samurott|94/100|[from] Sandstorm
|upkeep
|turn|7
|
|t:|1760410466
|switch|p2a: Hydrapple|Hydrapple, M|100/100
|move|p1a: Great Tusk|Close Combat|p2a: Hydrapple
|-damage|p2a: Hydrapple|49/100
|-unboost|p1a: Great Tusk|def|1
|-unboost|p1a: Great Tusk|spd|1
|
|-weather|none
|upkeep
|turn|8
|
|t:|1760410474
|switch|p2a: Hippowdon|Hippowdon, M|100/100
|-weather|Sandstorm|[from] ability: Sand Stream|[of] p2a: Hippowdon
|move|p1a: Great Tusk|Ice Spinner|p2a: Hippowdon
|-supereffective|p2a: Hippowdon
|-damage|p2a: Hippowdon|69/100
|-damage|p1a: Great Tusk|84/100|[from] item: Rocky Helmet|[of] p2a: Hippowdon
|
|-weather|Sandstorm|[upkeep]
|upkeep
|turn|9
|
|t:|1760410488
|-end|p1a: Great Tusk|Protosynthesis|[silent]
|switch|p1a: Hydrapple|Hydrapple, M|99/100
|move|p2a: Hippowdon|Stealth Rock|p1a: Hydrapple
|-sidestart|p1: smilingkyogre|move: Stealth Rock
|
|-weather|Sandstorm|[upkeep]
|-damage|p1a: Hydrapple|93/100|[from] Sandstorm
|upkeep
|turn|10
|
|t:|1760410511
|switch|p2a: Slowking|Slowking-Galar, M|60/100
|move|p1a: Hydrapple|Earth Power|p2a: Slowking
|-supereffective|p2a: Slowking
|-damage|p2a: Slowking|11/100
|
|-weather|Sandstorm|[upkeep]
|-damage|p1a: Hydrapple|87/100|[from] Sandstorm
|-damage|p2a: Slowking|5/100|[from] Sandstorm
|upkeep
|turn|11
|
|t:|1760410519
|switch|p1a: Great Tusk|Great Tusk|84/100
|-damage|p1a: Great Tusk|81/100|[from] Stealth Rock
|switch|p2a: Hydrapple|Hydrapple, M|82/100
|
|-weather|Sandstorm|[upkeep]
|-damage|p2a: Hydrapple|76/100|[from] Sandstorm
|upkeep
|turn|12
|
|t:|1760410530
|move|p1a: Great Tusk|Rapid Spin|p2a: Hydrapple
|-damage|p2a: Hydrapple|62/100
|-boost|p1a: Great Tusk|spe|1
|-sideend|p1: smilingkyogre|Stealth Rock|[from] move: Rapid Spin|[of] p1a: Great Tusk
|move|p2a: Hydrapple|Giga Drain|p1a: Great Tusk
|-supereffective|p1a: Great Tusk
|-damage|p1a: Great Tusk|0 fnt
|-heal|p2a: Hydrapple|98/100|[from] drain|[of] p1a: Great Tusk
|faint|p1a: Great Tusk
|-end|p1a: Great Tusk|Protosynthesis|[silent]
|
|-weather|none
|upkeep
|
|t:|1760410534
|switch|p1a: Hydrapple|Hydrapple, M|100/100
|turn|13
|
|t:|1760410549
|-terastallize|p2a: Hydrapple|Fairy
|move|p2a: Hydrapple|Fickle Beam|p1a: Hydrapple
|-supereffective|p1a: Hydrapple
|-damage|p1a: Hydrapple|13/100
|move|p1a: Hydrapple|Draco Meteor|p2a: Hydrapple
|-immune|p2a: Hydrapple
|
|upkeep
|turn|14
|
|t:|1760410561
|switch|p1a: Hatterene|Hatterene, F|27/100
|move|p2a: Hydrapple|Nasty Plot|p2a: Hydrapple
|-boost|p2a: Hydrapple|spa|2
|
|upkeep
|turn|15
|
|t:|1760410570
|move|p2a: Hydrapple|Giga Drain|p1a: Hatterene
|-damage|p1a: Hatterene|0 fnt
|-heal|p2a: Hydrapple|100/100|[from] drain|[of] p1a: Hatterene
|faint|p1a: Hatterene
|
|upkeep
|
|t:|1760410572
|switch|p1a: Kingambit|Kingambit, M|100/100
|-activate|p1a: Kingambit|ability: Supreme Overlord
|-start|p1a: Kingambit|fallen2|[silent]
|turn|16
|
|t:|1760410581
|switch|p2a: Hippowdon|Hippowdon, M|69/100
|-weather|Sandstorm|[from] ability: Sand Stream|[of] p2a: Hippowdon
|move|p1a: Kingambit|Iron Head|p2a: Hippowdon
|-damage|p2a: Hippowdon|39/100
|-damage|p1a: Kingambit|84/100|[from] item: Rocky Helmet|[of] p2a: Hippowdon
|
|-weather|Sandstorm|[upkeep]
|-heal|p1a: Kingambit|90/100|[from] item: Leftovers
|upkeep
|turn|17
|
|t:|1760410592
|move|p1a: Kingambit|Swords Dance|p1a: Kingambit
|-boost|p1a: Kingambit|atk|2
|move|p2a: Hippowdon|Slack Off|p2a: Hippowdon
|-heal|p2a: Hippowdon|89/100
|
|-weather|Sandstorm|[upkeep]
|-heal|p1a: Kingambit|96/100|[from] item: Leftovers
|upkeep
|turn|18
|
|t:|1760410600
|-end|p1a: Kingambit|fallen2|[silent]
|switch|p1a: Hydrapple|Hydrapple, M|47/100
|move|p2a: Hippowdon|Body Press|p1a: Hydrapple
|-damage|p1a: Hydrapple|25/100
|
|-weather|Sandstorm|[upkeep]
|-damage|p1a: Hydrapple|19/100|[from] Sandstorm
|upkeep
|turn|19
|
|t:|1760410608
|switch|p2a: Hydrapple|Hydrapple, M, tera:Fairy|100/100
|move|p1a: Hydrapple|Leaf Storm|p2a: Hydrapple
|-damage|p2a: Hydrapple|0 fnt
|-unboost|p1a: Hydrapple|spa|2
|faint|p2a: Hydrapple
|
|-weather|Sandstorm|[upkeep]
|-damage|p1a: Hydrapple|12/100|[from] Sandstorm
|upkeep
|
|t:|1760410619
|switch|p2a: Slowking|Slowking-Galar, M|39/100
|turn|20
|
|t:|1760410633
|switch|p1a: Kingambit|Kingambit, M|96/100
|-activate|p1a: Kingambit|ability: Supreme Overlord
|-start|p1a: Kingambit|fallen2|[silent]
|move|p2a: Slowking|Flamethrower|p1a: Kingambit
|-supereffective|p1a: Kingambit
|-damage|p1a: Kingambit|58/100
|
|-weather|none
|-heal|p1a: Kingambit|64/100|[from] item: Leftovers
|upkeep
|turn|21
|
|t:|1760410643
|-end|p1a: Kingambit|fallen2|[silent]
|switch|p1a: Hydrapple|Hydrapple, M|45/100
|switch|p2a: Hippowdon|Hippowdon, M|89/100
|-weather|Sandstorm|[from] ability: Sand Stream|[of] p2a: Hippowdon
|
|-weather|Sandstorm|[upkeep]
|-damage|p1a: Hydrapple|39/100|[from] Sandstorm
|upkeep
|turn|22
|
|t:|1760410664
|switch|p2a: Samurott|Samurott-Hisui, M|94/100
|move|p1a: Hydrapple|Draco Meteor|p2a: Samurott
|-damage|p2a: Samurott|0 fnt
|-unboost|p1a: Hydrapple|spa|2
|faint|p2a: Samurott
|
|-weather|Sandstorm|[upkeep]
|-damage|p1a: Hydrapple|33/100|[from] Sandstorm
|upkeep
|inactive|redbloo has 120 seconds left.
|
|t:|1760410689
|switch|p2a: Excadrill|Excadrill, M|100/100
|turn|23
|inactive|redbloo has 120 seconds left.
|
|t:|1760410697
|switch|p1a: Zamazenta|Zamazenta|100/100
|-ability|p1a: Zamazenta|Dauntless Shield|boost
|-boost|p1a: Zamazenta|def|1
|move|p2a: Excadrill|Rock Slide|p1a: Zamazenta
|-resisted|p1a: Zamazenta
|-damage|p1a: Zamazenta|94/100
|
|-weather|Sandstorm|[upkeep]
|-damage|p1a: Zamazenta|87/100|[from] Sandstorm
|-heal|p1a: Zamazenta|94/100|[from] item: Leftovers
|upkeep
|turn|24
|inactive|redbloo has 120 seconds left.
|
|t:|1760410708
|switch|p2a: Slowking|Slowking-Galar, M|72/100
|move|p1a: Zamazenta|Crunch|p2a: Slowking
|-supereffective|p2a: Slowking
|-damage|p2a: Slowking|37/100
|
|-weather|Sandstorm|[upkeep]
|-damage|p1a: Zamazenta|87/100|[from] Sandstorm
|-damage|p2a: Slowking|31/100|[from] Sandstorm
|-heal|p1a: Zamazenta|94/100|[from] item: Leftovers
|upkeep
|turn|25
|
|t:|1760410717
|switch|p2a: Hippowdon|Hippowdon, M|89/100
|move|p1a: Zamazenta|Iron Defense|p1a: Zamazenta
|-boost|p1a: Zamazenta|def|2
|
|-weather|none
|-heal|p1a: Zamazenta|99/100|[from] item: Leftovers
|upkeep
|turn|26
|
|t:|1760410730
|move|p1a: Zamazenta|Body Press|p2a: Hippowdon
|-damage|p2a: Hippowdon|48/100
|-damage|p1a: Zamazenta|83/100|[from] item: Rocky Helmet|[of] p2a: Hippowdon
|move|p2a: Hippowdon|Scorching Sands|p1a: Zamazenta
|-damage|p1a: Zamazenta|68/100
|-status|p1a: Zamazenta|brn
|
|-heal|p1a: Zamazenta|74/100 brn|[from] item: Leftovers
|-damage|p1a: Zamazenta|68/100 brn|[from] brn
|upkeep
|turn|27
|
|t:|1760410741
|switch|p1a: Hydrapple|Hydrapple, M|66/100
|move|p2a: Hippowdon|Slack Off|p2a: Hippowdon
|-heal|p2a: Hippowdon|98/100
|
|upkeep
|turn|28
|inactive|redbloo has 120 seconds left.
|
|t:|1760410761
|switch|p2a: Slowking|Slowking-Galar, M|65/100
|move|p1a: Hydrapple|Earth Power|p2a: Slowking
|-supereffective|p2a: Slowking
|-damage|p2a: Slowking|11/100
|
|upkeep
|turn|29
|inactive|redbloo has 120 seconds left.
|
|t:|1760410793
|move|p1a: Hydrapple|Earth Power|p2a: Slowking
|-supereffective|p2a: Slowking
|-damage|p2a: Slowking|0 fnt
|faint|p2a: Slowking
|
|upkeep
|
|t:|1760410799
|switch|p2a: Garganacl|Garganacl, M|100/100
|turn|30
|
|t:|1760410807
|switch|p1a: Kingambit|Kingambit, M|64/100
|-activate|p1a: Kingambit|ability: Supreme Overlord
|-start|p1a: Kingambit|fallen2|[silent]
|move|p2a: Garganacl|Ice Punch|p1a: Kingambit
|-resisted|p1a: Kingambit
|-damage|p1a: Kingambit|57/100
|
|-heal|p1a: Kingambit|63/100|[from] item: Leftovers
|upkeep
|turn|31
|
|t:|1760410816
|switch|p2a: Hippowdon|Hippowdon, M|98/100
|-weather|Sandstorm|[from] ability: Sand Stream|[of] p2a: Hippowdon
|move|p1a: Kingambit|Iron Head|p2a: Hippowdon
|-damage|p2a: Hippowdon|67/100
|-damage|p1a: Kingambit|46/100|[from] item: Rocky Helmet|[of] p2a: Hippowdon
|
|-weather|Sandstorm|[upkeep]
|-heal|p1a: Kingambit|53/100|[from] item: Leftovers
|upkeep
|turn|32
|
|t:|1760410831
|-end|p1a: Kingambit|fallen2|[silent]
|switch|p1a: Hydrapple|Hydrapple, M|99/100
|move|p2a: Hippowdon|Scorching Sands|p1a: Hydrapple
|-resisted|p1a: Hydrapple
|-damage|p1a: Hydrapple|90/100
|
|-weather|Sandstorm|[upkeep]
|-damage|p1a: Hydrapple|84/100|[from] Sandstorm
|upkeep
|turn|33
|
|t:|1760410845
|switch|p2a: Garganacl|Garganacl, M|100/100
|move|p1a: Hydrapple|Leaf Storm|p2a: Garganacl
|-supereffective|p2a: Garganacl
|-damage|p2a: Garganacl|0 fnt
|-unboost|p1a: Hydrapple|spa|2
|faint|p2a: Garganacl
|
|-weather|Sandstorm|[upkeep]
|-damage|p1a: Hydrapple|78/100|[from] Sandstorm
|upkeep
|
|t:|1760410856
|switch|p2a: Excadrill|Excadrill, M|100/100
|turn|34
|
|t:|1760410860
|switch|p1a: Moltres|Moltres|100/100
|move|p2a: Excadrill|Iron Head|p1a: Moltres
|-resisted|p1a: Moltres
|-damage|p1a: Moltres|75/100
|
|-weather|Sandstorm|[upkeep]
|-damage|p1a: Moltres|69/100|[from] Sandstorm
|upkeep
|turn|35
|inactive|redbloo has 120 seconds left.
|
|t:|1760410869
|move|p2a: Excadrill|Rock Slide|p1a: Moltres
|-supereffective|p1a: Moltres
|-damage|p1a: Moltres|0 fnt
|faint|p1a: Moltres
|
|-weather|none
|upkeep
|
|t:|1760410871
|switch|p1a: Hydrapple|Hydrapple, M|100/100
|turn|36
|
|t:|1760410878
|move|p2a: Excadrill|Iron Head|p1a: Hydrapple
|-damage|p1a: Hydrapple|64/100
|move|p1a: Hydrapple|Leaf Storm|p2a: Excadrill|[miss]
|-miss|p1a: Hydrapple|p2a: Excadrill
|
|upkeep
|turn|37
|
|t:|1760410884
|move|p2a: Excadrill|Iron Head|p1a: Hydrapple
|-damage|p1a: Hydrapple|30/100
|move|p1a: Hydrapple|Leaf Storm|p2a: Excadrill
|-damage|p2a: Excadrill|0 fnt
|-unboost|p1a: Hydrapple|spa|2
|faint|p2a: Excadrill
|
|upkeep
|-message|redbloo forfeited.
|
|win|smilingkyogre
|raw|smilingkyogre's rating: 1491 &rarr; <strong>1511</strong><br />(+20 for winning)
|raw|redbloo's rating: 1483 &rarr; <strong>1463</strong><br />(-20 for losing)
|l|☆redbloo
|player|p2|
