|j|☆kocizna
|j|☆pekashew64
|t:|1760432445
|gametype|singles
|player|p1|kocizna|170|1218
|player|p2|pekashew64|tuber|1271
|gen|9
|tier|[Gen 9] OU
|rated|
|rule|HP Percentage Mod: HP is shown in percentages
|rule|Endless Battle Clause: Forcing endless battles is banned
|rule|Species Clause: Limit one of each Pokémon
|rule|OHKO Clause: OHKO moves are banned
|rule|Evasion Items Clause: Evasion items are banned
|rule|Evasion Moves Clause: Evasion moves are banned
|rule|Evasion Abilities Clause: Evasion abilities are banned
|rule|Sleep Moves Clause: Sleep-inducing moves are banned
|clearpoke
|poke|p1|Ceruledge, M|
|poke|p1|Hoopa-Unbound|
|poke|p1|Ogerpon-Wellspring, F|
|poke|p1|Volbeat, M|
|poke|p1|Zapdos|
|poke|p1|Great Tusk|
|poke|p2|Hatterene, F|
|poke|p2|Sunflora, F|
|poke|p2|Diancie|
|poke|p2|Greedent, F|
|poke|p2|Cresselia, F|
|poke|p2|Kingambit, M|
|teampreview
|inactive|Battle timer is ON: inactive players will automatically lose when time's up. (requested by kocizna)
|c|☆kocizna|hi
|c|☆kocizna|glhf
|
|t:|1760432454
|teamsize|p1|6
|teamsize|p2|6
|start
|switch|p1a: Hoopa|Hoopa-Unbound|100/100
|switch|p2a: Zizi rose|Hatterene, F|100/100
|turn|1
|
|t:|1760432460
|move|p1a: Hoopa|Hyperspace Fury|p2a: Zizi rose
|-damage|p2a: Zizi rose|30/100
|-unboost|p1a: Hoopa|def|1
|move|p2a: Zizi rose|Trick Room|p2a: Zizi rose
|-fieldstart|move: Trick Room|[of] p2a: Zizi rose
|
|upkeep
|turn|2
|
|t:|1760432465
|move|p2a: Zizi rose|Dazzling Gleam|p1a: Hoopa
|-supereffective|p1a: Hoopa
|-damage|p1a: Hoopa|11/100
|move|p1a: Hoopa|Fire Punch|p2a: Zizi rose
|-damage|p2a: Zizi rose|0 fnt
|faint|p2a: Zizi rose
|
|upkeep
|
|t:|1760432472
|switch|p2a: Bijou ali express|Diancie|100/100
|turn|3
|
|t:|1760432478
|move|p2a: Bijou ali express|Diamond Storm|p1a: Hoopa
|-damage|p1a: Hoopa|0 fnt
|faint|p1a: Hoopa
|
|upkeep
|
|t:|1760432493
|switch|p1a: Ogerpon|Ogerpon-Wellspring, F|100/100
|turn|4
|
|t:|1760432498
|switch|p2a: Machine de guerre|Sunflora, F|100/100
|move|p1a: Ogerpon|Power Whip|p2a: Machine de guerre
|-resisted|p2a: Machine de guerre
|-damage|p2a: Machine de guerre|52/100
|
|upkeep
|turn|5
|
|t:|1760432506
|switch|p1a: Zapdos|Zapdos|100/100
|move|p2a: Machine de guerre|Sludge Bomb|p1a: Zapdos
|-damage|p1a: Zapdos|50/100
|
|-heal|p1a: Zapdos|56/100|[from] item: Leftovers
|-fieldend|move: Trick Room
|upkeep
|turn|6
|
|t:|1760432514
|switch|p2a: Bijou ali express|Diancie|100/100
|move|p1a: Zapdos|Heat Wave|p2a: Bijou ali express
|-resisted|p2a: Bijou ali express
|-damage|p2a: Bijou ali express|87/100
|-status|p2a: Bijou ali express|brn
|
|-heal|p1a: Zapdos|63/100|[from] item: Leftovers
|-heal|p2a: Bijou ali express|94/100 brn|[from] item: Leftovers
|-damage|p2a: Bijou ali express|87/100 brn|[from] brn
|upkeep
|turn|7
|
|t:|1760432521
|move|p1a: Zapdos|Volt Switch|p2a: Bijou ali express
|-damage|p2a: Bijou ali express|58/100 brn
|
|t:|1760432524
|switch|p1a: Ogerpon|Ogerpon-Wellspring, F|100/100|[from] Volt Switch
|move|p2a: Bijou ali express|Trick Room|p2a: Bijou ali express
|-fieldstart|move: Trick Room|[of] p2a: Bijou ali express
|
|-heal|p2a: Bijou ali express|64/100 brn|[from] item: Leftovers
|-damage|p2a: Bijou ali express|58/100 brn|[from] brn
|upkeep
|turn|8
|
|t:|1760432536
|switch|p2a: Machine de guerre|Sunflora, F|52/100
|move|p1a: Ogerpon|Power Whip|p2a: Machine de guerre
|-resisted|p2a: Machine de guerre
|-damage|p2a: Machine de guerre|5/100
|
|upkeep
|turn|9
|
|t:|1760432545
|switch|p1a: Ceruledge|Ceruledge, M|100/100
|move|p2a: Machine de guerre|Sludge Bomb|p1a: Ceruledge
|-resisted|p1a: Ceruledge
|-damage|p1a: Ceruledge|76/100
|
|-heal|p1a: Ceruledge|82/100|[from] item: Leftovers
|upkeep
|turn|10
|
|t:|1760432552
|switch|p2a: Bijou ali express|Diancie|58/100 brn
|move|p1a: Ceruledge|Swords Dance|p1a: Ceruledge
|-boost|p1a: Ceruledge|atk|2
|
|-heal|p2a: Bijou ali express|64/100 brn|[from] item: Leftovers
|-heal|p1a: Ceruledge|88/100|[from] item: Leftovers
|-damage|p2a: Bijou ali express|58/100 brn|[from] brn
|upkeep
|turn|11
|
|t:|1760432559
|move|p2a: Bijou ali express|Diamond Storm|p1a: Ceruledge
|-supereffective|p1a: Ceruledge
|-damage|p1a: Ceruledge|42/100
|-ability|p1a: Ceruledge|Weak Armor|boost
|-unboost|p1a: Ceruledge|def|1
|-boost|p1a: Ceruledge|spe|2
|move|p1a: Ceruledge|Poltergeist|p2a: Bijou ali express
|-activate|p2a: Bijou ali express|move: Poltergeist|Leftovers
|-damage|p2a: Bijou ali express|0 fnt
|faint|p2a: Bijou ali express
|
|-heal|p1a: Ceruledge|48/100|[from] item: Leftovers
|-fieldend|move: Trick Room
|upkeep
|
|t:|1760432572
|switch|p2a: Zoro|Kingambit, M|100/100
|-activate|p2a: Zoro|ability: Supreme Overlord
|-start|p2a: Zoro|fallen2|[silent]
|turn|12
|
|t:|1760432575
|move|p2a: Zoro|Sucker Punch||[still]
|-fail|p2a: Zoro
|move|p1a: Ceruledge|Will-O-Wisp|p2a: Zoro
|-status|p2a: Zoro|brn
|
|-heal|p1a: Ceruledge|54/100|[from] item: Leftovers
|-damage|p2a: Zoro|94/100 brn|[from] brn
|upkeep
|turn|13
|
|t:|1760432579
|move|p2a: Zoro|Sucker Punch||[still]
|-fail|p2a: Zoro
|move|p1a: Ceruledge|Swords Dance|p1a: Ceruledge
|-boost|p1a: Ceruledge|atk|2
|
|-heal|p1a: Ceruledge|61/100|[from] item: Leftovers
|-heal|p2a: Zoro|100/100 brn|[from] item: Leftovers
|-damage|p2a: Zoro|94/100 brn|[from] brn
|upkeep
|turn|14
|
|t:|1760432584
|move|p2a: Zoro|Sucker Punch|p1a: Ceruledge
|-supereffective|p1a: Ceruledge
|-damage|p1a: Ceruledge|0 fnt
|faint|p1a: Ceruledge
|
|-heal|p2a: Zoro|100/100 brn|[from] item: Leftovers
|-damage|p2a: Zoro|94/100 brn|[from] brn
|upkeep
|
|t:|1760432594
|switch|p1a: Zapdos|Zapdos|63/100
|turn|15
|
|t:|1760432596
|move|p1a: Zapdos|Heat Wave|p2a: Zoro
|-supereffective|p2a: Zoro
|-damage|p2a: Zoro|28/100 brn
|move|p2a: Zoro|Kowtow Cleave|p1a: Zapdos
|-damage|p1a: Zapdos|29/100
|
|-heal|p1a: Zapdos|35/100|[from] item: Leftovers
|-heal|p2a: Zoro|34/100 brn|[from] item: Leftovers
|-damage|p2a: Zoro|28/100 brn|[from] brn
|upkeep
|turn|16
|
|t:|1760432603
|move|p2a: Zoro|Sucker Punch|p1a: Zapdos
|-damage|p1a: Zapdos|6/100
|move|p1a: Zapdos|Volt Switch|p2a: Zoro
|-damage|p2a: Zoro|0 fnt
|faint|p2a: Zoro
|-end|p2a: Zoro|fallen2|[silent]
|
|t:|1760432607
|switch|p1a: Volbeat|Volbeat, M|100/100|[from] Volt Switch
|
|upkeep
|
|t:|1760432610
|switch|p2a: Banane|Cresselia, F|100/100
|turn|17
|
|t:|1760432619
|move|p1a: Volbeat|Tailwind|p1a: Volbeat
|-sidestart|p1: kocizna|move: Tailwind
|move|p2a: Banane|Trick Room|p2a: Banane
|-fieldstart|move: Trick Room|[of] p2a: Banane
|
|upkeep
|turn|18
|
|t:|1760432624
|switch|p2a: Machine de guerre|Sunflora, F|5/100
|move|p1a: Volbeat|Tail Glow|p1a: Volbeat
|-boost|p1a: Volbeat|spa|3
|
|upkeep
|turn|19
|
|t:|1760432635
|move|p2a: Machine de guerre|Sludge Bomb|p1a: Volbeat
|-damage|p1a: Volbeat|37/100
|move|p1a: Volbeat|Shadow Ball|p2a: Machine de guerre
|-damage|p2a: Machine de guerre|0 fnt
|faint|p2a: Machine de guerre
|
|upkeep
|
|t:|1760432642
|switch|p2a: Big chungus|Greedent, F|100/100
|turn|20
|
|t:|1760432647
|move|p2a: Big chungus|Body Slam|p1a: Volbeat
|-damage|p1a: Volbeat|0 fnt
|faint|p1a: Volbeat
|
|-sideend|p1: kocizna|move: Tailwind
|upkeep
|
|t:|1760432651
|switch|p1a: Zapdos|Zapdos|6/100
|turn|21
|
|t:|1760432657
|move|p2a: Big chungus|Knock Off|p1a: Zapdos
|-damage|p1a: Zapdos|0 fnt
|-status|p2a: Big chungus|par|[from] ability: Static|[of] p1a: Zapdos
|-enditem|p1a: Zapdos|Leftovers|[from] move: Knock Off|[of] p2a: Big chungus
|faint|p1a: Zapdos
|
|-fieldend|move: Trick Room
|upkeep
|
|t:|1760432662
|switch|p1a: Great Tusk|Great Tusk|100/100
|-enditem|p1a: Great Tusk|Booster Energy
|-activate|p1a: Great Tusk|ability: Protosynthesis|[fromitem]
|-start|p1a: Great Tusk|protosynthesisatk
|turn|22
|
|t:|1760432667
|switch|p2a: Banane|Cresselia, F|100/100
|move|p1a: Great Tusk|Rapid Spin|p2a: Banane
|-damage|p2a: Banane|85/100
|-boost|p1a: Great Tusk|spe|1
|
|upkeep
|turn|23
|
|t:|1760432672
|move|p1a: Great Tusk|Ice Spinner|p2a: Banane
|-damage|p2a: Banane|58/100
|move|p2a: Banane|Trick Room|p2a: Banane
|-fieldstart|move: Trick Room|[of] p2a: Banane
|
|upkeep
|turn|24
|
|t:|1760432679
|move|p2a: Banane|Lunar Dance|p2a: Banane
|faint|p2a: Banane
|move|p1a: Great Tusk|Ice Spinner|p2: Banane|[notarget]
|-fail|p1a: Great Tusk
|
|upkeep
|
|t:|1760432684
|switch|p2a: Big chungus|Greedent, F|100/100 par
|-heal|p2a: Big chungus|100/100|[from] move: Lunar Dance
|turn|25
|c|☆kocizna|GG
|
|t:|1760432687
|-terastallize|p2a: Big chungus|Fairy
|move|p2a: Big chungus|Belly Drum|p2a: Big chungus
|-damage|p2a: Big chungus|50/100
|-setboost|p2a: Big chungus|atk|6|[from] move: Belly Drum
|-enditem|p2a: Big chungus|Sitrus Berry|[eat]
|-heal|p2a: Big chungus|75/100|[from] item: Sitrus Berry
|-heal|p2a: Big chungus|100/100|[from] ability: Cheek Pouch
|move|p1a: Great Tusk|Close Combat|p2a: Big chungus
|-resisted|p2a: Big chungus
|-damage|p2a: Big chungus|69/100
|-unboost|p1a: Great Tusk|def|1
|-unboost|p1a: Great Tusk|spd|1
|
|upkeep
|turn|26
|
|t:|1760432698
|move|p2a: Big chungus|Body Slam|p1a: Great Tusk
|-damage|p1a: Great Tusk|0 fnt
|faint|p1a: Great Tusk
|-end|p1a: Great Tusk|Protosynthesis|[silent]
|
|upkeep
|
|t:|1760432700
|switch|p1a: Ogerpon|Ogerpon-Wellspring, F|100/100
|turn|27
|c|☆kocizna|GG
|
|t:|1760432704
|-terastallize|p1a: Ogerpon|Water
|detailschange|p1a: Ogerpon|Ogerpon-Wellspring-Tera, F, tera:Water
|-ability|p1a: Ogerpon|Embody Aspect (Wellspring)|boost
|-boost|p1a: Ogerpon|spd|1
|move|p2a: Big chungus|Body Slam|p1a: Ogerpon
|-damage|p1a: Ogerpon|0 fnt
|faint|p1a: Ogerpon
|detailschange|p1: Ogerpon|Ogerpon-Wellspring, F|[silent]
|
|win|pekashew64
|raw|kocizna's rating: 1218 &rarr; <strong>1197</strong><br />(-21 for losing)
|raw|pekashew64's rating: 1271 &rarr; <strong>1292</strong><br />(+21 for winning)
|l|☆kocizna
|player|p1|
|l|☆pekashew64
|player|p2|
