|j|☆Batman340
|j|☆ogbepis
|t:|1760319069
|gametype|singles
|player|p1|Batman340|169|1323
|player|p2|ogbepis|2|1312
|gen|9
|tier|[Gen 9] OU
|rated|
|rule|HP Percentage Mod: HP is shown in percentages
|rule|Endless Battle Clause: Forcing endless battles is banned
|rule|Species Clause: Limit one of each Pokémon
|rule|OHKO Clause: OHKO moves are banned
|rule|Evasion Items Clause: Evasion items are banned
|rule|Evasion Moves Clause: Evasion moves are banned
|rule|Evasion Abilities Clause: Evasion abilities are banned
|rule|Sleep Moves Clause: Sleep-inducing moves are banned
|clearpoke
|poke|p1|Gyarados, M|
|poke|p1|Great Tusk|
|poke|p1|Ogerpon-Wellspring, F|
|poke|p1|Pelipper, M|
|poke|p1|Tornadus-Therian, M|
|poke|p1|Garganacl, M|
|poke|p2|Garganacl, F|
|poke|p2|Gholdengo|
|poke|p2|Pecharunt|
|poke|p2|Primarina, F|
|poke|p2|Slither Wing|
|poke|p2|Tornadus-Therian, M|
|teampreview
|inactive|Battle timer is ON: inactive players will automatically lose when time's up. (requested by Batman340)
|
|t:|1760319075
|teamsize|p1|6
|teamsize|p2|6
|start
|switch|p1a: Pelipper|Pelipper, M, shiny|100/100
|switch|p2a: Gholdengo|Gholdengo|100/100
|-weather|RainDance|[from] ability: Drizzle|[of] p1a: Pelipper
|turn|1
|c|☆ogbepis|bop
|
|t:|1760319087
|switch|p1a: Great Tusk|Great Tusk, shiny|100/100
|-enditem|p1a: Great Tusk|Booster Energy
|-activate|p1a: Great Tusk|ability: Protosynthesis|[fromitem]
|-start|p1a: Great Tusk|protosynthesisatk
|-terastallize|p2a: Gholdengo|Ghost
|move|p2a: Gholdengo|Shadow Ball|p1a: Great Tusk
|-crit|p1a: Great Tusk
|-damage|p1a: Great Tusk|0 fnt
|faint|p1a: Great Tusk
|-end|p1a: Great Tusk|Protosynthesis|[silent]
|
|-weather|RainDance|[upkeep]
|upkeep
|c|☆ogbepis|like i said
|
|t:|1760319109
|switch|p1a: Tornadus|Tornadus-Therian, M|100/100
|turn|2
|c|☆ogbepis|uh oh
|c|☆ogbepis|so anyway
|c|☆ogbepis|BOP
|
|t:|1760319127
|move|p1a: Tornadus|Nasty Plot|p1a: Tornadus
|-boost|p1a: Tornadus|spa|2
|move|p2a: Gholdengo|Shadow Ball|p1a: Tornadus
|-damage|p1a: Tornadus|0 fnt
|faint|p1a: Tornadus
|
|-weather|RainDance|[upkeep]
|upkeep
|c|☆ogbepis|smh lol
|
|t:|1760319138
|switch|p1a: Ogerpon|Ogerpon-Wellspring, F|100/100
|turn|3
|c|☆ogbepis|bruh
|c|☆ogbepis|not 3 bops in a row
|c|☆ogbepis|jk
|c|☆ogbepis|BOP
|
|t:|1760319154
|-terastallize|p1a: Ogerpon|Water
|detailschange|p1a: Ogerpon|Ogerpon-Wellspring-Tera, F, tera:Water
|-ability|p1a: Ogerpon|Embody Aspect (Wellspring)|boost
|-boost|p1a: Ogerpon|spd|1
|move|p1a: Ogerpon|Ivy Cudgel|p2a: Gholdengo|[anim] Ivy Cudgel Water
|-crit|p2a: Gholdengo
|-damage|p2a: Gholdengo|0 fnt
|faint|p2a: Gholdengo
|
|-weather|RainDance|[upkeep]
|upkeep
|c|☆ogbepis|ahhahha
|c|☆ogbepis|crit mattered
|c|☆ogbepis|wpwp
|inactive|ogbepis has 120 seconds left.
|
|t:|1760319176
|switch|p2a: Slither Wing|Slither Wing|100/100
|turn|4
|
|t:|1760319181
|move|p2a: Slither Wing|First Impression|p1a: Ogerpon
|-damage|p1a: Ogerpon|28/100
|move|p1a: Ogerpon|Ivy Cudgel|p2a: Slither Wing|[anim] Ivy Cudgel Water
|-damage|p2a: Slither Wing|0 fnt
|faint|p2a: Slither Wing
|-end|p2a: Slither Wing|Protosynthesis|[silent]
|
|-weather|RainDance|[upkeep]
|upkeep
|
|t:|1760319187
|switch|p2a: Tornadus|Tornadus-Therian, M|100/100
|turn|5
|
|t:|1760319206
|switch|p2a: Primarina|Primarina, F|100/100
|move|p1a: Ogerpon|Ivy Cudgel|p2a: Primarina|[anim] Ivy Cudgel Water
|-resisted|p2a: Primarina
|-damage|p2a: Primarina|13/100
|
|-weather|RainDance|[upkeep]
|upkeep
|turn|6
|
|t:|1760319215
|move|p2a: Primarina|Moonblast|p1a: Ogerpon
|-damage|p1a: Ogerpon|0 fnt
|faint|p1a: Ogerpon
|detailschange|p1: Ogerpon|Ogerpon-Wellspring, F|[silent]
|
|-weather|RainDance|[upkeep]
|upkeep
|
|t:|1760319222
|switch|p1a: Gyarados|Gyarados, M, shiny|100/100
|turn|7
|
|t:|1760319225
|move|p2a: Primarina|Moonblast|p1a: Gyarados
|-damage|p1a: Gyarados|52/100
|move|p1a: Gyarados|Ice Fang|p2a: Primarina
|-resisted|p2a: Primarina
|-damage|p2a: Primarina|0 fnt
|faint|p2a: Primarina
|-ability|p1a: Gyarados|Moxie|boost
|-boost|p1a: Gyarados|atk|1
|
|-weather|RainDance|[upkeep]
|-heal|p1a: Gyarados|58/100|[from] item: Leftovers
|upkeep
|
|t:|1760319233
|switch|p2a: Garganacl|Garganacl, F, shiny|100/100
|turn|8
|
|t:|1760319243
|move|p1a: Gyarados|Waterfall|p2a: Garganacl
|-supereffective|p2a: Garganacl
|-damage|p2a: Garganacl|14/100
|-damage|p1a: Gyarados|41/100|[from] item: Rocky Helmet|[of] p2a: Garganacl
|move|p2a: Garganacl|Stealth Rock|p1a: Gyarados
|-sidestart|p1: Batman340|move: Stealth Rock
|
|-weather|none
|-heal|p1a: Gyarados|47/100|[from] item: Leftovers
|upkeep
|turn|9
|
|t:|1760319253
|move|p1a: Gyarados|Earthquake|p2a: Garganacl
|-supereffective|p2a: Garganacl
|-damage|p2a: Garganacl|0 fnt
|faint|p2a: Garganacl
|-ability|p1a: Gyarados|Moxie|boost
|-boost|p1a: Gyarados|atk|1
|
|-heal|p1a: Gyarados|53/100|[from] item: Leftovers
|upkeep
|
|t:|1760319255
|switch|p2a: Tornadus|Tornadus-Therian, M|100/100
|turn|10
|
|t:|1760319265
|move|p2a: Tornadus|Body Slam|p1a: Gyarados
|-damage|p1a: Gyarados|21/100
|-status|p1a: Gyarados|par
|move|p1a: Gyarados|Ice Fang|p2a: Tornadus
|-supereffective|p2a: Tornadus
|-damage|p2a: Tornadus|0 fnt
|faint|p2a: Tornadus
|-ability|p1a: Gyarados|Moxie|boost
|-boost|p1a: Gyarados|atk|1
|
|-heal|p1a: Gyarados|27/100 par|[from] item: Leftovers
|upkeep
|
|t:|1760319271
|switch|p2a: Pecharunt|Pecharunt|100/100
|turn|11
|
|t:|1760319279
|move|p2a: Pecharunt|Hex|p1a: Gyarados
|-damage|p1a: Gyarados|0 fnt
|faint|p1a: Gyarados
|
|upkeep
|
|t:|1760319286
|switch|p1a: Pelipper|Pelipper, M, shiny|100/100
|-damage|p1a: Pelipper|76/100|[from] Stealth Rock
|-weather|RainDance|[from] ability: Drizzle|[of] p1a: Pelipper
|turn|12
|
|t:|1760319292
|move|p2a: Pecharunt|Malignant Chain|p1a: Pelipper
|-damage|p1a: Pelipper|0 fnt
|faint|p1a: Pelipper
|
|-weather|RainDance|[upkeep]
|upkeep
|
|t:|1760319298
|switch|p1a: Garganacl|Garganacl, M, shiny|100/100
|-damage|p1a: Garganacl|88/100|[from] Stealth Rock
|turn|13
|
|t:|1760319306
|move|p1a: Garganacl|Protect|p1a: Garganacl
|-singleturn|p1a: Garganacl|Protect
|move|p2a: Pecharunt|Malignant Chain|p1a: Garganacl
|-activate|p1a: Garganacl|move: Protect
|
|-weather|RainDance|[upkeep]
|-heal|p1a: Garganacl|94/100|[from] item: Leftovers
|upkeep
|turn|14
|
|t:|1760319314
|move|p2a: Pecharunt|Malignant Chain|p1a: Garganacl
|-resisted|p1a: Garganacl
|-damage|p1a: Garganacl|77/100
|move|p1a: Garganacl|Salt Cure|p2a: Pecharunt
|-crit|p2a: Pecharunt
|-damage|p2a: Pecharunt|88/100
|-start|p2a: Pecharunt|Salt Cure
|
|-weather|RainDance|[upkeep]
|-heal|p2a: Pecharunt|94/100|[from] item: Black Sludge
|-heal|p1a: Garganacl|83/100|[from] item: Leftovers
|-damage|p2a: Pecharunt|81/100|[from] Salt Cure
|upkeep
|turn|15
|inactive|Batman340 has 120 seconds left.
|l|☆Batman340
|inactive|Batman340 disconnected and has a minute to reconnect!
|player|p1|
|inactive|Batman340 has 30 seconds to reconnect!
|c|☆ogbepis|holy fk if you come back youre so gay
|j|☆Batman340
|inactive|Batman340 reconnected and has 85 seconds left.
|player|p1|Batman340|169|
|
|t:|1760319388
|move|p2a: Pecharunt|Parting Shot|p1a: Garganacl
|-unboost|p1a: Garganacl|atk|1
|-unboost|p1a: Garganacl|spa|1
|move|p1a: Garganacl|Recover|p1a: Garganacl
|-heal|p1a: Garganacl|100/100
|
|-weather|RainDance|[upkeep]
|-heal|p2a: Pecharunt|87/100|[from] item: Black Sludge
|-damage|p2a: Pecharunt|75/100|[from] Salt Cure
|upkeep
|turn|16
|c|☆ogbepis|yeah expected baahah
|c|☆ogbepis|what a nerd u are
|
|t:|1760319413
|move|p2a: Pecharunt|Parting Shot|p1a: Garganacl
|-unboost|p1a: Garganacl|atk|1
|-unboost|p1a: Garganacl|spa|1
|move|p1a: Garganacl|Salt Cure|p2a: Pecharunt
|-damage|p2a: Pecharunt|71/100
|
|-weather|RainDance|[upkeep]
|-heal|p2a: Pecharunt|77/100|[from] item: Black Sludge
|-damage|p2a: Pecharunt|64/100|[from] Salt Cure
|upkeep
|turn|17
|c|☆Batman340|Shut up
|
|t:|1760319428
|move|p2a: Pecharunt|Parting Shot|p1a: Garganacl
|-unboost|p1a: Garganacl|atk|1
|-unboost|p1a: Garganacl|spa|1
|move|p1a: Garganacl|Curse|p1a: Garganacl
|-unboost|p1a: Garganacl|spe|1
|-boost|p1a: Garganacl|atk|1
|-boost|p1a: Garganacl|def|1
|
|-weather|RainDance|[upkeep]
|-heal|p2a: Pecharunt|70/100|[from] item: Black Sludge
|-damage|p2a: Pecharunt|58/100|[from] Salt Cure
|upkeep
|turn|18
|
|t:|1760319439
|move|p2a: Pecharunt|Parting Shot|p1a: Garganacl
|-unboost|p1a: Garganacl|atk|1
|-unboost|p1a: Garganacl|spa|1
|move|p1a: Garganacl|Curse|p1a: Garganacl
|-unboost|p1a: Garganacl|spe|1
|-boost|p1a: Garganacl|atk|1
|-boost|p1a: Garganacl|def|1
|
|-weather|RainDance|[upkeep]
|-heal|p2a: Pecharunt|64/100|[from] item: Black Sludge
|-damage|p2a: Pecharunt|52/100|[from] Salt Cure
|upkeep
|turn|19
|
|t:|1760319451
|move|p2a: Pecharunt|Parting Shot|p1a: Garganacl
|-unboost|p1a: Garganacl|atk|1
|-unboost|p1a: Garganacl|spa|1
|move|p1a: Garganacl|Curse|p1a: Garganacl
|-unboost|p1a: Garganacl|spe|1
|-boost|p1a: Garganacl|atk|1
|-boost|p1a: Garganacl|def|1
|
|-weather|none
|-heal|p2a: Pecharunt|58/100|[from] item: Black Sludge
|-damage|p2a: Pecharunt|45/100|[from] Salt Cure
|upkeep
|turn|20
|
|t:|1760319463
|move|p1a: Garganacl|Protect|p1a: Garganacl
|-singleturn|p1a: Garganacl|Protect
|move|p2a: Pecharunt|Parting Shot|p1a: Garganacl
|-activate|p1a: Garganacl|move: Protect
|
|-heal|p2a: Pecharunt|52/100|[from] item: Black Sludge
|-damage|p2a: Pecharunt|39/100|[from] Salt Cure
|upkeep
|turn|21
|c|☆Batman340|I know u got recover
|
|t:|1760319483
|move|p1a: Garganacl|Protect|p1a: Garganacl
|-singleturn|p1a: Garganacl|Protect
|move|p2a: Pecharunt|Parting Shot|p1a: Garganacl
|-activate|p1a: Garganacl|move: Protect
|
|-heal|p2a: Pecharunt|45/100|[from] item: Black Sludge
|-damage|p2a: Pecharunt|33/100|[from] Salt Cure
|upkeep
|turn|22
|
|t:|1760319494
|move|p1a: Garganacl|Protect||[still]
|-fail|p1a: Garganacl
|move|p2a: Pecharunt|Parting Shot|p1a: Garganacl
|-unboost|p1a: Garganacl|atk|1
|-unboost|p1a: Garganacl|spa|1
|
|-heal|p2a: Pecharunt|39/100|[from] item: Black Sludge
|-damage|p2a: Pecharunt|27/100|[from] Salt Cure
|upkeep
|turn|23
|
|t:|1760319503
|move|p2a: Pecharunt|Recover|p2a: Pecharunt
|-heal|p2a: Pecharunt|77/100
|move|p1a: Garganacl|Curse|p1a: Garganacl
|-unboost|p1a: Garganacl|spe|1
|-boost|p1a: Garganacl|atk|1
|-boost|p1a: Garganacl|def|1
|
|-heal|p2a: Pecharunt|83/100|[from] item: Black Sludge
|-damage|p2a: Pecharunt|70/100|[from] Salt Cure
|upkeep
|turn|24
|
|t:|1760319514
|move|p2a: Pecharunt|Parting Shot|p1a: Garganacl
|-unboost|p1a: Garganacl|atk|1
|-unboost|p1a: Garganacl|spa|0
|move|p1a: Garganacl|Salt Cure|p2a: Pecharunt
|-damage|p2a: Pecharunt|66/100
|
|-heal|p2a: Pecharunt|72/100|[from] item: Black Sludge
|-damage|p2a: Pecharunt|60/100|[from] Salt Cure
|upkeep
|turn|25
|
|t:|1760319527
|move|p2a: Pecharunt|Parting Shot|p1a: Garganacl
|-unboost|p1a: Garganacl|atk|1
|-unboost|p1a: Garganacl|spa|0
|move|p1a: Garganacl|Curse|p1a: Garganacl
|-unboost|p1a: Garganacl|spe|1
|-boost|p1a: Garganacl|atk|1
|-boost|p1a: Garganacl|def|1
|
|-heal|p2a: Pecharunt|66/100|[from] item: Black Sludge
|-damage|p2a: Pecharunt|54/100|[from] Salt Cure
|upkeep
|turn|26
|-message|Batman340 forfeited.
|
|win|ogbepis
