|j|‽pikachulover32
|j|☆Supmydudeee
|t:|1760430143
|gametype|singles
|player|p1|pikachulover32|brendan|1498
|player|p2|Supmydudeee|170|1552
|gen|9
|tier|[Gen 9] OU
|rated|
|rule|HP Percentage Mod: HP is shown in percentages
|rule|Endless Battle Clause: Forcing endless battles is banned
|rule|Species Clause: Limit one of each Pokémon
|rule|OHKO Clause: OHKO moves are banned
|rule|Evasion Items Clause: Evasion items are banned
|rule|Evasion Moves Clause: Evasion moves are banned
|rule|Evasion Abilities Clause: Evasion abilities are banned
|rule|Sleep Moves Clause: Sleep-inducing moves are banned
|clearpoke
|poke|p1|Weezing-Galar, M|
|poke|p1|Iron Treads|
|poke|p1|Samurott-Hisui, M|
|poke|p1|Slowking-Galar, F|
|poke|p1|Garchomp, M|
|poke|p1|Zapdos|
|poke|p2|Slowking-Galar, F|
|poke|p2|Kyurem|
|poke|p2|Greninja-*, M|
|poke|p2|Cinderace, F|
|poke|p2|Mandibuzz, F|
|poke|p2|Gholdengo|
|teampreview
|inactive|Battle timer is ON: inactive players will automatically lose when time's up. (requested by pikachulover32)
|
|t:|1760430171
|teamsize|p1|6
|teamsize|p2|6
|start
|switch|p1a: Slowking|Slowking-Galar, F, shiny|100/100
|switch|p2a: Kyurem|Kyurem|100/100
|-ability|p2a: Kyurem|Pressure
|turn|1
|
|t:|1760430178
|switch|p2a: Gholdengo|Gholdengo|100/100
|move|p1a: Slowking|Sludge Bomb|p2a: Gholdengo
|-immune|p2a: Gholdengo
|
|upkeep
|turn|2
|
|t:|1760430195
|switch|p2a: Cinderace|Cinderace, F|100/100
|switch|p1a: Samurott|Samurott-Hisui, M, shiny|100/100
|
|upkeep
|turn|3
|
|t:|1760430206
|switch|p1a: Weezing|Weezing-Galar, M|100/100
|move|p2a: Cinderace|U-turn|p1a: Weezing
|-start|p2a: Cinderace|typechange|Bug|[from] ability: Libero
|-resisted|p1a: Weezing
|-damage|p1a: Weezing|93/100
|-damage|p2a: Cinderace|84/100|[from] item: Rocky Helmet|[of] p1a: Weezing
|
|t:|1760430216
|switch|p2a: Kyurem|Kyurem|100/100|[from] U-turn
|-ability|p2a: Kyurem|Pressure
|
|upkeep
|turn|4
|
|t:|1760430229
|move|p2a: Kyurem|Earth Power|p1a: Weezing
|-immune|p1a: Weezing|[from] ability: Levitate
|move|p1a: Weezing|Will-O-Wisp|p2a: Kyurem
|-status|p2a: Kyurem|brn
|
|-damage|p2a: Kyurem|94/100 brn|[from] brn
|upkeep
|turn|5
|
|t:|1760430239
|switch|p2a: Gholdengo|Gholdengo|100/100
|switch|p1a: Slowking|Slowking-Galar, F, shiny|100/100
|
|upkeep
|turn|6
|
|t:|1760430256
|-terastallize|p1a: Slowking|Water
|move|p2a: Gholdengo|Nasty Plot|p2a: Gholdengo
|-boost|p2a: Gholdengo|spa|2
|move|p1a: Slowking|Fire Blast|p2a: Gholdengo
|-supereffective|p2a: Gholdengo
|-damage|p2a: Gholdengo|29/100
|
|upkeep
|turn|7
|
|t:|1760430265
|-terastallize|p2a: Gholdengo|Water
|move|p2a: Gholdengo|Recover|p2a: Gholdengo
|-heal|p2a: Gholdengo|79/100
|move|p1a: Slowking|Surf|p2a: Gholdengo
|-resisted|p2a: Gholdengo
|-damage|p2a: Gholdengo|54/100
|
|upkeep
|turn|8
|
|t:|1760430274
|move|p2a: Gholdengo|Shadow Ball|p1a: Slowking
|-damage|p1a: Slowking|49/100
|-unboost|p1a: Slowking|spd|1
|move|p1a: Slowking|Sludge Bomb|p2a: Gholdengo
|-damage|p2a: Gholdengo|4/100
|
|upkeep
|turn|9
|
|t:|1760430284
|switch|p1a: Samurott|Samurott-Hisui, M, shiny|100/100
|move|p2a: Gholdengo|Shadow Ball|p1a: Samurott
|-resisted|p1a: Samurott
|-damage|p1a: Samurott|60/100
|
|upkeep
|turn|10
|
|t:|1760430291
|switch|p2a: Mandibuzz|Mandibuzz, F|100/100
|move|p1a: Samurott|Ceaseless Edge|p2a: Mandibuzz
|-resisted|p2a: Mandibuzz
|-damage|p2a: Mandibuzz|87/100
|-sidestart|p2: Supmydudeee|Spikes
|
|upkeep
|turn|11
|
|t:|1760430298
|switch|p1a: Zapdos|Zapdos, shiny|100/100
|move|p2a: Mandibuzz|Defog|p1a: Zapdos
|-unboost|p1a: Zapdos|evasion|1
|-sideend|p2: Supmydudeee|Spikes|[from] move: Defog|[of] p2a: Mandibuzz
|
|upkeep
|turn|12
|
|t:|1760430305
|switch|p2a: Slowking|Slowking-Galar, F|100/100
|move|p1a: Zapdos|Volt Switch|p2a: Slowking
|-damage|p2a: Slowking|79/100
|
|t:|1760430312
|switch|p1a: Samurott|Samurott-Hisui, M, shiny|60/100|[from] Volt Switch
|
|upkeep
|turn|13
|
|t:|1760430316
|switch|p2a: Mandibuzz|Mandibuzz, F|87/100
|move|p1a: Samurott|Ceaseless Edge|p2a: Mandibuzz
|-resisted|p2a: Mandibuzz
|-damage|p2a: Mandibuzz|74/100
|-sidestart|p2: Supmydudeee|Spikes
|
|upkeep
|turn|14
|
|t:|1760430324
|switch|p1a: Zapdos|Zapdos, shiny|100/100
|move|p2a: Mandibuzz|U-turn|p1a: Zapdos
|-resisted|p1a: Zapdos
|-damage|p1a: Zapdos|96/100
|
|t:|1760430329
|switch|p2a: Kyurem|Kyurem|94/100 brn|[from] U-turn
|-damage|p2a: Kyurem|82/100 brn|[from] Spikes
|-ability|p2a: Kyurem|Pressure
|
|-damage|p2a: Kyurem|76/100 brn|[from] brn
|upkeep
|turn|15
|
|t:|1760430341
|switch|p1a: Slowking|Slowking-Galar, F, shiny, tera:Water|82/100
|move|p2a: Kyurem|Freeze-Dry|p1a: Slowking
|-supereffective|p1a: Slowking
|-damage|p1a: Slowking|27/100
|
|-damage|p2a: Kyurem|70/100 brn|[from] brn
|upkeep
|turn|16
|
|t:|1760430353
|switch|p1a: Iron Treads|Iron Treads, shiny|100/100
|move|p2a: Kyurem|Freeze-Dry|p1a: Iron Treads
|-damage|p1a: Iron Treads|58/100
|
|-damage|p2a: Kyurem|64/100 brn|[from] brn
|upkeep
|turn|17
|
|t:|1760430362
|switch|p2a: Mandibuzz|Mandibuzz, F|74/100
|move|p1a: Iron Treads|Iron Head|p2a: Mandibuzz
|-crit|p2a: Mandibuzz
|-damage|p2a: Mandibuzz|42/100
|
|upkeep
|turn|18
|
|t:|1760430369
|-end|p1a: Iron Treads|Quark Drive|[silent]
|switch|p1a: Zapdos|Zapdos, shiny|96/100
|move|p2a: Mandibuzz|Roost|p2a: Mandibuzz
|-heal|p2a: Mandibuzz|92/100
|-singleturn|p2a: Mandibuzz|move: Roost
|
|upkeep
|turn|19
|
|t:|1760430377
|switch|p2a: Slowking|Slowking-Galar, F|100/100
|move|p1a: Zapdos|Volt Switch|p2a: Slowking
|-damage|p2a: Slowking|78/100
|
|t:|1760430386
|switch|p1a: Samurott|Samurott-Hisui, M, shiny|60/100|[from] Volt Switch
|
|upkeep
|turn|20
|
|t:|1760430391
|switch|p2a: Mandibuzz|Mandibuzz, F|92/100
|move|p1a: Samurott|Ceaseless Edge|p2a: Mandibuzz
|-resisted|p2a: Mandibuzz
|-damage|p2a: Mandibuzz|79/100
|-sidestart|p2: Supmydudeee|Spikes
|
|upkeep
|turn|21
|
|t:|1760430399
|switch|p1a: Zapdos|Zapdos, shiny|96/100
|move|p2a: Mandibuzz|Defog|p1a: Zapdos
|-unboost|p1a: Zapdos|evasion|1
|-sideend|p2: Supmydudeee|Spikes|[from] move: Defog|[of] p2a: Mandibuzz
|
|upkeep
|turn|22
|
|t:|1760430405
|switch|p2a: Gholdengo|Gholdengo, tera:Water|4/100
|move|p1a: Zapdos|Volt Switch|p2a: Gholdengo
|-supereffective|p2a: Gholdengo
|-damage|p2a: Gholdengo|0 fnt
|faint|p2a: Gholdengo
|
|t:|1760430423
|switch|p1a: Iron Treads|Iron Treads, shiny|58/100|[from] Volt Switch
|
|upkeep
|
|t:|1760430428
|switch|p2a: Cinderace|Cinderace, F|84/100
|turn|23
|
|t:|1760430435
|-end|p1a: Iron Treads|Quark Drive|[silent]
|switch|p1a: Garchomp|Garchomp, M|100/100
|move|p2a: Cinderace|U-turn|p1a: Garchomp
|-start|p2a: Cinderace|typechange|Bug|[from] ability: Libero
|-damage|p1a: Garchomp|68/100
|-damage|p2a: Cinderace|72/100|[from] ability: Rough Skin|[of] p1a: Garchomp
|-damage|p2a: Cinderace|55/100|[from] item: Rocky Helmet|[of] p1a: Garchomp
|
|t:|1760430443
|switch|p2a: Kyurem|Kyurem|64/100 brn|[from] U-turn
|-ability|p2a: Kyurem|Pressure
|
|-damage|p2a: Kyurem|58/100 brn|[from] brn
|upkeep
|turn|24
|
|t:|1760430454
|switch|p1a: Iron Treads|Iron Treads, shiny|58/100
|move|p2a: Kyurem|Freeze-Dry|p1a: Iron Treads
|-damage|p1a: Iron Treads|15/100
|-status|p1a: Iron Treads|frz
|
|-damage|p2a: Kyurem|51/100 brn|[from] brn
|upkeep
|turn|25
|
|t:|1760430464
|-curestatus|p1a: Iron Treads|frz|[msg]
|move|p1a: Iron Treads|Iron Head|p2a: Kyurem
|-supereffective|p2a: Kyurem
|-damage|p2a: Kyurem|0 fnt
|faint|p2a: Kyurem
|
|upkeep
|-message|Supmydudeee forfeited.
|
|win|pikachulover32
|raw|pikachulover32's rating: 1498 &rarr; <strong>1521</strong><br />(+23 for winning)
|raw|Supmydudeee's rating: 1552 &rarr; <strong>1529</strong><br />(-23 for losing)
|l|☆Supmydudeee
|player|p2|
