|j|☆noahthepenguin
|j|☆oficial matute
|t:|1760382333
|gametype|singles
|player|p1|noahthepenguin|unknown|1126
|player|p2|oficial matute|policeman|1160
|gen|9
|tier|[Gen 9] OU
|rated|
|rule|HP Percentage Mod: HP is shown in percentages
|rule|Endless Battle Clause: Forcing endless battles is banned
|rule|Species Clause: Limit one of each Pokémon
|rule|OHKO Clause: OHKO moves are banned
|rule|Evasion Items Clause: Evasion items are banned
|rule|Evasion Moves Clause: Evasion moves are banned
|rule|Evasion Abilities Clause: Evasion abilities are banned
|rule|Sleep Moves Clause: Sleep-inducing moves are banned
|clearpoke
|poke|p1|Feraligatr, F|
|poke|p1|Trevenant, F|
|poke|p1|Iron Moth|
|poke|p1|Ariados, F|
|poke|p1|Kingambit, M|
|poke|p1|Iron Thorns|
|poke|p2|Noivern, M|
|poke|p2|Tropius, F|
|poke|p2|Garchomp, M|
|poke|p2|Hydrapple, F|
|poke|p2|Torterra, F|
|poke|p2|Landorus-Therian, M|
|teampreview
|inactive|Battle timer is ON: inactive players will automatically lose when time's up. (requested by noahthepenguin)
|
|t:|1760382345
|teamsize|p1|6
|teamsize|p2|6
|start
|switch|p1a: Spooder-man|Ariados, F, shiny|100/100
|switch|p2a: 👁👅👁|Noivern, M|100/100
|-item|p1a: Spooder-man|Focus Sash|[from] ability: Frisk|[of] p2a: 👁👅👁
|turn|1
|
|t:|1760382359
|move|p2a: 👁👅👁|Switcheroo|p1a: Spooder-man
|-activate|p2a: 👁👅👁|move: Trick|[of] p1a: Spooder-man
|-item|p1a: Spooder-man|Choice Scarf|[from] move: Switcheroo
|-item|p2a: 👁👅👁|Focus Sash|[from] move: Switcheroo
|move|p1a: Spooder-man|Sticky Web|p2a: 👁👅👁
|-sidestart|p2: oficial matute|move: Sticky Web
|
|upkeep
|turn|2
|
|t:|1760382368
|switch|p1a: Dancer|Iron Thorns, shiny|100/100
|-enditem|p1a: Dancer|Booster Energy
|-activate|p1a: Dancer|ability: Quark Drive|[fromitem]
|-start|p1a: Dancer|quarkdriveatk
|move|p2a: 👁👅👁|Defog|p1a: Dancer
|-unboost|p1a: Dancer|evasion|1
|-sideend|p2: oficial matute|Sticky Web|[from] move: Defog|[of] p2a: 👁👅👁
|
|upkeep
|turn|3
|
|t:|1760382381
|switch|p2a: 👁👃👁|Landorus-Therian, M|100/100
|-ability|p2a: 👁👃👁|Intimidate|boost
|-unboost|p1a: Dancer|atk|1
|move|p1a: Dancer|Dragon Dance|p1a: Dancer
|-boost|p1a: Dancer|atk|1
|-boost|p1a: Dancer|spe|1
|
|upkeep
|turn|4
|
|t:|1760382389
|-terastallize|p1a: Dancer|Ice
|move|p1a: Dancer|Dragon Dance|p1a: Dancer
|-boost|p1a: Dancer|atk|1
|-boost|p1a: Dancer|spe|1
|move|p2a: 👁👃👁|U-turn|p1a: Dancer
|-damage|p1a: Dancer|81/100
|
|t:|1760382409
|switch|p2a: 👁👅👁|Noivern, M|100/100|[from] U-turn
|
|upkeep
|turn|5
|
|t:|1760382416
|move|p1a: Dancer|Dragon Dance|p1a: Dancer
|-boost|p1a: Dancer|atk|1
|-boost|p1a: Dancer|spe|1
|move|p2a: 👁👅👁|Flamethrower|p1a: Dancer
|-supereffective|p1a: Dancer
|-damage|p1a: Dancer|16/100
|
|upkeep
|turn|6
|
|t:|1760382424
|move|p1a: Dancer|Ice Punch|p2a: 👁👅👁
|-supereffective|p2a: 👁👅👁
|-enditem|p2a: 👁👅👁|Focus Sash
|-damage|p2a: 👁👅👁|1/100
|move|p2a: 👁👅👁|Flamethrower|p1a: Dancer
|-supereffective|p1a: Dancer
|-damage|p1a: Dancer|0 fnt
|faint|p1a: Dancer
|-end|p1a: Dancer|Quark Drive|[silent]
|
|upkeep
|
|t:|1760382432
|switch|p1a: Florida|Feraligatr, F, shiny|100/100
|turn|7
|
|t:|1760382435
|move|p2a: 👁👅👁|Air Slash|p1a: Florida
|-damage|p1a: Florida|57/100
|move|p1a: Florida|Dragon Dance|p1a: Florida
|-boost|p1a: Florida|atk|1
|-boost|p1a: Florida|spe|1
|
|upkeep
|turn|8
|
|t:|1760382442
|move|p1a: Florida|Dragon Dance|p1a: Florida
|-boost|p1a: Florida|atk|1
|-boost|p1a: Florida|spe|1
|move|p2a: 👁👅👁|Air Slash|p1a: Florida
|-damage|p1a: Florida|15/100
|
|upkeep
|turn|9
|
|t:|1760382454
|move|p1a: Florida|Liquidation|p2a: 👁👅👁
|-resisted|p2a: 👁👅👁
|-damage|p2a: 👁👅👁|0 fnt
|faint|p2a: 👁👅👁
|
|upkeep
|
|t:|1760382462
|switch|p2a: 👁💋👁|Torterra, F|100/100
|turn|10
|
|t:|1760382465
|move|p1a: Florida|Ice Punch|p2a: 👁💋👁
|-supereffective|p2a: 👁💋👁
|-enditem|p2a: 👁💋👁|Focus Sash
|-damage|p2a: 👁💋👁|1/100
|move|p2a: 👁💋👁|Headlong Rush|p1a: Florida
|-damage|p1a: Florida|0 fnt
|-unboost|p2a: 👁💋👁|def|1
|-unboost|p2a: 👁💋👁|spd|1
|faint|p1a: Florida
|
|upkeep
|
|t:|1760382476
|switch|p1a: FireFly|Iron Moth, shiny|100/100
|-enditem|p1a: FireFly|Booster Energy
|-activate|p1a: FireFly|ability: Quark Drive|[fromitem]
|-start|p1a: FireFly|quarkdrivespa
|turn|11
|
|t:|1760382481
|move|p1a: FireFly|Fiery Dance|p2a: 👁💋👁
|-supereffective|p2a: 👁💋👁
|-damage|p2a: 👁💋👁|0 fnt
|-boost|p1a: FireFly|spa|1
|faint|p2a: 👁💋👁
|
|upkeep
|
|t:|1760382489
|switch|p2a: 👁🐽👁|Tropius, F, shiny|100/100
|turn|12
|
|t:|1760382497
|-terastallize|p2a: 👁🐽👁|Ghost
|move|p1a: FireFly|Fiery Dance|p2a: 👁🐽👁
|-damage|p2a: 👁🐽👁|46/100
|-enditem|p2a: 👁🐽👁|Sitrus Berry|[eat]
|-heal|p2a: 👁🐽👁|71/100|[from] item: Sitrus Berry
|move|p2a: 👁🐽👁|Leech Seed|p1a: FireFly|[miss]
|-miss|p2a: 👁🐽👁|p1a: FireFly
|
|upkeep
|turn|13
|
|t:|1760382507
|move|p1a: FireFly|Sludge Wave|p2a: 👁🐽👁
|-resisted|p2a: 👁🐽👁
|-damage|p2a: 👁🐽👁|36/100
|move|p2a: 👁🐽👁|Leech Seed|p1a: FireFly
|-start|p1a: FireFly|move: Leech Seed
|
|-damage|p1a: FireFly|88/100|[from] Leech Seed|[of] p2a: 👁🐽👁
|-heal|p2a: 👁🐽👁|46/100|[silent]
|-item|p2a: 👁🐽👁|Sitrus Berry|[from] ability: Harvest
|upkeep
|-enditem|p2a: 👁🐽👁|Sitrus Berry|[eat]
|-heal|p2a: 👁🐽👁|70/100|[from] item: Sitrus Berry
|turn|14
|
|t:|1760382519
|move|p2a: 👁🐽👁|Protect|p2a: 👁🐽👁
|-singleturn|p2a: 👁🐽👁|Protect
|move|p1a: FireFly|Fiery Dance|p2a: 👁🐽👁
|-activate|p2a: 👁🐽👁|move: Protect
|
|-damage|p1a: FireFly|76/100|[from] Leech Seed|[of] p2a: 👁🐽👁
|-heal|p2a: 👁🐽👁|80/100|[silent]
|-item|p2a: 👁🐽👁|Sitrus Berry|[from] ability: Harvest
|upkeep
|turn|15
|
|t:|1760382530
|move|p1a: FireFly|Fiery Dance|p2a: 👁🐽👁
|-damage|p2a: 👁🐽👁|20/100
|-boost|p1a: FireFly|spa|1
|-enditem|p2a: 👁🐽👁|Sitrus Berry|[eat]
|-heal|p2a: 👁🐽👁|45/100|[from] item: Sitrus Berry
|move|p2a: 👁🐽👁|Substitute|p2a: 👁🐽👁
|-start|p2a: 👁🐽👁|Substitute
|-damage|p2a: 👁🐽👁|20/100
|
|-damage|p1a: FireFly|64/100|[from] Leech Seed|[of] p2a: 👁🐽👁
|-heal|p2a: 👁🐽👁|29/100|[silent]
|-item|p2a: 👁🐽👁|Sitrus Berry|[from] ability: Harvest
|upkeep
|-enditem|p2a: 👁🐽👁|Sitrus Berry|[eat]
|-heal|p2a: 👁🐽👁|54/100|[from] item: Sitrus Berry
|turn|16
|
|t:|1760382550
|move|p2a: 👁🐽👁|Protect|p2a: 👁🐽👁
|-singleturn|p2a: 👁🐽👁|Protect
|move|p1a: FireFly|Fiery Dance|p2a: 👁🐽👁
|-activate|p2a: 👁🐽👁|move: Protect
|
|-damage|p1a: FireFly|51/100|[from] Leech Seed|[of] p2a: 👁🐽👁
|-heal|p2a: 👁🐽👁|63/100|[silent]
|upkeep
|turn|17
|
|t:|1760382559
|move|p1a: FireFly|Fiery Dance|p2a: 👁🐽👁
|-end|p2a: 👁🐽👁|Substitute
|-boost|p1a: FireFly|spa|1
|move|p2a: 👁🐽👁|Curse|p1a: FireFly
|-start|p1a: FireFly|Curse|[of] p2a: 👁🐽👁
|-damage|p2a: 👁🐽👁|13/100
|
|-damage|p1a: FireFly|39/100|[from] Leech Seed|[of] p2a: 👁🐽👁
|-heal|p2a: 👁🐽👁|22/100|[silent]
|-damage|p1a: FireFly|14/100|[from] Curse
|-item|p2a: 👁🐽👁|Sitrus Berry|[from] ability: Harvest
|upkeep
|-enditem|p2a: 👁🐽👁|Sitrus Berry|[eat]
|-heal|p2a: 👁🐽👁|47/100|[from] item: Sitrus Berry
|turn|18
|
|t:|1760382575
|move|p2a: 👁🐽👁|Protect|p2a: 👁🐽👁
|-singleturn|p2a: 👁🐽👁|Protect
|move|p1a: FireFly|Fiery Dance|p2a: 👁🐽👁
|-activate|p2a: 👁🐽👁|move: Protect
|
|-damage|p1a: FireFly|2/100|[from] Leech Seed|[of] p2a: 👁🐽👁
|-heal|p2a: 👁🐽👁|56/100|[silent]
|-damage|p1a: FireFly|0 fnt|[from] Curse
|faint|p1a: FireFly
|-end|p1a: FireFly|Quark Drive|[silent]
|-item|p2a: 👁🐽👁|Sitrus Berry|[from] ability: Harvest
|upkeep
|
|t:|1760382580
|switch|p1a: Sudowoo2|Trevenant, F, shiny|100/100
|turn|19
|
|t:|1760382592
|switch|p2a: 👁👄👁|Hydrapple, F|100/100
|move|p1a: Sudowoo2|Poltergeist|p2a: 👁👄👁
|-activate|p2a: 👁👄👁|move: Poltergeist|Assault Vest
|-damage|p2a: 👁👄👁|35/100
|
|upkeep
|turn|20
|
|t:|1760382600
|switch|p2a: 👁👃👁|Landorus-Therian, M|100/100
|-ability|p2a: 👁👃👁|Intimidate|boost
|-unboost|p1a: Sudowoo2|atk|1
|move|p1a: Sudowoo2|Poltergeist|p2a: 👁👃👁
|-activate|p2a: 👁👃👁|move: Poltergeist|Rocky Helmet
|-damage|p2a: 👁👃👁|59/100
|
|upkeep
|turn|21
|
|t:|1760382609
|move|p2a: 👁👃👁|U-turn|p1a: Sudowoo2
|-damage|p1a: Sudowoo2|77/100
|
|t:|1760382614
|switch|p2a: 👁🫦👁|Garchomp, M|100/100|[from] U-turn
|move|p1a: Sudowoo2|Poltergeist|p2a: 👁🫦👁
|-activate|p2a: 👁🫦👁|move: Poltergeist|Loaded Dice
|-damage|p2a: 👁🫦👁|41/100
|
|upkeep
|turn|22
|
|t:|1760382622
|move|p2a: 👁🫦👁|Scale Shot|p1a: Sudowoo2
|-damage|p1a: Sudowoo2|62/100
|-damage|p1a: Sudowoo2|46/100
|-damage|p1a: Sudowoo2|31/100
|-damage|p1a: Sudowoo2|14/100
|-damage|p1a: Sudowoo2|0 fnt
|faint|p1a: Sudowoo2
|-hitcount|p1: Sudowoo2|5
|-unboost|p2a: 👁🫦👁|def|1
|-boost|p2a: 👁🫦👁|spe|1
|
|upkeep
|
|t:|1760382628
|switch|p1a: Sucka|Kingambit, M, shiny|100/100
|-activate|p1a: Sucka|ability: Supreme Overlord
|-start|p1a: Sucka|fallen4|[silent]
|turn|23
|
|t:|1760382638
|move|p1a: Sucka|Sucker Punch|p2a: 👁🫦👁
|-damage|p2a: 👁🫦👁|0 fnt
|-damage|p1a: Sucka|88/100|[from] ability: Rough Skin|[of] p2a: 👁🫦👁
|faint|p2a: 👁🫦👁
|
|upkeep
|
|t:|1760382646
|switch|p2a: 👁👃👁|Landorus-Therian, M|59/100
|-ability|p2a: 👁👃👁|Intimidate|boost
|-unboost|p1a: Sucka|atk|1
|turn|24
|
|t:|1760382650
|move|p2a: 👁👃👁|Scorching Sands|p1a: Sucka
|-supereffective|p1a: Sucka
|-crit|p1a: Sucka
|-damage|p1a: Sucka|17/100
|-status|p1a: Sucka|brn
|move|p1a: Sucka|Swords Dance|p1a: Sucka
|-boost|p1a: Sucka|atk|2
|
|-damage|p1a: Sucka|11/100 brn|[from] brn
|upkeep
|turn|25
|
|t:|1760382660
|move|p1a: Sucka|Sucker Punch|p2a: 👁👃👁
|-damage|p2a: 👁👃👁|22/100
|-damage|p1a: Sucka|0 fnt|[from] item: Rocky Helmet|[of] p2a: 👁👃👁
|faint|p1a: Sucka
|-end|p1a: Sucka|fallen4|[silent]
|move|p2a: 👁👃👁|U-turn|p1: Sucka|[notarget]
|-fail|p2a: 👁👃👁
|
|upkeep
|c|☆noahthepenguin|The frig is your luck
|
|t:|1760382668
|switch|p1a: Spooder-man|Ariados, F, shiny|100/100
|turn|26
|
|t:|1760382675
|move|p2a: 👁👃👁|Scorching Sands|p1a: Spooder-man
|-damage|p1a: Spooder-man|79/100
|move|p1a: Spooder-man|Foul Play|p2a: 👁👃👁
|-damage|p2a: 👁👃👁|3/100
|-damage|p1a: Spooder-man|62/100|[from] item: Rocky Helmet|[of] p2a: 👁👃👁
|
|upkeep
|turn|27
|
|t:|1760382683
|move|p2a: 👁👃👁|Scorching Sands|p1a: Spooder-man
|-damage|p1a: Spooder-man|40/100
|move|p1a: Spooder-man|Foul Play|p2a: 👁👃👁
|-damage|p2a: 👁👃👁|0 fnt
|-damage|p1a: Spooder-man|23/100|[from] item: Rocky Helmet|[of] p2a: 👁👃👁
|faint|p2a: 👁👃👁
|
|upkeep
|
|t:|1760382692
|switch|p2a: 👁🐽👁|Tropius, F, shiny, tera:Ghost|56/100
|turn|28
|
|t:|1760382696
|move|p1a: Spooder-man|Foul Play|p2a: 👁🐽👁
|-supereffective|p2a: 👁🐽👁
|-damage|p2a: 👁🐽👁|33/100
|-enditem|p2a: 👁🐽👁|Sitrus Berry|[eat]
|-heal|p2a: 👁🐽👁|57/100|[from] item: Sitrus Berry
|move|p2a: 👁🐽👁|Leech Seed|p1a: Spooder-man
|-start|p1a: Spooder-man|move: Leech Seed
|
|-damage|p1a: Spooder-man|11/100|[from] Leech Seed|[of] p2a: 👁🐽👁
|-heal|p2a: 👁🐽👁|68/100|[silent]
|-item|p2a: 👁🐽👁|Sitrus Berry|[from] ability: Harvest
|upkeep
|turn|29
|-message|noahthepenguin forfeited.
|
|win|oficial matute
|raw|noahthepenguin's rating: 1126 &rarr; <strong>1103</strong><br />(-23 for losing)
|raw|oficial matute's rating: 1160 &rarr; <strong>1183</strong><br />(+23 for winning)
|l|☆noahthepenguin
|player|p1|
|l|☆oficial matute
|player|p2|
