|j|☆Davis080498
|j|☆ayyyyyyuhsucconme
|t:|1760415348
|gametype|singles
|player|p1|Davis080498|266|1237
|player|p2|ayyyyyyuhsucconme|linebacker|1214
|gen|9
|tier|[Gen 9] OU
|rated|
|rule|HP Percentage Mod: HP is shown in percentages
|rule|Endless Battle Clause: Forcing endless battles is banned
|rule|Species Clause: Limit one of each Pokémon
|rule|OHKO Clause: OHKO moves are banned
|rule|Evasion Items Clause: Evasion items are banned
|rule|Evasion Moves Clause: Evasion moves are banned
|rule|Evasion Abilities Clause: Evasion abilities are banned
|rule|Sleep Moves Clause: Sleep-inducing moves are banned
|clearpoke
|poke|p1|Ribombee, M|
|poke|p1|Gholdengo|
|poke|p1|Pelipper, F|
|poke|p1|Barraskewda, F|
|poke|p1|Zamazenta-*|
|poke|p1|Dragonite, M|
|poke|p2|Gholdengo|
|poke|p2|Clodsire, F|
|poke|p2|Skarmory, F|
|poke|p2|Gliscor, M|
|poke|p2|Quaquaval, M|
|poke|p2|Goodra-Hisui, M|
|teampreview
|
|t:|1760415361
|teamsize|p1|6
|teamsize|p2|6
|start
|switch|p1a: Ribombee|Ribombee, M|100/100
|switch|p2a: Clodsire|Clodsire, F, shiny|100/100
|turn|1
|c|☆ayyyyyyuhsucconme|glhf twin
|
|t:|1760415370
|move|p1a: Ribombee|Sticky Web|p2a: Clodsire
|-sidestart|p2: ayyyyyyuhsucconme|move: Sticky Web
|move|p2a: Clodsire|Toxic|p1a: Ribombee
|-status|p1a: Ribombee|tox
|
|-damage|p1a: Ribombee|94/100 tox|[from] psn
|upkeep
|turn|2
|
|t:|1760415380
|move|p1a: Ribombee|Stun Spore|p2a: Clodsire
|-status|p2a: Clodsire|par
|move|p2a: Clodsire|Stealth Rock|p1a: Ribombee
|-sidestart|p1: Davis080498|move: Stealth Rock
|
|-damage|p1a: Ribombee|82/100 tox|[from] psn
|upkeep
|turn|3
|
|t:|1760415388
|move|p1a: Ribombee|Psychic|p2a: Clodsire
|-supereffective|p2a: Clodsire
|-damage|p2a: Clodsire|71/100 par
|move|p2a: Clodsire|Earthquake|p1a: Ribombee
|-resisted|p1a: Ribombee
|-damage|p1a: Ribombee|56/100 tox
|
|-heal|p2a: Clodsire|77/100 par|[from] item: Leftovers
|-damage|p1a: Ribombee|38/100 tox|[from] psn
|upkeep
|turn|4
|
|t:|1760415398
|move|p1a: Ribombee|Psychic|p2a: Clodsire
|-supereffective|p2a: Clodsire
|-damage|p2a: Clodsire|49/100 par
|move|p2a: Clodsire|Recover|p2a: Clodsire
|-heal|p2a: Clodsire|99/100 par
|
|-heal|p2a: Clodsire|100/100 par|[from] item: Leftovers
|-damage|p1a: Ribombee|14/100 tox|[from] psn
|upkeep
|turn|5
|
|t:|1760415407
|move|p1a: Ribombee|Psychic|p2a: Clodsire
|-supereffective|p2a: Clodsire
|-damage|p2a: Clodsire|75/100 par
|cant|p2a: Clodsire|par
|
|-heal|p2a: Clodsire|82/100 par|[from] item: Leftovers
|-damage|p1a: Ribombee|0 fnt|[from] psn
|faint|p1a: Ribombee
|upkeep
|
|t:|1760415433
|switch|p1a: Gholdengo|Gholdengo|100/100
|-damage|p1a: Gholdengo|94/100|[from] Stealth Rock
|-item|p1a: Gholdengo|Air Balloon
|turn|6
|
|t:|1760415442
|switch|p2a: Goodra|Goodra-Hisui, M|100/100
|-activate|p2a: Goodra|move: Sticky Web
|-unboost|p2a: Goodra|spe|1
|move|p1a: Gholdengo|Nasty Plot|p1a: Gholdengo
|-boost|p1a: Gholdengo|spa|2
|
|upkeep
|turn|7
|
|t:|1760415451
|move|p1a: Gholdengo|Shadow Ball|p2a: Goodra
|-damage|p2a: Goodra|54/100
|move|p2a: Goodra|Dragon Tail|p1a: Gholdengo
|-resisted|p1a: Gholdengo
|-damage|p1a: Gholdengo|84/100
|-enditem|p1a: Gholdengo|Air Balloon
|drag|p1a: Zamazenta|Zamazenta|100/100
|-damage|p1a: Zamazenta|94/100|[from] Stealth Rock
|-ability|p1a: Zamazenta|Dauntless Shield|boost
|-boost|p1a: Zamazenta|def|1
|
|-heal|p1a: Zamazenta|100/100|[from] item: Leftovers
|-heal|p2a: Goodra|60/100|[from] item: Leftovers
|upkeep
|turn|8
|
|t:|1760415466
|switch|p2a: Gliscor|Gliscor, M, shiny|100/100
|move|p1a: Zamazenta|Body Press|p2a: Gliscor
|-resisted|p2a: Gliscor
|-damage|p2a: Gliscor|86/100
|
|-status|p2a: Gliscor|tox|[from] item: Toxic Orb
|upkeep
|turn|9
|
|t:|1760415479
|switch|p1a: Pelipper|Pelipper, F|100/100
|-damage|p1a: Pelipper|76/100|[from] Stealth Rock
|-weather|RainDance|[from] ability: Drizzle|[of] p1a: Pelipper
|move|p2a: Gliscor|Knock Off|p1a: Pelipper
|-damage|p1a: Pelipper|58/100
|-enditem|p1a: Pelipper|Damp Rock|[from] move: Knock Off|[of] p2a: Gliscor
|
|-weather|RainDance|[upkeep]
|-heal|p2a: Gliscor|99/100 tox|[from] ability: Poison Heal
|upkeep
|turn|10
|
|t:|1760415491
|switch|p2a: Clodsire|Clodsire, F, shiny|82/100 par
|-activate|p2a: Clodsire|move: Sticky Web
|-unboost|p2a: Clodsire|spe|1
|move|p1a: Pelipper|Weather Ball|p2a: Clodsire
|-heal|p2a: Clodsire|100/100 par|[from] ability: Water Absorb|[of] p1a: Pelipper
|
|-weather|RainDance|[upkeep]
|upkeep
|turn|11
|c|☆ayyyyyyuhsucconme|thanks twin <3 :*
|
|t:|1760415515
|move|p1a: Pelipper|U-turn|p2a: Clodsire
|-resisted|p2a: Clodsire
|-damage|p2a: Clodsire|96/100 par
|
|t:|1760415518
|switch|p1a: Gholdengo|Gholdengo|84/100|[from] U-turn
|-damage|p1a: Gholdengo|78/100|[from] Stealth Rock
|move|p2a: Clodsire|Toxic|p1a: Gholdengo
|-immune|p1a: Gholdengo|[from] ability: Good as Gold
|
|-weather|RainDance|[upkeep]
|-heal|p2a: Clodsire|100/100 par|[from] item: Leftovers
|upkeep
|turn|12
|
|t:|1760415524
|move|p1a: Gholdengo|Shadow Ball|p2a: Clodsire
|-damage|p2a: Clodsire|78/100 par
|move|p2a: Clodsire|Earthquake|p1a: Gholdengo
|-supereffective|p1a: Gholdengo
|-damage|p1a: Gholdengo|15/100
|
|-weather|RainDance|[upkeep]
|-heal|p2a: Clodsire|85/100 par|[from] item: Leftovers
|upkeep
|turn|13
|
|t:|1760415533
|move|p1a: Gholdengo|Shadow Ball|p2a: Clodsire
|-damage|p2a: Clodsire|60/100 par
|move|p2a: Clodsire|Earthquake|p1a: Gholdengo
|-supereffective|p1a: Gholdengo
|-damage|p1a: Gholdengo|0 fnt
|faint|p1a: Gholdengo
|
|-weather|RainDance|[upkeep]
|-heal|p2a: Clodsire|67/100 par|[from] item: Leftovers
|upkeep
|
|t:|1760415537
|switch|p1a: Dragonite|Dragonite, M|100/100
|turn|14
|
|t:|1760415542
|switch|p2a: Skarmory|Skarmory, F|100/100
|move|p1a: Dragonite|Dragon Dance|p1a: Dragonite
|-boost|p1a: Dragonite|atk|1
|-boost|p1a: Dragonite|spe|1
|
|-weather|RainDance|[upkeep]
|upkeep
|turn|15
|
|t:|1760415553
|move|p1a: Dragonite|Outrage|p2a: Skarmory
|-resisted|p2a: Skarmory
|-damage|p2a: Skarmory|71/100
|-damage|p1a: Dragonite|84/100|[from] item: Rocky Helmet|[of] p2a: Skarmory
|move|p2a: Skarmory|Roar|p1a: Dragonite
|drag|p1a: Barraskewda|Barraskewda, F|100/100
|-damage|p1a: Barraskewda|88/100|[from] Stealth Rock
|
|-weather|RainDance|[upkeep]
|upkeep
|turn|16
|
|t:|1760415568
|switch|p2a: Clodsire|Clodsire, F, shiny|67/100 par
|-activate|p2a: Clodsire|move: Sticky Web
|-unboost|p2a: Clodsire|spe|1
|-terastallize|p1a: Barraskewda|Water
|move|p1a: Barraskewda|Flip Turn|p2a: Clodsire
|-heal|p2a: Clodsire|92/100 par|[from] ability: Water Absorb|[of] p1a: Barraskewda
|
|-weather|none
|-heal|p2a: Clodsire|98/100 par|[from] item: Leftovers
|upkeep
|turn|17
|-message|Davis080498 forfeited.
|
|win|ayyyyyyuhsucconme
|raw|Davis080498's rating: 1237 &rarr; <strong>1210</strong><br />(-27 for losing)
|raw|ayyyyyyuhsucconme's rating: 1214 &rarr; <strong>1241</strong><br />(+27 for winning)
|l|☆Davis080498
|player|p1|
|c|☆ayyyyyyuhsucconme|gg twin
|l|☆ayyyyyyuhsucconme
|player|p2|
