|j|☆pkamash1
|j|☆vuopuer
|t:|1760329805
|gametype|singles
|player|p1|pkamash1|1|1516
|player|p2|vuopuer|may-masters2|1545
|gen|9
|tier|[Gen 9] OU
|rated|
|rule|HP Percentage Mod: HP is shown in percentages
|rule|Endless Battle Clause: Forcing endless battles is banned
|rule|Species Clause: Limit one of each Pokémon
|rule|OHKO Clause: OHKO moves are banned
|rule|Evasion Items Clause: Evasion items are banned
|rule|Evasion Moves Clause: Evasion moves are banned
|rule|Evasion Abilities Clause: Evasion abilities are banned
|rule|Sleep Moves Clause: Sleep-inducing moves are banned
|clearpoke
|poke|p1|Gliscor, M|
|poke|p1|Raging Bolt|
|poke|p1|Ninetales-Alola, F|
|poke|p1|Moltres|
|poke|p1|Iron Treads|
|poke|p1|Kyurem|
|poke|p2|Blaziken, M|
|poke|p2|Kingambit, F|
|poke|p2|Ting-Lu|
|poke|p2|Pecharunt|
|poke|p2|Ogerpon-Wellspring, F|
|poke|p2|Hatterene, F|
|teampreview
|inactive|Battle timer is ON: inactive players will automatically lose when time's up. (requested by pkamash1)
|
|t:|1760329817
|teamsize|p1|6
|teamsize|p2|6
|start
|switch|p1a: Iron Treads|Iron Treads|100/100
|switch|p2a: Ting-Lu|Ting-Lu|100/100
|-ability|p2a: Ting-Lu|Vessel of Ruin
|turn|1
|
|t:|1760329836
|-end|p1a: Iron Treads|Quark Drive|[silent]
|switch|p1a: Gliscor|Gliscor, M|100/100
|move|p2a: Ting-Lu|Stealth Rock|p1a: Gliscor
|-sidestart|p1: pkamash1|move: Stealth Rock
|
|-status|p1a: Gliscor|tox|[from] item: Toxic Orb
|upkeep
|turn|2
|
|t:|1760329842
|switch|p2a: Hatterene|Hatterene, F|100/100
|move|p1a: Gliscor|Toxic|p2a: Hatterene
|move|p2a: Hatterene|Toxic|p1a: Gliscor|[from] ability: Magic Bounce
|-fail|p1a: Gliscor|tox
|
|upkeep
|turn|3
|
|t:|1760329849
|move|p1a: Gliscor|Knock Off|p2a: Hatterene
|-damage|p2a: Hatterene|76/100
|-enditem|p2a: Hatterene|Eject Button|[from] move: Knock Off|[of] p1a: Gliscor
|move|p2a: Hatterene|Psychic Noise|p1a: Gliscor
|-damage|p1a: Gliscor|60/100 tox
|-start|p1a: Gliscor|move: Heal Block
|
|upkeep
|turn|4
|
|t:|1760329860
|switch|p1a: Iron Treads|Iron Treads|100/100
|-damage|p1a: Iron Treads|97/100|[from] Stealth Rock
|move|p2a: Hatterene|Psychic Noise|p1a: Iron Treads
|-resisted|p1a: Iron Treads
|-damage|p1a: Iron Treads|81/100
|-start|p1a: Iron Treads|move: Heal Block
|
|upkeep
|turn|5
|
|t:|1760329870
|switch|p2a: Pecharunt|Pecharunt|100/100
|-item|p2a: Pecharunt|Air Balloon
|move|p1a: Iron Treads|Knock Off|p2a: Pecharunt
|-supereffective|p2a: Pecharunt
|-damage|p2a: Pecharunt|74/100
|-enditem|p2a: Pecharunt|Air Balloon
|
|-end|p1a: Iron Treads|move: Heal Block
|upkeep
|turn|6
|
|t:|1760329880
|move|p1a: Iron Treads|Earthquake|p2a: Pecharunt
|-supereffective|p2a: Pecharunt
|-damage|p2a: Pecharunt|27/100
|move|p2a: Pecharunt|Parting Shot|p1a: Iron Treads
|-unboost|p1a: Iron Treads|atk|1
|-unboost|p1a: Iron Treads|spa|1
|
|t:|1760329885
|switch|p2a: Ogerpon|Ogerpon-Wellspring, F|100/100|[from] Parting Shot
|
|upkeep
|turn|7
|
|t:|1760329891
|-end|p1a: Iron Treads|Quark Drive|[silent]
|switch|p1a: Raging Bolt|Raging Bolt|100/100
|move|p2a: Ogerpon|Ivy Cudgel|p1a: Raging Bolt|[anim] Ivy Cudgel Water
|-resisted|p1a: Raging Bolt
|-damage|p1a: Raging Bolt|76/100
|
|upkeep
|turn|8
|
|t:|1760329899
|switch|p2a: Ting-Lu|Ting-Lu|100/100
|-ability|p2a: Ting-Lu|Vessel of Ruin
|move|p1a: Raging Bolt|Dragon Pulse|p2a: Ting-Lu
|-damage|p2a: Ting-Lu|79/100
|
|-heal|p2a: Ting-Lu|86/100|[from] item: Leftovers
|upkeep
|turn|9
|
|t:|1760329911
|-end|p1a: Raging Bolt|Protosynthesis|[silent]
|switch|p1a: Gliscor|Gliscor, M|60/100 tox
|-damage|p1a: Gliscor|47/100 tox|[from] Stealth Rock
|move|p2a: Ting-Lu|Whirlwind|p1a: Gliscor
|drag|p1a: Iron Treads|Iron Treads|81/100
|-damage|p1a: Iron Treads|77/100|[from] Stealth Rock
|
|-heal|p2a: Ting-Lu|92/100|[from] item: Leftovers
|upkeep
|turn|10
|
|t:|1760329919
|move|p1a: Iron Treads|Knock Off|p2a: Ting-Lu
|-resisted|p2a: Ting-Lu
|-damage|p2a: Ting-Lu|84/100
|-enditem|p2a: Ting-Lu|Leftovers|[from] move: Knock Off|[of] p1a: Iron Treads
|move|p2a: Ting-Lu|Earthquake|p1a: Iron Treads
|-supereffective|p1a: Iron Treads
|-damage|p1a: Iron Treads|15/100
|
|upkeep
|turn|11
|
|t:|1760329936
|move|p1a: Iron Treads|Iron Head|p2a: Ting-Lu
|-damage|p2a: Ting-Lu|64/100
|move|p2a: Ting-Lu|Earthquake|p1a: Iron Treads
|-supereffective|p1a: Iron Treads
|-damage|p1a: Iron Treads|0 fnt
|faint|p1a: Iron Treads
|-end|p1a: Iron Treads|Quark Drive|[silent]
|
|upkeep
|
|t:|1760329948
|switch|p1a: Ninetales|Ninetales-Alola, F|100/100
|-damage|p1a: Ninetales|76/100|[from] Stealth Rock
|-weather|Snowscape|[from] ability: Snow Warning|[of] p1a: Ninetales
|turn|12
|
|t:|1760329969
|switch|p2a: Hatterene|Hatterene, F|76/100
|move|p1a: Ninetales|Aurora Veil|p1a: Ninetales
|-sidestart|p1: pkamash1|move: Aurora Veil
|
|-weather|Snowscape|[upkeep]
|upkeep
|turn|13
|
|t:|1760329975
|move|p1a: Ninetales|Blizzard|p2a: Hatterene
|-damage|p2a: Hatterene|41/100
|move|p2a: Hatterene|Psychic Noise|p1a: Ninetales
|-damage|p1a: Ninetales|54/100
|-start|p1a: Ninetales|move: Heal Block
|
|-weather|Snowscape|[upkeep]
|upkeep
|turn|14
|
|t:|1760329982
|switch|p2a: Kingambit|Kingambit, F|100/100
|move|p1a: Ninetales|Blizzard|p2a: Kingambit
|-resisted|p2a: Kingambit
|-damage|p2a: Kingambit|78/100
|-status|p2a: Kingambit|frz
|
|-weather|Snowscape|[upkeep]
|-end|p1a: Ninetales|move: Heal Block
|upkeep
|turn|15
|c|☆vuopuer|？
|
|t:|1760330004
|move|p1a: Ninetales|Moonblast|p2a: Kingambit
|-damage|p2a: Kingambit|38/100 frz
|cant|p2a: Kingambit|frz
|
|-weather|Snowscape|[upkeep]
|upkeep
|turn|16
|
|t:|1760330010
|cant|p2a: Kingambit|frz
|move|p1a: Ninetales|Moonblast|p2a: Kingambit
|-damage|p2a: Kingambit|0 fnt
|faint|p2a: Kingambit
|-end|p2a: Kingambit|fallenundefined|[silent]
|
|-weather|none
|upkeep
|
|t:|1760330011
|switch|p2a: Blaziken|Blaziken, M, shiny|100/100
|turn|17
|
|t:|1760330020
|move|p1a: Ninetales|Moonblast|p2a: Blaziken
|-damage|p2a: Blaziken|41/100
|move|p2a: Blaziken|Overheat|p1a: Ninetales
|-supereffective|p1a: Ninetales
|-damage|p1a: Ninetales|0 fnt
|-unboost|p2a: Blaziken|spa|2
|faint|p1a: Ninetales
|
|-ability|p2a: Blaziken|Speed Boost|boost
|-boost|p2a: Blaziken|spe|1
|upkeep
|
|t:|1760330032
|switch|p1a: Kyurem|Kyurem|100/100
|-damage|p1a: Kyurem|75/100|[from] Stealth Rock
|-ability|p1a: Kyurem|Pressure
|turn|18
|
|t:|1760330039
|-terastallize|p1a: Kyurem|Ground
|move|p2a: Blaziken|Protect|p2a: Blaziken
|-singleturn|p2a: Blaziken|Protect
|move|p1a: Kyurem|Dragon Dance|p1a: Kyurem
|-boost|p1a: Kyurem|atk|1
|-boost|p1a: Kyurem|spe|1
|
|-ability|p2a: Blaziken|Speed Boost|boost
|-boost|p2a: Blaziken|spe|1
|upkeep
|turn|19
|
|t:|1760330069
|-terastallize|p2a: Blaziken|Fire
|move|p2a: Blaziken|Overheat|p1a: Kyurem
|-damage|p1a: Kyurem|57/100
|-unboost|p2a: Blaziken|spa|2
|move|p1a: Kyurem|Tera Blast|p2a: Blaziken|[anim] Tera Blast Ground
|-supereffective|p2a: Blaziken
|-damage|p2a: Blaziken|0 fnt
|faint|p2a: Blaziken
|
|-sideend|p1: pkamash1|move: Aurora Veil
|upkeep
|inactive|vuopuer has 120 seconds left.
|
|t:|1760330083
|switch|p2a: Ogerpon|Ogerpon-Wellspring, F|100/100
|turn|20
|
|t:|1760330087
|move|p1a: Kyurem|Icicle Spear|p2a: Ogerpon
|-damage|p2a: Ogerpon|70/100
|-damage|p2a: Ogerpon|42/100
|-damage|p2a: Ogerpon|12/100
|-damage|p2a: Ogerpon|0 fnt
|faint|p2a: Ogerpon
|-hitcount|p2: Ogerpon|4
|
|upkeep
|
|t:|1760330097
|switch|p2a: Pecharunt|Pecharunt|27/100
|turn|21
|-message|vuopuer forfeited.
|
|win|pkamash1
|raw|pkamash1's rating: 1516 &rarr; <strong>1538</strong><br />(+22 for winning)
|raw|vuopuer's rating: 1545 &rarr; <strong>1523</strong><br />(-22 for losing)
|l|☆vuopuer
|player|p2|
|l|☆pkamash1
|player|p1|
