|j|☆NebulaTrainer
|j|☆youpie2
|t:|1760455988
|gametype|singles
|player|p1|NebulaTrainer|cynthia-gen4|1482
|player|p2|youpie2|101|1510
|gen|9
|tier|[Gen 9] OU
|rated|
|rule|HP Percentage Mod: HP is shown in percentages
|rule|Endless Battle Clause: Forcing endless battles is banned
|rule|Species Clause: Limit one of each Pokémon
|rule|OHKO Clause: OHKO moves are banned
|rule|Evasion Items Clause: Evasion items are banned
|rule|Evasion Moves Clause: Evasion moves are banned
|rule|Evasion Abilities Clause: Evasion abilities are banned
|rule|Sleep Moves Clause: Sleep-inducing moves are banned
|clearpoke
|poke|p1|Hippowdon, M|
|poke|p1|Excadrill, M|
|poke|p1|Hydrapple, F|
|poke|p1|Tornadus-Therian, M|
|poke|p1|Heatran, F|
|poke|p1|Keldeo-Resolute|
|poke|p2|Dragapult, M|
|poke|p2|Samurott-Hisui, M|
|poke|p2|Ceruledge, F|
|poke|p2|Hatterene, F|
|poke|p2|Iron Treads|
|poke|p2|Meowscarada, F|
|teampreview
|
|t:|1760456006
|teamsize|p1|6
|teamsize|p2|6
|start
|switch|p1a: Hydrapple|Hydrapple, F|100/100
|switch|p2a: Meowscarada|Meowscarada, F|100/100
|turn|1
|
|t:|1760456018
|switch|p1a: Heatran|Heatran, F, shiny|100/100
|move|p2a: Meowscarada|U-turn|p1a: Heatran
|-start|p2a: Meowscarada|typechange|Bug|[from] ability: Protean
|-resisted|p1a: Heatran
|-damage|p1a: Heatran|94/100
|
|t:|1760456023
|switch|p2a: Iron Treads|Iron Treads|100/100|[from] U-turn
|-enditem|p2a: Iron Treads|Booster Energy
|-activate|p2a: Iron Treads|ability: Quark Drive|[fromitem]
|-start|p2a: Iron Treads|quarkdrivespe
|
|-heal|p1a: Heatran|99/100|[from] item: Leftovers
|upkeep
|turn|2
|
|t:|1760456034
|move|p2a: Iron Treads|Stealth Rock|p1a: Heatran
|-sidestart|p1: NebulaTrainer|move: Stealth Rock
|move|p1a: Heatran|Magma Storm|p2a: Iron Treads
|-supereffective|p2a: Iron Treads
|-crit|p2a: Iron Treads
|-damage|p2a: Iron Treads|0 fnt
|faint|p2a: Iron Treads
|-end|p2a: Iron Treads|Quark Drive|[silent]
|
|-heal|p1a: Heatran|100/100|[from] item: Leftovers
|upkeep
|
|t:|1760456048
|switch|p2a: Samurott|Samurott-Hisui, M|100/100
|turn|3
|
|t:|1760456052
|move|p1a: Heatran|Protect|p1a: Heatran
|-singleturn|p1a: Heatran|Protect
|move|p2a: Samurott|Ceaseless Edge|p1a: Heatran
|-activate|p1a: Heatran|move: Protect
|
|upkeep
|turn|4
|
|t:|1760456060
|switch|p1a: Hydrapple|Hydrapple, F|100/100
|move|p2a: Samurott|Ceaseless Edge|p1a: Hydrapple
|-damage|p1a: Hydrapple|68/100
|-sidestart|p1: NebulaTrainer|Spikes
|
|upkeep
|turn|5
|
|t:|1760456068
|move|p2a: Samurott|Ceaseless Edge|p1a: Hydrapple|[miss]
|-miss|p2a: Samurott|p1a: Hydrapple
|move|p1a: Hydrapple|Giga Drain|p2a: Samurott
|-supereffective|p2a: Samurott
|-enditem|p2a: Samurott|Focus Sash
|-damage|p2a: Samurott|1/100
|-heal|p1a: Hydrapple|100/100|[from] drain|[of] p2a: Samurott
|
|upkeep
|turn|6
|
|t:|1760456078
|move|p2a: Samurott|Ceaseless Edge|p1a: Hydrapple
|-damage|p1a: Hydrapple|69/100
|-sidestart|p1: NebulaTrainer|Spikes
|move|p1a: Hydrapple|Giga Drain|p2a: Samurott
|-supereffective|p2a: Samurott
|-damage|p2a: Samurott|0 fnt
|-heal|p1a: Hydrapple|69/100|[from] drain|[of] p2a: Samurott
|faint|p2a: Samurott
|
|upkeep
|
|t:|1760456085
|switch|p2a: Dragapult|Dragapult, M|100/100
|turn|7
|
|t:|1760456095
|switch|p1a: Heatran|Heatran, F, shiny|100/100
|-damage|p1a: Heatran|88/100|[from] Stealth Rock
|-damage|p1a: Heatran|71/100|[from] Spikes
|move|p2a: Dragapult|U-turn|p1a: Heatran
|-resisted|p1a: Heatran
|-damage|p1a: Heatran|64/100
|
|t:|1760456109
|switch|p2a: Ceruledge|Ceruledge, F|100/100|[from] U-turn
|
|-heal|p1a: Heatran|70/100|[from] item: Leftovers
|upkeep
|turn|8
|
|t:|1760456116
|move|p2a: Ceruledge|Swords Dance|p2a: Ceruledge
|-boost|p2a: Ceruledge|atk|2
|move|p1a: Heatran|Taunt|p2a: Ceruledge
|-start|p2a: Ceruledge|move: Taunt
|
|-heal|p1a: Heatran|76/100|[from] item: Leftovers
|upkeep
|turn|9
|
|t:|1760456125
|move|p2a: Ceruledge|Bitter Blade|p1a: Heatran
|-start|p1a: Heatran|ability: Flash Fire
|move|p1a: Heatran|Earth Power|p2a: Ceruledge
|-supereffective|p2a: Ceruledge
|-damage|p2a: Ceruledge|43/100
|
|-heal|p1a: Heatran|83/100|[from] item: Leftovers
|upkeep
|turn|10
|
|t:|1760456134
|move|p2a: Ceruledge|Poltergeist|p1a: Heatran
|-activate|p1a: Heatran|move: Poltergeist|Leftovers
|-damage|p1a: Heatran|0 fnt
|faint|p1a: Heatran
|
|upkeep
|
|t:|1760456143
|switch|p1a: Keldeo|Keldeo-Resolute|100/100
|-damage|p1a: Keldeo|94/100|[from] Stealth Rock
|-damage|p1a: Keldeo|78/100|[from] Spikes
|turn|11
|
|t:|1760456152
|move|p2a: Ceruledge|Shadow Sneak|p1a: Keldeo
|-damage|p1a: Keldeo|28/100
|move|p1a: Keldeo|Hydro Pump|p2a: Ceruledge
|-supereffective|p2a: Ceruledge
|-crit|p2a: Ceruledge
|-damage|p2a: Ceruledge|0 fnt
|faint|p2a: Ceruledge
|
|upkeep
|
|t:|1760456160
|switch|p2a: Dragapult|Dragapult, M|100/100
|turn|12
|
|t:|1760456165
|-terastallize|p2a: Dragapult|Ghost
|move|p2a: Dragapult|Tera Blast|p1a: Keldeo|[anim] Tera Blast Ghost
|-damage|p1a: Keldeo|0 fnt
|faint|p1a: Keldeo
|
|upkeep
|
|t:|1760456175
|switch|p1a: Hippowdon|Hippowdon, M, shiny|100/100
|-damage|p1a: Hippowdon|94/100|[from] Stealth Rock
|-damage|p1a: Hippowdon|78/100|[from] Spikes
|-weather|Sandstorm|[from] ability: Sand Stream|[of] p1a: Hippowdon
|turn|13
|
|t:|1760456182
|move|p2a: Dragapult|Tera Blast|p1a: Hippowdon|[anim] Tera Blast Ghost
|-damage|p1a: Hippowdon|32/100
|move|p1a: Hippowdon|Earthquake|p2a: Dragapult
|-damage|p2a: Dragapult|47/100
|
|-weather|Sandstorm|[upkeep]
|-damage|p2a: Dragapult|41/100|[from] Sandstorm
|upkeep
|turn|14
|
|t:|1760456191
|move|p2a: Dragapult|Tera Blast|p1a: Hippowdon|[anim] Tera Blast Ghost
|-damage|p1a: Hippowdon|0 fnt
|faint|p1a: Hippowdon
|
|-weather|Sandstorm|[upkeep]
|-damage|p2a: Dragapult|35/100|[from] Sandstorm
|upkeep
|
|t:|1760456199
|switch|p1a: Excadrill|Excadrill, M, shiny|100/100
|-damage|p1a: Excadrill|97/100|[from] Stealth Rock
|-damage|p1a: Excadrill|81/100|[from] Spikes
|turn|15
|
|t:|1760456204
|switch|p2a: Hatterene|Hatterene, F|100/100
|move|p1a: Excadrill|Earthquake|p2a: Hatterene
|-damage|p2a: Hatterene|57/100
|-enditem|p2a: Hatterene|Eject Button
|
|t:|1760456211
|switch|p2a: Meowscarada|Meowscarada, F|100/100
|
|-weather|Sandstorm|[upkeep]
|-damage|p2a: Meowscarada|94/100|[from] Sandstorm
|-heal|p1a: Excadrill|87/100|[from] item: Leftovers
|upkeep
|turn|16
|
|t:|1760456222
|move|p1a: Excadrill|Iron Head|p2a: Meowscarada
|-damage|p2a: Meowscarada|33/100
|move|p2a: Meowscarada|Triple Axel|p1a: Excadrill|[miss]
|-start|p2a: Meowscarada|typechange|Ice|[from] ability: Protean
|-miss|p2a: Meowscarada|p1a: Excadrill
|
|-weather|Sandstorm|[upkeep]
|-damage|p2a: Meowscarada|27/100|[from] Sandstorm
|-heal|p1a: Excadrill|93/100|[from] item: Leftovers
|upkeep
|turn|17
|l|☆youpie2
|player|p2|
|inactive|Battle timer is ON: inactive players will automatically lose when time's up. (requested by NebulaTrainer)
|inactive|youpie2 has 30 seconds to reconnect!
|inactive|youpie2 has 20 seconds to reconnect!
|inactive|youpie2 has 15 seconds to reconnect!
|inactive|youpie2 has 10 seconds to reconnect!
|inactive|youpie2 has 5 seconds to reconnect!
|-message|youpie2 lost due to inactivity.
|
|win|NebulaTrainer
|raw|NebulaTrainer's rating: 1482 &rarr; <strong>1504</strong><br />(+22 for winning)
|raw|youpie2's rating: 1510 &rarr; <strong>1488</strong><br />(-22 for losing)
|l|☆NebulaTrainer
|player|p1|
