|j|☆sneedemnfeedem
|j|☆ShinyAssassinx
|t:|1760333615
|gametype|singles
|player|p1|sneedemnfeedem|265|1463
|player|p2|ShinyAssassinx|101|1513
|gen|9
|tier|[Gen 9] OU
|rated|
|rule|HP Percentage Mod: HP is shown in percentages
|rule|Endless Battle Clause: Forcing endless battles is banned
|rule|Species Clause: Limit one of each Pokémon
|rule|OHKO Clause: OHKO moves are banned
|rule|Evasion Items Clause: Evasion items are banned
|rule|Evasion Moves Clause: Evasion moves are banned
|rule|Evasion Abilities Clause: Evasion abilities are banned
|rule|Sleep Moves Clause: Sleep-inducing moves are banned
|clearpoke
|poke|p1|Kingambit, F|
|poke|p1|Kyurem|
|poke|p1|Iron Moth|
|poke|p1|Great Tusk|
|poke|p1|Primarina, F|
|poke|p1|Pecharunt|
|poke|p2|Scizor, M|
|poke|p2|Dragonite, M|
|poke|p2|Araquanid, F|
|poke|p2|Scyther, F|
|poke|p2|Ceruledge, M|
|poke|p2|Garchomp, M|
|teampreview
|inactive|Battle timer is ON: inactive players will automatically lose when time's up. (requested by ShinyAssassinx)
|inactive|sneedemnfeedem has 120 seconds left.
|
|t:|1760333652
|teamsize|p1|6
|teamsize|p2|6
|start
|switch|p1a: Iron Moth|Iron Moth|100/100
|switch|p2a: Scizor|Scizor, M|100/100
|turn|1
|
|t:|1760333661
|switch|p2a: Araquanid|Araquanid, F|100/100
|move|p1a: Iron Moth|Fiery Dance|p2a: Araquanid
|-damage|p2a: Araquanid|76/100
|
|upkeep
|turn|2
|
|t:|1760333668
|-end|p1a: Iron Moth|Quark Drive|[silent]
|switch|p1a: Pecharunt|Pecharunt|100/100
|move|p2a: Araquanid|Hydro Pump|p1a: Pecharunt
|-damage|p1a: Pecharunt|17/100
|
|upkeep
|turn|3
|
|t:|1760333673
|move|p1a: Pecharunt|Recover|p1a: Pecharunt
|-heal|p1a: Pecharunt|67/100
|move|p2a: Araquanid|Hydro Pump|p1a: Pecharunt
|-damage|p1a: Pecharunt|0 fnt
|faint|p1a: Pecharunt
|
|upkeep
|
|t:|1760333679
|switch|p1a: Iron Moth|Iron Moth|100/100
|turn|4
|
|t:|1760333682
|move|p1a: Iron Moth|Discharge|p2a: Araquanid
|-supereffective|p2a: Araquanid
|-damage|p2a: Araquanid|8/100
|move|p2a: Araquanid|Hydro Pump|p1a: Iron Moth
|-supereffective|p1a: Iron Moth
|-damage|p1a: Iron Moth|0 fnt
|faint|p1a: Iron Moth
|-end|p1a: Iron Moth|Quark Drive|[silent]
|
|upkeep
|
|t:|1760333690
|switch|p1a: Great Tusk|Great Tusk|100/100
|-enditem|p1a: Great Tusk|Booster Energy
|-activate|p1a: Great Tusk|ability: Protosynthesis|[fromitem]
|-start|p1a: Great Tusk|protosynthesisatk
|turn|5
|
|t:|1760333698
|switch|p2a: Ceruledge|Ceruledge, M, shiny|100/100
|move|p1a: Great Tusk|Rapid Spin|p2a: Ceruledge
|-immune|p2a: Ceruledge
|
|upkeep
|turn|6
|
|t:|1760333708
|move|p1a: Great Tusk|Headlong Rush|p2a: Ceruledge
|-supereffective|p2a: Ceruledge
|-enditem|p2a: Ceruledge|Focus Sash
|-damage|p2a: Ceruledge|1/100
|-unboost|p1a: Great Tusk|def|1
|-unboost|p1a: Great Tusk|spd|1
|-ability|p2a: Ceruledge|Weak Armor|boost
|-unboost|p2a: Ceruledge|def|1
|-boost|p2a: Ceruledge|spe|2
|move|p2a: Ceruledge|Swords Dance|p2a: Ceruledge
|-boost|p2a: Ceruledge|atk|2
|
|upkeep
|turn|7
|
|t:|1760333713
|move|p2a: Ceruledge|Poltergeist||[still]
|-fail|p2a: Ceruledge
|move|p1a: Great Tusk|Ice Spinner|p2a: Ceruledge
|-resisted|p2a: Ceruledge
|-damage|p2a: Ceruledge|0 fnt
|faint|p2a: Ceruledge
|
|upkeep
|c|☆sneedemnfeedem|lol
|
|t:|1760333722
|switch|p2a: Scyther|Scyther, F|100/100
|turn|8
|
|t:|1760333727
|move|p2a: Scyther|Dual Wingbeat|p1a: Great Tusk
|-supereffective|p1a: Great Tusk
|-damage|p1a: Great Tusk|37/100
|-supereffective|p1a: Great Tusk
|-damage|p1a: Great Tusk|0 fnt
|faint|p1a: Great Tusk
|-end|p1a: Great Tusk|Protosynthesis|[silent]
|-hitcount|p1: Great Tusk|2
|
|upkeep
|
|t:|1760333736
|switch|p1a: Primarina|Primarina, F|100/100
|turn|9
|
|t:|1760333740
|move|p2a: Scyther|Swords Dance|p2a: Scyther
|-boost|p2a: Scyther|atk|2
|move|p1a: Primarina|Ice Beam|p2a: Scyther
|-supereffective|p2a: Scyther
|-damage|p2a: Scyther|8/100
|-status|p2a: Scyther|frz
|
|upkeep
|turn|10
|
|t:|1760333747
|-curestatus|p2a: Scyther|frz|[msg]
|move|p2a: Scyther|Dual Wingbeat|p1a: Primarina
|-crit|p1a: Primarina
|-damage|p1a: Primarina|20/100
|-damage|p1a: Primarina|0 fnt
|faint|p1a: Primarina
|-hitcount|p1: Primarina|2
|
|upkeep
|c|☆sneedemnfeedem|lol
|
|t:|1760333757
|switch|p1a: Kingambit|Kingambit, F|100/100
|-activate|p1a: Kingambit|ability: Supreme Overlord
|-start|p1a: Kingambit|fallen4|[silent]
|turn|11
|c|☆ShinyAssassinx|I was angry for a whole second
|
|t:|1760333767
|move|p1a: Kingambit|Sucker Punch|p2a: Scyther
|-damage|p2a: Scyther|0 fnt
|faint|p2a: Scyther
|
|upkeep
|
|t:|1760333773
|switch|p2a: Garchomp|Garchomp, M|100/100
|turn|12
|c|☆sneedemnfeedem|so happ for ou
|c|☆ShinyAssassinx|Thank you, I've gone down 200 elo from a streak of badluck
|inactive|sneedemnfeedem has 120 seconds left.
|
|t:|1760333807
|move|p2a: Garchomp|Earthquake|p1a: Kingambit
|-supereffective|p1a: Kingambit
|-damage|p1a: Kingambit|15/100
|move|p1a: Kingambit|Swords Dance|p1a: Kingambit
|-boost|p1a: Kingambit|atk|2
|
|-heal|p1a: Kingambit|22/100|[from] item: Leftovers
|upkeep
|turn|13
|c|☆ShinyAssassinx|Mainly Araquanid and Garchomp missing
|c|☆sneedemnfeedem|imma tr to give some luck back
|c|☆sneedemnfeedem|m  ke doesnt work :(
|
|t:|1760333834
|switch|p2a: Araquanid|Araquanid, F|8/100
|move|p1a: Kingambit|Sucker Punch||[still]
|-fail|p1a: Kingambit
|
|-heal|p1a: Kingambit|28/100|[from] item: Leftovers
|upkeep
|turn|14
|
|t:|1760333839
|move|p1a: Kingambit|Sucker Punch||[still]
|-fail|p1a: Kingambit
|move|p2a: Araquanid|Sticky Web|p1a: Kingambit
|-sidestart|p1: sneedemnfeedem|move: Sticky Web
|
|-heal|p1a: Kingambit|34/100|[from] item: Leftovers
|upkeep
|turn|15
|
|t:|1760333842
|move|p1a: Kingambit|Sucker Punch||[still]
|-fail|p1a: Kingambit
|move|p2a: Araquanid|Sticky Web||[still]
|-fail|p2a: Araquanid
|
|-heal|p1a: Kingambit|40/100|[from] item: Leftovers
|upkeep
|turn|16
|
|t:|1760333851
|switch|p2a: Garchomp|Garchomp, M|100/100
|move|p1a: Kingambit|Sucker Punch||[still]
|-fail|p1a: Kingambit
|
|-heal|p1a: Kingambit|46/100|[from] item: Leftovers
|upkeep
|turn|17
|
|t:|1760333858
|move|p2a: Garchomp|Earthquake|p1a: Kingambit
|-supereffective|p1a: Kingambit
|-damage|p1a: Kingambit|0 fnt
|faint|p1a: Kingambit
|-end|p1a: Kingambit|fallen4|[silent]
|
|upkeep
|
|t:|1760333860
|switch|p1a: Kyurem|Kyurem|100/100
|-activate|p1a: Kyurem|move: Sticky Web
|-unboost|p1a: Kyurem|spe|1
|-ability|p1a: Kyurem|Pressure
|turn|18
|
|t:|1760333868
|-terastallize|p1a: Kyurem|Ground
|move|p2a: Garchomp|Scale Shot|p1a: Kyurem
|-damage|p1a: Kyurem|89/100
|-damage|p1a: Kyurem|76/100
|-damage|p1a: Kyurem|64/100
|-damage|p1a: Kyurem|51/100
|-damage|p1a: Kyurem|39/100
|-hitcount|p1a: Kyurem|5
|-unboost|p2a: Garchomp|def|1
|-boost|p2a: Garchomp|spe|1
|move|p1a: Kyurem|Dragon Dance|p1a: Kyurem
|-boost|p1a: Kyurem|atk|1
|-boost|p1a: Kyurem|spe|1
|
|upkeep
|turn|19
|c|☆sneedemnfeedem|gg
|
|t:|1760333879
|move|p2a: Garchomp|Scale Shot|p1a: Kyurem
|-damage|p1a: Kyurem|27/100
|-damage|p1a: Kyurem|14/100
|-damage|p1a: Kyurem|2/100
|-damage|p1a: Kyurem|0 fnt
|faint|p1a: Kyurem
|-hitcount|p1: Kyurem|4
|
|win|ShinyAssassinx
|raw|sneedemnfeedem's rating: 1463 &rarr; <strong>1446</strong><br />(-17 for losing)
|raw|ShinyAssassinx's rating: 1513 &rarr; <strong>1530</strong><br />(+17 for winning)
|c|☆ShinyAssassinx|Gg
|l|☆ShinyAssassinx
|player|p2|
