|j|☆HEEEEEEEEELP
|j|☆mudkipfannumber1
|t:|1760373229
|gametype|singles
|player|p1|HEEEEEEEEELP|2|1120
|player|p2|mudkipfannumber1|striker|1104
|gen|9
|tier|[Gen 9] OU
|rated|
|rule|HP Percentage Mod: HP is shown in percentages
|rule|Endless Battle Clause: Forcing endless battles is banned
|rule|Species Clause: Limit one of each Pokémon
|rule|OHKO Clause: OHKO moves are banned
|rule|Evasion Items Clause: Evasion items are banned
|rule|Evasion Moves Clause: Evasion moves are banned
|rule|Evasion Abilities Clause: Evasion abilities are banned
|rule|Sleep Moves Clause: Sleep-inducing moves are banned
|clearpoke
|poke|p1|Ribombee, F|
|poke|p1|Glimmora, M|
|poke|p1|Gholdengo|
|poke|p1|Samurott-Hisui, F|
|poke|p1|Rillaboom, M|
|poke|p1|Conkeldurr, M|
|poke|p2|Drifblim, F|
|poke|p2|Scizor, F|
|poke|p2|Garganacl, F|
|poke|p2|Reuniclus, M|
|poke|p2|Florges-Blue, F|
|poke|p2|Weavile, M|
|teampreview
|inactive|Battle timer is ON: inactive players will automatically lose when time's up. (requested by mudkipfannumber1)
|
|t:|1760373234
|teamsize|p1|6
|teamsize|p2|6
|start
|switch|p1a: Ribombee|Ribombee, F|100/100
|switch|p2a: Reuniclus|Reuniclus, M, shiny|100/100
|turn|1
|
|t:|1760373239
|switch|p2a: Weavile|Weavile, M|100/100
|-ability|p2a: Weavile|Pressure
|move|p1a: Ribombee|Sticky Web|p2a: Weavile
|-sidestart|p2: mudkipfannumber1|move: Sticky Web
|
|upkeep
|turn|2
|
|t:|1760373245
|move|p2a: Weavile|Poison Jab|p1a: Ribombee
|-supereffective|p1a: Ribombee
|-enditem|p1a: Ribombee|Focus Sash
|-damage|p1a: Ribombee|1/100
|move|p1a: Ribombee|Quiver Dance|p1a: Ribombee
|-boost|p1a: Ribombee|spa|1
|-boost|p1a: Ribombee|spd|1
|-boost|p1a: Ribombee|spe|1
|
|upkeep
|turn|3
|
|t:|1760373249
|move|p1a: Ribombee|Moonblast|p2a: Weavile
|-supereffective|p2a: Weavile
|-damage|p2a: Weavile|0 fnt
|faint|p2a: Weavile
|
|upkeep
|
|t:|1760373252
|switch|p2a: Scizor|Scizor, F|100/100
|-activate|p2a: Scizor|move: Sticky Web
|-unboost|p2a: Scizor|spe|1
|turn|4
|
|t:|1760373266
|move|p2a: Scizor|Bullet Punch|p1a: Ribombee
|-supereffective|p1a: Ribombee
|-damage|p1a: Ribombee|0 fnt
|faint|p1a: Ribombee
|-damage|p2a: Scizor|91/100|[from] item: Life Orb
|
|upkeep
|
|t:|1760373269
|switch|p1a: Glimmora|Glimmora, M|100/100
|turn|5
|
|t:|1760373271
|move|p1a: Glimmora|Stealth Rock|p2a: Scizor
|-sidestart|p2: mudkipfannumber1|move: Stealth Rock
|move|p2a: Scizor|Swords Dance|p2a: Scizor
|-boost|p2a: Scizor|atk|2
|
|upkeep
|turn|6
|
|t:|1760373282
|move|p1a: Glimmora|Ancient Power|p2a: Scizor
|-damage|p2a: Scizor|45/100
|move|p2a: Scizor|Aerial Ace|p1a: Glimmora
|-resisted|p1a: Glimmora
|-damage|p1a: Glimmora|61/100
|-activate|p1a: Glimmora|ability: Toxic Debris
|-sidestart|p2: mudkipfannumber1|move: Toxic Spikes
|-damage|p2a: Scizor|35/100|[from] item: Life Orb
|
|upkeep
|turn|7
|
|t:|1760373285
|move|p2a: Scizor|Bullet Punch|p1a: Glimmora
|-supereffective|p1a: Glimmora
|-damage|p1a: Glimmora|0 fnt
|-activate|p1a: Glimmora|ability: Toxic Debris
|-sidestart|p2: mudkipfannumber1|move: Toxic Spikes
|faint|p1a: Glimmora
|-damage|p2a: Scizor|25/100|[from] item: Life Orb
|
|upkeep
|
|t:|1760373292
|switch|p1a: Gholdengo|Gholdengo|100/100
|turn|8
|
|t:|1760373303
|move|p1a: Gholdengo|Shadow Ball|p2a: Scizor
|-damage|p2a: Scizor|0 fnt
|faint|p2a: Scizor
|
|upkeep
|
|t:|1760373309
|switch|p2a: Reuniclus|Reuniclus, M, shiny|100/100
|-activate|p2a: Reuniclus|move: Sticky Web
|-unboost|p2a: Reuniclus|spe|1
|-damage|p2a: Reuniclus|88/100|[from] Stealth Rock
|-status|p2a: Reuniclus|tox
|turn|9
|
|t:|1760373316
|move|p1a: Gholdengo|Shadow Ball|p2a: Reuniclus
|-supereffective|p2a: Reuniclus
|-crit|p2a: Reuniclus
|-damage|p2a: Reuniclus|0 fnt
|faint|p2a: Reuniclus
|
|upkeep
|
|t:|1760373318
|switch|p2a: Florges|Florges-Blue, F|100/100
|-activate|p2a: Florges|move: Sticky Web
|-unboost|p2a: Florges|spe|1
|-damage|p2a: Florges|88/100|[from] Stealth Rock
|-status|p2a: Florges|tox
|turn|10
|
|t:|1760373323
|move|p1a: Gholdengo|Shadow Ball|p2a: Florges
|-damage|p2a: Florges|53/100 tox
|-enditem|p2a: Florges|Red Card|[of] p1a: Gholdengo
|drag|p1a: Samurott|Samurott-Hisui, F|100/100
|move|p2a: Florges|Chilling Water|p1a: Samurott
|-resisted|p1a: Samurott
|-damage|p1a: Samurott|91/100
|-unboost|p1a: Samurott|atk|1
|
|-damage|p2a: Florges|47/100 tox|[from] psn
|upkeep
|turn|11
|
|t:|1760373328
|move|p1a: Samurott|Ceaseless Edge|p2a: Florges
|-resisted|p2a: Florges
|-damage|p2a: Florges|16/100 tox
|-sidestart|p2: mudkipfannumber1|Spikes
|move|p2a: Florges|Moonblast|p1a: Samurott
|-supereffective|p1a: Samurott
|-damage|p1a: Samurott|0 fnt
|faint|p1a: Samurott
|
|-damage|p2a: Florges|4/100 tox|[from] psn
|upkeep
|
|t:|1760373337
|switch|p1a: Gholdengo|Gholdengo|100/100
|turn|12
|
|t:|1760373344
|move|p1a: Gholdengo|Shadow Ball|p2a: Florges
|-damage|p2a: Florges|0 fnt
|faint|p2a: Florges
|
|upkeep
|
|t:|1760373346
|switch|p2a: Drifblim|Drifblim, F|100/100
|-damage|p2a: Drifblim|75/100|[from] Stealth Rock
|turn|13
|
|t:|1760373351
|move|p1a: Gholdengo|Shadow Ball|p2a: Drifblim
|-supereffective|p2a: Drifblim
|-damage|p2a: Drifblim|0 fnt
|faint|p2a: Drifblim
|
|upkeep
|
|t:|1760373353
|switch|p2a: Garganacl|Garganacl, F|100/100
|-activate|p2a: Garganacl|move: Sticky Web
|-unboost|p2a: Garganacl|spe|1
|-damage|p2a: Garganacl|88/100|[from] Stealth Rock
|-damage|p2a: Garganacl|75/100|[from] Spikes
|turn|14
|
|t:|1760373356
|switch|p1a: Rillaboom|Rillaboom, M|100/100
|-fieldstart|move: Grassy Terrain|[from] ability: Grassy Surge|[of] p1a: Rillaboom
|move|p2a: Garganacl|Salt Cure|p1a: Rillaboom
|-damage|p1a: Rillaboom|86/100
|-start|p1a: Rillaboom|Salt Cure
|
|-heal|p1a: Rillaboom|92/100|[from] Grassy Terrain
|-heal|p2a: Garganacl|82/100|[from] Grassy Terrain
|-heal|p2a: Garganacl|88/100|[from] item: Leftovers
|-damage|p1a: Rillaboom|79/100|[from] Salt Cure
|upkeep
|turn|15
|
|t:|1760373359
|-terastallize|p2a: Garganacl|Fighting
|move|p1a: Rillaboom|Grassy Glide|p2a: Garganacl
|-damage|p2a: Garganacl|68/100
|move|p2a: Garganacl|Iron Defense|p2a: Garganacl
|-boost|p2a: Garganacl|def|2
|
|-heal|p1a: Rillaboom|85/100|[from] Grassy Terrain
|-heal|p2a: Garganacl|74/100|[from] Grassy Terrain
|-heal|p2a: Garganacl|80/100|[from] item: Leftovers
|-damage|p1a: Rillaboom|73/100|[from] Salt Cure
|upkeep
|turn|16
|
|t:|1760373366
|move|p1a: Rillaboom|Low Kick|p2a: Garganacl
|-damage|p2a: Garganacl|68/100
|move|p2a: Garganacl|Salt Cure|p1a: Rillaboom
|-damage|p1a: Rillaboom|57/100
|
|-heal|p1a: Rillaboom|63/100|[from] Grassy Terrain
|-heal|p2a: Garganacl|74/100|[from] Grassy Terrain
|-heal|p2a: Garganacl|81/100|[from] item: Leftovers
|-damage|p1a: Rillaboom|51/100|[from] Salt Cure
|upkeep
|turn|17
|
|t:|1760373371
|move|p1a: Rillaboom|Low Kick|p2a: Garganacl
|-damage|p2a: Garganacl|69/100
|move|p2a: Garganacl|Iron Defense|p2a: Garganacl
|-boost|p2a: Garganacl|def|2
|
|-heal|p1a: Rillaboom|57/100|[from] Grassy Terrain
|-heal|p2a: Garganacl|75/100|[from] Grassy Terrain
|-heal|p2a: Garganacl|82/100|[from] item: Leftovers
|-damage|p1a: Rillaboom|45/100|[from] Salt Cure
|upkeep
|turn|18
|
|t:|1760373374
|move|p1a: Rillaboom|Low Kick|p2a: Garganacl
|-damage|p2a: Garganacl|73/100
|move|p2a: Garganacl|Iron Defense|p2a: Garganacl
|-boost|p2a: Garganacl|def|2
|
|-heal|p1a: Rillaboom|51/100|[from] Grassy Terrain
|-heal|p2a: Garganacl|80/100|[from] Grassy Terrain
|-heal|p2a: Garganacl|86/100|[from] item: Leftovers
|-damage|p1a: Rillaboom|38/100|[from] Salt Cure
|upkeep
|turn|19
|
|t:|1760373379
|move|p1a: Rillaboom|Low Kick|p2a: Garganacl
|-damage|p2a: Garganacl|80/100
|move|p2a: Garganacl|Salt Cure|p1a: Rillaboom
|-damage|p1a: Rillaboom|22/100
|
|-heal|p1a: Rillaboom|28/100|[from] Grassy Terrain
|-heal|p2a: Garganacl|86/100|[from] Grassy Terrain
|-heal|p2a: Garganacl|92/100|[from] item: Leftovers
|-damage|p1a: Rillaboom|15/100|[from] Salt Cure
|upkeep
|turn|20
|
|t:|1760373383
|move|p1a: Rillaboom|Low Kick|p2a: Garganacl
|-damage|p2a: Garganacl|86/100
|move|p2a: Garganacl|Salt Cure|p1a: Rillaboom
|-damage|p1a: Rillaboom|0 fnt
|faint|p1a: Rillaboom
|
|-heal|p2a: Garganacl|92/100|[from] Grassy Terrain
|-heal|p2a: Garganacl|98/100|[from] item: Leftovers
|upkeep
|
|t:|1760373387
|switch|p1a: Gholdengo|Gholdengo|100/100
|turn|21
|
|t:|1760373390
|move|p1a: Gholdengo|Flash Cannon|p2a: Garganacl
|-damage|p2a: Garganacl|36/100
|move|p2a: Garganacl|Salt Cure|p1a: Gholdengo
|-resisted|p1a: Gholdengo
|-damage|p1a: Gholdengo|91/100
|-start|p1a: Gholdengo|Salt Cure
|
|-heal|p1a: Gholdengo|97/100|[from] Grassy Terrain
|-heal|p2a: Garganacl|43/100|[from] Grassy Terrain
|-heal|p2a: Garganacl|49/100|[from] item: Leftovers
|-damage|p1a: Gholdengo|73/100|[from] Salt Cure
|-fieldend|move: Grassy Terrain
|upkeep
|turn|22
|
|t:|1760373394
|move|p1a: Gholdengo|Flash Cannon|p2a: Garganacl
|-crit|p2a: Garganacl
|-damage|p2a: Garganacl|0 fnt
|faint|p2a: Garganacl
|
|win|HEEEEEEEEELP
|raw|HEEEEEEEEELP's rating: 1120 &rarr; <strong>1144</strong><br />(+24 for winning)
|raw|mudkipfannumber1's rating: 1104 &rarr; <strong>1080</strong><br />(-24 for losing)
|l|☆mudkipfannumber1
|player|p2|
