|j|☆Walking Waste
|j|☆b00mie
|t:|1760415300
|gametype|singles
|player|p1|Walking Waste|burglar-gen2|1407
|player|p2|b00mie|170|1360
|gen|9
|tier|[Gen 9] OU
|rated|
|rule|HP Percentage Mod: HP is shown in percentages
|rule|Endless Battle Clause: Forcing endless battles is banned
|rule|Species Clause: Limit one of each Pokémon
|rule|OHKO Clause: OHKO moves are banned
|rule|Evasion Items Clause: Evasion items are banned
|rule|Evasion Moves Clause: Evasion moves are banned
|rule|Evasion Abilities Clause: Evasion abilities are banned
|rule|Sleep Moves Clause: Sleep-inducing moves are banned
|clearpoke
|poke|p1|Frosmoth, M|
|poke|p1|Cinccino, F|
|poke|p1|Incineroar, F|
|poke|p1|Weezing-Galar, M|
|poke|p1|Sinistcha|
|poke|p1|Alomomola, F|
|poke|p2|Torkoal, M|
|poke|p2|Grimmsnarl, M|
|poke|p2|Great Tusk|
|poke|p2|Charizard, M|
|poke|p2|Walking Wake|
|poke|p2|Dragapult, M|
|teampreview
|inactive|Battle timer is ON: inactive players will automatically lose when time's up. (requested by Walking Waste)
|
|t:|1760415316
|teamsize|p1|6
|teamsize|p2|6
|start
|switch|p1a: Cinccino|Cinccino, F|100/100
|switch|p2a: Great Tusk|Great Tusk|100/100
|turn|1
|
|t:|1760415327
|switch|p1a: Sinistcha|Sinistcha|100/100
|move|p2a: Great Tusk|Knock Off|p1a: Sinistcha
|-supereffective|p1a: Sinistcha
|-enditem|p1a: Sinistcha|Colbur Berry|[eat]
|-enditem|p1a: Sinistcha|Colbur Berry|[weaken]
|-damage|p1a: Sinistcha|74/100
|
|upkeep
|turn|2
|
|t:|1760415341
|-end|p2a: Great Tusk|Protosynthesis|[silent]
|switch|p2a: Walking Wake|Walking Wake|100/100
|move|p1a: Sinistcha|Matcha Gotcha|p2a: Walking Wake
|-damage|p2a: Walking Wake|59/100
|-heal|p1a: Sinistcha|94/100|[from] drain|[of] p2a: Walking Wake
|
|upkeep
|turn|3
|
|t:|1760415350
|switch|p1a: Weezing|Weezing-Galar, M|100/100
|-ability|p1a: Weezing|Neutralizing Gas
|move|p2a: Walking Wake|Flamethrower|p1a: Weezing
|-damage|p1a: Weezing|43/100
|
|upkeep
|turn|4
|
|t:|1760415358
|-end|p1a: Weezing|ability: Neutralizing Gas
|switch|p1a: Incineroar|Incineroar, F|100/100
|-ability|p1a: Incineroar|Intimidate|boost
|-unboost|p2a: Walking Wake|atk|1
|move|p2a: Walking Wake|Flamethrower|p1a: Incineroar
|-resisted|p1a: Incineroar
|-damage|p1a: Incineroar|80/100
|
|upkeep
|turn|5
|
|t:|1760415368
|-end|p2a: Walking Wake|Protosynthesis|[silent]
|switch|p2a: Dragapult|Dragapult, M, shiny|100/100
|move|p1a: Incineroar|Parting Shot|p2a: Dragapult
|-fail|p2a: Dragapult|unboost|[from] ability: Clear Body|[of] p2a: Dragapult
|
|upkeep
|turn|6
|
|t:|1760415377
|move|p2a: Dragapult|U-turn|p1a: Incineroar
|-damage|p1a: Incineroar|55/100
|
|t:|1760415381
|switch|p2a: Great Tusk|Great Tusk|100/100|[from] U-turn
|move|p1a: Incineroar|Knock Off|p2a: Great Tusk
|-resisted|p2a: Great Tusk
|-damage|p2a: Great Tusk|88/100
|-damage|p1a: Incineroar|39/100|[from] item: Rocky Helmet|[of] p2a: Great Tusk
|-enditem|p2a: Great Tusk|Rocky Helmet|[from] move: Knock Off|[of] p1a: Incineroar
|
|upkeep
|turn|7
|
|t:|1760415401
|switch|p1a: Sinistcha|Sinistcha|94/100
|move|p2a: Great Tusk|Knock Off|p1a: Sinistcha
|-supereffective|p1a: Sinistcha
|-damage|p1a: Sinistcha|62/100
|
|upkeep
|turn|8
|
|t:|1760415408
|-end|p2a: Great Tusk|Protosynthesis|[silent]
|switch|p2a: Torkoal|Torkoal, M|100/100
|-weather|SunnyDay|[from] ability: Drought|[of] p2a: Torkoal
|move|p1a: Sinistcha|Strength Sap|p2a: Torkoal
|-unboost|p2a: Torkoal|atk|1
|-heal|p1a: Sinistcha|100/100
|
|-weather|SunnyDay|[upkeep]
|upkeep
|turn|9
|
|t:|1760415419
|move|p1a: Sinistcha|Calm Mind|p1a: Sinistcha
|-boost|p1a: Sinistcha|spa|1
|-boost|p1a: Sinistcha|spd|1
|move|p2a: Torkoal|Eruption|p1a: Sinistcha
|-supereffective|p1a: Sinistcha
|-damage|p1a: Sinistcha|31/100
|
|-weather|SunnyDay|[upkeep]
|upkeep
|turn|10
|
|t:|1760415434
|switch|p2a: Grimmsnarl|Grimmsnarl, M, shiny|100/100
|move|p1a: Sinistcha|Scald|p2a: Grimmsnarl
|-damage|p2a: Grimmsnarl|82/100
|
|-weather|SunnyDay|[upkeep]
|upkeep
|turn|11
|
|t:|1760415449
|move|p2a: Grimmsnarl|Parting Shot|p1a: Sinistcha
|-unboost|p1a: Sinistcha|atk|1
|-unboost|p1a: Sinistcha|spa|1
|
|t:|1760415453
|switch|p2a: Charizard|Charizard, M|100/100|[from] Parting Shot
|move|p1a: Sinistcha|Strength Sap|p2a: Charizard
|-unboost|p2a: Charizard|atk|1
|-heal|p1a: Sinistcha|76/100
|
|-weather|SunnyDay|[upkeep]
|-damage|p2a: Charizard|88/100|[from] ability: Solar Power|[of] p2a: Charizard
|upkeep
|turn|12
|
|t:|1760415465
|switch|p1a: Alomomola|Alomomola, F|100/100
|move|p2a: Charizard|Weather Ball|p1a: Alomomola
|-resisted|p1a: Alomomola
|-damage|p1a: Alomomola|52/100
|
|-weather|SunnyDay|[upkeep]
|-damage|p2a: Charizard|76/100|[from] ability: Solar Power|[of] p2a: Charizard
|upkeep
|turn|13
|
|t:|1760415481
|move|p2a: Charizard|Solar Beam||[still]
|-prepare|p2a: Charizard|Solar Beam
|-anim|p2a: Charizard|Solar Beam|p1a: Alomomola
|-supereffective|p1a: Alomomola
|-damage|p1a: Alomomola|0 fnt
|faint|p1a: Alomomola
|
|-weather|SunnyDay|[upkeep]
|-damage|p2a: Charizard|63/100|[from] ability: Solar Power|[of] p2a: Charizard
|upkeep
|
|t:|1760415490
|switch|p1a: Cinccino|Cinccino, F|100/100
|turn|14
|
|t:|1760415495
|switch|p2a: Great Tusk|Great Tusk|88/100
|-activate|p2a: Great Tusk|ability: Protosynthesis
|-start|p2a: Great Tusk|protosynthesisatk
|move|p1a: Cinccino|Tail Slap|p2a: Great Tusk
|-damage|p2a: Great Tusk|78/100
|-damage|p2a: Great Tusk|67/100
|-damage|p2a: Great Tusk|57/100
|-damage|p2a: Great Tusk|47/100
|-damage|p2a: Great Tusk|36/100
|-hitcount|p2a: Great Tusk|5
|
|-weather|SunnyDay|[upkeep]
|upkeep
|turn|15
|
|t:|1760415509
|move|p1a: Cinccino|Triple Axel|p2a: Great Tusk|[miss]
|-miss|p1a: Cinccino|p2a: Great Tusk
|move|p2a: Great Tusk|Rapid Spin|p1a: Cinccino
|-damage|p1a: Cinccino|57/100
|-boost|p2a: Great Tusk|spe|1
|
|-weather|none
|-end|p2a: Great Tusk|Protosynthesis
|upkeep
|turn|16
|
|t:|1760415520
|switch|p1a: Sinistcha|Sinistcha|76/100
|move|p2a: Great Tusk|Earthquake|p1a: Sinistcha
|-resisted|p1a: Sinistcha
|-crit|p1a: Sinistcha
|-damage|p1a: Sinistcha|45/100
|
|upkeep
|turn|17
|
|t:|1760415531
|move|p2a: Great Tusk|Knock Off|p1a: Sinistcha
|-supereffective|p1a: Sinistcha
|-damage|p1a: Sinistcha|10/100
|move|p1a: Sinistcha|Strength Sap|p2a: Great Tusk
|-unboost|p2a: Great Tusk|atk|1
|-heal|p1a: Sinistcha|100/100
|
|upkeep
|turn|18
|
|t:|1760415539
|move|p2a: Great Tusk|Knock Off|p1a: Sinistcha
|-supereffective|p1a: Sinistcha
|-damage|p1a: Sinistcha|77/100
|move|p1a: Sinistcha|Calm Mind|p1a: Sinistcha
|-boost|p1a: Sinistcha|spa|1
|-boost|p1a: Sinistcha|spd|1
|
|upkeep
|turn|19
|
|t:|1760415546
|move|p2a: Great Tusk|Knock Off|p1a: Sinistcha
|-supereffective|p1a: Sinistcha
|-damage|p1a: Sinistcha|53/100
|move|p1a: Sinistcha|Calm Mind|p1a: Sinistcha
|-boost|p1a: Sinistcha|spa|1
|-boost|p1a: Sinistcha|spd|1
|
|upkeep
|turn|20
|
|t:|1760415554
|move|p2a: Great Tusk|Knock Off|p1a: Sinistcha
|-supereffective|p1a: Sinistcha
|-damage|p1a: Sinistcha|29/100
|move|p1a: Sinistcha|Matcha Gotcha|p2a: Great Tusk
|-supereffective|p2a: Great Tusk
|-damage|p2a: Great Tusk|0 fnt
|-heal|p1a: Sinistcha|48/100|[from] drain|[of] p2a: Great Tusk
|faint|p2a: Great Tusk
|-end|p2a: Great Tusk|Protosynthesis|[silent]
|
|upkeep
|
|t:|1760415566
|switch|p2a: Dragapult|Dragapult, M, shiny|100/100
|turn|21
|
|t:|1760415574
|switch|p1a: Weezing|Weezing-Galar, M|43/100
|-ability|p1a: Weezing|Neutralizing Gas
|move|p2a: Dragapult|Dragon Darts|p1a: Weezing
|-immune|p1a: Weezing
|
|upkeep
|turn|22
|l|☆b00mie
|inactive|b00mie disconnected and has a minute to reconnect!
|player|p2|
|j|☆b00mie
|inactive|b00mie reconnected and has 140 seconds left.
|player|p2|b00mie|170|
|
|t:|1760415588
|switch|p2a: Grimmsnarl|Grimmsnarl, M, shiny|82/100
|move|p1a: Weezing|Toxic|p2a: Grimmsnarl
|-status|p2a: Grimmsnarl|tox
|
|-damage|p2a: Grimmsnarl|75/100 tox|[from] psn
|upkeep
|turn|23
|
|t:|1760415598
|move|p1a: Weezing|Defog|p2a: Grimmsnarl
|-unboost|p2a: Grimmsnarl|evasion|1
|move|p2a: Grimmsnarl|Trick|p1a: Weezing
|-activate|p2a: Grimmsnarl|move: Trick|[of] p1a: Weezing
|-item|p1a: Weezing|Lagging Tail|[from] move: Trick
|-item|p2a: Grimmsnarl|Shuca Berry|[from] move: Trick
|
|-damage|p2a: Grimmsnarl|63/100 tox|[from] psn
|upkeep
|turn|24
|
|t:|1760415610
|move|p2a: Grimmsnarl|Parting Shot|p1a: Weezing
|-unboost|p1a: Weezing|atk|1
|-unboost|p1a: Weezing|spa|1
|
|t:|1760415622
|switch|p2a: Charizard|Charizard, M|63/100|[from] Parting Shot
|move|p1a: Weezing|Defog|p2a: Charizard
|-unboost|p2a: Charizard|evasion|1
|
|upkeep
|turn|25
|
|t:|1760415633
|move|p2a: Charizard|Overheat|p1a: Weezing
|-crit|p1a: Weezing
|-damage|p1a: Weezing|0 fnt
|-unboost|p2a: Charizard|spa|2
|faint|p1a: Weezing
|-end|p1a: Weezing|ability: Neutralizing Gas
|
|upkeep
|
|t:|1760415643
|switch|p1a: Frosmoth|Frosmoth, M|100/100
|turn|26
|
|t:|1760415647
|switch|p2a: Grimmsnarl|Grimmsnarl, M, shiny|63/100 tox
|move|p1a: Frosmoth|Quiver Dance|p1a: Frosmoth
|-boost|p1a: Frosmoth|spa|1
|-boost|p1a: Frosmoth|spd|1
|-boost|p1a: Frosmoth|spe|1
|
|-damage|p2a: Grimmsnarl|57/100 tox|[from] psn
|upkeep
|turn|27
|
|t:|1760415658
|move|p2a: Grimmsnarl|Thunder Wave|p1a: Frosmoth|[miss]
|-miss|p2a: Grimmsnarl|p1a: Frosmoth
|move|p1a: Frosmoth|Substitute|p1a: Frosmoth
|-start|p1a: Frosmoth|Substitute
|-damage|p1a: Frosmoth|76/100
|
|-heal|p1a: Frosmoth|82/100|[from] item: Leftovers
|-damage|p2a: Grimmsnarl|44/100 tox|[from] psn
|upkeep
|turn|28
|
|t:|1760415668
|move|p1a: Frosmoth|Quiver Dance|p1a: Frosmoth
|-boost|p1a: Frosmoth|spa|1
|-boost|p1a: Frosmoth|spd|1
|-boost|p1a: Frosmoth|spe|1
|move|p2a: Grimmsnarl|Spirit Break|p1a: Frosmoth
|-end|p1a: Frosmoth|Substitute
|
|-heal|p1a: Frosmoth|88/100|[from] item: Leftovers
|-damage|p2a: Grimmsnarl|26/100 tox|[from] psn
|upkeep
|turn|29
|
|t:|1760415679
|-terastallize|p1a: Frosmoth|Electric
|move|p2a: Grimmsnarl|Thunder Wave|p1a: Frosmoth
|-immune|p1a: Frosmoth
|move|p1a: Frosmoth|Substitute|p1a: Frosmoth
|-start|p1a: Frosmoth|Substitute
|-damage|p1a: Frosmoth|63/100
|
|-heal|p1a: Frosmoth|69/100|[from] item: Leftovers
|-damage|p2a: Grimmsnarl|1/100 tox|[from] psn
|upkeep
|turn|30
|-message|b00mie forfeited.
|
|win|Walking Waste
|raw|Walking Waste's rating: 1407 &rarr; <strong>1424</strong><br />(+17 for winning)
|raw|b00mie's rating: 1360 &rarr; <strong>1343</strong><br />(-17 for losing)
|l|☆b00mie
|player|p2|
|l|☆Walking Waste
|player|p1|
