|j|☆LLBattler
|j|☆virkit
|t:|1760362525
|gametype|singles
|player|p1|LLBattler|102|1146
|player|p2|virkit|2|1110
|gen|9
|tier|[Gen 9] OU
|rated|
|rule|HP Percentage Mod: HP is shown in percentages
|rule|Endless Battle Clause: Forcing endless battles is banned
|rule|Species Clause: Limit one of each Pokémon
|rule|OHKO Clause: OHKO moves are banned
|rule|Evasion Items Clause: Evasion items are banned
|rule|Evasion Moves Clause: Evasion moves are banned
|rule|Evasion Abilities Clause: Evasion abilities are banned
|rule|Sleep Moves Clause: Sleep-inducing moves are banned
|clearpoke
|poke|p1|Kingambit, M|
|poke|p1|Deoxys-Speed|
|poke|p1|Great Tusk|
|poke|p1|Dragonite, M|
|poke|p1|Iron Moth|
|poke|p1|Primarina, F|
|poke|p2|Cinderace, M|
|poke|p2|Glimmora, F|
|poke|p2|Zangoose, M|
|poke|p2|Ursaluna, M|
|poke|p2|Clefable, F|
|poke|p2|Garganacl, M|
|teampreview
|inactive|Battle timer is ON: inactive players will automatically lose when time's up. (requested by virkit)
|
|t:|1760362559
|teamsize|p1|6
|teamsize|p2|6
|start
|switch|p1a: Siren|Primarina, F|100/100
|switch|p2a: Glimmora|Glimmora, F|100/100
|-item|p2a: Glimmora|Air Balloon
|turn|1
|
|t:|1760362570
|switch|p1a: Iron Moth|Iron Moth|100/100
|-enditem|p1a: Iron Moth|Booster Energy
|-activate|p1a: Iron Moth|ability: Quark Drive|[fromitem]
|-start|p1a: Iron Moth|quarkdrivespe
|move|p2a: Glimmora|Mortal Spin|p1a: Iron Moth
|-resisted|p1a: Iron Moth
|-damage|p1a: Iron Moth|96/100
|
|upkeep
|turn|2
|inactive|LLBattler has 120 seconds left.
|
|t:|1760362606
|move|p1a: Iron Moth|Fiery Dance|p2a: Glimmora
|-resisted|p2a: Glimmora
|-damage|p2a: Glimmora|75/100
|-enditem|p2a: Glimmora|Air Balloon
|move|p2a: Glimmora|Earth Power|p1a: Iron Moth
|-supereffective|p1a: Iron Moth
|-damage|p1a: Iron Moth|0 fnt
|faint|p1a: Iron Moth
|-end|p1a: Iron Moth|Quark Drive|[silent]
|
|upkeep
|
|t:|1760362619
|switch|p1a: UFO|Deoxys-Speed, shiny|100/100
|-ability|p1a: UFO|Pressure
|turn|3
|
|t:|1760362625
|move|p1a: UFO|Nasty Plot|p1a: UFO
|-boost|p1a: UFO|spa|2
|move|p2a: Glimmora|Toxic Spikes|p1a: UFO
|-sidestart|p1: LLBattler|move: Toxic Spikes
|
|upkeep
|turn|4
|inactive|LLBattler has 120 seconds left.
|
|t:|1760362632
|move|p1a: UFO|Shadow Ball|p2a: Glimmora
|-damage|p2a: Glimmora|2/100
|-damage|p1a: UFO|91/100|[from] item: Life Orb
|move|p2a: Glimmora|Mortal Spin|p1a: UFO
|-damage|p1a: UFO|80/100
|-status|p1a: UFO|psn
|
|-damage|p1a: UFO|67/100 psn|[from] psn
|upkeep
|turn|5
|
|t:|1760362645
|move|p2a: Glimmora|Spiky Shield|p2a: Glimmora
|-singleturn|p2a: Glimmora|move: Protect
|move|p1a: UFO|Shadow Ball|p2a: Glimmora
|-activate|p2a: Glimmora|move: Protect
|
|-damage|p1a: UFO|55/100 psn|[from] psn
|upkeep
|turn|6
|
|t:|1760362654
|move|p1a: UFO|Shadow Ball|p2a: Glimmora
|-damage|p2a: Glimmora|0 fnt
|faint|p2a: Glimmora
|-damage|p1a: UFO|45/100 psn|[from] item: Life Orb
|
|-damage|p1a: UFO|32/100 psn|[from] psn
|upkeep
|
|t:|1760362662
|switch|p2a: Cinderace|Cinderace, M|100/100
|turn|7
|
|t:|1760362674
|move|p2a: Cinderace|Court Change|p2a: Cinderace
|-start|p2a: Cinderace|typechange|Normal|[from] ability: Libero
|-swapsideconditions
|-activate|p2a: Cinderace|move: Court Change
|move|p1a: UFO|Psycho Boost|p2a: Cinderace|[miss]
|-miss|p1a: UFO|p2a: Cinderace
|
|-damage|p1a: UFO|20/100 psn|[from] psn
|upkeep
|turn|8
|
|t:|1760362689
|switch|p2a: Clefable|Clefable, F|100/100
|-status|p2a: Clefable|psn
|move|p1a: UFO|Psycho Boost|p2a: Clefable
|-damage|p2a: Clefable|0 fnt
|-unboost|p1a: UFO|spa|2
|faint|p2a: Clefable
|-damage|p1a: UFO|10/100 psn|[from] item: Life Orb
|
|-damage|p1a: UFO|0 fnt|[from] psn
|faint|p1a: UFO
|upkeep
|
|t:|1760362717
|switch|p1a: Siren|Primarina, F|100/100
|switch|p2a: Zangoose|Zangoose, M|100/100
|-status|p2a: Zangoose|psn
|turn|9
|inactive|LLBattler has 120 seconds left.
|
|t:|1760362732
|move|p2a: Zangoose|Thunder Wave|p1a: Siren
|-status|p1a: Siren|par
|cant|p1a: Siren|par
|
|-damage|p2a: Zangoose|88/100 psn|[from] psn
|upkeep
|turn|10
|
|t:|1760362740
|move|p2a: Zangoose|Facade|p1a: Siren
|-damage|p1a: Siren|0 fnt
|faint|p1a: Siren
|
|-damage|p2a: Zangoose|76/100 psn|[from] psn
|upkeep
|
|t:|1760362748
|switch|p1a: Dragonite|Dragonite, M|100/100
|turn|11
|
|t:|1760362752
|-terastallize|p1a: Dragonite|Normal
|move|p1a: Dragonite|Extreme Speed|p2a: Zangoose
|-damage|p2a: Zangoose|0 fnt
|faint|p2a: Zangoose
|
|upkeep
|
|t:|1760362759
|switch|p2a: Cinderace|Cinderace, M|100/100
|-status|p2a: Cinderace|psn
|turn|12
|
|t:|1760362765
|move|p1a: Dragonite|Extreme Speed|p2a: Cinderace
|-crit|p2a: Cinderace
|-damage|p2a: Cinderace|0 fnt
|faint|p2a: Cinderace
|
|upkeep
|
|t:|1760362771
|switch|p2a: Ursaluna|Ursaluna, M|100/100
|-status|p2a: Ursaluna|psn
|turn|13
|
|t:|1760362780
|move|p1a: Dragonite|Extreme Speed|p2a: Ursaluna
|-damage|p2a: Ursaluna|49/100 psn
|move|p2a: Ursaluna|Facade|p1a: Dragonite
|-damage|p1a: Dragonite|33/100
|
|-heal|p2a: Ursaluna|55/100 psn|[from] item: Leftovers
|-damage|p2a: Ursaluna|43/100 psn|[from] psn
|upkeep
|turn|14
|
|t:|1760362790
|move|p1a: Dragonite|Extreme Speed|p2a: Ursaluna
|-damage|p2a: Ursaluna|0 fnt
|faint|p2a: Ursaluna
|
|upkeep
|
|t:|1760362795
|switch|p2a: Garganacl|Garganacl, M|100/100
|turn|15
|
|t:|1760362801
|-terastallize|p2a: Garganacl|Ghost
|move|p1a: Dragonite|Extreme Speed|p2a: Garganacl
|-immune|p2a: Garganacl
|move|p2a: Garganacl|Salt Cure|p1a: Dragonite
|-damage|p1a: Dragonite|17/100
|-start|p1a: Dragonite|Salt Cure
|
|-damage|p1a: Dragonite|5/100|[from] Salt Cure
|upkeep
|turn|16
|
|t:|1760362815
|move|p2a: Garganacl|Protect|p2a: Garganacl
|-singleturn|p2a: Garganacl|Protect
|move|p1a: Dragonite|Extreme Speed|p2a: Garganacl
|-activate|p2a: Garganacl|move: Protect
|
|-damage|p1a: Dragonite|0 fnt|[from] Salt Cure
|faint|p1a: Dragonite
|upkeep
|
|t:|1760362827
|switch|p1a: Kingambit|Kingambit, M|100/100
|-activate|p1a: Kingambit|ability: Supreme Overlord
|-start|p1a: Kingambit|fallen4|[silent]
|turn|17
|
|t:|1760362836
|move|p1a: Kingambit|Iron Head|p2a: Garganacl
|-damage|p2a: Garganacl|68/100
|move|p2a: Garganacl|Salt Cure|p1a: Kingambit
|-resisted|p1a: Kingambit
|-damage|p1a: Kingambit|95/100
|-start|p1a: Kingambit|Salt Cure
|
|-heal|p1a: Kingambit|100/100|[from] item: Leftovers
|-damage|p1a: Kingambit|76/100|[from] Salt Cure
|upkeep
|turn|18
|
|t:|1760362846
|move|p1a: Kingambit|Iron Head|p2a: Garganacl
|-crit|p2a: Garganacl
|-damage|p2a: Garganacl|17/100
|-enditem|p2a: Garganacl|Sitrus Berry|[eat]
|-heal|p2a: Garganacl|42/100|[from] item: Sitrus Berry
|move|p2a: Garganacl|Recover|p2a: Garganacl
|-heal|p2a: Garganacl|92/100
|
|-heal|p1a: Kingambit|82/100|[from] item: Leftovers
|-damage|p1a: Kingambit|57/100|[from] Salt Cure
|upkeep
|turn|19
|
|t:|1760362861
|-end|p1a: Kingambit|fallen4|[silent]
|switch|p1a: Great Tusk|Great Tusk, shiny|100/100
|-enditem|p1a: Great Tusk|Booster Energy
|-activate|p1a: Great Tusk|ability: Protosynthesis|[fromitem]
|-start|p1a: Great Tusk|protosynthesisatk
|move|p2a: Garganacl|Recover|p2a: Garganacl
|-heal|p2a: Garganacl|100/100
|
|upkeep
|turn|20
|
|t:|1760362887
|move|p1a: Great Tusk|Close Combat|p2a: Garganacl
|-immune|p2a: Garganacl
|move|p2a: Garganacl|Salt Cure|p1a: Great Tusk
|-resisted|p1a: Great Tusk
|-damage|p1a: Great Tusk|98/100
|-start|p1a: Great Tusk|Salt Cure
|
|-damage|p1a: Great Tusk|86/100|[from] Salt Cure
|upkeep
|turn|21
|
|t:|1760362897
|move|p1a: Great Tusk|Headlong Rush|p2a: Garganacl
|-damage|p2a: Garganacl|58/100
|-unboost|p1a: Great Tusk|def|1
|-unboost|p1a: Great Tusk|spd|1
|move|p2a: Garganacl|Salt Cure|p1a: Great Tusk
|-resisted|p1a: Great Tusk
|-damage|p1a: Great Tusk|82/100
|
|-damage|p1a: Great Tusk|70/100|[from] Salt Cure
|upkeep
|turn|22
|
|t:|1760362909
|move|p1a: Great Tusk|Headlong Rush|p2a: Garganacl
|-damage|p2a: Garganacl|19/100
|-unboost|p1a: Great Tusk|def|1
|-unboost|p1a: Great Tusk|spd|1
|move|p2a: Garganacl|Recover|p2a: Garganacl
|-heal|p2a: Garganacl|69/100
|
|-damage|p1a: Great Tusk|57/100|[from] Salt Cure
|upkeep
|turn|23
|
|t:|1760362920
|move|p2a: Garganacl|Protect|p2a: Garganacl
|-singleturn|p2a: Garganacl|Protect
|move|p1a: Great Tusk|Headlong Rush|p2a: Garganacl
|-activate|p2a: Garganacl|move: Protect
|
|-damage|p1a: Great Tusk|45/100|[from] Salt Cure
|upkeep
|turn|24
|
|t:|1760362931
|move|p1a: Great Tusk|Headlong Rush|p2a: Garganacl
|-damage|p2a: Garganacl|25/100
|-unboost|p1a: Great Tusk|def|1
|-unboost|p1a: Great Tusk|spd|1
|move|p2a: Garganacl|Recover|p2a: Garganacl
|-heal|p2a: Garganacl|75/100
|
|-damage|p1a: Great Tusk|32/100|[from] Salt Cure
|upkeep
|turn|25
|
|t:|1760362950
|move|p1a: Great Tusk|Headlong Rush|p2a: Garganacl
|-damage|p2a: Garganacl|35/100
|-unboost|p1a: Great Tusk|def|1
|-unboost|p1a: Great Tusk|spd|1
|move|p2a: Garganacl|Recover|p2a: Garganacl
|-heal|p2a: Garganacl|85/100
|
|-damage|p1a: Great Tusk|20/100|[from] Salt Cure
|upkeep
|turn|26
|
|t:|1760362966
|move|p1a: Great Tusk|Headlong Rush|p2a: Garganacl
|-damage|p2a: Garganacl|44/100
|-unboost|p1a: Great Tusk|def|1
|-unboost|p1a: Great Tusk|spd|1
|move|p2a: Garganacl|Recover|p2a: Garganacl
|-heal|p2a: Garganacl|94/100
|
|-damage|p1a: Great Tusk|8/100|[from] Salt Cure
|upkeep
|turn|27
|
|t:|1760362976
|move|p2a: Garganacl|Protect|p2a: Garganacl
|-singleturn|p2a: Garganacl|Protect
|move|p1a: Great Tusk|Headlong Rush|p2a: Garganacl
|-activate|p2a: Garganacl|move: Protect
|
|-damage|p1a: Great Tusk|0 fnt|[from] Salt Cure
|faint|p1a: Great Tusk
|-end|p1a: Great Tusk|Protosynthesis|[silent]
|upkeep
|
|t:|1760362984
|switch|p1a: Kingambit|Kingambit, M|57/100
|-activate|p1a: Kingambit|ability: Supreme Overlord
|-start|p1a: Kingambit|fallen5|[silent]
|turn|28
|
|t:|1760362990
|move|p1a: Kingambit|Swords Dance|p1a: Kingambit
|-boost|p1a: Kingambit|atk|2
|move|p2a: Garganacl|Salt Cure|p1a: Kingambit
|-resisted|p1a: Kingambit
|-damage|p1a: Kingambit|52/100
|-start|p1a: Kingambit|Salt Cure
|
|-heal|p1a: Kingambit|58/100|[from] item: Leftovers
|-damage|p1a: Kingambit|33/100|[from] Salt Cure
|upkeep
|turn|29
|
|t:|1760363002
|move|p2a: Garganacl|Protect|p2a: Garganacl
|-singleturn|p2a: Garganacl|Protect
|move|p1a: Kingambit|Iron Head|p2a: Garganacl
|-activate|p2a: Garganacl|move: Protect
|
|-heal|p1a: Kingambit|39/100|[from] item: Leftovers
|-damage|p1a: Kingambit|14/100|[from] Salt Cure
|upkeep
|turn|30
|
|t:|1760363011
|move|p1a: Kingambit|Iron Head|p2a: Garganacl
|-damage|p2a: Garganacl|17/100
|cant|p2a: Garganacl|flinch
|
|-heal|p1a: Kingambit|20/100|[from] item: Leftovers
|-damage|p1a: Kingambit|0 fnt|[from] Salt Cure
|faint|p1a: Kingambit
|-end|p1a: Kingambit|fallen5|[silent]
|
|win|virkit
|raw|LLBattler's rating: 1146 &rarr; <strong>1120</strong><br />(-26 for losing)
|raw|virkit's rating: 1139 &rarr; <strong>1165</strong><br />(+26 for winning)
|c|☆LLBattler|gg
