|j|☆BobbyAxe1
|j|☆SmallKuza1888
|t:|1760303363
|gametype|singles
|player|p1|BobbyAxe1|gambler|1455
|player|p2|SmallKuza1888|cyclist-gen4|1557
|gen|9
|tier|[Gen 9] OU
|rated|
|rule|HP Percentage Mod: HP is shown in percentages
|rule|Endless Battle Clause: Forcing endless battles is banned
|rule|Species Clause: Limit one of each Pokémon
|rule|OHKO Clause: OHKO moves are banned
|rule|Evasion Items Clause: Evasion items are banned
|rule|Evasion Moves Clause: Evasion moves are banned
|rule|Evasion Abilities Clause: Evasion abilities are banned
|rule|Sleep Moves Clause: Sleep-inducing moves are banned
|clearpoke
|poke|p1|Vileplume, F|
|poke|p1|Tyranitar, M|
|poke|p1|Reuniclus, F|
|poke|p1|Spiritomb, M|
|poke|p1|Heracross, M|
|poke|p1|Zoroark-Hisui, M|
|poke|p2|Weavile, M|
|poke|p2|Iron Treads|
|poke|p2|Keldeo|
|poke|p2|Hatterene, F|
|poke|p2|Ting-Lu|
|poke|p2|Dragonite, F|
|teampreview
|inactive|Battle timer is ON: inactive players will automatically lose when time's up. (requested by SmallKuza1888)
|
|t:|1760303401
|teamsize|p1|6
|teamsize|p2|6
|start
|switch|p1a: Vileplume|Vileplume, F|100/100
|switch|p2a: Hatterene|Hatterene, F|100/100
|turn|1
|
|t:|1760303421
|switch|p2a: Ting-Lu|Ting-Lu|100/100
|-ability|p2a: Ting-Lu|Vessel of Ruin
|move|p1a: Vileplume|Poltergeist|p2a: Ting-Lu
|-activate|p2a: Ting-Lu|move: Poltergeist|Rocky Helmet
|-resisted|p2a: Ting-Lu
|-damage|p2a: Ting-Lu|87/100
|-damage|p1a: Vileplume|91/100|[from] item: Life Orb
|
|upkeep
|turn|2
|
|t:|1760303437
|switch|p1a: Heracross|Heracross, M|100/100
|move|p2a: Ting-Lu|Stealth Rock|p1a: Heracross
|-sidestart|p1: BobbyAxe1|move: Stealth Rock
|
|upkeep
|turn|3
|
|t:|1760303444
|switch|p2a: Dragonite|Dragonite, F|100/100
|move|p1a: Heracross|Spikes|p2a: Dragonite
|-sidestart|p2: SmallKuza1888|Spikes
|
|upkeep
|turn|4
|
|t:|1760303455
|switch|p1a: Tyranitar|Tyranitar, M|100/100
|-damage|p1a: Tyranitar|88/100|[from] Stealth Rock
|-weather|Sandstorm|[from] ability: Sand Stream|[of] p1a: Tyranitar
|move|p2a: Dragonite|Dragon Tail|p1a: Tyranitar
|-damage|p1a: Tyranitar|60/100
|drag|p1a: Vileplume|Vileplume, F|91/100
|-damage|p1a: Vileplume|78/100|[from] Stealth Rock
|
|-weather|Sandstorm|[upkeep]
|-damage|p1a: Vileplume|72/100|[from] Sandstorm
|-damage|p2a: Dragonite|94/100|[from] Sandstorm
|upkeep
|turn|5
|
|t:|1760303475
|switch|p2a: Ting-Lu|Ting-Lu|87/100
|-damage|p2a: Ting-Lu|74/100|[from] Spikes
|-ability|p2a: Ting-Lu|Vessel of Ruin
|move|p1a: Vileplume|Poltergeist|p2a: Ting-Lu|[miss]
|-miss|p1a: Vileplume|p2a: Ting-Lu
|
|-weather|Sandstorm|[upkeep]
|-damage|p1a: Vileplume|66/100|[from] Sandstorm
|upkeep
|turn|6
|
|t:|1760303489
|switch|p1a: Heracross|Heracross, M|100/100
|-damage|p1a: Heracross|88/100|[from] Stealth Rock
|move|p2a: Ting-Lu|Earthquake|p1a: Heracross
|-resisted|p1a: Heracross
|-damage|p1a: Heracross|72/100
|
|-weather|Sandstorm|[upkeep]
|-damage|p1a: Heracross|66/100|[from] Sandstorm
|-heal|p1a: Heracross|72/100|[from] item: Leftovers
|upkeep
|turn|7
|
|t:|1760303500
|switch|p2a: Dragonite|Dragonite, F|94/100
|move|p1a: Heracross|Knock Off|p2a: Dragonite
|-damage|p2a: Dragonite|67/100
|-enditem|p2a: Dragonite|Heavy-Duty Boots|[from] move: Knock Off|[of] p1a: Heracross
|
|-weather|Sandstorm|[upkeep]
|-damage|p1a: Heracross|66/100|[from] Sandstorm
|-damage|p2a: Dragonite|60/100|[from] Sandstorm
|-heal|p1a: Heracross|72/100|[from] item: Leftovers
|upkeep
|turn|8
|
|t:|1760303511
|move|p1a: Heracross|Spikes|p2a: Dragonite
|-sidestart|p2: SmallKuza1888|Spikes
|move|p2a: Dragonite|Roost|p2a: Dragonite
|-heal|p2a: Dragonite|100/100
|-singleturn|p2a: Dragonite|move: Roost
|
|-weather|none
|-heal|p1a: Heracross|79/100|[from] item: Leftovers
|upkeep
|turn|9
|
|t:|1760303520
|move|p1a: Heracross|Lunge|p2a: Dragonite
|-resisted|p2a: Dragonite
|-damage|p2a: Dragonite|93/100
|-unboost|p2a: Dragonite|atk|1
|move|p2a: Dragonite|Dragon Tail|p1a: Heracross
|-damage|p1a: Heracross|59/100
|drag|p1a: Vileplume|Vileplume, F|66/100
|-damage|p1a: Vileplume|54/100|[from] Stealth Rock
|
|upkeep
|turn|10
|
|t:|1760303539
|switch|p1a: Vileplume|Vileplume, F|100/100
|-damage|p1a: Vileplume|88/100|[from] Stealth Rock
|switch|p2a: Ting-Lu|Ting-Lu|74/100
|-damage|p2a: Ting-Lu|58/100|[from] Spikes
|-ability|p2a: Ting-Lu|Vessel of Ruin
|
|-heal|p1a: Vileplume|94/100|[from] item: Black Sludge
|upkeep
|turn|11
|
|t:|1760303550
|move|p1a: Vileplume|Toxic|p2a: Ting-Lu
|-status|p2a: Ting-Lu|tox
|move|p2a: Ting-Lu|Ruination|p1a: Vileplume
|-damage|p1a: Vileplume|47/100
|
|-heal|p1a: Vileplume|54/100|[from] item: Black Sludge
|-damage|p2a: Ting-Lu|52/100 tox|[from] psn
|upkeep
|turn|12
|
|t:|1760303562
|switch|p2a: Iron Treads|Iron Treads|100/100
|-damage|p2a: Iron Treads|84/100|[from] Spikes
|move|p1a: Vileplume|Strength Sap|p2a: Iron Treads
|-unboost|p2a: Iron Treads|atk|1
|-heal|p1a: Vileplume|100/100
|
|-heal|p2a: Iron Treads|90/100|[from] item: Leftovers
|upkeep
|turn|13
|
|t:|1760303573
|switch|p1a: Spiritomb|Spiritomb, M|100/100
|-damage|p1a: Spiritomb|88/100|[from] Stealth Rock
|-ability|p1a: Spiritomb|Pressure
|move|p2a: Iron Treads|Knock Off|p1a: Spiritomb
|-damage|p1a: Spiritomb|68/100
|-enditem|p1a: Spiritomb|Leftovers|[from] move: Knock Off|[of] p2a: Iron Treads
|
|-heal|p2a: Iron Treads|96/100|[from] item: Leftovers
|upkeep
|turn|14
|
|t:|1760303586
|-end|p2a: Iron Treads|Quark Drive|[silent]
|switch|p2a: Ting-Lu|Ting-Lu|52/100 tox
|-damage|p2a: Ting-Lu|35/100 tox|[from] Spikes
|-ability|p2a: Ting-Lu|Vessel of Ruin
|move|p1a: Spiritomb|Will-O-Wisp||[still]
|-fail|p1a: Spiritomb
|
|-damage|p2a: Ting-Lu|29/100 tox|[from] psn
|upkeep
|turn|15
|
|t:|1760303596
|move|p1a: Spiritomb|Protect|p1a: Spiritomb
|-singleturn|p1a: Spiritomb|Protect
|move|p2a: Ting-Lu|Ruination|p1a: Spiritomb
|-activate|p1a: Spiritomb|move: Protect
|
|-damage|p2a: Ting-Lu|16/100 tox|[from] psn
|upkeep
|turn|16
|
|t:|1760303605
|move|p2a: Ting-Lu|Ruination|p1a: Spiritomb
|-damage|p1a: Spiritomb|34/100
|move|p1a: Spiritomb|Night Shade|p2a: Ting-Lu
|-damage|p2a: Ting-Lu|0 fnt
|faint|p2a: Ting-Lu
|
|upkeep
|
|t:|1760303612
|switch|p2a: Iron Treads|Iron Treads|96/100
|-damage|p2a: Iron Treads|80/100|[from] Spikes
|turn|17
|
|t:|1760303617
|move|p2a: Iron Treads|Earthquake|p1a: Spiritomb
|-damage|p1a: Spiritomb|0 fnt
|faint|p1a: Spiritomb
|
|-heal|p2a: Iron Treads|86/100|[from] item: Leftovers
|upkeep
|
|t:|1760303627
|switch|p1a: Tyranitar|Tyranitar, M|54/100
|-damage|p1a: Tyranitar|42/100|[from] Stealth Rock
|turn|18
|
|t:|1760303642
|-end|p2a: Iron Treads|Quark Drive|[silent]
|switch|p2a: Dragonite|Dragonite, F|93/100
|move|p1a: Tyranitar|Flamethrower|p2a: Dragonite
|-resisted|p2a: Dragonite
|-damage|p2a: Dragonite|74/100
|-damage|p1a: Tyranitar|32/100|[from] item: Life Orb
|
|upkeep
|turn|19
|
|t:|1760303651
|move|p1a: Tyranitar|Poltergeist||[still]
|-fail|p1a: Tyranitar
|move|p2a: Dragonite|Earthquake|p1a: Tyranitar
|-damage|p1a: Tyranitar|0 fnt
|replace|p1a: Zoroark|Zoroark-Hisui, M
|-end|p1a: Zoroark|Illusion
|faint|p1a: Zoroark
|
|upkeep
|
|t:|1760303677
|switch|p1a: Vileplume|Vileplume, F|100/100
|-damage|p1a: Vileplume|88/100|[from] Stealth Rock
|turn|20
|
|t:|1760303681
|switch|p2a: Iron Treads|Iron Treads|86/100
|-damage|p2a: Iron Treads|70/100|[from] Spikes
|move|p1a: Vileplume|Leech Seed|p2a: Iron Treads
|-start|p2a: Iron Treads|move: Leech Seed
|
|-heal|p2a: Iron Treads|76/100|[from] item: Leftovers
|-heal|p1a: Vileplume|94/100|[from] item: Black Sludge
|-damage|p2a: Iron Treads|63/100|[from] Leech Seed|[of] p1a: Vileplume
|-heal|p1a: Vileplume|100/100|[silent]
|upkeep
|turn|21
|
|t:|1760303696
|switch|p1a: Heracross|Heracross, M|59/100
|-damage|p1a: Heracross|47/100|[from] Stealth Rock
|move|p2a: Iron Treads|Rapid Spin|p1a: Heracross
|-damage|p1a: Heracross|31/100
|-boost|p2a: Iron Treads|spe|1
|-end|p2a: Iron Treads|Leech Seed|[from] move: Rapid Spin|[of] p2a: Iron Treads
|-sideend|p2: SmallKuza1888|Spikes|[from] move: Rapid Spin|[of] p2a: Iron Treads
|
|-heal|p2a: Iron Treads|70/100|[from] item: Leftovers
|-heal|p1a: Heracross|37/100|[from] item: Leftovers
|upkeep
|turn|22
|
|t:|1760303720
|move|p2a: Iron Treads|Knock Off|p1a: Heracross
|-resisted|p1a: Heracross
|-damage|p1a: Heracross|21/100
|-enditem|p1a: Heracross|Leftovers|[from] move: Knock Off|[of] p2a: Iron Treads
|move|p1a: Heracross|Close Combat|p2a: Iron Treads
|-supereffective|p2a: Iron Treads
|-damage|p2a: Iron Treads|0 fnt
|-unboost|p1a: Heracross|def|1
|-unboost|p1a: Heracross|spd|1
|faint|p2a: Iron Treads
|-end|p2a: Iron Treads|Quark Drive|[silent]
|
|upkeep
|
|t:|1760303726
|switch|p2a: Keldeo|Keldeo|100/100
|turn|23
|
|t:|1760303742
|move|p2a: Keldeo|Surf|p1a: Heracross
|-damage|p1a: Heracross|0 fnt
|faint|p1a: Heracross
|
|upkeep
|
|t:|1760303754
|switch|p1a: Vileplume|Vileplume, F|100/100
|-damage|p1a: Vileplume|88/100|[from] Stealth Rock
|turn|24
|
|t:|1760303759
|move|p2a: Keldeo|Flip Turn|p1a: Vileplume
|-resisted|p1a: Vileplume
|-damage|p1a: Vileplume|80/100
|-status|p2a: Keldeo|par|[from] ability: Effect Spore|[of] p1a: Vileplume
|
|t:|1760303762
|switch|p2a: Hatterene|Hatterene, F|100/100|[from] Flip Turn
|move|p1a: Vileplume|Leech Seed|p2a: Hatterene
|move|p2a: Hatterene|Leech Seed|p1a: Vileplume|[from] ability: Magic Bounce
|-immune|p1a: Vileplume
|
|-heal|p1a: Vileplume|86/100|[from] item: Black Sludge
|upkeep
|turn|25
|
|t:|1760303775
|move|p1a: Vileplume|Sludge Bomb|p2a: Hatterene
|-supereffective|p2a: Hatterene
|-damage|p2a: Hatterene|53/100
|move|p2a: Hatterene|Psyshock|p1a: Vileplume
|-supereffective|p1a: Vileplume
|-crit|p1a: Vileplume
|-damage|p1a: Vileplume|0 fnt
|faint|p1a: Vileplume
|
|upkeep
|
|t:|1760303784
|switch|p1a: Reuniclus|Reuniclus, F|100/100
|turn|26
|
|t:|1760303788
|move|p2a: Hatterene|Nuzzle|p1a: Reuniclus
|-damage|p1a: Reuniclus|97/100
|-status|p1a: Reuniclus|par
|move|p1a: Reuniclus|Calm Mind|p1a: Reuniclus
|-boost|p1a: Reuniclus|spa|1
|-boost|p1a: Reuniclus|spd|1
|
|upkeep
|turn|27
|
|t:|1760303796
|move|p2a: Hatterene|Mystical Fire|p1a: Reuniclus
|-damage|p1a: Reuniclus|80/100 par
|-unboost|p1a: Reuniclus|spa|1
|move|p1a: Reuniclus|Focus Blast|p2a: Hatterene|[miss]
|-miss|p1a: Reuniclus|p2a: Hatterene
|
|upkeep
|turn|28
|
|t:|1760303806
|switch|p1a: Tyranitar|Tyranitar, M|60/100
|-damage|p1a: Tyranitar|48/100|[from] Stealth Rock
|-weather|Sandstorm|[from] ability: Sand Stream|[of] p1a: Tyranitar
|move|p2a: Hatterene|Mystical Fire|p1a: Tyranitar
|-resisted|p1a: Tyranitar
|-damage|p1a: Tyranitar|40/100
|-unboost|p1a: Tyranitar|spa|1
|
|-weather|Sandstorm|[upkeep]
|-damage|p2a: Hatterene|47/100|[from] Sandstorm
|-heal|p1a: Tyranitar|46/100|[from] item: Leftovers
|upkeep
|turn|29
|
|t:|1760303819
|switch|p2a: Keldeo|Keldeo|100/100 par
|move|p1a: Tyranitar|Knock Off|p2a: Keldeo
|-resisted|p2a: Keldeo
|-damage|p2a: Keldeo|69/100 par
|-ability|p2a: Keldeo|Justified|boost
|-boost|p2a: Keldeo|atk|1
|-enditem|p2a: Keldeo|Heavy-Duty Boots|[from] move: Knock Off|[of] p1a: Tyranitar
|
|-weather|Sandstorm|[upkeep]
|-damage|p2a: Keldeo|63/100 par|[from] Sandstorm
|-heal|p1a: Tyranitar|52/100|[from] item: Leftovers
|upkeep
|turn|30
|
|t:|1760303842
|switch|p1a: Reuniclus|Reuniclus, F|80/100 par
|cant|p2a: Keldeo|par
|
|-weather|Sandstorm|[upkeep]
|-damage|p2a: Keldeo|57/100 par|[from] Sandstorm
|upkeep
|turn|31
|
|t:|1760303850
|move|p2a: Keldeo|Flip Turn|p1a: Reuniclus
|-damage|p1a: Reuniclus|64/100 par
|
|t:|1760303852
|switch|p2a: Hatterene|Hatterene, F|47/100|[from] Flip Turn
|move|p1a: Reuniclus|Psychic Noise|p2a: Hatterene
|-resisted|p2a: Hatterene
|-damage|p2a: Hatterene|34/100
|-start|p2a: Hatterene|move: Heal Block
|
|-weather|Sandstorm|[upkeep]
|-damage|p2a: Hatterene|28/100|[from] Sandstorm
|upkeep
|turn|32
|
|t:|1760303868
|move|p2a: Hatterene|Mystical Fire|p1a: Reuniclus
|-damage|p1a: Reuniclus|38/100 par
|-unboost|p1a: Reuniclus|spa|1
|move|p1a: Reuniclus|Recover|p1a: Reuniclus
|-heal|p1a: Reuniclus|88/100 par
|
|-weather|none
|-end|p2a: Hatterene|move: Heal Block
|upkeep
|turn|33
|
|t:|1760303884
|move|p2a: Hatterene|Draining Kiss|p1a: Reuniclus
|-damage|p1a: Reuniclus|62/100 par
|-heal|p2a: Hatterene|53/100|[from] drain|[of] p1a: Reuniclus
|move|p1a: Reuniclus|Psychic Noise|p2a: Hatterene
|-resisted|p2a: Hatterene
|-damage|p2a: Hatterene|44/100
|-start|p2a: Hatterene|move: Heal Block
|
|upkeep
|turn|34
|
|t:|1760303895
|move|p2a: Hatterene|Mystical Fire|p1a: Reuniclus
|-damage|p1a: Reuniclus|38/100 par
|-unboost|p1a: Reuniclus|spa|1
|move|p1a: Reuniclus|Recover|p1a: Reuniclus
|-heal|p1a: Reuniclus|88/100 par
|
|-end|p2a: Hatterene|move: Heal Block
|upkeep
|turn|35
|
|t:|1760303905
|move|p2a: Hatterene|Draining Kiss|p1a: Reuniclus
|-damage|p1a: Reuniclus|63/100 par
|-heal|p2a: Hatterene|68/100|[from] drain|[of] p1a: Reuniclus
|move|p1a: Reuniclus|Calm Mind|p1a: Reuniclus
|-boost|p1a: Reuniclus|spa|1
|-boost|p1a: Reuniclus|spd|1
|
|upkeep
|turn|36
|
|t:|1760303914
|move|p2a: Hatterene|Mystical Fire|p1a: Reuniclus
|-damage|p1a: Reuniclus|46/100 par
|-unboost|p1a: Reuniclus|spa|1
|move|p1a: Reuniclus|Psychic Noise|p2a: Hatterene
|-resisted|p2a: Hatterene
|-damage|p2a: Hatterene|61/100
|-start|p2a: Hatterene|move: Heal Block
|
|upkeep
|turn|37
|
|t:|1760303924
|switch|p2a: Weavile|Weavile, M|100/100
|-ability|p2a: Weavile|Pressure
|move|p1a: Reuniclus|Recover|p1a: Reuniclus
|-heal|p1a: Reuniclus|96/100 par
|
|upkeep
|turn|38
|
|t:|1760303933
|-terastallize|p1a: Reuniclus|Dark
|move|p2a: Weavile|Knock Off|p1a: Reuniclus
|-resisted|p1a: Reuniclus
|-damage|p1a: Reuniclus|71/100 par
|-enditem|p1a: Reuniclus|Life Orb|[from] move: Knock Off|[of] p2a: Weavile
|move|p1a: Reuniclus|Focus Blast|p2a: Weavile
|-supereffective|p2a: Weavile
|-damage|p2a: Weavile|2/100
|
|upkeep
|turn|39
|
|t:|1760303952
|switch|p2a: Hatterene|Hatterene, F|61/100
|switch|p1a: Tyranitar|Tyranitar, M|52/100
|-damage|p1a: Tyranitar|40/100|[from] Stealth Rock
|-weather|Sandstorm|[from] ability: Sand Stream|[of] p1a: Tyranitar
|
|-weather|Sandstorm|[upkeep]
|-damage|p2a: Hatterene|55/100|[from] Sandstorm
|-heal|p1a: Tyranitar|46/100|[from] item: Leftovers
|upkeep
|turn|40
|
|t:|1760303965
|move|p1a: Tyranitar|Stone Edge|p2a: Hatterene
|-crit|p2a: Hatterene
|-damage|p2a: Hatterene|0 fnt
|faint|p2a: Hatterene
|
|-weather|Sandstorm|[upkeep]
|-heal|p1a: Tyranitar|52/100|[from] item: Leftovers
|upkeep
|
|t:|1760303980
|switch|p2a: Keldeo|Keldeo|57/100 par
|turn|41
|
|t:|1760304002
|move|p2a: Keldeo|Vacuum Wave|p1a: Tyranitar
|-supereffective|p1a: Tyranitar
|-crit|p1a: Tyranitar
|-damage|p1a: Tyranitar|0 fnt
|faint|p1a: Tyranitar
|
|-weather|Sandstorm|[upkeep]
|-damage|p2a: Keldeo|50/100 par|[from] Sandstorm
|upkeep
|
|t:|1760304009
|switch|p1a: Reuniclus|Reuniclus, F, tera:Dark|71/100 par
|turn|42
|
|t:|1760304012
|move|p2a: Keldeo|Aura Sphere|p1a: Reuniclus
|-supereffective|p1a: Reuniclus
|-damage|p1a: Reuniclus|0 fnt
|faint|p1a: Reuniclus
|
|win|SmallKuza1888
|raw|BobbyAxe1's rating: 1455 &rarr; <strong>1442</strong><br />(-13 for losing)
|raw|SmallKuza1888's rating: 1576 &rarr; <strong>1589</strong><br />(+13 for winning)
|l|☆BobbyAxe1
|player|p1|
|l|☆SmallKuza1888
|player|p2|
