|j|☆AlecD72
|j|☆chilloud1
|t:|1760436191
|gametype|singles
|player|p1|AlecD72|boarder|1152
|player|p2|chilloud1|dawn|1128
|gen|9
|tier|[Gen 9] OU
|rated|
|rule|HP Percentage Mod: HP is shown in percentages
|rule|Endless Battle Clause: Forcing endless battles is banned
|rule|Species Clause: Limit one of each Pokémon
|rule|OHKO Clause: OHKO moves are banned
|rule|Evasion Items Clause: Evasion items are banned
|rule|Evasion Moves Clause: Evasion moves are banned
|rule|Evasion Abilities Clause: Evasion abilities are banned
|rule|Sleep Moves Clause: Sleep-inducing moves are banned
|clearpoke
|poke|p1|Hoopa-Unbound|
|poke|p1|Landorus-Therian, M|
|poke|p1|Darkrai|
|poke|p1|Flapple, M|
|poke|p1|Forretress, M|
|poke|p1|Diancie|
|poke|p2|Brute Bonnet|
|poke|p2|Ninetales, F|
|poke|p2|Kleavor, F|
|poke|p2|Vileplume, F|
|poke|p2|Walking Wake|
|poke|p2|Great Tusk|
|teampreview
|inactive|Battle timer is ON: inactive players will automatically lose when time's up. (requested by AlecD72)
|
|t:|1760436202
|teamsize|p1|6
|teamsize|p2|6
|start
|switch|p1a: Landorus|Landorus-Therian, M|100/100
|switch|p2a: Great Tusk|Great Tusk|100/100
|-ability|p1a: Landorus|Intimidate|boost
|-unboost|p2a: Great Tusk|atk|1
|turn|1
|
|t:|1760436212
|-end|p2a: Great Tusk|Protosynthesis|[silent]
|switch|p2a: Ninetales|Ninetales, F|100/100
|-weather|SunnyDay|[from] ability: Drought|[of] p2a: Ninetales
|move|p1a: Landorus|Fling|p2a: Ninetales
|-damage|p2a: Ninetales|80/100
|-enditem|p1a: Landorus|Life Orb|[from] move: Fling
|
|-weather|SunnyDay|[upkeep]
|-heal|p2a: Ninetales|86/100|[from] item: Leftovers
|upkeep
|turn|2
|
|t:|1760436220
|move|p2a: Ninetales|Will-O-Wisp|p1a: Landorus
|-status|p1a: Landorus|brn
|move|p1a: Landorus|Gravity|p1a: Landorus
|-fieldstart|move: Gravity
|
|-weather|SunnyDay|[upkeep]
|-heal|p2a: Ninetales|92/100|[from] item: Leftovers
|-damage|p1a: Landorus|94/100 brn|[from] brn
|upkeep
|turn|3
|
|t:|1760436232
|switch|p2a: Brute Bonnet|Brute Bonnet|100/100
|-activate|p2a: Brute Bonnet|ability: Protosynthesis
|-start|p2a: Brute Bonnet|protosynthesisatk
|move|p1a: Landorus|Earthquake|p2a: Brute Bonnet
|-resisted|p2a: Brute Bonnet
|-damage|p2a: Brute Bonnet|90/100
|
|-weather|SunnyDay|[upkeep]
|-damage|p1a: Landorus|88/100 brn|[from] brn
|upkeep
|turn|4
|
|t:|1760436239
|move|p1a: Landorus|U-turn|p2a: Brute Bonnet
|-supereffective|p2a: Brute Bonnet
|-damage|p2a: Brute Bonnet|50/100
|
|t:|1760436244
|switch|p1a: Hoopa|Hoopa-Unbound|100/100|[from] U-turn
|move|p2a: Brute Bonnet|Trailblaze|p1a: Hoopa
|-damage|p1a: Hoopa|57/100
|-boost|p2a: Brute Bonnet|spe|1
|
|-weather|SunnyDay|[upkeep]
|upkeep
|turn|5
|inactive|AlecD72 has 120 seconds left.
|
|t:|1760436278
|move|p2a: Brute Bonnet|Crunch|p1a: Hoopa
|-damage|p1a: Hoopa|0 fnt
|faint|p1a: Hoopa
|
|-weather|none
|-end|p2a: Brute Bonnet|Protosynthesis
|upkeep
|-enditem|p2a: Brute Bonnet|Booster Energy
|-activate|p2a: Brute Bonnet|ability: Protosynthesis|[fromitem]
|-start|p2a: Brute Bonnet|protosynthesisspe
|
|t:|1760436283
|switch|p1a: Darkrai|Darkrai|100/100
|turn|6
|
|t:|1760436290
|move|p2a: Brute Bonnet|Stun Spore|p1a: Darkrai
|-status|p1a: Darkrai|par
|cant|p1a: Darkrai|par
|
|-fieldend|move: Gravity
|upkeep
|turn|7
|-message|AlecD72 forfeited.
|
|win|chilloud1
|raw|AlecD72's rating: 1152 &rarr; <strong>1125</strong><br />(-27 for losing)
|raw|chilloud1's rating: 1128 &rarr; <strong>1155</strong><br />(+27 for winning)
|l|☆AlecD72
|player|p1|
|l|☆chilloud1
|player|p2|
