|badge|p2|bronze|gen9ou|100-7
|uhtml|medal-msg|<div class="broadcast-blue">Curious what those medals under the avatar are? PS now has Ladder Seasons! For more information, check out the <a href="https://www.smogon.com/forums/threads/3740067/">thread on Smogon.</a></div>
|j|☆K3c8ge4
|j|☆Swiscool
|t:|1760367316
|gametype|singles
|player|p1|K3c8ge4|elesa|1861
|player|p2|Swiscool|2|1925
|gen|9
|tier|[Gen 9] OU
|rated|
|rule|HP Percentage Mod: HP is shown in percentages
|rule|Endless Battle Clause: Forcing endless battles is banned
|rule|Species Clause: Limit one of each Pokémon
|rule|OHKO Clause: OHKO moves are banned
|rule|Evasion Items Clause: Evasion items are banned
|rule|Evasion Moves Clause: Evasion moves are banned
|rule|Evasion Abilities Clause: Evasion abilities are banned
|rule|Sleep Moves Clause: Sleep-inducing moves are banned
|clearpoke
|poke|p1|Scizor, F|
|poke|p1|Raging Bolt|
|poke|p1|Primarina, F|
|poke|p1|Ogerpon-Cornerstone, F|
|poke|p1|Great Tusk|
|poke|p1|Zamazenta-*|
|poke|p2|Samurott-Hisui, F|
|poke|p2|Darkrai|
|poke|p2|Kingambit, F|
|poke|p2|Landorus-Therian, M|
|poke|p2|Pecharunt|
|poke|p2|Enamorus, F|
|teampreview
|inactive|Battle timer is ON: inactive players will automatically lose when time's up. (requested by K3c8ge4)
|
|t:|1760367338
|teamsize|p1|6
|teamsize|p2|6
|start
|switch|p1a: Primarina|Primarina, F|100/100
|switch|p2a: Landorus|Landorus-Therian, M|100/100
|-ability|p2a: Landorus|Intimidate|boost
|-unboost|p1a: Primarina|atk|1
|turn|1
|
|t:|1760367344
|move|p2a: Landorus|U-turn|p1a: Primarina
|-resisted|p1a: Primarina
|-damage|p1a: Primarina|88/100
|
|t:|1760367346
|switch|p2a: Pecharunt|Pecharunt|100/100|[from] U-turn
|move|p1a: Primarina|Surf|p2a: Pecharunt
|-damage|p2a: Pecharunt|48/100
|
|upkeep
|turn|2
|
|t:|1760367351
|switch|p1a: Scizor|Scizor, F|100/100
|move|p2a: Pecharunt|Parting Shot|p1a: Scizor
|-unboost|p1a: Scizor|atk|1
|-unboost|p1a: Scizor|spa|1
|
|t:|1760367353
|switch|p2a: Landorus|Landorus-Therian, M|100/100|[from] Parting Shot
|-ability|p2a: Landorus|Intimidate|boost
|-unboost|p1a: Scizor|atk|1
|
|upkeep
|turn|3
|
|t:|1760367359
|move|p2a: Landorus|Stealth Rock|p1a: Scizor
|-sidestart|p1: K3c8ge4|move: Stealth Rock
|move|p1a: Scizor|Knock Off|p2a: Landorus
|-damage|p2a: Landorus|83/100
|-damage|p1a: Scizor|84/100|[from] item: Rocky Helmet|[of] p2a: Landorus
|-enditem|p2a: Landorus|Rocky Helmet|[from] move: Knock Off|[of] p1a: Scizor
|
|upkeep
|turn|4
|
|t:|1760367365
|switch|p1a: Great Tusk|Great Tusk|100/100
|move|p2a: Landorus|Earthquake|p1a: Great Tusk
|-damage|p1a: Great Tusk|73/100
|
|upkeep
|turn|5
|
|t:|1760367372
|switch|p2a: Pecharunt|Pecharunt|48/100
|move|p1a: Great Tusk|Headlong Rush|p2a: Pecharunt
|-supereffective|p2a: Pecharunt
|-damage|p2a: Pecharunt|0 fnt
|-unboost|p1a: Great Tusk|def|1
|-unboost|p1a: Great Tusk|spd|1
|faint|p2a: Pecharunt
|
|upkeep
|
|t:|1760367380
|switch|p2a: Enamorus|Enamorus, F|100/100
|turn|6
|
|t:|1760367386
|-end|p1a: Great Tusk|Protosynthesis|[silent]
|switch|p1a: Primarina|Primarina, F|88/100
|-damage|p1a: Primarina|75/100|[from] Stealth Rock
|move|p2a: Enamorus|Moonblast|p1a: Primarina
|-damage|p1a: Primarina|35/100
|
|upkeep
|turn|7
|inactive|K3c8ge4 has 120 seconds left.
|
|t:|1760367435
|-terastallize|p1a: Primarina|Steel
|move|p2a: Enamorus|Moonblast|p1a: Primarina
|-resisted|p1a: Primarina
|-damage|p1a: Primarina|14/100
|move|p1a: Primarina|Draining Kiss|p2a: Enamorus
|-damage|p2a: Enamorus|61/100
|-heal|p1a: Primarina|38/100|[from] drain|[of] p2a: Enamorus
|
|upkeep
|turn|8
|
|t:|1760367449
|switch|p2a: Landorus|Landorus-Therian, M|83/100
|-ability|p2a: Landorus|Intimidate|boost
|-unboost|p1a: Primarina|atk|1
|move|p1a: Primarina|Draining Kiss|p2a: Landorus
|-damage|p2a: Landorus|51/100
|-heal|p1a: Primarina|63/100|[from] drain|[of] p2a: Landorus
|
|upkeep
|turn|9
|
|t:|1760367457
|switch|p1a: Great Tusk|Great Tusk|73/100
|move|p2a: Landorus|Earthquake|p1a: Great Tusk
|-damage|p1a: Great Tusk|45/100
|
|upkeep
|turn|10
|
|t:|1760367464
|move|p1a: Great Tusk|Rapid Spin|p2a: Landorus
|-damage|p2a: Landorus|40/100
|-boost|p1a: Great Tusk|spe|1
|-sideend|p1: K3c8ge4|Stealth Rock|[from] move: Rapid Spin|[of] p1a: Great Tusk
|move|p2a: Landorus|Earthquake|p1a: Great Tusk
|-damage|p1a: Great Tusk|18/100
|
|upkeep
|turn|11
|inactive|K3c8ge4 has 120 seconds left.
|
|t:|1760367475
|switch|p2a: Darkrai|Darkrai|100/100
|move|p1a: Great Tusk|Stealth Rock|p2a: Darkrai
|-sidestart|p2: Swiscool|move: Stealth Rock
|
|upkeep
|turn|12
|inactive|K3c8ge4 has 120 seconds left.
|
|t:|1760367489
|-end|p1a: Great Tusk|Protosynthesis|[silent]
|switch|p1a: Raging Bolt|Raging Bolt|100/100
|move|p2a: Darkrai|Dark Pulse|p1a: Raging Bolt
|-damage|p1a: Raging Bolt|63/100
|
|upkeep
|turn|13
|
|t:|1760367492
|move|p2a: Darkrai|Dark Pulse|p1a: Raging Bolt
|-damage|p1a: Raging Bolt|22/100
|move|p1a: Raging Bolt|Draco Meteor|p2a: Darkrai
|-crit|p2a: Darkrai
|-damage|p2a: Darkrai|0 fnt
|-unboost|p1a: Raging Bolt|spa|2
|faint|p2a: Darkrai
|
|upkeep
|
|t:|1760367500
|switch|p2a: Samurott|Samurott-Hisui, F|100/100
|-damage|p2a: Samurott|88/100|[from] Stealth Rock
|turn|14
|
|t:|1760367503
|move|p2a: Samurott|Ceaseless Edge|p1a: Raging Bolt
|-damage|p1a: Raging Bolt|0 fnt
|-sidestart|p1: K3c8ge4|Spikes
|faint|p1a: Raging Bolt
|-end|p1a: Raging Bolt|Protosynthesis|[silent]
|
|upkeep
|
|t:|1760367506
|switch|p1a: Ogerpon|Ogerpon-Cornerstone, F|100/100
|-damage|p1a: Ogerpon|88/100|[from] Spikes
|turn|15
|
|t:|1760367517
|switch|p2a: Landorus|Landorus-Therian, M|40/100
|-damage|p2a: Landorus|28/100|[from] Stealth Rock
|-ability|p2a: Landorus|Intimidate|boost
|-unboost|p1a: Ogerpon|atk|1
|move|p1a: Ogerpon|Power Whip|p2a: Landorus
|-damage|p2a: Landorus|0 fnt
|faint|p2a: Landorus
|
|upkeep
|
|t:|1760367520
|switch|p2a: Kingambit|Kingambit, F|100/100
|-damage|p2a: Kingambit|94/100|[from] Stealth Rock
|-activate|p2a: Kingambit|ability: Supreme Overlord
|-start|p2a: Kingambit|fallen3|[silent]
|-item|p2a: Kingambit|Air Balloon
|turn|16
|
|t:|1760367533
|-terastallize|p2a: Kingambit|Ghost
|move|p1a: Ogerpon|U-turn|p2a: Kingambit
|-resisted|p2a: Kingambit
|-damage|p2a: Kingambit|87/100
|-enditem|p2a: Kingambit|Air Balloon
|
|t:|1760367552
|switch|p1a: Great Tusk|Great Tusk|18/100|[from] U-turn
|move|p2a: Kingambit|Iron Head|p1a: Great Tusk
|-damage|p1a: Great Tusk|0 fnt
|faint|p1a: Great Tusk
|-end|p1a: Great Tusk|Protosynthesis|[silent]
|
|upkeep
|
|t:|1760367555
|switch|p1a: Zamazenta|Zamazenta|100/100
|-damage|p1a: Zamazenta|88/100|[from] Spikes
|-ability|p1a: Zamazenta|Dauntless Shield|boost
|-boost|p1a: Zamazenta|def|1
|turn|17
|
|t:|1760367564
|move|p1a: Zamazenta|Iron Defense|p1a: Zamazenta
|-boost|p1a: Zamazenta|def|2
|move|p2a: Kingambit|Swords Dance|p2a: Kingambit
|-boost|p2a: Kingambit|atk|2
|
|-heal|p1a: Zamazenta|94/100|[from] item: Leftovers
|upkeep
|turn|18
|
|t:|1760367567
|move|p2a: Kingambit|Iron Head|p1a: Zamazenta
|-damage|p1a: Zamazenta|61/100
|cant|p1a: Zamazenta|flinch
|
|-heal|p1a: Zamazenta|67/100|[from] item: Leftovers
|upkeep
|turn|19
|
|t:|1760367571
|move|p2a: Kingambit|Iron Head|p1a: Zamazenta
|-damage|p1a: Zamazenta|34/100
|move|p1a: Zamazenta|Roar|p2a: Kingambit
|-end|p2a: Kingambit|fallen3|[silent]
|drag|p2a: Enamorus|Enamorus, F|61/100
|-damage|p2a: Enamorus|36/100|[from] Stealth Rock
|
|-heal|p1a: Zamazenta|40/100|[from] item: Leftovers
|upkeep
|turn|20
|
|t:|1760367584
|switch|p1a: Scizor|Scizor, F|84/100
|-damage|p1a: Scizor|72/100|[from] Spikes
|move|p2a: Enamorus|Earth Power|p1a: Scizor
|-damage|p1a: Scizor|11/100
|
|upkeep
|turn|21
|j| deadbyflinch
|
|t:|1760367593
|move|p1a: Scizor|Bullet Punch|p2a: Enamorus
|-supereffective|p2a: Enamorus
|-damage|p2a: Enamorus|0 fnt
|faint|p2a: Enamorus
|
|upkeep
|
|t:|1760367594
|switch|p2a: Samurott|Samurott-Hisui, F|88/100
|-damage|p2a: Samurott|76/100|[from] Stealth Rock
|turn|22
|
|t:|1760367604
|move|p1a: Scizor|Bullet Punch|p2a: Samurott
|-resisted|p2a: Samurott
|-damage|p2a: Samurott|44/100
|move|p2a: Samurott|Ceaseless Edge|p1a: Scizor
|-damage|p1a: Scizor|0 fnt
|-sidestart|p1: K3c8ge4|Spikes
|faint|p1a: Scizor
|
|upkeep
|
|t:|1760367610
|switch|p1a: Ogerpon|Ogerpon-Cornerstone, F|88/100
|-damage|p1a: Ogerpon|72/100|[from] Spikes
|turn|23
|
|t:|1760367612
|move|p2a: Samurott|Sucker Punch|p1a: Ogerpon
|-crit|p1a: Ogerpon
|-damage|p1a: Ogerpon|0 fnt
|faint|p1a: Ogerpon
|
|upkeep
|
|t:|1760367626
|switch|p1a: Primarina|Primarina, F, tera:Steel|63/100
|-damage|p1a: Primarina|46/100|[from] Spikes
|turn|24
|
|t:|1760367630
|move|p2a: Samurott|Knock Off|p1a: Primarina
|-damage|p1a: Primarina|0 fnt
|-enditem|p1a: Primarina|Assault Vest|[from] move: Knock Off|[of] p2a: Samurott
|faint|p1a: Primarina
|
|upkeep
|
|t:|1760367633
|switch|p1a: Zamazenta|Zamazenta|40/100
|-damage|p1a: Zamazenta|23/100|[from] Spikes
|turn|25
|
|t:|1760367636
|move|p1a: Zamazenta|Iron Defense|p1a: Zamazenta
|-boost|p1a: Zamazenta|def|2
|move|p2a: Samurott|Razor Shell|p1a: Zamazenta
|-damage|p1a: Zamazenta|5/100
|-unboost|p1a: Zamazenta|def|1
|
|-heal|p1a: Zamazenta|12/100|[from] item: Leftovers
|upkeep
|turn|26
|
|t:|1760367653
|move|p1a: Zamazenta|Body Press|p2a: Samurott
|-supereffective|p2a: Samurott
|-damage|p2a: Samurott|0 fnt
|faint|p2a: Samurott
|
|-heal|p1a: Zamazenta|18/100|[from] item: Leftovers
|upkeep
|
|t:|1760367655
|switch|p2a: Kingambit|Kingambit, F, tera:Ghost|87/100
|-damage|p2a: Kingambit|74/100|[from] Stealth Rock
|-activate|p2a: Kingambit|ability: Supreme Overlord
|-start|p2a: Kingambit|fallen5|[silent]
|turn|27
|
|t:|1760367669
|move|p1a: Zamazenta|Iron Defense|p1a: Zamazenta
|-boost|p1a: Zamazenta|def|2
|move|p2a: Kingambit|Iron Head|p1a: Zamazenta
|-damage|p1a: Zamazenta|0 fnt
|faint|p1a: Zamazenta
|
|win|Swiscool
|raw|K3c8ge4's rating: 1861 &rarr; <strong>1845</strong><br />(-16 for losing)
|raw|Swiscool's rating: 1925 &rarr; <strong>1941</strong><br />(+16 for winning)
|l|☆K3c8ge4
|player|p1|
|l|☆Swiscool
|player|p2|
|l| deadbyflinch
