|j|☆neeben
|j|☆HawluchaLuchadores
|t:|1760306841
|gametype|singles
|player|p1|neeben|steven|
|player|p2|HawluchaLuchadores|bruno|
|gen|9
|tier|[Gen 9] OU
|rule|HP Percentage Mod: HP is shown in percentages
|rule|Endless Battle Clause: Forcing endless battles is banned
|rule|Species Clause: Limit one of each Pokémon
|rule|OHKO Clause: OHKO moves are banned
|rule|Evasion Items Clause: Evasion items are banned
|rule|Evasion Moves Clause: Evasion moves are banned
|rule|Evasion Abilities Clause: Evasion abilities are banned
|rule|Sleep Moves Clause: Sleep-inducing moves are banned
|clearpoke
|poke|p1|Weavile, F|
|poke|p1|Iron Moth|
|poke|p1|Hydrapple, M|
|poke|p1|Mudsdale, F|
|poke|p1|Ditto|
|poke|p1|Sableye, M|
|poke|p2|Slither Wing|
|poke|p2|Cresselia, F|
|poke|p2|Dragapult, M|
|poke|p2|Enamorus, F|
|poke|p2|Rhyperior, M|
|poke|p2|Manaphy|
|teampreview
|
|t:|1760306866
|teamsize|p1|6
|teamsize|p2|6
|start
|switch|p1a: Queen|Weavile, F|100/100
|switch|p2a: Rhyperior|Rhyperior, M|100/100
|-ability|p1a: Queen|Pressure
|turn|1
|
|t:|1760306886
|move|p1a: Queen|Triple Axel|p2a: Rhyperior
|-supereffective|p2a: Rhyperior
|-damage|p2a: Rhyperior|87/100
|-supereffective|p2a: Rhyperior
|-damage|p2a: Rhyperior|59/100
|-supereffective|p2a: Rhyperior
|-damage|p2a: Rhyperior|18/100
|-hitcount|p2a: Rhyperior|3
|move|p2a: Rhyperior|Fire Fang|p1a: Queen
|-supereffective|p1a: Queen
|-damage|p1a: Queen|3/100
|-status|p1a: Queen|brn
|
|-damage|p1a: Queen|0 fnt|[from] brn
|faint|p1a: Queen
|upkeep
|
|t:|1760306922
|switch|p1a: E-Soul|Iron Moth|100/100
|-enditem|p1a: E-Soul|Booster Energy
|-activate|p1a: E-Soul|ability: Quark Drive|[fromitem]
|-start|p1a: E-Soul|quarkdrivespe
|turn|2
|
|t:|1760306933
|switch|p2a: Cresselia|Cresselia, F|100/100
|move|p1a: E-Soul|Energy Ball|p2a: Cresselia
|-damage|p2a: Cresselia|80/100
|
|-heal|p2a: Cresselia|86/100|[from] item: Leftovers
|upkeep
|turn|3
|
|t:|1760306949
|-end|p1a: E-Soul|Quark Drive|[silent]
|switch|p1a: Lin Ling|Sableye, M|100/100
|move|p2a: Cresselia|Psyshock|p1a: Lin Ling
|-immune|p1a: Lin Ling
|
|-heal|p2a: Cresselia|92/100|[from] item: Leftovers
|upkeep
|turn|4
|
|t:|1760306960
|move|p2a: Cresselia|Shadow Ball|p1a: Lin Ling
|-damage|p1a: Lin Ling|74/100
|move|p1a: Lin Ling|Knock Off|p2a: Cresselia
|-supereffective|p2a: Cresselia
|-damage|p2a: Cresselia|57/100
|-enditem|p2a: Cresselia|Leftovers|[from] move: Knock Off|[of] p1a: Lin Ling
|
|-heal|p1a: Lin Ling|80/100|[from] item: Leftovers
|upkeep
|turn|5
|
|t:|1760306972
|move|p1a: Lin Ling|Thunder Wave|p2a: Cresselia
|-status|p2a: Cresselia|par
|move|p2a: Cresselia|Moonblast|p1a: Lin Ling
|-supereffective|p1a: Lin Ling
|-damage|p1a: Lin Ling|21/100
|
|-heal|p1a: Lin Ling|27/100|[from] item: Leftovers
|upkeep
|turn|6
|
|t:|1760307028
|switch|p1a: Nice|Mudsdale, F|100/100
|cant|p2a: Cresselia|par
|
|upkeep
|turn|7
|
|t:|1760307043
|move|p1a: Nice|Stone Edge|p2a: Cresselia|[miss]
|-miss|p1a: Nice|p2a: Cresselia
|move|p2a: Cresselia|Trick Room|p2a: Cresselia
|-fieldstart|move: Trick Room|[of] p2a: Cresselia
|
|upkeep
|turn|8
|
|t:|1760307081
|move|p2a: Cresselia|Psyshock|p1a: Nice
|-damage|p1a: Nice|83/100
|-ability|p1a: Nice|Stamina|boost
|-boost|p1a: Nice|def|1
|move|p1a: Nice|Stone Edge|p2a: Cresselia
|-damage|p2a: Cresselia|38/100 par
|
|upkeep
|turn|9
|
|t:|1760307102
|switch|p2a: Rhyperior|Rhyperior, M|18/100
|move|p1a: Nice|Heavy Slam|p2a: Rhyperior
|-supereffective|p2a: Rhyperior
|-damage|p2a: Rhyperior|0 fnt
|faint|p2a: Rhyperior
|
|upkeep
|
|t:|1760307115
|switch|p2a: Cresselia|Cresselia, F|38/100 par
|turn|10
|
|t:|1760307121
|move|p2a: Cresselia|Shadow Ball|p1a: Nice
|-damage|p1a: Nice|70/100
|-ability|p1a: Nice|Stamina|boost
|-boost|p1a: Nice|def|1
|move|p1a: Nice|Heavy Slam|p2a: Cresselia
|-damage|p2a: Cresselia|13/100 par
|
|upkeep
|turn|11
|
|t:|1760307145
|switch|p2a: Manaphy|Manaphy|100/100
|move|p1a: Nice|Heavy Slam|p2a: Manaphy
|-resisted|p2a: Manaphy
|-damage|p2a: Manaphy|84/100
|
|-fieldend|move: Trick Room
|upkeep
|turn|12
|
|t:|1760307188
|-terastallize|p1a: Nice|Grass
|move|p2a: Manaphy|Surf|p1a: Nice
|-resisted|p1a: Nice
|-damage|p1a: Nice|53/100
|-ability|p1a: Nice|Stamina|boost
|-boost|p1a: Nice|def|1
|-damage|p2a: Manaphy|74/100|[from] item: Life Orb
|move|p1a: Nice|Earthquake|p2a: Manaphy
|-damage|p2a: Manaphy|32/100
|
|upkeep
|turn|13
|
|t:|1760307211
|move|p2a: Manaphy|Ice Beam|p1a: Nice
|-supereffective|p1a: Nice
|-damage|p1a: Nice|9/100
|-ability|p1a: Nice|Stamina|boost
|-boost|p1a: Nice|def|1
|-damage|p2a: Manaphy|22/100|[from] item: Life Orb
|move|p1a: Nice|Earthquake|p2a: Manaphy
|-damage|p2a: Manaphy|0 fnt
|faint|p2a: Manaphy
|
|upkeep
|
|t:|1760307220
|switch|p2a: Slither Wing|Slither Wing|100/100
|-enditem|p2a: Slither Wing|Booster Energy
|-activate|p2a: Slither Wing|ability: Protosynthesis|[fromitem]
|-start|p2a: Slither Wing|protosynthesisatk
|turn|14
|
|t:|1760307226
|move|p2a: Slither Wing|First Impression|p1a: Nice
|-supereffective|p1a: Nice
|-damage|p1a: Nice|0 fnt
|faint|p1a: Nice
|
|upkeep
|
|t:|1760307233
|switch|p1a: Lin Ling|Sableye, M|27/100
|turn|15
|
|t:|1760307240
|move|p1a: Lin Ling|Will-O-Wisp|p2a: Slither Wing
|-status|p2a: Slither Wing|brn
|move|p2a: Slither Wing|U-turn|p1a: Lin Ling
|-damage|p1a: Lin Ling|0 fnt
|faint|p1a: Lin Ling
|
|t:|1760307262
|-end|p2a: Slither Wing|Protosynthesis|[silent]
|switch|p2a: Dragapult|Dragapult, M|100/100|[from] U-turn
|
|upkeep
|
|t:|1760307274
|switch|p1a: X|Ditto, shiny|100/100
|-transform|p1a: X|p2a: Dragapult|[from] ability: Imposter
|turn|16
|
|t:|1760307284
|move|p1a: X|Dragon Darts|p2a: Dragapult
|-supereffective|p2a: Dragapult
|-damage|p2a: Dragapult|32/100
|-anim|p1a: X|Dragon Darts|p2a: Dragapult
|-supereffective|p2a: Dragapult
|-damage|p2a: Dragapult|0 fnt
|faint|p2a: Dragapult
|
|upkeep
|
|t:|1760307292
|switch|p2a: Enamorus|Enamorus, F|100/100
|turn|17
|
|t:|1760307322
|switch|p1a: Dragon Boy|Hydrapple, M, shiny|100/100
|move|p2a: Enamorus|Moonblast|p1a: Dragon Boy
|-supereffective|p1a: Dragon Boy
|-damage|p1a: Dragon Boy|0 fnt
|faint|p1a: Dragon Boy
|
|upkeep
|
|t:|1760307327
|switch|p1a: E-Soul|Iron Moth|100/100
|turn|18
|
|t:|1760307371
|switch|p2a: Slither Wing|Slither Wing|100/100 brn
|move|p1a: E-Soul|Sludge Wave|p2a: Slither Wing
|-damage|p2a: Slither Wing|48/100 brn
|
|-damage|p2a: Slither Wing|42/100 brn|[from] brn
|upkeep
|turn|19
|
|t:|1760307426
|move|p1a: E-Soul|Fiery Dance|p2a: Slither Wing
|-supereffective|p2a: Slither Wing
|-damage|p2a: Slither Wing|0 fnt
|faint|p2a: Slither Wing
|-end|p2a: Slither Wing|Protosynthesis|[silent]
|
|upkeep
|
|t:|1760307440
|switch|p2a: Cresselia|Cresselia, F|13/100 par
|turn|20
|
|t:|1760307444
|move|p1a: E-Soul|Fiery Dance|p2a: Cresselia
|-damage|p2a: Cresselia|0 fnt
|-boost|p1a: E-Soul|spa|1
|faint|p2a: Cresselia
|
|upkeep
|
|t:|1760307447
|switch|p2a: Enamorus|Enamorus, F|100/100
|turn|21
|
|t:|1760307451
|-terastallize|p2a: Enamorus|Stellar
|move|p1a: E-Soul|Sludge Wave|p2a: Enamorus
|-supereffective|p2a: Enamorus
|-damage|p2a: Enamorus|0 fnt
|faint|p2a: Enamorus
|
|win|neeben
|l|☆HawluchaLuchadores
|player|p2|
