|j|☆KONGLIANG
|j|☆WeRrsome
|t:|1760362677
|gametype|singles
|player|p1|KONGLIANG|steven|1493
|player|p2|WeRrsome|265|1500
|gen|9
|tier|[Gen 9] OU
|rated|
|rule|HP Percentage Mod: HP is shown in percentages
|rule|Endless Battle Clause: Forcing endless battles is banned
|rule|Species Clause: Limit one of each Pokémon
|rule|OHKO Clause: OHKO moves are banned
|rule|Evasion Items Clause: Evasion items are banned
|rule|Evasion Moves Clause: Evasion moves are banned
|rule|Evasion Abilities Clause: Evasion abilities are banned
|rule|Sleep Moves Clause: Sleep-inducing moves are banned
|clearpoke
|poke|p1|Iron Moth|
|poke|p1|Kingambit, M|
|poke|p1|Ogerpon-Wellspring, F|
|poke|p1|Glimmora, F|
|poke|p1|Ursaluna, M|
|poke|p1|Dragapult, M|
|poke|p2|Araquanid, M|
|poke|p2|Dragonite, F|
|poke|p2|Magnezone|
|poke|p2|Landorus-Therian, M|
|poke|p2|Iron Treads|
|poke|p2|Gengar, M|
|teampreview
|inactive|Battle timer is ON: inactive players will automatically lose when time's up. (requested by WeRrsome)
|
|t:|1760362690
|teamsize|p1|6
|teamsize|p2|6
|start
|switch|p1a: Glimmora|Glimmora, F|100/100
|switch|p2a: Landorus|Landorus-Therian, M|100/100
|-ability|p2a: Landorus|Intimidate|boost
|-unboost|p1a: Glimmora|atk|1
|turn|1
|
|t:|1760362703
|switch|p1a: Dragapult|Dragapult, M|100/100
|move|p2a: Landorus|U-turn|p1a: Dragapult
|-resisted|p1a: Dragapult
|-damage|p1a: Dragapult|87/100
|-start|p2a: Landorus|Disable|U-turn|[from] ability: Cursed Body|[of] p1a: Dragapult
|
|t:|1760362707
|switch|p2a: Iron Treads|Iron Treads|100/100|[from] U-turn
|
|upkeep
|turn|2
|
|t:|1760362710
|move|p1a: Dragapult|Will-O-Wisp|p2a: Iron Treads
|-status|p2a: Iron Treads|brn
|move|p2a: Iron Treads|Knock Off|p1a: Dragapult
|-supereffective|p1a: Dragapult
|-damage|p1a: Dragapult|59/100
|-start|p2a: Iron Treads|Disable|Knock Off|[from] ability: Cursed Body|[of] p1a: Dragapult
|-enditem|p1a: Dragapult|Light Clay|[from] move: Knock Off|[of] p2a: Iron Treads
|
|-damage|p2a: Iron Treads|94/100 brn|[from] brn
|upkeep
|turn|3
|
|t:|1760362737
|-end|p2a: Iron Treads|Quark Drive|[silent]
|switch|p2a: Araquanid|Araquanid, M|100/100
|move|p1a: Dragapult|Reflect|p1a: Dragapult
|-sidestart|p1: KONGLIANG|Reflect
|
|upkeep
|turn|4
|
|t:|1760362750
|move|p1a: Dragapult|Light Screen|p1a: Dragapult
|-sidestart|p1: KONGLIANG|move: Light Screen
|move|p2a: Araquanid|Sticky Web|p1a: Dragapult
|-sidestart|p1: KONGLIANG|move: Sticky Web
|
|upkeep
|turn|5
|
|t:|1760362765
|switch|p1a: Glimmora|Glimmora, F|100/100
|-activate|p1a: Glimmora|move: Sticky Web
|-unboost|p1a: Glimmora|spe|1
|move|p2a: Araquanid|Liquidation|p1a: Glimmora
|-supereffective|p1a: Glimmora
|-damage|p1a: Glimmora|20/100
|-activate|p1a: Glimmora|ability: Toxic Debris
|-sidestart|p2: WeRrsome|move: Toxic Spikes
|
|upkeep
|turn|6
|
|t:|1760362770
|switch|p2a: Iron Treads|Iron Treads|94/100 brn
|move|p1a: Glimmora|Meteor Beam||[still]
|-prepare|p1a: Glimmora|Meteor Beam
|-boost|p1a: Glimmora|spa|1
|-enditem|p1a: Glimmora|Power Herb
|-anim|p1a: Glimmora|Meteor Beam|p2a: Iron Treads
|-resisted|p2a: Iron Treads
|-damage|p2a: Iron Treads|81/100 brn
|
|-damage|p2a: Iron Treads|75/100 brn|[from] brn
|upkeep
|turn|7
|
|t:|1760362778
|switch|p1a: Ogerpon|Ogerpon-Wellspring, F|100/100
|-activate|p1a: Ogerpon|move: Sticky Web
|-unboost|p1a: Ogerpon|spe|1
|move|p2a: Iron Treads|Rapid Spin|p1a: Ogerpon
|-damage|p1a: Ogerpon|96/100
|-boost|p2a: Iron Treads|spe|1
|-sideend|p2: WeRrsome|Toxic Spikes|[from] move: Rapid Spin|[of] p2a: Iron Treads
|
|-damage|p2a: Iron Treads|68/100 brn|[from] brn
|-sideend|p1: KONGLIANG|Reflect
|upkeep
|turn|8
|
|t:|1760362790
|-end|p2a: Iron Treads|Quark Drive|[silent]
|switch|p2a: Dragonite|Dragonite, F|100/100
|move|p1a: Ogerpon|Trailblaze|p2a: Dragonite
|-resisted|p2a: Dragonite
|-damage|p2a: Dragonite|98/100
|-boost|p1a: Ogerpon|spe|1
|-damage|p1a: Ogerpon|80/100|[from] item: Rocky Helmet|[of] p2a: Dragonite
|
|-sideend|p1: KONGLIANG|move: Light Screen
|upkeep
|turn|9
|
|t:|1760362809
|switch|p1a: Glimmora|Glimmora, F|20/100
|-activate|p1a: Glimmora|move: Sticky Web
|-unboost|p1a: Glimmora|spe|1
|move|p2a: Dragonite|Thunder Wave|p1a: Glimmora
|-status|p1a: Glimmora|par
|
|upkeep
|turn|10
|
|t:|1760362819
|switch|p2a: Iron Treads|Iron Treads|68/100 brn
|cant|p1a: Glimmora|par
|
|-damage|p2a: Iron Treads|62/100 brn|[from] brn
|upkeep
|turn|11
|
|t:|1760362828
|move|p2a: Iron Treads|Earthquake|p1a: Glimmora
|-supereffective|p1a: Glimmora
|-damage|p1a: Glimmora|0 fnt
|-activate|p1a: Glimmora|ability: Toxic Debris
|-sidestart|p2: WeRrsome|move: Toxic Spikes
|faint|p1a: Glimmora
|
|-damage|p2a: Iron Treads|56/100 brn|[from] brn
|upkeep
|inactive|KONGLIANG has 120 seconds left.
|
|t:|1760362864
|switch|p1a: Dragapult|Dragapult, M|59/100
|-activate|p1a: Dragapult|move: Sticky Web
|-unboost|p1a: Dragapult|spe|1
|turn|12
|inactive|WeRrsome has 120 seconds left.
|
|t:|1760362902
|-end|p2a: Iron Treads|Quark Drive|[silent]
|switch|p2a: Magnezone|Magnezone|100/100
|move|p1a: Dragapult|Reflect|p1a: Dragapult
|-sidestart|p1: KONGLIANG|Reflect
|
|upkeep
|turn|13
|
|t:|1760362906
|move|p1a: Dragapult|Light Screen|p1a: Dragapult
|-sidestart|p1: KONGLIANG|move: Light Screen
|move|p2a: Magnezone|Flash Cannon|p1a: Dragapult
|-damage|p1a: Dragapult|12/100
|
|upkeep
|turn|14
|
|t:|1760362910
|move|p1a: Dragapult|Will-O-Wisp|p2a: Magnezone
|-status|p2a: Magnezone|brn
|move|p2a: Magnezone|Flash Cannon|p1a: Dragapult
|-damage|p1a: Dragapult|0 fnt
|-start|p2a: Magnezone|Disable|Flash Cannon|[from] ability: Cursed Body|[of] p1a: Dragapult
|faint|p1a: Dragapult
|
|-damage|p2a: Magnezone|94/100 brn|[from] brn
|upkeep
|
|t:|1760362914
|switch|p1a: Ursaluna|Ursaluna, M|100/100
|-activate|p1a: Ursaluna|move: Sticky Web
|-unboost|p1a: Ursaluna|spe|1
|turn|15
|
|t:|1760362923
|switch|p2a: Dragonite|Dragonite, F|98/100
|move|p1a: Ursaluna|Swords Dance|p1a: Ursaluna
|-boost|p1a: Ursaluna|atk|2
|
|-status|p1a: Ursaluna|brn|[from] item: Flame Orb
|upkeep
|turn|16
|
|t:|1760362940
|-terastallize|p2a: Dragonite|Steel
|move|p1a: Ursaluna|Facade|p2a: Dragonite
|-resisted|p2a: Dragonite
|-damage|p2a: Dragonite|10/100
|-damage|p1a: Ursaluna|84/100 brn|[from] item: Rocky Helmet|[of] p2a: Dragonite
|move|p2a: Dragonite|Dragon Tail|p1a: Ursaluna
|-damage|p1a: Ursaluna|73/100 brn
|drag|p1a: Ogerpon|Ogerpon-Wellspring, F|80/100
|-activate|p1a: Ogerpon|move: Sticky Web
|-unboost|p1a: Ogerpon|spe|1
|
|-sideend|p1: KONGLIANG|Reflect
|upkeep
|turn|17
|
|t:|1760362952
|move|p1a: Ogerpon|Ivy Cudgel|p2a: Dragonite|[anim] Ivy Cudgel Water
|-damage|p2a: Dragonite|0 fnt
|faint|p2a: Dragonite
|
|-sideend|p1: KONGLIANG|move: Light Screen
|upkeep
|
|t:|1760362957
|switch|p2a: Landorus|Landorus-Therian, M|100/100
|-ability|p2a: Landorus|Intimidate|boost
|-unboost|p1a: Ogerpon|atk|1
|turn|18
|
|t:|1760362964
|move|p2a: Landorus|U-turn|p1a: Ogerpon
|-supereffective|p1a: Ogerpon
|-damage|p1a: Ogerpon|10/100
|
|t:|1760362977
|switch|p2a: Iron Treads|Iron Treads|56/100 brn|[from] U-turn
|move|p1a: Ogerpon|Ivy Cudgel|p2a: Iron Treads|[anim] Ivy Cudgel Water
|-supereffective|p2a: Iron Treads
|-crit|p2a: Iron Treads
|-damage|p2a: Iron Treads|0 fnt
|faint|p2a: Iron Treads
|-end|p2a: Iron Treads|Quark Drive|[silent]
|
|upkeep
|
|t:|1760362986
|switch|p2a: Landorus|Landorus-Therian, M|100/100
|-ability|p2a: Landorus|Intimidate|boost
|-unboost|p1a: Ogerpon|atk|1
|turn|19
|inactive|WeRrsome has 120 seconds left.
|
|t:|1760363019
|move|p2a: Landorus|Earthquake|p1a: Ogerpon
|-resisted|p1a: Ogerpon
|-damage|p1a: Ogerpon|0 fnt
|faint|p1a: Ogerpon
|
|upkeep
|
|t:|1760363022
|switch|p1a: Ursaluna|Ursaluna, M|73/100 brn
|-activate|p1a: Ursaluna|move: Sticky Web
|-unboost|p1a: Ursaluna|spe|1
|turn|20
|
|t:|1760363036
|switch|p2a: Magnezone|Magnezone|94/100 brn
|move|p1a: Ursaluna|Earthquake|p2a: Magnezone
|-supereffective|p2a: Magnezone
|-damage|p2a: Magnezone|0 fnt
|faint|p2a: Magnezone
|
|-damage|p1a: Ursaluna|66/100 brn|[from] brn
|upkeep
|inactive|WeRrsome has 120 seconds left.
|
|t:|1760363054
|switch|p2a: Landorus|Landorus-Therian, M|100/100
|-ability|p2a: Landorus|Intimidate|boost
|-unboost|p1a: Ursaluna|atk|1
|turn|21
|
|t:|1760363059
|move|p2a: Landorus|Earthquake|p1a: Ursaluna
|-damage|p1a: Ursaluna|23/100 brn
|move|p1a: Ursaluna|Facade|p2a: Landorus
|-damage|p2a: Landorus|4/100
|
|-damage|p1a: Ursaluna|16/100 brn|[from] brn
|upkeep
|turn|22
|
|t:|1760363064
|move|p2a: Landorus|Earthquake|p1a: Ursaluna
|-damage|p1a: Ursaluna|0 fnt
|faint|p1a: Ursaluna
|
|upkeep
|
|t:|1760363072
|switch|p1a: Kingambit|Kingambit, M|100/100
|-activate|p1a: Kingambit|move: Sticky Web
|-unboost|p1a: Kingambit|spe|1
|-activate|p1a: Kingambit|ability: Supreme Overlord
|-start|p1a: Kingambit|fallen4|[silent]
|turn|23
|
|t:|1760363075
|switch|p2a: Gengar|Gengar, M|100/100
|-sideend|p2: WeRrsome|move: Toxic Spikes|[of] p2a: Gengar
|move|p1a: Kingambit|Sucker Punch||[still]
|-fail|p1a: Kingambit
|
|upkeep
|turn|24
|
|t:|1760363079
|-end|p1a: Kingambit|fallen4|[silent]
|switch|p1a: Iron Moth|Iron Moth|100/100
|-activate|p1a: Iron Moth|move: Sticky Web
|-unboost|p1a: Iron Moth|spe|1
|-enditem|p1a: Iron Moth|Booster Energy
|-activate|p1a: Iron Moth|ability: Quark Drive|[fromitem]
|-start|p1a: Iron Moth|quarkdrivespa
|move|p2a: Gengar|Trick|p1a: Iron Moth
|-activate|p2a: Gengar|move: Trick|[of] p1a: Iron Moth
|-item|p1a: Iron Moth|Choice Specs|[from] move: Trick
|-enditem|p2a: Gengar|Choice Specs|[silent]|[from] move: Trick
|
|upkeep
|turn|25
|
|t:|1760363098
|move|p2a: Gengar|Shadow Ball|p1a: Iron Moth
|-damage|p1a: Iron Moth|57/100
|move|p1a: Iron Moth|Substitute|p1a: Iron Moth
|-start|p1a: Iron Moth|Substitute
|-damage|p1a: Iron Moth|32/100
|
|upkeep
|turn|26
|
|t:|1760363109
|-end|p1a: Iron Moth|Quark Drive|[silent]
|switch|p1a: Kingambit|Kingambit, M|100/100
|-activate|p1a: Kingambit|move: Sticky Web
|-unboost|p1a: Kingambit|spe|1
|-activate|p1a: Kingambit|ability: Supreme Overlord
|-start|p1a: Kingambit|fallen4|[silent]
|move|p2a: Gengar|Thunderbolt|p1a: Kingambit
|-damage|p1a: Kingambit|68/100
|
|-heal|p1a: Kingambit|74/100|[from] item: Leftovers
|upkeep
|turn|27
|
|t:|1760363124
|move|p2a: Gengar|Thunderbolt|p1a: Kingambit
|-damage|p1a: Kingambit|41/100
|move|p1a: Kingambit|Kowtow Cleave|p2a: Gengar
|-supereffective|p2a: Gengar
|-damage|p2a: Gengar|0 fnt
|-start|p1a: Kingambit|Disable|Kowtow Cleave|[from] ability: Cursed Body|[of] p2a: Gengar
|faint|p2a: Gengar
|
|-heal|p1a: Kingambit|48/100|[from] item: Leftovers
|upkeep
|
|t:|1760363131
|switch|p2a: Araquanid|Araquanid, M|100/100
|turn|28
|
|t:|1760363141
|-terastallize|p1a: Kingambit|Fairy
|move|p1a: Kingambit|Tera Blast|p2a: Araquanid|[anim] Tera Blast Fairy
|-damage|p2a: Araquanid|26/100
|move|p2a: Araquanid|Liquidation|p1a: Kingambit
|-crit|p1a: Kingambit
|-damage|p1a: Kingambit|0 fnt
|faint|p1a: Kingambit
|-end|p1a: Kingambit|fallen4|[silent]
|
|upkeep
|
|t:|1760363146
|switch|p1a: Iron Moth|Iron Moth|32/100
|-activate|p1a: Iron Moth|move: Sticky Web
|-unboost|p1a: Iron Moth|spe|1
|turn|29
|
|t:|1760363150
|move|p1a: Iron Moth|Sludge Wave|p2a: Araquanid
|-damage|p2a: Araquanid|0 fnt
|faint|p2a: Araquanid
|
|upkeep
|
|t:|1760363152
|switch|p2a: Landorus|Landorus-Therian, M|4/100
|-ability|p2a: Landorus|Intimidate|boost
|-unboost|p1a: Iron Moth|atk|1
|turn|30
|
|t:|1760363155
|move|p2a: Landorus|Earthquake|p1a: Iron Moth
|-supereffective|p1a: Iron Moth
|-damage|p1a: Iron Moth|0 fnt
|faint|p1a: Iron Moth
|-end|p1a: Iron Moth|Quark Drive|[silent]
|
|win|WeRrsome
|raw|KONGLIANG's rating: 1493 &rarr; <strong>1473</strong><br />(-20 for losing)
|raw|WeRrsome's rating: 1500 &rarr; <strong>1520</strong><br />(+20 for winning)
|l|☆KONGLIANG
|player|p1|
|l|☆WeRrsome
|player|p2|
