|j|☆fuiosd
|j|☆magearna2
|t:|1760430705
|gametype|singles
|player|p1|fuiosd|cynthia-gen4|1172
|player|p2|magearna2|akari|1193
|gen|9
|tier|[Gen 9] OU
|rated|
|rule|HP Percentage Mod: HP is shown in percentages
|rule|Endless Battle Clause: Forcing endless battles is banned
|rule|Species Clause: Limit one of each Pokémon
|rule|OHKO Clause: OHKO moves are banned
|rule|Evasion Items Clause: Evasion items are banned
|rule|Evasion Moves Clause: Evasion moves are banned
|rule|Evasion Abilities Clause: Evasion abilities are banned
|rule|Sleep Moves Clause: Sleep-inducing moves are banned
|clearpoke
|poke|p1|Pelipper, F|
|poke|p1|Basculegion-F, F|
|poke|p1|Barraskewda, F|
|poke|p1|Meowscarada, M|
|poke|p1|Iron Treads|
|poke|p1|Corviknight, F|
|poke|p2|Walking Wake|
|poke|p2|Torkoal, M|
|poke|p2|Great Tusk|
|poke|p2|Iron Valiant|
|poke|p2|Kingambit, M|
|poke|p2|Hatterene, F|
|teampreview
|inactive|Battle timer is ON: inactive players will automatically lose when time's up. (requested by magearna2)
|
|t:|1760430721
|teamsize|p1|6
|teamsize|p2|6
|start
|switch|p1a: Pelipper|Pelipper, F|100/100
|switch|p2a: Torkoal|Torkoal, M|100/100
|-weather|RainDance|[from] ability: Drizzle|[of] p1a: Pelipper
|-weather|SunnyDay|[from] ability: Drought|[of] p2a: Torkoal
|turn|1
|
|t:|1760430748
|switch|p2a: Iron Valiant|Iron Valiant|100/100
|-enditem|p2a: Iron Valiant|Booster Energy
|-activate|p2a: Iron Valiant|ability: Quark Drive|[fromitem]
|-start|p2a: Iron Valiant|quarkdrivespe
|move|p1a: Pelipper|U-turn|p2a: Iron Valiant
|-resisted|p2a: Iron Valiant
|-damage|p2a: Iron Valiant|98/100
|inactive|fuiosd has 120 seconds left.
|
|t:|1760430775
|switch|p1a: Barraskewda|Barraskewda, F|100/100|[from] U-turn
|
|-weather|SunnyDay|[upkeep]
|upkeep
|turn|2
|inactive|fuiosd has 120 seconds left.
|
|t:|1760430786
|switch|p1a: Pelipper|Pelipper, F|100/100
|-weather|RainDance|[from] ability: Drizzle|[of] p1a: Pelipper
|move|p2a: Iron Valiant|Moonblast|p1a: Pelipper
|-damage|p1a: Pelipper|38/100
|
|-weather|RainDance|[upkeep]
|upkeep
|turn|3
|inactive|fuiosd has 120 seconds left.
|
|t:|1760430808
|-end|p2a: Iron Valiant|Quark Drive|[silent]
|switch|p2a: Torkoal|Torkoal, M|100/100
|-weather|SunnyDay|[from] ability: Drought|[of] p2a: Torkoal
|switch|p1a: Basculegion|Basculegion-F, F|100/100
|
|-weather|SunnyDay|[upkeep]
|upkeep
|turn|4
|
|t:|1760430833
|switch|p2a: Hatterene|Hatterene, F|100/100
|move|p1a: Basculegion|Surf|p2a: Hatterene
|-damage|p2a: Hatterene|76/100
|-enditem|p2a: Hatterene|Eject Button
|
|t:|1760430844
|switch|p2a: Walking Wake|Walking Wake|100/100
|-activate|p2a: Walking Wake|ability: Protosynthesis
|-start|p2a: Walking Wake|protosynthesisspa
|
|-weather|SunnyDay|[upkeep]
|upkeep
|turn|5
|inactive|fuiosd has 90 seconds left.
|
|t:|1760430875
|switch|p1a: Meowscarada|Meowscarada, M|100/100
|move|p2a: Walking Wake|Draco Meteor|p1a: Meowscarada
|-damage|p1a: Meowscarada|0 fnt
|-unboost|p2a: Walking Wake|spa|2
|faint|p1a: Meowscarada
|
|-weather|SunnyDay|[upkeep]
|upkeep
|
|t:|1760430898
|switch|p1a: Pelipper|Pelipper, F|38/100
|-weather|RainDance|[from] ability: Drizzle|[of] p1a: Pelipper
|-end|p2a: Walking Wake|Protosynthesis
|turn|6
|inactive|fuiosd has 60 seconds left.
|
|t:|1760430914
|move|p2a: Walking Wake|Draco Meteor|p1a: Pelipper
|-crit|p1a: Pelipper
|-damage|p1a: Pelipper|0 fnt
|-unboost|p2a: Walking Wake|spa|2
|faint|p1a: Pelipper
|
|-weather|RainDance|[upkeep]
|upkeep
|inactive|fuiosd has 60 seconds left.
|-message|fuiosd forfeited.
|
|win|magearna2
|raw|fuiosd's rating: 1172 &rarr; <strong>1149</strong><br />(-23 for losing)
|raw|magearna2's rating: 1193 &rarr; <strong>1216</strong><br />(+23 for winning)
|l|☆fuiosd
|player|p1|
|l|☆magearna2
|player|p2|
