|j|☆acoda
|j|☆Athal14
|t:|1760434591
|gametype|singles
|player|p1|acoda|101|1204
|player|p2|Athal14|102|1210
|gen|9
|tier|[Gen 9] OU
|rated|
|rule|HP Percentage Mod: HP is shown in percentages
|rule|Endless Battle Clause: Forcing endless battles is banned
|rule|Species Clause: Limit one of each Pokémon
|rule|OHKO Clause: OHKO moves are banned
|rule|Evasion Items Clause: Evasion items are banned
|rule|Evasion Moves Clause: Evasion moves are banned
|rule|Evasion Abilities Clause: Evasion abilities are banned
|rule|Sleep Moves Clause: Sleep-inducing moves are banned
|clearpoke
|poke|p1|Scizor, M|
|poke|p1|Quaquaval, F|
|poke|p1|Dragapult, M|
|poke|p1|Azelf|
|poke|p1|Arcanine-Hisui, M|
|poke|p1|Darkrai|
|poke|p2|Landorus-Therian, M|
|poke|p2|Ceruledge, M|
|poke|p2|Zapdos|
|poke|p2|Weezing-Galar, M|
|poke|p2|Primarina, F|
|poke|p2|Great Tusk|
|teampreview
|
|t:|1760434605
|teamsize|p1|6
|teamsize|p2|6
|start
|switch|p1a: Darkrai|Darkrai|100/100
|switch|p2a: Landorus|Landorus-Therian, M|100/100
|-ability|p2a: Landorus|Intimidate|boost
|-unboost|p1a: Darkrai|atk|1
|turn|1
|inactive|Battle timer is ON: inactive players will automatically lose when time's up. (requested by Athal14)
|
|t:|1760434619
|-terastallize|p2a: Landorus|Water
|move|p1a: Darkrai|Ice Beam|p2a: Landorus
|-resisted|p2a: Landorus
|-damage|p2a: Landorus|80/100
|move|p2a: Landorus|U-turn|p1a: Darkrai
|-supereffective|p1a: Darkrai
|-damage|p1a: Darkrai|33/100
|
|t:|1760434627
|switch|p2a: Zapdos|Zapdos|100/100|[from] U-turn
|
|upkeep
|turn|2
|
|t:|1760434635
|move|p2a: Zapdos|Volt Switch|p1a: Darkrai
|-damage|p1a: Darkrai|0 fnt
|faint|p1a: Darkrai
|
|t:|1760434640
|switch|p2a: Landorus|Landorus-Therian, M, tera:Water|80/100|[from] Volt Switch
|
|upkeep
|
|t:|1760434656
|switch|p1a: Dragapult|Dragapult, M|100/100
|turn|3
|
|t:|1760434661
|switch|p2a: Primarina|Primarina, F|100/100
|move|p1a: Dragapult|Dragon Dance|p1a: Dragapult
|-boost|p1a: Dragapult|atk|1
|-boost|p1a: Dragapult|spe|1
|
|upkeep
|turn|4
|
|t:|1760434668
|-terastallize|p1a: Dragapult|Flying
|move|p1a: Dragapult|Dragon Dance|p1a: Dragapult
|-boost|p1a: Dragapult|atk|1
|-boost|p1a: Dragapult|spe|1
|move|p2a: Primarina|Draining Kiss|p1a: Dragapult
|-damage|p1a: Dragapult|65/100
|
|upkeep
|turn|5
|
|t:|1760434685
|switch|p2a: Landorus|Landorus-Therian, M, tera:Water|80/100
|-ability|p2a: Landorus|Intimidate|boost
|-fail|p1a: Dragapult|unboost|[from] ability: Clear Body|[of] p1a: Dragapult
|move|p1a: Dragapult|Phantom Force||[still]
|-prepare|p1a: Dragapult|Phantom Force
|-enditem|p1a: Dragapult|Power Herb
|-anim|p1a: Dragapult|Phantom Force|p2a: Landorus
|-crit|p2a: Landorus
|-damage|p2a: Landorus|0 fnt
|-damage|p1a: Dragapult|49/100|[from] item: Rocky Helmet|[of] p2a: Landorus
|faint|p2a: Landorus
|
|upkeep
|
|t:|1760434697
|switch|p2a: Weezing|Weezing-Galar, M|100/100
|turn|6
|
|t:|1760434719
|move|p1a: Dragapult|Acrobatics|p2a: Weezing
|-damage|p2a: Weezing|9/100
|move|p2a: Weezing|Clear Smog|p1a: Dragapult
|-damage|p1a: Dragapult|28/100
|-clearboost|p1a: Dragapult
|
|-heal|p2a: Weezing|15/100|[from] item: Leftovers
|upkeep
|turn|7
|
|t:|1760434744
|move|p1a: Dragapult|Phantom Force||[still]
|-prepare|p1a: Dragapult|Phantom Force
|move|p2a: Weezing|Toxic Spikes|p1a: Dragapult
|-sidestart|p1: acoda|move: Toxic Spikes
|
|-heal|p2a: Weezing|21/100|[from] item: Leftovers
|upkeep
|turn|8
|inactive|Athal14 has 120 seconds left.
|
|t:|1760434779
|switch|p2a: Great Tusk|Great Tusk|100/100
|move|p1a: Dragapult|Phantom Force|p2a: Great Tusk|[from] lockedmove
|-damage|p2a: Great Tusk|65/100
|
|upkeep
|turn|9
|
|t:|1760434793
|move|p1a: Dragapult|Acrobatics|p2a: Great Tusk
|-supereffective|p2a: Great Tusk
|-damage|p2a: Great Tusk|0 fnt
|faint|p2a: Great Tusk
|-end|p2a: Great Tusk|Protosynthesis|[silent]
|
|upkeep
|
|t:|1760434799
|switch|p2a: Ceruledge|Ceruledge, M|100/100
|turn|10
|
|t:|1760434803
|move|p2a: Ceruledge|Shadow Sneak|p1a: Dragapult
|-damage|p1a: Dragapult|1/100
|move|p1a: Dragapult|Phantom Force||[still]
|-prepare|p1a: Dragapult|Phantom Force
|
|upkeep
|turn|11
|inactive|Athal14 has 120 seconds left.
|
|t:|1760434823
|switch|p2a: Primarina|Primarina, F|100/100
|move|p1a: Dragapult|Phantom Force|p2a: Primarina|[from] lockedmove
|-damage|p2a: Primarina|36/100
|
|upkeep
|turn|12
|inactive|Athal14 has 120 seconds left.
|
|t:|1760434830
|move|p1a: Dragapult|Acrobatics|p2a: Primarina
|-damage|p2a: Primarina|0 fnt
|faint|p2a: Primarina
|
|upkeep
|inactive|Athal14 has 120 seconds left.
|
|t:|1760434835
|switch|p2a: Ceruledge|Ceruledge, M|100/100
|turn|13
|
|t:|1760434854
|move|p2a: Ceruledge|Shadow Sneak|p1a: Dragapult
|-damage|p1a: Dragapult|0 fnt
|faint|p1a: Dragapult
|
|upkeep
|
|t:|1760434861
|switch|p1a: Quaquaval|Quaquaval, F|100/100
|-status|p1a: Quaquaval|psn
|turn|14
|
|t:|1760434866
|switch|p2a: Zapdos|Zapdos|100/100
|move|p1a: Quaquaval|Aqua Step|p2a: Zapdos
|-damage|p2a: Zapdos|54/100
|-boost|p1a: Quaquaval|spe|1
|
|-damage|p1a: Quaquaval|88/100 psn|[from] psn
|upkeep
|turn|15
|
|t:|1760434876
|move|p2a: Zapdos|Volt Switch|p1a: Quaquaval
|-supereffective|p1a: Quaquaval
|-damage|p1a: Quaquaval|0 fnt
|faint|p1a: Quaquaval
|
|t:|1760434887
|switch|p2a: Weezing|Weezing-Galar, M|21/100|[from] Volt Switch
|
|-heal|p2a: Weezing|27/100|[from] item: Leftovers
|upkeep
|
|t:|1760434891
|switch|p1a: Azelf|Azelf|100/100
|turn|16
|
|t:|1760434902
|move|p1a: Azelf|Stealth Rock|p2a: Weezing
|-sidestart|p2: Athal14|move: Stealth Rock
|move|p2a: Weezing|Toxic Spikes|p1a: Azelf
|-sidestart|p1: acoda|move: Toxic Spikes
|
|-heal|p2a: Weezing|33/100|[from] item: Leftovers
|upkeep
|turn|17
|
|t:|1760434909
|move|p1a: Azelf|Psychic|p2a: Weezing
|-supereffective|p2a: Weezing
|-damage|p2a: Weezing|0 fnt
|faint|p2a: Weezing
|
|upkeep
|
|t:|1760434915
|switch|p2a: Ceruledge|Ceruledge, M|100/100
|-damage|p2a: Ceruledge|76/100|[from] Stealth Rock
|turn|18
|
|t:|1760434921
|move|p2a: Ceruledge|Shadow Sneak|p1a: Azelf
|-supereffective|p1a: Azelf
|-crit|p1a: Azelf
|-damage|p1a: Azelf|1/100
|move|p1a: Azelf|Shadow Ball|p2a: Ceruledge
|-supereffective|p2a: Ceruledge
|-damage|p2a: Ceruledge|10/100
|
|upkeep
|turn|19
|
|t:|1760434928
|move|p2a: Ceruledge|Shadow Sneak|p1a: Azelf
|-supereffective|p1a: Azelf
|-damage|p1a: Azelf|0 fnt
|faint|p1a: Azelf
|
|upkeep
|
|t:|1760434931
|switch|p1a: Scizor|Scizor, M|100/100
|turn|20
|
|t:|1760434936
|move|p1a: Scizor|Bullet Punch|p2a: Ceruledge
|-resisted|p2a: Ceruledge
|-damage|p2a: Ceruledge|0 fnt
|faint|p2a: Ceruledge
|
|upkeep
|
|t:|1760434941
|switch|p2a: Zapdos|Zapdos|54/100
|-damage|p2a: Zapdos|29/100|[from] Stealth Rock
|turn|21
|
|t:|1760434946
|move|p1a: Scizor|Bullet Punch|p2a: Zapdos
|-resisted|p2a: Zapdos
|-damage|p2a: Zapdos|6/100
|-status|p1a: Scizor|par|[from] ability: Static|[of] p2a: Zapdos
|move|p2a: Zapdos|Heat Wave|p1a: Scizor
|-supereffective|p1a: Scizor
|-enditem|p1a: Scizor|Focus Sash
|-damage|p1a: Scizor|1/100 par
|
|upkeep
|turn|22
|
|t:|1760434956
|move|p1a: Scizor|Bullet Punch|p2a: Zapdos
|-resisted|p2a: Zapdos
|-damage|p2a: Zapdos|0 fnt
|faint|p2a: Zapdos
|
|win|acoda
|raw|acoda's rating: 1204 &rarr; <strong>1229</strong><br />(+25 for winning)
|raw|Athal14's rating: 1210 &rarr; <strong>1185</strong><br />(-25 for losing)
|l|☆Athal14
|player|p2|
|l|☆acoda
|player|p1|
