|j|☆6yopjf
|j|☆Bofonchiotto
|t:|1760381094
|gametype|singles
|player|p1|6yopjf|2|1085
|player|p2|Bofonchiotto|170|1110
|gen|9
|tier|[Gen 9] OU
|rated|
|rule|HP Percentage Mod: HP is shown in percentages
|rule|Endless Battle Clause: Forcing endless battles is banned
|rule|Species Clause: Limit one of each Pokémon
|rule|OHKO Clause: OHKO moves are banned
|rule|Evasion Items Clause: Evasion items are banned
|rule|Evasion Moves Clause: Evasion moves are banned
|rule|Evasion Abilities Clause: Evasion abilities are banned
|rule|Sleep Moves Clause: Sleep-inducing moves are banned
|clearpoke
|poke|p1|Spiritomb, M|
|poke|p1|Froslass, F|
|poke|p1|Toxapex, M|
|poke|p1|Articuno-Galar|
|poke|p1|Vespiquen, F|
|poke|p1|Cinderace, F|
|poke|p2|Araquanid, M|
|poke|p2|Gholdengo|
|poke|p2|Zamazenta-*|
|poke|p2|Rillaboom, M|
|poke|p2|Garchomp, F|
|poke|p2|Zapdos|
|teampreview
|inactive|Battle timer is ON: inactive players will automatically lose when time's up. (requested by Bofonchiotto)
|
|t:|1760381143
|teamsize|p1|6
|teamsize|p2|6
|start
|switch|p1a: Spiritomb|Spiritomb, M|100/100
|switch|p2a: Araquanid|Araquanid, M|100/100
|-ability|p1a: Spiritomb|Pressure
|turn|1
|
|t:|1760381166
|-terastallize|p2a: Araquanid|Water
|move|p2a: Araquanid|Surf|p1a: Spiritomb
|-damage|p1a: Spiritomb|38/100
|move|p1a: Spiritomb|Trick Room|p1a: Spiritomb
|-fieldstart|move: Trick Room|[of] p1a: Spiritomb
|
|-heal|p1a: Spiritomb|44/100|[from] item: Leftovers
|upkeep
|turn|2
|inactive|6yopjf has 120 seconds left.
|
|t:|1760381196
|move|p1a: Spiritomb|Destiny Bond|p1a: Spiritomb
|-singlemove|p1a: Spiritomb|Destiny Bond
|move|p2a: Araquanid|Surf|p1a: Spiritomb
|-damage|p1a: Spiritomb|0 fnt
|faint|p1a: Spiritomb
|-activate|p1a: Spiritomb|move: Destiny Bond
|faint|p2a: Araquanid
|
|upkeep
|inactive|Bofonchiotto has 120 seconds left.
|inactive|6yopjf has 90 seconds left.
|
|t:|1760381239
|switch|p1a: Toxapex|Toxapex, M|100/100
|switch|p2a: Garchomp|Garchomp, F|100/100
|turn|3
|
|t:|1760381262
|move|p1a: Toxapex|Baneful Bunker|p1a: Toxapex
|-singleturn|p1a: Toxapex|move: Protect
|move|p2a: Garchomp|Earthquake|p1a: Toxapex
|-activate|p1a: Toxapex|move: Protect
|
|upkeep
|turn|4
|
|t:|1760381274
|switch|p1a: Vespiquen|Vespiquen, F|100/100
|-ability|p1a: Vespiquen|Pressure
|move|p2a: Garchomp|Stealth Rock|p1a: Vespiquen
|-sidestart|p1: 6yopjf|move: Stealth Rock
|
|upkeep
|turn|5
|
|t:|1760381288
|move|p1a: Vespiquen|Defend Order|p1a: Vespiquen
|-boost|p1a: Vespiquen|def|1
|-boost|p1a: Vespiquen|spd|1
|move|p2a: Garchomp|Dragon Tail|p1a: Vespiquen
|-crit|p1a: Vespiquen
|-damage|p1a: Vespiquen|61/100
|drag|p1a: Articuno|Articuno-Galar|100/100
|-damage|p1a: Articuno|76/100|[from] Stealth Rock
|-enditem|p1a: Articuno|Room Service
|-unboost|p1a: Articuno|spe|1|[from] item: Room Service
|
|-fieldend|move: Trick Room
|upkeep
|turn|6
|
|t:|1760381310
|move|p1a: Articuno|U-turn|p2a: Garchomp
|-damage|p2a: Garchomp|92/100
|-damage|p1a: Articuno|63/100|[from] ability: Rough Skin|[of] p2a: Garchomp
|-damage|p1a: Articuno|47/100|[from] item: Rocky Helmet|[of] p2a: Garchomp
|
|t:|1760381321
|switch|p1a: Froslass|Froslass, F|100/100|[from] U-turn
|-damage|p1a: Froslass|76/100|[from] Stealth Rock
|move|p2a: Garchomp|Dragon Tail|p1a: Froslass
|-damage|p1a: Froslass|41/100
|drag|p1a: Cinderace|Cinderace, F|100/100
|-damage|p1a: Cinderace|76/100|[from] Stealth Rock
|
|upkeep
|turn|7
|
|t:|1760381335
|move|p1a: Cinderace|High Jump Kick|p2a: Garchomp
|-start|p1a: Cinderace|typechange|Fighting|[from] ability: Libero
|-damage|p2a: Garchomp|34/100
|-damage|p1a: Cinderace|63/100|[from] ability: Rough Skin|[of] p2a: Garchomp
|-damage|p1a: Cinderace|47/100|[from] item: Rocky Helmet|[of] p2a: Garchomp
|move|p2a: Garchomp|Earthquake|p1a: Cinderace
|-damage|p1a: Cinderace|0 fnt
|faint|p1a: Cinderace
|
|upkeep
|inactive|6yopjf has 60 seconds left.
|
|t:|1760381348
|switch|p1a: Froslass|Froslass, F|41/100
|-damage|p1a: Froslass|16/100|[from] Stealth Rock
|turn|8
|inactive|Bofonchiotto has 120 seconds left.
|inactive|6yopjf has 60 seconds left.
|inactive|Bofonchiotto has 90 seconds left.
|
|t:|1760381388
|move|p1a: Froslass|Trick|p2a: Garchomp
|-activate|p1a: Froslass|move: Trick|[of] p2a: Garchomp
|-item|p2a: Garchomp|Choice Scarf|[from] move: Trick
|-item|p1a: Froslass|Rocky Helmet|[from] move: Trick
|move|p2a: Garchomp|Dragon Tail|p1a: Froslass|[miss]
|-miss|p2a: Garchomp|p1a: Froslass
|
|upkeep
|turn|9
|inactive|6yopjf has 60 seconds left.
|inactive|Bofonchiotto has 90 seconds left.
|
|t:|1760381404
|move|p1a: Froslass|Destiny Bond|p1a: Froslass
|-singlemove|p1a: Froslass|Destiny Bond
|move|p2a: Garchomp|Dragon Tail|p1a: Froslass
|-damage|p1a: Froslass|0 fnt
|-damage|p2a: Garchomp|17/100|[from] item: Rocky Helmet|[of] p1a: Froslass
|faint|p1a: Froslass
|-activate|p1a: Froslass|move: Destiny Bond
|faint|p2a: Garchomp
|
|upkeep
|
|t:|1760381417
|switch|p1a: Articuno|Articuno-Galar|47/100
|switch|p2a: Zapdos|Zapdos|100/100
|-damage|p1a: Articuno|22/100|[from] Stealth Rock
|turn|10
|
|t:|1760381426
|move|p2a: Zapdos|Volt Switch|p1a: Articuno
|-supereffective|p1a: Articuno
|-damage|p1a: Articuno|0 fnt
|faint|p1a: Articuno
|inactive|Bofonchiotto has 90 seconds left.
|
|t:|1760381436
|switch|p2a: Rillaboom|Rillaboom, M|100/100|[from] Volt Switch
|-fieldstart|move: Grassy Terrain|[from] ability: Grassy Surge|[of] p2a: Rillaboom
|
|upkeep
|inactive|6yopjf has 60 seconds left.
|
|t:|1760381442
|switch|p1a: Toxapex|Toxapex, M|100/100
|turn|11
|
|t:|1760381450
|switch|p2a: Zapdos|Zapdos|100/100
|move|p1a: Toxapex|Baneful Bunker||[still]
|-fail|p1a: Toxapex
|
|upkeep
|turn|12
|-message|6yopjf forfeited.
|
|win|Bofonchiotto
|raw|6yopjf's rating: 1085 &rarr; <strong>1062</strong><br />(-23 for losing)
|raw|Bofonchiotto's rating: 1082 &rarr; <strong>1110</strong><br />(+28 for winning)
|l|☆6yopjf
|player|p1|
|l|☆Bofonchiotto
|player|p2|
