|j|☆H3ra_GIGI
|j|☆elite four jesus
|t:|1760377844
|gametype|singles
|player|p1|H3ra_GIGI|169|1167
|player|p2|elite four jesus|musician|1177
|gen|9
|tier|[Gen 9] OU
|rated|
|rule|HP Percentage Mod: HP is shown in percentages
|rule|Endless Battle Clause: Forcing endless battles is banned
|rule|Species Clause: Limit one of each Pokémon
|rule|OHKO Clause: OHKO moves are banned
|rule|Evasion Items Clause: Evasion items are banned
|rule|Evasion Moves Clause: Evasion moves are banned
|rule|Evasion Abilities Clause: Evasion abilities are banned
|rule|Sleep Moves Clause: Sleep-inducing moves are banned
|clearpoke
|poke|p1|Blissey, F|
|poke|p1|Dondozo, M|
|poke|p1|Gliscor, M|
|poke|p1|Toxapex, F|
|poke|p1|Clefable, F|
|poke|p1|Clodsire, M|
|poke|p2|Kyurem|
|poke|p2|Slowking-Galar, M|
|poke|p2|Ogerpon-Wellspring, F|
|poke|p2|Kingambit, F|
|poke|p2|Persian, M|
|poke|p2|Great Tusk|
|teampreview
|j| Pro pokemon 1
|l| Pro pokemon 1
|inactive|Battle timer is ON: inactive players will automatically lose when time's up. (requested by elite four jesus)
|
|t:|1760377904
|teamsize|p1|6
|teamsize|p2|6
|start
|switch|p1a: Toxapex|Toxapex, F|100/100
|switch|p2a: pokemon isnt dead|Persian, M, shiny|100/100
|turn|1
|
|t:|1760377916
|move|p2a: pokemon isnt dead|Fake Out|p1a: Toxapex
|-damage|p1a: Toxapex|88/100
|cant|p1a: Toxapex|flinch
|
|upkeep
|turn|2
|inactive|H3ra_GIGI has 120 seconds left.
|inactive|H3ra_GIGI has 90 seconds left.
|
|t:|1760377985
|move|p2a: pokemon isnt dead|Knock Off|p1a: Toxapex
|-damage|p1a: Toxapex|74/100
|-enditem|p1a: Toxapex|Heavy-Duty Boots|[from] move: Knock Off|[of] p2a: pokemon isnt dead
|move|p1a: Toxapex|Toxic|p2a: pokemon isnt dead
|-status|p2a: pokemon isnt dead|tox
|
|-damage|p2a: pokemon isnt dead|95/100 tox|[from] psn
|upkeep
|turn|3
|inactive|H3ra_GIGI has 90 seconds left.
|
|t:|1760377999
|move|p2a: pokemon isnt dead|U-turn|p1a: Toxapex
|-resisted|p1a: Toxapex
|-damage|p1a: Toxapex|69/100
|
|t:|1760378004
|switch|p2a: POKEMON IS D3AD|Slowking-Galar, M|100/100|[from] U-turn
|move|p1a: Toxapex|Poison Jab|p2a: POKEMON IS D3AD
|-resisted|p2a: POKEMON IS D3AD
|-damage|p2a: POKEMON IS D3AD|91/100
|
|upkeep
|turn|4
|inactive|H3ra_GIGI has 90 seconds left.
|
|t:|1760378042
|switch|p1a: Blissey|Blissey, F|100/100
|move|p2a: POKEMON IS D3AD|Future Sight|p1a: Blissey
|-start|p2a: POKEMON IS D3AD|move: Future Sight
|
|upkeep
|turn|5
|
|t:|1760378054
|switch|p1a: Gliscor|Gliscor, M|100/100
|-prepare|p2a: POKEMON IS D3AD|Chilly Reception|[premajor]
|move|p2a: POKEMON IS D3AD|Chilly Reception|p2a: POKEMON IS D3AD
|-weather|Snowscape
|
|t:|1760378061
|switch|p2a: PHO-KEMON IS DEAD|Kyurem, shiny|100/100|[from] Chilly Reception
|-ability|p2a: PHO-KEMON IS DEAD|Pressure
|
|-weather|Snowscape|[upkeep]
|-status|p1a: Gliscor|tox|[from] item: Toxic Orb
|upkeep
|turn|6
|
|t:|1760378070
|switch|p1a: Blissey|Blissey, F|100/100
|move|p2a: PHO-KEMON IS DEAD|Substitute|p2a: PHO-KEMON IS DEAD
|-start|p2a: PHO-KEMON IS DEAD|Substitute
|-damage|p2a: PHO-KEMON IS DEAD|76/100
|
|-weather|Snowscape|[upkeep]
|-end|p1a: Blissey|move: Future Sight
|-damage|p1a: Blissey|83/100
|upkeep
|turn|7
|inactive|H3ra_GIGI has 90 seconds left.
|inactive|H3ra_GIGI has 60 seconds left.
|
|t:|1760378106
|move|p2a: PHO-KEMON IS DEAD|Ice Beam|p1a: Blissey
|-damage|p1a: Blissey|68/100
|move|p1a: Blissey|Shadow Ball|p2a: PHO-KEMON IS DEAD
|-activate|p2a: PHO-KEMON IS DEAD|move: Substitute|[damage]
|
|-weather|Snowscape|[upkeep]
|upkeep
|turn|8
|
|t:|1760378121
|move|p2a: PHO-KEMON IS DEAD|Ice Beam|p1a: Blissey
|-damage|p1a: Blissey|54/100
|move|p1a: Blissey|Calm Mind|p1a: Blissey
|-boost|p1a: Blissey|spa|1
|-boost|p1a: Blissey|spd|1
|
|-weather|Snowscape|[upkeep]
|upkeep
|turn|9
|
|t:|1760378130
|switch|p2a: POKEMON IS DEAD|Ogerpon-Wellspring, F|100/100
|move|p1a: Blissey|Soft-Boiled|p1a: Blissey
|-heal|p1a: Blissey|100/100
|
|-weather|none
|upkeep
|turn|10
|
|t:|1760378137
|switch|p1a: Toxapex|Toxapex, F|100/100
|move|p2a: POKEMON IS DEAD|Encore||[still]
|-fail|p2a: POKEMON IS DEAD
|
|upkeep
|turn|11
|
|t:|1760378161
|switch|p2a: POKEMON IS D3AD|Slowking-Galar, M|100/100
|move|p1a: Toxapex|Toxic|p2a: POKEMON IS D3AD
|-immune|p2a: POKEMON IS D3AD
|
|upkeep
|turn|12
|inactive|H3ra_GIGI has 60 seconds left.
|
|t:|1760378185
|switch|p1a: Blissey|Blissey, F|100/100
|move|p2a: POKEMON IS D3AD|Thunder Wave|p1a: Blissey
|-status|p1a: Blissey|par
|
|upkeep
|turn|13
|inactive|H3ra_GIGI has 60 seconds left.
|
|t:|1760378200
|switch|p2a: pokemon is /bye|Great Tusk|100/100
|move|p1a: Blissey|Stealth Rock|p2a: pokemon is /bye
|-sidestart|p2: elite four jesus|move: Stealth Rock
|
|upkeep
|turn|14
|
|t:|1760378208
|-curestatus|p1a: Blissey|par|[from] ability: Natural Cure
|switch|p1a: Dondozo|Dondozo, M|100/100
|move|p2a: pokemon is /bye|Rapid Spin|p1a: Dondozo
|-damage|p1a: Dondozo|94/100
|-boost|p2a: pokemon is /bye|spe|1
|-sideend|p2: elite four jesus|Stealth Rock|[from] move: Rapid Spin|[of] p2a: pokemon is /bye
|
|upkeep
|turn|15
|inactive|H3ra_GIGI has 60 seconds left.
|inactive|H3ra_GIGI has 30 seconds left.
|
|t:|1760378257
|-end|p2a: pokemon is /bye|Protosynthesis|[silent]
|switch|p2a: POKEMON IS DEAD|Ogerpon-Wellspring, F|100/100
|move|p1a: Dondozo|Waterfall|p2a: POKEMON IS DEAD
|-immune|p2a: POKEMON IS DEAD|[from] ability: Water Absorb
|
|upkeep
|turn|16
|
|t:|1760378271
|switch|p1a: Toxapex|Toxapex, F|100/100
|move|p2a: POKEMON IS DEAD|Ivy Cudgel|p1a: Toxapex|[anim] Ivy Cudgel Water
|-resisted|p1a: Toxapex
|-crit|p1a: Toxapex
|-damage|p1a: Toxapex|75/100
|
|upkeep
|turn|17
|inactive|H3ra_GIGI has 30 seconds left.
|inactive|H3ra_GIGI has 20 seconds left.
|inactive|H3ra_GIGI has 15 seconds left.
|inactive|H3ra_GIGI has 10 seconds left.
|inactive|H3ra_GIGI has 5 seconds left.
|
|t:|1760378311
|move|p2a: POKEMON IS DEAD|U-turn|p1a: Toxapex
|-resisted|p1a: Toxapex
|-damage|p1a: Toxapex|67/100
|
|t:|1760378318
|switch|p2a: POKEMON IS D3AD|Slowking-Galar, M|100/100|[from] U-turn
|move|p1a: Toxapex|Toxic|p2a: POKEMON IS D3AD
|-immune|p2a: POKEMON IS D3AD
|
|upkeep
|turn|18
|inactive|H3ra_GIGI has 20 seconds left this turn.
|inactive|H3ra_GIGI has 15 seconds left.
|
|t:|1760378326
|switch|p1a: Blissey|Blissey, F|100/100
|-prepare|p2a: POKEMON IS D3AD|Chilly Reception|[premajor]
|move|p2a: POKEMON IS D3AD|Chilly Reception|p2a: POKEMON IS D3AD
|-weather|Snowscape
|
|t:|1760378333
|switch|p2a: POKEMON IS DEAD|Ogerpon-Wellspring, F|100/100|[from] Chilly Reception
|
|-weather|Snowscape|[upkeep]
|upkeep
|turn|19
|inactive|H3ra_GIGI has 30 seconds left this turn.
|
|t:|1760378339
|switch|p1a: Toxapex|Toxapex, F|99/100
|move|p2a: POKEMON IS DEAD|Ivy Cudgel|p1a: Toxapex|[anim] Ivy Cudgel Water
|-resisted|p1a: Toxapex
|-damage|p1a: Toxapex|82/100
|
|-weather|Snowscape|[upkeep]
|upkeep
|turn|20
|inactive|H3ra_GIGI has 30 seconds left.
|
|t:|1760378350
|switch|p2a: POKEMON IS D3AD|Slowking-Galar, M|100/100
|move|p1a: Toxapex|Toxic Spikes|p2a: POKEMON IS D3AD
|-sidestart|p2: elite four jesus|move: Toxic Spikes
|
|-weather|Snowscape|[upkeep]
|upkeep
|turn|21
|inactive|H3ra_GIGI has 30 seconds left.
|
|t:|1760378359
|switch|p1a: Blissey|Blissey, F|100/100
|move|p2a: POKEMON IS D3AD|Thunder Wave|p1a: Blissey|[miss]
|-miss|p2a: POKEMON IS D3AD|p1a: Blissey
|
|-weather|Snowscape|[upkeep]
|upkeep
|turn|22
|inactive|H3ra_GIGI has 30 seconds left.
|
|t:|1760378369
|move|p1a: Blissey|Shadow Ball|p2a: POKEMON IS D3AD
|-supereffective|p2a: POKEMON IS D3AD
|-damage|p2a: POKEMON IS D3AD|78/100
|-unboost|p2a: POKEMON IS D3AD|spd|1
|-prepare|p2a: POKEMON IS D3AD|Chilly Reception|[premajor]
|move|p2a: POKEMON IS D3AD|Chilly Reception|p2a: POKEMON IS D3AD
|
|t:|1760378377
|switch|p2a: pokemon isnt dead|Persian, M, shiny|95/100 tox|[from] Chilly Reception
|
|-weather|none
|-damage|p2a: pokemon isnt dead|89/100 tox|[from] psn
|upkeep
|turn|23
|
|t:|1760378385
|switch|p1a: Gliscor|Gliscor, M|100/100 tox
|move|p2a: pokemon isnt dead|Knock Off|p1a: Gliscor
|-damage|p1a: Gliscor|87/100 tox
|-enditem|p1a: Gliscor|Toxic Orb|[from] move: Knock Off|[of] p2a: pokemon isnt dead
|
|-damage|p2a: pokemon isnt dead|77/100 tox|[from] psn
|-heal|p1a: Gliscor|99/100 tox|[from] ability: Poison Heal
|upkeep
|turn|24
|
|t:|1760378397
|move|p2a: pokemon isnt dead|U-turn|p1a: Gliscor
|-resisted|p1a: Gliscor
|-damage|p1a: Gliscor|94/100 tox
|
|t:|1760378403
|switch|p2a: PHO-KEMON IS DEAD|Kyurem, shiny|76/100|[from] U-turn
|-ability|p2a: PHO-KEMON IS DEAD|Pressure
|move|p1a: Gliscor|Knock Off|p2a: PHO-KEMON IS DEAD
|-damage|p2a: PHO-KEMON IS DEAD|53/100
|-enditem|p2a: PHO-KEMON IS DEAD|Heavy-Duty Boots|[from] move: Knock Off|[of] p1a: Gliscor
|
|-heal|p1a: Gliscor|100/100 tox|[from] ability: Poison Heal
|upkeep
|turn|25
|l|☆elite four jesus
|inactive|elite four jesus disconnected and has a minute to reconnect!
|player|p2|
|inactive|elite four jesus has 30 seconds to reconnect!
|inactive|elite four jesus has 20 seconds to reconnect!
|inactive|elite four jesus has 15 seconds to reconnect!
|inactive|elite four jesus has 10 seconds to reconnect!
|inactive|elite four jesus has 5 seconds to reconnect!
|-message|elite four jesus lost due to inactivity.
|
|win|H3ra_GIGI
|raw|H3ra_GIGI's rating: 1167 &rarr; <strong>1193</strong><br />(+26 for winning)
|raw|elite four jesus's rating: 1177 &rarr; <strong>1151</strong><br />(-26 for losing)
|l|☆H3ra_GIGI
|player|p1|
