|j|☆Ratiza13
|j|☆Von Sirius!
|t:|1760399771
|gametype|singles
|player|p1|Ratiza13|dawn-gen4pt|1249
|player|p2|Von Sirius!|170|1212
|gen|9
|tier|[Gen 9] OU
|rated|
|rule|HP Percentage Mod: HP is shown in percentages
|rule|Endless Battle Clause: Forcing endless battles is banned
|rule|Species Clause: Limit one of each Pokémon
|rule|OHKO Clause: OHKO moves are banned
|rule|Evasion Items Clause: Evasion items are banned
|rule|Evasion Moves Clause: Evasion moves are banned
|rule|Evasion Abilities Clause: Evasion abilities are banned
|rule|Sleep Moves Clause: Sleep-inducing moves are banned
|clearpoke
|poke|p1|Heatran, F|
|poke|p1|Ogerpon, F|
|poke|p1|Great Tusk|
|poke|p1|Weavile, F|
|poke|p1|Pecharunt|
|poke|p1|Primarina, F|
|poke|p2|Dragonite, M|
|poke|p2|Kingambit, M|
|poke|p2|Great Tusk|
|poke|p2|Raging Bolt|
|poke|p2|Heatran, M|
|poke|p2|Rillaboom, F|
|teampreview
|j| Chelicerae123
|
|t:|1760399795
|teamsize|p1|6
|teamsize|p2|6
|start
|switch|p1a: Afonso|Ogerpon, F|100/100
|switch|p2a: Heatran|Heatran, M|100/100
|-item|p2a: Heatran|Air Balloon
|turn|1
|inactive|Battle timer is ON: inactive players will automatically lose when time's up. (requested by Ratiza13)
|
|t:|1760399813
|move|p1a: Afonso|U-turn|p2a: Heatran
|-resisted|p2a: Heatran
|-damage|p2a: Heatran|93/100
|-enditem|p2a: Heatran|Air Balloon
|
|t:|1760399823
|switch|p1a: Heatran|Heatran, F|100/100|[from] U-turn
|-item|p1a: Heatran|Air Balloon
|move|p2a: Heatran|Stealth Rock|p1a: Heatran
|-sidestart|p1: Ratiza13|move: Stealth Rock
|
|upkeep
|turn|2
|
|t:|1760399836
|-terastallize|p2a: Heatran|Grass
|move|p1a: Heatran|Stealth Rock|p2a: Heatran
|-sidestart|p2: Von Sirius!|move: Stealth Rock
|move|p2a: Heatran|Earth Power|p1a: Heatran
|-immune|p1a: Heatran
|
|upkeep
|turn|3
|
|t:|1760399851
|switch|p1a: heatran please|Primarina, F|100/100
|-damage|p1a: heatran please|88/100|[from] Stealth Rock
|switch|p2a: Great Tusk|Great Tusk|100/100
|-damage|p2a: Great Tusk|98/100|[from] Stealth Rock
|
|-heal|p2a: Great Tusk|100/100|[from] item: Leftovers
|upkeep
|turn|4
|
|t:|1760399858
|-end|p2a: Great Tusk|Protosynthesis|[silent]
|switch|p2a: Heatran|Heatran, M, tera:Grass|93/100
|-damage|p2a: Heatran|80/100|[from] Stealth Rock
|move|p1a: heatran please|Whirlpool|p2a: Heatran
|-resisted|p2a: Heatran
|-damage|p2a: Heatran|73/100
|-activate|p2a: Heatran|move: Whirlpool|[of] p1a: heatran please
|
|-damage|p2a: Heatran|60/100|[from] move: Whirlpool|[partiallytrapped]
|upkeep
|turn|5
|
|t:|1760399866
|move|p2a: Heatran|Earth Power|p1a: heatran please
|-damage|p1a: heatran please|69/100
|move|p1a: heatran please|Moonblast|p2a: Heatran
|-damage|p2a: Heatran|15/100
|
|-damage|p2a: Heatran|2/100|[from] move: Whirlpool|[partiallytrapped]
|upkeep
|turn|6
|
|t:|1760399873
|move|p2a: Heatran|Magma Storm|p1a: heatran please
|-resisted|p1a: heatran please
|-damage|p1a: heatran please|54/100
|-activate|p1a: heatran please|move: Magma Storm|[of] p2a: Heatran
|move|p1a: heatran please|Moonblast|p2a: Heatran
|-damage|p2a: Heatran|0 fnt
|faint|p2a: Heatran
|
|-end|p1a: heatran please|Magma Storm|[partiallytrapped]|[silent]
|upkeep
|
|t:|1760399883
|switch|p2a: Raging Bolt|Raging Bolt|100/100
|-damage|p2a: Raging Bolt|88/100|[from] Stealth Rock
|-enditem|p2a: Raging Bolt|Booster Energy
|-activate|p2a: Raging Bolt|ability: Protosynthesis|[fromitem]
|-start|p2a: Raging Bolt|protosynthesisspa
|turn|7
|
|t:|1760399891
|switch|p1a: Pecharunt|Pecharunt|100/100
|-damage|p1a: Pecharunt|88/100|[from] Stealth Rock
|move|p2a: Raging Bolt|Calm Mind|p2a: Raging Bolt
|-boost|p2a: Raging Bolt|spa|1
|-boost|p2a: Raging Bolt|spd|1
|
|upkeep
|turn|8
|inactive|Von Sirius! has 120 seconds left.
|
|t:|1760399925
|move|p1a: Pecharunt|Malignant Chain|p2a: Raging Bolt
|-damage|p2a: Raging Bolt|69/100
|-status|p2a: Raging Bolt|tox
|-start|p2a: Raging Bolt|confusion|[from] ability: Poison Puppeteer|[of] p1a: Pecharunt
|-activate|p2a: Raging Bolt|confusion
|move|p2a: Raging Bolt|Draco Meteor|p1a: Pecharunt|[miss]
|-miss|p2a: Raging Bolt|p1a: Pecharunt
|
|-damage|p2a: Raging Bolt|63/100 tox|[from] psn
|upkeep
|turn|9
|
|t:|1760399940
|move|p1a: Pecharunt|Shadow Ball|p2a: Raging Bolt
|-damage|p2a: Raging Bolt|49/100 tox
|-activate|p2a: Raging Bolt|confusion
|move|p2a: Raging Bolt|Draco Meteor|p1a: Pecharunt|[miss]
|-miss|p2a: Raging Bolt|p1a: Pecharunt
|
|-damage|p2a: Raging Bolt|36/100 tox|[from] psn
|upkeep
|turn|10
|c|☆Ratiza13|damn
|
|t:|1760399952
|-activate|p2a: Raging Bolt|confusion
|move|p2a: Raging Bolt|Thunderclap|p1a: Pecharunt
|-damage|p1a: Pecharunt|1/100
|move|p1a: Pecharunt|Shadow Ball|p2a: Raging Bolt
|-damage|p2a: Raging Bolt|21/100 tox
|
|-damage|p2a: Raging Bolt|3/100 tox|[from] psn
|upkeep
|turn|11
|
|t:|1760399957
|-activate|p2a: Raging Bolt|confusion
|-damage|p2a: Raging Bolt|0 fnt|[from] confusion
|faint|p2a: Raging Bolt
|-end|p2a: Raging Bolt|Protosynthesis|[silent]
|move|p1a: Pecharunt|Recover|p1a: Pecharunt
|-heal|p1a: Pecharunt|51/100
|
|upkeep
|-message|Von Sirius! forfeited.
|
|win|Ratiza13
|raw|Ratiza13's rating: 1249 &rarr; <strong>1271</strong><br />(+22 for winning)
|raw|Von Sirius!'s rating: 1212 &rarr; <strong>1190</strong><br />(-22 for losing)
|l|☆Von Sirius!
|player|p2|
