|j|☆sUnk3n
|j|☆soft eggs
|t:|1760393785
|gametype|singles
|player|p1|sUnk3n|burglar|1158
|player|p2|soft eggs|red|1137
|gen|9
|tier|[Gen 9] OU
|rated|
|rule|HP Percentage Mod: HP is shown in percentages
|rule|Endless Battle Clause: Forcing endless battles is banned
|rule|Species Clause: Limit one of each Pokémon
|rule|OHKO Clause: OHKO moves are banned
|rule|Evasion Items Clause: Evasion items are banned
|rule|Evasion Moves Clause: Evasion moves are banned
|rule|Evasion Abilities Clause: Evasion abilities are banned
|rule|Sleep Moves Clause: Sleep-inducing moves are banned
|clearpoke
|poke|p1|Pelipper, M|
|poke|p1|Walking Wake|
|poke|p1|Gholdengo|
|poke|p1|Scizor, M|
|poke|p1|Gliscor, M|
|poke|p1|Iron Valiant|
|poke|p2|Pikachu-Original, M|
|poke|p2|Venusaur, F|
|poke|p2|Blastoise, M|
|poke|p2|Charizard, F|
|poke|p2|Snorlax, F|
|poke|p2|Lapras, M|
|teampreview
|inactive|Battle timer is ON: inactive players will automatically lose when time's up. (requested by sUnk3n)
|
|t:|1760393794
|teamsize|p1|6
|teamsize|p2|6
|start
|switch|p1a: Scizor|Scizor, M|100/100
|switch|p2a: Venusaur|Venusaur, F|100/100
|turn|1
|
|t:|1760393806
|move|p1a: Scizor|Bullet Punch|p2a: Venusaur
|-damage|p2a: Venusaur|37/100
|move|p2a: Venusaur|Sunny Day|p2a: Venusaur
|-weather|SunnyDay
|
|-weather|SunnyDay|[upkeep]
|-heal|p2a: Venusaur|43/100|[from] item: Leftovers
|upkeep
|turn|2
|inactive|soft eggs has 120 seconds left.
|
|t:|1760393852
|switch|p2a: Charizard|Charizard, F|100/100
|move|p1a: Scizor|Bullet Punch|p2a: Charizard
|-resisted|p2a: Charizard
|-damage|p2a: Charizard|63/100
|
|-weather|SunnyDay|[upkeep]
|-damage|p2a: Charizard|51/100|[from] ability: Solar Power|[of] p2a: Charizard
|upkeep
|turn|3
|
|t:|1760393878
|switch|p1a: Walking Wake|Walking Wake|100/100
|-activate|p1a: Walking Wake|ability: Protosynthesis
|-start|p1a: Walking Wake|protosynthesisspe
|move|p2a: Charizard|Dragon Pulse|p1a: Walking Wake
|-supereffective|p1a: Walking Wake
|-damage|p1a: Walking Wake|3/100
|-damage|p2a: Charizard|41/100|[from] item: Life Orb
|
|-weather|SunnyDay|[upkeep]
|-damage|p2a: Charizard|28/100|[from] ability: Solar Power|[of] p2a: Charizard
|upkeep
|turn|4
|inactive|sUnk3n has 120 seconds left.
|inactive|soft eggs has 90 seconds left.
|
|t:|1760393922
|move|p1a: Walking Wake|Hydro Pump|p2a: Charizard
|-supereffective|p2a: Charizard
|-damage|p2a: Charizard|0 fnt
|faint|p2a: Charizard
|
|-weather|SunnyDay|[upkeep]
|upkeep
|
|t:|1760393927
|switch|p2a: Pikachu|Pikachu-Original, M|100/100
|turn|5
|inactive|sUnk3n has 120 seconds left.
|
|t:|1760393940
|move|p2a: Pikachu|Quick Attack|p1a: Walking Wake
|-damage|p1a: Walking Wake|0 fnt
|faint|p1a: Walking Wake
|-end|p1a: Walking Wake|Protosynthesis|[silent]
|
|-weather|none
|upkeep
|
|t:|1760393945
|switch|p1a: Gliscor|Gliscor, M, shiny|100/100
|turn|6
|inactive|soft eggs has 90 seconds left.
|inactive|sUnk3n has 120 seconds left.
|
|t:|1760393976
|switch|p2a: Blastoise|Blastoise, M|100/100
|-terastallize|p1a: Gliscor|Water
|move|p1a: Gliscor|Toxic|p2a: Blastoise
|-status|p2a: Blastoise|tox
|
|-damage|p2a: Blastoise|94/100 tox|[from] psn
|-status|p1a: Gliscor|tox|[from] item: Toxic Orb
|upkeep
|turn|7
|inactive|sUnk3n has 90 seconds left.
|inactive|soft eggs has 60 seconds left.
|
|t:|1760394013
|switch|p1a: Gholdengo|Gholdengo|100/100
|switch|p2a: Pikachu|Pikachu-Original, M|100/100
|
|upkeep
|turn|8
|
|t:|1760394027
|move|p1a: Gholdengo|Make It Rain|p2a: Pikachu
|-resisted|p2a: Pikachu
|-damage|p2a: Pikachu|3/100
|-unboost|p1a: Gholdengo|spa|1
|move|p2a: Pikachu|Wild Charge|p1a: Gholdengo
|-damage|p1a: Gholdengo|46/100
|-damage|p2a: Pikachu|0 fnt|[from] Recoil
|faint|p2a: Pikachu
|
|upkeep
|
|t:|1760394045
|switch|p2a: Lapras|Lapras, M|100/100
|turn|9
|inactive|sUnk3n has 90 seconds left.
|
|t:|1760394066
|switch|p1a: Gliscor|Gliscor, M, shiny, tera:Water|100/100 tox
|-terastallize|p2a: Lapras|Water
|move|p2a: Lapras|Psychic|p1a: Gliscor
|-damage|p1a: Gliscor|64/100 tox
|
|-heal|p1a: Gliscor|76/100 tox|[from] ability: Poison Heal
|upkeep
|turn|10
|
|t:|1760394076
|move|p1a: Gliscor|Toxic|p2a: Lapras
|-status|p2a: Lapras|tox
|move|p2a: Lapras|Blizzard|p1a: Gliscor
|-resisted|p1a: Gliscor
|-damage|p1a: Gliscor|47/100 tox
|
|-heal|p1a: Gliscor|59/100 tox|[from] ability: Poison Heal
|-damage|p2a: Lapras|94/100 tox|[from] psn
|upkeep
|turn|11
|
|t:|1760394086
|switch|p2a: Venusaur|Venusaur, F|43/100
|move|p1a: Gliscor|Knock Off|p2a: Venusaur
|-damage|p2a: Venusaur|5/100
|-enditem|p2a: Venusaur|Leftovers|[from] move: Knock Off|[of] p1a: Gliscor
|
|-heal|p1a: Gliscor|72/100 tox|[from] ability: Poison Heal
|upkeep
|turn|12
|
|t:|1760394097
|switch|p1a: Scizor|Scizor, M|100/100
|move|p2a: Venusaur|Giga Drain|p1a: Scizor
|-resisted|p1a: Scizor
|-damage|p1a: Scizor|90/100
|-heal|p2a: Venusaur|10/100|[from] drain|[of] p1a: Scizor
|
|upkeep
|turn|13
|inactive|soft eggs has 60 seconds left.
|
|t:|1760394110
|move|p2a: Venusaur|Leech Seed|p1a: Scizor
|-start|p1a: Scizor|move: Leech Seed
|move|p1a: Scizor|U-turn|p2a: Venusaur
|-damage|p2a: Venusaur|0 fnt
|faint|p2a: Venusaur
|
|t:|1760394115
|switch|p1a: Gholdengo|Gholdengo|46/100|[from] U-turn
|
|upkeep
|inactive|soft eggs has 60 seconds left.
|
|t:|1760394124
|switch|p2a: Snorlax|Snorlax, F|100/100
|turn|14
|inactive|sUnk3n has 90 seconds left.
|
|t:|1760394130
|move|p1a: Gholdengo|Thunder Wave|p2a: Snorlax
|-status|p2a: Snorlax|par
|move|p2a: Snorlax|Belly Drum|p2a: Snorlax
|-damage|p2a: Snorlax|50/100 par
|-setboost|p2a: Snorlax|atk|6|[from] move: Belly Drum
|-enditem|p2a: Snorlax|Aguav Berry|[eat]
|-heal|p2a: Snorlax|84/100 par|[from] item: Aguav Berry
|
|upkeep
|turn|15
|inactive|sUnk3n has 90 seconds left.
|inactive|soft eggs has 60 seconds left.
|
|t:|1760394147
|switch|p1a: Iron Valiant|Iron Valiant|100/100
|move|p2a: Snorlax|Earthquake|p1a: Iron Valiant
|-damage|p1a: Iron Valiant|0 fnt
|faint|p1a: Iron Valiant
|-end|p1a: Iron Valiant|Quark Drive|[silent]
|
|upkeep
|
|t:|1760394161
|switch|p1a: Pelipper|Pelipper, M, shiny|100/100
|-weather|RainDance|[from] ability: Drizzle|[of] p1a: Pelipper
|turn|16
|
|t:|1760394169
|move|p1a: Pelipper|Hurricane|p2a: Snorlax
|-damage|p2a: Snorlax|61/100 par
|-start|p2a: Snorlax|confusion
|-activate|p2a: Snorlax|confusion
|move|p2a: Snorlax|Crunch|p1a: Pelipper
|-damage|p1a: Pelipper|0 fnt
|faint|p1a: Pelipper
|
|-weather|RainDance|[upkeep]
|upkeep
|
|t:|1760394192
|switch|p1a: Scizor|Scizor, M|90/100
|turn|17
|
|t:|1760394208
|move|p1a: Scizor|Bullet Punch|p2a: Snorlax
|-crit|p2a: Snorlax
|-damage|p2a: Snorlax|0 fnt
|faint|p2a: Snorlax
|
|-weather|RainDance|[upkeep]
|upkeep
|
|t:|1760394218
|switch|p2a: Blastoise|Blastoise, M|94/100 tox
|turn|18
|
|t:|1760394224
|switch|p1a: Gliscor|Gliscor, M, shiny, tera:Water|72/100 tox
|move|p2a: Blastoise|Blizzard|p1a: Gliscor
|-resisted|p1a: Gliscor
|-damage|p1a: Gliscor|51/100 tox
|
|-weather|RainDance|[upkeep]
|-heal|p2a: Blastoise|100/100 tox|[from] ability: Rain Dish
|-heal|p1a: Gliscor|63/100 tox|[from] ability: Poison Heal
|-damage|p2a: Blastoise|94/100 tox|[from] psn
|upkeep
|turn|19
|
|t:|1760394238
|move|p1a: Gliscor|Knock Off|p2a: Blastoise
|-damage|p2a: Blastoise|71/100 tox
|-enditem|p2a: Blastoise|Leftovers|[from] move: Knock Off|[of] p1a: Gliscor
|move|p2a: Blastoise|Focus Blast|p1a: Gliscor|[miss]
|-miss|p2a: Blastoise|p1a: Gliscor
|
|-weather|RainDance|[upkeep]
|-heal|p2a: Blastoise|77/100 tox|[from] ability: Rain Dish
|-heal|p1a: Gliscor|75/100 tox|[from] ability: Poison Heal
|-damage|p2a: Blastoise|65/100 tox|[from] psn
|upkeep
|turn|20
|
|t:|1760394250
|move|p1a: Gliscor|Facade|p2a: Blastoise
|-damage|p2a: Blastoise|28/100 tox
|move|p2a: Blastoise|Focus Blast|p1a: Gliscor
|-damage|p1a: Gliscor|28/100 tox
|
|-weather|none
|-heal|p1a: Gliscor|40/100 tox|[from] ability: Poison Heal
|-damage|p2a: Blastoise|9/100 tox|[from] psn
|upkeep
|turn|21
|
|t:|1760394260
|move|p1a: Gliscor|Facade|p2a: Blastoise
|-damage|p2a: Blastoise|0 fnt
|faint|p2a: Blastoise
|
|-heal|p1a: Gliscor|52/100 tox|[from] ability: Poison Heal
|upkeep
|
|t:|1760394266
|switch|p2a: Lapras|Lapras, M, tera:Water|94/100 tox
|turn|22
|inactive|sUnk3n has 90 seconds left.
|
|t:|1760394272
|move|p1a: Gliscor|Knock Off|p2a: Lapras
|-damage|p2a: Lapras|70/100 tox
|-enditem|p2a: Lapras|Leftovers|[from] move: Knock Off|[of] p1a: Gliscor
|move|p2a: Lapras|Body Slam|p1a: Gliscor
|-damage|p1a: Gliscor|39/100 tox
|
|-heal|p1a: Gliscor|51/100 tox|[from] ability: Poison Heal
|-damage|p2a: Lapras|64/100 tox|[from] psn
|upkeep
|turn|23
|
|t:|1760394284
|move|p1a: Gliscor|Facade|p2a: Lapras
|-damage|p2a: Lapras|27/100 tox
|move|p2a: Lapras|Body Slam|p1a: Gliscor
|-damage|p1a: Gliscor|39/100 tox
|
|-heal|p1a: Gliscor|51/100 tox|[from] ability: Poison Heal
|-damage|p2a: Lapras|14/100 tox|[from] psn
|upkeep
|turn|24
|
|t:|1760394294
|move|p1a: Gliscor|Facade|p2a: Lapras
|-damage|p2a: Lapras|0 fnt
|faint|p2a: Lapras
|
|win|sUnk3n
|raw|sUnk3n's rating: 1158 &rarr; <strong>1181</strong><br />(+23 for winning)
|raw|soft eggs's rating: 1137 &rarr; <strong>1114</strong><br />(-23 for losing)
|l|☆soft eggs
|player|p2|
|l|☆sUnk3n
|player|p1|
