|j|☆fbflag
|j|☆ayyyyyyuhsucconme
|t:|1760349737
|gametype|singles
|player|p1|fbflag|102|1081
|player|p2|ayyyyyyuhsucconme|linebacker|1067
|gen|9
|tier|[Gen 9] OU
|rated|
|rule|HP Percentage Mod: HP is shown in percentages
|rule|Endless Battle Clause: Forcing endless battles is banned
|rule|Species Clause: Limit one of each Pokémon
|rule|OHKO Clause: OHKO moves are banned
|rule|Evasion Items Clause: Evasion items are banned
|rule|Evasion Moves Clause: Evasion moves are banned
|rule|Evasion Abilities Clause: Evasion abilities are banned
|rule|Sleep Moves Clause: Sleep-inducing moves are banned
|clearpoke
|poke|p1|Darkrai|
|poke|p1|Blissey, F|
|poke|p1|Greninja-*, M|
|poke|p1|Gliscor, F|
|poke|p1|Toxapex, M|
|poke|p1|Weezing-Galar, F|
|poke|p2|Gholdengo|
|poke|p2|Clodsire, M|
|poke|p2|Dondozo, F|
|poke|p2|Skarmory, F|
|poke|p2|Great Tusk|
|poke|p2|Sinistcha|
|teampreview
|
|t:|1760349757
|teamsize|p1|6
|teamsize|p2|6
|start
|switch|p1a: Greninja|Greninja, M|100/100
|switch|p2a: Clodsire|Clodsire, M, shiny|100/100
|turn|1
|inactive|Battle timer is ON: inactive players will automatically lose when time's up. (requested by fbflag)
|c|☆ayyyyyyuhsucconme|if your gonna timer maybe hurry the fuck up
|
|t:|1760349776
|move|p1a: Greninja|Hydro Pump|p2a: Clodsire
|-immune|p2a: Clodsire|[from] ability: Water Absorb
|move|p2a: Clodsire|Spikes|p1a: Greninja
|-sidestart|p1: fbflag|Spikes
|
|upkeep
|turn|2
|c|☆fbflag|chill bru
|c|☆ayyyyyyuhsucconme|nah
|c|☆fbflag|why u mad
|c|☆ayyyyyyuhsucconme|im not
|
|t:|1760349799
|move|p1a: Greninja|Dark Pulse|p2a: Clodsire
|-damage|p2a: Clodsire|82/100
|move|p2a: Clodsire|Spikes|p1a: Greninja
|-sidestart|p1: fbflag|Spikes
|
|-heal|p2a: Clodsire|88/100|[from] item: Leftovers
|upkeep
|turn|3
|c|☆ayyyyyyuhsucconme|why timer just to let it run half way out
|inactive|fbflag has 120 seconds left.
|
|t:|1760349824
|switch|p1a: Gliscor|Gliscor, F, shiny|100/100
|move|p2a: Clodsire|Spikes|p1a: Gliscor
|-sidestart|p1: fbflag|Spikes
|
|-heal|p2a: Clodsire|94/100|[from] item: Leftovers
|-status|p1a: Gliscor|tox|[from] item: Toxic Orb
|upkeep
|turn|4
|
|t:|1760349833
|switch|p2a: Skarmory|Skarmory, F|100/100
|move|p1a: Gliscor|Agility|p1a: Gliscor
|-boost|p1a: Gliscor|spe|2
|
|upkeep
|turn|5
|
|t:|1760349840
|move|p1a: Gliscor|Stone Edge|p2a: Skarmory
|-crit|p2a: Skarmory
|-damage|p2a: Skarmory|80/100
|move|p2a: Skarmory|Stealth Rock|p1a: Gliscor
|-sidestart|p1: fbflag|move: Stealth Rock
|
|upkeep
|turn|6
|
|t:|1760349847
|move|p1a: Gliscor|Stone Edge|p2a: Skarmory|[miss]
|-miss|p1a: Gliscor|p2a: Skarmory
|move|p2a: Skarmory|Roar|p1a: Gliscor
|drag|p1a: Blissey|Blissey, F|100/100
|-damage|p1a: Blissey|76/100|[from] Spikes
|-damage|p1a: Blissey|63/100|[from] Stealth Rock
|
|-heal|p1a: Blissey|69/100|[from] item: Leftovers
|upkeep
|turn|7
|
|t:|1760349856
|move|p2a: Skarmory|Brave Bird|p1a: Blissey
|-damage|p1a: Blissey|37/100
|-damage|p2a: Skarmory|57/100|[from] Recoil
|move|p1a: Blissey|Thunder Wave|p2a: Skarmory
|-status|p2a: Skarmory|par
|
|-heal|p1a: Blissey|43/100|[from] item: Leftovers
|upkeep
|turn|8
|
|t:|1760349864
|move|p1a: Blissey|Soft-Boiled|p1a: Blissey
|-heal|p1a: Blissey|93/100
|move|p2a: Skarmory|Roost|p2a: Skarmory
|-heal|p2a: Skarmory|100/100 par
|-singleturn|p2a: Skarmory|move: Roost
|
|-heal|p1a: Blissey|99/100|[from] item: Leftovers
|upkeep
|turn|9
|
|t:|1760349878
|move|p1a: Blissey|Heal Bell|p1a: Blissey
|-activate|p1a: Blissey|move: Heal Bell
|-curestatus|p1: Gliscor|tox|[msg]
|move|p2a: Skarmory|Brave Bird|p1a: Blissey
|-damage|p1a: Blissey|68/100
|-damage|p2a: Skarmory|78/100 par|[from] Recoil
|
|-heal|p1a: Blissey|74/100|[from] item: Leftovers
|upkeep
|turn|10
|
|t:|1760349896
|switch|p1a: Weezing|Weezing-Galar, F|100/100
|-ability|p1a: Weezing|Neutralizing Gas
|cant|p2a: Skarmory|par
|
|upkeep
|turn|11
|
|t:|1760349905
|move|p1a: Weezing|Fire Blast|p2a: Skarmory
|-supereffective|p2a: Skarmory
|-damage|p2a: Skarmory|19/100 par
|move|p2a: Skarmory|Roar|p1a: Weezing
|-end|p1a: Weezing|ability: Neutralizing Gas
|drag|p1a: Toxapex|Toxapex, M|100/100
|-damage|p1a: Toxapex|76/100|[from] Spikes
|-damage|p1a: Toxapex|63/100|[from] Stealth Rock
|
|upkeep
|turn|12
|
|t:|1760349921
|move|p1a: Toxapex|Baneful Bunker|p1a: Toxapex
|-singleturn|p1a: Toxapex|move: Protect
|cant|p2a: Skarmory|par
|
|upkeep
|turn|13
|
|t:|1760349927
|move|p1a: Toxapex|Chilling Water|p2a: Skarmory
|-damage|p2a: Skarmory|4/100 par
|-unboost|p2a: Skarmory|atk|1
|move|p2a: Skarmory|Roost|p2a: Skarmory
|-heal|p2a: Skarmory|54/100 par
|-singleturn|p2a: Skarmory|move: Roost
|
|upkeep
|turn|14
|
|t:|1760349937
|move|p1a: Toxapex|Toxic Spikes|p2a: Skarmory
|-sidestart|p2: ayyyyyyuhsucconme|move: Toxic Spikes
|move|p2a: Skarmory|Roar|p1a: Toxapex
|drag|p1a: Gliscor|Gliscor, F, shiny|100/100
|-damage|p1a: Gliscor|88/100|[from] Stealth Rock
|
|-status|p1a: Gliscor|tox|[from] item: Toxic Orb
|upkeep
|turn|15
|
|t:|1760349949
|move|p1a: Gliscor|Stone Edge|p2a: Skarmory
|-damage|p2a: Skarmory|42/100 par
|move|p2a: Skarmory|Roar|p1a: Gliscor
|drag|p1a: Weezing|Weezing-Galar, F|100/100
|-ability|p1a: Weezing|Neutralizing Gas
|
|upkeep
|turn|16
|
|t:|1760349958
|switch|p2a: Clodsire|Clodsire, M, shiny|94/100
|-sideend|p2: ayyyyyyuhsucconme|move: Toxic Spikes|[of] p2a: Clodsire
|move|p1a: Weezing|Fire Blast|p2a: Clodsire
|-damage|p2a: Clodsire|82/100
|-status|p2a: Clodsire|brn
|
|-heal|p2a: Clodsire|89/100 brn|[from] item: Leftovers
|-damage|p2a: Clodsire|82/100 brn|[from] brn
|upkeep
|turn|17
|
|t:|1760349976
|move|p1a: Weezing|Destiny Bond|p1a: Weezing
|-singlemove|p1a: Weezing|Destiny Bond
|move|p2a: Clodsire|Earthquake|p1a: Weezing
|-supereffective|p1a: Weezing
|-damage|p1a: Weezing|77/100
|
|-heal|p2a: Clodsire|89/100 brn|[from] item: Leftovers
|-damage|p2a: Clodsire|82/100 brn|[from] brn
|upkeep
|turn|18
|
|t:|1760349989
|-end|p1a: Weezing|ability: Neutralizing Gas
|switch|p1a: Gliscor|Gliscor, F, shiny|88/100 tox
|-damage|p1a: Gliscor|76/100 tox|[from] Stealth Rock
|move|p2a: Clodsire|Earthquake|p1a: Gliscor
|-immune|p1a: Gliscor
|
|-heal|p2a: Clodsire|89/100 brn|[from] item: Leftovers
|-heal|p1a: Gliscor|88/100 tox|[from] ability: Poison Heal
|-damage|p2a: Clodsire|82/100 brn|[from] brn
|upkeep
|turn|19
|
|t:|1760350002
|switch|p2a: Dondozo|Dondozo, F|100/100
|move|p1a: Gliscor|Agility|p1a: Gliscor
|-boost|p1a: Gliscor|spe|2
|
|-heal|p1a: Gliscor|100/100 tox|[from] ability: Poison Heal
|upkeep
|turn|20
|c|☆ayyyyyyuhsucconme|bro hits timer just too take 5 min long turns
|
|t:|1760350013
|-terastallize|p1a: Gliscor|Fairy
|move|p1a: Gliscor|Earthquake|p2a: Dondozo
|-damage|p2a: Dondozo|85/100
|move|p2a: Dondozo|Curse|p2a: Dondozo
|-unboost|p2a: Dondozo|spe|1
|-boost|p2a: Dondozo|atk|1
|-boost|p2a: Dondozo|def|1
|
|-heal|p2a: Dondozo|91/100|[from] item: Leftovers
|upkeep
|turn|21
|
|t:|1760350028
|move|p1a: Gliscor|Earthquake|p2a: Dondozo
|-damage|p2a: Dondozo|81/100
|move|p2a: Dondozo|Curse|p2a: Dondozo
|-unboost|p2a: Dondozo|spe|1
|-boost|p2a: Dondozo|atk|1
|-boost|p2a: Dondozo|def|1
|
|-heal|p2a: Dondozo|88/100|[from] item: Leftovers
|upkeep
|turn|22
|
|t:|1760350040
|switch|p1a: Greninja|Greninja, M|100/100
|-damage|p1a: Greninja|76/100|[from] Spikes
|-damage|p1a: Greninja|63/100|[from] Stealth Rock
|move|p2a: Dondozo|Liquidation|p1a: Greninja
|-resisted|p1a: Greninja
|-damage|p1a: Greninja|17/100
|
|-heal|p2a: Dondozo|94/100|[from] item: Leftovers
|upkeep
|turn|23
|
|t:|1760350051
|move|p1a: Greninja|Dark Pulse|p2a: Dondozo
|-damage|p2a: Dondozo|59/100
|move|p2a: Dondozo|Liquidation|p1a: Greninja
|-resisted|p1a: Greninja
|-damage|p1a: Greninja|0 fnt
|faint|p1a: Greninja
|
|-heal|p2a: Dondozo|65/100|[from] item: Leftovers
|upkeep
|
|t:|1760350062
|switch|p1a: Darkrai|Darkrai|100/100
|-damage|p1a: Darkrai|76/100|[from] Spikes
|-damage|p1a: Darkrai|63/100|[from] Stealth Rock
|turn|24
|
|t:|1760350080
|move|p1a: Darkrai|Nasty Plot|p1a: Darkrai
|-boost|p1a: Darkrai|spa|2
|move|p2a: Dondozo|Liquidation|p1a: Darkrai
|-damage|p1a: Darkrai|0 fnt
|faint|p1a: Darkrai
|
|-heal|p2a: Dondozo|71/100|[from] item: Leftovers
|upkeep
|inactive|fbflag has 120 seconds left.
|
|t:|1760350091
|switch|p1a: Blissey|Blissey, F|74/100
|-damage|p1a: Blissey|49/100|[from] Spikes
|-damage|p1a: Blissey|37/100|[from] Stealth Rock
|turn|25
|
|t:|1760350096
|move|p1a: Blissey|Thunder Wave|p2a: Dondozo
|-status|p2a: Dondozo|par
|cant|p2a: Dondozo|par
|
|-heal|p1a: Blissey|43/100|[from] item: Leftovers
|-heal|p2a: Dondozo|77/100 par|[from] item: Leftovers
|upkeep
|turn|26
|
|t:|1760350104
|move|p1a: Blissey|Soft-Boiled|p1a: Blissey
|-heal|p1a: Blissey|93/100
|move|p2a: Dondozo|Liquidation|p1a: Blissey
|-damage|p1a: Blissey|46/100
|
|-heal|p1a: Blissey|52/100|[from] item: Leftovers
|-heal|p2a: Dondozo|84/100 par|[from] item: Leftovers
|upkeep
|turn|27
|
|t:|1760350112
|move|p1a: Blissey|Soft-Boiled|p1a: Blissey
|-heal|p1a: Blissey|100/100
|move|p2a: Dondozo|Curse|p2a: Dondozo
|-unboost|p2a: Dondozo|spe|1
|-boost|p2a: Dondozo|atk|1
|-boost|p2a: Dondozo|def|1
|
|-heal|p2a: Dondozo|90/100 par|[from] item: Leftovers
|upkeep
|turn|28
|
|t:|1760350120
|switch|p1a: Toxapex|Toxapex, M|96/100
|-damage|p1a: Toxapex|72/100|[from] Spikes
|-damage|p1a: Toxapex|59/100|[from] Stealth Rock
|cant|p2a: Dondozo|par
|
|-heal|p2a: Dondozo|96/100 par|[from] item: Leftovers
|upkeep
|turn|29
|
|t:|1760350133
|move|p1a: Toxapex|Baneful Bunker|p1a: Toxapex
|-singleturn|p1a: Toxapex|move: Protect
|move|p2a: Dondozo|Curse|p2a: Dondozo
|-unboost|p2a: Dondozo|spe|1
|-boost|p2a: Dondozo|atk|1
|-boost|p2a: Dondozo|def|1
|
|-heal|p2a: Dondozo|100/100 par|[from] item: Leftovers
|upkeep
|turn|30
|
|t:|1760350141
|move|p1a: Toxapex|Baneful Bunker||[still]
|-fail|p1a: Toxapex
|cant|p2a: Dondozo|par
|
|upkeep
|turn|31
|
|t:|1760350147
|move|p1a: Toxapex|Recover|p1a: Toxapex
|-heal|p1a: Toxapex|100/100
|move|p2a: Dondozo|Curse|p2a: Dondozo
|-unboost|p2a: Dondozo|spe|1
|-boost|p2a: Dondozo|atk|1
|-boost|p2a: Dondozo|def|1
|
|upkeep
|turn|32
|
|t:|1760350154
|move|p1a: Toxapex|Toxic Spikes|p2a: Dondozo
|-sidestart|p2: ayyyyyyuhsucconme|move: Toxic Spikes
|cant|p2a: Dondozo|par
|
|upkeep
|turn|33
|
|t:|1760350158
|move|p1a: Toxapex|Toxic Spikes|p2a: Dondozo
|-sidestart|p2: ayyyyyyuhsucconme|move: Toxic Spikes
|move|p2a: Dondozo|Curse|p2a: Dondozo
|-unboost|p2a: Dondozo|spe|1
|-boost|p2a: Dondozo|atk|1
|-boost|p2a: Dondozo|def|1
|
|upkeep
|turn|34
|
|t:|1760350165
|move|p1a: Toxapex|Baneful Bunker|p1a: Toxapex
|-singleturn|p1a: Toxapex|move: Protect
|move|p2a: Dondozo|Liquidation|p1a: Toxapex
|-activate|p1a: Toxapex|move: Protect
|
|upkeep
|turn|35
|
|t:|1760350183
|switch|p1a: Blissey|Blissey, F|100/100
|-damage|p1a: Blissey|76/100|[from] Spikes
|-damage|p1a: Blissey|63/100|[from] Stealth Rock
|move|p2a: Dondozo|Liquidation|p1a: Blissey
|-damage|p1a: Blissey|0 fnt
|faint|p1a: Blissey
|
|upkeep
|
|t:|1760350200
|switch|p1a: Weezing|Weezing-Galar, F|77/100
|-ability|p1a: Weezing|Neutralizing Gas
|turn|36
|
|t:|1760350206
|-terastallize|p2a: Dondozo|Water
|move|p1a: Weezing|Haze|p1a: Weezing
|-clearallboost
|move|p2a: Dondozo|Liquidation|p1a: Weezing
|-damage|p1a: Weezing|45/100
|
|upkeep
|turn|37
|
|t:|1760350213
|move|p1a: Weezing|Play Rough|p2a: Dondozo
|-damage|p2a: Dondozo|89/100 par
|move|p2a: Dondozo|Rest|p2a: Dondozo
|-status|p2a: Dondozo|slp|[from] move: Rest
|-heal|p2a: Dondozo|100/100 slp|[silent]
|
|upkeep
|turn|38
|
|t:|1760350221
|-end|p1a: Weezing|ability: Neutralizing Gas
|switch|p1a: Toxapex|Toxapex, M|100/100
|-damage|p1a: Toxapex|76/100|[from] Spikes
|-damage|p1a: Toxapex|63/100|[from] Stealth Rock
|cant|p2a: Dondozo|slp
|move|p2a: Dondozo|Sleep Talk|p2a: Dondozo
|move|p2a: Dondozo|Liquidation|p1a: Toxapex|[from] move: Sleep Talk
|-resisted|p1a: Toxapex
|-damage|p1a: Toxapex|48/100
|
|upkeep
|turn|39
|
|t:|1760350231
|move|p1a: Toxapex|Baneful Bunker|p1a: Toxapex
|-singleturn|p1a: Toxapex|move: Protect
|cant|p2a: Dondozo|slp
|move|p2a: Dondozo|Sleep Talk|p2a: Dondozo
|move|p2a: Dondozo|Liquidation|p1a: Toxapex|[from] move: Sleep Talk
|-activate|p1a: Toxapex|move: Protect
|
|upkeep
|turn|40
|
|t:|1760350240
|-curestatus|p2a: Dondozo|slp|[msg]
|move|p2a: Dondozo|Sleep Talk||[still]
|-fail|p2a: Dondozo
|move|p1a: Toxapex|Recover|p1a: Toxapex
|-heal|p1a: Toxapex|98/100
|
|upkeep
|turn|41
|
|t:|1760350247
|move|p1a: Toxapex|Baneful Bunker|p1a: Toxapex
|-singleturn|p1a: Toxapex|move: Protect
|move|p2a: Dondozo|Curse|p2a: Dondozo
|-unboost|p2a: Dondozo|spe|1
|-boost|p2a: Dondozo|atk|1
|-boost|p2a: Dondozo|def|1
|
|upkeep
|turn|42
|
|t:|1760350255
|switch|p1a: Weezing|Weezing-Galar, F|45/100
|-ability|p1a: Weezing|Neutralizing Gas
|move|p2a: Dondozo|Curse|p2a: Dondozo
|-unboost|p2a: Dondozo|spe|1
|-boost|p2a: Dondozo|atk|1
|-boost|p2a: Dondozo|def|1
|
|upkeep
|turn|43
|
|t:|1760350263
|move|p1a: Weezing|Haze|p1a: Weezing
|-clearallboost
|move|p2a: Dondozo|Liquidation|p1a: Weezing
|-damage|p1a: Weezing|13/100
|
|upkeep
|turn|44
|
|t:|1760350270
|move|p1a: Weezing|Destiny Bond|p1a: Weezing
|-singlemove|p1a: Weezing|Destiny Bond
|move|p2a: Dondozo|Liquidation|p1a: Weezing
|-damage|p1a: Weezing|0 fnt
|faint|p1a: Weezing
|-activate|p1a: Weezing|move: Destiny Bond
|-end|p1a: Weezing|ability: Neutralizing Gas
|faint|p2a: Dondozo
|
|upkeep
|
|t:|1760350279
|switch|p1a: Gliscor|Gliscor, F, shiny, tera:Fairy|100/100 tox
|switch|p2a: Clodsire|Clodsire, M, shiny|82/100 brn
|-damage|p1a: Gliscor|75/100 tox|[from] Spikes
|-damage|p1a: Gliscor|63/100 tox|[from] Stealth Rock
|-sideend|p2: ayyyyyyuhsucconme|move: Toxic Spikes|[of] p2a: Clodsire
|turn|45
|
|t:|1760350290
|move|p1a: Gliscor|Earthquake|p2a: Clodsire
|-supereffective|p2a: Clodsire
|-damage|p2a: Clodsire|6/100 brn
|move|p2a: Clodsire|Earthquake|p1a: Gliscor
|-damage|p1a: Gliscor|52/100 tox
|
|-heal|p2a: Clodsire|12/100 brn|[from] item: Leftovers
|-heal|p1a: Gliscor|65/100 tox|[from] ability: Poison Heal
|-damage|p2a: Clodsire|6/100 brn|[from] brn
|upkeep
|turn|46
|
|t:|1760350303
|move|p1a: Gliscor|Earthquake|p2a: Clodsire
|-supereffective|p2a: Clodsire
|-damage|p2a: Clodsire|0 fnt
|faint|p2a: Clodsire
|
|-heal|p1a: Gliscor|77/100 tox|[from] ability: Poison Heal
|upkeep
|
|t:|1760350306
|switch|p2a: Skarmory|Skarmory, F|42/100 par
|turn|47
|
|t:|1760350315
|move|p1a: Gliscor|Stone Edge|p2a: Skarmory
|-damage|p2a: Skarmory|30/100 par
|move|p2a: Skarmory|Roost|p2a: Skarmory
|-heal|p2a: Skarmory|80/100 par
|-singleturn|p2a: Skarmory|move: Roost
|
|-heal|p1a: Gliscor|89/100 tox|[from] ability: Poison Heal
|upkeep
|turn|48
|
|t:|1760350324
|move|p1a: Gliscor|Earthquake|p2a: Skarmory
|-immune|p2a: Skarmory
|cant|p2a: Skarmory|par
|
|-heal|p1a: Gliscor|100/100 tox|[from] ability: Poison Heal
|upkeep
|turn|49
|
|t:|1760350332
|move|p1a: Gliscor|Agility|p1a: Gliscor
|-boost|p1a: Gliscor|spe|2
|cant|p2a: Skarmory|par
|
|upkeep
|turn|50
|
|t:|1760350338
|move|p1a: Gliscor|Stone Edge|p2a: Skarmory
|-damage|p2a: Skarmory|67/100 par
|cant|p2a: Skarmory|par
|
|upkeep
|turn|51
|
|t:|1760350343
|move|p1a: Gliscor|Stone Edge|p2a: Skarmory
|-damage|p2a: Skarmory|53/100 par
|cant|p2a: Skarmory|par
|
|upkeep
|turn|52
|
|t:|1760350352
|move|p1a: Gliscor|Stone Edge|p2a: Skarmory
|-damage|p2a: Skarmory|41/100 par
|move|p2a: Skarmory|Roar|p1a: Gliscor
|drag|p1a: Toxapex|Toxapex, M|100/100
|-damage|p1a: Toxapex|76/100|[from] Spikes
|-damage|p1a: Toxapex|63/100|[from] Stealth Rock
|
|upkeep
|turn|53
|
|t:|1760350369
|move|p1a: Toxapex|Recover|p1a: Toxapex
|-heal|p1a: Toxapex|100/100
|move|p2a: Skarmory|Roar|p1a: Toxapex
|drag|p1a: Gliscor|Gliscor, F, shiny, tera:Fairy|100/100 tox
|-damage|p1a: Gliscor|75/100 tox|[from] Spikes
|-damage|p1a: Gliscor|63/100 tox|[from] Stealth Rock
|
|-heal|p1a: Gliscor|75/100 tox|[from] ability: Poison Heal
|upkeep
|turn|54
|
|t:|1760350379
|move|p1a: Gliscor|Earthquake|p2a: Skarmory
|-immune|p2a: Skarmory
|cant|p2a: Skarmory|par
|
|-heal|p1a: Gliscor|88/100 tox|[from] ability: Poison Heal
|upkeep
|turn|55
|
|t:|1760350386
|switch|p2a: Gholdengo|Gholdengo|100/100
|-item|p2a: Gholdengo|Air Balloon
|move|p1a: Gliscor|Stone Edge|p2a: Gholdengo
|-resisted|p2a: Gholdengo
|-damage|p2a: Gholdengo|91/100
|-enditem|p2a: Gholdengo|Air Balloon
|
|-heal|p1a: Gliscor|99/100 tox|[from] ability: Poison Heal
|upkeep
|turn|56
|
|t:|1760350396
|move|p2a: Gholdengo|Make It Rain|p1a: Gliscor
|-supereffective|p1a: Gliscor
|-damage|p1a: Gliscor|0 fnt
|-unboost|p2a: Gholdengo|spa|1
|faint|p1a: Gliscor
|
|upkeep
|
|t:|1760350403
|switch|p1a: Toxapex|Toxapex, M|100/100
|-damage|p1a: Toxapex|76/100|[from] Spikes
|-damage|p1a: Toxapex|63/100|[from] Stealth Rock
|turn|57
|c|☆fbflag|yeah gg
|c|☆fbflag|now wait
|c|☆ayyyyyyuhsucconme|fucking sped
|inactive|fbflag has 120 seconds left.
|c|☆fbflag|you gotta learn to be patient
|c|☆ayyyyyyuhsucconme|your being a dick head but you want me to wait for you
|inactive|fbflag has 90 seconds left.
|c|☆ayyyyyyuhsucconme|yeah your a fucking idiot
|c|☆fbflag|be patient bro
|n|!ayyyyyyuhsucconme|ayyyyyyuhsucconme
|c|☆fbflag|its gonna help a lot in life
|inactive|fbflag has 60 seconds left.
|inactive|fbflag has 30 seconds left.
|inactive|fbflag has 20 seconds left.
|inactive|fbflag has 15 seconds left.
|inactive|fbflag has 10 seconds left.
|inactive|fbflag has 5 seconds left.
|-message|fbflag lost due to inactivity.
|
|win|ayyyyyyuhsucconme
