|j|☆Darryl69
|j|☆AirTemples
|t:|1760356621
|gametype|singles
|player|p1|Darryl69|265|1388
|player|p2|AirTemples|pokekid|1405
|gen|9
|tier|[Gen 9] OU
|rated|
|rule|HP Percentage Mod: HP is shown in percentages
|rule|Endless Battle Clause: Forcing endless battles is banned
|rule|Species Clause: Limit one of each Pokémon
|rule|OHKO Clause: OHKO moves are banned
|rule|Evasion Items Clause: Evasion items are banned
|rule|Evasion Moves Clause: Evasion moves are banned
|rule|Evasion Abilities Clause: Evasion abilities are banned
|rule|Sleep Moves Clause: Sleep-inducing moves are banned
|clearpoke
|poke|p1|Iron Treads|
|poke|p1|Iron Valiant|
|poke|p1|Kingambit, F|
|poke|p1|Gengar, M|
|poke|p1|Enamorus, F|
|poke|p1|Dragapult, M|
|poke|p2|Zapdos|
|poke|p2|Slowking-Galar, M|
|poke|p2|Jirachi|
|poke|p2|Landorus-Therian, M|
|poke|p2|Alomomola, M|
|poke|p2|Kingambit, F|
|teampreview
|inactive|Battle timer is ON: inactive players will automatically lose when time's up. (requested by Darryl69)
|
|t:|1760356631
|teamsize|p1|6
|teamsize|p2|6
|start
|switch|p1a: Iron Treads|Iron Treads|100/100
|switch|p2a: Landorus|Landorus-Therian, M|100/100
|-ability|p2a: Landorus|Intimidate|boost
|-unboost|p1a: Iron Treads|atk|1
|-enditem|p1a: Iron Treads|Booster Energy
|-activate|p1a: Iron Treads|ability: Quark Drive|[fromitem]
|-start|p1a: Iron Treads|quarkdrivespe
|turn|1
|
|t:|1760356642
|switch|p2a: Zapdos|Zapdos|100/100
|move|p1a: Iron Treads|Stealth Rock|p2a: Zapdos
|-sidestart|p2: AirTemples|move: Stealth Rock
|
|upkeep
|turn|2
|
|t:|1760356647
|move|p1a: Iron Treads|Knock Off|p2a: Zapdos
|-damage|p2a: Zapdos|89/100
|-enditem|p2a: Zapdos|Heavy-Duty Boots|[from] move: Knock Off|[of] p1a: Iron Treads
|move|p2a: Zapdos|Substitute|p2a: Zapdos
|-start|p2a: Zapdos|Substitute
|-damage|p2a: Zapdos|64/100
|
|upkeep
|turn|3
|
|t:|1760356667
|-end|p1a: Iron Treads|Quark Drive|[silent]
|switch|p1a: Dragapult|Dragapult, M|100/100
|move|p2a: Zapdos|Hurricane|p1a: Dragapult|[miss]
|-miss|p2a: Zapdos|p1a: Dragapult
|
|upkeep
|turn|4
|
|t:|1760356676
|switch|p2a: Kingambit|Kingambit, F|100/100
|-damage|p2a: Kingambit|94/100|[from] Stealth Rock
|move|p1a: Dragapult|Dragon Darts|p2a: Kingambit
|-resisted|p2a: Kingambit
|-damage|p2a: Kingambit|86/100
|-anim|p1a: Dragapult|Dragon Darts|p2a: Kingambit
|-resisted|p2a: Kingambit
|-damage|p2a: Kingambit|76/100
|
|-heal|p2a: Kingambit|82/100|[from] item: Leftovers
|upkeep
|turn|5
|
|t:|1760356692
|switch|p1a: Iron Treads|Iron Treads|100/100
|move|p2a: Kingambit|Kowtow Cleave|p1a: Iron Treads
|-damage|p1a: Iron Treads|65/100
|
|-heal|p2a: Kingambit|88/100|[from] item: Leftovers
|upkeep
|turn|6
|
|t:|1760356698
|-end|p2a: Kingambit|fallenundefined|[silent]
|switch|p2a: Zapdos|Zapdos|64/100
|-damage|p2a: Zapdos|40/100|[from] Stealth Rock
|move|p1a: Iron Treads|Earthquake|p2a: Zapdos
|-immune|p2a: Zapdos
|
|upkeep
|turn|7
|
|t:|1760356705
|move|p1a: Iron Treads|Rapid Spin|p2a: Zapdos
|-damage|p2a: Zapdos|30/100
|-boost|p1a: Iron Treads|spe|1
|move|p2a: Zapdos|Roost|p2a: Zapdos
|-heal|p2a: Zapdos|80/100
|-singleturn|p2a: Zapdos|move: Roost
|
|upkeep
|turn|8
|
|t:|1760356715
|move|p1a: Iron Treads|Earthquake|p2a: Zapdos
|-immune|p2a: Zapdos
|move|p2a: Zapdos|Hurricane|p1a: Iron Treads|[miss]
|-miss|p2a: Zapdos|p1a: Iron Treads
|
|upkeep
|turn|9
|
|t:|1760356729
|-end|p1a: Iron Treads|Quark Drive|[silent]
|switch|p1a: Dragapult|Dragapult, M|100/100
|move|p2a: Zapdos|Hurricane|p1a: Dragapult
|-damage|p1a: Dragapult|42/100
|-start|p1a: Dragapult|confusion
|
|upkeep
|turn|10
|
|t:|1760356744
|switch|p1a: Gengar|Gengar, M|100/100
|switch|p2a: Kingambit|Kingambit, F|88/100
|-damage|p2a: Kingambit|82/100|[from] Stealth Rock
|
|-heal|p2a: Kingambit|88/100|[from] item: Leftovers
|upkeep
|turn|11
|
|t:|1760356762
|-end|p2a: Kingambit|fallenundefined|[silent]
|switch|p2a: Slowking|Slowking-Galar, M|100/100
|move|p1a: Gengar|Focus Blast|p2a: Slowking|[miss]
|-miss|p1a: Gengar|p2a: Slowking
|
|upkeep
|turn|12
|
|t:|1760356769
|move|p1a: Gengar|Shadow Ball|p2a: Slowking
|-supereffective|p2a: Slowking
|-damage|p2a: Slowking|50/100
|move|p2a: Slowking|Thunder Wave|p1a: Gengar
|-status|p1a: Gengar|par
|
|upkeep
|turn|13
|
|t:|1760356776
|switch|p2a: Alomomola|Alomomola, M|100/100
|move|p1a: Gengar|Shadow Ball|p2a: Alomomola
|-damage|p2a: Alomomola|50/100
|
|upkeep
|turn|14
|
|t:|1760356784
|switch|p2a: Kingambit|Kingambit, F|88/100
|-damage|p2a: Kingambit|82/100|[from] Stealth Rock
|cant|p1a: Gengar|par
|
|-heal|p2a: Kingambit|88/100|[from] item: Leftovers
|upkeep
|turn|15
|
|t:|1760356788
|move|p2a: Kingambit|Kowtow Cleave|p1a: Gengar
|-supereffective|p1a: Gengar
|-enditem|p1a: Gengar|Focus Sash
|-damage|p1a: Gengar|1/100 par
|move|p1a: Gengar|Focus Blast|p2a: Kingambit
|-supereffective|p2a: Kingambit
|-damage|p2a: Kingambit|0 fnt
|faint|p2a: Kingambit
|-end|p2a: Kingambit|fallenundefined|[silent]
|
|upkeep
|
|t:|1760356792
|switch|p2a: Landorus|Landorus-Therian, M|100/100
|-damage|p2a: Landorus|88/100|[from] Stealth Rock
|-ability|p2a: Landorus|Intimidate|boost
|-unboost|p1a: Gengar|atk|1
|turn|16
|
|t:|1760356803
|move|p2a: Landorus|Stealth Rock|p1a: Gengar
|-sidestart|p1: Darryl69|move: Stealth Rock
|move|p1a: Gengar|Destiny Bond|p1a: Gengar
|-singlemove|p1a: Gengar|Destiny Bond
|
|upkeep
|turn|17
|
|t:|1760356810
|switch|p2a: Slowking|Slowking-Galar, M|83/100
|cant|p1a: Gengar|par
|
|upkeep
|turn|18
|
|t:|1760356816
|switch|p2a: Landorus|Landorus-Therian, M|88/100
|-damage|p2a: Landorus|76/100|[from] Stealth Rock
|-ability|p2a: Landorus|Intimidate|boost
|-unboost|p1a: Gengar|atk|1
|move|p1a: Gengar|Shadow Ball|p2a: Landorus
|-damage|p2a: Landorus|34/100
|-unboost|p2a: Landorus|spd|1
|
|upkeep
|turn|19
|
|t:|1760356827
|move|p2a: Landorus|U-turn|p1a: Gengar
|-resisted|p1a: Gengar
|-damage|p1a: Gengar|0 fnt
|-start|p2a: Landorus|Disable|U-turn|[from] ability: Cursed Body|[of] p1a: Gengar
|faint|p1a: Gengar
|
|t:|1760356832
|switch|p2a: Slowking|Slowking-Galar, M|100/100|[from] U-turn
|
|upkeep
|l|☆Darryl69
|inactive|Darryl69 disconnected and has a minute to reconnect!
|player|p1|
|j|☆Darryl69
|inactive|Darryl69 reconnected and has 140 seconds left.
|player|p1|Darryl69|265|
|
|t:|1760356846
|switch|p1a: Kingambit|Kingambit, F, shiny|100/100
|-damage|p1a: Kingambit|94/100|[from] Stealth Rock
|-activate|p1a: Kingambit|ability: Supreme Overlord
|-start|p1a: Kingambit|fallen1|[silent]
|turn|20
|
|t:|1760356864
|switch|p2a: Landorus|Landorus-Therian, M|34/100
|-damage|p2a: Landorus|22/100|[from] Stealth Rock
|-ability|p2a: Landorus|Intimidate|boost
|-unboost|p1a: Kingambit|atk|1
|move|p1a: Kingambit|Kowtow Cleave|p2a: Landorus
|-damage|p2a: Landorus|0 fnt
|faint|p2a: Landorus
|
|upkeep
|
|t:|1760356872
|switch|p2a: Jirachi|Jirachi|100/100
|-damage|p2a: Jirachi|94/100|[from] Stealth Rock
|turn|21
|inactive|Darryl69 has 120 seconds left.
|
|t:|1760356904
|-terastallize|p2a: Jirachi|Dark
|move|p2a: Jirachi|Substitute|p2a: Jirachi
|-start|p2a: Jirachi|Substitute
|-damage|p2a: Jirachi|69/100
|move|p1a: Kingambit|Kowtow Cleave|p2a: Jirachi
|-resisted|p2a: Jirachi
|-activate|p2a: Jirachi|move: Substitute|[damage]
|
|-heal|p2a: Jirachi|75/100|[from] item: Leftovers
|upkeep
|turn|22
|
|t:|1760356912
|move|p2a: Jirachi|Iron Head|p1a: Kingambit
|-resisted|p1a: Kingambit
|-damage|p1a: Kingambit|84/100
|move|p1a: Kingambit|Iron Head|p2a: Jirachi
|-end|p2a: Jirachi|Substitute
|
|-heal|p2a: Jirachi|82/100|[from] item: Leftovers
|upkeep
|turn|23
|
|t:|1760356916
|move|p2a: Jirachi|Body Slam|p1a: Kingambit
|-resisted|p1a: Kingambit
|-damage|p1a: Kingambit|76/100
|-status|p1a: Kingambit|par
|move|p1a: Kingambit|Iron Head|p2a: Jirachi
|-damage|p2a: Jirachi|50/100
|
|-heal|p2a: Jirachi|57/100|[from] item: Leftovers
|upkeep
|turn|24
|
|t:|1760356921
|move|p2a: Jirachi|Iron Head|p1a: Kingambit
|-resisted|p1a: Kingambit
|-damage|p1a: Kingambit|67/100 par
|cant|p1a: Kingambit|flinch
|
|-heal|p2a: Jirachi|63/100|[from] item: Leftovers
|upkeep
|turn|25
|
|t:|1760356926
|move|p2a: Jirachi|Iron Head|p1a: Kingambit
|-resisted|p1a: Kingambit
|-damage|p1a: Kingambit|57/100 par
|cant|p1a: Kingambit|flinch
|
|-heal|p2a: Jirachi|69/100|[from] item: Leftovers
|upkeep
|turn|26
|
|t:|1760356932
|move|p2a: Jirachi|Substitute|p2a: Jirachi
|-start|p2a: Jirachi|Substitute
|-damage|p2a: Jirachi|44/100
|cant|p1a: Kingambit|par
|
|-heal|p2a: Jirachi|50/100|[from] item: Leftovers
|upkeep
|turn|27
|
|t:|1760356942
|-end|p1a: Kingambit|fallen1|[silent]
|switch|p1a: Dragapult|Dragapult, M|42/100
|move|p2a: Jirachi|Iron Head|p1a: Dragapult
|-damage|p1a: Dragapult|2/100
|
|-heal|p2a: Jirachi|56/100|[from] item: Leftovers
|upkeep
|turn|28
|
|t:|1760356951
|move|p1a: Dragapult|Dragon Darts|p2a: Jirachi
|-damage|p2a: Jirachi|38/100
|-anim|p1a: Dragapult|Dragon Darts|p2a: Jirachi
|-damage|p2a: Jirachi|17/100
|move|p2a: Jirachi|Iron Head|p1a: Dragapult
|-damage|p1a: Dragapult|0 fnt
|faint|p1a: Dragapult
|
|-heal|p2a: Jirachi|24/100|[from] item: Leftovers
|upkeep
|
|t:|1760356967
|switch|p1a: Iron Treads|Iron Treads|65/100
|-damage|p1a: Iron Treads|62/100|[from] Stealth Rock
|turn|29
|
|t:|1760356973
|move|p1a: Iron Treads|Rapid Spin|p2a: Jirachi
|-activate|p2a: Jirachi|move: Substitute|[damage]
|-sideend|p1: Darryl69|Stealth Rock|[from] move: Rapid Spin|[of] p1a: Iron Treads
|-boost|p1a: Iron Treads|spe|1
|move|p2a: Jirachi|Body Slam|p1a: Iron Treads
|-resisted|p1a: Iron Treads
|-damage|p1a: Iron Treads|55/100
|
|-heal|p2a: Jirachi|30/100|[from] item: Leftovers
|upkeep
|turn|30
|
|t:|1760356983
|move|p1a: Iron Treads|Earthquake|p2a: Jirachi
|-end|p2a: Jirachi|Substitute
|move|p2a: Jirachi|Body Slam|p1a: Iron Treads
|-resisted|p1a: Iron Treads
|-damage|p1a: Iron Treads|48/100
|-status|p1a: Iron Treads|par
|
|-heal|p2a: Jirachi|36/100|[from] item: Leftovers
|upkeep
|turn|31
|
|t:|1760356987
|switch|p2a: Alomomola|Alomomola, M|84/100
|move|p1a: Iron Treads|Earthquake|p2a: Alomomola
|-damage|p2a: Alomomola|63/100
|
|upkeep
|turn|32
|inactive|Darryl69 has 120 seconds left.
|inactive|Darryl69 has 90 seconds left.
|inactive|Darryl69 has 60 seconds left.
|
|t:|1760357086
|-end|p1a: Iron Treads|Quark Drive|[silent]
|switch|p1a: Iron Valiant|Iron Valiant, shiny|100/100
|-enditem|p1a: Iron Valiant|Booster Energy
|-activate|p1a: Iron Valiant|ability: Quark Drive|[fromitem]
|-start|p1a: Iron Valiant|quarkdrivespe
|move|p2a: Alomomola|Flip Turn|p1a: Iron Valiant
|-damage|p1a: Iron Valiant|79/100
|
|t:|1760357089
|switch|p2a: Slowking|Slowking-Galar, M|100/100|[from] Flip Turn
|
|upkeep
|turn|33
|inactive|Darryl69 has 60 seconds left.
|
|t:|1760357119
|move|p1a: Iron Valiant|Swords Dance|p1a: Iron Valiant
|-boost|p1a: Iron Valiant|atk|2
|move|p2a: Slowking|Thunder Wave|p1a: Iron Valiant
|-status|p1a: Iron Valiant|par
|
|upkeep
|turn|34
|
|t:|1760357137
|switch|p2a: Zapdos|Zapdos|80/100
|-damage|p2a: Zapdos|55/100|[from] Stealth Rock
|move|p1a: Iron Valiant|Shadow Claw|p2a: Zapdos
|-damage|p2a: Zapdos|22/100
|
|upkeep
|turn|35
|
|t:|1760357149
|cant|p1a: Iron Valiant|par
|move|p2a: Zapdos|Hurricane|p1a: Iron Valiant
|-supereffective|p1a: Iron Valiant
|-damage|p1a: Iron Valiant|0 fnt
|faint|p1a: Iron Valiant
|-end|p1a: Iron Valiant|Quark Drive|[silent]
|
|upkeep
|
|t:|1760357153
|switch|p1a: Enamorus|Enamorus, F|100/100
|turn|36
|
|t:|1760357156
|-terastallize|p1a: Enamorus|Stellar
|move|p1a: Enamorus|Tera Blast|p2a: Zapdos|[anim] Tera Blast Stellar
|-crit|p2a: Zapdos
|-damage|p2a: Zapdos|0 fnt
|-boost|p1a: Enamorus|atk|1
|-boost|p1a: Enamorus|spa|1
|faint|p2a: Zapdos
|
|upkeep
|
|t:|1760357160
|switch|p2a: Slowking|Slowking-Galar, M|100/100
|turn|37
|
|t:|1760357172
|switch|p1a: Kingambit|Kingambit, F, shiny|57/100 par
|-activate|p1a: Kingambit|ability: Supreme Overlord
|-start|p1a: Kingambit|fallen3|[silent]
|move|p2a: Slowking|Thunder Wave|p1a: Kingambit|[miss]
|-miss|p2a: Slowking|p1a: Kingambit
|
|upkeep
|turn|38
|
|t:|1760357180
|switch|p2a: Alomomola|Alomomola, M|96/100
|move|p1a: Kingambit|Kowtow Cleave|p2a: Alomomola
|-damage|p2a: Alomomola|53/100
|
|upkeep
|turn|39
|
|t:|1760357188
|-end|p1a: Kingambit|fallen3|[silent]
|switch|p1a: Iron Treads|Iron Treads|48/100 par
|move|p2a: Alomomola|Wish|p2a: Alomomola
|
|upkeep
|turn|40
|
|t:|1760357198
|cant|p1a: Iron Treads|par
|move|p2a: Alomomola|Flip Turn|p1a: Iron Treads
|-supereffective|p1a: Iron Treads
|-damage|p1a: Iron Treads|22/100 par
|
|t:|1760357200
|switch|p2a: Jirachi|Jirachi, tera:Dark|36/100|[from] Flip Turn
|-damage|p2a: Jirachi|24/100|[from] Stealth Rock
|
|-heal|p2a: Jirachi|90/100|[from] move: Wish|[wisher] Alomomola
|-heal|p2a: Jirachi|96/100|[from] item: Leftovers
|upkeep
|turn|41
|
|t:|1760357205
|move|p2a: Jirachi|Substitute|p2a: Jirachi
|-start|p2a: Jirachi|Substitute
|-damage|p2a: Jirachi|71/100
|move|p1a: Iron Treads|Earthquake|p2a: Jirachi
|-end|p2a: Jirachi|Substitute
|
|-heal|p2a: Jirachi|77/100|[from] item: Leftovers
|upkeep
|turn|42
|
|t:|1760357209
|move|p2a: Jirachi|Iron Head|p1a: Iron Treads
|-resisted|p1a: Iron Treads
|-crit|p1a: Iron Treads
|-damage|p1a: Iron Treads|8/100 par
|move|p1a: Iron Treads|Earthquake|p2a: Jirachi
|-damage|p2a: Jirachi|46/100
|
|-heal|p2a: Jirachi|52/100|[from] item: Leftovers
|upkeep
|turn|43
|
|t:|1760357214
|move|p2a: Jirachi|Substitute|p2a: Jirachi
|-start|p2a: Jirachi|Substitute
|-damage|p2a: Jirachi|27/100
|move|p1a: Iron Treads|Earthquake|p2a: Jirachi
|-end|p2a: Jirachi|Substitute
|
|-heal|p2a: Jirachi|33/100|[from] item: Leftovers
|upkeep
|turn|44
|inactive|Darryl69 has 120 seconds left.
|
|t:|1760357223
|switch|p2a: Alomomola|Alomomola, M|86/100
|move|p1a: Iron Treads|Earthquake|p2a: Alomomola
|-damage|p2a: Alomomola|64/100
|
|upkeep
|turn|45
|
|t:|1760357231
|move|p1a: Iron Treads|Earthquake|p2a: Alomomola
|-damage|p2a: Alomomola|45/100
|move|p2a: Alomomola|Wish|p2a: Alomomola
|
|upkeep
|turn|46
|
|t:|1760357236
|move|p1a: Iron Treads|Earthquake|p2a: Alomomola
|-damage|p2a: Alomomola|27/100
|move|p2a: Alomomola|Flip Turn|p1a: Iron Treads
|-supereffective|p1a: Iron Treads
|-damage|p1a: Iron Treads|0 fnt
|faint|p1a: Iron Treads
|-end|p1a: Iron Treads|Quark Drive|[silent]
|
|t:|1760357238
|switch|p2a: Jirachi|Jirachi, tera:Dark|33/100|[from] Flip Turn
|-damage|p2a: Jirachi|21/100|[from] Stealth Rock
|
|-heal|p2a: Jirachi|87/100|[from] move: Wish|[wisher] Alomomola
|-heal|p2a: Jirachi|93/100|[from] item: Leftovers
|upkeep
|
|t:|1760357251
|switch|p1a: Enamorus|Enamorus, F, tera:Stellar|100/100
|turn|47
|
|t:|1760357253
|switch|p2a: Slowking|Slowking-Galar, M|100/100
|move|p1a: Enamorus|Tera Blast|p2a: Slowking|[anim] Tera Blast Stellar
|-crit|p2a: Slowking
|-damage|p2a: Slowking|64/100
|-boost|p1a: Enamorus|atk|1
|-boost|p1a: Enamorus|spa|1
|
|upkeep
|turn|48
|
|t:|1760357259
|move|p1a: Enamorus|Tera Blast|p2a: Slowking|[anim] Tera Blast Stellar
|-damage|p2a: Slowking|30/100
|-boost|p1a: Enamorus|atk|1
|-boost|p1a: Enamorus|spa|1
|move|p2a: Slowking|Thunder Wave|p1a: Enamorus
|-status|p1a: Enamorus|par
|
|upkeep
|turn|49
|
|t:|1760357264
|move|p1a: Enamorus|Tera Blast|p2a: Slowking|[anim] Tera Blast Stellar
|-damage|p2a: Slowking|0 fnt
|-boost|p1a: Enamorus|atk|1
|-boost|p1a: Enamorus|spa|1
|faint|p2a: Slowking
|
|upkeep
|
|t:|1760357265
|switch|p2a: Jirachi|Jirachi, tera:Dark|93/100
|-damage|p2a: Jirachi|80/100|[from] Stealth Rock
|turn|50
|
|t:|1760357278
|move|p2a: Jirachi|Substitute|p2a: Jirachi
|-start|p2a: Jirachi|Substitute
|-damage|p2a: Jirachi|55/100
|cant|p1a: Enamorus|par
|
|-heal|p2a: Jirachi|62/100|[from] item: Leftovers
|upkeep
|turn|51
|
|t:|1760357283
|move|p2a: Jirachi|Iron Head|p1a: Enamorus
|-supereffective|p1a: Enamorus
|-damage|p1a: Enamorus|11/100 par
|cant|p1a: Enamorus|flinch
|
|-heal|p2a: Jirachi|68/100|[from] item: Leftovers
|upkeep
|turn|52
|
|t:|1760357286
|move|p2a: Jirachi|Iron Head|p1a: Enamorus
|-supereffective|p1a: Enamorus
|-damage|p1a: Enamorus|0 fnt
|faint|p1a: Enamorus
|
|-heal|p2a: Jirachi|74/100|[from] item: Leftovers
|upkeep
|
|t:|1760357291
|switch|p1a: Kingambit|Kingambit, F, shiny|57/100 par
|-activate|p1a: Kingambit|ability: Supreme Overlord
|-start|p1a: Kingambit|fallen5|[silent]
|turn|53
|-message|Darryl69 forfeited.
|
|win|AirTemples
|raw|Darryl69's rating: 1388 &rarr; <strong>1369</strong><br />(-19 for losing)
|raw|AirTemples's rating: 1405 &rarr; <strong>1424</strong><br />(+19 for winning)
|l|☆Darryl69
|player|p1|
