|j|☆WeR#4Hay!
|j|‽mantikarp2.0
|t:|1760461123
|gametype|singles
|player|p1|WeR#4Hay!|1|1620
|player|p2|mantikarp2.0|2|1640
|gen|9
|tier|[Gen 9] OU
|rated|
|rule|HP Percentage Mod: HP is shown in percentages
|rule|Endless Battle Clause: Forcing endless battles is banned
|rule|Species Clause: Limit one of each Pokémon
|rule|OHKO Clause: OHKO moves are banned
|rule|Evasion Items Clause: Evasion items are banned
|rule|Evasion Moves Clause: Evasion moves are banned
|rule|Evasion Abilities Clause: Evasion abilities are banned
|rule|Sleep Moves Clause: Sleep-inducing moves are banned
|clearpoke
|poke|p1|Lycanroc-Dusk, F|
|poke|p1|Volcanion|
|poke|p1|Corviknight, F|
|poke|p1|Great Tusk|
|poke|p1|Slowking-Galar, F|
|poke|p1|Darkrai|
|poke|p2|Ribombee, F|
|poke|p2|Gholdengo|
|poke|p2|Great Tusk|
|poke|p2|Raging Bolt|
|poke|p2|Ogerpon-Cornerstone, F|
|poke|p2|Ceruledge, M|
|teampreview
|inactive|Battle timer is ON: inactive players will automatically lose when time's up. (requested by mantikarp2.0)
|inactive|WeR#4Hay! has 120 seconds left.
|j| astro nation cold
|
|t:|1760461180
|teamsize|p1|6
|teamsize|p2|6
|start
|switch|p1a: Akira Kogami|Lycanroc-Dusk, F|100/100
|switch|p2a: Ribombee|Ribombee, F, shiny|100/100
|turn|1
|inactive|mantikarp2.0 has 120 seconds left.
|
|t:|1760461223
|move|p1a: Akira Kogami|Accelerock|p2a: Ribombee
|-supereffective|p2a: Ribombee
|-enditem|p2a: Ribombee|Focus Sash
|-damage|p2a: Ribombee|1/100
|move|p2a: Ribombee|Sticky Web|p1a: Akira Kogami
|-sidestart|p1: WeR#4Hay!|move: Sticky Web
|
|upkeep
|turn|2
|
|t:|1760461241
|move|p1a: Akira Kogami|Accelerock|p2a: Ribombee
|-supereffective|p2a: Ribombee
|-damage|p2a: Ribombee|0 fnt
|faint|p2a: Ribombee
|
|upkeep
|
|t:|1760461245
|switch|p2a: Ogerpon|Ogerpon-Cornerstone, F|100/100
|turn|3
|inactive|WeR#4Hay! has 120 seconds left.
|
|t:|1760461277
|move|p1a: Akira Kogami|Accelerock|p2a: Ogerpon
|-damage|p2a: Ogerpon|50/100
|move|p2a: Ogerpon|Ivy Cudgel|p1a: Akira Kogami|[anim] Ivy Cudgel Rock
|-damage|p1a: Akira Kogami|0 fnt
|faint|p1a: Akira Kogami
|
|upkeep
|inactive|WeR#4Hay! has 120 seconds left.
|inactive|WeR#4Hay! has 90 seconds left.
|inactive|WeR#4Hay! has 60 seconds left.
|
|t:|1760461369
|switch|p1a: Tsukasa Hiiragi|Darkrai|100/100
|-activate|p1a: Tsukasa Hiiragi|move: Sticky Web
|-unboost|p1a: Tsukasa Hiiragi|spe|1
|turn|4
|
|t:|1760461375
|move|p1a: Tsukasa Hiiragi|Dark Pulse|p2a: Ogerpon
|-damage|p2a: Ogerpon|0 fnt
|faint|p2a: Ogerpon
|
|upkeep
|
|t:|1760461382
|switch|p2a: Great Tusk|Great Tusk, shiny|100/100
|-enditem|p2a: Great Tusk|Booster Energy
|-activate|p2a: Great Tusk|ability: Protosynthesis|[fromitem]
|-start|p2a: Great Tusk|protosynthesisatk
|turn|5
|
|t:|1760461405
|switch|p1a: Miyuki Takara|Corviknight, F|100/100
|-ability|p1a: Miyuki Takara|Pressure
|move|p2a: Great Tusk|Close Combat|p1a: Miyuki Takara
|-damage|p1a: Miyuki Takara|55/100
|-unboost|p2a: Great Tusk|def|1
|-unboost|p2a: Great Tusk|spd|1
|-damage|p2a: Great Tusk|84/100|[from] item: Rocky Helmet|[of] p1a: Miyuki Takara
|
|upkeep
|turn|6
|
|t:|1760461419
|-end|p2a: Great Tusk|Protosynthesis|[silent]
|switch|p2a: Raging Bolt|Raging Bolt|100/100
|-enditem|p2a: Raging Bolt|Booster Energy
|-activate|p2a: Raging Bolt|ability: Protosynthesis|[fromitem]
|-start|p2a: Raging Bolt|protosynthesisspa
|move|p1a: Miyuki Takara|Roost|p1a: Miyuki Takara
|-heal|p1a: Miyuki Takara|100/100
|-singleturn|p1a: Miyuki Takara|move: Roost
|
|upkeep
|turn|7
|
|t:|1760461443
|switch|p1a: Konata Izumi|Slowking-Galar, F|100/100
|-activate|p1a: Konata Izumi|move: Sticky Web
|-unboost|p1a: Konata Izumi|spe|1
|move|p2a: Raging Bolt|Calm Mind|p2a: Raging Bolt
|-boost|p2a: Raging Bolt|spa|1
|-boost|p2a: Raging Bolt|spd|1
|
|upkeep
|turn|8
|
|t:|1760461449
|move|p2a: Raging Bolt|Calm Mind|p2a: Raging Bolt
|-boost|p2a: Raging Bolt|spa|1
|-boost|p2a: Raging Bolt|spd|1
|move|p1a: Konata Izumi|Future Sight|p2a: Raging Bolt
|-start|p1a: Konata Izumi|move: Future Sight
|
|upkeep
|turn|9
|
|t:|1760461454
|move|p2a: Raging Bolt|Calm Mind|p2a: Raging Bolt
|-boost|p2a: Raging Bolt|spa|1
|-boost|p2a: Raging Bolt|spd|1
|move|p1a: Konata Izumi|Sludge Bomb|p2a: Raging Bolt
|-damage|p2a: Raging Bolt|86/100
|
|upkeep
|turn|10
|
|t:|1760461462
|move|p2a: Raging Bolt|Thunderbolt|p1a: Konata Izumi
|-damage|p1a: Konata Izumi|0 fnt
|faint|p1a: Konata Izumi
|
|-end|p2a: Raging Bolt|move: Future Sight
|-damage|p2a: Raging Bolt|70/100
|upkeep
|
|t:|1760461464
|switch|p1a: Minoru Shiraishi|Great Tusk|100/100
|turn|11
|
|t:|1760461467
|-terastallize|p2a: Raging Bolt|Bug
|move|p1a: Minoru Shiraishi|Headlong Rush|p2a: Raging Bolt
|-resisted|p2a: Raging Bolt
|-damage|p2a: Raging Bolt|41/100
|-unboost|p1a: Minoru Shiraishi|def|1
|-unboost|p1a: Minoru Shiraishi|spd|1
|move|p2a: Raging Bolt|Dragon Pulse|p1a: Minoru Shiraishi
|-damage|p1a: Minoru Shiraishi|0 fnt
|faint|p1a: Minoru Shiraishi
|-end|p1a: Minoru Shiraishi|Protosynthesis|[silent]
|
|upkeep
|-message|WeR#4Hay! forfeited.
|
|win|mantikarp2.0
|raw|WeR#4Hay!'s rating: 1620 &rarr; <strong>1601</strong><br />(-19 for losing)
|raw|mantikarp2.0's rating: 1640 &rarr; <strong>1659</strong><br />(+19 for winning)
|l|☆WeR#4Hay!
|player|p1|
|l|‽mantikarp2.0
|player|p2|
