|j|☆GlormbusTemples
|j|☆Poklie
|t:|1760451695
|gametype|singles
|player|p1|GlormbusTemples|pokekid|1180
|player|p2|Poklie|barry|1160
|gen|9
|tier|[Gen 9] OU
|rated|
|rule|HP Percentage Mod: HP is shown in percentages
|rule|Endless Battle Clause: Forcing endless battles is banned
|rule|Species Clause: Limit one of each Pokémon
|rule|OHKO Clause: OHKO moves are banned
|rule|Evasion Items Clause: Evasion items are banned
|rule|Evasion Moves Clause: Evasion moves are banned
|rule|Evasion Abilities Clause: Evasion abilities are banned
|rule|Sleep Moves Clause: Sleep-inducing moves are banned
|clearpoke
|poke|p1|Zapdos|
|poke|p1|Slowking-Galar, M|
|poke|p1|Jirachi|
|poke|p1|Landorus-Therian, M|
|poke|p1|Alomomola, M|
|poke|p1|Kingambit, F|
|poke|p2|Dragapult, M|
|poke|p2|Iron Valiant|
|poke|p2|Slowking-Galar, M|
|poke|p2|Great Tusk|
|poke|p2|Moltres|
|poke|p2|Dondozo, M|
|teampreview
|
|t:|1760451723
|teamsize|p1|6
|teamsize|p2|6
|start
|switch|p1a: Landorus|Landorus-Therian, M|100/100
|switch|p2a: Great Tusk|Great Tusk|100/100
|-ability|p1a: Landorus|Intimidate|boost
|-unboost|p2a: Great Tusk|atk|1
|-enditem|p2a: Great Tusk|Booster Energy
|-activate|p2a: Great Tusk|ability: Protosynthesis|[fromitem]
|-start|p2a: Great Tusk|protosynthesisdef
|turn|1
|
|t:|1760451733
|switch|p1a: Zapdos|Zapdos|100/100
|move|p2a: Great Tusk|Knock Off|p1a: Zapdos
|-damage|p1a: Zapdos|86/100
|-enditem|p1a: Zapdos|Heavy-Duty Boots|[from] move: Knock Off|[of] p2a: Great Tusk
|
|upkeep
|turn|2
|
|t:|1760451744
|move|p1a: Zapdos|Substitute|p1a: Zapdos
|-start|p1a: Zapdos|Substitute
|-damage|p1a: Zapdos|62/100
|move|p2a: Great Tusk|Stealth Rock|p1a: Zapdos
|-sidestart|p1: GlormbusTemples|move: Stealth Rock
|
|upkeep
|turn|3
|
|t:|1760451756
|-end|p2a: Great Tusk|Protosynthesis|[silent]
|switch|p2a: Dragapult|Dragapult, M|100/100
|move|p1a: Zapdos|Roost|p1a: Zapdos
|-heal|p1a: Zapdos|100/100
|-singleturn|p1a: Zapdos|move: Roost
|
|upkeep
|turn|4
|
|t:|1760451765
|move|p2a: Dragapult|Draco Meteor|p1a: Zapdos
|-damage|p1a: Zapdos|43/100
|-unboost|p2a: Dragapult|spa|2
|move|p1a: Zapdos|Discharge|p2a: Dragapult
|-resisted|p2a: Dragapult
|-damage|p2a: Dragapult|79/100
|
|upkeep
|turn|5
|
|t:|1760451777
|move|p2a: Dragapult|Will-O-Wisp|p1a: Zapdos
|-status|p1a: Zapdos|brn
|move|p1a: Zapdos|Roost|p1a: Zapdos
|-heal|p1a: Zapdos|93/100 brn
|-singleturn|p1a: Zapdos|move: Roost
|
|-damage|p1a: Zapdos|87/100 brn|[from] brn
|upkeep
|turn|6
|
|t:|1760451788
|move|p2a: Dragapult|Hex|p1a: Zapdos
|-damage|p1a: Zapdos|59/100 brn
|move|p1a: Zapdos|Hurricane|p2a: Dragapult
|-damage|p2a: Dragapult|17/100
|
|-damage|p1a: Zapdos|53/100 brn|[from] brn
|upkeep
|turn|7
|
|t:|1760451797
|move|p2a: Dragapult|U-turn|p1a: Zapdos
|-resisted|p1a: Zapdos
|-damage|p1a: Zapdos|47/100 brn
|
|t:|1760451803
|switch|p2a: Slowking|Slowking-Galar, M|100/100|[from] U-turn
|move|p1a: Zapdos|Roost|p1a: Zapdos
|-heal|p1a: Zapdos|98/100 brn
|-singleturn|p1a: Zapdos|move: Roost
|
|-damage|p1a: Zapdos|92/100 brn|[from] brn
|upkeep
|turn|8
|
|t:|1760451815
|move|p1a: Zapdos|Discharge|p2a: Slowking
|-damage|p2a: Slowking|80/100
|move|p2a: Slowking|Flamethrower|p1a: Zapdos
|-activate|p1a: Zapdos|move: Substitute|[damage]
|
|-heal|p2a: Slowking|86/100|[from] item: Leftovers
|-damage|p1a: Zapdos|86/100 brn|[from] brn
|upkeep
|turn|9
|
|t:|1760451827
|move|p1a: Zapdos|Discharge|p2a: Slowking
|-damage|p2a: Slowking|66/100
|move|p2a: Slowking|Flamethrower|p1a: Zapdos
|-end|p1a: Zapdos|Substitute
|
|-heal|p2a: Slowking|73/100|[from] item: Leftovers
|-damage|p1a: Zapdos|80/100 brn|[from] brn
|upkeep
|turn|10
|
|t:|1760451837
|switch|p1a: Slowking|Slowking-Galar, M|100/100
|move|p2a: Slowking|Psychic Noise|p1a: Slowking
|-damage|p1a: Slowking|85/100
|-start|p1a: Slowking|move: Heal Block
|
|-heal|p2a: Slowking|79/100|[from] item: Leftovers
|upkeep
|turn|11
|
|t:|1760451855
|move|p2a: Slowking|Flamethrower|p1a: Slowking
|-damage|p1a: Slowking|73/100
|move|p1a: Slowking|Psychic Noise|p2a: Slowking
|-damage|p2a: Slowking|63/100
|-start|p2a: Slowking|move: Heal Block
|
|-end|p1a: Slowking|move: Heal Block
|upkeep
|turn|12
|
|t:|1760451867
|move|p2a: Slowking|Flamethrower|p1a: Slowking
|-damage|p1a: Slowking|60/100
|move|p1a: Slowking|Thunder Wave|p2a: Slowking
|-status|p2a: Slowking|par
|
|-end|p2a: Slowking|move: Heal Block
|upkeep
|turn|13
|
|t:|1760451883
|switch|p2a: Iron Valiant|Iron Valiant|100/100
|-enditem|p2a: Iron Valiant|Booster Energy
|-activate|p2a: Iron Valiant|ability: Quark Drive|[fromitem]
|-start|p2a: Iron Valiant|quarkdrivespe
|move|p1a: Slowking|Psychic Noise|p2a: Iron Valiant
|-supereffective|p2a: Iron Valiant
|-damage|p2a: Iron Valiant|0 fnt
|faint|p2a: Iron Valiant
|-end|p2a: Iron Valiant|Quark Drive|[silent]
|
|upkeep
|
|t:|1760451897
|switch|p2a: Great Tusk|Great Tusk|100/100
|turn|14
|
|t:|1760451914
|switch|p1a: Zapdos|Zapdos|80/100 brn
|-damage|p1a: Zapdos|55/100 brn|[from] Stealth Rock
|move|p2a: Great Tusk|Knock Off|p1a: Zapdos
|-damage|p1a: Zapdos|42/100 brn
|
|-damage|p1a: Zapdos|36/100 brn|[from] brn
|upkeep
|turn|15
|
|t:|1760451939
|move|p1a: Zapdos|Roost|p1a: Zapdos
|-heal|p1a: Zapdos|86/100 brn
|-singleturn|p1a: Zapdos|move: Roost
|move|p2a: Great Tusk|Body Press|p1a: Zapdos
|-damage|p1a: Zapdos|52/100 brn
|
|-damage|p1a: Zapdos|46/100 brn|[from] brn
|upkeep
|turn|16
|
|t:|1760451948
|-end|p2a: Great Tusk|Protosynthesis|[silent]
|switch|p2a: Dragapult|Dragapult, M|17/100
|move|p1a: Zapdos|Substitute|p1a: Zapdos
|-start|p1a: Zapdos|Substitute
|-damage|p1a: Zapdos|21/100 brn
|
|-damage|p1a: Zapdos|15/100 brn|[from] brn
|upkeep
|turn|17
|
|t:|1760451957
|move|p2a: Dragapult|Hex|p1a: Zapdos
|-damage|p1a: Zapdos|0 fnt
|faint|p1a: Zapdos
|
|upkeep
|
|t:|1760451958
|switch|p1a: Slowking|Slowking-Galar, M|93/100
|turn|18
|
|t:|1760451970
|move|p2a: Dragapult|U-turn|p1a: Slowking
|-damage|p1a: Slowking|75/100
|
|t:|1760451976
|switch|p2a: Dondozo|Dondozo, M|100/100|[from] U-turn
|move|p1a: Slowking|Psychic Noise|p2a: Dondozo
|-damage|p2a: Dondozo|75/100
|-start|p2a: Dondozo|move: Heal Block
|
|upkeep
|turn|19
|
|t:|1760451985
|move|p2a: Dondozo|Earthquake|p1a: Slowking
|-supereffective|p1a: Slowking
|-damage|p1a: Slowking|28/100
|move|p1a: Slowking|Thunder Wave|p2a: Dondozo|[miss]
|-miss|p1a: Slowking|p2a: Dondozo
|
|-end|p2a: Dondozo|move: Heal Block
|upkeep
|turn|20
|
|t:|1760451998
|switch|p1a: Landorus|Landorus-Therian, M|100/100
|-damage|p1a: Landorus|88/100|[from] Stealth Rock
|-ability|p1a: Landorus|Intimidate|boost
|-unboost|p2a: Dondozo|atk|1
|move|p2a: Dondozo|Liquidation|p1a: Landorus
|-supereffective|p1a: Landorus
|-damage|p1a: Landorus|52/100
|
|-heal|p2a: Dondozo|82/100|[from] item: Leftovers
|upkeep
|turn|21
|
|t:|1760452011
|move|p1a: Landorus|U-turn|p2a: Dondozo
|-damage|p2a: Dondozo|72/100
|
|t:|1760452016
|switch|p1a: Jirachi|Jirachi|100/100|[from] U-turn
|-damage|p1a: Jirachi|94/100|[from] Stealth Rock
|move|p2a: Dondozo|Liquidation|p1a: Jirachi
|-damage|p1a: Jirachi|76/100
|
|-heal|p1a: Jirachi|83/100|[from] item: Leftovers
|-heal|p2a: Dondozo|78/100|[from] item: Leftovers
|upkeep
|turn|22
|
|t:|1760452027
|move|p1a: Jirachi|Body Slam|p2a: Dondozo
|-damage|p2a: Dondozo|69/100
|move|p2a: Dondozo|Earthquake|p1a: Jirachi
|-supereffective|p1a: Jirachi
|-damage|p1a: Jirachi|58/100
|
|-heal|p1a: Jirachi|65/100|[from] item: Leftovers
|-heal|p2a: Dondozo|75/100|[from] item: Leftovers
|upkeep
|turn|23
|
|t:|1760452038
|move|p1a: Jirachi|Iron Head|p2a: Dondozo
|-resisted|p2a: Dondozo
|-damage|p2a: Dondozo|69/100
|move|p2a: Dondozo|Earthquake|p1a: Jirachi
|-supereffective|p1a: Jirachi
|-damage|p1a: Jirachi|38/100
|
|-heal|p1a: Jirachi|44/100|[from] item: Leftovers
|-heal|p2a: Dondozo|75/100|[from] item: Leftovers
|upkeep
|turn|24
|
|t:|1760452049
|move|p1a: Jirachi|Psychic Noise|p2a: Dondozo
|-damage|p2a: Dondozo|52/100
|-start|p2a: Dondozo|move: Heal Block
|move|p2a: Dondozo|Earthquake|p1a: Jirachi
|-supereffective|p1a: Jirachi
|-damage|p1a: Jirachi|17/100
|
|-heal|p1a: Jirachi|23/100|[from] item: Leftovers
|upkeep
|turn|25
|
|t:|1760452060
|switch|p1a: Alomomola|Alomomola, M|100/100
|move|p2a: Dondozo|Earthquake|p1a: Alomomola
|-damage|p1a: Alomomola|92/100
|
|-end|p2a: Dondozo|move: Heal Block
|upkeep
|turn|26
|
|t:|1760452071
|move|p1a: Alomomola|Wish|p1a: Alomomola
|move|p2a: Dondozo|Rest|p2a: Dondozo
|-status|p2a: Dondozo|slp|[from] move: Rest
|-heal|p2a: Dondozo|100/100 slp|[silent]
|
|upkeep
|turn|27
|
|t:|1760452077
|move|p1a: Alomomola|Flip Turn|p2a: Dondozo
|-resisted|p2a: Dondozo
|-damage|p2a: Dondozo|97/100 slp
|
|t:|1760452080
|switch|p1a: Landorus|Landorus-Therian, M|52/100|[from] Flip Turn
|-damage|p1a: Landorus|40/100|[from] Stealth Rock
|-ability|p1a: Landorus|Intimidate|boost
|-unboost|p2a: Dondozo|atk|1
|cant|p2a: Dondozo|slp
|move|p2a: Dondozo|Sleep Talk|p2a: Dondozo
|move|p2a: Dondozo|Earthquake|p1a: Landorus|[from] move: Sleep Talk
|-immune|p1a: Landorus
|
|-heal|p1a: Landorus|100/100|[from] move: Wish|[wisher] Alomomola
|-heal|p2a: Dondozo|100/100 slp|[from] item: Leftovers
|upkeep
|turn|28
|
|t:|1760452098
|move|p1a: Landorus|Stealth Rock|p2a: Dondozo
|-sidestart|p2: Poklie|move: Stealth Rock
|cant|p2a: Dondozo|slp
|move|p2a: Dondozo|Sleep Talk|p2a: Dondozo
|move|p2a: Dondozo|Liquidation|p1a: Landorus|[from] move: Sleep Talk
|-supereffective|p1a: Landorus
|-damage|p1a: Landorus|73/100
|
|upkeep
|turn|29
|
|t:|1760452109
|move|p1a: Landorus|U-turn|p2a: Dondozo
|-damage|p2a: Dondozo|92/100 slp
|
|t:|1760452111
|switch|p1a: Alomomola|Alomomola, M|100/100|[from] U-turn
|-curestatus|p2a: Dondozo|slp|[msg]
|move|p2a: Dondozo|Liquidation|p1a: Alomomola
|-resisted|p1a: Alomomola
|-damage|p1a: Alomomola|96/100
|
|-heal|p2a: Dondozo|98/100|[from] item: Leftovers
|upkeep
|turn|30
|
|t:|1760452136
|switch|p2a: Slowking|Slowking-Galar, M|97/100 par
|-damage|p2a: Slowking|84/100 par|[from] Stealth Rock
|move|p1a: Alomomola|Flip Turn|p2a: Slowking
|-damage|p2a: Slowking|66/100 par
|
|t:|1760452143
|switch|p1a: Slowking|Slowking-Galar, M|62/100|[from] Flip Turn
|
|-heal|p2a: Slowking|72/100 par|[from] item: Leftovers
|upkeep
|turn|31
|
|t:|1760452155
|move|p1a: Slowking|Psychic Noise|p2a: Slowking
|-damage|p2a: Slowking|56/100 par
|-start|p2a: Slowking|move: Heal Block
|move|p2a: Slowking|Flamethrower|p1a: Slowking
|-damage|p1a: Slowking|48/100
|
|upkeep
|turn|32
|
|t:|1760452168
|move|p1a: Slowking|Psychic Noise|p2a: Slowking
|-crit|p2a: Slowking
|-damage|p2a: Slowking|31/100 par
|move|p2a: Slowking|Flamethrower|p1a: Slowking
|-damage|p1a: Slowking|34/100
|
|-end|p2a: Slowking|move: Heal Block
|upkeep
|turn|33
|
|t:|1760452179
|switch|p1a: Alomomola|Alomomola, M|100/100
|move|p2a: Slowking|Slack Off|p2a: Slowking
|-heal|p2a: Slowking|81/100 par
|
|-heal|p2a: Slowking|87/100 par|[from] item: Leftovers
|upkeep
|turn|34
|
|t:|1760452189
|move|p1a: Alomomola|Flip Turn|p2a: Slowking
|-damage|p2a: Slowking|70/100 par
|
|t:|1760452192
|switch|p1a: Slowking|Slowking-Galar, M|67/100|[from] Flip Turn
|cant|p2a: Slowking|par
|
|-heal|p2a: Slowking|76/100 par|[from] item: Leftovers
|upkeep
|turn|35
|
|t:|1760452200
|move|p1a: Slowking|Psychic Noise|p2a: Slowking
|-damage|p2a: Slowking|60/100 par
|-start|p2a: Slowking|move: Heal Block
|move|p2a: Slowking|Psychic Noise|p1a: Slowking
|-damage|p1a: Slowking|50/100
|-start|p1a: Slowking|move: Heal Block
|
|upkeep
|turn|36
|
|t:|1760452211
|-prepare|p1a: Slowking|Chilly Reception|[premajor]
|move|p1a: Slowking|Chilly Reception|p1a: Slowking
|-weather|Snowscape
|
|t:|1760452213
|switch|p1a: Alomomola|Alomomola, M|100/100|[from] Chilly Reception
|move|p2a: Slowking|Psychic Noise|p1a: Alomomola
|-damage|p1a: Alomomola|67/100
|-start|p1a: Alomomola|move: Heal Block
|
|-weather|Snowscape|[upkeep]
|-end|p2a: Slowking|move: Heal Block
|upkeep
|turn|37
|
|t:|1760452226
|move|p1a: Alomomola|Flip Turn|p2a: Slowking
|-damage|p2a: Slowking|44/100 par
|
|t:|1760452229
|switch|p1a: Slowking|Slowking-Galar, M|84/100|[from] Flip Turn
|cant|p2a: Slowking|par
|
|-weather|Snowscape|[upkeep]
|-heal|p2a: Slowking|50/100 par|[from] item: Leftovers
|upkeep
|turn|38
|
|t:|1760452250
|move|p1a: Slowking|Psychic Noise|p2a: Slowking
|-damage|p2a: Slowking|32/100 par
|-start|p2a: Slowking|move: Heal Block
|cant|p2a: Slowking|par
|
|-weather|Snowscape|[upkeep]
|upkeep
|turn|39
|
|t:|1760452262
|move|p1a: Slowking|Psychic Noise|p2a: Slowking
|-damage|p2a: Slowking|16/100 par
|move|p2a: Slowking|Flamethrower|p1a: Slowking
|-damage|p1a: Slowking|72/100
|-status|p1a: Slowking|brn
|
|-weather|Snowscape|[upkeep]
|-damage|p1a: Slowking|65/100 brn|[from] brn
|-end|p2a: Slowking|move: Heal Block
|upkeep
|turn|40
|
|t:|1760452288
|switch|p2a: Moltres|Moltres|100/100
|-ability|p2a: Moltres|Pressure
|move|p1a: Slowking|Psychic Noise|p2a: Moltres
|-damage|p2a: Moltres|75/100
|-start|p2a: Moltres|move: Heal Block
|
|-weather|none
|-damage|p1a: Slowking|59/100 brn|[from] brn
|upkeep
|turn|41
|
|t:|1760452301
|move|p2a: Moltres|Air Slash|p1a: Slowking
|-damage|p1a: Slowking|38/100 brn
|cant|p1a: Slowking|flinch
|
|-damage|p1a: Slowking|32/100 brn|[from] brn
|-end|p2a: Moltres|move: Heal Block
|upkeep
|turn|42
|
|t:|1760452310
|switch|p1a: Alomomola|Alomomola, M|100/100
|move|p2a: Moltres|Air Slash|p1a: Alomomola
|-damage|p1a: Alomomola|56/100
|
|upkeep
|turn|43
|
|t:|1760452321
|switch|p2a: Dragapult|Dragapult, M|17/100
|switch|p1a: Slowking|Slowking-Galar, M|65/100 brn
|
|-damage|p1a: Slowking|59/100 brn|[from] brn
|upkeep
|turn|44
|
|t:|1760452330
|-terastallize|p2a: Dragapult|Ghost
|-terastallize|p1a: Slowking|Normal
|move|p2a: Dragapult|Hex|p1a: Slowking
|-immune|p1a: Slowking
|move|p1a: Slowking|Psychic Noise|p2a: Dragapult
|-damage|p2a: Dragapult|0 fnt
|faint|p2a: Dragapult
|
|-damage|p1a: Slowking|53/100 brn|[from] brn
|upkeep
|
|t:|1760452349
|switch|p2a: Great Tusk|Great Tusk|100/100
|-damage|p2a: Great Tusk|98/100|[from] Stealth Rock
|turn|45
|
|t:|1760452354
|switch|p1a: Alomomola|Alomomola, M|89/100
|move|p2a: Great Tusk|Body Press|p1a: Alomomola
|-damage|p1a: Alomomola|65/100
|
|upkeep
|turn|46
|
|t:|1760452362
|move|p2a: Great Tusk|Body Press|p1a: Alomomola
|-damage|p1a: Alomomola|40/100
|move|p1a: Alomomola|Wish|p1a: Alomomola
|
|upkeep
|turn|47
|
|t:|1760452369
|move|p2a: Great Tusk|Knock Off|p1a: Alomomola
|-damage|p1a: Alomomola|27/100
|-enditem|p1a: Alomomola|Heavy-Duty Boots|[from] move: Knock Off|[of] p2a: Great Tusk
|move|p1a: Alomomola|Flip Turn|p2a: Great Tusk
|-supereffective|p2a: Great Tusk
|-damage|p2a: Great Tusk|81/100
|
|t:|1760452375
|switch|p1a: Landorus|Landorus-Therian, M|73/100|[from] Flip Turn
|-damage|p1a: Landorus|61/100|[from] Stealth Rock
|-ability|p1a: Landorus|Intimidate|boost
|-unboost|p2a: Great Tusk|atk|1
|
|-heal|p1a: Landorus|100/100|[from] move: Wish|[wisher] Alomomola
|upkeep
|turn|48
|
|t:|1760452387
|move|p1a: Landorus|Fling|p2a: Great Tusk
|-resisted|p2a: Great Tusk
|-damage|p2a: Great Tusk|79/100
|-status|p2a: Great Tusk|par
|-enditem|p1a: Landorus|Light Ball|[from] move: Fling
|move|p2a: Great Tusk|Rapid Spin|p1a: Landorus
|-damage|p1a: Landorus|90/100
|-boost|p2a: Great Tusk|spe|1
|-sideend|p2: Poklie|Stealth Rock|[from] move: Rapid Spin|[of] p2a: Great Tusk
|
|upkeep
|turn|49
|
|t:|1760452399
|-end|p2a: Great Tusk|Protosynthesis|[silent]
|switch|p2a: Dondozo|Dondozo, M|98/100
|move|p1a: Landorus|Stealth Rock|p2a: Dondozo
|-sidestart|p2: Poklie|move: Stealth Rock
|
|-heal|p2a: Dondozo|100/100|[from] item: Leftovers
|upkeep
|turn|50
|
|t:|1760452411
|move|p1a: Landorus|U-turn|p2a: Dondozo
|-damage|p2a: Dondozo|92/100
|
|t:|1760452413
|switch|p1a: Alomomola|Alomomola, M|60/100|[from] U-turn
|-damage|p1a: Alomomola|48/100|[from] Stealth Rock
|move|p2a: Dondozo|Earthquake|p1a: Alomomola
|-damage|p1a: Alomomola|35/100
|
|-heal|p2a: Dondozo|98/100|[from] item: Leftovers
|upkeep
|turn|51
|
|t:|1760452426
|move|p1a: Alomomola|Flip Turn|p2a: Dondozo
|-resisted|p2a: Dondozo
|-damage|p2a: Dondozo|94/100
|
|t:|1760452428
|switch|p1a: Landorus|Landorus-Therian, M|90/100|[from] Flip Turn
|-damage|p1a: Landorus|78/100|[from] Stealth Rock
|-ability|p1a: Landorus|Intimidate|boost
|-unboost|p2a: Dondozo|atk|1
|move|p2a: Dondozo|Liquidation|p1a: Landorus
|-supereffective|p1a: Landorus
|-damage|p1a: Landorus|40/100
|
|-heal|p2a: Dondozo|99/100|[from] item: Leftovers
|upkeep
|turn|52
|
|t:|1760452442
|switch|p1a: Alomomola|Alomomola, M|68/100
|-damage|p1a: Alomomola|56/100|[from] Stealth Rock
|move|p2a: Dondozo|Earthquake|p1a: Alomomola
|-damage|p1a: Alomomola|47/100
|
|-heal|p2a: Dondozo|100/100|[from] item: Leftovers
|upkeep
|turn|53
|
|t:|1760452452
|move|p1a: Alomomola|Wish|p1a: Alomomola
|move|p2a: Dondozo|Liquidation|p1a: Alomomola
|-resisted|p1a: Alomomola
|-damage|p1a: Alomomola|41/100
|
|upkeep
|turn|54
|
|t:|1760452461
|move|p1a: Alomomola|Body Slam|p2a: Dondozo
|-damage|p2a: Dondozo|94/100
|-status|p2a: Dondozo|par
|move|p2a: Dondozo|Liquidation|p1a: Alomomola
|-resisted|p1a: Alomomola
|-damage|p1a: Alomomola|36/100
|
|-heal|p1a: Alomomola|86/100|[from] move: Wish|[wisher] Alomomola
|-heal|p2a: Dondozo|99/100 par|[from] item: Leftovers
|upkeep
|turn|55
|
|t:|1760452474
|move|p1a: Alomomola|Wish|p1a: Alomomola
|cant|p2a: Dondozo|par
|
|-heal|p2a: Dondozo|100/100 par|[from] item: Leftovers
|upkeep
|turn|56
|
|t:|1760452481
|move|p1a: Alomomola|Flip Turn|p2a: Dondozo
|-resisted|p2a: Dondozo
|-damage|p2a: Dondozo|97/100 par
|
|t:|1760452483
|switch|p1a: Landorus|Landorus-Therian, M|40/100|[from] Flip Turn
|-damage|p1a: Landorus|27/100|[from] Stealth Rock
|-ability|p1a: Landorus|Intimidate|boost
|-unboost|p2a: Dondozo|atk|1
|move|p2a: Dondozo|Liquidation|p1a: Landorus
|-supereffective|p1a: Landorus
|-damage|p1a: Landorus|0 fnt
|faint|p1a: Landorus
|
|-heal|p2a: Dondozo|100/100 par|[from] item: Leftovers
|upkeep
|
|t:|1760452486
|switch|p1a: Slowking|Slowking-Galar, M, tera:Normal|86/100 brn
|turn|57
|
|t:|1760452504
|move|p1a: Slowking|Psychic Noise|p2a: Dondozo
|-damage|p2a: Dondozo|74/100 par
|-start|p2a: Dondozo|move: Heal Block
|move|p2a: Dondozo|Liquidation|p1a: Slowking
|-damage|p1a: Slowking|72/100 brn
|-unboost|p1a: Slowking|def|1
|
|-damage|p1a: Slowking|66/100 brn|[from] brn
|upkeep
|turn|58
|
|t:|1760452516
|switch|p1a: Alomomola|Alomomola, M|100/100
|-damage|p1a: Alomomola|88/100|[from] Stealth Rock
|move|p2a: Dondozo|Liquidation|p1a: Alomomola
|-resisted|p1a: Alomomola
|-damage|p1a: Alomomola|84/100
|-unboost|p1a: Alomomola|def|1
|
|-end|p2a: Dondozo|move: Heal Block
|upkeep
|turn|59
|
|t:|1760452527
|move|p1a: Alomomola|Flip Turn|p2a: Dondozo
|-resisted|p2a: Dondozo
|-damage|p2a: Dondozo|71/100 par
|
|t:|1760452541
|switch|p1a: Slowking|Slowking-Galar, M, tera:Normal|99/100 brn|[from] Flip Turn
|move|p2a: Dondozo|Rest|p2a: Dondozo
|-status|p2a: Dondozo|slp|[from] move: Rest
|-heal|p2a: Dondozo|100/100 slp|[silent]
|
|-damage|p1a: Slowking|93/100 brn|[from] brn
|upkeep
|turn|60
|
|t:|1760452559
|cant|p2a: Dondozo|slp
|move|p2a: Dondozo|Sleep Talk|p2a: Dondozo
|move|p2a: Dondozo|Liquidation|p1a: Slowking|[from] move: Sleep Talk
|-damage|p1a: Slowking|77/100 brn
|move|p1a: Slowking|Sludge Bomb|p2a: Dondozo
|-damage|p2a: Dondozo|69/100 slp
|
|-heal|p2a: Dondozo|75/100 slp|[from] item: Leftovers
|-damage|p1a: Slowking|71/100 brn|[from] brn
|upkeep
|turn|61
|
|t:|1760452578
|switch|p2a: Great Tusk|Great Tusk|79/100 par
|-damage|p2a: Great Tusk|76/100 par|[from] Stealth Rock
|move|p1a: Slowking|Sludge Bomb|p2a: Great Tusk
|-resisted|p2a: Great Tusk
|-damage|p2a: Great Tusk|53/100 par
|
|-damage|p1a: Slowking|65/100 brn|[from] brn
|upkeep
|turn|62
|
|t:|1760452590
|switch|p1a: Alomomola|Alomomola, M|100/100
|-damage|p1a: Alomomola|88/100|[from] Stealth Rock
|move|p2a: Great Tusk|Body Press|p1a: Alomomola
|-damage|p1a: Alomomola|62/100
|
|upkeep
|turn|63
|
|t:|1760452605
|move|p1a: Alomomola|Wish|p1a: Alomomola
|cant|p2a: Great Tusk|par
|
|upkeep
|turn|64
|
|t:|1760452614
|move|p1a: Alomomola|Body Slam|p2a: Great Tusk
|-damage|p2a: Great Tusk|47/100 par
|move|p2a: Great Tusk|Rapid Spin|p1a: Alomomola
|-damage|p1a: Alomomola|55/100
|-boost|p2a: Great Tusk|spe|1
|-sideend|p2: Poklie|Stealth Rock|[from] move: Rapid Spin|[of] p2a: Great Tusk
|
|-heal|p1a: Alomomola|100/100|[from] move: Wish|[wisher] Alomomola
|upkeep
|turn|65
|
|t:|1760452630
|-end|p2a: Great Tusk|Protosynthesis|[silent]
|switch|p2a: Slowking|Slowking-Galar, M|49/100 par
|move|p1a: Alomomola|Wish|p1a: Alomomola
|
|-heal|p2a: Slowking|56/100 par|[from] item: Leftovers
|upkeep
|turn|66
|
|t:|1760452638
|move|p1a: Alomomola|Flip Turn|p2a: Slowking
|-crit|p2a: Slowking
|-damage|p2a: Slowking|30/100 par
|
|t:|1760452641
|switch|p1a: Slowking|Slowking-Galar, M, tera:Normal|98/100 brn|[from] Flip Turn
|move|p2a: Slowking|Toxic||[still]
|-fail|p2a: Slowking
|
|-heal|p1a: Slowking|100/100 brn|[from] move: Wish|[wisher] Alomomola
|-heal|p2a: Slowking|36/100 par|[from] item: Leftovers
|-damage|p1a: Slowking|94/100 brn|[from] brn
|upkeep
|turn|67
|
|t:|1760452654
|switch|p2a: Dondozo|Dondozo, M|75/100 slp
|move|p1a: Slowking|Psychic Noise|p2a: Dondozo
|-damage|p2a: Dondozo|51/100 slp
|-start|p2a: Dondozo|move: Heal Block
|
|-damage|p1a: Slowking|88/100 brn|[from] brn
|upkeep
|turn|68
|
|t:|1760452666
|cant|p2a: Dondozo|slp
|move|p2a: Dondozo|Sleep Talk|p2a: Dondozo
|move|p2a: Dondozo|Liquidation|p1a: Slowking|[from] move: Sleep Talk
|-damage|p1a: Slowking|60/100 brn
|move|p1a: Slowking|Sludge Bomb|p2a: Dondozo
|-damage|p2a: Dondozo|21/100 slp
|
|-damage|p1a: Slowking|54/100 brn|[from] brn
|-end|p2a: Dondozo|move: Heal Block
|upkeep
|turn|69
|
|t:|1760452679
|-curestatus|p2a: Dondozo|slp|[msg]
|move|p2a: Dondozo|Rest|p2a: Dondozo
|-status|p2a: Dondozo|slp|[from] move: Rest
|-heal|p2a: Dondozo|100/100 slp|[silent]
|move|p1a: Slowking|Sludge Bomb|p2a: Dondozo
|-damage|p2a: Dondozo|70/100 slp
|
|-heal|p2a: Dondozo|76/100 slp|[from] item: Leftovers
|-damage|p1a: Slowking|48/100 brn|[from] brn
|upkeep
|turn|70
|
|t:|1760452692
|switch|p1a: Alomomola|Alomomola, M|100/100
|-damage|p1a: Alomomola|88/100|[from] Stealth Rock
|cant|p2a: Dondozo|slp
|move|p2a: Dondozo|Sleep Talk|p2a: Dondozo
|move|p2a: Dondozo|Earthquake|p1a: Alomomola|[from] move: Sleep Talk
|-damage|p1a: Alomomola|76/100
|
|-heal|p2a: Dondozo|82/100 slp|[from] item: Leftovers
|upkeep
|turn|71
|
|t:|1760452710
|switch|p2a: Moltres|Moltres|75/100
|-ability|p2a: Moltres|Pressure
|move|p1a: Alomomola|Wish|p1a: Alomomola
|
|upkeep
|turn|72
|
|t:|1760452720
|switch|p1a: Slowking|Slowking-Galar, M, tera:Normal|81/100 brn
|move|p2a: Moltres|Air Slash|p1a: Slowking
|-damage|p1a: Slowking|60/100 brn
|
|-heal|p1a: Slowking|100/100 brn|[from] move: Wish|[wisher] Alomomola
|-damage|p1a: Slowking|94/100 brn|[from] brn
|upkeep
|turn|73
|
|t:|1760452733
|move|p2a: Moltres|Air Slash|p1a: Slowking
|-crit|p1a: Slowking
|-damage|p1a: Slowking|62/100 brn
|cant|p1a: Slowking|flinch
|
|-damage|p1a: Slowking|56/100 brn|[from] brn
|upkeep
|turn|74
|
|t:|1760452742
|move|p2a: Moltres|Air Slash|p1a: Slowking
|-damage|p1a: Slowking|38/100 brn
|cant|p1a: Slowking|flinch
|
|-damage|p1a: Slowking|32/100 brn|[from] brn
|upkeep
|turn|75
|
|t:|1760452750
|switch|p1a: Alomomola|Alomomola, M|100/100
|-damage|p1a: Alomomola|88/100|[from] Stealth Rock
|move|p2a: Moltres|Air Slash|p1a: Alomomola
|-damage|p1a: Alomomola|44/100
|
|upkeep
|turn|76
|
|t:|1760452758
|switch|p1a: Slowking|Slowking-Galar, M, tera:Normal|65/100 brn
|move|p2a: Moltres|Air Slash|p1a: Slowking
|-damage|p1a: Slowking|45/100 brn
|
|-damage|p1a: Slowking|39/100 brn|[from] brn
|upkeep
|turn|77
|
|t:|1760452776
|move|p2a: Moltres|Flamethrower|p1a: Slowking
|-damage|p1a: Slowking|17/100 brn
|move|p1a: Slowking|Thunder Wave|p2a: Moltres
|-status|p2a: Moltres|par
|
|-damage|p1a: Slowking|11/100 brn|[from] brn
|upkeep
|turn|78
|
|t:|1760452786
|switch|p1a: Alomomola|Alomomola, M|77/100
|-damage|p1a: Alomomola|65/100|[from] Stealth Rock
|cant|p2a: Moltres|par
|
|upkeep
|turn|79
|
|t:|1760452792
|move|p1a: Alomomola|Wish|p1a: Alomomola
|move|p2a: Moltres|Air Slash|p1a: Alomomola
|-damage|p1a: Alomomola|26/100
|
|upkeep
|turn|80
|
|t:|1760452797
|switch|p1a: Slowking|Slowking-Galar, M, tera:Normal|44/100 brn
|cant|p2a: Moltres|par
|
|-heal|p1a: Slowking|100/100 brn|[from] move: Wish|[wisher] Alomomola
|-damage|p1a: Slowking|94/100 brn|[from] brn
|upkeep
|turn|81
|
|t:|1760452809
|move|p2a: Moltres|Flamethrower|p1a: Slowking
|-damage|p1a: Slowking|72/100 brn
|-prepare|p1a: Slowking|Chilly Reception|[premajor]
|move|p1a: Slowking|Chilly Reception|p1a: Slowking
|-weather|Snowscape
|
|t:|1760452814
|switch|p1a: Alomomola|Alomomola, M|59/100|[from] Chilly Reception
|-damage|p1a: Alomomola|47/100|[from] Stealth Rock
|
|-weather|Snowscape|[upkeep]
|upkeep
|turn|82
|
|t:|1760452824
|switch|p1a: Slowking|Slowking-Galar, M, tera:Normal|100/100 brn
|move|p2a: Moltres|Air Slash|p1a: Slowking
|-damage|p1a: Slowking|79/100 brn
|
|-weather|Snowscape|[upkeep]
|-damage|p1a: Slowking|73/100 brn|[from] brn
|upkeep
|turn|83
|
|t:|1760452833
|move|p2a: Moltres|Flamethrower|p1a: Slowking
|-damage|p1a: Slowking|50/100 brn
|move|p1a: Slowking|Sludge Bomb|p2a: Moltres
|-damage|p2a: Moltres|46/100 par
|
|-weather|Snowscape|[upkeep]
|-damage|p1a: Slowking|44/100 brn|[from] brn
|upkeep
|turn|84
|
|t:|1760452842
|switch|p1a: Alomomola|Alomomola, M|80/100
|-damage|p1a: Alomomola|68/100|[from] Stealth Rock
|move|p2a: Moltres|Roost|p2a: Moltres
|-heal|p2a: Moltres|96/100 par
|-singleturn|p2a: Moltres|move: Roost
|
|-weather|Snowscape|[upkeep]
|upkeep
|turn|85
|
|t:|1760452852
|move|p1a: Alomomola|Flip Turn|p2a: Moltres
|-supereffective|p2a: Moltres
|-damage|p2a: Moltres|63/100 par
|
|t:|1760452855
|switch|p1a: Slowking|Slowking-Galar, M, tera:Normal|77/100 brn|[from] Flip Turn
|move|p2a: Moltres|U-turn|p1a: Slowking
|-damage|p1a: Slowking|63/100 brn
|
|t:|1760452861
|switch|p2a: Great Tusk|Great Tusk|47/100 par|[from] U-turn
|
|-weather|none
|-damage|p1a: Slowking|57/100 brn|[from] brn
|upkeep
|turn|86
|
|t:|1760452869
|switch|p1a: Alomomola|Alomomola, M|100/100
|-damage|p1a: Alomomola|88/100|[from] Stealth Rock
|move|p2a: Great Tusk|Knock Off|p1a: Alomomola
|-damage|p1a: Alomomola|78/100
|
|upkeep
|turn|87
|
|t:|1760452880
|move|p1a: Alomomola|Flip Turn|p2a: Great Tusk
|-supereffective|p2a: Great Tusk
|-damage|p2a: Great Tusk|31/100 par
|
|t:|1760452883
|switch|p1a: Jirachi|Jirachi|23/100|[from] Flip Turn
|-damage|p1a: Jirachi|17/100|[from] Stealth Rock
|move|p2a: Great Tusk|Body Press|p1a: Jirachi
|-damage|p1a: Jirachi|0 fnt
|faint|p1a: Jirachi
|
|upkeep
|
|t:|1760452884
|switch|p1a: Alomomola|Alomomola, M|100/100
|-damage|p1a: Alomomola|88/100|[from] Stealth Rock
|turn|88
|
|t:|1760452932
|move|p1a: Alomomola|Body Slam|p2a: Great Tusk
|-damage|p2a: Great Tusk|24/100 par
|cant|p2a: Great Tusk|par
|
|upkeep
|turn|89
|
|t:|1760452938
|move|p1a: Alomomola|Body Slam|p2a: Great Tusk
|-damage|p2a: Great Tusk|17/100 par
|move|p2a: Great Tusk|Body Press|p1a: Alomomola
|-crit|p1a: Alomomola
|-damage|p1a: Alomomola|54/100
|
|upkeep
|turn|90
|
|t:|1760452945
|move|p1a: Alomomola|Wish|p1a: Alomomola
|move|p2a: Great Tusk|Body Press|p1a: Alomomola
|-damage|p1a: Alomomola|30/100
|
|upkeep
|turn|91
|
|t:|1760452951
|move|p1a: Alomomola|Protect|p1a: Alomomola
|-singleturn|p1a: Alomomola|Protect
|move|p2a: Great Tusk|Body Press|p1a: Alomomola
|-activate|p1a: Alomomola|move: Protect
|
|-heal|p1a: Alomomola|80/100|[from] move: Wish|[wisher] Alomomola
|upkeep
|turn|92
|
|t:|1760452961
|move|p1a: Alomomola|Body Slam|p2a: Great Tusk
|-damage|p2a: Great Tusk|10/100 par
|move|p2a: Great Tusk|Body Press|p1a: Alomomola
|-crit|p1a: Alomomola
|-damage|p1a: Alomomola|46/100
|
|upkeep
|turn|93
|
|t:|1760452971
|move|p1a: Alomomola|Wish|p1a: Alomomola
|move|p2a: Great Tusk|Rapid Spin|p1a: Alomomola
|-damage|p1a: Alomomola|39/100
|-boost|p2a: Great Tusk|spe|1
|
|upkeep
|turn|94
|
|t:|1760452978
|cant|p2a: Great Tusk|par
|move|p1a: Alomomola|Body Slam|p2a: Great Tusk
|-damage|p2a: Great Tusk|3/100 par
|
|-heal|p1a: Alomomola|89/100|[from] move: Wish|[wisher] Alomomola
|upkeep
|turn|95
|
|t:|1760452997
|-end|p2a: Great Tusk|Protosynthesis|[silent]
|switch|p2a: Slowking|Slowking-Galar, M|70/100 par
|move|p1a: Alomomola|Wish|p1a: Alomomola
|
|-heal|p2a: Slowking|76/100 par|[from] item: Leftovers
|upkeep
|turn|96
|
|t:|1760453005
|move|p1a: Alomomola|Flip Turn|p2a: Slowking
|-damage|p2a: Slowking|60/100 par
|
|t:|1760453007
|switch|p1a: Kingambit|Kingambit, F|100/100|[from] Flip Turn
|-damage|p1a: Kingambit|94/100|[from] Stealth Rock
|-activate|p1a: Kingambit|ability: Supreme Overlord
|-start|p1a: Kingambit|fallen3|[silent]
|move|p2a: Slowking|Psychic Noise|p1a: Kingambit
|-immune|p1a: Kingambit
|
|-heal|p1a: Kingambit|100/100|[from] move: Wish|[wisher] Alomomola
|-heal|p2a: Slowking|66/100 par|[from] item: Leftovers
|upkeep
|turn|97
|
|t:|1760453023
|switch|p2a: Dondozo|Dondozo, M|82/100 slp
|move|p1a: Kingambit|Kowtow Cleave|p2a: Dondozo
|-damage|p2a: Dondozo|54/100 slp
|
|-heal|p2a: Dondozo|60/100 slp|[from] item: Leftovers
|upkeep
|turn|98
|
|t:|1760453033
|move|p1a: Kingambit|Kowtow Cleave|p2a: Dondozo
|-damage|p2a: Dondozo|31/100 slp
|cant|p2a: Dondozo|slp
|move|p2a: Dondozo|Sleep Talk|p2a: Dondozo
|move|p2a: Dondozo|Rest||[from] move: Sleep Talk|[still]
|-fail|p2a: Dondozo
|
|-heal|p2a: Dondozo|37/100 slp|[from] item: Leftovers
|upkeep
|turn|99
|
|t:|1760453045
|move|p1a: Kingambit|Iron Head|p2a: Dondozo
|-resisted|p2a: Dondozo
|-damage|p2a: Dondozo|23/100 slp
|-curestatus|p2a: Dondozo|slp|[msg]
|move|p2a: Dondozo|Rest|p2a: Dondozo
|-status|p2a: Dondozo|slp|[from] move: Rest
|-heal|p2a: Dondozo|100/100 slp|[silent]
|
|upkeep
|turn|100
|
|t:|1760453055
|move|p1a: Kingambit|Kowtow Cleave|p2a: Dondozo
|-damage|p2a: Dondozo|71/100 slp
|cant|p2a: Dondozo|slp
|move|p2a: Dondozo|Sleep Talk|p2a: Dondozo
|move|p2a: Dondozo|Rest||[from] move: Sleep Talk|[still]
|-fail|p2a: Dondozo
|
|-heal|p2a: Dondozo|77/100 slp|[from] item: Leftovers
|upkeep
|turn|101
|
|t:|1760453067
|move|p1a: Kingambit|Kowtow Cleave|p2a: Dondozo
|-damage|p2a: Dondozo|50/100 slp
|cant|p2a: Dondozo|slp
|move|p2a: Dondozo|Sleep Talk|p2a: Dondozo
|move|p2a: Dondozo|Rest||[from] move: Sleep Talk|[still]
|-fail|p2a: Dondozo
|
|-heal|p2a: Dondozo|56/100 slp|[from] item: Leftovers
|upkeep
|turn|102
|
|t:|1760453079
|-end|p1a: Kingambit|fallen3|[silent]
|switch|p1a: Alomomola|Alomomola, M|100/100
|-damage|p1a: Alomomola|88/100|[from] Stealth Rock
|-curestatus|p2a: Dondozo|slp|[msg]
|move|p2a: Dondozo|Earthquake|p1a: Alomomola
|-damage|p1a: Alomomola|76/100
|
|-heal|p2a: Dondozo|62/100|[from] item: Leftovers
|upkeep
|turn|103
|
|t:|1760453096
|move|p1a: Alomomola|Body Slam|p2a: Dondozo
|-damage|p2a: Dondozo|55/100
|move|p2a: Dondozo|Earthquake|p1a: Alomomola
|-damage|p1a: Alomomola|64/100
|
|-heal|p2a: Dondozo|61/100|[from] item: Leftovers
|upkeep
|turn|104
|
|t:|1760453105
|move|p1a: Alomomola|Body Slam|p2a: Dondozo
|-damage|p2a: Dondozo|54/100
|-status|p2a: Dondozo|par
|move|p2a: Dondozo|Earthquake|p1a: Alomomola
|-damage|p1a: Alomomola|51/100
|
|-heal|p2a: Dondozo|60/100 par|[from] item: Leftovers
|upkeep
|turn|105
|
|t:|1760453122
|move|p1a: Alomomola|Wish|p1a: Alomomola
|move|p2a: Dondozo|Earthquake|p1a: Alomomola
|-damage|p1a: Alomomola|40/100
|
|-heal|p2a: Dondozo|66/100 par|[from] item: Leftovers
|upkeep
|turn|106
|
|t:|1760453129
|move|p1a: Alomomola|Body Slam|p2a: Dondozo
|-damage|p2a: Dondozo|60/100 par
|move|p2a: Dondozo|Earthquake|p1a: Alomomola
|-damage|p1a: Alomomola|28/100
|
|-heal|p1a: Alomomola|78/100|[from] move: Wish|[wisher] Alomomola
|-heal|p2a: Dondozo|66/100 par|[from] item: Leftovers
|upkeep
|turn|107
|
|t:|1760453141
|switch|p2a: Moltres|Moltres|63/100 par
|-ability|p2a: Moltres|Pressure
|move|p1a: Alomomola|Body Slam|p2a: Moltres
|-damage|p2a: Moltres|49/100 par
|
|upkeep
|turn|108
|
|t:|1760453150
|move|p1a: Alomomola|Flip Turn|p2a: Moltres
|-supereffective|p2a: Moltres
|-crit|p2a: Moltres
|-damage|p2a: Moltres|5/100 par
|
|t:|1760453154
|switch|p1a: Slowking|Slowking-Galar, M, tera:Normal|90/100 brn|[from] Flip Turn
|move|p2a: Moltres|Roost|p2a: Moltres
|-heal|p2a: Moltres|55/100 par
|-singleturn|p2a: Moltres|move: Roost
|
|-damage|p1a: Slowking|84/100 brn|[from] brn
|upkeep
|turn|109
|
|t:|1760453165
|cant|p2a: Moltres|par
|move|p1a: Slowking|Sludge Bomb|p2a: Moltres
|-damage|p2a: Moltres|24/100 par
|
|-damage|p1a: Slowking|78/100 brn|[from] brn
|upkeep
|turn|110
|
|t:|1760453173
|move|p2a: Moltres|Roost|p2a: Moltres
|-heal|p2a: Moltres|74/100 par
|-singleturn|p2a: Moltres|move: Roost
|move|p1a: Slowking|Sludge Bomb|p2a: Moltres
|-damage|p2a: Moltres|44/100 par
|
|-damage|p1a: Slowking|72/100 brn|[from] brn
|upkeep
|turn|111
|
|t:|1760453188
|cant|p2a: Moltres|par
|move|p1a: Slowking|Sludge Bomb|p2a: Moltres
|-damage|p2a: Moltres|13/100 par
|
|-damage|p1a: Slowking|65/100 brn|[from] brn
|upkeep
|turn|112
|
|t:|1760453195
|move|p2a: Moltres|Roost|p2a: Moltres
|-heal|p2a: Moltres|63/100 par
|-singleturn|p2a: Moltres|move: Roost
|move|p1a: Slowking|Psychic Noise|p2a: Moltres
|-damage|p2a: Moltres|36/100 par
|-start|p2a: Moltres|move: Heal Block
|
|-damage|p1a: Slowking|59/100 brn|[from] brn
|upkeep
|turn|113
|
|t:|1760453210
|switch|p2a: Slowking|Slowking-Galar, M|99/100 par
|move|p1a: Slowking|Sludge Bomb|p2a: Slowking
|-resisted|p2a: Slowking
|-damage|p2a: Slowking|89/100 par
|
|-heal|p2a: Slowking|95/100 par|[from] item: Leftovers
|-damage|p1a: Slowking|53/100 brn|[from] brn
|upkeep
|turn|114
|
|t:|1760453221
|switch|p1a: Kingambit|Kingambit, F|100/100
|-damage|p1a: Kingambit|94/100|[from] Stealth Rock
|-activate|p1a: Kingambit|ability: Supreme Overlord
|-start|p1a: Kingambit|fallen3|[silent]
|move|p2a: Slowking|Flamethrower|p1a: Kingambit
|-supereffective|p1a: Kingambit
|-damage|p1a: Kingambit|42/100
|
|-heal|p1a: Kingambit|48/100|[from] item: Leftovers
|-heal|p2a: Slowking|100/100 par|[from] item: Leftovers
|upkeep
|turn|115
|
|t:|1760453240
|switch|p2a: Dondozo|Dondozo, M|66/100 par
|move|p1a: Kingambit|Kowtow Cleave|p2a: Dondozo
|-damage|p2a: Dondozo|39/100 par
|
|-heal|p1a: Kingambit|54/100|[from] item: Leftovers
|-heal|p2a: Dondozo|45/100 par|[from] item: Leftovers
|upkeep
|turn|116
|
|t:|1760453250
|move|p1a: Kingambit|Iron Head|p2a: Dondozo
|-resisted|p2a: Dondozo
|-damage|p2a: Dondozo|31/100 par
|move|p2a: Dondozo|Rest|p2a: Dondozo
|-status|p2a: Dondozo|slp|[from] move: Rest
|-heal|p2a: Dondozo|100/100 slp|[silent]
|
|-heal|p1a: Kingambit|61/100|[from] item: Leftovers
|upkeep
|turn|117
|
|t:|1760453262
|-end|p1a: Kingambit|fallen3|[silent]
|switch|p1a: Alomomola|Alomomola, M|100/100
|-damage|p1a: Alomomola|88/100|[from] Stealth Rock
|cant|p2a: Dondozo|slp
|move|p2a: Dondozo|Sleep Talk|p2a: Dondozo
|move|p2a: Dondozo|Liquidation|p1a: Alomomola|[from] move: Sleep Talk
|-resisted|p1a: Alomomola
|-damage|p1a: Alomomola|81/100
|-unboost|p1a: Alomomola|def|1
|
|upkeep
|turn|118
|
|t:|1760453282
|switch|p2a: Slowking|Slowking-Galar, M|100/100 par
|move|p1a: Alomomola|Wish|p1a: Alomomola
|
|upkeep
|turn|119
|
|t:|1760453294
|move|p1a: Alomomola|Flip Turn|p2a: Slowking
|-damage|p2a: Slowking|82/100 par
|
|t:|1760453297
|switch|p1a: Kingambit|Kingambit, F|61/100|[from] Flip Turn
|-damage|p1a: Kingambit|54/100|[from] Stealth Rock
|-activate|p1a: Kingambit|ability: Supreme Overlord
|-start|p1a: Kingambit|fallen3|[silent]
|move|p2a: Slowking|Flamethrower|p1a: Kingambit
|-supereffective|p1a: Kingambit
|-damage|p1a: Kingambit|3/100
|
|-heal|p1a: Kingambit|82/100|[from] move: Wish|[wisher] Alomomola
|-heal|p1a: Kingambit|88/100|[from] item: Leftovers
|-heal|p2a: Slowking|88/100 par|[from] item: Leftovers
|upkeep
|turn|120
|
|t:|1760453320
|switch|p2a: Dondozo|Dondozo, M|100/100 slp
|move|p1a: Kingambit|Kowtow Cleave|p2a: Dondozo
|-damage|p2a: Dondozo|72/100 slp
|
|-heal|p1a: Kingambit|94/100|[from] item: Leftovers
|-heal|p2a: Dondozo|78/100 slp|[from] item: Leftovers
|upkeep
|turn|121
|
|t:|1760453330
|move|p1a: Kingambit|Kowtow Cleave|p2a: Dondozo
|-damage|p2a: Dondozo|51/100 slp
|cant|p2a: Dondozo|slp
|move|p2a: Dondozo|Sleep Talk|p2a: Dondozo
|move|p2a: Dondozo|Rest||[from] move: Sleep Talk|[still]
|-fail|p2a: Dondozo
|
|-heal|p1a: Kingambit|99/100|[from] item: Leftovers
|-heal|p2a: Dondozo|57/100 slp|[from] item: Leftovers
|upkeep
|turn|122
|
|t:|1760453348
|move|p1a: Kingambit|Kowtow Cleave|p2a: Dondozo
|-damage|p2a: Dondozo|29/100 slp
|-curestatus|p2a: Dondozo|slp|[msg]
|move|p2a: Dondozo|Earthquake|p1a: Kingambit
|-supereffective|p1a: Kingambit
|-damage|p1a: Kingambit|61/100
|
|-heal|p1a: Kingambit|67/100|[from] item: Leftovers
|-heal|p2a: Dondozo|35/100|[from] item: Leftovers
|upkeep
|turn|123
|
|t:|1760453362
|move|p1a: Kingambit|Iron Head|p2a: Dondozo
|-resisted|p2a: Dondozo
|-damage|p2a: Dondozo|22/100
|move|p2a: Dondozo|Earthquake|p1a: Kingambit
|-supereffective|p1a: Kingambit
|-damage|p1a: Kingambit|25/100
|
|-heal|p1a: Kingambit|32/100|[from] item: Leftovers
|-heal|p2a: Dondozo|28/100|[from] item: Leftovers
|upkeep
|turn|124
|
|t:|1760453394
|switch|p2a: Great Tusk|Great Tusk|3/100 par
|move|p1a: Kingambit|Kowtow Cleave|p2a: Great Tusk
|-resisted|p2a: Great Tusk
|-damage|p2a: Great Tusk|0 fnt
|faint|p2a: Great Tusk
|-end|p2a: Great Tusk|Protosynthesis|[silent]
|
|-heal|p1a: Kingambit|38/100|[from] item: Leftovers
|upkeep
|
|t:|1760453406
|switch|p2a: Moltres|Moltres|36/100 par
|-ability|p2a: Moltres|Pressure
|turn|125
|
|t:|1760453412
|move|p1a: Kingambit|Kowtow Cleave|p2a: Moltres
|-damage|p2a: Moltres|0 fnt
|faint|p2a: Moltres
|
|-heal|p1a: Kingambit|44/100|[from] item: Leftovers
|upkeep
|
|t:|1760453421
|switch|p2a: Dondozo|Dondozo, M|28/100
|turn|126
|
|t:|1760453424
|move|p1a: Kingambit|Kowtow Cleave|p2a: Dondozo
|-damage|p2a: Dondozo|0 fnt
|faint|p2a: Dondozo
|
|-heal|p1a: Kingambit|50/100|[from] item: Leftovers
|upkeep
|
|t:|1760453431
|switch|p2a: Slowking|Slowking-Galar, M|100/100 par
|turn|127
|
|t:|1760453435
|move|p1a: Kingambit|Kowtow Cleave|p2a: Slowking
|-supereffective|p2a: Slowking
|-damage|p2a: Slowking|0 fnt
|faint|p2a: Slowking
|
|win|GlormbusTemples
|raw|GlormbusTemples's rating: 1207 &rarr; <strong>1229</strong><br />(+22 for winning)
|raw|Poklie's rating: 1160 &rarr; <strong>1138</strong><br />(-22 for losing)
|c|☆GlormbusTemples|gg
|c|☆Poklie|Gg
