|j|☆Dolost
|j|☆ygyguii2
|t:|1760332429
|gametype|singles
|player|p1|Dolost|gentleman-gen4dp|1185
|player|p2|ygyguii2|iris-gen5bw2|1205
|gen|9
|tier|[Gen 9] OU
|rated|
|rule|HP Percentage Mod: HP is shown in percentages
|rule|Endless Battle Clause: Forcing endless battles is banned
|rule|Species Clause: Limit one of each Pokémon
|rule|OHKO Clause: OHKO moves are banned
|rule|Evasion Items Clause: Evasion items are banned
|rule|Evasion Moves Clause: Evasion moves are banned
|rule|Evasion Abilities Clause: Evasion abilities are banned
|rule|Sleep Moves Clause: Sleep-inducing moves are banned
|clearpoke
|poke|p1|Porygon-Z|
|poke|p1|Wo-Chien|
|poke|p1|Ceruledge, F|
|poke|p1|Ursaluna, M|
|poke|p1|Amoonguss, M|
|poke|p1|Empoleon, F|
|poke|p2|Zamazenta-*|
|poke|p2|Kingambit, M|
|poke|p2|Iron Valiant|
|poke|p2|Gliscor, F|
|poke|p2|Iron Moth|
|poke|p2|Ogerpon-Wellspring, F|
|teampreview
|inactive|Battle timer is ON: inactive players will automatically lose when time's up. (requested by ygyguii2)
|
|t:|1760332441
|teamsize|p1|6
|teamsize|p2|6
|start
|switch|p1a: Porygon-Z|Porygon-Z|100/100
|switch|p2a: Gliscor|Gliscor, F|100/100
|turn|1
|
|t:|1760332448
|move|p1a: Porygon-Z|Ice Beam|p2a: Gliscor
|-supereffective|p2a: Gliscor
|-damage|p2a: Gliscor|0 fnt
|faint|p2a: Gliscor
|
|upkeep
|
|t:|1760332454
|switch|p2a: Zamazenta|Zamazenta|100/100
|-ability|p2a: Zamazenta|Dauntless Shield|boost
|-boost|p2a: Zamazenta|def|1
|turn|2
|
|t:|1760332461
|switch|p1a: Amoonguss|Amoonguss, M|100/100
|move|p2a: Zamazenta|Iron Defense|p2a: Zamazenta
|-boost|p2a: Zamazenta|def|2
|
|upkeep
|turn|3
|
|t:|1760332469
|move|p2a: Zamazenta|Iron Defense|p2a: Zamazenta
|-boost|p2a: Zamazenta|def|2
|move|p1a: Amoonguss|Toxic|p2a: Zamazenta
|-status|p2a: Zamazenta|tox
|
|-damage|p2a: Zamazenta|94/100 tox|[from] psn
|upkeep
|turn|4
|
|t:|1760332478
|switch|p1a: Wo-Chien|Wo-Chien|100/100
|-ability|p1a: Wo-Chien|Tablets of Ruin
|move|p2a: Zamazenta|Body Press|p1a: Wo-Chien
|-supereffective|p1a: Wo-Chien
|-damage|p1a: Wo-Chien|0 fnt
|faint|p1a: Wo-Chien
|
|-heal|p2a: Zamazenta|100/100 tox|[from] item: Leftovers
|-damage|p2a: Zamazenta|88/100 tox|[from] psn
|upkeep
|
|t:|1760332498
|switch|p1a: Amoonguss|Amoonguss, M|100/100
|turn|5
|
|t:|1760332504
|move|p2a: Zamazenta|Body Press|p1a: Amoonguss
|-resisted|p1a: Amoonguss
|-damage|p1a: Amoonguss|58/100
|-damage|p2a: Zamazenta|72/100 tox|[from] item: Rocky Helmet|[of] p1a: Amoonguss
|move|p1a: Amoonguss|Foul Play|p2a: Zamazenta
|-resisted|p2a: Zamazenta
|-damage|p2a: Zamazenta|69/100 tox
|
|-heal|p2a: Zamazenta|75/100 tox|[from] item: Leftovers
|-damage|p2a: Zamazenta|57/100 tox|[from] psn
|upkeep
|turn|6
|
|t:|1760332516
|move|p2a: Zamazenta|Body Press|p1a: Amoonguss
|-resisted|p1a: Amoonguss
|-damage|p1a: Amoonguss|19/100
|-damage|p2a: Zamazenta|40/100 tox|[from] item: Rocky Helmet|[of] p1a: Amoonguss
|move|p1a: Amoonguss|Synthesis|p1a: Amoonguss
|-heal|p1a: Amoonguss|69/100
|
|-heal|p2a: Zamazenta|46/100 tox|[from] item: Leftovers
|-damage|p2a: Zamazenta|22/100 tox|[from] psn
|upkeep
|turn|7
|
|t:|1760332530
|move|p2a: Zamazenta|Body Press|p1a: Amoonguss
|-resisted|p1a: Amoonguss
|-damage|p1a: Amoonguss|28/100
|-damage|p2a: Zamazenta|5/100 tox|[from] item: Rocky Helmet|[of] p1a: Amoonguss
|move|p1a: Amoonguss|Synthesis|p1a: Amoonguss
|-heal|p1a: Amoonguss|78/100
|
|-heal|p2a: Zamazenta|11/100 tox|[from] item: Leftovers
|-damage|p2a: Zamazenta|0 fnt|[from] psn
|faint|p2a: Zamazenta
|upkeep
|
|t:|1760332541
|switch|p2a: Iron Moth|Iron Moth|100/100
|-enditem|p2a: Iron Moth|Booster Energy
|-activate|p2a: Iron Moth|ability: Quark Drive|[fromitem]
|-start|p2a: Iron Moth|quarkdrivespe
|turn|8
|
|t:|1760332559
|switch|p1a: Ursaluna|Ursaluna, M|100/100
|move|p2a: Iron Moth|Fiery Dance|p1a: Ursaluna
|-damage|p1a: Ursaluna|61/100
|-boost|p2a: Iron Moth|spa|1
|
|-status|p1a: Ursaluna|brn|[from] item: Flame Orb
|upkeep
|turn|9
|
|t:|1760332575
|move|p2a: Iron Moth|Fiery Dance|p1a: Ursaluna
|-damage|p1a: Ursaluna|3/100 brn
|move|p1a: Ursaluna|Headlong Rush|p2a: Iron Moth
|-supereffective|p2a: Iron Moth
|-damage|p2a: Iron Moth|0 fnt
|-unboost|p1a: Ursaluna|def|1
|-unboost|p1a: Ursaluna|spd|1
|faint|p2a: Iron Moth
|-end|p2a: Iron Moth|Quark Drive|[silent]
|
|-damage|p1a: Ursaluna|0 fnt|[from] brn
|faint|p1a: Ursaluna
|upkeep
|inactive|Dolost has 120 seconds left.
|
|t:|1760332597
|switch|p2a: Iron Valiant|Iron Valiant|100/100
|switch|p1a: Amoonguss|Amoonguss, M|100/100
|-enditem|p2a: Iron Valiant|Booster Energy
|-activate|p2a: Iron Valiant|ability: Quark Drive|[fromitem]
|-start|p2a: Iron Valiant|quarkdrivespe
|turn|10
|
|t:|1760332608
|move|p2a: Iron Valiant|Knock Off|p1a: Amoonguss
|-damage|p1a: Amoonguss|75/100
|-damage|p2a: Iron Valiant|84/100|[from] item: Rocky Helmet|[of] p1a: Amoonguss
|-enditem|p1a: Amoonguss|Rocky Helmet|[from] move: Knock Off|[of] p2a: Iron Valiant
|move|p1a: Amoonguss|Toxic|p2a: Iron Valiant
|-status|p2a: Iron Valiant|tox
|
|-damage|p2a: Iron Valiant|78/100 tox|[from] psn
|upkeep
|turn|11
|
|t:|1760332623
|move|p2a: Iron Valiant|Spirit Break|p1a: Amoonguss
|-resisted|p1a: Amoonguss
|-damage|p1a: Amoonguss|62/100
|-unboost|p1a: Amoonguss|spa|1
|move|p1a: Amoonguss|Foul Play|p2a: Iron Valiant
|-resisted|p2a: Iron Valiant
|-damage|p2a: Iron Valiant|68/100 tox
|
|-damage|p2a: Iron Valiant|56/100 tox|[from] psn
|upkeep
|turn|12
|inactive|Dolost has 120 seconds left.
|inactive|ygyguii2 has 120 seconds left.
|
|t:|1760332645
|switch|p1a: Empoleon|Empoleon, F|100/100
|move|p2a: Iron Valiant|Swords Dance|p2a: Iron Valiant
|-boost|p2a: Iron Valiant|atk|2
|
|-damage|p2a: Iron Valiant|37/100 tox|[from] psn
|upkeep
|turn|13
|inactive|Dolost has 120 seconds left.
|inactive|ygyguii2 has 120 seconds left.
|
|t:|1760332661
|switch|p1a: Amoonguss|Amoonguss, M|95/100
|move|p2a: Iron Valiant|Close Combat|p1a: Amoonguss
|-resisted|p1a: Amoonguss
|-damage|p1a: Amoonguss|50/100
|-unboost|p2a: Iron Valiant|def|1
|-unboost|p2a: Iron Valiant|spd|1
|
|-damage|p2a: Iron Valiant|12/100 tox|[from] psn
|upkeep
|turn|14
|inactive|Dolost has 120 seconds left.
|inactive|ygyguii2 has 120 seconds left.
|
|t:|1760332682
|move|p2a: Iron Valiant|Knock Off|p1a: Amoonguss
|-damage|p1a: Amoonguss|18/100
|move|p1a: Amoonguss|Synthesis|p1a: Amoonguss
|-heal|p1a: Amoonguss|68/100
|
|-damage|p2a: Iron Valiant|0 fnt|[from] psn
|faint|p2a: Iron Valiant
|-end|p2a: Iron Valiant|Quark Drive|[silent]
|upkeep
|inactive|ygyguii2 has 120 seconds left.
|
|t:|1760332690
|switch|p2a: Kingambit|Kingambit, M|100/100
|-activate|p2a: Kingambit|ability: Supreme Overlord
|-start|p2a: Kingambit|fallen4|[silent]
|turn|15
|
|t:|1760332705
|switch|p1a: Empoleon|Empoleon, F|100/100
|move|p2a: Kingambit|Swords Dance|p2a: Kingambit
|-boost|p2a: Kingambit|atk|2
|
|upkeep
|turn|16
|inactive|ygyguii2 has 120 seconds left.
|
|t:|1760332739
|move|p1a: Empoleon|Ice Beam|p2a: Kingambit
|-resisted|p2a: Kingambit
|-damage|p2a: Kingambit|83/100
|move|p2a: Kingambit|Kowtow Cleave|p1a: Empoleon
|-damage|p1a: Empoleon|0 fnt
|faint|p1a: Empoleon
|
|-heal|p2a: Kingambit|90/100|[from] item: Leftovers
|upkeep
|
|t:|1760332751
|switch|p1a: Porygon-Z|Porygon-Z|100/100
|turn|17
|inactive|ygyguii2 has 120 seconds left.
|
|t:|1760332756
|-terastallize|p1a: Porygon-Z|Ground
|move|p1a: Porygon-Z|Tera Blast|p2a: Kingambit|[anim] Tera Blast Ground
|-supereffective|p2a: Kingambit
|-damage|p2a: Kingambit|0 fnt
|faint|p2a: Kingambit
|-end|p2a: Kingambit|fallen4|[silent]
|
|upkeep
|inactive|ygyguii2 has 120 seconds left.
|
|t:|1760332762
|switch|p2a: Ogerpon|Ogerpon-Wellspring, F|100/100
|turn|18
|inactive|Dolost has 120 seconds left.
|
|t:|1760332768
|-terastallize|p2a: Ogerpon|Water
|detailschange|p2a: Ogerpon|Ogerpon-Wellspring-Tera, F, tera:Water
|-ability|p2a: Ogerpon|Embody Aspect (Wellspring)|boost
|-boost|p2a: Ogerpon|spd|1
|move|p2a: Ogerpon|Ivy Cudgel|p1a: Porygon-Z|[anim] Ivy Cudgel Water
|-supereffective|p1a: Porygon-Z
|-enditem|p1a: Porygon-Z|Focus Sash
|-damage|p1a: Porygon-Z|1/100
|move|p1a: Porygon-Z|Thunderbolt|p2a: Ogerpon
|-supereffective|p2a: Ogerpon
|-damage|p2a: Ogerpon|44/100
|
|upkeep
|turn|19
|inactive|Dolost has 120 seconds left.
|
|t:|1760332788
|switch|p1a: Amoonguss|Amoonguss, M|100/100
|move|p2a: Ogerpon|Ivy Cudgel|p1a: Amoonguss|[anim] Ivy Cudgel Water
|-resisted|p1a: Amoonguss
|-damage|p1a: Amoonguss|72/100
|
|upkeep
|turn|20
|inactive|Dolost has 120 seconds left.
|
|t:|1760332798
|move|p2a: Ogerpon|U-turn|p1a: Amoonguss
|-damage|p1a: Amoonguss|52/100
|move|p1a: Amoonguss|Foul Play|p2a: Ogerpon
|-damage|p2a: Ogerpon|0 fnt
|faint|p2a: Ogerpon
|detailschange|p2: Ogerpon|Ogerpon-Wellspring, F|[silent]
|
|win|Dolost
|raw|Dolost's rating: 1185 &rarr; <strong>1211</strong><br />(+26 for winning)
|raw|ygyguii2's rating: 1205 &rarr; <strong>1179</strong><br />(-26 for losing)
|l|☆ygyguii2
|player|p2|
|l|☆Dolost
|player|p1|
|j|☆Dolost
|player|p1|Dolost|gentleman-gen4dp|
|l|☆Dolost
|player|p1|
|j|☆Dolost
|player|p1|Dolost|gentleman-gen4dp|
|l|☆Dolost
|player|p1|
