|j|☆random05
|j|☆wober45
|t:|1760379975
|gametype|singles
|player|p1|random05|170|1066
|player|p2|wober45|102|1111
|gen|9
|tier|[Gen 9] OU
|rated|
|rule|HP Percentage Mod: HP is shown in percentages
|rule|Endless Battle Clause: Forcing endless battles is banned
|rule|Species Clause: Limit one of each Pokémon
|rule|OHKO Clause: OHKO moves are banned
|rule|Evasion Items Clause: Evasion items are banned
|rule|Evasion Moves Clause: Evasion moves are banned
|rule|Evasion Abilities Clause: Evasion abilities are banned
|rule|Sleep Moves Clause: Sleep-inducing moves are banned
|clearpoke
|poke|p1|Cramorant, F|
|poke|p1|Porygon-Z|
|poke|p1|Dugtrio-Alola, M|
|poke|p1|Araquanid, F|
|poke|p1|Meowstic-F, F|
|poke|p1|Dodrio, F|
|poke|p2|Moltres|
|poke|p2|Zamazenta-*|
|poke|p2|Darkrai|
|poke|p2|Hydrapple, M|
|poke|p2|Ting-Lu|
|poke|p2|Tinkaton, F|
|teampreview
|inactive|Battle timer is ON: inactive players will automatically lose when time's up. (requested by random05)
|
|t:|1760379992
|teamsize|p1|6
|teamsize|p2|6
|start
|switch|p1a: Dugtrio|Dugtrio-Alola, M|100/100
|switch|p2a: Zamazenta|Zamazenta|100/100
|-ability|p2a: Zamazenta|Dauntless Shield|boost
|-boost|p2a: Zamazenta|def|1
|turn|1
|
|t:|1760380004
|move|p2a: Zamazenta|Close Combat|p1a: Dugtrio
|-supereffective|p1a: Dugtrio
|-enditem|p1a: Dugtrio|Focus Sash
|-damage|p1a: Dugtrio|1/100
|-unboost|p2a: Zamazenta|def|1
|-unboost|p2a: Zamazenta|spd|1
|-ability|p1a: Dugtrio|Tangling Hair
|-unboost|p2a: Zamazenta|spe|1
|move|p1a: Dugtrio|Stealth Rock|p2a: Zamazenta
|-sidestart|p2: wober45|move: Stealth Rock
|
|upkeep
|turn|2
|
|t:|1760380017
|move|p1a: Dugtrio|Memento|p2a: Zamazenta
|-unboost|p2a: Zamazenta|atk|2
|-unboost|p2a: Zamazenta|spa|2
|faint|p1a: Dugtrio
|move|p2a: Zamazenta|Crunch|p1: Dugtrio|[notarget]
|-fail|p2a: Zamazenta
|
|upkeep
|
|t:|1760380028
|switch|p1a: Porygon-Z|Porygon-Z|100/100
|turn|3
|
|t:|1760380045
|switch|p2a: Tinkaton|Tinkaton, F|100/100
|-damage|p2a: Tinkaton|94/100|[from] Stealth Rock
|-ability|p2a: Tinkaton|Mold Breaker
|-item|p2a: Tinkaton|Air Balloon
|move|p1a: Porygon-Z|Agility|p1a: Porygon-Z
|-boost|p1a: Porygon-Z|spe|2
|
|upkeep
|turn|4
|
|t:|1760380050
|move|p1a: Porygon-Z|Nasty Plot|p1a: Porygon-Z
|-boost|p1a: Porygon-Z|spa|2
|move|p2a: Tinkaton|Thunder Wave|p1a: Porygon-Z
|-status|p1a: Porygon-Z|par
|
|upkeep
|turn|5
|
|t:|1760380056
|move|p2a: Tinkaton|Encore|p1a: Porygon-Z
|-start|p1a: Porygon-Z|Encore
|move|p1a: Porygon-Z|Nasty Plot|p1a: Porygon-Z
|-boost|p1a: Porygon-Z|spa|2
|
|upkeep
|turn|6
|
|t:|1760380060
|move|p2a: Tinkaton|Stealth Rock|p1a: Porygon-Z
|-sidestart|p1: random05|move: Stealth Rock
|move|p1a: Porygon-Z|Nasty Plot|p1a: Porygon-Z
|-boost|p1a: Porygon-Z|spa|2
|
|upkeep
|turn|7
|
|t:|1760380063
|move|p2a: Tinkaton|Gigaton Hammer|p1a: Porygon-Z
|-crit|p1a: Porygon-Z
|-damage|p1a: Porygon-Z|8/100 par
|move|p1a: Porygon-Z|Nasty Plot|p1a: Porygon-Z
|-boost|p1a: Porygon-Z|spa|0
|
|-end|p1a: Porygon-Z|Encore
|upkeep
|turn|8
|
|t:|1760380069
|move|p2a: Tinkaton|Encore|p1a: Porygon-Z
|-start|p1a: Porygon-Z|Encore
|move|p1a: Porygon-Z|Nasty Plot|p1a: Porygon-Z
|-boost|p1a: Porygon-Z|spa|0
|
|upkeep
|turn|9
|
|t:|1760380072
|move|p2a: Tinkaton|Gigaton Hammer|p1a: Porygon-Z
|-damage|p1a: Porygon-Z|0 fnt
|faint|p1a: Porygon-Z
|
|upkeep
|
|t:|1760380083
|switch|p1a: Araquanid|Araquanid, F|100/100
|-damage|p1a: Araquanid|76/100|[from] Stealth Rock
|turn|10
|
|t:|1760380096
|switch|p2a: Zamazenta|Zamazenta|100/100
|move|p1a: Araquanid|Sticky Web|p2a: Zamazenta
|-sidestart|p2: wober45|move: Sticky Web
|
|upkeep
|turn|11
|
|t:|1760380100
|move|p2a: Zamazenta|Stone Edge|p1a: Araquanid
|-supereffective|p1a: Araquanid
|-damage|p1a: Araquanid|0 fnt
|faint|p1a: Araquanid
|
|upkeep
|
|t:|1760380106
|switch|p1a: Meowstic|Meowstic-F, F|100/100
|turn|12
|
|t:|1760380109
|move|p2a: Zamazenta|Crunch|p1a: Meowstic
|-supereffective|p1a: Meowstic
|-damage|p1a: Meowstic|26/100
|move|p1a: Meowstic|Nasty Plot|p1a: Meowstic
|-boost|p1a: Meowstic|spa|2
|
|upkeep
|turn|13
|-message|random05 forfeited.
|
|win|wober45
|raw|random05's rating: 1066 &rarr; <strong>1049</strong><br />(-17 for losing)
|raw|wober45's rating: 1111 &rarr; <strong>1133</strong><br />(+22 for winning)
|l|☆random05
|player|p1|
|l|☆wober45
|player|p2|
