|j|‽Crabpears
|j|☆Rizzofreko
|t:|1760324153
|gametype|singles
|player|p1|Crabpears|preschooler|1489
|player|p2|Rizzofreko|norman|1512
|gen|9
|tier|[Gen 9] OU
|rated|
|rule|HP Percentage Mod: HP is shown in percentages
|rule|Endless Battle Clause: Forcing endless battles is banned
|rule|Species Clause: Limit one of each Pokémon
|rule|OHKO Clause: OHKO moves are banned
|rule|Evasion Items Clause: Evasion items are banned
|rule|Evasion Moves Clause: Evasion moves are banned
|rule|Evasion Abilities Clause: Evasion abilities are banned
|rule|Sleep Moves Clause: Sleep-inducing moves are banned
|clearpoke
|poke|p1|Scizor, F|
|poke|p1|Great Tusk|
|poke|p1|Raging Bolt|
|poke|p1|Primarina, F|
|poke|p1|Corviknight, M|
|poke|p1|Darkrai|
|poke|p2|Araquanid, F|
|poke|p2|Dragonite, M|
|poke|p2|Great Tusk|
|poke|p2|Gholdengo|
|poke|p2|Raging Bolt|
|poke|p2|Moltres|
|teampreview
|inactive|Battle timer is ON: inactive players will automatically lose when time's up. (requested by Crabpears)
|
|t:|1760324167
|teamsize|p1|6
|teamsize|p2|6
|start
|switch|p1a: Raging Bolt|Raging Bolt|100/100
|switch|p2a: Gholdengo|Gholdengo|100/100
|-item|p2a: Gholdengo|Air Balloon
|turn|1
|
|t:|1760324173
|move|p1a: Raging Bolt|Thunderbolt|p2a: Gholdengo
|-damage|p2a: Gholdengo|45/100
|-status|p2a: Gholdengo|par
|-enditem|p2a: Gholdengo|Air Balloon
|move|p2a: Gholdengo|Shadow Ball|p1a: Raging Bolt
|-damage|p1a: Raging Bolt|59/100
|
|-heal|p1a: Raging Bolt|65/100|[from] item: Leftovers
|upkeep
|turn|2
|
|t:|1760324183
|-end|p1a: Raging Bolt|Protosynthesis|[silent]
|switch|p1a: Corviknight|Corviknight, M|100/100
|-ability|p1a: Corviknight|Pressure
|switch|p2a: Great Tusk|Great Tusk, shiny|100/100
|-enditem|p2a: Great Tusk|Booster Energy
|-activate|p2a: Great Tusk|ability: Protosynthesis|[fromitem]
|-start|p2a: Great Tusk|protosynthesisatk
|
|upkeep
|turn|3
|
|t:|1760324189
|move|p2a: Great Tusk|Ice Spinner|p1a: Corviknight
|-damage|p1a: Corviknight|79/100
|-damage|p2a: Great Tusk|84/100|[from] item: Rocky Helmet|[of] p1a: Corviknight
|move|p1a: Corviknight|Brave Bird|p2a: Great Tusk
|-supereffective|p2a: Great Tusk
|-damage|p2a: Great Tusk|39/100
|-damage|p1a: Corviknight|64/100|[from] Recoil
|
|upkeep
|turn|4
|
|t:|1760324198
|-end|p2a: Great Tusk|Protosynthesis|[silent]
|switch|p2a: Gholdengo|Gholdengo|45/100 par
|move|p1a: Corviknight|Roost|p1a: Corviknight
|-heal|p1a: Corviknight|100/100
|-singleturn|p1a: Corviknight|move: Roost
|
|upkeep
|turn|5
|
|t:|1760324203
|move|p1a: Corviknight|U-turn|p2a: Gholdengo
|-resisted|p2a: Gholdengo
|-damage|p2a: Gholdengo|42/100 par
|
|t:|1760324210
|switch|p1a: Raging Bolt|Raging Bolt|65/100|[from] U-turn
|move|p2a: Gholdengo|Recover|p2a: Gholdengo
|-heal|p2a: Gholdengo|92/100 par
|
|-heal|p1a: Raging Bolt|71/100|[from] item: Leftovers
|upkeep
|turn|6
|
|t:|1760324217
|move|p1a: Raging Bolt|Thunderbolt|p2a: Gholdengo
|-damage|p2a: Gholdengo|37/100 par
|move|p2a: Gholdengo|Make It Rain|p1a: Raging Bolt
|-resisted|p1a: Raging Bolt
|-damage|p1a: Raging Bolt|38/100
|-unboost|p2a: Gholdengo|spa|1
|
|-heal|p1a: Raging Bolt|44/100|[from] item: Leftovers
|upkeep
|turn|7
|
|t:|1760324226
|switch|p2a: Araquanid|Araquanid, F, shiny|100/100
|move|p1a: Raging Bolt|Thunderbolt|p2a: Araquanid
|-supereffective|p2a: Araquanid
|-damage|p2a: Araquanid|14/100
|
|-heal|p1a: Raging Bolt|50/100|[from] item: Leftovers
|upkeep
|turn|8
|-enditem|p2a: Araquanid|Custap Berry|[eat]
|-activate|p2a: Araquanid|item: Custap Berry|[consumed]
|
|t:|1760324243
|move|p2a: Araquanid|Endeavor|p1a: Raging Bolt
|-damage|p1a: Raging Bolt|12/100
|move|p1a: Raging Bolt|Dragon Pulse|p2a: Araquanid
|-damage|p2a: Araquanid|0 fnt
|faint|p2a: Araquanid
|
|-heal|p1a: Raging Bolt|18/100|[from] item: Leftovers
|upkeep
|
|t:|1760324259
|switch|p2a: Dragonite|Dragonite, M, shiny|100/100
|turn|9
|
|t:|1760324262
|-end|p1a: Raging Bolt|Protosynthesis|[silent]
|switch|p1a: Corviknight|Corviknight, M|100/100
|-ability|p1a: Corviknight|Pressure
|move|p2a: Dragonite|Extreme Speed|p1a: Corviknight
|-resisted|p1a: Corviknight
|-damage|p1a: Corviknight|92/100
|-damage|p2a: Dragonite|84/100|[from] item: Rocky Helmet|[of] p1a: Corviknight
|
|-heal|p2a: Dragonite|90/100|[from] item: Leftovers
|upkeep
|turn|10
|
|t:|1760324268
|switch|p2a: Gholdengo|Gholdengo|37/100 par
|move|p1a: Corviknight|Brave Bird|p2a: Gholdengo
|-resisted|p2a: Gholdengo
|-damage|p2a: Gholdengo|20/100 par
|-damage|p1a: Corviknight|87/100|[from] Recoil
|
|upkeep
|turn|11
|
|t:|1760324275
|move|p1a: Corviknight|U-turn|p2a: Gholdengo
|-resisted|p2a: Gholdengo
|-damage|p2a: Gholdengo|16/100 par
|
|t:|1760324277
|switch|p1a: Primarina|Primarina, F|100/100|[from] U-turn
|move|p2a: Gholdengo|Recover|p2a: Gholdengo
|-heal|p2a: Gholdengo|67/100 par
|
|upkeep
|turn|12
|
|t:|1760324282
|move|p1a: Primarina|Surf|p2a: Gholdengo
|-damage|p2a: Gholdengo|14/100 par
|move|p2a: Gholdengo|Make It Rain|p1a: Primarina
|-damage|p1a: Primarina|63/100
|-unboost|p2a: Gholdengo|spa|1
|
|upkeep
|turn|13
|
|t:|1760324295
|move|p1a: Primarina|Surf|p2a: Gholdengo
|-damage|p2a: Gholdengo|0 fnt
|faint|p2a: Gholdengo
|
|upkeep
|
|t:|1760324314
|switch|p2a: Raging Bolt|Raging Bolt|100/100
|-enditem|p2a: Raging Bolt|Booster Energy
|-activate|p2a: Raging Bolt|ability: Protosynthesis|[fromitem]
|-start|p2a: Raging Bolt|protosynthesisspa
|turn|14
|
|t:|1760324329
|switch|p1a: Raging Bolt|Raging Bolt|18/100
|move|p2a: Raging Bolt|Thunderclap||[still]
|-fail|p2a: Raging Bolt
|
|-heal|p1a: Raging Bolt|25/100|[from] item: Leftovers
|upkeep
|turn|15
|
|t:|1760324337
|-terastallize|p1a: Raging Bolt|Fairy
|-terastallize|p2a: Raging Bolt|Fairy
|move|p1a: Raging Bolt|Dragon Pulse|p2a: Raging Bolt
|-immune|p2a: Raging Bolt
|move|p2a: Raging Bolt|Draco Meteor|p1a: Raging Bolt
|-immune|p1a: Raging Bolt
|
|-heal|p1a: Raging Bolt|31/100|[from] item: Leftovers
|upkeep
|turn|16
|
|t:|1760324347
|move|p1a: Raging Bolt|Calm Mind|p1a: Raging Bolt
|-boost|p1a: Raging Bolt|spa|1
|-boost|p1a: Raging Bolt|spd|1
|move|p2a: Raging Bolt|Discharge|p1a: Raging Bolt
|-damage|p1a: Raging Bolt|0 fnt
|faint|p1a: Raging Bolt
|-end|p1a: Raging Bolt|Protosynthesis|[silent]
|
|upkeep
|
|t:|1760324349
|switch|p1a: Great Tusk|Great Tusk|100/100
|turn|17
|
|t:|1760324356
|move|p1a: Great Tusk|Headlong Rush|p2a: Raging Bolt
|-damage|p2a: Raging Bolt|47/100
|-unboost|p1a: Great Tusk|def|1
|-unboost|p1a: Great Tusk|spd|1
|move|p2a: Raging Bolt|Draco Meteor|p1a: Great Tusk
|-damage|p1a: Great Tusk|0 fnt
|-unboost|p2a: Raging Bolt|spa|2
|faint|p1a: Great Tusk
|-end|p1a: Great Tusk|Protosynthesis|[silent]
|
|upkeep
|
|t:|1760324360
|switch|p1a: Scizor|Scizor, F, shiny|100/100
|turn|18
|
|t:|1760324365
|-end|p2a: Raging Bolt|Protosynthesis|[silent]
|switch|p2a: Moltres|Moltres, shiny|100/100
|move|p1a: Scizor|Bullet Punch|p2a: Moltres
|-resisted|p2a: Moltres
|-damage|p2a: Moltres|75/100
|
|upkeep
|turn|19
|
|t:|1760324370
|switch|p1a: Primarina|Primarina, F|63/100
|move|p2a: Moltres|Will-O-Wisp|p1a: Primarina|[miss]
|-miss|p2a: Moltres|p1a: Primarina
|
|upkeep
|turn|20
|
|t:|1760324387
|switch|p2a: Great Tusk|Great Tusk, shiny|39/100
|move|p1a: Primarina|Surf|p2a: Great Tusk
|-supereffective|p2a: Great Tusk
|-damage|p2a: Great Tusk|0 fnt
|faint|p2a: Great Tusk
|-end|p2a: Great Tusk|Protosynthesis|[silent]
|
|upkeep
|
|t:|1760324393
|switch|p2a: Raging Bolt|Raging Bolt, tera:Fairy|47/100
|turn|21
|
|t:|1760324414
|switch|p1a: Scizor|Scizor, F, shiny|100/100
|move|p2a: Raging Bolt|Discharge|p1a: Scizor
|-damage|p1a: Scizor|42/100
|
|upkeep
|turn|22
|
|t:|1760324418
|-end|p2a: Raging Bolt|Protosynthesis|[silent]
|switch|p2a: Moltres|Moltres, shiny|75/100
|move|p1a: Scizor|Bullet Punch|p2a: Moltres
|-resisted|p2a: Moltres
|-damage|p2a: Moltres|51/100
|
|upkeep
|turn|23
|
|t:|1760324425
|switch|p1a: Darkrai|Darkrai|100/100
|move|p2a: Moltres|Roost|p2a: Moltres
|-heal|p2a: Moltres|100/100
|-singleturn|p2a: Moltres|move: Roost
|
|upkeep
|turn|24
|
|t:|1760324429
|move|p1a: Darkrai|Nasty Plot|p1a: Darkrai
|-boost|p1a: Darkrai|spa|2
|move|p2a: Moltres|Flamethrower|p1a: Darkrai
|-damage|p1a: Darkrai|51/100
|
|-heal|p1a: Darkrai|57/100|[from] item: Leftovers
|upkeep
|turn|25
|
|t:|1760324447
|switch|p2a: Dragonite|Dragonite, M, shiny|90/100
|move|p1a: Darkrai|Dark Pulse|p2a: Dragonite
|-damage|p2a: Dragonite|1/100
|
|-heal|p1a: Darkrai|63/100|[from] item: Leftovers
|-heal|p2a: Dragonite|7/100|[from] item: Leftovers
|upkeep
|turn|26
|
|t:|1760324454
|switch|p1a: Corviknight|Corviknight, M|87/100
|-ability|p1a: Corviknight|Pressure
|move|p2a: Dragonite|Extreme Speed|p1a: Corviknight
|-resisted|p1a: Corviknight
|-damage|p1a: Corviknight|79/100
|-damage|p2a: Dragonite|0 fnt|[from] item: Rocky Helmet|[of] p1a: Corviknight
|faint|p2a: Dragonite
|
|upkeep
|
|t:|1760324468
|switch|p2a: Raging Bolt|Raging Bolt, tera:Fairy|47/100
|turn|27
|
|t:|1760324472
|move|p2a: Raging Bolt|Calm Mind|p2a: Raging Bolt
|-boost|p2a: Raging Bolt|spa|1
|-boost|p2a: Raging Bolt|spd|1
|move|p1a: Corviknight|Brave Bird|p2a: Raging Bolt
|-damage|p2a: Raging Bolt|14/100
|-damage|p1a: Corviknight|67/100|[from] Recoil
|
|upkeep
|turn|28
|
|t:|1760324478
|move|p2a: Raging Bolt|Thunderclap|p1a: Corviknight
|-supereffective|p1a: Corviknight
|-damage|p1a: Corviknight|0 fnt
|faint|p1a: Corviknight
|
|upkeep
|
|t:|1760324485
|switch|p1a: Darkrai|Darkrai|63/100
|turn|29
|
|t:|1760324489
|move|p1a: Darkrai|Nasty Plot|p1a: Darkrai
|-boost|p1a: Darkrai|spa|2
|move|p2a: Raging Bolt|Discharge|p1a: Darkrai
|-damage|p1a: Darkrai|0 fnt
|faint|p1a: Darkrai
|
|upkeep
|
|t:|1760324491
|switch|p1a: Scizor|Scizor, F, shiny|42/100
|turn|30
|
|t:|1760324495
|-end|p2a: Raging Bolt|Protosynthesis|[silent]
|switch|p2a: Moltres|Moltres, shiny|100/100
|move|p1a: Scizor|Bullet Punch|p2a: Moltres
|-resisted|p2a: Moltres
|-damage|p2a: Moltres|78/100
|
|upkeep
|turn|31
|
|t:|1760324501
|switch|p1a: Primarina|Primarina, F|63/100
|move|p2a: Moltres|Will-O-Wisp|p1a: Primarina
|-status|p1a: Primarina|brn
|
|-damage|p1a: Primarina|57/100 brn|[from] brn
|upkeep
|turn|32
|
|t:|1760324511
|move|p2a: Moltres|Scorching Sands|p1a: Primarina
|-crit|p1a: Primarina
|-damage|p1a: Primarina|38/100 brn
|move|p1a: Primarina|Surf|p2a: Moltres
|-supereffective|p2a: Moltres
|-damage|p2a: Moltres|0 fnt
|faint|p2a: Moltres
|
|-damage|p1a: Primarina|32/100 brn|[from] brn
|upkeep
|
|t:|1760324517
|switch|p2a: Raging Bolt|Raging Bolt, tera:Fairy|14/100
|turn|33
|
|t:|1760324522
|move|p2a: Raging Bolt|Thunderclap|p1a: Primarina
|-supereffective|p1a: Primarina
|-crit|p1a: Primarina
|-damage|p1a: Primarina|0 fnt
|faint|p1a: Primarina
|
|upkeep
|
|t:|1760324524
|switch|p1a: Scizor|Scizor, F, shiny|42/100
|turn|34
|
|t:|1760324527
|move|p2a: Raging Bolt|Thunderclap|p1a: Scizor
|-damage|p1a: Scizor|0 fnt
|faint|p1a: Scizor
|
|win|Rizzofreko
|raw|Crabpears's rating: 1489 &rarr; <strong>1470</strong><br />(-19 for losing)
|raw|Rizzofreko's rating: 1512 &rarr; <strong>1531</strong><br />(+19 for winning)
|l|‽Crabpears
|player|p1|
