|j|☆kargreyy
|j|☆LucasEdu27100
|t:|1760377686
|gametype|singles
|player|p1|kargreyy|102|1506
|player|p2|LucasEdu27100|shadowtriad|1435
|gen|9
|tier|[Gen 9] OU
|rated|
|rule|HP Percentage Mod: HP is shown in percentages
|rule|Endless Battle Clause: Forcing endless battles is banned
|rule|Species Clause: Limit one of each Pokémon
|rule|OHKO Clause: OHKO moves are banned
|rule|Evasion Items Clause: Evasion items are banned
|rule|Evasion Moves Clause: Evasion moves are banned
|rule|Evasion Abilities Clause: Evasion abilities are banned
|rule|Sleep Moves Clause: Sleep-inducing moves are banned
|clearpoke
|poke|p1|Weavile, M|
|poke|p1|Ogerpon, F|
|poke|p1|Alomomola, F|
|poke|p1|Slowking-Galar, F|
|poke|p1|Keldeo-Resolute|
|poke|p1|Garganacl, F|
|poke|p2|Ceruledge, M|
|poke|p2|Azumarill, F|
|poke|p2|Jolteon, F|
|poke|p2|Tyranitar, M|
|poke|p2|Hydrapple, M|
|poke|p2|Braviary-Hisui, M|
|teampreview
|inactive|Battle timer is ON: inactive players will automatically lose when time's up. (requested by LucasEdu27100)
|
|t:|1760377702
|teamsize|p1|6
|teamsize|p2|6
|start
|switch|p1a: Anonymous|Ogerpon, F|100/100
|switch|p2a: Yoshitsune|Ceruledge, M|100/100
|turn|1
|
|t:|1760377707
|switch|p1a: Alomomola|Alomomola, F, shiny|100/100
|move|p2a: Yoshitsune|Bitter Blade|p1a: Alomomola
|-resisted|p1a: Alomomola
|-damage|p1a: Alomomola|89/100
|-damage|p2a: Yoshitsune|84/100|[from] item: Rocky Helmet|[of] p1a: Alomomola
|
|upkeep
|turn|2
|
|t:|1760377710
|move|p2a: Yoshitsune|Poltergeist|p1a: Alomomola
|-activate|p1a: Alomomola|move: Poltergeist|Rocky Helmet
|-damage|p1a: Alomomola|58/100
|move|p1a: Alomomola|Wish|p1a: Alomomola
|
|upkeep
|turn|3
|
|t:|1760377728
|switch|p1a: Keldeo|Keldeo-Resolute|100/100
|move|p2a: Yoshitsune|Poltergeist|p1a: Keldeo
|-activate|p1a: Keldeo|move: Poltergeist|Leftovers
|-damage|p1a: Keldeo|40/100
|
|-heal|p1a: Keldeo|100/100|[from] move: Wish|[wisher] Alomomola
|upkeep
|turn|4
|
|t:|1760377741
|switch|p2a: Titania|Azumarill, F|100/100
|move|p1a: Keldeo|Substitute|p1a: Keldeo
|-start|p1a: Keldeo|Substitute
|-damage|p1a: Keldeo|76/100
|
|-heal|p1a: Keldeo|82/100|[from] item: Leftovers
|upkeep
|turn|5
|
|t:|1760377745
|move|p1a: Keldeo|Hydro Pump|p2a: Titania|[miss]
|-miss|p1a: Keldeo|p2a: Titania
|move|p2a: Titania|Liquidation|p1a: Keldeo
|-resisted|p1a: Keldeo
|-end|p1a: Keldeo|Substitute
|
|-heal|p1a: Keldeo|88/100|[from] item: Leftovers
|upkeep
|turn|6
|
|t:|1760377755
|switch|p1a: Alomomola|Alomomola, F, shiny|91/100
|move|p2a: Titania|Play Rough|p1a: Alomomola
|-damage|p1a: Alomomola|58/100
|-damage|p2a: Titania|84/100|[from] item: Rocky Helmet|[of] p1a: Alomomola
|
|-heal|p2a: Titania|90/100|[from] item: Leftovers
|upkeep
|turn|7
|
|t:|1760377760
|move|p1a: Alomomola|Flip Turn|p2a: Titania
|-resisted|p2a: Titania
|-damage|p2a: Titania|82/100
|
|t:|1760377763
|switch|p1a: Garganacl|Garganacl, F|100/100|[from] Flip Turn
|move|p2a: Titania|Knock Off|p1a: Garganacl
|-damage|p1a: Garganacl|78/100
|-enditem|p1a: Garganacl|Leftovers|[from] move: Knock Off|[of] p2a: Titania
|
|-heal|p2a: Titania|88/100|[from] item: Leftovers
|upkeep
|turn|8
|
|t:|1760377777
|switch|p1a: Alomomola|Alomomola, F, shiny|91/100
|move|p2a: Titania|Liquidation|p1a: Alomomola
|-resisted|p1a: Alomomola
|-damage|p1a: Alomomola|76/100
|-damage|p2a: Titania|72/100|[from] item: Rocky Helmet|[of] p1a: Alomomola
|
|-heal|p2a: Titania|78/100|[from] item: Leftovers
|upkeep
|turn|9
|
|t:|1760377783
|move|p1a: Alomomola|Wish|p1a: Alomomola
|move|p2a: Titania|Knock Off|p1a: Alomomola
|-damage|p1a: Alomomola|55/100
|-damage|p2a: Titania|61/100|[from] item: Rocky Helmet|[of] p1a: Alomomola
|-enditem|p1a: Alomomola|Rocky Helmet|[from] move: Knock Off|[of] p2a: Titania
|
|-heal|p2a: Titania|67/100|[from] item: Leftovers
|upkeep
|turn|10
|
|t:|1760377788
|move|p1a: Alomomola|Flip Turn|p2a: Titania
|-resisted|p2a: Titania
|-damage|p2a: Titania|59/100
|
|t:|1760377792
|switch|p1a: Anonymous|Ogerpon, F|100/100|[from] Flip Turn
|move|p2a: Titania|Play Rough|p1a: Anonymous|[miss]
|-miss|p2a: Titania|p1a: Anonymous
|
|-heal|p2a: Titania|65/100|[from] item: Leftovers
|upkeep
|turn|11
|
|t:|1760377806
|switch|p2a: Orochi|Hydrapple, M|100/100
|move|p1a: Anonymous|Knock Off|p2a: Orochi
|-damage|p2a: Orochi|63/100
|-enditem|p2a: Orochi|Assault Vest|[from] move: Knock Off|[of] p1a: Anonymous
|
|upkeep
|turn|12
|l|☆kargreyy
|inactive|kargreyy disconnected and has a minute to reconnect!
|player|p1|
|j|☆kargreyy
|inactive|kargreyy reconnected and has 120 seconds left.
|player|p1|kargreyy|102|
|
|t:|1760377845
|switch|p1a: Slowking|Slowking-Galar, F|100/100
|move|p2a: Orochi|Fickle Beam|p1a: Slowking
|-damage|p1a: Slowking|75/100
|
|upkeep
|turn|13
|inactive|kargreyy has 120 seconds left.
|
|t:|1760377856
|switch|p2a: Arahabaki|Tyranitar, M|100/100
|-weather|Sandstorm|[from] ability: Sand Stream|[of] p2a: Arahabaki
|switch|p1a: Anonymous|Ogerpon, F|100/100
|
|-weather|Sandstorm|[upkeep]
|-damage|p1a: Anonymous|95/100|[from] Sandstorm
|upkeep
|turn|14
|inactive|kargreyy has 120 seconds left.
|
|t:|1760377885
|move|p1a: Anonymous|Play Rough|p2a: Arahabaki
|-supereffective|p2a: Arahabaki
|-damage|p2a: Arahabaki|11/100
|move|p2a: Arahabaki|Thunder Wave|p1a: Anonymous
|-status|p1a: Anonymous|par
|
|-weather|Sandstorm|[upkeep]
|-damage|p1a: Anonymous|89/100 par|[from] Sandstorm
|upkeep
|turn|15
|
|t:|1760377898
|switch|p2a: Yoshitsune|Ceruledge, M|84/100
|switch|p1a: Alomomola|Alomomola, F, shiny|89/100
|
|-weather|Sandstorm|[upkeep]
|-damage|p2a: Yoshitsune|78/100|[from] Sandstorm
|-damage|p1a: Alomomola|83/100|[from] Sandstorm
|upkeep
|turn|16
|
|t:|1760377904
|move|p2a: Yoshitsune|Night Slash|p1a: Alomomola
|-damage|p1a: Alomomola|70/100
|move|p1a: Alomomola|Wish|p1a: Alomomola
|
|-weather|Sandstorm|[upkeep]
|-damage|p2a: Yoshitsune|72/100|[from] Sandstorm
|-damage|p1a: Alomomola|63/100|[from] Sandstorm
|upkeep
|turn|17
|
|t:|1760377913
|switch|p2a: Orochi|Hydrapple, M|96/100
|switch|p1a: Keldeo|Keldeo-Resolute|88/100
|
|-weather|none
|-heal|p1a: Keldeo|100/100|[from] move: Wish|[wisher] Alomomola
|upkeep
|turn|18
|
|t:|1760377922
|switch|p1a: Slowking|Slowking-Galar, F|100/100
|move|p2a: Orochi|Energy Ball|p1a: Slowking
|-resisted|p1a: Slowking
|-damage|p1a: Slowking|87/100
|
|upkeep
|turn|19
|
|t:|1760377930
|move|p2a: Orochi|Earth Power|p1a: Slowking
|-supereffective|p1a: Slowking
|-damage|p1a: Slowking|51/100
|move|p1a: Slowking|Sludge Bomb|p2a: Orochi
|-supereffective|p2a: Orochi
|-damage|p2a: Orochi|2/100
|-status|p2a: Orochi|psn
|
|-damage|p2a: Orochi|0 fnt|[from] psn
|faint|p2a: Orochi
|upkeep
|
|t:|1760377937
|switch|p2a: Garuda|Braviary-Hisui, M|100/100
|turn|20
|
|t:|1760377949
|move|p2a: Garuda|Esper Wing|p1a: Slowking
|-damage|p1a: Slowking|30/100
|-boost|p2a: Garuda|spe|1
|move|p1a: Slowking|Future Sight|p2a: Garuda
|-start|p1a: Slowking|move: Future Sight
|
|upkeep
|turn|21
|
|t:|1760377958
|switch|p1a: Bandit|Weavile, M, shiny|100/100
|-ability|p1a: Bandit|Pressure
|move|p2a: Garuda|Air Slash|p1a: Bandit
|-damage|p1a: Bandit|50/100
|
|upkeep
|turn|22
|
|t:|1760377969
|-terastallize|p2a: Garuda|Dark
|move|p1a: Bandit|Triple Axel|p2a: Garuda
|-damage|p2a: Garuda|81/100
|-damage|p2a: Garuda|45/100
|-damage|p2a: Garuda|0 fnt
|faint|p2a: Garuda
|-hitcount|p2: Garuda|3
|
|-hint|Future Sight did not hit because the target is fainted.
|upkeep
|
|t:|1760377976
|switch|p2a: Hayataro|Jolteon, F|100/100
|turn|23
|
|t:|1760377990
|switch|p1a: Anonymous|Ogerpon, F|89/100 par
|move|p2a: Hayataro|Volt Switch|p1a: Anonymous
|-resisted|p1a: Anonymous
|-damage|p1a: Anonymous|62/100 par
|-damage|p2a: Hayataro|91/100|[from] item: Life Orb
|
|t:|1760377997
|switch|p2a: Arahabaki|Tyranitar, M|11/100|[from] Volt Switch
|-weather|Sandstorm|[from] ability: Sand Stream|[of] p2a: Arahabaki
|
|-weather|Sandstorm|[upkeep]
|-damage|p1a: Anonymous|56/100 par|[from] Sandstorm
|upkeep
|turn|24
|
|t:|1760378005
|switch|p1a: Alomomola|Alomomola, F, shiny|97/100
|move|p2a: Arahabaki|Knock Off|p1a: Alomomola
|-damage|p1a: Alomomola|77/100
|
|-weather|Sandstorm|[upkeep]
|-damage|p1a: Alomomola|71/100|[from] Sandstorm
|upkeep
|turn|25
|
|t:|1760378013
|move|p2a: Arahabaki|Thunder Wave|p1a: Alomomola|[miss]
|-miss|p2a: Arahabaki|p1a: Alomomola
|move|p1a: Alomomola|Wish|p1a: Alomomola
|
|-weather|Sandstorm|[upkeep]
|-damage|p1a: Alomomola|65/100|[from] Sandstorm
|upkeep
|turn|26
|
|t:|1760378021
|move|p2a: Arahabaki|Thunder Wave|p1a: Alomomola
|-status|p1a: Alomomola|par
|cant|p1a: Alomomola|par
|
|-weather|Sandstorm|[upkeep]
|-damage|p1a: Alomomola|59/100 par|[from] Sandstorm
|-heal|p1a: Alomomola|100/100 par|[from] move: Wish|[wisher] Alomomola
|upkeep
|turn|27
|
|t:|1760378030
|move|p2a: Arahabaki|Rock Slide|p1a: Alomomola
|-damage|p1a: Alomomola|78/100 par
|cant|p1a: Alomomola|flinch
|
|-weather|none
|upkeep
|turn|28
|
|t:|1760378035
|move|p2a: Arahabaki|Rock Slide|p1a: Alomomola
|-crit|p1a: Alomomola
|-damage|p1a: Alomomola|45/100 par
|cant|p1a: Alomomola|flinch
|
|upkeep
|turn|29
|
|t:|1760378042
|switch|p1a: Keldeo|Keldeo-Resolute|100/100
|move|p2a: Arahabaki|Earthquake|p1a: Keldeo
|-damage|p1a: Keldeo|58/100
|
|-heal|p1a: Keldeo|65/100|[from] item: Leftovers
|upkeep
|turn|30
|
|t:|1760378052
|switch|p2a: Titania|Azumarill, F|65/100
|move|p1a: Keldeo|Hydro Pump|p2a: Titania
|-resisted|p2a: Titania
|-damage|p2a: Titania|33/100
|
|-heal|p1a: Keldeo|71/100|[from] item: Leftovers
|-heal|p2a: Titania|39/100|[from] item: Leftovers
|upkeep
|turn|31
|
|t:|1760378063
|switch|p1a: Alomomola|Alomomola, F, shiny|78/100 par
|move|p2a: Titania|Play Rough|p1a: Alomomola
|-damage|p1a: Alomomola|46/100 par
|
|-heal|p2a: Titania|45/100|[from] item: Leftovers
|upkeep
|turn|32
|
|t:|1760378068
|move|p2a: Titania|Play Rough|p1a: Alomomola
|-damage|p1a: Alomomola|16/100 par
|move|p1a: Alomomola|Wish|p1a: Alomomola
|
|-heal|p2a: Titania|51/100|[from] item: Leftovers
|upkeep
|turn|33
|
|t:|1760378081
|switch|p1a: Garganacl|Garganacl, F|78/100
|move|p2a: Titania|Liquidation|p1a: Garganacl
|-supereffective|p1a: Garganacl
|-damage|p1a: Garganacl|12/100
|
|-heal|p1a: Garganacl|85/100|[from] move: Wish|[wisher] Alomomola
|-heal|p2a: Titania|58/100|[from] item: Leftovers
|upkeep
|turn|34
|
|t:|1760378105
|-terastallize|p1a: Garganacl|Water
|move|p2a: Titania|Liquidation|p1a: Garganacl
|-resisted|p1a: Garganacl
|-crit|p1a: Garganacl
|-damage|p1a: Garganacl|60/100
|move|p1a: Garganacl|Iron Defense|p1a: Garganacl
|-boost|p1a: Garganacl|def|2
|
|-heal|p2a: Titania|64/100|[from] item: Leftovers
|upkeep
|turn|35
|
|t:|1760378117
|switch|p2a: Hayataro|Jolteon, F|91/100
|move|p1a: Garganacl|Recover|p1a: Garganacl
|-heal|p1a: Garganacl|100/100
|
|upkeep
|turn|36
|
|t:|1760378125
|switch|p1a: Anonymous|Ogerpon, F|56/100 par
|move|p2a: Hayataro|Volt Switch|p1a: Anonymous
|-resisted|p1a: Anonymous
|-damage|p1a: Anonymous|33/100 par
|-damage|p2a: Hayataro|81/100|[from] item: Life Orb
|
|t:|1760378131
|switch|p2a: Arahabaki|Tyranitar, M|11/100|[from] Volt Switch
|-weather|Sandstorm|[from] ability: Sand Stream|[of] p2a: Arahabaki
|
|-weather|Sandstorm|[upkeep]
|-damage|p1a: Anonymous|27/100 par|[from] Sandstorm
|upkeep
|turn|37
|
|t:|1760378141
|switch|p1a: Garganacl|Garganacl, F, tera:Water|100/100
|move|p2a: Arahabaki|Knock Off|p1a: Garganacl
|-damage|p1a: Garganacl|81/100
|
|-weather|Sandstorm|[upkeep]
|-damage|p1a: Garganacl|75/100|[from] Sandstorm
|upkeep
|turn|38
|
|t:|1760378153
|switch|p2a: Yoshitsune|Ceruledge, M|72/100
|move|p1a: Garganacl|Iron Defense|p1a: Garganacl
|-boost|p1a: Garganacl|def|2
|
|-weather|Sandstorm|[upkeep]
|-damage|p2a: Yoshitsune|65/100|[from] Sandstorm
|-damage|p1a: Garganacl|68/100|[from] Sandstorm
|upkeep
|turn|39
|
|t:|1760378163
|move|p2a: Yoshitsune|Night Slash|p1a: Garganacl
|-damage|p1a: Garganacl|62/100
|move|p1a: Garganacl|Salt Cure|p2a: Yoshitsune
|-supereffective|p2a: Yoshitsune
|-damage|p2a: Yoshitsune|28/100
|-start|p2a: Yoshitsune|Salt Cure
|
|-weather|Sandstorm|[upkeep]
|-damage|p2a: Yoshitsune|21/100|[from] Sandstorm
|-damage|p1a: Garganacl|56/100|[from] Sandstorm
|-damage|p2a: Yoshitsune|9/100|[from] Salt Cure
|upkeep
|turn|40
|
|t:|1760378173
|switch|p2a: Hayataro|Jolteon, F|81/100
|move|p1a: Garganacl|Recover|p1a: Garganacl
|-heal|p1a: Garganacl|100/100
|
|-weather|none
|upkeep
|turn|41
|
|t:|1760378181
|switch|p1a: Anonymous|Ogerpon, F|27/100 par
|move|p2a: Hayataro|Volt Switch|p1a: Anonymous
|-resisted|p1a: Anonymous
|-damage|p1a: Anonymous|0 fnt
|faint|p1a: Anonymous
|-damage|p2a: Hayataro|71/100|[from] item: Life Orb
|
|t:|1760378185
|switch|p2a: Yoshitsune|Ceruledge, M|9/100|[from] Volt Switch
|
|upkeep
|
|t:|1760378190
|switch|p1a: Alomomola|Alomomola, F, shiny|49/100 par
|turn|42
|
|t:|1760378193
|move|p2a: Yoshitsune|Bitter Blade|p1a: Alomomola
|-resisted|p1a: Alomomola
|-damage|p1a: Alomomola|36/100 par
|-heal|p2a: Yoshitsune|25/100|[from] drain|[of] p1a: Alomomola
|move|p1a: Alomomola|Flip Turn|p2a: Yoshitsune
|-supereffective|p2a: Yoshitsune
|-damage|p2a: Yoshitsune|0 fnt
|faint|p2a: Yoshitsune
|
|t:|1760378212
|switch|p1a: Slowking|Slowking-Galar, F|63/100|[from] Flip Turn
|
|upkeep
|
|t:|1760378217
|switch|p2a: Arahabaki|Tyranitar, M|11/100
|-weather|Sandstorm|[from] ability: Sand Stream|[of] p2a: Arahabaki
|turn|43
|
|t:|1760378223
|switch|p1a: Alomomola|Alomomola, F, shiny|70/100 par
|move|p2a: Arahabaki|Knock Off|p1a: Alomomola
|-damage|p1a: Alomomola|50/100 par
|
|-weather|Sandstorm|[upkeep]
|-damage|p1a: Alomomola|44/100 par|[from] Sandstorm
|upkeep
|turn|44
|
|t:|1760378229
|move|p2a: Arahabaki|Rock Slide|p1a: Alomomola
|-damage|p1a: Alomomola|23/100 par
|cant|p1a: Alomomola|flinch
|
|-weather|Sandstorm|[upkeep]
|-damage|p1a: Alomomola|16/100 par|[from] Sandstorm
|upkeep
|turn|45
|
|t:|1760378239
|switch|p1a: Garganacl|Garganacl, F, tera:Water|100/100
|move|p2a: Arahabaki|Earthquake|p1a: Garganacl
|-damage|p1a: Garganacl|80/100
|
|-weather|Sandstorm|[upkeep]
|-damage|p1a: Garganacl|74/100|[from] Sandstorm
|upkeep
|turn|46
|
|t:|1760378250
|switch|p2a: Hayataro|Jolteon, F|71/100
|move|p1a: Garganacl|Salt Cure|p2a: Hayataro
|-damage|p2a: Hayataro|45/100
|-start|p2a: Hayataro|Salt Cure
|
|-weather|Sandstorm|[upkeep]
|-damage|p2a: Hayataro|39/100|[from] Sandstorm
|-damage|p1a: Garganacl|68/100|[from] Sandstorm
|-damage|p2a: Hayataro|27/100|[from] Salt Cure
|upkeep
|turn|47
|
|t:|1760378260
|switch|p1a: Slowking|Slowking-Galar, F|96/100
|move|p2a: Hayataro|Volt Switch|p1a: Slowking
|-crit|p1a: Slowking
|-damage|p1a: Slowking|61/100
|-damage|p2a: Hayataro|17/100|[from] item: Life Orb
|
|t:|1760378265
|switch|p2a: Titania|Azumarill, F|64/100|[from] Volt Switch
|
|-weather|none
|-heal|p2a: Titania|70/100|[from] item: Leftovers
|upkeep
|turn|48
|
|t:|1760378271
|switch|p1a: Alomomola|Alomomola, F, shiny|50/100 par
|move|p2a: Titania|Knock Off|p1a: Alomomola
|-damage|p1a: Alomomola|35/100 par
|
|-heal|p2a: Titania|76/100|[from] item: Leftovers
|upkeep
|turn|49
|
|t:|1760378273
|move|p2a: Titania|Play Rough|p1a: Alomomola
|-damage|p1a: Alomomola|7/100 par
|move|p1a: Alomomola|Wish|p1a: Alomomola
|
|-heal|p2a: Titania|82/100|[from] item: Leftovers
|upkeep
|turn|50
|
|t:|1760378284
|switch|p1a: Garganacl|Garganacl, F, tera:Water|68/100
|move|p2a: Titania|Aqua Jet|p1a: Garganacl
|-resisted|p1a: Garganacl
|-damage|p1a: Garganacl|60/100
|
|-heal|p1a: Garganacl|100/100|[from] move: Wish|[wisher] Alomomola
|-heal|p2a: Titania|89/100|[from] item: Leftovers
|upkeep
|turn|51
|
|t:|1760378290
|move|p2a: Titania|Play Rough|p1a: Garganacl
|-damage|p1a: Garganacl|68/100
|move|p1a: Garganacl|Salt Cure|p2a: Titania
|-damage|p2a: Titania|74/100
|-start|p2a: Titania|Salt Cure
|
|-heal|p2a: Titania|80/100|[from] item: Leftovers
|-damage|p2a: Titania|55/100|[from] Salt Cure
|upkeep
|turn|52
|
|t:|1760378302
|move|p2a: Titania|Play Rough|p1a: Garganacl
|-damage|p1a: Garganacl|37/100
|move|p1a: Garganacl|Salt Cure|p2a: Titania
|-damage|p2a: Titania|42/100
|
|-heal|p2a: Titania|48/100|[from] item: Leftovers
|-damage|p2a: Titania|23/100|[from] Salt Cure
|upkeep
|turn|53
|
|t:|1760378311
|move|p2a: Titania|Liquidation|p1a: Garganacl
|-resisted|p1a: Garganacl
|-damage|p1a: Garganacl|21/100
|move|p1a: Garganacl|Recover|p1a: Garganacl
|-heal|p1a: Garganacl|71/100
|
|-heal|p2a: Titania|29/100|[from] item: Leftovers
|-damage|p2a: Titania|4/100|[from] Salt Cure
|upkeep
|turn|54
|
|t:|1760378320
|move|p2a: Titania|Play Rough|p1a: Garganacl
|-damage|p1a: Garganacl|40/100
|move|p1a: Garganacl|Recover|p1a: Garganacl
|-heal|p1a: Garganacl|90/100
|
|-heal|p2a: Titania|10/100|[from] item: Leftovers
|-damage|p2a: Titania|0 fnt|[from] Salt Cure
|faint|p2a: Titania
|upkeep
|
|t:|1760378326
|switch|p2a: Hayataro|Jolteon, F|17/100
|turn|55
|
|t:|1760378330
|switch|p1a: Slowking|Slowking-Galar, F|94/100
|move|p2a: Hayataro|Volt Switch|p1a: Slowking
|-damage|p1a: Slowking|69/100
|-damage|p2a: Hayataro|7/100|[from] item: Life Orb
|
|t:|1760378332
|switch|p2a: Arahabaki|Tyranitar, M|11/100|[from] Volt Switch
|-weather|Sandstorm|[from] ability: Sand Stream|[of] p2a: Arahabaki
|
|-weather|Sandstorm|[upkeep]
|-damage|p1a: Slowking|63/100|[from] Sandstorm
|upkeep
|turn|56
|
|t:|1760378336
|switch|p1a: Alomomola|Alomomola, F, shiny|40/100 par
|move|p2a: Arahabaki|Thunder Wave|p1a: Alomomola
|-fail|p1a: Alomomola|par
|
|-weather|Sandstorm|[upkeep]
|-damage|p1a: Alomomola|34/100 par|[from] Sandstorm
|upkeep
|turn|57
|
|t:|1760378340
|move|p2a: Arahabaki|Rock Slide|p1a: Alomomola
|-damage|p1a: Alomomola|12/100 par
|cant|p1a: Alomomola|flinch
|
|-weather|Sandstorm|[upkeep]
|-damage|p1a: Alomomola|6/100 par|[from] Sandstorm
|upkeep
|turn|58
|
|t:|1760378351
|move|p2a: Arahabaki|Rock Slide|p1a: Alomomola
|-damage|p1a: Alomomola|0 fnt
|faint|p1a: Alomomola
|
|-weather|Sandstorm|[upkeep]
|upkeep
|
|t:|1760378358
|switch|p1a: Garganacl|Garganacl, F, tera:Water|90/100
|turn|59
|
|t:|1760378364
|move|p2a: Arahabaki|Rock Slide|p1a: Garganacl
|-damage|p1a: Garganacl|66/100
|cant|p1a: Garganacl|flinch
|
|-weather|none
|upkeep
|turn|60
|
|t:|1760378369
|move|p2a: Arahabaki|Rock Slide|p1a: Garganacl
|-damage|p1a: Garganacl|41/100
|cant|p1a: Garganacl|flinch
|
|upkeep
|turn|61
|
|t:|1760378377
|move|p2a: Arahabaki|Earthquake|p1a: Garganacl
|-damage|p1a: Garganacl|19/100
|move|p1a: Garganacl|Recover|p1a: Garganacl
|-heal|p1a: Garganacl|69/100
|
|upkeep
|turn|62
|
|t:|1760378384
|move|p2a: Arahabaki|Rock Slide|p1a: Garganacl
|-damage|p1a: Garganacl|46/100
|move|p1a: Garganacl|Recover|p1a: Garganacl
|-heal|p1a: Garganacl|96/100
|
|upkeep
|turn|63
|
|t:|1760378390
|move|p2a: Arahabaki|Rock Slide|p1a: Garganacl
|-damage|p1a: Garganacl|73/100
|move|p1a: Garganacl|Body Press|p2a: Arahabaki
|-supereffective|p2a: Arahabaki
|-crit|p2a: Arahabaki
|-damage|p2a: Arahabaki|0 fnt
|faint|p2a: Arahabaki
|
|upkeep
|
|t:|1760378394
|switch|p2a: Hayataro|Jolteon, F|7/100
|turn|64
|
|t:|1760378397
|move|p2a: Hayataro|Volt Switch|p1a: Garganacl
|-supereffective|p1a: Garganacl
|-damage|p1a: Garganacl|0 fnt
|faint|p1a: Garganacl
|-damage|p2a: Hayataro|0 fnt|[from] item: Life Orb
|faint|p2a: Hayataro
|
|win|kargreyy
|raw|kargreyy's rating: 1506 &rarr; <strong>1522</strong><br />(+16 for winning)
|raw|LucasEdu27100's rating: 1435 &rarr; <strong>1419</strong><br />(-16 for losing)
|l|☆LucasEdu27100
|player|p2|
|l|☆kargreyy
|player|p1|
