|j|☆sveinung12321
|j|☆OCD COD
|t:|1760391131
|gametype|singles
|player|p1|sveinung12321|265|1476
|player|p2|OCD COD|youngster-gen6xy|1520
|gen|9
|tier|[Gen 9] OU
|rated|
|rule|HP Percentage Mod: HP is shown in percentages
|rule|Endless Battle Clause: Forcing endless battles is banned
|rule|Species Clause: Limit one of each Pokémon
|rule|OHKO Clause: OHKO moves are banned
|rule|Evasion Items Clause: Evasion items are banned
|rule|Evasion Moves Clause: Evasion moves are banned
|rule|Evasion Abilities Clause: Evasion abilities are banned
|rule|Sleep Moves Clause: Sleep-inducing moves are banned
|clearpoke
|poke|p1|Cresselia, F|
|poke|p1|Iron Hands|
|poke|p1|Slowking, F|
|poke|p1|Hatterene, F|
|poke|p1|Ursaluna, F|
|poke|p1|Glastrier|
|poke|p2|Zamazenta-*|
|poke|p2|Gliscor, M|
|poke|p2|Samurott-Hisui, M|
|poke|p2|Scizor, F|
|poke|p2|Pecharunt|
|poke|p2|Clefable, M|
|teampreview
|inactive|Battle timer is ON: inactive players will automatically lose when time's up. (requested by sveinung12321)
|
|t:|1760391145
|teamsize|p1|6
|teamsize|p2|6
|start
|switch|p1a: Hatterene|Hatterene, F|100/100
|switch|p2a: Samurott|Samurott-Hisui, M|100/100
|turn|1
|
|t:|1760391149
|move|p2a: Samurott|Ceaseless Edge|p1a: Hatterene
|-damage|p1a: Hatterene|52/100
|-sidestart|p1: sveinung12321|Spikes
|move|p1a: Hatterene|Trick Room|p1a: Hatterene
|-fieldstart|move: Trick Room|[of] p1a: Hatterene
|
|upkeep
|turn|2
|
|t:|1760391154
|switch|p2a: Clefable|Clefable, M|100/100
|move|p1a: Hatterene|Dazzling Gleam|p2a: Clefable
|-damage|p2a: Clefable|70/100
|
|-heal|p2a: Clefable|76/100|[from] item: Leftovers
|upkeep
|turn|3
|
|t:|1760391159
|move|p1a: Hatterene|Healing Wish|p1a: Hatterene
|faint|p1a: Hatterene
|move|p2a: Clefable|Moonlight|p2a: Clefable
|-heal|p2a: Clefable|100/100
|
|upkeep
|
|t:|1760391163
|switch|p1a: Ursaluna|Ursaluna, F|100/100
|-damage|p1a: Ursaluna|88/100|[from] Spikes
|turn|4
|
|t:|1760391169
|move|p1a: Ursaluna|Headlong Rush|p2a: Clefable
|-damage|p2a: Clefable|20/100
|-unboost|p1a: Ursaluna|def|1
|-unboost|p1a: Ursaluna|spd|1
|move|p2a: Clefable|Stealth Rock|p1a: Ursaluna
|-sidestart|p1: sveinung12321|move: Stealth Rock
|
|-heal|p2a: Clefable|26/100|[from] item: Leftovers
|-status|p1a: Ursaluna|brn|[from] item: Flame Orb
|upkeep
|turn|5
|
|t:|1760391181
|move|p1a: Ursaluna|Facade|p2a: Clefable
|-damage|p2a: Clefable|0 fnt
|faint|p2a: Clefable
|
|-damage|p1a: Ursaluna|82/100 brn|[from] brn
|-fieldend|move: Trick Room
|upkeep
|
|t:|1760391185
|switch|p2a: Scizor|Scizor, F|100/100
|turn|6
|
|t:|1760391192
|move|p2a: Scizor|Close Combat|p1a: Ursaluna
|-supereffective|p1a: Ursaluna
|-damage|p1a: Ursaluna|0 fnt
|-unboost|p2a: Scizor|def|1
|-unboost|p2a: Scizor|spd|1
|faint|p1a: Ursaluna
|
|upkeep
|
|t:|1760391201
|switch|p1a: Cresselia|Cresselia, F|100/100
|-damage|p1a: Cresselia|88/100|[from] Stealth Rock
|turn|7
|
|t:|1760391204
|move|p2a: Scizor|Swords Dance|p2a: Scizor
|-boost|p2a: Scizor|atk|2
|move|p1a: Cresselia|Trick Room|p1a: Cresselia
|-fieldstart|move: Trick Room|[of] p1a: Cresselia
|
|upkeep
|turn|8
|
|t:|1760391208
|move|p1a: Cresselia|Lunar Dance|p1a: Cresselia
|faint|p1a: Cresselia
|move|p2a: Scizor|Swords Dance|p2a: Scizor
|-boost|p2a: Scizor|atk|2
|
|upkeep
|
|t:|1760391211
|switch|p1a: Iron Hands|Iron Hands|100/100
|-damage|p1a: Iron Hands|88/100|[from] Spikes
|-damage|p1a: Iron Hands|82/100|[from] Stealth Rock
|-enditem|p1a: Iron Hands|Booster Energy
|-activate|p1a: Iron Hands|ability: Quark Drive|[fromitem]
|-start|p1a: Iron Hands|quarkdriveatk
|turn|9
|
|t:|1760391217
|switch|p2a: Pecharunt|Pecharunt|100/100
|-terastallize|p1a: Iron Hands|Fire
|move|p1a: Iron Hands|Close Combat|p2a: Pecharunt
|-immune|p2a: Pecharunt
|
|upkeep
|turn|10
|
|t:|1760391221
|move|p1a: Iron Hands|Earthquake|p2a: Pecharunt
|-supereffective|p2a: Pecharunt
|-damage|p2a: Pecharunt|55/100
|move|p2a: Pecharunt|Malignant Chain|p1a: Iron Hands
|-damage|p1a: Iron Hands|56/100
|
|upkeep
|turn|11
|
|t:|1760391226
|move|p1a: Iron Hands|Earthquake|p2a: Pecharunt
|-supereffective|p2a: Pecharunt
|-damage|p2a: Pecharunt|7/100
|move|p2a: Pecharunt|Parting Shot|p1a: Iron Hands
|-unboost|p1a: Iron Hands|atk|1
|-unboost|p1a: Iron Hands|spa|1
|
|t:|1760391229
|switch|p2a: Samurott|Samurott-Hisui, M|100/100|[from] Parting Shot
|
|-fieldend|move: Trick Room
|upkeep
|turn|12
|
|t:|1760391233
|-end|p1a: Iron Hands|Quark Drive|[silent]
|switch|p1a: Slowking|Slowking, F|100/100
|-damage|p1a: Slowking|88/100|[from] Spikes
|-damage|p1a: Slowking|76/100|[from] Stealth Rock
|move|p2a: Samurott|Aqua Cutter|p1a: Slowking
|-resisted|p1a: Slowking
|-crit|p1a: Slowking
|-damage|p1a: Slowking|41/100
|
|upkeep
|turn|13
|
|t:|1760391236
|move|p2a: Samurott|Ceaseless Edge|p1a: Slowking
|-supereffective|p1a: Slowking
|-damage|p1a: Slowking|0 fnt
|-sidestart|p1: sveinung12321|Spikes
|faint|p1a: Slowking
|
|upkeep
|
|t:|1760391239
|switch|p1a: Glastrier|Glastrier|100/100
|turn|14
|
|t:|1760391242
|move|p2a: Samurott|Ceaseless Edge|p1a: Glastrier
|-damage|p1a: Glastrier|71/100
|-sidestart|p1: sveinung12321|Spikes
|move|p1a: Glastrier|Close Combat|p2a: Samurott
|-supereffective|p2a: Samurott
|-damage|p2a: Samurott|0 fnt
|-unboost|p1a: Glastrier|def|1
|-unboost|p1a: Glastrier|spd|1
|faint|p2a: Samurott
|-ability|p1a: Glastrier|Chilling Neigh|boost
|-boost|p1a: Glastrier|atk|1
|
|upkeep
|
|t:|1760391248
|switch|p2a: Scizor|Scizor, F|100/100
|turn|15
|-message|sveinung12321 forfeited.
|
|win|OCD COD
|raw|sveinung12321's rating: 1476 &rarr; <strong>1459</strong><br />(-17 for losing)
|raw|OCD COD's rating: 1520 &rarr; <strong>1537</strong><br />(+17 for winning)
|l|☆sveinung12321
|player|p1|
