|j|☆vengotmotion
|j|☆Septa Circuit
|t:|1760402648
|gametype|singles
|player|p1|vengotmotion|266|
|player|p2|Septa Circuit|101|
|gen|9
|tier|[Gen 9] OU
|rule|HP Percentage Mod: HP is shown in percentages
|rule|Endless Battle Clause: Forcing endless battles is banned
|rule|Species Clause: Limit one of each Pokémon
|rule|OHKO Clause: OHKO moves are banned
|rule|Evasion Items Clause: Evasion items are banned
|rule|Evasion Moves Clause: Evasion moves are banned
|rule|Evasion Abilities Clause: Evasion abilities are banned
|rule|Sleep Moves Clause: Sleep-inducing moves are banned
|clearpoke
|poke|p1|Latias, F|
|poke|p1|Tyranitar, M|
|poke|p1|Gholdengo|
|poke|p1|Iron Treads|
|poke|p1|Toxapex, F|
|poke|p1|Great Tusk|
|poke|p2|Deoxys-Speed|
|poke|p2|Dragonite, F|
|poke|p2|Darkrai|
|poke|p2|Iron Moth|
|poke|p2|Scizor, M|
|poke|p2|Great Tusk|
|teampreview
|inactive|Battle timer is ON: inactive players will automatically lose when time's up. (requested by vengotmotion)
|j| kwroo
|l|☆Septa Circuit
|inactive|Septa Circuit disconnected and has 300 seconds to reconnect!
|player|p2|
|j|☆Septa Circuit
|inactive|Septa Circuit reconnected and has 300 seconds left.
|player|p2|Septa Circuit|101|
|
|t:|1760402667
|teamsize|p1|6
|teamsize|p2|6
|start
|switch|p1a: Chung jr|Iron Treads|100/100
|switch|p2a: Deoxys|Deoxys-Speed|100/100
|-ability|p2a: Deoxys|Pressure
|turn|1
|c|☆vengotmotion|aint u using this in myuu?
|
|t:|1760402681
|move|p2a: Deoxys|Taunt|p1a: Chung jr
|-start|p1a: Chung jr|move: Taunt
|cant|p1a: Chung jr|move: Taunt|Stealth Rock
|
|upkeep
|turn|2
|c|☆Septa Circuit|Yea
|
|t:|1760402689
|move|p2a: Deoxys|Stealth Rock|p1a: Chung jr
|-sidestart|p1: vengotmotion|move: Stealth Rock
|move|p1a: Chung jr|Earthquake|p2a: Deoxys
|-damage|p2a: Deoxys|35/100
|
|upkeep
|turn|3
|
|t:|1760402698
|switch|p2a: Scizor|Scizor, M|100/100
|move|p1a: Chung jr|Rapid Spin|p2a: Scizor
|-resisted|p2a: Scizor
|-damage|p2a: Scizor|93/100
|-boost|p1a: Chung jr|spe|1
|-sideend|p1: vengotmotion|Stealth Rock|[from] move: Rapid Spin|[of] p1a: Chung jr
|
|-end|p1a: Chung jr|move: Taunt
|upkeep
|turn|4
|
|t:|1760402706
|move|p1a: Chung jr|Stealth Rock|p2a: Scizor
|-sidestart|p2: Septa Circuit|move: Stealth Rock
|move|p2a: Scizor|Close Combat|p1a: Chung jr
|-supereffective|p1a: Chung jr
|-damage|p1a: Chung jr|19/100
|-unboost|p2a: Scizor|def|1
|-unboost|p2a: Scizor|spd|1
|
|-heal|p1a: Chung jr|25/100|[from] item: Leftovers
|upkeep
|turn|5
|
|t:|1760402721
|move|p1a: Chung jr|Earthquake|p2a: Scizor
|-damage|p2a: Scizor|28/100
|move|p2a: Scizor|Close Combat|p1a: Chung jr
|-supereffective|p1a: Chung jr
|-damage|p1a: Chung jr|0 fnt
|-unboost|p2a: Scizor|def|1
|-unboost|p2a: Scizor|spd|1
|faint|p1a: Chung jr
|-end|p1a: Chung jr|Quark Drive|[silent]
|
|upkeep
|c|☆vengotmotion|we take this
|
|t:|1760402735
|switch|p1a: Gbp|Gholdengo|100/100
|-item|p1a: Gbp|Air Balloon
|turn|6
|
|t:|1760402749
|switch|p2a: Darkrai|Darkrai|100/100
|-damage|p2a: Darkrai|88/100|[from] Stealth Rock
|move|p1a: Gbp|Nasty Plot|p1a: Gbp
|-boost|p1a: Gbp|spa|2
|
|upkeep
|turn|7
|c|☆Septa Circuit|Tera fairy
|c|☆Septa Circuit|rn
|c|☆vengotmotion|bet
|
|t:|1760402766
|move|p2a: Darkrai|Dark Pulse|p1a: Gbp
|-supereffective|p1a: Gbp
|-damage|p1a: Gbp|0 fnt
|-enditem|p1a: Gbp|Air Balloon
|faint|p1a: Gbp
|-damage|p2a: Darkrai|78/100|[from] item: Life Orb
|
|upkeep
|c|☆vengotmotion|ya i dont got tera fairy
|c|☆Septa Circuit|He did not Tera
|
|t:|1760402777
|switch|p1a: Spike|Toxapex, F|100/100
|turn|8
|c|☆Septa Circuit|😭
|j| Sweeper Zay
|c|☆vengotmotion|im running the wrong moveset....
|l| Sweeper Zay
|inactive|vengotmotion has 270 seconds left.
|
|t:|1760402800
|move|p2a: Darkrai|Dark Pulse|p1a: Spike
|-damage|p1a: Spike|55/100
|-damage|p2a: Darkrai|68/100|[from] item: Life Orb
|move|p1a: Spike|Toxic Spikes|p2a: Darkrai
|-sidestart|p2: Septa Circuit|move: Toxic Spikes
|
|upkeep
|turn|9
|
|t:|1760402810
|move|p2a: Darkrai|Dark Pulse|p1a: Spike
|-damage|p1a: Spike|6/100
|-damage|p2a: Darkrai|58/100|[from] item: Life Orb
|cant|p1a: Spike|flinch
|
|upkeep
|turn|10
|c|☆vengotmotion|your fucking joking
|inactive|vengotmotion has 270 seconds left.
|
|t:|1760402828
|move|p2a: Darkrai|Dark Pulse|p1a: Spike
|-damage|p1a: Spike|0 fnt
|faint|p1a: Spike
|-damage|p2a: Darkrai|48/100|[from] item: Life Orb
|
|upkeep
|inactive|vengotmotion has 270 seconds left.
|
|t:|1760402851
|switch|p1a: Chungus|Great Tusk|100/100
|-enditem|p1a: Chungus|Booster Energy
|-activate|p1a: Chungus|ability: Protosynthesis|[fromitem]
|-start|p1a: Chungus|protosynthesisatk
|turn|11
|c|☆Septa Circuit|Why do you have treads and tusk
|
|t:|1760402860
|switch|p2a: Scizor|Scizor, M|28/100
|-damage|p2a: Scizor|16/100|[from] Stealth Rock
|move|p1a: Chungus|Bulk Up|p1a: Chungus
|-boost|p1a: Chungus|atk|1
|-boost|p1a: Chungus|def|1
|
|upkeep
|turn|12
|c|☆vengotmotion|big chungus and chung jr
|
|t:|1760402872
|move|p2a: Scizor|Bullet Punch|p1a: Chungus
|-damage|p1a: Chungus|74/100
|move|p1a: Chungus|Ice Spinner|p2a: Scizor
|-resisted|p2a: Scizor
|-damage|p2a: Scizor|0 fnt
|faint|p2a: Scizor
|
|upkeep
|
|t:|1760402878
|switch|p2a: Great Tusk|Great Tusk|100/100
|-damage|p2a: Great Tusk|98/100|[from] Stealth Rock
|-status|p2a: Great Tusk|psn
|-enditem|p2a: Great Tusk|Booster Energy
|-activate|p2a: Great Tusk|ability: Protosynthesis|[fromitem]
|-start|p2a: Great Tusk|protosynthesisspe
|turn|13
|inactive|vengotmotion has 270 seconds left.
|
|t:|1760402892
|move|p2a: Great Tusk|Rapid Spin|p1a: Chungus
|-damage|p1a: Chungus|66/100
|-boost|p2a: Great Tusk|spe|1
|-sideend|p2: Septa Circuit|Toxic Spikes|[from] move: Rapid Spin|[of] p2a: Great Tusk
|-sideend|p2: Septa Circuit|Stealth Rock|[from] move: Rapid Spin|[of] p2a: Great Tusk
|move|p1a: Chungus|Headlong Rush|p2a: Great Tusk
|-damage|p2a: Great Tusk|19/100 psn
|-unboost|p1a: Chungus|def|1
|-unboost|p1a: Chungus|spd|1
|
|-damage|p2a: Great Tusk|7/100 psn|[from] psn
|upkeep
|turn|14
|inactive|vengotmotion has 270 seconds left.
|
|t:|1760402907
|move|p2a: Great Tusk|Headlong Rush|p1a: Chungus
|-damage|p1a: Chungus|31/100
|-unboost|p2a: Great Tusk|def|1
|-unboost|p2a: Great Tusk|spd|1
|move|p1a: Chungus|Bulk Up|p1a: Chungus
|-boost|p1a: Chungus|atk|1
|-boost|p1a: Chungus|def|1
|
|-damage|p2a: Great Tusk|0 fnt|[from] psn
|faint|p2a: Great Tusk
|-end|p2a: Great Tusk|Protosynthesis|[silent]
|upkeep
|
|t:|1760402917
|switch|p2a: Deoxys|Deoxys-Speed|35/100
|-ability|p2a: Deoxys|Pressure
|turn|15
|inactive|vengotmotion has 270 seconds left.
|
|t:|1760402930
|move|p2a: Deoxys|Psycho Boost|p1a: Chungus
|-supereffective|p1a: Chungus
|-damage|p1a: Chungus|0 fnt
|-unboost|p2a: Deoxys|spa|2
|faint|p1a: Chungus
|-end|p1a: Chungus|Protosynthesis|[silent]
|
|upkeep
|inactive|vengotmotion has 270 seconds left.
|
|t:|1760402943
|switch|p1a: Tyranitar|Tyranitar, M, shiny|100/100
|-weather|Sandstorm|[from] ability: Sand Stream|[of] p1a: Tyranitar
|turn|16
|inactive|vengotmotion has 270 seconds left.
|c|☆Septa Circuit|Should’ve went latias
|c|☆Septa Circuit|💔
|c|☆vengotmotion|nu uh
|
|t:|1760402961
|move|p2a: Deoxys|Superpower|p1a: Tyranitar
|-supereffective|p1a: Tyranitar
|-damage|p1a: Tyranitar|0 fnt
|-unboost|p2a: Deoxys|atk|1
|-unboost|p2a: Deoxys|def|1
|faint|p1a: Tyranitar
|
|-weather|Sandstorm|[upkeep]
|-damage|p2a: Deoxys|28/100|[from] Sandstorm
|upkeep
|inactive|vengotmotion has 270 seconds left.
|c|☆vengotmotion|yes i should have
|
|t:|1760402969
|switch|p1a: Le bannane|Latias, F, shiny|100/100
|turn|17
|c| kwroo|wao
|
|t:|1760402973
|-terastallize|p1a: Le bannane|Fairy
|move|p2a: Deoxys|Taunt|p1a: Le bannane
|-start|p1a: Le bannane|move: Taunt
|cant|p1a: Le bannane|move: Taunt|Calm Mind
|
|-weather|Sandstorm|[upkeep]
|-damage|p2a: Deoxys|22/100|[from] Sandstorm
|-damage|p1a: Le bannane|94/100|[from] Sandstorm
|upkeep
|turn|18
|c|☆vengotmotion|youv seen my team
|c|☆Septa Circuit|You’ve seen my team
|c|☆vengotmotion|Youv countered it
|inactive|vengotmotion has 270 seconds left.
|c|☆vengotmotion|gg
|
|t:|1760402996
|move|p2a: Deoxys|Psycho Boost|p1a: Le bannane
|-damage|p1a: Le bannane|74/100
|-unboost|p2a: Deoxys|spa|2
|move|p1a: Le bannane|Aura Sphere|p2a: Deoxys
|-resisted|p2a: Deoxys
|-crit|p2a: Deoxys
|-damage|p2a: Deoxys|1/100
|
|-weather|Sandstorm|[upkeep]
|-damage|p2a: Deoxys|0 fnt|[from] Sandstorm
|-damage|p1a: Le bannane|68/100|[from] Sandstorm
|faint|p2a: Deoxys
|upkeep
|c|☆Septa Circuit|I have a terrible memory
|c|☆Septa Circuit|and this is my favourite team
|c|☆vengotmotion|I dont remember this one
|
|t:|1760403016
|switch|p2a: Dragonite|Dragonite, F|100/100
|turn|19
|
|t:|1760403025
|-terastallize|p2a: Dragonite|Ghost
|move|p1a: Le bannane|Aura Sphere|p2a: Dragonite
|-immune|p2a: Dragonite
|move|p2a: Dragonite|Dragon Dance|p2a: Dragonite
|-boost|p2a: Dragonite|atk|1
|-boost|p2a: Dragonite|spe|1
|
|-weather|Sandstorm|[upkeep]
|-damage|p2a: Dragonite|94/100|[from] Sandstorm
|-damage|p1a: Le bannane|61/100|[from] Sandstorm
|-end|p1a: Le bannane|move: Taunt
|upkeep
|turn|20
|c|☆Septa Circuit|Aura sphere again
|c|☆vengotmotion|bet
|
|t:|1760403041
|move|p2a: Dragonite|Encore|p1a: Le bannane
|-start|p1a: Le bannane|Encore
|move|p1a: Le bannane|Aura Sphere|p2a: Dragonite
|-immune|p2a: Dragonite
|
|-weather|none
|upkeep
|turn|21
|l| kwroo
|c|☆vengotmotion|fuck this bro
|
|t:|1760403054
|move|p2a: Dragonite|Tera Blast|p1a: Le bannane|[anim] Tera Blast Ghost
|-damage|p1a: Le bannane|0 fnt
|faint|p1a: Le bannane
|
|win|Septa Circuit
|c|☆Septa Circuit|😭
|c|☆vengotmotion|gg
|c|☆Septa Circuit|Gg
|l|☆vengotmotion
|player|p1|
