|j|☆mj9964
|j|☆guerrero105
|t:|1760416050
|gametype|singles
|player|p1|mj9964|266|1313
|player|p2|guerrero105|170|1340
|gen|9
|tier|[Gen 9] OU
|rated|
|rule|HP Percentage Mod: HP is shown in percentages
|rule|Endless Battle Clause: Forcing endless battles is banned
|rule|Species Clause: Limit one of each Pokémon
|rule|OHKO Clause: OHKO moves are banned
|rule|Evasion Items Clause: Evasion items are banned
|rule|Evasion Moves Clause: Evasion moves are banned
|rule|Evasion Abilities Clause: Evasion abilities are banned
|rule|Sleep Moves Clause: Sleep-inducing moves are banned
|clearpoke
|poke|p1|Ursaluna, F|
|poke|p1|Ting-Lu|
|poke|p1|Iron Moth|
|poke|p1|Corviknight, F|
|poke|p1|Rotom-Wash|
|poke|p1|Rillaboom, F|
|poke|p2|Arcanine-Hisui, M|
|poke|p2|Mandibuzz, F|
|poke|p2|Sinistcha-Masterpiece|
|poke|p2|Tinkaton, F|
|poke|p2|Great Tusk|
|poke|p2|Grafaiai, M|
|teampreview
|inactive|Battle timer is ON: inactive players will automatically lose when time's up. (requested by mj9964)
|
|t:|1760416058
|teamsize|p1|6
|teamsize|p2|6
|start
|switch|p1a: Rotom|Rotom-Wash|100/100
|switch|p2a: Grafaiai|Grafaiai, M|100/100
|turn|1
|
|t:|1760416066
|move|p2a: Grafaiai|Parting Shot|p1a: Rotom
|-unboost|p1a: Rotom|atk|1
|-unboost|p1a: Rotom|spa|1
|
|t:|1760416069
|switch|p2a: Sinistcha|Sinistcha-Masterpiece|100/100|[from] Parting Shot
|move|p1a: Rotom|Trick|p2a: Sinistcha
|-activate|p1a: Rotom|move: Trick|[of] p2a: Sinistcha
|-item|p2a: Sinistcha|Choice Scarf|[from] move: Trick
|-item|p1a: Rotom|Leftovers|[from] move: Trick
|
|upkeep
|turn|2
|
|t:|1760416078
|switch|p1a: Rillaboom|Rillaboom, F|100/100
|-fieldstart|move: Grassy Terrain|[from] ability: Grassy Surge|[of] p1a: Rillaboom
|move|p2a: Sinistcha|Matcha Gotcha|p1a: Rillaboom|[miss]
|-miss|p2a: Sinistcha|p1a: Rillaboom
|
|upkeep
|turn|3
|
|t:|1760416087
|move|p2a: Sinistcha|Matcha Gotcha|p1a: Rillaboom|[miss]
|-miss|p2a: Sinistcha|p1a: Rillaboom
|move|p1a: Rillaboom|U-turn|p2a: Sinistcha
|-damage|p2a: Sinistcha|60/100
|
|t:|1760416097
|switch|p1a: Iron Moth|Iron Moth|100/100|[from] U-turn
|-enditem|p1a: Iron Moth|Booster Energy
|-activate|p1a: Iron Moth|ability: Quark Drive|[fromitem]
|-start|p1a: Iron Moth|quarkdrivespe
|
|-heal|p2a: Sinistcha|66/100|[from] Grassy Terrain
|upkeep
|turn|4
|
|t:|1760416105
|switch|p2a: Arcanine|Arcanine-Hisui, M|100/100
|-ability|p2a: Arcanine|Intimidate|boost
|-unboost|p1a: Iron Moth|atk|1
|move|p1a: Iron Moth|Fiery Dance|p2a: Arcanine
|-resisted|p2a: Arcanine
|-damage|p2a: Arcanine|90/100
|
|-heal|p2a: Arcanine|96/100|[from] Grassy Terrain
|-heal|p2a: Arcanine|100/100|[from] item: Leftovers
|upkeep
|turn|5
|
|t:|1760416123
|move|p1a: Iron Moth|Energy Ball|p2a: Arcanine
|-damage|p2a: Arcanine|55/100
|-unboost|p2a: Arcanine|spd|1
|move|p2a: Arcanine|Rock Tomb|p1a: Iron Moth
|-supereffective|p1a: Iron Moth
|-damage|p1a: Iron Moth|21/100
|-unboost|p1a: Iron Moth|spe|1
|
|-heal|p1a: Iron Moth|27/100|[from] Grassy Terrain
|-heal|p2a: Arcanine|61/100|[from] Grassy Terrain
|-heal|p2a: Arcanine|67/100|[from] item: Leftovers
|upkeep
|turn|6
|
|t:|1760416135
|move|p1a: Iron Moth|Energy Ball|p2a: Arcanine
|-damage|p2a: Arcanine|0 fnt
|faint|p2a: Arcanine
|
|-heal|p1a: Iron Moth|33/100|[from] Grassy Terrain
|-fieldend|move: Grassy Terrain
|upkeep
|
|t:|1760416147
|switch|p2a: Grafaiai|Grafaiai, M|100/100
|turn|7
|
|t:|1760416151
|move|p2a: Grafaiai|Parting Shot|p1a: Iron Moth
|-unboost|p1a: Iron Moth|atk|1
|-unboost|p1a: Iron Moth|spa|1
|
|t:|1760416156
|switch|p2a: Sinistcha|Sinistcha-Masterpiece|66/100|[from] Parting Shot
|move|p1a: Iron Moth|Fiery Dance|p2a: Sinistcha
|-supereffective|p2a: Sinistcha
|-damage|p2a: Sinistcha|29/100
|-boost|p1a: Iron Moth|spa|1
|
|upkeep
|turn|8
|
|t:|1760416170
|move|p2a: Sinistcha|Shadow Ball|p1a: Iron Moth
|-damage|p1a: Iron Moth|0 fnt
|faint|p1a: Iron Moth
|-end|p1a: Iron Moth|Quark Drive|[silent]
|
|upkeep
|
|t:|1760416190
|switch|p1a: Ting-Lu|Ting-Lu|100/100
|-ability|p1a: Ting-Lu|Vessel of Ruin
|turn|9
|
|t:|1760416213
|switch|p2a: Mandibuzz|Mandibuzz, F|100/100
|move|p1a: Ting-Lu|Earthquake|p2a: Mandibuzz
|-immune|p2a: Mandibuzz
|
|upkeep
|turn|10
|
|t:|1760416221
|switch|p1a: Ursaluna|Ursaluna, F|100/100
|move|p2a: Mandibuzz|U-turn|p1a: Ursaluna
|-crit|p1a: Ursaluna
|-damage|p1a: Ursaluna|87/100
|
|t:|1760416225
|switch|p2a: Grafaiai|Grafaiai, M|100/100|[from] U-turn
|
|-status|p1a: Ursaluna|brn|[from] item: Flame Orb
|upkeep
|turn|11
|
|t:|1760416236
|move|p2a: Grafaiai|Parting Shot|p1a: Ursaluna
|-unboost|p1a: Ursaluna|atk|1
|-unboost|p1a: Ursaluna|spa|1
|
|t:|1760416242
|switch|p2a: Tinkaton|Tinkaton, F|100/100|[from] Parting Shot
|-ability|p2a: Tinkaton|Mold Breaker
|-item|p2a: Tinkaton|Air Balloon
|move|p1a: Ursaluna|Headlong Rush|p2a: Tinkaton
|-immune|p2a: Tinkaton
|
|-damage|p1a: Ursaluna|81/100 brn|[from] brn
|upkeep
|turn|12
|
|t:|1760416251
|switch|p1a: Rotom|Rotom-Wash|100/100
|move|p2a: Tinkaton|Encore||[still]
|-fail|p2a: Tinkaton
|
|upkeep
|turn|13
|
|t:|1760416258
|switch|p2a: Sinistcha|Sinistcha-Masterpiece|29/100
|move|p1a: Rotom|Hydro Pump|p2a: Sinistcha
|-resisted|p2a: Sinistcha
|-damage|p2a: Sinistcha|0 fnt
|faint|p2a: Sinistcha
|
|upkeep
|
|t:|1760416284
|switch|p2a: Tinkaton|Tinkaton, F|100/100
|-ability|p2a: Tinkaton|Mold Breaker
|-item|p2a: Tinkaton|Air Balloon
|turn|14
|
|t:|1760416291
|move|p2a: Tinkaton|Knock Off|p1a: Rotom
|-damage|p1a: Rotom|77/100
|-enditem|p1a: Rotom|Leftovers|[from] move: Knock Off|[of] p2a: Tinkaton
|move|p1a: Rotom|Discharge|p2a: Tinkaton
|-damage|p2a: Tinkaton|62/100
|-status|p2a: Tinkaton|par
|-enditem|p2a: Tinkaton|Air Balloon
|
|upkeep
|turn|15
|
|t:|1760416300
|move|p1a: Rotom|Volt Switch|p2a: Tinkaton
|-damage|p2a: Tinkaton|28/100 par
|
|t:|1760416306
|switch|p1a: Ursaluna|Ursaluna, F|81/100 brn|[from] Volt Switch
|cant|p2a: Tinkaton|par
|
|-damage|p1a: Ursaluna|75/100 brn|[from] brn
|upkeep
|turn|16
|
|t:|1760416315
|move|p1a: Ursaluna|Facade|p2a: Tinkaton
|-resisted|p2a: Tinkaton
|-crit|p2a: Tinkaton
|-damage|p2a: Tinkaton|0 fnt
|faint|p2a: Tinkaton
|
|-damage|p1a: Ursaluna|69/100 brn|[from] brn
|upkeep
|
|t:|1760416321
|switch|p2a: Mandibuzz|Mandibuzz, F|100/100
|turn|17
|
|t:|1760416324
|move|p1a: Ursaluna|Facade|p2a: Mandibuzz
|-damage|p2a: Mandibuzz|31/100
|move|p2a: Mandibuzz|Foul Play|p1a: Ursaluna
|-damage|p1a: Ursaluna|24/100 brn
|
|-damage|p1a: Ursaluna|18/100 brn|[from] brn
|upkeep
|turn|18
|
|t:|1760416331
|move|p1a: Ursaluna|Facade|p2a: Mandibuzz
|-damage|p2a: Mandibuzz|0 fnt
|faint|p2a: Mandibuzz
|
|-damage|p1a: Ursaluna|12/100 brn|[from] brn
|upkeep
|
|t:|1760416343
|switch|p2a: Great Tusk|Great Tusk|100/100
|-enditem|p2a: Great Tusk|Booster Energy
|-activate|p2a: Great Tusk|ability: Protosynthesis|[fromitem]
|-start|p2a: Great Tusk|protosynthesisspe
|turn|19
|
|t:|1760416349
|move|p2a: Great Tusk|Bulk Up|p2a: Great Tusk
|-boost|p2a: Great Tusk|atk|1
|-boost|p2a: Great Tusk|def|1
|move|p1a: Ursaluna|Facade|p2a: Great Tusk
|-damage|p2a: Great Tusk|51/100
|
|-damage|p1a: Ursaluna|5/100 brn|[from] brn
|upkeep
|turn|20
|
|t:|1760416357
|move|p2a: Great Tusk|Bulk Up|p2a: Great Tusk
|-boost|p2a: Great Tusk|atk|1
|-boost|p2a: Great Tusk|def|1
|move|p1a: Ursaluna|Facade|p2a: Great Tusk
|-damage|p2a: Great Tusk|17/100
|
|-damage|p1a: Ursaluna|0 fnt|[from] brn
|faint|p1a: Ursaluna
|upkeep
|
|t:|1760416366
|switch|p1a: Rillaboom|Rillaboom, F|100/100
|-fieldstart|move: Grassy Terrain|[from] ability: Grassy Surge|[of] p1a: Rillaboom
|turn|21
|
|t:|1760416372
|-terastallize|p2a: Great Tusk|Fire
|move|p1a: Rillaboom|Grassy Glide|p2a: Great Tusk
|-resisted|p2a: Great Tusk
|-damage|p2a: Great Tusk|8/100
|move|p2a: Great Tusk|Temper Flare|p1a: Rillaboom
|-supereffective|p1a: Rillaboom
|-crit|p1a: Rillaboom
|-damage|p1a: Rillaboom|0 fnt
|faint|p1a: Rillaboom
|
|-heal|p2a: Great Tusk|14/100|[from] Grassy Terrain
|upkeep
|
|t:|1760416389
|switch|p1a: Rotom|Rotom-Wash|77/100
|turn|22
|
|t:|1760416392
|move|p2a: Great Tusk|Temper Flare|p1a: Rotom
|-resisted|p1a: Rotom
|-damage|p1a: Rotom|37/100
|move|p1a: Rotom|Discharge|p2a: Great Tusk
|-damage|p2a: Great Tusk|0 fnt
|faint|p2a: Great Tusk
|-end|p2a: Great Tusk|Protosynthesis|[silent]
|
|upkeep
|-message|guerrero105 forfeited.
|
|win|mj9964
|raw|mj9964's rating: 1313 &rarr; <strong>1335</strong><br />(+22 for winning)
|raw|guerrero105's rating: 1340 &rarr; <strong>1318</strong><br />(-22 for losing)
|l|☆guerrero105
|player|p2|
|l|☆mj9964
|player|p1|
