|j|☆big wompster 123
|j|☆daisyx3
|t:|1760345782
|gametype|singles
|player|p1|big wompster 123|riley|1116
|player|p2|daisyx3|beauty-gen4dp|1120
|gen|9
|tier|[Gen 9] OU
|rated|
|rule|HP Percentage Mod: HP is shown in percentages
|rule|Endless Battle Clause: Forcing endless battles is banned
|rule|Species Clause: Limit one of each Pokémon
|rule|OHKO Clause: OHKO moves are banned
|rule|Evasion Items Clause: Evasion items are banned
|rule|Evasion Moves Clause: Evasion moves are banned
|rule|Evasion Abilities Clause: Evasion abilities are banned
|rule|Sleep Moves Clause: Sleep-inducing moves are banned
|clearpoke
|poke|p1|Glimmora, M|
|poke|p1|Gliscor, F|
|poke|p1|Moltres|
|poke|p1|Garganacl, F|
|poke|p1|Deoxys-Speed|
|poke|p1|Primeape, M|
|poke|p2|Cinderace, F|
|poke|p2|Dragapult, F|
|poke|p2|Scizor, F|
|poke|p2|Gliscor, F|
|poke|p2|Primarina, F|
|poke|p2|Zapdos|
|teampreview
|inactive|Battle timer is ON: inactive players will automatically lose when time's up. (requested by big wompster 123)
|
|t:|1760345799
|teamsize|p1|6
|teamsize|p2|6
|start
|switch|p1a: Glimmora|Glimmora, M|100/100
|switch|p2a: Glinda|Gliscor, F|100/100
|turn|1
|
|t:|1760345817
|switch|p1a: Deoxys|Deoxys-Speed|100/100
|-ability|p1a: Deoxys|Pressure
|move|p2a: Glinda|Earthquake|p1a: Deoxys
|-damage|p1a: Deoxys|54/100
|
|-status|p2a: Glinda|tox|[from] item: Toxic Orb
|upkeep
|turn|2
|
|t:|1760345827
|move|p1a: Deoxys|Skill Swap|p2a: Glinda
|-activate|p1a: Deoxys|move: Skill Swap|Poison Heal|Pressure|[of] p2a: Glinda
|-ability|p2a: Glinda|Pressure
|move|p2a: Glinda|U-turn|p1a: Deoxys
|-supereffective|p1a: Deoxys
|-damage|p1a: Deoxys|5/100
|
|t:|1760345836
|switch|p2a: Dierdre|Dragapult, F|100/100|[from] U-turn
|
|upkeep
|turn|3
|
|t:|1760345840
|move|p1a: Deoxys|Ice Beam|p2a: Dierdre
|-supereffective|p2a: Dierdre
|-crit|p2a: Dierdre
|-damage|p2a: Dierdre|0 fnt
|faint|p2a: Dierdre
|
|upkeep
|
|t:|1760345847
|switch|p2a: Sally|Scizor, F|100/100
|turn|4
|
|t:|1760345862
|move|p2a: Sally|Bullet Punch|p1a: Deoxys
|-damage|p1a: Deoxys|0 fnt
|faint|p1a: Deoxys
|
|upkeep
|
|t:|1760345874
|switch|p1a: Primeape|Primeape, M, shiny|100/100
|turn|5
|
|t:|1760345879
|move|p1a: Primeape|Bulk Up|p1a: Primeape
|-boost|p1a: Primeape|atk|1
|-boost|p1a: Primeape|def|1
|move|p2a: Sally|Dual Wingbeat|p1a: Primeape
|-supereffective|p1a: Primeape
|-damage|p1a: Primeape|70/100
|-supereffective|p1a: Primeape
|-damage|p1a: Primeape|36/100
|-hitcount|p1a: Primeape|2
|
|upkeep
|turn|6
|
|t:|1760345891
|move|p2a: Sally|Bullet Punch|p1a: Primeape
|-damage|p1a: Primeape|11/100
|move|p1a: Primeape|Drain Punch|p2a: Sally
|-damage|p2a: Sally|55/100
|-heal|p1a: Primeape|32/100|[from] drain|[of] p2a: Sally
|
|upkeep
|turn|7
|
|t:|1760345900
|-terastallize|p1a: Primeape|Ghost
|move|p1a: Primeape|Bulk Up|p1a: Primeape
|-boost|p1a: Primeape|atk|1
|-boost|p1a: Primeape|def|1
|move|p2a: Sally|Dual Wingbeat|p1a: Primeape
|-damage|p1a: Primeape|20/100
|-damage|p1a: Primeape|8/100
|-hitcount|p1a: Primeape|2
|
|upkeep
|turn|8
|
|t:|1760345910
|move|p2a: Sally|Bullet Punch|p1a: Primeape
|-damage|p1a: Primeape|0 fnt
|faint|p1a: Primeape
|
|upkeep
|
|t:|1760345913
|switch|p1a: Moltres|Moltres|100/100
|turn|9
|
|t:|1760345921
|move|p1a: Moltres|Flamethrower|p2a: Sally
|-supereffective|p2a: Sally
|-damage|p2a: Sally|0 fnt
|faint|p2a: Sally
|
|upkeep
|
|t:|1760345926
|switch|p2a: Ziggy|Zapdos, shiny|100/100
|turn|10
|
|t:|1760345934
|switch|p1a: Gliscor|Gliscor, F, shiny|100/100
|move|p2a: Ziggy|Thunder Wave|p1a: Gliscor
|-immune|p1a: Gliscor
|
|-status|p1a: Gliscor|tox|[from] item: Toxic Orb
|upkeep
|turn|11
|
|t:|1760345943
|move|p2a: Ziggy|Hurricane|p1a: Gliscor
|-damage|p1a: Gliscor|48/100 tox
|move|p1a: Gliscor|Swords Dance|p1a: Gliscor
|-boost|p1a: Gliscor|atk|2
|
|-heal|p1a: Gliscor|60/100 tox|[from] ability: Poison Heal
|upkeep
|turn|12
|
|t:|1760345951
|move|p1a: Gliscor|Protect|p1a: Gliscor
|-singleturn|p1a: Gliscor|Protect
|move|p2a: Ziggy|Hurricane|p1a: Gliscor
|-activate|p1a: Gliscor|move: Protect
|
|-heal|p1a: Gliscor|73/100 tox|[from] ability: Poison Heal
|upkeep
|turn|13
|
|t:|1760345965
|move|p2a: Ziggy|Hurricane|p1a: Gliscor|[miss]
|-miss|p2a: Ziggy|p1a: Gliscor
|move|p1a: Gliscor|Facade|p2a: Ziggy
|-damage|p2a: Ziggy|56/100
|
|-heal|p1a: Gliscor|85/100 tox|[from] ability: Poison Heal
|upkeep
|turn|14
|
|t:|1760345977
|move|p2a: Ziggy|Roost|p2a: Ziggy
|-heal|p2a: Ziggy|100/100
|-singleturn|p2a: Ziggy|move: Roost
|move|p1a: Gliscor|Knock Off|p2a: Ziggy
|-damage|p2a: Ziggy|66/100
|-enditem|p2a: Ziggy|Heavy-Duty Boots|[from] move: Knock Off|[of] p1a: Gliscor
|
|-heal|p1a: Gliscor|98/100 tox|[from] ability: Poison Heal
|upkeep
|turn|15
|
|t:|1760345987
|move|p2a: Ziggy|Roost|p2a: Ziggy
|-heal|p2a: Ziggy|100/100
|-singleturn|p2a: Ziggy|move: Roost
|move|p1a: Gliscor|Swords Dance|p1a: Gliscor
|-boost|p1a: Gliscor|atk|2
|
|-heal|p1a: Gliscor|100/100 tox|[from] ability: Poison Heal
|upkeep
|turn|16
|
|t:|1760345998
|switch|p2a: Priya|Primarina, F|100/100
|move|p1a: Gliscor|Swords Dance|p1a: Gliscor
|-boost|p1a: Gliscor|atk|2
|
|upkeep
|turn|17
|
|t:|1760346007
|move|p1a: Gliscor|Facade|p2a: Priya
|-damage|p2a: Priya|0 fnt
|faint|p2a: Priya
|
|upkeep
|-message|daisyx3 forfeited.
|
|win|big wompster 123
|raw|big wompster 123's rating: 1116 &rarr; <strong>1141</strong><br />(+25 for winning)
|raw|daisyx3's rating: 1120 &rarr; <strong>1095</strong><br />(-25 for losing)
|l|☆daisyx3
|player|p2|
|l|☆big wompster 123
|player|p1|
