|j|☆VermillionPrayer
|j|☆Prakashography
|t:|1760377970
|gametype|singles
|player|p1|VermillionPrayer|sabrina|1051
|player|p2|Prakashography|169|1054
|gen|9
|tier|[Gen 9] OU
|rated|
|rule|HP Percentage Mod: HP is shown in percentages
|rule|Endless Battle Clause: Forcing endless battles is banned
|rule|Species Clause: Limit one of each Pokémon
|rule|OHKO Clause: OHKO moves are banned
|rule|Evasion Items Clause: Evasion items are banned
|rule|Evasion Moves Clause: Evasion moves are banned
|rule|Evasion Abilities Clause: Evasion abilities are banned
|rule|Sleep Moves Clause: Sleep-inducing moves are banned
|clearpoke
|poke|p1|Smeargle, M|
|poke|p1|Houndstone, M|
|poke|p1|Mabosstiff, F|
|poke|p1|Dachsbun, M|
|poke|p1|Okidogi, M|
|poke|p1|Lycanroc, M|
|poke|p2|Dedenne, F|
|poke|p2|Meowscarada, F|
|poke|p2|Sandy Shocks|
|poke|p2|Kleavor, F|
|poke|p2|Greninja-*, F|
|poke|p2|Moltres|
|teampreview
|
|t:|1760377987
|teamsize|p1|6
|teamsize|p2|6
|start
|switch|p1a: Smeargle|Smeargle, M|100/100
|switch|p2a: Sandy Shocks|Sandy Shocks|100/100
|-enditem|p2a: Sandy Shocks|Booster Energy
|-activate|p2a: Sandy Shocks|ability: Protosynthesis|[fromitem]
|-start|p2a: Sandy Shocks|protosynthesisspa
|turn|1
|
|t:|1760378002
|move|p2a: Sandy Shocks|Earth Power|p1a: Smeargle
|-enditem|p1a: Smeargle|Focus Sash
|-damage|p1a: Smeargle|1/100
|move|p1a: Smeargle|Sticky Web|p2a: Sandy Shocks
|-sidestart|p2: Prakashography|move: Sticky Web
|
|upkeep
|turn|2
|
|t:|1760378016
|move|p2a: Sandy Shocks|Power Gem|p1a: Smeargle
|-damage|p1a: Smeargle|0 fnt
|faint|p1a: Smeargle
|
|upkeep
|
|t:|1760378024
|switch|p1a: Okidogi|Okidogi, M|100/100
|turn|3
|
|t:|1760378030
|move|p2a: Sandy Shocks|Earth Power|p1a: Okidogi
|-supereffective|p1a: Okidogi
|-damage|p1a: Okidogi|27/100
|move|p1a: Okidogi|Ice Punch|p2a: Sandy Shocks
|-supereffective|p2a: Sandy Shocks
|-damage|p2a: Sandy Shocks|39/100
|
|upkeep
|turn|4
|
|t:|1760378040
|switch|p1a: Dachsbun|Dachsbun, M, shiny|100/100
|move|p2a: Sandy Shocks|Earth Power|p1a: Dachsbun
|-damage|p1a: Dachsbun|46/100
|
|upkeep
|turn|5
|
|t:|1760378058
|move|p2a: Sandy Shocks|Thunderbolt|p1a: Dachsbun
|-crit|p1a: Dachsbun
|-damage|p1a: Dachsbun|0 fnt
|faint|p1a: Dachsbun
|
|upkeep
|
|t:|1760378066
|switch|p1a: Mabosstiff|Mabosstiff, F, shiny|100/100
|turn|6
|c|☆Prakashography|can i pet that dawg
|
|t:|1760378084
|move|p1a: Mabosstiff|Play Rough|p2a: Sandy Shocks|[miss]
|-miss|p1a: Mabosstiff|p2a: Sandy Shocks
|move|p2a: Sandy Shocks|Earth Power|p1a: Mabosstiff
|-damage|p1a: Mabosstiff|17/100
|
|upkeep
|turn|7
|c|☆VermillionPrayer|maybe
|
|t:|1760378094
|move|p1a: Mabosstiff|Play Rough|p2a: Sandy Shocks
|-damage|p2a: Sandy Shocks|5/100
|move|p2a: Sandy Shocks|Earth Power|p1a: Mabosstiff
|-damage|p1a: Mabosstiff|0 fnt
|faint|p1a: Mabosstiff
|
|upkeep
|
|t:|1760378103
|switch|p1a: Houndstone|Houndstone, M|100/100
|turn|8
|
|t:|1760378112
|move|p2a: Sandy Shocks|Thunderbolt|p1a: Houndstone
|-damage|p1a: Houndstone|38/100
|move|p1a: Houndstone|Night Shade|p2a: Sandy Shocks
|-damage|p2a: Sandy Shocks|0 fnt
|faint|p2a: Sandy Shocks
|-end|p2a: Sandy Shocks|Protosynthesis|[silent]
|
|upkeep
|
|t:|1760378124
|switch|p2a: Meowscarada|Meowscarada, F|100/100
|-activate|p2a: Meowscarada|move: Sticky Web
|-unboost|p2a: Meowscarada|spe|1
|turn|9
|
|t:|1760378131
|move|p2a: Meowscarada|Knock Off|p1a: Houndstone
|-supereffective|p1a: Houndstone
|-damage|p1a: Houndstone|5/100
|-damage|p2a: Meowscarada|84/100|[from] item: Rocky Helmet|[of] p1a: Houndstone
|-enditem|p1a: Houndstone|Rocky Helmet|[from] move: Knock Off|[of] p2a: Meowscarada
|move|p1a: Houndstone|Rest|p1a: Houndstone
|-status|p1a: Houndstone|slp|[from] move: Rest
|-heal|p1a: Houndstone|100/100 slp|[silent]
|
|upkeep
|turn|10
|
|t:|1760378141
|move|p2a: Meowscarada|Skill Swap|p1a: Houndstone
|-activate|p2a: Meowscarada|move: Skill Swap|Fluffy|Overgrow|[of] p1a: Houndstone
|cant|p1a: Houndstone|slp
|move|p1a: Houndstone|Sleep Talk|p1a: Houndstone
|move|p1a: Houndstone|Night Shade|p2a: Meowscarada|[from] move: Sleep Talk
|-damage|p2a: Meowscarada|50/100
|
|upkeep
|turn|11
|
|t:|1760378153
|move|p2a: Meowscarada|Knock Off|p1a: Houndstone
|-supereffective|p1a: Houndstone
|-damage|p1a: Houndstone|59/100 slp
|cant|p1a: Houndstone|slp
|move|p1a: Houndstone|Sleep Talk|p1a: Houndstone
|move|p1a: Houndstone|Night Shade|p2a: Meowscarada|[from] move: Sleep Talk
|-damage|p2a: Meowscarada|16/100
|
|upkeep
|turn|12
|
|t:|1760378163
|move|p2a: Meowscarada|Knock Off|p1a: Houndstone
|-supereffective|p1a: Houndstone
|-damage|p1a: Houndstone|15/100 slp
|-curestatus|p1a: Houndstone|slp|[msg]
|move|p1a: Houndstone|Sleep Talk||[still]
|-fail|p1a: Houndstone
|
|upkeep
|turn|13
|
|t:|1760378189
|move|p2a: Meowscarada|Knock Off|p1a: Houndstone
|-supereffective|p1a: Houndstone
|-damage|p1a: Houndstone|0 fnt
|faint|p1a: Houndstone
|
|upkeep
|
|t:|1760378193
|switch|p1a: Okidogi|Okidogi, M|27/100
|turn|14
|
|t:|1760378205
|move|p2a: Meowscarada|Triple Axel|p1a: Okidogi
|-damage|p1a: Okidogi|22/100
|-damage|p1a: Okidogi|13/100
|-damage|p1a: Okidogi|0 fnt
|faint|p1a: Okidogi
|-hitcount|p1: Okidogi|3
|
|upkeep
|
|t:|1760378211
|switch|p1a: Lycanroc|Lycanroc, M|100/100
|turn|15
|
|t:|1760378218
|move|p1a: Lycanroc|Accelerock|p2a: Meowscarada
|-damage|p2a: Meowscarada|0 fnt
|faint|p2a: Meowscarada
|
|upkeep
|
|t:|1760378227
|switch|p2a: Dedenne|Dedenne, F|100/100
|turn|16
|
|t:|1760378236
|-terastallize|p1a: Lycanroc|Fighting
|move|p1a: Lycanroc|Swords Dance|p1a: Lycanroc
|-boost|p1a: Lycanroc|atk|2
|move|p2a: Dedenne|Nuzzle|p1a: Lycanroc
|-damage|p1a: Lycanroc|93/100
|-status|p1a: Lycanroc|par
|
|upkeep
|turn|17
|
|t:|1760378246
|move|p2a: Dedenne|Entrainment|p1a: Lycanroc
|-ability|p1a: Lycanroc|Plus|Sand Rush|[from] move: Entrainment|[of] p2a: Dedenne
|move|p1a: Lycanroc|Rock Blast|p2a: Dedenne
|-damage|p2a: Dedenne|65/100
|-damage|p2a: Dedenne|27/100
|-damage|p2a: Dedenne|0 fnt
|faint|p2a: Dedenne
|-hitcount|p2: Dedenne|3
|
|upkeep
|
|t:|1760378257
|switch|p2a: Kleavor|Kleavor, F|100/100
|-activate|p2a: Kleavor|move: Sticky Web
|-unboost|p2a: Kleavor|spe|1
|turn|18
|
|t:|1760378267
|move|p2a: Kleavor|Aerial Ace|p1a: Lycanroc
|-supereffective|p1a: Lycanroc
|-damage|p1a: Lycanroc|0 fnt
|faint|p1a: Lycanroc
|
|win|Prakashography
|raw|VermillionPrayer's rating: 1051 &rarr; <strong>1034</strong><br />(-17 for losing)
|raw|Prakashography's rating: 1054 &rarr; <strong>1086</strong><br />(+32 for winning)
|c|☆VermillionPrayer|gg
|l|☆VermillionPrayer
|player|p1|
|c|☆Prakashography|gg
|l|☆Prakashography
|player|p2|
