|j|‽betterthanlaurent
|j|☆Randomizer15
|t:|1760451398
|gametype|singles
|player|p1|betterthanlaurent|parasollady|1119
|player|p2|Randomizer15|1|1172
|gen|9
|tier|[Gen 9] OU
|rated|
|rule|HP Percentage Mod: HP is shown in percentages
|rule|Endless Battle Clause: Forcing endless battles is banned
|rule|Species Clause: Limit one of each Pokémon
|rule|OHKO Clause: OHKO moves are banned
|rule|Evasion Items Clause: Evasion items are banned
|rule|Evasion Moves Clause: Evasion moves are banned
|rule|Evasion Abilities Clause: Evasion abilities are banned
|rule|Sleep Moves Clause: Sleep-inducing moves are banned
|clearpoke
|poke|p1|Samurott-Hisui, M|
|poke|p1|Porygon-Z|
|poke|p1|Meloetta|
|poke|p1|Metagross|
|poke|p1|Galvantula, M|
|poke|p1|Hitmontop, M|
|poke|p2|Latios, M|
|poke|p2|Sandy Shocks|
|poke|p2|Chandelure, F|
|poke|p2|Greninja-*, M|
|poke|p2|Alomomola, F|
|poke|p2|Kyurem|
|teampreview
|
|t:|1760451411
|teamsize|p1|6
|teamsize|p2|6
|start
|switch|p1a: Meloetta|Meloetta|100/100
|switch|p2a: Sandy Shocks|Sandy Shocks|100/100
|turn|1
|
|t:|1760451418
|move|p1a: Meloetta|Relic Song|p2a: Sandy Shocks
|-damage|p2a: Sandy Shocks|62/100
|-status|p2a: Sandy Shocks|slp|[from] move: Relic Song
|-formechange|p1a: Meloetta|Meloetta-Pirouette|[msg]
|cant|p2a: Sandy Shocks|slp
|
|-heal|p2a: Sandy Shocks|68/100 slp|[from] item: Leftovers
|upkeep
|turn|2
|
|t:|1760451428
|move|p1a: Meloetta|Relic Song|p2a: Sandy Shocks
|-damage|p2a: Sandy Shocks|42/100 slp
|-formechange|p1a: Meloetta|Meloetta|[msg]
|cant|p2a: Sandy Shocks|slp
|
|-heal|p2a: Sandy Shocks|48/100 slp|[from] item: Leftovers
|upkeep
|turn|3
|
|t:|1760451440
|move|p1a: Meloetta|Relic Song|p2a: Sandy Shocks
|-damage|p2a: Sandy Shocks|14/100 slp
|-formechange|p1a: Meloetta|Meloetta-Pirouette|[msg]
|cant|p2a: Sandy Shocks|slp
|
|-heal|p2a: Sandy Shocks|20/100 slp|[from] item: Leftovers
|upkeep
|turn|4
|
|t:|1760451447
|move|p1a: Meloetta|Relic Song|p2a: Sandy Shocks
|-damage|p2a: Sandy Shocks|0 fnt
|faint|p2a: Sandy Shocks
|-end|p2a: Sandy Shocks|Protosynthesis|[silent]
|-formechange|p1a: Meloetta|Meloetta|[msg]
|
|upkeep
|
|t:|1760451460
|switch|p2a: Kyurem|Kyurem|100/100
|-ability|p2a: Kyurem|Pressure
|turn|5
|
|t:|1760451468
|move|p2a: Kyurem|Dragon Dance|p2a: Kyurem
|-boost|p2a: Kyurem|atk|1
|-boost|p2a: Kyurem|spe|1
|move|p1a: Meloetta|Relic Song|p2a: Kyurem
|-damage|p2a: Kyurem|69/100
|-formechange|p1a: Meloetta|Meloetta-Pirouette|[msg]
|
|upkeep
|turn|6
|
|t:|1760451476
|move|p2a: Kyurem|Icicle Spear|p1a: Meloetta
|-damage|p1a: Meloetta|83/100
|-damage|p1a: Meloetta|66/100
|-damage|p1a: Meloetta|49/100
|-damage|p1a: Meloetta|30/100
|-hitcount|p1a: Meloetta|4
|move|p1a: Meloetta|Drain Punch|p2a: Kyurem
|-supereffective|p2a: Kyurem
|-damage|p2a: Kyurem|4/100
|-heal|p1a: Meloetta|67/100|[from] drain|[of] p2a: Kyurem
|
|upkeep
|turn|7
|
|t:|1760451497
|move|p2a: Kyurem|Icicle Spear|p1a: Meloetta
|-damage|p1a: Meloetta|48/100
|-damage|p1a: Meloetta|29/100
|-damage|p1a: Meloetta|10/100
|-damage|p1a: Meloetta|0 fnt
|faint|p1a: Meloetta
|-hitcount|p1: Meloetta|4
|
|upkeep
|
|t:|1760451508
|switch|p1a: Hitmontop|Hitmontop, M|100/100
|turn|8
|
|t:|1760451512
|move|p1a: Hitmontop|Mach Punch|p2a: Kyurem
|-supereffective|p2a: Kyurem
|-damage|p2a: Kyurem|0 fnt
|faint|p2a: Kyurem
|-damage|p1a: Hitmontop|91/100|[from] item: Life Orb
|
|upkeep
|
|t:|1760451513
|switch|p2a: Alomomola|Alomomola, F|100/100
|turn|9
|
|t:|1760451524
|switch|p1a: Metagross|Metagross|100/100
|move|p2a: Alomomola|Wish|p2a: Alomomola
|
|upkeep
|turn|10
|
|t:|1760451528
|move|p1a: Metagross|Iron Defense|p1a: Metagross
|-boost|p1a: Metagross|def|2
|move|p2a: Alomomola|Whirlpool|p1a: Metagross
|-damage|p1a: Metagross|94/100
|-activate|p1a: Metagross|move: Whirlpool|[of] p2a: Alomomola
|
|-heal|p1a: Metagross|99/100|[from] item: Leftovers
|-damage|p1a: Metagross|84/100|[from] move: Whirlpool|[partiallytrapped]
|upkeep
|turn|11
|
|t:|1760451536
|move|p1a: Metagross|Iron Defense|p1a: Metagross
|-boost|p1a: Metagross|def|2
|move|p2a: Alomomola|Wish|p2a: Alomomola
|
|-heal|p1a: Metagross|90/100|[from] item: Leftovers
|-damage|p1a: Metagross|73/100|[from] move: Whirlpool|[partiallytrapped]
|upkeep
|turn|12
|
|t:|1760451543
|move|p1a: Metagross|Iron Defense|p1a: Metagross
|-boost|p1a: Metagross|def|2
|move|p2a: Alomomola|Scald|p1a: Metagross
|-damage|p1a: Metagross|59/100
|
|-heal|p1a: Metagross|65/100|[from] item: Leftovers
|-damage|p1a: Metagross|48/100|[from] move: Whirlpool|[partiallytrapped]
|upkeep
|turn|13
|
|t:|1760451553
|move|p1a: Metagross|Body Press|p2a: Alomomola
|-damage|p2a: Alomomola|46/100
|move|p2a: Alomomola|Wish|p2a: Alomomola
|
|-heal|p1a: Metagross|54/100|[from] item: Leftovers
|-damage|p1a: Metagross|38/100|[from] move: Whirlpool|[partiallytrapped]
|upkeep
|turn|14
|
|t:|1760451560
|move|p2a: Alomomola|Protect|p2a: Alomomola
|-singleturn|p2a: Alomomola|Protect
|move|p1a: Metagross|Body Press|p2a: Alomomola
|-activate|p2a: Alomomola|move: Protect
|
|-heal|p2a: Alomomola|96/100|[from] move: Wish|[wisher] Alomomola
|-heal|p1a: Metagross|44/100|[from] item: Leftovers
|-end|p1a: Metagross|Whirlpool|[partiallytrapped]
|upkeep
|turn|15
|
|t:|1760451570
|move|p1a: Metagross|Body Press|p2a: Alomomola
|-damage|p2a: Alomomola|34/100
|move|p2a: Alomomola|Whirlpool|p1a: Metagross|[miss]
|-miss|p2a: Alomomola|p1a: Metagross
|
|-heal|p1a: Metagross|50/100|[from] item: Leftovers
|upkeep
|turn|16
|
|t:|1760451578
|switch|p2a: Chandelure|Chandelure, F|100/100
|move|p1a: Metagross|Body Press|p2a: Chandelure
|-immune|p2a: Chandelure
|
|-heal|p1a: Metagross|56/100|[from] item: Leftovers
|upkeep
|turn|17
|
|t:|1760451587
|move|p2a: Chandelure|Energy Ball|p1a: Metagross
|-resisted|p1a: Metagross
|-damage|p1a: Metagross|38/100
|move|p1a: Metagross|Earthquake|p2a: Chandelure
|-supereffective|p2a: Chandelure
|-damage|p2a: Chandelure|13/100
|
|-heal|p1a: Metagross|44/100|[from] item: Leftovers
|upkeep
|turn|18
|
|t:|1760451598
|move|p2a: Chandelure|Overheat|p1a: Metagross
|-supereffective|p1a: Metagross
|-damage|p1a: Metagross|0 fnt
|-unboost|p2a: Chandelure|spa|2
|faint|p1a: Metagross
|
|upkeep
|
|t:|1760451608
|switch|p1a: Samurott|Samurott-Hisui, M|100/100
|turn|19
|
|t:|1760451611
|move|p2a: Chandelure|Energy Ball|p1a: Samurott
|-supereffective|p1a: Samurott
|-damage|p1a: Samurott|61/100
|move|p1a: Samurott|Swords Dance|p1a: Samurott
|-boost|p1a: Samurott|atk|2
|
|upkeep
|turn|20
|
|t:|1760451622
|move|p2a: Chandelure|Energy Ball|p1a: Samurott
|-supereffective|p1a: Samurott
|-damage|p1a: Samurott|18/100
|move|p1a: Samurott|Ceaseless Edge|p2a: Chandelure
|-supereffective|p2a: Chandelure
|-damage|p2a: Chandelure|0 fnt
|-sidestart|p2: Randomizer15|Spikes
|faint|p2a: Chandelure
|
|upkeep
|
|t:|1760451625
|switch|p2a: Greninja|Greninja, M|100/100
|-damage|p2a: Greninja|88/100|[from] Spikes
|turn|21
|
|t:|1760451635
|move|p2a: Greninja|Sludge Wave|p1a: Samurott
|-damage|p1a: Samurott|0 fnt
|faint|p1a: Samurott
|-ability|p2a: Greninja|Battle Bond|boost
|-boost|p2a: Greninja|atk|1
|-boost|p2a: Greninja|spa|1
|-boost|p2a: Greninja|spe|1
|-activate|p2a: Greninja|ability: Battle Bond
|-damage|p2a: Greninja|78/100|[from] item: Life Orb
|
|upkeep
|
|t:|1760451650
|switch|p1a: Galvantula|Galvantula, M|100/100
|turn|22
|
|t:|1760451658
|move|p2a: Greninja|Dark Pulse|p1a: Galvantula
|-enditem|p1a: Galvantula|Focus Sash
|-damage|p1a: Galvantula|1/100
|-damage|p2a: Greninja|69/100|[from] item: Life Orb
|move|p1a: Galvantula|Thunder|p2a: Greninja
|-supereffective|p2a: Greninja
|-damage|p2a: Greninja|0 fnt
|faint|p2a: Greninja
|
|upkeep
|
|t:|1760451667
|switch|p2a: Alomomola|Alomomola, F|67/100
|-damage|p2a: Alomomola|55/100|[from] Spikes
|turn|23
|
|t:|1760451671
|move|p1a: Galvantula|Thunder|p2a: Alomomola
|-supereffective|p2a: Alomomola
|-damage|p2a: Alomomola|0 fnt
|faint|p2a: Alomomola
|
|upkeep
|
|t:|1760451673
|switch|p2a: Latios|Latios, M|100/100
|turn|24
|
|t:|1760451683
|move|p2a: Latios|Calm Mind|p2a: Latios
|-boost|p2a: Latios|spa|1
|-boost|p2a: Latios|spd|1
|move|p1a: Galvantula|Bug Buzz|p2a: Latios
|-supereffective|p2a: Latios
|-damage|p2a: Latios|48/100
|
|upkeep
|turn|25
|
|t:|1760451690
|move|p2a: Latios|Luster Purge|p1a: Galvantula
|-crit|p1a: Galvantula
|-damage|p1a: Galvantula|0 fnt
|faint|p1a: Galvantula
|
|upkeep
|
|t:|1760451696
|switch|p1a: Hitmontop|Hitmontop, M|91/100
|turn|26
|
|t:|1760451701
|move|p2a: Latios|Luster Purge|p1a: Hitmontop
|-supereffective|p1a: Hitmontop
|-damage|p1a: Hitmontop|0 fnt
|faint|p1a: Hitmontop
|
|upkeep
|
|t:|1760451706
|switch|p1a: Porygon-Z|Porygon-Z|100/100
|-ability|p1a: Porygon-Z|Download|boost
|-boost|p1a: Porygon-Z|atk|1
|turn|27
|
|t:|1760451714
|-terastallize|p2a: Latios|Ground
|-terastallize|p1a: Porygon-Z|Psychic
|move|p2a: Latios|Luster Purge|p1a: Porygon-Z
|-resisted|p1a: Porygon-Z
|-crit|p1a: Porygon-Z
|-damage|p1a: Porygon-Z|10/100
|-unboost|p1a: Porygon-Z|spd|1
|move|p1a: Porygon-Z|Ice Beam|p2a: Latios
|-supereffective|p2a: Latios
|-crit|p2a: Latios
|-damage|p2a: Latios|0 fnt
|faint|p2a: Latios
|
|win|betterthanlaurent
|raw|betterthanlaurent's rating: 1119 &rarr; <strong>1148</strong><br />(+29 for winning)
|raw|Randomizer15's rating: 1172 &rarr; <strong>1143</strong><br />(-29 for losing)
|l|‽betterthanlaurent
|player|p1|
|l|☆Randomizer15
|player|p2|
