|j|☆mkap
|j|☆vinicio499
|t:|1760443106
|gametype|singles
|player|p1|mkap|lusamine-nihilego|1433
|player|p2|vinicio499|miku-ghost|1423
|gen|9
|tier|[Gen 9] OU
|rated|
|rule|HP Percentage Mod: HP is shown in percentages
|rule|Endless Battle Clause: Forcing endless battles is banned
|rule|Species Clause: Limit one of each Pokémon
|rule|OHKO Clause: OHKO moves are banned
|rule|Evasion Items Clause: Evasion items are banned
|rule|Evasion Moves Clause: Evasion moves are banned
|rule|Evasion Abilities Clause: Evasion abilities are banned
|rule|Sleep Moves Clause: Sleep-inducing moves are banned
|clearpoke
|poke|p1|Rillaboom, F|
|poke|p1|Kyurem|
|poke|p1|Gliscor, M|
|poke|p1|Kingambit, F|
|poke|p1|Alomomola, M|
|poke|p1|Arcanine-Hisui, M|
|poke|p2|Araquanid, F|
|poke|p2|Malamar, M|
|poke|p2|Serperior, M|
|poke|p2|Cinderace, F|
|poke|p2|Milotic, F|
|poke|p2|Kingambit, F|
|teampreview
|inactive|Battle timer is ON: inactive players will automatically lose when time's up. (requested by vinicio499)
|c|☆mkap|Love this strat
|inactive|mkap has 120 seconds left.
|c|☆mkap|tried it with a layer of t spikes and LO Ursaluna it didn’t work well but it was funny
|
|t:|1760443158
|teamsize|p1|6
|teamsize|p2|6
|start
|switch|p1a: Kyurem|Kyurem|100/100
|switch|p2a: Araquanid|Araquanid, F|100/100
|-ability|p1a: Kyurem|Pressure
|turn|1
|
|t:|1760443162
|move|p1a: Kyurem|Freeze-Dry|p2a: Araquanid
|-supereffective|p2a: Araquanid
|-damage|p2a: Araquanid|44/100
|-status|p2a: Araquanid|frz
|cant|p2a: Araquanid|frz
|
|upkeep
|turn|2
|
|t:|1760443169
|-curestatus|p2a: Araquanid|frz|[msg]
|move|p2a: Araquanid|Endure|p2a: Araquanid
|-singleturn|p2a: Araquanid|move: Endure
|move|p1a: Kyurem|Freeze-Dry|p2a: Araquanid
|-supereffective|p2a: Araquanid
|-activate|p2a: Araquanid|move: Endure
|-damage|p2a: Araquanid|1/100
|
|upkeep
|turn|3
|-enditem|p2a: Araquanid|Custap Berry|[eat]
|-activate|p2a: Araquanid|item: Custap Berry|[consumed]
|
|t:|1760443175
|move|p2a: Araquanid|Sticky Web|p1a: Kyurem
|-sidestart|p1: mkap|move: Sticky Web
|move|p1a: Kyurem|Earth Power|p2a: Araquanid
|-resisted|p2a: Araquanid
|-damage|p2a: Araquanid|0 fnt
|faint|p2a: Araquanid
|
|upkeep
|c|☆vinicio499|Thank god ot thawed
|c|☆vinicio499|😭
|inactive|vinicio499 has 120 seconds left.
|
|t:|1760443208
|switch|p2a: Cinderace|Cinderace, F|100/100
|turn|4
|
|t:|1760443226
|switch|p1a: Gliscor|Gliscor, M|100/100
|move|p2a: Cinderace|Court Change|p2a: Cinderace
|-start|p2a: Cinderace|typechange|Normal|[from] ability: Libero
|-swapsideconditions
|-activate|p2a: Cinderace|move: Court Change
|
|-status|p1a: Gliscor|tox|[from] item: Toxic Orb
|upkeep
|turn|5
|c|☆vinicio499|Also life orb luna?
|
|t:|1760443241
|switch|p2a: Milotic|Milotic, F|100/100
|-activate|p2a: Milotic|move: Sticky Web
|-unboost|p2a: Milotic|spe|1
|-ability|p2a: Milotic|Competitive|boost
|-boost|p2a: Milotic|spa|2
|move|p1a: Gliscor|Toxic|p2a: Milotic
|-status|p2a: Milotic|tox
|
|-damage|p2a: Milotic|94/100 tox|[from] psn
|upkeep
|turn|6
|inactive|vinicio499 has 120 seconds left.
|inactive|mkap has 120 seconds left.
|c|☆mkap|Just maxing out the damage with the poison boost. Fucking around on low ladder basically
|
|t:|1760443280
|move|p1a: Gliscor|Protect|p1a: Gliscor
|-singleturn|p1a: Gliscor|Protect
|move|p2a: Milotic|Surf|p1a: Gliscor
|-activate|p1a: Gliscor|move: Protect
|
|-damage|p2a: Milotic|82/100 tox|[from] psn
|upkeep
|turn|7
|
|t:|1760443284
|switch|p1a: Alomomola|Alomomola, M|100/100
|move|p2a: Milotic|Surf|p1a: Alomomola
|-resisted|p1a: Alomomola
|-damage|p1a: Alomomola|24/100
|
|-damage|p2a: Milotic|64/100 tox|[from] psn
|upkeep
|turn|8
|
|t:|1760443289
|move|p1a: Alomomola|Protect|p1a: Alomomola
|-singleturn|p1a: Alomomola|Protect
|move|p2a: Milotic|Surf|p1a: Alomomola
|-activate|p1a: Alomomola|move: Protect
|
|-damage|p2a: Milotic|39/100 tox|[from] psn
|upkeep
|turn|9
|
|t:|1760443293
|move|p1a: Alomomola|Wish|p1a: Alomomola
|move|p2a: Milotic|Surf|p1a: Alomomola
|-resisted|p1a: Alomomola
|-damage|p1a: Alomomola|0 fnt
|faint|p1a: Alomomola
|
|-damage|p2a: Milotic|9/100 tox|[from] psn
|upkeep
|
|t:|1760443305
|switch|p1a: Rillaboom|Rillaboom, F|100/100
|-fieldstart|move: Grassy Terrain|[from] ability: Grassy Surge|[of] p1a: Rillaboom
|turn|10
|c|☆vinicio499|Ah gotcha
|
|t:|1760443312
|switch|p2a: Kingambit|Kingambit, F|100/100
|-activate|p2a: Kingambit|move: Sticky Web
|-unboost|p2a: Kingambit|spe|1
|-ability|p2a: Kingambit|Defiant|boost
|-boost|p2a: Kingambit|atk|2
|move|p1a: Rillaboom|Knock Off|p2a: Kingambit
|-resisted|p2a: Kingambit
|-damage|p2a: Kingambit|85/100
|-enditem|p2a: Kingambit|Black Glasses|[from] move: Knock Off|[of] p1a: Rillaboom
|
|-heal|p2a: Kingambit|91/100|[from] Grassy Terrain
|upkeep
|turn|11
|
|t:|1760443321
|move|p1a: Rillaboom|High Horsepower|p2a: Kingambit
|-supereffective|p2a: Kingambit
|-damage|p2a: Kingambit|36/100
|move|p2a: Kingambit|Kowtow Cleave|p1a: Rillaboom
|-damage|p1a: Rillaboom|0 fnt
|faint|p1a: Rillaboom
|
|-heal|p2a: Kingambit|42/100|[from] Grassy Terrain
|upkeep
|
|t:|1760443333
|switch|p1a: Kingambit|Kingambit, F|100/100
|-activate|p1a: Kingambit|ability: Supreme Overlord
|-start|p1a: Kingambit|fallen2|[silent]
|turn|12
|
|t:|1760443336
|move|p1a: Kingambit|Low Kick|p2a: Kingambit
|-supereffective|p2a: Kingambit
|-damage|p2a: Kingambit|0 fnt
|faint|p2a: Kingambit
|
|upkeep
|
|t:|1760443339
|switch|p2a: Malamar|Malamar, M|100/100
|-activate|p2a: Malamar|move: Sticky Web
|-boost|p2a: Malamar|spe|1
|turn|13
|
|t:|1760443349
|-terastallize|p2a: Malamar|Fairy
|-terastallize|p1a: Kingambit|Dark
|move|p2a: Malamar|Superpower|p1a: Kingambit
|-supereffective|p1a: Kingambit
|-damage|p1a: Kingambit|45/100
|-boost|p2a: Malamar|atk|1
|-boost|p2a: Malamar|def|1
|move|p1a: Kingambit|Kowtow Cleave|p2a: Malamar
|-resisted|p2a: Malamar
|-damage|p2a: Malamar|70/100
|
|-heal|p2a: Malamar|76/100|[from] Grassy Terrain
|-heal|p1a: Kingambit|51/100|[from] Grassy Terrain
|upkeep
|turn|14
|
|t:|1760443359
|-end|p1a: Kingambit|fallen2|[silent]
|switch|p1a: Gliscor|Gliscor, M|100/100 tox
|move|p2a: Malamar|Superpower|p1a: Gliscor
|-resisted|p1a: Gliscor
|-damage|p1a: Gliscor|87/100 tox
|-boost|p2a: Malamar|atk|1
|-boost|p2a: Malamar|def|1
|
|-heal|p2a: Malamar|82/100|[from] Grassy Terrain
|-heal|p1a: Gliscor|99/100 tox|[from] ability: Poison Heal
|-fieldend|move: Grassy Terrain
|upkeep
|turn|15
|
|t:|1760443365
|move|p2a: Malamar|Superpower|p1a: Gliscor
|-resisted|p1a: Gliscor
|-damage|p1a: Gliscor|81/100 tox
|-boost|p2a: Malamar|atk|1
|-boost|p2a: Malamar|def|1
|move|p1a: Gliscor|Toxic|p2a: Malamar
|-status|p2a: Malamar|tox
|
|-damage|p2a: Malamar|76/100 tox|[from] psn
|-heal|p1a: Gliscor|93/100 tox|[from] ability: Poison Heal
|upkeep
|turn|16
|
|t:|1760443369
|move|p1a: Gliscor|Protect|p1a: Gliscor
|-singleturn|p1a: Gliscor|Protect
|move|p2a: Malamar|Psycho Cut|p1a: Gliscor
|-activate|p1a: Gliscor|move: Protect
|
|-damage|p2a: Malamar|63/100 tox|[from] psn
|-heal|p1a: Gliscor|100/100 tox|[from] ability: Poison Heal
|upkeep
|turn|17
|
|t:|1760443376
|move|p2a: Malamar|Knock Off|p1a: Gliscor
|-damage|p1a: Gliscor|49/100 tox
|-enditem|p1a: Gliscor|Toxic Orb|[from] move: Knock Off|[of] p2a: Malamar
|move|p1a: Gliscor|Knock Off|p2a: Malamar
|-resisted|p2a: Malamar
|-damage|p2a: Malamar|59/100 tox
|-enditem|p2a: Malamar|Sitrus Berry|[from] move: Knock Off|[of] p1a: Gliscor
|
|-damage|p2a: Malamar|40/100 tox|[from] psn
|-heal|p1a: Gliscor|61/100 tox|[from] ability: Poison Heal
|upkeep
|turn|18
|
|t:|1760443384
|move|p1a: Gliscor|Protect|p1a: Gliscor
|-singleturn|p1a: Gliscor|Protect
|move|p2a: Malamar|Superpower|p1a: Gliscor
|-activate|p1a: Gliscor|move: Protect
|
|-damage|p2a: Malamar|15/100 tox|[from] psn
|-heal|p1a: Gliscor|73/100 tox|[from] ability: Poison Heal
|upkeep
|turn|19
|c|☆mkap|I’d even run the psych boosting plate or Lum on Malamar here tbh
|inactive|mkap has 120 seconds left.
|c|☆mkap|Psycho cut is rough as stab and it’ll make it more consistent
|c|☆vinicio499|Yeah I was thinking if resto chesto on here
|inactive|mkap has 90 seconds left.
|c|☆vinicio499|Or rest sleep talk
|c|☆mkap|Eh, then it struggles with coverage
|
|t:|1760443462
|move|p2a: Malamar|Psycho Cut|p1a: Gliscor
|-damage|p1a: Gliscor|34/100 tox
|move|p1a: Gliscor|Knock Off|p2a: Malamar
|-resisted|p2a: Malamar
|-damage|p2a: Malamar|12/100 tox
|
|-damage|p2a: Malamar|0 fnt|[from] psn
|faint|p2a: Malamar
|-heal|p1a: Gliscor|47/100 tox|[from] ability: Poison Heal
|upkeep
|
|t:|1760443467
|switch|p2a: Milotic|Milotic, F|9/100 tox
|-activate|p2a: Milotic|move: Sticky Web
|-unboost|p2a: Milotic|spe|1
|-ability|p2a: Milotic|Competitive|boost
|-boost|p2a: Milotic|spa|2
|turn|20
|
|t:|1760443471
|move|p1a: Gliscor|Protect|p1a: Gliscor
|-singleturn|p1a: Gliscor|Protect
|move|p2a: Milotic|Draining Kiss|p1a: Gliscor
|-activate|p1a: Gliscor|move: Protect
|
|-heal|p1a: Gliscor|59/100 tox|[from] ability: Poison Heal
|-damage|p2a: Milotic|3/100 tox|[from] psn
|upkeep
|turn|21
|
|t:|1760443474
|move|p1a: Gliscor|Knock Off|p2a: Milotic
|-damage|p2a: Milotic|0 fnt
|-enditem|p2a: Milotic|Choice Specs|[from] move: Knock Off|[of] p1a: Gliscor
|faint|p2a: Milotic
|
|-heal|p1a: Gliscor|72/100 tox|[from] ability: Poison Heal
|upkeep
|
|t:|1760443477
|switch|p2a: Serperior|Serperior, M|100/100
|-activate|p2a: Serperior|move: Sticky Web
|-boost|p2a: Serperior|spe|1
|turn|22
|
|t:|1760443482
|move|p2a: Serperior|Substitute|p2a: Serperior
|-start|p2a: Serperior|Substitute
|-damage|p2a: Serperior|76/100
|move|p1a: Gliscor|Toxic|p2a: Serperior|[miss]
|-miss|p1a: Gliscor|p2a: Serperior
|
|-heal|p2a: Serperior|82/100|[from] item: Leftovers
|-heal|p1a: Gliscor|84/100 tox|[from] ability: Poison Heal
|upkeep
|turn|23
|
|t:|1760443486
|move|p1a: Gliscor|Protect|p1a: Gliscor
|-singleturn|p1a: Gliscor|Protect
|move|p2a: Serperior|Leaf Storm|p1a: Gliscor
|-activate|p1a: Gliscor|move: Protect
|
|-heal|p2a: Serperior|88/100|[from] item: Leftovers
|-heal|p1a: Gliscor|97/100 tox|[from] ability: Poison Heal
|upkeep
|turn|24
|
|t:|1760443493
|switch|p1a: Kyurem|Kyurem|100/100
|-ability|p1a: Kyurem|Pressure
|move|p2a: Serperior|Leaf Storm|p1a: Kyurem
|-resisted|p1a: Kyurem
|-damage|p1a: Kyurem|80/100
|-boost|p2a: Serperior|spa|2
|
|-heal|p2a: Serperior|94/100|[from] item: Leftovers
|upkeep
|turn|25
|
|t:|1760443504
|move|p2a: Serperior|Leaf Storm|p1a: Kyurem
|-resisted|p1a: Kyurem
|-damage|p1a: Kyurem|37/100
|-boost|p2a: Serperior|spa|2
|move|p1a: Kyurem|Ice Beam|p2a: Serperior
|-supereffective|p2a: Serperior
|-end|p2a: Serperior|Substitute
|
|-heal|p2a: Serperior|99/100|[from] item: Leftovers
|upkeep
|turn|26
|
|t:|1760443510
|move|p2a: Serperior|Leaf Storm|p1a: Kyurem|[miss]
|-miss|p2a: Serperior|p1a: Kyurem
|move|p1a: Kyurem|Ice Beam|p2a: Serperior
|-supereffective|p2a: Serperior
|-damage|p2a: Serperior|0 fnt
|faint|p2a: Serperior
|
|upkeep
|c|☆mkap|Sorru
|l|☆mkap
|inactive|mkap disconnected and has a minute to reconnect!
|player|p1|
|j|☆mkap
|inactive|mkap reconnected.
|player|p1|mkap|lusamine-nihilego|
|c|☆vinicio499|Wide lens calls out to me like the green gonlin mask xd
|inactive|vinicio499 has 120 seconds left.
|
|t:|1760443545
|switch|p2a: Cinderace|Cinderace, F|100/100
|turn|27
|c|☆mkap|Nah gotta chance it on your own, run bright powder with the sub
|
|t:|1760443563
|move|p2a: Cinderace|Pyro Ball|p1a: Kyurem
|-damage|p1a: Kyurem|0 fnt
|faint|p1a: Kyurem
|
|upkeep
|
|t:|1760443566
|switch|p1a: Arcanine|Arcanine-Hisui, M|100/100
|-ability|p1a: Arcanine|Intimidate|boost
|-unboost|p2a: Cinderace|atk|1
|turn|28
|
|t:|1760443572
|switch|p1a: Gliscor|Gliscor, M|97/100 tox
|move|p2a: Cinderace|Pyro Ball|p1a: Gliscor
|-damage|p1a: Gliscor|75/100 tox
|
|-heal|p1a: Gliscor|87/100 tox|[from] ability: Poison Heal
|upkeep
|turn|29
|c|☆mkap|Gg
|
|t:|1760443577
|move|p2a: Cinderace|Pyro Ball|p1a: Gliscor
|-damage|p1a: Gliscor|63/100 tox
|move|p1a: Gliscor|Toxic|p2a: Cinderace
|-status|p2a: Cinderace|tox
|
|-damage|p2a: Cinderace|95/100 tox|[from] psn
|-heal|p1a: Gliscor|76/100 tox|[from] ability: Poison Heal
|upkeep
|turn|30
|
|t:|1760443581
|move|p2a: Cinderace|Pyro Ball|p1a: Gliscor
|-damage|p1a: Gliscor|52/100 tox
|move|p1a: Gliscor|Knock Off|p2a: Cinderace
|-damage|p2a: Cinderace|63/100 tox
|-enditem|p2a: Cinderace|Heavy-Duty Boots|[from] move: Knock Off|[of] p1a: Gliscor
|
|-damage|p2a: Cinderace|51/100 tox|[from] psn
|-heal|p1a: Gliscor|64/100 tox|[from] ability: Poison Heal
|upkeep
|turn|31
|c|☆vinicio499|Gg
|
|t:|1760443586
|move|p1a: Gliscor|Protect|p1a: Gliscor
|-singleturn|p1a: Gliscor|Protect
|move|p2a: Cinderace|Pyro Ball|p1a: Gliscor
|-activate|p1a: Gliscor|move: Protect
|
|-damage|p2a: Cinderace|33/100 tox|[from] psn
|-heal|p1a: Gliscor|77/100 tox|[from] ability: Poison Heal
|upkeep
|turn|32
|
|t:|1760443591
|move|p2a: Cinderace|Pyro Ball|p1a: Gliscor
|-damage|p1a: Gliscor|52/100 tox
|move|p1a: Gliscor|Knock Off|p2a: Cinderace
|-damage|p2a: Cinderace|11/100 tox
|
|-damage|p2a: Cinderace|0 fnt|[from] psn
|faint|p2a: Cinderace
|
|win|mkap
|raw|mkap's rating: 1433 &rarr; <strong>1452</strong><br />(+19 for winning)
|raw|vinicio499's rating: 1423 &rarr; <strong>1404</strong><br />(-19 for losing)
|l|☆mkap
|player|p1|
|l|☆vinicio499
|player|p2|
