|j|☆Ms. Mustache
|j|☆iggy sent me
|t:|1760408900
|gametype|singles
|player|p1|Ms. Mustache|102|1561
|player|p2|iggy sent me|veteran|1669
|gen|9
|tier|[Gen 9] OU
|rated|
|rule|HP Percentage Mod: HP is shown in percentages
|rule|Endless Battle Clause: Forcing endless battles is banned
|rule|Species Clause: Limit one of each Pokémon
|rule|OHKO Clause: OHKO moves are banned
|rule|Evasion Items Clause: Evasion items are banned
|rule|Evasion Moves Clause: Evasion moves are banned
|rule|Evasion Abilities Clause: Evasion abilities are banned
|rule|Sleep Moves Clause: Sleep-inducing moves are banned
|clearpoke
|poke|p1|Lokix, F|
|poke|p1|Cinderace, M|
|poke|p1|Great Tusk|
|poke|p1|Alomomola, F|
|poke|p1|Enamorus, F|
|poke|p1|Slowking-Galar, M|
|poke|p2|Glimmora, F|
|poke|p2|Gliscor, M|
|poke|p2|Cinderace, F|
|poke|p2|Enamorus, F|
|poke|p2|Primarina, F|
|poke|p2|Scizor, M|
|teampreview
|
|t:|1760408914
|teamsize|p1|6
|teamsize|p2|6
|start
|switch|p1a: Slowking|Slowking-Galar, M|100/100
|switch|p2a: Glimmora|Glimmora, F|100/100
|turn|1
|
|t:|1760408919
|move|p2a: Glimmora|Meteor Beam||[still]
|-prepare|p2a: Glimmora|Meteor Beam
|-boost|p2a: Glimmora|spa|1
|-enditem|p2a: Glimmora|Power Herb
|-anim|p2a: Glimmora|Meteor Beam|p1a: Slowking
|-damage|p1a: Slowking|25/100
|move|p1a: Slowking|Future Sight|p2a: Glimmora
|-start|p1a: Slowking|move: Future Sight
|
|upkeep
|turn|2
|
|t:|1760408928
|switch|p1a: Alomomola|Alomomola, F|100/100
|move|p2a: Glimmora|Meteor Beam||[still]
|-prepare|p2a: Glimmora|Meteor Beam
|-boost|p2a: Glimmora|spa|1
|
|upkeep
|turn|3
|
|t:|1760408935
|move|p2a: Glimmora|Meteor Beam|p1a: Alomomola|[from] lockedmove
|-damage|p1a: Alomomola|35/100
|move|p1a: Alomomola|Flip Turn|p2a: Glimmora
|-supereffective|p2a: Glimmora
|-damage|p2a: Glimmora|65/100
|-activate|p2a: Glimmora|ability: Toxic Debris
|-sidestart|p1: Ms. Mustache|move: Toxic Spikes
|
|t:|1760408941
|switch|p1a: Great Tusk|Great Tusk|100/100|[from] Flip Turn
|-status|p1a: Great Tusk|psn
|
|-end|p2a: Glimmora|move: Future Sight
|-supereffective|p2a: Glimmora
|-damage|p2a: Glimmora|0 fnt
|faint|p2a: Glimmora
|-damage|p1a: Great Tusk|88/100 psn|[from] psn
|upkeep
|
|t:|1760408946
|switch|p2a: Enamorus|Enamorus, F|100/100
|turn|4
|
|t:|1760408955
|-end|p1a: Great Tusk|Protosynthesis|[silent]
|switch|p1a: Slowking|Slowking-Galar, M|58/100
|-sideend|p1: Ms. Mustache|move: Toxic Spikes|[of] p1a: Slowking
|move|p2a: Enamorus|Earth Power|p1a: Slowking
|-supereffective|p1a: Slowking
|-enditem|p1a: Slowking|Shuca Berry|[eat]
|-enditem|p1a: Slowking|Shuca Berry|[weaken]
|-damage|p1a: Slowking|32/100
|-unboost|p1a: Slowking|spd|1
|
|upkeep
|turn|5
|
|t:|1760408960
|switch|p1a: Enamorus|Enamorus, F|100/100
|move|p2a: Enamorus|Earth Power|p1a: Enamorus
|-immune|p1a: Enamorus
|
|upkeep
|turn|6
|
|t:|1760408969
|switch|p2a: Primarina|Primarina, F|100/100
|switch|p1a: Alomomola|Alomomola, F|68/100
|
|upkeep
|turn|7
|
|t:|1760408978
|move|p2a: Primarina|Flip Turn|p1a: Alomomola
|-resisted|p1a: Alomomola
|-damage|p1a: Alomomola|63/100
|
|t:|1760408984
|switch|p2a: Gliscor|Gliscor, M|100/100|[from] Flip Turn
|move|p1a: Alomomola|Flip Turn|p2a: Gliscor
|-supereffective|p2a: Gliscor
|-damage|p2a: Gliscor|78/100
|
|t:|1760408987
|switch|p1a: Slowking|Slowking-Galar, M|65/100|[from] Flip Turn
|
|-status|p2a: Gliscor|tox|[from] item: Toxic Orb
|upkeep
|turn|8
|
|t:|1760408992
|move|p2a: Gliscor|Earthquake|p1a: Slowking
|-supereffective|p1a: Slowking
|-damage|p1a: Slowking|20/100
|move|p1a: Slowking|Ice Beam|p2a: Gliscor
|-supereffective|p2a: Gliscor
|-damage|p2a: Gliscor|0 fnt
|faint|p2a: Gliscor
|
|upkeep
|
|t:|1760409004
|switch|p2a: Scizor|Scizor, M|100/100
|turn|9
|
|t:|1760409029
|switch|p1a: Cinderace|Cinderace, M|100/100
|move|p2a: Scizor|U-turn|p1a: Cinderace
|-resisted|p1a: Cinderace
|-damage|p1a: Cinderace|65/100
|
|t:|1760409036
|switch|p2a: Primarina|Primarina, F|100/100|[from] U-turn
|
|upkeep
|turn|10
|
|t:|1760409043
|move|p1a: Cinderace|U-turn|p2a: Primarina
|-resisted|p2a: Primarina
|-crit|p2a: Primarina
|-damage|p2a: Primarina|84/100
|
|t:|1760409045
|switch|p1a: Alomomola|Alomomola, F|96/100|[from] U-turn
|move|p2a: Primarina|Surf|p1a: Alomomola
|-resisted|p1a: Alomomola
|-damage|p1a: Alomomola|83/100
|
|upkeep
|turn|11
|
|t:|1760409053
|move|p2a: Primarina|Moonblast|p1a: Alomomola
|-damage|p1a: Alomomola|57/100
|move|p1a: Alomomola|Flip Turn|p2a: Primarina
|-resisted|p2a: Primarina
|-crit|p2a: Primarina
|-damage|p2a: Primarina|68/100
|
|t:|1760409078
|switch|p1a: Slowking|Slowking-Galar, M|54/100|[from] Flip Turn
|
|upkeep
|turn|12
|
|t:|1760409081
|move|p2a: Primarina|Shadow Ball|p1a: Slowking
|-supereffective|p1a: Slowking
|-damage|p1a: Slowking|8/100
|-unboost|p1a: Slowking|spd|1
|move|p1a: Slowking|Sludge Bomb|p2a: Primarina
|-supereffective|p2a: Primarina
|-damage|p2a: Primarina|29/100
|
|upkeep
|turn|13
|
|t:|1760409086
|switch|p1a: Alomomola|Alomomola, F|91/100
|move|p2a: Primarina|Surf|p1a: Alomomola
|-resisted|p1a: Alomomola
|-damage|p1a: Alomomola|72/100
|
|upkeep
|turn|14
|
|t:|1760409091
|move|p2a: Primarina|Flip Turn|p1a: Alomomola
|-resisted|p1a: Alomomola
|-damage|p1a: Alomomola|63/100
|
|t:|1760409094
|switch|p2a: Scizor|Scizor, M|100/100|[from] Flip Turn
|move|p1a: Alomomola|Body Slam|p2a: Scizor
|-resisted|p2a: Scizor
|-damage|p2a: Scizor|92/100
|-status|p2a: Scizor|par
|
|upkeep
|turn|15
|
|t:|1760409102
|move|p1a: Alomomola|Flip Turn|p2a: Scizor
|-damage|p2a: Scizor|76/100 par
|
|t:|1760409106
|switch|p1a: Great Tusk|Great Tusk|88/100 psn|[from] Flip Turn
|cant|p2a: Scizor|par
|
|-heal|p1a: Great Tusk|94/100 psn|[from] item: Leftovers
|-damage|p1a: Great Tusk|82/100 psn|[from] psn
|upkeep
|turn|16
|
|t:|1760409113
|move|p1a: Great Tusk|Knock Off|p2a: Scizor
|-damage|p2a: Scizor|47/100 par
|-enditem|p2a: Scizor|Choice Band|[from] move: Knock Off|[of] p1a: Great Tusk
|move|p2a: Scizor|U-turn|p1a: Great Tusk
|-resisted|p1a: Great Tusk
|-damage|p1a: Great Tusk|72/100 psn
|
|t:|1760409125
|switch|p2a: Enamorus|Enamorus, F|100/100|[from] U-turn
|
|-heal|p1a: Great Tusk|78/100 psn|[from] item: Leftovers
|-damage|p1a: Great Tusk|65/100 psn|[from] psn
|upkeep
|turn|17
|
|t:|1760409128
|-end|p1a: Great Tusk|Protosynthesis|[silent]
|switch|p1a: Alomomola|Alomomola, F|96/100
|move|p2a: Enamorus|Moonblast|p1a: Alomomola
|-damage|p1a: Alomomola|73/100
|
|upkeep
|turn|18
|
|t:|1760409139
|switch|p2a: Scizor|Scizor, M|47/100 par
|move|p1a: Alomomola|Flip Turn|p2a: Scizor
|-damage|p2a: Scizor|32/100 par
|
|t:|1760409143
|switch|p1a: Cinderace|Cinderace, M|65/100|[from] Flip Turn
|
|upkeep
|turn|19
|
|t:|1760409148
|move|p2a: Scizor|Bullet Punch|p1a: Cinderace
|-resisted|p1a: Cinderace
|-damage|p1a: Cinderace|44/100
|move|p1a: Cinderace|Pyro Ball|p2a: Scizor
|-supereffective|p2a: Scizor
|-damage|p2a: Scizor|0 fnt
|faint|p2a: Scizor
|
|upkeep
|j| cityfolk
|
|t:|1760409155
|switch|p2a: Cinderace|Cinderace, F|100/100
|turn|20
|
|t:|1760409161
|switch|p1a: Alomomola|Alomomola, F|100/100
|move|p2a: Cinderace|High Jump Kick|p1a: Alomomola
|-damage|p1a: Alomomola|68/100
|
|upkeep
|turn|21
|
|t:|1760409165
|move|p2a: Cinderace|High Jump Kick|p1a: Alomomola
|-damage|p1a: Alomomola|37/100
|move|p1a: Alomomola|Flip Turn|p2a: Cinderace
|-supereffective|p2a: Cinderace
|-damage|p2a: Cinderace|57/100
|
|t:|1760409168
|switch|p1a: Lokix|Lokix, F|100/100|[from] Flip Turn
|
|upkeep
|turn|22
|
|t:|1760409174
|switch|p2a: Primarina|Primarina, F|29/100
|move|p1a: Lokix|First Impression|p2a: Primarina
|-resisted|p2a: Primarina
|-damage|p2a: Primarina|0 fnt
|faint|p2a: Primarina
|
|upkeep
|
|t:|1760409177
|switch|p2a: Enamorus|Enamorus, F|100/100
|turn|23
|
|t:|1760409185
|switch|p1a: Alomomola|Alomomola, F|71/100
|move|p2a: Enamorus|Moonblast|p1a: Alomomola
|-damage|p1a: Alomomola|48/100
|
|upkeep
|turn|24
|
|t:|1760409190
|move|p2a: Enamorus|Moonblast|p1a: Alomomola
|-crit|p1a: Alomomola
|-damage|p1a: Alomomola|8/100
|move|p1a: Alomomola|Flip Turn|p2a: Enamorus
|-damage|p2a: Enamorus|76/100
|
|t:|1760409196
|switch|p1a: Slowking|Slowking-Galar, M|41/100|[from] Flip Turn
|
|upkeep
|turn|25
|
|t:|1760409200
|switch|p2a: Cinderace|Cinderace, F|57/100
|move|p1a: Slowking|Sludge Bomb|p2a: Cinderace
|-damage|p2a: Cinderace|11/100
|-status|p2a: Cinderace|psn
|
|-damage|p2a: Cinderace|0 fnt|[from] psn
|faint|p2a: Cinderace
|upkeep
|-message|iggy sent me forfeited.
|
|win|Ms. Mustache
|raw|Ms. Mustache's rating: 1561 &rarr; <strong>1587</strong><br />(+26 for winning)
|raw|iggy sent me's rating: 1669 &rarr; <strong>1643</strong><br />(-26 for losing)
|l|☆iggy sent me
|player|p2|
