|j|☆imyinni
|j|☆animeGametestteam
|t:|1760392647
|gametype|singles
|player|p1|imyinni|leaf-masters2|1206
|player|p2|animeGametestteam|acetrainer-gen4dp|1207
|gen|9
|tier|[Gen 9] OU
|rated|
|rule|HP Percentage Mod: HP is shown in percentages
|rule|Endless Battle Clause: Forcing endless battles is banned
|rule|Species Clause: Limit one of each Pokémon
|rule|OHKO Clause: OHKO moves are banned
|rule|Evasion Items Clause: Evasion items are banned
|rule|Evasion Moves Clause: Evasion moves are banned
|rule|Evasion Abilities Clause: Evasion abilities are banned
|rule|Sleep Moves Clause: Sleep-inducing moves are banned
|clearpoke
|poke|p1|Kingambit, M|
|poke|p1|Iron Moth|
|poke|p1|Primarina, M|
|poke|p1|Dragonite, M|
|poke|p1|Gliscor, M|
|poke|p1|Tinkaton, F|
|poke|p2|Hydreigon, M|
|poke|p2|Excadrill, M|
|poke|p2|Conkeldurr, M|
|poke|p2|Galvantula, M|
|poke|p2|Krookodile, M|
|poke|p2|Serperior, M|
|teampreview
|
|t:|1760392655
|teamsize|p1|6
|teamsize|p2|6
|start
|switch|p1a: Tinkaton|Tinkaton, F|100/100
|switch|p2a: Galvantula|Galvantula, M|100/100
|-ability|p1a: Tinkaton|Mold Breaker
|turn|1
|
|t:|1760392666
|move|p1a: Tinkaton|Fake Out|p2a: Galvantula
|-damage|p2a: Galvantula|87/100
|cant|p2a: Galvantula|flinch
|
|upkeep
|turn|2
|
|t:|1760392676
|switch|p1a: Iron Moth|Iron Moth|100/100
|-enditem|p1a: Iron Moth|Booster Energy
|-activate|p1a: Iron Moth|ability: Quark Drive|[fromitem]
|-start|p1a: Iron Moth|quarkdrivespa
|move|p2a: Galvantula|Sticky Web|p1a: Iron Moth
|-sidestart|p1: imyinni|move: Sticky Web
|
|upkeep
|turn|3
|
|t:|1760392687
|move|p1a: Iron Moth|Fiery Dance|p2a: Galvantula
|-supereffective|p2a: Galvantula
|-damage|p2a: Galvantula|0 fnt
|faint|p2a: Galvantula
|
|upkeep
|
|t:|1760392697
|switch|p2a: Krookodile|Krookodile, M|100/100
|turn|4
|
|t:|1760392708
|move|p2a: Krookodile|Earthquake|p1a: Iron Moth
|-supereffective|p1a: Iron Moth
|-damage|p1a: Iron Moth|0 fnt
|faint|p1a: Iron Moth
|-end|p1a: Iron Moth|Quark Drive|[silent]
|-ability|p2a: Krookodile|Moxie|boost
|-boost|p2a: Krookodile|atk|1
|
|upkeep
|
|t:|1760392717
|switch|p1a: Gliscor|Gliscor, M|100/100
|turn|5
|
|t:|1760392722
|switch|p2a: Serperior|Serperior, M|100/100
|move|p1a: Gliscor|Swords Dance|p1a: Gliscor
|-boost|p1a: Gliscor|atk|2
|
|-status|p1a: Gliscor|tox|[from] item: Toxic Orb
|upkeep
|turn|6
|
|t:|1760392732
|move|p1a: Gliscor|Protect|p1a: Gliscor
|-singleturn|p1a: Gliscor|Protect
|move|p2a: Serperior|Leech Seed|p1a: Gliscor
|-activate|p1a: Gliscor|move: Protect
|
|upkeep
|turn|7
|
|t:|1760392742
|move|p2a: Serperior|Substitute|p2a: Serperior
|-start|p2a: Serperior|Substitute
|-damage|p2a: Serperior|76/100
|move|p1a: Gliscor|Facade|p2a: Serperior
|-end|p2a: Serperior|Substitute
|
|-heal|p2a: Serperior|82/100|[from] item: Leftovers
|upkeep
|turn|8
|
|t:|1760392764
|move|p2a: Serperior|Leech Seed|p1a: Gliscor|[miss]
|-miss|p2a: Serperior|p1a: Gliscor
|move|p1a: Gliscor|Facade|p2a: Serperior
|-damage|p2a: Serperior|16/100
|
|-heal|p2a: Serperior|22/100|[from] item: Leftovers
|upkeep
|turn|9
|
|t:|1760392773
|move|p1a: Gliscor|Protect|p1a: Gliscor
|-singleturn|p1a: Gliscor|Protect
|move|p2a: Serperior|Leaf Storm|p1a: Gliscor
|-activate|p1a: Gliscor|move: Protect
|
|-heal|p2a: Serperior|28/100|[from] item: Leftovers
|upkeep
|turn|10
|
|t:|1760392783
|move|p2a: Serperior|Leech Seed|p1a: Gliscor
|-start|p1a: Gliscor|move: Leech Seed
|move|p1a: Gliscor|Earthquake|p2a: Serperior
|-resisted|p2a: Serperior
|-damage|p2a: Serperior|0 fnt
|faint|p2a: Serperior
|
|upkeep
|
|t:|1760392791
|switch|p2a: Hydreigon|Hydreigon, M|100/100
|turn|11
|
|t:|1760392798
|move|p2a: Hydreigon|Substitute|p2a: Hydreigon
|-start|p2a: Hydreigon|Substitute
|-damage|p2a: Hydreigon|76/100
|move|p1a: Gliscor|Facade|p2a: Hydreigon
|-crit|p2a: Hydreigon
|-end|p2a: Hydreigon|Substitute
|
|-heal|p2a: Hydreigon|82/100|[from] item: Leftovers
|-damage|p1a: Gliscor|88/100 tox|[from] Leech Seed|[of] p2a: Hydreigon
|-heal|p2a: Hydreigon|95/100|[silent]
|-heal|p1a: Gliscor|100/100 tox|[from] ability: Poison Heal
|upkeep
|turn|12
|
|t:|1760392810
|-terastallize|p2a: Hydreigon|Steel
|move|p2a: Hydreigon|Nasty Plot|p2a: Hydreigon
|-boost|p2a: Hydreigon|spa|2
|move|p1a: Gliscor|Facade|p2a: Hydreigon
|-resisted|p2a: Hydreigon
|-damage|p2a: Hydreigon|61/100
|
|-heal|p2a: Hydreigon|68/100|[from] item: Leftovers
|-damage|p1a: Gliscor|88/100 tox|[from] Leech Seed|[of] p2a: Hydreigon
|-heal|p2a: Hydreigon|81/100|[silent]
|-heal|p1a: Gliscor|100/100 tox|[from] ability: Poison Heal
|upkeep
|turn|13
|
|t:|1760392825
|switch|p1a: Tinkaton|Tinkaton, F|100/100
|-ability|p1a: Tinkaton|Mold Breaker
|move|p2a: Hydreigon|Flash Cannon|p1a: Tinkaton
|-damage|p1a: Tinkaton|28/100
|
|-heal|p2a: Hydreigon|87/100|[from] item: Leftovers
|upkeep
|turn|14
|
|t:|1760392836
|move|p1a: Tinkaton|Fake Out|p2a: Hydreigon
|-resisted|p2a: Hydreigon
|-damage|p2a: Hydreigon|83/100
|cant|p2a: Hydreigon|flinch
|
|-heal|p2a: Hydreigon|89/100|[from] item: Leftovers
|upkeep
|turn|15
|
|t:|1760392847
|move|p2a: Hydreigon|Substitute|p2a: Hydreigon
|-start|p2a: Hydreigon|Substitute
|-damage|p2a: Hydreigon|64/100
|move|p1a: Tinkaton|Gigaton Hammer|p2a: Hydreigon
|-resisted|p2a: Hydreigon
|-end|p2a: Hydreigon|Substitute
|
|-heal|p2a: Hydreigon|71/100|[from] item: Leftovers
|upkeep
|turn|16
|
|t:|1760392857
|move|p2a: Hydreigon|Substitute|p2a: Hydreigon
|-start|p2a: Hydreigon|Substitute
|-damage|p2a: Hydreigon|46/100
|move|p1a: Tinkaton|Rock Slide|p2a: Hydreigon
|-resisted|p2a: Hydreigon
|-activate|p2a: Hydreigon|move: Substitute|[damage]
|
|-heal|p2a: Hydreigon|52/100|[from] item: Leftovers
|upkeep
|turn|17
|
|t:|1760392866
|move|p2a: Hydreigon|Flash Cannon|p1a: Tinkaton
|-damage|p1a: Tinkaton|0 fnt
|faint|p1a: Tinkaton
|
|-heal|p2a: Hydreigon|58/100|[from] item: Leftovers
|upkeep
|
|t:|1760392872
|switch|p1a: Primarina|Primarina, M, shiny|100/100
|-activate|p1a: Primarina|move: Sticky Web
|-unboost|p1a: Primarina|spe|1
|turn|18
|
|t:|1760392881
|-terastallize|p1a: Primarina|Steel
|move|p2a: Hydreigon|Flash Cannon|p1a: Primarina
|-resisted|p1a: Primarina
|-damage|p1a: Primarina|78/100
|move|p1a: Primarina|Hyper Voice|p2a: Hydreigon
|-damage|p2a: Hydreigon|4/100
|
|-heal|p2a: Hydreigon|11/100|[from] item: Leftovers
|upkeep
|turn|19
|
|t:|1760392891
|move|p2a: Hydreigon|Draco Meteor|p1a: Primarina
|-resisted|p1a: Primarina
|-damage|p1a: Primarina|44/100
|-unboost|p2a: Hydreigon|spa|2
|move|p1a: Primarina|Hyper Voice|p2a: Hydreigon
|-damage|p2a: Hydreigon|0 fnt
|faint|p2a: Hydreigon
|
|upkeep
|
|t:|1760392908
|switch|p2a: Excadrill|Excadrill, M|100/100
|-ability|p2a: Excadrill|Mold Breaker
|turn|20
|
|t:|1760392914
|switch|p1a: Gliscor|Gliscor, M|100/100 tox
|move|p2a: Excadrill|Swords Dance|p2a: Excadrill
|-boost|p2a: Excadrill|atk|2
|
|upkeep
|turn|21
|
|t:|1760392924
|move|p2a: Excadrill|Iron Head|p1a: Gliscor
|-damage|p1a: Gliscor|38/100 tox
|move|p1a: Gliscor|Earthquake|p2a: Excadrill
|-supereffective|p2a: Excadrill
|-damage|p2a: Excadrill|9/100
|
|-heal|p1a: Gliscor|50/100 tox|[from] ability: Poison Heal
|upkeep
|turn|22
|
|t:|1760392935
|move|p1a: Gliscor|Protect|p1a: Gliscor
|-singleturn|p1a: Gliscor|Protect
|move|p2a: Excadrill|Iron Head|p1a: Gliscor
|-activate|p1a: Gliscor|move: Protect
|
|-heal|p1a: Gliscor|63/100 tox|[from] ability: Poison Heal
|upkeep
|turn|23
|
|t:|1760392944
|move|p2a: Excadrill|Iron Head|p1a: Gliscor
|-damage|p1a: Gliscor|0 fnt
|faint|p1a: Gliscor
|
|upkeep
|
|t:|1760392950
|switch|p1a: Dragonite|Dragonite, M, shiny|100/100
|turn|24
|
|t:|1760392957
|move|p1a: Dragonite|Extreme Speed|p2a: Excadrill
|-resisted|p2a: Excadrill
|-damage|p2a: Excadrill|0 fnt
|faint|p2a: Excadrill
|
|upkeep
|
|t:|1760392964
|switch|p2a: Conkeldurr|Conkeldurr, M|100/100
|turn|25
|
|t:|1760392980
|switch|p1a: Primarina|Primarina, M, shiny, tera:Steel|44/100
|-activate|p1a: Primarina|move: Sticky Web
|-unboost|p1a: Primarina|spe|1
|move|p2a: Conkeldurr|Knock Off|p1a: Primarina
|-damage|p1a: Primarina|0 fnt
|-enditem|p1a: Primarina|Assault Vest|[from] move: Knock Off|[of] p2a: Conkeldurr
|faint|p1a: Primarina
|
|-status|p2a: Conkeldurr|brn|[from] item: Flame Orb
|upkeep
|
|t:|1760392990
|switch|p1a: Dragonite|Dragonite, M, shiny|100/100
|turn|26
|
|t:|1760392995
|move|p1a: Dragonite|Ice Spinner|p2a: Conkeldurr
|-damage|p2a: Conkeldurr|72/100 brn
|move|p2a: Conkeldurr|Knock Off|p1a: Dragonite
|-damage|p1a: Dragonite|64/100
|-enditem|p1a: Dragonite|Weakness Policy|[from] move: Knock Off|[of] p2a: Conkeldurr
|
|-damage|p2a: Conkeldurr|66/100 brn|[from] brn
|upkeep
|turn|27
|
|t:|1760393005
|move|p1a: Dragonite|Roost|p1a: Dragonite
|-heal|p1a: Dragonite|100/100
|-singleturn|p1a: Dragonite|move: Roost
|move|p2a: Conkeldurr|Poison Jab|p1a: Dragonite
|-damage|p1a: Dragonite|70/100
|
|-damage|p2a: Conkeldurr|60/100 brn|[from] brn
|upkeep
|turn|28
|
|t:|1760393015
|move|p1a: Dragonite|Thunder Punch|p2a: Conkeldurr
|-damage|p2a: Conkeldurr|36/100 brn
|move|p2a: Conkeldurr|Poison Jab|p1a: Dragonite
|-damage|p1a: Dragonite|7/100
|-status|p1a: Dragonite|psn
|
|-damage|p1a: Dragonite|0 fnt|[from] psn
|faint|p1a: Dragonite
|-damage|p2a: Conkeldurr|30/100 brn|[from] brn
|upkeep
|
|t:|1760393024
|switch|p1a: Kingambit|Kingambit, M|100/100
|-activate|p1a: Kingambit|move: Sticky Web
|-unboost|p1a: Kingambit|spe|1
|-activate|p1a: Kingambit|ability: Supreme Overlord
|-start|p1a: Kingambit|fallen5|[silent]
|turn|29
|
|t:|1760393032
|move|p2a: Conkeldurr|Mach Punch|p1a: Kingambit
|-supereffective|p1a: Kingambit
|-damage|p1a: Kingambit|8/100
|move|p1a: Kingambit|Swords Dance|p1a: Kingambit
|-boost|p1a: Kingambit|atk|2
|
|-damage|p2a: Conkeldurr|24/100 brn|[from] brn
|upkeep
|turn|30
|
|t:|1760393041
|move|p2a: Conkeldurr|Mach Punch|p1a: Kingambit
|-supereffective|p1a: Kingambit
|-damage|p1a: Kingambit|0 fnt
|faint|p1a: Kingambit
|-end|p1a: Kingambit|fallen5|[silent]
|
|win|animeGametestteam
|raw|imyinni's rating: 1206 &rarr; <strong>1181</strong><br />(-25 for losing)
|raw|animeGametestteam's rating: 1207 &rarr; <strong>1232</strong><br />(+25 for winning)
|l|☆imyinni
|player|p1|
