|j|☆mulie
|j|☆miguelon18
|t:|1760454539
|gametype|singles
|player|p1|mulie|2|1413
|player|p2|miguelon18|265|1411
|gen|9
|tier|[Gen 9] OU
|rated|
|rule|HP Percentage Mod: HP is shown in percentages
|rule|Endless Battle Clause: Forcing endless battles is banned
|rule|Species Clause: Limit one of each Pokémon
|rule|OHKO Clause: OHKO moves are banned
|rule|Evasion Items Clause: Evasion items are banned
|rule|Evasion Moves Clause: Evasion moves are banned
|rule|Evasion Abilities Clause: Evasion abilities are banned
|rule|Sleep Moves Clause: Sleep-inducing moves are banned
|clearpoke
|poke|p1|Mabosstiff, M|
|poke|p1|Ribombee, F|
|poke|p1|Dragapult, M|
|poke|p1|Pecharunt|
|poke|p1|Heatran, F|
|poke|p1|Krookodile, M|
|poke|p2|Ogerpon-Wellspring, F|
|poke|p2|Landorus-Therian, M|
|poke|p2|Iron Valiant|
|poke|p2|Corviknight, F|
|poke|p2|Zamazenta-*|
|poke|p2|Slowking-Galar, F|
|teampreview
|
|t:|1760454567
|teamsize|p1|6
|teamsize|p2|6
|start
|switch|p1a: Methanol|Mabosstiff, M|100/100
|switch|p2a: Landorus|Landorus-Therian, M|100/100
|-ability|p2a: Landorus|Intimidate|boost
|-unboost|p1a: Methanol|atk|1
|turn|1
|
|t:|1760454575
|move|p2a: Landorus|Stealth Rock|p1a: Methanol
|-sidestart|p1: mulie|move: Stealth Rock
|move|p1a: Methanol|Crunch|p2a: Landorus
|-damage|p2a: Landorus|48/100
|
|upkeep
|turn|2
|
|t:|1760454582
|switch|p2a: Corviknight|Corviknight, F|100/100
|move|p1a: Methanol|Crunch|p2a: Corviknight
|-damage|p2a: Corviknight|48/100
|
|upkeep
|turn|3
|
|t:|1760454591
|switch|p1a: Heatran|Heatran, F|100/100
|-damage|p1a: Heatran|88/100|[from] Stealth Rock
|move|p2a: Corviknight|Brave Bird|p1a: Heatran
|-resisted|p1a: Heatran
|-damage|p1a: Heatran|75/100
|-damage|p2a: Corviknight|44/100|[from] Recoil
|
|-heal|p1a: Heatran|81/100|[from] item: Leftovers
|upkeep
|turn|4
|
|t:|1760454608
|switch|p2a: Slowking|Slowking-Galar, F|100/100
|move|p1a: Heatran|Stealth Rock|p2a: Slowking
|-sidestart|p2: miguelon18|move: Stealth Rock
|
|-heal|p1a: Heatran|87/100|[from] item: Leftovers
|upkeep
|turn|5
|
|t:|1760454619
|move|p1a: Heatran|Earth Power|p2a: Slowking
|-supereffective|p2a: Slowking
|-damage|p2a: Slowking|65/100
|move|p2a: Slowking|Future Sight|p1a: Heatran
|-start|p2a: Slowking|move: Future Sight
|
|-heal|p1a: Heatran|94/100|[from] item: Leftovers
|-heal|p2a: Slowking|71/100|[from] item: Leftovers
|upkeep
|turn|6
|
|t:|1760454629
|move|p1a: Heatran|Earth Power|p2a: Slowking
|-supereffective|p2a: Slowking
|-damage|p2a: Slowking|38/100
|-prepare|p2a: Slowking|Chilly Reception|[premajor]
|move|p2a: Slowking|Chilly Reception|p2a: Slowking
|-weather|Snowscape
|
|t:|1760454635
|switch|p2a: Zamazenta|Zamazenta|100/100|[from] Chilly Reception
|-damage|p2a: Zamazenta|94/100|[from] Stealth Rock
|-ability|p2a: Zamazenta|Dauntless Shield|boost
|-boost|p2a: Zamazenta|def|1
|
|-weather|Snowscape|[upkeep]
|-heal|p2a: Zamazenta|100/100|[from] item: Leftovers
|-heal|p1a: Heatran|99/100|[from] item: Leftovers
|upkeep
|turn|7
|
|t:|1760454648
|move|p2a: Zamazenta|Crunch|p1a: Heatran
|-damage|p1a: Heatran|82/100
|-unboost|p1a: Heatran|def|1
|move|p1a: Heatran|Flamethrower|p2a: Zamazenta
|-damage|p2a: Zamazenta|73/100
|
|-weather|Snowscape|[upkeep]
|-end|p1a: Heatran|move: Future Sight
|-resisted|p1a: Heatran
|-damage|p1a: Heatran|65/100
|-heal|p2a: Zamazenta|80/100|[from] item: Leftovers
|-heal|p1a: Heatran|71/100|[from] item: Leftovers
|upkeep
|turn|8
|
|t:|1760454659
|switch|p1a: Pecharunt|Pecharunt|100/100
|-damage|p1a: Pecharunt|88/100|[from] Stealth Rock
|move|p2a: Zamazenta|Body Press|p1a: Pecharunt
|-immune|p1a: Pecharunt
|
|-weather|Snowscape|[upkeep]
|-heal|p2a: Zamazenta|86/100|[from] item: Leftovers
|-heal|p1a: Pecharunt|94/100|[from] item: Leftovers
|upkeep
|turn|9
|
|t:|1760454668
|switch|p2a: Slowking|Slowking-Galar, F|71/100
|-damage|p2a: Slowking|59/100|[from] Stealth Rock
|move|p1a: Pecharunt|Parting Shot|p2a: Slowking
|-unboost|p2a: Slowking|atk|1
|-unboost|p2a: Slowking|spa|1
|
|t:|1760454672
|switch|p1a: Methanol|Mabosstiff, M|100/100|[from] Parting Shot
|-damage|p1a: Methanol|88/100|[from] Stealth Rock
|
|-weather|Snowscape|[upkeep]
|-heal|p2a: Slowking|65/100|[from] item: Leftovers
|upkeep
|turn|10
|
|t:|1760454681
|move|p1a: Methanol|Crunch|p2a: Slowking
|-supereffective|p2a: Slowking
|-damage|p2a: Slowking|0 fnt
|faint|p2a: Slowking
|
|-weather|none
|upkeep
|
|t:|1760454687
|switch|p2a: Iron Valiant|Iron Valiant|100/100
|-damage|p2a: Iron Valiant|94/100|[from] Stealth Rock
|-enditem|p2a: Iron Valiant|Booster Energy
|-activate|p2a: Iron Valiant|ability: Quark Drive|[fromitem]
|-start|p2a: Iron Valiant|quarkdrivespe
|turn|11
|
|t:|1760454694
|switch|p1a: Heatran|Heatran, F|71/100
|-damage|p1a: Heatran|59/100|[from] Stealth Rock
|move|p2a: Iron Valiant|Calm Mind|p2a: Iron Valiant
|-boost|p2a: Iron Valiant|spa|1
|-boost|p2a: Iron Valiant|spd|1
|
|-heal|p1a: Heatran|65/100|[from] item: Leftovers
|upkeep
|turn|12
|
|t:|1760454703
|move|p2a: Iron Valiant|Aura Sphere|p1a: Heatran
|-supereffective|p1a: Heatran
|-damage|p1a: Heatran|0 fnt
|faint|p1a: Heatran
|
|upkeep
|
|t:|1760454710
|switch|p1a: Pecharunt|Pecharunt|94/100
|-damage|p1a: Pecharunt|82/100|[from] Stealth Rock
|turn|13
|
|t:|1760454715
|move|p2a: Iron Valiant|Shadow Ball|p1a: Pecharunt
|-supereffective|p1a: Pecharunt
|-damage|p1a: Pecharunt|7/100
|move|p1a: Pecharunt|Malignant Chain|p2a: Iron Valiant
|-supereffective|p2a: Iron Valiant
|-damage|p2a: Iron Valiant|17/100
|
|-heal|p1a: Pecharunt|13/100|[from] item: Leftovers
|upkeep
|turn|14
|
|t:|1760454725
|move|p2a: Iron Valiant|Shadow Ball|p1a: Pecharunt
|-supereffective|p1a: Pecharunt
|-damage|p1a: Pecharunt|0 fnt
|faint|p1a: Pecharunt
|
|upkeep
|
|t:|1760454737
|switch|p1a: Krookodile|Krookodile, M|100/100
|-damage|p1a: Krookodile|94/100|[from] Stealth Rock
|turn|15
|
|t:|1760454743
|-terastallize|p1a: Krookodile|Poison
|move|p2a: Iron Valiant|Moonblast|p1a: Krookodile
|-resisted|p1a: Krookodile
|-damage|p1a: Krookodile|44/100
|move|p1a: Krookodile|Earthquake|p2a: Iron Valiant
|-damage|p2a: Iron Valiant|0 fnt
|faint|p2a: Iron Valiant
|-end|p2a: Iron Valiant|Quark Drive|[silent]
|-ability|p1a: Krookodile|Moxie|boost
|-boost|p1a: Krookodile|atk|1
|
|upkeep
|
|t:|1760454752
|switch|p2a: Landorus|Landorus-Therian, M|48/100
|-damage|p2a: Landorus|36/100|[from] Stealth Rock
|-ability|p2a: Landorus|Intimidate|boost
|-unboost|p1a: Krookodile|atk|1
|turn|16
|
|t:|1760454765
|move|p2a: Landorus|Earthquake|p1a: Krookodile
|-supereffective|p1a: Krookodile
|-damage|p1a: Krookodile|0 fnt
|faint|p1a: Krookodile
|
|upkeep
|
|t:|1760454769
|switch|p1a: Ribombee|Ribombee, F|100/100
|-damage|p1a: Ribombee|76/100|[from] Stealth Rock
|turn|17
|
|t:|1760454774
|switch|p2a: Corviknight|Corviknight, F|44/100
|move|p1a: Ribombee|Sticky Web|p2a: Corviknight
|-sidestart|p2: miguelon18|move: Sticky Web
|
|upkeep
|turn|18
|
|t:|1760454779
|switch|p1a: Methanol|Mabosstiff, M|88/100
|-damage|p1a: Methanol|76/100|[from] Stealth Rock
|move|p2a: Corviknight|Defog|p1a: Methanol
|-unboost|p1a: Methanol|evasion|1
|-sideend|p1: mulie|Stealth Rock|[from] move: Defog|[of] p2a: Corviknight
|-sideend|p2: miguelon18|Stealth Rock|[from] move: Defog|[of] p2a: Corviknight
|-sideend|p2: miguelon18|Sticky Web|[from] move: Defog|[of] p2a: Corviknight
|
|upkeep
|turn|19
|
|t:|1760454786
|move|p1a: Methanol|Crunch|p2a: Corviknight
|-damage|p2a: Corviknight|6/100
|-ability|p2a: Corviknight|Mirror Armor
|-unboost|p1a: Methanol|def|1
|move|p2a: Corviknight|U-turn|p1a: Methanol
|-supereffective|p1a: Methanol
|-damage|p1a: Methanol|22/100
|
|t:|1760454795
|switch|p2a: Ogerpon|Ogerpon-Wellspring, F|100/100|[from] U-turn
|
|upkeep
|turn|20
|
|t:|1760454802
|move|p2a: Ogerpon|Trailblaze|p1a: Methanol
|-crit|p1a: Methanol
|-damage|p1a: Methanol|0 fnt
|-boost|p2a: Ogerpon|spe|1
|faint|p1a: Methanol
|
|upkeep
|
|t:|1760454809
|switch|p1a: Dragapult|Dragapult, M|100/100
|turn|21
|
|t:|1760454819
|-terastallize|p2a: Ogerpon|Water
|detailschange|p2a: Ogerpon|Ogerpon-Wellspring-Tera, F, tera:Water
|-ability|p2a: Ogerpon|Embody Aspect (Wellspring)|boost
|-boost|p2a: Ogerpon|spd|1
|move|p2a: Ogerpon|Ivy Cudgel|p1a: Dragapult|[anim] Ivy Cudgel Water
|-resisted|p1a: Dragapult
|-damage|p1a: Dragapult|46/100
|move|p1a: Dragapult|Will-O-Wisp|p2a: Ogerpon
|-status|p2a: Ogerpon|brn
|
|-damage|p2a: Ogerpon|95/100 brn|[from] brn
|upkeep
|turn|22
|
|t:|1760454832
|move|p2a: Ogerpon|Ivy Cudgel|p1a: Dragapult|[anim] Ivy Cudgel Water
|-resisted|p1a: Dragapult
|-damage|p1a: Dragapult|19/100
|move|p1a: Dragapult|Dragon Darts|p2a: Ogerpon
|-damage|p2a: Ogerpon|67/100 brn
|-anim|p1a: Dragapult|Dragon Darts|p2a: Ogerpon
|-crit|p2a: Ogerpon
|-damage|p2a: Ogerpon|26/100 brn
|
|-damage|p2a: Ogerpon|20/100 brn|[from] brn
|upkeep
|turn|23
|
|t:|1760454842
|move|p2a: Ogerpon|Ivy Cudgel|p1a: Dragapult|[anim] Ivy Cudgel Water
|-resisted|p1a: Dragapult
|-damage|p1a: Dragapult|0 fnt
|faint|p1a: Dragapult
|
|-damage|p2a: Ogerpon|14/100 brn|[from] brn
|upkeep
|
|t:|1760454845
|switch|p1a: Ribombee|Ribombee, F|76/100
|turn|24
|
|t:|1760454867
|move|p2a: Ogerpon|Ivy Cudgel|p1a: Ribombee|[anim] Ivy Cudgel Water
|-crit|p1a: Ribombee
|-damage|p1a: Ribombee|0 fnt
|faint|p1a: Ribombee
|
|win|miguelon18
|raw|mulie's rating: 1413 &rarr; <strong>1393</strong><br />(-20 for losing)
|raw|miguelon18's rating: 1411 &rarr; <strong>1431</strong><br />(+20 for winning)
|l|☆mulie
|player|p1|
|l|☆miguelon18
|player|p2|
