|j|☆Crimson1821
|j|☆HEEEEEEEEELP
|t:|1760432376
|gametype|singles
|player|p1|Crimson1821|2|1190
|player|p2|HEEEEEEEEELP|170|1119
|gen|9
|tier|[Gen 9] OU
|rated|
|rule|HP Percentage Mod: HP is shown in percentages
|rule|Endless Battle Clause: Forcing endless battles is banned
|rule|Species Clause: Limit one of each Pokémon
|rule|OHKO Clause: OHKO moves are banned
|rule|Evasion Items Clause: Evasion items are banned
|rule|Evasion Moves Clause: Evasion moves are banned
|rule|Evasion Abilities Clause: Evasion abilities are banned
|rule|Sleep Moves Clause: Sleep-inducing moves are banned
|clearpoke
|poke|p1|Scizor, F|
|poke|p1|Gliscor, M|
|poke|p1|Ninetales, M|
|poke|p1|Kyurem|
|poke|p1|Samurott-Hisui, M|
|poke|p1|Zamazenta-*|
|poke|p2|Ribombee, F|
|poke|p2|Glimmora, F|
|poke|p2|Gholdengo|
|poke|p2|Samurott-Hisui, F|
|poke|p2|Rillaboom, F|
|poke|p2|Conkeldurr, M|
|teampreview
|
|t:|1760432382
|teamsize|p1|6
|teamsize|p2|6
|start
|switch|p1a: Gliscor|Gliscor, M|100/100
|switch|p2a: Ribombee|Ribombee, F|100/100
|turn|1
|
|t:|1760432388
|move|p2a: Ribombee|Sticky Web|p1a: Gliscor
|-sidestart|p1: Crimson1821|move: Sticky Web
|move|p1a: Gliscor|Stealth Rock|p2a: Ribombee
|-sidestart|p2: HEEEEEEEEELP|move: Stealth Rock
|
|-status|p1a: Gliscor|tox|[from] item: Toxic Orb
|upkeep
|turn|2
|
|t:|1760432395
|move|p2a: Ribombee|Quiver Dance|p2a: Ribombee
|-boost|p2a: Ribombee|spa|1
|-boost|p2a: Ribombee|spd|1
|-boost|p2a: Ribombee|spe|1
|move|p1a: Gliscor|Earthquake|p2a: Ribombee
|-resisted|p2a: Ribombee
|-damage|p2a: Ribombee|69/100
|
|upkeep
|turn|3
|
|t:|1760432408
|move|p2a: Ribombee|Moonblast|p1a: Gliscor
|-damage|p1a: Gliscor|46/100 tox
|move|p1a: Gliscor|Earthquake|p2a: Ribombee
|-resisted|p2a: Ribombee
|-damage|p2a: Ribombee|37/100
|
|-heal|p1a: Gliscor|58/100 tox|[from] ability: Poison Heal
|upkeep
|turn|4
|
|t:|1760432417
|move|p2a: Ribombee|Moonblast|p1a: Gliscor
|-damage|p1a: Gliscor|10/100 tox
|move|p1a: Gliscor|Earthquake|p2a: Ribombee
|-resisted|p2a: Ribombee
|-damage|p2a: Ribombee|2/100
|
|-heal|p1a: Gliscor|22/100 tox|[from] ability: Poison Heal
|upkeep
|turn|5
|
|t:|1760432427
|move|p2a: Ribombee|Moonblast|p1a: Gliscor
|-damage|p1a: Gliscor|0 fnt
|faint|p1a: Gliscor
|
|upkeep
|
|t:|1760432432
|switch|p1a: Scizor|Scizor, F, shiny|100/100
|-activate|p1a: Scizor|move: Sticky Web
|-unboost|p1a: Scizor|spe|1
|turn|6
|
|t:|1760432437
|move|p1a: Scizor|Bullet Punch|p2a: Ribombee
|-supereffective|p2a: Ribombee
|-damage|p2a: Ribombee|0 fnt
|faint|p2a: Ribombee
|
|upkeep
|
|t:|1760432440
|switch|p2a: Glimmora|Glimmora, F|100/100
|turn|7
|
|t:|1760432444
|move|p1a: Scizor|Bullet Punch|p2a: Glimmora
|-supereffective|p2a: Glimmora
|-damage|p2a: Glimmora|2/100
|-activate|p2a: Glimmora|ability: Toxic Debris
|-sidestart|p1: Crimson1821|move: Toxic Spikes
|move|p2a: Glimmora|Stealth Rock|p1a: Scizor
|-sidestart|p1: Crimson1821|move: Stealth Rock
|
|upkeep
|turn|8
|
|t:|1760432454
|move|p1a: Scizor|Bullet Punch|p2a: Glimmora
|-supereffective|p2a: Glimmora
|-damage|p2a: Glimmora|0 fnt
|-activate|p2a: Glimmora|ability: Toxic Debris
|-sidestart|p1: Crimson1821|move: Toxic Spikes
|faint|p2a: Glimmora
|
|upkeep
|
|t:|1760432464
|switch|p2a: Gholdengo|Gholdengo|100/100
|-damage|p2a: Gholdengo|94/100|[from] Stealth Rock
|turn|9
|
|t:|1760432477
|switch|p1a: Samurott|Samurott-Hisui, M|100/100
|-activate|p1a: Samurott|move: Sticky Web
|-unboost|p1a: Samurott|spe|1
|-status|p1a: Samurott|tox
|-damage|p1a: Samurott|88/100 tox|[from] Stealth Rock
|move|p2a: Gholdengo|Shadow Ball|p1a: Samurott
|-resisted|p1a: Samurott
|-damage|p1a: Samurott|65/100 tox
|
|-damage|p1a: Samurott|59/100 tox|[from] psn
|upkeep
|turn|10
|
|t:|1760432491
|switch|p2a: Rillaboom|Rillaboom, F|100/100
|-damage|p2a: Rillaboom|88/100|[from] Stealth Rock
|-fieldstart|move: Grassy Terrain|[from] ability: Grassy Surge|[of] p2a: Rillaboom
|move|p1a: Samurott|Sucker Punch||[still]
|-fail|p1a: Samurott
|
|-heal|p2a: Rillaboom|94/100|[from] Grassy Terrain
|-heal|p1a: Samurott|65/100 tox|[from] Grassy Terrain
|-damage|p1a: Samurott|53/100 tox|[from] psn
|upkeep
|turn|11
|
|t:|1760432511
|switch|p1a: Kyurem|Kyurem, shiny|100/100
|-activate|p1a: Kyurem|move: Sticky Web
|-unboost|p1a: Kyurem|spe|1
|-status|p1a: Kyurem|tox
|-damage|p1a: Kyurem|76/100 tox|[from] Stealth Rock
|-ability|p1a: Kyurem|Pressure
|move|p2a: Rillaboom|U-turn|p1a: Kyurem
|-damage|p1a: Kyurem|51/100 tox
|
|t:|1760432514
|switch|p2a: Conkeldurr|Conkeldurr, M|100/100|[from] U-turn
|-damage|p2a: Conkeldurr|94/100|[from] Stealth Rock
|
|-heal|p1a: Kyurem|57/100 tox|[from] Grassy Terrain
|-heal|p2a: Conkeldurr|100/100|[from] Grassy Terrain
|-damage|p1a: Kyurem|51/100 tox|[from] psn
|-status|p2a: Conkeldurr|brn|[from] item: Flame Orb
|upkeep
|turn|12
|
|t:|1760432534
|move|p2a: Conkeldurr|Mach Punch|p1a: Kyurem
|-supereffective|p1a: Kyurem
|-damage|p1a: Kyurem|0 fnt
|faint|p1a: Kyurem
|
|-damage|p2a: Conkeldurr|94/100 brn|[from] brn
|upkeep
|
|t:|1760432548
|switch|p1a: Ninetales|Ninetales, M, shiny|100/100
|-activate|p1a: Ninetales|move: Sticky Web
|-unboost|p1a: Ninetales|spe|1
|-status|p1a: Ninetales|tox
|-damage|p1a: Ninetales|76/100 tox|[from] Stealth Rock
|-weather|SunnyDay|[from] ability: Drought|[of] p1a: Ninetales
|turn|13
|
|t:|1760432559
|-terastallize|p2a: Conkeldurr|Fighting
|move|p2a: Conkeldurr|Mach Punch|p1a: Ninetales
|-damage|p1a: Ninetales|0 fnt
|faint|p1a: Ninetales
|
|-weather|SunnyDay|[upkeep]
|-heal|p2a: Conkeldurr|100/100 brn|[from] Grassy Terrain
|-damage|p2a: Conkeldurr|94/100 brn|[from] brn
|upkeep
|
|t:|1760432567
|switch|p1a: Scizor|Scizor, F, shiny|100/100
|-activate|p1a: Scizor|move: Sticky Web
|-unboost|p1a: Scizor|spe|1
|-damage|p1a: Scizor|88/100|[from] Stealth Rock
|turn|14
|
|t:|1760432574
|-terastallize|p1a: Scizor|Steel
|move|p1a: Scizor|Bullet Punch|p2a: Conkeldurr
|-damage|p2a: Conkeldurr|25/100 brn
|move|p2a: Conkeldurr|Mach Punch|p1a: Scizor
|-supereffective|p1a: Scizor
|-damage|p1a: Scizor|0 fnt
|faint|p1a: Scizor
|
|-weather|SunnyDay|[upkeep]
|-heal|p2a: Conkeldurr|31/100 brn|[from] Grassy Terrain
|-damage|p2a: Conkeldurr|25/100 brn|[from] brn
|upkeep
|
|t:|1760432585
|switch|p1a: Samurott|Samurott-Hisui, M|53/100 tox
|-activate|p1a: Samurott|move: Sticky Web
|-unboost|p1a: Samurott|spe|1
|-damage|p1a: Samurott|40/100 tox|[from] Stealth Rock
|turn|15
|
|t:|1760432591
|move|p1a: Samurott|Sucker Punch|p2a: Conkeldurr
|-resisted|p2a: Conkeldurr
|-damage|p2a: Conkeldurr|11/100 brn
|move|p2a: Conkeldurr|Mach Punch|p1a: Samurott
|-supereffective|p1a: Samurott
|-damage|p1a: Samurott|0 fnt
|faint|p1a: Samurott
|
|-weather|SunnyDay|[upkeep]
|-heal|p2a: Conkeldurr|17/100 brn|[from] Grassy Terrain
|-damage|p2a: Conkeldurr|11/100 brn|[from] brn
|upkeep
|
|t:|1760432600
|switch|p1a: Zamazenta|Zamazenta|100/100
|-activate|p1a: Zamazenta|move: Sticky Web
|-unboost|p1a: Zamazenta|spe|1
|-status|p1a: Zamazenta|tox
|-damage|p1a: Zamazenta|94/100 tox|[from] Stealth Rock
|-ability|p1a: Zamazenta|Dauntless Shield|boost
|-boost|p1a: Zamazenta|def|1
|turn|16
|
|t:|1760432609
|move|p1a: Zamazenta|Iron Defense|p1a: Zamazenta
|-boost|p1a: Zamazenta|def|2
|move|p2a: Conkeldurr|Drain Punch|p1a: Zamazenta
|-damage|p1a: Zamazenta|66/100 tox
|-heal|p2a: Conkeldurr|26/100 brn|[from] drain|[of] p1a: Zamazenta
|
|-weather|SunnyDay|[upkeep]
|-heal|p1a: Zamazenta|73/100 tox|[from] Grassy Terrain
|-heal|p2a: Conkeldurr|32/100 brn|[from] Grassy Terrain
|-damage|p1a: Zamazenta|66/100 tox|[from] psn
|-damage|p2a: Conkeldurr|26/100 brn|[from] brn
|upkeep
|turn|17
|
|t:|1760432626
|move|p1a: Zamazenta|Iron Defense|p1a: Zamazenta
|-boost|p1a: Zamazenta|def|2
|move|p2a: Conkeldurr|Drain Punch|p1a: Zamazenta
|-damage|p1a: Zamazenta|44/100 tox
|-heal|p2a: Conkeldurr|38/100 brn|[from] drain|[of] p1a: Zamazenta
|
|-weather|none
|-heal|p1a: Zamazenta|50/100 tox|[from] Grassy Terrain
|-heal|p2a: Conkeldurr|44/100 brn|[from] Grassy Terrain
|-damage|p1a: Zamazenta|38/100 tox|[from] psn
|-damage|p2a: Conkeldurr|38/100 brn|[from] brn
|-fieldend|move: Grassy Terrain
|upkeep
|turn|18
|
|t:|1760432640
|move|p1a: Zamazenta|Rest|p1a: Zamazenta
|-status|p1a: Zamazenta|slp|[from] move: Rest
|-heal|p1a: Zamazenta|100/100 slp|[silent]
|-enditem|p1a: Zamazenta|Chesto Berry|[eat]
|-curestatus|p1a: Zamazenta|slp|[msg]
|move|p2a: Conkeldurr|Drain Punch|p1a: Zamazenta
|-damage|p1a: Zamazenta|80/100
|-heal|p2a: Conkeldurr|49/100 brn|[from] drain|[of] p1a: Zamazenta
|
|-damage|p2a: Conkeldurr|43/100 brn|[from] brn
|upkeep
|turn|19
|
|t:|1760432677
|move|p1a: Zamazenta|Body Press|p2a: Conkeldurr
|-damage|p2a: Conkeldurr|0 fnt
|faint|p2a: Conkeldurr
|
|upkeep
|
|t:|1760432683
|switch|p2a: Rillaboom|Rillaboom, F|94/100
|-damage|p2a: Rillaboom|82/100|[from] Stealth Rock
|-fieldstart|move: Grassy Terrain|[from] ability: Grassy Surge|[of] p2a: Rillaboom
|turn|20
|
|t:|1760432694
|move|p1a: Zamazenta|Body Press|p2a: Rillaboom
|-damage|p2a: Rillaboom|0 fnt
|faint|p2a: Rillaboom
|
|-heal|p1a: Zamazenta|86/100|[from] Grassy Terrain
|upkeep
|
|t:|1760432698
|switch|p2a: Samurott|Samurott-Hisui, F|100/100
|-damage|p2a: Samurott|88/100|[from] Stealth Rock
|turn|21
|
|t:|1760432704
|move|p2a: Samurott|Aerial Ace|p1a: Zamazenta
|-supereffective|p1a: Zamazenta
|-damage|p1a: Zamazenta|69/100
|move|p1a: Zamazenta|Body Press|p2a: Samurott
|-supereffective|p2a: Samurott
|-damage|p2a: Samurott|0 fnt
|faint|p2a: Samurott
|
|-heal|p1a: Zamazenta|75/100|[from] Grassy Terrain
|upkeep
|
|t:|1760432707
|switch|p2a: Gholdengo|Gholdengo|94/100
|-damage|p2a: Gholdengo|88/100|[from] Stealth Rock
|turn|22
|
|t:|1760432716
|move|p2a: Gholdengo|Dazzling Gleam|p1a: Zamazenta
|-supereffective|p1a: Zamazenta
|-damage|p1a: Zamazenta|13/100
|move|p1a: Zamazenta|Crunch|p2a: Gholdengo
|-supereffective|p2a: Gholdengo
|-damage|p2a: Gholdengo|37/100
|
|-heal|p2a: Gholdengo|43/100|[from] Grassy Terrain
|-heal|p1a: Zamazenta|20/100|[from] Grassy Terrain
|upkeep
|turn|23
|c|☆Crimson1821|damn
|
|t:|1760432728
|move|p2a: Gholdengo|Dazzling Gleam|p1a: Zamazenta
|-supereffective|p1a: Zamazenta
|-damage|p1a: Zamazenta|0 fnt
|faint|p1a: Zamazenta
|
|win|HEEEEEEEEELP
|raw|Crimson1821's rating: 1190 &rarr; <strong>1160</strong><br />(-30 for losing)
|raw|HEEEEEEEEELP's rating: 1119 &rarr; <strong>1149</strong><br />(+30 for winning)
|l|☆Crimson1821
|player|p1|
|l|☆HEEEEEEEEELP
|player|p2|
