|j|☆hbwb
|j|☆Caesar9
|t:|1760445489
|gametype|singles
|player|p1|hbwb|giovanni|1170
|player|p2|Caesar9|steven|1206
|gen|9
|tier|[Gen 9] OU
|rated|
|rule|HP Percentage Mod: HP is shown in percentages
|rule|Endless Battle Clause: Forcing endless battles is banned
|rule|Species Clause: Limit one of each Pokémon
|rule|OHKO Clause: OHKO moves are banned
|rule|Evasion Items Clause: Evasion items are banned
|rule|Evasion Moves Clause: Evasion moves are banned
|rule|Evasion Abilities Clause: Evasion abilities are banned
|rule|Sleep Moves Clause: Sleep-inducing moves are banned
|clearpoke
|poke|p1|Pelipper, M|
|poke|p1|Thundurus-Therian, M|
|poke|p1|Basculegion, M|
|poke|p1|Raging Bolt|
|poke|p1|Iron Crown|
|poke|p1|Serperior, M|
|poke|p2|Serperior, M|
|poke|p2|Ninetales-Alola, F|
|poke|p2|Glimmora, M|
|poke|p2|Garganacl, F|
|poke|p2|Samurott-Hisui, M|
|poke|p2|Heatran, F|
|teampreview
|inactive|Battle timer is ON: inactive players will automatically lose when time's up. (requested by hbwb)
|
|t:|1760445493
|teamsize|p1|6
|teamsize|p2|6
|start
|switch|p1a: Iron Crown|Iron Crown|100/100
|switch|p2a: Glimmora|Glimmora, M, shiny|100/100
|turn|1
|
|t:|1760445504
|move|p1a: Iron Crown|Tachyon Cutter|p2a: Glimmora
|-supereffective|p2a: Glimmora
|-enditem|p2a: Glimmora|Focus Sash
|-damage|p2a: Glimmora|1/100
|-supereffective|p2a: Glimmora
|-damage|p2a: Glimmora|0 fnt
|faint|p2a: Glimmora
|-hitcount|p2: Glimmora|2
|
|upkeep
|
|t:|1760445515
|switch|p2a: Heatran|Heatran, F|100/100
|turn|2
|
|t:|1760445525
|-end|p1a: Iron Crown|Quark Drive|[silent]
|switch|p1a: Pelipper|Pelipper, M|100/100
|-weather|RainDance|[from] ability: Drizzle|[of] p1a: Pelipper
|move|p2a: Heatran|Iron Defense|p2a: Heatran
|-boost|p2a: Heatran|def|2
|
|-weather|RainDance|[upkeep]
|upkeep
|turn|3
|
|t:|1760445535
|move|p2a: Heatran|Magma Storm|p1a: Pelipper
|-resisted|p1a: Pelipper
|-damage|p1a: Pelipper|86/100
|-activate|p1a: Pelipper|move: Magma Storm|[of] p2a: Heatran
|move|p1a: Pelipper|Hydro Pump|p2a: Heatran|[miss]
|-miss|p1a: Pelipper|p2a: Heatran
|
|-weather|RainDance|[upkeep]
|-damage|p1a: Pelipper|74/100|[from] move: Magma Storm|[partiallytrapped]
|upkeep
|turn|4
|
|t:|1760445545
|move|p2a: Heatran|Protect|p2a: Heatran
|-singleturn|p2a: Heatran|Protect
|move|p1a: Pelipper|Hydro Pump|p2a: Heatran
|-activate|p2a: Heatran|move: Protect
|
|-weather|RainDance|[upkeep]
|-damage|p1a: Pelipper|61/100|[from] move: Magma Storm|[partiallytrapped]
|upkeep
|turn|5
|
|t:|1760445558
|move|p2a: Heatran|Body Press|p1a: Pelipper
|-resisted|p1a: Pelipper
|-damage|p1a: Pelipper|42/100
|move|p1a: Pelipper|Hydro Pump|p2a: Heatran
|-supereffective|p2a: Heatran
|-damage|p2a: Heatran|3/100
|
|-weather|RainDance|[upkeep]
|-heal|p2a: Heatran|9/100|[from] item: Leftovers
|-damage|p1a: Pelipper|29/100|[from] move: Magma Storm|[partiallytrapped]
|upkeep
|turn|6
|
|t:|1760445570
|move|p2a: Heatran|Protect|p2a: Heatran
|-singleturn|p2a: Heatran|Protect
|move|p1a: Pelipper|Hurricane|p2a: Heatran
|-activate|p2a: Heatran|move: Protect
|
|-weather|RainDance|[upkeep]
|-heal|p2a: Heatran|15/100|[from] item: Leftovers
|-damage|p1a: Pelipper|17/100|[from] move: Magma Storm|[partiallytrapped]
|upkeep
|turn|7
|
|t:|1760445583
|move|p2a: Heatran|Body Press|p1a: Pelipper
|-resisted|p1a: Pelipper
|-damage|p1a: Pelipper|0 fnt
|faint|p1a: Pelipper
|
|-weather|RainDance|[upkeep]
|-heal|p2a: Heatran|21/100|[from] item: Leftovers
|upkeep
|
|t:|1760445589
|switch|p1a: Basculegion|Basculegion, M|100/100
|turn|8
|
|t:|1760445595
|-terastallize|p1a: Basculegion|Water
|move|p2a: Heatran|Protect|p2a: Heatran
|-singleturn|p2a: Heatran|Protect
|move|p1a: Basculegion|Wave Crash|p2a: Heatran
|-activate|p2a: Heatran|move: Protect
|
|-weather|RainDance|[upkeep]
|-heal|p2a: Heatran|27/100|[from] item: Leftovers
|upkeep
|turn|9
|
|t:|1760445620
|move|p1a: Basculegion|Wave Crash|p2a: Heatran
|-supereffective|p2a: Heatran
|-damage|p2a: Heatran|0 fnt
|faint|p2a: Heatran
|-damage|p1a: Basculegion|92/100|[from] Recoil
|
|-weather|none
|upkeep
|
|t:|1760445628
|switch|p2a: Ninetales|Ninetales-Alola, F, shiny|100/100
|-weather|Snowscape|[from] ability: Snow Warning|[of] p2a: Ninetales
|turn|10
|
|t:|1760445637
|move|p2a: Ninetales|Freeze-Dry|p1a: Basculegion
|-supereffective|p1a: Basculegion
|-damage|p1a: Basculegion|28/100
|move|p1a: Basculegion|Wave Crash|p2a: Ninetales
|-damage|p2a: Ninetales|0 fnt
|faint|p2a: Ninetales
|-damage|p1a: Basculegion|3/100|[from] Recoil
|
|-weather|Snowscape|[upkeep]
|upkeep
|
|t:|1760445647
|switch|p2a: Serperior|Serperior, M|100/100
|turn|11
|
|t:|1760445651
|move|p2a: Serperior|Leaf Storm|p1a: Basculegion
|-supereffective|p1a: Basculegion
|-damage|p1a: Basculegion|0 fnt
|-boost|p2a: Serperior|spa|2
|faint|p1a: Basculegion
|
|-weather|Snowscape|[upkeep]
|upkeep
|
|t:|1760445662
|switch|p1a: Thundurus|Thundurus-Therian, M|100/100
|turn|12
|
|t:|1760445667
|-terastallize|p2a: Serperior|Dragon
|move|p2a: Serperior|Leaf Storm|p1a: Thundurus
|-resisted|p1a: Thundurus
|-damage|p1a: Thundurus|36/100
|-boost|p2a: Serperior|spa|2
|move|p1a: Thundurus|Weather Ball|p2a: Serperior
|-supereffective|p2a: Serperior
|-damage|p2a: Serperior|0 fnt
|faint|p2a: Serperior
|
|-weather|Snowscape|[upkeep]
|upkeep
|-message|Caesar9 forfeited.
|
|win|hbwb
|raw|hbwb's rating: 1170 &rarr; <strong>1198</strong><br />(+28 for winning)
|raw|Caesar9's rating: 1206 &rarr; <strong>1178</strong><br />(-28 for losing)
|l|☆Caesar9
|player|p2|
|l|☆hbwb
|player|p1|
