|j|☆lemonsilverhaze
|j|☆LLBattler
|t:|1760361224
|gametype|singles
|player|p1|lemonsilverhaze|tuber|1115
|player|p2|LLBattler|102|1094
|gen|9
|tier|[Gen 9] OU
|rated|
|rule|HP Percentage Mod: HP is shown in percentages
|rule|Endless Battle Clause: Forcing endless battles is banned
|rule|Species Clause: Limit one of each Pokémon
|rule|OHKO Clause: OHKO moves are banned
|rule|Evasion Items Clause: Evasion items are banned
|rule|Evasion Moves Clause: Evasion moves are banned
|rule|Evasion Abilities Clause: Evasion abilities are banned
|rule|Sleep Moves Clause: Sleep-inducing moves are banned
|clearpoke
|poke|p1|Pelipper, M|
|poke|p1|Blastoise, M|
|poke|p1|Kilowattrel, F|
|poke|p1|Goodra, F|
|poke|p1|Barraskewda, F|
|poke|p1|Toxicroak, M|
|poke|p2|Kingambit, F|
|poke|p2|Deoxys-Speed|
|poke|p2|Great Tusk|
|poke|p2|Dragonite, F|
|poke|p2|Iron Moth|
|poke|p2|Primarina, M|
|teampreview
|inactive|Battle timer is ON: inactive players will automatically lose when time's up. (requested by lemonsilverhaze)
|c|☆LLBattler|oo a rain team
|c|☆lemonsilverhaze|XD
|c|☆lemonsilverhaze|Q chatGPT team
|c|☆LLBattler|sample team
|c|☆lemonsilverhaze|A*
|inactive|LLBattler has 120 seconds left.
|c|☆lemonsilverhaze|It is the basic OU by chat gpt :)
|
|t:|1760361268
|teamsize|p1|6
|teamsize|p2|6
|start
|switch|p1a: Poseidon|Pelipper, M|100/100
|switch|p2a: Siren|Primarina, M|100/100
|-weather|RainDance|[from] ability: Drizzle|[of] p1a: Poseidon
|turn|1
|
|t:|1760361280
|switch|p1a: Leonardo|Blastoise, M|100/100
|move|p2a: Siren|Whirlpool|p1a: Leonardo
|-resisted|p1a: Leonardo
|-damage|p1a: Leonardo|88/100
|-activate|p1a: Leonardo|move: Whirlpool|[of] p2a: Siren
|
|-weather|RainDance|[upkeep]
|-heal|p1a: Leonardo|94/100|[from] ability: Rain Dish
|-heal|p1a: Leonardo|100/100|[from] item: Leftovers
|-damage|p1a: Leonardo|88/100|[from] move: Whirlpool|[partiallytrapped]
|upkeep
|turn|2
|inactive|lemonsilverhaze has 120 seconds left.
|
|t:|1760361317
|move|p2a: Siren|Moonblast|p1a: Leonardo
|-damage|p1a: Leonardo|41/100
|move|p1a: Leonardo|Flip Turn|p2a: Siren
|-resisted|p2a: Siren
|-damage|p2a: Siren|83/100
|
|t:|1760361323
|switch|p1a: Zeus|Kilowattrel, F|100/100|[from] Flip Turn
|
|-weather|RainDance|[upkeep]
|upkeep
|turn|3
|inactive|lemonsilverhaze has 120 seconds left.
|
|t:|1760361339
|-terastallize|p2a: Siren|Poison
|move|p1a: Zeus|Hurricane|p2a: Siren
|-damage|p2a: Siren|53/100
|-start|p2a: Siren|confusion
|-activate|p2a: Siren|confusion
|-damage|p2a: Siren|46/100|[from] confusion
|
|-weather|RainDance|[upkeep]
|upkeep
|turn|4
|inactive|lemonsilverhaze has 120 seconds left.
|c|☆lemonsilverhaze|Oh
|c|☆lemonsilverhaze|No switch to donphan
|c|☆lemonsilverhaze|Good job
|c|☆lemonsilverhaze|You may be at least a bit original ahah
|inactive|lemonsilverhaze has 90 seconds left.
|
|t:|1760361382
|move|p1a: Zeus|Hurricane|p2a: Siren
|-damage|p2a: Siren|14/100
|-activate|p2a: Siren|confusion
|move|p2a: Siren|Moonblast|p1a: Zeus
|-damage|p1a: Zeus|0 fnt
|faint|p1a: Zeus
|
|-weather|RainDance|[upkeep]
|upkeep
|inactive|lemonsilverhaze has 90 seconds left.
|
|t:|1760361392
|switch|p1a: Jaws|Barraskewda, F|100/100
|turn|5
|
|t:|1760361409
|move|p1a: Jaws|Flip Turn|p2a: Siren
|-damage|p2a: Siren|0 fnt
|faint|p2a: Siren
|
|t:|1760361414
|switch|p1a: Leonardo|Blastoise, M|41/100|[from] Flip Turn
|
|-weather|RainDance|[upkeep]
|-heal|p1a: Leonardo|47/100|[from] ability: Rain Dish
|-heal|p1a: Leonardo|53/100|[from] item: Leftovers
|upkeep
|
|t:|1760361427
|switch|p2a: Dragonite|Dragonite, F|100/100
|turn|6
|
|t:|1760361439
|move|p2a: Dragonite|Outrage|p1a: Leonardo
|-damage|p1a: Leonardo|0 fnt
|faint|p1a: Leonardo
|
|-weather|RainDance|[upkeep]
|upkeep
|
|t:|1760361448
|switch|p1a: Donatello|Toxicroak, M|100/100
|turn|7
|
|t:|1760361454
|move|p1a: Donatello|Knock Off|p2a: Dragonite
|-damage|p2a: Dragonite|85/100
|-enditem|p2a: Dragonite|Choice Band|[from] move: Knock Off|[of] p1a: Donatello
|move|p2a: Dragonite|Outrage|p1a: Donatello|[from] lockedmove
|-damage|p1a: Donatello|0 fnt
|faint|p1a: Donatello
|-start|p2a: Dragonite|confusion|[fatigue]
|
|-weather|RainDance|[upkeep]
|upkeep
|
|t:|1760361466
|switch|p1a: Jaws|Barraskewda, F|100/100
|turn|8
|
|t:|1760361475
|-activate|p2a: Dragonite|confusion
|move|p2a: Dragonite|Extreme Speed|p1a: Jaws
|-damage|p1a: Jaws|40/100
|move|p1a: Jaws|Ice Fang|p2a: Dragonite
|-supereffective|p2a: Dragonite
|-crit|p2a: Dragonite
|-damage|p2a: Dragonite|0 fnt
|faint|p2a: Dragonite
|
|-weather|none
|upkeep
|
|t:|1760361484
|switch|p2a: Kingambit|Kingambit, F|100/100
|-activate|p2a: Kingambit|ability: Supreme Overlord
|-start|p2a: Kingambit|fallen2|[silent]
|turn|9
|c|☆lemonsilverhaze|Oh the crit
|c|☆lemonsilverhaze|Not sure it killed
|c|☆lemonsilverhaze|But 4x tho
|c|☆LLBattler|i should i saw ice fang coming
|inactive|lemonsilverhaze has 120 seconds left.
|
|t:|1760361501
|switch|p1a: Poseidon|Pelipper, M|100/100
|-weather|RainDance|[from] ability: Drizzle|[of] p1a: Poseidon
|move|p2a: Kingambit|Sucker Punch||[still]
|-fail|p2a: Kingambit
|
|-weather|RainDance|[upkeep]
|upkeep
|turn|10
|
|t:|1760361513
|switch|p1a: Littlefoot|Goodra, F|100/100
|move|p2a: Kingambit|Kowtow Cleave|p1a: Littlefoot
|-crit|p1a: Littlefoot
|-damage|p1a: Littlefoot|25/100
|-damage|p2a: Kingambit|84/100|[from] item: Rocky Helmet|[of] p1a: Littlefoot
|
|-weather|RainDance|[upkeep]
|-heal|p2a: Kingambit|90/100|[from] item: Leftovers
|upkeep
|turn|11
|
|t:|1760361524
|move|p2a: Kingambit|Sucker Punch||[still]
|-fail|p2a: Kingambit
|move|p1a: Littlefoot|Rest|p1a: Littlefoot
|-status|p1a: Littlefoot|slp|[from] move: Rest
|-heal|p1a: Littlefoot|100/100 slp|[silent]
|
|-weather|RainDance|[upkeep]
|-activate|p1a: Littlefoot|ability: Hydration
|-curestatus|p1a: Littlefoot|slp|[msg]
|-heal|p2a: Kingambit|96/100|[from] item: Leftovers
|upkeep
|turn|12
|
|t:|1760361535
|move|p1a: Littlefoot|Scald|p2a: Kingambit
|-damage|p2a: Kingambit|66/100
|move|p2a: Kingambit|Kowtow Cleave|p1a: Littlefoot
|-damage|p1a: Littlefoot|52/100
|-damage|p2a: Kingambit|49/100|[from] item: Rocky Helmet|[of] p1a: Littlefoot
|
|-weather|RainDance|[upkeep]
|-heal|p2a: Kingambit|55/100|[from] item: Leftovers
|upkeep
|turn|13
|
|t:|1760361546
|move|p1a: Littlefoot|Scald|p2a: Kingambit
|-damage|p2a: Kingambit|27/100
|-status|p2a: Kingambit|brn
|move|p2a: Kingambit|Swords Dance|p2a: Kingambit
|-boost|p2a: Kingambit|atk|2
|
|-weather|RainDance|[upkeep]
|-heal|p2a: Kingambit|33/100 brn|[from] item: Leftovers
|-damage|p2a: Kingambit|27/100 brn|[from] brn
|upkeep
|turn|14
|
|t:|1760361559
|move|p2a: Kingambit|Sucker Punch||[still]
|-fail|p2a: Kingambit
|move|p1a: Littlefoot|Rest|p1a: Littlefoot
|-status|p1a: Littlefoot|slp|[from] move: Rest
|-heal|p1a: Littlefoot|100/100 slp|[silent]
|
|-weather|RainDance|[upkeep]
|-activate|p1a: Littlefoot|ability: Hydration
|-curestatus|p1a: Littlefoot|slp|[msg]
|-heal|p2a: Kingambit|33/100 brn|[from] item: Leftovers
|-damage|p2a: Kingambit|27/100 brn|[from] brn
|upkeep
|turn|15
|
|t:|1760361571
|move|p2a: Kingambit|Sucker Punch|p1a: Littlefoot
|-damage|p1a: Littlefoot|62/100
|-damage|p2a: Kingambit|11/100 brn|[from] item: Rocky Helmet|[of] p1a: Littlefoot
|move|p1a: Littlefoot|Scald|p2a: Kingambit
|-damage|p2a: Kingambit|0 fnt
|faint|p2a: Kingambit
|-end|p2a: Kingambit|fallen2|[silent]
|
|-weather|RainDance|[upkeep]
|upkeep
|
|t:|1760361580
|switch|p2a: UFO|Deoxys-Speed, shiny|100/100
|-ability|p2a: UFO|Pressure
|turn|16
|
|t:|1760361591
|move|p2a: UFO|Shadow Ball|p1a: Littlefoot
|-damage|p1a: Littlefoot|41/100
|-damage|p2a: UFO|91/100|[from] item: Life Orb
|move|p1a: Littlefoot|Scald|p2a: UFO
|-damage|p2a: UFO|48/100
|-status|p2a: UFO|brn
|
|-weather|none
|-damage|p2a: UFO|42/100 brn|[from] brn
|upkeep
|turn|17
|
|t:|1760361603
|move|p2a: UFO|Shadow Ball|p1a: Littlefoot
|-damage|p1a: Littlefoot|22/100
|-damage|p2a: UFO|32/100 brn|[from] item: Life Orb
|move|p1a: Littlefoot|Dragon Pulse|p2a: UFO
|-damage|p2a: UFO|0 fnt
|faint|p2a: UFO
|
|upkeep
|c|☆LLBattler|rematch
|
|t:|1760361612
|switch|p2a: Great Tusk|Great Tusk, shiny|100/100
|-enditem|p2a: Great Tusk|Booster Energy
|-activate|p2a: Great Tusk|ability: Protosynthesis|[fromitem]
|-start|p2a: Great Tusk|protosynthesisatk
|turn|18
|
|t:|1760361619
|move|p2a: Great Tusk|Ice Spinner|p1a: Littlefoot
|-supereffective|p1a: Littlefoot
|-damage|p1a: Littlefoot|0 fnt
|-damage|p2a: Great Tusk|84/100|[from] item: Rocky Helmet|[of] p1a: Littlefoot
|faint|p1a: Littlefoot
|
|upkeep
|
|t:|1760361626
|switch|p1a: Poseidon|Pelipper, M|100/100
|-weather|RainDance|[from] ability: Drizzle|[of] p1a: Poseidon
|turn|19
|
|t:|1760361640
|move|p2a: Great Tusk|Headlong Rush|p1a: Poseidon
|-immune|p1a: Poseidon
|move|p1a: Poseidon|Hurricane|p2a: Great Tusk
|-supereffective|p2a: Great Tusk
|-damage|p2a: Great Tusk|0 fnt
|faint|p2a: Great Tusk
|-end|p2a: Great Tusk|Protosynthesis|[silent]
|
|-weather|RainDance|[upkeep]
|upkeep
|
|t:|1760361648
|switch|p2a: Iron Moth|Iron Moth|100/100
|-enditem|p2a: Iron Moth|Booster Energy
|-activate|p2a: Iron Moth|ability: Quark Drive|[fromitem]
|-start|p2a: Iron Moth|quarkdrivespe
|turn|20
|c|☆lemonsilverhaze|I am at work man sry can rematch now...
|
|t:|1760361657
|move|p2a: Iron Moth|Sludge Wave|p1a: Poseidon
|-damage|p1a: Poseidon|39/100
|move|p1a: Poseidon|Chilling Water|p2a: Iron Moth
|-supereffective|p2a: Iron Moth
|-damage|p2a: Iron Moth|52/100
|-unboost|p2a: Iron Moth|atk|1
|
|-weather|RainDance|[upkeep]
|upkeep
|turn|21
|c|☆LLBattler|ok
|
|t:|1760361667
|move|p2a: Iron Moth|Sludge Wave|p1a: Poseidon
|-damage|p1a: Poseidon|0 fnt
|faint|p1a: Poseidon
|
|-weather|RainDance|[upkeep]
|upkeep
|
|t:|1760361673
|switch|p1a: Jaws|Barraskewda, F|40/100
|turn|22
|
|t:|1760361677
|-terastallize|p1a: Jaws|Water
|move|p1a: Jaws|Aqua Jet|p2a: Iron Moth
|-supereffective|p2a: Iron Moth
|-damage|p2a: Iron Moth|0 fnt
|faint|p2a: Iron Moth
|-end|p2a: Iron Moth|Quark Drive|[silent]
|
|win|lemonsilverhaze
|raw|lemonsilverhaze's rating: 1115 &rarr; <strong>1138</strong><br />(+23 for winning)
|raw|LLBattler's rating: 1094 &rarr; <strong>1071</strong><br />(-23 for losing)
|c|☆lemonsilverhaze|Gg
