|j|☆darkda567
|j|☆Mahindra Anand
|t:|1760432533
|gametype|singles
|player|p1|darkda567|hilbert|1117
|player|p2|Mahindra Anand|red|1057
|gen|9
|tier|[Gen 9] OU
|rated|
|rule|HP Percentage Mod: HP is shown in percentages
|rule|Endless Battle Clause: Forcing endless battles is banned
|rule|Species Clause: Limit one of each Pokémon
|rule|OHKO Clause: OHKO moves are banned
|rule|Evasion Items Clause: Evasion items are banned
|rule|Evasion Moves Clause: Evasion moves are banned
|rule|Evasion Abilities Clause: Evasion abilities are banned
|rule|Sleep Moves Clause: Sleep-inducing moves are banned
|clearpoke
|poke|p1|Incineroar, M|
|poke|p1|Gyarados, F|
|poke|p1|Mimikyu, M|
|poke|p1|Snorlax, M|
|poke|p1|Pawmot, M|
|poke|p1|Chandelure, M|
|poke|p2|Greninja-*, M|
|poke|p2|Garchomp, M|
|poke|p2|Kingambit, F|
|poke|p2|Chandelure, M|
|poke|p2|Haxorus, F|
|poke|p2|Ogerpon-Wellspring, F|
|teampreview
|
|t:|1760432542
|teamsize|p1|6
|teamsize|p2|6
|start
|switch|p1a: Chandelure|Chandelure, M|100/100
|switch|p2a: Garchomp|Garchomp, M|100/100
|turn|1
|inactive|Battle timer is ON: inactive players will automatically lose when time's up. (requested by darkda567)
|
|t:|1760432550
|move|p1a: Chandelure|Energy Ball|p2a: Garchomp
|-damage|p2a: Garchomp|63/100
|move|p2a: Garchomp|Stealth Rock|p1a: Chandelure
|-sidestart|p1: darkda567|move: Stealth Rock
|
|upkeep
|turn|2
|
|t:|1760432557
|move|p1a: Chandelure|Energy Ball|p2a: Garchomp
|-damage|p2a: Garchomp|18/100
|move|p2a: Garchomp|Earthquake|p1a: Chandelure
|-supereffective|p1a: Chandelure
|-damage|p1a: Chandelure|0 fnt
|faint|p1a: Chandelure
|
|upkeep
|
|t:|1760432565
|switch|p1a: Mimikyu|Mimikyu, M|100/100
|-damage|p1a: Mimikyu|88/100|[from] Stealth Rock
|turn|3
|
|t:|1760432571
|move|p1a: Mimikyu|Swords Dance|p1a: Mimikyu
|-boost|p1a: Mimikyu|atk|2
|move|p2a: Garchomp|Earthquake|p1a: Mimikyu
|-activate|p1a: Mimikyu|ability: Disguise
|-damage|p1a: Mimikyu|88/100
|detailschange|p1a: Mimikyu|Mimikyu-Busted, M
|-damage|p1a: Mimikyu|76/100|[from] pokemon: Mimikyu-Busted
|
|upkeep
|turn|4
|
|t:|1760432589
|move|p1a: Mimikyu|Shadow Claw|p2a: Garchomp
|-damage|p2a: Garchomp|0 fnt
|-damage|p1a: Mimikyu|64/100|[from] ability: Rough Skin|[of] p2a: Garchomp
|-damage|p1a: Mimikyu|47/100|[from] item: Rocky Helmet|[of] p2a: Garchomp
|faint|p2a: Garchomp
|-damage|p1a: Mimikyu|37/100|[from] item: Life Orb
|
|upkeep
|
|t:|1760432609
|switch|p2a: Chandelure|Chandelure, M|100/100
|turn|5
|
|t:|1760432615
|move|p1a: Mimikyu|Shadow Sneak|p2a: Chandelure
|-supereffective|p2a: Chandelure
|-damage|p2a: Chandelure|0 fnt
|-damage|p1a: Mimikyu|20/100|[from] item: Rocky Helmet|[of] p2a: Chandelure
|faint|p2a: Chandelure
|-damage|p1a: Mimikyu|10/100|[from] item: Life Orb
|
|upkeep
|
|t:|1760432625
|switch|p2a: Ogerpon|Ogerpon-Wellspring, F|100/100
|turn|6
|
|t:|1760432634
|move|p1a: Mimikyu|Shadow Sneak|p2a: Ogerpon
|-damage|p2a: Ogerpon|38/100
|-damage|p1a: Mimikyu|0 fnt|[from] item: Life Orb
|faint|p1a: Mimikyu
|move|p2a: Ogerpon|Seed Bomb|p1: Mimikyu|[notarget]
|-fail|p2a: Ogerpon
|
|upkeep
|
|t:|1760432642
|switch|p1a: Pawmot|Pawmot, M|100/100
|-damage|p1a: Pawmot|94/100|[from] Stealth Rock
|turn|7
|
|t:|1760432648
|move|p2a: Ogerpon|Seed Bomb|p1a: Pawmot
|-damage|p1a: Pawmot|40/100
|move|p1a: Pawmot|Double Shock|p2a: Ogerpon
|-damage|p2a: Ogerpon|0 fnt
|-start|p1a: Pawmot|typechange|???/Fighting|[from] move: Double Shock
|faint|p2a: Ogerpon
|
|upkeep
|
|t:|1760432663
|switch|p2a: Haxorus|Haxorus, F|100/100
|turn|8
|
|t:|1760432675
|switch|p1a: Gyarados|Gyarados, F|100/100
|-damage|p1a: Gyarados|75/100|[from] Stealth Rock
|-ability|p1a: Gyarados|Intimidate|boost
|-unboost|p2a: Haxorus|atk|1
|move|p2a: Haxorus|Dragon Dance|p2a: Haxorus
|-boost|p2a: Haxorus|atk|1
|-boost|p2a: Haxorus|spe|1
|
|upkeep
|turn|9
|
|t:|1760432688
|-terastallize|p2a: Haxorus|Dragon
|move|p2a: Haxorus|Dragon Claw|p1a: Gyarados
|-damage|p1a: Gyarados|0 fnt
|faint|p1a: Gyarados
|
|upkeep
|
|t:|1760432695
|switch|p1a: Incineroar|Incineroar, M|100/100
|-damage|p1a: Incineroar|75/100|[from] Stealth Rock
|-ability|p1a: Incineroar|Intimidate|boost
|-unboost|p2a: Haxorus|atk|1
|turn|10
|
|t:|1760432703
|move|p2a: Haxorus|Dragon Claw|p1a: Incineroar
|-crit|p1a: Incineroar
|-damage|p1a: Incineroar|27/100
|-enditem|p1a: Incineroar|Sitrus Berry|[eat]
|-heal|p1a: Incineroar|52/100|[from] item: Sitrus Berry
|move|p1a: Incineroar|Knock Off|p2a: Haxorus
|-damage|p2a: Haxorus|57/100
|
|upkeep
|turn|11
|
|t:|1760432714
|move|p2a: Haxorus|Close Combat|p1a: Incineroar
|-supereffective|p1a: Incineroar
|-damage|p1a: Incineroar|17/100
|-unboost|p2a: Haxorus|def|1
|-unboost|p2a: Haxorus|spd|1
|move|p1a: Incineroar|Parting Shot|p2a: Haxorus
|-unboost|p2a: Haxorus|atk|1
|-unboost|p2a: Haxorus|spa|1
|
|t:|1760432723
|switch|p1a: Snorlax|Snorlax, M|100/100|[from] Parting Shot
|-damage|p1a: Snorlax|88/100|[from] Stealth Rock
|
|upkeep
|turn|12
|
|t:|1760432729
|move|p2a: Haxorus|Close Combat|p1a: Snorlax
|-supereffective|p1a: Snorlax
|-damage|p1a: Snorlax|70/100
|-unboost|p2a: Haxorus|def|1
|-unboost|p2a: Haxorus|spd|1
|move|p1a: Snorlax|Curse|p1a: Snorlax
|-unboost|p1a: Snorlax|spe|1
|-boost|p1a: Snorlax|atk|1
|-boost|p1a: Snorlax|def|1
|
|upkeep
|turn|13
|
|t:|1760432739
|move|p2a: Haxorus|Dragon Dance|p2a: Haxorus
|-boost|p2a: Haxorus|atk|1
|-boost|p2a: Haxorus|spe|1
|move|p1a: Snorlax|Curse|p1a: Snorlax
|-unboost|p1a: Snorlax|spe|1
|-boost|p1a: Snorlax|atk|1
|-boost|p1a: Snorlax|def|1
|
|upkeep
|turn|14
|
|t:|1760432747
|move|p2a: Haxorus|Dragon Dance|p2a: Haxorus
|-boost|p2a: Haxorus|atk|1
|-boost|p2a: Haxorus|spe|1
|move|p1a: Snorlax|Curse|p1a: Snorlax
|-unboost|p1a: Snorlax|spe|1
|-boost|p1a: Snorlax|atk|1
|-boost|p1a: Snorlax|def|1
|
|upkeep
|turn|15
|
|t:|1760432755
|move|p2a: Haxorus|Dragon Dance|p2a: Haxorus
|-boost|p2a: Haxorus|atk|1
|-boost|p2a: Haxorus|spe|1
|move|p1a: Snorlax|Body Press|p2a: Haxorus
|-damage|p2a: Haxorus|0 fnt
|faint|p2a: Haxorus
|
|upkeep
|
|t:|1760432765
|switch|p2a: Greninja|Greninja, M|100/100
|turn|16
|
|t:|1760432779
|move|p2a: Greninja|Gunk Shot|p1a: Snorlax
|-damage|p1a: Snorlax|62/100
|move|p1a: Snorlax|Body Press|p2a: Greninja
|-supereffective|p2a: Greninja
|-enditem|p2a: Greninja|Focus Sash
|-damage|p2a: Greninja|1/100
|
|upkeep
|turn|17
|
|t:|1760432788
|move|p2a: Greninja|Ice Beam|p1a: Snorlax
|-damage|p1a: Snorlax|49/100
|move|p1a: Snorlax|Body Press|p2a: Greninja
|-supereffective|p2a: Greninja
|-damage|p2a: Greninja|0 fnt
|faint|p2a: Greninja
|
|upkeep
|
|t:|1760432796
|switch|p2a: Kingambit|Kingambit, F|100/100
|-activate|p2a: Kingambit|ability: Supreme Overlord
|-start|p2a: Kingambit|fallen5|[silent]
|turn|18
|
|t:|1760432801
|move|p2a: Kingambit|Sucker Punch|p1a: Snorlax
|-damage|p1a: Snorlax|34/100
|move|p1a: Snorlax|Body Press|p2a: Kingambit
|-supereffective|p2a: Kingambit
|-damage|p2a: Kingambit|0 fnt
|faint|p2a: Kingambit
|-end|p2a: Kingambit|fallen5|[silent]
|
|win|darkda567
|raw|darkda567's rating: 1117 &rarr; <strong>1138</strong><br />(+21 for winning)
|raw|Mahindra Anand's rating: 1057 &rarr; <strong>1042</strong><br />(-15 for losing)
|l|☆darkda567
|player|p1|
|l|☆Mahindra Anand
|player|p2|
