|j|☆M8420
|j|☆zjy06720
|t:|1760352569
|gametype|singles
|player|p1|M8420|101|1542
|player|p2|zjy06720|red|1541
|gen|9
|tier|[Gen 9] OU
|rated|
|rule|HP Percentage Mod: HP is shown in percentages
|rule|Endless Battle Clause: Forcing endless battles is banned
|rule|Species Clause: Limit one of each Pokémon
|rule|OHKO Clause: OHKO moves are banned
|rule|Evasion Items Clause: Evasion items are banned
|rule|Evasion Moves Clause: Evasion moves are banned
|rule|Evasion Abilities Clause: Evasion abilities are banned
|rule|Sleep Moves Clause: Sleep-inducing moves are banned
|clearpoke
|poke|p1|Landorus-Therian, M|
|poke|p1|Pelipper, F|
|poke|p1|Toxicroak, F|
|poke|p1|Iron Treads|
|poke|p1|Barraskewda, F|
|poke|p1|Darkrai|
|poke|p2|Pelipper, M|
|poke|p2|Barraskewda, M|
|poke|p2|Hatterene, F|
|poke|p2|Raging Bolt|
|poke|p2|Hoopa-Unbound|
|poke|p2|Landorus-Therian, M|
|teampreview
|inactive|Battle timer is ON: inactive players will automatically lose when time's up. (requested by zjy06720)
|
|t:|1760352593
|teamsize|p1|6
|teamsize|p2|6
|start
|switch|p1a: Barraskewda|Barraskewda, F|100/100
|switch|p2a: Landorus|Landorus-Therian, M|100/100
|-ability|p2a: Landorus|Intimidate|boost
|-unboost|p1a: Barraskewda|atk|1
|turn|1
|
|t:|1760352604
|switch|p2a: Hatterene|Hatterene, F|100/100
|switch|p1a: Pelipper|Pelipper, F|100/100
|-weather|RainDance|[from] ability: Drizzle|[of] p1a: Pelipper
|
|-weather|RainDance|[upkeep]
|upkeep
|turn|2
|
|t:|1760352621
|switch|p1a: Iron Treads|Iron Treads|100/100
|move|p2a: Hatterene|Nuzzle|p1a: Iron Treads
|-immune|p1a: Iron Treads
|
|-weather|RainDance|[upkeep]
|upkeep
|turn|3
|
|t:|1760352627
|switch|p2a: Landorus|Landorus-Therian, M|100/100
|-ability|p2a: Landorus|Intimidate|boost
|-unboost|p1a: Iron Treads|atk|1
|move|p1a: Iron Treads|Iron Head|p2a: Landorus
|-damage|p2a: Landorus|79/100
|
|-weather|RainDance|[upkeep]
|upkeep
|turn|4
|
|t:|1760352638
|-end|p1a: Iron Treads|Quark Drive|[silent]
|switch|p1a: Pelipper|Pelipper, F|100/100
|move|p2a: Landorus|Weather Ball|p1a: Pelipper
|-resisted|p1a: Pelipper
|-damage|p1a: Pelipper|67/100
|
|-weather|RainDance|[upkeep]
|upkeep
|turn|5
|
|t:|1760352645
|move|p2a: Landorus|Weather Ball|p1a: Pelipper
|-resisted|p1a: Pelipper
|-damage|p1a: Pelipper|31/100
|move|p1a: Pelipper|U-turn|p2a: Landorus
|-resisted|p2a: Landorus
|-damage|p2a: Landorus|73/100
|
|t:|1760352649
|switch|p1a: Barraskewda|Barraskewda, F|100/100|[from] U-turn
|
|-weather|RainDance|[upkeep]
|upkeep
|turn|6
|
|t:|1760352657
|switch|p2a: Hatterene|Hatterene, F|100/100
|move|p1a: Barraskewda|Flip Turn|p2a: Hatterene
|-crit|p2a: Hatterene
|-damage|p2a: Hatterene|12/100
|-enditem|p2a: Hatterene|Eject Button
|
|t:|1760352662
|switch|p2a: Raging Bolt|Raging Bolt|100/100
|-enditem|p2a: Raging Bolt|Booster Energy
|-activate|p2a: Raging Bolt|ability: Protosynthesis|[fromitem]
|-start|p2a: Raging Bolt|protosynthesisspa
|
|-weather|RainDance|[upkeep]
|upkeep
|turn|7
|
|t:|1760352677
|switch|p1a: Pelipper|Pelipper, F|31/100
|move|p2a: Raging Bolt|Weather Ball|p1a: Pelipper
|-resisted|p1a: Pelipper
|-damage|p1a: Pelipper|0 fnt
|faint|p1a: Pelipper
|
|-weather|RainDance|[upkeep]
|upkeep
|
|t:|1760352682
|switch|p1a: Iron Treads|Iron Treads|100/100
|turn|8
|
|t:|1760352698
|-end|p1a: Iron Treads|Quark Drive|[silent]
|switch|p1a: Barraskewda|Barraskewda, F|100/100
|-terastallize|p2a: Raging Bolt|Fairy
|move|p2a: Raging Bolt|Weather Ball|p1a: Barraskewda
|-resisted|p1a: Barraskewda
|-damage|p1a: Barraskewda|11/100
|
|-weather|none
|upkeep
|turn|9
|
|t:|1760352707
|switch|p1a: Iron Treads|Iron Treads|100/100
|move|p2a: Raging Bolt|Thunderclap||[still]
|-fail|p2a: Raging Bolt
|
|upkeep
|turn|10
|
|t:|1760352712
|-end|p2a: Raging Bolt|Protosynthesis|[silent]
|switch|p2a: Landorus|Landorus-Therian, M|73/100
|-ability|p2a: Landorus|Intimidate|boost
|-unboost|p1a: Iron Treads|atk|1
|move|p1a: Iron Treads|Iron Head|p2a: Landorus
|-damage|p2a: Landorus|48/100
|
|upkeep
|turn|11
|
|t:|1760352724
|-end|p1a: Iron Treads|Quark Drive|[silent]
|switch|p1a: Landorus|Landorus-Therian, M|100/100
|-ability|p1a: Landorus|Intimidate|boost
|-unboost|p2a: Landorus|atk|1
|move|p2a: Landorus|Grass Knot|p1a: Landorus
|-damage|p1a: Landorus|65/100
|
|upkeep
|turn|12
|
|t:|1760352734
|switch|p2a: Hatterene|Hatterene, F|12/100
|switch|p1a: Toxicroak|Toxicroak, F|100/100
|
|upkeep
|turn|13
|
|t:|1760352737
|move|p1a: Toxicroak|Knock Off|p2a: Hatterene
|-damage|p2a: Hatterene|0 fnt
|faint|p2a: Hatterene
|
|upkeep
|
|t:|1760352747
|switch|p2a: Pelipper|Pelipper, M|100/100
|-weather|RainDance|[from] ability: Drizzle|[of] p2a: Pelipper
|turn|14
|
|t:|1760352765
|switch|p1a: Darkrai|Darkrai|100/100
|move|p2a: Pelipper|Weather Ball|p1a: Darkrai
|-damage|p1a: Darkrai|33/100
|
|-weather|RainDance|[upkeep]
|upkeep
|turn|15
|
|t:|1760352782
|switch|p2a: Hoopa|Hoopa-Unbound|100/100
|move|p1a: Darkrai|Sludge Bomb|p2a: Hoopa
|-damage|p2a: Hoopa|76/100
|
|-weather|RainDance|[upkeep]
|upkeep
|turn|16
|
|t:|1760352791
|switch|p1a: Toxicroak|Toxicroak, F|100/100
|move|p2a: Hoopa|Ice Punch|p1a: Toxicroak
|-damage|p1a: Toxicroak|58/100
|-damage|p2a: Hoopa|60/100|[from] item: Rocky Helmet|[of] p1a: Toxicroak
|
|-weather|RainDance|[upkeep]
|-heal|p1a: Toxicroak|70/100|[from] ability: Dry Skin
|upkeep
|turn|17
|
|t:|1760352805
|switch|p2a: Landorus|Landorus-Therian, M|48/100
|-ability|p2a: Landorus|Intimidate|boost
|-unboost|p1a: Toxicroak|atk|1
|move|p1a: Toxicroak|Toxic|p2a: Landorus
|-status|p2a: Landorus|tox
|
|-weather|RainDance|[upkeep]
|-heal|p1a: Toxicroak|83/100|[from] ability: Dry Skin
|-damage|p2a: Landorus|42/100 tox|[from] psn
|upkeep
|turn|18
|inactive|M8420 has 120 seconds left.
|
|t:|1760352840
|switch|p1a: Landorus|Landorus-Therian, M|65/100
|-ability|p1a: Landorus|Intimidate|boost
|-unboost|p2a: Landorus|atk|1
|move|p2a: Landorus|Weather Ball|p1a: Landorus
|-supereffective|p1a: Landorus
|-damage|p1a: Landorus|0 fnt
|faint|p1a: Landorus
|
|-weather|RainDance|[upkeep]
|-damage|p2a: Landorus|30/100 tox|[from] psn
|upkeep
|
|t:|1760352849
|switch|p1a: Barraskewda|Barraskewda, F|11/100
|turn|19
|inactive|M8420 has 120 seconds left.
|
|t:|1760352861
|move|p1a: Barraskewda|Flip Turn|p2a: Landorus
|-supereffective|p2a: Landorus
|-damage|p2a: Landorus|0 fnt
|faint|p2a: Landorus
|inactive|M8420 has 120 seconds left.
|
|t:|1760352873
|switch|p1a: Iron Treads|Iron Treads|100/100|[from] Flip Turn
|
|-weather|RainDance|[upkeep]
|upkeep
|
|t:|1760352879
|switch|p2a: Pelipper|Pelipper, M|100/100
|turn|20
|inactive|M8420 has 120 seconds left.
|
|t:|1760352906
|move|p1a: Iron Treads|Volt Switch|p2a: Pelipper
|-supereffective|p2a: Pelipper
|-damage|p2a: Pelipper|39/100
|inactive|M8420 has 90 seconds left.
|
|t:|1760352936
|-end|p1a: Iron Treads|Quark Drive|[silent]
|switch|p1a: Darkrai|Darkrai|33/100|[from] Volt Switch
|move|p2a: Pelipper|Weather Ball|p1a: Darkrai
|-damage|p1a: Darkrai|0 fnt
|faint|p1a: Darkrai
|
|-weather|RainDance|[upkeep]
|upkeep
|
|t:|1760352944
|switch|p1a: Iron Treads|Iron Treads|100/100
|turn|21
|
|t:|1760352951
|switch|p2a: Hoopa|Hoopa-Unbound|60/100
|move|p1a: Iron Treads|Volt Switch|p2a: Hoopa
|-damage|p2a: Hoopa|51/100
|
|t:|1760352958
|-end|p1a: Iron Treads|Quark Drive|[silent]
|switch|p1a: Barraskewda|Barraskewda, F|11/100|[from] Volt Switch
|
|-weather|none
|upkeep
|turn|22
|
|t:|1760352969
|move|p1a: Barraskewda|Flip Turn|p2a: Hoopa
|-damage|p2a: Hoopa|0 fnt
|faint|p2a: Hoopa
|
|t:|1760352977
|switch|p1a: Iron Treads|Iron Treads|100/100|[from] Flip Turn
|
|upkeep
|
|t:|1760352981
|switch|p2a: Barraskewda|Barraskewda, M|100/100
|turn|23
|
|t:|1760352990
|-end|p1a: Iron Treads|Quark Drive|[silent]
|switch|p1a: Toxicroak|Toxicroak, F|83/100
|move|p2a: Barraskewda|Close Combat|p1a: Toxicroak
|-resisted|p1a: Toxicroak
|-damage|p1a: Toxicroak|51/100
|-unboost|p2a: Barraskewda|def|1
|-unboost|p2a: Barraskewda|spd|1
|-damage|p2a: Barraskewda|84/100|[from] item: Rocky Helmet|[of] p1a: Toxicroak
|
|upkeep
|turn|24
|inactive|M8420 has 120 seconds left.
|
|t:|1760353009
|switch|p2a: Raging Bolt|Raging Bolt, tera:Fairy|100/100
|move|p1a: Toxicroak|Toxic|p2a: Raging Bolt
|-status|p2a: Raging Bolt|tox
|
|-damage|p2a: Raging Bolt|94/100 tox|[from] psn
|upkeep
|turn|25
|
|t:|1760353027
|-end|p2a: Raging Bolt|Protosynthesis|[silent]
|switch|p2a: Barraskewda|Barraskewda, M|84/100
|switch|p1a: Iron Treads|Iron Treads|100/100
|
|upkeep
|turn|26
|
|t:|1760353038
|-end|p1a: Iron Treads|Quark Drive|[silent]
|switch|p1a: Toxicroak|Toxicroak, F|51/100
|move|p2a: Barraskewda|Close Combat|p1a: Toxicroak
|-resisted|p1a: Toxicroak
|-damage|p1a: Toxicroak|20/100
|-unboost|p2a: Barraskewda|def|1
|-unboost|p2a: Barraskewda|spd|1
|-damage|p2a: Barraskewda|68/100|[from] item: Rocky Helmet|[of] p1a: Toxicroak
|
|upkeep
|turn|27
|c|☆zjy06720|gg
|
|t:|1760353052
|-terastallize|p1a: Toxicroak|Ghost
|move|p2a: Barraskewda|Close Combat|p1a: Toxicroak
|-immune|p1a: Toxicroak
|move|p1a: Toxicroak|Drain Punch|p2a: Barraskewda
|-damage|p2a: Barraskewda|0 fnt
|-heal|p1a: Toxicroak|44/100|[from] drain|[of] p2a: Barraskewda
|faint|p2a: Barraskewda
|
|upkeep
|
|t:|1760353058
|switch|p2a: Pelipper|Pelipper, M|39/100
|-weather|RainDance|[from] ability: Drizzle|[of] p2a: Pelipper
|turn|28
|
|t:|1760353074
|move|p1a: Toxicroak|Toxic|p2a: Pelipper
|-status|p2a: Pelipper|tox
|move|p2a: Pelipper|Hurricane|p1a: Toxicroak
|-damage|p1a: Toxicroak|0 fnt
|faint|p1a: Toxicroak
|
|-weather|RainDance|[upkeep]
|-damage|p2a: Pelipper|32/100 tox|[from] psn
|upkeep
|
|t:|1760353081
|switch|p1a: Iron Treads|Iron Treads|100/100
|turn|29
|
|t:|1760353089
|move|p1a: Iron Treads|Volt Switch|p2a: Pelipper
|-supereffective|p2a: Pelipper
|-damage|p2a: Pelipper|0 fnt
|faint|p2a: Pelipper
|
|t:|1760353093
|-end|p1a: Iron Treads|Quark Drive|[silent]
|switch|p1a: Barraskewda|Barraskewda, F|11/100|[from] Volt Switch
|
|-weather|RainDance|[upkeep]
|upkeep
|
|t:|1760353095
|switch|p2a: Raging Bolt|Raging Bolt, tera:Fairy|94/100 tox
|turn|30
|c|☆M8420|gg
|
|t:|1760353100
|move|p1a: Barraskewda|Aqua Jet|p2a: Raging Bolt
|-damage|p2a: Raging Bolt|51/100 tox
|move|p2a: Raging Bolt|Thunderclap||[still]
|-fail|p2a: Raging Bolt
|
|-weather|RainDance|[upkeep]
|-damage|p2a: Raging Bolt|45/100 tox|[from] psn
|upkeep
|turn|31
|-message|zjy06720 forfeited.
|
|win|M8420
|raw|M8420's rating: 1542 &rarr; <strong>1562</strong><br />(+20 for winning)
|raw|zjy06720's rating: 1541 &rarr; <strong>1521</strong><br />(-20 for losing)
|l|☆zjy06720
|player|p2|
