|j|☆Potential Man
|j|☆suaiaj
|t:|1760397963
|gametype|singles
|player|p1|Potential Man|brock-gen2|1564
|player|p2|suaiaj|steven|1606
|gen|9
|tier|[Gen 9] OU
|rated|
|rule|HP Percentage Mod: HP is shown in percentages
|rule|Endless Battle Clause: Forcing endless battles is banned
|rule|Species Clause: Limit one of each Pokémon
|rule|OHKO Clause: OHKO moves are banned
|rule|Evasion Items Clause: Evasion items are banned
|rule|Evasion Moves Clause: Evasion moves are banned
|rule|Evasion Abilities Clause: Evasion abilities are banned
|rule|Sleep Moves Clause: Sleep-inducing moves are banned
|clearpoke
|poke|p1|Sinistcha|
|poke|p1|Gliscor, F|
|poke|p1|Tinkaton, F|
|poke|p1|Keldeo|
|poke|p1|Ting-Lu|
|poke|p1|Dragonite, F|
|poke|p2|Raging Bolt|
|poke|p2|Kingambit, M|
|poke|p2|Landorus-Therian, M|
|poke|p2|Scizor, F|
|poke|p2|Cinderace, F|
|poke|p2|Serperior, F|
|teampreview
|inactive|Battle timer is ON: inactive players will automatically lose when time's up. (requested by suaiaj)
|
|t:|1760397973
|teamsize|p1|6
|teamsize|p2|6
|start
|switch|p1a: Gliscor|Gliscor, F|100/100
|switch|p2a: Landorus|Landorus-Therian, M|100/100
|-ability|p2a: Landorus|Intimidate|boost
|-unboost|p1a: Gliscor|atk|1
|turn|1
|
|t:|1760397976
|move|p2a: Landorus|U-turn|p1a: Gliscor
|-resisted|p1a: Gliscor
|-damage|p1a: Gliscor|89/100
|
|t:|1760397980
|switch|p2a: Scizor|Scizor, F|100/100|[from] U-turn
|move|p1a: Gliscor|Knock Off|p2a: Scizor
|-damage|p2a: Scizor|87/100
|-enditem|p2a: Scizor|Metal Coat|[from] move: Knock Off|[of] p1a: Gliscor
|
|-status|p1a: Gliscor|tox|[from] item: Toxic Orb
|upkeep
|turn|2
|
|t:|1760397990
|switch|p1a: Sinistcha|Sinistcha|100/100
|move|p2a: Scizor|Swords Dance|p2a: Scizor
|-boost|p2a: Scizor|atk|2
|
|upkeep
|turn|3
|
|t:|1760397998
|move|p1a: Sinistcha|Shadow Ball|p2a: Scizor
|-damage|p2a: Scizor|37/100
|move|p2a: Scizor|Dual Wingbeat|p1a: Sinistcha
|-supereffective|p1a: Sinistcha
|-damage|p1a: Sinistcha|36/100
|-supereffective|p1a: Sinistcha
|-damage|p1a: Sinistcha|0 fnt
|faint|p1a: Sinistcha
|-hitcount|p1: Sinistcha|2
|
|upkeep
|
|t:|1760398004
|switch|p1a: Keldeo|Keldeo|100/100
|turn|4
|
|t:|1760398011
|move|p1a: Keldeo|Aura Sphere|p2a: Scizor
|-crit|p2a: Scizor
|-damage|p2a: Scizor|0 fnt
|faint|p2a: Scizor
|
|upkeep
|
|t:|1760398018
|switch|p2a: Serperior|Serperior, F|100/100
|turn|5
|
|t:|1760398025
|switch|p1a: Tinkaton|Tinkaton, F|100/100
|-ability|p1a: Tinkaton|Mold Breaker
|-item|p1a: Tinkaton|Air Balloon
|move|p2a: Serperior|Leaf Storm|p1a: Tinkaton
|-resisted|p1a: Tinkaton
|-damage|p1a: Tinkaton|82/100
|-boost|p2a: Serperior|spa|2
|-enditem|p1a: Tinkaton|Air Balloon
|
|upkeep
|turn|6
|
|t:|1760398040
|move|p2a: Serperior|Leech Seed|p1a: Tinkaton
|-start|p1a: Tinkaton|move: Leech Seed
|move|p1a: Tinkaton|Thunder Wave|p2a: Serperior
|-status|p2a: Serperior|par
|
|-damage|p1a: Tinkaton|70/100|[from] Leech Seed|[of] p2a: Serperior
|upkeep
|turn|7
|
|t:|1760398048
|move|p1a: Tinkaton|Gigaton Hammer|p2a: Serperior
|-damage|p2a: Serperior|56/100 par
|move|p2a: Serperior|Glare|p1a: Tinkaton
|-status|p1a: Tinkaton|par
|
|-heal|p2a: Serperior|62/100 par|[from] item: Leftovers
|-damage|p1a: Tinkaton|58/100 par|[from] Leech Seed|[of] p2a: Serperior
|-heal|p2a: Serperior|76/100 par|[silent]
|upkeep
|turn|8
|
|t:|1760398058
|switch|p1a: Dragonite|Dragonite, F|100/100
|move|p2a: Serperior|Leaf Storm|p1a: Dragonite
|-resisted|p1a: Dragonite
|-damage|p1a: Dragonite|91/100
|-boost|p2a: Serperior|spa|2
|
|-heal|p2a: Serperior|82/100 par|[from] item: Leftovers
|upkeep
|turn|9
|
|t:|1760398068
|move|p2a: Serperior|Glare|p1a: Dragonite
|-status|p1a: Dragonite|par
|move|p1a: Dragonite|Dragon Tail|p2a: Serperior
|-damage|p2a: Serperior|44/100 par
|drag|p2a: Raging Bolt|Raging Bolt|100/100
|-enditem|p2a: Raging Bolt|Booster Energy
|-activate|p2a: Raging Bolt|ability: Protosynthesis|[fromitem]
|-start|p2a: Raging Bolt|protosynthesisspa
|
|upkeep
|turn|10
|
|t:|1760398079
|switch|p1a: Tinkaton|Tinkaton, F|58/100 par
|-ability|p1a: Tinkaton|Mold Breaker
|move|p2a: Raging Bolt|Draco Meteor|p1a: Tinkaton
|-immune|p1a: Tinkaton
|
|upkeep
|turn|11
|
|t:|1760398088
|switch|p1a: Ting-Lu|Ting-Lu|100/100
|-ability|p1a: Ting-Lu|Vessel of Ruin
|move|p2a: Raging Bolt|Thunderbolt|p1a: Ting-Lu
|-immune|p1a: Ting-Lu
|
|upkeep
|turn|12
|
|t:|1760398097
|-end|p2a: Raging Bolt|Protosynthesis|[silent]
|switch|p2a: Landorus|Landorus-Therian, M|100/100
|-ability|p2a: Landorus|Intimidate|boost
|-unboost|p1a: Ting-Lu|atk|1
|move|p1a: Ting-Lu|Earthquake|p2a: Landorus
|-immune|p2a: Landorus
|
|upkeep
|turn|13
|
|t:|1760398102
|move|p2a: Landorus|U-turn|p1a: Ting-Lu
|-supereffective|p1a: Ting-Lu
|-damage|p1a: Ting-Lu|67/100
|
|t:|1760398105
|switch|p2a: Serperior|Serperior, F|44/100 par|[from] U-turn
|move|p1a: Ting-Lu|Ruination|p2a: Serperior|[miss]
|-miss|p1a: Ting-Lu|p2a: Serperior
|
|-heal|p2a: Serperior|50/100 par|[from] item: Leftovers
|-heal|p1a: Ting-Lu|73/100|[from] item: Leftovers
|upkeep
|turn|14
|
|t:|1760398115
|switch|p1a: Gliscor|Gliscor, F|89/100 tox
|cant|p2a: Serperior|par
|
|-heal|p2a: Serperior|57/100 par|[from] item: Leftovers
|-heal|p1a: Gliscor|100/100 tox|[from] ability: Poison Heal
|upkeep
|turn|15
|
|t:|1760398124
|move|p1a: Gliscor|Facade|p2a: Serperior
|-damage|p2a: Serperior|24/100 par
|move|p2a: Serperior|Leaf Storm|p1a: Gliscor
|-damage|p1a: Gliscor|46/100 tox
|-boost|p2a: Serperior|spa|2
|
|-heal|p2a: Serperior|30/100 par|[from] item: Leftovers
|-heal|p1a: Gliscor|58/100 tox|[from] ability: Poison Heal
|upkeep
|turn|16
|
|t:|1760398135
|move|p1a: Gliscor|Facade|p2a: Serperior
|-damage|p2a: Serperior|0 fnt
|faint|p2a: Serperior
|
|-heal|p1a: Gliscor|71/100 tox|[from] ability: Poison Heal
|upkeep
|
|t:|1760398149
|switch|p2a: Cinderace|Cinderace, F|100/100
|turn|17
|
|t:|1760398157
|move|p2a: Cinderace|Pyro Ball|p1a: Gliscor
|-damage|p1a: Gliscor|15/100 tox
|-damage|p2a: Cinderace|91/100|[from] item: Life Orb
|move|p1a: Gliscor|Facade|p2a: Cinderace
|-damage|p2a: Cinderace|42/100
|
|-heal|p1a: Gliscor|27/100 tox|[from] ability: Poison Heal
|upkeep
|turn|18
|
|t:|1760398165
|move|p1a: Gliscor|Protect|p1a: Gliscor
|-singleturn|p1a: Gliscor|Protect
|move|p2a: Cinderace|Pyro Ball|p1a: Gliscor
|-activate|p1a: Gliscor|move: Protect
|
|-heal|p1a: Gliscor|40/100 tox|[from] ability: Poison Heal
|upkeep
|turn|19
|
|t:|1760398174
|switch|p1a: Dragonite|Dragonite, F|91/100 par
|move|p2a: Cinderace|Pyro Ball|p1a: Dragonite
|-resisted|p1a: Dragonite
|-crit|p1a: Dragonite
|-damage|p1a: Dragonite|42/100 par
|-damage|p2a: Cinderace|32/100|[from] item: Life Orb
|
|upkeep
|turn|20
|
|t:|1760398183
|switch|p2a: Landorus|Landorus-Therian, M|100/100
|-ability|p2a: Landorus|Intimidate|boost
|-unboost|p1a: Dragonite|atk|1
|cant|p1a: Dragonite|par
|
|upkeep
|turn|21
|
|t:|1760398190
|move|p2a: Landorus|Stone Edge|p1a: Dragonite
|-supereffective|p1a: Dragonite
|-damage|p1a: Dragonite|0 fnt
|faint|p1a: Dragonite
|
|upkeep
|
|t:|1760398192
|switch|p1a: Tinkaton|Tinkaton, F|58/100 par
|-ability|p1a: Tinkaton|Mold Breaker
|turn|22
|
|t:|1760398202
|switch|p2a: Raging Bolt|Raging Bolt|100/100
|cant|p1a: Tinkaton|par
|
|upkeep
|turn|23
|
|t:|1760398208
|move|p2a: Raging Bolt|Calm Mind|p2a: Raging Bolt
|-boost|p2a: Raging Bolt|spa|1
|-boost|p2a: Raging Bolt|spd|1
|move|p1a: Tinkaton|Stealth Rock|p2a: Raging Bolt
|-sidestart|p2: suaiaj|move: Stealth Rock
|
|upkeep
|turn|24
|
|t:|1760398214
|move|p2a: Raging Bolt|Thunderbolt|p1a: Tinkaton
|-damage|p1a: Tinkaton|0 fnt
|faint|p1a: Tinkaton
|
|upkeep
|
|t:|1760398216
|switch|p1a: Ting-Lu|Ting-Lu|73/100
|-ability|p1a: Ting-Lu|Vessel of Ruin
|turn|25
|
|t:|1760398223
|move|p2a: Raging Bolt|Draco Meteor|p1a: Ting-Lu
|-damage|p1a: Ting-Lu|24/100
|-unboost|p2a: Raging Bolt|spa|2
|move|p1a: Ting-Lu|Whirlwind|p2a: Raging Bolt
|-end|p2a: Raging Bolt|Protosynthesis|[silent]
|drag|p2a: Kingambit|Kingambit, M|100/100
|-damage|p2a: Kingambit|94/100|[from] Stealth Rock
|-activate|p2a: Kingambit|ability: Supreme Overlord
|-start|p2a: Kingambit|fallen2|[silent]
|
|-heal|p1a: Ting-Lu|31/100|[from] item: Leftovers
|upkeep
|turn|26
|
|t:|1760398237
|switch|p1a: Keldeo|Keldeo|100/100
|move|p2a: Kingambit|Iron Head|p1a: Keldeo
|-resisted|p1a: Keldeo
|-damage|p1a: Keldeo|61/100
|-damage|p2a: Kingambit|84/100|[from] item: Life Orb
|
|upkeep
|turn|27
|
|t:|1760398247
|-terastallize|p2a: Kingambit|Ghost
|move|p1a: Keldeo|Aura Sphere|p2a: Kingambit
|-immune|p2a: Kingambit
|move|p2a: Kingambit|Zen Headbutt|p1a: Keldeo
|-supereffective|p1a: Keldeo
|-damage|p1a: Keldeo|0 fnt
|faint|p1a: Keldeo
|-damage|p2a: Kingambit|75/100|[from] item: Life Orb
|
|upkeep
|
|t:|1760398250
|switch|p1a: Gliscor|Gliscor, F|40/100 tox
|turn|28
|
|t:|1760398265
|move|p1a: Gliscor|Knock Off|p2a: Kingambit
|-supereffective|p2a: Kingambit
|-damage|p2a: Kingambit|44/100
|-enditem|p2a: Kingambit|Life Orb|[from] move: Knock Off|[of] p1a: Gliscor
|move|p2a: Kingambit|Swords Dance|p2a: Kingambit
|-boost|p2a: Kingambit|atk|2
|
|-heal|p1a: Gliscor|52/100 tox|[from] ability: Poison Heal
|upkeep
|turn|29
|
|t:|1760398274
|move|p1a: Gliscor|Protect|p1a: Gliscor
|-singleturn|p1a: Gliscor|Protect
|move|p2a: Kingambit|Zen Headbutt|p1a: Gliscor
|-activate|p1a: Gliscor|move: Protect
|
|-heal|p1a: Gliscor|65/100 tox|[from] ability: Poison Heal
|upkeep
|turn|30
|
|t:|1760398279
|move|p1a: Gliscor|Knock Off|p2a: Kingambit
|-supereffective|p2a: Kingambit
|-damage|p2a: Kingambit|22/100
|move|p2a: Kingambit|Iron Head|p1a: Gliscor
|-damage|p1a: Gliscor|0 fnt
|faint|p1a: Gliscor
|
|upkeep
|
|t:|1760398281
|switch|p1a: Ting-Lu|Ting-Lu|31/100
|-ability|p1a: Ting-Lu|Vessel of Ruin
|turn|31
|
|t:|1760398290
|move|p2a: Kingambit|Iron Head|p1a: Ting-Lu
|-damage|p1a: Ting-Lu|0 fnt
|faint|p1a: Ting-Lu
|
|win|suaiaj
|raw|Potential Man's rating: 1564 &rarr; <strong>1546</strong><br />(-18 for losing)
|raw|suaiaj's rating: 1606 &rarr; <strong>1624</strong><br />(+18 for winning)
|l|☆Potential Man
|player|p1|
|l|☆suaiaj
|player|p2|
