|j|☆GrxmIsTaken
|j|☆SHEWILLBETRAYu_067
|t:|1760440528
|gametype|singles
|player|p1|GrxmIsTaken|blaine|1429
|player|p2|SHEWILLBETRAYu_067|clerk|1379
|gen|9
|tier|[Gen 9] OU
|rated|
|rule|HP Percentage Mod: HP is shown in percentages
|rule|Endless Battle Clause: Forcing endless battles is banned
|rule|Species Clause: Limit one of each Pokémon
|rule|OHKO Clause: OHKO moves are banned
|rule|Evasion Items Clause: Evasion items are banned
|rule|Evasion Moves Clause: Evasion moves are banned
|rule|Evasion Abilities Clause: Evasion abilities are banned
|rule|Sleep Moves Clause: Sleep-inducing moves are banned
|clearpoke
|poke|p1|Samurott-Hisui, M|
|poke|p1|Heatran, F|
|poke|p1|Latios, M|
|poke|p1|Iron Valiant|
|poke|p1|Iron Treads|
|poke|p1|Dragapult, M|
|poke|p2|Iron Valiant|
|poke|p2|Gliscor, M|
|poke|p2|Metagross|
|poke|p2|Cinderace, F|
|poke|p2|Raging Bolt|
|poke|p2|Ogerpon-Wellspring, F|
|teampreview
|inactive|Battle timer is ON: inactive players will automatically lose when time's up. (requested by GrxmIsTaken)
|
|t:|1760440549
|teamsize|p1|6
|teamsize|p2|6
|start
|switch|p1a: Wish Upon A Star|Latios, M|100/100
|switch|p2a: Ogerpon|Ogerpon-Wellspring, F|100/100
|turn|1
|
|t:|1760440573
|move|p1a: Wish Upon A Star|Draco Meteor|p2a: Ogerpon
|-damage|p2a: Ogerpon|21/100
|-unboost|p1a: Wish Upon A Star|spa|2
|move|p2a: Ogerpon|Ivy Cudgel|p1a: Wish Upon A Star|[anim] Ivy Cudgel Water
|-resisted|p1a: Wish Upon A Star
|-damage|p1a: Wish Upon A Star|61/100
|
|upkeep
|turn|2
|
|t:|1760440582
|move|p1a: Wish Upon A Star|Draco Meteor|p2a: Ogerpon
|-damage|p2a: Ogerpon|0 fnt
|-unboost|p1a: Wish Upon A Star|spa|2
|faint|p2a: Ogerpon
|
|upkeep
|
|t:|1760440599
|switch|p2a: Raging Bolt|Raging Bolt|100/100
|-enditem|p2a: Raging Bolt|Booster Energy
|-activate|p2a: Raging Bolt|ability: Protosynthesis|[fromitem]
|-start|p2a: Raging Bolt|protosynthesisspa
|turn|3
|
|t:|1760440603
|switch|p1a: Lightning Rod|Iron Treads|100/100
|move|p2a: Raging Bolt|Calm Mind|p2a: Raging Bolt
|-boost|p2a: Raging Bolt|spa|1
|-boost|p2a: Raging Bolt|spd|1
|
|upkeep
|turn|4
|
|t:|1760440608
|-terastallize|p2a: Raging Bolt|Flying
|move|p1a: Lightning Rod|Earthquake|p2a: Raging Bolt
|-immune|p2a: Raging Bolt
|move|p2a: Raging Bolt|Calm Mind|p2a: Raging Bolt
|-boost|p2a: Raging Bolt|spa|1
|-boost|p2a: Raging Bolt|spd|1
|
|upkeep
|turn|5
|
|t:|1760440613
|move|p1a: Lightning Rod|Ice Spinner|p2a: Raging Bolt
|-supereffective|p2a: Raging Bolt
|-damage|p2a: Raging Bolt|67/100
|move|p2a: Raging Bolt|Dragon Pulse|p1a: Lightning Rod
|-resisted|p1a: Lightning Rod
|-damage|p1a: Lightning Rod|45/100
|
|-heal|p1a: Lightning Rod|51/100|[from] item: Leftovers
|upkeep
|turn|6
|
|t:|1760440618
|move|p1a: Lightning Rod|Ice Spinner|p2a: Raging Bolt
|-supereffective|p2a: Raging Bolt
|-damage|p2a: Raging Bolt|36/100
|move|p2a: Raging Bolt|Dragon Pulse|p1a: Lightning Rod
|-resisted|p1a: Lightning Rod
|-damage|p1a: Lightning Rod|0 fnt
|faint|p1a: Lightning Rod
|-end|p1a: Lightning Rod|Quark Drive|[silent]
|
|upkeep
|
|t:|1760440642
|switch|p1a: Transylvania|Dragapult, M|100/100
|turn|7
|
|t:|1760440648
|move|p1a: Transylvania|Dragon Darts|p2a: Raging Bolt
|-damage|p2a: Raging Bolt|3/100
|-anim|p1a: Transylvania|Dragon Darts|p2a: Raging Bolt
|-damage|p2a: Raging Bolt|0 fnt
|faint|p2a: Raging Bolt
|-end|p2a: Raging Bolt|Protosynthesis|[silent]
|
|upkeep
|
|t:|1760440653
|switch|p2a: Iron Valiant|Iron Valiant|100/100
|-enditem|p2a: Iron Valiant|Booster Energy
|-activate|p2a: Iron Valiant|ability: Quark Drive|[fromitem]
|-start|p2a: Iron Valiant|quarkdrivespe
|turn|8
|
|t:|1760440659
|switch|p1a: Vesuvius|Heatran, F|100/100
|move|p2a: Iron Valiant|Moonblast|p1a: Vesuvius
|-resisted|p1a: Vesuvius
|-damage|p1a: Vesuvius|90/100
|-unboost|p1a: Vesuvius|spa|1
|
|upkeep
|turn|9
|
|t:|1760440666
|move|p2a: Iron Valiant|Knock Off|p1a: Vesuvius
|-damage|p1a: Vesuvius|74/100
|-damage|p2a: Iron Valiant|84/100|[from] item: Rocky Helmet|[of] p1a: Vesuvius
|-enditem|p1a: Vesuvius|Rocky Helmet|[from] move: Knock Off|[of] p2a: Iron Valiant
|move|p1a: Vesuvius|Will-O-Wisp|p2a: Iron Valiant
|-status|p2a: Iron Valiant|brn
|
|-damage|p2a: Iron Valiant|78/100 brn|[from] brn
|upkeep
|turn|10
|
|t:|1760440678
|move|p2a: Iron Valiant|Thunderbolt|p1a: Vesuvius
|-damage|p1a: Vesuvius|50/100
|move|p1a: Vesuvius|Stealth Rock|p2a: Iron Valiant
|-sidestart|p2: SHEWILLBETRAYu_067|move: Stealth Rock
|
|-damage|p2a: Iron Valiant|71/100 brn|[from] brn
|upkeep
|turn|11
|
|t:|1760440696
|move|p2a: Iron Valiant|Destiny Bond|p2a: Iron Valiant
|-singlemove|p2a: Iron Valiant|Destiny Bond
|move|p1a: Vesuvius|Lava Plume|p2a: Iron Valiant
|-damage|p2a: Iron Valiant|27/100 brn
|
|-damage|p2a: Iron Valiant|21/100 brn|[from] brn
|upkeep
|turn|12
|
|t:|1760440701
|move|p2a: Iron Valiant|Thunderbolt|p1a: Vesuvius
|-damage|p1a: Vesuvius|25/100
|move|p1a: Vesuvius|Lava Plume|p2a: Iron Valiant
|-damage|p2a: Iron Valiant|0 fnt
|faint|p2a: Iron Valiant
|-end|p2a: Iron Valiant|Quark Drive|[silent]
|
|upkeep
|
|t:|1760440719
|switch|p2a: Cinderace|Cinderace, F|100/100
|turn|13
|
|t:|1760440738
|move|p2a: Cinderace|Pyro Ball|p1a: Vesuvius|[miss]
|-miss|p2a: Cinderace|p1a: Vesuvius
|move|p1a: Vesuvius|Stealth Rock||[still]
|-fail|p1a: Vesuvius
|
|upkeep
|turn|14
|
|t:|1760440742
|move|p2a: Cinderace|Pyro Ball|p1a: Vesuvius
|-damage|p1a: Vesuvius|0 fnt
|faint|p1a: Vesuvius
|
|upkeep
|
|t:|1760440756
|switch|p1a: The Last Ronin|Samurott-Hisui, M|100/100
|turn|15
|
|t:|1760440768
|move|p2a: Cinderace|U-turn|p1a: The Last Ronin
|-start|p2a: Cinderace|typechange|Bug|[from] ability: Libero
|-supereffective|p1a: The Last Ronin
|-damage|p1a: The Last Ronin|26/100
|
|t:|1760440772
|switch|p2a: Gliscor|Gliscor, M|100/100|[from] U-turn
|-damage|p2a: Gliscor|88/100|[from] Stealth Rock
|move|p1a: The Last Ronin|Ceaseless Edge|p2a: Gliscor
|-damage|p2a: Gliscor|54/100
|-sidestart|p2: SHEWILLBETRAYu_067|Spikes
|
|-status|p2a: Gliscor|tox|[from] item: Toxic Orb
|upkeep
|turn|16
|
|t:|1760440790
|move|p2a: Gliscor|Facade|p1a: The Last Ronin
|-damage|p1a: The Last Ronin|0 fnt
|faint|p1a: The Last Ronin
|
|-heal|p2a: Gliscor|67/100 tox|[from] ability: Poison Heal
|upkeep
|
|t:|1760440796
|switch|p1a: Transylvania|Dragapult, M|100/100
|turn|17
|
|t:|1760440801
|-terastallize|p1a: Transylvania|Ghost
|move|p1a: Transylvania|Tera Blast|p2a: Gliscor|[anim] Tera Blast Ghost
|-crit|p2a: Gliscor
|-damage|p2a: Gliscor|0 fnt
|faint|p2a: Gliscor
|
|upkeep
|
|t:|1760440814
|switch|p2a: Cinderace|Cinderace, F|100/100
|turn|18
|
|t:|1760440827
|switch|p1a: The Little Prince|Iron Valiant|100/100
|move|p2a: Cinderace|Pyro Ball|p1a: The Little Prince|[miss]
|-miss|p2a: Cinderace|p1a: The Little Prince
|
|upkeep
|turn|19
|
|t:|1760440834
|move|p2a: Cinderace|Pyro Ball|p1a: The Little Prince
|-damage|p1a: The Little Prince|24/100
|move|p1a: The Little Prince|Shadow Ball|p2a: Cinderace
|-damage|p2a: Cinderace|42/100
|-unboost|p2a: Cinderace|spd|1
|
|upkeep
|turn|20
|
|t:|1760440839
|-end|p1a: The Little Prince|Quark Drive|[silent]
|switch|p1a: Wish Upon A Star|Latios, M|61/100
|move|p2a: Cinderace|Pyro Ball|p1a: Wish Upon A Star
|-resisted|p1a: Wish Upon A Star
|-damage|p1a: Wish Upon A Star|24/100
|
|upkeep
|turn|21
|
|t:|1760440844
|move|p1a: Wish Upon A Star|Luster Purge|p2a: Cinderace
|-damage|p2a: Cinderace|0 fnt
|faint|p2a: Cinderace
|
|upkeep
|
|t:|1760440851
|switch|p2a: Metagross|Metagross|100/100
|-damage|p2a: Metagross|94/100|[from] Stealth Rock
|-damage|p2a: Metagross|82/100|[from] Spikes
|turn|22
|
|t:|1760440853
|move|p1a: Wish Upon A Star|Luster Purge|p2a: Metagross
|-resisted|p2a: Metagross
|-damage|p2a: Metagross|69/100
|move|p2a: Metagross|Heavy Slam|p1a: Wish Upon A Star
|-damage|p1a: Wish Upon A Star|0 fnt
|faint|p1a: Wish Upon A Star
|
|upkeep
|
|t:|1760440859
|switch|p1a: The Little Prince|Iron Valiant|24/100
|turn|23
|
|t:|1760440861
|move|p1a: The Little Prince|Shadow Ball|p2a: Metagross
|-supereffective|p2a: Metagross
|-damage|p2a: Metagross|0 fnt
|faint|p2a: Metagross
|
|win|GrxmIsTaken
|raw|GrxmIsTaken's rating: 1429 &rarr; <strong>1446</strong><br />(+17 for winning)
|raw|SHEWILLBETRAYu_067's rating: 1379 &rarr; <strong>1362</strong><br />(-17 for losing)
|l|☆SHEWILLBETRAYu_067
|player|p2|
|l|☆GrxmIsTaken
|player|p1|
