|j|☆jietouxiaoyu
|j|☆yanso777
|t:|1760350980
|gametype|singles
|player|p1|jietouxiaoyu|102|1263
|player|p2|yanso777|101|1187
|gen|9
|tier|[Gen 9] OU
|rated|
|rule|HP Percentage Mod: HP is shown in percentages
|rule|Endless Battle Clause: Forcing endless battles is banned
|rule|Species Clause: Limit one of each Pokémon
|rule|OHKO Clause: OHKO moves are banned
|rule|Evasion Items Clause: Evasion items are banned
|rule|Evasion Moves Clause: Evasion moves are banned
|rule|Evasion Abilities Clause: Evasion abilities are banned
|rule|Sleep Moves Clause: Sleep-inducing moves are banned
|clearpoke
|poke|p1|Dragonite, M|
|poke|p1|Gholdengo|
|poke|p1|Great Tusk|
|poke|p1|Kingambit, F|
|poke|p1|Zamazenta-*|
|poke|p1|Arboliva, F|
|poke|p2|Moltres|
|poke|p2|Ting-Lu|
|poke|p2|Walking Wake|
|poke|p2|Torkoal, M|
|poke|p2|Leafeon, F|
|poke|p2|Sandy Shocks|
|teampreview
|inactive|Battle timer is ON: inactive players will automatically lose when time's up. (requested by yanso777)
|
|t:|1760350993
|teamsize|p1|6
|teamsize|p2|6
|start
|switch|p1a: Great Tusk|Great Tusk, shiny|100/100
|switch|p2a: Torkoal|Torkoal, M|100/100
|-weather|SunnyDay|[from] ability: Drought|[of] p2a: Torkoal
|-activate|p1a: Great Tusk|ability: Protosynthesis
|-start|p1a: Great Tusk|protosynthesisatk
|turn|1
|
|t:|1760351003
|switch|p2a: Walking Wake|Walking Wake|100/100
|-activate|p2a: Walking Wake|ability: Protosynthesis
|-start|p2a: Walking Wake|protosynthesisspe
|move|p1a: Great Tusk|Stealth Rock|p2a: Walking Wake
|-sidestart|p2: yanso777|move: Stealth Rock
|
|-weather|SunnyDay|[upkeep]
|upkeep
|turn|2
|
|t:|1760351014
|-end|p1a: Great Tusk|Protosynthesis|[silent]
|switch|p1a: Arboliva|Arboliva, F, shiny|100/100
|move|p2a: Walking Wake|Hydro Steam|p1a: Arboliva
|-resisted|p1a: Arboliva
|-damage|p1a: Arboliva|78/100
|-fieldstart|move: Grassy Terrain|[from] ability: Seed Sower|[of] p1a: Arboliva
|-enditem|p1a: Arboliva|Eject Button
|
|t:|1760351028
|switch|p1a: Dragonite|Dragonite, M, shiny|100/100
|
|-weather|SunnyDay|[upkeep]
|upkeep
|turn|3
|
|t:|1760351041
|switch|p1a: Arboliva|Arboliva, F, shiny|78/100
|move|p2a: Walking Wake|Draco Meteor|p1a: Arboliva
|-damage|p1a: Arboliva|35/100
|-unboost|p2a: Walking Wake|spa|2
|
|-weather|SunnyDay|[upkeep]
|-heal|p1a: Arboliva|41/100|[from] Grassy Terrain
|upkeep
|turn|4
|
|t:|1760351051
|move|p2a: Walking Wake|Flamethrower|p1a: Arboliva
|-supereffective|p1a: Arboliva
|-damage|p1a: Arboliva|10/100
|move|p1a: Arboliva|Strength Sap|p2a: Walking Wake
|-unboost|p2a: Walking Wake|atk|1
|-heal|p1a: Arboliva|61/100
|
|-weather|SunnyDay|[upkeep]
|-heal|p1a: Arboliva|67/100|[from] Grassy Terrain
|upkeep
|turn|5
|
|t:|1760351066
|-end|p2a: Walking Wake|Protosynthesis|[silent]
|switch|p2a: Moltres|Moltres|100/100
|move|p1a: Arboliva|Leaf Storm|p2a: Moltres
|-resisted|p2a: Moltres
|-damage|p2a: Moltres|81/100
|-unboost|p1a: Arboliva|spa|2
|
|-weather|SunnyDay|[upkeep]
|-heal|p1a: Arboliva|73/100|[from] Grassy Terrain
|upkeep
|turn|6
|
|t:|1760351081
|switch|p1a: Zamazenta|Zamazenta, shiny|100/100
|-ability|p1a: Zamazenta|Dauntless Shield|boost
|-boost|p1a: Zamazenta|def|1
|move|p2a: Moltres|Flamethrower|p1a: Zamazenta
|-damage|p1a: Zamazenta|58/100
|
|-weather|SunnyDay|[upkeep]
|-heal|p1a: Zamazenta|64/100|[from] Grassy Terrain
|-heal|p1a: Zamazenta|70/100|[from] item: Leftovers
|-fieldend|move: Grassy Terrain
|upkeep
|turn|7
|inactive|jietouxiaoyu has 120 seconds left.
|
|t:|1760351105
|-terastallize|p1a: Zamazenta|Fire
|move|p1a: Zamazenta|Iron Defense|p1a: Zamazenta
|-boost|p1a: Zamazenta|def|2
|move|p2a: Moltres|Roar|p1a: Zamazenta
|drag|p1a: Arboliva|Arboliva, F, shiny|73/100
|
|-weather|SunnyDay|[upkeep]
|upkeep
|turn|8
|inactive|jietouxiaoyu has 120 seconds left.
|
|t:|1760351118
|move|p2a: Moltres|Flamethrower|p1a: Arboliva
|-supereffective|p1a: Arboliva
|-damage|p1a: Arboliva|0 fnt
|-fieldstart|move: Grassy Terrain|[from] ability: Seed Sower|[of] p1a: Arboliva
|faint|p1a: Arboliva
|
|-weather|none
|upkeep
|inactive|jietouxiaoyu has 120 seconds left.
|
|t:|1760351124
|switch|p1a: Gholdengo|Gholdengo|100/100
|-enditem|p1a: Gholdengo|Grassy Seed
|-boost|p1a: Gholdengo|def|1|[from] item: Grassy Seed
|turn|9
|
|t:|1760351136
|move|p1a: Gholdengo|Shadow Ball|p2a: Moltres
|-damage|p2a: Moltres|47/100
|move|p2a: Moltres|Flamethrower|p1a: Gholdengo
|-supereffective|p1a: Gholdengo
|-damage|p1a: Gholdengo|32/100
|-status|p1a: Gholdengo|brn
|
|-heal|p1a: Gholdengo|38/100 brn|[from] Grassy Terrain
|-damage|p1a: Gholdengo|32/100 brn|[from] brn
|upkeep
|turn|10
|
|t:|1760351148
|move|p1a: Gholdengo|Shadow Ball|p2a: Moltres
|-damage|p2a: Moltres|14/100
|move|p2a: Moltres|Roost|p2a: Moltres
|-heal|p2a: Moltres|64/100
|-singleturn|p2a: Moltres|move: Roost
|
|-heal|p1a: Gholdengo|38/100 brn|[from] Grassy Terrain
|-heal|p2a: Moltres|70/100|[from] Grassy Terrain
|-damage|p1a: Gholdengo|32/100 brn|[from] brn
|upkeep
|turn|11
|
|t:|1760351157
|move|p1a: Gholdengo|Shadow Ball|p2a: Moltres
|-crit|p2a: Moltres
|-damage|p2a: Moltres|13/100
|move|p2a: Moltres|Flamethrower|p1a: Gholdengo
|-supereffective|p1a: Gholdengo
|-damage|p1a: Gholdengo|0 fnt
|faint|p1a: Gholdengo
|
|upkeep
|
|t:|1760351166
|switch|p1a: Dragonite|Dragonite, M, shiny|100/100
|turn|12
|
|t:|1760351170
|move|p1a: Dragonite|Ice Spinner|p2a: Moltres
|-damage|p2a: Moltres|0 fnt
|-fieldend|move: Grassy Terrain
|faint|p2a: Moltres
|
|upkeep
|
|t:|1760351179
|switch|p2a: Torkoal|Torkoal, M|100/100
|-damage|p2a: Torkoal|76/100|[from] Stealth Rock
|-weather|SunnyDay|[from] ability: Drought|[of] p2a: Torkoal
|turn|13
|
|t:|1760351184
|move|p1a: Dragonite|Dragon Dance|p1a: Dragonite
|-boost|p1a: Dragonite|atk|1
|-boost|p1a: Dragonite|spe|1
|move|p2a: Torkoal|Rapid Spin|p1a: Dragonite
|-damage|p1a: Dragonite|96/100
|-boost|p2a: Torkoal|spe|1
|-sideend|p2: yanso777|Stealth Rock|[from] move: Rapid Spin|[of] p2a: Torkoal
|
|-weather|SunnyDay|[upkeep]
|upkeep
|turn|14
|
|t:|1760351191
|move|p1a: Dragonite|Dragon Dance|p1a: Dragonite
|-boost|p1a: Dragonite|atk|1
|-boost|p1a: Dragonite|spe|1
|move|p2a: Torkoal|Will-O-Wisp|p1a: Dragonite
|-status|p1a: Dragonite|brn
|
|-weather|SunnyDay|[upkeep]
|-damage|p1a: Dragonite|89/100 brn|[from] brn
|upkeep
|turn|15
|
|t:|1760351200
|switch|p2a: Ting-Lu|Ting-Lu|100/100
|-ability|p2a: Ting-Lu|Vessel of Ruin
|move|p1a: Dragonite|Dragon Dance|p1a: Dragonite
|-boost|p1a: Dragonite|atk|1
|-boost|p1a: Dragonite|spe|1
|
|-weather|SunnyDay|[upkeep]
|-damage|p1a: Dragonite|83/100 brn|[from] brn
|upkeep
|turn|16
|
|t:|1760351208
|move|p1a: Dragonite|Ice Spinner|p2a: Ting-Lu
|-supereffective|p2a: Ting-Lu
|-damage|p2a: Ting-Lu|56/100
|move|p2a: Ting-Lu|Whirlwind|p1a: Dragonite
|drag|p1a: Great Tusk|Great Tusk, shiny|100/100
|-activate|p1a: Great Tusk|ability: Protosynthesis
|-start|p1a: Great Tusk|protosynthesisatk
|
|-weather|SunnyDay|[upkeep]
|-heal|p2a: Ting-Lu|63/100|[from] item: Leftovers
|upkeep
|turn|17
|
|t:|1760351218
|move|p1a: Great Tusk|Ice Spinner|p2a: Ting-Lu
|-supereffective|p2a: Ting-Lu
|-damage|p2a: Ting-Lu|24/100
|move|p2a: Ting-Lu|Ruination|p1a: Great Tusk
|-damage|p1a: Great Tusk|51/100
|
|-weather|SunnyDay|[upkeep]
|-heal|p2a: Ting-Lu|30/100|[from] item: Leftovers
|upkeep
|turn|18
|
|t:|1760351235
|move|p1a: Great Tusk|Ice Spinner|p2a: Ting-Lu
|-supereffective|p2a: Ting-Lu
|-damage|p2a: Ting-Lu|0 fnt
|faint|p2a: Ting-Lu
|
|-weather|SunnyDay|[upkeep]
|upkeep
|
|t:|1760351239
|switch|p2a: Leafeon|Leafeon, F|100/100
|turn|19
|
|t:|1760351246
|-end|p1a: Great Tusk|Protosynthesis|[silent]
|switch|p1a: Dragonite|Dragonite, M, shiny|83/100 brn
|move|p2a: Leafeon|Solar Blade||[still]
|-prepare|p2a: Leafeon|Solar Blade
|-anim|p2a: Leafeon|Solar Blade|p1a: Dragonite
|-resisted|p1a: Dragonite
|-damage|p1a: Dragonite|67/100 brn
|
|-weather|SunnyDay|[upkeep]
|-damage|p1a: Dragonite|61/100 brn|[from] brn
|upkeep
|turn|20
|
|t:|1760351259
|switch|p2a: Walking Wake|Walking Wake|100/100
|-activate|p2a: Walking Wake|ability: Protosynthesis
|-start|p2a: Walking Wake|protosynthesisspe
|move|p1a: Dragonite|Ice Spinner|p2a: Walking Wake
|-crit|p2a: Walking Wake
|-damage|p2a: Walking Wake|77/100
|
|-weather|none
|-end|p2a: Walking Wake|Protosynthesis
|-damage|p1a: Dragonite|55/100 brn|[from] brn
|upkeep
|turn|21
|
|t:|1760351268
|move|p1a: Dragonite|Extreme Speed|p2a: Walking Wake
|-damage|p2a: Walking Wake|60/100
|move|p2a: Walking Wake|Draco Meteor|p1a: Dragonite
|-supereffective|p1a: Dragonite
|-damage|p1a: Dragonite|0 fnt
|-unboost|p2a: Walking Wake|spa|2
|faint|p1a: Dragonite
|
|upkeep
|
|t:|1760351276
|switch|p1a: Zamazenta|Zamazenta, shiny, tera:Fire|70/100
|turn|22
|
|t:|1760351286
|move|p1a: Zamazenta|Body Press|p2a: Walking Wake
|-damage|p2a: Walking Wake|27/100
|move|p2a: Walking Wake|Hydro Steam|p1a: Zamazenta
|-supereffective|p1a: Zamazenta
|-damage|p1a: Zamazenta|41/100
|
|-heal|p1a: Zamazenta|47/100|[from] item: Leftovers
|upkeep
|turn|23
|
|t:|1760351294
|-end|p2a: Walking Wake|Protosynthesis|[silent]
|switch|p2a: Torkoal|Torkoal, M|76/100
|-weather|SunnyDay|[from] ability: Drought|[of] p2a: Torkoal
|move|p1a: Zamazenta|Body Press|p2a: Torkoal
|-damage|p2a: Torkoal|52/100
|
|-weather|SunnyDay|[upkeep]
|-heal|p1a: Zamazenta|53/100|[from] item: Leftovers
|upkeep
|turn|24
|
|t:|1760351304
|move|p1a: Zamazenta|Iron Defense|p1a: Zamazenta
|-boost|p1a: Zamazenta|def|2
|move|p2a: Torkoal|Stealth Rock|p1a: Zamazenta
|-sidestart|p1: jietouxiaoyu|move: Stealth Rock
|
|-weather|SunnyDay|[upkeep]
|-heal|p1a: Zamazenta|59/100|[from] item: Leftovers
|upkeep
|turn|25
|
|t:|1760351312
|switch|p2a: Sandy Shocks|Sandy Shocks|100/100
|-item|p2a: Sandy Shocks|Air Balloon
|-activate|p2a: Sandy Shocks|ability: Protosynthesis
|-start|p2a: Sandy Shocks|protosynthesisspe
|move|p1a: Zamazenta|Body Press|p2a: Sandy Shocks
|-damage|p2a: Sandy Shocks|21/100
|-enditem|p2a: Sandy Shocks|Air Balloon
|
|-weather|SunnyDay|[upkeep]
|-heal|p1a: Zamazenta|65/100|[from] item: Leftovers
|upkeep
|turn|26
|
|t:|1760351340
|move|p2a: Sandy Shocks|Earth Power|p1a: Zamazenta
|-supereffective|p1a: Zamazenta
|-damage|p1a: Zamazenta|0 fnt
|faint|p1a: Zamazenta
|
|-weather|SunnyDay|[upkeep]
|upkeep
|
|t:|1760351345
|switch|p1a: Great Tusk|Great Tusk, shiny|51/100
|-damage|p1a: Great Tusk|48/100|[from] Stealth Rock
|-activate|p1a: Great Tusk|ability: Protosynthesis
|-start|p1a: Great Tusk|protosynthesisatk
|turn|27
|
|t:|1760351351
|move|p2a: Sandy Shocks|Earth Power|p1a: Great Tusk
|-damage|p1a: Great Tusk|0 fnt
|faint|p1a: Great Tusk
|-end|p1a: Great Tusk|Protosynthesis|[silent]
|
|-weather|SunnyDay|[upkeep]
|upkeep
|
|t:|1760351356
|switch|p1a: Kingambit|Kingambit, F, shiny|100/100
|-damage|p1a: Kingambit|94/100|[from] Stealth Rock
|-activate|p1a: Kingambit|ability: Supreme Overlord
|-start|p1a: Kingambit|fallen5|[silent]
|-item|p1a: Kingambit|Air Balloon
|turn|28
|
|t:|1760351362
|move|p2a: Sandy Shocks|Thunderbolt|p1a: Kingambit
|-damage|p1a: Kingambit|43/100
|-enditem|p1a: Kingambit|Air Balloon
|move|p1a: Kingambit|Swords Dance|p1a: Kingambit
|-boost|p1a: Kingambit|atk|2
|
|-weather|SunnyDay|[upkeep]
|upkeep
|turn|29
|
|t:|1760351370
|move|p1a: Kingambit|Sucker Punch|p2a: Sandy Shocks
|-damage|p2a: Sandy Shocks|0 fnt
|faint|p2a: Sandy Shocks
|-end|p2a: Sandy Shocks|Protosynthesis|[silent]
|
|-weather|SunnyDay|[upkeep]
|upkeep
|
|t:|1760351373
|switch|p2a: Leafeon|Leafeon, F|100/100
|turn|30
|
|t:|1760351378
|-terastallize|p2a: Leafeon|Fire
|move|p1a: Kingambit|Sucker Punch|p2a: Leafeon
|-damage|p2a: Leafeon|0 fnt
|faint|p2a: Leafeon
|
|-weather|none
|upkeep
|
|t:|1760351384
|switch|p2a: Torkoal|Torkoal, M|52/100
|-weather|SunnyDay|[from] ability: Drought|[of] p2a: Torkoal
|turn|31
|
|t:|1760351388
|move|p1a: Kingambit|Kowtow Cleave|p2a: Torkoal
|-crit|p2a: Torkoal
|-damage|p2a: Torkoal|0 fnt
|faint|p2a: Torkoal
|
|-weather|SunnyDay|[upkeep]
|upkeep
|
|t:|1760351391
|switch|p2a: Walking Wake|Walking Wake|27/100
|-activate|p2a: Walking Wake|ability: Protosynthesis
|-start|p2a: Walking Wake|protosynthesisspe
|turn|32
|
|t:|1760351396
|move|p1a: Kingambit|Sucker Punch|p2a: Walking Wake
|-damage|p2a: Walking Wake|0 fnt
|faint|p2a: Walking Wake
|-end|p2a: Walking Wake|Protosynthesis|[silent]
|
|win|jietouxiaoyu
|raw|jietouxiaoyu's rating: 1263 &rarr; <strong>1283</strong><br />(+20 for winning)
|raw|yanso777's rating: 1187 &rarr; <strong>1167</strong><br />(-20 for losing)
|c|☆yanso777|that crit won you the game
|l|☆jietouxiaoyu
|player|p1|
