|j|☆hyynnynyunmy
|j|☆ytlatinx
|t:|1760372080
|gametype|singles
|player|p1|hyynnynyunmy|101|1175
|player|p2|ytlatinx|sabrina|1110
|gen|9
|tier|[Gen 9] OU
|rated|
|rule|HP Percentage Mod: HP is shown in percentages
|rule|Endless Battle Clause: Forcing endless battles is banned
|rule|Species Clause: Limit one of each Pokémon
|rule|OHKO Clause: OHKO moves are banned
|rule|Evasion Items Clause: Evasion items are banned
|rule|Evasion Moves Clause: Evasion moves are banned
|rule|Evasion Abilities Clause: Evasion abilities are banned
|rule|Sleep Moves Clause: Sleep-inducing moves are banned
|clearpoke
|poke|p1|Munkidori, M|
|poke|p1|Whimsicott, F|
|poke|p1|Grimmsnarl, M|
|poke|p1|Cramorant, F|
|poke|p1|Bombirdier, F|
|poke|p1|Flygon, F|
|poke|p2|Clefable, M|
|poke|p2|Latias, F|
|poke|p2|Scizor, M|
|poke|p2|Iron Valiant|
|poke|p2|Dragonite, M|
|poke|p2|Blaziken, F|
|teampreview
|
|t:|1760372087
|teamsize|p1|6
|teamsize|p2|6
|start
|switch|p1a: Bombirdier|Bombirdier, F|100/100
|switch|p2a: nugget|Blaziken, F|100/100
|turn|1
|c|☆ytlatinx|glhf
|inactive|Battle timer is ON: inactive players will automatically lose when time's up. (requested by hyynnynyunmy)
|
|t:|1760372096
|move|p2a: nugget|Protect|p2a: nugget
|-singleturn|p2a: nugget|Protect
|move|p1a: Bombirdier|Stealth Rock|p2a: nugget
|-sidestart|p2: ytlatinx|move: Stealth Rock
|
|-ability|p2a: nugget|Speed Boost|boost
|-boost|p2a: nugget|spe|1
|upkeep
|turn|2
|
|t:|1760372103
|move|p2a: nugget|Knock Off|p1a: Bombirdier
|-resisted|p1a: Bombirdier
|-damage|p1a: Bombirdier|74/100
|-enditem|p1a: Bombirdier|Life Orb|[from] move: Knock Off|[of] p2a: nugget
|move|p1a: Bombirdier|Brave Bird|p2a: nugget
|-supereffective|p2a: nugget
|-damage|p2a: nugget|0 fnt
|faint|p2a: nugget
|-damage|p1a: Bombirdier|35/100|[from] Recoil
|
|upkeep
|
|t:|1760372124
|switch|p2a: tini|Dragonite, M|100/100
|turn|3
|
|t:|1760372128
|move|p2a: tini|Extreme Speed|p1a: Bombirdier
|-damage|p1a: Bombirdier|0 fnt
|faint|p1a: Bombirdier
|
|upkeep
|
|t:|1760372138
|switch|p1a: Whimsicott|Whimsicott, F|100/100
|turn|4
|
|t:|1760372148
|switch|p2a: pearl|Scizor, M|100/100
|-damage|p2a: pearl|88/100|[from] Stealth Rock
|move|p1a: Whimsicott|Leech Seed|p2a: pearl
|-start|p2a: pearl|move: Leech Seed
|
|-damage|p2a: pearl|76/100|[from] Leech Seed|[of] p1a: Whimsicott
|upkeep
|turn|5
|
|t:|1760372155
|switch|p1a: Munkidori|Munkidori, M|100/100
|move|p2a: pearl|Bug Bite|p1a: Munkidori
|-damage|p1a: Munkidori|31/100
|
|-damage|p2a: pearl|63/100|[from] Leech Seed|[of] p1a: Munkidori
|-heal|p1a: Munkidori|42/100|[silent]
|upkeep
|turn|6
|
|t:|1760372165
|-terastallize|p1a: Munkidori|Ground
|move|p1a: Munkidori|Tera Blast|p2a: pearl|[anim] Tera Blast Ground
|-damage|p2a: pearl|3/100
|move|p2a: pearl|Bug Bite|p1a: Munkidori
|-damage|p1a: Munkidori|0 fnt
|faint|p1a: Munkidori
|
|upkeep
|
|t:|1760372171
|switch|p1a: Whimsicott|Whimsicott, F|100/100
|turn|7
|
|t:|1760372174
|move|p1a: Whimsicott|Substitute|p1a: Whimsicott
|-start|p1a: Whimsicott|Substitute
|-damage|p1a: Whimsicott|76/100
|move|p2a: pearl|Bullet Punch|p1a: Whimsicott
|-supereffective|p1a: Whimsicott
|-end|p1a: Whimsicott|Substitute
|
|-heal|p1a: Whimsicott|82/100|[from] item: Leftovers
|-damage|p2a: pearl|0 fnt|[from] Leech Seed|[of] p1a: Whimsicott
|-heal|p1a: Whimsicott|84/100|[silent]
|faint|p2a: pearl
|upkeep
|
|t:|1760372186
|switch|p2a: halo|Clefable, M|100/100
|turn|8
|
|t:|1760372191
|move|p1a: Whimsicott|Leech Seed|p2a: halo|[miss]
|-miss|p1a: Whimsicott|p2a: halo
|move|p2a: halo|Calm Mind|p2a: halo
|-boost|p2a: halo|spa|1
|-boost|p2a: halo|spd|1
|
|-heal|p1a: Whimsicott|91/100|[from] item: Leftovers
|upkeep
|turn|9
|
|t:|1760372197
|move|p1a: Whimsicott|Leech Seed|p2a: halo
|-start|p2a: halo|move: Leech Seed
|move|p2a: halo|Calm Mind|p2a: halo
|-boost|p2a: halo|spa|1
|-boost|p2a: halo|spd|1
|
|-heal|p1a: Whimsicott|97/100|[from] item: Leftovers
|upkeep
|turn|10
|
|t:|1760372210
|switch|p1a: Cramorant|Cramorant, F|100/100
|move|p2a: halo|Alluring Voice|p1a: Cramorant
|-damage|p1a: Cramorant|26/100
|
|upkeep
|turn|11
|
|t:|1760372215
|move|p1a: Cramorant|Surf|p2a: halo
|-formechange|p1a: Cramorant|Cramorant-Gorging|
|-crit|p2a: halo
|-damage|p2a: halo|64/100
|move|p2a: halo|Alluring Voice|p1a: Cramorant
|-damage|p1a: Cramorant|0 fnt
|-activate|p1a: Cramorant|ability: Gulp Missile
|-status|p2a: halo|par
|-formechange|p1a: Cramorant|Cramorant|
|faint|p1a: Cramorant
|
|-heal|p2a: halo|70/100 par|[from] item: Leftovers
|upkeep
|
|t:|1760372225
|switch|p1a: Grimmsnarl|Grimmsnarl, M|100/100
|turn|12
|
|t:|1760372231
|move|p1a: Grimmsnarl|Light Screen|p1a: Grimmsnarl
|-sidestart|p1: hyynnynyunmy|move: Light Screen
|move|p2a: halo|Alluring Voice|p1a: Grimmsnarl
|-supereffective|p1a: Grimmsnarl
|-damage|p1a: Grimmsnarl|52/100
|
|-heal|p2a: halo|76/100 par|[from] item: Leftovers
|upkeep
|turn|13
|
|t:|1760372243
|move|p1a: Grimmsnarl|Spirit Break|p2a: halo
|-damage|p2a: halo|44/100 par
|-unboost|p2a: halo|spa|1
|move|p2a: halo|Wish|p2a: halo
|
|-heal|p2a: halo|50/100 par|[from] item: Leftovers
|upkeep
|turn|14
|
|t:|1760372249
|move|p1a: Grimmsnarl|Spirit Break|p2a: halo
|-crit|p2a: halo
|-damage|p2a: halo|0 fnt
|faint|p2a: halo
|
|upkeep
|
|t:|1760372256
|switch|p2a: bless|Iron Valiant|100/100
|-damage|p2a: bless|94/100|[from] Stealth Rock
|-enditem|p2a: bless|Booster Energy
|-activate|p2a: bless|ability: Quark Drive|[fromitem]
|-start|p2a: bless|quarkdrivespe
|turn|15
|
|t:|1760372261
|move|p1a: Grimmsnarl|Reflect|p1a: Grimmsnarl
|-sidestart|p1: hyynnynyunmy|Reflect
|move|p2a: bless|Close Combat|p1a: Grimmsnarl
|-damage|p1a: Grimmsnarl|19/100
|-unboost|p2a: bless|def|1
|-unboost|p2a: bless|spd|1
|
|upkeep
|turn|16
|
|t:|1760372268
|move|p1a: Grimmsnarl|Parting Shot|p2a: bless
|-unboost|p2a: bless|atk|1
|-unboost|p2a: bless|spa|1
|
|t:|1760372271
|switch|p1a: Flygon|Flygon, F|100/100|[from] Parting Shot
|move|p2a: bless|Moonblast|p1a: Flygon
|-supereffective|p1a: Flygon
|-damage|p1a: Flygon|59/100
|
|upkeep
|turn|17
|
|t:|1760372282
|switch|p1a: Grimmsnarl|Grimmsnarl, M|19/100
|move|p2a: bless|Moonblast|p1a: Grimmsnarl
|-supereffective|p1a: Grimmsnarl
|-damage|p1a: Grimmsnarl|0 fnt
|faint|p1a: Grimmsnarl
|
|upkeep
|
|t:|1760372284
|switch|p1a: Whimsicott|Whimsicott, F|97/100
|turn|18
|
|t:|1760372292
|move|p2a: bless|Moonblast|p1a: Whimsicott
|-damage|p1a: Whimsicott|79/100
|-unboost|p1a: Whimsicott|spa|1
|move|p1a: Whimsicott|Moonblast|p2a: bless
|-supereffective|p2a: bless
|-damage|p2a: bless|0 fnt
|faint|p2a: bless
|-end|p2a: bless|Quark Drive|[silent]
|
|-heal|p1a: Whimsicott|85/100|[from] item: Leftovers
|upkeep
|
|t:|1760372302
|switch|p2a: tia|Latias, F|100/100
|-damage|p2a: tia|88/100|[from] Stealth Rock
|turn|19
|
|t:|1760372311
|-terastallize|p2a: tia|Electric
|move|p1a: Whimsicott|Leech Seed|p2a: tia
|-start|p2a: tia|move: Leech Seed
|move|p2a: tia|Calm Mind|p2a: tia
|-boost|p2a: tia|spa|1
|-boost|p2a: tia|spd|1
|
|-heal|p1a: Whimsicott|91/100|[from] item: Leftovers
|-damage|p2a: tia|76/100|[from] Leech Seed|[of] p1a: Whimsicott
|-heal|p1a: Whimsicott|100/100|[silent]
|-sideend|p1: hyynnynyunmy|move: Light Screen
|upkeep
|turn|20
|
|t:|1760372321
|move|p1a: Whimsicott|Substitute|p1a: Whimsicott
|-start|p1a: Whimsicott|Substitute
|-damage|p1a: Whimsicott|76/100
|move|p2a: tia|Mist Ball|p1a: Whimsicott
|-end|p1a: Whimsicott|Substitute
|
|-heal|p1a: Whimsicott|82/100|[from] item: Leftovers
|-damage|p2a: tia|64/100|[from] Leech Seed|[of] p1a: Whimsicott
|-heal|p1a: Whimsicott|93/100|[silent]
|upkeep
|turn|21
|
|t:|1760372329
|move|p1a: Whimsicott|Substitute|p1a: Whimsicott
|-start|p1a: Whimsicott|Substitute
|-damage|p1a: Whimsicott|69/100
|move|p2a: tia|Mist Ball|p1a: Whimsicott
|-end|p1a: Whimsicott|Substitute
|
|-heal|p1a: Whimsicott|75/100|[from] item: Leftovers
|-damage|p2a: tia|51/100|[from] Leech Seed|[of] p1a: Whimsicott
|-heal|p1a: Whimsicott|86/100|[silent]
|upkeep
|turn|22
|
|t:|1760372338
|move|p1a: Whimsicott|Substitute|p1a: Whimsicott
|-start|p1a: Whimsicott|Substitute
|-damage|p1a: Whimsicott|61/100
|move|p2a: tia|Mist Ball|p1a: Whimsicott
|-end|p1a: Whimsicott|Substitute
|
|-heal|p1a: Whimsicott|68/100|[from] item: Leftovers
|-damage|p2a: tia|39/100|[from] Leech Seed|[of] p1a: Whimsicott
|-heal|p1a: Whimsicott|79/100|[silent]
|-sideend|p1: hyynnynyunmy|Reflect
|upkeep
|turn|23
|
|t:|1760372347
|switch|p2a: tini|Dragonite, M|100/100
|move|p1a: Whimsicott|Substitute|p1a: Whimsicott
|-start|p1a: Whimsicott|Substitute
|-damage|p1a: Whimsicott|54/100
|
|-heal|p1a: Whimsicott|61/100|[from] item: Leftovers
|upkeep
|turn|24
|
|t:|1760372357
|move|p1a: Whimsicott|Leech Seed|p2a: tini
|-start|p2a: tini|move: Leech Seed
|move|p2a: tini|Earthquake|p1a: Whimsicott
|-resisted|p1a: Whimsicott
|-end|p1a: Whimsicott|Substitute
|
|-heal|p1a: Whimsicott|67/100|[from] item: Leftovers
|-damage|p2a: tini|88/100|[from] Leech Seed|[of] p1a: Whimsicott
|-heal|p1a: Whimsicott|81/100|[silent]
|upkeep
|turn|25
|
|t:|1760372365
|move|p2a: tini|Extreme Speed|p1a: Whimsicott
|-damage|p1a: Whimsicott|46/100
|move|p1a: Whimsicott|Substitute|p1a: Whimsicott
|-start|p1a: Whimsicott|Substitute
|-damage|p1a: Whimsicott|21/100
|
|-heal|p1a: Whimsicott|27/100|[from] item: Leftovers
|-damage|p2a: tini|76/100|[from] Leech Seed|[of] p1a: Whimsicott
|-heal|p1a: Whimsicott|42/100|[silent]
|upkeep
|turn|26
|
|t:|1760372374
|move|p1a: Whimsicott|Substitute|p1a: Whimsicott
|-fail|p1a: Whimsicott|move: Substitute
|move|p2a: tini|Earthquake|p1a: Whimsicott
|-resisted|p1a: Whimsicott
|-activate|p1a: Whimsicott|move: Substitute|[damage]
|
|-heal|p1a: Whimsicott|48/100|[from] item: Leftovers
|-damage|p2a: tini|63/100|[from] Leech Seed|[of] p1a: Whimsicott
|-heal|p1a: Whimsicott|62/100|[silent]
|upkeep
|turn|27
|
|t:|1760372382
|move|p2a: tini|Extreme Speed|p1a: Whimsicott
|-crit|p1a: Whimsicott
|-end|p1a: Whimsicott|Substitute
|move|p1a: Whimsicott|Moonblast|p2a: tini
|-supereffective|p2a: tini
|-damage|p2a: tini|28/100
|-unboost|p2a: tini|spa|1
|
|-heal|p1a: Whimsicott|68/100|[from] item: Leftovers
|-damage|p2a: tini|16/100|[from] Leech Seed|[of] p1a: Whimsicott
|-heal|p1a: Whimsicott|83/100|[silent]
|upkeep
|turn|28
|
|t:|1760372393
|move|p1a: Whimsicott|Substitute|p1a: Whimsicott
|-start|p1a: Whimsicott|Substitute
|-damage|p1a: Whimsicott|58/100
|move|p2a: tini|Roost|p2a: tini
|-heal|p2a: tini|66/100
|-singleturn|p2a: tini|move: Roost
|
|-heal|p1a: Whimsicott|64/100|[from] item: Leftovers
|-damage|p2a: tini|53/100|[from] Leech Seed|[of] p1a: Whimsicott
|-heal|p1a: Whimsicott|78/100|[silent]
|upkeep
|turn|29
|
|t:|1760372402
|move|p1a: Whimsicott|Moonblast|p2a: tini
|-supereffective|p2a: tini
|-damage|p2a: tini|21/100
|move|p2a: tini|Earthquake|p1a: Whimsicott
|-resisted|p1a: Whimsicott
|-activate|p1a: Whimsicott|move: Substitute|[damage]
|
|-heal|p1a: Whimsicott|84/100|[from] item: Leftovers
|-damage|p2a: tini|9/100|[from] Leech Seed|[of] p1a: Whimsicott
|-heal|p1a: Whimsicott|99/100|[silent]
|upkeep
|turn|30
|
|t:|1760372411
|move|p2a: tini|Extreme Speed|p1a: Whimsicott
|-end|p1a: Whimsicott|Substitute
|move|p1a: Whimsicott|Substitute|p1a: Whimsicott
|-start|p1a: Whimsicott|Substitute
|-damage|p1a: Whimsicott|74/100
|
|-heal|p1a: Whimsicott|80/100|[from] item: Leftovers
|-damage|p2a: tini|0 fnt|[from] Leech Seed|[of] p1a: Whimsicott
|-heal|p1a: Whimsicott|89/100|[silent]
|faint|p2a: tini
|upkeep
|
|t:|1760372420
|switch|p2a: tia|Latias, F, tera:Electric|39/100
|-damage|p2a: tia|27/100|[from] Stealth Rock
|turn|31
|
|t:|1760372427
|move|p1a: Whimsicott|Leech Seed|p2a: tia
|-start|p2a: tia|move: Leech Seed
|move|p2a: tia|Thunderbolt|p1a: Whimsicott
|-resisted|p1a: Whimsicott
|-end|p1a: Whimsicott|Substitute
|
|-heal|p1a: Whimsicott|96/100|[from] item: Leftovers
|-damage|p2a: tia|15/100|[from] Leech Seed|[of] p1a: Whimsicott
|-heal|p1a: Whimsicott|100/100|[silent]
|upkeep
|turn|32
|
|t:|1760372435
|move|p1a: Whimsicott|Moonblast|p2a: tia
|-damage|p2a: tia|0 fnt
|faint|p2a: tia
|
|win|hyynnynyunmy
|raw|hyynnynyunmy's rating: 1175 &rarr; <strong>1195</strong><br />(+20 for winning)
|raw|ytlatinx's rating: 1110 &rarr; <strong>1090</strong><br />(-20 for losing)
|c|☆ytlatinx|gg
|l|☆hyynnynyunmy
|player|p1|
|l|☆ytlatinx
|player|p2|
|j|☆hyynnynyunmy
|player|p1|hyynnynyunmy|101|
|l|☆hyynnynyunmy
|player|p1|
