|j|☆akibarubinstein
|j|☆bobbydeoliscool
|t:|1760451409
|gametype|singles
|player|p1|akibarubinstein|266|1503
|player|p2|bobbydeoliscool|102|1507
|gen|9
|tier|[Gen 9] OU
|rated|
|rule|HP Percentage Mod: HP is shown in percentages
|rule|Endless Battle Clause: Forcing endless battles is banned
|rule|Species Clause: Limit one of each Pokémon
|rule|OHKO Clause: OHKO moves are banned
|rule|Evasion Items Clause: Evasion items are banned
|rule|Evasion Moves Clause: Evasion moves are banned
|rule|Evasion Abilities Clause: Evasion abilities are banned
|rule|Sleep Moves Clause: Sleep-inducing moves are banned
|clearpoke
|poke|p1|Garchomp, M|
|poke|p1|Darkrai|
|poke|p1|Moltres|
|poke|p1|Great Tusk|
|poke|p1|Alomomola, M|
|poke|p1|Ogerpon-Wellspring, F|
|poke|p2|Moltres|
|poke|p2|Zamazenta-*|
|poke|p2|Darkrai|
|poke|p2|Hydrapple, M|
|poke|p2|Ting-Lu|
|poke|p2|Tinkaton, F|
|teampreview
|inactive|Battle timer is ON: inactive players will automatically lose when time's up. (requested by akibarubinstein)
|inactive|bobbydeoliscool has 120 seconds left.
|
|t:|1760451477
|teamsize|p1|6
|teamsize|p2|6
|start
|switch|p1a: Moltres|Moltres|100/100
|switch|p2a: Tinkaton|Tinkaton, F|100/100
|-ability|p2a: Tinkaton|Mold Breaker
|-item|p2a: Tinkaton|Air Balloon
|turn|1
|
|t:|1760451483
|move|p2a: Tinkaton|Thunder Wave|p1a: Moltres
|-status|p1a: Moltres|par
|move|p1a: Moltres|Flamethrower|p2a: Tinkaton
|-supereffective|p2a: Tinkaton
|-damage|p2a: Tinkaton|30/100
|-enditem|p2a: Tinkaton|Air Balloon
|
|upkeep
|turn|2
|
|t:|1760451495
|switch|p2a: Moltres|Moltres|100/100
|move|p1a: Moltres|Flamethrower|p2a: Moltres
|-resisted|p2a: Moltres
|-crit|p2a: Moltres
|-damage|p2a: Moltres|71/100
|
|upkeep
|turn|3
|
|t:|1760451505
|switch|p1a: Garchomp|Garchomp, M|100/100
|move|p2a: Moltres|Roost|p2a: Moltres
|-heal|p2a: Moltres|100/100
|-singleturn|p2a: Moltres|move: Roost
|
|upkeep
|turn|4
|
|t:|1760451508
|move|p1a: Garchomp|Stealth Rock|p2a: Moltres
|-sidestart|p2: bobbydeoliscool|move: Stealth Rock
|move|p2a: Moltres|U-turn|p1a: Garchomp
|-damage|p1a: Garchomp|92/100
|-damage|p2a: Moltres|88/100|[from] ability: Rough Skin|[of] p1a: Garchomp
|-damage|p2a: Moltres|72/100|[from] item: Rocky Helmet|[of] p1a: Garchomp
|
|t:|1760451515
|switch|p2a: Hydrapple|Hydrapple, M|100/100|[from] U-turn
|
|upkeep
|turn|5
|
|t:|1760451523
|switch|p1a: Moltres|Moltres|100/100 par
|move|p2a: Hydrapple|Fickle Beam|p1a: Moltres|[anim] Fickle Beam All Out
|-activate|p2a: Hydrapple|move: Fickle Beam
|-damage|p1a: Moltres|30/100 par
|
|upkeep
|turn|6
|
|t:|1760451531
|move|p2a: Hydrapple|Fickle Beam|p1a: Moltres
|-damage|p1a: Moltres|0 fnt
|faint|p1a: Moltres
|
|upkeep
|
|t:|1760451537
|switch|p1a: Darkrai|Darkrai|100/100
|turn|7
|
|t:|1760451541
|switch|p2a: Tinkaton|Tinkaton, F|30/100
|-damage|p2a: Tinkaton|24/100|[from] Stealth Rock
|-ability|p2a: Tinkaton|Mold Breaker
|move|p1a: Darkrai|Ice Beam|p2a: Tinkaton
|-resisted|p2a: Tinkaton
|-damage|p2a: Tinkaton|10/100
|
|upkeep
|turn|8
|
|t:|1760451549
|switch|p2a: Darkrai|Darkrai, shiny|100/100
|-damage|p2a: Darkrai|88/100|[from] Stealth Rock
|move|p1a: Darkrai|Dark Pulse|p2a: Darkrai
|-resisted|p2a: Darkrai
|-damage|p2a: Darkrai|69/100
|
|upkeep
|turn|9
|
|t:|1760451558
|switch|p1a: Alomomola|Alomomola, M|100/100
|move|p2a: Darkrai|Sludge Bomb|p1a: Alomomola
|-damage|p1a: Alomomola|77/100
|
|upkeep
|turn|10
|
|t:|1760451564
|move|p2a: Darkrai|Knock Off|p1a: Alomomola
|-damage|p1a: Alomomola|55/100
|-enditem|p1a: Alomomola|Heavy-Duty Boots|[from] move: Knock Off|[of] p2a: Darkrai
|move|p1a: Alomomola|Body Slam|p2a: Darkrai
|-damage|p2a: Darkrai|44/100
|-status|p2a: Darkrai|par
|
|upkeep
|turn|11
|
|t:|1760451576
|move|p2a: Darkrai|Dark Pulse|p1a: Alomomola
|-damage|p1a: Alomomola|24/100
|move|p1a: Alomomola|Wish|p1a: Alomomola
|
|upkeep
|turn|12
|
|t:|1760451588
|switch|p1a: Ogerpon|Ogerpon-Wellspring, F|100/100
|cant|p2a: Darkrai|par
|
|upkeep
|turn|13
|
|t:|1760451593
|switch|p2a: Hydrapple|Hydrapple, M|100/100
|move|p1a: Ogerpon|U-turn|p2a: Hydrapple
|-supereffective|p2a: Hydrapple
|-damage|p2a: Hydrapple|67/100
|
|t:|1760451596
|switch|p1a: Darkrai|Darkrai|100/100|[from] U-turn
|
|upkeep
|turn|14
|
|t:|1760451601
|switch|p2a: Tinkaton|Tinkaton, F|10/100
|-damage|p2a: Tinkaton|4/100|[from] Stealth Rock
|-ability|p2a: Tinkaton|Mold Breaker
|move|p1a: Darkrai|Ice Beam|p2a: Tinkaton
|-resisted|p2a: Tinkaton
|-damage|p2a: Tinkaton|0 fnt
|faint|p2a: Tinkaton
|
|upkeep
|
|t:|1760451614
|switch|p2a: Ting-Lu|Ting-Lu|100/100
|-damage|p2a: Ting-Lu|94/100|[from] Stealth Rock
|-ability|p2a: Ting-Lu|Vessel of Ruin
|turn|15
|
|t:|1760451617
|switch|p1a: Ogerpon|Ogerpon-Wellspring, F|100/100
|move|p2a: Ting-Lu|Spikes|p1a: Ogerpon
|-sidestart|p1: akibarubinstein|Spikes
|
|-heal|p2a: Ting-Lu|100/100|[from] item: Leftovers
|upkeep
|turn|16
|
|t:|1760451620
|switch|p2a: Hydrapple|Hydrapple, M|99/100
|move|p1a: Ogerpon|Ivy Cudgel|p2a: Hydrapple|[anim] Ivy Cudgel Water
|-resisted|p2a: Hydrapple
|-damage|p2a: Hydrapple|91/100
|
|upkeep
|turn|17
|
|t:|1760451626
|move|p1a: Ogerpon|Knock Off|p2a: Hydrapple
|-damage|p2a: Hydrapple|67/100
|-enditem|p2a: Hydrapple|Heavy-Duty Boots|[from] move: Knock Off|[of] p1a: Ogerpon
|move|p2a: Hydrapple|Giga Drain|p1a: Ogerpon
|-damage|p1a: Ogerpon|65/100
|-heal|p2a: Hydrapple|80/100|[from] drain|[of] p1a: Ogerpon
|
|upkeep
|turn|18
|
|t:|1760451632
|move|p1a: Ogerpon|U-turn|p2a: Hydrapple
|-supereffective|p2a: Hydrapple
|-damage|p2a: Hydrapple|43/100
|
|t:|1760451635
|switch|p1a: Darkrai|Darkrai|100/100|[from] U-turn
|move|p2a: Hydrapple|Giga Drain|p1a: Darkrai
|-damage|p1a: Darkrai|60/100
|-heal|p2a: Hydrapple|58/100|[from] drain|[of] p1a: Darkrai
|
|upkeep
|turn|19
|
|t:|1760451660
|switch|p2a: Darkrai|Darkrai, shiny|44/100 par
|-damage|p2a: Darkrai|32/100 par|[from] Stealth Rock
|move|p1a: Darkrai|Nasty Plot|p1a: Darkrai
|-boost|p1a: Darkrai|spa|2
|
|upkeep
|turn|20
|
|t:|1760451669
|move|p1a: Darkrai|Sludge Bomb|p2a: Darkrai
|-damage|p2a: Darkrai|0 fnt
|faint|p2a: Darkrai
|
|upkeep
|
|t:|1760451671
|switch|p2a: Zamazenta|Zamazenta|100/100
|-ability|p2a: Zamazenta|Dauntless Shield|boost
|-boost|p2a: Zamazenta|def|1
|turn|21
|
|t:|1760451673
|move|p2a: Zamazenta|Close Combat|p1a: Darkrai
|-supereffective|p1a: Darkrai
|-damage|p1a: Darkrai|0 fnt
|-unboost|p2a: Zamazenta|def|1
|-unboost|p2a: Zamazenta|spd|1
|faint|p1a: Darkrai
|
|upkeep
|
|t:|1760451680
|switch|p1a: Ogerpon|Ogerpon-Wellspring, F|65/100
|-damage|p1a: Ogerpon|52/100|[from] Spikes
|turn|22
|
|t:|1760451684
|switch|p1a: Garchomp|Garchomp, M|92/100
|-damage|p1a: Garchomp|79/100|[from] Spikes
|move|p2a: Zamazenta|Close Combat|p1a: Garchomp
|-crit|p1a: Garchomp
|-damage|p1a: Garchomp|19/100
|-unboost|p2a: Zamazenta|def|1
|-unboost|p2a: Zamazenta|spd|1
|-damage|p2a: Zamazenta|88/100|[from] ability: Rough Skin|[of] p1a: Garchomp
|-damage|p2a: Zamazenta|72/100|[from] item: Rocky Helmet|[of] p1a: Garchomp
|
|upkeep
|turn|23
|
|t:|1760451688
|move|p2a: Zamazenta|Close Combat|p1a: Garchomp
|-damage|p1a: Garchomp|0 fnt
|-unboost|p2a: Zamazenta|def|1
|-unboost|p2a: Zamazenta|spd|1
|-damage|p2a: Zamazenta|59/100|[from] ability: Rough Skin|[of] p1a: Garchomp
|-damage|p2a: Zamazenta|43/100|[from] item: Rocky Helmet|[of] p1a: Garchomp
|faint|p1a: Garchomp
|
|upkeep
|
|t:|1760451691
|switch|p1a: Great Tusk|Great Tusk|100/100
|-damage|p1a: Great Tusk|88/100|[from] Spikes
|-enditem|p1a: Great Tusk|Booster Energy
|-activate|p1a: Great Tusk|ability: Protosynthesis|[fromitem]
|-start|p1a: Great Tusk|protosynthesisspe
|turn|24
|
|t:|1760451718
|-end|p1a: Great Tusk|Protosynthesis|[silent]
|switch|p1a: Ogerpon|Ogerpon-Wellspring, F|52/100
|-damage|p1a: Ogerpon|40/100|[from] Spikes
|switch|p2a: Moltres|Moltres|72/100
|
|upkeep
|turn|25
|
|t:|1760451720
|switch|p2a: Hydrapple|Hydrapple, M|91/100
|-damage|p2a: Hydrapple|79/100|[from] Stealth Rock
|move|p1a: Ogerpon|Ivy Cudgel|p2a: Hydrapple|[anim] Ivy Cudgel Water
|-resisted|p2a: Hydrapple
|-damage|p2a: Hydrapple|69/100
|
|upkeep
|turn|26
|
|t:|1760451724
|move|p1a: Ogerpon|U-turn|p2a: Hydrapple
|-supereffective|p2a: Hydrapple
|-damage|p2a: Hydrapple|32/100
|
|t:|1760451726
|switch|p1a: Alomomola|Alomomola, M|58/100|[from] U-turn
|-damage|p1a: Alomomola|45/100|[from] Spikes
|move|p2a: Hydrapple|Giga Drain|p1a: Alomomola
|-supereffective|p1a: Alomomola
|-damage|p1a: Alomomola|0 fnt
|-heal|p2a: Hydrapple|61/100|[from] drain|[of] p1a: Alomomola
|faint|p1a: Alomomola
|
|upkeep
|
|t:|1760451728
|switch|p1a: Great Tusk|Great Tusk|88/100
|-damage|p1a: Great Tusk|76/100|[from] Spikes
|turn|27
|
|t:|1760451747
|switch|p2a: Moltres|Moltres|72/100
|move|p1a: Great Tusk|Bulk Up|p1a: Great Tusk
|-boost|p1a: Great Tusk|atk|1
|-boost|p1a: Great Tusk|def|1
|
|upkeep
|turn|28
|
|t:|1760451761
|move|p1a: Great Tusk|Bulk Up|p1a: Great Tusk
|-boost|p1a: Great Tusk|atk|1
|-boost|p1a: Great Tusk|def|1
|move|p2a: Moltres|Roar|p1a: Great Tusk
|-end|p1a: Great Tusk|Protosynthesis|[silent]
|drag|p1a: Ogerpon|Ogerpon-Wellspring, F|40/100
|-damage|p1a: Ogerpon|28/100|[from] Spikes
|
|upkeep
|turn|29
|
|t:|1760451766
|move|p1a: Ogerpon|U-turn|p2a: Moltres
|-resisted|p2a: Moltres
|-damage|p2a: Moltres|67/100
|-status|p1a: Ogerpon|brn|[from] ability: Flame Body|[of] p2a: Moltres
|-message|akibarubinstein forfeited.
|
|win|bobbydeoliscool
|raw|akibarubinstein's rating: 1503 &rarr; <strong>1483</strong><br />(-20 for losing)
|raw|bobbydeoliscool's rating: 1507 &rarr; <strong>1527</strong><br />(+20 for winning)
|l|☆akibarubinstein
|player|p1|
|l|☆bobbydeoliscool
|player|p2|
