|j|☆N00676918
|j|☆Swiscool
|t:|1760359003
|gametype|singles
|player|p1|N00676918|102|1669
|player|p2|Swiscool|2|1841
|gen|9
|tier|[Gen 9] OU
|rated|
|rule|HP Percentage Mod: HP is shown in percentages
|rule|Endless Battle Clause: Forcing endless battles is banned
|rule|Species Clause: Limit one of each Pokémon
|rule|OHKO Clause: OHKO moves are banned
|rule|Evasion Items Clause: Evasion items are banned
|rule|Evasion Moves Clause: Evasion moves are banned
|rule|Evasion Abilities Clause: Evasion abilities are banned
|rule|Sleep Moves Clause: Sleep-inducing moves are banned
|clearpoke
|poke|p1|Slowking-Galar, F|
|poke|p1|Tornadus-Therian, M|
|poke|p1|Iron Boulder|
|poke|p1|Great Tusk|
|poke|p1|Hydrapple, F|
|poke|p1|Kingambit, F|
|poke|p2|Samurott-Hisui, M|
|poke|p2|Darkrai|
|poke|p2|Kingambit, F|
|poke|p2|Landorus-Therian, M|
|poke|p2|Pecharunt|
|poke|p2|Enamorus, F|
|teampreview
|inactive|Battle timer is ON: inactive players will automatically lose when time's up. (requested by N00676918)
|j| hsbsjshjeejjeje
|
|t:|1760359037
|teamsize|p1|6
|teamsize|p2|6
|start
|switch|p1a: Hydrapple|Hydrapple, F|100/100
|switch|p2a: Enamorus|Enamorus, F|100/100
|turn|1
|
|t:|1760359044
|switch|p2a: Landorus|Landorus-Therian, M|100/100
|-ability|p2a: Landorus|Intimidate|boost
|-unboost|p1a: Hydrapple|atk|1
|switch|p1a: Tornadus|Tornadus-Therian, M|100/100
|
|upkeep
|turn|2
|
|t:|1760359049
|move|p1a: Tornadus|Bleakwind Storm|p2a: Landorus
|-damage|p2a: Landorus|50/100
|move|p2a: Landorus|Stealth Rock|p1a: Tornadus
|-sidestart|p1: N00676918|move: Stealth Rock
|
|upkeep
|turn|3
|
|t:|1760359058
|switch|p1a: Great Tusk|Great Tusk|100/100
|-damage|p1a: Great Tusk|97/100|[from] Stealth Rock
|move|p2a: Landorus|U-turn|p1a: Great Tusk
|-resisted|p1a: Great Tusk
|-damage|p1a: Great Tusk|91/100
|
|t:|1760359061
|switch|p2a: Enamorus|Enamorus, F|100/100|[from] U-turn
|
|-heal|p1a: Great Tusk|97/100|[from] item: Leftovers
|upkeep
|turn|4
|
|t:|1760359068
|-end|p1a: Great Tusk|Protosynthesis|[silent]
|switch|p1a: Slowking|Slowking-Galar, F|100/100
|-damage|p1a: Slowking|88/100|[from] Stealth Rock
|move|p2a: Enamorus|Earth Power|p1a: Slowking
|-supereffective|p1a: Slowking
|-damage|p1a: Slowking|26/100
|
|upkeep
|turn|5
|
|t:|1760359076
|switch|p2a: Samurott|Samurott-Hisui, M|100/100
|switch|p1a: Hydrapple|Hydrapple, F|100/100
|-damage|p1a: Hydrapple|88/100|[from] Stealth Rock
|
|upkeep
|turn|6
|
|t:|1760359089
|switch|p2a: Enamorus|Enamorus, F|100/100
|move|p1a: Hydrapple|Nasty Plot|p1a: Hydrapple
|-boost|p1a: Hydrapple|spa|2
|
|upkeep
|turn|7
|
|t:|1760359094
|move|p2a: Enamorus|Moonblast|p1a: Hydrapple
|-supereffective|p1a: Hydrapple
|-damage|p1a: Hydrapple|0 fnt
|faint|p1a: Hydrapple
|
|upkeep
|
|t:|1760359100
|switch|p1a: Iron Boulder|Iron Boulder|100/100
|-damage|p1a: Iron Boulder|88/100|[from] Stealth Rock
|turn|8
|
|t:|1760359107
|switch|p2a: Landorus|Landorus-Therian, M|50/100
|-ability|p2a: Landorus|Intimidate|boost
|-unboost|p1a: Iron Boulder|atk|1
|move|p1a: Iron Boulder|Mighty Cleave|p2a: Landorus
|-damage|p2a: Landorus|20/100
|-damage|p1a: Iron Boulder|72/100|[from] item: Rocky Helmet|[of] p2a: Landorus
|
|upkeep
|turn|9
|
|t:|1760359111
|switch|p2a: Pecharunt|Pecharunt|100/100
|move|p1a: Iron Boulder|Mighty Cleave|p2a: Pecharunt
|-damage|p2a: Pecharunt|78/100
|
|upkeep
|turn|10
|
|t:|1760359117
|-end|p1a: Iron Boulder|Quark Drive|[silent]
|switch|p1a: Slowking|Slowking-Galar, F|59/100
|-damage|p1a: Slowking|46/100|[from] Stealth Rock
|move|p2a: Pecharunt|Parting Shot|p1a: Slowking
|-unboost|p1a: Slowking|atk|1
|-unboost|p1a: Slowking|spa|1
|
|t:|1760359120
|switch|p2a: Samurott|Samurott-Hisui, M|100/100|[from] Parting Shot
|
|upkeep
|turn|11
|
|t:|1760359130
|switch|p1a: Great Tusk|Great Tusk|97/100
|-damage|p1a: Great Tusk|94/100|[from] Stealth Rock
|move|p2a: Samurott|Ceaseless Edge|p1a: Great Tusk
|-resisted|p1a: Great Tusk
|-damage|p1a: Great Tusk|78/100
|-sidestart|p1: N00676918|Spikes
|
|-heal|p1a: Great Tusk|84/100|[from] item: Leftovers
|upkeep
|turn|12
|
|t:|1760359137
|switch|p2a: Pecharunt|Pecharunt|78/100
|move|p1a: Great Tusk|Bulk Up|p1a: Great Tusk
|-boost|p1a: Great Tusk|atk|1
|-boost|p1a: Great Tusk|def|1
|
|-heal|p1a: Great Tusk|90/100|[from] item: Leftovers
|upkeep
|turn|13
|
|t:|1760359146
|-terastallize|p2a: Pecharunt|Ghost
|move|p1a: Great Tusk|Earthquake|p2a: Pecharunt
|-damage|p2a: Pecharunt|48/100
|move|p2a: Pecharunt|Malignant Chain|p1a: Great Tusk
|-resisted|p1a: Great Tusk
|-damage|p1a: Great Tusk|71/100
|-status|p1a: Great Tusk|tox
|-start|p1a: Great Tusk|confusion|[from] ability: Poison Puppeteer|[of] p2a: Pecharunt
|
|-heal|p1a: Great Tusk|77/100 tox|[from] item: Leftovers
|-damage|p1a: Great Tusk|71/100 tox|[from] psn
|upkeep
|turn|14
|
|t:|1760359155
|-activate|p1a: Great Tusk|confusion
|move|p1a: Great Tusk|Earthquake|p2a: Pecharunt
|-damage|p2a: Pecharunt|17/100
|move|p2a: Pecharunt|Recover|p2a: Pecharunt
|-heal|p2a: Pecharunt|67/100
|
|-heal|p1a: Great Tusk|77/100 tox|[from] item: Leftovers
|-damage|p1a: Great Tusk|65/100 tox|[from] psn
|upkeep
|turn|15
|-message|N00676918 forfeited.
|
|win|Swiscool
|raw|N00676918's rating: 1669 &rarr; <strong>1658</strong><br />(-11 for losing)
|raw|Swiscool's rating: 1841 &rarr; <strong>1852</strong><br />(+11 for winning)
|l|☆N00676918
|player|p1|
|l|☆Swiscool
|player|p2|
