|j|☆Balderan
|j|☆Samarand
|t:|1760433519
|gametype|singles
|player|p1|Balderan|clown|1160
|player|p2|Samarand|policeman|1168
|gen|9
|tier|[Gen 9] OU
|rated|
|rule|HP Percentage Mod: HP is shown in percentages
|rule|Endless Battle Clause: Forcing endless battles is banned
|rule|Species Clause: Limit one of each Pokémon
|rule|OHKO Clause: OHKO moves are banned
|rule|Evasion Items Clause: Evasion items are banned
|rule|Evasion Moves Clause: Evasion moves are banned
|rule|Evasion Abilities Clause: Evasion abilities are banned
|rule|Sleep Moves Clause: Sleep-inducing moves are banned
|clearpoke
|poke|p1|Empoleon, F|
|poke|p1|Comfey, M|
|poke|p1|Chesnaught, M|
|poke|p1|Weavile, F|
|poke|p1|Skarmory, F|
|poke|p1|Ceruledge, F|
|poke|p2|Delphox, F|
|poke|p2|Glimmora, M|
|poke|p2|Cramorant, M|
|poke|p2|Primarina, F|
|poke|p2|Scizor, F|
|poke|p2|Garchomp, M|
|teampreview
|inactive|Battle timer is ON: inactive players will automatically lose when time's up. (requested by Balderan)
|inactive|Samarand has 120 seconds left.
|
|t:|1760433559
|teamsize|p1|6
|teamsize|p2|6
|start
|switch|p1a: Ceruledge|Ceruledge, F|100/100
|switch|p2a: Delphox|Delphox, F|100/100
|turn|1
|
|t:|1760433569
|switch|p2a: Glimmora|Glimmora, M|100/100
|move|p1a: Ceruledge|Swords Dance|p1a: Ceruledge
|-boost|p1a: Ceruledge|atk|2
|
|upkeep
|turn|2
|
|t:|1760433581
|move|p1a: Ceruledge|Bitter Blade|p2a: Glimmora
|-resisted|p2a: Glimmora
|-damage|p2a: Glimmora|57/100
|-activate|p2a: Glimmora|ability: Toxic Debris
|-sidestart|p1: Balderan|move: Toxic Spikes
|move|p2a: Glimmora|Power Gem|p1a: Ceruledge
|-supereffective|p1a: Ceruledge
|-enditem|p1a: Ceruledge|Focus Sash
|-damage|p1a: Ceruledge|1/100
|
|upkeep
|turn|3
|
|t:|1760433591
|move|p1a: Ceruledge|Bitter Blade|p2a: Glimmora
|-resisted|p2a: Glimmora
|-damage|p2a: Glimmora|14/100
|-heal|p1a: Ceruledge|28/100|[from] drain|[of] p2a: Glimmora
|-activate|p2a: Glimmora|ability: Toxic Debris
|-sidestart|p1: Balderan|move: Toxic Spikes
|move|p2a: Glimmora|Power Gem|p1a: Ceruledge
|-supereffective|p1a: Ceruledge
|-damage|p1a: Ceruledge|0 fnt
|faint|p1a: Ceruledge
|
|upkeep
|
|t:|1760433606
|switch|p1a: Empoleon|Empoleon, F|100/100
|turn|4
|
|t:|1760433619
|move|p1a: Empoleon|Agility|p1a: Empoleon
|-boost|p1a: Empoleon|spe|2
|move|p2a: Glimmora|Earth Power|p1a: Empoleon
|-supereffective|p1a: Empoleon
|-damage|p1a: Empoleon|21/100
|
|upkeep
|turn|5
|
|t:|1760433626
|move|p1a: Empoleon|Surf|p2a: Glimmora
|-supereffective|p2a: Glimmora
|-damage|p2a: Glimmora|0 fnt
|faint|p2a: Glimmora
|
|upkeep
|
|t:|1760433640
|switch|p2a: Cramorant|Cramorant, M|100/100
|turn|6
|
|t:|1760433645
|move|p1a: Empoleon|Metal Sound|p2a: Cramorant|[miss]
|-miss|p1a: Empoleon|p2a: Cramorant
|move|p2a: Cramorant|Surf|p1a: Empoleon
|-formechange|p2a: Cramorant|Cramorant-Gulping|
|-resisted|p1a: Empoleon
|-damage|p1a: Empoleon|6/100
|
|upkeep
|turn|7
|
|t:|1760433649
|move|p1a: Empoleon|Metal Sound|p2a: Cramorant
|-unboost|p2a: Cramorant|spd|2
|-enditem|p1a: Empoleon|Throat Spray
|-boost|p1a: Empoleon|spa|1|[from] item: Throat Spray
|move|p2a: Cramorant|Roost||[still]
|-fail|p2a: Cramorant|heal
|
|upkeep
|turn|8
|
|t:|1760433659
|move|p1a: Empoleon|Ice Beam|p2a: Cramorant
|-damage|p2a: Cramorant|29/100
|-damage|p1a: Empoleon|0 fnt|[from] ability: Gulp Missile|[of] p2a: Cramorant
|-formechange|p2a: Cramorant|Cramorant|
|faint|p1a: Empoleon
|move|p2a: Cramorant|Roost|p2a: Cramorant
|-heal|p2a: Cramorant|80/100
|-singleturn|p2a: Cramorant|move: Roost
|
|upkeep
|
|t:|1760433670
|switch|p1a: Comfey|Comfey, M|100/100
|-status|p1a: Comfey|tox
|turn|9
|
|t:|1760433676
|switch|p2a: Scizor|Scizor, F|100/100
|move|p1a: Comfey|Calm Mind|p1a: Comfey
|-boost|p1a: Comfey|spa|1
|-boost|p1a: Comfey|spd|1
|
|-damage|p1a: Comfey|94/100 tox|[from] psn
|upkeep
|turn|10
|
|t:|1760433687
|move|p2a: Scizor|Bullet Punch|p1a: Comfey
|-supereffective|p1a: Comfey
|-damage|p1a: Comfey|9/100 tox
|move|p1a: Comfey|Stored Power|p2a: Scizor
|-resisted|p2a: Scizor
|-damage|p2a: Scizor|82/100
|-damage|p1a: Comfey|0 fnt|[from] item: Life Orb
|faint|p1a: Comfey
|
|-heal|p2a: Scizor|89/100|[from] item: Leftovers
|upkeep
|
|t:|1760433694
|switch|p1a: Skarmory|Skarmory, F, shiny|100/100
|turn|11
|
|t:|1760433707
|switch|p2a: Cramorant|Cramorant, M|80/100
|move|p1a: Skarmory|Swords Dance|p1a: Skarmory
|-boost|p1a: Skarmory|atk|2
|
|upkeep
|turn|12
|
|t:|1760433714
|move|p1a: Skarmory|Brave Bird|p2a: Cramorant
|-damage|p2a: Cramorant|0 fnt
|faint|p2a: Cramorant
|-damage|p1a: Skarmory|68/100|[from] Recoil
|
|upkeep
|
|t:|1760433720
|switch|p2a: Delphox|Delphox, F|100/100
|turn|13
|
|t:|1760433727
|-terastallize|p1a: Skarmory|Fire
|move|p2a: Delphox|Flamethrower|p1a: Skarmory
|-resisted|p1a: Skarmory
|-damage|p1a: Skarmory|29/100
|move|p1a: Skarmory|Brave Bird|p2a: Delphox
|-damage|p2a: Delphox|0 fnt
|faint|p2a: Delphox
|-damage|p1a: Skarmory|0 fnt|[from] Recoil
|faint|p1a: Skarmory
|
|upkeep
|
|t:|1760433743
|switch|p2a: Scizor|Scizor, F|89/100
|switch|p1a: Chesnaught|Chesnaught, M|100/100
|-status|p1a: Chesnaught|tox
|turn|14
|
|t:|1760433751
|switch|p2a: Garchomp|Garchomp, M|100/100
|move|p1a: Chesnaught|Belly Drum|p1a: Chesnaught
|-damage|p1a: Chesnaught|50/100 tox
|-setboost|p1a: Chesnaught|atk|6|[from] move: Belly Drum
|-enditem|p1a: Chesnaught|Sitrus Berry|[eat]
|-heal|p1a: Chesnaught|75/100 tox|[from] item: Sitrus Berry
|
|-damage|p1a: Chesnaught|69/100 tox|[from] psn
|upkeep
|turn|15
|
|t:|1760433766
|move|p2a: Garchomp|Scale Shot|p1a: Chesnaught
|-damage|p1a: Chesnaught|56/100 tox
|-damage|p1a: Chesnaught|42/100 tox
|-damage|p1a: Chesnaught|28/100 tox
|-damage|p1a: Chesnaught|12/100 tox
|-hitcount|p1a: Chesnaught|4
|-unboost|p2a: Garchomp|def|1
|-boost|p2a: Garchomp|spe|1
|-damage|p2a: Garchomp|91/100|[from] item: Life Orb
|move|p1a: Chesnaught|Drain Punch|p2a: Garchomp
|-damage|p2a: Garchomp|0 fnt
|-heal|p1a: Chesnaught|54/100 tox|[from] drain|[of] p2a: Garchomp
|-damage|p1a: Chesnaught|42/100 tox|[from] ability: Rough Skin|[of] p2a: Garchomp
|faint|p2a: Garchomp
|
|-damage|p1a: Chesnaught|30/100 tox|[from] psn
|upkeep
|
|t:|1760433789
|switch|p2a: Scizor|Scizor, F|89/100
|turn|16
|
|t:|1760433792
|-terastallize|p2a: Scizor|Steel
|move|p2a: Scizor|Bullet Punch|p1a: Chesnaught
|-damage|p1a: Chesnaught|0 fnt
|faint|p1a: Chesnaught
|
|-heal|p2a: Scizor|95/100|[from] item: Leftovers
|upkeep
|
|t:|1760433796
|switch|p1a: Weavile|Weavile, F|100/100
|-ability|p1a: Weavile|Pressure
|turn|17
|
|t:|1760433799
|move|p2a: Scizor|Bullet Punch|p1a: Weavile
|-supereffective|p1a: Weavile
|-damage|p1a: Weavile|0 fnt
|faint|p1a: Weavile
|
|win|Samarand
|raw|Balderan's rating: 1160 &rarr; <strong>1136</strong><br />(-24 for losing)
|raw|Samarand's rating: 1168 &rarr; <strong>1192</strong><br />(+24 for winning)
|l|☆Balderan
|player|p1|
|l|☆Samarand
|player|p2|
