|j|☆Guerrero105
|j|☆spirefire
|t:|1760454978
|gametype|singles
|player|p1|Guerrero105|lucas-gen4pt|1328
|player|p2|spirefire|miku-ghost|1369
|gen|9
|tier|[Gen 9] OU
|rated|
|rule|HP Percentage Mod: HP is shown in percentages
|rule|Endless Battle Clause: Forcing endless battles is banned
|rule|Species Clause: Limit one of each Pokémon
|rule|OHKO Clause: OHKO moves are banned
|rule|Evasion Items Clause: Evasion items are banned
|rule|Evasion Moves Clause: Evasion moves are banned
|rule|Evasion Abilities Clause: Evasion abilities are banned
|rule|Sleep Moves Clause: Sleep-inducing moves are banned
|clearpoke
|poke|p1|Garchomp, M|
|poke|p1|Corviknight, M|
|poke|p1|Clefable, F|
|poke|p1|Galvantula, M|
|poke|p1|Incineroar, M|
|poke|p1|Serperior, M|
|poke|p2|Glimmora, F|
|poke|p2|Iron Treads|
|poke|p2|Polteageist-Antique|
|poke|p2|Raging Bolt|
|poke|p2|Dragonite, M|
|poke|p2|Zamazenta-*|
|teampreview
|inactive|Battle timer is ON: inactive players will automatically lose when time's up. (requested by spirefire)
|inactive|Guerrero105 also wants the timer to be on.
|inactive|Guerrero105 has 120 seconds left.
|
|t:|1760455032
|teamsize|p1|6
|teamsize|p2|6
|start
|switch|p1a: Galvantula|Galvantula, M|100/100
|switch|p2a: Glimmora|Glimmora, F|100/100
|turn|1
|
|t:|1760455046
|move|p2a: Glimmora|Power Gem|p1a: Galvantula
|-supereffective|p1a: Galvantula
|-crit|p1a: Galvantula
|-enditem|p1a: Galvantula|Focus Sash
|-damage|p1a: Galvantula|1/100
|move|p1a: Galvantula|Thunder|p2a: Glimmora
|-damage|p2a: Glimmora|43/100
|
|upkeep
|turn|2
|
|t:|1760455061
|move|p2a: Glimmora|Power Gem|p1a: Galvantula
|-supereffective|p1a: Galvantula
|-damage|p1a: Galvantula|0 fnt
|faint|p1a: Galvantula
|
|upkeep
|
|t:|1760455074
|switch|p1a: Garchomp|Garchomp, M|100/100
|turn|3
|
|t:|1760455078
|move|p2a: Glimmora|Power Gem|p1a: Garchomp
|-resisted|p1a: Garchomp
|-damage|p1a: Garchomp|79/100
|move|p1a: Garchomp|Swords Dance|p1a: Garchomp
|-boost|p1a: Garchomp|atk|2
|
|upkeep
|turn|4
|
|t:|1760455091
|switch|p2a: Zamazenta|Zamazenta|100/100
|-ability|p2a: Zamazenta|Dauntless Shield|boost
|-boost|p2a: Zamazenta|def|1
|move|p1a: Garchomp|Swords Dance|p1a: Garchomp
|-boost|p1a: Garchomp|atk|2
|
|upkeep
|turn|5
|
|t:|1760455113
|move|p1a: Garchomp|Scale Shot|p2a: Zamazenta
|-damage|p2a: Zamazenta|83/100
|-damage|p2a: Zamazenta|67/100
|-damage|p2a: Zamazenta|49/100
|-damage|p2a: Zamazenta|31/100
|-damage|p2a: Zamazenta|14/100
|-hitcount|p2a: Zamazenta|5
|-unboost|p1a: Garchomp|def|1
|-boost|p1a: Garchomp|spe|1
|move|p2a: Zamazenta|Roar|p1a: Garchomp
|drag|p1a: Incineroar|Incineroar, M|100/100
|-ability|p1a: Incineroar|Intimidate|boost
|-unboost|p2a: Zamazenta|atk|1
|
|-heal|p2a: Zamazenta|20/100|[from] item: Leftovers
|upkeep
|turn|6
|
|t:|1760455128
|switch|p1a: Clefable|Clefable, F|100/100
|move|p2a: Zamazenta|Iron Defense|p2a: Zamazenta
|-boost|p2a: Zamazenta|def|2
|
|-heal|p2a: Zamazenta|26/100|[from] item: Leftovers
|upkeep
|turn|7
|inactive|Guerrero105 has 120 seconds left.
|
|t:|1760455145
|move|p1a: Clefable|Stealth Rock|p2a: Zamazenta
|-sidestart|p2: spirefire|move: Stealth Rock
|move|p2a: Zamazenta|Roar|p1a: Clefable
|drag|p1a: Incineroar|Incineroar, M|100/100
|-ability|p1a: Incineroar|Intimidate|boost
|-unboost|p2a: Zamazenta|atk|1
|
|-heal|p2a: Zamazenta|32/100|[from] item: Leftovers
|upkeep
|turn|8
|inactive|Guerrero105 has 120 seconds left.
|
|t:|1760455173
|switch|p1a: Clefable|Clefable, F|100/100
|move|p2a: Zamazenta|Body Press|p1a: Clefable
|-resisted|p1a: Clefable
|-damage|p1a: Clefable|78/100
|
|-heal|p2a: Zamazenta|39/100|[from] item: Leftovers
|-heal|p1a: Clefable|84/100|[from] item: Leftovers
|upkeep
|turn|9
|
|t:|1760455183
|move|p1a: Clefable|Thunder Wave|p2a: Zamazenta
|-status|p2a: Zamazenta|par
|move|p2a: Zamazenta|Roar|p1a: Clefable
|drag|p1a: Serperior|Serperior, M|100/100
|
|-heal|p2a: Zamazenta|45/100 par|[from] item: Leftovers
|upkeep
|turn|10
|
|t:|1760455212
|move|p1a: Serperior|Leaf Storm|p2a: Zamazenta
|-damage|p2a: Zamazenta|4/100 par
|-boost|p1a: Serperior|spa|2
|move|p2a: Zamazenta|Body Press|p1a: Serperior
|-damage|p1a: Serperior|0 fnt
|faint|p1a: Serperior
|
|-heal|p2a: Zamazenta|10/100 par|[from] item: Leftovers
|upkeep
|inactive|Guerrero105 has 90 seconds left.
|
|t:|1760455227
|switch|p1a: Clefable|Clefable, F|84/100
|turn|11
|
|t:|1760455234
|move|p2a: Zamazenta|Body Press|p1a: Clefable
|-resisted|p1a: Clefable
|-damage|p1a: Clefable|60/100
|move|p1a: Clefable|Moonblast|p2a: Zamazenta
|-supereffective|p2a: Zamazenta
|-damage|p2a: Zamazenta|0 fnt
|faint|p2a: Zamazenta
|
|-heal|p1a: Clefable|66/100|[from] item: Leftovers
|upkeep
|
|t:|1760455237
|switch|p2a: Iron Treads|Iron Treads|100/100
|-damage|p2a: Iron Treads|97/100|[from] Stealth Rock
|-enditem|p2a: Iron Treads|Booster Energy
|-activate|p2a: Iron Treads|ability: Quark Drive|[fromitem]
|-start|p2a: Iron Treads|quarkdrivespe
|turn|12
|
|t:|1760455252
|switch|p1a: Corviknight|Corviknight, M|100/100
|-ability|p1a: Corviknight|Pressure
|move|p2a: Iron Treads|Knock Off|p1a: Corviknight
|-damage|p1a: Corviknight|84/100
|-damage|p2a: Iron Treads|81/100|[from] item: Rocky Helmet|[of] p1a: Corviknight
|-enditem|p1a: Corviknight|Rocky Helmet|[from] move: Knock Off|[of] p2a: Iron Treads
|
|upkeep
|turn|13
|
|t:|1760455259
|move|p2a: Iron Treads|Rapid Spin|p1a: Corviknight
|-resisted|p1a: Corviknight
|-damage|p1a: Corviknight|80/100
|-boost|p2a: Iron Treads|spe|1
|-sideend|p2: spirefire|Stealth Rock|[from] move: Rapid Spin|[of] p2a: Iron Treads
|move|p1a: Corviknight|Body Press|p2a: Iron Treads
|-supereffective|p2a: Iron Treads
|-damage|p2a: Iron Treads|46/100
|
|upkeep
|turn|14
|
|t:|1760455264
|move|p2a: Iron Treads|Stealth Rock|p1a: Corviknight
|-sidestart|p1: Guerrero105|move: Stealth Rock
|move|p1a: Corviknight|Iron Defense|p1a: Corviknight
|-boost|p1a: Corviknight|def|2
|
|upkeep
|turn|15
|
|t:|1760455271
|move|p2a: Iron Treads|Endeavor|p1a: Corviknight
|-damage|p1a: Corviknight|50/100
|move|p1a: Corviknight|Defog|p2a: Iron Treads
|-unboost|p2a: Iron Treads|evasion|1
|-sideend|p1: Guerrero105|Stealth Rock|[from] move: Defog|[of] p1a: Corviknight
|
|upkeep
|turn|16
|inactive|Guerrero105 has 120 seconds left.
|inactive|Guerrero105 has 90 seconds left.
|
|t:|1760455314
|move|p2a: Iron Treads|Knock Off|p1a: Corviknight
|-damage|p1a: Corviknight|44/100
|move|p1a: Corviknight|Roost|p1a: Corviknight
|-heal|p1a: Corviknight|94/100
|-singleturn|p1a: Corviknight|move: Roost
|
|upkeep
|turn|17
|
|t:|1760455317
|move|p2a: Iron Treads|Endeavor|p1a: Corviknight
|-damage|p1a: Corviknight|50/100
|move|p1a: Corviknight|Body Press|p2a: Iron Treads
|-supereffective|p2a: Iron Treads
|-damage|p2a: Iron Treads|0 fnt
|faint|p2a: Iron Treads
|-end|p2a: Iron Treads|Quark Drive|[silent]
|
|upkeep
|
|t:|1760455323
|switch|p2a: Raging Bolt|Raging Bolt|100/100
|-enditem|p2a: Raging Bolt|Booster Energy
|-activate|p2a: Raging Bolt|ability: Protosynthesis|[fromitem]
|-start|p2a: Raging Bolt|protosynthesisspa
|turn|18
|inactive|Guerrero105 has 90 seconds left.
|
|t:|1760455358
|switch|p1a: Clefable|Clefable, F|66/100
|move|p2a: Raging Bolt|Thunderbolt|p1a: Clefable
|-damage|p1a: Clefable|13/100
|
|-heal|p1a: Clefable|19/100|[from] item: Leftovers
|upkeep
|turn|19
|inactive|Guerrero105 has 90 seconds left.
|
|t:|1760455363
|move|p2a: Raging Bolt|Thunderbolt|p1a: Clefable
|-damage|p1a: Clefable|0 fnt
|faint|p1a: Clefable
|
|upkeep
|inactive|Guerrero105 has 90 seconds left.
|
|t:|1760455369
|switch|p1a: Garchomp|Garchomp, M|79/100
|turn|20
|
|t:|1760455378
|switch|p1a: Corviknight|Corviknight, M|50/100
|-ability|p1a: Corviknight|Pressure
|-terastallize|p2a: Raging Bolt|Bug
|move|p2a: Raging Bolt|Dragon Pulse|p1a: Corviknight
|-resisted|p1a: Corviknight
|-damage|p1a: Corviknight|11/100
|
|upkeep
|turn|21
|
|t:|1760455385
|move|p2a: Raging Bolt|Thunderbolt|p1a: Corviknight
|-supereffective|p1a: Corviknight
|-damage|p1a: Corviknight|0 fnt
|faint|p1a: Corviknight
|
|upkeep
|
|t:|1760455388
|switch|p1a: Incineroar|Incineroar, M|100/100
|-ability|p1a: Incineroar|Intimidate|boost
|-unboost|p2a: Raging Bolt|atk|1
|turn|22
|
|t:|1760455393
|move|p2a: Raging Bolt|Thunderbolt|p1a: Incineroar
|-damage|p1a: Incineroar|48/100
|move|p1a: Incineroar|Flare Blitz|p2a: Raging Bolt
|-supereffective|p2a: Raging Bolt
|-damage|p2a: Raging Bolt|13/100
|-damage|p1a: Incineroar|17/100|[from] Recoil
|
|-heal|p1a: Incineroar|23/100|[from] item: Leftovers
|upkeep
|turn|23
|
|t:|1760455399
|move|p2a: Raging Bolt|Dragon Pulse|p1a: Incineroar
|-damage|p1a: Incineroar|0 fnt
|faint|p1a: Incineroar
|
|upkeep
|
|t:|1760455404
|switch|p1a: Garchomp|Garchomp, M|79/100
|turn|24
|
|t:|1760455406
|move|p1a: Garchomp|Scale Shot|p2a: Raging Bolt
|-damage|p2a: Raging Bolt|0 fnt
|faint|p2a: Raging Bolt
|-end|p2a: Raging Bolt|Protosynthesis|[silent]
|-hitcount|p2: Raging Bolt|1
|-unboost|p1a: Garchomp|def|1
|-boost|p1a: Garchomp|spe|1
|
|upkeep
|
|t:|1760455411
|switch|p2a: 快龙一定要快|Dragonite, M|100/100
|turn|25
|
|t:|1760455416
|switch|p2a: Glimmora|Glimmora, F|43/100
|move|p1a: Garchomp|Scale Shot|p2a: Glimmora
|-damage|p2a: Glimmora|27/100
|-activate|p2a: Glimmora|ability: Toxic Debris
|-sidestart|p1: Guerrero105|move: Toxic Spikes
|-damage|p2a: Glimmora|10/100
|-activate|p2a: Glimmora|ability: Toxic Debris
|-sidestart|p1: Guerrero105|move: Toxic Spikes
|-damage|p2a: Glimmora|0 fnt
|faint|p2a: Glimmora
|-hitcount|p2: Glimmora|3
|-unboost|p1a: Garchomp|def|1
|-boost|p1a: Garchomp|spe|1
|
|upkeep
|
|t:|1760455419
|switch|p2a: Polteageist|Polteageist-Antique|100/100
|turn|26
|
|t:|1760455423
|move|p1a: Garchomp|Scale Shot|p2a: Polteageist
|-damage|p2a: Polteageist|78/100
|-ability|p2a: Polteageist|Weak Armor|boost
|-unboost|p2a: Polteageist|def|1
|-boost|p2a: Polteageist|spe|2
|-damage|p2a: Polteageist|41/100
|-ability|p2a: Polteageist|Weak Armor|boost
|-unboost|p2a: Polteageist|def|1
|-boost|p2a: Polteageist|spe|2
|-damage|p2a: Polteageist|0 fnt
|faint|p2a: Polteageist
|-hitcount|p2: Polteageist|3
|-unboost|p1a: Garchomp|def|1
|-boost|p1a: Garchomp|spe|1
|
|upkeep
|
|t:|1760455425
|switch|p2a: 快龙一定要快|Dragonite, M|100/100
|turn|27
|
|t:|1760455428
|move|p2a: 快龙一定要快|Extreme Speed|p1a: Garchomp
|-crit|p1a: Garchomp
|-damage|p1a: Garchomp|0 fnt
|-damage|p2a: 快龙一定要快|88/100|[from] ability: Rough Skin|[of] p1a: Garchomp
|faint|p1a: Garchomp
|
|win|spirefire
|raw|Guerrero105's rating: 1328 &rarr; <strong>1310</strong><br />(-18 for losing)
|raw|spirefire's rating: 1369 &rarr; <strong>1387</strong><br />(+18 for winning)
|l|☆spirefire
|player|p2|
|l|☆Guerrero105
|player|p1|
