|j|☆gylius
|j|☆AloneKitsuni
|t:|1760423698
|gametype|singles
|player|p1|gylius|ghetsis-gen5bw|1000
|player|p2|AloneKitsuni|265|1041
|gen|9
|tier|[Gen 9] OU
|rated|
|rule|HP Percentage Mod: HP is shown in percentages
|rule|Endless Battle Clause: Forcing endless battles is banned
|rule|Species Clause: Limit one of each Pokémon
|rule|OHKO Clause: OHKO moves are banned
|rule|Evasion Items Clause: Evasion items are banned
|rule|Evasion Moves Clause: Evasion moves are banned
|rule|Evasion Abilities Clause: Evasion abilities are banned
|rule|Sleep Moves Clause: Sleep-inducing moves are banned
|clearpoke
|poke|p1|Meowscarada, M|
|poke|p1|Cinderace, F|
|poke|p1|Sylveon, F|
|poke|p1|Ogerpon-Wellspring, F|
|poke|p1|Exeggutor-Alola, M|
|poke|p1|Raging Bolt|
|poke|p2|Ogerpon-Cornerstone, F|
|poke|p2|Ribombee, F|
|poke|p2|Hatterene, F|
|teampreview
|
|t:|1760423705
|teamsize|p1|6
|teamsize|p2|3
|start
|switch|p1a: Raging Bolt|Raging Bolt|100/100
|switch|p2a: Hatterene|Hatterene, F|100/100
|turn|1
|
|t:|1760423714
|move|p1a: Raging Bolt|Sunny Day|p1a: Raging Bolt
|-weather|SunnyDay
|-activate|p1a: Raging Bolt|ability: Protosynthesis
|-start|p1a: Raging Bolt|protosynthesisspa
|move|p2a: Hatterene|Light Screen|p2a: Hatterene
|-sidestart|p2: AloneKitsuni|move: Light Screen
|
|-weather|SunnyDay|[upkeep]
|upkeep
|turn|2
|
|t:|1760423719
|move|p1a: Raging Bolt|Weather Ball|p2a: Hatterene
|-damage|p2a: Hatterene|70/100
|move|p2a: Hatterene|Reflect|p2a: Hatterene
|-sidestart|p2: AloneKitsuni|Reflect
|
|-weather|SunnyDay|[upkeep]
|upkeep
|turn|3
|
|t:|1760423725
|move|p1a: Raging Bolt|Weather Ball|p2a: Hatterene
|-damage|p2a: Hatterene|38/100
|move|p2a: Hatterene|Healing Wish|p2a: Hatterene
|faint|p2a: Hatterene
|
|-weather|SunnyDay|[upkeep]
|upkeep
|
|t:|1760423738
|switch|p2a: Ribombee|Ribombee, F|100/100
|turn|4
|
|t:|1760423742
|move|p2a: Ribombee|Sticky Web|p1a: Raging Bolt
|-sidestart|p1: gylius|move: Sticky Web
|move|p1a: Raging Bolt|Weather Ball|p2a: Ribombee
|-supereffective|p2a: Ribombee
|-enditem|p2a: Ribombee|Focus Sash
|-damage|p2a: Ribombee|1/100
|
|-weather|SunnyDay|[upkeep]
|upkeep
|turn|5
|
|t:|1760423750
|move|p1a: Raging Bolt|Thunderclap|p2a: Ribombee
|-damage|p2a: Ribombee|0 fnt
|faint|p2a: Ribombee
|
|-weather|none
|-end|p1a: Raging Bolt|Protosynthesis
|-sideend|p2: AloneKitsuni|move: Light Screen
|upkeep
|
|t:|1760423752
|switch|p2a: Ogerpon|Ogerpon-Cornerstone, F|100/100
|turn|6
|
|t:|1760423764
|-terastallize|p1a: Raging Bolt|Electric
|move|p1a: Raging Bolt|Thunderclap||[still]
|-fail|p1a: Raging Bolt
|move|p2a: Ogerpon|Focus Energy|p2a: Ogerpon
|-start|p2a: Ogerpon|move: Focus Energy
|
|-sideend|p2: AloneKitsuni|Reflect
|upkeep
|turn|7
|
|t:|1760423776
|-terastallize|p2a: Ogerpon|Rock
|detailschange|p2a: Ogerpon|Ogerpon-Cornerstone-Tera, F, tera:Rock
|-ability|p2a: Ogerpon|Embody Aspect (Cornerstone)|boost
|-boost|p2a: Ogerpon|def|1
|move|p1a: Raging Bolt|Thunderclap|p2a: Ogerpon
|-damage|p2a: Ogerpon|24/100
|move|p2a: Ogerpon|Ivy Cudgel|p1a: Raging Bolt|[anim] Ivy Cudgel Rock
|-crit|p1a: Raging Bolt
|-damage|p1a: Raging Bolt|3/100
|
|upkeep
|turn|8
|
|t:|1760423790
|move|p1a: Raging Bolt|Thunderclap||[still]
|-fail|p1a: Raging Bolt
|move|p2a: Ogerpon|Focus Energy||[still]
|-fail|p2a: Ogerpon
|
|upkeep
|turn|9
|
|t:|1760423797
|move|p1a: Raging Bolt|Thunderclap||[still]
|-fail|p1a: Raging Bolt
|move|p2a: Ogerpon|Focus Energy||[still]
|-fail|p2a: Ogerpon
|
|upkeep
|turn|10
|
|t:|1760423804
|move|p2a: Ogerpon|Trailblaze|p1a: Raging Bolt
|-damage|p1a: Raging Bolt|0 fnt
|-boost|p2a: Ogerpon|spe|1
|faint|p1a: Raging Bolt
|-end|p1a: Raging Bolt|Protosynthesis|[silent]
|
|upkeep
|
|t:|1760423811
|switch|p1a: fairy|Sylveon, F|100/100
|-activate|p1a: fairy|move: Sticky Web
|-unboost|p1a: fairy|spe|1
|turn|11
|
|t:|1760423815
|move|p1a: fairy|Quick Attack|p2a: Ogerpon
|-damage|p2a: Ogerpon|14/100
|move|p2a: Ogerpon|Ivy Cudgel|p1a: fairy|[anim] Ivy Cudgel Rock
|-crit|p1a: fairy
|-damage|p1a: fairy|0 fnt
|faint|p1a: fairy
|
|upkeep
|
|t:|1760423822
|switch|p1a: Cinderace|Cinderace, F|100/100
|turn|12
|
|t:|1760423825
|move|p2a: Ogerpon|Ivy Cudgel|p1a: Cinderace|[anim] Ivy Cudgel Rock
|-supereffective|p1a: Cinderace
|-crit|p1a: Cinderace
|-damage|p1a: Cinderace|0 fnt
|faint|p1a: Cinderace
|
|upkeep
|
|t:|1760423884
|switch|p1a: water marsmallow|Ogerpon-Wellspring, F|100/100
|-activate|p1a: water marsmallow|move: Sticky Web
|-unboost|p1a: water marsmallow|spe|1
|turn|13
|
|t:|1760423891
|move|p2a: Ogerpon|Ivy Cudgel|p1a: water marsmallow|[anim] Ivy Cudgel Rock
|-crit|p1a: water marsmallow
|-damage|p1a: water marsmallow|0 fnt
|faint|p1a: water marsmallow
|
|upkeep
|
|t:|1760423895
|switch|p1a: Exeggutor|Exeggutor-Alola, M|100/100
|-activate|p1a: Exeggutor|move: Sticky Web
|-unboost|p1a: Exeggutor|spe|1
|turn|14
|
|t:|1760423903
|move|p2a: Ogerpon|Ivy Cudgel|p1a: Exeggutor|[anim] Ivy Cudgel Rock
|-crit|p1a: Exeggutor
|-damage|p1a: Exeggutor|12/100
|-enditem|p1a: Exeggutor|Sitrus Berry|[eat]
|-heal|p1a: Exeggutor|37/100|[from] item: Sitrus Berry
|move|p1a: Exeggutor|Leech Seed|p2a: Ogerpon
|-start|p2a: Ogerpon|move: Leech Seed
|
|-damage|p2a: Ogerpon|1/100|[from] Leech Seed|[of] p1a: Exeggutor
|-heal|p1a: Exeggutor|46/100|[silent]
|-item|p1a: Exeggutor|Sitrus Berry|[from] ability: Harvest
|upkeep
|-enditem|p1a: Exeggutor|Sitrus Berry|[eat]
|-heal|p1a: Exeggutor|71/100|[from] item: Sitrus Berry
|turn|15
|c|☆AloneKitsuni|Gg
|
|t:|1760423915
|move|p2a: Ogerpon|Ivy Cudgel|p1a: Exeggutor|[anim] Ivy Cudgel Rock
|-crit|p1a: Exeggutor
|-damage|p1a: Exeggutor|0 fnt
|faint|p1a: Exeggutor
|
|upkeep
|
|t:|1760423920
|switch|p1a: cat|Meowscarada, M|100/100
|-activate|p1a: cat|move: Sticky Web
|-unboost|p1a: cat|spe|1
|turn|16
|
|t:|1760423927
|move|p2a: Ogerpon|Ivy Cudgel|p1a: cat|[anim] Ivy Cudgel Rock
|-crit|p1a: cat
|-damage|p1a: cat|0 fnt
|faint|p1a: cat
|
|win|AloneKitsuni
|raw|gylius's rating: 1000 &rarr; <strong>1000</strong><br />(+0 for losing)
|raw|AloneKitsuni's rating: 1041 &rarr; <strong>1071</strong><br />(+30 for winning)
