|j|☆AnneSylveon69
|j|☆shanensored
|t:|1760386225
|gametype|singles
|player|p1|AnneSylveon69|fantina|1184
|player|p2|shanensored|n|1207
|gen|9
|tier|[Gen 9] OU
|rated|
|rule|HP Percentage Mod: HP is shown in percentages
|rule|Endless Battle Clause: Forcing endless battles is banned
|rule|Species Clause: Limit one of each Pokémon
|rule|OHKO Clause: OHKO moves are banned
|rule|Evasion Items Clause: Evasion items are banned
|rule|Evasion Moves Clause: Evasion moves are banned
|rule|Evasion Abilities Clause: Evasion abilities are banned
|rule|Sleep Moves Clause: Sleep-inducing moves are banned
|clearpoke
|poke|p1|Raging Bolt|
|poke|p1|Gholdengo|
|poke|p1|Great Tusk|
|poke|p1|Alomomola, M|
|poke|p1|Dragonite, M|
|poke|p1|Garganacl, F|
|poke|p2|Ninetales, M|
|poke|p2|Ceruledge, M|
|poke|p2|Venusaur, F|
|poke|p2|Hatterene, F|
|poke|p2|Great Tusk|
|poke|p2|Walking Wake|
|teampreview
|c|☆AnneSylveon69|Ah shit here we go again
|c|☆shanensored|?
|
|t:|1760386257
|teamsize|p1|6
|teamsize|p2|6
|start
|switch|p1a: Raging Bolt|Raging Bolt|100/100
|switch|p2a: Die w A Smile|Hatterene, F|100/100
|turn|1
|
|t:|1760386275
|move|p1a: Raging Bolt|Volt Switch|p2a: Die w A Smile
|-damage|p2a: Die w A Smile|35/100
|-enditem|p2a: Die w A Smile|Eject Button
|
|t:|1760386284
|switch|p2a: Kurama Chakra Mode|Ninetales, M|100/100
|-weather|SunnyDay|[from] ability: Drought|[of] p2a: Kurama Chakra Mode
|-activate|p1a: Raging Bolt|ability: Protosynthesis
|-start|p1a: Raging Bolt|protosynthesisspa
|
|-weather|SunnyDay|[upkeep]
|upkeep
|turn|2
|
|t:|1760386304
|move|p2a: Kurama Chakra Mode|Flamethrower|p1a: Raging Bolt
|-resisted|p1a: Raging Bolt
|-damage|p1a: Raging Bolt|83/100
|move|p1a: Raging Bolt|Volt Switch|p2a: Kurama Chakra Mode
|-damage|p2a: Kurama Chakra Mode|21/100
|
|t:|1760386311
|-end|p1a: Raging Bolt|Protosynthesis|[silent]
|switch|p1a: Dragonite|Dragonite, M|100/100|[from] Volt Switch
|
|-weather|SunnyDay|[upkeep]
|upkeep
|turn|3
|
|t:|1760386317
|move|p2a: Kurama Chakra Mode|Will-O-Wisp|p1a: Dragonite|[miss]
|-miss|p2a: Kurama Chakra Mode|p1a: Dragonite
|move|p1a: Dragonite|Dragon Dance|p1a: Dragonite
|-boost|p1a: Dragonite|atk|1
|-boost|p1a: Dragonite|spe|1
|
|-weather|SunnyDay|[upkeep]
|upkeep
|turn|4
|
|t:|1760386323
|move|p1a: Dragonite|Earthquake|p2a: Kurama Chakra Mode
|-supereffective|p2a: Kurama Chakra Mode
|-damage|p2a: Kurama Chakra Mode|0 fnt
|faint|p2a: Kurama Chakra Mode
|
|-weather|SunnyDay|[upkeep]
|upkeep
|
|t:|1760386328
|switch|p2a: Decent Tusk|Great Tusk|100/100
|-activate|p2a: Decent Tusk|ability: Protosynthesis
|-start|p2a: Decent Tusk|protosynthesisspe
|turn|5
|
|t:|1760386339
|-terastallize|p1a: Dragonite|Normal
|move|p2a: Decent Tusk|Ice Spinner|p1a: Dragonite
|-damage|p1a: Dragonite|88/100
|move|p1a: Dragonite|Dragon Dance|p1a: Dragonite
|-boost|p1a: Dragonite|atk|1
|-boost|p1a: Dragonite|spe|1
|
|-weather|SunnyDay|[upkeep]
|upkeep
|turn|6
|
|t:|1760386347
|move|p1a: Dragonite|Extreme Speed|p2a: Decent Tusk
|-damage|p2a: Decent Tusk|46/100
|-damage|p1a: Dragonite|72/100|[from] item: Rocky Helmet|[of] p2a: Decent Tusk
|move|p2a: Decent Tusk|Stealth Rock|p1a: Dragonite
|-sidestart|p1: AnneSylveon69|move: Stealth Rock
|
|-weather|SunnyDay|[upkeep]
|upkeep
|turn|7
|
|t:|1760386359
|move|p1a: Dragonite|Earthquake|p2a: Decent Tusk
|-damage|p2a: Decent Tusk|0 fnt
|faint|p2a: Decent Tusk
|-end|p2a: Decent Tusk|Protosynthesis|[silent]
|
|-weather|SunnyDay|[upkeep]
|upkeep
|
|t:|1760386367
|switch|p2a: Die w A Smile|Hatterene, F|35/100
|turn|8
|
|t:|1760386371
|move|p1a: Dragonite|Extreme Speed|p2a: Die w A Smile
|-damage|p2a: Die w A Smile|0 fnt
|faint|p2a: Die w A Smile
|
|-weather|none
|upkeep
|
|t:|1760386382
|switch|p2a: Not Suicune|Walking Wake|100/100
|turn|9
|
|t:|1760386385
|move|p1a: Dragonite|Extreme Speed|p2a: Not Suicune
|-damage|p2a: Not Suicune|0 fnt
|faint|p2a: Not Suicune
|-end|p2a: Not Suicune|Protosynthesis|[silent]
|
|upkeep
|
|t:|1760386388
|switch|p2a: Venu Vidi Vici|Venusaur, F|100/100
|turn|10
|
|t:|1760386398
|move|p1a: Dragonite|Extreme Speed|p2a: Venu Vidi Vici
|-damage|p2a: Venu Vidi Vici|0 fnt
|faint|p2a: Venu Vidi Vici
|
|upkeep
|
|t:|1760386401
|switch|p2a: Slayboi Carti|Ceruledge, M, shiny|100/100
|turn|11
|
|t:|1760386416
|move|p1a: Dragonite|Earthquake|p2a: Slayboi Carti
|-supereffective|p2a: Slayboi Carti
|-enditem|p2a: Slayboi Carti|Focus Sash
|-damage|p2a: Slayboi Carti|1/100
|-ability|p2a: Slayboi Carti|Weak Armor|boost
|-unboost|p2a: Slayboi Carti|def|1
|-boost|p2a: Slayboi Carti|spe|2
|move|p2a: Slayboi Carti|Bitter Blade|p1a: Dragonite
|-damage|p1a: Dragonite|23/100
|-heal|p2a: Slayboi Carti|28/100|[from] drain|[of] p1a: Dragonite
|
|upkeep
|turn|12
|
|t:|1760386433
|switch|p1a: Alomomola|Alomomola, M|100/100
|move|p2a: Slayboi Carti|Bitter Blade|p1a: Alomomola
|-resisted|p1a: Alomomola
|-damage|p1a: Alomomola|87/100
|-heal|p2a: Slayboi Carti|39/100|[from] drain|[of] p1a: Alomomola
|
|upkeep
|turn|13
|
|t:|1760386440
|move|p2a: Slayboi Carti|Swords Dance|p2a: Slayboi Carti
|-boost|p2a: Slayboi Carti|atk|2
|move|p1a: Alomomola|Flip Turn|p2a: Slayboi Carti
|-supereffective|p2a: Slayboi Carti
|-damage|p2a: Slayboi Carti|0 fnt
|faint|p2a: Slayboi Carti
|
|win|AnneSylveon69
|raw|AnneSylveon69's rating: 1184 &rarr; <strong>1211</strong><br />(+27 for winning)
|raw|shanensored's rating: 1207 &rarr; <strong>1180</strong><br />(-27 for losing)
|l|☆shanensored
|player|p2|
|c|☆AnneSylveon69|gg
