|j|☆acoda
|j|☆Noyourghetto
|t:|1760379055
|gametype|singles
|player|p1|acoda|266|1304
|player|p2|Noyourghetto|1|1342
|gen|9
|tier|[Gen 9] OU
|rated|
|rule|HP Percentage Mod: HP is shown in percentages
|rule|Endless Battle Clause: Forcing endless battles is banned
|rule|Species Clause: Limit one of each Pokémon
|rule|OHKO Clause: OHKO moves are banned
|rule|Evasion Items Clause: Evasion items are banned
|rule|Evasion Moves Clause: Evasion moves are banned
|rule|Evasion Abilities Clause: Evasion abilities are banned
|rule|Sleep Moves Clause: Sleep-inducing moves are banned
|clearpoke
|poke|p1|Scizor, F|
|poke|p1|Quaquaval, M|
|poke|p1|Dragapult, M|
|poke|p1|Azelf|
|poke|p1|Arcanine-Hisui, M|
|poke|p1|Darkrai|
|poke|p2|Dragonite, F|
|poke|p2|Gliscor, M|
|poke|p2|Quaquaval, M|
|poke|p2|Clefable, F|
|poke|p2|Ogerpon-Wellspring, F|
|poke|p2|Skeledirge, M|
|teampreview
|inactive|Battle timer is ON: inactive players will automatically lose when time's up. (requested by Noyourghetto)
|
|t:|1760379060
|teamsize|p1|6
|teamsize|p2|6
|start
|switch|p1a: Darkrai|Darkrai|100/100
|switch|p2a: Clefable|Clefable, F, shiny|100/100
|turn|1
|
|t:|1760379069
|switch|p1a: Azelf|Azelf|100/100
|move|p2a: Clefable|Moonblast|p1a: Azelf
|-damage|p1a: Azelf|47/100
|-unboost|p1a: Azelf|spa|1
|
|upkeep
|turn|2
|
|t:|1760379077
|move|p1a: Azelf|Stealth Rock|p2a: Clefable
|-sidestart|p2: Noyourghetto|move: Stealth Rock
|move|p2a: Clefable|Moonblast|p1a: Azelf
|-damage|p1a: Azelf|0 fnt
|faint|p1a: Azelf
|
|upkeep
|
|t:|1760379098
|switch|p1a: Scizor|Scizor, F|100/100
|turn|3
|
|t:|1760379100
|move|p1a: Scizor|Swords Dance|p1a: Scizor
|-boost|p1a: Scizor|atk|2
|move|p2a: Clefable|Thunder Wave|p1a: Scizor
|-status|p1a: Scizor|par
|
|upkeep
|turn|4
|
|t:|1760379106
|move|p1a: Scizor|Bullet Punch|p2a: Clefable
|-supereffective|p2a: Clefable
|-damage|p2a: Clefable|0 fnt
|-damage|p1a: Scizor|84/100 par|[from] item: Rocky Helmet|[of] p2a: Clefable
|faint|p2a: Clefable
|
|upkeep
|
|t:|1760379112
|switch|p2a: Skeledirge|Skeledirge, M|100/100
|turn|5
|inactive|acoda has 120 seconds left.
|
|t:|1760379164
|-terastallize|p1a: Scizor|Fire
|move|p2a: Skeledirge|Torch Song|p1a: Scizor
|-resisted|p1a: Scizor
|-damage|p1a: Scizor|66/100 par
|-boost|p2a: Skeledirge|spa|1
|move|p1a: Scizor|Aerial Ace|p2a: Skeledirge
|-damage|p2a: Skeledirge|72/100
|
|upkeep
|turn|6
|
|t:|1760379173
|move|p2a: Skeledirge|Hex|p1a: Scizor
|-damage|p1a: Scizor|0 fnt
|faint|p1a: Scizor
|
|upkeep
|
|t:|1760379185
|switch|p1a: Quaquaval|Quaquaval, M|100/100
|turn|7
|
|t:|1760379198
|switch|p2a: Dragonite|Dragonite, F|100/100
|-damage|p2a: Dragonite|76/100|[from] Stealth Rock
|move|p1a: Quaquaval|U-turn|p2a: Dragonite
|-resisted|p2a: Dragonite
|-damage|p2a: Dragonite|66/100
|
|t:|1760379201
|switch|p1a: Darkrai|Darkrai|100/100|[from] U-turn
|
|-heal|p2a: Dragonite|73/100|[from] item: Leftovers
|upkeep
|turn|8
|
|t:|1760379213
|-terastallize|p2a: Dragonite|Normal
|move|p2a: Dragonite|Extreme Speed|p1a: Darkrai
|-damage|p1a: Darkrai|46/100
|move|p1a: Darkrai|Ice Beam|p2a: Dragonite
|-damage|p2a: Dragonite|43/100
|
|-heal|p2a: Dragonite|49/100|[from] item: Leftovers
|upkeep
|turn|9
|
|t:|1760379227
|switch|p1a: Dragapult|Dragapult, M|100/100
|move|p2a: Dragonite|Roost|p2a: Dragonite
|-heal|p2a: Dragonite|99/100
|
|-heal|p2a: Dragonite|100/100|[from] item: Leftovers
|upkeep
|turn|10
|
|t:|1760379240
|move|p1a: Dragapult|Dragon Dance|p1a: Dragapult
|-boost|p1a: Dragapult|atk|1
|-boost|p1a: Dragapult|spe|1
|move|p2a: Dragonite|Earthquake|p1a: Dragapult
|-crit|p1a: Dragapult
|-damage|p1a: Dragapult|31/100
|
|upkeep
|turn|11
|
|t:|1760379257
|move|p1a: Dragapult|Dragon Darts|p2a: Dragonite
|-damage|p2a: Dragonite|85/100
|-anim|p1a: Dragapult|Dragon Darts|p2a: Dragonite
|-damage|p2a: Dragonite|53/100
|move|p2a: Dragonite|Earthquake|p1a: Dragapult
|-damage|p1a: Dragapult|0 fnt
|faint|p1a: Dragapult
|
|-heal|p2a: Dragonite|59/100|[from] item: Leftovers
|upkeep
|
|t:|1760379262
|switch|p1a: Quaquaval|Quaquaval, M|100/100
|turn|12
|
|t:|1760379279
|switch|p2a: Gliscor|Gliscor, M, shiny|100/100
|-damage|p2a: Gliscor|88/100|[from] Stealth Rock
|move|p1a: Quaquaval|Aqua Step|p2a: Gliscor
|-supereffective|p2a: Gliscor
|-damage|p2a: Gliscor|32/100
|-boost|p1a: Quaquaval|spe|1
|
|-status|p2a: Gliscor|tox|[from] item: Toxic Orb
|upkeep
|turn|13
|
|t:|1760379296
|move|p2a: Gliscor|Protect|p2a: Gliscor
|-singleturn|p2a: Gliscor|Protect
|move|p1a: Quaquaval|Aqua Step|p2a: Gliscor
|-activate|p2a: Gliscor|move: Protect
|
|-heal|p2a: Gliscor|45/100 tox|[from] ability: Poison Heal
|upkeep
|turn|14
|
|t:|1760379304
|switch|p2a: Ogerpon|Ogerpon-Wellspring, F|100/100
|-damage|p2a: Ogerpon|88/100|[from] Stealth Rock
|move|p1a: Quaquaval|Aqua Step|p2a: Ogerpon
|-heal|p2a: Ogerpon|100/100|[from] ability: Water Absorb|[of] p1a: Quaquaval
|
|upkeep
|turn|15
|
|t:|1760379311
|move|p1a: Quaquaval|Ice Spinner|p2a: Ogerpon
|-damage|p2a: Ogerpon|64/100
|move|p2a: Ogerpon|Power Whip|p1a: Quaquaval
|-supereffective|p1a: Quaquaval
|-enditem|p1a: Quaquaval|Focus Sash
|-damage|p1a: Quaquaval|1/100
|
|upkeep
|turn|16
|inactive|acoda has 120 seconds left.
|
|t:|1760379346
|move|p1a: Quaquaval|U-turn|p2a: Ogerpon
|-supereffective|p2a: Ogerpon
|-damage|p2a: Ogerpon|3/100
|
|t:|1760379350
|switch|p1a: Arcanine|Arcanine-Hisui, M|100/100|[from] U-turn
|move|p2a: Ogerpon|Ivy Cudgel|p1a: Arcanine|[anim] Ivy Cudgel Water
|-supereffective|p1a: Arcanine
|-damage|p1a: Arcanine|0 fnt
|faint|p1a: Arcanine
|
|upkeep
|inactive|acoda has 120 seconds left.
|
|t:|1760379356
|switch|p1a: Darkrai|Darkrai|46/100
|turn|17
|
|t:|1760379364
|move|p1a: Darkrai|Dark Pulse|p2a: Ogerpon
|-damage|p2a: Ogerpon|0 fnt
|faint|p2a: Ogerpon
|
|upkeep
|
|t:|1760379375
|switch|p2a: Dragonite|Dragonite, F, tera:Normal|59/100
|-damage|p2a: Dragonite|47/100|[from] Stealth Rock
|turn|18
|
|t:|1760379386
|move|p2a: Dragonite|Extreme Speed|p1a: Darkrai
|-damage|p1a: Darkrai|0 fnt
|faint|p1a: Darkrai
|
|-heal|p2a: Dragonite|53/100|[from] item: Leftovers
|upkeep
|
|t:|1760379389
|switch|p1a: Quaquaval|Quaquaval, M|1/100
|turn|19
|c|☆Noyourghetto|gg
|
|t:|1760379399
|move|p2a: Dragonite|Extreme Speed|p1a: Quaquaval
|-damage|p1a: Quaquaval|0 fnt
|faint|p1a: Quaquaval
|
|win|Noyourghetto
|raw|acoda's rating: 1304 &rarr; <strong>1286</strong><br />(-18 for losing)
|raw|Noyourghetto's rating: 1342 &rarr; <strong>1360</strong><br />(+18 for winning)
|c|☆acoda|gg
|l|☆acoda
|player|p1|
