|j|☆Aguila74
|j|☆TeamTestingTim
|t:|1760360290
|gametype|singles
|player|p1|Aguila74|265|1429
|player|p2|TeamTestingTim|alder|1391
|gen|9
|tier|[Gen 9] OU
|rated|
|rule|HP Percentage Mod: HP is shown in percentages
|rule|Endless Battle Clause: Forcing endless battles is banned
|rule|Species Clause: Limit one of each Pokémon
|rule|OHKO Clause: OHKO moves are banned
|rule|Evasion Items Clause: Evasion items are banned
|rule|Evasion Moves Clause: Evasion moves are banned
|rule|Evasion Abilities Clause: Evasion abilities are banned
|rule|Sleep Moves Clause: Sleep-inducing moves are banned
|clearpoke
|poke|p1|Conkeldurr, F|
|poke|p1|Suicune|
|poke|p1|Dragapult, F|
|poke|p1|Iron Moth|
|poke|p1|Iron Treads|
|poke|p1|Meowscarada, F|
|poke|p2|Umbreon, M|
|poke|p2|Tinkaton, F|
|poke|p2|Latios, M|
|poke|p2|Gholdengo|
|poke|p2|Great Tusk|
|poke|p2|Moltres|
|teampreview
|
|t:|1760360299
|teamsize|p1|6
|teamsize|p2|6
|start
|switch|p1a: Iron Treads|Iron Treads|100/100
|switch|p2a: Tinkaton|Tinkaton, F|100/100
|-item|p2a: Tinkaton|Air Balloon
|turn|1
|
|t:|1760360305
|move|p1a: Iron Treads|Rapid Spin|p2a: Tinkaton
|-resisted|p2a: Tinkaton
|-damage|p2a: Tinkaton|92/100
|-boost|p1a: Iron Treads|spe|1
|-enditem|p2a: Tinkaton|Air Balloon
|-enditem|p1a: Iron Treads|Leftovers|[silent]|[from] ability: Pickpocket|[of] p1a: Iron Treads
|-item|p2a: Tinkaton|Leftovers|[from] ability: Pickpocket|[of] p1a: Iron Treads
|move|p2a: Tinkaton|Encore|p1a: Iron Treads
|-start|p1a: Iron Treads|Encore
|
|-heal|p2a: Tinkaton|98/100|[from] item: Leftovers
|upkeep
|turn|2
|
|t:|1760360316
|-end|p1a: Iron Treads|Quark Drive|[silent]
|switch|p1a: Suicune|Suicune|100/100
|-ability|p1a: Suicune|Pressure
|move|p2a: Tinkaton|Stealth Rock|p1a: Suicune
|-sidestart|p1: Aguila74|move: Stealth Rock
|
|-heal|p2a: Tinkaton|100/100|[from] item: Leftovers
|upkeep
|turn|3
|
|t:|1760360321
|move|p2a: Tinkaton|Thunder Wave|p1a: Suicune|[miss]
|-miss|p2a: Tinkaton|p1a: Suicune
|move|p1a: Suicune|Calm Mind|p1a: Suicune
|-boost|p1a: Suicune|spa|1
|-boost|p1a: Suicune|spd|1
|
|upkeep
|turn|4
|
|t:|1760360324
|move|p2a: Tinkaton|Encore|p1a: Suicune
|-start|p1a: Suicune|Encore
|move|p1a: Suicune|Calm Mind|p1a: Suicune
|-boost|p1a: Suicune|spa|1
|-boost|p1a: Suicune|spd|1
|
|upkeep
|turn|5
|
|t:|1760360333
|switch|p2a: Great Tusk|Great Tusk, shiny|100/100
|move|p1a: Suicune|Calm Mind|p1a: Suicune
|-boost|p1a: Suicune|spa|1
|-boost|p1a: Suicune|spd|1
|
|upkeep
|turn|6
|
|t:|1760360340
|move|p2a: Great Tusk|Headlong Rush|p1a: Suicune
|-damage|p1a: Suicune|65/100
|-unboost|p2a: Great Tusk|def|1
|-unboost|p2a: Great Tusk|spd|1
|move|p1a: Suicune|Calm Mind|p1a: Suicune
|-boost|p1a: Suicune|spa|1
|-boost|p1a: Suicune|spd|1
|
|-heal|p1a: Suicune|71/100|[from] item: Leftovers
|-end|p1a: Suicune|Encore
|upkeep
|turn|7
|
|t:|1760360349
|-end|p2a: Great Tusk|Protosynthesis|[silent]
|switch|p2a: Tinkaton|Tinkaton, F|100/100
|move|p1a: Suicune|Scald|p2a: Tinkaton
|-damage|p2a: Tinkaton|42/100
|
|-heal|p2a: Tinkaton|48/100|[from] item: Leftovers
|-heal|p1a: Suicune|78/100|[from] item: Leftovers
|upkeep
|turn|8
|
|t:|1760360352
|move|p2a: Tinkaton|Thunder Wave|p1a: Suicune
|-status|p1a: Suicune|par
|move|p1a: Suicune|Scald|p2a: Tinkaton
|-damage|p2a: Tinkaton|0 fnt
|faint|p2a: Tinkaton
|
|-heal|p1a: Suicune|84/100 par|[from] item: Leftovers
|upkeep
|
|t:|1760360371
|switch|p2a: Gholdengo|Gholdengo|100/100
|turn|9
|
|t:|1760360374
|move|p2a: Gholdengo|Trick|p1a: Suicune
|-activate|p2a: Gholdengo|move: Trick|[of] p1a: Suicune
|-item|p1a: Suicune|Choice Scarf|[from] move: Trick
|-item|p2a: Gholdengo|Leftovers|[from] move: Trick
|cant|p1a: Suicune|par
|
|upkeep
|turn|10
|
|t:|1760360390
|switch|p2a: Umbreon|Umbreon, M, shiny|100/100
|move|p1a: Suicune|Scald|p2a: Umbreon
|-damage|p2a: Umbreon|45/100
|
|upkeep
|turn|11
|
|t:|1760360401
|switch|p1a: Iron Treads|Iron Treads|100/100
|-damage|p1a: Iron Treads|97/100|[from] Stealth Rock
|move|p2a: Umbreon|Wish|p2a: Umbreon
|
|upkeep
|turn|12
|
|t:|1760360404
|move|p2a: Umbreon|Protect|p2a: Umbreon
|-singleturn|p2a: Umbreon|Protect
|move|p1a: Iron Treads|Stealth Rock|p2a: Umbreon
|-sidestart|p2: TeamTestingTim|move: Stealth Rock
|
|-heal|p2a: Umbreon|95/100|[from] move: Wish|[wisher] Umbreon
|upkeep
|turn|13
|
|t:|1760360411
|move|p1a: Iron Treads|Rapid Spin|p2a: Umbreon
|-damage|p2a: Umbreon|87/100
|-boost|p1a: Iron Treads|spe|1
|-sideend|p1: Aguila74|Stealth Rock|[from] move: Rapid Spin|[of] p1a: Iron Treads
|move|p2a: Umbreon|Foul Play|p1a: Iron Treads
|-damage|p1a: Iron Treads|58/100
|
|upkeep
|turn|14
|
|t:|1760360419
|-end|p1a: Iron Treads|Quark Drive|[silent]
|switch|p1a: Conkeldurr|Conkeldurr, F|100/100
|move|p2a: Umbreon|Wish|p2a: Umbreon
|
|upkeep
|turn|15
|
|t:|1760360424
|switch|p2a: Latios|Latios, M, shiny|100/100
|-damage|p2a: Latios|88/100|[from] Stealth Rock
|move|p1a: Conkeldurr|Knock Off|p2a: Latios
|-supereffective|p2a: Latios
|-crit|p2a: Latios
|-damage|p2a: Latios|0 fnt
|-enditem|p2a: Latios|Choice Specs|[from] move: Knock Off|[of] p1a: Conkeldurr
|faint|p2a: Latios
|
|upkeep
|
|t:|1760360434
|switch|p2a: Moltres|Moltres|100/100
|-ability|p2a: Moltres|Pressure
|turn|16
|
|t:|1760360437
|move|p1a: Conkeldurr|Mach Punch|p2a: Moltres
|-resisted|p2a: Moltres
|-damage|p2a: Moltres|88/100
|move|p2a: Moltres|Flamethrower|p1a: Conkeldurr
|-damage|p1a: Conkeldurr|70/100
|-status|p1a: Conkeldurr|brn
|
|-damage|p1a: Conkeldurr|64/100 brn|[from] brn
|upkeep
|turn|17
|
|t:|1760360446
|move|p2a: Moltres|U-turn|p1a: Conkeldurr
|-resisted|p1a: Conkeldurr
|-damage|p1a: Conkeldurr|58/100 brn
|
|t:|1760360448
|switch|p2a: Great Tusk|Great Tusk, shiny|100/100|[from] U-turn
|move|p1a: Conkeldurr|Knock Off|p2a: Great Tusk
|-resisted|p2a: Great Tusk
|-damage|p2a: Great Tusk|80/100
|-enditem|p2a: Great Tusk|Heavy-Duty Boots|[from] move: Knock Off|[of] p1a: Conkeldurr
|
|-damage|p1a: Conkeldurr|52/100 brn|[from] brn
|upkeep
|turn|18
|
|t:|1760360453
|move|p2a: Great Tusk|Ice Spinner|p1a: Conkeldurr
|-damage|p1a: Conkeldurr|26/100 brn
|move|p1a: Conkeldurr|Drain Punch|p2a: Great Tusk
|-damage|p2a: Great Tusk|31/100
|-heal|p1a: Conkeldurr|48/100 brn|[from] drain|[of] p2a: Great Tusk
|
|-damage|p1a: Conkeldurr|42/100 brn|[from] brn
|upkeep
|turn|19
|
|t:|1760360463
|move|p1a: Conkeldurr|Mach Punch|p2a: Great Tusk
|-damage|p2a: Great Tusk|4/100
|move|p2a: Great Tusk|Rapid Spin|p1a: Conkeldurr
|-damage|p1a: Conkeldurr|28/100 brn
|-boost|p2a: Great Tusk|spe|1
|-sideend|p2: TeamTestingTim|Stealth Rock|[from] move: Rapid Spin|[of] p2a: Great Tusk
|
|-damage|p1a: Conkeldurr|22/100 brn|[from] brn
|upkeep
|turn|20
|
|t:|1760360468
|-end|p2a: Great Tusk|Protosynthesis|[silent]
|switch|p2a: Moltres|Moltres|88/100
|-ability|p2a: Moltres|Pressure
|move|p1a: Conkeldurr|Mach Punch|p2a: Moltres
|-resisted|p2a: Moltres
|-damage|p2a: Moltres|72/100
|
|-damage|p1a: Conkeldurr|16/100 brn|[from] brn
|upkeep
|turn|21
|
|t:|1760360471
|move|p2a: Moltres|Flamethrower|p1a: Conkeldurr
|-damage|p1a: Conkeldurr|0 fnt
|faint|p1a: Conkeldurr
|
|upkeep
|
|t:|1760360480
|switch|p1a: Meowscarada|Meowscarada, F|100/100
|turn|22
|
|t:|1760360487
|switch|p2a: Umbreon|Umbreon, M, shiny|87/100
|move|p1a: Meowscarada|Knock Off|p2a: Umbreon
|-start|p1a: Meowscarada|typechange|Dark|[from] ability: Protean
|-resisted|p2a: Umbreon
|-damage|p2a: Umbreon|71/100
|-enditem|p2a: Umbreon|Heavy-Duty Boots|[from] move: Knock Off|[of] p1a: Meowscarada
|-damage|p1a: Meowscarada|91/100|[from] item: Life Orb
|
|upkeep
|turn|23
|
|t:|1760360501
|switch|p2a: Gholdengo|Gholdengo|100/100
|move|p1a: Meowscarada|U-turn|p2a: Gholdengo
|-resisted|p2a: Gholdengo
|-damage|p2a: Gholdengo|93/100
|-damage|p1a: Meowscarada|81/100|[from] item: Life Orb
|
|t:|1760360503
|switch|p1a: Iron Treads|Iron Treads|58/100|[from] U-turn
|
|-heal|p2a: Gholdengo|99/100|[from] item: Leftovers
|upkeep
|turn|24
|
|t:|1760360513
|move|p1a: Iron Treads|Stealth Rock|p2a: Gholdengo
|-sidestart|p2: TeamTestingTim|move: Stealth Rock
|move|p2a: Gholdengo|Focus Blast|p1a: Iron Treads|[miss]
|-miss|p2a: Gholdengo|p1a: Iron Treads
|
|-heal|p2a: Gholdengo|100/100|[from] item: Leftovers
|upkeep
|turn|25
|-message|TeamTestingTim forfeited.
|
|win|Aguila74
|raw|Aguila74's rating: 1429 &rarr; <strong>1447</strong><br />(+18 for winning)
|raw|TeamTestingTim's rating: 1391 &rarr; <strong>1373</strong><br />(-18 for losing)
|l|☆TeamTestingTim
|player|p2|
