|badge|p2|bronze|gen9doublesou|100-7
|badge|p2|bronze|gen9ru|100-7
|uhtml|medal-msg|<div class="broadcast-blue">Curious what those medals under the avatar are? PS now has Ladder Seasons! For more information, check out the <a href="https://www.smogon.com/forums/threads/3740067/">thread on Smogon.</a></div>
|j|☆Danye East
|j|☆3idk
|t:|1760447580
|gametype|singles
|player|p1|Danye East|1|1614
|player|p2|3idk|cynthia-masters|1634
|gen|9
|tier|[Gen 9] OU
|rated|
|rule|HP Percentage Mod: HP is shown in percentages
|rule|Endless Battle Clause: Forcing endless battles is banned
|rule|Species Clause: Limit one of each Pokémon
|rule|OHKO Clause: OHKO moves are banned
|rule|Evasion Items Clause: Evasion items are banned
|rule|Evasion Moves Clause: Evasion moves are banned
|rule|Evasion Abilities Clause: Evasion abilities are banned
|rule|Sleep Moves Clause: Sleep-inducing moves are banned
|clearpoke
|poke|p1|Zamazenta-*|
|poke|p1|Great Tusk|
|poke|p1|Ogerpon-Wellspring, F|
|poke|p1|Dragalge, F|
|poke|p1|Kingambit, F|
|poke|p1|Heatran, F|
|poke|p2|Pelipper, M|
|poke|p2|Tornadus-Therian, M|
|poke|p2|Iron Treads|
|poke|p2|Decidueye-Hisui, F|
|poke|p2|Barraskewda, M|
|poke|p2|Raging Bolt|
|teampreview
|inactive|Battle timer is ON: inactive players will automatically lose when time's up. (requested by 3idk)
|
|t:|1760447596
|teamsize|p1|6
|teamsize|p2|6
|start
|switch|p1a: Leviathan|Dragalge, F, shiny|100/100
|switch|p2a: Tornadus|Tornadus-Therian, M|100/100
|turn|1
|
|t:|1760447600
|move|p2a: Tornadus|Hurricane|p1a: Leviathan
|-damage|p1a: Leviathan|34/100
|move|p1a: Leviathan|Draco Meteor|p2a: Tornadus
|-damage|p2a: Tornadus|0 fnt
|-unboost|p1a: Leviathan|spa|2
|faint|p2a: Tornadus
|
|upkeep
|
|t:|1760447620
|switch|p2a: Iron Treads|Iron Treads|100/100
|turn|2
|
|t:|1760447632
|switch|p1a: Atlas|Great Tusk, shiny|100/100
|move|p2a: Iron Treads|Stealth Rock|p1a: Atlas
|-sidestart|p1: Danye East|move: Stealth Rock
|
|upkeep
|turn|3
|
|t:|1760447637
|move|p2a: Iron Treads|Rapid Spin|p1a: Atlas
|-damage|p1a: Atlas|92/100
|-boost|p2a: Iron Treads|spe|1
|move|p1a: Atlas|Rapid Spin|p2a: Iron Treads
|-resisted|p2a: Iron Treads
|-damage|p2a: Iron Treads|93/100
|-boost|p1a: Atlas|spe|1
|-sideend|p1: Danye East|Stealth Rock|[from] move: Rapid Spin|[of] p1a: Atlas
|
|-heal|p2a: Iron Treads|99/100|[from] item: Leftovers
|upkeep
|turn|4
|
|t:|1760447642
|-end|p2a: Iron Treads|Quark Drive|[silent]
|switch|p2a: Pelipper|Pelipper, M|100/100
|-weather|RainDance|[from] ability: Drizzle|[of] p2a: Pelipper
|move|p1a: Atlas|Rapid Spin|p2a: Pelipper
|-damage|p2a: Pelipper|86/100
|-boost|p1a: Atlas|spe|1
|
|-weather|RainDance|[upkeep]
|upkeep
|turn|5
|
|t:|1760447645
|move|p1a: Atlas|Supercell Slam|p2a: Pelipper
|-supereffective|p2a: Pelipper
|-damage|p2a: Pelipper|0 fnt
|faint|p2a: Pelipper
|
|-weather|RainDance|[upkeep]
|upkeep
|
|t:|1760447652
|switch|p2a: Barraskewda|Barraskewda, M|100/100
|turn|6
|
|t:|1760447658
|-end|p1a: Atlas|Protosynthesis|[silent]
|switch|p1a: Yamato|Ogerpon-Wellspring, F|100/100
|move|p2a: Barraskewda|Flip Turn|p1a: Yamato
|-immune|p1a: Yamato|[from] ability: Water Absorb
|
|-weather|RainDance|[upkeep]
|upkeep
|turn|7
|
|t:|1760447661
|switch|p2a: Decidueye|Decidueye-Hisui, F|100/100
|move|p1a: Yamato|Knock Off|p2a: Decidueye
|-resisted|p2a: Decidueye
|-damage|p2a: Decidueye|86/100
|-damage|p1a: Yamato|84/100|[from] item: Rocky Helmet|[of] p2a: Decidueye
|-enditem|p2a: Decidueye|Rocky Helmet|[from] move: Knock Off|[of] p1a: Yamato
|
|-weather|RainDance|[upkeep]
|upkeep
|turn|8
|
|t:|1760447669
|switch|p1a: Greater Dog|Zamazenta|100/100
|-ability|p1a: Greater Dog|Dauntless Shield|boost
|-boost|p1a: Greater Dog|def|1
|move|p2a: Decidueye|U-turn|p1a: Greater Dog
|-resisted|p1a: Greater Dog
|-damage|p1a: Greater Dog|96/100
|
|t:|1760447673
|switch|p2a: Raging Bolt|Raging Bolt|100/100|[from] U-turn
|-enditem|p2a: Raging Bolt|Booster Energy
|-activate|p2a: Raging Bolt|ability: Protosynthesis|[fromitem]
|-start|p2a: Raging Bolt|protosynthesisspa
|
|-weather|RainDance|[upkeep]
|-heal|p1a: Greater Dog|100/100|[from] item: Leftovers
|upkeep
|turn|9
|
|t:|1760447678
|move|p1a: Greater Dog|Substitute|p1a: Greater Dog
|-start|p1a: Greater Dog|Substitute
|-damage|p1a: Greater Dog|75/100
|move|p2a: Raging Bolt|Weather Ball|p1a: Greater Dog
|-end|p1a: Greater Dog|Substitute
|
|-weather|RainDance|[upkeep]
|-heal|p1a: Greater Dog|82/100|[from] item: Leftovers
|upkeep
|turn|10
|
|t:|1760447683
|move|p1a: Greater Dog|Substitute|p1a: Greater Dog
|-start|p1a: Greater Dog|Substitute
|-damage|p1a: Greater Dog|57/100
|move|p2a: Raging Bolt|Weather Ball|p1a: Greater Dog
|-end|p1a: Greater Dog|Substitute
|
|-weather|RainDance|[upkeep]
|-heal|p1a: Greater Dog|63/100|[from] item: Leftovers
|upkeep
|turn|11
|
|t:|1760447686
|move|p1a: Greater Dog|Substitute|p1a: Greater Dog
|-start|p1a: Greater Dog|Substitute
|-damage|p1a: Greater Dog|38/100
|move|p2a: Raging Bolt|Weather Ball|p1a: Greater Dog
|-end|p1a: Greater Dog|Substitute
|
|-weather|none
|-heal|p1a: Greater Dog|44/100|[from] item: Leftovers
|upkeep
|turn|12
|
|t:|1760447692
|switch|p1a: Ornate|Heatran, F, shiny|100/100
|-item|p1a: Ornate|Air Balloon
|move|p2a: Raging Bolt|Dragon Pulse|p1a: Ornate
|-resisted|p1a: Ornate
|-damage|p1a: Ornate|71/100
|-enditem|p1a: Ornate|Air Balloon
|
|upkeep
|turn|13
|
|t:|1760447698
|move|p2a: Raging Bolt|Thunder|p1a: Ornate
|-damage|p1a: Ornate|0 fnt
|faint|p1a: Ornate
|
|upkeep
|
|t:|1760447708
|switch|p1a: Atlas|Great Tusk, shiny|92/100
|turn|14
|
|t:|1760447712
|-terastallize|p2a: Raging Bolt|Bug
|move|p2a: Raging Bolt|Dragon Pulse|p1a: Atlas
|-damage|p1a: Atlas|31/100
|move|p1a: Atlas|Headlong Rush|p2a: Raging Bolt
|-resisted|p2a: Raging Bolt
|-damage|p2a: Raging Bolt|68/100
|-unboost|p1a: Atlas|def|1
|-unboost|p1a: Atlas|spd|1
|
|upkeep
|turn|15
|
|t:|1760447729
|move|p2a: Raging Bolt|Dragon Pulse|p1a: Atlas
|-damage|p1a: Atlas|0 fnt
|faint|p1a: Atlas
|-end|p1a: Atlas|Protosynthesis|[silent]
|
|upkeep
|inactive|Danye East has 120 seconds left.
|
|t:|1760447757
|switch|p1a: Leviathan|Dragalge, F, shiny|34/100
|turn|16
|
|t:|1760447762
|-terastallize|p1a: Leviathan|Fairy
|move|p2a: Raging Bolt|Dragon Pulse|p1a: Leviathan
|-immune|p1a: Leviathan
|move|p1a: Leviathan|Draco Meteor|p2a: Raging Bolt
|-crit|p2a: Raging Bolt
|-damage|p2a: Raging Bolt|0 fnt
|-unboost|p1a: Leviathan|spa|2
|faint|p2a: Raging Bolt
|-end|p2a: Raging Bolt|Protosynthesis|[silent]
|
|upkeep
|
|t:|1760447767
|switch|p2a: Barraskewda|Barraskewda, M|100/100
|turn|17
|
|t:|1760447772
|move|p2a: Barraskewda|Liquidation|p1a: Leviathan
|-damage|p1a: Leviathan|0 fnt
|faint|p1a: Leviathan
|-damage|p2a: Barraskewda|91/100|[from] item: Life Orb
|
|upkeep
|
|t:|1760447780
|switch|p1a: Yamato|Ogerpon-Wellspring, F|84/100
|turn|18
|
|t:|1760447788
|switch|p2a: Decidueye|Decidueye-Hisui, F|86/100
|switch|p1a: Greater Dog|Zamazenta|44/100
|
|-heal|p1a: Greater Dog|50/100|[from] item: Leftovers
|upkeep
|turn|19
|
|t:|1760447792
|move|p1a: Greater Dog|Iron Defense|p1a: Greater Dog
|-boost|p1a: Greater Dog|def|2
|move|p2a: Decidueye|Triple Arrows|p1a: Greater Dog
|-damage|p1a: Greater Dog|38/100
|-unboost|p1a: Greater Dog|def|1
|
|-heal|p1a: Greater Dog|44/100|[from] item: Leftovers
|upkeep
|turn|20
|
|t:|1760447796
|move|p1a: Greater Dog|Iron Defense|p1a: Greater Dog
|-boost|p1a: Greater Dog|def|2
|move|p2a: Decidueye|Triple Arrows|p1a: Greater Dog
|-damage|p1a: Greater Dog|34/100
|
|-heal|p1a: Greater Dog|40/100|[from] item: Leftovers
|upkeep
|turn|21
|
|t:|1760447801
|move|p1a: Greater Dog|Body Press|p2a: Decidueye
|-damage|p2a: Decidueye|24/100
|move|p2a: Decidueye|Triple Arrows|p1a: Greater Dog
|-damage|p1a: Greater Dog|30/100
|
|-heal|p1a: Greater Dog|37/100|[from] item: Leftovers
|upkeep
|turn|22
|
|t:|1760447806
|move|p1a: Greater Dog|Body Press|p2a: Decidueye
|-damage|p2a: Decidueye|0 fnt
|faint|p2a: Decidueye
|
|-heal|p1a: Greater Dog|43/100|[from] item: Leftovers
|upkeep
|-message|3idk forfeited.
|
|win|Danye East
|raw|Danye East's rating: 1614 &rarr; <strong>1635</strong><br />(+21 for winning)
|raw|3idk's rating: 1634 &rarr; <strong>1613</strong><br />(-21 for losing)
|l|☆3idk
|player|p2|
|l|☆Danye East
|player|p1|
