|j|☆apjkds
|j|☆Kevin Durant D
|t:|1760437163
|gametype|singles
|player|p1|apjkds|170|1227
|player|p2|Kevin Durant D|101|1283
|gen|9
|tier|[Gen 9] OU
|rated|
|rule|HP Percentage Mod: HP is shown in percentages
|rule|Endless Battle Clause: Forcing endless battles is banned
|rule|Species Clause: Limit one of each Pokémon
|rule|OHKO Clause: OHKO moves are banned
|rule|Evasion Items Clause: Evasion items are banned
|rule|Evasion Moves Clause: Evasion moves are banned
|rule|Evasion Abilities Clause: Evasion abilities are banned
|rule|Sleep Moves Clause: Sleep-inducing moves are banned
|clearpoke
|poke|p1|Ribombee, F|
|poke|p1|Samurott-Hisui, F|
|poke|p1|Iron Valiant|
|poke|p1|Zamazenta-*|
|poke|p1|Gholdengo|
|poke|p1|Iron Moth|
|poke|p2|Azumarill, M|
|poke|p2|Comfey, M|
|poke|p2|Dusclops, F|
|poke|p2|Great Tusk|
|poke|p2|Umbreon, M|
|poke|p2|Thundurus, M|
|teampreview
|inactive|Battle timer is ON: inactive players will automatically lose when time's up. (requested by Kevin Durant D)
|inactive|apjkds also wants the timer to be on.
|
|t:|1760437182
|teamsize|p1|6
|teamsize|p2|6
|start
|switch|p1a: Ribombee|Ribombee, F|100/100
|switch|p2a: Azumarill|Azumarill, M, shiny|100/100
|turn|1
|inactive|apjkds has 120 seconds left.
|
|t:|1760437221
|move|p1a: Ribombee|Sticky Web|p2a: Azumarill
|-sidestart|p2: Kevin Durant D|move: Sticky Web
|move|p2a: Azumarill|Liquidation|p1a: Ribombee
|-enditem|p1a: Ribombee|Focus Sash
|-damage|p1a: Ribombee|1/100
|
|upkeep
|turn|2
|inactive|apjkds has 120 seconds left.
|
|t:|1760437227
|move|p2a: Azumarill|Aqua Jet|p1a: Ribombee
|-damage|p1a: Ribombee|0 fnt
|faint|p1a: Ribombee
|
|upkeep
|inactive|apjkds has 120 seconds left.
|
|t:|1760437249
|switch|p1a: Goldilocks|Gholdengo|100/100
|-item|p1a: Goldilocks|Air Balloon
|turn|3
|
|t:|1760437253
|move|p1a: Goldilocks|Shadow Ball|p2a: Azumarill
|-damage|p2a: Azumarill|60/100
|move|p2a: Azumarill|Knock Off|p1a: Goldilocks
|-supereffective|p1a: Goldilocks
|-damage|p1a: Goldilocks|6/100
|-enditem|p1a: Goldilocks|Air Balloon
|
|-heal|p2a: Azumarill|66/100|[from] item: Leftovers
|upkeep
|turn|4
|inactive|apjkds has 120 seconds left.
|
|t:|1760437262
|move|p2a: Azumarill|Aqua Jet|p1a: Goldilocks
|-damage|p1a: Goldilocks|0 fnt
|faint|p1a: Goldilocks
|
|-heal|p2a: Azumarill|73/100|[from] item: Leftovers
|upkeep
|inactive|apjkds has 120 seconds left.
|
|t:|1760437284
|switch|p1a: Iron Moth|Iron Moth|100/100
|-enditem|p1a: Iron Moth|Booster Energy
|-activate|p1a: Iron Moth|ability: Quark Drive|[fromitem]
|-start|p1a: Iron Moth|quarkdrivespa
|turn|5
|
|t:|1760437291
|-terastallize|p2a: Azumarill|Steel
|move|p1a: Iron Moth|Sludge Wave|p2a: Azumarill
|-immune|p2a: Azumarill
|move|p2a: Azumarill|Liquidation|p1a: Iron Moth
|-supereffective|p1a: Iron Moth
|-damage|p1a: Iron Moth|0 fnt
|faint|p1a: Iron Moth
|-end|p1a: Iron Moth|Quark Drive|[silent]
|
|-heal|p2a: Azumarill|79/100|[from] item: Leftovers
|upkeep
|
|t:|1760437307
|switch|p1a: Iron Valiant|Iron Valiant|100/100
|-enditem|p1a: Iron Valiant|Booster Energy
|-activate|p1a: Iron Valiant|ability: Quark Drive|[fromitem]
|-start|p1a: Iron Valiant|quarkdriveatk
|turn|6
|
|t:|1760437315
|switch|p2a: Dusclops|Dusclops, F, shiny|100/100
|-activate|p2a: Dusclops|move: Sticky Web
|-unboost|p2a: Dusclops|spe|1
|move|p1a: Iron Valiant|Close Combat|p2a: Dusclops
|-immune|p2a: Dusclops
|
|upkeep
|turn|7
|
|t:|1760437322
|move|p1a: Iron Valiant|Swords Dance|p1a: Iron Valiant
|-boost|p1a: Iron Valiant|atk|2
|move|p2a: Dusclops|Will-O-Wisp|p1a: Iron Valiant
|-status|p1a: Iron Valiant|brn
|
|-damage|p1a: Iron Valiant|94/100 brn|[from] brn
|upkeep
|turn|8
|
|t:|1760437330
|move|p1a: Iron Valiant|Knock Off|p2a: Dusclops
|-supereffective|p2a: Dusclops
|-damage|p2a: Dusclops|54/100
|-enditem|p2a: Dusclops|Eviolite|[from] move: Knock Off|[of] p1a: Iron Valiant
|move|p2a: Dusclops|Haze|p2a: Dusclops
|-clearallboost
|
|-damage|p1a: Iron Valiant|88/100 brn|[from] brn
|upkeep
|turn|9
|inactive|apjkds has 120 seconds left.
|
|t:|1760437339
|move|p1a: Iron Valiant|Knock Off|p2a: Dusclops
|-supereffective|p2a: Dusclops
|-damage|p2a: Dusclops|27/100
|move|p2a: Dusclops|Pain Split|p1a: Iron Valiant
|-sethp|p1a: Iron Valiant|57/100 brn|[from] move: Pain Split|[silent]
|-sethp|p2a: Dusclops|58/100|[from] move: Pain Split
|
|-damage|p1a: Iron Valiant|51/100 brn|[from] brn
|upkeep
|turn|10
|
|t:|1760437354
|switch|p2a: Comfey|Comfey, M, shiny|100/100
|-activate|p2a: Comfey|move: Sticky Web
|-unboost|p2a: Comfey|spe|1
|move|p1a: Iron Valiant|Swords Dance|p1a: Iron Valiant
|-boost|p1a: Iron Valiant|atk|2
|
|-damage|p1a: Iron Valiant|45/100 brn|[from] brn
|upkeep
|turn|11
|
|t:|1760437364
|move|p2a: Comfey|Draining Kiss|p1a: Iron Valiant
|-supereffective|p1a: Iron Valiant
|-crit|p1a: Iron Valiant
|-damage|p1a: Iron Valiant|0 fnt
|faint|p1a: Iron Valiant
|-end|p1a: Iron Valiant|Quark Drive|[silent]
|
|upkeep
|
|t:|1760437370
|switch|p1a: Zamazenta|Zamazenta|100/100
|-ability|p1a: Zamazenta|Dauntless Shield|boost
|-boost|p1a: Zamazenta|def|1
|turn|12
|
|t:|1760437381
|switch|p2a: Thundurus|Thundurus, M, shiny|100/100
|-terastallize|p1a: Zamazenta|Fire
|move|p1a: Zamazenta|Iron Defense|p1a: Zamazenta
|-boost|p1a: Zamazenta|def|2
|
|upkeep
|turn|13
|inactive|apjkds has 120 seconds left.
|
|t:|1760437408
|move|p1a: Zamazenta|Body Press|p2a: Thundurus
|-resisted|p2a: Thundurus
|-damage|p2a: Thundurus|26/100
|-enditem|p2a: Thundurus|Eject Button
|
|t:|1760437421
|switch|p2a: Dusclops|Dusclops, F, shiny|58/100
|-activate|p2a: Dusclops|move: Sticky Web
|-unboost|p2a: Dusclops|spe|1
|-item|p1a: Zamazenta|Leftovers|[from] ability: Frisk|[of] p2a: Dusclops
|
|upkeep
|turn|14
|
|t:|1760437428
|move|p1a: Zamazenta|Crunch|p2a: Dusclops
|-supereffective|p2a: Dusclops
|-damage|p2a: Dusclops|19/100
|move|p2a: Dusclops|Pain Split|p1a: Zamazenta
|-sethp|p1a: Zamazenta|58/100|[from] move: Pain Split|[silent]
|-sethp|p2a: Dusclops|67/100|[from] move: Pain Split
|
|-heal|p1a: Zamazenta|64/100|[from] item: Leftovers
|upkeep
|turn|15
|
|t:|1760437437
|move|p1a: Zamazenta|Crunch|p2a: Dusclops
|-supereffective|p2a: Dusclops
|-damage|p2a: Dusclops|33/100
|move|p2a: Dusclops|Haze|p2a: Dusclops
|-clearallboost
|
|-heal|p1a: Zamazenta|71/100|[from] item: Leftovers
|upkeep
|turn|16
|
|t:|1760437449
|switch|p2a: Umbreon|Umbreon, M, shiny|100/100
|-activate|p2a: Umbreon|move: Sticky Web
|-unboost|p2a: Umbreon|spe|1
|move|p1a: Zamazenta|Iron Defense|p1a: Zamazenta
|-boost|p1a: Zamazenta|def|2
|
|-heal|p1a: Zamazenta|77/100|[from] item: Leftovers
|upkeep
|turn|17
|
|t:|1760437461
|move|p1a: Zamazenta|Iron Defense|p1a: Zamazenta
|-boost|p1a: Zamazenta|def|2
|move|p2a: Umbreon|Toxic|p1a: Zamazenta
|-status|p1a: Zamazenta|tox
|
|-heal|p1a: Zamazenta|83/100 tox|[from] item: Leftovers
|-damage|p1a: Zamazenta|77/100 tox|[from] psn
|upkeep
|turn|18
|
|t:|1760437469
|switch|p2a: Dusclops|Dusclops, F, shiny|33/100
|-activate|p2a: Dusclops|move: Sticky Web
|-unboost|p2a: Dusclops|spe|1
|-item|p1a: Zamazenta|Leftovers|[from] ability: Frisk|[of] p2a: Dusclops
|move|p1a: Zamazenta|Body Press|p2a: Dusclops
|-immune|p2a: Dusclops
|
|-heal|p1a: Zamazenta|83/100 tox|[from] item: Leftovers
|-damage|p1a: Zamazenta|71/100 tox|[from] psn
|upkeep
|turn|19
|
|t:|1760437482
|switch|p2a: Umbreon|Umbreon, M, shiny|100/100
|-activate|p2a: Umbreon|move: Sticky Web
|-unboost|p2a: Umbreon|spe|1
|move|p1a: Zamazenta|Crunch|p2a: Umbreon
|-resisted|p2a: Umbreon
|-damage|p2a: Umbreon|91/100
|
|-heal|p1a: Zamazenta|77/100 tox|[from] item: Leftovers
|-heal|p2a: Umbreon|97/100|[from] item: Leftovers
|-damage|p1a: Zamazenta|58/100 tox|[from] psn
|upkeep
|turn|20
|-message|apjkds forfeited.
|
|win|Kevin Durant D
|raw|apjkds's rating: 1227 &rarr; <strong>1206</strong><br />(-21 for losing)
|raw|Kevin Durant D's rating: 1283 &rarr; <strong>1304</strong><br />(+21 for winning)
|l|☆apjkds
|player|p1|
|l|☆Kevin Durant D
|player|p2|
