|j|☆Vichox250816
|j|☆zhihe019
|t:|1760333773
|gametype|singles
|player|p1|Vichox250816|fantina|1481
|player|p2|zhihe019|cynthia|1471
|gen|9
|tier|[Gen 9] OU
|rated|
|rule|HP Percentage Mod: HP is shown in percentages
|rule|Endless Battle Clause: Forcing endless battles is banned
|rule|Species Clause: Limit one of each Pokémon
|rule|OHKO Clause: OHKO moves are banned
|rule|Evasion Items Clause: Evasion items are banned
|rule|Evasion Moves Clause: Evasion moves are banned
|rule|Evasion Abilities Clause: Evasion abilities are banned
|rule|Sleep Moves Clause: Sleep-inducing moves are banned
|clearpoke
|poke|p1|Glimmora, F|
|poke|p1|Zamazenta-*|
|poke|p1|Latias, F|
|poke|p1|Gholdengo|
|poke|p1|Dragonite, F|
|poke|p1|Weavile, F|
|poke|p2|Pelipper, F|
|poke|p2|Basculegion, M|
|poke|p2|Kingdra, M|
|poke|p2|Zapdos|
|poke|p2|Mamoswine, F|
|poke|p2|Kingambit, F|
|teampreview
|inactive|Battle timer is ON: inactive players will automatically lose when time's up. (requested by zhihe019)
|inactive|Vichox250816 has 120 seconds left.
|
|t:|1760333806
|teamsize|p1|6
|teamsize|p2|6
|start
|switch|p1a: Gholdengo|Gholdengo, shiny|100/100
|switch|p2a: Pelipper|Pelipper, F|100/100
|-weather|RainDance|[from] ability: Drizzle|[of] p2a: Pelipper
|turn|1
|
|t:|1760333820
|move|p1a: Gholdengo|Thunderbolt|p2a: Pelipper
|-supereffective|p2a: Pelipper
|-damage|p2a: Pelipper|0 fnt
|faint|p2a: Pelipper
|
|-weather|RainDance|[upkeep]
|upkeep
|
|t:|1760333829
|switch|p2a: Mamoswine|Mamoswine, F|100/100
|turn|2
|
|t:|1760333849
|switch|p1a: Zamazenta|Zamazenta, shiny|100/100
|-ability|p1a: Zamazenta|Dauntless Shield|boost
|-boost|p1a: Zamazenta|def|1
|move|p2a: Mamoswine|Stealth Rock|p1a: Zamazenta
|-sidestart|p1: Vichox250816|move: Stealth Rock
|
|-weather|RainDance|[upkeep]
|upkeep
|turn|3
|
|t:|1760333856
|move|p1a: Zamazenta|Iron Defense|p1a: Zamazenta
|-boost|p1a: Zamazenta|def|2
|move|p2a: Mamoswine|Earthquake|p1a: Zamazenta
|-damage|p1a: Zamazenta|81/100
|
|-weather|RainDance|[upkeep]
|-heal|p1a: Zamazenta|87/100|[from] item: Leftovers
|upkeep
|turn|4
|
|t:|1760333863
|switch|p2a: Kingdra|Kingdra, M|100/100
|move|p1a: Zamazenta|Iron Defense|p1a: Zamazenta
|-boost|p1a: Zamazenta|def|2
|
|-weather|RainDance|[upkeep]
|-heal|p1a: Zamazenta|93/100|[from] item: Leftovers
|upkeep
|turn|5
|
|t:|1760333872
|move|p2a: Kingdra|Weather Ball|p1a: Zamazenta
|-damage|p1a: Zamazenta|17/100
|-damage|p2a: Kingdra|91/100|[from] item: Life Orb
|move|p1a: Zamazenta|Body Press|p2a: Kingdra
|-damage|p2a: Kingdra|0 fnt
|faint|p2a: Kingdra
|
|-weather|RainDance|[upkeep]
|-heal|p1a: Zamazenta|23/100|[from] item: Leftovers
|upkeep
|
|t:|1760333874
|switch|p2a: Zapdos|Zapdos|100/100
|turn|6
|
|t:|1760333887
|move|p1a: Zamazenta|Body Press|p2a: Zapdos
|-resisted|p2a: Zapdos
|-damage|p2a: Zapdos|29/100
|move|p2a: Zapdos|Volt Switch|p1a: Zamazenta
|-damage|p1a: Zamazenta|0 fnt
|faint|p1a: Zamazenta
|
|t:|1760333895
|switch|p2a: Basculegion|Basculegion, M|100/100|[from] Volt Switch
|
|-weather|RainDance|[upkeep]
|upkeep
|
|t:|1760333911
|switch|p1a: Dragonite|Dragonite, F, shiny|100/100
|turn|7
|
|t:|1760333918
|move|p2a: Basculegion|Wave Crash|p1a: Dragonite
|-resisted|p1a: Dragonite
|-damage|p1a: Dragonite|61/100
|-damage|p2a: Basculegion|90/100|[from] Recoil
|move|p1a: Dragonite|Dragon Dance|p1a: Dragonite
|-boost|p1a: Dragonite|atk|1
|-boost|p1a: Dragonite|spe|1
|
|-weather|RainDance|[upkeep]
|upkeep
|turn|8
|
|t:|1760333933
|move|p2a: Basculegion|Wave Crash|p1a: Dragonite
|-resisted|p1a: Dragonite
|-damage|p1a: Dragonite|0 fnt
|faint|p1a: Dragonite
|-damage|p2a: Basculegion|72/100|[from] Recoil
|
|-weather|none
|upkeep
|
|t:|1760333949
|switch|p1a: Weavile|Weavile, F, shiny|100/100
|-damage|p1a: Weavile|76/100|[from] Stealth Rock
|turn|9
|
|t:|1760333952
|-terastallize|p2a: Basculegion|Water
|move|p1a: Weavile|Knock Off|p2a: Basculegion
|-damage|p2a: Basculegion|0 fnt
|-enditem|p2a: Basculegion|Choice Band|[from] move: Knock Off|[of] p1a: Weavile
|faint|p2a: Basculegion
|-damage|p1a: Weavile|66/100|[from] item: Life Orb
|
|upkeep
|
|t:|1760333959
|switch|p2a: Kingambit|Kingambit, F|100/100
|-activate|p2a: Kingambit|ability: Supreme Overlord
|-start|p2a: Kingambit|fallen3|[silent]
|turn|10
|
|t:|1760333966
|move|p1a: Weavile|Brick Break|p2a: Kingambit
|-supereffective|p2a: Kingambit
|-damage|p2a: Kingambit|14/100
|-damage|p1a: Weavile|56/100|[from] item: Life Orb
|move|p2a: Kingambit|Kowtow Cleave|p1a: Weavile
|-resisted|p1a: Weavile
|-damage|p1a: Weavile|0 fnt
|faint|p1a: Weavile
|
|upkeep
|
|t:|1760333977
|switch|p1a: Glimmora|Glimmora, F, shiny|100/100
|-damage|p1a: Glimmora|88/100|[from] Stealth Rock
|turn|11
|
|t:|1760333982
|-end|p2a: Kingambit|fallen3|[silent]
|switch|p2a: Mamoswine|Mamoswine, F|100/100
|move|p1a: Glimmora|Earth Power|p2a: Mamoswine
|-damage|p2a: Mamoswine|64/100
|
|upkeep
|turn|12
|
|t:|1760333991
|switch|p1a: Latias|Latias, F, shiny|100/100
|-damage|p1a: Latias|88/100|[from] Stealth Rock
|move|p2a: Mamoswine|Earthquake|p1a: Latias
|-immune|p1a: Latias|[from] ability: Levitate
|
|-heal|p1a: Latias|94/100|[from] item: Leftovers
|upkeep
|turn|13
|
|t:|1760334002
|-terastallize|p1a: Latias|Fairy
|move|p1a: Latias|Agility|p1a: Latias
|-boost|p1a: Latias|spe|2
|move|p2a: Mamoswine|Icicle Crash|p1a: Latias
|-damage|p1a: Latias|52/100
|
|-heal|p1a: Latias|58/100|[from] item: Leftovers
|upkeep
|turn|14
|
|t:|1760334012
|move|p1a: Latias|Draining Kiss|p2a: Mamoswine
|-damage|p2a: Mamoswine|30/100
|-heal|p1a: Latias|84/100|[from] drain|[of] p2a: Mamoswine
|move|p2a: Mamoswine|Icicle Crash|p1a: Latias
|-damage|p1a: Latias|40/100
|
|-heal|p1a: Latias|46/100|[from] item: Leftovers
|upkeep
|turn|15
|
|t:|1760334020
|move|p2a: Mamoswine|Ice Shard|p1a: Latias
|-damage|p1a: Latias|23/100
|move|p1a: Latias|Draining Kiss|p2a: Mamoswine
|-damage|p2a: Mamoswine|0 fnt
|-heal|p1a: Latias|46/100|[from] drain|[of] p2a: Mamoswine
|faint|p2a: Mamoswine
|
|-heal|p1a: Latias|52/100|[from] item: Leftovers
|upkeep
|
|t:|1760334022
|switch|p2a: Kingambit|Kingambit, F|14/100
|-activate|p2a: Kingambit|ability: Supreme Overlord
|-start|p2a: Kingambit|fallen4|[silent]
|turn|16
|-message|zhihe019 forfeited.
|
|win|Vichox250816
|raw|Vichox250816's rating: 1481 &rarr; <strong>1500</strong><br />(+19 for winning)
|raw|zhihe019's rating: 1471 &rarr; <strong>1452</strong><br />(-19 for losing)
|l|☆Vichox250816
|player|p1|
