|j|☆Jmds900
|j|☆little infinity
|t:|1760459257
|gametype|singles
|player|p1|Jmds900|101|1163
|player|p2|little infinity|miku-ghost|1217
|gen|9
|tier|[Gen 9] OU
|rated|
|rule|HP Percentage Mod: HP is shown in percentages
|rule|Endless Battle Clause: Forcing endless battles is banned
|rule|Species Clause: Limit one of each Pokémon
|rule|OHKO Clause: OHKO moves are banned
|rule|Evasion Items Clause: Evasion items are banned
|rule|Evasion Moves Clause: Evasion moves are banned
|rule|Evasion Abilities Clause: Evasion abilities are banned
|rule|Sleep Moves Clause: Sleep-inducing moves are banned
|clearpoke
|poke|p1|Pelipper, M|
|poke|p1|Poliwrath, M|
|poke|p1|Umbreon, M|
|poke|p1|Weezing, M|
|poke|p1|Persian, F|
|poke|p1|Muk-Alola, F|
|poke|p2|Ceruledge, M|
|poke|p2|Gholdengo|
|poke|p2|Dragapult, M|
|poke|p2|Palossand, F|
|poke|p2|Gengar, F|
|poke|p2|Sinistcha|
|teampreview
|
|t:|1760459263
|teamsize|p1|6
|teamsize|p2|6
|start
|switch|p1a: Persian|Persian, F|100/100
|switch|p2a: Evil Twin|Gengar, F, shiny|100/100
|turn|1
|
|t:|1760459269
|switch|p2a: Dark Tower|Palossand, F, shiny|100/100
|move|p1a: Persian|Knock Off|p2a: Dark Tower
|-supereffective|p2a: Dark Tower
|-damage|p2a: Dark Tower|74/100
|-damage|p1a: Persian|84/100|[from] item: Rocky Helmet|[of] p2a: Dark Tower
|-enditem|p2a: Dark Tower|Rocky Helmet|[from] move: Knock Off|[of] p1a: Persian
|
|upkeep
|turn|2
|
|t:|1760459281
|move|p1a: Persian|U-turn|p2a: Dark Tower
|-resisted|p2a: Dark Tower
|-damage|p2a: Dark Tower|69/100
|
|t:|1760459284
|switch|p1a: Weezing|Weezing, M|100/100|[from] U-turn
|move|p2a: Dark Tower|Stealth Rock|p1a: Weezing
|-sidestart|p1: Jmds900|move: Stealth Rock
|
|upkeep
|turn|3
|
|t:|1760459295
|switch|p2a: Crypt Keeper|Gholdengo, shiny|100/100
|move|p1a: Weezing|Will-O-Wisp|p2a: Crypt Keeper
|-immune|p2a: Crypt Keeper|[from] ability: Good as Gold
|
|upkeep
|turn|4
|
|t:|1760459306
|switch|p1a: Muk|Muk-Alola, F|100/100
|-damage|p1a: Muk|88/100|[from] Stealth Rock
|move|p2a: Crypt Keeper|Thunder Wave|p1a: Muk|[miss]
|-miss|p2a: Crypt Keeper|p1a: Muk
|
|-heal|p1a: Muk|94/100|[from] item: Black Sludge
|upkeep
|turn|5
|
|t:|1760459316
|move|p2a: Crypt Keeper|Thunder Wave|p1a: Muk
|-status|p1a: Muk|par
|move|p1a: Muk|Knock Off|p2a: Crypt Keeper
|-supereffective|p2a: Crypt Keeper
|-damage|p2a: Crypt Keeper|30/100
|-enditem|p2a: Crypt Keeper|Leftovers|[from] move: Knock Off|[of] p1a: Muk
|
|-heal|p1a: Muk|99/100 par|[from] item: Black Sludge
|upkeep
|turn|6
|
|t:|1760459325
|move|p2a: Crypt Keeper|Recover|p2a: Crypt Keeper
|-heal|p2a: Crypt Keeper|80/100
|move|p1a: Muk|Knock Off|p2a: Crypt Keeper
|-supereffective|p2a: Crypt Keeper
|-crit|p2a: Crypt Keeper
|-damage|p2a: Crypt Keeper|10/100
|
|-heal|p1a: Muk|100/100 par|[from] item: Black Sludge
|upkeep
|turn|7
|
|t:|1760459335
|move|p2a: Crypt Keeper|Recover|p2a: Crypt Keeper
|-heal|p2a: Crypt Keeper|60/100
|move|p1a: Muk|Knock Off|p2a: Crypt Keeper
|-supereffective|p2a: Crypt Keeper
|-damage|p2a: Crypt Keeper|14/100
|
|upkeep
|turn|8
|
|t:|1760459343
|move|p2a: Crypt Keeper|Recover|p2a: Crypt Keeper
|-heal|p2a: Crypt Keeper|64/100
|move|p1a: Muk|Knock Off|p2a: Crypt Keeper
|-supereffective|p2a: Crypt Keeper
|-damage|p2a: Crypt Keeper|22/100
|
|upkeep
|turn|9
|
|t:|1760459351
|move|p2a: Crypt Keeper|Recover|p2a: Crypt Keeper
|-heal|p2a: Crypt Keeper|72/100
|move|p1a: Muk|Knock Off|p2a: Crypt Keeper
|-supereffective|p2a: Crypt Keeper
|-damage|p2a: Crypt Keeper|25/100
|
|upkeep
|turn|10
|
|t:|1760459358
|switch|p2a: Dark Tower|Palossand, F, shiny|69/100
|cant|p1a: Muk|par
|
|upkeep
|turn|11
|
|t:|1760459367
|move|p2a: Dark Tower|Earth Power|p1a: Muk
|-supereffective|p1a: Muk
|-damage|p1a: Muk|45/100 par
|move|p1a: Muk|Ice Punch|p2a: Dark Tower
|-supereffective|p2a: Dark Tower
|-damage|p2a: Dark Tower|40/100
|-status|p2a: Dark Tower|psn|[from] ability: Poison Touch|[of] p1a: Muk
|
|-heal|p1a: Muk|51/100 par|[from] item: Black Sludge
|-damage|p2a: Dark Tower|27/100 psn|[from] psn
|upkeep
|turn|12
|
|t:|1760459381
|switch|p1a: Pelipper|Pelipper, M|100/100
|-damage|p1a: Pelipper|76/100|[from] Stealth Rock
|-weather|RainDance|[from] ability: Drizzle|[of] p1a: Pelipper
|move|p2a: Dark Tower|Earth Power|p1a: Pelipper
|-immune|p1a: Pelipper
|
|-weather|RainDance|[upkeep]
|-damage|p2a: Dark Tower|15/100 psn|[from] psn
|upkeep
|turn|13
|
|t:|1760459399
|switch|p2a: Crypt Keeper|Gholdengo, shiny|25/100
|move|p1a: Pelipper|Hurricane|p2a: Crypt Keeper
|-resisted|p2a: Crypt Keeper
|-crit|p2a: Crypt Keeper
|-damage|p2a: Crypt Keeper|0 fnt
|faint|p2a: Crypt Keeper
|
|-weather|RainDance|[upkeep]
|upkeep
|
|t:|1760459413
|switch|p2a: Evil Twin|Gengar, F, shiny|100/100
|turn|14
|
|t:|1760459430
|switch|p1a: Umbreon|Umbreon, M|100/100
|-damage|p1a: Umbreon|88/100|[from] Stealth Rock
|move|p2a: Evil Twin|Thunderbolt|p1a: Umbreon
|-damage|p1a: Umbreon|72/100
|-status|p1a: Umbreon|par
|-activate|p1a: Umbreon|ability: Synchronize
|-status|p2a: Evil Twin|par
|
|-weather|RainDance|[upkeep]
|-heal|p1a: Umbreon|78/100 par|[from] item: Leftovers
|upkeep
|turn|15
|
|t:|1760459444
|switch|p2a: Dark Tower|Palossand, F, shiny|15/100 psn
|cant|p1a: Umbreon|par
|
|-weather|RainDance|[upkeep]
|-heal|p1a: Umbreon|84/100 par|[from] item: Leftovers
|-damage|p2a: Dark Tower|3/100 psn|[from] psn
|upkeep
|turn|16
|
|t:|1760459453
|move|p2a: Dark Tower|Shore Up|p2a: Dark Tower
|-heal|p2a: Dark Tower|53/100 psn
|move|p1a: Umbreon|Wish|p1a: Umbreon
|
|-weather|RainDance|[upkeep]
|-heal|p1a: Umbreon|90/100 par|[from] item: Leftovers
|-damage|p2a: Dark Tower|40/100 psn|[from] psn
|upkeep
|turn|17
|
|t:|1760459470
|switch|p2a: Dust Devil|Dragapult, M, shiny|100/100
|cant|p1a: Umbreon|par
|
|-weather|RainDance|[upkeep]
|-heal|p1a: Umbreon|100/100 par|[from] move: Wish|[wisher] Umbreon
|upkeep
|turn|18
|
|t:|1760459478
|move|p2a: Dust Devil|Substitute|p2a: Dust Devil
|-start|p2a: Dust Devil|Substitute
|-damage|p2a: Dust Devil|76/100
|move|p1a: Umbreon|Foul Play|p2a: Dust Devil
|-supereffective|p2a: Dust Devil
|-end|p2a: Dust Devil|Substitute
|
|-weather|RainDance|[upkeep]
|-heal|p2a: Dust Devil|82/100|[from] item: Leftovers
|upkeep
|turn|19
|
|t:|1760459490
|move|p2a: Dust Devil|Substitute|p2a: Dust Devil
|-start|p2a: Dust Devil|Substitute
|-damage|p2a: Dust Devil|57/100
|move|p1a: Umbreon|Foul Play|p2a: Dust Devil
|-supereffective|p2a: Dust Devil
|-end|p2a: Dust Devil|Substitute
|
|-weather|none
|-heal|p2a: Dust Devil|63/100|[from] item: Leftovers
|upkeep
|turn|20
|
|t:|1760459506
|move|p2a: Dust Devil|Dragon Darts|p1a: Umbreon
|-damage|p1a: Umbreon|79/100 par
|-anim|p2a: Dust Devil|Dragon Darts|p1a: Umbreon
|-damage|p1a: Umbreon|55/100 par
|move|p1a: Umbreon|Foul Play|p2a: Dust Devil
|-supereffective|p2a: Dust Devil
|-damage|p2a: Dust Devil|0 fnt
|faint|p2a: Dust Devil
|
|-heal|p1a: Umbreon|61/100 par|[from] item: Leftovers
|upkeep
|
|t:|1760459518
|switch|p2a: Hell Knight|Ceruledge, M, shiny|100/100
|turn|21
|
|t:|1760459527
|-terastallize|p2a: Hell Knight|Bug
|move|p2a: Hell Knight|Brick Break|p1a: Umbreon
|-supereffective|p1a: Umbreon
|-damage|p1a: Umbreon|30/100 par
|move|p1a: Umbreon|Toxic|p2a: Hell Knight
|-status|p2a: Hell Knight|tox
|
|-heal|p1a: Umbreon|37/100 par|[from] item: Leftovers
|-damage|p2a: Hell Knight|94/100 tox|[from] psn
|upkeep
|turn|22
|
|t:|1760459538
|move|p1a: Umbreon|Protect|p1a: Umbreon
|-singleturn|p1a: Umbreon|Protect
|move|p2a: Hell Knight|Bulk Up|p2a: Hell Knight
|-boost|p2a: Hell Knight|atk|1
|-boost|p2a: Hell Knight|def|1
|
|-heal|p1a: Umbreon|43/100 par|[from] item: Leftovers
|-damage|p2a: Hell Knight|82/100 tox|[from] psn
|upkeep
|turn|23
|
|t:|1760459547
|move|p2a: Hell Knight|Bitter Blade|p1a: Umbreon
|-damage|p1a: Umbreon|0 fnt
|-heal|p2a: Hell Knight|100/100 tox|[from] drain|[of] p1a: Umbreon
|faint|p1a: Umbreon
|
|-damage|p2a: Hell Knight|82/100 tox|[from] psn
|upkeep
|
|t:|1760459557
|switch|p1a: Pelipper|Pelipper, M|76/100
|-damage|p1a: Pelipper|51/100|[from] Stealth Rock
|-weather|RainDance|[from] ability: Drizzle|[of] p1a: Pelipper
|turn|24
|
|t:|1760459575
|move|p2a: Hell Knight|Shadow Sneak|p1a: Pelipper
|-damage|p1a: Pelipper|32/100
|move|p1a: Pelipper|Hurricane|p2a: Hell Knight
|-supereffective|p2a: Hell Knight
|-damage|p2a: Hell Knight|28/100 tox
|
|-weather|RainDance|[upkeep]
|-damage|p2a: Hell Knight|3/100 tox|[from] psn
|upkeep
|turn|25
|
|t:|1760459586
|move|p2a: Hell Knight|Shadow Sneak|p1a: Pelipper
|-damage|p1a: Pelipper|14/100
|move|p1a: Pelipper|Hurricane|p2a: Hell Knight
|-supereffective|p2a: Hell Knight
|-damage|p2a: Hell Knight|0 fnt
|faint|p2a: Hell Knight
|
|-weather|RainDance|[upkeep]
|upkeep
|
|t:|1760459595
|switch|p2a: Evil Twin|Gengar, F, shiny|100/100 par
|turn|26
|
|t:|1760459600
|move|p2a: Evil Twin|Shadow Ball|p1a: Pelipper
|-damage|p1a: Pelipper|0 fnt
|faint|p1a: Pelipper
|
|-weather|RainDance|[upkeep]
|upkeep
|
|t:|1760459606
|switch|p1a: Poliwrath|Poliwrath, M|100/100
|-damage|p1a: Poliwrath|94/100|[from] Stealth Rock
|turn|27
|
|t:|1760459611
|switch|p2a: Dark Tower|Palossand, F, shiny|40/100 psn
|-terastallize|p1a: Poliwrath|Water
|move|p1a: Poliwrath|Liquidation|p2a: Dark Tower
|-supereffective|p2a: Dark Tower
|-damage|p2a: Dark Tower|0 fnt
|faint|p2a: Dark Tower
|
|-weather|RainDance|[upkeep]
|upkeep
|
|t:|1760459620
|switch|p2a: Blood Vine|Sinistcha, shiny|100/100
|turn|28
|
|t:|1760459627
|move|p1a: Poliwrath|Ice Punch|p2a: Blood Vine
|-supereffective|p2a: Blood Vine
|-damage|p2a: Blood Vine|69/100
|-status|p2a: Blood Vine|frz
|-curestatus|p2a: Blood Vine|frz|[msg]
|move|p2a: Blood Vine|Strength Sap|p1a: Poliwrath
|-unboost|p1a: Poliwrath|atk|1
|-heal|p2a: Blood Vine|100/100
|
|-weather|RainDance|[upkeep]
|upkeep
|turn|29
|
|t:|1760459639
|move|p1a: Poliwrath|Belly Drum|p1a: Poliwrath
|-damage|p1a: Poliwrath|44/100
|-setboost|p1a: Poliwrath|atk|6|[from] move: Belly Drum
|-enditem|p1a: Poliwrath|Sitrus Berry|[eat]
|-heal|p1a: Poliwrath|69/100|[from] item: Sitrus Berry
|move|p2a: Blood Vine|Calm Mind|p2a: Blood Vine
|-boost|p2a: Blood Vine|spa|1
|-boost|p2a: Blood Vine|spd|1
|
|-weather|RainDance|[upkeep]
|upkeep
|turn|30
|
|t:|1760459651
|move|p1a: Poliwrath|Ice Punch|p2a: Blood Vine
|-supereffective|p2a: Blood Vine
|-damage|p2a: Blood Vine|0 fnt
|faint|p2a: Blood Vine
|
|-weather|RainDance|[upkeep]
|upkeep
|
|t:|1760459657
|switch|p2a: Evil Twin|Gengar, F, shiny|100/100 par
|turn|31
|
|t:|1760459660
|move|p1a: Poliwrath|Liquidation|p2a: Evil Twin
|-damage|p2a: Evil Twin|0 fnt
|faint|p2a: Evil Twin
|
|win|Jmds900
|raw|Jmds900's rating: 1163 &rarr; <strong>1192</strong><br />(+29 for winning)
|raw|little infinity's rating: 1217 &rarr; <strong>1188</strong><br />(-29 for losing)
|l|☆little infinity
|player|p2|
|l|☆Jmds900
|player|p1|
