|j|‽thetidleypeeps
|j|☆barrman1313
|t:|1760369243
|gametype|singles
|player|p1|thetidleypeeps|265|1559
|player|p2|barrman1313|brycenman|1501
|gen|9
|tier|[Gen 9] OU
|rated|
|rule|HP Percentage Mod: HP is shown in percentages
|rule|Endless Battle Clause: Forcing endless battles is banned
|rule|Species Clause: Limit one of each Pokémon
|rule|OHKO Clause: OHKO moves are banned
|rule|Evasion Items Clause: Evasion items are banned
|rule|Evasion Moves Clause: Evasion moves are banned
|rule|Evasion Abilities Clause: Evasion abilities are banned
|rule|Sleep Moves Clause: Sleep-inducing moves are banned
|clearpoke
|poke|p1|Great Tusk|
|poke|p1|Iron Valiant|
|poke|p1|Dragapult, M|
|poke|p1|Dragonite, M|
|poke|p1|Garganacl, M|
|poke|p1|Moltres|
|poke|p2|Diancie|
|poke|p2|Kyurem|
|poke|p2|Necrozma|
|poke|p2|Hatterene, F|
|poke|p2|Iron Hands|
|poke|p2|Landorus-Therian, M|
|teampreview
|
|t:|1760369255
|teamsize|p1|6
|teamsize|p2|6
|start
|switch|p1a: Dragapult|Dragapult, M, shiny|100/100
|switch|p2a: Iron Hands|Iron Hands|100/100
|-enditem|p2a: Iron Hands|Booster Energy
|-activate|p2a: Iron Hands|ability: Quark Drive|[fromitem]
|-start|p2a: Iron Hands|quarkdriveatk
|turn|1
|
|t:|1760369262
|move|p1a: Dragapult|Draco Meteor|p2a: Iron Hands
|-damage|p2a: Iron Hands|26/100
|-unboost|p1a: Dragapult|spa|2
|move|p2a: Iron Hands|Ice Punch|p1a: Dragapult
|-supereffective|p1a: Dragapult
|-damage|p1a: Dragapult|0 fnt
|faint|p1a: Dragapult
|
|upkeep
|
|t:|1760369267
|switch|p1a: Iron Valiant|Iron Valiant, shiny|100/100
|-enditem|p1a: Iron Valiant|Booster Energy
|-activate|p1a: Iron Valiant|ability: Quark Drive|[fromitem]
|-start|p1a: Iron Valiant|quarkdrivespe
|turn|2
|
|t:|1760369273
|move|p1a: Iron Valiant|Moonblast|p2a: Iron Hands
|-supereffective|p2a: Iron Hands
|-damage|p2a: Iron Hands|0 fnt
|faint|p2a: Iron Hands
|-end|p2a: Iron Hands|Quark Drive|[silent]
|
|upkeep
|
|t:|1760369279
|switch|p2a: Necrozma|Necrozma|100/100
|turn|3
|
|t:|1760369288
|-end|p1a: Iron Valiant|Quark Drive|[silent]
|switch|p1a: Moltres|Moltres|100/100
|move|p2a: Necrozma|Trick Room|p2a: Necrozma
|-fieldstart|move: Trick Room|[of] p2a: Necrozma
|
|upkeep
|turn|4
|
|t:|1760369293
|move|p2a: Necrozma|Meteor Beam||[still]
|-prepare|p2a: Necrozma|Meteor Beam
|-boost|p2a: Necrozma|spa|1
|-enditem|p2a: Necrozma|Power Herb
|-anim|p2a: Necrozma|Meteor Beam|p1a: Moltres
|-supereffective|p1a: Moltres
|-damage|p1a: Moltres|0 fnt
|faint|p1a: Moltres
|
|upkeep
|
|t:|1760369305
|switch|p1a: Garganacl|Garganacl, M|100/100
|turn|5
|
|t:|1760369314
|move|p1a: Garganacl|Protect|p1a: Garganacl
|-singleturn|p1a: Garganacl|Protect
|move|p2a: Necrozma|Photon Geyser|p1a: Garganacl
|-activate|p1a: Garganacl|move: Protect
|
|upkeep
|turn|6
|
|t:|1760369326
|move|p1a: Garganacl|Salt Cure|p2a: Necrozma
|-damage|p2a: Necrozma|89/100
|-start|p2a: Necrozma|Salt Cure
|move|p2a: Necrozma|Photon Geyser|p1a: Garganacl
|-damage|p1a: Garganacl|24/100
|
|-heal|p1a: Garganacl|30/100|[from] item: Leftovers
|-damage|p2a: Necrozma|77/100|[from] Salt Cure
|upkeep
|turn|7
|
|t:|1760369339
|move|p1a: Garganacl|Recover|p1a: Garganacl
|-heal|p1a: Garganacl|80/100
|move|p2a: Necrozma|Photon Geyser|p1a: Garganacl
|-damage|p1a: Garganacl|0 fnt
|faint|p1a: Garganacl
|
|-damage|p2a: Necrozma|64/100|[from] Salt Cure
|-fieldend|move: Trick Room
|upkeep
|
|t:|1760369353
|switch|p1a: Dragonite|Dragonite, M|100/100
|turn|8
|
|t:|1760369362
|move|p1a: Dragonite|Dragon Dance|p1a: Dragonite
|-boost|p1a: Dragonite|atk|1
|-boost|p1a: Dragonite|spe|1
|move|p2a: Necrozma|Photon Geyser|p1a: Dragonite
|-damage|p1a: Dragonite|14/100
|
|-damage|p2a: Necrozma|52/100|[from] Salt Cure
|upkeep
|turn|9
|
|t:|1760369374
|switch|p2a: Landorus|Landorus-Therian, M|100/100
|-ability|p2a: Landorus|Intimidate|boost
|-unboost|p1a: Dragonite|atk|1
|move|p1a: Dragonite|Earthquake|p2a: Landorus
|-immune|p2a: Landorus
|
|upkeep
|turn|10
|
|t:|1760369384
|move|p1a: Dragonite|Iron Head|p2a: Landorus
|-damage|p2a: Landorus|71/100
|-damage|p1a: Dragonite|0 fnt|[from] item: Rocky Helmet|[of] p2a: Landorus
|faint|p1a: Dragonite
|cant|p2a: Landorus|flinch
|
|upkeep
|
|t:|1760369391
|switch|p1a: Great Tusk|Great Tusk|100/100
|-enditem|p1a: Great Tusk|Booster Energy
|-activate|p1a: Great Tusk|ability: Protosynthesis|[fromitem]
|-start|p1a: Great Tusk|protosynthesisatk
|turn|11
|
|t:|1760369405
|move|p2a: Landorus|Earthquake|p1a: Great Tusk
|-damage|p1a: Great Tusk|65/100
|move|p1a: Great Tusk|Ice Spinner|p2a: Landorus
|-supereffective|p2a: Landorus
|-damage|p2a: Landorus|0 fnt
|-damage|p1a: Great Tusk|48/100|[from] item: Rocky Helmet|[of] p2a: Landorus
|faint|p2a: Landorus
|
|upkeep
|
|t:|1760369411
|switch|p2a: Hatterene|Hatterene, F|100/100
|turn|12
|
|t:|1760369419
|-terastallize|p1a: Great Tusk|Fire
|move|p1a: Great Tusk|Headlong Rush|p2a: Hatterene
|-damage|p2a: Hatterene|10/100
|-unboost|p1a: Great Tusk|def|1
|-unboost|p1a: Great Tusk|spd|1
|move|p2a: Hatterene|Trick Room|p2a: Hatterene
|-fieldstart|move: Trick Room|[of] p2a: Hatterene
|
|upkeep
|turn|13
|
|t:|1760369425
|move|p2a: Hatterene|Psyshock|p1a: Great Tusk
|-crit|p1a: Great Tusk
|-damage|p1a: Great Tusk|0 fnt
|faint|p1a: Great Tusk
|-end|p1a: Great Tusk|Protosynthesis|[silent]
|-damage|p2a: Hatterene|0 fnt|[from] item: Life Orb
|faint|p2a: Hatterene
|
|upkeep
|
|t:|1760369428
|switch|p2a: Necrozma|Necrozma|52/100
|switch|p1a: Iron Valiant|Iron Valiant, shiny|100/100
|turn|14
|
|t:|1760369432
|move|p2a: Necrozma|Photon Geyser|p1a: Iron Valiant
|-supereffective|p1a: Iron Valiant
|-damage|p1a: Iron Valiant|0 fnt
|faint|p1a: Iron Valiant
|-end|p1a: Iron Valiant|Quark Drive|[silent]
|
|win|barrman1313
|raw|thetidleypeeps's rating: 1559 &rarr; <strong>1536</strong><br />(-23 for losing)
|raw|barrman1313's rating: 1501 &rarr; <strong>1524</strong><br />(+23 for winning)
|l|‽thetidleypeeps
|player|p1|
|l|☆barrman1313
|player|p2|
