|j|☆vghhjg
|j|☆oblizzy
|t:|1760451060
|gametype|singles
|player|p1|vghhjg|265|1560
|player|p2|oblizzy|skierf|1506
|gen|9
|tier|[Gen 9] OU
|rated|
|rule|HP Percentage Mod: HP is shown in percentages
|rule|Endless Battle Clause: Forcing endless battles is banned
|rule|Species Clause: Limit one of each Pokémon
|rule|OHKO Clause: OHKO moves are banned
|rule|Evasion Items Clause: Evasion items are banned
|rule|Evasion Moves Clause: Evasion moves are banned
|rule|Evasion Abilities Clause: Evasion abilities are banned
|rule|Sleep Moves Clause: Sleep-inducing moves are banned
|clearpoke
|poke|p1|Ribombee, F|
|poke|p1|Gholdengo|
|poke|p1|Cinderace, F|
|poke|p1|Arcanine-Hisui, F|
|poke|p1|Primarina, F|
|poke|p1|Dragonite, M|
|poke|p2|Slither Wing|
|poke|p2|Slowking-Galar, M|
|poke|p2|Great Tusk|
|poke|p2|Scizor, F|
|poke|p2|Hatterene, F|
|poke|p2|Garganacl, M|
|teampreview
|inactive|Battle timer is ON: inactive players will automatically lose when time's up. (requested by vghhjg)
|
|t:|1760451093
|teamsize|p1|6
|teamsize|p2|6
|start
|switch|p1a: Ribombee|Ribombee, F|100/100
|switch|p2a: Hatterene|Hatterene, F|100/100
|turn|1
|
|t:|1760451108
|move|p1a: Ribombee|Skill Swap|p2a: Hatterene
|-activate|p1a: Ribombee|move: Skill Swap|Magic Bounce|Shield Dust|[of] p2a: Hatterene
|move|p2a: Hatterene|Nuzzle|p1a: Ribombee
|-damage|p1a: Ribombee|93/100
|-status|p1a: Ribombee|par
|
|upkeep
|turn|2
|inactive|oblizzy has 120 seconds left.
|
|t:|1760451139
|cant|p1a: Ribombee|par
|move|p2a: Hatterene|Psychic Noise|p1a: Ribombee
|-crit|p1a: Ribombee
|-damage|p1a: Ribombee|0 fnt
|faint|p1a: Ribombee
|
|upkeep
|
|t:|1760451149
|switch|p1a: Primarina|Primarina, F|100/100
|turn|3
|c|☆oblizzy|mb
|
|t:|1760451156
|move|p1a: Primarina|Substitute|p1a: Primarina
|-start|p1a: Primarina|Substitute
|-damage|p1a: Primarina|76/100
|move|p2a: Hatterene|Nuzzle|p1a: Primarina
|-supereffective|p1a: Primarina
|-activate|p1a: Primarina|move: Substitute|[damage]
|
|-heal|p1a: Primarina|82/100|[from] item: Leftovers
|upkeep
|turn|4
|c|☆vghhjg|happens , all good :P
|
|t:|1760451170
|move|p1a: Primarina|Calm Mind|p1a: Primarina
|-boost|p1a: Primarina|spa|1
|-boost|p1a: Primarina|spd|1
|move|p2a: Hatterene|Psychic Noise|p1a: Primarina
|-damage|p1a: Primarina|55/100
|-start|p1a: Primarina|move: Heal Block
|
|upkeep
|turn|5
|
|t:|1760451188
|move|p1a: Primarina|Moonblast|p2a: Hatterene
|-damage|p2a: Hatterene|57/100
|move|p2a: Hatterene|Psychic Noise|p1a: Primarina
|-damage|p1a: Primarina|28/100
|
|-end|p1a: Primarina|move: Heal Block
|upkeep
|turn|6
|
|t:|1760451200
|move|p1a: Primarina|Surf|p2a: Hatterene
|-damage|p2a: Hatterene|0 fnt
|faint|p2a: Hatterene
|
|-heal|p1a: Primarina|34/100|[from] item: Leftovers
|upkeep
|
|t:|1760451211
|switch|p2a: Scizor|Scizor, F|100/100
|turn|7
|
|t:|1760451215
|move|p2a: Scizor|Bullet Punch|p1a: Primarina
|-end|p1a: Primarina|Substitute
|-damage|p2a: Scizor|91/100|[from] item: Life Orb
|move|p1a: Primarina|Surf|p2a: Scizor
|-damage|p2a: Scizor|0 fnt
|faint|p2a: Scizor
|
|-heal|p1a: Primarina|40/100|[from] item: Leftovers
|upkeep
|
|t:|1760451228
|switch|p2a: Slither Wing|Slither Wing|100/100
|turn|8
|
|t:|1760451231
|move|p2a: Slither Wing|Wild Charge|p1a: Primarina
|-supereffective|p1a: Primarina
|-damage|p1a: Primarina|0 fnt
|faint|p1a: Primarina
|-damage|p2a: Slither Wing|91/100|[from] Recoil
|
|upkeep
|
|t:|1760451242
|switch|p1a: Cinderace|Cinderace, F|100/100
|turn|9
|
|t:|1760451246
|-end|p2a: Slither Wing|Protosynthesis|[silent]
|switch|p2a: Great Tusk|Great Tusk|100/100
|-enditem|p2a: Great Tusk|Booster Energy
|-activate|p2a: Great Tusk|ability: Protosynthesis|[fromitem]
|-start|p2a: Great Tusk|protosynthesisspe
|move|p1a: Cinderace|Pyro Ball|p2a: Great Tusk
|-damage|p2a: Great Tusk|65/100
|-status|p2a: Great Tusk|brn
|
|-damage|p2a: Great Tusk|59/100 brn|[from] brn
|upkeep
|turn|10
|
|t:|1760451259
|switch|p1a: Gholdengo|Gholdengo|100/100
|-item|p1a: Gholdengo|Air Balloon
|move|p2a: Great Tusk|Stealth Rock|p1a: Gholdengo
|-sidestart|p1: vghhjg|move: Stealth Rock
|
|-damage|p2a: Great Tusk|53/100 brn|[from] brn
|upkeep
|turn|11
|
|t:|1760451277
|move|p2a: Great Tusk|Ice Spinner|p1a: Gholdengo
|-resisted|p1a: Gholdengo
|-damage|p1a: Gholdengo|94/100
|-enditem|p1a: Gholdengo|Air Balloon
|move|p1a: Gholdengo|Dazzling Gleam|p2a: Great Tusk
|-supereffective|p2a: Great Tusk
|-damage|p2a: Great Tusk|0 fnt
|faint|p2a: Great Tusk
|-end|p2a: Great Tusk|Protosynthesis|[silent]
|
|upkeep
|
|t:|1760451283
|switch|p2a: Garganacl|Garganacl, M|100/100
|turn|12
|inactive|vghhjg has 120 seconds left.
|
|t:|1760451329
|switch|p1a: Arcanine|Arcanine-Hisui, F|100/100
|-ability|p1a: Arcanine|Intimidate|boost
|-unboost|p2a: Garganacl|atk|1
|-terastallize|p2a: Garganacl|Water
|move|p2a: Garganacl|Salt Cure|p1a: Arcanine
|-supereffective|p1a: Arcanine
|-damage|p1a: Arcanine|75/100
|-start|p1a: Arcanine|Salt Cure
|
|-damage|p1a: Arcanine|63/100|[from] Salt Cure
|upkeep
|turn|13
|
|t:|1760451338
|move|p2a: Garganacl|Protect|p2a: Garganacl
|-singleturn|p2a: Garganacl|Protect
|move|p1a: Arcanine|Stealth Rock|p2a: Garganacl
|-sidestart|p2: oblizzy|move: Stealth Rock
|
|-damage|p1a: Arcanine|50/100|[from] Salt Cure
|upkeep
|turn|14
|
|t:|1760451346
|move|p1a: Arcanine|Flare Blitz|p2a: Garganacl
|-resisted|p2a: Garganacl
|-damage|p2a: Garganacl|82/100
|-damage|p1a: Arcanine|43/100|[from] Recoil
|move|p2a: Garganacl|Recover|p2a: Garganacl
|-heal|p2a: Garganacl|100/100
|
|-damage|p1a: Arcanine|30/100|[from] Salt Cure
|upkeep
|turn|15
|
|t:|1760451352
|move|p1a: Arcanine|Howl|p1a: Arcanine
|-boost|p1a: Arcanine|atk|1
|move|p2a: Garganacl|Salt Cure|p1a: Arcanine
|-supereffective|p1a: Arcanine
|-damage|p1a: Arcanine|8/100
|
|-damage|p1a: Arcanine|0 fnt|[from] Salt Cure
|faint|p1a: Arcanine
|upkeep
|inactive|vghhjg has 120 seconds left.
|
|t:|1760451363
|switch|p1a: Cinderace|Cinderace, F|100/100
|turn|16
|
|t:|1760451368
|move|p1a: Cinderace|High Jump Kick|p2a: Garganacl
|-start|p1a: Cinderace|typechange|Fighting|[from] ability: Libero
|-damage|p2a: Garganacl|57/100
|move|p2a: Garganacl|Salt Cure|p1a: Cinderace
|-resisted|p1a: Cinderace
|-damage|p1a: Cinderace|94/100
|-start|p1a: Cinderace|Salt Cure
|
|-heal|p2a: Garganacl|63/100|[from] item: Leftovers
|-damage|p1a: Cinderace|82/100|[from] Salt Cure
|upkeep
|turn|17
|
|t:|1760451376
|move|p1a: Cinderace|High Jump Kick|p2a: Garganacl
|-damage|p2a: Garganacl|23/100
|move|p2a: Garganacl|Recover|p2a: Garganacl
|-heal|p2a: Garganacl|73/100
|
|-heal|p2a: Garganacl|79/100|[from] item: Leftovers
|-damage|p1a: Cinderace|70/100|[from] Salt Cure
|upkeep
|turn|18
|
|t:|1760451385
|switch|p1a: Dragonite|Dragonite, M|100/100
|move|p2a: Garganacl|Protect||[still]
|-fail|p2a: Garganacl
|
|-heal|p2a: Garganacl|85/100|[from] item: Leftovers
|upkeep
|turn|19
|
|t:|1760451388
|move|p1a: Dragonite|Encore|p2a: Garganacl
|-start|p2a: Garganacl|Encore
|move|p2a: Garganacl|Protect||[still]
|-fail|p2a: Garganacl
|
|-heal|p2a: Garganacl|91/100|[from] item: Leftovers
|upkeep
|turn|20
|
|t:|1760451396
|switch|p2a: Slowking|Slowking-Galar, M|100/100
|move|p1a: Dragonite|Dragon Dance|p1a: Dragonite
|-boost|p1a: Dragonite|atk|1
|-boost|p1a: Dragonite|spe|1
|
|upkeep
|turn|21
|
|t:|1760451401
|move|p1a: Dragonite|Dragon Dance|p1a: Dragonite
|-boost|p1a: Dragonite|atk|1
|-boost|p1a: Dragonite|spe|1
|-prepare|p2a: Slowking|Chilly Reception|[premajor]
|move|p2a: Slowking|Chilly Reception|p2a: Slowking
|-weather|Snowscape
|
|t:|1760451405
|switch|p2a: Garganacl|Garganacl, M, tera:Water|91/100|[from] Chilly Reception
|-damage|p2a: Garganacl|79/100|[from] Stealth Rock
|
|-weather|Snowscape|[upkeep]
|-heal|p2a: Garganacl|85/100|[from] item: Leftovers
|upkeep
|turn|22
|
|t:|1760451413
|move|p1a: Dragonite|Dragon Dance|p1a: Dragonite
|-boost|p1a: Dragonite|atk|1
|-boost|p1a: Dragonite|spe|1
|move|p2a: Garganacl|Salt Cure|p1a: Dragonite
|-supereffective|p1a: Dragonite
|-damage|p1a: Dragonite|84/100
|-start|p1a: Dragonite|Salt Cure
|
|-weather|Snowscape|[upkeep]
|-heal|p2a: Garganacl|91/100|[from] item: Leftovers
|-damage|p1a: Dragonite|72/100|[from] Salt Cure
|upkeep
|turn|23
|
|t:|1760451419
|-terastallize|p1a: Dragonite|Flying
|move|p1a: Dragonite|Tera Blast|p2a: Garganacl|[anim] Tera Blast Flying
|-damage|p2a: Garganacl|2/100
|move|p2a: Garganacl|Recover|p2a: Garganacl
|-heal|p2a: Garganacl|52/100
|
|-weather|Snowscape|[upkeep]
|-heal|p2a: Garganacl|58/100|[from] item: Leftovers
|-damage|p1a: Dragonite|60/100|[from] Salt Cure
|upkeep
|turn|24
|
|t:|1760451426
|move|p2a: Garganacl|Protect|p2a: Garganacl
|-singleturn|p2a: Garganacl|Protect
|move|p1a: Dragonite|Tera Blast|p2a: Garganacl|[anim] Tera Blast Flying
|-activate|p2a: Garganacl|move: Protect
|
|-weather|Snowscape|[upkeep]
|-heal|p2a: Garganacl|65/100|[from] item: Leftovers
|-damage|p1a: Dragonite|47/100|[from] Salt Cure
|upkeep
|turn|25
|
|t:|1760451439
|switch|p2a: Slowking|Slowking-Galar, M|100/100
|move|p1a: Dragonite|Tera Blast|p2a: Slowking|[anim] Tera Blast Flying
|-damage|p2a: Slowking|0 fnt
|faint|p2a: Slowking
|
|-weather|none
|-damage|p1a: Dragonite|35/100|[from] Salt Cure
|upkeep
|
|t:|1760451443
|switch|p2a: Slither Wing|Slither Wing|91/100
|-damage|p2a: Slither Wing|79/100|[from] Stealth Rock
|turn|26
|
|t:|1760451448
|move|p2a: Slither Wing|First Impression|p1a: Dragonite
|-resisted|p1a: Dragonite
|-damage|p1a: Dragonite|0 fnt
|faint|p1a: Dragonite
|
|upkeep
|
|t:|1760451456
|switch|p1a: Cinderace|Cinderace, F|70/100
|turn|27
|
|t:|1760451458
|move|p2a: Slither Wing|First Impression||[still]
|-hint|First Impression only works on your first turn out.
|-fail|p2a: Slither Wing
|move|p1a: Cinderace|Pyro Ball|p2a: Slither Wing
|-supereffective|p2a: Slither Wing
|-damage|p2a: Slither Wing|0 fnt
|faint|p2a: Slither Wing
|-end|p2a: Slither Wing|Protosynthesis|[silent]
|
|upkeep
|
|t:|1760451459
|switch|p2a: Garganacl|Garganacl, M, tera:Water|65/100
|-damage|p2a: Garganacl|52/100|[from] Stealth Rock
|turn|28
|
|t:|1760451469
|move|p1a: Cinderace|Pyro Ball|p2a: Garganacl
|-resisted|p2a: Garganacl
|-damage|p2a: Garganacl|32/100
|move|p2a: Garganacl|Recover|p2a: Garganacl
|-heal|p2a: Garganacl|82/100
|
|-heal|p2a: Garganacl|88/100|[from] item: Leftovers
|upkeep
|turn|29
|
|t:|1760451473
|move|p1a: Cinderace|Pyro Ball|p2a: Garganacl
|-resisted|p2a: Garganacl
|-damage|p2a: Garganacl|68/100
|move|p2a: Garganacl|Salt Cure|p1a: Cinderace
|-supereffective|p1a: Cinderace
|-damage|p1a: Cinderace|27/100
|-start|p1a: Cinderace|Salt Cure
|
|-heal|p2a: Garganacl|75/100|[from] item: Leftovers
|-damage|p1a: Cinderace|15/100|[from] Salt Cure
|upkeep
|turn|30
|
|t:|1760451476
|move|p2a: Garganacl|Protect|p2a: Garganacl
|-singleturn|p2a: Garganacl|Protect
|move|p1a: Cinderace|High Jump Kick|p2a: Garganacl
|-start|p1a: Cinderace|typechange|Fighting|[from] ability: Libero
|-activate|p2a: Garganacl|move: Protect
|-damage|p1a: Cinderace|0 fnt|[from] highjumpkick
|faint|p1a: Cinderace
|
|-heal|p2a: Garganacl|81/100|[from] item: Leftovers
|upkeep
|
|t:|1760451478
|switch|p1a: Gholdengo|Gholdengo|94/100
|-damage|p1a: Gholdengo|88/100|[from] Stealth Rock
|turn|31
|
|t:|1760451480
|move|p1a: Gholdengo|Nasty Plot|p1a: Gholdengo
|-boost|p1a: Gholdengo|spa|2
|move|p2a: Garganacl|Salt Cure|p1a: Gholdengo
|-resisted|p1a: Gholdengo
|-damage|p1a: Gholdengo|80/100
|-start|p1a: Gholdengo|Salt Cure
|
|-heal|p2a: Garganacl|87/100|[from] item: Leftovers
|-damage|p1a: Gholdengo|56/100|[from] Salt Cure
|upkeep
|turn|32
|
|t:|1760451483
|move|p1a: Gholdengo|Nasty Plot|p1a: Gholdengo
|-boost|p1a: Gholdengo|spa|2
|move|p2a: Garganacl|Recover|p2a: Garganacl
|-heal|p2a: Garganacl|100/100
|
|-damage|p1a: Gholdengo|31/100|[from] Salt Cure
|upkeep
|turn|33
|
|t:|1760451488
|move|p1a: Gholdengo|Dazzling Gleam|p2a: Garganacl
|-damage|p2a: Garganacl|40/100
|move|p2a: Garganacl|Recover|p2a: Garganacl
|-heal|p2a: Garganacl|90/100
|
|-heal|p2a: Garganacl|96/100|[from] item: Leftovers
|-damage|p1a: Gholdengo|6/100|[from] Salt Cure
|upkeep
|turn|34
|c|☆oblizzy|gg
|-message|vghhjg forfeited.
|
|win|oblizzy
|raw|vghhjg's rating: 1560 &rarr; <strong>1537</strong><br />(-23 for losing)
|raw|oblizzy's rating: 1506 &rarr; <strong>1529</strong><br />(+23 for winning)
|l|☆vghhjg
|player|p1|
|l|☆oblizzy
|player|p2|
