|j|☆charizardfire2
|j|☆avlavlavlavl
|t:|1760435104
|gametype|singles
|player|p1|charizardfire2|102|1486
|player|p2|avlavlavlavl|lacey|1533
|gen|9
|tier|[Gen 9] OU
|rated|
|rule|HP Percentage Mod: HP is shown in percentages
|rule|Endless Battle Clause: Forcing endless battles is banned
|rule|Species Clause: Limit one of each Pokémon
|rule|OHKO Clause: OHKO moves are banned
|rule|Evasion Items Clause: Evasion items are banned
|rule|Evasion Moves Clause: Evasion moves are banned
|rule|Evasion Abilities Clause: Evasion abilities are banned
|rule|Sleep Moves Clause: Sleep-inducing moves are banned
|clearpoke
|poke|p1|Skeledirge, M|
|poke|p1|Ogerpon-Wellspring, F|
|poke|p1|Dragapult, M|
|poke|p1|Weezing-Galar, F|
|poke|p1|Ting-Lu|
|poke|p1|Corviknight, M|
|poke|p2|Primarina, M|
|poke|p2|Gholdengo|
|poke|p2|Meowscarada, F|
|poke|p2|Moltres|
|poke|p2|Zamazenta-*|
|poke|p2|Iron Treads|
|teampreview
|inactive|Battle timer is ON: inactive players will automatically lose when time's up. (requested by charizardfire2)
|inactive|avlavlavlavl has 120 seconds left.
|
|t:|1760435149
|teamsize|p1|6
|teamsize|p2|6
|start
|switch|p1a: Ogerpon|Ogerpon-Wellspring, F|100/100
|switch|p2a: Meowscarada|Meowscarada, F|100/100
|turn|1
|inactive|charizardfire2 has 120 seconds left.
|
|t:|1760435185
|switch|p1a: Corviknight|Corviknight, M|100/100
|-ability|p1a: Corviknight|Pressure
|move|p2a: Meowscarada|Flower Trick|p1a: Corviknight
|-start|p2a: Meowscarada|typechange|Grass|[from] ability: Protean
|-resisted|p1a: Corviknight
|-crit|p1a: Corviknight
|-damage|p1a: Corviknight|93/100
|
|upkeep
|turn|2
|
|t:|1760435198
|switch|p2a: Moltres|Moltres|100/100
|move|p1a: Corviknight|U-turn|p2a: Moltres
|-resisted|p2a: Moltres
|-damage|p2a: Moltres|98/100
|
|t:|1760435207
|switch|p1a: Ting-Lu|Ting-Lu, shiny|100/100|[from] U-turn
|-ability|p1a: Ting-Lu|Vessel of Ruin
|
|upkeep
|turn|3
|
|t:|1760435220
|move|p2a: Moltres|Will-O-Wisp|p1a: Ting-Lu
|-status|p1a: Ting-Lu|brn
|move|p1a: Ting-Lu|Stealth Rock|p2a: Moltres
|-sidestart|p2: avlavlavlavl|move: Stealth Rock
|
|-damage|p1a: Ting-Lu|94/100 brn|[from] brn
|upkeep
|turn|4
|
|t:|1760435231
|move|p2a: Moltres|U-turn|p1a: Ting-Lu
|-supereffective|p1a: Ting-Lu
|-damage|p1a: Ting-Lu|77/100 brn
|
|t:|1760435239
|switch|p2a: Iron Treads|Iron Treads|100/100|[from] U-turn
|-damage|p2a: Iron Treads|97/100|[from] Stealth Rock
|-item|p2a: Iron Treads|Air Balloon
|move|p1a: Ting-Lu|Rest|p1a: Ting-Lu
|-status|p1a: Ting-Lu|slp|[from] move: Rest
|-heal|p1a: Ting-Lu|100/100 slp|[silent]
|
|upkeep
|turn|5
|
|t:|1760435253
|switch|p1a: Dragapult|Dragapult, M|100/100
|move|p2a: Iron Treads|Stealth Rock|p1a: Dragapult
|-sidestart|p1: charizardfire2|move: Stealth Rock
|
|upkeep
|turn|6
|
|t:|1760435268
|-end|p2a: Iron Treads|Quark Drive|[silent]
|switch|p2a: Primarina|Primarina, M|100/100
|-damage|p2a: Primarina|88/100|[from] Stealth Rock
|move|p1a: Dragapult|U-turn|p2a: Primarina
|-resisted|p2a: Primarina
|-damage|p2a: Primarina|76/100
|
|t:|1760435279
|switch|p1a: Weezing|Weezing-Galar, F|100/100|[from] U-turn
|-ability|p1a: Weezing|Neutralizing Gas
|
|upkeep
|turn|7
|inactive|avlavlavlavl has 120 seconds left.
|
|t:|1760435310
|move|p1a: Weezing|Will-O-Wisp|p2a: Primarina|[miss]
|-miss|p1a: Weezing|p2a: Primarina
|move|p2a: Primarina|Whirlpool|p1a: Weezing
|-damage|p1a: Weezing|75/100
|-activate|p1a: Weezing|move: Whirlpool|[of] p2a: Primarina
|
|-damage|p1a: Weezing|63/100|[from] move: Whirlpool|[partiallytrapped]
|upkeep
|turn|8
|inactive|avlavlavlavl has 120 seconds left.
|
|t:|1760435318
|move|p1a: Weezing|Sludge Bomb|p2a: Primarina
|-supereffective|p2a: Primarina
|-damage|p2a: Primarina|43/100
|move|p2a: Primarina|Psychic Noise|p1a: Weezing
|-supereffective|p1a: Weezing
|-damage|p1a: Weezing|0 fnt
|faint|p1a: Weezing
|-end|p1a: Weezing|ability: Neutralizing Gas
|
|upkeep
|
|t:|1760435336
|switch|p1a: Ogerpon|Ogerpon-Wellspring, F|100/100
|-damage|p1a: Ogerpon|88/100|[from] Stealth Rock
|turn|9
|inactive|avlavlavlavl has 120 seconds left.
|
|t:|1760435367
|switch|p2a: Meowscarada|Meowscarada, F|100/100
|-damage|p2a: Meowscarada|88/100|[from] Stealth Rock
|move|p1a: Ogerpon|Ivy Cudgel|p2a: Meowscarada|[anim] Ivy Cudgel Water
|-resisted|p2a: Meowscarada
|-damage|p2a: Meowscarada|47/100
|
|upkeep
|turn|10
|
|t:|1760435377
|switch|p1a: Corviknight|Corviknight, M|93/100
|-damage|p1a: Corviknight|81/100|[from] Stealth Rock
|-ability|p1a: Corviknight|Pressure
|move|p2a: Meowscarada|U-turn|p1a: Corviknight
|-start|p2a: Meowscarada|typechange|Bug|[from] ability: Protean
|-resisted|p1a: Corviknight
|-damage|p1a: Corviknight|76/100
|-damage|p2a: Meowscarada|31/100|[from] item: Rocky Helmet|[of] p1a: Corviknight
|inactive|avlavlavlavl has 90 seconds left.
|inactive|avlavlavlavl has 60 seconds left.
|c|☆charizardfire2|ye hai arzoooooo
|c|☆charizardfire2|tujhko gale se laga lu
|
|t:|1760435452
|switch|p2a: Iron Treads|Iron Treads|97/100|[from] U-turn
|-damage|p2a: Iron Treads|94/100|[from] Stealth Rock
|-item|p2a: Iron Treads|Air Balloon
|
|upkeep
|turn|11
|inactive|charizardfire2 has 120 seconds left.
|
|t:|1760435509
|move|p2a: Iron Treads|Ice Spinner|p1a: Corviknight
|-damage|p1a: Corviknight|65/100
|-damage|p2a: Iron Treads|78/100|[from] item: Rocky Helmet|[of] p1a: Corviknight
|move|p1a: Corviknight|Body Press|p2a: Iron Treads
|-supereffective|p2a: Iron Treads
|-damage|p2a: Iron Treads|36/100
|-enditem|p2a: Iron Treads|Air Balloon
|
|upkeep
|turn|12
|
|t:|1760435533
|switch|p1a: Ting-Lu|Ting-Lu, shiny|100/100 slp
|-damage|p1a: Ting-Lu|94/100 slp|[from] Stealth Rock
|-ability|p1a: Ting-Lu|Vessel of Ruin
|move|p2a: Iron Treads|Rapid Spin|p1a: Ting-Lu
|-damage|p1a: Ting-Lu|87/100 slp
|-boost|p2a: Iron Treads|spe|1
|-sideend|p2: avlavlavlavl|Stealth Rock|[from] move: Rapid Spin|[of] p2a: Iron Treads
|
|-heal|p1a: Ting-Lu|93/100 slp|[from] item: Leftovers
|upkeep
|turn|13
|inactive|avlavlavlavl has 30 seconds left.
|inactive|avlavlavlavl has 20 seconds left.
|
|t:|1760435558
|-end|p2a: Iron Treads|Quark Drive|[silent]
|switch|p2a: Primarina|Primarina, M|43/100
|cant|p1a: Ting-Lu|slp
|
|-heal|p1a: Ting-Lu|99/100 slp|[from] item: Leftovers
|upkeep
|turn|14
|inactive|avlavlavlavl has 30 seconds left this turn.
|inactive|charizardfire2 has 120 seconds left.
|
|t:|1760435572
|switch|p1a: Ogerpon|Ogerpon-Wellspring, F|88/100
|-damage|p1a: Ogerpon|76/100|[from] Stealth Rock
|move|p2a: Primarina|Moonblast|p1a: Ogerpon
|-damage|p1a: Ogerpon|21/100
|
|upkeep
|turn|15
|inactive|avlavlavlavl has 30 seconds left.
|
|t:|1760435580
|switch|p2a: Iron Treads|Iron Treads|36/100
|move|p1a: Ogerpon|Synthesis|p1a: Ogerpon
|-heal|p1a: Ogerpon|71/100
|
|upkeep
|turn|16
|inactive|avlavlavlavl has 30 seconds left.
|
|t:|1760435599
|-end|p2a: Iron Treads|Quark Drive|[silent]
|switch|p2a: Zamazenta|Zamazenta|100/100
|-ability|p2a: Zamazenta|Dauntless Shield|boost
|-boost|p2a: Zamazenta|def|1
|move|p1a: Ogerpon|Ivy Cudgel|p2a: Zamazenta|[anim] Ivy Cudgel Water
|-damage|p2a: Zamazenta|66/100
|
|upkeep
|turn|17
|inactive|avlavlavlavl has 30 seconds left.
|inactive|avlavlavlavl has 20 seconds left.
|
|t:|1760435617
|-terastallize|p2a: Zamazenta|Dark
|move|p2a: Zamazenta|Crunch|p1a: Ogerpon
|-damage|p1a: Ogerpon|27/100
|-unboost|p1a: Ogerpon|def|1
|move|p1a: Ogerpon|Spikes|p2a: Zamazenta
|-sidestart|p2: avlavlavlavl|Spikes
|
|upkeep
|turn|18
|inactive|avlavlavlavl has 30 seconds left this turn.
|inactive|avlavlavlavl has 20 seconds left.
|inactive|avlavlavlavl has 15 seconds left.
|
|t:|1760435633
|switch|p1a: Dragapult|Dragapult, M|100/100
|-damage|p1a: Dragapult|88/100|[from] Stealth Rock
|move|p2a: Zamazenta|Close Combat|p1a: Dragapult
|-immune|p1a: Dragapult
|
|upkeep
|turn|19
|inactive|avlavlavlavl has 25 seconds left this turn.
|inactive|avlavlavlavl has 20 seconds left.
|inactive|avlavlavlavl has 15 seconds left.
|inactive|avlavlavlavl has 10 seconds left.
|inactive|avlavlavlavl has 5 seconds left.
|
|t:|1760435657
|switch|p2a: Primarina|Primarina, M|43/100
|-damage|p2a: Primarina|30/100|[from] Spikes
|move|p1a: Dragapult|U-turn|p2a: Primarina
|-resisted|p2a: Primarina
|-damage|p2a: Primarina|18/100
|
|t:|1760435660
|switch|p1a: Ogerpon|Ogerpon-Wellspring, F|27/100|[from] U-turn
|-damage|p1a: Ogerpon|15/100|[from] Stealth Rock
|
|upkeep
|turn|20
|inactive|avlavlavlavl has 20 seconds left this turn.
|
|t:|1760435664
|move|p1a: Ogerpon|Synthesis|p1a: Ogerpon
|-heal|p1a: Ogerpon|65/100
|move|p2a: Primarina|Moonblast|p1a: Ogerpon
|-damage|p1a: Ogerpon|10/100
|
|upkeep
|turn|21
|inactive|avlavlavlavl has 30 seconds left this turn.
|
|t:|1760435668
|move|p1a: Ogerpon|Ivy Cudgel|p2a: Primarina|[anim] Ivy Cudgel Water
|-resisted|p2a: Primarina
|-damage|p2a: Primarina|0 fnt
|faint|p2a: Primarina
|
|upkeep
|
|t:|1760435672
|switch|p2a: Zamazenta|Zamazenta, tera:Dark|66/100
|turn|22
|
|t:|1760435677
|move|p2a: Zamazenta|Crunch|p1a: Ogerpon
|-damage|p1a: Ogerpon|0 fnt
|faint|p1a: Ogerpon
|
|upkeep
|
|t:|1760435682
|switch|p1a: Dragapult|Dragapult, M|88/100
|-damage|p1a: Dragapult|76/100|[from] Stealth Rock
|turn|23
|
|t:|1760435690
|switch|p2a: Iron Treads|Iron Treads|36/100
|-damage|p2a: Iron Treads|23/100|[from] Spikes
|move|p1a: Dragapult|Draco Meteor|p2a: Iron Treads
|-resisted|p2a: Iron Treads
|-damage|p2a: Iron Treads|0 fnt
|-unboost|p1a: Dragapult|spa|2
|faint|p2a: Iron Treads
|-end|p2a: Iron Treads|Quark Drive|[silent]
|
|upkeep
|
|t:|1760435706
|switch|p2a: Gholdengo|Gholdengo|100/100
|-damage|p2a: Gholdengo|88/100|[from] Spikes
|turn|24
|
|t:|1760435712
|switch|p1a: Ting-Lu|Ting-Lu, shiny|99/100 slp
|-damage|p1a: Ting-Lu|93/100 slp|[from] Stealth Rock
|-ability|p1a: Ting-Lu|Vessel of Ruin
|move|p2a: Gholdengo|Nasty Plot|p2a: Gholdengo
|-boost|p2a: Gholdengo|spa|2
|
|-heal|p1a: Ting-Lu|99/100 slp|[from] item: Leftovers
|upkeep
|turn|25
|
|t:|1760435726
|move|p2a: Gholdengo|Nasty Plot|p2a: Gholdengo
|-boost|p2a: Gholdengo|spa|2
|cant|p1a: Ting-Lu|slp
|
|-heal|p1a: Ting-Lu|100/100 slp|[from] item: Leftovers
|upkeep
|turn|26
|
|t:|1760435730
|move|p2a: Gholdengo|Make It Rain|p1a: Ting-Lu
|-damage|p1a: Ting-Lu|0 fnt
|-unboost|p2a: Gholdengo|spa|1
|faint|p1a: Ting-Lu
|
|upkeep
|
|t:|1760435734
|switch|p1a: Skeledirge|Skeledirge, M|100/100
|turn|27
|
|t:|1760435744
|-terastallize|p1a: Skeledirge|Dark
|move|p2a: Gholdengo|Make It Rain|p1a: Skeledirge
|-damage|p1a: Skeledirge|38/100
|-unboost|p2a: Gholdengo|spa|1
|move|p1a: Skeledirge|Torch Song|p2a: Gholdengo
|-supereffective|p2a: Gholdengo
|-damage|p2a: Gholdengo|13/100
|-boost|p1a: Skeledirge|spa|1
|
|upkeep
|turn|28
|
|t:|1760435750
|switch|p1a: Corviknight|Corviknight, M|65/100
|-damage|p1a: Corviknight|52/100|[from] Stealth Rock
|-ability|p1a: Corviknight|Pressure
|move|p2a: Gholdengo|Make It Rain|p1a: Corviknight
|-resisted|p1a: Corviknight
|-damage|p1a: Corviknight|0 fnt
|-unboost|p2a: Gholdengo|spa|1
|faint|p1a: Corviknight
|
|upkeep
|
|t:|1760435752
|switch|p1a: Dragapult|Dragapult, M|76/100
|-damage|p1a: Dragapult|64/100|[from] Stealth Rock
|turn|29
|inactive|avlavlavlavl has 90 seconds left.
|
|t:|1760435775
|move|p1a: Dragapult|Shadow Ball|p2a: Gholdengo
|-supereffective|p2a: Gholdengo
|-damage|p2a: Gholdengo|0 fnt
|faint|p2a: Gholdengo
|
|upkeep
|
|t:|1760435776
|switch|p2a: Meowscarada|Meowscarada, F|31/100
|-damage|p2a: Meowscarada|19/100|[from] Spikes
|turn|30
|
|t:|1760435784
|switch|p1a: Skeledirge|Skeledirge, M, tera:Dark|38/100
|move|p2a: Meowscarada|Triple Axel|p1a: Skeledirge
|-start|p2a: Meowscarada|typechange|Ice|[from] ability: Protean
|-damage|p1a: Skeledirge|31/100
|-damage|p1a: Skeledirge|14/100
|-damage|p1a: Skeledirge|0 fnt
|faint|p1a: Skeledirge
|-hitcount|p1: Skeledirge|3
|
|upkeep
|
|t:|1760435790
|switch|p1a: Dragapult|Dragapult, M|64/100
|-damage|p1a: Dragapult|51/100|[from] Stealth Rock
|turn|31
|
|t:|1760435795
|switch|p2a: Moltres|Moltres|98/100
|move|p1a: Dragapult|Shadow Ball|p2a: Moltres
|-crit|p2a: Moltres
|-damage|p2a: Moltres|24/100
|
|upkeep
|turn|32
|
|t:|1760435802
|move|p1a: Dragapult|Shadow Ball|p2a: Moltres
|-damage|p2a: Moltres|0 fnt
|faint|p2a: Moltres
|
|upkeep
|
|t:|1760435804
|switch|p2a: Zamazenta|Zamazenta, tera:Dark|66/100
|turn|33
|
|t:|1760435807
|move|p1a: Dragapult|Shadow Ball|p2a: Zamazenta
|-resisted|p2a: Zamazenta
|-damage|p2a: Zamazenta|44/100
|move|p2a: Zamazenta|Crunch|p1a: Dragapult
|-supereffective|p1a: Dragapult
|-damage|p1a: Dragapult|0 fnt
|faint|p1a: Dragapult
|
|win|avlavlavlavl
|raw|charizardfire2's rating: 1486 &rarr; <strong>1469</strong><br />(-17 for losing)
|raw|avlavlavlavl's rating: 1533 &rarr; <strong>1550</strong><br />(+17 for winning)
|l|☆avlavlavlavl
|player|p2|
|l|☆charizardfire2
|player|p1|
