|j|☆Lonelyenders
|j|☆C7ry5tal
|t:|1760439960
|gametype|singles
|player|p1|Lonelyenders|acetrainer|1318
|player|p2|C7ry5tal|flannery|1310
|gen|9
|tier|[Gen 9] OU
|rated|
|rule|HP Percentage Mod: HP is shown in percentages
|rule|Endless Battle Clause: Forcing endless battles is banned
|rule|Species Clause: Limit one of each Pokémon
|rule|OHKO Clause: OHKO moves are banned
|rule|Evasion Items Clause: Evasion items are banned
|rule|Evasion Moves Clause: Evasion moves are banned
|rule|Evasion Abilities Clause: Evasion abilities are banned
|rule|Sleep Moves Clause: Sleep-inducing moves are banned
|clearpoke
|poke|p1|Krookodile, F|
|poke|p1|Heracross, M|
|poke|p1|Dragonite, F|
|poke|p1|Zapdos|
|poke|p1|Sylveon, F|
|poke|p1|Heatran, M|
|poke|p2|Clefable, F|
|poke|p2|Iron Crown|
|poke|p2|Tyranitar, F|
|poke|p2|Glimmora, F|
|poke|p2|Ogerpon-Wellspring, F|
|poke|p2|Zamazenta-*|
|teampreview
|inactive|Battle timer is ON: inactive players will automatically lose when time's up. (requested by Lonelyenders)
|
|t:|1760439980
|teamsize|p1|6
|teamsize|p2|6
|start
|switch|p1a: Zapdos|Zapdos|100/100
|switch|p2a: Clefable|Clefable, F|100/100
|turn|1
|
|t:|1760439986
|move|p1a: Zapdos|Volt Switch|p2a: Clefable
|-damage|p2a: Clefable|72/100
|
|t:|1760439989
|switch|p1a: Krookodile|Krookodile, F|100/100|[from] Volt Switch
|move|p2a: Clefable|Stealth Rock|p1a: Krookodile
|-sidestart|p1: Lonelyenders|move: Stealth Rock
|
|-heal|p2a: Clefable|78/100|[from] item: Leftovers
|upkeep
|turn|2
|
|t:|1760440003
|move|p1a: Krookodile|Knock Off|p2a: Clefable
|-resisted|p2a: Clefable
|-damage|p2a: Clefable|61/100
|-enditem|p2a: Clefable|Leftovers|[from] move: Knock Off|[of] p1a: Krookodile
|move|p2a: Clefable|Moonlight|p2a: Clefable
|-heal|p2a: Clefable|100/100
|
|upkeep
|turn|3
|
|t:|1760440010
|switch|p1a: Heatran|Heatran, M|100/100
|-damage|p1a: Heatran|88/100|[from] Stealth Rock
|move|p2a: Clefable|Moonblast|p1a: Heatran
|-resisted|p1a: Heatran
|-damage|p1a: Heatran|83/100
|
|-heal|p1a: Heatran|89/100|[from] item: Leftovers
|upkeep
|turn|4
|
|t:|1760440025
|move|p1a: Heatran|Stealth Rock|p2a: Clefable
|-sidestart|p2: C7ry5tal|move: Stealth Rock
|move|p2a: Clefable|Knock Off|p1a: Heatran
|-crit|p1a: Heatran
|-damage|p1a: Heatran|68/100
|-enditem|p1a: Heatran|Leftovers|[from] move: Knock Off|[of] p2a: Clefable
|
|upkeep
|turn|5
|
|t:|1760440031
|move|p1a: Heatran|Magma Storm|p2a: Clefable|[miss]
|-miss|p1a: Heatran|p2a: Clefable
|move|p2a: Clefable|Moonlight|p2a: Clefable
|-fail|p2a: Clefable|heal
|
|upkeep
|turn|6
|
|t:|1760440045
|switch|p2a: Tyranitar|Tyranitar, F|100/100
|-damage|p2a: Tyranitar|88/100|[from] Stealth Rock
|-weather|Sandstorm|[from] ability: Sand Stream|[of] p2a: Tyranitar
|move|p1a: Heatran|Magma Storm|p2a: Tyranitar|[miss]
|-miss|p1a: Heatran|p2a: Tyranitar
|
|-weather|Sandstorm|[upkeep]
|upkeep
|turn|7
|
|t:|1760440053
|move|p1a: Heatran|Earth Power|p2a: Tyranitar
|-supereffective|p2a: Tyranitar
|-damage|p2a: Tyranitar|66/100
|move|p2a: Tyranitar|Stone Edge|p1a: Heatran
|-crit|p1a: Heatran
|-damage|p1a: Heatran|0 fnt
|faint|p1a: Heatran
|
|-weather|Sandstorm|[upkeep]
|upkeep
|
|t:|1760440060
|switch|p1a: Heracross|Heracross, M|100/100
|-damage|p1a: Heracross|88/100|[from] Stealth Rock
|turn|8
|
|t:|1760440064
|switch|p2a: Clefable|Clefable, F|100/100
|move|p1a: Heracross|Trailblaze|p2a: Clefable
|-damage|p2a: Clefable|88/100
|-boost|p1a: Heracross|spe|1
|
|-weather|Sandstorm|[upkeep]
|-damage|p1a: Heracross|82/100|[from] Sandstorm
|-status|p1a: Heracross|brn|[from] item: Flame Orb
|upkeep
|turn|9
|
|t:|1760440075
|-terastallize|p1a: Heracross|Normal
|move|p1a: Heracross|Facade|p2a: Clefable
|-damage|p2a: Clefable|3/100
|move|p2a: Clefable|Moonblast|p1a: Heracross
|-damage|p1a: Heracross|45/100 brn
|
|-weather|Sandstorm|[upkeep]
|-damage|p1a: Heracross|39/100 brn|[from] Sandstorm
|-damage|p1a: Heracross|33/100 brn|[from] brn
|upkeep
|turn|10
|
|t:|1760440090
|move|p1a: Heracross|Trailblaze|p2a: Clefable
|-damage|p2a: Clefable|0 fnt
|-boost|p1a: Heracross|spe|1
|faint|p2a: Clefable
|
|-weather|none
|-damage|p1a: Heracross|27/100 brn|[from] brn
|upkeep
|inactive|C7ry5tal has 120 seconds left.
|
|t:|1760440110
|switch|p2a: Zamazenta|Zamazenta|100/100
|-damage|p2a: Zamazenta|94/100|[from] Stealth Rock
|-ability|p2a: Zamazenta|Dauntless Shield|boost
|-boost|p2a: Zamazenta|def|1
|turn|11
|inactive|C7ry5tal has 120 seconds left.
|
|t:|1760440132
|move|p1a: Heracross|Knock Off|p2a: Zamazenta
|-resisted|p2a: Zamazenta
|-damage|p2a: Zamazenta|80/100
|-enditem|p2a: Zamazenta|Choice Band|[from] move: Knock Off|[of] p1a: Heracross
|move|p2a: Zamazenta|Heavy Slam|p1a: Heracross
|-damage|p1a: Heracross|0 fnt
|faint|p1a: Heracross
|
|upkeep
|
|t:|1760440140
|switch|p1a: Zapdos|Zapdos|100/100
|turn|12
|inactive|C7ry5tal has 120 seconds left.
|
|t:|1760440146
|switch|p2a: Tyranitar|Tyranitar, F|66/100
|-damage|p2a: Tyranitar|54/100|[from] Stealth Rock
|-weather|Sandstorm|[from] ability: Sand Stream|[of] p2a: Tyranitar
|move|p1a: Zapdos|Hurricane|p2a: Tyranitar|[miss]
|-miss|p1a: Zapdos|p2a: Tyranitar
|
|-weather|Sandstorm|[upkeep]
|-damage|p1a: Zapdos|94/100|[from] Sandstorm
|upkeep
|turn|13
|inactive|C7ry5tal has 120 seconds left.
|
|t:|1760440158
|move|p1a: Zapdos|Volt Switch|p2a: Tyranitar
|-damage|p2a: Tyranitar|43/100
|
|t:|1760440162
|switch|p1a: Krookodile|Krookodile, F|100/100|[from] Volt Switch
|-damage|p1a: Krookodile|94/100|[from] Stealth Rock
|move|p2a: Tyranitar|Stone Edge|p1a: Krookodile
|-resisted|p1a: Krookodile
|-damage|p1a: Krookodile|57/100
|
|-weather|Sandstorm|[upkeep]
|upkeep
|turn|14
|
|t:|1760440171
|switch|p2a: Ogerpon|Ogerpon-Wellspring, F|100/100
|-damage|p2a: Ogerpon|88/100|[from] Stealth Rock
|move|p1a: Krookodile|Earthquake|p2a: Ogerpon
|-resisted|p2a: Ogerpon
|-damage|p2a: Ogerpon|55/100
|
|-weather|Sandstorm|[upkeep]
|-damage|p2a: Ogerpon|49/100|[from] Sandstorm
|upkeep
|turn|15
|
|t:|1760440179
|switch|p1a: Sylveon|Sylveon, F|100/100
|-damage|p1a: Sylveon|88/100|[from] Stealth Rock
|move|p2a: Ogerpon|Ivy Cudgel|p1a: Sylveon|[anim] Ivy Cudgel Water
|-damage|p1a: Sylveon|0 fnt
|faint|p1a: Sylveon
|
|-weather|Sandstorm|[upkeep]
|-damage|p2a: Ogerpon|43/100|[from] Sandstorm
|upkeep
|
|t:|1760440183
|switch|p1a: Dragonite|Dragonite, F|100/100
|turn|16
|
|t:|1760440191
|move|p2a: Ogerpon|Ivy Cudgel|p1a: Dragonite|[anim] Ivy Cudgel Water
|-resisted|p1a: Dragonite
|-crit|p1a: Dragonite
|-damage|p1a: Dragonite|77/100
|move|p1a: Dragonite|Dragon Dance|p1a: Dragonite
|-boost|p1a: Dragonite|atk|1
|-boost|p1a: Dragonite|spe|1
|
|-weather|none
|upkeep
|turn|17
|
|t:|1760440201
|move|p1a: Dragonite|Extreme Speed|p2a: Ogerpon
|-damage|p2a: Ogerpon|0 fnt
|faint|p2a: Ogerpon
|
|upkeep
|
|t:|1760440217
|switch|p2a: Iron Crown|Iron Crown|100/100
|-damage|p2a: Iron Crown|94/100|[from] Stealth Rock
|turn|18
|
|t:|1760440223
|move|p1a: Dragonite|Earthquake|p2a: Iron Crown
|-supereffective|p2a: Iron Crown
|-damage|p2a: Iron Crown|0 fnt
|faint|p2a: Iron Crown
|-end|p2a: Iron Crown|Quark Drive|[silent]
|
|upkeep
|
|t:|1760440227
|switch|p2a: Zamazenta|Zamazenta|80/100
|-damage|p2a: Zamazenta|74/100|[from] Stealth Rock
|turn|19
|
|t:|1760440236
|move|p2a: Zamazenta|Crunch|p1a: Dragonite
|-damage|p1a: Dragonite|48/100
|move|p1a: Dragonite|Dragon Dance|p1a: Dragonite
|-boost|p1a: Dragonite|atk|1
|-boost|p1a: Dragonite|spe|1
|
|upkeep
|turn|20
|
|t:|1760440245
|-terastallize|p2a: Zamazenta|Dark
|move|p1a: Dragonite|Earthquake|p2a: Zamazenta
|-damage|p2a: Zamazenta|0 fnt
|faint|p2a: Zamazenta
|
|upkeep
|-message|C7ry5tal forfeited.
|
|win|Lonelyenders
|raw|Lonelyenders's rating: 1318 &rarr; <strong>1338</strong><br />(+20 for winning)
|raw|C7ry5tal's rating: 1310 &rarr; <strong>1290</strong><br />(-20 for losing)
|l|☆C7ry5tal
|player|p2|
|l|☆Lonelyenders
|player|p1|
