|j|☆Dylphin
|j|☆RK Earth 9000
|t:|1760416573
|gametype|singles
|player|p1|Dylphin|sailor|1206
|player|p2|RK Earth 9000|volkner|1219
|gen|9
|tier|[Gen 9] OU
|rated|
|rule|HP Percentage Mod: HP is shown in percentages
|rule|Endless Battle Clause: Forcing endless battles is banned
|rule|Species Clause: Limit one of each Pokémon
|rule|OHKO Clause: OHKO moves are banned
|rule|Evasion Items Clause: Evasion items are banned
|rule|Evasion Moves Clause: Evasion moves are banned
|rule|Evasion Abilities Clause: Evasion abilities are banned
|rule|Sleep Moves Clause: Sleep-inducing moves are banned
|clearpoke
|poke|p1|Azumarill, F|
|poke|p1|Dragonite, M|
|poke|p1|Raging Bolt|
|poke|p1|Cinderace, M|
|poke|p1|Iron Jugulis|
|poke|p1|Gholdengo|
|poke|p2|Regidrago|
|poke|p2|Lapras, M|
|poke|p2|Eelektross, M|
|poke|p2|Orthworm, M|
|poke|p2|Landorus-Therian, M|
|poke|p2|Cresselia, F|
|teampreview
|inactive|Battle timer is ON: inactive players will automatically lose when time's up. (requested by Dylphin)
|
|t:|1760416597
|teamsize|p1|6
|teamsize|p2|6
|start
|switch|p1a: iJugs|Iron Jugulis|100/100
|switch|p2a: Cresselia|Cresselia, F, shiny|100/100
|turn|1
|
|t:|1760416608
|-terastallize|p2a: Cresselia|Electric
|move|p1a: iJugs|Charge Beam|p2a: Cresselia
|-resisted|p2a: Cresselia
|-damage|p2a: Cresselia|95/100
|-boost|p1a: iJugs|spa|1
|move|p2a: Cresselia|Calm Mind|p2a: Cresselia
|-boost|p2a: Cresselia|spa|1
|-boost|p2a: Cresselia|spd|1
|
|-heal|p2a: Cresselia|100/100|[from] item: Leftovers
|upkeep
|turn|2
|
|t:|1760416620
|-end|p1a: iJugs|Quark Drive|[silent]
|switch|p1a: Apple Jack|Gholdengo|100/100
|move|p2a: Cresselia|Thunderbolt|p1a: Apple Jack
|-damage|p1a: Apple Jack|45/100
|
|upkeep
|turn|3
|
|t:|1760416627
|move|p1a: Apple Jack|Trick|p2a: Cresselia
|-activate|p1a: Apple Jack|move: Trick|[of] p2a: Cresselia
|-item|p2a: Cresselia|Choice Scarf|[from] move: Trick
|-item|p1a: Apple Jack|Leftovers|[from] move: Trick
|move|p2a: Cresselia|Thunderbolt|p1a: Apple Jack
|-damage|p1a: Apple Jack|0 fnt
|faint|p1a: Apple Jack
|
|upkeep
|
|t:|1760416630
|switch|p1a: Neverender|Raging Bolt|100/100
|-enditem|p1a: Neverender|Booster Energy
|-activate|p1a: Neverender|ability: Protosynthesis|[fromitem]
|-start|p1a: Neverender|protosynthesisspa
|turn|4
|
|t:|1760416643
|move|p2a: Cresselia|Thunderbolt|p1a: Neverender
|-resisted|p1a: Neverender
|-damage|p1a: Neverender|89/100
|move|p1a: Neverender|Calm Mind|p1a: Neverender
|-boost|p1a: Neverender|spa|1
|-boost|p1a: Neverender|spd|1
|
|upkeep
|turn|5
|
|t:|1760416650
|switch|p2a: Orthworm|Orthworm, M, shiny|100/100
|move|p1a: Neverender|Calm Mind|p1a: Neverender
|-boost|p1a: Neverender|spa|1
|-boost|p1a: Neverender|spd|1
|
|upkeep
|turn|6
|
|t:|1760416658
|switch|p2a: Cresselia|Cresselia, F, shiny, tera:Electric|100/100
|move|p1a: Neverender|Thunderbolt|p2a: Cresselia
|-resisted|p2a: Cresselia
|-damage|p2a: Cresselia|54/100
|
|upkeep
|turn|7
|
|t:|1760416664
|move|p2a: Cresselia|Ice Beam|p1a: Neverender
|-supereffective|p1a: Neverender
|-damage|p1a: Neverender|70/100
|move|p1a: Neverender|Dragon Pulse|p2a: Cresselia
|-damage|p2a: Cresselia|0 fnt
|faint|p2a: Cresselia
|
|upkeep
|
|t:|1760416676
|switch|p2a: Lapras|Lapras, M, shiny|100/100
|turn|8
|
|t:|1760416682
|move|p1a: Neverender|Thunderbolt|p2a: Lapras
|-supereffective|p2a: Lapras
|-damage|p2a: Lapras|0 fnt
|faint|p2a: Lapras
|
|upkeep
|
|t:|1760416689
|switch|p2a: Landorus|Landorus-Therian, M, shiny|100/100
|-ability|p2a: Landorus|Intimidate|boost
|-unboost|p1a: Neverender|atk|1
|turn|9
|
|t:|1760416694
|move|p2a: Landorus|Earth Power|p1a: Neverender
|-supereffective|p1a: Neverender
|-damage|p1a: Neverender|19/100
|move|p1a: Neverender|Dragon Pulse|p2a: Landorus
|-damage|p2a: Landorus|0 fnt
|faint|p2a: Landorus
|
|upkeep
|
|t:|1760416705
|switch|p2a: Regidrago|Regidrago, shiny|100/100
|turn|10
|
|t:|1760416712
|move|p2a: Regidrago|Dragon Claw|p1a: Neverender
|-supereffective|p1a: Neverender
|-damage|p1a: Neverender|0 fnt
|faint|p1a: Neverender
|-end|p1a: Neverender|Protosynthesis|[silent]
|
|upkeep
|
|t:|1760416716
|switch|p1a: Bring da Boom|Azumarill, F, shiny|100/100
|turn|11
|
|t:|1760416721
|switch|p2a: Eelektross|Eelektross, M, shiny|100/100
|move|p1a: Bring da Boom|Belly Drum|p1a: Bring da Boom
|-damage|p1a: Bring da Boom|50/100
|-setboost|p1a: Bring da Boom|atk|6|[from] move: Belly Drum
|-enditem|p1a: Bring da Boom|Sitrus Berry|[eat]
|-heal|p1a: Bring da Boom|75/100|[from] item: Sitrus Berry
|
|upkeep
|turn|12
|
|t:|1760416732
|move|p1a: Bring da Boom|Aqua Jet|p2a: Eelektross
|-damage|p2a: Eelektross|0 fnt
|faint|p2a: Eelektross
|
|upkeep
|
|t:|1760416739
|switch|p2a: Orthworm|Orthworm, M, shiny|100/100
|turn|13
|
|t:|1760416743
|move|p1a: Bring da Boom|Aqua Jet|p2a: Orthworm
|-damage|p2a: Orthworm|39/100
|move|p2a: Orthworm|Coil|p2a: Orthworm
|-boost|p2a: Orthworm|atk|1
|-boost|p2a: Orthworm|def|1
|-boost|p2a: Orthworm|accuracy|1
|
|-heal|p2a: Orthworm|46/100|[from] item: Leftovers
|upkeep
|turn|14
|
|t:|1760416752
|move|p1a: Bring da Boom|Aqua Jet|p2a: Orthworm
|-damage|p2a: Orthworm|6/100
|move|p2a: Orthworm|Coil|p2a: Orthworm
|-boost|p2a: Orthworm|atk|1
|-boost|p2a: Orthworm|def|1
|-boost|p2a: Orthworm|accuracy|1
|
|-heal|p2a: Orthworm|12/100|[from] item: Leftovers
|upkeep
|turn|15
|
|t:|1760416761
|move|p1a: Bring da Boom|Aqua Jet|p2a: Orthworm
|-damage|p2a: Orthworm|0 fnt
|faint|p2a: Orthworm
|
|upkeep
|-message|RK Earth 9000 forfeited.
|
|win|Dylphin
|raw|Dylphin's rating: 1206 &rarr; <strong>1232</strong><br />(+26 for winning)
|raw|RK Earth 9000's rating: 1219 &rarr; <strong>1193</strong><br />(-26 for losing)
|l|☆RK Earth 9000
|player|p2|
|l|☆Dylphin
|player|p1|
