|j|☆sunkyunko
|j|☆DAG1120
|t:|1760415268
|gametype|singles
|player|p1|sunkyunko|266|1102
|player|p2|DAG1120|lance|1106
|gen|9
|tier|[Gen 9] OU
|rated|
|rule|HP Percentage Mod: HP is shown in percentages
|rule|Endless Battle Clause: Forcing endless battles is banned
|rule|Species Clause: Limit one of each Pokémon
|rule|OHKO Clause: OHKO moves are banned
|rule|Evasion Items Clause: Evasion items are banned
|rule|Evasion Moves Clause: Evasion moves are banned
|rule|Evasion Abilities Clause: Evasion abilities are banned
|rule|Sleep Moves Clause: Sleep-inducing moves are banned
|clearpoke
|poke|p1|Diancie|
|poke|p1|Kingambit, F|
|poke|p1|Deoxys-Speed|
|poke|p1|Moltres|
|poke|p1|Drifblim, F|
|poke|p1|Grotle, F|
|poke|p2|Gliscor, F|
|poke|p2|Deoxys-Speed|
|poke|p2|Garganacl, M|
|poke|p2|Ceruledge, F|
|poke|p2|Hatterene, F|
|poke|p2|Iron Moth|
|teampreview
|inactive|Battle timer is ON: inactive players will automatically lose when time's up. (requested by DAG1120)
|
|t:|1760415274
|teamsize|p1|6
|teamsize|p2|6
|start
|switch|p1a: Grotle|Grotle, F|100/100
|switch|p2a: Deoxys|Deoxys-Speed|100/100
|-ability|p2a: Deoxys|Pressure
|turn|1
|
|t:|1760415282
|move|p2a: Deoxys|Stealth Rock|p1a: Grotle
|-sidestart|p1: sunkyunko|move: Stealth Rock
|move|p1a: Grotle|Leech Seed|p2a: Deoxys
|-start|p2a: Deoxys|move: Leech Seed
|
|-damage|p2a: Deoxys|88/100|[from] Leech Seed|[of] p1a: Grotle
|upkeep
|turn|2
|
|t:|1760415288
|move|p2a: Deoxys|Spikes|p1a: Grotle
|-sidestart|p1: sunkyunko|Spikes
|move|p1a: Grotle|Sand Tomb|p2a: Deoxys
|-damage|p2a: Deoxys|76/100
|-activate|p2a: Deoxys|move: Sand Tomb|[of] p1a: Grotle
|
|-damage|p2a: Deoxys|64/100|[from] Leech Seed|[of] p1a: Grotle
|-damage|p2a: Deoxys|52/100|[from] move: Sand Tomb|[partiallytrapped]
|upkeep
|turn|3
|
|t:|1760415296
|move|p2a: Deoxys|Spikes|p1a: Grotle
|-sidestart|p1: sunkyunko|Spikes
|move|p1a: Grotle|Stockpile|p1a: Grotle
|-start|p1a: Grotle|stockpile1
|-boost|p1a: Grotle|def|1
|-boost|p1a: Grotle|spd|1
|
|-damage|p2a: Deoxys|39/100|[from] Leech Seed|[of] p1a: Grotle
|-damage|p2a: Deoxys|27/100|[from] move: Sand Tomb|[partiallytrapped]
|upkeep
|turn|4
|
|t:|1760415304
|move|p2a: Deoxys|Psycho Boost|p1a: Grotle
|-damage|p1a: Grotle|76/100
|-unboost|p2a: Deoxys|spa|2
|move|p1a: Grotle|Stockpile|p1a: Grotle
|-start|p1a: Grotle|stockpile2
|-boost|p1a: Grotle|def|1
|-boost|p1a: Grotle|spd|1
|
|-damage|p2a: Deoxys|14/100|[from] Leech Seed|[of] p1a: Grotle
|-heal|p1a: Grotle|84/100|[silent]
|-damage|p2a: Deoxys|2/100|[from] move: Sand Tomb|[partiallytrapped]
|upkeep
|turn|5
|
|t:|1760415315
|move|p1a: Grotle|Protect|p1a: Grotle
|-singleturn|p1a: Grotle|Protect
|move|p2a: Deoxys|Spikes|p1a: Grotle
|-sidestart|p1: sunkyunko|Spikes
|
|-damage|p2a: Deoxys|0 fnt|[from] Leech Seed|[of] p1a: Grotle
|-heal|p1a: Grotle|85/100|[silent]
|faint|p2a: Deoxys
|upkeep
|
|t:|1760415321
|switch|p2a: Ceruledge|Ceruledge, F|100/100
|turn|6
|
|t:|1760415326
|move|p2a: Ceruledge|Bitter Blade|p1a: Grotle
|-supereffective|p1a: Grotle
|-damage|p1a: Grotle|43/100
|-damage|p2a: Ceruledge|91/100|[from] item: Life Orb
|move|p1a: Grotle|Sand Tomb|p2a: Ceruledge
|-supereffective|p2a: Ceruledge
|-damage|p2a: Ceruledge|69/100
|-activate|p2a: Ceruledge|move: Sand Tomb|[of] p1a: Grotle
|
|-damage|p2a: Ceruledge|56/100|[from] move: Sand Tomb|[partiallytrapped]
|upkeep
|turn|7
|
|t:|1760415337
|move|p2a: Ceruledge|Bitter Blade|p1a: Grotle
|-supereffective|p1a: Grotle
|-damage|p1a: Grotle|1/100
|-heal|p2a: Ceruledge|82/100|[from] drain|[of] p1a: Grotle
|-damage|p2a: Ceruledge|72/100|[from] item: Life Orb
|move|p1a: Grotle|Leech Seed|p2a: Ceruledge|[miss]
|-miss|p1a: Grotle|p2a: Ceruledge
|
|-damage|p2a: Ceruledge|59/100|[from] move: Sand Tomb|[partiallytrapped]
|upkeep
|turn|8
|
|t:|1760415346
|move|p1a: Grotle|Protect|p1a: Grotle
|-singleturn|p1a: Grotle|Protect
|move|p2a: Ceruledge|Shadow Sneak|p1a: Grotle
|-activate|p1a: Grotle|move: Protect
|
|-damage|p2a: Ceruledge|47/100|[from] move: Sand Tomb|[partiallytrapped]
|upkeep
|turn|9
|
|t:|1760415355
|move|p2a: Ceruledge|Bitter Blade|p1a: Grotle
|-supereffective|p1a: Grotle
|-damage|p1a: Grotle|0 fnt
|-heal|p2a: Ceruledge|48/100|[from] drain|[of] p1a: Grotle
|faint|p1a: Grotle
|-damage|p2a: Ceruledge|38/100|[from] item: Life Orb
|
|-end|p2a: Ceruledge|Sand Tomb|[partiallytrapped]|[silent]
|upkeep
|
|t:|1760415361
|switch|p1a: Drifblim|Drifblim, F|100/100
|turn|10
|
|t:|1760415364
|move|p2a: Ceruledge|Shadow Claw|p1a: Drifblim
|-supereffective|p1a: Drifblim
|-damage|p1a: Drifblim|21/100
|-damage|p2a: Ceruledge|28/100|[from] item: Life Orb
|move|p1a: Drifblim|Defog|p2a: Ceruledge
|-unboost|p2a: Ceruledge|evasion|1
|-sideend|p1: sunkyunko|Spikes|[from] move: Defog|[of] p1a: Drifblim
|-sideend|p1: sunkyunko|Stealth Rock|[from] move: Defog|[of] p1a: Drifblim
|
|upkeep
|turn|11
|
|t:|1760415379
|switch|p1a: Moltres|Moltres|100/100
|-ability|p1a: Moltres|Pressure
|move|p2a: Ceruledge|Bitter Blade|p1a: Moltres
|-resisted|p1a: Moltres
|-damage|p1a: Moltres|81/100
|-heal|p2a: Ceruledge|40/100|[from] drain|[of] p1a: Moltres
|-damage|p2a: Ceruledge|30/100|[from] item: Life Orb
|
|upkeep
|turn|12
|
|t:|1760415390
|switch|p2a: Iron Moth|Iron Moth|100/100
|-enditem|p2a: Iron Moth|Booster Energy
|-activate|p2a: Iron Moth|ability: Quark Drive|[fromitem]
|-start|p2a: Iron Moth|quarkdrivespa
|move|p1a: Moltres|U-turn|p2a: Iron Moth
|-resisted|p2a: Iron Moth
|-damage|p2a: Iron Moth|94/100
|
|t:|1760415397
|switch|p1a: Deoxys|Deoxys-Speed|100/100|[from] U-turn
|-ability|p1a: Deoxys|Pressure
|
|upkeep
|turn|13
|
|t:|1760415402
|-terastallize|p2a: Iron Moth|Fire
|move|p1a: Deoxys|Psycho Boost|p2a: Iron Moth
|-damage|p2a: Iron Moth|0 fnt
|-unboost|p1a: Deoxys|spa|2
|faint|p2a: Iron Moth
|-end|p2a: Iron Moth|Quark Drive|[silent]
|
|upkeep
|
|t:|1760415407
|switch|p2a: Ceruledge|Ceruledge, F|30/100
|turn|14
|
|t:|1760415412
|-terastallize|p1a: Deoxys|Fire
|move|p1a: Deoxys|Psycho Boost|p2a: Ceruledge
|-damage|p2a: Ceruledge|0 fnt
|-unboost|p1a: Deoxys|spa|2
|faint|p2a: Ceruledge
|
|upkeep
|
|t:|1760415418
|switch|p2a: Gliscor|Gliscor, F|100/100
|turn|15
|
|t:|1760415421
|switch|p1a: Drifblim|Drifblim, F|21/100
|move|p2a: Gliscor|Swords Dance|p2a: Gliscor
|-boost|p2a: Gliscor|atk|2
|
|-status|p2a: Gliscor|tox|[from] item: Toxic Orb
|upkeep
|turn|16
|
|t:|1760415430
|move|p2a: Gliscor|Knock Off|p1a: Drifblim
|-supereffective|p1a: Drifblim
|-damage|p1a: Drifblim|0 fnt
|-damage|p2a: Gliscor|76/100 tox|[from] ability: Aftermath|[of] p1a: Drifblim
|-enditem|p1a: Drifblim|Heavy-Duty Boots|[from] move: Knock Off|[of] p2a: Gliscor
|faint|p1a: Drifblim
|
|-heal|p2a: Gliscor|88/100 tox|[from] ability: Poison Heal
|upkeep
|
|t:|1760415439
|switch|p1a: Deoxys|Deoxys-Speed, tera:Fire|100/100
|-ability|p1a: Deoxys|Pressure
|turn|17
|
|t:|1760415443
|move|p2a: Gliscor|Protect|p2a: Gliscor
|-singleturn|p2a: Gliscor|Protect
|move|p1a: Deoxys|Ice Beam|p2a: Gliscor
|-activate|p2a: Gliscor|move: Protect
|
|-heal|p2a: Gliscor|100/100 tox|[from] ability: Poison Heal
|upkeep
|turn|18
|
|t:|1760415450
|switch|p2a: Hatterene|Hatterene, F|100/100
|move|p1a: Deoxys|Ice Beam|p2a: Hatterene
|-damage|p2a: Hatterene|55/100
|
|upkeep
|turn|19
|
|t:|1760415457
|switch|p1a: Kingambit|Kingambit, F|100/100
|-activate|p1a: Kingambit|ability: Supreme Overlord
|-start|p1a: Kingambit|fallen2|[silent]
|move|p2a: Hatterene|Psychic|p1a: Kingambit
|-immune|p1a: Kingambit
|
|upkeep
|turn|20
|
|t:|1760415463
|move|p1a: Kingambit|Swords Dance|p1a: Kingambit
|-boost|p1a: Kingambit|atk|2
|move|p2a: Hatterene|Nuzzle|p1a: Kingambit
|-damage|p1a: Kingambit|97/100
|-status|p1a: Kingambit|par
|
|upkeep
|turn|21
|
|t:|1760415470
|move|p2a: Hatterene|Draining Kiss|p1a: Kingambit
|-damage|p1a: Kingambit|66/100 par
|-heal|p2a: Hatterene|94/100|[from] drain|[of] p1a: Kingambit
|cant|p1a: Kingambit|par
|
|upkeep
|turn|22
|
|t:|1760415476
|move|p2a: Hatterene|Draining Kiss|p1a: Kingambit
|-damage|p1a: Kingambit|39/100 par
|-heal|p2a: Hatterene|100/100|[from] drain|[of] p1a: Kingambit
|move|p1a: Kingambit|Iron Head|p2a: Hatterene
|-supereffective|p2a: Hatterene
|-damage|p2a: Hatterene|0 fnt
|faint|p2a: Hatterene
|
|upkeep
|
|t:|1760415481
|switch|p2a: Gliscor|Gliscor, F|100/100 tox
|turn|23
|
|t:|1760415485
|move|p2a: Gliscor|Earthquake|p1a: Kingambit
|-supereffective|p1a: Kingambit
|-damage|p1a: Kingambit|0 fnt
|faint|p1a: Kingambit
|-end|p1a: Kingambit|fallen2|[silent]
|
|upkeep
|
|t:|1760415490
|switch|p1a: Deoxys|Deoxys-Speed, tera:Fire|100/100
|-ability|p1a: Deoxys|Pressure
|turn|24
|
|t:|1760415494
|move|p1a: Deoxys|Ice Beam|p2a: Gliscor
|-supereffective|p2a: Gliscor
|-damage|p2a: Gliscor|0 fnt
|faint|p2a: Gliscor
|
|upkeep
|
|t:|1760415497
|switch|p2a: Garganacl|Garganacl, M|100/100
|turn|25
|
|t:|1760415501
|switch|p1a: Moltres|Moltres|81/100
|-ability|p1a: Moltres|Pressure
|move|p2a: Garganacl|Salt Cure|p1a: Moltres
|-supereffective|p1a: Moltres
|-damage|p1a: Moltres|43/100
|-start|p1a: Moltres|Salt Cure
|
|-damage|p1a: Moltres|30/100|[from] Salt Cure
|upkeep
|turn|26
|
|t:|1760415510
|move|p2a: Garganacl|Protect|p2a: Garganacl
|-singleturn|p2a: Garganacl|Protect
|move|p1a: Moltres|Flamethrower|p2a: Garganacl
|-activate|p2a: Garganacl|move: Protect
|
|-damage|p1a: Moltres|18/100|[from] Salt Cure
|upkeep
|turn|27
|
|t:|1760415521
|move|p1a: Moltres|Flamethrower|p2a: Garganacl
|-resisted|p2a: Garganacl
|-damage|p2a: Garganacl|84/100
|move|p2a: Garganacl|Salt Cure|p1a: Moltres
|-supereffective|p1a: Moltres
|-damage|p1a: Moltres|0 fnt
|faint|p1a: Moltres
|
|-heal|p2a: Garganacl|90/100|[from] item: Leftovers
|upkeep
|
|t:|1760415530
|switch|p1a: Deoxys|Deoxys-Speed, tera:Fire|100/100
|-ability|p1a: Deoxys|Pressure
|turn|28
|
|t:|1760415533
|move|p2a: Garganacl|Protect|p2a: Garganacl
|-singleturn|p2a: Garganacl|Protect
|move|p1a: Deoxys|Focus Blast|p2a: Garganacl
|-activate|p2a: Garganacl|move: Protect
|
|-heal|p2a: Garganacl|97/100|[from] item: Leftovers
|upkeep
|turn|29
|
|t:|1760415540
|move|p1a: Deoxys|Focus Blast|p2a: Garganacl
|-supereffective|p2a: Garganacl
|-damage|p2a: Garganacl|0 fnt
|faint|p2a: Garganacl
|
|win|sunkyunko
|raw|sunkyunko's rating: 1102 &rarr; <strong>1127</strong><br />(+25 for winning)
|raw|DAG1120's rating: 1106 &rarr; <strong>1081</strong><br />(-25 for losing)
|l|☆DAG1120
|player|p2|
|l|☆sunkyunko
|player|p1|
