|j|☆cml666
|j|☆Praticello
|t:|1760373681
|gametype|singles
|player|p1|cml666|2|1313
|player|p2|Praticello|parasollady|1287
|gen|9
|tier|[Gen 9] OU
|rated|
|rule|HP Percentage Mod: HP is shown in percentages
|rule|Endless Battle Clause: Forcing endless battles is banned
|rule|Species Clause: Limit one of each Pokémon
|rule|OHKO Clause: OHKO moves are banned
|rule|Evasion Items Clause: Evasion items are banned
|rule|Evasion Moves Clause: Evasion moves are banned
|rule|Evasion Abilities Clause: Evasion abilities are banned
|rule|Sleep Moves Clause: Sleep-inducing moves are banned
|clearpoke
|poke|p1|Dragapult, M|
|poke|p1|Landorus-Therian, M|
|poke|p1|Slowking-Galar, F|
|poke|p1|Kyurem|
|poke|p1|Heatran, F|
|poke|p1|Great Tusk|
|poke|p2|Quagsire, M|
|poke|p2|Blissey, F|
|poke|p2|Toxapex, F|
|poke|p2|Sinistcha|
|poke|p2|Gliscor, M|
|poke|p2|Corviknight, F|
|teampreview
|inactive|Battle timer is ON: inactive players will automatically lose when time's up. (requested by Praticello)
|
|t:|1760373731
|teamsize|p1|6
|teamsize|p2|6
|start
|switch|p1a: Landorus|Landorus-Therian, M|100/100
|switch|p2a: Toxapex|Toxapex, F|100/100
|-ability|p1a: Landorus|Intimidate|boost
|-unboost|p2a: Toxapex|atk|1
|turn|1
|
|t:|1760373738
|move|p1a: Landorus|Stealth Rock|p2a: Toxapex
|-sidestart|p2: Praticello|move: Stealth Rock
|move|p2a: Toxapex|Toxic|p1a: Landorus
|-status|p1a: Landorus|tox
|
|-damage|p1a: Landorus|94/100 tox|[from] psn
|upkeep
|turn|2
|
|t:|1760373744
|switch|p2a: Gliscor|Gliscor, M|100/100
|-damage|p2a: Gliscor|88/100|[from] Stealth Rock
|move|p1a: Landorus|U-turn|p2a: Gliscor
|-resisted|p2a: Gliscor
|-damage|p2a: Gliscor|80/100
|
|t:|1760373750
|switch|p1a: Great Tusk|Great Tusk|100/100|[from] U-turn
|
|-status|p2a: Gliscor|tox|[from] item: Toxic Orb
|upkeep
|turn|3
|
|t:|1760373756
|switch|p2a: Corviknight|Corviknight, F|100/100
|-ability|p2a: Corviknight|Pressure
|move|p1a: Great Tusk|Bulk Up|p1a: Great Tusk
|-boost|p1a: Great Tusk|atk|1
|-boost|p1a: Great Tusk|def|1
|
|upkeep
|turn|4
|
|t:|1760373763
|move|p1a: Great Tusk|Bulk Up|p1a: Great Tusk
|-boost|p1a: Great Tusk|atk|1
|-boost|p1a: Great Tusk|def|1
|move|p2a: Corviknight|Iron Defense|p2a: Corviknight
|-boost|p2a: Corviknight|def|2
|
|upkeep
|turn|5
|
|t:|1760373768
|move|p1a: Great Tusk|Ice Spinner|p2a: Corviknight
|-damage|p2a: Corviknight|83/100
|move|p2a: Corviknight|Body Press|p1a: Great Tusk
|-damage|p1a: Great Tusk|81/100
|
|upkeep
|turn|6
|
|t:|1760373776
|-end|p1a: Great Tusk|Protosynthesis|[silent]
|switch|p1a: Heatran|Heatran, F|100/100
|move|p2a: Corviknight|Iron Defense|p2a: Corviknight
|-boost|p2a: Corviknight|def|2
|
|upkeep
|turn|7
|
|t:|1760373797
|-terastallize|p2a: Corviknight|Fighting
|move|p2a: Corviknight|Body Press|p1a: Heatran
|-supereffective|p1a: Heatran
|-damage|p1a: Heatran|0 fnt
|faint|p1a: Heatran
|
|upkeep
|
|t:|1760373804
|switch|p1a: Landorus|Landorus-Therian, M|94/100 tox
|-ability|p1a: Landorus|Intimidate|boost
|-unboost|p2a: Corviknight|atk|1
|turn|8
|
|t:|1760373810
|move|p2a: Corviknight|Defog|p1a: Landorus
|-unboost|p1a: Landorus|evasion|1
|-sideend|p2: Praticello|Stealth Rock|[from] move: Defog|[of] p2a: Corviknight
|move|p1a: Landorus|Earth Power|p2a: Corviknight
|-damage|p2a: Corviknight|50/100
|
|-damage|p1a: Landorus|88/100 tox|[from] psn
|upkeep
|turn|9
|
|t:|1760373817
|move|p2a: Corviknight|Roost|p2a: Corviknight
|-heal|p2a: Corviknight|99/100
|move|p1a: Landorus|Stealth Rock|p2a: Corviknight
|-sidestart|p2: Praticello|move: Stealth Rock
|
|-damage|p1a: Landorus|76/100 tox|[from] psn
|upkeep
|turn|10
|
|t:|1760373823
|move|p2a: Corviknight|Body Press|p1a: Landorus
|-resisted|p1a: Landorus
|-damage|p1a: Landorus|35/100 tox
|-damage|p2a: Corviknight|83/100|[from] item: Rocky Helmet|[of] p1a: Landorus
|move|p1a: Landorus|U-turn|p2a: Corviknight
|-resisted|p2a: Corviknight
|-damage|p2a: Corviknight|81/100
|
|t:|1760373849
|switch|p1a: Slowking|Slowking-Galar, F|100/100|[from] U-turn
|
|upkeep
|turn|11
|
|t:|1760373873
|switch|p2a: Blissey|Blissey, F|100/100
|move|p1a: Slowking|Sludge Bomb|p2a: Blissey
|-damage|p2a: Blissey|91/100
|
|upkeep
|turn|12
|
|t:|1760373880
|move|p2a: Blissey|Calm Mind|p2a: Blissey
|-boost|p2a: Blissey|spa|1
|-boost|p2a: Blissey|spd|1
|-prepare|p1a: Slowking|Chilly Reception|[premajor]
|move|p1a: Slowking|Chilly Reception|p1a: Slowking
|-weather|Snowscape
|
|t:|1760373888
|switch|p1a: Dragapult|Dragapult, M|100/100|[from] Chilly Reception
|
|-weather|Snowscape|[upkeep]
|upkeep
|turn|13
|
|t:|1760373895
|switch|p2a: Toxapex|Toxapex, F|100/100
|move|p1a: Dragapult|Dragon Darts|p2a: Toxapex
|-damage|p2a: Toxapex|70/100
|-anim|p1a: Dragapult|Dragon Darts|p2a: Toxapex
|-damage|p2a: Toxapex|43/100
|
|-weather|Snowscape|[upkeep]
|upkeep
|turn|14
|
|t:|1760373905
|switch|p2a: Sinistcha|Sinistcha|100/100
|move|p1a: Dragapult|Dragon Darts|p2a: Sinistcha
|-damage|p2a: Sinistcha|75/100
|-anim|p1a: Dragapult|Dragon Darts|p2a: Sinistcha
|-damage|p2a: Sinistcha|48/100
|
|-weather|Snowscape|[upkeep]
|upkeep
|turn|15
|
|t:|1760373913
|switch|p1a: Landorus|Landorus-Therian, M|35/100 tox
|-ability|p1a: Landorus|Intimidate|boost
|-unboost|p2a: Sinistcha|atk|1
|move|p2a: Sinistcha|Strength Sap|p1a: Landorus
|-unboost|p1a: Landorus|atk|1
|-heal|p2a: Sinistcha|100/100
|
|-weather|Snowscape|[upkeep]
|-damage|p1a: Landorus|29/100 tox|[from] psn
|upkeep
|turn|16
|
|t:|1760373919
|switch|p2a: Corviknight|Corviknight, F, tera:Fighting|81/100
|-ability|p2a: Corviknight|Pressure
|move|p1a: Landorus|U-turn|p2a: Corviknight
|-resisted|p2a: Corviknight
|-damage|p2a: Corviknight|76/100
|
|t:|1760373934
|switch|p1a: Slowking|Slowking-Galar, F|100/100|[from] U-turn
|
|-weather|none
|upkeep
|turn|17
|
|t:|1760373940
|switch|p2a: Quagsire|Quagsire, M|100/100
|move|p1a: Slowking|Sludge Bomb|p2a: Quagsire
|-resisted|p2a: Quagsire
|-damage|p2a: Quagsire|79/100
|-status|p2a: Quagsire|psn
|
|-damage|p2a: Quagsire|67/100 psn|[from] psn
|upkeep
|turn|18
|
|t:|1760373946
|move|p2a: Quagsire|Stealth Rock|p1a: Slowking
|-sidestart|p1: cml666|move: Stealth Rock
|-prepare|p1a: Slowking|Chilly Reception|[premajor]
|move|p1a: Slowking|Chilly Reception|p1a: Slowking
|-weather|Snowscape
|
|t:|1760373954
|switch|p1a: Landorus|Landorus-Therian, M|29/100 tox|[from] Chilly Reception
|-damage|p1a: Landorus|17/100 tox|[from] Stealth Rock
|-ability|p1a: Landorus|Intimidate|boost
|-unboost|p2a: Quagsire|atk|1
|
|-weather|Snowscape|[upkeep]
|-damage|p1a: Landorus|11/100 tox|[from] psn
|-damage|p2a: Quagsire|54/100 psn|[from] psn
|upkeep
|turn|19
|
|t:|1760373961
|switch|p2a: Gliscor|Gliscor, M|80/100 tox
|-damage|p2a: Gliscor|68/100 tox|[from] Stealth Rock
|move|p1a: Landorus|Grass Knot|p2a: Gliscor
|-damage|p2a: Gliscor|55/100 tox
|
|-weather|Snowscape|[upkeep]
|-heal|p2a: Gliscor|68/100 tox|[from] ability: Poison Heal
|-damage|p1a: Landorus|0 fnt|[from] psn
|faint|p1a: Landorus
|upkeep
|
|t:|1760373970
|switch|p1a: Dragapult|Dragapult, M|100/100
|-damage|p1a: Dragapult|88/100|[from] Stealth Rock
|turn|20
|
|t:|1760373978
|-terastallize|p1a: Dragapult|Ghost
|move|p1a: Dragapult|Tera Blast|p2a: Gliscor|[anim] Tera Blast Ghost
|-damage|p2a: Gliscor|10/100 tox
|move|p2a: Gliscor|Knock Off|p1a: Dragapult
|-supereffective|p1a: Dragapult
|-damage|p1a: Dragapult|25/100
|-enditem|p1a: Dragapult|Choice Band|[from] move: Knock Off|[of] p2a: Gliscor
|
|-weather|Snowscape|[upkeep]
|-heal|p2a: Gliscor|22/100 tox|[from] ability: Poison Heal
|upkeep
|turn|21
|
|t:|1760373991
|move|p2a: Gliscor|Protect|p2a: Gliscor
|-singleturn|p2a: Gliscor|Protect
|move|p1a: Dragapult|Tera Blast|p2a: Gliscor|[anim] Tera Blast Ghost
|-activate|p2a: Gliscor|move: Protect
|
|-weather|Snowscape|[upkeep]
|-heal|p2a: Gliscor|35/100 tox|[from] ability: Poison Heal
|upkeep
|turn|22
|
|t:|1760373999
|switch|p2a: Toxapex|Toxapex, F|76/100
|move|p1a: Dragapult|Tera Blast|p2a: Toxapex|[anim] Tera Blast Ghost
|-damage|p2a: Toxapex|35/100
|
|-weather|none
|upkeep
|turn|23
|
|t:|1760374015
|switch|p2a: Gliscor|Gliscor, M|35/100 tox
|-damage|p2a: Gliscor|22/100 tox|[from] Stealth Rock
|move|p1a: Dragapult|Tera Blast|p2a: Gliscor|[anim] Tera Blast Ghost
|-damage|p2a: Gliscor|0 fnt
|faint|p2a: Gliscor
|
|upkeep
|
|t:|1760374016
|switch|p2a: Toxapex|Toxapex, F|68/100
|turn|24
|
|t:|1760374020
|move|p1a: Dragapult|Tera Blast|p2a: Toxapex|[anim] Tera Blast Ghost
|-damage|p2a: Toxapex|27/100
|move|p2a: Toxapex|Recover|p2a: Toxapex
|-heal|p2a: Toxapex|77/100
|
|upkeep
|turn|25
|
|t:|1760374023
|move|p1a: Dragapult|Tera Blast|p2a: Toxapex|[anim] Tera Blast Ghost
|-damage|p2a: Toxapex|36/100
|move|p2a: Toxapex|Toxic|p1a: Dragapult
|-status|p1a: Dragapult|tox
|
|-damage|p1a: Dragapult|19/100 tox|[from] psn
|upkeep
|turn|26
|
|t:|1760374039
|switch|p2a: Blissey|Blissey, F|91/100
|move|p1a: Dragapult|Tera Blast|p2a: Blissey|[anim] Tera Blast Ghost
|-immune|p2a: Blissey
|
|-damage|p1a: Dragapult|7/100 tox|[from] psn
|upkeep
|turn|27
|
|t:|1760374046
|switch|p2a: Toxapex|Toxapex, F|69/100
|move|p1a: Dragapult|Dragon Darts|p2a: Toxapex
|-damage|p2a: Toxapex|50/100
|-anim|p1a: Dragapult|Dragon Darts|p2a: Toxapex
|-damage|p2a: Toxapex|31/100
|
|-damage|p1a: Dragapult|0 fnt|[from] psn
|faint|p1a: Dragapult
|upkeep
|
|t:|1760374055
|switch|p1a: Kyurem|Kyurem|100/100
|-damage|p1a: Kyurem|76/100|[from] Stealth Rock
|-ability|p1a: Kyurem|Pressure
|turn|28
|
|t:|1760374064
|switch|p2a: Corviknight|Corviknight, F, tera:Fighting|76/100
|-ability|p2a: Corviknight|Pressure
|move|p1a: Kyurem|Freeze-Dry|p2a: Corviknight
|-damage|p2a: Corviknight|11/100
|
|upkeep
|turn|29
|
|t:|1760374071
|move|p1a: Kyurem|Freeze-Dry|p2a: Corviknight
|-damage|p2a: Corviknight|0 fnt
|faint|p2a: Corviknight
|
|upkeep
|
|t:|1760374076
|switch|p2a: Blissey|Blissey, F|91/100
|turn|30
|
|t:|1760374078
|move|p1a: Kyurem|Freeze-Dry|p2a: Blissey
|-damage|p2a: Blissey|74/100
|-status|p2a: Blissey|frz
|-curestatus|p2a: Blissey|frz|[msg]
|move|p2a: Blissey|Flamethrower|p1a: Kyurem
|-damage|p1a: Kyurem|61/100
|-status|p1a: Kyurem|brn
|
|-damage|p1a: Kyurem|55/100 brn|[from] brn
|upkeep
|turn|31
|
|t:|1760374083
|switch|p1a: Slowking|Slowking-Galar, F|100/100
|move|p2a: Blissey|Soft-Boiled|p2a: Blissey
|-heal|p2a: Blissey|100/100
|
|upkeep
|turn|32
|
|t:|1760374085
|move|p2a: Blissey|Seismic Toss|p1a: Slowking
|-damage|p1a: Slowking|75/100
|move|p1a: Slowking|Thunder Wave|p2a: Blissey
|-status|p2a: Blissey|par
|
|upkeep
|turn|33
|
|t:|1760374087
|move|p2a: Blissey|Seismic Toss|p1a: Slowking
|-damage|p1a: Slowking|50/100
|-prepare|p1a: Slowking|Chilly Reception|[premajor]
|move|p1a: Slowking|Chilly Reception|p1a: Slowking
|-weather|Snowscape
|
|t:|1760374091
|switch|p1a: Great Tusk|Great Tusk|81/100|[from] Chilly Reception
|
|-weather|Snowscape|[upkeep]
|upkeep
|turn|34
|
|t:|1760374097
|-curestatus|p2a: Blissey|par|[from] ability: Natural Cure
|switch|p2a: Quagsire|Quagsire, M|54/100 psn
|move|p1a: Great Tusk|Bulk Up|p1a: Great Tusk
|-boost|p1a: Great Tusk|atk|1
|-boost|p1a: Great Tusk|def|1
|
|-weather|Snowscape|[upkeep]
|-damage|p2a: Quagsire|42/100 psn|[from] psn
|upkeep
|turn|35
|
|t:|1760374105
|move|p1a: Great Tusk|Bulk Up|p1a: Great Tusk
|-boost|p1a: Great Tusk|atk|1
|-boost|p1a: Great Tusk|def|1
|move|p2a: Quagsire|Toxic|p1a: Great Tusk
|-status|p1a: Great Tusk|tox
|
|-weather|Snowscape|[upkeep]
|-damage|p1a: Great Tusk|75/100 tox|[from] psn
|-damage|p2a: Quagsire|29/100 psn|[from] psn
|upkeep
|turn|36
|
|t:|1760374109
|move|p1a: Great Tusk|Rapid Spin|p2a: Quagsire
|-damage|p2a: Quagsire|16/100 psn
|-boost|p1a: Great Tusk|spe|1
|-sideend|p1: cml666|Stealth Rock|[from] move: Rapid Spin|[of] p1a: Great Tusk
|move|p2a: Quagsire|Recover|p2a: Quagsire
|-heal|p2a: Quagsire|66/100 psn
|
|-weather|Snowscape|[upkeep]
|-damage|p1a: Great Tusk|63/100 tox|[from] psn
|-damage|p2a: Quagsire|54/100 psn|[from] psn
|upkeep
|turn|37
|
|t:|1760374116
|move|p1a: Great Tusk|Headlong Rush|p2a: Quagsire
|-damage|p2a: Quagsire|12/100 psn
|-unboost|p1a: Great Tusk|def|1
|-unboost|p1a: Great Tusk|spd|1
|move|p2a: Quagsire|Recover|p2a: Quagsire
|-heal|p2a: Quagsire|62/100 psn
|
|-weather|none
|-damage|p1a: Great Tusk|44/100 tox|[from] psn
|-damage|p2a: Quagsire|49/100 psn|[from] psn
|upkeep
|turn|38
|
|t:|1760374121
|move|p1a: Great Tusk|Ice Spinner|p2a: Quagsire
|-damage|p2a: Quagsire|30/100 psn
|move|p2a: Quagsire|Recover|p2a: Quagsire
|-heal|p2a: Quagsire|80/100 psn
|
|-damage|p1a: Great Tusk|19/100 tox|[from] psn
|-damage|p2a: Quagsire|68/100 psn|[from] psn
|upkeep
|turn|39
|
|t:|1760374128
|move|p1a: Great Tusk|Headlong Rush|p2a: Quagsire
|-damage|p2a: Quagsire|26/100 psn
|-unboost|p1a: Great Tusk|def|1
|-unboost|p1a: Great Tusk|spd|1
|move|p2a: Quagsire|Stealth Rock|p1a: Great Tusk
|-sidestart|p1: cml666|move: Stealth Rock
|
|-damage|p1a: Great Tusk|0 fnt|[from] psn
|faint|p1a: Great Tusk
|-end|p1a: Great Tusk|Protosynthesis|[silent]
|-damage|p2a: Quagsire|13/100 psn|[from] psn
|upkeep
|
|t:|1760374133
|switch|p1a: Kyurem|Kyurem|55/100 brn
|-damage|p1a: Kyurem|30/100 brn|[from] Stealth Rock
|-ability|p1a: Kyurem|Pressure
|turn|40
|
|t:|1760374138
|move|p1a: Kyurem|Freeze-Dry|p2a: Quagsire
|-supereffective|p2a: Quagsire
|-damage|p2a: Quagsire|0 fnt
|faint|p2a: Quagsire
|
|-damage|p1a: Kyurem|24/100 brn|[from] brn
|upkeep
|-message|cml666 forfeited.
|
|win|Praticello
|raw|cml666's rating: 1313 &rarr; <strong>1292</strong><br />(-21 for losing)
|raw|Praticello's rating: 1287 &rarr; <strong>1314</strong><br />(+27 for winning)
|l|☆cml666
|player|p1|
|j|☆cml666
|player|p1|cml666|2|
|l|☆cml666
|player|p1|
|l|☆Praticello
|player|p2|
|j|☆cml666
|player|p1|cml666|2|
|l|☆cml666
|player|p1|
