|j|☆gregererg
|j|☆table_man_10293
|t:|1760337453
|gametype|singles
|player|p1|gregererg|170|1213
|player|p2|table_man_10293|bruno-gen1rb|1324
|gen|9
|tier|[Gen 9] OU
|rated|
|rule|HP Percentage Mod: HP is shown in percentages
|rule|Endless Battle Clause: Forcing endless battles is banned
|rule|Species Clause: Limit one of each Pokémon
|rule|OHKO Clause: OHKO moves are banned
|rule|Evasion Items Clause: Evasion items are banned
|rule|Evasion Moves Clause: Evasion moves are banned
|rule|Evasion Abilities Clause: Evasion abilities are banned
|rule|Sleep Moves Clause: Sleep-inducing moves are banned
|clearpoke
|poke|p1|Torkoal, F|
|poke|p1|Heatran, M|
|poke|p1|Scovillain, M|
|poke|p1|Hatterene, F|
|poke|p1|Great Tusk|
|poke|p1|Walking Wake|
|poke|p2|Scizor, F|
|poke|p2|Landorus-Therian, M|
|poke|p2|Kingambit, F|
|poke|p2|Ogerpon-Wellspring, F|
|poke|p2|Iron Valiant|
|poke|p2|Ribombee, M|
|teampreview
|
|t:|1760337504
|teamsize|p1|6
|teamsize|p2|6
|start
|switch|p1a: Torkoal|Torkoal, F|100/100
|switch|p2a: :)|Ribombee, M|100/100
|-weather|SunnyDay|[from] ability: Drought|[of] p1a: Torkoal
|turn|1
|
|t:|1760337511
|switch|p1a: Hatterene|Hatterene, F, shiny|100/100
|move|p2a: :)|Skill Swap|p1a: Hatterene
|-activate|p2a: :)|move: Skill Swap|Magic Bounce|Shield Dust|[of] p1a: Hatterene
|
|-weather|SunnyDay|[upkeep]
|upkeep
|turn|2
|
|t:|1760337519
|move|p2a: :)|Sticky Web|p1a: Hatterene
|-sidestart|p1: gregererg|move: Sticky Web
|move|p1a: Hatterene|Mystical Fire|p2a: :)
|-supereffective|p2a: :)
|-enditem|p2a: :)|Focus Sash
|-damage|p2a: :)|1/100
|-unboost|p2a: :)|spa|1
|
|-weather|SunnyDay|[upkeep]
|upkeep
|turn|3
|
|t:|1760337554
|move|p2a: :)|Stun Spore|p1a: Hatterene
|-status|p1a: Hatterene|par
|move|p1a: Hatterene|Mystical Fire|p2a: :)
|-supereffective|p2a: :)
|-damage|p2a: :)|0 fnt
|faint|p2a: :)
|
|-weather|SunnyDay|[upkeep]
|upkeep
|
|t:|1760337558
|switch|p2a: Bob|Scizor, F|100/100
|turn|4
|
|t:|1760337565
|-terastallize|p2a: Bob|Fire
|move|p2a: Bob|Swords Dance|p2a: Bob
|-boost|p2a: Bob|atk|2
|move|p1a: Hatterene|Mystical Fire|p2a: Bob
|-resisted|p2a: Bob
|-damage|p2a: Bob|78/100
|-unboost|p2a: Bob|spa|1
|
|-weather|SunnyDay|[upkeep]
|upkeep
|turn|5
|
|t:|1760337581
|move|p2a: Bob|Close Combat|p1a: Hatterene
|-resisted|p1a: Hatterene
|-damage|p1a: Hatterene|76/100 par
|-unboost|p2a: Bob|def|1
|-unboost|p2a: Bob|spd|1
|-enditem|p1a: Hatterene|Eject Button
|-damage|p2a: Bob|68/100|[from] item: Life Orb
|
|t:|1760337586
|switch|p1a: Scovillain|Scovillain, M|100/100
|-activate|p1a: Scovillain|move: Sticky Web
|-unboost|p1a: Scovillain|spe|1
|
|-weather|SunnyDay|[upkeep]
|upkeep
|turn|6
|
|t:|1760337597
|move|p1a: Scovillain|Flamethrower|p2a: Bob
|-resisted|p2a: Bob
|-damage|p2a: Bob|0 fnt
|faint|p2a: Bob
|-damage|p1a: Scovillain|91/100|[from] item: Life Orb
|
|-weather|SunnyDay|[upkeep]
|upkeep
|
|t:|1760337600
|switch|p2a: iNcEnRoaR?|Landorus-Therian, M|100/100
|-ability|p2a: iNcEnRoaR?|Intimidate|boost
|-unboost|p1a: Scovillain|atk|1
|turn|7
|
|t:|1760337614
|-terastallize|p1a: Scovillain|Fire
|move|p1a: Scovillain|Flamethrower|p2a: iNcEnRoaR?
|-damage|p2a: iNcEnRoaR?|0 fnt
|faint|p2a: iNcEnRoaR?
|-damage|p1a: Scovillain|81/100|[from] item: Life Orb
|
|-weather|SunnyDay|[upkeep]
|upkeep
|
|t:|1760337627
|switch|p2a: sassy 💅|Ogerpon-Wellspring, F|100/100
|turn|8
|
|t:|1760337630
|move|p1a: Scovillain|Flamethrower|p2a: sassy 💅
|-damage|p2a: sassy 💅|0 fnt
|faint|p2a: sassy 💅
|-damage|p1a: Scovillain|71/100|[from] item: Life Orb
|
|-weather|none
|upkeep
|
|t:|1760337635
|switch|p2a: john cena|Iron Valiant|100/100
|-enditem|p2a: john cena|Booster Energy
|-activate|p2a: john cena|ability: Quark Drive|[fromitem]
|-start|p2a: john cena|quarkdrivespe
|turn|9
|
|t:|1760337642
|switch|p1a: Torkoal|Torkoal, F|100/100
|-activate|p1a: Torkoal|move: Sticky Web
|-unboost|p1a: Torkoal|spe|1
|-weather|SunnyDay|[from] ability: Drought|[of] p1a: Torkoal
|move|p2a: john cena|Close Combat|p1a: Torkoal
|-damage|p1a: Torkoal|70/100
|-unboost|p2a: john cena|def|1
|-unboost|p2a: john cena|spd|1
|
|-weather|SunnyDay|[upkeep]
|upkeep
|turn|10
|
|t:|1760337652
|move|p2a: john cena|Knock Off|p1a: Torkoal
|-damage|p1a: Torkoal|55/100
|-enditem|p1a: Torkoal|Heat Rock|[from] move: Knock Off|[of] p2a: john cena
|move|p1a: Torkoal|Overheat|p2a: john cena
|-damage|p2a: john cena|0 fnt
|-unboost|p1a: Torkoal|spa|2
|faint|p2a: john cena
|-end|p2a: john cena|Quark Drive|[silent]
|
|-weather|SunnyDay|[upkeep]
|upkeep
|
|t:|1760337654
|switch|p2a: samurai|Kingambit, F|100/100
|-activate|p2a: samurai|ability: Supreme Overlord
|-start|p2a: samurai|fallen5|[silent]
|turn|11
|
|t:|1760337657
|move|p2a: samurai|Swords Dance|p2a: samurai
|-boost|p2a: samurai|atk|2
|move|p1a: Torkoal|Body Press|p2a: samurai
|-supereffective|p2a: samurai
|-damage|p2a: samurai|0 fnt
|faint|p2a: samurai
|-end|p2a: samurai|fallen5|[silent]
|
|win|gregererg
|raw|gregererg's rating: 1213 &rarr; <strong>1246</strong><br />(+33 for winning)
|raw|table_man_10293's rating: 1324 &rarr; <strong>1298</strong><br />(-26 for losing)
|l|☆table_man_10293
|player|p2|
|l|☆gregererg
|player|p1|
