|j|☆lovelymoa
|j|☆Swayn
|t:|1760435811
|gametype|singles
|player|p1|lovelymoa|swimmerf|1122
|player|p2|Swayn|kimonogirl|1164
|gen|9
|tier|[Gen 9] OU
|rated|
|rule|HP Percentage Mod: HP is shown in percentages
|rule|Endless Battle Clause: Forcing endless battles is banned
|rule|Species Clause: Limit one of each Pokémon
|rule|OHKO Clause: OHKO moves are banned
|rule|Evasion Items Clause: Evasion items are banned
|rule|Evasion Moves Clause: Evasion moves are banned
|rule|Evasion Abilities Clause: Evasion abilities are banned
|rule|Sleep Moves Clause: Sleep-inducing moves are banned
|clearpoke
|poke|p1|Polteageist|
|poke|p1|Indeedee, M|
|poke|p1|Hatterene, F|
|poke|p1|Cloyster, M|
|poke|p1|Iron Treads|
|poke|p1|Dragonite, F|
|poke|p2|Gardevoir, F|
|poke|p2|Milotic, F|
|poke|p2|Infernape, M|
|poke|p2|Garchomp, F|
|poke|p2|Gengar, M|
|poke|p2|Gliscor, M|
|teampreview
|
|t:|1760435825
|teamsize|p1|6
|teamsize|p2|6
|start
|switch|p1a: Indeedee|Indeedee, M|100/100
|switch|p2a: Gengar|Gengar, M|100/100
|-fieldstart|move: Psychic Terrain|[from] ability: Psychic Surge|[of] p1a: Indeedee
|turn|1
|
|t:|1760435838
|switch|p1a: Hatterene|Hatterene, F|100/100
|-terastallize|p2a: Gengar|Ghost
|move|p2a: Gengar|Dark Pulse|p1a: Hatterene
|-damage|p1a: Hatterene|73/100
|-enditem|p1a: Hatterene|Eject Button
|-damage|p2a: Gengar|91/100|[from] item: Life Orb
|
|t:|1760435846
|switch|p1a: Polteageist|Polteageist|100/100
|
|upkeep
|turn|2
|
|t:|1760435850
|move|p2a: Gengar|Shadow Ball|p1a: Polteageist
|-supereffective|p1a: Polteageist
|-enditem|p1a: Polteageist|Focus Sash
|-damage|p1a: Polteageist|1/100
|-unboost|p1a: Polteageist|spd|1
|-damage|p2a: Gengar|81/100|[from] item: Life Orb
|move|p1a: Polteageist|Shell Smash|p1a: Polteageist
|-unboost|p1a: Polteageist|def|1
|-unboost|p1a: Polteageist|spd|1
|-boost|p1a: Polteageist|atk|2
|-boost|p1a: Polteageist|spa|2
|-boost|p1a: Polteageist|spe|2
|
|upkeep
|turn|3
|
|t:|1760435875
|switch|p2a: Milotic|Milotic, F|100/100
|move|p1a: Polteageist|Stored Power|p2a: Milotic
|-damage|p2a: Milotic|18/100
|
|-heal|p2a: Milotic|24/100|[from] item: Leftovers
|upkeep
|turn|4
|
|t:|1760435885
|move|p1a: Polteageist|Stored Power|p2a: Milotic
|-damage|p2a: Milotic|0 fnt
|faint|p2a: Milotic
|
|upkeep
|
|t:|1760435890
|switch|p2a: Infernape|Infernape, M|100/100
|turn|5
|
|t:|1760435894
|move|p1a: Polteageist|Stored Power|p2a: Infernape
|-supereffective|p2a: Infernape
|-damage|p2a: Infernape|0 fnt
|faint|p2a: Infernape
|
|upkeep
|inactive|Battle timer is ON: inactive players will automatically lose when time's up. (requested by lovelymoa)
|
|t:|1760435920
|switch|p2a: Gliscor|Gliscor, M|100/100
|turn|6
|
|t:|1760435931
|move|p1a: Polteageist|Stored Power|p2a: Gliscor
|-damage|p2a: Gliscor|0 fnt
|faint|p2a: Gliscor
|
|upkeep
|-message|Swayn forfeited.
|
|win|lovelymoa
|raw|lovelymoa's rating: 1122 &rarr; <strong>1150</strong><br />(+28 for winning)
|raw|Swayn's rating: 1164 &rarr; <strong>1136</strong><br />(-28 for losing)
|l|☆Swayn
|player|p2|
|l|☆lovelymoa
|player|p1|
