|j|☆AbrahamCA
|j|☆Airhorn Whisperer
|t:|1760374723
|gametype|singles
|player|p1|AbrahamCA|101|1381
|player|p2|Airhorn Whisperer|preschooler|1359
|gen|9
|tier|[Gen 9] OU
|rated|
|rule|HP Percentage Mod: HP is shown in percentages
|rule|Endless Battle Clause: Forcing endless battles is banned
|rule|Species Clause: Limit one of each Pokémon
|rule|OHKO Clause: OHKO moves are banned
|rule|Evasion Items Clause: Evasion items are banned
|rule|Evasion Moves Clause: Evasion moves are banned
|rule|Evasion Abilities Clause: Evasion abilities are banned
|rule|Sleep Moves Clause: Sleep-inducing moves are banned
|clearpoke
|poke|p1|Kyurem|
|poke|p1|Corviknight, M|
|poke|p1|Great Tusk|
|poke|p1|Zamazenta-*|
|poke|p1|Jirachi|
|poke|p1|Dragapult, F|
|poke|p2|Haxorus, M|
|poke|p2|Ting-Lu|
|poke|p2|Weezing-Galar, F|
|poke|p2|Greninja-*, M|
|poke|p2|Mesprit|
|poke|p2|Primarina, M|
|teampreview
|
|t:|1760374738
|teamsize|p1|6
|teamsize|p2|6
|start
|switch|p1a: Jirachi|Jirachi|100/100
|switch|p2a: Mesprit|Mesprit|100/100
|turn|1
|
|t:|1760374743
|move|p1a: Jirachi|U-turn|p2a: Mesprit
|-supereffective|p2a: Mesprit
|-damage|p2a: Mesprit|66/100
|-damage|p1a: Jirachi|84/100|[from] item: Rocky Helmet|[of] p2a: Mesprit
|
|t:|1760374756
|switch|p1a: Dragapult|Dragapult, F|100/100|[from] U-turn
|move|p2a: Mesprit|Knock Off|p1a: Dragapult
|-supereffective|p1a: Dragapult
|-damage|p1a: Dragapult|43/100
|-enditem|p1a: Dragapult|Choice Specs|[from] move: Knock Off|[of] p2a: Mesprit
|
|upkeep
|turn|2
|
|t:|1760374771
|switch|p2a: Ting-Lu|Ting-Lu|100/100
|-ability|p2a: Ting-Lu|Vessel of Ruin
|move|p1a: Dragapult|Shadow Ball|p2a: Ting-Lu
|-resisted|p2a: Ting-Lu
|-damage|p2a: Ting-Lu|93/100
|
|-heal|p2a: Ting-Lu|99/100|[from] item: Leftovers
|upkeep
|turn|3
|
|t:|1760374778
|move|p1a: Dragapult|U-turn|p2a: Ting-Lu
|-supereffective|p2a: Ting-Lu
|-damage|p2a: Ting-Lu|80/100
|
|t:|1760374781
|switch|p1a: Zamazenta|Zamazenta, shiny|100/100|[from] U-turn
|-ability|p1a: Zamazenta|Dauntless Shield|boost
|-boost|p1a: Zamazenta|def|1
|move|p2a: Ting-Lu|Stealth Rock|p1a: Zamazenta
|-sidestart|p1: AbrahamCA|move: Stealth Rock
|
|-heal|p2a: Ting-Lu|86/100|[from] item: Leftovers
|upkeep
|turn|4
|
|t:|1760374792
|switch|p2a: Weezing|Weezing-Galar, F|100/100
|-ability|p2a: Weezing|Neutralizing Gas
|move|p1a: Zamazenta|Close Combat|p2a: Weezing
|-resisted|p2a: Weezing
|-damage|p2a: Weezing|92/100
|-unboost|p1a: Zamazenta|def|1
|-unboost|p1a: Zamazenta|spd|1
|
|upkeep
|turn|5
|
|t:|1760374801
|-end|p2a: Weezing|ability: Neutralizing Gas
|switch|p2a: Mesprit|Mesprit|66/100
|move|p1a: Zamazenta|Iron Head|p2a: Mesprit
|-damage|p2a: Mesprit|41/100
|-damage|p1a: Zamazenta|84/100|[from] item: Rocky Helmet|[of] p2a: Mesprit
|
|upkeep
|turn|6
|
|t:|1760374813
|switch|p2a: Weezing|Weezing-Galar, F|92/100
|-ability|p2a: Weezing|Neutralizing Gas
|move|p1a: Zamazenta|Crunch|p2a: Weezing
|-resisted|p2a: Weezing
|-damage|p2a: Weezing|83/100
|
|upkeep
|turn|7
|
|t:|1760374821
|move|p1a: Zamazenta|Iron Head|p2a: Weezing
|-supereffective|p2a: Weezing
|-damage|p2a: Weezing|50/100
|move|p2a: Weezing|Strange Steam|p1a: Zamazenta
|-supereffective|p1a: Zamazenta
|-damage|p1a: Zamazenta|8/100
|-start|p1a: Zamazenta|confusion
|
|upkeep
|turn|8
|
|t:|1760374832
|-end|p2a: Weezing|ability: Neutralizing Gas
|switch|p2a: Greninja|Greninja, M|100/100
|-activate|p1a: Zamazenta|confusion
|move|p1a: Zamazenta|Iron Head|p2a: Greninja
|-resisted|p2a: Greninja
|-damage|p2a: Greninja|80/100
|
|upkeep
|turn|9
|
|t:|1760374838
|move|p2a: Greninja|Water Shuriken|p1a: Zamazenta
|-damage|p1a: Zamazenta|0 fnt
|faint|p1a: Zamazenta
|-ability|p2a: Greninja|Battle Bond|boost
|-boost|p2a: Greninja|atk|1
|-boost|p2a: Greninja|spa|1
|-boost|p2a: Greninja|spe|1
|-activate|p2a: Greninja|ability: Battle Bond
|-hitcount|p1: Zamazenta|1
|-damage|p2a: Greninja|70/100|[from] item: Life Orb
|
|upkeep
|-message|AbrahamCA forfeited.
|
|win|Airhorn Whisperer
|raw|AbrahamCA's rating: 1381 &rarr; <strong>1360</strong><br />(-21 for losing)
|raw|Airhorn Whisperer's rating: 1359 &rarr; <strong>1380</strong><br />(+21 for winning)
|l|☆AbrahamCA
|player|p1|
|l|☆Airhorn Whisperer
|player|p2|
