|j|☆C0nway
|j|☆CodySometimesWins
|t:|1760334335
|gametype|singles
|player|p1|C0nway|eusine|1397
|player|p2|CodySometimesWins|guitarist|1371
|gen|9
|tier|[Gen 9] OU
|rated|
|rule|HP Percentage Mod: HP is shown in percentages
|rule|Endless Battle Clause: Forcing endless battles is banned
|rule|Species Clause: Limit one of each Pokémon
|rule|OHKO Clause: OHKO moves are banned
|rule|Evasion Items Clause: Evasion items are banned
|rule|Evasion Moves Clause: Evasion moves are banned
|rule|Evasion Abilities Clause: Evasion abilities are banned
|rule|Sleep Moves Clause: Sleep-inducing moves are banned
|clearpoke
|poke|p1|Walking Wake|
|poke|p1|Torkoal, F|
|poke|p1|Cinderace, F|
|poke|p1|Hatterene, F|
|poke|p1|Iron Valiant|
|poke|p1|Kingambit, M|
|poke|p2|Deoxys-Speed|
|poke|p2|Darkrai|
|poke|p2|Donphan, M|
|poke|p2|Heatran, F|
|poke|p2|Iron Hands|
|poke|p2|Ogerpon-Wellspring, F|
|teampreview
|inactive|Battle timer is ON: inactive players will automatically lose when time's up. (requested by CodySometimesWins)
|
|t:|1760334344
|teamsize|p1|6
|teamsize|p2|6
|start
|switch|p1a: Cinderace|Cinderace, F|100/100
|switch|p2a: Heatran|Heatran, F|100/100
|-item|p2a: Heatran|Air Balloon
|turn|1
|
|t:|1760334350
|move|p1a: Cinderace|U-turn|p2a: Heatran
|-resisted|p2a: Heatran
|-damage|p2a: Heatran|97/100
|-enditem|p2a: Heatran|Air Balloon
|
|t:|1760334358
|switch|p1a: Hatterene|Hatterene, F|100/100|[from] U-turn
|move|p2a: Heatran|Earth Power|p1a: Hatterene
|-damage|p1a: Hatterene|77/100
|
|upkeep
|turn|2
|
|t:|1760334363
|move|p2a: Heatran|Flash Cannon|p1a: Hatterene
|-supereffective|p1a: Hatterene
|-damage|p1a: Hatterene|24/100
|move|p1a: Hatterene|Nuzzle|p2a: Heatran
|-damage|p2a: Heatran|94/100
|-status|p2a: Heatran|par
|
|upkeep
|turn|3
|
|t:|1760334373
|switch|p1a: Torkoal|Torkoal, F|100/100
|-weather|SunnyDay|[from] ability: Drought|[of] p1a: Torkoal
|cant|p2a: Heatran|par
|
|-weather|SunnyDay|[upkeep]
|upkeep
|turn|4
|
|t:|1760334383
|switch|p1a: Walking Wake|Walking Wake|100/100
|-activate|p1a: Walking Wake|ability: Protosynthesis
|-start|p1a: Walking Wake|protosynthesisspe
|move|p2a: Heatran|Earth Power|p1a: Walking Wake
|-damage|p1a: Walking Wake|60/100
|
|-weather|SunnyDay|[upkeep]
|upkeep
|turn|5
|
|t:|1760334403
|move|p1a: Walking Wake|Draco Meteor|p2a: Heatran
|-resisted|p2a: Heatran
|-damage|p2a: Heatran|56/100 par
|-unboost|p1a: Walking Wake|spa|2
|move|p2a: Heatran|Earth Power|p1a: Walking Wake
|-damage|p1a: Walking Wake|20/100
|
|-weather|SunnyDay|[upkeep]
|upkeep
|turn|6
|
|t:|1760334423
|-end|p1a: Walking Wake|Protosynthesis|[silent]
|switch|p1a: Hatterene|Hatterene, F|24/100
|move|p2a: Heatran|Earth Power|p1a: Hatterene
|-damage|p1a: Hatterene|0 fnt
|faint|p1a: Hatterene
|
|-weather|SunnyDay|[upkeep]
|upkeep
|
|t:|1760334428
|switch|p1a: Iron Valiant|Iron Valiant|100/100
|-enditem|p1a: Iron Valiant|Booster Energy
|-activate|p1a: Iron Valiant|ability: Quark Drive|[fromitem]
|-start|p1a: Iron Valiant|quarkdrivespe
|turn|7
|
|t:|1760334434
|move|p1a: Iron Valiant|Close Combat|p2a: Heatran
|-supereffective|p2a: Heatran
|-damage|p2a: Heatran|0 fnt
|-unboost|p1a: Iron Valiant|def|1
|-unboost|p1a: Iron Valiant|spd|1
|faint|p2a: Heatran
|
|-weather|SunnyDay|[upkeep]
|upkeep
|
|t:|1760334441
|switch|p2a: Iron Hands|Iron Hands|100/100
|turn|8
|
|t:|1760334445
|move|p2a: Iron Hands|Fake Out|p1a: Iron Valiant
|-damage|p1a: Iron Valiant|71/100
|cant|p1a: Iron Valiant|flinch
|
|-weather|SunnyDay|[upkeep]
|upkeep
|turn|9
|
|t:|1760334451
|move|p1a: Iron Valiant|Moonblast|p2a: Iron Hands
|-supereffective|p2a: Iron Hands
|-damage|p2a: Iron Hands|46/100
|move|p2a: Iron Hands|Heavy Slam|p1a: Iron Valiant
|-supereffective|p1a: Iron Valiant
|-damage|p1a: Iron Valiant|0 fnt
|faint|p1a: Iron Valiant
|-end|p1a: Iron Valiant|Quark Drive|[silent]
|
|-weather|SunnyDay|[upkeep]
|upkeep
|
|t:|1760334464
|switch|p1a: Cinderace|Cinderace, F|100/100
|turn|10
|
|t:|1760334470
|move|p1a: Cinderace|Pyro Ball|p2a: Iron Hands
|-damage|p2a: Iron Hands|3/100
|move|p2a: Iron Hands|Drain Punch|p1a: Cinderace
|-damage|p1a: Cinderace|49/100
|-heal|p2a: Iron Hands|21/100|[from] drain|[of] p1a: Cinderace
|
|-weather|none
|upkeep
|turn|11
|
|t:|1760334486
|move|p1a: Cinderace|Pyro Ball|p2a: Iron Hands
|-damage|p2a: Iron Hands|0 fnt
|faint|p2a: Iron Hands
|-end|p2a: Iron Hands|Quark Drive|[silent]
|
|upkeep
|inactive|CodySometimesWins has 120 seconds left.
|
|t:|1760334519
|switch|p2a: Darkrai|Darkrai|100/100
|turn|12
|
|t:|1760334528
|move|p2a: Darkrai|Focus Blast|p1a: Cinderace
|-damage|p1a: Cinderace|0 fnt
|faint|p1a: Cinderace
|
|upkeep
|
|t:|1760334532
|switch|p1a: Torkoal|Torkoal, F|100/100
|-weather|SunnyDay|[from] ability: Drought|[of] p1a: Torkoal
|turn|13
|
|t:|1760334540
|switch|p2a: Deoxys|Deoxys-Speed|100/100
|-ability|p2a: Deoxys|Pressure
|move|p1a: Torkoal|Will-O-Wisp|p2a: Deoxys
|-status|p2a: Deoxys|brn
|
|-weather|SunnyDay|[upkeep]
|-damage|p2a: Deoxys|95/100 brn|[from] brn
|upkeep
|turn|14
|
|t:|1760334550
|move|p2a: Deoxys|Thunder Wave|p1a: Torkoal
|-status|p1a: Torkoal|par
|move|p1a: Torkoal|Stealth Rock|p2a: Deoxys
|-sidestart|p2: CodySometimesWins|move: Stealth Rock
|
|-weather|SunnyDay|[upkeep]
|-damage|p2a: Deoxys|89/100 brn|[from] brn
|upkeep
|turn|15
|
|t:|1760334558
|switch|p1a: Kingambit|Kingambit, M|100/100
|-activate|p1a: Kingambit|ability: Supreme Overlord
|-start|p1a: Kingambit|fallen3|[silent]
|move|p2a: Deoxys|Stealth Rock|p1a: Kingambit
|-sidestart|p1: C0nway|move: Stealth Rock
|
|-weather|SunnyDay|[upkeep]
|-damage|p2a: Deoxys|83/100 brn|[from] brn
|upkeep
|turn|16
|
|t:|1760334569
|switch|p2a: Ogerpon|Ogerpon-Wellspring, F|100/100
|-damage|p2a: Ogerpon|88/100|[from] Stealth Rock
|move|p1a: Kingambit|Iron Head|p2a: Ogerpon
|-resisted|p2a: Ogerpon
|-damage|p2a: Ogerpon|50/100
|
|-weather|SunnyDay|[upkeep]
|upkeep
|turn|17
|
|t:|1760334582
|move|p1a: Kingambit|Sucker Punch|p2a: Ogerpon
|-damage|p2a: Ogerpon|0 fnt
|faint|p2a: Ogerpon
|
|-weather|SunnyDay|[upkeep]
|upkeep
|
|t:|1760334588
|switch|p2a: Donphan|Donphan, M|100/100
|turn|18
|
|t:|1760334599
|move|p1a: Kingambit|Swords Dance|p1a: Kingambit
|-boost|p1a: Kingambit|atk|2
|move|p2a: Donphan|Earthquake|p1a: Kingambit
|-supereffective|p1a: Kingambit
|-damage|p1a: Kingambit|13/100
|
|-weather|SunnyDay|[upkeep]
|-heal|p1a: Kingambit|19/100|[from] item: Leftovers
|upkeep
|turn|19
|
|t:|1760334607
|move|p1a: Kingambit|Iron Head|p2a: Donphan
|-damage|p2a: Donphan|15/100
|move|p2a: Donphan|Earthquake|p1a: Kingambit
|-supereffective|p1a: Kingambit
|-damage|p1a: Kingambit|0 fnt
|faint|p1a: Kingambit
|-end|p1a: Kingambit|fallen3|[silent]
|
|-weather|SunnyDay|[upkeep]
|upkeep
|
|t:|1760334610
|switch|p1a: Walking Wake|Walking Wake|20/100
|-damage|p1a: Walking Wake|8/100|[from] Stealth Rock
|-activate|p1a: Walking Wake|ability: Protosynthesis
|-start|p1a: Walking Wake|protosynthesisspe
|turn|20
|
|t:|1760334623
|move|p2a: Donphan|Ice Shard|p1a: Walking Wake
|-damage|p1a: Walking Wake|0 fnt
|faint|p1a: Walking Wake
|-end|p1a: Walking Wake|Protosynthesis|[silent]
|
|-weather|none
|upkeep
|
|t:|1760334626
|switch|p1a: Torkoal|Torkoal, F|100/100 par
|-damage|p1a: Torkoal|76/100 par|[from] Stealth Rock
|-weather|SunnyDay|[from] ability: Drought|[of] p1a: Torkoal
|turn|21
|
|t:|1760334640
|-terastallize|p1a: Torkoal|Flying
|move|p2a: Donphan|Earthquake|p1a: Torkoal
|-immune|p1a: Torkoal
|cant|p1a: Torkoal|par
|
|-weather|SunnyDay|[upkeep]
|upkeep
|turn|22
|
|t:|1760334649
|move|p2a: Donphan|Rapid Spin|p1a: Torkoal
|-damage|p1a: Torkoal|65/100 par
|-boost|p2a: Donphan|spe|1
|-sideend|p2: CodySometimesWins|Stealth Rock|[from] move: Rapid Spin|[of] p2a: Donphan
|move|p1a: Torkoal|Lava Plume|p2a: Donphan
|-damage|p2a: Donphan|0 fnt
|faint|p2a: Donphan
|
|-weather|SunnyDay|[upkeep]
|upkeep
|
|t:|1760334659
|switch|p2a: Deoxys|Deoxys-Speed|83/100 brn
|-ability|p2a: Deoxys|Pressure
|turn|23
|
|t:|1760334663
|move|p2a: Deoxys|Psycho Boost|p1a: Torkoal
|-damage|p1a: Torkoal|9/100 par
|-unboost|p2a: Deoxys|spa|2
|cant|p1a: Torkoal|par
|
|-weather|SunnyDay|[upkeep]
|-damage|p2a: Deoxys|77/100 brn|[from] brn
|upkeep
|turn|24
|
|t:|1760334670
|move|p2a: Deoxys|Knock Off|p1a: Torkoal
|-damage|p1a: Torkoal|3/100 par
|-enditem|p1a: Torkoal|Heat Rock|[from] move: Knock Off|[of] p2a: Deoxys
|move|p1a: Torkoal|Lava Plume|p2a: Deoxys
|-damage|p2a: Deoxys|30/100 brn
|
|-weather|SunnyDay|[upkeep]
|-damage|p2a: Deoxys|24/100 brn|[from] brn
|upkeep
|turn|25
|
|t:|1760334680
|move|p2a: Deoxys|Thunder Wave|p1a: Torkoal
|-fail|p1a: Torkoal|par
|move|p1a: Torkoal|Lava Plume|p2a: Deoxys
|-damage|p2a: Deoxys|0 fnt
|faint|p2a: Deoxys
|
|-weather|SunnyDay|[upkeep]
|upkeep
|
|t:|1760334686
|switch|p2a: Darkrai|Darkrai|100/100
|turn|26
|-message|C0nway forfeited.
|
|win|CodySometimesWins
|raw|C0nway's rating: 1397 &rarr; <strong>1376</strong><br />(-21 for losing)
|raw|CodySometimesWins's rating: 1371 &rarr; <strong>1392</strong><br />(+21 for winning)
|l|☆C0nway
|player|p1|
|l|☆CodySometimesWins
|player|p2|
