|j|☆im4n
|j|☆esnifacojones
|t:|1760436180
|gametype|singles
|player|p1|im4n|burgh|
|player|p2|esnifacojones|elesa|
|gen|9
|tier|[Gen 9] OU
|rule|HP Percentage Mod: HP is shown in percentages
|rule|Endless Battle Clause: Forcing endless battles is banned
|rule|Species Clause: Limit one of each Pokémon
|rule|OHKO Clause: OHKO moves are banned
|rule|Evasion Items Clause: Evasion items are banned
|rule|Evasion Moves Clause: Evasion moves are banned
|rule|Evasion Abilities Clause: Evasion abilities are banned
|rule|Sleep Moves Clause: Sleep-inducing moves are banned
|clearpoke
|poke|p1|Hawlucha, F|
|poke|p1|Gholdengo|
|poke|p1|Rillaboom, F|
|poke|p1|Glimmora, F|
|poke|p1|Comfey, F|
|poke|p1|Dragapult, F|
|poke|p2|Manaphy|
|poke|p2|Great Tusk|
|poke|p2|Grimmsnarl, M|
|poke|p2|Dragonite, F|
|poke|p2|Heatran, M|
|poke|p2|Tinkaton, F|
|teampreview
|l|☆im4n
|player|p1|
|j|☆im4n
|player|p1|im4n|burgh|
|
|t:|1760436272
|teamsize|p1|6
|teamsize|p2|6
|start
|switch|p1a: Hawlucha|Hawlucha, F|100/100
|switch|p2a: Great Tusk|Great Tusk, shiny|100/100
|-enditem|p2a: Great Tusk|Booster Energy
|-activate|p2a: Great Tusk|ability: Protosynthesis|[fromitem]
|-start|p2a: Great Tusk|protosynthesisspe
|turn|1
|
|t:|1760436328
|move|p2a: Great Tusk|Ice Spinner|p1a: Hawlucha
|-supereffective|p1a: Hawlucha
|-damage|p1a: Hawlucha|32/100
|move|p1a: Hawlucha|Swords Dance|p1a: Hawlucha
|-boost|p1a: Hawlucha|atk|2
|
|upkeep
|turn|2
|
|t:|1760436338
|move|p2a: Great Tusk|Ice Spinner|p1a: Hawlucha
|-supereffective|p1a: Hawlucha
|-crit|p1a: Hawlucha
|-damage|p1a: Hawlucha|0 fnt
|faint|p1a: Hawlucha
|
|upkeep
|
|t:|1760436355
|switch|p1a: Rillaboom|Rillaboom, F|100/100
|-fieldstart|move: Grassy Terrain|[from] ability: Grassy Surge|[of] p1a: Rillaboom
|turn|3
|
|t:|1760436371
|move|p2a: Great Tusk|Ice Spinner|p1a: Rillaboom
|-supereffective|p1a: Rillaboom
|-damage|p1a: Rillaboom|54/100
|-fieldend|move: Grassy Terrain
|move|p1a: Rillaboom|Wood Hammer|p2a: Great Tusk
|-supereffective|p2a: Great Tusk
|-damage|p2a: Great Tusk|27/100
|-damage|p1a: Rillaboom|28/100|[from] Recoil
|
|upkeep
|turn|4
|
|t:|1760436394
|-end|p2a: Great Tusk|Protosynthesis|[silent]
|switch|p2a: Heatran|Heatran, M, shiny|100/100
|switch|p1a: Gholdengo|Gholdengo|100/100
|
|upkeep
|turn|5
|
|t:|1760436407
|-terastallize|p1a: Gholdengo|Fairy
|move|p2a: Heatran|Magma Storm|p1a: Gholdengo|[miss]
|-miss|p2a: Heatran|p1a: Gholdengo
|move|p1a: Gholdengo|Nasty Plot|p1a: Gholdengo
|-boost|p1a: Gholdengo|spa|2
|
|upkeep
|turn|6
|
|t:|1760436422
|move|p2a: Heatran|Magma Storm|p1a: Gholdengo
|-damage|p1a: Gholdengo|62/100
|-activate|p1a: Gholdengo|move: Magma Storm|[of] p2a: Heatran
|move|p1a: Gholdengo|Make It Rain|p2a: Heatran
|-resisted|p2a: Heatran
|-damage|p2a: Heatran|77/100
|-unboost|p1a: Gholdengo|spa|1
|
|-heal|p2a: Heatran|83/100|[from] item: Leftovers
|-damage|p1a: Gholdengo|50/100|[from] move: Magma Storm|[partiallytrapped]
|upkeep
|turn|7
|
|t:|1760436438
|switch|p2a: Tinkaton|Tinkaton, F, shiny|100/100
|-ability|p2a: Tinkaton|Mold Breaker
|move|p1a: Gholdengo|Shadow Ball|p2a: Tinkaton
|-damage|p2a: Tinkaton|41/100
|-unboost|p2a: Tinkaton|spd|1
|
|-end|p1a: Gholdengo|Magma Storm|[partiallytrapped]|[silent]
|upkeep
|turn|8
|
|t:|1760436451
|move|p2a: Tinkaton|Gigaton Hammer|p1a: Gholdengo
|-supereffective|p1a: Gholdengo
|-damage|p1a: Gholdengo|0 fnt
|faint|p1a: Gholdengo
|-damage|p2a: Tinkaton|31/100|[from] item: Life Orb
|
|upkeep
|
|t:|1760436473
|switch|p1a: Glimmora|Glimmora, F|100/100
|turn|9
|
|t:|1760436492
|move|p2a: Tinkaton|Swords Dance|p2a: Tinkaton
|-boost|p2a: Tinkaton|atk|2
|move|p1a: Glimmora|Stealth Rock|p2a: Tinkaton
|-sidestart|p2: esnifacojones|move: Stealth Rock
|
|upkeep
|turn|10
|
|t:|1760436508
|move|p2a: Tinkaton|Gigaton Hammer|p1a: Glimmora
|-supereffective|p1a: Glimmora
|-enditem|p1a: Glimmora|Focus Sash
|-damage|p1a: Glimmora|1/100
|-activate|p1a: Glimmora|ability: Toxic Debris
|-sidestart|p2: esnifacojones|move: Toxic Spikes
|-damage|p2a: Tinkaton|21/100|[from] item: Life Orb
|move|p1a: Glimmora|Earth Power|p2a: Tinkaton
|-supereffective|p2a: Tinkaton
|-damage|p2a: Tinkaton|0 fnt
|faint|p2a: Tinkaton
|
|upkeep
|
|t:|1760436523
|switch|p2a: Great Tusk|Great Tusk, shiny|27/100
|-damage|p2a: Great Tusk|24/100|[from] Stealth Rock
|-status|p2a: Great Tusk|psn
|turn|11
|
|t:|1760436535
|move|p2a: Great Tusk|Rapid Spin|p1a: Glimmora
|-resisted|p1a: Glimmora
|-damage|p1a: Glimmora|0 fnt
|-boost|p2a: Great Tusk|spe|1
|-activate|p1a: Glimmora|ability: Toxic Debris
|-sidestart|p2: esnifacojones|move: Toxic Spikes
|-sideend|p2: esnifacojones|Toxic Spikes|[from] move: Rapid Spin|[of] p2a: Great Tusk
|-sideend|p2: esnifacojones|Stealth Rock|[from] move: Rapid Spin|[of] p2a: Great Tusk
|faint|p1a: Glimmora
|
|-damage|p2a: Great Tusk|12/100 psn|[from] psn
|upkeep
|
|t:|1760436556
|switch|p1a: Rillaboom|Rillaboom, F|28/100
|-fieldstart|move: Grassy Terrain|[from] ability: Grassy Surge|[of] p1a: Rillaboom
|turn|12
|
|t:|1760436561
|move|p2a: Great Tusk|Ice Spinner|p1a: Rillaboom
|-supereffective|p1a: Rillaboom
|-damage|p1a: Rillaboom|0 fnt
|-fieldend|move: Grassy Terrain
|faint|p1a: Rillaboom
|
|-damage|p2a: Great Tusk|0 fnt|[from] psn
|faint|p2a: Great Tusk
|-end|p2a: Great Tusk|Protosynthesis|[silent]
|upkeep
|
|t:|1760436573
|switch|p2a: Heatran|Heatran, M, shiny|83/100
|switch|p1a: Comfey|Comfey, F|100/100
|turn|13
|
|t:|1760436585
|move|p2a: Heatran|Magma Storm|p1a: Comfey|[miss]
|-miss|p2a: Heatran|p1a: Comfey
|move|p1a: Comfey|Calm Mind|p1a: Comfey
|-boost|p1a: Comfey|spa|1
|-boost|p1a: Comfey|spd|1
|
|-heal|p2a: Heatran|90/100|[from] item: Leftovers
|upkeep
|turn|14
|
|t:|1760436603
|move|p2a: Heatran|Magma Storm|p1a: Comfey
|-damage|p1a: Comfey|71/100
|-activate|p1a: Comfey|move: Magma Storm|[of] p2a: Heatran
|move|p1a: Comfey|Tera Blast|p2a: Heatran
|-resisted|p2a: Heatran
|-damage|p2a: Heatran|79/100
|
|-heal|p2a: Heatran|85/100|[from] item: Leftovers
|-damage|p1a: Comfey|58/100|[from] move: Magma Storm|[partiallytrapped]
|upkeep
|turn|15
|
|t:|1760436625
|move|p1a: Comfey|Draining Kiss|p2a: Heatran
|-resisted|p2a: Heatran
|-damage|p2a: Heatran|80/100
|-heal|p1a: Comfey|63/100|[from] drain|[of] p2a: Heatran
|move|p2a: Heatran|Taunt|p1a: Comfey
|-start|p1a: Comfey|move: Taunt
|
|-heal|p2a: Heatran|86/100|[from] item: Leftovers
|-damage|p1a: Comfey|51/100|[from] move: Magma Storm|[partiallytrapped]
|upkeep
|turn|16
|
|t:|1760436637
|move|p1a: Comfey|Draining Kiss|p2a: Heatran
|-resisted|p2a: Heatran
|-damage|p2a: Heatran|81/100
|-heal|p1a: Comfey|56/100|[from] drain|[of] p2a: Heatran
|move|p2a: Heatran|Magma Storm|p1a: Comfey
|-damage|p1a: Comfey|27/100
|
|-heal|p2a: Heatran|87/100|[from] item: Leftovers
|-damage|p1a: Comfey|15/100|[from] move: Magma Storm|[partiallytrapped]
|upkeep
|turn|17
|
|t:|1760436650
|move|p1a: Comfey|Draining Kiss|p2a: Heatran
|-resisted|p2a: Heatran
|-damage|p2a: Heatran|82/100
|-heal|p1a: Comfey|20/100|[from] drain|[of] p2a: Heatran
|move|p2a: Heatran|Magma Storm|p1a: Comfey|[miss]
|-miss|p2a: Heatran|p1a: Comfey
|
|-heal|p2a: Heatran|88/100|[from] item: Leftovers
|-damage|p1a: Comfey|8/100|[from] move: Magma Storm|[partiallytrapped]
|upkeep
|turn|18
|
|t:|1760436702
|move|p1a: Comfey|Draining Kiss|p2a: Heatran
|-resisted|p2a: Heatran
|-damage|p2a: Heatran|82/100
|-heal|p1a: Comfey|13/100|[from] drain|[of] p2a: Heatran
|move|p2a: Heatran|Substitute|p2a: Heatran
|-start|p2a: Heatran|Substitute
|-damage|p2a: Heatran|57/100
|
|-heal|p2a: Heatran|64/100|[from] item: Leftovers
|-end|p1a: Comfey|Magma Storm|[partiallytrapped]
|-end|p1a: Comfey|move: Taunt
|upkeep
|turn|19
|
|t:|1760436718
|move|p2a: Heatran|Magma Storm|p1a: Comfey|[miss]
|-miss|p2a: Heatran|p1a: Comfey
|move|p1a: Comfey|Tera Blast|p2a: Heatran
|-resisted|p2a: Heatran
|-activate|p2a: Heatran|move: Substitute|[damage]
|
|-heal|p2a: Heatran|70/100|[from] item: Leftovers
|upkeep
|turn|20
|
|t:|1760436736
|move|p2a: Heatran|Earth Power|p1a: Comfey
|-crit|p1a: Comfey
|-damage|p1a: Comfey|0 fnt
|faint|p1a: Comfey
|
|-heal|p2a: Heatran|76/100|[from] item: Leftovers
|upkeep
|
|t:|1760436750
|switch|p1a: Dragapult|Dragapult, F|100/100
|turn|21
|
|t:|1760436775
|move|p1a: Dragapult|Hex|p2a: Heatran
|-damage|p2a: Heatran|54/100
|move|p2a: Heatran|Earth Power|p1a: Dragapult
|-damage|p1a: Dragapult|63/100
|-unboost|p1a: Dragapult|spd|1
|
|-heal|p2a: Heatran|61/100|[from] item: Leftovers
|upkeep
|turn|22
|
|t:|1760436785
|move|p1a: Dragapult|Hex|p2a: Heatran
|-damage|p2a: Heatran|35/100
|move|p2a: Heatran|Earth Power|p1a: Dragapult
|-damage|p1a: Dragapult|8/100
|-unboost|p1a: Dragapult|spd|1
|
|-heal|p2a: Heatran|42/100|[from] item: Leftovers
|upkeep
|turn|23
|
|t:|1760436795
|move|p1a: Dragapult|Hex|p2a: Heatran
|-damage|p2a: Heatran|17/100
|move|p2a: Heatran|Earth Power|p1a: Dragapult
|-damage|p1a: Dragapult|0 fnt
|faint|p1a: Dragapult
|
|win|esnifacojones
|l|☆im4n
|player|p1|
