|j|☆kenjakuken
|j|☆doom eternally
|t:|1760434877
|gametype|singles
|player|p1|kenjakuken|li|1079
|player|p2|doom eternally|ghetsis|1145
|gen|9
|tier|[Gen 9] OU
|rated|
|rule|HP Percentage Mod: HP is shown in percentages
|rule|Endless Battle Clause: Forcing endless battles is banned
|rule|Species Clause: Limit one of each Pokémon
|rule|OHKO Clause: OHKO moves are banned
|rule|Evasion Items Clause: Evasion items are banned
|rule|Evasion Moves Clause: Evasion moves are banned
|rule|Evasion Abilities Clause: Evasion abilities are banned
|rule|Sleep Moves Clause: Sleep-inducing moves are banned
|clearpoke
|poke|p1|Mimikyu, M|
|poke|p1|Cramorant, M|
|poke|p1|Oricorio-Sensu, M|
|poke|p1|Froslass, F|
|poke|p1|Mismagius, M|
|poke|p1|Kingambit, M|
|poke|p2|Torkoal, M|
|poke|p2|Maushold-Four|
|poke|p2|Serperior, M|
|poke|p2|Gliscor, M|
|poke|p2|Pecharunt|
|poke|p2|Regigigas|
|teampreview
|
|t:|1760434882
|teamsize|p1|6
|teamsize|p2|6
|start
|switch|p1a: Mist|Mismagius, M, shiny|100/100
|switch|p2a: Torkoal|Torkoal, M|100/100
|-weather|SunnyDay|[from] ability: Drought|[of] p2a: Torkoal
|turn|1
|
|t:|1760434899
|-terastallize|p1a: Mist|Electric
|move|p1a: Mist|Psychic Noise|p2a: Torkoal
|-damage|p2a: Torkoal|81/100
|-start|p2a: Torkoal|move: Heal Block
|move|p2a: Torkoal|Shell Smash|p2a: Torkoal
|-unboost|p2a: Torkoal|def|1
|-unboost|p2a: Torkoal|spd|1
|-boost|p2a: Torkoal|atk|2
|-boost|p2a: Torkoal|spa|2
|-boost|p2a: Torkoal|spe|2
|-enditem|p2a: Torkoal|Eject Pack
|
|t:|1760434910
|switch|p2a: Maushold|Maushold-Four|100/100
|
|-weather|SunnyDay|[upkeep]
|upkeep
|turn|2
|
|t:|1760434919
|move|p2a: Maushold|Copycat|p2a: Maushold
|move|p2a: Maushold|Shell Smash|p2a: Maushold|[from] move: Copycat
|-unboost|p2a: Maushold|def|1
|-unboost|p2a: Maushold|spd|1
|-boost|p2a: Maushold|atk|2
|-boost|p2a: Maushold|spa|2
|-boost|p2a: Maushold|spe|2
|move|p1a: Mist|Psychic Noise|p2a: Maushold
|-damage|p2a: Maushold|51/100
|-start|p2a: Maushold|move: Heal Block
|
|-weather|SunnyDay|[upkeep]
|upkeep
|turn|3
|-activate|p1a: Mist|item: Quick Claw
|
|t:|1760434933
|move|p1a: Mist|Shadow Sneak|p2a: Maushold
|-immune|p2a: Maushold
|move|p2a: Maushold|Population Bomb|p1a: Mist
|-damage|p1a: Mist|54/100
|-damage|p1a: Mist|4/100
|-damage|p1a: Mist|0 fnt
|faint|p1a: Mist
|-hitcount|p1: Mist|3
|
|-weather|SunnyDay|[upkeep]
|-end|p2a: Maushold|move: Heal Block
|upkeep
|
|t:|1760434952
|switch|p1a: What are you?|Cramorant, M|100/100
|turn|4
|inactive|Battle timer is ON: inactive players will automatically lose when time's up. (requested by doom eternally)
|
|t:|1760434955
|move|p2a: Maushold|Population Bomb|p1a: What are you?
|-crit|p1a: What are you?
|-damage|p1a: What are you?|41/100
|-damage|p2a: Maushold|34/100|[from] item: Rocky Helmet|[of] p1a: What are you?
|-damage|p1a: What are you?|3/100
|-damage|p2a: Maushold|18/100|[from] item: Rocky Helmet|[of] p1a: What are you?
|-damage|p1a: What are you?|0 fnt
|-damage|p2a: Maushold|1/100|[from] item: Rocky Helmet|[of] p1a: What are you?
|faint|p1a: What are you?
|-hitcount|p1: What are you?|3
|
|-weather|SunnyDay|[upkeep]
|upkeep
|
|t:|1760434969
|switch|p1a: Mimi|Mimikyu, M|100/100
|turn|5
|
|t:|1760434973
|move|p1a: Mimi|Shadow Sneak|p2a: Maushold
|-immune|p2a: Maushold
|move|p2a: Maushold|Beat Up|p1a: Mimi
|-activate|p1a: Mimi|ability: Disguise
|-damage|p1a: Mimi|100/100
|detailschange|p1a: Mimi|Mimikyu-Busted, M
|-damage|p1a: Mimi|88/100|[from] pokemon: Mimikyu-Busted
|-damage|p1a: Mimi|74/100
|-damage|p1a: Mimi|60/100
|-damage|p1a: Mimi|43/100
|-damage|p1a: Mimi|27/100
|-damage|p1a: Mimi|1/100
|-hitcount|p1a: Mimi|6
|
|-weather|none
|upkeep
|turn|6
|
|t:|1760434989
|move|p2a: Maushold|Beat Up|p1a: Mimi
|-damage|p1a: Mimi|0 fnt
|faint|p1a: Mimi
|-hitcount|p1: Mimi|1
|
|upkeep
|
|t:|1760434994
|switch|p1a: Frosty|Froslass, F, shiny|100/100
|turn|7
|
|t:|1760434999
|move|p2a: Maushold|Beat Up|p1a: Frosty
|-supereffective|p1a: Frosty
|-damage|p1a: Frosty|70/100
|-supereffective|p1a: Frosty
|-damage|p1a: Frosty|36/100
|-supereffective|p1a: Frosty
|-damage|p1a: Frosty|5/100
|-supereffective|p1a: Frosty
|-damage|p1a: Frosty|0 fnt
|faint|p1a: Frosty
|-hitcount|p1: Frosty|4
|
|upkeep
|
|t:|1760435008
|switch|p1a: Coco|Oricorio-Sensu, M|100/100
|turn|8
|
|t:|1760435012
|move|p2a: Maushold|Beat Up|p1a: Coco
|-supereffective|p1a: Coco
|-damage|p1a: Coco|86/100
|-supereffective|p1a: Coco
|-damage|p1a: Coco|71/100
|-supereffective|p1a: Coco
|-damage|p1a: Coco|55/100
|-supereffective|p1a: Coco
|-damage|p1a: Coco|37/100
|-supereffective|p1a: Coco
|-damage|p1a: Coco|22/100
|-supereffective|p1a: Coco
|-damage|p1a: Coco|0 fnt
|faint|p1a: Coco
|-hitcount|p1: Coco|6
|
|upkeep
|
|t:|1760435025
|switch|p1a: Sukuna|Kingambit, M|100/100
|-activate|p1a: Sukuna|ability: Supreme Overlord
|-start|p1a: Sukuna|fallen5|[silent]
|turn|9
|
|t:|1760435037
|move|p1a: Sukuna|Sucker Punch||[still]
|-fail|p1a: Sukuna
|move|p2a: Maushold|Copycat|p2a: Maushold
|move|p2a: Maushold|Sucker Punch||[from] move: Copycat|[still]
|-fail|p2a: Maushold
|
|upkeep
|turn|10
|
|t:|1760435046
|move|p1a: Sukuna|Sucker Punch|p2a: Maushold
|-damage|p2a: Maushold|0 fnt
|faint|p2a: Maushold
|
|upkeep
|
|t:|1760435055
|switch|p2a: Torkoal|Torkoal, M|81/100
|-weather|SunnyDay|[from] ability: Drought|[of] p2a: Torkoal
|turn|11
|
|t:|1760435060
|move|p1a: Sukuna|Kowtow Cleave|p2a: Torkoal
|-damage|p2a: Torkoal|15/100
|move|p2a: Torkoal|Will-O-Wisp|p1a: Sukuna
|-status|p1a: Sukuna|brn
|
|-weather|SunnyDay|[upkeep]
|-damage|p1a: Sukuna|94/100 brn|[from] brn
|upkeep
|turn|12
|
|t:|1760435071
|move|p1a: Sukuna|Sucker Punch|p2a: Torkoal
|-damage|p2a: Torkoal|0 fnt
|faint|p2a: Torkoal
|
|-weather|SunnyDay|[upkeep]
|-damage|p1a: Sukuna|88/100 brn|[from] brn
|upkeep
|
|t:|1760435077
|switch|p2a: Gliscor|Gliscor, M|100/100
|turn|13
|
|t:|1760435082
|move|p2a: Gliscor|Earthquake|p1a: Sukuna
|-supereffective|p1a: Sukuna
|-damage|p1a: Sukuna|29/100 brn
|move|p1a: Sukuna|Kowtow Cleave|p2a: Gliscor
|-damage|p2a: Gliscor|60/100
|
|-weather|SunnyDay|[upkeep]
|-damage|p1a: Sukuna|23/100 brn|[from] brn
|-status|p2a: Gliscor|tox|[from] item: Toxic Orb
|upkeep
|turn|14
|
|t:|1760435097
|move|p1a: Sukuna|Sucker Punch|p2a: Gliscor
|-damage|p2a: Gliscor|26/100 tox
|move|p2a: Gliscor|Earthquake|p1a: Sukuna
|-supereffective|p1a: Sukuna
|-damage|p1a: Sukuna|0 fnt
|faint|p1a: Sukuna
|-end|p1a: Sukuna|fallen5|[silent]
|
|win|doom eternally
|raw|kenjakuken's rating: 1079 &rarr; <strong>1061</strong><br />(-18 for losing)
|raw|doom eternally's rating: 1145 &rarr; <strong>1165</strong><br />(+20 for winning)
|l|☆doom eternally
|player|p2|
|l|☆kenjakuken
|player|p1|
