|j|☆OUMonster2341
|j|☆Tako Chang
|t:|1760362428
|gametype|singles
|player|p1|OUMonster2341|2|1295
|player|p2|Tako Chang|acetrainer-gen4|1351
|gen|9
|tier|[Gen 9] OU
|rated|
|rule|HP Percentage Mod: HP is shown in percentages
|rule|Endless Battle Clause: Forcing endless battles is banned
|rule|Species Clause: Limit one of each Pokémon
|rule|OHKO Clause: OHKO moves are banned
|rule|Evasion Items Clause: Evasion items are banned
|rule|Evasion Moves Clause: Evasion moves are banned
|rule|Evasion Abilities Clause: Evasion abilities are banned
|rule|Sleep Moves Clause: Sleep-inducing moves are banned
|clearpoke
|poke|p1|Raichu-Alola, M|
|poke|p1|Pincurchin, F|
|poke|p1|Weavile, F|
|poke|p1|Hawlucha, M|
|poke|p1|Raging Bolt|
|poke|p1|Great Tusk|
|poke|p2|Dragonite, M|
|poke|p2|Iron Valiant|
|poke|p2|Ninetales-Alola, F|
|poke|p2|Gholdengo|
|poke|p2|Greninja-*, M|
|poke|p2|Serperior, F|
|teampreview
|inactive|Battle timer is ON: inactive players will automatically lose when time's up. (requested by OUMonster2341)
|inactive|Tako Chang also wants the timer to be on.
|
|t:|1760362434
|teamsize|p1|6
|teamsize|p2|6
|start
|switch|p1a: Great Tusk|Great Tusk|100/100
|switch|p2a: Ninetales|Ninetales-Alola, F|100/100
|-weather|Snowscape|[from] ability: Snow Warning|[of] p2a: Ninetales
|-enditem|p1a: Great Tusk|Booster Energy
|-activate|p1a: Great Tusk|ability: Protosynthesis|[fromitem]
|-start|p1a: Great Tusk|protosynthesisspe
|turn|1
|
|t:|1760362452
|move|p1a: Great Tusk|Bulk Up|p1a: Great Tusk
|-boost|p1a: Great Tusk|atk|1
|-boost|p1a: Great Tusk|def|1
|move|p2a: Ninetales|Aurora Veil|p2a: Ninetales
|-sidestart|p2: Tako Chang|move: Aurora Veil
|
|-weather|Snowscape|[upkeep]
|upkeep
|turn|2
|
|t:|1760362459
|move|p1a: Great Tusk|Headlong Rush|p2a: Ninetales
|-damage|p2a: Ninetales|69/100
|-unboost|p1a: Great Tusk|def|1
|-unboost|p1a: Great Tusk|spd|1
|move|p2a: Ninetales|Moonblast|p1a: Great Tusk
|-supereffective|p1a: Great Tusk
|-damage|p1a: Great Tusk|0 fnt
|faint|p1a: Great Tusk
|-end|p1a: Great Tusk|Protosynthesis|[silent]
|
|-weather|Snowscape|[upkeep]
|upkeep
|
|t:|1760362470
|switch|p1a: Pincurchin|Pincurchin, F|100/100
|-fieldstart|move: Electric Terrain|[from] ability: Electric Surge|[of] p1a: Pincurchin
|turn|3
|
|t:|1760362487
|move|p2a: Ninetales|Blizzard|p1a: Pincurchin
|-damage|p1a: Pincurchin|58/100
|move|p1a: Pincurchin|Toxic Spikes|p2a: Ninetales
|-sidestart|p2: Tako Chang|move: Toxic Spikes
|
|-weather|Snowscape|[upkeep]
|upkeep
|turn|4
|
|t:|1760362496
|move|p2a: Ninetales|Extrasensory|p1a: Pincurchin
|-damage|p1a: Pincurchin|39/100
|move|p1a: Pincurchin|Pain Split|p2a: Ninetales
|-sethp|p2a: Ninetales|51/100|[from] move: Pain Split|[silent]
|-sethp|p1a: Pincurchin|60/100|[from] move: Pain Split
|
|-weather|Snowscape|[upkeep]
|upkeep
|turn|5
|
|t:|1760362504
|move|p2a: Ninetales|Blizzard|p1a: Pincurchin
|-damage|p1a: Pincurchin|18/100
|move|p1a: Pincurchin|Toxic Spikes|p2a: Ninetales
|-sidestart|p2: Tako Chang|move: Toxic Spikes
|
|-weather|none
|upkeep
|turn|6
|
|t:|1760362514
|move|p2a: Ninetales|Moonblast|p1a: Pincurchin
|-damage|p1a: Pincurchin|0 fnt
|faint|p1a: Pincurchin
|
|upkeep
|
|t:|1760362523
|switch|p1a: Raging Bolt|Raging Bolt|100/100
|-enditem|p1a: Raging Bolt|Booster Energy
|-activate|p1a: Raging Bolt|ability: Protosynthesis|[fromitem]
|-start|p1a: Raging Bolt|protosynthesisspa
|turn|7
|inactive|Tako Chang has 120 seconds left.
|
|t:|1760362561
|switch|p2a: Serperior|Serperior, F, shiny|100/100
|-status|p2a: Serperior|tox
|move|p1a: Raging Bolt|Thunderbolt|p2a: Serperior
|-resisted|p2a: Serperior
|-damage|p2a: Serperior|71/100 tox
|
|-heal|p2a: Serperior|77/100 tox|[from] item: Leftovers
|-damage|p2a: Serperior|71/100 tox|[from] psn
|upkeep
|turn|8
|inactive|Tako Chang has 120 seconds left.
|
|t:|1760362585
|move|p2a: Serperior|Leaf Storm|p1a: Raging Bolt
|-resisted|p1a: Raging Bolt
|-damage|p1a: Raging Bolt|77/100
|-boost|p2a: Serperior|spa|2
|move|p1a: Raging Bolt|Dragon Pulse|p2a: Serperior
|-damage|p2a: Serperior|30/100 tox
|
|-heal|p2a: Serperior|37/100 tox|[from] item: Leftovers
|-damage|p2a: Serperior|24/100 tox|[from] psn
|-sideend|p2: Tako Chang|move: Aurora Veil
|upkeep
|turn|9
|inactive|Tako Chang has 90 seconds left.
|
|t:|1760362610
|move|p1a: Raging Bolt|Thunderclap|p2a: Serperior
|-resisted|p2a: Serperior
|-damage|p2a: Serperior|0 fnt
|faint|p2a: Serperior
|
|upkeep
|inactive|Tako Chang has 90 seconds left.
|
|t:|1760362622
|switch|p2a: Ninetales|Ninetales-Alola, F|51/100
|-status|p2a: Ninetales|tox
|-weather|Snowscape|[from] ability: Snow Warning|[of] p2a: Ninetales
|turn|10
|inactive|Tako Chang has 90 seconds left.
|
|t:|1760362632
|move|p2a: Ninetales|Aurora Veil|p2a: Ninetales
|-sidestart|p2: Tako Chang|move: Aurora Veil
|move|p1a: Raging Bolt|Thunderbolt|p2a: Ninetales
|-damage|p2a: Ninetales|6/100 tox
|
|-weather|Snowscape|[upkeep]
|-damage|p2a: Ninetales|0 fnt|[from] psn
|faint|p2a: Ninetales
|-fieldend|move: Electric Terrain
|upkeep
|inactive|Tako Chang has 60 seconds left.
|
|t:|1760362673
|switch|p2a: Gholdengo|Gholdengo|100/100
|-item|p2a: Gholdengo|Air Balloon
|turn|11
|
|t:|1760362687
|move|p2a: Gholdengo|Nasty Plot|p2a: Gholdengo
|-boost|p2a: Gholdengo|spa|2
|move|p1a: Raging Bolt|Thunderbolt|p2a: Gholdengo
|-damage|p2a: Gholdengo|60/100
|-enditem|p2a: Gholdengo|Air Balloon
|
|-weather|Snowscape|[upkeep]
|upkeep
|turn|12
|
|t:|1760362696
|move|p2a: Gholdengo|Make It Rain|p1a: Raging Bolt
|-resisted|p1a: Raging Bolt
|-damage|p1a: Raging Bolt|19/100
|-unboost|p2a: Gholdengo|spa|1
|move|p1a: Raging Bolt|Thunderbolt|p2a: Gholdengo
|-damage|p2a: Gholdengo|23/100
|
|-weather|Snowscape|[upkeep]
|upkeep
|turn|13
|inactive|Tako Chang has 60 seconds left.
|
|t:|1760362706
|move|p1a: Raging Bolt|Thunderclap|p2a: Gholdengo
|-damage|p2a: Gholdengo|0 fnt
|faint|p2a: Gholdengo
|
|-weather|Snowscape|[upkeep]
|upkeep
|
|t:|1760362713
|switch|p2a: Dragonite|Dragonite, M|100/100
|turn|14
|
|t:|1760362717
|move|p2a: Dragonite|Extreme Speed|p1a: Raging Bolt
|-damage|p1a: Raging Bolt|0 fnt
|faint|p1a: Raging Bolt
|-end|p1a: Raging Bolt|Protosynthesis|[silent]
|
|-weather|none
|upkeep
|
|t:|1760362724
|switch|p1a: Raichu|Raichu-Alola, M, shiny|100/100
|turn|15
|
|t:|1760362734
|move|p1a: Raichu|Alluring Voice|p2a: Dragonite
|-supereffective|p2a: Dragonite
|-damage|p2a: Dragonite|83/100
|move|p2a: Dragonite|Earthquake|p1a: Raichu
|-supereffective|p1a: Raichu
|-damage|p1a: Raichu|0 fnt
|faint|p1a: Raichu
|
|upkeep
|
|t:|1760362737
|switch|p1a: Weavile|Weavile, F, shiny|100/100
|-ability|p1a: Weavile|Pressure
|turn|16
|
|t:|1760362750
|move|p2a: Dragonite|Extreme Speed|p1a: Weavile
|-damage|p1a: Weavile|47/100
|move|p1a: Weavile|Triple Axel|p2a: Dragonite
|-supereffective|p2a: Dragonite
|-damage|p2a: Dragonite|52/100
|-supereffective|p2a: Dragonite
|-damage|p2a: Dragonite|0 fnt
|faint|p2a: Dragonite
|-hitcount|p2: Dragonite|2
|
|upkeep
|
|t:|1760362763
|switch|p2a: Greninja|Greninja, M|100/100
|-status|p2a: Greninja|tox
|turn|17
|
|t:|1760362771
|move|p1a: Weavile|Triple Axel|p2a: Greninja
|-resisted|p2a: Greninja
|-damage|p2a: Greninja|93/100 tox
|-resisted|p2a: Greninja
|-damage|p2a: Greninja|80/100 tox
|-resisted|p2a: Greninja
|-damage|p2a: Greninja|59/100 tox
|-hitcount|p2a: Greninja|3
|move|p2a: Greninja|Surf|p1a: Weavile
|-damage|p1a: Weavile|0 fnt
|faint|p1a: Weavile
|-ability|p2a: Greninja|Battle Bond|boost
|-boost|p2a: Greninja|atk|1
|-boost|p2a: Greninja|spa|1
|-boost|p2a: Greninja|spe|1
|-activate|p2a: Greninja|ability: Battle Bond
|
|-damage|p2a: Greninja|53/100 tox|[from] psn
|-sideend|p2: Tako Chang|move: Aurora Veil
|upkeep
|
|t:|1760362776
|switch|p1a: Hawlucha|Hawlucha, M|100/100
|turn|18
|inactive|Tako Chang has 60 seconds left.
|
|t:|1760362819
|-terastallize|p1a: Hawlucha|Ghost
|move|p2a: Greninja|Surf|p1a: Hawlucha
|-damage|p1a: Hawlucha|0 fnt
|faint|p1a: Hawlucha
|
|win|Tako Chang
|raw|OUMonster2341's rating: 1295 &rarr; <strong>1274</strong><br />(-21 for losing)
|raw|Tako Chang's rating: 1351 &rarr; <strong>1368</strong><br />(+17 for winning)
|l|☆OUMonster2341
|player|p1|
|l|☆Tako Chang
|player|p2|
