|j|☆ddnsyde
|j|☆ikamazu
|t:|1760329840
|gametype|singles
|player|p1|ddnsyde|rocketgrunt|1203
|player|p2|ikamazu|scientistf|1189
|gen|9
|tier|[Gen 9] OU
|rated|
|rule|HP Percentage Mod: HP is shown in percentages
|rule|Endless Battle Clause: Forcing endless battles is banned
|rule|Species Clause: Limit one of each Pokémon
|rule|OHKO Clause: OHKO moves are banned
|rule|Evasion Items Clause: Evasion items are banned
|rule|Evasion Moves Clause: Evasion moves are banned
|rule|Evasion Abilities Clause: Evasion abilities are banned
|rule|Sleep Moves Clause: Sleep-inducing moves are banned
|clearpoke
|poke|p1|Indeedee, M|
|poke|p1|Forretress, M|
|poke|p1|Polteageist|
|poke|p1|Metagross|
|poke|p1|Porygon-Z|
|poke|p1|Dragapult, F|
|poke|p2|Clodsire, M|
|poke|p2|Pecharunt|
|poke|p2|Talonflame, F|
|poke|p2|Weezing-Galar, M|
|poke|p2|Gliscor, M|
|poke|p2|Blissey, F|
|teampreview
|inactive|Battle timer is ON: inactive players will automatically lose when time's up. (requested by ikamazu)
|
|t:|1760329852
|teamsize|p1|6
|teamsize|p2|6
|start
|switch|p1a: Porygon-Z|Porygon-Z|100/100
|switch|p2a: Weezing|Weezing-Galar, M|100/100
|-ability|p2a: Weezing|Neutralizing Gas
|turn|1
|
|t:|1760329859
|move|p1a: Porygon-Z|Hyper Beam|p2a: Weezing
|-damage|p2a: Weezing|0 fnt
|-mustrecharge|p1a: Porygon-Z
|faint|p2a: Weezing
|-end|p2a: Weezing|ability: Neutralizing Gas
|
|upkeep
|
|t:|1760329875
|switch|p2a: Pecharunt|Pecharunt|100/100
|turn|2
|
|t:|1760329878
|cant|p1a: Porygon-Z|recharge
|move|p2a: Pecharunt|Malignant Chain|p1a: Porygon-Z
|-damage|p1a: Porygon-Z|60/100
|-status|p1a: Porygon-Z|tox
|-start|p1a: Porygon-Z|confusion|[from] ability: Poison Puppeteer|[of] p2a: Pecharunt
|
|-damage|p1a: Porygon-Z|54/100 tox|[from] psn
|upkeep
|turn|3
|
|t:|1760329895
|switch|p1a: Metagross|Metagross|100/100
|move|p2a: Pecharunt|Parting Shot|p1a: Metagross
|-fail|p1a: Metagross|unboost|[from] ability: Clear Body|[of] p1a: Metagross
|
|upkeep
|turn|4
|
|t:|1760329901
|switch|p2a: Talonflame|Talonflame, F|100/100
|move|p1a: Metagross|Earthquake|p2a: Talonflame
|-immune|p2a: Talonflame
|
|upkeep
|turn|5
|
|t:|1760329907
|-terastallize|p1a: Metagross|Normal
|move|p2a: Talonflame|Flamethrower|p1a: Metagross
|-damage|p1a: Metagross|75/100
|move|p1a: Metagross|Stealth Rock|p2a: Talonflame
|-sidestart|p2: ikamazu|move: Stealth Rock
|
|upkeep
|turn|6
|
|t:|1760329916
|move|p2a: Talonflame|Will-O-Wisp|p1a: Metagross
|-status|p1a: Metagross|brn
|move|p1a: Metagross|Explosion|p2a: Talonflame
|-enditem|p1a: Metagross|Normal Gem|[from] gem
|-damage|p2a: Talonflame|15/100
|faint|p1a: Metagross
|
|upkeep
|
|t:|1760329924
|switch|p1a: Indeedee|Indeedee, M|100/100
|-fieldstart|move: Psychic Terrain|[from] ability: Psychic Surge|[of] p1a: Indeedee
|turn|7
|
|t:|1760329930
|move|p2a: Talonflame|Roost|p2a: Talonflame
|-heal|p2a: Talonflame|65/100
|-singleturn|p2a: Talonflame|move: Roost
|move|p1a: Indeedee|Expanding Force|p2a: Talonflame
|-damage|p2a: Talonflame|0 fnt
|faint|p2a: Talonflame
|
|upkeep
|
|t:|1760329950
|switch|p2a: Blissey|Blissey, F|100/100
|-damage|p2a: Blissey|88/100|[from] Stealth Rock
|turn|8
|
|t:|1760329957
|-terastallize|p2a: Blissey|Dark
|move|p1a: Indeedee|Healing Wish|p1a: Indeedee
|faint|p1a: Indeedee
|move|p2a: Blissey|Calm Mind|p2a: Blissey
|-boost|p2a: Blissey|spa|1
|-boost|p2a: Blissey|spd|1
|
|-heal|p2a: Blissey|94/100|[from] item: Leftovers
|upkeep
|
|t:|1760329964
|switch|p1a: Dragapult|Dragapult, F|100/100
|turn|9
|
|t:|1760329971
|move|p1a: Dragapult|Dragon Darts|p2a: Blissey
|-damage|p2a: Blissey|65/100
|-anim|p1a: Dragapult|Dragon Darts|p2a: Blissey
|-damage|p2a: Blissey|37/100
|move|p2a: Blissey|Stealth Rock|p1a: Dragapult
|-sidestart|p1: ddnsyde|move: Stealth Rock
|
|-heal|p2a: Blissey|43/100|[from] item: Leftovers
|upkeep
|turn|10
|
|t:|1760329999
|switch|p2a: Clodsire|Clodsire, M|100/100
|-damage|p2a: Clodsire|94/100|[from] Stealth Rock
|move|p1a: Dragapult|Dragon Dance|p1a: Dragapult
|-boost|p1a: Dragapult|atk|1
|-boost|p1a: Dragapult|spe|1
|
|-heal|p2a: Clodsire|100/100|[from] item: Leftovers
|upkeep
|turn|11
|
|t:|1760330021
|switch|p1a: Forretress|Forretress, M|100/100
|move|p2a: Clodsire|Bulldoze|p1a: Forretress
|-damage|p1a: Forretress|88/100
|-unboost|p1a: Forretress|spe|1
|
|upkeep
|turn|12
|
|t:|1760330026
|move|p1a: Forretress|Rapid Spin|p2a: Clodsire
|-damage|p2a: Clodsire|86/100
|-boost|p1a: Forretress|spe|1
|-sideend|p1: ddnsyde|Stealth Rock|[from] move: Rapid Spin|[of] p1a: Forretress
|move|p2a: Clodsire|Curse|p2a: Clodsire
|-unboost|p2a: Clodsire|spe|1
|-boost|p2a: Clodsire|atk|1
|-boost|p2a: Clodsire|def|1
|
|-heal|p2a: Clodsire|92/100|[from] item: Leftovers
|upkeep
|turn|13
|
|t:|1760330033
|move|p1a: Forretress|Explosion|p2a: Clodsire
|-damage|p2a: Clodsire|47/100
|faint|p1a: Forretress
|move|p2a: Clodsire|Curse|p2a: Clodsire
|-unboost|p2a: Clodsire|spe|1
|-boost|p2a: Clodsire|atk|1
|-boost|p2a: Clodsire|def|1
|
|-heal|p2a: Clodsire|53/100|[from] item: Leftovers
|upkeep
|
|t:|1760330038
|switch|p1a: Polteageist|Polteageist|100/100
|turn|14
|
|t:|1760330040
|move|p1a: Polteageist|Shell Smash|p1a: Polteageist
|-unboost|p1a: Polteageist|def|1
|-unboost|p1a: Polteageist|spd|1
|-boost|p1a: Polteageist|atk|2
|-boost|p1a: Polteageist|spa|2
|-boost|p1a: Polteageist|spe|2
|move|p2a: Clodsire|Recover|p2a: Clodsire
|-heal|p2a: Clodsire|100/100
|
|-fieldend|move: Psychic Terrain
|upkeep
|turn|15
|
|t:|1760330045
|move|p1a: Polteageist|Stored Power|p2a: Clodsire
|-supereffective|p2a: Clodsire
|-damage|p2a: Clodsire|36/100
|move|p2a: Clodsire|Bulldoze|p1a: Polteageist
|-damage|p1a: Polteageist|44/100
|-unboost|p1a: Polteageist|spe|1
|-ability|p1a: Polteageist|Weak Armor|boost
|-unboost|p1a: Polteageist|def|1
|-boost|p1a: Polteageist|spe|2
|
|-heal|p2a: Clodsire|42/100|[from] item: Leftovers
|upkeep
|turn|16
|
|t:|1760330055
|switch|p2a: Blissey|Blissey, F, tera:Dark|43/100
|-damage|p2a: Blissey|31/100|[from] Stealth Rock
|move|p1a: Polteageist|Stored Power|p2a: Blissey
|-immune|p2a: Blissey
|
|-heal|p2a: Blissey|37/100|[from] item: Leftovers
|upkeep
|turn|17
|
|t:|1760330062
|move|p1a: Polteageist|Tera Blast|p2a: Blissey
|-damage|p2a: Blissey|16/100
|move|p2a: Blissey|Flamethrower|p1a: Polteageist
|-damage|p1a: Polteageist|14/100
|
|-heal|p2a: Blissey|23/100|[from] item: Leftovers
|upkeep
|turn|18
|
|t:|1760330072
|move|p1a: Polteageist|Tera Blast|p2a: Blissey
|-damage|p2a: Blissey|3/100
|move|p2a: Blissey|Flamethrower|p1a: Polteageist
|-damage|p1a: Polteageist|0 fnt
|faint|p1a: Polteageist
|
|-heal|p2a: Blissey|9/100|[from] item: Leftovers
|upkeep
|
|t:|1760330076
|switch|p1a: Porygon-Z|Porygon-Z|54/100 tox
|-heal|p1a: Porygon-Z|100/100|[from] move: Healing Wish
|turn|19
|
|t:|1760330088
|move|p1a: Porygon-Z|Ice Beam|p2a: Blissey
|-damage|p2a: Blissey|0 fnt
|faint|p2a: Blissey
|
|upkeep
|
|t:|1760330098
|switch|p2a: Clodsire|Clodsire, M|42/100
|-damage|p2a: Clodsire|36/100|[from] Stealth Rock
|turn|20
|
|t:|1760330101
|move|p1a: Porygon-Z|Ice Beam|p2a: Clodsire
|-supereffective|p2a: Clodsire
|-damage|p2a: Clodsire|0 fnt
|faint|p2a: Clodsire
|
|upkeep
|
|t:|1760330107
|switch|p2a: Pecharunt|Pecharunt|100/100
|-damage|p2a: Pecharunt|88/100|[from] Stealth Rock
|turn|21
|
|t:|1760330111
|switch|p1a: Dragapult|Dragapult, F|100/100
|move|p2a: Pecharunt|Malignant Chain|p1a: Dragapult
|-resisted|p1a: Dragapult
|-damage|p1a: Dragapult|79/100
|-status|p1a: Dragapult|tox
|-start|p1a: Dragapult|confusion|[from] ability: Poison Puppeteer|[of] p2a: Pecharunt
|
|-damage|p1a: Dragapult|73/100 tox|[from] psn
|upkeep
|turn|22
|
|t:|1760330130
|-activate|p1a: Dragapult|confusion
|move|p1a: Dragapult|Shadow Ball|p2a: Pecharunt
|-supereffective|p2a: Pecharunt
|-damage|p2a: Pecharunt|23/100
|-unboost|p2a: Pecharunt|spd|1
|move|p2a: Pecharunt|Foul Play|p1a: Dragapult
|-supereffective|p1a: Dragapult
|-damage|p1a: Dragapult|0 fnt
|faint|p1a: Dragapult
|
|upkeep
|
|t:|1760330137
|switch|p1a: Porygon-Z|Porygon-Z|100/100
|turn|23
|
|t:|1760330149
|move|p1a: Porygon-Z|Ice Beam|p2a: Pecharunt
|-damage|p2a: Pecharunt|0 fnt
|faint|p2a: Pecharunt
|
|upkeep
|
|t:|1760330152
|switch|p2a: Gliscor|Gliscor, M|100/100
|-damage|p2a: Gliscor|88/100|[from] Stealth Rock
|turn|24
|
|t:|1760330154
|move|p1a: Porygon-Z|Ice Beam|p2a: Gliscor
|-supereffective|p2a: Gliscor
|-damage|p2a: Gliscor|0 fnt
|faint|p2a: Gliscor
|
|win|ddnsyde
|raw|ddnsyde's rating: 1203 &rarr; <strong>1227</strong><br />(+24 for winning)
|raw|ikamazu's rating: 1189 &rarr; <strong>1165</strong><br />(-24 for losing)
|l|☆ikamazu
|player|p2|
|l|☆ddnsyde
|player|p1|
