|j|☆sanjywanjy
|j|☆dark rivial
|t:|1760306100
|gametype|singles
|player|p1|sanjywanjy|skyla|1367
|player|p2|dark rivial|266|1325
|gen|9
|tier|[Gen 9] OU
|rated|
|rule|HP Percentage Mod: HP is shown in percentages
|rule|Endless Battle Clause: Forcing endless battles is banned
|rule|Species Clause: Limit one of each Pokémon
|rule|OHKO Clause: OHKO moves are banned
|rule|Evasion Items Clause: Evasion items are banned
|rule|Evasion Moves Clause: Evasion moves are banned
|rule|Evasion Abilities Clause: Evasion abilities are banned
|rule|Sleep Moves Clause: Sleep-inducing moves are banned
|clearpoke
|poke|p1|Dragapult, F|
|poke|p1|Slowking-Galar, M|
|poke|p1|Corviknight, M|
|poke|p1|Ting-Lu|
|poke|p1|Iron Moth|
|poke|p1|Enamorus, F|
|poke|p2|Tyranitar, M|
|poke|p2|Dugtrio-Alola, F|
|poke|p2|Houndstone, M|
|poke|p2|Pelipper, M|
|poke|p2|Tornadus, M|
|poke|p2|Great Tusk|
|teampreview
|
|t:|1760306112
|teamsize|p1|6
|teamsize|p2|6
|start
|switch|p1a: Ting-Lu|Ting-Lu|100/100
|switch|p2a: Pelipper|Pelipper, M|100/100
|-weather|RainDance|[from] ability: Drizzle|[of] p2a: Pelipper
|-ability|p1a: Ting-Lu|Vessel of Ruin
|turn|1
|
|t:|1760306120
|move|p2a: Pelipper|Surf|p1a: Ting-Lu
|-supereffective|p1a: Ting-Lu
|-damage|p1a: Ting-Lu|33/100
|move|p1a: Ting-Lu|Stealth Rock|p2a: Pelipper
|-sidestart|p2: dark rivial|move: Stealth Rock
|
|-weather|RainDance|[upkeep]
|-heal|p1a: Ting-Lu|39/100|[from] item: Leftovers
|upkeep
|turn|2
|
|t:|1760306128
|switch|p1a: Slowking|Slowking-Galar, M|100/100
|move|p2a: Pelipper|Surf|p1a: Slowking
|-damage|p1a: Slowking|70/100
|
|-weather|RainDance|[upkeep]
|upkeep
|turn|3
|
|t:|1760306136
|move|p2a: Pelipper|Surf|p1a: Slowking
|-damage|p1a: Slowking|40/100
|move|p1a: Slowking|Sludge Bomb|p2a: Pelipper
|-crit|p2a: Pelipper
|-damage|p2a: Pelipper|0 fnt
|faint|p2a: Pelipper
|
|-weather|RainDance|[upkeep]
|upkeep
|
|t:|1760306146
|switch|p2a: Great Tusk|Great Tusk|100/100
|-damage|p2a: Great Tusk|98/100|[from] Stealth Rock
|turn|4
|
|t:|1760306152
|switch|p1a: Corviknight|Corviknight, M|100/100
|move|p2a: Great Tusk|Rapid Spin|p1a: Corviknight
|-resisted|p1a: Corviknight
|-damage|p1a: Corviknight|96/100
|-boost|p2a: Great Tusk|spe|1
|-damage|p2a: Great Tusk|81/100|[from] item: Rocky Helmet|[of] p1a: Corviknight
|-sideend|p2: dark rivial|Stealth Rock|[from] move: Rapid Spin|[of] p2a: Great Tusk
|
|-weather|RainDance|[upkeep]
|-heal|p2a: Great Tusk|87/100|[from] item: Leftovers
|upkeep
|turn|5
|
|t:|1760306165
|move|p2a: Great Tusk|Bulk Up|p2a: Great Tusk
|-boost|p2a: Great Tusk|atk|1
|-boost|p2a: Great Tusk|def|1
|move|p1a: Corviknight|Brave Bird|p2a: Great Tusk
|-supereffective|p2a: Great Tusk
|-damage|p2a: Great Tusk|58/100
|-damage|p1a: Corviknight|87/100|[from] Recoil
|
|-weather|none
|-heal|p2a: Great Tusk|64/100|[from] item: Leftovers
|upkeep
|turn|6
|
|t:|1760306174
|move|p2a: Great Tusk|Bulk Up|p2a: Great Tusk
|-boost|p2a: Great Tusk|atk|1
|-boost|p2a: Great Tusk|def|1
|move|p1a: Corviknight|Iron Defense|p1a: Corviknight
|-boost|p1a: Corviknight|def|2
|
|-heal|p2a: Great Tusk|70/100|[from] item: Leftovers
|upkeep
|turn|7
|
|t:|1760306182
|move|p2a: Great Tusk|Bulk Up|p2a: Great Tusk
|-boost|p2a: Great Tusk|atk|1
|-boost|p2a: Great Tusk|def|1
|move|p1a: Corviknight|Iron Defense|p1a: Corviknight
|-boost|p1a: Corviknight|def|2
|
|-heal|p2a: Great Tusk|76/100|[from] item: Leftovers
|upkeep
|turn|8
|
|t:|1760306189
|move|p2a: Great Tusk|Bulk Up|p2a: Great Tusk
|-boost|p2a: Great Tusk|atk|1
|-boost|p2a: Great Tusk|def|1
|move|p1a: Corviknight|Brave Bird|p2a: Great Tusk
|-supereffective|p2a: Great Tusk
|-damage|p2a: Great Tusk|62/100
|-damage|p1a: Corviknight|83/100|[from] Recoil
|
|-heal|p2a: Great Tusk|68/100|[from] item: Leftovers
|upkeep
|turn|9
|
|t:|1760306198
|move|p2a: Great Tusk|Bulk Up|p2a: Great Tusk
|-boost|p2a: Great Tusk|atk|1
|-boost|p2a: Great Tusk|def|1
|move|p1a: Corviknight|Iron Defense|p1a: Corviknight
|-boost|p1a: Corviknight|def|2
|
|-heal|p2a: Great Tusk|74/100|[from] item: Leftovers
|upkeep
|turn|10
|
|t:|1760306206
|move|p2a: Great Tusk|Bulk Up|p2a: Great Tusk
|-boost|p2a: Great Tusk|atk|1
|-boost|p2a: Great Tusk|def|1
|move|p1a: Corviknight|Brave Bird|p2a: Great Tusk
|-supereffective|p2a: Great Tusk
|-damage|p2a: Great Tusk|63/100
|-damage|p1a: Corviknight|79/100|[from] Recoil
|
|-heal|p2a: Great Tusk|69/100|[from] item: Leftovers
|upkeep
|turn|11
|
|t:|1760306215
|move|p2a: Great Tusk|Body Press|p1a: Corviknight
|-damage|p1a: Corviknight|54/100
|-damage|p2a: Great Tusk|53/100|[from] item: Rocky Helmet|[of] p1a: Corviknight
|move|p1a: Corviknight|Brave Bird|p2a: Great Tusk
|-supereffective|p2a: Great Tusk
|-damage|p2a: Great Tusk|41/100
|-damage|p1a: Corviknight|50/100|[from] Recoil
|
|-heal|p2a: Great Tusk|47/100|[from] item: Leftovers
|upkeep
|turn|12
|
|t:|1760306226
|move|p2a: Great Tusk|Body Press|p1a: Corviknight
|-damage|p1a: Corviknight|24/100
|-damage|p2a: Great Tusk|30/100|[from] item: Rocky Helmet|[of] p1a: Corviknight
|move|p1a: Corviknight|Roost|p1a: Corviknight
|-heal|p1a: Corviknight|74/100
|-singleturn|p1a: Corviknight|move: Roost
|
|-heal|p2a: Great Tusk|37/100|[from] item: Leftovers
|upkeep
|turn|13
|
|t:|1760306235
|move|p2a: Great Tusk|Body Press|p1a: Corviknight
|-crit|p1a: Corviknight
|-damage|p1a: Corviknight|0 fnt
|-damage|p2a: Great Tusk|20/100|[from] item: Rocky Helmet|[of] p1a: Corviknight
|faint|p1a: Corviknight
|
|-heal|p2a: Great Tusk|26/100|[from] item: Leftovers
|upkeep
|
|t:|1760306242
|switch|p1a: Enamorus|Enamorus, F|100/100
|turn|14
|
|t:|1760306249
|move|p1a: Enamorus|Moonblast|p2a: Great Tusk
|-supereffective|p2a: Great Tusk
|-damage|p2a: Great Tusk|0 fnt
|faint|p2a: Great Tusk
|-end|p2a: Great Tusk|Protosynthesis|[silent]
|
|upkeep
|
|t:|1760306256
|switch|p2a: Tyranitar|Tyranitar, M|100/100
|-weather|Sandstorm|[from] ability: Sand Stream|[of] p2a: Tyranitar
|turn|15
|
|t:|1760306268
|switch|p2a: Dugtrio|Dugtrio-Alola, F|100/100
|move|p1a: Enamorus|Moonblast|p2a: Dugtrio
|-resisted|p2a: Dugtrio
|-damage|p2a: Dugtrio|44/100
|
|-weather|Sandstorm|[upkeep]
|-damage|p1a: Enamorus|94/100|[from] Sandstorm
|upkeep
|turn|16
|
|t:|1760306277
|move|p1a: Enamorus|Moonblast|p2a: Dugtrio
|-resisted|p2a: Dugtrio
|-damage|p2a: Dugtrio|0 fnt
|faint|p2a: Dugtrio
|
|-weather|Sandstorm|[upkeep]
|-damage|p1a: Enamorus|88/100|[from] Sandstorm
|upkeep
|
|t:|1760306285
|switch|p2a: Houndstone|Houndstone, M|100/100
|turn|17
|
|t:|1760306293
|move|p1a: Enamorus|Moonblast|p2a: Houndstone
|-damage|p2a: Houndstone|34/100
|-unboost|p2a: Houndstone|spa|1
|move|p2a: Houndstone|Poltergeist|p1a: Enamorus
|-activate|p1a: Enamorus|move: Poltergeist|Choice Scarf
|-damage|p1a: Enamorus|0 fnt
|faint|p1a: Enamorus
|-damage|p2a: Houndstone|24/100|[from] item: Life Orb
|
|-weather|Sandstorm|[upkeep]
|upkeep
|
|t:|1760306309
|switch|p1a: Dragapult|Dragapult, F|100/100
|turn|18
|
|t:|1760306311
|move|p2a: Houndstone|Poltergeist|p1a: Dragapult
|-activate|p1a: Dragapult|move: Poltergeist|Choice Band
|-supereffective|p1a: Dragapult
|-damage|p1a: Dragapult|0 fnt
|faint|p1a: Dragapult
|-damage|p2a: Houndstone|14/100|[from] item: Life Orb
|
|-weather|Sandstorm|[upkeep]
|upkeep
|
|t:|1760306319
|switch|p1a: Iron Moth|Iron Moth|100/100
|-enditem|p1a: Iron Moth|Booster Energy
|-activate|p1a: Iron Moth|ability: Quark Drive|[fromitem]
|-start|p1a: Iron Moth|quarkdrivespe
|turn|19
|
|t:|1760306325
|move|p1a: Iron Moth|Fiery Dance|p2a: Houndstone
|-damage|p2a: Houndstone|0 fnt
|-boost|p1a: Iron Moth|spa|1
|faint|p2a: Houndstone
|
|-weather|Sandstorm|[upkeep]
|-damage|p1a: Iron Moth|95/100|[from] Sandstorm
|upkeep
|
|t:|1760306334
|switch|p2a: Tornadus|Tornadus, M|100/100
|turn|20
|
|t:|1760306341
|move|p1a: Iron Moth|Fiery Dance|p2a: Tornadus
|-damage|p2a: Tornadus|11/100
|-boost|p1a: Iron Moth|spa|1
|move|p2a: Tornadus|Bleakwind Storm|p1a: Iron Moth
|-damage|p1a: Iron Moth|45/100
|
|-weather|Sandstorm|[upkeep]
|-damage|p1a: Iron Moth|39/100|[from] Sandstorm
|-damage|p2a: Tornadus|5/100|[from] Sandstorm
|-heal|p2a: Tornadus|11/100|[from] item: Leftovers
|upkeep
|turn|21
|
|t:|1760306351
|move|p1a: Iron Moth|Fiery Dance|p2a: Tornadus
|-damage|p2a: Tornadus|0 fnt
|faint|p2a: Tornadus
|
|-weather|Sandstorm|[upkeep]
|-damage|p1a: Iron Moth|33/100|[from] Sandstorm
|upkeep
|
|t:|1760306358
|switch|p2a: Tyranitar|Tyranitar, M|100/100
|turn|22
|
|t:|1760306368
|-terastallize|p1a: Iron Moth|Grass
|-terastallize|p2a: Tyranitar|Dark
|move|p1a: Iron Moth|Energy Ball|p2a: Tyranitar
|-damage|p2a: Tyranitar|7/100
|move|p2a: Tyranitar|Earthquake|p1a: Iron Moth
|-resisted|p1a: Iron Moth
|-damage|p1a: Iron Moth|2/100
|
|-weather|none
|upkeep
|turn|23
|-message|dark rivial forfeited.
|
|win|sanjywanjy
|raw|sanjywanjy's rating: 1367 &rarr; <strong>1385</strong><br />(+18 for winning)
|raw|dark rivial's rating: 1325 &rarr; <strong>1307</strong><br />(-18 for losing)
|l|☆dark rivial
|player|p2|
|l|☆sanjywanjy
|player|p1|
