|badge|p2|bronze|gen9randombattle|100-7
|uhtml|medal-msg|<div class="broadcast-blue">Curious what those medals under the avatar are? PS now has Ladder Seasons! For more information, check out the <a href="https://www.smogon.com/forums/threads/3740067/">thread on Smogon.</a></div>
|j|☆Daymo
|j|☆SpongeGar & Patar
|t:|1760416205
|gametype|singles
|player|p1|Daymo|265|1794
|player|p2|SpongeGar & Patar|266|1829
|gen|9
|tier|[Gen 9] OU
|rated|
|rule|HP Percentage Mod: HP is shown in percentages
|rule|Endless Battle Clause: Forcing endless battles is banned
|rule|Species Clause: Limit one of each Pokémon
|rule|OHKO Clause: OHKO moves are banned
|rule|Evasion Items Clause: Evasion items are banned
|rule|Evasion Moves Clause: Evasion moves are banned
|rule|Evasion Abilities Clause: Evasion abilities are banned
|rule|Sleep Moves Clause: Sleep-inducing moves are banned
|clearpoke
|poke|p1|Dragapult, M|
|poke|p1|Glimmora, M|
|poke|p1|Comfey, M|
|poke|p1|Kingambit, M|
|poke|p1|Ogerpon-Wellspring, F|
|poke|p1|Blaziken, M|
|poke|p2|Kyurem|
|poke|p2|Corviknight, M|
|poke|p2|Ting-Lu|
|poke|p2|Dondozo, M|
|poke|p2|Slowking-Galar, L99, F|
|poke|p2|Cinderace, F|
|teampreview
|j| somdood
|
|t:|1760416255
|teamsize|p1|6
|teamsize|p2|6
|start
|switch|p1a: Blaziken|Blaziken, M, shiny|100/100
|switch|p2a: Kyurem|Kyurem|100/100
|-ability|p2a: Kyurem|Pressure
|turn|1
|inactive|Battle timer is ON: inactive players will automatically lose when time's up. (requested by SpongeGar & Patar)
|inactive|SpongeGar & Patar has 120 seconds left.
|
|t:|1760416303
|move|p1a: Blaziken|Protect|p1a: Blaziken
|-singleturn|p1a: Blaziken|Protect
|move|p2a: Kyurem|Freeze-Dry|p1a: Blaziken
|-activate|p1a: Blaziken|move: Protect
|
|-ability|p1a: Blaziken|Speed Boost|boost
|-boost|p1a: Blaziken|spe|1
|upkeep
|turn|2
|inactive|Daymo has 120 seconds left.
|inactive|SpongeGar & Patar has 120 seconds left.
|j| KappaHalo
|
|t:|1760416351
|-terastallize|p2a: Kyurem|Ground
|move|p1a: Blaziken|Close Combat|p2a: Kyurem
|-damage|p2a: Kyurem|23/100
|-unboost|p1a: Blaziken|def|1
|-unboost|p1a: Blaziken|spd|1
|-damage|p1a: Blaziken|91/100|[from] item: Life Orb
|move|p2a: Kyurem|Earth Power|p1a: Blaziken
|-supereffective|p1a: Blaziken
|-damage|p1a: Blaziken|0 fnt
|faint|p1a: Blaziken
|
|-heal|p2a: Kyurem|29/100|[from] item: Leftovers
|upkeep
|
|t:|1760416373
|switch|p1a: Dragapult|Dragapult, M, shiny|100/100
|turn|3
|inactive|SpongeGar & Patar has 90 seconds left.
|
|t:|1760416421
|move|p2a: Kyurem|Protect|p2a: Kyurem
|-singleturn|p2a: Kyurem|Protect
|move|p1a: Dragapult|U-turn|p2a: Kyurem
|-activate|p2a: Kyurem|move: Protect
|
|-heal|p2a: Kyurem|35/100|[from] item: Leftovers
|upkeep
|turn|4
|inactive|SpongeGar & Patar has 60 seconds left.
|inactive|Daymo has 90 seconds left.
|inactive|Daymo has 60 seconds left.
|inactive|Daymo has 30 seconds left.
|j| Ctannn
|inactive|Daymo has 20 seconds left.
|inactive|Daymo has 15 seconds left.
|l|☆Daymo
|inactive|Daymo disconnected and has a minute to reconnect!
|player|p1|
|inactive|Daymo has 10 seconds left.
|j|☆Daymo
|inactive|Daymo reconnected and has 10 seconds left.
|player|p1|Daymo|265|
|
|t:|1760416536
|move|p1a: Dragapult|U-turn|p2a: Kyurem
|-damage|p2a: Kyurem|18/100
|inactive|Daymo has 15 seconds left this turn.
|
|t:|1760416539
|switch|p1a: Kingambit|Kingambit, M, shiny|100/100|[from] U-turn
|-activate|p1a: Kingambit|ability: Supreme Overlord
|-start|p1a: Kingambit|fallen1|[silent]
|move|p2a: Kyurem|Freeze-Dry|p1a: Kingambit
|-resisted|p1a: Kingambit
|-damage|p1a: Kingambit|84/100
|
|-heal|p2a: Kyurem|24/100|[from] item: Leftovers
|-heal|p1a: Kingambit|91/100|[from] item: Leftovers
|upkeep
|turn|5
|inactive|Daymo has 25 seconds left this turn.
|inactive|Daymo has 20 seconds left.
|inactive|Daymo has 15 seconds left.
|
|t:|1760416550
|switch|p2a: Dondozo|Dondozo, M|100/100
|move|p1a: Kingambit|Sucker Punch||[still]
|-fail|p1a: Kingambit
|
|-heal|p1a: Kingambit|97/100|[from] item: Leftovers
|upkeep
|turn|6
|inactive|Daymo has 25 seconds left this turn.
|
|t:|1760416560
|-end|p1a: Kingambit|fallen1|[silent]
|switch|p1a: Glimmora|Glimmora, M, shiny|100/100
|move|p2a: Dondozo|Curse|p2a: Dondozo
|-unboost|p2a: Dondozo|spe|1
|-boost|p2a: Dondozo|atk|1
|-boost|p2a: Dondozo|def|1
|
|upkeep
|turn|7
|inactive|Daymo has 30 seconds left.
|
|t:|1760416572
|move|p1a: Glimmora|Stealth Rock|p2a: Dondozo
|-sidestart|p2: SpongeGar & Patar|move: Stealth Rock
|move|p2a: Dondozo|Waterfall|p1a: Glimmora
|-supereffective|p1a: Glimmora
|-damage|p1a: Glimmora|37/100
|-activate|p1a: Glimmora|ability: Toxic Debris
|-sidestart|p2: SpongeGar & Patar|move: Toxic Spikes
|-enditem|p1a: Glimmora|Red Card|[of] p2a: Dondozo
|drag|p2a: Kyurem|Kyurem, tera:Ground|24/100
|-damage|p2a: Kyurem|18/100|[from] Stealth Rock
|-status|p2a: Kyurem|psn
|-ability|p2a: Kyurem|Pressure
|
|-heal|p2a: Kyurem|24/100 psn|[from] item: Leftovers
|-damage|p2a: Kyurem|11/100 psn|[from] psn
|upkeep
|turn|8
|inactive|Daymo has 30 seconds left.
|inactive|SpongeGar & Patar has 60 seconds left.
|
|t:|1760416583
|move|p2a: Kyurem|Freeze-Dry|p1a: Glimmora
|-damage|p1a: Glimmora|0 fnt
|faint|p1a: Glimmora
|
|-heal|p2a: Kyurem|18/100 psn|[from] item: Leftovers
|-damage|p2a: Kyurem|5/100 psn|[from] psn
|upkeep
|inactive|Daymo has 30 seconds left.
|
|t:|1760416590
|switch|p1a: Ogerpon|Ogerpon-Wellspring, F|100/100
|turn|9
|
|t:|1760416599
|move|p1a: Ogerpon|Ivy Cudgel|p2a: Kyurem|[anim] Ivy Cudgel Water
|-supereffective|p2a: Kyurem
|-damage|p2a: Kyurem|0 fnt
|faint|p2a: Kyurem
|
|upkeep
|
|t:|1760416609
|switch|p2a: Cinderace|Cinderace, F|100/100
|turn|10
|
|t:|1760416618
|move|p2a: Cinderace|Will-O-Wisp|p1a: Ogerpon
|-status|p1a: Ogerpon|brn
|move|p1a: Ogerpon|Ivy Cudgel|p2a: Cinderace|[anim] Ivy Cudgel Water
|-supereffective|p2a: Cinderace
|-damage|p2a: Cinderace|26/100
|
|-damage|p1a: Ogerpon|95/100 brn|[from] brn
|upkeep
|turn|11
|inactive|Daymo has 60 seconds left.
|
|t:|1760416629
|move|p2a: Cinderace|Court Change|p2a: Cinderace
|-swapsideconditions
|-activate|p2a: Cinderace|move: Court Change
|move|p1a: Ogerpon|Ivy Cudgel|p2a: Cinderace|[anim] Ivy Cudgel Water
|-supereffective|p2a: Cinderace
|-damage|p2a: Cinderace|0 fnt
|faint|p2a: Cinderace
|
|-damage|p1a: Ogerpon|89/100 brn|[from] brn
|upkeep
|l| somdood
|
|t:|1760416638
|switch|p2a: Dondozo|Dondozo, M|100/100
|turn|12
|
|t:|1760416647
|move|p1a: Ogerpon|Taunt|p2a: Dondozo
|-start|p2a: Dondozo|move: Taunt
|cant|p2a: Dondozo|move: Taunt|Curse
|
|-damage|p1a: Ogerpon|83/100 brn|[from] brn
|upkeep
|turn|13
|inactive|Daymo has 60 seconds left.
|
|t:|1760416693
|move|p1a: Ogerpon|Spikes|p2a: Dondozo
|-sidestart|p2: SpongeGar & Patar|Spikes
|move|p2a: Dondozo|Body Press|p1a: Ogerpon
|-damage|p1a: Ogerpon|43/100 brn
|
|-damage|p1a: Ogerpon|37/100 brn|[from] brn
|upkeep
|turn|14
|inactive|SpongeGar & Patar has 90 seconds left.
|
|t:|1760416702
|move|p1a: Ogerpon|Ivy Cudgel|p2a: Dondozo|[anim] Ivy Cudgel Water
|-resisted|p2a: Dondozo
|-damage|p2a: Dondozo|94/100
|move|p2a: Dondozo|Waterfall|p1a: Ogerpon
|-heal|p1a: Ogerpon|62/100 brn|[from] ability: Water Absorb|[of] p2a: Dondozo
|
|-heal|p2a: Dondozo|100/100|[from] item: Leftovers
|-damage|p1a: Ogerpon|56/100 brn|[from] brn
|-end|p2a: Dondozo|move: Taunt
|upkeep
|turn|15
|
|t:|1760416711
|move|p1a: Ogerpon|Taunt|p2a: Dondozo
|-start|p2a: Dondozo|move: Taunt
|cant|p2a: Dondozo|move: Taunt|Curse
|
|-damage|p1a: Ogerpon|50/100 brn|[from] brn
|upkeep
|turn|16
|inactive|Daymo has 60 seconds left.
|
|t:|1760416745
|move|p1a: Ogerpon|Spikes|p2a: Dondozo
|-sidestart|p2: SpongeGar & Patar|Spikes
|move|p2a: Dondozo|Body Press|p1a: Ogerpon
|-damage|p1a: Ogerpon|16/100 brn
|
|-damage|p1a: Ogerpon|10/100 brn|[from] brn
|upkeep
|turn|17
|
|t:|1760416754
|move|p1a: Ogerpon|Spikes|p2a: Dondozo
|-sidestart|p2: SpongeGar & Patar|Spikes
|move|p2a: Dondozo|Waterfall|p1a: Ogerpon
|-heal|p1a: Ogerpon|35/100 brn|[from] ability: Water Absorb|[of] p2a: Dondozo
|
|-damage|p1a: Ogerpon|29/100 brn|[from] brn
|-end|p2a: Dondozo|move: Taunt
|upkeep
|turn|18
|j| Penda65
|inactive|Daymo has 30 seconds left.
|inactive|Daymo has 20 seconds left.
|inactive|Daymo has 15 seconds left.
|inactive|Daymo has 10 seconds left.
|inactive|Daymo has 5 seconds left.
|-message|Daymo lost due to inactivity.
|
|win|SpongeGar & Patar
|raw|Daymo's rating: 1777 &rarr; <strong>1760</strong><br />(-17 for losing)
|raw|SpongeGar &amp; Patar's rating: 1829 &rarr; <strong>1846</strong><br />(+17 for winning)
|l|☆SpongeGar & Patar
|player|p2|
|l|☆Daymo
|player|p1|
|l| Penda65
|l| Ctannn
