|j|‽Heixbtnd
|j|☆diavolo22772
|t:|1760444934
|gametype|singles
|player|p1|Heixbtnd|2|1167
|player|p2|diavolo22772|102|1173
|gen|9
|tier|[Gen 9] OU
|rated|
|rule|HP Percentage Mod: HP is shown in percentages
|rule|Endless Battle Clause: Forcing endless battles is banned
|rule|Species Clause: Limit one of each Pokémon
|rule|OHKO Clause: OHKO moves are banned
|rule|Evasion Items Clause: Evasion items are banned
|rule|Evasion Moves Clause: Evasion moves are banned
|rule|Evasion Abilities Clause: Evasion abilities are banned
|rule|Sleep Moves Clause: Sleep-inducing moves are banned
|clearpoke
|poke|p1|Kingambit, F|
|poke|p1|Cinderace, F|
|poke|p1|Landorus-Therian, M|
|poke|p1|Iron Valiant|
|poke|p1|Kyurem|
|poke|p1|Slowking-Galar, M|
|poke|p2|Ludicolo, M|
|poke|p2|Pelipper, M|
|poke|p2|Barraskewda, M|
|poke|p2|Iron Crown|
|poke|p2|Great Tusk|
|poke|p2|Moltres|
|teampreview
|inactive|Battle timer is ON: inactive players will automatically lose when time's up. (requested by diavolo22772)
|
|t:|1760444952
|teamsize|p1|6
|teamsize|p2|6
|start
|switch|p1a: Kyurem|Kyurem, shiny|100/100
|switch|p2a: astakuda|Barraskewda, M|100/100
|-ability|p1a: Kyurem|Pressure
|turn|1
|
|t:|1760444963
|switch|p2a: vrrrroommm|Iron Crown|100/100
|move|p1a: Kyurem|Substitute|p1a: Kyurem
|-start|p1a: Kyurem|Substitute
|-damage|p1a: Kyurem|76/100
|
|-heal|p1a: Kyurem|82/100|[from] item: Leftovers
|upkeep
|turn|2
|
|t:|1760444967
|move|p2a: vrrrroommm|Tachyon Cutter|p1a: Kyurem
|-supereffective|p1a: Kyurem
|-end|p1a: Kyurem|Substitute
|-supereffective|p1a: Kyurem
|-damage|p1a: Kyurem|31/100
|-hitcount|p1a: Kyurem|2
|move|p1a: Kyurem|Earth Power|p2a: vrrrroommm
|-supereffective|p2a: vrrrroommm
|-damage|p2a: vrrrroommm|58/100
|-unboost|p2a: vrrrroommm|spd|1
|
|-heal|p1a: Kyurem|38/100|[from] item: Leftovers
|upkeep
|turn|3
|
|t:|1760444981
|switch|p1a: Slowking|Slowking-Galar, M, shiny|100/100
|move|p2a: vrrrroommm|Tachyon Cutter|p1a: Slowking
|-damage|p1a: Slowking|91/100
|-damage|p1a: Slowking|81/100
|-hitcount|p1a: Slowking|2
|
|upkeep
|turn|4
|
|t:|1760444992
|move|p2a: vrrrroommm|Volt Switch|p1a: Slowking
|-damage|p1a: Slowking|72/100
|
|t:|1760444996
|-end|p2a: vrrrroommm|Quark Drive|[silent]
|switch|p2a: Pepeliper|Pelipper, M|100/100|[from] Volt Switch
|-weather|RainDance|[from] ability: Drizzle|[of] p2a: Pepeliper
|move|p1a: Slowking|Fire Blast|p2a: Pepeliper
|-resisted|p2a: Pepeliper
|-damage|p2a: Pepeliper|92/100
|
|-weather|RainDance|[upkeep]
|upkeep
|turn|5
|
|t:|1760445005
|switch|p1a: Kyurem|Kyurem, shiny|38/100
|-ability|p1a: Kyurem|Pressure
|move|p2a: Pepeliper|U-turn|p1a: Kyurem
|-damage|p1a: Kyurem|28/100
|
|t:|1760445014
|switch|p2a: astakuda|Barraskewda, M|100/100|[from] U-turn
|
|-weather|RainDance|[upkeep]
|-heal|p1a: Kyurem|34/100|[from] item: Leftovers
|upkeep
|turn|6
|
|t:|1760445017
|-terastallize|p2a: astakuda|Water
|move|p2a: astakuda|Flip Turn|p1a: Kyurem
|-resisted|p1a: Kyurem
|-damage|p1a: Kyurem|0 fnt
|faint|p1a: Kyurem
|
|t:|1760445024
|switch|p2a: Ludicolo|Ludicolo, M|100/100|[from] Flip Turn
|
|-weather|RainDance|[upkeep]
|upkeep
|
|t:|1760445030
|switch|p1a: Slowking|Slowking-Galar, M, shiny|100/100
|turn|7
|
|t:|1760445035
|move|p2a: Ludicolo|Hydro Pump|p1a: Slowking|[miss]
|-miss|p2a: Ludicolo|p1a: Slowking
|move|p1a: Slowking|Sludge Bomb|p2a: Ludicolo
|-supereffective|p2a: Ludicolo
|-damage|p2a: Ludicolo|25/100
|
|-weather|RainDance|[upkeep]
|upkeep
|turn|8
|
|t:|1760445042
|switch|p2a: vrrrroommm|Iron Crown|58/100
|move|p1a: Slowking|Sludge Bomb|p2a: vrrrroommm
|-immune|p2a: vrrrroommm
|
|-weather|RainDance|[upkeep]
|upkeep
|turn|9
|
|t:|1760445061
|move|p2a: vrrrroommm|Future Sight|p1a: Slowking
|-start|p2a: vrrrroommm|move: Future Sight
|move|p1a: Slowking|Fire Blast|p2a: vrrrroommm
|-supereffective|p2a: vrrrroommm
|-damage|p2a: vrrrroommm|39/100
|
|-weather|RainDance|[upkeep]
|upkeep
|turn|10
|
|t:|1760445070
|switch|p1a: Kingambit|Kingambit, F|100/100
|-activate|p1a: Kingambit|ability: Supreme Overlord
|-start|p1a: Kingambit|fallen1|[silent]
|move|p2a: vrrrroommm|Volt Switch|p1a: Kingambit
|-damage|p1a: Kingambit|74/100
|
|t:|1760445076
|-end|p2a: vrrrroommm|Quark Drive|[silent]
|switch|p2a: astakuda|Barraskewda, M, tera:Water|100/100|[from] Volt Switch
|
|-weather|RainDance|[upkeep]
|-heal|p1a: Kingambit|80/100|[from] item: Leftovers
|upkeep
|turn|11
|
|t:|1760445081
|-end|p1a: Kingambit|fallen1|[silent]
|switch|p1a: Landorus|Landorus-Therian, M, shiny|100/100
|-ability|p1a: Landorus|Intimidate|boost
|-unboost|p2a: astakuda|atk|1
|move|p2a: astakuda|Flip Turn|p1a: Landorus
|-supereffective|p1a: Landorus
|-damage|p1a: Landorus|0 fnt
|-damage|p2a: astakuda|84/100|[from] item: Rocky Helmet|[of] p1a: Landorus
|faint|p1a: Landorus
|
|t:|1760445091
|switch|p2a: boom|Great Tusk|100/100|[from] Flip Turn
|-enditem|p2a: boom|Booster Energy
|-activate|p2a: boom|ability: Protosynthesis|[fromitem]
|-start|p2a: boom|protosynthesisatk
|
|-weather|none
|-hint|Future Sight did not hit because the target is fainted.
|upkeep
|
|t:|1760445100
|switch|p1a: Iron Valiant|Iron Valiant|100/100
|-enditem|p1a: Iron Valiant|Booster Energy
|-activate|p1a: Iron Valiant|ability: Quark Drive|[fromitem]
|-start|p1a: Iron Valiant|quarkdrivespe
|turn|12
|
|t:|1760445110
|move|p1a: Iron Valiant|Moonblast|p2a: boom
|-supereffective|p2a: boom
|-damage|p2a: boom|0 fnt
|faint|p2a: boom
|-end|p2a: boom|Protosynthesis|[silent]
|
|upkeep
|
|t:|1760445120
|switch|p2a: Pepeliper|Pelipper, M|92/100
|-weather|RainDance|[from] ability: Drizzle|[of] p2a: Pepeliper
|turn|13
|
|t:|1760445141
|move|p1a: Iron Valiant|Moonblast|p2a: Pepeliper
|-damage|p2a: Pepeliper|28/100
|move|p2a: Pepeliper|U-turn|p1a: Iron Valiant
|-resisted|p1a: Iron Valiant
|-damage|p1a: Iron Valiant|98/100
|
|t:|1760445147
|switch|p2a: astakuda|Barraskewda, M, tera:Water|84/100|[from] U-turn
|
|-weather|RainDance|[upkeep]
|upkeep
|turn|14
|
|t:|1760445154
|move|p2a: astakuda|Liquidation|p1a: Iron Valiant
|-damage|p1a: Iron Valiant|0 fnt
|faint|p1a: Iron Valiant
|-end|p1a: Iron Valiant|Quark Drive|[silent]
|
|-weather|RainDance|[upkeep]
|upkeep
|
|t:|1760445160
|switch|p1a: Kingambit|Kingambit, F|80/100
|-activate|p1a: Kingambit|ability: Supreme Overlord
|-start|p1a: Kingambit|fallen3|[silent]
|turn|15
|
|t:|1760445166
|switch|p2a: feu|Moltres|100/100
|move|p1a: Kingambit|Sucker Punch||[still]
|-fail|p1a: Kingambit
|
|-weather|RainDance|[upkeep]
|-heal|p1a: Kingambit|87/100|[from] item: Leftovers
|upkeep
|turn|16
|
|t:|1760445178
|-end|p1a: Kingambit|fallen3|[silent]
|switch|p1a: Slowking|Slowking-Galar, M, shiny|100/100
|move|p2a: feu|U-turn|p1a: Slowking
|-damage|p1a: Slowking|86/100
|
|t:|1760445184
|switch|p2a: astakuda|Barraskewda, M, tera:Water|84/100|[from] U-turn
|
|-weather|RainDance|[upkeep]
|upkeep
|turn|17
|
|t:|1760445193
|-terastallize|p1a: Slowking|Water
|move|p2a: astakuda|Liquidation|p1a: Slowking
|-resisted|p1a: Slowking
|-damage|p1a: Slowking|18/100
|move|p1a: Slowking|Sludge Bomb|p2a: astakuda
|-damage|p2a: astakuda|15/100
|
|-weather|RainDance|[upkeep]
|upkeep
|turn|18
|
|t:|1760445209
|switch|p1a: Cinderace|Cinderace, F, shiny|100/100
|move|p2a: astakuda|Liquidation|p1a: Cinderace
|-supereffective|p1a: Cinderace
|-damage|p1a: Cinderace|0 fnt
|faint|p1a: Cinderace
|
|-weather|RainDance|[upkeep]
|upkeep
|
|t:|1760445210
|switch|p1a: Kingambit|Kingambit, F|87/100
|-activate|p1a: Kingambit|ability: Supreme Overlord
|-start|p1a: Kingambit|fallen4|[silent]
|turn|19
|
|t:|1760445219
|switch|p2a: feu|Moltres|100/100
|move|p1a: Kingambit|Swords Dance|p1a: Kingambit
|-boost|p1a: Kingambit|atk|2
|
|-weather|RainDance|[upkeep]
|-heal|p1a: Kingambit|93/100|[from] item: Leftovers
|upkeep
|turn|20
|
|t:|1760445229
|move|p1a: Kingambit|Sucker Punch||[still]
|-fail|p1a: Kingambit
|move|p2a: feu|Will-O-Wisp|p1a: Kingambit
|-status|p1a: Kingambit|brn
|
|-weather|none
|-heal|p1a: Kingambit|99/100 brn|[from] item: Leftovers
|-damage|p1a: Kingambit|93/100 brn|[from] brn
|upkeep
|turn|21
|
|t:|1760445238
|move|p1a: Kingambit|Sucker Punch|p2a: feu
|-damage|p2a: feu|64/100
|move|p2a: feu|Hurricane|p1a: Kingambit|[miss]
|-miss|p2a: feu|p1a: Kingambit
|
|-heal|p1a: Kingambit|99/100 brn|[from] item: Leftovers
|-damage|p1a: Kingambit|93/100 brn|[from] brn
|upkeep
|turn|22
|inactive|Heixbtnd has 120 seconds left.
|
|t:|1760445281
|move|p2a: feu|Roost|p2a: feu
|-heal|p2a: feu|100/100
|-singleturn|p2a: feu|move: Roost
|move|p1a: Kingambit|Swords Dance|p1a: Kingambit
|-boost|p1a: Kingambit|atk|2
|
|-heal|p1a: Kingambit|99/100 brn|[from] item: Leftovers
|-damage|p1a: Kingambit|93/100 brn|[from] brn
|upkeep
|turn|23
|
|t:|1760445291
|move|p2a: feu|U-turn|p1a: Kingambit
|-damage|p1a: Kingambit|81/100 brn
|
|t:|1760445295
|switch|p2a: vrrrroommm|Iron Crown|39/100|[from] U-turn
|move|p1a: Kingambit|Swords Dance|p1a: Kingambit
|-boost|p1a: Kingambit|atk|2
|
|-heal|p1a: Kingambit|87/100 brn|[from] item: Leftovers
|-damage|p1a: Kingambit|81/100 brn|[from] brn
|upkeep
|turn|24
|
|t:|1760445305
|move|p1a: Kingambit|Sucker Punch|p2a: vrrrroommm
|-supereffective|p2a: vrrrroommm
|-damage|p2a: vrrrroommm|0 fnt
|faint|p2a: vrrrroommm
|-end|p2a: vrrrroommm|Quark Drive|[silent]
|
|-heal|p1a: Kingambit|87/100 brn|[from] item: Leftovers
|-damage|p1a: Kingambit|81/100 brn|[from] brn
|upkeep
|
|t:|1760445312
|switch|p2a: astakuda|Barraskewda, M, tera:Water|15/100
|turn|25
|
|t:|1760445318
|switch|p2a: feu|Moltres|100/100
|move|p1a: Kingambit|Sucker Punch||[still]
|-fail|p1a: Kingambit
|
|-heal|p1a: Kingambit|87/100 brn|[from] item: Leftovers
|-damage|p1a: Kingambit|81/100 brn|[from] brn
|upkeep
|turn|26
|
|t:|1760445329
|switch|p2a: Ludicolo|Ludicolo, M|25/100
|move|p1a: Kingambit|Sucker Punch||[still]
|-fail|p1a: Kingambit
|
|-heal|p1a: Kingambit|87/100 brn|[from] item: Leftovers
|-damage|p1a: Kingambit|81/100 brn|[from] brn
|upkeep
|turn|27
|
|t:|1760445336
|move|p2a: Ludicolo|Encore|p1a: Kingambit
|-start|p1a: Kingambit|Encore
|move|p1a: Kingambit|Sucker Punch||[still]
|-fail|p1a: Kingambit
|
|-heal|p1a: Kingambit|87/100 brn|[from] item: Leftovers
|-damage|p1a: Kingambit|81/100 brn|[from] brn
|upkeep
|turn|28
|
|t:|1760445346
|move|p1a: Kingambit|Sucker Punch|p2a: Ludicolo
|-damage|p2a: Ludicolo|0 fnt
|faint|p2a: Ludicolo
|
|-heal|p1a: Kingambit|87/100 brn|[from] item: Leftovers
|-damage|p1a: Kingambit|81/100 brn|[from] brn
|-end|p1a: Kingambit|Encore
|upkeep
|
|t:|1760445355
|switch|p2a: Pepeliper|Pelipper, M|28/100
|-weather|RainDance|[from] ability: Drizzle|[of] p2a: Pepeliper
|turn|29
|
|t:|1760445360
|move|p1a: Kingambit|Kowtow Cleave|p2a: Pepeliper
|-damage|p2a: Pepeliper|0 fnt
|faint|p2a: Pepeliper
|
|-weather|RainDance|[upkeep]
|-heal|p1a: Kingambit|87/100 brn|[from] item: Leftovers
|-damage|p1a: Kingambit|81/100 brn|[from] brn
|upkeep
|
|t:|1760445364
|switch|p2a: astakuda|Barraskewda, M, tera:Water|15/100
|turn|30
|
|t:|1760445367
|move|p2a: astakuda|Liquidation|p1a: Kingambit
|-damage|p1a: Kingambit|0 fnt
|faint|p1a: Kingambit
|-end|p1a: Kingambit|fallen4|[silent]
|
|-weather|RainDance|[upkeep]
|upkeep
|
|t:|1760445369
|switch|p1a: Slowking|Slowking-Galar, M, shiny, tera:Water|51/100
|turn|31
|
|t:|1760445371
|move|p2a: astakuda|Liquidation|p1a: Slowking
|-resisted|p1a: Slowking
|-damage|p1a: Slowking|0 fnt
|faint|p1a: Slowking
|
|win|diavolo22772
|raw|Heixbtnd's rating: 1167 &rarr; <strong>1142</strong><br />(-25 for losing)
|raw|diavolo22772's rating: 1173 &rarr; <strong>1198</strong><br />(+25 for winning)
|l|‽Heixbtnd
|player|p1|
|l|☆diavolo22772
|player|p2|
