|j|☆Dew123
|j|☆DolipraneEnFeu
|t:|1760346588
|gametype|singles
|player|p1|Dew123|biker-gen4|1325
|player|p2|DolipraneEnFeu|102|1352
|gen|9
|tier|[Gen 9] OU
|rated|
|rule|HP Percentage Mod: HP is shown in percentages
|rule|Endless Battle Clause: Forcing endless battles is banned
|rule|Species Clause: Limit one of each Pokémon
|rule|OHKO Clause: OHKO moves are banned
|rule|Evasion Items Clause: Evasion items are banned
|rule|Evasion Moves Clause: Evasion moves are banned
|rule|Evasion Abilities Clause: Evasion abilities are banned
|rule|Sleep Moves Clause: Sleep-inducing moves are banned
|clearpoke
|poke|p1|Feraligatr, F|
|poke|p1|Victreebel, F|
|poke|p1|Chandelure, M|
|poke|p1|Excadrill, F|
|poke|p1|Malamar, M|
|poke|p1|Clefable, F|
|poke|p2|Tyranitar, F|
|poke|p2|Latios, M|
|poke|p2|Alomomola, M|
|poke|p2|Iron Treads|
|poke|p2|Pecharunt|
|poke|p2|Moltres|
|teampreview
|inactive|Battle timer is ON: inactive players will automatically lose when time's up. (requested by Dew123)
|
|t:|1760346592
|teamsize|p1|6
|teamsize|p2|6
|start
|switch|p1a: MegaFeraligatr|Feraligatr, F|100/100
|switch|p2a: Tyranitar|Tyranitar, F|100/100
|-weather|Sandstorm|[from] ability: Sand Stream|[of] p2a: Tyranitar
|turn|1
|l|☆Dew123
|inactive|Dew123 disconnected and has a minute to reconnect!
|player|p1|
|inactive|Dew123 has 30 seconds to reconnect!
|j|☆Dew123
|inactive|Dew123 reconnected and has 115 seconds left.
|player|p1|Dew123|biker-gen4|
|
|t:|1760346630
|switch|p2a: Alomomola|Alomomola, M|100/100
|move|p1a: MegaFeraligatr|Dragon Dance|p1a: MegaFeraligatr
|-boost|p1a: MegaFeraligatr|atk|1
|-boost|p1a: MegaFeraligatr|spe|1
|
|-weather|Sandstorm|[upkeep]
|-damage|p1a: MegaFeraligatr|94/100|[from] Sandstorm
|-damage|p2a: Alomomola|94/100|[from] Sandstorm
|upkeep
|turn|2
|
|t:|1760346637
|move|p1a: MegaFeraligatr|Dragon Dance|p1a: MegaFeraligatr
|-boost|p1a: MegaFeraligatr|atk|1
|-boost|p1a: MegaFeraligatr|spe|1
|move|p2a: Alomomola|Flip Turn|p1a: MegaFeraligatr
|-resisted|p1a: MegaFeraligatr
|-damage|p1a: MegaFeraligatr|86/100
|
|t:|1760346640
|switch|p2a: Moltres|Moltres|100/100|[from] Flip Turn
|
|-weather|Sandstorm|[upkeep]
|-damage|p1a: MegaFeraligatr|80/100|[from] Sandstorm
|-damage|p2a: Moltres|94/100|[from] Sandstorm
|upkeep
|turn|3
|
|t:|1760346644
|-terastallize|p2a: Moltres|Grass
|move|p1a: MegaFeraligatr|Liquidation|p2a: Moltres
|-resisted|p2a: Moltres
|-damage|p2a: Moltres|46/100
|move|p2a: Moltres|Will-O-Wisp|p1a: MegaFeraligatr
|-status|p1a: MegaFeraligatr|brn
|
|-weather|Sandstorm|[upkeep]
|-damage|p1a: MegaFeraligatr|73/100 brn|[from] Sandstorm
|-damage|p2a: Moltres|40/100|[from] Sandstorm
|-damage|p1a: MegaFeraligatr|67/100 brn|[from] brn
|upkeep
|turn|4
|inactive|DolipraneEnFeu has 120 seconds left.
|
|t:|1760346677
|move|p1a: MegaFeraligatr|Ice Punch|p2a: Moltres
|-supereffective|p2a: Moltres
|-crit|p2a: Moltres
|-damage|p2a: Moltres|0 fnt
|faint|p2a: Moltres
|
|-weather|Sandstorm|[upkeep]
|-damage|p1a: MegaFeraligatr|61/100 brn|[from] Sandstorm
|-damage|p1a: MegaFeraligatr|55/100 brn|[from] brn
|upkeep
|
|t:|1760346681
|switch|p2a: Pecharunt|Pecharunt|100/100
|turn|5
|
|t:|1760346690
|move|p1a: MegaFeraligatr|Liquidation|p2a: Pecharunt
|-damage|p2a: Pecharunt|71/100
|move|p2a: Pecharunt|Shadow Ball|p1a: MegaFeraligatr
|-damage|p1a: MegaFeraligatr|23/100 brn
|
|-weather|none
|-damage|p1a: MegaFeraligatr|17/100 brn|[from] brn
|upkeep
|turn|6
|
|t:|1760346693
|move|p1a: MegaFeraligatr|Liquidation|p2a: Pecharunt
|-damage|p2a: Pecharunt|43/100
|move|p2a: Pecharunt|Recover|p2a: Pecharunt
|-heal|p2a: Pecharunt|93/100
|
|-damage|p1a: MegaFeraligatr|11/100 brn|[from] brn
|upkeep
|turn|7
|
|t:|1760346697
|move|p1a: MegaFeraligatr|Ice Punch|p2a: Pecharunt
|-damage|p2a: Pecharunt|77/100
|move|p2a: Pecharunt|Shadow Ball|p1a: MegaFeraligatr
|-damage|p1a: MegaFeraligatr|0 fnt
|faint|p1a: MegaFeraligatr
|
|upkeep
|
|t:|1760346700
|switch|p1a: Mega chandelure|Chandelure, M|100/100
|turn|8
|
|t:|1760346710
|switch|p2a: Tyranitar|Tyranitar, F|100/100
|-weather|Sandstorm|[from] ability: Sand Stream|[of] p2a: Tyranitar
|-terastallize|p1a: Mega chandelure|Ghost
|move|p1a: Mega chandelure|Shadow Ball|p2a: Tyranitar
|-resisted|p2a: Tyranitar
|-damage|p2a: Tyranitar|86/100
|
|-weather|Sandstorm|[upkeep]
|-damage|p1a: Mega chandelure|94/100|[from] Sandstorm
|upkeep
|turn|9
|
|t:|1760346715
|switch|p1a: Victreebel|Victreebel, F|100/100
|move|p2a: Tyranitar|Knock Off|p1a: Victreebel
|-damage|p1a: Victreebel|27/100
|-enditem|p1a: Victreebel|Petaya Berry|[from] move: Knock Off|[of] p2a: Tyranitar
|
|-weather|Sandstorm|[upkeep]
|-damage|p1a: Victreebel|21/100|[from] Sandstorm
|upkeep
|turn|10
|
|t:|1760346723
|move|p1a: Victreebel|Giga Drain|p2a: Tyranitar
|-supereffective|p2a: Tyranitar
|-damage|p2a: Tyranitar|61/100
|-heal|p1a: Victreebel|39/100|[from] drain|[of] p2a: Tyranitar
|move|p2a: Tyranitar|Ice Beam|p1a: Victreebel
|-supereffective|p1a: Victreebel
|-damage|p1a: Victreebel|0 fnt
|faint|p1a: Victreebel
|
|-weather|Sandstorm|[upkeep]
|upkeep
|
|t:|1760346725
|switch|p1a: MegaExcadrill|Excadrill, F|100/100
|-item|p1a: MegaExcadrill|Air Balloon
|turn|11
|
|t:|1760346730
|switch|p2a: Pecharunt|Pecharunt|77/100
|move|p1a: MegaExcadrill|Swords Dance|p1a: MegaExcadrill
|-boost|p1a: MegaExcadrill|atk|2
|
|-weather|Sandstorm|[upkeep]
|-damage|p2a: Pecharunt|70/100|[from] Sandstorm
|upkeep
|turn|12
|
|t:|1760346732
|move|p1a: MegaExcadrill|Swords Dance|p1a: MegaExcadrill
|-boost|p1a: MegaExcadrill|atk|2
|move|p2a: Pecharunt|Parting Shot|p1a: MegaExcadrill
|-unboost|p1a: MegaExcadrill|atk|1
|-unboost|p1a: MegaExcadrill|spa|1
|
|t:|1760346745
|switch|p2a: Tyranitar|Tyranitar, F|61/100|[from] Parting Shot
|
|-weather|none
|upkeep
|turn|13
|
|t:|1760346747
|move|p1a: MegaExcadrill|Earthquake|p2a: Tyranitar
|-supereffective|p2a: Tyranitar
|-damage|p2a: Tyranitar|0 fnt
|faint|p2a: Tyranitar
|
|upkeep
|
|t:|1760346750
|switch|p2a: Latios|Latios, M|100/100
|turn|14
|
|t:|1760346752
|move|p2a: Latios|Aura Sphere|p1a: MegaExcadrill
|-supereffective|p1a: MegaExcadrill
|-damage|p1a: MegaExcadrill|0 fnt
|-enditem|p1a: MegaExcadrill|Air Balloon
|faint|p1a: MegaExcadrill
|
|upkeep
|
|t:|1760346756
|switch|p1a: Mega chandelure|Chandelure, M, tera:Ghost|94/100
|turn|15
|
|t:|1760346760
|switch|p2a: Pecharunt|Pecharunt|70/100
|move|p1a: Mega chandelure|Trick|p2a: Pecharunt
|-activate|p1a: Mega chandelure|move: Trick|[of] p2a: Pecharunt
|-item|p2a: Pecharunt|Choice Scarf|[from] move: Trick
|-item|p1a: Mega chandelure|Heavy-Duty Boots|[from] move: Trick
|
|upkeep
|turn|16
|
|t:|1760346774
|switch|p1a: Malamar|Malamar, M|100/100
|move|p2a: Pecharunt|Parting Shot|p1a: Malamar
|-boost|p1a: Malamar|atk|1
|-boost|p1a: Malamar|spa|1
|
|t:|1760346784
|switch|p2a: Latios|Latios, M|100/100|[from] Parting Shot
|
|upkeep
|turn|17
|
|t:|1760346787
|move|p2a: Latios|Draco Meteor|p1a: Malamar
|-damage|p1a: Malamar|0 fnt
|-unboost|p2a: Latios|spa|2
|faint|p1a: Malamar
|
|upkeep
|
|t:|1760346789
|switch|p1a: Mega chandelure|Chandelure, M, tera:Ghost|94/100
|turn|18
|
|t:|1760346793
|move|p2a: Latios|Draco Meteor|p1a: Mega chandelure
|-damage|p1a: Mega chandelure|22/100
|-unboost|p2a: Latios|spa|2
|move|p1a: Mega chandelure|Shadow Ball|p2a: Latios
|-supereffective|p2a: Latios
|-damage|p2a: Latios|0 fnt
|faint|p2a: Latios
|
|upkeep
|
|t:|1760346796
|switch|p2a: Iron Treads|Iron Treads|100/100
|turn|19
|
|t:|1760346800
|move|p1a: Mega chandelure|Flamethrower|p2a: Iron Treads
|-supereffective|p2a: Iron Treads
|-damage|p2a: Iron Treads|12/100
|move|p2a: Iron Treads|Earthquake|p1a: Mega chandelure
|-damage|p1a: Mega chandelure|0 fnt
|faint|p1a: Mega chandelure
|
|-heal|p2a: Iron Treads|19/100|[from] item: Leftovers
|upkeep
|
|t:|1760346802
|switch|p1a: MegaClefable|Clefable, F|100/100
|turn|20
|
|t:|1760346805
|-end|p2a: Iron Treads|Quark Drive|[silent]
|switch|p2a: Pecharunt|Pecharunt|70/100
|move|p1a: MegaClefable|Calm Mind|p1a: MegaClefable
|-boost|p1a: MegaClefable|spa|1
|-boost|p1a: MegaClefable|spd|1
|
|upkeep
|turn|21
|
|t:|1760346808
|move|p2a: Pecharunt|Malignant Chain|p1a: MegaClefable
|-supereffective|p1a: MegaClefable
|-damage|p1a: MegaClefable|61/100
|move|p1a: MegaClefable|Calm Mind|p1a: MegaClefable
|-boost|p1a: MegaClefable|spa|1
|-boost|p1a: MegaClefable|spd|1
|
|-heal|p1a: MegaClefable|67/100|[from] item: Leftovers
|upkeep
|turn|22
|
|t:|1760346811
|move|p2a: Pecharunt|Malignant Chain|p1a: MegaClefable
|-supereffective|p1a: MegaClefable
|-damage|p1a: MegaClefable|39/100
|-status|p1a: MegaClefable|tox
|-start|p1a: MegaClefable|confusion|[from] ability: Poison Puppeteer|[of] p2a: Pecharunt
|-activate|p1a: MegaClefable|confusion
|move|p1a: MegaClefable|Moonlight|p1a: MegaClefable
|-heal|p1a: MegaClefable|89/100 tox
|
|-heal|p1a: MegaClefable|95/100 tox|[from] item: Leftovers
|upkeep
|turn|23
|
|t:|1760346818
|move|p2a: Pecharunt|Malignant Chain|p1a: MegaClefable
|-supereffective|p1a: MegaClefable
|-damage|p1a: MegaClefable|63/100 tox
|-activate|p1a: MegaClefable|confusion
|-damage|p1a: MegaClefable|58/100 tox|[from] confusion
|
|-heal|p1a: MegaClefable|64/100 tox|[from] item: Leftovers
|upkeep
|turn|24
|
|t:|1760346822
|move|p2a: Pecharunt|Malignant Chain|p1a: MegaClefable
|-supereffective|p1a: MegaClefable
|-damage|p1a: MegaClefable|36/100 tox
|-activate|p1a: MegaClefable|confusion
|move|p1a: MegaClefable|Calm Mind|p1a: MegaClefable
|-boost|p1a: MegaClefable|spa|1
|-boost|p1a: MegaClefable|spd|1
|
|-heal|p1a: MegaClefable|42/100 tox|[from] item: Leftovers
|upkeep
|turn|25
|
|t:|1760346825
|move|p2a: Pecharunt|Malignant Chain|p1a: MegaClefable
|-supereffective|p1a: MegaClefable
|-damage|p1a: MegaClefable|17/100 tox
|-end|p1a: MegaClefable|confusion
|move|p1a: MegaClefable|Moonlight|p1a: MegaClefable
|-heal|p1a: MegaClefable|67/100 tox
|
|-heal|p1a: MegaClefable|73/100 tox|[from] item: Leftovers
|upkeep
|turn|26
|
|t:|1760346829
|switch|p2a: Iron Treads|Iron Treads|19/100
|move|p1a: MegaClefable|Calm Mind|p1a: MegaClefable
|-boost|p1a: MegaClefable|spa|1
|-boost|p1a: MegaClefable|spd|1
|
|-heal|p2a: Iron Treads|25/100|[from] item: Leftovers
|-heal|p1a: MegaClefable|79/100 tox|[from] item: Leftovers
|upkeep
|turn|27
|
|t:|1760346830
|move|p2a: Iron Treads|Earthquake|p1a: MegaClefable
|-damage|p1a: MegaClefable|47/100 tox
|move|p1a: MegaClefable|Moonblast|p2a: Iron Treads
|-resisted|p2a: Iron Treads
|-damage|p2a: Iron Treads|0 fnt
|faint|p2a: Iron Treads
|-end|p2a: Iron Treads|Quark Drive|[silent]
|
|-heal|p1a: MegaClefable|54/100 tox|[from] item: Leftovers
|upkeep
|-message|DolipraneEnFeu forfeited.
|
|win|Dew123
|raw|Dew123's rating: 1325 &rarr; <strong>1347</strong><br />(+22 for winning)
|raw|DolipraneEnFeu's rating: 1352 &rarr; <strong>1330</strong><br />(-22 for losing)
|l|☆DolipraneEnFeu
|player|p2|
|l|☆Dew123
|player|p1|
