|j|☆quilpz
|j|☆Walking Waste
|t:|1760319205
|gametype|singles
|player|p1|quilpz|caitlin|1363
|player|p2|Walking Waste|burglar-gen2|1392
|gen|9
|tier|[Gen 9] OU
|rated|
|rule|HP Percentage Mod: HP is shown in percentages
|rule|Endless Battle Clause: Forcing endless battles is banned
|rule|Species Clause: Limit one of each Pokémon
|rule|OHKO Clause: OHKO moves are banned
|rule|Evasion Items Clause: Evasion items are banned
|rule|Evasion Moves Clause: Evasion moves are banned
|rule|Evasion Abilities Clause: Evasion abilities are banned
|rule|Sleep Moves Clause: Sleep-inducing moves are banned
|clearpoke
|poke|p1|Zapdos|
|poke|p1|Glimmora, F|
|poke|p1|Clefable, M|
|poke|p1|Kyurem|
|poke|p1|Hawlucha, F|
|poke|p1|Scizor, M|
|poke|p2|Kyurem|
|poke|p2|Great Tusk|
|poke|p2|Dragapult, F|
|poke|p2|Dragonite, F|
|poke|p2|Haxorus, M|
|poke|p2|Galvantula, F|
|teampreview
|inactive|Battle timer is ON: inactive players will automatically lose when time's up. (requested by Walking Waste)
|
|t:|1760319218
|teamsize|p1|6
|teamsize|p2|6
|start
|switch|p1a: Glimmora|Glimmora, F|100/100
|switch|p2a: Darkling|Galvantula, F|100/100
|turn|1
|
|t:|1760319228
|move|p2a: Darkling|Thunder|p1a: Glimmora
|-damage|p1a: Glimmora|49/100
|move|p1a: Glimmora|Power Gem|p2a: Darkling
|-supereffective|p2a: Darkling
|-enditem|p2a: Darkling|Focus Sash
|-damage|p2a: Darkling|1/100
|
|upkeep
|turn|2
|
|t:|1760319237
|move|p2a: Darkling|Thunder|p1a: Glimmora|[miss]
|-miss|p2a: Darkling|p1a: Glimmora
|move|p1a: Glimmora|Memento|p2a: Darkling
|-unboost|p2a: Darkling|atk|2
|-unboost|p2a: Darkling|spa|2
|faint|p1a: Glimmora
|
|upkeep
|
|t:|1760319242
|switch|p1a: Kyurem|Kyurem|100/100
|-ability|p1a: Kyurem|Pressure
|turn|3
|
|t:|1760319246
|move|p2a: Darkling|Sticky Web|p1a: Kyurem
|-sidestart|p1: quilpz|move: Sticky Web
|move|p1a: Kyurem|Dragon Dance|p1a: Kyurem
|-boost|p1a: Kyurem|atk|1
|-boost|p1a: Kyurem|spe|1
|
|upkeep
|turn|4
|
|t:|1760319248
|move|p1a: Kyurem|Dragon Dance|p1a: Kyurem
|-boost|p1a: Kyurem|atk|1
|-boost|p1a: Kyurem|spe|1
|move|p2a: Darkling|Thunder Wave|p1a: Kyurem
|-status|p1a: Kyurem|par
|
|upkeep
|turn|5
|
|t:|1760319258
|switch|p2a: Dragonite|Dragonite, F, shiny|100/100
|move|p1a: Kyurem|Dragon Dance|p1a: Kyurem
|-boost|p1a: Kyurem|atk|1
|-boost|p1a: Kyurem|spe|1
|
|upkeep
|turn|6
|
|t:|1760319265
|-terastallize|p2a: Dragonite|Fire
|move|p1a: Kyurem|Icicle Spear|p2a: Dragonite
|-resisted|p2a: Dragonite
|-damage|p2a: Dragonite|90/100
|-resisted|p2a: Dragonite
|-damage|p2a: Dragonite|69/100
|-resisted|p2a: Dragonite
|-damage|p2a: Dragonite|50/100
|-resisted|p2a: Dragonite
|-damage|p2a: Dragonite|31/100
|-resisted|p2a: Dragonite
|-damage|p2a: Dragonite|10/100
|-hitcount|p2a: Dragonite|5
|move|p2a: Dragonite|Dragon Dance|p2a: Dragonite
|-boost|p2a: Dragonite|atk|1
|-boost|p2a: Dragonite|spe|1
|
|upkeep
|turn|7
|
|t:|1760319271
|-terastallize|p1a: Kyurem|Ground
|move|p2a: Dragonite|Scale Shot|p1a: Kyurem
|-damage|p1a: Kyurem|79/100 par
|-damage|p1a: Kyurem|54/100 par
|-damage|p1a: Kyurem|32/100 par
|-damage|p1a: Kyurem|7/100 par
|-damage|p1a: Kyurem|0 fnt
|faint|p1a: Kyurem
|-hitcount|p1: Kyurem|5
|-unboost|p2a: Dragonite|def|1
|-boost|p2a: Dragonite|spe|1
|
|upkeep
|
|t:|1760319276
|switch|p1a: Hawlucha|Hawlucha, F|100/100
|-ability|p1a: Hawlucha|Mold Breaker
|turn|8
|
|t:|1760319286
|move|p2a: Dragonite|Scale Shot|p1a: Hawlucha
|-damage|p1a: Hawlucha|67/100
|-damage|p1a: Hawlucha|36/100
|-damage|p1a: Hawlucha|3/100
|-damage|p1a: Hawlucha|0 fnt
|faint|p1a: Hawlucha
|-hitcount|p1: Hawlucha|4
|-unboost|p2a: Dragonite|def|1
|-boost|p2a: Dragonite|spe|1
|
|upkeep
|
|t:|1760319293
|switch|p1a: Scizor|Scizor, M|100/100
|-activate|p1a: Scizor|move: Sticky Web
|-unboost|p1a: Scizor|spe|1
|turn|9
|
|t:|1760319296
|move|p1a: Scizor|Bullet Punch|p2a: Dragonite
|-resisted|p2a: Dragonite
|-damage|p2a: Dragonite|0 fnt
|faint|p2a: Dragonite
|
|upkeep
|
|t:|1760319305
|switch|p2a: Dragapult|Dragapult, F|100/100
|turn|10
|
|t:|1760319308
|move|p2a: Dragapult|Fire Blast|p1a: Scizor
|-supereffective|p1a: Scizor
|-damage|p1a: Scizor|0 fnt
|faint|p1a: Scizor
|-damage|p2a: Dragapult|91/100|[from] item: Life Orb
|
|upkeep
|
|t:|1760319311
|switch|p1a: Zapdos|Zapdos|100/100
|turn|11
|
|t:|1760319315
|move|p2a: Dragapult|Dragon Dance|p2a: Dragapult
|-boost|p2a: Dragapult|atk|1
|-boost|p2a: Dragapult|spe|1
|move|p1a: Zapdos|Agility|p1a: Zapdos
|-boost|p1a: Zapdos|spe|2
|
|upkeep
|turn|12
|
|t:|1760319323
|move|p1a: Zapdos|Hurricane|p2a: Dragapult|[miss]
|-miss|p1a: Zapdos|p2a: Dragapult
|move|p2a: Dragapult|Dragon Darts|p1a: Zapdos
|-damage|p1a: Zapdos|49/100
|-anim|p2a: Dragapult|Dragon Darts|p1a: Zapdos
|-damage|p1a: Zapdos|0 fnt
|faint|p1a: Zapdos
|-damage|p2a: Dragapult|81/100|[from] item: Life Orb
|
|upkeep
|
|t:|1760319328
|switch|p1a: Clefable|Clefable, M|100/100
|-activate|p1a: Clefable|move: Sticky Web
|-unboost|p1a: Clefable|spe|1
|turn|13
|
|t:|1760319337
|move|p2a: Dragapult|Fire Blast|p1a: Clefable
|-damage|p1a: Clefable|58/100
|-damage|p2a: Dragapult|71/100|[from] item: Life Orb
|move|p1a: Clefable|Cosmic Power|p1a: Clefable
|-boost|p1a: Clefable|def|1
|-boost|p1a: Clefable|spd|1
|
|-heal|p1a: Clefable|64/100|[from] item: Leftovers
|upkeep
|turn|14
|
|t:|1760319345
|switch|p2a: Darkling|Galvantula, F|1/100
|move|p1a: Clefable|Cosmic Power|p1a: Clefable
|-boost|p1a: Clefable|def|1
|-boost|p1a: Clefable|spd|1
|
|-heal|p1a: Clefable|70/100|[from] item: Leftovers
|upkeep
|turn|15
|
|t:|1760319350
|move|p2a: Darkling|Thunder Wave|p1a: Clefable
|-status|p1a: Clefable|par
|move|p1a: Clefable|Stored Power|p2a: Darkling
|-damage|p2a: Darkling|0 fnt
|faint|p2a: Darkling
|
|-heal|p1a: Clefable|76/100 par|[from] item: Leftovers
|upkeep
|
|t:|1760319372
|switch|p2a: Haxorus|Haxorus, M|100/100
|-ability|p2a: Haxorus|Mold Breaker
|turn|16
|
|t:|1760319376
|move|p2a: Haxorus|Swords Dance|p2a: Haxorus
|-boost|p2a: Haxorus|atk|2
|move|p1a: Clefable|Moonblast|p2a: Haxorus
|-supereffective|p2a: Haxorus
|-damage|p2a: Haxorus|0 fnt
|faint|p2a: Haxorus
|
|-heal|p1a: Clefable|82/100 par|[from] item: Leftovers
|upkeep
|inactive|Walking Waste has 120 seconds left.
|
|t:|1760319408
|switch|p2a: Kyurem|Kyurem|100/100
|-ability|p2a: Kyurem|Pressure
|turn|17
|c|☆quilpz|clef is love, clef is life, pray for a crit, or you will die
|
|t:|1760319417
|move|p2a: Kyurem|Icicle Spear|p1a: Clefable
|-damage|p1a: Clefable|76/100 par
|-damage|p1a: Clefable|68/100 par
|-damage|p1a: Clefable|62/100 par
|-damage|p1a: Clefable|56/100 par
|-damage|p1a: Clefable|50/100 par
|-hitcount|p1a: Clefable|5
|cant|p1a: Clefable|par
|
|-heal|p1a: Clefable|56/100 par|[from] item: Leftovers
|upkeep
|turn|18
|
|t:|1760319424
|move|p2a: Kyurem|Icicle Spear|p1a: Clefable
|-damage|p1a: Clefable|49/100 par
|-damage|p1a: Clefable|42/100 par
|-damage|p1a: Clefable|35/100 par
|-damage|p1a: Clefable|28/100 par
|-hitcount|p1a: Clefable|4
|move|p1a: Clefable|Moonlight|p1a: Clefable
|-heal|p1a: Clefable|78/100 par
|
|-heal|p1a: Clefable|84/100 par|[from] item: Leftovers
|upkeep
|turn|19
|
|t:|1760319428
|move|p2a: Kyurem|Icicle Spear|p1a: Clefable
|-damage|p1a: Clefable|78/100 par
|-damage|p1a: Clefable|72/100 par
|-damage|p1a: Clefable|66/100 par
|-damage|p1a: Clefable|60/100 par
|-hitcount|p1a: Clefable|4
|move|p1a: Clefable|Moonblast|p2a: Kyurem
|-supereffective|p2a: Kyurem
|-damage|p2a: Kyurem|39/100
|
|-heal|p1a: Clefable|66/100 par|[from] item: Leftovers
|upkeep
|turn|20
|
|t:|1760319430
|move|p2a: Kyurem|Icicle Spear|p1a: Clefable
|-damage|p1a: Clefable|59/100 par
|-damage|p1a: Clefable|53/100 par
|-damage|p1a: Clefable|46/100 par
|-damage|p1a: Clefable|40/100 par
|-damage|p1a: Clefable|34/100 par
|-hitcount|p1a: Clefable|5
|move|p1a: Clefable|Moonblast|p2a: Kyurem
|-supereffective|p2a: Kyurem
|-damage|p2a: Kyurem|0 fnt
|faint|p2a: Kyurem
|
|-heal|p1a: Clefable|40/100 par|[from] item: Leftovers
|upkeep
|
|t:|1760319441
|switch|p2a: Great Tusk|Great Tusk|100/100
|-enditem|p2a: Great Tusk|Booster Energy
|-activate|p2a: Great Tusk|ability: Protosynthesis|[fromitem]
|-start|p2a: Great Tusk|protosynthesisatk
|turn|21
|
|t:|1760319443
|move|p2a: Great Tusk|Headlong Rush|p1a: Clefable
|-damage|p1a: Clefable|7/100 par
|-unboost|p2a: Great Tusk|def|1
|-unboost|p2a: Great Tusk|spd|1
|move|p1a: Clefable|Moonlight|p1a: Clefable
|-heal|p1a: Clefable|57/100 par
|
|-heal|p1a: Clefable|63/100 par|[from] item: Leftovers
|upkeep
|turn|22
|
|t:|1760319446
|move|p2a: Great Tusk|Headlong Rush|p1a: Clefable
|-damage|p1a: Clefable|27/100 par
|-unboost|p2a: Great Tusk|def|1
|-unboost|p2a: Great Tusk|spd|1
|move|p1a: Clefable|Moonlight|p1a: Clefable
|-heal|p1a: Clefable|77/100 par
|
|-heal|p1a: Clefable|83/100 par|[from] item: Leftovers
|upkeep
|turn|23
|
|t:|1760319451
|move|p2a: Great Tusk|Headlong Rush|p1a: Clefable
|-crit|p1a: Clefable
|-damage|p1a: Clefable|0 fnt
|-unboost|p2a: Great Tusk|def|1
|-unboost|p2a: Great Tusk|spd|1
|faint|p1a: Clefable
|
|win|Walking Waste
|raw|quilpz's rating: 1363 &rarr; <strong>1345</strong><br />(-18 for losing)
|raw|Walking Waste's rating: 1392 &rarr; <strong>1410</strong><br />(+18 for winning)
|l|☆Walking Waste
|player|p2|
|c|☆quilpz|crit damn
|l|☆quilpz
|player|p1|
