|j|☆FruitAtTheBottom
|j|☆Mr.X&Y97
|t:|1760382152
|gametype|singles
|player|p1|FruitAtTheBottom|169|1623
|player|p2|Mr.X&Y97|ingo|1570
|gen|9
|tier|[Gen 9] OU
|rated|
|rule|HP Percentage Mod: HP is shown in percentages
|rule|Endless Battle Clause: Forcing endless battles is banned
|rule|Species Clause: Limit one of each Pokémon
|rule|OHKO Clause: OHKO moves are banned
|rule|Evasion Items Clause: Evasion items are banned
|rule|Evasion Moves Clause: Evasion moves are banned
|rule|Evasion Abilities Clause: Evasion abilities are banned
|rule|Sleep Moves Clause: Sleep-inducing moves are banned
|clearpoke
|poke|p1|Landorus-Therian, M|
|poke|p1|Samurott-Hisui, F|
|poke|p1|Pecharunt|
|poke|p1|Scizor, M|
|poke|p1|Latios, M|
|poke|p1|Zamazenta-*|
|poke|p2|Indeedee, M|
|poke|p2|Armarouge, M|
|poke|p2|Hatterene, F|
|poke|p2|Polteageist|
|poke|p2|Hawlucha, F|
|poke|p2|Maushold|
|teampreview
|inactive|Battle timer is ON: inactive players will automatically lose when time's up. (requested by Mr.X&Y97)
|
|t:|1760382166
|teamsize|p1|6
|teamsize|p2|6
|start
|switch|p1a: Samurott|Samurott-Hisui, F|100/100
|switch|p2a: Maushold|Maushold|100/100
|turn|1
|
|t:|1760382170
|switch|p2a: Armarouge|Armarouge, M|100/100
|move|p1a: Samurott|Ceaseless Edge|p2a: Armarouge
|-supereffective|p2a: Armarouge
|-damage|p2a: Armarouge|0 fnt
|-sidestart|p2: Mr.X&Y97|Spikes
|faint|p2a: Armarouge
|
|upkeep
|
|t:|1760382182
|switch|p2a: Indeedee|Indeedee, M|100/100
|-damage|p2a: Indeedee|88/100|[from] Spikes
|-fieldstart|move: Psychic Terrain|[from] ability: Psychic Surge|[of] p2a: Indeedee
|turn|2
|
|t:|1760382188
|-terastallize|p2a: Indeedee|Fairy
|move|p2a: Indeedee|Dazzling Gleam|p1a: Samurott
|-supereffective|p1a: Samurott
|-damage|p1a: Samurott|49/100
|move|p1a: Samurott|Ceaseless Edge|p2a: Indeedee
|-resisted|p2a: Indeedee
|-damage|p2a: Indeedee|44/100
|-sidestart|p2: Mr.X&Y97|Spikes
|
|upkeep
|turn|3
|
|t:|1760382211
|-terastallize|p1a: Samurott|Ground
|move|p2a: Indeedee|Dazzling Gleam|p1a: Samurott
|-damage|p1a: Samurott|20/100
|move|p1a: Samurott|Ceaseless Edge|p2a: Indeedee
|-resisted|p2a: Indeedee
|-damage|p2a: Indeedee|5/100
|-sidestart|p2: Mr.X&Y97|Spikes
|
|upkeep
|turn|4
|
|t:|1760382220
|move|p2a: Indeedee|Expanding Force|p1a: Samurott
|-damage|p1a: Samurott|0 fnt
|faint|p1a: Samurott
|
|upkeep
|
|t:|1760382227
|switch|p1a: Latios|Latios, M|100/100
|turn|5
|
|t:|1760382231
|switch|p2a: Hatterene|Hatterene, F|100/100
|-damage|p2a: Hatterene|76/100|[from] Spikes
|move|p1a: Latios|Psychic|p2a: Hatterene
|-resisted|p2a: Hatterene
|-damage|p2a: Hatterene|47/100
|-enditem|p2a: Hatterene|Eject Button
|
|t:|1760382233
|switch|p2a: Maushold|Maushold|100/100
|-damage|p2a: Maushold|76/100|[from] Spikes
|
|upkeep
|turn|6
|
|t:|1760382241
|move|p2a: Maushold|Tidy Up|p2a: Maushold
|-sideend|p2: Mr.X&Y97|Spikes
|-activate|p2a: Maushold|move: Tidy Up
|-boost|p2a: Maushold|atk|1
|-boost|p2a: Maushold|spe|1
|move|p1a: Latios|Psychic|p2a: Maushold
|-damage|p2a: Maushold|0 fnt
|faint|p2a: Maushold
|
|upkeep
|
|t:|1760382254
|switch|p2a: Polteageist|Polteageist|100/100
|turn|7
|
|t:|1760382261
|move|p1a: Latios|Psychic|p2a: Polteageist
|-damage|p2a: Polteageist|40/100
|move|p2a: Polteageist|Shell Smash|p2a: Polteageist
|-unboost|p2a: Polteageist|def|1
|-unboost|p2a: Polteageist|spd|1
|-boost|p2a: Polteageist|atk|2
|-boost|p2a: Polteageist|spa|2
|-boost|p2a: Polteageist|spe|2
|
|upkeep
|turn|8
|
|t:|1760382289
|switch|p1a: Landorus|Landorus-Therian, M|100/100
|-ability|p1a: Landorus|Intimidate|boost
|-unboost|p2a: Polteageist|atk|1
|move|p2a: Polteageist|Shadow Ball|p1a: Landorus
|-damage|p1a: Landorus|0 fnt
|faint|p1a: Landorus
|
|upkeep
|inactive|FruitAtTheBottom has 120 seconds left.
|
|t:|1760382304
|switch|p1a: Latios|Latios, M|100/100
|turn|9
|
|t:|1760382308
|move|p2a: Polteageist|Shadow Ball|p1a: Latios
|-supereffective|p1a: Latios
|-damage|p1a: Latios|0 fnt
|faint|p1a: Latios
|
|-fieldend|move: Psychic Terrain
|upkeep
|
|t:|1760382311
|switch|p1a: Scizor|Scizor, M|100/100
|turn|10
|
|t:|1760382335
|move|p1a: Scizor|Bullet Punch|p2a: Polteageist
|-crit|p2a: Polteageist
|-damage|p2a: Polteageist|0 fnt
|faint|p2a: Polteageist
|
|upkeep
|
|t:|1760382338
|switch|p2a: Indeedee|Indeedee, M, tera:Fairy|5/100
|-fieldstart|move: Psychic Terrain|[from] ability: Psychic Surge|[of] p2a: Indeedee
|turn|11
|
|t:|1760382356
|move|p2a: Indeedee|Healing Wish|p2a: Indeedee
|faint|p2a: Indeedee
|move|p1a: Scizor|Knock Off|p2: Indeedee|[notarget]
|-fail|p1a: Scizor
|
|upkeep
|
|t:|1760382359
|switch|p2a: Hawlucha|Hawlucha, F|100/100
|-enditem|p2a: Hawlucha|Psychic Seed
|-boost|p2a: Hawlucha|spd|1|[from] item: Psychic Seed
|turn|12
|
|t:|1760382366
|switch|p1a: Pecharunt|Pecharunt|100/100
|move|p2a: Hawlucha|Encore||[still]
|-fail|p2a: Hawlucha
|
|upkeep
|turn|13
|
|t:|1760382370
|move|p2a: Hawlucha|Swords Dance|p2a: Hawlucha
|-boost|p2a: Hawlucha|atk|2
|move|p1a: Pecharunt|Malignant Chain|p2a: Hawlucha
|-damage|p2a: Hawlucha|73/100
|
|upkeep
|turn|14
|
|t:|1760382374
|move|p2a: Hawlucha|Acrobatics|p1a: Pecharunt
|-damage|p1a: Pecharunt|38/100
|move|p1a: Pecharunt|Malignant Chain|p2a: Hawlucha
|-damage|p2a: Hawlucha|44/100
|
|upkeep
|turn|15
|
|t:|1760382381
|move|p2a: Hawlucha|Acrobatics|p1a: Pecharunt
|-damage|p1a: Pecharunt|0 fnt
|faint|p1a: Pecharunt
|
|upkeep
|
|t:|1760382385
|switch|p1a: Zamazenta|Zamazenta|100/100
|-ability|p1a: Zamazenta|Dauntless Shield|boost
|-boost|p1a: Zamazenta|def|1
|turn|16
|
|t:|1760382388
|move|p2a: Hawlucha|Acrobatics|p1a: Zamazenta
|-supereffective|p1a: Zamazenta
|-damage|p1a: Zamazenta|0 fnt
|faint|p1a: Zamazenta
|
|upkeep
|
|t:|1760382390
|switch|p1a: Scizor|Scizor, M|100/100
|turn|17
|
|t:|1760382398
|move|p2a: Hawlucha|Close Combat|p1a: Scizor
|-damage|p1a: Scizor|0 fnt
|-unboost|p2a: Hawlucha|def|1
|-unboost|p2a: Hawlucha|spd|1
|faint|p1a: Scizor
|
|win|Mr.X&Y97
|raw|FruitAtTheBottom's rating: 1623 &rarr; <strong>1600</strong><br />(-23 for losing)
|raw|Mr.X&amp;Y97's rating: 1570 &rarr; <strong>1593</strong><br />(+23 for winning)
|l|☆FruitAtTheBottom
|player|p1|
