|j|☆wober45
|j|☆drew1750
|t:|1760379311
|gametype|singles
|player|p1|wober45|102|1077
|player|p2|drew1750|101|1152
|gen|9
|tier|[Gen 9] OU
|rated|
|rule|HP Percentage Mod: HP is shown in percentages
|rule|Endless Battle Clause: Forcing endless battles is banned
|rule|Species Clause: Limit one of each Pokémon
|rule|OHKO Clause: OHKO moves are banned
|rule|Evasion Items Clause: Evasion items are banned
|rule|Evasion Moves Clause: Evasion moves are banned
|rule|Evasion Abilities Clause: Evasion abilities are banned
|rule|Sleep Moves Clause: Sleep-inducing moves are banned
|clearpoke
|poke|p1|Moltres|
|poke|p1|Zamazenta-*|
|poke|p1|Darkrai|
|poke|p1|Hydrapple, M|
|poke|p1|Ting-Lu|
|poke|p1|Tinkaton, F|
|poke|p2|Pecharunt|
|poke|p2|Appletun, F|
|poke|p2|Kommo-o, F|
|poke|p2|Moltres-Galar|
|poke|p2|Kleavor, F|
|poke|p2|Dondozo, M|
|teampreview
|inactive|Battle timer is ON: inactive players will automatically lose when time's up. (requested by drew1750)
|
|t:|1760379323
|teamsize|p1|6
|teamsize|p2|6
|start
|switch|p1a: Tinkaton|Tinkaton, F|100/100
|switch|p2a: Kleavor|Kleavor, F|100/100
|-ability|p1a: Tinkaton|Mold Breaker
|-item|p1a: Tinkaton|Air Balloon
|turn|1
|
|t:|1760379341
|move|p2a: Kleavor|Stone Axe|p1a: Tinkaton
|-resisted|p1a: Tinkaton
|-damage|p1a: Tinkaton|67/100
|-enditem|p1a: Tinkaton|Air Balloon
|-sidestart|p1: wober45|move: Stealth Rock
|move|p1a: Tinkaton|Gigaton Hammer|p2a: Kleavor
|-supereffective|p2a: Kleavor
|-damage|p2a: Kleavor|0 fnt
|faint|p2a: Kleavor
|
|upkeep
|
|t:|1760379352
|switch|p2a: Dondozo|Dondozo, M|100/100
|turn|2
|
|t:|1760379361
|switch|p2a: Pecharunt|Pecharunt|100/100
|move|p1a: Tinkaton|Stealth Rock|p2a: Pecharunt
|-sidestart|p2: drew1750|move: Stealth Rock
|
|upkeep
|turn|3
|
|t:|1760379368
|move|p1a: Tinkaton|Gigaton Hammer|p2a: Pecharunt
|-damage|p2a: Pecharunt|73/100
|move|p2a: Pecharunt|Parting Shot|p1a: Tinkaton
|-unboost|p1a: Tinkaton|atk|1
|-unboost|p1a: Tinkaton|spa|1
|
|t:|1760379382
|switch|p2a: Appletun|Appletun, F|100/100|[from] Parting Shot
|-damage|p2a: Appletun|88/100|[from] Stealth Rock
|
|-heal|p2a: Appletun|94/100|[from] item: Leftovers
|upkeep
|turn|4
|
|t:|1760379410
|switch|p1a: Ting-Lu|Ting-Lu|100/100
|-damage|p1a: Ting-Lu|94/100|[from] Stealth Rock
|-ability|p1a: Ting-Lu|Vessel of Ruin
|move|p2a: Appletun|Leech Seed|p1a: Ting-Lu
|-start|p1a: Ting-Lu|move: Leech Seed
|
|-heal|p1a: Ting-Lu|100/100|[from] item: Leftovers
|-heal|p2a: Appletun|99/100|[from] item: Leftovers
|-damage|p1a: Ting-Lu|88/100|[from] Leech Seed|[of] p2a: Appletun
|-heal|p2a: Appletun|100/100|[silent]
|upkeep
|turn|5
|
|t:|1760379414
|move|p1a: Ting-Lu|Ruination|p2a: Appletun
|-damage|p2a: Appletun|50/100
|move|p2a: Appletun|Apple Acid|p1a: Ting-Lu
|-supereffective|p1a: Ting-Lu
|-damage|p1a: Ting-Lu|67/100
|-unboost|p1a: Ting-Lu|spd|1
|
|-heal|p1a: Ting-Lu|73/100|[from] item: Leftovers
|-heal|p2a: Appletun|57/100|[from] item: Leftovers
|-damage|p1a: Ting-Lu|61/100|[from] Leech Seed|[of] p2a: Appletun
|-heal|p2a: Appletun|72/100|[silent]
|upkeep
|turn|6
|
|t:|1760379424
|switch|p1a: Moltres|Moltres|100/100
|move|p2a: Appletun|Apple Acid|p1a: Moltres
|-resisted|p1a: Moltres
|-damage|p1a: Moltres|94/100
|-unboost|p1a: Moltres|spd|1
|
|-heal|p2a: Appletun|78/100|[from] item: Leftovers
|upkeep
|turn|7
|
|t:|1760379430
|move|p1a: Moltres|U-turn|p2a: Appletun
|-supereffective|p2a: Appletun
|-damage|p2a: Appletun|51/100
|
|t:|1760379440
|switch|p1a: Hydrapple|Hydrapple, M|100/100|[from] U-turn
|move|p2a: Appletun|Leech Seed|p1a: Hydrapple
|-immune|p1a: Hydrapple
|
|-heal|p2a: Appletun|58/100|[from] item: Leftovers
|upkeep
|turn|8
|
|t:|1760379446
|move|p1a: Hydrapple|Nasty Plot|p1a: Hydrapple
|-boost|p1a: Hydrapple|spa|2
|move|p2a: Appletun|Dragon Pulse|p1a: Hydrapple
|-supereffective|p1a: Hydrapple
|-damage|p1a: Hydrapple|48/100
|
|-heal|p2a: Appletun|64/100|[from] item: Leftovers
|upkeep
|turn|9
|
|t:|1760379455
|move|p1a: Hydrapple|Fickle Beam|p2a: Appletun|[anim] Fickle Beam All Out
|-activate|p1a: Hydrapple|move: Fickle Beam
|-supereffective|p2a: Appletun
|-damage|p2a: Appletun|0 fnt
|faint|p2a: Appletun
|
|upkeep
|
|t:|1760379458
|switch|p2a: Pecharunt|Pecharunt|73/100
|-damage|p2a: Pecharunt|61/100|[from] Stealth Rock
|turn|10
|
|t:|1760379462
|move|p2a: Pecharunt|Protect|p2a: Pecharunt
|-singleturn|p2a: Pecharunt|Protect
|move|p1a: Hydrapple|Earth Power|p2a: Pecharunt
|-activate|p2a: Pecharunt|move: Protect
|
|-heal|p2a: Pecharunt|67/100|[from] item: Leftovers
|upkeep
|turn|11
|
|t:|1760379466
|move|p2a: Pecharunt|Malignant Chain|p1a: Hydrapple
|-supereffective|p1a: Hydrapple
|-damage|p1a: Hydrapple|0 fnt
|faint|p1a: Hydrapple
|
|-heal|p2a: Pecharunt|73/100|[from] item: Leftovers
|upkeep
|
|t:|1760379472
|switch|p1a: Ting-Lu|Ting-Lu|61/100
|-damage|p1a: Ting-Lu|54/100|[from] Stealth Rock
|-ability|p1a: Ting-Lu|Vessel of Ruin
|turn|12
|
|t:|1760379477
|move|p2a: Pecharunt|Protect|p2a: Pecharunt
|-singleturn|p2a: Pecharunt|Protect
|move|p1a: Ting-Lu|Spikes|p2a: Pecharunt
|-sidestart|p2: drew1750|Spikes
|
|-heal|p2a: Pecharunt|79/100|[from] item: Leftovers
|-heal|p1a: Ting-Lu|61/100|[from] item: Leftovers
|upkeep
|turn|13
|
|t:|1760379485
|move|p2a: Pecharunt|Malignant Chain|p1a: Ting-Lu
|-resisted|p1a: Ting-Lu
|-damage|p1a: Ting-Lu|55/100
|-status|p1a: Ting-Lu|tox
|-start|p1a: Ting-Lu|confusion|[from] ability: Poison Puppeteer|[of] p2a: Pecharunt
|-activate|p1a: Ting-Lu|confusion
|-damage|p1a: Ting-Lu|49/100 tox|[from] confusion
|
|-heal|p2a: Pecharunt|85/100|[from] item: Leftovers
|-heal|p1a: Ting-Lu|55/100 tox|[from] item: Leftovers
|-damage|p1a: Ting-Lu|49/100 tox|[from] psn
|upkeep
|turn|14
|
|t:|1760379494
|move|p2a: Pecharunt|Parting Shot|p1a: Ting-Lu
|-unboost|p1a: Ting-Lu|atk|1
|-unboost|p1a: Ting-Lu|spa|1
|
|t:|1760379501
|switch|p2a: Dondozo|Dondozo, M|100/100|[from] Parting Shot
|-damage|p2a: Dondozo|88/100|[from] Stealth Rock
|-damage|p2a: Dondozo|76/100|[from] Spikes
|-activate|p1a: Ting-Lu|confusion
|-damage|p1a: Ting-Lu|46/100 tox|[from] confusion
|
|-heal|p1a: Ting-Lu|52/100 tox|[from] item: Leftovers
|-heal|p2a: Dondozo|82/100|[from] item: Leftovers
|-damage|p1a: Ting-Lu|39/100 tox|[from] psn
|upkeep
|turn|15
|
|t:|1760379510
|move|p2a: Dondozo|Curse|p2a: Dondozo
|-unboost|p2a: Dondozo|spe|1
|-boost|p2a: Dondozo|atk|1
|-boost|p2a: Dondozo|def|1
|-end|p1a: Ting-Lu|confusion
|move|p1a: Ting-Lu|Whirlwind|p2a: Dondozo
|drag|p2a: Moltres|Moltres-Galar|100/100
|
|-heal|p1a: Ting-Lu|46/100 tox|[from] item: Leftovers
|-damage|p1a: Ting-Lu|27/100 tox|[from] psn
|upkeep
|turn|16
|
|t:|1760379521
|switch|p1a: Darkrai|Darkrai|100/100
|move|p2a: Moltres|Fiery Wrath|p1a: Darkrai
|-resisted|p1a: Darkrai
|-damage|p1a: Darkrai|71/100
|
|upkeep
|turn|17
|
|t:|1760379528
|move|p1a: Darkrai|Ice Beam|p2a: Moltres
|-supereffective|p2a: Moltres
|-damage|p2a: Moltres|49/100
|-ability|p2a: Moltres|Berserk|boost
|-boost|p2a: Moltres|spa|1
|move|p2a: Moltres|Agility|p2a: Moltres
|-boost|p2a: Moltres|spe|2
|
|upkeep
|turn|18
|
|t:|1760379539
|move|p2a: Moltres|Air Slash|p1a: Darkrai|[miss]
|-miss|p2a: Moltres|p1a: Darkrai
|move|p1a: Darkrai|Ice Beam|p2a: Moltres
|-supereffective|p2a: Moltres
|-damage|p2a: Moltres|3/100
|
|upkeep
|turn|19
|
|t:|1760379545
|move|p2a: Moltres|Air Slash|p1a: Darkrai|[miss]
|-miss|p2a: Moltres|p1a: Darkrai
|move|p1a: Darkrai|Ice Beam|p2a: Moltres
|-supereffective|p2a: Moltres
|-damage|p2a: Moltres|0 fnt
|faint|p2a: Moltres
|
|upkeep
|
|t:|1760379554
|switch|p2a: Pecharunt|Pecharunt|85/100
|-damage|p2a: Pecharunt|73/100|[from] Stealth Rock
|-damage|p2a: Pecharunt|60/100|[from] Spikes
|turn|20
|
|t:|1760379560
|move|p1a: Darkrai|Knock Off|p2a: Pecharunt
|-supereffective|p2a: Pecharunt
|-damage|p2a: Pecharunt|28/100
|-enditem|p2a: Pecharunt|Leftovers|[from] move: Knock Off|[of] p1a: Darkrai
|move|p2a: Pecharunt|Malignant Chain|p1a: Darkrai
|-damage|p1a: Darkrai|29/100
|-status|p1a: Darkrai|tox
|-start|p1a: Darkrai|confusion|[from] ability: Poison Puppeteer|[of] p2a: Pecharunt
|
|-damage|p1a: Darkrai|23/100 tox|[from] psn
|upkeep
|turn|21
|
|t:|1760379568
|move|p2a: Pecharunt|Protect|p2a: Pecharunt
|-singleturn|p2a: Pecharunt|Protect
|-activate|p1a: Darkrai|confusion
|move|p1a: Darkrai|Dark Pulse|p2a: Pecharunt
|-activate|p2a: Pecharunt|move: Protect
|
|-damage|p1a: Darkrai|11/100 tox|[from] psn
|upkeep
|turn|22
|
|t:|1760379576
|-end|p1a: Darkrai|confusion
|move|p1a: Darkrai|Dark Pulse|p2a: Pecharunt
|-supereffective|p2a: Pecharunt
|-damage|p2a: Pecharunt|0 fnt
|faint|p2a: Pecharunt
|
|-damage|p1a: Darkrai|0 fnt|[from] psn
|faint|p1a: Darkrai
|upkeep
|
|t:|1760379583
|switch|p1a: Moltres|Moltres|94/100
|switch|p2a: Dondozo|Dondozo, M|82/100
|-damage|p2a: Dondozo|69/100|[from] Stealth Rock
|-damage|p2a: Dondozo|57/100|[from] Spikes
|turn|23
|
|t:|1760379588
|-terastallize|p1a: Moltres|Grass
|move|p1a: Moltres|Flamethrower|p2a: Dondozo
|-resisted|p2a: Dondozo
|-damage|p2a: Dondozo|43/100
|move|p2a: Dondozo|Rest|p2a: Dondozo
|-status|p2a: Dondozo|slp|[from] move: Rest
|-heal|p2a: Dondozo|100/100 slp|[silent]
|
|upkeep
|turn|24
|
|t:|1760379594
|move|p1a: Moltres|U-turn|p2a: Dondozo
|-damage|p2a: Dondozo|93/100 slp
|
|t:|1760379601
|switch|p1a: Tinkaton|Tinkaton, F|67/100|[from] U-turn
|-damage|p1a: Tinkaton|60/100|[from] Stealth Rock
|-ability|p1a: Tinkaton|Mold Breaker
|cant|p2a: Dondozo|slp
|move|p2a: Dondozo|Sleep Talk|p2a: Dondozo
|move|p2a: Dondozo|Curse|p2a: Dondozo|[from] move: Sleep Talk
|-unboost|p2a: Dondozo|spe|1
|-boost|p2a: Dondozo|atk|1
|-boost|p2a: Dondozo|def|1
|
|-heal|p2a: Dondozo|99/100 slp|[from] item: Leftovers
|upkeep
|turn|25
|
|t:|1760379608
|move|p1a: Tinkaton|Encore||[still]
|-fail|p1a: Tinkaton
|cant|p2a: Dondozo|slp
|move|p2a: Dondozo|Sleep Talk|p2a: Dondozo
|move|p2a: Dondozo|Liquidation|p1a: Tinkaton|[from] move: Sleep Talk
|-crit|p1a: Tinkaton
|-damage|p1a: Tinkaton|0 fnt
|faint|p1a: Tinkaton
|
|-heal|p2a: Dondozo|100/100 slp|[from] item: Leftovers
|upkeep
|
|t:|1760379622
|switch|p1a: Moltres|Moltres, tera:Grass|94/100
|turn|26
|
|t:|1760379631
|-curestatus|p2a: Dondozo|slp|[msg]
|move|p2a: Dondozo|Liquidation|p1a: Moltres
|-resisted|p1a: Moltres
|-crit|p1a: Moltres
|-damage|p1a: Moltres|71/100
|move|p1a: Moltres|Roar|p2a: Dondozo
|drag|p2a: Kommo-o|Kommo-o, F|100/100
|-damage|p2a: Kommo-o|94/100|[from] Stealth Rock
|-damage|p2a: Kommo-o|82/100|[from] Spikes
|
|upkeep
|turn|27
|
|t:|1760379642
|move|p2a: Kommo-o|Substitute|p2a: Kommo-o
|-start|p2a: Kommo-o|Substitute
|-damage|p2a: Kommo-o|57/100
|move|p1a: Moltres|Flamethrower|p2a: Kommo-o
|-resisted|p2a: Kommo-o
|-activate|p2a: Kommo-o|move: Substitute|[damage]
|
|upkeep
|turn|28
|
|t:|1760379647
|move|p2a: Kommo-o|Belly Drum|p2a: Kommo-o
|-damage|p2a: Kommo-o|7/100
|-setboost|p2a: Kommo-o|atk|6|[from] move: Belly Drum
|-enditem|p2a: Kommo-o|Salac Berry|[eat]
|-boost|p2a: Kommo-o|spe|1|[from] item: Salac Berry
|move|p1a: Moltres|Roar|p2a: Kommo-o
|-immune|p2a: Kommo-o|[from] ability: Soundproof
|
|upkeep
|turn|29
|
|t:|1760379652
|move|p2a: Kommo-o|Drain Punch|p1a: Moltres
|-damage|p1a: Moltres|0 fnt
|-heal|p2a: Kommo-o|46/100|[from] drain|[of] p1a: Moltres
|faint|p1a: Moltres
|
|upkeep
|
|t:|1760379656
|switch|p1a: Zamazenta|Zamazenta|100/100
|-ability|p1a: Zamazenta|Dauntless Shield|boost
|-boost|p1a: Zamazenta|def|1
|turn|30
|
|t:|1760379663
|move|p2a: Kommo-o|Drain Punch|p1a: Zamazenta
|-damage|p1a: Zamazenta|34/100
|-heal|p2a: Kommo-o|77/100|[from] drain|[of] p1a: Zamazenta
|move|p1a: Zamazenta|Ice Fang|p2a: Kommo-o
|-supereffective|p2a: Kommo-o
|-end|p2a: Kommo-o|Substitute
|
|upkeep
|turn|31
|
|t:|1760379678
|move|p2a: Kommo-o|Drain Punch|p1a: Zamazenta
|-damage|p1a: Zamazenta|0 fnt
|-heal|p2a: Kommo-o|93/100|[from] drain|[of] p1a: Zamazenta
|faint|p1a: Zamazenta
|
|upkeep
|
|t:|1760379681
|switch|p1a: Ting-Lu|Ting-Lu|27/100 tox
|-damage|p1a: Ting-Lu|21/100 tox|[from] Stealth Rock
|-ability|p1a: Ting-Lu|Vessel of Ruin
|turn|32
|
|t:|1760379689
|move|p2a: Kommo-o|Drain Punch|p1a: Ting-Lu
|-supereffective|p1a: Ting-Lu
|-damage|p1a: Ting-Lu|0 fnt
|-heal|p2a: Kommo-o|100/100|[from] drain|[of] p1a: Ting-Lu
|faint|p1a: Ting-Lu
|
|win|drew1750
|raw|wober45's rating: 1077 &rarr; <strong>1060</strong><br />(-17 for losing)
|raw|drew1750's rating: 1152 &rarr; <strong>1172</strong><br />(+20 for winning)
|l|☆drew1750
|player|p2|
|l|☆wober45
|player|p1|
