|j|☆MIT POG MOMENT
|j|☆Victini Road
|t:|1760304895
|gametype|singles
|player|p1|MIT POG MOMENT|crasherwake|1675
|player|p2|Victini Road|n|1707
|gen|9
|tier|[Gen 9] OU
|rated|
|rule|HP Percentage Mod: HP is shown in percentages
|rule|Endless Battle Clause: Forcing endless battles is banned
|rule|Species Clause: Limit one of each Pokémon
|rule|OHKO Clause: OHKO moves are banned
|rule|Evasion Items Clause: Evasion items are banned
|rule|Evasion Moves Clause: Evasion moves are banned
|rule|Evasion Abilities Clause: Evasion abilities are banned
|rule|Sleep Moves Clause: Sleep-inducing moves are banned
|clearpoke
|poke|p1|Dragonite, M|
|poke|p1|Porygon-Z|
|poke|p1|Samurott-Hisui, F|
|poke|p1|Corviknight, F|
|poke|p1|Landorus-Therian, M|
|poke|p1|Iron Valiant|
|poke|p2|Weavile, M|
|poke|p2|Dragonite, M|
|poke|p2|Great Tusk|
|poke|p2|Landorus-Therian, M|
|poke|p2|Kingambit, F|
|poke|p2|Iron Valiant|
|teampreview
|
|t:|1760304906
|teamsize|p1|6
|teamsize|p2|6
|start
|switch|p1a: Samurott|Samurott-Hisui, F|100/100
|switch|p2a: Weavile|Weavile, M|100/100
|-ability|p2a: Weavile|Pressure
|turn|1
|
|t:|1760304912
|move|p2a: Weavile|Swords Dance|p2a: Weavile
|-boost|p2a: Weavile|atk|2
|move|p1a: Samurott|Razor Shell|p2a: Weavile
|-damage|p2a: Weavile|12/100
|
|upkeep
|turn|2
|
|t:|1760304918
|move|p2a: Weavile|Ice Shard|p1a: Samurott
|-resisted|p1a: Samurott
|-damage|p1a: Samurott|76/100
|move|p1a: Samurott|Sucker Punch||[still]
|-fail|p1a: Samurott
|
|upkeep
|turn|3
|
|t:|1760304921
|move|p2a: Weavile|Ice Shard|p1a: Samurott
|-resisted|p1a: Samurott
|-damage|p1a: Samurott|53/100
|move|p1a: Samurott|Sucker Punch||[still]
|-fail|p1a: Samurott
|
|upkeep
|turn|4
|
|t:|1760304925
|move|p2a: Weavile|Ice Shard|p1a: Samurott
|-resisted|p1a: Samurott
|-damage|p1a: Samurott|26/100
|move|p1a: Samurott|Ceaseless Edge|p2a: Weavile|[miss]
|-miss|p1a: Samurott|p2a: Weavile
|
|upkeep
|turn|5
|
|t:|1760304929
|move|p2a: Weavile|Ice Shard|p1a: Samurott
|-resisted|p1a: Samurott
|-damage|p1a: Samurott|0 fnt
|faint|p1a: Samurott
|
|upkeep
|
|t:|1760304934
|switch|p1a: Dragonite|Dragonite, M|100/100
|turn|6
|
|t:|1760304937
|-terastallize|p2a: Weavile|Ghost
|move|p1a: Dragonite|Extreme Speed|p2a: Weavile
|-immune|p2a: Weavile
|move|p2a: Weavile|Icicle Spear|p1a: Dragonite
|-supereffective|p1a: Dragonite
|-damage|p1a: Dragonite|55/100
|-supereffective|p1a: Dragonite
|-damage|p1a: Dragonite|0 fnt
|faint|p1a: Dragonite
|-hitcount|p1: Dragonite|2
|
|upkeep
|
|t:|1760304941
|switch|p1a: goldnuts|Corviknight, F|100/100
|-ability|p1a: goldnuts|Pressure
|turn|7
|
|t:|1760304944
|move|p2a: Weavile|Beat Up|p1a: goldnuts
|-damage|p1a: goldnuts|90/100
|-damage|p1a: goldnuts|79/100
|-damage|p1a: goldnuts|69/100
|-damage|p1a: goldnuts|59/100
|-damage|p1a: goldnuts|49/100
|-crit|p1a: goldnuts
|-damage|p1a: goldnuts|34/100
|-hitcount|p1a: goldnuts|6
|move|p1a: goldnuts|U-turn|p2a: Weavile
|-resisted|p2a: Weavile
|-damage|p2a: Weavile|0 fnt
|faint|p2a: Weavile
|
|t:|1760304958
|switch|p1a: THIS AINT RU|Porygon-Z|100/100|[from] U-turn
|
|upkeep
|
|t:|1760304966
|switch|p2a: Iron Valiant|Iron Valiant|100/100
|-enditem|p2a: Iron Valiant|Booster Energy
|-activate|p2a: Iron Valiant|ability: Quark Drive|[fromitem]
|-start|p2a: Iron Valiant|quarkdrivespe
|turn|8
|
|t:|1760304971
|move|p2a: Iron Valiant|Close Combat|p1a: THIS AINT RU
|-supereffective|p1a: THIS AINT RU
|-damage|p1a: THIS AINT RU|0 fnt
|-unboost|p2a: Iron Valiant|def|1
|-unboost|p2a: Iron Valiant|spd|1
|faint|p1a: THIS AINT RU
|
|upkeep
|
|t:|1760304974
|switch|p1a: Landorus|Landorus-Therian, M|100/100
|-ability|p1a: Landorus|Intimidate|boost
|-unboost|p2a: Iron Valiant|atk|1
|turn|9
|
|t:|1760304977
|move|p2a: Iron Valiant|Knock Off|p1a: Landorus
|-damage|p1a: Landorus|75/100
|-enditem|p1a: Landorus|Choice Scarf|[from] move: Knock Off|[of] p2a: Iron Valiant
|move|p1a: Landorus|Earthquake|p2a: Iron Valiant
|-damage|p2a: Iron Valiant|0 fnt
|faint|p2a: Iron Valiant
|-end|p2a: Iron Valiant|Quark Drive|[silent]
|
|upkeep
|
|t:|1760304995
|switch|p2a: Landorus|Landorus-Therian, M|100/100
|-ability|p2a: Landorus|Intimidate|boost
|-unboost|p1a: Landorus|atk|1
|turn|10
|
|t:|1760305001
|switch|p2a: Great Tusk|Great Tusk|100/100
|move|p1a: Landorus|U-turn|p2a: Great Tusk
|-resisted|p2a: Great Tusk
|-damage|p2a: Great Tusk|95/100
|
|t:|1760305004
|switch|p1a: goldnuts|Corviknight, F|34/100|[from] U-turn
|-ability|p1a: goldnuts|Pressure
|
|upkeep
|turn|11
|
|t:|1760305007
|move|p2a: Great Tusk|Close Combat|p1a: goldnuts
|-damage|p1a: goldnuts|0 fnt
|-unboost|p2a: Great Tusk|def|1
|-unboost|p2a: Great Tusk|spd|1
|-damage|p2a: Great Tusk|78/100|[from] item: Rocky Helmet|[of] p1a: goldnuts
|faint|p1a: goldnuts
|
|upkeep
|
|t:|1760305011
|switch|p1a: Iron Valiant|Iron Valiant|100/100
|-enditem|p1a: Iron Valiant|Booster Energy
|-activate|p1a: Iron Valiant|ability: Quark Drive|[fromitem]
|-start|p1a: Iron Valiant|quarkdrivespe
|turn|12
|
|t:|1760305020
|-end|p2a: Great Tusk|Protosynthesis|[silent]
|switch|p2a: Landorus|Landorus-Therian, M|100/100
|-ability|p2a: Landorus|Intimidate|boost
|-unboost|p1a: Iron Valiant|atk|1
|move|p1a: Iron Valiant|Aura Sphere|p2a: Landorus
|-resisted|p2a: Landorus
|-damage|p2a: Landorus|75/100
|
|upkeep
|turn|13
|
|t:|1760305028
|-end|p1a: Iron Valiant|Quark Drive|[silent]
|switch|p1a: Landorus|Landorus-Therian, M|75/100
|-ability|p1a: Landorus|Intimidate|boost
|-unboost|p2a: Landorus|atk|1
|move|p2a: Landorus|Earthquake|p1a: Landorus
|-immune|p1a: Landorus
|
|upkeep
|turn|14
|
|t:|1760305033
|switch|p2a: Kingambit|Kingambit, F|100/100
|-activate|p2a: Kingambit|ability: Supreme Overlord
|-start|p2a: Kingambit|fallen2|[silent]
|move|p1a: Landorus|U-turn|p2a: Kingambit
|-damage|p2a: Kingambit|80/100
|
|t:|1760305035
|switch|p1a: Iron Valiant|Iron Valiant|100/100|[from] U-turn
|
|upkeep
|turn|15
|
|t:|1760305040
|move|p1a: Iron Valiant|Aura Sphere|p2a: Kingambit
|-supereffective|p2a: Kingambit
|-damage|p2a: Kingambit|0 fnt
|faint|p2a: Kingambit
|-end|p2a: Kingambit|fallen2|[silent]
|
|upkeep
|
|t:|1760305051
|switch|p2a: Landorus|Landorus-Therian, M|75/100
|-ability|p2a: Landorus|Intimidate|boost
|-unboost|p1a: Iron Valiant|atk|1
|turn|16
|
|t:|1760305056
|switch|p2a: Great Tusk|Great Tusk|78/100
|move|p1a: Iron Valiant|Shadow Ball|p2a: Great Tusk
|-damage|p2a: Great Tusk|45/100
|
|upkeep
|turn|17
|
|t:|1760305063
|-end|p1a: Iron Valiant|Quark Drive|[silent]
|switch|p1a: Landorus|Landorus-Therian, M|75/100
|-ability|p1a: Landorus|Intimidate|boost
|-unboost|p2a: Great Tusk|atk|1
|move|p2a: Great Tusk|Headlong Rush|p1a: Landorus
|-immune|p1a: Landorus
|
|upkeep
|turn|18
|
|t:|1760305068
|move|p1a: Landorus|U-turn|p2a: Great Tusk
|-resisted|p2a: Great Tusk
|-damage|p2a: Great Tusk|36/100
|
|t:|1760305071
|switch|p1a: Iron Valiant|Iron Valiant|100/100|[from] U-turn
|move|p2a: Great Tusk|Headlong Rush|p1a: Iron Valiant
|-damage|p1a: Iron Valiant|6/100
|-unboost|p2a: Great Tusk|def|1
|-unboost|p2a: Great Tusk|spd|1
|
|upkeep
|turn|19
|
|t:|1760305075
|move|p1a: Iron Valiant|Shadow Ball|p2a: Great Tusk
|-damage|p2a: Great Tusk|0 fnt
|faint|p2a: Great Tusk
|-end|p2a: Great Tusk|Protosynthesis|[silent]
|
|upkeep
|
|t:|1760305082
|switch|p2a: Dragonite|Dragonite, M|100/100
|turn|20
|
|t:|1760305085
|-end|p1a: Iron Valiant|Quark Drive|[silent]
|switch|p1a: Landorus|Landorus-Therian, M|75/100
|-ability|p1a: Landorus|Intimidate|boost
|-unboost|p2a: Dragonite|atk|1
|move|p2a: Dragonite|Fire Punch|p1a: Landorus
|-damage|p1a: Landorus|50/100
|
|upkeep
|turn|21
|
|t:|1760305091
|move|p1a: Landorus|Outrage|p2a: Dragonite
|-supereffective|p2a: Dragonite
|-damage|p2a: Dragonite|57/100
|move|p2a: Dragonite|Fire Punch|p1a: Landorus
|-damage|p1a: Landorus|27/100
|
|upkeep
|turn|22
|
|t:|1760305096
|switch|p2a: Landorus|Landorus-Therian, M|75/100
|-ability|p2a: Landorus|Intimidate|boost
|-unboost|p1a: Landorus|atk|1
|move|p1a: Landorus|Outrage|p2a: Landorus|[from] lockedmove
|-damage|p2a: Landorus|38/100
|
|upkeep
|turn|23
|
|t:|1760305104
|move|p2a: Landorus|Tera Blast|p1a: Landorus
|-damage|p1a: Landorus|0 fnt
|faint|p1a: Landorus
|-damage|p2a: Landorus|28/100|[from] item: Life Orb
|
|upkeep
|
|t:|1760305106
|switch|p1a: Iron Valiant|Iron Valiant|6/100
|turn|24
|
|t:|1760305112
|move|p1a: Iron Valiant|Shadow Ball|p2a: Landorus
|-damage|p2a: Landorus|0 fnt
|faint|p2a: Landorus
|
|upkeep
|
|t:|1760305114
|switch|p2a: Dragonite|Dragonite, M|57/100
|turn|25
|
|t:|1760305118
|-terastallize|p1a: Iron Valiant|Fighting
|move|p1a: Iron Valiant|Aura Sphere|p2a: Dragonite
|-resisted|p2a: Dragonite
|-damage|p2a: Dragonite|34/100
|move|p2a: Dragonite|Fire Punch|p1a: Iron Valiant
|-damage|p1a: Iron Valiant|0 fnt
|faint|p1a: Iron Valiant
|-end|p1a: Iron Valiant|Quark Drive|[silent]
|
|win|Victini Road
|raw|MIT POG MOMENT's rating: 1675 &rarr; <strong>1657</strong><br />(-18 for losing)
|raw|Victini Road's rating: 1707 &rarr; <strong>1725</strong><br />(+18 for winning)
|l|☆MIT POG MOMENT
|player|p1|
|l|☆Victini Road
|player|p2|
