|j|☆Whisperclawpossger
|j|☆jelynfish
|t:|1760409039
|gametype|singles
|player|p1|Whisperclawpossger|palmer|1566
|player|p2|jelynfish|miku-ghost|1559
|gen|9
|tier|[Gen 9] OU
|rated|
|rule|HP Percentage Mod: HP is shown in percentages
|rule|Endless Battle Clause: Forcing endless battles is banned
|rule|Species Clause: Limit one of each Pokémon
|rule|OHKO Clause: OHKO moves are banned
|rule|Evasion Items Clause: Evasion items are banned
|rule|Evasion Moves Clause: Evasion moves are banned
|rule|Evasion Abilities Clause: Evasion abilities are banned
|rule|Sleep Moves Clause: Sleep-inducing moves are banned
|clearpoke
|poke|p1|Indeedee, M|
|poke|p1|Hawlucha, F|
|poke|p1|Iron Moth|
|poke|p1|Polteageist|
|poke|p1|Cobalion|
|poke|p1|Primarina, F|
|poke|p2|Samurott-Hisui, F|
|poke|p2|Heatran, F|
|poke|p2|Latios, M|
|poke|p2|Iron Valiant|
|poke|p2|Iron Treads|
|poke|p2|Dragapult, F|
|teampreview
|
|t:|1760409061
|teamsize|p1|6
|teamsize|p2|6
|start
|switch|p1a: Musket|Cobalion, shiny|100/100
|switch|p2a: The Little Prince|Iron Valiant|100/100
|-item|p1a: Musket|Air Balloon
|turn|1
|
|t:|1760409073
|-terastallize|p2a: The Little Prince|Fairy
|move|p2a: The Little Prince|Moonblast|p1a: Musket
|-crit|p1a: Musket
|-damage|p1a: Musket|0 fnt
|-enditem|p1a: Musket|Air Balloon
|faint|p1a: Musket
|
|upkeep
|
|t:|1760409115
|switch|p1a: Needle|Primarina, F|100/100
|turn|2
|
|t:|1760409130
|-end|p2a: The Little Prince|Quark Drive|[silent]
|switch|p2a: Lightning Rod|Iron Treads|100/100
|move|p1a: Needle|Psychic Noise|p2a: Lightning Rod
|-supereffective|p2a: Lightning Rod
|-damage|p2a: Lightning Rod|45/100
|-start|p2a: Lightning Rod|move: Heal Block
|
|upkeep
|turn|3
|
|t:|1760409143
|-end|p2a: Lightning Rod|Quark Drive|[silent]
|switch|p2a: The Last Ronin|Samurott-Hisui, F|100/100
|switch|p1a: Fang|Hawlucha, F, shiny|100/100
|
|upkeep
|turn|4
|
|t:|1760409163
|move|p1a: Fang|Throat Chop|p2a: The Last Ronin
|-resisted|p2a: The Last Ronin
|-damage|p2a: The Last Ronin|88/100
|-start|p2a: The Last Ronin|Throat Chop|[silent]
|move|p2a: The Last Ronin|Razor Shell|p1a: Fang
|-damage|p1a: Fang|36/100
|
|upkeep
|turn|5
|
|t:|1760409170
|switch|p2a: Wish Upon A Star|Latios, M|100/100
|move|p1a: Fang|Close Combat|p2a: Wish Upon A Star
|-resisted|p2a: Wish Upon A Star
|-damage|p2a: Wish Upon A Star|64/100
|-unboost|p1a: Fang|def|1
|-unboost|p1a: Fang|spd|1
|
|upkeep
|turn|6
|
|t:|1760409180
|switch|p1a: King Deedeedee|Indeedee, M|100/100
|-fieldstart|move: Psychic Terrain|[from] ability: Psychic Surge|[of] p1a: King Deedeedee
|move|p2a: Wish Upon A Star|Luster Purge|p1a: King Deedeedee
|-resisted|p1a: King Deedeedee
|-damage|p1a: King Deedeedee|65/100
|
|upkeep
|turn|7
|
|t:|1760409195
|move|p2a: Wish Upon A Star|Luster Purge|p1a: King Deedeedee
|-resisted|p1a: King Deedeedee
|-damage|p1a: King Deedeedee|28/100
|move|p1a: King Deedeedee|Trick|p2a: Wish Upon A Star
|-activate|p1a: King Deedeedee|move: Trick|[of] p2a: Wish Upon A Star
|-item|p2a: Wish Upon A Star|Choice Scarf|[from] move: Trick
|-item|p1a: King Deedeedee|Choice Scarf|[from] move: Trick
|
|upkeep
|turn|8
|
|t:|1760409202
|switch|p1a: Needle|Primarina, F|100/100
|move|p2a: Wish Upon A Star|Luster Purge|p1a: Needle
|-damage|p1a: Needle|77/100
|-unboost|p1a: Needle|spd|1
|
|upkeep
|turn|9
|
|t:|1760409213
|switch|p2a: Lightning Rod|Iron Treads|45/100
|move|p1a: Needle|Moonblast|p2a: Lightning Rod
|-resisted|p2a: Lightning Rod
|-crit|p2a: Lightning Rod
|-damage|p2a: Lightning Rod|18/100
|
|-heal|p2a: Lightning Rod|24/100|[from] item: Leftovers
|upkeep
|turn|10
|
|t:|1760409227
|move|p2a: Lightning Rod|Iron Head|p1a: Needle
|-damage|p1a: Needle|42/100
|move|p1a: Needle|Flip Turn|p2a: Lightning Rod
|-supereffective|p2a: Lightning Rod
|-damage|p2a: Lightning Rod|0 fnt
|faint|p2a: Lightning Rod
|-end|p2a: Lightning Rod|Quark Drive|[silent]
|
|t:|1760409245
|switch|p1a: Tera Cotta|Polteageist|100/100|[from] Flip Turn
|
|-fieldend|move: Psychic Terrain
|upkeep
|
|t:|1760409250
|switch|p2a: Transylvania|Dragapult, F|100/100
|turn|11
|
|t:|1760409258
|switch|p1a: King Deedeedee|Indeedee, M|28/100
|-fieldstart|move: Psychic Terrain|[from] ability: Psychic Surge|[of] p1a: King Deedeedee
|move|p2a: Transylvania|Dragon Darts|p1a: King Deedeedee
|-damage|p1a: King Deedeedee|0 fnt
|faint|p1a: King Deedeedee
|
|upkeep
|
|t:|1760409267
|switch|p1a: Fang|Hawlucha, F, shiny|36/100
|-enditem|p1a: Fang|Psychic Seed
|-boost|p1a: Fang|spd|1|[from] item: Psychic Seed
|turn|12
|
|t:|1760409276
|-terastallize|p1a: Fang|Dark
|move|p1a: Fang|Throat Chop|p2a: Transylvania
|-supereffective|p2a: Transylvania
|-damage|p2a: Transylvania|0 fnt
|faint|p2a: Transylvania
|
|upkeep
|
|t:|1760409286
|switch|p2a: Vesuvius|Heatran, F|100/100
|turn|13
|
|t:|1760409289
|move|p1a: Fang|Close Combat|p2a: Vesuvius
|-supereffective|p2a: Vesuvius
|-damage|p2a: Vesuvius|36/100
|-unboost|p1a: Fang|def|1
|-unboost|p1a: Fang|spd|1
|-damage|p1a: Fang|19/100|[from] item: Rocky Helmet|[of] p2a: Vesuvius
|-status|p1a: Fang|brn|[from] ability: Flame Body|[of] p2a: Vesuvius
|move|p2a: Vesuvius|Lava Plume|p1a: Fang
|-damage|p1a: Fang|0 fnt
|faint|p1a: Fang
|
|upkeep
|
|t:|1760409304
|switch|p1a: Needle|Primarina, F|42/100
|turn|14
|
|t:|1760409309
|move|p2a: Vesuvius|Earth Power|p1a: Needle
|-damage|p1a: Needle|31/100
|move|p1a: Needle|Psychic Noise|p2a: Vesuvius
|-supereffective|p2a: Vesuvius
|-damage|p2a: Vesuvius|0 fnt
|faint|p2a: Vesuvius
|
|upkeep
|
|t:|1760409314
|switch|p2a: Wish Upon A Star|Latios, M|64/100
|turn|15
|
|t:|1760409321
|move|p2a: Wish Upon A Star|Luster Purge|p1a: Needle
|-damage|p1a: Needle|10/100
|move|p1a: Needle|Moonblast|p2a: Wish Upon A Star
|-supereffective|p2a: Wish Upon A Star
|-damage|p2a: Wish Upon A Star|0 fnt
|faint|p2a: Wish Upon A Star
|
|-fieldend|move: Psychic Terrain
|upkeep
|
|t:|1760409326
|switch|p2a: The Last Ronin|Samurott-Hisui, F|88/100
|turn|16
|
|t:|1760409335
|move|p2a: The Last Ronin|Ceaseless Edge|p1a: Needle
|-resisted|p1a: Needle
|-damage|p1a: Needle|0 fnt
|-sidestart|p1: Whisperclawpossger|Spikes
|faint|p1a: Needle
|
|upkeep
|
|t:|1760409348
|switch|p1a: Tera Cotta|Polteageist|100/100
|-damage|p1a: Tera Cotta|88/100|[from] Spikes
|turn|17
|
|t:|1760409357
|move|p2a: The Last Ronin|Knock Off|p1a: Tera Cotta
|-supereffective|p1a: Tera Cotta
|-damage|p1a: Tera Cotta|0 fnt
|-enditem|p1a: Tera Cotta|White Herb|[from] move: Knock Off|[of] p2a: The Last Ronin
|faint|p1a: Tera Cotta
|
|upkeep
|
|t:|1760409362
|switch|p1a: Venus|Iron Moth|100/100
|-damage|p1a: Venus|88/100|[from] Spikes
|-enditem|p1a: Venus|Booster Energy
|-activate|p1a: Venus|ability: Quark Drive|[fromitem]
|-start|p1a: Venus|quarkdrivespe
|turn|18
|
|t:|1760409370
|move|p1a: Venus|Dazzling Gleam|p2a: The Last Ronin
|-supereffective|p2a: The Last Ronin
|-damage|p2a: The Last Ronin|49/100
|move|p2a: The Last Ronin|Razor Shell|p1a: Venus
|-supereffective|p1a: Venus
|-damage|p1a: Venus|0 fnt
|faint|p1a: Venus
|-end|p1a: Venus|Quark Drive|[silent]
|
|win|jelynfish
|raw|Whisperclawpossger's rating: 1566 &rarr; <strong>1546</strong><br />(-20 for losing)
|raw|jelynfish's rating: 1559 &rarr; <strong>1579</strong><br />(+20 for winning)
|l|☆jelynfish
|player|p2|
|c|☆Whisperclawpossger|gg
|l|☆Whisperclawpossger
|player|p1|
