|j|☆hcyaiiu
|j|☆locoporvaporeon
|t:|1760444502
|gametype|singles
|player|p1|hcyaiiu|cynthia|1243
|player|p2|locoporvaporeon|benga|1286
|gen|9
|tier|[Gen 9] OU
|rated|
|rule|HP Percentage Mod: HP is shown in percentages
|rule|Endless Battle Clause: Forcing endless battles is banned
|rule|Species Clause: Limit one of each Pokémon
|rule|OHKO Clause: OHKO moves are banned
|rule|Evasion Items Clause: Evasion items are banned
|rule|Evasion Moves Clause: Evasion moves are banned
|rule|Evasion Abilities Clause: Evasion abilities are banned
|rule|Sleep Moves Clause: Sleep-inducing moves are banned
|clearpoke
|poke|p1|Walking Wake|
|poke|p1|Scizor, M|
|poke|p1|Meowscarada, F|
|poke|p1|Krookodile, F|
|poke|p1|Zapdos|
|poke|p1|Deoxys-Defense|
|poke|p2|Garganacl, F|
|poke|p2|Dragapult, F|
|poke|p2|Ogerpon-Wellspring, F|
|poke|p2|Moltres|
|poke|p2|Zamazenta-*|
|poke|p2|Iron Treads|
|teampreview
|inactive|Battle timer is ON: inactive players will automatically lose when time's up. (requested by hcyaiiu)
|
|t:|1760444513
|teamsize|p1|6
|teamsize|p2|6
|start
|switch|p1a: Krookodile|Krookodile, F|100/100
|switch|p2a: Garganacl|Garganacl, F|100/100
|turn|1
|
|t:|1760444524
|switch|p2a: Moltres|Moltres|100/100
|move|p1a: Krookodile|Earthquake|p2a: Moltres
|-immune|p2a: Moltres
|
|upkeep
|turn|2
|
|t:|1760444543
|switch|p1a: Walking Wake|Walking Wake|100/100
|move|p2a: Moltres|Will-O-Wisp|p1a: Walking Wake|[miss]
|-miss|p2a: Moltres|p1a: Walking Wake
|
|upkeep
|turn|3
|
|t:|1760444552
|switch|p2a: Ogerpon|Ogerpon-Wellspring, F|100/100
|move|p1a: Walking Wake|Hydro Steam|p2a: Ogerpon
|-immune|p2a: Ogerpon|[from] ability: Water Absorb
|
|upkeep
|turn|4
|
|t:|1760444561
|-end|p1a: Walking Wake|Protosynthesis|[silent]
|switch|p1a: Scizor|Scizor, M, shiny|100/100
|move|p2a: Ogerpon|Swords Dance|p2a: Ogerpon
|-boost|p2a: Ogerpon|atk|2
|
|upkeep
|turn|5
|
|t:|1760444569
|-terastallize|p2a: Ogerpon|Water
|detailschange|p2a: Ogerpon|Ogerpon-Wellspring-Tera, F, tera:Water
|-ability|p2a: Ogerpon|Embody Aspect (Wellspring)|boost
|-boost|p2a: Ogerpon|spd|1
|move|p2a: Ogerpon|Ivy Cudgel|p1a: Scizor|[anim] Ivy Cudgel Water
|-damage|p1a: Scizor|0 fnt
|faint|p1a: Scizor
|
|upkeep
|
|t:|1760444585
|switch|p1a: Meowscarada|Meowscarada, F, shiny|100/100
|turn|6
|
|t:|1760444595
|move|p1a: Meowscarada|Flower Trick|p2a: Ogerpon
|-start|p1a: Meowscarada|typechange|Grass|[from] ability: Protean
|-supereffective|p2a: Ogerpon
|-crit|p2a: Ogerpon
|-damage|p2a: Ogerpon|0 fnt
|faint|p2a: Ogerpon
|detailschange|p2: Ogerpon|Ogerpon-Wellspring, F|[silent]
|
|upkeep
|
|t:|1760444607
|switch|p2a: Moltres|Moltres|100/100
|turn|7
|
|t:|1760444616
|switch|p1a: Walking Wake|Walking Wake|100/100
|move|p2a: Moltres|Roar|p1a: Walking Wake
|-end|p1a: Walking Wake|Protosynthesis|[silent]
|drag|p1a: Meowscarada|Meowscarada, F, shiny|100/100
|
|upkeep
|turn|8
|inactive|hcyaiiu has 120 seconds left.
|
|t:|1760444672
|switch|p2a: Dragapult|Dragapult, F|100/100
|move|p1a: Meowscarada|Knock Off|p2a: Dragapult
|-start|p1a: Meowscarada|typechange|Dark|[from] ability: Protean
|-supereffective|p2a: Dragapult
|-damage|p2a: Dragapult|0 fnt
|-enditem|p2a: Dragapult|Heavy-Duty Boots|[from] move: Knock Off|[of] p1a: Meowscarada
|faint|p2a: Dragapult
|
|upkeep
|
|t:|1760444686
|switch|p2a: Zamazenta|Zamazenta|100/100
|-ability|p2a: Zamazenta|Dauntless Shield|boost
|-boost|p2a: Zamazenta|def|1
|turn|9
|
|t:|1760444706
|switch|p1a: Deoxys|Deoxys-Defense|100/100
|-ability|p1a: Deoxys|Pressure
|move|p2a: Zamazenta|Heavy Slam|p1a: Deoxys
|-damage|p1a: Deoxys|82/100
|
|-heal|p1a: Deoxys|88/100|[from] item: Leftovers
|upkeep
|turn|10
|
|t:|1760444720
|move|p2a: Zamazenta|Crunch|p1a: Deoxys
|-supereffective|p1a: Deoxys
|-damage|p1a: Deoxys|38/100
|move|p1a: Deoxys|Thunder Wave|p2a: Zamazenta
|-status|p2a: Zamazenta|par
|
|-heal|p1a: Deoxys|45/100|[from] item: Leftovers
|upkeep
|turn|11
|
|t:|1760444733
|move|p1a: Deoxys|Stealth Rock|p2a: Zamazenta
|-sidestart|p2: locoporvaporeon|move: Stealth Rock
|move|p2a: Zamazenta|Crunch|p1a: Deoxys
|-supereffective|p1a: Deoxys
|-damage|p1a: Deoxys|0 fnt
|faint|p1a: Deoxys
|
|upkeep
|
|t:|1760444748
|switch|p1a: Zapdos|Zapdos|100/100
|turn|12
|
|t:|1760444758
|switch|p2a: Iron Treads|Iron Treads|100/100
|-damage|p2a: Iron Treads|98/100|[from] Stealth Rock
|move|p1a: Zapdos|Hurricane|p2a: Iron Treads
|-resisted|p2a: Iron Treads
|-damage|p2a: Iron Treads|63/100
|
|-heal|p2a: Iron Treads|69/100|[from] item: Leftovers
|upkeep
|turn|13
|
|t:|1760444770
|switch|p1a: Krookodile|Krookodile, F|100/100
|move|p2a: Iron Treads|Stealth Rock|p1a: Krookodile
|-sidestart|p1: hcyaiiu|move: Stealth Rock
|
|-heal|p2a: Iron Treads|75/100|[from] item: Leftovers
|upkeep
|turn|14
|
|t:|1760444781
|-end|p2a: Iron Treads|Quark Drive|[silent]
|switch|p2a: Moltres|Moltres|100/100
|move|p1a: Krookodile|Rock Slide|p2a: Moltres
|-supereffective|p2a: Moltres
|-crit|p2a: Moltres
|-damage|p2a: Moltres|0 fnt
|faint|p2a: Moltres
|-ability|p1a: Krookodile|Moxie|boost
|-boost|p1a: Krookodile|atk|1
|
|upkeep
|-message|locoporvaporeon forfeited.
|
|win|hcyaiiu
|raw|hcyaiiu's rating: 1243 &rarr; <strong>1271</strong><br />(+28 for winning)
|raw|locoporvaporeon's rating: 1286 &rarr; <strong>1258</strong><br />(-28 for losing)
|l|☆locoporvaporeon
|player|p2|
|l|☆hcyaiiu
|player|p1|
