|j|☆China-GX-WL
|j|☆Yoknowjoegay
|t:|1760339651
|gametype|singles
|player|p1|China-GX-WL|giovanni|1420
|player|p2|Yoknowjoegay|169|1393
|gen|9
|tier|[Gen 9] OU
|rated|
|rule|HP Percentage Mod: HP is shown in percentages
|rule|Endless Battle Clause: Forcing endless battles is banned
|rule|Species Clause: Limit one of each Pokémon
|rule|OHKO Clause: OHKO moves are banned
|rule|Evasion Items Clause: Evasion items are banned
|rule|Evasion Moves Clause: Evasion moves are banned
|rule|Evasion Abilities Clause: Evasion abilities are banned
|rule|Sleep Moves Clause: Sleep-inducing moves are banned
|clearpoke
|poke|p1|Pelipper, M|
|poke|p1|Poliwrath, F|
|poke|p1|Zapdos|
|poke|p1|Iron Treads|
|poke|p1|Zamazenta-*|
|poke|p1|Kingambit, F|
|poke|p2|Landorus-Therian, M|
|poke|p2|Kingambit, M|
|poke|p2|Gholdengo|
|poke|p2|Arcanine-Hisui, M|
|poke|p2|Great Tusk|
|poke|p2|Primarina, F|
|teampreview
|inactive|Battle timer is ON: inactive players will automatically lose when time's up. (requested by Yoknowjoegay)
|
|t:|1760339666
|teamsize|p1|6
|teamsize|p2|6
|start
|switch|p1a: Pelipper|Pelipper, M|100/100
|switch|p2a: Arcanine|Arcanine-Hisui, M|100/100
|-weather|RainDance|[from] ability: Drizzle|[of] p1a: Pelipper
|turn|1
|
|t:|1760339677
|switch|p1a: Zamazenta|Zamazenta|100/100
|-ability|p1a: Zamazenta|Dauntless Shield|boost
|-boost|p1a: Zamazenta|def|1
|move|p2a: Arcanine|Head Smash|p1a: Zamazenta
|-resisted|p1a: Zamazenta
|-damage|p1a: Zamazenta|71/100
|
|-weather|RainDance|[upkeep]
|-heal|p1a: Zamazenta|77/100|[from] item: Leftovers
|upkeep
|turn|2
|
|t:|1760339694
|switch|p2a: Primarina|Primarina, F|100/100
|move|p1a: Zamazenta|Heavy Slam|p2a: Primarina
|-damage|p2a: Primarina|59/100
|
|-weather|RainDance|[upkeep]
|-heal|p1a: Zamazenta|83/100|[from] item: Leftovers
|upkeep
|turn|3
|inactive|China-GX-WL has 120 seconds left.
|
|t:|1760339728
|switch|p1a: Zapdos|Zapdos|100/100
|-ability|p1a: Zapdos|Pressure
|move|p2a: Primarina|Moonblast|p1a: Zapdos
|-damage|p1a: Zapdos|56/100
|
|-weather|RainDance|[upkeep]
|upkeep
|turn|4
|inactive|China-GX-WL has 120 seconds left.
|
|t:|1760339738
|switch|p2a: Great Tusk|Great Tusk|100/100
|move|p1a: Zapdos|Hurricane|p2a: Great Tusk
|-supereffective|p2a: Great Tusk
|-damage|p2a: Great Tusk|0 fnt
|faint|p2a: Great Tusk
|-end|p2a: Great Tusk|Protosynthesis|[silent]
|
|-weather|RainDance|[upkeep]
|upkeep
|c|☆Yoknowjoegay|lol I js threw
|c|☆Yoknowjoegay|idk why I thought thunder
|
|t:|1760339756
|switch|p2a: Kingambit|Kingambit, M|100/100
|-activate|p2a: Kingambit|ability: Supreme Overlord
|-start|p2a: Kingambit|fallen1|[silent]
|turn|5
|
|t:|1760339766
|move|p1a: Zapdos|Weather Ball|p2a: Kingambit
|-damage|p2a: Kingambit|52/100
|move|p2a: Kingambit|Iron Head|p1a: Zapdos
|-resisted|p1a: Zapdos
|-damage|p1a: Zapdos|22/100
|
|-weather|RainDance|[upkeep]
|upkeep
|turn|6
|
|t:|1760339777
|switch|p1a: Zamazenta|Zamazenta|83/100
|move|p2a: Kingambit|Sucker Punch||[still]
|-fail|p2a: Kingambit
|
|-weather|RainDance|[upkeep]
|-heal|p1a: Zamazenta|90/100|[from] item: Leftovers
|upkeep
|turn|7
|inactive|China-GX-WL has 120 seconds left.
|
|t:|1760339792
|-end|p2a: Kingambit|fallen1|[silent]
|switch|p2a: Gholdengo|Gholdengo|100/100
|move|p1a: Zamazenta|Iron Defense|p1a: Zamazenta
|-boost|p1a: Zamazenta|def|2
|
|-weather|RainDance|[upkeep]
|-heal|p1a: Zamazenta|96/100|[from] item: Leftovers
|upkeep
|turn|8
|inactive|China-GX-WL has 120 seconds left.
|
|t:|1760339813
|switch|p1a: Zapdos|Zapdos|22/100
|-ability|p1a: Zapdos|Pressure
|move|p2a: Gholdengo|Thunder Wave|p1a: Zapdos
|-immune|p1a: Zapdos
|
|-weather|none
|upkeep
|turn|9
|
|t:|1760339824
|move|p1a: Zapdos|Volt Switch|p2a: Gholdengo
|-damage|p2a: Gholdengo|68/100
|
|t:|1760339833
|switch|p1a: Zamazenta|Zamazenta|96/100|[from] Volt Switch
|move|p2a: Gholdengo|Hex|p1a: Zamazenta
|-damage|p1a: Zamazenta|74/100
|
|-heal|p1a: Zamazenta|80/100|[from] item: Leftovers
|upkeep
|turn|10
|
|t:|1760339845
|switch|p1a: Zapdos|Zapdos|22/100
|-ability|p1a: Zapdos|Pressure
|switch|p2a: Landorus|Landorus-Therian, M|100/100
|-ability|p2a: Landorus|Intimidate|boost
|-unboost|p1a: Zapdos|atk|1
|
|upkeep
|turn|11
|
|t:|1760339855
|move|p1a: Zapdos|Hurricane|p2a: Landorus|[miss]
|-miss|p1a: Zapdos|p2a: Landorus
|move|p2a: Landorus|U-turn|p1a: Zapdos
|-resisted|p1a: Zapdos
|-damage|p1a: Zapdos|10/100
|
|t:|1760339876
|switch|p2a: Arcanine|Arcanine-Hisui, M|100/100|[from] U-turn
|
|upkeep
|turn|12
|inactive|China-GX-WL has 120 seconds left.
|
|t:|1760339884
|move|p1a: Zapdos|Thunder|p2a: Arcanine
|-damage|p2a: Arcanine|37/100
|-status|p2a: Arcanine|par
|move|p2a: Arcanine|Flare Blitz|p1a: Zapdos
|-damage|p1a: Zapdos|0 fnt
|faint|p1a: Zapdos
|
|upkeep
|inactive|China-GX-WL has 120 seconds left.
|
|t:|1760339894
|switch|p1a: Pelipper|Pelipper, M|100/100
|-weather|RainDance|[from] ability: Drizzle|[of] p1a: Pelipper
|turn|13
|
|t:|1760339905
|switch|p2a: Primarina|Primarina, F|59/100
|move|p1a: Pelipper|U-turn|p2a: Primarina
|-resisted|p2a: Primarina
|-damage|p2a: Primarina|54/100
|
|t:|1760339911
|switch|p1a: Poliwrath|Poliwrath, F|100/100|[from] U-turn
|
|-weather|RainDance|[upkeep]
|upkeep
|turn|14
|
|t:|1760339917
|-terastallize|p1a: Poliwrath|Steel
|move|p1a: Poliwrath|Belly Drum|p1a: Poliwrath
|-damage|p1a: Poliwrath|50/100
|-setboost|p1a: Poliwrath|atk|6|[from] move: Belly Drum
|-enditem|p1a: Poliwrath|Sitrus Berry|[eat]
|-heal|p1a: Poliwrath|75/100|[from] item: Sitrus Berry
|move|p2a: Primarina|Moonblast|p1a: Poliwrath
|-resisted|p1a: Poliwrath
|-damage|p1a: Poliwrath|48/100
|
|-weather|RainDance|[upkeep]
|upkeep
|turn|15
|inactive|China-GX-WL has 120 seconds left.
|
|t:|1760339939
|move|p1a: Poliwrath|Drain Punch|p2a: Primarina
|-resisted|p2a: Primarina
|-damage|p2a: Primarina|0 fnt
|-heal|p1a: Poliwrath|73/100|[from] drain|[of] p2a: Primarina
|faint|p2a: Primarina
|
|-weather|RainDance|[upkeep]
|upkeep
|
|t:|1760339948
|switch|p2a: Kingambit|Kingambit, M|52/100
|-activate|p2a: Kingambit|ability: Supreme Overlord
|-start|p2a: Kingambit|fallen2|[silent]
|turn|16
|
|t:|1760339955
|move|p2a: Kingambit|Sucker Punch|p1a: Poliwrath
|-damage|p1a: Poliwrath|23/100
|move|p1a: Poliwrath|Drain Punch|p2a: Kingambit
|-supereffective|p2a: Kingambit
|-damage|p2a: Kingambit|0 fnt
|-heal|p1a: Poliwrath|48/100|[from] drain|[of] p2a: Kingambit
|faint|p2a: Kingambit
|-end|p2a: Kingambit|fallen2|[silent]
|
|-weather|RainDance|[upkeep]
|upkeep
|
|t:|1760339961
|switch|p2a: Gholdengo|Gholdengo|68/100
|turn|17
|
|t:|1760339973
|-terastallize|p2a: Gholdengo|Water
|move|p1a: Poliwrath|Liquidation|p2a: Gholdengo
|-resisted|p2a: Gholdengo
|-damage|p2a: Gholdengo|4/100
|move|p2a: Gholdengo|Make It Rain|p1a: Poliwrath
|-resisted|p1a: Poliwrath
|-damage|p1a: Poliwrath|20/100
|-unboost|p2a: Gholdengo|spa|1
|
|-weather|RainDance|[upkeep]
|upkeep
|turn|18
|
|t:|1760339985
|move|p1a: Poliwrath|Drain Punch|p2a: Gholdengo
|-damage|p2a: Gholdengo|0 fnt
|-heal|p1a: Poliwrath|21/100|[from] drain|[of] p2a: Gholdengo
|faint|p2a: Gholdengo
|
|-weather|RainDance|[upkeep]
|upkeep
|
|t:|1760339988
|switch|p2a: Arcanine|Arcanine-Hisui, M|37/100 par
|turn|19
|
|t:|1760339996
|move|p2a: Arcanine|Extreme Speed|p1a: Poliwrath
|-resisted|p1a: Poliwrath
|-damage|p1a: Poliwrath|4/100
|move|p1a: Poliwrath|Drain Punch|p2a: Arcanine
|-supereffective|p2a: Arcanine
|-damage|p2a: Arcanine|0 fnt
|-heal|p1a: Poliwrath|20/100|[from] drain|[of] p2a: Arcanine
|faint|p2a: Arcanine
|
|-weather|RainDance|[upkeep]
|upkeep
|-message|Yoknowjoegay forfeited.
|
|win|China-GX-WL
|raw|China-GX-WL's rating: 1420 &rarr; <strong>1438</strong><br />(+18 for winning)
|raw|Yoknowjoegay's rating: 1393 &rarr; <strong>1375</strong><br />(-18 for losing)
|l|☆Yoknowjoegay
|player|p2|
|l|☆China-GX-WL
|player|p1|
