|j|☆rubisster
|j|☆smogonules
|t:|1760447661
|gametype|singles
|player|p1|rubisster|guitarist|1492
|player|p2|smogonules|266|1492
|gen|9
|tier|[Gen 9] OU
|rated|
|rule|HP Percentage Mod: HP is shown in percentages
|rule|Endless Battle Clause: Forcing endless battles is banned
|rule|Species Clause: Limit one of each Pokémon
|rule|OHKO Clause: OHKO moves are banned
|rule|Evasion Items Clause: Evasion items are banned
|rule|Evasion Moves Clause: Evasion moves are banned
|rule|Evasion Abilities Clause: Evasion abilities are banned
|rule|Sleep Moves Clause: Sleep-inducing moves are banned
|clearpoke
|poke|p1|Zamazenta-*|
|poke|p1|Rillaboom, F|
|poke|p1|Iron Treads|
|poke|p1|Corviknight, M|
|poke|p1|Alomomola, F|
|poke|p1|Raging Bolt|
|poke|p2|Jirachi|
|poke|p2|Great Tusk|
|poke|p2|Latios, M|
|poke|p2|Gardevoir, M|
|poke|p2|Polteageist|
|poke|p2|Crawdaunt, F|
|teampreview
|
|t:|1760447690
|teamsize|p1|6
|teamsize|p2|6
|start
|switch|p1a: Alomomola|Alomomola, F|100/100
|switch|p2a: Chamomile|Jirachi|100/100
|turn|1
|
|t:|1760447702
|move|p2a: Chamomile|Stealth Rock|p1a: Alomomola
|-sidestart|p1: rubisster|move: Stealth Rock
|move|p1a: Alomomola|Scald|p2a: Chamomile
|-damage|p2a: Chamomile|86/100
|
|upkeep
|turn|2
|
|t:|1760447707
|move|p2a: Chamomile|Thunder Wave|p1a: Alomomola
|-status|p1a: Alomomola|par
|cant|p1a: Alomomola|par
|
|upkeep
|turn|3
|
|t:|1760447726
|move|p2a: Chamomile|Iron Head|p1a: Alomomola
|-resisted|p1a: Alomomola
|-damage|p1a: Alomomola|86/100 par
|move|p1a: Alomomola|Flip Turn|p2a: Chamomile
|-damage|p2a: Chamomile|70/100
|
|t:|1760447734
|switch|p1a: Corviknight|Corviknight, M|100/100|[from] Flip Turn
|-damage|p1a: Corviknight|88/100|[from] Stealth Rock
|-ability|p1a: Corviknight|Pressure
|
|upkeep
|turn|4
|
|t:|1760447748
|move|p2a: Chamomile|Thunder Wave|p1a: Corviknight
|-status|p1a: Corviknight|par
|move|p1a: Corviknight|Body Press|p2a: Chamomile
|-damage|p2a: Chamomile|42/100
|
|upkeep
|turn|5
|
|t:|1760447758
|move|p2a: Chamomile|Iron Head|p1a: Corviknight
|-resisted|p1a: Corviknight
|-damage|p1a: Corviknight|78/100 par
|-damage|p2a: Chamomile|26/100|[from] item: Rocky Helmet|[of] p1a: Corviknight
|cant|p1a: Corviknight|flinch
|
|upkeep
|turn|6
|
|t:|1760447765
|move|p2a: Chamomile|Iron Head|p1a: Corviknight
|-resisted|p1a: Corviknight
|-damage|p1a: Corviknight|68/100 par
|-damage|p2a: Chamomile|9/100|[from] item: Rocky Helmet|[of] p1a: Corviknight
|cant|p1a: Corviknight|flinch
|
|upkeep
|turn|7
|
|t:|1760447771
|move|p2a: Chamomile|Iron Head|p1a: Corviknight
|-resisted|p1a: Corviknight
|-damage|p1a: Corviknight|57/100 par
|-damage|p2a: Chamomile|0 fnt|[from] item: Rocky Helmet|[of] p1a: Corviknight
|faint|p2a: Chamomile
|cant|p1a: Corviknight|par
|
|upkeep
|
|t:|1760447775
|switch|p2a: Biscuit|Polteageist|100/100
|turn|8
|
|t:|1760447779
|move|p2a: Biscuit|Shell Smash|p2a: Biscuit
|-unboost|p2a: Biscuit|def|1
|-unboost|p2a: Biscuit|spd|1
|-boost|p2a: Biscuit|atk|2
|-boost|p2a: Biscuit|spa|2
|-boost|p2a: Biscuit|spe|2
|move|p1a: Corviknight|U-turn|p2a: Biscuit
|-resisted|p2a: Biscuit
|-damage|p2a: Biscuit|81/100
|-ability|p2a: Biscuit|Weak Armor|boost
|-unboost|p2a: Biscuit|def|1
|-boost|p2a: Biscuit|spe|2
|
|t:|1760447790
|switch|p1a: Rillaboom|Rillaboom, F|100/100|[from] U-turn
|-damage|p1a: Rillaboom|88/100|[from] Stealth Rock
|-fieldstart|move: Grassy Terrain|[from] ability: Grassy Surge|[of] p1a: Rillaboom
|
|-heal|p2a: Biscuit|87/100|[from] Grassy Terrain
|-heal|p1a: Rillaboom|94/100|[from] Grassy Terrain
|upkeep
|turn|9
|
|t:|1760447794
|move|p1a: Rillaboom|Grassy Glide|p2a: Biscuit
|-damage|p2a: Biscuit|0 fnt
|faint|p2a: Biscuit
|
|-heal|p1a: Rillaboom|100/100|[from] Grassy Terrain
|upkeep
|
|t:|1760447798
|switch|p2a: Syrup|Latios, M|100/100
|turn|10
|
|t:|1760447807
|switch|p1a: Alomomola|Alomomola, F|100/100 par
|move|p2a: Syrup|Reflect|p2a: Syrup
|-sidestart|p2: smogonules|Reflect
|
|upkeep
|turn|11
|
|t:|1760447816
|move|p2a: Syrup|Simple Beam|p1a: Alomomola
|-ability|p1a: Alomomola|Simple|Regenerator|[from] move: Simple Beam
|cant|p1a: Alomomola|par
|
|upkeep
|turn|12
|
|t:|1760447824
|move|p2a: Syrup|Memento|p1a: Alomomola
|-unboost|p1a: Alomomola|atk|4
|-unboost|p1a: Alomomola|spa|4
|faint|p2a: Syrup
|move|p1a: Alomomola|Wish|p1a: Alomomola
|
|-fieldend|move: Grassy Terrain
|upkeep
|
|t:|1760447826
|switch|p2a: Cucumber|Gardevoir, M|100/100
|-ability|p2a: Cucumber|Simple|Trace|[from] ability: Trace|[of] p1a: Alomomola
|turn|13
|
|t:|1760447838
|move|p2a: Cucumber|Calm Mind|p2a: Cucumber
|-boost|p2a: Cucumber|spa|2
|-boost|p2a: Cucumber|spd|2
|move|p1a: Alomomola|Flip Turn|p2a: Cucumber
|-damage|p2a: Cucumber|96/100
|
|t:|1760447851
|switch|p1a: Zamazenta|Zamazenta|100/100|[from] Flip Turn
|-damage|p1a: Zamazenta|94/100|[from] Stealth Rock
|-ability|p1a: Zamazenta|Dauntless Shield|boost
|-boost|p1a: Zamazenta|def|1
|
|-heal|p1a: Zamazenta|100/100|[from] move: Wish|[wisher] Alomomola
|upkeep
|turn|14
|
|t:|1760447858
|-terastallize|p1a: Zamazenta|Steel
|move|p1a: Zamazenta|Iron Head|p2a: Cucumber
|-supereffective|p2a: Cucumber
|-damage|p2a: Cucumber|43/100
|move|p2a: Cucumber|Stored Power|p1a: Zamazenta
|-resisted|p1a: Zamazenta
|-damage|p1a: Zamazenta|65/100
|
|-heal|p1a: Zamazenta|71/100|[from] item: Leftovers
|upkeep
|turn|15
|
|t:|1760447867
|-terastallize|p2a: Cucumber|Steel
|move|p1a: Zamazenta|Iron Head|p2a: Cucumber
|-resisted|p2a: Cucumber
|-damage|p2a: Cucumber|29/100
|move|p2a: Cucumber|Calm Mind|p2a: Cucumber
|-boost|p2a: Cucumber|spa|2
|-boost|p2a: Cucumber|spd|2
|
|-heal|p1a: Zamazenta|77/100|[from] item: Leftovers
|upkeep
|turn|16
|-message|smogonules forfeited.
|
|win|rubisster
|raw|rubisster's rating: 1492 &rarr; <strong>1512</strong><br />(+20 for winning)
|raw|smogonules's rating: 1492 &rarr; <strong>1472</strong><br />(-20 for losing)
|l|☆smogonules
|player|p2|
|l|☆rubisster
|player|p1|
