|j|☆wdivinity
|j|☆AlexCHZ
|t:|1760329906
|gametype|singles
|player|p1|wdivinity|rei|1089
|player|p2|AlexCHZ|hilbert-wonderlauncher|1159
|gen|9
|tier|[Gen 9] OU
|rated|
|rule|HP Percentage Mod: HP is shown in percentages
|rule|Endless Battle Clause: Forcing endless battles is banned
|rule|Species Clause: Limit one of each Pokémon
|rule|OHKO Clause: OHKO moves are banned
|rule|Evasion Items Clause: Evasion items are banned
|rule|Evasion Moves Clause: Evasion moves are banned
|rule|Evasion Abilities Clause: Evasion abilities are banned
|rule|Sleep Moves Clause: Sleep-inducing moves are banned
|clearpoke
|poke|p1|Kingambit, M|
|poke|p1|Heatran, F|
|poke|p1|Great Tusk|
|poke|p1|Moltres-Galar|
|poke|p1|Araquanid, M|
|poke|p1|Ninetales-Alola, F|
|poke|p2|Yanmega, F|
|poke|p2|Salamence, F|
|poke|p2|Donphan, M|
|poke|p2|Greninja-*, M|
|poke|p2|Skarmory, F|
|poke|p2|Indeedee, M|
|teampreview
|inactive|Battle timer is ON: inactive players will automatically lose when time's up. (requested by wdivinity)
|
|t:|1760329924
|teamsize|p1|6
|teamsize|p2|6
|start
|switch|p1a: Moltres|Moltres-Galar|100/100
|switch|p2a: Greninja|Greninja, M|100/100
|turn|1
|
|t:|1760329934
|move|p2a: Greninja|Ice Beam|p1a: Moltres
|-supereffective|p1a: Moltres
|-damage|p1a: Moltres|38/100
|-ability|p1a: Moltres|Berserk|boost
|-boost|p1a: Moltres|spa|1
|-damage|p2a: Greninja|91/100|[from] item: Life Orb
|-enditem|p1a: Moltres|Sitrus Berry|[eat]
|-heal|p1a: Moltres|63/100|[from] item: Sitrus Berry
|move|p1a: Moltres|Agility|p1a: Moltres
|-boost|p1a: Moltres|spe|2
|
|upkeep
|turn|2
|inactive|wdivinity has 120 seconds left.
|
|t:|1760329985
|switch|p2a: Yanmega|Yanmega, F|100/100
|move|p1a: Moltres|Fiery Wrath|p2a: Yanmega
|-damage|p2a: Yanmega|0 fnt
|faint|p2a: Yanmega
|
|upkeep
|
|t:|1760329999
|switch|p2a: Donphan|Donphan, M|100/100
|turn|3
|
|t:|1760330003
|move|p2a: Donphan|Ice Shard|p1a: Moltres
|-supereffective|p1a: Moltres
|-damage|p1a: Moltres|28/100
|-ability|p1a: Moltres|Berserk|boost
|-boost|p1a: Moltres|spa|1
|move|p1a: Moltres|Fiery Wrath|p2a: Donphan
|-ability|p2a: Donphan|Sturdy
|-damage|p2a: Donphan|1/100
|
|-heal|p2a: Donphan|7/100|[from] item: Leftovers
|upkeep
|turn|4
|inactive|wdivinity has 120 seconds left.
|
|t:|1760330023
|move|p2a: Donphan|Ice Shard|p1a: Moltres
|-supereffective|p1a: Moltres
|-damage|p1a: Moltres|0 fnt
|faint|p1a: Moltres
|
|-heal|p2a: Donphan|13/100|[from] item: Leftovers
|upkeep
|
|t:|1760330027
|switch|p1a: Ninetales|Ninetales-Alola, F|100/100
|-weather|Snowscape|[from] ability: Snow Warning|[of] p1a: Ninetales
|turn|5
|
|t:|1760330035
|move|p1a: Ninetales|Aurora Veil|p1a: Ninetales
|-sidestart|p1: wdivinity|move: Aurora Veil
|move|p2a: Donphan|Stealth Rock|p1a: Ninetales
|-sidestart|p1: wdivinity|move: Stealth Rock
|
|-weather|Snowscape|[upkeep]
|-heal|p2a: Donphan|20/100|[from] item: Leftovers
|upkeep
|turn|6
|inactive|wdivinity has 120 seconds left.
|
|t:|1760330050
|move|p1a: Ninetales|Freeze-Dry|p2a: Donphan
|-supereffective|p2a: Donphan
|-damage|p2a: Donphan|0 fnt
|faint|p2a: Donphan
|
|-weather|Snowscape|[upkeep]
|upkeep
|
|t:|1760330069
|switch|p2a: Skarmory|Skarmory, F|100/100
|turn|7
|inactive|wdivinity has 120 seconds left.
|
|t:|1760330086
|move|p1a: Ninetales|Freeze-Dry|p2a: Skarmory
|-damage|p2a: Skarmory|69/100
|move|p2a: Skarmory|Iron Head|p1a: Ninetales
|-supereffective|p1a: Ninetales
|-damage|p1a: Ninetales|48/100
|
|-weather|Snowscape|[upkeep]
|upkeep
|turn|8
|
|t:|1760330096
|move|p1a: Ninetales|Freeze-Dry|p2a: Skarmory
|-damage|p2a: Skarmory|35/100
|move|p2a: Skarmory|Iron Head|p1a: Ninetales
|-supereffective|p1a: Ninetales
|-damage|p1a: Ninetales|0 fnt
|faint|p1a: Ninetales
|
|-weather|Snowscape|[upkeep]
|upkeep
|
|t:|1760330104
|switch|p1a: Araquanid|Araquanid, M|100/100
|-damage|p1a: Araquanid|75/100|[from] Stealth Rock
|turn|9
|
|t:|1760330109
|move|p2a: Skarmory|Drill Peck|p1a: Araquanid
|-supereffective|p1a: Araquanid
|-damage|p1a: Araquanid|41/100
|move|p1a: Araquanid|Surf|p2a: Skarmory
|-damage|p2a: Skarmory|0 fnt
|faint|p2a: Skarmory
|
|-weather|none
|upkeep
|
|t:|1760330122
|switch|p2a: Indeedee|Indeedee, M|100/100
|-fieldstart|move: Psychic Terrain|[from] ability: Psychic Surge|[of] p2a: Indeedee
|turn|10
|
|t:|1760330129
|move|p1a: Araquanid|Endure|p1a: Araquanid
|-singleturn|p1a: Araquanid|move: Endure
|move|p2a: Indeedee|Energy Ball|p1a: Araquanid
|-damage|p1a: Araquanid|31/100
|
|upkeep
|turn|11
|
|t:|1760330136
|move|p2a: Indeedee|Expanding Force|p1a: Araquanid
|-damage|p1a: Araquanid|2/100
|move|p1a: Araquanid|Sticky Web|p2a: Indeedee
|-sidestart|p2: AlexCHZ|move: Sticky Web
|
|upkeep
|turn|12
|-enditem|p1a: Araquanid|Custap Berry|[eat]
|-activate|p1a: Araquanid|item: Custap Berry|[consumed]
|
|t:|1760330142
|move|p1a: Araquanid|Endeavor|p2a: Indeedee
|-damage|p2a: Indeedee|2/100
|move|p2a: Indeedee|Energy Ball|p1a: Araquanid
|-damage|p1a: Araquanid|0 fnt
|faint|p1a: Araquanid
|
|-sideend|p1: wdivinity|move: Aurora Veil
|upkeep
|
|t:|1760330148
|switch|p1a: Great Tusk|Great Tusk|100/100
|turn|13
|
|t:|1760330158
|-terastallize|p1a: Great Tusk|Steel
|move|p2a: Indeedee|Expanding Force|p1a: Great Tusk
|-resisted|p1a: Great Tusk
|-damage|p1a: Great Tusk|49/100
|move|p1a: Great Tusk|Rapid Spin|p2a: Indeedee
|-crit|p2a: Indeedee
|-damage|p2a: Indeedee|0 fnt
|-boost|p1a: Great Tusk|spe|1
|-sideend|p1: wdivinity|Stealth Rock|[from] move: Rapid Spin|[of] p1a: Great Tusk
|faint|p2a: Indeedee
|
|upkeep
|
|t:|1760330170
|switch|p2a: Salamence|Salamence, F|100/100
|turn|14
|
|t:|1760330181
|move|p1a: Great Tusk|Ice Spinner|p2a: Salamence
|-supereffective|p2a: Salamence
|-damage|p2a: Salamence|0 fnt
|-fieldend|move: Psychic Terrain
|faint|p2a: Salamence
|
|upkeep
|
|t:|1760330187
|switch|p2a: Greninja|Greninja, M|91/100
|-activate|p2a: Greninja|move: Sticky Web
|-unboost|p2a: Greninja|spe|1
|turn|15
|
|t:|1760330196
|move|p1a: Great Tusk|Headlong Rush|p2a: Greninja
|-damage|p2a: Greninja|0 fnt
|-unboost|p1a: Great Tusk|def|1
|-unboost|p1a: Great Tusk|spd|1
|faint|p2a: Greninja
|
|win|wdivinity
|raw|wdivinity's rating: 1089 &rarr; <strong>1121</strong><br />(+32 for winning)
|raw|AlexCHZ's rating: 1159 &rarr; <strong>1129</strong><br />(-30 for losing)
|l|☆AlexCHZ
|player|p2|
|l|☆wdivinity
|player|p1|
