|j|☆Endrism27
|j|☆Obito 2001
|t:|1760386784
|gametype|singles
|player|p1|Endrism27|lance|1602
|player|p2|Obito 2001|blue-gen3two|1687
|gen|9
|tier|[Gen 9] OU
|rated|
|rule|HP Percentage Mod: HP is shown in percentages
|rule|Endless Battle Clause: Forcing endless battles is banned
|rule|Species Clause: Limit one of each Pokémon
|rule|OHKO Clause: OHKO moves are banned
|rule|Evasion Items Clause: Evasion items are banned
|rule|Evasion Moves Clause: Evasion moves are banned
|rule|Evasion Abilities Clause: Evasion abilities are banned
|rule|Sleep Moves Clause: Sleep-inducing moves are banned
|clearpoke
|poke|p1|Torkoal, F|
|poke|p1|Ceruledge, M|
|poke|p1|Raging Bolt|
|poke|p1|Walking Wake|
|poke|p1|Hatterene, F|
|poke|p1|Landorus-Therian, M|
|poke|p2|Manaphy|
|poke|p2|Darkrai|
|poke|p2|Great Tusk|
|poke|p2|Dragapult, F|
|poke|p2|Maushold-Four|
|poke|p2|Braviary-Hisui, M|
|teampreview
|inactive|Battle timer is ON: inactive players will automatically lose when time's up. (requested by Obito 2001)
|
|t:|1760386795
|teamsize|p1|6
|teamsize|p2|6
|start
|switch|p1a: Landorus|Landorus-Therian, M|100/100
|switch|p2a: DraGhost|Dragapult, F|100/100
|-ability|p1a: Landorus|Intimidate|boost
|-unboost|p2a: DraGhost|atk|1
|turn|1
|inactive|Endrism27 has 120 seconds left.
|
|t:|1760386833
|move|p2a: DraGhost|Reflect|p2a: DraGhost
|-sidestart|p2: Obito 2001|Reflect
|move|p1a: Landorus|U-turn|p2a: DraGhost
|-resisted|p2a: DraGhost
|-damage|p2a: DraGhost|94/100
|
|t:|1760386838
|switch|p1a: Torkoal|Torkoal, F|100/100|[from] U-turn
|-weather|SunnyDay|[from] ability: Drought|[of] p1a: Torkoal
|
|-weather|SunnyDay|[upkeep]
|upkeep
|turn|2
|inactive|Endrism27 has 120 seconds left.
|inactive|Obito 2001 has 120 seconds left.
|
|t:|1760386882
|switch|p1a: Landorus|Landorus-Therian, M|100/100
|-ability|p1a: Landorus|Intimidate|boost
|-unboost|p2a: DraGhost|atk|1
|move|p2a: DraGhost|Light Screen|p2a: DraGhost
|-sidestart|p2: Obito 2001|move: Light Screen
|
|-weather|SunnyDay|[upkeep]
|upkeep
|turn|3
|
|t:|1760386890
|switch|p2a: Braviary|Braviary-Hisui, M|100/100
|move|p1a: Landorus|Stealth Rock|p2a: Braviary
|-sidestart|p2: Obito 2001|move: Stealth Rock
|
|-weather|SunnyDay|[upkeep]
|upkeep
|turn|4
|
|t:|1760386898
|move|p1a: Landorus|U-turn|p2a: Braviary
|-damage|p2a: Braviary|89/100
|
|t:|1760386900
|switch|p1a: Hatterene|Hatterene, F|100/100|[from] U-turn
|move|p2a: Braviary|Heat Wave|p1a: Hatterene
|-damage|p1a: Hatterene|10/100
|
|-weather|SunnyDay|[upkeep]
|upkeep
|turn|5
|inactive|Obito 2001 has 120 seconds left.
|
|t:|1760386909
|move|p2a: Braviary|Psychic|p1a: Hatterene
|-resisted|p1a: Hatterene
|-damage|p1a: Hatterene|0 fnt
|faint|p1a: Hatterene
|
|-weather|SunnyDay|[upkeep]
|upkeep
|
|t:|1760386916
|switch|p1a: Raging Bolt|Raging Bolt|100/100
|-activate|p1a: Raging Bolt|ability: Protosynthesis
|-start|p1a: Raging Bolt|protosynthesisspa
|turn|6
|
|t:|1760386925
|move|p1a: Raging Bolt|Dragon Pulse|p2a: Braviary
|-damage|p2a: Braviary|51/100
|move|p2a: Braviary|Psychic|p1a: Raging Bolt
|-damage|p1a: Raging Bolt|19/100
|
|-weather|SunnyDay|[upkeep]
|upkeep
|turn|7
|
|t:|1760386937
|move|p2a: Braviary|Vacuum Wave|p1a: Raging Bolt
|-damage|p1a: Raging Bolt|3/100
|-damage|p2a: Braviary|41/100|[from] item: Life Orb
|move|p1a: Raging Bolt|Thunderbolt|p2a: Braviary
|-supereffective|p2a: Braviary
|-damage|p2a: Braviary|0 fnt
|faint|p2a: Braviary
|
|-weather|SunnyDay|[upkeep]
|upkeep
|
|t:|1760386939
|switch|p2a: Mega Donphan|Great Tusk|100/100
|-activate|p2a: Mega Donphan|ability: Protosynthesis
|-start|p2a: Mega Donphan|protosynthesisatk
|turn|8
|
|t:|1760386947
|move|p2a: Mega Donphan|Rapid Spin|p1a: Raging Bolt
|-damage|p1a: Raging Bolt|0 fnt
|-boost|p2a: Mega Donphan|spe|1
|-sideend|p2: Obito 2001|Stealth Rock|[from] move: Rapid Spin|[of] p2a: Mega Donphan
|faint|p1a: Raging Bolt
|-end|p1a: Raging Bolt|Protosynthesis|[silent]
|
|-weather|none
|-end|p2a: Mega Donphan|Protosynthesis
|-sideend|p2: Obito 2001|Reflect
|upkeep
|
|t:|1760386950
|switch|p1a: Landorus|Landorus-Therian, M|100/100
|-ability|p1a: Landorus|Intimidate|boost
|-unboost|p2a: Mega Donphan|atk|1
|turn|9
|
|t:|1760386953
|switch|p1a: Torkoal|Torkoal, F|100/100
|-weather|SunnyDay|[from] ability: Drought|[of] p1a: Torkoal
|-activate|p2a: Mega Donphan|ability: Protosynthesis
|-start|p2a: Mega Donphan|protosynthesisspe
|move|p2a: Mega Donphan|Ice Spinner|p1a: Torkoal
|-resisted|p1a: Torkoal
|-damage|p1a: Torkoal|96/100
|
|-weather|SunnyDay|[upkeep]
|-sideend|p2: Obito 2001|move: Light Screen
|upkeep
|turn|10
|
|t:|1760386963
|move|p2a: Mega Donphan|Stealth Rock|p1a: Torkoal
|-sidestart|p1: Endrism27|move: Stealth Rock
|move|p1a: Torkoal|Will-O-Wisp|p2a: Mega Donphan
|-status|p2a: Mega Donphan|brn
|
|-weather|SunnyDay|[upkeep]
|-damage|p2a: Mega Donphan|94/100 brn|[from] brn
|upkeep
|turn|11
|
|t:|1760386973
|-end|p2a: Mega Donphan|Protosynthesis|[silent]
|switch|p2a: DraGhost|Dragapult, F|94/100
|switch|p1a: Walking Wake|Walking Wake|100/100
|-damage|p1a: Walking Wake|88/100|[from] Stealth Rock
|-activate|p1a: Walking Wake|ability: Protosynthesis
|-start|p1a: Walking Wake|protosynthesisspe
|
|-weather|SunnyDay|[upkeep]
|upkeep
|turn|12
|
|t:|1760386982
|switch|p2a: Mega Donphan|Great Tusk|94/100 brn
|-activate|p2a: Mega Donphan|ability: Protosynthesis
|-start|p2a: Mega Donphan|protosynthesisatk
|move|p1a: Walking Wake|Dragon Pulse|p2a: Mega Donphan
|-damage|p2a: Mega Donphan|1/100 brn
|
|-weather|SunnyDay|[upkeep]
|-damage|p2a: Mega Donphan|0 fnt|[from] brn
|faint|p2a: Mega Donphan
|-end|p2a: Mega Donphan|Protosynthesis|[silent]
|upkeep
|
|t:|1760386989
|switch|p2a: Darkrai|Darkrai|100/100
|turn|13
|
|t:|1760386996
|move|p1a: Walking Wake|Dragon Pulse|p2a: Darkrai
|-damage|p2a: Darkrai|16/100
|move|p2a: Darkrai|Knock Off|p1a: Walking Wake
|-damage|p1a: Walking Wake|34/100
|-enditem|p1a: Walking Wake|Choice Specs|[from] move: Knock Off|[of] p2a: Darkrai
|-damage|p2a: Darkrai|6/100|[from] item: Life Orb
|
|-weather|SunnyDay|[upkeep]
|upkeep
|turn|14
|
|t:|1760387001
|move|p2a: Darkrai|Sucker Punch|p1a: Walking Wake
|-damage|p1a: Walking Wake|0 fnt
|faint|p1a: Walking Wake
|-end|p1a: Walking Wake|Protosynthesis|[silent]
|-damage|p2a: Darkrai|0 fnt|[from] item: Life Orb
|faint|p2a: Darkrai
|
|-weather|SunnyDay|[upkeep]
|upkeep
|
|t:|1760387009
|switch|p2a: DraGhost|Dragapult, F|94/100
|switch|p1a: Ceruledge|Ceruledge, M|100/100
|-damage|p1a: Ceruledge|76/100|[from] Stealth Rock
|turn|15
|
|t:|1760387026
|-terastallize|p1a: Ceruledge|Grass
|move|p2a: DraGhost|Reflect|p2a: DraGhost
|-sidestart|p2: Obito 2001|Reflect
|move|p1a: Ceruledge|Poltergeist|p2a: DraGhost
|-activate|p2a: DraGhost|move: Poltergeist|Light Clay
|-supereffective|p2a: DraGhost
|-damage|p2a: DraGhost|18/100
|-start|p1a: Ceruledge|Disable|Poltergeist|[from] ability: Cursed Body|[of] p2a: DraGhost
|-damage|p1a: Ceruledge|66/100|[from] item: Life Orb
|
|-weather|SunnyDay|[upkeep]
|upkeep
|turn|16
|
|t:|1760387041
|move|p1a: Ceruledge|Shadow Sneak|p2a: DraGhost
|-supereffective|p2a: DraGhost
|-damage|p2a: DraGhost|0 fnt
|faint|p2a: DraGhost
|-damage|p1a: Ceruledge|56/100|[from] item: Life Orb
|
|-weather|none
|upkeep
|
|t:|1760387043
|switch|p2a: Gang Bang|Maushold-Four|100/100
|turn|17
|
|t:|1760387047
|switch|p1a: Landorus|Landorus-Therian, M|100/100
|-damage|p1a: Landorus|88/100|[from] Stealth Rock
|-ability|p1a: Landorus|Intimidate|boost
|-unboost|p2a: Gang Bang|atk|1
|move|p2a: Gang Bang|Tidy Up|p2a: Gang Bang
|-sideend|p1: Endrism27|Stealth Rock
|-activate|p2a: Gang Bang|move: Tidy Up
|-boost|p2a: Gang Bang|atk|1
|-boost|p2a: Gang Bang|spe|1
|
|upkeep
|turn|18
|j| Nikator98
|
|t:|1760387055
|move|p2a: Gang Bang|Population Bomb|p1a: Landorus
|-damage|p1a: Landorus|78/100
|-damage|p2a: Gang Bang|84/100|[from] item: Rocky Helmet|[of] p1a: Landorus
|-damage|p1a: Landorus|68/100
|-damage|p2a: Gang Bang|67/100|[from] item: Rocky Helmet|[of] p1a: Landorus
|-damage|p1a: Landorus|57/100
|-damage|p2a: Gang Bang|51/100|[from] item: Rocky Helmet|[of] p1a: Landorus
|-damage|p1a: Landorus|46/100
|-damage|p2a: Gang Bang|34/100|[from] item: Rocky Helmet|[of] p1a: Landorus
|-damage|p1a: Landorus|35/100
|-damage|p2a: Gang Bang|17/100|[from] item: Rocky Helmet|[of] p1a: Landorus
|-damage|p1a: Landorus|24/100
|-damage|p2a: Gang Bang|1/100|[from] item: Rocky Helmet|[of] p1a: Landorus
|-damage|p1a: Landorus|14/100
|-damage|p2a: Gang Bang|0 fnt|[from] item: Rocky Helmet|[of] p1a: Landorus
|faint|p2a: Gang Bang
|-hitcount|p1a: Landorus|7
|move|p1a: Landorus|Taunt|p2: Gang Bang|[notarget]
|-fail|p1a: Landorus
|
|upkeep
|
|t:|1760387059
|switch|p2a: La Lisa|Manaphy|100/100
|turn|19
|
|t:|1760387068
|move|p2a: La Lisa|Tail Glow|p2a: La Lisa
|-boost|p2a: La Lisa|spa|3
|move|p1a: Landorus|Earth Power|p2a: La Lisa
|-damage|p2a: La Lisa|69/100
|
|-heal|p2a: La Lisa|75/100|[from] item: Leftovers
|upkeep
|turn|20
|
|t:|1760387073
|move|p2a: La Lisa|Surf|p1a: Landorus
|-supereffective|p1a: Landorus
|-damage|p1a: Landorus|0 fnt
|faint|p1a: Landorus
|
|-heal|p2a: La Lisa|81/100|[from] item: Leftovers
|upkeep
|
|t:|1760387075
|switch|p1a: Torkoal|Torkoal, F|96/100
|-weather|SunnyDay|[from] ability: Drought|[of] p1a: Torkoal
|turn|21
|
|t:|1760387080
|move|p2a: La Lisa|Surf|p1a: Torkoal
|-supereffective|p1a: Torkoal
|-damage|p1a: Torkoal|0 fnt
|faint|p1a: Torkoal
|
|-weather|SunnyDay|[upkeep]
|-heal|p2a: La Lisa|87/100|[from] item: Leftovers
|upkeep
|
|t:|1760387082
|switch|p1a: Ceruledge|Ceruledge, M, tera:Grass|56/100
|turn|22
|
|t:|1760387086
|-terastallize|p2a: La Lisa|Fairy
|move|p2a: La Lisa|Alluring Voice|p1a: Ceruledge
|-damage|p1a: Ceruledge|0 fnt
|faint|p1a: Ceruledge
|
|win|Obito 2001
|raw|Endrism27's rating: 1602 &rarr; <strong>1587</strong><br />(-15 for losing)
|raw|Obito 2001's rating: 1687 &rarr; <strong>1702</strong><br />(+15 for winning)
|l|☆Endrism27
|player|p1|
