|j|☆Limelight_01
|j|☆www9487
|t:|1760329468
|gametype|singles
|player|p1|Limelight_01|roxie|1059
|player|p2|www9487|266|1057
|gen|9
|tier|[Gen 9] OU
|rated|
|rule|HP Percentage Mod: HP is shown in percentages
|rule|Endless Battle Clause: Forcing endless battles is banned
|rule|Species Clause: Limit one of each Pokémon
|rule|OHKO Clause: OHKO moves are banned
|rule|Evasion Items Clause: Evasion items are banned
|rule|Evasion Moves Clause: Evasion moves are banned
|rule|Evasion Abilities Clause: Evasion abilities are banned
|rule|Sleep Moves Clause: Sleep-inducing moves are banned
|clearpoke
|poke|p1|Darkrai|
|poke|p1|Toxapex, M|
|poke|p1|Great Tusk|
|poke|p1|Raging Bolt|
|poke|p1|Iron Boulder|
|poke|p1|Corviknight, M|
|poke|p2|Tyranitar, M|
|poke|p2|Serperior, M|
|poke|p2|Pelipper, M|
|poke|p2|Torkoal, M|
|poke|p2|Zapdos|
|poke|p2|Cinderace, M|
|teampreview
|inactive|Battle timer is ON: inactive players will automatically lose when time's up. (requested by Limelight_01)
|
|t:|1760329482
|teamsize|p1|6
|teamsize|p2|6
|start
|switch|p1a: Darkrai|Darkrai, shiny|100/100
|switch|p2a: Torkoal|Torkoal, M|100/100
|-weather|SunnyDay|[from] ability: Drought|[of] p2a: Torkoal
|turn|1
|c|☆Limelight_01|Testing out my new team
|
|t:|1760329510
|move|p1a: Darkrai|Dark Pulse|p2a: Torkoal
|-damage|p2a: Torkoal|34/100
|move|p2a: Torkoal|Will-O-Wisp|p1a: Darkrai
|-status|p1a: Darkrai|brn
|
|-weather|SunnyDay|[upkeep]
|-heal|p2a: Torkoal|40/100|[from] item: Leftovers
|-damage|p1a: Darkrai|94/100 brn|[from] brn
|upkeep
|turn|2
|
|t:|1760329528
|move|p1a: Darkrai|Ice Beam|p2a: Torkoal
|-resisted|p2a: Torkoal
|-damage|p2a: Torkoal|12/100
|move|p2a: Torkoal|Sleep Talk||[still]
|-fail|p2a: Torkoal
|
|-weather|SunnyDay|[upkeep]
|-heal|p2a: Torkoal|18/100|[from] item: Leftovers
|-damage|p1a: Darkrai|88/100 brn|[from] brn
|upkeep
|turn|3
|inactive|Limelight_01 has 120 seconds left.
|
|t:|1760329551
|move|p1a: Darkrai|Drain Punch|p2a: Torkoal
|-damage|p2a: Torkoal|13/100
|-heal|p1a: Darkrai|91/100 brn|[from] drain|[of] p2a: Torkoal
|move|p2a: Torkoal|Rest|p2a: Torkoal
|-status|p2a: Torkoal|slp|[from] move: Rest
|-heal|p2a: Torkoal|100/100 slp|[silent]
|
|-weather|SunnyDay|[upkeep]
|-damage|p1a: Darkrai|85/100 brn|[from] brn
|-damage|p2a: Torkoal|88/100 slp|[from] ability: Bad Dreams|[of] p1a: Darkrai
|upkeep
|turn|4
|
|t:|1760329561
|move|p1a: Darkrai|Dark Pulse|p2a: Torkoal
|-damage|p2a: Torkoal|22/100 slp
|cant|p2a: Torkoal|slp
|move|p2a: Torkoal|Sleep Talk|p2a: Torkoal
|move|p2a: Torkoal|Will-O-Wisp|p1a: Darkrai|[from] move: Sleep Talk
|-fail|p1a: Darkrai|brn
|
|-weather|SunnyDay|[upkeep]
|-heal|p2a: Torkoal|28/100 slp|[from] item: Leftovers
|-damage|p1a: Darkrai|79/100 brn|[from] brn
|-damage|p2a: Torkoal|16/100 slp|[from] ability: Bad Dreams|[of] p1a: Darkrai
|upkeep
|turn|5
|
|t:|1760329574
|move|p1a: Darkrai|Dark Pulse|p2a: Torkoal
|-damage|p2a: Torkoal|0 fnt
|faint|p2a: Torkoal
|
|-weather|none
|-damage|p1a: Darkrai|73/100 brn|[from] brn
|upkeep
|
|t:|1760329591
|switch|p2a: Cinderace|Cinderace, M|100/100
|turn|6
|inactive|Limelight_01 has 120 seconds left.
|
|t:|1760329623
|switch|p1a: Toxapex|Toxapex, M, shiny|100/100
|move|p2a: Cinderace|High Jump Kick|p1a: Toxapex
|-start|p2a: Cinderace|typechange|Fighting|[from] ability: Libero
|-resisted|p1a: Toxapex
|-damage|p1a: Toxapex|73/100
|-damage|p2a: Cinderace|91/100|[from] item: Life Orb
|
|-heal|p1a: Toxapex|79/100|[from] item: Leftovers
|upkeep
|turn|7
|l|☆www9487
|inactive|www9487 disconnected and has a minute to reconnect!
|player|p2|
|inactive|Limelight_01 has 120 seconds left.
|inactive|www9487 has 30 seconds to reconnect!
|inactive|www9487 has 20 seconds to reconnect!
|inactive|www9487 has 15 seconds to reconnect!
|inactive|www9487 has 10 seconds to reconnect!
|inactive|www9487 has 5 seconds to reconnect!
|-message|www9487 lost due to inactivity.
|
|win|Limelight_01
|raw|Limelight_01's rating: 1059 &rarr; <strong>1090</strong><br />(+31 for winning)
|raw|www9487's rating: 1057 &rarr; <strong>1039</strong><br />(-18 for losing)
|l|☆Limelight_01
|player|p1|
