|j|☆slash#4700
|j|☆Burrasca
|t:|1760444768
|gametype|singles
|player|p1|slash#4700|2|1361
|player|p2|Burrasca|2|1354
|gen|9
|tier|[Gen 9] OU
|rated|
|rule|HP Percentage Mod: HP is shown in percentages
|rule|Endless Battle Clause: Forcing endless battles is banned
|rule|Species Clause: Limit one of each Pokémon
|rule|OHKO Clause: OHKO moves are banned
|rule|Evasion Items Clause: Evasion items are banned
|rule|Evasion Moves Clause: Evasion moves are banned
|rule|Evasion Abilities Clause: Evasion abilities are banned
|rule|Sleep Moves Clause: Sleep-inducing moves are banned
|clearpoke
|poke|p1|Kyurem|
|poke|p1|Darkrai|
|poke|p1|Zamazenta-*|
|poke|p1|Cinderace, F|
|poke|p1|Slowking-Galar, F|
|poke|p1|Dragonite, M|
|poke|p2|Pelipper, F|
|poke|p2|Hatterene, F|
|poke|p2|Iron Treads|
|poke|p2|Toxicroak, F|
|poke|p2|Barraskewda, F|
|poke|p2|Zapdos|
|teampreview
|inactive|Battle timer is ON: inactive players will automatically lose when time's up. (requested by slash#4700)
|
|t:|1760444788
|teamsize|p1|6
|teamsize|p2|6
|start
|switch|p1a: Slowking|Slowking-Galar, F|100/100
|switch|p2a: Kyogre at home|Pelipper, F|100/100
|-weather|RainDance|[from] ability: Drizzle|[of] p2a: Kyogre at home
|turn|1
|
|t:|1760444798
|move|p2a: Kyogre at home|U-turn|p1a: Slowking
|-damage|p1a: Slowking|92/100
|
|t:|1760444800
|switch|p2a: BarraSKSK|Barraskewda, F, shiny|100/100|[from] U-turn
|-prepare|p1a: Slowking|Chilly Reception|[premajor]
|move|p1a: Slowking|Chilly Reception|p1a: Slowking
|-weather|Snowscape
|
|t:|1760444812
|switch|p1a: Zamazenta|Zamazenta|100/100|[from] Chilly Reception
|-ability|p1a: Zamazenta|Dauntless Shield|boost
|-boost|p1a: Zamazenta|def|1
|
|-weather|Snowscape|[upkeep]
|upkeep
|turn|2
|
|t:|1760444818
|switch|p2a: Kyogre at home|Pelipper, F|100/100
|-weather|RainDance|[from] ability: Drizzle|[of] p2a: Kyogre at home
|move|p1a: Zamazenta|Stone Edge|p2a: Kyogre at home
|-supereffective|p2a: Kyogre at home
|-damage|p2a: Kyogre at home|40/100
|
|-weather|RainDance|[upkeep]
|upkeep
|turn|3
|
|t:|1760444827
|switch|p2a: Britney Spears|Toxicroak, F, shiny|100/100
|move|p1a: Zamazenta|Stone Edge|p2a: Britney Spears
|-resisted|p2a: Britney Spears
|-damage|p2a: Britney Spears|89/100
|
|-weather|RainDance|[upkeep]
|-heal|p2a: Britney Spears|100/100|[from] ability: Dry Skin
|upkeep
|turn|4
|
|t:|1760444839
|switch|p1a: Slowking|Slowking-Galar, F|100/100
|move|p2a: Britney Spears|Knock Off|p1a: Slowking
|-supereffective|p1a: Slowking
|-damage|p1a: Slowking|52/100
|-enditem|p1a: Slowking|Heavy-Duty Boots|[from] move: Knock Off|[of] p2a: Britney Spears
|
|-weather|RainDance|[upkeep]
|upkeep
|turn|5
|
|t:|1760444850
|switch|p2a: Reverse UNO|Hatterene, F|100/100
|move|p1a: Slowking|Future Sight|p2a: Reverse UNO
|-start|p1a: Slowking|move: Future Sight
|
|-weather|RainDance|[upkeep]
|upkeep
|turn|6
|
|t:|1760444877
|move|p2a: Reverse UNO|Nuzzle|p1a: Slowking
|-damage|p1a: Slowking|48/100
|-status|p1a: Slowking|par
|-prepare|p1a: Slowking|Chilly Reception|[premajor]
|move|p1a: Slowking|Chilly Reception|p1a: Slowking
|-weather|Snowscape
|
|t:|1760444892
|switch|p1a: Cinderace|Cinderace, F|100/100|[from] Chilly Reception
|
|-weather|Snowscape|[upkeep]
|upkeep
|turn|7
|
|t:|1760444897
|switch|p2a: Kyogre at home|Pelipper, F|40/100
|-weather|RainDance|[from] ability: Drizzle|[of] p2a: Kyogre at home
|move|p1a: Cinderace|U-turn|p2a: Kyogre at home
|-start|p1a: Cinderace|typechange|Bug|[from] ability: Libero
|-resisted|p2a: Kyogre at home
|-damage|p2a: Kyogre at home|24/100
|
|t:|1760444900
|switch|p1a: Slowking|Slowking-Galar, F|82/100 par|[from] U-turn
|
|-weather|RainDance|[upkeep]
|-end|p2a: Kyogre at home|move: Future Sight
|-damage|p2a: Kyogre at home|0 fnt
|faint|p2a: Kyogre at home
|upkeep
|
|t:|1760444925
|switch|p2a: BarraSKSK|Barraskewda, F, shiny|100/100
|turn|8
|
|t:|1760444931
|switch|p1a: Zamazenta|Zamazenta|100/100
|move|p2a: BarraSKSK|Liquidation|p1a: Zamazenta
|-damage|p1a: Zamazenta|30/100
|
|-weather|RainDance|[upkeep]
|-heal|p1a: Zamazenta|36/100|[from] item: Leftovers
|upkeep
|turn|9
|
|t:|1760444938
|move|p2a: BarraSKSK|Liquidation|p1a: Zamazenta
|-damage|p1a: Zamazenta|0 fnt
|faint|p1a: Zamazenta
|
|-weather|RainDance|[upkeep]
|upkeep
|
|t:|1760444944
|switch|p1a: Kyurem|Kyurem|100/100
|-ability|p1a: Kyurem|Pressure
|turn|10
|
|t:|1760444950
|move|p2a: BarraSKSK|Liquidation|p1a: Kyurem
|-resisted|p1a: Kyurem
|-damage|p1a: Kyurem|48/100
|move|p1a: Kyurem|Freeze-Dry|p2a: BarraSKSK
|-supereffective|p2a: BarraSKSK
|-damage|p2a: BarraSKSK|0 fnt
|faint|p2a: BarraSKSK
|
|-weather|RainDance|[upkeep]
|upkeep
|
|t:|1760444964
|switch|p2a: Reverse UNO|Hatterene, F|100/100
|turn|11
|
|t:|1760444974
|switch|p1a: Slowking|Slowking-Galar, F|100/100 par
|move|p2a: Reverse UNO|Draining Kiss|p1a: Slowking
|-resisted|p1a: Slowking
|-damage|p1a: Slowking|94/100 par
|
|-weather|RainDance|[upkeep]
|upkeep
|turn|12
|
|t:|1760444983
|switch|p2a: ULTREADS|Iron Treads, shiny|100/100
|-prepare|p1a: Slowking|Chilly Reception|[premajor]
|cant|p1a: Slowking|par
|
|-weather|RainDance|[upkeep]
|upkeep
|turn|13
|
|t:|1760444989
|move|p2a: ULTREADS|Stealth Rock|p1a: Slowking
|-sidestart|p1: slash#4700|move: Stealth Rock
|-prepare|p1a: Slowking|Chilly Reception|[premajor]
|move|p1a: Slowking|Chilly Reception|p1a: Slowking
|-weather|Snowscape
|
|t:|1760444994
|switch|p1a: Cinderace|Cinderace, F|100/100|[from] Chilly Reception
|
|-weather|Snowscape|[upkeep]
|upkeep
|turn|14
|
|t:|1760445003
|move|p1a: Cinderace|Pyro Ball|p2a: ULTREADS
|-supereffective|p2a: ULTREADS
|-damage|p2a: ULTREADS|14/100
|move|p2a: ULTREADS|Rapid Spin|p1a: Cinderace
|-damage|p1a: Cinderace|84/100
|-boost|p2a: ULTREADS|spe|1
|
|-weather|Snowscape|[upkeep]
|-heal|p2a: ULTREADS|20/100|[from] item: Leftovers
|upkeep
|turn|15
|
|t:|1760445008
|move|p1a: Cinderace|Sucker Punch|p2a: ULTREADS
|-start|p1a: Cinderace|typechange|Dark|[from] ability: Libero
|-damage|p2a: ULTREADS|0 fnt
|faint|p2a: ULTREADS
|-end|p2a: ULTREADS|Quark Drive|[silent]
|
|-weather|Snowscape|[upkeep]
|upkeep
|-message|Burrasca forfeited.
|
|win|slash#4700
|raw|slash#4700's rating: 1361 &rarr; <strong>1381</strong><br />(+20 for winning)
|raw|Burrasca's rating: 1354 &rarr; <strong>1334</strong><br />(-20 for losing)
|l|☆Burrasca
|player|p2|
|l|☆slash#4700
|player|p1|
