|j|☆fregene97
|j|☆pipotron
|t:|1760366869
|gametype|singles
|player|p1|fregene97|101|1613
|player|p2|pipotron|170|1612
|gen|9
|tier|[Gen 9] OU
|rated|
|rule|HP Percentage Mod: HP is shown in percentages
|rule|Endless Battle Clause: Forcing endless battles is banned
|rule|Species Clause: Limit one of each Pokémon
|rule|OHKO Clause: OHKO moves are banned
|rule|Evasion Items Clause: Evasion items are banned
|rule|Evasion Moves Clause: Evasion moves are banned
|rule|Evasion Abilities Clause: Evasion abilities are banned
|rule|Sleep Moves Clause: Sleep-inducing moves are banned
|clearpoke
|poke|p1|Darkrai|
|poke|p1|Great Tusk|
|poke|p1|Iron Moth|
|poke|p1|Rillaboom, F|
|poke|p1|Raging Bolt|
|poke|p1|Zamazenta-*|
|poke|p2|Slowking-Galar, F|
|poke|p2|Great Tusk|
|poke|p2|Alomomola, F|
|poke|p2|Gholdengo|
|poke|p2|Whimsicott, M|
|poke|p2|Kyurem|
|teampreview
|inactive|Battle timer is ON: inactive players will automatically lose when time's up. (requested by fregene97)
|
|t:|1760366889
|teamsize|p1|6
|teamsize|p2|6
|start
|switch|p1a: Darkrai|Darkrai|100/100
|switch|p2a: Kyurem|Kyurem|100/100
|-ability|p2a: Kyurem|Pressure
|turn|1
|
|t:|1760366903
|-terastallize|p1a: Darkrai|Poison
|move|p1a: Darkrai|Nasty Plot|p1a: Darkrai
|-boost|p1a: Darkrai|spa|2
|move|p2a: Kyurem|Scale Shot|p1a: Darkrai|[miss]
|-miss|p2a: Kyurem|p1a: Darkrai
|
|upkeep
|turn|2
|
|t:|1760366909
|move|p1a: Darkrai|Sludge Bomb|p2a: Kyurem
|-damage|p2a: Kyurem|3/100
|-status|p2a: Kyurem|psn
|move|p2a: Kyurem|Scale Shot|p1a: Darkrai
|-damage|p1a: Darkrai|79/100
|-damage|p1a: Darkrai|60/100
|-damage|p1a: Darkrai|40/100
|-damage|p1a: Darkrai|22/100
|-hitcount|p1a: Darkrai|4
|-unboost|p2a: Kyurem|def|1
|-boost|p2a: Kyurem|spe|1
|
|-heal|p1a: Darkrai|28/100|[from] item: Leftovers
|-damage|p2a: Kyurem|0 fnt|[from] psn
|faint|p2a: Kyurem
|upkeep
|
|t:|1760366914
|switch|p2a: Gholdengo|Gholdengo|100/100
|turn|3
|
|t:|1760366916
|move|p2a: Gholdengo|Shadow Ball|p1a: Darkrai
|-damage|p1a: Darkrai|0 fnt
|faint|p1a: Darkrai
|
|upkeep
|
|t:|1760366926
|switch|p1a: Iron Moth|Iron Moth|100/100
|-enditem|p1a: Iron Moth|Booster Energy
|-activate|p1a: Iron Moth|ability: Quark Drive|[fromitem]
|-start|p1a: Iron Moth|quarkdrivespe
|turn|4
|
|t:|1760366931
|switch|p2a: Slowking|Slowking-Galar, F|100/100
|move|p1a: Iron Moth|Fiery Dance|p2a: Slowking
|-damage|p2a: Slowking|80/100
|
|upkeep
|turn|5
|
|t:|1760366934
|move|p1a: Iron Moth|Fiery Dance|p2a: Slowking
|-damage|p2a: Slowking|62/100
|move|p2a: Slowking|Future Sight|p1a: Iron Moth
|-start|p2a: Slowking|move: Future Sight
|
|upkeep
|turn|6
|
|t:|1760366937
|switch|p2a: Alomomola|Alomomola, F|100/100
|move|p1a: Iron Moth|Fiery Dance|p2a: Alomomola
|-resisted|p2a: Alomomola
|-damage|p2a: Alomomola|76/100
|
|upkeep
|turn|7
|
|t:|1760366939
|move|p2a: Alomomola|Protect|p2a: Alomomola
|-singleturn|p2a: Alomomola|Protect
|move|p1a: Iron Moth|Sludge Wave|p2a: Alomomola
|-activate|p2a: Alomomola|move: Protect
|
|-end|p1a: Iron Moth|move: Future Sight
|-supereffective|p1a: Iron Moth
|-damage|p1a: Iron Moth|11/100
|upkeep
|turn|8
|
|t:|1760366943
|switch|p2a: Slowking|Slowking-Galar, F|95/100
|move|p1a: Iron Moth|Fiery Dance|p2a: Slowking
|-damage|p2a: Slowking|77/100
|-boost|p1a: Iron Moth|spa|1
|
|upkeep
|turn|9
|
|t:|1760366946
|move|p1a: Iron Moth|Fiery Dance|p2a: Slowking
|-damage|p2a: Slowking|48/100
|-boost|p1a: Iron Moth|spa|1
|move|p2a: Slowking|Sludge Bomb|p1a: Iron Moth
|-resisted|p1a: Iron Moth
|-crit|p1a: Iron Moth
|-damage|p1a: Iron Moth|0 fnt
|faint|p1a: Iron Moth
|-end|p1a: Iron Moth|Quark Drive|[silent]
|
|upkeep
|
|t:|1760366950
|switch|p1a: Raging Bolt|Raging Bolt|100/100
|-enditem|p1a: Raging Bolt|Booster Energy
|-activate|p1a: Raging Bolt|ability: Protosynthesis|[fromitem]
|-start|p1a: Raging Bolt|protosynthesisspa
|turn|10
|
|t:|1760366956
|switch|p2a: Whimsicott|Whimsicott, M|100/100
|move|p1a: Raging Bolt|Calm Mind|p1a: Raging Bolt
|-boost|p1a: Raging Bolt|spa|1
|-boost|p1a: Raging Bolt|spd|1
|
|upkeep
|turn|11
|
|t:|1760366963
|move|p2a: Whimsicott|Encore|p1a: Raging Bolt
|-start|p1a: Raging Bolt|Encore
|move|p1a: Raging Bolt|Calm Mind|p1a: Raging Bolt
|-boost|p1a: Raging Bolt|spa|1
|-boost|p1a: Raging Bolt|spd|1
|
|upkeep
|turn|12
|
|t:|1760366967
|-end|p1a: Raging Bolt|Protosynthesis|[silent]
|switch|p1a: Rillaboom|Rillaboom, F|100/100
|-fieldstart|move: Grassy Terrain|[from] ability: Grassy Surge|[of] p1a: Rillaboom
|move|p2a: Whimsicott|U-turn|p1a: Rillaboom
|-supereffective|p1a: Rillaboom
|-damage|p1a: Rillaboom|76/100
|
|t:|1760366972
|switch|p2a: Slowking|Slowking-Galar, F|81/100|[from] U-turn
|
|-heal|p1a: Rillaboom|82/100|[from] Grassy Terrain
|-heal|p2a: Slowking|87/100|[from] Grassy Terrain
|upkeep
|turn|13
|
|t:|1760366976
|move|p1a: Rillaboom|Knock Off|p2a: Slowking
|-supereffective|p2a: Slowking
|-damage|p2a: Slowking|2/100
|-enditem|p2a: Slowking|Assault Vest|[from] move: Knock Off|[of] p1a: Rillaboom
|-damage|p1a: Rillaboom|72/100|[from] item: Life Orb
|move|p2a: Slowking|Sludge Bomb|p1a: Rillaboom
|-supereffective|p1a: Rillaboom
|-damage|p1a: Rillaboom|0 fnt
|faint|p1a: Rillaboom
|
|-heal|p2a: Slowking|8/100|[from] Grassy Terrain
|upkeep
|
|t:|1760366983
|switch|p1a: Zamazenta|Zamazenta|100/100
|-ability|p1a: Zamazenta|Dauntless Shield|boost
|-boost|p1a: Zamazenta|def|1
|turn|14
|
|t:|1760366989
|move|p1a: Zamazenta|Iron Defense|p1a: Zamazenta
|-boost|p1a: Zamazenta|def|2
|move|p2a: Slowking|Future Sight|p1a: Zamazenta
|-start|p2a: Slowking|move: Future Sight
|
|-heal|p2a: Slowking|14/100|[from] Grassy Terrain
|upkeep
|turn|15
|
|t:|1760366994
|switch|p2a: Gholdengo|Gholdengo|100/100
|move|p1a: Zamazenta|Crunch|p2a: Gholdengo
|-supereffective|p2a: Gholdengo
|-damage|p2a: Gholdengo|50/100
|
|-heal|p2a: Gholdengo|56/100|[from] Grassy Terrain
|upkeep
|turn|16
|
|t:|1760366997
|move|p2a: Gholdengo|Trick|p1a: Zamazenta
|-activate|p2a: Gholdengo|move: Trick|[of] p1a: Zamazenta
|-item|p1a: Zamazenta|Choice Scarf|[from] move: Trick
|-item|p2a: Gholdengo|Leftovers|[from] move: Trick
|move|p1a: Zamazenta|Crunch|p2a: Gholdengo
|-supereffective|p2a: Gholdengo
|-damage|p2a: Gholdengo|10/100
|-unboost|p2a: Gholdengo|def|1
|
|-end|p1a: Zamazenta|move: Future Sight
|-supereffective|p1a: Zamazenta
|-damage|p1a: Zamazenta|30/100
|-heal|p1a: Zamazenta|37/100|[from] Grassy Terrain
|-heal|p2a: Gholdengo|16/100|[from] Grassy Terrain
|-heal|p2a: Gholdengo|22/100|[from] item: Leftovers
|-fieldend|move: Grassy Terrain
|upkeep
|turn|17
|
|t:|1760367005
|switch|p2a: Whimsicott|Whimsicott, M|100/100
|move|p1a: Zamazenta|Crunch|p2a: Whimsicott
|-resisted|p2a: Whimsicott
|-damage|p2a: Whimsicott|91/100
|
|-heal|p2a: Whimsicott|97/100|[from] item: Leftovers
|upkeep
|turn|18
|
|t:|1760367029
|move|p1a: Zamazenta|Crunch|p2a: Whimsicott
|-resisted|p2a: Whimsicott
|-damage|p2a: Whimsicott|88/100
|move|p2a: Whimsicott|Moonblast|p1a: Zamazenta
|-supereffective|p1a: Zamazenta
|-damage|p1a: Zamazenta|0 fnt
|faint|p1a: Zamazenta
|
|-heal|p2a: Whimsicott|95/100|[from] item: Leftovers
|upkeep
|
|t:|1760367032
|switch|p1a: Raging Bolt|Raging Bolt|100/100
|turn|19
|
|t:|1760367037
|move|p2a: Whimsicott|Moonblast|p1a: Raging Bolt
|-supereffective|p1a: Raging Bolt
|-damage|p1a: Raging Bolt|51/100
|-unboost|p1a: Raging Bolt|spa|1
|move|p1a: Raging Bolt|Thunderbolt|p2a: Whimsicott
|-resisted|p2a: Whimsicott
|-damage|p2a: Whimsicott|71/100
|
|-heal|p2a: Whimsicott|78/100|[from] item: Leftovers
|upkeep
|turn|20
|
|t:|1760367044
|move|p2a: Whimsicott|Encore|p1a: Raging Bolt
|-start|p1a: Raging Bolt|Encore
|move|p1a: Raging Bolt|Thunderbolt|p2a: Whimsicott
|-resisted|p2a: Whimsicott
|-damage|p2a: Whimsicott|55/100
|-status|p2a: Whimsicott|par
|
|-heal|p2a: Whimsicott|61/100 par|[from] item: Leftovers
|upkeep
|turn|21
|
|t:|1760367068
|move|p1a: Raging Bolt|Thunderbolt|p2a: Whimsicott
|-resisted|p2a: Whimsicott
|-damage|p2a: Whimsicott|38/100 par
|move|p2a: Whimsicott|Moonblast|p1a: Raging Bolt
|-supereffective|p1a: Raging Bolt
|-crit|p1a: Raging Bolt
|-damage|p1a: Raging Bolt|0 fnt
|faint|p1a: Raging Bolt
|-end|p1a: Raging Bolt|Protosynthesis|[silent]
|
|-heal|p2a: Whimsicott|44/100 par|[from] item: Leftovers
|upkeep
|
|t:|1760367071
|switch|p1a: Great Tusk|Great Tusk|100/100
|turn|22
|
|t:|1760367074
|move|p2a: Whimsicott|Charm|p1a: Great Tusk
|-unboost|p1a: Great Tusk|atk|2
|move|p1a: Great Tusk|Ice Spinner|p2a: Whimsicott
|-supereffective|p2a: Whimsicott
|-damage|p2a: Whimsicott|21/100 par
|
|-heal|p2a: Whimsicott|27/100 par|[from] item: Leftovers
|upkeep
|turn|23
|
|t:|1760367080
|move|p2a: Whimsicott|Charm|p1a: Great Tusk
|-unboost|p1a: Great Tusk|atk|2
|move|p1a: Great Tusk|Ice Spinner|p2a: Whimsicott
|-supereffective|p2a: Whimsicott
|-damage|p2a: Whimsicott|11/100 par
|
|-heal|p2a: Whimsicott|17/100 par|[from] item: Leftovers
|upkeep
|turn|24
|
|t:|1760367085
|move|p2a: Whimsicott|Encore|p1a: Great Tusk
|-start|p1a: Great Tusk|Encore
|move|p1a: Great Tusk|Ice Spinner|p2a: Whimsicott
|-supereffective|p2a: Whimsicott
|-damage|p2a: Whimsicott|1/100 par
|
|-heal|p2a: Whimsicott|8/100 par|[from] item: Leftovers
|upkeep
|turn|25
|
|t:|1760367096
|cant|p2a: Whimsicott|par
|move|p1a: Great Tusk|Ice Spinner|p2a: Whimsicott
|-supereffective|p2a: Whimsicott
|-damage|p2a: Whimsicott|0 fnt
|faint|p2a: Whimsicott
|
|upkeep
|
|t:|1760367100
|switch|p2a: Gholdengo|Gholdengo|22/100
|turn|26
|
|t:|1760367102
|move|p1a: Great Tusk|Ice Spinner|p2a: Gholdengo
|-resisted|p2a: Gholdengo
|-damage|p2a: Gholdengo|17/100
|move|p2a: Gholdengo|Make It Rain|p1a: Great Tusk
|-damage|p1a: Great Tusk|6/100
|-unboost|p2a: Gholdengo|spa|1
|
|-heal|p2a: Gholdengo|23/100|[from] item: Leftovers
|-end|p1a: Great Tusk|Encore
|upkeep
|turn|27
|
|t:|1760367106
|switch|p2a: Great Tusk|Great Tusk|100/100
|move|p1a: Great Tusk|Ice Spinner|p2a: Great Tusk
|-supereffective|p2a: Great Tusk
|-damage|p2a: Great Tusk|87/100
|-damage|p1a: Great Tusk|0 fnt|[from] item: Rocky Helmet|[of] p2a: Great Tusk
|faint|p1a: Great Tusk
|-end|p1a: Great Tusk|Protosynthesis|[silent]
|
|win|pipotron
|raw|fregene97's rating: 1613 &rarr; <strong>1593</strong><br />(-20 for losing)
|raw|pipotron's rating: 1612 &rarr; <strong>1632</strong><br />(+20 for winning)
|l|☆fregene97
|player|p1|
|l|☆pipotron
|player|p2|
