|j|☆elianaxx
|j|☆devrick mundle
|t:|1760433601
|gametype|singles
|player|p1|elianaxx|lady|1491
|player|p2|devrick mundle|265|1456
|gen|9
|tier|[Gen 9] OU
|rated|
|rule|HP Percentage Mod: HP is shown in percentages
|rule|Endless Battle Clause: Forcing endless battles is banned
|rule|Species Clause: Limit one of each Pokémon
|rule|OHKO Clause: OHKO moves are banned
|rule|Evasion Items Clause: Evasion items are banned
|rule|Evasion Moves Clause: Evasion moves are banned
|rule|Evasion Abilities Clause: Evasion abilities are banned
|rule|Sleep Moves Clause: Sleep-inducing moves are banned
|clearpoke
|poke|p1|Zamazenta-*|
|poke|p1|Darkrai|
|poke|p1|Primarina, M|
|poke|p1|Slowking-Galar, M|
|poke|p1|Zapdos|
|poke|p1|Iron Treads|
|poke|p2|Pelipper, F|
|poke|p2|Moltres|
|poke|p2|Barraskewda, M|
|poke|p2|Tinkaton, F|
|poke|p2|Iron Treads|
|poke|p2|Ogerpon-Wellspring, F|
|teampreview
|inactive|Battle timer is ON: inactive players will automatically lose when time's up. (requested by devrick mundle)
|
|t:|1760433621
|teamsize|p1|6
|teamsize|p2|6
|start
|switch|p1a: Zapdos|Zapdos|100/100
|switch|p2a: Tinkaton|Tinkaton, F|100/100
|-ability|p2a: Tinkaton|Mold Breaker
|-item|p2a: Tinkaton|Air Balloon
|turn|1
|
|t:|1760433634
|move|p1a: Zapdos|Volt Switch|p2a: Tinkaton
|-damage|p2a: Tinkaton|80/100
|-enditem|p2a: Tinkaton|Air Balloon
|
|t:|1760433638
|switch|p1a: Iron Treads|Iron Treads|100/100|[from] Volt Switch
|-item|p1a: Iron Treads|Air Balloon
|move|p2a: Tinkaton|Stealth Rock|p1a: Iron Treads
|-sidestart|p1: elianaxx|move: Stealth Rock
|
|upkeep
|turn|2
|
|t:|1760433643
|move|p1a: Iron Treads|Earthquake|p2a: Tinkaton
|-supereffective|p2a: Tinkaton
|-damage|p2a: Tinkaton|0 fnt
|faint|p2a: Tinkaton
|
|upkeep
|
|t:|1760433648
|switch|p2a: Pelipper|Pelipper, F|100/100
|-weather|RainDance|[from] ability: Drizzle|[of] p2a: Pelipper
|turn|3
|
|t:|1760433666
|move|p1a: Iron Treads|Knock Off|p2a: Pelipper
|-damage|p2a: Pelipper|67/100
|-enditem|p2a: Pelipper|Damp Rock|[from] move: Knock Off|[of] p1a: Iron Treads
|move|p2a: Pelipper|Hydro Pump|p1a: Iron Treads
|-supereffective|p1a: Iron Treads
|-damage|p1a: Iron Treads|0 fnt
|-enditem|p1a: Iron Treads|Air Balloon
|faint|p1a: Iron Treads
|-end|p1a: Iron Treads|Quark Drive|[silent]
|
|-weather|RainDance|[upkeep]
|upkeep
|
|t:|1760433671
|switch|p1a: Zapdos|Zapdos|100/100
|turn|4
|
|t:|1760433676
|switch|p2a: Iron Treads|Iron Treads|100/100
|move|p1a: Zapdos|Volt Switch|p2a: Iron Treads
|-immune|p2a: Iron Treads
|
|-weather|RainDance|[upkeep]
|upkeep
|turn|5
|
|t:|1760433685
|switch|p1a: Zamazenta|Zamazenta|100/100
|-damage|p1a: Zamazenta|94/100|[from] Stealth Rock
|-ability|p1a: Zamazenta|Dauntless Shield|boost
|-boost|p1a: Zamazenta|def|1
|move|p2a: Iron Treads|Volt Switch|p1a: Zamazenta
|-damage|p1a: Zamazenta|84/100
|
|t:|1760433689
|-end|p2a: Iron Treads|Quark Drive|[silent]
|switch|p2a: Moltres|Moltres|100/100|[from] Volt Switch
|
|-weather|RainDance|[upkeep]
|upkeep
|turn|6
|
|t:|1760433694
|move|p1a: Zamazenta|Stone Edge|p2a: Moltres
|-supereffective|p2a: Moltres
|-damage|p2a: Moltres|0 fnt
|faint|p2a: Moltres
|
|-weather|RainDance|[upkeep]
|upkeep
|
|t:|1760433700
|switch|p2a: Barraskewda|Barraskewda, M|100/100
|turn|7
|
|t:|1760433710
|switch|p1a: Slowking|Slowking-Galar, M|100/100
|-terastallize|p2a: Barraskewda|Water
|move|p2a: Barraskewda|Flip Turn|p1a: Slowking
|-crit|p1a: Slowking
|-damage|p1a: Slowking|0 fnt
|faint|p1a: Slowking
|
|t:|1760433716
|switch|p2a: Iron Treads|Iron Treads|100/100|[from] Flip Turn
|
|-weather|RainDance|[upkeep]
|upkeep
|
|t:|1760433722
|switch|p1a: Zamazenta|Zamazenta|84/100
|-damage|p1a: Zamazenta|77/100|[from] Stealth Rock
|turn|8
|
|t:|1760433729
|move|p1a: Zamazenta|Close Combat|p2a: Iron Treads
|-supereffective|p2a: Iron Treads
|-damage|p2a: Iron Treads|0 fnt
|-unboost|p1a: Zamazenta|def|1
|-unboost|p1a: Zamazenta|spd|1
|faint|p2a: Iron Treads
|-end|p2a: Iron Treads|Quark Drive|[silent]
|
|-weather|RainDance|[upkeep]
|upkeep
|
|t:|1760433733
|switch|p2a: Barraskewda|Barraskewda, M, tera:Water|100/100
|turn|9
|
|t:|1760433739
|switch|p1a: Darkrai|Darkrai|100/100
|-damage|p1a: Darkrai|88/100|[from] Stealth Rock
|move|p2a: Barraskewda|Liquidation|p1a: Darkrai
|-damage|p1a: Darkrai|0 fnt
|faint|p1a: Darkrai
|
|-weather|RainDance|[upkeep]
|upkeep
|
|t:|1760433746
|switch|p1a: Zapdos|Zapdos|100/100
|turn|10
|
|t:|1760433751
|-terastallize|p1a: Zapdos|Water
|move|p2a: Barraskewda|Liquidation|p1a: Zapdos
|-resisted|p1a: Zapdos
|-damage|p1a: Zapdos|47/100
|move|p1a: Zapdos|Volt Switch|p2a: Barraskewda
|-supereffective|p2a: Barraskewda
|-damage|p2a: Barraskewda|0 fnt
|faint|p2a: Barraskewda
|
|t:|1760433760
|switch|p1a: Primarina|Primarina, M|100/100|[from] Volt Switch
|-damage|p1a: Primarina|88/100|[from] Stealth Rock
|
|-weather|none
|-heal|p1a: Primarina|94/100|[from] item: Leftovers
|upkeep
|
|t:|1760433768
|switch|p2a: Ogerpon|Ogerpon-Wellspring, F|100/100
|turn|11
|
|t:|1760433772
|move|p2a: Ogerpon|Wood Hammer|p1a: Primarina
|-supereffective|p1a: Primarina
|-damage|p1a: Primarina|0 fnt
|faint|p1a: Primarina
|-damage|p2a: Ogerpon|68/100|[from] Recoil
|
|upkeep
|
|t:|1760433774
|switch|p1a: Zamazenta|Zamazenta|77/100
|-damage|p1a: Zamazenta|71/100|[from] Stealth Rock
|turn|12
|
|t:|1760433783
|switch|p2a: Pelipper|Pelipper, F|67/100
|-weather|RainDance|[from] ability: Drizzle|[of] p2a: Pelipper
|move|p1a: Zamazenta|Close Combat|p2a: Pelipper
|-resisted|p2a: Pelipper
|-damage|p2a: Pelipper|13/100
|-unboost|p1a: Zamazenta|def|1
|-unboost|p1a: Zamazenta|spd|1
|
|-weather|RainDance|[upkeep]
|upkeep
|turn|13
|
|t:|1760433786
|move|p1a: Zamazenta|Close Combat|p2a: Pelipper
|-resisted|p2a: Pelipper
|-damage|p2a: Pelipper|0 fnt
|-unboost|p1a: Zamazenta|def|1
|-unboost|p1a: Zamazenta|spd|1
|faint|p2a: Pelipper
|
|-weather|RainDance|[upkeep]
|upkeep
|
|t:|1760433789
|switch|p2a: Ogerpon|Ogerpon-Wellspring, F|68/100
|turn|14
|
|t:|1760433795
|move|p1a: Zamazenta|Close Combat|p2a: Ogerpon
|-damage|p2a: Ogerpon|0 fnt
|-unboost|p1a: Zamazenta|def|1
|-unboost|p1a: Zamazenta|spd|1
|faint|p2a: Ogerpon
|
|win|elianaxx
|raw|elianaxx's rating: 1491 &rarr; <strong>1509</strong><br />(+18 for winning)
|raw|devrick mundle's rating: 1456 &rarr; <strong>1438</strong><br />(-18 for losing)
|l|☆devrick mundle
|player|p2|
|l|☆elianaxx
|player|p1|
