|j|☆AloneKitsuni
|j|☆Siddharth42c
|t:|1760375883
|gametype|singles
|player|p1|AloneKitsuni|265|
|player|p2|Siddharth42c|blue-gen2|
|gen|9
|tier|[Gen 9] OU
|rule|HP Percentage Mod: HP is shown in percentages
|rule|Endless Battle Clause: Forcing endless battles is banned
|rule|Species Clause: Limit one of each Pokémon
|rule|OHKO Clause: OHKO moves are banned
|rule|Evasion Items Clause: Evasion items are banned
|rule|Evasion Moves Clause: Evasion moves are banned
|rule|Evasion Abilities Clause: Evasion abilities are banned
|rule|Sleep Moves Clause: Sleep-inducing moves are banned
|clearpoke
|poke|p1|Dragonite, F|
|poke|p1|Zamazenta-*|
|poke|p1|Landorus-Therian, M|
|poke|p1|Gholdengo|
|poke|p1|Darkrai|
|poke|p1|Hatterene, F|
|poke|p2|Dondozo, F|
|poke|p2|Blissey, F|
|poke|p2|Corviknight, F|
|poke|p2|Weezing-Galar, M|
|poke|p2|Gliscor, M|
|poke|p2|Toxapex, M|
|teampreview
|inactive|Battle timer is ON: inactive players will automatically lose when time's up. (requested by Siddharth42c)
|inactive|Siddharth42c has 270 seconds left.
|
|t:|1760375921
|teamsize|p1|6
|teamsize|p2|6
|start
|switch|p1a: Kalu lady|Darkrai|100/100
|switch|p2a: Gliscor|Gliscor, M|100/100
|turn|1
|
|t:|1760375930
|move|p2a: Gliscor|Protect|p2a: Gliscor
|-singleturn|p2a: Gliscor|Protect
|move|p1a: Kalu lady|Will-O-Wisp|p2a: Gliscor
|-activate|p2a: Gliscor|move: Protect
|
|-status|p2a: Gliscor|tox|[from] item: Toxic Orb
|upkeep
|turn|2
|
|t:|1760375940
|switch|p2a: Blissey|Blissey, F|100/100
|move|p1a: Kalu lady|Ice Beam|p2a: Blissey
|-damage|p2a: Blissey|91/100
|
|-heal|p2a: Blissey|97/100|[from] item: Leftovers
|upkeep
|turn|3
|
|t:|1760375968
|move|p1a: Kalu lady|Taunt|p2a: Blissey
|-start|p2a: Blissey|move: Taunt
|cant|p2a: Blissey|move: Taunt|Stealth Rock
|
|-heal|p2a: Blissey|100/100|[from] item: Leftovers
|upkeep
|turn|4
|
|t:|1760375975
|switch|p1a: Gandu lady|Landorus-Therian, M|100/100
|-ability|p1a: Gandu lady|Intimidate|boost
|-unboost|p2a: Blissey|atk|1
|move|p2a: Blissey|Seismic Toss|p1a: Gandu lady
|-damage|p1a: Gandu lady|74/100
|-damage|p2a: Blissey|84/100|[from] item: Rocky Helmet|[of] p1a: Gandu lady
|
|-heal|p2a: Blissey|90/100|[from] item: Leftovers
|upkeep
|turn|5
|
|t:|1760375986
|switch|p2a: Gliscor|Gliscor, M|100/100 tox
|move|p1a: Gandu lady|Stealth Rock|p2a: Gliscor
|-sidestart|p2: Siddharth42c|move: Stealth Rock
|
|upkeep
|turn|6
|
|t:|1760376001
|move|p1a: Gandu lady|Taunt|p2a: Gliscor
|-start|p2a: Gliscor|move: Taunt
|cant|p2a: Gliscor|move: Taunt|Spikes
|
|upkeep
|turn|7
|
|t:|1760376010
|move|p1a: Gandu lady|U-turn|p2a: Gliscor
|-resisted|p2a: Gliscor
|-damage|p2a: Gliscor|92/100 tox
|
|t:|1760376013
|switch|p1a: Kalu lady|Darkrai|100/100|[from] U-turn
|move|p2a: Gliscor|Knock Off|p1a: Kalu lady
|-resisted|p1a: Kalu lady
|-damage|p1a: Kalu lady|87/100
|-enditem|p1a: Kalu lady|Heavy-Duty Boots|[from] move: Knock Off|[of] p2a: Gliscor
|
|-heal|p2a: Gliscor|100/100 tox|[from] ability: Poison Heal
|upkeep
|turn|8
|
|t:|1760376023
|switch|p2a: Corviknight|Corviknight, F|100/100
|-damage|p2a: Corviknight|88/100|[from] Stealth Rock
|-ability|p2a: Corviknight|Pressure
|move|p1a: Kalu lady|Dark Pulse|p2a: Corviknight
|-damage|p2a: Corviknight|50/100
|
|-heal|p2a: Corviknight|57/100|[from] item: Leftovers
|upkeep
|turn|9
|
|t:|1760376034
|move|p1a: Kalu lady|Will-O-Wisp|p2a: Corviknight
|-status|p2a: Corviknight|brn
|move|p2a: Corviknight|Roost|p2a: Corviknight
|-heal|p2a: Corviknight|100/100 brn
|-singleturn|p2a: Corviknight|move: Roost
|
|-damage|p2a: Corviknight|94/100 brn|[from] brn
|upkeep
|turn|10
|
|t:|1760376048
|switch|p1a: Gandu lady|Landorus-Therian, M|74/100
|-ability|p1a: Gandu lady|Intimidate|boost
|-unboost|p2a: Corviknight|atk|1
|move|p2a: Corviknight|Defog|p1a: Gandu lady
|-unboost|p1a: Gandu lady|evasion|1
|-sideend|p2: Siddharth42c|Stealth Rock|[from] move: Defog|[of] p2a: Corviknight
|
|-heal|p2a: Corviknight|100/100 brn|[from] item: Leftovers
|-damage|p2a: Corviknight|94/100 brn|[from] brn
|upkeep
|turn|11
|
|t:|1760376057
|switch|p2a: Gliscor|Gliscor, M|100/100 tox
|move|p1a: Gandu lady|Stealth Rock|p2a: Gliscor
|-sidestart|p2: Siddharth42c|move: Stealth Rock
|
|upkeep
|turn|12
|inactive|Siddharth42c has 270 seconds left.
|
|t:|1760376096
|move|p1a: Gandu lady|U-turn|p2a: Gliscor
|-resisted|p2a: Gliscor
|-damage|p2a: Gliscor|92/100 tox
|
|t:|1760376102
|switch|p1a: Kalu lady|Darkrai|87/100|[from] U-turn
|move|p2a: Gliscor|Knock Off|p1a: Kalu lady
|-resisted|p1a: Kalu lady
|-damage|p1a: Kalu lady|79/100
|
|-heal|p2a: Gliscor|100/100 tox|[from] ability: Poison Heal
|upkeep
|turn|13
|
|t:|1760376110
|-terastallize|p2a: Gliscor|Water
|move|p1a: Kalu lady|Ice Beam|p2a: Gliscor
|-resisted|p2a: Gliscor
|-damage|p2a: Gliscor|88/100 tox
|move|p2a: Gliscor|Earthquake|p1a: Kalu lady
|-damage|p1a: Kalu lady|39/100
|
|-heal|p2a: Gliscor|100/100 tox|[from] ability: Poison Heal
|upkeep
|turn|14
|inactive|AloneKitsuni has 270 seconds left.
|
|t:|1760376148
|switch|p1a: Noob lady|Hatterene, F|100/100
|move|p2a: Gliscor|Knock Off|p1a: Noob lady
|-damage|p1a: Noob lady|77/100
|-enditem|p1a: Noob lady|Assault Vest|[from] move: Knock Off|[of] p2a: Gliscor
|
|upkeep
|turn|15
|inactive|AloneKitsuni has 270 seconds left.
|
|t:|1760376167
|move|p2a: Gliscor|Earthquake|p1a: Noob lady
|-damage|p1a: Noob lady|36/100
|move|p1a: Noob lady|Draining Kiss|p2a: Gliscor
|-damage|p2a: Gliscor|79/100 tox
|-heal|p1a: Noob lady|54/100|[from] drain|[of] p2a: Gliscor
|
|-heal|p2a: Gliscor|92/100 tox|[from] ability: Poison Heal
|upkeep
|turn|16
|
|t:|1760376193
|switch|p2a: Weezing|Weezing-Galar, M|100/100
|-ability|p2a: Weezing|Neutralizing Gas
|move|p1a: Noob lady|Psyshock|p2a: Weezing
|-supereffective|p2a: Weezing
|-damage|p2a: Weezing|47/100
|
|upkeep
|turn|17
|inactive|AloneKitsuni has 240 seconds left.
|inactive|Siddharth42c has 270 seconds left.
|
|t:|1760376220
|switch|p1a: Shiny babylady|Gholdengo|100/100
|move|p2a: Weezing|Defog|p1a: Shiny babylady
|-unboost|p1a: Shiny babylady|evasion|1
|-sideend|p2: Siddharth42c|Stealth Rock|[from] move: Defog|[of] p2a: Weezing
|
|upkeep
|turn|18
|inactive|Siddharth42c has 270 seconds left.
|
|t:|1760376233
|move|p1a: Shiny babylady|Nasty Plot|p1a: Shiny babylady
|-boost|p1a: Shiny babylady|spa|2
|move|p2a: Weezing|Pain Split|p1a: Shiny babylady
|-sethp|p1a: Shiny babylady|73/100|[from] move: Pain Split|[silent]
|-sethp|p2a: Weezing|75/100|[from] move: Pain Split
|
|upkeep
|turn|19
|inactive|Siddharth42c has 270 seconds left.
|
|t:|1760376238
|-end|p2a: Weezing|ability: Neutralizing Gas
|switch|p2a: Blissey|Blissey, F|90/100
|move|p1a: Shiny babylady|Make It Rain|p2a: Blissey
|-damage|p2a: Blissey|43/100
|-unboost|p1a: Shiny babylady|spa|1
|
|-heal|p2a: Blissey|49/100|[from] item: Leftovers
|upkeep
|turn|20
|
|t:|1760376246
|move|p1a: Shiny babylady|Make It Rain|p2a: Blissey
|-damage|p2a: Blissey|12/100
|-unboost|p1a: Shiny babylady|spa|1
|move|p2a: Blissey|Soft-Boiled|p2a: Blissey
|-heal|p2a: Blissey|62/100
|
|-heal|p2a: Blissey|68/100|[from] item: Leftovers
|upkeep
|turn|21
|inactive|AloneKitsuni has 240 seconds left.
|
|t:|1760376261
|move|p1a: Shiny babylady|Nasty Plot|p1a: Shiny babylady
|-boost|p1a: Shiny babylady|spa|2
|move|p2a: Blissey|Calm Mind|p2a: Blissey
|-boost|p2a: Blissey|spa|1
|-boost|p2a: Blissey|spd|1
|
|-heal|p2a: Blissey|75/100|[from] item: Leftovers
|upkeep
|turn|22
|inactive|Siddharth42c has 270 seconds left.
|
|t:|1760376293
|switch|p1a: Gandu lady|Landorus-Therian, M|74/100
|-ability|p1a: Gandu lady|Intimidate|boost
|-unboost|p2a: Blissey|atk|1
|move|p2a: Blissey|Soft-Boiled|p2a: Blissey
|-heal|p2a: Blissey|100/100
|
|upkeep
|turn|23
|
|t:|1760376299
|switch|p2a: Gliscor|Gliscor, M, tera:Water|92/100 tox
|move|p1a: Gandu lady|Taunt|p2a: Gliscor
|-start|p2a: Gliscor|move: Taunt
|
|-heal|p2a: Gliscor|100/100 tox|[from] ability: Poison Heal
|upkeep
|turn|24
|
|t:|1760376309
|move|p1a: Gandu lady|Stealth Rock|p2a: Gliscor
|-sidestart|p2: Siddharth42c|move: Stealth Rock
|move|p2a: Gliscor|Knock Off|p1a: Gandu lady
|-damage|p1a: Gandu lady|53/100
|-damage|p2a: Gliscor|84/100 tox|[from] item: Rocky Helmet|[of] p1a: Gandu lady
|-enditem|p1a: Gandu lady|Rocky Helmet|[from] move: Knock Off|[of] p2a: Gliscor
|
|-heal|p2a: Gliscor|97/100 tox|[from] ability: Poison Heal
|upkeep
|turn|25
|
|t:|1760376330
|move|p1a: Gandu lady|Earthquake|p2a: Gliscor
|-damage|p2a: Gliscor|57/100 tox
|move|p2a: Gliscor|Knock Off|p1a: Gandu lady
|-damage|p1a: Gandu lady|40/100
|
|-heal|p2a: Gliscor|70/100 tox|[from] ability: Poison Heal
|-end|p2a: Gliscor|move: Taunt
|upkeep
|turn|26
|
|t:|1760376335
|move|p2a: Gliscor|Protect|p2a: Gliscor
|-singleturn|p2a: Gliscor|Protect
|move|p1a: Gandu lady|Earthquake|p2a: Gliscor
|-activate|p2a: Gliscor|move: Protect
|
|-heal|p2a: Gliscor|82/100 tox|[from] ability: Poison Heal
|upkeep
|turn|27
|
|t:|1760376341
|move|p1a: Gandu lady|Earthquake|p2a: Gliscor
|-damage|p2a: Gliscor|47/100 tox
|move|p2a: Gliscor|Spikes|p1a: Gandu lady
|-sidestart|p1: AloneKitsuni|Spikes
|
|-heal|p2a: Gliscor|59/100 tox|[from] ability: Poison Heal
|upkeep
|turn|28
|
|t:|1760376347
|switch|p1a: Kalu lady|Darkrai|39/100
|-damage|p1a: Kalu lady|26/100|[from] Spikes
|move|p2a: Gliscor|Protect||[still]
|-fail|p2a: Gliscor
|
|-heal|p2a: Gliscor|72/100 tox|[from] ability: Poison Heal
|upkeep
|turn|29
|
|t:|1760376361
|move|p2a: Gliscor|Protect|p2a: Gliscor
|-singleturn|p2a: Gliscor|Protect
|move|p1a: Kalu lady|Taunt|p2a: Gliscor
|-activate|p2a: Gliscor|move: Protect
|
|-heal|p2a: Gliscor|84/100 tox|[from] ability: Poison Heal
|upkeep
|turn|30
|
|t:|1760376366
|move|p1a: Kalu lady|Taunt|p2a: Gliscor
|-start|p2a: Gliscor|move: Taunt
|move|p2a: Gliscor|Earthquake|p1a: Kalu lady
|-damage|p1a: Kalu lady|0 fnt
|faint|p1a: Kalu lady
|
|-heal|p2a: Gliscor|97/100 tox|[from] ability: Poison Heal
|upkeep
|
|t:|1760376378
|switch|p1a: Shiny babylady|Gholdengo|73/100
|-damage|p1a: Shiny babylady|60/100|[from] Spikes
|turn|31
|inactive|AloneKitsuni has 270 seconds left.
|
|t:|1760376409
|move|p1a: Shiny babylady|Thunderbolt|p2a: Gliscor
|-supereffective|p2a: Gliscor
|-damage|p2a: Gliscor|37/100 tox
|move|p2a: Gliscor|Knock Off|p1a: Shiny babylady
|-supereffective|p1a: Shiny babylady
|-damage|p1a: Shiny babylady|16/100
|-enditem|p1a: Shiny babylady|Metal Coat|[from] move: Knock Off|[of] p2a: Gliscor
|
|-heal|p2a: Gliscor|50/100 tox|[from] ability: Poison Heal
|upkeep
|turn|32
|
|t:|1760376419
|switch|p2a: Blissey|Blissey, F|100/100
|-damage|p2a: Blissey|88/100|[from] Stealth Rock
|move|p1a: Shiny babylady|Nasty Plot|p1a: Shiny babylady
|-boost|p1a: Shiny babylady|spa|2
|
|-heal|p2a: Blissey|94/100|[from] item: Leftovers
|upkeep
|turn|33
|
|t:|1760376430
|move|p1a: Shiny babylady|Recover|p1a: Shiny babylady
|-heal|p1a: Shiny babylady|66/100
|move|p2a: Blissey|Calm Mind|p2a: Blissey
|-boost|p2a: Blissey|spa|1
|-boost|p2a: Blissey|spd|1
|
|-heal|p2a: Blissey|100/100|[from] item: Leftovers
|upkeep
|turn|34
|
|t:|1760376433
|move|p1a: Shiny babylady|Recover|p1a: Shiny babylady
|-heal|p1a: Shiny babylady|100/100
|move|p2a: Blissey|Calm Mind|p2a: Blissey
|-boost|p2a: Blissey|spa|1
|-boost|p2a: Blissey|spd|1
|
|upkeep
|turn|35
|
|t:|1760376437
|move|p1a: Shiny babylady|Nasty Plot|p1a: Shiny babylady
|-boost|p1a: Shiny babylady|spa|2
|move|p2a: Blissey|Stealth Rock|p1a: Shiny babylady
|-sidestart|p1: AloneKitsuni|move: Stealth Rock
|
|upkeep
|turn|36
|
|t:|1760376440
|move|p1a: Shiny babylady|Nasty Plot|p1a: Shiny babylady
|-boost|p1a: Shiny babylady|spa|2
|move|p2a: Blissey|Calm Mind|p2a: Blissey
|-boost|p2a: Blissey|spa|1
|-boost|p2a: Blissey|spd|1
|
|upkeep
|turn|37
|
|t:|1760376446
|move|p1a: Shiny babylady|Thunderbolt|p2a: Blissey
|-damage|p2a: Blissey|83/100
|move|p2a: Blissey|Calm Mind|p2a: Blissey
|-boost|p2a: Blissey|spa|1
|-boost|p2a: Blissey|spd|1
|
|-heal|p2a: Blissey|89/100|[from] item: Leftovers
|upkeep
|turn|38
|
|t:|1760376450
|move|p1a: Shiny babylady|Thunderbolt|p2a: Blissey
|-damage|p2a: Blissey|74/100
|move|p2a: Blissey|Calm Mind|p2a: Blissey
|-boost|p2a: Blissey|spa|1
|-boost|p2a: Blissey|spd|1
|
|-heal|p2a: Blissey|80/100|[from] item: Leftovers
|upkeep
|turn|39
|
|t:|1760376453
|move|p1a: Shiny babylady|Thunderbolt|p2a: Blissey
|-damage|p2a: Blissey|68/100
|move|p2a: Blissey|Calm Mind|p2a: Blissey
|-boost|p2a: Blissey|spa|1
|-boost|p2a: Blissey|spd|1
|
|-heal|p2a: Blissey|75/100|[from] item: Leftovers
|upkeep
|turn|40
|
|t:|1760376458
|move|p1a: Shiny babylady|Thunderbolt|p2a: Blissey
|-damage|p2a: Blissey|64/100
|move|p2a: Blissey|Seismic Toss|p1a: Shiny babylady
|-immune|p1a: Shiny babylady
|
|-heal|p2a: Blissey|70/100|[from] item: Leftovers
|upkeep
|turn|41
|
|t:|1760376461
|move|p1a: Shiny babylady|Thunderbolt|p2a: Blissey
|-damage|p2a: Blissey|60/100
|move|p2a: Blissey|Soft-Boiled|p2a: Blissey
|-heal|p2a: Blissey|100/100
|
|upkeep
|turn|42
|
|t:|1760376465
|move|p1a: Shiny babylady|Thunderbolt|p2a: Blissey
|-damage|p2a: Blissey|91/100
|move|p2a: Blissey|Calm Mind|p2a: Blissey
|-boost|p2a: Blissey|spa|0
|-boost|p2a: Blissey|spd|0
|
|-heal|p2a: Blissey|97/100|[from] item: Leftovers
|upkeep
|turn|43
|
|t:|1760376472
|move|p1a: Shiny babylady|Thunderbolt|p2a: Blissey
|-damage|p2a: Blissey|86/100
|move|p2a: Blissey|Calm Mind|p2a: Blissey
|-boost|p2a: Blissey|spa|0
|-boost|p2a: Blissey|spd|0
|
|-heal|p2a: Blissey|92/100|[from] item: Leftovers
|upkeep
|turn|44
|inactive|Siddharth42c has 270 seconds left.
|
|t:|1760376505
|move|p1a: Shiny babylady|Thunderbolt|p2a: Blissey
|-damage|p2a: Blissey|83/100
|move|p2a: Blissey|Calm Mind|p2a: Blissey
|-boost|p2a: Blissey|spa|0
|-boost|p2a: Blissey|spd|0
|
|-heal|p2a: Blissey|89/100|[from] item: Leftovers
|upkeep
|turn|45
|
|t:|1760376509
|move|p1a: Shiny babylady|Thunderbolt|p2a: Blissey
|-damage|p2a: Blissey|78/100
|move|p2a: Blissey|Stealth Rock||[still]
|-fail|p2a: Blissey
|
|-heal|p2a: Blissey|85/100|[from] item: Leftovers
|upkeep
|turn|46
|
|t:|1760376516
|move|p1a: Shiny babylady|Thunderbolt|p2a: Blissey
|-damage|p2a: Blissey|74/100
|move|p2a: Blissey|Stealth Rock||[still]
|-fail|p2a: Blissey
|
|-heal|p2a: Blissey|80/100|[from] item: Leftovers
|upkeep
|turn|47
|
|t:|1760376538
|move|p1a: Shiny babylady|Thunderbolt|p2a: Blissey
|-damage|p2a: Blissey|70/100
|-status|p2a: Blissey|par
|move|p2a: Blissey|Stealth Rock||[still]
|-fail|p2a: Blissey
|
|-heal|p2a: Blissey|77/100 par|[from] item: Leftovers
|upkeep
|turn|48
|
|t:|1760376545
|move|p1a: Shiny babylady|Thunderbolt|p2a: Blissey
|-damage|p2a: Blissey|66/100 par
|move|p2a: Blissey|Seismic Toss|p1a: Shiny babylady
|-immune|p1a: Shiny babylady
|
|-heal|p2a: Blissey|72/100 par|[from] item: Leftovers
|upkeep
|turn|49
|
|t:|1760376550
|move|p1a: Shiny babylady|Make It Rain|p2a: Blissey
|-damage|p2a: Blissey|49/100 par
|-unboost|p1a: Shiny babylady|spa|1
|move|p2a: Blissey|Soft-Boiled|p2a: Blissey
|-heal|p2a: Blissey|99/100 par
|
|-heal|p2a: Blissey|100/100 par|[from] item: Leftovers
|upkeep
|turn|50
|
|t:|1760376555
|move|p1a: Shiny babylady|Nasty Plot|p1a: Shiny babylady
|-boost|p1a: Shiny babylady|spa|1
|move|p2a: Blissey|Calm Mind|p2a: Blissey
|-boost|p2a: Blissey|spa|0
|-boost|p2a: Blissey|spd|0
|
|upkeep
|turn|51
|
|t:|1760376561
|move|p1a: Shiny babylady|Thunderbolt|p2a: Blissey
|-damage|p2a: Blissey|90/100 par
|move|p2a: Blissey|Stealth Rock||[still]
|-fail|p2a: Blissey
|
|-heal|p2a: Blissey|96/100 par|[from] item: Leftovers
|upkeep
|turn|52
|
|t:|1760376568
|move|p1a: Shiny babylady|Make It Rain|p2a: Blissey
|-damage|p2a: Blissey|75/100 par
|-unboost|p1a: Shiny babylady|spa|1
|cant|p2a: Blissey|par
|
|-heal|p2a: Blissey|81/100 par|[from] item: Leftovers
|upkeep
|turn|53
|
|t:|1760376572
|move|p1a: Shiny babylady|Nasty Plot|p1a: Shiny babylady
|-boost|p1a: Shiny babylady|spa|1
|move|p2a: Blissey|Seismic Toss|p1a: Shiny babylady
|-immune|p1a: Shiny babylady
|
|-heal|p2a: Blissey|88/100 par|[from] item: Leftovers
|upkeep
|turn|54
|
|t:|1760376575
|move|p1a: Shiny babylady|Make It Rain|p2a: Blissey
|-damage|p2a: Blissey|67/100 par
|-unboost|p1a: Shiny babylady|spa|1
|move|p2a: Blissey|Seismic Toss|p1a: Shiny babylady
|-immune|p1a: Shiny babylady
|
|-heal|p2a: Blissey|73/100 par|[from] item: Leftovers
|upkeep
|turn|55
|
|t:|1760376579
|move|p1a: Shiny babylady|Nasty Plot|p1a: Shiny babylady
|-boost|p1a: Shiny babylady|spa|1
|move|p2a: Blissey|Seismic Toss|p1a: Shiny babylady
|-immune|p1a: Shiny babylady
|
|-heal|p2a: Blissey|79/100 par|[from] item: Leftovers
|upkeep
|turn|56
|
|t:|1760376582
|move|p1a: Shiny babylady|Make It Rain|p2a: Blissey
|-crit|p2a: Blissey
|-damage|p2a: Blissey|0 fnt
|-unboost|p1a: Shiny babylady|spa|1
|faint|p2a: Blissey
|
|upkeep
|c|☆AloneKitsuni|Lol
|c|☆AloneKitsuni|Noob
|c|☆Siddharth42c|alone
|c|☆AloneKitsuni|Noob
|c|☆AloneKitsuni|Noob
|c|☆AloneKitsuni|Noob
|c|☆AloneKitsuni|Noob
|
|t:|1760376598
|switch|p2a: Dondozo|Dondozo, F|100/100
|-damage|p2a: Dondozo|88/100|[from] Stealth Rock
|turn|57
|c|☆AloneKitsuni|Easy
|c|☆AloneKitsuni|Easy
|c|☆AloneKitsuni|Easy
|c|☆AloneKitsuni|Easy
|c|☆AloneKitsuni|Easy
|c|☆AloneKitsuni|Easy
|-message|Siddharth42c forfeited.
|
|win|AloneKitsuni
