|j|☆gloriouspookiebron
|j|☆Princessjosie1001!
|t:|1760395257
|gametype|singles
|player|p1|gloriouspookiebron|blackbelt-gen4dp|1376
|player|p2|Princessjosie1001!|nurse|1374
|gen|9
|tier|[Gen 9] OU
|rated|
|rule|HP Percentage Mod: HP is shown in percentages
|rule|Endless Battle Clause: Forcing endless battles is banned
|rule|Species Clause: Limit one of each Pokémon
|rule|OHKO Clause: OHKO moves are banned
|rule|Evasion Items Clause: Evasion items are banned
|rule|Evasion Moves Clause: Evasion moves are banned
|rule|Evasion Abilities Clause: Evasion abilities are banned
|rule|Sleep Moves Clause: Sleep-inducing moves are banned
|clearpoke
|poke|p1|Kingambit, F|
|poke|p1|Great Tusk|
|poke|p1|Skarmory, M|
|poke|p1|Zamazenta-*|
|poke|p1|Blissey, F|
|poke|p1|Latios, M|
|poke|p2|Yanmega, M|
|poke|p2|Cloyster, F|
|poke|p2|Salazzle, F|
|poke|p2|Espeon, F|
|poke|p2|Jirachi|
|poke|p2|Maushold-Four|
|teampreview
|inactive|Battle timer is ON: inactive players will automatically lose when time's up. (requested by gloriouspookiebron)
|
|t:|1760395273
|teamsize|p1|6
|teamsize|p2|6
|start
|switch|p1a: Latios|Latios, M|100/100
|switch|p2a: Yanmega|Yanmega, M|100/100
|turn|1
|
|t:|1760395279
|switch|p1a: Blissey|Blissey, F|100/100
|move|p2a: Yanmega|Protect||[still]
|-fail|p2a: Yanmega
|
|-ability|p2a: Yanmega|Speed Boost|boost
|-boost|p2a: Yanmega|spe|1
|upkeep
|turn|2
|
|t:|1760395286
|switch|p2a: No hazard allowed|Espeon, F|100/100
|move|p1a: Blissey|Seismic Toss|p2a: No hazard allowed
|-damage|p2a: No hazard allowed|64/100
|
|upkeep
|turn|3
|
|t:|1760395292
|move|p2a: No hazard allowed|Trick|p1a: Blissey
|-activate|p2a: No hazard allowed|move: Trick|[of] p1a: Blissey
|-item|p1a: Blissey|Choice Scarf|[from] move: Trick
|-item|p2a: No hazard allowed|Leftovers|[from] move: Trick
|move|p1a: Blissey|Seismic Toss|p2a: No hazard allowed
|-damage|p2a: No hazard allowed|27/100
|
|-heal|p2a: No hazard allowed|33/100|[from] item: Leftovers
|upkeep
|turn|4
|
|t:|1760395299
|move|p2a: No hazard allowed|Thunder Wave|p1a: Blissey
|-status|p1a: Blissey|par
|move|p1a: Blissey|Seismic Toss|p2a: No hazard allowed
|-damage|p2a: No hazard allowed|0 fnt
|faint|p2a: No hazard allowed
|
|upkeep
|
|t:|1760395307
|switch|p2a: Cloyster|Cloyster, F|100/100
|turn|5
|
|t:|1760395319
|move|p2a: Cloyster|Shell Smash|p2a: Cloyster
|-unboost|p2a: Cloyster|def|1
|-unboost|p2a: Cloyster|spd|1
|-boost|p2a: Cloyster|atk|2
|-boost|p2a: Cloyster|spa|2
|-boost|p2a: Cloyster|spe|2
|move|p1a: Blissey|Seismic Toss|p2a: Cloyster
|-damage|p2a: Cloyster|59/100
|
|upkeep
|turn|6
|
|t:|1760395328
|move|p2a: Cloyster|Icicle Spear|p1a: Blissey
|-damage|p1a: Blissey|79/100 par
|-damage|p1a: Blissey|58/100 par
|-damage|p1a: Blissey|38/100 par
|-crit|p1a: Blissey
|-damage|p1a: Blissey|7/100 par
|-damage|p1a: Blissey|0 fnt
|faint|p1a: Blissey
|-hitcount|p1: Blissey|5
|
|upkeep
|
|t:|1760395331
|switch|p1a: Latios|Latios, M|100/100
|turn|7
|
|t:|1760395339
|move|p2a: Cloyster|Ice Shard|p1a: Latios
|-supereffective|p1a: Latios
|-damage|p1a: Latios|0 fnt
|faint|p1a: Latios
|
|upkeep
|
|t:|1760395343
|switch|p1a: Zamazenta|Zamazenta|100/100
|-ability|p1a: Zamazenta|Dauntless Shield|boost
|-boost|p1a: Zamazenta|def|1
|turn|8
|
|t:|1760395347
|move|p2a: Cloyster|Icicle Spear|p1a: Zamazenta
|-damage|p1a: Zamazenta|88/100
|-damage|p1a: Zamazenta|75/100
|-damage|p1a: Zamazenta|63/100
|-damage|p1a: Zamazenta|50/100
|-damage|p1a: Zamazenta|38/100
|-hitcount|p1a: Zamazenta|5
|move|p1a: Zamazenta|Body Press|p2a: Cloyster
|-supereffective|p2a: Cloyster
|-damage|p2a: Cloyster|0 fnt
|faint|p2a: Cloyster
|
|upkeep
|
|t:|1760395360
|switch|p2a: Yanmega|Yanmega, M|100/100
|turn|9
|
|t:|1760395366
|switch|p1a: Skarmory|Skarmory, M|100/100
|move|p2a: Yanmega|Protect||[still]
|-fail|p2a: Yanmega
|
|-ability|p2a: Yanmega|Speed Boost|boost
|-boost|p2a: Yanmega|spe|1
|upkeep
|turn|10
|
|t:|1760395374
|move|p2a: Yanmega|Air Slash|p1a: Skarmory|[miss]
|-miss|p2a: Yanmega|p1a: Skarmory
|move|p1a: Skarmory|Spikes|p2a: Yanmega
|-sidestart|p2: Princessjosie1001!|Spikes
|
|-ability|p2a: Yanmega|Speed Boost|boost
|-boost|p2a: Yanmega|spe|1
|upkeep
|turn|11
|
|t:|1760395380
|move|p2a: Yanmega|Air Slash|p1a: Skarmory
|-resisted|p1a: Skarmory
|-damage|p1a: Skarmory|68/100
|-enditem|p1a: Skarmory|Red Card|[of] p2a: Yanmega
|drag|p2a: Salazzle|Salazzle, F|100/100
|-damage|p2a: Salazzle|88/100|[from] Spikes
|move|p1a: Skarmory|Spikes|p2a: Salazzle
|-sidestart|p2: Princessjosie1001!|Spikes
|
|upkeep
|turn|12
|
|t:|1760395395
|switch|p1a: Zamazenta|Zamazenta|38/100
|move|p2a: Salazzle|Agility|p2a: Salazzle
|-boost|p2a: Salazzle|spe|2
|
|upkeep
|turn|13
|
|t:|1760395401
|-terastallize|p1a: Zamazenta|Steel
|move|p2a: Salazzle|Flamethrower|p1a: Zamazenta
|-supereffective|p1a: Zamazenta
|-damage|p1a: Zamazenta|0 fnt
|faint|p1a: Zamazenta
|
|upkeep
|
|t:|1760395405
|switch|p1a: Kingambit|Kingambit, F|100/100
|-activate|p1a: Kingambit|ability: Supreme Overlord
|-start|p1a: Kingambit|fallen3|[silent]
|turn|14
|
|t:|1760395410
|move|p1a: Kingambit|Sucker Punch||[still]
|-fail|p1a: Kingambit
|move|p2a: Salazzle|Toxic|p1a: Kingambit
|-status|p1a: Kingambit|tox
|
|-damage|p1a: Kingambit|94/100 tox|[from] psn
|upkeep
|turn|15
|-message|gloriouspookiebron forfeited.
|
|win|Princessjosie1001!
|raw|gloriouspookiebron's rating: 1376 &rarr; <strong>1356</strong><br />(-20 for losing)
|raw|Princessjosie1001!'s rating: 1374 &rarr; <strong>1394</strong><br />(+20 for winning)
|l|☆Princessjosie1001!
|player|p2|
|l|☆gloriouspookiebron
|player|p1|
