|j|☆bald wooper
|j|☆teamskullenoxa
|t:|1760429483
|gametype|singles
|player|p1|bald wooper|265|1708
|player|p2|teamskullenoxa|102|1747
|gen|9
|tier|[Gen 9] OU
|rated|
|rule|HP Percentage Mod: HP is shown in percentages
|rule|Endless Battle Clause: Forcing endless battles is banned
|rule|Species Clause: Limit one of each Pokémon
|rule|OHKO Clause: OHKO moves are banned
|rule|Evasion Items Clause: Evasion items are banned
|rule|Evasion Moves Clause: Evasion moves are banned
|rule|Evasion Abilities Clause: Evasion abilities are banned
|rule|Sleep Moves Clause: Sleep-inducing moves are banned
|clearpoke
|poke|p1|Landorus-Therian, M|
|poke|p1|Kingambit, F|
|poke|p1|Slowking-Galar, M|
|poke|p1|Iron Treads|
|poke|p1|Volcanion|
|poke|p1|Darkrai|
|poke|p2|Lokix, F|
|poke|p2|Slowking-Galar, F|
|poke|p2|Weavile, F|
|poke|p2|Enamorus, F|
|poke|p2|Alomomola, M|
|poke|p2|Cinderace, M|
|teampreview
|
|t:|1760429495
|teamsize|p1|6
|teamsize|p2|6
|start
|switch|p1a: Landorus|Landorus-Therian, M|100/100
|switch|p2a: Weavile|Weavile, F|100/100
|-ability|p2a: Weavile|Pressure
|-ability|p1a: Landorus|Intimidate|boost
|-unboost|p2a: Weavile|atk|1
|turn|1
|
|t:|1760429502
|switch|p1a: Volcanion|Volcanion|100/100
|move|p2a: Weavile|Triple Axel|p1a: Volcanion|[miss]
|-miss|p2a: Weavile|p1a: Volcanion
|
|upkeep
|turn|2
|
|t:|1760429506
|switch|p2a: Alomomola|Alomomola, M|100/100
|move|p1a: Volcanion|Fire Spin|p2a: Alomomola
|-resisted|p2a: Alomomola
|-damage|p2a: Alomomola|96/100
|-activate|p2a: Alomomola|move: Fire Spin|[of] p1a: Volcanion
|
|-damage|p2a: Alomomola|84/100|[from] move: Fire Spin|[partiallytrapped]
|upkeep
|turn|3
|
|t:|1760429509
|move|p1a: Volcanion|Taunt|p2a: Alomomola
|-start|p2a: Alomomola|move: Taunt
|move|p2a: Alomomola|Body Slam|p1a: Volcanion
|-damage|p1a: Volcanion|87/100
|-status|p1a: Volcanion|par
|
|-damage|p2a: Alomomola|72/100|[from] move: Fire Spin|[partiallytrapped]
|upkeep
|turn|4
|
|t:|1760429514
|move|p1a: Volcanion|Steam Eruption|p2a: Alomomola
|-resisted|p2a: Alomomola
|-damage|p2a: Alomomola|60/100
|move|p2a: Alomomola|Mirror Coat|p1a: Volcanion
|-damage|p1a: Volcanion|54/100 par
|
|-damage|p2a: Alomomola|48/100|[from] move: Fire Spin|[partiallytrapped]
|upkeep
|turn|5
|
|t:|1760429518
|move|p2a: Alomomola|Body Slam|p1a: Volcanion
|-damage|p1a: Volcanion|41/100 par
|move|p1a: Volcanion|Steam Eruption|p2a: Alomomola
|-resisted|p2a: Alomomola
|-damage|p2a: Alomomola|37/100
|
|-damage|p2a: Alomomola|24/100|[from] move: Fire Spin|[partiallytrapped]
|-end|p2a: Alomomola|move: Taunt
|upkeep
|turn|6
|j| ibibi
|
|t:|1760429524
|move|p2a: Alomomola|Body Slam|p1a: Volcanion
|-damage|p1a: Volcanion|28/100 par
|move|p1a: Volcanion|Steam Eruption|p2a: Alomomola
|-resisted|p2a: Alomomola
|-damage|p2a: Alomomola|14/100
|
|-end|p2a: Alomomola|Fire Spin|[partiallytrapped]
|upkeep
|turn|7
|j| hoverhawk
|
|t:|1760429533
|switch|p2a: Slowking|Slowking-Galar, F|100/100
|move|p1a: Volcanion|Steam Eruption|p2a: Slowking
|-damage|p2a: Slowking|62/100
|
|upkeep
|turn|8
|
|t:|1760429541
|move|p1a: Volcanion|Steam Eruption|p2a: Slowking
|-damage|p2a: Slowking|26/100
|move|p2a: Slowking|Sludge Bomb|p1a: Volcanion
|-damage|p1a: Volcanion|3/100 par
|
|upkeep
|turn|9
|
|t:|1760429546
|move|p1a: Volcanion|Steam Eruption|p2a: Slowking|[miss]
|-miss|p1a: Volcanion|p2a: Slowking
|-prepare|p2a: Slowking|Chilly Reception|[premajor]
|move|p2a: Slowking|Chilly Reception|p2a: Slowking
|-weather|Snowscape
|
|t:|1760429553
|switch|p2a: Lokix|Lokix, F|100/100|[from] Chilly Reception
|
|-weather|Snowscape|[upkeep]
|upkeep
|turn|10
|
|t:|1760429557
|move|p2a: Lokix|U-turn|p1a: Volcanion
|-resisted|p1a: Volcanion
|-damage|p1a: Volcanion|0 fnt
|faint|p1a: Volcanion
|
|t:|1760429562
|switch|p2a: Cinderace|Cinderace, M|100/100|[from] U-turn
|
|-weather|Snowscape|[upkeep]
|upkeep
|
|t:|1760429567
|switch|p1a: Slowking|Slowking-Galar, M|100/100
|turn|11
|
|t:|1760429570
|move|p2a: Cinderace|Pyro Ball|p1a: Slowking
|-damage|p1a: Slowking|56/100
|move|p1a: Slowking|Thunder Wave|p2a: Cinderace
|-status|p2a: Cinderace|par
|
|-weather|Snowscape|[upkeep]
|upkeep
|turn|12
|inactive|Battle timer is ON: inactive players will automatically lose when time's up. (requested by bald wooper)
|
|t:|1760429575
|move|p2a: Cinderace|Pyro Ball|p1a: Slowking
|-damage|p1a: Slowking|14/100
|-prepare|p1a: Slowking|Chilly Reception|[premajor]
|move|p1a: Slowking|Chilly Reception|p1a: Slowking
|
|t:|1760429580
|switch|p1a: Landorus|Landorus-Therian, M|100/100|[from] Chilly Reception
|-ability|p1a: Landorus|Intimidate|boost
|-unboost|p2a: Cinderace|atk|1
|
|-weather|Snowscape|[upkeep]
|upkeep
|turn|13
|
|t:|1760429588
|move|p1a: Landorus|Stealth Rock|p2a: Cinderace
|-sidestart|p2: teamskullenoxa|move: Stealth Rock
|move|p2a: Cinderace|Pyro Ball|p1a: Landorus
|-damage|p1a: Landorus|60/100
|
|-weather|none
|upkeep
|turn|14
|inactive|teamskullenoxa has 120 seconds left.
|
|t:|1760429641
|move|p1a: Landorus|Earth Power|p2a: Cinderace
|-supereffective|p2a: Cinderace
|-damage|p2a: Cinderace|2/100 par
|move|p2a: Cinderace|Court Change|p2a: Cinderace
|-swapsideconditions
|-activate|p2a: Cinderace|move: Court Change
|
|upkeep
|turn|15
|inactive|teamskullenoxa has 90 seconds left.
|
|t:|1760429676
|switch|p2a: Enamorus|Enamorus, F|100/100
|move|p1a: Landorus|Stealth Rock|p2a: Enamorus
|-sidestart|p2: teamskullenoxa|move: Stealth Rock
|
|upkeep
|turn|16
|
|t:|1760429683
|-terastallize|p2a: Enamorus|Stellar
|move|p2a: Enamorus|Tera Blast|p1a: Landorus|[anim] Tera Blast Stellar
|-damage|p1a: Landorus|11/100
|-boost|p2a: Enamorus|atk|1
|-boost|p2a: Enamorus|spa|1
|move|p1a: Landorus|U-turn|p2a: Enamorus
|-resisted|p2a: Enamorus
|-damage|p2a: Enamorus|93/100
|
|t:|1760429689
|switch|p1a: Iron Treads|Iron Treads|100/100|[from] U-turn
|-damage|p1a: Iron Treads|97/100|[from] Stealth Rock
|
|upkeep
|turn|17
|
|t:|1760429694
|move|p2a: Enamorus|Tera Blast|p1a: Iron Treads|[anim] Tera Blast Stellar
|-damage|p1a: Iron Treads|15/100
|-boost|p2a: Enamorus|atk|1
|-boost|p2a: Enamorus|spa|1
|move|p1a: Iron Treads|Rapid Spin|p2a: Enamorus
|-damage|p2a: Enamorus|70/100
|-boost|p1a: Iron Treads|spe|1
|-sideend|p1: bald wooper|Stealth Rock|[from] move: Rapid Spin|[of] p1a: Iron Treads
|
|upkeep
|turn|18
|
|t:|1760429697
|move|p1a: Iron Treads|Ice Spinner|p2a: Enamorus
|-supereffective|p2a: Enamorus
|-damage|p2a: Enamorus|0 fnt
|faint|p2a: Enamorus
|
|upkeep
|
|t:|1760429701
|switch|p2a: Lokix|Lokix, F|100/100
|-damage|p2a: Lokix|76/100|[from] Stealth Rock
|turn|19
|
|t:|1760429710
|move|p2a: Lokix|First Impression|p1a: Iron Treads
|-resisted|p1a: Iron Treads
|-damage|p1a: Iron Treads|0 fnt
|faint|p1a: Iron Treads
|-end|p1a: Iron Treads|Quark Drive|[silent]
|
|upkeep
|
|t:|1760429717
|switch|p1a: Darkrai|Darkrai|100/100
|turn|20
|
|t:|1760429720
|move|p1a: Darkrai|Nasty Plot|p1a: Darkrai
|-boost|p1a: Darkrai|spa|2
|move|p2a: Lokix|U-turn|p1a: Darkrai
|-supereffective|p1a: Darkrai
|-damage|p1a: Darkrai|14/100
|-enditem|p1a: Darkrai|Red Card|[of] p2a: Lokix
|drag|p2a: Slowking|Slowking-Galar, F|60/100
|-damage|p2a: Slowking|47/100|[from] Stealth Rock
|
|upkeep
|turn|21
|
|t:|1760429730
|switch|p2a: Alomomola|Alomomola, M|47/100
|-damage|p2a: Alomomola|34/100|[from] Stealth Rock
|move|p1a: Darkrai|Dark Pulse|p2a: Alomomola
|-crit|p2a: Alomomola
|-damage|p2a: Alomomola|0 fnt
|faint|p2a: Alomomola
|
|upkeep
|
|t:|1760429745
|switch|p2a: Lokix|Lokix, F|76/100
|-damage|p2a: Lokix|51/100|[from] Stealth Rock
|turn|22
|
|t:|1760429748
|switch|p1a: Landorus|Landorus-Therian, M|11/100
|-ability|p1a: Landorus|Intimidate|boost
|-unboost|p2a: Lokix|atk|1
|move|p2a: Lokix|First Impression|p1a: Landorus
|-resisted|p1a: Landorus
|-damage|p1a: Landorus|0 fnt
|-damage|p2a: Lokix|34/100|[from] item: Rocky Helmet|[of] p1a: Landorus
|faint|p1a: Landorus
|
|upkeep
|
|t:|1760429752
|switch|p1a: Kingambit|Kingambit, F|100/100
|-activate|p1a: Kingambit|ability: Supreme Overlord
|-start|p1a: Kingambit|fallen3|[silent]
|turn|23
|
|t:|1760429759
|move|p1a: Kingambit|Sucker Punch|p2a: Lokix
|-resisted|p2a: Lokix
|-damage|p2a: Lokix|0 fnt
|faint|p2a: Lokix
|
|upkeep
|
|t:|1760429772
|switch|p2a: Cinderace|Cinderace, M|2/100 par
|turn|24
|
|t:|1760429784
|-end|p1a: Kingambit|fallen3|[silent]
|switch|p1a: Darkrai|Darkrai|14/100
|move|p2a: Cinderace|Court Change|p2a: Cinderace
|-swapsideconditions
|-activate|p2a: Cinderace|move: Court Change
|
|upkeep
|turn|25
|
|t:|1760429793
|move|p1a: Darkrai|Dark Pulse|p2a: Cinderace
|-damage|p2a: Cinderace|0 fnt
|faint|p2a: Cinderace
|
|upkeep
|
|t:|1760429805
|switch|p2a: Weavile|Weavile, F|100/100
|-ability|p2a: Weavile|Pressure
|turn|26
|
|t:|1760429814
|move|p2a: Weavile|Triple Axel|p1a: Darkrai
|-damage|p1a: Darkrai|0 fnt
|faint|p1a: Darkrai
|-hitcount|p1: Darkrai|1
|
|upkeep
|
|t:|1760429817
|switch|p1a: Kingambit|Kingambit, F|100/100
|-damage|p1a: Kingambit|94/100|[from] Stealth Rock
|-activate|p1a: Kingambit|ability: Supreme Overlord
|-start|p1a: Kingambit|fallen4|[silent]
|turn|27
|
|t:|1760429820
|switch|p2a: Slowking|Slowking-Galar, F|81/100
|move|p1a: Kingambit|Swords Dance|p1a: Kingambit
|-boost|p1a: Kingambit|atk|2
|
|upkeep
|turn|28
|
|t:|1760429827
|move|p1a: Kingambit|Kowtow Cleave|p2a: Slowking
|-supereffective|p2a: Slowking
|-damage|p2a: Slowking|0 fnt
|faint|p2a: Slowking
|
|upkeep
|
|t:|1760429829
|switch|p2a: Weavile|Weavile, F|100/100
|-ability|p2a: Weavile|Pressure
|turn|29
|
|t:|1760429831
|-terastallize|p1a: Kingambit|Fairy
|move|p2a: Weavile|Low Kick|p1a: Kingambit
|-resisted|p1a: Kingambit
|-damage|p1a: Kingambit|74/100
|move|p1a: Kingambit|Tera Blast|p2a: Weavile|[anim] Tera Blast Fairy
|-supereffective|p2a: Weavile
|-damage|p2a: Weavile|0 fnt
|faint|p2a: Weavile
|
|win|bald wooper
|raw|bald wooper's rating: 1708 &rarr; <strong>1730</strong><br />(+22 for winning)
|raw|teamskullenoxa's rating: 1747 &rarr; <strong>1725</strong><br />(-22 for losing)
|l|☆bald wooper
|player|p1|
|l| ibibi
|l| hoverhawk
