|j|☆Baggioo
|j|☆drbfhthth
|t:|1760450320
|gametype|singles
|player|p1|Baggioo|benga|1149
|player|p2|drbfhthth|shadowtriad|1110
|gen|9
|tier|[Gen 9] OU
|rated|
|rule|HP Percentage Mod: HP is shown in percentages
|rule|Endless Battle Clause: Forcing endless battles is banned
|rule|Species Clause: Limit one of each Pokémon
|rule|OHKO Clause: OHKO moves are banned
|rule|Evasion Items Clause: Evasion items are banned
|rule|Evasion Moves Clause: Evasion moves are banned
|rule|Evasion Abilities Clause: Evasion abilities are banned
|rule|Sleep Moves Clause: Sleep-inducing moves are banned
|clearpoke
|poke|p1|Gliscor, M|
|poke|p1|Zoroark-Hisui, M|
|poke|p1|Blaziken, M|
|poke|p1|Gholdengo|
|poke|p1|Toxapex, F|
|poke|p1|Weezing-Galar, F|
|poke|p2|Spiritomb, M|
|poke|p2|Garchomp, M|
|poke|p2|Lucario, F|
|poke|p2|Glaceon, F|
|poke|p2|Milotic, M|
|poke|p2|Enamorus, F|
|teampreview
|inactive|Battle timer is ON: inactive players will automatically lose when time's up. (requested by Baggioo)
|inactive|Baggioo has 120 seconds left.
|
|t:|1760450352
|teamsize|p1|6
|teamsize|p2|6
|start
|switch|p1a: Saturn|Weezing-Galar, F|100/100
|switch|p2a: Glaceon|Glaceon, F, shiny|100/100
|-ability|p1a: Saturn|Neutralizing Gas
|turn|1
|
|t:|1760450358
|move|p1a: Saturn|Will-O-Wisp|p2a: Glaceon
|-status|p2a: Glaceon|brn
|move|p2a: Glaceon|Calm Mind|p2a: Glaceon
|-boost|p2a: Glaceon|spa|1
|-boost|p2a: Glaceon|spd|1
|
|-damage|p2a: Glaceon|95/100 brn|[from] brn
|upkeep
|turn|2
|
|t:|1760450366
|-end|p1a: Saturn|ability: Neutralizing Gas
|switch|p1a: Big Mom|Toxapex, F, shiny|100/100
|move|p2a: Glaceon|Calm Mind|p2a: Glaceon
|-boost|p2a: Glaceon|spa|1
|-boost|p2a: Glaceon|spd|1
|
|-heal|p2a: Glaceon|100/100 brn|[from] item: Leftovers
|-damage|p2a: Glaceon|95/100 brn|[from] brn
|upkeep
|turn|3
|
|t:|1760450376
|move|p1a: Big Mom|Trick|p2a: Glaceon
|-activate|p1a: Big Mom|move: Trick|[of] p2a: Glaceon
|-item|p2a: Glaceon|Choice Specs|[from] move: Trick
|-item|p1a: Big Mom|Leftovers|[from] move: Trick
|move|p2a: Glaceon|Freeze-Dry|p1a: Big Mom
|-damage|p1a: Big Mom|0 fnt
|replace|p1a: Itachi|Zoroark-Hisui, M, shiny
|-end|p1a: Itachi|Illusion
|faint|p1a: Itachi
|
|-damage|p2a: Glaceon|89/100 brn|[from] brn
|upkeep
|
|t:|1760450387
|switch|p1a: Sanji|Blaziken, M, shiny|100/100
|turn|4
|
|t:|1760450396
|move|p1a: Sanji|Protect|p1a: Sanji
|-singleturn|p1a: Sanji|Protect
|move|p2a: Glaceon|Freeze-Dry|p1a: Sanji
|-activate|p1a: Sanji|move: Protect
|
|-damage|p2a: Glaceon|83/100 brn|[from] brn
|-ability|p1a: Sanji|Speed Boost|boost
|-boost|p1a: Sanji|spe|1
|upkeep
|turn|5
|
|t:|1760450404
|move|p1a: Sanji|Bulk Up|p1a: Sanji
|-boost|p1a: Sanji|atk|1
|-boost|p1a: Sanji|def|1
|move|p2a: Glaceon|Freeze-Dry|p1a: Sanji
|-resisted|p1a: Sanji
|-damage|p1a: Sanji|31/100
|-status|p1a: Sanji|frz
|
|-damage|p2a: Glaceon|77/100 brn|[from] brn
|-ability|p1a: Sanji|Speed Boost|boost
|-boost|p1a: Sanji|spe|1
|upkeep
|turn|6
|c|☆Baggioo|NAAWWWW
|
|t:|1760450417
|cant|p1a: Sanji|frz
|move|p2a: Glaceon|Freeze-Dry|p1a: Sanji
|-resisted|p1a: Sanji
|-damage|p1a: Sanji|0 fnt
|faint|p1a: Sanji
|
|-damage|p2a: Glaceon|71/100 brn|[from] brn
|upkeep
|
|t:|1760450422
|switch|p1a: Maneki-Neko|Gholdengo, shiny|100/100
|-item|p1a: Maneki-Neko|Air Balloon
|turn|7
|
|t:|1760450427
|-terastallize|p2a: Glaceon|Ground
|move|p1a: Maneki-Neko|Nasty Plot|p1a: Maneki-Neko
|-boost|p1a: Maneki-Neko|spa|2
|move|p2a: Glaceon|Freeze-Dry|p1a: Maneki-Neko
|-resisted|p1a: Maneki-Neko
|-damage|p1a: Maneki-Neko|48/100
|-status|p1a: Maneki-Neko|frz
|-enditem|p1a: Maneki-Neko|Air Balloon
|
|-damage|p2a: Glaceon|65/100 brn|[from] brn
|upkeep
|turn|8
|c|☆Baggioo|TWO TIMES
|
|t:|1760450439
|cant|p1a: Maneki-Neko|frz
|move|p2a: Glaceon|Freeze-Dry|p1a: Maneki-Neko
|-resisted|p1a: Maneki-Neko
|-damage|p1a: Maneki-Neko|0 fnt
|faint|p1a: Maneki-Neko
|
|-damage|p2a: Glaceon|59/100 brn|[from] brn
|upkeep
|
|t:|1760450449
|switch|p1a: Saturn|Weezing-Galar, F|100/100
|-ability|p1a: Saturn|Neutralizing Gas
|turn|9
|
|t:|1760450453
|move|p1a: Saturn|Sludge Bomb|p2a: Glaceon
|-resisted|p2a: Glaceon
|-damage|p2a: Glaceon|52/100 brn
|move|p2a: Glaceon|Freeze-Dry|p1a: Saturn
|-damage|p1a: Saturn|0 fnt
|faint|p1a: Saturn
|-end|p1a: Saturn|ability: Neutralizing Gas
|
|-damage|p2a: Glaceon|46/100 brn|[from] brn
|upkeep
|
|t:|1760450458
|switch|p1a: Big Mom|Toxapex, F, shiny|100/100
|turn|10
|
|t:|1760450463
|move|p2a: Glaceon|Freeze-Dry|p1a: Big Mom
|-supereffective|p1a: Big Mom
|-damage|p1a: Big Mom|0 fnt
|faint|p1a: Big Mom
|
|-damage|p2a: Glaceon|40/100 brn|[from] brn
|upkeep
|
|t:|1760450465
|switch|p1a: Xebec|Gliscor, M|100/100
|turn|11
|-message|Baggioo forfeited.
|
|win|drbfhthth
|raw|Baggioo's rating: 1149 &rarr; <strong>1121</strong><br />(-28 for losing)
|raw|drbfhthth's rating: 1110 &rarr; <strong>1138</strong><br />(+28 for winning)
|l|☆Baggioo
|player|p1|
