|j|☆106abd
|j|☆xdeadoutside
|t:|1760332194
|gametype|singles
|player|p1|106abd|hilbert-wonderlauncher|1377
|player|p2|xdeadoutside|169|1406
|gen|9
|tier|[Gen 9] OU
|rated|
|rule|HP Percentage Mod: HP is shown in percentages
|rule|Endless Battle Clause: Forcing endless battles is banned
|rule|Species Clause: Limit one of each Pokémon
|rule|OHKO Clause: OHKO moves are banned
|rule|Evasion Items Clause: Evasion items are banned
|rule|Evasion Moves Clause: Evasion moves are banned
|rule|Evasion Abilities Clause: Evasion abilities are banned
|rule|Sleep Moves Clause: Sleep-inducing moves are banned
|clearpoke
|poke|p1|Whimsicott, M|
|poke|p1|Garganacl, M|
|poke|p1|Dragapult, M|
|poke|p1|Talonflame, M|
|poke|p1|Kingambit, M|
|poke|p1|Greninja-*, M|
|poke|p2|Gholdengo|
|poke|p2|Hatterene, F|
|poke|p2|Kingambit, F|
|poke|p2|Ninetales-Alola, M|
|poke|p2|Cloyster, F|
|poke|p2|Great Tusk|
|teampreview
|inactive|Battle timer is ON: inactive players will automatically lose when time's up. (requested by xdeadoutside)
|
|t:|1760332202
|teamsize|p1|6
|teamsize|p2|6
|start
|switch|p1a: Greninja|Greninja, M, shiny|100/100
|switch|p2a: Gholdengo|Gholdengo|100/100
|turn|1
|
|t:|1760332206
|-terastallize|p2a: Gholdengo|Fairy
|move|p2a: Gholdengo|Dazzling Gleam|p1a: Greninja
|-supereffective|p1a: Greninja
|-damage|p1a: Greninja|0 fnt
|faint|p1a: Greninja
|
|upkeep
|
|t:|1760332211
|switch|p1a: Kingambit|Kingambit, M|100/100
|-activate|p1a: Kingambit|ability: Supreme Overlord
|-start|p1a: Kingambit|fallen1|[silent]
|turn|2
|
|t:|1760332219
|switch|p2a: Kingambit|Kingambit, F|100/100
|move|p1a: Kingambit|Swords Dance|p1a: Kingambit
|-boost|p1a: Kingambit|atk|2
|
|upkeep
|turn|3
|
|t:|1760332231
|move|p1a: Kingambit|Iron Head|p2a: Kingambit
|-resisted|p2a: Kingambit
|-damage|p2a: Kingambit|63/100
|move|p2a: Kingambit|Iron Head|p1a: Kingambit
|-resisted|p1a: Kingambit
|-damage|p1a: Kingambit|82/100
|
|-heal|p1a: Kingambit|88/100|[from] item: Leftovers
|upkeep
|turn|4
|
|t:|1760332234
|-end|p2a: Kingambit|fallenundefined|[silent]
|switch|p2a: Hatterene|Hatterene, F|100/100
|move|p1a: Kingambit|Iron Head|p2a: Hatterene
|-supereffective|p2a: Hatterene
|-damage|p2a: Hatterene|0 fnt
|-damage|p1a: Kingambit|72/100|[from] item: Rocky Helmet|[of] p2a: Hatterene
|faint|p2a: Hatterene
|
|-heal|p1a: Kingambit|78/100|[from] item: Leftovers
|upkeep
|
|t:|1760332236
|switch|p2a: Great Tusk|Great Tusk|100/100
|-enditem|p2a: Great Tusk|Booster Energy
|-activate|p2a: Great Tusk|ability: Protosynthesis|[fromitem]
|-start|p2a: Great Tusk|protosynthesisatk
|turn|5
|
|t:|1760332240
|-end|p1a: Kingambit|fallen1|[silent]
|switch|p1a: Talonflame|Talonflame, M|100/100
|move|p2a: Great Tusk|Bulk Up|p2a: Great Tusk
|-boost|p2a: Great Tusk|atk|1
|-boost|p2a: Great Tusk|def|1
|
|upkeep
|turn|6
|
|t:|1760332244
|move|p1a: Talonflame|Fire Spin|p2a: Great Tusk
|-damage|p2a: Great Tusk|86/100
|-activate|p2a: Great Tusk|move: Fire Spin|[of] p1a: Talonflame
|move|p2a: Great Tusk|Rapid Spin|p1a: Talonflame
|-damage|p1a: Talonflame|71/100
|-boost|p2a: Great Tusk|spe|1
|-end|p2a: Great Tusk|Fire Spin|[partiallytrapped]
|
|upkeep
|turn|7
|
|t:|1760332250
|move|p2a: Great Tusk|Ice Spinner|p1a: Talonflame
|-damage|p1a: Talonflame|26/100
|move|p1a: Talonflame|Will-O-Wisp|p2a: Great Tusk
|-status|p2a: Great Tusk|brn
|
|-damage|p2a: Great Tusk|80/100 brn|[from] brn
|upkeep
|turn|8
|
|t:|1760332254
|move|p2a: Great Tusk|Ice Spinner|p1a: Talonflame
|-damage|p1a: Talonflame|1/100
|move|p1a: Talonflame|Roost|p1a: Talonflame
|-heal|p1a: Talonflame|51/100
|-singleturn|p1a: Talonflame|move: Roost
|
|-damage|p2a: Great Tusk|74/100 brn|[from] brn
|upkeep
|turn|9
|
|t:|1760332257
|move|p2a: Great Tusk|Bulk Up|p2a: Great Tusk
|-boost|p2a: Great Tusk|atk|1
|-boost|p2a: Great Tusk|def|1
|move|p1a: Talonflame|Fire Spin|p2a: Great Tusk
|-damage|p2a: Great Tusk|60/100 brn
|-activate|p2a: Great Tusk|move: Fire Spin|[of] p1a: Talonflame
|
|-damage|p2a: Great Tusk|53/100 brn|[from] brn
|-damage|p2a: Great Tusk|41/100 brn|[from] move: Fire Spin|[partiallytrapped]
|upkeep
|turn|10
|
|t:|1760332259
|move|p2a: Great Tusk|Ice Spinner|p1a: Talonflame
|-damage|p1a: Talonflame|18/100
|move|p1a: Talonflame|Roost|p1a: Talonflame
|-heal|p1a: Talonflame|69/100
|-singleturn|p1a: Talonflame|move: Roost
|
|-damage|p2a: Great Tusk|35/100 brn|[from] brn
|-damage|p2a: Great Tusk|22/100 brn|[from] move: Fire Spin|[partiallytrapped]
|upkeep
|turn|11
|
|t:|1760332262
|move|p2a: Great Tusk|Ice Spinner|p1a: Talonflame
|-damage|p1a: Talonflame|34/100
|move|p1a: Talonflame|Roost|p1a: Talonflame
|-heal|p1a: Talonflame|85/100
|-singleturn|p1a: Talonflame|move: Roost
|
|-damage|p2a: Great Tusk|16/100 brn|[from] brn
|-damage|p2a: Great Tusk|4/100 brn|[from] move: Fire Spin|[partiallytrapped]
|upkeep
|turn|12
|
|t:|1760332265
|move|p2a: Great Tusk|Rapid Spin|p1a: Talonflame
|-damage|p1a: Talonflame|63/100
|-boost|p2a: Great Tusk|spe|1
|-end|p2a: Great Tusk|Fire Spin|[partiallytrapped]
|move|p1a: Talonflame|Roost|p1a: Talonflame
|-heal|p1a: Talonflame|100/100
|-singleturn|p1a: Talonflame|move: Roost
|
|-damage|p2a: Great Tusk|0 fnt|[from] brn
|faint|p2a: Great Tusk
|-end|p2a: Great Tusk|Protosynthesis|[silent]
|upkeep
|
|t:|1760332267
|switch|p2a: Ninetales|Ninetales-Alola, M|100/100
|-weather|Snowscape|[from] ability: Snow Warning|[of] p2a: Ninetales
|turn|13
|
|t:|1760332269
|move|p2a: Ninetales|Aurora Veil|p2a: Ninetales
|-sidestart|p2: xdeadoutside|move: Aurora Veil
|move|p1a: Talonflame|Fire Spin|p2a: Ninetales
|-supereffective|p2a: Ninetales
|-damage|p2a: Ninetales|91/100
|-activate|p2a: Ninetales|move: Fire Spin|[of] p1a: Talonflame
|
|-weather|Snowscape|[upkeep]
|-damage|p2a: Ninetales|78/100|[from] move: Fire Spin|[partiallytrapped]
|upkeep
|turn|14
|
|t:|1760332272
|move|p2a: Ninetales|Encore|p1a: Talonflame
|-start|p1a: Talonflame|Encore
|move|p1a: Talonflame|Fire Spin|p2a: Ninetales|[miss]
|-miss|p1a: Talonflame|p2a: Ninetales
|
|-weather|Snowscape|[upkeep]
|-damage|p2a: Ninetales|66/100|[from] move: Fire Spin|[partiallytrapped]
|upkeep
|turn|15
|
|t:|1760332275
|move|p2a: Ninetales|Moonblast|p1a: Talonflame
|-resisted|p1a: Talonflame
|-damage|p1a: Talonflame|82/100
|move|p1a: Talonflame|Fire Spin|p2a: Ninetales
|-supereffective|p2a: Ninetales
|-damage|p2a: Ninetales|56/100
|
|-weather|Snowscape|[upkeep]
|-damage|p2a: Ninetales|44/100|[from] move: Fire Spin|[partiallytrapped]
|upkeep
|turn|16
|
|t:|1760332278
|move|p2a: Ninetales|Foul Play|p1a: Talonflame
|-damage|p1a: Talonflame|71/100
|move|p1a: Talonflame|Fire Spin|p2a: Ninetales
|-supereffective|p2a: Ninetales
|-damage|p2a: Ninetales|34/100
|
|-weather|Snowscape|[upkeep]
|-damage|p2a: Ninetales|22/100|[from] move: Fire Spin|[partiallytrapped]
|-end|p1a: Talonflame|Encore
|upkeep
|turn|17
|
|t:|1760332281
|move|p2a: Ninetales|Foul Play|p1a: Talonflame
|-damage|p1a: Talonflame|58/100
|move|p1a: Talonflame|Fire Spin|p2a: Ninetales
|-supereffective|p2a: Ninetales
|-damage|p2a: Ninetales|12/100
|
|-weather|none
|-damage|p2a: Ninetales|0 fnt|[from] move: Fire Spin|[partiallytrapped]
|faint|p2a: Ninetales
|upkeep
|
|t:|1760332287
|switch|p2a: Cloyster|Cloyster, F|100/100
|turn|18
|
|t:|1760332289
|move|p1a: Talonflame|Will-O-Wisp|p2a: Cloyster|[miss]
|-miss|p1a: Talonflame|p2a: Cloyster
|move|p2a: Cloyster|Rock Blast|p1a: Talonflame
|-supereffective|p1a: Talonflame
|-damage|p1a: Talonflame|30/100
|-supereffective|p1a: Talonflame
|-damage|p1a: Talonflame|0 fnt
|faint|p1a: Talonflame
|-hitcount|p1: Talonflame|2
|
|upkeep
|
|t:|1760332295
|switch|p1a: Garganacl|Garganacl, M|100/100
|turn|19
|l|☆xdeadoutside
|inactive|xdeadoutside disconnected and has a minute to reconnect!
|player|p2|
|j|☆xdeadoutside
|inactive|xdeadoutside reconnected and has 120 seconds left.
|player|p2|xdeadoutside|169|
|
|t:|1760332329
|switch|p2a: Kingambit|Kingambit, F|63/100
|-activate|p2a: Kingambit|ability: Supreme Overlord
|-start|p2a: Kingambit|fallen3|[silent]
|move|p1a: Garganacl|Salt Cure|p2a: Kingambit
|-resisted|p2a: Kingambit
|-damage|p2a: Kingambit|61/100
|-start|p2a: Kingambit|Salt Cure
|
|-damage|p2a: Kingambit|36/100|[from] Salt Cure
|upkeep
|turn|20
|inactive|xdeadoutside has 120 seconds left.
|
|t:|1760332340
|-end|p2a: Kingambit|fallen3|[silent]
|switch|p2a: Gholdengo|Gholdengo, tera:Fairy|100/100
|move|p1a: Garganacl|Protect||[still]
|-fail|p1a: Garganacl
|
|-sideend|p2: xdeadoutside|move: Aurora Veil
|upkeep
|turn|21
|
|t:|1760332347
|switch|p1a: Whimsicott|Whimsicott, M|100/100
|move|p2a: Gholdengo|Trick|p1a: Whimsicott
|-activate|p2a: Gholdengo|move: Trick|[of] p1a: Whimsicott
|-item|p1a: Whimsicott|Choice Scarf|[from] move: Trick
|-item|p2a: Gholdengo|Choice Specs|[from] move: Trick
|
|upkeep
|turn|22
|
|t:|1760332353
|move|p1a: Whimsicott|Moonblast|p2a: Gholdengo
|-damage|p2a: Gholdengo|63/100
|move|p2a: Gholdengo|Make It Rain|p1a: Whimsicott
|-supereffective|p1a: Whimsicott
|-damage|p1a: Whimsicott|0 fnt
|-unboost|p2a: Gholdengo|spa|1
|faint|p1a: Whimsicott
|
|upkeep
|
|t:|1760332361
|switch|p1a: Kingambit|Kingambit, M|78/100
|-activate|p1a: Kingambit|ability: Supreme Overlord
|-start|p1a: Kingambit|fallen3|[silent]
|turn|23
|
|t:|1760332369
|switch|p2a: Kingambit|Kingambit, F|36/100
|-activate|p2a: Kingambit|ability: Supreme Overlord
|-start|p2a: Kingambit|fallen3|[silent]
|move|p1a: Kingambit|Swords Dance|p1a: Kingambit
|-boost|p1a: Kingambit|atk|2
|
|-heal|p1a: Kingambit|84/100|[from] item: Leftovers
|upkeep
|turn|24
|
|t:|1760332390
|move|p1a: Kingambit|Kowtow Cleave|p2a: Kingambit
|-resisted|p2a: Kingambit
|-damage|p2a: Kingambit|0 fnt
|faint|p2a: Kingambit
|-end|p2a: Kingambit|fallen3|[silent]
|
|-heal|p1a: Kingambit|90/100|[from] item: Leftovers
|upkeep
|
|t:|1760332393
|switch|p2a: Gholdengo|Gholdengo, tera:Fairy|63/100
|turn|25
|
|t:|1760332399
|move|p2a: Gholdengo|Trick|p1a: Kingambit
|-activate|p2a: Gholdengo|move: Trick|[of] p1a: Kingambit
|-item|p1a: Kingambit|Choice Specs|[from] move: Trick
|-item|p2a: Gholdengo|Leftovers|[from] move: Trick
|move|p1a: Kingambit|Iron Head|p2a: Gholdengo
|-supereffective|p2a: Gholdengo
|-damage|p2a: Gholdengo|0 fnt
|faint|p2a: Gholdengo
|
|upkeep
|
|t:|1760332402
|switch|p2a: Cloyster|Cloyster, F|100/100
|turn|26
|
|t:|1760332404
|move|p2a: Cloyster|Shell Smash|p2a: Cloyster
|-unboost|p2a: Cloyster|def|1
|-unboost|p2a: Cloyster|spd|1
|-boost|p2a: Cloyster|atk|2
|-boost|p2a: Cloyster|spa|2
|-boost|p2a: Cloyster|spe|2
|move|p1a: Kingambit|Iron Head|p2a: Cloyster
|-enditem|p2a: Cloyster|Focus Sash
|-damage|p2a: Cloyster|1/100
|
|upkeep
|turn|27
|
|t:|1760332408
|move|p2a: Cloyster|Icicle Spear|p1a: Kingambit
|-resisted|p1a: Kingambit
|-damage|p1a: Kingambit|81/100
|-resisted|p1a: Kingambit
|-damage|p1a: Kingambit|72/100
|-resisted|p1a: Kingambit
|-damage|p1a: Kingambit|64/100
|-resisted|p1a: Kingambit
|-damage|p1a: Kingambit|55/100
|-resisted|p1a: Kingambit
|-damage|p1a: Kingambit|46/100
|-hitcount|p1a: Kingambit|5
|move|p1a: Kingambit|Iron Head|p2a: Cloyster
|-damage|p2a: Cloyster|0 fnt
|faint|p2a: Cloyster
|
|win|106abd
|raw|106abd's rating: 1377 &rarr; <strong>1399</strong><br />(+22 for winning)
|raw|xdeadoutside's rating: 1406 &rarr; <strong>1384</strong><br />(-22 for losing)
|l|☆106abd
|player|p1|
|l|☆xdeadoutside
|player|p2|
