|j|☆Airhorn Whisperer
|j|☆wasazabi
|t:|1760374850
|gametype|singles
|player|p1|Airhorn Whisperer|preschooler|1380
|player|p2|wasazabi|alder|1443
|gen|9
|tier|[Gen 9] OU
|rated|
|rule|HP Percentage Mod: HP is shown in percentages
|rule|Endless Battle Clause: Forcing endless battles is banned
|rule|Species Clause: Limit one of each Pokémon
|rule|OHKO Clause: OHKO moves are banned
|rule|Evasion Items Clause: Evasion items are banned
|rule|Evasion Moves Clause: Evasion moves are banned
|rule|Evasion Abilities Clause: Evasion abilities are banned
|rule|Sleep Moves Clause: Sleep-inducing moves are banned
|clearpoke
|poke|p1|Haxorus, F|
|poke|p1|Ting-Lu|
|poke|p1|Weezing-Galar, F|
|poke|p1|Greninja-*, M|
|poke|p1|Mesprit|
|poke|p1|Primarina, F|
|poke|p2|Deoxys-Speed|
|poke|p2|Iron Valiant|
|poke|p2|Kyurem|
|poke|p2|Ogerpon-Wellspring, F|
|poke|p2|Zamazenta-*|
|poke|p2|Rillaboom, M|
|teampreview
|
|t:|1760374860
|teamsize|p1|6
|teamsize|p2|6
|start
|switch|p1a: Mesprit|Mesprit|100/100
|switch|p2a: Deoxys|Deoxys-Speed|100/100
|-ability|p2a: Deoxys|Pressure
|turn|1
|
|t:|1760374869
|move|p2a: Deoxys|Stealth Rock|p1a: Mesprit
|-sidestart|p1: Airhorn Whisperer|move: Stealth Rock
|move|p1a: Mesprit|Knock Off|p2a: Deoxys
|-supereffective|p2a: Deoxys
|-damage|p2a: Deoxys|23/100
|-enditem|p2a: Deoxys|Focus Sash|[from] move: Knock Off|[of] p1a: Mesprit
|
|upkeep
|turn|2
|
|t:|1760374875
|move|p2a: Deoxys|Knock Off|p1a: Mesprit
|-supereffective|p1a: Mesprit
|-damage|p1a: Mesprit|50/100
|-damage|p2a: Deoxys|7/100|[from] item: Rocky Helmet|[of] p1a: Mesprit
|-enditem|p1a: Mesprit|Rocky Helmet|[from] move: Knock Off|[of] p2a: Deoxys
|move|p1a: Mesprit|U-turn|p2a: Deoxys
|-supereffective|p2a: Deoxys
|-damage|p2a: Deoxys|0 fnt
|faint|p2a: Deoxys
|
|t:|1760374918
|switch|p1a: Haxorus|Haxorus, F|100/100|[from] U-turn
|-damage|p1a: Haxorus|88/100|[from] Stealth Rock
|-ability|p1a: Haxorus|Mold Breaker
|
|upkeep
|
|t:|1760374947
|switch|p2a: Iron Valiant|Iron Valiant|100/100
|-enditem|p2a: Iron Valiant|Booster Energy
|-activate|p2a: Iron Valiant|ability: Quark Drive|[fromitem]
|-start|p2a: Iron Valiant|quarkdrivespe
|turn|3
|
|t:|1760374973
|switch|p1a: Mesprit|Mesprit|50/100
|-damage|p1a: Mesprit|38/100|[from] Stealth Rock
|move|p2a: Iron Valiant|Knock Off|p1a: Mesprit
|-supereffective|p1a: Mesprit
|-damage|p1a: Mesprit|4/100
|
|upkeep
|turn|4
|
|t:|1760374979
|move|p2a: Iron Valiant|Moonblast|p1a: Mesprit
|-damage|p1a: Mesprit|0 fnt
|faint|p1a: Mesprit
|
|upkeep
|
|t:|1760374982
|switch|p1a: Primarina|Primarina, F|100/100
|-damage|p1a: Primarina|88/100|[from] Stealth Rock
|turn|5
|
|t:|1760374995
|move|p2a: Iron Valiant|Knock Off|p1a: Primarina
|-resisted|p1a: Primarina
|-damage|p1a: Primarina|71/100
|-enditem|p1a: Primarina|Assault Vest|[from] move: Knock Off|[of] p2a: Iron Valiant
|move|p1a: Primarina|Moonblast|p2a: Iron Valiant
|-supereffective|p2a: Iron Valiant
|-damage|p2a: Iron Valiant|0 fnt
|faint|p2a: Iron Valiant
|-end|p2a: Iron Valiant|Quark Drive|[silent]
|
|upkeep
|
|t:|1760374997
|switch|p2a: Ogerpon|Ogerpon-Wellspring, F|100/100
|turn|6
|
|t:|1760375004
|switch|p1a: Weezing|Weezing-Galar, F|100/100
|-ability|p1a: Weezing|Neutralizing Gas
|move|p2a: Ogerpon|Swords Dance|p2a: Ogerpon
|-boost|p2a: Ogerpon|atk|2
|
|upkeep
|turn|7
|
|t:|1760375011
|-terastallize|p2a: Ogerpon|Water
|detailschange|p2a: Ogerpon|Ogerpon-Wellspring-Tera, F, tera:Water
|move|p2a: Ogerpon|Ivy Cudgel|p1a: Weezing|[anim] Ivy Cudgel Water
|-crit|p1a: Weezing
|-damage|p1a: Weezing|0 fnt
|faint|p1a: Weezing
|-end|p1a: Weezing|ability: Neutralizing Gas
|-ability|p2a: Ogerpon|Embody Aspect (Wellspring)|boost
|-boost|p2a: Ogerpon|spd|1
|
|upkeep
|
|t:|1760375067
|switch|p1a: Ting-Lu|Ting-Lu|100/100
|-damage|p1a: Ting-Lu|94/100|[from] Stealth Rock
|-ability|p1a: Ting-Lu|Vessel of Ruin
|turn|8
|inactive|Battle timer is ON: inactive players will automatically lose when time's up. (requested by wasazabi)
|
|t:|1760375070
|-terastallize|p1a: Ting-Lu|Dragon
|move|p2a: Ogerpon|Ivy Cudgel|p1a: Ting-Lu|[anim] Ivy Cudgel Water
|-resisted|p1a: Ting-Lu
|-damage|p1a: Ting-Lu|55/100
|move|p1a: Ting-Lu|Whirlwind|p2a: Ogerpon
|drag|p2a: Zamazenta|Zamazenta|100/100
|-ability|p2a: Zamazenta|Dauntless Shield|boost
|-boost|p2a: Zamazenta|def|1
|
|-heal|p1a: Ting-Lu|61/100|[from] item: Leftovers
|upkeep
|turn|9
|
|t:|1760375082
|move|p2a: Zamazenta|Body Press|p1a: Ting-Lu
|-damage|p1a: Ting-Lu|38/100
|move|p1a: Ting-Lu|Stealth Rock|p2a: Zamazenta
|-sidestart|p2: wasazabi|move: Stealth Rock
|
|-heal|p1a: Ting-Lu|45/100|[from] item: Leftovers
|upkeep
|turn|10
|
|t:|1760375088
|move|p2a: Zamazenta|Iron Defense|p2a: Zamazenta
|-boost|p2a: Zamazenta|def|2
|move|p1a: Ting-Lu|Ruination|p2a: Zamazenta
|-damage|p2a: Zamazenta|51/100
|
|-heal|p2a: Zamazenta|57/100|[from] item: Leftovers
|-heal|p1a: Ting-Lu|51/100|[from] item: Leftovers
|upkeep
|turn|11
|
|t:|1760375092
|move|p2a: Zamazenta|Body Press|p1a: Ting-Lu
|-damage|p1a: Ting-Lu|13/100
|move|p1a: Ting-Lu|Whirlwind|p2a: Zamazenta
|drag|p2a: Ogerpon|Ogerpon-Wellspring-Tera, F, tera:Water|100/100
|-damage|p2a: Ogerpon|88/100|[from] Stealth Rock
|-ability|p2a: Ogerpon|Embody Aspect (Wellspring)|boost
|-boost|p2a: Ogerpon|spd|1
|
|-heal|p1a: Ting-Lu|19/100|[from] item: Leftovers
|upkeep
|turn|12
|
|t:|1760375099
|move|p2a: Ogerpon|Play Rough|p1a: Ting-Lu
|-supereffective|p1a: Ting-Lu
|-damage|p1a: Ting-Lu|0 fnt
|faint|p1a: Ting-Lu
|
|upkeep
|
|t:|1760375129
|switch|p1a: Primarina|Primarina, F|71/100
|-damage|p1a: Primarina|58/100|[from] Stealth Rock
|turn|13
|
|t:|1760375132
|move|p2a: Ogerpon|Power Whip|p1a: Primarina|[miss]
|-miss|p2a: Ogerpon|p1a: Primarina
|move|p1a: Primarina|Moonblast|p2a: Ogerpon
|-damage|p2a: Ogerpon|44/100
|
|upkeep
|turn|14
|
|t:|1760375140
|move|p2a: Ogerpon|Power Whip|p1a: Primarina
|-supereffective|p1a: Primarina
|-damage|p1a: Primarina|0 fnt
|faint|p1a: Primarina
|
|upkeep
|
|t:|1760375143
|switch|p1a: Greninja|Greninja, M|100/100
|-damage|p1a: Greninja|88/100|[from] Stealth Rock
|turn|15
|
|t:|1760375150
|move|p1a: Greninja|Dark Pulse|p2a: Ogerpon
|-damage|p2a: Ogerpon|10/100
|-damage|p1a: Greninja|78/100|[from] item: Life Orb
|move|p2a: Ogerpon|Play Rough|p1a: Greninja
|-supereffective|p1a: Greninja
|-damage|p1a: Greninja|0 fnt
|faint|p1a: Greninja
|
|upkeep
|
|t:|1760375153
|switch|p1a: Haxorus|Haxorus, F|88/100
|-damage|p1a: Haxorus|76/100|[from] Stealth Rock
|-ability|p1a: Haxorus|Mold Breaker
|turn|16
|
|t:|1760375158
|move|p2a: Ogerpon|Play Rough|p1a: Haxorus
|-supereffective|p1a: Haxorus
|-damage|p1a: Haxorus|0 fnt
|faint|p1a: Haxorus
|
|win|wasazabi
|raw|Airhorn Whisperer's rating: 1380 &rarr; <strong>1364</strong><br />(-16 for losing)
|raw|wasazabi's rating: 1443 &rarr; <strong>1459</strong><br />(+16 for winning)
|c|☆Airhorn Whisperer|gg
|c|☆wasazabi|Gg
|l|☆Airhorn Whisperer
|player|p1|
|l|☆wasazabi
|player|p2|
