|j|‽v1n001
|j|☆ryan cowtinho
|t:|1760377947
|gametype|singles
|player|p1|v1n001|169|1727
|player|p2|ryan cowtinho|101|1777
|gen|9
|tier|[Gen 9] OU
|rated|
|rule|HP Percentage Mod: HP is shown in percentages
|rule|Endless Battle Clause: Forcing endless battles is banned
|rule|Species Clause: Limit one of each Pokémon
|rule|OHKO Clause: OHKO moves are banned
|rule|Evasion Items Clause: Evasion items are banned
|rule|Evasion Moves Clause: Evasion moves are banned
|rule|Evasion Abilities Clause: Evasion abilities are banned
|rule|Sleep Moves Clause: Sleep-inducing moves are banned
|clearpoke
|poke|p1|Rillaboom, F|
|poke|p1|Hawlucha, F|
|poke|p1|Gholdengo|
|poke|p1|Heatran, F|
|poke|p1|Glimmora, F|
|poke|p1|Ogerpon-Wellspring, F|
|poke|p2|Landorus-Therian, M|
|poke|p2|Iron Valiant|
|poke|p2|Samurott-Hisui, F|
|poke|p2|Pecharunt|
|poke|p2|Iron Crown|
|poke|p2|Hydrapple, M|
|teampreview
|inactive|Battle timer is ON: inactive players will automatically lose when time's up. (requested by v1n001)
|
|t:|1760377953
|teamsize|p1|6
|teamsize|p2|6
|start
|switch|p1a: Rillaboom|Rillaboom, F, shiny|100/100
|switch|p2a: Iron Crown|Iron Crown|100/100
|-fieldstart|move: Grassy Terrain|[from] ability: Grassy Surge|[of] p1a: Rillaboom
|turn|1
|
|t:|1760377960
|move|p2a: Iron Crown|Tachyon Cutter|p1a: Rillaboom
|-damage|p1a: Rillaboom|46/100
|-damage|p1a: Rillaboom|0 fnt
|faint|p1a: Rillaboom
|-hitcount|p1: Rillaboom|2
|
|upkeep
|
|t:|1760377964
|switch|p1a: Ogerpon|Ogerpon-Wellspring, F|100/100
|turn|2
|
|t:|1760377967
|-end|p2a: Iron Crown|Quark Drive|[silent]
|switch|p2a: Hydrapple|Hydrapple, M|100/100
|-terastallize|p1a: Ogerpon|Water
|detailschange|p1a: Ogerpon|Ogerpon-Wellspring-Tera, F, tera:Water
|-ability|p1a: Ogerpon|Embody Aspect (Wellspring)|boost
|-boost|p1a: Ogerpon|spd|1
|move|p1a: Ogerpon|Swords Dance|p1a: Ogerpon
|-boost|p1a: Ogerpon|atk|2
|
|upkeep
|turn|3
|
|t:|1760377972
|move|p1a: Ogerpon|Trailblaze|p2a: Hydrapple
|-resisted|p2a: Hydrapple
|-damage|p2a: Hydrapple|89/100
|-boost|p1a: Ogerpon|spe|1
|move|p2a: Hydrapple|Giga Drain|p1a: Ogerpon
|-supereffective|p1a: Ogerpon
|-damage|p1a: Ogerpon|36/100
|-heal|p2a: Hydrapple|100/100|[from] drain|[of] p1a: Ogerpon
|
|-heal|p1a: Ogerpon|42/100|[from] Grassy Terrain
|upkeep
|turn|4
|
|t:|1760377975
|move|p1a: Ogerpon|Play Rough|p2a: Hydrapple
|-supereffective|p2a: Hydrapple
|-crit|p2a: Hydrapple
|-damage|p2a: Hydrapple|0 fnt
|faint|p2a: Hydrapple
|
|-heal|p1a: Ogerpon|48/100|[from] Grassy Terrain
|upkeep
|
|t:|1760377984
|switch|p2a: Pecharunt|Pecharunt|100/100
|turn|5
|
|t:|1760377987
|move|p1a: Ogerpon|Ivy Cudgel|p2a: Pecharunt|[anim] Ivy Cudgel Water
|-damage|p2a: Pecharunt|0 fnt
|faint|p2a: Pecharunt
|
|-heal|p1a: Ogerpon|54/100|[from] Grassy Terrain
|-fieldend|move: Grassy Terrain
|upkeep
|
|t:|1760378010
|switch|p2a: Iron Valiant|Iron Valiant|100/100
|-enditem|p2a: Iron Valiant|Booster Energy
|-activate|p2a: Iron Valiant|ability: Quark Drive|[fromitem]
|-start|p2a: Iron Valiant|quarkdrivespe
|turn|6
|
|t:|1760378015
|move|p2a: Iron Valiant|Close Combat|p1a: Ogerpon
|-damage|p1a: Ogerpon|0 fnt
|-unboost|p2a: Iron Valiant|def|1
|-unboost|p2a: Iron Valiant|spd|1
|faint|p1a: Ogerpon
|detailschange|p1: Ogerpon|Ogerpon-Wellspring, F|[silent]
|
|upkeep
|
|t:|1760378019
|switch|p1a: Gholdengo|Gholdengo|100/100
|turn|7
|j| GracideaDashX
|
|t:|1760378021
|move|p2a: Iron Valiant|Knock Off|p1a: Gholdengo
|-supereffective|p1a: Gholdengo
|-damage|p1a: Gholdengo|60/100
|-enditem|p1a: Gholdengo|Grassy Seed|[from] move: Knock Off|[of] p2a: Iron Valiant
|move|p1a: Gholdengo|Nasty Plot|p1a: Gholdengo
|-boost|p1a: Gholdengo|spa|2
|
|upkeep
|turn|8
|
|t:|1760378023
|-end|p2a: Iron Valiant|Quark Drive|[silent]
|switch|p2a: Samurott|Samurott-Hisui, F|100/100
|move|p1a: Gholdengo|Recover|p1a: Gholdengo
|-heal|p1a: Gholdengo|100/100
|
|upkeep
|turn|9
|l| GracideaDashX
|inactive|v1n001 has 120 seconds left.
|j| Trucker Hat Mew
|
|t:|1760378067
|move|p1a: Gholdengo|Shadow Ball|p2a: Samurott
|-resisted|p2a: Samurott
|-damage|p2a: Samurott|74/100
|move|p2a: Samurott|Ceaseless Edge|p1a: Gholdengo
|-supereffective|p1a: Gholdengo
|-damage|p1a: Gholdengo|40/100
|-sidestart|p1: v1n001|Spikes
|
|upkeep
|turn|10
|
|t:|1760378072
|move|p2a: Samurott|Ceaseless Edge|p1a: Gholdengo|[miss]
|-miss|p2a: Samurott|p1a: Gholdengo
|move|p1a: Gholdengo|Make It Rain|p2a: Samurott
|-resisted|p2a: Samurott
|-damage|p2a: Samurott|35/100
|-unboost|p1a: Gholdengo|spa|1
|
|upkeep
|turn|11
|
|t:|1760378075
|move|p1a: Gholdengo|Recover|p1a: Gholdengo
|-heal|p1a: Gholdengo|90/100
|move|p2a: Samurott|Ceaseless Edge|p1a: Gholdengo
|-supereffective|p1a: Gholdengo
|-damage|p1a: Gholdengo|25/100
|-sidestart|p1: v1n001|Spikes
|
|upkeep
|turn|12
|
|t:|1760378079
|move|p1a: Gholdengo|Make It Rain|p2a: Samurott
|-resisted|p2a: Samurott
|-damage|p2a: Samurott|7/100
|-unboost|p1a: Gholdengo|spa|1
|move|p2a: Samurott|Ceaseless Edge|p1a: Gholdengo
|-supereffective|p1a: Gholdengo
|-damage|p1a: Gholdengo|0 fnt
|-sidestart|p1: v1n001|Spikes
|faint|p1a: Gholdengo
|
|upkeep
|inactive|v1n001 has 120 seconds left.
|
|t:|1760378112
|switch|p1a: Glimmora|Glimmora, F, shiny|100/100
|-damage|p1a: Glimmora|76/100|[from] Spikes
|turn|13
|
|t:|1760378117
|switch|p2a: Iron Crown|Iron Crown|100/100
|move|p1a: Glimmora|Mortal Spin|p2a: Iron Crown
|-immune|p2a: Iron Crown
|
|upkeep
|turn|14
|-message|v1n001 forfeited.
|
|win|ryan cowtinho
|raw|v1n001's rating: 1765 &rarr; <strong>1746</strong><br />(-19 for losing)
|raw|ryan cowtinho's rating: 1777 &rarr; <strong>1796</strong><br />(+19 for winning)
|l|‽v1n001
|player|p1|
|l|☆ryan cowtinho
|player|p2|
|l| Trucker Hat Mew
