|j|☆UltraGodGreninja
|j|☆modegobelin
|t:|1760331266
|gametype|singles
|player|p1|UltraGodGreninja|skyla|1540
|player|p2|modegobelin|169|1672
|gen|9
|tier|[Gen 9] OU
|rated|
|rule|HP Percentage Mod: HP is shown in percentages
|rule|Endless Battle Clause: Forcing endless battles is banned
|rule|Species Clause: Limit one of each Pokémon
|rule|OHKO Clause: OHKO moves are banned
|rule|Evasion Items Clause: Evasion items are banned
|rule|Evasion Moves Clause: Evasion moves are banned
|rule|Evasion Abilities Clause: Evasion abilities are banned
|rule|Sleep Moves Clause: Sleep-inducing moves are banned
|clearpoke
|poke|p1|Dragapult, F|
|poke|p1|Dragonite, F|
|poke|p1|Iron Treads|
|poke|p1|Greninja-*, M|
|poke|p1|Moltres|
|poke|p1|Lokix, F|
|poke|p2|Ninetales, M|
|poke|p2|Great Tusk|
|poke|p2|Raging Bolt|
|poke|p2|Ting-Lu|
|poke|p2|Pecharunt|
|poke|p2|Zamazenta-*|
|teampreview
|
|t:|1760331274
|teamsize|p1|6
|teamsize|p2|6
|start
|switch|p1a: Greninja|Greninja, M|100/100
|switch|p2a: Ninetales|Ninetales, M|100/100
|-weather|SunnyDay|[from] ability: Drought|[of] p2a: Ninetales
|turn|1
|
|t:|1760331284
|move|p1a: Greninja|Sludge Wave|p2a: Ninetales
|-start|p1a: Greninja|typechange|Poison|[from] ability: Protean
|-damage|p2a: Ninetales|29/100
|move|p2a: Ninetales|Solar Beam||[still]
|-prepare|p2a: Ninetales|Solar Beam
|-anim|p2a: Ninetales|Solar Beam|p1a: Greninja
|-resisted|p1a: Greninja
|-damage|p1a: Greninja|66/100
|
|-weather|SunnyDay|[upkeep]
|upkeep
|turn|2
|
|t:|1760331291
|switch|p1a: Lokix|Lokix, F|100/100
|switch|p2a: Ting-Lu|Ting-Lu|100/100
|-ability|p2a: Ting-Lu|Vessel of Ruin
|
|-weather|SunnyDay|[upkeep]
|upkeep
|turn|3
|
|t:|1760331295
|switch|p2a: Great Tusk|Great Tusk|100/100
|-activate|p2a: Great Tusk|ability: Protosynthesis
|-start|p2a: Great Tusk|protosynthesisspe
|move|p1a: Lokix|Knock Off|p2a: Great Tusk
|-resisted|p2a: Great Tusk
|-damage|p2a: Great Tusk|55/100
|-enditem|p2a: Great Tusk|Leftovers|[from] move: Knock Off|[of] p1a: Lokix
|
|-weather|SunnyDay|[upkeep]
|upkeep
|turn|4
|
|t:|1760331298
|switch|p1a: Moltres|Moltres|100/100
|move|p2a: Great Tusk|Stealth Rock|p1a: Moltres
|-sidestart|p1: UltraGodGreninja|move: Stealth Rock
|
|-weather|SunnyDay|[upkeep]
|upkeep
|turn|5
|
|t:|1760331305
|-end|p2a: Great Tusk|Protosynthesis|[silent]
|switch|p2a: Raging Bolt|Raging Bolt|100/100
|-activate|p2a: Raging Bolt|ability: Protosynthesis
|-start|p2a: Raging Bolt|protosynthesisspa
|move|p1a: Moltres|U-turn|p2a: Raging Bolt
|-damage|p2a: Raging Bolt|88/100
|
|t:|1760331307
|switch|p1a: Iron Treads|Iron Treads|100/100|[from] U-turn
|-damage|p1a: Iron Treads|97/100|[from] Stealth Rock
|
|-weather|none
|-end|p2a: Raging Bolt|Protosynthesis
|-heal|p1a: Iron Treads|100/100|[from] item: Leftovers
|upkeep
|turn|6
|
|t:|1760331312
|-end|p2a: Raging Bolt|Protosynthesis|[silent]
|switch|p2a: Pecharunt|Pecharunt|100/100
|move|p1a: Iron Treads|Stealth Rock|p2a: Pecharunt
|-sidestart|p2: modegobelin|move: Stealth Rock
|
|upkeep
|turn|7
|
|t:|1760331315
|move|p1a: Iron Treads|Knock Off|p2a: Pecharunt
|-supereffective|p2a: Pecharunt
|-damage|p2a: Pecharunt|65/100
|-enditem|p2a: Pecharunt|Heavy-Duty Boots|[from] move: Knock Off|[of] p1a: Iron Treads
|move|p2a: Pecharunt|Parting Shot|p1a: Iron Treads
|-unboost|p1a: Iron Treads|atk|1
|-unboost|p1a: Iron Treads|spa|1
|
|t:|1760331339
|switch|p2a: Great Tusk|Great Tusk|55/100|[from] Parting Shot
|-damage|p2a: Great Tusk|52/100|[from] Stealth Rock
|
|upkeep
|turn|8
|
|t:|1760331349
|-end|p1a: Iron Treads|Quark Drive|[silent]
|switch|p1a: Moltres|Moltres|100/100
|move|p2a: Great Tusk|Rapid Spin|p1a: Moltres
|-damage|p1a: Moltres|91/100
|-boost|p2a: Great Tusk|spe|1
|-status|p2a: Great Tusk|brn|[from] ability: Flame Body|[of] p1a: Moltres
|-sideend|p2: modegobelin|Stealth Rock|[from] move: Rapid Spin|[of] p2a: Great Tusk
|
|-damage|p2a: Great Tusk|46/100 brn|[from] brn
|upkeep
|turn|9
|
|t:|1760331357
|-end|p2a: Great Tusk|Protosynthesis|[silent]
|switch|p2a: Ninetales|Ninetales, M|29/100
|-weather|SunnyDay|[from] ability: Drought|[of] p2a: Ninetales
|move|p1a: Moltres|U-turn|p2a: Ninetales
|-resisted|p2a: Ninetales
|-damage|p2a: Ninetales|19/100
|
|t:|1760331359
|switch|p1a: Dragapult|Dragapult, F|100/100|[from] U-turn
|
|-weather|SunnyDay|[upkeep]
|upkeep
|turn|10
|
|t:|1760331363
|switch|p2a: Ting-Lu|Ting-Lu|100/100
|-ability|p2a: Ting-Lu|Vessel of Ruin
|move|p1a: Dragapult|Dragon Darts|p2a: Ting-Lu
|-damage|p2a: Ting-Lu|89/100
|-anim|p1a: Dragapult|Dragon Darts|p2a: Ting-Lu
|-damage|p2a: Ting-Lu|77/100
|
|-weather|SunnyDay|[upkeep]
|-heal|p2a: Ting-Lu|83/100|[from] item: Leftovers
|upkeep
|turn|11
|
|t:|1760331373
|move|p1a: Dragapult|Will-O-Wisp|p2a: Ting-Lu
|-status|p2a: Ting-Lu|brn
|move|p2a: Ting-Lu|Spikes|p1a: Dragapult
|-sidestart|p1: UltraGodGreninja|Spikes
|
|-weather|SunnyDay|[upkeep]
|-heal|p2a: Ting-Lu|89/100 brn|[from] item: Leftovers
|-damage|p2a: Ting-Lu|83/100 brn|[from] brn
|upkeep
|turn|12
|
|t:|1760331379
|move|p1a: Dragapult|U-turn|p2a: Ting-Lu
|-supereffective|p2a: Ting-Lu
|-damage|p2a: Ting-Lu|63/100 brn
|
|t:|1760331381
|switch|p1a: Iron Treads|Iron Treads|100/100|[from] U-turn
|-damage|p1a: Iron Treads|97/100|[from] Stealth Rock
|-damage|p1a: Iron Treads|85/100|[from] Spikes
|move|p2a: Ting-Lu|Spikes|p1a: Iron Treads
|-sidestart|p1: UltraGodGreninja|Spikes
|
|-weather|SunnyDay|[upkeep]
|-heal|p1a: Iron Treads|91/100|[from] item: Leftovers
|-heal|p2a: Ting-Lu|69/100 brn|[from] item: Leftovers
|-damage|p2a: Ting-Lu|63/100 brn|[from] brn
|upkeep
|turn|13
|
|t:|1760331382
|switch|p2a: Pecharunt|Pecharunt|65/100
|move|p1a: Iron Treads|Earthquake|p2a: Pecharunt
|-supereffective|p2a: Pecharunt
|-damage|p2a: Pecharunt|5/100
|
|-weather|none
|-heal|p1a: Iron Treads|97/100|[from] item: Leftovers
|upkeep
|turn|14
|
|t:|1760331395
|move|p1a: Iron Treads|Earthquake|p2a: Pecharunt
|-supereffective|p2a: Pecharunt
|-damage|p2a: Pecharunt|0 fnt
|faint|p2a: Pecharunt
|
|-heal|p1a: Iron Treads|100/100|[from] item: Leftovers
|upkeep
|
|t:|1760331399
|switch|p2a: Zamazenta|Zamazenta|100/100
|-ability|p2a: Zamazenta|Dauntless Shield|boost
|-boost|p2a: Zamazenta|def|1
|turn|15
|
|t:|1760331404
|-terastallize|p1a: Iron Treads|Ghost
|move|p2a: Zamazenta|Iron Defense|p2a: Zamazenta
|-boost|p2a: Zamazenta|def|2
|move|p1a: Iron Treads|Rapid Spin|p2a: Zamazenta
|-damage|p2a: Zamazenta|96/100
|-boost|p1a: Iron Treads|spe|1
|-sideend|p1: UltraGodGreninja|Spikes|[from] move: Rapid Spin|[of] p1a: Iron Treads
|-sideend|p1: UltraGodGreninja|Stealth Rock|[from] move: Rapid Spin|[of] p1a: Iron Treads
|
|-heal|p2a: Zamazenta|100/100|[from] item: Leftovers
|upkeep
|turn|16
|
|t:|1760331411
|-end|p1a: Iron Treads|Quark Drive|[silent]
|switch|p1a: Dragapult|Dragapult, F|100/100
|move|p2a: Zamazenta|Iron Defense|p2a: Zamazenta
|-boost|p2a: Zamazenta|def|2
|
|upkeep
|turn|17
|
|t:|1760331414
|-terastallize|p2a: Zamazenta|Fire
|move|p1a: Dragapult|Will-O-Wisp|p2a: Zamazenta
|-immune|p2a: Zamazenta
|move|p2a: Zamazenta|Crunch|p1a: Dragapult
|-supereffective|p1a: Dragapult
|-damage|p1a: Dragapult|41/100
|
|upkeep
|turn|18
|
|t:|1760331418
|move|p1a: Dragapult|Dragon Darts|p2a: Zamazenta
|-damage|p2a: Zamazenta|96/100
|-anim|p1a: Dragapult|Dragon Darts|p2a: Zamazenta
|-damage|p2a: Zamazenta|91/100
|move|p2a: Zamazenta|Crunch|p1a: Dragapult
|-supereffective|p1a: Dragapult
|-damage|p1a: Dragapult|0 fnt
|faint|p1a: Dragapult
|
|-heal|p2a: Zamazenta|97/100|[from] item: Leftovers
|upkeep
|
|t:|1760331421
|switch|p1a: Moltres|Moltres|91/100
|turn|19
|
|t:|1760331425
|move|p2a: Zamazenta|Body Press|p1a: Moltres
|-resisted|p1a: Moltres
|-damage|p1a: Moltres|47/100
|move|p1a: Moltres|Scorching Sands|p2a: Zamazenta
|-supereffective|p2a: Zamazenta
|-damage|p2a: Zamazenta|68/100
|
|-heal|p2a: Zamazenta|74/100|[from] item: Leftovers
|upkeep
|turn|20
|-message|UltraGodGreninja forfeited.
|
|win|modegobelin
|raw|UltraGodGreninja's rating: 1540 &rarr; <strong>1527</strong><br />(-13 for losing)
|raw|modegobelin's rating: 1672 &rarr; <strong>1685</strong><br />(+13 for winning)
|l|☆UltraGodGreninja
|player|p1|
|l|☆modegobelin
|player|p2|
