|j|☆Top1SSSsteenee
|j|☆CuestaChu
|t:|1760431213
|gametype|singles
|player|p1|Top1SSSsteenee|mallow|1149
|player|p2|CuestaChu|1|1226
|gen|9
|tier|[Gen 9] OU
|rated|
|rule|HP Percentage Mod: HP is shown in percentages
|rule|Endless Battle Clause: Forcing endless battles is banned
|rule|Species Clause: Limit one of each Pokémon
|rule|OHKO Clause: OHKO moves are banned
|rule|Evasion Items Clause: Evasion items are banned
|rule|Evasion Moves Clause: Evasion moves are banned
|rule|Evasion Abilities Clause: Evasion abilities are banned
|rule|Sleep Moves Clause: Sleep-inducing moves are banned
|clearpoke
|poke|p1|Ninetales-Alola, F|
|poke|p1|Cetitan, M|
|poke|p1|Kyurem|
|poke|p1|Slowking-Galar, M|
|poke|p1|Sandslash-Alola, M|
|poke|p1|Iron Treads|
|poke|p2|Ogerpon-Wellspring, F|
|poke|p2|Corviknight, F|
|poke|p2|Skeledirge, F|
|poke|p2|Goodra-Hisui, M|
|poke|p2|Venusaur, F|
|poke|p2|Alomomola, M|
|teampreview
|
|t:|1760431233
|teamsize|p1|6
|teamsize|p2|6
|start
|switch|p1a: Oh what fun|Slowking-Galar, M|100/100
|switch|p2a: Venusaur|Venusaur, F|100/100
|turn|1
|
|t:|1760431242
|move|p2a: Venusaur|Leech Seed|p1a: Oh what fun
|-start|p1a: Oh what fun|move: Leech Seed
|-prepare|p1a: Oh what fun|Chilly Reception|[premajor]
|move|p1a: Oh what fun|Chilly Reception|p1a: Oh what fun
|-weather|Snowscape
|
|t:|1760431252
|switch|p1a: It is to ride at a|Sandslash-Alola, M|100/100|[from] Chilly Reception
|
|-weather|Snowscape|[upkeep]
|upkeep
|turn|2
|
|t:|1760431268
|move|p2a: Venusaur|Protect|p2a: Venusaur
|-singleturn|p2a: Venusaur|Protect
|move|p1a: It is to ride at a|Triple Axel|p2a: Venusaur
|-activate|p2a: Venusaur|move: Protect
|
|-weather|Snowscape|[upkeep]
|upkeep
|turn|3
|inactive|Battle timer is ON: inactive players will automatically lose when time's up. (requested by Top1SSSsteenee)
|
|t:|1760431314
|switch|p2a: Corviknight|Corviknight, F|100/100
|-ability|p2a: Corviknight|Pressure
|move|p1a: It is to ride at a|Triple Axel|p2a: Corviknight
|-damage|p2a: Corviknight|91/100
|-damage|p2a: Corviknight|71/100
|-damage|p2a: Corviknight|44/100
|-hitcount|p2a: Corviknight|3
|
|-weather|Snowscape|[upkeep]
|-heal|p2a: Corviknight|50/100|[from] item: Leftovers
|upkeep
|turn|4
|inactive|CuestaChu has 120 seconds left.
|
|t:|1760431347
|-terastallize|p2a: Corviknight|Fighting
|move|p1a: It is to ride at a|Triple Axel|p2a: Corviknight
|-damage|p2a: Corviknight|40/100
|-damage|p2a: Corviknight|22/100
|-hitcount|p2a: Corviknight|2
|move|p2a: Corviknight|Body Press|p1a: It is to ride at a
|-supereffective|p1a: It is to ride at a
|-damage|p1a: It is to ride at a|14/100
|
|-weather|Snowscape|[upkeep]
|-heal|p2a: Corviknight|28/100|[from] item: Leftovers
|upkeep
|turn|5
|inactive|CuestaChu has 120 seconds left.
|
|t:|1760431360
|move|p1a: It is to ride at a|Triple Axel|p2a: Corviknight
|-damage|p2a: Corviknight|18/100
|-damage|p2a: Corviknight|0 fnt
|faint|p2a: Corviknight
|-hitcount|p2: Corviknight|2
|
|-weather|none
|upkeep
|inactive|CuestaChu has 120 seconds left.
|
|t:|1760431369
|switch|p2a: Skeledirge|Skeledirge, F|100/100
|turn|6
|
|t:|1760431372
|switch|p1a: Jingle bells|Ninetales-Alola, F|100/100
|-weather|Snowscape|[from] ability: Snow Warning|[of] p1a: Jingle bells
|move|p2a: Skeledirge|Torch Song|p1a: Jingle bells
|-supereffective|p1a: Jingle bells
|-damage|p1a: Jingle bells|44/100
|-boost|p2a: Skeledirge|spa|1
|-enditem|p1a: Jingle bells|Eject Button
|
|t:|1760431390
|switch|p1a: Jingle all the way|Kyurem|100/100
|-ability|p1a: Jingle all the way|Pressure
|
|-weather|Snowscape|[upkeep]
|upkeep
|turn|7
|
|t:|1760431407
|move|p1a: Jingle all the way|Earth Power|p2a: Skeledirge
|-supereffective|p2a: Skeledirge
|-damage|p2a: Skeledirge|16/100
|move|p2a: Skeledirge|Torch Song|p1a: Jingle all the way
|-damage|p1a: Jingle all the way|58/100
|-boost|p2a: Skeledirge|spa|1
|
|-weather|Snowscape|[upkeep]
|-heal|p2a: Skeledirge|22/100|[from] item: Leftovers
|upkeep
|turn|8
|
|t:|1760431417
|move|p2a: Skeledirge|Protect|p2a: Skeledirge
|-singleturn|p2a: Skeledirge|Protect
|move|p1a: Jingle all the way|Earth Power|p2a: Skeledirge
|-activate|p2a: Skeledirge|move: Protect
|
|-weather|Snowscape|[upkeep]
|-heal|p2a: Skeledirge|28/100|[from] item: Leftovers
|upkeep
|turn|9
|
|t:|1760431433
|switch|p2a: Goodra|Goodra-Hisui, M|100/100
|move|p1a: Jingle all the way|Earth Power|p2a: Goodra
|-supereffective|p2a: Goodra
|-damage|p2a: Goodra|59/100
|
|-weather|Snowscape|[upkeep]
|upkeep
|turn|10
|
|t:|1760431440
|move|p1a: Jingle all the way|Earth Power|p2a: Goodra
|-supereffective|p2a: Goodra
|-damage|p2a: Goodra|18/100
|move|p2a: Goodra|Draco Meteor|p1a: Jingle all the way
|-supereffective|p1a: Jingle all the way
|-damage|p1a: Jingle all the way|0 fnt
|-unboost|p2a: Goodra|spa|2
|faint|p1a: Jingle all the way
|
|-weather|none
|upkeep
|
|t:|1760431447
|switch|p1a: Jingle bells|Ninetales-Alola, F|44/100
|-weather|Snowscape|[from] ability: Snow Warning|[of] p1a: Jingle bells
|turn|11
|
|t:|1760431458
|switch|p2a: Alomomola|Alomomola, M|100/100
|move|p1a: Jingle bells|Encore||[still]
|-fail|p1a: Jingle bells
|
|-weather|Snowscape|[upkeep]
|upkeep
|turn|12
|
|t:|1760431474
|move|p1a: Jingle bells|Freeze-Dry|p2a: Alomomola
|-supereffective|p2a: Alomomola
|-damage|p2a: Alomomola|52/100
|move|p2a: Alomomola|Wish|p2a: Alomomola
|
|-weather|Snowscape|[upkeep]
|upkeep
|turn|13
|
|t:|1760431487
|switch|p2a: Goodra|Goodra-Hisui, M|18/100
|move|p1a: Jingle bells|Freeze-Dry|p2a: Goodra
|-damage|p2a: Goodra|9/100
|
|-weather|Snowscape|[upkeep]
|-heal|p2a: Goodra|89/100|[from] move: Wish|[wisher] Alomomola
|upkeep
|turn|14
|
|t:|1760431502
|switch|p2a: Alomomola|Alomomola, M|85/100
|move|p1a: Jingle bells|Foul Play|p2a: Alomomola
|-damage|p2a: Alomomola|77/100
|-damage|p1a: Jingle bells|27/100|[from] item: Rocky Helmet|[of] p2a: Alomomola
|
|-weather|Snowscape|[upkeep]
|upkeep
|turn|15
|
|t:|1760431511
|move|p2a: Alomomola|Protect|p2a: Alomomola
|-singleturn|p2a: Alomomola|Protect
|move|p1a: Jingle bells|Freeze-Dry|p2a: Alomomola
|-activate|p2a: Alomomola|move: Protect
|
|-weather|none
|upkeep
|turn|16
|
|t:|1760431518
|switch|p1a: It is to ride at a|Sandslash-Alola, M|14/100
|move|p2a: Alomomola|Wish|p2a: Alomomola
|
|upkeep
|turn|17
|
|t:|1760431534
|switch|p2a: Goodra|Goodra-Hisui, M|89/100
|move|p1a: It is to ride at a|Earthquake|p2a: Goodra
|-supereffective|p2a: Goodra
|-damage|p2a: Goodra|22/100
|
|-heal|p2a: Goodra|100/100|[from] move: Wish|[wisher] Alomomola
|upkeep
|turn|18
|inactive|CuestaChu has 120 seconds left.
|
|t:|1760431560
|switch|p2a: Venusaur|Venusaur, F|100/100
|move|p1a: It is to ride at a|Earthquake|p2a: Venusaur
|-damage|p2a: Venusaur|63/100
|
|-heal|p2a: Venusaur|69/100|[from] item: Black Sludge
|upkeep
|turn|19
|
|t:|1760431568
|move|p1a: It is to ride at a|Earthquake|p2a: Venusaur
|-damage|p2a: Venusaur|32/100
|move|p2a: Venusaur|Leech Seed|p1a: It is to ride at a
|-start|p1a: It is to ride at a|move: Leech Seed
|
|-heal|p2a: Venusaur|38/100|[from] item: Black Sludge
|-damage|p1a: It is to ride at a|2/100|[from] Leech Seed|[of] p2a: Venusaur
|-heal|p2a: Venusaur|48/100|[silent]
|upkeep
|turn|20
|
|t:|1760431575
|move|p2a: Venusaur|Protect|p2a: Venusaur
|-singleturn|p2a: Venusaur|Protect
|move|p1a: It is to ride at a|Earthquake|p2a: Venusaur
|-activate|p2a: Venusaur|move: Protect
|
|-heal|p2a: Venusaur|54/100|[from] item: Black Sludge
|-damage|p1a: It is to ride at a|0 fnt|[from] Leech Seed|[of] p2a: Venusaur
|-heal|p2a: Venusaur|55/100|[silent]
|faint|p1a: It is to ride at a
|upkeep
|
|t:|1760431581
|switch|p1a: Jingle bells|Ninetales-Alola, F|27/100
|-weather|Snowscape|[from] ability: Snow Warning|[of] p1a: Jingle bells
|turn|21
|
|t:|1760431593
|switch|p2a: Alomomola|Alomomola, M|100/100
|move|p1a: Jingle bells|Freeze-Dry|p2a: Alomomola
|-supereffective|p2a: Alomomola
|-damage|p2a: Alomomola|51/100
|
|-weather|Snowscape|[upkeep]
|upkeep
|turn|22
|
|t:|1760431601
|move|p1a: Jingle bells|Freeze-Dry|p2a: Alomomola
|-supereffective|p2a: Alomomola
|-damage|p2a: Alomomola|6/100
|move|p2a: Alomomola|Wish|p2a: Alomomola
|
|-weather|Snowscape|[upkeep]
|upkeep
|turn|23
|
|t:|1760431609
|switch|p2a: Skeledirge|Skeledirge, F|28/100
|move|p1a: Jingle bells|Freeze-Dry|p2a: Skeledirge
|-resisted|p2a: Skeledirge
|-damage|p2a: Skeledirge|19/100
|
|-weather|Snowscape|[upkeep]
|-heal|p2a: Skeledirge|84/100|[from] move: Wish|[wisher] Alomomola
|-heal|p2a: Skeledirge|90/100|[from] item: Leftovers
|upkeep
|turn|24
|
|t:|1760431621
|move|p2a: Skeledirge|Protect|p2a: Skeledirge
|-singleturn|p2a: Skeledirge|Protect
|move|p1a: Jingle bells|Foul Play|p2a: Skeledirge
|-activate|p2a: Skeledirge|move: Protect
|
|-weather|Snowscape|[upkeep]
|-heal|p2a: Skeledirge|96/100|[from] item: Leftovers
|upkeep
|turn|25
|
|t:|1760431629
|move|p1a: Jingle bells|Encore|p2a: Skeledirge
|-start|p2a: Skeledirge|Encore
|move|p2a: Skeledirge|Protect||[still]
|-fail|p2a: Skeledirge
|
|-weather|none
|-heal|p2a: Skeledirge|100/100|[from] item: Leftovers
|upkeep
|turn|26
|
|t:|1760431641
|switch|p1a: Oh what fun|Slowking-Galar, M|100/100
|switch|p2a: Goodra|Goodra-Hisui, M|100/100
|
|upkeep
|turn|27
|
|t:|1760431656
|move|p2a: Goodra|Draco Meteor|p1a: Oh what fun
|-damage|p1a: Oh what fun|69/100
|-unboost|p2a: Goodra|spa|2
|-prepare|p1a: Oh what fun|Chilly Reception|[premajor]
|move|p1a: Oh what fun|Chilly Reception|p1a: Oh what fun
|-weather|Snowscape
|
|t:|1760431671
|switch|p1a: Jingle bell|Cetitan, M|100/100|[from] Chilly Reception
|
|-weather|Snowscape|[upkeep]
|upkeep
|turn|28
|inactive|CuestaChu has 120 seconds left.
|
|t:|1760431704
|-terastallize|p1a: Jingle bell|Fire
|move|p1a: Jingle bell|Belly Drum|p1a: Jingle bell
|-damage|p1a: Jingle bell|50/100
|-setboost|p1a: Jingle bell|atk|6|[from] move: Belly Drum
|move|p2a: Goodra|Earthquake|p1a: Jingle bell
|-supereffective|p1a: Jingle bell
|-damage|p1a: Jingle bell|15/100
|
|-weather|Snowscape|[upkeep]
|upkeep
|turn|29
|inactive|CuestaChu has 120 seconds left.
|
|t:|1760431715
|move|p1a: Jingle bell|High Horsepower|p2a: Goodra
|-supereffective|p2a: Goodra
|-damage|p2a: Goodra|0 fnt
|faint|p2a: Goodra
|
|-weather|Snowscape|[upkeep]
|upkeep
|inactive|CuestaChu has 120 seconds left.
|
|t:|1760431723
|switch|p2a: Skeledirge|Skeledirge, F|100/100
|turn|30
|
|t:|1760431726
|move|p1a: Jingle bell|High Horsepower|p2a: Skeledirge
|-supereffective|p2a: Skeledirge
|-damage|p2a: Skeledirge|55/100
|move|p2a: Skeledirge|Torch Song|p1a: Jingle bell
|-resisted|p1a: Jingle bell
|-damage|p1a: Jingle bell|0 fnt
|-boost|p2a: Skeledirge|spa|1
|faint|p1a: Jingle bell
|
|-weather|Snowscape|[upkeep]
|-heal|p2a: Skeledirge|61/100|[from] item: Leftovers
|upkeep
|
|t:|1760431731
|switch|p1a: One horse straight|Iron Treads|100/100
|-enditem|p1a: One horse straight|Booster Energy
|-activate|p1a: One horse straight|ability: Quark Drive|[fromitem]
|-start|p1a: One horse straight|quarkdrivespe
|turn|31
|inactive|CuestaChu has 120 seconds left.
|
|t:|1760431759
|switch|p2a: Ogerpon|Ogerpon-Wellspring, F|100/100
|move|p1a: One horse straight|Earth Power|p2a: Ogerpon
|-resisted|p2a: Ogerpon
|-damage|p2a: Ogerpon|82/100
|
|-weather|none
|upkeep
|turn|32
|
|t:|1760431767
|move|p1a: One horse straight|Flash Cannon|p2a: Ogerpon
|-resisted|p2a: Ogerpon
|-damage|p2a: Ogerpon|63/100
|move|p2a: Ogerpon|Ivy Cudgel|p1a: One horse straight|[anim] Ivy Cudgel Water
|-supereffective|p1a: One horse straight
|-damage|p1a: One horse straight|0 fnt
|faint|p1a: One horse straight
|-end|p1a: One horse straight|Quark Drive|[silent]
|
|upkeep
|
|t:|1760431775
|switch|p1a: Oh what fun|Slowking-Galar, M|100/100
|turn|33
|c|☆Top1SSSsteenee|?
|c|☆Top1SSSsteenee|i clicked rocks
|c|☆Top1SSSsteenee|Gg
|c|☆CuestaChu|WHAT
|-message|Top1SSSsteenee forfeited.
|
|win|CuestaChu
|raw|Top1SSSsteenee's rating: 1149 &rarr; <strong>1129</strong><br />(-20 for losing)
|raw|CuestaChu's rating: 1226 &rarr; <strong>1246</strong><br />(+20 for winning)
|l|☆Top1SSSsteenee
|player|p1|
