|j|☆suifenli
|j|☆ryan cowtinho
|t:|1760329297
|gametype|singles
|player|p1|suifenli|n|1612
|player|p2|ryan cowtinho|102|1649
|gen|9
|tier|[Gen 9] OU
|rated|
|rule|HP Percentage Mod: HP is shown in percentages
|rule|Endless Battle Clause: Forcing endless battles is banned
|rule|Species Clause: Limit one of each Pokémon
|rule|OHKO Clause: OHKO moves are banned
|rule|Evasion Items Clause: Evasion items are banned
|rule|Evasion Moves Clause: Evasion moves are banned
|rule|Evasion Abilities Clause: Evasion abilities are banned
|rule|Sleep Moves Clause: Sleep-inducing moves are banned
|clearpoke
|poke|p1|Zamazenta-*|
|poke|p1|Sableye, M|
|poke|p1|Blaziken, M|
|poke|p1|Bellossom, M|
|poke|p1|Garganacl, M|
|poke|p1|Latias, F|
|poke|p2|Landorus-Therian, M|
|poke|p2|Iron Valiant|
|poke|p2|Samurott-Hisui, M|
|poke|p2|Pecharunt|
|poke|p2|Iron Crown|
|poke|p2|Hydrapple, M|
|teampreview
|inactive|Battle timer is ON: inactive players will automatically lose when time's up. (requested by suifenli)
|inactive|ryan cowtinho has 120 seconds left.
|
|t:|1760329333
|teamsize|p1|6
|teamsize|p2|6
|start
|switch|p1a: Blaziken|Blaziken, M|100/100
|switch|p2a: Iron Crown|Iron Crown|100/100
|turn|1
|
|t:|1760329346
|-end|p2a: Iron Crown|Quark Drive|[silent]
|switch|p2a: Landorus|Landorus-Therian, M|100/100
|-ability|p2a: Landorus|Intimidate|boost
|-unboost|p1a: Blaziken|atk|1
|move|p1a: Blaziken|Swords Dance|p1a: Blaziken
|-boost|p1a: Blaziken|atk|2
|
|-ability|p1a: Blaziken|Speed Boost|boost
|-boost|p1a: Blaziken|spe|1
|upkeep
|turn|2
|j| ulisesdiogenes
|
|t:|1760329351
|move|p1a: Blaziken|Swords Dance|p1a: Blaziken
|-boost|p1a: Blaziken|atk|2
|move|p2a: Landorus|Earth Power|p1a: Blaziken
|-supereffective|p1a: Blaziken
|-enditem|p1a: Blaziken|Focus Sash
|-damage|p1a: Blaziken|1/100
|
|-ability|p1a: Blaziken|Speed Boost|boost
|-boost|p1a: Blaziken|spe|1
|upkeep
|turn|3
|
|t:|1760329357
|move|p1a: Blaziken|Reversal|p2a: Landorus
|-resisted|p2a: Landorus
|-damage|p2a: Landorus|0 fnt
|-damage|p1a: Blaziken|0 fnt|[from] item: Rocky Helmet|[of] p2a: Landorus
|faint|p2a: Landorus
|faint|p1a: Blaziken
|
|upkeep
|
|t:|1760329364
|switch|p2a: Iron Crown|Iron Crown|100/100
|switch|p1a: Sableye|Sableye, M|100/100
|turn|4
|
|t:|1760329369
|move|p1a: Sableye|Thunder Wave|p2a: Iron Crown
|-status|p2a: Iron Crown|par
|move|p2a: Iron Crown|Tachyon Cutter|p1a: Sableye
|-damage|p1a: Sableye|42/100
|-damage|p1a: Sableye|0 fnt
|faint|p1a: Sableye
|-hitcount|p1: Sableye|2
|
|upkeep
|
|t:|1760329376
|switch|p1a: Latias|Latias, F|100/100
|turn|5
|
|t:|1760329380
|-end|p2a: Iron Crown|Quark Drive|[silent]
|switch|p2a: Iron Valiant|Iron Valiant|100/100
|-enditem|p2a: Iron Valiant|Booster Energy
|-activate|p2a: Iron Valiant|ability: Quark Drive|[fromitem]
|-start|p2a: Iron Valiant|quarkdrivespe
|move|p1a: Latias|Calm Mind|p1a: Latias
|-boost|p1a: Latias|spa|1
|-boost|p1a: Latias|spd|1
|
|upkeep
|turn|6
|
|t:|1760329386
|-terastallize|p1a: Latias|Electric
|move|p2a: Iron Valiant|Encore|p1a: Latias
|-start|p1a: Latias|Encore
|move|p1a: Latias|Calm Mind|p1a: Latias
|-boost|p1a: Latias|spa|1
|-boost|p1a: Latias|spd|1
|
|upkeep
|turn|7
|
|t:|1760329389
|move|p2a: Iron Valiant|Close Combat|p1a: Latias
|-damage|p1a: Latias|63/100
|-unboost|p2a: Iron Valiant|def|1
|-unboost|p2a: Iron Valiant|spd|1
|-enditem|p1a: Latias|Kee Berry|[eat]
|-boost|p1a: Latias|def|1|[from] item: Kee Berry
|move|p1a: Latias|Calm Mind|p1a: Latias
|-boost|p1a: Latias|spa|1
|-boost|p1a: Latias|spd|1
|
|upkeep
|turn|8
|
|t:|1760329396
|move|p2a: Iron Valiant|Close Combat|p1a: Latias
|-damage|p1a: Latias|37/100
|-unboost|p2a: Iron Valiant|def|1
|-unboost|p2a: Iron Valiant|spd|1
|move|p1a: Latias|Calm Mind|p1a: Latias
|-boost|p1a: Latias|spa|1
|-boost|p1a: Latias|spd|1
|
|-end|p1a: Latias|Encore
|upkeep
|turn|9
|
|t:|1760329400
|switch|p1a: Zamazenta|Zamazenta|100/100
|-ability|p1a: Zamazenta|Dauntless Shield|boost
|-boost|p1a: Zamazenta|def|1
|move|p2a: Iron Valiant|Encore||[still]
|-fail|p2a: Iron Valiant
|
|upkeep
|turn|10
|
|t:|1760329406
|move|p2a: Iron Valiant|Moonblast|p1a: Zamazenta
|-supereffective|p1a: Zamazenta
|-damage|p1a: Zamazenta|30/100
|move|p1a: Zamazenta|Iron Defense|p1a: Zamazenta
|-boost|p1a: Zamazenta|def|2
|
|-heal|p1a: Zamazenta|36/100|[from] item: Leftovers
|upkeep
|turn|11
|
|t:|1760329410
|switch|p1a: Latias|Latias, F, tera:Electric|37/100
|move|p2a: Iron Valiant|Moonblast|p1a: Latias
|-damage|p1a: Latias|5/100
|-unboost|p1a: Latias|spa|1
|
|upkeep
|turn|12
|
|t:|1760329414
|move|p2a: Iron Valiant|Moonblast|p1a: Latias
|-damage|p1a: Latias|0 fnt
|faint|p1a: Latias
|
|upkeep
|
|t:|1760329421
|switch|p1a: Zamazenta|Zamazenta|36/100
|turn|13
|l| ulisesdiogenes
|
|t:|1760329432
|move|p2a: Iron Valiant|Moonblast|p1a: Zamazenta
|-supereffective|p1a: Zamazenta
|-damage|p1a: Zamazenta|0 fnt
|faint|p1a: Zamazenta
|
|upkeep
|
|t:|1760329434
|switch|p1a: Bellossom|Bellossom, M|100/100
|turn|14
|
|t:|1760329438
|move|p2a: Iron Valiant|Moonblast|p1a: Bellossom
|-damage|p1a: Bellossom|55/100
|move|p1a: Bellossom|Quiver Dance|p1a: Bellossom
|-boost|p1a: Bellossom|spa|1
|-boost|p1a: Bellossom|spd|1
|-boost|p1a: Bellossom|spe|1
|
|upkeep
|turn|15
|
|t:|1760329441
|move|p2a: Iron Valiant|Encore|p1a: Bellossom
|-start|p1a: Bellossom|Encore
|move|p1a: Bellossom|Quiver Dance|p1a: Bellossom
|-boost|p1a: Bellossom|spa|1
|-boost|p1a: Bellossom|spd|1
|-boost|p1a: Bellossom|spe|1
|
|upkeep
|turn|16
|
|t:|1760329443
|move|p2a: Iron Valiant|Close Combat|p1a: Bellossom
|-damage|p1a: Bellossom|18/100
|-unboost|p2a: Iron Valiant|def|1
|-unboost|p2a: Iron Valiant|spd|1
|-enditem|p1a: Bellossom|Kee Berry|[eat]
|-boost|p1a: Bellossom|def|1|[from] item: Kee Berry
|move|p1a: Bellossom|Quiver Dance|p1a: Bellossom
|-boost|p1a: Bellossom|spa|1
|-boost|p1a: Bellossom|spd|1
|-boost|p1a: Bellossom|spe|1
|
|upkeep
|turn|17
|
|t:|1760329446
|move|p2a: Iron Valiant|Close Combat|p1a: Bellossom
|-damage|p1a: Bellossom|0 fnt
|-unboost|p2a: Iron Valiant|def|1
|-unboost|p2a: Iron Valiant|spd|1
|faint|p1a: Bellossom
|
|upkeep
|
|t:|1760329448
|switch|p1a: Garganacl|Garganacl, M|100/100
|turn|18
|
|t:|1760329450
|move|p2a: Iron Valiant|Close Combat|p1a: Garganacl
|-supereffective|p1a: Garganacl
|-damage|p1a: Garganacl|29/100
|-unboost|p2a: Iron Valiant|def|1
|-unboost|p2a: Iron Valiant|spd|1
|move|p1a: Garganacl|Iron Defense|p1a: Garganacl
|-boost|p1a: Garganacl|def|2
|
|upkeep
|turn|19
|
|t:|1760329452
|move|p2a: Iron Valiant|Encore|p1a: Garganacl
|-start|p1a: Garganacl|Encore
|move|p1a: Garganacl|Iron Defense|p1a: Garganacl
|-boost|p1a: Garganacl|def|2
|
|upkeep
|turn|20
|
|t:|1760329453
|move|p2a: Iron Valiant|Moonblast|p1a: Garganacl
|-damage|p1a: Garganacl|0 fnt
|faint|p1a: Garganacl
|
|win|ryan cowtinho
|raw|suifenli's rating: 1612 &rarr; <strong>1594</strong><br />(-18 for losing)
|raw|ryan cowtinho's rating: 1649 &rarr; <strong>1667</strong><br />(+18 for winning)
|l|☆suifenli
|player|p1|
|l|☆ryan cowtinho
|player|p2|
