|j|☆test89001234
|j|☆botcanou
|t:|1760439641
|gametype|singles
|player|p1|test89001234|nate|1366
|player|p2|botcanou|101|1398
|gen|9
|tier|[Gen 9] OU
|rated|
|rule|HP Percentage Mod: HP is shown in percentages
|rule|Endless Battle Clause: Forcing endless battles is banned
|rule|Species Clause: Limit one of each Pokémon
|rule|OHKO Clause: OHKO moves are banned
|rule|Evasion Items Clause: Evasion items are banned
|rule|Evasion Moves Clause: Evasion moves are banned
|rule|Evasion Abilities Clause: Evasion abilities are banned
|rule|Sleep Moves Clause: Sleep-inducing moves are banned
|clearpoke
|poke|p1|Ninetales-Alola, M|
|poke|p1|Volcanion|
|poke|p1|Ursaluna, F|
|poke|p1|Enamorus-Therian, F|
|poke|p1|Iron Valiant|
|poke|p1|Meowscarada, M|
|poke|p2|Torkoal, F|
|poke|p2|Walking Wake|
|poke|p2|Blaziken, M|
|poke|p2|Polteageist-Antique|
|poke|p2|Kingambit, F|
|poke|p2|Ursaluna, M|
|teampreview
|
|t:|1760439647
|teamsize|p1|6
|teamsize|p2|6
|start
|switch|p1a: Volcanion|Volcanion|100/100
|switch|p2a: Torkoal|Torkoal, F|100/100
|-weather|SunnyDay|[from] ability: Drought|[of] p2a: Torkoal
|turn|1
|
|t:|1760439662
|switch|p2a: Walking Wake|Walking Wake|100/100
|-activate|p2a: Walking Wake|ability: Protosynthesis
|-start|p2a: Walking Wake|protosynthesisspa
|move|p1a: Volcanion|Steam Eruption|p2a: Walking Wake
|-resisted|p2a: Walking Wake
|-damage|p2a: Walking Wake|87/100
|-status|p2a: Walking Wake|brn
|
|-weather|SunnyDay|[upkeep]
|-damage|p2a: Walking Wake|81/100 brn|[from] brn
|upkeep
|turn|2
|
|t:|1760439678
|switch|p1a: Ninetales|Ninetales-Alola, M|100/100
|-weather|Snowscape|[from] ability: Snow Warning|[of] p1a: Ninetales
|-end|p2a: Walking Wake|Protosynthesis
|move|p2a: Walking Wake|Hurricane|p1a: Ninetales|[miss]
|-miss|p2a: Walking Wake|p1a: Ninetales
|-enditem|p2a: Walking Wake|Blunder Policy
|-boost|p2a: Walking Wake|spe|2
|
|-weather|Snowscape|[upkeep]
|-damage|p2a: Walking Wake|75/100 brn|[from] brn
|upkeep
|turn|3
|
|t:|1760439690
|move|p2a: Walking Wake|Flamethrower|p1a: Ninetales
|-supereffective|p1a: Ninetales
|-damage|p1a: Ninetales|40/100
|move|p1a: Ninetales|Aurora Veil|p1a: Ninetales
|-sidestart|p1: test89001234|move: Aurora Veil
|
|-weather|Snowscape|[upkeep]
|-damage|p2a: Walking Wake|69/100 brn|[from] brn
|upkeep
|turn|4
|
|t:|1760439699
|move|p2a: Walking Wake|Flamethrower|p1a: Ninetales
|-supereffective|p1a: Ninetales
|-damage|p1a: Ninetales|8/100
|move|p1a: Ninetales|Moonblast|p2a: Walking Wake
|-supereffective|p2a: Walking Wake
|-damage|p2a: Walking Wake|3/100 brn
|
|-weather|Snowscape|[upkeep]
|-damage|p2a: Walking Wake|0 fnt|[from] brn
|faint|p2a: Walking Wake
|-end|p2a: Walking Wake|Protosynthesis|[silent]
|upkeep
|
|t:|1760439710
|switch|p2a: Torkoal|Torkoal, F|100/100
|-weather|SunnyDay|[from] ability: Drought|[of] p2a: Torkoal
|turn|5
|
|t:|1760439715
|move|p1a: Ninetales|Moonblast|p2a: Torkoal
|-resisted|p2a: Torkoal
|-damage|p2a: Torkoal|86/100
|move|p2a: Torkoal|Stealth Rock|p1a: Ninetales
|-sidestart|p1: test89001234|move: Stealth Rock
|
|-weather|SunnyDay|[upkeep]
|upkeep
|turn|6
|
|t:|1760439726
|move|p1a: Ninetales|Encore|p2a: Torkoal
|-start|p2a: Torkoal|Encore
|move|p2a: Torkoal|Stealth Rock||[still]
|-fail|p2a: Torkoal
|
|-weather|SunnyDay|[upkeep]
|upkeep
|turn|7
|
|t:|1760439734
|switch|p1a: Ursaluna|Ursaluna, F|100/100
|-damage|p1a: Ursaluna|94/100|[from] Stealth Rock
|switch|p2a: Polteageist|Polteageist-Antique|100/100
|
|-weather|SunnyDay|[upkeep]
|-heal|p1a: Ursaluna|100/100|[from] item: Leftovers
|upkeep
|turn|8
|
|t:|1760439745
|move|p2a: Polteageist|Shell Smash|p2a: Polteageist
|-unboost|p2a: Polteageist|def|1
|-unboost|p2a: Polteageist|spd|1
|-boost|p2a: Polteageist|atk|2
|-boost|p2a: Polteageist|spa|2
|-boost|p2a: Polteageist|spe|2
|move|p1a: Ursaluna|Earthquake|p2a: Polteageist
|-enditem|p2a: Polteageist|Focus Sash
|-damage|p2a: Polteageist|1/100
|-ability|p2a: Polteageist|Weak Armor|boost
|-unboost|p2a: Polteageist|def|1
|-boost|p2a: Polteageist|spe|2
|
|-weather|SunnyDay|[upkeep]
|upkeep
|turn|9
|
|t:|1760439762
|-terastallize|p1a: Ursaluna|Ghost
|move|p2a: Polteageist|Giga Drain|p1a: Ursaluna
|-damage|p1a: Ursaluna|75/100
|-heal|p2a: Polteageist|23/100|[from] drain|[of] p1a: Ursaluna
|move|p1a: Ursaluna|Earthquake|p2a: Polteageist
|-damage|p2a: Polteageist|0 fnt
|faint|p2a: Polteageist
|
|-weather|SunnyDay|[upkeep]
|-heal|p1a: Ursaluna|82/100|[from] item: Leftovers
|upkeep
|
|t:|1760439782
|switch|p2a: Ursaluna|Ursaluna, M|100/100
|turn|10
|
|t:|1760439789
|move|p1a: Ursaluna|Earthquake|p2a: Ursaluna
|-damage|p2a: Ursaluna|59/100
|move|p2a: Ursaluna|Play Rough|p1a: Ursaluna
|-damage|p1a: Ursaluna|69/100
|
|-weather|SunnyDay|[upkeep]
|-heal|p1a: Ursaluna|75/100|[from] item: Leftovers
|-sideend|p1: test89001234|move: Aurora Veil
|-status|p2a: Ursaluna|brn|[from] item: Flame Orb
|upkeep
|turn|11
|
|t:|1760439801
|move|p2a: Ursaluna|Earthquake|p1a: Ursaluna
|-damage|p1a: Ursaluna|6/100
|move|p1a: Ursaluna|Earthquake|p2a: Ursaluna
|-damage|p2a: Ursaluna|17/100 brn
|
|-weather|SunnyDay|[upkeep]
|-heal|p1a: Ursaluna|12/100|[from] item: Leftovers
|-damage|p2a: Ursaluna|11/100 brn|[from] brn
|upkeep
|turn|12
|
|t:|1760439812
|move|p1a: Ursaluna|Earthquake|p2a: Ursaluna
|-damage|p2a: Ursaluna|0 fnt
|faint|p2a: Ursaluna
|
|-weather|none
|-heal|p1a: Ursaluna|18/100|[from] item: Leftovers
|upkeep
|
|t:|1760439824
|switch|p2a: Torkoal|Torkoal, F|86/100
|-weather|SunnyDay|[from] ability: Drought|[of] p2a: Torkoal
|turn|13
|
|t:|1760439833
|move|p1a: Ursaluna|Earthquake|p2a: Torkoal
|-supereffective|p2a: Torkoal
|-damage|p2a: Torkoal|0 fnt
|faint|p2a: Torkoal
|
|-weather|SunnyDay|[upkeep]
|-heal|p1a: Ursaluna|24/100|[from] item: Leftovers
|upkeep
|
|t:|1760439840
|switch|p2a: Blaziken|Blaziken, M|100/100
|turn|14
|
|t:|1760439848
|move|p2a: Blaziken|Earthquake|p1a: Ursaluna
|-damage|p1a: Ursaluna|0 fnt
|faint|p1a: Ursaluna
|
|-weather|SunnyDay|[upkeep]
|-ability|p2a: Blaziken|Speed Boost|boost
|-boost|p2a: Blaziken|spe|1
|upkeep
|
|t:|1760439856
|switch|p1a: Ninetales|Ninetales-Alola, M|8/100
|-damage|p1a: Ninetales|0 fnt|[from] Stealth Rock
|faint|p1a: Ninetales
|
|t:|1760439863
|switch|p1a: Volcanion|Volcanion|100/100
|-damage|p1a: Volcanion|76/100|[from] Stealth Rock
|turn|15
|
|t:|1760439869
|move|p2a: Blaziken|Earthquake|p1a: Volcanion
|-supereffective|p1a: Volcanion
|-damage|p1a: Volcanion|23/100
|move|p1a: Volcanion|Steam Eruption|p2a: Blaziken
|-supereffective|p2a: Blaziken
|-damage|p2a: Blaziken|0 fnt
|faint|p2a: Blaziken
|
|-weather|SunnyDay|[upkeep]
|upkeep
|
|t:|1760439879
|switch|p2a: Kingambit|Kingambit, F|100/100
|-activate|p2a: Kingambit|ability: Supreme Overlord
|-start|p2a: Kingambit|fallen5|[silent]
|turn|16
|
|t:|1760439884
|-terastallize|p2a: Kingambit|Dark
|move|p1a: Volcanion|Steam Eruption|p2a: Kingambit
|-damage|p2a: Kingambit|54/100
|-status|p2a: Kingambit|brn
|move|p2a: Kingambit|Swords Dance|p2a: Kingambit
|-boost|p2a: Kingambit|atk|2
|
|-weather|SunnyDay|[upkeep]
|-heal|p2a: Kingambit|60/100 brn|[from] item: Leftovers
|-damage|p2a: Kingambit|54/100 brn|[from] brn
|upkeep
|turn|17
|
|t:|1760439897
|move|p2a: Kingambit|Sucker Punch|p1a: Volcanion
|-damage|p1a: Volcanion|0 fnt
|faint|p1a: Volcanion
|
|-weather|SunnyDay|[upkeep]
|-heal|p2a: Kingambit|60/100 brn|[from] item: Leftovers
|-damage|p2a: Kingambit|54/100 brn|[from] brn
|upkeep
|
|t:|1760439904
|switch|p1a: Enamorus|Enamorus-Therian, F|100/100
|turn|18
|
|t:|1760439907
|move|p2a: Kingambit|Iron Head|p1a: Enamorus
|-supereffective|p1a: Enamorus
|-damage|p1a: Enamorus|0 fnt
|faint|p1a: Enamorus
|
|-weather|SunnyDay|[upkeep]
|-heal|p2a: Kingambit|60/100 brn|[from] item: Leftovers
|-damage|p2a: Kingambit|54/100 brn|[from] brn
|upkeep
|
|t:|1760439914
|switch|p1a: Meowscarada|Meowscarada, M|100/100
|-damage|p1a: Meowscarada|88/100|[from] Stealth Rock
|turn|19
|
|t:|1760439920
|move|p2a: Kingambit|Sucker Punch|p1a: Meowscarada
|-resisted|p1a: Meowscarada
|-damage|p1a: Meowscarada|20/100
|move|p1a: Meowscarada|Brick Break|p2a: Kingambit
|-start|p1a: Meowscarada|typechange|Fighting|[from] ability: Protean
|-supereffective|p2a: Kingambit
|-damage|p2a: Kingambit|0 fnt
|faint|p2a: Kingambit
|-end|p2a: Kingambit|fallen5|[silent]
|-damage|p1a: Meowscarada|10/100|[from] item: Life Orb
|
|win|test89001234
|raw|test89001234's rating: 1366 &rarr; <strong>1388</strong><br />(+22 for winning)
|raw|botcanou's rating: 1398 &rarr; <strong>1376</strong><br />(-22 for losing)
|c|☆test89001234|gg
|l|☆botcanou
|player|p2|
|l|☆test89001234
|player|p1|
