|j|☆tangobaby
|j|☆Nexouus
|t:|1760430193
|gametype|singles
|player|p1|tangobaby|backersf|1160
|player|p2|Nexouus|benga|1161
|gen|9
|tier|[Gen 9] OU
|rated|
|rule|HP Percentage Mod: HP is shown in percentages
|rule|Endless Battle Clause: Forcing endless battles is banned
|rule|Species Clause: Limit one of each Pokémon
|rule|OHKO Clause: OHKO moves are banned
|rule|Evasion Items Clause: Evasion items are banned
|rule|Evasion Moves Clause: Evasion moves are banned
|rule|Evasion Abilities Clause: Evasion abilities are banned
|rule|Sleep Moves Clause: Sleep-inducing moves are banned
|clearpoke
|poke|p1|Iron Valiant|
|poke|p1|Gliscor, F|
|poke|p1|Slowking-Galar, F|
|poke|p1|Great Tusk|
|poke|p1|Dragapult, F|
|poke|p1|Skarmory, F|
|poke|p2|Iron Moth|
|poke|p2|Kingambit, F|
|poke|p2|Dragonite, F|
|poke|p2|Ogerpon-Cornerstone, F|
|poke|p2|Iron Valiant|
|poke|p2|Raging Bolt|
|teampreview
|inactive|Battle timer is ON: inactive players will automatically lose when time's up. (requested by Nexouus)
|
|t:|1760430202
|teamsize|p1|6
|teamsize|p2|6
|start
|switch|p1a: Skarmory|Skarmory, F|100/100
|switch|p2a: Ogerpon|Ogerpon-Cornerstone, F|100/100
|turn|1
|inactive|tangobaby has 120 seconds left.
|
|t:|1760430242
|switch|p2a: Iron Moth|Iron Moth|100/100
|-enditem|p2a: Iron Moth|Booster Energy
|-activate|p2a: Iron Moth|ability: Quark Drive|[fromitem]
|-start|p2a: Iron Moth|quarkdrivespe
|move|p1a: Skarmory|Brave Bird|p2a: Iron Moth
|-damage|p2a: Iron Moth|49/100
|-damage|p1a: Skarmory|85/100|[from] Recoil
|
|upkeep
|turn|2
|inactive|tangobaby has 120 seconds left.
|
|t:|1760430259
|switch|p1a: Slowking|Slowking-Galar, F|100/100
|move|p2a: Iron Moth|Fiery Dance|p1a: Slowking
|-damage|p1a: Slowking|76/100
|-boost|p2a: Iron Moth|spa|1
|
|upkeep
|turn|3
|
|t:|1760430274
|-end|p2a: Iron Moth|Quark Drive|[silent]
|switch|p2a: Kingambit|Kingambit, F|100/100
|move|p1a: Slowking|Sludge Bomb|p2a: Kingambit
|-immune|p2a: Kingambit
|
|upkeep
|turn|4
|
|t:|1760430290
|move|p2a: Kingambit|Kowtow Cleave|p1a: Slowking
|-supereffective|p1a: Slowking
|-damage|p1a: Slowking|0 fnt
|faint|p1a: Slowking
|
|upkeep
|
|t:|1760430296
|switch|p1a: Skarmory|Skarmory, F|85/100
|turn|5
|
|t:|1760430313
|move|p2a: Kingambit|Swords Dance|p2a: Kingambit
|-boost|p2a: Kingambit|atk|2
|move|p1a: Skarmory|Spikes|p2a: Kingambit
|-sidestart|p2: Nexouus|Spikes
|
|upkeep
|turn|6
|
|t:|1760430320
|move|p2a: Kingambit|Kowtow Cleave|p1a: Skarmory
|-damage|p1a: Skarmory|30/100
|-damage|p2a: Kingambit|84/100|[from] item: Rocky Helmet|[of] p1a: Skarmory
|move|p1a: Skarmory|Spikes|p2a: Kingambit
|-sidestart|p2: Nexouus|Spikes
|
|upkeep
|turn|7
|
|t:|1760430338
|switch|p1a: Gliscor|Gliscor, F|100/100
|move|p2a: Kingambit|Kowtow Cleave|p1a: Gliscor
|-damage|p1a: Gliscor|18/100
|
|-status|p1a: Gliscor|tox|[from] item: Toxic Orb
|upkeep
|turn|8
|
|t:|1760430348
|move|p1a: Gliscor|Protect|p1a: Gliscor
|-singleturn|p1a: Gliscor|Protect
|move|p2a: Kingambit|Kowtow Cleave|p1a: Gliscor
|-activate|p1a: Gliscor|move: Protect
|
|-heal|p1a: Gliscor|30/100 tox|[from] ability: Poison Heal
|upkeep
|turn|9
|
|t:|1760430357
|move|p1a: Gliscor|U-turn|p2a: Kingambit
|-damage|p2a: Kingambit|71/100
|
|t:|1760430363
|switch|p1a: Dragapult|Dragapult, F|100/100|[from] U-turn
|move|p2a: Kingambit|Kowtow Cleave|p1a: Dragapult
|-supereffective|p1a: Dragapult
|-damage|p1a: Dragapult|0 fnt
|faint|p1a: Dragapult
|
|upkeep
|l|☆tangobaby
|inactive|tangobaby disconnected and has a minute to reconnect!
|player|p1|
|inactive|tangobaby has 30 seconds to reconnect!
|inactive|tangobaby has 20 seconds to reconnect!
|inactive|tangobaby has 15 seconds to reconnect!
|inactive|tangobaby has 10 seconds to reconnect!
|inactive|tangobaby has 5 seconds to reconnect!
|-message|tangobaby lost due to inactivity.
|
|win|Nexouus
|raw|tangobaby's rating: 1160 &rarr; <strong>1135</strong><br />(-25 for losing)
|raw|Nexouus's rating: 1161 &rarr; <strong>1186</strong><br />(+25 for winning)
|l|☆Nexouus
|player|p2|
