|j|☆mj9964
|j|☆Hainana
|t:|1760415387
|gametype|singles
|player|p1|mj9964|266|1309
|player|p2|Hainana|265|1311
|gen|9
|tier|[Gen 9] OU
|rated|
|rule|HP Percentage Mod: HP is shown in percentages
|rule|Endless Battle Clause: Forcing endless battles is banned
|rule|Species Clause: Limit one of each Pokémon
|rule|OHKO Clause: OHKO moves are banned
|rule|Evasion Items Clause: Evasion items are banned
|rule|Evasion Moves Clause: Evasion moves are banned
|rule|Evasion Abilities Clause: Evasion abilities are banned
|rule|Sleep Moves Clause: Sleep-inducing moves are banned
|clearpoke
|poke|p1|Ursaluna, M|
|poke|p1|Ting-Lu|
|poke|p1|Iron Moth|
|poke|p1|Corviknight, M|
|poke|p1|Rotom-Wash|
|poke|p1|Rillaboom, F|
|poke|p2|Indeedee, M|
|poke|p2|Necrozma|
|poke|p2|Hitmonlee, M|
|poke|p2|Polteageist|
|poke|p2|Armarouge, F|
|poke|p2|Iron Treads|
|teampreview
|inactive|Battle timer is ON: inactive players will automatically lose when time's up. (requested by mj9964)
|
|t:|1760415396
|teamsize|p1|6
|teamsize|p2|6
|start
|switch|p1a: Rillaboom|Rillaboom, F|100/100
|switch|p2a: Necrozma|Necrozma|100/100
|-fieldstart|move: Grassy Terrain|[from] ability: Grassy Surge|[of] p1a: Rillaboom
|turn|1
|
|t:|1760415418
|move|p1a: Rillaboom|U-turn|p2a: Necrozma
|-supereffective|p2a: Necrozma
|-damage|p2a: Necrozma|51/100
|inactive|mj9964 has 120 seconds left.
|
|t:|1760415440
|switch|p1a: Ting-Lu|Ting-Lu|100/100|[from] U-turn
|-ability|p1a: Ting-Lu|Vessel of Ruin
|move|p2a: Necrozma|Stealth Rock|p1a: Ting-Lu
|-sidestart|p1: mj9964|move: Stealth Rock
|
|-heal|p2a: Necrozma|57/100|[from] Grassy Terrain
|upkeep
|turn|2
|inactive|mj9964 has 120 seconds left.
|
|t:|1760415445
|move|p2a: Necrozma|Meteor Beam||[still]
|-prepare|p2a: Necrozma|Meteor Beam
|-boost|p2a: Necrozma|spa|1
|-enditem|p2a: Necrozma|Power Herb
|-anim|p2a: Necrozma|Meteor Beam|p1a: Ting-Lu
|-resisted|p1a: Ting-Lu
|-damage|p1a: Ting-Lu|90/100
|move|p1a: Ting-Lu|Earthquake|p2a: Necrozma
|-damage|p2a: Necrozma|37/100
|
|-heal|p2a: Necrozma|43/100|[from] Grassy Terrain
|-heal|p1a: Ting-Lu|96/100|[from] Grassy Terrain
|upkeep
|turn|3
|inactive|mj9964 has 120 seconds left.
|
|t:|1760415461
|move|p2a: Necrozma|Heat Wave|p1a: Ting-Lu
|-damage|p1a: Ting-Lu|79/100
|move|p1a: Ting-Lu|Payback|p2a: Necrozma
|-supereffective|p2a: Necrozma
|-damage|p2a: Necrozma|0 fnt
|faint|p2a: Necrozma
|
|-heal|p1a: Ting-Lu|85/100|[from] Grassy Terrain
|upkeep
|
|t:|1760415470
|switch|p2a: Indeedee|Indeedee, M|100/100
|-fieldstart|move: Psychic Terrain|[from] ability: Psychic Surge|[of] p2a: Indeedee
|turn|4
|inactive|mj9964 has 120 seconds left.
|
|t:|1760415490
|move|p2a: Indeedee|Dazzling Gleam|p1a: Ting-Lu
|-supereffective|p1a: Ting-Lu
|-damage|p1a: Ting-Lu|71/100
|move|p1a: Ting-Lu|Payback|p2a: Indeedee
|-supereffective|p2a: Indeedee
|-damage|p2a: Indeedee|0 fnt
|faint|p2a: Indeedee
|
|upkeep
|
|t:|1760415499
|switch|p2a: Polteageist|Polteageist|100/100
|turn|5
|inactive|mj9964 has 120 seconds left.
|
|t:|1760415507
|move|p2a: Polteageist|Shell Smash|p2a: Polteageist
|-unboost|p2a: Polteageist|def|1
|-unboost|p2a: Polteageist|spd|1
|-boost|p2a: Polteageist|atk|2
|-boost|p2a: Polteageist|spa|2
|-boost|p2a: Polteageist|spe|2
|move|p1a: Ting-Lu|Payback|p2a: Polteageist
|-supereffective|p2a: Polteageist
|-enditem|p2a: Polteageist|Focus Sash
|-damage|p2a: Polteageist|1/100
|-ability|p2a: Polteageist|Weak Armor|boost
|-unboost|p2a: Polteageist|def|1
|-boost|p2a: Polteageist|spe|2
|
|upkeep
|turn|6
|
|t:|1760415514
|-terastallize|p2a: Polteageist|Fighting
|move|p2a: Polteageist|Tera Blast|p1a: Ting-Lu|[anim] Tera Blast Fighting
|-supereffective|p1a: Ting-Lu
|-damage|p1a: Ting-Lu|12/100
|move|p1a: Ting-Lu|Payback|p2a: Polteageist
|-resisted|p2a: Polteageist
|-damage|p2a: Polteageist|0 fnt
|faint|p2a: Polteageist
|
|upkeep
|
|t:|1760415522
|switch|p2a: Hitmonlee|Hitmonlee, M|100/100
|-enditem|p2a: Hitmonlee|Psychic Seed
|-boost|p2a: Hitmonlee|spd|1|[from] item: Psychic Seed
|turn|7
|
|t:|1760415537
|move|p2a: Hitmonlee|Swords Dance|p2a: Hitmonlee
|-boost|p2a: Hitmonlee|atk|2
|move|p1a: Ting-Lu|Earthquake|p2a: Hitmonlee
|-damage|p2a: Hitmonlee|0 fnt
|faint|p2a: Hitmonlee
|
|upkeep
|-message|Hainana forfeited.
|
|win|mj9964
|raw|mj9964's rating: 1309 &rarr; <strong>1329</strong><br />(+20 for winning)
|raw|Hainana's rating: 1311 &rarr; <strong>1291</strong><br />(-20 for losing)
|l|☆Hainana
|player|p2|
|l|☆mj9964
|player|p1|
