|j|☆AnneSylveon69
|j|☆Fullmelmetal101
|t:|1760320346
|gametype|singles
|player|p1|AnneSylveon69|fantina|1185
|player|p2|Fullmelmetal101|plasmagrunt-gen5bw|1204
|gen|9
|tier|[Gen 9] OU
|rated|
|rule|HP Percentage Mod: HP is shown in percentages
|rule|Endless Battle Clause: Forcing endless battles is banned
|rule|Species Clause: Limit one of each Pokémon
|rule|OHKO Clause: OHKO moves are banned
|rule|Evasion Items Clause: Evasion items are banned
|rule|Evasion Moves Clause: Evasion moves are banned
|rule|Evasion Abilities Clause: Evasion abilities are banned
|rule|Sleep Moves Clause: Sleep-inducing moves are banned
|clearpoke
|poke|p1|Raging Bolt|
|poke|p1|Gholdengo|
|poke|p1|Great Tusk|
|poke|p1|Alomomola, F|
|poke|p1|Dragonite, F|
|poke|p1|Garganacl, F|
|poke|p2|Garganacl, M|
|poke|p2|Volcanion|
|poke|p2|Alomomola, F|
|poke|p2|Glimmora, M|
|poke|p2|Ursaluna, M|
|poke|p2|Polteageist-Antique|
|teampreview
|inactive|Battle timer is ON: inactive players will automatically lose when time's up. (requested by AnneSylveon69)
|inactive|Fullmelmetal101 has 120 seconds left.
|
|t:|1760320437
|teamsize|p1|6
|teamsize|p2|6
|start
|switch|p1a: Garganacl|Garganacl, F|100/100
|switch|p2a: Volcanion|Volcanion|100/100
|turn|1
|
|t:|1760320447
|move|p1a: Garganacl|Protect|p1a: Garganacl
|-singleturn|p1a: Garganacl|Protect
|move|p2a: Volcanion|Steam Eruption|p1a: Garganacl
|-activate|p1a: Garganacl|move: Protect
|
|upkeep
|turn|2
|
|t:|1760320461
|switch|p1a: Raging Bolt|Raging Bolt|100/100
|move|p2a: Volcanion|Steam Eruption|p1a: Raging Bolt
|-resisted|p1a: Raging Bolt
|-damage|p1a: Raging Bolt|73/100
|
|upkeep
|turn|3
|
|t:|1760320475
|switch|p2a: Ursaluna|Ursaluna, M, shiny|100/100
|move|p1a: Raging Bolt|Draco Meteor|p2a: Ursaluna
|-damage|p2a: Ursaluna|0 fnt
|-unboost|p1a: Raging Bolt|spa|2
|faint|p2a: Ursaluna
|
|upkeep
|
|t:|1760320488
|switch|p2a: Garganacl|Garganacl, M, shiny|100/100
|turn|4
|
|t:|1760320506
|-end|p1a: Raging Bolt|Protosynthesis|[silent]
|switch|p1a: Alomomola|Alomomola, F|100/100
|-terastallize|p2a: Garganacl|Ghost
|move|p2a: Garganacl|Salt Cure|p1a: Alomomola
|-damage|p1a: Alomomola|92/100
|-start|p1a: Alomomola|Salt Cure
|
|-damage|p1a: Alomomola|67/100|[from] Salt Cure
|upkeep
|turn|5
|
|t:|1760320516
|move|p1a: Alomomola|Wish|p1a: Alomomola
|move|p2a: Garganacl|Salt Cure|p1a: Alomomola
|-damage|p1a: Alomomola|57/100
|
|-damage|p1a: Alomomola|32/100|[from] Salt Cure
|upkeep
|turn|6
|inactive|AnneSylveon69 has 120 seconds left.
|
|t:|1760320550
|switch|p1a: Raging Bolt|Raging Bolt|73/100
|move|p2a: Garganacl|Salt Cure|p1a: Raging Bolt
|-damage|p1a: Raging Bolt|59/100
|-start|p1a: Raging Bolt|Salt Cure
|
|-heal|p1a: Raging Bolt|100/100|[from] move: Wish|[wisher] Alomomola
|-damage|p1a: Raging Bolt|88/100|[from] Salt Cure
|upkeep
|turn|7
|
|t:|1760320562
|move|p1a: Raging Bolt|Dragon Pulse|p2a: Garganacl
|-crit|p2a: Garganacl
|-damage|p2a: Garganacl|22/100
|move|p2a: Garganacl|Salt Cure|p1a: Raging Bolt
|-damage|p1a: Raging Bolt|76/100
|
|-heal|p2a: Garganacl|28/100|[from] item: Leftovers
|-damage|p1a: Raging Bolt|63/100|[from] Salt Cure
|upkeep
|turn|8
|
|t:|1760320573
|move|p2a: Garganacl|Protect|p2a: Garganacl
|-singleturn|p2a: Garganacl|Protect
|move|p1a: Raging Bolt|Dragon Pulse|p2a: Garganacl
|-activate|p2a: Garganacl|move: Protect
|
|-heal|p2a: Garganacl|34/100|[from] item: Leftovers
|-damage|p1a: Raging Bolt|51/100|[from] Salt Cure
|upkeep
|turn|9
|
|t:|1760320590
|-end|p1a: Raging Bolt|Protosynthesis|[silent]
|switch|p1a: Alomomola|Alomomola, F|66/100
|switch|p2a: Polteageist|Polteageist-Antique, shiny|100/100
|
|upkeep
|turn|10
|
|t:|1760320597
|move|p2a: Polteageist|Shell Smash|p2a: Polteageist
|-unboost|p2a: Polteageist|def|1
|-unboost|p2a: Polteageist|spd|1
|-boost|p2a: Polteageist|atk|2
|-boost|p2a: Polteageist|spa|2
|-boost|p2a: Polteageist|spe|2
|-enditem|p2a: Polteageist|White Herb
|-clearnegativeboost|p2a: Polteageist|[silent]
|move|p1a: Alomomola|Wish|p1a: Alomomola
|
|upkeep
|turn|11
|
|t:|1760320606
|move|p1a: Alomomola|Protect|p1a: Alomomola
|-singleturn|p1a: Alomomola|Protect
|move|p2a: Polteageist|Shell Smash|p2a: Polteageist
|-unboost|p2a: Polteageist|def|1
|-unboost|p2a: Polteageist|spd|1
|-boost|p2a: Polteageist|atk|2
|-boost|p2a: Polteageist|spa|2
|-boost|p2a: Polteageist|spe|2
|
|-heal|p1a: Alomomola|100/100|[from] move: Wish|[wisher] Alomomola
|upkeep
|turn|12
|
|t:|1760320621
|move|p2a: Polteageist|Shell Smash|p2a: Polteageist
|-unboost|p2a: Polteageist|def|1
|-unboost|p2a: Polteageist|spd|1
|-boost|p2a: Polteageist|atk|2
|-boost|p2a: Polteageist|spa|2
|-boost|p2a: Polteageist|spe|2
|move|p1a: Alomomola|Wish|p1a: Alomomola
|
|upkeep
|turn|13
|
|t:|1760320629
|move|p2a: Polteageist|Stored Power|p1a: Alomomola
|-damage|p1a: Alomomola|0 fnt
|faint|p1a: Alomomola
|
|upkeep
|
|t:|1760320633
|switch|p1a: Raging Bolt|Raging Bolt|51/100
|turn|14
|
|t:|1760320649
|move|p1a: Raging Bolt|Thunderclap|p2a: Polteageist
|-damage|p2a: Polteageist|0 fnt
|faint|p2a: Polteageist
|
|upkeep
|
|t:|1760320660
|switch|p2a: Glimmora|Glimmora, M, shiny|100/100
|turn|15
|
|t:|1760320673
|-end|p1a: Raging Bolt|Protosynthesis|[silent]
|switch|p1a: Garganacl|Garganacl, F|100/100
|move|p2a: Glimmora|Stealth Rock|p1a: Garganacl
|-sidestart|p1: AnneSylveon69|move: Stealth Rock
|
|upkeep
|turn|16
|
|t:|1760320687
|switch|p2a: Alomomola|Alomomola, F, shiny|100/100
|move|p1a: Garganacl|Stealth Rock|p2a: Alomomola
|-sidestart|p2: Fullmelmetal101|move: Stealth Rock
|
|upkeep
|turn|17
|
|t:|1760320700
|move|p1a: Garganacl|Protect|p1a: Garganacl
|-singleturn|p1a: Garganacl|Protect
|move|p2a: Alomomola|Wish|p2a: Alomomola
|
|upkeep
|turn|18
|
|t:|1760320709
|switch|p1a: Great Tusk|Great Tusk|100/100
|move|p2a: Alomomola|Flip Turn|p1a: Great Tusk
|-supereffective|p1a: Great Tusk
|-damage|p1a: Great Tusk|76/100
|
|t:|1760320724
|switch|p2a: Garganacl|Garganacl, M, shiny, tera:Ghost|34/100|[from] Flip Turn
|-damage|p2a: Garganacl|22/100|[from] Stealth Rock
|
|-heal|p2a: Garganacl|88/100|[from] move: Wish|[wisher] Alomomola
|-heal|p2a: Garganacl|94/100|[from] item: Leftovers
|upkeep
|turn|19
|
|t:|1760320734
|move|p2a: Garganacl|Protect|p2a: Garganacl
|-singleturn|p2a: Garganacl|Protect
|move|p1a: Great Tusk|Knock Off|p2a: Garganacl
|-activate|p2a: Garganacl|move: Protect
|
|-heal|p2a: Garganacl|99/100|[from] item: Leftovers
|upkeep
|turn|20
|c|☆Fullmelmetal101|Knew it
|c|☆AnneSylveon69|And what will you do?
|
|t:|1760320758
|move|p1a: Great Tusk|Knock Off|p2a: Garganacl
|-supereffective|p2a: Garganacl
|-damage|p2a: Garganacl|55/100
|-enditem|p2a: Garganacl|Leftovers|[from] move: Knock Off|[of] p1a: Great Tusk
|move|p2a: Garganacl|Salt Cure|p1a: Great Tusk
|-resisted|p1a: Great Tusk
|-damage|p1a: Great Tusk|74/100
|-start|p1a: Great Tusk|Salt Cure
|
|-damage|p1a: Great Tusk|61/100|[from] Salt Cure
|upkeep
|turn|21
|c|☆Fullmelmetal101|Nothing I can do
|inactive|Fullmelmetal101 has 120 seconds left.
|
|t:|1760320775
|-end|p1a: Great Tusk|Protosynthesis|[silent]
|switch|p1a: Raging Bolt|Raging Bolt|51/100
|-damage|p1a: Raging Bolt|39/100|[from] Stealth Rock
|move|p2a: Garganacl|Protect||[still]
|-fail|p2a: Garganacl
|
|upkeep
|turn|22
|inactive|Fullmelmetal101 has 120 seconds left.
|
|t:|1760320797
|move|p1a: Raging Bolt|Dragon Pulse|p2a: Garganacl
|-damage|p2a: Garganacl|3/100
|move|p2a: Garganacl|Recover|p2a: Garganacl
|-heal|p2a: Garganacl|53/100
|
|upkeep
|turn|23
|
|t:|1760320805
|-terastallize|p1a: Raging Bolt|Dragon
|move|p1a: Raging Bolt|Dragon Pulse|p2a: Garganacl
|-damage|p2a: Garganacl|0 fnt
|faint|p2a: Garganacl
|
|upkeep
|c|☆Fullmelmetal101|Yeah, bolt should be Ubers
|-message|Fullmelmetal101 forfeited.
|
|win|AnneSylveon69
|raw|AnneSylveon69's rating: 1185 &rarr; <strong>1211</strong><br />(+26 for winning)
|raw|Fullmelmetal101's rating: 1204 &rarr; <strong>1178</strong><br />(-26 for losing)
|l|☆Fullmelmetal101
|player|p2|
|c|☆AnneSylveon69|yeah
