|badge|p1|bronze|gen9randombattle|100-7
|uhtml|medal-msg|<div class="broadcast-blue">Curious what those medals under the avatar are? PS now has Ladder Seasons! For more information, check out the <a href="https://www.smogon.com/forums/threads/3740067/">thread on Smogon.</a></div>
|j|☆SpongeGar & Patar
|j|☆dr. drake6782
|t:|1760393565
|gametype|singles
|player|p1|SpongeGar & Patar|266|1802
|player|p2|dr. drake6782|hilbert-masters|1795
|gen|9
|tier|[Gen 9] OU
|rated|
|rule|HP Percentage Mod: HP is shown in percentages
|rule|Endless Battle Clause: Forcing endless battles is banned
|rule|Species Clause: Limit one of each Pokémon
|rule|OHKO Clause: OHKO moves are banned
|rule|Evasion Items Clause: Evasion items are banned
|rule|Evasion Moves Clause: Evasion moves are banned
|rule|Evasion Abilities Clause: Evasion abilities are banned
|rule|Sleep Moves Clause: Sleep-inducing moves are banned
|clearpoke
|poke|p1|Kyurem|
|poke|p1|Corviknight, M|
|poke|p1|Ting-Lu|
|poke|p1|Dondozo, F|
|poke|p1|Slowking-Galar, L99, F|
|poke|p1|Cinderace, M|
|poke|p2|Pelipper, M|
|poke|p2|Tornadus-Therian, M|
|poke|p2|Iron Treads|
|poke|p2|Decidueye-Hisui, F|
|poke|p2|Barraskewda, M|
|poke|p2|Raging Bolt|
|teampreview
|inactive|Battle timer is ON: inactive players will automatically lose when time's up. (requested by dr. drake6782)
|inactive|SpongeGar & Patar has 120 seconds left.
|
|t:|1760393614
|teamsize|p1|6
|teamsize|p2|6
|start
|switch|p1a: Kyurem|Kyurem|100/100
|switch|p2a: Barraskewda|Barraskewda, M, shiny|100/100
|-ability|p1a: Kyurem|Pressure
|turn|1
|inactive|SpongeGar & Patar also wants the timer to be on.
|inactive|SpongeGar & Patar has 120 seconds left.
|
|t:|1760393662
|move|p1a: Kyurem|Protect|p1a: Kyurem
|-singleturn|p1a: Kyurem|Protect
|move|p2a: Barraskewda|Close Combat|p1a: Kyurem
|-activate|p1a: Kyurem|move: Protect
|
|upkeep
|turn|2
|inactive|SpongeGar & Patar has 90 seconds left.
|
|t:|1760393710
|-terastallize|p1a: Kyurem|Ground
|move|p2a: Barraskewda|Flip Turn|p1a: Kyurem
|-supereffective|p1a: Kyurem
|-crit|p1a: Kyurem
|-damage|p1a: Kyurem|0 fnt
|faint|p1a: Kyurem
|-damage|p2a: Barraskewda|91/100|[from] item: Life Orb
|c|☆dr. drake6782|LMQ
|c|☆dr. drake6782|LMAO
|
|t:|1760393721
|switch|p2a: Pelipper|Pelipper, M|100/100|[from] Flip Turn
|-weather|RainDance|[from] ability: Drizzle|[of] p2a: Pelipper
|
|-weather|RainDance|[upkeep]
|upkeep
|j| capone n norega
|inactive|SpongeGar & Patar has 60 seconds left.
|
|t:|1760393770
|switch|p1a: Slowking|Slowking-Galar, L99, F|100/100
|turn|3
|
|t:|1760393779
|move|p2a: Pelipper|U-turn|p1a: Slowking
|-damage|p1a: Slowking|90/100
|
|t:|1760393781
|switch|p2a: Iron Treads|Iron Treads|100/100|[from] U-turn
|move|p1a: Slowking|Future Sight|p2a: Iron Treads
|-start|p1a: Slowking|move: Future Sight
|
|-weather|RainDance|[upkeep]
|upkeep
|turn|4
|
|t:|1760393790
|switch|p1a: Ting-Lu|Ting-Lu|100/100
|-ability|p1a: Ting-Lu|Vessel of Ruin
|move|p2a: Iron Treads|Knock Off|p1a: Ting-Lu
|-resisted|p1a: Ting-Lu
|-damage|p1a: Ting-Lu|93/100
|-enditem|p1a: Ting-Lu|Leftovers|[from] move: Knock Off|[of] p2a: Iron Treads
|
|-weather|RainDance|[upkeep]
|upkeep
|turn|5
|
|t:|1760393800
|move|p2a: Iron Treads|Stealth Rock|p1a: Ting-Lu
|-sidestart|p1: SpongeGar & Patar|move: Stealth Rock
|move|p1a: Ting-Lu|Payback|p2a: Iron Treads
|-damage|p2a: Iron Treads|70/100
|
|-weather|RainDance|[upkeep]
|-end|p2a: Iron Treads|move: Future Sight
|-resisted|p2a: Iron Treads
|-damage|p2a: Iron Treads|57/100
|-heal|p2a: Iron Treads|63/100|[from] item: Leftovers
|upkeep
|turn|6
|
|t:|1760393810
|-end|p2a: Iron Treads|Quark Drive|[silent]
|switch|p2a: Decidueye|Decidueye-Hisui, F, shiny|100/100
|switch|p1a: Cinderace|Cinderace, M|100/100
|
|-weather|RainDance|[upkeep]
|upkeep
|turn|7
|
|t:|1760393830
|move|p1a: Cinderace|Will-O-Wisp|p2a: Decidueye
|-status|p2a: Decidueye|brn
|move|p2a: Decidueye|Defog|p1a: Cinderace
|-unboost|p1a: Cinderace|evasion|1
|-sideend|p1: SpongeGar & Patar|Stealth Rock|[from] move: Defog|[of] p2a: Decidueye
|
|-weather|RainDance|[upkeep]
|-damage|p2a: Decidueye|94/100 brn|[from] brn
|upkeep
|turn|8
|inactive|SpongeGar & Patar has 60 seconds left.
|
|t:|1760393839
|move|p1a: Cinderace|Pyro Ball|p2a: Decidueye|[miss]
|-miss|p1a: Cinderace|p2a: Decidueye
|move|p2a: Decidueye|U-turn|p1a: Cinderace
|-resisted|p1a: Cinderace
|-damage|p1a: Cinderace|95/100
|
|t:|1760393845
|switch|p2a: Barraskewda|Barraskewda, M, shiny|91/100|[from] U-turn
|
|-weather|RainDance|[upkeep]
|upkeep
|turn|9
|
|t:|1760393854
|switch|p1a: Dondozo|Dondozo, F|100/100
|move|p2a: Barraskewda|Flip Turn|p1a: Dondozo
|-resisted|p1a: Dondozo
|-damage|p1a: Dondozo|87/100
|-damage|p2a: Barraskewda|81/100|[from] item: Life Orb
|
|t:|1760393867
|switch|p2a: Raging Bolt|Raging Bolt|100/100|[from] Flip Turn
|-enditem|p2a: Raging Bolt|Booster Energy
|-activate|p2a: Raging Bolt|ability: Protosynthesis|[fromitem]
|-start|p2a: Raging Bolt|protosynthesisspa
|
|-weather|none
|-heal|p1a: Dondozo|93/100|[from] item: Leftovers
|upkeep
|turn|10
|
|t:|1760393876
|switch|p1a: Ting-Lu|Ting-Lu|93/100
|-ability|p1a: Ting-Lu|Vessel of Ruin
|move|p2a: Raging Bolt|Dragon Pulse|p1a: Ting-Lu
|-damage|p1a: Ting-Lu|65/100
|
|upkeep
|turn|11
|
|t:|1760393887
|-terastallize|p2a: Raging Bolt|Bug
|move|p2a: Raging Bolt|Dragon Pulse|p1a: Ting-Lu
|-damage|p1a: Ting-Lu|36/100
|move|p1a: Ting-Lu|Payback|p2a: Raging Bolt
|-damage|p2a: Raging Bolt|69/100
|
|upkeep
|turn|12
|inactive|SpongeGar & Patar has 60 seconds left.
|
|t:|1760393937
|switch|p1a: Cinderace|Cinderace, M|95/100
|move|p2a: Raging Bolt|Dragon Pulse|p1a: Cinderace
|-damage|p1a: Cinderace|17/100
|
|upkeep
|turn|13
|inactive|SpongeGar & Patar has 30 seconds left.
|inactive|SpongeGar & Patar has 20 seconds left.
|inactive|SpongeGar & Patar has 15 seconds left.
|inactive|SpongeGar & Patar has 10 seconds left.
|inactive|SpongeGar & Patar has 5 seconds left.
|-message|SpongeGar & Patar lost due to inactivity.
|
|win|dr. drake6782
|raw|SpongeGar &amp; Patar's rating: 1802 &rarr; <strong>1782</strong><br />(-20 for losing)
|raw|dr. drake6782's rating: 1795 &rarr; <strong>1815</strong><br />(+20 for winning)
|l|☆SpongeGar & Patar
|player|p1|
|l|☆dr. drake6782
|player|p2|
