|j|☆Heliolower
|j|☆sgCURRY3
|t:|1760330579
|gametype|singles
|player|p1|Heliolower|1|1237
|player|p2|sgCURRY3|cynthia|1241
|gen|9
|tier|[Gen 9] OU
|rated|
|rule|HP Percentage Mod: HP is shown in percentages
|rule|Endless Battle Clause: Forcing endless battles is banned
|rule|Species Clause: Limit one of each Pokémon
|rule|OHKO Clause: OHKO moves are banned
|rule|Evasion Items Clause: Evasion items are banned
|rule|Evasion Moves Clause: Evasion moves are banned
|rule|Evasion Abilities Clause: Evasion abilities are banned
|rule|Sleep Moves Clause: Sleep-inducing moves are banned
|clearpoke
|poke|p1|Deoxys-Speed|
|poke|p1|Samurott-Hisui, M|
|poke|p1|Pecharunt|
|poke|p1|Great Tusk|
|poke|p1|Darkrai|
|poke|p1|Scizor, F|
|poke|p2|Slowking-Galar, M|
|poke|p2|Kyurem|
|poke|p2|Ting-Lu|
|poke|p2|Dondozo, F|
|poke|p2|Cinderace, F|
|poke|p2|Corviknight, F|
|teampreview
|inactive|Battle timer is ON: inactive players will automatically lose when time's up. (requested by Heliolower)
|
|t:|1760330592
|teamsize|p1|6
|teamsize|p2|6
|start
|switch|p1a: Samurott|Samurott-Hisui, M|100/100
|switch|p2a: Cinderace|Cinderace, F|100/100
|turn|1
|
|t:|1760330598
|move|p2a: Cinderace|Will-O-Wisp|p1a: Samurott
|-status|p1a: Samurott|brn
|move|p1a: Samurott|Razor Shell|p2a: Cinderace
|-supereffective|p2a: Cinderace
|-damage|p2a: Cinderace|30/100
|-unboost|p2a: Cinderace|def|1
|
|-damage|p1a: Samurott|94/100 brn|[from] brn
|upkeep
|turn|2
|
|t:|1760330605
|move|p2a: Cinderace|U-turn|p1a: Samurott
|-supereffective|p1a: Samurott
|-damage|p1a: Samurott|41/100 brn
|
|t:|1760330609
|switch|p2a: Corviknight|Corviknight, F|100/100|[from] U-turn
|-ability|p2a: Corviknight|Pressure
|move|p1a: Samurott|Razor Shell|p2a: Corviknight
|-damage|p2a: Corviknight|84/100
|-damage|p1a: Samurott|24/100 brn|[from] item: Rocky Helmet|[of] p2a: Corviknight
|
|-damage|p1a: Samurott|18/100 brn|[from] brn
|upkeep
|turn|3
|
|t:|1760330615
|move|p1a: Samurott|Ceaseless Edge|p2a: Corviknight|[miss]
|-miss|p1a: Samurott|p2a: Corviknight
|move|p2a: Corviknight|Roost|p2a: Corviknight
|-heal|p2a: Corviknight|100/100
|-singleturn|p2a: Corviknight|move: Roost
|
|-damage|p1a: Samurott|12/100 brn|[from] brn
|upkeep
|turn|4
|
|t:|1760330618
|move|p1a: Samurott|Ceaseless Edge|p2a: Corviknight|[miss]
|-miss|p1a: Samurott|p2a: Corviknight
|move|p2a: Corviknight|Defog|p1a: Samurott
|-unboost|p1a: Samurott|evasion|1
|
|-damage|p1a: Samurott|5/100 brn|[from] brn
|upkeep
|turn|5
|
|t:|1760330621
|move|p1a: Samurott|Ceaseless Edge|p2a: Corviknight
|-damage|p2a: Corviknight|86/100
|-damage|p1a: Samurott|0 fnt|[from] item: Rocky Helmet|[of] p2a: Corviknight
|faint|p1a: Samurott
|move|p2a: Corviknight|Defog|p1: Samurott|[notarget]
|-fail|p2a: Corviknight
|
|upkeep
|
|t:|1760330632
|switch|p1a: Great Tusk|Great Tusk|100/100
|turn|6
|
|t:|1760330640
|move|p1a: Great Tusk|Stealth Rock|p2a: Corviknight
|-sidestart|p2: sgCURRY3|move: Stealth Rock
|move|p2a: Corviknight|Roost|p2a: Corviknight
|-heal|p2a: Corviknight|100/100
|-singleturn|p2a: Corviknight|move: Roost
|
|upkeep
|turn|7
|
|t:|1760330646
|move|p1a: Great Tusk|Ice Spinner|p2a: Corviknight
|-damage|p2a: Corviknight|85/100
|-damage|p1a: Great Tusk|84/100|[from] item: Rocky Helmet|[of] p2a: Corviknight
|move|p2a: Corviknight|Defog|p1a: Great Tusk
|-unboost|p1a: Great Tusk|evasion|1
|-sideend|p2: sgCURRY3|Stealth Rock|[from] move: Defog|[of] p2a: Corviknight
|
|upkeep
|turn|8
|
|t:|1760330656
|move|p1a: Great Tusk|Stealth Rock|p2a: Corviknight
|-sidestart|p2: sgCURRY3|move: Stealth Rock
|move|p2a: Corviknight|Iron Defense|p2a: Corviknight
|-boost|p2a: Corviknight|def|2
|
|upkeep
|turn|9
|
|t:|1760330661
|-end|p1a: Great Tusk|Protosynthesis|[silent]
|switch|p1a: Darkrai|Darkrai|100/100
|move|p2a: Corviknight|Roost|p2a: Corviknight
|-heal|p2a: Corviknight|100/100
|-singleturn|p2a: Corviknight|move: Roost
|
|upkeep
|turn|10
|
|t:|1760330671
|switch|p1a: Pecharunt|Pecharunt|100/100
|-item|p1a: Pecharunt|Air Balloon
|switch|p2a: Ting-Lu|Ting-Lu|100/100
|-damage|p2a: Ting-Lu|94/100|[from] Stealth Rock
|-ability|p2a: Ting-Lu|Vessel of Ruin
|
|-heal|p2a: Ting-Lu|100/100|[from] item: Leftovers
|upkeep
|turn|11
|
|t:|1760330693
|move|p1a: Pecharunt|Malignant Chain|p2a: Ting-Lu
|-resisted|p2a: Ting-Lu
|-damage|p2a: Ting-Lu|94/100
|move|p2a: Ting-Lu|Whirlwind|p1a: Pecharunt
|drag|p1a: Darkrai|Darkrai|100/100
|
|-heal|p2a: Ting-Lu|100/100|[from] item: Leftovers
|upkeep
|turn|12
|
|t:|1760330705
|switch|p1a: Scizor|Scizor, F|100/100
|move|p2a: Ting-Lu|Stealth Rock|p1a: Scizor
|-sidestart|p1: Heliolower|move: Stealth Rock
|
|upkeep
|turn|13
|
|t:|1760330712
|switch|p2a: Corviknight|Corviknight, F|100/100
|-damage|p2a: Corviknight|88/100|[from] Stealth Rock
|-ability|p2a: Corviknight|Pressure
|move|p1a: Scizor|Close Combat|p2a: Corviknight
|-damage|p2a: Corviknight|46/100
|-unboost|p1a: Scizor|def|1
|-unboost|p1a: Scizor|spd|1
|-damage|p1a: Scizor|84/100|[from] item: Rocky Helmet|[of] p2a: Corviknight
|
|upkeep
|turn|14
|
|t:|1760330716
|switch|p1a: Darkrai|Darkrai|100/100
|-damage|p1a: Darkrai|88/100|[from] Stealth Rock
|move|p2a: Corviknight|Roost|p2a: Corviknight
|-heal|p2a: Corviknight|96/100
|-singleturn|p2a: Corviknight|move: Roost
|
|upkeep
|turn|15
|
|t:|1760330722
|switch|p2a: Ting-Lu|Ting-Lu|100/100
|-damage|p2a: Ting-Lu|94/100|[from] Stealth Rock
|-ability|p2a: Ting-Lu|Vessel of Ruin
|move|p1a: Darkrai|Dark Pulse|p2a: Ting-Lu
|-resisted|p2a: Ting-Lu
|-damage|p2a: Ting-Lu|86/100
|
|-heal|p2a: Ting-Lu|92/100|[from] item: Leftovers
|upkeep
|turn|16
|inactive|Heliolower has 120 seconds left.
|
|t:|1760330754
|switch|p1a: Great Tusk|Great Tusk|84/100
|move|p2a: Ting-Lu|Whirlwind|p1a: Great Tusk
|-end|p1a: Great Tusk|Protosynthesis|[silent]
|drag|p1a: Scizor|Scizor, F|84/100
|-damage|p1a: Scizor|72/100|[from] Stealth Rock
|
|-heal|p2a: Ting-Lu|98/100|[from] item: Leftovers
|upkeep
|turn|17
|
|t:|1760330767
|switch|p2a: Corviknight|Corviknight, F|96/100
|-damage|p2a: Corviknight|84/100|[from] Stealth Rock
|-ability|p2a: Corviknight|Pressure
|move|p1a: Scizor|Close Combat|p2a: Corviknight
|-damage|p2a: Corviknight|40/100
|-unboost|p1a: Scizor|def|1
|-unboost|p1a: Scizor|spd|1
|-damage|p1a: Scizor|55/100|[from] item: Rocky Helmet|[of] p2a: Corviknight
|
|upkeep
|turn|18
|inactive|Heliolower has 120 seconds left.
|
|t:|1760330812
|switch|p2a: Dondozo|Dondozo, F|100/100
|-damage|p2a: Dondozo|88/100|[from] Stealth Rock
|move|p1a: Scizor|Close Combat|p2a: Dondozo
|-damage|p2a: Dondozo|56/100
|-unboost|p1a: Scizor|def|1
|-unboost|p1a: Scizor|spd|1
|
|-heal|p2a: Dondozo|62/100|[from] item: Leftovers
|upkeep
|turn|19
|inactive|sgCURRY3 has 120 seconds left.
|
|t:|1760330862
|switch|p1a: Pecharunt|Pecharunt|100/100
|-damage|p1a: Pecharunt|88/100|[from] Stealth Rock
|-item|p1a: Pecharunt|Air Balloon
|move|p2a: Dondozo|Waterfall|p1a: Pecharunt
|-damage|p1a: Pecharunt|72/100
|-enditem|p1a: Pecharunt|Air Balloon
|
|-heal|p2a: Dondozo|68/100|[from] item: Leftovers
|upkeep
|turn|20
|
|t:|1760330871
|switch|p2a: Ting-Lu|Ting-Lu|98/100
|-damage|p2a: Ting-Lu|92/100|[from] Stealth Rock
|-ability|p2a: Ting-Lu|Vessel of Ruin
|move|p1a: Pecharunt|Malignant Chain|p2a: Ting-Lu
|-resisted|p2a: Ting-Lu
|-damage|p2a: Ting-Lu|85/100
|
|-heal|p2a: Ting-Lu|91/100|[from] item: Leftovers
|upkeep
|turn|21
|
|t:|1760330875
|move|p1a: Pecharunt|Parting Shot|p2a: Ting-Lu
|-unboost|p2a: Ting-Lu|atk|1
|-unboost|p2a: Ting-Lu|spa|1
|
|t:|1760330878
|switch|p1a: Great Tusk|Great Tusk|84/100|[from] Parting Shot
|move|p2a: Ting-Lu|Earthquake|p1a: Great Tusk
|-damage|p1a: Great Tusk|67/100
|
|-heal|p2a: Ting-Lu|97/100|[from] item: Leftovers
|upkeep
|turn|22
|
|t:|1760330885
|switch|p2a: Dondozo|Dondozo, F|68/100
|-damage|p2a: Dondozo|56/100|[from] Stealth Rock
|move|p1a: Great Tusk|Rapid Spin|p2a: Dondozo
|-damage|p2a: Dondozo|47/100
|-boost|p1a: Great Tusk|spe|1
|-sideend|p1: Heliolower|Stealth Rock|[from] move: Rapid Spin|[of] p1a: Great Tusk
|
|-heal|p2a: Dondozo|53/100|[from] item: Leftovers
|upkeep
|turn|23
|
|t:|1760330900
|-end|p1a: Great Tusk|Protosynthesis|[silent]
|switch|p1a: Deoxys|Deoxys-Speed|100/100
|-ability|p1a: Deoxys|Pressure
|move|p2a: Dondozo|Rest|p2a: Dondozo
|-status|p2a: Dondozo|slp|[from] move: Rest
|-heal|p2a: Dondozo|100/100 slp|[silent]
|
|upkeep
|turn|24
|
|t:|1760330907
|switch|p2a: Slowking|Slowking-Galar, M, shiny|100/100
|-damage|p2a: Slowking|88/100|[from] Stealth Rock
|move|p1a: Deoxys|Knock Off|p2a: Slowking
|-supereffective|p2a: Slowking
|-damage|p2a: Slowking|36/100
|-enditem|p2a: Slowking|Assault Vest|[from] move: Knock Off|[of] p1a: Deoxys
|
|upkeep
|turn|25
|
|t:|1760330913
|move|p1a: Deoxys|Psycho Boost|p2a: Slowking
|-damage|p2a: Slowking|7/100
|-unboost|p1a: Deoxys|spa|2
|-enditem|p1a: Deoxys|Eject Pack
|
|t:|1760330917
|switch|p1a: Scizor|Scizor, F|55/100
|-prepare|p2a: Slowking|Chilly Reception|[premajor]
|move|p2a: Slowking|Chilly Reception|p2a: Slowking
|-weather|Snowscape
|
|t:|1760330930
|switch|p2a: Cinderace|Cinderace, F|30/100|[from] Chilly Reception
|
|-weather|Snowscape|[upkeep]
|upkeep
|turn|26
|
|t:|1760330933
|move|p1a: Scizor|Bullet Punch|p2a: Cinderace
|-resisted|p2a: Cinderace
|-damage|p2a: Cinderace|0 fnt
|faint|p2a: Cinderace
|
|-weather|Snowscape|[upkeep]
|upkeep
|
|t:|1760330941
|switch|p2a: Corviknight|Corviknight, F|40/100
|-damage|p2a: Corviknight|28/100|[from] Stealth Rock
|-ability|p2a: Corviknight|Pressure
|turn|27
|
|t:|1760330946
|switch|p1a: Deoxys|Deoxys-Speed|100/100
|-ability|p1a: Deoxys|Pressure
|move|p2a: Corviknight|Roost|p2a: Corviknight
|-heal|p2a: Corviknight|78/100
|-singleturn|p2a: Corviknight|move: Roost
|
|-weather|Snowscape|[upkeep]
|upkeep
|turn|28
|
|t:|1760330955
|switch|p2a: Ting-Lu|Ting-Lu|97/100
|-damage|p2a: Ting-Lu|91/100|[from] Stealth Rock
|-ability|p2a: Ting-Lu|Vessel of Ruin
|move|p1a: Deoxys|Knock Off|p2a: Ting-Lu
|-resisted|p2a: Ting-Lu
|-damage|p2a: Ting-Lu|84/100
|-enditem|p2a: Ting-Lu|Leftovers|[from] move: Knock Off|[of] p1a: Deoxys
|
|-weather|Snowscape|[upkeep]
|upkeep
|turn|29
|
|t:|1760330963
|move|p1a: Deoxys|Superpower|p2a: Ting-Lu
|-supereffective|p2a: Ting-Lu
|-damage|p2a: Ting-Lu|47/100
|-unboost|p1a: Deoxys|atk|1
|-unboost|p1a: Deoxys|def|1
|move|p2a: Ting-Lu|Stealth Rock|p1a: Deoxys
|-sidestart|p1: Heliolower|move: Stealth Rock
|
|-weather|none
|upkeep
|turn|30
|
|t:|1760330972
|switch|p1a: Great Tusk|Great Tusk|67/100
|move|p2a: Ting-Lu|Earthquake|p1a: Great Tusk
|-damage|p1a: Great Tusk|41/100
|
|upkeep
|turn|31
|
|t:|1760330981
|switch|p2a: Dondozo|Dondozo, F|100/100 slp
|-damage|p2a: Dondozo|88/100 slp|[from] Stealth Rock
|move|p1a: Great Tusk|Rapid Spin|p2a: Dondozo
|-damage|p2a: Dondozo|81/100 slp
|-boost|p1a: Great Tusk|spe|1
|-sideend|p1: Heliolower|Stealth Rock|[from] move: Rapid Spin|[of] p1a: Great Tusk
|
|-heal|p2a: Dondozo|87/100 slp|[from] item: Leftovers
|upkeep
|turn|32
|
|t:|1760330985
|move|p1a: Great Tusk|Headlong Rush|p2a: Dondozo
|-damage|p2a: Dondozo|60/100 slp
|-unboost|p1a: Great Tusk|def|1
|-unboost|p1a: Great Tusk|spd|1
|cant|p2a: Dondozo|slp
|
|-heal|p2a: Dondozo|67/100 slp|[from] item: Leftovers
|upkeep
|turn|33
|
|t:|1760330994
|move|p1a: Great Tusk|Headlong Rush|p2a: Dondozo
|-damage|p2a: Dondozo|40/100 slp
|-unboost|p1a: Great Tusk|def|1
|-unboost|p1a: Great Tusk|spd|1
|cant|p2a: Dondozo|slp
|move|p2a: Dondozo|Sleep Talk|p2a: Dondozo
|move|p2a: Dondozo|Curse|p2a: Dondozo|[from] move: Sleep Talk
|-unboost|p2a: Dondozo|spe|1
|-boost|p2a: Dondozo|atk|1
|-boost|p2a: Dondozo|def|1
|
|-heal|p2a: Dondozo|47/100 slp|[from] item: Leftovers
|upkeep
|turn|34
|
|t:|1760331002
|-end|p1a: Great Tusk|Protosynthesis|[silent]
|switch|p1a: Deoxys|Deoxys-Speed|100/100
|-ability|p1a: Deoxys|Pressure
|-curestatus|p2a: Dondozo|slp|[msg]
|move|p2a: Dondozo|Rest|p2a: Dondozo
|-status|p2a: Dondozo|slp|[from] move: Rest
|-heal|p2a: Dondozo|100/100 slp|[silent]
|
|upkeep
|turn|35
|
|t:|1760331013
|switch|p2a: Ting-Lu|Ting-Lu|47/100
|-damage|p2a: Ting-Lu|41/100|[from] Stealth Rock
|-ability|p2a: Ting-Lu|Vessel of Ruin
|move|p1a: Deoxys|Psycho Boost|p2a: Ting-Lu
|-immune|p2a: Ting-Lu
|
|upkeep
|turn|36
|
|t:|1760331018
|move|p1a: Deoxys|Superpower|p2a: Ting-Lu
|-supereffective|p2a: Ting-Lu
|-damage|p2a: Ting-Lu|3/100
|-unboost|p1a: Deoxys|atk|1
|-unboost|p1a: Deoxys|def|1
|move|p2a: Ting-Lu|Stealth Rock|p1a: Deoxys
|-sidestart|p1: Heliolower|move: Stealth Rock
|
|upkeep
|turn|37
|
|t:|1760331026
|move|p1a: Deoxys|Knock Off|p2a: Ting-Lu
|-resisted|p2a: Ting-Lu
|-damage|p2a: Ting-Lu|0 fnt
|faint|p2a: Ting-Lu
|
|upkeep
|
|t:|1760331037
|switch|p2a: Slowking|Slowking-Galar, M, shiny|41/100
|-damage|p2a: Slowking|28/100|[from] Stealth Rock
|turn|38
|
|t:|1760331041
|move|p1a: Deoxys|Knock Off|p2a: Slowking
|-supereffective|p2a: Slowking
|-damage|p2a: Slowking|2/100
|-prepare|p2a: Slowking|Chilly Reception|[premajor]
|move|p2a: Slowking|Chilly Reception|p2a: Slowking
|-weather|Snowscape
|
|t:|1760331046
|switch|p2a: Kyurem|Kyurem|100/100|[from] Chilly Reception
|-damage|p2a: Kyurem|75/100|[from] Stealth Rock
|-ability|p2a: Kyurem|Pressure
|
|-weather|Snowscape|[upkeep]
|-heal|p2a: Kyurem|82/100|[from] item: Leftovers
|upkeep
|turn|39
|
|t:|1760331051
|move|p2a: Kyurem|Protect|p2a: Kyurem
|-singleturn|p2a: Kyurem|Protect
|move|p1a: Deoxys|Knock Off|p2a: Kyurem
|-activate|p2a: Kyurem|move: Protect
|
|-weather|Snowscape|[upkeep]
|-heal|p2a: Kyurem|88/100|[from] item: Leftovers
|upkeep
|turn|40
|
|t:|1760331055
|move|p1a: Deoxys|Knock Off|p2a: Kyurem
|-damage|p2a: Kyurem|77/100
|-enditem|p2a: Kyurem|Leftovers|[from] move: Knock Off|[of] p1a: Deoxys
|move|p2a: Kyurem|Substitute|p2a: Kyurem
|-start|p2a: Kyurem|Substitute
|-damage|p2a: Kyurem|52/100
|
|-weather|Snowscape|[upkeep]
|upkeep
|turn|41
|
|t:|1760331061
|move|p1a: Deoxys|Psycho Boost|p2a: Kyurem
|-end|p2a: Kyurem|Substitute
|-unboost|p1a: Deoxys|spa|2
|move|p2a: Kyurem|Freeze-Dry|p1a: Deoxys
|-damage|p1a: Deoxys|42/100
|
|-weather|Snowscape|[upkeep]
|upkeep
|turn|42
|
|t:|1760331068
|move|p2a: Kyurem|Protect|p2a: Kyurem
|-singleturn|p2a: Kyurem|Protect
|move|p1a: Deoxys|Superpower|p2a: Kyurem
|-activate|p2a: Kyurem|move: Protect
|
|-weather|none
|upkeep
|turn|43
|
|t:|1760331080
|move|p1a: Deoxys|Superpower|p2a: Kyurem
|-supereffective|p2a: Kyurem
|-damage|p2a: Kyurem|6/100
|-unboost|p1a: Deoxys|atk|1
|-unboost|p1a: Deoxys|def|1
|move|p2a: Kyurem|Freeze-Dry|p1a: Deoxys
|-damage|p1a: Deoxys|0 fnt
|faint|p1a: Deoxys
|
|upkeep
|
|t:|1760331084
|switch|p1a: Scizor|Scizor, F|55/100
|-damage|p1a: Scizor|43/100|[from] Stealth Rock
|turn|44
|
|t:|1760331087
|move|p2a: Kyurem|Protect|p2a: Kyurem
|-singleturn|p2a: Kyurem|Protect
|move|p1a: Scizor|Bullet Punch|p2a: Kyurem
|-activate|p2a: Kyurem|move: Protect
|
|upkeep
|turn|45
|
|t:|1760331093
|switch|p2a: Corviknight|Corviknight, F|78/100
|-damage|p2a: Corviknight|65/100|[from] Stealth Rock
|-ability|p2a: Corviknight|Pressure
|move|p1a: Scizor|Bullet Punch|p2a: Corviknight
|-resisted|p2a: Corviknight
|-damage|p2a: Corviknight|49/100
|-damage|p1a: Scizor|27/100|[from] item: Rocky Helmet|[of] p2a: Corviknight
|
|upkeep
|turn|46
|
|t:|1760331098
|switch|p1a: Pecharunt|Pecharunt|72/100
|-damage|p1a: Pecharunt|60/100|[from] Stealth Rock
|move|p2a: Corviknight|Defog|p1a: Pecharunt
|-unboost|p1a: Pecharunt|evasion|1
|-sideend|p1: Heliolower|Stealth Rock|[from] move: Defog|[of] p2a: Corviknight
|-sideend|p2: sgCURRY3|Stealth Rock|[from] move: Defog|[of] p2a: Corviknight
|
|upkeep
|turn|47
|
|t:|1760331102
|switch|p2a: Slowking|Slowking-Galar, M, shiny|36/100
|move|p1a: Pecharunt|Shadow Ball|p2a: Slowking
|-supereffective|p2a: Slowking
|-damage|p2a: Slowking|3/100
|
|upkeep
|turn|48
|
|t:|1760331112
|move|p1a: Pecharunt|Shadow Ball|p2a: Slowking
|-supereffective|p2a: Slowking
|-damage|p2a: Slowking|0 fnt
|faint|p2a: Slowking
|
|upkeep
|
|t:|1760331114
|switch|p2a: Kyurem|Kyurem|6/100
|-ability|p2a: Kyurem|Pressure
|turn|49
|
|t:|1760331124
|-terastallize|p2a: Kyurem|Ground
|move|p1a: Pecharunt|Parting Shot|p2a: Kyurem
|-unboost|p2a: Kyurem|atk|1
|-unboost|p2a: Kyurem|spa|1
|
|t:|1760331129
|switch|p1a: Great Tusk|Great Tusk|41/100|[from] Parting Shot
|move|p2a: Kyurem|Earth Power|p1a: Great Tusk
|-damage|p1a: Great Tusk|0 fnt
|faint|p1a: Great Tusk
|-end|p1a: Great Tusk|Protosynthesis|[silent]
|
|upkeep
|
|t:|1760331131
|switch|p1a: Scizor|Scizor, F|27/100
|turn|50
|
|t:|1760331135
|move|p2a: Kyurem|Protect|p2a: Kyurem
|-singleturn|p2a: Kyurem|Protect
|move|p1a: Scizor|Bullet Punch|p2a: Kyurem
|-activate|p2a: Kyurem|move: Protect
|
|upkeep
|turn|51
|
|t:|1760331140
|switch|p2a: Corviknight|Corviknight, F|49/100
|-ability|p2a: Corviknight|Pressure
|move|p1a: Scizor|Bullet Punch|p2a: Corviknight
|-resisted|p2a: Corviknight
|-crit|p2a: Corviknight
|-damage|p2a: Corviknight|25/100
|-damage|p1a: Scizor|10/100|[from] item: Rocky Helmet|[of] p2a: Corviknight
|
|upkeep
|turn|52
|
|t:|1760331143
|switch|p1a: Pecharunt|Pecharunt|60/100
|move|p2a: Corviknight|Roost|p2a: Corviknight
|-heal|p2a: Corviknight|75/100
|-singleturn|p2a: Corviknight|move: Roost
|
|upkeep
|turn|53
|
|t:|1760331148
|switch|p2a: Dondozo|Dondozo, F|100/100 slp
|move|p1a: Pecharunt|Shadow Ball|p2a: Dondozo
|-damage|p2a: Dondozo|75/100 slp
|
|-heal|p2a: Dondozo|81/100 slp|[from] item: Leftovers
|upkeep
|turn|54
|
|t:|1760331153
|move|p1a: Pecharunt|Malignant Chain|p2a: Dondozo
|-damage|p2a: Dondozo|53/100 slp
|cant|p2a: Dondozo|slp
|move|p2a: Dondozo|Sleep Talk|p2a: Dondozo
|move|p2a: Dondozo|Rest||[from] move: Sleep Talk|[still]
|-fail|p2a: Dondozo
|
|-heal|p2a: Dondozo|59/100 slp|[from] item: Leftovers
|upkeep
|turn|55
|
|t:|1760331159
|move|p1a: Pecharunt|Recover|p1a: Pecharunt
|-heal|p1a: Pecharunt|100/100
|cant|p2a: Dondozo|slp
|move|p2a: Dondozo|Sleep Talk|p2a: Dondozo
|move|p2a: Dondozo|Rest||[from] move: Sleep Talk|[still]
|-fail|p2a: Dondozo
|
|-heal|p2a: Dondozo|65/100 slp|[from] item: Leftovers
|upkeep
|turn|56
|
|t:|1760331164
|move|p1a: Pecharunt|Shadow Ball|p2a: Dondozo
|-damage|p2a: Dondozo|40/100 slp
|-unboost|p2a: Dondozo|spd|1
|-curestatus|p2a: Dondozo|slp|[msg]
|move|p2a: Dondozo|Sleep Talk||[still]
|-fail|p2a: Dondozo
|
|-heal|p2a: Dondozo|47/100|[from] item: Leftovers
|upkeep
|turn|57
|
|t:|1760331170
|move|p1a: Pecharunt|Shadow Ball|p2a: Dondozo
|-damage|p2a: Dondozo|8/100
|move|p2a: Dondozo|Rest|p2a: Dondozo
|-status|p2a: Dondozo|slp|[from] move: Rest
|-heal|p2a: Dondozo|100/100 slp|[silent]
|
|upkeep
|turn|58
|
|t:|1760331174
|switch|p2a: Corviknight|Corviknight, F|75/100
|-ability|p2a: Corviknight|Pressure
|move|p1a: Pecharunt|Shadow Ball|p2a: Corviknight
|-damage|p2a: Corviknight|53/100
|
|upkeep
|turn|59
|
|t:|1760331177
|move|p1a: Pecharunt|Shadow Ball|p2a: Corviknight
|-damage|p2a: Corviknight|31/100
|move|p2a: Corviknight|Roost|p2a: Corviknight
|-heal|p2a: Corviknight|81/100
|-singleturn|p2a: Corviknight|move: Roost
|
|upkeep
|turn|60
|
|t:|1760331183
|switch|p2a: Dondozo|Dondozo, F|100/100 slp
|move|p1a: Pecharunt|Shadow Ball|p2a: Dondozo
|-damage|p2a: Dondozo|76/100 slp
|-unboost|p2a: Dondozo|spd|1
|
|-heal|p2a: Dondozo|82/100 slp|[from] item: Leftovers
|upkeep
|turn|61
|
|t:|1760331200
|switch|p2a: Corviknight|Corviknight, F|81/100
|-ability|p2a: Corviknight|Pressure
|move|p1a: Pecharunt|Shadow Ball|p2a: Corviknight
|-damage|p2a: Corviknight|59/100
|
|upkeep
|turn|62
|
|t:|1760331202
|move|p1a: Pecharunt|Shadow Ball|p2a: Corviknight
|-damage|p2a: Corviknight|34/100
|move|p2a: Corviknight|Roost|p2a: Corviknight
|-heal|p2a: Corviknight|84/100
|-singleturn|p2a: Corviknight|move: Roost
|
|upkeep
|turn|63
|
|t:|1760331210
|switch|p2a: Dondozo|Dondozo, F|82/100 slp
|move|p1a: Pecharunt|Parting Shot|p2a: Dondozo
|-unboost|p2a: Dondozo|atk|1
|-unboost|p2a: Dondozo|spa|1
|
|t:|1760331213
|switch|p1a: Darkrai|Darkrai|88/100|[from] Parting Shot
|
|-heal|p2a: Dondozo|88/100 slp|[from] item: Leftovers
|-damage|p2a: Dondozo|76/100 slp|[from] ability: Bad Dreams|[of] p1a: Darkrai
|upkeep
|turn|64
|
|t:|1760331221
|move|p1a: Darkrai|Dark Pulse|p2a: Dondozo
|-damage|p2a: Dondozo|35/100 slp
|cant|p2a: Dondozo|slp
|
|-heal|p2a: Dondozo|41/100 slp|[from] item: Leftovers
|-damage|p2a: Dondozo|29/100 slp|[from] ability: Bad Dreams|[of] p1a: Darkrai
|upkeep
|turn|65
|
|t:|1760331226
|move|p1a: Darkrai|Dark Pulse|p2a: Dondozo
|-damage|p2a: Dondozo|0 fnt
|faint|p2a: Dondozo
|
|upkeep
|
|t:|1760331228
|switch|p2a: Corviknight|Corviknight, F|84/100
|-ability|p2a: Corviknight|Pressure
|turn|66
|
|t:|1760331230
|move|p1a: Darkrai|Dark Pulse|p2a: Corviknight
|-damage|p2a: Corviknight|40/100
|move|p2a: Corviknight|Body Press|p1a: Darkrai
|-supereffective|p1a: Darkrai
|-damage|p1a: Darkrai|21/100
|
|upkeep
|turn|67
|
|t:|1760331237
|move|p1a: Darkrai|Dark Pulse|p2a: Corviknight
|-damage|p2a: Corviknight|0 fnt
|faint|p2a: Corviknight
|
|upkeep
|-message|sgCURRY3 forfeited.
|
|win|Heliolower
|raw|Heliolower's rating: 1237 &rarr; <strong>1262</strong><br />(+25 for winning)
|raw|sgCURRY3's rating: 1241 &rarr; <strong>1216</strong><br />(-25 for losing)
|l|☆sgCURRY3
|player|p2|
|l|☆Heliolower
|player|p1|
