|j|☆no.1 dedenne fan
|j|☆preppy dude
|t:|1760331205
|gametype|singles
|player|p1|no.1 dedenne fan|wallace|1289
|player|p2|preppy dude|266|1263
|gen|9
|tier|[Gen 9] OU
|rated|
|rule|HP Percentage Mod: HP is shown in percentages
|rule|Endless Battle Clause: Forcing endless battles is banned
|rule|Species Clause: Limit one of each Pokémon
|rule|OHKO Clause: OHKO moves are banned
|rule|Evasion Items Clause: Evasion items are banned
|rule|Evasion Moves Clause: Evasion moves are banned
|rule|Evasion Abilities Clause: Evasion abilities are banned
|rule|Sleep Moves Clause: Sleep-inducing moves are banned
|clearpoke
|poke|p1|Skeledirge, M|
|poke|p1|Ogerpon-Wellspring, F|
|poke|p1|Dragapult, M|
|poke|p1|Weezing-Galar, M|
|poke|p1|Ting-Lu|
|poke|p1|Corviknight, F|
|poke|p2|Blastoise, M|
|poke|p2|Cloyster, F|
|poke|p2|Golem, M|
|poke|p2|Magneton|
|poke|p2|Rhydon, F|
|poke|p2|Zapdos|
|teampreview
|inactive|Battle timer is ON: inactive players will automatically lose when time's up. (requested by preppy dude)
|
|t:|1760331223
|teamsize|p1|6
|teamsize|p2|6
|start
|switch|p1a: Ting-Lu|Ting-Lu, shiny|100/100
|switch|p2a: Golem|Golem, M|100/100
|-ability|p1a: Ting-Lu|Vessel of Ruin
|turn|1
|
|t:|1760331251
|move|p2a: Golem|Stealth Rock|p1a: Ting-Lu
|-sidestart|p1: no.1 dedenne fan|move: Stealth Rock
|move|p1a: Ting-Lu|Stealth Rock|p2a: Golem
|-sidestart|p2: preppy dude|move: Stealth Rock
|
|upkeep
|turn|2
|
|t:|1760331260
|move|p2a: Golem|Rock Blast|p1a: Ting-Lu
|-resisted|p1a: Ting-Lu
|-damage|p1a: Ting-Lu|97/100
|-resisted|p1a: Ting-Lu
|-damage|p1a: Ting-Lu|93/100
|-hitcount|p1a: Ting-Lu|2
|move|p1a: Ting-Lu|Earthquake|p2a: Golem
|-supereffective|p2a: Golem
|-damage|p2a: Golem|27/100
|
|-heal|p1a: Ting-Lu|99/100|[from] item: Leftovers
|upkeep
|turn|3
|
|t:|1760331271
|move|p2a: Golem|Explosion|p1a: Ting-Lu
|-damage|p1a: Ting-Lu|49/100
|faint|p2a: Golem
|move|p1a: Ting-Lu|Earthquake|p2: Golem|[notarget]
|-fail|p1a: Ting-Lu
|
|-heal|p1a: Ting-Lu|55/100|[from] item: Leftovers
|upkeep
|
|t:|1760331280
|switch|p2a: Cloyster|Cloyster, F|100/100
|-damage|p2a: Cloyster|76/100|[from] Stealth Rock
|turn|4
|
|t:|1760331298
|switch|p1a: Corviknight|Corviknight, F|100/100
|-damage|p1a: Corviknight|88/100|[from] Stealth Rock
|-ability|p1a: Corviknight|Pressure
|move|p2a: Cloyster|Icicle Spear|p1a: Corviknight
|-damage|p1a: Corviknight|80/100
|-damage|p1a: Corviknight|74/100
|-damage|p1a: Corviknight|67/100
|-damage|p1a: Corviknight|60/100
|-damage|p1a: Corviknight|53/100
|-hitcount|p1a: Corviknight|5
|
|upkeep
|turn|5
|
|t:|1760331312
|switch|p2a: Magneton|Magneton|100/100
|-damage|p2a: Magneton|94/100|[from] Stealth Rock
|move|p1a: Corviknight|Iron Defense|p1a: Corviknight
|-boost|p1a: Corviknight|def|2
|
|upkeep
|turn|6
|
|t:|1760331322
|-terastallize|p1a: Corviknight|Grass
|move|p2a: Magneton|Discharge|p1a: Corviknight
|-resisted|p1a: Corviknight
|-damage|p1a: Corviknight|34/100
|-status|p1a: Corviknight|par
|move|p1a: Corviknight|Roost|p1a: Corviknight
|-heal|p1a: Corviknight|84/100 par
|
|upkeep
|turn|7
|
|t:|1760331335
|switch|p2a: Zapdos|Zapdos|100/100
|-damage|p2a: Zapdos|75/100|[from] Stealth Rock
|move|p1a: Corviknight|Body Press|p2a: Zapdos
|-resisted|p2a: Zapdos
|-damage|p2a: Zapdos|55/100
|
|-heal|p2a: Zapdos|61/100|[from] item: Leftovers
|upkeep
|turn|8
|
|t:|1760331347
|move|p2a: Zapdos|Air Cutter|p1a: Corviknight
|-supereffective|p1a: Corviknight
|-damage|p1a: Corviknight|36/100 par
|move|p1a: Corviknight|U-turn|p2a: Zapdos
|-resisted|p2a: Zapdos
|-damage|p2a: Zapdos|56/100
|
|t:|1760331358
|switch|p1a: Dragapult|Dragapult, M|100/100|[from] U-turn
|-damage|p1a: Dragapult|88/100|[from] Stealth Rock
|
|-heal|p2a: Zapdos|62/100|[from] item: Leftovers
|upkeep
|turn|9
|
|t:|1760331366
|move|p2a: Zapdos|Protect|p2a: Zapdos
|-singleturn|p2a: Zapdos|Protect
|move|p1a: Dragapult|Shadow Ball|p2a: Zapdos
|-activate|p2a: Zapdos|move: Protect
|
|-heal|p2a: Zapdos|68/100|[from] item: Leftovers
|upkeep
|turn|10
|
|t:|1760331378
|move|p1a: Dragapult|Shadow Ball|p2a: Zapdos
|-damage|p2a: Zapdos|25/100
|move|p2a: Zapdos|Roost|p2a: Zapdos
|-heal|p2a: Zapdos|75/100
|-singleturn|p2a: Zapdos|move: Roost
|
|-heal|p2a: Zapdos|81/100|[from] item: Leftovers
|upkeep
|turn|11
|
|t:|1760331387
|move|p2a: Zapdos|Protect|p2a: Zapdos
|-singleturn|p2a: Zapdos|Protect
|move|p1a: Dragapult|Shadow Ball|p2a: Zapdos
|-activate|p2a: Zapdos|move: Protect
|
|-heal|p2a: Zapdos|87/100|[from] item: Leftovers
|upkeep
|turn|12
|
|t:|1760331396
|move|p1a: Dragapult|Shadow Ball|p2a: Zapdos
|-damage|p2a: Zapdos|42/100
|-unboost|p2a: Zapdos|spd|1
|move|p2a: Zapdos|Roost|p2a: Zapdos
|-heal|p2a: Zapdos|92/100
|-singleturn|p2a: Zapdos|move: Roost
|
|-heal|p2a: Zapdos|99/100|[from] item: Leftovers
|upkeep
|turn|13
|
|t:|1760331407
|move|p2a: Zapdos|Protect|p2a: Zapdos
|-singleturn|p2a: Zapdos|Protect
|move|p1a: Dragapult|Shadow Ball|p2a: Zapdos
|-activate|p2a: Zapdos|move: Protect
|
|-heal|p2a: Zapdos|100/100|[from] item: Leftovers
|upkeep
|turn|14
|
|t:|1760331416
|switch|p2a: Cloyster|Cloyster, F|76/100
|-damage|p2a: Cloyster|51/100|[from] Stealth Rock
|move|p1a: Dragapult|Shadow Ball|p2a: Cloyster
|-damage|p2a: Cloyster|0 fnt
|faint|p2a: Cloyster
|
|upkeep
|
|t:|1760331426
|switch|p2a: Blastoise|Blastoise, M|100/100
|-damage|p2a: Blastoise|88/100|[from] Stealth Rock
|turn|15
|
|t:|1760331434
|switch|p1a: Skeledirge|Skeledirge, M|100/100
|move|p2a: Blastoise|Shell Smash|p2a: Blastoise
|-unboost|p2a: Blastoise|def|1
|-unboost|p2a: Blastoise|spd|1
|-boost|p2a: Blastoise|atk|2
|-boost|p2a: Blastoise|spa|2
|-boost|p2a: Blastoise|spe|2
|-enditem|p2a: Blastoise|White Herb
|-clearnegativeboost|p2a: Blastoise|[silent]
|
|upkeep
|turn|16
|
|t:|1760331446
|move|p2a: Blastoise|Surf|p1a: Skeledirge
|-supereffective|p1a: Skeledirge
|-damage|p1a: Skeledirge|44/100
|move|p1a: Skeledirge|Earth Power|p2a: Blastoise
|-damage|p2a: Blastoise|64/100
|
|upkeep
|turn|17
|
|t:|1760331455
|switch|p1a: Ogerpon|Ogerpon-Wellspring, F|100/100
|-damage|p1a: Ogerpon|88/100|[from] Stealth Rock
|move|p2a: Blastoise|Surf|p1a: Ogerpon
|-heal|p1a: Ogerpon|100/100|[from] ability: Water Absorb|[of] p2a: Blastoise
|
|upkeep
|turn|18
|
|t:|1760331472
|move|p2a: Blastoise|Ice Beam|p1a: Ogerpon
|-damage|p1a: Ogerpon|47/100
|move|p1a: Ogerpon|Ivy Cudgel|p2a: Blastoise|[anim] Ivy Cudgel Water
|-resisted|p2a: Blastoise
|-damage|p2a: Blastoise|36/100
|
|upkeep
|turn|19
|
|t:|1760331494
|switch|p1a: Corviknight|Corviknight, F, tera:Grass|36/100 par
|-damage|p1a: Corviknight|23/100 par|[from] Stealth Rock
|-ability|p1a: Corviknight|Pressure
|move|p2a: Blastoise|Ice Beam|p1a: Corviknight
|-supereffective|p1a: Corviknight
|-damage|p1a: Corviknight|0 fnt
|faint|p1a: Corviknight
|
|upkeep
|
|t:|1760331497
|switch|p1a: Ting-Lu|Ting-Lu, shiny|55/100
|-damage|p1a: Ting-Lu|49/100|[from] Stealth Rock
|-ability|p1a: Ting-Lu|Vessel of Ruin
|turn|20
|
|t:|1760331511
|move|p2a: Blastoise|Surf|p1a: Ting-Lu
|-supereffective|p1a: Ting-Lu
|-damage|p1a: Ting-Lu|0 fnt
|faint|p1a: Ting-Lu
|
|upkeep
|
|t:|1760331523
|switch|p1a: Weezing|Weezing-Galar, M|100/100
|-ability|p1a: Weezing|Neutralizing Gas
|turn|21
|
|t:|1760331530
|-end|p1a: Weezing|ability: Neutralizing Gas
|switch|p1a: Ogerpon|Ogerpon-Wellspring, F|47/100
|-damage|p1a: Ogerpon|35/100|[from] Stealth Rock
|-terastallize|p2a: Blastoise|Water
|move|p2a: Blastoise|Surf|p1a: Ogerpon
|-heal|p1a: Ogerpon|60/100|[from] ability: Water Absorb|[of] p2a: Blastoise
|
|upkeep
|turn|22
|
|t:|1760331544
|move|p2a: Blastoise|Ice Beam|p1a: Ogerpon
|-damage|p1a: Ogerpon|11/100
|move|p1a: Ogerpon|Ivy Cudgel|p2a: Blastoise|[anim] Ivy Cudgel Water
|-resisted|p2a: Blastoise
|-damage|p2a: Blastoise|4/100
|
|upkeep
|turn|23
|
|t:|1760331554
|switch|p1a: Skeledirge|Skeledirge, M|44/100
|move|p2a: Blastoise|Ice Beam|p1a: Skeledirge
|-resisted|p1a: Skeledirge
|-crit|p1a: Skeledirge
|-damage|p1a: Skeledirge|29/100
|
|upkeep
|turn|24
|
|t:|1760331563
|move|p2a: Blastoise|Surf|p1a: Skeledirge
|-supereffective|p1a: Skeledirge
|-damage|p1a: Skeledirge|0 fnt
|faint|p1a: Skeledirge
|
|upkeep
|
|t:|1760331566
|switch|p1a: Weezing|Weezing-Galar, M|100/100
|-ability|p1a: Weezing|Neutralizing Gas
|turn|25
|-message|no.1 dedenne fan forfeited.
|
|win|preppy dude
|raw|no.1 dedenne fan's rating: 1289 &rarr; <strong>1262</strong><br />(-27 for losing)
|raw|preppy dude's rating: 1263 &rarr; <strong>1290</strong><br />(+27 for winning)
|l|☆no.1 dedenne fan
|player|p1|
|l|☆preppy dude
|player|p2|
