|j|☆diglett101
|j|☆dominoThief
|t:|1760342479
|gametype|singles
|player|p1|diglett101|1|1171
|player|p2|dominoThief|caitlin|1148
|gen|9
|tier|[Gen 9] OU
|rated|
|rule|HP Percentage Mod: HP is shown in percentages
|rule|Endless Battle Clause: Forcing endless battles is banned
|rule|Species Clause: Limit one of each Pokémon
|rule|OHKO Clause: OHKO moves are banned
|rule|Evasion Items Clause: Evasion items are banned
|rule|Evasion Moves Clause: Evasion moves are banned
|rule|Evasion Abilities Clause: Evasion abilities are banned
|rule|Sleep Moves Clause: Sleep-inducing moves are banned
|clearpoke
|poke|p1|Lycanroc-Dusk, F|
|poke|p1|Heracross, F|
|poke|p1|Torterra, F|
|poke|p1|Armarouge, M|
|poke|p1|Noivern, M|
|poke|p1|Glaceon, F|
|poke|p2|Alomomola, F|
|poke|p2|Pecharunt|
|poke|p2|Gliscor, F|
|poke|p2|Skarmory, F|
|poke|p2|Clefable, F|
|poke|p2|Zamazenta-*|
|teampreview
|inactive|Battle timer is ON: inactive players will automatically lose when time's up. (requested by diglett101)
|
|t:|1760342488
|teamsize|p1|6
|teamsize|p2|6
|start
|switch|p1a: Heracross|Heracross, F|100/100
|switch|p2a: Clefable|Clefable, F|100/100
|turn|1
|
|t:|1760342500
|switch|p1a: Armarouge|Armarouge, M|100/100
|move|p2a: Clefable|Stealth Rock|p1a: Armarouge
|-sidestart|p1: diglett101|move: Stealth Rock
|
|upkeep
|turn|2
|
|t:|1760342524
|switch|p2a: Gliscor|Gliscor, F|100/100
|move|p1a: Armarouge|Meteor Beam||[still]
|-prepare|p1a: Armarouge|Meteor Beam
|-boost|p1a: Armarouge|spa|1
|-enditem|p1a: Armarouge|Power Herb
|-anim|p1a: Armarouge|Meteor Beam|p2a: Gliscor
|-damage|p2a: Gliscor|17/100
|
|-status|p2a: Gliscor|tox|[from] item: Toxic Orb
|upkeep
|turn|3
|
|t:|1760342537
|move|p2a: Gliscor|Knock Off|p1a: Armarouge
|-supereffective|p1a: Armarouge
|-damage|p1a: Armarouge|76/100
|move|p1a: Armarouge|Psychic|p2a: Gliscor
|-damage|p2a: Gliscor|0 fnt
|faint|p2a: Gliscor
|
|upkeep
|inactive|dominoThief has 120 seconds left.
|
|t:|1760342554
|switch|p2a: Pecharunt|Pecharunt|100/100
|turn|4
|
|t:|1760342562
|-terastallize|p2a: Pecharunt|Ghost
|-terastallize|p1a: Armarouge|Grass
|move|p2a: Pecharunt|Malignant Chain|p1a: Armarouge
|-supereffective|p1a: Armarouge
|-damage|p1a: Armarouge|10/100
|move|p1a: Armarouge|Psychic|p2a: Pecharunt
|-damage|p2a: Pecharunt|20/100
|
|upkeep
|turn|5
|inactive|dominoThief has 120 seconds left.
|
|t:|1760342578
|move|p2a: Pecharunt|Malignant Chain|p1a: Armarouge
|-supereffective|p1a: Armarouge
|-damage|p1a: Armarouge|0 fnt
|faint|p1a: Armarouge
|
|upkeep
|
|t:|1760342584
|switch|p1a: Lycanroc|Lycanroc-Dusk, F|100/100
|-damage|p1a: Lycanroc|88/100|[from] Stealth Rock
|turn|6
|
|t:|1760342599
|switch|p2a: Alomomola|Alomomola, F|100/100
|move|p1a: Lycanroc|Accelerock|p2a: Alomomola
|-damage|p2a: Alomomola|83/100
|-damage|p1a: Lycanroc|78/100|[from] item: Life Orb
|
|upkeep
|turn|7
|
|t:|1760342608
|switch|p1a: Glaceon|Glaceon, F|100/100
|move|p2a: Alomomola|Scald|p1a: Glaceon
|-damage|p1a: Glaceon|84/100
|
|upkeep
|turn|8
|
|t:|1760342616
|move|p2a: Alomomola|Protect|p2a: Alomomola
|-singleturn|p2a: Alomomola|Protect
|move|p1a: Glaceon|Freeze-Dry|p2a: Alomomola
|-activate|p2a: Alomomola|move: Protect
|
|upkeep
|turn|9
|
|t:|1760342628
|switch|p2a: Zamazenta|Zamazenta|100/100
|-ability|p2a: Zamazenta|Dauntless Shield|boost
|-boost|p2a: Zamazenta|def|1
|move|p1a: Glaceon|Freeze-Dry|p2a: Zamazenta
|-damage|p2a: Zamazenta|66/100
|
|-heal|p2a: Zamazenta|72/100|[from] item: Leftovers
|upkeep
|turn|10
|
|t:|1760342640
|move|p2a: Zamazenta|Body Press|p1a: Glaceon
|-supereffective|p1a: Glaceon
|-damage|p1a: Glaceon|0 fnt
|faint|p1a: Glaceon
|
|-heal|p2a: Zamazenta|78/100|[from] item: Leftovers
|upkeep
|
|t:|1760342661
|switch|p1a: Noivern|Noivern, M|100/100
|-damage|p1a: Noivern|76/100|[from] Stealth Rock
|turn|11
|
|t:|1760342668
|move|p1a: Noivern|Air Slash|p2a: Zamazenta
|-supereffective|p2a: Zamazenta
|-damage|p2a: Zamazenta|22/100
|move|p2a: Zamazenta|Roar|p1a: Noivern
|drag|p1a: Lycanroc|Lycanroc-Dusk, F|78/100
|-damage|p1a: Lycanroc|66/100|[from] Stealth Rock
|
|-heal|p2a: Zamazenta|28/100|[from] item: Leftovers
|upkeep
|turn|12
|
|t:|1760342694
|move|p2a: Zamazenta|Body Press|p1a: Lycanroc
|-supereffective|p1a: Lycanroc
|-damage|p1a: Lycanroc|0 fnt
|faint|p1a: Lycanroc
|
|-heal|p2a: Zamazenta|34/100|[from] item: Leftovers
|upkeep
|-message|diglett101 forfeited.
|
|win|dominoThief
|raw|diglett101's rating: 1171 &rarr; <strong>1144</strong><br />(-27 for losing)
|raw|dominoThief's rating: 1148 &rarr; <strong>1175</strong><br />(+27 for winning)
|l|☆diglett101
|player|p1|
|l|☆dominoThief
|player|p2|
