|j|☆Abenades2
|j|☆YappingYappuccino
|t:|1760350354
|gametype|singles
|player|p1|Abenades2|lucian|1172
|player|p2|YappingYappuccino|steven|1110
|gen|9
|tier|[Gen 9] OU
|rated|
|rule|HP Percentage Mod: HP is shown in percentages
|rule|Endless Battle Clause: Forcing endless battles is banned
|rule|Species Clause: Limit one of each Pokémon
|rule|OHKO Clause: OHKO moves are banned
|rule|Evasion Items Clause: Evasion items are banned
|rule|Evasion Moves Clause: Evasion moves are banned
|rule|Evasion Abilities Clause: Evasion abilities are banned
|rule|Sleep Moves Clause: Sleep-inducing moves are banned
|clearpoke
|poke|p1|Gliscor, M|
|poke|p1|Gholdengo|
|poke|p1|Slowking-Galar, M|
|poke|p1|Clefable, F|
|poke|p1|Slither Wing|
|poke|p1|Ting-Lu|
|poke|p2|Glimmora, F|
|poke|p2|Ninetales-Alola, F|
|poke|p2|Meowscarada, M|
|poke|p2|Salamence, M|
|poke|p2|Iron Valiant|
|poke|p2|Rotom-Heat|
|teampreview
|
|t:|1760350367
|teamsize|p1|6
|teamsize|p2|6
|start
|switch|p1a: Gliscor|Gliscor, M|100/100
|switch|p2a: Ninetales|Ninetales-Alola, F|100/100
|-weather|Snowscape|[from] ability: Snow Warning|[of] p2a: Ninetales
|turn|1
|
|t:|1760350393
|switch|p1a: Slowking|Slowking-Galar, M, shiny|100/100
|move|p2a: Ninetales|Aurora Veil|p2a: Ninetales
|-sidestart|p2: YappingYappuccino|move: Aurora Veil
|
|-weather|Snowscape|[upkeep]
|upkeep
|turn|2
|
|t:|1760350414
|switch|p2a: Iron Valiant|Iron Valiant|100/100
|-enditem|p2a: Iron Valiant|Booster Energy
|-activate|p2a: Iron Valiant|ability: Quark Drive|[fromitem]
|-start|p2a: Iron Valiant|quarkdriveatk
|move|p1a: Slowking|Flamethrower|p2a: Iron Valiant
|-damage|p2a: Iron Valiant|80/100
|
|-weather|Snowscape|[upkeep]
|upkeep
|turn|3
|
|t:|1760350424
|move|p2a: Iron Valiant|Knock Off|p1a: Slowking
|-supereffective|p1a: Slowking
|-damage|p1a: Slowking|5/100
|-enditem|p1a: Slowking|Heavy-Duty Boots|[from] move: Knock Off|[of] p2a: Iron Valiant
|move|p1a: Slowking|Future Sight|p2a: Iron Valiant
|-start|p1a: Slowking|move: Future Sight
|
|-weather|Snowscape|[upkeep]
|upkeep
|turn|4
|
|t:|1760350439
|switch|p1a: Gliscor|Gliscor, M|100/100
|move|p2a: Iron Valiant|Knock Off|p1a: Gliscor
|-damage|p1a: Gliscor|71/100
|-enditem|p1a: Gliscor|Toxic Orb|[from] move: Knock Off|[of] p2a: Iron Valiant
|
|-weather|Snowscape|[upkeep]
|upkeep
|turn|5
|
|t:|1760350457
|-end|p2a: Iron Valiant|Quark Drive|[silent]
|switch|p2a: Glimmora|Glimmora, F, shiny|100/100
|move|p1a: Gliscor|Spikes|p2a: Glimmora
|-sidestart|p2: YappingYappuccino|Spikes
|
|-weather|none
|-end|p2a: Glimmora|move: Future Sight
|-supereffective|p2a: Glimmora
|-damage|p2a: Glimmora|51/100
|upkeep
|turn|6
|
|t:|1760350467
|move|p2a: Glimmora|Spikes|p1a: Gliscor
|-sidestart|p1: Abenades2|Spikes
|move|p1a: Gliscor|Knock Off|p2a: Glimmora
|-damage|p2a: Glimmora|39/100
|-activate|p2a: Glimmora|ability: Toxic Debris
|-sidestart|p1: Abenades2|move: Toxic Spikes
|-enditem|p2a: Glimmora|Focus Sash|[from] move: Knock Off|[of] p1a: Gliscor
|
|upkeep
|turn|7
|
|t:|1760350476
|move|p2a: Glimmora|Spikes|p1a: Gliscor
|-sidestart|p1: Abenades2|Spikes
|move|p1a: Gliscor|Spikes|p2a: Glimmora
|-sidestart|p2: YappingYappuccino|Spikes
|
|upkeep
|turn|8
|
|t:|1760350481
|move|p2a: Glimmora|Spikes|p1a: Gliscor
|-sidestart|p1: Abenades2|Spikes
|move|p1a: Gliscor|Spikes|p2a: Glimmora
|-sidestart|p2: YappingYappuccino|Spikes
|
|-sideend|p2: YappingYappuccino|move: Aurora Veil
|upkeep
|turn|9
|
|t:|1760350493
|move|p2a: Glimmora|Mortal Spin|p1a: Gliscor
|-resisted|p1a: Gliscor
|-damage|p1a: Gliscor|69/100
|-status|p1a: Gliscor|psn
|-sideend|p2: YappingYappuccino|Spikes|[from] move: Mortal Spin|[of] p2a: Glimmora
|move|p1a: Gliscor|Earthquake|p2a: Glimmora
|-supereffective|p2a: Glimmora
|-damage|p2a: Glimmora|0 fnt
|-activate|p2a: Glimmora|ability: Toxic Debris
|-sidestart|p1: Abenades2|move: Toxic Spikes
|faint|p2a: Glimmora
|
|-heal|p1a: Gliscor|82/100 psn|[from] ability: Poison Heal
|upkeep
|
|t:|1760350500
|switch|p2a: Ninetales|Ninetales-Alola, F|100/100
|-weather|Snowscape|[from] ability: Snow Warning|[of] p2a: Ninetales
|turn|10
|
|t:|1760350516
|-terastallize|p1a: Gliscor|Water
|move|p2a: Ninetales|Blizzard|p1a: Gliscor
|-resisted|p1a: Gliscor
|-damage|p1a: Gliscor|56/100 psn
|move|p1a: Gliscor|Knock Off|p2a: Ninetales
|-resisted|p2a: Ninetales
|-damage|p2a: Ninetales|89/100
|-enditem|p2a: Ninetales|Light Clay|[from] move: Knock Off|[of] p1a: Gliscor
|
|-weather|Snowscape|[upkeep]
|-heal|p1a: Gliscor|69/100 psn|[from] ability: Poison Heal
|upkeep
|turn|11
|
|t:|1760350529
|move|p2a: Ninetales|Aurora Veil|p2a: Ninetales
|-sidestart|p2: YappingYappuccino|move: Aurora Veil
|move|p1a: Gliscor|Spikes|p2a: Ninetales
|-sidestart|p2: YappingYappuccino|Spikes
|
|-weather|Snowscape|[upkeep]
|-heal|p1a: Gliscor|81/100 psn|[from] ability: Poison Heal
|upkeep
|turn|12
|
|t:|1760350537
|move|p2a: Ninetales|Draining Kiss|p1a: Gliscor
|-damage|p1a: Gliscor|57/100 psn
|-heal|p2a: Ninetales|100/100|[from] drain|[of] p1a: Gliscor
|move|p1a: Gliscor|Spikes|p2a: Ninetales
|-sidestart|p2: YappingYappuccino|Spikes
|
|-weather|Snowscape|[upkeep]
|-heal|p1a: Gliscor|69/100 psn|[from] ability: Poison Heal
|upkeep
|turn|13
|
|t:|1760350547
|switch|p2a: Rotom|Rotom-Heat|100/100
|move|p1a: Gliscor|Protect||[still]
|-fail|p1a: Gliscor
|
|-weather|Snowscape|[upkeep]
|-heal|p1a: Gliscor|82/100 psn|[from] ability: Poison Heal
|upkeep
|turn|14
|
|t:|1760350555
|switch|p1a: Ting-Lu|Ting-Lu|100/100
|-damage|p1a: Ting-Lu|76/100|[from] Spikes
|-status|p1a: Ting-Lu|tox
|-ability|p1a: Ting-Lu|Vessel of Ruin
|move|p2a: Rotom|Volt Switch|p1a: Ting-Lu
|-immune|p1a: Ting-Lu
|
|-weather|none
|-heal|p1a: Ting-Lu|82/100 tox|[from] item: Leftovers
|-damage|p1a: Ting-Lu|76/100 tox|[from] psn
|upkeep
|turn|15
|
|t:|1760350571
|move|p2a: Rotom|Pain Split|p1a: Ting-Lu
|-sethp|p1a: Ting-Lu|68/100 tox|[from] move: Pain Split|[silent]
|-sethp|p2a: Rotom|100/100|[from] move: Pain Split
|move|p1a: Ting-Lu|Whirlwind|p2a: Rotom
|drag|p2a: Meowscarada|Meowscarada, M, shiny|100/100
|-damage|p2a: Meowscarada|84/100|[from] Spikes
|
|-heal|p1a: Ting-Lu|74/100 tox|[from] item: Leftovers
|-damage|p1a: Ting-Lu|62/100 tox|[from] psn
|-sideend|p2: YappingYappuccino|move: Aurora Veil
|upkeep
|turn|16
|
|t:|1760350588
|switch|p1a: Slowking|Slowking-Galar, M, shiny|38/100
|-damage|p1a: Slowking|14/100|[from] Spikes
|-sideend|p1: Abenades2|move: Toxic Spikes|[of] p1a: Slowking
|move|p2a: Meowscarada|Flower Trick|p1a: Slowking
|-start|p2a: Meowscarada|typechange|Grass|[from] ability: Protean
|-resisted|p1a: Slowking
|-crit|p1a: Slowking
|-damage|p1a: Slowking|0 fnt
|faint|p1a: Slowking
|
|upkeep
|
|t:|1760350612
|switch|p1a: Slither Wing|Slither Wing|100/100
|-damage|p1a: Slither Wing|76/100|[from] Spikes
|-enditem|p1a: Slither Wing|Booster Energy
|-activate|p1a: Slither Wing|ability: Protosynthesis|[fromitem]
|-start|p1a: Slither Wing|protosynthesisatk
|turn|17
|
|t:|1760350619
|move|p1a: Slither Wing|First Impression|p2a: Meowscarada
|-supereffective|p2a: Meowscarada
|-damage|p2a: Meowscarada|0 fnt
|faint|p2a: Meowscarada
|
|upkeep
|
|t:|1760350639
|switch|p2a: Rotom|Rotom-Heat|100/100
|turn|18
|
|t:|1760350651
|-end|p1a: Slither Wing|Protosynthesis|[silent]
|switch|p1a: Ting-Lu|Ting-Lu|62/100 tox
|-damage|p1a: Ting-Lu|37/100 tox|[from] Spikes
|-ability|p1a: Ting-Lu|Vessel of Ruin
|move|p2a: Rotom|Overheat|p1a: Ting-Lu
|-damage|p1a: Ting-Lu|9/100 tox
|-unboost|p2a: Rotom|spa|2
|
|-heal|p1a: Ting-Lu|16/100 tox|[from] item: Leftovers
|-damage|p1a: Ting-Lu|9/100 tox|[from] psn
|upkeep
|turn|19
|
|t:|1760350666
|move|p2a: Rotom|Pain Split|p1a: Ting-Lu
|-sethp|p1a: Ting-Lu|35/100 tox|[from] move: Pain Split|[silent]
|-sethp|p2a: Rotom|58/100|[from] move: Pain Split
|move|p1a: Ting-Lu|Stealth Rock|p2a: Rotom
|-sidestart|p2: YappingYappuccino|move: Stealth Rock
|
|-heal|p1a: Ting-Lu|41/100 tox|[from] item: Leftovers
|-damage|p1a: Ting-Lu|29/100 tox|[from] psn
|upkeep
|turn|20
|
|t:|1760350678
|move|p2a: Rotom|Pain Split|p1a: Ting-Lu
|-sethp|p1a: Ting-Lu|32/100 tox|[from] move: Pain Split|[silent]
|-sethp|p2a: Rotom|53/100|[from] move: Pain Split
|move|p1a: Ting-Lu|Spikes|p2a: Rotom
|-sidestart|p2: YappingYappuccino|Spikes
|
|-heal|p1a: Ting-Lu|38/100 tox|[from] item: Leftovers
|-damage|p1a: Ting-Lu|20/100 tox|[from] psn
|upkeep
|turn|21
|
|t:|1760350695
|move|p2a: Rotom|Overheat|p1a: Ting-Lu
|-damage|p1a: Ting-Lu|7/100 tox
|-unboost|p2a: Rotom|spa|2
|move|p1a: Ting-Lu|Whirlwind|p2a: Rotom
|drag|p2a: Ninetales|Ninetales-Alola, F|100/100
|-damage|p2a: Ninetales|75/100|[from] Spikes
|-damage|p2a: Ninetales|50/100|[from] Stealth Rock
|-weather|Snowscape|[from] ability: Snow Warning|[of] p2a: Ninetales
|
|-weather|Snowscape|[upkeep]
|-heal|p1a: Ting-Lu|13/100 tox|[from] item: Leftovers
|-damage|p1a: Ting-Lu|0 fnt|[from] psn
|faint|p1a: Ting-Lu
|upkeep
|
|t:|1760350719
|switch|p1a: Gholdengo|Gholdengo|100/100
|turn|22
|
|t:|1760350724
|move|p2a: Ninetales|Aurora Veil|p2a: Ninetales
|-sidestart|p2: YappingYappuccino|move: Aurora Veil
|move|p1a: Gholdengo|Shadow Ball|p2a: Ninetales
|-damage|p2a: Ninetales|23/100
|
|-weather|Snowscape|[upkeep]
|upkeep
|turn|23
|
|t:|1760350731
|move|p2a: Ninetales|Draining Kiss|p1a: Gholdengo
|-resisted|p1a: Gholdengo
|-crit|p1a: Gholdengo
|-damage|p1a: Gholdengo|86/100
|-heal|p2a: Ninetales|38/100|[from] drain|[of] p1a: Gholdengo
|move|p1a: Gholdengo|Shadow Ball|p2a: Ninetales
|-damage|p2a: Ninetales|12/100
|
|-weather|Snowscape|[upkeep]
|upkeep
|turn|24
|
|t:|1760350758
|switch|p2a: Rotom|Rotom-Heat|53/100
|-damage|p2a: Rotom|28/100|[from] Stealth Rock
|move|p1a: Gholdengo|Shadow Ball|p2a: Rotom
|-damage|p2a: Rotom|2/100
|
|-weather|Snowscape|[upkeep]
|upkeep
|turn|25
|
|t:|1760350769
|switch|p1a: Gliscor|Gliscor, M, tera:Water|82/100 psn
|-damage|p1a: Gliscor|57/100 psn|[from] Spikes
|move|p2a: Rotom|Pain Split|p1a: Gliscor
|-sethp|p1a: Gliscor|29/100 psn|[from] move: Pain Split|[silent]
|-sethp|p2a: Rotom|34/100|[from] move: Pain Split
|
|-weather|none
|-heal|p1a: Gliscor|42/100 psn|[from] ability: Poison Heal
|upkeep
|turn|26
|
|t:|1760350799
|move|p1a: Gliscor|Protect|p1a: Gliscor
|-singleturn|p1a: Gliscor|Protect
|move|p2a: Rotom|Volt Switch|p1a: Gliscor
|-activate|p1a: Gliscor|move: Protect
|
|-heal|p1a: Gliscor|54/100 psn|[from] ability: Poison Heal
|-sideend|p2: YappingYappuccino|move: Aurora Veil
|upkeep
|turn|27
|
|t:|1760350815
|switch|p1a: Clefable|Clefable, F|100/100
|move|p2a: Rotom|Pain Split|p1a: Clefable
|-sethp|p1a: Clefable|63/100|[from] move: Pain Split|[silent]
|-sethp|p2a: Rotom|82/100|[from] move: Pain Split
|
|-heal|p1a: Clefable|70/100|[from] item: Leftovers
|upkeep
|turn|28
|
|t:|1760350826
|move|p2a: Rotom|Overheat|p1a: Clefable
|-damage|p1a: Clefable|33/100
|-unboost|p2a: Rotom|spa|2
|move|p1a: Clefable|Knock Off|p2a: Rotom
|-damage|p2a: Rotom|67/100
|-enditem|p2a: Rotom|Expert Belt|[from] move: Knock Off|[of] p1a: Clefable
|
|-heal|p1a: Clefable|40/100|[from] item: Leftovers
|upkeep
|turn|29
|
|t:|1760350838
|move|p2a: Rotom|Will-O-Wisp|p1a: Clefable
|-status|p1a: Clefable|brn
|move|p1a: Clefable|Moonlight|p1a: Clefable
|-heal|p1a: Clefable|90/100 brn
|
|-heal|p1a: Clefable|96/100 brn|[from] item: Leftovers
|upkeep
|turn|30
|
|t:|1760350849
|move|p2a: Rotom|Pain Split|p1a: Clefable
|-sethp|p1a: Clefable|74/100 brn|[from] move: Pain Split|[silent]
|-sethp|p2a: Rotom|96/100|[from] move: Pain Split
|move|p1a: Clefable|Moonblast|p2a: Rotom
|-resisted|p2a: Rotom
|-damage|p2a: Rotom|79/100
|
|-heal|p1a: Clefable|80/100 brn|[from] item: Leftovers
|upkeep
|turn|31
|
|t:|1760350858
|move|p2a: Rotom|Pain Split|p1a: Clefable
|-sethp|p1a: Clefable|70/100 brn|[from] move: Pain Split|[silent]
|-sethp|p2a: Rotom|91/100|[from] move: Pain Split
|move|p1a: Clefable|Moonblast|p2a: Rotom
|-resisted|p2a: Rotom
|-damage|p2a: Rotom|73/100
|
|-heal|p1a: Clefable|76/100 brn|[from] item: Leftovers
|upkeep
|turn|32
|
|t:|1760350873
|move|p2a: Rotom|Volt Switch|p1a: Clefable
|-damage|p1a: Clefable|66/100 brn
|
|t:|1760350880
|switch|p2a: Ninetales|Ninetales-Alola, F|12/100|[from] Volt Switch
|-damage|p2a: Ninetales|0 fnt|[from] Spikes
|faint|p2a: Ninetales
|move|p1a: Clefable|Moonlight|p1a: Clefable
|-heal|p1a: Clefable|100/100 brn
|
|upkeep
|
|t:|1760350884
|switch|p2a: Rotom|Rotom-Heat|73/100
|-damage|p2a: Rotom|49/100|[from] Stealth Rock
|turn|33
|
|t:|1760350895
|move|p2a: Rotom|Overheat|p1a: Clefable|[miss]
|-miss|p2a: Rotom|p1a: Clefable
|move|p1a: Clefable|Moonblast|p2a: Rotom
|-resisted|p2a: Rotom
|-damage|p2a: Rotom|31/100
|
|upkeep
|turn|34
|
|t:|1760350910
|move|p2a: Rotom|Volt Switch|p1a: Clefable
|-damage|p1a: Clefable|81/100 brn
|
|t:|1760350913
|switch|p2a: Iron Valiant|Iron Valiant|80/100|[from] Volt Switch
|-damage|p2a: Iron Valiant|56/100|[from] Spikes
|-damage|p2a: Iron Valiant|49/100|[from] Stealth Rock
|move|p1a: Clefable|Moonblast|p2a: Iron Valiant
|-supereffective|p2a: Iron Valiant
|-damage|p2a: Iron Valiant|0 fnt
|faint|p2a: Iron Valiant
|-end|p2a: Iron Valiant|Quark Drive|[silent]
|
|-heal|p1a: Clefable|88/100 brn|[from] item: Leftovers
|upkeep
|
|t:|1760350916
|switch|p2a: Rotom|Rotom-Heat|31/100
|-damage|p2a: Rotom|6/100|[from] Stealth Rock
|turn|35
|inactive|Battle timer is ON: inactive players will automatically lose when time's up. (requested by YappingYappuccino)
|
|t:|1760350940
|move|p2a: Rotom|Pain Split|p1a: Clefable
|-sethp|p1a: Clefable|46/100 brn|[from] move: Pain Split|[silent]
|-sethp|p2a: Rotom|60/100|[from] move: Pain Split
|move|p1a: Clefable|Moonblast|p2a: Rotom
|-resisted|p2a: Rotom
|-damage|p2a: Rotom|44/100
|-unboost|p2a: Rotom|spa|1
|
|-heal|p1a: Clefable|52/100 brn|[from] item: Leftovers
|upkeep
|turn|36
|
|t:|1760350953
|move|p2a: Rotom|Pain Split|p1a: Clefable
|-sethp|p1a: Clefable|43/100 brn|[from] move: Pain Split|[silent]
|-sethp|p2a: Rotom|56/100|[from] move: Pain Split
|move|p1a: Clefable|Moonlight|p1a: Clefable
|-heal|p1a: Clefable|93/100 brn
|
|-heal|p1a: Clefable|99/100 brn|[from] item: Leftovers
|upkeep
|turn|37
|
|t:|1760350964
|move|p2a: Rotom|Pain Split|p1a: Clefable
|-sethp|p1a: Clefable|71/100 brn|[from] move: Pain Split|[silent]
|-sethp|p2a: Rotom|92/100|[from] move: Pain Split
|move|p1a: Clefable|Knock Off|p2a: Rotom
|-damage|p2a: Rotom|87/100
|
|-heal|p1a: Clefable|77/100 brn|[from] item: Leftovers
|upkeep
|turn|38
|
|t:|1760350979
|switch|p1a: Gliscor|Gliscor, M, tera:Water|54/100 psn
|-damage|p1a: Gliscor|29/100 psn|[from] Spikes
|move|p2a: Rotom|Will-O-Wisp||[still]
|-fail|p2a: Rotom
|
|-heal|p1a: Gliscor|42/100 psn|[from] ability: Poison Heal
|upkeep
|turn|39
|
|t:|1760350989
|move|p1a: Gliscor|Protect|p1a: Gliscor
|-singleturn|p1a: Gliscor|Protect
|move|p2a: Rotom|Volt Switch|p1a: Gliscor
|-activate|p1a: Gliscor|move: Protect
|
|-heal|p1a: Gliscor|54/100 psn|[from] ability: Poison Heal
|upkeep
|turn|40
|
|t:|1760351004
|move|p2a: Rotom|Volt Switch|p1a: Gliscor
|-supereffective|p1a: Gliscor
|-crit|p1a: Gliscor
|-damage|p1a: Gliscor|0 fnt
|faint|p1a: Gliscor
|
|t:|1760351008
|switch|p2a: Salamence|Salamence, M|100/100|[from] Volt Switch
|-damage|p2a: Salamence|76/100|[from] Stealth Rock
|
|-heal|p2a: Salamence|82/100|[from] item: Leftovers
|upkeep
|
|t:|1760351019
|switch|p1a: Clefable|Clefable, F|77/100 brn
|turn|41
|
|t:|1760351023
|-terastallize|p2a: Salamence|Steel
|move|p2a: Salamence|Dragon Dance|p2a: Salamence
|-boost|p2a: Salamence|atk|1
|-boost|p2a: Salamence|spe|1
|move|p1a: Clefable|Moonblast|p2a: Salamence
|-resisted|p2a: Salamence
|-damage|p2a: Salamence|62/100
|
|-heal|p2a: Salamence|68/100|[from] item: Leftovers
|-heal|p1a: Clefable|83/100 brn|[from] item: Leftovers
|upkeep
|turn|42
|
|t:|1760351035
|switch|p1a: Slither Wing|Slither Wing|76/100
|-damage|p1a: Slither Wing|51/100|[from] Spikes
|move|p2a: Salamence|Dragon Dance|p2a: Salamence
|-boost|p2a: Salamence|atk|1
|-boost|p2a: Salamence|spe|1
|
|-heal|p2a: Salamence|75/100|[from] item: Leftovers
|upkeep
|turn|43
|
|t:|1760351047
|move|p2a: Salamence|Fire Fang|p1a: Slither Wing
|-supereffective|p1a: Slither Wing
|-damage|p1a: Slither Wing|0 fnt
|faint|p1a: Slither Wing
|-end|p1a: Slither Wing|Protosynthesis|[silent]
|-ability|p2a: Salamence|Moxie|boost
|-boost|p2a: Salamence|atk|1
|
|-heal|p2a: Salamence|81/100|[from] item: Leftovers
|upkeep
|
|t:|1760351056
|switch|p1a: Gholdengo|Gholdengo|86/100
|turn|44
|c|☆YappingYappuccino|Alright - the sweep has begun
|
|t:|1760351064
|move|p2a: Salamence|Fire Fang|p1a: Gholdengo
|-supereffective|p1a: Gholdengo
|-damage|p1a: Gholdengo|0 fnt
|faint|p1a: Gholdengo
|-ability|p2a: Salamence|Moxie|boost
|-boost|p2a: Salamence|atk|1
|
|-heal|p2a: Salamence|87/100|[from] item: Leftovers
|upkeep
|
|t:|1760351074
|switch|p1a: Clefable|Clefable, F|83/100 brn
|turn|45
|
|t:|1760351081
|move|p2a: Salamence|Dragon Dance|p2a: Salamence
|-boost|p2a: Salamence|atk|1
|-boost|p2a: Salamence|spe|1
|move|p1a: Clefable|Knock Off|p2a: Salamence
|-damage|p2a: Salamence|78/100
|-enditem|p2a: Salamence|Leftovers|[from] move: Knock Off|[of] p1a: Clefable
|
|-heal|p1a: Clefable|89/100 brn|[from] item: Leftovers
|upkeep
|turn|46
|
|t:|1760351092
|move|p2a: Salamence|Earthquake|p1a: Clefable
|-damage|p1a: Clefable|0 fnt
|faint|p1a: Clefable
|
|win|YappingYappuccino
|raw|Abenades2's rating: 1172 &rarr; <strong>1143</strong><br />(-29 for losing)
|raw|YappingYappuccino's rating: 1110 &rarr; <strong>1139</strong><br />(+29 for winning)
