|j|☆PINGaBurger
|j|☆BigG5
|t:|1760317366
|gametype|singles
|player|p1|PINGaBurger|266|1581
|player|p2|BigG5|1|1565
|gen|9
|tier|[Gen 9] OU
|rated|
|rule|HP Percentage Mod: HP is shown in percentages
|rule|Endless Battle Clause: Forcing endless battles is banned
|rule|Species Clause: Limit one of each Pokémon
|rule|OHKO Clause: OHKO moves are banned
|rule|Evasion Items Clause: Evasion items are banned
|rule|Evasion Moves Clause: Evasion moves are banned
|rule|Evasion Abilities Clause: Evasion abilities are banned
|rule|Sleep Moves Clause: Sleep-inducing moves are banned
|clearpoke
|poke|p1|Maushold|
|poke|p1|Iron Boulder|
|poke|p1|Iron Crown|
|poke|p1|Deoxys-Speed|
|poke|p1|Indeedee, M|
|poke|p1|Kyurem|
|poke|p2|Pelipper, F|
|poke|p2|Moltres|
|poke|p2|Basculegion, M|
|poke|p2|Raging Bolt|
|poke|p2|Iron Treads|
|poke|p2|Keldeo|
|teampreview
|inactive|Battle timer is ON: inactive players will automatically lose when time's up. (requested by BigG5)
|
|t:|1760317383
|teamsize|p1|6
|teamsize|p2|6
|start
|switch|p1a: Indeedee|Indeedee, M, shiny|100/100
|switch|p2a: Iron Treads|Iron Treads|100/100
|-item|p2a: Iron Treads|Air Balloon
|-fieldstart|move: Psychic Terrain|[from] ability: Psychic Surge|[of] p1a: Indeedee
|turn|1
|
|t:|1760317391
|switch|p1a: Maushold|Maushold|100/100
|move|p2a: Iron Treads|Stealth Rock|p1a: Maushold
|-sidestart|p1: PINGaBurger|move: Stealth Rock
|
|upkeep
|turn|2
|
|t:|1760317403
|move|p1a: Maushold|Tidy Up|p1a: Maushold
|-sideend|p1: PINGaBurger|Stealth Rock
|-activate|p1a: Maushold|move: Tidy Up
|-boost|p1a: Maushold|atk|1
|-boost|p1a: Maushold|spe|1
|move|p2a: Iron Treads|Knock Off|p1a: Maushold
|-damage|p1a: Maushold|64/100
|-enditem|p1a: Maushold|Wide Lens|[from] move: Knock Off|[of] p2a: Iron Treads
|
|upkeep
|turn|3
|
|t:|1760317407
|move|p1a: Maushold|Population Bomb|p2a: Iron Treads
|-resisted|p2a: Iron Treads
|-damage|p2a: Iron Treads|94/100
|-enditem|p2a: Iron Treads|Air Balloon
|-resisted|p2a: Iron Treads
|-damage|p2a: Iron Treads|87/100
|-resisted|p2a: Iron Treads
|-damage|p2a: Iron Treads|81/100
|-resisted|p2a: Iron Treads
|-damage|p2a: Iron Treads|75/100
|-resisted|p2a: Iron Treads
|-damage|p2a: Iron Treads|70/100
|-resisted|p2a: Iron Treads
|-damage|p2a: Iron Treads|63/100
|-resisted|p2a: Iron Treads
|-crit|p2a: Iron Treads
|-damage|p2a: Iron Treads|53/100
|-resisted|p2a: Iron Treads
|-crit|p2a: Iron Treads
|-damage|p2a: Iron Treads|43/100
|-hitcount|p2a: Iron Treads|8
|move|p2a: Iron Treads|Earthquake|p1a: Maushold
|-damage|p1a: Maushold|0 fnt
|faint|p1a: Maushold
|
|upkeep
|
|t:|1760317419
|switch|p1a: Mutant|Deoxys-Speed, shiny|100/100
|-ability|p1a: Mutant|Pressure
|turn|4
|
|t:|1760317426
|move|p1a: Mutant|Expanding Force|p2a: Iron Treads
|-resisted|p2a: Iron Treads
|-damage|p2a: Iron Treads|0 fnt
|faint|p2a: Iron Treads
|-end|p2a: Iron Treads|Quark Drive|[silent]
|-damage|p1a: Mutant|91/100|[from] item: Life Orb
|
|upkeep
|
|t:|1760317448
|switch|p2a: Pelipper|Pelipper, F|100/100
|-weather|RainDance|[from] ability: Drizzle|[of] p2a: Pelipper
|turn|5
|
|t:|1760317452
|switch|p2a: Moltres|Moltres|100/100
|move|p1a: Mutant|Expanding Force|p2a: Moltres
|-damage|p2a: Moltres|1/100
|-damage|p1a: Mutant|81/100|[from] item: Life Orb
|
|-weather|RainDance|[upkeep]
|upkeep
|turn|6
|
|t:|1760317457
|move|p1a: Mutant|Expanding Force|p2a: Moltres
|-damage|p2a: Moltres|0 fnt
|faint|p2a: Moltres
|-damage|p1a: Mutant|71/100|[from] item: Life Orb
|
|-weather|RainDance|[upkeep]
|upkeep
|
|t:|1760317460
|switch|p2a: Basculegion|Basculegion, M, shiny|100/100
|turn|7
|
|t:|1760317479
|switch|p1a: Iron Crown|Iron Crown|100/100
|move|p2a: Basculegion|Flip Turn|p1a: Iron Crown
|-damage|p1a: Iron Crown|39/100
|
|t:|1760317485
|switch|p2a: Keldeo|Keldeo|100/100|[from] Flip Turn
|
|-weather|RainDance|[upkeep]
|upkeep
|turn|8
|
|t:|1760317488
|move|p2a: Keldeo|Surf|p1a: Iron Crown
|-damage|p1a: Iron Crown|0 fnt
|faint|p1a: Iron Crown
|-end|p1a: Iron Crown|Quark Drive|[silent]
|
|-weather|RainDance|[upkeep]
|-fieldend|move: Psychic Terrain
|upkeep
|
|t:|1760317492
|switch|p1a: Indeedee|Indeedee, M, shiny|100/100
|-fieldstart|move: Psychic Terrain|[from] ability: Psychic Surge|[of] p1a: Indeedee
|turn|9
|inactive|BigG5 has 120 seconds left.
|
|t:|1760317523
|move|p2a: Keldeo|Surf|p1a: Indeedee
|-damage|p1a: Indeedee|13/100
|move|p1a: Indeedee|Expanding Force|p2a: Keldeo
|-supereffective|p2a: Keldeo
|-damage|p2a: Keldeo|0 fnt
|faint|p2a: Keldeo
|
|-weather|RainDance|[upkeep]
|upkeep
|
|t:|1760317526
|switch|p2a: Basculegion|Basculegion, M, shiny|100/100
|turn|10
|inactive|BigG5 has 120 seconds left.
|
|t:|1760317542
|move|p2a: Basculegion|Wave Crash|p1a: Indeedee
|-damage|p1a: Indeedee|0 fnt
|faint|p1a: Indeedee
|-damage|p2a: Basculegion|98/100|[from] Recoil
|
|-weather|RainDance|[upkeep]
|upkeep
|
|t:|1760317565
|switch|p1a: Kyurem|Kyurem|100/100
|-ability|p1a: Kyurem|Pressure
|turn|11
|
|t:|1760317572
|-terastallize|p2a: Basculegion|Ghost
|move|p2a: Basculegion|Wave Crash|p1a: Kyurem
|-resisted|p1a: Kyurem
|-damage|p1a: Kyurem|35/100
|-damage|p2a: Basculegion|76/100|[from] Recoil
|move|p1a: Kyurem|Scale Shot|p2a: Basculegion
|-damage|p2a: Basculegion|61/100
|-damage|p2a: Basculegion|45/100
|-damage|p2a: Basculegion|30/100
|-damage|p2a: Basculegion|13/100
|-damage|p2a: Basculegion|0 fnt
|faint|p2a: Basculegion
|-hitcount|p2: Basculegion|5
|-unboost|p1a: Kyurem|def|1
|-boost|p1a: Kyurem|spe|1
|
|-weather|RainDance|[upkeep]
|upkeep
|
|t:|1760317580
|switch|p2a: Pelipper|Pelipper, F|100/100
|turn|12
|
|t:|1760317592
|move|p1a: Kyurem|Icicle Spear|p2a: Pelipper
|-damage|p2a: Pelipper|89/100
|-damage|p2a: Pelipper|79/100
|-damage|p2a: Pelipper|70/100
|-damage|p2a: Pelipper|59/100
|-damage|p2a: Pelipper|49/100
|-hitcount|p2a: Pelipper|5
|move|p2a: Pelipper|Hurricane|p1a: Kyurem
|-damage|p1a: Kyurem|0 fnt
|faint|p1a: Kyurem
|
|-weather|none
|upkeep
|
|t:|1760317603
|switch|p1a: Mutant|Deoxys-Speed, shiny|71/100
|-ability|p1a: Mutant|Pressure
|turn|13
|
|t:|1760317608
|move|p1a: Mutant|Expanding Force|p2a: Pelipper
|-damage|p2a: Pelipper|0 fnt
|faint|p2a: Pelipper
|-damage|p1a: Mutant|61/100|[from] item: Life Orb
|
|upkeep
|
|t:|1760317610
|switch|p2a: Raging Bolt|Raging Bolt|100/100
|-enditem|p2a: Raging Bolt|Booster Energy
|-activate|p2a: Raging Bolt|ability: Protosynthesis|[fromitem]
|-start|p2a: Raging Bolt|protosynthesisspa
|turn|14
|
|t:|1760317615
|move|p1a: Mutant|Expanding Force|p2a: Raging Bolt
|-damage|p2a: Raging Bolt|20/100
|-damage|p1a: Mutant|51/100|[from] item: Life Orb
|move|p2a: Raging Bolt|Dragon Pulse|p1a: Mutant
|-damage|p1a: Mutant|0 fnt
|faint|p1a: Mutant
|
|upkeep
|
|t:|1760317622
|switch|p1a: Iron Boulder|Iron Boulder|100/100
|-enditem|p1a: Iron Boulder|Booster Energy
|-activate|p1a: Iron Boulder|ability: Quark Drive|[fromitem]
|-start|p1a: Iron Boulder|quarkdrivespe
|turn|15
|
|t:|1760317626
|-terastallize|p1a: Iron Boulder|Rock
|move|p1a: Iron Boulder|Mighty Cleave|p2a: Raging Bolt
|-damage|p2a: Raging Bolt|0 fnt
|faint|p2a: Raging Bolt
|-end|p2a: Raging Bolt|Protosynthesis|[silent]
|
|win|PINGaBurger
|raw|PINGaBurger's rating: 1581 &rarr; <strong>1600</strong><br />(+19 for winning)
|raw|BigG5's rating: 1565 &rarr; <strong>1546</strong><br />(-19 for losing)
|l|☆BigG5
|player|p2|
