|j|☆jsdoejereg
|j|☆Quixic
|t:|1760311992
|gametype|singles
|player|p1|jsdoejereg|169|1053
|player|p2|Quixic|ingo|1064
|gen|9
|tier|[Gen 9] OU
|rated|
|rule|HP Percentage Mod: HP is shown in percentages
|rule|Endless Battle Clause: Forcing endless battles is banned
|rule|Species Clause: Limit one of each Pokémon
|rule|OHKO Clause: OHKO moves are banned
|rule|Evasion Items Clause: Evasion items are banned
|rule|Evasion Moves Clause: Evasion moves are banned
|rule|Evasion Abilities Clause: Evasion abilities are banned
|rule|Sleep Moves Clause: Sleep-inducing moves are banned
|clearpoke
|poke|p1|Flygon, M|
|poke|p1|Milotic, F|
|poke|p1|Grumpig, M|
|poke|p1|Tropius, M|
|poke|p1|Torkoal, M|
|poke|p1|Banette, M|
|poke|p2|Polteageist|
|teampreview
|
|t:|1760311999
|teamsize|p1|6
|teamsize|p2|1
|start
|switch|p1a: Banette|Banette, M, shiny|100/100
|switch|p2a: Insanitea|Polteageist|100/100
|turn|1
|
|t:|1760312005
|move|p1a: Banette|Shadow Sneak|p2a: Insanitea
|-supereffective|p2a: Insanitea
|-enditem|p2a: Insanitea|Focus Sash
|-damage|p2a: Insanitea|1/100
|-ability|p2a: Insanitea|Weak Armor|boost
|-unboost|p2a: Insanitea|def|1
|-boost|p2a: Insanitea|spe|2
|move|p2a: Insanitea|Shell Smash|p2a: Insanitea
|-unboost|p2a: Insanitea|def|1
|-unboost|p2a: Insanitea|spd|1
|-boost|p2a: Insanitea|atk|2
|-boost|p2a: Insanitea|spa|2
|-boost|p2a: Insanitea|spe|2
|
|upkeep
|turn|2
|
|t:|1760312017
|-terastallize|p2a: Insanitea|Normal
|-terastallize|p1a: Banette|Dark
|move|p1a: Banette|Shadow Sneak|p2a: Insanitea
|-immune|p2a: Insanitea
|move|p2a: Insanitea|Shadow Ball|p1a: Banette
|-resisted|p1a: Banette
|-damage|p1a: Banette|35/100
|-start|p2a: Insanitea|Disable|Shadow Ball|[from] ability: Cursed Body|[of] p1a: Banette
|
|upkeep
|turn|3
|
|t:|1760312029
|switch|p1a: Grumpig|Grumpig, M, shiny|100/100
|move|p2a: Insanitea|Giga Drain|p1a: Grumpig
|-damage|p1a: Grumpig|53/100
|-heal|p2a: Insanitea|28/100|[from] drain|[of] p1a: Grumpig
|
|upkeep
|turn|4
|
|t:|1760312037
|move|p2a: Insanitea|Stored Power|p1a: Grumpig
|-resisted|p1a: Grumpig
|-damage|p1a: Grumpig|0 fnt
|faint|p1a: Grumpig
|
|upkeep
|
|t:|1760312042
|switch|p1a: Banette|Banette, M, shiny, tera:Dark|35/100
|turn|5
|
|t:|1760312045
|move|p1a: Banette|Sucker Punch|p2a: Insanitea
|-damage|p2a: Insanitea|0 fnt
|faint|p2a: Insanitea
|
|win|jsdoejereg
|raw|jsdoejereg's rating: 1080 &rarr; <strong>1107</strong><br />(+27 for winning)
|raw|Quixic's rating: 1064 &rarr; <strong>1045</strong><br />(-19 for losing)
|l|☆jsdoejereg
|player|p1|
|l|☆Quixic
|player|p2|
