|j|☆Clock Obsessed
|j|☆acoda
|t:|1760305772
|gametype|singles
|player|p1|Clock Obsessed|2|1313
|player|p2|acoda|266|1302
|gen|9
|tier|[Gen 9] OU
|rated|
|rule|HP Percentage Mod: HP is shown in percentages
|rule|Endless Battle Clause: Forcing endless battles is banned
|rule|Species Clause: Limit one of each Pokémon
|rule|OHKO Clause: OHKO moves are banned
|rule|Evasion Items Clause: Evasion items are banned
|rule|Evasion Moves Clause: Evasion moves are banned
|rule|Evasion Abilities Clause: Evasion abilities are banned
|rule|Sleep Moves Clause: Sleep-inducing moves are banned
|clearpoke
|poke|p1|Gholdengo|
|poke|p1|Zamazenta-*|
|poke|p1|Ting-Lu|
|poke|p1|Clefable, F|
|poke|p1|Dragonite, M|
|poke|p1|Deoxys-Speed|
|poke|p2|Scizor, M|
|poke|p2|Quaquaval, M|
|poke|p2|Dragapult, F|
|poke|p2|Azelf|
|poke|p2|Arcanine-Hisui, F|
|poke|p2|Darkrai|
|teampreview
|inactive|Battle timer is ON: inactive players will automatically lose when time's up. (requested by acoda)
|
|t:|1760305786
|teamsize|p1|6
|teamsize|p2|6
|start
|switch|p1a: Moonrock 350|Clefable, F|100/100
|switch|p2a: Azelf|Azelf|100/100
|turn|1
|
|t:|1760305796
|move|p2a: Azelf|Stealth Rock|p1a: Moonrock 350
|-sidestart|p1: Clock Obsessed|move: Stealth Rock
|move|p1a: Moonrock 350|Knock Off|p2a: Azelf
|-supereffective|p2a: Azelf
|-damage|p2a: Azelf|54/100
|-enditem|p2a: Azelf|Focus Sash|[from] move: Knock Off|[of] p1a: Moonrock 350
|
|upkeep
|turn|2
|
|t:|1760305807
|move|p2a: Azelf|Psychic|p1a: Moonrock 350
|-damage|p1a: Moonrock 350|55/100
|move|p1a: Moonrock 350|Stealth Rock|p2a: Azelf
|-sidestart|p2: acoda|move: Stealth Rock
|
|upkeep
|turn|3
|
|t:|1760305817
|switch|p1a: Djengo Unrained|Gholdengo|100/100
|move|p2a: Azelf|Energy Ball|p1a: Djengo Unrained
|-resisted|p1a: Djengo Unrained
|-damage|p1a: Djengo Unrained|87/100
|
|upkeep
|turn|4
|
|t:|1760305824
|move|p2a: Azelf|Shadow Ball|p1a: Djengo Unrained
|-supereffective|p1a: Djengo Unrained
|-damage|p1a: Djengo Unrained|40/100
|move|p1a: Djengo Unrained|Nasty Plot|p1a: Djengo Unrained
|-boost|p1a: Djengo Unrained|spa|2
|
|upkeep
|turn|5
|
|t:|1760305831
|switch|p1a: Up Bowl On Em|Ting-Lu|100/100
|-damage|p1a: Up Bowl On Em|94/100|[from] Stealth Rock
|-ability|p1a: Up Bowl On Em|Vessel of Ruin
|move|p2a: Azelf|Shadow Ball|p1a: Up Bowl On Em
|-resisted|p1a: Up Bowl On Em
|-damage|p1a: Up Bowl On Em|89/100
|
|-heal|p1a: Up Bowl On Em|95/100|[from] item: Leftovers
|upkeep
|turn|6
|
|t:|1760305843
|move|p2a: Azelf|Energy Ball|p1a: Up Bowl On Em
|-supereffective|p1a: Up Bowl On Em
|-damage|p1a: Up Bowl On Em|70/100
|move|p1a: Up Bowl On Em|Whirlwind|p2a: Azelf
|drag|p2a: Arcanine|Arcanine-Hisui, F|100/100
|
|-heal|p1a: Up Bowl On Em|76/100|[from] item: Leftovers
|upkeep
|turn|7
|
|t:|1760305852
|switch|p2a: Azelf|Azelf|54/100
|-damage|p2a: Azelf|41/100|[from] Stealth Rock
|move|p1a: Up Bowl On Em|Spikes|p2a: Azelf
|-sidestart|p2: acoda|Spikes
|
|-heal|p1a: Up Bowl On Em|82/100|[from] item: Leftovers
|upkeep
|turn|8
|
|t:|1760305859
|move|p2a: Azelf|Energy Ball|p1a: Up Bowl On Em
|-supereffective|p1a: Up Bowl On Em
|-damage|p1a: Up Bowl On Em|56/100
|move|p1a: Up Bowl On Em|Whirlwind|p2a: Azelf
|drag|p2a: Darkrai|Darkrai|100/100
|
|-heal|p1a: Up Bowl On Em|63/100|[from] item: Leftovers
|upkeep
|turn|9
|
|t:|1760305873
|move|p2a: Darkrai|Focus Blast|p1a: Up Bowl On Em
|-supereffective|p1a: Up Bowl On Em
|-damage|p1a: Up Bowl On Em|24/100
|move|p1a: Up Bowl On Em|Whirlwind|p2a: Darkrai
|drag|p2a: Azelf|Azelf|41/100
|-damage|p2a: Azelf|29/100|[from] Stealth Rock
|
|-heal|p1a: Up Bowl On Em|30/100|[from] item: Leftovers
|upkeep
|turn|10
|
|t:|1760305883
|move|p2a: Azelf|Energy Ball|p1a: Up Bowl On Em
|-supereffective|p1a: Up Bowl On Em
|-damage|p1a: Up Bowl On Em|3/100
|move|p1a: Up Bowl On Em|Whirlwind|p2a: Azelf
|drag|p2a: Quaquaval|Quaquaval, M|100/100
|-damage|p2a: Quaquaval|94/100|[from] Stealth Rock
|-damage|p2a: Quaquaval|82/100|[from] Spikes
|
|-heal|p1a: Up Bowl On Em|10/100|[from] item: Leftovers
|upkeep
|turn|11
|
|t:|1760305895
|switch|p1a: Djengo Unrained|Gholdengo|40/100
|move|p2a: Quaquaval|Aqua Step|p1a: Djengo Unrained
|-damage|p1a: Djengo Unrained|13/100
|-boost|p2a: Quaquaval|spe|1
|
|upkeep
|turn|12
|
|t:|1760305903
|move|p2a: Quaquaval|Aqua Step|p1a: Djengo Unrained
|-damage|p1a: Djengo Unrained|0 fnt
|-boost|p2a: Quaquaval|spe|1
|faint|p1a: Djengo Unrained
|-ability|p2a: Quaquaval|Moxie|boost
|-boost|p2a: Quaquaval|atk|1
|
|upkeep
|
|t:|1760305910
|switch|p1a: Dude Nasty Asf|Deoxys-Speed|100/100
|-ability|p1a: Dude Nasty Asf|Pressure
|turn|13
|
|t:|1760305917
|move|p2a: Quaquaval|Ice Spinner|p1a: Dude Nasty Asf
|-damage|p1a: Dude Nasty Asf|47/100
|move|p1a: Dude Nasty Asf|Thunderbolt|p2a: Quaquaval
|-supereffective|p2a: Quaquaval
|-damage|p2a: Quaquaval|5/100
|
|upkeep
|turn|14
|
|t:|1760305925
|switch|p1a: Moonrock 350|Clefable, F|55/100
|move|p2a: Quaquaval|Ice Spinner|p1a: Moonrock 350
|-damage|p1a: Moonrock 350|22/100
|-damage|p2a: Quaquaval|0 fnt|[from] item: Rocky Helmet|[of] p1a: Moonrock 350
|faint|p2a: Quaquaval
|
|upkeep
|
|t:|1760305929
|switch|p2a: Azelf|Azelf|29/100
|-damage|p2a: Azelf|17/100|[from] Stealth Rock
|turn|15
|
|t:|1760305939
|move|p2a: Azelf|Psychic|p1a: Moonrock 350
|-crit|p1a: Moonrock 350
|-damage|p1a: Moonrock 350|0 fnt
|faint|p1a: Moonrock 350
|
|upkeep
|
|t:|1760305965
|switch|p1a: Up Bowl On Em|Ting-Lu|10/100
|-damage|p1a: Up Bowl On Em|3/100|[from] Stealth Rock
|-ability|p1a: Up Bowl On Em|Vessel of Ruin
|turn|16
|
|t:|1760305975
|move|p2a: Azelf|Energy Ball|p1a: Up Bowl On Em
|-supereffective|p1a: Up Bowl On Em
|-damage|p1a: Up Bowl On Em|0 fnt
|faint|p1a: Up Bowl On Em
|
|upkeep
|
|t:|1760305983
|switch|p1a: CClifford|Zamazenta|100/100
|-ability|p1a: CClifford|Dauntless Shield|boost
|-boost|p1a: CClifford|def|1
|turn|17
|
|t:|1760305991
|move|p1a: CClifford|Crunch|p2a: Azelf
|-supereffective|p2a: Azelf
|-damage|p2a: Azelf|0 fnt
|faint|p2a: Azelf
|
|upkeep
|
|t:|1760305997
|switch|p2a: Darkrai|Darkrai|100/100
|turn|18
|
|t:|1760306004
|-terastallize|p2a: Darkrai|Poison
|move|p1a: CClifford|Close Combat|p2a: Darkrai
|-resisted|p2a: Darkrai
|-damage|p2a: Darkrai|62/100
|-unboost|p1a: CClifford|def|1
|-unboost|p1a: CClifford|spd|1
|move|p2a: Darkrai|Nasty Plot|p2a: Darkrai
|-boost|p2a: Darkrai|spa|2
|
|upkeep
|turn|19
|
|t:|1760306015
|move|p1a: CClifford|Crunch|p2a: Darkrai
|-damage|p2a: Darkrai|30/100
|move|p2a: Darkrai|Focus Blast|p1a: CClifford
|-damage|p1a: CClifford|0 fnt
|faint|p1a: CClifford
|
|upkeep
|
|t:|1760306024
|switch|p1a: Dude Nasty Asf|Deoxys-Speed|47/100
|-ability|p1a: Dude Nasty Asf|Pressure
|turn|20
|
|t:|1760306030
|move|p1a: Dude Nasty Asf|Psycho Boost|p2a: Darkrai
|-supereffective|p2a: Darkrai
|-damage|p2a: Darkrai|0 fnt
|-unboost|p1a: Dude Nasty Asf|spa|2
|faint|p2a: Darkrai
|
|upkeep
|
|t:|1760306033
|switch|p2a: Dragapult|Dragapult, F|100/100
|-damage|p2a: Dragapult|88/100|[from] Stealth Rock
|-damage|p2a: Dragapult|76/100|[from] Spikes
|turn|21
|
|t:|1760306041
|switch|p1a: Secret Service|Dragonite, M|100/100
|move|p2a: Dragapult|Dragon Dance|p2a: Dragapult
|-boost|p2a: Dragapult|atk|1
|-boost|p2a: Dragapult|spe|1
|
|upkeep
|turn|22
|
|t:|1760306048
|move|p2a: Dragapult|Dragon Darts|p1a: Secret Service
|-supereffective|p1a: Secret Service
|-damage|p1a: Secret Service|60/100
|-anim|p2a: Dragapult|Dragon Darts|p1a: Secret Service
|-supereffective|p1a: Secret Service
|-damage|p1a: Secret Service|0 fnt
|faint|p1a: Secret Service
|
|upkeep
|-message|Clock Obsessed forfeited.
|
|win|acoda
|raw|Clock Obsessed's rating: 1313 &rarr; <strong>1292</strong><br />(-21 for losing)
|raw|acoda's rating: 1302 &rarr; <strong>1323</strong><br />(+21 for winning)
|l|☆Clock Obsessed
|player|p1|
|l|☆acoda
|player|p2|
