|j|☆Flip Flopping Away
|j|☆noahthebadplayer
|t:|1760382589
|gametype|singles
|player|p1|Flip Flopping Away|bianca-masters|1198
|player|p2|noahthebadplayer|169|1161
|gen|9
|tier|[Gen 9] OU
|rated|
|rule|HP Percentage Mod: HP is shown in percentages
|rule|Endless Battle Clause: Forcing endless battles is banned
|rule|Species Clause: Limit one of each Pokémon
|rule|OHKO Clause: OHKO moves are banned
|rule|Evasion Items Clause: Evasion items are banned
|rule|Evasion Moves Clause: Evasion moves are banned
|rule|Evasion Abilities Clause: Evasion abilities are banned
|rule|Sleep Moves Clause: Sleep-inducing moves are banned
|clearpoke
|poke|p1|Iron Hands|
|poke|p1|Iron Moth|
|poke|p1|Araquanid, M|
|poke|p1|Flamigo, F|
|poke|p1|Klefki, F|
|poke|p1|Arboliva, F|
|poke|p2|Darkrai|
|poke|p2|Ceruledge, F|
|poke|p2|Comfey, F|
|poke|p2|Scyther, M|
|poke|p2|Keldeo-Resolute|
|poke|p2|Perrserker, F|
|teampreview
|inactive|Battle timer is ON: inactive players will automatically lose when time's up. (requested by noahthebadplayer)
|
|t:|1760382623
|teamsize|p1|6
|teamsize|p2|6
|start
|switch|p1a: Araquanid|Araquanid, M|100/100
|switch|p2a: Perrserker|Perrserker, F|100/100
|turn|1
|
|t:|1760382631
|move|p2a: Perrserker|Fake Out|p1a: Araquanid
|-enditem|p2a: Perrserker|Normal Gem|[from] gem
|-damage|p1a: Araquanid|75/100
|cant|p1a: Araquanid|flinch
|
|upkeep
|turn|2
|
|t:|1760382653
|move|p2a: Perrserker|Knock Off|p1a: Araquanid
|-damage|p1a: Araquanid|26/100
|-enditem|p1a: Araquanid|Custap Berry|[from] move: Knock Off|[of] p2a: Perrserker
|move|p1a: Araquanid|Sticky Web|p2a: Perrserker
|-sidestart|p2: noahthebadplayer|move: Sticky Web
|
|upkeep
|turn|3
|
|t:|1760382673
|move|p2a: Perrserker|Knock Off|p1a: Araquanid
|-damage|p1a: Araquanid|0 fnt
|faint|p1a: Araquanid
|
|upkeep
|
|t:|1760382678
|switch|p1a: Iron Moth|Iron Moth|100/100
|turn|4
|inactive|noahthebadplayer has 120 seconds left.
|
|t:|1760382717
|-terastallize|p2a: Perrserker|Fairy
|move|p1a: Iron Moth|Overheat|p2a: Perrserker
|-damage|p2a: Perrserker|0 fnt
|-unboost|p1a: Iron Moth|spa|2
|faint|p2a: Perrserker
|
|upkeep
|
|t:|1760382729
|switch|p2a: Scyther|Scyther, M|100/100
|turn|5
|
|t:|1760382732
|move|p1a: Iron Moth|Overheat|p2a: Scyther
|-supereffective|p2a: Scyther
|-damage|p2a: Scyther|2/100
|-unboost|p1a: Iron Moth|spa|2
|move|p2a: Scyther|Defog|p1a: Iron Moth
|-unboost|p1a: Iron Moth|evasion|1
|-sideend|p2: noahthebadplayer|Sticky Web|[from] move: Defog|[of] p2a: Scyther
|
|upkeep
|turn|6
|
|t:|1760382743
|-end|p1a: Iron Moth|Quark Drive|[silent]
|switch|p1a: Klefki|Klefki, F|100/100
|switch|p2a: Keldeo|Keldeo-Resolute|100/100
|
|upkeep
|turn|7
|
|t:|1760382751
|move|p1a: Klefki|Light Screen|p1a: Klefki
|-sidestart|p1: Flip Flopping Away|move: Light Screen
|move|p2a: Keldeo|Flip Turn|p1a: Klefki
|-damage|p1a: Klefki|89/100
|
|t:|1760382756
|switch|p2a: Scyther|Scyther, M|2/100|[from] Flip Turn
|
|upkeep
|turn|8
|
|t:|1760382759
|move|p1a: Klefki|Reflect|p1a: Klefki
|-sidestart|p1: Flip Flopping Away|Reflect
|move|p2a: Scyther|Defog|p1a: Klefki
|-unboost|p1a: Klefki|evasion|1
|-sideend|p1: Flip Flopping Away|Reflect
|-sideend|p1: Flip Flopping Away|move: Light Screen
|
|upkeep
|turn|9
|
|t:|1760382765
|move|p2a: Scyther|Close Combat|p1a: Klefki
|-damage|p1a: Klefki|60/100
|-unboost|p2a: Scyther|def|1
|-unboost|p2a: Scyther|spd|1
|move|p1a: Klefki|Dazzling Gleam|p2a: Scyther
|-damage|p2a: Scyther|0 fnt
|faint|p2a: Scyther
|
|upkeep
|
|t:|1760382781
|switch|p2a: Comfey|Comfey, F|100/100
|turn|10
|
|t:|1760382784
|move|p1a: Klefki|Light Screen|p1a: Klefki
|-sidestart|p1: Flip Flopping Away|move: Light Screen
|move|p2a: Comfey|Calm Mind|p2a: Comfey
|-boost|p2a: Comfey|spa|1
|-boost|p2a: Comfey|spd|1
|
|upkeep
|turn|11
|
|t:|1760382787
|switch|p1a: Iron Moth|Iron Moth|100/100
|move|p2a: Comfey|Calm Mind|p2a: Comfey
|-boost|p2a: Comfey|spa|1
|-boost|p2a: Comfey|spd|1
|
|upkeep
|turn|12
|
|t:|1760382794
|move|p1a: Iron Moth|Sludge Wave|p2a: Comfey
|-supereffective|p2a: Comfey
|-damage|p2a: Comfey|0 fnt
|faint|p2a: Comfey
|
|upkeep
|
|t:|1760382801
|switch|p2a: Ceruledge|Ceruledge, F|100/100
|turn|13
|
|t:|1760382808
|move|p1a: Iron Moth|Sludge Wave|p2a: Ceruledge
|-resisted|p2a: Ceruledge
|-crit|p2a: Ceruledge
|-damage|p2a: Ceruledge|35/100
|move|p2a: Ceruledge|Poltergeist|p1a: Iron Moth
|-activate|p1a: Iron Moth|move: Poltergeist|Choice Specs
|-damage|p1a: Iron Moth|7/100
|
|upkeep
|turn|14
|
|t:|1760382816
|-end|p1a: Iron Moth|Quark Drive|[silent]
|switch|p1a: Flamigo|Flamigo, F|100/100
|move|p2a: Ceruledge|Shadow Sneak|p1a: Flamigo
|-damage|p1a: Flamigo|73/100
|
|upkeep
|turn|15
|
|t:|1760382825
|switch|p2a: Keldeo|Keldeo-Resolute|100/100
|move|p1a: Flamigo|Close Combat|p2a: Keldeo
|-damage|p2a: Keldeo|29/100
|-unboost|p1a: Flamigo|def|1
|-unboost|p1a: Flamigo|spd|1
|
|upkeep
|turn|16
|
|t:|1760382833
|move|p2a: Keldeo|Air Slash|p1a: Flamigo
|-supereffective|p1a: Flamigo
|-damage|p1a: Flamigo|14/100
|move|p1a: Flamigo|Close Combat|p2a: Keldeo
|-damage|p2a: Keldeo|0 fnt
|-unboost|p1a: Flamigo|def|1
|-unboost|p1a: Flamigo|spd|1
|faint|p2a: Keldeo
|
|upkeep
|
|t:|1760382839
|switch|p2a: Ceruledge|Ceruledge, F|35/100
|turn|17
|
|t:|1760382843
|switch|p1a: Klefki|Klefki, F|60/100
|move|p2a: Ceruledge|Shadow Sneak|p1a: Klefki
|-damage|p1a: Klefki|44/100
|
|-sideend|p1: Flip Flopping Away|move: Light Screen
|upkeep
|turn|18
|
|t:|1760382848
|move|p1a: Klefki|Reflect|p1a: Klefki
|-sidestart|p1: Flip Flopping Away|Reflect
|move|p2a: Ceruledge|Bitter Blade|p1a: Klefki
|-supereffective|p1a: Klefki
|-damage|p1a: Klefki|7/100
|-heal|p2a: Ceruledge|55/100|[from] drain|[of] p1a: Klefki
|
|upkeep
|turn|19
|
|t:|1760382855
|move|p1a: Klefki|Light Screen|p1a: Klefki
|-sidestart|p1: Flip Flopping Away|move: Light Screen
|move|p2a: Ceruledge|Bitter Blade|p1a: Klefki
|-supereffective|p1a: Klefki
|-damage|p1a: Klefki|0 fnt
|-heal|p2a: Ceruledge|59/100|[from] drain|[of] p1a: Klefki
|faint|p1a: Klefki
|
|upkeep
|
|t:|1760382858
|switch|p1a: Iron Hands|Iron Hands|100/100
|-enditem|p1a: Iron Hands|Booster Energy
|-activate|p1a: Iron Hands|ability: Quark Drive|[fromitem]
|-start|p1a: Iron Hands|quarkdriveatk
|turn|20
|
|t:|1760382876
|move|p2a: Ceruledge|Bitter Blade|p1a: Iron Hands
|-damage|p1a: Iron Hands|84/100
|-heal|p2a: Ceruledge|72/100|[from] drain|[of] p1a: Iron Hands
|move|p1a: Iron Hands|Thunder Punch|p2a: Ceruledge
|-damage|p2a: Ceruledge|0 fnt
|faint|p2a: Ceruledge
|
|upkeep
|
|t:|1760382883
|switch|p2a: Darkrai|Darkrai|100/100
|turn|21
|inactive|Flip Flopping Away has 120 seconds left.
|inactive|Flip Flopping Away has 90 seconds left.
|inactive|Flip Flopping Away has 60 seconds left.
|
|t:|1760382995
|move|p2a: Darkrai|Ice Beam|p1a: Iron Hands
|-damage|p1a: Iron Hands|70/100
|move|p1a: Iron Hands|Drain Punch|p2a: Darkrai
|-supereffective|p2a: Darkrai
|-damage|p2a: Darkrai|0 fnt
|-heal|p1a: Iron Hands|100/100|[from] drain|[of] p2a: Darkrai
|faint|p2a: Darkrai
|
|win|Flip Flopping Away
|raw|Flip Flopping Away's rating: 1198 &rarr; <strong>1220</strong><br />(+22 for winning)
|raw|noahthebadplayer's rating: 1161 &rarr; <strong>1139</strong><br />(-22 for losing)
|l|☆Flip Flopping Away
|player|p1|
|l|☆noahthebadplayer
|player|p2|
