|j|☆amnakoy
|j|☆milkmama
|t:|1760446770
|gametype|singles
|player|p1|amnakoy|workerice|1365
|player|p2|milkmama|wicke|1355
|gen|9
|tier|[Gen 9] OU
|rated|
|rule|HP Percentage Mod: HP is shown in percentages
|rule|Endless Battle Clause: Forcing endless battles is banned
|rule|Species Clause: Limit one of each Pokémon
|rule|OHKO Clause: OHKO moves are banned
|rule|Evasion Items Clause: Evasion items are banned
|rule|Evasion Moves Clause: Evasion moves are banned
|rule|Evasion Abilities Clause: Evasion abilities are banned
|rule|Sleep Moves Clause: Sleep-inducing moves are banned
|clearpoke
|poke|p1|Enamorus, F|
|poke|p1|Serperior, M|
|poke|p1|Ribombee, F|
|poke|p1|Cinderace, F|
|poke|p1|Kingambit, F|
|poke|p1|Malamar, F|
|poke|p2|Darkrai|
|poke|p2|Great Tusk|
|poke|p2|Gholdengo|
|poke|p2|Kingambit, F|
|poke|p2|Glimmora, M|
|poke|p2|Dragonite, M|
|teampreview
|inactive|Battle timer is ON: inactive players will automatically lose when time's up. (requested by amnakoy)
|
|t:|1760446785
|teamsize|p1|6
|teamsize|p2|6
|start
|switch|p1a: Enamorus|Enamorus, F, shiny|100/100
|switch|p2a: Glimmora|Glimmora, M, shiny|100/100
|turn|1
|
|t:|1760446791
|move|p1a: Enamorus|Earth Power|p2a: Glimmora
|-supereffective|p2a: Glimmora
|-damage|p2a: Glimmora|0 fnt
|faint|p2a: Glimmora
|
|upkeep
|
|t:|1760446807
|switch|p2a: Darkrai|Darkrai, shiny|100/100
|turn|2
|
|t:|1760446813
|switch|p1a: Kingambit|Kingambit, F|100/100
|move|p2a: Darkrai|Ice Beam|p1a: Kingambit
|-resisted|p1a: Kingambit
|-damage|p1a: Kingambit|87/100
|
|-heal|p1a: Kingambit|93/100|[from] item: Leftovers
|upkeep
|turn|3
|
|t:|1760446832
|switch|p2a: Great Tusk|Great Tusk, shiny|100/100
|-enditem|p2a: Great Tusk|Booster Energy
|-activate|p2a: Great Tusk|ability: Protosynthesis|[fromitem]
|-start|p2a: Great Tusk|protosynthesisspe
|switch|p1a: Enamorus|Enamorus, F, shiny|100/100
|
|upkeep
|turn|4
|
|t:|1760446850
|switch|p1a: Ribombee|Ribombee, F, shiny|100/100
|move|p2a: Great Tusk|Ice Spinner|p1a: Ribombee
|-damage|p1a: Ribombee|52/100
|
|upkeep
|turn|5
|
|t:|1760446857
|move|p2a: Great Tusk|Head Smash|p1a: Ribombee
|-supereffective|p1a: Ribombee
|-damage|p1a: Ribombee|0 fnt
|faint|p1a: Ribombee
|-damage|p2a: Great Tusk|85/100|[from] Recoil
|
|upkeep
|
|t:|1760446864
|switch|p1a: Serperior|Serperior, M|100/100
|turn|6
|
|t:|1760446872
|move|p2a: Great Tusk|Ice Spinner|p1a: Serperior
|-supereffective|p1a: Serperior
|-damage|p1a: Serperior|46/100
|move|p1a: Serperior|Giga Drain|p2a: Great Tusk
|-supereffective|p2a: Great Tusk
|-damage|p2a: Great Tusk|0 fnt
|-heal|p1a: Serperior|100/100|[from] drain|[of] p2a: Great Tusk
|faint|p2a: Great Tusk
|-end|p2a: Great Tusk|Protosynthesis|[silent]
|-damage|p1a: Serperior|91/100|[from] item: Life Orb
|
|upkeep
|
|t:|1760446893
|switch|p2a: Darkrai|Darkrai, shiny|100/100
|turn|7
|
|t:|1760446899
|switch|p1a: Kingambit|Kingambit, F|93/100
|move|p2a: Darkrai|Knock Off|p1a: Kingambit
|-resisted|p1a: Kingambit
|-damage|p1a: Kingambit|78/100
|-enditem|p1a: Kingambit|Leftovers|[from] move: Knock Off|[of] p2a: Darkrai
|
|upkeep
|turn|8
|
|t:|1760446911
|switch|p2a: Dragonite|Dragonite, M, shiny|100/100
|move|p1a: Kingambit|Iron Head|p2a: Dragonite
|-damage|p2a: Dragonite|79/100
|
|upkeep
|turn|9
|
|t:|1760446917
|move|p2a: Dragonite|Dragon Dance|p2a: Dragonite
|-boost|p2a: Dragonite|atk|1
|-boost|p2a: Dragonite|spe|1
|move|p1a: Kingambit|Kowtow Cleave|p2a: Dragonite
|-damage|p2a: Dragonite|31/100
|
|upkeep
|turn|10
|
|t:|1760446922
|move|p2a: Dragonite|Earthquake|p1a: Kingambit
|-supereffective|p1a: Kingambit
|-damage|p1a: Kingambit|13/100
|move|p1a: Kingambit|Kowtow Cleave|p2a: Dragonite
|-damage|p2a: Dragonite|0 fnt
|faint|p2a: Dragonite
|
|upkeep
|
|t:|1760446927
|switch|p2a: Darkrai|Darkrai, shiny|100/100
|turn|11
|
|t:|1760446936
|move|p2a: Darkrai|Dark Pulse|p1a: Kingambit
|-resisted|p1a: Kingambit
|-damage|p1a: Kingambit|0 fnt
|faint|p1a: Kingambit
|
|upkeep
|
|t:|1760446941
|switch|p1a: Enamorus|Enamorus, F, shiny|100/100
|turn|12
|
|t:|1760446968
|-terastallize|p1a: Enamorus|Stellar
|move|p1a: Enamorus|Tera Blast|p2a: Darkrai|[anim] Tera Blast Stellar
|-damage|p2a: Darkrai|47/100
|-boost|p1a: Enamorus|atk|1
|-boost|p1a: Enamorus|spa|1
|move|p2a: Darkrai|Ice Beam|p1a: Enamorus
|-supereffective|p1a: Enamorus
|-damage|p1a: Enamorus|11/100
|
|upkeep
|turn|13
|
|t:|1760446977
|move|p1a: Enamorus|Tera Blast|p2a: Darkrai|[anim] Tera Blast Stellar
|-damage|p2a: Darkrai|0 fnt
|-boost|p1a: Enamorus|atk|1
|-boost|p1a: Enamorus|spa|1
|faint|p2a: Darkrai
|
|upkeep
|
|t:|1760446982
|switch|p2a: Kingambit|Kingambit, F|100/100
|-activate|p2a: Kingambit|ability: Supreme Overlord
|-start|p2a: Kingambit|fallen4|[silent]
|turn|14
|
|t:|1760446985
|move|p2a: Kingambit|Sucker Punch|p1a: Enamorus
|-resisted|p1a: Enamorus
|-damage|p1a: Enamorus|0 fnt
|faint|p1a: Enamorus
|
|upkeep
|
|t:|1760446988
|switch|p1a: Cinderace|Cinderace, F|100/100
|turn|15
|
|t:|1760447001
|-terastallize|p2a: Kingambit|Flying
|move|p1a: Cinderace|Will-O-Wisp|p2a: Kingambit
|-status|p2a: Kingambit|brn
|move|p2a: Kingambit|Kowtow Cleave|p1a: Cinderace
|-damage|p1a: Cinderace|52/100
|
|-damage|p2a: Kingambit|94/100 brn|[from] brn
|upkeep
|turn|16
|
|t:|1760447006
|move|p1a: Cinderace|Pyro Ball|p2a: Kingambit
|-crit|p2a: Kingambit
|-damage|p2a: Kingambit|35/100 brn
|move|p2a: Kingambit|Swords Dance|p2a: Kingambit
|-boost|p2a: Kingambit|atk|2
|
|-heal|p2a: Kingambit|41/100 brn|[from] item: Leftovers
|-damage|p2a: Kingambit|35/100 brn|[from] brn
|upkeep
|turn|17
|
|t:|1760447013
|move|p2a: Kingambit|Sucker Punch|p1a: Cinderace
|-damage|p1a: Cinderace|0 fnt
|faint|p1a: Cinderace
|
|-heal|p2a: Kingambit|41/100 brn|[from] item: Leftovers
|-damage|p2a: Kingambit|35/100 brn|[from] brn
|upkeep
|
|t:|1760447015
|switch|p1a: Serperior|Serperior, M|91/100
|turn|18
|
|t:|1760447020
|move|p1a: Serperior|Substitute|p1a: Serperior
|-start|p1a: Serperior|Substitute
|-damage|p1a: Serperior|66/100
|move|p2a: Kingambit|Kowtow Cleave|p1a: Serperior
|-end|p1a: Serperior|Substitute
|
|-heal|p2a: Kingambit|41/100 brn|[from] item: Leftovers
|-damage|p2a: Kingambit|35/100 brn|[from] brn
|upkeep
|turn|19
|
|t:|1760447023
|move|p1a: Serperior|Substitute|p1a: Serperior
|-start|p1a: Serperior|Substitute
|-damage|p1a: Serperior|41/100
|move|p2a: Kingambit|Kowtow Cleave|p1a: Serperior
|-end|p1a: Serperior|Substitute
|
|-heal|p2a: Kingambit|41/100 brn|[from] item: Leftovers
|-damage|p2a: Kingambit|35/100 brn|[from] brn
|upkeep
|turn|20
|
|t:|1760447026
|move|p1a: Serperior|Substitute|p1a: Serperior
|-start|p1a: Serperior|Substitute
|-damage|p1a: Serperior|16/100
|move|p2a: Kingambit|Kowtow Cleave|p1a: Serperior
|-crit|p1a: Serperior
|-end|p1a: Serperior|Substitute
|
|-heal|p2a: Kingambit|41/100 brn|[from] item: Leftovers
|-damage|p2a: Kingambit|35/100 brn|[from] brn
|upkeep
|turn|21
|
|t:|1760447029
|move|p1a: Serperior|Leaf Storm|p2a: Kingambit
|-resisted|p2a: Kingambit
|-damage|p2a: Kingambit|5/100 brn
|-boost|p1a: Serperior|spa|2
|-damage|p1a: Serperior|6/100|[from] item: Life Orb
|move|p2a: Kingambit|Kowtow Cleave|p1a: Serperior
|-crit|p1a: Serperior
|-damage|p1a: Serperior|0 fnt
|faint|p1a: Serperior
|
|-heal|p2a: Kingambit|12/100 brn|[from] item: Leftovers
|-damage|p2a: Kingambit|5/100 brn|[from] brn
|upkeep
|
|t:|1760447031
|switch|p1a: Malamar|Malamar, F|100/100
|turn|22
|
|t:|1760447042
|move|p2a: Kingambit|Sucker Punch||[still]
|-fail|p2a: Kingambit
|move|p1a: Malamar|Topsy-Turvy|p2a: Kingambit
|-invertboost|p2a: Kingambit|[from] move: Topsy-Turvy
|
|-heal|p2a: Kingambit|12/100 brn|[from] item: Leftovers
|-damage|p2a: Kingambit|5/100 brn|[from] brn
|upkeep
|turn|23
|
|t:|1760447052
|move|p1a: Malamar|Superpower|p2a: Kingambit
|-resisted|p2a: Kingambit
|-damage|p2a: Kingambit|0 fnt
|-boost|p1a: Malamar|atk|1
|-boost|p1a: Malamar|def|1
|faint|p2a: Kingambit
|-end|p2a: Kingambit|fallen4|[silent]
|
|upkeep
|
|t:|1760447055
|switch|p2a: Gholdengo|Gholdengo, shiny|100/100
|-item|p2a: Gholdengo|Air Balloon
|turn|24
|
|t:|1760447060
|move|p2a: Gholdengo|Dazzling Gleam|p1a: Malamar
|-supereffective|p1a: Malamar
|-damage|p1a: Malamar|21/100
|move|p1a: Malamar|Knock Off|p2a: Gholdengo
|-supereffective|p2a: Gholdengo
|-damage|p2a: Gholdengo|0 fnt
|-enditem|p2a: Gholdengo|Air Balloon
|faint|p2a: Gholdengo
|
|win|amnakoy
|raw|amnakoy's rating: 1365 &rarr; <strong>1384</strong><br />(+19 for winning)
|raw|milkmama's rating: 1355 &rarr; <strong>1336</strong><br />(-19 for losing)
|l|☆milkmama
|player|p2|
|l|☆amnakoy
|player|p1|
