|j|☆ieatbreadstix
|j|☆Kosmicbad
|t:|1760322102
|gametype|singles
|player|p1|ieatbreadstix|gentleman|
|player|p2|Kosmicbad|170|
|gen|9
|tier|[Gen 9] OU
|rule|HP Percentage Mod: HP is shown in percentages
|rule|Endless Battle Clause: Forcing endless battles is banned
|rule|Species Clause: Limit one of each Pokémon
|rule|OHKO Clause: OHKO moves are banned
|rule|Evasion Items Clause: Evasion items are banned
|rule|Evasion Moves Clause: Evasion moves are banned
|rule|Evasion Abilities Clause: Evasion abilities are banned
|rule|Sleep Moves Clause: Sleep-inducing moves are banned
|clearpoke
|poke|p1|Galvantula, F|
|poke|p1|Haxorus, F|
|poke|p1|Gengar, F|
|poke|p1|Raging Bolt|
|poke|p1|Walking Wake|
|poke|p1|Tornadus-Therian, M|
|poke|p2|Greninja-*, M|
|poke|p2|Donphan, M|
|poke|p2|Umbreon, M|
|poke|p2|Ninetales-Alola, F|
|poke|p2|Latios, M|
|poke|p2|Garganacl, M|
|teampreview
|j| solggington
|j| TheMasterAJ
|j| Hedgehog415
|j| Squallum2911
|j| lamp37
|
|t:|1760322122
|teamsize|p1|6
|teamsize|p2|6
|start
|switch|p1a: Road Construction|Galvantula, F|100/100
|switch|p2a: Lars|Donphan, M|100/100
|turn|1
|
|t:|1760322141
|move|p1a: Road Construction|Energy Ball|p2a: Lars
|-supereffective|p2a: Lars
|-damage|p2a: Lars|53/100
|move|p2a: Lars|Earthquake|p1a: Road Construction
|-enditem|p1a: Road Construction|Focus Sash
|-damage|p1a: Road Construction|1/100
|
|upkeep
|turn|2
|
|t:|1760322149
|move|p2a: Lars|Ice Shard|p1a: Road Construction
|-damage|p1a: Road Construction|0 fnt
|faint|p1a: Road Construction
|
|upkeep
|j| Tent_Lord
|
|t:|1760322195
|switch|p1a: Burnt Fishes|Walking Wake|100/100
|-enditem|p1a: Burnt Fishes|Booster Energy
|-activate|p1a: Burnt Fishes|ability: Protosynthesis|[fromitem]
|-start|p1a: Burnt Fishes|protosynthesisspa
|turn|3
|
|t:|1760322210
|move|p1a: Burnt Fishes|Scald|p2a: Lars
|-supereffective|p2a: Lars
|-damage|p2a: Lars|0 fnt
|faint|p2a: Lars
|
|upkeep
|
|t:|1760322220
|switch|p2a: Ecl9pse|Umbreon, M, shiny|100/100
|turn|4
|
|t:|1760322233
|-terastallize|p1a: Burnt Fishes|Fairy
|move|p1a: Burnt Fishes|Tera Blast|p2a: Ecl9pse|[anim] Tera Blast Fairy
|-supereffective|p2a: Ecl9pse
|-damage|p2a: Ecl9pse|27/100
|move|p2a: Ecl9pse|Toxic|p1a: Burnt Fishes|[miss]
|-miss|p2a: Ecl9pse|p1a: Burnt Fishes
|
|-heal|p2a: Ecl9pse|33/100|[from] item: Leftovers
|upkeep
|turn|5
|
|t:|1760322241
|move|p2a: Ecl9pse|Protect|p2a: Ecl9pse
|-singleturn|p2a: Ecl9pse|Protect
|move|p1a: Burnt Fishes|Tera Blast|p2a: Ecl9pse|[anim] Tera Blast Fairy
|-activate|p2a: Ecl9pse|move: Protect
|
|-heal|p2a: Ecl9pse|40/100|[from] item: Leftovers
|upkeep
|turn|6
|
|t:|1760322273
|-terastallize|p2a: Ecl9pse|Ghost
|move|p1a: Burnt Fishes|Tera Blast|p2a: Ecl9pse|[anim] Tera Blast Fairy
|-damage|p2a: Ecl9pse|6/100
|move|p2a: Ecl9pse|Moonlight|p2a: Ecl9pse
|-heal|p2a: Ecl9pse|56/100
|
|-heal|p2a: Ecl9pse|62/100|[from] item: Leftovers
|upkeep
|turn|7
|
|t:|1760322301
|-end|p1a: Burnt Fishes|Protosynthesis|[silent]
|switch|p1a: Bird Feeder|Tornadus-Therian, M|100/100
|move|p2a: Ecl9pse|Toxic|p1a: Bird Feeder
|-status|p1a: Bird Feeder|tox
|
|-heal|p2a: Ecl9pse|68/100|[from] item: Leftovers
|-damage|p1a: Bird Feeder|94/100 tox|[from] psn
|upkeep
|turn|8
|
|t:|1760322314
|move|p2a: Ecl9pse|Protect|p2a: Ecl9pse
|-singleturn|p2a: Ecl9pse|Protect
|move|p1a: Bird Feeder|Dark Pulse|p2a: Ecl9pse
|-activate|p2a: Ecl9pse|move: Protect
|
|-heal|p2a: Ecl9pse|74/100|[from] item: Leftovers
|-damage|p1a: Bird Feeder|82/100 tox|[from] psn
|upkeep
|turn|9
|
|t:|1760322346
|switch|p2a: Ryan|Ninetales-Alola, F|100/100
|-weather|Snowscape|[from] ability: Snow Warning|[of] p2a: Ryan
|move|p1a: Bird Feeder|Sludge Wave|p2a: Ryan
|-supereffective|p2a: Ryan
|-damage|p2a: Ryan|26/100
|
|-weather|Snowscape|[upkeep]
|-damage|p1a: Bird Feeder|64/100 tox|[from] psn
|upkeep
|turn|10
|
|t:|1760322360
|move|p1a: Bird Feeder|Air Slash|p2a: Ryan
|-damage|p2a: Ryan|0 fnt
|faint|p2a: Ryan
|
|-weather|Snowscape|[upkeep]
|-damage|p1a: Bird Feeder|40/100 tox|[from] psn
|upkeep
|
|t:|1760322384
|switch|p2a: Narutoad|Greninja, M|100/100
|turn|11
|
|t:|1760322400
|move|p2a: Narutoad|Ice Beam|p1a: Bird Feeder
|-supereffective|p1a: Bird Feeder
|-crit|p1a: Bird Feeder
|-damage|p1a: Bird Feeder|0 fnt
|faint|p1a: Bird Feeder
|-ability|p2a: Narutoad|Battle Bond|boost
|-boost|p2a: Narutoad|atk|1
|-boost|p2a: Narutoad|spa|1
|-boost|p2a: Narutoad|spe|1
|-activate|p2a: Narutoad|ability: Battle Bond
|-damage|p2a: Narutoad|91/100|[from] item: Life Orb
|
|-weather|Snowscape|[upkeep]
|upkeep
|
|t:|1760322449
|switch|p1a: Neck|Raging Bolt|100/100
|turn|12
|
|t:|1760322459
|move|p1a: Neck|Thunderclap|p2a: Narutoad
|-supereffective|p2a: Narutoad
|-damage|p2a: Narutoad|0 fnt
|faint|p2a: Narutoad
|
|-weather|Snowscape|[upkeep]
|upkeep
|
|t:|1760322479
|switch|p2a: Ecl9pse|Umbreon, M, shiny, tera:Ghost|74/100
|turn|13
|
|t:|1760322492
|-end|p1a: Neck|Protosynthesis|[silent]
|switch|p1a: -1 Gankster Rep|Gengar, F|100/100
|-item|p1a: -1 Gankster Rep|Air Balloon
|move|p2a: Ecl9pse|Toxic|p1a: -1 Gankster Rep
|-immune|p1a: -1 Gankster Rep
|
|-weather|none
|-heal|p2a: Ecl9pse|80/100|[from] item: Leftovers
|upkeep
|turn|14
|
|t:|1760322506
|move|p1a: -1 Gankster Rep|Shadow Ball|p2a: Ecl9pse
|-supereffective|p2a: Ecl9pse
|-crit|p2a: Ecl9pse
|-damage|p2a: Ecl9pse|3/100
|move|p2a: Ecl9pse|Foul Play|p1a: -1 Gankster Rep
|-supereffective|p1a: -1 Gankster Rep
|-damage|p1a: -1 Gankster Rep|38/100
|-enditem|p1a: -1 Gankster Rep|Air Balloon
|
|-heal|p2a: Ecl9pse|9/100|[from] item: Leftovers
|upkeep
|turn|15
|
|t:|1760322519
|move|p2a: Ecl9pse|Protect|p2a: Ecl9pse
|-singleturn|p2a: Ecl9pse|Protect
|move|p1a: -1 Gankster Rep|Shadow Ball|p2a: Ecl9pse
|-activate|p2a: Ecl9pse|move: Protect
|
|-heal|p2a: Ecl9pse|15/100|[from] item: Leftovers
|upkeep
|turn|16
|
|t:|1760322536
|move|p1a: -1 Gankster Rep|Shadow Ball|p2a: Ecl9pse
|-supereffective|p2a: Ecl9pse
|-damage|p2a: Ecl9pse|0 fnt
|faint|p2a: Ecl9pse
|
|upkeep
|
|t:|1760322543
|switch|p2a: Carson Mohr|Latios, M|100/100
|turn|17
|
|t:|1760322561
|move|p2a: Carson Mohr|Luster Purge|p1a: -1 Gankster Rep
|-supereffective|p1a: -1 Gankster Rep
|-damage|p1a: -1 Gankster Rep|0 fnt
|-start|p2a: Carson Mohr|Disable|Luster Purge|[from] ability: Cursed Body|[of] p1a: -1 Gankster Rep
|faint|p1a: -1 Gankster Rep
|
|upkeep
|
|t:|1760322569
|switch|p1a: Burnt Fishes|Walking Wake, tera:Fairy|100/100
|turn|18
|
|t:|1760322591
|switch|p2a: xProd|Garganacl, M, shiny|100/100
|move|p1a: Burnt Fishes|Tera Blast|p2a: xProd|[anim] Tera Blast Fairy
|-damage|p2a: xProd|72/100
|
|-heal|p2a: xProd|78/100|[from] item: Leftovers
|upkeep
|turn|19
|
|t:|1760322605
|-end|p1a: Burnt Fishes|Protosynthesis|[silent]
|switch|p1a: sudo|Haxorus, F, shiny|100/100
|-ability|p1a: sudo|Mold Breaker
|move|p2a: xProd|Salt Cure|p1a: sudo
|-damage|p1a: sudo|82/100
|-start|p1a: sudo|Salt Cure
|
|-heal|p2a: xProd|84/100|[from] item: Leftovers
|-damage|p1a: sudo|69/100|[from] Salt Cure
|upkeep
|turn|20
|
|t:|1760322623
|move|p2a: xProd|Protect|p2a: xProd
|-singleturn|p2a: xProd|Protect
|move|p1a: sudo|Trailblaze|p2a: xProd
|-activate|p2a: xProd|move: Protect
|
|-heal|p2a: xProd|90/100|[from] item: Leftovers
|-damage|p1a: sudo|57/100|[from] Salt Cure
|upkeep
|turn|21
|
|t:|1760322633
|move|p1a: sudo|Trailblaze|p2a: xProd
|-supereffective|p2a: xProd
|-damage|p2a: xProd|61/100
|-boost|p1a: sudo|spe|1
|move|p2a: xProd|Earthquake|p1a: sudo
|-damage|p1a: sudo|28/100
|
|-heal|p2a: xProd|67/100|[from] item: Leftovers
|-damage|p1a: sudo|16/100|[from] Salt Cure
|upkeep
|turn|22
|
|t:|1760322653
|move|p2a: xProd|Protect|p2a: xProd
|-singleturn|p2a: xProd|Protect
|move|p1a: sudo|Close Combat|p2a: xProd
|-activate|p2a: xProd|move: Protect
|
|-heal|p2a: xProd|73/100|[from] item: Leftovers
|-damage|p1a: sudo|4/100|[from] Salt Cure
|upkeep
|turn|23
|
|t:|1760322676
|move|p1a: sudo|Close Combat|p2a: xProd
|-supereffective|p2a: xProd
|-damage|p2a: xProd|12/100
|-unboost|p1a: sudo|def|1
|-unboost|p1a: sudo|spd|1
|move|p2a: xProd|Recover|p2a: xProd
|-heal|p2a: xProd|62/100
|
|-heal|p2a: xProd|69/100|[from] item: Leftovers
|-damage|p1a: sudo|0 fnt|[from] Salt Cure
|faint|p1a: sudo
|upkeep
|
|t:|1760322694
|switch|p1a: Burnt Fishes|Walking Wake, tera:Fairy|100/100
|turn|24
|
|t:|1760322704
|move|p1a: Burnt Fishes|Scald|p2a: xProd
|-supereffective|p2a: xProd
|-damage|p2a: xProd|11/100
|move|p2a: xProd|Salt Cure|p1a: Burnt Fishes
|-damage|p1a: Burnt Fishes|85/100
|-start|p1a: Burnt Fishes|Salt Cure
|
|-heal|p2a: xProd|17/100|[from] item: Leftovers
|-damage|p1a: Burnt Fishes|73/100|[from] Salt Cure
|upkeep
|turn|25
|
|t:|1760322718
|move|p1a: Burnt Fishes|Scald|p2a: xProd
|-supereffective|p2a: xProd
|-damage|p2a: xProd|0 fnt
|faint|p2a: xProd
|
|-damage|p1a: Burnt Fishes|60/100|[from] Salt Cure
|upkeep
|
|t:|1760322727
|switch|p2a: Carson Mohr|Latios, M|100/100
|turn|26
|
|t:|1760322734
|move|p2a: Carson Mohr|Luster Purge|p1a: Burnt Fishes
|-damage|p1a: Burnt Fishes|6/100
|-unboost|p1a: Burnt Fishes|spd|1
|move|p1a: Burnt Fishes|Dragon Pulse|p2a: Carson Mohr
|-supereffective|p2a: Carson Mohr
|-damage|p2a: Carson Mohr|3/100
|
|-damage|p1a: Burnt Fishes|0 fnt|[from] Salt Cure
|faint|p1a: Burnt Fishes
|-end|p1a: Burnt Fishes|Protosynthesis|[silent]
|upkeep
|
|t:|1760322743
|switch|p1a: Neck|Raging Bolt|100/100
|turn|27
|l| lamp37
|
|t:|1760322746
|move|p1a: Neck|Thunderclap|p2a: Carson Mohr
|-resisted|p2a: Carson Mohr
|-damage|p2a: Carson Mohr|0 fnt
|faint|p2a: Carson Mohr
|
|win|ieatbreadstix
|l| TheMasterAJ
|l| Hedgehog415
