|j|☆Jkonek
|j|☆dzspeaking
|t:|1760342693
|gametype|singles
|player|p1|Jkonek|bellelba|1195
|player|p2|dzspeaking|1|1153
|gen|9
|tier|[Gen 9] OU
|rated|
|rule|HP Percentage Mod: HP is shown in percentages
|rule|Endless Battle Clause: Forcing endless battles is banned
|rule|Species Clause: Limit one of each Pokémon
|rule|OHKO Clause: OHKO moves are banned
|rule|Evasion Items Clause: Evasion items are banned
|rule|Evasion Moves Clause: Evasion moves are banned
|rule|Evasion Abilities Clause: Evasion abilities are banned
|rule|Sleep Moves Clause: Sleep-inducing moves are banned
|clearpoke
|poke|p1|Staraptor, F|
|poke|p1|Pelipper, F|
|poke|p1|Ogerpon-Wellspring, F|
|poke|p1|Scizor, M|
|poke|p1|Dragapult, M|
|poke|p1|Landorus-Therian, M|
|poke|p2|Cinderace, M|
|poke|p2|Corviknight, M|
|poke|p2|Gliscor, M|
|poke|p2|Garganacl, M|
|poke|p2|Ogerpon-Wellspring, F|
|poke|p2|Zamazenta-*|
|teampreview
|inactive|Battle timer is ON: inactive players will automatically lose when time's up. (requested by Jkonek)
|
|t:|1760342702
|teamsize|p1|6
|teamsize|p2|6
|start
|switch|p1a: Staraptor|Staraptor, F|100/100
|switch|p2a: Gliscor|Gliscor, M|100/100
|turn|1
|
|t:|1760342708
|move|p1a: Staraptor|Final Gambit|p2a: Gliscor
|-damage|p2a: Gliscor|0 fnt
|faint|p1a: Staraptor
|faint|p2a: Gliscor
|
|upkeep
|
|t:|1760342719
|switch|p1a: Pelipper|Pelipper, F|100/100
|switch|p2a: Cinderace|Cinderace, M|100/100
|-weather|RainDance|[from] ability: Drizzle|[of] p1a: Pelipper
|turn|2
|
|t:|1760342729
|move|p2a: Cinderace|U-turn|p1a: Pelipper
|-start|p2a: Cinderace|typechange|Bug|[from] ability: Libero
|-resisted|p1a: Pelipper
|-damage|p1a: Pelipper|84/100
|
|t:|1760342734
|switch|p2a: Ogerpon|Ogerpon-Wellspring, F|100/100|[from] U-turn
|move|p1a: Pelipper|U-turn|p2a: Ogerpon
|-supereffective|p2a: Ogerpon
|-damage|p2a: Ogerpon|75/100
|
|t:|1760342745
|switch|p1a: Scizor|Scizor, M|100/100|[from] U-turn
|
|-weather|RainDance|[upkeep]
|upkeep
|turn|3
|
|t:|1760342762
|switch|p2a: Corviknight|Corviknight, M|100/100
|-ability|p2a: Corviknight|Pressure
|move|p1a: Scizor|U-turn|p2a: Corviknight
|-resisted|p2a: Corviknight
|-damage|p2a: Corviknight|95/100
|-damage|p1a: Scizor|84/100|[from] item: Rocky Helmet|[of] p2a: Corviknight
|
|t:|1760342791
|switch|p1a: Dragapult|Dragapult, M|100/100|[from] U-turn
|
|-weather|RainDance|[upkeep]
|upkeep
|turn|4
|inactive|Jkonek has 120 seconds left.
|
|t:|1760342822
|move|p1a: Dragapult|Shadow Ball|p2a: Corviknight
|-damage|p2a: Corviknight|41/100
|move|p2a: Corviknight|Brave Bird|p1a: Dragapult
|-crit|p1a: Dragapult
|-damage|p1a: Dragapult|22/100
|-damage|p2a: Corviknight|20/100|[from] Recoil
|
|-weather|RainDance|[upkeep]
|upkeep
|turn|5
|
|t:|1760342835
|switch|p2a: Cinderace|Cinderace, M|100/100
|move|p1a: Dragapult|Shadow Ball|p2a: Cinderace
|-damage|p2a: Cinderace|31/100
|
|-weather|RainDance|[upkeep]
|upkeep
|turn|6
|inactive|Jkonek has 120 seconds left.
|
|t:|1760342859
|switch|p1a: Pelipper|Pelipper, F|84/100
|move|p2a: Cinderace|Sucker Punch||[still]
|-fail|p2a: Cinderace
|
|-weather|RainDance|[upkeep]
|upkeep
|turn|7
|
|t:|1760342871
|move|p2a: Cinderace|U-turn|p1a: Pelipper
|-start|p2a: Cinderace|typechange|Bug|[from] ability: Libero
|-resisted|p1a: Pelipper
|-damage|p1a: Pelipper|67/100
|
|t:|1760342876
|switch|p2a: Ogerpon|Ogerpon-Wellspring, F|75/100|[from] U-turn
|move|p1a: Pelipper|U-turn|p2a: Ogerpon
|-supereffective|p2a: Ogerpon
|-damage|p2a: Ogerpon|51/100
|
|t:|1760342892
|switch|p1a: Dragapult|Dragapult, M|22/100|[from] U-turn
|
|-weather|RainDance|[upkeep]
|upkeep
|turn|8
|
|t:|1760342922
|switch|p2a: Zamazenta|Zamazenta|100/100
|-ability|p2a: Zamazenta|Dauntless Shield|boost
|-boost|p2a: Zamazenta|def|1
|move|p1a: Dragapult|Shadow Ball|p2a: Zamazenta
|-damage|p2a: Zamazenta|57/100
|
|-weather|RainDance|[upkeep]
|-heal|p2a: Zamazenta|63/100|[from] item: Leftovers
|upkeep
|turn|9
|inactive|Jkonek has 120 seconds left.
|
|t:|1760342945
|switch|p1a: Scizor|Scizor, M|84/100
|move|p2a: Zamazenta|Crunch|p1a: Scizor
|-damage|p1a: Scizor|60/100
|
|-weather|none
|-heal|p2a: Zamazenta|70/100|[from] item: Leftovers
|-heal|p1a: Scizor|66/100|[from] item: Leftovers
|upkeep
|turn|10
|
|t:|1760342959
|switch|p2a: Corviknight|Corviknight, M|20/100
|-ability|p2a: Corviknight|Pressure
|move|p1a: Scizor|U-turn|p2a: Corviknight
|-resisted|p2a: Corviknight
|-damage|p2a: Corviknight|14/100
|-damage|p1a: Scizor|50/100|[from] item: Rocky Helmet|[of] p2a: Corviknight
|
|t:|1760342970
|switch|p1a: Dragapult|Dragapult, M|22/100|[from] U-turn
|
|upkeep
|turn|11
|
|t:|1760342976
|move|p1a: Dragapult|Shadow Ball|p2a: Corviknight
|-damage|p2a: Corviknight|0 fnt
|faint|p2a: Corviknight
|
|upkeep
|
|t:|1760342981
|switch|p2a: Cinderace|Cinderace, M|31/100
|turn|12
|inactive|Jkonek has 120 seconds left.
|
|t:|1760343000
|switch|p1a: Pelipper|Pelipper, F|67/100
|-weather|RainDance|[from] ability: Drizzle|[of] p1a: Pelipper
|move|p2a: Cinderace|Sucker Punch||[still]
|-fail|p2a: Cinderace
|
|-weather|RainDance|[upkeep]
|upkeep
|turn|13
|inactive|Jkonek has 120 seconds left.
|
|t:|1760343018
|move|p2a: Cinderace|U-turn|p1a: Pelipper
|-start|p2a: Cinderace|typechange|Bug|[from] ability: Libero
|-resisted|p1a: Pelipper
|-crit|p1a: Pelipper
|-damage|p1a: Pelipper|40/100
|
|t:|1760343025
|switch|p2a: Zamazenta|Zamazenta|70/100|[from] U-turn
|move|p1a: Pelipper|U-turn|p2a: Zamazenta
|-resisted|p2a: Zamazenta
|-damage|p2a: Zamazenta|66/100
|inactive|Jkonek has 120 seconds left.
|
|t:|1760343046
|switch|p1a: Dragapult|Dragapult, M|22/100|[from] U-turn
|
|-weather|RainDance|[upkeep]
|-heal|p2a: Zamazenta|72/100|[from] item: Leftovers
|upkeep
|turn|14
|
|t:|1760343056
|move|p1a: Dragapult|Draco Meteor|p2a: Zamazenta
|-damage|p2a: Zamazenta|1/100
|-unboost|p1a: Dragapult|spa|2
|move|p2a: Zamazenta|Crunch|p1a: Dragapult
|-supereffective|p1a: Dragapult
|-damage|p1a: Dragapult|0 fnt
|faint|p1a: Dragapult
|
|-weather|RainDance|[upkeep]
|-heal|p2a: Zamazenta|7/100|[from] item: Leftovers
|upkeep
|
|t:|1760343072
|switch|p1a: Ogerpon|Ogerpon-Wellspring, F|100/100
|turn|15
|
|t:|1760343077
|move|p2a: Zamazenta|Rest|p2a: Zamazenta
|-status|p2a: Zamazenta|slp|[from] move: Rest
|-heal|p2a: Zamazenta|100/100 slp|[silent]
|move|p1a: Ogerpon|Swords Dance|p1a: Ogerpon
|-boost|p1a: Ogerpon|atk|2
|
|-weather|RainDance|[upkeep]
|upkeep
|turn|16
|inactive|Jkonek has 120 seconds left.
|
|t:|1760343084
|cant|p2a: Zamazenta|slp
|move|p1a: Ogerpon|Swords Dance|p1a: Ogerpon
|-boost|p1a: Ogerpon|atk|2
|
|-weather|RainDance|[upkeep]
|upkeep
|turn|17
|
|t:|1760343093
|cant|p2a: Zamazenta|slp
|move|p1a: Ogerpon|Horn Leech|p2a: Zamazenta
|-damage|p2a: Zamazenta|4/100 slp
|
|-weather|RainDance|[upkeep]
|-heal|p2a: Zamazenta|10/100 slp|[from] item: Leftovers
|upkeep
|turn|18
|
|t:|1760343109
|-curestatus|p2a: Zamazenta|slp|[msg]
|move|p2a: Zamazenta|Rest|p2a: Zamazenta
|-status|p2a: Zamazenta|slp|[from] move: Rest
|-heal|p2a: Zamazenta|100/100 slp|[silent]
|move|p1a: Ogerpon|Horn Leech|p2a: Zamazenta
|-damage|p2a: Zamazenta|1/100 slp
|
|-weather|RainDance|[upkeep]
|-heal|p2a: Zamazenta|7/100 slp|[from] item: Leftovers
|upkeep
|turn|19
|
|t:|1760343127
|switch|p2a: Cinderace|Cinderace, M|31/100
|move|p1a: Ogerpon|Swords Dance|p1a: Ogerpon
|-boost|p1a: Ogerpon|atk|2
|
|-weather|none
|upkeep
|turn|20
|
|t:|1760343137
|move|p1a: Ogerpon|Horn Leech|p2a: Cinderace
|-resisted|p2a: Cinderace
|-damage|p2a: Cinderace|0 fnt
|faint|p2a: Cinderace
|
|upkeep
|
|t:|1760343142
|switch|p2a: Ogerpon|Ogerpon-Wellspring, F|51/100
|turn|21
|
|t:|1760343156
|move|p1a: Ogerpon|Horn Leech|p2a: Ogerpon
|-damage|p2a: Ogerpon|0 fnt
|faint|p2a: Ogerpon
|
|upkeep
|c|☆dzspeaking|gg
|
|t:|1760343164
|switch|p2a: Garganacl|Garganacl, M|100/100
|turn|22
|
|t:|1760343178
|move|p1a: Ogerpon|Ivy Cudgel|p2a: Garganacl|[anim] Ivy Cudgel Water
|-supereffective|p2a: Garganacl
|-damage|p2a: Garganacl|0 fnt
|faint|p2a: Garganacl
|
|upkeep
|c|☆Jkonek|gg
|
|t:|1760343183
|switch|p2a: Zamazenta|Zamazenta|7/100 slp
|turn|23
|
|t:|1760343186
|cant|p2a: Zamazenta|slp
|move|p1a: Ogerpon|U-turn|p2a: Zamazenta
|-resisted|p2a: Zamazenta
|-damage|p2a: Zamazenta|0 fnt
|faint|p2a: Zamazenta
|
|win|Jkonek
|raw|Jkonek's rating: 1195 &rarr; <strong>1217</strong><br />(+22 for winning)
|raw|dzspeaking's rating: 1153 &rarr; <strong>1131</strong><br />(-22 for losing)
|l|☆dzspeaking
|player|p2|
|l|☆Jkonek
|player|p1|
