|j|☆Lakerssuck
|j|☆mandude476
|t:|1760414735
|gametype|singles
|player|p1|Lakerssuck|170|1325
|player|p2|mandude476|ghetsis|1309
|gen|9
|tier|[Gen 9] OU
|rated|
|rule|HP Percentage Mod: HP is shown in percentages
|rule|Endless Battle Clause: Forcing endless battles is banned
|rule|Species Clause: Limit one of each Pokémon
|rule|OHKO Clause: OHKO moves are banned
|rule|Evasion Items Clause: Evasion items are banned
|rule|Evasion Moves Clause: Evasion moves are banned
|rule|Evasion Abilities Clause: Evasion abilities are banned
|rule|Sleep Moves Clause: Sleep-inducing moves are banned
|clearpoke
|poke|p1|Landorus-Therian, M|
|poke|p1|Forretress, M|
|poke|p1|Slowking-Galar, F|
|poke|p1|Raging Bolt|
|poke|p1|Iron Valiant|
|poke|p1|Darkrai|
|poke|p2|Ribombee, M|
|poke|p2|Gliscor, F|
|poke|p2|Gholdengo|
|poke|p2|Arcanine-Hisui, F|
|poke|p2|Samurott-Hisui, M|
|poke|p2|Slowking-Galar, F|
|teampreview
|
|t:|1760414746
|teamsize|p1|6
|teamsize|p2|6
|start
|switch|p1a: Forretress|Forretress, M|100/100
|switch|p2a: Arcanine|Arcanine-Hisui, F|100/100
|turn|1
|
|t:|1760414753
|move|p2a: Arcanine|Flare Blitz|p1a: Forretress
|-supereffective|p1a: Forretress
|-ability|p1a: Forretress|Sturdy
|-damage|p1a: Forretress|1/100
|-damage|p2a: Arcanine|84/100|[from] item: Rocky Helmet|[of] p1a: Forretress
|move|p1a: Forretress|Gyro Ball|p2a: Arcanine
|-damage|p2a: Arcanine|43/100
|
|upkeep
|turn|2
|
|t:|1760414762
|switch|p1a: Landorus|Landorus-Therian, M|100/100
|-ability|p1a: Landorus|Intimidate|boost
|-unboost|p2a: Arcanine|atk|1
|move|p2a: Arcanine|Flare Blitz|p1a: Landorus
|-damage|p1a: Landorus|33/100
|-status|p1a: Landorus|brn
|-damage|p2a: Arcanine|26/100|[from] item: Rocky Helmet|[of] p1a: Landorus
|
|-damage|p1a: Landorus|27/100 brn|[from] brn
|upkeep
|turn|3
|
|t:|1760414776
|move|p1a: Landorus|Earthquake|p2a: Arcanine
|-supereffective|p2a: Arcanine
|-damage|p2a: Arcanine|0 fnt
|faint|p2a: Arcanine
|
|-damage|p1a: Landorus|21/100 brn|[from] brn
|upkeep
|
|t:|1760414784
|switch|p2a: Samurott|Samurott-Hisui, M|100/100
|turn|4
|
|t:|1760414790
|move|p2a: Samurott|Ceaseless Edge|p1a: Landorus
|-damage|p1a: Landorus|0 fnt
|-damage|p2a: Samurott|84/100|[from] item: Rocky Helmet|[of] p1a: Landorus
|-sidestart|p1: Lakerssuck|Spikes
|faint|p1a: Landorus
|
|upkeep
|
|t:|1760414799
|switch|p1a: Darkrai|Darkrai|100/100
|-damage|p1a: Darkrai|88/100|[from] Spikes
|turn|5
|
|t:|1760414855
|move|p2a: Samurott|Ceaseless Edge|p1a: Darkrai
|-resisted|p1a: Darkrai
|-damage|p1a: Darkrai|61/100
|-sidestart|p1: Lakerssuck|Spikes
|move|p1a: Darkrai|Sludge Bomb|p2a: Samurott
|-damage|p2a: Samurott|16/100
|-status|p2a: Samurott|psn
|
|-damage|p2a: Samurott|3/100 psn|[from] psn
|upkeep
|turn|6
|
|t:|1760414868
|switch|p1a: Forretress|Forretress, M|1/100
|-damage|p1a: Forretress|0 fnt|[from] Spikes
|faint|p1a: Forretress
|move|p2a: Samurott|Ceaseless Edge|p1: Forretress|[notarget]
|-fail|p2a: Samurott
|
|-damage|p2a: Samurott|0 fnt|[from] psn
|faint|p2a: Samurott
|upkeep
|
|t:|1760414881
|switch|p2a: Ribombee|Ribombee, M|100/100
|switch|p1a: Slowking|Slowking-Galar, F|100/100
|turn|7
|
|t:|1760414885
|move|p2a: Ribombee|Sticky Web|p1a: Slowking
|-sidestart|p1: Lakerssuck|move: Sticky Web
|move|p1a: Slowking|Sludge Bomb|p2a: Ribombee
|-supereffective|p2a: Ribombee
|-enditem|p2a: Ribombee|Focus Sash
|-damage|p2a: Ribombee|1/100
|
|upkeep
|turn|8
|
|t:|1760414894
|move|p2a: Ribombee|Stun Spore|p1a: Slowking
|-status|p1a: Slowking|par
|move|p1a: Slowking|Future Sight|p2a: Ribombee
|-start|p1a: Slowking|move: Future Sight
|
|upkeep
|turn|9
|
|t:|1760414907
|move|p2a: Ribombee|Moonblast|p1a: Slowking
|-resisted|p1a: Slowking
|-damage|p1a: Slowking|92/100 par
|move|p1a: Slowking|Surf|p2a: Ribombee
|-damage|p2a: Ribombee|0 fnt
|faint|p2a: Ribombee
|
|upkeep
|
|t:|1760414912
|switch|p2a: Slowking|Slowking-Galar, F|100/100
|turn|10
|
|t:|1760414919
|move|p2a: Slowking|Future Sight|p1a: Slowking
|-start|p2a: Slowking|move: Future Sight
|-prepare|p1a: Slowking|Chilly Reception|[premajor]
|move|p1a: Slowking|Chilly Reception|p1a: Slowking
|-weather|Snowscape
|
|t:|1760414923
|switch|p1a: Darkrai|Darkrai|61/100|[from] Chilly Reception
|-damage|p1a: Darkrai|45/100|[from] Spikes
|-activate|p1a: Darkrai|move: Sticky Web
|-unboost|p1a: Darkrai|spe|1
|
|-weather|Snowscape|[upkeep]
|-end|p2a: Slowking|move: Future Sight
|-damage|p2a: Slowking|75/100
|upkeep
|turn|11
|
|t:|1760414933
|-terastallize|p2a: Slowking|Water
|move|p1a: Darkrai|Dark Pulse|p2a: Slowking
|-damage|p2a: Slowking|34/100
|move|p2a: Slowking|Thunder Wave|p1a: Darkrai
|-status|p1a: Darkrai|par
|
|-weather|Snowscape|[upkeep]
|upkeep
|turn|12
|
|t:|1760414941
|move|p1a: Darkrai|Dark Pulse|p2a: Slowking
|-damage|p2a: Slowking|0 fnt
|faint|p2a: Slowking
|
|-weather|Snowscape|[upkeep]
|-end|p1a: Darkrai|move: Future Sight
|-immune|p1a: Darkrai
|upkeep
|
|t:|1760414943
|switch|p2a: Gliscor|Gliscor, F|100/100
|turn|13
|
|t:|1760414952
|switch|p1a: Slowking|Slowking-Galar, F|100/100 par
|move|p2a: Gliscor|Protect||[still]
|-fail|p2a: Gliscor
|
|-weather|Snowscape|[upkeep]
|-status|p2a: Gliscor|tox|[from] item: Toxic Orb
|upkeep
|turn|14
|
|t:|1760414957
|move|p2a: Gliscor|Earthquake|p1a: Slowking
|-supereffective|p1a: Slowking
|-damage|p1a: Slowking|33/100 par
|move|p1a: Slowking|Future Sight|p2a: Gliscor
|-start|p1a: Slowking|move: Future Sight
|
|-weather|none
|upkeep
|turn|15
|
|t:|1760414968
|move|p2a: Gliscor|Earthquake|p1a: Slowking
|-supereffective|p1a: Slowking
|-damage|p1a: Slowking|0 fnt
|faint|p1a: Slowking
|
|upkeep
|
|t:|1760414971
|switch|p1a: Darkrai|Darkrai|45/100 par
|-damage|p1a: Darkrai|28/100 par|[from] Spikes
|-activate|p1a: Darkrai|move: Sticky Web
|-unboost|p1a: Darkrai|spe|1
|turn|16
|
|t:|1760414974
|move|p2a: Gliscor|Protect|p2a: Gliscor
|-singleturn|p2a: Gliscor|Protect
|move|p1a: Darkrai|Ice Beam|p2a: Gliscor
|-activate|p2a: Gliscor|move: Protect
|
|-end|p2a: Gliscor|move: Future Sight
|-crit|p2a: Gliscor
|-damage|p2a: Gliscor|36/100 tox
|-heal|p2a: Gliscor|49/100 tox|[from] ability: Poison Heal
|upkeep
|turn|17
|
|t:|1760414977
|move|p2a: Gliscor|Earthquake|p1a: Darkrai
|-damage|p1a: Darkrai|0 fnt
|faint|p1a: Darkrai
|
|-heal|p2a: Gliscor|61/100 tox|[from] ability: Poison Heal
|upkeep
|
|t:|1760414985
|switch|p1a: Iron Valiant|Iron Valiant|100/100
|-damage|p1a: Iron Valiant|84/100|[from] Spikes
|-activate|p1a: Iron Valiant|move: Sticky Web
|-unboost|p1a: Iron Valiant|spe|1
|-enditem|p1a: Iron Valiant|Booster Energy
|-activate|p1a: Iron Valiant|ability: Quark Drive|[fromitem]
|-start|p1a: Iron Valiant|quarkdrivespa
|turn|18
|
|t:|1760414988
|switch|p2a: Gholdengo|Gholdengo|100/100
|move|p1a: Iron Valiant|Moonblast|p2a: Gholdengo
|-resisted|p2a: Gholdengo
|-damage|p2a: Gholdengo|68/100
|
|upkeep
|turn|19
|
|t:|1760414993
|-terastallize|p1a: Iron Valiant|Ghost
|move|p2a: Gholdengo|Make It Rain|p1a: Iron Valiant
|-damage|p1a: Iron Valiant|0 fnt
|-unboost|p2a: Gholdengo|spa|1
|faint|p1a: Iron Valiant
|-end|p1a: Iron Valiant|Quark Drive|[silent]
|
|upkeep
|
|t:|1760414999
|switch|p1a: Raging Bolt|Raging Bolt|100/100
|turn|20
|
|t:|1760415004
|switch|p2a: Gliscor|Gliscor, F|61/100 tox
|move|p1a: Raging Bolt|Calm Mind|p1a: Raging Bolt
|-boost|p1a: Raging Bolt|spa|1
|-boost|p1a: Raging Bolt|spd|1
|
|-heal|p2a: Gliscor|73/100 tox|[from] ability: Poison Heal
|upkeep
|turn|21
|
|t:|1760415010
|move|p2a: Gliscor|Earthquake|p1a: Raging Bolt
|-supereffective|p1a: Raging Bolt
|-damage|p1a: Raging Bolt|49/100
|move|p1a: Raging Bolt|Draco Meteor|p2a: Gliscor
|-damage|p2a: Gliscor|0 fnt
|-unboost|p1a: Raging Bolt|spa|2
|faint|p2a: Gliscor
|
|upkeep
|
|t:|1760415012
|switch|p2a: Gholdengo|Gholdengo|68/100
|turn|22
|
|t:|1760415021
|move|p1a: Raging Bolt|Thunderclap||[still]
|-fail|p1a: Raging Bolt
|move|p2a: Gholdengo|Trick|p1a: Raging Bolt
|-activate|p2a: Gholdengo|move: Trick|[of] p1a: Raging Bolt
|-item|p1a: Raging Bolt|Choice Scarf|[from] move: Trick
|-item|p2a: Gholdengo|Heavy-Duty Boots|[from] move: Trick
|
|upkeep
|turn|23
|
|t:|1760415030
|move|p2a: Gholdengo|Shadow Ball|p1a: Raging Bolt
|-damage|p1a: Raging Bolt|26/100
|move|p1a: Raging Bolt|Volt Switch|p2a: Gholdengo
|-damage|p2a: Gholdengo|37/100
|
|upkeep
|turn|24
|
|t:|1760415036
|move|p2a: Gholdengo|Shadow Ball|p1a: Raging Bolt
|-damage|p1a: Raging Bolt|2/100
|move|p1a: Raging Bolt|Volt Switch|p2a: Gholdengo
|-damage|p2a: Gholdengo|6/100
|
|upkeep
|turn|25
|
|t:|1760415043
|move|p2a: Gholdengo|Shadow Ball|p1a: Raging Bolt
|-damage|p1a: Raging Bolt|0 fnt
|faint|p1a: Raging Bolt
|-end|p1a: Raging Bolt|Protosynthesis|[silent]
|
|win|mandude476
|raw|Lakerssuck's rating: 1325 &rarr; <strong>1304</strong><br />(-21 for losing)
|raw|mandude476's rating: 1309 &rarr; <strong>1330</strong><br />(+21 for winning)
|l|☆Lakerssuck
|player|p1|
|l|☆mandude476
|player|p2|
