|j|☆nnnnnnn00000
|j|☆Parallel Sweep
|t:|1760309008
|gametype|singles
|player|p1|nnnnnnn00000|2|1059
|player|p2|Parallel Sweep|volkner|1020
|gen|9
|tier|[Gen 9] OU
|rated|
|rule|HP Percentage Mod: HP is shown in percentages
|rule|Endless Battle Clause: Forcing endless battles is banned
|rule|Species Clause: Limit one of each Pokémon
|rule|OHKO Clause: OHKO moves are banned
|rule|Evasion Items Clause: Evasion items are banned
|rule|Evasion Moves Clause: Evasion moves are banned
|rule|Evasion Abilities Clause: Evasion abilities are banned
|rule|Sleep Moves Clause: Sleep-inducing moves are banned
|clearpoke
|poke|p1|Dragonite, M|
|poke|p1|Poliwrath, M|
|poke|p1|Incineroar, M|
|poke|p1|Corviknight, F|
|poke|p1|Garchomp, M|
|poke|p1|Salazzle, F|
|poke|p2|Ninetales, M|
|poke|p2|Sinistcha|
|poke|p2|Tropius, F|
|poke|p2|Corviknight, F|
|poke|p2|Weavile, M|
|poke|p2|Heatran, M|
|teampreview
|inactive|Battle timer is ON: inactive players will automatically lose when time's up. (requested by nnnnnnn00000)
|
|t:|1760309032
|teamsize|p1|6
|teamsize|p2|6
|start
|switch|p1a: Poliwrath|Poliwrath, M|100/100
|switch|p2a: Weavile|Weavile, M|100/100
|turn|1
|
|t:|1760309046
|switch|p2a: Ninetales|Ninetales, M|100/100
|-weather|SunnyDay|[from] ability: Drought|[of] p2a: Ninetales
|move|p1a: Poliwrath|Circle Throw|p2a: Ninetales
|-damage|p2a: Ninetales|61/100
|drag|p2a: Heatran|Heatran, M|100/100
|
|-weather|SunnyDay|[upkeep]
|upkeep
|turn|2
|
|t:|1760309055
|move|p2a: Heatran|Stealth Rock|p1a: Poliwrath
|-sidestart|p1: nnnnnnn00000|move: Stealth Rock
|move|p1a: Poliwrath|Circle Throw|p2a: Heatran
|-supereffective|p2a: Heatran
|-damage|p2a: Heatran|60/100
|drag|p2a: Tropius|Tropius, F|100/100
|
|-weather|SunnyDay|[upkeep]
|upkeep
|turn|3
|
|t:|1760309066
|switch|p1a: Salazzle|Salazzle, F|100/100
|-damage|p1a: Salazzle|76/100|[from] Stealth Rock
|-terastallize|p2a: Tropius|Ghost
|move|p2a: Tropius|Leech Seed|p1a: Salazzle
|-start|p1a: Salazzle|move: Leech Seed
|
|-weather|SunnyDay|[upkeep]
|-damage|p1a: Salazzle|63/100|[from] Leech Seed|[of] p2a: Tropius
|upkeep
|turn|4
|
|t:|1760309085
|move|p2a: Tropius|Protect|p2a: Tropius
|-singleturn|p2a: Tropius|Protect
|move|p1a: Salazzle|Toxic|p2a: Tropius
|-activate|p2a: Tropius|move: Protect
|
|-weather|SunnyDay|[upkeep]
|-damage|p1a: Salazzle|51/100|[from] Leech Seed|[of] p2a: Tropius
|upkeep
|turn|5
|
|t:|1760309091
|switch|p1a: Incineroar|Incineroar, M|100/100
|-damage|p1a: Incineroar|76/100|[from] Stealth Rock
|-ability|p1a: Incineroar|Intimidate|boost
|-unboost|p2a: Tropius|atk|1
|move|p2a: Tropius|Curse|p1a: Incineroar
|-start|p1a: Incineroar|Curse|[of] p2a: Tropius
|-damage|p2a: Tropius|50/100
|-enditem|p2a: Tropius|Sitrus Berry|[eat]
|-heal|p2a: Tropius|75/100|[from] item: Sitrus Berry
|
|-weather|SunnyDay|[upkeep]
|-damage|p1a: Incineroar|51/100|[from] Curse
|-item|p2a: Tropius|Sitrus Berry|[from] ability: Harvest
|upkeep
|turn|6
|
|t:|1760309106
|move|p2a: Tropius|Protect|p2a: Tropius
|-singleturn|p2a: Tropius|Protect
|move|p1a: Incineroar|Knock Off|p2a: Tropius
|-activate|p2a: Tropius|move: Protect
|
|-weather|SunnyDay|[upkeep]
|-damage|p1a: Incineroar|26/100|[from] Curse
|upkeep
|turn|7
|
|t:|1760309116
|move|p2a: Tropius|Protect||[still]
|-fail|p2a: Tropius
|move|p1a: Incineroar|Knock Off|p2a: Tropius
|-supereffective|p2a: Tropius
|-damage|p2a: Tropius|0 fnt
|-enditem|p2a: Tropius|Sitrus Berry|[from] move: Knock Off|[of] p1a: Incineroar
|faint|p2a: Tropius
|
|-weather|SunnyDay|[upkeep]
|-damage|p1a: Incineroar|1/100|[from] Curse
|upkeep
|
|t:|1760309122
|switch|p2a: Sinistcha|Sinistcha|100/100
|turn|8
|
|t:|1760309130
|move|p2a: Sinistcha|Matcha Gotcha|p1a: Incineroar
|-resisted|p1a: Incineroar
|-damage|p1a: Incineroar|0 fnt
|faint|p1a: Incineroar
|
|-weather|none
|upkeep
|
|t:|1760309135
|switch|p1a: Salazzle|Salazzle, F|51/100
|-damage|p1a: Salazzle|26/100|[from] Stealth Rock
|turn|9
|
|t:|1760309142
|move|p1a: Salazzle|Toxic|p2a: Sinistcha
|-status|p2a: Sinistcha|tox
|move|p2a: Sinistcha|Scald|p1a: Salazzle
|-supereffective|p1a: Salazzle
|-damage|p1a: Salazzle|0 fnt
|faint|p1a: Salazzle
|
|-damage|p2a: Sinistcha|94/100 tox|[from] psn
|upkeep
|
|t:|1760309151
|switch|p1a: Garchomp|Garchomp, M|100/100
|-damage|p1a: Garchomp|94/100|[from] Stealth Rock
|turn|10
|
|t:|1760309161
|move|p1a: Garchomp|Stealth Rock|p2a: Sinistcha
|-sidestart|p2: Parallel Sweep|move: Stealth Rock
|move|p2a: Sinistcha|Scald|p1a: Garchomp
|-damage|p1a: Garchomp|73/100
|
|-damage|p2a: Sinistcha|82/100 tox|[from] psn
|upkeep
|turn|11
|
|t:|1760309168
|move|p1a: Garchomp|Spikes|p2a: Sinistcha
|-sidestart|p2: Parallel Sweep|Spikes
|move|p2a: Sinistcha|Matcha Gotcha|p1a: Garchomp
|-damage|p1a: Garchomp|44/100
|-heal|p2a: Sinistcha|99/100 tox|[from] drain|[of] p1a: Garchomp
|
|-damage|p2a: Sinistcha|82/100 tox|[from] psn
|upkeep
|turn|12
|
|t:|1760309177
|move|p1a: Garchomp|Spikes|p2a: Sinistcha
|-sidestart|p2: Parallel Sweep|Spikes
|move|p2a: Sinistcha|Matcha Gotcha|p1a: Garchomp
|-damage|p1a: Garchomp|13/100
|-heal|p2a: Sinistcha|100/100 tox|[from] drain|[of] p1a: Garchomp
|-status|p1a: Garchomp|brn
|
|-damage|p2a: Sinistcha|76/100 tox|[from] psn
|-damage|p1a: Garchomp|7/100 brn|[from] brn
|upkeep
|turn|13
|
|t:|1760309190
|move|p2a: Sinistcha|Matcha Gotcha|p1a: Garchomp
|-damage|p1a: Garchomp|0 fnt
|-heal|p2a: Sinistcha|80/100 tox|[from] drain|[of] p1a: Garchomp
|faint|p1a: Garchomp
|
|-damage|p2a: Sinistcha|50/100 tox|[from] psn
|upkeep
|
|t:|1760309197
|switch|p1a: Poliwrath|Poliwrath, M|100/100
|-damage|p1a: Poliwrath|94/100|[from] Stealth Rock
|turn|14
|
|t:|1760309202
|move|p1a: Poliwrath|Knock Off|p2a: Sinistcha
|-supereffective|p2a: Sinistcha
|-damage|p2a: Sinistcha|14/100 tox
|-enditem|p2a: Sinistcha|Assault Vest|[from] move: Knock Off|[of] p1a: Poliwrath
|move|p2a: Sinistcha|Matcha Gotcha|p1a: Poliwrath|[miss]
|-miss|p2a: Sinistcha|p1a: Poliwrath
|
|-damage|p2a: Sinistcha|0 fnt|[from] psn
|faint|p2a: Sinistcha
|upkeep
|c|☆Parallel Sweep|Unbelievable
|
|t:|1760309229
|switch|p2a: Corviknight|Corviknight, F|100/100
|-damage|p2a: Corviknight|88/100|[from] Stealth Rock
|-ability|p2a: Corviknight|Pressure
|turn|15
|
|t:|1760309239
|switch|p1a: Corviknight|Corviknight, F|100/100
|-damage|p1a: Corviknight|88/100|[from] Stealth Rock
|-ability|p1a: Corviknight|Pressure
|move|p2a: Corviknight|Defog|p1a: Corviknight
|-unboost|p1a: Corviknight|evasion|1
|-sideend|p1: nnnnnnn00000|Stealth Rock|[from] move: Defog|[of] p2a: Corviknight
|-sideend|p2: Parallel Sweep|Spikes|[from] move: Defog|[of] p2a: Corviknight
|-sideend|p2: Parallel Sweep|Stealth Rock|[from] move: Defog|[of] p2a: Corviknight
|
|upkeep
|turn|16
|
|t:|1760309254
|move|p1a: Corviknight|Body Press|p2a: Corviknight
|-damage|p2a: Corviknight|73/100
|-damage|p1a: Corviknight|72/100|[from] item: Rocky Helmet|[of] p2a: Corviknight
|move|p2a: Corviknight|U-turn|p1a: Corviknight
|-resisted|p1a: Corviknight
|-damage|p1a: Corviknight|69/100
|-damage|p2a: Corviknight|56/100|[from] item: Rocky Helmet|[of] p1a: Corviknight
|
|t:|1760309262
|switch|p2a: Weavile|Weavile, M|100/100|[from] U-turn
|
|upkeep
|turn|17
|
|t:|1760309267
|move|p1a: Corviknight|Roost|p1a: Corviknight
|-heal|p1a: Corviknight|100/100
|-singleturn|p1a: Corviknight|move: Roost
|move|p2a: Weavile|Counter||[still]
|-fail|p2a: Weavile
|
|upkeep
|turn|18
|
|t:|1760309276
|switch|p2a: Ninetales|Ninetales, M|61/100
|-weather|SunnyDay|[from] ability: Drought|[of] p2a: Ninetales
|move|p1a: Corviknight|U-turn|p2a: Ninetales
|-resisted|p2a: Ninetales
|-damage|p2a: Ninetales|51/100
|
|t:|1760309283
|switch|p1a: Poliwrath|Poliwrath, M|94/100|[from] U-turn
|
|-weather|SunnyDay|[upkeep]
|upkeep
|turn|19
|
|t:|1760309293
|move|p2a: Ninetales|Shadow Ball|p1a: Poliwrath
|-damage|p1a: Poliwrath|72/100
|move|p1a: Poliwrath|Close Combat|p2a: Ninetales
|-damage|p2a: Ninetales|0 fnt
|-unboost|p1a: Poliwrath|def|1
|-unboost|p1a: Poliwrath|spd|1
|faint|p2a: Ninetales
|
|-weather|SunnyDay|[upkeep]
|upkeep
|
|t:|1760309299
|switch|p2a: Weavile|Weavile, M|100/100
|turn|20
|
|t:|1760309304
|switch|p1a: Corviknight|Corviknight, F|100/100
|-ability|p1a: Corviknight|Pressure
|move|p2a: Weavile|Knock Off|p1a: Corviknight
|-damage|p1a: Corviknight|67/100
|-damage|p2a: Weavile|84/100|[from] item: Rocky Helmet|[of] p1a: Corviknight
|-enditem|p1a: Corviknight|Rocky Helmet|[from] move: Knock Off|[of] p2a: Weavile
|
|-weather|SunnyDay|[upkeep]
|upkeep
|turn|21
|
|t:|1760309315
|switch|p2a: Corviknight|Corviknight, F|56/100
|-ability|p2a: Corviknight|Pressure
|move|p1a: Corviknight|Roost|p1a: Corviknight
|-heal|p1a: Corviknight|100/100
|-singleturn|p1a: Corviknight|move: Roost
|
|-weather|SunnyDay|[upkeep]
|upkeep
|turn|22
|
|t:|1760309324
|move|p2a: Corviknight|Roost|p2a: Corviknight
|-heal|p2a: Corviknight|100/100
|-singleturn|p2a: Corviknight|move: Roost
|move|p1a: Corviknight|U-turn|p2a: Corviknight
|-resisted|p2a: Corviknight
|-damage|p2a: Corviknight|96/100
|-damage|p1a: Corviknight|84/100|[from] item: Rocky Helmet|[of] p2a: Corviknight
|
|t:|1760309331
|switch|p1a: Poliwrath|Poliwrath, M|72/100|[from] U-turn
|
|-weather|SunnyDay|[upkeep]
|upkeep
|turn|23
|
|t:|1760309341
|move|p1a: Poliwrath|Close Combat|p2a: Corviknight
|-damage|p2a: Corviknight|67/100
|-unboost|p1a: Poliwrath|def|1
|-unboost|p1a: Poliwrath|spd|1
|-damage|p1a: Poliwrath|55/100|[from] item: Rocky Helmet|[of] p2a: Corviknight
|move|p2a: Corviknight|Brave Bird|p1a: Poliwrath
|-supereffective|p1a: Poliwrath
|-damage|p1a: Poliwrath|0 fnt
|faint|p1a: Poliwrath
|-damage|p2a: Corviknight|52/100|[from] Recoil
|
|-weather|SunnyDay|[upkeep]
|upkeep
|
|t:|1760309349
|switch|p1a: Dragonite|Dragonite, M|100/100
|turn|24
|
|t:|1760309359
|move|p1a: Dragonite|Dragon Dance|p1a: Dragonite
|-boost|p1a: Dragonite|atk|1
|-boost|p1a: Dragonite|spe|1
|move|p2a: Corviknight|Roost|p2a: Corviknight
|-heal|p2a: Corviknight|100/100
|-singleturn|p2a: Corviknight|move: Roost
|
|-weather|SunnyDay|[upkeep]
|upkeep
|turn|25
|
|t:|1760309372
|move|p1a: Dragonite|Dragon Dance|p1a: Dragonite
|-boost|p1a: Dragonite|atk|1
|-boost|p1a: Dragonite|spe|1
|move|p2a: Corviknight|Brave Bird|p1a: Dragonite
|-damage|p1a: Dragonite|83/100
|-damage|p2a: Corviknight|96/100|[from] Recoil
|
|-weather|none
|-heal|p1a: Dragonite|89/100|[from] item: Leftovers
|upkeep
|turn|26
|
|t:|1760309382
|move|p1a: Dragonite|Dragon Dance|p1a: Dragonite
|-boost|p1a: Dragonite|atk|1
|-boost|p1a: Dragonite|spe|1
|move|p2a: Corviknight|Brave Bird|p1a: Dragonite
|-damage|p1a: Dragonite|54/100
|-damage|p2a: Corviknight|86/100|[from] Recoil
|
|-heal|p1a: Dragonite|60/100|[from] item: Leftovers
|upkeep
|turn|27
|
|t:|1760309389
|move|p1a: Dragonite|Roost|p1a: Dragonite
|-heal|p1a: Dragonite|100/100
|-singleturn|p1a: Dragonite|move: Roost
|move|p2a: Corviknight|Brave Bird|p1a: Dragonite
|-damage|p1a: Dragonite|84/100
|-damage|p2a: Corviknight|82/100|[from] Recoil
|
|-heal|p1a: Dragonite|90/100|[from] item: Leftovers
|upkeep
|turn|28
|
|t:|1760309399
|move|p1a: Dragonite|Dragon Dance|p1a: Dragonite
|-boost|p1a: Dragonite|atk|1
|-boost|p1a: Dragonite|spe|1
|move|p2a: Corviknight|Brave Bird|p1a: Dragonite
|-damage|p1a: Dragonite|57/100
|-damage|p2a: Corviknight|73/100|[from] Recoil
|
|-heal|p1a: Dragonite|64/100|[from] item: Leftovers
|upkeep
|turn|29
|
|t:|1760309407
|move|p1a: Dragonite|Roost|p1a: Dragonite
|-heal|p1a: Dragonite|100/100
|-singleturn|p1a: Dragonite|move: Roost
|move|p2a: Corviknight|Brave Bird|p1a: Dragonite
|-damage|p1a: Dragonite|83/100
|-damage|p2a: Corviknight|68/100|[from] Recoil
|
|-heal|p1a: Dragonite|89/100|[from] item: Leftovers
|upkeep
|turn|30
|
|t:|1760309414
|move|p1a: Dragonite|Dragon Dance|p1a: Dragonite
|-boost|p1a: Dragonite|atk|1
|-boost|p1a: Dragonite|spe|1
|move|p2a: Corviknight|Brave Bird|p1a: Dragonite
|-damage|p1a: Dragonite|55/100
|-damage|p2a: Corviknight|59/100|[from] Recoil
|
|-heal|p1a: Dragonite|61/100|[from] item: Leftovers
|upkeep
|turn|31
|
|t:|1760309418
|move|p1a: Dragonite|Roost|p1a: Dragonite
|-heal|p1a: Dragonite|100/100
|-singleturn|p1a: Dragonite|move: Roost
|move|p2a: Corviknight|Roost|p2a: Corviknight
|-heal|p2a: Corviknight|100/100
|-singleturn|p2a: Corviknight|move: Roost
|
|upkeep
|turn|32
|
|t:|1760309424
|move|p1a: Dragonite|Dragon Dance|p1a: Dragonite
|-boost|p1a: Dragonite|atk|1
|-boost|p1a: Dragonite|spe|1
|move|p2a: Corviknight|Defog|p1a: Dragonite
|-unboost|p1a: Dragonite|evasion|1
|
|upkeep
|turn|33
|
|t:|1760309439
|-terastallize|p1a: Dragonite|Steel
|move|p1a: Dragonite|Iron Head|p2a: Corviknight
|-resisted|p2a: Corviknight
|-crit|p2a: Corviknight
|-damage|p2a: Corviknight|26/100
|-damage|p1a: Dragonite|84/100|[from] item: Rocky Helmet|[of] p2a: Corviknight
|move|p2a: Corviknight|Brave Bird|p1a: Dragonite
|-resisted|p1a: Dragonite
|-damage|p1a: Dragonite|68/100
|-damage|p2a: Corviknight|22/100|[from] Recoil
|
|-heal|p1a: Dragonite|74/100|[from] item: Leftovers
|upkeep
|turn|34
|
|t:|1760309452
|move|p1a: Dragonite|Iron Head|p2a: Corviknight
|-resisted|p2a: Corviknight
|-damage|p2a: Corviknight|0 fnt
|-damage|p1a: Dragonite|58/100|[from] item: Rocky Helmet|[of] p2a: Corviknight
|faint|p2a: Corviknight
|
|-heal|p1a: Dragonite|64/100|[from] item: Leftovers
|upkeep
|
|t:|1760309458
|switch|p2a: Heatran|Heatran, M|60/100
|turn|35
|
|t:|1760309464
|move|p1a: Dragonite|Iron Head|p2a: Heatran
|-resisted|p2a: Heatran
|-damage|p2a: Heatran|23/100
|-enditem|p2a: Heatran|Red Card|[of] p1a: Dragonite
|drag|p1a: Corviknight|Corviknight, F|84/100
|-ability|p1a: Corviknight|Pressure
|move|p2a: Heatran|Lava Plume|p1a: Corviknight
|-supereffective|p1a: Corviknight
|-damage|p1a: Corviknight|2/100
|-status|p1a: Corviknight|brn
|
|-damage|p1a: Corviknight|0 fnt|[from] brn
|faint|p1a: Corviknight
|upkeep
|
|t:|1760309476
|switch|p1a: Dragonite|Dragonite, M, tera:Steel|64/100
|turn|36
|
|t:|1760309482
|move|p1a: Dragonite|Roost|p1a: Dragonite
|-heal|p1a: Dragonite|100/100
|move|p2a: Heatran|Lava Plume|p1a: Dragonite
|-supereffective|p1a: Dragonite
|-damage|p1a: Dragonite|58/100
|
|-heal|p1a: Dragonite|65/100|[from] item: Leftovers
|upkeep
|turn|37
|
|t:|1760309497
|move|p1a: Dragonite|Iron Head|p2a: Heatran
|-resisted|p2a: Heatran
|-damage|p2a: Heatran|14/100
|move|p2a: Heatran|Lava Plume|p1a: Dragonite
|-supereffective|p1a: Dragonite
|-damage|p1a: Dragonite|0 fnt
|faint|p1a: Dragonite
|
|win|Parallel Sweep
|raw|nnnnnnn00000's rating: 1059 &rarr; <strong>1038</strong><br />(-21 for losing)
|raw|Parallel Sweep's rating: 1020 &rarr; <strong>1061</strong><br />(+41 for winning)
|l|☆nnnnnnn00000
|player|p1|
