|j|☆juncanti
|j|☆vghhjg
|t:|1760437573
|gametype|singles
|player|p1|juncanti|265|1426
|player|p2|vghhjg|170|1466
|gen|9
|tier|[Gen 9] OU
|rated|
|rule|HP Percentage Mod: HP is shown in percentages
|rule|Endless Battle Clause: Forcing endless battles is banned
|rule|Species Clause: Limit one of each Pokémon
|rule|OHKO Clause: OHKO moves are banned
|rule|Evasion Items Clause: Evasion items are banned
|rule|Evasion Moves Clause: Evasion moves are banned
|rule|Evasion Abilities Clause: Evasion abilities are banned
|rule|Sleep Moves Clause: Sleep-inducing moves are banned
|clearpoke
|poke|p1|Ogerpon-Wellspring, F|
|poke|p1|Cinderace, F|
|poke|p1|Clefable, F|
|poke|p1|Corviknight, M|
|poke|p1|Iron Valiant|
|poke|p1|Sandy Shocks|
|poke|p2|Ribombee, M|
|poke|p2|Gholdengo|
|poke|p2|Dragonite, F|
|poke|p2|Enamorus, F|
|poke|p2|Iron Moth|
|poke|p2|Iron Treads|
|teampreview
|
|t:|1760437603
|teamsize|p1|6
|teamsize|p2|6
|start
|switch|p1a: Cinderace|Cinderace, F|100/100
|switch|p2a: Ribombee|Ribombee, M|100/100
|turn|1
|
|t:|1760437619
|move|p2a: Ribombee|Stun Spore|p1a: Cinderace
|-status|p1a: Cinderace|par
|move|p1a: Cinderace|Pyro Ball|p2a: Ribombee
|-supereffective|p2a: Ribombee
|-enditem|p2a: Ribombee|Focus Sash
|-damage|p2a: Ribombee|1/100
|
|upkeep
|turn|2
|
|t:|1760437627
|move|p2a: Ribombee|Psychic Noise|p1a: Cinderace
|-damage|p1a: Cinderace|69/100 par
|-start|p1a: Cinderace|move: Heal Block
|move|p1a: Cinderace|U-turn|p2a: Ribombee
|-start|p1a: Cinderace|typechange|Bug|[from] ability: Libero
|-resisted|p2a: Ribombee
|-damage|p2a: Ribombee|0 fnt
|faint|p2a: Ribombee
|
|t:|1760437637
|switch|p1a: Sandy Shocks|Sandy Shocks|100/100|[from] U-turn
|
|upkeep
|
|t:|1760437641
|switch|p2a: Iron Treads|Iron Treads|100/100
|-enditem|p2a: Iron Treads|Booster Energy
|-activate|p2a: Iron Treads|ability: Quark Drive|[fromitem]
|-start|p2a: Iron Treads|quarkdrivespe
|turn|3
|
|t:|1760437647
|-end|p1a: Sandy Shocks|Protosynthesis|[silent]
|switch|p1a: Corviknight|Corviknight, M|100/100
|move|p2a: Iron Treads|Knock Off|p1a: Corviknight
|-damage|p1a: Corviknight|83/100
|-damage|p2a: Iron Treads|84/100|[from] item: Rocky Helmet|[of] p1a: Corviknight
|-enditem|p1a: Corviknight|Rocky Helmet|[from] move: Knock Off|[of] p2a: Iron Treads
|
|upkeep
|turn|4
|
|t:|1760437652
|move|p2a: Iron Treads|Stealth Rock|p1a: Corviknight
|-sidestart|p1: juncanti|move: Stealth Rock
|move|p1a: Corviknight|Bulk Up|p1a: Corviknight
|-boost|p1a: Corviknight|atk|1
|-boost|p1a: Corviknight|def|1
|
|upkeep
|turn|5
|
|t:|1760437656
|-end|p2a: Iron Treads|Quark Drive|[silent]
|switch|p2a: Iron Moth|Iron Moth, shiny|100/100
|-enditem|p2a: Iron Moth|Booster Energy
|-activate|p2a: Iron Moth|ability: Quark Drive|[fromitem]
|-start|p2a: Iron Moth|quarkdrivespa
|move|p1a: Corviknight|Defog|p2a: Iron Moth
|-unboost|p2a: Iron Moth|evasion|1
|-sideend|p1: juncanti|Stealth Rock|[from] move: Defog|[of] p1a: Corviknight
|
|upkeep
|turn|6
|
|t:|1760437662
|switch|p1a: Clefable|Clefable, F|100/100
|move|p2a: Iron Moth|Fiery Dance|p1a: Clefable
|-damage|p1a: Clefable|61/100
|-boost|p2a: Iron Moth|spa|1
|
|upkeep
|turn|7
|
|t:|1760437667
|move|p2a: Iron Moth|Substitute|p2a: Iron Moth
|-start|p2a: Iron Moth|Substitute
|-damage|p2a: Iron Moth|76/100
|move|p1a: Clefable|Thunder Wave||[still]
|-fail|p1a: Clefable
|
|upkeep
|turn|8
|
|t:|1760437681
|switch|p1a: Cinderace|Cinderace, F|69/100 par
|move|p2a: Iron Moth|Fiery Dance|p1a: Cinderace
|-resisted|p1a: Cinderace
|-damage|p1a: Cinderace|3/100 par
|-boost|p2a: Iron Moth|spa|1
|
|upkeep
|turn|9
|
|t:|1760437687
|move|p1a: Cinderace|Sucker Punch|p2a: Iron Moth
|-start|p1a: Cinderace|typechange|Dark|[from] ability: Libero
|-end|p2a: Iron Moth|Substitute
|move|p2a: Iron Moth|Fiery Dance|p1a: Cinderace
|-damage|p1a: Cinderace|0 fnt
|faint|p1a: Cinderace
|
|upkeep
|
|t:|1760437691
|switch|p1a: Ogerpon|Ogerpon-Wellspring, F|100/100
|turn|10
|
|t:|1760437695
|-terastallize|p1a: Ogerpon|Water
|detailschange|p1a: Ogerpon|Ogerpon-Wellspring-Tera, F, tera:Water
|-ability|p1a: Ogerpon|Embody Aspect (Wellspring)|boost
|-boost|p1a: Ogerpon|spd|1
|move|p2a: Iron Moth|Sludge Wave|p1a: Ogerpon
|-damage|p1a: Ogerpon|2/100
|move|p1a: Ogerpon|Ivy Cudgel|p2a: Iron Moth|[anim] Ivy Cudgel Water
|-supereffective|p2a: Iron Moth
|-damage|p2a: Iron Moth|0 fnt
|faint|p2a: Iron Moth
|-end|p2a: Iron Moth|Quark Drive|[silent]
|
|upkeep
|
|t:|1760437706
|switch|p2a: Dragonite|Dragonite, F, shiny|100/100
|turn|11
|
|t:|1760437712
|switch|p1a: Corviknight|Corviknight, M|83/100
|move|p2a: Dragonite|Dragon Dance|p2a: Dragonite
|-boost|p2a: Dragonite|atk|1
|-boost|p2a: Dragonite|spe|1
|
|upkeep
|turn|12
|
|t:|1760437720
|switch|p2a: Iron Treads|Iron Treads|84/100
|move|p1a: Corviknight|Bulk Up|p1a: Corviknight
|-boost|p1a: Corviknight|atk|1
|-boost|p1a: Corviknight|def|1
|
|upkeep
|turn|13
|
|t:|1760437723
|move|p2a: Iron Treads|Stealth Rock|p1a: Corviknight
|-sidestart|p1: juncanti|move: Stealth Rock
|move|p1a: Corviknight|Bulk Up|p1a: Corviknight
|-boost|p1a: Corviknight|atk|1
|-boost|p1a: Corviknight|def|1
|
|upkeep
|turn|14
|
|t:|1760437727
|-end|p2a: Iron Treads|Quark Drive|[silent]
|switch|p2a: Gholdengo|Gholdengo|100/100
|-item|p2a: Gholdengo|Air Balloon
|move|p1a: Corviknight|Defog|p2a: Gholdengo
|-immune|p2a: Gholdengo|[from] ability: Good as Gold
|
|upkeep
|turn|15
|
|t:|1760437731
|switch|p1a: Clefable|Clefable, F|61/100
|-damage|p1a: Clefable|49/100|[from] Stealth Rock
|move|p2a: Gholdengo|Shadow Ball|p1a: Clefable
|-damage|p1a: Clefable|21/100
|
|upkeep
|turn|16
|
|t:|1760437738
|move|p2a: Gholdengo|Shadow Ball|p1a: Clefable
|-damage|p1a: Clefable|0 fnt
|faint|p1a: Clefable
|
|upkeep
|
|t:|1760437754
|switch|p1a: Sandy Shocks|Sandy Shocks|100/100
|-damage|p1a: Sandy Shocks|94/100|[from] Stealth Rock
|turn|17
|
|t:|1760437762
|move|p1a: Sandy Shocks|Power Gem|p2a: Gholdengo
|-resisted|p2a: Gholdengo
|-damage|p2a: Gholdengo|85/100
|-enditem|p2a: Gholdengo|Air Balloon
|move|p2a: Gholdengo|Shadow Ball|p1a: Sandy Shocks
|-damage|p1a: Sandy Shocks|40/100
|
|-heal|p1a: Sandy Shocks|46/100|[from] item: Leftovers
|upkeep
|turn|18
|
|t:|1760437769
|switch|p2a: Iron Treads|Iron Treads|84/100
|move|p1a: Sandy Shocks|Earth Power|p2a: Iron Treads
|-supereffective|p2a: Iron Treads
|-damage|p2a: Iron Treads|0 fnt
|faint|p2a: Iron Treads
|-end|p2a: Iron Treads|Quark Drive|[silent]
|
|-heal|p1a: Sandy Shocks|53/100|[from] item: Leftovers
|upkeep
|
|t:|1760437775
|switch|p2a: Dragonite|Dragonite, F, shiny|100/100
|turn|19
|
|t:|1760437782
|move|p1a: Sandy Shocks|Power Gem|p2a: Dragonite
|-supereffective|p2a: Dragonite
|-damage|p2a: Dragonite|72/100
|move|p2a: Dragonite|Dragon Dance|p2a: Dragonite
|-boost|p2a: Dragonite|atk|1
|-boost|p2a: Dragonite|spe|1
|
|-heal|p2a: Dragonite|78/100|[from] item: Leftovers
|-heal|p1a: Sandy Shocks|59/100|[from] item: Leftovers
|upkeep
|turn|20
|
|t:|1760437789
|-terastallize|p2a: Dragonite|Flying
|move|p2a: Dragonite|Tera Blast|p1a: Sandy Shocks|[anim] Tera Blast Flying
|-resisted|p1a: Sandy Shocks
|-damage|p1a: Sandy Shocks|8/100
|move|p1a: Sandy Shocks|Power Gem|p2a: Dragonite
|-supereffective|p2a: Dragonite
|-damage|p2a: Dragonite|21/100
|
|-heal|p2a: Dragonite|27/100|[from] item: Leftovers
|-heal|p1a: Sandy Shocks|14/100|[from] item: Leftovers
|upkeep
|turn|21
|
|t:|1760437797
|move|p2a: Dragonite|Tera Blast|p1a: Sandy Shocks|[anim] Tera Blast Flying
|-resisted|p1a: Sandy Shocks
|-damage|p1a: Sandy Shocks|0 fnt
|faint|p1a: Sandy Shocks
|-end|p1a: Sandy Shocks|Protosynthesis|[silent]
|
|-heal|p2a: Dragonite|33/100|[from] item: Leftovers
|upkeep
|
|t:|1760437800
|switch|p1a: Corviknight|Corviknight, M|83/100
|-damage|p1a: Corviknight|71/100|[from] Stealth Rock
|turn|22
|
|t:|1760437808
|move|p2a: Dragonite|Dragon Dance|p2a: Dragonite
|-boost|p2a: Dragonite|atk|1
|-boost|p2a: Dragonite|spe|1
|move|p1a: Corviknight|Roost|p1a: Corviknight
|-heal|p1a: Corviknight|100/100
|-singleturn|p1a: Corviknight|move: Roost
|
|-heal|p2a: Dragonite|40/100|[from] item: Leftovers
|upkeep
|turn|23
|
|t:|1760437811
|move|p2a: Dragonite|Encore|p1a: Corviknight
|-start|p1a: Corviknight|Encore
|move|p1a: Corviknight|Roost||[still]
|-fail|p1a: Corviknight|heal
|
|-heal|p2a: Dragonite|46/100|[from] item: Leftovers
|upkeep
|turn|24
|
|t:|1760437816
|switch|p1a: Ogerpon|Ogerpon-Wellspring-Tera, F, tera:Water|2/100
|-damage|p1a: Ogerpon|0 fnt|[from] Stealth Rock
|faint|p1a: Ogerpon
|detailschange|p1: Ogerpon|Ogerpon-Wellspring, F|[silent]
|move|p2a: Dragonite|Dragon Dance|p2a: Dragonite
|-boost|p2a: Dragonite|atk|1
|-boost|p2a: Dragonite|spe|1
|
|-heal|p2a: Dragonite|52/100|[from] item: Leftovers
|upkeep
|
|t:|1760437820
|switch|p1a: Iron Valiant|Iron Valiant|100/100
|-damage|p1a: Iron Valiant|94/100|[from] Stealth Rock
|-enditem|p1a: Iron Valiant|Booster Energy
|-activate|p1a: Iron Valiant|ability: Quark Drive|[fromitem]
|-start|p1a: Iron Valiant|quarkdrivespe
|turn|25
|
|t:|1760437826
|move|p2a: Dragonite|Tera Blast|p1a: Iron Valiant|[anim] Tera Blast Flying
|-supereffective|p1a: Iron Valiant
|-damage|p1a: Iron Valiant|0 fnt
|faint|p1a: Iron Valiant
|-end|p1a: Iron Valiant|Quark Drive|[silent]
|
|-heal|p2a: Dragonite|58/100|[from] item: Leftovers
|upkeep
|
|t:|1760437829
|switch|p1a: Corviknight|Corviknight, M|100/100
|-damage|p1a: Corviknight|88/100|[from] Stealth Rock
|turn|26
|
|t:|1760437833
|move|p2a: Dragonite|Tera Blast|p1a: Corviknight|[anim] Tera Blast Flying
|-resisted|p1a: Corviknight
|-damage|p1a: Corviknight|45/100
|move|p1a: Corviknight|Brave Bird|p2a: Dragonite
|-damage|p2a: Dragonite|17/100
|-damage|p1a: Corviknight|34/100|[from] Recoil
|
|-heal|p2a: Dragonite|23/100|[from] item: Leftovers
|upkeep
|turn|27
|
|t:|1760437842
|move|p2a: Dragonite|Tera Blast|p1a: Corviknight|[anim] Tera Blast Flying
|-resisted|p1a: Corviknight
|-damage|p1a: Corviknight|0 fnt
|faint|p1a: Corviknight
|
|win|vghhjg
|raw|juncanti's rating: 1426 &rarr; <strong>1408</strong><br />(-18 for losing)
|raw|vghhjg's rating: 1466 &rarr; <strong>1484</strong><br />(+18 for winning)
|l|☆juncanti
|player|p1|
|l|☆vghhjg
|player|p2|
