|j|☆temporarylight
|j|☆roommate108
|t:|1760458836
|gametype|singles
|player|p1|temporarylight|rika|1564
|player|p2|roommate108|2|1539
|gen|9
|tier|[Gen 9] OU
|rated|
|rule|HP Percentage Mod: HP is shown in percentages
|rule|Endless Battle Clause: Forcing endless battles is banned
|rule|Species Clause: Limit one of each Pokémon
|rule|OHKO Clause: OHKO moves are banned
|rule|Evasion Items Clause: Evasion items are banned
|rule|Evasion Moves Clause: Evasion moves are banned
|rule|Evasion Abilities Clause: Evasion abilities are banned
|rule|Sleep Moves Clause: Sleep-inducing moves are banned
|clearpoke
|poke|p1|Tyranitar, F|
|poke|p1|Clefable, M|
|poke|p1|Darkrai|
|poke|p1|Rillaboom, F|
|poke|p1|Corviknight, F|
|poke|p1|Great Tusk|
|poke|p2|Torkoal, M|
|poke|p2|Raging Bolt|
|poke|p2|Walking Wake|
|poke|p2|Hatterene, F|
|poke|p2|Charizard, M|
|poke|p2|Leavanny, F|
|teampreview
|inactive|Battle timer is ON: inactive players will automatically lose when time's up. (requested by roommate108)
|
|t:|1760458851
|teamsize|p1|6
|teamsize|p2|6
|start
|switch|p1a: Clefable|Clefable, M|100/100
|switch|p2a: Torkoal|Torkoal, M|100/100
|-weather|SunnyDay|[from] ability: Drought|[of] p2a: Torkoal
|turn|1
|
|t:|1760458857
|switch|p2a: Hatterene|Hatterene, F|100/100
|move|p1a: Clefable|Stealth Rock|p2a: Hatterene
|move|p2a: Hatterene|Stealth Rock|p1a: Clefable|[from] ability: Magic Bounce
|-sidestart|p1: temporarylight|move: Stealth Rock
|
|-weather|SunnyDay|[upkeep]
|upkeep
|turn|2
|
|t:|1760458859
|move|p1a: Clefable|Moonblast|p2a: Hatterene
|-crit|p2a: Hatterene
|-damage|p2a: Hatterene|52/100
|-enditem|p2a: Hatterene|Eject Button
|
|t:|1760458862
|switch|p2a: Charizard|Charizard, M|100/100
|
|-weather|SunnyDay|[upkeep]
|-damage|p2a: Charizard|88/100|[from] ability: Solar Power|[of] p2a: Charizard
|upkeep
|turn|3
|
|t:|1760458866
|move|p1a: Clefable|Protect|p1a: Clefable
|-singleturn|p1a: Clefable|Protect
|move|p2a: Charizard|Scorching Sands|p1a: Clefable
|-activate|p1a: Clefable|move: Protect
|
|-weather|SunnyDay|[upkeep]
|-damage|p2a: Charizard|76/100|[from] ability: Solar Power|[of] p2a: Charizard
|upkeep
|turn|4
|
|t:|1760458870
|switch|p2a: Hatterene|Hatterene, F|52/100
|move|p1a: Clefable|Stealth Rock|p2a: Hatterene
|move|p2a: Hatterene|Stealth Rock||[from] ability: Magic Bounce|[still]
|-fail|p2a: Hatterene
|
|-weather|SunnyDay|[upkeep]
|upkeep
|turn|5
|
|t:|1760458876
|move|p1a: Clefable|Moonblast|p2a: Hatterene
|-damage|p2a: Hatterene|20/100
|move|p2a: Hatterene|Nuzzle|p1a: Clefable
|-damage|p1a: Clefable|96/100
|-status|p1a: Clefable|par
|
|-weather|SunnyDay|[upkeep]
|-heal|p1a: Clefable|100/100 par|[from] item: Leftovers
|upkeep
|turn|6
|
|t:|1760458888
|move|p2a: Hatterene|Healing Wish|p2a: Hatterene
|faint|p2a: Hatterene
|move|p1a: Clefable|Stealth Rock|p2: Hatterene
|-sidestart|p2: roommate108|move: Stealth Rock
|
|-weather|SunnyDay|[upkeep]
|upkeep
|
|t:|1760458891
|switch|p2a: Walking Wake|Walking Wake|100/100
|-damage|p2a: Walking Wake|88/100|[from] Stealth Rock
|-activate|p2a: Walking Wake|ability: Protosynthesis
|-start|p2a: Walking Wake|protosynthesisspe
|turn|7
|
|t:|1760458900
|cant|p1a: Clefable|par
|move|p2a: Walking Wake|Hydro Steam|p1a: Clefable
|-damage|p1a: Clefable|42/100 par
|
|-weather|SunnyDay|[upkeep]
|-heal|p1a: Clefable|48/100 par|[from] item: Leftovers
|upkeep
|turn|8
|
|t:|1760458908
|move|p1a: Clefable|Protect|p1a: Clefable
|-singleturn|p1a: Clefable|Protect
|move|p2a: Walking Wake|Hydro Steam|p1a: Clefable
|-activate|p1a: Clefable|move: Protect
|
|-weather|none
|-end|p2a: Walking Wake|Protosynthesis
|-heal|p1a: Clefable|54/100 par|[from] item: Leftovers
|upkeep
|turn|9
|
|t:|1760458913
|-terastallize|p2a: Walking Wake|Water
|move|p2a: Walking Wake|Hydro Steam|p1a: Clefable
|-damage|p1a: Clefable|0 fnt
|faint|p1a: Clefable
|
|upkeep
|
|t:|1760458915
|switch|p1a: Rillaboom|Rillaboom, F|100/100
|-damage|p1a: Rillaboom|88/100|[from] Stealth Rock
|-fieldstart|move: Grassy Terrain|[from] ability: Grassy Surge|[of] p1a: Rillaboom
|turn|10
|
|t:|1760458921
|-end|p2a: Walking Wake|Protosynthesis|[silent]
|switch|p2a: Torkoal|Torkoal, M|100/100
|-damage|p2a: Torkoal|75/100|[from] Stealth Rock
|-weather|SunnyDay|[from] ability: Drought|[of] p2a: Torkoal
|move|p1a: Rillaboom|Knock Off|p2a: Torkoal
|-damage|p2a: Torkoal|53/100
|-enditem|p2a: Torkoal|Heat Rock|[from] move: Knock Off|[of] p1a: Rillaboom
|
|-weather|SunnyDay|[upkeep]
|-heal|p1a: Rillaboom|94/100|[from] Grassy Terrain
|-heal|p2a: Torkoal|59/100|[from] Grassy Terrain
|upkeep
|turn|11
|
|t:|1760458937
|switch|p1a: Darkrai|Darkrai|100/100
|-damage|p1a: Darkrai|88/100|[from] Stealth Rock
|move|p2a: Torkoal|Rapid Spin|p1a: Darkrai
|-damage|p1a: Darkrai|76/100
|-boost|p2a: Torkoal|spe|1
|-sideend|p2: roommate108|Stealth Rock|[from] move: Rapid Spin|[of] p2a: Torkoal
|
|-weather|SunnyDay|[upkeep]
|-heal|p1a: Darkrai|82/100|[from] Grassy Terrain
|-heal|p1a: Darkrai|88/100|[from] item: Leftovers
|-heal|p2a: Torkoal|65/100|[from] Grassy Terrain
|upkeep
|turn|12
|
|t:|1760458947
|switch|p2a: Walking Wake|Walking Wake, tera:Water|88/100
|-heal|p2a: Walking Wake|100/100|[from] move: Healing Wish
|-activate|p2a: Walking Wake|ability: Protosynthesis
|-start|p2a: Walking Wake|protosynthesisspe
|move|p1a: Darkrai|Dark Pulse|p2a: Walking Wake
|-damage|p2a: Walking Wake|50/100
|
|-weather|SunnyDay|[upkeep]
|-heal|p2a: Walking Wake|57/100|[from] Grassy Terrain
|-heal|p1a: Darkrai|94/100|[from] Grassy Terrain
|-heal|p1a: Darkrai|100/100|[from] item: Leftovers
|upkeep
|turn|13
|
|t:|1760458955
|move|p2a: Walking Wake|Hydro Steam|p1a: Darkrai
|-damage|p1a: Darkrai|0 fnt
|faint|p1a: Darkrai
|
|-weather|SunnyDay|[upkeep]
|-heal|p2a: Walking Wake|63/100|[from] Grassy Terrain
|upkeep
|
|t:|1760458965
|switch|p1a: Tyranitar|Tyranitar, F|100/100
|-damage|p1a: Tyranitar|88/100|[from] Stealth Rock
|-weather|Sandstorm|[from] ability: Sand Stream|[of] p1a: Tyranitar
|-end|p2a: Walking Wake|Protosynthesis
|turn|14
|
|t:|1760458976
|-end|p2a: Walking Wake|Protosynthesis|[silent]
|switch|p2a: Charizard|Charizard, M|76/100
|switch|p1a: Rillaboom|Rillaboom, F|94/100
|-damage|p1a: Rillaboom|82/100|[from] Stealth Rock
|
|-weather|Sandstorm|[upkeep]
|-damage|p2a: Charizard|70/100|[from] Sandstorm
|-damage|p1a: Rillaboom|75/100|[from] Sandstorm
|-heal|p1a: Rillaboom|82/100|[from] Grassy Terrain
|upkeep
|turn|15
|
|t:|1760458993
|switch|p1a: Tyranitar|Tyranitar, F|88/100
|-damage|p1a: Tyranitar|76/100|[from] Stealth Rock
|move|p2a: Charizard|Overheat|p1a: Tyranitar|[miss]
|-miss|p2a: Charizard|p1a: Tyranitar
|
|-weather|Sandstorm|[upkeep]
|-damage|p2a: Charizard|63/100|[from] Sandstorm
|-heal|p1a: Tyranitar|82/100|[from] Grassy Terrain
|upkeep
|turn|16
|
|t:|1760459001
|move|p2a: Charizard|Overheat|p1a: Tyranitar
|-resisted|p1a: Tyranitar
|-damage|p1a: Tyranitar|55/100
|-unboost|p2a: Charizard|spa|2
|move|p1a: Tyranitar|Knock Off|p2a: Charizard
|-damage|p2a: Charizard|0 fnt
|-enditem|p2a: Charizard|Choice Specs|[from] move: Knock Off|[of] p1a: Tyranitar
|faint|p2a: Charizard
|
|-weather|Sandstorm|[upkeep]
|-heal|p1a: Tyranitar|61/100|[from] Grassy Terrain
|upkeep
|
|t:|1760459005
|switch|p2a: Walking Wake|Walking Wake, tera:Water|63/100
|turn|17
|
|t:|1760459011
|switch|p1a: Corviknight|Corviknight, F|100/100
|-damage|p1a: Corviknight|88/100|[from] Stealth Rock
|-ability|p1a: Corviknight|Pressure
|move|p2a: Walking Wake|Hydro Steam|p1a: Corviknight
|-damage|p1a: Corviknight|9/100
|
|-weather|Sandstorm|[upkeep]
|-damage|p2a: Walking Wake|57/100|[from] Sandstorm
|-heal|p2a: Walking Wake|63/100|[from] Grassy Terrain
|-fieldend|move: Grassy Terrain
|upkeep
|turn|18
|
|t:|1760459018
|move|p2a: Walking Wake|Hydro Steam|p1a: Corviknight
|-damage|p1a: Corviknight|0 fnt
|faint|p1a: Corviknight
|
|-weather|none
|upkeep
|
|t:|1760459026
|switch|p1a: Great Tusk|Great Tusk|100/100
|-damage|p1a: Great Tusk|98/100|[from] Stealth Rock
|turn|19
|
|t:|1760459031
|move|p1a: Great Tusk|Headlong Rush|p2a: Walking Wake
|-damage|p2a: Walking Wake|0 fnt
|-unboost|p1a: Great Tusk|def|1
|-unboost|p1a: Great Tusk|spd|1
|faint|p2a: Walking Wake
|-end|p2a: Walking Wake|Protosynthesis|[silent]
|
|upkeep
|
|t:|1760459051
|switch|p2a: Leavanny|Leavanny, F|100/100
|turn|20
|
|t:|1760459059
|-end|p1a: Great Tusk|Protosynthesis|[silent]
|switch|p1a: Tyranitar|Tyranitar, F|61/100
|-damage|p1a: Tyranitar|49/100|[from] Stealth Rock
|-weather|Sandstorm|[from] ability: Sand Stream|[of] p1a: Tyranitar
|move|p2a: Leavanny|Swords Dance|p2a: Leavanny
|-boost|p2a: Leavanny|atk|2
|
|-weather|Sandstorm|[upkeep]
|-damage|p2a: Leavanny|94/100|[from] Sandstorm
|upkeep
|turn|21
|
|t:|1760459067
|move|p2a: Leavanny|Leaf Blade|p1a: Tyranitar
|-supereffective|p1a: Tyranitar
|-damage|p1a: Tyranitar|0 fnt
|faint|p1a: Tyranitar
|
|-weather|Sandstorm|[upkeep]
|-damage|p2a: Leavanny|88/100|[from] Sandstorm
|upkeep
|inactive|temporarylight has 120 seconds left.
|
|t:|1760459114
|switch|p1a: Rillaboom|Rillaboom, F|82/100
|-damage|p1a: Rillaboom|69/100|[from] Stealth Rock
|-fieldstart|move: Grassy Terrain|[from] ability: Grassy Surge|[of] p1a: Rillaboom
|turn|22
|
|t:|1760459123
|switch|p2a: Torkoal|Torkoal, M|65/100
|-weather|SunnyDay|[from] ability: Drought|[of] p2a: Torkoal
|move|p1a: Rillaboom|Grassy Glide|p2a: Torkoal
|-resisted|p2a: Torkoal
|-damage|p2a: Torkoal|54/100
|
|-weather|SunnyDay|[upkeep]
|-heal|p1a: Rillaboom|75/100|[from] Grassy Terrain
|-heal|p2a: Torkoal|60/100|[from] Grassy Terrain
|upkeep
|turn|23
|inactive|temporarylight has 120 seconds left.
|
|t:|1760459138
|-terastallize|p1a: Rillaboom|Fairy
|move|p1a: Rillaboom|Swords Dance|p1a: Rillaboom
|-boost|p1a: Rillaboom|atk|2
|move|p2a: Torkoal|Weather Ball|p1a: Rillaboom
|-damage|p1a: Rillaboom|26/100
|
|-weather|SunnyDay|[upkeep]
|-heal|p1a: Rillaboom|32/100|[from] Grassy Terrain
|-heal|p2a: Torkoal|66/100|[from] Grassy Terrain
|upkeep
|turn|24
|inactive|temporarylight has 120 seconds left.
|
|t:|1760459143
|move|p1a: Rillaboom|Tera Blast|p2a: Torkoal|[anim] Tera Blast Fairy
|-resisted|p2a: Torkoal
|-damage|p2a: Torkoal|41/100
|move|p2a: Torkoal|Weather Ball|p1a: Rillaboom
|-damage|p1a: Rillaboom|0 fnt
|faint|p1a: Rillaboom
|
|-weather|SunnyDay|[upkeep]
|-heal|p2a: Torkoal|47/100|[from] Grassy Terrain
|upkeep
|
|t:|1760459146
|switch|p1a: Great Tusk|Great Tusk|98/100
|-damage|p1a: Great Tusk|95/100|[from] Stealth Rock
|-activate|p1a: Great Tusk|ability: Protosynthesis
|-start|p1a: Great Tusk|protosynthesisatk
|turn|25
|
|t:|1760459148
|move|p1a: Great Tusk|Headlong Rush|p2a: Torkoal
|-supereffective|p2a: Torkoal
|-damage|p2a: Torkoal|0 fnt
|-unboost|p1a: Great Tusk|def|1
|-unboost|p1a: Great Tusk|spd|1
|faint|p2a: Torkoal
|
|-weather|SunnyDay|[upkeep]
|-heal|p1a: Great Tusk|100/100|[from] Grassy Terrain
|upkeep
|
|t:|1760459150
|switch|p2a: Leavanny|Leavanny, F|88/100
|turn|26
|
|t:|1760459152
|move|p2a: Leavanny|Leaf Blade|p1a: Great Tusk
|-supereffective|p1a: Great Tusk
|-damage|p1a: Great Tusk|0 fnt
|faint|p1a: Great Tusk
|-end|p1a: Great Tusk|Protosynthesis|[silent]
|
|win|roommate108
|raw|temporarylight's rating: 1564 &rarr; <strong>1543</strong><br />(-21 for losing)
|raw|roommate108's rating: 1539 &rarr; <strong>1560</strong><br />(+21 for winning)
|l|☆temporarylight
|player|p1|
|l|☆roommate108
|player|p2|
