|j|☆Ostenberg
|j|☆kevtur6
|t:|1760358834
|gametype|singles
|player|p1|Ostenberg|dawn|1260
|player|p2|kevtur6|n|1191
|gen|9
|tier|[Gen 9] OU
|rated|
|rule|HP Percentage Mod: HP is shown in percentages
|rule|Endless Battle Clause: Forcing endless battles is banned
|rule|Species Clause: Limit one of each Pokémon
|rule|OHKO Clause: OHKO moves are banned
|rule|Evasion Items Clause: Evasion items are banned
|rule|Evasion Moves Clause: Evasion moves are banned
|rule|Evasion Abilities Clause: Evasion abilities are banned
|rule|Sleep Moves Clause: Sleep-inducing moves are banned
|clearpoke
|poke|p1|Ogerpon-Wellspring, F|
|poke|p1|Toxapex, M|
|poke|p1|Meowscarada, M|
|poke|p1|Metagross|
|poke|p1|Moltres|
|poke|p1|Great Tusk|
|poke|p2|Froslass, F|
|poke|p2|Iron Valiant|
|poke|p2|Kingambit, M|
|poke|p2|Great Tusk|
|poke|p2|Heatran, F|
|poke|p2|Dragapult, F|
|teampreview
|inactive|Battle timer is ON: inactive players will automatically lose when time's up. (requested by kevtur6)
|
|t:|1760358852
|teamsize|p1|6
|teamsize|p2|6
|start
|switch|p1a: Moltres|Moltres|100/100
|switch|p2a: Froslass|Froslass, F, shiny|100/100
|turn|1
|
|t:|1760358871
|move|p2a: Froslass|Spikes|p1a: Moltres
|-sidestart|p1: Ostenberg|Spikes
|move|p1a: Moltres|Flamethrower|p2a: Froslass
|-supereffective|p2a: Froslass
|-enditem|p2a: Froslass|Focus Sash
|-damage|p2a: Froslass|1/100
|-start|p1a: Moltres|Disable|Flamethrower|[from] ability: Cursed Body|[of] p2a: Froslass
|
|upkeep
|turn|2
|
|t:|1760358880
|move|p2a: Froslass|Destiny Bond|p2a: Froslass
|-singlemove|p2a: Froslass|Destiny Bond
|move|p1a: Moltres|Air Slash|p2a: Froslass
|-damage|p2a: Froslass|0 fnt
|faint|p2a: Froslass
|-activate|p2a: Froslass|move: Destiny Bond
|faint|p1a: Moltres
|
|upkeep
|
|t:|1760358891
|switch|p2a: Great Tusk|Great Tusk|100/100
|switch|p1a: Great Tusk|Great Tusk|100/100
|-damage|p1a: Great Tusk|88/100|[from] Spikes
|-enditem|p1a: Great Tusk|Booster Energy
|-activate|p1a: Great Tusk|ability: Protosynthesis|[fromitem]
|-start|p1a: Great Tusk|protosynthesisatk
|turn|3
|
|t:|1760358899
|move|p1a: Great Tusk|Ice Spinner|p2a: Great Tusk
|-supereffective|p2a: Great Tusk
|-damage|p2a: Great Tusk|67/100
|move|p2a: Great Tusk|Rapid Spin|p1a: Great Tusk
|-damage|p1a: Great Tusk|78/100
|-boost|p2a: Great Tusk|spe|1
|
|-heal|p2a: Great Tusk|73/100|[from] item: Leftovers
|upkeep
|turn|4
|
|t:|1760358910
|move|p2a: Great Tusk|Stealth Rock|p1a: Great Tusk
|-sidestart|p1: Ostenberg|move: Stealth Rock
|move|p1a: Great Tusk|Ice Spinner|p2a: Great Tusk
|-supereffective|p2a: Great Tusk
|-damage|p2a: Great Tusk|38/100
|
|-heal|p2a: Great Tusk|44/100|[from] item: Leftovers
|upkeep
|turn|5
|
|t:|1760358924
|move|p2a: Great Tusk|Earthquake|p1a: Great Tusk
|-damage|p1a: Great Tusk|47/100
|move|p1a: Great Tusk|Rapid Spin|p2a: Great Tusk
|-damage|p2a: Great Tusk|33/100
|-boost|p1a: Great Tusk|spe|1
|-sideend|p1: Ostenberg|Spikes|[from] move: Rapid Spin|[of] p1a: Great Tusk
|-sideend|p1: Ostenberg|Stealth Rock|[from] move: Rapid Spin|[of] p1a: Great Tusk
|
|-heal|p2a: Great Tusk|40/100|[from] item: Leftovers
|upkeep
|turn|6
|
|t:|1760358935
|move|p1a: Great Tusk|Ice Spinner|p2a: Great Tusk
|-supereffective|p2a: Great Tusk
|-damage|p2a: Great Tusk|7/100
|move|p2a: Great Tusk|Stealth Rock|p1a: Great Tusk
|-sidestart|p1: Ostenberg|move: Stealth Rock
|
|-heal|p2a: Great Tusk|13/100|[from] item: Leftovers
|upkeep
|turn|7
|
|t:|1760358944
|move|p1a: Great Tusk|Ice Spinner|p2a: Great Tusk
|-supereffective|p2a: Great Tusk
|-damage|p2a: Great Tusk|0 fnt
|faint|p2a: Great Tusk
|-end|p2a: Great Tusk|Protosynthesis|[silent]
|
|upkeep
|
|t:|1760358957
|switch|p2a: Iron Valiant|Iron Valiant|100/100
|-enditem|p2a: Iron Valiant|Booster Energy
|-activate|p2a: Iron Valiant|ability: Quark Drive|[fromitem]
|-start|p2a: Iron Valiant|quarkdrivespe
|turn|8
|
|t:|1760358968
|-terastallize|p1a: Great Tusk|Fairy
|move|p2a: Iron Valiant|Moonblast|p1a: Great Tusk
|-damage|p1a: Great Tusk|0 fnt
|faint|p1a: Great Tusk
|-end|p1a: Great Tusk|Protosynthesis|[silent]
|
|upkeep
|
|t:|1760358990
|switch|p1a: Metagross|Metagross|100/100
|-damage|p1a: Metagross|94/100|[from] Stealth Rock
|turn|9
|
|t:|1760358998
|move|p1a: Metagross|Bullet Punch|p2a: Iron Valiant
|-supereffective|p2a: Iron Valiant
|-damage|p2a: Iron Valiant|34/100
|move|p2a: Iron Valiant|Aura Sphere|p1a: Metagross
|-damage|p1a: Metagross|57/100
|
|upkeep
|turn|10
|
|t:|1760359009
|move|p2a: Iron Valiant|Aura Sphere|p1a: Metagross
|-damage|p1a: Metagross|18/100
|move|p1a: Metagross|Knock Off|p2a: Iron Valiant
|-resisted|p2a: Iron Valiant
|-damage|p2a: Iron Valiant|26/100
|
|upkeep
|turn|11
|
|t:|1760359017
|-end|p2a: Iron Valiant|Quark Drive|[silent]
|switch|p2a: Heatran|Heatran, F|100/100
|move|p1a: Metagross|Bullet Punch|p2a: Heatran
|-resisted|p2a: Heatran
|-damage|p2a: Heatran|96/100
|
|-heal|p2a: Heatran|100/100|[from] item: Leftovers
|upkeep
|turn|12
|
|t:|1760359027
|-terastallize|p2a: Heatran|Grass
|move|p2a: Heatran|Earth Power|p1a: Metagross
|-supereffective|p1a: Metagross
|-damage|p1a: Metagross|0 fnt
|faint|p1a: Metagross
|
|upkeep
|
|t:|1760359038
|switch|p1a: Ogerpon|Ogerpon-Wellspring, F|100/100
|-damage|p1a: Ogerpon|88/100|[from] Stealth Rock
|turn|13
|
|t:|1760359043
|move|p1a: Ogerpon|Swords Dance|p1a: Ogerpon
|-boost|p1a: Ogerpon|atk|2
|move|p2a: Heatran|Magma Storm|p1a: Ogerpon
|-damage|p1a: Ogerpon|40/100
|-activate|p1a: Ogerpon|move: Magma Storm|[of] p2a: Heatran
|
|-damage|p1a: Ogerpon|28/100|[from] move: Magma Storm|[partiallytrapped]
|upkeep
|turn|14
|
|t:|1760359052
|move|p1a: Ogerpon|Ivy Cudgel|p2a: Heatran|[anim] Ivy Cudgel Water
|-resisted|p2a: Heatran
|-damage|p2a: Heatran|52/100
|move|p2a: Heatran|Iron Defense|p2a: Heatran
|-boost|p2a: Heatran|def|2
|
|-heal|p2a: Heatran|59/100|[from] item: Leftovers
|-damage|p1a: Ogerpon|15/100|[from] move: Magma Storm|[partiallytrapped]
|upkeep
|turn|15
|
|t:|1760359064
|move|p1a: Ogerpon|Ivy Cudgel|p2a: Heatran|[anim] Ivy Cudgel Water
|-resisted|p2a: Heatran
|-damage|p2a: Heatran|32/100
|move|p2a: Heatran|Iron Defense|p2a: Heatran
|-boost|p2a: Heatran|def|2
|
|-heal|p2a: Heatran|38/100|[from] item: Leftovers
|-damage|p1a: Ogerpon|3/100|[from] move: Magma Storm|[partiallytrapped]
|upkeep
|turn|16
|
|t:|1760359076
|move|p1a: Ogerpon|Ivy Cudgel|p2a: Heatran|[anim] Ivy Cudgel Water
|-resisted|p2a: Heatran
|-damage|p2a: Heatran|21/100
|move|p2a: Heatran|Iron Defense|p2a: Heatran
|-boost|p2a: Heatran|def|2
|
|-heal|p2a: Heatran|27/100|[from] item: Leftovers
|-damage|p1a: Ogerpon|0 fnt|[from] move: Magma Storm|[partiallytrapped]
|faint|p1a: Ogerpon
|upkeep
|
|t:|1760359087
|switch|p1a: Meowscarada|Meowscarada, M|100/100
|-damage|p1a: Meowscarada|88/100|[from] Stealth Rock
|turn|17
|
|t:|1760359092
|move|p1a: Meowscarada|Triple Axel|p2a: Heatran
|-start|p1a: Meowscarada|typechange|Ice|[from] ability: Protean
|-supereffective|p2a: Heatran
|-damage|p2a: Heatran|22/100
|-supereffective|p2a: Heatran
|-damage|p2a: Heatran|14/100
|-supereffective|p2a: Heatran
|-damage|p2a: Heatran|2/100
|-hitcount|p2a: Heatran|3
|move|p2a: Heatran|Magma Storm|p1a: Meowscarada
|-supereffective|p1a: Meowscarada
|-damage|p1a: Meowscarada|0 fnt
|faint|p1a: Meowscarada
|
|-heal|p2a: Heatran|8/100|[from] item: Leftovers
|upkeep
|
|t:|1760359108
|switch|p1a: Toxapex|Toxapex, M|100/100
|-damage|p1a: Toxapex|88/100|[from] Stealth Rock
|turn|18
|
|t:|1760359114
|move|p2a: Heatran|Earth Power|p1a: Toxapex
|-supereffective|p1a: Toxapex
|-damage|p1a: Toxapex|49/100
|move|p1a: Toxapex|Infestation|p2a: Heatran
|-supereffective|p2a: Heatran
|-damage|p2a: Heatran|4/100
|-activate|p2a: Heatran|move: Infestation|[of] p1a: Toxapex
|
|-heal|p2a: Heatran|10/100|[from] item: Leftovers
|-damage|p2a: Heatran|0 fnt|[from] move: Infestation|[partiallytrapped]
|faint|p2a: Heatran
|upkeep
|
|t:|1760359126
|switch|p2a: Iron Valiant|Iron Valiant|26/100
|turn|19
|
|t:|1760359131
|move|p1a: Toxapex|Baneful Bunker|p1a: Toxapex
|-singleturn|p1a: Toxapex|move: Protect
|move|p2a: Iron Valiant|Thunderbolt|p1a: Toxapex
|-activate|p1a: Toxapex|move: Protect
|
|upkeep
|turn|20
|
|t:|1760359138
|move|p2a: Iron Valiant|Thunderbolt|p1a: Toxapex
|-supereffective|p1a: Toxapex
|-damage|p1a: Toxapex|2/100
|move|p1a: Toxapex|Recover|p1a: Toxapex
|-heal|p1a: Toxapex|52/100
|
|upkeep
|turn|21
|
|t:|1760359146
|move|p2a: Iron Valiant|Thunderbolt|p1a: Toxapex
|-supereffective|p1a: Toxapex
|-damage|p1a: Toxapex|10/100
|move|p1a: Toxapex|Toxic|p2a: Iron Valiant
|-status|p2a: Iron Valiant|tox
|
|-damage|p2a: Iron Valiant|20/100 tox|[from] psn
|upkeep
|turn|22
|
|t:|1760359155
|move|p1a: Toxapex|Baneful Bunker|p1a: Toxapex
|-singleturn|p1a: Toxapex|move: Protect
|move|p2a: Iron Valiant|Encore|p1a: Toxapex
|-activate|p1a: Toxapex|move: Protect
|
|-damage|p2a: Iron Valiant|7/100 tox|[from] psn
|upkeep
|turn|23
|
|t:|1760359164
|move|p1a: Toxapex|Baneful Bunker|p1a: Toxapex
|-singleturn|p1a: Toxapex|move: Protect
|move|p2a: Iron Valiant|Thunderbolt|p1a: Toxapex
|-activate|p1a: Toxapex|move: Protect
|
|-damage|p2a: Iron Valiant|0 fnt|[from] psn
|faint|p2a: Iron Valiant
|-end|p2a: Iron Valiant|Quark Drive|[silent]
|upkeep
|
|t:|1760359171
|switch|p2a: Dragapult|Dragapult, F|100/100
|turn|24
|
|t:|1760359176
|move|p2a: Dragapult|Dragon Darts|p1a: Toxapex
|-damage|p1a: Toxapex|0 fnt
|faint|p1a: Toxapex
|
|win|kevtur6
|raw|Ostenberg's rating: 1260 &rarr; <strong>1230</strong><br />(-30 for losing)
|raw|kevtur6's rating: 1191 &rarr; <strong>1221</strong><br />(+30 for winning)
|l|☆kevtur6
|player|p2|
