|j|☆asteroidowl4943
|j|‽ma3m_75
|t:|1760453200
|gametype|singles
|player|p1|asteroidowl4943|ghetsis|1059
|player|p2|ma3m_75|kimonogirl|1074
|gen|9
|tier|[Gen 9] OU
|rated|
|rule|HP Percentage Mod: HP is shown in percentages
|rule|Endless Battle Clause: Forcing endless battles is banned
|rule|Species Clause: Limit one of each Pokémon
|rule|OHKO Clause: OHKO moves are banned
|rule|Evasion Items Clause: Evasion items are banned
|rule|Evasion Moves Clause: Evasion moves are banned
|rule|Evasion Abilities Clause: Evasion abilities are banned
|rule|Sleep Moves Clause: Sleep-inducing moves are banned
|clearpoke
|poke|p1|Samurott-Hisui, F|
|poke|p1|Tornadus-Therian, M|
|poke|p1|Pecharunt|
|poke|p1|Great Tusk|
|poke|p1|Clefable, F|
|poke|p1|Zamazenta-*|
|poke|p2|Chesnaught, M|
|poke|p2|Goodra, M|
|poke|p2|Meowstic-F, F|
|poke|p2|Sylveon, F|
|poke|p2|Hawlucha, F|
|poke|p2|Dedenne, F|
|teampreview
|inactive|Battle timer is ON: inactive players will automatically lose when time's up. (requested by asteroidowl4943)
|
|t:|1760453212
|teamsize|p1|6
|teamsize|p2|6
|start
|switch|p1a: Samurott|Samurott-Hisui, F|100/100
|switch|p2a: Chesnaught|Chesnaught, M|100/100
|turn|1
|
|t:|1760453227
|switch|p1a: Tornadus|Tornadus-Therian, M|100/100
|move|p2a: Chesnaught|Leech Seed|p1a: Tornadus
|-start|p1a: Tornadus|move: Leech Seed
|
|-damage|p1a: Tornadus|88/100|[from] Leech Seed|[of] p2a: Chesnaught
|upkeep
|turn|2
|
|t:|1760453238
|move|p2a: Chesnaught|Spiky Shield|p2a: Chesnaught
|-singleturn|p2a: Chesnaught|move: Protect
|move|p1a: Tornadus|Heat Wave|p2a: Chesnaught
|-activate|p2a: Chesnaught|move: Protect
|
|-damage|p1a: Tornadus|76/100|[from] Leech Seed|[of] p2a: Chesnaught
|upkeep
|turn|3
|
|t:|1760453246
|switch|p2a: Goodra|Goodra, M|100/100
|move|p1a: Tornadus|Nasty Plot|p1a: Tornadus
|-boost|p1a: Tornadus|spa|2
|
|-damage|p1a: Tornadus|63/100|[from] Leech Seed|[of] p2a: Goodra
|upkeep
|turn|4
|
|t:|1760453265
|move|p1a: Tornadus|Bleakwind Storm|p2a: Goodra
|-damage|p2a: Goodra|36/100
|-damage|p1a: Tornadus|54/100|[from] item: Life Orb
|move|p2a: Goodra|Acid Armor|p2a: Goodra
|-boost|p2a: Goodra|def|2
|
|-heal|p2a: Goodra|42/100|[from] item: Leftovers
|-damage|p1a: Tornadus|41/100|[from] Leech Seed|[of] p2a: Goodra
|-heal|p2a: Goodra|53/100|[silent]
|upkeep
|turn|5
|
|t:|1760453276
|move|p1a: Tornadus|Bleakwind Storm|p2a: Goodra|[miss]
|-miss|p1a: Tornadus|p2a: Goodra
|move|p2a: Goodra|Draco Meteor|p1a: Tornadus
|-damage|p1a: Tornadus|0 fnt
|-unboost|p2a: Goodra|spa|2
|faint|p1a: Tornadus
|
|-heal|p2a: Goodra|59/100|[from] item: Leftovers
|upkeep
|
|t:|1760453285
|switch|p1a: Clefable|Clefable, F|100/100
|turn|6
|
|t:|1760453293
|switch|p2a: Dedenne|Dedenne, F|100/100
|move|p1a: Clefable|Moonblast|p2a: Dedenne
|-damage|p2a: Dedenne|43/100
|-enditem|p2a: Dedenne|Sitrus Berry|[eat]
|-heal|p2a: Dedenne|68/100|[from] item: Sitrus Berry
|-heal|p2a: Dedenne|100/100|[from] ability: Cheek Pouch
|
|upkeep
|turn|7
|
|t:|1760453305
|move|p2a: Dedenne|Nuzzle|p1a: Clefable
|-damage|p1a: Clefable|96/100
|-status|p1a: Clefable|par
|move|p1a: Clefable|Calm Mind|p1a: Clefable
|-boost|p1a: Clefable|spa|1
|-boost|p1a: Clefable|spd|1
|
|-heal|p1a: Clefable|100/100 par|[from] item: Leftovers
|upkeep
|turn|8
|
|t:|1760453314
|move|p2a: Dedenne|Volt Switch|p1a: Clefable
|-damage|p1a: Clefable|83/100 par
|
|t:|1760453318
|switch|p2a: Chesnaught|Chesnaught, M|100/100|[from] Volt Switch
|move|p1a: Clefable|Moonblast|p2a: Chesnaught
|-supereffective|p2a: Chesnaught
|-damage|p2a: Chesnaught|0 fnt
|faint|p2a: Chesnaught
|
|-heal|p1a: Clefable|89/100 par|[from] item: Leftovers
|upkeep
|
|t:|1760453332
|switch|p2a: Hawlucha|Hawlucha, F|100/100
|turn|9
|
|t:|1760453335
|move|p2a: Hawlucha|Endure|p2a: Hawlucha
|-singleturn|p2a: Hawlucha|move: Endure
|move|p1a: Clefable|Moonblast|p2a: Hawlucha
|-supereffective|p2a: Hawlucha
|-activate|p2a: Hawlucha|move: Endure
|-damage|p2a: Hawlucha|1/100
|-unboost|p2a: Hawlucha|spa|1
|-enditem|p2a: Hawlucha|Weakness Policy
|-boost|p2a: Hawlucha|atk|2|[from] item: Weakness Policy
|-boost|p2a: Hawlucha|spa|2|[from] item: Weakness Policy
|
|-heal|p1a: Clefable|95/100 par|[from] item: Leftovers
|upkeep
|turn|10
|
|t:|1760453349
|move|p2a: Hawlucha|Acrobatics|p1a: Clefable
|-damage|p1a: Clefable|19/100 par
|cant|p1a: Clefable|par
|
|-heal|p1a: Clefable|25/100 par|[from] item: Leftovers
|upkeep
|turn|11
|
|t:|1760453358
|move|p2a: Hawlucha|Acrobatics|p1a: Clefable
|-damage|p1a: Clefable|0 fnt
|faint|p1a: Clefable
|
|upkeep
|
|t:|1760453365
|switch|p1a: Pecharunt|Pecharunt|100/100
|turn|12
|
|t:|1760453372
|move|p2a: Hawlucha|Acrobatics|p1a: Pecharunt
|-damage|p1a: Pecharunt|50/100
|move|p1a: Pecharunt|Malignant Chain|p2a: Hawlucha
|-damage|p2a: Hawlucha|0 fnt
|faint|p2a: Hawlucha
|
|upkeep
|
|t:|1760453379
|switch|p2a: Meowstic|Meowstic-F, F|100/100
|turn|13
|
|t:|1760453388
|-terastallize|p1a: Pecharunt|Dark
|move|p2a: Meowstic|Psychic|p1a: Pecharunt
|-immune|p1a: Pecharunt
|move|p1a: Pecharunt|Foul Play|p2a: Meowstic
|-supereffective|p2a: Meowstic
|-damage|p2a: Meowstic|60/100
|
|upkeep
|turn|14
|
|t:|1760453396
|switch|p2a: Sylveon|Sylveon, F|100/100
|move|p1a: Pecharunt|Foul Play|p2a: Sylveon
|-resisted|p2a: Sylveon
|-damage|p2a: Sylveon|91/100
|
|upkeep
|turn|15
|
|t:|1760453406
|move|p1a: Pecharunt|Recover|p1a: Pecharunt
|-heal|p1a: Pecharunt|99/100
|move|p2a: Sylveon|Hyper Voice|p1a: Pecharunt
|-supereffective|p1a: Pecharunt
|-damage|p1a: Pecharunt|0 fnt
|faint|p1a: Pecharunt
|-enditem|p2a: Sylveon|Throat Spray
|-boost|p2a: Sylveon|spa|1|[from] item: Throat Spray
|
|upkeep
|-message|ma3m_75 forfeited.
|
|win|asteroidowl4943
|raw|asteroidowl4943's rating: 1059 &rarr; <strong>1091</strong><br />(+32 for winning)
|raw|ma3m_75's rating: 1074 &rarr; <strong>1052</strong><br />(-22 for losing)
|l|‽ma3m_75
|player|p2|
|l|☆asteroidowl4943
|player|p1|
