|j|☆Jerelmy
|j|☆depecos
|t:|1760455094
|gametype|singles
|player|p1|Jerelmy|red|1331
|player|p2|depecos|2|1393
|gen|9
|tier|[Gen 9] OU
|rated|
|rule|HP Percentage Mod: HP is shown in percentages
|rule|Endless Battle Clause: Forcing endless battles is banned
|rule|Species Clause: Limit one of each Pokémon
|rule|OHKO Clause: OHKO moves are banned
|rule|Evasion Items Clause: Evasion items are banned
|rule|Evasion Moves Clause: Evasion moves are banned
|rule|Evasion Abilities Clause: Evasion abilities are banned
|rule|Sleep Moves Clause: Sleep-inducing moves are banned
|clearpoke
|poke|p1|Delphox, F|
|poke|p1|Greninja-*, M|
|poke|p1|Scizor, M|
|poke|p1|Umbreon, F|
|poke|p1|Conkeldurr, M|
|poke|p1|Goodra, F|
|poke|p2|Enamorus-Therian, F|
|poke|p2|Great Tusk|
|poke|p2|Hawlucha, F|
|poke|p2|Iron Hands|
|poke|p2|Rillaboom, M|
|poke|p2|Heatran, F|
|teampreview
|inactive|Battle timer is ON: inactive players will automatically lose when time's up. (requested by Jerelmy)
|inactive|depecos also wants the timer to be on.
|inactive|Jerelmy has 120 seconds left.
|
|t:|1760455144
|teamsize|p1|6
|teamsize|p2|6
|start
|switch|p1a: Hermione|Delphox, F|100/100
|switch|p2a: Rillaboom|Rillaboom, M|100/100
|-fieldstart|move: Grassy Terrain|[from] ability: Grassy Surge|[of] p2a: Rillaboom
|turn|1
|
|t:|1760455151
|switch|p2a: Heatran|Heatran, F|100/100
|move|p1a: Hermione|Flamethrower|p2a: Heatran
|-start|p2a: Heatran|ability: Flash Fire
|
|upkeep
|turn|2
|
|t:|1760455156
|switch|p1a: Play-Doh|Goodra, F|100/100
|move|p2a: Heatran|Stealth Rock|p1a: Play-Doh
|-sidestart|p1: Jerelmy|move: Stealth Rock
|
|upkeep
|turn|3
|
|t:|1760455161
|move|p2a: Heatran|Magma Storm|p1a: Play-Doh
|-resisted|p1a: Play-Doh
|-damage|p1a: Play-Doh|84/100
|-activate|p1a: Play-Doh|move: Magma Storm|[of] p2a: Heatran
|move|p1a: Play-Doh|Dragon Pulse|p2a: Heatran
|-resisted|p2a: Heatran
|-damage|p2a: Heatran|88/100
|
|-heal|p2a: Heatran|94/100|[from] Grassy Terrain
|-heal|p2a: Heatran|100/100|[from] item: Leftovers
|-heal|p1a: Play-Doh|90/100|[from] Grassy Terrain
|-heal|p1a: Play-Doh|96/100|[from] item: Leftovers
|-damage|p1a: Play-Doh|84/100|[from] move: Magma Storm|[partiallytrapped]
|upkeep
|turn|4
|
|t:|1760455169
|-end|p2a: Heatran|ability: Flash Fire|[silent]
|switch|p2a: Enamorus|Enamorus-Therian, F|100/100
|move|p1a: Play-Doh|Thunderbolt|p2a: Enamorus
|-supereffective|p2a: Enamorus
|-damage|p2a: Enamorus|49/100
|
|-heal|p1a: Play-Doh|90/100|[from] Grassy Terrain
|-heal|p1a: Play-Doh|96/100|[from] item: Leftovers
|-heal|p2a: Enamorus|55/100|[from] item: Leftovers
|-end|p1a: Play-Doh|Magma Storm|[partiallytrapped]|[silent]
|upkeep
|turn|5
|
|t:|1760455180
|switch|p2a: Great Tusk|Great Tusk|100/100
|move|p1a: Play-Doh|Sludge Bomb|p2a: Great Tusk
|-resisted|p2a: Great Tusk
|-damage|p2a: Great Tusk|81/100
|
|-heal|p2a: Great Tusk|87/100|[from] Grassy Terrain
|-heal|p1a: Play-Doh|100/100|[from] Grassy Terrain
|upkeep
|turn|6
|
|t:|1760455190
|move|p2a: Great Tusk|Rapid Spin|p1a: Play-Doh
|-damage|p1a: Play-Doh|79/100
|-boost|p2a: Great Tusk|spe|1
|-ability|p1a: Play-Doh|Gooey
|-unboost|p2a: Great Tusk|spe|1
|move|p1a: Play-Doh|Ice Beam|p2a: Great Tusk
|-supereffective|p2a: Great Tusk
|-damage|p2a: Great Tusk|0 fnt
|faint|p2a: Great Tusk
|-end|p2a: Great Tusk|Protosynthesis|[silent]
|
|-heal|p1a: Play-Doh|86/100|[from] Grassy Terrain
|-heal|p1a: Play-Doh|92/100|[from] item: Leftovers
|upkeep
|
|t:|1760455201
|switch|p2a: Iron Hands|Iron Hands|100/100
|-enditem|p2a: Iron Hands|Grassy Seed
|-boost|p2a: Iron Hands|def|1|[from] item: Grassy Seed
|turn|7
|
|t:|1760455210
|move|p1a: Play-Doh|Dragon Pulse|p2a: Iron Hands
|-damage|p2a: Iron Hands|67/100
|move|p2a: Iron Hands|Swords Dance|p2a: Iron Hands
|-boost|p2a: Iron Hands|atk|2
|
|-heal|p1a: Play-Doh|98/100|[from] Grassy Terrain
|-heal|p1a: Play-Doh|100/100|[from] item: Leftovers
|-heal|p2a: Iron Hands|73/100|[from] Grassy Terrain
|upkeep
|turn|8
|
|t:|1760455215
|move|p1a: Play-Doh|Dragon Pulse|p2a: Iron Hands
|-damage|p2a: Iron Hands|37/100
|move|p2a: Iron Hands|Drain Punch|p1a: Play-Doh
|-damage|p1a: Play-Doh|0 fnt
|-heal|p2a: Iron Hands|78/100|[from] drain|[of] p1a: Play-Doh
|-ability|p1a: Play-Doh|Gooey
|-unboost|p2a: Iron Hands|spe|1
|faint|p1a: Play-Doh
|
|-heal|p2a: Iron Hands|84/100|[from] Grassy Terrain
|-fieldend|move: Grassy Terrain
|upkeep
|
|t:|1760455226
|switch|p1a: Hermione|Delphox, F|100/100
|-damage|p1a: Hermione|76/100|[from] Stealth Rock
|turn|9
|
|t:|1760455236
|move|p1a: Hermione|Psychic|p2a: Iron Hands
|-supereffective|p2a: Iron Hands
|-damage|p2a: Iron Hands|1/100
|move|p2a: Iron Hands|Thunder Punch|p1a: Hermione
|-damage|p1a: Hermione|0 fnt
|faint|p1a: Hermione
|
|upkeep
|
|t:|1760455245
|switch|p1a: Robin|Scizor, M|100/100
|-damage|p1a: Robin|88/100|[from] Stealth Rock
|turn|10
|
|t:|1760455248
|move|p1a: Robin|Bullet Punch|p2a: Iron Hands
|-resisted|p2a: Iron Hands
|-damage|p2a: Iron Hands|0 fnt
|faint|p2a: Iron Hands
|-end|p2a: Iron Hands|Quark Drive|[silent]
|
|upkeep
|
|t:|1760455251
|switch|p2a: Rillaboom|Rillaboom, M|100/100
|-fieldstart|move: Grassy Terrain|[from] ability: Grassy Surge|[of] p2a: Rillaboom
|turn|11
|
|t:|1760455265
|switch|p2a: Heatran|Heatran, F|100/100
|move|p1a: Robin|Knock Off|p2a: Heatran
|-damage|p2a: Heatran|69/100
|-enditem|p2a: Heatran|Leftovers|[from] move: Knock Off|[of] p1a: Robin
|
|-heal|p2a: Heatran|75/100|[from] Grassy Terrain
|-heal|p1a: Robin|94/100|[from] Grassy Terrain
|upkeep
|turn|12
|
|t:|1760455292
|move|p2a: Heatran|Magma Storm|p1a: Robin
|-supereffective|p1a: Robin
|-damage|p1a: Robin|0 fnt
|faint|p1a: Robin
|
|-heal|p2a: Heatran|82/100|[from] Grassy Terrain
|upkeep
|
|t:|1760455295
|switch|p1a: Unc|Conkeldurr, M|100/100
|-damage|p1a: Unc|94/100|[from] Stealth Rock
|turn|13
|
|t:|1760455305
|switch|p2a: Enamorus|Enamorus-Therian, F|55/100
|move|p1a: Unc|Earthquake|p2a: Enamorus
|-immune|p2a: Enamorus
|
|-heal|p2a: Enamorus|61/100|[from] item: Leftovers
|-heal|p1a: Unc|100/100|[from] Grassy Terrain
|-status|p1a: Unc|brn|[from] item: Flame Orb
|upkeep
|turn|14
|
|t:|1760455311
|move|p2a: Enamorus|Draining Kiss|p1a: Unc
|-supereffective|p1a: Unc
|-damage|p1a: Unc|51/100 brn
|-heal|p2a: Enamorus|100/100|[from] drain|[of] p1a: Unc
|move|p1a: Unc|Thunder Punch|p2a: Enamorus
|-supereffective|p2a: Enamorus
|-damage|p2a: Enamorus|38/100
|-status|p2a: Enamorus|par
|
|-heal|p1a: Unc|57/100 brn|[from] Grassy Terrain
|-heal|p2a: Enamorus|44/100 par|[from] item: Leftovers
|-damage|p1a: Unc|51/100 brn|[from] brn
|upkeep
|turn|15
|
|t:|1760455324
|move|p1a: Unc|Ice Punch|p2a: Enamorus
|-supereffective|p2a: Enamorus
|-damage|p2a: Enamorus|0 fnt
|faint|p2a: Enamorus
|
|-heal|p1a: Unc|57/100 brn|[from] Grassy Terrain
|-damage|p1a: Unc|51/100 brn|[from] brn
|upkeep
|
|t:|1760455328
|switch|p2a: Hawlucha|Hawlucha, F|100/100
|-enditem|p2a: Hawlucha|Grassy Seed
|-boost|p2a: Hawlucha|def|1|[from] item: Grassy Seed
|turn|16
|
|t:|1760455333
|switch|p1a: Luna|Umbreon, F|100/100
|-damage|p1a: Luna|88/100|[from] Stealth Rock
|move|p2a: Hawlucha|Acrobatics|p1a: Luna
|-damage|p1a: Luna|58/100
|
|-heal|p1a: Luna|64/100|[from] Grassy Terrain
|-heal|p1a: Luna|70/100|[from] item: Leftovers
|upkeep
|turn|17
|
|t:|1760455338
|move|p2a: Hawlucha|Swords Dance|p2a: Hawlucha
|-boost|p2a: Hawlucha|atk|2
|move|p1a: Luna|Foul Play|p2a: Hawlucha
|-resisted|p2a: Hawlucha
|-damage|p2a: Hawlucha|64/100
|
|-heal|p1a: Luna|76/100|[from] Grassy Terrain
|-heal|p1a: Luna|82/100|[from] item: Leftovers
|upkeep
|turn|18
|
|t:|1760455345
|move|p2a: Hawlucha|Close Combat|p1a: Luna
|-supereffective|p1a: Luna
|-damage|p1a: Luna|0 fnt
|-unboost|p2a: Hawlucha|def|1
|-unboost|p2a: Hawlucha|spd|1
|faint|p1a: Luna
|
|-fieldend|move: Grassy Terrain
|upkeep
|
|t:|1760455353
|switch|p1a: Shadow|Greninja, M|100/100
|-damage|p1a: Shadow|88/100|[from] Stealth Rock
|turn|19
|
|t:|1760455360
|switch|p2a: Rillaboom|Rillaboom, M|100/100
|-fieldstart|move: Grassy Terrain|[from] ability: Grassy Surge|[of] p2a: Rillaboom
|move|p1a: Shadow|Water Shuriken|p2a: Rillaboom
|-resisted|p2a: Rillaboom
|-damage|p2a: Rillaboom|97/100
|-resisted|p2a: Rillaboom
|-damage|p2a: Rillaboom|93/100
|-resisted|p2a: Rillaboom
|-damage|p2a: Rillaboom|89/100
|-resisted|p2a: Rillaboom
|-damage|p2a: Rillaboom|85/100
|-resisted|p2a: Rillaboom
|-damage|p2a: Rillaboom|81/100
|-hitcount|p2a: Rillaboom|5
|
|-heal|p1a: Shadow|94/100|[from] Grassy Terrain
|-heal|p2a: Rillaboom|87/100|[from] Grassy Terrain
|upkeep
|turn|20
|
|t:|1760455368
|-terastallize|p2a: Rillaboom|Grass
|move|p2a: Rillaboom|Grassy Glide|p1a: Shadow
|-supereffective|p1a: Shadow
|-crit|p1a: Shadow
|-damage|p1a: Shadow|0 fnt
|faint|p1a: Shadow
|
|-heal|p2a: Rillaboom|93/100|[from] Grassy Terrain
|upkeep
|
|t:|1760455372
|switch|p1a: Unc|Conkeldurr, M|51/100 brn
|-damage|p1a: Unc|45/100 brn|[from] Stealth Rock
|turn|21
|
|t:|1760455379
|move|p2a: Rillaboom|Grassy Glide|p1a: Unc
|-damage|p1a: Unc|0 fnt
|faint|p1a: Unc
|
|win|depecos
|raw|Jerelmy's rating: 1331 &rarr; <strong>1315</strong><br />(-16 for losing)
|raw|depecos's rating: 1393 &rarr; <strong>1409</strong><br />(+16 for winning)
|l|☆Jerelmy
|player|p1|
|l|☆depecos
|player|p2|
