|j|☆apotato135
|j|☆dr. drake6782
|t:|1760397347
|gametype|singles
|player|p1|apotato135|swimmer-gen4dp|1698
|player|p2|dr. drake6782|hilbert-masters|1748
|gen|9
|tier|[Gen 9] OU
|rated|
|rule|HP Percentage Mod: HP is shown in percentages
|rule|Endless Battle Clause: Forcing endless battles is banned
|rule|Species Clause: Limit one of each Pokémon
|rule|OHKO Clause: OHKO moves are banned
|rule|Evasion Items Clause: Evasion items are banned
|rule|Evasion Moves Clause: Evasion moves are banned
|rule|Evasion Abilities Clause: Evasion abilities are banned
|rule|Sleep Moves Clause: Sleep-inducing moves are banned
|clearpoke
|poke|p1|Pelipper, F|
|poke|p1|Raging Bolt|
|poke|p1|Tauros-Paldea-Aqua, M|
|poke|p1|Primarina, F|
|poke|p1|Overqwil, F|
|poke|p1|Iron Treads|
|poke|p2|Pelipper, F|
|poke|p2|Tornadus-Therian, M|
|poke|p2|Iron Treads|
|poke|p2|Decidueye-Hisui, F|
|poke|p2|Barraskewda, M|
|poke|p2|Raging Bolt|
|teampreview
|inactive|Battle timer is ON: inactive players will automatically lose when time's up. (requested by dr. drake6782)
|inactive|apotato135 has 120 seconds left.
|
|t:|1760397405
|teamsize|p1|6
|teamsize|p2|6
|start
|switch|p1a: Iron Treads|Iron Treads|100/100
|switch|p2a: Tornadus|Tornadus-Therian, M|100/100
|-enditem|p1a: Iron Treads|Booster Energy
|-activate|p1a: Iron Treads|ability: Quark Drive|[fromitem]
|-start|p1a: Iron Treads|quarkdrivespe
|turn|1
|
|t:|1760397419
|move|p1a: Iron Treads|Stealth Rock|p2a: Tornadus
|-sidestart|p2: dr. drake6782|move: Stealth Rock
|move|p2a: Tornadus|Focus Blast|p1a: Iron Treads|[miss]
|-miss|p2a: Tornadus|p1a: Iron Treads
|
|upkeep
|turn|2
|
|t:|1760397427
|-end|p1a: Iron Treads|Quark Drive|[silent]
|switch|p1a: Primarina|Primarina, F|100/100
|move|p2a: Tornadus|Focus Blast|p1a: Primarina
|-resisted|p1a: Primarina
|-damage|p1a: Primarina|84/100
|
|upkeep
|turn|3
|
|t:|1760397436
|switch|p2a: Pelipper|Pelipper, F|100/100
|-damage|p2a: Pelipper|76/100|[from] Stealth Rock
|-weather|RainDance|[from] ability: Drizzle|[of] p2a: Pelipper
|move|p1a: Primarina|Psychic Noise|p2a: Pelipper
|-resisted|p2a: Pelipper
|-damage|p2a: Pelipper|34/100
|-start|p2a: Pelipper|move: Heal Block
|
|-weather|RainDance|[upkeep]
|upkeep
|turn|4
|
|t:|1760397445
|move|p1a: Primarina|Psychic Noise|p2a: Pelipper
|-resisted|p2a: Pelipper
|-damage|p2a: Pelipper|0 fnt
|faint|p2a: Pelipper
|
|-weather|RainDance|[upkeep]
|upkeep
|
|t:|1760397446
|switch|p2a: Tornadus|Tornadus-Therian, M|100/100
|-damage|p2a: Tornadus|76/100|[from] Stealth Rock
|turn|5
|
|t:|1760397452
|-terastallize|p2a: Tornadus|Flying
|move|p2a: Tornadus|Hurricane|p1a: Primarina
|-damage|p1a: Primarina|21/100
|move|p1a: Primarina|Moonblast|p2a: Tornadus
|-damage|p2a: Tornadus|13/100
|
|-weather|RainDance|[upkeep]
|upkeep
|turn|6
|
|t:|1760397463
|move|p2a: Tornadus|Hurricane|p1a: Primarina
|-damage|p1a: Primarina|0 fnt
|faint|p1a: Primarina
|
|-weather|RainDance|[upkeep]
|upkeep
|
|t:|1760397468
|switch|p1a: Overqwil|Overqwil, F|100/100
|turn|7
|
|t:|1760397480
|move|p1a: Overqwil|Crunch|p2a: Tornadus
|-damage|p2a: Tornadus|0 fnt
|faint|p2a: Tornadus
|-damage|p1a: Overqwil|91/100|[from] item: Life Orb
|
|-weather|RainDance|[upkeep]
|upkeep
|
|t:|1760397483
|switch|p2a: Barraskewda|Barraskewda, M, shiny|100/100
|-damage|p2a: Barraskewda|88/100|[from] Stealth Rock
|turn|8
|
|t:|1760397489
|switch|p1a: Pelipper|Pelipper, F|100/100
|move|p2a: Barraskewda|Liquidation|p1a: Pelipper
|-resisted|p1a: Pelipper
|-damage|p1a: Pelipper|62/100
|-damage|p2a: Barraskewda|78/100|[from] item: Life Orb
|
|-weather|RainDance|[upkeep]
|upkeep
|turn|9
|
|t:|1760397496
|move|p2a: Barraskewda|Flip Turn|p1a: Pelipper
|-resisted|p1a: Pelipper
|-damage|p1a: Pelipper|39/100
|-damage|p2a: Barraskewda|69/100|[from] item: Life Orb
|
|t:|1760397504
|switch|p2a: Raging Bolt|Raging Bolt|100/100|[from] Flip Turn
|-damage|p2a: Raging Bolt|88/100|[from] Stealth Rock
|-enditem|p2a: Raging Bolt|Booster Energy
|-activate|p2a: Raging Bolt|ability: Protosynthesis|[fromitem]
|-start|p2a: Raging Bolt|protosynthesisspa
|move|p1a: Pelipper|Knock Off|p2a: Raging Bolt
|-damage|p2a: Raging Bolt|80/100
|
|-weather|RainDance|[upkeep]
|upkeep
|turn|10
|
|t:|1760397512
|switch|p1a: Iron Treads|Iron Treads|100/100
|move|p2a: Raging Bolt|Thunder|p1a: Iron Treads
|-immune|p1a: Iron Treads
|
|-weather|none
|upkeep
|turn|11
|
|t:|1760397523
|-end|p2a: Raging Bolt|Protosynthesis|[silent]
|switch|p2a: Decidueye|Decidueye-Hisui, F, shiny|100/100
|-damage|p2a: Decidueye|94/100|[from] Stealth Rock
|move|p1a: Iron Treads|Earth Power|p2a: Decidueye
|-resisted|p2a: Decidueye
|-damage|p2a: Decidueye|80/100
|
|upkeep
|turn|12
|
|t:|1760397530
|move|p1a: Iron Treads|Earth Power|p2a: Decidueye
|-resisted|p2a: Decidueye
|-damage|p2a: Decidueye|64/100
|move|p2a: Decidueye|Defog|p1a: Iron Treads
|-unboost|p1a: Iron Treads|evasion|1
|-sideend|p2: dr. drake6782|Stealth Rock|[from] move: Defog|[of] p2a: Decidueye
|
|upkeep
|turn|13
|
|t:|1760397544
|move|p1a: Iron Treads|Stealth Rock|p2a: Decidueye
|-sidestart|p2: dr. drake6782|move: Stealth Rock
|move|p2a: Decidueye|Triple Arrows|p1a: Iron Treads
|-supereffective|p1a: Iron Treads
|-damage|p1a: Iron Treads|43/100
|
|upkeep
|turn|14
|
|t:|1760397550
|-end|p1a: Iron Treads|Quark Drive|[silent]
|switch|p1a: Pelipper|Pelipper, F|39/100
|-weather|RainDance|[from] ability: Drizzle|[of] p1a: Pelipper
|move|p2a: Decidueye|Triple Arrows|p1a: Pelipper
|-resisted|p1a: Pelipper
|-damage|p1a: Pelipper|26/100
|-unboost|p1a: Pelipper|def|1
|
|-weather|RainDance|[upkeep]
|upkeep
|turn|15
|
|t:|1760397558
|move|p2a: Decidueye|Defog|p1a: Pelipper
|-unboost|p1a: Pelipper|evasion|1
|-sideend|p2: dr. drake6782|Stealth Rock|[from] move: Defog|[of] p2a: Decidueye
|move|p1a: Pelipper|Knock Off|p2a: Decidueye
|-resisted|p2a: Decidueye
|-damage|p2a: Decidueye|59/100
|-damage|p1a: Pelipper|10/100|[from] item: Rocky Helmet|[of] p2a: Decidueye
|-enditem|p2a: Decidueye|Rocky Helmet|[from] move: Knock Off|[of] p1a: Pelipper
|
|-weather|RainDance|[upkeep]
|upkeep
|turn|16
|
|t:|1760397570
|switch|p1a: Iron Treads|Iron Treads|43/100
|move|p2a: Decidueye|Triple Arrows|p1a: Iron Treads
|-supereffective|p1a: Iron Treads
|-damage|p1a: Iron Treads|0 fnt
|faint|p1a: Iron Treads
|-end|p1a: Iron Treads|Quark Drive|[silent]
|
|-weather|RainDance|[upkeep]
|upkeep
|
|t:|1760397578
|switch|p1a: Raging Bolt|Raging Bolt|100/100
|turn|17
|
|t:|1760397593
|switch|p2a: Iron Treads|Iron Treads|100/100
|move|p1a: Raging Bolt|Draco Meteor|p2a: Iron Treads
|-resisted|p2a: Iron Treads
|-damage|p2a: Iron Treads|73/100
|-unboost|p1a: Raging Bolt|spa|2
|
|-weather|RainDance|[upkeep]
|-heal|p2a: Iron Treads|79/100|[from] item: Leftovers
|upkeep
|turn|18
|
|t:|1760397599
|-end|p1a: Raging Bolt|Protosynthesis|[silent]
|switch|p1a: Tauros|Tauros-Paldea-Aqua, M|100/100
|-ability|p1a: Tauros|Intimidate|boost
|-unboost|p2a: Iron Treads|atk|1
|move|p2a: Iron Treads|Stealth Rock|p1a: Tauros
|-sidestart|p1: apotato135|move: Stealth Rock
|
|-weather|RainDance|[upkeep]
|-heal|p2a: Iron Treads|85/100|[from] item: Leftovers
|upkeep
|turn|19
|
|t:|1760397615
|-end|p2a: Iron Treads|Quark Drive|[silent]
|switch|p2a: Decidueye|Decidueye-Hisui, F, shiny|59/100
|move|p1a: Tauros|Close Combat|p2a: Decidueye
|-damage|p2a: Decidueye|0 fnt
|-unboost|p1a: Tauros|def|1
|-unboost|p1a: Tauros|spd|1
|faint|p2a: Decidueye
|
|-weather|RainDance|[upkeep]
|upkeep
|
|t:|1760397622
|switch|p2a: Raging Bolt|Raging Bolt|80/100
|turn|20
|
|t:|1760397625
|switch|p1a: Pelipper|Pelipper, F|10/100
|-damage|p1a: Pelipper|0 fnt|[from] Stealth Rock
|faint|p1a: Pelipper
|move|p2a: Raging Bolt|Thunderclap|p1: Pelipper|[notarget]
|-fail|p2a: Raging Bolt
|
|-weather|RainDance|[upkeep]
|upkeep
|
|t:|1760397632
|switch|p1a: Raging Bolt|Raging Bolt|100/100
|-damage|p1a: Raging Bolt|88/100|[from] Stealth Rock
|turn|21
|
|t:|1760397642
|move|p1a: Raging Bolt|Weather Ball|p2a: Raging Bolt
|-resisted|p2a: Raging Bolt
|-damage|p2a: Raging Bolt|55/100
|move|p2a: Raging Bolt|Dragon Pulse|p1a: Raging Bolt
|-supereffective|p1a: Raging Bolt
|-damage|p1a: Raging Bolt|0 fnt
|faint|p1a: Raging Bolt
|-end|p1a: Raging Bolt|Protosynthesis|[silent]
|
|-weather|none
|upkeep
|
|t:|1760397645
|switch|p1a: Tauros|Tauros-Paldea-Aqua, M|100/100
|-damage|p1a: Tauros|94/100|[from] Stealth Rock
|-ability|p1a: Tauros|Intimidate|boost
|-unboost|p2a: Raging Bolt|atk|1
|turn|22
|
|t:|1760397651
|-terastallize|p1a: Tauros|Water
|move|p1a: Tauros|Aqua Jet|p2a: Raging Bolt
|-resisted|p2a: Raging Bolt
|-damage|p2a: Raging Bolt|38/100
|move|p2a: Raging Bolt|Thunderclap||[still]
|-fail|p2a: Raging Bolt
|
|upkeep
|turn|23
|
|t:|1760397655
|switch|p1a: Overqwil|Overqwil, F|91/100
|-damage|p1a: Overqwil|79/100|[from] Stealth Rock
|move|p2a: Raging Bolt|Thunder|p1a: Overqwil|[miss]
|-miss|p2a: Raging Bolt|p1a: Overqwil
|
|upkeep
|turn|24
|
|t:|1760397662
|move|p2a: Raging Bolt|Thunderclap||[still]
|-fail|p2a: Raging Bolt
|move|p1a: Overqwil|Swords Dance|p1a: Overqwil
|-boost|p1a: Overqwil|atk|2
|
|upkeep
|turn|25
|
|t:|1760397668
|-end|p2a: Raging Bolt|Protosynthesis|[silent]
|switch|p2a: Iron Treads|Iron Treads|85/100
|move|p1a: Overqwil|Crunch|p2a: Iron Treads
|-crit|p2a: Iron Treads
|-damage|p2a: Iron Treads|0 fnt
|faint|p2a: Iron Treads
|-end|p2a: Iron Treads|Quark Drive|[silent]
|-damage|p1a: Overqwil|69/100|[from] item: Life Orb
|
|upkeep
|
|t:|1760397674
|switch|p2a: Barraskewda|Barraskewda, M, shiny|69/100
|turn|26
|
|t:|1760397680
|move|p2a: Barraskewda|Liquidation|p1a: Overqwil
|-damage|p1a: Overqwil|0 fnt
|faint|p1a: Overqwil
|-damage|p2a: Barraskewda|59/100|[from] item: Life Orb
|
|upkeep
|
|t:|1760397685
|switch|p1a: Tauros|Tauros-Paldea-Aqua, M, tera:Water|94/100
|-damage|p1a: Tauros|82/100|[from] Stealth Rock
|-ability|p1a: Tauros|Intimidate|boost
|-unboost|p2a: Barraskewda|atk|1
|turn|27
|
|t:|1760397692
|move|p1a: Tauros|Aqua Jet|p2a: Barraskewda
|-resisted|p2a: Barraskewda
|-damage|p2a: Barraskewda|19/100
|move|p2a: Barraskewda|Close Combat|p1a: Tauros
|-damage|p1a: Tauros|42/100
|-unboost|p2a: Barraskewda|def|1
|-unboost|p2a: Barraskewda|spd|1
|-damage|p2a: Barraskewda|9/100|[from] item: Life Orb
|
|upkeep
|turn|28
|
|t:|1760397695
|move|p1a: Tauros|Aqua Jet|p2a: Barraskewda
|-resisted|p2a: Barraskewda
|-damage|p2a: Barraskewda|0 fnt
|faint|p2a: Barraskewda
|
|upkeep
|
|t:|1760397696
|switch|p2a: Raging Bolt|Raging Bolt|38/100
|turn|29
|
|t:|1760397699
|move|p1a: Tauros|Aqua Jet|p2a: Raging Bolt
|-resisted|p2a: Raging Bolt
|-damage|p2a: Raging Bolt|20/100
|move|p2a: Raging Bolt|Dragon Pulse|p1a: Tauros
|-damage|p1a: Tauros|0 fnt
|faint|p1a: Tauros
|
|win|dr. drake6782
|raw|apotato135's rating: 1698 &rarr; <strong>1681</strong><br />(-17 for losing)
|raw|dr. drake6782's rating: 1748 &rarr; <strong>1765</strong><br />(+17 for winning)
|l|☆dr. drake6782
|player|p2|
|l|☆apotato135
|player|p1|
