|j|☆leosyspu
|j|☆ElNic0
|t:|1760430660
|gametype|singles
|player|p1|leosyspu|cynthia|1233
|player|p2|ElNic0|266|1183
|gen|9
|tier|[Gen 9] OU
|rated|
|rule|HP Percentage Mod: HP is shown in percentages
|rule|Endless Battle Clause: Forcing endless battles is banned
|rule|Species Clause: Limit one of each Pokémon
|rule|OHKO Clause: OHKO moves are banned
|rule|Evasion Items Clause: Evasion items are banned
|rule|Evasion Moves Clause: Evasion moves are banned
|rule|Evasion Abilities Clause: Evasion abilities are banned
|rule|Sleep Moves Clause: Sleep-inducing moves are banned
|clearpoke
|poke|p1|Gardevoir, F|
|poke|p1|Galvantula, F|
|poke|p1|Cinderace, M|
|poke|p1|Conkeldurr, M|
|poke|p1|Empoleon, M|
|poke|p1|Arcanine-Hisui, M|
|poke|p2|Glimmora, F|
|poke|p2|Enamorus, F|
|poke|p2|Kommo-o, M|
|poke|p2|Keldeo-Resolute|
|poke|p2|Cinderace, F|
|poke|p2|Scizor, M|
|teampreview
|inactive|Battle timer is ON: inactive players will automatically lose when time's up. (requested by leosyspu)
|
|t:|1760430679
|teamsize|p1|6
|teamsize|p2|6
|start
|switch|p1a: Conkeldurr|Conkeldurr, M|100/100
|switch|p2a: Glimmora|Glimmora, F|100/100
|turn|1
|
|t:|1760430701
|move|p2a: Glimmora|Meteor Beam||[still]
|-prepare|p2a: Glimmora|Meteor Beam
|-boost|p2a: Glimmora|spa|1
|-enditem|p2a: Glimmora|Power Herb
|-anim|p2a: Glimmora|Meteor Beam|p1a: Conkeldurr
|-resisted|p1a: Conkeldurr
|-damage|p1a: Conkeldurr|48/100
|move|p1a: Conkeldurr|Drain Punch|p2a: Glimmora
|-damage|p2a: Glimmora|43/100
|-heal|p1a: Conkeldurr|70/100|[from] drain|[of] p2a: Glimmora
|-activate|p2a: Glimmora|ability: Toxic Debris
|-sidestart|p1: leosyspu|move: Toxic Spikes
|
|-status|p1a: Conkeldurr|brn|[from] item: Flame Orb
|upkeep
|turn|2
|inactive|ElNic0 has 120 seconds left.
|
|t:|1760430727
|move|p1a: Conkeldurr|Mach Punch|p2a: Glimmora
|-crit|p2a: Glimmora
|-damage|p2a: Glimmora|0 fnt
|-activate|p2a: Glimmora|ability: Toxic Debris
|-sidestart|p1: leosyspu|move: Toxic Spikes
|faint|p2a: Glimmora
|
|-damage|p1a: Conkeldurr|64/100 brn|[from] brn
|upkeep
|
|t:|1760430736
|switch|p2a: Scizor|Scizor, M|100/100
|turn|3
|inactive|ElNic0 has 120 seconds left.
|
|t:|1760430744
|move|p2a: Scizor|Dual Wingbeat|p1a: Conkeldurr
|-supereffective|p1a: Conkeldurr
|-damage|p1a: Conkeldurr|4/100 brn
|-supereffective|p1a: Conkeldurr
|-damage|p1a: Conkeldurr|0 fnt
|faint|p1a: Conkeldurr
|-hitcount|p1: Conkeldurr|2
|
|upkeep
|
|t:|1760430752
|switch|p1a: Cinderace|Cinderace, M|100/100
|turn|4
|
|t:|1760430757
|switch|p2a: Cinderace|Cinderace, F|100/100
|move|p1a: Cinderace|Court Change|p1a: Cinderace
|-start|p1a: Cinderace|typechange|Normal|[from] ability: Libero
|-swapsideconditions
|-activate|p1a: Cinderace|move: Court Change
|
|upkeep
|turn|5
|
|t:|1760430768
|switch|p1a: Arcanine|Arcanine-Hisui, M|100/100
|move|p2a: Cinderace|Court Change|p2a: Cinderace
|-start|p2a: Cinderace|typechange|Normal|[from] ability: Libero
|-swapsideconditions
|-activate|p2a: Cinderace|move: Court Change
|
|upkeep
|turn|6
|
|t:|1760430778
|move|p2a: Cinderace|U-turn|p1a: Arcanine
|-resisted|p1a: Arcanine
|-damage|p1a: Arcanine|86/100
|
|t:|1760430782
|switch|p2a: Kommo-o|Kommo-o, M|100/100|[from] U-turn
|move|p1a: Arcanine|Head Smash|p2a: Kommo-o
|-resisted|p2a: Kommo-o
|-damage|p2a: Kommo-o|58/100
|
|upkeep
|turn|7
|
|t:|1760430795
|switch|p1a: 老婆|Gardevoir, F|100/100
|-status|p1a: 老婆|tox
|-ability|p1a: 老婆|Overcoat|Trace|[from] ability: Trace|[of] p2a: Kommo-o
|move|p2a: Kommo-o|Drain Punch|p1a: 老婆
|-resisted|p1a: 老婆
|-damage|p1a: 老婆|89/100 tox
|-heal|p2a: Kommo-o|63/100|[from] drain|[of] p1a: 老婆
|
|-damage|p1a: 老婆|83/100 tox|[from] psn
|upkeep
|turn|8
|
|t:|1760430815
|switch|p2a: Scizor|Scizor, M|100/100
|move|p1a: 老婆|Psychic|p2a: Scizor
|-resisted|p2a: Scizor
|-damage|p2a: Scizor|73/100
|
|-damage|p1a: 老婆|71/100 tox|[from] psn
|upkeep
|turn|9
|
|t:|1760430825
|switch|p1a: Cinderace|Cinderace, M|100/100
|move|p2a: Scizor|Bullet Punch|p1a: Cinderace
|-resisted|p1a: Cinderace
|-damage|p1a: Cinderace|63/100
|
|upkeep
|turn|10
|
|t:|1760430835
|switch|p2a: Cinderace|Cinderace, F|100/100
|move|p1a: Cinderace|U-turn|p2a: Cinderace
|-start|p1a: Cinderace|typechange|Bug|[from] ability: Libero
|-resisted|p2a: Cinderace
|-damage|p2a: Cinderace|75/100
|
|t:|1760430844
|switch|p1a: Arcanine|Arcanine-Hisui, M|86/100|[from] U-turn
|-status|p1a: Arcanine|tox
|
|-damage|p1a: Arcanine|80/100 tox|[from] psn
|upkeep
|turn|11
|
|t:|1760430855
|move|p2a: Cinderace|U-turn|p1a: Arcanine
|-start|p2a: Cinderace|typechange|Bug|[from] ability: Libero
|-resisted|p1a: Arcanine
|-damage|p1a: Arcanine|60/100 tox
|
|t:|1760430870
|switch|p2a: Keldeo|Keldeo-Resolute|100/100|[from] U-turn
|move|p1a: Arcanine|Close Combat|p2a: Keldeo
|-damage|p2a: Keldeo|36/100
|-unboost|p1a: Arcanine|def|1
|-unboost|p1a: Arcanine|spd|1
|
|-heal|p2a: Keldeo|42/100|[from] item: Leftovers
|-damage|p1a: Arcanine|48/100 tox|[from] psn
|upkeep
|turn|12
|
|t:|1760430889
|switch|p1a: Empoleon|Empoleon, M|100/100
|move|p2a: Keldeo|Secret Sword|p1a: Empoleon
|-supereffective|p1a: Empoleon
|-damage|p1a: Empoleon|30/100
|
|-heal|p2a: Keldeo|48/100|[from] item: Leftovers
|upkeep
|turn|13
|
|t:|1760430909
|move|p2a: Keldeo|Secret Sword|p1a: Empoleon
|-supereffective|p1a: Empoleon
|-crit|p1a: Empoleon
|-damage|p1a: Empoleon|0 fnt
|faint|p1a: Empoleon
|
|-heal|p2a: Keldeo|55/100|[from] item: Leftovers
|upkeep
|
|t:|1760430919
|switch|p1a: Galvantula|Galvantula, F|100/100
|-status|p1a: Galvantula|tox
|turn|14
|
|t:|1760430928
|switch|p2a: Kommo-o|Kommo-o, M|63/100
|move|p1a: Galvantula|Thunder|p2a: Kommo-o
|-resisted|p2a: Kommo-o
|-damage|p2a: Kommo-o|47/100
|
|-damage|p1a: Galvantula|94/100 tox|[from] psn
|upkeep
|turn|15
|
|t:|1760430937
|move|p1a: Galvantula|Sticky Web|p2a: Kommo-o
|-sidestart|p2: ElNic0|move: Sticky Web
|move|p2a: Kommo-o|Boomburst|p1a: Galvantula
|-damage|p1a: Galvantula|41/100 tox
|-enditem|p2a: Kommo-o|Throat Spray
|-boost|p2a: Kommo-o|spa|1|[from] item: Throat Spray
|
|-damage|p1a: Galvantula|29/100 tox|[from] psn
|upkeep
|turn|16
|
|t:|1760430947
|move|p1a: Galvantula|Thunder|p2a: Kommo-o
|-resisted|p2a: Kommo-o
|-damage|p2a: Kommo-o|31/100
|move|p2a: Kommo-o|Boomburst|p1a: Galvantula
|-damage|p1a: Galvantula|0 fnt
|faint|p1a: Galvantula
|
|upkeep
|
|t:|1760430959
|switch|p1a: Arcanine|Arcanine-Hisui, M|48/100 tox
|turn|17
|
|t:|1760430968
|move|p1a: Arcanine|Head Smash|p2a: Kommo-o|[miss]
|-miss|p1a: Arcanine|p2a: Kommo-o
|move|p2a: Kommo-o|Drain Punch|p1a: Arcanine
|-supereffective|p1a: Arcanine
|-damage|p1a: Arcanine|0 fnt
|-heal|p2a: Kommo-o|54/100|[from] drain|[of] p1a: Arcanine
|faint|p1a: Arcanine
|
|upkeep
|
|t:|1760430978
|switch|p1a: 老婆|Gardevoir, F|71/100 tox
|-ability|p1a: 老婆|Overcoat|Trace|[from] ability: Trace|[of] p2a: Kommo-o
|turn|18
|
|t:|1760430990
|move|p1a: 老婆|Moonblast|p2a: Kommo-o
|-supereffective|p2a: Kommo-o
|-damage|p2a: Kommo-o|0 fnt
|faint|p2a: Kommo-o
|
|-damage|p1a: 老婆|65/100 tox|[from] psn
|upkeep
|
|t:|1760430997
|switch|p2a: Enamorus|Enamorus, F|100/100
|turn|19
|
|t:|1760431008
|-terastallize|p2a: Enamorus|Stellar
|-terastallize|p1a: 老婆|Fairy
|move|p2a: Enamorus|Tera Blast|p1a: 老婆|[anim] Tera Blast Stellar
|-supereffective|p1a: 老婆
|-damage|p1a: 老婆|0 fnt
|-boost|p2a: Enamorus|atk|1
|-boost|p2a: Enamorus|spa|1
|faint|p1a: 老婆
|
|upkeep
|-message|leosyspu forfeited.
|
|win|ElNic0
|raw|leosyspu's rating: 1233 &rarr; <strong>1204</strong><br />(-29 for losing)
|raw|ElNic0's rating: 1183 &rarr; <strong>1212</strong><br />(+29 for winning)
|l|☆leosyspu
|player|p1|
|l|☆ElNic0
|player|p2|
