|j|☆henry151th
|j|☆K3c8ge4
|t:|1760361135
|gametype|singles
|player|p1|henry151th|wallace|1729
|player|p2|K3c8ge4|elesa|1775
|gen|9
|tier|[Gen 9] OU
|rated|
|rule|HP Percentage Mod: HP is shown in percentages
|rule|Endless Battle Clause: Forcing endless battles is banned
|rule|Species Clause: Limit one of each Pokémon
|rule|OHKO Clause: OHKO moves are banned
|rule|Evasion Items Clause: Evasion items are banned
|rule|Evasion Moves Clause: Evasion moves are banned
|rule|Evasion Abilities Clause: Evasion abilities are banned
|rule|Sleep Moves Clause: Sleep-inducing moves are banned
|clearpoke
|poke|p1|Samurott-Hisui, F|
|poke|p1|Dragonite, F|
|poke|p1|Kingambit, M|
|poke|p1|Iron Moth|
|poke|p1|Iron Valiant|
|poke|p1|Moltres-Galar|
|poke|p2|Scizor, M|
|poke|p2|Raging Bolt|
|poke|p2|Primarina, F|
|poke|p2|Ogerpon-Cornerstone, F|
|poke|p2|Great Tusk|
|poke|p2|Zamazenta-*|
|teampreview
|inactive|Battle timer is ON: inactive players will automatically lose when time's up. (requested by K3c8ge4)
|j| OUZQ Crocodile
|
|t:|1760361148
|teamsize|p1|6
|teamsize|p2|6
|start
|switch|p1a: Samurott|Samurott-Hisui, F|100/100
|switch|p2a: Primarina|Primarina, F|100/100
|turn|1
|j| ggmufc
|j| Kaleax
|
|t:|1760361156
|move|p1a: Samurott|Ceaseless Edge|p2a: Primarina
|-resisted|p2a: Primarina
|-damage|p2a: Primarina|71/100
|-sidestart|p2: K3c8ge4|Spikes
|move|p2a: Primarina|Moonblast|p1a: Samurott
|-supereffective|p1a: Samurott
|-enditem|p1a: Samurott|Focus Sash
|-damage|p1a: Samurott|1/100
|-unboost|p1a: Samurott|spa|1
|
|upkeep
|turn|2
|
|t:|1760361166
|move|p1a: Samurott|Ceaseless Edge|p2a: Primarina
|-resisted|p2a: Primarina
|-damage|p2a: Primarina|39/100
|-sidestart|p2: K3c8ge4|Spikes
|move|p2a: Primarina|Draining Kiss|p1a: Samurott
|-supereffective|p1a: Samurott
|-damage|p1a: Samurott|0 fnt
|-heal|p2a: Primarina|40/100|[from] drain|[of] p1a: Samurott
|faint|p1a: Samurott
|
|upkeep
|
|t:|1760361172
|switch|p1a: Iron Moth|Iron Moth|100/100
|-enditem|p1a: Iron Moth|Booster Energy
|-activate|p1a: Iron Moth|ability: Quark Drive|[fromitem]
|-start|p1a: Iron Moth|quarkdrivespe
|turn|3
|
|t:|1760361187
|move|p1a: Iron Moth|Sludge Wave|p2a: Primarina
|-supereffective|p2a: Primarina
|-damage|p2a: Primarina|0 fnt
|faint|p2a: Primarina
|
|upkeep
|
|t:|1760361195
|switch|p2a: Raging Bolt|Raging Bolt|100/100
|-damage|p2a: Raging Bolt|84/100|[from] Spikes
|turn|4
|
|t:|1760361198
|move|p1a: Iron Moth|Toxic Spikes|p2a: Raging Bolt
|-sidestart|p2: K3c8ge4|move: Toxic Spikes
|move|p2a: Raging Bolt|Volt Switch|p1a: Iron Moth
|-damage|p1a: Iron Moth|29/100
|
|t:|1760361202
|-end|p2a: Raging Bolt|Protosynthesis|[silent]
|switch|p2a: Great Tusk|Great Tusk|100/100|[from] Volt Switch
|
|upkeep
|turn|5
|
|t:|1760361206
|-terastallize|p1a: Iron Moth|Fairy
|move|p1a: Iron Moth|Dazzling Gleam|p2a: Great Tusk
|-supereffective|p2a: Great Tusk
|-damage|p2a: Great Tusk|0 fnt
|faint|p2a: Great Tusk
|-end|p2a: Great Tusk|Protosynthesis|[silent]
|
|upkeep
|
|t:|1760361214
|switch|p2a: Scizor|Scizor, M|100/100
|-damage|p2a: Scizor|84/100|[from] Spikes
|turn|6
|inactive|K3c8ge4 has 120 seconds left.
|
|t:|1760361246
|move|p2a: Scizor|Bullet Punch|p1a: Iron Moth
|-supereffective|p1a: Iron Moth
|-damage|p1a: Iron Moth|0 fnt
|faint|p1a: Iron Moth
|-end|p1a: Iron Moth|Quark Drive|[silent]
|
|upkeep
|
|t:|1760361252
|switch|p1a: Moltres|Moltres-Galar|100/100
|turn|7
|inactive|K3c8ge4 has 120 seconds left.
|l| ggmufc
|
|t:|1760361273
|switch|p2a: Ogerpon|Ogerpon-Cornerstone, F|100/100
|-damage|p2a: Ogerpon|84/100|[from] Spikes
|-status|p2a: Ogerpon|psn
|move|p1a: Moltres|Agility|p1a: Moltres
|-boost|p1a: Moltres|spe|2
|
|-damage|p2a: Ogerpon|72/100 psn|[from] psn
|upkeep
|turn|8
|inactive|K3c8ge4 has 120 seconds left.
|
|t:|1760361280
|move|p1a: Moltres|Fiery Wrath|p2a: Ogerpon
|-damage|p2a: Ogerpon|21/100 psn
|move|p2a: Ogerpon|Ivy Cudgel|p1a: Moltres|[anim] Ivy Cudgel Rock
|-supereffective|p1a: Moltres
|-damage|p1a: Moltres|0 fnt
|faint|p1a: Moltres
|
|-damage|p2a: Ogerpon|9/100 psn|[from] psn
|upkeep
|
|t:|1760361286
|switch|p1a: Iron Valiant|Iron Valiant|100/100
|-enditem|p1a: Iron Valiant|Booster Energy
|-activate|p1a: Iron Valiant|ability: Quark Drive|[fromitem]
|-start|p1a: Iron Valiant|quarkdrivespe
|turn|9
|
|t:|1760361291
|move|p1a: Iron Valiant|Knock Off|p2a: Ogerpon
|-damage|p2a: Ogerpon|0 fnt
|faint|p2a: Ogerpon
|
|upkeep
|
|t:|1760361293
|switch|p2a: Scizor|Scizor, M|84/100
|-damage|p2a: Scizor|68/100|[from] Spikes
|turn|10
|
|t:|1760361296
|move|p1a: Iron Valiant|Close Combat|p2a: Scizor
|-damage|p2a: Scizor|11/100
|-unboost|p1a: Iron Valiant|def|1
|-unboost|p1a: Iron Valiant|spd|1
|move|p2a: Scizor|U-turn|p1a: Iron Valiant
|-resisted|p1a: Iron Valiant
|-damage|p1a: Iron Valiant|69/100
|
|t:|1760361299
|switch|p2a: Raging Bolt|Raging Bolt|84/100|[from] U-turn
|-damage|p2a: Raging Bolt|68/100|[from] Spikes
|-status|p2a: Raging Bolt|psn
|
|-damage|p2a: Raging Bolt|55/100 psn|[from] psn
|upkeep
|turn|11
|
|t:|1760361303
|move|p1a: Iron Valiant|Destiny Bond|p1a: Iron Valiant
|-singlemove|p1a: Iron Valiant|Destiny Bond
|move|p2a: Raging Bolt|Volt Switch|p1a: Iron Valiant
|-damage|p1a: Iron Valiant|0 fnt
|faint|p1a: Iron Valiant
|-activate|p1a: Iron Valiant|move: Destiny Bond
|-end|p1a: Iron Valiant|Quark Drive|[silent]
|faint|p2a: Raging Bolt
|-end|p2a: Raging Bolt|Protosynthesis|[silent]
|
|upkeep
|
|t:|1760361310
|switch|p1a: Dragonite|Dragonite, F|100/100
|switch|p2a: Zamazenta|Zamazenta|100/100
|-damage|p2a: Zamazenta|84/100|[from] Spikes
|-status|p2a: Zamazenta|psn
|-ability|p2a: Zamazenta|Dauntless Shield|boost
|-boost|p2a: Zamazenta|def|1
|turn|12
|
|t:|1760361315
|move|p2a: Zamazenta|Iron Defense|p2a: Zamazenta
|-boost|p2a: Zamazenta|def|2
|move|p1a: Dragonite|Outrage|p2a: Zamazenta
|-damage|p2a: Zamazenta|65/100 psn
|
|-heal|p2a: Zamazenta|71/100 psn|[from] item: Leftovers
|-damage|p2a: Zamazenta|59/100 psn|[from] psn
|upkeep
|turn|13
|
|t:|1760361333
|move|p2a: Zamazenta|Iron Defense|p2a: Zamazenta
|-boost|p2a: Zamazenta|def|2
|move|p1a: Dragonite|Outrage|p2a: Zamazenta|[from] lockedmove
|-damage|p2a: Zamazenta|43/100 psn
|-start|p1a: Dragonite|confusion|[fatigue]
|
|-heal|p2a: Zamazenta|49/100 psn|[from] item: Leftovers
|-damage|p2a: Zamazenta|37/100 psn|[from] psn
|upkeep
|turn|14
|
|t:|1760361335
|move|p2a: Zamazenta|Body Press|p1a: Dragonite
|-resisted|p1a: Dragonite
|-damage|p1a: Dragonite|68/100
|-activate|p1a: Dragonite|confusion
|-damage|p1a: Dragonite|51/100|[from] confusion
|
|-heal|p2a: Zamazenta|43/100 psn|[from] item: Leftovers
|-damage|p2a: Zamazenta|30/100 psn|[from] psn
|upkeep
|turn|15
|
|t:|1760361341
|-end|p1a: Dragonite|confusion
|move|p1a: Dragonite|Extreme Speed|p2a: Zamazenta
|-damage|p2a: Zamazenta|24/100 psn
|move|p2a: Zamazenta|Body Press|p1a: Dragonite
|-resisted|p1a: Dragonite
|-damage|p1a: Dragonite|0 fnt
|faint|p1a: Dragonite
|
|-heal|p2a: Zamazenta|30/100 psn|[from] item: Leftovers
|-damage|p2a: Zamazenta|18/100 psn|[from] psn
|upkeep
|
|t:|1760361344
|switch|p1a: Kingambit|Kingambit, M|100/100
|-activate|p1a: Kingambit|ability: Supreme Overlord
|-start|p1a: Kingambit|fallen5|[silent]
|-item|p1a: Kingambit|Air Balloon
|turn|16
|
|t:|1760361360
|move|p1a: Kingambit|Sucker Punch|p2a: Zamazenta
|-resisted|p2a: Zamazenta
|-damage|p2a: Zamazenta|12/100 psn
|move|p2a: Zamazenta|Body Press|p1a: Kingambit
|-supereffective|p1a: Kingambit
|-crit|p1a: Kingambit
|-damage|p1a: Kingambit|0 fnt
|-enditem|p1a: Kingambit|Air Balloon
|faint|p1a: Kingambit
|-end|p1a: Kingambit|fallen5|[silent]
|
|win|K3c8ge4
|raw|henry151th's rating: 1729 &rarr; <strong>1712</strong><br />(-17 for losing)
|raw|K3c8ge4's rating: 1775 &rarr; <strong>1792</strong><br />(+17 for winning)
|c|☆K3c8ge4|gg
|l| OUZQ Crocodile
|l|☆K3c8ge4
|player|p2|
|l| Kaleax
