|j|☆Person435
|j|☆magical leaves
|t:|1760388486
|gametype|singles
|player|p1|Person435|dancer|1358
|player|p2|magical leaves|aromalady|1324
|gen|9
|tier|[Gen 9] OU
|rated|
|rule|HP Percentage Mod: HP is shown in percentages
|rule|Endless Battle Clause: Forcing endless battles is banned
|rule|Species Clause: Limit one of each Pokémon
|rule|OHKO Clause: OHKO moves are banned
|rule|Evasion Items Clause: Evasion items are banned
|rule|Evasion Moves Clause: Evasion moves are banned
|rule|Evasion Abilities Clause: Evasion abilities are banned
|rule|Sleep Moves Clause: Sleep-inducing moves are banned
|clearpoke
|poke|p1|Polteageist|
|poke|p1|Indeedee-F, F|
|poke|p1|Zapdos|
|poke|p1|Great Tusk|
|poke|p1|Ogerpon-Wellspring, F|
|poke|p1|Hatterene, F|
|poke|p2|Darkrai|
|poke|p2|Great Tusk|
|poke|p2|Gholdengo|
|poke|p2|Kingambit, M|
|poke|p2|Glimmora, M|
|poke|p2|Dragonite, M|
|teampreview
|inactive|Battle timer is ON: inactive players will automatically lose when time's up. (requested by Person435)
|
|t:|1760388501
|teamsize|p1|6
|teamsize|p2|6
|start
|switch|p1a: Ogerpon|Ogerpon-Wellspring, F|100/100
|switch|p2a: badbadnotgood|Darkrai|100/100
|turn|1
|
|t:|1760388511
|switch|p2a: glo|Glimmora, M|100/100
|move|p1a: Ogerpon|U-turn|p2a: glo
|-resisted|p2a: glo
|-damage|p2a: glo|84/100
|-activate|p2a: glo|ability: Toxic Debris
|-sidestart|p1: Person435|move: Toxic Spikes
|
|t:|1760388520
|switch|p1a: Great Tusk|Great Tusk|100/100|[from] U-turn
|-status|p1a: Great Tusk|psn
|
|-damage|p1a: Great Tusk|88/100 psn|[from] psn
|upkeep
|turn|2
|
|t:|1760388533
|move|p1a: Great Tusk|Headlong Rush|p2a: glo
|-supereffective|p2a: glo
|-damage|p2a: glo|0 fnt
|-unboost|p1a: Great Tusk|def|1
|-unboost|p1a: Great Tusk|spd|1
|-activate|p2a: glo|ability: Toxic Debris
|-sidestart|p1: Person435|move: Toxic Spikes
|faint|p2a: glo
|
|-heal|p1a: Great Tusk|94/100 psn|[from] item: Leftovers
|-damage|p1a: Great Tusk|82/100 psn|[from] psn
|upkeep
|
|t:|1760388555
|switch|p2a: MF GOBLIN|Gholdengo|100/100
|-item|p2a: MF GOBLIN|Air Balloon
|turn|3
|
|t:|1760388562
|move|p1a: Great Tusk|Headlong Rush|p2a: MF GOBLIN
|-immune|p2a: MF GOBLIN
|move|p2a: MF GOBLIN|Dazzling Gleam|p1a: Great Tusk
|-supereffective|p1a: Great Tusk
|-damage|p1a: Great Tusk|0 fnt
|faint|p1a: Great Tusk
|-end|p1a: Great Tusk|Protosynthesis|[silent]
|
|upkeep
|
|t:|1760388572
|switch|p1a: Indeedee|Indeedee-F, F|100/100
|-status|p1a: Indeedee|tox
|-fieldstart|move: Psychic Terrain|[from] ability: Psychic Surge|[of] p1a: Indeedee
|turn|4
|
|t:|1760388579
|switch|p1a: Zapdos|Zapdos|100/100
|move|p2a: MF GOBLIN|Make It Rain|p1a: Zapdos
|-resisted|p1a: Zapdos
|-damage|p1a: Zapdos|68/100
|-unboost|p2a: MF GOBLIN|spa|1
|
|upkeep
|turn|5
|
|t:|1760388594
|switch|p2a: vin skully|Dragonite, M|100/100
|move|p1a: Zapdos|U-turn|p2a: vin skully
|-resisted|p2a: vin skully
|-damage|p2a: vin skully|98/100
|
|t:|1760388609
|switch|p1a: Hatterene|Hatterene, F|100/100|[from] U-turn
|-status|p1a: Hatterene|tox
|
|-damage|p1a: Hatterene|95/100 tox|[from] psn
|upkeep
|turn|6
|
|t:|1760388620
|switch|p2a: MF GOBLIN|Gholdengo|100/100
|-item|p2a: MF GOBLIN|Air Balloon
|move|p1a: Hatterene|Nuzzle|p2a: MF GOBLIN
|-damage|p2a: MF GOBLIN|96/100
|-status|p2a: MF GOBLIN|par
|-enditem|p2a: MF GOBLIN|Air Balloon
|
|-heal|p1a: Hatterene|100/100 tox|[from] item: Leftovers
|-damage|p1a: Hatterene|89/100 tox|[from] psn
|upkeep
|turn|7
|
|t:|1760388632
|switch|p1a: Zapdos|Zapdos|68/100
|cant|p2a: MF GOBLIN|par
|
|upkeep
|turn|8
|
|t:|1760388638
|switch|p2a: vin skully|Dragonite, M|98/100
|move|p1a: Zapdos|Thunderbolt|p2a: vin skully
|-damage|p2a: vin skully|72/100
|
|-fieldend|move: Psychic Terrain
|upkeep
|turn|9
|
|t:|1760388648
|move|p1a: Zapdos|U-turn|p2a: vin skully
|-resisted|p2a: vin skully
|-damage|p2a: vin skully|66/100
|
|t:|1760388661
|switch|p1a: Indeedee|Indeedee-F, F|100/100 tox|[from] U-turn
|-fieldstart|move: Psychic Terrain|[from] ability: Psychic Surge|[of] p1a: Indeedee
|move|p2a: vin skully|Roost|p2a: vin skully
|-heal|p2a: vin skully|100/100
|-singleturn|p2a: vin skully|move: Roost
|
|-damage|p1a: Indeedee|94/100 tox|[from] psn
|upkeep
|turn|10
|
|t:|1760388676
|move|p2a: vin skully|Dragon Dance|p2a: vin skully
|-boost|p2a: vin skully|atk|1
|-boost|p2a: vin skully|spe|1
|move|p1a: Indeedee|Reflect|p1a: Indeedee
|-sidestart|p1: Person435|Reflect
|
|-damage|p1a: Indeedee|82/100 tox|[from] psn
|upkeep
|turn|11
|
|t:|1760388684
|move|p2a: vin skully|Dragon Dance|p2a: vin skully
|-boost|p2a: vin skully|atk|1
|-boost|p2a: vin skully|spe|1
|move|p1a: Indeedee|Psyshock|p2a: vin skully
|-damage|p2a: vin skully|85/100
|
|-damage|p1a: Indeedee|64/100 tox|[from] psn
|upkeep
|turn|12
|
|t:|1760388693
|switch|p1a: Hatterene|Hatterene, F|89/100 tox
|move|p2a: vin skully|Dragon Dance|p2a: vin skully
|-boost|p2a: vin skully|atk|1
|-boost|p2a: vin skully|spe|1
|
|-heal|p1a: Hatterene|95/100 tox|[from] item: Leftovers
|-damage|p1a: Hatterene|89/100 tox|[from] psn
|upkeep
|turn|13
|
|t:|1760388703
|switch|p2a: crush|Great Tusk|100/100
|-enditem|p2a: crush|Booster Energy
|-activate|p2a: crush|ability: Protosynthesis|[fromitem]
|-start|p2a: crush|protosynthesisspe
|move|p1a: Hatterene|Nuzzle|p2a: crush
|-immune|p2a: crush
|
|-heal|p1a: Hatterene|95/100 tox|[from] item: Leftovers
|-damage|p1a: Hatterene|83/100 tox|[from] psn
|-fieldend|move: Psychic Terrain
|upkeep
|turn|14
|
|t:|1760388721
|-end|p2a: crush|Protosynthesis|[silent]
|switch|p2a: vin skully|Dragonite, M|85/100
|move|p1a: Hatterene|Psychic Noise|p2a: vin skully
|-damage|p2a: vin skully|62/100
|
|-heal|p1a: Hatterene|89/100 tox|[from] item: Leftovers
|-damage|p1a: Hatterene|71/100 tox|[from] psn
|-sideend|p1: Person435|Reflect
|upkeep
|turn|15
|
|t:|1760388734
|switch|p2a: MF GOBLIN|Gholdengo|96/100 par
|move|p1a: Hatterene|Psychic Noise|p2a: MF GOBLIN
|-resisted|p2a: MF GOBLIN
|-damage|p2a: MF GOBLIN|75/100 par
|-start|p2a: MF GOBLIN|move: Heal Block
|
|-heal|p1a: Hatterene|77/100 tox|[from] item: Leftovers
|-damage|p1a: Hatterene|53/100 tox|[from] psn
|upkeep
|turn|16
|
|t:|1760388748
|switch|p1a: Ogerpon|Ogerpon-Wellspring, F|100/100
|-status|p1a: Ogerpon|tox
|move|p2a: MF GOBLIN|Shadow Ball|p1a: Ogerpon
|-damage|p1a: Ogerpon|51/100 tox
|
|-damage|p1a: Ogerpon|45/100 tox|[from] psn
|-end|p2a: MF GOBLIN|move: Heal Block
|upkeep
|turn|17
|
|t:|1760388760
|move|p1a: Ogerpon|Ivy Cudgel|p2a: MF GOBLIN|[anim] Ivy Cudgel Water
|-damage|p2a: MF GOBLIN|6/100 par
|move|p2a: MF GOBLIN|Shadow Ball|p1a: Ogerpon
|-damage|p1a: Ogerpon|0 fnt
|faint|p1a: Ogerpon
|
|upkeep
|
|t:|1760388766
|switch|p1a: Indeedee|Indeedee-F, F|64/100 tox
|-fieldstart|move: Psychic Terrain|[from] ability: Psychic Surge|[of] p1a: Indeedee
|turn|18
|
|t:|1760388771
|move|p1a: Indeedee|Psyshock|p2a: MF GOBLIN
|-resisted|p2a: MF GOBLIN
|-damage|p2a: MF GOBLIN|0 fnt
|faint|p2a: MF GOBLIN
|
|-damage|p1a: Indeedee|58/100 tox|[from] psn
|upkeep
|
|t:|1760388782
|switch|p2a: badbadnotgood|Darkrai|100/100
|turn|19
|
|t:|1760388803
|move|p2a: badbadnotgood|Dark Pulse|p1a: Indeedee
|-supereffective|p1a: Indeedee
|-damage|p1a: Indeedee|0 fnt
|faint|p1a: Indeedee
|
|upkeep
|-message|Person435 forfeited.
|
|win|magical leaves
|raw|Person435's rating: 1358 &rarr; <strong>1336</strong><br />(-22 for losing)
|raw|magical leaves's rating: 1324 &rarr; <strong>1346</strong><br />(+22 for winning)
|l|☆Person435
|player|p1|
|l|☆magical leaves
|player|p2|
|j|☆magical leaves
|player|p2|magical leaves|aromalady|
|l|☆magical leaves
|player|p2|
