|j|☆TheManLynch
|j|☆ydkmdenji
|t:|1760380355
|gametype|singles
|player|p1|TheManLynch|dawn|1284
|player|p2|ydkmdenji|miku-ghost|1264
|gen|9
|tier|[Gen 9] OU
|rated|
|rule|HP Percentage Mod: HP is shown in percentages
|rule|Endless Battle Clause: Forcing endless battles is banned
|rule|Species Clause: Limit one of each Pokémon
|rule|OHKO Clause: OHKO moves are banned
|rule|Evasion Items Clause: Evasion items are banned
|rule|Evasion Moves Clause: Evasion moves are banned
|rule|Evasion Abilities Clause: Evasion abilities are banned
|rule|Sleep Moves Clause: Sleep-inducing moves are banned
|clearpoke
|poke|p1|Ceruledge, F|
|poke|p1|Garchomp, M|
|poke|p1|Slowking-Galar, F|
|poke|p1|Greninja-*, M|
|poke|p1|Iron Valiant|
|poke|p1|Corviknight, F|
|poke|p2|Ninetales-Alola, M|
|poke|p2|Cetitan, M|
|poke|p2|Slowking, M|
|poke|p2|Avalugg, F|
|poke|p2|Cinderace, M|
|poke|p2|Scizor, M|
|teampreview
|inactive|Battle timer is ON: inactive players will automatically lose when time's up. (requested by ydkmdenji)
|
|t:|1760380405
|teamsize|p1|6
|teamsize|p2|6
|start
|switch|p1a: Any Cemar|Slowking-Galar, F|100/100
|switch|p2a: Scizor|Scizor, M|100/100
|turn|1
|
|t:|1760380408
|move|p2a: Scizor|Knock Off|p1a: Any Cemar
|-supereffective|p1a: Any Cemar
|-damage|p1a: Any Cemar|26/100
|-enditem|p1a: Any Cemar|Heavy-Duty Boots|[from] move: Knock Off|[of] p2a: Scizor
|move|p1a: Any Cemar|Thunder Wave|p2a: Scizor
|-status|p2a: Scizor|par
|
|upkeep
|turn|2
|
|t:|1760380414
|switch|p1a: XD|Corviknight, F|100/100
|-ability|p1a: XD|Pressure
|move|p2a: Scizor|U-turn|p1a: XD
|-resisted|p1a: XD
|-damage|p1a: XD|94/100
|-damage|p2a: Scizor|84/100 par|[from] item: Rocky Helmet|[of] p1a: XD
|
|t:|1760380425
|switch|p2a: Ninetales|Ninetales-Alola, M, shiny|100/100|[from] U-turn
|-weather|Snowscape|[from] ability: Snow Warning|[of] p2a: Ninetales
|
|-weather|Snowscape|[upkeep]
|upkeep
|turn|3
|
|t:|1760380431
|move|p2a: Ninetales|Aurora Veil|p2a: Ninetales
|-sidestart|p2: ydkmdenji|move: Aurora Veil
|move|p1a: XD|Defog|p2a: Ninetales
|-unboost|p2a: Ninetales|evasion|1
|-sideend|p2: ydkmdenji|move: Aurora Veil
|
|-weather|Snowscape|[upkeep]
|upkeep
|turn|4
|
|t:|1760380444
|move|p2a: Ninetales|Aurora Veil|p2a: Ninetales
|-sidestart|p2: ydkmdenji|move: Aurora Veil
|move|p1a: XD|U-turn|p2a: Ninetales
|-resisted|p2a: Ninetales
|-damage|p2a: Ninetales|98/100
|
|t:|1760380452
|switch|p1a: Any Cemar|Slowking-Galar, F|59/100|[from] U-turn
|
|-weather|Snowscape|[upkeep]
|upkeep
|turn|5
|
|t:|1760380458
|switch|p2a: Scizor|Scizor, M|84/100 par
|move|p1a: Any Cemar|Future Sight|p2a: Scizor
|-start|p1a: Any Cemar|move: Future Sight
|
|-weather|Snowscape|[upkeep]
|upkeep
|turn|6
|
|t:|1760380474
|-prepare|p1a: Any Cemar|Chilly Reception|[premajor]
|move|p1a: Any Cemar|Chilly Reception|p1a: Any Cemar
|
|t:|1760380477
|switch|p1a: XD|Corviknight, F|94/100|[from] Chilly Reception
|-ability|p1a: XD|Pressure
|move|p2a: Scizor|U-turn|p1a: XD
|-resisted|p1a: XD
|-damage|p1a: XD|88/100
|-damage|p2a: Scizor|67/100 par|[from] item: Rocky Helmet|[of] p1a: XD
|
|t:|1760380485
|switch|p2a: Cetitan|Cetitan, M, shiny|100/100|[from] U-turn
|
|-weather|none
|upkeep
|turn|7
|
|t:|1760380493
|-terastallize|p2a: Cetitan|Electric
|move|p2a: Cetitan|Tera Blast|p1a: XD|[anim] Tera Blast Electric
|-supereffective|p1a: XD
|-damage|p1a: XD|20/100
|move|p1a: XD|Body Press|p2a: Cetitan
|-damage|p2a: Cetitan|90/100
|
|-end|p2a: Cetitan|move: Future Sight
|-damage|p2a: Cetitan|64/100
|upkeep
|turn|8
|
|t:|1760380503
|switch|p2a: Ninetales|Ninetales-Alola, M, shiny|98/100
|-weather|Snowscape|[from] ability: Snow Warning|[of] p2a: Ninetales
|switch|p1a: Any Cemar|Slowking-Galar, F|92/100
|
|-weather|Snowscape|[upkeep]
|upkeep
|turn|9
|
|t:|1760380517
|switch|p2a: Scizor|Scizor, M|67/100 par
|move|p1a: Any Cemar|Thunder Wave|p2a: Scizor
|-fail|p2a: Scizor|par
|
|-weather|Snowscape|[upkeep]
|upkeep
|turn|10
|
|t:|1760380525
|-prepare|p1a: Any Cemar|Chilly Reception|[premajor]
|move|p1a: Any Cemar|Chilly Reception|p1a: Any Cemar
|
|t:|1760380528
|switch|p1a: El Mauu|Greninja, M|100/100|[from] Chilly Reception
|move|p2a: Scizor|U-turn|p1a: El Mauu
|-supereffective|p1a: El Mauu
|-damage|p1a: El Mauu|0 fnt
|faint|p1a: El Mauu
|
|t:|1760380538
|switch|p2a: Avalugg|Avalugg, F|100/100|[from] U-turn
|
|-weather|Snowscape|[upkeep]
|upkeep
|
|t:|1760380560
|switch|p1a: XD|Corviknight, F|20/100
|-ability|p1a: XD|Pressure
|turn|11
|
|t:|1760380573
|move|p1a: XD|Roost|p1a: XD
|-heal|p1a: XD|70/100
|-singleturn|p1a: XD|move: Roost
|move|p2a: Avalugg|Iron Defense|p2a: Avalugg
|-boost|p2a: Avalugg|def|2
|
|-weather|Snowscape|[upkeep]
|-sideend|p2: ydkmdenji|move: Aurora Veil
|upkeep
|turn|12
|
|t:|1760380581
|move|p1a: XD|Body Press|p2a: Avalugg
|-supereffective|p2a: Avalugg
|-damage|p2a: Avalugg|94/100
|-damage|p1a: XD|53/100|[from] item: Rocky Helmet|[of] p2a: Avalugg
|move|p2a: Avalugg|Iron Defense|p2a: Avalugg
|-boost|p2a: Avalugg|def|2
|
|-weather|none
|upkeep
|turn|13
|
|t:|1760380587
|move|p1a: XD|U-turn|p2a: Avalugg
|-damage|p2a: Avalugg|92/100
|-damage|p1a: XD|37/100|[from] item: Rocky Helmet|[of] p2a: Avalugg
|
|t:|1760380599
|switch|p1a: Any Cemar|Slowking-Galar, F|100/100|[from] U-turn
|move|p2a: Avalugg|Snowscape|p2a: Avalugg
|-weather|Snowscape
|
|-weather|Snowscape|[upkeep]
|-heal|p2a: Avalugg|98/100|[from] ability: Ice Body
|upkeep
|turn|14
|
|t:|1760380605
|switch|p2a: Scizor|Scizor, M|67/100 par
|move|p1a: Any Cemar|Future Sight|p2a: Scizor
|-start|p1a: Any Cemar|move: Future Sight
|
|-weather|Snowscape|[upkeep]
|upkeep
|turn|15
|
|t:|1760380611
|move|p1a: Any Cemar|Shadow Ball|p2a: Scizor
|-damage|p2a: Scizor|42/100 par
|-enditem|p2a: Scizor|Sitrus Berry|[eat]
|-heal|p2a: Scizor|67/100 par|[from] item: Sitrus Berry
|move|p2a: Scizor|Knock Off|p1a: Any Cemar
|-supereffective|p1a: Any Cemar
|-damage|p1a: Any Cemar|44/100
|
|-weather|Snowscape|[upkeep]
|upkeep
|turn|16
|
|t:|1760380636
|switch|p1a: XD|Corviknight, F|37/100
|-ability|p1a: XD|Pressure
|cant|p2a: Scizor|par
|
|-weather|Snowscape|[upkeep]
|-end|p2a: Scizor|move: Future Sight
|-resisted|p2a: Scizor
|-damage|p2a: Scizor|38/100 par
|upkeep
|turn|17
|
|t:|1760380642
|move|p1a: XD|Roost|p1a: XD
|-heal|p1a: XD|87/100
|-singleturn|p1a: XD|move: Roost
|move|p2a: Scizor|Knock Off|p1a: XD
|-damage|p1a: XD|66/100
|-damage|p2a: Scizor|21/100 par|[from] item: Rocky Helmet|[of] p1a: XD
|-enditem|p1a: XD|Rocky Helmet|[from] move: Knock Off|[of] p2a: Scizor
|
|-weather|none
|upkeep
|turn|18
|
|t:|1760380649
|move|p1a: XD|U-turn|p2a: Scizor
|-resisted|p2a: Scizor
|-damage|p2a: Scizor|14/100 par
|
|t:|1760380651
|switch|p1a: Edran|Garchomp, M|100/100|[from] U-turn
|move|p2a: Scizor|U-turn|p1a: Edran
|-damage|p1a: Edran|63/100
|-damage|p2a: Scizor|2/100 par|[from] ability: Rough Skin|[of] p1a: Edran
|
|t:|1760380660
|switch|p2a: Avalugg|Avalugg, F|98/100|[from] U-turn
|
|upkeep
|turn|19
|
|t:|1760380671
|move|p1a: Edran|Swords Dance|p1a: Edran
|-boost|p1a: Edran|atk|2
|move|p2a: Avalugg|Snowscape|p2a: Avalugg
|-weather|Snowscape
|
|-weather|Snowscape|[upkeep]
|-heal|p2a: Avalugg|100/100|[from] ability: Ice Body
|upkeep
|turn|20
|
|t:|1760380675
|move|p1a: Edran|Iron Head|p2a: Avalugg
|-supereffective|p2a: Avalugg
|-damage|p2a: Avalugg|69/100
|-damage|p1a: Edran|47/100|[from] item: Rocky Helmet|[of] p2a: Avalugg
|move|p2a: Avalugg|Aurora Veil|p2a: Avalugg
|-sidestart|p2: ydkmdenji|move: Aurora Veil
|
|-weather|Snowscape|[upkeep]
|-heal|p2a: Avalugg|75/100|[from] ability: Ice Body
|upkeep
|turn|21
|
|t:|1760380682
|move|p1a: Edran|Iron Head|p2a: Avalugg
|-supereffective|p2a: Avalugg
|-damage|p2a: Avalugg|61/100
|-damage|p1a: Edran|30/100|[from] item: Rocky Helmet|[of] p2a: Avalugg
|move|p2a: Avalugg|Iron Defense|p2a: Avalugg
|-boost|p2a: Avalugg|def|2
|
|-weather|Snowscape|[upkeep]
|-heal|p2a: Avalugg|67/100|[from] ability: Ice Body
|upkeep
|turn|22
|
|t:|1760380691
|switch|p1a: Any Cemar|Slowking-Galar, F|78/100
|move|p2a: Avalugg|Iron Defense|p2a: Avalugg
|-boost|p2a: Avalugg|def|2
|
|-weather|Snowscape|[upkeep]
|-heal|p2a: Avalugg|73/100|[from] ability: Ice Body
|upkeep
|turn|23
|
|t:|1760380700
|move|p1a: Any Cemar|Future Sight|p2a: Avalugg
|-start|p1a: Any Cemar|move: Future Sight
|move|p2a: Avalugg|Body Press|p1a: Any Cemar
|-resisted|p1a: Any Cemar
|-damage|p1a: Any Cemar|45/100
|
|-weather|none
|upkeep
|turn|24
|
|t:|1760380707
|switch|p2a: Scizor|Scizor, M|2/100 par
|move|p1a: Any Cemar|Shadow Ball|p2a: Scizor
|-damage|p2a: Scizor|0 fnt
|faint|p2a: Scizor
|
|-sideend|p2: ydkmdenji|move: Aurora Veil
|upkeep
|
|t:|1760380713
|switch|p2a: Ninetales|Ninetales-Alola, M, shiny|98/100
|-weather|Snowscape|[from] ability: Snow Warning|[of] p2a: Ninetales
|turn|25
|
|t:|1760380737
|move|p2a: Ninetales|Encore|p1a: Any Cemar
|-start|p1a: Any Cemar|Encore
|move|p1a: Any Cemar|Shadow Ball|p2a: Ninetales
|-damage|p2a: Ninetales|78/100
|
|-weather|Snowscape|[upkeep]
|-end|p2a: Ninetales|move: Future Sight
|-damage|p2a: Ninetales|34/100
|upkeep
|turn|26
|
|t:|1760380744
|move|p2a: Ninetales|Aurora Veil|p2a: Ninetales
|-sidestart|p2: ydkmdenji|move: Aurora Veil
|move|p1a: Any Cemar|Shadow Ball|p2a: Ninetales
|-crit|p2a: Ninetales
|-damage|p2a: Ninetales|2/100
|
|-weather|Snowscape|[upkeep]
|upkeep
|turn|27
|
|t:|1760380753
|switch|p2a: Cetitan|Cetitan, M, shiny, tera:Electric|64/100
|move|p1a: Any Cemar|Shadow Ball|p2a: Cetitan
|-damage|p2a: Cetitan|54/100
|-unboost|p2a: Cetitan|spd|1
|
|-weather|Snowscape|[upkeep]
|-end|p1a: Any Cemar|Encore
|upkeep
|turn|28
|
|t:|1760380760
|move|p2a: Cetitan|Earthquake|p1a: Any Cemar
|-supereffective|p1a: Any Cemar
|-damage|p1a: Any Cemar|0 fnt
|faint|p1a: Any Cemar
|
|-weather|Snowscape|[upkeep]
|upkeep
|
|t:|1760380778
|switch|p1a: Dark Waifu Trap|Iron Valiant|100/100
|-enditem|p1a: Dark Waifu Trap|Booster Energy
|-activate|p1a: Dark Waifu Trap|ability: Quark Drive|[fromitem]
|-start|p1a: Dark Waifu Trap|quarkdrivespe
|turn|29
|
|t:|1760380784
|move|p1a: Dark Waifu Trap|Moonblast|p2a: Cetitan
|-damage|p2a: Cetitan|18/100
|move|p2a: Cetitan|Earthquake|p1a: Dark Waifu Trap
|-damage|p1a: Dark Waifu Trap|34/100
|
|-weather|none
|upkeep
|turn|30
|
|t:|1760380796
|move|p1a: Dark Waifu Trap|Moonblast|p2a: Cetitan
|-damage|p2a: Cetitan|0 fnt
|faint|p2a: Cetitan
|
|upkeep
|
|t:|1760380800
|switch|p2a: Ninetales|Ninetales-Alola, M, shiny|2/100
|-weather|Snowscape|[from] ability: Snow Warning|[of] p2a: Ninetales
|turn|31
|
|t:|1760380806
|move|p1a: Dark Waifu Trap|Moonblast|p2a: Ninetales
|-damage|p2a: Ninetales|0 fnt
|faint|p2a: Ninetales
|
|-weather|Snowscape|[upkeep]
|upkeep
|
|t:|1760380811
|switch|p2a: Slowking|Slowking, M|100/100
|turn|32
|
|t:|1760380818
|move|p1a: Dark Waifu Trap|Thunderbolt|p2a: Slowking
|-supereffective|p2a: Slowking
|-damage|p2a: Slowking|83/100
|move|p2a: Slowking|Thunder Wave|p1a: Dark Waifu Trap
|-status|p1a: Dark Waifu Trap|par
|
|-weather|Snowscape|[upkeep]
|upkeep
|turn|33
|
|t:|1760380824
|move|p1a: Dark Waifu Trap|Thunderbolt|p2a: Slowking
|-supereffective|p2a: Slowking
|-damage|p2a: Slowking|67/100
|move|p2a: Slowking|Future Sight|p1a: Dark Waifu Trap
|-start|p2a: Slowking|move: Future Sight
|
|-weather|Snowscape|[upkeep]
|-sideend|p2: ydkmdenji|move: Aurora Veil
|upkeep
|turn|34
|
|t:|1760380832
|cant|p1a: Dark Waifu Trap|par
|move|p2a: Slowking|Scald|p1a: Dark Waifu Trap
|-damage|p1a: Dark Waifu Trap|0 fnt
|faint|p1a: Dark Waifu Trap
|-end|p1a: Dark Waifu Trap|Quark Drive|[silent]
|
|-weather|Snowscape|[upkeep]
|upkeep
|
|t:|1760380838
|switch|p1a: XD|Corviknight, F|66/100
|-ability|p1a: XD|Pressure
|turn|35
|
|t:|1760380844
|move|p1a: XD|U-turn|p2a: Slowking
|-supereffective|p2a: Slowking
|-damage|p2a: Slowking|38/100
|
|t:|1760380847
|switch|p1a: Edran|Garchomp, M|30/100|[from] U-turn
|move|p2a: Slowking|Thunder Wave|p1a: Edran
|-immune|p1a: Edran
|
|-weather|none
|-end|p1a: Edran|move: Future Sight
|-damage|p1a: Edran|0 fnt
|faint|p1a: Edran
|upkeep
|
|t:|1760380854
|switch|p1a: Lupita Tiktoks|Ceruledge, F|100/100
|turn|36
|
|t:|1760380860
|switch|p2a: Cinderace|Cinderace, M|100/100
|move|p1a: Lupita Tiktoks|Poltergeist|p2a: Cinderace
|-activate|p2a: Cinderace|move: Poltergeist|Heavy-Duty Boots
|-damage|p2a: Cinderace|23/100
|
|upkeep
|turn|37
|
|t:|1760380868
|move|p2a: Cinderace|Sucker Punch|p1a: Lupita Tiktoks
|-start|p2a: Cinderace|typechange|Dark|[from] ability: Libero
|-supereffective|p1a: Lupita Tiktoks
|-enditem|p1a: Lupita Tiktoks|Focus Sash
|-damage|p1a: Lupita Tiktoks|1/100
|-ability|p1a: Lupita Tiktoks|Weak Armor|boost
|-unboost|p1a: Lupita Tiktoks|def|1
|-boost|p1a: Lupita Tiktoks|spe|2
|move|p1a: Lupita Tiktoks|Shadow Sneak|p2a: Cinderace
|-resisted|p2a: Cinderace
|-damage|p2a: Cinderace|9/100
|
|upkeep
|turn|38
|
|t:|1760380883
|move|p2a: Cinderace|Sucker Punch|p1a: Lupita Tiktoks
|-supereffective|p1a: Lupita Tiktoks
|-damage|p1a: Lupita Tiktoks|0 fnt
|faint|p1a: Lupita Tiktoks
|
|upkeep
|
|t:|1760380885
|switch|p1a: XD|Corviknight, F|66/100
|-ability|p1a: XD|Pressure
|turn|39
|
|t:|1760380892
|move|p2a: Cinderace|Pyro Ball|p1a: XD
|-supereffective|p1a: XD
|-damage|p1a: XD|21/100
|move|p1a: XD|Body Press|p2a: Cinderace
|-supereffective|p2a: Cinderace
|-damage|p2a: Cinderace|0 fnt
|faint|p2a: Cinderace
|
|upkeep
|
|t:|1760380898
|switch|p2a: Avalugg|Avalugg, F|73/100
|turn|40
|
|t:|1760380901
|move|p1a: XD|Body Press|p2a: Avalugg
|-supereffective|p2a: Avalugg
|-damage|p2a: Avalugg|50/100
|-damage|p1a: XD|4/100|[from] item: Rocky Helmet|[of] p2a: Avalugg
|move|p2a: Avalugg|Snowscape|p2a: Avalugg
|-weather|Snowscape
|
|-weather|Snowscape|[upkeep]
|-heal|p2a: Avalugg|57/100|[from] ability: Ice Body
|upkeep
|turn|41
|-message|TheManLynch forfeited.
|
|win|ydkmdenji
|raw|TheManLynch's rating: 1284 &rarr; <strong>1258</strong><br />(-26 for losing)
|raw|ydkmdenji's rating: 1264 &rarr; <strong>1290</strong><br />(+26 for winning)
|l|☆TheManLynch
|player|p1|
|l|☆ydkmdenji
|player|p2|
