|j|☆andrewm0n
|j|☆nexronb
|t:|1760439470
|gametype|singles
|player|p1|andrewm0n|swimmerf|1466
|player|p2|nexronb|falkner|1440
|gen|9
|tier|[Gen 9] OU
|rated|
|rule|HP Percentage Mod: HP is shown in percentages
|rule|Endless Battle Clause: Forcing endless battles is banned
|rule|Species Clause: Limit one of each Pokémon
|rule|OHKO Clause: OHKO moves are banned
|rule|Evasion Items Clause: Evasion items are banned
|rule|Evasion Moves Clause: Evasion moves are banned
|rule|Evasion Abilities Clause: Evasion abilities are banned
|rule|Sleep Moves Clause: Sleep-inducing moves are banned
|clearpoke
|poke|p1|Skeledirge, M|
|poke|p1|Glimmora, F|
|poke|p1|Alomomola, F|
|poke|p1|Ursaluna, M|
|poke|p1|Kommo-o, F|
|poke|p1|Primarina, F|
|poke|p2|Cinderace, M|
|poke|p2|Darkrai|
|poke|p2|Landorus-Therian, M|
|poke|p2|Zamazenta-*|
|poke|p2|Pecharunt|
|poke|p2|Primarina, F|
|teampreview
|
|t:|1760439490
|teamsize|p1|6
|teamsize|p2|6
|start
|switch|p1a: Glimmora|Glimmora, F, shiny|100/100
|switch|p2a: Landorus|Landorus-Therian, M|100/100
|-ability|p2a: Landorus|Intimidate|boost
|-unboost|p1a: Glimmora|atk|1
|turn|1
|
|t:|1760439494
|move|p2a: Landorus|Earthquake|p1a: Glimmora
|-supereffective|p1a: Glimmora
|-enditem|p1a: Glimmora|Focus Sash
|-damage|p1a: Glimmora|1/100
|-activate|p1a: Glimmora|ability: Toxic Debris
|-sidestart|p2: nexronb|move: Toxic Spikes
|move|p1a: Glimmora|Power Gem|p2a: Landorus
|-damage|p2a: Landorus|48/100
|
|upkeep
|turn|2
|
|t:|1760439502
|switch|p1a: Alomomola|Alomomola, F, shiny|100/100
|move|p2a: Landorus|Earthquake|p1a: Alomomola
|-damage|p1a: Alomomola|57/100
|
|upkeep
|turn|3
|
|t:|1760439510
|switch|p2a: Pecharunt|Pecharunt|100/100
|-sideend|p2: nexronb|move: Toxic Spikes|[of] p2a: Pecharunt
|move|p1a: Alomomola|Flip Turn|p2a: Pecharunt
|-damage|p2a: Pecharunt|90/100
|
|t:|1760439513
|switch|p1a: Ursaluna|Ursaluna, M, shiny|100/100|[from] Flip Turn
|
|-status|p1a: Ursaluna|brn|[from] item: Flame Orb
|upkeep
|turn|4
|
|t:|1760439518
|move|p2a: Pecharunt|Parting Shot|p1a: Ursaluna
|-unboost|p1a: Ursaluna|atk|1
|-unboost|p1a: Ursaluna|spa|1
|
|t:|1760439525
|switch|p2a: Primarina|Primarina, F|100/100|[from] Parting Shot
|move|p1a: Ursaluna|Trailblaze|p2a: Primarina
|-supereffective|p2a: Primarina
|-damage|p2a: Primarina|47/100
|-boost|p1a: Ursaluna|spe|1
|
|-damage|p1a: Ursaluna|94/100 brn|[from] brn
|upkeep
|turn|5
|
|t:|1760439530
|move|p1a: Ursaluna|Trailblaze|p2a: Primarina
|-supereffective|p2a: Primarina
|-damage|p2a: Primarina|0 fnt
|-boost|p1a: Ursaluna|spe|1
|faint|p2a: Primarina
|
|-damage|p1a: Ursaluna|88/100 brn|[from] brn
|upkeep
|
|t:|1760439534
|switch|p2a: Landorus|Landorus-Therian, M|48/100
|-ability|p2a: Landorus|Intimidate|boost
|-unboost|p1a: Ursaluna|atk|1
|turn|6
|
|t:|1760439540
|move|p2a: Landorus|Stealth Rock|p1a: Ursaluna
|-sidestart|p1: andrewm0n|move: Stealth Rock
|move|p1a: Ursaluna|Swords Dance|p1a: Ursaluna
|-boost|p1a: Ursaluna|atk|2
|
|-damage|p1a: Ursaluna|82/100 brn|[from] brn
|upkeep
|turn|7
|
|t:|1760439549
|switch|p2a: Pecharunt|Pecharunt|90/100
|move|p1a: Ursaluna|Swords Dance|p1a: Ursaluna
|-boost|p1a: Ursaluna|atk|2
|
|-damage|p1a: Ursaluna|76/100 brn|[from] brn
|upkeep
|turn|8
|
|t:|1760439553
|move|p1a: Ursaluna|Trailblaze|p2a: Pecharunt
|-resisted|p2a: Pecharunt
|-damage|p2a: Pecharunt|73/100
|-boost|p1a: Ursaluna|spe|1
|move|p2a: Pecharunt|Parting Shot|p1a: Ursaluna
|-unboost|p1a: Ursaluna|atk|1
|-unboost|p1a: Ursaluna|spa|1
|
|t:|1760439566
|switch|p2a: Zamazenta|Zamazenta|100/100|[from] Parting Shot
|-ability|p2a: Zamazenta|Dauntless Shield|boost
|-boost|p2a: Zamazenta|def|1
|
|-damage|p1a: Ursaluna|69/100 brn|[from] brn
|upkeep
|turn|9
|
|t:|1760439574
|-terastallize|p1a: Ursaluna|Normal
|-terastallize|p2a: Zamazenta|Steel
|move|p1a: Ursaluna|Facade|p2a: Zamazenta
|-resisted|p2a: Zamazenta
|-damage|p2a: Zamazenta|32/100
|move|p2a: Zamazenta|Close Combat|p1a: Ursaluna
|-supereffective|p1a: Ursaluna
|-crit|p1a: Ursaluna
|-damage|p1a: Ursaluna|0 fnt
|-unboost|p2a: Zamazenta|def|1
|-unboost|p2a: Zamazenta|spd|1
|faint|p1a: Ursaluna
|
|upkeep
|
|t:|1760439579
|switch|p1a: Skeledirge|Skeledirge, M, shiny|100/100
|turn|10
|
|t:|1760439588
|switch|p2a: Landorus|Landorus-Therian, M|48/100
|-ability|p2a: Landorus|Intimidate|boost
|-unboost|p1a: Skeledirge|atk|1
|move|p1a: Skeledirge|Will-O-Wisp|p2a: Landorus
|-status|p2a: Landorus|brn
|
|-damage|p2a: Landorus|42/100 brn|[from] brn
|upkeep
|turn|11
|
|t:|1760439593
|switch|p1a: Alomomola|Alomomola, F, shiny|90/100
|move|p2a: Landorus|U-turn|p1a: Alomomola
|-damage|p1a: Alomomola|80/100
|
|t:|1760439602
|switch|p2a: Pecharunt|Pecharunt|73/100|[from] U-turn
|
|upkeep
|turn|12
|
|t:|1760439606
|move|p2a: Pecharunt|Malignant Chain|p1a: Alomomola
|-damage|p1a: Alomomola|57/100
|-status|p1a: Alomomola|tox
|-start|p1a: Alomomola|confusion|[from] ability: Poison Puppeteer|[of] p2a: Pecharunt
|-activate|p1a: Alomomola|confusion
|-damage|p1a: Alomomola|51/100 tox|[from] confusion
|
|-damage|p1a: Alomomola|45/100 tox|[from] psn
|upkeep
|turn|13
|
|t:|1760439613
|move|p2a: Pecharunt|Recover|p2a: Pecharunt
|-heal|p2a: Pecharunt|100/100
|-activate|p1a: Alomomola|confusion
|-damage|p1a: Alomomola|39/100 tox|[from] confusion
|
|-damage|p1a: Alomomola|27/100 tox|[from] psn
|upkeep
|turn|14
|
|t:|1760439616
|move|p2a: Pecharunt|Shadow Ball|p1a: Alomomola
|-damage|p1a: Alomomola|8/100 tox
|-unboost|p1a: Alomomola|spd|1
|-activate|p1a: Alomomola|confusion
|move|p1a: Alomomola|Flip Turn|p2a: Pecharunt
|-damage|p2a: Pecharunt|91/100
|
|t:|1760439626
|switch|p1a: Kommo-o|Kommo-o, F, shiny|100/100|[from] Flip Turn
|-damage|p1a: Kommo-o|94/100|[from] Stealth Rock
|
|-heal|p1a: Kommo-o|100/100|[from] item: Leftovers
|upkeep
|turn|15
|
|t:|1760439637
|move|p2a: Pecharunt|Malignant Chain|p1a: Kommo-o
|-damage|p1a: Kommo-o|63/100
|move|p1a: Kommo-o|Clangorous Soul|p1a: Kommo-o
|-boost|p1a: Kommo-o|atk|1
|-boost|p1a: Kommo-o|def|1
|-boost|p1a: Kommo-o|spa|1
|-boost|p1a: Kommo-o|spd|1
|-boost|p1a: Kommo-o|spe|1
|-damage|p1a: Kommo-o|30/100
|
|-heal|p1a: Kommo-o|36/100|[from] item: Leftovers
|upkeep
|turn|16
|
|t:|1760439645
|move|p1a: Kommo-o|Clanging Scales|p2a: Pecharunt
|-damage|p2a: Pecharunt|17/100
|-unboost|p1a: Kommo-o|def|1
|move|p2a: Pecharunt|Parting Shot|p1a: Kommo-o
|-unboost|p1a: Kommo-o|atk|1
|-unboost|p1a: Kommo-o|spa|1
|
|t:|1760439654
|switch|p2a: Landorus|Landorus-Therian, M|42/100 brn|[from] Parting Shot
|-ability|p2a: Landorus|Intimidate|boost
|-unboost|p1a: Kommo-o|atk|1
|
|-heal|p1a: Kommo-o|42/100|[from] item: Leftovers
|-damage|p2a: Landorus|36/100 brn|[from] brn
|upkeep
|turn|17
|
|t:|1760439660
|move|p2a: Landorus|U-turn|p1a: Kommo-o
|-resisted|p1a: Kommo-o
|-damage|p1a: Kommo-o|37/100
|
|t:|1760439668
|switch|p2a: Zamazenta|Zamazenta, tera:Steel|32/100|[from] U-turn
|move|p1a: Kommo-o|Clanging Scales|p2a: Zamazenta
|-resisted|p2a: Zamazenta
|-damage|p2a: Zamazenta|6/100
|-unboost|p1a: Kommo-o|def|1
|
|-heal|p1a: Kommo-o|43/100|[from] item: Leftovers
|upkeep
|turn|18
|
|t:|1760439674
|switch|p1a: Skeledirge|Skeledirge, M, shiny|100/100
|move|p2a: Zamazenta|Close Combat|p1a: Skeledirge
|-immune|p1a: Skeledirge
|
|upkeep
|turn|19
|
|t:|1760439681
|move|p2a: Zamazenta|Stone Edge|p1a: Skeledirge
|-supereffective|p1a: Skeledirge
|-damage|p1a: Skeledirge|53/100
|move|p1a: Skeledirge|Torch Song|p2a: Zamazenta
|-supereffective|p2a: Zamazenta
|-damage|p2a: Zamazenta|0 fnt
|-boost|p1a: Skeledirge|spa|1
|faint|p2a: Zamazenta
|
|upkeep
|
|t:|1760439686
|switch|p2a: Darkrai|Darkrai|100/100
|turn|20
|
|t:|1760439693
|switch|p1a: Glimmora|Glimmora, F, shiny|1/100
|-damage|p1a: Glimmora|0 fnt|[from] Stealth Rock
|faint|p1a: Glimmora
|move|p2a: Darkrai|Dark Pulse|p1: Glimmora|[notarget]
|-fail|p2a: Darkrai
|
|upkeep
|
|t:|1760439698
|switch|p1a: Alomomola|Alomomola, F, shiny|41/100 tox
|turn|21
|
|t:|1760439700
|move|p2a: Darkrai|Dark Pulse|p1a: Alomomola
|-damage|p1a: Alomomola|8/100 tox
|move|p1a: Alomomola|Wish|p1a: Alomomola
|
|-damage|p1a: Alomomola|2/100 tox|[from] psn
|upkeep
|turn|22
|
|t:|1760439710
|switch|p1a: Kommo-o|Kommo-o, F, shiny|43/100
|-damage|p1a: Kommo-o|37/100|[from] Stealth Rock
|move|p2a: Darkrai|Dark Pulse|p1a: Kommo-o
|-resisted|p1a: Kommo-o
|-damage|p1a: Kommo-o|13/100
|
|-heal|p1a: Kommo-o|100/100|[from] move: Wish|[wisher] Alomomola
|upkeep
|turn|23
|
|t:|1760439715
|move|p2a: Darkrai|Ice Beam|p1a: Kommo-o
|-supereffective|p1a: Kommo-o
|-crit|p1a: Kommo-o
|-damage|p1a: Kommo-o|0 fnt
|faint|p1a: Kommo-o
|
|upkeep
|
|t:|1760439718
|switch|p1a: Primarina|Primarina, F, shiny|100/100
|-damage|p1a: Primarina|88/100|[from] Stealth Rock
|turn|24
|
|t:|1760439722
|move|p2a: Darkrai|Sludge Bomb|p1a: Primarina
|-supereffective|p1a: Primarina
|-damage|p1a: Primarina|31/100
|-status|p1a: Primarina|psn
|move|p1a: Primarina|Calm Mind|p1a: Primarina
|-boost|p1a: Primarina|spa|1
|-boost|p1a: Primarina|spd|1
|
|-heal|p1a: Primarina|37/100 psn|[from] item: Leftovers
|-damage|p1a: Primarina|24/100 psn|[from] psn
|upkeep
|turn|25
|
|t:|1760439727
|move|p2a: Darkrai|Sludge Bomb|p1a: Primarina
|-supereffective|p1a: Primarina
|-damage|p1a: Primarina|0 fnt
|faint|p1a: Primarina
|
|upkeep
|-message|andrewm0n forfeited.
|
|win|nexronb
|raw|andrewm0n's rating: 1466 &rarr; <strong>1445</strong><br />(-21 for losing)
|raw|nexronb's rating: 1440 &rarr; <strong>1461</strong><br />(+21 for winning)
|l|☆andrewm0n
|player|p1|
|l|☆nexronb
|player|p2|
