|j|☆vbngf
|j|☆dr. drake6782
|t:|1760382011
|gametype|singles
|player|p1|vbngf|ghetsis|1627
|player|p2|dr. drake6782|hilbert-masters|1755
|gen|9
|tier|[Gen 9] OU
|rated|
|rule|HP Percentage Mod: HP is shown in percentages
|rule|Endless Battle Clause: Forcing endless battles is banned
|rule|Species Clause: Limit one of each Pokémon
|rule|OHKO Clause: OHKO moves are banned
|rule|Evasion Items Clause: Evasion items are banned
|rule|Evasion Moves Clause: Evasion moves are banned
|rule|Evasion Abilities Clause: Evasion abilities are banned
|rule|Sleep Moves Clause: Sleep-inducing moves are banned
|clearpoke
|poke|p1|Kingambit, F|
|poke|p1|Kyurem|
|poke|p1|Primarina, F|
|poke|p1|Iron Moth|
|poke|p1|Ogerpon-Wellspring, F|
|poke|p1|Landorus-Therian, M|
|poke|p2|Pelipper, F|
|poke|p2|Tornadus-Therian, M|
|poke|p2|Iron Treads|
|poke|p2|Decidueye-Hisui, F|
|poke|p2|Barraskewda, M|
|poke|p2|Raging Bolt|
|teampreview
|inactive|Battle timer is ON: inactive players will automatically lose when time's up. (requested by dr. drake6782)
|inactive|dr. drake6782 has 120 seconds left.
|
|t:|1760382054
|teamsize|p1|6
|teamsize|p2|6
|start
|switch|p1a: Primarina|Primarina, F|100/100
|switch|p2a: Pelipper|Pelipper, F|100/100
|-weather|RainDance|[from] ability: Drizzle|[of] p2a: Pelipper
|turn|1
|
|t:|1760382056
|move|p1a: Primarina|Moonblast|p2a: Pelipper
|-damage|p2a: Pelipper|22/100
|move|p2a: Pelipper|U-turn|p1a: Primarina
|-resisted|p1a: Primarina
|-damage|p1a: Primarina|95/100
|
|t:|1760382060
|switch|p2a: Raging Bolt|Raging Bolt|100/100|[from] U-turn
|-enditem|p2a: Raging Bolt|Booster Energy
|-activate|p2a: Raging Bolt|ability: Protosynthesis|[fromitem]
|-start|p2a: Raging Bolt|protosynthesisspa
|
|-weather|RainDance|[upkeep]
|upkeep
|turn|2
|
|t:|1760382063
|-terastallize|p1a: Primarina|Steel
|move|p2a: Raging Bolt|Thunder|p1a: Primarina
|-damage|p1a: Primarina|52/100
|move|p1a: Primarina|Moonblast|p2a: Raging Bolt
|-supereffective|p2a: Raging Bolt
|-damage|p2a: Raging Bolt|11/100
|
|-weather|RainDance|[upkeep]
|upkeep
|turn|3
|
|t:|1760382076
|move|p2a: Raging Bolt|Thunder|p1a: Primarina
|-damage|p1a: Primarina|2/100
|move|p1a: Primarina|Moonblast|p2a: Raging Bolt
|-supereffective|p2a: Raging Bolt
|-damage|p2a: Raging Bolt|0 fnt
|faint|p2a: Raging Bolt
|-end|p2a: Raging Bolt|Protosynthesis|[silent]
|
|-weather|RainDance|[upkeep]
|upkeep
|
|t:|1760382085
|switch|p2a: Tornadus|Tornadus-Therian, M|100/100
|turn|4
|
|t:|1760382088
|move|p2a: Tornadus|Hurricane|p1a: Primarina
|-resisted|p1a: Primarina
|-damage|p1a: Primarina|0 fnt
|faint|p1a: Primarina
|
|-weather|RainDance|[upkeep]
|upkeep
|
|t:|1760382093
|switch|p1a: Kyurem|Kyurem|100/100
|-ability|p1a: Kyurem|Pressure
|turn|5
|
|t:|1760382100
|switch|p2a: Iron Treads|Iron Treads|100/100
|move|p1a: Kyurem|Ice Beam|p2a: Iron Treads
|-damage|p2a: Iron Treads|61/100
|
|-weather|RainDance|[upkeep]
|-heal|p2a: Iron Treads|67/100|[from] item: Leftovers
|upkeep
|turn|6
|
|t:|1760382103
|switch|p1a: Landorus|Landorus-Therian, M|100/100
|-ability|p1a: Landorus|Intimidate|boost
|-unboost|p2a: Iron Treads|atk|1
|move|p2a: Iron Treads|Stealth Rock|p1a: Landorus
|-sidestart|p1: vbngf|move: Stealth Rock
|
|-weather|RainDance|[upkeep]
|-heal|p2a: Iron Treads|73/100|[from] item: Leftovers
|upkeep
|turn|7
|
|t:|1760382110
|move|p2a: Iron Treads|Knock Off|p1a: Landorus
|-damage|p1a: Landorus|90/100
|-damage|p2a: Iron Treads|56/100|[from] item: Rocky Helmet|[of] p1a: Landorus
|-enditem|p1a: Landorus|Rocky Helmet|[from] move: Knock Off|[of] p2a: Iron Treads
|move|p1a: Landorus|U-turn|p2a: Iron Treads
|-resisted|p2a: Iron Treads
|-damage|p2a: Iron Treads|47/100
|
|t:|1760382116
|switch|p1a: Ogerpon|Ogerpon-Wellspring, F|100/100|[from] U-turn
|-damage|p1a: Ogerpon|88/100|[from] Stealth Rock
|
|-weather|RainDance|[upkeep]
|-heal|p2a: Iron Treads|53/100|[from] item: Leftovers
|upkeep
|turn|8
|
|t:|1760382124
|move|p1a: Ogerpon|Ivy Cudgel|p2a: Iron Treads|[anim] Ivy Cudgel Water
|-supereffective|p2a: Iron Treads
|-damage|p2a: Iron Treads|0 fnt
|faint|p2a: Iron Treads
|-end|p2a: Iron Treads|Quark Drive|[silent]
|
|-weather|none
|upkeep
|
|t:|1760382129
|switch|p2a: Pelipper|Pelipper, F|22/100
|-weather|RainDance|[from] ability: Drizzle|[of] p2a: Pelipper
|turn|9
|
|t:|1760382132
|switch|p2a: Decidueye|Decidueye-Hisui, F, shiny|100/100
|move|p1a: Ogerpon|Ivy Cudgel|p2a: Decidueye|[anim] Ivy Cudgel Water
|-resisted|p2a: Decidueye
|-damage|p2a: Decidueye|74/100
|
|-weather|RainDance|[upkeep]
|upkeep
|turn|10
|
|t:|1760382159
|switch|p1a: Landorus|Landorus-Therian, M|90/100
|-damage|p1a: Landorus|77/100|[from] Stealth Rock
|-ability|p1a: Landorus|Intimidate|boost
|-fail|p2a: Decidueye|unboost|Attack|[from] ability: Scrappy|[of] p2a: Decidueye
|move|p2a: Decidueye|U-turn|p1a: Landorus
|-resisted|p1a: Landorus
|-damage|p1a: Landorus|71/100
|inactive|dr. drake6782 has 120 seconds left.
|
|t:|1760382195
|switch|p2a: Tornadus|Tornadus-Therian, M|100/100|[from] U-turn
|
|-weather|RainDance|[upkeep]
|upkeep
|turn|11
|
|t:|1760382202
|move|p2a: Tornadus|Hurricane|p1a: Landorus
|-damage|p1a: Landorus|0 fnt
|faint|p1a: Landorus
|
|-weather|RainDance|[upkeep]
|upkeep
|
|t:|1760382205
|switch|p1a: Kyurem|Kyurem|100/100
|-damage|p1a: Kyurem|76/100|[from] Stealth Rock
|-ability|p1a: Kyurem|Pressure
|turn|12
|
|t:|1760382211
|-terastallize|p2a: Tornadus|Flying
|move|p1a: Kyurem|Ice Beam|p2a: Tornadus
|-supereffective|p2a: Tornadus
|-damage|p2a: Tornadus|0 fnt
|faint|p2a: Tornadus
|
|-weather|RainDance|[upkeep]
|upkeep
|inactive|dr. drake6782 has 120 seconds left.
|
|t:|1760382216
|switch|p2a: Barraskewda|Barraskewda, M, shiny|100/100
|turn|13
|
|t:|1760382220
|switch|p1a: Ogerpon|Ogerpon-Wellspring, F|88/100
|-damage|p1a: Ogerpon|76/100|[from] Stealth Rock
|move|p2a: Barraskewda|Close Combat|p1a: Ogerpon
|-damage|p1a: Ogerpon|14/100
|-unboost|p2a: Barraskewda|def|1
|-unboost|p2a: Barraskewda|spd|1
|-damage|p2a: Barraskewda|91/100|[from] item: Life Orb
|
|-weather|RainDance|[upkeep]
|upkeep
|turn|14
|
|t:|1760382227
|move|p1a: Ogerpon|Spiky Shield|p1a: Ogerpon
|-singleturn|p1a: Ogerpon|move: Protect
|move|p2a: Barraskewda|Close Combat|p1a: Ogerpon
|-activate|p1a: Ogerpon|move: Protect
|-damage|p2a: Barraskewda|78/100|[from] Spiky Shield|[of] p1a: Ogerpon
|
|-weather|RainDance|[upkeep]
|upkeep
|turn|15
|
|t:|1760382236
|move|p2a: Barraskewda|Close Combat|p1a: Ogerpon
|-damage|p1a: Ogerpon|0 fnt
|-unboost|p2a: Barraskewda|def|1
|-unboost|p2a: Barraskewda|spd|1
|faint|p1a: Ogerpon
|-damage|p2a: Barraskewda|69/100|[from] item: Life Orb
|
|-weather|RainDance|[upkeep]
|upkeep
|
|t:|1760382241
|switch|p1a: Kingambit|Kingambit, F|100/100
|-damage|p1a: Kingambit|94/100|[from] Stealth Rock
|-activate|p1a: Kingambit|ability: Supreme Overlord
|-start|p1a: Kingambit|fallen3|[silent]
|turn|16
|
|t:|1760382244
|switch|p2a: Decidueye|Decidueye-Hisui, F, shiny|74/100
|-end|p1a: Kingambit|fallen3|[silent]
|switch|p1a: Kyurem|Kyurem|76/100
|-damage|p1a: Kyurem|51/100|[from] Stealth Rock
|-ability|p1a: Kyurem|Pressure
|
|-weather|none
|upkeep
|turn|17
|
|t:|1760382250
|switch|p2a: Pelipper|Pelipper, F|22/100
|-weather|RainDance|[from] ability: Drizzle|[of] p2a: Pelipper
|move|p1a: Kyurem|Ice Beam|p2a: Pelipper
|-damage|p2a: Pelipper|0 fnt
|faint|p2a: Pelipper
|
|-weather|RainDance|[upkeep]
|upkeep
|
|t:|1760382252
|switch|p2a: Barraskewda|Barraskewda, M, shiny|69/100
|turn|18
|
|t:|1760382260
|move|p2a: Barraskewda|Close Combat|p1a: Kyurem
|-supereffective|p1a: Kyurem
|-damage|p1a: Kyurem|0 fnt
|-unboost|p2a: Barraskewda|def|1
|-unboost|p2a: Barraskewda|spd|1
|faint|p1a: Kyurem
|-damage|p2a: Barraskewda|59/100|[from] item: Life Orb
|
|-weather|RainDance|[upkeep]
|upkeep
|
|t:|1760382264
|switch|p1a: Kingambit|Kingambit, F|94/100
|-damage|p1a: Kingambit|88/100|[from] Stealth Rock
|-activate|p1a: Kingambit|ability: Supreme Overlord
|-start|p1a: Kingambit|fallen4|[silent]
|turn|19
|
|t:|1760382267
|switch|p2a: Decidueye|Decidueye-Hisui, F, shiny|74/100
|-end|p1a: Kingambit|fallen4|[silent]
|switch|p1a: Iron Moth|Iron Moth|100/100
|-damage|p1a: Iron Moth|76/100|[from] Stealth Rock
|-enditem|p1a: Iron Moth|Booster Energy
|-activate|p1a: Iron Moth|ability: Quark Drive|[fromitem]
|-start|p1a: Iron Moth|quarkdrivespe
|
|-weather|RainDance|[upkeep]
|upkeep
|turn|20
|
|t:|1760382273
|move|p1a: Iron Moth|Sludge Wave|p2a: Decidueye
|-supereffective|p2a: Decidueye
|-damage|p2a: Decidueye|0 fnt
|faint|p2a: Decidueye
|
|-weather|RainDance|[upkeep]
|upkeep
|
|t:|1760382274
|switch|p2a: Barraskewda|Barraskewda, M, shiny|59/100
|turn|21
|
|t:|1760382277
|move|p2a: Barraskewda|Liquidation|p1a: Iron Moth
|-supereffective|p1a: Iron Moth
|-damage|p1a: Iron Moth|0 fnt
|faint|p1a: Iron Moth
|-end|p1a: Iron Moth|Quark Drive|[silent]
|-damage|p2a: Barraskewda|49/100|[from] item: Life Orb
|
|-weather|RainDance|[upkeep]
|upkeep
|
|t:|1760382279
|switch|p1a: Kingambit|Kingambit, F|88/100
|-damage|p1a: Kingambit|82/100|[from] Stealth Rock
|-activate|p1a: Kingambit|ability: Supreme Overlord
|-start|p1a: Kingambit|fallen5|[silent]
|turn|22
|
|t:|1760382281
|move|p2a: Barraskewda|Aqua Jet|p1a: Kingambit
|-damage|p1a: Kingambit|52/100
|-damage|p2a: Barraskewda|39/100|[from] item: Life Orb
|move|p1a: Kingambit|Sucker Punch||[still]
|-fail|p1a: Kingambit
|
|-weather|RainDance|[upkeep]
|upkeep
|turn|23
|
|t:|1760382286
|move|p2a: Barraskewda|Aqua Jet|p1a: Kingambit
|-damage|p1a: Kingambit|19/100
|-damage|p2a: Barraskewda|29/100|[from] item: Life Orb
|move|p1a: Kingambit|Sucker Punch||[still]
|-fail|p1a: Kingambit
|
|-weather|RainDance|[upkeep]
|upkeep
|turn|24
|c|☆dr. drake6782|gg
|
|t:|1760382290
|move|p2a: Barraskewda|Aqua Jet|p1a: Kingambit
|-damage|p1a: Kingambit|0 fnt
|faint|p1a: Kingambit
|-end|p1a: Kingambit|fallen5|[silent]
|-damage|p2a: Barraskewda|19/100|[from] item: Life Orb
|
|win|dr. drake6782
|raw|vbngf's rating: 1627 &rarr; <strong>1614</strong><br />(-13 for losing)
|raw|dr. drake6782's rating: 1755 &rarr; <strong>1768</strong><br />(+13 for winning)
|c|☆vbngf|gg
