|j|☆Elpirulas666
|j|☆ZaWarudo123
|t:|1760347447
|gametype|singles
|player|p1|Elpirulas666|265|1145
|player|p2|ZaWarudo123|2|1156
|gen|9
|tier|[Gen 9] OU
|rated|
|rule|HP Percentage Mod: HP is shown in percentages
|rule|Endless Battle Clause: Forcing endless battles is banned
|rule|Species Clause: Limit one of each Pokémon
|rule|OHKO Clause: OHKO moves are banned
|rule|Evasion Items Clause: Evasion items are banned
|rule|Evasion Moves Clause: Evasion moves are banned
|rule|Evasion Abilities Clause: Evasion abilities are banned
|rule|Sleep Moves Clause: Sleep-inducing moves are banned
|clearpoke
|poke|p1|Pelipper, F|
|poke|p1|Barraskewda, M|
|poke|p1|Drednaw, F|
|poke|p1|Kingambit, F|
|poke|p1|Thundurus-Therian, M|
|poke|p1|Glimmora, F|
|poke|p2|Araquanid, M|
|poke|p2|Ceruledge, F|
|poke|p2|Clefable, F|
|poke|p2|Dragonite, M|
|poke|p2|Garganacl, F|
|poke|p2|Zapdos|
|teampreview
|inactive|Battle timer is ON: inactive players will automatically lose when time's up. (requested by Elpirulas666)
|
|t:|1760347470
|teamsize|p1|6
|teamsize|p2|6
|start
|switch|p1a: Generic Setter|Glimmora, F|100/100
|switch|p2a: Ceruledge|Ceruledge, F|100/100
|turn|1
|
|t:|1760347475
|move|p1a: Generic Setter|Stealth Rock|p2a: Ceruledge
|-sidestart|p2: ZaWarudo123|move: Stealth Rock
|move|p2a: Ceruledge|Swords Dance|p2a: Ceruledge
|-boost|p2a: Ceruledge|atk|2
|
|upkeep
|turn|2
|
|t:|1760347481
|move|p1a: Generic Setter|Power Gem|p2a: Ceruledge
|-supereffective|p2a: Ceruledge
|-damage|p2a: Ceruledge|5/100
|move|p2a: Ceruledge|Swords Dance|p2a: Ceruledge
|-boost|p2a: Ceruledge|atk|2
|
|upkeep
|turn|3
|
|t:|1760347489
|move|p2a: Ceruledge|Shadow Sneak|p1a: Generic Setter
|-damage|p1a: Generic Setter|23/100
|-activate|p1a: Generic Setter|ability: Toxic Debris
|-sidestart|p2: ZaWarudo123|move: Toxic Spikes
|move|p1a: Generic Setter|Power Gem|p2a: Ceruledge
|-supereffective|p2a: Ceruledge
|-damage|p2a: Ceruledge|0 fnt
|faint|p2a: Ceruledge
|
|upkeep
|
|t:|1760347496
|switch|p2a: Zapdos|Zapdos|100/100
|turn|4
|
|t:|1760347501
|move|p2a: Zapdos|Thunderbolt|p1a: Generic Setter
|-damage|p1a: Generic Setter|0 fnt
|faint|p1a: Generic Setter
|
|upkeep
|
|t:|1760347511
|switch|p1a: Pelipper|Pelipper, F|100/100
|-weather|RainDance|[from] ability: Drizzle|[of] p1a: Pelipper
|turn|5
|
|t:|1760347517
|switch|p1a: Thundurus|Thundurus-Therian, M|100/100
|move|p2a: Zapdos|Thunderbolt|p1a: Thundurus
|-immune|p1a: Thundurus|[from] ability: Volt Absorb
|
|-weather|RainDance|[upkeep]
|upkeep
|turn|6
|
|t:|1760347523
|move|p1a: Thundurus|Nasty Plot|p1a: Thundurus
|-boost|p1a: Thundurus|spa|2
|move|p2a: Zapdos|Heat Wave|p1a: Thundurus
|-damage|p1a: Thundurus|78/100
|
|-weather|RainDance|[upkeep]
|upkeep
|turn|7
|
|t:|1760347528
|move|p1a: Thundurus|Nasty Plot|p1a: Thundurus
|-boost|p1a: Thundurus|spa|2
|move|p2a: Zapdos|Tailwind|p2a: Zapdos
|-sidestart|p2: ZaWarudo123|move: Tailwind
|
|-weather|RainDance|[upkeep]
|upkeep
|turn|8
|
|t:|1760347532
|switch|p2a: Clefable|Clefable, F|100/100
|-damage|p2a: Clefable|88/100|[from] Stealth Rock
|-status|p2a: Clefable|psn
|move|p1a: Thundurus|Thunder|p2a: Clefable
|-damage|p2a: Clefable|29/100 psn
|
|-weather|RainDance|[upkeep]
|-heal|p2a: Clefable|35/100 psn|[from] item: Leftovers
|-damage|p2a: Clefable|22/100 psn|[from] psn
|upkeep
|turn|9
|
|t:|1760347549
|move|p1a: Thundurus|Thunder|p2a: Clefable
|-damage|p2a: Clefable|0 fnt
|faint|p2a: Clefable
|
|-weather|RainDance|[upkeep]
|upkeep
|
|t:|1760347559
|switch|p2a: Dragonite|Dragonite, M|100/100
|-damage|p2a: Dragonite|76/100|[from] Stealth Rock
|turn|10
|
|t:|1760347566
|move|p2a: Dragonite|Ice Punch|p1a: Thundurus
|-supereffective|p1a: Thundurus
|-damage|p1a: Thundurus|0 fnt
|faint|p1a: Thundurus
|
|-weather|RainDance|[upkeep]
|-heal|p2a: Dragonite|82/100|[from] item: Leftovers
|-sideend|p2: ZaWarudo123|move: Tailwind
|upkeep
|
|t:|1760347570
|switch|p1a: Kaioken|Drednaw, F, shiny|100/100
|turn|11
|
|t:|1760347577
|move|p1a: Kaioken|Ice Spinner|p2a: Dragonite
|-supereffective|p2a: Dragonite
|-damage|p2a: Dragonite|0 fnt
|faint|p2a: Dragonite
|
|-weather|RainDance|[upkeep]
|upkeep
|
|t:|1760347583
|switch|p2a: Araquanid|Araquanid, M|100/100
|-damage|p2a: Araquanid|75/100|[from] Stealth Rock
|-status|p2a: Araquanid|psn
|turn|12
|
|t:|1760347590
|move|p1a: Kaioken|Stone Edge|p2a: Araquanid|[miss]
|-miss|p1a: Kaioken|p2a: Araquanid
|move|p2a: Araquanid|Liquidation|p1a: Kaioken
|-damage|p1a: Kaioken|0 fnt
|faint|p1a: Kaioken
|
|-weather|none
|-heal|p2a: Araquanid|82/100 psn|[from] item: Leftovers
|-damage|p2a: Araquanid|69/100 psn|[from] psn
|upkeep
|
|t:|1760347594
|switch|p1a: Pelipper|Pelipper, F|100/100
|-weather|RainDance|[from] ability: Drizzle|[of] p1a: Pelipper
|turn|13
|
|t:|1760347604
|move|p1a: Pelipper|Hurricane|p2a: Araquanid
|-supereffective|p2a: Araquanid
|-damage|p2a: Araquanid|7/100 psn
|-start|p2a: Araquanid|confusion
|-activate|p2a: Araquanid|confusion
|move|p2a: Araquanid|Sticky Web|p1a: Pelipper
|-sidestart|p1: Elpirulas666|move: Sticky Web
|
|-weather|RainDance|[upkeep]
|-heal|p2a: Araquanid|13/100 psn|[from] item: Leftovers
|-damage|p2a: Araquanid|1/100 psn|[from] psn
|upkeep
|turn|14
|
|t:|1760347615
|move|p1a: Pelipper|Hurricane|p2a: Araquanid
|-supereffective|p2a: Araquanid
|-damage|p2a: Araquanid|0 fnt
|faint|p2a: Araquanid
|
|-weather|RainDance|[upkeep]
|upkeep
|
|t:|1760347618
|switch|p2a: Zapdos|Zapdos|100/100
|turn|15
|
|t:|1760347623
|switch|p1a: Ryoma Sakamoto|Kingambit, F|100/100
|-activate|p1a: Ryoma Sakamoto|move: Sticky Web
|-unboost|p1a: Ryoma Sakamoto|spe|1
|-activate|p1a: Ryoma Sakamoto|ability: Supreme Overlord
|-start|p1a: Ryoma Sakamoto|fallen3|[silent]
|move|p2a: Zapdos|Thunderbolt|p1a: Ryoma Sakamoto
|-damage|p1a: Ryoma Sakamoto|49/100
|
|-weather|RainDance|[upkeep]
|-heal|p1a: Ryoma Sakamoto|56/100|[from] item: Leftovers
|upkeep
|turn|16
|
|t:|1760347633
|-terastallize|p2a: Zapdos|Electric
|move|p2a: Zapdos|Thunderbolt|p1a: Ryoma Sakamoto
|-damage|p1a: Ryoma Sakamoto|0 fnt
|faint|p1a: Ryoma Sakamoto
|-end|p1a: Ryoma Sakamoto|fallen3|[silent]
|
|-weather|RainDance|[upkeep]
|upkeep
|l|☆Elpirulas666
|inactive|Elpirulas666 disconnected and has a minute to reconnect!
|player|p1|
|j|☆Elpirulas666
|inactive|Elpirulas666 reconnected and has 115 seconds left.
|player|p1|Elpirulas666|265|
|
|t:|1760347672
|switch|p1a: Barraskewda|Barraskewda, M|100/100
|-activate|p1a: Barraskewda|move: Sticky Web
|-unboost|p1a: Barraskewda|spe|1
|turn|17
|inactive|ZaWarudo123 has 120 seconds left.
|l|☆Elpirulas666
|inactive|Elpirulas666 disconnected and has a minute to reconnect!
|player|p1|
|
|t:|1760347726
|-terastallize|p1a: Barraskewda|Water
|move|p1a: Barraskewda|Liquidation|p2a: Zapdos
|-damage|p2a: Zapdos|0 fnt
|faint|p2a: Zapdos
|
|-weather|RainDance|[upkeep]
|upkeep
|
|t:|1760347730
|switch|p2a: Garganacl|Garganacl, F|100/100
|-damage|p2a: Garganacl|88/100|[from] Stealth Rock
|turn|18
|j|☆Elpirulas666
|inactive|Elpirulas666 reconnected and has 110 seconds left.
|player|p1|Elpirulas666|265|
|
|t:|1760347745
|move|p2a: Garganacl|Protect|p2a: Garganacl
|-singleturn|p2a: Garganacl|Protect
|move|p1a: Barraskewda|Liquidation|p2a: Garganacl
|-activate|p2a: Garganacl|move: Protect
|
|-weather|RainDance|[upkeep]
|-heal|p2a: Garganacl|94/100|[from] item: Leftovers
|upkeep
|turn|19
|inactive|ZaWarudo123 has 120 seconds left.
|
|t:|1760347754
|move|p1a: Barraskewda|Liquidation|p2a: Garganacl
|-supereffective|p2a: Garganacl
|-damage|p2a: Garganacl|0 fnt
|faint|p2a: Garganacl
|
|win|Elpirulas666
|raw|Elpirulas666's rating: 1145 &rarr; <strong>1171</strong><br />(+26 for winning)
|raw|ZaWarudo123's rating: 1156 &rarr; <strong>1130</strong><br />(-26 for losing)
|l|☆ZaWarudo123
|player|p2|
