|j|☆vandosaurus
|j|☆raditzisthebest
|t:|1760405195
|gametype|singles
|player|p1|vandosaurus|giovanni|1551
|player|p2|raditzisthebest|bruno|1639
|gen|9
|tier|[Gen 9] OU
|rated|
|rule|HP Percentage Mod: HP is shown in percentages
|rule|Endless Battle Clause: Forcing endless battles is banned
|rule|Species Clause: Limit one of each Pokémon
|rule|OHKO Clause: OHKO moves are banned
|rule|Evasion Items Clause: Evasion items are banned
|rule|Evasion Moves Clause: Evasion moves are banned
|rule|Evasion Abilities Clause: Evasion abilities are banned
|rule|Sleep Moves Clause: Sleep-inducing moves are banned
|clearpoke
|poke|p1|Garganacl, M|
|poke|p1|Great Tusk|
|poke|p1|Muk-Alola, M|
|poke|p1|Gholdengo|
|poke|p1|Zamazenta-*|
|poke|p1|Primarina, M|
|poke|p2|Dragapult, M|
|poke|p2|Glimmora, M|
|poke|p2|Comfey, F|
|poke|p2|Kingambit, M|
|poke|p2|Ogerpon-Wellspring, F|
|poke|p2|Blaziken, M|
|teampreview
|inactive|Battle timer is ON: inactive players will automatically lose when time's up. (requested by raditzisthebest)
|
|t:|1760405219
|teamsize|p1|6
|teamsize|p2|6
|start
|switch|p1a: Zamazenta|Zamazenta, shiny|100/100
|switch|p2a: Hiyori|Ogerpon-Wellspring, F|100/100
|-ability|p1a: Zamazenta|Dauntless Shield|boost
|-boost|p1a: Zamazenta|def|1
|turn|1
|
|t:|1760405224
|switch|p2a: Bartolomeo|Glimmora, M, shiny|100/100
|move|p1a: Zamazenta|Close Combat|p2a: Bartolomeo
|-damage|p2a: Bartolomeo|40/100
|-unboost|p1a: Zamazenta|def|1
|-unboost|p1a: Zamazenta|spd|1
|-activate|p2a: Bartolomeo|ability: Toxic Debris
|-sidestart|p1: vandosaurus|move: Toxic Spikes
|-enditem|p2a: Bartolomeo|Red Card|[of] p1a: Zamazenta
|drag|p1a: Great Tusk|Great Tusk, shiny|100/100
|
|upkeep
|turn|2
|
|t:|1760405239
|switch|p2a: Hiyori|Ogerpon-Wellspring, F|100/100
|move|p1a: Great Tusk|Headlong Rush|p2a: Hiyori
|-resisted|p2a: Hiyori
|-damage|p2a: Hiyori|60/100
|-unboost|p1a: Great Tusk|def|1
|-unboost|p1a: Great Tusk|spd|1
|
|upkeep
|turn|3
|
|t:|1760405252
|-end|p1a: Great Tusk|Protosynthesis|[silent]
|switch|p1a: Muk|Muk-Alola, M, shiny|100/100
|-sideend|p1: vandosaurus|move: Toxic Spikes|[of] p1a: Muk
|move|p2a: Hiyori|U-turn|p1a: Muk
|-damage|p1a: Muk|72/100
|
|t:|1760405260
|switch|p2a: Sanji|Blaziken, M, shiny|100/100|[from] U-turn
|
|-heal|p1a: Muk|78/100|[from] item: Leftovers
|upkeep
|turn|4
|
|t:|1760405269
|move|p2a: Sanji|Close Combat|p1a: Muk
|-damage|p1a: Muk|0 fnt
|-unboost|p2a: Sanji|def|1
|-unboost|p2a: Sanji|spd|1
|faint|p1a: Muk
|-damage|p2a: Sanji|91/100|[from] item: Life Orb
|
|-ability|p2a: Sanji|Speed Boost|boost
|-boost|p2a: Sanji|spe|1
|upkeep
|inactive|vandosaurus has 120 seconds left.
|
|t:|1760405317
|switch|p1a: Primarina|Primarina, M, shiny|100/100
|turn|5
|
|t:|1760405322
|switch|p2a: Hiyori|Ogerpon-Wellspring, F|60/100
|move|p1a: Primarina|Psychic Noise|p2a: Hiyori
|-heal|p2a: Hiyori|85/100|[from] ability: Water Absorb|[of] p1a: Primarina
|
|upkeep
|turn|6
|inactive|vandosaurus has 120 seconds left.
|
|t:|1760405329
|switch|p1a: Gholdengo|Gholdengo, shiny|100/100
|move|p2a: Hiyori|Spikes|p1a: Gholdengo
|-sidestart|p1: vandosaurus|Spikes
|
|upkeep
|turn|7
|
|t:|1760405333
|move|p2a: Hiyori|Ivy Cudgel|p1a: Gholdengo|[anim] Ivy Cudgel Water
|-damage|p1a: Gholdengo|57/100
|move|p1a: Gholdengo|Shadow Ball|p2a: Hiyori
|-damage|p2a: Hiyori|44/100
|
|upkeep
|turn|8
|
|t:|1760405346
|move|p2a: Hiyori|Ivy Cudgel|p1a: Gholdengo|[anim] Ivy Cudgel Water
|-damage|p1a: Gholdengo|19/100
|move|p1a: Gholdengo|Shadow Ball|p2a: Hiyori
|-crit|p2a: Hiyori
|-damage|p2a: Hiyori|0 fnt
|faint|p2a: Hiyori
|
|upkeep
|
|t:|1760405353
|switch|p2a: King|Dragapult, M, shiny|100/100
|turn|9
|
|t:|1760405356
|move|p2a: King|Shadow Ball|p1a: Gholdengo
|-supereffective|p1a: Gholdengo
|-damage|p1a: Gholdengo|0 fnt
|faint|p1a: Gholdengo
|-damage|p2a: King|91/100|[from] item: Life Orb
|
|upkeep
|
|t:|1760405364
|switch|p1a: Primarina|Primarina, M, shiny|100/100
|-damage|p1a: Primarina|88/100|[from] Spikes
|turn|10
|
|t:|1760405369
|move|p2a: King|Shadow Ball|p1a: Primarina
|-damage|p1a: Primarina|67/100
|-damage|p2a: King|81/100|[from] item: Life Orb
|move|p1a: Primarina|Moonblast|p2a: King
|-supereffective|p2a: King
|-damage|p2a: King|0 fnt
|faint|p2a: King
|
|upkeep
|
|t:|1760405375
|switch|p2a: Zoro|Kingambit, M|100/100
|-activate|p2a: Zoro|ability: Supreme Overlord
|-start|p2a: Zoro|fallen2|[silent]
|turn|11
|
|t:|1760405387
|-end|p2a: Zoro|fallen2|[silent]
|switch|p2a: Boa Hancock|Comfey, F|100/100
|move|p1a: Primarina|Moonblast|p2a: Boa Hancock
|-crit|p2a: Boa Hancock
|-damage|p2a: Boa Hancock|16/100
|
|upkeep
|turn|12
|
|t:|1760405398
|move|p2a: Boa Hancock|Draining Kiss|p1a: Primarina
|-damage|p1a: Primarina|51/100
|-heal|p2a: Boa Hancock|29/100|[from] drain|[of] p1a: Primarina
|-damage|p2a: Boa Hancock|20/100|[from] item: Life Orb
|move|p1a: Primarina|Psychic Noise|p2a: Boa Hancock
|-damage|p2a: Boa Hancock|0 fnt
|faint|p2a: Boa Hancock
|
|upkeep
|
|t:|1760405402
|switch|p2a: Zoro|Kingambit, M|100/100
|-activate|p2a: Zoro|ability: Supreme Overlord
|-start|p2a: Zoro|fallen3|[silent]
|turn|13
|
|t:|1760405410
|move|p1a: Primarina|Moonblast|p2a: Zoro
|-damage|p2a: Zoro|53/100
|move|p2a: Zoro|Iron Head|p1a: Primarina
|-damage|p1a: Primarina|0 fnt
|faint|p1a: Primarina
|
|-heal|p2a: Zoro|59/100|[from] item: Leftovers
|upkeep
|
|t:|1760405422
|switch|p1a: Great Tusk|Great Tusk, shiny|100/100
|turn|14
|
|t:|1760405427
|-end|p2a: Zoro|fallen3|[silent]
|switch|p2a: Bartolomeo|Glimmora, M, shiny|40/100
|move|p1a: Great Tusk|Close Combat|p2a: Bartolomeo
|-damage|p2a: Bartolomeo|0 fnt
|-unboost|p1a: Great Tusk|def|1
|-unboost|p1a: Great Tusk|spd|1
|-activate|p2a: Bartolomeo|ability: Toxic Debris
|-sidestart|p1: vandosaurus|move: Toxic Spikes
|faint|p2a: Bartolomeo
|
|upkeep
|
|t:|1760405432
|switch|p2a: Sanji|Blaziken, M, shiny|91/100
|turn|15
|
|t:|1760405447
|move|p2a: Sanji|Protect|p2a: Sanji
|-singleturn|p2a: Sanji|Protect
|move|p1a: Great Tusk|Headlong Rush|p2a: Sanji
|-activate|p2a: Sanji|move: Protect
|
|-ability|p2a: Sanji|Speed Boost|boost
|-boost|p2a: Sanji|spe|1
|upkeep
|turn|16
|
|t:|1760405450
|-terastallize|p2a: Sanji|Fighting
|move|p2a: Sanji|Close Combat|p1a: Great Tusk
|-damage|p1a: Great Tusk|0 fnt
|-unboost|p2a: Sanji|def|1
|-unboost|p2a: Sanji|spd|1
|faint|p1a: Great Tusk
|-end|p1a: Great Tusk|Protosynthesis|[silent]
|-damage|p2a: Sanji|81/100|[from] item: Life Orb
|
|-ability|p2a: Sanji|Speed Boost|boost
|-boost|p2a: Sanji|spe|1
|upkeep
|
|t:|1760405469
|switch|p1a: Garganacl|Garganacl, M, shiny|100/100
|-damage|p1a: Garganacl|88/100|[from] Spikes
|turn|17
|
|t:|1760405476
|switch|p2a: Zoro|Kingambit, M|59/100
|-activate|p2a: Zoro|ability: Supreme Overlord
|-start|p2a: Zoro|fallen4|[silent]
|-terastallize|p1a: Garganacl|Flying
|move|p1a: Garganacl|Salt Cure|p2a: Zoro
|-resisted|p2a: Zoro
|-damage|p2a: Zoro|54/100
|-start|p2a: Zoro|Salt Cure
|
|-heal|p2a: Zoro|61/100|[from] item: Leftovers
|-heal|p1a: Garganacl|94/100|[from] item: Leftovers
|-damage|p2a: Zoro|36/100|[from] Salt Cure
|upkeep
|turn|18
|
|t:|1760405487
|move|p2a: Zoro|Kowtow Cleave|p1a: Garganacl
|-damage|p1a: Garganacl|53/100
|move|p1a: Garganacl|Recover|p1a: Garganacl
|-heal|p1a: Garganacl|100/100
|
|-heal|p2a: Zoro|42/100|[from] item: Leftovers
|-damage|p2a: Zoro|17/100|[from] Salt Cure
|upkeep
|turn|19
|
|t:|1760405497
|move|p1a: Garganacl|Protect|p1a: Garganacl
|-singleturn|p1a: Garganacl|Protect
|move|p2a: Zoro|Kowtow Cleave|p1a: Garganacl
|-activate|p1a: Garganacl|move: Protect
|
|-heal|p2a: Zoro|23/100|[from] item: Leftovers
|-damage|p2a: Zoro|0 fnt|[from] Salt Cure
|faint|p2a: Zoro
|-end|p2a: Zoro|fallen4|[silent]
|upkeep
|
|t:|1760405499
|switch|p2a: Sanji|Blaziken, M, shiny, tera:Fighting|81/100
|turn|20
|
|t:|1760405505
|move|p2a: Sanji|Knock Off|p1a: Garganacl
|-damage|p1a: Garganacl|75/100
|-enditem|p1a: Garganacl|Leftovers|[from] move: Knock Off|[of] p2a: Sanji
|-damage|p2a: Sanji|71/100|[from] item: Life Orb
|move|p1a: Garganacl|Salt Cure|p2a: Sanji
|-resisted|p2a: Sanji
|-damage|p2a: Sanji|61/100
|-start|p2a: Sanji|Salt Cure
|
|-damage|p2a: Sanji|48/100|[from] Salt Cure
|-ability|p2a: Sanji|Speed Boost|boost
|-boost|p2a: Sanji|spe|1
|upkeep
|turn|21
|-message|raditzisthebest forfeited.
|
|win|vandosaurus
|raw|vandosaurus's rating: 1551 &rarr; <strong>1576</strong><br />(+25 for winning)
|raw|raditzisthebest's rating: 1639 &rarr; <strong>1614</strong><br />(-25 for losing)
|l|☆raditzisthebest
|player|p2|
