|j|☆Arianiaaaa
|j|☆lockheedmarlin
|t:|1760387765
|gametype|singles
|player|p1|Arianiaaaa|101|1122
|player|p2|lockheedmarlin|iris-gen5bw2|1087
|gen|9
|tier|[Gen 9] OU
|rated|
|rule|HP Percentage Mod: HP is shown in percentages
|rule|Endless Battle Clause: Forcing endless battles is banned
|rule|Species Clause: Limit one of each Pokémon
|rule|OHKO Clause: OHKO moves are banned
|rule|Evasion Items Clause: Evasion items are banned
|rule|Evasion Moves Clause: Evasion moves are banned
|rule|Evasion Abilities Clause: Evasion abilities are banned
|rule|Sleep Moves Clause: Sleep-inducing moves are banned
|clearpoke
|poke|p1|Scizor, F|
|poke|p1|Dragonite, F|
|poke|p1|Ogerpon-Wellspring, F|
|poke|p1|Rillaboom, F|
|poke|p1|Alomomola, F|
|poke|p1|Kingambit, F|
|poke|p2|Heatran, F|
|poke|p2|Landorus-Therian, M|
|poke|p2|Raging Bolt|
|poke|p2|Haxorus, F|
|poke|p2|Primarina, M|
|poke|p2|Corviknight, F|
|teampreview
|inactive|Battle timer is ON: inactive players will automatically lose when time's up. (requested by lockheedmarlin)
|c|☆Arianiaaaa|Yooo
|
|t:|1760387780
|teamsize|p1|6
|teamsize|p2|6
|start
|switch|p1a: Nika|Alomomola, F, shiny|100/100
|switch|p2a: Birb|Corviknight, F|100/100
|turn|1
|
|t:|1760387787
|switch|p2a: Primadona|Primarina, M|100/100
|move|p1a: Nika|Flip Turn|p2a: Primadona
|-resisted|p2a: Primadona
|-damage|p2a: Primadona|91/100
|
|t:|1760387794
|switch|p1a: Big hands|Scizor, F, shiny|100/100|[from] Flip Turn
|
|-heal|p2a: Primadona|97/100|[from] item: Leftovers
|upkeep
|turn|2
|
|t:|1760387807
|switch|p2a: Nuke|Heatran, F|100/100
|move|p1a: Big hands|Bullet Punch|p2a: Nuke
|-resisted|p2a: Nuke
|-damage|p2a: Nuke|89/100
|
|upkeep
|turn|3
|
|t:|1760387815
|switch|p1a: Nika|Alomomola, F, shiny|100/100
|move|p2a: Nuke|Magma Storm|p1a: Nika
|-resisted|p1a: Nika
|-damage|p1a: Nika|63/100
|-activate|p1a: Nika|move: Magma Storm|[of] p2a: Nuke
|
|-damage|p1a: Nika|51/100|[from] move: Magma Storm|[partiallytrapped]
|upkeep
|turn|4
|
|t:|1760387826
|switch|p2a: Primadona|Primarina, M|97/100
|move|p1a: Nika|Flip Turn|p2a: Primadona
|-resisted|p2a: Primadona
|-damage|p2a: Primadona|88/100
|
|t:|1760387838
|switch|p1a: Shrek|Ogerpon-Wellspring, F|100/100|[from] Flip Turn
|
|-heal|p2a: Primadona|94/100|[from] item: Leftovers
|upkeep
|turn|5
|
|t:|1760387852
|switch|p2a: Birb|Corviknight, F|100/100
|move|p1a: Shrek|Horn Leech|p2a: Birb
|-resisted|p2a: Birb
|-crit|p2a: Birb
|-damage|p2a: Birb|85/100
|
|upkeep
|turn|6
|
|t:|1760387866
|switch|p1a: King|Kingambit, F, shiny|100/100
|move|p2a: Birb|Brave Bird|p1a: King
|-resisted|p1a: King
|-damage|p1a: King|76/100
|-damage|p2a: Birb|77/100|[from] Recoil
|
|upkeep
|turn|7
|
|t:|1760387879
|switch|p2a: Earfquake|Landorus-Therian, M|100/100
|-ability|p2a: Earfquake|Intimidate|boost
|-unboost|p1a: King|atk|1
|move|p1a: King|Sucker Punch||[still]
|-fail|p1a: King
|
|upkeep
|turn|8
|
|t:|1760387891
|-end|p1a: King|fallenundefined|[silent]
|switch|p1a: Big bad boy|Dragonite, F, shiny|100/100
|move|p2a: Earfquake|Brick Break|p1a: Big bad boy
|-resisted|p1a: Big bad boy
|-damage|p1a: Big bad boy|89/100
|
|upkeep
|turn|9
|
|t:|1760387902
|switch|p2a: Birb|Corviknight, F|77/100
|-terastallize|p1a: Big bad boy|Normal
|move|p1a: Big bad boy|Extreme Speed|p2a: Birb
|-resisted|p2a: Birb
|-damage|p2a: Birb|49/100
|
|upkeep
|turn|10
|
|t:|1760387921
|switch|p1a: King|Kingambit, F, shiny|76/100
|move|p2a: Birb|Roost|p2a: Birb
|-heal|p2a: Birb|99/100
|-singleturn|p2a: Birb|move: Roost
|
|upkeep
|turn|11
|
|t:|1760387932
|move|p1a: King|Brick Break|p2a: Birb
|-damage|p2a: Birb|74/100
|move|p2a: Birb|Defog|p1a: King
|-unboost|p1a: King|evasion|1
|
|upkeep
|turn|12
|
|t:|1760387941
|switch|p2a: Earfquake|Landorus-Therian, M|100/100
|-ability|p2a: Earfquake|Intimidate|boost
|-unboost|p1a: King|atk|1
|move|p1a: King|Brick Break|p2a: Earfquake
|-resisted|p2a: Earfquake
|-damage|p2a: Earfquake|89/100
|
|upkeep
|turn|13
|
|t:|1760387952
|-end|p1a: King|fallenundefined|[silent]
|switch|p1a: Big bad boy|Dragonite, F, shiny, tera:Normal|89/100
|move|p2a: Earfquake|Earthquake|p1a: Big bad boy
|-damage|p1a: Big bad boy|0 fnt
|faint|p1a: Big bad boy
|
|upkeep
|
|t:|1760387960
|switch|p1a: Shrek|Ogerpon-Wellspring, F|100/100
|turn|14
|
|t:|1760387968
|switch|p2a: LET'S GO GAMBLING|Raging Bolt|100/100
|move|p1a: Shrek|Ivy Cudgel|p2a: LET'S GO GAMBLING|[anim] Ivy Cudgel Water
|-resisted|p2a: LET'S GO GAMBLING
|-damage|p2a: LET'S GO GAMBLING|74/100
|
|-heal|p2a: LET'S GO GAMBLING|81/100|[from] item: Leftovers
|upkeep
|turn|15
|
|t:|1760387986
|switch|p1a: King|Kingambit, F, shiny|76/100
|-activate|p1a: King|ability: Supreme Overlord
|-start|p1a: King|fallen1|[silent]
|move|p2a: LET'S GO GAMBLING|Discharge|p1a: King
|-damage|p1a: King|21/100
|
|-heal|p2a: LET'S GO GAMBLING|87/100|[from] item: Leftovers
|upkeep
|turn|16
|
|t:|1760387998
|move|p1a: King|Kowtow Cleave|p2a: LET'S GO GAMBLING
|-damage|p2a: LET'S GO GAMBLING|40/100
|move|p2a: LET'S GO GAMBLING|Discharge|p1a: King
|-damage|p1a: King|0 fnt
|faint|p1a: King
|-end|p1a: King|fallen1|[silent]
|
|-heal|p2a: LET'S GO GAMBLING|46/100|[from] item: Leftovers
|upkeep
|
|t:|1760388011
|switch|p1a: Big hands|Scizor, F, shiny|100/100
|turn|17
|
|t:|1760388017
|-end|p2a: LET'S GO GAMBLING|Protosynthesis|[silent]
|switch|p2a: Nuke|Heatran, F|89/100
|move|p1a: Big hands|Bullet Punch|p2a: Nuke
|-resisted|p2a: Nuke
|-damage|p2a: Nuke|76/100
|
|upkeep
|turn|18
|
|t:|1760388027
|switch|p1a: Nika|Alomomola, F, shiny|84/100
|move|p2a: Nuke|Fire Blast|p1a: Nika
|-resisted|p1a: Nika
|-damage|p1a: Nika|39/100
|
|upkeep
|turn|19
|
|t:|1760388035
|move|p2a: Nuke|Fire Blast|p1a: Nika
|-resisted|p1a: Nika
|-damage|p1a: Nika|0 fnt
|faint|p1a: Nika
|
|upkeep
|
|t:|1760388041
|switch|p1a: Monke|Rillaboom, F|100/100
|-fieldstart|move: Grassy Terrain|[from] ability: Grassy Surge|[of] p1a: Monke
|turn|20
|
|t:|1760388049
|move|p1a: Monke|Fake Out|p2a: Nuke
|-resisted|p2a: Nuke
|-damage|p2a: Nuke|69/100
|cant|p2a: Nuke|flinch
|
|-heal|p2a: Nuke|75/100|[from] Grassy Terrain
|upkeep
|turn|21
|
|t:|1760388057
|move|p2a: Nuke|Fire Blast|p1a: Monke
|-supereffective|p1a: Monke
|-damage|p1a: Monke|0 fnt
|faint|p1a: Monke
|
|-heal|p2a: Nuke|82/100|[from] Grassy Terrain
|upkeep
|
|t:|1760388064
|switch|p1a: Shrek|Ogerpon-Wellspring, F|100/100
|turn|22
|
|t:|1760388073
|-terastallize|p2a: Nuke|Grass
|move|p1a: Shrek|Ivy Cudgel|p2a: Nuke|[anim] Ivy Cudgel Water
|-resisted|p2a: Nuke
|-damage|p2a: Nuke|47/100
|move|p2a: Nuke|Fire Blast|p1a: Shrek
|-damage|p1a: Shrek|8/100
|
|-heal|p1a: Shrek|14/100|[from] Grassy Terrain
|-heal|p2a: Nuke|54/100|[from] Grassy Terrain
|upkeep
|turn|23
|
|t:|1760388085
|move|p1a: Shrek|Ivy Cudgel|p2a: Nuke|[anim] Ivy Cudgel Water
|-resisted|p2a: Nuke
|-damage|p2a: Nuke|19/100
|move|p2a: Nuke|Fire Blast|p1a: Shrek|[miss]
|-miss|p2a: Nuke|p1a: Shrek
|
|-heal|p1a: Shrek|20/100|[from] Grassy Terrain
|-heal|p2a: Nuke|25/100|[from] Grassy Terrain
|upkeep
|turn|24
|
|t:|1760388095
|move|p1a: Shrek|Ivy Cudgel|p2a: Nuke|[anim] Ivy Cudgel Water
|-resisted|p2a: Nuke
|-damage|p2a: Nuke|0 fnt
|faint|p2a: Nuke
|
|-heal|p1a: Shrek|26/100|[from] Grassy Terrain
|-fieldend|move: Grassy Terrain
|upkeep
|
|t:|1760388112
|switch|p2a: Hax On Wrist|Haxorus, F|100/100
|-ability|p2a: Hax On Wrist|Mold Breaker
|turn|25
|
|t:|1760388119
|move|p2a: Hax On Wrist|Facade|p1a: Shrek
|-damage|p1a: Shrek|0 fnt
|faint|p1a: Shrek
|
|upkeep
|
|t:|1760388123
|switch|p1a: Big hands|Scizor, F, shiny|100/100
|turn|26
|
|t:|1760388127
|switch|p2a: Earfquake|Landorus-Therian, M|89/100
|-ability|p2a: Earfquake|Intimidate|boost
|-unboost|p1a: Big hands|atk|1
|move|p1a: Big hands|Bullet Punch|p2a: Earfquake
|-damage|p2a: Earfquake|52/100
|
|upkeep
|turn|27
|
|t:|1760388136
|move|p1a: Big hands|Bullet Punch|p2a: Earfquake
|-damage|p2a: Earfquake|13/100
|move|p2a: Earfquake|Earthquake|p1a: Big hands
|-damage|p1a: Big hands|0 fnt
|faint|p1a: Big hands
|
|win|lockheedmarlin
|raw|Arianiaaaa's rating: 1122 &rarr; <strong>1094</strong><br />(-28 for losing)
|raw|lockheedmarlin's rating: 1087 &rarr; <strong>1117</strong><br />(+30 for winning)
|l|☆Arianiaaaa
|player|p1|
