|j|☆HisokaG4
|j|☆TdbT
|t:|1760381271
|gametype|singles
|player|p1|HisokaG4|cyclist|1267
|player|p2|TdbT|scientist-gen4|1321
|gen|9
|tier|[Gen 9] OU
|rated|
|rule|HP Percentage Mod: HP is shown in percentages
|rule|Endless Battle Clause: Forcing endless battles is banned
|rule|Species Clause: Limit one of each Pokémon
|rule|OHKO Clause: OHKO moves are banned
|rule|Evasion Items Clause: Evasion items are banned
|rule|Evasion Moves Clause: Evasion moves are banned
|rule|Evasion Abilities Clause: Evasion abilities are banned
|rule|Sleep Moves Clause: Sleep-inducing moves are banned
|clearpoke
|poke|p1|Lapras, M|
|poke|p1|Ditto|
|poke|p1|Gardevoir, F|
|poke|p1|Hydreigon, M|
|poke|p1|Tauros-Paldea-Blaze, M|
|poke|p1|Forretress, M|
|poke|p2|Lokix, F|
|poke|p2|Cinderace, F|
|poke|p2|Great Tusk|
|poke|p2|Alomomola, F|
|poke|p2|Enamorus, F|
|poke|p2|Slowking-Galar, F|
|teampreview
|inactive|Battle timer is ON: inactive players will automatically lose when time's up. (requested by TdbT)
|
|t:|1760381285
|teamsize|p1|6
|teamsize|p2|6
|start
|switch|p1a: ReiGeladoG4|Lapras, M|100/100
|switch|p2a: Cinderace|Cinderace, F|100/100
|turn|1
|
|t:|1760381294
|move|p2a: Cinderace|U-turn|p1a: ReiGeladoG4
|-damage|p1a: ReiGeladoG4|90/100
|
|t:|1760381296
|switch|p2a: Alomomola|Alomomola, F|100/100|[from] U-turn
|move|p1a: ReiGeladoG4|Surf|p2a: Alomomola
|-resisted|p2a: Alomomola
|-damage|p2a: Alomomola|94/100
|
|upkeep
|turn|2
|
|t:|1760381306
|move|p1a: ReiGeladoG4|Freeze-Dry|p2a: Alomomola
|-supereffective|p2a: Alomomola
|-damage|p2a: Alomomola|74/100
|move|p2a: Alomomola|Flip Turn|p1a: ReiGeladoG4
|-heal|p1a: ReiGeladoG4|100/100|[from] ability: Water Absorb|[of] p2a: Alomomola
|
|upkeep
|turn|3
|
|t:|1760381316
|move|p1a: ReiGeladoG4|Freeze-Dry|p2a: Alomomola
|-supereffective|p2a: Alomomola
|-damage|p2a: Alomomola|52/100
|move|p2a: Alomomola|Mirror Coat|p1a: ReiGeladoG4
|-damage|p1a: ReiGeladoG4|51/100
|
|upkeep
|turn|4
|
|t:|1760381325
|switch|p1a: Estagiario2.G4|Forretress, M|100/100
|move|p2a: Alomomola|Mirror Coat||[still]
|-fail|p2a: Alomomola
|
|upkeep
|turn|5
|
|t:|1760381336
|move|p2a: Alomomola|Flip Turn|p1a: Estagiario2.G4
|-damage|p1a: Estagiario2.G4|90/100
|-enditem|p1a: Estagiario2.G4|Red Card|[of] p2a: Alomomola
|drag|p2a: Great Tusk|Great Tusk|100/100
|move|p1a: Estagiario2.G4|Stealth Rock|p2a: Great Tusk
|-sidestart|p2: TdbT|move: Stealth Rock
|
|upkeep
|turn|6
|
|t:|1760381353
|-terastallize|p1a: Estagiario2.G4|Ghost
|move|p2a: Great Tusk|Bulk Up|p2a: Great Tusk
|-boost|p2a: Great Tusk|atk|1
|-boost|p2a: Great Tusk|def|1
|move|p1a: Estagiario2.G4|Spikes|p2a: Great Tusk
|-sidestart|p2: TdbT|Spikes
|
|upkeep
|turn|7
|
|t:|1760381383
|move|p2a: Great Tusk|Bulk Up|p2a: Great Tusk
|-boost|p2a: Great Tusk|atk|1
|-boost|p2a: Great Tusk|def|1
|move|p1a: Estagiario2.G4|Spikes|p2a: Great Tusk
|-sidestart|p2: TdbT|Spikes
|
|upkeep
|turn|8
|
|t:|1760381392
|move|p2a: Great Tusk|Earthquake|p1a: Estagiario2.G4
|-crit|p1a: Estagiario2.G4
|-damage|p1a: Estagiario2.G4|17/100
|move|p1a: Estagiario2.G4|Spikes|p2a: Great Tusk
|-sidestart|p2: TdbT|Spikes
|
|upkeep
|turn|9
|
|t:|1760381402
|switch|p1a: CerberosG4|Hydreigon, M, shiny|100/100
|move|p2a: Great Tusk|Bulk Up|p2a: Great Tusk
|-boost|p2a: Great Tusk|atk|1
|-boost|p2a: Great Tusk|def|1
|
|upkeep
|turn|10
|
|t:|1760381416
|switch|p1a: Estagiario2.G4|Forretress, M, tera:Ghost|17/100
|move|p2a: Great Tusk|Rapid Spin|p1a: Estagiario2.G4
|-immune|p1a: Estagiario2.G4
|
|upkeep
|turn|11
|
|t:|1760381434
|move|p2a: Great Tusk|Bulk Up|p2a: Great Tusk
|-boost|p2a: Great Tusk|atk|1
|-boost|p2a: Great Tusk|def|1
|move|p1a: Estagiario2.G4|Toxic Spikes|p2a: Great Tusk
|-sidestart|p2: TdbT|move: Toxic Spikes
|
|upkeep
|turn|12
|
|t:|1760381442
|move|p2a: Great Tusk|Bulk Up|p2a: Great Tusk
|-boost|p2a: Great Tusk|atk|1
|-boost|p2a: Great Tusk|def|1
|move|p1a: Estagiario2.G4|Toxic Spikes|p2a: Great Tusk
|-sidestart|p2: TdbT|move: Toxic Spikes
|
|upkeep
|turn|13
|
|t:|1760381453
|move|p2a: Great Tusk|Rapid Spin|p1a: Estagiario2.G4
|-immune|p1a: Estagiario2.G4
|move|p1a: Estagiario2.G4|Rapid Spin|p2a: Great Tusk
|-damage|p2a: Great Tusk|99/100
|-boost|p1a: Estagiario2.G4|spe|1
|
|-heal|p2a: Great Tusk|100/100|[from] item: Leftovers
|upkeep
|turn|14
|
|t:|1760381482
|move|p2a: Great Tusk|Bulk Up|p2a: Great Tusk
|-boost|p2a: Great Tusk|atk|1
|-boost|p2a: Great Tusk|def|1
|move|p1a: Estagiario2.G4|Rapid Spin|p2a: Great Tusk
|-damage|p2a: Great Tusk|99/100
|-boost|p1a: Estagiario2.G4|spe|1
|
|-heal|p2a: Great Tusk|100/100|[from] item: Leftovers
|upkeep
|turn|15
|
|t:|1760381493
|move|p2a: Great Tusk|Rapid Spin|p1a: Estagiario2.G4
|-immune|p1a: Estagiario2.G4
|move|p1a: Estagiario2.G4|Rapid Spin|p2a: Great Tusk
|-damage|p2a: Great Tusk|99/100
|-boost|p1a: Estagiario2.G4|spe|1
|
|-heal|p2a: Great Tusk|100/100|[from] item: Leftovers
|upkeep
|turn|16
|
|t:|1760381503
|move|p1a: Estagiario2.G4|Rapid Spin|p2a: Great Tusk
|-damage|p2a: Great Tusk|99/100
|-boost|p1a: Estagiario2.G4|spe|1
|move|p2a: Great Tusk|Earthquake|p1a: Estagiario2.G4
|-damage|p1a: Estagiario2.G4|0 fnt
|faint|p1a: Estagiario2.G4
|
|-heal|p2a: Great Tusk|100/100|[from] item: Leftovers
|upkeep
|inactive|HisokaG4 has 120 seconds left.
|
|t:|1760381516
|switch|p1a: DivaNegraG4|Gardevoir, F, shiny|100/100
|turn|17
|
|t:|1760381520
|move|p1a: DivaNegraG4|Psychic|p2a: Great Tusk
|-supereffective|p2a: Great Tusk
|-damage|p2a: Great Tusk|0 fnt
|faint|p2a: Great Tusk
|-end|p2a: Great Tusk|Protosynthesis|[silent]
|-damage|p1a: DivaNegraG4|91/100|[from] item: Life Orb
|
|upkeep
|
|t:|1760381535
|switch|p2a: Cinderace|Cinderace, F|100/100
|-ability|p1a: DivaNegraG4|Blaze|Trace|[from] ability: Trace|[of] p2a: Cinderace
|turn|18
|
|t:|1760381540
|move|p2a: Cinderace|Court Change|p2a: Cinderace
|-swapsideconditions
|-activate|p2a: Cinderace|move: Court Change
|move|p1a: DivaNegraG4|Psychic|p2a: Cinderace
|-damage|p2a: Cinderace|23/100
|-damage|p1a: DivaNegraG4|81/100|[from] item: Life Orb
|
|upkeep
|turn|19
|
|t:|1760381550
|switch|p1a: InvejaG4|Ditto|100/100
|-damage|p1a: InvejaG4|88/100|[from] Stealth Rock
|-damage|p1a: InvejaG4|63/100|[from] Spikes
|-status|p1a: InvejaG4|tox
|-transform|p1a: InvejaG4|p2a: Cinderace|[from] ability: Imposter
|move|p2a: Cinderace|U-turn|p1a: InvejaG4
|-resisted|p1a: InvejaG4
|-damage|p1a: InvejaG4|49/100 tox
|
|t:|1760381561
|switch|p2a: Lokix|Lokix, F|100/100|[from] U-turn
|
|-damage|p1a: InvejaG4|43/100 tox|[from] psn
|upkeep
|turn|20
|
|t:|1760381573
|-terastallize|p2a: Lokix|Bug
|move|p2a: Lokix|First Impression|p1a: InvejaG4
|-resisted|p1a: InvejaG4
|-damage|p1a: InvejaG4|0 fnt
|faint|p1a: InvejaG4
|
|upkeep
|
|t:|1760381588
|switch|p1a: CerberosG4|Hydreigon, M, shiny|100/100
|-damage|p1a: CerberosG4|88/100|[from] Stealth Rock
|turn|21
|
|t:|1760381595
|switch|p2a: Alomomola|Alomomola, F|86/100
|move|p1a: CerberosG4|Flamethrower|p2a: Alomomola
|-resisted|p2a: Alomomola
|-damage|p2a: Alomomola|78/100
|
|-heal|p1a: CerberosG4|94/100|[from] item: Leftovers
|upkeep
|turn|22
|
|t:|1760381605
|move|p1a: CerberosG4|Substitute|p1a: CerberosG4
|-start|p1a: CerberosG4|Substitute
|-damage|p1a: CerberosG4|70/100
|move|p2a: Alomomola|Flip Turn|p1a: CerberosG4
|-resisted|p1a: CerberosG4
|-activate|p1a: CerberosG4|move: Substitute|[damage]
|
|t:|1760381609
|switch|p2a: Enamorus|Enamorus, F|100/100|[from] Flip Turn
|
|-heal|p1a: CerberosG4|76/100|[from] item: Leftovers
|upkeep
|turn|23
|
|t:|1760381619
|move|p2a: Enamorus|Moonblast|p1a: CerberosG4
|-supereffective|p1a: CerberosG4
|-end|p1a: CerberosG4|Substitute
|move|p1a: CerberosG4|Flamethrower|p2a: Enamorus
|-damage|p2a: Enamorus|57/100
|
|-heal|p1a: CerberosG4|82/100|[from] item: Leftovers
|upkeep
|turn|24
|
|t:|1760381633
|switch|p1a: ReiGeladoG4|Lapras, M|51/100
|-damage|p1a: ReiGeladoG4|26/100|[from] Stealth Rock
|-damage|p1a: ReiGeladoG4|1/100|[from] Spikes
|-status|p1a: ReiGeladoG4|tox
|move|p2a: Enamorus|Moonblast|p1a: ReiGeladoG4
|-damage|p1a: ReiGeladoG4|0 fnt
|faint|p1a: ReiGeladoG4
|
|upkeep
|
|t:|1760381645
|switch|p1a: Estagiario1.G4|Tauros-Paldea-Blaze, M|100/100
|-damage|p1a: Estagiario1.G4|88/100|[from] Stealth Rock
|-damage|p1a: Estagiario1.G4|63/100|[from] Spikes
|-status|p1a: Estagiario1.G4|tox
|-ability|p1a: Estagiario1.G4|Intimidate|boost
|-boost|p2a: Enamorus|atk|1
|turn|25
|
|t:|1760381655
|move|p2a: Enamorus|Moonblast|p1a: Estagiario1.G4
|-damage|p1a: Estagiario1.G4|0 fnt
|faint|p1a: Estagiario1.G4
|
|upkeep
|-message|HisokaG4 forfeited.
|
|win|TdbT
|raw|HisokaG4's rating: 1267 &rarr; <strong>1246</strong><br />(-21 for losing)
|raw|TdbT's rating: 1321 &rarr; <strong>1338</strong><br />(+17 for winning)
|c|☆TdbT|gg
|l|☆HisokaG4
|player|p1|
|l|☆TdbT
|player|p2|
