|j|☆Mrtable00
|j|☆ShadowAdjutant
|t:|1760343838
|gametype|singles
|player|p1|Mrtable00|169|1122
|player|p2|ShadowAdjutant|dawn-gen4pt|1080
|gen|9
|tier|[Gen 9] OU
|rated|
|rule|HP Percentage Mod: HP is shown in percentages
|rule|Endless Battle Clause: Forcing endless battles is banned
|rule|Species Clause: Limit one of each Pokémon
|rule|OHKO Clause: OHKO moves are banned
|rule|Evasion Items Clause: Evasion items are banned
|rule|Evasion Moves Clause: Evasion moves are banned
|rule|Evasion Abilities Clause: Evasion abilities are banned
|rule|Sleep Moves Clause: Sleep-inducing moves are banned
|clearpoke
|poke|p1|Torkoal, F|
|poke|p1|Exeggutor-Alola, F|
|poke|p1|Arcanine-Hisui, M|
|poke|p1|Ludicolo, M|
|poke|p1|Venusaur, F|
|poke|p1|Rabsca, F|
|poke|p2|Ceruledge, F|
|poke|p2|Iron Valiant|
|poke|p2|Pachirisu, F|
|poke|p2|Garchomp, F|
|poke|p2|Samurott-Hisui, M|
|poke|p2|Frosmoth, F|
|teampreview
|
|t:|1760343845
|teamsize|p1|6
|teamsize|p2|6
|start
|switch|p1a: Torkoal|Torkoal, F|100/100
|switch|p2a: Pachirisu|Pachirisu, F|100/100
|-weather|SunnyDay|[from] ability: Drought|[of] p1a: Torkoal
|turn|1
|
|t:|1760343853
|move|p2a: Pachirisu|Nuzzle|p1a: Torkoal
|-damage|p1a: Torkoal|98/100
|-status|p1a: Torkoal|par
|cant|p1a: Torkoal|par
|
|-weather|SunnyDay|[upkeep]
|upkeep
|turn|2
|
|t:|1760343861
|move|p2a: Pachirisu|U-turn|p1a: Torkoal
|-resisted|p1a: Torkoal
|-damage|p1a: Torkoal|96/100 par
|
|t:|1760343865
|switch|p2a: Samurott|Samurott-Hisui, M, shiny|100/100|[from] U-turn
|move|p1a: Torkoal|Stealth Rock|p2a: Samurott
|-sidestart|p2: ShadowAdjutant|move: Stealth Rock
|
|-weather|SunnyDay|[upkeep]
|upkeep
|turn|3
|
|t:|1760343873
|switch|p1a: Exeggutor|Exeggutor-Alola, F|100/100
|move|p2a: Samurott|Aqua Cutter|p1a: Exeggutor
|-resisted|p1a: Exeggutor
|-damage|p1a: Exeggutor|96/100
|
|-weather|SunnyDay|[upkeep]
|upkeep
|turn|4
|
|t:|1760343882
|move|p2a: Samurott|Snowscape|p2a: Samurott
|-weather|Snowscape
|move|p1a: Exeggutor|Growth|p1a: Exeggutor
|-boost|p1a: Exeggutor|atk|1
|-boost|p1a: Exeggutor|spa|1
|
|-weather|Snowscape|[upkeep]
|upkeep
|turn|5
|
|t:|1760343891
|move|p2a: Samurott|Ceaseless Edge|p1a: Exeggutor
|-damage|p1a: Exeggutor|54/100
|-sidestart|p1: Mrtable00|Spikes
|move|p1a: Exeggutor|Energy Ball|p2a: Samurott
|-supereffective|p2a: Samurott
|-damage|p2a: Samurott|0 fnt
|faint|p2a: Samurott
|
|-weather|Snowscape|[upkeep]
|upkeep
|
|t:|1760343900
|switch|p2a: Frosmoth|Frosmoth, F, shiny|100/100
|turn|6
|
|t:|1760343908
|switch|p1a: Torkoal|Torkoal, F|96/100 par
|-damage|p1a: Torkoal|83/100 par|[from] Spikes
|-weather|SunnyDay|[from] ability: Drought|[of] p1a: Torkoal
|move|p2a: Frosmoth|Quiver Dance|p2a: Frosmoth
|-boost|p2a: Frosmoth|spa|1
|-boost|p2a: Frosmoth|spd|1
|-boost|p2a: Frosmoth|spe|1
|
|-weather|SunnyDay|[upkeep]
|upkeep
|turn|7
|
|t:|1760343920
|move|p2a: Frosmoth|Defog|p1a: Torkoal
|-unboost|p1a: Torkoal|evasion|1
|-sideend|p1: Mrtable00|Spikes|[from] move: Defog|[of] p2a: Frosmoth
|-sideend|p2: ShadowAdjutant|Stealth Rock|[from] move: Defog|[of] p2a: Frosmoth
|move|p1a: Torkoal|Rapid Spin|p2a: Frosmoth
|-damage|p2a: Frosmoth|83/100
|-boost|p1a: Torkoal|spe|1
|
|-weather|SunnyDay|[upkeep]
|upkeep
|turn|8
|
|t:|1760343932
|switch|p2a: Pachirisu|Pachirisu, F|100/100
|move|p1a: Torkoal|Lava Plume|p2a: Pachirisu
|-damage|p2a: Pachirisu|59/100
|
|-weather|SunnyDay|[upkeep]
|upkeep
|turn|9
|
|t:|1760343939
|move|p2a: Pachirisu|Nuzzle|p1a: Torkoal
|-damage|p1a: Torkoal|80/100 par
|move|p1a: Torkoal|Stealth Rock|p2a: Pachirisu
|-sidestart|p2: ShadowAdjutant|move: Stealth Rock
|
|-weather|SunnyDay|[upkeep]
|upkeep
|turn|10
|
|t:|1760343949
|move|p2a: Pachirisu|Super Fang|p1a: Torkoal
|-damage|p1a: Torkoal|40/100 par
|move|p1a: Torkoal|Will-O-Wisp|p2a: Pachirisu
|-status|p2a: Pachirisu|brn
|
|-weather|SunnyDay|[upkeep]
|-damage|p2a: Pachirisu|53/100 brn|[from] brn
|upkeep
|turn|11
|
|t:|1760343971
|switch|p1a: Venusaur|Venusaur, F|100/100
|move|p2a: Pachirisu|U-turn|p1a: Venusaur
|-damage|p1a: Venusaur|95/100
|
|t:|1760343993
|switch|p2a: Iron Valiant|Iron Valiant|100/100|[from] U-turn
|-damage|p2a: Iron Valiant|94/100|[from] Stealth Rock
|-enditem|p2a: Iron Valiant|Booster Energy
|-activate|p2a: Iron Valiant|ability: Quark Drive|[fromitem]
|-start|p2a: Iron Valiant|quarkdriveatk
|
|-weather|SunnyDay|[upkeep]
|upkeep
|turn|12
|
|t:|1760344002
|move|p1a: Venusaur|Sludge Bomb|p2a: Iron Valiant
|-supereffective|p2a: Iron Valiant
|-damage|p2a: Iron Valiant|0 fnt
|faint|p2a: Iron Valiant
|-end|p2a: Iron Valiant|Quark Drive|[silent]
|-damage|p1a: Venusaur|85/100|[from] item: Life Orb
|
|-weather|SunnyDay|[upkeep]
|upkeep
|
|t:|1760344010
|switch|p2a: Garchomp|Garchomp, F|100/100
|-damage|p2a: Garchomp|94/100|[from] Stealth Rock
|turn|13
|
|t:|1760344020
|move|p1a: Venusaur|Growth|p1a: Venusaur
|-boost|p1a: Venusaur|atk|2
|-boost|p1a: Venusaur|spa|2
|move|p2a: Garchomp|Flamethrower|p1a: Venusaur
|-supereffective|p1a: Venusaur
|-damage|p1a: Venusaur|0 fnt
|faint|p1a: Venusaur
|
|-weather|none
|upkeep
|
|t:|1760344032
|switch|p1a: Ludicolo|Ludicolo, M|100/100
|turn|14
|
|t:|1760344042
|move|p2a: Garchomp|Dragon Pulse|p1a: Ludicolo
|-damage|p1a: Ludicolo|77/100
|move|p1a: Ludicolo|Sunny Day|p1a: Ludicolo
|-weather|SunnyDay
|
|-weather|SunnyDay|[upkeep]
|upkeep
|turn|15
|
|t:|1760344050
|move|p2a: Garchomp|Scorching Sands|p1a: Ludicolo
|-resisted|p1a: Ludicolo
|-damage|p1a: Ludicolo|67/100
|move|p1a: Ludicolo|Surf|p2a: Garchomp
|-damage|p2a: Garchomp|85/100
|
|-weather|SunnyDay|[upkeep]
|upkeep
|turn|16
|
|t:|1760344059
|move|p2a: Garchomp|Dragon Pulse|p1a: Ludicolo
|-damage|p1a: Ludicolo|39/100
|move|p1a: Ludicolo|Giga Drain|p2a: Garchomp
|-damage|p2a: Garchomp|70/100
|-heal|p1a: Ludicolo|48/100|[from] drain|[of] p2a: Garchomp
|
|-weather|SunnyDay|[upkeep]
|upkeep
|turn|17
|
|t:|1760344076
|switch|p1a: Torkoal|Torkoal, F|40/100 par
|move|p2a: Garchomp|Dragon Pulse|p1a: Torkoal
|-damage|p1a: Torkoal|0 fnt
|faint|p1a: Torkoal
|
|-weather|SunnyDay|[upkeep]
|upkeep
|
|t:|1760344083
|switch|p1a: Exeggutor|Exeggutor-Alola, F|54/100
|turn|18
|
|t:|1760344087
|move|p1a: Exeggutor|Endure|p1a: Exeggutor
|-singleturn|p1a: Exeggutor|move: Endure
|move|p2a: Garchomp|Flamethrower|p1a: Exeggutor
|-damage|p1a: Exeggutor|14/100
|
|-weather|SunnyDay|[upkeep]
|upkeep
|turn|19
|-enditem|p1a: Exeggutor|Custap Berry|[eat]
|-activate|p1a: Exeggutor|item: Custap Berry|[consumed]
|
|t:|1760344093
|move|p1a: Exeggutor|Dragon Pulse|p2a: Garchomp
|-supereffective|p2a: Garchomp
|-damage|p2a: Garchomp|14/100
|move|p2a: Garchomp|Flamethrower|p1a: Exeggutor
|-damage|p1a: Exeggutor|0 fnt
|faint|p1a: Exeggutor
|
|-weather|SunnyDay|[upkeep]
|upkeep
|-message|Mrtable00 forfeited.
|
|win|ShadowAdjutant
|raw|Mrtable00's rating: 1122 &rarr; <strong>1094</strong><br />(-28 for losing)
|raw|ShadowAdjutant's rating: 1080 &rarr; <strong>1111</strong><br />(+31 for winning)
|l|☆Mrtable00
|player|p1|
