|j|☆Aaron's lime
|j|☆acespec23
|t:|1760409930
|gametype|singles
|player|p1|Aaron's lime|170|1095
|player|p2|acespec23|2|1152
|gen|9
|tier|[Gen 9] OU
|rated|
|rule|HP Percentage Mod: HP is shown in percentages
|rule|Endless Battle Clause: Forcing endless battles is banned
|rule|Species Clause: Limit one of each Pokémon
|rule|OHKO Clause: OHKO moves are banned
|rule|Evasion Items Clause: Evasion items are banned
|rule|Evasion Moves Clause: Evasion moves are banned
|rule|Evasion Abilities Clause: Evasion abilities are banned
|rule|Sleep Moves Clause: Sleep-inducing moves are banned
|clearpoke
|poke|p1|Polteageist|
|poke|p1|Ditto|
|poke|p1|Donphan, L1, F|
|poke|p1|Corviknight, M|
|poke|p1|Numel, M|
|poke|p1|Deoxys-Defense|
|poke|p2|Torkoal, F|
|poke|p2|Hatterene, F|
|poke|p2|Raging Bolt|
|poke|p2|Slither Wing|
|poke|p2|Venusaur, F|
|poke|p2|Walking Wake|
|teampreview
|
|t:|1760409943
|teamsize|p1|6
|teamsize|p2|6
|start
|switch|p1a: Numel|Numel, M|100/100
|switch|p2a: Torkoal|Torkoal, F|100/100
|-weather|SunnyDay|[from] ability: Drought|[of] p2a: Torkoal
|turn|1
|
|t:|1760409959
|switch|p2a: Walking Wake|Walking Wake|100/100
|-activate|p2a: Walking Wake|ability: Protosynthesis
|-start|p2a: Walking Wake|protosynthesisspe
|move|p1a: Numel|Curse|p1a: Numel
|-unboost|p1a: Numel|spe|2
|-boost|p1a: Numel|atk|2
|-boost|p1a: Numel|def|2
|
|-weather|SunnyDay|[upkeep]
|upkeep
|turn|2
|
|t:|1760409980
|move|p2a: Walking Wake|Hydro Steam|p1a: Numel
|-supereffective|p1a: Numel
|-enditem|p1a: Numel|Focus Sash
|-damage|p1a: Numel|1/100
|move|p1a: Numel|Body Press|p2a: Walking Wake
|-damage|p2a: Walking Wake|81/100
|
|-weather|SunnyDay|[upkeep]
|upkeep
|turn|3
|
|t:|1760409993
|move|p2a: Walking Wake|Weather Ball|p1a: Numel
|-resisted|p1a: Numel
|-damage|p1a: Numel|0 fnt
|faint|p1a: Numel
|
|-weather|SunnyDay|[upkeep]
|upkeep
|
|t:|1760409999
|switch|p1a: Donphan|Donphan, L1, F|100/100
|turn|4
|
|t:|1760410024
|move|p2a: Walking Wake|Flip Turn|p1a: Donphan
|-supereffective|p1a: Donphan
|-ability|p1a: Donphan|Sturdy
|-damage|p1a: Donphan|8/100
|
|t:|1760410031
|-end|p2a: Walking Wake|Protosynthesis|[silent]
|switch|p2a: Venusaur|Venusaur, F|100/100|[from] Flip Turn
|move|p1a: Donphan|Endeavor|p2a: Venusaur
|-damage|p2a: Venusaur|1/100
|-heal|p1a: Donphan|100/100|[from] item: Shell Bell|[of] p2a: Venusaur
|
|-weather|SunnyDay|[upkeep]
|upkeep
|turn|5
|-message|Aaron's lime forfeited.
|
|win|acespec23
|raw|Aaron&apos;s lime's rating: 1095 &rarr; <strong>1075</strong><br />(-20 for losing)
|raw|acespec23's rating: 1152 &rarr; <strong>1173</strong><br />(+21 for winning)
|l|☆Aaron's lime
|player|p1|
