|j|☆kinsword
|j|☆Princessjosie1001!
|t:|1760449290
|gametype|singles
|player|p1|kinsword|2|1490
|player|p2|Princessjosie1001!|nurse|1487
|gen|9
|tier|[Gen 9] OU
|rated|
|rule|HP Percentage Mod: HP is shown in percentages
|rule|Endless Battle Clause: Forcing endless battles is banned
|rule|Species Clause: Limit one of each Pokémon
|rule|OHKO Clause: OHKO moves are banned
|rule|Evasion Items Clause: Evasion items are banned
|rule|Evasion Moves Clause: Evasion moves are banned
|rule|Evasion Abilities Clause: Evasion abilities are banned
|rule|Sleep Moves Clause: Sleep-inducing moves are banned
|clearpoke
|poke|p1|Dudunsparce-*, M|
|poke|p1|Greninja-*, F|
|poke|p1|Skarmory, F|
|poke|p1|Iron Treads|
|poke|p1|Fezandipiti, M|
|poke|p1|Haxorus, F|
|poke|p2|Yanmega, M|
|poke|p2|Cloyster, F|
|poke|p2|Salazzle, F|
|poke|p2|Espeon, M|
|poke|p2|Jirachi|
|poke|p2|Maushold-Four|
|teampreview
|inactive|Battle timer is ON: inactive players will automatically lose when time's up. (requested by kinsword)
|
|t:|1760449306
|teamsize|p1|6
|teamsize|p2|6
|start
|switch|p1a: Dudunsparce|Dudunsparce-Three-Segment, M|100/100
|switch|p2a: Jirachi|Jirachi|100/100
|turn|1
|
|t:|1760449315
|switch|p2a: No hazard allowed|Espeon, M|100/100
|move|p1a: Dudunsparce|Glare|p2a: No hazard allowed
|move|p2a: No hazard allowed|Glare|p1a: Dudunsparce|[from] ability: Magic Bounce
|-status|p1a: Dudunsparce|par
|
|upkeep
|turn|2
|
|t:|1760449324
|move|p2a: No hazard allowed|Trick|p1a: Dudunsparce
|-activate|p2a: No hazard allowed|move: Trick|[of] p1a: Dudunsparce
|-item|p1a: Dudunsparce|Choice Scarf|[from] move: Trick
|-item|p2a: No hazard allowed|Leftovers|[from] move: Trick
|move|p1a: Dudunsparce|Shadow Ball|p2a: No hazard allowed
|-supereffective|p2a: No hazard allowed
|-damage|p2a: No hazard allowed|41/100
|
|-heal|p2a: No hazard allowed|47/100|[from] item: Leftovers
|upkeep
|turn|3
|
|t:|1760449334
|move|p2a: No hazard allowed|Psychic|p1a: Dudunsparce
|-damage|p1a: Dudunsparce|54/100 par
|-unboost|p1a: Dudunsparce|spd|1
|cant|p1a: Dudunsparce|par
|
|-heal|p2a: No hazard allowed|53/100|[from] item: Leftovers
|upkeep
|turn|4
|
|t:|1760449345
|switch|p1a: Greninja|Greninja, F|100/100
|move|p2a: No hazard allowed|Thunder Wave|p1a: Greninja
|-status|p1a: Greninja|par
|
|-heal|p2a: No hazard allowed|58/100|[from] item: Leftovers
|upkeep
|turn|5
|
|t:|1760449354
|move|p2a: No hazard allowed|Shadow Ball|p1a: Greninja
|-resisted|p1a: Greninja
|-damage|p1a: Greninja|75/100 par
|cant|p1a: Greninja|par
|
|-heal|p2a: No hazard allowed|64/100|[from] item: Leftovers
|upkeep
|turn|6
|
|t:|1760449362
|move|p2a: No hazard allowed|Shadow Ball|p1a: Greninja
|-resisted|p1a: Greninja
|-damage|p1a: Greninja|52/100 par
|move|p1a: Greninja|Dark Pulse|p2a: No hazard allowed
|-start|p1a: Greninja|typechange|Dark|[from] ability: Protean
|-supereffective|p2a: No hazard allowed
|-damage|p2a: No hazard allowed|0 fnt
|faint|p2a: No hazard allowed
|
|upkeep
|
|t:|1760449374
|switch|p2a: Jirachi|Jirachi|100/100
|turn|7
|
|t:|1760449378
|move|p2a: Jirachi|U-turn|p1a: Greninja
|-supereffective|p1a: Greninja
|-damage|p1a: Greninja|0 fnt
|faint|p1a: Greninja
|
|t:|1760449382
|switch|p2a: Yanmega|Yanmega, M|100/100|[from] U-turn
|
|upkeep
|
|t:|1760449391
|switch|p1a: Fezandipiti|Fezandipiti, M|100/100
|turn|8
|
|t:|1760449400
|move|p2a: Yanmega|Protect|p2a: Yanmega
|-singleturn|p2a: Yanmega|Protect
|move|p1a: Fezandipiti|Swords Dance|p1a: Fezandipiti
|-boost|p1a: Fezandipiti|atk|2
|
|-ability|p2a: Yanmega|Speed Boost|boost
|-boost|p2a: Yanmega|spe|1
|upkeep
|turn|9
|
|t:|1760449410
|move|p2a: Yanmega|Air Slash|p1a: Fezandipiti
|-damage|p1a: Fezandipiti|70/100
|-damage|p2a: Yanmega|91/100|[from] item: Life Orb
|move|p1a: Fezandipiti|Dual Wingbeat|p2a: Yanmega|[miss]
|-miss|p1a: Fezandipiti|p2a: Yanmega
|
|-heal|p1a: Fezandipiti|77/100|[from] item: Leftovers
|-ability|p2a: Yanmega|Speed Boost|boost
|-boost|p2a: Yanmega|spe|1
|upkeep
|turn|10
|inactive|kinsword has 120 seconds left.
|l|☆kinsword
|inactive|kinsword disconnected and has a minute to reconnect!
|player|p1|
|inactive|kinsword has 30 seconds to reconnect!
|inactive|kinsword has 20 seconds to reconnect!
|inactive|kinsword has 15 seconds to reconnect!
|inactive|kinsword has 10 seconds to reconnect!
|inactive|kinsword has 5 seconds to reconnect!
|-message|kinsword lost due to inactivity.
|
|win|Princessjosie1001!
|raw|kinsword's rating: 1490 &rarr; <strong>1470</strong><br />(-20 for losing)
|raw|Princessjosie1001!'s rating: 1487 &rarr; <strong>1507</strong><br />(+20 for winning)
|l|☆Princessjosie1001!
|player|p2|
