|j|☆TryinSome
|j|☆K-Pop-tassiumMan
|t:|1760449699
|gametype|singles
|player|p1|TryinSome|nate|1131
|player|p2|K-Pop-tassiumMan|blaine|1119
|gen|9
|tier|[Gen 9] OU
|rated|
|rule|HP Percentage Mod: HP is shown in percentages
|rule|Endless Battle Clause: Forcing endless battles is banned
|rule|Species Clause: Limit one of each Pokémon
|rule|OHKO Clause: OHKO moves are banned
|rule|Evasion Items Clause: Evasion items are banned
|rule|Evasion Moves Clause: Evasion moves are banned
|rule|Evasion Abilities Clause: Evasion abilities are banned
|rule|Sleep Moves Clause: Sleep-inducing moves are banned
|clearpoke
|poke|p1|Lycanroc-Dusk, M|
|poke|p1|Araquanid, M|
|poke|p1|Salamence, M|
|poke|p1|Toxtricity-Low-Key, M|
|poke|p1|Grimmsnarl, M|
|poke|p1|Magmortar, M|
|poke|p2|Maushold-Four|
|poke|p2|Grimmsnarl, M|
|poke|p2|Amoonguss, F|
|poke|p2|Gliscor, F|
|poke|p2|Gholdengo|
|poke|p2|Kingambit, F|
|teampreview
|inactive|Battle timer is ON: inactive players will automatically lose when time's up. (requested by K-Pop-tassiumMan)
|
|t:|1760449726
|teamsize|p1|6
|teamsize|p2|6
|start
|switch|p1a: Magmortar|Magmortar, M|100/100
|switch|p2a: Gliscor|Gliscor, F|100/100
|turn|1
|
|t:|1760449736
|-terastallize|p1a: Magmortar|Ice
|move|p2a: Gliscor|Earthquake|p1a: Magmortar
|-damage|p1a: Magmortar|51/100
|move|p1a: Magmortar|Tera Blast|p2a: Gliscor|[anim] Tera Blast Ice
|-supereffective|p2a: Gliscor
|-damage|p2a: Gliscor|0 fnt
|faint|p2a: Gliscor
|
|upkeep
|
|t:|1760449749
|switch|p2a: Maushold|Maushold-Four|100/100
|turn|2
|
|t:|1760449761
|switch|p1a: Araquanid|Araquanid, M, shiny|100/100
|move|p2a: Maushold|Tidy Up|p2a: Maushold
|-boost|p2a: Maushold|atk|1
|-boost|p2a: Maushold|spe|1
|
|upkeep
|turn|3
|
|t:|1760449766
|move|p2a: Maushold|Population Bomb|p1a: Araquanid
|-damage|p1a: Araquanid|83/100
|-damage|p1a: Araquanid|66/100
|-damage|p1a: Araquanid|49/100
|-damage|p1a: Araquanid|33/100
|-damage|p1a: Araquanid|15/100
|-damage|p1a: Araquanid|0 fnt
|faint|p1a: Araquanid
|-hitcount|p1: Araquanid|6
|
|upkeep
|
|t:|1760449774
|switch|p1a: Grimmsnarl|Grimmsnarl, M, shiny|100/100
|turn|4
|
|t:|1760449780
|move|p1a: Grimmsnarl|Reflect|p1a: Grimmsnarl
|-sidestart|p1: TryinSome|Reflect
|move|p2a: Maushold|Population Bomb|p1a: Grimmsnarl
|-damage|p1a: Grimmsnarl|93/100
|-damage|p1a: Grimmsnarl|84/100
|-damage|p1a: Grimmsnarl|76/100
|-crit|p1a: Grimmsnarl
|-damage|p1a: Grimmsnarl|50/100
|-damage|p1a: Grimmsnarl|42/100
|-damage|p1a: Grimmsnarl|34/100
|-damage|p1a: Grimmsnarl|26/100
|-damage|p1a: Grimmsnarl|18/100
|-damage|p1a: Grimmsnarl|10/100
|-damage|p1a: Grimmsnarl|1/100
|-hitcount|p1a: Grimmsnarl|10
|
|upkeep
|turn|5
|
|t:|1760449795
|move|p1a: Grimmsnarl|Parting Shot|p2a: Maushold
|-unboost|p2a: Maushold|atk|1
|-unboost|p2a: Maushold|spa|1
|
|t:|1760449814
|switch|p1a: Salamence|Salamence, M|100/100|[from] Parting Shot
|move|p2a: Maushold|Population Bomb|p1a: Salamence
|-damage|p1a: Salamence|94/100
|-damage|p1a: Salamence|88/100
|-damage|p1a: Salamence|81/100
|-damage|p1a: Salamence|75/100
|-damage|p1a: Salamence|67/100
|-damage|p1a: Salamence|60/100
|-damage|p1a: Salamence|53/100
|-damage|p1a: Salamence|46/100
|-damage|p1a: Salamence|39/100
|-damage|p1a: Salamence|32/100
|-hitcount|p1a: Salamence|10
|
|-heal|p1a: Salamence|38/100|[from] item: Leftovers
|upkeep
|turn|6
|
|t:|1760449831
|move|p2a: Maushold|Population Bomb|p1a: Salamence
|-damage|p1a: Salamence|32/100
|-damage|p1a: Salamence|25/100
|-damage|p1a: Salamence|19/100
|-damage|p1a: Salamence|12/100
|-damage|p1a: Salamence|5/100
|-damage|p1a: Salamence|0 fnt
|faint|p1a: Salamence
|-hitcount|p1: Salamence|6
|
|upkeep
|
|t:|1760449834
|switch|p1a: Lycanroc|Lycanroc-Dusk, M, shiny|100/100
|turn|7
|
|t:|1760449861
|switch|p2a: Gholdengo|Gholdengo|100/100
|move|p1a: Lycanroc|Close Combat|p2a: Gholdengo
|-immune|p2a: Gholdengo
|
|upkeep
|turn|8
|
|t:|1760449868
|switch|p1a: Grimmsnarl|Grimmsnarl, M, shiny|1/100
|move|p2a: Gholdengo|Make It Rain|p1a: Grimmsnarl
|-supereffective|p1a: Grimmsnarl
|-damage|p1a: Grimmsnarl|0 fnt
|-unboost|p2a: Gholdengo|spa|1
|faint|p1a: Grimmsnarl
|
|upkeep
|
|t:|1760449869
|switch|p1a: Magmortar|Magmortar, M, tera:Ice|51/100
|turn|9
|
|t:|1760449873
|move|p2a: Gholdengo|Make It Rain|p1a: Magmortar
|-supereffective|p1a: Magmortar
|-damage|p1a: Magmortar|0 fnt
|-unboost|p2a: Gholdengo|spa|1
|faint|p1a: Magmortar
|
|upkeep
|
|t:|1760449879
|switch|p1a: Toxtricity|Toxtricity-Low-Key, M|100/100
|turn|10
|
|t:|1760449890
|move|p2a: Gholdengo|Nasty Plot|p2a: Gholdengo
|-boost|p2a: Gholdengo|spa|2
|move|p1a: Toxtricity|Overdrive|p2a: Gholdengo
|-damage|p2a: Gholdengo|49/100
|-enditem|p1a: Toxtricity|Throat Spray
|-boost|p1a: Toxtricity|spa|1|[from] item: Throat Spray
|
|upkeep
|turn|11
|
|t:|1760449897
|move|p2a: Gholdengo|Shadow Ball|p1a: Toxtricity
|-damage|p1a: Toxtricity|42/100
|move|p1a: Toxtricity|Overdrive|p2a: Gholdengo
|-damage|p2a: Gholdengo|0 fnt
|faint|p2a: Gholdengo
|
|-sideend|p1: TryinSome|Reflect
|upkeep
|
|t:|1760449906
|switch|p2a: Maushold|Maushold-Four|100/100
|turn|12
|
|t:|1760449909
|move|p2a: Maushold|Tidy Up|p2a: Maushold
|-boost|p2a: Maushold|atk|1
|-boost|p2a: Maushold|spe|1
|move|p1a: Toxtricity|Boomburst|p2a: Maushold
|-damage|p2a: Maushold|0 fnt
|faint|p2a: Maushold
|
|upkeep
|
|t:|1760449918
|switch|p2a: Grimmsnarl|Grimmsnarl, M|100/100
|turn|13
|
|t:|1760449927
|move|p2a: Grimmsnarl|Light Screen|p2a: Grimmsnarl
|-sidestart|p2: K-Pop-tassiumMan|move: Light Screen
|move|p1a: Toxtricity|Sludge Wave|p2a: Grimmsnarl
|-supereffective|p2a: Grimmsnarl
|-damage|p2a: Grimmsnarl|23/100
|-status|p2a: Grimmsnarl|psn
|
|-damage|p2a: Grimmsnarl|10/100 psn|[from] psn
|upkeep
|turn|14
|
|t:|1760449945
|move|p2a: Grimmsnarl|Reflect|p2a: Grimmsnarl
|-sidestart|p2: K-Pop-tassiumMan|Reflect
|move|p1a: Toxtricity|Overdrive|p2a: Grimmsnarl
|-damage|p2a: Grimmsnarl|0 fnt
|faint|p2a: Grimmsnarl
|
|upkeep
|
|t:|1760449951
|switch|p2a: Amoonguss|Amoonguss, F|100/100
|turn|15
|
|t:|1760449955
|move|p1a: Toxtricity|Sludge Wave|p2a: Amoonguss
|-damage|p2a: Amoonguss|70/100
|move|p2a: Amoonguss|Foul Play|p1a: Toxtricity
|-damage|p1a: Toxtricity|16/100
|
|upkeep
|turn|16
|
|t:|1760449960
|move|p1a: Toxtricity|Boomburst|p2a: Amoonguss
|-damage|p2a: Amoonguss|32/100
|move|p2a: Amoonguss|Foul Play|p1a: Toxtricity
|-damage|p1a: Toxtricity|0 fnt
|faint|p1a: Toxtricity
|
|upkeep
|
|t:|1760449964
|switch|p1a: Lycanroc|Lycanroc-Dusk, M, shiny|100/100
|turn|17
|
|t:|1760449968
|move|p1a: Lycanroc|Swords Dance|p1a: Lycanroc
|-boost|p1a: Lycanroc|atk|2
|move|p2a: Amoonguss|Giga Drain|p1a: Lycanroc
|-supereffective|p1a: Lycanroc
|-damage|p1a: Lycanroc|20/100
|-heal|p2a: Amoonguss|59/100|[from] drain|[of] p1a: Lycanroc
|
|upkeep
|turn|18
|
|t:|1760449970
|move|p1a: Lycanroc|Psychic Fangs|p2a: Amoonguss
|-sideend|p2: K-Pop-tassiumMan|Reflect
|-sideend|p2: K-Pop-tassiumMan|move: Light Screen
|-supereffective|p2a: Amoonguss
|-damage|p2a: Amoonguss|0 fnt
|faint|p2a: Amoonguss
|
|upkeep
|
|t:|1760449973
|switch|p2a: Kingambit|Kingambit, F|100/100
|-activate|p2a: Kingambit|ability: Supreme Overlord
|-start|p2a: Kingambit|fallen5|[silent]
|turn|19
|
|t:|1760449981
|move|p1a: Lycanroc|Close Combat|p2a: Kingambit
|-supereffective|p2a: Kingambit
|-damage|p2a: Kingambit|0 fnt
|-unboost|p1a: Lycanroc|def|1
|-unboost|p1a: Lycanroc|spd|1
|faint|p2a: Kingambit
|-end|p2a: Kingambit|fallen5|[silent]
|
|win|TryinSome
|raw|TryinSome's rating: 1131 &rarr; <strong>1157</strong><br />(+26 for winning)
|raw|K-Pop-tassiumMan's rating: 1146 &rarr; <strong>1120</strong><br />(-26 for losing)
|l|☆K-Pop-tassiumMan
|player|p2|
|l|☆TryinSome
|player|p1|
