|j|☆Tusia88
|j|☆flutter meta
|t:|1760361189
|gametype|singles
|player|p1|Tusia88|2|1393
|player|p2|flutter meta|furisodegirl-blue|1381
|gen|9
|tier|[Gen 9] OU
|rated|
|rule|HP Percentage Mod: HP is shown in percentages
|rule|Endless Battle Clause: Forcing endless battles is banned
|rule|Species Clause: Limit one of each Pokémon
|rule|OHKO Clause: OHKO moves are banned
|rule|Evasion Items Clause: Evasion items are banned
|rule|Evasion Moves Clause: Evasion moves are banned
|rule|Evasion Abilities Clause: Evasion abilities are banned
|rule|Sleep Moves Clause: Sleep-inducing moves are banned
|clearpoke
|poke|p1|Ninetales, F|
|poke|p1|Dragonite, F|
|poke|p1|Cinderace, F|
|poke|p1|Walking Wake|
|poke|p1|Cresselia, F|
|poke|p1|Great Tusk|
|poke|p2|Sableye, F|
|poke|p2|Zapdos|
|poke|p2|Garganacl, M|
|poke|p2|Ogerpon-Wellspring, F|
|poke|p2|Great Tusk|
|poke|p2|Rillaboom, M|
|teampreview
|inactive|Battle timer is ON: inactive players will automatically lose when time's up. (requested by flutter meta)
|
|t:|1760361199
|teamsize|p1|6
|teamsize|p2|6
|start
|switch|p1a: Walking Wake|Walking Wake|100/100
|switch|p2a: Great Tusk|Great Tusk|100/100
|turn|1
|
|t:|1760361215
|-end|p2a: Great Tusk|Protosynthesis|[silent]
|switch|p2a: Ogerpon|Ogerpon-Wellspring, F|100/100
|move|p1a: Walking Wake|Draco Meteor|p2a: Ogerpon
|-damage|p2a: Ogerpon|0 fnt
|-unboost|p1a: Walking Wake|spa|2
|faint|p2a: Ogerpon
|
|upkeep
|
|t:|1760361226
|switch|p2a: Garganacl|Garganacl, M, shiny|100/100
|turn|2
|
|t:|1760361233
|-end|p1a: Walking Wake|Protosynthesis|[silent]
|switch|p1a: Ninetales|Ninetales, F|100/100
|-weather|SunnyDay|[from] ability: Drought|[of] p1a: Ninetales
|move|p2a: Garganacl|Iron Defense|p2a: Garganacl
|-boost|p2a: Garganacl|def|2
|
|-weather|SunnyDay|[upkeep]
|upkeep
|turn|3
|
|t:|1760361241
|move|p1a: Ninetales|Encore|p2a: Garganacl
|-start|p2a: Garganacl|Encore
|move|p2a: Garganacl|Iron Defense|p2a: Garganacl
|-boost|p2a: Garganacl|def|2
|
|-weather|SunnyDay|[upkeep]
|upkeep
|turn|4
|
|t:|1760361243
|move|p1a: Ninetales|Scorching Sands|p2a: Garganacl
|-supereffective|p2a: Garganacl
|-damage|p2a: Garganacl|77/100
|move|p2a: Garganacl|Iron Defense|p2a: Garganacl
|-boost|p2a: Garganacl|def|2
|
|-weather|SunnyDay|[upkeep]
|-heal|p2a: Garganacl|83/100|[from] item: Leftovers
|upkeep
|turn|5
|
|t:|1760361252
|switch|p2a: Rillaboom|Rillaboom, M|100/100
|-fieldstart|move: Grassy Terrain|[from] ability: Grassy Surge|[of] p2a: Rillaboom
|move|p1a: Ninetales|Scorching Sands|p2a: Rillaboom
|-resisted|p2a: Rillaboom
|-damage|p2a: Rillaboom|88/100
|
|-weather|SunnyDay|[upkeep]
|-heal|p2a: Rillaboom|94/100|[from] Grassy Terrain
|upkeep
|turn|6
|
|t:|1760361281
|move|p2a: Rillaboom|Grassy Glide|p1a: Ninetales
|-resisted|p1a: Ninetales
|-damage|p1a: Ninetales|60/100
|move|p1a: Ninetales|Overheat|p2a: Rillaboom
|-supereffective|p2a: Rillaboom
|-damage|p2a: Rillaboom|0 fnt
|-unboost|p1a: Ninetales|spa|2
|faint|p2a: Rillaboom
|
|-weather|SunnyDay|[upkeep]
|-heal|p1a: Ninetales|66/100|[from] Grassy Terrain
|upkeep
|
|t:|1760361286
|switch|p2a: Great Tusk|Great Tusk|100/100
|-activate|p2a: Great Tusk|ability: Protosynthesis
|-start|p2a: Great Tusk|protosynthesisatk
|turn|7
|
|t:|1760361295
|switch|p1a: Cresselia|Cresselia, F|100/100
|move|p2a: Great Tusk|Rapid Spin|p1a: Cresselia
|-damage|p1a: Cresselia|86/100
|-boost|p2a: Great Tusk|spe|1
|-enditem|p1a: Cresselia|Eject Button
|
|t:|1760361303
|switch|p1a: Walking Wake|Walking Wake|100/100
|-activate|p1a: Walking Wake|ability: Protosynthesis
|-start|p1a: Walking Wake|protosynthesisspa
|
|-weather|SunnyDay|[upkeep]
|upkeep
|turn|8
|
|t:|1760361315
|move|p2a: Great Tusk|Close Combat|p1a: Walking Wake
|-damage|p1a: Walking Wake|12/100
|-unboost|p2a: Great Tusk|def|1
|-unboost|p2a: Great Tusk|spd|1
|move|p1a: Walking Wake|Hydro Steam|p2a: Great Tusk
|-supereffective|p2a: Great Tusk
|-damage|p2a: Great Tusk|0 fnt
|faint|p2a: Great Tusk
|-end|p2a: Great Tusk|Protosynthesis|[silent]
|
|-weather|SunnyDay|[upkeep]
|-heal|p1a: Walking Wake|18/100|[from] Grassy Terrain
|upkeep
|
|t:|1760361321
|switch|p2a: Zapdos|Zapdos|100/100
|turn|9
|
|t:|1760361327
|move|p2a: Zapdos|Thunderbolt|p1a: Walking Wake
|-damage|p1a: Walking Wake|0 fnt
|faint|p1a: Walking Wake
|-end|p1a: Walking Wake|Protosynthesis|[silent]
|
|-weather|none
|-fieldend|move: Grassy Terrain
|upkeep
|
|t:|1760361335
|switch|p1a: Ninetales|Ninetales, F|66/100
|-weather|SunnyDay|[from] ability: Drought|[of] p1a: Ninetales
|turn|10
|
|t:|1760361340
|move|p2a: Zapdos|Thunderbolt|p1a: Ninetales
|-damage|p1a: Ninetales|11/100
|move|p1a: Ninetales|Overheat|p2a: Zapdos
|-damage|p2a: Zapdos|21/100
|-unboost|p1a: Ninetales|spa|2
|
|-weather|SunnyDay|[upkeep]
|upkeep
|turn|11
|
|t:|1760361345
|move|p2a: Zapdos|Thunderbolt|p1a: Ninetales
|-damage|p1a: Ninetales|0 fnt
|faint|p1a: Ninetales
|
|-weather|SunnyDay|[upkeep]
|upkeep
|
|t:|1760361346
|switch|p1a: Great Tusk|Great Tusk|100/100
|-activate|p1a: Great Tusk|ability: Protosynthesis
|-start|p1a: Great Tusk|protosynthesisspe
|turn|12
|
|t:|1760361351
|switch|p2a: Sableye|Sableye, F|100/100
|move|p1a: Great Tusk|Ice Spinner|p2a: Sableye
|-damage|p2a: Sableye|70/100
|
|-weather|SunnyDay|[upkeep]
|upkeep
|turn|13
|
|t:|1760361358
|move|p2a: Sableye|Will-O-Wisp|p1a: Great Tusk
|-status|p1a: Great Tusk|brn
|move|p1a: Great Tusk|Headlong Rush|p2a: Sableye
|-damage|p2a: Sableye|35/100
|-unboost|p1a: Great Tusk|def|1
|-unboost|p1a: Great Tusk|spd|1
|-enditem|p1a: Great Tusk|Eject Pack
|
|t:|1760361361
|-end|p1a: Great Tusk|Protosynthesis|[silent]
|switch|p1a: Cinderace|Cinderace, F|100/100
|
|-weather|SunnyDay|[upkeep]
|upkeep
|turn|14
|
|t:|1760361365
|move|p2a: Sableye|Recover|p2a: Sableye
|-heal|p2a: Sableye|85/100
|move|p1a: Cinderace|Pyro Ball|p2a: Sableye
|-damage|p2a: Sableye|0 fnt
|faint|p2a: Sableye
|
|-weather|SunnyDay|[upkeep]
|upkeep
|
|t:|1760361382
|switch|p2a: Zapdos|Zapdos|21/100
|turn|15
|
|t:|1760361387
|move|p1a: Cinderace|Pyro Ball|p2a: Zapdos
|-damage|p2a: Zapdos|0 fnt
|faint|p2a: Zapdos
|
|-weather|SunnyDay|[upkeep]
|upkeep
|
|t:|1760361389
|switch|p2a: Garganacl|Garganacl, M, shiny|83/100
|turn|16
|
|t:|1760361397
|switch|p1a: Cresselia|Cresselia, F|86/100
|move|p2a: Garganacl|Iron Defense|p2a: Garganacl
|-boost|p2a: Garganacl|def|2
|
|-weather|SunnyDay|[upkeep]
|-heal|p2a: Garganacl|90/100|[from] item: Leftovers
|upkeep
|turn|17
|
|t:|1760361402
|move|p1a: Cresselia|Ice Beam|p2a: Garganacl
|-damage|p2a: Garganacl|79/100
|move|p2a: Garganacl|Salt Cure|p1a: Cresselia
|-damage|p1a: Cresselia|78/100
|-start|p1a: Cresselia|Salt Cure
|
|-weather|none
|-heal|p2a: Garganacl|85/100|[from] item: Leftovers
|-damage|p1a: Cresselia|66/100|[from] Salt Cure
|upkeep
|turn|18
|c|☆flutter meta|gg
|
|t:|1760361409
|switch|p1a: Great Tusk|Great Tusk|100/100 brn
|move|p2a: Garganacl|Iron Defense|p2a: Garganacl
|-boost|p2a: Garganacl|def|2
|
|-heal|p2a: Garganacl|91/100|[from] item: Leftovers
|-damage|p1a: Great Tusk|94/100 brn|[from] brn
|upkeep
|turn|19
|
|t:|1760361421
|-end|p1a: Great Tusk|Protosynthesis|[silent]
|switch|p1a: Cresselia|Cresselia, F|66/100
|move|p2a: Garganacl|Iron Defense|p2a: Garganacl
|-boost|p2a: Garganacl|def|2
|
|-heal|p2a: Garganacl|97/100|[from] item: Leftovers
|upkeep
|turn|20
|
|t:|1760361432
|switch|p1a: Cinderace|Cinderace, F|100/100
|move|p2a: Garganacl|Salt Cure|p1a: Cinderace
|-supereffective|p1a: Cinderace
|-damage|p1a: Cinderace|57/100
|-start|p1a: Cinderace|Salt Cure
|
|-heal|p2a: Garganacl|100/100|[from] item: Leftovers
|-damage|p1a: Cinderace|44/100|[from] Salt Cure
|upkeep
|turn|21
|
|t:|1760361440
|move|p1a: Cinderace|Pyro Ball|p2a: Garganacl
|-resisted|p2a: Garganacl
|-damage|p2a: Garganacl|95/100
|move|p2a: Garganacl|Body Press|p1a: Cinderace
|-damage|p1a: Cinderace|0 fnt
|faint|p1a: Cinderace
|
|-heal|p2a: Garganacl|100/100|[from] item: Leftovers
|upkeep
|-message|Tusia88 forfeited.
|
|win|flutter meta
|raw|Tusia88's rating: 1393 &rarr; <strong>1372</strong><br />(-21 for losing)
|raw|flutter meta's rating: 1381 &rarr; <strong>1402</strong><br />(+21 for winning)
|l|☆Tusia88
|player|p1|
|l|☆flutter meta
|player|p2|
