|j|☆Scoobenvonduben
|j|☆ykykp
|t:|1760461347
|gametype|singles
|player|p1|Scoobenvonduben|brawly|1449
|player|p2|ykykp|101|1494
|gen|9
|tier|[Gen 9] OU
|rated|
|rule|HP Percentage Mod: HP is shown in percentages
|rule|Endless Battle Clause: Forcing endless battles is banned
|rule|Species Clause: Limit one of each Pokémon
|rule|OHKO Clause: OHKO moves are banned
|rule|Evasion Items Clause: Evasion items are banned
|rule|Evasion Moves Clause: Evasion moves are banned
|rule|Evasion Abilities Clause: Evasion abilities are banned
|rule|Sleep Moves Clause: Sleep-inducing moves are banned
|clearpoke
|poke|p1|Blissey, F|
|poke|p1|Skeledirge, F|
|poke|p1|Gliscor, M|
|poke|p1|Gyarados, F|
|poke|p1|Corviknight, M|
|poke|p1|Grafaiai, M|
|poke|p2|Grimmsnarl, M|
|poke|p2|Hatterene, F|
|poke|p2|Tornadus-Therian, M|
|poke|p2|Raging Bolt|
|poke|p2|Ogerpon-Wellspring, F|
|poke|p2|Iron Valiant|
|teampreview
|inactive|Battle timer is ON: inactive players will automatically lose when time's up. (requested by ykykp)
|
|t:|1760461363
|teamsize|p1|6
|teamsize|p2|6
|start
|switch|p1a: Gliscor|Gliscor, M, shiny|100/100
|switch|p2a: Grimmsnarl|Grimmsnarl, M|100/100
|turn|1
|
|t:|1760461376
|move|p1a: Gliscor|Protect|p1a: Gliscor
|-singleturn|p1a: Gliscor|Protect
|move|p2a: Grimmsnarl|Parting Shot|p1a: Gliscor
|-activate|p1a: Gliscor|move: Protect
|
|-status|p1a: Gliscor|tox|[from] item: Toxic Orb
|upkeep
|turn|2
|
|t:|1760461384
|move|p2a: Grimmsnarl|Parting Shot|p1a: Gliscor
|-unboost|p1a: Gliscor|atk|1
|-unboost|p1a: Gliscor|spa|1
|
|t:|1760461386
|switch|p2a: Ogerpon|Ogerpon-Wellspring, F|100/100|[from] Parting Shot
|move|p1a: Gliscor|Toxic|p2a: Ogerpon
|-status|p2a: Ogerpon|tox
|
|-damage|p2a: Ogerpon|95/100 tox|[from] psn
|upkeep
|turn|3
|
|t:|1760461395
|move|p1a: Gliscor|Protect|p1a: Gliscor
|-singleturn|p1a: Gliscor|Protect
|move|p2a: Ogerpon|Swords Dance|p2a: Ogerpon
|-boost|p2a: Ogerpon|atk|2
|
|-damage|p2a: Ogerpon|83/100 tox|[from] psn
|upkeep
|turn|4
|
|t:|1760461401
|switch|p1a: Gyarados|Gyarados, F, shiny|100/100
|-ability|p1a: Gyarados|Intimidate|boost
|-unboost|p2a: Ogerpon|atk|1
|move|p2a: Ogerpon|Power Whip|p1a: Gyarados
|-damage|p1a: Gyarados|0 fnt
|faint|p1a: Gyarados
|
|-damage|p2a: Ogerpon|65/100 tox|[from] psn
|upkeep
|
|t:|1760461409
|switch|p1a: Grafaiai|Grafaiai, M|100/100
|turn|5
|
|t:|1760461413
|move|p1a: Grafaiai|Encore|p2a: Ogerpon
|-start|p2a: Ogerpon|Encore
|move|p2a: Ogerpon|Power Whip|p1a: Grafaiai
|-resisted|p1a: Grafaiai
|-damage|p1a: Grafaiai|25/100
|
|-heal|p1a: Grafaiai|31/100|[from] item: Leftovers
|-damage|p2a: Ogerpon|41/100 tox|[from] psn
|upkeep
|turn|6
|
|t:|1760461421
|switch|p2a: Grimmsnarl|Grimmsnarl, M|100/100
|switch|p1a: Corviknight|Corviknight, M|100/100
|
|upkeep
|turn|7
|
|t:|1760461431
|move|p2a: Grimmsnarl|Light Screen|p2a: Grimmsnarl
|-sidestart|p2: ykykp|move: Light Screen
|move|p1a: Corviknight|Iron Defense|p1a: Corviknight
|-boost|p1a: Corviknight|def|2
|
|upkeep
|turn|8
|
|t:|1760461434
|move|p2a: Grimmsnarl|Taunt|p1a: Corviknight
|-start|p1a: Corviknight|move: Taunt
|cant|p1a: Corviknight|move: Taunt|Iron Defense
|
|upkeep
|turn|9
|
|t:|1760461439
|move|p2a: Grimmsnarl|Parting Shot|p1a: Corviknight
|-ability|p1a: Corviknight|Mirror Armor
|-unboost|p2a: Grimmsnarl|atk|1
|-ability|p1a: Corviknight|Mirror Armor
|-unboost|p2a: Grimmsnarl|spa|1
|
|t:|1760461446
|switch|p2a: Raging Bolt|Raging Bolt|100/100|[from] Parting Shot
|-enditem|p2a: Raging Bolt|Booster Energy
|-activate|p2a: Raging Bolt|ability: Protosynthesis|[fromitem]
|-start|p2a: Raging Bolt|protosynthesisspa
|move|p1a: Corviknight|Body Press|p2a: Raging Bolt
|-damage|p2a: Raging Bolt|65/100
|
|upkeep
|turn|10
|
|t:|1760461450
|switch|p1a: Blissey|Blissey, F|100/100
|move|p2a: Raging Bolt|Calm Mind|p2a: Raging Bolt
|-boost|p2a: Raging Bolt|spa|1
|-boost|p2a: Raging Bolt|spd|1
|
|upkeep
|turn|11
|
|t:|1760461454
|move|p2a: Raging Bolt|Calm Mind|p2a: Raging Bolt
|-boost|p2a: Raging Bolt|spa|1
|-boost|p2a: Raging Bolt|spd|1
|move|p1a: Blissey|Seismic Toss|p2a: Raging Bolt
|-damage|p2a: Raging Bolt|40/100
|
|upkeep
|turn|12
|
|t:|1760461457
|move|p2a: Raging Bolt|Thunderbolt|p1a: Blissey
|-damage|p1a: Blissey|48/100
|move|p1a: Blissey|Stealth Rock|p2a: Raging Bolt
|-sidestart|p2: ykykp|move: Stealth Rock
|
|-heal|p1a: Blissey|55/100|[from] item: Leftovers
|upkeep
|turn|13
|
|t:|1760461463
|move|p2a: Raging Bolt|Dragon Pulse|p1a: Blissey
|-damage|p1a: Blissey|8/100
|move|p1a: Blissey|Soft-Boiled|p1a: Blissey
|-heal|p1a: Blissey|58/100
|
|-heal|p1a: Blissey|64/100|[from] item: Leftovers
|upkeep
|turn|14
|
|t:|1760461467
|move|p2a: Raging Bolt|Thunderbolt|p1a: Blissey
|-damage|p1a: Blissey|9/100
|-status|p1a: Blissey|par
|move|p1a: Blissey|Seismic Toss|p2a: Raging Bolt
|-damage|p2a: Raging Bolt|14/100
|
|-heal|p1a: Blissey|15/100 par|[from] item: Leftovers
|-sideend|p2: ykykp|move: Light Screen
|upkeep
|turn|15
|
|t:|1760461476
|-curestatus|p1a: Blissey|par|[from] ability: Natural Cure
|switch|p1a: Grafaiai|Grafaiai, M|31/100
|move|p2a: Raging Bolt|Dragon Pulse|p1a: Grafaiai
|-damage|p1a: Grafaiai|0 fnt
|faint|p1a: Grafaiai
|
|upkeep
|
|t:|1760461497
|switch|p1a: Skeledirge|Skeledirge, F|100/100
|turn|16
|
|t:|1760461503
|move|p2a: Raging Bolt|Thunderbolt|p1a: Skeledirge
|-damage|p1a: Skeledirge|51/100
|move|p1a: Skeledirge|Torch Song|p2a: Raging Bolt
|-resisted|p2a: Raging Bolt
|-damage|p2a: Raging Bolt|0 fnt
|-boost|p1a: Skeledirge|spa|1
|faint|p2a: Raging Bolt
|-end|p2a: Raging Bolt|Protosynthesis|[silent]
|
|-heal|p1a: Skeledirge|57/100|[from] item: Leftovers
|upkeep
|
|t:|1760461509
|switch|p2a: Ogerpon|Ogerpon-Wellspring, F|41/100 tox
|-damage|p2a: Ogerpon|28/100 tox|[from] Stealth Rock
|turn|17
|
|t:|1760461524
|-terastallize|p1a: Skeledirge|Fairy
|move|p2a: Ogerpon|Ivy Cudgel|p1a: Skeledirge|[anim] Ivy Cudgel Water
|-damage|p1a: Skeledirge|5/100
|move|p1a: Skeledirge|Slack Off|p1a: Skeledirge
|-heal|p1a: Skeledirge|55/100
|
|-heal|p1a: Skeledirge|61/100|[from] item: Leftovers
|-damage|p2a: Ogerpon|22/100 tox|[from] psn
|upkeep
|turn|18
|
|t:|1760461530
|move|p2a: Ogerpon|Taunt|p1a: Skeledirge
|-start|p1a: Skeledirge|move: Taunt
|cant|p1a: Skeledirge|move: Taunt|Slack Off
|
|-heal|p1a: Skeledirge|67/100|[from] item: Leftovers
|-damage|p2a: Ogerpon|10/100 tox|[from] psn
|upkeep
|turn|19
|
|t:|1760461535
|switch|p1a: Corviknight|Corviknight, M|100/100
|move|p2a: Ogerpon|Ivy Cudgel|p1a: Corviknight|[anim] Ivy Cudgel Water
|-damage|p1a: Corviknight|50/100
|
|-heal|p1a: Corviknight|56/100|[from] item: Leftovers
|-damage|p2a: Ogerpon|0 fnt|[from] psn
|faint|p2a: Ogerpon
|upkeep
|
|t:|1760461547
|switch|p2a: Hatterene|Hatterene, F|100/100
|-damage|p2a: Hatterene|88/100|[from] Stealth Rock
|turn|20
|
|t:|1760461556
|move|p1a: Corviknight|Roost|p1a: Corviknight
|-heal|p1a: Corviknight|100/100
|-singleturn|p1a: Corviknight|move: Roost
|move|p2a: Hatterene|Calm Mind|p2a: Hatterene
|-boost|p2a: Hatterene|spa|1
|-boost|p2a: Hatterene|spd|1
|
|upkeep
|turn|21
|
|t:|1760461559
|switch|p1a: Skeledirge|Skeledirge, F, tera:Fairy|67/100
|move|p2a: Hatterene|Calm Mind|p2a: Hatterene
|-boost|p2a: Hatterene|spa|1
|-boost|p2a: Hatterene|spd|1
|
|-heal|p1a: Skeledirge|73/100|[from] item: Leftovers
|upkeep
|turn|22
|
|t:|1760461567
|move|p1a: Skeledirge|Slack Off|p1a: Skeledirge
|-heal|p1a: Skeledirge|100/100
|move|p2a: Hatterene|Trick Room|p2a: Hatterene
|-fieldstart|move: Trick Room|[of] p2a: Hatterene
|
|upkeep
|turn|23
|
|t:|1760461570
|move|p2a: Hatterene|Calm Mind|p2a: Hatterene
|-boost|p2a: Hatterene|spa|1
|-boost|p2a: Hatterene|spd|1
|move|p1a: Skeledirge|Torch Song|p2a: Hatterene
|-damage|p2a: Hatterene|55/100
|-boost|p1a: Skeledirge|spa|1
|
|upkeep
|turn|24
|
|t:|1760461577
|move|p2a: Hatterene|Stored Power|p1a: Skeledirge
|-damage|p1a: Skeledirge|51/100
|move|p1a: Skeledirge|Torch Song|p2a: Hatterene
|-damage|p2a: Hatterene|12/100
|-boost|p1a: Skeledirge|spa|1
|
|-heal|p1a: Skeledirge|57/100|[from] item: Leftovers
|upkeep
|turn|25
|
|t:|1760461584
|move|p2a: Hatterene|Stored Power|p1a: Skeledirge
|-damage|p1a: Skeledirge|15/100
|move|p1a: Skeledirge|Torch Song|p2a: Hatterene
|-damage|p2a: Hatterene|0 fnt
|-boost|p1a: Skeledirge|spa|1
|faint|p2a: Hatterene
|
|-heal|p1a: Skeledirge|21/100|[from] item: Leftovers
|upkeep
|
|t:|1760461589
|switch|p2a: Grimmsnarl|Grimmsnarl, M|100/100
|-damage|p2a: Grimmsnarl|88/100|[from] Stealth Rock
|turn|26
|
|t:|1760461595
|switch|p1a: Corviknight|Corviknight, M|100/100
|move|p2a: Grimmsnarl|Taunt|p1a: Corviknight
|-start|p1a: Corviknight|move: Taunt
|
|-fieldend|move: Trick Room
|upkeep
|turn|27
|
|t:|1760461599
|switch|p1a: Blissey|Blissey, F|15/100
|move|p2a: Grimmsnarl|Reflect|p2a: Grimmsnarl
|-sidestart|p2: ykykp|Reflect
|
|-heal|p1a: Blissey|21/100|[from] item: Leftovers
|upkeep
|turn|28
|
|t:|1760461603
|move|p2a: Grimmsnarl|Taunt|p1a: Blissey
|-start|p1a: Blissey|move: Taunt
|cant|p1a: Blissey|move: Taunt|Soft-Boiled
|
|-heal|p1a: Blissey|27/100|[from] item: Leftovers
|upkeep
|turn|29
|
|t:|1760461607
|switch|p1a: Corviknight|Corviknight, M|100/100
|move|p2a: Grimmsnarl|Light Screen|p2a: Grimmsnarl
|-sidestart|p2: ykykp|move: Light Screen
|
|upkeep
|turn|30
|
|t:|1760461617
|switch|p2a: Iron Valiant|Iron Valiant|100/100
|-damage|p2a: Iron Valiant|94/100|[from] Stealth Rock
|-enditem|p2a: Iron Valiant|Booster Energy
|-activate|p2a: Iron Valiant|ability: Quark Drive|[fromitem]
|-start|p2a: Iron Valiant|quarkdrivespe
|move|p1a: Corviknight|Iron Defense|p1a: Corviknight
|-boost|p1a: Corviknight|def|2
|
|upkeep
|turn|31
|
|t:|1760461625
|move|p2a: Iron Valiant|Calm Mind|p2a: Iron Valiant
|-boost|p2a: Iron Valiant|spa|1
|-boost|p2a: Iron Valiant|spd|1
|move|p1a: Corviknight|Iron Defense|p1a: Corviknight
|-boost|p1a: Corviknight|def|2
|
|upkeep
|turn|32
|
|t:|1760461630
|move|p2a: Iron Valiant|Calm Mind|p2a: Iron Valiant
|-boost|p2a: Iron Valiant|spa|1
|-boost|p2a: Iron Valiant|spd|1
|move|p1a: Corviknight|Brave Bird|p2a: Iron Valiant
|-supereffective|p2a: Iron Valiant
|-damage|p2a: Iron Valiant|49/100
|-damage|p1a: Corviknight|89/100|[from] Recoil
|
|-heal|p1a: Corviknight|96/100|[from] item: Leftovers
|upkeep
|turn|33
|
|t:|1760461636
|-terastallize|p2a: Iron Valiant|Ghost
|move|p2a: Iron Valiant|Shadow Ball|p1a: Corviknight
|-damage|p1a: Corviknight|45/100
|move|p1a: Corviknight|Brave Bird|p2a: Iron Valiant
|-damage|p2a: Iron Valiant|25/100
|-damage|p1a: Corviknight|40/100|[from] Recoil
|
|-heal|p1a: Corviknight|46/100|[from] item: Leftovers
|upkeep
|turn|34
|
|t:|1760461646
|move|p2a: Iron Valiant|Shadow Ball|p1a: Corviknight
|-damage|p1a: Corviknight|0 fnt
|faint|p1a: Corviknight
|
|-sideend|p2: ykykp|Reflect
|upkeep
|
|t:|1760461657
|switch|p1a: Blissey|Blissey, F|27/100
|turn|35
|
|t:|1760461659
|move|p2a: Iron Valiant|Moonblast|p1a: Blissey
|-damage|p1a: Blissey|0 fnt
|faint|p1a: Blissey
|
|upkeep
|
|t:|1760461669
|switch|p1a: Gliscor|Gliscor, M, shiny|100/100 tox
|turn|36
|
|t:|1760461673
|move|p2a: Iron Valiant|Moonblast|p1a: Gliscor
|-damage|p1a: Gliscor|26/100 tox
|move|p1a: Gliscor|Earthquake|p2a: Iron Valiant
|-damage|p2a: Iron Valiant|0 fnt
|faint|p2a: Iron Valiant
|-end|p2a: Iron Valiant|Quark Drive|[silent]
|
|-heal|p1a: Gliscor|39/100 tox|[from] ability: Poison Heal
|-sideend|p2: ykykp|move: Light Screen
|upkeep
|
|t:|1760461678
|switch|p2a: Tornadus|Tornadus-Therian, M|100/100
|-damage|p2a: Tornadus|75/100|[from] Stealth Rock
|turn|37
|
|t:|1760461684
|move|p1a: Gliscor|Protect|p1a: Gliscor
|-singleturn|p1a: Gliscor|Protect
|move|p2a: Tornadus|Nasty Plot|p2a: Tornadus
|-boost|p2a: Tornadus|spa|2
|
|-heal|p1a: Gliscor|51/100 tox|[from] ability: Poison Heal
|upkeep
|turn|38
|
|t:|1760461687
|move|p2a: Tornadus|Bleakwind Storm|p1a: Gliscor
|-damage|p1a: Gliscor|0 fnt
|faint|p1a: Gliscor
|-damage|p2a: Tornadus|65/100|[from] item: Life Orb
|
|upkeep
|
|t:|1760461690
|switch|p1a: Skeledirge|Skeledirge, F, tera:Fairy|21/100
|turn|39
|
|t:|1760461694
|move|p2a: Tornadus|Bleakwind Storm|p1a: Skeledirge|[miss]
|-miss|p2a: Tornadus|p1a: Skeledirge
|move|p1a: Skeledirge|Slack Off|p1a: Skeledirge
|-heal|p1a: Skeledirge|71/100
|
|-heal|p1a: Skeledirge|77/100|[from] item: Leftovers
|upkeep
|turn|40
|
|t:|1760461703
|move|p2a: Tornadus|Bleakwind Storm|p1a: Skeledirge
|-damage|p1a: Skeledirge|37/100
|-damage|p2a: Tornadus|55/100|[from] item: Life Orb
|move|p1a: Skeledirge|Torch Song|p2a: Tornadus
|-damage|p2a: Tornadus|19/100
|-boost|p1a: Skeledirge|spa|1
|
|-heal|p1a: Skeledirge|43/100|[from] item: Leftovers
|upkeep
|turn|41
|
|t:|1760461713
|move|p2a: Tornadus|Bleakwind Storm|p1a: Skeledirge
|-damage|p1a: Skeledirge|0 fnt
|faint|p1a: Skeledirge
|-damage|p2a: Tornadus|9/100|[from] item: Life Orb
|
|win|ykykp
|raw|Scoobenvonduben's rating: 1449 &rarr; <strong>1432</strong><br />(-17 for losing)
|raw|ykykp's rating: 1494 &rarr; <strong>1511</strong><br />(+17 for winning)
|l|☆Scoobenvonduben
|player|p1|
|l|☆ykykp
|player|p2|
