|j|‽destined1jnp
|j|☆pokefanfdj
|t:|1760353069
|gametype|singles
|player|p1|destined1jnp|will|1258
|player|p2|pokefanfdj|1|1268
|gen|9
|tier|[Gen 9] OU
|rated|
|rule|HP Percentage Mod: HP is shown in percentages
|rule|Endless Battle Clause: Forcing endless battles is banned
|rule|Species Clause: Limit one of each Pokémon
|rule|OHKO Clause: OHKO moves are banned
|rule|Evasion Items Clause: Evasion items are banned
|rule|Evasion Moves Clause: Evasion moves are banned
|rule|Evasion Abilities Clause: Evasion abilities are banned
|rule|Sleep Moves Clause: Sleep-inducing moves are banned
|clearpoke
|poke|p1|Dondozo, M|
|poke|p1|Blissey, F|
|poke|p1|Corviknight, M|
|poke|p1|Weezing-Galar, F|
|poke|p1|Gliscor, M|
|poke|p1|Toxapex, F|
|poke|p2|Moltres|
|poke|p2|Kleavor, M|
|poke|p2|Dondozo, F|
|poke|p2|Blissey, F|
|poke|p2|Kingambit, M|
|poke|p2|Brambleghast, F|
|teampreview
|
|t:|1760353072
|teamsize|p1|6
|teamsize|p2|6
|start
|switch|p1a: Toxapex|Toxapex, F, shiny|100/100
|switch|p2a: Kleavor|Kleavor, M|100/100
|turn|1
|inactive|Battle timer is ON: inactive players will automatically lose when time's up. (requested by pokefanfdj)
|
|t:|1760353079
|move|p2a: Kleavor|Stone Axe|p1a: Toxapex
|-damage|p1a: Toxapex|52/100
|-sidestart|p1: destined1jnp|move: Stealth Rock
|move|p1a: Toxapex|Toxic|p2a: Kleavor
|-status|p2a: Kleavor|tox
|
|-heal|p1a: Toxapex|58/100|[from] item: Leftovers
|-damage|p2a: Kleavor|94/100 tox|[from] psn
|upkeep
|turn|2
|
|t:|1760353088
|move|p2a: Kleavor|Stone Axe|p1a: Toxapex
|-damage|p1a: Toxapex|15/100
|move|p1a: Toxapex|Recover|p1a: Toxapex
|-heal|p1a: Toxapex|65/100
|
|-heal|p1a: Toxapex|71/100|[from] item: Leftovers
|-damage|p2a: Kleavor|82/100 tox|[from] psn
|upkeep
|turn|3
|
|t:|1760353093
|move|p2a: Kleavor|Tailwind|p2a: Kleavor
|-sidestart|p2: pokefanfdj|move: Tailwind
|move|p1a: Toxapex|Recover|p1a: Toxapex
|-heal|p1a: Toxapex|100/100
|
|-damage|p2a: Kleavor|64/100 tox|[from] psn
|upkeep
|turn|4
|
|t:|1760353099
|switch|p2a: Brambleghast|Brambleghast, F|100/100
|-ability|p2a: Brambleghast|Wind Rider|boost
|-boost|p2a: Brambleghast|atk|1
|move|p1a: Toxapex|Toxic Spikes|p2a: Brambleghast
|-sidestart|p2: pokefanfdj|move: Toxic Spikes
|
|upkeep
|turn|5
|
|t:|1760353115
|move|p2a: Brambleghast|Power Whip|p1a: Toxapex
|-damage|p1a: Toxapex|32/100
|move|p1a: Toxapex|Toxic|p2a: Brambleghast
|-status|p2a: Brambleghast|tox
|
|-heal|p1a: Toxapex|38/100|[from] item: Leftovers
|-damage|p2a: Brambleghast|95/100 tox|[from] psn
|upkeep
|turn|6
|
|t:|1760353127
|switch|p1a: Corviknight|Corviknight, M, shiny|100/100
|-damage|p1a: Corviknight|88/100|[from] Stealth Rock
|-ability|p1a: Corviknight|Pressure
|move|p2a: Brambleghast|Rapid Spin|p1a: Corviknight
|-resisted|p1a: Corviknight
|-damage|p1a: Corviknight|81/100
|-boost|p2a: Brambleghast|spe|1
|-sideend|p2: pokefanfdj|Toxic Spikes|[from] move: Rapid Spin|[of] p2a: Brambleghast
|
|-heal|p1a: Corviknight|87/100|[from] item: Leftovers
|-damage|p2a: Brambleghast|83/100 tox|[from] psn
|-sideend|p2: pokefanfdj|move: Tailwind
|upkeep
|turn|7
|
|t:|1760353143
|switch|p2a: Moltres|Moltres|100/100
|move|p1a: Corviknight|Defog|p2a: Moltres
|-unboost|p2a: Moltres|evasion|1
|-sideend|p1: destined1jnp|Stealth Rock|[from] move: Defog|[of] p1a: Corviknight
|
|-heal|p1a: Corviknight|93/100|[from] item: Leftovers
|upkeep
|turn|8
|
|t:|1760353152
|switch|p1a: Toxapex|Toxapex, F, shiny|72/100
|move|p2a: Moltres|Tailwind|p2a: Moltres
|-sidestart|p2: pokefanfdj|move: Tailwind
|
|-heal|p1a: Toxapex|78/100|[from] item: Leftovers
|upkeep
|turn|9
|
|t:|1760353160
|switch|p2a: Brambleghast|Brambleghast, F|83/100 tox
|-ability|p2a: Brambleghast|Wind Rider|boost
|-boost|p2a: Brambleghast|atk|1
|move|p1a: Toxapex|Toxic|p2a: Brambleghast
|-fail|p2a: Brambleghast|tox
|
|-heal|p1a: Toxapex|84/100|[from] item: Leftovers
|-damage|p2a: Brambleghast|77/100 tox|[from] psn
|upkeep
|turn|10
|
|t:|1760353166
|switch|p1a: Corviknight|Corviknight, M, shiny|93/100
|-ability|p1a: Corviknight|Pressure
|move|p2a: Brambleghast|Power Whip|p1a: Corviknight
|-resisted|p1a: Corviknight
|-damage|p1a: Corviknight|80/100
|
|-heal|p1a: Corviknight|86/100|[from] item: Leftovers
|-damage|p2a: Brambleghast|65/100 tox|[from] psn
|upkeep
|turn|11
|
|t:|1760353174
|move|p2a: Brambleghast|Poltergeist|p1a: Corviknight
|-activate|p1a: Corviknight|move: Poltergeist|Leftovers
|-damage|p1a: Corviknight|43/100
|move|p1a: Corviknight|Iron Defense|p1a: Corviknight
|-boost|p1a: Corviknight|def|2
|
|-heal|p1a: Corviknight|49/100|[from] item: Leftovers
|-damage|p2a: Brambleghast|47/100 tox|[from] psn
|-sideend|p2: pokefanfdj|move: Tailwind
|upkeep
|turn|12
|
|t:|1760353187
|switch|p2a: Moltres|Moltres|100/100
|move|p1a: Corviknight|Roost|p1a: Corviknight
|-heal|p1a: Corviknight|99/100
|-singleturn|p1a: Corviknight|move: Roost
|
|-heal|p1a: Corviknight|100/100|[from] item: Leftovers
|upkeep
|turn|13
|
|t:|1760353193
|switch|p1a: Toxapex|Toxapex, F, shiny|100/100
|move|p2a: Moltres|Tailwind|p2a: Moltres
|-sidestart|p2: pokefanfdj|move: Tailwind
|
|upkeep
|turn|14
|
|t:|1760353197
|switch|p2a: Kleavor|Kleavor, M|64/100 tox
|move|p1a: Toxapex|Toxic Spikes|p2a: Kleavor
|-sidestart|p2: pokefanfdj|move: Toxic Spikes
|
|-damage|p2a: Kleavor|58/100 tox|[from] psn
|upkeep
|turn|15
|
|t:|1760353207
|move|p2a: Kleavor|Stone Axe|p1a: Toxapex
|-damage|p1a: Toxapex|52/100
|-sidestart|p1: destined1jnp|move: Stealth Rock
|move|p1a: Toxapex|Toxic Spikes|p2a: Kleavor
|-sidestart|p2: pokefanfdj|move: Toxic Spikes
|
|-heal|p1a: Toxapex|58/100|[from] item: Leftovers
|-damage|p2a: Kleavor|46/100 tox|[from] psn
|upkeep
|turn|16
|
|t:|1760353220
|switch|p2a: Brambleghast|Brambleghast, F|47/100 tox
|-ability|p2a: Brambleghast|Wind Rider|boost
|-boost|p2a: Brambleghast|atk|1
|switch|p1a: Corviknight|Corviknight, M, shiny|100/100
|-damage|p1a: Corviknight|88/100|[from] Stealth Rock
|-ability|p1a: Corviknight|Pressure
|
|-heal|p1a: Corviknight|94/100|[from] item: Leftovers
|-damage|p2a: Brambleghast|41/100 tox|[from] psn
|-sideend|p2: pokefanfdj|move: Tailwind
|upkeep
|turn|17
|
|t:|1760353226
|move|p2a: Brambleghast|Poltergeist|p1a: Corviknight
|-activate|p1a: Corviknight|move: Poltergeist|Leftovers
|-damage|p1a: Corviknight|49/100
|move|p1a: Corviknight|Iron Defense|p1a: Corviknight
|-boost|p1a: Corviknight|def|2
|
|-heal|p1a: Corviknight|55/100|[from] item: Leftovers
|-damage|p2a: Brambleghast|29/100 tox|[from] psn
|upkeep
|turn|18
|
|t:|1760353231
|move|p2a: Brambleghast|Rapid Spin|p1a: Corviknight
|-resisted|p1a: Corviknight
|-damage|p1a: Corviknight|51/100
|-boost|p2a: Brambleghast|spe|1
|-sideend|p2: pokefanfdj|Toxic Spikes|[from] move: Rapid Spin|[of] p2a: Brambleghast
|move|p1a: Corviknight|Roost|p1a: Corviknight
|-heal|p1a: Corviknight|100/100
|-singleturn|p1a: Corviknight|move: Roost
|
|-damage|p2a: Brambleghast|11/100 tox|[from] psn
|upkeep
|turn|19
|
|t:|1760353242
|switch|p2a: Dondozo|Dondozo, F|100/100
|move|p1a: Corviknight|Defog|p2a: Dondozo
|-unboost|p2a: Dondozo|evasion|1
|-sideend|p1: destined1jnp|Stealth Rock|[from] move: Defog|[of] p1a: Corviknight
|
|upkeep
|turn|20
|
|t:|1760353252
|move|p1a: Corviknight|Iron Defense|p1a: Corviknight
|-boost|p1a: Corviknight|def|2
|move|p2a: Dondozo|Curse|p2a: Dondozo
|-unboost|p2a: Dondozo|spe|1
|-boost|p2a: Dondozo|atk|1
|-boost|p2a: Dondozo|def|1
|
|upkeep
|turn|21
|
|t:|1760353265
|switch|p1a: Toxapex|Toxapex, F, shiny|92/100
|move|p2a: Dondozo|Liquidation|p1a: Toxapex
|-resisted|p1a: Toxapex
|-damage|p1a: Toxapex|72/100
|
|-heal|p1a: Toxapex|78/100|[from] item: Leftovers
|upkeep
|turn|22
|
|t:|1760353273
|switch|p2a: Kingambit|Kingambit, M|100/100
|move|p1a: Toxapex|Haze|p1a: Toxapex
|-clearallboost
|
|-heal|p1a: Toxapex|84/100|[from] item: Leftovers
|upkeep
|turn|23
|
|t:|1760353279
|move|p2a: Kingambit|Swords Dance|p2a: Kingambit
|-boost|p2a: Kingambit|atk|2
|move|p1a: Toxapex|Toxic Spikes|p2a: Kingambit
|-sidestart|p2: pokefanfdj|move: Toxic Spikes
|
|-heal|p1a: Toxapex|91/100|[from] item: Leftovers
|upkeep
|turn|24
|
|t:|1760353285
|move|p2a: Kingambit|Kowtow Cleave|p1a: Toxapex
|-damage|p1a: Toxapex|15/100
|move|p1a: Toxapex|Haze|p1a: Toxapex
|-clearallboost
|
|-heal|p1a: Toxapex|21/100|[from] item: Leftovers
|upkeep
|turn|25
|
|t:|1760353297
|switch|p1a: Corviknight|Corviknight, M, shiny|100/100
|-ability|p1a: Corviknight|Pressure
|move|p2a: Kingambit|Swords Dance|p2a: Kingambit
|-boost|p2a: Kingambit|atk|2
|
|upkeep
|turn|26
|
|t:|1760353302
|-terastallize|p2a: Kingambit|Flying
|move|p2a: Kingambit|Kowtow Cleave|p1a: Corviknight
|-damage|p1a: Corviknight|43/100
|move|p1a: Corviknight|Body Press|p2a: Kingambit
|-resisted|p2a: Kingambit
|-damage|p2a: Kingambit|90/100
|
|-heal|p2a: Kingambit|96/100|[from] item: Leftovers
|-heal|p1a: Corviknight|49/100|[from] item: Leftovers
|upkeep
|turn|27
|
|t:|1760353326
|-terastallize|p1a: Corviknight|Fighting
|move|p2a: Kingambit|Kowtow Cleave|p1a: Corviknight
|-resisted|p1a: Corviknight
|-damage|p1a: Corviknight|21/100
|move|p1a: Corviknight|Roost|p1a: Corviknight
|-heal|p1a: Corviknight|71/100
|
|-heal|p2a: Kingambit|100/100|[from] item: Leftovers
|-heal|p1a: Corviknight|77/100|[from] item: Leftovers
|upkeep
|turn|28
|
|t:|1760353334
|move|p2a: Kingambit|Low Kick|p1a: Corviknight
|-damage|p1a: Corviknight|42/100
|move|p1a: Corviknight|Iron Defense|p1a: Corviknight
|-boost|p1a: Corviknight|def|2
|
|-heal|p1a: Corviknight|49/100|[from] item: Leftovers
|upkeep
|turn|29
|
|t:|1760353337
|move|p2a: Kingambit|Swords Dance|p2a: Kingambit
|-boost|p2a: Kingambit|atk|2
|move|p1a: Corviknight|Roost|p1a: Corviknight
|-heal|p1a: Corviknight|99/100
|
|-heal|p1a: Corviknight|100/100|[from] item: Leftovers
|upkeep
|turn|30
|
|t:|1760353341
|move|p2a: Kingambit|Low Kick|p1a: Corviknight
|-damage|p1a: Corviknight|72/100
|move|p1a: Corviknight|Iron Defense|p1a: Corviknight
|-boost|p1a: Corviknight|def|2
|
|-heal|p1a: Corviknight|79/100|[from] item: Leftovers
|upkeep
|turn|31
|
|t:|1760353347
|-end|p2a: Kingambit|fallenundefined|[silent]
|switch|p2a: Moltres|Moltres|100/100
|move|p1a: Corviknight|Iron Defense|p1a: Corviknight
|-boost|p1a: Corviknight|def|2
|
|-heal|p1a: Corviknight|85/100|[from] item: Leftovers
|upkeep
|turn|32
|
|t:|1760353354
|switch|p2a: Kingambit|Kingambit, M, tera:Flying|100/100
|switch|p1a: Toxapex|Toxapex, F, shiny|54/100
|
|-heal|p1a: Toxapex|60/100|[from] item: Leftovers
|upkeep
|turn|33
|
|t:|1760353359
|switch|p1a: Corviknight|Corviknight, M, shiny, tera:Fighting|85/100
|-ability|p1a: Corviknight|Pressure
|move|p2a: Kingambit|Swords Dance|p2a: Kingambit
|-boost|p2a: Kingambit|atk|2
|
|-heal|p1a: Corviknight|91/100|[from] item: Leftovers
|upkeep
|turn|34
|
|t:|1760353366
|move|p2a: Kingambit|Low Kick|p1a: Corviknight
|-damage|p1a: Corviknight|54/100
|move|p1a: Corviknight|Iron Defense|p1a: Corviknight
|-boost|p1a: Corviknight|def|2
|
|-heal|p1a: Corviknight|61/100|[from] item: Leftovers
|upkeep
|turn|35
|
|t:|1760353372
|-end|p2a: Kingambit|fallenundefined|[silent]
|switch|p2a: Moltres|Moltres|100/100
|move|p1a: Corviknight|Body Press|p2a: Moltres
|-resisted|p2a: Moltres
|-damage|p2a: Moltres|71/100
|
|-heal|p1a: Corviknight|67/100|[from] item: Leftovers
|upkeep
|turn|36
|
|t:|1760353387
|switch|p1a: Weezing|Weezing-Galar, F, shiny|100/100
|-ability|p1a: Weezing|Neutralizing Gas
|move|p2a: Moltres|Fire Blast|p1a: Weezing
|-damage|p1a: Weezing|40/100
|-status|p1a: Weezing|brn
|
|-damage|p1a: Weezing|34/100 brn|[from] brn
|upkeep
|turn|37
|
|t:|1760353400
|-end|p1a: Weezing|ability: Neutralizing Gas
|switch|p1a: Toxapex|Toxapex, F, shiny|94/100
|move|p2a: Moltres|Air Slash|p1a: Toxapex
|-damage|p1a: Toxapex|77/100
|
|-heal|p1a: Toxapex|83/100|[from] item: Leftovers
|upkeep
|turn|38
|
|t:|1760353407
|switch|p2a: Blissey|Blissey, F|100/100
|-status|p2a: Blissey|psn
|move|p1a: Toxapex|Toxic||[still]
|-fail|p1a: Toxapex
|
|-heal|p1a: Toxapex|89/100|[from] item: Leftovers
|-damage|p2a: Blissey|88/100 psn|[from] psn
|upkeep
|turn|39
|
|t:|1760353415
|switch|p1a: Corviknight|Corviknight, M, shiny, tera:Fighting|67/100
|-ability|p1a: Corviknight|Pressure
|move|p2a: Blissey|Thunder Wave|p1a: Corviknight|[miss]
|-miss|p2a: Blissey|p1a: Corviknight
|
|-heal|p1a: Corviknight|73/100|[from] item: Leftovers
|-heal|p2a: Blissey|94/100 psn|[from] item: Leftovers
|-damage|p2a: Blissey|82/100 psn|[from] psn
|upkeep
|turn|40
|
|t:|1760353423
|-curestatus|p2a: Blissey|psn|[from] ability: Natural Cure
|switch|p2a: Moltres|Moltres|71/100
|move|p1a: Corviknight|Body Press|p2a: Moltres
|-resisted|p2a: Moltres
|-damage|p2a: Moltres|57/100
|-status|p1a: Corviknight|brn|[from] ability: Flame Body|[of] p2a: Moltres
|
|-heal|p1a: Corviknight|79/100 brn|[from] item: Leftovers
|-damage|p1a: Corviknight|73/100 brn|[from] brn
|upkeep
|turn|41
|
|t:|1760353436
|switch|p2a: Kingambit|Kingambit, M, tera:Flying|100/100
|switch|p1a: Toxapex|Toxapex, F, shiny|100/100
|
|upkeep
|turn|42
|
|t:|1760353442
|switch|p1a: Corviknight|Corviknight, M, shiny, tera:Fighting|73/100 brn
|-ability|p1a: Corviknight|Pressure
|move|p2a: Kingambit|Kowtow Cleave|p1a: Corviknight
|-resisted|p1a: Corviknight
|-damage|p1a: Corviknight|57/100 brn
|
|-heal|p1a: Corviknight|63/100 brn|[from] item: Leftovers
|-damage|p1a: Corviknight|57/100 brn|[from] brn
|upkeep
|turn|43
|
|t:|1760353449
|move|p2a: Kingambit|Low Kick|p1a: Corviknight
|-damage|p1a: Corviknight|39/100 brn
|move|p1a: Corviknight|Iron Defense|p1a: Corviknight
|-boost|p1a: Corviknight|def|2
|
|-heal|p1a: Corviknight|45/100 brn|[from] item: Leftovers
|-damage|p1a: Corviknight|39/100 brn|[from] brn
|upkeep
|turn|44
|
|t:|1760353457
|-end|p2a: Kingambit|fallenundefined|[silent]
|switch|p2a: Moltres|Moltres|57/100
|move|p1a: Corviknight|Roost|p1a: Corviknight
|-heal|p1a: Corviknight|89/100 brn
|
|-heal|p1a: Corviknight|95/100 brn|[from] item: Leftovers
|-damage|p1a: Corviknight|89/100 brn|[from] brn
|upkeep
|turn|45
|
|t:|1760353473
|switch|p1a: Blissey|Blissey, F|100/100
|move|p2a: Moltres|Roost|p2a: Moltres
|-heal|p2a: Moltres|100/100
|-singleturn|p2a: Moltres|move: Roost
|
|upkeep
|turn|46
|
|t:|1760353481
|switch|p2a: Blissey|Blissey, F|82/100
|-status|p2a: Blissey|psn
|move|p1a: Blissey|Stealth Rock|p2a: Blissey
|-sidestart|p2: pokefanfdj|move: Stealth Rock
|
|-heal|p2a: Blissey|88/100 psn|[from] item: Leftovers
|-damage|p2a: Blissey|75/100 psn|[from] psn
|upkeep
|turn|47
|
|t:|1760353491
|move|p2a: Blissey|Heal Bell|p2a: Blissey
|-activate|p2a: Blissey|move: Heal Bell
|-curestatus|p2a: Blissey|psn|[msg]
|-curestatus|p2: Kleavor|tox|[msg]
|-curestatus|p2: Brambleghast|tox|[msg]
|move|p1a: Blissey|Seismic Toss|p2a: Blissey
|-damage|p2a: Blissey|61/100
|
|-heal|p2a: Blissey|68/100|[from] item: Leftovers
|upkeep
|turn|48
|
|t:|1760353503
|move|p2a: Blissey|Thunder Wave|p1a: Blissey
|-status|p1a: Blissey|par
|move|p1a: Blissey|Seismic Toss|p2a: Blissey
|-damage|p2a: Blissey|54/100
|
|-heal|p2a: Blissey|60/100|[from] item: Leftovers
|upkeep
|turn|49
|
|t:|1760353515
|switch|p2a: Kingambit|Kingambit, M, tera:Flying|100/100
|-damage|p2a: Kingambit|76/100|[from] Stealth Rock
|-curestatus|p1a: Blissey|par|[from] ability: Natural Cure
|switch|p1a: Weezing|Weezing-Galar, F, shiny|34/100 brn
|-ability|p1a: Weezing|Neutralizing Gas
|
|-heal|p2a: Kingambit|82/100|[from] item: Leftovers
|-damage|p1a: Weezing|28/100 brn|[from] brn
|upkeep
|turn|50
|inactive|destined1jnp has 120 seconds left.
|
|t:|1760353564
|-end|p1a: Weezing|ability: Neutralizing Gas
|switch|p1a: Gliscor|Gliscor, M|100/100
|move|p2a: Kingambit|Kowtow Cleave|p1a: Gliscor
|-damage|p1a: Gliscor|60/100
|
|-heal|p2a: Kingambit|88/100|[from] item: Leftovers
|-status|p1a: Gliscor|tox|[from] item: Toxic Orb
|upkeep
|turn|51
|
|t:|1760353569
|move|p1a: Gliscor|Knock Off|p2a: Kingambit
|-damage|p2a: Kingambit|71/100
|-enditem|p2a: Kingambit|Leftovers|[from] move: Knock Off|[of] p1a: Gliscor
|move|p2a: Kingambit|Swords Dance|p2a: Kingambit
|-boost|p2a: Kingambit|atk|2
|
|-heal|p1a: Gliscor|72/100 tox|[from] ability: Poison Heal
|upkeep
|turn|52
|inactive|destined1jnp has 120 seconds left.
|
|t:|1760353578
|switch|p1a: Toxapex|Toxapex, F, shiny|100/100
|move|p2a: Kingambit|Kowtow Cleave|p1a: Toxapex
|-damage|p1a: Toxapex|23/100
|
|-heal|p1a: Toxapex|29/100|[from] item: Leftovers
|upkeep
|turn|53
|inactive|destined1jnp has 120 seconds left.
|
|t:|1760353592
|switch|p1a: Dondozo|Dondozo, M, shiny|100/100
|move|p2a: Kingambit|Kowtow Cleave|p1a: Dondozo
|-damage|p1a: Dondozo|80/100
|
|-heal|p1a: Dondozo|86/100|[from] item: Leftovers
|upkeep
|turn|54
|
|t:|1760353603
|-end|p2a: Kingambit|fallenundefined|[silent]
|switch|p2a: Brambleghast|Brambleghast, F|11/100
|-status|p2a: Brambleghast|psn
|-damage|p2a: Brambleghast|0 fnt|[from] Stealth Rock
|faint|p2a: Brambleghast
|move|p1a: Dondozo|Avalanche|p2: Brambleghast|[notarget]
|-fail|p1a: Dondozo
|
|-heal|p1a: Dondozo|92/100|[from] item: Leftovers
|upkeep
|
|t:|1760353607
|switch|p2a: Dondozo|Dondozo, F|100/100
|-status|p2a: Dondozo|psn
|-damage|p2a: Dondozo|88/100 psn|[from] Stealth Rock
|turn|55
|
|t:|1760353614
|move|p1a: Dondozo|Earthquake|p2a: Dondozo
|-damage|p2a: Dondozo|75/100 psn
|move|p2a: Dondozo|Curse|p2a: Dondozo
|-unboost|p2a: Dondozo|spe|1
|-boost|p2a: Dondozo|atk|1
|-boost|p2a: Dondozo|def|1
|
|-heal|p1a: Dondozo|99/100|[from] item: Leftovers
|-heal|p2a: Dondozo|82/100 psn|[from] item: Leftovers
|-damage|p2a: Dondozo|69/100 psn|[from] psn
|upkeep
|turn|56
|
|t:|1760353619
|switch|p1a: Toxapex|Toxapex, F, shiny|62/100
|move|p2a: Dondozo|Curse|p2a: Dondozo
|-unboost|p2a: Dondozo|spe|1
|-boost|p2a: Dondozo|atk|1
|-boost|p2a: Dondozo|def|1
|
|-heal|p1a: Toxapex|68/100|[from] item: Leftovers
|-heal|p2a: Dondozo|75/100 psn|[from] item: Leftovers
|-damage|p2a: Dondozo|63/100 psn|[from] psn
|upkeep
|turn|57
|
|t:|1760353626
|move|p1a: Toxapex|Haze|p1a: Toxapex
|-clearallboost
|move|p2a: Dondozo|Liquidation|p1a: Toxapex
|-resisted|p1a: Toxapex
|-damage|p1a: Toxapex|57/100
|
|-heal|p1a: Toxapex|63/100|[from] item: Leftovers
|-heal|p2a: Dondozo|69/100 psn|[from] item: Leftovers
|-damage|p2a: Dondozo|56/100 psn|[from] psn
|upkeep
|turn|58
|
|t:|1760353633
|move|p1a: Toxapex|Toxic Spikes|p2a: Dondozo
|-sidestart|p2: pokefanfdj|move: Toxic Spikes
|move|p2a: Dondozo|Rest|p2a: Dondozo
|-status|p2a: Dondozo|slp|[from] move: Rest
|-heal|p2a: Dondozo|100/100 slp|[silent]
|
|-heal|p1a: Toxapex|69/100|[from] item: Leftovers
|upkeep
|turn|59
|
|t:|1760353637
|switch|p1a: Weezing|Weezing-Galar, F, shiny|28/100 brn
|-ability|p1a: Weezing|Neutralizing Gas
|cant|p2a: Dondozo|slp
|move|p2a: Dondozo|Sleep Talk|p2a: Dondozo
|move|p2a: Dondozo|Curse|p2a: Dondozo|[from] move: Sleep Talk
|-unboost|p2a: Dondozo|spe|1
|-boost|p2a: Dondozo|atk|1
|-boost|p2a: Dondozo|def|1
|
|-damage|p1a: Weezing|22/100 brn|[from] brn
|upkeep
|turn|60
|
|t:|1760353640
|move|p1a: Weezing|Pain Split|p2a: Dondozo
|-sethp|p2a: Dondozo|58/100 slp|[from] move: Pain Split|[silent]
|-sethp|p1a: Weezing|87/100 brn|[from] move: Pain Split
|cant|p2a: Dondozo|slp
|move|p2a: Dondozo|Sleep Talk|p2a: Dondozo
|move|p2a: Dondozo|Rest||[from] move: Sleep Talk|[still]
|-fail|p2a: Dondozo
|
|-heal|p2a: Dondozo|64/100 slp|[from] item: Leftovers
|-damage|p1a: Weezing|81/100 brn|[from] brn
|upkeep
|turn|61
|
|t:|1760353654
|-end|p1a: Weezing|ability: Neutralizing Gas
|switch|p1a: Toxapex|Toxapex, F, shiny|100/100
|-curestatus|p2a: Dondozo|slp|[msg]
|move|p2a: Dondozo|Liquidation|p1a: Toxapex
|-resisted|p1a: Toxapex
|-damage|p1a: Toxapex|83/100
|-unboost|p1a: Toxapex|def|1
|
|-heal|p1a: Toxapex|90/100|[from] item: Leftovers
|-heal|p2a: Dondozo|70/100|[from] item: Leftovers
|upkeep
|turn|62
|
|t:|1760353660
|switch|p2a: Kingambit|Kingambit, M, tera:Flying|71/100
|-damage|p2a: Kingambit|46/100|[from] Stealth Rock
|-activate|p2a: Kingambit|ability: Supreme Overlord
|-start|p2a: Kingambit|fallen1|[silent]
|move|p1a: Toxapex|Toxic|p2a: Kingambit
|-status|p2a: Kingambit|tox
|
|-heal|p1a: Toxapex|96/100|[from] item: Leftovers
|-damage|p2a: Kingambit|40/100 tox|[from] psn
|upkeep
|turn|63
|
|t:|1760353675
|move|p2a: Kingambit|Kowtow Cleave|p1a: Toxapex
|-damage|p1a: Toxapex|28/100
|move|p1a: Toxapex|Haze|p1a: Toxapex
|-clearallboost
|
|-heal|p1a: Toxapex|34/100|[from] item: Leftovers
|-damage|p2a: Kingambit|28/100 tox|[from] psn
|upkeep
|turn|64
|
|t:|1760353679
|switch|p1a: Corviknight|Corviknight, M, shiny, tera:Fighting|89/100 brn
|-ability|p1a: Corviknight|Pressure
|move|p2a: Kingambit|Low Kick|p1a: Corviknight
|-damage|p1a: Corviknight|67/100 brn
|
|-heal|p1a: Corviknight|73/100 brn|[from] item: Leftovers
|-damage|p2a: Kingambit|10/100 tox|[from] psn
|-damage|p1a: Corviknight|67/100 brn|[from] brn
|upkeep
|turn|65
|
|t:|1760353692
|-end|p2a: Kingambit|fallen1|[silent]
|switch|p2a: Dondozo|Dondozo, F|70/100
|-status|p2a: Dondozo|tox
|-damage|p2a: Dondozo|57/100 tox|[from] Stealth Rock
|move|p1a: Corviknight|Roost|p1a: Corviknight
|-heal|p1a: Corviknight|100/100 brn
|
|-heal|p2a: Dondozo|64/100 tox|[from] item: Leftovers
|-damage|p2a: Dondozo|57/100 tox|[from] psn
|-damage|p1a: Corviknight|94/100 brn|[from] brn
|upkeep
|turn|66
|
|t:|1760353711
|switch|p2a: Kleavor|Kleavor, M|46/100
|-status|p2a: Kleavor|tox
|-damage|p2a: Kleavor|21/100 tox|[from] Stealth Rock
|move|p1a: Corviknight|Iron Defense|p1a: Corviknight
|-boost|p1a: Corviknight|def|2
|
|-heal|p1a: Corviknight|100/100 brn|[from] item: Leftovers
|-damage|p2a: Kleavor|15/100 tox|[from] psn
|-damage|p1a: Corviknight|94/100 brn|[from] brn
|upkeep
|turn|67
|l|☆pokefanfdj
|inactive|pokefanfdj disconnected and has a minute to reconnect!
|player|p2|
|inactive|pokefanfdj has 30 seconds to reconnect!
|inactive|pokefanfdj has 20 seconds to reconnect!
|inactive|pokefanfdj has 15 seconds to reconnect!
|inactive|pokefanfdj has 10 seconds to reconnect!
|inactive|pokefanfdj has 5 seconds to reconnect!
|-message|pokefanfdj lost due to inactivity.
|
|win|destined1jnp
|raw|destined1jnp's rating: 1258 &rarr; <strong>1284</strong><br />(+26 for winning)
|raw|pokefanfdj's rating: 1268 &rarr; <strong>1242</strong><br />(-26 for losing)
|l|‽destined1jnp
|player|p1|
|j|‽destined1jnp
|player|p1|destined1jnp|will|
|n|‽destined1jnp|destined1jnp
|l|‽destined1jnp
|player|p1|
