|j|☆zabzib
|j|☆slichez
|t:|1760329614
|gametype|singles
|player|p1|zabzib|gambler|1116
|player|p2|slichez|102|1164
|gen|9
|tier|[Gen 9] OU
|rated|
|rule|HP Percentage Mod: HP is shown in percentages
|rule|Endless Battle Clause: Forcing endless battles is banned
|rule|Species Clause: Limit one of each Pokémon
|rule|OHKO Clause: OHKO moves are banned
|rule|Evasion Items Clause: Evasion items are banned
|rule|Evasion Moves Clause: Evasion moves are banned
|rule|Evasion Abilities Clause: Evasion abilities are banned
|rule|Sleep Moves Clause: Sleep-inducing moves are banned
|clearpoke
|poke|p1|Ribombee, F|
|poke|p1|Orthworm, F|
|poke|p1|Ceruledge, F|
|poke|p1|Zoroark-Hisui, F|
|poke|p1|Gliscor, F|
|poke|p1|Bellibolt, M|
|poke|p2|Slowking-Galar, M|
|poke|p2|Alomomola, F|
|poke|p2|Kingambit, F|
|poke|p2|Pecharunt|
|poke|p2|Raging Bolt|
|poke|p2|Landorus-Therian, M|
|teampreview
|
|t:|1760329636
|teamsize|p1|6
|teamsize|p2|6
|start
|switch|p1a: Ribombee|Ribombee, F, shiny|100/100
|switch|p2a: Landorus|Landorus-Therian, M|100/100
|-ability|p2a: Landorus|Intimidate|boost
|-unboost|p1a: Ribombee|atk|1
|turn|1
|
|t:|1760329642
|move|p1a: Ribombee|Quiver Dance|p1a: Ribombee
|-boost|p1a: Ribombee|spa|1
|-boost|p1a: Ribombee|spd|1
|-boost|p1a: Ribombee|spe|1
|move|p2a: Landorus|Stealth Rock|p1a: Ribombee
|-sidestart|p1: zabzib|move: Stealth Rock
|
|upkeep
|turn|2
|
|t:|1760329657
|move|p1a: Ribombee|Draining Kiss|p2a: Landorus
|-damage|p2a: Landorus|64/100
|-damage|p1a: Ribombee|84/100|[from] item: Rocky Helmet|[of] p2a: Landorus
|move|p2a: Landorus|U-turn|p1a: Ribombee
|-resisted|p1a: Ribombee
|-damage|p1a: Ribombee|66/100
|
|t:|1760329665
|switch|p2a: Slowking|Slowking-Galar, M, shiny|100/100|[from] U-turn
|
|upkeep
|turn|3
|
|t:|1760329674
|-terastallize|p1a: Ribombee|Dark
|move|p1a: Ribombee|Quiver Dance|p1a: Ribombee
|-boost|p1a: Ribombee|spa|1
|-boost|p1a: Ribombee|spd|1
|-boost|p1a: Ribombee|spe|1
|move|p2a: Slowking|Sludge Bomb|p1a: Ribombee
|-damage|p1a: Ribombee|28/100
|
|upkeep
|turn|4
|
|t:|1760329685
|move|p1a: Ribombee|Stored Power|p2a: Slowking
|-damage|p2a: Slowking|57/100
|move|p2a: Slowking|Sludge Bomb|p1a: Ribombee
|-damage|p1a: Ribombee|0 fnt
|faint|p1a: Ribombee
|
|upkeep
|
|t:|1760329693
|switch|p1a: Orthworm|Orthworm, F, shiny|100/100
|-damage|p1a: Orthworm|94/100|[from] Stealth Rock
|turn|5
|
|t:|1760329709
|move|p1a: Orthworm|Iron Defense|p1a: Orthworm
|-boost|p1a: Orthworm|def|2
|move|p2a: Slowking|Flamethrower|p1a: Orthworm
|-supereffective|p1a: Orthworm
|-damage|p1a: Orthworm|6/100
|
|-heal|p1a: Orthworm|12/100|[from] item: Leftovers
|upkeep
|turn|6
|
|t:|1760329717
|move|p1a: Orthworm|Earthquake|p2a: Slowking
|-supereffective|p2a: Slowking
|-damage|p2a: Slowking|2/100
|move|p2a: Slowking|Flamethrower|p1a: Orthworm
|-supereffective|p1a: Orthworm
|-damage|p1a: Orthworm|0 fnt
|faint|p1a: Orthworm
|
|upkeep
|
|t:|1760329725
|switch|p1a: Gliscor|Gliscor, F, shiny|100/100
|-damage|p1a: Gliscor|88/100|[from] Stealth Rock
|turn|7
|
|t:|1760329730
|move|p1a: Gliscor|Acrobatics|p2a: Slowking
|-damage|p2a: Slowking|0 fnt
|faint|p2a: Slowking
|
|-status|p1a: Gliscor|tox|[from] item: Toxic Orb
|upkeep
|
|t:|1760329736
|switch|p2a: Landorus|Landorus-Therian, M|64/100
|-ability|p2a: Landorus|Intimidate|boost
|-unboost|p1a: Gliscor|atk|1
|turn|8
|
|t:|1760329743
|move|p1a: Gliscor|Fling|p2a: Landorus
|-damage|p2a: Landorus|58/100
|-status|p2a: Landorus|tox
|-enditem|p1a: Gliscor|Toxic Orb|[from] move: Fling
|move|p2a: Landorus|Taunt|p1a: Gliscor
|-start|p1a: Gliscor|move: Taunt
|
|-heal|p1a: Gliscor|100/100 tox|[from] ability: Poison Heal
|-damage|p2a: Landorus|52/100 tox|[from] psn
|upkeep
|turn|9
|
|t:|1760329755
|move|p1a: Gliscor|Thief|p2a: Landorus
|-damage|p2a: Landorus|41/100 tox
|-damage|p1a: Gliscor|84/100 tox|[from] item: Rocky Helmet|[of] p2a: Landorus
|-enditem|p2a: Landorus|Rocky Helmet|[silent]|[from] move: Thief|[of] p1a: Gliscor
|-item|p1a: Gliscor|Rocky Helmet|[from] move: Thief|[of] p2a: Landorus
|move|p2a: Landorus|U-turn|p1a: Gliscor
|-resisted|p1a: Gliscor
|-damage|p1a: Gliscor|74/100 tox
|-damage|p2a: Landorus|24/100 tox|[from] item: Rocky Helmet|[of] p1a: Gliscor
|
|t:|1760329790
|switch|p2a: Pecharunt|Pecharunt|100/100|[from] U-turn
|
|-heal|p1a: Gliscor|86/100 tox|[from] ability: Poison Heal
|upkeep
|turn|10
|
|t:|1760329797
|move|p1a: Gliscor|Earthquake|p2a: Pecharunt
|-supereffective|p2a: Pecharunt
|-damage|p2a: Pecharunt|57/100
|move|p2a: Pecharunt|Nasty Plot|p2a: Pecharunt
|-boost|p2a: Pecharunt|spa|2
|
|-heal|p1a: Gliscor|99/100 tox|[from] ability: Poison Heal
|upkeep
|turn|11
|
|t:|1760329809
|move|p1a: Gliscor|Earthquake|p2a: Pecharunt
|-supereffective|p2a: Pecharunt
|-crit|p2a: Pecharunt
|-damage|p2a: Pecharunt|0 fnt
|faint|p2a: Pecharunt
|
|-heal|p1a: Gliscor|100/100 tox|[from] ability: Poison Heal
|-end|p1a: Gliscor|move: Taunt
|upkeep
|
|t:|1760329817
|switch|p2a: Alomomola|Alomomola, F|100/100
|turn|12
|
|t:|1760329825
|move|p1a: Gliscor|Earthquake|p2a: Alomomola
|-damage|p2a: Alomomola|86/100
|move|p2a: Alomomola|Scald|p1a: Gliscor
|-supereffective|p1a: Gliscor
|-damage|p1a: Gliscor|57/100 tox
|
|-heal|p1a: Gliscor|70/100 tox|[from] ability: Poison Heal
|upkeep
|turn|13
|
|t:|1760329833
|move|p1a: Gliscor|Fling|p2a: Alomomola
|-damage|p2a: Alomomola|81/100
|-enditem|p1a: Gliscor|Rocky Helmet|[from] move: Fling
|move|p2a: Alomomola|Scald|p1a: Gliscor
|-supereffective|p1a: Gliscor
|-crit|p1a: Gliscor
|-damage|p1a: Gliscor|13/100 tox
|
|-heal|p1a: Gliscor|26/100 tox|[from] ability: Poison Heal
|upkeep
|turn|14
|
|t:|1760329844
|switch|p1a: Bellibolt|Bellibolt, M, shiny|100/100
|-damage|p1a: Bellibolt|88/100|[from] Stealth Rock
|move|p2a: Alomomola|Wish|p2a: Alomomola
|
|-heal|p1a: Bellibolt|94/100|[from] item: Leftovers
|upkeep
|turn|15
|
|t:|1760329856
|move|p1a: Bellibolt|Soak|p2a: Alomomola
|-fail|p2a: Alomomola
|move|p2a: Alomomola|Flip Turn|p1a: Bellibolt
|-damage|p1a: Bellibolt|81/100
|-start|p1a: Bellibolt|Charge|Flip Turn|[from] ability: Electromorphosis
|
|t:|1760329866
|switch|p2a: Landorus|Landorus-Therian, M|24/100 tox|[from] Flip Turn
|-ability|p2a: Landorus|Intimidate|boost
|-unboost|p1a: Bellibolt|atk|1
|
|-heal|p2a: Landorus|94/100 tox|[from] move: Wish|[wisher] Alomomola
|-heal|p1a: Bellibolt|87/100|[from] item: Leftovers
|-damage|p2a: Landorus|88/100 tox|[from] psn
|upkeep
|turn|16
|
|t:|1760329881
|move|p2a: Landorus|Taunt|p1a: Bellibolt
|-start|p1a: Bellibolt|move: Taunt
|cant|p1a: Bellibolt|move: Taunt|Soak
|
|-heal|p1a: Bellibolt|93/100|[from] item: Leftovers
|-damage|p2a: Landorus|76/100 tox|[from] psn
|upkeep
|turn|17
|
|t:|1760329890
|switch|p1a: Gliscor|Gliscor, F, shiny|26/100 tox
|-damage|p1a: Gliscor|13/100 tox|[from] Stealth Rock
|move|p2a: Landorus|Earth Power|p1a: Gliscor
|-immune|p1a: Gliscor
|
|-heal|p1a: Gliscor|26/100 tox|[from] ability: Poison Heal
|-damage|p2a: Landorus|58/100 tox|[from] psn
|upkeep
|turn|18
|
|t:|1760329906
|move|p1a: Gliscor|Acrobatics|p2a: Landorus
|-damage|p2a: Landorus|12/100 tox
|move|p2a: Landorus|U-turn|p1a: Gliscor
|-resisted|p1a: Gliscor
|-damage|p1a: Gliscor|16/100 tox
|
|t:|1760329912
|switch|p2a: Alomomola|Alomomola, F|100/100|[from] U-turn
|
|-heal|p1a: Gliscor|29/100 tox|[from] ability: Poison Heal
|upkeep
|turn|19
|
|t:|1760329927
|move|p1a: Gliscor|Thief|p2a: Alomomola
|-damage|p2a: Alomomola|92/100
|-enditem|p2a: Alomomola|Heavy-Duty Boots|[silent]|[from] move: Thief|[of] p1a: Gliscor
|-item|p1a: Gliscor|Heavy-Duty Boots|[from] move: Thief|[of] p2a: Alomomola
|move|p2a: Alomomola|Scald|p1a: Gliscor
|-supereffective|p1a: Gliscor
|-damage|p1a: Gliscor|0 fnt
|faint|p1a: Gliscor
|
|upkeep
|
|t:|1760329935
|switch|p1a: Bellibolt|Bellibolt, M, shiny|93/100
|-damage|p1a: Bellibolt|81/100|[from] Stealth Rock
|turn|20
|
|t:|1760329940
|move|p1a: Bellibolt|Parabolic Charge|p2a: Alomomola
|-supereffective|p2a: Alomomola
|-damage|p2a: Alomomola|11/100
|-heal|p1a: Bellibolt|100/100|[from] drain|[of] p2a: Alomomola
|move|p2a: Alomomola|Wish|p2a: Alomomola
|
|upkeep
|turn|21
|
|t:|1760329946
|switch|p2a: Landorus|Landorus-Therian, M|12/100 tox
|-ability|p2a: Landorus|Intimidate|boost
|-unboost|p1a: Bellibolt|atk|1
|move|p1a: Bellibolt|Parabolic Charge|p2a: Landorus
|-immune|p2a: Landorus
|
|-heal|p2a: Landorus|82/100 tox|[from] move: Wish|[wisher] Alomomola
|-damage|p2a: Landorus|76/100 tox|[from] psn
|upkeep
|turn|22
|
|t:|1760329957
|switch|p1a: Ceruledge|Ceruledge, F|100/100
|-damage|p1a: Ceruledge|76/100|[from] Stealth Rock
|-item|p1a: Ceruledge|Air Balloon
|move|p2a: Landorus|Taunt|p1a: Ceruledge
|-start|p1a: Ceruledge|move: Taunt
|
|-damage|p2a: Landorus|64/100 tox|[from] psn
|upkeep
|turn|23
|
|t:|1760329972
|move|p2a: Landorus|U-turn|p1a: Ceruledge
|-resisted|p1a: Ceruledge
|-damage|p1a: Ceruledge|68/100
|-enditem|p1a: Ceruledge|Air Balloon
|
|t:|1760329978
|switch|p2a: Alomomola|Alomomola, F|44/100|[from] U-turn
|move|p1a: Ceruledge|Night Slash|p2a: Alomomola
|-damage|p2a: Alomomola|32/100
|
|upkeep
|turn|24
|
|t:|1760329989
|move|p1a: Ceruledge|Close Combat|p2a: Alomomola
|-damage|p2a: Alomomola|9/100
|-unboost|p1a: Ceruledge|def|1
|-unboost|p1a: Ceruledge|spd|1
|move|p2a: Alomomola|Flip Turn|p1a: Ceruledge
|-supereffective|p1a: Ceruledge
|-damage|p1a: Ceruledge|0 fnt
|faint|p1a: Ceruledge
|
|t:|1760330006
|switch|p2a: Kingambit|Kingambit, F|100/100|[from] Flip Turn
|-activate|p2a: Kingambit|ability: Supreme Overlord
|-start|p2a: Kingambit|fallen2|[silent]
|
|upkeep
|
|t:|1760330026
|switch|p1a: Bellibolt|Bellibolt, M, shiny|100/100
|-damage|p1a: Bellibolt|88/100|[from] Stealth Rock
|-item|p1a: Bellibolt|Air Balloon
|turn|25
|
|t:|1760330043
|-singleturn|p1a: Bellibolt|move: Focus Punch
|move|p2a: Kingambit|Swords Dance|p2a: Kingambit
|-boost|p2a: Kingambit|atk|2
|move|p1a: Bellibolt|Focus Punch|p2a: Kingambit
|-supereffective|p2a: Kingambit
|-damage|p2a: Kingambit|0 fnt
|faint|p2a: Kingambit
|-end|p2a: Kingambit|fallen2|[silent]
|
|upkeep
|
|t:|1760330051
|switch|p2a: Landorus|Landorus-Therian, M|64/100 tox
|-ability|p2a: Landorus|Intimidate|boost
|-unboost|p1a: Bellibolt|atk|1
|turn|26
|
|t:|1760330060
|move|p1a: Bellibolt|Hex|p2a: Landorus
|-damage|p2a: Landorus|0 fnt
|faint|p2a: Landorus
|
|upkeep
|
|t:|1760330066
|switch|p2a: Raging Bolt|Raging Bolt|100/100
|-enditem|p2a: Raging Bolt|Booster Energy
|-activate|p2a: Raging Bolt|ability: Protosynthesis|[fromitem]
|-start|p2a: Raging Bolt|protosynthesisspa
|turn|27
|
|t:|1760330074
|-singleturn|p1a: Bellibolt|move: Focus Punch
|move|p2a: Raging Bolt|Thunderbolt|p1a: Bellibolt
|-damage|p1a: Bellibolt|0 fnt
|replace|p1a: Zoroark|Zoroark-Hisui, F, shiny
|-end|p1a: Zoroark|Illusion
|-enditem|p1a: Zoroark|Air Balloon
|faint|p1a: Zoroark
|
|upkeep
|
|t:|1760330081
|switch|p1a: Bellibolt|Bellibolt, M, shiny|100/100
|-damage|p1a: Bellibolt|88/100|[from] Stealth Rock
|turn|28
|
|t:|1760330089
|move|p2a: Raging Bolt|Dragon Pulse|p1a: Bellibolt
|-damage|p1a: Bellibolt|23/100
|-start|p1a: Bellibolt|Charge|Dragon Pulse|[from] ability: Electromorphosis
|move|p1a: Bellibolt|Soak|p2a: Raging Bolt
|-start|p2a: Raging Bolt|typechange|Water
|
|-heal|p1a: Bellibolt|29/100|[from] item: Leftovers
|upkeep
|turn|29
|
|t:|1760330097
|-terastallize|p2a: Raging Bolt|Fairy
|move|p2a: Raging Bolt|Dragon Pulse|p1a: Bellibolt
|-damage|p1a: Bellibolt|0 fnt
|faint|p1a: Bellibolt
|
|win|slichez
|raw|zabzib's rating: 1116 &rarr; <strong>1094</strong><br />(-22 for losing)
|raw|slichez's rating: 1164 &rarr; <strong>1186</strong><br />(+22 for winning)
|l|☆zabzib
|player|p1|
|l|☆slichez
|player|p2|
