|j|☆StrifePK
|j|☆ju2508
|t:|1760440701
|gametype|singles
|player|p1|StrifePK|marlon|1165
|player|p2|ju2508|1|1169
|gen|9
|tier|[Gen 9] OU
|rated|
|rule|HP Percentage Mod: HP is shown in percentages
|rule|Endless Battle Clause: Forcing endless battles is banned
|rule|Species Clause: Limit one of each Pokémon
|rule|OHKO Clause: OHKO moves are banned
|rule|Evasion Items Clause: Evasion items are banned
|rule|Evasion Moves Clause: Evasion moves are banned
|rule|Evasion Abilities Clause: Evasion abilities are banned
|rule|Sleep Moves Clause: Sleep-inducing moves are banned
|clearpoke
|poke|p1|Maushold-Four|
|poke|p1|Corviknight, M|
|poke|p1|Ribombee, F|
|poke|p1|Rillaboom, M|
|poke|p1|Dragapult, F|
|poke|p1|Toxapex, F|
|poke|p2|Trevenant, F|
|poke|p2|Rhyperior, F|
|poke|p2|Infernape, M|
|poke|p2|Honchkrow, M|
|poke|p2|Wigglytuff, F|
|poke|p2|Magnezone|
|teampreview
|inactive|Battle timer is ON: inactive players will automatically lose when time's up. (requested by ju2508)
|
|t:|1760440729
|teamsize|p1|6
|teamsize|p2|6
|start
|switch|p1a: نسيم|Ribombee, F|100/100
|switch|p2a: Wigglytuff|Wigglytuff, F|100/100
|turn|1
|
|t:|1760440736
|move|p1a: نسيم|U-turn|p2a: Wigglytuff
|-resisted|p2a: Wigglytuff
|-damage|p2a: Wigglytuff|91/100
|
|t:|1760440742
|switch|p1a: جبلطوفان|Rillaboom, M|100/100|[from] U-turn
|-fieldstart|move: Grassy Terrain|[from] ability: Grassy Surge|[of] p1a: جبلطوفان
|move|p2a: Wigglytuff|Stealth Rock|p1a: جبلطوفان
|-sidestart|p1: StrifePK|move: Stealth Rock
|
|-heal|p2a: Wigglytuff|97/100|[from] Grassy Terrain
|-heal|p2a: Wigglytuff|100/100|[from] item: Leftovers
|upkeep
|turn|2
|inactive|ju2508 has 120 seconds left.
|
|t:|1760440773
|move|p1a: جبلطوفان|Wood Hammer|p2a: Wigglytuff
|-damage|p2a: Wigglytuff|0 fnt
|faint|p2a: Wigglytuff
|-damage|p1a: جبلطوفان|61/100|[from] Recoil
|
|-heal|p1a: جبلطوفان|67/100|[from] Grassy Terrain
|-heal|p1a: جبلطوفان|73/100|[from] item: Leftovers
|upkeep
|inactive|ju2508 has 120 seconds left.
|
|t:|1760440782
|switch|p2a: Infernape|Infernape, M|100/100
|turn|3
|
|t:|1760440790
|move|p2a: Infernape|Fire Blast|p1a: جبلطوفان|[miss]
|-miss|p2a: Infernape|p1a: جبلطوفان
|move|p1a: جبلطوفان|Knock Off|p2a: Infernape
|-resisted|p2a: Infernape
|-damage|p2a: Infernape|74/100
|-enditem|p2a: Infernape|Choice Scarf|[from] move: Knock Off|[of] p1a: جبلطوفان
|
|-heal|p2a: Infernape|80/100|[from] Grassy Terrain
|-heal|p1a: جبلطوفان|79/100|[from] Grassy Terrain
|-heal|p1a: جبلطوفان|86/100|[from] item: Leftovers
|upkeep
|turn|4
|
|t:|1760440805
|switch|p1a: ماردحديد|Toxapex, F|100/100
|-damage|p1a: ماردحديد|88/100|[from] Stealth Rock
|move|p2a: Infernape|Fire Blast|p1a: ماردحديد
|-resisted|p1a: ماردحديد
|-damage|p1a: ماردحديد|69/100
|
|-heal|p2a: Infernape|87/100|[from] Grassy Terrain
|-heal|p1a: ماردحديد|75/100|[from] Grassy Terrain
|-heal|p1a: ماردحديد|81/100|[from] item: Black Sludge
|upkeep
|turn|5
|
|t:|1760440816
|switch|p2a: Magnezone|Magnezone|100/100
|move|p1a: ماردحديد|Toxic Spikes|p2a: Magnezone
|-sidestart|p2: ju2508|move: Toxic Spikes
|
|-heal|p1a: ماردحديد|88/100|[from] Grassy Terrain
|-heal|p1a: ماردحديد|94/100|[from] item: Black Sludge
|-fieldend|move: Grassy Terrain
|upkeep
|turn|6
|
|t:|1760440827
|move|p2a: Magnezone|Thunderbolt|p1a: ماردحديد
|-supereffective|p1a: ماردحديد
|-damage|p1a: ماردحديد|0 fnt
|faint|p1a: ماردحديد
|
|upkeep
|
|t:|1760440832
|switch|p1a: Ryūmon Hōzukimaru|Dragapult, F|100/100
|-damage|p1a: Ryūmon Hōzukimaru|88/100|[from] Stealth Rock
|turn|7
|
|t:|1760440836
|move|p1a: Ryūmon Hōzukimaru|Flamethrower|p2a: Magnezone
|-supereffective|p2a: Magnezone
|-damage|p2a: Magnezone|29/100
|-damage|p1a: Ryūmon Hōzukimaru|78/100|[from] item: Life Orb
|move|p2a: Magnezone|Thunderbolt|p1a: Ryūmon Hōzukimaru
|-resisted|p1a: Ryūmon Hōzukimaru
|-damage|p1a: Ryūmon Hōzukimaru|6/100
|
|upkeep
|turn|8
|
|t:|1760440850
|switch|p2a: Rhyperior|Rhyperior, F|100/100
|-status|p2a: Rhyperior|psn
|move|p1a: Ryūmon Hōzukimaru|Flamethrower|p2a: Rhyperior
|-resisted|p2a: Rhyperior
|-damage|p2a: Rhyperior|79/100 psn
|-damage|p1a: Ryūmon Hōzukimaru|0 fnt|[from] item: Life Orb
|faint|p1a: Ryūmon Hōzukimaru
|
|-damage|p2a: Rhyperior|66/100 psn|[from] psn
|upkeep
|
|t:|1760440864
|switch|p1a: Tokoyami|Corviknight, M|100/100
|-damage|p1a: Tokoyami|88/100|[from] Stealth Rock
|turn|9
|
|t:|1760440873
|move|p1a: Tokoyami|Substitute|p1a: Tokoyami
|-start|p1a: Tokoyami|Substitute
|-damage|p1a: Tokoyami|63/100
|move|p2a: Rhyperior|Stone Edge|p1a: Tokoyami
|-end|p1a: Tokoyami|Substitute
|
|-heal|p1a: Tokoyami|69/100|[from] item: Leftovers
|-damage|p2a: Rhyperior|54/100 psn|[from] psn
|upkeep
|turn|10
|
|t:|1760440882
|move|p1a: Tokoyami|Iron Defense|p1a: Tokoyami
|-boost|p1a: Tokoyami|def|2
|move|p2a: Rhyperior|Stone Edge|p1a: Tokoyami
|-damage|p1a: Tokoyami|40/100
|
|-heal|p1a: Tokoyami|46/100|[from] item: Leftovers
|-damage|p2a: Rhyperior|41/100 psn|[from] psn
|upkeep
|turn|11
|
|t:|1760440894
|switch|p2a: Infernape|Infernape, M|87/100
|-status|p2a: Infernape|psn
|move|p1a: Tokoyami|Roost|p1a: Tokoyami
|-heal|p1a: Tokoyami|96/100
|-singleturn|p1a: Tokoyami|move: Roost
|
|-heal|p1a: Tokoyami|100/100|[from] item: Leftovers
|-damage|p2a: Infernape|74/100 psn|[from] psn
|upkeep
|turn|12
|
|t:|1760440905
|-terastallize|p1a: Tokoyami|Fighting
|move|p2a: Infernape|Fire Blast|p1a: Tokoyami
|-damage|p1a: Tokoyami|52/100
|move|p1a: Tokoyami|Substitute|p1a: Tokoyami
|-start|p1a: Tokoyami|Substitute
|-damage|p1a: Tokoyami|27/100
|
|-heal|p1a: Tokoyami|33/100|[from] item: Leftovers
|-damage|p2a: Infernape|62/100 psn|[from] psn
|upkeep
|turn|13
|
|t:|1760440919
|move|p2a: Infernape|Fire Blast|p1a: Tokoyami
|-crit|p1a: Tokoyami
|-end|p1a: Tokoyami|Substitute
|move|p1a: Tokoyami|Roost|p1a: Tokoyami
|-heal|p1a: Tokoyami|83/100
|
|-heal|p1a: Tokoyami|89/100|[from] item: Leftovers
|-damage|p2a: Infernape|50/100 psn|[from] psn
|upkeep
|turn|14
|
|t:|1760440932
|move|p2a: Infernape|Fire Blast|p1a: Tokoyami
|-crit|p1a: Tokoyami
|-damage|p1a: Tokoyami|22/100
|move|p1a: Tokoyami|Iron Defense|p1a: Tokoyami
|-boost|p1a: Tokoyami|def|2
|
|-heal|p1a: Tokoyami|29/100|[from] item: Leftovers
|-damage|p2a: Infernape|37/100 psn|[from] psn
|upkeep
|turn|15
|
|t:|1760440942
|move|p2a: Infernape|Fire Blast|p1a: Tokoyami
|-damage|p1a: Tokoyami|0 fnt
|faint|p1a: Tokoyami
|
|-damage|p2a: Infernape|25/100 psn|[from] psn
|upkeep
|
|t:|1760440946
|switch|p1a: Muscle Mice|Maushold-Four|100/100
|-damage|p1a: Muscle Mice|88/100|[from] Stealth Rock
|turn|16
|
|t:|1760440953
|move|p1a: Muscle Mice|Population Bomb|p2a: Infernape
|-damage|p2a: Infernape|9/100 psn
|-crit|p2a: Infernape
|-damage|p2a: Infernape|0 fnt
|faint|p2a: Infernape
|-hitcount|p2: Infernape|2
|
|upkeep
|
|t:|1760440965
|switch|p2a: Trevenant|Trevenant, F|100/100
|-status|p2a: Trevenant|psn
|turn|17
|
|t:|1760440970
|move|p1a: Muscle Mice|Bite|p2a: Trevenant
|-supereffective|p2a: Trevenant
|-damage|p2a: Trevenant|67/100 psn
|move|p2a: Trevenant|Will-O-Wisp|p1a: Muscle Mice
|-status|p1a: Muscle Mice|brn
|
|-damage|p2a: Trevenant|54/100 psn|[from] psn
|-damage|p1a: Muscle Mice|82/100 brn|[from] brn
|upkeep
|turn|18
|
|t:|1760440983
|move|p1a: Muscle Mice|Bite|p2a: Trevenant
|-supereffective|p2a: Trevenant
|-damage|p2a: Trevenant|36/100 psn
|-enditem|p2a: Trevenant|Sitrus Berry|[eat]
|-heal|p2a: Trevenant|61/100 psn|[from] item: Sitrus Berry
|move|p2a: Trevenant|Leech Seed|p1a: Muscle Mice
|-start|p1a: Muscle Mice|move: Leech Seed
|
|-damage|p1a: Muscle Mice|69/100 brn|[from] Leech Seed|[of] p2a: Trevenant
|-heal|p2a: Trevenant|71/100 psn|[silent]
|-damage|p2a: Trevenant|59/100 psn|[from] psn
|-damage|p1a: Muscle Mice|63/100 brn|[from] brn
|-item|p2a: Trevenant|Sitrus Berry|[from] ability: Harvest
|upkeep
|turn|19
|
|t:|1760440997
|switch|p2a: Magnezone|Magnezone|29/100
|move|p1a: Muscle Mice|Bite|p2a: Magnezone
|-crit|p2a: Magnezone
|-damage|p2a: Magnezone|15/100
|
|-damage|p1a: Muscle Mice|51/100 brn|[from] Leech Seed|[of] p2a: Magnezone
|-heal|p2a: Magnezone|26/100|[silent]
|-damage|p1a: Muscle Mice|44/100 brn|[from] brn
|upkeep
|turn|20
|
|t:|1760441011
|move|p1a: Muscle Mice|Tidy Up|p1a: Muscle Mice
|-sideend|p1: StrifePK|Stealth Rock
|-sideend|p2: ju2508|Toxic Spikes
|-activate|p1a: Muscle Mice|move: Tidy Up
|-boost|p1a: Muscle Mice|atk|1
|-boost|p1a: Muscle Mice|spe|1
|move|p2a: Magnezone|Volt Switch|p1a: Muscle Mice
|-damage|p1a: Muscle Mice|0 fnt
|faint|p1a: Muscle Mice
|
|t:|1760441025
|switch|p2a: Trevenant|Trevenant, F|59/100 psn|[from] Volt Switch
|
|-damage|p2a: Trevenant|46/100 psn|[from] psn
|upkeep
|-enditem|p2a: Trevenant|Sitrus Berry|[eat]
|-heal|p2a: Trevenant|71/100 psn|[from] item: Sitrus Berry
|
|t:|1760441035
|switch|p1a: جبلطوفان|Rillaboom, M|86/100
|-fieldstart|move: Grassy Terrain|[from] ability: Grassy Surge|[of] p1a: جبلطوفان
|turn|21
|
|t:|1760441040
|move|p1a: جبلطوفان|Knock Off|p2a: Trevenant
|-supereffective|p2a: Trevenant
|-damage|p2a: Trevenant|36/100 psn
|move|p2a: Trevenant|Will-O-Wisp|p1a: جبلطوفان|[miss]
|-miss|p2a: Trevenant|p1a: جبلطوفان
|
|-heal|p1a: جبلطوفان|92/100|[from] Grassy Terrain
|-heal|p1a: جبلطوفان|98/100|[from] item: Leftovers
|-heal|p2a: Trevenant|42/100 psn|[from] Grassy Terrain
|-damage|p2a: Trevenant|30/100 psn|[from] psn
|-item|p2a: Trevenant|Sitrus Berry|[from] ability: Harvest
|upkeep
|-enditem|p2a: Trevenant|Sitrus Berry|[eat]
|-heal|p2a: Trevenant|55/100 psn|[from] item: Sitrus Berry
|turn|22
|
|t:|1760441055
|move|p1a: جبلطوفان|Knock Off|p2a: Trevenant
|-supereffective|p2a: Trevenant
|-damage|p2a: Trevenant|16/100 psn
|move|p2a: Trevenant|Will-O-Wisp|p1a: جبلطوفان
|-status|p1a: جبلطوفان|brn
|
|-heal|p1a: جبلطوفان|100/100 brn|[from] Grassy Terrain
|-heal|p2a: Trevenant|22/100 psn|[from] Grassy Terrain
|-damage|p2a: Trevenant|10/100 psn|[from] psn
|-damage|p1a: جبلطوفان|94/100 brn|[from] brn
|-item|p2a: Trevenant|Sitrus Berry|[from] ability: Harvest
|upkeep
|-enditem|p2a: Trevenant|Sitrus Berry|[eat]
|-heal|p2a: Trevenant|35/100 psn|[from] item: Sitrus Berry
|turn|23
|
|t:|1760441072
|move|p1a: جبلطوفان|Knock Off|p2a: Trevenant
|-supereffective|p2a: Trevenant
|-damage|p2a: Trevenant|16/100 psn
|move|p2a: Trevenant|Horn Leech|p1a: جبلطوفان
|-resisted|p1a: جبلطوفان
|-damage|p1a: جبلطوفان|77/100 brn
|-heal|p2a: Trevenant|25/100 psn|[from] drain|[of] p1a: جبلطوفان
|
|-heal|p1a: جبلطوفان|83/100 brn|[from] Grassy Terrain
|-heal|p1a: جبلطوفان|90/100 brn|[from] item: Leftovers
|-heal|p2a: Trevenant|31/100 psn|[from] Grassy Terrain
|-damage|p2a: Trevenant|19/100 psn|[from] psn
|-damage|p1a: جبلطوفان|83/100 brn|[from] brn
|upkeep
|turn|24
|
|t:|1760441088
|move|p1a: جبلطوفان|Knock Off|p2a: Trevenant
|-supereffective|p2a: Trevenant
|-damage|p2a: Trevenant|1/100 psn
|move|p2a: Trevenant|Horn Leech|p1a: جبلطوفان
|-resisted|p1a: جبلطوفان
|-damage|p1a: جبلطوفان|66/100 brn
|-heal|p2a: Trevenant|11/100 psn|[from] drain|[of] p1a: جبلطوفان
|
|-heal|p1a: جبلطوفان|72/100 brn|[from] Grassy Terrain
|-heal|p1a: جبلطوفان|78/100 brn|[from] item: Leftovers
|-heal|p2a: Trevenant|17/100 psn|[from] Grassy Terrain
|-damage|p2a: Trevenant|5/100 psn|[from] psn
|-damage|p1a: جبلطوفان|72/100 brn|[from] brn
|-item|p2a: Trevenant|Sitrus Berry|[from] ability: Harvest
|upkeep
|-enditem|p2a: Trevenant|Sitrus Berry|[eat]
|-heal|p2a: Trevenant|30/100 psn|[from] item: Sitrus Berry
|turn|25
|
|t:|1760441106
|move|p1a: جبلطوفان|Knock Off|p2a: Trevenant
|-supereffective|p2a: Trevenant
|-damage|p2a: Trevenant|9/100 psn
|move|p2a: Trevenant|Horn Leech|p1a: جبلطوفان
|-resisted|p1a: جبلطوفان
|-damage|p1a: جبلطوفان|53/100 brn
|-heal|p2a: Trevenant|19/100 psn|[from] drain|[of] p1a: جبلطوفان
|
|-heal|p1a: جبلطوفان|60/100 brn|[from] Grassy Terrain
|-heal|p1a: جبلطوفان|66/100 brn|[from] item: Leftovers
|-heal|p2a: Trevenant|25/100 psn|[from] Grassy Terrain
|-damage|p2a: Trevenant|13/100 psn|[from] psn
|-damage|p1a: جبلطوفان|60/100 brn|[from] brn
|-fieldend|move: Grassy Terrain
|upkeep
|turn|26
|inactive|ju2508 has 120 seconds left.
|
|t:|1760441123
|move|p1a: جبلطوفان|Knock Off|p2a: Trevenant
|-supereffective|p2a: Trevenant
|-damage|p2a: Trevenant|0 fnt
|faint|p2a: Trevenant
|
|-heal|p1a: جبلطوفان|66/100 brn|[from] item: Leftovers
|-damage|p1a: جبلطوفان|60/100 brn|[from] brn
|upkeep
|inactive|ju2508 has 120 seconds left.
|
|t:|1760441131
|switch|p2a: Honchkrow|Honchkrow, M|100/100
|turn|27
|
|t:|1760441141
|move|p2a: Honchkrow|Brave Bird|p1a: جبلطوفان
|-supereffective|p1a: جبلطوفان
|-damage|p1a: جبلطوفان|0 fnt
|faint|p1a: جبلطوفان
|-ability|p2a: Honchkrow|Moxie|boost
|-boost|p2a: Honchkrow|atk|1
|-damage|p2a: Honchkrow|77/100|[from] Recoil
|-damage|p2a: Honchkrow|67/100|[from] item: Life Orb
|
|upkeep
|
|t:|1760441145
|switch|p1a: نسيم|Ribombee, F|100/100
|turn|28
|
|t:|1760441154
|move|p2a: Honchkrow|Sucker Punch||[still]
|-fail|p2a: Honchkrow
|move|p1a: نسيم|Quiver Dance|p1a: نسيم
|-boost|p1a: نسيم|spa|1
|-boost|p1a: نسيم|spd|1
|-boost|p1a: نسيم|spe|1
|
|upkeep
|turn|29
|
|t:|1760441161
|move|p1a: نسيم|Moonblast|p2a: Honchkrow
|-supereffective|p2a: Honchkrow
|-damage|p2a: Honchkrow|0 fnt
|faint|p2a: Honchkrow
|
|upkeep
|
|t:|1760441167
|switch|p2a: Rhyperior|Rhyperior, F|41/100 psn
|turn|30
|
|t:|1760441174
|move|p1a: نسيم|Quiver Dance|p1a: نسيم
|-boost|p1a: نسيم|spa|1
|-boost|p1a: نسيم|spd|1
|-boost|p1a: نسيم|spe|1
|move|p2a: Rhyperior|Stone Edge|p1a: نسيم
|-supereffective|p1a: نسيم
|-enditem|p1a: نسيم|Focus Sash
|-damage|p1a: نسيم|1/100
|
|-damage|p2a: Rhyperior|29/100 psn|[from] psn
|upkeep
|turn|31
|
|t:|1760441185
|move|p1a: نسيم|Moonblast|p2a: Rhyperior
|-damage|p2a: Rhyperior|0 fnt
|faint|p2a: Rhyperior
|
|upkeep
|
|t:|1760441190
|switch|p2a: Magnezone|Magnezone|26/100
|turn|32
|
|t:|1760441195
|move|p1a: نسيم|Moonblast|p2a: Magnezone
|-resisted|p2a: Magnezone
|-damage|p2a: Magnezone|0 fnt
|faint|p2a: Magnezone
|
|win|StrifePK
|raw|StrifePK's rating: 1165 &rarr; <strong>1190</strong><br />(+25 for winning)
|raw|ju2508's rating: 1169 &rarr; <strong>1144</strong><br />(-25 for losing)
|l|☆ju2508
|player|p2|
|l|☆StrifePK
|player|p1|
