|j|☆dimamama
|j|☆shayundertale
|t:|1760335592
|gametype|singles
|player|p1|dimamama|roxie|1145
|player|p2|shayundertale|wallace|1153
|gen|9
|tier|[Gen 9] OU
|rated|
|rule|HP Percentage Mod: HP is shown in percentages
|rule|Endless Battle Clause: Forcing endless battles is banned
|rule|Species Clause: Limit one of each Pokémon
|rule|OHKO Clause: OHKO moves are banned
|rule|Evasion Items Clause: Evasion items are banned
|rule|Evasion Moves Clause: Evasion moves are banned
|rule|Evasion Abilities Clause: Evasion abilities are banned
|rule|Sleep Moves Clause: Sleep-inducing moves are banned
|clearpoke
|poke|p1|Tsareena, F|
|poke|p1|Clodsire, M|
|poke|p1|Crawdaunt, M|
|poke|p1|Comfey, M|
|poke|p1|Kleavor, F|
|poke|p1|Zapdos|
|poke|p2|Rillaboom, F|
|poke|p2|Kingambit, F|
|poke|p2|Gliscor, M|
|poke|p2|Cinderace, F|
|poke|p2|Dragonite, M|
|poke|p2|Great Tusk|
|teampreview
|inactive|Battle timer is ON: inactive players will automatically lose when time's up. (requested by dimamama)
|inactive|shayundertale also wants the timer to be on.
|
|t:|1760335631
|teamsize|p1|6
|teamsize|p2|6
|start
|switch|p1a: Tsareena|Tsareena, F, shiny|100/100
|switch|p2a: Great Tusk|Great Tusk|100/100
|-enditem|p2a: Great Tusk|Booster Energy
|-activate|p2a: Great Tusk|ability: Protosynthesis|[fromitem]
|-start|p2a: Great Tusk|protosynthesisdef
|turn|1
|
|t:|1760335649
|switch|p1a: Comfey|Comfey, M, shiny|100/100
|move|p2a: Great Tusk|Body Press|p1a: Comfey
|-resisted|p1a: Comfey
|-damage|p1a: Comfey|81/100
|
|-heal|p1a: Comfey|87/100|[from] item: Leftovers
|upkeep
|turn|2
|
|t:|1760335658
|move|p2a: Great Tusk|Earthquake|p1a: Comfey
|-damage|p1a: Comfey|50/100
|move|p1a: Comfey|Trick Room|p1a: Comfey
|-fieldstart|move: Trick Room|[of] p1a: Comfey
|
|-heal|p1a: Comfey|57/100|[from] item: Leftovers
|upkeep
|turn|3
|
|t:|1760335664
|move|p1a: Comfey|U-turn|p2a: Great Tusk
|-resisted|p2a: Great Tusk
|-damage|p2a: Great Tusk|99/100
|
|t:|1760335668
|switch|p1a: Crawdaunt|Crawdaunt, M|100/100|[from] U-turn
|move|p2a: Great Tusk|Earthquake|p1a: Crawdaunt
|-crit|p1a: Crawdaunt
|-damage|p1a: Crawdaunt|24/100
|
|upkeep
|turn|4
|
|t:|1760335677
|move|p1a: Crawdaunt|Crabhammer|p2a: Great Tusk|[miss]
|-miss|p1a: Crawdaunt|p2a: Great Tusk
|move|p2a: Great Tusk|Body Press|p1a: Crawdaunt
|-supereffective|p1a: Crawdaunt
|-damage|p1a: Crawdaunt|0 fnt
|faint|p1a: Crawdaunt
|
|upkeep
|
|t:|1760335683
|switch|p1a: Comfey|Comfey, M, shiny|57/100
|turn|5
|
|t:|1760335687
|move|p1a: Comfey|Draining Kiss|p2a: Great Tusk
|-supereffective|p2a: Great Tusk
|-damage|p2a: Great Tusk|60/100
|-heal|p1a: Comfey|99/100|[from] drain|[of] p2a: Great Tusk
|move|p2a: Great Tusk|Earthquake|p1a: Comfey
|-damage|p1a: Comfey|55/100
|
|-heal|p1a: Comfey|62/100|[from] item: Leftovers
|upkeep
|turn|6
|
|t:|1760335696
|move|p1a: Comfey|Draining Kiss|p2a: Great Tusk
|-supereffective|p2a: Great Tusk
|-damage|p2a: Great Tusk|17/100
|-heal|p1a: Comfey|100/100|[from] drain|[of] p2a: Great Tusk
|move|p2a: Great Tusk|Earthquake|p1a: Comfey
|-damage|p1a: Comfey|59/100
|
|-heal|p1a: Comfey|65/100|[from] item: Leftovers
|-fieldend|move: Trick Room
|upkeep
|turn|7
|
|t:|1760335707
|-end|p2a: Great Tusk|Protosynthesis|[silent]
|switch|p2a: Kingambit|Kingambit, F|100/100
|move|p1a: Comfey|Draining Kiss|p2a: Kingambit
|-damage|p2a: Kingambit|86/100
|-heal|p1a: Comfey|80/100|[from] drain|[of] p2a: Kingambit
|
|-heal|p1a: Comfey|86/100|[from] item: Leftovers
|-heal|p2a: Kingambit|92/100|[from] item: Leftovers
|upkeep
|turn|8
|
|t:|1760335719
|move|p1a: Comfey|U-turn|p2a: Kingambit
|-damage|p2a: Kingambit|86/100
|
|t:|1760335722
|switch|p1a: Tsareena|Tsareena, F, shiny|100/100|[from] U-turn
|move|p2a: Kingambit|Kowtow Cleave|p1a: Tsareena
|-damage|p1a: Tsareena|51/100
|
|-heal|p2a: Kingambit|92/100|[from] item: Leftovers
|upkeep
|turn|9
|
|t:|1760335734
|-end|p2a: Kingambit|fallenundefined|[silent]
|switch|p2a: Cinderace|Cinderace, F|100/100
|move|p1a: Tsareena|Triple Axel|p2a: Cinderace
|-resisted|p2a: Cinderace
|-damage|p2a: Cinderace|95/100
|-resisted|p2a: Cinderace
|-crit|p2a: Cinderace
|-damage|p2a: Cinderace|80/100
|-resisted|p2a: Cinderace
|-damage|p2a: Cinderace|64/100
|-hitcount|p2a: Cinderace|3
|
|upkeep
|turn|10
|
|t:|1760335744
|switch|p1a: Kleavor|Kleavor, F|100/100
|move|p2a: Cinderace|Pyro Ball|p1a: Kleavor
|-damage|p1a: Kleavor|1/100
|
|upkeep
|turn|11
|
|t:|1760335751
|move|p1a: Kleavor|Stone Axe|p2a: Cinderace|[miss]
|-miss|p1a: Kleavor|p2a: Cinderace
|move|p2a: Cinderace|Pyro Ball|p1a: Kleavor
|-damage|p1a: Kleavor|0 fnt
|faint|p1a: Kleavor
|
|upkeep
|
|t:|1760335758
|switch|p1a: Zapdos|Zapdos|100/100
|turn|12
|
|t:|1760335776
|move|p2a: Cinderace|Pyro Ball|p1a: Zapdos
|-damage|p1a: Zapdos|18/100
|move|p1a: Zapdos|Volt Switch|p2a: Cinderace
|-crit|p2a: Cinderace
|-damage|p2a: Cinderace|0 fnt
|faint|p2a: Cinderace
|-message|dimamama forfeited.
|
|win|shayundertale
|raw|dimamama's rating: 1145 &rarr; <strong>1121</strong><br />(-24 for losing)
|raw|shayundertale's rating: 1153 &rarr; <strong>1177</strong><br />(+24 for winning)
|l|☆dimamama
|player|p1|
|l|☆shayundertale
|player|p2|
