|j|☆klefki_did_it
|j|‽Purple Aithen
|t:|1760346465
|gametype|singles
|player|p1|klefki_did_it|pokemonbreeder-gen4|1371
|player|p2|Purple Aithen|elesa|1289
|gen|9
|tier|[Gen 9] OU
|rated|
|rule|HP Percentage Mod: HP is shown in percentages
|rule|Endless Battle Clause: Forcing endless battles is banned
|rule|Species Clause: Limit one of each Pokémon
|rule|OHKO Clause: OHKO moves are banned
|rule|Evasion Items Clause: Evasion items are banned
|rule|Evasion Moves Clause: Evasion moves are banned
|rule|Evasion Abilities Clause: Evasion abilities are banned
|rule|Sleep Moves Clause: Sleep-inducing moves are banned
|clearpoke
|poke|p1|Staraptor, F|
|poke|p1|Kingambit, M|
|poke|p1|Emboar, F|
|poke|p1|Thundurus, M|
|poke|p1|Mandibuzz, F|
|poke|p1|Gardevoir, F|
|poke|p2|Sinistcha-Masterpiece|
|poke|p2|Conkeldurr, M|
|poke|p2|Mandibuzz, F|
|poke|p2|Ogerpon, F|
|poke|p2|Tyranitar, M|
|poke|p2|Thundurus-Therian, M|
|teampreview
|inactive|Battle timer is ON: inactive players will automatically lose when time's up. (requested by Purple Aithen)
|inactive|klefki_did_it also wants the timer to be on.
|
|t:|1760346474
|teamsize|p1|6
|teamsize|p2|6
|start
|switch|p1a: Emboar|Emboar, F, shiny|100/100
|switch|p2a: Thundurus|Thundurus-Therian, M, shiny|100/100
|turn|1
|
|t:|1760346479
|move|p2a: Thundurus|Volt Switch|p1a: Emboar
|-damage|p1a: Emboar|46/100
|
|t:|1760346481
|switch|p2a: Mandibuzz|Mandibuzz, F|100/100|[from] Volt Switch
|move|p1a: Emboar|Flare Blitz|p2a: Mandibuzz
|-damage|p2a: Mandibuzz|36/100
|-damage|p1a: Emboar|30/100|[from] item: Rocky Helmet|[of] p2a: Mandibuzz
|-damage|p1a: Emboar|9/100|[from] Recoil
|
|upkeep
|turn|2
|
|t:|1760346488
|move|p2a: Mandibuzz|Roost|p2a: Mandibuzz
|-heal|p2a: Mandibuzz|87/100
|-singleturn|p2a: Mandibuzz|move: Roost
|move|p1a: Emboar|Flare Blitz|p2a: Mandibuzz
|-damage|p2a: Mandibuzz|25/100
|-damage|p1a: Emboar|0 fnt|[from] item: Rocky Helmet|[of] p2a: Mandibuzz
|faint|p1a: Emboar
|
|upkeep
|
|t:|1760346493
|switch|p1a: Gardevoir|Gardevoir, F|100/100
|-ability|p1a: Gardevoir|Overcoat|Trace|[from] ability: Trace|[of] p2a: Mandibuzz
|turn|3
|
|t:|1760346496
|switch|p2a: Tyranitar|Tyranitar, M|100/100
|-weather|Sandstorm|[from] ability: Sand Stream|[of] p2a: Tyranitar
|move|p1a: Gardevoir|Moonblast|p2a: Tyranitar
|-supereffective|p2a: Tyranitar
|-damage|p2a: Tyranitar|72/100
|
|-weather|Sandstorm|[upkeep]
|upkeep
|turn|4
|
|t:|1760346507
|move|p1a: Gardevoir|Moonblast|p2a: Tyranitar
|-supereffective|p2a: Tyranitar
|-damage|p2a: Tyranitar|43/100
|-unboost|p2a: Tyranitar|spa|1
|move|p2a: Tyranitar|Knock Off|p1a: Gardevoir
|-damage|p1a: Gardevoir|20/100
|-enditem|p1a: Gardevoir|Choice Scarf|[from] move: Knock Off|[of] p2a: Tyranitar
|
|-weather|Sandstorm|[upkeep]
|upkeep
|turn|5
|
|t:|1760346518
|move|p1a: Gardevoir|Moonblast|p2a: Tyranitar
|-supereffective|p2a: Tyranitar
|-damage|p2a: Tyranitar|11/100
|move|p2a: Tyranitar|Knock Off|p1a: Gardevoir
|-damage|p1a: Gardevoir|0 fnt
|faint|p1a: Gardevoir
|
|-weather|Sandstorm|[upkeep]
|upkeep
|
|t:|1760346525
|switch|p1a: Staraptor|Staraptor, F|100/100
|turn|6
|
|t:|1760346530
|move|p1a: Staraptor|Brave Bird|p2a: Tyranitar
|-resisted|p2a: Tyranitar
|-damage|p2a: Tyranitar|0 fnt
|faint|p2a: Tyranitar
|-damage|p1a: Staraptor|97/100|[from] Recoil
|
|-weather|Sandstorm|[upkeep]
|-damage|p1a: Staraptor|91/100|[from] Sandstorm
|upkeep
|
|t:|1760346533
|switch|p2a: Thundurus|Thundurus-Therian, M, shiny|100/100
|turn|7
|
|t:|1760346540
|switch|p1a: Thundurus|Thundurus, M|100/100
|move|p2a: Thundurus|Volt Switch|p1a: Thundurus
|-damage|p1a: Thundurus|44/100
|
|t:|1760346545
|switch|p2a: Ogerpon|Ogerpon, F|100/100|[from] Volt Switch
|
|-weather|none
|upkeep
|turn|8
|
|t:|1760346550
|move|p1a: Thundurus|Fly||[still]
|-prepare|p1a: Thundurus|Fly
|move|p2a: Ogerpon|Knock Off|p1a: Thundurus|[miss]
|-miss|p2a: Ogerpon|p1a: Thundurus
|
|upkeep
|turn|9
|
|t:|1760346554
|switch|p2a: Mandibuzz|Mandibuzz, F|25/100
|move|p1a: Thundurus|Fly|p2a: Mandibuzz|[from] lockedmove
|-damage|p2a: Mandibuzz|0 fnt
|-damage|p1a: Thundurus|28/100|[from] item: Rocky Helmet|[of] p2a: Mandibuzz
|faint|p2a: Mandibuzz
|-damage|p1a: Thundurus|18/100|[from] item: Life Orb
|
|upkeep
|
|t:|1760346556
|switch|p2a: Conkeldurr|Conkeldurr, M|100/100
|turn|10
|
|t:|1760346560
|switch|p1a: Mandibuzz|Mandibuzz, F|100/100
|move|p2a: Conkeldurr|Mach Punch|p1a: Mandibuzz
|-damage|p1a: Mandibuzz|86/100
|
|-status|p2a: Conkeldurr|brn|[from] item: Flame Orb
|upkeep
|turn|11
|
|t:|1760346568
|move|p1a: Mandibuzz|Foul Play|p2a: Conkeldurr
|-resisted|p2a: Conkeldurr
|-damage|p2a: Conkeldurr|76/100 brn
|move|p2a: Conkeldurr|Drain Punch|p1a: Mandibuzz
|-damage|p1a: Mandibuzz|51/100
|-heal|p2a: Conkeldurr|94/100 brn|[from] drain|[of] p1a: Mandibuzz
|
|-damage|p2a: Conkeldurr|88/100 brn|[from] brn
|upkeep
|turn|12
|inactive|klefki_did_it has 120 seconds left.
|
|t:|1760346598
|switch|p1a: Thundurus|Thundurus, M|18/100
|move|p2a: Conkeldurr|Drain Punch|p1a: Thundurus
|-resisted|p1a: Thundurus
|-damage|p1a: Thundurus|0 fnt
|-heal|p2a: Conkeldurr|94/100 brn|[from] drain|[of] p1a: Thundurus
|faint|p1a: Thundurus
|
|-damage|p2a: Conkeldurr|88/100 brn|[from] brn
|upkeep
|inactive|klefki_did_it has 120 seconds left.
|
|t:|1760346603
|switch|p1a: Staraptor|Staraptor, F|91/100
|turn|13
|
|t:|1760346612
|switch|p2a: Thundurus|Thundurus-Therian, M, shiny|100/100
|move|p1a: Staraptor|Brave Bird|p2a: Thundurus
|-resisted|p2a: Thundurus
|-damage|p2a: Thundurus|59/100
|-damage|p1a: Staraptor|80/100|[from] Recoil
|
|upkeep
|turn|14
|
|t:|1760346617
|move|p1a: Staraptor|Brave Bird|p2a: Thundurus
|-resisted|p2a: Thundurus
|-damage|p2a: Thundurus|14/100
|-damage|p1a: Staraptor|68/100|[from] Recoil
|move|p2a: Thundurus|Volt Switch|p1a: Staraptor
|-supereffective|p1a: Staraptor
|-damage|p1a: Staraptor|0 fnt
|faint|p1a: Staraptor
|
|t:|1760346621
|switch|p2a: Conkeldurr|Conkeldurr, M|88/100 brn|[from] Volt Switch
|
|-damage|p2a: Conkeldurr|82/100 brn|[from] brn
|upkeep
|
|t:|1760346627
|switch|p1a: Kingambit|Kingambit, M|100/100
|-activate|p1a: Kingambit|ability: Supreme Overlord
|-start|p1a: Kingambit|fallen4|[silent]
|turn|15
|
|t:|1760346632
|-terastallize|p1a: Kingambit|Fairy
|move|p1a: Kingambit|Substitute|p1a: Kingambit
|-start|p1a: Kingambit|Substitute
|-damage|p1a: Kingambit|75/100
|move|p2a: Conkeldurr|Knock Off|p1a: Kingambit
|-resisted|p1a: Kingambit
|-activate|p1a: Kingambit|move: Substitute|[damage]
|
|-heal|p1a: Kingambit|82/100|[from] item: Leftovers
|-damage|p2a: Conkeldurr|76/100 brn|[from] brn
|upkeep
|turn|16
|
|t:|1760346641
|move|p1a: Kingambit|Iron Head|p2a: Conkeldurr
|-damage|p2a: Conkeldurr|16/100 brn
|move|p2a: Conkeldurr|Facade|p1a: Kingambit
|-end|p1a: Kingambit|Substitute
|
|-heal|p1a: Kingambit|88/100|[from] item: Leftovers
|-damage|p2a: Conkeldurr|10/100 brn|[from] brn
|upkeep
|turn|17
|
|t:|1760346649
|move|p1a: Kingambit|Substitute|p1a: Kingambit
|-start|p1a: Kingambit|Substitute
|-damage|p1a: Kingambit|63/100
|move|p2a: Conkeldurr|Facade|p1a: Kingambit
|-end|p1a: Kingambit|Substitute
|
|-heal|p1a: Kingambit|69/100|[from] item: Leftovers
|-damage|p2a: Conkeldurr|4/100 brn|[from] brn
|upkeep
|turn|18
|
|t:|1760346657
|move|p1a: Kingambit|Sucker Punch|p2a: Conkeldurr
|-resisted|p2a: Conkeldurr
|-damage|p2a: Conkeldurr|0 fnt
|faint|p2a: Conkeldurr
|
|-heal|p1a: Kingambit|75/100|[from] item: Leftovers
|upkeep
|
|t:|1760346659
|switch|p2a: Ogerpon|Ogerpon, F|100/100
|turn|19
|
|t:|1760346671
|-terastallize|p2a: Ogerpon|Grass
|detailschange|p2a: Ogerpon|Ogerpon-Teal-Tera, F, tera:Grass
|-ability|p2a: Ogerpon|Embody Aspect (Teal)|boost
|-boost|p2a: Ogerpon|spe|1
|move|p2a: Ogerpon|Ivy Cudgel|p1a: Kingambit
|-damage|p1a: Kingambit|26/100
|move|p1a: Kingambit|Substitute|p1a: Kingambit
|-start|p1a: Kingambit|Substitute
|-damage|p1a: Kingambit|1/100
|
|-heal|p1a: Kingambit|7/100|[from] item: Leftovers
|upkeep
|turn|20
|
|t:|1760346681
|switch|p2a: Sinistcha|Sinistcha-Masterpiece|100/100
|move|p1a: Kingambit|Sucker Punch||[still]
|-fail|p1a: Kingambit
|
|-heal|p1a: Kingambit|14/100|[from] item: Leftovers
|upkeep
|turn|21
|
|t:|1760346686
|move|p1a: Kingambit|Sucker Punch|p2a: Sinistcha
|-supereffective|p2a: Sinistcha
|-damage|p2a: Sinistcha|0 fnt
|-damage|p1a: Kingambit|0 fnt|[from] item: Rocky Helmet|[of] p2a: Sinistcha
|faint|p2a: Sinistcha
|faint|p1a: Kingambit
|-end|p1a: Kingambit|fallen4|[silent]
|
|upkeep
|
|t:|1760346692
|switch|p2a: Thundurus|Thundurus-Therian, M, shiny|14/100
|switch|p1a: Mandibuzz|Mandibuzz, F|51/100
|turn|22
|
|t:|1760346695
|move|p2a: Thundurus|Thunderbolt|p1a: Mandibuzz
|-supereffective|p1a: Mandibuzz
|-damage|p1a: Mandibuzz|0 fnt
|faint|p1a: Mandibuzz
|
|win|Purple Aithen
|raw|klefki_did_it's rating: 1371 &rarr; <strong>1346</strong><br />(-25 for losing)
|raw|Purple Aithen's rating: 1289 &rarr; <strong>1320</strong><br />(+31 for winning)
|l|☆klefki_did_it
|player|p1|
|l|‽Purple Aithen
|player|p2|
