|j|☆yijing
|j|☆siiikena
|t:|1760343361
|gametype|singles
|player|p1|yijing|unknown|1065
|player|p2|siiikena|266|1057
|gen|9
|tier|[Gen 9] OU
|rated|
|rule|HP Percentage Mod: HP is shown in percentages
|rule|Endless Battle Clause: Forcing endless battles is banned
|rule|Species Clause: Limit one of each Pokémon
|rule|OHKO Clause: OHKO moves are banned
|rule|Evasion Items Clause: Evasion items are banned
|rule|Evasion Moves Clause: Evasion moves are banned
|rule|Evasion Abilities Clause: Evasion abilities are banned
|rule|Sleep Moves Clause: Sleep-inducing moves are banned
|clearpoke
|poke|p1|Ariados, M|
|poke|p1|Golduck, M|
|poke|p1|Primeape, M|
|poke|p1|Rhydon, M|
|poke|p1|Hitmonchan, M|
|poke|p1|Raichu, M|
|poke|p2|Ogerpon-Wellspring, F|
|poke|p2|Kingambit, M|
|poke|p2|Landorus-Therian, M|
|poke|p2|Glimmora, M|
|poke|p2|Dragapult, M|
|poke|p2|Iron Valiant|
|teampreview
|inactive|Battle timer is ON: inactive players will automatically lose when time's up. (requested by yijing)
|
|t:|1760343379
|teamsize|p1|6
|teamsize|p2|6
|start
|switch|p1a: Raichu|Raichu, M|100/100
|switch|p2a: Glimmora|Glimmora, M|100/100
|-item|p1a: Raichu|Air Balloon
|turn|1
|
|t:|1760343390
|move|p1a: Raichu|Knock Off|p2a: Glimmora
|-damage|p2a: Glimmora|70/100
|-activate|p2a: Glimmora|ability: Toxic Debris
|-sidestart|p1: yijing|move: Toxic Spikes
|-enditem|p2a: Glimmora|Power Herb|[from] move: Knock Off|[of] p1a: Raichu
|move|p2a: Glimmora|Meteor Beam||[still]
|-prepare|p2a: Glimmora|Meteor Beam
|-boost|p2a: Glimmora|spa|1
|
|upkeep
|turn|2
|
|t:|1760343408
|move|p1a: Raichu|Volt Switch|p2a: Glimmora
|-damage|p2a: Glimmora|41/100
|
|t:|1760343415
|switch|p1a: Hitmonchan|Hitmonchan, M|100/100|[from] Volt Switch
|-status|p1a: Hitmonchan|psn
|move|p2a: Glimmora|Meteor Beam|p1a: Hitmonchan|[from] lockedmove
|-resisted|p1a: Hitmonchan
|-damage|p1a: Hitmonchan|43/100 psn
|
|-damage|p1a: Hitmonchan|31/100 psn|[from] psn
|upkeep
|turn|3
|
|t:|1760343428
|switch|p2a: Dragapult|Dragapult, M|100/100
|move|p1a: Hitmonchan|Rapid Spin|p2a: Dragapult
|-immune|p2a: Dragapult
|
|-damage|p1a: Hitmonchan|19/100 psn|[from] psn
|upkeep
|turn|4
|
|t:|1760343443
|move|p2a: Dragapult|Shadow Ball|p1a: Hitmonchan
|-damage|p1a: Hitmonchan|0 fnt
|faint|p1a: Hitmonchan
|
|upkeep
|
|t:|1760343450
|switch|p1a: Ariados|Ariados, M|100/100
|-sideend|p1: yijing|move: Toxic Spikes|[of] p1a: Ariados
|turn|5
|
|t:|1760343458
|switch|p2a: Glimmora|Glimmora, M|41/100
|move|p1a: Ariados|Sucker Punch||[still]
|-fail|p1a: Ariados
|
|upkeep
|turn|6
|
|t:|1760343471
|switch|p1a: Raichu|Raichu, M|100/100
|-item|p1a: Raichu|Air Balloon
|move|p2a: Glimmora|Spikes|p1a: Raichu
|-sidestart|p1: yijing|Spikes
|
|upkeep
|turn|7
|
|t:|1760343480
|move|p1a: Raichu|Nuzzle|p2a: Glimmora
|-crit|p2a: Glimmora
|-damage|p2a: Glimmora|26/100
|-status|p2a: Glimmora|par
|-activate|p2a: Glimmora|ability: Toxic Debris
|-sidestart|p1: yijing|move: Toxic Spikes
|move|p2a: Glimmora|Mortal Spin|p1a: Raichu
|-damage|p1a: Raichu|87/100
|-status|p1a: Raichu|psn
|-enditem|p1a: Raichu|Air Balloon
|
|-damage|p1a: Raichu|75/100 psn|[from] psn
|upkeep
|turn|8
|
|t:|1760343495
|move|p1a: Raichu|Knock Off|p2a: Glimmora
|-damage|p2a: Glimmora|6/100 par
|-activate|p2a: Glimmora|ability: Toxic Debris
|-sidestart|p1: yijing|move: Toxic Spikes
|move|p2a: Glimmora|Earth Power|p1a: Raichu
|-supereffective|p1a: Raichu
|-damage|p1a: Raichu|0 fnt
|faint|p1a: Raichu
|
|upkeep
|
|t:|1760343508
|switch|p1a: Ariados|Ariados, M|100/100
|-damage|p1a: Ariados|88/100|[from] Spikes
|-sideend|p1: yijing|move: Toxic Spikes|[of] p1a: Ariados
|turn|9
|
|t:|1760343516
|move|p2a: Glimmora|Spikes|p1a: Ariados
|-sidestart|p1: yijing|Spikes
|move|p1a: Ariados|Sticky Web|p2a: Glimmora
|-sidestart|p2: siiikena|move: Sticky Web
|
|upkeep
|turn|10
|
|t:|1760343522
|move|p1a: Ariados|Sucker Punch|p2a: Glimmora
|-damage|p2a: Glimmora|0 fnt
|-activate|p2a: Glimmora|ability: Toxic Debris
|-sidestart|p1: yijing|move: Toxic Spikes
|faint|p2a: Glimmora
|
|upkeep
|
|t:|1760343530
|switch|p2a: Dragapult|Dragapult, M|100/100
|-activate|p2a: Dragapult|move: Sticky Web
|-fail|p2a: Dragapult|unboost|[from] ability: Clear Body|[of] p2a: Dragapult
|turn|11
|
|t:|1760343536
|-terastallize|p1a: Ariados|Dark
|move|p1a: Ariados|Sucker Punch|p2a: Dragapult
|-supereffective|p2a: Dragapult
|-damage|p2a: Dragapult|21/100
|move|p2a: Dragapult|Flamethrower|p1a: Ariados
|-damage|p1a: Ariados|33/100
|
|upkeep
|turn|12
|
|t:|1760343550
|switch|p2a: Landorus|Landorus-Therian, M|100/100
|-ability|p2a: Landorus|Intimidate|boost
|-unboost|p1a: Ariados|atk|1
|move|p1a: Ariados|Sucker Punch||[still]
|-fail|p1a: Ariados
|
|upkeep
|turn|13
|l|☆yijing
|inactive|yijing disconnected and has a minute to reconnect!
|player|p1|
|inactive|yijing has 30 seconds to reconnect!
|inactive|yijing has 20 seconds to reconnect!
|inactive|yijing has 15 seconds to reconnect!
|inactive|yijing has 10 seconds to reconnect!
|inactive|yijing has 5 seconds to reconnect!
|-message|yijing lost due to inactivity.
|
|win|siiikena
|raw|yijing's rating: 1065 &rarr; <strong>1045</strong><br />(-20 for losing)
|raw|siiikena's rating: 1057 &rarr; <strong>1089</strong><br />(+32 for winning)
