|j|☆Cocobreezy
|j|☆DIGIWAYNE123
|t:|1760366294
|gametype|singles
|player|p1|Cocobreezy|yellow|1558
|player|p2|DIGIWAYNE123|swimmerf-gen4|1549
|gen|9
|tier|[Gen 9] OU
|rated|
|rule|HP Percentage Mod: HP is shown in percentages
|rule|Endless Battle Clause: Forcing endless battles is banned
|rule|Species Clause: Limit one of each Pokémon
|rule|OHKO Clause: OHKO moves are banned
|rule|Evasion Items Clause: Evasion items are banned
|rule|Evasion Moves Clause: Evasion moves are banned
|rule|Evasion Abilities Clause: Evasion abilities are banned
|rule|Sleep Moves Clause: Sleep-inducing moves are banned
|clearpoke
|poke|p1|Kingdra, M|
|poke|p1|Pelipper, M|
|poke|p1|Keldeo-Resolute|
|poke|p1|Greninja-*, M|
|poke|p1|Raging Bolt|
|poke|p1|Meowscarada, F|
|poke|p2|Armarouge, F|
|poke|p2|Indeedee, M|
|poke|p2|Great Tusk|
|poke|p2|Hoopa-Unbound|
|poke|p2|Scream Tail|
|poke|p2|Drednaw, F|
|teampreview
|inactive|Battle timer is ON: inactive players will automatically lose when time's up. (requested by Cocobreezy)
|
|t:|1760366316
|teamsize|p1|6
|teamsize|p2|6
|start
|switch|p1a: Meowscarada|Meowscarada, F|100/100
|switch|p2a: Scream Tail|Scream Tail|100/100
|-enditem|p2a: Scream Tail|Booster Energy
|-activate|p2a: Scream Tail|ability: Protosynthesis|[fromitem]
|-start|p2a: Scream Tail|protosynthesisspe
|turn|1
|l|☆Cocobreezy
|inactive|Cocobreezy disconnected and has a minute to reconnect!
|player|p1|
|j|☆Cocobreezy
|inactive|Cocobreezy reconnected and has 130 seconds left.
|player|p1|Cocobreezy|yellow|
|inactive|Cocobreezy has 120 seconds left.
|
|t:|1760366362
|move|p1a: Meowscarada|Flower Trick|p2a: Scream Tail
|-start|p1a: Meowscarada|typechange|Grass|[from] ability: Protean
|-crit|p2a: Scream Tail
|-damage|p2a: Scream Tail|67/100
|move|p2a: Scream Tail|Thunder Wave|p1a: Meowscarada|[miss]
|-miss|p2a: Scream Tail|p1a: Meowscarada
|
|upkeep
|turn|2
|
|t:|1760366372
|switch|p1a: Bolt|Raging Bolt|100/100
|-enditem|p1a: Bolt|Booster Energy
|-activate|p1a: Bolt|ability: Protosynthesis|[fromitem]
|-start|p1a: Bolt|protosynthesisspa
|move|p2a: Scream Tail|Stealth Rock|p1a: Bolt
|-sidestart|p1: Cocobreezy|move: Stealth Rock
|
|upkeep
|turn|3
|
|t:|1760366386
|move|p2a: Scream Tail|Wish|p2a: Scream Tail
|move|p1a: Bolt|Calm Mind|p1a: Bolt
|-boost|p1a: Bolt|spa|1
|-boost|p1a: Bolt|spd|1
|
|upkeep
|turn|4
|
|t:|1760366399
|move|p2a: Scream Tail|Misty Explosion|p1a: Bolt
|-supereffective|p1a: Bolt
|-damage|p1a: Bolt|72/100
|faint|p2a: Scream Tail
|-end|p2a: Scream Tail|Protosynthesis|[silent]
|move|p1a: Bolt|Calm Mind|p1a: Bolt
|-boost|p1a: Bolt|spa|1
|-boost|p1a: Bolt|spd|1
|
|upkeep
|
|t:|1760366406
|switch|p2a: Indeedee|Indeedee, M|100/100
|-fieldstart|move: Psychic Terrain|[from] ability: Psychic Surge|[of] p2a: Indeedee
|turn|5
|
|t:|1760366410
|switch|p2a: Hoopa|Hoopa-Unbound|100/100
|move|p1a: Bolt|Dragon Pulse|p2a: Hoopa
|-damage|p2a: Hoopa|40/100
|
|upkeep
|turn|6
|
|t:|1760366416
|move|p1a: Bolt|Dragon Pulse|p2a: Hoopa
|-damage|p2a: Hoopa|0 fnt
|faint|p2a: Hoopa
|
|upkeep
|
|t:|1760366419
|switch|p2a: Drednaw|Drednaw, F|100/100
|turn|7
|
|t:|1760366425
|move|p2a: Drednaw|Shell Smash|p2a: Drednaw
|-unboost|p2a: Drednaw|def|1
|-unboost|p2a: Drednaw|spd|1
|-boost|p2a: Drednaw|atk|2
|-boost|p2a: Drednaw|spa|2
|-boost|p2a: Drednaw|spe|2
|move|p1a: Bolt|Dragon Pulse|p2a: Drednaw
|-enditem|p2a: Drednaw|Focus Sash
|-damage|p2a: Drednaw|1/100
|
|upkeep
|turn|8
|
|t:|1760366435
|-terastallize|p1a: Bolt|Flying
|move|p2a: Drednaw|Earthquake|p1a: Bolt
|-immune|p1a: Bolt
|move|p1a: Bolt|Dragon Pulse|p2a: Drednaw
|-damage|p2a: Drednaw|0 fnt
|faint|p2a: Drednaw
|
|upkeep
|
|t:|1760366442
|switch|p2a: Great Tusk|Great Tusk|100/100
|-enditem|p2a: Great Tusk|Booster Energy
|-activate|p2a: Great Tusk|ability: Protosynthesis|[fromitem]
|-start|p2a: Great Tusk|protosynthesisspe
|turn|9
|c|☆Cocobreezy|Lol
|c|☆Cocobreezy|gg
|
|t:|1760366447
|move|p2a: Great Tusk|Ice Spinner|p1a: Bolt
|-supereffective|p1a: Bolt
|-damage|p1a: Bolt|29/100
|-fieldend|move: Psychic Terrain
|move|p1a: Bolt|Dragon Pulse|p2a: Great Tusk
|-damage|p2a: Great Tusk|0 fnt
|faint|p2a: Great Tusk
|-end|p2a: Great Tusk|Protosynthesis|[silent]
|
|upkeep
|
|t:|1760366450
|switch|p2a: Indeedee|Indeedee, M|100/100
|-fieldstart|move: Psychic Terrain|[from] ability: Psychic Surge|[of] p2a: Indeedee
|turn|10
|
|t:|1760366452
|move|p2a: Indeedee|Expanding Force|p1a: Bolt
|-damage|p1a: Bolt|0 fnt
|faint|p1a: Bolt
|-end|p1a: Bolt|Protosynthesis|[silent]
|
|upkeep
|
|t:|1760366455
|switch|p1a: Pelipper|Pelipper, M|100/100
|-damage|p1a: Pelipper|76/100|[from] Stealth Rock
|-weather|RainDance|[from] ability: Drizzle|[of] p1a: Pelipper
|turn|11
|
|t:|1760366458
|move|p2a: Indeedee|Expanding Force|p1a: Pelipper
|-damage|p1a: Pelipper|0 fnt
|faint|p1a: Pelipper
|
|-weather|RainDance|[upkeep]
|upkeep
|
|t:|1760366460
|switch|p1a: Kingdra|Kingdra, M|100/100
|-damage|p1a: Kingdra|88/100|[from] Stealth Rock
|turn|12
|
|t:|1760366466
|move|p1a: Kingdra|Weather Ball|p2a: Indeedee
|-damage|p2a: Indeedee|0 fnt
|faint|p2a: Indeedee
|
|-weather|RainDance|[upkeep]
|upkeep
|
|t:|1760366468
|switch|p2a: Armarouge|Armarouge, F|100/100
|turn|13
|
|t:|1760366469
|-terastallize|p2a: Armarouge|Psychic
|move|p1a: Kingdra|Weather Ball|p2a: Armarouge
|-enditem|p2a: Armarouge|Focus Sash
|-damage|p2a: Armarouge|1/100
|move|p2a: Armarouge|Expanding Force|p1a: Kingdra
|-damage|p1a: Kingdra|0 fnt
|faint|p1a: Kingdra
|
|-weather|RainDance|[upkeep]
|upkeep
|
|t:|1760366475
|switch|p1a: Greninja|Greninja, M|100/100
|-damage|p1a: Greninja|88/100|[from] Stealth Rock
|turn|14
|-message|DIGIWAYNE123 forfeited.
|
|win|Cocobreezy
|raw|Cocobreezy's rating: 1558 &rarr; <strong>1577</strong><br />(+19 for winning)
|raw|DIGIWAYNE123's rating: 1549 &rarr; <strong>1530</strong><br />(-19 for losing)
|l|☆DIGIWAYNE123
|player|p2|
|l|☆Cocobreezy
|player|p1|
