|j|‽magikarpmvp
|j|☆Artemyst556
|t:|1760369189
|gametype|singles
|player|p1|magikarpmvp|1|1124
|player|p2|Artemyst556|iris-gen5bw2|1186
|gen|9
|tier|[Gen 9] OU
|rated|
|rule|HP Percentage Mod: HP is shown in percentages
|rule|Endless Battle Clause: Forcing endless battles is banned
|rule|Species Clause: Limit one of each Pokémon
|rule|OHKO Clause: OHKO moves are banned
|rule|Evasion Items Clause: Evasion items are banned
|rule|Evasion Moves Clause: Evasion moves are banned
|rule|Evasion Abilities Clause: Evasion abilities are banned
|rule|Sleep Moves Clause: Sleep-inducing moves are banned
|clearpoke
|poke|p1|Regice|
|poke|p1|Kyurem|
|poke|p1|Ninetales-Alola, F|
|poke|p1|Mandibuzz, F|
|poke|p1|Dondozo, M|
|poke|p1|Cloyster, F|
|poke|p2|Pelipper, F|
|poke|p2|Floatzel, M|
|poke|p2|Goodra-Hisui, F|
|poke|p2|Kingdra, F|
|poke|p2|Samurott-Hisui, F|
|poke|p2|Primarina, M|
|teampreview
|inactive|Battle timer is ON: inactive players will automatically lose when time's up. (requested by magikarpmvp)
|
|t:|1760369197
|teamsize|p1|6
|teamsize|p2|6
|start
|switch|p1a: Kyurem|Kyurem, shiny|100/100
|switch|p2a: Goodra|Goodra-Hisui, F|100/100
|-ability|p1a: Kyurem|Pressure
|turn|1
|
|t:|1760369206
|switch|p1a: Ninetales|Ninetales-Alola, F, shiny|100/100
|-weather|Snowscape|[from] ability: Snow Warning|[of] p1a: Ninetales
|move|p2a: Goodra|Heavy Slam|p1a: Ninetales
|-supereffective|p1a: Ninetales
|-damage|p1a: Ninetales|0 fnt
|faint|p1a: Ninetales
|
|-weather|Snowscape|[upkeep]
|upkeep
|
|t:|1760369218
|switch|p1a: Kyurem|Kyurem, shiny|100/100
|-ability|p1a: Kyurem|Pressure
|turn|2
|
|t:|1760369227
|move|p1a: Kyurem|Blizzard|p2a: Goodra
|-damage|p2a: Goodra|59/100
|move|p2a: Goodra|Heavy Slam|p1a: Kyurem
|-supereffective|p1a: Kyurem
|-damage|p1a: Kyurem|82/100
|
|-weather|Snowscape|[upkeep]
|upkeep
|turn|3
|
|t:|1760369235
|switch|p2a: Pelipper|Pelipper, F|100/100
|-weather|RainDance|[from] ability: Drizzle|[of] p2a: Pelipper
|move|p1a: Kyurem|Blizzard|p2a: Pelipper
|-damage|p2a: Pelipper|0 fnt
|faint|p2a: Pelipper
|
|-weather|RainDance|[upkeep]
|upkeep
|
|t:|1760369246
|switch|p2a: Floatzel|Floatzel, M|100/100
|turn|4
|
|t:|1760369250
|switch|p1a: Mandibuzz|Mandibuzz, F|100/100
|move|p2a: Floatzel|Low Kick|p1a: Mandibuzz
|-damage|p1a: Mandibuzz|83/100
|-damage|p2a: Floatzel|84/100|[from] item: Rocky Helmet|[of] p1a: Mandibuzz
|
|-weather|RainDance|[upkeep]
|upkeep
|turn|5
|
|t:|1760369256
|switch|p2a: Primarina|Primarina, M|100/100
|move|p1a: Mandibuzz|Tailwind|p1a: Mandibuzz
|-sidestart|p1: magikarpmvp|move: Tailwind
|
|-weather|RainDance|[upkeep]
|upkeep
|turn|6
|
|t:|1760369267
|switch|p1a: Regice|Regice, shiny|100/100
|move|p2a: Primarina|Calm Mind|p2a: Primarina
|-boost|p2a: Primarina|spa|1
|-boost|p2a: Primarina|spd|1
|
|-weather|RainDance|[upkeep]
|upkeep
|turn|7
|
|t:|1760369272
|move|p1a: Regice|Thunder Wave|p2a: Primarina
|-status|p2a: Primarina|par
|cant|p2a: Primarina|par
|
|-weather|RainDance|[upkeep]
|upkeep
|turn|8
|
|t:|1760369279
|move|p1a: Regice|Ancient Power|p2a: Primarina
|-damage|p2a: Primarina|91/100 par
|move|p2a: Primarina|Surf|p1a: Regice
|-damage|p1a: Regice|52/100
|
|-weather|RainDance|[upkeep]
|-heal|p1a: Regice|58/100|[from] item: Leftovers
|-heal|p2a: Primarina|97/100 par|[from] item: Leftovers
|-sideend|p1: magikarpmvp|move: Tailwind
|upkeep
|turn|9
|
|t:|1760369284
|move|p1a: Regice|Ancient Power|p2a: Primarina
|-damage|p2a: Primarina|89/100 par
|cant|p2a: Primarina|par
|
|-weather|RainDance|[upkeep]
|-heal|p1a: Regice|64/100|[from] item: Leftovers
|-heal|p2a: Primarina|95/100 par|[from] item: Leftovers
|upkeep
|turn|10
|
|t:|1760369294
|move|p1a: Regice|Ancient Power|p2a: Primarina
|-damage|p2a: Primarina|86/100 par
|cant|p2a: Primarina|par
|
|-weather|none
|-heal|p1a: Regice|70/100|[from] item: Leftovers
|-heal|p2a: Primarina|92/100 par|[from] item: Leftovers
|upkeep
|turn|11
|
|t:|1760369300
|move|p1a: Regice|Ancient Power|p2a: Primarina
|-damage|p2a: Primarina|83/100 par
|move|p2a: Primarina|Moonblast|p1a: Regice
|-damage|p1a: Regice|36/100
|
|-heal|p1a: Regice|42/100|[from] item: Leftovers
|-heal|p2a: Primarina|89/100 par|[from] item: Leftovers
|upkeep
|turn|12
|
|t:|1760369310
|move|p1a: Regice|Ancient Power|p2a: Primarina
|-damage|p2a: Primarina|80/100 par
|-boost|p1a: Regice|atk|1
|-boost|p1a: Regice|def|1
|-boost|p1a: Regice|spa|1
|-boost|p1a: Regice|spd|1
|-boost|p1a: Regice|spe|1
|move|p2a: Primarina|Moonblast|p1a: Regice
|-damage|p1a: Regice|21/100
|
|-heal|p1a: Regice|27/100|[from] item: Leftovers
|-heal|p2a: Primarina|86/100 par|[from] item: Leftovers
|upkeep
|turn|13
|
|t:|1760369319
|move|p1a: Regice|Ancient Power|p2a: Primarina
|-damage|p2a: Primarina|73/100 par
|move|p2a: Primarina|Calm Mind|p2a: Primarina
|-boost|p2a: Primarina|spa|1
|-boost|p2a: Primarina|spd|1
|
|-heal|p1a: Regice|33/100|[from] item: Leftovers
|-heal|p2a: Primarina|80/100 par|[from] item: Leftovers
|upkeep
|turn|14
|
|t:|1760369322
|move|p1a: Regice|Ancient Power|p2a: Primarina
|-damage|p2a: Primarina|70/100 par
|-boost|p1a: Regice|atk|1
|-boost|p1a: Regice|def|1
|-boost|p1a: Regice|spa|1
|-boost|p1a: Regice|spd|1
|-boost|p1a: Regice|spe|1
|move|p2a: Primarina|Moonblast|p1a: Regice
|-damage|p1a: Regice|12/100
|
|-heal|p1a: Regice|18/100|[from] item: Leftovers
|-heal|p2a: Primarina|76/100 par|[from] item: Leftovers
|upkeep
|turn|15
|
|t:|1760369337
|move|p1a: Regice|Focus Blast|p2a: Primarina
|-resisted|p2a: Primarina
|-damage|p2a: Primarina|64/100 par
|-unboost|p2a: Primarina|spd|1
|move|p2a: Primarina|Moonblast|p1a: Regice
|-damage|p1a: Regice|0 fnt
|faint|p1a: Regice
|
|-heal|p2a: Primarina|71/100 par|[from] item: Leftovers
|upkeep
|
|t:|1760369340
|switch|p1a: Dondozo|Dondozo, M, shiny|100/100
|turn|16
|
|t:|1760369346
|move|p1a: Dondozo|Liquidation|p2a: Primarina
|-resisted|p2a: Primarina
|-damage|p2a: Primarina|53/100 par
|move|p2a: Primarina|Moonblast|p1a: Dondozo
|-damage|p1a: Dondozo|45/100
|
|-heal|p1a: Dondozo|52/100|[from] item: Leftovers
|-heal|p2a: Primarina|59/100 par|[from] item: Leftovers
|upkeep
|turn|17
|
|t:|1760369358
|move|p1a: Dondozo|Body Press|p2a: Primarina
|-resisted|p2a: Primarina
|-damage|p2a: Primarina|39/100 par
|move|p2a: Primarina|Moonblast|p1a: Dondozo
|-damage|p1a: Dondozo|0 fnt
|faint|p1a: Dondozo
|
|-heal|p2a: Primarina|46/100 par|[from] item: Leftovers
|upkeep
|
|t:|1760369363
|switch|p1a: Kyurem|Kyurem, shiny|82/100
|-ability|p1a: Kyurem|Pressure
|turn|18
|
|t:|1760369366
|move|p1a: Kyurem|Earth Power|p2a: Primarina
|-damage|p2a: Primarina|13/100 par
|cant|p2a: Primarina|par
|
|-heal|p2a: Primarina|19/100 par|[from] item: Leftovers
|upkeep
|turn|19
|
|t:|1760369373
|move|p1a: Kyurem|Earth Power|p2a: Primarina
|-damage|p2a: Primarina|0 fnt
|faint|p2a: Primarina
|
|upkeep
|
|t:|1760369376
|switch|p2a: Samurott|Samurott-Hisui, F|100/100
|turn|20
|
|t:|1760369393
|move|p2a: Samurott|Ceaseless Edge|p1a: Kyurem|[miss]
|-miss|p2a: Samurott|p1a: Kyurem
|move|p1a: Kyurem|Earth Power|p2a: Samurott
|-crit|p2a: Samurott
|-enditem|p2a: Samurott|Focus Sash
|-damage|p2a: Samurott|1/100
|
|upkeep
|turn|21
|
|t:|1760369401
|switch|p1a: Mandibuzz|Mandibuzz, F|83/100
|move|p2a: Samurott|Ceaseless Edge|p1a: Mandibuzz
|-resisted|p1a: Mandibuzz
|-damage|p1a: Mandibuzz|71/100
|-damage|p2a: Samurott|0 fnt|[from] item: Rocky Helmet|[of] p1a: Mandibuzz
|faint|p2a: Samurott
|
|upkeep
|
|t:|1760369413
|switch|p2a: Floatzel|Floatzel, M|84/100
|turn|22
|
|t:|1760369419
|move|p2a: Floatzel|Wave Crash|p1a: Mandibuzz
|-crit|p1a: Mandibuzz
|-damage|p1a: Mandibuzz|0 fnt
|-damage|p2a: Floatzel|68/100|[from] item: Rocky Helmet|[of] p1a: Mandibuzz
|faint|p1a: Mandibuzz
|-damage|p2a: Floatzel|36/100|[from] Recoil
|
|upkeep
|
|t:|1760369425
|switch|p1a: Cloyster|Cloyster, F, shiny|100/100
|turn|23
|
|t:|1760369433
|switch|p2a: Kingdra|Kingdra, F|100/100
|move|p1a: Cloyster|Shell Smash|p1a: Cloyster
|-unboost|p1a: Cloyster|def|1
|-unboost|p1a: Cloyster|spd|1
|-boost|p1a: Cloyster|atk|2
|-boost|p1a: Cloyster|spa|2
|-boost|p1a: Cloyster|spe|2
|
|upkeep
|turn|24
|
|t:|1760369440
|move|p1a: Cloyster|Icicle Spear|p2a: Kingdra
|-damage|p2a: Kingdra|71/100
|-damage|p2a: Kingdra|41/100
|-damage|p2a: Kingdra|13/100
|-damage|p2a: Kingdra|0 fnt
|faint|p2a: Kingdra
|-hitcount|p2: Kingdra|4
|
|upkeep
|
|t:|1760369445
|switch|p2a: Goodra|Goodra-Hisui, F|59/100
|turn|25
|
|t:|1760369447
|move|p1a: Cloyster|Icicle Spear|p2a: Goodra
|-damage|p2a: Goodra|31/100
|-damage|p2a: Goodra|3/100
|-damage|p2a: Goodra|0 fnt
|faint|p2a: Goodra
|-hitcount|p2: Goodra|3
|
|upkeep
|
|t:|1760369452
|switch|p2a: Floatzel|Floatzel, M|36/100
|turn|26
|
|t:|1760369456
|move|p1a: Cloyster|Icicle Spear|p2a: Floatzel
|-resisted|p2a: Floatzel
|-damage|p2a: Floatzel|17/100
|-resisted|p2a: Floatzel
|-damage|p2a: Floatzel|0 fnt
|faint|p2a: Floatzel
|-hitcount|p2: Floatzel|2
|
|win|magikarpmvp
|raw|magikarpmvp's rating: 1124 &rarr; <strong>1153</strong><br />(+29 for winning)
|raw|Artemyst556's rating: 1186 &rarr; <strong>1157</strong><br />(-29 for losing)
|l|☆Artemyst556
|player|p2|
|l|‽magikarpmvp
|player|p1|
