|j|☆My Lovezzz
|j|☆ROTOM HammyHour
|t:|1760375627
|gametype|singles
|player|p1|My Lovezzz|n|1113
|player|p2|ROTOM HammyHour|102|1052
|gen|9
|tier|[Gen 9] OU
|rated|
|rule|HP Percentage Mod: HP is shown in percentages
|rule|Endless Battle Clause: Forcing endless battles is banned
|rule|Species Clause: Limit one of each Pokémon
|rule|OHKO Clause: OHKO moves are banned
|rule|Evasion Items Clause: Evasion items are banned
|rule|Evasion Moves Clause: Evasion moves are banned
|rule|Evasion Abilities Clause: Evasion abilities are banned
|rule|Sleep Moves Clause: Sleep-inducing moves are banned
|clearpoke
|poke|p1|Ninetales-Alola, M|
|poke|p1|Kyurem|
|poke|p1|Kingambit, F|
|poke|p1|Iron Valiant|
|poke|p1|Dragapult, M|
|poke|p1|Landorus-Therian, M|
|poke|p2|Alomomola, M|
|poke|p2|Weavile, M|
|poke|p2|Gliscor, M|
|poke|p2|Porygon-Z|
|poke|p2|Weezing-Galar, F|
|poke|p2|Masquerain, F|
|teampreview
|
|t:|1760375642
|teamsize|p1|6
|teamsize|p2|6
|start
|switch|p1a: Ninetales|Ninetales-Alola, M|100/100
|switch|p2a: Guy|Porygon-Z|100/100
|-weather|Snowscape|[from] ability: Snow Warning|[of] p1a: Ninetales
|turn|1
|c|☆ROTOM HammyHour|bruh
|
|t:|1760375648
|move|p2a: Guy|Tera Blast|p1a: Ninetales
|-damage|p1a: Ninetales|45/100
|move|p1a: Ninetales|Aurora Veil|p1a: Ninetales
|-sidestart|p1: My Lovezzz|move: Aurora Veil
|
|-weather|Snowscape|[upkeep]
|upkeep
|turn|2
|
|t:|1760375654
|switch|p1a: Iron Valiant|Iron Valiant|100/100
|-enditem|p1a: Iron Valiant|Booster Energy
|-activate|p1a: Iron Valiant|ability: Quark Drive|[fromitem]
|-start|p1a: Iron Valiant|quarkdrivespe
|move|p2a: Guy|Tera Blast|p1a: Iron Valiant
|-damage|p1a: Iron Valiant|39/100
|
|-weather|Snowscape|[upkeep]
|upkeep
|turn|3
|
|t:|1760375661
|switch|p2a: Reginald III|Weezing-Galar, F|100/100
|move|p1a: Iron Valiant|Close Combat|p2a: Reginald III
|-resisted|p2a: Reginald III
|-damage|p2a: Reginald III|92/100
|-unboost|p1a: Iron Valiant|def|1
|-unboost|p1a: Iron Valiant|spd|1
|-damage|p1a: Iron Valiant|23/100|[from] item: Rocky Helmet|[of] p2a: Reginald III
|
|-weather|Snowscape|[upkeep]
|upkeep
|turn|4
|
|t:|1760375669
|move|p1a: Iron Valiant|Knock Off|p2a: Reginald III
|-resisted|p2a: Reginald III
|-damage|p2a: Reginald III|82/100
|-damage|p1a: Iron Valiant|6/100|[from] item: Rocky Helmet|[of] p2a: Reginald III
|-enditem|p2a: Reginald III|Rocky Helmet|[from] move: Knock Off|[of] p1a: Iron Valiant
|move|p2a: Reginald III|Strange Steam|p1a: Iron Valiant
|-supereffective|p1a: Iron Valiant
|-damage|p1a: Iron Valiant|0 fnt
|faint|p1a: Iron Valiant
|-end|p1a: Iron Valiant|Quark Drive|[silent]
|
|-weather|Snowscape|[upkeep]
|upkeep
|
|t:|1760375681
|switch|p1a: Kingambit|Kingambit, F|100/100
|-activate|p1a: Kingambit|ability: Supreme Overlord
|-start|p1a: Kingambit|fallen1|[silent]
|turn|5
|
|t:|1760375687
|move|p2a: Reginald III|Strange Steam|p1a: Kingambit
|-damage|p1a: Kingambit|88/100
|move|p1a: Kingambit|Swords Dance|p1a: Kingambit
|-boost|p1a: Kingambit|atk|2
|
|-weather|none
|-heal|p1a: Kingambit|94/100|[from] item: Leftovers
|upkeep
|turn|6
|
|t:|1760375694
|switch|p2a: Kiwi|Masquerain, F, shiny|100/100
|-ability|p2a: Kiwi|Intimidate|boost
|-unboost|p1a: Kingambit|atk|1
|move|p1a: Kingambit|Swords Dance|p1a: Kingambit
|-boost|p1a: Kingambit|atk|2
|
|-heal|p1a: Kingambit|99/100|[from] item: Leftovers
|upkeep
|turn|7
|
|t:|1760375712
|move|p1a: Kingambit|Sucker Punch||[still]
|-fail|p1a: Kingambit
|move|p2a: Kiwi|Haze|p2a: Kiwi
|-clearallboost
|
|-heal|p1a: Kingambit|100/100|[from] item: Leftovers
|upkeep
|turn|8
|
|t:|1760375725
|-end|p1a: Kingambit|fallen1|[silent]
|switch|p1a: Kyurem|Kyurem|100/100
|-ability|p1a: Kyurem|Pressure
|move|p2a: Kiwi|Sticky Web|p1a: Kyurem
|-sidestart|p1: My Lovezzz|move: Sticky Web
|
|-sideend|p1: My Lovezzz|move: Aurora Veil
|upkeep
|turn|9
|
|t:|1760375728
|move|p1a: Kyurem|Ice Beam|p2a: Kiwi
|-supereffective|p2a: Kiwi
|-enditem|p2a: Kiwi|Focus Sash
|-damage|p2a: Kiwi|1/100
|move|p2a: Kiwi|Icy Wind|p1a: Kyurem
|-damage|p1a: Kyurem|84/100
|-unboost|p1a: Kyurem|spe|1
|
|upkeep
|turn|10
|
|t:|1760375732
|move|p2a: Kiwi|U-turn|p1a: Kyurem
|-damage|p1a: Kyurem|70/100
|
|t:|1760375735
|switch|p2a: Flop|Alomomola, M|100/100|[from] U-turn
|move|p1a: Kyurem|Ice Beam|p2a: Flop
|-resisted|p2a: Flop
|-damage|p2a: Flop|75/100
|-status|p2a: Flop|frz
|
|-heal|p2a: Flop|81/100 frz|[from] item: Leftovers
|upkeep
|turn|11
|
|t:|1760375747
|switch|p1a: Kingambit|Kingambit, F|100/100
|-activate|p1a: Kingambit|move: Sticky Web
|-unboost|p1a: Kingambit|spe|1
|-activate|p1a: Kingambit|ability: Supreme Overlord
|-start|p1a: Kingambit|fallen1|[silent]
|cant|p2a: Flop|frz
|
|-heal|p2a: Flop|88/100 frz|[from] item: Leftovers
|upkeep
|turn|12
|
|t:|1760375750
|switch|p2a: Kiwi|Masquerain, F, shiny|1/100
|-ability|p2a: Kiwi|Intimidate|boost
|-unboost|p1a: Kingambit|atk|1
|move|p1a: Kingambit|Swords Dance|p1a: Kingambit
|-boost|p1a: Kingambit|atk|2
|
|upkeep
|turn|13
|
|t:|1760375753
|move|p1a: Kingambit|Sucker Punch||[still]
|-fail|p1a: Kingambit
|move|p2a: Kiwi|Haze|p2a: Kiwi
|-clearallboost
|
|upkeep
|turn|14
|
|t:|1760375756
|switch|p2a: Rock Lobster|Gliscor, M|100/100
|move|p1a: Kingambit|Iron Head|p2a: Rock Lobster
|-damage|p2a: Rock Lobster|53/100
|
|-status|p2a: Rock Lobster|tox|[from] item: Toxic Orb
|upkeep
|turn|15
|
|t:|1760375763
|move|p2a: Rock Lobster|Earthquake|p1a: Kingambit
|-supereffective|p1a: Kingambit
|-damage|p1a: Kingambit|26/100
|move|p1a: Kingambit|Iron Head|p2a: Rock Lobster
|-damage|p2a: Rock Lobster|0 fnt
|faint|p2a: Rock Lobster
|
|-heal|p1a: Kingambit|32/100|[from] item: Leftovers
|upkeep
|
|t:|1760375771
|switch|p2a: Kiwi|Masquerain, F, shiny|1/100
|-ability|p2a: Kiwi|Intimidate|boost
|-unboost|p1a: Kingambit|atk|1
|turn|16
|
|t:|1760375777
|switch|p2a: Kevin|Weavile, M|100/100
|-ability|p2a: Kevin|Pressure
|move|p1a: Kingambit|Sucker Punch||[still]
|-fail|p1a: Kingambit
|
|-heal|p1a: Kingambit|38/100|[from] item: Leftovers
|upkeep
|turn|17
|
|t:|1760375785
|move|p2a: Kevin|Low Kick|p1a: Kingambit
|-supereffective|p1a: Kingambit
|-damage|p1a: Kingambit|0 fnt
|faint|p1a: Kingambit
|-end|p1a: Kingambit|fallen1|[silent]
|
|upkeep
|
|t:|1760375788
|switch|p1a: Ninetales|Ninetales-Alola, M|45/100
|-activate|p1a: Ninetales|move: Sticky Web
|-unboost|p1a: Ninetales|spe|1
|-weather|Snowscape|[from] ability: Snow Warning|[of] p1a: Ninetales
|turn|18
|
|t:|1760375794
|move|p2a: Kevin|Icicle Crash|p1a: Ninetales
|-resisted|p1a: Ninetales
|-damage|p1a: Ninetales|26/100
|move|p1a: Ninetales|Aurora Veil|p1a: Ninetales
|-sidestart|p1: My Lovezzz|move: Aurora Veil
|
|-weather|Snowscape|[upkeep]
|upkeep
|turn|19
|
|t:|1760375808
|switch|p2a: Flop|Alomomola, M|100/100 frz
|move|p1a: Ninetales|Moonblast|p2a: Flop
|-damage|p2a: Flop|81/100 frz
|
|-weather|Snowscape|[upkeep]
|-heal|p2a: Flop|87/100 frz|[from] item: Leftovers
|upkeep
|turn|20
|
|t:|1760375812
|switch|p1a: Kyurem|Kyurem|70/100
|-activate|p1a: Kyurem|move: Sticky Web
|-unboost|p1a: Kyurem|spe|1
|-ability|p1a: Kyurem|Pressure
|cant|p2a: Flop|frz
|
|-weather|Snowscape|[upkeep]
|-heal|p2a: Flop|94/100 frz|[from] item: Leftovers
|upkeep
|turn|21
|
|t:|1760375817
|move|p1a: Kyurem|Draco Meteor|p2a: Flop
|-damage|p2a: Flop|20/100 frz
|-unboost|p1a: Kyurem|spa|2
|cant|p2a: Flop|frz
|
|-weather|Snowscape|[upkeep]
|-heal|p2a: Flop|26/100 frz|[from] item: Leftovers
|upkeep
|turn|22
|
|t:|1760375820
|move|p1a: Kyurem|Draco Meteor|p2a: Flop
|-damage|p2a: Flop|0 fnt
|-unboost|p1a: Kyurem|spa|2
|faint|p2a: Flop
|
|-weather|none
|upkeep
|
|t:|1760375827
|switch|p2a: Reginald III|Weezing-Galar, F|82/100
|turn|23
|
|t:|1760375831
|move|p1a: Kyurem|Draco Meteor|p2a: Reginald III
|-immune|p2a: Reginald III
|move|p2a: Reginald III|Toxic|p1a: Kyurem
|-status|p1a: Kyurem|tox
|
|-damage|p1a: Kyurem|64/100 tox|[from] psn
|upkeep
|turn|24
|
|t:|1760375843
|switch|p1a: Landorus|Landorus-Therian, M|100/100
|-ability|p1a: Landorus|Intimidate|boost
|-unboost|p2a: Reginald III|atk|1
|move|p2a: Reginald III|Toxic|p1a: Landorus
|-status|p1a: Landorus|tox
|
|-damage|p1a: Landorus|94/100 tox|[from] psn
|upkeep
|turn|25
|
|t:|1760375848
|move|p1a: Landorus|Stealth Rock|p2a: Reginald III
|-sidestart|p2: ROTOM HammyHour|move: Stealth Rock
|move|p2a: Reginald III|Pain Split|p1a: Landorus
|-sethp|p1a: Landorus|83/100 tox|[from] move: Pain Split|[silent]
|-sethp|p2a: Reginald III|95/100|[from] move: Pain Split
|
|-damage|p1a: Landorus|71/100 tox|[from] psn
|-sideend|p1: My Lovezzz|move: Aurora Veil
|upkeep
|turn|26
|
|t:|1760375863
|move|p1a: Landorus|Earth Power|p2a: Reginald III
|-immune|p2a: Reginald III|[from] ability: Levitate
|move|p2a: Reginald III|Strange Steam|p1a: Landorus
|-damage|p1a: Landorus|41/100 tox
|-start|p1a: Landorus|confusion
|
|-damage|p1a: Landorus|22/100 tox|[from] psn
|upkeep
|turn|27
|
|t:|1760375868
|-activate|p1a: Landorus|confusion
|move|p1a: Landorus|U-turn|p2a: Reginald III
|-resisted|p2a: Reginald III
|-damage|p2a: Reginald III|92/100
|
|t:|1760375873
|switch|p1a: Ninetales|Ninetales-Alola, M|26/100|[from] U-turn
|-activate|p1a: Ninetales|move: Sticky Web
|-unboost|p1a: Ninetales|spe|1
|-weather|Snowscape|[from] ability: Snow Warning|[of] p1a: Ninetales
|move|p2a: Reginald III|Strange Steam|p1a: Ninetales
|-damage|p1a: Ninetales|1/100
|-start|p1a: Ninetales|confusion
|
|-weather|Snowscape|[upkeep]
|upkeep
|turn|28
|
|t:|1760375879
|-activate|p1a: Ninetales|confusion
|move|p1a: Ninetales|Freeze-Dry|p2a: Reginald III
|-damage|p2a: Reginald III|66/100
|move|p2a: Reginald III|Strange Steam|p1a: Ninetales
|-damage|p1a: Ninetales|0 fnt
|faint|p1a: Ninetales
|
|-weather|Snowscape|[upkeep]
|upkeep
|
|t:|1760375885
|switch|p1a: Kyurem|Kyurem|64/100 tox
|-activate|p1a: Kyurem|move: Sticky Web
|-unboost|p1a: Kyurem|spe|1
|-ability|p1a: Kyurem|Pressure
|turn|29
|
|t:|1760375894
|-terastallize|p1a: Kyurem|Ice
|move|p1a: Kyurem|Ice Beam|p2a: Reginald III
|-damage|p2a: Reginald III|0 fnt
|faint|p2a: Reginald III
|
|-weather|Snowscape|[upkeep]
|-damage|p1a: Kyurem|58/100 tox|[from] psn
|upkeep
|
|t:|1760375900
|switch|p2a: Kevin|Weavile, M|100/100
|-ability|p2a: Kevin|Pressure
|turn|30
|
|t:|1760375908
|-terastallize|p2a: Kevin|Dark
|move|p2a: Kevin|Knock Off|p1a: Kyurem
|-damage|p1a: Kyurem|16/100 tox
|-enditem|p1a: Kyurem|Choice Specs|[from] move: Knock Off|[of] p2a: Kevin
|move|p1a: Kyurem|Ice Beam|p2a: Kevin
|-damage|p2a: Kevin|7/100
|
|-weather|Snowscape|[upkeep]
|-damage|p1a: Kyurem|4/100 tox|[from] psn
|upkeep
|turn|31
|
|t:|1760375921
|switch|p1a: Dragapult|Dragapult, M, shiny|100/100
|move|p2a: Kevin|Low Kick|p1a: Dragapult
|-immune|p1a: Dragapult
|
|-weather|none
|upkeep
|turn|32
|
|t:|1760375936
|move|p2a: Kevin|Ice Shard|p1a: Dragapult
|-supereffective|p1a: Dragapult
|-damage|p1a: Dragapult|48/100
|move|p1a: Dragapult|Hex|p2a: Kevin
|-resisted|p2a: Kevin
|-damage|p2a: Kevin|0 fnt
|faint|p2a: Kevin
|
|upkeep
|
|t:|1760375944
|switch|p2a: Kiwi|Masquerain, F, shiny|1/100
|-damage|p2a: Kiwi|0 fnt|[from] Stealth Rock
|faint|p2a: Kiwi
|
|t:|1760375952
|switch|p2a: Guy|Porygon-Z|100/100
|-damage|p2a: Guy|88/100|[from] Stealth Rock
|turn|33
|
|t:|1760375958
|move|p2a: Guy|Dark Pulse|p1a: Dragapult
|-supereffective|p1a: Dragapult
|-damage|p1a: Dragapult|0 fnt
|faint|p1a: Dragapult
|
|upkeep
|
|t:|1760375962
|switch|p1a: Kyurem|Kyurem, tera:Ice|4/100 tox
|-activate|p1a: Kyurem|move: Sticky Web
|-unboost|p1a: Kyurem|spe|1
|-ability|p1a: Kyurem|Pressure
|turn|34
|
|t:|1760375966
|move|p2a: Guy|Dark Pulse|p1a: Kyurem
|-damage|p1a: Kyurem|0 fnt
|faint|p1a: Kyurem
|
|upkeep
|
|t:|1760375968
|switch|p1a: Landorus|Landorus-Therian, M|22/100 tox
|-ability|p1a: Landorus|Intimidate|boost
|-unboost|p2a: Guy|atk|1
|turn|35
|
|t:|1760375978
|move|p2a: Guy|Dark Pulse|p1a: Landorus
|-damage|p1a: Landorus|0 fnt
|faint|p1a: Landorus
|
|win|ROTOM HammyHour
|raw|My Lovezzz's rating: 1113 &rarr; <strong>1084</strong><br />(-29 for losing)
|raw|ROTOM HammyHour's rating: 1052 &rarr; <strong>1090</strong><br />(+38 for winning)
|c|☆ROTOM HammyHour|gg
|l|☆My Lovezzz
|player|p1|
