|j|☆elpets
|j|☆volcaronaisboss
|t:|1760364698
|gametype|singles
|player|p1|elpets|infielder|1744
|player|p2|volcaronaisboss|burglar-gen3|1733
|gen|9
|tier|[Gen 9] OU
|rated|
|rule|HP Percentage Mod: HP is shown in percentages
|rule|Endless Battle Clause: Forcing endless battles is banned
|rule|Species Clause: Limit one of each Pokémon
|rule|OHKO Clause: OHKO moves are banned
|rule|Evasion Items Clause: Evasion items are banned
|rule|Evasion Moves Clause: Evasion moves are banned
|rule|Evasion Abilities Clause: Evasion abilities are banned
|rule|Sleep Moves Clause: Sleep-inducing moves are banned
|clearpoke
|poke|p1|Hatterene, F|
|poke|p1|Dragonite, F|
|poke|p1|Breloom, M|
|poke|p1|Azumarill, F|
|poke|p1|Great Tusk|
|poke|p1|Skeledirge, M|
|poke|p2|Comfey, M|
|poke|p2|Whimsicott, F|
|poke|p2|Iron Moth|
|poke|p2|Walking Wake|
|poke|p2|Great Tusk|
|poke|p2|Ninetales, F|
|teampreview
|inactive|Battle timer is ON: inactive players will automatically lose when time's up. (requested by volcaronaisboss)
|
|t:|1760364711
|teamsize|p1|6
|teamsize|p2|6
|start
|switch|p1a: Azumarill|Azumarill, F|100/100
|switch|p2a: Ninetales|Ninetales, F|100/100
|-weather|SunnyDay|[from] ability: Drought|[of] p2a: Ninetales
|turn|1
|
|t:|1760364714
|move|p2a: Ninetales|Will-O-Wisp|p1a: Azumarill
|-status|p1a: Azumarill|brn
|move|p1a: Azumarill|Knock Off|p2a: Ninetales
|-damage|p2a: Ninetales|77/100
|-enditem|p2a: Ninetales|Heat Rock|[from] move: Knock Off|[of] p1a: Azumarill
|
|-weather|SunnyDay|[upkeep]
|-damage|p1a: Azumarill|94/100 brn|[from] brn
|upkeep
|turn|2
|j| ThunderstorM520
|
|t:|1760364722
|switch|p2a: Walking Wake|Walking Wake|100/100
|-activate|p2a: Walking Wake|ability: Protosynthesis
|-start|p2a: Walking Wake|protosynthesisspe
|move|p1a: Azumarill|Liquidation|p2a: Walking Wake
|-resisted|p2a: Walking Wake
|-damage|p2a: Walking Wake|98/100
|-unboost|p2a: Walking Wake|def|1
|
|-weather|SunnyDay|[upkeep]
|-damage|p1a: Azumarill|88/100 brn|[from] brn
|upkeep
|turn|3
|
|t:|1760364727
|move|p2a: Walking Wake|Flip Turn|p1a: Azumarill
|-resisted|p1a: Azumarill
|-damage|p1a: Azumarill|84/100 brn
|
|t:|1760364729
|-end|p2a: Walking Wake|Protosynthesis|[silent]
|switch|p2a: Whimsicott|Whimsicott, F|100/100|[from] Flip Turn
|move|p1a: Azumarill|Play Rough|p2a: Whimsicott
|-damage|p2a: Whimsicott|65/100
|
|-weather|SunnyDay|[upkeep]
|-damage|p1a: Azumarill|78/100 brn|[from] brn
|upkeep
|turn|4
|l|☆elpets
|inactive|elpets disconnected and has a minute to reconnect!
|player|p1|
|j|☆elpets
|inactive|elpets reconnected and has 115 seconds left.
|player|p1|elpets|infielder|
|
|t:|1760364778
|move|p2a: Whimsicott|Giga Drain|p1a: Azumarill
|-supereffective|p1a: Azumarill
|-damage|p1a: Azumarill|26/100 brn
|-heal|p2a: Whimsicott|99/100|[from] drain|[of] p1a: Azumarill
|-damage|p2a: Whimsicott|90/100|[from] item: Life Orb
|move|p1a: Azumarill|Knock Off|p2a: Whimsicott
|-resisted|p2a: Whimsicott
|-crit|p2a: Whimsicott
|-damage|p2a: Whimsicott|71/100
|-enditem|p2a: Whimsicott|Life Orb|[from] move: Knock Off|[of] p1a: Azumarill
|
|-weather|SunnyDay|[upkeep]
|-damage|p1a: Azumarill|20/100 brn|[from] brn
|upkeep
|turn|5
|
|t:|1760364784
|move|p2a: Whimsicott|Giga Drain|p1a: Azumarill
|-supereffective|p1a: Azumarill
|-damage|p1a: Azumarill|0 fnt
|-heal|p2a: Whimsicott|84/100|[from] drain|[of] p1a: Azumarill
|faint|p1a: Azumarill
|
|-weather|SunnyDay|[upkeep]
|upkeep
|
|t:|1760364787
|switch|p1a: Hatterene|Hatterene, F|100/100
|turn|6
|
|t:|1760364793
|switch|p2a: Iron Moth|Iron Moth|100/100
|-enditem|p2a: Iron Moth|Booster Energy
|-activate|p2a: Iron Moth|ability: Quark Drive|[fromitem]
|-start|p2a: Iron Moth|quarkdrivespa
|move|p1a: Hatterene|Trick Room|p1a: Hatterene
|-fieldstart|move: Trick Room|[of] p1a: Hatterene
|
|-weather|SunnyDay|[upkeep]
|upkeep
|turn|7
|
|t:|1760364799
|move|p1a: Hatterene|Psyshock|p2a: Iron Moth
|-supereffective|p2a: Iron Moth
|-damage|p2a: Iron Moth|0 fnt
|faint|p2a: Iron Moth
|-end|p2a: Iron Moth|Quark Drive|[silent]
|
|-weather|SunnyDay|[upkeep]
|upkeep
|
|t:|1760364820
|switch|p2a: Walking Wake|Walking Wake|98/100
|-activate|p2a: Walking Wake|ability: Protosynthesis
|-start|p2a: Walking Wake|protosynthesisspe
|turn|8
|
|t:|1760364823
|move|p1a: Hatterene|Draining Kiss|p2a: Walking Wake
|-supereffective|p2a: Walking Wake
|-damage|p2a: Walking Wake|56/100
|move|p2a: Walking Wake|Hydro Steam|p1a: Hatterene
|-damage|p1a: Hatterene|39/100
|
|-weather|none
|-end|p2a: Walking Wake|Protosynthesis
|-heal|p1a: Hatterene|45/100|[from] item: Leftovers
|upkeep
|turn|9
|
|t:|1760364827
|-end|p2a: Walking Wake|Protosynthesis|[silent]
|switch|p2a: Ninetales|Ninetales, F|77/100
|-weather|SunnyDay|[from] ability: Drought|[of] p2a: Ninetales
|move|p1a: Hatterene|Draining Kiss|p2a: Ninetales
|-resisted|p2a: Ninetales
|-damage|p2a: Ninetales|62/100
|-heal|p1a: Hatterene|57/100|[from] drain|[of] p2a: Ninetales
|
|-weather|SunnyDay|[upkeep]
|-heal|p1a: Hatterene|63/100|[from] item: Leftovers
|upkeep
|turn|10
|
|t:|1760364832
|move|p1a: Hatterene|Psyshock|p2a: Ninetales
|-damage|p2a: Ninetales|6/100
|move|p2a: Ninetales|Encore|p1a: Hatterene
|move|p1a: Hatterene|Encore||[from] ability: Magic Bounce|[still]
|-fail|p1a: Hatterene
|
|-weather|SunnyDay|[upkeep]
|-heal|p1a: Hatterene|69/100|[from] item: Leftovers
|-fieldend|move: Trick Room
|upkeep
|turn|11
|j| wgw2333
|
|t:|1760364839
|switch|p2a: Walking Wake|Walking Wake|56/100
|-activate|p2a: Walking Wake|ability: Protosynthesis
|-start|p2a: Walking Wake|protosynthesisspe
|move|p1a: Hatterene|Trick Room|p1a: Hatterene
|-fieldstart|move: Trick Room|[of] p1a: Hatterene
|
|-weather|SunnyDay|[upkeep]
|-heal|p1a: Hatterene|75/100|[from] item: Leftovers
|upkeep
|turn|12
|
|t:|1760364842
|move|p1a: Hatterene|Draining Kiss|p2a: Walking Wake
|-supereffective|p2a: Walking Wake
|-damage|p2a: Walking Wake|12/100
|-heal|p1a: Hatterene|100/100|[from] drain|[of] p2a: Walking Wake
|move|p2a: Walking Wake|Hydro Steam|p1a: Hatterene
|-damage|p1a: Hatterene|46/100
|
|-weather|SunnyDay|[upkeep]
|-heal|p1a: Hatterene|52/100|[from] item: Leftovers
|upkeep
|turn|13
|
|t:|1760364846
|move|p1a: Hatterene|Draining Kiss|p2a: Walking Wake
|-supereffective|p2a: Walking Wake
|-damage|p2a: Walking Wake|0 fnt
|-heal|p1a: Hatterene|63/100|[from] drain|[of] p2a: Walking Wake
|faint|p2a: Walking Wake
|-end|p2a: Walking Wake|Protosynthesis|[silent]
|
|-weather|none
|-heal|p1a: Hatterene|69/100|[from] item: Leftovers
|upkeep
|
|t:|1760364848
|switch|p2a: Ninetales|Ninetales, F|6/100
|-weather|SunnyDay|[from] ability: Drought|[of] p2a: Ninetales
|turn|14
|
|t:|1760364850
|move|p1a: Hatterene|Draining Kiss|p2a: Ninetales
|-resisted|p2a: Ninetales
|-damage|p2a: Ninetales|0 fnt
|-heal|p1a: Hatterene|73/100|[from] drain|[of] p2a: Ninetales
|faint|p2a: Ninetales
|
|-weather|SunnyDay|[upkeep]
|-heal|p1a: Hatterene|79/100|[from] item: Leftovers
|upkeep
|
|t:|1760364852
|switch|p2a: Comfey|Comfey, M|100/100
|turn|15
|
|t:|1760364858
|move|p1a: Hatterene|Mystical Fire|p2a: Comfey
|-damage|p2a: Comfey|56/100
|-unboost|p2a: Comfey|spa|1
|move|p2a: Comfey|Growth|p2a: Comfey
|-boost|p2a: Comfey|atk|2
|-boost|p2a: Comfey|spa|2
|
|-weather|SunnyDay|[upkeep]
|-heal|p1a: Hatterene|85/100|[from] item: Leftovers
|-fieldend|move: Trick Room
|upkeep
|turn|16
|
|t:|1760364868
|switch|p1a: Skeledirge|Skeledirge, M|100/100
|move|p2a: Comfey|Growth|p2a: Comfey
|-boost|p2a: Comfey|atk|2
|-boost|p2a: Comfey|spa|2
|
|-weather|SunnyDay|[upkeep]
|upkeep
|turn|17
|
|t:|1760364878
|-terastallize|p2a: Comfey|Water
|move|p2a: Comfey|Growth|p2a: Comfey
|-boost|p2a: Comfey|atk|2
|-boost|p2a: Comfey|spa|2
|move|p1a: Skeledirge|Torch Song|p2a: Comfey
|-resisted|p2a: Comfey
|-damage|p2a: Comfey|32/100
|-boost|p1a: Skeledirge|spa|1
|
|-weather|SunnyDay|[upkeep]
|upkeep
|turn|18
|
|t:|1760364882
|move|p2a: Comfey|Synthesis|p2a: Comfey
|-heal|p2a: Comfey|99/100
|move|p1a: Skeledirge|Shadow Ball|p2a: Comfey
|-damage|p2a: Comfey|50/100
|
|-weather|none
|upkeep
|turn|19
|
|t:|1760364885
|move|p2a: Comfey|Stored Power|p1a: Skeledirge
|-damage|p1a: Skeledirge|16/100
|-damage|p2a: Comfey|40/100|[from] item: Life Orb
|move|p1a: Skeledirge|Shadow Ball|p2a: Comfey
|-damage|p2a: Comfey|0 fnt
|faint|p2a: Comfey
|
|upkeep
|
|t:|1760364889
|switch|p2a: Great Tusk|Great Tusk|100/100
|turn|20
|
|t:|1760364892
|move|p2a: Great Tusk|Headlong Rush|p1a: Skeledirge
|-supereffective|p1a: Skeledirge
|-damage|p1a: Skeledirge|0 fnt
|-unboost|p2a: Great Tusk|def|1
|-unboost|p2a: Great Tusk|spd|1
|faint|p1a: Skeledirge
|
|upkeep
|
|t:|1760364894
|switch|p1a: Great Tusk|Great Tusk|100/100
|-enditem|p1a: Great Tusk|Booster Energy
|-activate|p1a: Great Tusk|ability: Protosynthesis|[fromitem]
|-start|p1a: Great Tusk|protosynthesisatk
|turn|21
|
|t:|1760364898
|move|p2a: Great Tusk|Ice Spinner|p1a: Great Tusk
|-supereffective|p1a: Great Tusk
|-damage|p1a: Great Tusk|63/100
|move|p1a: Great Tusk|Ice Spinner|p2a: Great Tusk
|-supereffective|p2a: Great Tusk
|-damage|p2a: Great Tusk|34/100
|-damage|p1a: Great Tusk|47/100|[from] item: Rocky Helmet|[of] p2a: Great Tusk
|
|upkeep
|turn|22
|
|t:|1760364901
|move|p1a: Great Tusk|Ice Spinner|p2a: Great Tusk
|-supereffective|p2a: Great Tusk
|-damage|p2a: Great Tusk|0 fnt
|-damage|p1a: Great Tusk|30/100|[from] item: Rocky Helmet|[of] p2a: Great Tusk
|faint|p2a: Great Tusk
|-end|p2a: Great Tusk|Protosynthesis|[silent]
|
|upkeep
|
|t:|1760364903
|switch|p2a: Whimsicott|Whimsicott, F|84/100
|turn|23
|
|t:|1760364905
|move|p1a: Great Tusk|Ice Spinner|p2a: Whimsicott
|-supereffective|p2a: Whimsicott
|-damage|p2a: Whimsicott|0 fnt
|faint|p2a: Whimsicott
|
|win|elpets
|raw|elpets's rating: 1744 &rarr; <strong>1763</strong><br />(+19 for winning)
|raw|volcaronaisboss's rating: 1733 &rarr; <strong>1714</strong><br />(-19 for losing)
|l|☆volcaronaisboss
|player|p2|
|l|☆elpets
|player|p1|
|l| ThunderstorM520
