|j|☆ayyyyyyuhsucconme
|j|☆Slothdog
|t:|1760415684
|gametype|singles
|player|p1|ayyyyyyuhsucconme|linebacker|1267
|player|p2|Slothdog|swimmer-gen4dp|1375
|gen|9
|tier|[Gen 9] OU
|rated|
|rule|HP Percentage Mod: HP is shown in percentages
|rule|Endless Battle Clause: Forcing endless battles is banned
|rule|Species Clause: Limit one of each Pokémon
|rule|OHKO Clause: OHKO moves are banned
|rule|Evasion Items Clause: Evasion items are banned
|rule|Evasion Moves Clause: Evasion moves are banned
|rule|Evasion Abilities Clause: Evasion abilities are banned
|rule|Sleep Moves Clause: Sleep-inducing moves are banned
|clearpoke
|poke|p1|Gholdengo|
|poke|p1|Clodsire, M|
|poke|p1|Skarmory, M|
|poke|p1|Gliscor, M|
|poke|p1|Quaquaval, F|
|poke|p1|Goodra-Hisui, F|
|poke|p2|Darkrai|
|poke|p2|Iron Valiant|
|poke|p2|Ting-Lu|
|poke|p2|Sinistcha|
|poke|p2|Moltres|
|poke|p2|Samurott-Hisui, M|
|teampreview
|
|t:|1760415725
|teamsize|p1|6
|teamsize|p2|6
|start
|switch|p1a: Skarmory|Skarmory, M|100/100
|switch|p2a: Darkrai|Darkrai|100/100
|turn|1
|
|t:|1760415733
|switch|p1a: Goodra|Goodra-Hisui, F|100/100
|move|p2a: Darkrai|Dark Pulse|p1a: Goodra
|-damage|p1a: Goodra|65/100
|
|-heal|p1a: Goodra|71/100|[from] item: Leftovers
|upkeep
|turn|2
|
|t:|1760415739
|switch|p2a: Ting-Lu|Ting-Lu|100/100
|-ability|p2a: Ting-Lu|Vessel of Ruin
|move|p1a: Goodra|Dragon Tail|p2a: Ting-Lu
|-damage|p2a: Ting-Lu|90/100
|drag|p2a: Sinistcha|Sinistcha|100/100
|
|-heal|p1a: Goodra|77/100|[from] item: Leftovers
|upkeep
|turn|3
|
|t:|1760415753
|switch|p1a: Clodsire|Clodsire, M, shiny|100/100
|move|p2a: Sinistcha|Matcha Gotcha|p1a: Clodsire
|-damage|p1a: Clodsire|82/100
|-status|p1a: Clodsire|brn
|
|-heal|p1a: Clodsire|88/100 brn|[from] item: Leftovers
|-damage|p1a: Clodsire|82/100 brn|[from] brn
|upkeep
|turn|4
|c|☆ayyyyyyuhsucconme|damn twinDX
|c|☆Slothdog|thats what we do cuh
|
|t:|1760415787
|switch|p2a: Samurott|Samurott-Hisui, M|100/100
|move|p1a: Clodsire|Stealth Rock|p2a: Samurott
|-sidestart|p2: Slothdog|move: Stealth Rock
|
|-heal|p1a: Clodsire|88/100 brn|[from] item: Leftovers
|-damage|p1a: Clodsire|82/100 brn|[from] brn
|upkeep
|turn|5
|c|☆ayyyyyyuhsucconme|stop doin me twin DX
|
|t:|1760415796
|switch|p1a: Skarmory|Skarmory, M|100/100
|move|p2a: Samurott|Ceaseless Edge|p1a: Skarmory
|-damage|p1a: Skarmory|74/100
|-damage|p2a: Samurott|84/100|[from] item: Rocky Helmet|[of] p1a: Skarmory
|-sidestart|p1: ayyyyyyuhsucconme|Spikes
|
|upkeep
|turn|6
|
|t:|1760415804
|move|p2a: Samurott|Razor Shell|p1a: Skarmory
|-damage|p1a: Skarmory|41/100
|-damage|p2a: Samurott|67/100|[from] item: Rocky Helmet|[of] p1a: Skarmory
|move|p1a: Skarmory|Spikes|p2a: Samurott
|-sidestart|p2: Slothdog|Spikes
|
|upkeep
|turn|7
|
|t:|1760415809
|move|p2a: Samurott|Razor Shell|p1a: Skarmory
|-damage|p1a: Skarmory|12/100
|-unboost|p1a: Skarmory|def|1
|-damage|p2a: Samurott|51/100|[from] item: Rocky Helmet|[of] p1a: Skarmory
|move|p1a: Skarmory|Roost|p1a: Skarmory
|-heal|p1a: Skarmory|62/100
|-singleturn|p1a: Skarmory|move: Roost
|
|upkeep
|turn|8
|
|t:|1760415818
|switch|p1a: Clodsire|Clodsire, M, shiny|82/100 brn
|-damage|p1a: Clodsire|70/100 brn|[from] Spikes
|move|p2a: Samurott|Razor Shell|p1a: Clodsire
|-heal|p1a: Clodsire|95/100 brn|[from] ability: Water Absorb|[of] p2a: Samurott
|
|-heal|p1a: Clodsire|100/100 brn|[from] item: Leftovers
|-damage|p1a: Clodsire|94/100 brn|[from] brn
|upkeep
|turn|9
|
|t:|1760415826
|switch|p1a: Quaquaval|Quaquaval, F|100/100
|-damage|p1a: Quaquaval|88/100|[from] Spikes
|move|p2a: Samurott|Ceaseless Edge|p1a: Quaquaval
|-resisted|p1a: Quaquaval
|-damage|p1a: Quaquaval|66/100
|-sidestart|p1: ayyyyyyuhsucconme|Spikes
|
|-heal|p1a: Quaquaval|72/100|[from] item: Leftovers
|upkeep
|turn|10
|
|t:|1760415835
|switch|p2a: Iron Valiant|Iron Valiant|100/100
|-damage|p2a: Iron Valiant|94/100|[from] Stealth Rock
|-damage|p2a: Iron Valiant|82/100|[from] Spikes
|move|p1a: Quaquaval|Close Combat|p2a: Iron Valiant
|-resisted|p2a: Iron Valiant
|-damage|p2a: Iron Valiant|43/100
|-unboost|p1a: Quaquaval|def|1
|-unboost|p1a: Quaquaval|spd|1
|
|-heal|p1a: Quaquaval|78/100|[from] item: Leftovers
|upkeep
|turn|11
|
|t:|1760415845
|switch|p1a: Clodsire|Clodsire, M, shiny|94/100 brn
|-damage|p1a: Clodsire|78/100 brn|[from] Spikes
|move|p2a: Iron Valiant|Moonblast|p1a: Clodsire
|-resisted|p1a: Clodsire
|-damage|p1a: Clodsire|67/100 brn
|
|-heal|p1a: Clodsire|73/100 brn|[from] item: Leftovers
|-damage|p1a: Clodsire|67/100 brn|[from] brn
|upkeep
|turn|12
|
|t:|1760415860
|-end|p2a: Iron Valiant|Quark Drive|[silent]
|switch|p2a: Ting-Lu|Ting-Lu|90/100
|-damage|p2a: Ting-Lu|84/100|[from] Stealth Rock
|-damage|p2a: Ting-Lu|71/100|[from] Spikes
|-ability|p2a: Ting-Lu|Vessel of Ruin
|move|p1a: Clodsire|Toxic|p2a: Ting-Lu
|-status|p2a: Ting-Lu|tox
|
|-heal|p2a: Ting-Lu|78/100 tox|[from] item: Leftovers
|-heal|p1a: Clodsire|73/100 brn|[from] item: Leftovers
|-damage|p2a: Ting-Lu|71/100 tox|[from] psn
|-damage|p1a: Clodsire|67/100 brn|[from] brn
|upkeep
|turn|13
|
|t:|1760415872
|switch|p1a: Skarmory|Skarmory, M|62/100
|move|p2a: Ting-Lu|Stealth Rock|p1a: Skarmory
|-sidestart|p1: ayyyyyyuhsucconme|move: Stealth Rock
|
|-heal|p2a: Ting-Lu|78/100 tox|[from] item: Leftovers
|-damage|p2a: Ting-Lu|65/100 tox|[from] psn
|upkeep
|turn|14
|
|t:|1760415892
|move|p1a: Skarmory|Spikes|p2a: Ting-Lu
|-sidestart|p2: Slothdog|Spikes
|move|p2a: Ting-Lu|Whirlwind|p1a: Skarmory
|drag|p1a: Goodra|Goodra-Hisui, F|77/100
|-damage|p1a: Goodra|61/100|[from] Spikes
|-damage|p1a: Goodra|55/100|[from] Stealth Rock
|
|-heal|p1a: Goodra|61/100|[from] item: Leftovers
|-heal|p2a: Ting-Lu|71/100 tox|[from] item: Leftovers
|-damage|p2a: Ting-Lu|53/100 tox|[from] psn
|upkeep
|turn|15
|
|t:|1760415906
|move|p1a: Goodra|Dragon Tail|p2a: Ting-Lu|[miss]
|-miss|p1a: Goodra|p2a: Ting-Lu
|move|p2a: Ting-Lu|Whirlwind|p1a: Goodra
|drag|p1a: Skarmory|Skarmory, M|62/100
|-damage|p1a: Skarmory|50/100|[from] Stealth Rock
|
|-heal|p2a: Ting-Lu|59/100 tox|[from] item: Leftovers
|-damage|p2a: Ting-Lu|34/100 tox|[from] psn
|upkeep
|turn|16
|
|t:|1760415919
|move|p1a: Skarmory|Roost|p1a: Skarmory
|-heal|p1a: Skarmory|99/100
|-singleturn|p1a: Skarmory|move: Roost
|move|p2a: Ting-Lu|Whirlwind|p1a: Skarmory
|drag|p1a: Clodsire|Clodsire, M, shiny|67/100 brn
|-damage|p1a: Clodsire|50/100 brn|[from] Spikes
|-damage|p1a: Clodsire|44/100 brn|[from] Stealth Rock
|
|-heal|p2a: Ting-Lu|40/100 tox|[from] item: Leftovers
|-heal|p1a: Clodsire|50/100 brn|[from] item: Leftovers
|-damage|p2a: Ting-Lu|9/100 tox|[from] psn
|-damage|p1a: Clodsire|44/100 brn|[from] brn
|upkeep
|turn|17
|
|t:|1760415928
|switch|p1a: Skarmory|Skarmory, M|99/100
|-damage|p1a: Skarmory|88/100|[from] Stealth Rock
|move|p2a: Ting-Lu|Earthquake|p1a: Skarmory
|-immune|p1a: Skarmory
|
|-heal|p2a: Ting-Lu|15/100 tox|[from] item: Leftovers
|-damage|p2a: Ting-Lu|0 fnt|[from] psn
|faint|p2a: Ting-Lu
|upkeep
|
|t:|1760415933
|switch|p2a: Moltres|Moltres|100/100
|turn|18
|c|☆ayyyyyyuhsucconme|stop copying me twin DX
|
|t:|1760415939
|switch|p1a: Clodsire|Clodsire, M, shiny|44/100 brn
|-damage|p1a: Clodsire|27/100 brn|[from] Spikes
|-damage|p1a: Clodsire|21/100 brn|[from] Stealth Rock
|move|p2a: Moltres|Flamethrower|p1a: Clodsire
|-damage|p1a: Clodsire|2/100 brn
|
|-heal|p1a: Clodsire|8/100 brn|[from] item: Leftovers
|-damage|p1a: Clodsire|2/100 brn|[from] brn
|upkeep
|turn|19
|
|t:|1760415944
|move|p2a: Moltres|U-turn|p1a: Clodsire
|-resisted|p1a: Clodsire
|-damage|p1a: Clodsire|0 fnt
|faint|p1a: Clodsire
|
|t:|1760415948
|switch|p2a: Iron Valiant|Iron Valiant|43/100|[from] U-turn
|-damage|p2a: Iron Valiant|37/100|[from] Stealth Rock
|-damage|p2a: Iron Valiant|21/100|[from] Spikes
|
|upkeep
|
|t:|1760415955
|switch|p1a: Quaquaval|Quaquaval, F|78/100
|-damage|p1a: Quaquaval|61/100|[from] Spikes
|-damage|p1a: Quaquaval|55/100|[from] Stealth Rock
|turn|20
|
|t:|1760415958
|move|p1a: Quaquaval|Aqua Jet|p2a: Iron Valiant
|-damage|p2a: Iron Valiant|0 fnt
|faint|p2a: Iron Valiant
|-end|p2a: Iron Valiant|Quark Drive|[silent]
|-ability|p1a: Quaquaval|Moxie|boost
|-boost|p1a: Quaquaval|atk|1
|
|-heal|p1a: Quaquaval|61/100|[from] item: Leftovers
|upkeep
|
|t:|1760415965
|switch|p2a: Sinistcha|Sinistcha|100/100
|turn|21
|
|t:|1760415971
|switch|p1a: Goodra|Goodra-Hisui, F|61/100
|-damage|p1a: Goodra|44/100|[from] Spikes
|-damage|p1a: Goodra|38/100|[from] Stealth Rock
|move|p2a: Sinistcha|Calm Mind|p2a: Sinistcha
|-boost|p2a: Sinistcha|spa|1
|-boost|p2a: Sinistcha|spd|1
|
|-heal|p1a: Goodra|44/100|[from] item: Leftovers
|upkeep
|turn|22
|
|t:|1760415974
|move|p2a: Sinistcha|Shadow Ball|p1a: Goodra
|-damage|p1a: Goodra|22/100
|move|p1a: Goodra|Dragon Tail|p2a: Sinistcha
|-damage|p2a: Sinistcha|85/100
|drag|p2a: Moltres|Moltres|100/100
|
|-heal|p1a: Goodra|28/100|[from] item: Leftovers
|upkeep
|turn|23
|
|t:|1760415985
|move|p2a: Moltres|Flamethrower|p1a: Goodra
|-damage|p1a: Goodra|9/100
|move|p1a: Goodra|Thunderbolt|p2a: Moltres
|-supereffective|p2a: Moltres
|-damage|p2a: Moltres|61/100
|
|-heal|p1a: Goodra|15/100|[from] item: Leftovers
|upkeep
|turn|24
|
|t:|1760415989
|move|p2a: Moltres|Flamethrower|p1a: Goodra
|-damage|p1a: Goodra|0 fnt
|faint|p1a: Goodra
|
|upkeep
|
|t:|1760415994
|switch|p1a: Gliscor|Gliscor, M, shiny|100/100
|-damage|p1a: Gliscor|88/100|[from] Stealth Rock
|turn|25
|
|t:|1760415998
|move|p1a: Gliscor|Swords Dance|p1a: Gliscor
|-boost|p1a: Gliscor|atk|2
|move|p2a: Moltres|Roar|p1a: Gliscor
|drag|p1a: Quaquaval|Quaquaval, F|61/100
|-damage|p1a: Quaquaval|45/100|[from] Spikes
|-damage|p1a: Quaquaval|39/100|[from] Stealth Rock
|
|-heal|p1a: Quaquaval|45/100|[from] item: Leftovers
|upkeep
|turn|26
|
|t:|1760416008
|switch|p2a: Sinistcha|Sinistcha|85/100
|move|p1a: Quaquaval|Aqua Jet|p2a: Sinistcha
|-resisted|p2a: Sinistcha
|-damage|p2a: Sinistcha|79/100
|
|-heal|p1a: Quaquaval|51/100|[from] item: Leftovers
|upkeep
|turn|27
|
|t:|1760416019
|switch|p1a: Skarmory|Skarmory, M|88/100
|-damage|p1a: Skarmory|76/100|[from] Stealth Rock
|move|p2a: Sinistcha|Shadow Ball|p1a: Skarmory
|-damage|p1a: Skarmory|30/100
|
|upkeep
|turn|28
|
|t:|1760416023
|move|p1a: Skarmory|Roost|p1a: Skarmory
|-heal|p1a: Skarmory|80/100
|-singleturn|p1a: Skarmory|move: Roost
|move|p2a: Sinistcha|Shadow Ball|p1a: Skarmory
|-damage|p1a: Skarmory|38/100
|
|upkeep
|turn|29
|
|t:|1760416032
|move|p1a: Skarmory|Roost|p1a: Skarmory
|-heal|p1a: Skarmory|88/100
|-singleturn|p1a: Skarmory|move: Roost
|move|p2a: Sinistcha|Shadow Ball|p1a: Skarmory
|-damage|p1a: Skarmory|40/100
|
|upkeep
|turn|30
|
|t:|1760416036
|switch|p1a: Gliscor|Gliscor, M, shiny|88/100
|-damage|p1a: Gliscor|76/100|[from] Stealth Rock
|move|p2a: Sinistcha|Calm Mind|p2a: Sinistcha
|-boost|p2a: Sinistcha|spa|1
|-boost|p2a: Sinistcha|spd|1
|
|-status|p1a: Gliscor|tox|[from] item: Toxic Orb
|upkeep
|turn|31
|
|t:|1760416040
|move|p1a: Gliscor|Knock Off|p2a: Sinistcha
|-supereffective|p2a: Sinistcha
|-damage|p2a: Sinistcha|52/100
|-enditem|p2a: Sinistcha|Heavy-Duty Boots|[from] move: Knock Off|[of] p1a: Gliscor
|move|p2a: Sinistcha|Matcha Gotcha|p1a: Gliscor|[miss]
|-miss|p2a: Sinistcha|p1a: Gliscor
|
|-heal|p1a: Gliscor|88/100 tox|[from] ability: Poison Heal
|upkeep
|turn|32
|
|t:|1760416050
|move|p1a: Gliscor|Knock Off|p2a: Sinistcha
|-supereffective|p2a: Sinistcha
|-damage|p2a: Sinistcha|33/100
|move|p2a: Sinistcha|Strength Sap|p1a: Gliscor
|-unboost|p1a: Gliscor|atk|1
|-heal|p2a: Sinistcha|98/100
|
|-heal|p1a: Gliscor|100/100 tox|[from] ability: Poison Heal
|upkeep
|turn|33
|
|t:|1760416055
|move|p1a: Gliscor|Swords Dance|p1a: Gliscor
|-boost|p1a: Gliscor|atk|2
|move|p2a: Sinistcha|Calm Mind|p2a: Sinistcha
|-boost|p2a: Sinistcha|spa|1
|-boost|p2a: Sinistcha|spd|1
|
|upkeep
|turn|34
|
|t:|1760416065
|move|p1a: Gliscor|Swords Dance|p1a: Gliscor
|-boost|p1a: Gliscor|atk|2
|move|p2a: Sinistcha|Matcha Gotcha|p1a: Gliscor
|-crit|p1a: Gliscor
|-damage|p1a: Gliscor|0 fnt
|-heal|p2a: Sinistcha|100/100|[from] drain|[of] p1a: Gliscor
|faint|p1a: Gliscor
|
|upkeep
|
|t:|1760416072
|switch|p1a: Gholdengo|Gholdengo|100/100
|-damage|p1a: Gholdengo|94/100|[from] Stealth Rock
|-item|p1a: Gholdengo|Air Balloon
|turn|35
|
|t:|1760416076
|move|p1a: Gholdengo|Shadow Ball|p2a: Sinistcha
|-supereffective|p2a: Sinistcha
|-damage|p2a: Sinistcha|40/100
|move|p2a: Sinistcha|Shadow Ball|p1a: Gholdengo
|-supereffective|p1a: Gholdengo
|-damage|p1a: Gholdengo|0 fnt
|-enditem|p1a: Gholdengo|Air Balloon
|faint|p1a: Gholdengo
|
|upkeep
|c|☆ayyyyyyuhsucconme|gg twin DXX
|-message|ayyyyyyuhsucconme forfeited.
|
|win|Slothdog
|raw|ayyyyyyuhsucconme's rating: 1267 &rarr; <strong>1250</strong><br />(-17 for losing)
|raw|Slothdog's rating: 1375 &rarr; <strong>1389</strong><br />(+14 for winning)
|c|☆Slothdog|gg
|l|☆ayyyyyyuhsucconme
|player|p1|
|l|☆Slothdog
|player|p2|
