|j|☆gr3n1nga.888
|j|☆PulverazingPancake
|t:|1760453251
|gametype|singles
|player|p1|gr3n1nga.888|n|1100
|player|p2|PulverazingPancake|102|1111
|gen|9
|tier|[Gen 9] OU
|rated|
|rule|HP Percentage Mod: HP is shown in percentages
|rule|Endless Battle Clause: Forcing endless battles is banned
|rule|Species Clause: Limit one of each Pokémon
|rule|OHKO Clause: OHKO moves are banned
|rule|Evasion Items Clause: Evasion items are banned
|rule|Evasion Moves Clause: Evasion moves are banned
|rule|Evasion Abilities Clause: Evasion abilities are banned
|rule|Sleep Moves Clause: Sleep-inducing moves are banned
|clearpoke
|poke|p1|Diancie|
|poke|p1|Gardevoir, M|
|poke|p1|Gastrodon, F|
|poke|p1|Heatran, F|
|poke|p1|Gengar, F|
|poke|p1|Magnezone|
|poke|p2|Lapras, F|
|poke|p2|Zangoose, M|
|poke|p2|Toxapex, M|
|poke|p2|Thundurus-Therian, M|
|poke|p2|Yanmega, F|
|poke|p2|Braviary-Hisui, M|
|teampreview
|inactive|Battle timer is ON: inactive players will automatically lose when time's up. (requested by PulverazingPancake)
|
|t:|1760453268
|teamsize|p1|6
|teamsize|p2|6
|start
|switch|p1a: Gardevoir|Gardevoir, M|100/100
|switch|p2a: Yanmega|Yanmega, F|100/100
|-ability|p1a: Gardevoir|Speed Boost|Trace|[from] ability: Trace|[of] p2a: Yanmega
|turn|1
|
|t:|1760453277
|move|p2a: Yanmega|Bug Buzz|p1a: Gardevoir
|-damage|p1a: Gardevoir|25/100
|move|p1a: Gardevoir|Psychic Terrain|p1a: Gardevoir
|-fieldstart|move: Psychic Terrain
|
|-ability|p2a: Yanmega|Speed Boost|boost
|-boost|p2a: Yanmega|spe|1
|-ability|p1a: Gardevoir|Speed Boost|boost
|-boost|p1a: Gardevoir|spe|1
|upkeep
|turn|2
|
|t:|1760453287
|-terastallize|p1a: Gardevoir|Steel
|move|p2a: Yanmega|Bug Buzz|p1a: Gardevoir
|-resisted|p1a: Gardevoir
|-damage|p1a: Gardevoir|0 fnt
|faint|p1a: Gardevoir
|
|-ability|p2a: Yanmega|Speed Boost|boost
|-boost|p2a: Yanmega|spe|1
|upkeep
|
|t:|1760453296
|switch|p1a: Heatran|Heatran, F|100/100
|turn|3
|
|t:|1760453306
|switch|p2a: Toxapex|Toxapex, M|100/100
|move|p1a: Heatran|Sunny Day|p1a: Heatran
|-weather|SunnyDay
|
|-weather|SunnyDay|[upkeep]
|upkeep
|turn|4
|
|t:|1760453312
|move|p1a: Heatran|Magma Storm|p2a: Toxapex
|-resisted|p2a: Toxapex
|-damage|p2a: Toxapex|63/100
|-activate|p2a: Toxapex|move: Magma Storm|[of] p1a: Heatran
|move|p2a: Toxapex|Rain Dance|p2a: Toxapex
|-weather|RainDance
|
|-weather|RainDance|[upkeep]
|-damage|p2a: Toxapex|51/100|[from] move: Magma Storm|[partiallytrapped]
|upkeep
|turn|5
|
|t:|1760453321
|move|p1a: Heatran|Sunny Day|p1a: Heatran
|-weather|SunnyDay
|move|p2a: Toxapex|Toxic|p1a: Heatran
|-immune|p1a: Heatran
|
|-weather|SunnyDay|[upkeep]
|-damage|p2a: Toxapex|39/100|[from] move: Magma Storm|[partiallytrapped]
|-fieldend|move: Psychic Terrain
|upkeep
|turn|6
|
|t:|1760453328
|move|p2a: Toxapex|Baneful Bunker|p2a: Toxapex
|-singleturn|p2a: Toxapex|move: Protect
|move|p1a: Heatran|Magma Storm|p2a: Toxapex
|-activate|p2a: Toxapex|move: Protect
|
|-weather|SunnyDay|[upkeep]
|-damage|p2a: Toxapex|27/100|[from] move: Magma Storm|[partiallytrapped]
|upkeep
|turn|7
|
|t:|1760453338
|move|p1a: Heatran|Sunny Day||[still]
|-fail|p1a: Heatran
|move|p2a: Toxapex|Rain Dance|p2a: Toxapex
|-weather|RainDance
|
|-weather|RainDance|[upkeep]
|-damage|p2a: Toxapex|14/100|[from] move: Magma Storm|[partiallytrapped]
|upkeep
|turn|8
|
|t:|1760453347
|move|p2a: Toxapex|Baneful Bunker|p2a: Toxapex
|-singleturn|p2a: Toxapex|move: Protect
|move|p1a: Heatran|Substitute|p1a: Heatran
|-start|p1a: Heatran|Substitute
|-damage|p1a: Heatran|76/100
|
|-weather|RainDance|[upkeep]
|-end|p2a: Toxapex|Magma Storm|[partiallytrapped]
|upkeep
|turn|9
|
|t:|1760453357
|switch|p2a: Thundurus|Thundurus-Therian, M|100/100
|move|p1a: Heatran|Magma Storm|p2a: Thundurus
|-damage|p2a: Thundurus|74/100
|-activate|p2a: Thundurus|move: Magma Storm|[of] p1a: Heatran
|
|-weather|RainDance|[upkeep]
|-damage|p2a: Thundurus|62/100|[from] move: Magma Storm|[partiallytrapped]
|upkeep
|turn|10
|
|t:|1760453367
|move|p2a: Thundurus|Weather Ball|p1a: Heatran
|-supereffective|p1a: Heatran
|-end|p1a: Heatran|Substitute
|move|p1a: Heatran|Sunny Day|p1a: Heatran
|-weather|SunnyDay
|
|-weather|SunnyDay|[upkeep]
|-damage|p2a: Thundurus|49/100|[from] move: Magma Storm|[partiallytrapped]
|upkeep
|turn|11
|
|t:|1760453377
|move|p2a: Thundurus|Volt Switch|p1a: Heatran
|-damage|p1a: Heatran|43/100
|
|t:|1760453389
|switch|p2a: Zangoose|Zangoose, M|100/100|[from] Volt Switch
|move|p1a: Heatran|Iron Defense|p1a: Heatran
|-boost|p1a: Heatran|def|2
|
|-weather|SunnyDay|[upkeep]
|-status|p2a: Zangoose|tox|[from] item: Toxic Orb
|upkeep
|turn|12
|
|t:|1760453401
|move|p2a: Zangoose|Facade|p1a: Heatran
|-resisted|p1a: Heatran
|-damage|p1a: Heatran|22/100
|move|p1a: Heatran|Magma Storm|p2a: Zangoose
|-damage|p2a: Zangoose|0 fnt
|faint|p2a: Zangoose
|
|-weather|SunnyDay|[upkeep]
|upkeep
|
|t:|1760453408
|switch|p2a: Toxapex|Toxapex, M|48/100
|turn|13
|
|t:|1760453414
|move|p1a: Heatran|Magma Storm|p2a: Toxapex
|-resisted|p2a: Toxapex
|-damage|p2a: Toxapex|7/100
|-activate|p2a: Toxapex|move: Magma Storm|[of] p1a: Heatran
|move|p2a: Toxapex|Rain Dance|p2a: Toxapex
|-weather|RainDance
|
|-weather|RainDance|[upkeep]
|-damage|p2a: Toxapex|0 fnt|[from] move: Magma Storm|[partiallytrapped]
|faint|p2a: Toxapex
|upkeep
|
|t:|1760453418
|switch|p2a: Thundurus|Thundurus-Therian, M|49/100
|turn|14
|
|t:|1760453426
|move|p2a: Thundurus|Weather Ball|p1a: Heatran
|-supereffective|p1a: Heatran
|-damage|p1a: Heatran|0 fnt
|faint|p1a: Heatran
|
|-weather|RainDance|[upkeep]
|upkeep
|
|t:|1760453434
|switch|p1a: Gastrodon|Gastrodon, F|100/100
|turn|15
|
|t:|1760453454
|move|p2a: Thundurus|Sludge Bomb|p1a: Gastrodon
|-resisted|p1a: Gastrodon
|-damage|p1a: Gastrodon|86/100
|-status|p1a: Gastrodon|psn
|move|p1a: Gastrodon|Blizzard|p2a: Thundurus|[miss]
|-miss|p1a: Gastrodon|p2a: Thundurus
|
|-weather|RainDance|[upkeep]
|-heal|p1a: Gastrodon|92/100 psn|[from] item: Leftovers
|-damage|p1a: Gastrodon|79/100 psn|[from] psn
|upkeep
|turn|16
|
|t:|1760453468
|switch|p2a: Lapras|Lapras, F|100/100
|move|p1a: Gastrodon|Blizzard|p2a: Lapras
|-resisted|p2a: Lapras
|-damage|p2a: Lapras|94/100
|
|-weather|RainDance|[upkeep]
|-heal|p1a: Gastrodon|85/100 psn|[from] item: Leftovers
|-damage|p1a: Gastrodon|73/100 psn|[from] psn
|upkeep
|turn|17
|
|t:|1760453479
|switch|p1a: Magnezone|Magnezone|100/100
|move|p2a: Lapras|Dragon Dance|p2a: Lapras
|-boost|p2a: Lapras|atk|1
|-boost|p2a: Lapras|spe|1
|
|-weather|none
|upkeep
|turn|18
|
|t:|1760453491
|-terastallize|p2a: Lapras|Ground
|move|p2a: Lapras|Dragon Dance|p2a: Lapras
|-boost|p2a: Lapras|atk|1
|-boost|p2a: Lapras|spe|1
|move|p1a: Magnezone|Thunder|p2a: Lapras
|-immune|p2a: Lapras
|
|upkeep
|turn|19
|
|t:|1760453502
|switch|p1a: Gastrodon|Gastrodon, F|73/100 psn
|move|p2a: Lapras|Icicle Spear|p1a: Gastrodon
|-damage|p1a: Gastrodon|50/100 psn
|-damage|p1a: Gastrodon|28/100 psn
|-damage|p1a: Gastrodon|7/100 psn
|-damage|p1a: Gastrodon|0 fnt
|faint|p1a: Gastrodon
|-hitcount|p1: Gastrodon|4
|
|upkeep
|
|t:|1760453512
|switch|p1a: Gengar|Gengar, F|100/100
|turn|20
|
|t:|1760453523
|move|p2a: Lapras|Icicle Spear|p1a: Gengar
|-damage|p1a: Gengar|57/100
|-crit|p1a: Gengar
|-damage|p1a: Gengar|0 fnt
|faint|p1a: Gengar
|-hitcount|p1: Gengar|2
|
|upkeep
|-message|gr3n1nga.888 forfeited.
|
|win|PulverazingPancake
|raw|gr3n1nga.888's rating: 1100 &rarr; <strong>1076</strong><br />(-24 for losing)
|raw|PulverazingPancake's rating: 1111 &rarr; <strong>1135</strong><br />(+24 for winning)
|l|☆gr3n1nga.888
|player|p1|
|l|☆PulverazingPancake
|player|p2|
