|j|☆sunkyunko
|j|☆AdrianPoop1234
|t:|1760358520
|gametype|singles
|player|p1|sunkyunko|266|1285
|player|p2|AdrianPoop1234|2|1257
|gen|9
|tier|[Gen 9] OU
|rated|
|rule|HP Percentage Mod: HP is shown in percentages
|rule|Endless Battle Clause: Forcing endless battles is banned
|rule|Species Clause: Limit one of each Pokémon
|rule|OHKO Clause: OHKO moves are banned
|rule|Evasion Items Clause: Evasion items are banned
|rule|Evasion Moves Clause: Evasion moves are banned
|rule|Evasion Abilities Clause: Evasion abilities are banned
|rule|Sleep Moves Clause: Sleep-inducing moves are banned
|clearpoke
|poke|p1|Diancie|
|poke|p1|Kingambit, F|
|poke|p1|Deoxys-Speed|
|poke|p1|Corviknight, F|
|poke|p1|Heatran, F|
|poke|p1|Tornadus-Therian, M|
|poke|p2|Araquanid, M|
|poke|p2|Toxtricity, M|
|poke|p2|Delibird, F|
|poke|p2|Enamorus, F|
|poke|p2|Iron Moth|
|poke|p2|Sinistcha|
|teampreview
|inactive|Battle timer is ON: inactive players will automatically lose when time's up. (requested by sunkyunko)
|
|t:|1760358527
|teamsize|p1|6
|teamsize|p2|6
|start
|switch|p1a: Diancie|Diancie|100/100
|switch|p2a: Araquanid|Araquanid, M|100/100
|turn|1
|
|t:|1760358532
|move|p2a: Araquanid|Liquidation|p1a: Diancie
|-supereffective|p1a: Diancie
|-damage|p1a: Diancie|10/100
|-enditem|p1a: Diancie|Weakness Policy
|-boost|p1a: Diancie|atk|2|[from] item: Weakness Policy
|-boost|p1a: Diancie|spa|2|[from] item: Weakness Policy
|move|p1a: Diancie|Diamond Storm|p2a: Araquanid
|-supereffective|p2a: Araquanid
|-enditem|p2a: Araquanid|Focus Sash
|-damage|p2a: Araquanid|1/100
|
|upkeep
|turn|2
|
|t:|1760358544
|switch|p1a: Tornadus|Tornadus-Therian, M|100/100
|move|p2a: Araquanid|Liquidation|p1a: Tornadus
|-damage|p1a: Tornadus|24/100
|
|upkeep
|turn|3
|
|t:|1760358555
|move|p1a: Tornadus|U-turn|p2a: Araquanid
|-damage|p2a: Araquanid|0 fnt
|faint|p2a: Araquanid
|
|t:|1760358560
|switch|p1a: Deoxys|Deoxys-Speed|100/100|[from] U-turn
|-ability|p1a: Deoxys|Pressure
|
|upkeep
|
|t:|1760358567
|switch|p2a: Delibird|Delibird, F|100/100
|turn|4
|
|t:|1760358572
|-terastallize|p1a: Deoxys|Fire
|move|p1a: Deoxys|Tera Blast|p2a: Delibird|[anim] Tera Blast Fire
|-supereffective|p2a: Delibird
|-damage|p2a: Delibird|0 fnt
|faint|p2a: Delibird
|
|upkeep
|
|t:|1760358580
|switch|p2a: Iron Moth|Iron Moth|100/100
|-enditem|p2a: Iron Moth|Booster Energy
|-activate|p2a: Iron Moth|ability: Quark Drive|[fromitem]
|-start|p2a: Iron Moth|quarkdrivespe
|turn|5
|
|t:|1760358588
|switch|p1a: Diancie|Diancie|10/100
|move|p2a: Iron Moth|Fiery Dance|p1a: Diancie
|-resisted|p1a: Diancie
|-damage|p1a: Diancie|0 fnt
|-boost|p2a: Iron Moth|spa|1
|faint|p1a: Diancie
|
|upkeep
|
|t:|1760358597
|switch|p1a: Kingambit|Kingambit, F|100/100
|-activate|p1a: Kingambit|ability: Supreme Overlord
|-start|p1a: Kingambit|fallen1|[silent]
|turn|6
|
|t:|1760358601
|move|p2a: Iron Moth|Fiery Dance|p1a: Kingambit
|-supereffective|p1a: Kingambit
|-enditem|p1a: Kingambit|Focus Sash
|-damage|p1a: Kingambit|1/100
|move|p1a: Kingambit|Swords Dance|p1a: Kingambit
|-boost|p1a: Kingambit|atk|2
|
|upkeep
|turn|7
|
|t:|1760358608
|move|p1a: Kingambit|Sucker Punch|p2a: Iron Moth
|-damage|p2a: Iron Moth|0 fnt
|faint|p2a: Iron Moth
|-end|p2a: Iron Moth|Quark Drive|[silent]
|
|upkeep
|
|t:|1760358614
|switch|p2a: Toxtricity|Toxtricity, M|100/100
|turn|8
|
|t:|1760358618
|-terastallize|p2a: Toxtricity|Normal
|move|p1a: Kingambit|Sucker Punch|p2a: Toxtricity
|-damage|p2a: Toxtricity|0 fnt
|faint|p2a: Toxtricity
|
|upkeep
|
|t:|1760358623
|switch|p2a: Enamorus|Enamorus, F|100/100
|turn|9
|
|t:|1760358627
|move|p1a: Kingambit|Sucker Punch|p2a: Enamorus
|-resisted|p2a: Enamorus
|-damage|p2a: Enamorus|28/100
|move|p2a: Enamorus|Superpower|p1a: Kingambit
|-supereffective|p1a: Kingambit
|-damage|p1a: Kingambit|0 fnt
|-boost|p2a: Enamorus|atk|1
|-boost|p2a: Enamorus|def|1
|faint|p1a: Kingambit
|-end|p1a: Kingambit|fallen1|[silent]
|
|upkeep
|
|t:|1760358642
|switch|p1a: Deoxys|Deoxys-Speed, tera:Fire|100/100
|-ability|p1a: Deoxys|Pressure
|turn|10
|
|t:|1760358648
|move|p2a: Enamorus|Protect|p2a: Enamorus
|-singleturn|p2a: Enamorus|Protect
|move|p1a: Deoxys|Ice Beam|p2a: Enamorus
|-activate|p2a: Enamorus|move: Protect
|
|upkeep
|turn|11
|
|t:|1760358656
|switch|p2a: Sinistcha|Sinistcha|100/100
|move|p1a: Deoxys|Ice Beam|p2a: Sinistcha
|-supereffective|p2a: Sinistcha
|-damage|p2a: Sinistcha|0 fnt
|faint|p2a: Sinistcha
|
|upkeep
|
|t:|1760358661
|switch|p2a: Enamorus|Enamorus, F|28/100
|turn|12
|-message|AdrianPoop1234 forfeited.
|
|win|sunkyunko
|raw|sunkyunko's rating: 1285 &rarr; <strong>1308</strong><br />(+23 for winning)
|raw|AdrianPoop1234's rating: 1257 &rarr; <strong>1234</strong><br />(-23 for losing)
|l|☆AdrianPoop1234
|player|p2|
|l|☆sunkyunko
|player|p1|
