|j|☆Spartior1
|j|☆barrman1313
|t:|1760368907
|gametype|singles
|player|p1|Spartior1|169|1448
|player|p2|barrman1313|brycenman|1483
|gen|9
|tier|[Gen 9] OU
|rated|
|rule|HP Percentage Mod: HP is shown in percentages
|rule|Endless Battle Clause: Forcing endless battles is banned
|rule|Species Clause: Limit one of each Pokémon
|rule|OHKO Clause: OHKO moves are banned
|rule|Evasion Items Clause: Evasion items are banned
|rule|Evasion Moves Clause: Evasion moves are banned
|rule|Evasion Abilities Clause: Evasion abilities are banned
|rule|Sleep Moves Clause: Sleep-inducing moves are banned
|clearpoke
|poke|p1|Indeedee, M|
|poke|p1|Hatterene, F|
|poke|p1|Ursaluna, M|
|poke|p1|Iron Hands|
|poke|p1|Hoopa-Unbound|
|poke|p1|Mimikyu, F|
|poke|p2|Diancie|
|poke|p2|Kyurem|
|poke|p2|Necrozma|
|poke|p2|Hatterene, F|
|poke|p2|Iron Hands|
|poke|p2|Landorus-Therian, M|
|teampreview
|inactive|Battle timer is ON: inactive players will automatically lose when time's up. (requested by Spartior1)
|
|t:|1760368924
|teamsize|p1|6
|teamsize|p2|6
|start
|switch|p1a: Indeedee|Indeedee, M|100/100
|switch|p2a: Necrozma|Necrozma|100/100
|-fieldstart|move: Psychic Terrain|[from] ability: Psychic Surge|[of] p1a: Indeedee
|turn|1
|
|t:|1760368937
|move|p2a: Necrozma|Meteor Beam||[still]
|-prepare|p2a: Necrozma|Meteor Beam
|-boost|p2a: Necrozma|spa|1
|-enditem|p2a: Necrozma|Power Herb
|-anim|p2a: Necrozma|Meteor Beam|p1a: Indeedee
|-damage|p1a: Indeedee|22/100
|move|p1a: Indeedee|Trick Room|p1a: Indeedee
|-fieldstart|move: Trick Room|[of] p1a: Indeedee
|
|upkeep
|turn|2
|
|t:|1760368948
|move|p2a: Necrozma|Photon Geyser|p1a: Indeedee
|-resisted|p1a: Indeedee
|-damage|p1a: Indeedee|0 fnt
|faint|p1a: Indeedee
|
|upkeep
|
|t:|1760368953
|switch|p1a: Hoopa|Hoopa-Unbound|100/100
|-enditem|p1a: Hoopa|Psychic Seed
|-boost|p1a: Hoopa|spd|1|[from] item: Psychic Seed
|turn|3
|
|t:|1760368967
|move|p2a: Necrozma|Heat Wave|p1a: Hoopa|[miss]
|-miss|p2a: Necrozma|p1a: Hoopa
|move|p1a: Hoopa|Hyperspace Fury|p2a: Necrozma
|-supereffective|p2a: Necrozma
|-damage|p2a: Necrozma|37/100
|-unboost|p1a: Hoopa|def|1
|
|upkeep
|turn|4
|
|t:|1760368975
|move|p2a: Necrozma|Heat Wave|p1a: Hoopa
|-damage|p1a: Hoopa|74/100
|move|p1a: Hoopa|Hyperspace Fury|p2a: Necrozma
|-supereffective|p2a: Necrozma
|-damage|p2a: Necrozma|0 fnt
|-unboost|p1a: Hoopa|def|1
|faint|p2a: Necrozma
|
|upkeep
|inactive|barrman1313 has 120 seconds left.
|
|t:|1760369013
|switch|p2a: Hatterene|Hatterene, F|100/100
|turn|5
|
|t:|1760369023
|switch|p1a: Mimikyu|Mimikyu, F|100/100
|move|p2a: Hatterene|Draining Kiss|p1a: Mimikyu
|-activate|p1a: Mimikyu|ability: Disguise
|-damage|p1a: Mimikyu|100/100
|detailschange|p1a: Mimikyu|Mimikyu-Busted, F
|-damage|p1a: Mimikyu|88/100|[from] pokemon: Mimikyu-Busted
|-enditem|p1a: Mimikyu|Red Card|[of] p2a: Hatterene
|drag|p2a: Iron Hands|Iron Hands|100/100
|-enditem|p2a: Iron Hands|Booster Energy
|-activate|p2a: Iron Hands|ability: Quark Drive|[fromitem]
|-start|p2a: Iron Hands|quarkdriveatk
|
|-fieldend|move: Trick Room
|upkeep
|turn|6
|
|t:|1760369034
|move|p2a: Iron Hands|Thunder Punch|p1a: Mimikyu
|-damage|p1a: Mimikyu|35/100
|move|p1a: Mimikyu|Trick Room|p1a: Mimikyu
|-fieldstart|move: Trick Room|[of] p1a: Mimikyu
|
|upkeep
|turn|7
|
|t:|1760369043
|switch|p1a: Ursaluna|Ursaluna, M|100/100
|move|p2a: Iron Hands|Thunder Punch|p1a: Ursaluna
|-immune|p1a: Ursaluna
|
|-status|p1a: Ursaluna|brn|[from] item: Flame Orb
|upkeep
|turn|8
|
|t:|1760369051
|-terastallize|p2a: Iron Hands|Grass
|move|p2a: Iron Hands|Drain Punch|p1a: Ursaluna
|-supereffective|p1a: Ursaluna
|-damage|p1a: Ursaluna|14/100 brn
|move|p1a: Ursaluna|Facade|p2a: Iron Hands
|-damage|p2a: Iron Hands|23/100
|
|-damage|p1a: Ursaluna|8/100 brn|[from] brn
|-fieldend|move: Psychic Terrain
|upkeep
|turn|9
|
|t:|1760369061
|move|p2a: Iron Hands|Drain Punch|p1a: Ursaluna
|-supereffective|p1a: Ursaluna
|-damage|p1a: Ursaluna|0 fnt
|-heal|p2a: Iron Hands|27/100|[from] drain|[of] p1a: Ursaluna
|faint|p1a: Ursaluna
|
|upkeep
|
|t:|1760369063
|switch|p1a: Hatterene|Hatterene, F|100/100
|turn|10
|
|t:|1760369071
|-end|p2a: Iron Hands|Quark Drive|[silent]
|switch|p2a: Hatterene|Hatterene, F|100/100
|move|p1a: Hatterene|Mystical Fire|p2a: Hatterene
|-damage|p2a: Hatterene|58/100
|-unboost|p2a: Hatterene|spa|1
|-damage|p1a: Hatterene|91/100|[from] item: Life Orb
|
|-fieldend|move: Trick Room
|upkeep
|turn|11
|
|t:|1760369079
|move|p1a: Hatterene|Trick Room|p1a: Hatterene
|-fieldstart|move: Trick Room|[of] p1a: Hatterene
|move|p2a: Hatterene|Trick Room|p2a: Hatterene
|-fieldend|move: Trick Room
|
|upkeep
|turn|12
|
|t:|1760369102
|move|p1a: Hatterene|Mystical Fire|p2a: Hatterene
|-damage|p2a: Hatterene|19/100
|-unboost|p2a: Hatterene|spa|1
|-damage|p1a: Hatterene|81/100|[from] item: Life Orb
|move|p2a: Hatterene|Draining Kiss|p1a: Hatterene
|-damage|p1a: Hatterene|59/100
|-heal|p2a: Hatterene|36/100|[from] drain|[of] p1a: Hatterene
|-damage|p2a: Hatterene|26/100|[from] item: Life Orb
|
|upkeep
|turn|13
|
|t:|1760369116
|switch|p2a: Diancie|Diancie|100/100
|move|p1a: Hatterene|Mystical Fire|p2a: Diancie
|-resisted|p2a: Diancie
|-damage|p2a: Diancie|86/100
|-damage|p1a: Hatterene|49/100|[from] item: Life Orb
|
|upkeep
|turn|14
|
|t:|1760369124
|switch|p2a: Hatterene|Hatterene, F|26/100
|move|p1a: Hatterene|Trick Room|p1a: Hatterene
|-fieldstart|move: Trick Room|[of] p1a: Hatterene
|
|upkeep
|turn|15
|
|t:|1760369129
|move|p2a: Hatterene|Psyshock|p1a: Hatterene
|-resisted|p1a: Hatterene
|-crit|p1a: Hatterene
|-damage|p1a: Hatterene|0 fnt
|faint|p1a: Hatterene
|-damage|p2a: Hatterene|16/100|[from] item: Life Orb
|
|upkeep
|
|t:|1760369132
|switch|p1a: Hoopa|Hoopa-Unbound|74/100
|turn|16
|
|t:|1760369140
|move|p2a: Hatterene|Draining Kiss|p1a: Hoopa
|-supereffective|p1a: Hoopa
|-damage|p1a: Hoopa|18/100
|-heal|p2a: Hatterene|65/100|[from] drain|[of] p1a: Hoopa
|-damage|p2a: Hatterene|55/100|[from] item: Life Orb
|move|p1a: Hoopa|Hyperspace Fury|p2a: Hatterene
|-damage|p2a: Hatterene|0 fnt
|-unboost|p1a: Hoopa|def|1
|faint|p2a: Hatterene
|-item|p1a: Hoopa|Life Orb|[from] ability: Magician|[of] p2: Hatterene
|
|upkeep
|
|t:|1760369153
|switch|p2a: Iron Hands|Iron Hands, tera:Grass|27/100
|turn|17
|
|t:|1760369158
|move|p2a: Iron Hands|Thunder Punch|p1a: Hoopa
|-damage|p1a: Hoopa|0 fnt
|faint|p1a: Hoopa
|
|upkeep
|
|t:|1760369160
|switch|p1a: Brian Hands|Iron Hands, shiny|100/100
|-enditem|p1a: Brian Hands|Booster Energy
|-activate|p1a: Brian Hands|ability: Quark Drive|[fromitem]
|-start|p1a: Brian Hands|quarkdriveatk
|turn|18
|
|t:|1760369170
|move|p2a: Iron Hands|Drain Punch|p1a: Brian Hands
|-damage|p1a: Brian Hands|69/100
|-heal|p2a: Iron Hands|43/100|[from] drain|[of] p1a: Brian Hands
|move|p1a: Brian Hands|Ice Punch|p2a: Iron Hands
|-supereffective|p2a: Iron Hands
|-damage|p2a: Iron Hands|0 fnt
|faint|p2a: Iron Hands
|-end|p2a: Iron Hands|Quark Drive|[silent]
|
|-fieldend|move: Trick Room
|upkeep
|
|t:|1760369186
|switch|p2a: Landorus|Landorus-Therian, M|100/100
|-ability|p2a: Landorus|Intimidate|boost
|-unboost|p1a: Brian Hands|atk|1
|turn|19
|
|t:|1760369193
|move|p2a: Landorus|Taunt|p1a: Brian Hands
|-start|p1a: Brian Hands|move: Taunt
|move|p1a: Brian Hands|Ice Punch|p2a: Landorus
|-supereffective|p2a: Landorus
|-damage|p2a: Landorus|1/100
|-damage|p1a: Brian Hands|52/100|[from] item: Rocky Helmet|[of] p2a: Landorus
|
|upkeep
|turn|20
|
|t:|1760369204
|-end|p1a: Brian Hands|Quark Drive|[silent]
|switch|p1a: Mimikyu|Mimikyu-Busted, F|35/100
|move|p2a: Landorus|Earthquake|p1a: Mimikyu
|-damage|p1a: Mimikyu|0 fnt
|faint|p1a: Mimikyu
|
|upkeep
|
|t:|1760369209
|switch|p1a: Brian Hands|Iron Hands, shiny|52/100
|turn|21
|
|t:|1760369214
|move|p2a: Landorus|Earthquake|p1a: Brian Hands
|-supereffective|p1a: Brian Hands
|-damage|p1a: Brian Hands|0 fnt
|faint|p1a: Brian Hands
|-end|p1a: Brian Hands|Quark Drive|[silent]
|
|win|barrman1313
|raw|Spartior1's rating: 1448 &rarr; <strong>1430</strong><br />(-18 for losing)
|raw|barrman1313's rating: 1483 &rarr; <strong>1501</strong><br />(+18 for winning)
|l|☆Spartior1
|player|p1|
|l|☆barrman1313
|player|p2|
