|j|☆Dest09
|j|☆Nameless Moron
|t:|1760454246
|gametype|singles
|player|p1|Dest09|101|1173
|player|p2|Nameless Moron|unknown|1173
|gen|9
|tier|[Gen 9] OU
|rated|
|rule|HP Percentage Mod: HP is shown in percentages
|rule|Endless Battle Clause: Forcing endless battles is banned
|rule|Species Clause: Limit one of each Pokémon
|rule|OHKO Clause: OHKO moves are banned
|rule|Evasion Items Clause: Evasion items are banned
|rule|Evasion Moves Clause: Evasion moves are banned
|rule|Evasion Abilities Clause: Evasion abilities are banned
|rule|Sleep Moves Clause: Sleep-inducing moves are banned
|clearpoke
|poke|p1|Pincurchin, M|
|poke|p1|Pawmot, M|
|poke|p1|Iron Treads|
|poke|p1|Iron Valiant|
|poke|p1|Iron Leaves|
|poke|p1|Iron Jugulis|
|poke|p2|Weezing-Galar, M|
|poke|p2|Ogerpon-Wellspring, F|
|poke|p2|Great Tusk|
|poke|p2|Glimmora, M|
|poke|p2|Hawlucha, F|
|poke|p2|Enamorus, F|
|teampreview
|inactive|Battle timer is ON: inactive players will automatically lose when time's up. (requested by Nameless Moron)
|
|t:|1760454268
|teamsize|p1|6
|teamsize|p2|6
|start
|switch|p1a: Pincurchin|Pincurchin, M, shiny|100/100
|switch|p2a: Weezing|Weezing-Galar, M|100/100
|-fieldstart|move: Misty Terrain|[from] ability: Misty Surge|[of] p2a: Weezing
|-fieldstart|move: Electric Terrain|[from] ability: Electric Surge|[of] p1a: Pincurchin
|turn|1
|
|t:|1760454285
|move|p2a: Weezing|Taunt|p1a: Pincurchin
|-start|p1a: Pincurchin|move: Taunt
|cant|p1a: Pincurchin|move: Taunt|Thunder Wave
|
|upkeep
|turn|2
|
|t:|1760454297
|move|p2a: Weezing|Fire Blast|p1a: Pincurchin
|-damage|p1a: Pincurchin|59/100
|move|p1a: Pincurchin|Zing Zap|p2a: Weezing
|-damage|p2a: Weezing|63/100
|
|upkeep
|turn|3
|
|t:|1760454306
|move|p2a: Weezing|Strange Steam|p1a: Pincurchin
|-damage|p1a: Pincurchin|8/100
|move|p1a: Pincurchin|Zing Zap|p2a: Weezing
|-damage|p2a: Weezing|26/100
|
|-end|p1a: Pincurchin|move: Taunt
|upkeep
|turn|4
|
|t:|1760454313
|switch|p1a: Iron Treads|Iron Treads, shiny|100/100
|-activate|p1a: Iron Treads|ability: Quark Drive
|-start|p1a: Iron Treads|quarkdriveatk
|move|p2a: Weezing|Sludge Wave|p1a: Iron Treads
|-immune|p1a: Iron Treads
|
|upkeep
|turn|5
|
|t:|1760454330
|switch|p2a: Great Tusk|Great Tusk|100/100
|-enditem|p2a: Great Tusk|Booster Energy
|-activate|p2a: Great Tusk|ability: Protosynthesis|[fromitem]
|-start|p2a: Great Tusk|protosynthesisspe
|move|p1a: Iron Treads|Iron Head|p2a: Great Tusk
|-damage|p2a: Great Tusk|68/100
|
|upkeep
|turn|6
|
|t:|1760454342
|-end|p1a: Iron Treads|Quark Drive|[silent]
|switch|p1a: Iron Jugulis|Iron Jugulis, shiny|100/100
|-activate|p1a: Iron Jugulis|ability: Quark Drive
|-start|p1a: Iron Jugulis|quarkdrivespe
|move|p2a: Great Tusk|Bulk Up|p2a: Great Tusk
|-boost|p2a: Great Tusk|atk|1
|-boost|p2a: Great Tusk|def|1
|
|upkeep
|turn|7
|
|t:|1760454362
|-terastallize|p2a: Great Tusk|Steel
|move|p1a: Iron Jugulis|Air Slash|p2a: Great Tusk
|-resisted|p2a: Great Tusk
|-damage|p2a: Great Tusk|43/100
|move|p2a: Great Tusk|Ice Spinner|p1a: Iron Jugulis
|-supereffective|p1a: Iron Jugulis
|-damage|p1a: Iron Jugulis|15/100
|-fieldend|move: Electric Terrain
|-end|p1a: Iron Jugulis|Quark Drive
|
|upkeep
|turn|8
|
|t:|1760454375
|move|p2a: Great Tusk|Ice Spinner|p1a: Iron Jugulis
|-supereffective|p1a: Iron Jugulis
|-damage|p1a: Iron Jugulis|0 fnt
|faint|p1a: Iron Jugulis
|-end|p1a: Iron Jugulis|Quark Drive|[silent]
|
|upkeep
|
|t:|1760454379
|switch|p1a: Iron Valiant|Iron Valiant, shiny|100/100
|turn|9
|
|t:|1760454389
|move|p1a: Iron Valiant|Vacuum Wave|p2a: Great Tusk
|-supereffective|p2a: Great Tusk
|-damage|p2a: Great Tusk|0 fnt
|faint|p2a: Great Tusk
|-end|p2a: Great Tusk|Protosynthesis|[silent]
|
|upkeep
|
|t:|1760454394
|switch|p2a: Glimmora|Glimmora, M|100/100
|turn|10
|
|t:|1760454405
|-end|p1a: Iron Valiant|Quark Drive|[silent]
|switch|p1a: Pincurchin|Pincurchin, M, shiny|8/100
|-fieldstart|move: Electric Terrain|[from] ability: Electric Surge|[of] p1a: Pincurchin
|move|p2a: Glimmora|Stealth Rock|p1a: Pincurchin
|-sidestart|p1: Dest09|move: Stealth Rock
|
|upkeep
|turn|11
|
|t:|1760454423
|move|p1a: Pincurchin|Sucker Punch|p2a: Glimmora
|-damage|p2a: Glimmora|82/100
|-activate|p2a: Glimmora|ability: Toxic Debris
|-sidestart|p1: Dest09|move: Toxic Spikes
|move|p2a: Glimmora|Earth Power|p1a: Pincurchin
|-supereffective|p1a: Pincurchin
|-damage|p1a: Pincurchin|0 fnt
|faint|p1a: Pincurchin
|
|upkeep
|
|t:|1760454426
|switch|p1a: Iron Treads|Iron Treads, shiny|100/100
|-damage|p1a: Iron Treads|97/100|[from] Stealth Rock
|-activate|p1a: Iron Treads|ability: Quark Drive
|-start|p1a: Iron Treads|quarkdriveatk
|turn|12
|inactive|Nameless Moron has 120 seconds left.
|
|t:|1760454456
|move|p2a: Glimmora|Earth Power|p1a: Iron Treads
|-supereffective|p1a: Iron Treads
|-damage|p1a: Iron Treads|47/100
|move|p1a: Iron Treads|Rapid Spin|p2a: Glimmora
|-resisted|p2a: Glimmora
|-damage|p2a: Glimmora|71/100
|-boost|p1a: Iron Treads|spe|1
|-activate|p2a: Glimmora|ability: Toxic Debris
|-sidestart|p1: Dest09|move: Toxic Spikes
|-sideend|p1: Dest09|Toxic Spikes|[from] move: Rapid Spin|[of] p1a: Iron Treads
|-sideend|p1: Dest09|Stealth Rock|[from] move: Rapid Spin|[of] p1a: Iron Treads
|
|upkeep
|turn|13
|inactive|Nameless Moron has 120 seconds left.
|
|t:|1760454467
|move|p1a: Iron Treads|Iron Head|p2a: Glimmora
|-supereffective|p2a: Glimmora
|-damage|p2a: Glimmora|0 fnt
|-activate|p2a: Glimmora|ability: Toxic Debris
|-sidestart|p1: Dest09|move: Toxic Spikes
|faint|p2a: Glimmora
|
|upkeep
|inactive|Nameless Moron has 120 seconds left.
|
|t:|1760454475
|switch|p2a: Weezing|Weezing-Galar, M|26/100
|-fieldstart|move: Misty Terrain|[from] ability: Misty Surge|[of] p2a: Weezing
|-end|p1a: Iron Treads|Quark Drive
|turn|14
|
|t:|1760454484
|move|p1a: Iron Treads|Rapid Spin|p2a: Weezing
|-damage|p2a: Weezing|9/100
|-boost|p1a: Iron Treads|spe|1
|-sideend|p1: Dest09|Toxic Spikes|[from] move: Rapid Spin|[of] p1a: Iron Treads
|move|p2a: Weezing|Fire Blast|p1a: Iron Treads
|-supereffective|p1a: Iron Treads
|-damage|p1a: Iron Treads|0 fnt
|faint|p1a: Iron Treads
|-end|p1a: Iron Treads|Quark Drive|[silent]
|
|upkeep
|
|t:|1760454492
|switch|p1a: Pawmot|Pawmot, M, shiny|100/100
|turn|15
|
|t:|1760454495
|move|p1a: Pawmot|Revival Blessing|p1a: Pawmot
|-enditem|p1a: Pawmot|Leppa Berry|[eat]
|-activate|p1a: Pawmot|item: Leppa Berry|Revival Blessing|[consumed]
|
|t:|1760454498
|-heal|p1: Pincurchin|50/100|[from] move: Revival Blessing
|move|p2a: Weezing|Taunt|p1a: Pawmot
|-start|p1a: Pawmot|move: Taunt
|
|upkeep
|turn|16
|
|t:|1760454509
|switch|p2a: Enamorus|Enamorus, F|100/100
|move|p1a: Pawmot|Ice Punch|p2a: Enamorus
|-supereffective|p2a: Enamorus
|-damage|p2a: Enamorus|12/100
|
|upkeep
|turn|17
|
|t:|1760454518
|move|p2a: Enamorus|Misty Explosion|p1a: Pawmot
|-supereffective|p1a: Pawmot
|-damage|p1a: Pawmot|0 fnt
|faint|p2a: Enamorus
|faint|p1a: Pawmot
|
|upkeep
|
|t:|1760454527
|switch|p2a: Hawlucha|Hawlucha, F|100/100
|switch|p1a: Pincurchin|Pincurchin, M, shiny|50/100
|-fieldstart|move: Electric Terrain|[from] ability: Electric Surge|[of] p1a: Pincurchin
|turn|18
|
|t:|1760454538
|switch|p1a: Iron Valiant|Iron Valiant, shiny|100/100
|-activate|p1a: Iron Valiant|ability: Quark Drive
|-start|p1a: Iron Valiant|quarkdrivespa
|move|p2a: Hawlucha|Rock Slide|p1a: Iron Valiant
|-resisted|p1a: Iron Valiant
|-damage|p1a: Iron Valiant|88/100
|
|upkeep
|turn|19
|
|t:|1760454552
|switch|p2a: Weezing|Weezing-Galar, M|9/100
|-fieldstart|move: Misty Terrain|[from] ability: Misty Surge|[of] p2a: Weezing
|-end|p1a: Iron Valiant|Quark Drive
|-terastallize|p1a: Iron Valiant|Ghost
|move|p1a: Iron Valiant|Thunderbolt|p2a: Weezing
|-damage|p2a: Weezing|0 fnt
|faint|p2a: Weezing
|
|upkeep
|
|t:|1760454573
|switch|p2a: Hawlucha|Hawlucha, F|100/100
|-enditem|p2a: Hawlucha|Misty Seed
|-boost|p2a: Hawlucha|spd|1|[from] item: Misty Seed
|turn|20
|
|t:|1760454583
|-end|p1a: Iron Valiant|Quark Drive|[silent]
|switch|p1a: Pincurchin|Pincurchin, M, shiny|50/100
|-fieldstart|move: Electric Terrain|[from] ability: Electric Surge|[of] p1a: Pincurchin
|move|p2a: Hawlucha|Acrobatics|p1a: Pincurchin
|-resisted|p1a: Pincurchin
|-damage|p1a: Pincurchin|28/100
|
|upkeep
|turn|21
|
|t:|1760454592
|move|p2a: Hawlucha|Rock Slide|p1a: Pincurchin|[miss]
|-miss|p2a: Hawlucha|p1a: Pincurchin
|move|p1a: Pincurchin|Thunder Wave|p2a: Hawlucha
|-status|p2a: Hawlucha|par
|
|upkeep
|turn|22
|
|t:|1760454599
|move|p2a: Hawlucha|Rock Slide|p1a: Pincurchin
|-damage|p1a: Pincurchin|8/100
|move|p1a: Pincurchin|Zing Zap|p2a: Hawlucha
|-supereffective|p2a: Hawlucha
|-damage|p2a: Hawlucha|0 fnt
|faint|p2a: Hawlucha
|
|upkeep
|
|t:|1760454607
|switch|p2a: Ogerpon|Ogerpon-Wellspring, F|100/100
|turn|23
|
|t:|1760454610
|move|p2a: Ogerpon|Trailblaze|p1a: Pincurchin
|-damage|p1a: Pincurchin|0 fnt
|-boost|p2a: Ogerpon|spe|1
|faint|p1a: Pincurchin
|
|upkeep
|
|t:|1760454614
|switch|p1a: Iron Leaves|Iron Leaves|100/100
|-activate|p1a: Iron Leaves|ability: Quark Drive
|-start|p1a: Iron Leaves|quarkdrivespe
|turn|24
|
|t:|1760454627
|move|p2a: Ogerpon|Play Rough|p1a: Iron Leaves
|-damage|p1a: Iron Leaves|60/100
|-unboost|p1a: Iron Leaves|atk|1
|move|p1a: Iron Leaves|Psyblade|p2a: Ogerpon
|-damage|p2a: Ogerpon|48/100
|
|upkeep
|turn|25
|
|t:|1760454637
|move|p2a: Ogerpon|Play Rough|p1a: Iron Leaves
|-damage|p1a: Iron Leaves|19/100
|move|p1a: Iron Leaves|Psyblade|p2a: Ogerpon
|-damage|p2a: Ogerpon|0 fnt
|faint|p2a: Ogerpon
|
|win|Dest09
|raw|Dest09's rating: 1173 &rarr; <strong>1198</strong><br />(+25 for winning)
|raw|Nameless Moron's rating: 1173 &rarr; <strong>1148</strong><br />(-25 for losing)
|l|☆Nameless Moron
|player|p2|
|l|☆Dest09
|player|p1|
