|j|☆Desperadoswthlime
|j|☆PulverazingPancake
|t:|1760397529
|gametype|singles
|player|p1|Desperadoswthlime|fisherman-gen4|1106
|player|p2|PulverazingPancake|265|1071
|gen|9
|tier|[Gen 9] OU
|rated|
|rule|HP Percentage Mod: HP is shown in percentages
|rule|Endless Battle Clause: Forcing endless battles is banned
|rule|Species Clause: Limit one of each Pokémon
|rule|OHKO Clause: OHKO moves are banned
|rule|Evasion Items Clause: Evasion items are banned
|rule|Evasion Moves Clause: Evasion moves are banned
|rule|Evasion Abilities Clause: Evasion abilities are banned
|rule|Sleep Moves Clause: Sleep-inducing moves are banned
|clearpoke
|poke|p1|Pelipper, M|
|poke|p1|Basculegion, M|
|poke|p1|Dondozo, M|
|poke|p1|Floatzel, F|
|poke|p1|Swampert, F|
|poke|p1|Alomomola, M|
|poke|p2|Lapras, M|
|poke|p2|Zangoose, M|
|poke|p2|Toxapex, F|
|poke|p2|Thundurus-Therian, M|
|poke|p2|Yanmega, M|
|poke|p2|Braviary-Hisui, M|
|teampreview
|inactive|Battle timer is ON: inactive players will automatically lose when time's up. (requested by PulverazingPancake)
|
|t:|1760397538
|teamsize|p1|6
|teamsize|p2|6
|start
|switch|p1a: BBL Drizzle|Pelipper, M|100/100
|switch|p2a: Toxapex|Toxapex, F|100/100
|-weather|RainDance|[from] ability: Drizzle|[of] p1a: BBL Drizzle
|turn|1
|
|t:|1760397549
|switch|p1a: Gurt|Swampert, F|100/100
|move|p2a: Toxapex|Toxic|p1a: Gurt
|-status|p1a: Gurt|tox
|
|-weather|RainDance|[upkeep]
|-damage|p1a: Gurt|94/100 tox|[from] psn
|upkeep
|turn|2
|
|t:|1760397559
|move|p1a: Gurt|Earthquake|p2a: Toxapex
|-supereffective|p2a: Toxapex
|-damage|p2a: Toxapex|55/100
|move|p2a: Toxapex|Liquidation|p1a: Gurt
|-damage|p1a: Gurt|69/100 tox
|
|-weather|RainDance|[upkeep]
|-heal|p1a: Gurt|75/100 tox|[from] item: Leftovers
|-heal|p2a: Toxapex|61/100|[from] item: Black Sludge
|-damage|p1a: Gurt|63/100 tox|[from] psn
|upkeep
|turn|3
|
|t:|1760397576
|-terastallize|p1a: Gurt|Ground
|move|p2a: Toxapex|Baneful Bunker|p2a: Toxapex
|-singleturn|p2a: Toxapex|move: Protect
|move|p1a: Gurt|Earthquake|p2a: Toxapex
|-activate|p2a: Toxapex|move: Protect
|
|-weather|RainDance|[upkeep]
|-heal|p1a: Gurt|69/100 tox|[from] item: Leftovers
|-heal|p2a: Toxapex|68/100|[from] item: Black Sludge
|-damage|p1a: Gurt|50/100 tox|[from] psn
|upkeep
|turn|4
|
|t:|1760397590
|switch|p2a: Yanmega|Yanmega, M|100/100
|move|p1a: Gurt|Flip Turn|p2a: Yanmega
|-damage|p2a: Yanmega|59/100
|
|t:|1760397602
|switch|p1a: Chirton|Basculegion, M|100/100|[from] Flip Turn
|
|-weather|RainDance|[upkeep]
|upkeep
|turn|5
|inactive|Desperadoswthlime has 120 seconds left.
|
|t:|1760397627
|-terastallize|p2a: Yanmega|Grass
|move|p1a: Chirton|Psychic Fangs|p2a: Yanmega
|-damage|p2a: Yanmega|15/100
|-damage|p1a: Chirton|91/100|[from] item: Life Orb
|move|p2a: Yanmega|Giga Drain|p1a: Chirton
|-supereffective|p1a: Chirton
|-damage|p1a: Chirton|0 fnt
|-heal|p2a: Yanmega|70/100|[from] drain|[of] p1a: Chirton
|faint|p1a: Chirton
|
|-weather|RainDance|[upkeep]
|-ability|p2a: Yanmega|Speed Boost|boost
|-boost|p2a: Yanmega|spe|1
|upkeep
|
|t:|1760397646
|switch|p1a: BBL Drizzle|Pelipper, M|100/100
|turn|6
|
|t:|1760397649
|move|p2a: Yanmega|Giga Drain|p1a: BBL Drizzle
|-damage|p1a: BBL Drizzle|18/100
|-heal|p2a: Yanmega|100/100|[from] drain|[of] p1a: BBL Drizzle
|move|p1a: BBL Drizzle|Hurricane|p2a: Yanmega
|-supereffective|p2a: Yanmega
|-damage|p2a: Yanmega|0 fnt
|faint|p2a: Yanmega
|
|-weather|RainDance|[upkeep]
|upkeep
|
|t:|1760397654
|switch|p2a: Lapras|Lapras, M|100/100
|turn|7
|inactive|Desperadoswthlime has 120 seconds left.
|
|t:|1760397666
|switch|p1a: Gurt|Swampert, F, tera:Ground|50/100 tox
|move|p2a: Lapras|Dragon Dance|p2a: Lapras
|-boost|p2a: Lapras|atk|1
|-boost|p2a: Lapras|spe|1
|
|-weather|RainDance|[upkeep]
|-heal|p1a: Gurt|56/100 tox|[from] item: Leftovers
|-damage|p1a: Gurt|50/100 tox|[from] psn
|upkeep
|turn|8
|inactive|Desperadoswthlime has 120 seconds left.
|
|t:|1760397682
|move|p2a: Lapras|Icicle Spear|p1a: Gurt
|-supereffective|p1a: Gurt
|-damage|p1a: Gurt|22/100 tox
|-supereffective|p1a: Gurt
|-crit|p1a: Gurt
|-damage|p1a: Gurt|0 fnt
|faint|p1a: Gurt
|-hitcount|p1: Gurt|2
|
|-weather|none
|upkeep
|
|t:|1760397690
|switch|p1a: mmmm big fsh|Dondozo, M|100/100
|turn|9
|inactive|Desperadoswthlime has 120 seconds left.
|
|t:|1760397696
|move|p2a: Lapras|Dragon Dance|p2a: Lapras
|-boost|p2a: Lapras|atk|1
|-boost|p2a: Lapras|spe|1
|move|p1a: mmmm big fsh|Body Press|p2a: Lapras
|-supereffective|p2a: Lapras
|-damage|p2a: Lapras|47/100
|
|upkeep
|turn|10
|
|t:|1760397705
|move|p2a: Lapras|Iron Head|p1a: mmmm big fsh
|-resisted|p1a: mmmm big fsh
|-damage|p1a: mmmm big fsh|95/100
|move|p1a: mmmm big fsh|Body Press|p2a: Lapras
|-supereffective|p2a: Lapras
|-damage|p2a: Lapras|0 fnt
|faint|p2a: Lapras
|
|-heal|p1a: mmmm big fsh|100/100|[from] item: Leftovers
|upkeep
|
|t:|1760397710
|switch|p2a: Thundurus|Thundurus-Therian, M|100/100
|turn|11
|
|t:|1760397722
|switch|p1a: BBL Drizzle|Pelipper, M|18/100
|-weather|RainDance|[from] ability: Drizzle|[of] p1a: BBL Drizzle
|move|p2a: Thundurus|Volt Switch|p1a: BBL Drizzle
|-supereffective|p1a: BBL Drizzle
|-damage|p1a: BBL Drizzle|0 fnt
|faint|p1a: BBL Drizzle
|
|t:|1760397731
|switch|p2a: Toxapex|Toxapex, F|100/100|[from] Volt Switch
|
|-weather|RainDance|[upkeep]
|upkeep
|
|t:|1760397739
|switch|p1a: mmmm big fsh|Dondozo, M|100/100
|turn|12
|
|t:|1760397752
|move|p1a: mmmm big fsh|Body Press|p2a: Toxapex
|-resisted|p2a: Toxapex
|-damage|p2a: Toxapex|93/100
|move|p2a: Toxapex|Toxic|p1a: mmmm big fsh
|-status|p1a: mmmm big fsh|tox
|
|-weather|RainDance|[upkeep]
|-heal|p2a: Toxapex|99/100|[from] item: Black Sludge
|-damage|p1a: mmmm big fsh|94/100 tox|[from] psn
|upkeep
|turn|13
|
|t:|1760397774
|move|p2a: Toxapex|Baneful Bunker|p2a: Toxapex
|-singleturn|p2a: Toxapex|move: Protect
|move|p1a: mmmm big fsh|Body Press|p2a: Toxapex
|-activate|p2a: Toxapex|move: Protect
|
|-weather|RainDance|[upkeep]
|-heal|p2a: Toxapex|100/100|[from] item: Black Sludge
|-heal|p1a: mmmm big fsh|100/100 tox|[from] item: Leftovers
|-damage|p1a: mmmm big fsh|88/100 tox|[from] psn
|upkeep
|turn|14
|
|t:|1760397783
|move|p1a: mmmm big fsh|Body Press|p2a: Toxapex
|-resisted|p2a: Toxapex
|-damage|p2a: Toxapex|92/100
|move|p2a: Toxapex|Liquidation|p1a: mmmm big fsh
|-resisted|p1a: mmmm big fsh
|-damage|p1a: mmmm big fsh|81/100 tox
|
|-weather|RainDance|[upkeep]
|-heal|p2a: Toxapex|99/100|[from] item: Black Sludge
|-heal|p1a: mmmm big fsh|87/100 tox|[from] item: Leftovers
|-damage|p1a: mmmm big fsh|69/100 tox|[from] psn
|upkeep
|turn|15
|
|t:|1760397797
|move|p1a: mmmm big fsh|Rest|p1a: mmmm big fsh
|-status|p1a: mmmm big fsh|slp|[from] move: Rest
|-heal|p1a: mmmm big fsh|100/100 slp|[silent]
|move|p2a: Toxapex|Liquidation|p1a: mmmm big fsh
|-resisted|p1a: mmmm big fsh
|-damage|p1a: mmmm big fsh|93/100 slp
|
|-weather|RainDance|[upkeep]
|-heal|p2a: Toxapex|100/100|[from] item: Black Sludge
|-heal|p1a: mmmm big fsh|99/100 slp|[from] item: Leftovers
|upkeep
|turn|16
|
|t:|1760397812
|switch|p2a: Thundurus|Thundurus-Therian, M|100/100
|cant|p1a: mmmm big fsh|slp
|move|p1a: mmmm big fsh|Sleep Talk|p1a: mmmm big fsh
|move|p1a: mmmm big fsh|Waterfall|p2a: Thundurus|[from] move: Sleep Talk
|-damage|p2a: Thundurus|38/100
|
|-weather|RainDance|[upkeep]
|-heal|p1a: mmmm big fsh|100/100 slp|[from] item: Leftovers
|upkeep
|turn|17
|
|t:|1760397822
|move|p2a: Thundurus|Thunder|p1a: mmmm big fsh
|-supereffective|p1a: mmmm big fsh
|-damage|p1a: mmmm big fsh|0 fnt
|faint|p1a: mmmm big fsh
|
|-weather|RainDance|[upkeep]
|upkeep
|
|t:|1760397834
|switch|p1a: Heckin pupperino|Floatzel, F|100/100
|turn|18
|
|t:|1760397843
|move|p1a: Heckin pupperino|Liquidation|p2a: Thundurus
|-damage|p2a: Thundurus|0 fnt
|faint|p2a: Thundurus
|
|-weather|none
|upkeep
|
|t:|1760397847
|switch|p2a: Toxapex|Toxapex, F|100/100
|turn|19
|
|t:|1760397852
|move|p1a: Heckin pupperino|Ice Spinner|p2a: Toxapex
|-resisted|p2a: Toxapex
|-damage|p2a: Toxapex|93/100
|move|p2a: Toxapex|Toxic|p1a: Heckin pupperino
|-status|p1a: Heckin pupperino|tox
|
|-heal|p2a: Toxapex|99/100|[from] item: Black Sludge
|-damage|p1a: Heckin pupperino|94/100 tox|[from] psn
|upkeep
|turn|20
|
|t:|1760397867
|move|p2a: Toxapex|Baneful Bunker|p2a: Toxapex
|-singleturn|p2a: Toxapex|move: Protect
|move|p1a: Heckin pupperino|Flip Turn|p2a: Toxapex
|-activate|p2a: Toxapex|move: Protect
|
|-heal|p2a: Toxapex|100/100|[from] item: Black Sludge
|-damage|p1a: Heckin pupperino|82/100 tox|[from] psn
|upkeep
|turn|21
|
|t:|1760397888
|switch|p1a: Alololololomomola|Alomomola, M|100/100
|move|p2a: Toxapex|Toxic|p1a: Alololololomomola
|-status|p1a: Alololololomomola|tox
|
|-damage|p1a: Alololololomomola|94/100 tox|[from] psn
|upkeep
|turn|22
|
|t:|1760397903
|move|p1a: Alololololomomola|Wish|p1a: Alololololomomola
|move|p2a: Toxapex|Liquidation|p1a: Alololololomomola
|-resisted|p1a: Alololololomomola
|-damage|p1a: Alololololomomola|86/100 tox
|
|-heal|p1a: Alololololomomola|92/100 tox|[from] item: Leftovers
|-damage|p1a: Alololololomomola|80/100 tox|[from] psn
|upkeep
|turn|23
|inactive|PulverazingPancake has 120 seconds left.
|
|t:|1760397933
|move|p1a: Alololololomomola|Scald|p2a: Toxapex
|-resisted|p2a: Toxapex
|-damage|p2a: Toxapex|94/100
|-status|p2a: Toxapex|brn
|move|p2a: Toxapex|Liquidation|p1a: Alololololomomola
|-resisted|p1a: Alololololomomola
|-damage|p1a: Alololololomomola|76/100 tox
|
|-heal|p1a: Alololololomomola|100/100 tox|[from] move: Wish|[wisher] Alololololomomola
|-heal|p2a: Toxapex|99/100 brn|[from] item: Black Sludge
|-damage|p1a: Alololololomomola|82/100 tox|[from] psn
|-damage|p2a: Toxapex|94/100 brn|[from] brn
|upkeep
|turn|24
|inactive|PulverazingPancake has 120 seconds left.
|inactive|PulverazingPancake has 90 seconds left.
|
|t:|1760397982
|move|p1a: Alololololomomola|Protect|p1a: Alololololomomola
|-singleturn|p1a: Alololololomomola|Protect
|move|p2a: Toxapex|Liquidation|p1a: Alololololomomola
|-activate|p1a: Alololololomomola|move: Protect
|
|-heal|p1a: Alololololomomola|88/100 tox|[from] item: Leftovers
|-heal|p2a: Toxapex|99/100 brn|[from] item: Black Sludge
|-damage|p1a: Alololololomomola|63/100 tox|[from] psn
|-damage|p2a: Toxapex|94/100 brn|[from] brn
|upkeep
|turn|25
|
|t:|1760398003
|move|p2a: Toxapex|Baneful Bunker|p2a: Toxapex
|-singleturn|p2a: Toxapex|move: Protect
|move|p1a: Alololololomomola|Wish|p1a: Alololololomomola
|
|-heal|p1a: Alololololomomola|70/100 tox|[from] item: Leftovers
|-heal|p2a: Toxapex|99/100 brn|[from] item: Black Sludge
|-damage|p1a: Alololololomomola|39/100 tox|[from] psn
|-damage|p2a: Toxapex|94/100 brn|[from] brn
|upkeep
|turn|26
|
|t:|1760398022
|switch|p1a: Heckin pupperino|Floatzel, F|82/100 tox
|move|p2a: Toxapex|Liquidation|p1a: Heckin pupperino
|-resisted|p1a: Heckin pupperino
|-damage|p1a: Heckin pupperino|73/100 tox
|
|-heal|p1a: Heckin pupperino|100/100 tox|[from] move: Wish|[wisher] Alololololomomola
|-heal|p2a: Toxapex|99/100 brn|[from] item: Black Sludge
|-damage|p1a: Heckin pupperino|94/100 tox|[from] psn
|-damage|p2a: Toxapex|94/100 brn|[from] brn
|upkeep
|turn|27
|
|t:|1760398033
|move|p1a: Heckin pupperino|Flip Turn|p2a: Toxapex
|-resisted|p2a: Toxapex
|-damage|p2a: Toxapex|83/100 brn
|
|t:|1760398038
|switch|p1a: Alololololomomola|Alomomola, M|72/100 tox|[from] Flip Turn
|move|p2a: Toxapex|Rain Dance|p2a: Toxapex
|-weather|RainDance
|
|-weather|RainDance|[upkeep]
|-heal|p1a: Alololololomomola|78/100 tox|[from] item: Leftovers
|-heal|p2a: Toxapex|89/100 brn|[from] item: Black Sludge
|-damage|p1a: Alololololomomola|72/100 tox|[from] psn
|-damage|p2a: Toxapex|83/100 brn|[from] brn
|upkeep
|turn|28
|
|t:|1760398049
|move|p1a: Alololololomomola|Protect|p1a: Alololololomomola
|-singleturn|p1a: Alololololomomola|Protect
|move|p2a: Toxapex|Liquidation|p1a: Alololololomomola
|-activate|p1a: Alololololomomola|move: Protect
|
|-weather|RainDance|[upkeep]
|-heal|p1a: Alololololomomola|78/100 tox|[from] item: Leftovers
|-heal|p2a: Toxapex|89/100 brn|[from] item: Black Sludge
|-damage|p1a: Alololololomomola|66/100 tox|[from] psn
|-damage|p2a: Toxapex|83/100 brn|[from] brn
|upkeep
|turn|29
|
|t:|1760398060
|move|p1a: Alololololomomola|Wish|p1a: Alololololomomola
|move|p2a: Toxapex|Liquidation|p1a: Alololololomomola
|-resisted|p1a: Alololololomomola
|-damage|p1a: Alololololomomola|60/100 tox
|
|-weather|RainDance|[upkeep]
|-heal|p1a: Alololololomomola|66/100 tox|[from] item: Leftovers
|-heal|p2a: Toxapex|89/100 brn|[from] item: Black Sludge
|-damage|p1a: Alololololomomola|47/100 tox|[from] psn
|-damage|p2a: Toxapex|83/100 brn|[from] brn
|upkeep
|turn|30
|
|t:|1760398071
|switch|p2a: Zangoose|Zangoose, M|100/100
|move|p1a: Alololololomomola|Flip Turn|p2a: Zangoose
|-damage|p2a: Zangoose|63/100
|
|t:|1760398076
|switch|p1a: Heckin pupperino|Floatzel, F|94/100 tox|[from] Flip Turn
|
|-weather|RainDance|[upkeep]
|-heal|p1a: Heckin pupperino|100/100 tox|[from] move: Wish|[wisher] Alololololomomola
|-damage|p1a: Heckin pupperino|94/100 tox|[from] psn
|-status|p2a: Zangoose|tox|[from] item: Toxic Orb
|upkeep
|turn|31
|inactive|PulverazingPancake has 90 seconds left.
|
|t:|1760398089
|switch|p2a: Toxapex|Toxapex, F|100/100 brn
|move|p1a: Heckin pupperino|Liquidation|p2a: Toxapex
|-resisted|p2a: Toxapex
|-damage|p2a: Toxapex|80/100 brn
|
|-weather|none
|-heal|p2a: Toxapex|86/100 brn|[from] item: Black Sludge
|-damage|p1a: Heckin pupperino|82/100 tox|[from] psn
|-damage|p2a: Toxapex|80/100 brn|[from] brn
|upkeep
|turn|32
|inactive|PulverazingPancake has 90 seconds left.
|
|t:|1760398105
|switch|p2a: Braviary|Braviary-Hisui, M|100/100
|move|p1a: Heckin pupperino|Flip Turn|p2a: Braviary
|-crit|p2a: Braviary
|-damage|p2a: Braviary|47/100
|
|t:|1760398110
|switch|p1a: Alololololomomola|Alomomola, M|81/100 tox|[from] Flip Turn
|
|-heal|p1a: Alololololomomola|87/100 tox|[from] item: Leftovers
|-damage|p1a: Alololololomomola|81/100 tox|[from] psn
|upkeep
|turn|33
|
|t:|1760398119
|move|p1a: Alololololomomola|Scald|p2a: Braviary
|-damage|p2a: Braviary|37/100
|-status|p2a: Braviary|brn
|move|p2a: Braviary|Psychic Terrain|p2a: Braviary
|-fieldstart|move: Psychic Terrain
|
|-heal|p1a: Alololololomomola|87/100 tox|[from] item: Leftovers
|-damage|p1a: Alololololomomola|74/100 tox|[from] psn
|-damage|p2a: Braviary|31/100 brn|[from] brn
|upkeep
|turn|34
|
|t:|1760398129
|move|p1a: Alololololomomola|Flip Turn|p2a: Braviary
|-damage|p2a: Braviary|15/100 brn
|
|t:|1760398132
|switch|p1a: Heckin pupperino|Floatzel, F|82/100 tox|[from] Flip Turn
|move|p2a: Braviary|Esper Wing|p1a: Heckin pupperino
|-damage|p1a: Heckin pupperino|13/100 tox
|
|-damage|p1a: Heckin pupperino|7/100 tox|[from] psn
|-damage|p2a: Braviary|9/100 brn|[from] brn
|upkeep
|turn|35
|inactive|PulverazingPancake has 120 seconds left.
|
|t:|1760398142
|move|p1a: Heckin pupperino|Flip Turn|p2a: Braviary
|-damage|p2a: Braviary|0 fnt
|faint|p2a: Braviary
|
|t:|1760398146
|switch|p1a: Alololololomomola|Alomomola, M|100/100 tox|[from] Flip Turn
|
|-damage|p1a: Alololololomomola|94/100 tox|[from] psn
|upkeep
|
|t:|1760398148
|switch|p2a: Zangoose|Zangoose, M|63/100 tox
|turn|36
|
|t:|1760398156
|move|p1a: Alololololomomola|Protect|p1a: Alololololomomola
|-singleturn|p1a: Alololololomomola|Protect
|move|p2a: Zangoose|Knock Off|p1a: Alololololomomola
|-activate|p1a: Alololololomomola|move: Protect
|
|-heal|p1a: Alololololomomola|100/100 tox|[from] item: Leftovers
|-damage|p2a: Zangoose|57/100 tox|[from] psn
|-damage|p1a: Alololololomomola|88/100 tox|[from] psn
|upkeep
|turn|37
|
|t:|1760398166
|move|p2a: Zangoose|Knock Off|p1a: Alololololomomola
|-damage|p1a: Alololololomomola|54/100 tox
|-enditem|p1a: Alololololomomola|Leftovers|[from] move: Knock Off|[of] p2a: Zangoose
|move|p1a: Alololololomomola|Wish|p1a: Alololololomomola
|
|-damage|p2a: Zangoose|45/100 tox|[from] psn
|-damage|p1a: Alololololomomola|35/100 tox|[from] psn
|-fieldend|move: Psychic Terrain
|upkeep
|turn|38
|
|t:|1760398174
|switch|p2a: Toxapex|Toxapex, F|100/100 brn
|move|p1a: Alololololomomola|Flip Turn|p2a: Toxapex
|-resisted|p2a: Toxapex
|-damage|p2a: Toxapex|96/100 brn
|
|t:|1760398179
|switch|p1a: Heckin pupperino|Floatzel, F|7/100 tox|[from] Flip Turn
|
|-heal|p1a: Heckin pupperino|93/100 tox|[from] move: Wish|[wisher] Alololololomomola
|-heal|p2a: Toxapex|100/100 brn|[from] item: Black Sludge
|-damage|p1a: Heckin pupperino|87/100 tox|[from] psn
|-damage|p2a: Toxapex|94/100 brn|[from] brn
|upkeep
|turn|39
|
|t:|1760398190
|move|p1a: Heckin pupperino|Flip Turn|p2a: Toxapex
|-resisted|p2a: Toxapex
|-damage|p2a: Toxapex|83/100 brn
|
|t:|1760398194
|switch|p1a: Alololololomomola|Alomomola, M|68/100 tox|[from] Flip Turn
|move|p2a: Toxapex|Liquidation|p1a: Alololololomomola
|-resisted|p1a: Alololololomomola
|-damage|p1a: Alololololomomola|65/100 tox
|
|-heal|p2a: Toxapex|89/100 brn|[from] item: Black Sludge
|-damage|p1a: Alololololomomola|58/100 tox|[from] psn
|-damage|p2a: Toxapex|83/100 brn|[from] brn
|upkeep
|turn|40
|
|t:|1760398204
|switch|p2a: Zangoose|Zangoose, M|45/100 tox
|move|p1a: Alololololomomola|Wish|p1a: Alololololomomola
|
|-damage|p2a: Zangoose|39/100 tox|[from] psn
|-damage|p1a: Alololololomomola|46/100 tox|[from] psn
|upkeep
|turn|41
|
|t:|1760398212
|move|p2a: Zangoose|Facade|p1a: Alololololomomola
|-damage|p1a: Alololololomomola|0 fnt
|faint|p1a: Alololololomomola
|
|-damage|p2a: Zangoose|27/100 tox|[from] psn
|upkeep
|
|t:|1760398217
|switch|p1a: Heckin pupperino|Floatzel, F|87/100 tox
|turn|42
|
|t:|1760398225
|move|p1a: Heckin pupperino|Liquidation|p2a: Zangoose
|-damage|p2a: Zangoose|0 fnt
|faint|p2a: Zangoose
|
|-damage|p1a: Heckin pupperino|81/100 tox|[from] psn
|upkeep
|
|t:|1760398230
|switch|p2a: Toxapex|Toxapex, F|100/100 brn
|turn|43
|
|t:|1760398236
|move|p2a: Toxapex|Baneful Bunker|p2a: Toxapex
|-singleturn|p2a: Toxapex|move: Protect
|move|p1a: Heckin pupperino|Ice Spinner|p2a: Toxapex
|-activate|p2a: Toxapex|move: Protect
|
|-damage|p1a: Heckin pupperino|69/100 tox|[from] psn
|-damage|p2a: Toxapex|94/100 brn|[from] brn
|upkeep
|turn|44
|
|t:|1760398245
|move|p1a: Heckin pupperino|Liquidation|p2a: Toxapex
|-resisted|p2a: Toxapex
|-damage|p2a: Toxapex|79/100 brn
|move|p2a: Toxapex|Liquidation|p1a: Heckin pupperino
|-resisted|p1a: Heckin pupperino
|-damage|p1a: Heckin pupperino|60/100 tox
|
|-heal|p2a: Toxapex|85/100 brn|[from] item: Black Sludge
|-damage|p1a: Heckin pupperino|41/100 tox|[from] psn
|-damage|p2a: Toxapex|79/100 brn|[from] brn
|upkeep
|turn|45
|
|t:|1760398258
|move|p2a: Toxapex|Baneful Bunker|p2a: Toxapex
|-singleturn|p2a: Toxapex|move: Protect
|move|p1a: Heckin pupperino|Aqua Jet|p2a: Toxapex
|-activate|p2a: Toxapex|move: Protect
|
|-heal|p2a: Toxapex|85/100 brn|[from] item: Black Sludge
|-damage|p1a: Heckin pupperino|17/100 tox|[from] psn
|-damage|p2a: Toxapex|79/100 brn|[from] brn
|upkeep
|turn|46
|
|t:|1760398267
|move|p1a: Heckin pupperino|Liquidation|p2a: Toxapex
|-resisted|p2a: Toxapex
|-damage|p2a: Toxapex|65/100 brn
|move|p2a: Toxapex|Liquidation|p1a: Heckin pupperino
|-resisted|p1a: Heckin pupperino
|-damage|p1a: Heckin pupperino|8/100 tox
|-unboost|p1a: Heckin pupperino|def|1
|
|-heal|p2a: Toxapex|71/100 brn|[from] item: Black Sludge
|-damage|p1a: Heckin pupperino|0 fnt|[from] psn
|faint|p1a: Heckin pupperino
|
|win|PulverazingPancake
|raw|Desperadoswthlime's rating: 1106 &rarr; <strong>1078</strong><br />(-28 for losing)
|raw|PulverazingPancake's rating: 1071 &rarr; <strong>1103</strong><br />(+32 for winning)
|c|☆PulverazingPancake|gg
|l|☆PulverazingPancake
|player|p2|
|l|☆Desperadoswthlime
|player|p1|
