|j|☆Swankentora
|j|☆venjazanzhes123
|t:|1760387865
|gametype|singles
|player|p1|Swankentora|n|1499
|player|p2|venjazanzhes123|clair|1461
|gen|9
|tier|[Gen 9] OU
|rated|
|rule|HP Percentage Mod: HP is shown in percentages
|rule|Endless Battle Clause: Forcing endless battles is banned
|rule|Species Clause: Limit one of each Pokémon
|rule|OHKO Clause: OHKO moves are banned
|rule|Evasion Items Clause: Evasion items are banned
|rule|Evasion Moves Clause: Evasion moves are banned
|rule|Evasion Abilities Clause: Evasion abilities are banned
|rule|Sleep Moves Clause: Sleep-inducing moves are banned
|clearpoke
|poke|p1|Heatran, F|
|poke|p1|Iron Valiant|
|poke|p1|Iron Treads|
|poke|p1|Dragapult, M|
|poke|p1|Samurott-Hisui, F|
|poke|p1|Tornadus-Therian, M|
|poke|p2|Corviknight, M|
|poke|p2|Dragonite, M|
|poke|p2|Dragapult, M|
|poke|p2|Goodra-Hisui, M|
|poke|p2|Slowking-Galar, M|
|poke|p2|Quagsire, M|
|teampreview
|
|t:|1760387873
|teamsize|p1|6
|teamsize|p2|6
|start
|switch|p1a: Dragapult|Dragapult, M|100/100
|switch|p2a: Quagsire|Quagsire, M|100/100
|turn|1
|
|t:|1760387892
|move|p1a: Dragapult|U-turn|p2a: Quagsire
|-damage|p2a: Quagsire|75/100
|
|t:|1760387896
|switch|p1a: Samurott|Samurott-Hisui, F|100/100|[from] U-turn
|move|p2a: Quagsire|Toxic|p1a: Samurott
|-status|p1a: Samurott|tox
|
|-damage|p1a: Samurott|94/100 tox|[from] psn
|upkeep
|turn|2
|
|t:|1760387900
|move|p1a: Samurott|Ceaseless Edge|p2a: Quagsire
|-damage|p2a: Quagsire|44/100
|-sidestart|p2: venjazanzhes123|Spikes
|-enditem|p2a: Quagsire|Sitrus Berry|[eat]
|-heal|p2a: Quagsire|69/100|[from] item: Sitrus Berry
|move|p2a: Quagsire|Recover|p2a: Quagsire
|-heal|p2a: Quagsire|100/100
|
|-damage|p1a: Samurott|82/100 tox|[from] psn
|upkeep
|turn|3
|
|t:|1760387906
|move|p1a: Samurott|Ceaseless Edge|p2a: Quagsire
|-damage|p2a: Quagsire|71/100
|-sidestart|p2: venjazanzhes123|Spikes
|move|p2a: Quagsire|Counter|p1a: Samurott
|-damage|p1a: Samurott|21/100 tox
|
|-damage|p1a: Samurott|2/100 tox|[from] psn
|upkeep
|turn|4
|
|t:|1760387912
|move|p1a: Samurott|Knock Off|p2a: Quagsire
|-damage|p2a: Quagsire|51/100
|move|p2a: Quagsire|Recover|p2a: Quagsire
|-heal|p2a: Quagsire|100/100
|
|-damage|p1a: Samurott|0 fnt|[from] psn
|faint|p1a: Samurott
|upkeep
|
|t:|1760387917
|switch|p1a: Iron Valiant|Iron Valiant|100/100
|turn|5
|
|t:|1760387919
|move|p1a: Iron Valiant|Moonblast|p2a: Quagsire
|-damage|p2a: Quagsire|14/100
|move|p2a: Quagsire|Toxic|p1a: Iron Valiant
|-status|p1a: Iron Valiant|tox
|
|-damage|p1a: Iron Valiant|94/100 tox|[from] psn
|upkeep
|turn|6
|
|t:|1760387924
|move|p1a: Iron Valiant|Moonblast|p2a: Quagsire
|-damage|p2a: Quagsire|0 fnt
|faint|p2a: Quagsire
|
|-damage|p1a: Iron Valiant|82/100 tox|[from] psn
|upkeep
|
|t:|1760387927
|switch|p2a: Corviknight|Corviknight, M|100/100
|turn|7
|
|t:|1760387938
|-end|p1a: Iron Valiant|Quark Drive|[silent]
|switch|p1a: Heatran|Heatran, F|100/100
|move|p2a: Corviknight|Defog|p1a: Heatran
|-unboost|p1a: Heatran|evasion|1
|-sideend|p2: venjazanzhes123|Spikes|[from] move: Defog|[of] p2a: Corviknight
|
|upkeep
|turn|8
|
|t:|1760387941
|switch|p2a: Slowking|Slowking-Galar, M|100/100
|move|p1a: Heatran|Lava Plume|p2a: Slowking
|-damage|p2a: Slowking|82/100
|
|upkeep
|turn|9
|
|t:|1760387947
|move|p1a: Heatran|Stealth Rock|p2a: Slowking
|-sidestart|p2: venjazanzhes123|move: Stealth Rock
|move|p2a: Slowking|Focus Blast|p1a: Heatran
|-supereffective|p1a: Heatran
|-damage|p1a: Heatran|34/100
|
|upkeep
|turn|10
|
|t:|1760387956
|switch|p1a: Dragapult|Dragapult, M|100/100
|move|p2a: Slowking|Focus Blast|p1a: Dragapult
|-immune|p1a: Dragapult
|
|upkeep
|turn|11
|
|t:|1760387961
|-terastallize|p1a: Dragapult|Ghost
|move|p1a: Dragapult|Tera Blast|p2a: Slowking|[anim] Tera Blast Ghost
|-supereffective|p2a: Slowking
|-crit|p2a: Slowking
|-damage|p2a: Slowking|0 fnt
|faint|p2a: Slowking
|
|upkeep
|
|t:|1760387965
|switch|p2a: Goodra|Goodra-Hisui, M|100/100
|-damage|p2a: Goodra|94/100|[from] Stealth Rock
|turn|12
|
|t:|1760387968
|switch|p1a: Heatran|Heatran, F|34/100
|move|p2a: Goodra|Dragon Pulse|p1a: Heatran
|-resisted|p1a: Heatran
|-damage|p1a: Heatran|17/100
|
|upkeep
|turn|13
|
|t:|1760387973
|switch|p1a: Iron Valiant|Iron Valiant|82/100 tox
|move|p2a: Goodra|Dragon Pulse|p1a: Iron Valiant
|-immune|p1a: Iron Valiant
|
|-damage|p1a: Iron Valiant|76/100 tox|[from] psn
|upkeep
|turn|14
|
|t:|1760387979
|switch|p2a: Corviknight|Corviknight, M|100/100
|-damage|p2a: Corviknight|88/100|[from] Stealth Rock
|move|p1a: Iron Valiant|Trick|p2a: Corviknight
|-activate|p1a: Iron Valiant|move: Trick|[of] p2a: Corviknight
|-item|p2a: Corviknight|Choice Specs|[from] move: Trick
|-item|p1a: Iron Valiant|Rocky Helmet|[from] move: Trick
|
|-damage|p1a: Iron Valiant|63/100 tox|[from] psn
|upkeep
|turn|15
|
|t:|1760387995
|-end|p1a: Iron Valiant|Quark Drive|[silent]
|switch|p1a: Dragapult|Dragapult, M, tera:Ghost|100/100
|move|p2a: Corviknight|Defog|p1a: Dragapult
|-fail|p1a: Dragapult|unboost|[from] ability: Clear Body|[of] p1a: Dragapult
|-sideend|p2: venjazanzhes123|Stealth Rock|[from] move: Defog|[of] p2a: Corviknight
|
|upkeep
|turn|16
|
|t:|1760387998
|move|p1a: Dragapult|Tera Blast|p2a: Corviknight|[anim] Tera Blast Ghost
|-damage|p2a: Corviknight|42/100
|move|p2a: Corviknight|Defog||[still]
|-fail|p1a: Dragapult|unboost|[from] ability: Clear Body|[of] p1a: Dragapult
|-fail|p2a: Corviknight
|
|upkeep
|turn|17
|
|t:|1760388001
|move|p1a: Dragapult|Tera Blast|p2a: Corviknight|[anim] Tera Blast Ghost
|-damage|p2a: Corviknight|0 fnt
|faint|p2a: Corviknight
|
|upkeep
|
|t:|1760388003
|switch|p2a: Goodra|Goodra-Hisui, M|94/100
|turn|18
|
|t:|1760388008
|switch|p1a: Iron Treads|Iron Treads|100/100
|move|p2a: Goodra|Dragon Pulse|p1a: Iron Treads
|-resisted|p1a: Iron Treads
|-damage|p1a: Iron Treads|84/100
|
|-heal|p1a: Iron Treads|90/100|[from] item: Leftovers
|upkeep
|turn|19
|
|t:|1760388011
|move|p1a: Iron Treads|Knock Off|p2a: Goodra
|-damage|p2a: Goodra|72/100
|-ability|p2a: Goodra|Gooey
|-unboost|p1a: Iron Treads|spe|1
|-enditem|p2a: Goodra|Assault Vest|[from] move: Knock Off|[of] p1a: Iron Treads
|move|p2a: Goodra|Flamethrower|p1a: Iron Treads
|-supereffective|p1a: Iron Treads
|-damage|p1a: Iron Treads|37/100
|
|-heal|p1a: Iron Treads|43/100|[from] item: Leftovers
|upkeep
|turn|20
|
|t:|1760388015
|move|p1a: Iron Treads|Earthquake|p2a: Goodra
|-supereffective|p2a: Goodra
|-damage|p2a: Goodra|0 fnt
|faint|p2a: Goodra
|
|-heal|p1a: Iron Treads|49/100|[from] item: Leftovers
|upkeep
|
|t:|1760388018
|switch|p2a: Dragapult|Dragapult, M|100/100
|turn|21
|
|t:|1760388026
|-terastallize|p2a: Dragapult|Fairy
|move|p2a: Dragapult|Dragon Dance|p2a: Dragapult
|-boost|p2a: Dragapult|atk|1
|-boost|p2a: Dragapult|spe|1
|move|p1a: Iron Treads|Knock Off|p2a: Dragapult
|-resisted|p2a: Dragapult
|-damage|p2a: Dragapult|83/100
|-enditem|p2a: Dragapult|Life Orb|[from] move: Knock Off|[of] p1a: Iron Treads
|
|-heal|p1a: Iron Treads|55/100|[from] item: Leftovers
|upkeep
|turn|22
|
|t:|1760388033
|move|p2a: Dragapult|Phantom Force||[still]
|-prepare|p2a: Dragapult|Phantom Force
|move|p1a: Iron Treads|Earthquake|p2a: Dragapult|[miss]
|-miss|p1a: Iron Treads|p2a: Dragapult
|
|-heal|p1a: Iron Treads|61/100|[from] item: Leftovers
|upkeep
|turn|23
|
|t:|1760388037
|-end|p1a: Iron Treads|Quark Drive|[silent]
|switch|p1a: Heatran|Heatran, F|17/100
|move|p2a: Dragapult|Phantom Force|p1a: Heatran|[from] lockedmove
|-damage|p1a: Heatran|0 fnt
|-damage|p2a: Dragapult|66/100|[from] item: Rocky Helmet|[of] p1a: Heatran
|faint|p1a: Heatran
|
|upkeep
|inactive|Battle timer is ON: inactive players will automatically lose when time's up. (requested by venjazanzhes123)
|
|t:|1760388089
|switch|p1a: Dragapult|Dragapult, M, tera:Ghost|100/100
|turn|24
|
|t:|1760388095
|move|p2a: Dragapult|Phantom Force||[still]
|-prepare|p2a: Dragapult|Phantom Force
|move|p1a: Dragapult|Tera Blast|p2a: Dragapult|[anim] Tera Blast Ghost|[miss]
|-miss|p1a: Dragapult|p2a: Dragapult
|
|upkeep
|turn|25
|
|t:|1760388103
|switch|p1a: Iron Treads|Iron Treads|61/100
|move|p2a: Dragapult|Phantom Force|p1a: Iron Treads|[from] lockedmove
|-damage|p1a: Iron Treads|7/100
|
|-heal|p1a: Iron Treads|13/100|[from] item: Leftovers
|upkeep
|turn|26
|
|t:|1760388110
|move|p2a: Dragapult|Dragon Darts|p1a: Iron Treads
|-resisted|p1a: Iron Treads
|-damage|p1a: Iron Treads|0 fnt
|faint|p1a: Iron Treads
|-end|p1a: Iron Treads|Quark Drive|[silent]
|
|upkeep
|
|t:|1760388112
|switch|p1a: Iron Valiant|Iron Valiant|63/100 tox
|turn|27
|
|t:|1760388117
|move|p1a: Iron Valiant|Vacuum Wave|p2a: Dragapult
|-resisted|p2a: Dragapult
|-damage|p2a: Dragapult|53/100
|move|p2a: Dragapult|Phantom Force||[still]
|-prepare|p2a: Dragapult|Phantom Force
|
|-damage|p1a: Iron Valiant|57/100 tox|[from] psn
|upkeep
|turn|28
|
|t:|1760388125
|move|p2a: Dragapult|Phantom Force|p1a: Iron Valiant|[from] lockedmove
|-damage|p1a: Iron Valiant|0 fnt
|-damage|p2a: Dragapult|37/100|[from] item: Rocky Helmet|[of] p1a: Iron Valiant
|faint|p1a: Iron Valiant
|-end|p1a: Iron Valiant|Quark Drive|[silent]
|
|upkeep
|
|t:|1760388127
|switch|p1a: Tornadus|Tornadus-Therian, M|100/100
|turn|29
|
|t:|1760388134
|move|p2a: Dragapult|Dragon Darts|p1a: Tornadus
|-damage|p1a: Tornadus|61/100
|-anim|p2a: Dragapult|Dragon Darts|p1a: Tornadus
|-damage|p1a: Tornadus|18/100
|move|p1a: Tornadus|Bleakwind Storm|p2a: Dragapult|[miss]
|-miss|p1a: Tornadus|p2a: Dragapult
|
|upkeep
|turn|30
|-message|Swankentora forfeited.
|
|win|venjazanzhes123
|raw|Swankentora's rating: 1499 &rarr; <strong>1477</strong><br />(-22 for losing)
|raw|venjazanzhes123's rating: 1461 &rarr; <strong>1483</strong><br />(+22 for winning)
|l|☆Swankentora
|player|p1|
|l|☆venjazanzhes123
|player|p2|
