|badge|p1|bronze|gen9randombattle|100-7
|uhtml|medal-msg|<div class="broadcast-blue">Curious what those medals under the avatar are? PS now has Ladder Seasons! For more information, check out the <a href="https://www.smogon.com/forums/threads/3740067/">thread on Smogon.</a></div>
|j|☆ribena supernova
|j|☆CodeNumber_X
|t:|1760432688
|gametype|singles
|player|p1|ribena supernova|leaf-masters|1573
|player|p2|CodeNumber_X|102|1532
|gen|9
|tier|[Gen 9] OU
|rated|
|rule|HP Percentage Mod: HP is shown in percentages
|rule|Endless Battle Clause: Forcing endless battles is banned
|rule|Species Clause: Limit one of each Pokémon
|rule|OHKO Clause: OHKO moves are banned
|rule|Evasion Items Clause: Evasion items are banned
|rule|Evasion Moves Clause: Evasion moves are banned
|rule|Evasion Abilities Clause: Evasion abilities are banned
|rule|Sleep Moves Clause: Sleep-inducing moves are banned
|clearpoke
|poke|p1|Gliscor, M|
|poke|p1|Walking Wake|
|poke|p1|Slowking-Galar, M|
|poke|p1|Zamazenta-*|
|poke|p1|Ting-Lu|
|poke|p1|Kingambit, F|
|poke|p2|Garchomp, F|
|poke|p2|Iron Moth|
|poke|p2|Hoopa-Unbound|
|poke|p2|Rotom-Wash|
|poke|p2|Corviknight, F|
|poke|p2|Clodsire, F|
|teampreview
|inactive|Battle timer is ON: inactive players will automatically lose when time's up. (requested by CodeNumber_X)
|c|☆ribena supernova|hf
|c|☆CodeNumber_X|glhf
|j| iamfrhaan007
|inactive|CodeNumber_X has 120 seconds left.
|
|t:|1760432734
|teamsize|p1|6
|teamsize|p2|6
|start
|switch|p1a: Walking Wake|Walking Wake|100/100
|switch|p2a: Iron Moth|Iron Moth|100/100
|turn|1
|
|t:|1760432744
|move|p2a: Iron Moth|U-turn|p1a: Walking Wake
|-damage|p1a: Walking Wake|89/100
|
|t:|1760432750
|-end|p2a: Iron Moth|Quark Drive|[silent]
|switch|p2a: Rotom|Rotom-Wash|100/100|[from] U-turn
|move|p1a: Walking Wake|Knock Off|p2a: Rotom
|-damage|p2a: Rotom|87/100
|-enditem|p2a: Rotom|Leftovers|[from] move: Knock Off|[of] p1a: Walking Wake
|
|upkeep
|turn|2
|
|t:|1760432760
|-end|p1a: Walking Wake|Protosynthesis|[silent]
|switch|p1a: Slowking|Slowking-Galar, M|100/100
|move|p2a: Rotom|Will-O-Wisp|p1a: Slowking
|-status|p1a: Slowking|brn
|
|-damage|p1a: Slowking|94/100 brn|[from] brn
|upkeep
|turn|3
|
|t:|1760432765
|move|p2a: Rotom|Volt Switch|p1a: Slowking
|-damage|p1a: Slowking|80/100 brn
|
|t:|1760432772
|switch|p2a: Iron Moth|Iron Moth|100/100|[from] Volt Switch
|-prepare|p1a: Slowking|Chilly Reception|[premajor]
|move|p1a: Slowking|Chilly Reception|p1a: Slowking
|-weather|Snowscape
|
|t:|1760432778
|switch|p1a: Gliscor|Gliscor, M|100/100|[from] Chilly Reception
|
|-weather|Snowscape|[upkeep]
|-status|p1a: Gliscor|tox|[from] item: Toxic Orb
|upkeep
|turn|4
|
|t:|1760432805
|switch|p1a: Slowking|Slowking-Galar, M|100/100 brn
|move|p2a: Iron Moth|U-turn|p1a: Slowking
|-damage|p1a: Slowking|88/100 brn
|
|t:|1760432808
|-end|p2a: Iron Moth|Quark Drive|[silent]
|switch|p2a: Garchomp|Garchomp, F|100/100|[from] U-turn
|
|-weather|Snowscape|[upkeep]
|-damage|p1a: Slowking|82/100 brn|[from] brn
|upkeep
|turn|5
|
|t:|1760432814
|switch|p1a: Walking Wake|Walking Wake|89/100
|move|p2a: Garchomp|Swords Dance|p2a: Garchomp
|-boost|p2a: Garchomp|atk|2
|
|-weather|Snowscape|[upkeep]
|upkeep
|turn|6
|
|t:|1760432825
|-terastallize|p2a: Garchomp|Fire
|move|p1a: Walking Wake|Draco Meteor|p2a: Garchomp
|-damage|p2a: Garchomp|25/100
|-unboost|p1a: Walking Wake|spa|2
|move|p2a: Garchomp|Scale Shot|p1a: Walking Wake
|-supereffective|p1a: Walking Wake
|-damage|p1a: Walking Wake|34/100
|-supereffective|p1a: Walking Wake
|-damage|p1a: Walking Wake|0 fnt
|faint|p1a: Walking Wake
|-end|p1a: Walking Wake|Protosynthesis|[silent]
|-hitcount|p1: Walking Wake|2
|-unboost|p2a: Garchomp|def|1
|-boost|p2a: Garchomp|spe|1
|
|-weather|Snowscape|[upkeep]
|upkeep
|
|t:|1760432831
|switch|p1a: Zamazenta|Zamazenta|100/100
|-ability|p1a: Zamazenta|Dauntless Shield|boost
|-boost|p1a: Zamazenta|def|1
|turn|7
|
|t:|1760432845
|move|p2a: Garchomp|Earthquake|p1a: Zamazenta
|-damage|p1a: Zamazenta|43/100
|move|p1a: Zamazenta|Close Combat|p2a: Garchomp
|-damage|p2a: Garchomp|0 fnt
|-unboost|p1a: Zamazenta|def|1
|-unboost|p1a: Zamazenta|spd|1
|-damage|p1a: Zamazenta|31/100|[from] ability: Rough Skin|[of] p2a: Garchomp
|faint|p2a: Garchomp
|
|-weather|none
|upkeep
|
|t:|1760432853
|switch|p2a: Rotom|Rotom-Wash|87/100
|turn|8
|
|t:|1760432858
|switch|p1a: Ting-Lu|Ting-Lu|100/100
|-ability|p1a: Ting-Lu|Vessel of Ruin
|move|p2a: Rotom|Hydro Pump|p1a: Ting-Lu
|-supereffective|p1a: Ting-Lu
|-damage|p1a: Ting-Lu|63/100
|
|-heal|p1a: Ting-Lu|69/100|[from] item: Leftovers
|upkeep
|turn|9
|
|t:|1760432864
|switch|p1a: Slowking|Slowking-Galar, M|100/100 brn
|move|p2a: Rotom|Will-O-Wisp|p1a: Slowking
|-fail|p1a: Slowking|brn
|
|-damage|p1a: Slowking|94/100 brn|[from] brn
|upkeep
|turn|10
|
|t:|1760432866
|move|p2a: Rotom|Volt Switch|p1a: Slowking
|-damage|p1a: Slowking|80/100 brn
|
|t:|1760432870
|switch|p2a: Hoopa|Hoopa-Unbound|100/100|[from] Volt Switch
|-prepare|p1a: Slowking|Chilly Reception|[premajor]
|move|p1a: Slowking|Chilly Reception|p1a: Slowking
|-weather|Snowscape
|
|t:|1760432874
|switch|p1a: Zamazenta|Zamazenta|31/100|[from] Chilly Reception
|
|-weather|Snowscape|[upkeep]
|upkeep
|turn|11
|
|t:|1760432880
|switch|p1a: Slowking|Slowking-Galar, M|100/100 brn
|move|p2a: Hoopa|Zen Headbutt|p1a: Slowking
|-damage|p1a: Slowking|53/100 brn
|
|-weather|Snowscape|[upkeep]
|-damage|p1a: Slowking|47/100 brn|[from] brn
|upkeep
|turn|12
|
|t:|1760432887
|switch|p2a: Iron Moth|Iron Moth|100/100
|switch|p1a: Ting-Lu|Ting-Lu|69/100
|-ability|p1a: Ting-Lu|Vessel of Ruin
|
|-weather|Snowscape|[upkeep]
|-heal|p1a: Ting-Lu|76/100|[from] item: Leftovers
|upkeep
|turn|13
|
|t:|1760432892
|move|p2a: Iron Moth|U-turn|p1a: Ting-Lu
|-supereffective|p1a: Ting-Lu
|-damage|p1a: Ting-Lu|65/100
|
|t:|1760432896
|-end|p2a: Iron Moth|Quark Drive|[silent]
|switch|p2a: Corviknight|Corviknight, F|100/100|[from] U-turn
|move|p1a: Ting-Lu|Stealth Rock|p2a: Corviknight
|-sidestart|p2: CodeNumber_X|move: Stealth Rock
|
|-weather|Snowscape|[upkeep]
|-heal|p1a: Ting-Lu|71/100|[from] item: Leftovers
|upkeep
|turn|14
|
|t:|1760432900
|move|p2a: Corviknight|Iron Defense|p2a: Corviknight
|-boost|p2a: Corviknight|def|2
|move|p1a: Ting-Lu|Spikes|p2a: Corviknight
|-sidestart|p2: CodeNumber_X|Spikes
|
|-weather|none
|-heal|p1a: Ting-Lu|78/100|[from] item: Leftovers
|upkeep
|turn|15
|
|t:|1760432905
|switch|p1a: Slowking|Slowking-Galar, M|80/100 brn
|move|p2a: Corviknight|Defog|p1a: Slowking
|-unboost|p1a: Slowking|evasion|1
|-sideend|p2: CodeNumber_X|Spikes|[from] move: Defog|[of] p2a: Corviknight
|-sideend|p2: CodeNumber_X|Stealth Rock|[from] move: Defog|[of] p2a: Corviknight
|
|-damage|p1a: Slowking|74/100 brn|[from] brn
|upkeep
|turn|16
|
|t:|1760432910
|switch|p2a: Hoopa|Hoopa-Unbound|100/100
|-prepare|p1a: Slowking|Chilly Reception|[premajor]
|move|p1a: Slowking|Chilly Reception|p1a: Slowking
|-weather|Snowscape
|
|t:|1760432916
|switch|p1a: Zamazenta|Zamazenta|31/100|[from] Chilly Reception
|
|-weather|Snowscape|[upkeep]
|upkeep
|turn|17
|
|t:|1760432923
|switch|p1a: Ting-Lu|Ting-Lu|78/100
|-ability|p1a: Ting-Lu|Vessel of Ruin
|move|p2a: Hoopa|Zen Headbutt|p1a: Ting-Lu
|-immune|p1a: Ting-Lu
|
|-weather|Snowscape|[upkeep]
|-heal|p1a: Ting-Lu|84/100|[from] item: Leftovers
|upkeep
|turn|18
|
|t:|1760432930
|switch|p2a: Corviknight|Corviknight, F|100/100
|switch|p1a: Slowking|Slowking-Galar, M|100/100 brn
|
|-weather|Snowscape|[upkeep]
|-damage|p1a: Slowking|94/100 brn|[from] brn
|upkeep
|turn|19
|
|t:|1760432937
|move|p2a: Corviknight|Iron Defense|p2a: Corviknight
|-boost|p2a: Corviknight|def|2
|move|p1a: Slowking|Sludge Bomb|p2a: Corviknight
|-immune|p2a: Corviknight
|
|-weather|Snowscape|[upkeep]
|-damage|p1a: Slowking|88/100 brn|[from] brn
|upkeep
|turn|20
|
|t:|1760432952
|switch|p2a: Hoopa|Hoopa-Unbound|100/100
|move|p1a: Slowking|Future Sight|p2a: Hoopa
|-start|p1a: Slowking|move: Future Sight
|
|-weather|none
|-damage|p1a: Slowking|82/100 brn|[from] brn
|upkeep
|turn|21
|
|t:|1760432965
|switch|p1a: Gliscor|Gliscor, M|100/100 tox
|move|p2a: Hoopa|Trick|p1a: Gliscor
|-activate|p2a: Hoopa|move: Trick|[of] p1a: Gliscor
|-item|p1a: Gliscor|Choice Scarf|[from] move: Trick
|-item|p2a: Hoopa|Toxic Orb|[from] move: Trick
|
|-status|p2a: Hoopa|tox|[from] item: Toxic Orb
|upkeep
|turn|22
|
|t:|1760432975
|switch|p1a: Slowking|Slowking-Galar, M|100/100 brn
|switch|p2a: Corviknight|Corviknight, F|100/100
|
|-end|p2a: Corviknight|move: Future Sight
|-resisted|p2a: Corviknight
|-damage|p2a: Corviknight|77/100
|-heal|p2a: Corviknight|83/100|[from] item: Leftovers
|-damage|p1a: Slowking|94/100 brn|[from] brn
|upkeep
|turn|23
|
|t:|1760432980
|switch|p2a: Hoopa|Hoopa-Unbound|100/100 tox
|move|p1a: Slowking|Flamethrower|p2a: Hoopa
|-damage|p2a: Hoopa|79/100 tox
|
|-damage|p2a: Hoopa|73/100 tox|[from] psn
|-damage|p1a: Slowking|88/100 brn|[from] brn
|upkeep
|turn|24
|
|t:|1760432987
|switch|p1a: Gliscor|Gliscor, M|100/100 tox
|move|p2a: Hoopa|Hyperspace Fury|p1a: Gliscor
|-damage|p1a: Gliscor|50/100 tox
|-unboost|p2a: Hoopa|def|1
|
|-heal|p1a: Gliscor|63/100 tox|[from] ability: Poison Heal
|-damage|p2a: Hoopa|61/100 tox|[from] psn
|upkeep
|turn|25
|
|t:|1760432992
|switch|p1a: Slowking|Slowking-Galar, M|100/100 brn
|move|p2a: Hoopa|Trick|p1a: Slowking
|-activate|p2a: Hoopa|move: Trick|[of] p1a: Slowking
|-item|p1a: Slowking|Toxic Orb|[from] move: Trick
|-item|p2a: Hoopa|Heavy-Duty Boots|[from] move: Trick
|
|-damage|p2a: Hoopa|43/100 tox|[from] psn
|-damage|p1a: Slowking|94/100 brn|[from] brn
|upkeep
|turn|26
|
|t:|1760433006
|switch|p2a: Corviknight|Corviknight, F|83/100
|switch|p1a: Gliscor|Gliscor, M|63/100 tox
|
|-heal|p2a: Corviknight|89/100|[from] item: Leftovers
|-heal|p1a: Gliscor|75/100 tox|[from] ability: Poison Heal
|upkeep
|turn|27
|inactive|CodeNumber_X has 120 seconds left.
|
|t:|1760433037
|move|p1a: Gliscor|Earthquake|p2a: Corviknight
|-immune|p2a: Corviknight
|move|p2a: Corviknight|Iron Defense|p2a: Corviknight
|-boost|p2a: Corviknight|def|2
|
|-heal|p2a: Corviknight|96/100|[from] item: Leftovers
|-heal|p1a: Gliscor|88/100 tox|[from] ability: Poison Heal
|upkeep
|turn|28
|
|t:|1760433042
|switch|p1a: Slowking|Slowking-Galar, M|100/100 brn
|switch|p2a: Hoopa|Hoopa-Unbound|43/100 tox
|
|-damage|p2a: Hoopa|37/100 tox|[from] psn
|-damage|p1a: Slowking|94/100 brn|[from] brn
|upkeep
|turn|29
|
|t:|1760433049
|switch|p2a: Rotom|Rotom-Wash|87/100
|switch|p1a: Gliscor|Gliscor, M|88/100 tox
|
|-heal|p1a: Gliscor|99/100 tox|[from] ability: Poison Heal
|upkeep
|turn|30
|
|t:|1760433053
|switch|p1a: Slowking|Slowking-Galar, M|100/100 brn
|move|p2a: Rotom|Volt Switch|p1a: Slowking
|-damage|p1a: Slowking|85/100 brn
|
|t:|1760433059
|switch|p2a: Iron Moth|Iron Moth|100/100|[from] Volt Switch
|
|-damage|p1a: Slowking|78/100 brn|[from] brn
|upkeep
|turn|31
|
|t:|1760433062
|move|p2a: Iron Moth|Flamethrower|p1a: Slowking
|-damage|p1a: Slowking|36/100 brn
|-prepare|p1a: Slowking|Chilly Reception|[premajor]
|move|p1a: Slowking|Chilly Reception|p1a: Slowking
|-weather|Snowscape
|
|t:|1760433073
|switch|p1a: Ting-Lu|Ting-Lu|84/100|[from] Chilly Reception
|-ability|p1a: Ting-Lu|Vessel of Ruin
|
|-weather|Snowscape|[upkeep]
|-heal|p1a: Ting-Lu|90/100|[from] item: Leftovers
|upkeep
|turn|32
|
|t:|1760433078
|move|p2a: Iron Moth|Flamethrower|p1a: Ting-Lu
|-damage|p1a: Ting-Lu|58/100
|move|p1a: Ting-Lu|Earthquake|p2a: Iron Moth
|-supereffective|p2a: Iron Moth
|-damage|p2a: Iron Moth|0 fnt
|faint|p2a: Iron Moth
|-end|p2a: Iron Moth|Quark Drive|[silent]
|
|-weather|Snowscape|[upkeep]
|-heal|p1a: Ting-Lu|64/100|[from] item: Leftovers
|upkeep
|
|t:|1760433083
|switch|p2a: Rotom|Rotom-Wash|87/100
|turn|33
|
|t:|1760433087
|switch|p1a: Slowking|Slowking-Galar, M|69/100 brn
|move|p2a: Rotom|Volt Switch|p1a: Slowking
|-damage|p1a: Slowking|55/100 brn
|
|t:|1760433089
|switch|p2a: Clodsire|Clodsire, F|100/100|[from] Volt Switch
|
|-weather|Snowscape|[upkeep]
|-damage|p1a: Slowking|49/100 brn|[from] brn
|upkeep
|turn|34
|
|t:|1760433091
|switch|p1a: Ting-Lu|Ting-Lu|64/100
|-ability|p1a: Ting-Lu|Vessel of Ruin
|move|p2a: Clodsire|Stealth Rock|p1a: Ting-Lu
|-sidestart|p1: ribena supernova|move: Stealth Rock
|
|-weather|Snowscape|[upkeep]
|-heal|p1a: Ting-Lu|70/100|[from] item: Leftovers
|upkeep
|turn|35
|
|t:|1760433100
|switch|p1a: Gliscor|Gliscor, M|99/100 tox
|-damage|p1a: Gliscor|88/100 tox|[from] Stealth Rock
|move|p2a: Clodsire|Toxic|p1a: Gliscor
|-fail|p1a: Gliscor|tox
|
|-weather|none
|-heal|p1a: Gliscor|99/100 tox|[from] ability: Poison Heal
|upkeep
|turn|36
|
|t:|1760433105
|switch|p1a: Ting-Lu|Ting-Lu|70/100
|-damage|p1a: Ting-Lu|64/100|[from] Stealth Rock
|-ability|p1a: Ting-Lu|Vessel of Ruin
|switch|p2a: Corviknight|Corviknight, F|96/100
|
|-heal|p2a: Corviknight|100/100|[from] item: Leftovers
|-heal|p1a: Ting-Lu|70/100|[from] item: Leftovers
|upkeep
|turn|37
|
|t:|1760433107
|move|p2a: Corviknight|Iron Defense|p2a: Corviknight
|-boost|p2a: Corviknight|def|2
|move|p1a: Ting-Lu|Stealth Rock|p2a: Corviknight
|-sidestart|p2: CodeNumber_X|move: Stealth Rock
|
|-heal|p1a: Ting-Lu|77/100|[from] item: Leftovers
|upkeep
|turn|38
|
|t:|1760433109
|switch|p1a: Slowking|Slowking-Galar, M|82/100 brn
|-damage|p1a: Slowking|70/100 brn|[from] Stealth Rock
|move|p2a: Corviknight|Body Press|p1a: Slowking
|-resisted|p1a: Slowking
|-damage|p1a: Slowking|57/100 brn
|
|-damage|p1a: Slowking|51/100 brn|[from] brn
|upkeep
|turn|39
|l| iamfrhaan007
|
|t:|1760433115
|switch|p2a: Clodsire|Clodsire, F|100/100
|-damage|p2a: Clodsire|94/100|[from] Stealth Rock
|move|p1a: Slowking|Flamethrower|p2a: Clodsire
|-damage|p2a: Clodsire|82/100
|
|-heal|p2a: Clodsire|88/100|[from] item: Leftovers
|-damage|p1a: Slowking|45/100 brn|[from] brn
|upkeep
|turn|40
|
|t:|1760433122
|switch|p1a: Gliscor|Gliscor, M|99/100 tox
|-damage|p1a: Gliscor|88/100 tox|[from] Stealth Rock
|switch|p2a: Corviknight|Corviknight, F|100/100
|-damage|p2a: Corviknight|88/100|[from] Stealth Rock
|
|-heal|p2a: Corviknight|94/100|[from] item: Leftovers
|-heal|p1a: Gliscor|99/100 tox|[from] ability: Poison Heal
|upkeep
|turn|41
|
|t:|1760433124
|switch|p1a: Slowking|Slowking-Galar, M|78/100 brn
|-damage|p1a: Slowking|66/100 brn|[from] Stealth Rock
|move|p2a: Corviknight|Iron Defense|p2a: Corviknight
|-boost|p2a: Corviknight|def|2
|
|-heal|p2a: Corviknight|100/100|[from] item: Leftovers
|-damage|p1a: Slowking|60/100 brn|[from] brn
|upkeep
|turn|42
|
|t:|1760433130
|switch|p2a: Clodsire|Clodsire, F|88/100
|-damage|p2a: Clodsire|82/100|[from] Stealth Rock
|move|p1a: Slowking|Flamethrower|p2a: Clodsire
|-damage|p2a: Clodsire|69/100
|
|-heal|p2a: Clodsire|75/100|[from] item: Leftovers
|-damage|p1a: Slowking|54/100 brn|[from] brn
|upkeep
|turn|43
|
|t:|1760433134
|switch|p1a: Gliscor|Gliscor, M|99/100 tox
|-damage|p1a: Gliscor|88/100 tox|[from] Stealth Rock
|switch|p2a: Rotom|Rotom-Wash|87/100
|-damage|p2a: Rotom|75/100|[from] Stealth Rock
|
|-heal|p1a: Gliscor|99/100 tox|[from] ability: Poison Heal
|upkeep
|turn|44
|
|t:|1760433143
|switch|p1a: Slowking|Slowking-Galar, M|87/100 brn
|-damage|p1a: Slowking|75/100 brn|[from] Stealth Rock
|move|p2a: Rotom|Hydro Pump|p1a: Slowking
|-damage|p1a: Slowking|51/100 brn
|
|-damage|p1a: Slowking|45/100 brn|[from] brn
|upkeep
|turn|45
|
|t:|1760433146
|move|p2a: Rotom|Hydro Pump|p1a: Slowking
|-damage|p1a: Slowking|20/100 brn
|-prepare|p1a: Slowking|Chilly Reception|[premajor]
|move|p1a: Slowking|Chilly Reception|p1a: Slowking
|-weather|Snowscape
|
|t:|1760433153
|switch|p1a: Zamazenta|Zamazenta|31/100|[from] Chilly Reception
|
|-weather|Snowscape|[upkeep]
|upkeep
|turn|46
|
|t:|1760433157
|move|p1a: Zamazenta|Close Combat|p2a: Rotom
|-damage|p2a: Rotom|25/100
|-unboost|p1a: Zamazenta|def|1
|-unboost|p1a: Zamazenta|spd|1
|move|p2a: Rotom|Hydro Pump|p1a: Zamazenta
|-damage|p1a: Zamazenta|0 fnt
|faint|p1a: Zamazenta
|
|-weather|Snowscape|[upkeep]
|upkeep
|
|t:|1760433162
|switch|p1a: Slowking|Slowking-Galar, M|54/100 brn
|-damage|p1a: Slowking|41/100 brn|[from] Stealth Rock
|turn|47
|
|t:|1760433168
|move|p2a: Rotom|Volt Switch|p1a: Slowking
|-damage|p1a: Slowking|26/100 brn
|
|t:|1760433171
|switch|p2a: Clodsire|Clodsire, F|75/100|[from] Volt Switch
|-damage|p2a: Clodsire|69/100|[from] Stealth Rock
|-prepare|p1a: Slowking|Chilly Reception|[premajor]
|move|p1a: Slowking|Chilly Reception|p1a: Slowking
|
|t:|1760433173
|switch|p1a: Ting-Lu|Ting-Lu|77/100|[from] Chilly Reception
|-damage|p1a: Ting-Lu|70/100|[from] Stealth Rock
|-ability|p1a: Ting-Lu|Vessel of Ruin
|
|-weather|Snowscape|[upkeep]
|-heal|p1a: Ting-Lu|77/100|[from] item: Leftovers
|-heal|p2a: Clodsire|75/100|[from] item: Leftovers
|upkeep
|turn|48
|
|t:|1760433177
|switch|p1a: Slowking|Slowking-Galar, M|59/100 brn
|-damage|p1a: Slowking|47/100 brn|[from] Stealth Rock
|switch|p2a: Corviknight|Corviknight, F|100/100
|-damage|p2a: Corviknight|88/100|[from] Stealth Rock
|
|-weather|Snowscape|[upkeep]
|-heal|p2a: Corviknight|94/100|[from] item: Leftovers
|-damage|p1a: Slowking|41/100 brn|[from] brn
|upkeep
|turn|49
|
|t:|1760433184
|switch|p2a: Clodsire|Clodsire, F|75/100
|-damage|p2a: Clodsire|69/100|[from] Stealth Rock
|-prepare|p1a: Slowking|Chilly Reception|[premajor]
|move|p1a: Slowking|Chilly Reception|p1a: Slowking
|
|t:|1760433186
|switch|p1a: Kingambit|Kingambit, F|100/100|[from] Chilly Reception
|-damage|p1a: Kingambit|94/100|[from] Stealth Rock
|-activate|p1a: Kingambit|ability: Supreme Overlord
|-start|p1a: Kingambit|fallen2|[silent]
|
|-weather|none
|-heal|p2a: Clodsire|75/100|[from] item: Leftovers
|upkeep
|turn|50
|
|t:|1760433192
|switch|p2a: Hoopa|Hoopa-Unbound|37/100 tox
|-terastallize|p1a: Kingambit|Dark
|move|p1a: Kingambit|Kowtow Cleave|p2a: Hoopa
|-crit|p2a: Hoopa
|-damage|p2a: Hoopa|0 fnt
|faint|p2a: Hoopa
|
|upkeep
|
|t:|1760433199
|switch|p2a: Rotom|Rotom-Wash|25/100
|-damage|p2a: Rotom|13/100|[from] Stealth Rock
|turn|51
|
|t:|1760433201
|-end|p1a: Kingambit|fallen2|[silent]
|switch|p1a: Slowking|Slowking-Galar, M|74/100 brn
|-damage|p1a: Slowking|61/100 brn|[from] Stealth Rock
|move|p2a: Rotom|Pain Split|p1a: Slowking
|-sethp|p1a: Slowking|36/100 brn|[from] move: Pain Split|[silent]
|-sethp|p2a: Rotom|46/100|[from] move: Pain Split
|
|-damage|p1a: Slowking|29/100 brn|[from] brn
|upkeep
|turn|52
|
|t:|1760433204
|move|p2a: Rotom|Hydro Pump|p1a: Slowking
|-damage|p1a: Slowking|5/100 brn
|-prepare|p1a: Slowking|Chilly Reception|[premajor]
|move|p1a: Slowking|Chilly Reception|p1a: Slowking
|-weather|Snowscape
|
|t:|1760433212
|switch|p1a: Gliscor|Gliscor, M|99/100 tox|[from] Chilly Reception
|-damage|p1a: Gliscor|88/100 tox|[from] Stealth Rock
|
|-weather|Snowscape|[upkeep]
|-heal|p1a: Gliscor|99/100 tox|[from] ability: Poison Heal
|upkeep
|turn|53
|
|t:|1760433215
|move|p1a: Gliscor|Protect|p1a: Gliscor
|-singleturn|p1a: Gliscor|Protect
|move|p2a: Rotom|Hydro Pump|p1a: Gliscor
|-activate|p1a: Gliscor|move: Protect
|
|-weather|Snowscape|[upkeep]
|-heal|p1a: Gliscor|100/100 tox|[from] ability: Poison Heal
|upkeep
|turn|54
|
|t:|1760433232
|switch|p1a: Ting-Lu|Ting-Lu|77/100
|-damage|p1a: Ting-Lu|70/100|[from] Stealth Rock
|-ability|p1a: Ting-Lu|Vessel of Ruin
|move|p2a: Rotom|Will-O-Wisp|p1a: Ting-Lu
|-status|p1a: Ting-Lu|brn
|
|-weather|Snowscape|[upkeep]
|-heal|p1a: Ting-Lu|77/100 brn|[from] item: Leftovers
|-damage|p1a: Ting-Lu|70/100 brn|[from] brn
|upkeep
|turn|55
|
|t:|1760433239
|switch|p1a: Slowking|Slowking-Galar, M|38/100 brn
|-damage|p1a: Slowking|26/100 brn|[from] Stealth Rock
|move|p2a: Rotom|Pain Split|p1a: Slowking
|-sethp|p1a: Slowking|31/100 brn|[from] move: Pain Split|[silent]
|-sethp|p2a: Rotom|40/100|[from] move: Pain Split
|
|-weather|Snowscape|[upkeep]
|-damage|p1a: Slowking|25/100 brn|[from] brn
|upkeep
|turn|56
|
|t:|1760433241
|switch|p1a: Ting-Lu|Ting-Lu|70/100 brn
|-damage|p1a: Ting-Lu|64/100 brn|[from] Stealth Rock
|-ability|p1a: Ting-Lu|Vessel of Ruin
|move|p2a: Rotom|Hydro Pump|p1a: Ting-Lu
|-supereffective|p1a: Ting-Lu
|-damage|p1a: Ting-Lu|30/100 brn
|
|-weather|none
|-heal|p1a: Ting-Lu|36/100 brn|[from] item: Leftovers
|-damage|p1a: Ting-Lu|30/100 brn|[from] brn
|upkeep
|turn|57
|
|t:|1760433245
|move|p2a: Rotom|Hydro Pump|p1a: Ting-Lu
|-supereffective|p1a: Ting-Lu
|-damage|p1a: Ting-Lu|0 fnt
|faint|p1a: Ting-Lu
|
|upkeep
|
|t:|1760433247
|switch|p1a: Slowking|Slowking-Galar, M|58/100 brn
|-damage|p1a: Slowking|45/100 brn|[from] Stealth Rock
|turn|58
|
|t:|1760433254
|move|p2a: Rotom|Volt Switch|p1a: Slowking
|-damage|p1a: Slowking|29/100 brn
|
|t:|1760433256
|switch|p2a: Clodsire|Clodsire, F|75/100|[from] Volt Switch
|-damage|p2a: Clodsire|69/100|[from] Stealth Rock
|-prepare|p1a: Slowking|Chilly Reception|[premajor]
|move|p1a: Slowking|Chilly Reception|p1a: Slowking
|-weather|Snowscape
|
|t:|1760433258
|switch|p1a: Gliscor|Gliscor, M|100/100 tox|[from] Chilly Reception
|-damage|p1a: Gliscor|88/100 tox|[from] Stealth Rock
|
|-weather|Snowscape|[upkeep]
|-heal|p2a: Clodsire|75/100|[from] item: Leftovers
|-heal|p1a: Gliscor|100/100 tox|[from] ability: Poison Heal
|upkeep
|turn|59
|
|t:|1760433262
|switch|p2a: Corviknight|Corviknight, F|94/100
|-damage|p2a: Corviknight|82/100|[from] Stealth Rock
|move|p1a: Gliscor|Earthquake|p2a: Corviknight
|-immune|p2a: Corviknight
|
|-weather|Snowscape|[upkeep]
|-heal|p2a: Corviknight|88/100|[from] item: Leftovers
|upkeep
|turn|60
|
|t:|1760433266
|switch|p1a: Slowking|Slowking-Galar, M|63/100 brn
|-damage|p1a: Slowking|50/100 brn|[from] Stealth Rock
|move|p2a: Corviknight|Iron Defense|p2a: Corviknight
|-boost|p2a: Corviknight|def|2
|
|-weather|Snowscape|[upkeep]
|-heal|p2a: Corviknight|94/100|[from] item: Leftovers
|-damage|p1a: Slowking|44/100 brn|[from] brn
|upkeep
|turn|61
|
|t:|1760433269
|move|p2a: Corviknight|Iron Defense|p2a: Corviknight
|-boost|p2a: Corviknight|def|2
|move|p1a: Slowking|Flamethrower|p2a: Corviknight
|-supereffective|p2a: Corviknight
|-damage|p2a: Corviknight|48/100
|
|-weather|Snowscape|[upkeep]
|-heal|p2a: Corviknight|54/100|[from] item: Leftovers
|-damage|p1a: Slowking|38/100 brn|[from] brn
|upkeep
|turn|62
|
|t:|1760433272
|move|p2a: Corviknight|Body Press|p1a: Slowking
|-resisted|p1a: Slowking
|-damage|p1a: Slowking|16/100 brn
|move|p1a: Slowking|Flamethrower|p2a: Corviknight
|-supereffective|p2a: Corviknight
|-damage|p2a: Corviknight|9/100
|
|-weather|none
|-heal|p2a: Corviknight|16/100|[from] item: Leftovers
|-damage|p1a: Slowking|10/100 brn|[from] brn
|upkeep
|turn|63
|
|t:|1760433278
|move|p2a: Corviknight|Body Press|p1a: Slowking
|-resisted|p1a: Slowking
|-damage|p1a: Slowking|0 fnt
|faint|p1a: Slowking
|
|-heal|p2a: Corviknight|22/100|[from] item: Leftovers
|upkeep
|
|t:|1760433280
|switch|p1a: Kingambit|Kingambit, F, tera:Dark|94/100
|-damage|p1a: Kingambit|82/100|[from] Stealth Rock
|-activate|p1a: Kingambit|ability: Supreme Overlord
|-start|p1a: Kingambit|fallen4|[silent]
|turn|64
|
|t:|1760433283
|move|p1a: Kingambit|Kowtow Cleave|p2a: Corviknight
|-damage|p2a: Corviknight|0 fnt
|faint|p2a: Corviknight
|
|upkeep
|
|t:|1760433289
|switch|p2a: Rotom|Rotom-Wash|40/100
|-damage|p2a: Rotom|27/100|[from] Stealth Rock
|turn|65
|
|t:|1760433291
|move|p2a: Rotom|Pain Split|p1a: Kingambit
|-sethp|p1a: Kingambit|53/100|[from] move: Pain Split|[silent]
|-sethp|p2a: Rotom|59/100|[from] move: Pain Split
|move|p1a: Kingambit|Kowtow Cleave|p2a: Rotom
|-damage|p2a: Rotom|0 fnt
|faint|p2a: Rotom
|
|upkeep
|
|t:|1760433293
|switch|p2a: Clodsire|Clodsire, F|75/100
|-damage|p2a: Clodsire|69/100|[from] Stealth Rock
|turn|66
|c|☆ribena supernova|gg
|-message|CodeNumber_X forfeited.
|
|win|ribena supernova
|raw|ribena supernova's rating: 1573 &rarr; <strong>1591</strong><br />(+18 for winning)
|raw|CodeNumber_X's rating: 1532 &rarr; <strong>1514</strong><br />(-18 for losing)
