|j|☆roommate108
|j|☆Prince_Soowon
|t:|1760456020
|gametype|singles
|player|p1|roommate108|2|1491
|player|p2|Prince_Soowon|maylene|1466
|gen|9
|tier|[Gen 9] OU
|rated|
|rule|HP Percentage Mod: HP is shown in percentages
|rule|Endless Battle Clause: Forcing endless battles is banned
|rule|Species Clause: Limit one of each Pokémon
|rule|OHKO Clause: OHKO moves are banned
|rule|Evasion Items Clause: Evasion items are banned
|rule|Evasion Moves Clause: Evasion moves are banned
|rule|Evasion Abilities Clause: Evasion abilities are banned
|rule|Sleep Moves Clause: Sleep-inducing moves are banned
|clearpoke
|poke|p1|Torkoal, F|
|poke|p1|Raging Bolt|
|poke|p1|Walking Wake|
|poke|p1|Hatterene, F|
|poke|p1|Charizard, M|
|poke|p1|Leavanny, F|
|poke|p2|Landorus-Therian, M|
|poke|p2|Samurott-Hisui, M|
|poke|p2|Gholdengo|
|poke|p2|Ceruledge, M|
|poke|p2|Hatterene, F|
|poke|p2|Heracross, F|
|teampreview
|inactive|Battle timer is ON: inactive players will automatically lose when time's up. (requested by roommate108)
|
|t:|1760456029
|teamsize|p1|6
|teamsize|p2|6
|start
|switch|p1a: Torkoal|Torkoal, F|100/100
|switch|p2a: Samurott|Samurott-Hisui, M|100/100
|-weather|SunnyDay|[from] ability: Drought|[of] p1a: Torkoal
|turn|1
|
|t:|1760456035
|move|p2a: Samurott|Ceaseless Edge|p1a: Torkoal
|-damage|p1a: Torkoal|81/100
|-sidestart|p1: roommate108|Spikes
|move|p1a: Torkoal|Body Press|p2a: Samurott
|-supereffective|p2a: Samurott
|-damage|p2a: Samurott|36/100
|
|-weather|SunnyDay|[upkeep]
|upkeep
|turn|2
|
|t:|1760456049
|move|p2a: Samurott|Ceaseless Edge|p1a: Torkoal
|-damage|p1a: Torkoal|60/100
|-sidestart|p1: roommate108|Spikes
|move|p1a: Torkoal|Rapid Spin|p2a: Samurott
|-damage|p2a: Samurott|27/100
|-boost|p1a: Torkoal|spe|1
|-sideend|p1: roommate108|Spikes|[from] move: Rapid Spin|[of] p1a: Torkoal
|
|-weather|SunnyDay|[upkeep]
|upkeep
|turn|3
|
|t:|1760456059
|move|p2a: Samurott|Ceaseless Edge|p1a: Torkoal
|-damage|p1a: Torkoal|40/100
|-sidestart|p1: roommate108|Spikes
|move|p1a: Torkoal|Body Press|p2a: Samurott
|-supereffective|p2a: Samurott
|-damage|p2a: Samurott|0 fnt
|faint|p2a: Samurott
|
|-weather|SunnyDay|[upkeep]
|upkeep
|
|t:|1760456066
|switch|p2a: Ceruledge|Ceruledge, M|100/100
|turn|4
|
|t:|1760456078
|switch|p1a: Raging Bolt|Raging Bolt|100/100
|-damage|p1a: Raging Bolt|88/100|[from] Spikes
|-activate|p1a: Raging Bolt|ability: Protosynthesis
|-start|p1a: Raging Bolt|protosynthesisspa
|move|p2a: Ceruledge|Swords Dance|p2a: Ceruledge
|-boost|p2a: Ceruledge|atk|2
|
|-weather|SunnyDay|[upkeep]
|upkeep
|turn|5
|
|t:|1760456087
|move|p1a: Raging Bolt|Thunderclap|p2a: Ceruledge
|-damage|p2a: Ceruledge|21/100
|-damage|p1a: Raging Bolt|78/100|[from] item: Life Orb
|move|p2a: Ceruledge|Poltergeist|p1a: Raging Bolt
|-activate|p1a: Raging Bolt|move: Poltergeist|Life Orb
|-damage|p1a: Raging Bolt|0 fnt
|faint|p1a: Raging Bolt
|-end|p1a: Raging Bolt|Protosynthesis|[silent]
|
|-weather|SunnyDay|[upkeep]
|upkeep
|
|t:|1760456092
|switch|p1a: Walking Wake|Walking Wake|100/100
|-damage|p1a: Walking Wake|88/100|[from] Spikes
|-activate|p1a: Walking Wake|ability: Protosynthesis
|-start|p1a: Walking Wake|protosynthesisspe
|turn|6
|
|t:|1760456096
|move|p2a: Ceruledge|Shadow Sneak|p1a: Walking Wake
|-damage|p1a: Walking Wake|41/100
|move|p1a: Walking Wake|Hydro Steam|p2a: Ceruledge
|-supereffective|p2a: Ceruledge
|-damage|p2a: Ceruledge|0 fnt
|faint|p2a: Ceruledge
|
|-weather|SunnyDay|[upkeep]
|upkeep
|
|t:|1760456104
|switch|p2a: Hatterene|Hatterene, F|100/100
|turn|7
|
|t:|1760456110
|-end|p1a: Walking Wake|Protosynthesis|[silent]
|switch|p1a: Charizard|Charizard, M|100/100
|-terastallize|p2a: Hatterene|Water
|move|p2a: Hatterene|Nuzzle|p1a: Charizard
|-supereffective|p1a: Charizard
|-damage|p1a: Charizard|89/100
|-status|p1a: Charizard|par
|
|-weather|SunnyDay|[upkeep]
|-damage|p1a: Charizard|77/100 par|[from] ability: Solar Power|[of] p1a: Charizard
|upkeep
|turn|8
|
|t:|1760456121
|switch|p2a: Heracross|Heracross, F|100/100
|move|p1a: Charizard|Overheat|p2a: Heracross
|-supereffective|p2a: Heracross
|-damage|p2a: Heracross|0 fnt
|-unboost|p1a: Charizard|spa|2
|faint|p2a: Heracross
|
|-weather|none
|upkeep
|
|t:|1760456125
|switch|p2a: Gholdengo|Gholdengo|100/100
|-item|p2a: Gholdengo|Air Balloon
|turn|9
|
|t:|1760456130
|switch|p1a: Torkoal|Torkoal, F|40/100
|-damage|p1a: Torkoal|28/100|[from] Spikes
|-weather|SunnyDay|[from] ability: Drought|[of] p1a: Torkoal
|move|p2a: Gholdengo|Shadow Ball|p1a: Torkoal
|-damage|p1a: Torkoal|0 fnt
|faint|p1a: Torkoal
|
|-weather|SunnyDay|[upkeep]
|upkeep
|
|t:|1760456132
|switch|p1a: Walking Wake|Walking Wake|41/100
|-damage|p1a: Walking Wake|29/100|[from] Spikes
|-activate|p1a: Walking Wake|ability: Protosynthesis
|-start|p1a: Walking Wake|protosynthesisspe
|turn|10
|
|t:|1760456137
|switch|p2a: Hatterene|Hatterene, F, tera:Water|100/100
|-terastallize|p1a: Walking Wake|Water
|move|p1a: Walking Wake|Hydro Steam|p2a: Hatterene
|-resisted|p2a: Hatterene
|-damage|p2a: Hatterene|41/100
|
|-weather|SunnyDay|[upkeep]
|-heal|p2a: Hatterene|47/100|[from] item: Leftovers
|upkeep
|turn|11
|
|t:|1760456140
|move|p1a: Walking Wake|Hydro Steam|p2a: Hatterene
|-resisted|p2a: Hatterene
|-damage|p2a: Hatterene|0 fnt
|faint|p2a: Hatterene
|
|-weather|SunnyDay|[upkeep]
|upkeep
|-message|Prince_Soowon forfeited.
|
|win|roommate108
|raw|roommate108's rating: 1491 &rarr; <strong>1510</strong><br />(+19 for winning)
|raw|Prince_Soowon's rating: 1466 &rarr; <strong>1447</strong><br />(-19 for losing)
|l|☆Prince_Soowon
|player|p2|
|l|☆roommate108
|player|p1|
