|j|☆caterpeace
|j|☆mastermind_mohit
|t:|1760372565
|gametype|singles
|player|p1|caterpeace|marshal|1055
|player|p2|mastermind_mohit|swimmerf-gen4dp|1087
|gen|9
|tier|[Gen 9] OU
|rated|
|rule|HP Percentage Mod: HP is shown in percentages
|rule|Endless Battle Clause: Forcing endless battles is banned
|rule|Species Clause: Limit one of each Pokémon
|rule|OHKO Clause: OHKO moves are banned
|rule|Evasion Items Clause: Evasion items are banned
|rule|Evasion Moves Clause: Evasion moves are banned
|rule|Evasion Abilities Clause: Evasion abilities are banned
|rule|Sleep Moves Clause: Sleep-inducing moves are banned
|clearpoke
|poke|p1|Floatzel, F|
|poke|p1|Vespiquen, F|
|poke|p1|Rotom-Mow|
|poke|p1|Pecharunt|
|poke|p1|Enamorus, F|
|poke|p1|Corviknight, F|
|poke|p2|Necrozma|
|poke|p2|Enamorus-Therian, F|
|poke|p2|Thundurus-Therian, M|
|poke|p2|Landorus-Therian, M|
|poke|p2|Corviknight, F|
|poke|p2|Cobalion|
|teampreview
|inactive|Battle timer is ON: inactive players will automatically lose when time's up. (requested by caterpeace)
|
|t:|1760372575
|teamsize|p1|6
|teamsize|p2|6
|start
|switch|p1a: Vespiquen|Vespiquen, F, shiny|100/100
|switch|p2a: Cobalion|Cobalion|100/100
|-ability|p1a: Vespiquen|Pressure
|turn|1
|
|t:|1760372584
|move|p2a: Cobalion|Close Combat|p1a: Vespiquen
|-resisted|p1a: Vespiquen
|-damage|p1a: Vespiquen|87/100
|-unboost|p2a: Cobalion|def|1
|-unboost|p2a: Cobalion|spd|1
|move|p1a: Vespiquen|Defend Order|p1a: Vespiquen
|-boost|p1a: Vespiquen|def|1
|-boost|p1a: Vespiquen|spd|1
|
|upkeep
|turn|2
|
|t:|1760372596
|switch|p2a: Enamorus|Enamorus-Therian, F|100/100
|move|p1a: Vespiquen|Defend Order|p1a: Vespiquen
|-boost|p1a: Vespiquen|def|1
|-boost|p1a: Vespiquen|spd|1
|
|upkeep
|turn|3
|
|t:|1760372605
|move|p2a: Enamorus|Draining Kiss|p1a: Vespiquen
|-damage|p1a: Vespiquen|73/100
|move|p1a: Vespiquen|Defend Order|p1a: Vespiquen
|-boost|p1a: Vespiquen|def|1
|-boost|p1a: Vespiquen|spd|1
|
|upkeep
|turn|4
|
|t:|1760372613
|move|p2a: Enamorus|Moonblast|p1a: Vespiquen
|-damage|p1a: Vespiquen|53/100
|-unboost|p1a: Vespiquen|spa|1
|move|p1a: Vespiquen|Defend Order|p1a: Vespiquen
|-boost|p1a: Vespiquen|def|1
|-boost|p1a: Vespiquen|spd|1
|
|upkeep
|turn|5
|
|t:|1760372622
|switch|p2a: Thundurus|Thundurus-Therian, M|100/100
|move|p1a: Vespiquen|Roost|p1a: Vespiquen
|-heal|p1a: Vespiquen|100/100
|-singleturn|p1a: Vespiquen|move: Roost
|
|upkeep
|turn|6
|
|t:|1760372631
|move|p2a: Thundurus|Thunderbolt|p1a: Vespiquen
|-supereffective|p1a: Vespiquen
|-damage|p1a: Vespiquen|64/100
|move|p1a: Vespiquen|Defend Order|p1a: Vespiquen
|-boost|p1a: Vespiquen|def|1
|-boost|p1a: Vespiquen|spd|1
|
|upkeep
|turn|7
|
|t:|1760372639
|-terastallize|p2a: Thundurus|Electric
|move|p2a: Thundurus|Thunderbolt|p1a: Vespiquen
|-supereffective|p1a: Vespiquen
|-damage|p1a: Vespiquen|27/100
|move|p1a: Vespiquen|Roost|p1a: Vespiquen
|-heal|p1a: Vespiquen|77/100
|-singleturn|p1a: Vespiquen|move: Roost
|
|upkeep
|turn|8
|
|t:|1760372651
|move|p2a: Thundurus|Supercell Slam|p1a: Vespiquen
|-supereffective|p1a: Vespiquen
|-damage|p1a: Vespiquen|46/100
|move|p1a: Vespiquen|Roost|p1a: Vespiquen
|-heal|p1a: Vespiquen|96/100
|-singleturn|p1a: Vespiquen|move: Roost
|
|upkeep
|turn|9
|
|t:|1760372660
|move|p2a: Thundurus|Dark Pulse|p1a: Vespiquen
|-damage|p1a: Vespiquen|88/100
|move|p1a: Vespiquen|Defend Order|p1a: Vespiquen
|-boost|p1a: Vespiquen|def|1
|-boost|p1a: Vespiquen|spd|1
|
|upkeep
|turn|10
|
|t:|1760372668
|switch|p2a: Corviknight|Corviknight, F|100/100
|move|p1a: Vespiquen|Fell Stinger|p2a: Corviknight
|-resisted|p2a: Corviknight
|-damage|p2a: Corviknight|98/100
|
|upkeep
|turn|11
|
|t:|1760372675
|move|p2a: Corviknight|Brave Bird|p1a: Vespiquen
|-supereffective|p1a: Vespiquen
|-damage|p1a: Vespiquen|63/100
|-damage|p2a: Corviknight|92/100|[from] Recoil
|move|p1a: Vespiquen|Dual Wingbeat|p2a: Corviknight
|-resisted|p2a: Corviknight
|-damage|p2a: Corviknight|86/100
|-resisted|p2a: Corviknight
|-damage|p2a: Corviknight|82/100
|-hitcount|p2a: Corviknight|2
|
|upkeep
|turn|12
|
|t:|1760372696
|switch|p2a: Cobalion|Cobalion|100/100
|move|p1a: Vespiquen|Roost|p1a: Vespiquen
|-heal|p1a: Vespiquen|100/100
|-singleturn|p1a: Vespiquen|move: Roost
|
|upkeep
|turn|13
|
|t:|1760372707
|move|p2a: Cobalion|Close Combat|p1a: Vespiquen
|-resisted|p1a: Vespiquen
|-damage|p1a: Vespiquen|98/100
|-unboost|p2a: Cobalion|def|1
|-unboost|p2a: Cobalion|spd|1
|move|p1a: Vespiquen|Dual Wingbeat|p2a: Cobalion
|-damage|p2a: Cobalion|87/100
|-damage|p2a: Cobalion|73/100
|-hitcount|p2a: Cobalion|2
|
|upkeep
|turn|14
|
|t:|1760372719
|switch|p2a: Necrozma|Necrozma, shiny|100/100
|move|p1a: Vespiquen|Dual Wingbeat|p2a: Necrozma
|-damage|p2a: Necrozma|91/100
|-crit|p2a: Necrozma
|-damage|p2a: Necrozma|77/100
|-hitcount|p2a: Necrozma|2
|
|upkeep
|turn|15
|
|t:|1760372728
|move|p2a: Necrozma|Prismatic Laser|p1a: Vespiquen
|-damage|p1a: Vespiquen|76/100
|-mustrecharge|p2a: Necrozma
|move|p1a: Vespiquen|Fell Stinger|p2a: Necrozma
|-supereffective|p2a: Necrozma
|-damage|p2a: Necrozma|58/100
|
|upkeep
|turn|16
|
|t:|1760372737
|cant|p2a: Necrozma|recharge
|move|p1a: Vespiquen|Fell Stinger|p2a: Necrozma
|-supereffective|p2a: Necrozma
|-damage|p2a: Necrozma|39/100
|
|upkeep
|turn|17
|
|t:|1760372744
|move|p2a: Necrozma|Morning Sun|p2a: Necrozma
|-heal|p2a: Necrozma|89/100
|move|p1a: Vespiquen|Roost|p1a: Vespiquen
|-heal|p1a: Vespiquen|100/100
|-singleturn|p1a: Vespiquen|move: Roost
|
|upkeep
|turn|18
|
|t:|1760372756
|move|p2a: Necrozma|Photon Geyser|p1a: Vespiquen
|-damage|p1a: Vespiquen|88/100
|move|p1a: Vespiquen|Dual Wingbeat|p2a: Necrozma
|-damage|p2a: Necrozma|78/100
|-damage|p2a: Necrozma|68/100
|-hitcount|p2a: Necrozma|2
|
|upkeep
|turn|19
|
|t:|1760372769
|move|p2a: Necrozma|Morning Sun|p2a: Necrozma
|-heal|p2a: Necrozma|100/100
|move|p1a: Vespiquen|Dual Wingbeat|p2a: Necrozma
|-damage|p2a: Necrozma|91/100
|-damage|p2a: Necrozma|80/100
|-hitcount|p2a: Necrozma|2
|
|upkeep
|turn|20
|
|t:|1760372778
|move|p2a: Necrozma|Morning Sun|p2a: Necrozma
|-heal|p2a: Necrozma|100/100
|move|p1a: Vespiquen|Fell Stinger|p2a: Necrozma
|-supereffective|p2a: Necrozma
|-damage|p2a: Necrozma|82/100
|
|upkeep
|turn|21
|
|t:|1760372785
|move|p2a: Necrozma|Morning Sun|p2a: Necrozma
|-heal|p2a: Necrozma|100/100
|move|p1a: Vespiquen|Fell Stinger|p2a: Necrozma
|-supereffective|p2a: Necrozma
|-damage|p2a: Necrozma|80/100
|
|upkeep
|turn|22
|
|t:|1760372793
|move|p2a: Necrozma|Morning Sun|p2a: Necrozma
|-heal|p2a: Necrozma|100/100
|move|p1a: Vespiquen|Fell Stinger|p2a: Necrozma
|-supereffective|p2a: Necrozma
|-crit|p2a: Necrozma
|-damage|p2a: Necrozma|71/100
|
|upkeep
|turn|23
|
|t:|1760372802
|move|p2a: Necrozma|Morning Sun|p2a: Necrozma
|-heal|p2a: Necrozma|100/100
|move|p1a: Vespiquen|Fell Stinger|p2a: Necrozma
|-supereffective|p2a: Necrozma
|-damage|p2a: Necrozma|81/100
|
|upkeep
|turn|24
|
|t:|1760372809
|move|p2a: Necrozma|Morning Sun|p2a: Necrozma
|-heal|p2a: Necrozma|100/100
|move|p1a: Vespiquen|Fell Stinger|p2a: Necrozma
|-supereffective|p2a: Necrozma
|-damage|p2a: Necrozma|81/100
|
|upkeep
|turn|25
|
|t:|1760372817
|move|p2a: Necrozma|Morning Sun|p2a: Necrozma
|-heal|p2a: Necrozma|100/100
|move|p1a: Vespiquen|Fell Stinger|p2a: Necrozma
|-supereffective|p2a: Necrozma
|-damage|p2a: Necrozma|83/100
|
|upkeep
|turn|26
|
|t:|1760372838
|switch|p2a: Landorus|Landorus-Therian, M, shiny|100/100
|-ability|p2a: Landorus|Intimidate|boost
|-unboost|p1a: Vespiquen|atk|1
|move|p1a: Vespiquen|Fell Stinger|p2a: Landorus
|-resisted|p2a: Landorus
|-damage|p2a: Landorus|96/100
|
|upkeep
|turn|27
|
|t:|1760372848
|move|p2a: Landorus|Stealth Rock|p1a: Vespiquen
|-sidestart|p1: caterpeace|move: Stealth Rock
|move|p1a: Vespiquen|Fell Stinger|p2a: Landorus
|-resisted|p2a: Landorus
|-damage|p2a: Landorus|91/100
|
|upkeep
|turn|28
|
|t:|1760372856
|move|p2a: Landorus|Earth Power|p1a: Vespiquen
|-immune|p1a: Vespiquen
|move|p1a: Vespiquen|Dual Wingbeat|p2a: Landorus
|-damage|p2a: Landorus|83/100
|-damage|p2a: Landorus|75/100
|-hitcount|p2a: Landorus|2
|
|upkeep
|turn|29
|
|t:|1760372866
|move|p2a: Landorus|Giga Impact|p1a: Vespiquen
|-damage|p1a: Vespiquen|77/100
|-mustrecharge|p2a: Landorus
|move|p1a: Vespiquen|Dual Wingbeat|p2a: Landorus
|-damage|p2a: Landorus|68/100
|-damage|p2a: Landorus|60/100
|-hitcount|p2a: Landorus|2
|
|upkeep
|turn|30
|
|t:|1760372875
|cant|p2a: Landorus|recharge
|move|p1a: Vespiquen|Dual Wingbeat|p2a: Landorus
|-damage|p2a: Landorus|53/100
|-damage|p2a: Landorus|44/100
|-hitcount|p2a: Landorus|2
|
|upkeep
|turn|31
|
|t:|1760372889
|switch|p2a: Enamorus|Enamorus-Therian, F|100/100
|move|p1a: Vespiquen|Dual Wingbeat|p2a: Enamorus
|-damage|p2a: Enamorus|94/100
|-damage|p2a: Enamorus|86/100
|-hitcount|p2a: Enamorus|2
|
|upkeep
|turn|32
|
|t:|1760372903
|move|p2a: Enamorus|Dazzling Gleam|p1a: Vespiquen
|-damage|p1a: Vespiquen|68/100
|move|p1a: Vespiquen|Dual Wingbeat|p2a: Enamorus
|-damage|p2a: Enamorus|79/100
|-damage|p2a: Enamorus|72/100
|-hitcount|p2a: Enamorus|2
|
|upkeep
|turn|33
|
|t:|1760372912
|move|p2a: Enamorus|Draining Kiss|p1a: Vespiquen
|-damage|p1a: Vespiquen|61/100
|-heal|p2a: Enamorus|76/100|[from] drain|[of] p1a: Vespiquen
|move|p1a: Vespiquen|Dual Wingbeat|p2a: Enamorus
|-damage|p2a: Enamorus|69/100
|-damage|p2a: Enamorus|61/100
|-hitcount|p2a: Enamorus|2
|
|upkeep
|turn|34
|inactive|caterpeace has 120 seconds left.
|
|t:|1760372971
|move|p2a: Enamorus|Draining Kiss|p1a: Vespiquen
|-damage|p1a: Vespiquen|54/100
|-heal|p2a: Enamorus|65/100|[from] drain|[of] p1a: Vespiquen
|move|p1a: Vespiquen|Dual Wingbeat|p2a: Enamorus
|-damage|p2a: Enamorus|58/100
|-damage|p2a: Enamorus|51/100
|-hitcount|p2a: Enamorus|2
|
|upkeep
|turn|35
|
|t:|1760372982
|move|p2a: Enamorus|Fairy Wind|p1a: Vespiquen
|-damage|p1a: Vespiquen|49/100
|move|p1a: Vespiquen|Roost|p1a: Vespiquen
|-heal|p1a: Vespiquen|99/100
|-singleturn|p1a: Vespiquen|move: Roost
|
|upkeep
|turn|36
|
|t:|1760372991
|move|p2a: Enamorus|Draining Kiss|p1a: Vespiquen
|-damage|p1a: Vespiquen|92/100
|-heal|p2a: Enamorus|55/100|[from] drain|[of] p1a: Vespiquen
|move|p1a: Vespiquen|Fell Stinger|p2a: Enamorus
|-resisted|p2a: Enamorus
|-damage|p2a: Enamorus|53/100
|
|upkeep
|turn|37
|
|t:|1760372999
|move|p2a: Enamorus|Draining Kiss|p1a: Vespiquen
|-damage|p1a: Vespiquen|86/100
|-heal|p2a: Enamorus|57/100|[from] drain|[of] p1a: Vespiquen
|move|p1a: Vespiquen|Fell Stinger|p2a: Enamorus
|-resisted|p2a: Enamorus
|-damage|p2a: Enamorus|55/100
|
|upkeep
|turn|38
|
|t:|1760373007
|move|p2a: Enamorus|Draining Kiss|p1a: Vespiquen
|-damage|p1a: Vespiquen|79/100
|-heal|p2a: Enamorus|59/100|[from] drain|[of] p1a: Vespiquen
|move|p1a: Vespiquen|Dual Wingbeat|p2a: Enamorus
|-damage|p2a: Enamorus|52/100
|-crit|p2a: Enamorus
|-damage|p2a: Enamorus|37/100
|-hitcount|p2a: Enamorus|2
|
|upkeep
|turn|39
|inactive|caterpeace has 120 seconds left.
|
|t:|1760373018
|move|p2a: Enamorus|Draining Kiss|p1a: Vespiquen
|-damage|p1a: Vespiquen|71/100
|-heal|p2a: Enamorus|42/100|[from] drain|[of] p1a: Vespiquen
|move|p1a: Vespiquen|Fell Stinger|p2a: Enamorus
|-resisted|p2a: Enamorus
|-damage|p2a: Enamorus|40/100
|
|upkeep
|turn|40
|
|t:|1760373027
|move|p2a: Enamorus|Draining Kiss|p1a: Vespiquen
|-damage|p1a: Vespiquen|64/100
|-heal|p2a: Enamorus|45/100|[from] drain|[of] p1a: Vespiquen
|move|p1a: Vespiquen|Fell Stinger|p2a: Enamorus
|-resisted|p2a: Enamorus
|-damage|p2a: Enamorus|43/100
|
|upkeep
|turn|41
|
|t:|1760373038
|move|p2a: Enamorus|Moonblast|p1a: Vespiquen
|-damage|p1a: Vespiquen|50/100
|move|p1a: Vespiquen|Fell Stinger|p2a: Enamorus
|-resisted|p2a: Enamorus
|-damage|p2a: Enamorus|41/100
|
|upkeep
|turn|42
|
|t:|1760373046
|move|p2a: Enamorus|Moonblast|p1a: Vespiquen
|-damage|p1a: Vespiquen|37/100
|move|p1a: Vespiquen|Fell Stinger|p2a: Enamorus
|-resisted|p2a: Enamorus
|-damage|p2a: Enamorus|39/100
|
|upkeep
|turn|43
|
|t:|1760373053
|move|p2a: Enamorus|Moonblast|p1a: Vespiquen
|-damage|p1a: Vespiquen|25/100
|-unboost|p1a: Vespiquen|spa|1
|move|p1a: Vespiquen|Roost|p1a: Vespiquen
|-heal|p1a: Vespiquen|75/100
|-singleturn|p1a: Vespiquen|move: Roost
|
|upkeep
|turn|44
|
|t:|1760373063
|move|p2a: Enamorus|Moonblast|p1a: Vespiquen
|-damage|p1a: Vespiquen|63/100
|move|p1a: Vespiquen|Roost|p1a: Vespiquen
|-heal|p1a: Vespiquen|100/100
|-singleturn|p1a: Vespiquen|move: Roost
|
|upkeep
|turn|45
|
|t:|1760373074
|move|p2a: Enamorus|Moonblast|p1a: Vespiquen
|-damage|p1a: Vespiquen|87/100
|-unboost|p1a: Vespiquen|spa|1
|move|p1a: Vespiquen|Dual Wingbeat|p2a: Enamorus
|-damage|p2a: Enamorus|31/100
|-damage|p2a: Enamorus|24/100
|-hitcount|p2a: Enamorus|2
|
|upkeep
|turn|46
|
|t:|1760373085
|move|p2a: Enamorus|Dazzling Gleam|p1a: Vespiquen
|-damage|p1a: Vespiquen|77/100
|move|p1a: Vespiquen|Dual Wingbeat|p2a: Enamorus
|-damage|p2a: Enamorus|17/100
|-damage|p2a: Enamorus|10/100
|-hitcount|p2a: Enamorus|2
|
|upkeep
|turn|47
|
|t:|1760373094
|move|p2a: Enamorus|Fairy Wind|p1a: Vespiquen
|-damage|p1a: Vespiquen|72/100
|move|p1a: Vespiquen|Fell Stinger|p2a: Enamorus
|-resisted|p2a: Enamorus
|-damage|p2a: Enamorus|8/100
|
|upkeep
|turn|48
|
|t:|1760373101
|move|p2a: Enamorus|Moonblast|p1a: Vespiquen
|-damage|p1a: Vespiquen|58/100
|-unboost|p1a: Vespiquen|spa|1
|move|p1a: Vespiquen|Fell Stinger|p2a: Enamorus
|-resisted|p2a: Enamorus
|-damage|p2a: Enamorus|6/100
|
|upkeep
|turn|49
|
|t:|1760373110
|move|p2a: Enamorus|Moonblast|p1a: Vespiquen
|-crit|p1a: Vespiquen
|-damage|p1a: Vespiquen|0 fnt
|faint|p1a: Vespiquen
|
|upkeep
|
|t:|1760373139
|switch|p1a: Pecharunt|Pecharunt|100/100
|-damage|p1a: Pecharunt|88/100|[from] Stealth Rock
|-item|p1a: Pecharunt|Air Balloon
|turn|50
|
|t:|1760373146
|move|p1a: Pecharunt|Shadow Ball|p2a: Enamorus
|-damage|p2a: Enamorus|0 fnt
|faint|p2a: Enamorus
|
|upkeep
|
|t:|1760373157
|switch|p2a: Necrozma|Necrozma, shiny|83/100
|turn|51
|
|t:|1760373164
|switch|p1a: Corviknight|Corviknight, F|100/100
|-damage|p1a: Corviknight|88/100|[from] Stealth Rock
|move|p2a: Necrozma|Photon Geyser|p1a: Corviknight
|-resisted|p1a: Corviknight
|-damage|p1a: Corviknight|61/100
|
|upkeep
|turn|52
|
|t:|1760373177
|switch|p2a: Corviknight|Corviknight, F|82/100
|move|p1a: Corviknight|Roost|p1a: Corviknight
|-heal|p1a: Corviknight|100/100
|-singleturn|p1a: Corviknight|move: Roost
|
|upkeep
|turn|53
|
|t:|1760373186
|move|p2a: Corviknight|Flash Cannon|p1a: Corviknight
|-resisted|p1a: Corviknight
|-damage|p1a: Corviknight|91/100
|move|p1a: Corviknight|Defog|p2a: Corviknight
|-ability|p2a: Corviknight|Mirror Armor
|-unboost|p1a: Corviknight|evasion|1
|-sideend|p1: caterpeace|Stealth Rock|[from] move: Defog|[of] p1a: Corviknight
|
|upkeep
|turn|54
|inactive|mastermind_mohit has 120 seconds left.
|
|t:|1760373220
|switch|p2a: Thundurus|Thundurus-Therian, M, tera:Electric|100/100
|switch|p1a: Rotom|Rotom-Mow|100/100
|
|upkeep
|turn|55
|
|t:|1760373229
|move|p2a: Thundurus|Thunderbolt|p1a: Rotom
|-resisted|p1a: Rotom
|-damage|p1a: Rotom|89/100
|move|p1a: Rotom|Leaf Storm|p2a: Thundurus|[miss]
|-miss|p1a: Rotom|p2a: Thundurus
|
|upkeep
|turn|56
|
|t:|1760373238
|move|p2a: Thundurus|Supercell Slam|p1a: Rotom
|-resisted|p1a: Rotom
|-damage|p1a: Rotom|69/100
|move|p1a: Rotom|Leaf Storm|p2a: Thundurus
|-damage|p2a: Thundurus|35/100
|-unboost|p1a: Rotom|spa|2
|
|upkeep
|turn|57
|
|t:|1760373248
|switch|p2a: Landorus|Landorus-Therian, M, shiny|44/100
|-ability|p2a: Landorus|Intimidate|boost
|-unboost|p1a: Rotom|atk|1
|move|p1a: Rotom|Leaf Storm|p2a: Landorus
|-damage|p2a: Landorus|12/100
|-unboost|p1a: Rotom|spa|2
|
|upkeep
|turn|58
|
|t:|1760373260
|move|p2a: Landorus|Stealth Rock|p1a: Rotom
|-sidestart|p1: caterpeace|move: Stealth Rock
|move|p1a: Rotom|Foul Play|p2a: Landorus
|-damage|p2a: Landorus|0 fnt
|faint|p2a: Landorus
|
|upkeep
|
|t:|1760373267
|switch|p2a: Cobalion|Cobalion|73/100
|turn|59
|
|t:|1760373272
|switch|p1a: Corviknight|Corviknight, F|91/100
|-damage|p1a: Corviknight|78/100|[from] Stealth Rock
|move|p2a: Cobalion|Close Combat|p1a: Corviknight
|-damage|p1a: Corviknight|45/100
|-unboost|p2a: Cobalion|def|1
|-unboost|p2a: Cobalion|spd|1
|
|upkeep
|turn|60
|
|t:|1760373282
|move|p2a: Cobalion|Close Combat|p1a: Corviknight
|-damage|p1a: Corviknight|17/100
|-unboost|p2a: Cobalion|def|1
|-unboost|p2a: Cobalion|spd|1
|move|p1a: Corviknight|Roost|p1a: Corviknight
|-heal|p1a: Corviknight|67/100
|-singleturn|p1a: Corviknight|move: Roost
|
|upkeep
|turn|61
|
|t:|1760373292
|move|p2a: Cobalion|Close Combat|p1a: Corviknight
|-damage|p1a: Corviknight|37/100
|-unboost|p2a: Cobalion|def|1
|-unboost|p2a: Cobalion|spd|1
|move|p1a: Corviknight|Body Press|p2a: Cobalion
|-supereffective|p2a: Cobalion
|-damage|p2a: Cobalion|0 fnt
|faint|p2a: Cobalion
|
|upkeep
|
|t:|1760373310
|switch|p2a: Thundurus|Thundurus-Therian, M, tera:Electric|35/100
|turn|62
|
|t:|1760373321
|switch|p1a: Rotom|Rotom-Mow|69/100
|-damage|p1a: Rotom|56/100|[from] Stealth Rock
|move|p2a: Thundurus|Supercell Slam|p1a: Rotom
|-resisted|p1a: Rotom
|-damage|p1a: Rotom|33/100
|
|upkeep
|turn|63
|
|t:|1760373331
|move|p2a: Thundurus|Supercell Slam|p1a: Rotom
|-resisted|p1a: Rotom
|-damage|p1a: Rotom|13/100
|move|p1a: Rotom|Leaf Storm|p2a: Thundurus
|-damage|p2a: Thundurus|0 fnt
|-unboost|p1a: Rotom|spa|2
|faint|p2a: Thundurus
|
|upkeep
|
|t:|1760373341
|switch|p2a: Corviknight|Corviknight, F|82/100
|turn|64
|
|t:|1760373346
|move|p1a: Rotom|Volt Switch|p2a: Corviknight
|-supereffective|p2a: Corviknight
|-damage|p2a: Corviknight|50/100
|
|t:|1760373350
|switch|p1a: Corviknight|Corviknight, F|37/100|[from] Volt Switch
|-damage|p1a: Corviknight|24/100|[from] Stealth Rock
|move|p2a: Corviknight|Flash Cannon|p1a: Corviknight
|-resisted|p1a: Corviknight
|-damage|p1a: Corviknight|16/100
|
|upkeep
|turn|65
|
|t:|1760373361
|move|p2a: Corviknight|Iron Head|p1a: Corviknight
|-resisted|p1a: Corviknight
|-damage|p1a: Corviknight|8/100
|move|p1a: Corviknight|Defog|p2a: Corviknight
|-ability|p2a: Corviknight|Mirror Armor
|-unboost|p1a: Corviknight|evasion|1
|-sideend|p1: caterpeace|Stealth Rock|[from] move: Defog|[of] p1a: Corviknight
|
|upkeep
|turn|66
|
|t:|1760373370
|move|p2a: Corviknight|Iron Head|p1a: Corviknight
|-resisted|p1a: Corviknight
|-damage|p1a: Corviknight|0 fnt
|faint|p1a: Corviknight
|
|upkeep
|
|t:|1760373374
|switch|p1a: Rotom|Rotom-Mow|13/100
|turn|67
|
|t:|1760373380
|move|p1a: Rotom|Discharge|p2a: Corviknight
|-supereffective|p2a: Corviknight
|-damage|p2a: Corviknight|0 fnt
|faint|p2a: Corviknight
|
|upkeep
|
|t:|1760373386
|switch|p2a: Necrozma|Necrozma, shiny|83/100
|turn|68
|
|t:|1760373393
|move|p1a: Rotom|Discharge|p2a: Necrozma
|-damage|p2a: Necrozma|53/100
|move|p2a: Necrozma|Dark Pulse|p1a: Rotom
|-damage|p1a: Rotom|0 fnt
|faint|p1a: Rotom
|
|upkeep
|
|t:|1760373406
|switch|p1a: Pecharunt|Pecharunt|88/100
|-item|p1a: Pecharunt|Air Balloon
|turn|69
|
|t:|1760373412
|move|p1a: Pecharunt|Toxic|p2a: Necrozma
|-status|p2a: Necrozma|tox
|-start|p2a: Necrozma|confusion|[from] ability: Poison Puppeteer|[of] p1a: Pecharunt
|-activate|p2a: Necrozma|confusion
|-damage|p2a: Necrozma|45/100 tox|[from] confusion
|
|-damage|p2a: Necrozma|39/100 tox|[from] psn
|upkeep
|turn|70
|
|t:|1760373422
|move|p1a: Pecharunt|Parting Shot|p2a: Necrozma
|-unboost|p2a: Necrozma|atk|1
|-unboost|p2a: Necrozma|spa|1
|
|t:|1760373426
|switch|p1a: Floatzel|Floatzel, F|100/100|[from] Parting Shot
|-activate|p2a: Necrozma|confusion
|move|p2a: Necrozma|Photon Geyser|p1a: Floatzel
|-damage|p1a: Floatzel|37/100
|
|-damage|p2a: Necrozma|27/100 tox|[from] psn
|upkeep
|turn|71
|
|t:|1760373439
|move|p1a: Floatzel|Wave Crash|p2a: Necrozma
|-damage|p2a: Necrozma|0 fnt
|faint|p2a: Necrozma
|-damage|p1a: Floatzel|25/100|[from] Recoil
|
|win|caterpeace
|raw|caterpeace's rating: 1055 &rarr; <strong>1090</strong><br />(+35 for winning)
|raw|mastermind_mohit's rating: 1087 &rarr; <strong>1062</strong><br />(-25 for losing)
|l|☆caterpeace
|player|p1|
|l|☆mastermind_mohit
|player|p2|
