|j|☆OUMonster2341
|j|☆NoFishNoLife
|t:|1760438588
|gametype|singles
|player|p1|OUMonster2341|101|1275
|player|p2|NoFishNoLife|fisherman-gen4|1275
|gen|9
|tier|[Gen 9] OU
|rated|
|rule|HP Percentage Mod: HP is shown in percentages
|rule|Endless Battle Clause: Forcing endless battles is banned
|rule|Species Clause: Limit one of each Pokémon
|rule|OHKO Clause: OHKO moves are banned
|rule|Evasion Items Clause: Evasion items are banned
|rule|Evasion Moves Clause: Evasion moves are banned
|rule|Evasion Abilities Clause: Evasion abilities are banned
|rule|Sleep Moves Clause: Sleep-inducing moves are banned
|clearpoke
|poke|p1|Raichu-Alola, F|
|poke|p1|Pincurchin, M|
|poke|p1|Weavile, F|
|poke|p1|Hawlucha, M|
|poke|p1|Raging Bolt|
|poke|p1|Great Tusk|
|poke|p2|Volcanion|
|poke|p2|Rabsca, F|
|poke|p2|Ditto|
|poke|p2|Clefable, M|
|poke|p2|Hoopa-Unbound|
|poke|p2|Cloyster, F|
|teampreview
|inactive|Battle timer is ON: inactive players will automatically lose when time's up. (requested by OUMonster2341)
|
|t:|1760438605
|teamsize|p1|6
|teamsize|p2|6
|start
|switch|p1a: Great Tusk|Great Tusk|100/100
|switch|p2a: Fish|Volcanion|100/100
|-enditem|p1a: Great Tusk|Booster Energy
|-activate|p1a: Great Tusk|ability: Protosynthesis|[fromitem]
|-start|p1a: Great Tusk|protosynthesisspe
|turn|1
|
|t:|1760438619
|move|p1a: Great Tusk|Bulk Up|p1a: Great Tusk
|-boost|p1a: Great Tusk|atk|1
|-boost|p1a: Great Tusk|def|1
|move|p2a: Fish|Steam Eruption|p1a: Great Tusk
|-supereffective|p1a: Great Tusk
|-damage|p1a: Great Tusk|0 fnt
|faint|p1a: Great Tusk
|-end|p1a: Great Tusk|Protosynthesis|[silent]
|
|upkeep
|
|t:|1760438629
|switch|p1a: Pincurchin|Pincurchin, M|100/100
|-fieldstart|move: Electric Terrain|[from] ability: Electric Surge|[of] p1a: Pincurchin
|turn|2
|
|t:|1760438637
|move|p2a: Fish|Earth Power|p1a: Pincurchin
|-supereffective|p1a: Pincurchin
|-damage|p1a: Pincurchin|13/100
|move|p1a: Pincurchin|Toxic Spikes|p2a: Fish
|-sidestart|p2: NoFishNoLife|move: Toxic Spikes
|
|upkeep
|turn|3
|
|t:|1760438645
|move|p2a: Fish|Steam Eruption|p1a: Pincurchin
|-damage|p1a: Pincurchin|0 fnt
|faint|p1a: Pincurchin
|
|upkeep
|
|t:|1760438647
|switch|p1a: Raichu|Raichu-Alola, F, shiny|100/100
|turn|4
|
|t:|1760438659
|-terastallize|p2a: Fish|Ground
|move|p1a: Raichu|Thunderbolt|p2a: Fish
|-immune|p2a: Fish
|move|p2a: Fish|Earth Power|p1a: Raichu
|-supereffective|p1a: Raichu
|-damage|p1a: Raichu|0 fnt
|faint|p1a: Raichu
|
|upkeep
|
|t:|1760438664
|switch|p1a: Weavile|Weavile, F, shiny|100/100
|-ability|p1a: Weavile|Pressure
|turn|5
|
|t:|1760438680
|switch|p2a: ._.|Ditto|100/100
|-status|p2a: ._.|psn
|-transform|p2a: ._.|p1a: Weavile|[from] ability: Imposter
|-ability|p2a: ._.|Pressure
|move|p1a: Weavile|Triple Axel|p2a: ._.
|-resisted|p2a: ._.
|-crit|p2a: ._.
|-damage|p2a: ._.|82/100 psn
|-resisted|p2a: ._.
|-damage|p2a: ._.|60/100 psn
|-resisted|p2a: ._.
|-damage|p2a: ._.|22/100 psn
|-hitcount|p2a: ._.|3
|
|-damage|p2a: ._.|10/100 psn|[from] psn
|upkeep
|turn|6
|
|t:|1760438694
|move|p2a: ._.|Ice Shard|p1a: Weavile
|-resisted|p1a: Weavile
|-damage|p1a: Weavile|83/100
|move|p1a: Weavile|Triple Axel|p2a: ._.|[miss]
|-miss|p1a: Weavile|p2a: ._.
|
|-damage|p2a: ._.|0 fnt|[from] psn
|faint|p2a: ._.
|upkeep
|
|t:|1760438705
|switch|p2a: Cloyster|Cloyster, F|100/100
|-status|p2a: Cloyster|psn
|turn|7
|
|t:|1760438713
|switch|p1a: Raging Bolt|Raging Bolt|100/100
|-enditem|p1a: Raging Bolt|Booster Energy
|-activate|p1a: Raging Bolt|ability: Protosynthesis|[fromitem]
|-start|p1a: Raging Bolt|protosynthesisspa
|move|p2a: Cloyster|Shell Smash|p2a: Cloyster
|-unboost|p2a: Cloyster|def|1
|-unboost|p2a: Cloyster|spd|1
|-boost|p2a: Cloyster|atk|2
|-boost|p2a: Cloyster|spa|2
|-boost|p2a: Cloyster|spe|2
|
|-damage|p2a: Cloyster|88/100 psn|[from] psn
|upkeep
|turn|8
|
|t:|1760438721
|move|p1a: Raging Bolt|Thunderclap|p2a: Cloyster
|-supereffective|p2a: Cloyster
|-damage|p2a: Cloyster|0 fnt
|faint|p2a: Cloyster
|
|upkeep
|
|t:|1760438727
|switch|p2a: Fish|Volcanion, tera:Ground|100/100
|-status|p2a: Fish|psn
|turn|9
|
|t:|1760438739
|move|p1a: Raging Bolt|Dragon Pulse|p2a: Fish
|-damage|p2a: Fish|32/100 psn
|move|p2a: Fish|Earth Power|p1a: Raging Bolt
|-supereffective|p1a: Raging Bolt
|-damage|p1a: Raging Bolt|5/100
|
|-damage|p2a: Fish|20/100 psn|[from] psn
|-fieldend|move: Electric Terrain
|upkeep
|turn|10
|
|t:|1760438743
|move|p1a: Raging Bolt|Dragon Pulse|p2a: Fish
|-crit|p2a: Fish
|-damage|p2a: Fish|0 fnt
|faint|p2a: Fish
|
|upkeep
|
|t:|1760438749
|switch|p2a: Hoopa|Hoopa-Unbound|100/100
|-status|p2a: Hoopa|psn
|turn|11
|
|t:|1760438754
|move|p2a: Hoopa|Ice Punch|p1a: Raging Bolt
|-supereffective|p1a: Raging Bolt
|-damage|p1a: Raging Bolt|0 fnt
|faint|p1a: Raging Bolt
|-end|p1a: Raging Bolt|Protosynthesis|[silent]
|
|-damage|p2a: Hoopa|88/100 psn|[from] psn
|upkeep
|
|t:|1760438757
|switch|p1a: Weavile|Weavile, F, shiny|83/100
|-ability|p1a: Weavile|Pressure
|turn|12
|
|t:|1760438782
|switch|p2a: Blessiy|Clefable, M, shiny|100/100
|-status|p2a: Blessiy|psn
|move|p1a: Weavile|Triple Axel|p2a: Blessiy|[miss]
|-miss|p1a: Weavile|p2a: Blessiy
|
|upkeep
|turn|13
|
|t:|1760438791
|move|p1a: Weavile|Triple Axel|p2a: Blessiy
|-damage|p2a: Blessiy|89/100 psn
|-damage|p2a: Blessiy|68/100 psn
|-hitcount|p2a: Blessiy|2
|move|p2a: Blessiy|Cosmic Power|p2a: Blessiy
|-boost|p2a: Blessiy|def|1
|-boost|p2a: Blessiy|spd|1
|
|-heal|p2a: Blessiy|74/100 psn|[from] item: Leftovers
|upkeep
|turn|14
|
|t:|1760438797
|move|p1a: Weavile|Triple Axel|p2a: Blessiy
|-damage|p2a: Blessiy|66/100 psn
|-damage|p2a: Blessiy|50/100 psn
|-damage|p2a: Blessiy|26/100 psn
|-hitcount|p2a: Blessiy|3
|move|p2a: Blessiy|Cosmic Power|p2a: Blessiy
|-boost|p2a: Blessiy|def|1
|-boost|p2a: Blessiy|spd|1
|
|-heal|p2a: Blessiy|33/100 psn|[from] item: Leftovers
|upkeep
|turn|15
|
|t:|1760438801
|move|p1a: Weavile|Triple Axel|p2a: Blessiy
|-damage|p2a: Blessiy|27/100 psn
|-damage|p2a: Blessiy|16/100 psn
|-damage|p2a: Blessiy|0 fnt
|faint|p2a: Blessiy
|-hitcount|p2: Blessiy|3
|
|upkeep
|
|t:|1760438807
|switch|p2a: Hoopa|Hoopa-Unbound|88/100 psn
|turn|16
|
|t:|1760438815
|move|p2a: Hoopa|Destiny Bond|p2a: Hoopa
|-singlemove|p2a: Hoopa|Destiny Bond
|move|p1a: Weavile|Triple Axel|p2a: Hoopa
|-damage|p2a: Hoopa|63/100 psn
|-damage|p2a: Hoopa|12/100 psn
|-damage|p2a: Hoopa|0 fnt
|faint|p2a: Hoopa
|-activate|p2a: Hoopa|move: Destiny Bond
|faint|p1a: Weavile
|-hitcount|p2: Hoopa|3
|
|upkeep
|
|t:|1760438818
|switch|p1a: Hawlucha|Hawlucha, M|100/100
|switch|p2a: Pokemon center|Rabsca, F|100/100
|-status|p2a: Pokemon center|psn
|turn|17
|
|t:|1760438840
|-terastallize|p1a: Hawlucha|Ghost
|move|p1a: Hawlucha|Close Combat|p2a: Pokemon center
|-resisted|p2a: Pokemon center
|-damage|p2a: Pokemon center|86/100 psn
|-unboost|p1a: Hawlucha|def|1
|-unboost|p1a: Hawlucha|spd|1
|-enditem|p1a: Hawlucha|White Herb
|-clearnegativeboost|p1a: Hawlucha|[silent]
|move|p2a: Pokemon center|Revival Blessing|p2a: Pokemon center
|
|t:|1760438853
|-heal|p2: Hoopa|50/100|[from] move: Revival Blessing
|
|-heal|p2a: Pokemon center|92/100 psn|[from] item: Leftovers
|-damage|p2a: Pokemon center|80/100 psn|[from] psn
|upkeep
|turn|18
|
|t:|1760438860
|move|p1a: Hawlucha|Acrobatics|p2a: Pokemon center
|-supereffective|p2a: Pokemon center
|-damage|p2a: Pokemon center|0 fnt
|faint|p2a: Pokemon center
|
|upkeep
|c|☆OUMonster2341|gg
|
|t:|1760438871
|switch|p2a: Hoopa|Hoopa-Unbound|50/100
|-status|p2a: Hoopa|psn
|turn|19
|
|t:|1760438879
|move|p1a: Hawlucha|Acrobatics|p2a: Hoopa
|-damage|p2a: Hoopa|0 fnt
|faint|p2a: Hoopa
|
|win|OUMonster2341
|raw|OUMonster2341's rating: 1275 &rarr; <strong>1300</strong><br />(+25 for winning)
|raw|NoFishNoLife's rating: 1275 &rarr; <strong>1250</strong><br />(-25 for losing)
|l|☆NoFishNoLife
|player|p2|
|l|☆OUMonster2341
|player|p1|
