|j|☆mach95a113
|j|☆EgyptianJobber
|t:|1760330608
|gametype|singles
|player|p1|mach95a113|gardenia|1183
|player|p2|EgyptianJobber|theroyal|1135
|gen|9
|tier|[Gen 9] OU
|rated|
|rule|HP Percentage Mod: HP is shown in percentages
|rule|Endless Battle Clause: Forcing endless battles is banned
|rule|Species Clause: Limit one of each Pokémon
|rule|OHKO Clause: OHKO moves are banned
|rule|Evasion Items Clause: Evasion items are banned
|rule|Evasion Moves Clause: Evasion moves are banned
|rule|Evasion Abilities Clause: Evasion abilities are banned
|rule|Sleep Moves Clause: Sleep-inducing moves are banned
|clearpoke
|poke|p1|Serperior, F|
|poke|p1|Deoxys-Speed|
|poke|p1|Hoopa-Unbound|
|poke|p1|Grimmsnarl, M|
|poke|p1|Enamorus, F|
|poke|p1|Great Tusk|
|poke|p2|Slowking-Galar, M|
|poke|p2|Ogerpon-Wellspring, F|
|poke|p2|Great Tusk|
|poke|p2|Corviknight, F|
|poke|p2|Gholdengo|
|poke|p2|Cinderace, F|
|teampreview
|inactive|Battle timer is ON: inactive players will automatically lose when time's up. (requested by EgyptianJobber)
|c|☆mach95a113|Good luck!
|j| Nomad0_0
|c|☆EgyptianJobber|Bldhf
|c|☆EgyptianJobber|😤
|c|☆mach95a113|'kay
|inactive|mach95a113 has 120 seconds left.
|inactive|EgyptianJobber has 120 seconds left.
|c|☆EgyptianJobber|LMAO im jk gl
|
|t:|1760330645
|teamsize|p1|6
|teamsize|p2|6
|start
|switch|p1a: Deoxys|Deoxys-Speed|100/100
|switch|p2a: Ted Bunn(d)y|Cinderace, F|100/100
|-ability|p1a: Deoxys|Pressure
|turn|1
|
|t:|1760330665
|move|p1a: Deoxys|Psycho Boost|p2a: Ted Bunn(d)y
|-damage|p2a: Ted Bunn(d)y|7/100
|-unboost|p1a: Deoxys|spa|2
|-damage|p1a: Deoxys|91/100|[from] item: Life Orb
|move|p2a: Ted Bunn(d)y|U-turn|p1a: Deoxys
|-start|p2a: Ted Bunn(d)y|typechange|Bug|[from] ability: Libero
|-supereffective|p1a: Deoxys
|-damage|p1a: Deoxys|0 fnt
|faint|p1a: Deoxys
|inactive|EgyptianJobber has 120 seconds left.
|
|t:|1760330710
|switch|p2a: EdganAllenCor-Poe|Corviknight, F|100/100|[from] U-turn
|-ability|p2a: EdganAllenCor-Poe|Pressure
|
|upkeep
|
|t:|1760330724
|switch|p1a: Hoopa|Hoopa-Unbound|100/100
|turn|2
|inactive|EgyptianJobber has 120 seconds left.
|
|t:|1760330734
|move|p1a: Hoopa|Hyperspace Fury|p2a: EdganAllenCor-Poe
|-damage|p2a: EdganAllenCor-Poe|43/100
|-unboost|p1a: Hoopa|def|1
|move|p2a: EdganAllenCor-Poe|U-turn|p1a: Hoopa
|-supereffective|p1a: Hoopa
|-damage|p1a: Hoopa|0 fnt
|faint|p1a: Hoopa
|inactive|EgyptianJobber has 120 seconds left.
|
|t:|1760330750
|switch|p2a: Ted Bunn(d)y|Cinderace, F|7/100|[from] U-turn
|
|upkeep
|
|t:|1760330761
|switch|p1a: Enamorus|Enamorus, F|100/100
|turn|3
|inactive|EgyptianJobber has 120 seconds left.
|
|t:|1760330775
|-terastallize|p2a: Ted Bunn(d)y|Fire
|move|p1a: Enamorus|Superpower|p2a: Ted Bunn(d)y
|-damage|p2a: Ted Bunn(d)y|0 fnt
|-unboost|p1a: Enamorus|atk|1
|-unboost|p1a: Enamorus|def|1
|faint|p2a: Ted Bunn(d)y
|
|upkeep
|
|t:|1760330782
|switch|p2a: Roman Reigns|Gholdengo|100/100
|-item|p2a: Roman Reigns|Air Balloon
|turn|4
|inactive|EgyptianJobber has 120 seconds left.
|
|t:|1760330792
|switch|p1a: Great Tusk|Great Tusk|100/100
|-enditem|p1a: Great Tusk|Booster Energy
|-activate|p1a: Great Tusk|ability: Protosynthesis|[fromitem]
|-start|p1a: Great Tusk|protosynthesisatk
|move|p2a: Roman Reigns|Nasty Plot|p2a: Roman Reigns
|-boost|p2a: Roman Reigns|spa|2
|
|upkeep
|turn|5
|
|t:|1760330800
|move|p1a: Great Tusk|Stealth Rock|p2a: Roman Reigns
|-sidestart|p2: EgyptianJobber|move: Stealth Rock
|move|p2a: Roman Reigns|Shadow Ball|p1a: Great Tusk
|-damage|p1a: Great Tusk|0 fnt
|faint|p1a: Great Tusk
|-end|p1a: Great Tusk|Protosynthesis|[silent]
|
|upkeep
|
|t:|1760330806
|switch|p1a: Enamorus|Enamorus, F|100/100
|turn|6
|
|t:|1760330818
|-terastallize|p1a: Enamorus|Stellar
|move|p1a: Enamorus|Tera Blast|p2a: Roman Reigns|[anim] Tera Blast Stellar
|-damage|p2a: Roman Reigns|54/100
|-unboost|p1a: Enamorus|atk|1
|-unboost|p1a: Enamorus|spa|1
|-enditem|p2a: Roman Reigns|Air Balloon
|move|p2a: Roman Reigns|Shadow Ball|p1a: Enamorus
|-damage|p1a: Enamorus|0 fnt
|faint|p1a: Enamorus
|
|upkeep
|
|t:|1760330834
|switch|p1a: Serperior|Serperior, F|100/100
|turn|7
|
|t:|1760330837
|move|p1a: Serperior|Leaf Storm|p2a: Roman Reigns
|-resisted|p2a: Roman Reigns
|-damage|p2a: Roman Reigns|27/100
|-boost|p1a: Serperior|spa|2
|move|p2a: Roman Reigns|Make It Rain|p1a: Serperior
|-damage|p1a: Serperior|0 fnt
|-unboost|p2a: Roman Reigns|spa|1
|faint|p1a: Serperior
|
|upkeep
|
|t:|1760330847
|switch|p1a: Grimmsnarl|Grimmsnarl, M|100/100
|turn|8
|
|t:|1760330852
|move|p1a: Grimmsnarl|Light Screen|p1a: Grimmsnarl
|-sidestart|p1: mach95a113|move: Light Screen
|move|p2a: Roman Reigns|Make It Rain|p1a: Grimmsnarl
|-supereffective|p1a: Grimmsnarl
|-damage|p1a: Grimmsnarl|23/100
|-unboost|p2a: Roman Reigns|spa|1
|
|upkeep
|turn|9
|
|t:|1760330857
|move|p2a: Roman Reigns|Make It Rain|p1a: Grimmsnarl
|-supereffective|p1a: Grimmsnarl
|-damage|p1a: Grimmsnarl|0 fnt
|-unboost|p2a: Roman Reigns|spa|1
|faint|p1a: Grimmsnarl
|
|win|EgyptianJobber
|raw|mach95a113's rating: 1183 &rarr; <strong>1155</strong><br />(-28 for losing)
|raw|EgyptianJobber's rating: 1135 &rarr; <strong>1163</strong><br />(+28 for winning)
|c|☆EgyptianJobber|gg
|c|☆mach95a113|Gg
|c| Nomad0_0|bg
|c|☆EgyptianJobber|LMAoafhi rjodlksm;l
|c| Nomad0_0|jk mach
|c| Nomad0_0|you a star
|c| Nomad0_0|just not a superstar
|l| Nomad0_0
|l|☆EgyptianJobber
|player|p2|
|c|☆mach95a113|thanks
