|j|☆charizardfire2
|j|☆samuel10ramos
|t:|1760444097
|gametype|singles
|player|p1|charizardfire2|102|1463
|player|p2|samuel10ramos|170|1430
|gen|9
|tier|[Gen 9] OU
|rated|
|rule|HP Percentage Mod: HP is shown in percentages
|rule|Endless Battle Clause: Forcing endless battles is banned
|rule|Species Clause: Limit one of each Pokémon
|rule|OHKO Clause: OHKO moves are banned
|rule|Evasion Items Clause: Evasion items are banned
|rule|Evasion Moves Clause: Evasion moves are banned
|rule|Evasion Abilities Clause: Evasion abilities are banned
|rule|Sleep Moves Clause: Sleep-inducing moves are banned
|clearpoke
|poke|p1|Skeledirge, M|
|poke|p1|Ogerpon-Wellspring, F|
|poke|p1|Dragapult, F|
|poke|p1|Weezing-Galar, M|
|poke|p1|Ting-Lu|
|poke|p1|Corviknight, M|
|poke|p2|Gliscor, M|
|poke|p2|Serperior, F|
|poke|p2|Samurott-Hisui, F|
|poke|p2|Latias, F|
|poke|p2|Dragonite, M|
|poke|p2|Heatran, M|
|teampreview
|inactive|Battle timer is ON: inactive players will automatically lose when time's up. (requested by charizardfire2)
|
|t:|1760444126
|teamsize|p1|6
|teamsize|p2|6
|start
|switch|p1a: Dragapult|Dragapult, F|100/100
|switch|p2a: Samurott|Samurott-Hisui, F|100/100
|turn|1
|
|t:|1760444132
|switch|p1a: Corviknight|Corviknight, M|100/100
|-ability|p1a: Corviknight|Pressure
|move|p2a: Samurott|Ceaseless Edge|p1a: Corviknight
|-damage|p1a: Corviknight|79/100
|-damage|p2a: Samurott|84/100|[from] item: Rocky Helmet|[of] p1a: Corviknight
|-sidestart|p1: charizardfire2|Spikes
|
|upkeep
|turn|2
|
|t:|1760444142
|switch|p2a: Gliscor|Gliscor, M|100/100
|move|p1a: Corviknight|U-turn|p2a: Gliscor
|-resisted|p2a: Gliscor
|-damage|p2a: Gliscor|95/100
|
|t:|1760444152
|switch|p1a: Ogerpon|Ogerpon-Wellspring, F|100/100|[from] U-turn
|-damage|p1a: Ogerpon|88/100|[from] Spikes
|
|-status|p2a: Gliscor|tox|[from] item: Toxic Orb
|upkeep
|turn|3
|
|t:|1760444162
|switch|p2a: Dragonite|Dragonite, M|100/100
|move|p1a: Ogerpon|Spikes|p2a: Dragonite
|-sidestart|p2: samuel10ramos|Spikes
|
|upkeep
|turn|4
|
|t:|1760444169
|switch|p1a: Skeledirge|Skeledirge, M|100/100
|move|p2a: Dragonite|Dragon Dance|p2a: Dragonite
|-boost|p2a: Dragonite|atk|1
|-boost|p2a: Dragonite|spe|1
|
|upkeep
|turn|5
|
|t:|1760444180
|move|p2a: Dragonite|Earthquake|p1a: Skeledirge
|-supereffective|p1a: Skeledirge
|-damage|p1a: Skeledirge|36/100
|move|p1a: Skeledirge|Will-O-Wisp|p2a: Dragonite|[miss]
|-miss|p1a: Skeledirge|p2a: Dragonite
|
|upkeep
|turn|6
|
|t:|1760444187
|switch|p1a: Corviknight|Corviknight, M|79/100
|-ability|p1a: Corviknight|Pressure
|move|p2a: Dragonite|Earthquake|p1a: Corviknight
|-immune|p1a: Corviknight
|
|upkeep
|turn|7
|
|t:|1760444201
|switch|p2a: Gliscor|Gliscor, M|95/100 tox
|move|p1a: Corviknight|Iron Defense|p1a: Corviknight
|-boost|p1a: Corviknight|def|2
|
|-heal|p2a: Gliscor|100/100 tox|[from] ability: Poison Heal
|upkeep
|turn|8
|
|t:|1760444230
|switch|p1a: Ogerpon|Ogerpon-Wellspring, F|88/100
|-damage|p1a: Ogerpon|76/100|[from] Spikes
|move|p2a: Gliscor|Swords Dance|p2a: Gliscor
|-boost|p2a: Gliscor|atk|2
|
|upkeep
|turn|9
|
|t:|1760444237
|move|p1a: Ogerpon|Ivy Cudgel|p2a: Gliscor|[anim] Ivy Cudgel Water
|-supereffective|p2a: Gliscor
|-damage|p2a: Gliscor|15/100 tox
|move|p2a: Gliscor|Agility|p2a: Gliscor
|-boost|p2a: Gliscor|spe|2
|
|-heal|p2a: Gliscor|28/100 tox|[from] ability: Poison Heal
|upkeep
|turn|10
|
|t:|1760444247
|switch|p1a: Corviknight|Corviknight, M|79/100
|-ability|p1a: Corviknight|Pressure
|move|p2a: Gliscor|Facade|p1a: Corviknight
|-resisted|p1a: Corviknight
|-damage|p1a: Corviknight|58/100
|-damage|p2a: Gliscor|11/100 tox|[from] item: Rocky Helmet|[of] p1a: Corviknight
|
|-heal|p2a: Gliscor|23/100 tox|[from] ability: Poison Heal
|upkeep
|turn|11
|
|t:|1760444266
|switch|p2a: Heatran|Heatran, M|100/100
|-damage|p2a: Heatran|88/100|[from] Spikes
|move|p1a: Corviknight|Iron Defense|p1a: Corviknight
|-boost|p1a: Corviknight|def|2
|
|-heal|p2a: Heatran|94/100|[from] item: Leftovers
|upkeep
|turn|12
|
|t:|1760444275
|switch|p1a: Ting-Lu|Ting-Lu, shiny|100/100
|-damage|p1a: Ting-Lu|88/100|[from] Spikes
|-ability|p1a: Ting-Lu|Vessel of Ruin
|move|p2a: Heatran|Lava Plume|p1a: Ting-Lu
|-damage|p1a: Ting-Lu|68/100
|-status|p1a: Ting-Lu|brn
|
|-heal|p2a: Heatran|100/100|[from] item: Leftovers
|-heal|p1a: Ting-Lu|74/100 brn|[from] item: Leftovers
|-damage|p1a: Ting-Lu|68/100 brn|[from] brn
|upkeep
|turn|13
|
|t:|1760444289
|switch|p2a: Gliscor|Gliscor, M|23/100 tox
|move|p1a: Ting-Lu|Stealth Rock|p2a: Gliscor
|-sidestart|p2: samuel10ramos|move: Stealth Rock
|
|-heal|p1a: Ting-Lu|74/100 brn|[from] item: Leftovers
|-heal|p2a: Gliscor|36/100 tox|[from] ability: Poison Heal
|-damage|p1a: Ting-Lu|68/100 brn|[from] brn
|upkeep
|turn|14
|
|t:|1760444306
|switch|p2a: Serperior|Serperior, F|100/100
|-damage|p2a: Serperior|88/100|[from] Spikes
|-damage|p2a: Serperior|76/100|[from] Stealth Rock
|switch|p1a: Skeledirge|Skeledirge, M|36/100
|
|-heal|p2a: Serperior|82/100|[from] item: Leftovers
|upkeep
|turn|15
|
|t:|1760444316
|move|p2a: Serperior|Glare|p1a: Skeledirge
|-status|p1a: Skeledirge|par
|move|p1a: Skeledirge|Slack Off|p1a: Skeledirge
|-heal|p1a: Skeledirge|86/100 par
|
|-heal|p2a: Serperior|88/100|[from] item: Leftovers
|upkeep
|turn|16
|
|t:|1760444326
|move|p2a: Serperior|Substitute|p2a: Serperior
|-start|p2a: Serperior|Substitute
|-damage|p2a: Serperior|63/100
|move|p1a: Skeledirge|Torch Song|p2a: Serperior
|-supereffective|p2a: Serperior
|-damage|p2a: Serperior|0 fnt
|-boost|p1a: Skeledirge|spa|1
|faint|p2a: Serperior
|
|upkeep
|inactive|samuel10ramos has 120 seconds left.
|
|t:|1760444347
|switch|p2a: Samurott|Samurott-Hisui, F|84/100
|-damage|p2a: Samurott|71/100|[from] Spikes
|-damage|p2a: Samurott|59/100|[from] Stealth Rock
|turn|17
|
|t:|1760444352
|switch|p1a: Corviknight|Corviknight, M|58/100
|-ability|p1a: Corviknight|Pressure
|move|p2a: Samurott|Ceaseless Edge|p1a: Corviknight
|-damage|p1a: Corviknight|36/100
|-damage|p2a: Samurott|42/100|[from] item: Rocky Helmet|[of] p1a: Corviknight
|-sidestart|p1: charizardfire2|Spikes
|
|upkeep
|turn|18
|
|t:|1760444362
|move|p2a: Samurott|Ceaseless Edge|p1a: Corviknight
|-damage|p1a: Corviknight|12/100
|-damage|p2a: Samurott|25/100|[from] item: Rocky Helmet|[of] p1a: Corviknight
|-sidestart|p1: charizardfire2|Spikes
|move|p1a: Corviknight|Roost|p1a: Corviknight
|-heal|p1a: Corviknight|62/100
|-singleturn|p1a: Corviknight|move: Roost
|
|upkeep
|turn|19
|
|t:|1760444371
|move|p2a: Samurott|Knock Off|p1a: Corviknight
|-damage|p1a: Corviknight|41/100
|-damage|p2a: Samurott|9/100|[from] item: Rocky Helmet|[of] p1a: Corviknight
|-enditem|p1a: Corviknight|Rocky Helmet|[from] move: Knock Off|[of] p2a: Samurott
|move|p1a: Corviknight|Roost|p1a: Corviknight
|-heal|p1a: Corviknight|91/100
|-singleturn|p1a: Corviknight|move: Roost
|
|upkeep
|turn|20
|
|t:|1760444386
|move|p2a: Samurott|Ceaseless Edge|p1a: Corviknight
|-damage|p1a: Corviknight|67/100
|move|p1a: Corviknight|U-turn|p2a: Samurott
|-supereffective|p2a: Samurott
|-damage|p2a: Samurott|0 fnt
|faint|p2a: Samurott
|
|t:|1760444396
|switch|p1a: Ting-Lu|Ting-Lu, shiny|68/100 brn|[from] U-turn
|-damage|p1a: Ting-Lu|43/100 brn|[from] Spikes
|-ability|p1a: Ting-Lu|Vessel of Ruin
|
|-heal|p1a: Ting-Lu|49/100 brn|[from] item: Leftovers
|-damage|p1a: Ting-Lu|43/100 brn|[from] brn
|upkeep
|
|t:|1760444408
|switch|p2a: Heatran|Heatran, M|100/100
|-damage|p2a: Heatran|88/100|[from] Spikes
|-damage|p2a: Heatran|76/100|[from] Stealth Rock
|turn|21
|
|t:|1760444415
|move|p2a: Heatran|Steel Beam|p1a: Ting-Lu
|-damage|p1a: Ting-Lu|8/100 brn
|-damage|p2a: Heatran|26/100|[from] steelbeam
|move|p1a: Ting-Lu|Rest|p1a: Ting-Lu
|-status|p1a: Ting-Lu|slp|[from] move: Rest
|-heal|p1a: Ting-Lu|100/100 slp|[silent]
|
|-heal|p2a: Heatran|32/100|[from] item: Leftovers
|upkeep
|turn|22
|
|t:|1760444426
|move|p2a: Heatran|Stealth Rock|p1a: Ting-Lu
|-sidestart|p1: charizardfire2|move: Stealth Rock
|cant|p1a: Ting-Lu|slp
|
|-heal|p2a: Heatran|38/100|[from] item: Leftovers
|upkeep
|turn|23
|
|t:|1760444432
|move|p2a: Heatran|Lava Plume|p1a: Ting-Lu
|-damage|p1a: Ting-Lu|81/100 slp
|cant|p1a: Ting-Lu|slp
|
|-heal|p2a: Heatran|44/100|[from] item: Leftovers
|-heal|p1a: Ting-Lu|87/100 slp|[from] item: Leftovers
|upkeep
|turn|24
|
|t:|1760444438
|move|p2a: Heatran|Lava Plume|p1a: Ting-Lu
|-crit|p1a: Ting-Lu
|-damage|p1a: Ting-Lu|58/100 slp
|-curestatus|p1a: Ting-Lu|slp|[msg]
|move|p1a: Ting-Lu|Earthquake|p2a: Heatran
|-supereffective|p2a: Heatran
|-damage|p2a: Heatran|0 fnt
|faint|p2a: Heatran
|
|-heal|p1a: Ting-Lu|64/100|[from] item: Leftovers
|upkeep
|
|t:|1760444448
|switch|p2a: Dragonite|Dragonite, M|100/100
|-damage|p2a: Dragonite|76/100|[from] Stealth Rock
|turn|25
|inactive|charizardfire2 has 120 seconds left.
|
|t:|1760444489
|move|p2a: Dragonite|Ice Spinner|p1a: Ting-Lu
|-supereffective|p1a: Ting-Lu
|-damage|p1a: Ting-Lu|29/100
|move|p1a: Ting-Lu|Throat Chop|p2a: Dragonite
|-crit|p2a: Dragonite
|-damage|p2a: Dragonite|37/100
|-start|p2a: Dragonite|Throat Chop|[silent]
|
|-heal|p1a: Ting-Lu|35/100|[from] item: Leftovers
|upkeep
|turn|26
|
|t:|1760444497
|switch|p1a: Skeledirge|Skeledirge, M|86/100 par
|move|p2a: Dragonite|Ice Spinner|p1a: Skeledirge
|-resisted|p1a: Skeledirge
|-damage|p1a: Skeledirge|74/100 par
|
|-end|p2a: Dragonite|Throat Chop|[silent]
|upkeep
|turn|27
|inactive|charizardfire2 has 120 seconds left.
|
|t:|1760444528
|switch|p1a: Corviknight|Corviknight, M|67/100
|-damage|p1a: Corviknight|55/100|[from] Stealth Rock
|-ability|p1a: Corviknight|Pressure
|move|p2a: Dragonite|Earthquake|p1a: Corviknight
|-immune|p1a: Corviknight
|
|upkeep
|turn|28
|
|t:|1760444539
|switch|p2a: Latias|Latias, F|100/100
|-damage|p2a: Latias|88/100|[from] Stealth Rock
|move|p1a: Corviknight|Roost|p1a: Corviknight
|-heal|p1a: Corviknight|100/100
|-singleturn|p1a: Corviknight|move: Roost
|
|upkeep
|turn|29
|
|t:|1760444556
|move|p2a: Latias|Agility|p2a: Latias
|-boost|p2a: Latias|spe|2
|move|p1a: Corviknight|U-turn|p2a: Latias
|-supereffective|p2a: Latias
|-damage|p2a: Latias|69/100
|-enditem|p2a: Latias|Weakness Policy
|-boost|p2a: Latias|atk|2|[from] item: Weakness Policy
|-boost|p2a: Latias|spa|2|[from] item: Weakness Policy
|inactive|charizardfire2 has 120 seconds left.
|inactive|charizardfire2 has 90 seconds left.
|
|t:|1760444619
|switch|p1a: Skeledirge|Skeledirge, M|74/100 par|[from] U-turn
|
|upkeep
|turn|30
|
|t:|1760444628
|-terastallize|p1a: Skeledirge|Dark
|move|p2a: Latias|Stored Power|p1a: Skeledirge
|-immune|p1a: Skeledirge
|move|p1a: Skeledirge|Will-O-Wisp|p2a: Latias
|-status|p2a: Latias|brn
|
|-damage|p2a: Latias|63/100 brn|[from] brn
|upkeep
|turn|31
|
|t:|1760444637
|move|p2a: Latias|Aura Sphere|p1a: Skeledirge
|-supereffective|p1a: Skeledirge
|-damage|p1a: Skeledirge|46/100 par
|move|p1a: Skeledirge|Torch Song|p2a: Latias
|-resisted|p2a: Latias
|-damage|p2a: Latias|52/100 brn
|-boost|p1a: Skeledirge|spa|1
|
|-damage|p2a: Latias|46/100 brn|[from] brn
|upkeep
|turn|32
|
|t:|1760444646
|move|p2a: Latias|Aura Sphere|p1a: Skeledirge
|-supereffective|p1a: Skeledirge
|-damage|p1a: Skeledirge|16/100 par
|cant|p1a: Skeledirge|par
|
|-damage|p2a: Latias|40/100 brn|[from] brn
|upkeep
|turn|33
|
|t:|1760444655
|move|p2a: Latias|Stored Power|p1a: Skeledirge
|-immune|p1a: Skeledirge
|move|p1a: Skeledirge|Slack Off|p1a: Skeledirge
|-heal|p1a: Skeledirge|66/100 par
|
|-damage|p2a: Latias|34/100 brn|[from] brn
|upkeep
|turn|34
|
|t:|1760444663
|move|p2a: Latias|Aura Sphere|p1a: Skeledirge
|-supereffective|p1a: Skeledirge
|-damage|p1a: Skeledirge|37/100 par
|move|p1a: Skeledirge|Slack Off|p1a: Skeledirge
|-heal|p1a: Skeledirge|87/100 par
|
|-damage|p2a: Latias|28/100 brn|[from] brn
|upkeep
|turn|35
|
|t:|1760444670
|move|p2a: Latias|Aura Sphere|p1a: Skeledirge
|-supereffective|p1a: Skeledirge
|-damage|p1a: Skeledirge|60/100 par
|move|p1a: Skeledirge|Torch Song|p2a: Latias
|-resisted|p2a: Latias
|-damage|p2a: Latias|10/100 brn
|-boost|p1a: Skeledirge|spa|1
|
|-damage|p2a: Latias|4/100 brn|[from] brn
|upkeep
|turn|36
|
|t:|1760444679
|move|p2a: Latias|Aura Sphere|p1a: Skeledirge
|-supereffective|p1a: Skeledirge
|-damage|p1a: Skeledirge|29/100 par
|cant|p1a: Skeledirge|par
|
|-damage|p2a: Latias|0 fnt|[from] brn
|faint|p2a: Latias
|upkeep
|
|t:|1760444687
|switch|p2a: Gliscor|Gliscor, M|36/100 tox
|-damage|p2a: Gliscor|23/100 tox|[from] Stealth Rock
|turn|37
|
|t:|1760444694
|switch|p1a: Corviknight|Corviknight, M|100/100
|-damage|p1a: Corviknight|88/100|[from] Stealth Rock
|-ability|p1a: Corviknight|Pressure
|move|p2a: Gliscor|Earthquake|p1a: Corviknight
|-immune|p1a: Corviknight
|
|-heal|p2a: Gliscor|36/100 tox|[from] ability: Poison Heal
|upkeep
|turn|38
|
|t:|1760444705
|move|p2a: Gliscor|Agility|p2a: Gliscor
|-boost|p2a: Gliscor|spe|2
|move|p1a: Corviknight|Iron Defense|p1a: Corviknight
|-boost|p1a: Corviknight|def|2
|
|-heal|p2a: Gliscor|48/100 tox|[from] ability: Poison Heal
|upkeep
|turn|39
|
|t:|1760444712
|move|p2a: Gliscor|Swords Dance|p2a: Gliscor
|-boost|p2a: Gliscor|atk|2
|move|p1a: Corviknight|Iron Defense|p1a: Corviknight
|-boost|p1a: Corviknight|def|2
|
|-heal|p2a: Gliscor|61/100 tox|[from] ability: Poison Heal
|upkeep
|turn|40
|
|t:|1760444719
|move|p2a: Gliscor|Swords Dance|p2a: Gliscor
|-boost|p2a: Gliscor|atk|2
|move|p1a: Corviknight|Iron Defense|p1a: Corviknight
|-boost|p1a: Corviknight|def|2
|
|-heal|p2a: Gliscor|73/100 tox|[from] ability: Poison Heal
|upkeep
|turn|41
|
|t:|1760444726
|move|p2a: Gliscor|Swords Dance|p2a: Gliscor
|-boost|p2a: Gliscor|atk|2
|move|p1a: Corviknight|Body Press|p2a: Gliscor
|-resisted|p2a: Gliscor
|-damage|p2a: Gliscor|31/100 tox
|
|-heal|p2a: Gliscor|43/100 tox|[from] ability: Poison Heal
|upkeep
|turn|42
|
|t:|1760444735
|move|p2a: Gliscor|Facade|p1a: Corviknight
|-resisted|p1a: Corviknight
|-damage|p1a: Corviknight|78/100
|move|p1a: Corviknight|Body Press|p2a: Gliscor
|-resisted|p2a: Gliscor
|-damage|p2a: Gliscor|7/100 tox
|
|-heal|p2a: Gliscor|19/100 tox|[from] ability: Poison Heal
|upkeep
|turn|43
|
|t:|1760444743
|move|p2a: Gliscor|Facade|p1a: Corviknight
|-resisted|p1a: Corviknight
|-damage|p1a: Corviknight|68/100
|move|p1a: Corviknight|Body Press|p2a: Gliscor
|-resisted|p2a: Gliscor
|-damage|p2a: Gliscor|0 fnt
|faint|p2a: Gliscor
|
|upkeep
|-message|samuel10ramos forfeited.
|
|win|charizardfire2
|raw|charizardfire2's rating: 1463 &rarr; <strong>1481</strong><br />(+18 for winning)
|raw|samuel10ramos's rating: 1430 &rarr; <strong>1412</strong><br />(-18 for losing)
|l|☆samuel10ramos
|player|p2|
|l|☆charizardfire2
|player|p1|
