|j|☆Scaloppina97
|j|☆hohai
|t:|1760433624
|gametype|singles
|player|p1|Scaloppina97|fisherman-gen4|1145
|player|p2|hohai|101|1106
|gen|9
|tier|[Gen 9] OU
|rated|
|rule|HP Percentage Mod: HP is shown in percentages
|rule|Endless Battle Clause: Forcing endless battles is banned
|rule|Species Clause: Limit one of each Pokémon
|rule|OHKO Clause: OHKO moves are banned
|rule|Evasion Items Clause: Evasion items are banned
|rule|Evasion Moves Clause: Evasion moves are banned
|rule|Evasion Abilities Clause: Evasion abilities are banned
|rule|Sleep Moves Clause: Sleep-inducing moves are banned
|clearpoke
|poke|p1|Gliscor, M|
|poke|p1|Clefable, M|
|poke|p1|Dondozo, F|
|poke|p1|Blissey, F|
|poke|p1|Clodsire, F|
|poke|p1|Corviknight, F|
|poke|p2|Galvantula, F|
|poke|p2|Ceruledge, F|
|poke|p2|Gyarados, F|
|poke|p2|Klefki, F|
|poke|p2|Gardevoir, F|
|poke|p2|Forretress, F|
|teampreview
|
|t:|1760433632
|teamsize|p1|6
|teamsize|p2|6
|start
|switch|p1a: Gliscor|Gliscor, M|100/100
|switch|p2a: Gyarados|Gyarados, F|100/100
|-ability|p2a: Gyarados|Intimidate|boost
|-unboost|p1a: Gliscor|atk|1
|turn|1
|
|t:|1760433650
|move|p1a: Gliscor|Toxic|p2a: Gyarados
|-status|p2a: Gyarados|tox
|move|p2a: Gyarados|Avalanche|p1a: Gliscor
|-supereffective|p1a: Gliscor
|-damage|p1a: Gliscor|54/100
|
|-damage|p2a: Gyarados|94/100 tox|[from] psn
|-status|p1a: Gliscor|tox|[from] item: Toxic Orb
|upkeep
|turn|2
|
|t:|1760433670
|move|p1a: Gliscor|Protect|p1a: Gliscor
|-singleturn|p1a: Gliscor|Protect
|move|p2a: Gyarados|Dragon Dance|p2a: Gyarados
|-boost|p2a: Gyarados|atk|1
|-boost|p2a: Gyarados|spe|1
|
|-heal|p2a: Gyarados|100/100 tox|[from] item: Leftovers
|-damage|p2a: Gyarados|88/100 tox|[from] psn
|-heal|p1a: Gliscor|66/100 tox|[from] ability: Poison Heal
|upkeep
|turn|3
|
|t:|1760433681
|switch|p1a: Bozo|Dondozo, F|100/100
|move|p2a: Gyarados|Avalanche|p1a: Bozo
|-resisted|p1a: Bozo
|-damage|p1a: Bozo|96/100
|
|-heal|p2a: Gyarados|94/100 tox|[from] item: Leftovers
|-damage|p2a: Gyarados|76/100 tox|[from] psn
|upkeep
|turn|4
|
|t:|1760433700
|switch|p2a: Galvantula|Galvantula, F|100/100
|move|p1a: Bozo|Waterfall|p2a: Galvantula
|-damage|p2a: Galvantula|59/100
|
|upkeep
|turn|5
|
|t:|1760433718
|switch|p1a: Slug|Clodsire, F|100/100
|move|p2a: Galvantula|Thunder Wave|p1a: Slug
|-immune|p1a: Slug
|
|upkeep
|turn|6
|
|t:|1760433726
|move|p2a: Galvantula|Sticky Web|p1a: Slug
|-sidestart|p1: Scaloppina97|move: Sticky Web
|move|p1a: Slug|Poison Jab|p2a: Galvantula
|-damage|p2a: Galvantula|29/100
|-status|p2a: Galvantula|psn
|
|-damage|p2a: Galvantula|17/100 psn|[from] psn
|upkeep
|turn|7
|
|t:|1760433735
|switch|p2a: Forretress|Forretress, F|100/100
|move|p1a: Slug|Poison Jab|p2a: Forretress
|-immune|p2a: Forretress
|
|upkeep
|turn|8
|
|t:|1760433742
|move|p2a: Forretress|Stealth Rock|p1a: Slug
|-sidestart|p1: Scaloppina97|move: Stealth Rock
|move|p1a: Slug|Earthquake|p2a: Forretress
|-damage|p2a: Forretress|79/100
|-enditem|p2a: Forretress|Red Card|[of] p1a: Slug
|drag|p1a: Gliscor|Gliscor, M|66/100 tox
|-damage|p1a: Gliscor|54/100 tox|[from] Stealth Rock
|
|-heal|p1a: Gliscor|66/100 tox|[from] ability: Poison Heal
|upkeep
|turn|9
|inactive|Battle timer is ON: inactive players will automatically lose when time's up. (requested by Scaloppina97)
|
|t:|1760433773
|move|p1a: Gliscor|Earthquake|p2a: Forretress
|-damage|p2a: Forretress|58/100
|move|p2a: Forretress|Ice Spinner|p1a: Gliscor
|-supereffective|p1a: Gliscor
|-damage|p1a: Gliscor|24/100 tox
|
|-heal|p1a: Gliscor|37/100 tox|[from] ability: Poison Heal
|upkeep
|turn|10
|
|t:|1760433781
|move|p1a: Gliscor|Protect|p1a: Gliscor
|-singleturn|p1a: Gliscor|Protect
|move|p2a: Forretress|Ice Spinner|p1a: Gliscor
|-activate|p1a: Gliscor|move: Protect
|
|-heal|p1a: Gliscor|49/100 tox|[from] ability: Poison Heal
|upkeep
|turn|11
|
|t:|1760433789
|-terastallize|p1a: Gliscor|Ghost
|move|p1a: Gliscor|Earthquake|p2a: Forretress
|-damage|p2a: Forretress|36/100
|move|p2a: Forretress|Ice Spinner|p1a: Gliscor
|-crit|p1a: Gliscor
|-damage|p1a: Gliscor|34/100 tox
|
|-heal|p1a: Gliscor|47/100 tox|[from] ability: Poison Heal
|upkeep
|turn|12
|
|t:|1760433815
|switch|p2a: Gyarados|Gyarados, F|76/100 tox
|-ability|p2a: Gyarados|Intimidate|boost
|-unboost|p1a: Gliscor|atk|1
|move|p1a: Gliscor|Earthquake|p2a: Gyarados
|-immune|p2a: Gyarados
|
|-heal|p2a: Gyarados|82/100 tox|[from] item: Leftovers
|-heal|p1a: Gliscor|59/100 tox|[from] ability: Poison Heal
|-damage|p2a: Gyarados|76/100 tox|[from] psn
|upkeep
|turn|13
|inactive|hohai has 120 seconds left.
|
|t:|1760433837
|move|p1a: Gliscor|Spikes|p2a: Gyarados
|-sidestart|p2: hohai|Spikes
|move|p2a: Gyarados|Aqua Tail|p1a: Gliscor
|-damage|p1a: Gliscor|32/100 tox
|
|-heal|p2a: Gyarados|82/100 tox|[from] item: Leftovers
|-heal|p1a: Gliscor|45/100 tox|[from] ability: Poison Heal
|-damage|p2a: Gyarados|70/100 tox|[from] psn
|upkeep
|turn|14
|inactive|hohai has 120 seconds left.
|
|t:|1760433849
|move|p1a: Gliscor|Protect|p1a: Gliscor
|-singleturn|p1a: Gliscor|Protect
|move|p2a: Gyarados|Dragon Dance|p2a: Gyarados
|-boost|p2a: Gyarados|atk|1
|-boost|p2a: Gyarados|spe|1
|
|-heal|p2a: Gyarados|76/100 tox|[from] item: Leftovers
|-damage|p2a: Gyarados|58/100 tox|[from] psn
|-heal|p1a: Gliscor|57/100 tox|[from] ability: Poison Heal
|upkeep
|turn|15
|inactive|hohai has 120 seconds left.
|
|t:|1760433866
|move|p2a: Gyarados|Aqua Tail|p1a: Gliscor
|-damage|p1a: Gliscor|14/100 tox
|move|p1a: Gliscor|Spikes|p2a: Gyarados
|-sidestart|p2: hohai|Spikes
|
|-heal|p2a: Gyarados|64/100 tox|[from] item: Leftovers
|-damage|p2a: Gyarados|39/100 tox|[from] psn
|-heal|p1a: Gliscor|26/100 tox|[from] ability: Poison Heal
|upkeep
|turn|16
|
|t:|1760433875
|move|p1a: Gliscor|Protect|p1a: Gliscor
|-singleturn|p1a: Gliscor|Protect
|move|p2a: Gyarados|Dragon Dance|p2a: Gyarados
|-boost|p2a: Gyarados|atk|1
|-boost|p2a: Gyarados|spe|1
|
|-heal|p2a: Gyarados|46/100 tox|[from] item: Leftovers
|-damage|p2a: Gyarados|15/100 tox|[from] psn
|-heal|p1a: Gliscor|39/100 tox|[from] ability: Poison Heal
|upkeep
|turn|17
|
|t:|1760433885
|switch|p1a: Bozo|Dondozo, F|96/100
|move|p2a: Gyarados|Earthquake|p1a: Bozo
|-damage|p1a: Bozo|81/100
|
|-heal|p2a: Gyarados|21/100 tox|[from] item: Leftovers
|-damage|p2a: Gyarados|0 fnt|[from] psn
|faint|p2a: Gyarados
|upkeep
|
|t:|1760433898
|switch|p2a: Forretress|Forretress, F|36/100
|-damage|p2a: Forretress|19/100|[from] Spikes
|turn|18
|
|t:|1760433903
|move|p1a: Bozo|Waterfall|p2a: Forretress
|-damage|p2a: Forretress|0 fnt
|faint|p2a: Forretress
|
|upkeep
|
|t:|1760433914
|switch|p2a: Galvantula|Galvantula, F|17/100 psn
|-damage|p2a: Galvantula|0 fnt|[from] Spikes
|faint|p2a: Galvantula
|
|t:|1760433919
|switch|p2a: Klefki|Klefki, F|100/100
|-damage|p2a: Klefki|84/100|[from] Spikes
|turn|19
|
|t:|1760433936
|switch|p1a: Thiccey|Blissey, F|100/100
|move|p2a: Klefki|Light Screen|p2a: Klefki
|-sidestart|p2: hohai|move: Light Screen
|
|upkeep
|turn|20
|
|t:|1760433941
|move|p2a: Klefki|Spikes|p1a: Thiccey
|-sidestart|p1: Scaloppina97|Spikes
|move|p1a: Thiccey|Seismic Toss|p2a: Klefki
|-damage|p2a: Klefki|52/100
|
|upkeep
|turn|21
|
|t:|1760433946
|move|p2a: Klefki|Spikes|p1a: Thiccey
|-sidestart|p1: Scaloppina97|Spikes
|move|p1a: Thiccey|Seismic Toss|p2a: Klefki
|-damage|p2a: Klefki|21/100
|
|upkeep
|turn|22
|
|t:|1760433951
|move|p2a: Klefki|Reflect|p2a: Klefki
|-sidestart|p2: hohai|Reflect
|move|p1a: Thiccey|Seismic Toss|p2a: Klefki
|-damage|p2a: Klefki|0 fnt
|faint|p2a: Klefki
|
|upkeep
|
|t:|1760433958
|switch|p2a: Gardevoir|Gardevoir, F, shiny|100/100
|-damage|p2a: Gardevoir|84/100|[from] Spikes
|-ability|p2a: Gardevoir|Natural Cure|Trace|[from] ability: Trace|[of] p1a: Thiccey
|turn|23
|
|t:|1760433964
|move|p2a: Gardevoir|Calm Mind|p2a: Gardevoir
|-boost|p2a: Gardevoir|spa|1
|-boost|p2a: Gardevoir|spd|1
|move|p1a: Thiccey|Calm Mind|p1a: Thiccey
|-boost|p1a: Thiccey|spa|1
|-boost|p1a: Thiccey|spd|1
|
|upkeep
|turn|24
|
|t:|1760433970
|move|p2a: Gardevoir|Calm Mind|p2a: Gardevoir
|-boost|p2a: Gardevoir|spa|1
|-boost|p2a: Gardevoir|spd|1
|move|p1a: Thiccey|Calm Mind|p1a: Thiccey
|-boost|p1a: Thiccey|spa|1
|-boost|p1a: Thiccey|spd|1
|
|upkeep
|turn|25
|
|t:|1760433976
|move|p2a: Gardevoir|Calm Mind|p2a: Gardevoir
|-boost|p2a: Gardevoir|spa|1
|-boost|p2a: Gardevoir|spd|1
|move|p1a: Thiccey|Calm Mind|p1a: Thiccey
|-boost|p1a: Thiccey|spa|1
|-boost|p1a: Thiccey|spd|1
|
|upkeep
|turn|26
|
|t:|1760433982
|move|p2a: Gardevoir|Calm Mind|p2a: Gardevoir
|-boost|p2a: Gardevoir|spa|1
|-boost|p2a: Gardevoir|spd|1
|move|p1a: Thiccey|Calm Mind|p1a: Thiccey
|-boost|p1a: Thiccey|spa|1
|-boost|p1a: Thiccey|spd|1
|
|-sideend|p2: hohai|move: Light Screen
|upkeep
|turn|27
|
|t:|1760434000
|move|p2a: Gardevoir|Moonblast|p1a: Thiccey
|-damage|p1a: Thiccey|86/100
|-heal|p2a: Gardevoir|88/100|[from] item: Shell Bell|[of] p1a: Thiccey
|move|p1a: Thiccey|Shadow Ball|p2a: Gardevoir
|-supereffective|p2a: Gardevoir
|-damage|p2a: Gardevoir|55/100
|
|upkeep
|turn|28
|
|t:|1760434012
|move|p2a: Gardevoir|Psychic|p1a: Thiccey
|-damage|p1a: Thiccey|72/100
|-heal|p2a: Gardevoir|59/100|[from] item: Shell Bell|[of] p1a: Thiccey
|move|p1a: Thiccey|Shadow Ball|p2a: Gardevoir
|-supereffective|p2a: Gardevoir
|-damage|p2a: Gardevoir|30/100
|
|upkeep
|turn|29
|
|t:|1760434019
|switch|p2a: Ceruledge|Ceruledge, F|100/100
|-damage|p2a: Ceruledge|84/100|[from] Spikes
|move|p1a: Thiccey|Shadow Ball|p2a: Ceruledge
|-supereffective|p2a: Ceruledge
|-damage|p2a: Ceruledge|0 fnt
|faint|p2a: Ceruledge
|
|-sideend|p2: hohai|Reflect
|upkeep
|-message|hohai forfeited.
|
|win|Scaloppina97
|raw|Scaloppina97's rating: 1145 &rarr; <strong>1167</strong><br />(+22 for winning)
|raw|hohai's rating: 1106 &rarr; <strong>1084</strong><br />(-22 for losing)
|l|☆hohai
|player|p2|
|l|☆Scaloppina97
|player|p1|
