|badge|p2|bronze|gen9ubers|100-7
|uhtml|medal-msg|<div class="broadcast-blue">Curious what those medals under the avatar are? PS now has Ladder Seasons! For more information, check out the <a href="https://www.smogon.com/forums/threads/3740067/">thread on Smogon.</a></div>
|j|☆Myke Litoris
|j|☆Nikator98
|t:|1760453464
|gametype|singles
|player|p1|Myke Litoris|unknown|1643
|player|p2|Nikator98|giovanni|1615
|gen|9
|tier|[Gen 9] OU
|rated|
|rule|HP Percentage Mod: HP is shown in percentages
|rule|Endless Battle Clause: Forcing endless battles is banned
|rule|Species Clause: Limit one of each Pokémon
|rule|OHKO Clause: OHKO moves are banned
|rule|Evasion Items Clause: Evasion items are banned
|rule|Evasion Moves Clause: Evasion moves are banned
|rule|Evasion Abilities Clause: Evasion abilities are banned
|rule|Sleep Moves Clause: Sleep-inducing moves are banned
|clearpoke
|poke|p1|Moltres|
|poke|p1|Primarina, M|
|poke|p1|Gholdengo|
|poke|p1|Gliscor, F|
|poke|p1|Weavile, F|
|poke|p1|Slowking-Galar, F|
|poke|p2|Metagross|
|poke|p2|Great Tusk|
|poke|p2|Haxorus, M|
|poke|p2|Iron Moth|
|poke|p2|Zoroark-Hisui, M|
|poke|p2|Ninetales-Alola, F|
|teampreview
|inactive|Battle timer is ON: inactive players will automatically lose when time's up. (requested by Nikator98)
|
|t:|1760453498
|teamsize|p1|6
|teamsize|p2|6
|start
|switch|p1a: Colorier des HLM|Primarina, M|100/100
|switch|p2a: Arquillian Sentry|Metagross|100/100
|turn|1
|
|t:|1760453510
|switch|p1a: 10h du mat'|Moltres|100/100
|move|p2a: Arquillian Sentry|Bitter Malice|p1a: 10h du mat'
|-damage|p1a: 10h du mat'|43/100
|-unboost|p1a: 10h du mat'|atk|1
|
|upkeep
|turn|2
|inactive|Myke Litoris has 120 seconds left.
|
|t:|1760453550
|switch|p1a: Plus peur du Monde|Weavile, F|100/100
|-ability|p1a: Plus peur du Monde|Pressure
|move|p2a: Arquillian Sentry|Bitter Malice|p1a: Plus peur du Monde
|-resisted|p1a: Plus peur du Monde
|-damage|p1a: Plus peur du Monde|64/100
|-unboost|p1a: Plus peur du Monde|atk|1
|
|upkeep
|turn|3
|inactive|Myke Litoris has 120 seconds left.
|
|t:|1760453565
|switch|p2a: Asfaloth|Ninetales-Alola, F, shiny|100/100
|-weather|Snowscape|[from] ability: Snow Warning|[of] p2a: Asfaloth
|move|p1a: Plus peur du Monde|Knock Off|p2a: Asfaloth
|-resisted|p2a: Asfaloth
|-damage|p2a: Asfaloth|85/100
|-enditem|p2a: Asfaloth|Light Clay|[from] move: Knock Off|[of] p1a: Plus peur du Monde
|
|-weather|Snowscape|[upkeep]
|upkeep
|turn|4
|inactive|Myke Litoris has 120 seconds left.
|
|t:|1760453589
|switch|p1a: Tant que ça va|Gholdengo|100/100
|move|p2a: Asfaloth|Aurora Veil|p2a: Asfaloth
|-sidestart|p2: Nikator98|move: Aurora Veil
|
|-weather|Snowscape|[upkeep]
|upkeep
|turn|5
|
|t:|1760453594
|switch|p2a: Arquillian Sentry|Metagross|100/100
|move|p1a: Tant que ça va|Thunder Wave|p2a: Arquillian Sentry
|-status|p2a: Arquillian Sentry|par
|
|-weather|Snowscape|[upkeep]
|upkeep
|turn|6
|inactive|Myke Litoris has 120 seconds left.
|
|t:|1760453606
|switch|p1a: Plus peur du Monde|Weavile, F|64/100
|-ability|p1a: Plus peur du Monde|Pressure
|switch|p2a: Asfaloth|Ninetales-Alola, F, shiny|100/100
|
|-weather|Snowscape|[upkeep]
|upkeep
|turn|7
|inactive|Myke Litoris has 120 seconds left.
|
|t:|1760453621
|move|p1a: Plus peur du Monde|Knock Off|p2a: Asfaloth
|-supereffective|p2a: Asfaloth
|-damage|p2a: Asfaloth|2/100
|replace|p2a: Van Helsing|Zoroark-Hisui, M, shiny
|-end|p2a: Van Helsing|Illusion
|-enditem|p2a: Van Helsing|Choice Specs|[from] move: Knock Off|[of] p1a: Plus peur du Monde
|move|p2a: Van Helsing|Flamethrower|p1a: Plus peur du Monde
|-supereffective|p1a: Plus peur du Monde
|-damage|p1a: Plus peur du Monde|0 fnt
|faint|p1a: Plus peur du Monde
|
|-weather|none
|upkeep
|inactive|Myke Litoris has 120 seconds left.
|
|t:|1760453632
|switch|p1a: Le goût du sel|Gliscor, F|100/100
|turn|8
|
|t:|1760453638
|switch|p2a: Asfaloth|Ninetales-Alola, F, shiny|85/100
|-weather|Snowscape|[from] ability: Snow Warning|[of] p2a: Asfaloth
|move|p1a: Le goût du sel|Stealth Rock|p2a: Asfaloth
|-sidestart|p2: Nikator98|move: Stealth Rock
|
|-weather|Snowscape|[upkeep]
|-sideend|p2: Nikator98|move: Aurora Veil
|-status|p1a: Le goût du sel|tox|[from] item: Toxic Orb
|upkeep
|turn|9
|inactive|Myke Litoris has 120 seconds left.
|
|t:|1760453653
|switch|p1a: Tant que ça va|Gholdengo|100/100
|move|p2a: Asfaloth|Freeze-Dry|p1a: Tant que ça va
|-resisted|p1a: Tant que ça va
|-damage|p1a: Tant que ça va|90/100
|
|-weather|Snowscape|[upkeep]
|upkeep
|turn|10
|inactive|Myke Litoris has 120 seconds left.
|inactive|Nikator98 has 120 seconds left.
|
|t:|1760453686
|switch|p1a: Colorier des HLM|Primarina, M|100/100
|move|p2a: Asfaloth|Aurora Veil|p2a: Asfaloth
|-sidestart|p2: Nikator98|move: Aurora Veil
|
|-weather|Snowscape|[upkeep]
|upkeep
|turn|11
|inactive|Myke Litoris has 120 seconds left.
|
|t:|1760453694
|switch|p2a: Arquillian Sentry|Metagross|100/100 par
|-damage|p2a: Arquillian Sentry|94/100 par|[from] Stealth Rock
|switch|p1a: Etoiles Satellites|Slowking-Galar, F|100/100
|
|-weather|Snowscape|[upkeep]
|upkeep
|turn|12
|
|t:|1760453703
|switch|p1a: 10h du mat'|Moltres|43/100
|move|p2a: Arquillian Sentry|Stealth Rock|p1a: 10h du mat'
|-sidestart|p1: Myke Litoris|move: Stealth Rock
|
|-weather|none
|upkeep
|turn|13
|
|t:|1760453717
|move|p1a: 10h du mat'|Roost|p1a: 10h du mat'
|-heal|p1a: 10h du mat'|93/100
|-singleturn|p1a: 10h du mat'|move: Roost
|cant|p2a: Arquillian Sentry|par
|
|upkeep
|turn|14
|
|t:|1760453724
|move|p1a: 10h du mat'|Flamethrower|p2a: Arquillian Sentry
|-supereffective|p2a: Arquillian Sentry
|-damage|p2a: Arquillian Sentry|49/100 par
|move|p2a: Arquillian Sentry|Psychic Fangs|p1a: 10h du mat'
|-damage|p1a: 10h du mat'|59/100
|
|-sideend|p2: Nikator98|move: Aurora Veil
|upkeep
|turn|15
|
|t:|1760453731
|move|p1a: 10h du mat'|Flamethrower|p2a: Arquillian Sentry
|-supereffective|p2a: Arquillian Sentry
|-damage|p2a: Arquillian Sentry|0 fnt
|faint|p2a: Arquillian Sentry
|
|upkeep
|
|t:|1760453740
|switch|p2a: Kumaryia|Great Tusk, shiny|100/100
|turn|16
|
|t:|1760453745
|move|p2a: Kumaryia|Knock Off|p1a: 10h du mat'
|-damage|p1a: 10h du mat'|37/100
|-enditem|p1a: 10h du mat'|Heavy-Duty Boots|[from] move: Knock Off|[of] p2a: Kumaryia
|move|p1a: 10h du mat'|Flamethrower|p2a: Kumaryia
|-damage|p2a: Kumaryia|42/100
|
|upkeep
|turn|17
|
|t:|1760453751
|move|p2a: Kumaryia|Rapid Spin|p1a: 10h du mat'
|-damage|p1a: 10h du mat'|26/100
|-boost|p2a: Kumaryia|spe|1
|-sideend|p2: Nikator98|Stealth Rock|[from] move: Rapid Spin|[of] p2a: Kumaryia
|move|p1a: 10h du mat'|Roost|p1a: 10h du mat'
|-heal|p1a: 10h du mat'|76/100
|-singleturn|p1a: 10h du mat'|move: Roost
|
|upkeep
|turn|18
|
|t:|1760453766
|-end|p2a: Kumaryia|Protosynthesis|[silent]
|switch|p2a: Gothmog|Iron Moth|100/100
|-enditem|p2a: Gothmog|Booster Energy
|-activate|p2a: Gothmog|ability: Quark Drive|[fromitem]
|-start|p2a: Gothmog|quarkdrivespe
|move|p1a: 10h du mat'|Flamethrower|p2a: Gothmog
|-resisted|p2a: Gothmog
|-damage|p2a: Gothmog|83/100
|
|upkeep
|turn|19
|
|t:|1760453777
|switch|p1a: Etoiles Satellites|Slowking-Galar, F|100/100
|move|p2a: Gothmog|Fiery Dance|p1a: Etoiles Satellites
|-damage|p1a: Etoiles Satellites|78/100
|-boost|p2a: Gothmog|spa|1
|
|upkeep
|turn|20
|
|t:|1760453784
|move|p2a: Gothmog|Substitute|p2a: Gothmog
|-start|p2a: Gothmog|Substitute
|-damage|p2a: Gothmog|58/100
|move|p1a: Etoiles Satellites|Future Sight|p2a: Gothmog
|-start|p1a: Etoiles Satellites|move: Future Sight
|
|upkeep
|turn|21
|
|t:|1760453789
|move|p2a: Gothmog|Fiery Dance|p1a: Etoiles Satellites
|-damage|p1a: Etoiles Satellites|45/100
|-boost|p2a: Gothmog|spa|1
|-prepare|p1a: Etoiles Satellites|Chilly Reception|[premajor]
|move|p1a: Etoiles Satellites|Chilly Reception|p1a: Etoiles Satellites
|-weather|Snowscape
|
|t:|1760453799
|switch|p1a: Colorier des HLM|Primarina, M|100/100|[from] Chilly Reception
|-damage|p1a: Colorier des HLM|88/100|[from] Stealth Rock
|
|-weather|Snowscape|[upkeep]
|upkeep
|turn|22
|
|t:|1760453829
|-terastallize|p2a: Gothmog|Grass
|-terastallize|p1a: Colorier des HLM|Steel
|move|p2a: Gothmog|Fiery Dance|p1a: Colorier des HLM
|-supereffective|p1a: Colorier des HLM
|-damage|p1a: Colorier des HLM|0 fnt
|faint|p1a: Colorier des HLM
|
|-weather|Snowscape|[upkeep]
|-end|p2a: Gothmog|move: Future Sight
|-end|p2a: Gothmog|Substitute
|upkeep
|
|t:|1760453838
|switch|p1a: Etoiles Satellites|Slowking-Galar, F|79/100
|turn|23
|
|t:|1760453851
|move|p2a: Gothmog|Fiery Dance|p1a: Etoiles Satellites
|-damage|p1a: Etoiles Satellites|28/100
|-boost|p2a: Gothmog|spa|1
|move|p1a: Etoiles Satellites|Sludge Bomb|p2a: Gothmog
|-supereffective|p2a: Gothmog
|-damage|p2a: Gothmog|0 fnt
|faint|p2a: Gothmog
|-end|p2a: Gothmog|Quark Drive|[silent]
|
|-weather|Snowscape|[upkeep]
|upkeep
|
|t:|1760453863
|switch|p2a: Lacelle|Haxorus, M|2/100
|turn|24
|
|t:|1760453874
|switch|p1a: Le goût du sel|Gliscor, F|100/100 tox
|-damage|p1a: Le goût du sel|88/100 tox|[from] Stealth Rock
|move|p2a: Lacelle|Bitter Malice|p1a: Le goût du sel
|-damage|p1a: Le goût du sel|57/100 tox
|-unboost|p1a: Le goût du sel|atk|1
|
|-weather|Snowscape|[upkeep]
|-heal|p1a: Le goût du sel|70/100 tox|[from] ability: Poison Heal
|upkeep
|turn|25
|
|t:|1760453887
|switch|p2a: Asfaloth|Ninetales-Alola, F, shiny|85/100
|move|p1a: Le goût du sel|Stealth Rock|p2a: Asfaloth
|-sidestart|p2: Nikator98|move: Stealth Rock
|
|-weather|none
|-heal|p1a: Le goût du sel|82/100 tox|[from] ability: Poison Heal
|upkeep
|turn|26
|
|t:|1760453897
|switch|p2a: Kumaryia|Great Tusk, shiny|42/100
|switch|p1a: Tant que ça va|Gholdengo|90/100
|
|upkeep
|turn|27
|
|t:|1760453906
|move|p2a: Kumaryia|Headlong Rush|p1a: Tant que ça va
|-supereffective|p1a: Tant que ça va
|-damage|p1a: Tant que ça va|0 fnt
|-unboost|p2a: Kumaryia|def|1
|-unboost|p2a: Kumaryia|spd|1
|faint|p1a: Tant que ça va
|
|upkeep
|
|t:|1760453916
|switch|p1a: Le goût du sel|Gliscor, F|82/100 tox
|-damage|p1a: Le goût du sel|70/100 tox|[from] Stealth Rock
|turn|28
|
|t:|1760453923
|move|p2a: Kumaryia|Ice Spinner|p1a: Le goût du sel
|-supereffective|p1a: Le goût du sel
|-damage|p1a: Le goût du sel|0 fnt
|faint|p1a: Le goût du sel
|
|upkeep
|
|t:|1760453929
|switch|p1a: 10h du mat'|Moltres|76/100
|-damage|p1a: 10h du mat'|26/100|[from] Stealth Rock
|turn|29
|
|t:|1760453934
|move|p2a: Kumaryia|Rapid Spin|p1a: 10h du mat'
|-damage|p1a: 10h du mat'|14/100
|-boost|p2a: Kumaryia|spe|1
|-status|p2a: Kumaryia|brn|[from] ability: Flame Body|[of] p1a: 10h du mat'
|-sideend|p2: Nikator98|Stealth Rock|[from] move: Rapid Spin|[of] p2a: Kumaryia
|move|p1a: 10h du mat'|Roost|p1a: 10h du mat'
|-heal|p1a: 10h du mat'|64/100
|-singleturn|p1a: 10h du mat'|move: Roost
|
|-damage|p2a: Kumaryia|36/100 brn|[from] brn
|upkeep
|turn|30
|
|t:|1760453949
|-end|p2a: Kumaryia|Protosynthesis|[silent]
|switch|p2a: Asfaloth|Ninetales-Alola, F, shiny|85/100
|-weather|Snowscape|[from] ability: Snow Warning|[of] p2a: Asfaloth
|move|p1a: 10h du mat'|Roost|p1a: 10h du mat'
|-heal|p1a: 10h du mat'|100/100
|-singleturn|p1a: 10h du mat'|move: Roost
|
|-weather|Snowscape|[upkeep]
|upkeep
|turn|31
|
|t:|1760453957
|move|p2a: Asfaloth|Encore|p1a: 10h du mat'
|-start|p1a: 10h du mat'|Encore
|move|p1a: 10h du mat'|Roost||[still]
|-fail|p1a: 10h du mat'|heal
|
|-weather|Snowscape|[upkeep]
|upkeep
|turn|32
|-message|Myke Litoris forfeited.
|
|win|Nikator98
|raw|Myke Litoris's rating: 1643 &rarr; <strong>1621</strong><br />(-22 for losing)
|raw|Nikator98's rating: 1615 &rarr; <strong>1637</strong><br />(+22 for winning)
|l|☆Myke Litoris
|player|p1|
