|j|☆beetlejuggler
|j|☆Nymphex680
|t:|1760355314
|gametype|singles
|player|p1|beetlejuggler|steven|1272
|player|p2|Nymphex680|102|1291
|gen|9
|tier|[Gen 9] OU
|rated|
|rule|HP Percentage Mod: HP is shown in percentages
|rule|Endless Battle Clause: Forcing endless battles is banned
|rule|Species Clause: Limit one of each Pokémon
|rule|OHKO Clause: OHKO moves are banned
|rule|Evasion Items Clause: Evasion items are banned
|rule|Evasion Moves Clause: Evasion moves are banned
|rule|Evasion Abilities Clause: Evasion abilities are banned
|rule|Sleep Moves Clause: Sleep-inducing moves are banned
|clearpoke
|poke|p1|Kyurem|
|poke|p1|Slowking-Galar, M|
|poke|p1|Great Tusk|
|poke|p1|Meowscarada, M|
|poke|p1|Corviknight, M|
|poke|p1|Darkrai|
|poke|p2|Indeedee, M|
|poke|p2|Hatterene, F|
|poke|p2|Ursaluna, F|
|poke|p2|Iron Hands|
|poke|p2|Hoopa-Unbound|
|poke|p2|Mimikyu, F|
|teampreview
|inactive|Battle timer is ON: inactive players will automatically lose when time's up. (requested by beetlejuggler)
|inactive|Nymphex680 also wants the timer to be on.
|inactive|beetlejuggler has 120 seconds left.
|
|t:|1760355345
|teamsize|p1|6
|teamsize|p2|6
|start
|switch|p1a: Slowking|Slowking-Galar, M|100/100
|switch|p2a: Quan(H!|Iron Hands, shiny|100/100
|-enditem|p2a: Quan(H!|Booster Energy
|-activate|p2a: Quan(H!|ability: Quark Drive|[fromitem]
|-start|p2a: Quan(H!|quarkdriveatk
|turn|1
|
|t:|1760355369
|-end|p2a: Quan(H!|Quark Drive|[silent]
|switch|p2a: Come@me|Indeedee, M, shiny|100/100
|-fieldstart|move: Psychic Terrain|[from] ability: Psychic Surge|[of] p2a: Come@me
|switch|p1a: Great Tusk|Great Tusk|100/100
|
|upkeep
|turn|2
|
|t:|1760355378
|-end|p1a: Great Tusk|Protosynthesis|[silent]
|switch|p1a: Slowking|Slowking-Galar, M|100/100
|move|p2a: Come@me|Trick Room|p2a: Come@me
|-fieldstart|move: Trick Room|[of] p2a: Come@me
|
|upkeep
|turn|3
|
|t:|1760355388
|switch|p2a: P0r+aL|Hoopa-Unbound|100/100
|-enditem|p2a: P0r+aL|Psychic Seed
|-boost|p2a: P0r+aL|spd|1|[from] item: Psychic Seed
|move|p1a: Slowking|Sludge Bomb|p2a: P0r+aL
|-damage|p2a: P0r+aL|84/100
|
|upkeep
|turn|4
|
|t:|1760355397
|switch|p1a: Corviknight|Corviknight, M|100/100
|-ability|p1a: Corviknight|Pressure
|move|p2a: P0r+aL|Hyperspace Fury|p1a: Corviknight
|-damage|p1a: Corviknight|67/100
|-unboost|p2a: P0r+aL|def|1
|-item|p2a: P0r+aL|Rocky Helmet|[from] ability: Magician|[of] p1a: Corviknight
|
|upkeep
|turn|5
|
|t:|1760355412
|move|p2a: P0r+aL|Expanding Force|p1a: Corviknight
|-resisted|p1a: Corviknight
|-crit|p1a: Corviknight
|-damage|p1a: Corviknight|0 fnt
|faint|p1a: Corviknight
|
|upkeep
|
|t:|1760355420
|switch|p1a: Slowking|Slowking-Galar, M|100/100
|turn|6
|
|t:|1760355423
|switch|p1a: Great Tusk|Great Tusk|100/100
|move|p2a: P0r+aL|Hyperspace Fury|p1a: Great Tusk
|-resisted|p1a: Great Tusk
|-damage|p1a: Great Tusk|83/100
|-unboost|p2a: P0r+aL|def|1
|
|-fieldend|move: Trick Room
|upkeep
|turn|7
|
|t:|1760355446
|switch|p2a: PikA(hU|Mimikyu, F, shiny|100/100
|move|p1a: Great Tusk|Headlong Rush|p2a: PikA(hU
|-activate|p2a: PikA(hU|ability: Disguise
|-damage|p2a: PikA(hU|100/100
|-unboost|p1a: Great Tusk|def|1
|-unboost|p1a: Great Tusk|spd|1
|detailschange|p2a: PikA(hU|Mimikyu-Busted, F, shiny
|-damage|p2a: PikA(hU|88/100|[from] pokemon: Mimikyu-Busted
|-enditem|p2a: PikA(hU|Red Card|[of] p1a: Great Tusk
|-end|p1a: Great Tusk|Protosynthesis|[silent]
|drag|p1a: Darkrai|Darkrai|100/100
|
|upkeep
|turn|8
|
|t:|1760355461
|move|p1a: Darkrai|Dark Pulse|p2a: PikA(hU
|-damage|p2a: PikA(hU|44/100
|cant|p2a: PikA(hU|flinch
|
|-fieldend|move: Psychic Terrain
|upkeep
|turn|9
|
|t:|1760355470
|switch|p2a: Quan(H!|Iron Hands, shiny|100/100
|move|p1a: Darkrai|Dark Pulse|p2a: Quan(H!
|-resisted|p2a: Quan(H!
|-damage|p2a: Quan(H!|83/100
|
|upkeep
|turn|10
|
|t:|1760355482
|switch|p1a: Great Tusk|Great Tusk|83/100
|move|p2a: Quan(H!|Close Combat|p1a: Great Tusk
|-damage|p1a: Great Tusk|31/100
|-unboost|p2a: Quan(H!|def|1
|-unboost|p2a: Quan(H!|spd|1
|
|upkeep
|turn|11
|
|t:|1760355498
|-terastallize|p2a: Quan(H!|Flying
|move|p1a: Great Tusk|Headlong Rush|p2a: Quan(H!
|-immune|p2a: Quan(H!
|move|p2a: Quan(H!|Close Combat|p1a: Great Tusk
|-damage|p1a: Great Tusk|0 fnt
|-unboost|p2a: Quan(H!|def|1
|-unboost|p2a: Quan(H!|spd|1
|faint|p1a: Great Tusk
|-end|p1a: Great Tusk|Protosynthesis|[silent]
|
|upkeep
|
|t:|1760355512
|switch|p1a: Meowscarada|Meowscarada, M|100/100
|turn|12
|
|t:|1760355517
|-end|p2a: Quan(H!|Quark Drive|[silent]
|switch|p2a: PikA(hU|Mimikyu-Busted, F, shiny|44/100
|move|p1a: Meowscarada|Triple Axel|p2a: PikA(hU
|-start|p1a: Meowscarada|typechange|Ice|[from] ability: Protean
|-damage|p2a: PikA(hU|35/100
|-damage|p2a: PikA(hU|17/100
|-damage|p2a: PikA(hU|0 fnt
|faint|p2a: PikA(hU
|-hitcount|p2: PikA(hU|3
|
|upkeep
|
|t:|1760355531
|switch|p2a: Come@me|Indeedee, M, shiny|100/100
|-fieldstart|move: Psychic Terrain|[from] ability: Psychic Surge|[of] p2a: Come@me
|turn|13
|
|t:|1760355539
|move|p1a: Meowscarada|Triple Axel|p2a: Come@me
|-damage|p2a: Come@me|91/100
|-crit|p2a: Come@me
|-damage|p2a: Come@me|59/100
|-damage|p2a: Come@me|26/100
|-hitcount|p2a: Come@me|3
|move|p2a: Come@me|Trick Room|p2a: Come@me
|-fieldstart|move: Trick Room|[of] p2a: Come@me
|
|upkeep
|turn|14
|
|t:|1760355548
|switch|p1a: Slowking|Slowking-Galar, M|100/100
|move|p2a: Come@me|Expanding Force|p1a: Slowking
|-damage|p1a: Slowking|70/100
|
|upkeep
|turn|15
|
|t:|1760355566
|switch|p2a: P0r+aL|Hoopa-Unbound|84/100
|move|p1a: Slowking|Sludge Bomb|p2a: P0r+aL
|-damage|p2a: P0r+aL|59/100
|
|upkeep
|turn|16
|
|t:|1760355581
|-prepare|p1a: Slowking|Chilly Reception|[premajor]
|move|p1a: Slowking|Chilly Reception|p1a: Slowking
|-weather|Snowscape
|
|t:|1760355585
|switch|p1a: Darkrai|Darkrai|100/100|[from] Chilly Reception
|move|p2a: P0r+aL|Hyperspace Fury|p1a: Darkrai
|-resisted|p1a: Darkrai
|-damage|p1a: Darkrai|66/100
|-unboost|p2a: P0r+aL|def|1
|
|-weather|Snowscape|[upkeep]
|-heal|p1a: Darkrai|72/100|[from] item: Leftovers
|upkeep
|turn|17
|
|t:|1760355598
|-terastallize|p1a: Darkrai|Poison
|move|p2a: P0r+aL|Focus Blast|p1a: Darkrai
|-resisted|p1a: Darkrai
|-damage|p1a: Darkrai|40/100
|move|p1a: Darkrai|Nasty Plot|p1a: Darkrai
|-boost|p1a: Darkrai|spa|2
|
|-weather|Snowscape|[upkeep]
|-heal|p1a: Darkrai|46/100|[from] item: Leftovers
|-fieldend|move: Trick Room
|upkeep
|turn|18
|
|t:|1760355619
|move|p1a: Darkrai|Sludge Bomb|p2a: P0r+aL
|-damage|p2a: P0r+aL|0 fnt
|faint|p2a: P0r+aL
|
|-weather|Snowscape|[upkeep]
|-heal|p1a: Darkrai|52/100|[from] item: Leftovers
|upkeep
|
|t:|1760355633
|switch|p2a: Quan(H!|Iron Hands, shiny, tera:Flying|83/100
|turn|19
|
|t:|1760355639
|move|p1a: Darkrai|Ice Beam|p2a: Quan(H!
|-supereffective|p2a: Quan(H!
|-crit|p2a: Quan(H!
|-damage|p2a: Quan(H!|0 fnt
|faint|p2a: Quan(H!
|-end|p2a: Quan(H!|Quark Drive|[silent]
|
|-weather|Snowscape|[upkeep]
|-heal|p1a: Darkrai|59/100|[from] item: Leftovers
|upkeep
|
|t:|1760355648
|switch|p2a: W!tch|Hatterene, F, shiny|100/100
|turn|20
|
|t:|1760355652
|move|p1a: Darkrai|Sludge Bomb|p2a: W!tch
|-supereffective|p2a: W!tch
|-damage|p2a: W!tch|0 fnt
|faint|p2a: W!tch
|
|-weather|none
|-heal|p1a: Darkrai|65/100|[from] item: Leftovers
|-fieldend|move: Psychic Terrain
|upkeep
|
|t:|1760355660
|switch|p2a: Come@me|Indeedee, M, shiny|26/100
|-fieldstart|move: Psychic Terrain|[from] ability: Psychic Surge|[of] p2a: Come@me
|turn|21
|
|t:|1760355666
|move|p1a: Darkrai|Sludge Bomb|p2a: Come@me
|-damage|p2a: Come@me|0 fnt
|faint|p2a: Come@me
|
|-heal|p1a: Darkrai|71/100|[from] item: Leftovers
|upkeep
|
|t:|1760355673
|switch|p2a: Ub3@r|Ursaluna, F, shiny|100/100
|turn|22
|
|t:|1760355676
|move|p1a: Darkrai|Ice Beam|p2a: Ub3@r
|-supereffective|p2a: Ub3@r
|-damage|p2a: Ub3@r|0 fnt
|faint|p2a: Ub3@r
|
|win|beetlejuggler
|raw|beetlejuggler's rating: 1272 &rarr; <strong>1298</strong><br />(+26 for winning)
|raw|Nymphex680's rating: 1291 &rarr; <strong>1265</strong><br />(-26 for losing)
|c|☆beetlejuggler|gg
|l|☆Nymphex680
|player|p2|
