|j|☆pokesukr
|j|‽O hv do j
|t:|1760318442
|gametype|singles
|player|p1|pokesukr|swimmerf-gen4|1076
|player|p2|O hv do j|bruno|1079
|gen|9
|tier|[Gen 9] OU
|rated|
|rule|HP Percentage Mod: HP is shown in percentages
|rule|Endless Battle Clause: Forcing endless battles is banned
|rule|Species Clause: Limit one of each Pokémon
|rule|OHKO Clause: OHKO moves are banned
|rule|Evasion Items Clause: Evasion items are banned
|rule|Evasion Moves Clause: Evasion moves are banned
|rule|Evasion Abilities Clause: Evasion abilities are banned
|rule|Sleep Moves Clause: Sleep-inducing moves are banned
|clearpoke
|poke|p1|Swampert, M|
|poke|p1|Breloom, M|
|poke|p1|Magnezone|
|poke|p1|Skarmory, M|
|poke|p1|Dusknoir, F|
|poke|p1|Cinderace, F|
|poke|p2|Salamence, M|
|poke|p2|Ceruledge, M|
|poke|p2|Feraligatr, M|
|poke|p2|Cacturne, M|
|poke|p2|Zoroark-Hisui, M|
|poke|p2|Weavile, M|
|teampreview
|
|t:|1760318468
|teamsize|p1|6
|teamsize|p2|6
|start
|switch|p1a: Breloom|Breloom, M|100/100
|switch|p2a: Cacturne|Cacturne, M|100/100
|turn|1
|
|t:|1760318495
|move|p1a: Breloom|Substitute|p1a: Breloom
|-start|p1a: Breloom|Substitute
|-damage|p1a: Breloom|75/100
|move|p2a: Cacturne|Spikes|p1a: Breloom
|-sidestart|p1: pokesukr|Spikes
|
|-status|p1a: Breloom|tox|[from] item: Toxic Orb
|upkeep
|turn|2
|
|t:|1760318505
|move|p1a: Breloom|Focus Blast|p2a: Cacturne
|-supereffective|p2a: Cacturne
|-damage|p2a: Cacturne|22/100
|move|p2a: Cacturne|Encore|p1a: Breloom
|-start|p1a: Breloom|Encore
|
|-heal|p1a: Breloom|88/100 tox|[from] ability: Poison Heal
|upkeep
|turn|3
|
|t:|1760318514
|move|p1a: Breloom|Focus Blast|p2a: Cacturne
|-supereffective|p2a: Cacturne
|-damage|p2a: Cacturne|0 fnt
|faint|p2a: Cacturne
|
|-heal|p1a: Breloom|100/100 tox|[from] ability: Poison Heal
|upkeep
|
|t:|1760318522
|switch|p2a: Weavile|Weavile, M|100/100
|turn|4
|
|t:|1760318558
|move|p2a: Weavile|Nasty Plot|p2a: Weavile
|-boost|p2a: Weavile|spa|2
|move|p1a: Breloom|Focus Blast|p2a: Weavile
|-immune|p2a: Weavile
|
|upkeep
|turn|5
|
|t:|1760318571
|switch|p1a: Swampert|Swampert, M|100/100
|-damage|p1a: Swampert|88/100|[from] Spikes
|move|p2a: Weavile|Bitter Malice|p1a: Swampert
|-damage|p1a: Swampert|18/100
|-unboost|p1a: Swampert|atk|1
|
|-heal|p1a: Swampert|24/100|[from] item: Leftovers
|upkeep
|turn|6
|
|t:|1760318583
|move|p2a: Weavile|Bitter Malice|p1a: Swampert
|-damage|p1a: Swampert|0 fnt
|faint|p1a: Swampert
|
|upkeep
|
|t:|1760318610
|switch|p1a: Cinderace|Cinderace, F|100/100
|turn|7
|
|t:|1760318619
|move|p2a: Weavile|Bitter Malice|p1a: Cinderace
|-damage|p1a: Cinderace|0 fnt
|faint|p1a: Cinderace
|
|upkeep
|
|t:|1760318625
|switch|p1a: Magnezone|Magnezone|100/100
|-damage|p1a: Magnezone|88/100|[from] Spikes
|turn|8
|
|t:|1760318634
|move|p2a: Weavile|Bitter Malice|p1a: Magnezone
|-damage|p1a: Magnezone|0 fnt
|faint|p1a: Magnezone
|
|upkeep
|inactive|Battle timer is ON: inactive players will automatically lose when time's up. (requested by pokesukr)
|
|t:|1760318658
|switch|p1a: Breloom|Breloom, M|100/100 tox
|-damage|p1a: Breloom|88/100 tox|[from] Spikes
|turn|9
|
|t:|1760318664
|-terastallize|p1a: Breloom|Normal
|move|p2a: Weavile|Taunt|p1a: Breloom
|-start|p1a: Breloom|move: Taunt
|move|p1a: Breloom|Facade|p2a: Weavile
|-immune|p2a: Weavile
|
|-heal|p1a: Breloom|100/100 tox|[from] ability: Poison Heal
|upkeep
|turn|10
|
|t:|1760318680
|switch|p2a: Ceruledge|Ceruledge, M|100/100
|move|p1a: Breloom|Seed Bomb|p2a: Ceruledge
|-resisted|p2a: Ceruledge
|-damage|p2a: Ceruledge|72/100
|-ability|p2a: Ceruledge|Weak Armor|boost
|-unboost|p2a: Ceruledge|def|1
|-boost|p2a: Ceruledge|spe|2
|
|upkeep
|turn|11
|
|t:|1760318695
|switch|p1a: Dusknoir|Dusknoir, F|100/100
|-damage|p1a: Dusknoir|88/100|[from] Spikes
|-ability|p1a: Dusknoir|Pressure
|move|p2a: Ceruledge|Bitter Blade|p1a: Dusknoir
|-damage|p1a: Dusknoir|33/100
|-heal|p2a: Ceruledge|99/100|[from] drain|[of] p1a: Dusknoir
|-damage|p2a: Ceruledge|90/100|[from] item: Life Orb
|
|-heal|p1a: Dusknoir|40/100|[from] item: Leftovers
|upkeep
|turn|12
|-message|pokesukr forfeited.
|
|win|O hv do j
|raw|pokesukr's rating: 1076 &rarr; <strong>1055</strong><br />(-21 for losing)
|raw|O hv do j's rating: 1079 &rarr; <strong>1107</strong><br />(+28 for winning)
|l|☆pokesukr
|player|p1|
|l|‽O hv do j
|player|p2|
