|j|☆horses aren't real
|j|☆Yz99999
|t:|1760373138
|gametype|singles
|player|p1|horses aren't real|skullgruntf|1575
|player|p2|Yz99999|169|1526
|gen|9
|tier|[Gen 9] OU
|rated|
|rule|HP Percentage Mod: HP is shown in percentages
|rule|Endless Battle Clause: Forcing endless battles is banned
|rule|Species Clause: Limit one of each Pokémon
|rule|OHKO Clause: OHKO moves are banned
|rule|Evasion Items Clause: Evasion items are banned
|rule|Evasion Moves Clause: Evasion moves are banned
|rule|Evasion Abilities Clause: Evasion abilities are banned
|rule|Sleep Moves Clause: Sleep-inducing moves are banned
|clearpoke
|poke|p1|Ting-Lu|
|poke|p1|Rillaboom, M|
|poke|p1|Great Tusk|
|poke|p1|Gholdengo|
|poke|p1|Darkrai|
|poke|p1|Tornadus-Therian, M|
|poke|p2|Garganacl, F|
|poke|p2|Corviknight, F|
|poke|p2|Great Tusk|
|poke|p2|Scizor, F|
|poke|p2|Raging Bolt|
|poke|p2|Maushold|
|teampreview
|inactive|Battle timer is ON: inactive players will automatically lose when time's up. (requested by horses aren't real)
|
|t:|1760373151
|teamsize|p1|6
|teamsize|p2|6
|start
|switch|p1a: Tornadus|Tornadus-Therian, M|100/100
|switch|p2a: Raging Bolt|Raging Bolt|100/100
|turn|1
|
|t:|1760373153
|move|p2a: Raging Bolt|Thunderclap|p1a: Tornadus
|-supereffective|p1a: Tornadus
|-damage|p1a: Tornadus|12/100
|move|p1a: Tornadus|U-turn|p2a: Raging Bolt
|-damage|p2a: Raging Bolt|87/100
|j| silico
|
|t:|1760373175
|switch|p1a: Gholdengo|Gholdengo|100/100|[from] U-turn
|
|upkeep
|turn|2
|
|t:|1760373181
|-end|p2a: Raging Bolt|Protosynthesis|[silent]
|switch|p2a: Corviknight|Corviknight, F|100/100
|-ability|p2a: Corviknight|Pressure
|move|p1a: Gholdengo|Nasty Plot|p1a: Gholdengo
|-boost|p1a: Gholdengo|spa|2
|
|upkeep
|turn|3
|
|t:|1760373183
|move|p1a: Gholdengo|Shadow Ball|p2a: Corviknight
|-damage|p2a: Corviknight|48/100
|move|p2a: Corviknight|U-turn|p1a: Gholdengo
|-resisted|p1a: Gholdengo
|-damage|p1a: Gholdengo|98/100
|
|t:|1760373185
|switch|p2a: Great Tusk|Great Tusk|100/100|[from] U-turn
|
|upkeep
|turn|4
|
|t:|1760373187
|move|p2a: Great Tusk|Headlong Rush|p1a: Gholdengo
|-supereffective|p1a: Gholdengo
|-enditem|p1a: Gholdengo|Shuca Berry|[eat]
|-enditem|p1a: Gholdengo|Shuca Berry|[weaken]
|-damage|p1a: Gholdengo|57/100
|-unboost|p2a: Great Tusk|def|1
|-unboost|p2a: Great Tusk|spd|1
|move|p1a: Gholdengo|Make It Rain|p2a: Great Tusk
|-damage|p2a: Great Tusk|0 fnt
|-unboost|p1a: Gholdengo|spa|1
|faint|p2a: Great Tusk
|-end|p2a: Great Tusk|Protosynthesis|[silent]
|
|upkeep
|
|t:|1760373192
|switch|p2a: Raging Bolt|Raging Bolt|87/100
|turn|5
|
|t:|1760373195
|switch|p1a: Great Tusk|Great Tusk|100/100
|move|p2a: Raging Bolt|Draco Meteor|p1a: Great Tusk
|-damage|p1a: Great Tusk|0 fnt
|-unboost|p2a: Raging Bolt|spa|2
|faint|p1a: Great Tusk
|-end|p1a: Great Tusk|Protosynthesis|[silent]
|
|upkeep
|
|t:|1760373201
|switch|p1a: Gholdengo|Gholdengo|57/100
|turn|6
|
|t:|1760373206
|-end|p2a: Raging Bolt|Protosynthesis|[silent]
|switch|p2a: Corviknight|Corviknight, F|48/100
|-ability|p2a: Corviknight|Pressure
|move|p1a: Gholdengo|Recover|p1a: Gholdengo
|-heal|p1a: Gholdengo|100/100
|
|upkeep
|turn|7
|
|t:|1760373208
|move|p1a: Gholdengo|Nasty Plot|p1a: Gholdengo
|-boost|p1a: Gholdengo|spa|2
|move|p2a: Corviknight|U-turn|p1a: Gholdengo
|-resisted|p1a: Gholdengo
|-damage|p1a: Gholdengo|98/100
|
|t:|1760373209
|switch|p2a: Raging Bolt|Raging Bolt|87/100|[from] U-turn
|
|upkeep
|turn|8
|
|t:|1760373216
|switch|p1a: Ting-Lu|Ting-Lu|100/100
|-ability|p1a: Ting-Lu|Vessel of Ruin
|move|p2a: Raging Bolt|Thunderbolt|p1a: Ting-Lu
|-immune|p1a: Ting-Lu
|
|upkeep
|turn|9
|
|t:|1760373219
|-end|p2a: Raging Bolt|Protosynthesis|[silent]
|switch|p2a: Corviknight|Corviknight, F|48/100
|-ability|p2a: Corviknight|Pressure
|move|p1a: Ting-Lu|Spikes|p2a: Corviknight
|-sidestart|p2: Yz99999|Spikes
|
|upkeep
|turn|10
|
|t:|1760373221
|move|p2a: Corviknight|U-turn|p1a: Ting-Lu
|-supereffective|p1a: Ting-Lu
|-damage|p1a: Ting-Lu|83/100
|
|t:|1760373222
|switch|p2a: Scizor|Scizor, F|100/100|[from] U-turn
|-damage|p2a: Scizor|88/100|[from] Spikes
|move|p1a: Ting-Lu|Spikes|p2a: Scizor
|-sidestart|p2: Yz99999|Spikes
|
|-heal|p1a: Ting-Lu|89/100|[from] item: Leftovers
|upkeep
|turn|11
|
|t:|1760373225
|move|p2a: Scizor|U-turn|p1a: Ting-Lu
|-supereffective|p1a: Ting-Lu
|-damage|p1a: Ting-Lu|19/100
|
|t:|1760373227
|switch|p2a: Corviknight|Corviknight, F|48/100|[from] U-turn
|-ability|p2a: Corviknight|Pressure
|move|p1a: Ting-Lu|Spikes|p2a: Corviknight
|-sidestart|p2: Yz99999|Spikes
|
|-heal|p1a: Ting-Lu|25/100|[from] item: Leftovers
|upkeep
|turn|12
|
|t:|1760373230
|switch|p1a: Gholdengo|Gholdengo|98/100
|move|p2a: Corviknight|Roost|p2a: Corviknight
|-heal|p2a: Corviknight|98/100
|-singleturn|p2a: Corviknight|move: Roost
|
|upkeep
|turn|13
|
|t:|1760373234
|move|p1a: Gholdengo|Nasty Plot|p1a: Gholdengo
|-boost|p1a: Gholdengo|spa|2
|move|p2a: Corviknight|U-turn|p1a: Gholdengo
|-resisted|p1a: Gholdengo
|-damage|p1a: Gholdengo|96/100
|
|t:|1760373235
|switch|p2a: Raging Bolt|Raging Bolt|87/100|[from] U-turn
|-damage|p2a: Raging Bolt|63/100|[from] Spikes
|
|upkeep
|turn|14
|
|t:|1760373240
|move|p2a: Raging Bolt|Thunderbolt|p1a: Gholdengo
|-damage|p1a: Gholdengo|20/100
|move|p1a: Gholdengo|Shadow Ball|p2a: Raging Bolt
|-damage|p2a: Raging Bolt|0 fnt
|faint|p2a: Raging Bolt
|-end|p2a: Raging Bolt|Protosynthesis|[silent]
|
|upkeep
|
|t:|1760373243
|switch|p2a: Maushold|Maushold|100/100
|-damage|p2a: Maushold|76/100|[from] Spikes
|turn|15
|
|t:|1760373245
|move|p2a: Maushold|Tidy Up|p2a: Maushold
|-sideend|p2: Yz99999|Spikes
|-activate|p2a: Maushold|move: Tidy Up
|-boost|p2a: Maushold|atk|1
|-boost|p2a: Maushold|spe|1
|move|p1a: Gholdengo|Make It Rain|p2a: Maushold
|-damage|p2a: Maushold|0 fnt
|-unboost|p1a: Gholdengo|spa|1
|faint|p2a: Maushold
|
|upkeep
|
|t:|1760373247
|switch|p2a: Scizor|Scizor, F|88/100
|turn|16
|
|t:|1760373250
|move|p2a: Scizor|Bullet Punch|p1a: Gholdengo
|-resisted|p1a: Gholdengo
|-damage|p1a: Gholdengo|4/100
|move|p1a: Gholdengo|Recover|p1a: Gholdengo
|-heal|p1a: Gholdengo|54/100
|
|upkeep
|turn|17
|-message|Yz99999 forfeited.
|
|win|horses aren't real
|raw|horses aren&apos;t real's rating: 1575 &rarr; <strong>1592</strong><br />(+17 for winning)
|raw|Yz99999's rating: 1526 &rarr; <strong>1509</strong><br />(-17 for losing)
|l|☆Yz99999
|player|p2|
