|j|☆ancasa
|j|☆SWAGGER_W2F
|t:|1760445846
|gametype|singles
|player|p1|ancasa|2|1354
|player|p2|SWAGGER_W2F|266|1429
|gen|9
|tier|[Gen 9] OU
|rated|
|rule|HP Percentage Mod: HP is shown in percentages
|rule|Endless Battle Clause: Forcing endless battles is banned
|rule|Species Clause: Limit one of each Pokémon
|rule|OHKO Clause: OHKO moves are banned
|rule|Evasion Items Clause: Evasion items are banned
|rule|Evasion Moves Clause: Evasion moves are banned
|rule|Evasion Abilities Clause: Evasion abilities are banned
|rule|Sleep Moves Clause: Sleep-inducing moves are banned
|clearpoke
|poke|p1|Sinistcha|
|poke|p1|Kleavor, F|
|poke|p1|Dragonite, F|
|poke|p1|Iron Treads|
|poke|p1|Iron Moth|
|poke|p1|Weavile, M|
|poke|p2|Raging Bolt|
|poke|p2|Iron Valiant|
|poke|p2|Ceruledge, M|
|poke|p2|Iron Boulder|
|poke|p2|Ogerpon-Wellspring, F|
|poke|p2|Corviknight, M|
|teampreview
|inactive|Battle timer is ON: inactive players will automatically lose when time's up. (requested by ancasa)
|
|t:|1760445865
|teamsize|p1|6
|teamsize|p2|6
|start
|switch|p1a: Kleavor|Kleavor, F|100/100
|switch|p2a: Ogerpon|Ogerpon-Wellspring, F|100/100
|turn|1
|
|t:|1760445876
|move|p1a: Kleavor|U-turn|p2a: Ogerpon
|-supereffective|p2a: Ogerpon
|-damage|p2a: Ogerpon|0 fnt
|faint|p2a: Ogerpon
|
|t:|1760445888
|switch|p1a: Iron Treads|Iron Treads|100/100|[from] U-turn
|
|upkeep
|
|t:|1760445909
|switch|p2a: Corviknight|Corviknight, M|100/100
|-ability|p2a: Corviknight|Pressure
|turn|2
|
|t:|1760445921
|-end|p1a: Iron Treads|Quark Drive|[silent]
|switch|p1a: Iron Moth|Iron Moth|100/100
|-enditem|p1a: Iron Moth|Booster Energy
|-activate|p1a: Iron Moth|ability: Quark Drive|[fromitem]
|-start|p1a: Iron Moth|quarkdrivespe
|move|p2a: Corviknight|Body Press|p1a: Iron Moth
|-resisted|p1a: Iron Moth
|-damage|p1a: Iron Moth|80/100
|
|upkeep
|turn|3
|
|t:|1760445929
|switch|p2a: Ceruledge|Ceruledge, M|100/100
|move|p1a: Iron Moth|Fiery Dance|p2a: Ceruledge
|-start|p2a: Ceruledge|ability: Flash Fire
|
|upkeep
|turn|4
|
|t:|1760445944
|move|p1a: Iron Moth|Charge Beam|p2a: Ceruledge
|-damage|p2a: Ceruledge|90/100
|move|p2a: Ceruledge|Bitter Blade|p1a: Iron Moth
|-resisted|p1a: Iron Moth
|-damage|p1a: Iron Moth|20/100
|-heal|p2a: Ceruledge|100/100|[from] drain|[of] p1a: Iron Moth
|
|upkeep
|turn|5
|
|t:|1760445952
|move|p2a: Ceruledge|Shadow Sneak|p1a: Iron Moth
|-damage|p1a: Iron Moth|0 fnt
|faint|p1a: Iron Moth
|-end|p1a: Iron Moth|Quark Drive|[silent]
|
|upkeep
|
|t:|1760445956
|switch|p1a: Weavile|Weavile, M|100/100
|-ability|p1a: Weavile|Pressure
|turn|6
|
|t:|1760445963
|-terastallize|p2a: Ceruledge|Fighting
|move|p1a: Weavile|Knock Off|p2a: Ceruledge
|-resisted|p2a: Ceruledge
|-damage|p2a: Ceruledge|59/100
|-enditem|p2a: Ceruledge|Assault Vest|[from] move: Knock Off|[of] p1a: Weavile
|move|p2a: Ceruledge|Bitter Blade|p1a: Weavile
|-supereffective|p1a: Weavile
|-damage|p1a: Weavile|0 fnt
|-heal|p2a: Ceruledge|99/100|[from] drain|[of] p1a: Weavile
|faint|p1a: Weavile
|
|upkeep
|
|t:|1760445987
|switch|p1a: Dragonite|Dragonite, F|100/100
|turn|7
|
|t:|1760445998
|move|p2a: Ceruledge|Poltergeist|p1a: Dragonite
|-activate|p1a: Dragonite|move: Poltergeist|Life Orb
|-damage|p1a: Dragonite|66/100
|move|p1a: Dragonite|Dragon Tail|p2a: Ceruledge
|-damage|p2a: Ceruledge|47/100
|-damage|p1a: Dragonite|56/100|[from] item: Life Orb
|-end|p2a: Ceruledge|ability: Flash Fire|[silent]
|drag|p2a: Iron Valiant|Iron Valiant|100/100
|
|upkeep
|turn|8
|
|t:|1760446014
|switch|p1a: Kleavor|Kleavor, F|100/100
|move|p2a: Iron Valiant|Moonblast|p1a: Kleavor
|-damage|p1a: Kleavor|21/100
|
|upkeep
|turn|9
|
|t:|1760446020
|move|p2a: Iron Valiant|Moonblast|p1a: Kleavor
|-damage|p1a: Kleavor|0 fnt
|faint|p1a: Kleavor
|
|upkeep
|
|t:|1760446028
|switch|p1a: Iron Treads|Iron Treads|100/100
|turn|10
|
|t:|1760446034
|-end|p2a: Iron Valiant|Quark Drive|[silent]
|switch|p2a: Corviknight|Corviknight, M|100/100
|-ability|p2a: Corviknight|Pressure
|move|p1a: Iron Treads|Iron Head|p2a: Corviknight
|-resisted|p2a: Corviknight
|-damage|p2a: Corviknight|87/100
|
|-heal|p2a: Corviknight|93/100|[from] item: Leftovers
|upkeep
|turn|11
|
|t:|1760446042
|-end|p1a: Iron Treads|Quark Drive|[silent]
|switch|p1a: Sinistcha|Sinistcha|100/100
|move|p2a: Corviknight|Body Press|p1a: Sinistcha
|-immune|p1a: Sinistcha
|
|-heal|p2a: Corviknight|99/100|[from] item: Leftovers
|upkeep
|turn|12
|
|t:|1760446049
|move|p1a: Sinistcha|Calm Mind|p1a: Sinistcha
|-boost|p1a: Sinistcha|spa|1
|-boost|p1a: Sinistcha|spd|1
|move|p2a: Corviknight|U-turn|p1a: Sinistcha
|-damage|p1a: Sinistcha|88/100
|-damage|p2a: Corviknight|82/100|[from] item: Rocky Helmet|[of] p1a: Sinistcha
|
|t:|1760446070
|switch|p2a: Raging Bolt|Raging Bolt|100/100|[from] U-turn
|
|upkeep
|turn|13
|
|t:|1760446075
|move|p2a: Raging Bolt|Dragon Pulse|p1a: Sinistcha
|-damage|p1a: Sinistcha|51/100
|move|p1a: Sinistcha|Calm Mind|p1a: Sinistcha
|-boost|p1a: Sinistcha|spa|1
|-boost|p1a: Sinistcha|spd|1
|
|upkeep
|turn|14
|
|t:|1760446082
|move|p2a: Raging Bolt|Volt Switch|p1a: Sinistcha
|-resisted|p1a: Sinistcha
|-damage|p1a: Sinistcha|41/100
|
|t:|1760446087
|-end|p2a: Raging Bolt|Protosynthesis|[silent]
|switch|p2a: Corviknight|Corviknight, M|82/100|[from] Volt Switch
|-ability|p2a: Corviknight|Pressure
|move|p1a: Sinistcha|Strength Sap|p2a: Corviknight
|-unboost|p2a: Corviknight|atk|1
|-heal|p1a: Sinistcha|100/100
|
|-heal|p2a: Corviknight|88/100|[from] item: Leftovers
|upkeep
|turn|15
|
|t:|1760446096
|move|p1a: Sinistcha|Calm Mind|p1a: Sinistcha
|-boost|p1a: Sinistcha|spa|1
|-boost|p1a: Sinistcha|spd|1
|move|p2a: Corviknight|U-turn|p1a: Sinistcha
|-damage|p1a: Sinistcha|91/100
|-damage|p2a: Corviknight|72/100|[from] item: Rocky Helmet|[of] p1a: Sinistcha
|
|t:|1760446102
|switch|p2a: Ceruledge|Ceruledge, M, tera:Fighting|47/100|[from] U-turn
|
|upkeep
|turn|16
|
|t:|1760446112
|-terastallize|p1a: Sinistcha|Dark
|move|p2a: Ceruledge|Bitter Blade|p1a: Sinistcha
|-damage|p1a: Sinistcha|66/100
|-heal|p2a: Ceruledge|60/100|[from] drain|[of] p1a: Sinistcha
|-damage|p2a: Ceruledge|43/100|[from] item: Rocky Helmet|[of] p1a: Sinistcha
|move|p1a: Sinistcha|Shadow Ball|p2a: Ceruledge
|-damage|p2a: Ceruledge|0 fnt
|faint|p2a: Ceruledge
|
|upkeep
|
|t:|1760446125
|switch|p2a: Iron Boulder|Iron Boulder|100/100
|turn|17
|
|t:|1760446135
|move|p2a: Iron Boulder|Sacred Sword|p1a: Sinistcha
|-supereffective|p1a: Sinistcha
|-damage|p1a: Sinistcha|0 fnt
|-damage|p2a: Iron Boulder|84/100|[from] item: Rocky Helmet|[of] p1a: Sinistcha
|faint|p1a: Sinistcha
|
|upkeep
|
|t:|1760446140
|switch|p1a: Iron Treads|Iron Treads|100/100
|turn|18
|
|t:|1760446147
|-end|p2a: Iron Boulder|Quark Drive|[silent]
|switch|p2a: Corviknight|Corviknight, M|72/100
|-ability|p2a: Corviknight|Pressure
|move|p1a: Iron Treads|Earthquake|p2a: Corviknight
|-immune|p2a: Corviknight
|
|-heal|p2a: Corviknight|78/100|[from] item: Leftovers
|upkeep
|turn|19
|l|☆ancasa
|inactive|ancasa disconnected and has a minute to reconnect!
|player|p1|
|inactive|ancasa has 30 seconds to reconnect!
|j|☆ancasa
|inactive|ancasa reconnected and has 115 seconds left.
|player|p1|ancasa|2|
|
|t:|1760446190
|move|p1a: Iron Treads|Iron Head|p2a: Corviknight
|-resisted|p2a: Corviknight
|-damage|p2a: Corviknight|65/100
|move|p2a: Corviknight|Body Press|p1a: Iron Treads
|-supereffective|p1a: Iron Treads
|-damage|p1a: Iron Treads|55/100
|
|-heal|p2a: Corviknight|71/100|[from] item: Leftovers
|upkeep
|turn|20
|
|t:|1760446198
|-end|p1a: Iron Treads|Quark Drive|[silent]
|switch|p1a: Dragonite|Dragonite, F|56/100
|move|p2a: Corviknight|Body Press|p1a: Dragonite
|-resisted|p1a: Dragonite
|-damage|p1a: Dragonite|44/100
|
|-heal|p2a: Corviknight|77/100|[from] item: Leftovers
|upkeep
|turn|21
|inactive|ancasa has 120 seconds left.
|
|t:|1760446211
|move|p2a: Corviknight|U-turn|p1a: Dragonite
|-resisted|p1a: Dragonite
|-damage|p1a: Dragonite|36/100
|
|t:|1760446214
|switch|p2a: Iron Valiant|Iron Valiant|100/100|[from] U-turn
|move|p1a: Dragonite|Dragon Tail|p2a: Iron Valiant
|-immune|p2a: Iron Valiant
|
|upkeep
|turn|22
|
|t:|1760446225
|move|p1a: Dragonite|Extreme Speed|p2a: Iron Valiant
|-damage|p2a: Iron Valiant|45/100
|-damage|p1a: Dragonite|27/100|[from] item: Life Orb
|move|p2a: Iron Valiant|Moonblast|p1a: Dragonite
|-supereffective|p1a: Dragonite
|-damage|p1a: Dragonite|0 fnt
|faint|p1a: Dragonite
|
|upkeep
|
|t:|1760446236
|switch|p1a: Iron Treads|Iron Treads|55/100
|turn|23
|
|t:|1760446239
|move|p2a: Iron Valiant|Moonblast|p1a: Iron Treads
|-resisted|p1a: Iron Treads
|-damage|p1a: Iron Treads|30/100
|move|p1a: Iron Treads|Rapid Spin|p2a: Iron Valiant
|-damage|p2a: Iron Valiant|25/100
|-boost|p1a: Iron Treads|spe|1
|
|upkeep
|turn|24
|
|t:|1760446246
|-end|p2a: Iron Valiant|Quark Drive|[silent]
|switch|p2a: Corviknight|Corviknight, M|77/100
|-ability|p2a: Corviknight|Pressure
|move|p1a: Iron Treads|Iron Head|p2a: Corviknight
|-resisted|p2a: Corviknight
|-damage|p2a: Corviknight|64/100
|
|-heal|p2a: Corviknight|70/100|[from] item: Leftovers
|upkeep
|turn|25
|l|☆ancasa
|inactive|ancasa disconnected and has a minute to reconnect!
|player|p1|
|inactive|ancasa has 30 seconds to reconnect!
|inactive|ancasa has 20 seconds to reconnect!
|inactive|ancasa has 15 seconds to reconnect!
|inactive|ancasa has 10 seconds to reconnect!
|inactive|ancasa has 5 seconds to reconnect!
|-message|ancasa lost due to inactivity.
|
|win|SWAGGER_W2F
|raw|ancasa's rating: 1354 &rarr; <strong>1338</strong><br />(-16 for losing)
|raw|SWAGGER_W2F's rating: 1429 &rarr; <strong>1445</strong><br />(+16 for winning)
|l|☆SWAGGER_W2F
|player|p2|
