|j|☆Edras16
|j|☆teikavideo
|t:|1760373595
|gametype|singles
|player|p1|Edras16|169|1522
|player|p2|teikavideo|1|1569
|gen|9
|tier|[Gen 9] OU
|rated|
|rule|HP Percentage Mod: HP is shown in percentages
|rule|Endless Battle Clause: Forcing endless battles is banned
|rule|Species Clause: Limit one of each Pokémon
|rule|OHKO Clause: OHKO moves are banned
|rule|Evasion Items Clause: Evasion items are banned
|rule|Evasion Moves Clause: Evasion moves are banned
|rule|Evasion Abilities Clause: Evasion abilities are banned
|rule|Sleep Moves Clause: Sleep-inducing moves are banned
|clearpoke
|poke|p1|Ogerpon-Wellspring, F|
|poke|p1|Kingambit, M|
|poke|p1|Landorus-Therian, M|
|poke|p1|Glimmora, M|
|poke|p1|Dragapult, F|
|poke|p1|Iron Valiant|
|poke|p2|Tyranitar, F|
|poke|p2|Excadrill, M|
|poke|p2|Hydrapple, M|
|poke|p2|Garganacl, F|
|poke|p2|Talonflame, M|
|poke|p2|Dragapult, M|
|teampreview
|inactive|Battle timer is ON: inactive players will automatically lose when time's up. (requested by teikavideo)
|
|t:|1760373613
|teamsize|p1|6
|teamsize|p2|6
|start
|switch|p1a: Glimmora|Glimmora, M|100/100
|switch|p2a: Garganacl|Garganacl, F|100/100
|turn|1
|
|t:|1760373623
|move|p1a: Glimmora|Meteor Beam||[still]
|-prepare|p1a: Glimmora|Meteor Beam
|-boost|p1a: Glimmora|spa|1
|-enditem|p1a: Glimmora|Power Herb
|-anim|p1a: Glimmora|Meteor Beam|p2a: Garganacl
|-damage|p2a: Garganacl|26/100
|move|p2a: Garganacl|Salt Cure|p1a: Glimmora
|-damage|p1a: Glimmora|83/100
|-start|p1a: Glimmora|Salt Cure
|-activate|p1a: Glimmora|ability: Toxic Debris
|-sidestart|p2: teikavideo|move: Toxic Spikes
|
|-heal|p2a: Garganacl|32/100|[from] item: Leftovers
|-damage|p1a: Glimmora|71/100|[from] Salt Cure
|upkeep
|turn|2
|
|t:|1760373642
|move|p1a: Glimmora|Earth Power|p2a: Garganacl
|-supereffective|p2a: Garganacl
|-damage|p2a: Garganacl|0 fnt
|faint|p2a: Garganacl
|
|-damage|p1a: Glimmora|58/100|[from] Salt Cure
|upkeep
|
|t:|1760373651
|switch|p2a: Tyranitar|Tyranitar, F|100/100
|-status|p2a: Tyranitar|psn
|-weather|Sandstorm|[from] ability: Sand Stream|[of] p2a: Tyranitar
|turn|3
|
|t:|1760373676
|-terastallize|p2a: Tyranitar|Flying
|move|p1a: Glimmora|Earth Power|p2a: Tyranitar
|-immune|p2a: Tyranitar
|move|p2a: Tyranitar|Roar|p1a: Glimmora
|drag|p1a: Iron Valiant|Iron Valiant|100/100
|-enditem|p1a: Iron Valiant|Booster Energy
|-activate|p1a: Iron Valiant|ability: Quark Drive|[fromitem]
|-start|p1a: Iron Valiant|quarkdrivespe
|
|-weather|Sandstorm|[upkeep]
|-damage|p1a: Iron Valiant|94/100|[from] Sandstorm
|-damage|p2a: Tyranitar|94/100 psn|[from] Sandstorm
|-damage|p2a: Tyranitar|82/100 psn|[from] psn
|upkeep
|turn|4
|
|t:|1760373688
|switch|p2a: Talonflame|Talonflame, M|100/100
|move|p1a: Iron Valiant|Spirit Break|p2a: Talonflame
|-resisted|p2a: Talonflame
|-damage|p2a: Talonflame|83/100
|-unboost|p2a: Talonflame|spa|1
|
|-weather|Sandstorm|[upkeep]
|-damage|p1a: Iron Valiant|88/100|[from] Sandstorm
|-damage|p2a: Talonflame|77/100|[from] Sandstorm
|upkeep
|turn|5
|
|t:|1760373701
|move|p1a: Iron Valiant|Swords Dance|p1a: Iron Valiant
|-boost|p1a: Iron Valiant|atk|2
|move|p2a: Talonflame|Will-O-Wisp|p1a: Iron Valiant
|-status|p1a: Iron Valiant|brn
|
|-weather|Sandstorm|[upkeep]
|-damage|p1a: Iron Valiant|82/100 brn|[from] Sandstorm
|-damage|p2a: Talonflame|71/100|[from] Sandstorm
|-damage|p1a: Iron Valiant|76/100 brn|[from] brn
|upkeep
|turn|6
|
|t:|1760373711
|move|p1a: Iron Valiant|Encore|p2a: Talonflame
|-start|p2a: Talonflame|Encore
|move|p2a: Talonflame|Will-O-Wisp|p1a: Iron Valiant
|-fail|p1a: Iron Valiant|brn
|
|-weather|Sandstorm|[upkeep]
|-damage|p1a: Iron Valiant|69/100 brn|[from] Sandstorm
|-damage|p2a: Talonflame|65/100|[from] Sandstorm
|-damage|p1a: Iron Valiant|63/100 brn|[from] brn
|upkeep
|turn|7
|
|t:|1760373720
|switch|p2a: Excadrill|Excadrill, M|100/100
|move|p1a: Iron Valiant|Knock Off|p2a: Excadrill
|-damage|p2a: Excadrill|59/100
|-enditem|p2a: Excadrill|Leftovers|[from] move: Knock Off|[of] p1a: Iron Valiant
|
|-weather|Sandstorm|[upkeep]
|-damage|p1a: Iron Valiant|57/100 brn|[from] Sandstorm
|-damage|p1a: Iron Valiant|51/100 brn|[from] brn
|upkeep
|turn|8
|
|t:|1760373734
|move|p2a: Excadrill|Rapid Spin|p1a: Iron Valiant
|-damage|p1a: Iron Valiant|30/100 brn
|-boost|p2a: Excadrill|spe|1
|-sideend|p2: teikavideo|Toxic Spikes|[from] move: Rapid Spin|[of] p2a: Excadrill
|move|p1a: Iron Valiant|Knock Off|p2a: Excadrill
|-damage|p2a: Excadrill|34/100
|
|-weather|Sandstorm|[upkeep]
|-damage|p1a: Iron Valiant|24/100 brn|[from] Sandstorm
|-damage|p1a: Iron Valiant|17/100 brn|[from] brn
|upkeep
|turn|9
|
|t:|1760373744
|move|p2a: Excadrill|Rapid Spin|p1a: Iron Valiant
|-damage|p1a: Iron Valiant|0 fnt
|-boost|p2a: Excadrill|spe|1
|faint|p1a: Iron Valiant
|-end|p1a: Iron Valiant|Quark Drive|[silent]
|
|-weather|Sandstorm|[upkeep]
|upkeep
|
|t:|1760373746
|switch|p1a: Landorus|Landorus-Therian, M|100/100
|-ability|p1a: Landorus|Intimidate|boost
|-unboost|p2a: Excadrill|atk|1
|turn|10
|
|t:|1760373757
|switch|p2a: Talonflame|Talonflame, M|65/100
|move|p1a: Landorus|U-turn|p2a: Talonflame
|-resisted|p2a: Talonflame
|-damage|p2a: Talonflame|60/100
|
|t:|1760373763
|switch|p1a: Dragapult|Dragapult, F|100/100|[from] U-turn
|
|-weather|none
|upkeep
|turn|11
|
|t:|1760373771
|-terastallize|p1a: Dragapult|Ghost
|move|p1a: Dragapult|Shadow Ball|p2a: Talonflame
|-damage|p2a: Talonflame|0 fnt
|faint|p2a: Talonflame
|
|upkeep
|
|t:|1760373778
|switch|p2a: Tyranitar|Tyranitar, F, tera:Flying|82/100 psn
|-weather|Sandstorm|[from] ability: Sand Stream|[of] p2a: Tyranitar
|turn|12
|
|t:|1760373785
|switch|p1a: Kingambit|Kingambit, M|100/100
|-activate|p1a: Kingambit|ability: Supreme Overlord
|-start|p1a: Kingambit|fallen1|[silent]
|move|p2a: Tyranitar|Knock Off|p1a: Kingambit
|-resisted|p1a: Kingambit
|-damage|p1a: Kingambit|83/100
|-enditem|p1a: Kingambit|Leftovers|[from] move: Knock Off|[of] p2a: Tyranitar
|
|-weather|Sandstorm|[upkeep]
|-damage|p2a: Tyranitar|76/100 psn|[from] Sandstorm
|-damage|p2a: Tyranitar|63/100 psn|[from] psn
|upkeep
|turn|13
|
|t:|1760373798
|switch|p2a: Hydrapple|Hydrapple, M|100/100
|move|p1a: Kingambit|Kowtow Cleave|p2a: Hydrapple
|-damage|p2a: Hydrapple|67/100
|-damage|p1a: Kingambit|67/100|[from] item: Rocky Helmet|[of] p2a: Hydrapple
|
|-weather|Sandstorm|[upkeep]
|-damage|p2a: Hydrapple|61/100|[from] Sandstorm
|upkeep
|turn|14
|
|t:|1760373808
|-end|p1a: Kingambit|fallen1|[silent]
|switch|p1a: Ogerpon|Ogerpon-Wellspring, F|100/100
|move|p2a: Hydrapple|Earth Power|p1a: Ogerpon
|-resisted|p1a: Ogerpon
|-damage|p1a: Ogerpon|86/100
|
|-weather|Sandstorm|[upkeep]
|-damage|p1a: Ogerpon|80/100|[from] Sandstorm
|-damage|p2a: Hydrapple|55/100|[from] Sandstorm
|upkeep
|turn|15
|
|t:|1760373816
|move|p1a: Ogerpon|Play Rough|p2a: Hydrapple
|-supereffective|p2a: Hydrapple
|-damage|p2a: Hydrapple|14/100
|-damage|p1a: Ogerpon|63/100|[from] item: Rocky Helmet|[of] p2a: Hydrapple
|move|p2a: Hydrapple|Fickle Beam|p1a: Ogerpon
|-damage|p1a: Ogerpon|23/100
|
|-weather|Sandstorm|[upkeep]
|-damage|p1a: Ogerpon|17/100|[from] Sandstorm
|-damage|p2a: Hydrapple|8/100|[from] Sandstorm
|upkeep
|turn|16
|
|t:|1760373833
|switch|p2a: Dragapult|Dragapult, M|100/100
|move|p1a: Ogerpon|Ivy Cudgel|p2a: Dragapult|[anim] Ivy Cudgel Water
|-resisted|p2a: Dragapult
|-damage|p2a: Dragapult|58/100
|
|-weather|Sandstorm|[upkeep]
|-damage|p2a: Dragapult|52/100|[from] Sandstorm
|-damage|p1a: Ogerpon|11/100|[from] Sandstorm
|upkeep
|turn|17
|
|t:|1760373842
|move|p2a: Dragapult|U-turn|p1a: Ogerpon
|-supereffective|p1a: Ogerpon
|-damage|p1a: Ogerpon|0 fnt
|faint|p1a: Ogerpon
|
|t:|1760373850
|switch|p2a: Hydrapple|Hydrapple, M|41/100|[from] U-turn
|
|-weather|Sandstorm|[upkeep]
|-damage|p2a: Hydrapple|35/100|[from] Sandstorm
|upkeep
|c|☆teikavideo|you already won
|
|t:|1760373854
|switch|p1a: Dragapult|Dragapult, F, tera:Ghost|100/100
|turn|18
|c|☆teikavideo|ggs
|-message|teikavideo forfeited.
|
|win|Edras16
|raw|Edras16's rating: 1522 &rarr; <strong>1545</strong><br />(+23 for winning)
|raw|teikavideo's rating: 1569 &rarr; <strong>1546</strong><br />(-23 for losing)
|l|☆teikavideo
|player|p2|
|l|☆Edras16
|player|p1|
