|j|☆TOMBDADDY
|j|☆rinnilune
|t:|1760382560
|gametype|singles
|player|p1|TOMBDADDY|unknown|1286
|player|p2|rinnilune|pokemonrangerf|1206
|gen|9
|tier|[Gen 9] OU
|rated|
|rule|HP Percentage Mod: HP is shown in percentages
|rule|Endless Battle Clause: Forcing endless battles is banned
|rule|Species Clause: Limit one of each Pokémon
|rule|OHKO Clause: OHKO moves are banned
|rule|Evasion Items Clause: Evasion items are banned
|rule|Evasion Moves Clause: Evasion moves are banned
|rule|Evasion Abilities Clause: Evasion abilities are banned
|rule|Sleep Moves Clause: Sleep-inducing moves are banned
|clearpoke
|poke|p1|Heatran, M|
|poke|p1|Hatterene, F|
|poke|p1|Great Tusk|
|poke|p1|Dragonite, M|
|poke|p1|Darkrai|
|poke|p1|Gholdengo|
|poke|p2|Deoxys-Speed|
|poke|p2|Ribombee, M|
|poke|p2|Gholdengo|
|poke|p2|Keldeo-Resolute|
|poke|p2|Iron Leaves|
|poke|p2|Scizor, M|
|teampreview
|
|t:|1760382574
|teamsize|p1|6
|teamsize|p2|6
|start
|switch|p1a: Hatterene|Hatterene, F|100/100
|switch|p2a: Keldeo|Keldeo-Resolute|100/100
|turn|1
|
|t:|1760382585
|switch|p2a: Scizor|Scizor, M|100/100
|move|p1a: Hatterene|Nuzzle|p2a: Scizor
|-crit|p2a: Scizor
|-damage|p2a: Scizor|96/100
|-status|p2a: Scizor|par
|
|upkeep
|turn|2
|
|t:|1760382593
|switch|p1a: Heatran|Heatran, M|100/100
|cant|p2a: Scizor|par
|
|upkeep
|turn|3
|
|t:|1760382599
|switch|p2a: Keldeo|Keldeo-Resolute|100/100
|move|p1a: Heatran|Taunt|p2a: Keldeo
|-start|p2a: Keldeo|move: Taunt
|
|upkeep
|turn|4
|
|t:|1760382614
|switch|p1a: Dragonite|Dragonite, M|100/100
|move|p2a: Keldeo|Hydro Pump|p1a: Dragonite
|-resisted|p1a: Dragonite
|-damage|p1a: Dragonite|85/100
|
|upkeep
|turn|5
|
|t:|1760382624
|switch|p2a: Scizor|Scizor, M|96/100 par
|move|p1a: Dragonite|Extreme Speed|p2a: Scizor
|-resisted|p2a: Scizor
|-damage|p2a: Scizor|81/100 par
|
|upkeep
|turn|6
|
|t:|1760382637
|move|p1a: Dragonite|Dragon Dance|p1a: Dragonite
|-boost|p1a: Dragonite|atk|1
|-boost|p1a: Dragonite|spe|1
|cant|p2a: Scizor|par
|
|upkeep
|turn|7
|
|t:|1760382646
|move|p1a: Dragonite|Earthquake|p2a: Scizor
|-damage|p2a: Scizor|20/100 par
|cant|p2a: Scizor|par
|
|upkeep
|turn|8
|
|t:|1760382651
|move|p1a: Dragonite|Extreme Speed|p2a: Scizor
|-resisted|p2a: Scizor
|-damage|p2a: Scizor|0 fnt
|faint|p2a: Scizor
|
|upkeep
|
|t:|1760382656
|switch|p2a: Ribombee|Ribombee, M, shiny|100/100
|turn|9
|
|t:|1760382666
|switch|p1a: Heatran|Heatran, M|100/100
|move|p2a: Ribombee|Moonblast|p1a: Heatran
|-resisted|p1a: Heatran
|-damage|p1a: Heatran|94/100
|-unboost|p1a: Heatran|spa|1
|
|-heal|p1a: Heatran|99/100|[from] item: Leftovers
|upkeep
|turn|10
|
|t:|1760382676
|switch|p1a: Hatterene|Hatterene, F|100/100
|move|p2a: Ribombee|Light Screen|p2a: Ribombee
|-sidestart|p2: rinnilune|move: Light Screen
|
|upkeep
|turn|11
|
|t:|1760382687
|move|p2a: Ribombee|Moonblast|p1a: Hatterene
|-damage|p1a: Hatterene|60/100
|move|p1a: Hatterene|Nuzzle|p2a: Ribombee
|-damage|p2a: Ribombee|94/100
|
|upkeep
|turn|12
|
|t:|1760382693
|move|p2a: Ribombee|Moonblast|p1a: Hatterene
|-damage|p1a: Hatterene|15/100
|move|p1a: Hatterene|Draining Kiss|p2a: Ribombee
|-damage|p2a: Ribombee|76/100
|-heal|p1a: Hatterene|27/100|[from] drain|[of] p2a: Ribombee
|
|upkeep
|turn|13
|
|t:|1760382700
|move|p2a: Ribombee|Moonblast|p1a: Hatterene
|-damage|p1a: Hatterene|0 fnt
|faint|p1a: Hatterene
|
|upkeep
|
|t:|1760382710
|switch|p1a: Great Tusk|Great Tusk|100/100
|-enditem|p1a: Great Tusk|Booster Energy
|-activate|p1a: Great Tusk|ability: Protosynthesis|[fromitem]
|-start|p1a: Great Tusk|protosynthesisatk
|turn|14
|
|t:|1760382730
|-terastallize|p1a: Great Tusk|Steel
|move|p2a: Ribombee|Moonblast|p1a: Great Tusk
|-resisted|p1a: Great Tusk
|-damage|p1a: Great Tusk|72/100
|-unboost|p1a: Great Tusk|spa|1
|move|p1a: Great Tusk|Rapid Spin|p2a: Ribombee
|-damage|p2a: Ribombee|31/100
|-boost|p1a: Great Tusk|spe|1
|
|-sideend|p2: rinnilune|move: Light Screen
|upkeep
|turn|15
|
|t:|1760382742
|switch|p2a: Keldeo|Keldeo-Resolute|100/100
|move|p1a: Great Tusk|Rapid Spin|p2a: Keldeo
|-damage|p2a: Keldeo|72/100
|-boost|p1a: Great Tusk|spe|1
|
|-heal|p2a: Keldeo|78/100|[from] item: Leftovers
|upkeep
|turn|16
|
|t:|1760382754
|move|p1a: Great Tusk|Headlong Rush|p2a: Keldeo
|-damage|p2a: Keldeo|0 fnt
|-unboost|p1a: Great Tusk|def|1
|-unboost|p1a: Great Tusk|spd|1
|faint|p2a: Keldeo
|
|upkeep
|
|t:|1760382761
|switch|p2a: Gholdengo|Gholdengo|100/100
|-item|p2a: Gholdengo|Air Balloon
|turn|17
|
|t:|1760382769
|move|p1a: Great Tusk|Knock Off|p2a: Gholdengo
|-supereffective|p2a: Gholdengo
|-crit|p2a: Gholdengo
|-damage|p2a: Gholdengo|0 fnt
|-enditem|p2a: Gholdengo|Air Balloon
|faint|p2a: Gholdengo
|
|upkeep
|
|t:|1760382777
|switch|p2a: Iron Leaves|Iron Leaves|100/100
|-enditem|p2a: Iron Leaves|Booster Energy
|-activate|p2a: Iron Leaves|ability: Quark Drive|[fromitem]
|-start|p2a: Iron Leaves|quarkdriveatk
|turn|18
|
|t:|1760382786
|move|p1a: Great Tusk|Close Combat|p2a: Iron Leaves
|-resisted|p2a: Iron Leaves
|-damage|p2a: Iron Leaves|55/100
|-unboost|p1a: Great Tusk|def|1
|-unboost|p1a: Great Tusk|spd|1
|move|p2a: Iron Leaves|Sacred Sword|p1a: Great Tusk
|-supereffective|p1a: Great Tusk
|-damage|p1a: Great Tusk|5/100
|
|upkeep
|turn|19
|
|t:|1760382800
|move|p1a: Great Tusk|Knock Off|p2a: Iron Leaves
|-supereffective|p2a: Iron Leaves
|-damage|p2a: Iron Leaves|0 fnt
|faint|p2a: Iron Leaves
|-end|p2a: Iron Leaves|Quark Drive|[silent]
|
|upkeep
|
|t:|1760382804
|switch|p2a: Deoxys|Deoxys-Speed|100/100
|-ability|p2a: Deoxys|Pressure
|turn|20
|
|t:|1760382819
|move|p1a: Great Tusk|Knock Off|p2a: Deoxys
|-supereffective|p2a: Deoxys
|-damage|p2a: Deoxys|0 fnt
|-enditem|p2a: Deoxys|Life Orb|[from] move: Knock Off|[of] p1a: Great Tusk
|faint|p2a: Deoxys
|
|upkeep
|
|t:|1760382824
|switch|p2a: Ribombee|Ribombee, M, shiny|31/100
|turn|21
|
|t:|1760382828
|move|p1a: Great Tusk|Headlong Rush|p2a: Ribombee
|-resisted|p2a: Ribombee
|-damage|p2a: Ribombee|0 fnt
|-unboost|p1a: Great Tusk|def|1
|-unboost|p1a: Great Tusk|spd|1
|faint|p2a: Ribombee
|
|win|TOMBDADDY
|raw|TOMBDADDY's rating: 1286 &rarr; <strong>1305</strong><br />(+19 for winning)
|raw|rinnilune's rating: 1206 &rarr; <strong>1187</strong><br />(-19 for losing)
|l|☆rinnilune
|player|p2|
