|j|☆vawstyn
|j|☆Most haxed
|t:|1760424458
|gametype|singles
|player|p1|vawstyn|1|1052
|player|p2|Most haxed|102|1126
|gen|9
|tier|[Gen 9] OU
|rated|
|rule|HP Percentage Mod: HP is shown in percentages
|rule|Endless Battle Clause: Forcing endless battles is banned
|rule|Species Clause: Limit one of each Pokémon
|rule|OHKO Clause: OHKO moves are banned
|rule|Evasion Items Clause: Evasion items are banned
|rule|Evasion Moves Clause: Evasion moves are banned
|rule|Evasion Abilities Clause: Evasion abilities are banned
|rule|Sleep Moves Clause: Sleep-inducing moves are banned
|clearpoke
|poke|p1|Pecharunt|
|poke|p1|Kyurem|
|poke|p1|Slowking-Galar, M|
|poke|p1|Ting-Lu|
|poke|p1|Corviknight, F|
|poke|p1|Kingambit, M|
|poke|p2|Gardevoir, M|
|poke|p2|Goodra-Hisui, F|
|poke|p2|Cinderace, F|
|poke|p2|Rillaboom, F|
|poke|p2|Iron Hands|
|poke|p2|Ninetales-Alola, F|
|teampreview
|inactive|Battle timer is ON: inactive players will automatically lose when time's up. (requested by vawstyn)
|
|t:|1760424483
|teamsize|p1|6
|teamsize|p2|6
|start
|switch|p1a: Slowking|Slowking-Galar, M, shiny|100/100
|switch|p2a: Goodra|Goodra-Hisui, F|100/100
|turn|1
|
|t:|1760424505
|move|p2a: Goodra|Flash Cannon|p1a: Slowking
|-damage|p1a: Slowking|65/100
|move|p1a: Slowking|Future Sight|p2a: Goodra
|-start|p1a: Slowking|move: Future Sight
|
|upkeep
|turn|2
|
|t:|1760424509
|move|p2a: Goodra|Flash Cannon|p1a: Slowking
|-damage|p1a: Slowking|31/100
|-prepare|p1a: Slowking|Chilly Reception|[premajor]
|move|p1a: Slowking|Chilly Reception|p1a: Slowking
|-weather|Snowscape
|
|t:|1760424512
|switch|p1a: Kyurem|Kyurem|100/100|[from] Chilly Reception
|-ability|p1a: Kyurem|Pressure
|
|-weather|Snowscape|[upkeep]
|upkeep
|turn|3
|
|t:|1760424516
|move|p1a: Kyurem|Substitute|p1a: Kyurem
|-start|p1a: Kyurem|Substitute
|-damage|p1a: Kyurem|75/100
|move|p2a: Goodra|Flash Cannon|p1a: Kyurem
|-supereffective|p1a: Kyurem
|-end|p1a: Kyurem|Substitute
|
|-weather|Snowscape|[upkeep]
|-end|p2a: Goodra|move: Future Sight
|-resisted|p2a: Goodra
|-damage|p2a: Goodra|86/100
|-heal|p1a: Kyurem|82/100|[from] item: Leftovers
|upkeep
|turn|4
|
|t:|1760424544
|move|p1a: Kyurem|Protect|p1a: Kyurem
|-singleturn|p1a: Kyurem|Protect
|move|p2a: Goodra|Flash Cannon|p1a: Kyurem
|-activate|p1a: Kyurem|move: Protect
|
|-weather|Snowscape|[upkeep]
|-heal|p1a: Kyurem|88/100|[from] item: Leftovers
|upkeep
|turn|5
|inactive|vawstyn has 120 seconds left.
|
|t:|1760424570
|switch|p2a: Ninetales|Ninetales-Alola, F|100/100
|move|p1a: Kyurem|Earth Power|p2a: Ninetales
|-damage|p2a: Ninetales|64/100
|
|-weather|Snowscape|[upkeep]
|-heal|p1a: Kyurem|94/100|[from] item: Leftovers
|upkeep
|turn|6
|
|t:|1760424576
|move|p1a: Kyurem|Protect|p1a: Kyurem
|-singleturn|p1a: Kyurem|Protect
|move|p2a: Ninetales|Encore|p1a: Kyurem
|-activate|p1a: Kyurem|move: Protect
|
|-weather|none
|-heal|p1a: Kyurem|99/100|[from] item: Leftovers
|upkeep
|turn|7
|
|t:|1760424580
|switch|p1a: Corviknight|Corviknight, F|100/100
|-ability|p1a: Corviknight|Pressure
|move|p2a: Ninetales|Encore||[still]
|-fail|p2a: Ninetales
|
|upkeep
|turn|8
|
|t:|1760424585
|switch|p2a: Rillaboom|Rillaboom, F, shiny|100/100
|-fieldstart|move: Grassy Terrain|[from] ability: Grassy Surge|[of] p2a: Rillaboom
|move|p1a: Corviknight|Iron Defense|p1a: Corviknight
|-boost|p1a: Corviknight|def|2
|
|upkeep
|turn|9
|
|t:|1760424588
|move|p2a: Rillaboom|Leech Seed|p1a: Corviknight
|-start|p1a: Corviknight|move: Leech Seed
|move|p1a: Corviknight|Iron Defense|p1a: Corviknight
|-boost|p1a: Corviknight|def|2
|
|-damage|p1a: Corviknight|88/100|[from] Leech Seed|[of] p2a: Rillaboom
|upkeep
|turn|10
|
|t:|1760424592
|move|p2a: Rillaboom|Substitute|p2a: Rillaboom
|-start|p2a: Rillaboom|Substitute
|-damage|p2a: Rillaboom|76/100
|move|p1a: Corviknight|Iron Defense|p1a: Corviknight
|-boost|p1a: Corviknight|def|2
|
|-heal|p2a: Rillaboom|82/100|[from] Grassy Terrain
|-heal|p2a: Rillaboom|88/100|[from] item: Leftovers
|-damage|p1a: Corviknight|76/100|[from] Leech Seed|[of] p2a: Rillaboom
|-heal|p2a: Rillaboom|100/100|[silent]
|upkeep
|turn|11
|
|t:|1760424602
|move|p2a: Rillaboom|Grassy Glide|p1a: Corviknight
|-resisted|p1a: Corviknight
|-damage|p1a: Corviknight|75/100
|move|p1a: Corviknight|Body Press|p2a: Rillaboom
|-end|p2a: Rillaboom|Substitute
|
|-damage|p1a: Corviknight|63/100|[from] Leech Seed|[of] p2a: Rillaboom
|upkeep
|turn|12
|
|t:|1760424610
|move|p2a: Rillaboom|Substitute|p2a: Rillaboom
|-start|p2a: Rillaboom|Substitute
|-damage|p2a: Rillaboom|76/100
|move|p1a: Corviknight|Body Press|p2a: Rillaboom
|-end|p2a: Rillaboom|Substitute
|
|-heal|p2a: Rillaboom|82/100|[from] Grassy Terrain
|-heal|p2a: Rillaboom|88/100|[from] item: Leftovers
|-damage|p1a: Corviknight|50/100|[from] Leech Seed|[of] p2a: Rillaboom
|-heal|p2a: Rillaboom|100/100|[silent]
|-fieldend|move: Grassy Terrain
|upkeep
|turn|13
|
|t:|1760424619
|move|p2a: Rillaboom|Substitute|p2a: Rillaboom
|-start|p2a: Rillaboom|Substitute
|-damage|p2a: Rillaboom|76/100
|move|p1a: Corviknight|Roost|p1a: Corviknight
|-heal|p1a: Corviknight|100/100
|-singleturn|p1a: Corviknight|move: Roost
|
|-heal|p2a: Rillaboom|82/100|[from] item: Leftovers
|-damage|p1a: Corviknight|88/100|[from] Leech Seed|[of] p2a: Rillaboom
|-heal|p2a: Rillaboom|95/100|[silent]
|upkeep
|turn|14
|
|t:|1760424633
|move|p2a: Rillaboom|Grassy Glide|p1a: Corviknight
|-resisted|p1a: Corviknight
|-damage|p1a: Corviknight|87/100
|move|p1a: Corviknight|Body Press|p2a: Rillaboom
|-end|p2a: Rillaboom|Substitute
|
|-heal|p2a: Rillaboom|100/100|[from] item: Leftovers
|-damage|p1a: Corviknight|75/100|[from] Leech Seed|[of] p2a: Rillaboom
|upkeep
|turn|15
|
|t:|1760424638
|move|p2a: Rillaboom|Substitute|p2a: Rillaboom
|-start|p2a: Rillaboom|Substitute
|-damage|p2a: Rillaboom|76/100
|move|p1a: Corviknight|Body Press|p2a: Rillaboom
|-end|p2a: Rillaboom|Substitute
|
|-heal|p2a: Rillaboom|82/100|[from] item: Leftovers
|-damage|p1a: Corviknight|63/100|[from] Leech Seed|[of] p2a: Rillaboom
|-heal|p2a: Rillaboom|95/100|[silent]
|upkeep
|turn|16
|
|t:|1760424643
|move|p2a: Rillaboom|Substitute|p2a: Rillaboom
|-start|p2a: Rillaboom|Substitute
|-damage|p2a: Rillaboom|70/100
|move|p1a: Corviknight|Body Press|p2a: Rillaboom
|-end|p2a: Rillaboom|Substitute
|
|-heal|p2a: Rillaboom|76/100|[from] item: Leftovers
|-damage|p1a: Corviknight|50/100|[from] Leech Seed|[of] p2a: Rillaboom
|-heal|p2a: Rillaboom|89/100|[silent]
|upkeep
|turn|17
|
|t:|1760424646
|move|p2a: Rillaboom|Substitute|p2a: Rillaboom
|-start|p2a: Rillaboom|Substitute
|-damage|p2a: Rillaboom|64/100
|move|p1a: Corviknight|Body Press|p2a: Rillaboom
|-end|p2a: Rillaboom|Substitute
|
|-heal|p2a: Rillaboom|70/100|[from] item: Leftovers
|-damage|p1a: Corviknight|38/100|[from] Leech Seed|[of] p2a: Rillaboom
|-heal|p2a: Rillaboom|83/100|[silent]
|upkeep
|turn|18
|
|t:|1760424657
|move|p2a: Rillaboom|Substitute|p2a: Rillaboom
|-start|p2a: Rillaboom|Substitute
|-damage|p2a: Rillaboom|58/100
|move|p1a: Corviknight|Roost|p1a: Corviknight
|-heal|p1a: Corviknight|88/100
|-singleturn|p1a: Corviknight|move: Roost
|
|-heal|p2a: Rillaboom|64/100|[from] item: Leftovers
|-damage|p1a: Corviknight|76/100|[from] Leech Seed|[of] p2a: Rillaboom
|-heal|p2a: Rillaboom|77/100|[silent]
|upkeep
|turn|19
|
|t:|1760424667
|move|p2a: Rillaboom|Grassy Glide|p1a: Corviknight
|-resisted|p1a: Corviknight
|-damage|p1a: Corviknight|75/100
|move|p1a: Corviknight|Body Press|p2a: Rillaboom
|-end|p2a: Rillaboom|Substitute
|
|-heal|p2a: Rillaboom|83/100|[from] item: Leftovers
|-damage|p1a: Corviknight|63/100|[from] Leech Seed|[of] p2a: Rillaboom
|-heal|p2a: Rillaboom|96/100|[silent]
|upkeep
|turn|20
|
|t:|1760424676
|move|p2a: Rillaboom|Substitute|p2a: Rillaboom
|-start|p2a: Rillaboom|Substitute
|-damage|p2a: Rillaboom|71/100
|move|p1a: Corviknight|Body Press|p2a: Rillaboom
|-end|p2a: Rillaboom|Substitute
|
|-heal|p2a: Rillaboom|78/100|[from] item: Leftovers
|-damage|p1a: Corviknight|50/100|[from] Leech Seed|[of] p2a: Rillaboom
|-heal|p2a: Rillaboom|90/100|[silent]
|upkeep
|turn|21
|
|t:|1760424688
|move|p2a: Rillaboom|Substitute|p2a: Rillaboom
|-start|p2a: Rillaboom|Substitute
|-damage|p2a: Rillaboom|66/100
|move|p1a: Corviknight|Roost|p1a: Corviknight
|-heal|p1a: Corviknight|100/100
|-singleturn|p1a: Corviknight|move: Roost
|
|-heal|p2a: Rillaboom|72/100|[from] item: Leftovers
|-damage|p1a: Corviknight|88/100|[from] Leech Seed|[of] p2a: Rillaboom
|-heal|p2a: Rillaboom|85/100|[silent]
|upkeep
|turn|22
|
|t:|1760424698
|move|p2a: Rillaboom|Leech Seed||[still]
|-fail|p2a: Rillaboom
|move|p1a: Corviknight|Body Press|p2a: Rillaboom
|-end|p2a: Rillaboom|Substitute
|
|-heal|p2a: Rillaboom|91/100|[from] item: Leftovers
|-damage|p1a: Corviknight|76/100|[from] Leech Seed|[of] p2a: Rillaboom
|-heal|p2a: Rillaboom|100/100|[silent]
|upkeep
|turn|23
|c|☆vawstyn|What’s the gameplan
|c|☆vawstyn|Corv isn’t a sweeper wasting my bp is nothing
|
|t:|1760424725
|move|p2a: Rillaboom|Substitute|p2a: Rillaboom
|-start|p2a: Rillaboom|Substitute
|-damage|p2a: Rillaboom|76/100
|move|p1a: Corviknight|Body Press|p2a: Rillaboom
|-end|p2a: Rillaboom|Substitute
|
|-heal|p2a: Rillaboom|82/100|[from] item: Leftovers
|-damage|p1a: Corviknight|64/100|[from] Leech Seed|[of] p2a: Rillaboom
|-heal|p2a: Rillaboom|95/100|[silent]
|upkeep
|turn|24
|
|t:|1760424733
|move|p2a: Rillaboom|Substitute|p2a: Rillaboom
|-start|p2a: Rillaboom|Substitute
|-damage|p2a: Rillaboom|70/100
|move|p1a: Corviknight|Roost|p1a: Corviknight
|-heal|p1a: Corviknight|100/100
|-singleturn|p1a: Corviknight|move: Roost
|
|-heal|p2a: Rillaboom|76/100|[from] item: Leftovers
|-damage|p1a: Corviknight|88/100|[from] Leech Seed|[of] p2a: Rillaboom
|-heal|p2a: Rillaboom|89/100|[silent]
|upkeep
|turn|25
|
|t:|1760424744
|move|p2a: Rillaboom|Leech Seed||[still]
|-fail|p2a: Rillaboom
|move|p1a: Corviknight|Body Press|p2a: Rillaboom
|-end|p2a: Rillaboom|Substitute
|
|-heal|p2a: Rillaboom|95/100|[from] item: Leftovers
|-damage|p1a: Corviknight|76/100|[from] Leech Seed|[of] p2a: Rillaboom
|-heal|p2a: Rillaboom|100/100|[silent]
|upkeep
|turn|26
|
|t:|1760424752
|switch|p2a: Ninetales|Ninetales-Alola, F|64/100
|-weather|Snowscape|[from] ability: Snow Warning|[of] p2a: Ninetales
|move|p1a: Corviknight|Iron Defense|p1a: Corviknight
|-boost|p1a: Corviknight|def|0
|
|-weather|Snowscape|[upkeep]
|-damage|p1a: Corviknight|64/100|[from] Leech Seed|[of] p2a: Ninetales
|-heal|p2a: Ninetales|81/100|[silent]
|upkeep
|turn|27
|
|t:|1760424759
|move|p2a: Ninetales|Encore|p1a: Corviknight
|-start|p1a: Corviknight|Encore
|move|p1a: Corviknight|Iron Defense|p1a: Corviknight
|-boost|p1a: Corviknight|def|0
|
|-weather|Snowscape|[upkeep]
|-damage|p1a: Corviknight|51/100|[from] Leech Seed|[of] p2a: Ninetales
|-heal|p2a: Ninetales|97/100|[silent]
|upkeep
|turn|28
|
|t:|1760424766
|switch|p1a: Kingambit|Kingambit, M|100/100
|move|p2a: Ninetales|Aurora Veil|p2a: Ninetales
|-sidestart|p2: Most haxed|move: Aurora Veil
|
|-weather|Snowscape|[upkeep]
|upkeep
|turn|29
|
|t:|1760424772
|switch|p2a: Iron Hands|Iron Hands, shiny|100/100
|move|p1a: Kingambit|Iron Head|p2a: Iron Hands
|-resisted|p2a: Iron Hands
|-damage|p2a: Iron Hands|94/100
|
|-weather|Snowscape|[upkeep]
|upkeep
|turn|30
|
|t:|1760424777
|-end|p1a: Kingambit|fallenundefined|[silent]
|switch|p1a: Pecharunt|Pecharunt|100/100
|move|p2a: Iron Hands|Thunder Punch|p1a: Pecharunt
|-damage|p1a: Pecharunt|75/100
|
|-weather|Snowscape|[upkeep]
|upkeep
|turn|31
|
|t:|1760424783
|move|p1a: Pecharunt|Malignant Chain|p2a: Iron Hands
|-damage|p2a: Iron Hands|80/100
|-status|p2a: Iron Hands|tox
|-start|p2a: Iron Hands|confusion|[from] ability: Poison Puppeteer|[of] p1a: Pecharunt
|-activate|p2a: Iron Hands|confusion
|-damage|p2a: Iron Hands|73/100 tox|[from] confusion
|
|-weather|Snowscape|[upkeep]
|-damage|p2a: Iron Hands|66/100 tox|[from] psn
|upkeep
|turn|32
|
|t:|1760424789
|-end|p2a: Iron Hands|Quark Drive|[silent]
|switch|p2a: Goodra|Goodra-Hisui, F|86/100
|move|p1a: Pecharunt|Parting Shot|p2a: Goodra
|-unboost|p2a: Goodra|atk|1
|-unboost|p2a: Goodra|spa|1
|
|t:|1760424792
|switch|p1a: Corviknight|Corviknight, F|51/100|[from] Parting Shot
|-ability|p1a: Corviknight|Pressure
|
|-weather|Snowscape|[upkeep]
|-sideend|p2: Most haxed|move: Aurora Veil
|upkeep
|turn|33
|
|t:|1760424795
|move|p1a: Corviknight|Roost|p1a: Corviknight
|-heal|p1a: Corviknight|100/100
|-singleturn|p1a: Corviknight|move: Roost
|move|p2a: Goodra|Flamethrower|p1a: Corviknight
|-supereffective|p1a: Corviknight
|-damage|p1a: Corviknight|39/100
|
|-weather|none
|upkeep
|turn|34
|
|t:|1760424802
|switch|p1a: Slowking|Slowking-Galar, M, shiny|64/100
|switch|p2a: Ninetales|Ninetales-Alola, F|97/100
|-weather|Snowscape|[from] ability: Snow Warning|[of] p2a: Ninetales
|
|-weather|Snowscape|[upkeep]
|upkeep
|turn|35
|
|t:|1760424806
|move|p2a: Ninetales|Aurora Veil|p2a: Ninetales
|-sidestart|p2: Most haxed|move: Aurora Veil
|move|p1a: Slowking|Sludge Bomb|p2a: Ninetales
|-supereffective|p2a: Ninetales
|-damage|p2a: Ninetales|61/100
|
|-weather|Snowscape|[upkeep]
|upkeep
|turn|36
|
|t:|1760424811
|switch|p2a: Goodra|Goodra-Hisui, F|86/100
|switch|p1a: Corviknight|Corviknight, F|39/100
|-ability|p1a: Corviknight|Pressure
|
|-weather|Snowscape|[upkeep]
|upkeep
|turn|37
|
|t:|1760424815
|switch|p1a: Slowking|Slowking-Galar, M, shiny|97/100
|move|p2a: Goodra|Draco Meteor|p1a: Slowking
|-damage|p1a: Slowking|42/100
|-unboost|p2a: Goodra|spa|2
|
|-weather|Snowscape|[upkeep]
|upkeep
|turn|38
|
|t:|1760424820
|switch|p2a: Gardevoir|Gardevoir, M, shiny|100/100
|-ability|p2a: Gardevoir|Regenerator|Trace|[from] ability: Trace|[of] p1a: Slowking
|switch|p1a: Corviknight|Corviknight, F|39/100
|-ability|p1a: Corviknight|Pressure
|
|-weather|Snowscape|[upkeep]
|upkeep
|turn|39
|
|t:|1760424824
|move|p2a: Gardevoir|Calm Mind|p2a: Gardevoir
|-boost|p2a: Gardevoir|spa|1
|-boost|p2a: Gardevoir|spd|1
|move|p1a: Corviknight|Roost|p1a: Corviknight
|-heal|p1a: Corviknight|89/100
|-singleturn|p1a: Corviknight|move: Roost
|
|-weather|Snowscape|[upkeep]
|-sideend|p2: Most haxed|move: Aurora Veil
|upkeep
|turn|40
|
|t:|1760424829
|switch|p1a: Ting-Lu|Ting-Lu|100/100
|-ability|p1a: Ting-Lu|Vessel of Ruin
|move|p2a: Gardevoir|Calm Mind|p2a: Gardevoir
|-boost|p2a: Gardevoir|spa|1
|-boost|p2a: Gardevoir|spd|1
|
|-weather|Snowscape|[upkeep]
|upkeep
|turn|41
|
|t:|1760424831
|move|p2a: Gardevoir|Moonblast|p1a: Ting-Lu
|-supereffective|p1a: Ting-Lu
|-damage|p1a: Ting-Lu|10/100
|-unboost|p1a: Ting-Lu|spa|1
|move|p1a: Ting-Lu|Whirlwind|p2a: Gardevoir
|drag|p2a: Cinderace|Cinderace, F|100/100
|
|-weather|none
|-heal|p1a: Ting-Lu|17/100|[from] item: Leftovers
|upkeep
|turn|42
|
|t:|1760424839
|switch|p1a: Pecharunt|Pecharunt|75/100
|move|p2a: Cinderace|Pyro Ball|p1a: Pecharunt
|-damage|p1a: Pecharunt|46/100
|
|upkeep
|turn|43
|
|t:|1760424843
|switch|p2a: Goodra|Goodra-Hisui, F|86/100
|move|p1a: Pecharunt|Recover|p1a: Pecharunt
|-heal|p1a: Pecharunt|96/100
|
|upkeep
|turn|44
|
|t:|1760424846
|move|p1a: Pecharunt|Malignant Chain|p2a: Goodra
|-immune|p2a: Goodra
|move|p2a: Goodra|Draco Meteor|p1a: Pecharunt
|-damage|p1a: Pecharunt|0 fnt
|-unboost|p2a: Goodra|spa|2
|faint|p1a: Pecharunt
|
|upkeep
|
|t:|1760424849
|switch|p1a: Kyurem|Kyurem|99/100
|-ability|p1a: Kyurem|Pressure
|turn|45
|
|t:|1760424858
|switch|p2a: Ninetales|Ninetales-Alola, F|61/100
|-weather|Snowscape|[from] ability: Snow Warning|[of] p2a: Ninetales
|move|p1a: Kyurem|Substitute|p1a: Kyurem
|-start|p1a: Kyurem|Substitute
|-damage|p1a: Kyurem|75/100
|
|-weather|Snowscape|[upkeep]
|-heal|p1a: Kyurem|81/100|[from] item: Leftovers
|upkeep
|turn|46
|
|t:|1760424861
|move|p2a: Ninetales|Encore|p1a: Kyurem
|-start|p1a: Kyurem|Encore
|move|p1a: Kyurem|Substitute|p1a: Kyurem
|-fail|p1a: Kyurem|move: Substitute
|
|-weather|Snowscape|[upkeep]
|-heal|p1a: Kyurem|88/100|[from] item: Leftovers
|upkeep
|turn|47
|
|t:|1760424871
|switch|p2a: Gardevoir|Gardevoir, M, shiny|100/100
|-ability|p2a: Gardevoir|Pressure|Trace|[from] ability: Trace|[of] p1a: Kyurem
|-ability|p2a: Gardevoir|Pressure
|switch|p1a: Slowking|Slowking-Galar, M, shiny|75/100
|
|-weather|Snowscape|[upkeep]
|upkeep
|turn|48
|
|t:|1760424892
|-terastallize|p2a: Gardevoir|Steel
|move|p2a: Gardevoir|Calm Mind|p2a: Gardevoir
|-boost|p2a: Gardevoir|spa|1
|-boost|p2a: Gardevoir|spd|1
|move|p1a: Slowking|Sludge Bomb|p2a: Gardevoir
|-immune|p2a: Gardevoir
|
|-weather|Snowscape|[upkeep]
|upkeep
|turn|49
|-message|vawstyn forfeited.
|
|win|Most haxed
|raw|vawstyn's rating: 1052 &rarr; <strong>1038</strong><br />(-14 for losing)
|raw|Most haxed's rating: 1126 &rarr; <strong>1146</strong><br />(+20 for winning)
|l|☆vawstyn
|player|p1|
