|j|☆xdeadoutside
|j|☆Qbreezy
|t:|1760322160
|gametype|singles
|player|p1|xdeadoutside|169|1366
|player|p2|Qbreezy|102|1369
|gen|9
|tier|[Gen 9] OU
|rated|
|rule|HP Percentage Mod: HP is shown in percentages
|rule|Endless Battle Clause: Forcing endless battles is banned
|rule|Species Clause: Limit one of each Pokémon
|rule|OHKO Clause: OHKO moves are banned
|rule|Evasion Items Clause: Evasion items are banned
|rule|Evasion Moves Clause: Evasion moves are banned
|rule|Evasion Abilities Clause: Evasion abilities are banned
|rule|Sleep Moves Clause: Sleep-inducing moves are banned
|clearpoke
|poke|p1|Kingdra, F|
|poke|p1|Pelipper, F|
|poke|p1|Hatterene, F|
|poke|p1|Kyurem|
|poke|p1|Dragonite, F|
|poke|p1|Quaquaval, M|
|poke|p2|Grafaiai, M|
|poke|p2|Rillaboom, F|
|poke|p2|Hawlucha, M|
|poke|p2|Iron Boulder|
|poke|p2|Hoopa-Unbound|
|poke|p2|Moltres|
|teampreview
|
|t:|1760322170
|teamsize|p1|6
|teamsize|p2|6
|start
|switch|p1a: Kyurem|Kyurem|100/100
|switch|p2a: Hoopa|Hoopa-Unbound|100/100
|-ability|p1a: Kyurem|Pressure
|turn|1
|
|t:|1760322178
|move|p1a: Kyurem|Substitute|p1a: Kyurem
|-start|p1a: Kyurem|Substitute
|-damage|p1a: Kyurem|76/100
|move|p2a: Hoopa|Knock Off|p1a: Kyurem
|-end|p1a: Kyurem|Substitute
|
|-heal|p1a: Kyurem|82/100|[from] item: Leftovers
|upkeep
|turn|2
|j| tsugia
|
|t:|1760322191
|move|p1a: Kyurem|Substitute|p1a: Kyurem
|-start|p1a: Kyurem|Substitute
|-damage|p1a: Kyurem|57/100
|move|p2a: Hoopa|Psychic Noise|p1a: Kyurem
|-damage|p1a: Kyurem|15/100
|-start|p1a: Kyurem|move: Heal Block
|
|upkeep
|turn|3
|
|t:|1760322199
|switch|p1a: Hatterene|Hatterene, F|100/100
|move|p2a: Hoopa|Psychic Noise|p1a: Hatterene
|-resisted|p1a: Hatterene
|-damage|p1a: Hatterene|83/100
|-start|p1a: Hatterene|move: Heal Block
|
|upkeep
|turn|4
|
|t:|1760322210
|move|p2a: Hoopa|Hyperspace Fury|p1a: Hatterene
|-damage|p1a: Hatterene|19/100
|-unboost|p2a: Hoopa|def|1
|move|p1a: Hatterene|Nuzzle|p2a: Hoopa
|-damage|p2a: Hoopa|91/100
|-status|p2a: Hoopa|par
|
|-end|p1a: Hatterene|move: Heal Block
|upkeep
|turn|5
|
|t:|1760322227
|move|p1a: Hatterene|Healing Wish|p1a: Hatterene
|faint|p1a: Hatterene
|cant|p2a: Hoopa|par
|
|upkeep
|
|t:|1760322230
|switch|p1a: Pelipper|Pelipper, F|100/100
|-weather|RainDance|[from] ability: Drizzle|[of] p1a: Pelipper
|turn|6
|
|t:|1760322234
|move|p1a: Pelipper|U-turn|p2a: Hoopa
|-supereffective|p2a: Hoopa
|-damage|p2a: Hoopa|6/100 par
|
|t:|1760322237
|switch|p1a: Kyurem|Kyurem|15/100|[from] U-turn
|-heal|p1a: Kyurem|100/100|[from] move: Healing Wish
|-ability|p1a: Kyurem|Pressure
|cant|p2a: Hoopa|par
|
|-weather|RainDance|[upkeep]
|upkeep
|turn|7
|
|t:|1760322247
|move|p1a: Kyurem|Weather Ball|p2a: Hoopa
|-damage|p2a: Hoopa|0 fnt
|faint|p2a: Hoopa
|
|-weather|RainDance|[upkeep]
|upkeep
|
|t:|1760322254
|switch|p2a: Iron Boulder|Iron Boulder|100/100
|-enditem|p2a: Iron Boulder|Booster Energy
|-activate|p2a: Iron Boulder|ability: Quark Drive|[fromitem]
|-start|p2a: Iron Boulder|quarkdrivespe
|turn|8
|
|t:|1760322271
|-terastallize|p1a: Kyurem|Ghost
|move|p2a: Iron Boulder|Mighty Cleave|p1a: Kyurem
|-damage|p1a: Kyurem|55/100
|move|p1a: Kyurem|Weather Ball|p2a: Iron Boulder
|-supereffective|p2a: Iron Boulder
|-damage|p2a: Iron Boulder|0 fnt
|faint|p2a: Iron Boulder
|-end|p2a: Iron Boulder|Quark Drive|[silent]
|
|-weather|RainDance|[upkeep]
|-heal|p1a: Kyurem|61/100|[from] item: Leftovers
|upkeep
|inactive|Battle timer is ON: inactive players will automatically lose when time's up. (requested by xdeadoutside)
|l| tsugia
|
|t:|1760322289
|switch|p2a: Rillaboom|Rillaboom, F|100/100
|-fieldstart|move: Grassy Terrain|[from] ability: Grassy Surge|[of] p2a: Rillaboom
|turn|9
|
|t:|1760322295
|move|p2a: Rillaboom|Grassy Glide|p1a: Kyurem
|-damage|p1a: Kyurem|21/100
|move|p1a: Kyurem|Freeze-Dry|p2a: Rillaboom
|-supereffective|p2a: Rillaboom
|-damage|p2a: Rillaboom|21/100
|
|-weather|RainDance|[upkeep]
|-heal|p1a: Kyurem|27/100|[from] Grassy Terrain
|-heal|p1a: Kyurem|33/100|[from] item: Leftovers
|-heal|p2a: Rillaboom|27/100|[from] Grassy Terrain
|upkeep
|turn|10
|
|t:|1760322306
|move|p2a: Rillaboom|Grassy Glide|p1a: Kyurem
|-damage|p1a: Kyurem|0 fnt
|faint|p1a: Kyurem
|
|-weather|RainDance|[upkeep]
|-heal|p2a: Rillaboom|33/100|[from] Grassy Terrain
|upkeep
|
|t:|1760322310
|switch|p1a: Kingdra|Kingdra, F|100/100
|turn|11
|
|t:|1760322318
|move|p2a: Rillaboom|Grassy Glide|p1a: Kingdra
|-damage|p1a: Kingdra|51/100
|move|p1a: Kingdra|Hurricane|p2a: Rillaboom
|-supereffective|p2a: Rillaboom
|-damage|p2a: Rillaboom|0 fnt
|faint|p2a: Rillaboom
|-damage|p1a: Kingdra|41/100|[from] item: Life Orb
|
|-weather|RainDance|[upkeep]
|-heal|p1a: Kingdra|47/100|[from] Grassy Terrain
|upkeep
|
|t:|1760322338
|switch|p2a: Hawlucha|Hawlucha, M|100/100
|-enditem|p2a: Hawlucha|Grassy Seed
|-boost|p2a: Hawlucha|def|1|[from] item: Grassy Seed
|turn|12
|
|t:|1760322345
|move|p2a: Hawlucha|Acrobatics|p1a: Kingdra
|-damage|p1a: Kingdra|0 fnt
|faint|p1a: Kingdra
|
|-weather|RainDance|[upkeep]
|upkeep
|
|t:|1760322351
|switch|p1a: Dragonite|Dragonite, F|100/100
|turn|13
|
|t:|1760322360
|move|p2a: Hawlucha|Acrobatics|p1a: Dragonite
|-damage|p1a: Dragonite|74/100
|move|p1a: Dragonite|Dragon Dance|p1a: Dragonite
|-boost|p1a: Dragonite|atk|1
|-boost|p1a: Dragonite|spe|1
|
|-weather|none
|upkeep
|turn|14
|
|t:|1760322369
|move|p2a: Hawlucha|Acrobatics|p1a: Dragonite
|-damage|p1a: Dragonite|18/100
|move|p1a: Dragonite|Tera Blast|p2a: Hawlucha
|-damage|p2a: Hawlucha|76/100
|
|upkeep
|turn|15
|
|t:|1760322377
|move|p2a: Hawlucha|Acrobatics|p1a: Dragonite
|-damage|p1a: Dragonite|0 fnt
|faint|p1a: Dragonite
|
|upkeep
|
|t:|1760322379
|switch|p1a: Pelipper|Pelipper, F|100/100
|-weather|RainDance|[from] ability: Drizzle|[of] p1a: Pelipper
|turn|16
|
|t:|1760322386
|move|p2a: Hawlucha|Acrobatics|p1a: Pelipper
|-damage|p1a: Pelipper|59/100
|move|p1a: Pelipper|Hurricane|p2a: Hawlucha
|-supereffective|p2a: Hawlucha
|-damage|p2a: Hawlucha|0 fnt
|faint|p2a: Hawlucha
|
|-weather|RainDance|[upkeep]
|-fieldend|move: Grassy Terrain
|upkeep
|
|t:|1760322394
|switch|p2a: Grafaiai|Grafaiai, M, shiny|100/100
|turn|17
|
|t:|1760322398
|move|p2a: Grafaiai|Swagger|p1a: Pelipper
|-boost|p1a: Pelipper|atk|2
|-start|p1a: Pelipper|confusion
|-enditem|p2a: Grafaiai|Mirror Herb
|-boost|p2a: Grafaiai|atk|2|[from] item: Mirror Herb
|-activate|p1a: Pelipper|confusion
|-damage|p1a: Pelipper|50/100|[from] confusion
|
|-weather|RainDance|[upkeep]
|upkeep
|turn|18
|
|t:|1760322408
|move|p2a: Grafaiai|Acrobatics|p1a: Pelipper
|-damage|p1a: Pelipper|6/100
|-activate|p1a: Pelipper|confusion
|-damage|p1a: Pelipper|0 fnt|[from] confusion
|faint|p1a: Pelipper
|
|-weather|RainDance|[upkeep]
|upkeep
|
|t:|1760322411
|switch|p1a: Quaquaval|Quaquaval, M|100/100
|turn|19
|
|t:|1760322417
|-terastallize|p2a: Grafaiai|Flying
|move|p1a: Quaquaval|Aqua Jet|p2a: Grafaiai
|-damage|p2a: Grafaiai|57/100
|move|p2a: Grafaiai|Acrobatics|p1a: Quaquaval
|-supereffective|p1a: Quaquaval
|-damage|p1a: Quaquaval|0 fnt
|faint|p1a: Quaquaval
|
|win|Qbreezy
|raw|xdeadoutside's rating: 1366 &rarr; <strong>1346</strong><br />(-20 for losing)
|raw|Qbreezy's rating: 1369 &rarr; <strong>1389</strong><br />(+20 for winning)
|l|☆Qbreezy
|player|p2|
