|j|☆fulcrumz
|j|☆50up5
|t:|1760375266
|gametype|singles
|player|p1|fulcrumz|265|1127
|player|p2|50up5|sailor|1130
|gen|9
|tier|[Gen 9] OU
|rated|
|rule|HP Percentage Mod: HP is shown in percentages
|rule|Endless Battle Clause: Forcing endless battles is banned
|rule|Species Clause: Limit one of each Pokémon
|rule|OHKO Clause: OHKO moves are banned
|rule|Evasion Items Clause: Evasion items are banned
|rule|Evasion Moves Clause: Evasion moves are banned
|rule|Evasion Abilities Clause: Evasion abilities are banned
|rule|Sleep Moves Clause: Sleep-inducing moves are banned
|clearpoke
|poke|p1|Feraligatr, F|
|poke|p1|Delphox, M|
|poke|p1|Rillaboom, M|
|poke|p1|Primarina, F|
|poke|p1|Meowscarada, F|
|poke|p1|Skeledirge, F|
|poke|p2|Armarouge, F|
|poke|p2|Indeedee-F, F|
|poke|p2|Pecharunt|
|poke|p2|Zamazenta-*|
|poke|p2|Iron Treads|
|poke|p2|Tornadus-Therian, M|
|teampreview
|inactive|Battle timer is ON: inactive players will automatically lose when time's up. (requested by 50up5)
|inactive|50up5 has 120 seconds left.
|
|t:|1760375297
|teamsize|p1|6
|teamsize|p2|6
|start
|switch|p1a: Meowscarada|Meowscarada, F|100/100
|switch|p2a: Iron Treads|Iron Treads|100/100
|-item|p2a: Iron Treads|Air Balloon
|turn|1
|
|t:|1760375308
|-end|p2a: Iron Treads|Quark Drive|[silent]
|switch|p2a: Indeedee|Indeedee-F, F|100/100
|-fieldstart|move: Psychic Terrain|[from] ability: Psychic Surge|[of] p2a: Indeedee
|move|p1a: Meowscarada|U-turn|p2a: Indeedee
|-start|p1a: Meowscarada|typechange|Bug|[from] ability: Protean
|-supereffective|p2a: Indeedee
|-damage|p2a: Indeedee|0 fnt
|faint|p2a: Indeedee
|
|t:|1760375324
|switch|p1a: Feraligatr|Feraligatr, F|100/100|[from] U-turn
|
|upkeep
|
|t:|1760375330
|switch|p2a: Armarouge|Armarouge, F|100/100
|turn|2
|
|t:|1760375335
|-terastallize|p2a: Armarouge|Psychic
|move|p1a: Feraligatr|Dragon Dance|p1a: Feraligatr
|-boost|p1a: Feraligatr|atk|1
|-boost|p1a: Feraligatr|spe|1
|move|p2a: Armarouge|Expanding Force|p1a: Feraligatr
|-damage|p1a: Feraligatr|0 fnt
|faint|p1a: Feraligatr
|
|upkeep
|
|t:|1760375344
|switch|p1a: Meowscarada|Meowscarada, F|100/100
|turn|3
|
|t:|1760375363
|switch|p2a: Tornadus|Tornadus-Therian, M|100/100
|move|p1a: Meowscarada|U-turn|p2a: Tornadus
|-start|p1a: Meowscarada|typechange|Bug|[from] ability: Protean
|-resisted|p2a: Tornadus
|-damage|p2a: Tornadus|72/100
|
|t:|1760375379
|switch|p1a: Rillaboom|Rillaboom, M|100/100|[from] U-turn
|-fieldstart|move: Grassy Terrain|[from] ability: Grassy Surge|[of] p1a: Rillaboom
|
|upkeep
|turn|4
|
|t:|1760375385
|-terastallize|p1a: Rillaboom|Electric
|move|p2a: Tornadus|U-turn|p1a: Rillaboom
|-crit|p1a: Rillaboom
|-damage|p1a: Rillaboom|72/100
|
|t:|1760375390
|switch|p2a: Iron Treads|Iron Treads|100/100|[from] U-turn
|-item|p2a: Iron Treads|Air Balloon
|move|p1a: Rillaboom|Tera Blast|p2a: Iron Treads|[anim] Tera Blast Electric
|-immune|p2a: Iron Treads
|
|-heal|p1a: Rillaboom|78/100|[from] Grassy Terrain
|upkeep
|turn|5
|
|t:|1760375402
|move|p2a: Iron Treads|Stealth Rock|p1a: Rillaboom
|-sidestart|p1: fulcrumz|move: Stealth Rock
|move|p1a: Rillaboom|Drum Beating|p2a: Iron Treads
|-damage|p2a: Iron Treads|35/100
|-unboost|p2a: Iron Treads|spe|1
|-enditem|p2a: Iron Treads|Air Balloon
|-damage|p1a: Rillaboom|68/100|[from] item: Life Orb
|
|-heal|p1a: Rillaboom|74/100|[from] Grassy Terrain
|-heal|p2a: Iron Treads|41/100|[from] Grassy Terrain
|upkeep
|turn|6
|
|t:|1760375420
|-end|p2a: Iron Treads|Quark Drive|[silent]
|switch|p2a: Pecharunt|Pecharunt|100/100
|move|p1a: Rillaboom|Drum Beating|p2a: Pecharunt
|-resisted|p2a: Pecharunt
|-damage|p2a: Pecharunt|80/100
|-unboost|p2a: Pecharunt|spe|1
|-damage|p1a: Rillaboom|64/100|[from] item: Life Orb
|
|-heal|p1a: Rillaboom|70/100|[from] Grassy Terrain
|-heal|p2a: Pecharunt|86/100|[from] Grassy Terrain
|-heal|p2a: Pecharunt|92/100|[from] item: Leftovers
|upkeep
|turn|7
|
|t:|1760375428
|move|p1a: Rillaboom|High Horsepower|p2a: Pecharunt
|-supereffective|p2a: Pecharunt
|-damage|p2a: Pecharunt|40/100
|-damage|p1a: Rillaboom|60/100|[from] item: Life Orb
|move|p2a: Pecharunt|Malignant Chain|p1a: Rillaboom
|-damage|p1a: Rillaboom|17/100
|
|-heal|p1a: Rillaboom|23/100|[from] Grassy Terrain
|-heal|p2a: Pecharunt|46/100|[from] Grassy Terrain
|-heal|p2a: Pecharunt|52/100|[from] item: Leftovers
|-fieldend|move: Grassy Terrain
|upkeep
|turn|8
|
|t:|1760375442
|move|p1a: Rillaboom|Tera Blast|p2a: Pecharunt|[anim] Tera Blast Electric
|-damage|p2a: Pecharunt|19/100
|-damage|p1a: Rillaboom|13/100|[from] item: Life Orb
|move|p2a: Pecharunt|Malignant Chain|p1a: Rillaboom
|-damage|p1a: Rillaboom|0 fnt
|faint|p1a: Rillaboom
|
|-heal|p2a: Pecharunt|25/100|[from] item: Leftovers
|upkeep
|
|t:|1760375445
|switch|p1a: Delphox|Delphox, M|100/100
|-damage|p1a: Delphox|75/100|[from] Stealth Rock
|turn|9
|
|t:|1760375466
|switch|p2a: Tornadus|Tornadus-Therian, M|100/100
|move|p1a: Delphox|Psychic|p2a: Tornadus
|-damage|p2a: Tornadus|40/100
|-damage|p1a: Delphox|66/100|[from] item: Life Orb
|
|upkeep
|turn|10
|
|t:|1760375475
|move|p2a: Tornadus|U-turn|p1a: Delphox
|-damage|p1a: Delphox|39/100
|
|t:|1760375480
|switch|p2a: Iron Treads|Iron Treads|41/100|[from] U-turn
|move|p1a: Delphox|Psychic|p2a: Iron Treads
|-resisted|p2a: Iron Treads
|-damage|p2a: Iron Treads|2/100
|-damage|p1a: Delphox|29/100|[from] item: Life Orb
|
|upkeep
|turn|11
|
|t:|1760375490
|move|p2a: Iron Treads|Earthquake|p1a: Delphox
|-supereffective|p1a: Delphox
|-damage|p1a: Delphox|0 fnt
|faint|p1a: Delphox
|
|upkeep
|
|t:|1760375493
|switch|p1a: Meowscarada|Meowscarada, F|100/100
|-damage|p1a: Meowscarada|88/100|[from] Stealth Rock
|turn|12
|
|t:|1760375515
|move|p1a: Meowscarada|Flower Trick|p2a: Iron Treads
|-start|p1a: Meowscarada|typechange|Grass|[from] ability: Protean
|-crit|p2a: Iron Treads
|-damage|p2a: Iron Treads|0 fnt
|faint|p2a: Iron Treads
|-end|p2a: Iron Treads|Quark Drive|[silent]
|
|upkeep
|
|t:|1760375525
|switch|p2a: Zamazenta|Zamazenta|100/100
|-ability|p2a: Zamazenta|Dauntless Shield|boost
|-boost|p2a: Zamazenta|def|1
|turn|13
|
|t:|1760375538
|move|p1a: Meowscarada|Flower Trick|p2a: Zamazenta
|-crit|p2a: Zamazenta
|-damage|p2a: Zamazenta|34/100
|move|p2a: Zamazenta|Roar|p1a: Meowscarada
|drag|p1a: Primarina|Primarina, F|100/100
|-damage|p1a: Primarina|88/100|[from] Stealth Rock
|
|upkeep
|turn|14
|inactive|50up5 has 120 seconds left.
|
|t:|1760375567
|switch|p2a: Armarouge|Armarouge, F, tera:Psychic|100/100
|move|p1a: Primarina|Moonblast|p2a: Armarouge
|-damage|p2a: Armarouge|28/100
|
|upkeep
|turn|15
|inactive|50up5 has 120 seconds left.
|
|t:|1760375575
|switch|p2a: Tornadus|Tornadus-Therian, M|73/100
|move|p1a: Primarina|Surf|p2a: Tornadus
|-damage|p2a: Tornadus|21/100
|
|upkeep
|turn|16
|
|t:|1760375580
|move|p2a: Tornadus|U-turn|p1a: Primarina
|-resisted|p1a: Primarina
|-damage|p1a: Primarina|78/100
|
|t:|1760375582
|switch|p2a: Pecharunt|Pecharunt|25/100|[from] U-turn
|move|p1a: Primarina|Surf|p2a: Pecharunt
|-damage|p2a: Pecharunt|0 fnt
|faint|p2a: Pecharunt
|
|upkeep
|
|t:|1760375585
|switch|p2a: Tornadus|Tornadus-Therian, M|54/100
|turn|17
|
|t:|1760375588
|move|p2a: Tornadus|U-turn|p1a: Primarina
|-resisted|p1a: Primarina
|-damage|p1a: Primarina|69/100
|
|t:|1760375592
|switch|p2a: Armarouge|Armarouge, F, tera:Psychic|28/100|[from] U-turn
|move|p1a: Primarina|Surf|p2a: Armarouge
|-damage|p2a: Armarouge|0 fnt
|faint|p2a: Armarouge
|
|upkeep
|c|☆fulcrumz|Um
|
|t:|1760375596
|switch|p2a: Tornadus|Tornadus-Therian, M|87/100
|turn|18
|
|t:|1760375601
|move|p2a: Tornadus|Bleakwind Storm|p1a: Primarina
|-damage|p1a: Primarina|48/100
|move|p1a: Primarina|Moonblast|p2a: Tornadus
|-damage|p2a: Tornadus|30/100
|
|upkeep
|turn|19
|-message|50up5 forfeited.
|
|win|fulcrumz
|raw|fulcrumz's rating: 1127 &rarr; <strong>1152</strong><br />(+25 for winning)
|raw|50up5's rating: 1130 &rarr; <strong>1105</strong><br />(-25 for losing)
|l|☆50up5
|player|p2|
|l|☆fulcrumz
|player|p1|
