|j|☆TheGamingPolitoed
|j|☆lt123vb luxi
|t:|1760376078
|gametype|singles
|player|p1|TheGamingPolitoed|cress|1415
|player|p2|lt123vb luxi|swimmerf-gen4dp|1509
|gen|9
|tier|[Gen 9] OU
|rated|
|rule|HP Percentage Mod: HP is shown in percentages
|rule|Endless Battle Clause: Forcing endless battles is banned
|rule|Species Clause: Limit one of each Pokémon
|rule|OHKO Clause: OHKO moves are banned
|rule|Evasion Items Clause: Evasion items are banned
|rule|Evasion Moves Clause: Evasion moves are banned
|rule|Evasion Abilities Clause: Evasion abilities are banned
|rule|Sleep Moves Clause: Sleep-inducing moves are banned
|clearpoke
|poke|p1|Primarina, F|
|poke|p1|Ludicolo, M|
|poke|p1|Samurott-Hisui, M|
|poke|p1|Toxapex, F|
|poke|p1|Politoed, M|
|poke|p1|Walking Wake|
|poke|p2|Ting-Lu|
|poke|p2|Slowking-Galar, M|
|poke|p2|Corviknight, M|
|poke|p2|Cinderace, M|
|poke|p2|Ogerpon-Wellspring, F|
|poke|p2|Raging Bolt|
|teampreview
|inactive|Battle timer is ON: inactive players will automatically lose when time's up. (requested by lt123vb luxi)
|
|t:|1760376095
|teamsize|p1|6
|teamsize|p2|6
|start
|switch|p1a: Donny Ronny|Samurott-Hisui, M|100/100
|switch|p2a: Raging Bolt|Raging Bolt|100/100
|turn|1
|
|t:|1760376102
|move|p1a: Donny Ronny|Knock Off|p2a: Raging Bolt
|-damage|p2a: Raging Bolt|59/100
|-enditem|p2a: Raging Bolt|Choice Specs|[from] move: Knock Off|[of] p1a: Donny Ronny
|move|p2a: Raging Bolt|Volt Switch|p1a: Donny Ronny
|-supereffective|p1a: Donny Ronny
|-damage|p1a: Donny Ronny|22/100
|
|t:|1760376105
|-end|p2a: Raging Bolt|Protosynthesis|[silent]
|switch|p2a: Ogerpon|Ogerpon-Wellspring, F|100/100|[from] Volt Switch
|
|upkeep
|turn|2
|
|t:|1760376111
|switch|p1a: Toxatax|Toxapex, F|100/100
|move|p2a: Ogerpon|U-turn|p1a: Toxatax
|-resisted|p1a: Toxatax
|-damage|p1a: Toxatax|93/100
|-damage|p2a: Ogerpon|84/100|[from] item: Rocky Helmet|[of] p1a: Toxatax
|
|t:|1760376117
|switch|p2a: Slowking|Slowking-Galar, M|100/100|[from] U-turn
|
|upkeep
|turn|3
|
|t:|1760376120
|move|p1a: Toxatax|Toxic Spikes|p2a: Slowking
|-sidestart|p2: lt123vb luxi|move: Toxic Spikes
|-prepare|p2a: Slowking|Chilly Reception|[premajor]
|move|p2a: Slowking|Chilly Reception|p2a: Slowking
|-weather|Snowscape
|
|t:|1760376126
|switch|p2a: Ogerpon|Ogerpon-Wellspring, F|84/100|[from] Chilly Reception
|-status|p2a: Ogerpon|psn
|
|-weather|Snowscape|[upkeep]
|-damage|p2a: Ogerpon|72/100 psn|[from] psn
|upkeep
|turn|4
|
|t:|1760376133
|switch|p1a: Walk the Dinosaur|Walking Wake|100/100
|move|p2a: Ogerpon|Knock Off|p1a: Walk the Dinosaur
|-damage|p1a: Walk the Dinosaur|56/100
|-enditem|p1a: Walk the Dinosaur|Choice Specs|[from] move: Knock Off|[of] p2a: Ogerpon
|
|-weather|Snowscape|[upkeep]
|-damage|p2a: Ogerpon|59/100 psn|[from] psn
|upkeep
|turn|5
|
|t:|1760376141
|-end|p1a: Walk the Dinosaur|Protosynthesis|[silent]
|switch|p1a: Toxatax|Toxapex, F|100/100
|move|p2a: Ogerpon|U-turn|p1a: Toxatax
|-resisted|p1a: Toxatax
|-damage|p1a: Toxatax|92/100
|-damage|p2a: Ogerpon|43/100 psn|[from] item: Rocky Helmet|[of] p1a: Toxatax
|
|t:|1760376146
|switch|p2a: Slowking|Slowking-Galar, M|100/100|[from] U-turn
|-sideend|p2: lt123vb luxi|move: Toxic Spikes|[of] p2a: Slowking
|
|-weather|Snowscape|[upkeep]
|upkeep
|turn|6
|
|t:|1760376152
|move|p1a: Toxatax|Toxic Spikes|p2a: Slowking
|-sidestart|p2: lt123vb luxi|move: Toxic Spikes
|move|p2a: Slowking|Psychic Noise|p1a: Toxatax
|-supereffective|p1a: Toxatax
|-crit|p1a: Toxatax
|-damage|p1a: Toxatax|26/100
|-start|p1a: Toxatax|move: Heal Block
|
|-weather|Snowscape|[upkeep]
|upkeep
|turn|7
|
|t:|1760376160
|switch|p1a: Donny Ronny|Samurott-Hisui, M|22/100
|move|p2a: Slowking|Sludge Bomb|p1a: Donny Ronny
|-damage|p1a: Donny Ronny|0 fnt
|faint|p1a: Donny Ronny
|
|-weather|none
|upkeep
|
|t:|1760376167
|switch|p1a: Ecomare|Primarina, F|100/100
|turn|8
|
|t:|1760376171
|move|p1a: Ecomare|Substitute|p1a: Ecomare
|-start|p1a: Ecomare|Substitute
|-damage|p1a: Ecomare|76/100
|-prepare|p2a: Slowking|Chilly Reception|[premajor]
|move|p2a: Slowking|Chilly Reception|p2a: Slowking
|-weather|Snowscape
|
|t:|1760376177
|switch|p2a: Ogerpon|Ogerpon-Wellspring, F|43/100 psn|[from] Chilly Reception
|
|-weather|Snowscape|[upkeep]
|-heal|p1a: Ecomare|82/100|[from] item: Leftovers
|-damage|p2a: Ogerpon|30/100 psn|[from] psn
|upkeep
|turn|9
|
|t:|1760376183
|move|p2a: Ogerpon|Encore|p1a: Ecomare
|-start|p1a: Ecomare|Encore
|move|p1a: Ecomare|Substitute|p1a: Ecomare
|-fail|p1a: Ecomare|move: Substitute
|
|-weather|Snowscape|[upkeep]
|-heal|p1a: Ecomare|88/100|[from] item: Leftovers
|-damage|p2a: Ogerpon|18/100 psn|[from] psn
|upkeep
|turn|10
|
|t:|1760376190
|move|p2a: Ogerpon|U-turn|p1a: Ecomare
|-resisted|p1a: Ecomare
|-activate|p1a: Ecomare|move: Substitute|[damage]
|
|t:|1760376193
|switch|p2a: Slowking|Slowking-Galar, M|100/100|[from] U-turn
|-sideend|p2: lt123vb luxi|move: Toxic Spikes|[of] p2a: Slowking
|move|p1a: Ecomare|Substitute|p1a: Ecomare
|-fail|p1a: Ecomare|move: Substitute
|
|-weather|Snowscape|[upkeep]
|-heal|p1a: Ecomare|94/100|[from] item: Leftovers
|upkeep
|turn|11
|
|t:|1760376200
|move|p1a: Ecomare|Substitute|p1a: Ecomare
|-fail|p1a: Ecomare|move: Substitute
|move|p2a: Slowking|Psychic Noise|p1a: Ecomare
|-damage|p1a: Ecomare|66/100
|-start|p1a: Ecomare|move: Heal Block
|
|-weather|Snowscape|[upkeep]
|-end|p1a: Ecomare|Encore
|upkeep
|turn|12
|
|t:|1760376210
|move|p1a: Ecomare|Calm Mind|p1a: Ecomare
|-boost|p1a: Ecomare|spa|1
|-boost|p1a: Ecomare|spd|1
|move|p2a: Slowking|Sludge Bomb|p1a: Ecomare
|-supereffective|p1a: Ecomare
|-end|p1a: Ecomare|Substitute
|
|-weather|none
|-end|p1a: Ecomare|move: Heal Block
|upkeep
|turn|13
|
|t:|1760376218
|move|p1a: Ecomare|Moonblast|p2a: Slowking
|-resisted|p2a: Slowking
|-crit|p2a: Slowking
|-damage|p2a: Slowking|49/100
|move|p2a: Slowking|Sludge Bomb|p1a: Ecomare
|-supereffective|p1a: Ecomare
|-damage|p1a: Ecomare|26/100
|
|-heal|p1a: Ecomare|32/100|[from] item: Leftovers
|upkeep
|turn|14
|
|t:|1760376226
|switch|p2a: Ogerpon|Ogerpon-Wellspring, F|18/100 psn
|move|p1a: Ecomare|Moonblast|p2a: Ogerpon
|-damage|p2a: Ogerpon|0 fnt
|faint|p2a: Ogerpon
|
|-heal|p1a: Ecomare|39/100|[from] item: Leftovers
|upkeep
|
|t:|1760376232
|switch|p2a: Raging Bolt|Raging Bolt|59/100
|turn|15
|
|t:|1760376237
|-terastallize|p1a: Ecomare|Poison
|move|p2a: Raging Bolt|Volt Switch|p1a: Ecomare
|-crit|p1a: Ecomare
|-damage|p1a: Ecomare|0 fnt
|faint|p1a: Ecomare
|c|☆lt123vb luxi|srry
|
|t:|1760376248
|-end|p2a: Raging Bolt|Protosynthesis|[silent]
|switch|p2a: Ting-Lu|Ting-Lu|100/100|[from] Volt Switch
|-ability|p2a: Ting-Lu|Vessel of Ruin
|
|upkeep
|
|t:|1760376254
|switch|p1a: Walk the Dinosaur|Walking Wake|56/100
|turn|16
|c|☆TheGamingPolitoed|Woops
|c|☆TheGamingPolitoed|Oh thats a crit
|c|☆TheGamingPolitoed|:(
|
|t:|1760376281
|-terastallize|p2a: Ting-Lu|Fairy
|move|p1a: Walk the Dinosaur|Hydro Steam|p2a: Ting-Lu
|-damage|p2a: Ting-Lu|85/100
|move|p2a: Ting-Lu|Payback|p1a: Walk the Dinosaur
|-damage|p1a: Walk the Dinosaur|16/100
|
|-heal|p2a: Ting-Lu|91/100|[from] item: Leftovers
|upkeep
|turn|17
|
|t:|1760376292
|-end|p1a: Walk the Dinosaur|Protosynthesis|[silent]
|switch|p1a: Toxatax|Toxapex, F|59/100
|move|p2a: Ting-Lu|Earthquake|p1a: Toxatax
|-supereffective|p1a: Toxatax
|-crit|p1a: Toxatax
|-damage|p1a: Toxatax|0 fnt
|faint|p1a: Toxatax
|
|-heal|p2a: Ting-Lu|97/100|[from] item: Leftovers
|upkeep
|c|☆TheGamingPolitoed|):
|
|t:|1760376305
|switch|p1a: The King|Politoed, M|100/100
|-weather|RainDance|[from] ability: Drizzle|[of] p1a: The King
|turn|18
|
|t:|1760376312
|switch|p2a: Slowking|Slowking-Galar, M|83/100
|move|p1a: The King|Surf|p2a: Slowking
|-damage|p2a: Slowking|51/100
|
|-weather|RainDance|[upkeep]
|upkeep
|turn|19
|
|t:|1760376319
|switch|p1a: Walk the Dinosaur|Walking Wake|16/100
|-prepare|p2a: Slowking|Chilly Reception|[premajor]
|move|p2a: Slowking|Chilly Reception|p2a: Slowking
|-weather|Snowscape
|
|t:|1760376322
|switch|p2a: Cinderace|Cinderace, M|100/100|[from] Chilly Reception
|
|-weather|Snowscape|[upkeep]
|upkeep
|turn|20
|
|t:|1760376327
|move|p2a: Cinderace|U-turn|p1a: Walk the Dinosaur
|-start|p2a: Cinderace|typechange|Bug|[from] ability: Libero
|-damage|p1a: Walk the Dinosaur|0 fnt
|faint|p1a: Walk the Dinosaur
|-end|p1a: Walk the Dinosaur|Protosynthesis|[silent]
|
|t:|1760376331
|switch|p2a: Raging Bolt|Raging Bolt|59/100|[from] U-turn
|
|-weather|Snowscape|[upkeep]
|upkeep
|
|t:|1760376335
|switch|p1a: Juan|Ludicolo, M|100/100
|turn|21
|
|t:|1760376338
|move|p1a: Juan|Ice Beam|p2a: Raging Bolt
|-supereffective|p2a: Raging Bolt
|-damage|p2a: Raging Bolt|1/100
|-status|p2a: Raging Bolt|frz
|-damage|p1a: Juan|91/100|[from] item: Life Orb
|cant|p2a: Raging Bolt|frz
|
|-weather|Snowscape|[upkeep]
|upkeep
|turn|22
|
|t:|1760376346
|move|p1a: Juan|Giga Drain|p2a: Raging Bolt
|-resisted|p2a: Raging Bolt
|-crit|p2a: Raging Bolt
|-damage|p2a: Raging Bolt|0 fnt
|-heal|p1a: Juan|91/100|[from] drain|[of] p2a: Raging Bolt
|faint|p2a: Raging Bolt
|-end|p2a: Raging Bolt|Protosynthesis|[silent]
|-damage|p1a: Juan|81/100|[from] item: Life Orb
|
|-weather|Snowscape|[upkeep]
|upkeep
|
|t:|1760376352
|switch|p2a: Cinderace|Cinderace, M|100/100
|turn|23
|
|t:|1760376356
|switch|p1a: The King|Politoed, M|100/100
|-weather|RainDance|[from] ability: Drizzle|[of] p1a: The King
|move|p2a: Cinderace|U-turn|p1a: The King
|-start|p2a: Cinderace|typechange|Bug|[from] ability: Libero
|-damage|p1a: The King|75/100
|
|t:|1760376360
|switch|p2a: Slowking|Slowking-Galar, M|84/100|[from] U-turn
|
|-weather|RainDance|[upkeep]
|upkeep
|turn|24
|
|t:|1760376366
|move|p1a: The King|Surf|p2a: Slowking
|-damage|p2a: Slowking|49/100
|-prepare|p2a: Slowking|Chilly Reception|[premajor]
|move|p2a: Slowking|Chilly Reception|p2a: Slowking
|-weather|Snowscape
|
|t:|1760376370
|switch|p2a: Cinderace|Cinderace, M|100/100|[from] Chilly Reception
|
|-weather|Snowscape|[upkeep]
|upkeep
|turn|25
|
|t:|1760376375
|move|p2a: Cinderace|U-turn|p1a: The King
|-start|p2a: Cinderace|typechange|Bug|[from] ability: Libero
|-damage|p1a: The King|48/100
|
|t:|1760376379
|switch|p2a: Ting-Lu|Ting-Lu, tera:Fairy|97/100|[from] U-turn
|-ability|p2a: Ting-Lu|Vessel of Ruin
|move|p1a: The King|Surf|p2a: Ting-Lu
|-damage|p2a: Ting-Lu|85/100
|
|-weather|Snowscape|[upkeep]
|-heal|p2a: Ting-Lu|91/100|[from] item: Leftovers
|upkeep
|turn|26
|c|☆TheGamingPolitoed|Gg
|-message|TheGamingPolitoed forfeited.
|
|win|lt123vb luxi
|raw|TheGamingPolitoed's rating: 1415 &rarr; <strong>1400</strong><br />(-15 for losing)
|raw|lt123vb luxi's rating: 1509 &rarr; <strong>1524</strong><br />(+15 for winning)
|l|☆TheGamingPolitoed
|player|p1|
|l|☆lt123vb luxi
|player|p2|
