|j|‽XIXINANA
|j|☆fllynnthe7th
|t:|1760429575
|gametype|singles
|player|p1|XIXINANA|nate|1162
|player|p2|fllynnthe7th|acetrainer-gen4dp|1159
|gen|9
|tier|[Gen 9] OU
|rated|
|rule|HP Percentage Mod: HP is shown in percentages
|rule|Endless Battle Clause: Forcing endless battles is banned
|rule|Species Clause: Limit one of each Pokémon
|rule|OHKO Clause: OHKO moves are banned
|rule|Evasion Items Clause: Evasion items are banned
|rule|Evasion Moves Clause: Evasion moves are banned
|rule|Evasion Abilities Clause: Evasion abilities are banned
|rule|Sleep Moves Clause: Sleep-inducing moves are banned
|clearpoke
|poke|p1|Lycanroc-Midnight, F|
|poke|p1|Zoroark-Hisui, M|
|poke|p1|Greninja-*, M|
|poke|p1|Kleavor, F|
|poke|p1|Iron Hands|
|poke|p1|Regidrago|
|poke|p2|Decidueye, M|
|poke|p2|Haxorus, M|
|poke|p2|Ninetales-Alola, F|
|poke|p2|Ribombee, F|
|poke|p2|Iron Moth|
|poke|p2|Excadrill, M|
|teampreview
|
|t:|1760429581
|teamsize|p1|6
|teamsize|p2|6
|start
|switch|p1a: Kleavor|Kleavor, F|100/100
|switch|p2a: Ribombee|Ribombee, F, shiny|100/100
|turn|1
|
|t:|1760429590
|move|p1a: Kleavor|Stone Axe|p2a: Ribombee
|-supereffective|p2a: Ribombee
|-enditem|p2a: Ribombee|Focus Sash
|-damage|p2a: Ribombee|1/100
|-sidestart|p2: fllynnthe7th|move: Stealth Rock
|move|p2a: Ribombee|Sticky Web|p1a: Kleavor
|-sidestart|p1: XIXINANA|move: Sticky Web
|
|upkeep
|turn|2
|
|t:|1760429606
|move|p1a: Kleavor|Stone Axe|p2a: Ribombee
|-supereffective|p2a: Ribombee
|-damage|p2a: Ribombee|0 fnt
|faint|p2a: Ribombee
|
|upkeep
|inactive|Battle timer is ON: inactive players will automatically lose when time's up. (requested by XIXINANA)
|
|t:|1760429616
|switch|p2a: Drilio|Excadrill, M, shiny|100/100
|-ability|p2a: Drilio|Mold Breaker
|turn|3
|
|t:|1760429631
|switch|p1a: Iron Hands|Iron Hands|100/100
|-activate|p1a: Iron Hands|move: Sticky Web
|-unboost|p1a: Iron Hands|spe|1
|-terastallize|p2a: Drilio|Water
|move|p2a: Drilio|Rapid Spin|p1a: Iron Hands
|-immune|p1a: Iron Hands
|
|upkeep
|turn|4
|
|t:|1760429644
|move|p2a: Drilio|Iron Head|p1a: Iron Hands
|-damage|p1a: Iron Hands|4/100
|replace|p1a: Zoroark|Zoroark-Hisui, M
|-end|p1a: Zoroark|Illusion
|move|p1a: Zoroark|Bitter Malice|p2a: Drilio
|-damage|p2a: Drilio|28/100
|-unboost|p2a: Drilio|atk|1
|
|upkeep
|turn|5
|
|t:|1760429655
|move|p2a: Drilio|Earthquake|p1a: Zoroark
|-damage|p1a: Zoroark|0 fnt
|faint|p1a: Zoroark
|
|upkeep
|
|t:|1760429661
|switch|p1a: Lycanroc|Lycanroc-Midnight, F|100/100
|-activate|p1a: Lycanroc|move: Sticky Web
|-unboost|p1a: Lycanroc|spe|1
|turn|6
|
|t:|1760429669
|move|p1a: Lycanroc|Sucker Punch|p2a: Drilio
|-damage|p2a: Drilio|0 fnt
|faint|p2a: Drilio
|-damage|p1a: Lycanroc|91/100|[from] item: Life Orb
|
|upkeep
|
|t:|1760429673
|switch|p2a: Reiva|Decidueye, M, shiny|100/100
|-damage|p2a: Reiva|88/100|[from] Stealth Rock
|turn|7
|
|t:|1760429679
|move|p2a: Reiva|Leaf Blade|p1a: Lycanroc
|-supereffective|p1a: Lycanroc
|-crit|p1a: Lycanroc
|-damage|p1a: Lycanroc|0 fnt
|faint|p1a: Lycanroc
|-damage|p2a: Reiva|78/100|[from] item: Life Orb
|
|upkeep
|
|t:|1760429697
|switch|p1a: Kleavor|Kleavor, F|100/100
|-activate|p1a: Kleavor|move: Sticky Web
|-unboost|p1a: Kleavor|spe|1
|turn|8
|
|t:|1760429706
|move|p1a: Kleavor|X-Scissor|p2a: Reiva
|-damage|p2a: Reiva|5/100
|move|p2a: Reiva|Swords Dance|p2a: Reiva
|-boost|p2a: Reiva|atk|2
|
|upkeep
|turn|9
|
|t:|1760429712
|move|p2a: Reiva|Shadow Sneak|p1a: Kleavor
|-damage|p1a: Kleavor|35/100
|-damage|p2a: Reiva|0 fnt|[from] item: Life Orb
|faint|p2a: Reiva
|move|p1a: Kleavor|X-Scissor|p2: Reiva|[notarget]
|-fail|p1a: Kleavor
|
|upkeep
|inactive|fllynnthe7th has 120 seconds left.
|
|t:|1760429748
|switch|p2a: Vailax|Haxorus, M, shiny|100/100
|-damage|p2a: Vailax|88/100|[from] Stealth Rock
|-ability|p2a: Vailax|Mold Breaker
|turn|10
|
|t:|1760429757
|move|p2a: Vailax|Swords Dance|p2a: Vailax
|-boost|p2a: Vailax|atk|2
|move|p1a: Kleavor|X-Scissor|p2a: Vailax
|-damage|p2a: Vailax|6/100
|
|upkeep
|turn|11
|
|t:|1760429764
|move|p2a: Vailax|Earthquake|p1a: Kleavor
|-damage|p1a: Kleavor|0 fnt
|faint|p1a: Kleavor
|
|upkeep
|
|t:|1760429769
|switch|p1a: Greninja|Greninja, M|100/100
|-activate|p1a: Greninja|move: Sticky Web
|-unboost|p1a: Greninja|spe|1
|turn|12
|
|t:|1760429781
|-terastallize|p1a: Greninja|Water
|move|p1a: Greninja|Water Shuriken|p2a: Vailax
|-resisted|p2a: Vailax
|-damage|p2a: Vailax|0 fnt
|faint|p2a: Vailax
|-ability|p1a: Greninja|Battle Bond|boost
|-boost|p1a: Greninja|atk|1
|-boost|p1a: Greninja|spa|1
|-boost|p1a: Greninja|spe|1
|-activate|p1a: Greninja|ability: Battle Bond
|-hitcount|p2: Vailax|1
|-damage|p1a: Greninja|91/100|[from] item: Life Orb
|
|upkeep
|
|t:|1760429787
|switch|p2a: Iron Moth|Iron Moth, shiny|100/100
|-damage|p2a: Iron Moth|76/100|[from] Stealth Rock
|-enditem|p2a: Iron Moth|Booster Energy
|-activate|p2a: Iron Moth|ability: Quark Drive|[fromitem]
|-start|p2a: Iron Moth|quarkdrivespa
|turn|13
|
|t:|1760429811
|move|p1a: Greninja|Surf|p2a: Iron Moth
|-supereffective|p2a: Iron Moth
|-damage|p2a: Iron Moth|0 fnt
|faint|p2a: Iron Moth
|-end|p2a: Iron Moth|Quark Drive|[silent]
|-damage|p1a: Greninja|81/100|[from] item: Life Orb
|
|upkeep
|-message|fllynnthe7th forfeited.
|
|win|XIXINANA
|raw|XIXINANA's rating: 1162 &rarr; <strong>1187</strong><br />(+25 for winning)
|raw|fllynnthe7th's rating: 1159 &rarr; <strong>1134</strong><br />(-25 for losing)
|l|☆fllynnthe7th
|player|p2|
|l|‽XIXINANA
|player|p1|
