|j|☆sansdisco
|j|☆BrainOffPlays
|t:|1760335015
|gametype|singles
|player|p1|sansdisco|170|1237
|player|p2|BrainOffPlays|preschooler|1219
|gen|9
|tier|[Gen 9] OU
|rated|
|rule|HP Percentage Mod: HP is shown in percentages
|rule|Endless Battle Clause: Forcing endless battles is banned
|rule|Species Clause: Limit one of each Pokémon
|rule|OHKO Clause: OHKO moves are banned
|rule|Evasion Items Clause: Evasion items are banned
|rule|Evasion Moves Clause: Evasion moves are banned
|rule|Evasion Abilities Clause: Evasion abilities are banned
|rule|Sleep Moves Clause: Sleep-inducing moves are banned
|clearpoke
|poke|p1|Toucannon, F|
|poke|p1|Iron Treads|
|poke|p1|Abomasnow, F|
|poke|p1|Hatterene, F|
|poke|p1|Raging Bolt|
|poke|p1|Ceruledge, M|
|poke|p2|Dragonite, F|
|poke|p2|Darkrai|
|poke|p2|Iron Valiant|
|poke|p2|Kingambit, M|
|poke|p2|Great Tusk|
|poke|p2|Slowking-Galar, M|
|teampreview
|
|t:|1760335036
|teamsize|p1|6
|teamsize|p2|6
|start
|switch|p1a: Abomasnow|Abomasnow, F, shiny|100/100
|switch|p2a: Great Tusk|Great Tusk|100/100
|-weather|Snowscape|[from] ability: Snow Warning|[of] p1a: Abomasnow
|turn|1
|inactive|Battle timer is ON: inactive players will automatically lose when time's up. (requested by BrainOffPlays)
|
|t:|1760335044
|move|p2a: Great Tusk|Stealth Rock|p1a: Abomasnow
|-sidestart|p1: sansdisco|move: Stealth Rock
|move|p1a: Abomasnow|Aurora Veil|p1a: Abomasnow
|-sidestart|p1: sansdisco|move: Aurora Veil
|
|-weather|Snowscape|[upkeep]
|upkeep
|turn|2
|
|t:|1760335066
|-end|p2a: Great Tusk|Protosynthesis|[silent]
|switch|p2a: Kingambit|Kingambit, M|100/100
|-item|p2a: Kingambit|Air Balloon
|move|p1a: Abomasnow|Blizzard|p2a: Kingambit
|-resisted|p2a: Kingambit
|-damage|p2a: Kingambit|81/100
|-enditem|p2a: Kingambit|Air Balloon
|
|-weather|Snowscape|[upkeep]
|upkeep
|turn|3
|
|t:|1760335084
|switch|p1a: Iron Treads|Iron Treads, shiny|100/100
|-damage|p1a: Iron Treads|97/100|[from] Stealth Rock
|-enditem|p1a: Iron Treads|Booster Energy
|-activate|p1a: Iron Treads|ability: Quark Drive|[fromitem]
|-start|p1a: Iron Treads|quarkdrivespe
|move|p2a: Kingambit|Iron Head|p1a: Iron Treads
|-resisted|p1a: Iron Treads
|-damage|p1a: Iron Treads|86/100
|
|-weather|Snowscape|[upkeep]
|upkeep
|turn|4
|
|t:|1760335097
|-end|p2a: Kingambit|fallenundefined|[silent]
|switch|p2a: Dragonite|Dragonite, F|100/100
|move|p1a: Iron Treads|Stealth Rock|p2a: Dragonite
|-sidestart|p2: BrainOffPlays|move: Stealth Rock
|
|-weather|Snowscape|[upkeep]
|upkeep
|turn|5
|
|t:|1760335104
|move|p1a: Iron Treads|Rapid Spin|p2a: Dragonite
|-damage|p2a: Dragonite|94/100
|-boost|p1a: Iron Treads|spe|1
|-sideend|p1: sansdisco|Stealth Rock|[from] move: Rapid Spin|[of] p1a: Iron Treads
|move|p2a: Dragonite|Dragon Dance|p2a: Dragonite
|-boost|p2a: Dragonite|atk|1
|-boost|p2a: Dragonite|spe|1
|
|-weather|none
|upkeep
|turn|6
|
|t:|1760335113
|-end|p1a: Iron Treads|Quark Drive|[silent]
|switch|p1a: Toucannon|Toucannon, F, shiny|100/100
|-terastallize|p2a: Dragonite|Fire
|move|p2a: Dragonite|Dragon Dance|p2a: Dragonite
|-boost|p2a: Dragonite|atk|1
|-boost|p2a: Dragonite|spe|1
|
|upkeep
|turn|7
|
|t:|1760335122
|move|p2a: Dragonite|Scale Shot|p1a: Toucannon
|-damage|p1a: Toucannon|82/100
|-damage|p1a: Toucannon|62/100
|-damage|p1a: Toucannon|44/100
|-damage|p1a: Toucannon|24/100
|-hitcount|p1a: Toucannon|4
|-unboost|p2a: Dragonite|def|1
|-boost|p2a: Dragonite|spe|1
|move|p1a: Toucannon|Rock Blast|p2a: Dragonite
|-supereffective|p2a: Dragonite
|-damage|p2a: Dragonite|64/100
|-supereffective|p2a: Dragonite
|-damage|p2a: Dragonite|33/100
|-supereffective|p2a: Dragonite
|-crit|p2a: Dragonite
|-damage|p2a: Dragonite|0 fnt
|faint|p2a: Dragonite
|-hitcount|p2: Dragonite|3
|
|upkeep
|
|t:|1760335142
|switch|p2a: Great Tusk|Great Tusk|100/100
|-damage|p2a: Great Tusk|97/100|[from] Stealth Rock
|turn|8
|
|t:|1760335147
|-singleturn|p1a: Toucannon|move: Beak Blast
|move|p2a: Great Tusk|Stealth Rock|p1a: Toucannon
|-sidestart|p1: sansdisco|move: Stealth Rock
|move|p1a: Toucannon|Beak Blast|p2a: Great Tusk
|-supereffective|p2a: Great Tusk
|-damage|p2a: Great Tusk|35/100
|
|-heal|p2a: Great Tusk|41/100|[from] item: Leftovers
|-sideend|p1: sansdisco|move: Aurora Veil
|upkeep
|turn|9
|
|t:|1760335156
|-singleturn|p1a: Toucannon|move: Beak Blast
|move|p2a: Great Tusk|Rapid Spin|p1a: Toucannon
|-damage|p1a: Toucannon|6/100
|-status|p2a: Great Tusk|brn
|-boost|p2a: Great Tusk|spe|1
|-sideend|p2: BrainOffPlays|Stealth Rock|[from] move: Rapid Spin|[of] p2a: Great Tusk
|move|p1a: Toucannon|Beak Blast|p2a: Great Tusk
|-supereffective|p2a: Great Tusk
|-damage|p2a: Great Tusk|0 fnt
|faint|p2a: Great Tusk
|-end|p2a: Great Tusk|Protosynthesis|[silent]
|
|upkeep
|
|t:|1760335168
|switch|p2a: Iron Valiant|Iron Valiant|100/100
|-enditem|p2a: Iron Valiant|Booster Energy
|-activate|p2a: Iron Valiant|ability: Quark Drive|[fromitem]
|-start|p2a: Iron Valiant|quarkdrivespe
|turn|10
|
|t:|1760335174
|-singleturn|p1a: Toucannon|move: Beak Blast
|move|p2a: Iron Valiant|Moonblast|p1a: Toucannon
|-damage|p1a: Toucannon|0 fnt
|faint|p1a: Toucannon
|
|upkeep
|
|t:|1760335178
|switch|p1a: Hatterene|Hatterene, F, shiny|100/100
|-damage|p1a: Hatterene|88/100|[from] Stealth Rock
|turn|11
|
|t:|1760335184
|-end|p2a: Iron Valiant|Quark Drive|[silent]
|switch|p2a: Slowking|Slowking-Galar, M|100/100
|move|p1a: Hatterene|Nuzzle|p2a: Slowking
|-crit|p2a: Slowking
|-damage|p2a: Slowking|94/100
|-status|p2a: Slowking|par
|
|upkeep
|turn|12
|
|t:|1760335197
|switch|p1a: Iron Treads|Iron Treads, shiny|86/100
|-damage|p1a: Iron Treads|83/100|[from] Stealth Rock
|switch|p2a: Darkrai|Darkrai|100/100
|
|upkeep
|turn|13
|
|t:|1760335211
|move|p2a: Darkrai|Will-O-Wisp|p1a: Iron Treads|[miss]
|-miss|p2a: Darkrai|p1a: Iron Treads
|move|p1a: Iron Treads|Rapid Spin|p2a: Darkrai
|-damage|p2a: Darkrai|86/100
|-boost|p1a: Iron Treads|spe|1
|-sideend|p1: sansdisco|Stealth Rock|[from] move: Rapid Spin|[of] p1a: Iron Treads
|
|upkeep
|turn|14
|
|t:|1760335219
|move|p1a: Iron Treads|Earth Power|p2a: Darkrai
|-crit|p2a: Darkrai
|-damage|p2a: Darkrai|28/100
|move|p2a: Darkrai|Dark Pulse|p1a: Iron Treads
|-damage|p1a: Iron Treads|26/100
|
|upkeep
|turn|15
|
|t:|1760335233
|switch|p2a: Slowking|Slowking-Galar, M|100/100 par
|move|p1a: Iron Treads|Earth Power|p2a: Slowking
|-supereffective|p2a: Slowking
|-damage|p2a: Slowking|71/100 par
|
|upkeep
|turn|16
|
|t:|1760335239
|move|p1a: Iron Treads|Stealth Rock|p2a: Slowking
|-sidestart|p2: BrainOffPlays|move: Stealth Rock
|move|p2a: Slowking|Flamethrower|p1a: Iron Treads
|-supereffective|p1a: Iron Treads
|-damage|p1a: Iron Treads|0 fnt
|faint|p1a: Iron Treads
|-end|p1a: Iron Treads|Quark Drive|[silent]
|
|upkeep
|
|t:|1760335245
|switch|p1a: Ceruledge|Ceruledge, M, shiny|100/100
|turn|17
|
|t:|1760335253
|move|p1a: Ceruledge|Poltergeist|p2a: Slowking
|-activate|p2a: Slowking|move: Poltergeist|Assault Vest
|-supereffective|p2a: Slowking
|-damage|p2a: Slowking|0 fnt
|faint|p2a: Slowking
|
|upkeep
|
|t:|1760335262
|switch|p2a: Darkrai|Darkrai|28/100
|-damage|p2a: Darkrai|15/100|[from] Stealth Rock
|turn|18
|
|t:|1760335267
|move|p2a: Darkrai|Thunder Wave|p1a: Ceruledge
|-status|p1a: Ceruledge|par
|move|p1a: Ceruledge|Bitter Blade|p2a: Darkrai
|-damage|p2a: Darkrai|0 fnt
|faint|p2a: Darkrai
|
|upkeep
|
|t:|1760335279
|switch|p2a: Iron Valiant|Iron Valiant|100/100
|-damage|p2a: Iron Valiant|94/100|[from] Stealth Rock
|turn|19
|
|t:|1760335288
|move|p2a: Iron Valiant|Calm Mind|p2a: Iron Valiant
|-boost|p2a: Iron Valiant|spa|1
|-boost|p2a: Iron Valiant|spd|1
|move|p1a: Ceruledge|Bitter Blade|p2a: Iron Valiant
|-damage|p2a: Iron Valiant|33/100
|
|upkeep
|turn|20
|
|t:|1760335300
|move|p2a: Iron Valiant|Moonblast|p1a: Ceruledge
|-resisted|p1a: Ceruledge
|-damage|p1a: Ceruledge|61/100 par
|move|p1a: Ceruledge|Bitter Blade|p2a: Iron Valiant
|-crit|p2a: Iron Valiant
|-damage|p2a: Iron Valiant|0 fnt
|-heal|p1a: Ceruledge|77/100 par|[from] drain|[of] p2a: Iron Valiant
|faint|p2a: Iron Valiant
|-end|p2a: Iron Valiant|Quark Drive|[silent]
|
|upkeep
|-message|BrainOffPlays forfeited.
|
|win|sansdisco
|raw|sansdisco's rating: 1237 &rarr; <strong>1261</strong><br />(+24 for winning)
|raw|BrainOffPlays's rating: 1219 &rarr; <strong>1195</strong><br />(-24 for losing)
|l|☆BrainOffPlays
|player|p2|
|l|☆sansdisco
|player|p1|
