|j|☆Shabooya1
|j|☆M8420
|t:|1760360024
|gametype|singles
|player|p1|Shabooya1|ghetsis-gen5bw|1433
|player|p2|M8420|101|1462
|gen|9
|tier|[Gen 9] OU
|rated|
|rule|HP Percentage Mod: HP is shown in percentages
|rule|Endless Battle Clause: Forcing endless battles is banned
|rule|Species Clause: Limit one of each Pokémon
|rule|OHKO Clause: OHKO moves are banned
|rule|Evasion Items Clause: Evasion items are banned
|rule|Evasion Moves Clause: Evasion moves are banned
|rule|Evasion Abilities Clause: Evasion abilities are banned
|rule|Sleep Moves Clause: Sleep-inducing moves are banned
|clearpoke
|poke|p1|Cresselia, F|
|poke|p1|Torkoal, F|
|poke|p1|Mimikyu, F|
|poke|p1|Hatterene, F|
|poke|p1|Snorlax, M|
|poke|p1|Donphan, L1, M|
|poke|p2|Landorus-Therian, M|
|poke|p2|Pelipper, F|
|poke|p2|Toxicroak, F|
|poke|p2|Iron Treads|
|poke|p2|Barraskewda, F|
|poke|p2|Darkrai|
|teampreview
|
|t:|1760360032
|teamsize|p1|6
|teamsize|p2|6
|start
|switch|p1a: Donphan|Donphan, L1, M, shiny|100/100
|switch|p2a: Darkrai|Darkrai|100/100
|turn|1
|
|t:|1760360039
|move|p2a: Darkrai|Dark Pulse|p1a: Donphan
|-crit|p1a: Donphan
|-ability|p1a: Donphan|Sturdy
|-damage|p1a: Donphan|8/100
|move|p1a: Donphan|Endeavor|p2a: Darkrai
|-damage|p2a: Darkrai|1/100
|-heal|p1a: Donphan|100/100|[from] item: Shell Bell|[of] p2a: Darkrai
|
|upkeep
|turn|2
|
|t:|1760360051
|move|p1a: Donphan|Ice Shard|p2a: Darkrai
|-damage|p2a: Darkrai|0 fnt
|faint|p2a: Darkrai
|
|upkeep
|
|t:|1760360064
|switch|p2a: Toxicroak|Toxicroak, F|100/100
|turn|3
|
|t:|1760360067
|switch|p1a: Hatterene|Hatterene, F, shiny|100/100
|move|p2a: Toxicroak|Toxic|p1a: Hatterene
|move|p1a: Hatterene|Toxic|p2a: Toxicroak|[from] ability: Magic Bounce
|-immune|p2a: Toxicroak
|
|upkeep
|turn|4
|
|t:|1760360071
|switch|p2a: Iron Treads|Iron Treads|100/100
|move|p1a: Hatterene|Trick Room|p1a: Hatterene
|-fieldstart|move: Trick Room|[of] p1a: Hatterene
|
|upkeep
|turn|5
|
|t:|1760360078
|move|p1a: Hatterene|Misty Explosion|p2a: Iron Treads
|-resisted|p2a: Iron Treads
|-damage|p2a: Iron Treads|80/100
|faint|p1a: Hatterene
|move|p2a: Iron Treads|Iron Head|p1: Hatterene|[notarget]
|-fail|p2a: Iron Treads
|
|upkeep
|
|t:|1760360089
|switch|p1a: Donphan|Donphan, L1, M, shiny|100/100
|turn|6
|inactive|Battle timer is ON: inactive players will automatically lose when time's up. (requested by Shabooya1)
|
|t:|1760360134
|move|p1a: Donphan|Stealth Rock|p2a: Iron Treads
|-sidestart|p2: M8420|move: Stealth Rock
|move|p2a: Iron Treads|Earthquake|p1a: Donphan
|-ability|p1a: Donphan|Sturdy
|-damage|p1a: Donphan|8/100
|
|upkeep
|turn|7
|
|t:|1760360141
|move|p1a: Donphan|Endeavor|p2a: Iron Treads
|-damage|p2a: Iron Treads|1/100
|-heal|p1a: Donphan|100/100|[from] item: Shell Bell|[of] p2a: Iron Treads
|move|p2a: Iron Treads|Rapid Spin|p1a: Donphan
|-ability|p1a: Donphan|Sturdy
|-damage|p1a: Donphan|8/100
|-boost|p2a: Iron Treads|spe|1
|-sideend|p2: M8420|Stealth Rock|[from] move: Rapid Spin|[of] p2a: Iron Treads
|
|upkeep
|turn|8
|
|t:|1760360152
|-end|p2a: Iron Treads|Quark Drive|[silent]
|switch|p2a: Toxicroak|Toxicroak, F|100/100
|move|p1a: Donphan|Ice Shard|p2a: Toxicroak
|-damage|p2a: Toxicroak|99/100
|-heal|p1a: Donphan|16/100|[from] item: Shell Bell|[of] p2a: Toxicroak
|
|-fieldend|move: Trick Room
|upkeep
|turn|9
|
|t:|1760360162
|move|p2a: Toxicroak|Knock Off|p1a: Donphan
|-damage|p1a: Donphan|0 fnt
|-enditem|p1a: Donphan|Shell Bell|[from] move: Knock Off|[of] p2a: Toxicroak
|faint|p1a: Donphan
|
|upkeep
|
|t:|1760360168
|switch|p1a: Git gud|Cresselia, F, shiny|100/100
|turn|10
|
|t:|1760360175
|move|p2a: Toxicroak|Knock Off|p1a: Git gud
|-supereffective|p1a: Git gud
|-damage|p1a: Git gud|71/100
|-enditem|p1a: Git gud|Mental Herb|[from] move: Knock Off|[of] p2a: Toxicroak
|move|p1a: Git gud|Psychic|p2a: Toxicroak
|-supereffective|p2a: Toxicroak
|-damage|p2a: Toxicroak|0 fnt
|faint|p2a: Toxicroak
|
|upkeep
|
|t:|1760360194
|switch|p2a: Landorus|Landorus-Therian, M|100/100
|-ability|p2a: Landorus|Intimidate|boost
|-unboost|p1a: Git gud|atk|1
|turn|11
|
|t:|1760360199
|move|p2a: Landorus|Stealth Rock|p1a: Git gud
|-sidestart|p1: Shabooya1|move: Stealth Rock
|move|p1a: Git gud|Trick Room|p1a: Git gud
|-fieldstart|move: Trick Room|[of] p1a: Git gud
|
|upkeep
|turn|12
|
|t:|1760360205
|move|p1a: Git gud|Lunar Dance|p1a: Git gud
|faint|p1a: Git gud
|move|p2a: Landorus|U-turn|p1: Git gud|[notarget]
|-fail|p2a: Landorus
|
|upkeep
|
|t:|1760360207
|switch|p1a: Snorlax|Snorlax, M, shiny|100/100
|-damage|p1a: Snorlax|88/100|[from] Stealth Rock
|turn|13
|
|t:|1760360218
|switch|p2a: Pelipper|Pelipper, F|100/100
|-weather|RainDance|[from] ability: Drizzle|[of] p2a: Pelipper
|move|p1a: Snorlax|Curse|p1a: Snorlax
|-unboost|p1a: Snorlax|spe|1
|-boost|p1a: Snorlax|atk|1
|-boost|p1a: Snorlax|def|1
|
|-weather|RainDance|[upkeep]
|-heal|p1a: Snorlax|94/100|[from] item: Leftovers
|upkeep
|turn|14
|
|t:|1760360232
|move|p1a: Snorlax|Curse|p1a: Snorlax
|-unboost|p1a: Snorlax|spe|1
|-boost|p1a: Snorlax|atk|1
|-boost|p1a: Snorlax|def|1
|move|p2a: Pelipper|Knock Off|p1a: Snorlax
|-damage|p1a: Snorlax|89/100
|-enditem|p1a: Snorlax|Leftovers|[from] move: Knock Off|[of] p2a: Pelipper
|
|-weather|RainDance|[upkeep]
|upkeep
|turn|15
|
|t:|1760360245
|move|p1a: Snorlax|Curse|p1a: Snorlax
|-unboost|p1a: Snorlax|spe|1
|-boost|p1a: Snorlax|atk|1
|-boost|p1a: Snorlax|def|1
|move|p2a: Pelipper|Hurricane|p1a: Snorlax
|-crit|p1a: Snorlax
|-damage|p1a: Snorlax|60/100
|
|-weather|RainDance|[upkeep]
|-fieldend|move: Trick Room
|upkeep
|turn|16
|
|t:|1760360254
|move|p2a: Pelipper|Hurricane|p1a: Snorlax
|-damage|p1a: Snorlax|40/100
|-start|p1a: Snorlax|confusion
|-activate|p1a: Snorlax|confusion
|-damage|p1a: Snorlax|33/100|[from] confusion
|
|-weather|RainDance|[upkeep]
|upkeep
|turn|17
|
|t:|1760360262
|move|p2a: Pelipper|Hurricane|p1a: Snorlax
|-damage|p1a: Snorlax|13/100
|-activate|p1a: Snorlax|confusion
|move|p1a: Snorlax|Rest|p1a: Snorlax
|-status|p1a: Snorlax|slp|[from] move: Rest
|-heal|p1a: Snorlax|100/100 slp|[silent]
|
|-weather|RainDance|[upkeep]
|upkeep
|turn|18
|
|t:|1760360280
|switch|p2a: Barraskewda|Barraskewda, F|100/100
|cant|p1a: Snorlax|slp
|
|-weather|RainDance|[upkeep]
|upkeep
|turn|19
|
|t:|1760360286
|-terastallize|p1a: Snorlax|Fairy
|move|p2a: Barraskewda|Close Combat|p1a: Snorlax
|-resisted|p1a: Snorlax
|-damage|p1a: Snorlax|90/100 slp
|-unboost|p2a: Barraskewda|def|1
|-unboost|p2a: Barraskewda|spd|1
|cant|p1a: Snorlax|slp
|
|-weather|RainDance|[upkeep]
|upkeep
|turn|20
|
|t:|1760360296
|switch|p2a: Pelipper|Pelipper, F|100/100
|-curestatus|p1a: Snorlax|slp|[msg]
|-activate|p1a: Snorlax|confusion
|move|p1a: Snorlax|Body Slam|p2a: Pelipper
|-damage|p2a: Pelipper|42/100
|-status|p2a: Pelipper|par
|
|-weather|none
|upkeep
|turn|21
|
|t:|1760360309
|switch|p2a: Iron Treads|Iron Treads|1/100
|-end|p1a: Snorlax|confusion
|move|p1a: Snorlax|Body Slam|p2a: Iron Treads
|-resisted|p2a: Iron Treads
|-damage|p2a: Iron Treads|0 fnt
|faint|p2a: Iron Treads
|-end|p2a: Iron Treads|Quark Drive|[silent]
|
|upkeep
|
|t:|1760360315
|switch|p2a: Pelipper|Pelipper, F|42/100 par
|-weather|RainDance|[from] ability: Drizzle|[of] p2a: Pelipper
|turn|22
|
|t:|1760360321
|switch|p2a: Landorus|Landorus-Therian, M|100/100
|-ability|p2a: Landorus|Intimidate|boost
|-unboost|p1a: Snorlax|atk|1
|move|p1a: Snorlax|Body Slam|p2a: Landorus
|-damage|p2a: Landorus|31/100
|
|-weather|RainDance|[upkeep]
|upkeep
|turn|23
|
|t:|1760360329
|move|p2a: Landorus|Sandsear Storm|p1a: Snorlax
|-damage|p1a: Snorlax|64/100
|move|p1a: Snorlax|Curse|p1a: Snorlax
|-unboost|p1a: Snorlax|spe|1
|-boost|p1a: Snorlax|atk|1
|-boost|p1a: Snorlax|def|1
|
|-weather|RainDance|[upkeep]
|upkeep
|turn|24
|
|t:|1760360341
|-terastallize|p2a: Landorus|Water
|move|p2a: Landorus|Weather Ball|p1a: Snorlax
|-damage|p1a: Snorlax|32/100
|move|p1a: Snorlax|Body Slam|p2a: Landorus
|-damage|p2a: Landorus|0 fnt
|faint|p2a: Landorus
|
|-weather|RainDance|[upkeep]
|upkeep
|
|t:|1760360348
|switch|p2a: Barraskewda|Barraskewda, F|100/100
|turn|25
|
|t:|1760360350
|move|p2a: Barraskewda|Liquidation|p1a: Snorlax
|-damage|p1a: Snorlax|4/100
|move|p1a: Snorlax|Rest|p1a: Snorlax
|-status|p1a: Snorlax|slp|[from] move: Rest
|-heal|p1a: Snorlax|100/100 slp|[silent]
|
|-weather|RainDance|[upkeep]
|upkeep
|turn|26
|
|t:|1760360355
|move|p2a: Barraskewda|Liquidation|p1a: Snorlax
|-damage|p1a: Snorlax|75/100 slp
|cant|p1a: Snorlax|slp
|
|-weather|RainDance|[upkeep]
|upkeep
|turn|27
|
|t:|1760360358
|move|p2a: Barraskewda|Liquidation|p1a: Snorlax
|-damage|p1a: Snorlax|50/100 slp
|cant|p1a: Snorlax|slp
|
|-weather|RainDance|[upkeep]
|upkeep
|turn|28
|
|t:|1760360362
|move|p2a: Barraskewda|Liquidation|p1a: Snorlax
|-damage|p1a: Snorlax|23/100 slp
|-curestatus|p1a: Snorlax|slp|[msg]
|move|p1a: Snorlax|Body Slam|p2a: Barraskewda
|-damage|p2a: Barraskewda|0 fnt
|faint|p2a: Barraskewda
|
|-weather|RainDance|[upkeep]
|upkeep
|
|t:|1760360370
|switch|p2a: Pelipper|Pelipper, F|42/100 par
|turn|29
|
|t:|1760360374
|move|p2a: Pelipper|Hurricane|p1a: Snorlax
|-damage|p1a: Snorlax|4/100
|move|p1a: Snorlax|Body Slam|p2a: Pelipper
|-damage|p2a: Pelipper|0 fnt
|faint|p2a: Pelipper
|
|win|Shabooya1
|raw|Shabooya1's rating: 1433 &rarr; <strong>1455</strong><br />(+22 for winning)
|raw|M8420's rating: 1462 &rarr; <strong>1440</strong><br />(-22 for losing)
|l|☆M8420
|player|p2|
