|j|☆JLW
|j|☆xsilver069623
|t:|1760443522
|gametype|singles
|player|p1|JLW|tate|1289
|player|p2|xsilver069623|silver|1269
|gen|9
|tier|[Gen 9] OU
|rated|
|rule|HP Percentage Mod: HP is shown in percentages
|rule|Endless Battle Clause: Forcing endless battles is banned
|rule|Species Clause: Limit one of each Pokémon
|rule|OHKO Clause: OHKO moves are banned
|rule|Evasion Items Clause: Evasion items are banned
|rule|Evasion Moves Clause: Evasion moves are banned
|rule|Evasion Abilities Clause: Evasion abilities are banned
|rule|Sleep Moves Clause: Sleep-inducing moves are banned
|clearpoke
|poke|p1|Iron Valiant|
|poke|p1|Ceruledge, M|
|poke|p1|Kingambit, M|
|poke|p1|Ogerpon-Wellspring, F|
|poke|p1|Dragonite, F|
|poke|p1|Iron Treads|
|poke|p2|Arcanine-Hisui, F|
|poke|p2|Necrozma|
|poke|p2|Ceruledge, M|
|poke|p2|Porygon-Z|
|poke|p2|Glimmora, M|
|poke|p2|Thundurus, M|
|teampreview
|inactive|Battle timer is ON: inactive players will automatically lose when time's up. (requested by xsilver069623)
|
|t:|1760443529
|teamsize|p1|6
|teamsize|p2|6
|start
|switch|p1a: Iron Treads|Iron Treads|100/100
|switch|p2a: Porygon-Z|Porygon-Z|100/100
|-ability|p2a: Porygon-Z|Download|boost
|-boost|p2a: Porygon-Z|spa|1
|-enditem|p1a: Iron Treads|Booster Energy
|-activate|p1a: Iron Treads|ability: Quark Drive|[fromitem]
|-start|p1a: Iron Treads|quarkdrivespe
|turn|1
|
|t:|1760443538
|move|p1a: Iron Treads|Stealth Rock|p2a: Porygon-Z
|-sidestart|p2: xsilver069623|move: Stealth Rock
|move|p2a: Porygon-Z|Shadow Ball|p1a: Iron Treads
|-damage|p1a: Iron Treads|45/100
|-unboost|p1a: Iron Treads|spd|1
|
|upkeep
|turn|2
|
|t:|1760443545
|move|p1a: Iron Treads|Steel Beam|p2a: Porygon-Z
|-damage|p2a: Porygon-Z|36/100
|-damage|p1a: Iron Treads|0 fnt|[from] steelbeam
|faint|p1a: Iron Treads
|-end|p1a: Iron Treads|Quark Drive|[silent]
|move|p2a: Porygon-Z|Shadow Ball|p1: Iron Treads|[notarget]
|-fail|p2a: Porygon-Z
|
|upkeep
|
|t:|1760443563
|switch|p1a: Iron Valiant|Iron Valiant|100/100
|-enditem|p1a: Iron Valiant|Booster Energy
|-activate|p1a: Iron Valiant|ability: Quark Drive|[fromitem]
|-start|p1a: Iron Valiant|quarkdrivespe
|turn|3
|
|t:|1760443568
|move|p1a: Iron Valiant|Calm Mind|p1a: Iron Valiant
|-boost|p1a: Iron Valiant|spa|1
|-boost|p1a: Iron Valiant|spd|1
|move|p2a: Porygon-Z|Psychic|p1a: Iron Valiant
|-supereffective|p1a: Iron Valiant
|-damage|p1a: Iron Valiant|0 fnt
|faint|p1a: Iron Valiant
|-end|p1a: Iron Valiant|Quark Drive|[silent]
|
|upkeep
|
|t:|1760443579
|switch|p1a: Dragonite|Dragonite, F|100/100
|turn|4
|
|t:|1760443582
|move|p2a: Porygon-Z|Tri Attack|p1a: Dragonite
|-damage|p1a: Dragonite|71/100
|move|p1a: Dragonite|Dragon Dance|p1a: Dragonite
|-boost|p1a: Dragonite|atk|1
|-boost|p1a: Dragonite|spe|1
|
|upkeep
|turn|5
|
|t:|1760443590
|move|p1a: Dragonite|Earthquake|p2a: Porygon-Z
|-damage|p2a: Porygon-Z|0 fnt
|faint|p2a: Porygon-Z
|
|upkeep
|
|t:|1760443594
|switch|p2a: Glimmora|Glimmora, M|100/100
|-damage|p2a: Glimmora|88/100|[from] Stealth Rock
|turn|6
|
|t:|1760443602
|move|p2a: Glimmora|Power Gem|p1a: Dragonite
|-supereffective|p1a: Dragonite
|-damage|p1a: Dragonite|0 fnt
|faint|p1a: Dragonite
|
|upkeep
|
|t:|1760443609
|switch|p1a: Ogerpon|Ogerpon-Wellspring, F|100/100
|turn|7
|
|t:|1760443623
|switch|p2a: Thundurus|Thundurus, M|100/100
|-damage|p2a: Thundurus|76/100|[from] Stealth Rock
|move|p1a: Ogerpon|Swords Dance|p1a: Ogerpon
|-boost|p1a: Ogerpon|atk|2
|-enditem|p2a: Thundurus|Mirror Herb
|-boost|p2a: Thundurus|atk|2|[from] item: Mirror Herb
|
|upkeep
|turn|8
|
|t:|1760443632
|-terastallize|p1a: Ogerpon|Water
|detailschange|p1a: Ogerpon|Ogerpon-Wellspring-Tera, F, tera:Water
|-ability|p1a: Ogerpon|Embody Aspect (Wellspring)|boost
|-boost|p1a: Ogerpon|spd|1
|move|p1a: Ogerpon|Trailblaze|p2a: Thundurus
|-resisted|p2a: Thundurus
|-damage|p2a: Thundurus|34/100
|-boost|p1a: Ogerpon|spe|1
|move|p2a: Thundurus|Acrobatics|p1a: Ogerpon
|-damage|p1a: Ogerpon|0 fnt
|faint|p1a: Ogerpon
|detailschange|p1: Ogerpon|Ogerpon-Wellspring, F|[silent]
|
|upkeep
|
|t:|1760443642
|switch|p1a: Ceruledge|Ceruledge, M|100/100
|turn|9
|
|t:|1760443647
|move|p2a: Thundurus|Acrobatics|p1a: Ceruledge
|-enditem|p1a: Ceruledge|Focus Sash
|-damage|p1a: Ceruledge|1/100
|-ability|p1a: Ceruledge|Weak Armor|boost
|-unboost|p1a: Ceruledge|def|1
|-boost|p1a: Ceruledge|spe|2
|move|p1a: Ceruledge|Swords Dance|p1a: Ceruledge
|-boost|p1a: Ceruledge|atk|2
|
|upkeep
|turn|10
|
|t:|1760443659
|move|p2a: Thundurus|Swagger|p1a: Ceruledge|[miss]
|-miss|p2a: Thundurus|p1a: Ceruledge
|move|p1a: Ceruledge|Bitter Blade|p2a: Thundurus
|-damage|p2a: Thundurus|0 fnt
|-heal|p1a: Ceruledge|19/100|[from] drain|[of] p2a: Thundurus
|faint|p2a: Thundurus
|
|upkeep
|
|t:|1760443674
|switch|p2a: Arcanine|Arcanine-Hisui, F|100/100
|-damage|p2a: Arcanine|75/100|[from] Stealth Rock
|turn|11
|
|t:|1760443691
|move|p1a: Ceruledge|Close Combat|p2a: Arcanine
|-supereffective|p2a: Arcanine
|-damage|p2a: Arcanine|0 fnt
|-unboost|p1a: Ceruledge|def|1
|-unboost|p1a: Ceruledge|spd|1
|faint|p2a: Arcanine
|
|upkeep
|
|t:|1760443699
|switch|p2a: Ceruledge|Ceruledge, M|100/100
|turn|12
|
|t:|1760443702
|move|p1a: Ceruledge|Shadow Sneak|p2a: Ceruledge
|-supereffective|p2a: Ceruledge
|-damage|p2a: Ceruledge|3/100
|move|p2a: Ceruledge|Shadow Sneak|p1a: Ceruledge
|-supereffective|p1a: Ceruledge
|-damage|p1a: Ceruledge|0 fnt
|faint|p1a: Ceruledge
|
|upkeep
|
|t:|1760443707
|switch|p1a: Kingambit|Kingambit, M|100/100
|-activate|p1a: Kingambit|ability: Supreme Overlord
|-start|p1a: Kingambit|fallen5|[silent]
|-item|p1a: Kingambit|Air Balloon
|turn|13
|
|t:|1760443712
|move|p1a: Kingambit|Sucker Punch||[still]
|-fail|p1a: Kingambit
|move|p2a: Ceruledge|Bulk Up|p2a: Ceruledge
|-boost|p2a: Ceruledge|atk|1
|-boost|p2a: Ceruledge|def|1
|
|upkeep
|turn|14
|
|t:|1760443734
|move|p1a: Kingambit|Sucker Punch|p2a: Ceruledge
|-supereffective|p2a: Ceruledge
|-damage|p2a: Ceruledge|0 fnt
|faint|p2a: Ceruledge
|
|upkeep
|
|t:|1760443745
|switch|p2a: Glimmora|Glimmora, M|88/100
|-damage|p2a: Glimmora|76/100|[from] Stealth Rock
|turn|15
|
|t:|1760443754
|move|p1a: Kingambit|Sucker Punch|p2a: Glimmora
|-damage|p2a: Glimmora|10/100
|-activate|p2a: Glimmora|ability: Toxic Debris
|-sidestart|p1: JLW|move: Toxic Spikes
|move|p2a: Glimmora|Dazzling Gleam|p1a: Kingambit
|-damage|p1a: Kingambit|71/100
|-enditem|p1a: Kingambit|Air Balloon
|
|upkeep
|turn|16
|
|t:|1760443763
|move|p2a: Glimmora|Dazzling Gleam|p1a: Kingambit
|-damage|p1a: Kingambit|40/100
|move|p1a: Kingambit|Kowtow Cleave|p2a: Glimmora
|-damage|p2a: Glimmora|0 fnt
|-activate|p2a: Glimmora|ability: Toxic Debris
|-sidestart|p1: JLW|move: Toxic Spikes
|faint|p2a: Glimmora
|
|upkeep
|
|t:|1760443771
|switch|p2a: Necrozma|Necrozma|100/100
|-damage|p2a: Necrozma|88/100|[from] Stealth Rock
|turn|17
|
|t:|1760443776
|-terastallize|p2a: Necrozma|Poison
|move|p2a: Necrozma|Earth Power|p1a: Kingambit
|-supereffective|p1a: Kingambit
|-damage|p1a: Kingambit|0 fnt
|faint|p1a: Kingambit
|-end|p1a: Kingambit|fallen5|[silent]
|
|win|xsilver069623
|raw|JLW's rating: 1289 &rarr; <strong>1263</strong><br />(-26 for losing)
|raw|xsilver069623's rating: 1269 &rarr; <strong>1295</strong><br />(+26 for winning)
|l|☆JLW
|player|p1|
|l|☆xsilver069623
|player|p2|
