|j|☆neonekronttv
|j|☆veterannick1994
|t:|1760382612
|gametype|singles
|player|p1|neonekronttv|170|
|player|p2|veterannick1994|crasherwake|
|gen|9
|tier|[Gen 9] OU
|rule|HP Percentage Mod: HP is shown in percentages
|rule|Endless Battle Clause: Forcing endless battles is banned
|rule|Species Clause: Limit one of each Pokémon
|rule|OHKO Clause: OHKO moves are banned
|rule|Evasion Items Clause: Evasion items are banned
|rule|Evasion Moves Clause: Evasion moves are banned
|rule|Evasion Abilities Clause: Evasion abilities are banned
|rule|Sleep Moves Clause: Sleep-inducing moves are banned
|clearpoke
|poke|p1|Ogerpon-Wellspring, F|
|poke|p1|Walking Wake|
|poke|p1|Quaquaval, F|
|poke|p1|Basculegion-F, F|
|poke|p1|Pelipper, M|
|poke|p1|Drednaw, F|
|poke|p2|Volcanion|
|poke|p2|Araquanid, M|
|poke|p2|Milotic, F|
|poke|p2|Dondozo, F|
|poke|p2|Rotom-Wash|
|poke|p2|Greninja-*, M|
|teampreview
|
|t:|1760382627
|teamsize|p1|6
|teamsize|p2|6
|start
|switch|p1a: Pelipper|Pelipper, M|100/100
|switch|p2a: Araquanid|Araquanid, M|100/100
|-weather|RainDance|[from] ability: Drizzle|[of] p1a: Pelipper
|turn|1
|
|t:|1760382641
|move|p1a: Pelipper|U-turn|p2a: Araquanid
|-damage|p2a: Araquanid|94/100
|
|t:|1760382644
|switch|p1a: Quaquaval|Quaquaval, F|100/100|[from] U-turn
|move|p2a: Araquanid|Sticky Web|p1a: Quaquaval
|-sidestart|p1: neonekronttv|move: Sticky Web
|
|-weather|RainDance|[upkeep]
|upkeep
|turn|2
|
|t:|1760382660
|move|p1a: Quaquaval|Knock Off|p2a: Araquanid
|-damage|p2a: Araquanid|69/100
|-enditem|p2a: Araquanid|Heavy-Duty Boots|[from] move: Knock Off|[of] p1a: Quaquaval
|move|p2a: Araquanid|Infestation|p1a: Quaquaval
|-resisted|p1a: Quaquaval
|-damage|p1a: Quaquaval|99/100
|-activate|p1a: Quaquaval|move: Infestation|[of] p2a: Araquanid
|
|-weather|RainDance|[upkeep]
|-damage|p1a: Quaquaval|86/100|[from] move: Infestation|[partiallytrapped]
|upkeep
|turn|3
|
|t:|1760382671
|move|p1a: Quaquaval|Close Combat|p2a: Araquanid
|-resisted|p2a: Araquanid
|-damage|p2a: Araquanid|49/100
|-unboost|p1a: Quaquaval|def|1
|-unboost|p1a: Quaquaval|spd|1
|move|p2a: Araquanid|Liquidation|p1a: Quaquaval
|-resisted|p1a: Quaquaval
|-damage|p1a: Quaquaval|23/100
|
|-weather|RainDance|[upkeep]
|-damage|p1a: Quaquaval|11/100|[from] move: Infestation|[partiallytrapped]
|upkeep
|turn|4
|
|t:|1760382683
|move|p1a: Quaquaval|Aqua Step|p2a: Araquanid
|-resisted|p2a: Araquanid
|-damage|p2a: Araquanid|27/100
|-boost|p1a: Quaquaval|spe|1
|move|p2a: Araquanid|Liquidation|p1a: Quaquaval
|-resisted|p1a: Quaquaval
|-damage|p1a: Quaquaval|0 fnt
|faint|p1a: Quaquaval
|
|-weather|RainDance|[upkeep]
|upkeep
|
|t:|1760382688
|switch|p1a: Pelipper|Pelipper, M|100/100
|turn|5
|
|t:|1760382700
|switch|p2a: Dondozo|Dondozo, F|100/100
|move|p1a: Pelipper|Hurricane|p2a: Dondozo
|-damage|p2a: Dondozo|70/100
|-start|p2a: Dondozo|confusion
|
|-weather|RainDance|[upkeep]
|-heal|p2a: Dondozo|76/100|[from] item: Leftovers
|upkeep
|turn|6
|
|t:|1760382713
|move|p1a: Pelipper|U-turn|p2a: Dondozo
|-damage|p2a: Dondozo|72/100
|
|t:|1760382756
|switch|p1a: Ogerpon|Ogerpon-Wellspring, F|100/100|[from] U-turn
|-activate|p1a: Ogerpon|move: Sticky Web
|-unboost|p1a: Ogerpon|spe|1
|-activate|p2a: Dondozo|confusion
|move|p2a: Dondozo|Curse|p2a: Dondozo
|-unboost|p2a: Dondozo|spe|1
|-boost|p2a: Dondozo|atk|1
|-boost|p2a: Dondozo|def|1
|
|-weather|RainDance|[upkeep]
|-heal|p2a: Dondozo|78/100|[from] item: Leftovers
|upkeep
|turn|7
|
|t:|1760382771
|move|p1a: Ogerpon|Energy Ball|p2a: Dondozo
|-supereffective|p2a: Dondozo
|-damage|p2a: Dondozo|48/100
|-activate|p2a: Dondozo|confusion
|-damage|p2a: Dondozo|42/100|[from] confusion
|
|-weather|RainDance|[upkeep]
|-heal|p2a: Dondozo|49/100|[from] item: Leftovers
|upkeep
|turn|8
|
|t:|1760382780
|move|p1a: Ogerpon|Energy Ball|p2a: Dondozo
|-supereffective|p2a: Dondozo
|-damage|p2a: Dondozo|16/100
|-activate|p2a: Dondozo|confusion
|move|p2a: Dondozo|Rest|p2a: Dondozo
|-status|p2a: Dondozo|slp|[from] move: Rest
|-heal|p2a: Dondozo|100/100 slp|[silent]
|
|-weather|none
|upkeep
|turn|9
|
|t:|1760382790
|move|p1a: Ogerpon|Energy Ball|p2a: Dondozo
|-supereffective|p2a: Dondozo
|-damage|p2a: Dondozo|72/100 slp
|cant|p2a: Dondozo|slp
|-end|p2a: Dondozo|confusion
|move|p2a: Dondozo|Sleep Talk|p2a: Dondozo
|move|p2a: Dondozo|Rest||[from] move: Sleep Talk|[still]
|-fail|p2a: Dondozo
|
|-heal|p2a: Dondozo|78/100 slp|[from] item: Leftovers
|upkeep
|turn|10
|
|t:|1760382803
|move|p1a: Ogerpon|Energy Ball|p2a: Dondozo
|-supereffective|p2a: Dondozo
|-damage|p2a: Dondozo|46/100 slp
|cant|p2a: Dondozo|slp
|
|-heal|p2a: Dondozo|52/100 slp|[from] item: Leftovers
|upkeep
|turn|11
|
|t:|1760382812
|move|p1a: Ogerpon|Energy Ball|p2a: Dondozo
|-supereffective|p2a: Dondozo
|-damage|p2a: Dondozo|17/100 slp
|-curestatus|p2a: Dondozo|slp|[msg]
|move|p2a: Dondozo|Curse|p2a: Dondozo
|-unboost|p2a: Dondozo|spe|1
|-boost|p2a: Dondozo|atk|1
|-boost|p2a: Dondozo|def|1
|
|-heal|p2a: Dondozo|23/100|[from] item: Leftovers
|upkeep
|turn|12
|
|t:|1760382824
|switch|p2a: Araquanid|Araquanid, M|27/100
|move|p1a: Ogerpon|Energy Ball|p2a: Araquanid
|-damage|p2a: Araquanid|7/100
|
|upkeep
|turn|13
|
|t:|1760382837
|move|p1a: Ogerpon|Energy Ball|p2a: Araquanid
|-damage|p2a: Araquanid|0 fnt
|faint|p2a: Araquanid
|
|upkeep
|
|t:|1760382842
|switch|p2a: Milotic|Milotic, F|100/100
|turn|14
|
|t:|1760382864
|-terastallize|p1a: Ogerpon|Water
|detailschange|p1a: Ogerpon|Ogerpon-Wellspring-Tera, F, tera:Water
|-ability|p1a: Ogerpon|Embody Aspect (Wellspring)|boost
|-boost|p1a: Ogerpon|spd|1
|move|p1a: Ogerpon|Energy Ball|p2a: Milotic
|-supereffective|p2a: Milotic
|-damage|p2a: Milotic|62/100
|move|p2a: Milotic|Mirror Coat|p1a: Ogerpon
|-damage|p1a: Ogerpon|0 fnt
|faint|p1a: Ogerpon
|detailschange|p1: Ogerpon|Ogerpon-Wellspring, F|[silent]
|
|upkeep
|
|t:|1760382876
|switch|p1a: Pelipper|Pelipper, M|100/100
|-weather|RainDance|[from] ability: Drizzle|[of] p1a: Pelipper
|turn|15
|
|t:|1760382882
|move|p2a: Milotic|Recover|p2a: Milotic
|-heal|p2a: Milotic|100/100
|move|p1a: Pelipper|U-turn|p2a: Milotic
|-damage|p2a: Milotic|94/100
|
|t:|1760382900
|switch|p1a: Basculegion|Basculegion-F, F|100/100|[from] U-turn
|-activate|p1a: Basculegion|move: Sticky Web
|-unboost|p1a: Basculegion|spe|1
|
|-weather|RainDance|[upkeep]
|upkeep
|turn|16
|
|t:|1760382909
|move|p1a: Basculegion|Head Smash|p2a: Milotic
|-damage|p2a: Milotic|49/100
|-damage|p1a: Basculegion|77/100|[from] Recoil
|-damage|p1a: Basculegion|67/100|[from] item: Life Orb
|move|p2a: Milotic|Scald|p1a: Basculegion
|-resisted|p1a: Basculegion
|-damage|p1a: Basculegion|45/100
|
|-weather|RainDance|[upkeep]
|upkeep
|turn|17
|
|t:|1760382921
|move|p1a: Basculegion|Head Smash|p2a: Milotic|[miss]
|-miss|p1a: Basculegion|p2a: Milotic
|move|p2a: Milotic|Recover|p2a: Milotic
|-heal|p2a: Milotic|99/100
|
|-weather|RainDance|[upkeep]
|upkeep
|turn|18
|
|t:|1760382988
|move|p1a: Basculegion|Head Smash|p2a: Milotic
|-damage|p2a: Milotic|55/100
|-damage|p1a: Basculegion|22/100|[from] Recoil
|-damage|p1a: Basculegion|12/100|[from] item: Life Orb
|move|p2a: Milotic|Scald|p1a: Basculegion
|-resisted|p1a: Basculegion
|-damage|p1a: Basculegion|0 fnt
|faint|p1a: Basculegion
|
|-weather|RainDance|[upkeep]
|upkeep
|
|t:|1760382993
|switch|p1a: Drednaw|Drednaw, F|100/100
|-activate|p1a: Drednaw|move: Sticky Web
|-unboost|p1a: Drednaw|spe|1
|-enditem|p1a: Drednaw|White Herb
|-clearnegativeboost|p1a: Drednaw|[silent]
|turn|19
|
|t:|1760383006
|move|p1a: Drednaw|Shell Smash|p1a: Drednaw
|-unboost|p1a: Drednaw|def|1
|-unboost|p1a: Drednaw|spd|1
|-boost|p1a: Drednaw|atk|2
|-boost|p1a: Drednaw|spa|2
|-boost|p1a: Drednaw|spe|2
|move|p2a: Milotic|Scald|p1a: Drednaw
|-damage|p1a: Drednaw|3/100
|-status|p1a: Drednaw|brn
|
|-weather|RainDance|[upkeep]
|-damage|p1a: Drednaw|0 fnt|[from] brn
|faint|p1a: Drednaw
|upkeep
|
|t:|1760383016
|switch|p1a: Walking Wake|Walking Wake|100/100
|-activate|p1a: Walking Wake|move: Sticky Web
|-unboost|p1a: Walking Wake|spe|1
|-enditem|p1a: Walking Wake|Booster Energy
|-activate|p1a: Walking Wake|ability: Protosynthesis|[fromitem]
|-start|p1a: Walking Wake|protosynthesisspa
|turn|20
|
|t:|1760383026
|move|p1a: Walking Wake|Dragon Pulse|p2a: Milotic
|-damage|p2a: Milotic|12/100
|move|p2a: Milotic|Mirror Coat|p1a: Walking Wake
|-damage|p1a: Walking Wake|1/100
|
|-weather|RainDance|[upkeep]
|upkeep
|turn|21
|
|t:|1760383036
|switch|p2a: Dondozo|Dondozo, F|23/100
|move|p1a: Walking Wake|Dragon Pulse|p2a: Dondozo
|-damage|p2a: Dondozo|0 fnt
|faint|p2a: Dondozo
|
|-weather|RainDance|[upkeep]
|upkeep
|
|t:|1760383044
|switch|p2a: Rotom|Rotom-Wash|100/100
|turn|22
|
|t:|1760383106
|move|p1a: Walking Wake|Weather Ball|p2a: Rotom
|-resisted|p2a: Rotom
|-crit|p2a: Rotom
|-damage|p2a: Rotom|27/100
|move|p2a: Rotom|Volt Switch|p1a: Walking Wake
|-damage|p1a: Walking Wake|0 fnt
|faint|p1a: Walking Wake
|-end|p1a: Walking Wake|Protosynthesis|[silent]
|
|t:|1760383114
|switch|p2a: Greninja|Greninja, M|100/100|[from] Volt Switch
|
|-weather|none
|upkeep
|
|t:|1760383118
|switch|p1a: Pelipper|Pelipper, M|100/100
|-weather|RainDance|[from] ability: Drizzle|[of] p1a: Pelipper
|turn|23
|
|t:|1760383129
|-terastallize|p2a: Greninja|Water
|move|p2a: Greninja|Ice Beam|p1a: Pelipper
|-damage|p1a: Pelipper|52/100
|-damage|p2a: Greninja|91/100|[from] item: Life Orb
|move|p1a: Pelipper|Hurricane|p2a: Greninja
|-damage|p2a: Greninja|6/100
|-start|p2a: Greninja|confusion
|
|-weather|RainDance|[upkeep]
|upkeep
|turn|24
|
|t:|1760383142
|-activate|p2a: Greninja|confusion
|move|p2a: Greninja|Hydro Pump|p1a: Pelipper
|-resisted|p1a: Pelipper
|-damage|p1a: Pelipper|0 fnt
|faint|p1a: Pelipper
|-damage|p2a: Greninja|0 fnt|[from] item: Life Orb
|faint|p2a: Greninja
|
|win|veterannick1994
|c|☆neonekronttv|gg
