|j|☆Czcbnhffghhh
|j|☆julipabl
|t:|1760299595
|gametype|singles
|player|p1|Czcbnhffghhh|170|1079
|player|p2|julipabl|youngster-gen4dp|1121
|gen|9
|tier|[Gen 9] OU
|rated|
|rule|HP Percentage Mod: HP is shown in percentages
|rule|Endless Battle Clause: Forcing endless battles is banned
|rule|Species Clause: Limit one of each Pokémon
|rule|OHKO Clause: OHKO moves are banned
|rule|Evasion Items Clause: Evasion items are banned
|rule|Evasion Moves Clause: Evasion moves are banned
|rule|Evasion Abilities Clause: Evasion abilities are banned
|rule|Sleep Moves Clause: Sleep-inducing moves are banned
|clearpoke
|poke|p1|Pelipper, F|
|poke|p1|Barraskewda, M|
|poke|p1|Basculegion, M|
|poke|p1|Kingdra, M|
|poke|p1|Tentacruel, F|
|poke|p1|Swampert, M|
|poke|p2|Torterra, F|
|poke|p2|Magcargo, M|
|poke|p2|Conkeldurr, F|
|poke|p2|Krookodile, F|
|poke|p2|Magnezone|
|poke|p2|Porygon-Z|
|teampreview
|inactive|Battle timer is ON: inactive players will automatically lose when time's up. (requested by Czcbnhffghhh)
|
|t:|1760299614
|teamsize|p1|6
|teamsize|p2|6
|start
|switch|p1a: Pelipper|Pelipper, F|100/100
|switch|p2a: Porygon-Z|Porygon-Z|100/100
|-weather|RainDance|[from] ability: Drizzle|[of] p1a: Pelipper
|turn|1
|
|t:|1760299622
|switch|p1a: Swampert|Swampert, M|100/100
|move|p2a: Porygon-Z|Discharge|p1a: Swampert
|-immune|p1a: Swampert
|
|-weather|RainDance|[upkeep]
|upkeep
|turn|2
|
|t:|1760299649
|move|p2a: Porygon-Z|Tri Attack|p1a: Swampert
|-damage|p1a: Swampert|56/100
|-status|p1a: Swampert|frz
|cant|p1a: Swampert|frz
|
|-weather|RainDance|[upkeep]
|-heal|p1a: Swampert|62/100 frz|[from] item: Leftovers
|upkeep
|turn|3
|
|t:|1760299658
|move|p2a: Porygon-Z|Tri Attack|p1a: Swampert
|-damage|p1a: Swampert|18/100 frz
|-curestatus|p1a: Swampert|frz|[msg]
|move|p1a: Swampert|Flip Turn|p2a: Porygon-Z
|-damage|p2a: Porygon-Z|22/100
|
|t:|1760299668
|switch|p1a: Basculegion|Basculegion, M|100/100|[from] Flip Turn
|
|-weather|RainDance|[upkeep]
|upkeep
|turn|4
|
|t:|1760299692
|move|p1a: Basculegion|Flip Turn|p2a: Porygon-Z
|-damage|p2a: Porygon-Z|0 fnt
|faint|p2a: Porygon-Z
|
|t:|1760299697
|switch|p1a: Barraskewda|Barraskewda, M|100/100|[from] Flip Turn
|
|-weather|RainDance|[upkeep]
|upkeep
|
|t:|1760299706
|switch|p2a: Torterra|Torterra, F|100/100
|turn|5
|
|t:|1760299715
|-terastallize|p1a: Barraskewda|Water
|-terastallize|p2a: Torterra|Grass
|move|p1a: Barraskewda|Liquidation|p2a: Torterra
|-resisted|p2a: Torterra
|-damage|p2a: Torterra|62/100
|-damage|p1a: Barraskewda|91/100|[from] item: Life Orb
|move|p2a: Torterra|Leech Seed|p1a: Barraskewda
|-start|p1a: Barraskewda|move: Leech Seed
|
|-weather|RainDance|[upkeep]
|-heal|p2a: Torterra|68/100|[from] item: Leftovers
|-damage|p1a: Barraskewda|78/100|[from] Leech Seed|[of] p2a: Torterra
|-heal|p2a: Torterra|76/100|[silent]
|upkeep
|turn|6
|
|t:|1760299731
|move|p1a: Barraskewda|Poison Jab|p2a: Torterra
|-supereffective|p2a: Torterra
|-damage|p2a: Torterra|21/100
|-damage|p1a: Barraskewda|69/100|[from] item: Life Orb
|move|p2a: Torterra|Stockpile|p2a: Torterra
|-start|p2a: Torterra|stockpile1
|-boost|p2a: Torterra|def|1
|-boost|p2a: Torterra|spd|1
|
|-weather|RainDance|[upkeep]
|-heal|p2a: Torterra|27/100|[from] item: Leftovers
|-damage|p1a: Barraskewda|56/100|[from] Leech Seed|[of] p2a: Torterra
|-heal|p2a: Torterra|35/100|[silent]
|upkeep
|turn|7
|
|t:|1760299748
|switch|p1a: Tentacruel|Tentacruel, F|100/100
|move|p2a: Torterra|Synthesis|p2a: Torterra
|-heal|p2a: Torterra|60/100
|
|-weather|RainDance|[upkeep]
|-heal|p2a: Torterra|66/100|[from] item: Leftovers
|upkeep
|turn|8
|
|t:|1760299759
|move|p1a: Tentacruel|Knock Off|p2a: Torterra
|-damage|p2a: Torterra|58/100
|-enditem|p2a: Torterra|Leftovers|[from] move: Knock Off|[of] p1a: Tentacruel
|move|p2a: Torterra|Bulldoze|p1a: Tentacruel
|-supereffective|p1a: Tentacruel
|-damage|p1a: Tentacruel|61/100
|-unboost|p1a: Tentacruel|spe|1
|
|-weather|none
|-heal|p1a: Tentacruel|67/100|[from] item: Leftovers
|upkeep
|turn|9
|
|t:|1760299770
|move|p1a: Tentacruel|Flip Turn|p2a: Torterra
|-resisted|p2a: Torterra
|-damage|p2a: Torterra|55/100
|
|t:|1760299772
|switch|p1a: Pelipper|Pelipper, F|100/100|[from] Flip Turn
|-weather|RainDance|[from] ability: Drizzle|[of] p1a: Pelipper
|move|p2a: Torterra|Synthesis|p2a: Torterra
|-heal|p2a: Torterra|80/100
|
|-weather|RainDance|[upkeep]
|upkeep
|turn|10
|
|t:|1760299787
|switch|p2a: Magcargo|Magcargo, M|100/100
|move|p1a: Pelipper|Hurricane|p2a: Magcargo
|-resisted|p2a: Magcargo
|-damage|p2a: Magcargo|84/100
|
|-weather|RainDance|[upkeep]
|upkeep
|turn|11
|
|t:|1760299797
|move|p1a: Pelipper|Surf|p2a: Magcargo
|-supereffective|p2a: Magcargo
|-damage|p2a: Magcargo|0 fnt
|faint|p2a: Magcargo
|
|-weather|RainDance|[upkeep]
|upkeep
|
|t:|1760299812
|switch|p2a: Magnezone|Magnezone|100/100
|-item|p2a: Magnezone|Air Balloon
|turn|12
|
|t:|1760299823
|switch|p2a: Torterra|Torterra, F, tera:Grass|80/100
|switch|p1a: Swampert|Swampert, M|18/100
|
|-weather|RainDance|[upkeep]
|-heal|p1a: Swampert|24/100|[from] item: Leftovers
|upkeep
|turn|13
|
|t:|1760299834
|move|p1a: Swampert|Flip Turn|p2a: Torterra
|-resisted|p2a: Torterra
|-damage|p2a: Torterra|64/100
|
|t:|1760299840
|switch|p1a: Pelipper|Pelipper, F|100/100|[from] Flip Turn
|move|p2a: Torterra|Leech Seed|p1a: Pelipper
|-start|p1a: Pelipper|move: Leech Seed
|
|-weather|RainDance|[upkeep]
|-damage|p1a: Pelipper|88/100|[from] Leech Seed|[of] p2a: Torterra
|-heal|p2a: Torterra|74/100|[silent]
|upkeep
|turn|14
|
|t:|1760299852
|switch|p2a: Magnezone|Magnezone|100/100
|-item|p2a: Magnezone|Air Balloon
|move|p1a: Pelipper|Hurricane|p2a: Magnezone
|-resisted|p2a: Magnezone
|-damage|p2a: Magnezone|90/100
|-enditem|p2a: Magnezone|Air Balloon
|
|-weather|RainDance|[upkeep]
|-damage|p1a: Pelipper|76/100|[from] Leech Seed|[of] p2a: Magnezone
|-heal|p2a: Magnezone|100/100|[silent]
|upkeep
|turn|15
|
|t:|1760299865
|switch|p1a: Swampert|Swampert, M|24/100
|move|p2a: Magnezone|Flash Cannon|p1a: Swampert
|-resisted|p1a: Swampert
|-damage|p1a: Swampert|8/100
|
|-weather|RainDance|[upkeep]
|-heal|p1a: Swampert|15/100|[from] item: Leftovers
|upkeep
|turn|16
|
|t:|1760299874
|move|p2a: Magnezone|Flash Cannon|p1a: Swampert
|-resisted|p1a: Swampert
|-damage|p1a: Swampert|0 fnt
|faint|p1a: Swampert
|
|-weather|none
|upkeep
|
|t:|1760299879
|switch|p1a: Pelipper|Pelipper, F|76/100
|-weather|RainDance|[from] ability: Drizzle|[of] p1a: Pelipper
|turn|17
|
|t:|1760299891
|switch|p1a: Tentacruel|Tentacruel, F|67/100
|move|p2a: Magnezone|Discharge|p1a: Tentacruel
|-supereffective|p1a: Tentacruel
|-damage|p1a: Tentacruel|0 fnt
|faint|p1a: Tentacruel
|
|-weather|RainDance|[upkeep]
|upkeep
|
|t:|1760299897
|switch|p1a: Basculegion|Basculegion, M|100/100
|turn|18
|
|t:|1760299904
|move|p1a: Basculegion|Wave Crash|p2a: Magnezone
|-ability|p2a: Magnezone|Sturdy
|-damage|p2a: Magnezone|1/100
|-damage|p1a: Basculegion|76/100|[from] Recoil
|move|p2a: Magnezone|Discharge|p1a: Basculegion
|-supereffective|p1a: Basculegion
|-damage|p1a: Basculegion|0 fnt
|faint|p1a: Basculegion
|
|-weather|RainDance|[upkeep]
|upkeep
|
|t:|1760299913
|switch|p1a: Kingdra|Kingdra, M|100/100
|turn|19
|
|t:|1760299920
|move|p1a: Kingdra|Hurricane|p2a: Magnezone
|-resisted|p2a: Magnezone
|-damage|p2a: Magnezone|0 fnt
|faint|p2a: Magnezone
|
|-weather|RainDance|[upkeep]
|upkeep
|
|t:|1760299931
|switch|p2a: Torterra|Torterra, F, tera:Grass|74/100
|turn|20
|
|t:|1760299938
|move|p1a: Kingdra|Hurricane|p2a: Torterra
|-supereffective|p2a: Torterra
|-damage|p2a: Torterra|0 fnt
|faint|p2a: Torterra
|
|-weather|RainDance|[upkeep]
|upkeep
|
|t:|1760299945
|switch|p2a: Conkeldurr|Conkeldurr, F|100/100
|turn|21
|
|t:|1760299951
|move|p1a: Kingdra|Hurricane|p2a: Conkeldurr
|-supereffective|p2a: Conkeldurr
|-damage|p2a: Conkeldurr|26/100
|move|p2a: Conkeldurr|Drain Punch|p1a: Kingdra
|-damage|p1a: Kingdra|32/100
|-heal|p2a: Conkeldurr|50/100|[from] drain|[of] p1a: Kingdra
|
|-weather|RainDance|[upkeep]
|upkeep
|turn|22
|
|t:|1760299961
|move|p2a: Conkeldurr|Mach Punch|p1a: Kingdra
|-damage|p1a: Kingdra|0 fnt
|faint|p1a: Kingdra
|
|-weather|RainDance|[upkeep]
|upkeep
|
|t:|1760299965
|switch|p1a: Pelipper|Pelipper, F|76/100
|turn|23
|
|t:|1760299972
|move|p2a: Conkeldurr|Ice Punch|p1a: Pelipper
|-damage|p1a: Pelipper|42/100
|move|p1a: Pelipper|Hurricane|p2a: Conkeldurr
|-supereffective|p2a: Conkeldurr
|-damage|p2a: Conkeldurr|0 fnt
|faint|p2a: Conkeldurr
|
|-weather|RainDance|[upkeep]
|upkeep
|
|t:|1760299981
|switch|p2a: Krookodile|Krookodile, F|100/100
|turn|24
|
|t:|1760299988
|move|p2a: Krookodile|Knock Off|p1a: Pelipper
|-crit|p1a: Pelipper
|-damage|p1a: Pelipper|0 fnt
|-enditem|p1a: Pelipper|Damp Rock|[from] move: Knock Off|[of] p2a: Krookodile
|faint|p1a: Pelipper
|-ability|p2a: Krookodile|Moxie|boost
|-boost|p2a: Krookodile|atk|1
|
|-weather|none
|upkeep
|
|t:|1760299990
|switch|p1a: Barraskewda|Barraskewda, M, tera:Water|56/100
|turn|25
|
|t:|1760299999
|move|p2a: Krookodile|Knock Off|p1a: Barraskewda
|-damage|p1a: Barraskewda|0 fnt
|-enditem|p1a: Barraskewda|Life Orb|[from] move: Knock Off|[of] p2a: Krookodile
|faint|p1a: Barraskewda
|
|win|julipabl
|raw|Czcbnhffghhh's rating: 1079 &rarr; <strong>1060</strong><br />(-19 for losing)
|raw|julipabl's rating: 1121 &rarr; <strong>1143</strong><br />(+22 for winning)
|l|☆Czcbnhffghhh
|player|p1|
|l|☆julipabl
|player|p2|
