|j|☆swankytroll45
|j|☆Psycho16
|t:|1760416598
|gametype|singles
|player|p1|swankytroll45|169|1352
|player|p2|Psycho16|petrel|1397
|gen|9
|tier|[Gen 9] OU
|rated|
|rule|HP Percentage Mod: HP is shown in percentages
|rule|Endless Battle Clause: Forcing endless battles is banned
|rule|Species Clause: Limit one of each Pokémon
|rule|OHKO Clause: OHKO moves are banned
|rule|Evasion Items Clause: Evasion items are banned
|rule|Evasion Moves Clause: Evasion moves are banned
|rule|Evasion Abilities Clause: Evasion abilities are banned
|rule|Sleep Moves Clause: Sleep-inducing moves are banned
|clearpoke
|poke|p1|Great Tusk|
|poke|p1|Heatran, M|
|poke|p1|Weavile, M|
|poke|p1|Primarina, M|
|poke|p1|Ogerpon, F|
|poke|p1|Pecharunt|
|poke|p2|Toxapex, M|
|poke|p2|Incineroar, F|
|poke|p2|Dragonite, F|
|poke|p2|Kilowattrel, F|
|poke|p2|Ditto|
|poke|p2|Cinderace, M|
|teampreview
|inactive|Battle timer is ON: inactive players will automatically lose when time's up. (requested by Psycho16)
|
|t:|1760416626
|teamsize|p1|6
|teamsize|p2|6
|start
|switch|p1a: Chaos|Heatran, M, shiny|100/100
|switch|p2a: Kilowattrel|Kilowattrel, F|100/100
|-item|p1a: Chaos|Air Balloon
|turn|1
|
|t:|1760416634
|move|p2a: Kilowattrel|Volt Switch|p1a: Chaos
|-damage|p1a: Chaos|55/100
|-enditem|p1a: Chaos|Air Balloon
|
|t:|1760416638
|switch|p2a: Incineroar|Incineroar, F, shiny|100/100|[from] Volt Switch
|-ability|p2a: Incineroar|Intimidate|boost
|-unboost|p1a: Chaos|atk|1
|move|p1a: Chaos|Magma Storm|p2a: Incineroar
|-resisted|p2a: Incineroar
|-damage|p2a: Incineroar|77/100
|-activate|p2a: Incineroar|move: Magma Storm|[of] p1a: Chaos
|
|-damage|p2a: Incineroar|64/100|[from] move: Magma Storm|[partiallytrapped]
|upkeep
|turn|2
|
|t:|1760416656
|switch|p1a: Celestine|Primarina, M, shiny|100/100
|move|p2a: Incineroar|Earthquake|p1a: Celestine
|-damage|p1a: Celestine|61/100
|
|-end|p2a: Incineroar|Magma Storm|[partiallytrapped]|[silent]
|upkeep
|turn|3
|
|t:|1760416659
|move|p1a: Celestine|Flip Turn|p2a: Incineroar
|-supereffective|p2a: Incineroar
|-damage|p2a: Incineroar|40/100
|-enditem|p2a: Incineroar|Sitrus Berry|[eat]
|-heal|p2a: Incineroar|65/100|[from] item: Sitrus Berry
|
|t:|1760416667
|switch|p1a: Chaos|Heatran, M, shiny|55/100|[from] Flip Turn
|move|p2a: Incineroar|Parting Shot|p1a: Chaos
|-unboost|p1a: Chaos|atk|1
|-unboost|p1a: Chaos|spa|1
|
|t:|1760416670
|switch|p2a: Kilowattrel|Kilowattrel, F|100/100|[from] Parting Shot
|
|upkeep
|turn|4
|
|t:|1760416681
|move|p2a: Kilowattrel|Thunderbolt|p1a: Chaos
|-damage|p1a: Chaos|0 fnt
|faint|p1a: Chaos
|
|upkeep
|
|t:|1760416685
|switch|p1a: Bandit|Weavile, M, shiny|100/100
|-ability|p1a: Bandit|Pressure
|turn|5
|
|t:|1760416695
|switch|p2a: Incineroar|Incineroar, F, shiny|65/100
|-ability|p2a: Incineroar|Intimidate|boost
|-unboost|p1a: Bandit|atk|1
|move|p1a: Bandit|Ice Shard|p2a: Incineroar
|-resisted|p2a: Incineroar
|-damage|p2a: Incineroar|57/100
|
|upkeep
|turn|6
|
|t:|1760416710
|switch|p1a: Overseer|Pecharunt|100/100
|move|p2a: Incineroar|Parting Shot|p1a: Overseer
|-unboost|p1a: Overseer|atk|1
|-unboost|p1a: Overseer|spa|1
|
|t:|1760416713
|switch|p2a: Kilowattrel|Kilowattrel, F|100/100|[from] Parting Shot
|
|upkeep
|turn|7
|
|t:|1760416723
|move|p2a: Kilowattrel|Volt Switch|p1a: Overseer
|-damage|p1a: Overseer|55/100
|
|t:|1760416728
|switch|p2a: Toxapex|Toxapex, M|100/100|[from] Volt Switch
|move|p1a: Overseer|Malignant Chain|p2a: Toxapex
|-resisted|p2a: Toxapex
|-damage|p2a: Toxapex|91/100
|
|-heal|p2a: Toxapex|98/100|[from] item: Black Sludge
|upkeep
|turn|8
|
|t:|1760416734
|move|p1a: Overseer|Recover|p1a: Overseer
|-heal|p1a: Overseer|100/100
|move|p2a: Toxapex|Surf|p1a: Overseer
|-damage|p1a: Overseer|82/100
|
|-heal|p2a: Toxapex|100/100|[from] item: Black Sludge
|upkeep
|turn|9
|
|t:|1760416739
|move|p1a: Overseer|Parting Shot|p2a: Toxapex
|-unboost|p2a: Toxapex|atk|1
|-unboost|p2a: Toxapex|spa|1
|
|t:|1760416759
|switch|p1a: Anonymous|Ogerpon, F|100/100|[from] Parting Shot
|move|p2a: Toxapex|Ice Beam|p1a: Anonymous
|-supereffective|p1a: Anonymous
|-damage|p1a: Anonymous|82/100
|
|upkeep
|turn|10
|inactive|swankytroll45 has 120 seconds left.
|
|t:|1760416791
|move|p1a: Anonymous|Ivy Cudgel|p2a: Toxapex
|-damage|p2a: Toxapex|36/100
|move|p2a: Toxapex|Toxic|p1a: Anonymous
|-status|p1a: Anonymous|tox
|
|-heal|p2a: Toxapex|42/100|[from] item: Black Sludge
|-damage|p1a: Anonymous|76/100 tox|[from] psn
|upkeep
|turn|11
|inactive|swankytroll45 has 120 seconds left.
|
|t:|1760416798
|switch|p2a: Incineroar|Incineroar, F, shiny|57/100
|-ability|p2a: Incineroar|Intimidate|boost
|-unboost|p1a: Anonymous|atk|1
|-ability|p1a: Anonymous|Defiant|boost
|-boost|p1a: Anonymous|atk|2
|move|p1a: Anonymous|Ivy Cudgel|p2a: Incineroar
|-resisted|p2a: Incineroar
|-damage|p2a: Incineroar|11/100
|
|-damage|p1a: Anonymous|64/100 tox|[from] psn
|upkeep
|turn|12
|
|t:|1760416806
|move|p1a: Anonymous|Ivy Cudgel|p2a: Incineroar
|-resisted|p2a: Incineroar
|-damage|p2a: Incineroar|0 fnt
|faint|p2a: Incineroar
|
|-damage|p1a: Anonymous|46/100 tox|[from] psn
|upkeep
|
|t:|1760416808
|switch|p2a: Ditto|Ditto|100/100
|-transform|p2a: Ditto|p1a: Anonymous|[from] ability: Imposter
|turn|13
|
|t:|1760416813
|switch|p1a: Overseer|Pecharunt|82/100
|move|p2a: Ditto|U-turn|p1a: Overseer
|-resisted|p1a: Overseer
|-damage|p1a: Overseer|79/100
|-damage|p2a: Ditto|84/100|[from] item: Rocky Helmet|[of] p1a: Overseer
|
|t:|1760416821
|switch|p2a: Kilowattrel|Kilowattrel, F|100/100|[from] U-turn
|
|upkeep
|turn|14
|
|t:|1760416831
|move|p2a: Kilowattrel|Hurricane|p1a: Overseer
|-damage|p1a: Overseer|7/100
|move|p1a: Overseer|Parting Shot|p2a: Kilowattrel
|-unboost|p2a: Kilowattrel|atk|1
|-unboost|p2a: Kilowattrel|spa|1
|
|t:|1760416837
|switch|p1a: Bandit|Weavile, M, shiny|100/100|[from] Parting Shot
|-ability|p1a: Bandit|Pressure
|
|upkeep
|turn|15
|
|t:|1760416847
|switch|p2a: Cinderace|Cinderace, M|100/100
|move|p1a: Bandit|Triple Axel|p2a: Cinderace
|-resisted|p2a: Cinderace
|-damage|p2a: Cinderace|91/100
|-resisted|p2a: Cinderace
|-damage|p2a: Cinderace|68/100
|-resisted|p2a: Cinderace
|-damage|p2a: Cinderace|34/100
|-hitcount|p2a: Cinderace|3
|
|upkeep
|turn|16
|
|t:|1760416854
|switch|p1a: Overseer|Pecharunt|7/100
|move|p2a: Cinderace|Pyro Ball|p1a: Overseer
|-damage|p1a: Overseer|0 fnt
|faint|p1a: Overseer
|
|upkeep
|
|t:|1760416875
|switch|p1a: Behemoth|Great Tusk, shiny|100/100
|turn|17
|
|t:|1760416887
|move|p2a: Cinderace|Pyro Ball|p1a: Behemoth
|-damage|p1a: Behemoth|61/100
|move|p1a: Behemoth|Headlong Rush|p2a: Cinderace
|-supereffective|p2a: Cinderace
|-damage|p2a: Cinderace|0 fnt
|-unboost|p1a: Behemoth|def|1
|-unboost|p1a: Behemoth|spd|1
|faint|p2a: Cinderace
|
|upkeep
|
|t:|1760416892
|switch|p2a: Kilowattrel|Kilowattrel, F|100/100
|turn|18
|
|t:|1760416898
|-end|p1a: Behemoth|Protosynthesis|[silent]
|switch|p1a: Celestine|Primarina, M, shiny|61/100
|move|p2a: Kilowattrel|Air Slash|p1a: Celestine
|-damage|p1a: Celestine|35/100
|
|upkeep
|turn|19
|
|t:|1760416901
|move|p2a: Kilowattrel|Air Slash|p1a: Celestine
|-damage|p1a: Celestine|10/100
|move|p1a: Celestine|Moonblast|p2a: Kilowattrel
|-damage|p2a: Kilowattrel|11/100
|
|upkeep
|turn|20
|
|t:|1760416904
|move|p2a: Kilowattrel|Air Slash|p1a: Celestine
|-damage|p1a: Celestine|0 fnt
|faint|p1a: Celestine
|
|upkeep
|
|t:|1760416910
|switch|p1a: Bandit|Weavile, M, shiny|100/100
|-ability|p1a: Bandit|Pressure
|turn|21
|
|t:|1760416913
|switch|p2a: Toxapex|Toxapex, M|75/100
|move|p1a: Bandit|Ice Shard|p2a: Toxapex
|-resisted|p2a: Toxapex
|-damage|p2a: Toxapex|63/100
|
|-heal|p2a: Toxapex|69/100|[from] item: Black Sludge
|upkeep
|turn|22
|
|t:|1760416919
|switch|p1a: Behemoth|Great Tusk, shiny|61/100
|move|p2a: Toxapex|Toxic|p1a: Behemoth
|-status|p1a: Behemoth|tox
|
|-heal|p2a: Toxapex|75/100|[from] item: Black Sludge
|-damage|p1a: Behemoth|55/100 tox|[from] psn
|upkeep
|turn|23
|
|t:|1760416925
|switch|p2a: Dragonite|Dragonite, F|100/100
|move|p1a: Behemoth|Rapid Spin|p2a: Dragonite
|-damage|p2a: Dragonite|92/100
|-boost|p1a: Behemoth|spe|1
|
|-damage|p1a: Behemoth|42/100 tox|[from] psn
|upkeep
|turn|24
|
|t:|1760416935
|-terastallize|p2a: Dragonite|Steel
|move|p2a: Dragonite|Extreme Speed|p1a: Behemoth
|-damage|p1a: Behemoth|17/100 tox
|move|p1a: Behemoth|Ice Spinner|p2a: Dragonite
|-resisted|p2a: Dragonite
|-crit|p2a: Dragonite
|-damage|p2a: Dragonite|70/100
|
|-damage|p1a: Behemoth|0 fnt|[from] psn
|faint|p1a: Behemoth
|-end|p1a: Behemoth|Protosynthesis|[silent]
|upkeep
|
|t:|1760416942
|switch|p1a: Bandit|Weavile, M, shiny|100/100
|-ability|p1a: Bandit|Pressure
|turn|25
|
|t:|1760416948
|move|p1a: Bandit|Knock Off|p2a: Dragonite
|-damage|p2a: Dragonite|0 fnt
|-enditem|p2a: Dragonite|Loaded Dice|[from] move: Knock Off|[of] p1a: Bandit
|faint|p2a: Dragonite
|
|upkeep
|
|t:|1760416958
|switch|p2a: Toxapex|Toxapex, M|100/100
|turn|26
|
|t:|1760416961
|move|p1a: Bandit|Knock Off|p2a: Toxapex
|-damage|p2a: Toxapex|36/100
|-enditem|p2a: Toxapex|Black Sludge|[from] move: Knock Off|[of] p1a: Bandit
|move|p2a: Toxapex|Toxic|p1a: Bandit
|-status|p1a: Bandit|tox
|
|-damage|p1a: Bandit|94/100 tox|[from] psn
|upkeep
|turn|27
|
|t:|1760416964
|move|p1a: Bandit|Knock Off|p2a: Toxapex
|-crit|p2a: Toxapex
|-damage|p2a: Toxapex|0 fnt
|faint|p2a: Toxapex
|
|-damage|p1a: Bandit|82/100 tox|[from] psn
|upkeep
|
|t:|1760416966
|switch|p2a: Ditto|Ditto|84/100
|-transform|p2a: Ditto|p1a: Bandit|[from] ability: Imposter
|-ability|p2a: Ditto|Pressure
|turn|28
|
|t:|1760416995
|move|p2a: Ditto|Low Kick|p1a: Bandit
|-supereffective|p1a: Bandit
|-damage|p1a: Bandit|0 fnt
|faint|p1a: Bandit
|
|upkeep
|
|t:|1760416998
|switch|p1a: Anonymous|Ogerpon, F|46/100 tox
|turn|29
|
|t:|1760417002
|-terastallize|p1a: Anonymous|Grass
|detailschange|p1a: Anonymous|Ogerpon-Teal-Tera, F, tera:Grass
|-ability|p1a: Anonymous|Embody Aspect (Teal)|boost
|-boost|p1a: Anonymous|spe|1
|move|p2a: Ditto|Low Kick|p1a: Anonymous
|-damage|p1a: Anonymous|20/100 tox
|move|p1a: Anonymous|Ivy Cudgel|p2a: Ditto
|-damage|p2a: Ditto|0 fnt
|faint|p2a: Ditto
|
|-damage|p1a: Anonymous|14/100 tox|[from] psn
|upkeep
|
|t:|1760417014
|switch|p2a: Kilowattrel|Kilowattrel, F|11/100
|turn|30
|
|t:|1760417018
|move|p1a: Anonymous|Ivy Cudgel|p2a: Kilowattrel
|-resisted|p2a: Kilowattrel
|-damage|p2a: Kilowattrel|0 fnt
|faint|p2a: Kilowattrel
|
|win|swankytroll45
|raw|swankytroll45's rating: 1352 &rarr; <strong>1375</strong><br />(+23 for winning)
|raw|Psycho16's rating: 1397 &rarr; <strong>1374</strong><br />(-23 for losing)
|n|!Psycho16|psycho16
|l|!Psycho16
|player|p2|
|l|☆swankytroll45
|player|p1|
