|j|☆V. Al Sorna
|j|☆skunok
|t:|1760373525
|gametype|singles
|player|p1|V. Al Sorna|266|1259
|player|p2|skunok|266|1241
|gen|9
|tier|[Gen 9] OU
|rated|
|rule|HP Percentage Mod: HP is shown in percentages
|rule|Endless Battle Clause: Forcing endless battles is banned
|rule|Species Clause: Limit one of each Pokémon
|rule|OHKO Clause: OHKO moves are banned
|rule|Evasion Items Clause: Evasion items are banned
|rule|Evasion Moves Clause: Evasion moves are banned
|rule|Evasion Abilities Clause: Evasion abilities are banned
|rule|Sleep Moves Clause: Sleep-inducing moves are banned
|clearpoke
|poke|p1|Zapdos|
|poke|p1|Ceruledge, M|
|poke|p1|Araquanid, M|
|poke|p1|Glimmora, F|
|poke|p1|Inteleon, M|
|poke|p1|Meowscarada, M|
|poke|p2|Ceruledge, M|
|poke|p2|Quaquaval, M|
|poke|p2|Lycanroc-Dusk, M|
|poke|p2|Slowking-Galar, F|
|poke|p2|Sableye, F|
|poke|p2|Electrode-Hisui|
|teampreview
|inactive|Battle timer is ON: inactive players will automatically lose when time's up. (requested by V. Al Sorna)
|
|t:|1760373536
|teamsize|p1|6
|teamsize|p2|6
|start
|switch|p1a: Araquanid|Araquanid, M|100/100
|switch|p2a: Electrode|Electrode-Hisui|100/100
|turn|1
|
|t:|1760373543
|move|p2a: Electrode|Volt Switch|p1a: Araquanid
|-supereffective|p1a: Araquanid
|-damage|p1a: Araquanid|31/100
|
|t:|1760373552
|switch|p2a: Ceruledge|Ceruledge, M|100/100|[from] Volt Switch
|move|p1a: Araquanid|Sticky Web|p2a: Ceruledge
|-sidestart|p2: skunok|move: Sticky Web
|
|upkeep
|turn|2
|
|t:|1760373559
|move|p2a: Ceruledge|Swords Dance|p2a: Ceruledge
|-boost|p2a: Ceruledge|atk|2
|move|p1a: Araquanid|Surf|p2a: Ceruledge
|-supereffective|p2a: Ceruledge
|-damage|p2a: Ceruledge|0 fnt
|faint|p2a: Ceruledge
|
|upkeep
|
|t:|1760373572
|switch|p2a: Lycanroc|Lycanroc-Dusk, M|100/100
|-activate|p2a: Lycanroc|move: Sticky Web
|-unboost|p2a: Lycanroc|spe|1
|turn|3
|
|t:|1760373578
|move|p2a: Lycanroc|Stealth Rock|p1a: Araquanid
|-sidestart|p1: V. Al Sorna|move: Stealth Rock
|move|p1a: Araquanid|Surf|p2a: Lycanroc
|-supereffective|p2a: Lycanroc
|-enditem|p2a: Lycanroc|Focus Sash
|-damage|p2a: Lycanroc|1/100
|
|upkeep
|turn|4
|
|t:|1760373586
|move|p2a: Lycanroc|Thunder Fang|p1a: Araquanid
|-supereffective|p1a: Araquanid
|-damage|p1a: Araquanid|0 fnt
|faint|p1a: Araquanid
|
|upkeep
|
|t:|1760373590
|switch|p1a: Glimmora|Glimmora, F|100/100
|-damage|p1a: Glimmora|88/100|[from] Stealth Rock
|turn|5
|
|t:|1760373596
|move|p1a: Glimmora|Mortal Spin|p2a: Lycanroc
|-resisted|p2a: Lycanroc
|-damage|p2a: Lycanroc|0 fnt
|-sideend|p1: V. Al Sorna|Stealth Rock|[from] move: Mortal Spin|[of] p1a: Glimmora
|faint|p2a: Lycanroc
|
|upkeep
|
|t:|1760373601
|switch|p2a: Quaquaval|Quaquaval, M|100/100
|-activate|p2a: Quaquaval|move: Sticky Web
|-unboost|p2a: Quaquaval|spe|1
|turn|6
|
|t:|1760373613
|switch|p1a: Zapdos|Zapdos|100/100
|move|p2a: Quaquaval|Aqua Step|p1a: Zapdos
|-damage|p1a: Zapdos|68/100
|-boost|p2a: Quaquaval|spe|1
|-status|p2a: Quaquaval|par|[from] ability: Static|[of] p1a: Zapdos
|
|-heal|p1a: Zapdos|74/100|[from] item: Leftovers
|upkeep
|turn|7
|
|t:|1760373634
|-terastallize|p2a: Quaquaval|Steel
|move|p1a: Zapdos|Roost|p1a: Zapdos
|-heal|p1a: Zapdos|100/100
|-singleturn|p1a: Zapdos|move: Roost
|move|p2a: Quaquaval|Aqua Step|p1a: Zapdos
|-damage|p1a: Zapdos|68/100
|-boost|p2a: Quaquaval|spe|1
|
|-heal|p1a: Zapdos|74/100|[from] item: Leftovers
|upkeep
|turn|8
|inactive|V. Al Sorna has 120 seconds left.
|
|t:|1760373677
|move|p1a: Zapdos|Discharge|p2a: Quaquaval
|-damage|p2a: Quaquaval|70/100 par
|move|p2a: Quaquaval|Rapid Spin|p1a: Zapdos
|-damage|p1a: Zapdos|61/100
|-boost|p2a: Quaquaval|spe|1
|-sideend|p2: skunok|Sticky Web|[from] move: Rapid Spin|[of] p2a: Quaquaval
|
|-heal|p1a: Zapdos|67/100|[from] item: Leftovers
|upkeep
|turn|9
|
|t:|1760373687
|move|p2a: Quaquaval|Knock Off|p1a: Zapdos
|-damage|p1a: Zapdos|43/100
|-enditem|p1a: Zapdos|Leftovers|[from] move: Knock Off|[of] p2a: Quaquaval
|move|p1a: Zapdos|Discharge|p2a: Quaquaval
|-damage|p2a: Quaquaval|41/100 par
|
|upkeep
|turn|10
|
|t:|1760373694
|move|p2a: Quaquaval|Aqua Step|p1a: Zapdos
|-damage|p1a: Zapdos|10/100
|-boost|p2a: Quaquaval|spe|1
|move|p1a: Zapdos|Roost|p1a: Zapdos
|-heal|p1a: Zapdos|60/100
|-singleturn|p1a: Zapdos|move: Roost
|
|upkeep
|turn|11
|
|t:|1760373703
|move|p2a: Quaquaval|Aqua Step|p1a: Zapdos
|-damage|p1a: Zapdos|29/100
|-boost|p2a: Quaquaval|spe|1
|move|p1a: Zapdos|Roost|p1a: Zapdos
|-heal|p1a: Zapdos|79/100
|-singleturn|p1a: Zapdos|move: Roost
|
|upkeep
|turn|12
|
|t:|1760373714
|move|p2a: Quaquaval|Aqua Step|p1a: Zapdos
|-damage|p1a: Zapdos|46/100
|-boost|p2a: Quaquaval|spe|1
|move|p1a: Zapdos|Discharge|p2a: Quaquaval
|-damage|p2a: Quaquaval|11/100 par
|
|upkeep
|turn|13
|
|t:|1760373723
|cant|p2a: Quaquaval|par
|move|p1a: Zapdos|Roost|p1a: Zapdos
|-heal|p1a: Zapdos|96/100
|-singleturn|p1a: Zapdos|move: Roost
|
|upkeep
|turn|14
|
|t:|1760373730
|cant|p2a: Quaquaval|par
|move|p1a: Zapdos|Discharge|p2a: Quaquaval
|-damage|p2a: Quaquaval|0 fnt
|faint|p2a: Quaquaval
|
|upkeep
|
|t:|1760373744
|switch|p2a: Sableye|Sableye, F|100/100
|turn|15
|
|t:|1760373753
|move|p2a: Sableye|Taunt|p1a: Zapdos
|-start|p1a: Zapdos|move: Taunt
|move|p1a: Zapdos|Discharge|p2a: Sableye
|-damage|p2a: Sableye|57/100
|
|upkeep
|turn|16
|
|t:|1760373767
|switch|p2a: Slowking|Slowking-Galar, F|100/100
|move|p1a: Zapdos|Discharge|p2a: Slowking
|-damage|p2a: Slowking|74/100
|
|-heal|p2a: Slowking|80/100|[from] item: Leftovers
|upkeep
|turn|17
|
|t:|1760373777
|move|p1a: Zapdos|Discharge|p2a: Slowking
|-damage|p2a: Slowking|54/100
|move|p2a: Slowking|Toxic|p1a: Zapdos
|-status|p1a: Zapdos|tox
|
|-heal|p2a: Slowking|60/100|[from] item: Leftovers
|-damage|p1a: Zapdos|90/100 tox|[from] psn
|-end|p1a: Zapdos|move: Taunt
|upkeep
|turn|18
|
|t:|1760373788
|switch|p1a: Glimmora|Glimmora, F|88/100
|-prepare|p2a: Slowking|Chilly Reception|[premajor]
|move|p2a: Slowking|Chilly Reception|p2a: Slowking
|-weather|Snowscape
|
|t:|1760373797
|switch|p2a: Electrode|Electrode-Hisui|100/100|[from] Chilly Reception
|
|-weather|Snowscape|[upkeep]
|upkeep
|turn|19
|
|t:|1760373809
|move|p2a: Electrode|Volt Switch|p1a: Glimmora
|-damage|p1a: Glimmora|32/100
|
|t:|1760373812
|switch|p2a: Slowking|Slowking-Galar, F|93/100|[from] Volt Switch
|move|p1a: Glimmora|Stealth Rock|p2a: Slowking
|-sidestart|p2: skunok|move: Stealth Rock
|
|-weather|Snowscape|[upkeep]
|-heal|p2a: Slowking|99/100|[from] item: Leftovers
|upkeep
|turn|20
|
|t:|1760373826
|move|p1a: Glimmora|Earth Power|p2a: Slowking
|-supereffective|p2a: Slowking
|-damage|p2a: Slowking|55/100
|move|p2a: Slowking|Flamethrower|p1a: Glimmora
|-resisted|p1a: Glimmora
|-damage|p1a: Glimmora|18/100
|
|-weather|Snowscape|[upkeep]
|-heal|p2a: Slowking|61/100|[from] item: Leftovers
|upkeep
|turn|21
|
|t:|1760373835
|move|p1a: Glimmora|Earth Power|p2a: Slowking
|-supereffective|p2a: Slowking
|-damage|p2a: Slowking|14/100
|-prepare|p2a: Slowking|Chilly Reception|[premajor]
|move|p2a: Slowking|Chilly Reception|p2a: Slowking
|
|t:|1760373841
|switch|p2a: Electrode|Electrode-Hisui|100/100|[from] Chilly Reception
|-damage|p2a: Electrode|88/100|[from] Stealth Rock
|
|-weather|Snowscape|[upkeep]
|upkeep
|turn|22
|
|t:|1760373850
|move|p2a: Electrode|Volt Switch|p1a: Glimmora
|-damage|p1a: Glimmora|0 fnt
|faint|p1a: Glimmora
|
|t:|1760373858
|switch|p2a: Sableye|Sableye, F|57/100|[from] Volt Switch
|
|-weather|none
|upkeep
|
|t:|1760373881
|switch|p1a: Zapdos|Zapdos|90/100 tox
|turn|23
|
|t:|1760373899
|move|p2a: Sableye|Taunt|p1a: Zapdos
|-start|p1a: Zapdos|move: Taunt
|move|p1a: Zapdos|Hurricane|p2a: Sableye
|-damage|p2a: Sableye|3/100
|-start|p2a: Sableye|confusion
|
|-damage|p1a: Zapdos|84/100 tox|[from] psn
|upkeep
|turn|24
|
|t:|1760373913
|switch|p2a: Slowking|Slowking-Galar, F|47/100
|-damage|p2a: Slowking|35/100|[from] Stealth Rock
|move|p1a: Zapdos|Hurricane|p2a: Slowking
|-damage|p2a: Slowking|0 fnt
|faint|p2a: Slowking
|
|-damage|p1a: Zapdos|72/100 tox|[from] psn
|upkeep
|
|t:|1760373924
|switch|p2a: Electrode|Electrode-Hisui|88/100
|-damage|p2a: Electrode|76/100|[from] Stealth Rock
|turn|25
|-message|skunok forfeited.
|
|win|V. Al Sorna
|raw|V. Al Sorna's rating: 1259 &rarr; <strong>1283</strong><br />(+24 for winning)
|raw|skunok's rating: 1241 &rarr; <strong>1217</strong><br />(-24 for losing)
|l|☆skunok
|player|p2|
|l|☆V. Al Sorna
|player|p1|
