|j|☆Kward17kw
|j|☆Sun Yp
|t:|1760320482
|gametype|singles
|player|p1|Kward17kw|266|1086
|player|p2|Sun Yp|1|1083
|gen|9
|tier|[Gen 9] OU
|rated|
|rule|HP Percentage Mod: HP is shown in percentages
|rule|Endless Battle Clause: Forcing endless battles is banned
|rule|Species Clause: Limit one of each Pokémon
|rule|OHKO Clause: OHKO moves are banned
|rule|Evasion Items Clause: Evasion items are banned
|rule|Evasion Moves Clause: Evasion moves are banned
|rule|Evasion Abilities Clause: Evasion abilities are banned
|rule|Sleep Moves Clause: Sleep-inducing moves are banned
|clearpoke
|poke|p1|Bellibolt, M|
|poke|p1|Samurott-Hisui, F|
|poke|p1|Lycanroc-Dusk, F|
|poke|p1|Incineroar, M|
|poke|p1|Slowbro-Galar, M|
|poke|p1|Ursaluna, M|
|poke|p2|Indeedee, M|
|poke|p2|Primarina, F|
|poke|p2|Lokix, F|
|poke|p2|Rillaboom, F|
|poke|p2|Gliscor, M|
|poke|p2|Corviknight, F|
|teampreview
|inactive|Battle timer is ON: inactive players will automatically lose when time's up. (requested by Kward17kw)
|
|t:|1760320495
|teamsize|p1|6
|teamsize|p2|6
|start
|switch|p1a: Lycanroc|Lycanroc-Dusk, F|100/100
|switch|p2a: Lokix|Lokix, F|100/100
|turn|1
|
|t:|1760320506
|move|p2a: Lokix|First Impression|p1a: Lycanroc
|-damage|p1a: Lycanroc|14/100
|-damage|p2a: Lokix|91/100|[from] item: Life Orb
|move|p1a: Lycanroc|Stealth Rock|p2a: Lokix
|-sidestart|p2: Sun Yp|move: Stealth Rock
|
|upkeep
|turn|2
|
|t:|1760320515
|move|p1a: Lycanroc|Endeavor|p2a: Lokix
|-damage|p2a: Lokix|14/100
|move|p2a: Lokix|U-turn|p1a: Lycanroc
|-damage|p1a: Lycanroc|0 fnt
|faint|p1a: Lycanroc
|-damage|p2a: Lokix|4/100|[from] item: Life Orb
|
|t:|1760320523
|switch|p2a: Corviknight|Corviknight, F|100/100|[from] U-turn
|-damage|p2a: Corviknight|88/100|[from] Stealth Rock
|
|upkeep
|
|t:|1760320538
|switch|p1a: Bellibolt|Bellibolt, M|100/100
|turn|3
|
|t:|1760320542
|move|p2a: Corviknight|Defog|p1a: Bellibolt
|-unboost|p1a: Bellibolt|evasion|1
|-sideend|p2: Sun Yp|Stealth Rock|[from] move: Defog|[of] p2a: Corviknight
|move|p1a: Bellibolt|Reflect|p1a: Bellibolt
|-sidestart|p1: Kward17kw|Reflect
|
|upkeep
|turn|4
|
|t:|1760320550
|switch|p2a: Gliscor|Gliscor, M|100/100
|move|p1a: Bellibolt|Volt Switch|p2a: Gliscor
|-immune|p2a: Gliscor
|
|-status|p2a: Gliscor|tox|[from] item: Toxic Orb
|upkeep
|turn|5
|
|t:|1760320566
|switch|p1a: Incineroar|Incineroar, M|100/100
|-ability|p1a: Incineroar|Intimidate|boost
|-unboost|p2a: Gliscor|atk|1
|move|p2a: Gliscor|Knock Off|p1a: Incineroar
|-resisted|p1a: Incineroar
|-damage|p1a: Incineroar|97/100
|-enditem|p1a: Incineroar|Heavy-Duty Boots|[from] move: Knock Off|[of] p2a: Gliscor
|
|upkeep
|turn|6
|
|t:|1760320576
|move|p2a: Gliscor|Spikes|p1a: Incineroar
|-sidestart|p1: Kward17kw|Spikes
|move|p1a: Incineroar|Parting Shot|p2a: Gliscor
|-unboost|p2a: Gliscor|atk|1
|-unboost|p2a: Gliscor|spa|1
|
|t:|1760320582
|switch|p1a: Samurott|Samurott-Hisui, F|100/100|[from] Parting Shot
|-damage|p1a: Samurott|88/100|[from] Spikes
|
|upkeep
|turn|7
|
|t:|1760320605
|move|p1a: Samurott|Aqua Cutter|p2a: Gliscor
|-supereffective|p2a: Gliscor
|-crit|p2a: Gliscor
|-damage|p2a: Gliscor|0 fnt
|faint|p2a: Gliscor
|
|-sideend|p1: Kward17kw|Reflect
|upkeep
|
|t:|1760320616
|switch|p2a: Rillaboom|Rillaboom, F|100/100
|-fieldstart|move: Grassy Terrain|[from] ability: Grassy Surge|[of] p2a: Rillaboom
|turn|8
|
|t:|1760320621
|switch|p1a: Incineroar|Incineroar, M|97/100
|-damage|p1a: Incineroar|85/100|[from] Spikes
|-ability|p1a: Incineroar|Intimidate|boost
|-unboost|p2a: Rillaboom|atk|1
|move|p2a: Rillaboom|Grassy Glide|p1a: Incineroar
|-resisted|p1a: Incineroar
|-damage|p1a: Incineroar|68/100
|-damage|p2a: Rillaboom|91/100|[from] item: Life Orb
|
|-heal|p2a: Rillaboom|97/100|[from] Grassy Terrain
|-heal|p1a: Incineroar|74/100|[from] Grassy Terrain
|upkeep
|turn|9
|
|t:|1760320637
|switch|p2a: Primarina|Primarina, F, shiny|100/100
|move|p1a: Incineroar|Knock Off|p2a: Primarina
|-resisted|p2a: Primarina
|-damage|p2a: Primarina|77/100
|-enditem|p2a: Primarina|Throat Spray|[from] move: Knock Off|[of] p1a: Incineroar
|
|-heal|p1a: Incineroar|80/100|[from] Grassy Terrain
|-heal|p2a: Primarina|83/100|[from] Grassy Terrain
|upkeep
|turn|10
|
|t:|1760320650
|move|p1a: Incineroar|Protect|p1a: Incineroar
|-singleturn|p1a: Incineroar|Protect
|move|p2a: Primarina|Moonblast|p1a: Incineroar
|-activate|p1a: Incineroar|move: Protect
|
|-heal|p1a: Incineroar|86/100|[from] Grassy Terrain
|-heal|p2a: Primarina|89/100|[from] Grassy Terrain
|upkeep
|turn|11
|
|t:|1760320666
|switch|p1a: Bellibolt|Bellibolt, M|100/100
|-damage|p1a: Bellibolt|88/100|[from] Spikes
|move|p2a: Primarina|Psychic|p1a: Bellibolt
|-damage|p1a: Bellibolt|55/100
|-start|p1a: Bellibolt|Charge|Psychic|[from] ability: Electromorphosis
|
|-heal|p1a: Bellibolt|61/100|[from] Grassy Terrain
|-heal|p1a: Bellibolt|67/100|[from] item: Leftovers
|-heal|p2a: Primarina|95/100|[from] Grassy Terrain
|upkeep
|turn|12
|
|t:|1760320681
|switch|p2a: Rillaboom|Rillaboom, F|97/100
|move|p1a: Bellibolt|Slack Off|p1a: Bellibolt
|-heal|p1a: Bellibolt|100/100
|
|-heal|p2a: Rillaboom|100/100|[from] Grassy Terrain
|-fieldend|move: Grassy Terrain
|upkeep
|turn|13
|
|t:|1760320690
|move|p2a: Rillaboom|U-turn|p1a: Bellibolt
|-damage|p1a: Bellibolt|80/100
|-start|p1a: Bellibolt|Charge|U-turn|[from] ability: Electromorphosis
|-damage|p2a: Rillaboom|91/100|[from] item: Life Orb
|
|t:|1760320695
|switch|p2a: Indeedee|Indeedee, M|100/100|[from] U-turn
|-fieldstart|move: Psychic Terrain|[from] ability: Psychic Surge|[of] p2a: Indeedee
|move|p1a: Bellibolt|Toxic|p2a: Indeedee
|-status|p2a: Indeedee|tox
|
|-heal|p1a: Bellibolt|86/100|[from] item: Leftovers
|-damage|p2a: Indeedee|94/100 tox|[from] psn
|upkeep
|turn|14
|
|t:|1760320708
|move|p2a: Indeedee|Trick|p1a: Bellibolt
|-activate|p2a: Indeedee|move: Trick|[of] p1a: Bellibolt
|-item|p1a: Bellibolt|Choice Scarf|[from] move: Trick
|-item|p2a: Indeedee|Leftovers|[from] move: Trick
|move|p1a: Bellibolt|Volt Switch|p2a: Indeedee
|-crit|p2a: Indeedee
|-damage|p2a: Indeedee|2/100 tox
|-end|p1a: Bellibolt|Charge|[silent]
|
|t:|1760320724
|switch|p1a: Ursaluna|Ursaluna, M|100/100|[from] Volt Switch
|-damage|p1a: Ursaluna|88/100|[from] Spikes
|
|-heal|p2a: Indeedee|9/100 tox|[from] item: Leftovers
|-damage|p2a: Indeedee|0 fnt|[from] psn
|faint|p2a: Indeedee
|-status|p1a: Ursaluna|brn|[from] item: Flame Orb
|upkeep
|
|t:|1760320738
|switch|p2a: Lokix|Lokix, F|4/100
|turn|15
|
|t:|1760320743
|move|p1a: Ursaluna|Protect|p1a: Ursaluna
|-singleturn|p1a: Ursaluna|Protect
|move|p2a: Lokix|First Impression|p1a: Ursaluna
|-activate|p1a: Ursaluna|move: Psychic Terrain
|
|-damage|p1a: Ursaluna|82/100 brn|[from] brn
|upkeep
|turn|16
|
|t:|1760320752
|switch|p2a: Corviknight|Corviknight, F|88/100
|switch|p1a: Bellibolt|Bellibolt, M|86/100
|-damage|p1a: Bellibolt|74/100|[from] Spikes
|
|upkeep
|turn|17
|
|t:|1760320767
|switch|p2a: Rillaboom|Rillaboom, F|91/100
|-fieldstart|move: Grassy Terrain|[from] ability: Grassy Surge|[of] p2a: Rillaboom
|move|p1a: Bellibolt|Volt Switch|p2a: Rillaboom
|-resisted|p2a: Rillaboom
|-damage|p2a: Rillaboom|73/100
|
|t:|1760320774
|switch|p1a: Incineroar|Incineroar, M|86/100|[from] Volt Switch
|-damage|p1a: Incineroar|74/100|[from] Spikes
|-ability|p1a: Incineroar|Intimidate|boost
|-unboost|p2a: Rillaboom|atk|1
|
|-heal|p2a: Rillaboom|79/100|[from] Grassy Terrain
|-heal|p1a: Incineroar|80/100|[from] Grassy Terrain
|upkeep
|turn|18
|
|t:|1760320792
|move|p2a: Rillaboom|Earthquake|p1a: Incineroar
|-supereffective|p1a: Incineroar
|-damage|p1a: Incineroar|46/100
|-damage|p2a: Rillaboom|69/100|[from] item: Life Orb
|move|p1a: Incineroar|Parting Shot|p2a: Rillaboom
|-unboost|p2a: Rillaboom|atk|1
|-unboost|p2a: Rillaboom|spa|1
|
|t:|1760320804
|switch|p1a: Slowbro|Slowbro-Galar, M|100/100|[from] Parting Shot
|-damage|p1a: Slowbro|88/100|[from] Spikes
|
|-heal|p2a: Rillaboom|75/100|[from] Grassy Terrain
|-heal|p1a: Slowbro|94/100|[from] Grassy Terrain
|upkeep
|turn|19
|
|t:|1760320818
|move|p2a: Rillaboom|U-turn|p1a: Slowbro
|-damage|p1a: Slowbro|78/100
|-damage|p2a: Rillaboom|65/100|[from] item: Life Orb
|
|t:|1760320822
|switch|p2a: Corviknight|Corviknight, F|88/100|[from] U-turn
|move|p1a: Slowbro|Flamethrower|p2a: Corviknight
|-supereffective|p2a: Corviknight
|-damage|p2a: Corviknight|32/100
|-enditem|p2a: Corviknight|Red Card|[of] p1a: Slowbro
|drag|p1a: Incineroar|Incineroar, M|46/100
|-damage|p1a: Incineroar|33/100|[from] Spikes
|-ability|p1a: Incineroar|Intimidate|boost
|-ability|p2a: Corviknight|Mirror Armor
|-unboost|p1a: Incineroar|atk|1
|
|-heal|p1a: Incineroar|40/100|[from] Grassy Terrain
|upkeep
|turn|20
|
|t:|1760320840
|move|p2a: Corviknight|Body Press|p1a: Incineroar
|-supereffective|p1a: Incineroar
|-damage|p1a: Incineroar|0 fnt
|faint|p1a: Incineroar
|
|upkeep
|
|t:|1760320847
|switch|p1a: Slowbro|Slowbro-Galar, M|100/100
|-damage|p1a: Slowbro|88/100|[from] Spikes
|turn|21
|
|t:|1760320858
|move|p2a: Corviknight|Roost|p2a: Corviknight
|-heal|p2a: Corviknight|82/100
|-singleturn|p2a: Corviknight|move: Roost
|move|p1a: Slowbro|Trick Room|p1a: Slowbro
|-fieldstart|move: Trick Room|[of] p1a: Slowbro
|
|-heal|p1a: Slowbro|94/100|[from] Grassy Terrain
|-heal|p2a: Corviknight|88/100|[from] Grassy Terrain
|-fieldend|move: Grassy Terrain
|upkeep
|turn|22
|
|t:|1760320885
|switch|p2a: Rillaboom|Rillaboom, F|65/100
|-fieldstart|move: Grassy Terrain|[from] ability: Grassy Surge|[of] p2a: Rillaboom
|move|p1a: Slowbro|Flamethrower|p2a: Rillaboom
|-supereffective|p2a: Rillaboom
|-damage|p2a: Rillaboom|0 fnt
|faint|p2a: Rillaboom
|
|-heal|p1a: Slowbro|99/100|[from] Grassy Terrain
|upkeep
|inactive|Sun Yp has 120 seconds left.
|
|t:|1760320898
|switch|p2a: Lokix|Lokix, F|4/100
|turn|23
|
|t:|1760320904
|switch|p1a: Bellibolt|Bellibolt, M|74/100
|-damage|p1a: Bellibolt|62/100|[from] Spikes
|move|p2a: Lokix|First Impression|p1a: Bellibolt
|-damage|p1a: Bellibolt|27/100
|-start|p1a: Bellibolt|Charge|First Impression|[from] ability: Electromorphosis
|-damage|p2a: Lokix|0 fnt|[from] item: Life Orb
|faint|p2a: Lokix
|
|-heal|p1a: Bellibolt|33/100|[from] Grassy Terrain
|upkeep
|
|t:|1760320917
|switch|p2a: Primarina|Primarina, F, shiny|95/100
|turn|24
|inactive|Sun Yp has 120 seconds left.
|
|t:|1760320949
|-terastallize|p2a: Primarina|Water
|move|p2a: Primarina|Moonblast|p1a: Bellibolt
|-damage|p1a: Bellibolt|0 fnt
|faint|p1a: Bellibolt
|
|-heal|p2a: Primarina|100/100|[from] Grassy Terrain
|upkeep
|
|t:|1760320958
|switch|p1a: Slowbro|Slowbro-Galar, M|100/100
|-damage|p1a: Slowbro|88/100|[from] Spikes
|turn|25
|
|t:|1760320968
|move|p1a: Slowbro|Shell Side Arm|p2a: Primarina|[anim] Shell Side Arm Physical
|-damage|p2a: Primarina|62/100
|-hint|Physical Shell Side Arm
|move|p2a: Primarina|Hyper Voice|p1a: Slowbro
|-damage|p1a: Slowbro|7/100
|-enditem|p1a: Slowbro|Absorb Bulb
|-boost|p1a: Slowbro|spa|1|[from] item: Absorb Bulb
|
|-heal|p1a: Slowbro|13/100|[from] Grassy Terrain
|-heal|p2a: Primarina|68/100|[from] Grassy Terrain
|-fieldend|move: Trick Room
|upkeep
|turn|26
|
|t:|1760320983
|switch|p2a: Corviknight|Corviknight, F|88/100
|move|p1a: Slowbro|Trick Room|p1a: Slowbro
|-fieldstart|move: Trick Room|[of] p1a: Slowbro
|
|-heal|p1a: Slowbro|20/100|[from] Grassy Terrain
|-fieldend|move: Grassy Terrain
|upkeep
|turn|27
|inactive|Sun Yp has 120 seconds left.
|
|t:|1760320990
|switch|p1a: Samurott|Samurott-Hisui, F|88/100
|-damage|p1a: Samurott|76/100|[from] Spikes
|move|p2a: Corviknight|Body Press|p1a: Samurott
|-supereffective|p1a: Samurott
|-damage|p1a: Samurott|3/100
|
|upkeep
|turn|28
|inactive|Sun Yp has 120 seconds left.
|
|t:|1760321003
|move|p2a: Corviknight|Body Press|p1a: Samurott
|-supereffective|p1a: Samurott
|-damage|p1a: Samurott|0 fnt
|faint|p1a: Samurott
|
|upkeep
|
|t:|1760321009
|switch|p1a: Ursaluna|Ursaluna, M|82/100 brn
|-damage|p1a: Ursaluna|70/100 brn|[from] Spikes
|turn|29
|
|t:|1760321022
|move|p1a: Ursaluna|Drain Punch|p2a: Corviknight
|-damage|p2a: Corviknight|60/100
|-heal|p1a: Ursaluna|81/100 brn|[from] drain|[of] p2a: Corviknight
|move|p2a: Corviknight|Defog|p1a: Ursaluna
|-unboost|p1a: Ursaluna|evasion|1
|-sideend|p1: Kward17kw|Spikes|[from] move: Defog|[of] p2a: Corviknight
|
|-damage|p1a: Ursaluna|75/100 brn|[from] brn
|upkeep
|turn|30
|
|t:|1760321037
|move|p1a: Ursaluna|Crunch|p2a: Corviknight
|-damage|p2a: Corviknight|30/100
|move|p2a: Corviknight|Roost|p2a: Corviknight
|-heal|p2a: Corviknight|80/100
|-singleturn|p2a: Corviknight|move: Roost
|
|-damage|p1a: Ursaluna|69/100 brn|[from] brn
|-fieldend|move: Trick Room
|upkeep
|turn|31
|
|t:|1760321058
|move|p2a: Corviknight|Iron Defense|p2a: Corviknight
|-boost|p2a: Corviknight|def|2
|move|p1a: Ursaluna|Crunch|p2a: Corviknight
|-damage|p2a: Corviknight|66/100
|
|-damage|p1a: Ursaluna|63/100 brn|[from] brn
|upkeep
|turn|32
|
|t:|1760321067
|switch|p1a: Slowbro|Slowbro-Galar, M|53/100
|move|p2a: Corviknight|Iron Defense|p2a: Corviknight
|-boost|p2a: Corviknight|def|2
|
|upkeep
|turn|33
|
|t:|1760321076
|-terastallize|p1a: Slowbro|Ghost
|move|p2a: Corviknight|Body Press|p1a: Slowbro
|-immune|p1a: Slowbro
|move|p1a: Slowbro|Curse|p2a: Corviknight
|-start|p2a: Corviknight|Curse|[of] p1a: Slowbro
|-damage|p1a: Slowbro|3/100
|
|-damage|p2a: Corviknight|41/100|[from] Curse
|upkeep
|turn|34
|
|t:|1760321088
|move|p2a: Corviknight|Body Press|p1a: Slowbro
|-immune|p1a: Slowbro
|move|p1a: Slowbro|Flamethrower|p2a: Corviknight
|-supereffective|p2a: Corviknight
|-damage|p2a: Corviknight|0 fnt
|faint|p2a: Corviknight
|
|upkeep
|
|t:|1760321095
|switch|p2a: Primarina|Primarina, F, shiny, tera:Water|68/100
|turn|35
|
|t:|1760321109
|move|p2a: Primarina|Ice Beam|p1a: Slowbro
|-damage|p1a: Slowbro|0 fnt
|faint|p1a: Slowbro
|
|upkeep
|
|t:|1760321117
|switch|p1a: Ursaluna|Ursaluna, M|63/100 brn
|turn|36
|
|t:|1760321123
|move|p1a: Ursaluna|Crunch|p2a: Primarina
|-damage|p2a: Primarina|15/100
|-unboost|p2a: Primarina|def|1
|move|p2a: Primarina|Hyper Voice|p1a: Ursaluna
|-supereffective|p1a: Ursaluna
|-damage|p1a: Ursaluna|0 fnt
|faint|p1a: Ursaluna
|
|win|Sun Yp
|raw|Kward17kw's rating: 1086 &rarr; <strong>1063</strong><br />(-23 for losing)
|raw|Sun Yp's rating: 1083 &rarr; <strong>1111</strong><br />(+28 for winning)
