|j|☆Galladeyaoi
|j|☆soyothedangerous
|t:|1760357736
|gametype|singles
|player|p1|Galladeyaoi|pokefanf-gen2|1342
|player|p2|soyothedangerous|rosa|1402
|gen|9
|tier|[Gen 9] OU
|rated|
|rule|HP Percentage Mod: HP is shown in percentages
|rule|Endless Battle Clause: Forcing endless battles is banned
|rule|Species Clause: Limit one of each Pokémon
|rule|OHKO Clause: OHKO moves are banned
|rule|Evasion Items Clause: Evasion items are banned
|rule|Evasion Moves Clause: Evasion moves are banned
|rule|Evasion Abilities Clause: Evasion abilities are banned
|rule|Sleep Moves Clause: Sleep-inducing moves are banned
|clearpoke
|poke|p1|Thundurus, M|
|poke|p1|Iron Leaves|
|poke|p1|Iron Moth|
|poke|p1|Iron Treads|
|poke|p1|Iron Crown|
|poke|p1|Raging Bolt|
|poke|p2|Zamazenta-*|
|poke|p2|Ninetales-Alola, F|
|poke|p2|Darkrai|
|poke|p2|Ceruledge, M|
|poke|p2|Gliscor, M|
|poke|p2|Hatterene, F|
|teampreview
|inactive|Battle timer is ON: inactive players will automatically lose when time's up. (requested by Galladeyaoi)
|
|t:|1760357750
|teamsize|p1|6
|teamsize|p2|6
|start
|switch|p1a: Iron Moth|Iron Moth|100/100
|switch|p2a: Ninetales|Ninetales-Alola, F, shiny|100/100
|-weather|Snowscape|[from] ability: Snow Warning|[of] p2a: Ninetales
|turn|1
|
|t:|1760357760
|switch|p2a: Ceruledge|Ceruledge, M|100/100
|move|p1a: Iron Moth|Meteor Beam||[still]
|-prepare|p1a: Iron Moth|Meteor Beam
|-boost|p1a: Iron Moth|spa|1
|-enditem|p1a: Iron Moth|Power Herb
|-anim|p1a: Iron Moth|Meteor Beam|p2a: Ceruledge
|-supereffective|p2a: Ceruledge
|-damage|p2a: Ceruledge|1/100
|
|-weather|Snowscape|[upkeep]
|upkeep
|turn|2
|
|t:|1760357771
|move|p1a: Iron Moth|Sludge Wave|p2a: Ceruledge
|-resisted|p2a: Ceruledge
|-damage|p2a: Ceruledge|0 fnt
|faint|p2a: Ceruledge
|
|-weather|Snowscape|[upkeep]
|upkeep
|
|t:|1760357778
|switch|p2a: Gliscor|Gliscor, M|100/100
|turn|3
|
|t:|1760357786
|-end|p1a: Iron Moth|Quark Drive|[silent]
|switch|p1a: Thundurus|Thundurus, M|100/100
|move|p2a: Gliscor|Earthquake|p1a: Thundurus
|-immune|p1a: Thundurus
|
|-weather|Snowscape|[upkeep]
|-status|p2a: Gliscor|tox|[from] item: Toxic Orb
|upkeep
|turn|4
|
|t:|1760357794
|switch|p2a: Hatterene|Hatterene, F|100/100
|move|p1a: Thundurus|Electric Terrain|p1a: Thundurus
|-fieldstart|move: Electric Terrain
|
|-weather|Snowscape|[upkeep]
|upkeep
|turn|5
|
|t:|1760357802
|move|p1a: Thundurus|U-turn|p2a: Hatterene
|-damage|p2a: Hatterene|86/100
|
|t:|1760357804
|switch|p1a: Iron Crown|Iron Crown|100/100|[from] U-turn
|-activate|p1a: Iron Crown|ability: Quark Drive
|-start|p1a: Iron Crown|quarkdrivespa
|move|p2a: Hatterene|Calm Mind|p2a: Hatterene
|-boost|p2a: Hatterene|spa|1
|-boost|p2a: Hatterene|spd|1
|
|-weather|none
|-heal|p2a: Hatterene|92/100|[from] item: Leftovers
|upkeep
|turn|6
|
|t:|1760357816
|move|p1a: Iron Crown|Tachyon Cutter|p2a: Hatterene
|-supereffective|p2a: Hatterene
|-damage|p2a: Hatterene|24/100
|-supereffective|p2a: Hatterene
|-damage|p2a: Hatterene|0 fnt
|faint|p2a: Hatterene
|-hitcount|p2: Hatterene|2
|
|upkeep
|
|t:|1760357823
|switch|p2a: Ninetales|Ninetales-Alola, F, shiny|100/100
|-weather|Snowscape|[from] ability: Snow Warning|[of] p2a: Ninetales
|turn|7
|
|t:|1760357827
|move|p2a: Ninetales|Aurora Veil|p2a: Ninetales
|-sidestart|p2: soyothedangerous|move: Aurora Veil
|move|p1a: Iron Crown|Tachyon Cutter|p2a: Ninetales
|-supereffective|p2a: Ninetales
|-damage|p2a: Ninetales|4/100
|-supereffective|p2a: Ninetales
|-damage|p2a: Ninetales|0 fnt
|faint|p2a: Ninetales
|-hitcount|p2: Ninetales|2
|
|-weather|Snowscape|[upkeep]
|upkeep
|
|t:|1760357835
|switch|p2a: Darkrai|Darkrai|100/100
|turn|8
|
|t:|1760357861
|-end|p1a: Iron Crown|Quark Drive|[silent]
|switch|p1a: Iron Moth|Iron Moth|100/100
|-activate|p1a: Iron Moth|ability: Quark Drive
|-start|p1a: Iron Moth|quarkdrivespe
|move|p2a: Darkrai|Nasty Plot|p2a: Darkrai
|-boost|p2a: Darkrai|spa|2
|
|-weather|Snowscape|[upkeep]
|upkeep
|turn|9
|
|t:|1760357874
|move|p1a: Iron Moth|Fiery Dance|p2a: Darkrai
|-damage|p2a: Darkrai|74/100
|move|p2a: Darkrai|Psyshock|p1a: Iron Moth
|-supereffective|p1a: Iron Moth
|-damage|p1a: Iron Moth|0 fnt
|faint|p1a: Iron Moth
|-end|p1a: Iron Moth|Quark Drive|[silent]
|
|-weather|Snowscape|[upkeep]
|-heal|p2a: Darkrai|80/100|[from] item: Leftovers
|upkeep
|inactive|Galladeyaoi has 120 seconds left.
|
|t:|1760357891
|switch|p1a: Iron Leaves|Iron Leaves|100/100
|-activate|p1a: Iron Leaves|ability: Quark Drive
|-start|p1a: Iron Leaves|quarkdrivespe
|turn|10
|inactive|Galladeyaoi has 120 seconds left.
|
|t:|1760357898
|-terastallize|p1a: Iron Leaves|Fighting
|move|p1a: Iron Leaves|Close Combat|p2a: Darkrai
|-supereffective|p2a: Darkrai
|-damage|p2a: Darkrai|3/100
|-unboost|p1a: Iron Leaves|def|1
|-unboost|p1a: Iron Leaves|spd|1
|-enditem|p1a: Iron Leaves|Eject Pack
|inactive|Galladeyaoi has 120 seconds left.
|
|t:|1760357906
|-end|p1a: Iron Leaves|Quark Drive|[silent]
|switch|p1a: Iron Treads|Iron Treads|100/100
|-activate|p1a: Iron Treads|ability: Quark Drive
|-start|p1a: Iron Treads|quarkdrivedef
|move|p2a: Darkrai|Dark Pulse|p1a: Iron Treads
|-damage|p1a: Iron Treads|0 fnt
|faint|p1a: Iron Treads
|-end|p1a: Iron Treads|Quark Drive|[silent]
|
|-weather|Snowscape|[upkeep]
|-heal|p2a: Darkrai|9/100|[from] item: Leftovers
|upkeep
|inactive|Galladeyaoi has 120 seconds left.
|
|t:|1760357919
|switch|p1a: Raging Bolt|Raging Bolt|100/100
|turn|11
|
|t:|1760357926
|move|p1a: Raging Bolt|Thunderclap|p2a: Darkrai
|-damage|p2a: Darkrai|0 fnt
|faint|p2a: Darkrai
|
|-weather|none
|-fieldend|move: Electric Terrain
|upkeep
|
|t:|1760357930
|switch|p2a: Gliscor|Gliscor, M|100/100 tox
|turn|12
|
|t:|1760357935
|-end|p1a: Raging Bolt|Protosynthesis|[silent]
|switch|p1a: Thundurus|Thundurus, M|100/100
|move|p2a: Gliscor|Agility|p2a: Gliscor
|-boost|p2a: Gliscor|spe|2
|
|upkeep
|turn|13
|
|t:|1760357942
|move|p1a: Thundurus|Taunt|p2a: Gliscor
|-start|p2a: Gliscor|move: Taunt
|cant|p2a: Gliscor|move: Taunt|Swords Dance
|
|upkeep
|turn|14
|
|t:|1760357948
|-terastallize|p2a: Gliscor|Normal
|move|p1a: Thundurus|Electric Terrain|p1a: Thundurus
|-fieldstart|move: Electric Terrain
|move|p2a: Gliscor|Facade|p1a: Thundurus
|-damage|p1a: Thundurus|62/100
|
|-sideend|p2: soyothedangerous|move: Aurora Veil
|upkeep
|turn|15
|
|t:|1760357956
|move|p2a: Gliscor|Facade|p1a: Thundurus
|-damage|p1a: Thundurus|24/100
|move|p1a: Thundurus|U-turn|p2a: Gliscor
|-damage|p2a: Gliscor|87/100 tox
|
|t:|1760357965
|switch|p1a: Iron Leaves|Iron Leaves, tera:Fighting|100/100|[from] U-turn
|-activate|p1a: Iron Leaves|ability: Quark Drive
|-start|p1a: Iron Leaves|quarkdrivespe
|
|-heal|p2a: Gliscor|99/100 tox|[from] ability: Poison Heal
|-end|p2a: Gliscor|move: Taunt
|upkeep
|turn|16
|
|t:|1760357977
|move|p2a: Gliscor|Facade|p1a: Iron Leaves
|-damage|p1a: Iron Leaves|47/100
|move|p1a: Iron Leaves|Close Combat|p2a: Gliscor
|-supereffective|p2a: Gliscor
|-damage|p2a: Gliscor|10/100 tox
|-unboost|p1a: Iron Leaves|def|1
|-unboost|p1a: Iron Leaves|spd|1
|
|-heal|p2a: Gliscor|23/100 tox|[from] ability: Poison Heal
|upkeep
|turn|17
|
|t:|1760357989
|move|p2a: Gliscor|Facade|p1a: Iron Leaves
|-damage|p1a: Iron Leaves|0 fnt
|faint|p1a: Iron Leaves
|-end|p1a: Iron Leaves|Quark Drive|[silent]
|
|-heal|p2a: Gliscor|35/100 tox|[from] ability: Poison Heal
|upkeep
|
|t:|1760357996
|switch|p1a: Raging Bolt|Raging Bolt|100/100
|turn|18
|
|t:|1760358012
|move|p2a: Gliscor|Earthquake|p1a: Raging Bolt
|-supereffective|p1a: Raging Bolt
|-damage|p1a: Raging Bolt|44/100
|move|p1a: Raging Bolt|Rising Voltage|p2a: Gliscor
|-hint|Rising Voltage's BP doubled on grounded target.
|-damage|p2a: Gliscor|0 fnt
|faint|p2a: Gliscor
|
|upkeep
|
|t:|1760358015
|switch|p2a: Zamazenta|Zamazenta|100/100
|-ability|p2a: Zamazenta|Dauntless Shield|boost
|-boost|p2a: Zamazenta|def|1
|turn|19
|
|t:|1760358026
|move|p2a: Zamazenta|Iron Defense|p2a: Zamazenta
|-boost|p2a: Zamazenta|def|2
|move|p1a: Raging Bolt|Rising Voltage|p2a: Zamazenta
|-hint|Rising Voltage's BP doubled on grounded target.
|-damage|p2a: Zamazenta|0 fnt
|faint|p2a: Zamazenta
|
|win|Galladeyaoi
|raw|Galladeyaoi's rating: 1342 &rarr; <strong>1365</strong><br />(+23 for winning)
|raw|soyothedangerous's rating: 1402 &rarr; <strong>1379</strong><br />(-23 for losing)
|l|☆soyothedangerous
|player|p2|
|l|☆Galladeyaoi
|player|p1|
