|j|☆elbows4sale
|j|☆SprigatitoSwift
|t:|1760428792
|gametype|singles
|player|p1|elbows4sale|101|1411
|player|p2|SprigatitoSwift|cheryl|1333
|gen|9
|tier|[Gen 9] OU
|rated|
|rule|HP Percentage Mod: HP is shown in percentages
|rule|Endless Battle Clause: Forcing endless battles is banned
|rule|Species Clause: Limit one of each Pokémon
|rule|OHKO Clause: OHKO moves are banned
|rule|Evasion Items Clause: Evasion items are banned
|rule|Evasion Moves Clause: Evasion moves are banned
|rule|Evasion Abilities Clause: Evasion abilities are banned
|rule|Sleep Moves Clause: Sleep-inducing moves are banned
|clearpoke
|poke|p1|Ninetales, M|
|poke|p1|Ceruledge, M|
|poke|p1|Venusaur, M|
|poke|p1|Hatterene, F|
|poke|p1|Great Tusk|
|poke|p1|Walking Wake|
|poke|p2|Torkoal, M|
|poke|p2|Mandibuzz, F|
|poke|p2|Lilligant-Hisui, F|
|poke|p2|Slither Wing|
|poke|p2|Walking Wake|
|poke|p2|Iron Moth|
|teampreview
|
|t:|1760428803
|teamsize|p1|6
|teamsize|p2|6
|start
|switch|p1a: Lynrd Spynrd|Great Tusk|100/100
|switch|p2a: Walking Wake|Walking Wake|100/100
|turn|1
|
|t:|1760428831
|-end|p1a: Lynrd Spynrd|Protosynthesis|[silent]
|switch|p1a: Die w A Smile|Hatterene, F|100/100
|move|p2a: Walking Wake|Draco Meteor|p1a: Die w A Smile
|-immune|p1a: Die w A Smile
|
|upkeep
|turn|2
|
|t:|1760428844
|-end|p2a: Walking Wake|Protosynthesis|[silent]
|switch|p2a: Torkoal|Torkoal, M|100/100
|-weather|SunnyDay|[from] ability: Drought|[of] p2a: Torkoal
|move|p1a: Die w A Smile|Dazzling Gleam|p2a: Torkoal
|-resisted|p2a: Torkoal
|-damage|p2a: Torkoal|76/100
|
|-weather|SunnyDay|[upkeep]
|upkeep
|turn|3
|
|t:|1760428867
|switch|p2a: Iron Moth|Iron Moth|100/100
|-enditem|p2a: Iron Moth|Booster Energy
|-activate|p2a: Iron Moth|ability: Quark Drive|[fromitem]
|-start|p2a: Iron Moth|quarkdrivespe
|move|p1a: Die w A Smile|Psychic Noise|p2a: Iron Moth
|-supereffective|p2a: Iron Moth
|-damage|p2a: Iron Moth|35/100
|-start|p2a: Iron Moth|move: Heal Block
|
|-weather|SunnyDay|[upkeep]
|upkeep
|turn|4
|
|t:|1760428902
|-terastallize|p1a: Die w A Smile|Steel
|move|p2a: Iron Moth|Sludge Wave|p1a: Die w A Smile
|-immune|p1a: Die w A Smile
|move|p1a: Die w A Smile|Psychic Noise|p2a: Iron Moth
|-supereffective|p2a: Iron Moth
|-damage|p2a: Iron Moth|0 fnt
|faint|p2a: Iron Moth
|-end|p2a: Iron Moth|Quark Drive|[silent]
|
|-weather|SunnyDay|[upkeep]
|upkeep
|
|t:|1760428919
|switch|p2a: Slither Wing|Slither Wing|100/100
|-activate|p2a: Slither Wing|ability: Protosynthesis
|-start|p2a: Slither Wing|protosynthesisatk
|turn|5
|
|t:|1760428935
|switch|p1a: Slayboi Carti|Ceruledge, M|100/100
|move|p2a: Slither Wing|U-turn|p1a: Slayboi Carti
|-resisted|p1a: Slayboi Carti
|-damage|p1a: Slayboi Carti|73/100
|-ability|p1a: Slayboi Carti|Weak Armor|boost
|-unboost|p1a: Slayboi Carti|def|1
|-boost|p1a: Slayboi Carti|spe|2
|inactive|Battle timer is ON: inactive players will automatically lose when time's up. (requested by elbows4sale)
|
|t:|1760428968
|-end|p2a: Slither Wing|Protosynthesis|[silent]
|switch|p2a: Lilligant|Lilligant-Hisui, F|100/100|[from] U-turn
|
|-weather|SunnyDay|[upkeep]
|upkeep
|turn|6
|inactive|elbows4sale has 120 seconds left.
|
|t:|1760429006
|switch|p1a: Die w A Smile|Hatterene, F, tera:Steel|100/100
|move|p2a: Lilligant|Solar Blade||[still]
|-prepare|p2a: Lilligant|Solar Blade
|-anim|p2a: Lilligant|Solar Blade|p1a: Die w A Smile
|-resisted|p1a: Die w A Smile
|-damage|p1a: Die w A Smile|68/100
|-enditem|p1a: Die w A Smile|Eject Button
|-damage|p2a: Lilligant|91/100|[from] item: Life Orb
|
|t:|1760429025
|switch|p1a: Slayboi Carti|Ceruledge, M|73/100
|
|-weather|SunnyDay|[upkeep]
|upkeep
|turn|7
|
|t:|1760429038
|switch|p2a: Walking Wake|Walking Wake|100/100
|-activate|p2a: Walking Wake|ability: Protosynthesis
|-start|p2a: Walking Wake|protosynthesisspe
|move|p1a: Slayboi Carti|Bitter Blade|p2a: Walking Wake
|-resisted|p2a: Walking Wake
|-damage|p2a: Walking Wake|83/100
|-heal|p1a: Slayboi Carti|83/100|[from] drain|[of] p2a: Walking Wake
|
|-weather|SunnyDay|[upkeep]
|upkeep
|turn|8
|inactive|elbows4sale has 120 seconds left.
|inactive|elbows4sale has 90 seconds left.
|
|t:|1760429074
|switch|p1a: Die w A Smile|Hatterene, F, tera:Steel|68/100
|move|p2a: Walking Wake|Hydro Steam|p1a: Die w A Smile
|-damage|p1a: Die w A Smile|0 fnt
|faint|p1a: Die w A Smile
|-damage|p2a: Walking Wake|73/100|[from] item: Life Orb
|
|-weather|SunnyDay|[upkeep]
|upkeep
|inactive|elbows4sale has 90 seconds left.
|
|t:|1760429103
|switch|p1a: Lynrd Spynrd|Great Tusk|100/100
|-activate|p1a: Lynrd Spynrd|ability: Protosynthesis
|-start|p1a: Lynrd Spynrd|protosynthesisspe
|turn|9
|
|t:|1760429112
|move|p2a: Walking Wake|Hydro Steam|p1a: Lynrd Spynrd
|-supereffective|p1a: Lynrd Spynrd
|-damage|p1a: Lynrd Spynrd|0 fnt
|faint|p1a: Lynrd Spynrd
|-end|p1a: Lynrd Spynrd|Protosynthesis|[silent]
|-damage|p2a: Walking Wake|63/100|[from] item: Life Orb
|
|-weather|none
|-end|p2a: Walking Wake|Protosynthesis
|upkeep
|
|t:|1760429131
|switch|p1a: Venu Vidi Vici|Venusaur, M|100/100
|turn|10
|
|t:|1760429145
|-end|p2a: Walking Wake|Protosynthesis|[silent]
|switch|p2a: Torkoal|Torkoal, M|76/100
|-weather|SunnyDay|[from] ability: Drought|[of] p2a: Torkoal
|move|p1a: Venu Vidi Vici|Sludge Bomb|p2a: Torkoal
|-damage|p2a: Torkoal|5/100
|-status|p2a: Torkoal|psn
|-damage|p1a: Venu Vidi Vici|91/100|[from] item: Life Orb
|
|-weather|SunnyDay|[upkeep]
|-damage|p2a: Torkoal|0 fnt|[from] psn
|faint|p2a: Torkoal
|upkeep
|inactive|SprigatitoSwift has 120 seconds left.
|
|t:|1760429184
|switch|p2a: Slither Wing|Slither Wing|100/100
|-activate|p2a: Slither Wing|ability: Protosynthesis
|-start|p2a: Slither Wing|protosynthesisatk
|turn|11
|
|t:|1760429198
|switch|p1a: Slayboi Carti|Ceruledge, M|83/100
|move|p2a: Slither Wing|First Impression|p1a: Slayboi Carti
|-resisted|p1a: Slayboi Carti
|-damage|p1a: Slayboi Carti|47/100
|-ability|p1a: Slayboi Carti|Weak Armor|boost
|-unboost|p1a: Slayboi Carti|def|1
|-boost|p1a: Slayboi Carti|spe|2
|
|-weather|SunnyDay|[upkeep]
|upkeep
|turn|12
|
|t:|1760429205
|-end|p2a: Slither Wing|Protosynthesis|[silent]
|switch|p2a: Mandibuzz|Mandibuzz, F|100/100
|move|p1a: Slayboi Carti|Bitter Blade|p2a: Mandibuzz
|-damage|p2a: Mandibuzz|61/100
|-heal|p1a: Slayboi Carti|75/100|[from] drain|[of] p2a: Mandibuzz
|
|-weather|SunnyDay|[upkeep]
|upkeep
|turn|13
|inactive|elbows4sale has 90 seconds left.
|
|t:|1760429223
|switch|p1a: Dubya|Walking Wake|100/100
|-activate|p1a: Dubya|ability: Protosynthesis
|-start|p1a: Dubya|protosynthesisspa
|move|p2a: Mandibuzz|Roost|p2a: Mandibuzz
|-heal|p2a: Mandibuzz|100/100
|-singleturn|p2a: Mandibuzz|move: Roost
|
|-weather|SunnyDay|[upkeep]
|upkeep
|turn|14
|
|t:|1760429233
|move|p1a: Dubya|Hydro Steam|p2a: Mandibuzz
|-damage|p2a: Mandibuzz|3/100
|move|p2a: Mandibuzz|U-turn|p1a: Dubya
|-damage|p1a: Dubya|87/100
|inactive|SprigatitoSwift has 120 seconds left.
|
|t:|1760429257
|switch|p2a: Walking Wake|Walking Wake|63/100|[from] U-turn
|-activate|p2a: Walking Wake|ability: Protosynthesis
|-start|p2a: Walking Wake|protosynthesisspe
|
|-weather|SunnyDay|[upkeep]
|upkeep
|turn|15
|inactive|SprigatitoSwift has 120 seconds left.
|inactive|elbows4sale has 90 seconds left.
|inactive|elbows4sale has 60 seconds left.
|
|t:|1760429302
|-end|p1a: Dubya|Protosynthesis|[silent]
|switch|p1a: Kurama Chakra Mode|Ninetales, M|100/100
|-terastallize|p2a: Walking Wake|Steel
|move|p2a: Walking Wake|Draco Meteor|p1a: Kurama Chakra Mode
|-damage|p1a: Kurama Chakra Mode|16/100
|-unboost|p2a: Walking Wake|spa|2
|-damage|p2a: Walking Wake|54/100|[from] item: Life Orb
|
|-weather|SunnyDay|[upkeep]
|upkeep
|turn|16
|inactive|SprigatitoSwift has 120 seconds left.
|inactive|elbows4sale has 60 seconds left.
|
|t:|1760429328
|switch|p1a: Venu Vidi Vici|Venusaur, M|91/100
|move|p2a: Walking Wake|Hydro Steam|p1a: Venu Vidi Vici
|-resisted|p1a: Venu Vidi Vici
|-damage|p1a: Venu Vidi Vici|67/100
|-damage|p2a: Walking Wake|44/100|[from] item: Life Orb
|
|-weather|SunnyDay|[upkeep]
|upkeep
|turn|17
|
|t:|1760429342
|-end|p2a: Walking Wake|Protosynthesis|[silent]
|switch|p2a: Mandibuzz|Mandibuzz, F|3/100
|move|p1a: Venu Vidi Vici|Weather Ball|p2a: Mandibuzz
|-damage|p2a: Mandibuzz|0 fnt
|faint|p2a: Mandibuzz
|-damage|p1a: Venu Vidi Vici|57/100|[from] item: Life Orb
|
|-weather|none
|upkeep
|inactive|SprigatitoSwift has 120 seconds left.
|
|t:|1760429360
|switch|p2a: Lilligant|Lilligant-Hisui, F|91/100
|turn|18
|inactive|elbows4sale has 60 seconds left.
|inactive|SprigatitoSwift has 120 seconds left.
|
|t:|1760429370
|switch|p1a: Slayboi Carti|Ceruledge, M|75/100
|move|p2a: Lilligant|Victory Dance|p2a: Lilligant
|-boost|p2a: Lilligant|atk|1
|-boost|p2a: Lilligant|def|1
|-boost|p2a: Lilligant|spe|1
|
|upkeep
|turn|19
|inactive|elbows4sale has 60 seconds left.
|inactive|SprigatitoSwift has 120 seconds left.
|
|t:|1760429400
|switch|p2a: Slither Wing|Slither Wing|100/100
|move|p1a: Slayboi Carti|Bitter Blade|p2a: Slither Wing
|-supereffective|p2a: Slither Wing
|-damage|p2a: Slither Wing|0 fnt
|-heal|p1a: Slayboi Carti|100/100|[from] drain|[of] p2a: Slither Wing
|faint|p2a: Slither Wing
|-end|p2a: Slither Wing|Protosynthesis|[silent]
|
|upkeep
|
|t:|1760429406
|switch|p2a: Walking Wake|Walking Wake, tera:Steel|44/100
|turn|20
|
|t:|1760429426
|move|p2a: Walking Wake|Hydro Steam|p1a: Slayboi Carti
|-supereffective|p1a: Slayboi Carti
|-enditem|p1a: Slayboi Carti|Focus Sash
|-damage|p1a: Slayboi Carti|1/100
|-damage|p2a: Walking Wake|34/100|[from] item: Life Orb
|move|p1a: Slayboi Carti|Bitter Blade|p2a: Walking Wake
|-supereffective|p2a: Walking Wake
|-crit|p2a: Walking Wake
|-damage|p2a: Walking Wake|0 fnt
|-heal|p1a: Slayboi Carti|20/100|[from] drain|[of] p2a: Walking Wake
|faint|p2a: Walking Wake
|-end|p2a: Walking Wake|Protosynthesis|[silent]
|
|upkeep
|
|t:|1760429435
|switch|p2a: Lilligant|Lilligant-Hisui, F|91/100
|turn|21
|
|t:|1760429441
|move|p2a: Lilligant|Ice Spinner|p1a: Slayboi Carti
|-resisted|p1a: Slayboi Carti
|-damage|p1a: Slayboi Carti|0 fnt
|faint|p1a: Slayboi Carti
|-damage|p2a: Lilligant|81/100|[from] item: Life Orb
|
|upkeep
|
|t:|1760429451
|switch|p1a: Venu Vidi Vici|Venusaur, M|57/100
|turn|22
|
|t:|1760429454
|move|p2a: Lilligant|Ice Spinner|p1a: Venu Vidi Vici
|-supereffective|p1a: Venu Vidi Vici
|-damage|p1a: Venu Vidi Vici|0 fnt
|faint|p1a: Venu Vidi Vici
|-damage|p2a: Lilligant|71/100|[from] item: Life Orb
|
|upkeep
|inactive|elbows4sale has 90 seconds left.
|
|t:|1760429472
|switch|p1a: Dubya|Walking Wake|87/100
|turn|23
|
|t:|1760429478
|move|p2a: Lilligant|Close Combat|p1a: Dubya
|-damage|p1a: Dubya|17/100
|-unboost|p2a: Lilligant|def|1
|-unboost|p2a: Lilligant|spd|1
|-damage|p2a: Lilligant|61/100|[from] item: Life Orb
|move|p1a: Dubya|Flamethrower|p2a: Lilligant
|-supereffective|p2a: Lilligant
|-damage|p2a: Lilligant|0 fnt
|faint|p2a: Lilligant
|
|win|elbows4sale
|raw|elbows4sale's rating: 1411 &rarr; <strong>1427</strong><br />(+16 for winning)
|raw|SprigatitoSwift's rating: 1333 &rarr; <strong>1317</strong><br />(-16 for losing)
|c|☆elbows4sale|gg
|l|☆elbows4sale
|player|p1|
|l|☆SprigatitoSwift
|player|p2|
