|j|☆IMMAAXX
|j|☆akibarubinstein
|t:|1760435433
|gametype|singles
|player|p1|IMMAAXX|lusamine-nihilego|1497
|player|p2|akibarubinstein|1|1467
|gen|9
|tier|[Gen 9] OU
|rated|
|rule|HP Percentage Mod: HP is shown in percentages
|rule|Endless Battle Clause: Forcing endless battles is banned
|rule|Species Clause: Limit one of each Pokémon
|rule|OHKO Clause: OHKO moves are banned
|rule|Evasion Items Clause: Evasion items are banned
|rule|Evasion Moves Clause: Evasion moves are banned
|rule|Evasion Abilities Clause: Evasion abilities are banned
|rule|Sleep Moves Clause: Sleep-inducing moves are banned
|clearpoke
|poke|p1|Hoopa-Unbound|
|poke|p1|Hydrapple, F|
|poke|p1|Gliscor, F|
|poke|p1|Cinderace, F|
|poke|p1|Alomomola, M|
|poke|p1|Gholdengo|
|poke|p2|Garchomp, F|
|poke|p2|Darkrai|
|poke|p2|Moltres|
|poke|p2|Great Tusk|
|poke|p2|Alomomola, F|
|poke|p2|Ogerpon-Wellspring, F|
|teampreview
|inactive|Battle timer is ON: inactive players will automatically lose when time's up. (requested by IMMAAXX)
|
|t:|1760435455
|teamsize|p1|6
|teamsize|p2|6
|start
|switch|p1a: Gliscor|Gliscor, F|100/100
|switch|p2a: Darkrai|Darkrai|100/100
|turn|1
|
|t:|1760435460
|move|p2a: Darkrai|Ice Beam|p1a: Gliscor
|-supereffective|p1a: Gliscor
|-damage|p1a: Gliscor|0 fnt
|faint|p1a: Gliscor
|
|upkeep
|
|t:|1760435465
|switch|p1a: Cinderace|Cinderace, F|100/100
|turn|2
|
|t:|1760435470
|switch|p2a: Moltres|Moltres|100/100
|move|p1a: Cinderace|U-turn|p2a: Moltres
|-resisted|p2a: Moltres
|-damage|p2a: Moltres|97/100
|
|t:|1760435476
|switch|p1a: Alomomola|Alomomola, M|100/100|[from] U-turn
|
|upkeep
|turn|3
|
|t:|1760435480
|switch|p2a: Ogerpon|Ogerpon-Wellspring, F|100/100
|move|p1a: Alomomola|Flip Turn|p2a: Ogerpon
|-immune|p2a: Ogerpon|[from] ability: Water Absorb
|
|upkeep
|turn|4
|
|t:|1760435485
|switch|p1a: Hydrapple|Hydrapple, F, shiny|100/100
|move|p2a: Ogerpon|Knock Off|p1a: Hydrapple
|-damage|p1a: Hydrapple|74/100
|-damage|p2a: Ogerpon|84/100|[from] item: Rocky Helmet|[of] p1a: Hydrapple
|-enditem|p1a: Hydrapple|Rocky Helmet|[from] move: Knock Off|[of] p2a: Ogerpon
|
|upkeep
|turn|5
|
|t:|1760435494
|move|p2a: Ogerpon|U-turn|p1a: Hydrapple
|-supereffective|p1a: Hydrapple
|-damage|p1a: Hydrapple|34/100
|
|t:|1760435501
|switch|p2a: Darkrai|Darkrai|100/100|[from] U-turn
|move|p1a: Hydrapple|Nasty Plot|p1a: Hydrapple
|-boost|p1a: Hydrapple|spa|2
|
|upkeep
|turn|6
|
|t:|1760435507
|switch|p1a: Alomomola|Alomomola, M|100/100
|move|p2a: Darkrai|Sludge Bomb|p1a: Alomomola
|-damage|p1a: Alomomola|84/100
|-status|p1a: Alomomola|psn
|
|-damage|p1a: Alomomola|72/100 psn|[from] psn
|upkeep
|turn|7
|
|t:|1760435517
|switch|p2a: Ogerpon|Ogerpon-Wellspring, F|84/100
|move|p1a: Alomomola|Flip Turn|p2a: Ogerpon
|-heal|p2a: Ogerpon|100/100|[from] ability: Water Absorb|[of] p1a: Alomomola
|
|-damage|p1a: Alomomola|59/100 psn|[from] psn
|upkeep
|turn|8
|
|t:|1760435522
|switch|p1a: Hydrapple|Hydrapple, F, shiny|67/100
|move|p2a: Ogerpon|Power Whip|p1a: Hydrapple
|-resisted|p1a: Hydrapple
|-damage|p1a: Hydrapple|55/100
|
|upkeep
|turn|9
|
|t:|1760435529
|switch|p1a: Alomomola|Alomomola, M|93/100 psn
|move|p2a: Ogerpon|U-turn|p1a: Alomomola
|-damage|p1a: Alomomola|70/100 psn
|
|t:|1760435532
|switch|p2a: Garchomp|Garchomp, F|100/100|[from] U-turn
|
|-damage|p1a: Alomomola|58/100 psn|[from] psn
|upkeep
|turn|10
|
|t:|1760435535
|move|p2a: Garchomp|Stealth Rock|p1a: Alomomola
|-sidestart|p1: IMMAAXX|move: Stealth Rock
|move|p1a: Alomomola|Flip Turn|p2a: Garchomp
|-damage|p2a: Garchomp|90/100
|-damage|p1a: Alomomola|46/100 psn|[from] ability: Rough Skin|[of] p2a: Garchomp
|-damage|p1a: Alomomola|29/100 psn|[from] item: Rocky Helmet|[of] p2a: Garchomp
|
|t:|1760435539
|switch|p1a: Cinderace|Cinderace, F|100/100|[from] Flip Turn
|
|upkeep
|turn|11
|
|t:|1760435547
|-terastallize|p1a: Cinderace|Ghost
|move|p1a: Cinderace|Court Change|p1a: Cinderace
|-swapsideconditions
|-activate|p1a: Cinderace|move: Court Change
|move|p2a: Garchomp|Earthquake|p1a: Cinderace
|-damage|p1a: Cinderace|46/100
|
|upkeep
|turn|12
|
|t:|1760435555
|switch|p2a: Moltres|Moltres|97/100
|move|p1a: Cinderace|Will-O-Wisp|p2a: Moltres
|-immune|p2a: Moltres
|
|upkeep
|turn|13
|
|t:|1760435559
|move|p1a: Cinderace|U-turn|p2a: Moltres
|-resisted|p2a: Moltres
|-damage|p2a: Moltres|94/100
|
|t:|1760435562
|switch|p1a: Alomomola|Alomomola, M|62/100 psn|[from] U-turn
|move|p2a: Moltres|Flamethrower|p1a: Alomomola
|-resisted|p1a: Alomomola
|-damage|p1a: Alomomola|53/100 psn
|
|-damage|p1a: Alomomola|40/100 psn|[from] psn
|upkeep
|turn|14
|
|t:|1760435568
|switch|p2a: Ogerpon|Ogerpon-Wellspring, F|100/100
|-damage|p2a: Ogerpon|88/100|[from] Stealth Rock
|move|p1a: Alomomola|Body Slam|p2a: Ogerpon
|-damage|p2a: Ogerpon|67/100
|
|-damage|p1a: Alomomola|28/100 psn|[from] psn
|upkeep
|turn|15
|
|t:|1760435587
|switch|p1a: Hydrapple|Hydrapple, F, shiny|89/100
|move|p2a: Ogerpon|Power Whip|p1a: Hydrapple
|-resisted|p1a: Hydrapple
|-damage|p1a: Hydrapple|75/100
|
|upkeep
|turn|16
|
|t:|1760435593
|move|p2a: Ogerpon|U-turn|p1a: Hydrapple
|-supereffective|p1a: Hydrapple
|-damage|p1a: Hydrapple|32/100
|
|t:|1760435601
|switch|p2a: Moltres|Moltres|94/100|[from] U-turn
|move|p1a: Hydrapple|Fickle Beam|p2a: Moltres
|-damage|p2a: Moltres|51/100
|
|upkeep
|turn|17
|
|t:|1760435606
|switch|p1a: Alomomola|Alomomola, M|61/100 psn
|move|p2a: Moltres|U-turn|p1a: Alomomola
|-damage|p1a: Alomomola|50/100 psn
|
|t:|1760435611
|switch|p2a: Garchomp|Garchomp, F|90/100|[from] U-turn
|-damage|p2a: Garchomp|84/100|[from] Stealth Rock
|
|-damage|p1a: Alomomola|38/100 psn|[from] psn
|upkeep
|turn|18
|
|t:|1760435617
|switch|p1a: Cinderace|Cinderace, F, tera:Ghost|46/100
|move|p2a: Garchomp|Stealth Rock|p1a: Cinderace
|-sidestart|p1: IMMAAXX|move: Stealth Rock
|
|upkeep
|turn|19
|
|t:|1760435627
|move|p1a: Cinderace|Will-O-Wisp|p2a: Garchomp
|-status|p2a: Garchomp|brn
|move|p2a: Garchomp|Spikes|p1a: Cinderace
|-sidestart|p1: IMMAAXX|Spikes
|
|-damage|p2a: Garchomp|77/100 brn|[from] brn
|upkeep
|turn|20
|
|t:|1760435632
|move|p1a: Cinderace|Pyro Ball|p2a: Garchomp
|-resisted|p2a: Garchomp
|-damage|p2a: Garchomp|61/100 brn
|move|p2a: Garchomp|Dragon Tail|p1a: Cinderace
|-damage|p1a: Cinderace|30/100
|drag|p1a: Hoopa|Hoopa-Unbound|100/100
|-damage|p1a: Hoopa|88/100|[from] Stealth Rock
|-damage|p1a: Hoopa|76/100|[from] Spikes
|
|-damage|p2a: Garchomp|55/100 brn|[from] brn
|upkeep
|turn|21
|
|t:|1760435641
|move|p1a: Hoopa|Knock Off|p2a: Garchomp
|-damage|p2a: Garchomp|16/100 brn
|-damage|p1a: Hoopa|64/100|[from] ability: Rough Skin|[of] p2a: Garchomp
|-damage|p1a: Hoopa|47/100|[from] item: Rocky Helmet|[of] p2a: Garchomp
|-enditem|p2a: Garchomp|Rocky Helmet|[from] move: Knock Off|[of] p1a: Hoopa
|move|p2a: Garchomp|Spikes|p1a: Hoopa
|-sidestart|p1: IMMAAXX|Spikes
|
|-damage|p2a: Garchomp|10/100 brn|[from] brn
|upkeep
|turn|22
|
|t:|1760435645
|move|p1a: Hoopa|Knock Off|p2a: Garchomp
|-damage|p2a: Garchomp|0 fnt
|-damage|p1a: Hoopa|35/100|[from] ability: Rough Skin|[of] p2a: Garchomp
|faint|p2a: Garchomp
|
|upkeep
|
|t:|1760435655
|switch|p2a: Great Tusk|Great Tusk|100/100
|-damage|p2a: Great Tusk|98/100|[from] Stealth Rock
|-enditem|p2a: Great Tusk|Booster Energy
|-activate|p2a: Great Tusk|ability: Protosynthesis|[fromitem]
|-start|p2a: Great Tusk|protosynthesisspe
|turn|23
|
|t:|1760435660
|switch|p1a: Gholdengo|Gholdengo|100/100
|-damage|p1a: Gholdengo|94/100|[from] Stealth Rock
|-item|p1a: Gholdengo|Air Balloon
|move|p2a: Great Tusk|Headlong Rush|p1a: Gholdengo
|-immune|p1a: Gholdengo
|
|upkeep
|turn|24
|
|t:|1760435672
|move|p2a: Great Tusk|Ice Spinner|p1a: Gholdengo
|-resisted|p1a: Gholdengo
|-damage|p1a: Gholdengo|87/100
|-enditem|p1a: Gholdengo|Air Balloon
|move|p1a: Gholdengo|Make It Rain|p2a: Great Tusk
|-damage|p2a: Great Tusk|26/100
|-unboost|p1a: Gholdengo|spa|1
|
|upkeep
|turn|25
|
|t:|1760435679
|move|p2a: Great Tusk|Headlong Rush|p1a: Gholdengo
|-supereffective|p1a: Gholdengo
|-damage|p1a: Gholdengo|15/100
|-unboost|p2a: Great Tusk|def|1
|-unboost|p2a: Great Tusk|spd|1
|move|p1a: Gholdengo|Make It Rain|p2a: Great Tusk
|-damage|p2a: Great Tusk|0 fnt
|-unboost|p1a: Gholdengo|spa|1
|faint|p2a: Great Tusk
|-end|p2a: Great Tusk|Protosynthesis|[silent]
|
|upkeep
|
|t:|1760435684
|switch|p2a: Darkrai|Darkrai|100/100
|turn|26
|
|t:|1760435687
|move|p2a: Darkrai|Dark Pulse|p1a: Gholdengo
|-supereffective|p1a: Gholdengo
|-damage|p1a: Gholdengo|0 fnt
|faint|p1a: Gholdengo
|
|upkeep
|
|t:|1760435692
|switch|p1a: Alomomola|Alomomola, M|71/100 psn
|-damage|p1a: Alomomola|59/100 psn|[from] Stealth Rock
|-damage|p1a: Alomomola|42/100 psn|[from] Spikes
|turn|27
|
|t:|1760435697
|move|p2a: Darkrai|Nasty Plot|p2a: Darkrai
|-boost|p2a: Darkrai|spa|2
|move|p1a: Alomomola|Body Slam|p2a: Darkrai
|-damage|p2a: Darkrai|79/100
|
|-damage|p1a: Alomomola|30/100 psn|[from] psn
|upkeep
|turn|28
|
|t:|1760435699
|move|p2a: Darkrai|Dark Pulse|p1a: Alomomola
|-damage|p1a: Alomomola|0 fnt
|faint|p1a: Alomomola
|
|upkeep
|
|t:|1760435702
|switch|p1a: Hoopa|Hoopa-Unbound|35/100
|-damage|p1a: Hoopa|22/100|[from] Stealth Rock
|-damage|p1a: Hoopa|6/100|[from] Spikes
|turn|29
|
|t:|1760435706
|move|p1a: Hoopa|Gunk Shot|p2a: Darkrai
|-damage|p2a: Darkrai|18/100
|move|p2a: Darkrai|Dark Pulse|p1a: Hoopa
|-damage|p1a: Hoopa|0 fnt
|faint|p1a: Hoopa
|
|upkeep
|
|t:|1760435709
|switch|p1a: Hydrapple|Hydrapple, F, shiny|65/100
|-damage|p1a: Hydrapple|53/100|[from] Stealth Rock
|-damage|p1a: Hydrapple|36/100|[from] Spikes
|turn|30
|
|t:|1760435714
|move|p2a: Darkrai|Dark Pulse|p1a: Hydrapple
|-damage|p1a: Hydrapple|0 fnt
|faint|p1a: Hydrapple
|
|upkeep
|-message|IMMAAXX forfeited.
|
|win|akibarubinstein
|raw|IMMAAXX's rating: 1497 &rarr; <strong>1475</strong><br />(-22 for losing)
|raw|akibarubinstein's rating: 1467 &rarr; <strong>1489</strong><br />(+22 for winning)
|l|☆IMMAAXX
|player|p1|
|l|☆akibarubinstein
|player|p2|
