|j|☆prettyhugedolphin
|j|☆Accud13
|t:|1760393833
|gametype|singles
|player|p1|prettyhugedolphin|veteran|1204
|player|p2|Accud13|marnie-masters|1205
|gen|9
|tier|[Gen 9] OU
|rated|
|rule|HP Percentage Mod: HP is shown in percentages
|rule|Endless Battle Clause: Forcing endless battles is banned
|rule|Species Clause: Limit one of each Pokémon
|rule|OHKO Clause: OHKO moves are banned
|rule|Evasion Items Clause: Evasion items are banned
|rule|Evasion Moves Clause: Evasion moves are banned
|rule|Evasion Abilities Clause: Evasion abilities are banned
|rule|Sleep Moves Clause: Sleep-inducing moves are banned
|clearpoke
|poke|p1|Cacturne, M|
|poke|p1|Ogerpon-Wellspring, F|
|poke|p1|Rillaboom, M|
|poke|p1|Shiftry, M|
|poke|p1|Leavanny, F|
|poke|p1|Brambleghast, M|
|poke|p2|Iron Crown|
|poke|p2|Samurott-Hisui, M|
|poke|p2|Zapdos|
|poke|p2|Dragapult, M|
|poke|p2|Great Tusk|
|poke|p2|Iron Boulder|
|teampreview
|inactive|Battle timer is ON: inactive players will automatically lose when time's up. (requested by Accud13)
|inactive|prettyhugedolphin also wants the timer to be on.
|
|t:|1760393858
|teamsize|p1|6
|teamsize|p2|6
|start
|switch|p1a: Leavanny|Leavanny, F, shiny|100/100
|switch|p2a: Samurott|Samurott-Hisui, M, shiny|100/100
|turn|1
|
|t:|1760393867
|move|p2a: Samurott|Ceaseless Edge|p1a: Leavanny
|-damage|p1a: Leavanny|35/100
|-sidestart|p1: prettyhugedolphin|Spikes
|move|p1a: Leavanny|Sticky Web|p2a: Samurott
|-sidestart|p2: Accud13|move: Sticky Web
|
|upkeep
|turn|2
|
|t:|1760393871
|move|p2a: Samurott|Ceaseless Edge|p1a: Leavanny
|-damage|p1a: Leavanny|0 fnt
|-sidestart|p1: prettyhugedolphin|Spikes
|faint|p1a: Leavanny
|
|upkeep
|
|t:|1760393877
|switch|p1a: Brambleghast|Brambleghast, M, shiny|100/100
|-damage|p1a: Brambleghast|84/100|[from] Spikes
|turn|3
|
|t:|1760393880
|move|p2a: Samurott|Ceaseless Edge|p1a: Brambleghast
|-supereffective|p1a: Brambleghast
|-damage|p1a: Brambleghast|0 fnt
|-sidestart|p1: prettyhugedolphin|Spikes
|faint|p1a: Brambleghast
|
|upkeep
|
|t:|1760393887
|switch|p1a: Shiftry|Shiftry, M, shiny|100/100
|-damage|p1a: Shiftry|76/100|[from] Spikes
|turn|4
|
|t:|1760393892
|move|p2a: Samurott|Ceaseless Edge|p1a: Shiftry
|-resisted|p1a: Shiftry
|-damage|p1a: Shiftry|37/100
|move|p1a: Shiftry|Tailwind|p1a: Shiftry
|-sidestart|p1: prettyhugedolphin|move: Tailwind
|-ability|p1a: Shiftry|Wind Rider|boost
|-boost|p1a: Shiftry|atk|1
|
|upkeep
|turn|5
|
|t:|1760393902
|move|p1a: Shiftry|Petal Blizzard|p2a: Samurott
|-supereffective|p2a: Samurott
|-damage|p2a: Samurott|0 fnt
|faint|p2a: Samurott
|-damage|p1a: Shiftry|27/100|[from] item: Life Orb
|
|upkeep
|
|t:|1760393916
|switch|p2a: Great Tusk|Great Tusk, shiny|100/100
|turn|6
|
|t:|1760393920
|-terastallize|p2a: Great Tusk|Fire
|move|p1a: Shiftry|Petal Blizzard|p2a: Great Tusk
|-resisted|p2a: Great Tusk
|-damage|p2a: Great Tusk|72/100
|-damage|p1a: Shiftry|17/100|[from] item: Life Orb
|move|p2a: Great Tusk|Rapid Spin|p1a: Shiftry
|-damage|p1a: Shiftry|0 fnt
|-boost|p2a: Great Tusk|spe|1
|-sideend|p2: Accud13|Sticky Web|[from] move: Rapid Spin|[of] p2a: Great Tusk
|faint|p1a: Shiftry
|
|upkeep
|
|t:|1760393928
|switch|p1a: Ogerpon|Ogerpon-Wellspring, F|100/100
|-damage|p1a: Ogerpon|76/100|[from] Spikes
|turn|7
|
|t:|1760393936
|move|p1a: Ogerpon|Ivy Cudgel|p2a: Great Tusk|[anim] Ivy Cudgel Water
|-supereffective|p2a: Great Tusk
|-damage|p2a: Great Tusk|0 fnt
|faint|p2a: Great Tusk
|-end|p2a: Great Tusk|Protosynthesis|[silent]
|
|-sideend|p1: prettyhugedolphin|move: Tailwind
|upkeep
|
|t:|1760393942
|switch|p2a: Zapdos|Zapdos, shiny|100/100
|turn|8
|
|t:|1760393949
|switch|p1a: Cacturne|Cacturne, M|100/100
|-damage|p1a: Cacturne|76/100|[from] Spikes
|move|p2a: Zapdos|Discharge|p1a: Cacturne
|-resisted|p1a: Cacturne
|-damage|p1a: Cacturne|50/100
|
|upkeep
|turn|9
|
|t:|1760393952
|move|p1a: Cacturne|Sucker Punch|p2a: Zapdos
|-damage|p2a: Zapdos|75/100
|move|p2a: Zapdos|U-turn|p1a: Cacturne
|-supereffective|p1a: Cacturne
|-damage|p1a: Cacturne|0 fnt
|faint|p1a: Cacturne
|
|t:|1760393960
|switch|p2a: Iron Crown|Iron Crown|100/100|[from] U-turn
|
|upkeep
|
|t:|1760393968
|switch|p1a: Rillaboom|Rillaboom, M, shiny|100/100
|-damage|p1a: Rillaboom|76/100|[from] Spikes
|-fieldstart|move: Grassy Terrain|[from] ability: Grassy Surge|[of] p1a: Rillaboom
|-enditem|p1a: Rillaboom|Grassy Seed
|-boost|p1a: Rillaboom|def|1|[from] item: Grassy Seed
|turn|10
|
|t:|1760393973
|move|p2a: Iron Crown|Tachyon Cutter|p1a: Rillaboom
|-damage|p1a: Rillaboom|23/100
|-damage|p1a: Rillaboom|0 fnt
|faint|p1a: Rillaboom
|-hitcount|p1: Rillaboom|2
|
|upkeep
|
|t:|1760393976
|switch|p1a: Ogerpon|Ogerpon-Wellspring, F|76/100
|-damage|p1a: Ogerpon|51/100|[from] Spikes
|turn|11
|
|t:|1760393984
|-terastallize|p1a: Ogerpon|Water
|detailschange|p1a: Ogerpon|Ogerpon-Wellspring-Tera, F, tera:Water
|-ability|p1a: Ogerpon|Embody Aspect (Wellspring)|boost
|-boost|p1a: Ogerpon|spd|1
|move|p1a: Ogerpon|Knock Off|p2a: Iron Crown
|-supereffective|p2a: Iron Crown
|-damage|p2a: Iron Crown|16/100
|-enditem|p2a: Iron Crown|Choice Specs|[from] move: Knock Off|[of] p1a: Ogerpon
|move|p2a: Iron Crown|Tachyon Cutter|p1a: Ogerpon
|-resisted|p1a: Ogerpon
|-damage|p1a: Ogerpon|41/100
|-resisted|p1a: Ogerpon
|-damage|p1a: Ogerpon|30/100
|-hitcount|p1a: Ogerpon|2
|
|-heal|p1a: Ogerpon|36/100|[from] Grassy Terrain
|-heal|p2a: Iron Crown|23/100|[from] Grassy Terrain
|upkeep
|turn|12
|
|t:|1760393998
|move|p1a: Ogerpon|Ivy Cudgel|p2a: Iron Crown|[anim] Ivy Cudgel Water
|-damage|p2a: Iron Crown|0 fnt
|faint|p2a: Iron Crown
|-end|p2a: Iron Crown|Quark Drive|[silent]
|
|-heal|p1a: Ogerpon|42/100|[from] Grassy Terrain
|upkeep
|
|t:|1760394001
|switch|p2a: Zapdos|Zapdos, shiny|75/100
|turn|13
|
|t:|1760394007
|move|p1a: Ogerpon|Ivy Cudgel|p2a: Zapdos|[anim] Ivy Cudgel Water
|-damage|p2a: Zapdos|22/100
|move|p2a: Zapdos|Discharge|p1a: Ogerpon
|-supereffective|p1a: Ogerpon
|-crit|p1a: Ogerpon
|-damage|p1a: Ogerpon|0 fnt
|faint|p1a: Ogerpon
|detailschange|p1: Ogerpon|Ogerpon-Wellspring, F|[silent]
|
|win|Accud13
|raw|prettyhugedolphin's rating: 1204 &rarr; <strong>1179</strong><br />(-25 for losing)
|raw|Accud13's rating: 1205 &rarr; <strong>1230</strong><br />(+25 for winning)
|l|☆prettyhugedolphin
|player|p1|
|l|☆Accud13
|player|p2|
