|j|☆DontMissMantine
|j|☆NiZZaYe
|t:|1760454527
|gametype|singles
|player|p1|DontMissMantine|lucas|1703
|player|p2|NiZZaYe|170|1742
|gen|9
|tier|[Gen 9] OU
|rated|
|rule|HP Percentage Mod: HP is shown in percentages
|rule|Endless Battle Clause: Forcing endless battles is banned
|rule|Species Clause: Limit one of each Pokémon
|rule|OHKO Clause: OHKO moves are banned
|rule|Evasion Items Clause: Evasion items are banned
|rule|Evasion Moves Clause: Evasion moves are banned
|rule|Evasion Abilities Clause: Evasion abilities are banned
|rule|Sleep Moves Clause: Sleep-inducing moves are banned
|clearpoke
|poke|p1|Pelipper, M|
|poke|p1|Beartic, M|
|poke|p1|Barraskewda, F|
|poke|p1|Ogerpon-Wellspring, F|
|poke|p1|Zapdos|
|poke|p1|Hatterene, F|
|poke|p2|Hoopa-Unbound|
|poke|p2|Hydrapple, F|
|poke|p2|Gliscor, M|
|poke|p2|Cinderace, F|
|poke|p2|Alomomola, F|
|poke|p2|Gholdengo|
|teampreview
|inactive|Battle timer is ON: inactive players will automatically lose when time's up. (requested by NiZZaYe)
|inactive|NiZZaYe has 120 seconds left.
|
|t:|1760454566
|teamsize|p1|6
|teamsize|p2|6
|start
|switch|p1a: Pelipper|Pelipper, M|100/100
|switch|p2a: Gholdengo|Gholdengo|100/100
|-item|p2a: Gholdengo|Air Balloon
|-weather|RainDance|[from] ability: Drizzle|[of] p1a: Pelipper
|turn|1
|
|t:|1760454575
|switch|p1a: Zapdos|Zapdos|100/100
|move|p2a: Gholdengo|Thunder Wave|p1a: Zapdos
|-immune|p1a: Zapdos
|
|-weather|RainDance|[upkeep]
|upkeep
|turn|2
|
|t:|1760454584
|move|p1a: Zapdos|Volt Switch|p2a: Gholdengo
|-damage|p2a: Gholdengo|68/100
|-enditem|p2a: Gholdengo|Air Balloon
|
|t:|1760454595
|switch|p1a: Ogerpon|Ogerpon-Wellspring, F|100/100|[from] Volt Switch
|move|p2a: Gholdengo|Make It Rain|p1a: Ogerpon
|-resisted|p1a: Ogerpon
|-damage|p1a: Ogerpon|68/100
|-unboost|p2a: Gholdengo|spa|1
|
|-weather|RainDance|[upkeep]
|upkeep
|turn|3
|
|t:|1760454607
|switch|p1a: Beartic|Beartic, M|100/100
|move|p2a: Gholdengo|Thunder Wave|p1a: Beartic
|-status|p1a: Beartic|par
|
|-weather|RainDance|[upkeep]
|upkeep
|turn|4
|j| BSGSC
|
|t:|1760454615
|move|p2a: Gholdengo|Recover|p2a: Gholdengo
|-heal|p2a: Gholdengo|100/100
|move|p1a: Beartic|Earthquake|p2a: Gholdengo
|-supereffective|p2a: Gholdengo
|-damage|p2a: Gholdengo|46/100
|
|-weather|RainDance|[upkeep]
|upkeep
|turn|5
|
|t:|1760454623
|move|p2a: Gholdengo|Recover|p2a: Gholdengo
|-heal|p2a: Gholdengo|96/100
|move|p1a: Beartic|Earthquake|p2a: Gholdengo
|-supereffective|p2a: Gholdengo
|-damage|p2a: Gholdengo|45/100
|
|-weather|RainDance|[upkeep]
|upkeep
|turn|6
|
|t:|1760454631
|move|p2a: Gholdengo|Recover|p2a: Gholdengo
|-heal|p2a: Gholdengo|95/100
|move|p1a: Beartic|Earthquake|p2a: Gholdengo
|-supereffective|p2a: Gholdengo
|-damage|p2a: Gholdengo|45/100
|
|-weather|RainDance|[upkeep]
|upkeep
|turn|7
|
|t:|1760454639
|move|p2a: Gholdengo|Recover|p2a: Gholdengo
|-heal|p2a: Gholdengo|95/100
|move|p1a: Beartic|Earthquake|p2a: Gholdengo
|-supereffective|p2a: Gholdengo
|-damage|p2a: Gholdengo|43/100
|
|-weather|RainDance|[upkeep]
|upkeep
|turn|8
|
|t:|1760454647
|move|p2a: Gholdengo|Recover|p2a: Gholdengo
|-heal|p2a: Gholdengo|93/100
|move|p1a: Beartic|Swords Dance|p1a: Beartic
|-boost|p1a: Beartic|atk|2
|
|-weather|none
|upkeep
|turn|9
|
|t:|1760454654
|switch|p2a: Gliscor|Gliscor, M|100/100
|move|p1a: Beartic|Earthquake|p2a: Gliscor
|-immune|p2a: Gliscor
|
|-status|p2a: Gliscor|tox|[from] item: Toxic Orb
|upkeep
|turn|10
|
|t:|1760454670
|move|p2a: Gliscor|Earthquake|p1a: Beartic
|-damage|p1a: Beartic|60/100 par
|move|p1a: Beartic|Icicle Spear|p2a: Gliscor
|-supereffective|p2a: Gliscor
|-damage|p2a: Gliscor|15/100 tox
|-supereffective|p2a: Gliscor
|-damage|p2a: Gliscor|0 fnt
|faint|p2a: Gliscor
|-hitcount|p2: Gliscor|2
|
|upkeep
|
|t:|1760454675
|switch|p2a: Cinderace|Cinderace, F|100/100
|turn|11
|
|t:|1760454682
|switch|p1a: Pelipper|Pelipper, M|100/100
|-weather|RainDance|[from] ability: Drizzle|[of] p1a: Pelipper
|move|p2a: Cinderace|Pyro Ball|p1a: Pelipper
|-resisted|p1a: Pelipper
|-crit|p1a: Pelipper
|-damage|p1a: Pelipper|88/100
|
|-weather|RainDance|[upkeep]
|upkeep
|turn|12
|
|t:|1760454691
|move|p2a: Cinderace|U-turn|p1a: Pelipper
|-resisted|p1a: Pelipper
|-damage|p1a: Pelipper|80/100
|
|t:|1760454695
|switch|p2a: Alomomola|Alomomola, F|100/100|[from] U-turn
|move|p1a: Pelipper|U-turn|p2a: Alomomola
|-damage|p2a: Alomomola|94/100
|
|t:|1760454701
|switch|p1a: Zapdos|Zapdos|100/100|[from] U-turn
|
|-weather|RainDance|[upkeep]
|upkeep
|turn|13
|
|t:|1760454708
|move|p1a: Zapdos|Thunder|p2a: Alomomola
|-supereffective|p2a: Alomomola
|-crit|p2a: Alomomola
|-damage|p2a: Alomomola|9/100
|move|p2a: Alomomola|Mirror Coat|p1a: Zapdos
|-damage|p1a: Zapdos|0 fnt
|faint|p1a: Zapdos
|
|-weather|RainDance|[upkeep]
|upkeep
|
|t:|1760454717
|switch|p1a: Hatterene|Hatterene, F|100/100
|turn|14
|
|t:|1760454721
|move|p2a: Alomomola|Flip Turn|p1a: Hatterene
|-damage|p1a: Hatterene|80/100
|-enditem|p1a: Hatterene|Eject Button
|
|t:|1760454727
|switch|p1a: Barraskewda|Barraskewda, F|100/100
|
|-weather|RainDance|[upkeep]
|upkeep
|turn|15
|
|t:|1760454733
|switch|p2a: Hydrapple|Hydrapple, F, shiny|100/100
|move|p1a: Barraskewda|Flip Turn|p2a: Hydrapple
|-resisted|p2a: Hydrapple
|-damage|p2a: Hydrapple|90/100
|-damage|p1a: Barraskewda|84/100|[from] item: Rocky Helmet|[of] p2a: Hydrapple
|
|t:|1760454739
|switch|p1a: Hatterene|Hatterene, F|80/100|[from] Flip Turn
|
|-weather|RainDance|[upkeep]
|upkeep
|turn|16
|
|t:|1760454747
|switch|p2a: Alomomola|Alomomola, F|42/100
|move|p1a: Hatterene|Healing Wish|p1a: Hatterene
|faint|p1a: Hatterene
|
|-weather|RainDance|[upkeep]
|upkeep
|
|t:|1760454759
|switch|p1a: Beartic|Beartic, M|60/100 par
|-heal|p1a: Beartic|100/100|[from] move: Healing Wish
|turn|17
|
|t:|1760454764
|-terastallize|p1a: Beartic|Electric
|move|p1a: Beartic|Tera Blast|p2a: Alomomola|[anim] Tera Blast Electric
|-supereffective|p2a: Alomomola
|-damage|p2a: Alomomola|0 fnt
|faint|p2a: Alomomola
|
|-weather|RainDance|[upkeep]
|upkeep
|
|t:|1760454774
|switch|p2a: Hoopa|Hoopa-Unbound|100/100
|turn|18
|
|t:|1760454792
|move|p2a: Hoopa|Knock Off|p1a: Beartic
|-damage|p1a: Beartic|29/100
|-enditem|p1a: Beartic|Loaded Dice|[from] move: Knock Off|[of] p2a: Hoopa
|move|p1a: Beartic|Icicle Spear|p2a: Hoopa
|-damage|p2a: Hoopa|72/100
|-damage|p2a: Hoopa|44/100
|-damage|p2a: Hoopa|17/100
|-hitcount|p2a: Hoopa|3
|
|-weather|none
|upkeep
|turn|19
|
|t:|1760454804
|switch|p1a: Pelipper|Pelipper, M|80/100
|-weather|RainDance|[from] ability: Drizzle|[of] p1a: Pelipper
|move|p2a: Hoopa|Knock Off|p1a: Pelipper
|-damage|p1a: Pelipper|35/100
|-enditem|p1a: Pelipper|Damp Rock|[from] move: Knock Off|[of] p2a: Hoopa
|
|-weather|RainDance|[upkeep]
|upkeep
|turn|20
|
|t:|1760454822
|move|p2a: Hoopa|Knock Off|p1a: Pelipper
|-damage|p1a: Pelipper|7/100
|move|p1a: Pelipper|U-turn|p2a: Hoopa
|-supereffective|p2a: Hoopa
|-damage|p2a: Hoopa|0 fnt
|faint|p2a: Hoopa
|
|t:|1760454832
|switch|p1a: Beartic|Beartic, M, tera:Electric|29/100|[from] U-turn
|
|-weather|RainDance|[upkeep]
|upkeep
|
|t:|1760454838
|switch|p2a: Cinderace|Cinderace, F|100/100
|turn|21
|
|t:|1760454850
|switch|p1a: Barraskewda|Barraskewda, F|84/100
|move|p2a: Cinderace|Pyro Ball|p1a: Barraskewda
|-resisted|p1a: Barraskewda
|-damage|p1a: Barraskewda|62/100
|
|-weather|RainDance|[upkeep]
|upkeep
|turn|22
|
|t:|1760454858
|switch|p2a: Hydrapple|Hydrapple, F, shiny|100/100
|move|p1a: Barraskewda|Flip Turn|p2a: Hydrapple
|-resisted|p2a: Hydrapple
|-damage|p2a: Hydrapple|91/100
|-damage|p1a: Barraskewda|46/100|[from] item: Rocky Helmet|[of] p2a: Hydrapple
|
|t:|1760454865
|switch|p1a: Beartic|Beartic, M, tera:Electric|29/100|[from] Flip Turn
|
|-weather|RainDance|[upkeep]
|upkeep
|turn|23
|
|t:|1760454870
|switch|p2a: Cinderace|Cinderace, F|100/100
|move|p1a: Beartic|Icicle Spear|p2a: Cinderace
|-resisted|p2a: Cinderace
|-damage|p2a: Cinderace|92/100
|-resisted|p2a: Cinderace
|-damage|p2a: Cinderace|83/100
|-resisted|p2a: Cinderace
|-damage|p2a: Cinderace|74/100
|-hitcount|p2a: Cinderace|3
|
|-weather|RainDance|[upkeep]
|upkeep
|turn|24
|
|t:|1760454881
|move|p1a: Beartic|Earthquake|p2a: Cinderace
|-supereffective|p2a: Cinderace
|-damage|p2a: Cinderace|0 fnt
|faint|p2a: Cinderace
|
|-weather|RainDance|[upkeep]
|upkeep
|j| g9q
|l| g9q
|
|t:|1760454891
|switch|p2a: Gholdengo|Gholdengo|93/100
|turn|25
|
|t:|1760454897
|switch|p1a: Barraskewda|Barraskewda, F|46/100
|move|p2a: Gholdengo|Make It Rain|p1a: Barraskewda
|-resisted|p1a: Barraskewda
|-damage|p1a: Barraskewda|0 fnt
|-unboost|p2a: Gholdengo|spa|1
|faint|p1a: Barraskewda
|
|-weather|RainDance|[upkeep]
|upkeep
|
|t:|1760454907
|switch|p1a: Ogerpon|Ogerpon-Wellspring, F|68/100
|turn|26
|
|t:|1760454911
|switch|p1a: Beartic|Beartic, M, tera:Electric|29/100
|move|p2a: Gholdengo|Thunder Wave|p1a: Beartic
|-immune|p1a: Beartic
|
|-weather|none
|upkeep
|turn|27
|
|t:|1760454918
|switch|p1a: Pelipper|Pelipper, M|7/100
|-weather|RainDance|[from] ability: Drizzle|[of] p1a: Pelipper
|move|p2a: Gholdengo|Make It Rain|p1a: Pelipper
|-resisted|p1a: Pelipper
|-crit|p1a: Pelipper
|-damage|p1a: Pelipper|0 fnt
|-unboost|p2a: Gholdengo|spa|1
|faint|p1a: Pelipper
|
|-weather|RainDance|[upkeep]
|upkeep
|
|t:|1760454931
|switch|p1a: Ogerpon|Ogerpon-Wellspring, F|68/100
|turn|28
|
|t:|1760454936
|switch|p2a: Hydrapple|Hydrapple, F, shiny|100/100
|move|p1a: Ogerpon|Ivy Cudgel|p2a: Hydrapple|[anim] Ivy Cudgel Water
|-resisted|p2a: Hydrapple
|-damage|p2a: Hydrapple|86/100
|
|-weather|RainDance|[upkeep]
|upkeep
|turn|29
|
|t:|1760454950
|move|p1a: Ogerpon|Play Rough|p2a: Hydrapple
|-supereffective|p2a: Hydrapple
|-damage|p2a: Hydrapple|39/100
|-damage|p1a: Ogerpon|52/100|[from] item: Rocky Helmet|[of] p2a: Hydrapple
|move|p2a: Hydrapple|Giga Drain|p1a: Ogerpon
|-damage|p1a: Ogerpon|10/100
|-heal|p2a: Hydrapple|54/100|[from] drain|[of] p1a: Ogerpon
|
|-weather|RainDance|[upkeep]
|upkeep
|turn|30
|
|t:|1760454960
|switch|p2a: Gholdengo|Gholdengo|93/100
|move|p1a: Ogerpon|Play Rough|p2a: Gholdengo
|-resisted|p2a: Gholdengo
|-damage|p2a: Gholdengo|81/100
|-unboost|p2a: Gholdengo|atk|1
|
|-weather|RainDance|[upkeep]
|upkeep
|turn|31
|-message|DontMissMantine forfeited.
|
|win|NiZZaYe
|raw|DontMissMantine's rating: 1703 &rarr; <strong>1685</strong><br />(-18 for losing)
|raw|NiZZaYe's rating: 1742 &rarr; <strong>1760</strong><br />(+18 for winning)
|l|☆DontMissMantine
|player|p1|
|l|☆NiZZaYe
|player|p2|
