|j|☆noxiouslul
|j|☆leanpro
|t:|1760460713
|gametype|singles
|player|p1|noxiouslul|169|1208
|player|p2|leanpro|266|1214
|gen|9
|tier|[Gen 9] OU
|rated|
|rule|HP Percentage Mod: HP is shown in percentages
|rule|Endless Battle Clause: Forcing endless battles is banned
|rule|Species Clause: Limit one of each Pokémon
|rule|OHKO Clause: OHKO moves are banned
|rule|Evasion Items Clause: Evasion items are banned
|rule|Evasion Moves Clause: Evasion moves are banned
|rule|Evasion Abilities Clause: Evasion abilities are banned
|rule|Sleep Moves Clause: Sleep-inducing moves are banned
|clearpoke
|poke|p1|Bellibolt, F|
|poke|p1|Deoxys-Speed|
|poke|p1|Salamence, M|
|poke|p1|Honchkrow, M|
|poke|p1|Chansey, F|
|poke|p1|Typhlosion-Hisui, F|
|poke|p2|Diancie|
|poke|p2|Lucario, M|
|poke|p2|Garchomp, M|
|poke|p2|Serperior, M|
|poke|p2|Blaziken, M|
|poke|p2|Mandibuzz, F|
|teampreview
|inactive|Battle timer is ON: inactive players will automatically lose when time's up. (requested by leanpro)
|
|t:|1760460732
|teamsize|p1|6
|teamsize|p2|6
|start
|switch|p1a: Typhlosion|Typhlosion-Hisui, F, shiny|100/100
|switch|p2a: Serperior|Serperior, M|100/100
|turn|1
|
|t:|1760460739
|-terastallize|p2a: Serperior|Dragon
|move|p1a: Typhlosion|Eruption|p2a: Serperior
|-resisted|p2a: Serperior
|-damage|p2a: Serperior|57/100
|move|p2a: Serperior|Leaf Storm|p1a: Typhlosion
|-resisted|p1a: Typhlosion
|-damage|p1a: Typhlosion|64/100
|-boost|p2a: Serperior|spa|2
|
|upkeep
|turn|2
|
|t:|1760460751
|switch|p1a: Chansey|Chansey, F|100/100
|move|p2a: Serperior|Leaf Storm|p1a: Chansey
|-damage|p1a: Chansey|66/100
|-boost|p2a: Serperior|spa|2
|
|upkeep
|turn|3
|
|t:|1760460755
|move|p2a: Serperior|Giga Drain|p1a: Chansey
|-damage|p1a: Chansey|33/100
|-heal|p2a: Serperior|96/100|[from] drain|[of] p1a: Chansey
|move|p1a: Chansey|Stealth Rock|p2a: Serperior
|-sidestart|p2: leanpro|move: Stealth Rock
|
|upkeep
|turn|4
|
|t:|1760460758
|move|p2a: Serperior|Leaf Storm|p1a: Chansey
|-damage|p1a: Chansey|0 fnt
|-boost|p2a: Serperior|spa|2
|faint|p1a: Chansey
|
|upkeep
|
|t:|1760460768
|switch|p1a: Typhlosion|Typhlosion-Hisui, F, shiny|64/100
|turn|5
|
|t:|1760460774
|move|p1a: Typhlosion|Shadow Ball|p2a: Serperior
|-damage|p2a: Serperior|47/100
|move|p2a: Serperior|Leaf Storm|p1a: Typhlosion|[miss]
|-miss|p2a: Serperior|p1a: Typhlosion
|
|upkeep
|turn|6
|
|t:|1760460779
|move|p1a: Typhlosion|Shadow Ball|p2a: Serperior
|-damage|p2a: Serperior|2/100
|move|p2a: Serperior|Giga Drain|p1a: Typhlosion
|-resisted|p1a: Typhlosion
|-crit|p1a: Typhlosion
|-damage|p1a: Typhlosion|0 fnt
|-heal|p2a: Serperior|34/100|[from] drain|[of] p1a: Typhlosion
|faint|p1a: Typhlosion
|
|upkeep
|
|t:|1760460783
|switch|p1a: Deoxys|Deoxys-Speed, shiny|100/100
|-ability|p1a: Deoxys|Pressure
|turn|7
|
|t:|1760460790
|move|p1a: Deoxys|Psycho Boost|p2a: Serperior
|-damage|p2a: Serperior|0 fnt
|-unboost|p1a: Deoxys|spa|2
|faint|p2a: Serperior
|
|upkeep
|
|t:|1760460793
|switch|p2a: Mandibuzz|Mandibuzz, F|100/100
|turn|8
|
|t:|1760460801
|switch|p1a: Bellibolt|Bellibolt, F|100/100
|move|p2a: Mandibuzz|Defog|p1a: Bellibolt
|-unboost|p1a: Bellibolt|evasion|1
|-sideend|p2: leanpro|Stealth Rock|[from] move: Defog|[of] p2a: Mandibuzz
|
|upkeep
|turn|9
|
|t:|1760460822
|switch|p2a: Garchomp|Garchomp, M|100/100
|move|p1a: Bellibolt|Toxic|p2a: Garchomp
|-status|p2a: Garchomp|tox
|
|-damage|p2a: Garchomp|94/100 tox|[from] psn
|upkeep
|turn|10
|
|t:|1760460848
|switch|p1a: Salamence|Salamence, M|100/100
|move|p2a: Garchomp|Earthquake|p1a: Salamence
|-immune|p1a: Salamence
|
|-damage|p2a: Garchomp|82/100 tox|[from] psn
|upkeep
|turn|11
|
|t:|1760460854
|switch|p2a: Diancie|Diancie, shiny|100/100
|-terastallize|p1a: Salamence|Water
|move|p1a: Salamence|Dragon Dance|p1a: Salamence
|-boost|p1a: Salamence|atk|1
|-boost|p1a: Salamence|spe|1
|
|upkeep
|turn|12
|
|t:|1760460860
|move|p1a: Salamence|Earthquake|p2a: Diancie
|-supereffective|p2a: Diancie
|-damage|p2a: Diancie|0 fnt
|faint|p2a: Diancie
|-ability|p1a: Salamence|Moxie|boost
|-boost|p1a: Salamence|atk|1
|
|upkeep
|
|t:|1760460878
|switch|p2a: Garchomp|Garchomp, M|82/100 tox
|turn|13
|
|t:|1760460886
|move|p2a: Garchomp|Outrage|p1a: Salamence
|-damage|p1a: Salamence|24/100
|move|p1a: Salamence|Earthquake|p2a: Garchomp
|-damage|p2a: Garchomp|2/100 tox
|
|-damage|p2a: Garchomp|0 fnt|[from] psn
|faint|p2a: Garchomp
|upkeep
|
|t:|1760460891
|switch|p2a: Lucario|Lucario, M|100/100
|turn|14
|
|t:|1760460895
|move|p2a: Lucario|Vacuum Wave|p1a: Salamence
|-damage|p1a: Salamence|0 fnt
|faint|p1a: Salamence
|
|upkeep
|
|t:|1760460900
|switch|p1a: Bellibolt|Bellibolt, F|100/100
|turn|15
|
|t:|1760460923
|move|p2a: Lucario|Aura Sphere|p1a: Bellibolt
|-damage|p1a: Bellibolt|64/100
|-start|p1a: Bellibolt|Charge|Aura Sphere|[from] ability: Electromorphosis
|move|p1a: Bellibolt|Volt Switch|p2a: Lucario
|-damage|p2a: Lucario|20/100
|-end|p1a: Bellibolt|Charge|[silent]
|
|t:|1760460935
|switch|p1a: Honchkrow|Honchkrow, M|100/100|[from] Volt Switch
|
|upkeep
|turn|16
|
|t:|1760460942
|switch|p1a: Bellibolt|Bellibolt, F|64/100
|move|p2a: Lucario|Aura Sphere|p1a: Bellibolt
|-damage|p1a: Bellibolt|27/100
|-start|p1a: Bellibolt|Charge|Aura Sphere|[from] ability: Electromorphosis
|
|-heal|p1a: Bellibolt|33/100|[from] item: Leftovers
|upkeep
|turn|17
|
|t:|1760460953
|move|p1a: Bellibolt|Protect|p1a: Bellibolt
|-singleturn|p1a: Bellibolt|Protect
|move|p2a: Lucario|Aura Sphere|p1a: Bellibolt
|-activate|p1a: Bellibolt|move: Protect
|
|-heal|p1a: Bellibolt|39/100|[from] item: Leftovers
|upkeep
|turn|18
|
|t:|1760460959
|move|p2a: Lucario|Aura Sphere|p1a: Bellibolt
|-damage|p1a: Bellibolt|5/100
|-start|p1a: Bellibolt|Charge|Aura Sphere|[from] ability: Electromorphosis
|move|p1a: Bellibolt|Slack Off|p1a: Bellibolt
|-heal|p1a: Bellibolt|55/100
|
|-heal|p1a: Bellibolt|61/100|[from] item: Leftovers
|upkeep
|turn|19
|
|t:|1760460966
|move|p2a: Lucario|Nasty Plot|p2a: Lucario
|-boost|p2a: Lucario|spa|2
|move|p1a: Bellibolt|Slack Off|p1a: Bellibolt
|-heal|p1a: Bellibolt|100/100
|
|upkeep
|turn|20
|
|t:|1760460973
|move|p2a: Lucario|Steel Beam|p1a: Bellibolt
|-resisted|p1a: Bellibolt
|-damage|p1a: Bellibolt|41/100
|-start|p1a: Bellibolt|Charge|Steel Beam|[from] ability: Electromorphosis
|-damage|p2a: Lucario|0 fnt|[from] steelbeam
|faint|p2a: Lucario
|move|p1a: Bellibolt|Volt Switch|p2: Lucario|[notarget]
|-fail|p1a: Bellibolt
|-end|p1a: Bellibolt|Charge|[silent]
|
|-heal|p1a: Bellibolt|47/100|[from] item: Leftovers
|upkeep
|
|t:|1760460986
|switch|p2a: Blaziken|Blaziken, M, shiny|100/100
|turn|21
|
|t:|1760460989
|move|p2a: Blaziken|Earthquake|p1a: Bellibolt
|-supereffective|p1a: Bellibolt
|-damage|p1a: Bellibolt|0 fnt
|faint|p1a: Bellibolt
|-damage|p2a: Blaziken|91/100|[from] item: Life Orb
|
|-ability|p2a: Blaziken|Speed Boost|boost
|-boost|p2a: Blaziken|spe|1
|upkeep
|
|t:|1760460997
|switch|p1a: Honchkrow|Honchkrow, M|100/100
|turn|22
|
|t:|1760461010
|move|p2a: Blaziken|Flare Blitz|p1a: Honchkrow
|-damage|p1a: Honchkrow|0 fnt
|faint|p1a: Honchkrow
|-damage|p2a: Blaziken|53/100|[from] Recoil
|-damage|p2a: Blaziken|43/100|[from] item: Life Orb
|
|-ability|p2a: Blaziken|Speed Boost|boost
|-boost|p2a: Blaziken|spe|1
|upkeep
|
|t:|1760461012
|switch|p1a: Deoxys|Deoxys-Speed, shiny|100/100
|-ability|p1a: Deoxys|Pressure
|turn|23
|
|t:|1760461020
|move|p2a: Blaziken|Flare Blitz|p1a: Deoxys
|-enditem|p1a: Deoxys|Focus Sash
|-damage|p1a: Deoxys|1/100
|-damage|p2a: Blaziken|17/100|[from] Recoil
|-damage|p2a: Blaziken|7/100|[from] item: Life Orb
|move|p1a: Deoxys|Psycho Boost|p2a: Blaziken
|-supereffective|p2a: Blaziken
|-damage|p2a: Blaziken|0 fnt
|-unboost|p1a: Deoxys|spa|2
|faint|p2a: Blaziken
|
|upkeep
|
|t:|1760461023
|switch|p2a: Mandibuzz|Mandibuzz, F|100/100
|turn|24
|-message|noxiouslul forfeited.
|
|win|leanpro
|raw|noxiouslul's rating: 1208 &rarr; <strong>1183</strong><br />(-25 for losing)
|raw|leanpro's rating: 1214 &rarr; <strong>1239</strong><br />(+25 for winning)
|l|☆noxiouslul
|player|p1|
|l|☆leanpro
|player|p2|
