|j|☆jelynfish
|j|☆linclown
|t:|1760410856
|gametype|singles
|player|p1|jelynfish|miku-ghost|1454
|player|p2|linclown|miku-ghost|1474
|gen|9
|tier|[Gen 9] OU
|rated|
|rule|HP Percentage Mod: HP is shown in percentages
|rule|Endless Battle Clause: Forcing endless battles is banned
|rule|Species Clause: Limit one of each Pokémon
|rule|OHKO Clause: OHKO moves are banned
|rule|Evasion Items Clause: Evasion items are banned
|rule|Evasion Moves Clause: Evasion moves are banned
|rule|Evasion Abilities Clause: Evasion abilities are banned
|rule|Sleep Moves Clause: Sleep-inducing moves are banned
|clearpoke
|poke|p1|Pelipper, F|
|poke|p1|Iron Treads|
|poke|p1|Hatterene, F|
|poke|p1|Toxicroak, M|
|poke|p1|Barraskewda, F|
|poke|p1|Talonflame, M|
|poke|p2|Mandibuzz, F|
|poke|p2|Reuniclus, F|
|poke|p2|Ogerpon-Wellspring, F|
|poke|p2|Tinkaton, F|
|poke|p2|Ting-Lu|
|poke|p2|Slowking-Galar, M|
|teampreview
|inactive|Battle timer is ON: inactive players will automatically lose when time's up. (requested by linclown)
|
|t:|1760410863
|teamsize|p1|6
|teamsize|p2|6
|start
|switch|p1a: Pelipper|Pelipper, F|100/100
|switch|p2a: Ogerpon|Ogerpon-Wellspring, F|100/100
|-weather|RainDance|[from] ability: Drizzle|[of] p1a: Pelipper
|turn|1
|
|t:|1760410867
|switch|p1a: Toxicroak|Toxicroak, M|100/100
|-terastallize|p2a: Ogerpon|Water
|detailschange|p2a: Ogerpon|Ogerpon-Wellspring-Tera, F, tera:Water
|-ability|p2a: Ogerpon|Embody Aspect (Wellspring)|boost
|-boost|p2a: Ogerpon|spd|1
|move|p2a: Ogerpon|Ivy Cudgel|p1a: Toxicroak|[anim] Ivy Cudgel Water
|-immune|p1a: Toxicroak|[from] ability: Dry Skin
|
|-weather|RainDance|[upkeep]
|upkeep
|turn|2
|
|t:|1760410874
|move|p2a: Ogerpon|U-turn|p1a: Toxicroak
|-resisted|p1a: Toxicroak
|-damage|p1a: Toxicroak|94/100
|-damage|p2a: Ogerpon|84/100|[from] item: Rocky Helmet|[of] p1a: Toxicroak
|
|t:|1760410884
|switch|p2a: Slowking|Slowking-Galar, M|100/100|[from] U-turn
|move|p1a: Toxicroak|Toxic|p2a: Slowking
|-immune|p2a: Slowking
|
|-weather|RainDance|[upkeep]
|-heal|p1a: Toxicroak|100/100|[from] ability: Dry Skin
|upkeep
|turn|3
|
|t:|1760410889
|move|p1a: Toxicroak|Knock Off|p2a: Slowking
|-supereffective|p2a: Slowking
|-damage|p2a: Slowking|50/100
|-enditem|p2a: Slowking|Assault Vest|[from] move: Knock Off|[of] p1a: Toxicroak
|move|p2a: Slowking|Future Sight|p1a: Toxicroak
|-start|p2a: Slowking|move: Future Sight
|
|-weather|RainDance|[upkeep]
|upkeep
|turn|4
|
|t:|1760410896
|switch|p2a: Tinkaton|Tinkaton, F|100/100
|-ability|p2a: Tinkaton|Mold Breaker
|move|p1a: Toxicroak|Knock Off|p2a: Tinkaton
|-resisted|p2a: Tinkaton
|-damage|p2a: Tinkaton|87/100
|-enditem|p2a: Tinkaton|Leftovers|[from] move: Knock Off|[of] p1a: Toxicroak
|
|-weather|RainDance|[upkeep]
|upkeep
|turn|5
|
|t:|1760410921
|switch|p1a: Hatterene|Hatterene, F|100/100
|move|p2a: Tinkaton|Knock Off|p1a: Hatterene
|-damage|p1a: Hatterene|85/100
|-enditem|p1a: Hatterene|Eject Button|[from] move: Knock Off|[of] p2a: Tinkaton
|
|-weather|RainDance|[upkeep]
|-end|p1a: Hatterene|move: Future Sight
|-resisted|p1a: Hatterene
|-damage|p1a: Hatterene|54/100
|upkeep
|turn|6
|
|t:|1760410930
|switch|p1a: Iron Treads|Iron Treads|100/100
|move|p2a: Tinkaton|Gigaton Hammer|p1a: Iron Treads
|-resisted|p1a: Iron Treads
|-crit|p1a: Iron Treads
|-damage|p1a: Iron Treads|77/100
|
|-weather|RainDance|[upkeep]
|-heal|p1a: Iron Treads|83/100|[from] item: Leftovers
|upkeep
|turn|7
|
|t:|1760410935
|switch|p2a: Ting-Lu|Ting-Lu|100/100
|-ability|p2a: Ting-Lu|Vessel of Ruin
|move|p1a: Iron Treads|Stealth Rock|p2a: Ting-Lu
|-sidestart|p2: linclown|move: Stealth Rock
|
|-weather|RainDance|[upkeep]
|-heal|p1a: Iron Treads|89/100|[from] item: Leftovers
|upkeep
|turn|8
|
|t:|1760410947
|-end|p1a: Iron Treads|Quark Drive|[silent]
|switch|p1a: Talonflame|Talonflame, M|100/100
|move|p2a: Ting-Lu|Stealth Rock|p1a: Talonflame
|-sidestart|p1: jelynfish|move: Stealth Rock
|
|-weather|none
|upkeep
|turn|9
|
|t:|1760410958
|switch|p2a: Reuniclus|Reuniclus, F|100/100
|move|p1a: Talonflame|U-turn|p2a: Reuniclus
|-supereffective|p2a: Reuniclus
|-damage|p2a: Reuniclus|76/100
|
|t:|1760410963
|switch|p1a: Iron Treads|Iron Treads|89/100|[from] U-turn
|-damage|p1a: Iron Treads|86/100|[from] Stealth Rock
|
|-heal|p1a: Iron Treads|92/100|[from] item: Leftovers
|upkeep
|turn|10
|
|t:|1760410969
|move|p1a: Iron Treads|Rapid Spin|p2a: Reuniclus
|-damage|p2a: Reuniclus|62/100
|-boost|p1a: Iron Treads|spe|1
|-sideend|p1: jelynfish|Stealth Rock|[from] move: Rapid Spin|[of] p1a: Iron Treads
|move|p2a: Reuniclus|Focus Blast|p1a: Iron Treads
|-supereffective|p1a: Iron Treads
|-damage|p1a: Iron Treads|0 fnt
|faint|p1a: Iron Treads
|-end|p1a: Iron Treads|Quark Drive|[silent]
|
|upkeep
|
|t:|1760410976
|switch|p1a: Barraskewda|Barraskewda, F|100/100
|turn|11
|
|t:|1760410983
|switch|p2a: Mandibuzz|Mandibuzz, F|100/100
|move|p1a: Barraskewda|Flip Turn|p2a: Mandibuzz
|-damage|p2a: Mandibuzz|74/100
|
|t:|1760410986
|switch|p1a: Pelipper|Pelipper, F|100/100|[from] Flip Turn
|-weather|RainDance|[from] ability: Drizzle|[of] p1a: Pelipper
|
|-weather|RainDance|[upkeep]
|upkeep
|turn|12
|
|t:|1760411000
|switch|p1a: Hatterene|Hatterene, F|54/100
|move|p2a: Mandibuzz|Toxic|p1a: Hatterene
|move|p1a: Hatterene|Toxic|p2a: Mandibuzz|[from] ability: Magic Bounce
|-status|p2a: Mandibuzz|tox
|
|-weather|RainDance|[upkeep]
|-damage|p2a: Mandibuzz|68/100 tox|[from] psn
|upkeep
|turn|13
|
|t:|1760411012
|switch|p2a: Tinkaton|Tinkaton, F|87/100
|-damage|p2a: Tinkaton|81/100|[from] Stealth Rock
|-ability|p2a: Tinkaton|Mold Breaker
|move|p1a: Hatterene|Draining Kiss|p2a: Tinkaton
|-resisted|p2a: Tinkaton
|-damage|p2a: Tinkaton|71/100
|-heal|p1a: Hatterene|63/100|[from] drain|[of] p2a: Tinkaton
|
|-weather|RainDance|[upkeep]
|upkeep
|turn|14
|
|t:|1760411020
|switch|p1a: Toxicroak|Toxicroak, M|100/100
|move|p2a: Tinkaton|Thunder Wave|p1a: Toxicroak
|-status|p1a: Toxicroak|par
|
|-weather|RainDance|[upkeep]
|upkeep
|turn|15
|
|t:|1760411027
|move|p2a: Tinkaton|Gigaton Hammer|p1a: Toxicroak
|-damage|p1a: Toxicroak|65/100 par
|move|p1a: Toxicroak|Drain Punch|p2a: Tinkaton
|-damage|p2a: Tinkaton|40/100
|-heal|p1a: Toxicroak|81/100 par|[from] drain|[of] p2a: Tinkaton
|
|-weather|RainDance|[upkeep]
|-heal|p1a: Toxicroak|93/100 par|[from] ability: Dry Skin
|upkeep
|turn|16
|
|t:|1760411043
|switch|p2a: Slowking|Slowking-Galar, M|83/100
|-damage|p2a: Slowking|71/100|[from] Stealth Rock
|move|p1a: Toxicroak|Drain Punch|p2a: Slowking
|-resisted|p2a: Slowking
|-damage|p2a: Slowking|63/100
|-heal|p1a: Toxicroak|97/100 par|[from] drain|[of] p2a: Slowking
|
|-weather|RainDance|[upkeep]
|-heal|p1a: Toxicroak|100/100 par|[from] ability: Dry Skin
|upkeep
|turn|17
|
|t:|1760411050
|switch|p1a: Barraskewda|Barraskewda, F|100/100
|move|p2a: Slowking|Future Sight|p1a: Barraskewda
|-start|p2a: Slowking|move: Future Sight
|
|-weather|RainDance|[upkeep]
|upkeep
|turn|18
|
|t:|1760411061
|switch|p2a: Mandibuzz|Mandibuzz, F|68/100 tox
|move|p1a: Barraskewda|Flip Turn|p2a: Mandibuzz
|-damage|p2a: Mandibuzz|29/100 tox
|
|t:|1760411064
|switch|p1a: Talonflame|Talonflame, M|100/100|[from] Flip Turn
|
|-weather|none
|-damage|p2a: Mandibuzz|23/100 tox|[from] psn
|upkeep
|turn|19
|
|t:|1760411087
|move|p1a: Talonflame|Overheat|p2a: Mandibuzz
|-damage|p2a: Mandibuzz|0 fnt
|-unboost|p1a: Talonflame|spa|2
|faint|p2a: Mandibuzz
|
|-end|p1a: Talonflame|move: Future Sight
|-damage|p1a: Talonflame|9/100
|upkeep
|inactive|linclown has 120 seconds left.
|
|t:|1760411104
|switch|p2a: Reuniclus|Reuniclus, F|62/100
|turn|20
|
|t:|1760411109
|switch|p1a: Pelipper|Pelipper, F|100/100
|-weather|RainDance|[from] ability: Drizzle|[of] p1a: Pelipper
|move|p2a: Reuniclus|Trick Room|p2a: Reuniclus
|-fieldstart|move: Trick Room|[of] p2a: Reuniclus
|
|-weather|RainDance|[upkeep]
|upkeep
|turn|21
|
|t:|1760411120
|move|p2a: Reuniclus|Psychic|p1a: Pelipper
|-damage|p1a: Pelipper|32/100
|move|p1a: Pelipper|Surf|p2a: Reuniclus
|-damage|p2a: Reuniclus|24/100
|
|-weather|RainDance|[upkeep]
|upkeep
|turn|22
|
|t:|1760411128
|switch|p1a: Toxicroak|Toxicroak, M|100/100 par
|move|p2a: Reuniclus|Recover|p2a: Reuniclus
|-heal|p2a: Reuniclus|74/100
|
|-weather|RainDance|[upkeep]
|upkeep
|turn|23
|
|t:|1760411134
|move|p2a: Reuniclus|Psychic|p1a: Toxicroak
|-supereffective|p1a: Toxicroak
|-damage|p1a: Toxicroak|0 fnt
|faint|p1a: Toxicroak
|
|-weather|RainDance|[upkeep]
|upkeep
|
|t:|1760411137
|switch|p1a: Hatterene|Hatterene, F|63/100
|turn|24
|
|t:|1760411143
|switch|p2a: Slowking|Slowking-Galar, M|96/100
|-damage|p2a: Slowking|84/100|[from] Stealth Rock
|-terastallize|p1a: Hatterene|Steel
|move|p1a: Hatterene|Healing Wish|p1a: Hatterene
|faint|p1a: Hatterene
|
|-weather|RainDance|[upkeep]
|-fieldend|move: Trick Room
|upkeep
|
|t:|1760411146
|switch|p1a: Talonflame|Talonflame, M|9/100
|-heal|p1a: Talonflame|100/100|[from] move: Healing Wish
|turn|25
|
|t:|1760411150
|move|p1a: Talonflame|U-turn|p2a: Slowking
|-damage|p2a: Slowking|72/100
|
|t:|1760411152
|switch|p1a: Barraskewda|Barraskewda, F|100/100|[from] U-turn
|move|p2a: Slowking|Future Sight|p1a: Barraskewda
|-start|p2a: Slowking|move: Future Sight
|
|-weather|RainDance|[upkeep]
|upkeep
|turn|26
|
|t:|1760411165
|switch|p2a: Tinkaton|Tinkaton, F|40/100
|-damage|p2a: Tinkaton|34/100|[from] Stealth Rock
|-ability|p2a: Tinkaton|Mold Breaker
|move|p1a: Barraskewda|Close Combat|p2a: Tinkaton
|-damage|p2a: Tinkaton|0 fnt
|-unboost|p1a: Barraskewda|def|1
|-unboost|p1a: Barraskewda|spd|1
|faint|p2a: Tinkaton
|
|-weather|RainDance|[upkeep]
|upkeep
|
|t:|1760411170
|switch|p2a: Slowking|Slowking-Galar, M|100/100
|-damage|p2a: Slowking|88/100|[from] Stealth Rock
|turn|27
|
|t:|1760411173
|switch|p1a: Talonflame|Talonflame, M|100/100
|move|p2a: Slowking|Sludge Bomb|p1a: Talonflame
|-damage|p1a: Talonflame|30/100
|
|-weather|none
|-end|p1a: Talonflame|move: Future Sight
|-crit|p1a: Talonflame
|-damage|p1a: Talonflame|0 fnt
|faint|p1a: Talonflame
|upkeep
|
|t:|1760411176
|switch|p1a: Pelipper|Pelipper, F|32/100
|-weather|RainDance|[from] ability: Drizzle|[of] p1a: Pelipper
|turn|28
|
|t:|1760411180
|move|p1a: Pelipper|Roost|p1a: Pelipper
|-heal|p1a: Pelipper|82/100
|-singleturn|p1a: Pelipper|move: Roost
|move|p2a: Slowking|Future Sight|p1a: Pelipper
|-start|p2a: Slowking|move: Future Sight
|
|-weather|RainDance|[upkeep]
|upkeep
|turn|29
|
|t:|1760411185
|move|p1a: Pelipper|Hurricane|p2a: Slowking
|-damage|p2a: Slowking|61/100
|move|p2a: Slowking|Sludge Bomb|p1a: Pelipper
|-damage|p1a: Pelipper|40/100
|-status|p1a: Pelipper|psn
|
|-weather|RainDance|[upkeep]
|-damage|p1a: Pelipper|27/100 psn|[from] psn
|upkeep
|turn|30
|
|t:|1760411194
|switch|p2a: Ting-Lu|Ting-Lu|100/100
|-damage|p2a: Ting-Lu|94/100|[from] Stealth Rock
|-ability|p2a: Ting-Lu|Vessel of Ruin
|move|p1a: Pelipper|Hurricane|p2a: Ting-Lu
|-damage|p2a: Ting-Lu|79/100
|-start|p2a: Ting-Lu|confusion
|
|-weather|RainDance|[upkeep]
|-end|p1a: Pelipper|move: Future Sight
|-damage|p1a: Pelipper|0 fnt
|faint|p1a: Pelipper
|-heal|p2a: Ting-Lu|85/100|[from] item: Leftovers
|upkeep
|-message|jelynfish forfeited.
|
|win|linclown
|raw|jelynfish's rating: 1454 &rarr; <strong>1435</strong><br />(-19 for losing)
|raw|linclown's rating: 1474 &rarr; <strong>1493</strong><br />(+19 for winning)
|l|☆jelynfish
|player|p1|
|l|☆linclown
|player|p2|
