|j|☆Swayn
|j|☆Nymphex680
|t:|1760432070
|gametype|singles
|player|p1|Swayn|kimonogirl|1167
|player|p2|Nymphex680|2|1173
|gen|9
|tier|[Gen 9] OU
|rated|
|rule|HP Percentage Mod: HP is shown in percentages
|rule|Endless Battle Clause: Forcing endless battles is banned
|rule|Species Clause: Limit one of each Pokémon
|rule|OHKO Clause: OHKO moves are banned
|rule|Evasion Items Clause: Evasion items are banned
|rule|Evasion Moves Clause: Evasion moves are banned
|rule|Evasion Abilities Clause: Evasion abilities are banned
|rule|Sleep Moves Clause: Sleep-inducing moves are banned
|clearpoke
|poke|p1|Gardevoir, F|
|poke|p1|Milotic, F|
|poke|p1|Infernape, M|
|poke|p1|Garchomp, F|
|poke|p1|Gengar, M|
|poke|p1|Gliscor, M|
|poke|p2|Indeedee, M|
|poke|p2|Hatterene, F|
|poke|p2|Ursaluna, F|
|poke|p2|Iron Hands|
|poke|p2|Hoopa-Unbound|
|poke|p2|Mimikyu, M|
|teampreview
|inactive|Battle timer is ON: inactive players will automatically lose when time's up. (requested by Nymphex680)
|
|t:|1760432080
|teamsize|p1|6
|teamsize|p2|6
|start
|switch|p1a: Gengar|Gengar, M|100/100
|switch|p2a: Quan(H!|Iron Hands, shiny|100/100
|-enditem|p2a: Quan(H!|Booster Energy
|-activate|p2a: Quan(H!|ability: Quark Drive|[fromitem]
|-start|p2a: Quan(H!|quarkdriveatk
|turn|1
|
|t:|1760432097
|move|p1a: Gengar|Shadow Ball|p2a: Quan(H!
|-damage|p2a: Quan(H!|53/100
|-damage|p1a: Gengar|91/100|[from] item: Life Orb
|move|p2a: Quan(H!|Ice Punch|p1a: Gengar
|-damage|p1a: Gengar|2/100
|
|upkeep
|turn|2
|
|t:|1760432110
|move|p1a: Gengar|Sludge Bomb|p2a: Quan(H!
|-damage|p2a: Quan(H!|1/100
|-status|p2a: Quan(H!|psn
|-damage|p1a: Gengar|0 fnt|[from] item: Life Orb
|faint|p1a: Gengar
|move|p2a: Quan(H!|Ice Punch|p1: Gengar|[notarget]
|-fail|p2a: Quan(H!
|
|-damage|p2a: Quan(H!|0 fnt|[from] psn
|faint|p2a: Quan(H!
|-end|p2a: Quan(H!|Quark Drive|[silent]
|upkeep
|
|t:|1760432125
|switch|p1a: Gliscor|Gliscor, M|100/100
|switch|p2a: Come@me|Indeedee, M, shiny|100/100
|-fieldstart|move: Psychic Terrain|[from] ability: Psychic Surge|[of] p2a: Come@me
|turn|3
|
|t:|1760432136
|move|p1a: Gliscor|Toxic|p2a: Come@me|[miss]
|-miss|p1a: Gliscor|p2a: Come@me
|move|p2a: Come@me|Trick Room|p2a: Come@me
|-fieldstart|move: Trick Room|[of] p2a: Come@me
|
|-status|p1a: Gliscor|tox|[from] item: Toxic Orb
|upkeep
|turn|4
|inactive|Nymphex680 has 120 seconds left.
|
|t:|1760432159
|move|p2a: Come@me|Expanding Force|p1a: Gliscor
|-damage|p1a: Gliscor|45/100 tox
|move|p1a: Gliscor|Toxic|p2a: Come@me
|-status|p2a: Come@me|tox
|
|-damage|p2a: Come@me|94/100 tox|[from] psn
|-heal|p1a: Gliscor|57/100 tox|[from] ability: Poison Heal
|upkeep
|turn|5
|inactive|Nymphex680 has 120 seconds left.
|inactive|Swayn has 120 seconds left.
|
|t:|1760432192
|switch|p2a: Ub3@r|Ursaluna, F, shiny|100/100
|move|p1a: Gliscor|Acrobatics|p2a: Ub3@r
|-damage|p2a: Ub3@r|87/100
|
|-heal|p1a: Gliscor|69/100 tox|[from] ability: Poison Heal
|-status|p2a: Ub3@r|brn|[from] item: Flame Orb
|upkeep
|turn|6
|inactive|Swayn has 120 seconds left.
|inactive|Nymphex680 has 120 seconds left.
|
|t:|1760432217
|switch|p1a: Infernape|Infernape, M|100/100
|-terastallize|p2a: Ub3@r|Normal
|move|p2a: Ub3@r|Facade|p1a: Infernape
|-damage|p1a: Infernape|0 fnt
|faint|p1a: Infernape
|
|-damage|p2a: Ub3@r|81/100 brn|[from] brn
|upkeep
|
|t:|1760432236
|switch|p1a: Gardevoir|Gardevoir, F, shiny|100/100
|turn|7
|
|t:|1760432240
|move|p2a: Ub3@r|Facade|p1a: Gardevoir
|-damage|p1a: Gardevoir|0 fnt
|faint|p1a: Gardevoir
|
|-damage|p2a: Ub3@r|75/100 brn|[from] brn
|-fieldend|move: Trick Room
|upkeep
|
|t:|1760432251
|switch|p1a: Garchomp|Garchomp, F|100/100
|turn|8
|
|t:|1760432262
|switch|p2a: Come@me|Indeedee, M, shiny|94/100 tox
|move|p1a: Garchomp|Outrage|p2a: Come@me
|-damage|p2a: Come@me|25/100 tox
|
|-damage|p2a: Come@me|18/100 tox|[from] psn
|upkeep
|turn|9
|
|t:|1760432272
|switch|p2a: W!tch|Hatterene, F, shiny|100/100
|move|p1a: Garchomp|Outrage|p2a: W!tch|[from] lockedmove
|-immune|p2a: W!tch
|-start|p1a: Garchomp|confusion|[fatigue]
|
|upkeep
|turn|10
|inactive|Swayn has 120 seconds left.
|
|t:|1760432287
|switch|p1a: Gliscor|Gliscor, M|69/100 tox
|move|p2a: W!tch|Expanding Force|p1a: Gliscor
|-damage|p1a: Gliscor|0 fnt
|faint|p1a: Gliscor
|-damage|p2a: W!tch|91/100|[from] item: Life Orb
|
|-fieldend|move: Psychic Terrain
|upkeep
|inactive|Swayn has 120 seconds left.
|
|t:|1760432294
|switch|p1a: Milotic|Milotic, F|100/100
|turn|11
|
|t:|1760432301
|move|p1a: Milotic|Hydro Pump|p2a: W!tch
|-damage|p2a: W!tch|48/100
|move|p2a: W!tch|Trick Room|p2a: W!tch
|-fieldstart|move: Trick Room|[of] p2a: W!tch
|
|upkeep
|turn|12
|
|t:|1760432309
|move|p2a: W!tch|Draining Kiss|p1a: Milotic
|-damage|p1a: Milotic|78/100
|-heal|p2a: W!tch|68/100|[from] drain|[of] p1a: Milotic
|-damage|p2a: W!tch|58/100|[from] item: Life Orb
|move|p1a: Milotic|Hydro Pump|p2a: W!tch
|-damage|p2a: W!tch|10/100
|
|-heal|p1a: Milotic|84/100|[from] item: Leftovers
|upkeep
|turn|13
|
|t:|1760432322
|move|p2a: W!tch|Expanding Force|p1a: Milotic
|-damage|p1a: Milotic|48/100
|-damage|p2a: W!tch|0 fnt|[from] item: Life Orb
|faint|p2a: W!tch
|move|p1a: Milotic|Ice Beam|p2: W!tch|[notarget]
|-fail|p1a: Milotic
|
|-heal|p1a: Milotic|54/100|[from] item: Leftovers
|upkeep
|
|t:|1760432332
|switch|p2a: Ub3@r|Ursaluna, F, shiny, tera:Normal|75/100 brn
|turn|14
|
|t:|1760432340
|move|p2a: Ub3@r|Facade|p1a: Milotic
|-damage|p1a: Milotic|0 fnt
|faint|p1a: Milotic
|
|-damage|p2a: Ub3@r|69/100 brn|[from] brn
|upkeep
|
|t:|1760432345
|switch|p1a: Garchomp|Garchomp, F|100/100
|turn|15
|
|t:|1760432357
|move|p2a: Ub3@r|Facade|p1a: Garchomp
|-damage|p1a: Garchomp|0 fnt
|-damage|p2a: Ub3@r|56/100 brn|[from] ability: Rough Skin|[of] p1a: Garchomp
|-damage|p2a: Ub3@r|40/100 brn|[from] item: Rocky Helmet|[of] p1a: Garchomp
|faint|p1a: Garchomp
|
|win|Nymphex680
|raw|Swayn's rating: 1167 &rarr; <strong>1142</strong><br />(-25 for losing)
|raw|Nymphex680's rating: 1173 &rarr; <strong>1198</strong><br />(+25 for winning)
|l|☆Swayn
|player|p1|
|l|☆Nymphex680
|player|p2|
