|j|☆Arcadia Dominus
|j|☆bigtestsofbig
|t:|1760447939
|gametype|singles
|player|p1|Arcadia Dominus|red-masters2|1543
|player|p2|bigtestsofbig|1|1541
|gen|9
|tier|[Gen 9] OU
|rated|
|rule|HP Percentage Mod: HP is shown in percentages
|rule|Endless Battle Clause: Forcing endless battles is banned
|rule|Species Clause: Limit one of each Pokémon
|rule|OHKO Clause: OHKO moves are banned
|rule|Evasion Items Clause: Evasion items are banned
|rule|Evasion Moves Clause: Evasion moves are banned
|rule|Evasion Abilities Clause: Evasion abilities are banned
|rule|Sleep Moves Clause: Sleep-inducing moves are banned
|clearpoke
|poke|p1|Rillaboom, M|
|poke|p1|Hawlucha, M|
|poke|p1|Gholdengo|
|poke|p1|Manaphy|
|poke|p1|Ursaluna, M|
|poke|p1|Raging Bolt|
|poke|p2|Garchomp, F|
|poke|p2|Iron Moth|
|poke|p2|Rotom-Wash|
|poke|p2|Corviknight, M|
|poke|p2|Dragonite, M|
|poke|p2|Garganacl, F|
|teampreview
|inactive|Battle timer is ON: inactive players will automatically lose when time's up. (requested by Arcadia Dominus)
|
|t:|1760447947
|teamsize|p1|6
|teamsize|p2|6
|start
|switch|p1a: The Domain|Rillaboom, M, shiny|100/100
|switch|p2a: Garchomp|Garchomp, F|100/100
|-fieldstart|move: Grassy Terrain|[from] ability: Grassy Surge|[of] p1a: The Domain
|turn|1
|
|t:|1760447957
|switch|p2a: Corviknight|Corviknight, M|100/100
|-ability|p2a: Corviknight|Pressure
|move|p1a: The Domain|Swords Dance|p1a: The Domain
|-boost|p1a: The Domain|atk|2
|
|upkeep
|turn|2
|
|t:|1760447965
|move|p1a: The Domain|Knock Off|p2a: Corviknight
|-damage|p2a: Corviknight|54/100
|-damage|p1a: The Domain|84/100|[from] item: Rocky Helmet|[of] p2a: Corviknight
|-enditem|p2a: Corviknight|Rocky Helmet|[from] move: Knock Off|[of] p1a: The Domain
|move|p2a: Corviknight|Defog|p1a: The Domain
|-unboost|p1a: The Domain|evasion|1
|-fieldend|move: Grassy Terrain
|
|upkeep
|turn|3
|
|t:|1760447987
|switch|p1a: The Gholden Shower|Gholdengo|100/100
|move|p2a: Corviknight|Roost|p2a: Corviknight
|-heal|p2a: Corviknight|100/100
|-singleturn|p2a: Corviknight|move: Roost
|
|upkeep
|turn|4
|
|t:|1760447994
|switch|p1a: The Domain|Rillaboom, M, shiny|84/100
|-fieldstart|move: Grassy Terrain|[from] ability: Grassy Surge|[of] p1a: The Domain
|move|p2a: Corviknight|U-turn|p1a: The Domain
|-supereffective|p1a: The Domain
|-damage|p1a: The Domain|55/100
|
|t:|1760448000
|switch|p2a: Iron Moth|Iron Moth|100/100|[from] U-turn
|
|-heal|p1a: The Domain|61/100|[from] Grassy Terrain
|upkeep
|turn|5
|
|t:|1760448013
|switch|p1a: The Bear|Ursaluna, M|100/100
|-enditem|p1a: The Bear|Grassy Seed
|-boost|p1a: The Bear|def|1|[from] item: Grassy Seed
|move|p2a: Iron Moth|Fiery Dance|p1a: The Bear
|-damage|p1a: The Bear|56/100
|
|-heal|p1a: The Bear|62/100|[from] Grassy Terrain
|upkeep
|turn|6
|
|t:|1760448024
|-end|p2a: Iron Moth|Quark Drive|[silent]
|switch|p2a: Corviknight|Corviknight, M|100/100
|-ability|p2a: Corviknight|Pressure
|move|p1a: The Bear|Swords Dance|p1a: The Bear
|-boost|p1a: The Bear|atk|2
|
|-heal|p1a: The Bear|69/100|[from] Grassy Terrain
|upkeep
|turn|7
|
|t:|1760448029
|-terastallize|p1a: The Bear|Fairy
|move|p2a: Corviknight|Body Press|p1a: The Bear
|-resisted|p1a: The Bear
|-damage|p1a: The Bear|62/100
|move|p1a: The Bear|Swords Dance|p1a: The Bear
|-boost|p1a: The Bear|atk|2
|
|-heal|p1a: The Bear|69/100|[from] Grassy Terrain
|upkeep
|turn|8
|
|t:|1760448036
|move|p2a: Corviknight|Defog|p1a: The Bear
|-unboost|p1a: The Bear|evasion|1
|-fieldend|move: Grassy Terrain
|move|p1a: The Bear|Drain Punch|p2a: Corviknight
|-damage|p2a: Corviknight|56/100
|-heal|p1a: The Bear|88/100|[from] drain|[of] p2a: Corviknight
|
|upkeep
|turn|9
|
|t:|1760448052
|move|p2a: Corviknight|Body Press|p1a: The Bear
|-resisted|p1a: The Bear
|-damage|p1a: The Bear|81/100
|move|p1a: The Bear|Swords Dance|p1a: The Bear
|-boost|p1a: The Bear|atk|2
|
|upkeep
|turn|10
|
|t:|1760448055
|move|p2a: Corviknight|Body Press|p1a: The Bear
|-resisted|p1a: The Bear
|-damage|p1a: The Bear|75/100
|move|p1a: The Bear|Drain Punch|p2a: Corviknight
|-damage|p2a: Corviknight|0 fnt
|-heal|p1a: The Bear|99/100|[from] drain|[of] p2a: Corviknight
|faint|p2a: Corviknight
|
|upkeep
|
|t:|1760448064
|switch|p2a: Iron Moth|Iron Moth|100/100
|turn|11
|
|t:|1760448067
|move|p2a: Iron Moth|Sludge Wave|p1a: The Bear
|-supereffective|p1a: The Bear
|-damage|p1a: The Bear|0 fnt
|faint|p1a: The Bear
|
|upkeep
|
|t:|1760448076
|switch|p1a: The Gholden Shower|Gholdengo|100/100
|turn|12
|
|t:|1760448081
|-end|p2a: Iron Moth|Quark Drive|[silent]
|switch|p2a: Rotom|Rotom-Wash|100/100
|move|p1a: The Gholden Shower|Nasty Plot|p1a: The Gholden Shower
|-boost|p1a: The Gholden Shower|spa|2
|
|upkeep
|turn|13
|
|t:|1760448107
|move|p2a: Rotom|Hydro Pump|p1a: The Gholden Shower
|-damage|p1a: The Gholden Shower|49/100
|move|p1a: The Gholden Shower|Shadow Ball|p2a: Rotom
|-damage|p2a: Rotom|0 fnt
|faint|p2a: Rotom
|
|upkeep
|inactive|bigtestsofbig has 120 seconds left.
|
|t:|1760448123
|switch|p2a: Iron Moth|Iron Moth|100/100
|turn|14
|
|t:|1760448136
|switch|p1a: The Domain|Rillaboom, M, shiny|61/100
|-fieldstart|move: Grassy Terrain|[from] ability: Grassy Surge|[of] p1a: The Domain
|move|p2a: Iron Moth|Fiery Dance|p1a: The Domain
|-supereffective|p1a: The Domain
|-damage|p1a: The Domain|0 fnt
|faint|p1a: The Domain
|
|upkeep
|
|t:|1760448142
|switch|p1a: The Deceiver|Manaphy, shiny|100/100
|-enditem|p1a: The Deceiver|Grassy Seed
|-boost|p1a: The Deceiver|def|1|[from] item: Grassy Seed
|turn|15
|
|t:|1760448153
|-end|p2a: Iron Moth|Quark Drive|[silent]
|switch|p2a: Garganacl|Garganacl, F|100/100
|move|p1a: The Deceiver|Tail Glow|p1a: The Deceiver
|-boost|p1a: The Deceiver|spa|3
|
|upkeep
|turn|16
|
|t:|1760448158
|move|p1a: The Deceiver|Energy Ball|p2a: Garganacl
|-supereffective|p2a: Garganacl
|-damage|p2a: Garganacl|0 fnt
|faint|p2a: Garganacl
|
|upkeep
|
|t:|1760448167
|switch|p2a: Iron Moth|Iron Moth|100/100
|turn|17
|
|t:|1760448172
|move|p2a: Iron Moth|Energy Ball|p1a: The Deceiver
|-supereffective|p1a: The Deceiver
|-damage|p1a: The Deceiver|0 fnt
|faint|p1a: The Deceiver
|
|upkeep
|
|t:|1760448178
|switch|p1a: The Ascendant|Hawlucha, M, shiny|100/100
|-enditem|p1a: The Ascendant|Grassy Seed
|-boost|p1a: The Ascendant|def|1|[from] item: Grassy Seed
|turn|18
|
|t:|1760448193
|move|p1a: The Ascendant|Swords Dance|p1a: The Ascendant
|-boost|p1a: The Ascendant|atk|2
|move|p2a: Iron Moth|Energy Ball|p1a: The Ascendant
|-resisted|p1a: The Ascendant
|-damage|p1a: The Ascendant|58/100
|
|upkeep
|turn|19
|
|t:|1760448202
|move|p1a: The Ascendant|Acrobatics|p2a: Iron Moth
|-damage|p2a: Iron Moth|0 fnt
|faint|p2a: Iron Moth
|-end|p2a: Iron Moth|Quark Drive|[silent]
|
|upkeep
|
|t:|1760448206
|switch|p2a: Dragonite|Dragonite, M|100/100
|turn|20
|
|t:|1760448214
|-terastallize|p2a: Dragonite|Fairy
|move|p1a: The Ascendant|Acrobatics|p2a: Dragonite
|-damage|p2a: Dragonite|43/100
|move|p2a: Dragonite|Tera Blast|p1a: The Ascendant|[anim] Tera Blast Fairy
|-supereffective|p1a: The Ascendant
|-damage|p1a: The Ascendant|0 fnt
|faint|p1a: The Ascendant
|
|-heal|p2a: Dragonite|49/100|[from] Grassy Terrain
|upkeep
|
|t:|1760448222
|switch|p1a: The Gholden Shower|Gholdengo|49/100
|-enditem|p1a: The Gholden Shower|Grassy Seed
|-boost|p1a: The Gholden Shower|def|1|[from] item: Grassy Seed
|turn|21
|
|t:|1760448229
|switch|p1a: The Monolith|Raging Bolt|100/100
|-enditem|p1a: The Monolith|Grassy Seed
|-boost|p1a: The Monolith|def|1|[from] item: Grassy Seed
|move|p2a: Dragonite|Earthquake|p1a: The Monolith
|-supereffective|p1a: The Monolith
|-damage|p1a: The Monolith|77/100
|
|-heal|p2a: Dragonite|55/100|[from] Grassy Terrain
|-heal|p1a: The Monolith|83/100|[from] Grassy Terrain
|-fieldend|move: Grassy Terrain
|upkeep
|turn|22
|
|t:|1760448245
|move|p2a: Dragonite|Tera Blast|p1a: The Monolith|[anim] Tera Blast Fairy
|-supereffective|p1a: The Monolith
|-damage|p1a: The Monolith|25/100
|move|p1a: The Monolith|Thunderbolt|p2a: Dragonite
|-damage|p2a: Dragonite|0 fnt
|faint|p2a: Dragonite
|
|upkeep
|
|t:|1760448251
|switch|p2a: Garchomp|Garchomp, F|100/100
|turn|23
|c|☆Arcadia Dominus|Gg
|
|t:|1760448255
|move|p2a: Garchomp|Earthquake|p1a: The Monolith
|-supereffective|p1a: The Monolith
|-damage|p1a: The Monolith|0 fnt
|faint|p1a: The Monolith
|-end|p1a: The Monolith|Protosynthesis|[silent]
|-damage|p2a: Garchomp|91/100|[from] item: Life Orb
|
|upkeep
|
|t:|1760448257
|switch|p1a: The Gholden Shower|Gholdengo|49/100
|turn|24
|
|t:|1760448259
|move|p2a: Garchomp|Earthquake|p1a: The Gholden Shower
|-supereffective|p1a: The Gholden Shower
|-damage|p1a: The Gholden Shower|0 fnt
|faint|p1a: The Gholden Shower
|-damage|p2a: Garchomp|81/100|[from] item: Life Orb
|
|win|bigtestsofbig
|raw|Arcadia Dominus's rating: 1543 &rarr; <strong>1523</strong><br />(-20 for losing)
|raw|bigtestsofbig's rating: 1541 &rarr; <strong>1561</strong><br />(+20 for winning)
|l|☆bigtestsofbig
|player|p2|
|l|☆Arcadia Dominus
|player|p1|
