|j|☆Acastillo631
|j|☆CaptainOrb
|t:|1760452417
|gametype|singles
|player|p1|Acastillo631|silver|1580
|player|p2|CaptainOrb|hilbert-wonderlauncher|1527
|gen|9
|tier|[Gen 9] OU
|rated|
|rule|HP Percentage Mod: HP is shown in percentages
|rule|Endless Battle Clause: Forcing endless battles is banned
|rule|Species Clause: Limit one of each Pokémon
|rule|OHKO Clause: OHKO moves are banned
|rule|Evasion Items Clause: Evasion items are banned
|rule|Evasion Moves Clause: Evasion moves are banned
|rule|Evasion Abilities Clause: Evasion abilities are banned
|rule|Sleep Moves Clause: Sleep-inducing moves are banned
|clearpoke
|poke|p1|Iron Valiant|
|poke|p1|Tyranitar, F|
|poke|p1|Corviknight, M|
|poke|p1|Sinistcha|
|poke|p1|Keldeo-Resolute|
|poke|p1|Muk-Alola, M|
|poke|p2|Garganacl, F|
|poke|p2|Dragapult, F|
|poke|p2|Ogerpon-Wellspring, F|
|poke|p2|Moltres|
|poke|p2|Zamazenta-*|
|poke|p2|Iron Treads|
|teampreview
|inactive|Battle timer is ON: inactive players will automatically lose when time's up. (requested by Acastillo631)
|
|t:|1760452445
|teamsize|p1|6
|teamsize|p2|6
|start
|switch|p1a: Rainbow Devil|Muk-Alola, M|100/100
|switch|p2a: Iron Treads|Iron Treads|100/100
|turn|1
|
|t:|1760452461
|switch|p1a: Wind Crowrang|Corviknight, M|100/100
|move|p2a: Iron Treads|Earthquake|p1a: Wind Crowrang
|-immune|p1a: Wind Crowrang
|
|upkeep
|turn|2
|
|t:|1760452467
|-end|p2a: Iron Treads|Quark Drive|[silent]
|switch|p2a: Moltres|Moltres|100/100
|move|p1a: Wind Crowrang|U-turn|p2a: Moltres
|-resisted|p2a: Moltres
|-damage|p2a: Moltres|98/100
|-status|p1a: Wind Crowrang|brn|[from] ability: Flame Body|[of] p2a: Moltres
|inactive|Acastillo631 has 120 seconds left.
|
|t:|1760452492
|switch|p1a: Eregion|Tyranitar, F|100/100|[from] U-turn
|-weather|Sandstorm|[from] ability: Sand Stream|[of] p1a: Eregion
|
|-weather|Sandstorm|[upkeep]
|-damage|p2a: Moltres|92/100|[from] Sandstorm
|upkeep
|turn|3
|
|t:|1760452501
|switch|p2a: Zamazenta|Zamazenta|100/100
|-ability|p2a: Zamazenta|Dauntless Shield|boost
|-boost|p2a: Zamazenta|def|1
|move|p1a: Eregion|Stealth Rock|p2a: Zamazenta
|-sidestart|p2: CaptainOrb|move: Stealth Rock
|
|-weather|Sandstorm|[upkeep]
|-damage|p2a: Zamazenta|94/100|[from] Sandstorm
|upkeep
|turn|4
|
|t:|1760452516
|switch|p2a: Garganacl|Garganacl, F|100/100
|-damage|p2a: Garganacl|88/100|[from] Stealth Rock
|switch|p1a: Wind Crowrang|Corviknight, M|100/100 brn
|
|-weather|Sandstorm|[upkeep]
|-heal|p2a: Garganacl|94/100|[from] item: Leftovers
|-damage|p1a: Wind Crowrang|94/100 brn|[from] brn
|upkeep
|turn|5
|
|t:|1760452523
|move|p1a: Wind Crowrang|U-turn|p2a: Garganacl
|-damage|p2a: Garganacl|89/100
|
|t:|1760452530
|switch|p1a: Wire Sponge|Sinistcha|100/100|[from] U-turn
|move|p2a: Garganacl|Salt Cure|p1a: Wire Sponge
|-damage|p1a: Wire Sponge|91/100
|-start|p1a: Wire Sponge|Salt Cure
|
|-weather|Sandstorm|[upkeep]
|-damage|p1a: Wire Sponge|85/100|[from] Sandstorm
|-heal|p2a: Garganacl|96/100|[from] item: Leftovers
|-damage|p1a: Wire Sponge|72/100|[from] Salt Cure
|upkeep
|turn|6
|
|t:|1760452538
|switch|p2a: Moltres|Moltres|92/100
|move|p1a: Wire Sponge|Shadow Ball|p2a: Moltres
|-damage|p2a: Moltres|63/100
|
|-weather|none
|-damage|p1a: Wire Sponge|60/100|[from] Salt Cure
|upkeep
|turn|7
|
|t:|1760452551
|switch|p1a: Rainbow Devil|Muk-Alola, M|100/100
|move|p2a: Moltres|Roost|p2a: Moltres
|-heal|p2a: Moltres|100/100
|-singleturn|p2a: Moltres|move: Roost
|
|upkeep
|turn|8
|
|t:|1760452556
|move|p2a: Moltres|Will-O-Wisp|p1a: Rainbow Devil
|-status|p1a: Rainbow Devil|brn
|move|p1a: Rainbow Devil|Knock Off|p2a: Moltres
|-damage|p2a: Moltres|86/100
|-enditem|p2a: Moltres|Heavy-Duty Boots|[from] move: Knock Off|[of] p1a: Rainbow Devil
|
|-damage|p1a: Rainbow Devil|94/100 brn|[from] brn
|upkeep
|turn|9
|
|t:|1760452565
|move|p1a: Rainbow Devil|Knock Off|p2a: Moltres
|-damage|p2a: Moltres|77/100
|move|p2a: Moltres|Roar|p1a: Rainbow Devil
|drag|p1a: Sage Harpuia|Iron Valiant|100/100
|-enditem|p1a: Sage Harpuia|Booster Energy
|-activate|p1a: Sage Harpuia|ability: Quark Drive|[fromitem]
|-start|p1a: Sage Harpuia|quarkdrivespe
|
|upkeep
|turn|10
|
|t:|1760452570
|move|p1a: Sage Harpuia|Encore|p2a: Moltres
|-start|p2a: Moltres|Encore
|move|p2a: Moltres|Roar|p1a: Sage Harpuia
|-end|p1a: Sage Harpuia|Quark Drive|[silent]
|drag|p1a: Eregion|Tyranitar, F|100/100
|-weather|Sandstorm|[from] ability: Sand Stream|[of] p1a: Eregion
|
|-weather|Sandstorm|[upkeep]
|-damage|p2a: Moltres|71/100|[from] Sandstorm
|upkeep
|turn|11
|
|t:|1760452589
|switch|p2a: Iron Treads|Iron Treads|100/100
|-damage|p2a: Iron Treads|98/100|[from] Stealth Rock
|move|p1a: Eregion|Knock Off|p2a: Iron Treads
|-damage|p2a: Iron Treads|62/100
|-enditem|p2a: Iron Treads|Leftovers|[from] move: Knock Off|[of] p1a: Eregion
|
|-weather|Sandstorm|[upkeep]
|upkeep
|turn|12
|
|t:|1760452599
|switch|p1a: Wind Crowrang|Corviknight, M|94/100 brn
|move|p2a: Iron Treads|Rapid Spin|p1a: Wind Crowrang
|-resisted|p1a: Wind Crowrang
|-damage|p1a: Wind Crowrang|90/100 brn
|-boost|p2a: Iron Treads|spe|1
|-damage|p2a: Iron Treads|46/100|[from] item: Rocky Helmet|[of] p1a: Wind Crowrang
|-sideend|p2: CaptainOrb|Stealth Rock|[from] move: Rapid Spin|[of] p2a: Iron Treads
|
|-weather|Sandstorm|[upkeep]
|-damage|p1a: Wind Crowrang|84/100 brn|[from] brn
|upkeep
|turn|13
|
|t:|1760452610
|-end|p2a: Iron Treads|Quark Drive|[silent]
|switch|p2a: Moltres|Moltres|71/100
|move|p1a: Wind Crowrang|U-turn|p2a: Moltres
|-resisted|p2a: Moltres
|-damage|p2a: Moltres|69/100
|
|t:|1760452618
|switch|p1a: Eregion|Tyranitar, F|100/100|[from] U-turn
|
|-weather|Sandstorm|[upkeep]
|-damage|p2a: Moltres|63/100|[from] Sandstorm
|upkeep
|turn|14
|
|t:|1760452620
|move|p2a: Moltres|Will-O-Wisp|p1a: Eregion
|-status|p1a: Eregion|brn
|move|p1a: Eregion|Stealth Rock|p2a: Moltres
|-sidestart|p2: CaptainOrb|move: Stealth Rock
|
|-weather|none
|-damage|p1a: Eregion|94/100 brn|[from] brn
|upkeep
|turn|15
|inactive|Acastillo631 has 120 seconds left.
|
|t:|1760452653
|switch|p2a: Zamazenta|Zamazenta|94/100
|-damage|p2a: Zamazenta|88/100|[from] Stealth Rock
|move|p1a: Eregion|Ice Beam|p2a: Zamazenta
|-damage|p2a: Zamazenta|71/100
|
|-heal|p1a: Eregion|100/100 brn|[from] item: Leftovers
|-damage|p1a: Eregion|94/100 brn|[from] brn
|upkeep
|turn|16
|
|t:|1760452671
|switch|p2a: Moltres|Moltres|63/100
|-damage|p2a: Moltres|14/100|[from] Stealth Rock
|switch|p1a: Wind Crowrang|Corviknight, M|84/100 brn
|
|-damage|p1a: Wind Crowrang|78/100 brn|[from] brn
|upkeep
|turn|17
|
|t:|1760452678
|switch|p1a: Wire Sponge|Sinistcha|60/100
|move|p2a: Moltres|Roost|p2a: Moltres
|-heal|p2a: Moltres|64/100
|-singleturn|p2a: Moltres|move: Roost
|
|upkeep
|turn|18
|
|t:|1760452686
|move|p2a: Moltres|Flamethrower|p1a: Wire Sponge
|-supereffective|p1a: Wire Sponge
|-damage|p1a: Wire Sponge|14/100
|move|p1a: Wire Sponge|Strength Sap|p2a: Moltres
|-unboost|p2a: Moltres|atk|1
|-heal|p1a: Wire Sponge|67/100
|
|upkeep
|turn|19
|
|t:|1760452698
|switch|p1a: Eregion|Tyranitar, F|94/100 brn
|-weather|Sandstorm|[from] ability: Sand Stream|[of] p1a: Eregion
|move|p2a: Moltres|Roost|p2a: Moltres
|-heal|p2a: Moltres|100/100
|-singleturn|p2a: Moltres|move: Roost
|
|-weather|Sandstorm|[upkeep]
|-damage|p2a: Moltres|94/100|[from] Sandstorm
|-heal|p1a: Eregion|100/100 brn|[from] item: Leftovers
|-damage|p1a: Eregion|94/100 brn|[from] brn
|upkeep
|turn|20
|inactive|CaptainOrb has 120 seconds left.
|
|t:|1760452729
|switch|p2a: Garganacl|Garganacl, F|96/100
|-damage|p2a: Garganacl|83/100|[from] Stealth Rock
|move|p1a: Eregion|Roar|p2a: Garganacl
|drag|p2a: Iron Treads|Iron Treads|46/100
|-damage|p2a: Iron Treads|43/100|[from] Stealth Rock
|
|-weather|Sandstorm|[upkeep]
|-heal|p1a: Eregion|100/100 brn|[from] item: Leftovers
|-damage|p1a: Eregion|94/100 brn|[from] brn
|upkeep
|turn|21
|inactive|CaptainOrb has 120 seconds left.
|inactive|Acastillo631 has 120 seconds left.
|
|t:|1760452783
|switch|p1a: Spiral Pegasus|Keldeo-Resolute|100/100
|move|p2a: Iron Treads|Knock Off|p1a: Spiral Pegasus
|-resisted|p1a: Spiral Pegasus
|-damage|p1a: Spiral Pegasus|87/100
|-ability|p1a: Spiral Pegasus|Justified|boost
|-boost|p1a: Spiral Pegasus|atk|1
|-enditem|p1a: Spiral Pegasus|Heavy-Duty Boots|[from] move: Knock Off|[of] p2a: Iron Treads
|
|-weather|Sandstorm|[upkeep]
|-damage|p1a: Spiral Pegasus|81/100|[from] Sandstorm
|upkeep
|turn|22
|
|t:|1760452794
|-end|p2a: Iron Treads|Quark Drive|[silent]
|switch|p2a: Ogerpon|Ogerpon-Wellspring, F|100/100
|-damage|p2a: Ogerpon|88/100|[from] Stealth Rock
|move|p1a: Spiral Pegasus|Secret Sword|p2a: Ogerpon
|-damage|p2a: Ogerpon|37/100
|
|-weather|Sandstorm|[upkeep]
|-damage|p1a: Spiral Pegasus|74/100|[from] Sandstorm
|-damage|p2a: Ogerpon|31/100|[from] Sandstorm
|upkeep
|turn|23
|
|t:|1760452804
|switch|p1a: Wind Crowrang|Corviknight, M|78/100 brn
|move|p2a: Ogerpon|Trailblaze|p1a: Wind Crowrang
|-resisted|p1a: Wind Crowrang
|-damage|p1a: Wind Crowrang|74/100 brn
|-boost|p2a: Ogerpon|spe|1
|-damage|p2a: Ogerpon|14/100|[from] item: Rocky Helmet|[of] p1a: Wind Crowrang
|
|-weather|none
|-damage|p1a: Wind Crowrang|68/100 brn|[from] brn
|upkeep
|turn|24
|
|t:|1760452810
|move|p2a: Ogerpon|Synthesis|p2a: Ogerpon
|-heal|p2a: Ogerpon|64/100
|move|p1a: Wind Crowrang|U-turn|p2a: Ogerpon
|-supereffective|p2a: Ogerpon
|-damage|p2a: Ogerpon|48/100
|inactive|Acastillo631 has 90 seconds left.
|inactive|Acastillo631 has 60 seconds left.
|inactive|Acastillo631 has 30 seconds left.
|inactive|Acastillo631 has 20 seconds left.
|inactive|Acastillo631 has 15 seconds left.
|inactive|Acastillo631 has 10 seconds left.
|inactive|Acastillo631 has 5 seconds left.
|
|t:|1760452922
|switch|p1a: Sage Harpuia|Iron Valiant|100/100|[from] U-turn
|
|upkeep
|turn|25
|inactive|Acastillo631 has 15 seconds left this turn.
|
|t:|1760452934
|move|p2a: Ogerpon|Synthesis|p2a: Ogerpon
|-heal|p2a: Ogerpon|98/100
|move|p1a: Sage Harpuia|Moonblast|p2a: Ogerpon
|-damage|p2a: Ogerpon|53/100
|
|upkeep
|turn|26
|inactive|Acastillo631 has 25 seconds left this turn.
|inactive|Acastillo631 has 20 seconds left.
|inactive|Acastillo631 has 15 seconds left.
|
|t:|1760452946
|move|p2a: Ogerpon|Ivy Cudgel|p1a: Sage Harpuia|[anim] Ivy Cudgel Water
|-damage|p1a: Sage Harpuia|31/100
|move|p1a: Sage Harpuia|Encore|p2a: Ogerpon
|-start|p2a: Ogerpon|Encore
|
|upkeep
|turn|27
|inactive|Acastillo631 has 25 seconds left this turn.
|inactive|Acastillo631 has 20 seconds left.
|inactive|Acastillo631 has 15 seconds left.
|inactive|Acastillo631 has 10 seconds left.
|inactive|Acastillo631 has 5 seconds left.
|
|t:|1760452970
|move|p2a: Ogerpon|Ivy Cudgel|p1a: Sage Harpuia|[anim] Ivy Cudgel Water
|-damage|p1a: Sage Harpuia|0 fnt
|faint|p1a: Sage Harpuia
|-end|p1a: Sage Harpuia|Quark Drive|[silent]
|
|upkeep
|inactive|Acastillo631 has 10 seconds left this turn.
|
|t:|1760452974
|switch|p1a: Wind Crowrang|Corviknight, M|68/100 brn
|turn|28
|inactive|Acastillo631 has 20 seconds left this turn.
|
|t:|1760452995
|switch|p2a: Garganacl|Garganacl, F|83/100
|-damage|p2a: Garganacl|71/100|[from] Stealth Rock
|move|p1a: Wind Crowrang|U-turn|p2a: Garganacl
|-damage|p2a: Garganacl|66/100
|inactive|Acastillo631 has 25 seconds left this turn.
|inactive|Acastillo631 has 20 seconds left.
|
|t:|1760453003
|switch|p1a: Spiral Pegasus|Keldeo-Resolute|74/100|[from] U-turn
|
|-heal|p2a: Garganacl|72/100|[from] item: Leftovers
|upkeep
|turn|29
|inactive|Acastillo631 has 30 seconds left this turn.
|
|t:|1760453006
|switch|p2a: Dragapult|Dragapult, F|100/100
|move|p1a: Spiral Pegasus|Secret Sword|p2a: Dragapult
|-immune|p2a: Dragapult
|
|upkeep
|turn|30
|inactive|Acastillo631 has 30 seconds left.
|inactive|Acastillo631 has 20 seconds left.
|inactive|Acastillo631 has 15 seconds left.
|
|t:|1760453032
|move|p2a: Dragapult|U-turn|p1a: Spiral Pegasus
|-resisted|p1a: Spiral Pegasus
|-damage|p1a: Spiral Pegasus|65/100
|
|t:|1760453037
|switch|p2a: Zamazenta|Zamazenta|71/100|[from] U-turn
|-damage|p2a: Zamazenta|65/100|[from] Stealth Rock
|move|p1a: Spiral Pegasus|Flip Turn|p2a: Zamazenta
|-damage|p2a: Zamazenta|51/100
|inactive|Acastillo631 has 25 seconds left this turn.
|inactive|Acastillo631 has 20 seconds left.
|
|t:|1760453045
|switch|p1a: Wire Sponge|Sinistcha|67/100|[from] Flip Turn
|
|upkeep
|turn|31
|inactive|Acastillo631 has 30 seconds left this turn.
|
|t:|1760453052
|switch|p2a: Moltres|Moltres|94/100
|-damage|p2a: Moltres|45/100|[from] Stealth Rock
|move|p1a: Wire Sponge|Strength Sap|p2a: Moltres
|-unboost|p2a: Moltres|atk|1
|-heal|p1a: Wire Sponge|100/100
|
|upkeep
|turn|32
|inactive|Acastillo631 has 30 seconds left.
|
|t:|1760453058
|move|p2a: Moltres|Roost|p2a: Moltres
|-heal|p2a: Moltres|95/100
|-singleturn|p2a: Moltres|move: Roost
|move|p1a: Wire Sponge|Shadow Ball|p2a: Moltres
|-damage|p2a: Moltres|66/100
|
|upkeep
|turn|33
|inactive|Acastillo631 has 30 seconds left.
|
|t:|1760453070
|move|p2a: Moltres|Flamethrower|p1a: Wire Sponge
|-supereffective|p1a: Wire Sponge
|-damage|p1a: Wire Sponge|58/100
|move|p1a: Wire Sponge|Shadow Ball|p2a: Moltres
|-damage|p2a: Moltres|36/100
|
|upkeep
|turn|34
|
|t:|1760453078
|switch|p1a: Eregion|Tyranitar, F|94/100 brn
|-weather|Sandstorm|[from] ability: Sand Stream|[of] p1a: Eregion
|move|p2a: Moltres|Will-O-Wisp|p1a: Eregion
|-fail|p1a: Eregion|brn
|
|-weather|Sandstorm|[upkeep]
|-damage|p2a: Moltres|30/100|[from] Sandstorm
|-heal|p1a: Eregion|100/100 brn|[from] item: Leftovers
|-damage|p1a: Eregion|94/100 brn|[from] brn
|upkeep
|turn|35
|inactive|Acastillo631 has 30 seconds left.
|inactive|Acastillo631 has 20 seconds left.
|inactive|Acastillo631 has 15 seconds left.
|
|t:|1760453117
|move|p2a: Moltres|Roost|p2a: Moltres
|-heal|p2a: Moltres|80/100
|-singleturn|p2a: Moltres|move: Roost
|move|p1a: Eregion|Roar|p2a: Moltres
|drag|p2a: Garganacl|Garganacl, F|72/100
|-damage|p2a: Garganacl|60/100|[from] Stealth Rock
|
|-weather|Sandstorm|[upkeep]
|-heal|p1a: Eregion|100/100 brn|[from] item: Leftovers
|-heal|p2a: Garganacl|66/100|[from] item: Leftovers
|-damage|p1a: Eregion|94/100 brn|[from] brn
|upkeep
|turn|36
|inactive|Acastillo631 has 25 seconds left this turn.
|
|t:|1760453129
|move|p1a: Eregion|Knock Off|p2a: Garganacl
|-damage|p2a: Garganacl|50/100
|-enditem|p2a: Garganacl|Leftovers|[from] move: Knock Off|[of] p1a: Eregion
|move|p2a: Garganacl|Body Press|p1a: Eregion
|-supereffective|p1a: Eregion
|-damage|p1a: Eregion|27/100 brn
|
|-weather|Sandstorm|[upkeep]
|-heal|p1a: Eregion|33/100 brn|[from] item: Leftovers
|-damage|p1a: Eregion|27/100 brn|[from] brn
|upkeep
|turn|37
|
|t:|1760453134
|switch|p1a: Wire Sponge|Sinistcha|58/100
|move|p2a: Garganacl|Recover|p2a: Garganacl
|-heal|p2a: Garganacl|100/100
|
|-weather|Sandstorm|[upkeep]
|-damage|p1a: Wire Sponge|52/100|[from] Sandstorm
|upkeep
|turn|38
|inactive|CaptainOrb has 120 seconds left.
|
|t:|1760453164
|move|p1a: Wire Sponge|Matcha Gotcha|p2a: Garganacl
|-supereffective|p2a: Garganacl
|-damage|p2a: Garganacl|70/100
|-heal|p1a: Wire Sponge|70/100|[from] drain|[of] p2a: Garganacl
|move|p2a: Garganacl|Salt Cure|p1a: Wire Sponge
|-damage|p1a: Wire Sponge|60/100
|-start|p1a: Wire Sponge|Salt Cure
|
|-weather|none
|-damage|p1a: Wire Sponge|48/100|[from] Salt Cure
|upkeep
|turn|39
|inactive|CaptainOrb has 120 seconds left.
|
|t:|1760453176
|switch|p2a: Moltres|Moltres|80/100
|-damage|p2a: Moltres|31/100|[from] Stealth Rock
|move|p1a: Wire Sponge|Strength Sap|p2a: Moltres
|-unboost|p2a: Moltres|atk|1
|-heal|p1a: Wire Sponge|100/100
|
|-damage|p1a: Wire Sponge|88/100|[from] Salt Cure
|upkeep
|turn|40
|
|t:|1760453182
|switch|p1a: Spiral Pegasus|Keldeo-Resolute|65/100
|move|p2a: Moltres|Roost|p2a: Moltres
|-heal|p2a: Moltres|81/100
|-singleturn|p2a: Moltres|move: Roost
|
|upkeep
|turn|41
|inactive|Acastillo631 has 60 seconds left.
|
|t:|1760453196
|move|p1a: Spiral Pegasus|Secret Sword|p2a: Moltres
|-resisted|p2a: Moltres
|-damage|p2a: Moltres|63/100
|move|p2a: Moltres|Will-O-Wisp|p1a: Spiral Pegasus
|-status|p1a: Spiral Pegasus|brn
|
|-damage|p1a: Spiral Pegasus|58/100 brn|[from] brn
|upkeep
|turn|42
|
|t:|1760453212
|switch|p2a: Dragapult|Dragapult, F|100/100
|move|p1a: Spiral Pegasus|Secret Sword|p2a: Dragapult
|-immune|p2a: Dragapult
|
|-damage|p1a: Spiral Pegasus|52/100 brn|[from] brn
|upkeep
|turn|43
|
|t:|1760453220
|switch|p1a: Eregion|Tyranitar, F|27/100 brn
|-weather|Sandstorm|[from] ability: Sand Stream|[of] p1a: Eregion
|move|p2a: Dragapult|Hex|p1a: Eregion
|-resisted|p1a: Eregion
|-damage|p1a: Eregion|15/100 brn
|
|-weather|Sandstorm|[upkeep]
|-damage|p2a: Dragapult|95/100|[from] Sandstorm
|-heal|p1a: Eregion|21/100 brn|[from] item: Leftovers
|-damage|p1a: Eregion|15/100 brn|[from] brn
|upkeep
|turn|44
|
|t:|1760453227
|move|p2a: Dragapult|U-turn|p1a: Eregion
|-supereffective|p1a: Eregion
|-damage|p1a: Eregion|0 fnt
|faint|p1a: Eregion
|
|t:|1760453236
|switch|p2a: Zamazenta|Zamazenta|51/100|[from] U-turn
|-damage|p2a: Zamazenta|44/100|[from] Stealth Rock
|
|-weather|Sandstorm|[upkeep]
|-damage|p2a: Zamazenta|38/100|[from] Sandstorm
|upkeep
|inactive|Acastillo631 has 90 seconds left.
|
|t:|1760453245
|switch|p1a: Wire Sponge|Sinistcha|88/100
|turn|45
|
|t:|1760453268
|switch|p2a: Garganacl|Garganacl, F|70/100
|-damage|p2a: Garganacl|58/100|[from] Stealth Rock
|move|p1a: Wire Sponge|Calm Mind|p1a: Wire Sponge
|-boost|p1a: Wire Sponge|spa|1
|-boost|p1a: Wire Sponge|spd|1
|
|-weather|Sandstorm|[upkeep]
|-damage|p1a: Wire Sponge|82/100|[from] Sandstorm
|upkeep
|turn|46
|inactive|Acastillo631 has 90 seconds left.
|
|t:|1760453291
|move|p1a: Wire Sponge|Matcha Gotcha|p2a: Garganacl
|-supereffective|p2a: Garganacl
|-damage|p2a: Garganacl|16/100
|-heal|p1a: Wire Sponge|100/100|[from] drain|[of] p2a: Garganacl
|move|p2a: Garganacl|Recover|p2a: Garganacl
|-heal|p2a: Garganacl|66/100
|
|-weather|Sandstorm|[upkeep]
|-damage|p1a: Wire Sponge|94/100|[from] Sandstorm
|upkeep
|turn|47
|
|t:|1760453302
|move|p1a: Wire Sponge|Calm Mind|p1a: Wire Sponge
|-boost|p1a: Wire Sponge|spa|1
|-boost|p1a: Wire Sponge|spd|1
|move|p2a: Garganacl|Salt Cure|p1a: Wire Sponge
|-damage|p1a: Wire Sponge|84/100
|-start|p1a: Wire Sponge|Salt Cure
|
|-weather|none
|-damage|p1a: Wire Sponge|71/100|[from] Salt Cure
|upkeep
|turn|48
|inactive|Acastillo631 has 90 seconds left.
|inactive|Acastillo631 has 60 seconds left.
|
|t:|1760453348
|switch|p2a: Ogerpon|Ogerpon-Wellspring, F|53/100
|-damage|p2a: Ogerpon|40/100|[from] Stealth Rock
|move|p1a: Wire Sponge|Matcha Gotcha|p2a: Ogerpon
|-crit|p2a: Ogerpon
|-damage|p2a: Ogerpon|0 fnt
|-heal|p1a: Wire Sponge|92/100|[from] drain|[of] p2a: Ogerpon
|faint|p2a: Ogerpon
|
|-damage|p1a: Wire Sponge|79/100|[from] Salt Cure
|upkeep
|inactive|CaptainOrb has 120 seconds left.
|
|t:|1760453379
|switch|p2a: Zamazenta|Zamazenta|38/100
|-damage|p2a: Zamazenta|32/100|[from] Stealth Rock
|turn|49
|inactive|Acastillo631 has 60 seconds left.
|
|t:|1760453403
|-terastallize|p2a: Zamazenta|Dark
|move|p2a: Zamazenta|Crunch|p1a: Wire Sponge
|-supereffective|p1a: Wire Sponge
|-crit|p1a: Wire Sponge
|-damage|p1a: Wire Sponge|0 fnt
|faint|p1a: Wire Sponge
|
|upkeep
|c|☆Acastillo631|Sick crit
|
|t:|1760453427
|switch|p1a: Wind Crowrang|Corviknight, M|68/100 brn
|turn|50
|inactive|CaptainOrb has 120 seconds left.
|
|t:|1760453466
|switch|p2a: Moltres|Moltres|63/100
|-damage|p2a: Moltres|13/100|[from] Stealth Rock
|move|p1a: Wind Crowrang|U-turn|p2a: Moltres
|-resisted|p2a: Moltres
|-damage|p2a: Moltres|11/100
|
|t:|1760453474
|switch|p1a: Spiral Pegasus|Keldeo-Resolute|52/100 brn|[from] U-turn
|
|-damage|p1a: Spiral Pegasus|46/100 brn|[from] brn
|upkeep
|turn|51
|
|t:|1760453480
|move|p1a: Spiral Pegasus|Surf|p2a: Moltres
|-supereffective|p2a: Moltres
|-damage|p2a: Moltres|0 fnt
|faint|p2a: Moltres
|
|-damage|p1a: Spiral Pegasus|40/100 brn|[from] brn
|upkeep
|
|t:|1760453485
|switch|p2a: Dragapult|Dragapult, F|95/100
|turn|52
|inactive|CaptainOrb has 120 seconds left.
|l|☆Acastillo631
|inactive|Acastillo631 disconnected and has a minute to reconnect!
|player|p1|
|inactive|Acastillo631 has 30 seconds to reconnect!
|inactive|Acastillo631 has 20 seconds to reconnect!
|inactive|Acastillo631 has 15 seconds to reconnect!
|inactive|Acastillo631 has 10 seconds to reconnect!
|inactive|Acastillo631 has 5 seconds to reconnect!
|-message|Acastillo631 lost due to inactivity.
|
|win|CaptainOrb
|raw|Acastillo631's rating: 1580 &rarr; <strong>1557</strong><br />(-23 for losing)
|raw|CaptainOrb's rating: 1527 &rarr; <strong>1550</strong><br />(+23 for winning)
