|j|☆Princessjosie1001!
|j|☆AnOriginalName3
|t:|1760448384
|gametype|singles
|player|p1|Princessjosie1001!|nurse|1481
|player|p2|AnOriginalName3|2|1453
|gen|9
|tier|[Gen 9] OU
|rated|
|rule|HP Percentage Mod: HP is shown in percentages
|rule|Endless Battle Clause: Forcing endless battles is banned
|rule|Species Clause: Limit one of each Pokémon
|rule|OHKO Clause: OHKO moves are banned
|rule|Evasion Items Clause: Evasion items are banned
|rule|Evasion Moves Clause: Evasion moves are banned
|rule|Evasion Abilities Clause: Evasion abilities are banned
|rule|Sleep Moves Clause: Sleep-inducing moves are banned
|clearpoke
|poke|p1|Yanmega, F|
|poke|p1|Cloyster, M|
|poke|p1|Salazzle, F|
|poke|p1|Espeon, M|
|poke|p1|Jirachi|
|poke|p1|Maushold-Four|
|poke|p2|Samurott-Hisui, F|
|poke|p2|Iron Crown|
|poke|p2|Sinistcha|
|poke|p2|Landorus-Therian, M|
|poke|p2|Ceruledge, M|
|poke|p2|Quaquaval, F|
|teampreview
|
|t:|1760448393
|teamsize|p1|6
|teamsize|p2|6
|start
|switch|p1a: Yanmega|Yanmega, F|100/100
|switch|p2a: Samurott|Samurott-Hisui, F|100/100
|turn|1
|
|t:|1760448398
|move|p1a: Yanmega|Protect|p1a: Yanmega
|-singleturn|p1a: Yanmega|Protect
|move|p2a: Samurott|Flip Turn|p1a: Yanmega
|-activate|p1a: Yanmega|move: Protect
|
|-ability|p1a: Yanmega|Speed Boost|boost
|-boost|p1a: Yanmega|spe|1
|upkeep
|turn|2
|
|t:|1760448405
|switch|p2a: Iron Crown|Iron Crown|100/100
|move|p1a: Yanmega|Bug Buzz|p2a: Iron Crown
|-damage|p2a: Iron Crown|61/100
|-damage|p1a: Yanmega|91/100|[from] item: Life Orb
|
|-ability|p1a: Yanmega|Speed Boost|boost
|-boost|p1a: Yanmega|spe|1
|upkeep
|turn|3
|
|t:|1760448413
|move|p1a: Yanmega|Air Slash|p2a: Iron Crown
|-resisted|p2a: Iron Crown
|-damage|p2a: Iron Crown|43/100
|-damage|p1a: Yanmega|81/100|[from] item: Life Orb
|move|p2a: Iron Crown|Future Sight|p1a: Yanmega
|-start|p2a: Iron Crown|move: Future Sight
|
|-ability|p1a: Yanmega|Speed Boost|boost
|-boost|p1a: Yanmega|spe|1
|upkeep
|turn|4
|
|t:|1760448421
|move|p1a: Yanmega|Bug Buzz|p2a: Iron Crown
|-damage|p2a: Iron Crown|0 fnt
|faint|p2a: Iron Crown
|-end|p2a: Iron Crown|Quark Drive|[silent]
|-damage|p1a: Yanmega|71/100|[from] item: Life Orb
|
|-ability|p1a: Yanmega|Speed Boost|boost
|-boost|p1a: Yanmega|spe|1
|upkeep
|
|t:|1760448426
|switch|p2a: Ceruledge|Ceruledge, M|100/100
|turn|5
|
|t:|1760448429
|move|p1a: Yanmega|Air Slash|p2a: Ceruledge
|-damage|p2a: Ceruledge|63/100
|-damage|p1a: Yanmega|61/100|[from] item: Life Orb
|move|p2a: Ceruledge|Bulk Up|p2a: Ceruledge
|-boost|p2a: Ceruledge|atk|1
|-boost|p2a: Ceruledge|def|1
|
|-end|p1a: Yanmega|move: Future Sight
|-damage|p1a: Yanmega|0 fnt
|faint|p1a: Yanmega
|upkeep
|
|t:|1760448442
|switch|p1a: Salazzle|Salazzle, F|100/100
|turn|6
|
|t:|1760448445
|move|p1a: Salazzle|Toxic|p2a: Ceruledge
|-status|p2a: Ceruledge|tox
|move|p2a: Ceruledge|Bitter Blade|p1a: Salazzle
|-resisted|p1a: Salazzle
|-damage|p1a: Salazzle|41/100
|-heal|p2a: Ceruledge|86/100 tox|[from] drain|[of] p1a: Salazzle
|
|-damage|p2a: Ceruledge|80/100 tox|[from] psn
|upkeep
|turn|7
|
|t:|1760448454
|move|p1a: Salazzle|Sludge Wave|p2a: Ceruledge
|-resisted|p2a: Ceruledge
|-damage|p2a: Ceruledge|60/100 tox
|move|p2a: Ceruledge|Bitter Blade|p1a: Salazzle
|-resisted|p1a: Salazzle
|-damage|p1a: Salazzle|0 fnt
|-heal|p2a: Ceruledge|76/100 tox|[from] drain|[of] p1a: Salazzle
|faint|p1a: Salazzle
|
|-damage|p2a: Ceruledge|64/100 tox|[from] psn
|upkeep
|
|t:|1760448464
|switch|p1a: Jirachi|Jirachi|100/100
|turn|8
|
|t:|1760448467
|move|p1a: Jirachi|Iron Head|p2a: Ceruledge
|-resisted|p2a: Ceruledge
|-damage|p2a: Ceruledge|50/100 tox
|move|p2a: Ceruledge|Bitter Blade|p1a: Jirachi
|-supereffective|p1a: Jirachi
|-damage|p1a: Jirachi|0 fnt
|-heal|p2a: Ceruledge|99/100 tox|[from] drain|[of] p1a: Jirachi
|faint|p1a: Jirachi
|
|-damage|p2a: Ceruledge|80/100 tox|[from] psn
|upkeep
|
|t:|1760448477
|switch|p1a: Maushold|Maushold-Four|100/100
|turn|9
|
|t:|1760448482
|move|p1a: Maushold|Bite|p2a: Ceruledge
|-supereffective|p2a: Ceruledge
|-damage|p2a: Ceruledge|44/100 tox
|move|p2a: Ceruledge|Bitter Blade|p1a: Maushold
|-damage|p1a: Maushold|12/100
|-heal|p2a: Ceruledge|80/100 tox|[from] drain|[of] p1a: Maushold
|
|-damage|p2a: Ceruledge|55/100 tox|[from] psn
|upkeep
|turn|10
|
|t:|1760448490
|move|p1a: Maushold|Bite|p2a: Ceruledge
|-supereffective|p2a: Ceruledge
|-damage|p2a: Ceruledge|15/100 tox
|move|p2a: Ceruledge|Bitter Blade|p1a: Maushold
|-damage|p1a: Maushold|0 fnt
|-heal|p2a: Ceruledge|20/100 tox|[from] drain|[of] p1a: Maushold
|faint|p1a: Maushold
|
|-damage|p2a: Ceruledge|0 fnt|[from] psn
|faint|p2a: Ceruledge
|upkeep
|
|t:|1760448504
|switch|p1a: Cloyster|Cloyster, M|100/100
|switch|p2a: Sinistcha|Sinistcha|100/100
|turn|11
|
|t:|1760448508
|switch|p1a: No hazard allowed|Espeon, M|100/100
|move|p2a: Sinistcha|Matcha Gotcha|p1a: No hazard allowed
|-damage|p1a: No hazard allowed|60/100
|
|upkeep
|turn|12
|
|t:|1760448516
|move|p1a: No hazard allowed|Trick|p2a: Sinistcha
|-activate|p1a: No hazard allowed|move: Trick|[of] p2a: Sinistcha
|-item|p2a: Sinistcha|Choice Scarf|[from] move: Trick
|-item|p1a: No hazard allowed|Heavy-Duty Boots|[from] move: Trick
|move|p2a: Sinistcha|Hex|p1a: No hazard allowed
|-supereffective|p1a: No hazard allowed
|-damage|p1a: No hazard allowed|0 fnt
|faint|p1a: No hazard allowed
|
|upkeep
|
|t:|1760448523
|switch|p1a: Cloyster|Cloyster, M|100/100
|turn|13
|
|t:|1760448526
|move|p2a: Sinistcha|Hex|p1a: Cloyster
|-damage|p1a: Cloyster|26/100
|move|p1a: Cloyster|Shell Smash|p1a: Cloyster
|-unboost|p1a: Cloyster|def|1
|-unboost|p1a: Cloyster|spd|1
|-boost|p1a: Cloyster|atk|2
|-boost|p1a: Cloyster|spa|2
|-boost|p1a: Cloyster|spe|2
|
|upkeep
|turn|14
|
|t:|1760448534
|-terastallize|p2a: Sinistcha|Poison
|move|p1a: Cloyster|Icicle Spear|p2a: Sinistcha
|-damage|p2a: Sinistcha|86/100
|-damage|p2a: Sinistcha|70/100
|-damage|p2a: Sinistcha|53/100
|-damage|p2a: Sinistcha|36/100
|-damage|p2a: Sinistcha|21/100
|-hitcount|p2a: Sinistcha|5
|move|p2a: Sinistcha|Hex|p1a: Cloyster
|-crit|p1a: Cloyster
|-damage|p1a: Cloyster|0 fnt
|faint|p1a: Cloyster
|
|win|AnOriginalName3
|raw|Princessjosie1001!'s rating: 1481 &rarr; <strong>1459</strong><br />(-22 for losing)
|raw|AnOriginalName3's rating: 1453 &rarr; <strong>1475</strong><br />(+22 for winning)
|l|☆Princessjosie1001!
|player|p1|
|l|☆AnOriginalName3
|player|p2|
