|badge|p1|bronze|gen9randombattle|100-7
|uhtml|medal-msg|<div class="broadcast-blue">Curious what those medals under the avatar are? PS now has Ladder Seasons! For more information, check out the <a href="https://www.smogon.com/forums/threads/3740067/">thread on Smogon.</a></div>
|j|☆SpongeGar & Patar
|j|☆jemaisjepa
|t:|1760368480
|gametype|singles
|player|p1|SpongeGar & Patar|266|1826
|player|p2|jemaisjepa|marlon|1834
|gen|9
|tier|[Gen 9] OU
|rated|
|rule|HP Percentage Mod: HP is shown in percentages
|rule|Endless Battle Clause: Forcing endless battles is banned
|rule|Species Clause: Limit one of each Pokémon
|rule|OHKO Clause: OHKO moves are banned
|rule|Evasion Items Clause: Evasion items are banned
|rule|Evasion Moves Clause: Evasion moves are banned
|rule|Evasion Abilities Clause: Evasion abilities are banned
|rule|Sleep Moves Clause: Sleep-inducing moves are banned
|clearpoke
|poke|p1|Kyurem|
|poke|p1|Corviknight, F|
|poke|p1|Ting-Lu|
|poke|p1|Dondozo, M|
|poke|p1|Slowking-Galar, L99, M|
|poke|p1|Cinderace, F|
|poke|p2|Weezing-Galar, F|
|poke|p2|Alomomola, F|
|poke|p2|Dragonite, F|
|poke|p2|Great Tusk|
|poke|p2|Zamazenta-*|
|poke|p2|Ogerpon-Wellspring, F|
|teampreview
|inactive|Battle timer is ON: inactive players will automatically lose when time's up. (requested by jemaisjepa)
|inactive|SpongeGar & Patar has 120 seconds left.
|inactive|jemaisjepa has 120 seconds left.
|
|t:|1760368531
|teamsize|p1|6
|teamsize|p2|6
|start
|switch|p1a: Kyurem|Kyurem|100/100
|switch|p2a: Zamazenta|Zamazenta, shiny|100/100
|-ability|p2a: Zamazenta|Dauntless Shield|boost
|-boost|p2a: Zamazenta|def|1
|-ability|p1a: Kyurem|Pressure
|turn|1
|inactive|SpongeGar & Patar also wants the timer to be on.
|inactive|SpongeGar & Patar has 120 seconds left.
|
|t:|1760368579
|switch|p1a: Dondozo|Dondozo, M|100/100
|move|p2a: Zamazenta|Close Combat|p1a: Dondozo
|-damage|p1a: Dondozo|59/100
|-unboost|p2a: Zamazenta|def|1
|-unboost|p2a: Zamazenta|spd|1
|
|-heal|p1a: Dondozo|66/100|[from] item: Leftovers
|upkeep
|turn|2
|inactive|SpongeGar & Patar has 90 seconds left.
|
|t:|1760368628
|switch|p2a: Ogerpon|Ogerpon-Wellspring, F|100/100
|switch|p1a: Slowking|Slowking-Galar, L99, M|100/100
|
|upkeep
|turn|3
|inactive|SpongeGar & Patar has 60 seconds left.
|
|t:|1760368676
|move|p2a: Ogerpon|U-turn|p1a: Slowking
|-damage|p1a: Slowking|73/100
|
|t:|1760368682
|switch|p2a: Weezing|Weezing-Galar, F, shiny|100/100|[from] U-turn
|-ability|p2a: Weezing|Neutralizing Gas
|move|p1a: Slowking|Sludge Bomb|p2a: Weezing
|-damage|p2a: Weezing|56/100
|
|upkeep
|turn|4
|
|t:|1760368693
|move|p2a: Weezing|Will-O-Wisp|p1a: Slowking
|-status|p1a: Slowking|brn
|move|p1a: Slowking|Future Sight|p2a: Weezing
|-start|p1a: Slowking|move: Future Sight
|
|-damage|p1a: Slowking|67/100 brn|[from] brn
|upkeep
|turn|5
|
|t:|1760368702
|-end|p2a: Weezing|ability: Neutralizing Gas
|switch|p2a: Alomomola|Alomomola, F, shiny|100/100
|move|p1a: Slowking|Sludge Bomb|p2a: Alomomola
|-damage|p2a: Alomomola|83/100
|
|-damage|p1a: Slowking|61/100 brn|[from] brn
|upkeep
|turn|6
|
|t:|1760368713
|move|p1a: Slowking|Toxic|p2a: Alomomola
|-status|p2a: Alomomola|tox
|move|p2a: Alomomola|Mirror Coat||[still]
|-fail|p2a: Alomomola
|
|-end|p2a: Alomomola|move: Future Sight
|-damage|p2a: Alomomola|59/100 tox
|-damage|p2a: Alomomola|53/100 tox|[from] psn
|-damage|p1a: Slowking|55/100 brn|[from] brn
|upkeep
|turn|7
|j| wgw2333
|
|t:|1760368722
|move|p2a: Alomomola|Flip Turn|p1a: Slowking
|-damage|p1a: Slowking|38/100 brn
|
|t:|1760368726
|switch|p2a: Weezing|Weezing-Galar, F, shiny|56/100|[from] Flip Turn
|-ability|p2a: Weezing|Neutralizing Gas
|move|p1a: Slowking|Future Sight|p2a: Weezing
|-start|p1a: Slowking|move: Future Sight
|
|-damage|p1a: Slowking|32/100 brn|[from] brn
|upkeep
|turn|8
|inactive|SpongeGar & Patar has 60 seconds left.
|
|t:|1760368735
|-end|p2a: Weezing|ability: Neutralizing Gas
|switch|p2a: Alomomola|Alomomola, F, shiny|86/100 tox
|move|p1a: Slowking|Sludge Bomb|p2a: Alomomola
|-crit|p2a: Alomomola
|-damage|p2a: Alomomola|60/100 tox
|
|-damage|p2a: Alomomola|54/100 tox|[from] psn
|-damage|p1a: Slowking|25/100 brn|[from] brn
|upkeep
|turn|9
|
|t:|1760368744
|switch|p1a: Corviknight|Corviknight, F|100/100
|-ability|p1a: Corviknight|Pressure
|move|p2a: Alomomola|Body Slam|p1a: Corviknight
|-resisted|p1a: Corviknight
|-damage|p1a: Corviknight|96/100
|-status|p1a: Corviknight|par
|-damage|p2a: Alomomola|37/100 tox|[from] item: Rocky Helmet|[of] p1a: Corviknight
|
|-end|p2a: Alomomola|move: Future Sight
|-damage|p2a: Alomomola|13/100 tox
|-damage|p2a: Alomomola|1/100 tox|[from] psn
|upkeep
|turn|10
|
|t:|1760368754
|switch|p2a: Weezing|Weezing-Galar, F, shiny|56/100
|-ability|p2a: Weezing|Neutralizing Gas
|move|p1a: Corviknight|Brave Bird|p2a: Weezing
|-damage|p2a: Weezing|32/100
|-damage|p1a: Corviknight|90/100 par|[from] Recoil
|
|upkeep
|turn|11
|
|t:|1760368764
|switch|p1a: Slowking|Slowking-Galar, L99, M|59/100 brn
|move|p2a: Weezing|Pain Split|p1a: Slowking
|-sethp|p1a: Slowking|43/100 brn|[from] move: Pain Split|[silent]
|-sethp|p2a: Weezing|50/100|[from] move: Pain Split
|
|-damage|p1a: Slowking|37/100 brn|[from] brn
|upkeep
|turn|12
|
|t:|1760368774
|-end|p2a: Weezing|ability: Neutralizing Gas
|switch|p2a: Alomomola|Alomomola, F, shiny|34/100 tox
|move|p1a: Slowking|Future Sight|p2a: Alomomola
|-start|p1a: Slowking|move: Future Sight
|
|-damage|p2a: Alomomola|28/100 tox|[from] psn
|-damage|p1a: Slowking|31/100 brn|[from] brn
|upkeep
|turn|13
|
|t:|1760368783
|switch|p1a: Kyurem|Kyurem|100/100
|-ability|p1a: Kyurem|Pressure
|move|p2a: Alomomola|Flip Turn|p1a: Kyurem
|-resisted|p1a: Kyurem
|-damage|p1a: Kyurem|93/100
|
|t:|1760368790
|switch|p2a: Dragonite|Dragonite, F, shiny|100/100|[from] Flip Turn
|
|-heal|p1a: Kyurem|99/100|[from] item: Leftovers
|upkeep
|turn|14
|inactive|SpongeGar & Patar has 90 seconds left.
|
|t:|1760368799
|move|p1a: Kyurem|Substitute|p1a: Kyurem
|-start|p1a: Kyurem|Substitute
|-damage|p1a: Kyurem|74/100
|move|p2a: Dragonite|Thunder Wave||[still]
|-fail|p2a: Dragonite
|
|-end|p2a: Dragonite|move: Future Sight
|-damage|p2a: Dragonite|80/100
|-heal|p1a: Kyurem|80/100|[from] item: Leftovers
|upkeep
|turn|15
|j| Ahonghhh
|inactive|SpongeGar & Patar has 90 seconds left.
|l| Ahonghhh
|inactive|SpongeGar & Patar has 60 seconds left.
|
|t:|1760368846
|-terastallize|p2a: Dragonite|Normal
|move|p1a: Kyurem|Freeze-Dry|p2a: Dragonite
|-damage|p2a: Dragonite|52/100
|move|p2a: Dragonite|Dragon Tail|p1a: Kyurem
|-supereffective|p1a: Kyurem
|-end|p1a: Kyurem|Substitute
|
|-heal|p1a: Kyurem|86/100|[from] item: Leftovers
|upkeep
|turn|16
|inactive|SpongeGar & Patar has 60 seconds left.
|inactive|SpongeGar & Patar has 30 seconds left.
|inactive|SpongeGar & Patar has 20 seconds left.
|inactive|SpongeGar & Patar has 15 seconds left.
|
|t:|1760368897
|move|p1a: Kyurem|Freeze-Dry|p2a: Dragonite
|-damage|p2a: Dragonite|20/100
|move|p2a: Dragonite|Roost|p2a: Dragonite
|-heal|p2a: Dragonite|70/100
|
|-heal|p1a: Kyurem|93/100|[from] item: Leftovers
|upkeep
|turn|17
|inactive|SpongeGar & Patar has 25 seconds left this turn.
|inactive|SpongeGar & Patar has 20 seconds left.
|
|t:|1760368911
|switch|p1a: Slowking|Slowking-Galar, L99, M|64/100 brn
|move|p2a: Dragonite|Roost|p2a: Dragonite
|-heal|p2a: Dragonite|100/100
|
|-damage|p1a: Slowking|58/100 brn|[from] brn
|upkeep
|turn|18
|inactive|SpongeGar & Patar has 30 seconds left this turn.
|
|t:|1760368921
|switch|p2a: Alomomola|Alomomola, F, shiny|62/100 tox
|move|p1a: Slowking|Future Sight|p2a: Alomomola
|-start|p1a: Slowking|move: Future Sight
|
|-damage|p2a: Alomomola|55/100 tox|[from] psn
|-damage|p1a: Slowking|52/100 brn|[from] brn
|upkeep
|turn|19
|inactive|SpongeGar & Patar has 30 seconds left.
|
|t:|1760368930
|move|p2a: Alomomola|Flip Turn|p1a: Slowking
|-damage|p1a: Slowking|35/100 brn
|
|t:|1760368932
|switch|p2a: Ogerpon|Ogerpon-Wellspring, F|100/100|[from] Flip Turn
|move|p1a: Slowking|Sludge Bomb|p2a: Ogerpon
|-supereffective|p2a: Ogerpon
|-damage|p2a: Ogerpon|25/100
|
|-damage|p1a: Slowking|28/100 brn|[from] brn
|upkeep
|turn|20
|
|t:|1760368942
|switch|p2a: Alomomola|Alomomola, F, shiny|89/100 tox
|switch|p1a: Corviknight|Corviknight, F|90/100 par
|-ability|p1a: Corviknight|Pressure
|
|-end|p2a: Alomomola|move: Future Sight
|-damage|p2a: Alomomola|64/100 tox
|-damage|p2a: Alomomola|58/100 tox|[from] psn
|upkeep
|turn|21
|
|t:|1760368952
|switch|p2a: Weezing|Weezing-Galar, F, shiny|50/100
|-ability|p2a: Weezing|Neutralizing Gas
|move|p1a: Corviknight|Roost|p1a: Corviknight
|-heal|p1a: Corviknight|100/100 par
|-singleturn|p1a: Corviknight|move: Roost
|
|upkeep
|turn|22
|
|t:|1760368961
|switch|p1a: Slowking|Slowking-Galar, L99, M|62/100 brn
|move|p2a: Weezing|Pain Split|p1a: Slowking
|-sethp|p1a: Slowking|52/100 brn|[from] move: Pain Split|[silent]
|-sethp|p2a: Weezing|61/100|[from] move: Pain Split
|
|-damage|p1a: Slowking|46/100 brn|[from] brn
|upkeep
|turn|23
|
|t:|1760368970
|-end|p2a: Weezing|ability: Neutralizing Gas
|switch|p2a: Ogerpon|Ogerpon-Wellspring, F|25/100
|move|p1a: Slowking|Future Sight|p2a: Ogerpon
|-start|p1a: Slowking|move: Future Sight
|
|-damage|p1a: Slowking|40/100 brn|[from] brn
|upkeep
|turn|24
|inactive|SpongeGar & Patar has 60 seconds left.
|
|t:|1760368980
|switch|p1a: Corviknight|Corviknight, F|100/100 par
|-ability|p1a: Corviknight|Pressure
|move|p2a: Ogerpon|Ivy Cudgel|p1a: Corviknight|[anim] Ivy Cudgel Water
|-damage|p1a: Corviknight|65/100 par
|
|upkeep
|turn|25
|j| seer boy2
|
|t:|1760368990
|switch|p2a: Weezing|Weezing-Galar, F, shiny|61/100
|-ability|p2a: Weezing|Neutralizing Gas
|move|p1a: Corviknight|Roost|p1a: Corviknight
|-heal|p1a: Corviknight|100/100 par
|-singleturn|p1a: Corviknight|move: Roost
|
|-end|p2a: Weezing|move: Future Sight
|-supereffective|p2a: Weezing
|-damage|p2a: Weezing|0 fnt
|faint|p2a: Weezing
|-end|p2a: Weezing|ability: Neutralizing Gas
|-ability|p1a: Corviknight|Pressure
|upkeep
|
|t:|1760368996
|switch|p2a: Alomomola|Alomomola, F, shiny|91/100 tox
|turn|26
|
|t:|1760369005
|move|p2a: Alomomola|Flip Turn|p1a: Corviknight
|-damage|p1a: Corviknight|91/100 par
|-damage|p2a: Alomomola|75/100 tox|[from] item: Rocky Helmet|[of] p1a: Corviknight
|
|t:|1760369009
|switch|p2a: Dragonite|Dragonite, F, shiny, tera:Normal|100/100|[from] Flip Turn
|move|p1a: Corviknight|Brave Bird|p2a: Dragonite
|-damage|p2a: Dragonite|85/100
|-damage|p1a: Corviknight|86/100 par|[from] Recoil
|
|upkeep
|turn|27
|
|t:|1760369019
|switch|p2a: Alomomola|Alomomola, F, shiny|100/100 tox
|move|p1a: Corviknight|U-turn|p2a: Alomomola
|-crit|p2a: Alomomola
|-damage|p2a: Alomomola|85/100 tox
|
|t:|1760369029
|switch|p1a: Dondozo|Dondozo, M|66/100|[from] U-turn
|
|-heal|p1a: Dondozo|72/100|[from] item: Leftovers
|-damage|p2a: Alomomola|79/100 tox|[from] psn
|upkeep
|turn|28
|
|t:|1760369038
|move|p2a: Alomomola|Flip Turn|p1a: Dondozo
|-resisted|p1a: Dondozo
|-damage|p1a: Dondozo|68/100
|
|t:|1760369045
|switch|p2a: Ogerpon|Ogerpon-Wellspring, F|25/100|[from] Flip Turn
|move|p1a: Dondozo|Curse|p1a: Dondozo
|-unboost|p1a: Dondozo|spe|1
|-boost|p1a: Dondozo|atk|1
|-boost|p1a: Dondozo|def|1
|
|-heal|p1a: Dondozo|74/100|[from] item: Leftovers
|upkeep
|turn|29
|inactive|SpongeGar & Patar has 90 seconds left.
|inactive|SpongeGar & Patar has 60 seconds left.
|
|t:|1760369093
|move|p2a: Ogerpon|Knock Off|p1a: Dondozo
|-damage|p1a: Dondozo|63/100
|-enditem|p1a: Dondozo|Leftovers|[from] move: Knock Off|[of] p2a: Ogerpon
|move|p1a: Dondozo|Body Press|p2a: Ogerpon
|-damage|p2a: Ogerpon|0 fnt
|faint|p2a: Ogerpon
|
|upkeep
|inactive|jemaisjepa has 120 seconds left.
|
|t:|1760369138
|switch|p2a: Zamazenta|Zamazenta, shiny|100/100
|turn|30
|-message|jemaisjepa forfeited.
|
|win|SpongeGar & Patar
|raw|SpongeGar &amp; Patar's rating: 1826 &rarr; <strong>1846</strong><br />(+20 for winning)
|raw|jemaisjepa's rating: 1834 &rarr; <strong>1814</strong><br />(-20 for losing)
|l|☆jemaisjepa
|player|p2|
|l|☆SpongeGar & Patar
|player|p1|
|l| seer boy2
