|j|☆Nutaas
|j|☆Tyrolini
|t:|1760429457
|gametype|singles
|player|p1|Nutaas|silver|1054
|player|p2|Tyrolini|iris|1094
|gen|9
|tier|[Gen 9] OU
|rated|
|rule|HP Percentage Mod: HP is shown in percentages
|rule|Endless Battle Clause: Forcing endless battles is banned
|rule|Species Clause: Limit one of each Pokémon
|rule|OHKO Clause: OHKO moves are banned
|rule|Evasion Items Clause: Evasion items are banned
|rule|Evasion Moves Clause: Evasion moves are banned
|rule|Evasion Abilities Clause: Evasion abilities are banned
|rule|Sleep Moves Clause: Sleep-inducing moves are banned
|clearpoke
|poke|p1|Incineroar, F|
|poke|p1|Skiploom, M|
|poke|p1|Pikachu, M|
|poke|p1|Garchomp, F|
|poke|p1|Latias, F|
|poke|p1|Amoonguss, F|
|poke|p2|Torkoal, F|
|poke|p2|Venusaur, M|
|poke|p2|Walking Wake|
|poke|p2|Hatterene, F|
|poke|p2|Kingambit, M|
|poke|p2|Dragapult, M|
|teampreview
|
|t:|1760429466
|teamsize|p1|6
|teamsize|p2|6
|start
|switch|p1a: Incineroar|Incineroar, F|100/100
|switch|p2a: God Himself.|Torkoal, F, shiny|100/100
|-ability|p1a: Incineroar|Intimidate|boost
|-unboost|p2a: God Himself.|atk|1
|-weather|SunnyDay|[from] ability: Drought|[of] p2a: God Himself.
|turn|1
|
|t:|1760429476
|move|p1a: Incineroar|Fake Out|p2a: God Himself.
|-damage|p2a: God Himself.|94/100
|cant|p2a: God Himself.|flinch
|
|-weather|SunnyDay|[upkeep]
|upkeep
|turn|2
|
|t:|1760429490
|move|p1a: Incineroar|Drain Punch|p2a: God Himself.
|-damage|p2a: God Himself.|80/100
|move|p2a: God Himself.|Earthquake|p1a: Incineroar
|-supereffective|p1a: Incineroar
|-damage|p1a: Incineroar|75/100
|
|-weather|SunnyDay|[upkeep]
|-heal|p1a: Incineroar|81/100|[from] item: Leftovers
|upkeep
|turn|3
|
|t:|1760429499
|move|p1a: Incineroar|Drain Punch|p2a: God Himself.
|-damage|p2a: God Himself.|67/100
|-heal|p1a: Incineroar|87/100|[from] drain|[of] p2a: God Himself.
|move|p2a: God Himself.|Stealth Rock|p1a: Incineroar
|-sidestart|p1: Nutaas|move: Stealth Rock
|
|-weather|SunnyDay|[upkeep]
|-heal|p1a: Incineroar|93/100|[from] item: Leftovers
|upkeep
|turn|4
|
|t:|1760429508
|switch|p2a: Chlorophyllist|Venusaur, M, shiny|100/100
|move|p1a: Incineroar|Drain Punch|p2a: Chlorophyllist
|-resisted|p2a: Chlorophyllist
|-damage|p2a: Chlorophyllist|86/100
|-heal|p1a: Incineroar|99/100|[from] drain|[of] p2a: Chlorophyllist
|
|-weather|SunnyDay|[upkeep]
|-heal|p1a: Incineroar|100/100|[from] item: Leftovers
|upkeep
|turn|5
|
|t:|1760429519
|-terastallize|p2a: Chlorophyllist|Fire
|move|p2a: Chlorophyllist|Growth|p2a: Chlorophyllist
|-boost|p2a: Chlorophyllist|atk|2
|-boost|p2a: Chlorophyllist|spa|2
|move|p1a: Incineroar|Flame Charge|p2a: Chlorophyllist
|-resisted|p2a: Chlorophyllist
|-damage|p2a: Chlorophyllist|63/100
|-boost|p1a: Incineroar|spe|1
|
|-weather|SunnyDay|[upkeep]
|upkeep
|turn|6
|
|t:|1760429531
|switch|p1a: Garchomp|Garchomp, F|100/100
|-damage|p1a: Garchomp|94/100|[from] Stealth Rock
|move|p2a: Chlorophyllist|Sludge Bomb|p1a: Garchomp
|-resisted|p1a: Garchomp
|-damage|p1a: Garchomp|48/100
|-damage|p2a: Chlorophyllist|53/100|[from] item: Life Orb
|
|-weather|SunnyDay|[upkeep]
|-heal|p1a: Garchomp|54/100|[from] item: Leftovers
|upkeep
|turn|7
|
|t:|1760429545
|move|p2a: Chlorophyllist|Giga Drain|p1a: Garchomp
|-damage|p1a: Garchomp|0 fnt
|-heal|p2a: Chlorophyllist|87/100|[from] drain|[of] p1a: Garchomp
|faint|p1a: Garchomp
|-damage|p2a: Chlorophyllist|77/100|[from] item: Life Orb
|
|-weather|SunnyDay|[upkeep]
|upkeep
|
|t:|1760429553
|switch|p1a: Pikachu|Pikachu, M|100/100
|-damage|p1a: Pikachu|88/100|[from] Stealth Rock
|turn|8
|
|t:|1760429560
|move|p2a: Chlorophyllist|Sludge Bomb|p1a: Pikachu
|-damage|p1a: Pikachu|0 fnt
|faint|p1a: Pikachu
|-damage|p2a: Chlorophyllist|67/100|[from] item: Life Orb
|
|-weather|none
|upkeep
|
|t:|1760429572
|switch|p1a: Latias|Latias, F|100/100
|-damage|p1a: Latias|88/100|[from] Stealth Rock
|turn|9
|
|t:|1760429579
|move|p2a: Chlorophyllist|Sludge Bomb|p1a: Latias
|-damage|p1a: Latias|21/100
|-damage|p2a: Chlorophyllist|57/100|[from] item: Life Orb
|move|p1a: Latias|Dragon Dance|p1a: Latias
|-boost|p1a: Latias|atk|1
|-boost|p1a: Latias|spe|1
|
|upkeep
|turn|10
|
|t:|1760429597
|move|p1a: Latias|Psychic|p2a: Chlorophyllist
|-damage|p2a: Chlorophyllist|11/100
|move|p2a: Chlorophyllist|Giga Drain|p1a: Latias
|-resisted|p1a: Latias
|-damage|p1a: Latias|0 fnt
|-heal|p2a: Chlorophyllist|23/100|[from] drain|[of] p1a: Latias
|faint|p1a: Latias
|-damage|p2a: Chlorophyllist|13/100|[from] item: Life Orb
|
|upkeep
|
|t:|1760429607
|switch|p1a: Incineroar|Incineroar, F|100/100
|-damage|p1a: Incineroar|76/100|[from] Stealth Rock
|-ability|p1a: Incineroar|Intimidate|boost
|-unboost|p2a: Chlorophyllist|atk|1
|turn|11
|
|t:|1760429613
|move|p2a: Chlorophyllist|Sludge Bomb|p1a: Incineroar
|-damage|p1a: Incineroar|0 fnt
|faint|p1a: Incineroar
|-damage|p2a: Chlorophyllist|3/100|[from] item: Life Orb
|
|upkeep
|-message|Nutaas forfeited.
|
|win|Tyrolini
|raw|Nutaas's rating: 1054 &rarr; <strong>1038</strong><br />(-16 for losing)
|raw|Tyrolini's rating: 1094 &rarr; <strong>1117</strong><br />(+23 for winning)
|l|☆Nutaas
|player|p1|
|l|☆Tyrolini
|player|p2|
