|j|☆Wittle_Simp
|j|☆N0t-rm0n
|t:|1760319812
|gametype|singles
|player|p1|Wittle_Simp|harlequin|
|player|p2|N0t-rm0n|preschooler|
|gen|9
|tier|[Gen 9] OU
|rule|HP Percentage Mod: HP is shown in percentages
|rule|Endless Battle Clause: Forcing endless battles is banned
|rule|Species Clause: Limit one of each Pokémon
|rule|OHKO Clause: OHKO moves are banned
|rule|Evasion Items Clause: Evasion items are banned
|rule|Evasion Moves Clause: Evasion moves are banned
|rule|Evasion Abilities Clause: Evasion abilities are banned
|rule|Sleep Moves Clause: Sleep-inducing moves are banned
|clearpoke
|poke|p1|Ninetales-Alola, F|
|poke|p1|Basculegion-F, F|
|poke|p1|Thundurus, M|
|poke|p1|Torkoal, F|
|poke|p1|Cloyster, F|
|poke|p1|Slither Wing|
|poke|p2|Deoxys-Speed|
|poke|p2|Indeedee, M|
|poke|p2|Hawlucha, F|
|poke|p2|Iron Valiant|
|poke|p2|Alomomola, F|
|poke|p2|Dragonite, M|
|teampreview
|
|t:|1760319825
|teamsize|p1|6
|teamsize|p2|6
|start
|switch|p1a: Big Dig Randy|Thundurus, M|100/100
|switch|p2a: Deoxys|Deoxys-Speed|100/100
|-ability|p2a: Deoxys|Pressure
|turn|1
|
|t:|1760319837
|move|p1a: Big Dig Randy|Taunt|p2a: Deoxys
|-start|p2a: Deoxys|move: Taunt
|cant|p2a: Deoxys|move: Taunt|Stealth Rock
|
|upkeep
|turn|2
|
|t:|1760319852
|move|p2a: Deoxys|Psycho Boost|p1a: Big Dig Randy
|-damage|p1a: Big Dig Randy|12/100
|-unboost|p2a: Deoxys|spa|2
|move|p1a: Big Dig Randy|U-turn|p2a: Deoxys
|-supereffective|p2a: Deoxys
|-damage|p2a: Deoxys|36/100
|
|t:|1760319861
|switch|p1a: Stegosaurus|Slither Wing, shiny|100/100|[from] U-turn
|
|upkeep
|turn|3
|
|t:|1760319864
|switch|p2a: Alomomola|Alomomola, F|100/100
|move|p1a: Stegosaurus|First Impression|p2a: Alomomola
|-crit|p2a: Alomomola
|-damage|p2a: Alomomola|35/100
|-damage|p1a: Stegosaurus|91/100|[from] item: Life Orb
|
|-heal|p2a: Alomomola|42/100|[from] item: Leftovers
|upkeep
|turn|4
|
|t:|1760319874
|move|p2a: Alomomola|Protect|p2a: Alomomola
|-singleturn|p2a: Alomomola|Protect
|move|p1a: Stegosaurus|Close Combat|p2a: Alomomola
|-activate|p2a: Alomomola|move: Protect
|
|-heal|p2a: Alomomola|48/100|[from] item: Leftovers
|upkeep
|turn|5
|
|t:|1760319889
|switch|p2a: Deoxys|Deoxys-Speed|36/100
|-ability|p2a: Deoxys|Pressure
|move|p1a: Stegosaurus|U-turn|p2a: Deoxys
|-supereffective|p2a: Deoxys
|-damage|p2a: Deoxys|0 fnt
|faint|p2a: Deoxys
|-damage|p1a: Stegosaurus|81/100|[from] item: Life Orb
|
|t:|1760319910
|-end|p1a: Stegosaurus|Protosynthesis|[silent]
|switch|p1a: Kimchi|Basculegion-F, F|100/100|[from] U-turn
|
|upkeep
|
|t:|1760319916
|switch|p2a: Indeedee|Indeedee, M|100/100
|-fieldstart|move: Psychic Terrain|[from] ability: Psychic Surge|[of] p2a: Indeedee
|turn|6
|
|t:|1760319930
|move|p2a: Indeedee|Expanding Force|p1a: Kimchi
|-damage|p1a: Kimchi|26/100
|move|p1a: Kimchi|Surf|p2a: Indeedee
|-damage|p2a: Indeedee|2/100
|
|upkeep
|turn|7
|
|t:|1760319954
|switch|p1a: Big Dig Randy|Thundurus, M|12/100
|move|p2a: Indeedee|Expanding Force|p1a: Big Dig Randy
|-damage|p1a: Big Dig Randy|0 fnt
|faint|p1a: Big Dig Randy
|
|upkeep
|
|t:|1760319962
|switch|p1a: Stegosaurus|Slither Wing, shiny|81/100
|turn|8
|
|t:|1760319966
|switch|p2a: Alomomola|Alomomola, F|81/100
|move|p1a: Stegosaurus|First Impression|p2a: Alomomola
|-activate|p2a: Alomomola|move: Psychic Terrain
|
|-heal|p2a: Alomomola|87/100|[from] item: Leftovers
|upkeep
|turn|9
|
|t:|1760320000
|-end|p1a: Stegosaurus|Protosynthesis|[silent]
|switch|p1a: furry bait|Ninetales-Alola, F, shiny|100/100
|-weather|Snowscape|[from] ability: Snow Warning|[of] p1a: furry bait
|move|p2a: Alomomola|Flip Turn|p1a: furry bait
|-damage|p1a: furry bait|86/100
|
|t:|1760320016
|switch|p2a: Hawlucha|Hawlucha, F|100/100|[from] Flip Turn
|-enditem|p2a: Hawlucha|Psychic Seed
|-boost|p2a: Hawlucha|spd|1|[from] item: Psychic Seed
|
|-weather|Snowscape|[upkeep]
|upkeep
|turn|10
|
|t:|1760320023
|switch|p1a: Here comes the sun|Torkoal, F|100/100
|-weather|SunnyDay|[from] ability: Drought|[of] p1a: Here comes the sun
|-terastallize|p2a: Hawlucha|Fighting
|move|p2a: Hawlucha|Swords Dance|p2a: Hawlucha
|-boost|p2a: Hawlucha|atk|2
|
|-weather|SunnyDay|[upkeep]
|upkeep
|turn|11
|
|t:|1760320032
|move|p2a: Hawlucha|Substitute|p2a: Hawlucha
|-start|p2a: Hawlucha|Substitute
|-damage|p2a: Hawlucha|76/100
|move|p1a: Here comes the sun|Iron Defense|p1a: Here comes the sun
|-boost|p1a: Here comes the sun|def|2
|
|-weather|SunnyDay|[upkeep]
|upkeep
|turn|12
|
|t:|1760320040
|move|p2a: Hawlucha|Close Combat|p1a: Here comes the sun
|-damage|p1a: Here comes the sun|59/100
|-unboost|p2a: Hawlucha|def|1
|-unboost|p2a: Hawlucha|spd|1
|-enditem|p1a: Here comes the sun|Red Card|[of] p2a: Hawlucha
|drag|p2a: Alomomola|Alomomola, F|100/100
|move|p1a: Here comes the sun|Iron Defense|p1a: Here comes the sun
|-boost|p1a: Here comes the sun|def|2
|
|-weather|SunnyDay|[upkeep]
|upkeep
|turn|13
|
|t:|1760320053
|-terastallize|p1a: Here comes the sun|Grass
|move|p2a: Alomomola|Protect|p2a: Alomomola
|-singleturn|p2a: Alomomola|Protect
|move|p1a: Here comes the sun|Solar Beam||[still]
|-prepare|p1a: Here comes the sun|Solar Beam
|-anim|p1a: Here comes the sun|Solar Beam|p2a: Alomomola
|-activate|p2a: Alomomola|move: Protect
|
|-weather|SunnyDay|[upkeep]
|-fieldend|move: Psychic Terrain
|upkeep
|turn|14
|
|t:|1760320065
|move|p2a: Alomomola|Flip Turn|p1a: Here comes the sun
|-resisted|p1a: Here comes the sun
|-damage|p1a: Here comes the sun|59/100
|
|t:|1760320084
|switch|p2a: Indeedee|Indeedee, M|2/100|[from] Flip Turn
|-fieldstart|move: Psychic Terrain|[from] ability: Psychic Surge|[of] p2a: Indeedee
|move|p1a: Here comes the sun|Iron Defense|p1a: Here comes the sun
|-boost|p1a: Here comes the sun|def|2
|
|-weather|none
|upkeep
|turn|15
|
|t:|1760320097
|move|p2a: Indeedee|Expanding Force|p1a: Here comes the sun
|-damage|p1a: Here comes the sun|0 fnt
|faint|p1a: Here comes the sun
|
|upkeep
|
|t:|1760320112
|switch|p1a: furry bait|Ninetales-Alola, F, shiny|86/100
|-weather|Snowscape|[from] ability: Snow Warning|[of] p1a: furry bait
|turn|16
|
|t:|1760320125
|switch|p2a: Alomomola|Alomomola, F|100/100
|move|p1a: furry bait|Blizzard|p2a: Alomomola
|-resisted|p2a: Alomomola
|-damage|p2a: Alomomola|85/100
|
|-weather|Snowscape|[upkeep]
|-heal|p2a: Alomomola|91/100|[from] item: Leftovers
|upkeep
|turn|17
|
|t:|1760320138
|move|p2a: Alomomola|Protect|p2a: Alomomola
|-singleturn|p2a: Alomomola|Protect
|move|p1a: furry bait|Dazzling Gleam|p2a: Alomomola
|-activate|p2a: Alomomola|move: Protect
|
|-weather|Snowscape|[upkeep]
|-heal|p2a: Alomomola|98/100|[from] item: Leftovers
|upkeep
|turn|18
|
|t:|1760320147
|move|p1a: furry bait|Dazzling Gleam|p2a: Alomomola
|-damage|p2a: Alomomola|73/100
|move|p2a: Alomomola|Flip Turn|p1a: furry bait
|-damage|p1a: furry bait|70/100
|
|t:|1760320149
|switch|p2a: Iron Valiant|Iron Valiant|100/100|[from] Flip Turn
|-enditem|p2a: Iron Valiant|Booster Energy
|-activate|p2a: Iron Valiant|ability: Quark Drive|[fromitem]
|-start|p2a: Iron Valiant|quarkdrivespe
|
|-weather|Snowscape|[upkeep]
|upkeep
|turn|19
|
|t:|1760320177
|move|p2a: Iron Valiant|Expanding Force|p1a: furry bait
|-damage|p1a: furry bait|8/100
|move|p1a: furry bait|Chilling Water|p2a: Iron Valiant
|-damage|p2a: Iron Valiant|79/100
|-unboost|p2a: Iron Valiant|atk|1
|
|-weather|Snowscape|[upkeep]
|upkeep
|turn|20
|
|t:|1760320186
|move|p2a: Iron Valiant|Expanding Force|p1a: furry bait
|-damage|p1a: furry bait|0 fnt
|faint|p1a: furry bait
|
|-weather|Snowscape|[upkeep]
|upkeep
|
|t:|1760320193
|switch|p1a: Kimchi|Basculegion-F, F|26/100
|turn|21
|
|t:|1760320200
|move|p2a: Iron Valiant|Expanding Force|p1a: Kimchi
|-damage|p1a: Kimchi|0 fnt
|faint|p1a: Kimchi
|
|-weather|Snowscape|[upkeep]
|-fieldend|move: Psychic Terrain
|upkeep
|
|t:|1760320240
|switch|p1a: Stegosaurus|Slither Wing, shiny|81/100
|turn|22
|
|t:|1760320244
|-end|p2a: Iron Valiant|Quark Drive|[silent]
|switch|p2a: Indeedee|Indeedee, M|2/100
|-fieldstart|move: Psychic Terrain|[from] ability: Psychic Surge|[of] p2a: Indeedee
|move|p1a: Stegosaurus|First Impression|p2a: Indeedee
|-activate|p2a: Indeedee|move: Psychic Terrain
|
|-weather|Snowscape|[upkeep]
|upkeep
|turn|23
|
|t:|1760320255
|move|p2a: Indeedee|Expanding Force|p1a: Stegosaurus
|-supereffective|p1a: Stegosaurus
|-damage|p1a: Stegosaurus|0 fnt
|faint|p1a: Stegosaurus
|-end|p1a: Stegosaurus|Protosynthesis|[silent]
|
|-weather|none
|upkeep
|
|t:|1760320264
|switch|p1a: 1A 1A 1A|Cloyster, F, shiny|100/100
|turn|24
|
|t:|1760320296
|move|p2a: Indeedee|Expanding Force|p1a: 1A 1A 1A
|-damage|p1a: 1A 1A 1A|0 fnt
|faint|p1a: 1A 1A 1A
|
|win|N0t-rm0n
|l|☆Wittle_Simp
|player|p1|
