|j|☆sou prtg e mm me
|j|☆Ellesime
|t:|1760364500
|gametype|singles
|player|p1|sou prtg e mm me|2|1091
|player|p2|Ellesime|cheryl|1101
|gen|9
|tier|[Gen 9] OU
|rated|
|rule|HP Percentage Mod: HP is shown in percentages
|rule|Endless Battle Clause: Forcing endless battles is banned
|rule|Species Clause: Limit one of each Pokémon
|rule|OHKO Clause: OHKO moves are banned
|rule|Evasion Items Clause: Evasion items are banned
|rule|Evasion Moves Clause: Evasion moves are banned
|rule|Evasion Abilities Clause: Evasion abilities are banned
|rule|Sleep Moves Clause: Sleep-inducing moves are banned
|clearpoke
|poke|p1|Ceruledge, F|
|poke|p1|Ninetales, M|
|poke|p1|Leavanny, F|
|poke|p1|Great Tusk|
|poke|p1|Walking Wake|
|poke|p1|Raging Bolt|
|poke|p2|Milotic, F|
|poke|p2|Hitmonlee, M|
|poke|p2|Zoroark, M|
|poke|p2|Clawitzer, F|
|poke|p2|Magcargo, M|
|poke|p2|Muk, F|
|teampreview
|
|t:|1760364516
|teamsize|p1|6
|teamsize|p2|6
|start
|switch|p1a: Leavanny|Leavanny, F|100/100
|switch|p2a: Bayle The Dread|Magcargo, M|100/100
|turn|1
|
|t:|1760364530
|move|p1a: Leavanny|Sticky Web|p2a: Bayle The Dread
|-sidestart|p2: Ellesime|move: Sticky Web
|move|p2a: Bayle The Dread|Substitute|p2a: Bayle The Dread
|-start|p2a: Bayle The Dread|Substitute
|-damage|p2a: Bayle The Dread|76/100
|
|upkeep
|turn|2
|
|t:|1760364536
|move|p1a: Leavanny|Low Kick|p2a: Bayle The Dread
|-supereffective|p2a: Bayle The Dread
|-end|p2a: Bayle The Dread|Substitute
|move|p2a: Bayle The Dread|Shell Smash|p2a: Bayle The Dread
|-unboost|p2a: Bayle The Dread|def|1
|-unboost|p2a: Bayle The Dread|spd|1
|-boost|p2a: Bayle The Dread|atk|2
|-boost|p2a: Bayle The Dread|spa|2
|-boost|p2a: Bayle The Dread|spe|2
|-enditem|p2a: Bayle The Dread|White Herb
|-clearnegativeboost|p2a: Bayle The Dread|[silent]
|
|upkeep
|turn|3
|
|t:|1760364548
|switch|p1a: Ninetales|Ninetales, M|100/100
|-weather|SunnyDay|[from] ability: Drought|[of] p1a: Ninetales
|move|p2a: Bayle The Dread|Flamethrower|p1a: Ninetales
|-resisted|p1a: Ninetales
|-damage|p1a: Ninetales|45/100
|
|-weather|SunnyDay|[upkeep]
|upkeep
|turn|4
|
|t:|1760364557
|move|p1a: Ninetales|Scorching Sands|p2a: Bayle The Dread
|-supereffective|p2a: Bayle The Dread
|-damage|p2a: Bayle The Dread|0 fnt
|faint|p2a: Bayle The Dread
|
|-weather|SunnyDay|[upkeep]
|upkeep
|
|t:|1760364563
|switch|p2a: Susan|Milotic, F|100/100
|-activate|p2a: Susan|move: Sticky Web
|-unboost|p2a: Susan|spe|1
|turn|5
|
|t:|1760364567
|switch|p1a: Leavanny|Leavanny, F|100/100
|move|p2a: Susan|Aqua Ring|p2a: Susan
|-start|p2a: Susan|Aqua Ring
|
|-weather|SunnyDay|[upkeep]
|upkeep
|turn|6
|
|t:|1760364573
|move|p1a: Leavanny|Sticky Web||[still]
|-fail|p1a: Leavanny
|move|p2a: Susan|Ice Beam|p1a: Leavanny
|-supereffective|p1a: Leavanny
|-damage|p1a: Leavanny|40/100
|
|-weather|SunnyDay|[upkeep]
|upkeep
|turn|7
|
|t:|1760364580
|move|p1a: Leavanny|Leaf Storm|p2a: Susan
|-supereffective|p2a: Susan
|-damage|p2a: Susan|41/100
|-unboost|p1a: Leavanny|spa|2
|-enditem|p1a: Leavanny|Eject Pack
|
|t:|1760364586
|switch|p1a: Walking Wake|Walking Wake|100/100
|-activate|p1a: Walking Wake|ability: Protosynthesis
|-start|p1a: Walking Wake|protosynthesisspa
|move|p2a: Susan|Ice Beam|p1a: Walking Wake
|-damage|p1a: Walking Wake|78/100
|
|-weather|SunnyDay|[upkeep]
|-heal|p2a: Susan|47/100|[from] item: Leftovers
|-heal|p2a: Susan|53/100|[from] Aqua Ring
|upkeep
|turn|8
|
|t:|1760364599
|-terastallize|p1a: Walking Wake|Water
|move|p1a: Walking Wake|Hydro Steam|p2a: Susan
|-resisted|p2a: Susan
|-damage|p2a: Susan|0 fnt
|faint|p2a: Susan
|
|-weather|SunnyDay|[upkeep]
|upkeep
|
|t:|1760364608
|switch|p2a: Andrew|Hitmonlee, M|100/100
|-activate|p2a: Andrew|move: Sticky Web
|-unboost|p2a: Andrew|spe|1
|turn|9
|
|t:|1760364612
|move|p1a: Walking Wake|Hydro Steam|p2a: Andrew
|-enditem|p2a: Andrew|Focus Sash
|-damage|p2a: Andrew|1/100
|move|p2a: Andrew|Endeavor|p1a: Walking Wake
|-damage|p1a: Walking Wake|1/100
|
|-weather|SunnyDay|[upkeep]
|upkeep
|turn|10
|
|t:|1760364624
|-end|p1a: Walking Wake|Protosynthesis|[silent]
|switch|p1a: Great Tusk|Great Tusk|100/100
|-activate|p1a: Great Tusk|ability: Protosynthesis
|-start|p1a: Great Tusk|protosynthesisatk
|move|p2a: Andrew|Bullet Punch|p1a: Great Tusk
|-damage|p1a: Great Tusk|91/100
|
|-weather|none
|-end|p1a: Great Tusk|Protosynthesis
|upkeep
|turn|11
|
|t:|1760364635
|move|p2a: Andrew|Endure|p2a: Andrew
|-singleturn|p2a: Andrew|move: Endure
|move|p1a: Great Tusk|Headlong Rush|p2a: Andrew
|-activate|p2a: Andrew|move: Endure
|-damage|p2a: Andrew|1/100
|-unboost|p1a: Great Tusk|def|1
|-unboost|p1a: Great Tusk|spd|1
|
|upkeep
|turn|12
|
|t:|1760364647
|move|p1a: Great Tusk|Ice Spinner|p2a: Andrew
|-damage|p2a: Andrew|0 fnt
|faint|p2a: Andrew
|
|upkeep
|
|t:|1760364651
|switch|p2a: Bob|Muk, F|100/100
|-activate|p2a: Bob|move: Sticky Web
|-unboost|p2a: Bob|spe|1
|turn|13
|
|t:|1760364656
|move|p1a: Great Tusk|Headlong Rush|p2a: Bob
|-damage|p2a: Bob|0 fnt
|-unboost|p1a: Great Tusk|def|1
|-unboost|p1a: Great Tusk|spd|1
|replace|p2a: Jeremy|Zoroark, M
|-end|p2a: Jeremy|Illusion
|faint|p2a: Jeremy
|
|upkeep
|
|t:|1760364662
|switch|p2a: Igon|Clawitzer, F|100/100
|-activate|p2a: Igon|move: Sticky Web
|-unboost|p2a: Igon|spe|1
|turn|14
|
|t:|1760364668
|-end|p1a: Great Tusk|Protosynthesis|[silent]
|switch|p1a: Ninetales|Ninetales, M|45/100
|-weather|SunnyDay|[from] ability: Drought|[of] p1a: Ninetales
|move|p2a: Igon|Water Pulse|p1a: Ninetales
|-supereffective|p1a: Ninetales
|-damage|p1a: Ninetales|0 fnt
|faint|p1a: Ninetales
|
|-weather|SunnyDay|[upkeep]
|upkeep
|
|t:|1760364678
|switch|p1a: Ceruledge|Ceruledge, F|100/100
|turn|15
|
|t:|1760364683
|move|p1a: Ceruledge|Solar Blade||[still]
|-prepare|p1a: Ceruledge|Solar Blade
|-anim|p1a: Ceruledge|Solar Blade|p2a: Igon
|-supereffective|p2a: Igon
|-damage|p2a: Igon|0 fnt
|faint|p2a: Igon
|
|-weather|SunnyDay|[upkeep]
|upkeep
|
|t:|1760364689
|switch|p2a: Bob|Muk, F|100/100
|-activate|p2a: Bob|move: Sticky Web
|-unboost|p2a: Bob|spe|1
|turn|16
|
|t:|1760364695
|switch|p1a: Great Tusk|Great Tusk|91/100
|-activate|p1a: Great Tusk|ability: Protosynthesis
|-start|p1a: Great Tusk|protosynthesisatk
|move|p2a: Bob|Knock Off|p1a: Great Tusk
|-resisted|p1a: Great Tusk
|-damage|p1a: Great Tusk|79/100
|-enditem|p1a: Great Tusk|Heavy-Duty Boots|[from] move: Knock Off|[of] p2a: Bob
|
|-weather|SunnyDay|[upkeep]
|upkeep
|turn|17
|
|t:|1760364708
|move|p1a: Great Tusk|Headlong Rush|p2a: Bob
|-supereffective|p2a: Bob
|-damage|p2a: Bob|0 fnt
|-unboost|p1a: Great Tusk|def|1
|-unboost|p1a: Great Tusk|spd|1
|faint|p2a: Bob
|
|win|sou prtg e mm me
|raw|sou prtg e mm me's rating: 1091 &rarr; <strong>1118</strong><br />(+27 for winning)
|raw|Ellesime's rating: 1101 &rarr; <strong>1075</strong><br />(-26 for losing)
|l|☆sou prtg e mm me
|player|p1|
|l|☆Ellesime
|player|p2|
