|j|☆MegaFartMaster
|j|☆Mortal Jungle
|t:|1760453016
|gametype|singles
|player|p1|MegaFartMaster|worker|1107
|player|p2|Mortal Jungle|265|1129
|gen|9
|tier|[Gen 9] OU
|rated|
|rule|HP Percentage Mod: HP is shown in percentages
|rule|Endless Battle Clause: Forcing endless battles is banned
|rule|Species Clause: Limit one of each Pokémon
|rule|OHKO Clause: OHKO moves are banned
|rule|Evasion Items Clause: Evasion items are banned
|rule|Evasion Moves Clause: Evasion moves are banned
|rule|Evasion Abilities Clause: Evasion abilities are banned
|rule|Sleep Moves Clause: Sleep-inducing moves are banned
|clearpoke
|poke|p1|Tyranitar, M|
|poke|p1|Excadrill, M|
|poke|p1|Ogerpon-Wellspring, F|
|poke|p1|Sandaconda, M|
|poke|p1|Houndstone, M|
|poke|p1|Rotom-Heat|
|poke|p2|Rillaboom, M|
|poke|p2|Arcanine-Hisui, M|
|poke|p2|Latias, F|
|poke|p2|Iron Valiant|
|poke|p2|Iron Crown|
|poke|p2|Donphan, F|
|teampreview
|inactive|Battle timer is ON: inactive players will automatically lose when time's up. (requested by MegaFartMaster)
|
|t:|1760453022
|teamsize|p1|6
|teamsize|p2|6
|start
|switch|p1a: Sandaconda|Sandaconda, M|100/100
|switch|p2a: Donald John Prez|Donphan, F, shiny|100/100
|turn|1
|
|t:|1760453032
|move|p2a: Donald John Prez|Stealth Rock|p1a: Sandaconda
|-sidestart|p1: MegaFartMaster|move: Stealth Rock
|move|p1a: Sandaconda|Stealth Rock|p2a: Donald John Prez
|-sidestart|p2: Mortal Jungle|move: Stealth Rock
|
|upkeep
|turn|2
|
|t:|1760453040
|move|p2a: Donald John Prez|Rapid Spin|p1a: Sandaconda
|-damage|p1a: Sandaconda|89/100
|-boost|p2a: Donald John Prez|spe|1
|-damage|p2a: Donald John Prez|84/100|[from] item: Rocky Helmet|[of] p1a: Sandaconda
|-weather|Sandstorm|[from] ability: Sand Spit|[of] p1a: Sandaconda
|-sideend|p2: Mortal Jungle|Stealth Rock|[from] move: Rapid Spin|[of] p2a: Donald John Prez
|move|p1a: Sandaconda|Earthquake|p2a: Donald John Prez
|-damage|p2a: Donald John Prez|48/100
|
|-weather|Sandstorm|[upkeep]
|upkeep
|turn|3
|
|t:|1760453051
|move|p2a: Donald John Prez|Ice Spinner|p1a: Sandaconda
|-supereffective|p1a: Sandaconda
|-damage|p1a: Sandaconda|55/100
|-damage|p2a: Donald John Prez|32/100|[from] item: Rocky Helmet|[of] p1a: Sandaconda
|move|p1a: Sandaconda|Stealth Rock|p2a: Donald John Prez
|-sidestart|p2: Mortal Jungle|move: Stealth Rock
|
|-weather|Sandstorm|[upkeep]
|upkeep
|turn|4
|
|t:|1760453057
|switch|p1a: Houndstone|Houndstone, M|100/100
|-damage|p1a: Houndstone|88/100|[from] Stealth Rock
|move|p2a: Donald John Prez|Rapid Spin|p1a: Houndstone
|-immune|p1a: Houndstone
|
|-weather|Sandstorm|[upkeep]
|upkeep
|turn|5
|
|t:|1760453080
|move|p1a: Houndstone|Poltergeist|p2a: Donald John Prez
|-activate|p2a: Donald John Prez|move: Poltergeist|Custap Berry
|-damage|p2a: Donald John Prez|0 fnt
|faint|p2a: Donald John Prez
|
|-weather|Sandstorm|[upkeep]
|upkeep
|
|t:|1760453099
|switch|p2a: Themothy|Iron Valiant|100/100
|-damage|p2a: Themothy|94/100|[from] Stealth Rock
|-enditem|p2a: Themothy|Booster Energy
|-activate|p2a: Themothy|ability: Quark Drive|[fromitem]
|-start|p2a: Themothy|quarkdrivespe
|turn|6
|
|t:|1760453111
|move|p2a: Themothy|Encore|p1a: Houndstone
|-start|p1a: Houndstone|Encore
|move|p1a: Houndstone|Poltergeist||[still]
|-fail|p1a: Houndstone
|
|-weather|none
|upkeep
|turn|7
|
|t:|1760453125
|switch|p1a: Sandaconda|Sandaconda, M|55/100
|-damage|p1a: Sandaconda|49/100|[from] Stealth Rock
|move|p2a: Themothy|Swords Dance|p2a: Themothy
|-boost|p2a: Themothy|atk|2
|
|upkeep
|turn|8
|
|t:|1760453135
|move|p2a: Themothy|Spirit Break|p1a: Sandaconda
|-damage|p1a: Sandaconda|0 fnt
|-damage|p2a: Themothy|78/100|[from] item: Rocky Helmet|[of] p1a: Sandaconda
|-weather|Sandstorm|[from] ability: Sand Spit|[of] p1a: Sandaconda
|faint|p1a: Sandaconda
|
|-weather|Sandstorm|[upkeep]
|-damage|p2a: Themothy|71/100|[from] Sandstorm
|upkeep
|
|t:|1760453146
|switch|p1a: Excadrill|Excadrill, M|100/100
|-damage|p1a: Excadrill|97/100|[from] Stealth Rock
|-item|p1a: Excadrill|Air Balloon
|turn|9
|
|t:|1760453173
|-end|p2a: Themothy|Quark Drive|[silent]
|switch|p2a: Ringo|Rillaboom, M|100/100
|-damage|p2a: Ringo|88/100|[from] Stealth Rock
|-fieldstart|move: Grassy Terrain|[from] ability: Grassy Surge|[of] p2a: Ringo
|move|p1a: Excadrill|Iron Head|p2a: Ringo
|-damage|p2a: Ringo|34/100
|
|-weather|Sandstorm|[upkeep]
|-damage|p2a: Ringo|27/100|[from] Sandstorm
|-heal|p2a: Ringo|34/100|[from] Grassy Terrain
|upkeep
|turn|10
|
|t:|1760453193
|move|p2a: Ringo|Grassy Glide|p1a: Excadrill
|-damage|p1a: Excadrill|43/100
|-enditem|p1a: Excadrill|Air Balloon
|move|p1a: Excadrill|Swords Dance|p1a: Excadrill
|-boost|p1a: Excadrill|atk|2
|
|-weather|Sandstorm|[upkeep]
|-damage|p2a: Ringo|27/100|[from] Sandstorm
|-heal|p1a: Excadrill|49/100|[from] Grassy Terrain
|-heal|p2a: Ringo|34/100|[from] Grassy Terrain
|upkeep
|turn|11
|
|t:|1760453205
|-terastallize|p1a: Excadrill|Dragon
|move|p2a: Ringo|Grassy Glide|p1a: Excadrill
|-resisted|p1a: Excadrill
|-damage|p1a: Excadrill|21/100
|move|p1a: Excadrill|Rapid Spin|p2a: Ringo
|-damage|p2a: Ringo|0 fnt
|-boost|p1a: Excadrill|spe|1
|-sideend|p1: MegaFartMaster|Stealth Rock|[from] move: Rapid Spin|[of] p1a: Excadrill
|faint|p2a: Ringo
|
|-weather|Sandstorm|[upkeep]
|-heal|p1a: Excadrill|27/100|[from] Grassy Terrain
|upkeep
|
|t:|1760453214
|switch|p2a: Symon Peter|Arcanine-Hisui, M|100/100
|-damage|p2a: Symon Peter|76/100|[from] Stealth Rock
|turn|12
|
|t:|1760453220
|move|p2a: Symon Peter|Extreme Speed|p1a: Excadrill
|-damage|p1a: Excadrill|0 fnt
|faint|p1a: Excadrill
|-damage|p2a: Symon Peter|66/100|[from] item: Life Orb
|
|-weather|none
|-heal|p2a: Symon Peter|72/100|[from] Grassy Terrain
|upkeep
|
|t:|1760453232
|switch|p1a: Ogerpon|Ogerpon-Wellspring, F|100/100
|turn|13
|
|t:|1760453238
|switch|p2a: Master Manipulator|Latias, F, shiny|100/100
|-damage|p2a: Master Manipulator|88/100|[from] Stealth Rock
|-enditem|p2a: Master Manipulator|Grassy Seed
|-boost|p2a: Master Manipulator|def|1|[from] item: Grassy Seed
|move|p1a: Ogerpon|Ivy Cudgel|p2a: Master Manipulator|[anim] Ivy Cudgel Water
|-resisted|p2a: Master Manipulator
|-damage|p2a: Master Manipulator|68/100
|
|-fieldend|move: Grassy Terrain
|upkeep
|turn|14
|inactive|MegaFartMaster has 120 seconds left.
|inactive|MegaFartMaster has 90 seconds left.
|
|t:|1760453310
|move|p1a: Ogerpon|Knock Off|p2a: Master Manipulator
|-supereffective|p2a: Master Manipulator
|-damage|p2a: Master Manipulator|33/100
|move|p2a: Master Manipulator|Agility|p2a: Master Manipulator
|-boost|p2a: Master Manipulator|spe|2
|
|upkeep
|turn|15
|
|t:|1760453321
|-terastallize|p2a: Master Manipulator|Poison
|move|p2a: Master Manipulator|Calm Mind|p2a: Master Manipulator
|-boost|p2a: Master Manipulator|spa|1
|-boost|p2a: Master Manipulator|spd|1
|move|p1a: Ogerpon|Knock Off|p2a: Master Manipulator
|-damage|p2a: Master Manipulator|15/100
|
|upkeep
|turn|16
|inactive|MegaFartMaster has 90 seconds left.
|
|t:|1760453351
|move|p2a: Master Manipulator|Stored Power|p1a: Ogerpon
|-crit|p1a: Ogerpon
|-damage|p1a: Ogerpon|0 fnt
|faint|p1a: Ogerpon
|
|upkeep
|
|t:|1760453356
|switch|p1a: Houndstone|Houndstone, M|88/100
|turn|17
|
|t:|1760453360
|move|p1a: Houndstone|Shadow Sneak|p2a: Master Manipulator
|-damage|p2a: Master Manipulator|0 fnt
|faint|p2a: Master Manipulator
|
|upkeep
|
|t:|1760453378
|switch|p2a: Symon Peter|Arcanine-Hisui, M|72/100
|-damage|p2a: Symon Peter|47/100|[from] Stealth Rock
|turn|18
|inactive|MegaFartMaster has 90 seconds left.
|
|t:|1760453394
|move|p1a: Houndstone|Shadow Sneak|p2a: Symon Peter
|-damage|p2a: Symon Peter|10/100
|move|p2a: Symon Peter|Will-O-Wisp|p1a: Houndstone
|-status|p1a: Houndstone|brn
|
|-damage|p1a: Houndstone|82/100 brn|[from] brn
|upkeep
|turn|19
|
|t:|1760453406
|move|p1a: Houndstone|Shadow Sneak|p2a: Symon Peter
|-crit|p2a: Symon Peter
|-damage|p2a: Symon Peter|0 fnt
|faint|p2a: Symon Peter
|
|-damage|p1a: Houndstone|76/100 brn|[from] brn
|upkeep
|
|t:|1760453415
|switch|p2a: Self-Center|Iron Crown|100/100
|-damage|p2a: Self-Center|94/100|[from] Stealth Rock
|-enditem|p2a: Self-Center|Booster Energy
|-activate|p2a: Self-Center|ability: Quark Drive|[fromitem]
|-start|p2a: Self-Center|quarkdrivespe
|turn|20
|
|t:|1760453423
|switch|p1a: Tyranitar|Tyranitar, M|100/100
|-weather|Sandstorm|[from] ability: Sand Stream|[of] p1a: Tyranitar
|move|p2a: Self-Center|Iron Defense|p2a: Self-Center
|-boost|p2a: Self-Center|def|2
|
|-weather|Sandstorm|[upkeep]
|upkeep
|turn|21
|inactive|MegaFartMaster has 90 seconds left.
|
|t:|1760453445
|move|p2a: Self-Center|Iron Defense|p2a: Self-Center
|-boost|p2a: Self-Center|def|2
|move|p1a: Tyranitar|Roar|p2a: Self-Center
|-end|p2a: Self-Center|Quark Drive|[silent]
|drag|p2a: Themothy|Iron Valiant|71/100
|-damage|p2a: Themothy|65/100|[from] Stealth Rock
|
|-weather|Sandstorm|[upkeep]
|-damage|p2a: Themothy|59/100|[from] Sandstorm
|upkeep
|turn|22
|inactive|MegaFartMaster has 90 seconds left.
|inactive|MegaFartMaster has 60 seconds left.
|
|t:|1760453500
|switch|p1a: Houndstone|Houndstone, M|76/100 brn
|move|p2a: Themothy|Spirit Break|p1a: Houndstone
|-damage|p1a: Houndstone|32/100 brn
|-unboost|p1a: Houndstone|spa|1
|
|-weather|Sandstorm|[upkeep]
|-damage|p2a: Themothy|53/100|[from] Sandstorm
|-damage|p1a: Houndstone|26/100 brn|[from] brn
|upkeep
|turn|23
|
|t:|1760453516
|move|p1a: Houndstone|Poltergeist||[still]
|-fail|p1a: Houndstone
|move|p2a: Themothy|Knock Off|p1a: Houndstone
|-supereffective|p1a: Houndstone
|-damage|p1a: Houndstone|0 fnt
|-enditem|p1a: Houndstone|Choice Band|[from] move: Knock Off|[of] p2a: Themothy
|faint|p1a: Houndstone
|
|-weather|Sandstorm|[upkeep]
|-damage|p2a: Themothy|47/100|[from] Sandstorm
|upkeep
|
|t:|1760453524
|switch|p1a: Rotom|Rotom-Heat|100/100
|turn|24
|
|t:|1760453534
|move|p2a: Themothy|Knock Off|p1a: Rotom
|-damage|p1a: Rotom|63/100
|-enditem|p1a: Rotom|Heavy-Duty Boots|[from] move: Knock Off|[of] p2a: Themothy
|move|p1a: Rotom|Nasty Plot|p1a: Rotom
|-boost|p1a: Rotom|spa|2
|
|-weather|Sandstorm|[upkeep]
|-damage|p2a: Themothy|40/100|[from] Sandstorm
|-damage|p1a: Rotom|57/100|[from] Sandstorm
|upkeep
|turn|25
|
|t:|1760453544
|move|p2a: Themothy|Encore|p1a: Rotom
|-start|p1a: Rotom|Encore
|move|p1a: Rotom|Nasty Plot|p1a: Rotom
|-boost|p1a: Rotom|spa|2
|
|-weather|Sandstorm|[upkeep]
|-damage|p2a: Themothy|34/100|[from] Sandstorm
|-damage|p1a: Rotom|51/100|[from] Sandstorm
|upkeep
|turn|26
|
|t:|1760453559
|switch|p1a: Tyranitar|Tyranitar, M|100/100
|move|p2a: Themothy|Swords Dance|p2a: Themothy
|-boost|p2a: Themothy|atk|2
|
|-weather|Sandstorm|[upkeep]
|-damage|p2a: Themothy|28/100|[from] Sandstorm
|upkeep
|turn|27
|
|t:|1760453568
|move|p2a: Themothy|Spirit Break|p1a: Tyranitar
|-supereffective|p1a: Tyranitar
|-damage|p1a: Tyranitar|0 fnt
|faint|p1a: Tyranitar
|
|-weather|none
|upkeep
|
|t:|1760453574
|switch|p1a: Rotom|Rotom-Heat|51/100
|turn|28
|
|t:|1760453583
|move|p2a: Themothy|Spirit Break|p1a: Rotom
|-resisted|p1a: Rotom
|-damage|p1a: Rotom|9/100
|-unboost|p1a: Rotom|spa|1
|move|p1a: Rotom|Volt Switch|p2a: Themothy
|-damage|p2a: Themothy|0 fnt
|faint|p2a: Themothy
|-end|p2a: Themothy|Quark Drive|[silent]
|
|upkeep
|
|t:|1760453590
|switch|p2a: Self-Center|Iron Crown|94/100
|-damage|p2a: Self-Center|88/100|[from] Stealth Rock
|turn|29
|
|t:|1760453597
|move|p2a: Self-Center|Tachyon Cutter|p1a: Rotom
|-resisted|p1a: Rotom
|-damage|p1a: Rotom|4/100
|-resisted|p1a: Rotom
|-damage|p1a: Rotom|0 fnt
|faint|p1a: Rotom
|-hitcount|p1: Rotom|2
|
|win|Mortal Jungle
|raw|MegaFartMaster's rating: 1107 &rarr; <strong>1084</strong><br />(-23 for losing)
|raw|Mortal Jungle's rating: 1129 &rarr; <strong>1152</strong><br />(+23 for winning)
|l|☆Mortal Jungle
|player|p2|
|l|☆MegaFartMaster
|player|p1|
