|badge|p2|silver|gen9doublesou|30-7
|badge|p2|bronze|gen9ru|100-7
|uhtml|medal-msg|<div class="broadcast-blue">Curious what those medals under the avatar are? PS now has Ladder Seasons! For more information, check out the <a href="https://www.smogon.com/forums/threads/3740067/">thread on Smogon.</a></div>
|j|☆LegitimatePotato
|j|☆3idk
|t:|1760416765
|gametype|singles
|player|p1|LegitimatePotato|ltsurge|1719
|player|p2|3idk|cynthia-masters|1669
|gen|9
|tier|[Gen 9] OU
|rated|
|rule|HP Percentage Mod: HP is shown in percentages
|rule|Endless Battle Clause: Forcing endless battles is banned
|rule|Species Clause: Limit one of each Pokémon
|rule|OHKO Clause: OHKO moves are banned
|rule|Evasion Items Clause: Evasion items are banned
|rule|Evasion Moves Clause: Evasion moves are banned
|rule|Evasion Abilities Clause: Evasion abilities are banned
|rule|Sleep Moves Clause: Sleep-inducing moves are banned
|clearpoke
|poke|p1|Landorus-Therian, M|
|poke|p1|Samurott-Hisui, F|
|poke|p1|Pecharunt|
|poke|p1|Scizor, M|
|poke|p1|Latios, M|
|poke|p1|Zamazenta-*|
|poke|p2|Pelipper, F|
|poke|p2|Tornadus-Therian, M|
|poke|p2|Iron Treads|
|poke|p2|Decidueye-Hisui, M|
|poke|p2|Barraskewda, F|
|poke|p2|Raging Bolt|
|teampreview
|inactive|Battle timer is ON: inactive players will automatically lose when time's up. (requested by 3idk)
|j| Rizzofreko
|
|t:|1760416775
|teamsize|p1|6
|teamsize|p2|6
|start
|switch|p1a: Landorus|Landorus-Therian, M|100/100
|switch|p2a: Tornadus|Tornadus-Therian, M|100/100
|-ability|p1a: Landorus|Intimidate|boost
|-unboost|p2a: Tornadus|atk|1
|turn|1
|j| flooferly
|inactive|3idk has 120 seconds left.
|
|t:|1760416830
|-terastallize|p2a: Tornadus|Flying
|move|p2a: Tornadus|Hurricane|p1a: Landorus
|-damage|p1a: Landorus|0 fnt
|faint|p1a: Landorus
|
|upkeep
|
|t:|1760416843
|switch|p1a: Samurott|Samurott-Hisui, F|100/100
|turn|2
|
|t:|1760416848
|switch|p2a: Decidueye|Decidueye-Hisui, M|100/100
|move|p1a: Samurott|Ceaseless Edge|p2a: Decidueye
|-resisted|p2a: Decidueye
|-damage|p2a: Decidueye|82/100
|-damage|p1a: Samurott|84/100|[from] item: Rocky Helmet|[of] p2a: Decidueye
|-sidestart|p2: 3idk|Spikes
|
|upkeep
|turn|3
|
|t:|1760416856
|switch|p1a: Pecharunt|Pecharunt|100/100
|move|p2a: Decidueye|Defog|p1a: Pecharunt
|-unboost|p1a: Pecharunt|evasion|1
|-sideend|p2: 3idk|Spikes|[from] move: Defog|[of] p2a: Decidueye
|
|upkeep
|turn|4
|
|t:|1760416861
|switch|p2a: Iron Treads|Iron Treads|100/100
|move|p1a: Pecharunt|Parting Shot|p2a: Iron Treads
|-unboost|p2a: Iron Treads|atk|1
|-unboost|p2a: Iron Treads|spa|1
|
|t:|1760416864
|switch|p1a: Samurott|Samurott-Hisui, F|84/100|[from] Parting Shot
|
|upkeep
|turn|5
|
|t:|1760416869
|-end|p2a: Iron Treads|Quark Drive|[silent]
|switch|p2a: Decidueye|Decidueye-Hisui, M|82/100
|move|p1a: Samurott|Knock Off|p2a: Decidueye
|-resisted|p2a: Decidueye
|-damage|p2a: Decidueye|63/100
|-damage|p1a: Samurott|67/100|[from] item: Rocky Helmet|[of] p2a: Decidueye
|-enditem|p2a: Decidueye|Rocky Helmet|[from] move: Knock Off|[of] p1a: Samurott
|
|upkeep
|turn|6
|
|t:|1760416874
|switch|p1a: Pecharunt|Pecharunt|100/100
|move|p2a: Decidueye|U-turn|p1a: Pecharunt
|-resisted|p1a: Pecharunt
|-damage|p1a: Pecharunt|98/100
|
|t:|1760416877
|switch|p2a: Pelipper|Pelipper, F|100/100|[from] U-turn
|-weather|RainDance|[from] ability: Drizzle|[of] p2a: Pelipper
|
|-weather|RainDance|[upkeep]
|upkeep
|turn|7
|
|t:|1760416882
|move|p1a: Pecharunt|Malignant Chain|p2a: Pelipper
|-damage|p2a: Pelipper|58/100
|-status|p2a: Pelipper|tox
|-start|p2a: Pelipper|confusion|[from] ability: Poison Puppeteer|[of] p1a: Pecharunt
|-activate|p2a: Pelipper|confusion
|move|p2a: Pelipper|U-turn|p1a: Pecharunt
|-resisted|p1a: Pecharunt
|-damage|p1a: Pecharunt|97/100
|l| Rizzofreko
|inactive|3idk has 120 seconds left.
|
|t:|1760416940
|switch|p2a: Tornadus|Tornadus-Therian, M, tera:Flying|100/100|[from] U-turn
|
|-weather|RainDance|[upkeep]
|upkeep
|turn|8
|
|t:|1760416946
|move|p2a: Tornadus|Hurricane|p1a: Pecharunt
|-damage|p1a: Pecharunt|0 fnt
|faint|p1a: Pecharunt
|
|-weather|RainDance|[upkeep]
|upkeep
|
|t:|1760416950
|switch|p1a: Scizor|Scizor, M|100/100
|turn|9
|
|t:|1760416970
|move|p2a: Tornadus|Hurricane|p1a: Scizor
|-damage|p1a: Scizor|0 fnt
|faint|p1a: Scizor
|
|-weather|RainDance|[upkeep]
|upkeep
|
|t:|1760416979
|switch|p1a: Latios|Latios, M|100/100
|turn|10
|
|t:|1760416989
|switch|p2a: Iron Treads|Iron Treads|100/100
|move|p1a: Latios|Draco Meteor|p2a: Iron Treads|[miss]
|-miss|p1a: Latios|p2a: Iron Treads
|
|-weather|RainDance|[upkeep]
|upkeep
|turn|11
|-message|LegitimatePotato forfeited.
|
|win|3idk
|raw|LegitimatePotato's rating: 1719 &rarr; <strong>1696</strong><br />(-23 for losing)
|raw|3idk's rating: 1669 &rarr; <strong>1692</strong><br />(+23 for winning)
|l|☆LegitimatePotato
|player|p1|
|l|☆3idk
|player|p2|
