|j|☆M8420
|j|☆BigBadKii
|t:|1760438445
|gametype|singles
|player|p1|M8420|170|1517
|player|p2|BigBadKii|169|1500
|gen|9
|tier|[Gen 9] OU
|rated|
|rule|HP Percentage Mod: HP is shown in percentages
|rule|Endless Battle Clause: Forcing endless battles is banned
|rule|Species Clause: Limit one of each Pokémon
|rule|OHKO Clause: OHKO moves are banned
|rule|Evasion Items Clause: Evasion items are banned
|rule|Evasion Moves Clause: Evasion moves are banned
|rule|Evasion Abilities Clause: Evasion abilities are banned
|rule|Sleep Moves Clause: Sleep-inducing moves are banned
|clearpoke
|poke|p1|Torkoal, F|
|poke|p1|Scovillain, F|
|poke|p1|Great Tusk|
|poke|p1|Hatterene, F|
|poke|p1|Raging Bolt|
|poke|p1|Alomomola, M|
|poke|p2|Hatterene, F|
|poke|p2|Landorus-Therian, M|
|poke|p2|Dragonite, M|
|poke|p2|Kyurem|
|poke|p2|Iron Valiant|
|poke|p2|Ogerpon-Wellspring, F|
|teampreview
|
|t:|1760438468
|teamsize|p1|6
|teamsize|p2|6
|start
|switch|p1a: Torkoal|Torkoal, F|100/100
|switch|p2a: Landorus|Landorus-Therian, M|100/100
|-ability|p2a: Landorus|Intimidate|boost
|-unboost|p1a: Torkoal|atk|1
|-weather|SunnyDay|[from] ability: Drought|[of] p1a: Torkoal
|turn|1
|
|t:|1760438477
|switch|p2a: Hatterene|Hatterene, F|100/100
|switch|p1a: Hatterene|Hatterene, F|100/100
|
|-weather|SunnyDay|[upkeep]
|upkeep
|turn|2
|
|t:|1760438496
|move|p1a: Hatterene|Nuzzle|p2a: Hatterene
|-damage|p2a: Hatterene|96/100
|-status|p2a: Hatterene|par
|move|p2a: Hatterene|Nuzzle|p1a: Hatterene
|-damage|p1a: Hatterene|98/100
|-status|p1a: Hatterene|par
|-enditem|p1a: Hatterene|Eject Button
|
|t:|1760438536
|switch|p1a: Raging Bolt|Raging Bolt|100/100
|-activate|p1a: Raging Bolt|ability: Protosynthesis
|-start|p1a: Raging Bolt|protosynthesisspa
|
|-weather|SunnyDay|[upkeep]
|upkeep
|turn|3
|inactive|Battle timer is ON: inactive players will automatically lose when time's up. (requested by BigBadKii)
|
|t:|1760438543
|move|p1a: Raging Bolt|Volt Switch|p2a: Hatterene
|-damage|p2a: Hatterene|61/100 par
|
|t:|1760438548
|-end|p1a: Raging Bolt|Protosynthesis|[silent]
|switch|p1a: Scovillain|Scovillain, F|100/100|[from] Volt Switch
|cant|p2a: Hatterene|par
|
|-weather|SunnyDay|[upkeep]
|upkeep
|turn|4
|
|t:|1760438554
|move|p1a: Scovillain|Flamethrower|p2a: Hatterene
|-damage|p2a: Hatterene|9/100 par
|-damage|p1a: Scovillain|91/100|[from] item: Life Orb
|move|p2a: Hatterene|Nuzzle|p1a: Scovillain
|-resisted|p1a: Scovillain
|-damage|p1a: Scovillain|87/100
|-status|p1a: Scovillain|par
|
|-weather|SunnyDay|[upkeep]
|upkeep
|turn|5
|
|t:|1760438560
|cant|p1a: Scovillain|par
|move|p2a: Hatterene|Draining Kiss|p1a: Scovillain
|-resisted|p1a: Scovillain
|-damage|p1a: Scovillain|61/100 par
|-heal|p2a: Hatterene|26/100 par|[from] drain|[of] p1a: Scovillain
|
|-weather|SunnyDay|[upkeep]
|upkeep
|turn|6
|
|t:|1760438563
|move|p1a: Scovillain|Flamethrower|p2a: Hatterene
|-damage|p2a: Hatterene|0 fnt
|faint|p2a: Hatterene
|-damage|p1a: Scovillain|51/100 par|[from] item: Life Orb
|
|-weather|SunnyDay|[upkeep]
|upkeep
|
|t:|1760438574
|switch|p2a: Kyurem|Kyurem|100/100
|-ability|p2a: Kyurem|Pressure
|turn|7
|inactive|M8420 has 120 seconds left.
|
|t:|1760438608
|switch|p1a: Alomomola|Alomomola, M|100/100
|move|p2a: Kyurem|Icicle Spear|p1a: Alomomola
|-resisted|p1a: Alomomola
|-damage|p1a: Alomomola|96/100
|-resisted|p1a: Alomomola
|-damage|p1a: Alomomola|92/100
|-resisted|p1a: Alomomola
|-damage|p1a: Alomomola|88/100
|-resisted|p1a: Alomomola
|-damage|p1a: Alomomola|84/100
|-resisted|p1a: Alomomola
|-damage|p1a: Alomomola|79/100
|-hitcount|p1a: Alomomola|5
|
|-weather|SunnyDay|[upkeep]
|upkeep
|turn|8
|inactive|M8420 has 120 seconds left.
|
|t:|1760438621
|move|p2a: Kyurem|Dragon Dance|p2a: Kyurem
|-boost|p2a: Kyurem|atk|1
|-boost|p2a: Kyurem|spe|1
|move|p1a: Alomomola|Body Slam|p2a: Kyurem
|-damage|p2a: Kyurem|86/100
|-status|p2a: Kyurem|par
|
|-weather|none
|upkeep
|turn|9
|-message|BigBadKii forfeited.
|
|win|M8420
|raw|M8420's rating: 1517 &rarr; <strong>1536</strong><br />(+19 for winning)
|raw|BigBadKii's rating: 1500 &rarr; <strong>1481</strong><br />(-19 for losing)
|l|☆BigBadKii
|player|p2|
|l|☆M8420
|player|p1|
