|j|☆kemious
|j|☆Edras16
|t:|1760443862
|gametype|singles
|player|p1|kemious|1|1518
|player|p2|Edras16|1|1532
|gen|9
|tier|[Gen 9] OU
|rated|
|rule|HP Percentage Mod: HP is shown in percentages
|rule|Endless Battle Clause: Forcing endless battles is banned
|rule|Species Clause: Limit one of each Pokémon
|rule|OHKO Clause: OHKO moves are banned
|rule|Evasion Items Clause: Evasion items are banned
|rule|Evasion Moves Clause: Evasion moves are banned
|rule|Evasion Abilities Clause: Evasion abilities are banned
|rule|Sleep Moves Clause: Sleep-inducing moves are banned
|clearpoke
|poke|p1|Chesnaught, M|
|poke|p1|Gastrodon, F|
|poke|p1|Kilowattrel, F|
|poke|p1|Glimmora, F|
|poke|p1|Ceruledge, M|
|poke|p1|Goodra-Hisui, F|
|poke|p2|Ogerpon-Wellspring, F|
|poke|p2|Kingambit, F|
|poke|p2|Landorus-Therian, M|
|poke|p2|Glimmora, F|
|poke|p2|Dragapult, M|
|poke|p2|Iron Valiant|
|teampreview
|
|t:|1760443874
|teamsize|p1|6
|teamsize|p2|6
|start
|switch|p1a: Goodra|Goodra-Hisui, F|100/100
|switch|p2a: Dragapult|Dragapult, M|100/100
|turn|1
|
|t:|1760443882
|move|p2a: Dragapult|U-turn|p1a: Goodra
|-resisted|p1a: Goodra
|-damage|p1a: Goodra|91/100
|
|t:|1760443891
|switch|p2a: Kingambit|Kingambit, F|100/100|[from] U-turn
|move|p1a: Goodra|Knock Off|p2a: Kingambit
|-resisted|p2a: Kingambit
|-damage|p2a: Kingambit|92/100
|-enditem|p2a: Kingambit|Leftovers|[from] move: Knock Off|[of] p1a: Goodra
|
|upkeep
|turn|2
|
|t:|1760443900
|switch|p1a: Chesnaught|Chesnaught, M|100/100
|move|p2a: Kingambit|Swords Dance|p2a: Kingambit
|-boost|p2a: Kingambit|atk|2
|
|upkeep
|turn|3
|
|t:|1760443905
|-end|p2a: Kingambit|fallenundefined|[silent]
|switch|p2a: Glimmora|Glimmora, F|100/100
|move|p1a: Chesnaught|Body Press|p2a: Glimmora
|-damage|p2a: Glimmora|45/100
|-activate|p2a: Glimmora|ability: Toxic Debris
|-sidestart|p1: kemious|move: Toxic Spikes
|
|upkeep
|turn|4
|
|t:|1760443912
|switch|p1a: Goodra|Goodra-Hisui, F|91/100
|move|p2a: Glimmora|Meteor Beam||[still]
|-prepare|p2a: Glimmora|Meteor Beam
|-boost|p2a: Glimmora|spa|1
|-enditem|p2a: Glimmora|Power Herb
|-anim|p2a: Glimmora|Meteor Beam|p1a: Goodra|[miss]
|-miss|p2a: Glimmora|p1a: Goodra
|
|upkeep
|turn|5
|
|t:|1760443921
|move|p2a: Glimmora|Earth Power|p1a: Goodra
|-supereffective|p1a: Goodra
|-damage|p1a: Goodra|50/100
|move|p1a: Goodra|Dragon Tail|p2a: Glimmora|[miss]
|-miss|p1a: Goodra|p2a: Glimmora
|
|upkeep
|turn|6
|
|t:|1760443930
|move|p2a: Glimmora|Spikes|p1a: Goodra
|-sidestart|p1: kemious|Spikes
|move|p1a: Goodra|Flash Cannon|p2a: Glimmora
|-supereffective|p2a: Glimmora
|-damage|p2a: Glimmora|0 fnt
|faint|p2a: Glimmora
|
|upkeep
|
|t:|1760443934
|switch|p2a: Landorus|Landorus-Therian, M|100/100
|-ability|p2a: Landorus|Intimidate|boost
|-unboost|p1a: Goodra|atk|1
|turn|7
|
|t:|1760443943
|switch|p1a: Kilowattrel|Kilowattrel, F, shiny|100/100
|move|p2a: Landorus|Stealth Rock|p1a: Kilowattrel
|-sidestart|p1: kemious|move: Stealth Rock
|
|upkeep
|turn|8
|
|t:|1760443951
|switch|p1a: Glimmora|Glimmora, F|100/100
|-sideend|p1: kemious|move: Toxic Spikes|[of] p1a: Glimmora
|-damage|p1a: Glimmora|88/100|[from] Spikes
|-damage|p1a: Glimmora|76/100|[from] Stealth Rock
|move|p2a: Landorus|U-turn|p1a: Glimmora
|-resisted|p1a: Glimmora
|-damage|p1a: Glimmora|68/100
|-activate|p1a: Glimmora|ability: Toxic Debris
|-sidestart|p2: Edras16|move: Toxic Spikes
|-enditem|p1a: Glimmora|Red Card|[of] p2a: Landorus
|drag|p2a: Ogerpon|Ogerpon-Wellspring, F|100/100
|-status|p2a: Ogerpon|psn
|
|-damage|p2a: Ogerpon|88/100 psn|[from] psn
|upkeep
|turn|9
|
|t:|1760443969
|move|p2a: Ogerpon|Play Rough|p1a: Glimmora
|-resisted|p1a: Glimmora
|-damage|p1a: Glimmora|55/100
|-activate|p1a: Glimmora|ability: Toxic Debris
|-sidestart|p2: Edras16|move: Toxic Spikes
|move|p1a: Glimmora|Venoshock|p2a: Ogerpon
|-supereffective|p2a: Ogerpon
|-damage|p2a: Ogerpon|0 fnt
|faint|p2a: Ogerpon
|
|upkeep
|
|t:|1760443974
|switch|p2a: Dragapult|Dragapult, M|100/100
|-status|p2a: Dragapult|tox
|turn|10
|
|t:|1760443981
|move|p2a: Dragapult|Draco Meteor|p1a: Glimmora
|-damage|p1a: Glimmora|0 fnt
|-unboost|p2a: Dragapult|spa|2
|faint|p1a: Glimmora
|
|-damage|p2a: Dragapult|95/100 tox|[from] psn
|upkeep
|
|t:|1760443988
|switch|p1a: Ceruledge|Ceruledge, M|100/100
|turn|11
|
|t:|1760443995
|switch|p2a: Landorus|Landorus-Therian, M|100/100
|-ability|p2a: Landorus|Intimidate|boost
|-unboost|p1a: Ceruledge|atk|1
|move|p1a: Ceruledge|Bitter Blade|p2a: Landorus
|-damage|p2a: Landorus|67/100
|-damage|p1a: Ceruledge|84/100|[from] item: Rocky Helmet|[of] p2a: Landorus
|
|upkeep
|turn|12
|
|t:|1760444004
|switch|p1a: Kilowattrel|Kilowattrel, F, shiny|100/100
|move|p2a: Landorus|U-turn|p1a: Kilowattrel
|-resisted|p1a: Kilowattrel
|-damage|p1a: Kilowattrel|82/100
|
|t:|1760444006
|switch|p2a: Dragapult|Dragapult, M|95/100 tox|[from] U-turn
|
|-damage|p2a: Dragapult|89/100 tox|[from] psn
|upkeep
|turn|13
|
|t:|1760444013
|switch|p1a: Goodra|Goodra-Hisui, F|50/100
|-damage|p1a: Goodra|37/100|[from] Spikes
|-damage|p1a: Goodra|31/100|[from] Stealth Rock
|move|p2a: Dragapult|Shadow Ball|p1a: Goodra
|-damage|p1a: Goodra|10/100
|
|-damage|p2a: Dragapult|77/100 tox|[from] psn
|upkeep
|turn|14
|
|t:|1760444022
|move|p2a: Dragapult|Shadow Ball|p1a: Goodra
|-damage|p1a: Goodra|0 fnt
|faint|p1a: Goodra
|
|-damage|p2a: Dragapult|59/100 tox|[from] psn
|upkeep
|
|t:|1760444028
|switch|p1a: Ceruledge|Ceruledge, M|84/100
|turn|15
|
|t:|1760444031
|switch|p2a: Landorus|Landorus-Therian, M|67/100
|-ability|p2a: Landorus|Intimidate|boost
|-unboost|p1a: Ceruledge|atk|1
|move|p1a: Ceruledge|Shadow Sneak|p2a: Landorus
|-damage|p2a: Landorus|52/100
|-damage|p1a: Ceruledge|68/100|[from] item: Rocky Helmet|[of] p2a: Landorus
|
|upkeep
|turn|16
|
|t:|1760444038
|move|p2a: Landorus|Earthquake|p1a: Ceruledge
|-supereffective|p1a: Ceruledge
|-damage|p1a: Ceruledge|0 fnt
|faint|p1a: Ceruledge
|
|upkeep
|
|t:|1760444042
|switch|p1a: Chesnaught|Chesnaught, M|100/100
|-damage|p1a: Chesnaught|88/100|[from] Spikes
|-damage|p1a: Chesnaught|82/100|[from] Stealth Rock
|turn|17
|
|t:|1760444048
|move|p2a: Landorus|Taunt|p1a: Chesnaught
|-start|p1a: Chesnaught|move: Taunt
|move|p1a: Chesnaught|Knock Off|p2a: Landorus
|-damage|p2a: Landorus|31/100
|-damage|p1a: Chesnaught|65/100|[from] item: Rocky Helmet|[of] p2a: Landorus
|-enditem|p2a: Landorus|Rocky Helmet|[from] move: Knock Off|[of] p1a: Chesnaught
|
|-heal|p1a: Chesnaught|72/100|[from] item: Leftovers
|upkeep
|turn|18
|
|t:|1760444055
|move|p2a: Landorus|Earthquake|p1a: Chesnaught
|-resisted|p1a: Chesnaught
|-damage|p1a: Chesnaught|56/100
|move|p1a: Chesnaught|Knock Off|p2a: Landorus
|-damage|p2a: Landorus|16/100
|
|-heal|p1a: Chesnaught|62/100|[from] item: Leftovers
|upkeep
|turn|19
|
|t:|1760444059
|switch|p1a: Kilowattrel|Kilowattrel, F, shiny|82/100
|move|p2a: Landorus|Earthquake|p1a: Kilowattrel
|-immune|p1a: Kilowattrel
|
|upkeep
|turn|20
|
|t:|1760444065
|move|p1a: Kilowattrel|Air Slash|p2a: Landorus
|-damage|p2a: Landorus|0 fnt
|faint|p2a: Landorus
|
|upkeep
|
|t:|1760444068
|switch|p2a: Dragapult|Dragapult, M|59/100 tox
|turn|21
|
|t:|1760444072
|move|p2a: Dragapult|Draco Meteor|p1a: Kilowattrel
|-damage|p1a: Kilowattrel|0 fnt
|-unboost|p2a: Dragapult|spa|2
|faint|p1a: Kilowattrel
|
|-damage|p2a: Dragapult|53/100 tox|[from] psn
|upkeep
|
|t:|1760444075
|switch|p1a: Gastrodon|Gastrodon, F|100/100
|-damage|p1a: Gastrodon|88/100|[from] Spikes
|-damage|p1a: Gastrodon|82/100|[from] Stealth Rock
|turn|22
|
|t:|1760444080
|switch|p2a: Kingambit|Kingambit, F|92/100
|-activate|p2a: Kingambit|ability: Supreme Overlord
|-start|p2a: Kingambit|fallen3|[silent]
|move|p1a: Gastrodon|Earth Power|p2a: Kingambit
|-supereffective|p2a: Kingambit
|-damage|p2a: Kingambit|32/100
|-unboost|p2a: Kingambit|spd|1
|
|-heal|p1a: Gastrodon|88/100|[from] item: Leftovers
|upkeep
|turn|23
|
|t:|1760444093
|switch|p1a: Chesnaught|Chesnaught, M|62/100
|-damage|p1a: Chesnaught|49/100|[from] Spikes
|-damage|p1a: Chesnaught|43/100|[from] Stealth Rock
|move|p2a: Kingambit|Kowtow Cleave|p1a: Chesnaught
|-resisted|p1a: Chesnaught
|-damage|p1a: Chesnaught|25/100
|
|-heal|p1a: Chesnaught|31/100|[from] item: Leftovers
|upkeep
|turn|24
|
|t:|1760444102
|-terastallize|p2a: Kingambit|Ghost
|move|p1a: Chesnaught|Body Press|p2a: Kingambit
|-immune|p2a: Kingambit
|move|p2a: Kingambit|Iron Head|p1a: Chesnaught
|-damage|p1a: Chesnaught|0 fnt
|faint|p1a: Chesnaught
|
|upkeep
|-message|kemious forfeited.
|
|win|Edras16
|raw|kemious's rating: 1518 &rarr; <strong>1499</strong><br />(-19 for losing)
|raw|Edras16's rating: 1532 &rarr; <strong>1551</strong><br />(+19 for winning)
|l|☆kemious
|player|p1|
|l|☆Edras16
|player|p2|
