|j|☆apjkds
|j|☆lv0ry
|t:|1760437722
|gametype|singles
|player|p1|apjkds|170|1230
|player|p2|lv0ry|169|1266
|gen|9
|tier|[Gen 9] OU
|rated|
|rule|HP Percentage Mod: HP is shown in percentages
|rule|Endless Battle Clause: Forcing endless battles is banned
|rule|Species Clause: Limit one of each Pokémon
|rule|OHKO Clause: OHKO moves are banned
|rule|Evasion Items Clause: Evasion items are banned
|rule|Evasion Moves Clause: Evasion moves are banned
|rule|Evasion Abilities Clause: Evasion abilities are banned
|rule|Sleep Moves Clause: Sleep-inducing moves are banned
|clearpoke
|poke|p1|Ribombee, F|
|poke|p1|Samurott-Hisui, F|
|poke|p1|Iron Valiant|
|poke|p1|Zamazenta-*|
|poke|p1|Gholdengo|
|poke|p1|Iron Moth|
|poke|p2|Eelektross, F|
|poke|p2|Deoxys-Speed|
|poke|p2|Iron Valiant|
|poke|p2|Pecharunt|
|poke|p2|Dragonite, F|
|poke|p2|Kingambit, M|
|teampreview
|
|t:|1760437727
|teamsize|p1|6
|teamsize|p2|6
|start
|switch|p1a: Ribombee|Ribombee, F|100/100
|switch|p2a: Deoxys|Deoxys-Speed|100/100
|-ability|p2a: Deoxys|Pressure
|turn|1
|inactive|Battle timer is ON: inactive players will automatically lose when time's up. (requested by lv0ry)
|
|t:|1760437733
|switch|p1a: Musashi's Scallop|Samurott-Hisui, F|100/100
|move|p2a: Deoxys|Taunt|p1a: Musashi's Scallop
|-start|p1a: Musashi's Scallop|move: Taunt
|
|upkeep
|turn|2
|
|t:|1760437739
|move|p2a: Deoxys|Reflect|p2a: Deoxys
|-sidestart|p2: lv0ry|Reflect
|move|p1a: Musashi's Scallop|Ceaseless Edge|p2a: Deoxys|[miss]
|-miss|p1a: Musashi's Scallop|p2a: Deoxys
|
|upkeep
|turn|3
|
|t:|1760437747
|move|p2a: Deoxys|Light Screen|p2a: Deoxys
|-sidestart|p2: lv0ry|move: Light Screen
|move|p1a: Musashi's Scallop|Ceaseless Edge|p2a: Deoxys
|-supereffective|p2a: Deoxys
|-damage|p2a: Deoxys|29/100
|-sidestart|p2: lv0ry|Spikes
|
|-end|p1a: Musashi's Scallop|move: Taunt
|upkeep
|turn|4
|c|☆apjkds|are we deadass
|
|t:|1760437754
|move|p2a: Deoxys|Stealth Rock|p1a: Musashi's Scallop
|-sidestart|p1: apjkds|move: Stealth Rock
|move|p1a: Musashi's Scallop|Ceaseless Edge|p2a: Deoxys|[miss]
|-miss|p1a: Musashi's Scallop|p2a: Deoxys
|
|upkeep
|turn|5
|c|☆apjkds|bo
|
|t:|1760437761
|switch|p2a: Eelektross|Eelektross, F|100/100
|move|p1a: Musashi's Scallop|Ceaseless Edge|p2a: Eelektross
|-damage|p2a: Eelektross|66/100
|-sidestart|p2: lv0ry|Spikes
|
|-heal|p2a: Eelektross|72/100|[from] item: Leftovers
|upkeep
|turn|6
|c|☆apjkds|fucks sake
|
|t:|1760437770
|move|p1a: Musashi's Scallop|Knock Off|p2a: Eelektross
|-damage|p2a: Eelektross|39/100
|-enditem|p2a: Eelektross|Leftovers|[from] move: Knock Off|[of] p1a: Musashi's Scallop
|move|p2a: Eelektross|Drain Punch|p1a: Musashi's Scallop
|-supereffective|p1a: Musashi's Scallop
|-damage|p1a: Musashi's Scallop|48/100
|-heal|p2a: Eelektross|61/100|[from] drain|[of] p1a: Musashi's Scallop
|
|upkeep
|turn|7
|
|t:|1760437778
|move|p1a: Musashi's Scallop|Ceaseless Edge|p2a: Eelektross
|-damage|p2a: Eelektross|29/100
|-sidestart|p2: lv0ry|Spikes
|move|p2a: Eelektross|Drain Punch|p1a: Musashi's Scallop
|-supereffective|p1a: Musashi's Scallop
|-damage|p1a: Musashi's Scallop|0 fnt
|-heal|p2a: Eelektross|49/100|[from] drain|[of] p1a: Musashi's Scallop
|faint|p1a: Musashi's Scallop
|
|upkeep
|
|t:|1760437793
|switch|p1a: Ribombee|Ribombee, F|100/100
|-damage|p1a: Ribombee|76/100|[from] Stealth Rock
|turn|8
|
|t:|1760437804
|move|p1a: Ribombee|Sticky Web|p2a: Eelektross
|-sidestart|p2: lv0ry|move: Sticky Web
|move|p2a: Eelektross|Supercell Slam|p1a: Ribombee
|-damage|p1a: Ribombee|0 fnt
|faint|p1a: Ribombee
|
|upkeep
|inactive|apjkds has 120 seconds left.
|
|t:|1760437836
|switch|p1a: Goldilocks|Gholdengo|100/100
|-damage|p1a: Goldilocks|94/100|[from] Stealth Rock
|-item|p1a: Goldilocks|Air Balloon
|turn|9
|inactive|apjkds has 120 seconds left.
|inactive|apjkds has 90 seconds left.
|inactive|apjkds has 60 seconds left.
|c|☆apjkds|jus realised i miscliked
|
|t:|1760437909
|switch|p1a: Zamazenta|Zamazenta|100/100
|-damage|p1a: Zamazenta|94/100|[from] Stealth Rock
|-ability|p1a: Zamazenta|Dauntless Shield|boost
|-boost|p1a: Zamazenta|def|1
|move|p2a: Eelektross|Dragon Tail|p1a: Zamazenta|[miss]
|-miss|p2a: Eelektross|p1a: Zamazenta
|
|-heal|p1a: Zamazenta|100/100|[from] item: Leftovers
|-sideend|p2: lv0ry|Reflect
|upkeep
|turn|10
|inactive|apjkds has 60 seconds left.
|c|☆apjkds|i was on another tab
|
|t:|1760437920
|move|p1a: Zamazenta|Body Press|p2a: Eelektross
|-damage|p2a: Eelektross|0 fnt
|faint|p2a: Eelektross
|
|-sideend|p2: lv0ry|move: Light Screen
|upkeep
|
|t:|1760437924
|switch|p2a: Iron Valiant|Iron Valiant|100/100
|-damage|p2a: Iron Valiant|76/100|[from] Spikes
|-activate|p2a: Iron Valiant|move: Sticky Web
|-unboost|p2a: Iron Valiant|spe|1
|-enditem|p2a: Iron Valiant|Booster Energy
|-activate|p2a: Iron Valiant|ability: Quark Drive|[fromitem]
|-start|p2a: Iron Valiant|quarkdrivespa
|turn|11
|
|t:|1760437935
|switch|p1a: Iron Moth|Iron Moth|100/100
|-damage|p1a: Iron Moth|76/100|[from] Stealth Rock
|-enditem|p1a: Iron Moth|Booster Energy
|-activate|p1a: Iron Moth|ability: Quark Drive|[fromitem]
|-start|p1a: Iron Moth|quarkdrivespa
|move|p2a: Iron Valiant|Calm Mind|p2a: Iron Valiant
|-boost|p2a: Iron Valiant|spa|1
|-boost|p2a: Iron Valiant|spd|1
|
|upkeep
|turn|12
|
|t:|1760437946
|-terastallize|p2a: Iron Valiant|Ghost
|move|p1a: Iron Moth|Substitute|p1a: Iron Moth
|-start|p1a: Iron Moth|Substitute
|-damage|p1a: Iron Moth|51/100
|move|p2a: Iron Valiant|Shadow Ball|p1a: Iron Moth
|-end|p1a: Iron Moth|Substitute
|
|upkeep
|turn|13
|
|t:|1760437969
|move|p1a: Iron Moth|Fiery Dance|p2a: Iron Valiant
|-damage|p2a: Iron Valiant|3/100
|move|p2a: Iron Valiant|Shadow Ball|p1a: Iron Moth
|-damage|p1a: Iron Moth|0 fnt
|faint|p1a: Iron Moth
|-end|p1a: Iron Moth|Quark Drive|[silent]
|
|upkeep
|inactive|apjkds has 60 seconds left.
|
|t:|1760437996
|switch|p1a: Goldilocks|Gholdengo|94/100
|-damage|p1a: Goldilocks|88/100|[from] Stealth Rock
|-item|p1a: Goldilocks|Air Balloon
|turn|14
|inactive|apjkds has 60 seconds left.
|
|t:|1760438014
|move|p1a: Goldilocks|Shadow Ball|p2a: Iron Valiant
|-supereffective|p2a: Iron Valiant
|-damage|p2a: Iron Valiant|0 fnt
|faint|p2a: Iron Valiant
|-end|p2a: Iron Valiant|Quark Drive|[silent]
|
|upkeep
|
|t:|1760438019
|switch|p2a: Kingambit|Kingambit, M|100/100
|-damage|p2a: Kingambit|76/100|[from] Spikes
|-activate|p2a: Kingambit|move: Sticky Web
|-unboost|p2a: Kingambit|spe|1
|-activate|p2a: Kingambit|ability: Supreme Overlord
|-start|p2a: Kingambit|fallen2|[silent]
|turn|15
|
|t:|1760438030
|switch|p1a: Zamazenta|Zamazenta|100/100
|-damage|p1a: Zamazenta|94/100|[from] Stealth Rock
|move|p2a: Kingambit|Kowtow Cleave|p1a: Zamazenta
|-resisted|p1a: Zamazenta
|-damage|p1a: Zamazenta|72/100
|
|-heal|p1a: Zamazenta|78/100|[from] item: Leftovers
|upkeep
|turn|16
|
|t:|1760438042
|switch|p1a: Goldilocks|Gholdengo|88/100
|-damage|p1a: Goldilocks|82/100|[from] Stealth Rock
|-item|p1a: Goldilocks|Air Balloon
|-end|p2a: Kingambit|fallen2|[silent]
|switch|p2a: Pecharunt|Pecharunt|100/100
|
|upkeep
|turn|17
|
|t:|1760438049
|move|p2a: Pecharunt|Shadow Ball|p1a: Goldilocks
|-supereffective|p1a: Goldilocks
|-damage|p1a: Goldilocks|25/100
|-enditem|p1a: Goldilocks|Air Balloon
|move|p1a: Goldilocks|Shadow Ball|p2a: Pecharunt
|-supereffective|p2a: Pecharunt
|-damage|p2a: Pecharunt|13/100
|
|upkeep
|turn|18
|
|t:|1760438058
|move|p2a: Pecharunt|Shadow Ball|p1a: Goldilocks
|-supereffective|p1a: Goldilocks
|-damage|p1a: Goldilocks|0 fnt
|faint|p1a: Goldilocks
|
|upkeep
|
|t:|1760438063
|switch|p1a: Zamazenta|Zamazenta|78/100
|-damage|p1a: Zamazenta|72/100|[from] Stealth Rock
|turn|19
|
|t:|1760438070
|move|p1a: Zamazenta|Crunch|p2a: Pecharunt
|-supereffective|p2a: Pecharunt
|-damage|p2a: Pecharunt|0 fnt
|faint|p2a: Pecharunt
|
|-heal|p1a: Zamazenta|78/100|[from] item: Leftovers
|upkeep
|
|t:|1760438075
|switch|p2a: Dragonite|Dragonite, F|100/100
|turn|20
|
|t:|1760438078
|move|p1a: Zamazenta|Iron Defense|p1a: Zamazenta
|-boost|p1a: Zamazenta|def|2
|move|p2a: Dragonite|Dragon Dance|p2a: Dragonite
|-boost|p2a: Dragonite|atk|1
|-boost|p2a: Dragonite|spe|1
|
|-heal|p1a: Zamazenta|84/100|[from] item: Leftovers
|upkeep
|turn|21
|
|t:|1760438085
|move|p2a: Dragonite|Dragon Dance|p2a: Dragonite
|-boost|p2a: Dragonite|atk|1
|-boost|p2a: Dragonite|spe|1
|move|p1a: Zamazenta|Roar|p2a: Dragonite
|drag|p2a: Deoxys|Deoxys-Speed|29/100
|-damage|p2a: Deoxys|4/100|[from] Spikes
|-activate|p2a: Deoxys|move: Sticky Web
|-unboost|p2a: Deoxys|spe|1
|-ability|p2a: Deoxys|Pressure
|
|-heal|p1a: Zamazenta|91/100|[from] item: Leftovers
|upkeep
|turn|22
|
|t:|1760438096
|move|p1a: Zamazenta|Crunch|p2a: Deoxys
|-supereffective|p2a: Deoxys
|-damage|p2a: Deoxys|0 fnt
|faint|p2a: Deoxys
|
|-heal|p1a: Zamazenta|97/100|[from] item: Leftovers
|upkeep
|
|t:|1760438100
|switch|p2a: Dragonite|Dragonite, F|100/100
|turn|23
|
|t:|1760438104
|move|p1a: Zamazenta|Body Press|p2a: Dragonite
|-resisted|p2a: Dragonite
|-damage|p2a: Dragonite|80/100
|move|p2a: Dragonite|Dragon Dance|p2a: Dragonite
|-boost|p2a: Dragonite|atk|1
|-boost|p2a: Dragonite|spe|1
|
|-heal|p1a: Zamazenta|100/100|[from] item: Leftovers
|upkeep
|turn|24
|
|t:|1760438111
|move|p2a: Dragonite|Extreme Speed|p1a: Zamazenta
|-damage|p1a: Zamazenta|81/100
|move|p1a: Zamazenta|Body Press|p2a: Dragonite
|-resisted|p2a: Dragonite
|-damage|p2a: Dragonite|37/100
|
|-heal|p1a: Zamazenta|88/100|[from] item: Leftovers
|upkeep
|turn|25
|
|t:|1760438119
|move|p2a: Dragonite|Earthquake|p1a: Zamazenta
|-damage|p1a: Zamazenta|64/100
|move|p1a: Zamazenta|Body Press|p2a: Dragonite
|-resisted|p2a: Dragonite
|-damage|p2a: Dragonite|0 fnt
|faint|p2a: Dragonite
|
|-heal|p1a: Zamazenta|71/100|[from] item: Leftovers
|upkeep
|-message|lv0ry forfeited.
|
|win|apjkds
|raw|apjkds's rating: 1230 &rarr; <strong>1258</strong><br />(+28 for winning)
|raw|lv0ry's rating: 1266 &rarr; <strong>1238</strong><br />(-28 for losing)
|l|☆lv0ry
|player|p2|
|l|☆apjkds
|player|p1|
