|j|☆BobbyAxe1
|j|☆ghost10116
|t:|1760352387
|gametype|singles
|player|p1|BobbyAxe1|gambler|1456
|player|p2|ghost10116|zinzolin|1404
|gen|9
|tier|[Gen 9] OU
|rated|
|rule|HP Percentage Mod: HP is shown in percentages
|rule|Endless Battle Clause: Forcing endless battles is banned
|rule|Species Clause: Limit one of each Pokémon
|rule|OHKO Clause: OHKO moves are banned
|rule|Evasion Items Clause: Evasion items are banned
|rule|Evasion Moves Clause: Evasion moves are banned
|rule|Evasion Abilities Clause: Evasion abilities are banned
|rule|Sleep Moves Clause: Sleep-inducing moves are banned
|clearpoke
|poke|p1|Vileplume, F|
|poke|p1|Tyranitar, M|
|poke|p1|Reuniclus, M|
|poke|p1|Spiritomb, M|
|poke|p1|Heracross, M|
|poke|p1|Zoroark-Hisui, F|
|poke|p2|Pelipper, F|
|poke|p2|Basculegion, M|
|poke|p2|Raging Bolt|
|poke|p2|Iron Valiant|
|poke|p2|Iron Treads|
|poke|p2|Pecharunt|
|teampreview
|inactive|Battle timer is ON: inactive players will automatically lose when time's up. (requested by ghost10116)
|inactive|BobbyAxe1 has 120 seconds left.
|inactive|ghost10116 has 120 seconds left.
|
|t:|1760352438
|teamsize|p1|6
|teamsize|p2|6
|start
|switch|p1a: Reuniclus|Reuniclus, M|100/100
|switch|p2a: Iron Treads|Iron Treads|100/100
|-item|p2a: Iron Treads|Air Balloon
|turn|1
|
|t:|1760352447
|move|p2a: Iron Treads|Stealth Rock|p1a: Reuniclus
|-sidestart|p1: BobbyAxe1|move: Stealth Rock
|move|p1a: Reuniclus|Flamethrower|p2a: Iron Treads
|-supereffective|p2a: Iron Treads
|-damage|p2a: Iron Treads|0 fnt
|-enditem|p2a: Iron Treads|Air Balloon
|faint|p2a: Iron Treads
|-end|p2a: Iron Treads|Quark Drive|[silent]
|-damage|p1a: Reuniclus|91/100|[from] item: Life Orb
|
|upkeep
|inactive|ghost10116 has 120 seconds left.
|
|t:|1760352480
|switch|p2a: Raging Bolt|Raging Bolt|100/100
|turn|2
|
|t:|1760352498
|move|p1a: Reuniclus|Poltergeist|p2a: Raging Bolt
|-activate|p2a: Raging Bolt|move: Poltergeist|Assault Vest
|-damage|p2a: Raging Bolt|42/100
|-damage|p1a: Reuniclus|81/100|[from] item: Life Orb
|move|p2a: Raging Bolt|Thunderbolt|p1a: Reuniclus
|-damage|p1a: Reuniclus|0 fnt
|replace|p1a: Zoroark|Zoroark-Hisui, F
|-end|p1a: Zoroark|Illusion
|faint|p1a: Zoroark
|
|upkeep
|
|t:|1760352510
|switch|p1a: Tyranitar|Tyranitar, M|100/100
|-damage|p1a: Tyranitar|88/100|[from] Stealth Rock
|-weather|Sandstorm|[from] ability: Sand Stream|[of] p1a: Tyranitar
|turn|3
|
|t:|1760352518
|-end|p2a: Raging Bolt|Protosynthesis|[silent]
|switch|p2a: Iron Valiant|Iron Valiant|100/100
|move|p1a: Tyranitar|Stealth Rock|p2a: Iron Valiant
|-sidestart|p2: ghost10116|move: Stealth Rock
|
|-weather|Sandstorm|[upkeep]
|-damage|p2a: Iron Valiant|94/100|[from] Sandstorm
|-heal|p1a: Tyranitar|94/100|[from] item: Leftovers
|upkeep
|turn|4
|
|t:|1760352530
|switch|p1a: Vileplume|Vileplume, F|100/100
|-damage|p1a: Vileplume|88/100|[from] Stealth Rock
|move|p2a: Iron Valiant|Moonblast|p1a: Vileplume
|-resisted|p1a: Vileplume
|-damage|p1a: Vileplume|65/100
|-damage|p2a: Iron Valiant|85/100|[from] item: Life Orb
|
|-weather|Sandstorm|[upkeep]
|-damage|p2a: Iron Valiant|78/100|[from] Sandstorm
|-damage|p1a: Vileplume|58/100|[from] Sandstorm
|-heal|p1a: Vileplume|65/100|[from] item: Black Sludge
|upkeep
|turn|5
|
|t:|1760352546
|-end|p2a: Iron Valiant|Quark Drive|[silent]
|switch|p2a: Pelipper|Pelipper, F|100/100
|-damage|p2a: Pelipper|76/100|[from] Stealth Rock
|-weather|RainDance|[from] ability: Drizzle|[of] p2a: Pelipper
|move|p1a: Vileplume|Strength Sap|p2a: Pelipper
|-unboost|p2a: Pelipper|atk|1
|-heal|p1a: Vileplume|100/100
|
|-weather|RainDance|[upkeep]
|upkeep
|turn|6
|
|t:|1760352564
|-terastallize|p1a: Vileplume|Poison
|move|p2a: Pelipper|U-turn|p1a: Vileplume
|-resisted|p1a: Vileplume
|-damage|p1a: Vileplume|97/100
|
|t:|1760352575
|switch|p2a: Pecharunt|Pecharunt|100/100|[from] U-turn
|-damage|p2a: Pecharunt|88/100|[from] Stealth Rock
|move|p1a: Vileplume|Leech Seed|p2a: Pecharunt
|-start|p2a: Pecharunt|move: Leech Seed
|
|-weather|RainDance|[upkeep]
|-heal|p1a: Vileplume|100/100|[from] item: Black Sludge
|-damage|p2a: Pecharunt|76/100|[from] Leech Seed|[of] p1a: Vileplume
|upkeep
|turn|7
|
|t:|1760352596
|switch|p1a: Tyranitar|Tyranitar, M|94/100
|-damage|p1a: Tyranitar|82/100|[from] Stealth Rock
|-weather|Sandstorm|[from] ability: Sand Stream|[of] p1a: Tyranitar
|move|p2a: Pecharunt|Hex|p1a: Tyranitar
|-resisted|p1a: Tyranitar
|-damage|p1a: Tyranitar|76/100
|
|-weather|Sandstorm|[upkeep]
|-damage|p2a: Pecharunt|69/100|[from] Sandstorm
|-heal|p1a: Tyranitar|82/100|[from] item: Leftovers
|-damage|p2a: Pecharunt|57/100|[from] Leech Seed|[of] p1a: Tyranitar
|-heal|p1a: Tyranitar|93/100|[silent]
|upkeep
|turn|8
|
|t:|1760352610
|switch|p2a: Raging Bolt|Raging Bolt|42/100
|-damage|p2a: Raging Bolt|30/100|[from] Stealth Rock
|move|p1a: Tyranitar|Knock Off|p2a: Raging Bolt
|-damage|p2a: Raging Bolt|0 fnt
|-enditem|p2a: Raging Bolt|Assault Vest|[from] move: Knock Off|[of] p1a: Tyranitar
|faint|p2a: Raging Bolt
|-end|p2a: Raging Bolt|Protosynthesis|[silent]
|
|-weather|Sandstorm|[upkeep]
|-heal|p1a: Tyranitar|99/100|[from] item: Leftovers
|upkeep
|
|t:|1760352624
|switch|p2a: Basculegion|Basculegion, M|100/100
|-damage|p2a: Basculegion|88/100|[from] Stealth Rock
|turn|9
|
|t:|1760352635
|move|p2a: Basculegion|Wave Crash|p1a: Tyranitar
|-supereffective|p1a: Tyranitar
|-damage|p1a: Tyranitar|0 fnt
|faint|p1a: Tyranitar
|-damage|p2a: Basculegion|54/100|[from] Recoil
|
|-weather|Sandstorm|[upkeep]
|-damage|p2a: Basculegion|48/100|[from] Sandstorm
|upkeep
|inactive|BobbyAxe1 has 120 seconds left.
|
|t:|1760352661
|switch|p1a: Spiritomb|Spiritomb, M|100/100
|-damage|p1a: Spiritomb|88/100|[from] Stealth Rock
|-ability|p1a: Spiritomb|Pressure
|turn|10
|
|t:|1760352672
|switch|p2a: Pelipper|Pelipper, F|76/100
|-damage|p2a: Pelipper|51/100|[from] Stealth Rock
|-weather|RainDance|[from] ability: Drizzle|[of] p2a: Pelipper
|move|p1a: Spiritomb|Protect||[still]
|-fail|p1a: Spiritomb
|
|-weather|RainDance|[upkeep]
|-heal|p1a: Spiritomb|94/100|[from] item: Leftovers
|upkeep
|turn|11
|inactive|BobbyAxe1 has 120 seconds left.
|
|t:|1760352684
|move|p1a: Spiritomb|Protect|p1a: Spiritomb
|-singleturn|p1a: Spiritomb|Protect
|move|p2a: Pelipper|Hurricane|p1a: Spiritomb
|-activate|p1a: Spiritomb|move: Protect
|
|-weather|RainDance|[upkeep]
|-heal|p1a: Spiritomb|100/100|[from] item: Leftovers
|upkeep
|turn|12
|inactive|BobbyAxe1 has 120 seconds left.
|
|t:|1760352693
|move|p2a: Pelipper|Hurricane|p1a: Spiritomb
|-damage|p1a: Spiritomb|65/100
|-start|p1a: Spiritomb|confusion
|-activate|p1a: Spiritomb|confusion
|move|p1a: Spiritomb|Poltergeist|p2a: Pelipper
|-activate|p2a: Pelipper|move: Poltergeist|Damp Rock
|-damage|p2a: Pelipper|8/100
|
|-weather|RainDance|[upkeep]
|-heal|p1a: Spiritomb|71/100|[from] item: Leftovers
|upkeep
|turn|13
|inactive|BobbyAxe1 has 120 seconds left.
|
|t:|1760352706
|-end|p1a: Spiritomb|confusion
|move|p1a: Spiritomb|Protect|p1a: Spiritomb
|-singleturn|p1a: Spiritomb|Protect
|move|p2a: Pelipper|Roost|p2a: Pelipper
|-heal|p2a: Pelipper|58/100
|-singleturn|p2a: Pelipper|move: Roost
|
|-weather|RainDance|[upkeep]
|-heal|p1a: Spiritomb|77/100|[from] item: Leftovers
|upkeep
|turn|14
|inactive|BobbyAxe1 has 120 seconds left.
|
|t:|1760352723
|move|p2a: Pelipper|Roost|p2a: Pelipper
|-heal|p2a: Pelipper|100/100
|-singleturn|p2a: Pelipper|move: Roost
|move|p1a: Spiritomb|Poltergeist|p2a: Pelipper
|-activate|p2a: Pelipper|move: Poltergeist|Damp Rock
|-damage|p2a: Pelipper|59/100
|
|-weather|RainDance|[upkeep]
|-heal|p1a: Spiritomb|84/100|[from] item: Leftovers
|upkeep
|turn|15
|inactive|BobbyAxe1 has 120 seconds left.
|
|t:|1760352738
|move|p2a: Pelipper|Weather Ball|p1a: Spiritomb
|-damage|p1a: Spiritomb|35/100
|move|p1a: Spiritomb|Poltergeist|p2a: Pelipper
|-activate|p2a: Pelipper|move: Poltergeist|Damp Rock
|-damage|p2a: Pelipper|19/100
|
|-weather|RainDance|[upkeep]
|-heal|p1a: Spiritomb|41/100|[from] item: Leftovers
|upkeep
|turn|16
|inactive|BobbyAxe1 has 120 seconds left.
|
|t:|1760352754
|move|p2a: Pelipper|Roost|p2a: Pelipper
|-heal|p2a: Pelipper|69/100
|-singleturn|p2a: Pelipper|move: Roost
|move|p1a: Spiritomb|Pain Split|p2a: Pelipper
|-sethp|p2a: Pelipper|58/100|[from] move: Pain Split|[silent]
|-sethp|p1a: Spiritomb|50/100|[from] move: Pain Split
|
|-weather|RainDance|[upkeep]
|-heal|p1a: Spiritomb|56/100|[from] item: Leftovers
|upkeep
|turn|17
|
|t:|1760352765
|move|p2a: Pelipper|Weather Ball|p1a: Spiritomb
|-damage|p1a: Spiritomb|11/100
|move|p1a: Spiritomb|Poltergeist|p2a: Pelipper
|-activate|p2a: Pelipper|move: Poltergeist|Damp Rock
|-damage|p2a: Pelipper|14/100
|
|-weather|none
|-heal|p1a: Spiritomb|17/100|[from] item: Leftovers
|upkeep
|turn|18
|
|t:|1760352776
|move|p2a: Pelipper|Hurricane|p1a: Spiritomb
|-damage|p1a: Spiritomb|0 fnt
|faint|p1a: Spiritomb
|
|upkeep
|
|t:|1760352788
|switch|p1a: Reuniclus|Reuniclus, M|100/100
|turn|19
|
|t:|1760352792
|move|p2a: Pelipper|Roost|p2a: Pelipper
|-heal|p2a: Pelipper|64/100
|-singleturn|p2a: Pelipper|move: Roost
|move|p1a: Reuniclus|Calm Mind|p1a: Reuniclus
|-boost|p1a: Reuniclus|spa|1
|-boost|p1a: Reuniclus|spd|1
|
|upkeep
|turn|20
|inactive|BobbyAxe1 has 120 seconds left.
|
|t:|1760352809
|move|p2a: Pelipper|U-turn|p1a: Reuniclus
|-supereffective|p1a: Reuniclus
|-damage|p1a: Reuniclus|85/100
|
|t:|1760352816
|switch|p2a: Basculegion|Basculegion, M|48/100|[from] U-turn
|-damage|p2a: Basculegion|35/100|[from] Stealth Rock
|move|p1a: Reuniclus|Psychic Noise|p2a: Basculegion
|-damage|p2a: Basculegion|0 fnt
|faint|p2a: Basculegion
|
|upkeep
|
|t:|1760352837
|switch|p2a: Pecharunt|Pecharunt|57/100
|-damage|p2a: Pecharunt|44/100|[from] Stealth Rock
|turn|21
|
|t:|1760352842
|-terastallize|p2a: Pecharunt|Fairy
|move|p2a: Pecharunt|Recover|p2a: Pecharunt
|-heal|p2a: Pecharunt|95/100
|move|p1a: Reuniclus|Psychic Noise|p2a: Pecharunt
|-damage|p2a: Pecharunt|23/100
|-start|p2a: Pecharunt|move: Heal Block
|
|upkeep
|turn|22
|
|t:|1760352852
|move|p2a: Pecharunt|Malignant Chain|p1a: Reuniclus
|-damage|p1a: Reuniclus|65/100
|move|p1a: Reuniclus|Psychic Noise|p2a: Pecharunt
|-damage|p2a: Pecharunt|0 fnt
|faint|p2a: Pecharunt
|
|upkeep
|
|t:|1760352859
|switch|p2a: Iron Valiant|Iron Valiant|78/100
|-damage|p2a: Iron Valiant|72/100|[from] Stealth Rock
|turn|23
|
|t:|1760352865
|move|p2a: Iron Valiant|Moonblast|p1a: Reuniclus
|-damage|p1a: Reuniclus|27/100
|-damage|p2a: Iron Valiant|62/100|[from] item: Life Orb
|move|p1a: Reuniclus|Recover|p1a: Reuniclus
|-heal|p1a: Reuniclus|77/100
|
|upkeep
|turn|24
|
|t:|1760352872
|move|p2a: Iron Valiant|Encore|p1a: Reuniclus
|-start|p1a: Reuniclus|Encore
|move|p1a: Reuniclus|Recover|p1a: Reuniclus
|-heal|p1a: Reuniclus|100/100
|
|upkeep
|turn|25
|
|t:|1760352880
|-end|p2a: Iron Valiant|Quark Drive|[silent]
|switch|p2a: Pelipper|Pelipper, F|64/100
|-damage|p2a: Pelipper|40/100|[from] Stealth Rock
|-weather|RainDance|[from] ability: Drizzle|[of] p2a: Pelipper
|switch|p1a: Vileplume|Vileplume, F, tera:Poison|100/100
|-damage|p1a: Vileplume|88/100|[from] Stealth Rock
|
|-weather|RainDance|[upkeep]
|-heal|p1a: Vileplume|94/100|[from] item: Black Sludge
|upkeep
|turn|26
|
|t:|1760352892
|move|p2a: Pelipper|Weather Ball|p1a: Vileplume
|-damage|p1a: Vileplume|55/100
|move|p1a: Vileplume|Sludge Bomb|p2a: Pelipper
|-damage|p2a: Pelipper|0 fnt
|faint|p2a: Pelipper
|
|-weather|RainDance|[upkeep]
|-heal|p1a: Vileplume|62/100|[from] item: Black Sludge
|upkeep
|
|t:|1760352897
|switch|p2a: Iron Valiant|Iron Valiant|62/100
|-damage|p2a: Iron Valiant|56/100|[from] Stealth Rock
|turn|27
|
|t:|1760352905
|move|p2a: Iron Valiant|Moonblast|p1a: Vileplume
|-resisted|p1a: Vileplume
|-damage|p1a: Vileplume|40/100
|-damage|p2a: Iron Valiant|47/100|[from] item: Life Orb
|move|p1a: Vileplume|Sludge Bomb|p2a: Iron Valiant
|-supereffective|p2a: Iron Valiant
|-damage|p2a: Iron Valiant|0 fnt
|faint|p2a: Iron Valiant
|-end|p2a: Iron Valiant|Quark Drive|[silent]
|
|win|BobbyAxe1
|raw|BobbyAxe1's rating: 1456 &rarr; <strong>1473</strong><br />(+17 for winning)
|raw|ghost10116's rating: 1404 &rarr; <strong>1387</strong><br />(-17 for losing)
|l|☆ghost10116
|player|p2|
|l|☆BobbyAxe1
|player|p1|
