|j|☆TAMEY JULLS
|j|☆Sherlock Saoul
|t:|1760434265
|gametype|singles
|player|p1|TAMEY JULLS|riley|1149
|player|p2|Sherlock Saoul|gambler|1164
|gen|9
|tier|[Gen 9] OU
|rated|
|rule|HP Percentage Mod: HP is shown in percentages
|rule|Endless Battle Clause: Forcing endless battles is banned
|rule|Species Clause: Limit one of each Pokémon
|rule|OHKO Clause: OHKO moves are banned
|rule|Evasion Items Clause: Evasion items are banned
|rule|Evasion Moves Clause: Evasion moves are banned
|rule|Evasion Abilities Clause: Evasion abilities are banned
|rule|Sleep Moves Clause: Sleep-inducing moves are banned
|clearpoke
|poke|p1|Tornadus, M|
|poke|p1|Incineroar, M|
|poke|p1|Primarina, F|
|poke|p1|Ogerpon-Cornerstone, F|
|poke|p1|Gengar, M|
|poke|p1|Garchomp, F|
|poke|p2|Alomomola, F|
|poke|p2|Gliscor, M|
|poke|p2|Dragapult, F|
|poke|p2|Slowking-Galar, M|
|poke|p2|Ogerpon-Wellspring, F|
|poke|p2|Glimmora, F|
|teampreview
|inactive|Battle timer is ON: inactive players will automatically lose when time's up. (requested by TAMEY JULLS)
|
|t:|1760434278
|teamsize|p1|6
|teamsize|p2|6
|start
|switch|p1a: Tornadus|Tornadus, M|100/100
|switch|p2a: Glimmora|Glimmora, F|100/100
|turn|1
|
|t:|1760434287
|move|p1a: Tornadus|Taunt|p2a: Glimmora
|-start|p2a: Glimmora|move: Taunt
|move|p2a: Glimmora|Power Gem|p1a: Tornadus
|-supereffective|p1a: Tornadus
|-damage|p1a: Tornadus|0 fnt
|faint|p1a: Tornadus
|
|upkeep
|
|t:|1760434293
|switch|p1a: Primarina|Primarina, F|100/100
|turn|2
|
|t:|1760434305
|switch|p2a: Slowking|Slowking-Galar, M|100/100
|move|p1a: Primarina|Hyper Voice|p2a: Slowking
|-damage|p2a: Slowking|69/100
|
|upkeep
|turn|3
|
|t:|1760434311
|switch|p1a: Incineroar|Incineroar, M|100/100
|-ability|p1a: Incineroar|Intimidate|boost
|-unboost|p2a: Slowking|atk|1
|move|p2a: Slowking|Sludge Bomb|p1a: Incineroar
|-damage|p1a: Incineroar|77/100
|-status|p1a: Incineroar|psn
|
|-heal|p1a: Incineroar|83/100 psn|[from] item: Leftovers
|-damage|p1a: Incineroar|70/100 psn|[from] psn
|upkeep
|turn|4
|
|t:|1760434319
|switch|p2a: Alomomola|Alomomola, F|100/100
|move|p1a: Incineroar|Knock Off|p2a: Alomomola
|-damage|p2a: Alomomola|80/100
|-damage|p1a: Incineroar|54/100 psn|[from] item: Rocky Helmet|[of] p2a: Alomomola
|-enditem|p2a: Alomomola|Rocky Helmet|[from] move: Knock Off|[of] p1a: Incineroar
|
|-heal|p1a: Incineroar|60/100 psn|[from] item: Leftovers
|-damage|p1a: Incineroar|47/100 psn|[from] psn
|upkeep
|turn|5
|
|t:|1760434327
|switch|p1a: Primarina|Primarina, F|100/100
|move|p2a: Alomomola|Flip Turn|p1a: Primarina
|-resisted|p1a: Primarina
|-damage|p1a: Primarina|91/100
|
|t:|1760434336
|switch|p2a: Slowking|Slowking-Galar, M|100/100|[from] Flip Turn
|
|upkeep
|turn|6
|
|t:|1760434341
|switch|p1a: Incineroar|Incineroar, M|47/100 psn
|-ability|p1a: Incineroar|Intimidate|boost
|-unboost|p2a: Slowking|atk|1
|move|p2a: Slowking|Sludge Bomb|p1a: Incineroar
|-damage|p1a: Incineroar|24/100 psn
|
|-heal|p1a: Incineroar|30/100 psn|[from] item: Leftovers
|-damage|p1a: Incineroar|17/100 psn|[from] psn
|upkeep
|turn|7
|
|t:|1760434354
|switch|p2a: Alomomola|Alomomola, F|100/100
|move|p1a: Incineroar|Parting Shot|p2a: Alomomola
|-unboost|p2a: Alomomola|atk|1
|-unboost|p2a: Alomomola|spa|1
|
|t:|1760434360
|switch|p1a: Ogerpon|Ogerpon-Cornerstone, F|100/100|[from] Parting Shot
|
|upkeep
|turn|8
|
|t:|1760434374
|move|p1a: Ogerpon|Horn Leech|p2a: Alomomola
|-supereffective|p2a: Alomomola
|-damage|p2a: Alomomola|55/100
|move|p2a: Alomomola|Scald|p1a: Ogerpon
|-damage|p1a: Ogerpon|89/100
|
|upkeep
|turn|9
|
|t:|1760434386
|switch|p2a: Slowking|Slowking-Galar, M|100/100
|move|p1a: Ogerpon|Horn Leech|p2a: Slowking
|-resisted|p2a: Slowking
|-damage|p2a: Slowking|76/100
|-heal|p1a: Ogerpon|100/100|[from] drain|[of] p2a: Slowking
|
|upkeep
|turn|10
|
|t:|1760434398
|-terastallize|p1a: Ogerpon|Rock
|detailschange|p1a: Ogerpon|Ogerpon-Cornerstone-Tera, F, tera:Rock
|-ability|p1a: Ogerpon|Embody Aspect (Cornerstone)|boost
|-boost|p1a: Ogerpon|def|1
|move|p1a: Ogerpon|Swords Dance|p1a: Ogerpon
|-boost|p1a: Ogerpon|atk|2
|move|p2a: Slowking|Future Sight|p1a: Ogerpon
|-start|p2a: Slowking|move: Future Sight
|
|upkeep
|turn|11
|
|t:|1760434405
|move|p1a: Ogerpon|Ivy Cudgel|p2a: Slowking|[anim] Ivy Cudgel Rock
|-damage|p2a: Slowking|0 fnt
|faint|p2a: Slowking
|
|upkeep
|
|t:|1760434412
|switch|p2a: Ogerpon|Ogerpon-Wellspring, F|100/100
|turn|12
|
|t:|1760434421
|move|p1a: Ogerpon|Ivy Cudgel|p2a: Ogerpon|[anim] Ivy Cudgel Rock
|-damage|p2a: Ogerpon|0 fnt
|faint|p2a: Ogerpon
|
|-end|p1a: Ogerpon|move: Future Sight
|-damage|p1a: Ogerpon|45/100
|upkeep
|
|t:|1760434434
|switch|p2a: Gliscor|Gliscor, M|100/100
|turn|13
|
|t:|1760434437
|move|p1a: Ogerpon|Ivy Cudgel|p2a: Gliscor|[anim] Ivy Cudgel Rock
|-damage|p2a: Gliscor|0 fnt
|faint|p2a: Gliscor
|
|upkeep
|
|t:|1760434444
|switch|p2a: Alomomola|Alomomola, F|89/100
|turn|14
|
|t:|1760434450
|move|p1a: Ogerpon|Horn Leech|p2a: Alomomola
|-supereffective|p2a: Alomomola
|-damage|p2a: Alomomola|0 fnt
|-heal|p1a: Ogerpon|100/100|[from] drain|[of] p2a: Alomomola
|faint|p2a: Alomomola
|
|upkeep
|
|t:|1760434456
|switch|p2a: Dragapult|Dragapult, F|100/100
|turn|15
|
|t:|1760434460
|move|p2a: Dragapult|Will-O-Wisp|p1a: Ogerpon
|-status|p1a: Ogerpon|brn
|move|p1a: Ogerpon|Ivy Cudgel|p2a: Dragapult|[anim] Ivy Cudgel Rock
|-damage|p2a: Dragapult|0 fnt
|faint|p2a: Dragapult
|
|-damage|p1a: Ogerpon|95/100 brn|[from] brn
|upkeep
|
|t:|1760434468
|switch|p2a: Glimmora|Glimmora, F|100/100
|turn|16
|
|t:|1760434472
|move|p1a: Ogerpon|Swords Dance|p1a: Ogerpon
|-boost|p1a: Ogerpon|atk|2
|move|p2a: Glimmora|Earth Power|p1a: Ogerpon
|-supereffective|p1a: Ogerpon
|-damage|p1a: Ogerpon|25/100 brn
|
|-damage|p1a: Ogerpon|19/100 brn|[from] brn
|upkeep
|turn|17
|
|t:|1760434480
|move|p1a: Ogerpon|Ivy Cudgel|p2a: Glimmora|[anim] Ivy Cudgel Rock
|-enditem|p2a: Glimmora|Focus Sash
|-damage|p2a: Glimmora|1/100
|-activate|p2a: Glimmora|ability: Toxic Debris
|-sidestart|p1: TAMEY JULLS|move: Toxic Spikes
|move|p2a: Glimmora|Earth Power|p1a: Ogerpon
|-supereffective|p1a: Ogerpon
|-damage|p1a: Ogerpon|0 fnt
|faint|p1a: Ogerpon
|detailschange|p1: Ogerpon|Ogerpon-Cornerstone, F|[silent]
|
|upkeep
|
|t:|1760434485
|switch|p1a: Gengar|Gengar, M|100/100
|-sideend|p1: TAMEY JULLS|move: Toxic Spikes|[of] p1a: Gengar
|turn|18
|
|t:|1760434495
|-terastallize|p2a: Glimmora|Ghost
|move|p1a: Gengar|Shadow Ball|p2a: Glimmora
|-supereffective|p2a: Glimmora
|-damage|p2a: Glimmora|0 fnt
|faint|p2a: Glimmora
|
|win|TAMEY JULLS
|raw|TAMEY JULLS's rating: 1149 &rarr; <strong>1175</strong><br />(+26 for winning)
|raw|Sherlock Saoul's rating: 1164 &rarr; <strong>1138</strong><br />(-26 for losing)
|l|☆TAMEY JULLS
|player|p1|
|l|☆Sherlock Saoul
|player|p2|
