|j|☆Winterchillz
|j|☆gholdengofinance
|t:|1760308882
|gametype|singles
|player|p1|Winterchillz|wallace|1700
|player|p2|gholdengofinance|leaf-masters2|1680
|gen|9
|tier|[Gen 9] OU
|rated|
|rule|HP Percentage Mod: HP is shown in percentages
|rule|Endless Battle Clause: Forcing endless battles is banned
|rule|Species Clause: Limit one of each Pokémon
|rule|OHKO Clause: OHKO moves are banned
|rule|Evasion Items Clause: Evasion items are banned
|rule|Evasion Moves Clause: Evasion moves are banned
|rule|Evasion Abilities Clause: Evasion abilities are banned
|rule|Sleep Moves Clause: Sleep-inducing moves are banned
|clearpoke
|poke|p1|Gliscor, F|
|poke|p1|Gholdengo|
|poke|p1|Tinkaton, F|
|poke|p1|Ting-Lu|
|poke|p1|Walking Wake|
|poke|p1|Zamazenta-*|
|poke|p2|Armarouge, M|
|poke|p2|Great Tusk|
|poke|p2|Gholdengo|
|poke|p2|Landorus-Therian, M|
|poke|p2|Iron Crown|
|poke|p2|Samurott-Hisui, M|
|teampreview
|
|t:|1760308897
|teamsize|p1|6
|teamsize|p2|6
|start
|switch|p1a: Steamed Hams|Walking Wake|100/100
|switch|p2a: Landorus|Landorus-Therian, M|100/100
|-ability|p2a: Landorus|Intimidate|boost
|-unboost|p1a: Steamed Hams|atk|1
|turn|1
|
|t:|1760308900
|switch|p2a: Samurott|Samurott-Hisui, M|100/100
|move|p1a: Steamed Hams|Scald|p2a: Samurott
|-resisted|p2a: Samurott
|-damage|p2a: Samurott|83/100
|
|upkeep
|turn|2
|
|t:|1760308907
|move|p1a: Steamed Hams|Draco Meteor|p2a: Samurott
|-damage|p2a: Samurott|23/100
|-unboost|p1a: Steamed Hams|spa|2
|move|p2a: Samurott|Ceaseless Edge|p1a: Steamed Hams
|-damage|p1a: Steamed Hams|44/100
|-sidestart|p1: Winterchillz|Spikes
|
|upkeep
|turn|3
|j| tabata toxapex
|
|t:|1760308914
|move|p2a: Samurott|Sucker Punch|p1a: Steamed Hams
|-damage|p1a: Steamed Hams|6/100
|move|p1a: Steamed Hams|Draco Meteor|p2a: Samurott
|-damage|p2a: Samurott|0 fnt
|-unboost|p1a: Steamed Hams|spa|2
|faint|p2a: Samurott
|
|upkeep
|
|t:|1760308920
|switch|p2a: Landorus|Landorus-Therian, M|100/100
|-ability|p2a: Landorus|Intimidate|boost
|-unboost|p1a: Steamed Hams|atk|1
|turn|4
|
|t:|1760308927
|-end|p1a: Steamed Hams|Protosynthesis|[silent]
|switch|p1a: Assault & Battery|Gliscor, F|100/100
|move|p2a: Landorus|Stealth Rock|p1a: Assault & Battery
|-sidestart|p1: Winterchillz|move: Stealth Rock
|
|-status|p1a: Assault & Battery|tox|[from] item: Toxic Orb
|upkeep
|turn|5
|
|t:|1760308931
|move|p2a: Landorus|Taunt|p1a: Assault & Battery
|-start|p1a: Assault & Battery|move: Taunt
|move|p1a: Assault & Battery|Knock Off|p2a: Landorus
|-damage|p2a: Landorus|81/100
|-damage|p1a: Assault & Battery|84/100 tox|[from] item: Rocky Helmet|[of] p2a: Landorus
|-enditem|p2a: Landorus|Rocky Helmet|[from] move: Knock Off|[of] p1a: Assault & Battery
|
|-heal|p1a: Assault & Battery|97/100 tox|[from] ability: Poison Heal
|upkeep
|turn|6
|
|t:|1760308935
|move|p2a: Landorus|U-turn|p1a: Assault & Battery
|-resisted|p1a: Assault & Battery
|-damage|p1a: Assault & Battery|89/100 tox
|
|t:|1760308936
|switch|p2a: Great Tusk|Great Tusk|100/100|[from] U-turn
|move|p1a: Assault & Battery|Knock Off|p2a: Great Tusk
|-resisted|p2a: Great Tusk
|-damage|p2a: Great Tusk|93/100
|-enditem|p2a: Great Tusk|Heavy-Duty Boots|[from] move: Knock Off|[of] p1a: Assault & Battery
|
|-heal|p1a: Assault & Battery|100/100 tox|[from] ability: Poison Heal
|upkeep
|turn|7
|
|t:|1760308944
|move|p2a: Great Tusk|Ice Spinner|p1a: Assault & Battery
|-supereffective|p1a: Assault & Battery
|-damage|p1a: Assault & Battery|12/100 tox
|move|p1a: Assault & Battery|Facade|p2a: Great Tusk
|-damage|p2a: Great Tusk|71/100
|
|-heal|p1a: Assault & Battery|24/100 tox|[from] ability: Poison Heal
|-end|p1a: Assault & Battery|move: Taunt
|upkeep
|turn|8
|
|t:|1760308947
|move|p1a: Assault & Battery|Protect|p1a: Assault & Battery
|-singleturn|p1a: Assault & Battery|Protect
|move|p2a: Great Tusk|Ice Spinner|p1a: Assault & Battery
|-activate|p1a: Assault & Battery|move: Protect
|
|-heal|p1a: Assault & Battery|37/100 tox|[from] ability: Poison Heal
|upkeep
|turn|9
|
|t:|1760308953
|switch|p1a: Golden Coral|Gholdengo|100/100
|-damage|p1a: Golden Coral|88/100|[from] Spikes
|-damage|p1a: Golden Coral|82/100|[from] Stealth Rock
|move|p2a: Great Tusk|Knock Off|p1a: Golden Coral
|-supereffective|p1a: Golden Coral
|-damage|p1a: Golden Coral|3/100
|-enditem|p1a: Golden Coral|Choice Scarf|[from] move: Knock Off|[of] p2a: Great Tusk
|
|upkeep
|turn|10
|
|t:|1760308960
|move|p2a: Great Tusk|Ice Spinner|p1a: Golden Coral
|-resisted|p1a: Golden Coral
|-damage|p1a: Golden Coral|0 fnt
|faint|p1a: Golden Coral
|
|upkeep
|
|t:|1760308965
|switch|p1a: Steamed Hams|Walking Wake|6/100
|turn|11
|
|t:|1760308969
|-end|p2a: Great Tusk|Protosynthesis|[silent]
|switch|p2a: Gholdengo|Gholdengo|100/100
|move|p1a: Steamed Hams|Scald|p2a: Gholdengo
|-damage|p2a: Gholdengo|58/100
|
|upkeep
|turn|12
|
|t:|1760308975
|move|p1a: Steamed Hams|Scald|p2a: Gholdengo
|-damage|p2a: Gholdengo|16/100
|move|p2a: Gholdengo|Hex|p1a: Steamed Hams
|-damage|p1a: Steamed Hams|0 fnt
|faint|p1a: Steamed Hams
|-end|p1a: Steamed Hams|Protosynthesis|[silent]
|
|upkeep
|
|t:|1760308977
|switch|p1a: Melting Pot|Ting-Lu|100/100
|-damage|p1a: Melting Pot|88/100|[from] Spikes
|-damage|p1a: Melting Pot|82/100|[from] Stealth Rock
|-ability|p1a: Melting Pot|Vessel of Ruin
|turn|13
|l|☆gholdengofinance
|player|p2|
|j|☆gholdengofinance
|player|p2|gholdengofinance|leaf-masters2|
|
|t:|1760308988
|move|p2a: Gholdengo|Dazzling Gleam|p1a: Melting Pot
|-supereffective|p1a: Melting Pot
|-damage|p1a: Melting Pot|60/100
|move|p1a: Melting Pot|Spikes|p2a: Gholdengo
|-sidestart|p2: gholdengofinance|Spikes
|
|-heal|p1a: Melting Pot|67/100|[from] item: Leftovers
|upkeep
|turn|14
|
|t:|1760308995
|move|p2a: Gholdengo|Dazzling Gleam|p1a: Melting Pot
|-supereffective|p1a: Melting Pot
|-damage|p1a: Melting Pot|47/100
|move|p1a: Melting Pot|Spikes|p2a: Gholdengo
|-sidestart|p2: gholdengofinance|Spikes
|
|-heal|p1a: Melting Pot|53/100|[from] item: Leftovers
|upkeep
|turn|15
|
|t:|1760309003
|move|p2a: Gholdengo|Dazzling Gleam|p1a: Melting Pot
|-supereffective|p1a: Melting Pot
|-damage|p1a: Melting Pot|34/100
|move|p1a: Melting Pot|Earthquake|p2a: Gholdengo
|-supereffective|p2a: Gholdengo
|-damage|p2a: Gholdengo|0 fnt
|faint|p2a: Gholdengo
|
|-heal|p1a: Melting Pot|40/100|[from] item: Leftovers
|upkeep
|
|t:|1760309009
|switch|p2a: Great Tusk|Great Tusk|71/100
|-damage|p2a: Great Tusk|55/100|[from] Spikes
|turn|16
|
|t:|1760309014
|-terastallize|p1a: Melting Pot|Ghost
|move|p2a: Great Tusk|Knock Off|p1a: Melting Pot
|-supereffective|p1a: Melting Pot
|-damage|p1a: Melting Pot|1/100
|-enditem|p1a: Melting Pot|Leftovers|[from] move: Knock Off|[of] p2a: Great Tusk
|move|p1a: Melting Pot|Ruination|p2a: Great Tusk
|-damage|p2a: Great Tusk|28/100
|
|upkeep
|turn|17
|
|t:|1760309020
|move|p2a: Great Tusk|Ice Spinner|p1a: Melting Pot
|-damage|p1a: Melting Pot|0 fnt
|faint|p1a: Melting Pot
|
|upkeep
|
|t:|1760309022
|switch|p1a: Lesser Dog|Zamazenta|100/100
|-ability|p1a: Lesser Dog|Dauntless Shield|boost
|-boost|p1a: Lesser Dog|def|1
|turn|18
|
|t:|1760309026
|-end|p2a: Great Tusk|Protosynthesis|[silent]
|switch|p2a: Landorus|Landorus-Therian, M|81/100
|-ability|p2a: Landorus|Intimidate|boost
|-unboost|p1a: Lesser Dog|atk|1
|move|p1a: Lesser Dog|Close Combat|p2a: Landorus
|-resisted|p2a: Landorus
|-damage|p2a: Landorus|62/100
|-unboost|p1a: Lesser Dog|def|1
|-unboost|p1a: Lesser Dog|spd|1
|
|upkeep
|turn|19
|
|t:|1760309031
|move|p1a: Lesser Dog|Ice Fang|p2a: Landorus
|-supereffective|p2a: Landorus
|-damage|p2a: Landorus|6/100
|move|p2a: Landorus|Sandsear Storm|p1a: Lesser Dog
|-damage|p1a: Lesser Dog|51/100
|-status|p1a: Lesser Dog|brn
|
|-damage|p1a: Lesser Dog|44/100 brn|[from] brn
|upkeep
|turn|20
|
|t:|1760309040
|move|p1a: Lesser Dog|Ice Fang|p2a: Landorus
|-supereffective|p2a: Landorus
|-damage|p2a: Landorus|0 fnt
|faint|p2a: Landorus
|
|-damage|p1a: Lesser Dog|38/100 brn|[from] brn
|upkeep
|
|t:|1760309041
|switch|p2a: Great Tusk|Great Tusk|28/100
|-damage|p2a: Great Tusk|11/100|[from] Spikes
|turn|21
|
|t:|1760309044
|move|p1a: Lesser Dog|Close Combat|p2a: Great Tusk
|-damage|p2a: Great Tusk|0 fnt
|-unboost|p1a: Lesser Dog|def|1
|-unboost|p1a: Lesser Dog|spd|1
|faint|p2a: Great Tusk
|-end|p2a: Great Tusk|Protosynthesis|[silent]
|
|-damage|p1a: Lesser Dog|32/100 brn|[from] brn
|upkeep
|
|t:|1760309047
|switch|p2a: Armarouge|Armarouge, M|100/100
|-damage|p2a: Armarouge|84/100|[from] Spikes
|turn|22
|
|t:|1760309051
|switch|p1a: Hammer of Justice|Tinkaton, F|100/100
|-damage|p1a: Hammer of Justice|94/100|[from] Stealth Rock
|-ability|p1a: Hammer of Justice|Mold Breaker
|-item|p1a: Hammer of Justice|Air Balloon
|move|p2a: Armarouge|Armor Cannon|p1a: Hammer of Justice
|-supereffective|p1a: Hammer of Justice
|-damage|p1a: Hammer of Justice|0 fnt
|-unboost|p2a: Armarouge|def|1
|-unboost|p2a: Armarouge|spd|1
|-enditem|p1a: Hammer of Justice|Air Balloon
|faint|p1a: Hammer of Justice
|
|upkeep
|
|t:|1760309059
|switch|p1a: Lesser Dog|Zamazenta|32/100 brn
|turn|23
|
|t:|1760309068
|move|p1a: Lesser Dog|Crunch|p2a: Armarouge
|-supereffective|p2a: Armarouge
|-damage|p2a: Armarouge|37/100
|-ability|p2a: Armarouge|Weak Armor|boost
|-unboost|p2a: Armarouge|def|1
|-boost|p2a: Armarouge|spe|2
|move|p2a: Armarouge|Armor Cannon|p1a: Lesser Dog
|-damage|p1a: Lesser Dog|0 fnt
|-unboost|p2a: Armarouge|def|1
|-unboost|p2a: Armarouge|spd|1
|faint|p1a: Lesser Dog
|
|upkeep
|-message|Winterchillz forfeited.
|
|win|gholdengofinance
|raw|Winterchillz's rating: 1700 &rarr; <strong>1679</strong><br />(-21 for losing)
|raw|gholdengofinance's rating: 1680 &rarr; <strong>1701</strong><br />(+21 for winning)
|l|☆Winterchillz
|player|p1|
|l|☆gholdengofinance
|player|p2|
|l| tabata toxapex
