|j|☆puripuriwhy
|j|☆daveyboy8796
|t:|1760345272
|gametype|singles
|player|p1|puripuriwhy|twins-gen4dp|1169
|player|p2|daveyboy8796|2|1124
|gen|9
|tier|[Gen 9] OU
|rated|
|rule|HP Percentage Mod: HP is shown in percentages
|rule|Endless Battle Clause: Forcing endless battles is banned
|rule|Species Clause: Limit one of each Pokémon
|rule|OHKO Clause: OHKO moves are banned
|rule|Evasion Items Clause: Evasion items are banned
|rule|Evasion Moves Clause: Evasion moves are banned
|rule|Evasion Abilities Clause: Evasion abilities are banned
|rule|Sleep Moves Clause: Sleep-inducing moves are banned
|clearpoke
|poke|p1|Dragonite, F|
|poke|p1|Ceruledge, M|
|poke|p1|Torkoal, F|
|poke|p1|Typhlosion, M|
|poke|p1|Walking Wake|
|poke|p1|Venusaur, M|
|poke|p2|Spidops, M|
|poke|p2|Kilowattrel, M|
|poke|p2|Dragonite, M|
|poke|p2|Palossand, M|
|poke|p2|Blastoise, M|
|poke|p2|Squawkabilly, M|
|teampreview
|inactive|Battle timer is ON: inactive players will automatically lose when time's up. (requested by puripuriwhy)
|
|t:|1760345291
|teamsize|p1|6
|teamsize|p2|6
|start
|switch|p1a: Torkoal|Torkoal, F|100/100
|switch|p2a: Spidops|Spidops, M|100/100
|-weather|SunnyDay|[from] ability: Drought|[of] p1a: Torkoal
|-item|p1a: Torkoal|Air Balloon
|turn|1
|
|t:|1760345302
|move|p2a: Spidops|Spikes|p1a: Torkoal
|-sidestart|p1: puripuriwhy|Spikes
|move|p1a: Torkoal|Weather Ball|p2a: Spidops
|-supereffective|p2a: Spidops
|-enditem|p2a: Spidops|Focus Sash
|-damage|p2a: Spidops|1/100
|
|-weather|SunnyDay|[upkeep]
|upkeep
|turn|2
|
|t:|1760345313
|move|p2a: Spidops|Spikes|p1a: Torkoal
|-sidestart|p1: puripuriwhy|Spikes
|move|p1a: Torkoal|Rapid Spin|p2a: Spidops
|-damage|p2a: Spidops|0 fnt
|-boost|p1a: Torkoal|spe|1
|-sideend|p1: puripuriwhy|Spikes|[from] move: Rapid Spin|[of] p1a: Torkoal
|faint|p2a: Spidops
|
|-weather|SunnyDay|[upkeep]
|upkeep
|
|t:|1760345322
|switch|p2a: PocketSand|Palossand, M, shiny|100/100
|turn|3
|
|t:|1760345327
|switch|p1a: Venusaur|Venusaur, M|100/100
|move|p2a: PocketSand|Shadow Ball|p1a: Venusaur
|-damage|p1a: Venusaur|76/100
|
|-weather|SunnyDay|[upkeep]
|-heal|p1a: Venusaur|82/100|[from] item: Leftovers
|upkeep
|turn|4
|
|t:|1760345342
|switch|p2a: TinyWings|Dragonite, M|100/100
|move|p1a: Venusaur|Solar Beam||[still]
|-prepare|p1a: Venusaur|Solar Beam
|-anim|p1a: Venusaur|Solar Beam|p2a: TinyWings
|-resisted|p2a: TinyWings
|-damage|p2a: TinyWings|95/100
|
|-weather|SunnyDay|[upkeep]
|-heal|p1a: Venusaur|88/100|[from] item: Leftovers
|upkeep
|turn|5
|
|t:|1760345353
|switch|p1a: Ceruledge|Ceruledge, M|100/100
|move|p2a: TinyWings|Flamethrower|p1a: Ceruledge
|-resisted|p1a: Ceruledge
|-damage|p1a: Ceruledge|62/100
|
|-weather|none
|upkeep
|turn|6
|
|t:|1760345369
|switch|p2a: PocketSand|Palossand, M, shiny|100/100
|move|p1a: Ceruledge|Shadow Sneak|p2a: PocketSand
|-supereffective|p2a: PocketSand
|-crit|p2a: PocketSand
|-damage|p2a: PocketSand|65/100
|-damage|p1a: Ceruledge|46/100|[from] item: Rocky Helmet|[of] p2a: PocketSand
|
|upkeep
|turn|7
|
|t:|1760345379
|move|p1a: Ceruledge|Shadow Sneak|p2a: PocketSand
|-supereffective|p2a: PocketSand
|-damage|p2a: PocketSand|38/100
|-damage|p1a: Ceruledge|29/100|[from] item: Rocky Helmet|[of] p2a: PocketSand
|move|p2a: PocketSand|Stealth Rock|p1a: Ceruledge
|-sidestart|p1: puripuriwhy|move: Stealth Rock
|
|upkeep
|turn|8
|
|t:|1760345385
|move|p1a: Ceruledge|Shadow Sneak|p2a: PocketSand
|-supereffective|p2a: PocketSand
|-damage|p2a: PocketSand|12/100
|-damage|p1a: Ceruledge|13/100|[from] item: Rocky Helmet|[of] p2a: PocketSand
|move|p2a: PocketSand|Shore Up|p2a: PocketSand
|-heal|p2a: PocketSand|62/100
|
|upkeep
|turn|9
|
|t:|1760345395
|move|p1a: Ceruledge|Swords Dance|p1a: Ceruledge
|-boost|p1a: Ceruledge|atk|2
|move|p2a: PocketSand|Shore Up|p2a: PocketSand
|-heal|p2a: PocketSand|100/100
|
|upkeep
|turn|10
|
|t:|1760345401
|move|p1a: Ceruledge|Shadow Sneak|p2a: PocketSand
|-supereffective|p2a: PocketSand
|-damage|p2a: PocketSand|48/100
|-damage|p1a: Ceruledge|0 fnt|[from] item: Rocky Helmet|[of] p2a: PocketSand
|faint|p1a: Ceruledge
|move|p2a: PocketSand|Scorching Sands|p1: Ceruledge|[notarget]
|-fail|p2a: PocketSand
|
|upkeep
|
|t:|1760345404
|switch|p1a: Torkoal|Torkoal, F|100/100
|-damage|p1a: Torkoal|76/100|[from] Stealth Rock
|-weather|SunnyDay|[from] ability: Drought|[of] p1a: Torkoal
|-item|p1a: Torkoal|Air Balloon
|turn|11
|
|t:|1760345415
|switch|p1a: Venusaur|Venusaur, M|88/100
|-damage|p1a: Venusaur|75/100|[from] Stealth Rock
|move|p2a: PocketSand|Shore Up|p2a: PocketSand
|-heal|p2a: PocketSand|98/100
|
|-weather|SunnyDay|[upkeep]
|-heal|p1a: Venusaur|82/100|[from] item: Leftovers
|upkeep
|turn|12
|
|t:|1760345428
|switch|p2a: TinyWings|Dragonite, M|95/100
|move|p1a: Venusaur|Toxic|p2a: TinyWings
|-status|p2a: TinyWings|tox
|
|-weather|SunnyDay|[upkeep]
|-heal|p1a: Venusaur|88/100|[from] item: Leftovers
|-damage|p2a: TinyWings|89/100 tox|[from] psn
|upkeep
|turn|13
|
|t:|1760345438
|move|p1a: Venusaur|Protect|p1a: Venusaur
|-singleturn|p1a: Venusaur|Protect
|move|p2a: TinyWings|Flamethrower|p1a: Venusaur
|-activate|p1a: Venusaur|move: Protect
|
|-weather|SunnyDay|[upkeep]
|-heal|p1a: Venusaur|94/100|[from] item: Leftovers
|-damage|p2a: TinyWings|76/100 tox|[from] psn
|upkeep
|turn|14
|
|t:|1760345446
|switch|p1a: Dragonite|Dragonite, F|100/100
|move|p2a: TinyWings|Flamethrower|p1a: Dragonite
|-resisted|p1a: Dragonite
|-damage|p1a: Dragonite|84/100
|
|-weather|SunnyDay|[upkeep]
|-damage|p2a: TinyWings|58/100 tox|[from] psn
|upkeep
|turn|15
|
|t:|1760345456
|switch|p2a: Zaptres|Kilowattrel, M|100/100
|move|p1a: Dragonite|Dragon Dance|p1a: Dragonite
|-boost|p1a: Dragonite|atk|1
|-boost|p1a: Dragonite|spe|1
|
|-weather|none
|upkeep
|turn|16
|
|t:|1760345467
|move|p1a: Dragonite|Outrage|p2a: Zaptres
|-damage|p2a: Zaptres|0 fnt
|faint|p2a: Zaptres
|
|upkeep
|
|t:|1760345481
|switch|p2a: Elvis|Squawkabilly, M|100/100
|turn|17
|
|t:|1760345484
|move|p2a: Elvis|Protect|p2a: Elvis
|-singleturn|p2a: Elvis|Protect
|move|p1a: Dragonite|Outrage|p2a: Elvis|[from] lockedmove
|-activate|p2a: Elvis|move: Protect
|-start|p1a: Dragonite|confusion|[fatigue]
|
|-status|p2a: Elvis|brn|[from] item: Flame Orb
|upkeep
|turn|18
|
|t:|1760345493
|-activate|p1a: Dragonite|confusion
|-damage|p1a: Dragonite|56/100|[from] confusion
|move|p2a: Elvis|Facade|p1a: Dragonite
|-damage|p1a: Dragonite|0 fnt
|faint|p1a: Dragonite
|
|-damage|p2a: Elvis|94/100 brn|[from] brn
|upkeep
|
|t:|1760345497
|switch|p1a: Torkoal|Torkoal, F|76/100
|-damage|p1a: Torkoal|51/100|[from] Stealth Rock
|-weather|SunnyDay|[from] ability: Drought|[of] p1a: Torkoal
|-item|p1a: Torkoal|Air Balloon
|turn|19
|
|t:|1760345505
|move|p2a: Elvis|Facade|p1a: Torkoal
|-damage|p1a: Torkoal|0 fnt
|-enditem|p1a: Torkoal|Air Balloon
|faint|p1a: Torkoal
|
|-weather|SunnyDay|[upkeep]
|-damage|p2a: Elvis|88/100 brn|[from] brn
|upkeep
|
|t:|1760345511
|switch|p1a: Walking Wake|Walking Wake|100/100
|-damage|p1a: Walking Wake|88/100|[from] Stealth Rock
|-activate|p1a: Walking Wake|ability: Protosynthesis
|-start|p1a: Walking Wake|protosynthesisspe
|turn|20
|
|t:|1760345532
|-terastallize|p1a: Walking Wake|Water
|move|p1a: Walking Wake|Hydro Steam|p2a: Elvis
|-damage|p2a: Elvis|0 fnt
|faint|p2a: Elvis
|
|-weather|SunnyDay|[upkeep]
|upkeep
|
|t:|1760345542
|switch|p2a: PocketSand|Palossand, M, shiny|98/100
|turn|21
|inactive|puripuriwhy has 120 seconds left.
|
|t:|1760345579
|move|p1a: Walking Wake|Hydro Steam|p2a: PocketSand
|-supereffective|p2a: PocketSand
|-damage|p2a: PocketSand|0 fnt
|faint|p2a: PocketSand
|
|-weather|SunnyDay|[upkeep]
|upkeep
|
|t:|1760345585
|switch|p2a: Donatello|Blastoise, M|100/100
|turn|22
|
|t:|1760345590
|move|p1a: Walking Wake|Hydro Steam|p2a: Donatello
|-resisted|p2a: Donatello
|-damage|p2a: Donatello|34/100
|move|p2a: Donatello|Shell Smash|p2a: Donatello
|-unboost|p2a: Donatello|def|1
|-unboost|p2a: Donatello|spd|1
|-boost|p2a: Donatello|atk|2
|-boost|p2a: Donatello|spa|2
|-boost|p2a: Donatello|spe|2
|-enditem|p2a: Donatello|White Herb
|-clearnegativeboost|p2a: Donatello|[silent]
|
|-weather|SunnyDay|[upkeep]
|upkeep
|turn|23
|
|t:|1760345601
|-terastallize|p2a: Donatello|Electric
|move|p1a: Walking Wake|Hydro Steam|p2a: Donatello
|-damage|p2a: Donatello|0 fnt
|faint|p2a: Donatello
|
|-weather|none
|-end|p1a: Walking Wake|Protosynthesis
|upkeep
|-message|daveyboy8796 forfeited.
|
|win|puripuriwhy
|raw|puripuriwhy's rating: 1169 &rarr; <strong>1191</strong><br />(+22 for winning)
|raw|daveyboy8796's rating: 1124 &rarr; <strong>1102</strong><br />(-22 for losing)
|l|☆daveyboy8796
|player|p2|
|l|☆puripuriwhy
|player|p1|
