|j|☆Jerelmy
|j|☆V_run658
|t:|1760392259
|gametype|singles
|player|p1|Jerelmy|red|1333
|player|p2|V_run658|hugh|1414
|gen|9
|tier|[Gen 9] OU
|rated|
|rule|HP Percentage Mod: HP is shown in percentages
|rule|Endless Battle Clause: Forcing endless battles is banned
|rule|Species Clause: Limit one of each Pokémon
|rule|OHKO Clause: OHKO moves are banned
|rule|Evasion Items Clause: Evasion items are banned
|rule|Evasion Moves Clause: Evasion moves are banned
|rule|Evasion Abilities Clause: Evasion abilities are banned
|rule|Sleep Moves Clause: Sleep-inducing moves are banned
|clearpoke
|poke|p1|Delphox, F|
|poke|p1|Greninja-*, M|
|poke|p1|Scizor, M|
|poke|p1|Umbreon, F|
|poke|p1|Conkeldurr, M|
|poke|p1|Goodra, F|
|poke|p2|Greninja-*, M|
|poke|p2|Slowking-Galar, M|
|poke|p2|Conkeldurr, F|
|poke|p2|Garchomp, F|
|poke|p2|Rillaboom, M|
|poke|p2|Skeledirge, F|
|teampreview
|inactive|Battle timer is ON: inactive players will automatically lose when time's up. (requested by Jerelmy)
|
|t:|1760392279
|teamsize|p1|6
|teamsize|p2|6
|start
|switch|p1a: Hermione|Delphox, F|100/100
|switch|p2a: Slowking|Slowking-Galar, M|100/100
|turn|1
|
|t:|1760392285
|move|p1a: Hermione|Scorching Sands|p2a: Slowking
|-supereffective|p2a: Slowking
|-damage|p2a: Slowking|74/100
|move|p2a: Slowking|Future Sight|p1a: Hermione
|-start|p2a: Slowking|move: Future Sight
|
|upkeep
|turn|2
|
|t:|1760392298
|move|p1a: Hermione|Scorching Sands|p2a: Slowking
|-supereffective|p2a: Slowking
|-damage|p2a: Slowking|49/100
|-status|p2a: Slowking|brn
|move|p2a: Slowking|Sludge Bomb|p1a: Hermione
|-damage|p1a: Hermione|49/100
|
|-damage|p2a: Slowking|43/100 brn|[from] brn
|upkeep
|turn|3
|
|t:|1760392305
|switch|p1a: Luna|Umbreon, F|100/100
|move|p2a: Slowking|Sludge Bomb|p1a: Luna
|-damage|p1a: Luna|71/100
|
|-end|p1a: Luna|move: Future Sight
|-immune|p1a: Luna
|-heal|p1a: Luna|77/100|[from] item: Leftovers
|-damage|p2a: Slowking|37/100 brn|[from] brn
|upkeep
|turn|4
|
|t:|1760392310
|switch|p2a: Conkeldurr|Conkeldurr, F|100/100
|move|p1a: Luna|Wish|p1a: Luna
|
|-heal|p1a: Luna|83/100|[from] item: Leftovers
|-status|p2a: Conkeldurr|brn|[from] item: Flame Orb
|upkeep
|turn|5
|
|t:|1760392316
|move|p1a: Luna|Foul Play|p2a: Conkeldurr
|-resisted|p2a: Conkeldurr
|-damage|p2a: Conkeldurr|73/100 brn
|move|p2a: Conkeldurr|Facade|p1a: Luna
|-damage|p1a: Luna|30/100
|
|-heal|p1a: Luna|80/100|[from] move: Wish|[wisher] Luna
|-heal|p1a: Luna|86/100|[from] item: Leftovers
|-damage|p2a: Conkeldurr|67/100 brn|[from] brn
|upkeep
|turn|6
|
|t:|1760392322
|move|p1a: Luna|Wish|p1a: Luna
|move|p2a: Conkeldurr|Knock Off|p1a: Luna
|-resisted|p1a: Luna
|-damage|p1a: Luna|70/100
|-enditem|p1a: Luna|Leftovers|[from] move: Knock Off|[of] p2a: Conkeldurr
|
|-damage|p2a: Conkeldurr|60/100 brn|[from] brn
|upkeep
|turn|7
|
|t:|1760392325
|move|p1a: Luna|Foul Play|p2a: Conkeldurr
|-resisted|p2a: Conkeldurr
|-damage|p2a: Conkeldurr|33/100 brn
|move|p2a: Conkeldurr|Drain Punch|p1a: Luna
|-supereffective|p1a: Luna
|-damage|p1a: Luna|0 fnt
|-heal|p2a: Conkeldurr|69/100 brn|[from] drain|[of] p1a: Luna
|faint|p1a: Luna
|
|-damage|p2a: Conkeldurr|63/100 brn|[from] brn
|upkeep
|
|t:|1760392332
|switch|p1a: Hermione|Delphox, F|49/100
|turn|8
|
|t:|1760392338
|switch|p2a: Greninja|Greninja, M|100/100
|move|p1a: Hermione|Dazzling Gleam|p2a: Greninja
|-supereffective|p2a: Greninja
|-damage|p2a: Greninja|8/100
|
|upkeep
|turn|9
|
|t:|1760392352
|switch|p1a: Play-Doh|Goodra, F|100/100
|move|p2a: Greninja|Water Shuriken|p1a: Play-Doh
|-resisted|p1a: Play-Doh
|-damage|p1a: Play-Doh|99/100
|-resisted|p1a: Play-Doh
|-damage|p1a: Play-Doh|97/100
|-resisted|p1a: Play-Doh
|-damage|p1a: Play-Doh|95/100
|-resisted|p1a: Play-Doh
|-damage|p1a: Play-Doh|93/100
|-resisted|p1a: Play-Doh
|-damage|p1a: Play-Doh|91/100
|-hitcount|p1a: Play-Doh|5
|
|-heal|p1a: Play-Doh|97/100|[from] item: Leftovers
|upkeep
|turn|10
|
|t:|1760392359
|move|p2a: Greninja|Ice Beam|p1a: Play-Doh
|-supereffective|p1a: Play-Doh
|-damage|p1a: Play-Doh|67/100
|move|p1a: Play-Doh|Thunderbolt|p2a: Greninja
|-supereffective|p2a: Greninja
|-crit|p2a: Greninja
|-damage|p2a: Greninja|0 fnt
|faint|p2a: Greninja
|
|-heal|p1a: Play-Doh|73/100|[from] item: Leftovers
|upkeep
|
|t:|1760392368
|switch|p2a: Slowking|Slowking-Galar, M|70/100 brn
|turn|11
|
|t:|1760392376
|move|p1a: Play-Doh|Thunderbolt|p2a: Slowking
|-damage|p2a: Slowking|56/100 brn
|move|p2a: Slowking|Future Sight|p1a: Play-Doh
|-start|p2a: Slowking|move: Future Sight
|
|-heal|p1a: Play-Doh|79/100|[from] item: Leftovers
|-damage|p2a: Slowking|49/100 brn|[from] brn
|upkeep
|turn|12
|
|t:|1760392382
|switch|p2a: Garchomp|Garchomp, F|100/100
|move|p1a: Play-Doh|Sludge Bomb|p2a: Garchomp
|-resisted|p2a: Garchomp
|-damage|p2a: Garchomp|86/100
|-status|p2a: Garchomp|psn
|
|-heal|p1a: Play-Doh|85/100|[from] item: Leftovers
|-damage|p2a: Garchomp|74/100 psn|[from] psn
|upkeep
|turn|13
|
|t:|1760392385
|move|p2a: Garchomp|Earthquake|p1a: Play-Doh
|-damage|p1a: Play-Doh|24/100
|move|p1a: Play-Doh|Ice Beam|p2a: Garchomp
|-supereffective|p2a: Garchomp
|-damage|p2a: Garchomp|0 fnt
|faint|p2a: Garchomp
|
|-end|p1a: Play-Doh|move: Future Sight
|-damage|p1a: Play-Doh|0 fnt
|faint|p1a: Play-Doh
|upkeep
|inactive|Jerelmy has 120 seconds left.
|
|t:|1760392435
|switch|p2a: Slowking|Slowking-Galar, M|83/100 brn
|switch|p1a: Unc|Conkeldurr, M|100/100
|turn|14
|inactive|V_run658 has 120 seconds left.
|inactive|V_run658 has 90 seconds left.
|
|t:|1760392505
|-terastallize|p2a: Slowking|Fairy
|move|p1a: Unc|Earthquake|p2a: Slowking
|-damage|p2a: Slowking|47/100 brn
|move|p2a: Slowking|Future Sight|p1a: Unc
|-start|p2a: Slowking|move: Future Sight
|
|-damage|p2a: Slowking|41/100 brn|[from] brn
|-status|p1a: Unc|brn|[from] item: Flame Orb
|upkeep
|turn|15
|inactive|Jerelmy has 120 seconds left.
|
|t:|1760392516
|switch|p1a: Shadow|Greninja, M|100/100
|switch|p2a: Rillaboom|Rillaboom, M|100/100
|-fieldstart|move: Grassy Terrain|[from] ability: Grassy Surge|[of] p2a: Rillaboom
|
|upkeep
|turn|16
|
|t:|1760392521
|switch|p1a: Robin|Scizor, M|100/100
|move|p2a: Rillaboom|Drain Punch|p1a: Robin
|-damage|p1a: Robin|67/100
|-damage|p2a: Rillaboom|91/100|[from] item: Life Orb
|
|-end|p1a: Robin|move: Future Sight
|-resisted|p1a: Robin
|-damage|p1a: Robin|30/100
|-heal|p2a: Rillaboom|97/100|[from] Grassy Terrain
|-heal|p1a: Robin|36/100|[from] Grassy Terrain
|upkeep
|turn|17
|
|t:|1760392528
|switch|p2a: Skeledirge|Skeledirge, F|100/100
|move|p1a: Robin|Bullet Punch|p2a: Skeledirge
|-resisted|p2a: Skeledirge
|-damage|p2a: Skeledirge|85/100
|
|-heal|p2a: Skeledirge|91/100|[from] Grassy Terrain
|-heal|p1a: Robin|42/100|[from] Grassy Terrain
|upkeep
|turn|18
|
|t:|1760392533
|move|p2a: Skeledirge|Will-O-Wisp|p1a: Robin
|-status|p1a: Robin|brn
|move|p1a: Robin|Knock Off|p2a: Skeledirge
|-supereffective|p2a: Skeledirge
|-crit|p2a: Skeledirge
|-damage|p2a: Skeledirge|37/100
|-enditem|p2a: Skeledirge|Heavy-Duty Boots|[from] move: Knock Off|[of] p1a: Robin
|
|-heal|p2a: Skeledirge|43/100|[from] Grassy Terrain
|-heal|p1a: Robin|49/100 brn|[from] Grassy Terrain
|-damage|p1a: Robin|42/100 brn|[from] brn
|upkeep
|turn|19
|inactive|V_run658 has 120 seconds left.
|
|t:|1760392539
|switch|p1a: Unc|Conkeldurr, M|100/100 brn
|move|p2a: Skeledirge|Slack Off|p2a: Skeledirge
|-heal|p2a: Skeledirge|93/100
|
|-heal|p2a: Skeledirge|99/100|[from] Grassy Terrain
|-damage|p1a: Unc|94/100 brn|[from] brn
|-fieldend|move: Grassy Terrain
|upkeep
|turn|20
|
|t:|1760392543
|move|p2a: Skeledirge|Hex|p1a: Unc
|-damage|p1a: Unc|35/100 brn
|move|p1a: Unc|Earthquake|p2a: Skeledirge
|-supereffective|p2a: Skeledirge
|-damage|p2a: Skeledirge|0 fnt
|faint|p2a: Skeledirge
|
|-damage|p1a: Unc|29/100 brn|[from] brn
|upkeep
|
|t:|1760392550
|switch|p2a: Rillaboom|Rillaboom, M|97/100
|-fieldstart|move: Grassy Terrain|[from] ability: Grassy Surge|[of] p2a: Rillaboom
|turn|21
|
|t:|1760392554
|move|p1a: Unc|Mach Punch|p2a: Rillaboom
|-damage|p2a: Rillaboom|55/100
|move|p2a: Rillaboom|Drain Punch|p1a: Unc
|-damage|p1a: Unc|0 fnt
|-heal|p2a: Rillaboom|73/100|[from] drain|[of] p1a: Unc
|faint|p1a: Unc
|-damage|p2a: Rillaboom|63/100|[from] item: Life Orb
|
|-heal|p2a: Rillaboom|69/100|[from] Grassy Terrain
|upkeep
|
|t:|1760392560
|switch|p1a: Robin|Scizor, M|42/100 brn
|turn|22
|
|t:|1760392567
|switch|p2a: Conkeldurr|Conkeldurr, F|63/100 brn
|move|p1a: Robin|Bullet Punch|p2a: Conkeldurr
|-damage|p2a: Conkeldurr|45/100 brn
|
|-heal|p1a: Robin|49/100 brn|[from] Grassy Terrain
|-heal|p2a: Conkeldurr|52/100 brn|[from] Grassy Terrain
|-damage|p1a: Robin|42/100 brn|[from] brn
|-damage|p2a: Conkeldurr|45/100 brn|[from] brn
|upkeep
|turn|23
|
|t:|1760392573
|move|p1a: Robin|Knock Off|p2a: Conkeldurr
|-resisted|p2a: Conkeldurr
|-damage|p2a: Conkeldurr|37/100 brn
|-enditem|p2a: Conkeldurr|Flame Orb|[from] move: Knock Off|[of] p1a: Robin
|move|p2a: Conkeldurr|Drain Punch|p1a: Robin
|-damage|p1a: Robin|0 fnt
|-heal|p2a: Conkeldurr|56/100 brn|[from] drain|[of] p1a: Robin
|faint|p1a: Robin
|
|-heal|p2a: Conkeldurr|62/100 brn|[from] Grassy Terrain
|-damage|p2a: Conkeldurr|56/100 brn|[from] brn
|upkeep
|
|t:|1760392575
|switch|p1a: Shadow|Greninja, M|100/100
|turn|24
|
|t:|1760392580
|move|p1a: Shadow|Water Shuriken|p2a: Conkeldurr
|-damage|p2a: Conkeldurr|48/100 brn
|-damage|p2a: Conkeldurr|41/100 brn
|-damage|p2a: Conkeldurr|33/100 brn
|-damage|p2a: Conkeldurr|26/100 brn
|-damage|p2a: Conkeldurr|18/100 brn
|-hitcount|p2a: Conkeldurr|5
|move|p2a: Conkeldurr|Mach Punch|p1a: Shadow
|-supereffective|p1a: Shadow
|-damage|p1a: Shadow|0 fnt
|faint|p1a: Shadow
|
|-heal|p2a: Conkeldurr|24/100 brn|[from] Grassy Terrain
|-damage|p2a: Conkeldurr|18/100 brn|[from] brn
|upkeep
|
|t:|1760392587
|switch|p1a: Hermione|Delphox, F|49/100
|turn|25
|
|t:|1760392592
|move|p2a: Conkeldurr|Mach Punch|p1a: Hermione
|-resisted|p1a: Hermione
|-damage|p1a: Hermione|22/100
|move|p1a: Hermione|Flamethrower|p2a: Conkeldurr
|-damage|p2a: Conkeldurr|0 fnt
|faint|p2a: Conkeldurr
|
|-heal|p1a: Hermione|28/100|[from] Grassy Terrain
|-fieldend|move: Grassy Terrain
|upkeep
|
|t:|1760392595
|switch|p2a: Rillaboom|Rillaboom, M|69/100
|-fieldstart|move: Grassy Terrain|[from] ability: Grassy Surge|[of] p2a: Rillaboom
|turn|26
|
|t:|1760392597
|move|p2a: Rillaboom|Fake Out|p1a: Hermione
|-damage|p1a: Hermione|0 fnt
|faint|p1a: Hermione
|-damage|p2a: Rillaboom|59/100|[from] item: Life Orb
|
|win|V_run658
|raw|Jerelmy's rating: 1333 &rarr; <strong>1319</strong><br />(-14 for losing)
|raw|V_run658's rating: 1434 &rarr; <strong>1448</strong><br />(+14 for winning)
|l|☆Jerelmy
|player|p1|
|l|☆V_run658
|player|p2|
