|j|☆sportspencil
|j|☆xxxjkl
|t:|1760377352
|gametype|singles
|player|p1|sportspencil|bruno|1461
|player|p2|xxxjkl|benga|1457
|gen|9
|tier|[Gen 9] OU
|rated|
|rule|HP Percentage Mod: HP is shown in percentages
|rule|Endless Battle Clause: Forcing endless battles is banned
|rule|Species Clause: Limit one of each Pokémon
|rule|OHKO Clause: OHKO moves are banned
|rule|Evasion Items Clause: Evasion items are banned
|rule|Evasion Moves Clause: Evasion moves are banned
|rule|Evasion Abilities Clause: Evasion abilities are banned
|rule|Sleep Moves Clause: Sleep-inducing moves are banned
|clearpoke
|poke|p1|Thundurus-Therian, M|
|poke|p1|Garchomp, M|
|poke|p1|Gholdengo|
|poke|p1|Tornadus-Therian, M|
|poke|p1|Dragapult, M|
|poke|p1|Heatran, M|
|poke|p2|Torkoal, M|
|poke|p2|Hatterene, F|
|poke|p2|Raging Bolt|
|poke|p2|Walking Wake|
|poke|p2|Sawsbuck, F|
|poke|p2|Ceruledge, M|
|teampreview
|inactive|Battle timer is ON: inactive players will automatically lose when time's up. (requested by xxxjkl)
|
|t:|1760377357
|teamsize|p1|6
|teamsize|p2|6
|start
|switch|p1a: Garchomp|Garchomp, M|100/100
|switch|p2a: Torkoal|Torkoal, M|100/100
|-weather|SunnyDay|[from] ability: Drought|[of] p2a: Torkoal
|turn|1
|
|t:|1760377364
|switch|p2a: Hatterene|Hatterene, F|100/100
|move|p1a: Garchomp|Earthquake|p2a: Hatterene
|-damage|p2a: Hatterene|65/100
|-enditem|p2a: Hatterene|Eject Button
|
|t:|1760377376
|switch|p2a: Walking Wake|Walking Wake|100/100
|-activate|p2a: Walking Wake|ability: Protosynthesis
|-start|p2a: Walking Wake|protosynthesisspe
|
|-weather|SunnyDay|[upkeep]
|upkeep
|turn|2
|
|t:|1760377401
|-terastallize|p1a: Garchomp|Ghost
|move|p2a: Walking Wake|Draco Meteor|p1a: Garchomp
|-damage|p1a: Garchomp|37/100
|-unboost|p2a: Walking Wake|spa|2
|move|p1a: Garchomp|Dragon Tail|p2a: Walking Wake
|-supereffective|p2a: Walking Wake
|-damage|p2a: Walking Wake|49/100
|-end|p2a: Walking Wake|Protosynthesis|[silent]
|drag|p2a: Raging Bolt|Raging Bolt|100/100
|-activate|p2a: Raging Bolt|ability: Protosynthesis
|-start|p2a: Raging Bolt|protosynthesisspa
|
|-weather|SunnyDay|[upkeep]
|upkeep
|turn|3
|
|t:|1760377411
|move|p2a: Raging Bolt|Thunderclap||[still]
|-fail|p2a: Raging Bolt
|move|p1a: Garchomp|Stealth Rock|p2a: Raging Bolt
|-sidestart|p2: xxxjkl|move: Stealth Rock
|
|-weather|SunnyDay|[upkeep]
|upkeep
|turn|4
|
|t:|1760377418
|-end|p2a: Raging Bolt|Protosynthesis|[silent]
|switch|p2a: Hatterene|Hatterene, F|65/100
|-damage|p2a: Hatterene|52/100|[from] Stealth Rock
|move|p1a: Garchomp|Spikes|p2a: Hatterene
|move|p2a: Hatterene|Spikes|p1a: Garchomp|[from] ability: Magic Bounce
|-sidestart|p1: sportspencil|Spikes
|
|-weather|SunnyDay|[upkeep]
|upkeep
|turn|5
|
|t:|1760377428
|move|p1a: Garchomp|Earthquake|p2a: Hatterene
|-damage|p2a: Hatterene|19/100
|move|p2a: Hatterene|Dazzling Gleam|p1a: Garchomp
|-damage|p1a: Garchomp|3/100
|
|-weather|SunnyDay|[upkeep]
|upkeep
|turn|6
|
|t:|1760377431
|move|p1a: Garchomp|Earthquake|p2a: Hatterene
|-damage|p2a: Hatterene|0 fnt
|faint|p2a: Hatterene
|
|-weather|SunnyDay|[upkeep]
|upkeep
|
|t:|1760377436
|switch|p2a: Ceruledge|Ceruledge, M|100/100
|turn|7
|
|t:|1760377441
|move|p2a: Ceruledge|Shadow Sneak|p1a: Garchomp
|-supereffective|p1a: Garchomp
|-damage|p1a: Garchomp|0 fnt
|-damage|p2a: Ceruledge|88/100|[from] ability: Rough Skin|[of] p1a: Garchomp
|-damage|p2a: Ceruledge|72/100|[from] item: Rocky Helmet|[of] p1a: Garchomp
|faint|p1a: Garchomp
|
|-weather|SunnyDay|[upkeep]
|upkeep
|
|t:|1760377459
|switch|p1a: Thundurus|Thundurus-Therian, M|100/100
|turn|8
|
|t:|1760377463
|move|p1a: Thundurus|Wildbolt Storm|p2a: Ceruledge
|-damage|p2a: Ceruledge|6/100
|move|p2a: Ceruledge|Poltergeist|p1a: Thundurus
|-activate|p1a: Thundurus|move: Poltergeist|Heavy-Duty Boots
|-damage|p1a: Thundurus|0 fnt
|faint|p1a: Thundurus
|
|-weather|none
|upkeep
|
|t:|1760377472
|switch|p1a: Tornadus|Tornadus-Therian, M|100/100
|turn|9
|
|t:|1760377475
|move|p2a: Ceruledge|Shadow Sneak|p1a: Tornadus
|-damage|p1a: Tornadus|74/100
|move|p1a: Tornadus|Knock Off|p2a: Ceruledge
|-supereffective|p2a: Ceruledge
|-damage|p2a: Ceruledge|0 fnt
|-enditem|p2a: Ceruledge|Heavy-Duty Boots|[from] move: Knock Off|[of] p1a: Tornadus
|faint|p2a: Ceruledge
|
|upkeep
|
|t:|1760377479
|switch|p2a: Torkoal|Torkoal, M|100/100
|-damage|p2a: Torkoal|76/100|[from] Stealth Rock
|-weather|SunnyDay|[from] ability: Drought|[of] p2a: Torkoal
|turn|10
|
|t:|1760377485
|move|p1a: Tornadus|U-turn|p2a: Torkoal
|-resisted|p2a: Torkoal
|-damage|p2a: Torkoal|70/100
|
|t:|1760377487
|switch|p1a: Heatran|Heatran, M|100/100|[from] U-turn
|-damage|p1a: Heatran|88/100|[from] Spikes
|move|p2a: Torkoal|Stealth Rock|p1a: Heatran
|-sidestart|p1: sportspencil|move: Stealth Rock
|
|-weather|SunnyDay|[upkeep]
|-heal|p1a: Heatran|94/100|[from] item: Leftovers
|upkeep
|turn|11
|
|t:|1760377492
|move|p1a: Heatran|Magma Storm|p2a: Torkoal
|-resisted|p2a: Torkoal
|-damage|p2a: Torkoal|33/100
|-activate|p2a: Torkoal|move: Magma Storm|[of] p1a: Heatran
|move|p2a: Torkoal|Earthquake|p1a: Heatran
|-supereffective|p1a: Heatran
|-damage|p1a: Heatran|26/100
|
|-weather|SunnyDay|[upkeep]
|-heal|p1a: Heatran|32/100|[from] item: Leftovers
|-damage|p2a: Torkoal|21/100|[from] move: Magma Storm|[partiallytrapped]
|upkeep
|turn|12
|
|t:|1760377496
|move|p1a: Heatran|Earth Power|p2a: Torkoal
|-supereffective|p2a: Torkoal
|-damage|p2a: Torkoal|0 fnt
|faint|p2a: Torkoal
|
|-weather|SunnyDay|[upkeep]
|-heal|p1a: Heatran|38/100|[from] item: Leftovers
|upkeep
|
|t:|1760377498
|switch|p2a: Sawsbuck|Sawsbuck, F|100/100
|-damage|p2a: Sawsbuck|88/100|[from] Stealth Rock
|turn|13
|
|t:|1760377501
|move|p2a: Sawsbuck|High Horsepower|p1a: Heatran
|-supereffective|p1a: Heatran
|-damage|p1a: Heatran|0 fnt
|faint|p1a: Heatran
|-damage|p2a: Sawsbuck|78/100|[from] item: Life Orb
|
|-weather|SunnyDay|[upkeep]
|upkeep
|
|t:|1760377507
|switch|p1a: Tornadus|Tornadus-Therian, M|100/100
|turn|14
|
|t:|1760377514
|switch|p2a: Raging Bolt|Raging Bolt|100/100
|-damage|p2a: Raging Bolt|88/100|[from] Stealth Rock
|-activate|p2a: Raging Bolt|ability: Protosynthesis
|-start|p2a: Raging Bolt|protosynthesisspa
|move|p1a: Tornadus|U-turn|p2a: Raging Bolt
|-damage|p2a: Raging Bolt|76/100
|
|t:|1760377518
|switch|p1a: Dragapult|Dragapult, M|100/100|[from] U-turn
|
|-weather|SunnyDay|[upkeep]
|upkeep
|turn|15
|
|t:|1760377525
|-terastallize|p2a: Raging Bolt|Ghost
|move|p1a: Dragapult|U-turn|p2a: Raging Bolt
|-resisted|p2a: Raging Bolt
|-damage|p2a: Raging Bolt|68/100
|
|t:|1760377529
|switch|p1a: Tornadus|Tornadus-Therian, M|100/100|[from] U-turn
|move|p2a: Raging Bolt|Dragon Pulse|p1a: Tornadus
|-crit|p1a: Tornadus
|-damage|p1a: Tornadus|0 fnt
|faint|p1a: Tornadus
|-damage|p2a: Raging Bolt|58/100|[from] item: Life Orb
|
|-weather|SunnyDay|[upkeep]
|upkeep
|
|t:|1760377533
|switch|p1a: Dragapult|Dragapult, M|100/100
|turn|16
|
|t:|1760377535
|move|p2a: Raging Bolt|Thunderclap|p1a: Dragapult
|-resisted|p1a: Dragapult
|-damage|p1a: Dragapult|53/100
|-damage|p2a: Raging Bolt|48/100|[from] item: Life Orb
|move|p1a: Dragapult|Shadow Ball|p2a: Raging Bolt
|-supereffective|p2a: Raging Bolt
|-damage|p2a: Raging Bolt|0 fnt
|faint|p2a: Raging Bolt
|-end|p2a: Raging Bolt|Protosynthesis|[silent]
|
|-weather|SunnyDay|[upkeep]
|upkeep
|
|t:|1760377541
|switch|p2a: Walking Wake|Walking Wake|49/100
|-damage|p2a: Walking Wake|37/100|[from] Stealth Rock
|-activate|p2a: Walking Wake|ability: Protosynthesis
|-start|p2a: Walking Wake|protosynthesisspe
|turn|17
|
|t:|1760377562
|move|p2a: Walking Wake|Hydro Steam|p1a: Dragapult
|-resisted|p1a: Dragapult
|-damage|p1a: Dragapult|8/100
|move|p1a: Dragapult|Draco Meteor|p2a: Walking Wake
|-supereffective|p2a: Walking Wake
|-damage|p2a: Walking Wake|0 fnt
|-unboost|p1a: Dragapult|spa|2
|faint|p2a: Walking Wake
|-end|p2a: Walking Wake|Protosynthesis|[silent]
|
|-weather|none
|upkeep
|
|t:|1760377568
|switch|p2a: Sawsbuck|Sawsbuck, F|78/100
|-damage|p2a: Sawsbuck|66/100|[from] Stealth Rock
|turn|18
|
|t:|1760377572
|move|p1a: Dragapult|U-turn|p2a: Sawsbuck
|-supereffective|p2a: Sawsbuck
|-damage|p2a: Sawsbuck|19/100
|
|t:|1760377574
|switch|p1a: Gholdengo|Gholdengo|100/100|[from] U-turn
|-damage|p1a: Gholdengo|94/100|[from] Stealth Rock
|-item|p1a: Gholdengo|Air Balloon
|move|p2a: Sawsbuck|Horn Leech|p1a: Gholdengo
|-resisted|p1a: Gholdengo
|-damage|p1a: Gholdengo|77/100
|-heal|p2a: Sawsbuck|29/100|[from] drain|[of] p1a: Gholdengo
|-enditem|p1a: Gholdengo|Air Balloon
|-damage|p2a: Sawsbuck|19/100|[from] item: Life Orb
|
|upkeep
|turn|19
|
|t:|1760377577
|move|p2a: Sawsbuck|High Horsepower|p1a: Gholdengo
|-supereffective|p1a: Gholdengo
|-damage|p1a: Gholdengo|26/100
|-damage|p2a: Sawsbuck|9/100|[from] item: Life Orb
|move|p1a: Gholdengo|Make It Rain|p2a: Sawsbuck
|-damage|p2a: Sawsbuck|0 fnt
|-unboost|p1a: Gholdengo|spa|1
|faint|p2a: Sawsbuck
|
|win|sportspencil
|raw|sportspencil's rating: 1461 &rarr; <strong>1481</strong><br />(+20 for winning)
|raw|xxxjkl's rating: 1457 &rarr; <strong>1437</strong><br />(-20 for losing)
|l|☆sportspencil
|player|p1|
|l|☆xxxjkl
|player|p2|
