|j|☆LucasEdu27100
|j|☆AsierX
|t:|1760377516
|gametype|singles
|player|p1|LucasEdu27100|shadowtriad|1414
|player|p2|AsierX|skierf|1428
|gen|9
|tier|[Gen 9] OU
|rated|
|rule|HP Percentage Mod: HP is shown in percentages
|rule|Endless Battle Clause: Forcing endless battles is banned
|rule|Species Clause: Limit one of each Pokémon
|rule|OHKO Clause: OHKO moves are banned
|rule|Evasion Items Clause: Evasion items are banned
|rule|Evasion Moves Clause: Evasion moves are banned
|rule|Evasion Abilities Clause: Evasion abilities are banned
|rule|Sleep Moves Clause: Sleep-inducing moves are banned
|clearpoke
|poke|p1|Ceruledge, M|
|poke|p1|Azumarill, F|
|poke|p1|Jolteon, M|
|poke|p1|Tyranitar, F|
|poke|p1|Hydrapple, F|
|poke|p1|Braviary-Hisui, M|
|poke|p2|Moltres-Galar|
|poke|p2|Zapdos-Galar|
|poke|p2|Ogerpon-Wellspring, F|
|poke|p2|Iron Boulder|
|poke|p2|Sandy Shocks|
|poke|p2|Cinderace, M|
|teampreview
|inactive|Battle timer is ON: inactive players will automatically lose when time's up. (requested by LucasEdu27100)
|
|t:|1760377546
|teamsize|p1|6
|teamsize|p2|6
|start
|switch|p1a: Hayataro|Jolteon, M|100/100
|switch|p2a: 𝕷 𝖊 𝖌 𝖘|Sandy Shocks|100/100
|turn|1
|
|t:|1760377553
|-terastallize|p1a: Hayataro|Ice
|move|p1a: Hayataro|Tera Blast|p2a: 𝕷 𝖊 𝖌 𝖘|[anim] Tera Blast Ice
|-supereffective|p2a: 𝕷 𝖊 𝖌 𝖘
|-damage|p2a: 𝕷 𝖊 𝖌 𝖘|0 fnt
|faint|p2a: 𝕷 𝖊 𝖌 𝖘
|-end|p2a: 𝕷 𝖊 𝖌 𝖘|Protosynthesis|[silent]
|-damage|p1a: Hayataro|91/100|[from] item: Life Orb
|
|upkeep
|
|t:|1760377559
|switch|p2a: Here's the kicker|Cinderace, M|100/100
|turn|2
|
|t:|1760377561
|move|p1a: Hayataro|Volt Switch|p2a: Here's the kicker
|-damage|p2a: Here's the kicker|45/100
|-damage|p1a: Hayataro|81/100|[from] item: Life Orb
|
|t:|1760377566
|switch|p1a: Yoshitsune|Ceruledge, M|100/100|[from] Volt Switch
|move|p2a: Here's the kicker|High Jump Kick|p1a: Yoshitsune
|-start|p2a: Here's the kicker|typechange|Fighting|[from] ability: Libero
|-immune|p1a: Yoshitsune
|-damage|p2a: Here's the kicker|0 fnt|[from] highjumpkick
|faint|p2a: Here's the kicker
|
|upkeep
|
|t:|1760377570
|switch|p2a: 🔥I'm EVIL‼🔥|Moltres-Galar|100/100
|turn|3
|
|t:|1760377580
|move|p1a: Yoshitsune|Bitter Blade|p2a: 🔥I'm EVIL‼🔥
|-damage|p2a: 🔥I'm EVIL‼🔥|47/100
|-ability|p2a: 🔥I'm EVIL‼🔥|Berserk|boost
|-boost|p2a: 🔥I'm EVIL‼🔥|spa|1
|-enditem|p2a: 🔥I'm EVIL‼🔥|Sitrus Berry|[eat]
|-heal|p2a: 🔥I'm EVIL‼🔥|72/100|[from] item: Sitrus Berry
|move|p2a: 🔥I'm EVIL‼🔥|Agility|p2a: 🔥I'm EVIL‼🔥
|-boost|p2a: 🔥I'm EVIL‼🔥|spe|2
|
|upkeep
|turn|4
|
|t:|1760377589
|move|p2a: 🔥I'm EVIL‼🔥|Fiery Wrath|p1a: Yoshitsune
|-supereffective|p1a: Yoshitsune
|-damage|p1a: Yoshitsune|0 fnt
|faint|p1a: Yoshitsune
|
|upkeep
|
|t:|1760377595
|switch|p1a: Arahabaki|Tyranitar, F|100/100
|-weather|Sandstorm|[from] ability: Sand Stream|[of] p1a: Arahabaki
|turn|5
|
|t:|1760377602
|move|p2a: 🔥I'm EVIL‼🔥|Nasty Plot|p2a: 🔥I'm EVIL‼🔥
|-boost|p2a: 🔥I'm EVIL‼🔥|spa|2
|move|p1a: Arahabaki|Rock Slide|p2a: 🔥I'm EVIL‼🔥
|-supereffective|p2a: 🔥I'm EVIL‼🔥
|-damage|p2a: 🔥I'm EVIL‼🔥|0 fnt
|faint|p2a: 🔥I'm EVIL‼🔥
|
|-weather|Sandstorm|[upkeep]
|upkeep
|
|t:|1760377605
|switch|p2a: Birdbrain|Zapdos-Galar|100/100
|turn|6
|
|t:|1760377610
|switch|p1a: Braviary|Braviary-Hisui, M|100/100
|move|p2a: Birdbrain|Thunderous Kick|p1a: Braviary
|-resisted|p1a: Braviary
|-damage|p1a: Braviary|86/100
|-unboost|p1a: Braviary|def|1
|
|-weather|Sandstorm|[upkeep]
|-damage|p2a: Birdbrain|94/100|[from] Sandstorm
|-damage|p1a: Braviary|80/100|[from] Sandstorm
|upkeep
|turn|7
|
|t:|1760377614
|move|p2a: Birdbrain|Knock Off|p1a: Braviary
|-supereffective|p1a: Braviary
|-damage|p1a: Braviary|0 fnt
|-enditem|p1a: Braviary|Heavy-Duty Boots|[from] move: Knock Off|[of] p2a: Birdbrain
|faint|p1a: Braviary
|
|-weather|Sandstorm|[upkeep]
|-damage|p2a: Birdbrain|88/100|[from] Sandstorm
|upkeep
|
|t:|1760377620
|switch|p1a: Hayataro|Jolteon, M, tera:Ice|81/100
|turn|8
|
|t:|1760377625
|switch|p2a: Battering Ram|Iron Boulder|100/100
|-enditem|p2a: Battering Ram|Booster Energy
|-activate|p2a: Battering Ram|ability: Quark Drive|[fromitem]
|-start|p2a: Battering Ram|quarkdrivespe
|move|p1a: Hayataro|Volt Switch|p2a: Battering Ram
|-damage|p2a: Battering Ram|70/100
|-damage|p1a: Hayataro|71/100|[from] item: Life Orb
|
|t:|1760377633
|switch|p1a: Titania|Azumarill, F|100/100|[from] Volt Switch
|
|-weather|Sandstorm|[upkeep]
|-damage|p1a: Titania|94/100|[from] Sandstorm
|-heal|p1a: Titania|100/100|[from] item: Leftovers
|upkeep
|turn|9
|
|t:|1760377635
|move|p2a: Battering Ram|Mighty Cleave|p1a: Titania
|-damage|p1a: Titania|53/100
|move|p1a: Titania|Liquidation|p2a: Battering Ram
|-supereffective|p2a: Battering Ram
|-damage|p2a: Battering Ram|0 fnt
|faint|p2a: Battering Ram
|-end|p2a: Battering Ram|Quark Drive|[silent]
|
|-weather|none
|-heal|p1a: Titania|59/100|[from] item: Leftovers
|upkeep
|
|t:|1760377638
|switch|p2a: Big Bonk|Ogerpon-Wellspring, F|100/100
|turn|10
|
|t:|1760377641
|switch|p1a: Orochi|Hydrapple, F|100/100
|move|p2a: Big Bonk|Swords Dance|p2a: Big Bonk
|-boost|p2a: Big Bonk|atk|2
|
|upkeep
|turn|11
|
|t:|1760377646
|move|p2a: Big Bonk|Ivy Cudgel|p1a: Orochi|[anim] Ivy Cudgel Water
|-resisted|p1a: Orochi
|-damage|p1a: Orochi|79/100
|move|p1a: Orochi|Fickle Beam|p2a: Big Bonk|[anim] Fickle Beam All Out
|-activate|p1a: Orochi|move: Fickle Beam
|-damage|p2a: Big Bonk|0 fnt
|faint|p2a: Big Bonk
|
|upkeep
|
|t:|1760377648
|switch|p2a: Birdbrain|Zapdos-Galar|88/100
|turn|12
|
|t:|1760377654
|move|p2a: Birdbrain|Brave Bird|p1a: Orochi
|-supereffective|p1a: Orochi
|-damage|p1a: Orochi|0 fnt
|faint|p1a: Orochi
|-damage|p2a: Birdbrain|55/100|[from] Recoil
|
|upkeep
|
|t:|1760377657
|switch|p1a: Titania|Azumarill, F|59/100
|turn|13
|
|t:|1760377662
|move|p1a: Titania|Aqua Jet|p2a: Birdbrain
|-damage|p2a: Birdbrain|24/100
|move|p2a: Birdbrain|Brave Bird|p1a: Titania
|-damage|p1a: Titania|0 fnt
|faint|p1a: Titania
|-damage|p2a: Birdbrain|0 fnt|[from] Recoil
|faint|p2a: Birdbrain
|
|win|LucasEdu27100
|raw|LucasEdu27100's rating: 1414 &rarr; <strong>1435</strong><br />(+21 for winning)
|raw|AsierX's rating: 1428 &rarr; <strong>1407</strong><br />(-21 for losing)
|l|☆AsierX
|player|p2|
|l|☆LucasEdu27100
|player|p1|
