|j|☆royalsk7
|j|☆Prakashography
|t:|1760379043
|gametype|singles
|player|p1|royalsk7|170|1053
|player|p2|Prakashography|169|1062
|gen|9
|tier|[Gen 9] OU
|rated|
|rule|HP Percentage Mod: HP is shown in percentages
|rule|Endless Battle Clause: Forcing endless battles is banned
|rule|Species Clause: Limit one of each Pokémon
|rule|OHKO Clause: OHKO moves are banned
|rule|Evasion Items Clause: Evasion items are banned
|rule|Evasion Moves Clause: Evasion moves are banned
|rule|Evasion Abilities Clause: Evasion abilities are banned
|rule|Sleep Moves Clause: Sleep-inducing moves are banned
|clearpoke
|poke|p1|Infernape, M|
|poke|p1|Greninja-*, M|
|poke|p1|Lucario, M|
|poke|p1|Charizard, M|
|poke|p1|Dragonite, M|
|poke|p1|Torterra, M|
|poke|p2|Skeledirge, M|
|poke|p2|Wyrdeer, F|
|poke|p2|Garganacl, M|
|poke|p2|Ursaluna, M|
|poke|p2|Pelipper, M|
|poke|p2|Venusaur, F|
|teampreview
|inactive|Battle timer is ON: inactive players will automatically lose when time's up. (requested by royalsk7)
|
|t:|1760379070
|teamsize|p1|6
|teamsize|p2|6
|start
|switch|p1a: Torterra|Torterra, M|100/100
|switch|p2a: Pelipper|Pelipper, M|100/100
|-weather|RainDance|[from] ability: Drizzle|[of] p2a: Pelipper
|turn|1
|
|t:|1760379079
|move|p2a: Pelipper|Ice Beam|p1a: Torterra
|-supereffective|p1a: Torterra
|-damage|p1a: Torterra|0 fnt
|faint|p1a: Torterra
|
|-weather|RainDance|[upkeep]
|upkeep
|
|t:|1760379088
|switch|p1a: Dragonite|Dragonite, M|100/100
|turn|2
|
|t:|1760379093
|move|p1a: Dragonite|Outrage|p2a: Pelipper
|-damage|p2a: Pelipper|0 fnt
|faint|p2a: Pelipper
|
|-weather|RainDance|[upkeep]
|upkeep
|
|t:|1760379101
|switch|p2a: Wyrdeer|Wyrdeer, F|100/100
|-ability|p2a: Wyrdeer|Intimidate|boost
|-fail|p1a: Dragonite|unboost|Attack|[from] ability: Inner Focus|[of] p1a: Dragonite
|turn|3
|
|t:|1760379108
|move|p1a: Dragonite|Outrage|p2a: Wyrdeer|[from] lockedmove
|-damage|p2a: Wyrdeer|0 fnt
|faint|p2a: Wyrdeer
|-start|p1a: Dragonite|confusion|[fatigue]
|
|-weather|RainDance|[upkeep]
|upkeep
|
|t:|1760379114
|switch|p2a: Garganacl|Garganacl, M|100/100
|turn|4
|
|t:|1760379121
|switch|p1a: Infernape|Infernape, M|100/100
|move|p2a: Garganacl|Curse|p2a: Garganacl
|-unboost|p2a: Garganacl|spe|1
|-boost|p2a: Garganacl|atk|1
|-boost|p2a: Garganacl|def|1
|
|-weather|RainDance|[upkeep]
|upkeep
|turn|5
|
|t:|1760379130
|move|p1a: Infernape|Bulk Up|p1a: Infernape
|-boost|p1a: Infernape|atk|1
|-boost|p1a: Infernape|def|1
|move|p2a: Garganacl|Salt Cure|p1a: Infernape
|-damage|p1a: Infernape|82/100
|-start|p1a: Infernape|Salt Cure
|
|-weather|none
|-damage|p1a: Infernape|70/100|[from] Salt Cure
|upkeep
|turn|6
|
|t:|1760379154
|move|p1a: Infernape|Close Combat|p2a: Garganacl
|-supereffective|p2a: Garganacl
|-damage|p2a: Garganacl|29/100
|-unboost|p1a: Infernape|def|1
|-unboost|p1a: Infernape|spd|1
|move|p2a: Garganacl|Curse|p2a: Garganacl
|-unboost|p2a: Garganacl|spe|1
|-boost|p2a: Garganacl|atk|1
|-boost|p2a: Garganacl|def|1
|
|-heal|p2a: Garganacl|35/100|[from] item: Leftovers
|-damage|p1a: Infernape|57/100|[from] Salt Cure
|upkeep
|turn|7
|
|t:|1760379168
|switch|p2a: Skeledirge|Skeledirge, M|100/100
|move|p1a: Infernape|Flame Charge|p2a: Skeledirge
|-resisted|p2a: Skeledirge
|-damage|p2a: Skeledirge|89/100
|-boost|p1a: Infernape|spe|1
|
|-damage|p1a: Infernape|45/100|[from] Salt Cure
|upkeep
|turn|8
|
|t:|1760379182
|move|p1a: Infernape|Flare Blitz|p2a: Skeledirge
|-resisted|p2a: Skeledirge
|-damage|p2a: Skeledirge|59/100
|-damage|p1a: Infernape|33/100|[from] Recoil
|move|p2a: Skeledirge|Torch Song|p1a: Infernape
|-resisted|p1a: Infernape
|-damage|p1a: Infernape|0 fnt
|-boost|p2a: Skeledirge|spa|1
|faint|p1a: Infernape
|
|upkeep
|
|t:|1760379192
|switch|p1a: Greninja|Greninja, M|100/100
|turn|9
|
|t:|1760379198
|move|p1a: Greninja|Hydro Pump|p2a: Skeledirge
|-supereffective|p2a: Skeledirge
|-damage|p2a: Skeledirge|0 fnt
|faint|p2a: Skeledirge
|-ability|p1a: Greninja|Battle Bond|boost
|-boost|p1a: Greninja|atk|1
|-boost|p1a: Greninja|spa|1
|-boost|p1a: Greninja|spe|1
|-activate|p1a: Greninja|ability: Battle Bond
|
|upkeep
|
|t:|1760379204
|switch|p2a: Venusaur|Venusaur, F|100/100
|turn|10
|
|t:|1760379211
|-terastallize|p2a: Venusaur|Water
|move|p1a: Greninja|Extrasensory|p2a: Venusaur
|-damage|p2a: Venusaur|62/100
|cant|p2a: Venusaur|flinch
|
|-damage|p2a: Venusaur|49/100|[from] item: Black Sludge
|upkeep
|turn|11
|
|t:|1760379222
|move|p1a: Greninja|Dark Pulse|p2a: Venusaur
|-damage|p2a: Venusaur|0 fnt
|faint|p2a: Venusaur
|
|upkeep
|-message|Prakashography forfeited.
|
|win|royalsk7
|raw|royalsk7's rating: 1053 &rarr; <strong>1086</strong><br />(+33 for winning)
|raw|Prakashography's rating: 1062 &rarr; <strong>1042</strong><br />(-20 for losing)
|l|☆Prakashography
|player|p2|
|l|☆royalsk7
|player|p1|
