|j|☆Joao V9898
|j|☆TrapLyf
|t:|1760447566
|gametype|singles
|player|p1|Joao V9898|101|1456
|player|p2|TrapLyf|1|1496
|gen|9
|tier|[Gen 9] OU
|rated|
|rule|HP Percentage Mod: HP is shown in percentages
|rule|Endless Battle Clause: Forcing endless battles is banned
|rule|Species Clause: Limit one of each Pokémon
|rule|OHKO Clause: OHKO moves are banned
|rule|Evasion Items Clause: Evasion items are banned
|rule|Evasion Moves Clause: Evasion moves are banned
|rule|Evasion Abilities Clause: Evasion abilities are banned
|rule|Sleep Moves Clause: Sleep-inducing moves are banned
|clearpoke
|poke|p1|Indeedee, M|
|poke|p1|Hatterene, F|
|poke|p1|Armarouge, M|
|poke|p1|Polteageist-Antique|
|poke|p1|Great Tusk|
|poke|p1|Kyurem|
|poke|p2|Ogerpon-Wellspring, F|
|poke|p2|Rillaboom, M|
|poke|p2|Heatran, F|
|poke|p2|Weezing-Galar, M|
|poke|p2|Ursaluna, M|
|poke|p2|Raging Bolt|
|teampreview
|inactive|Battle timer is ON: inactive players will automatically lose when time's up. (requested by Joao V9898)
|inactive|TrapLyf has 120 seconds left.
|
|t:|1760447603
|teamsize|p1|6
|teamsize|p2|6
|start
|switch|p1a: Indeedee|Indeedee, M|100/100
|switch|p2a: Rillaboom|Rillaboom, M|100/100
|-fieldstart|move: Psychic Terrain|[from] ability: Psychic Surge|[of] p1a: Indeedee
|-fieldstart|move: Grassy Terrain|[from] ability: Grassy Surge|[of] p2a: Rillaboom
|turn|1
|
|t:|1760447609
|switch|p1a: Sukuna|Armarouge, M|100/100
|move|p2a: Rillaboom|Knock Off|p1a: Sukuna
|-supereffective|p1a: Sukuna
|-damage|p1a: Sukuna|35/100
|-ability|p1a: Sukuna|Weak Armor|boost
|-unboost|p1a: Sukuna|def|1
|-boost|p1a: Sukuna|spe|2
|-enditem|p1a: Sukuna|Focus Sash|[from] move: Knock Off|[of] p2a: Rillaboom
|
|-heal|p1a: Sukuna|41/100|[from] Grassy Terrain
|upkeep
|turn|2
|
|t:|1760447617
|switch|p2a: Heatran|Heatran, F|100/100
|move|p1a: Sukuna|Armor Cannon|p2a: Heatran
|-start|p2a: Heatran|ability: Flash Fire
|
|-heal|p1a: Sukuna|47/100|[from] Grassy Terrain
|upkeep
|turn|3
|
|t:|1760447621
|move|p1a: Sukuna|Destiny Bond|p1a: Sukuna
|-singlemove|p1a: Sukuna|Destiny Bond
|move|p2a: Heatran|Earth Power|p1a: Sukuna
|-supereffective|p1a: Sukuna
|-damage|p1a: Sukuna|0 fnt
|faint|p1a: Sukuna
|-activate|p1a: Sukuna|move: Destiny Bond
|faint|p2a: Heatran
|
|upkeep
|
|t:|1760447628
|switch|p1a: Indeedee|Indeedee, M|100/100
|switch|p2a: Ogerpon|Ogerpon-Wellspring, F|100/100
|-fieldstart|move: Psychic Terrain|[from] ability: Psychic Surge|[of] p1a: Indeedee
|turn|4
|
|t:|1760447634
|switch|p1a: Kyurem|Kyurem|100/100
|-ability|p1a: Kyurem|Pressure
|move|p2a: Ogerpon|Substitute|p2a: Ogerpon
|-start|p2a: Ogerpon|Substitute
|-damage|p2a: Ogerpon|76/100
|
|upkeep
|turn|5
|
|t:|1760447638
|move|p1a: Kyurem|Freeze-Dry|p2a: Ogerpon
|-supereffective|p2a: Ogerpon
|-end|p2a: Ogerpon|Substitute
|move|p2a: Ogerpon|Power Whip|p1a: Kyurem
|-resisted|p1a: Kyurem
|-damage|p1a: Kyurem|68/100
|
|upkeep
|turn|6
|
|t:|1760447645
|switch|p2a: Weezing|Weezing-Galar, M|100/100
|-ability|p2a: Weezing|Neutralizing Gas
|move|p1a: Kyurem|Freeze-Dry|p2a: Weezing
|-damage|p2a: Weezing|69/100
|
|upkeep
|turn|7
|
|t:|1760447648
|move|p1a: Kyurem|Freeze-Dry|p2a: Weezing
|-damage|p2a: Weezing|34/100
|move|p2a: Weezing|Strange Steam|p1a: Kyurem
|-supereffective|p1a: Kyurem
|-damage|p1a: Kyurem|21/100
|
|upkeep
|turn|8
|
|t:|1760447655
|move|p1a: Kyurem|Freeze-Dry|p2a: Weezing
|-damage|p2a: Weezing|0 fnt
|faint|p2a: Weezing
|-end|p2a: Weezing|ability: Neutralizing Gas
|-ability|p1a: Kyurem|Pressure
|
|upkeep
|
|t:|1760447665
|switch|p2a: Rillaboom|Rillaboom, M|100/100
|-fieldstart|move: Grassy Terrain|[from] ability: Grassy Surge|[of] p2a: Rillaboom
|turn|9
|
|t:|1760447667
|-terastallize|p2a: Rillaboom|Grass
|move|p2a: Rillaboom|Grassy Glide|p1a: Kyurem
|-resisted|p1a: Kyurem
|-damage|p1a: Kyurem|0 fnt
|faint|p1a: Kyurem
|
|upkeep
|
|t:|1760447674
|switch|p1a: Indeedee|Indeedee, M|100/100
|-fieldstart|move: Psychic Terrain|[from] ability: Psychic Surge|[of] p1a: Indeedee
|turn|10
|inactive|TrapLyf has 120 seconds left.
|inactive|TrapLyf has 90 seconds left.
|
|t:|1760447750
|switch|p2a: Ursaluna|Ursaluna, M|100/100
|move|p1a: Indeedee|Expanding Force|p2a: Ursaluna
|-damage|p2a: Ursaluna|73/100
|
|upkeep
|turn|11
|
|t:|1760447767
|switch|p1a: Hatterene|Hatterene, F|100/100
|switch|p2a: Rillaboom|Rillaboom, M, tera:Grass|100/100
|-fieldstart|move: Grassy Terrain|[from] ability: Grassy Surge|[of] p2a: Rillaboom
|
|upkeep
|turn|12
|
|t:|1760447773
|move|p2a: Rillaboom|Wood Hammer|p1a: Hatterene
|-damage|p1a: Hatterene|10/100
|-damage|p2a: Rillaboom|73/100|[from] Recoil
|-enditem|p1a: Hatterene|Eject Button
|
|t:|1760447779
|switch|p1a: Indeedee|Indeedee, M|100/100
|-fieldstart|move: Psychic Terrain|[from] ability: Psychic Surge|[of] p1a: Indeedee
|
|upkeep
|turn|13
|
|t:|1760447782
|switch|p2a: Ursaluna|Ursaluna, M|73/100
|move|p1a: Indeedee|Expanding Force|p2a: Ursaluna
|-damage|p2a: Ursaluna|49/100
|
|upkeep
|turn|14
|
|t:|1760447786
|switch|p1a: Hatterene|Hatterene, F|10/100
|move|p2a: Ursaluna|Headlong Rush|p1a: Hatterene
|-damage|p1a: Hatterene|0 fnt
|-unboost|p2a: Ursaluna|def|1
|-unboost|p2a: Ursaluna|spd|1
|faint|p1a: Hatterene
|
|upkeep
|
|t:|1760447801
|switch|p1a: Great Tusk|Great Tusk|100/100
|turn|15
|inactive|TrapLyf has 120 seconds left.
|
|t:|1760447812
|switch|p2a: Ogerpon|Ogerpon-Wellspring, F|76/100
|move|p1a: Great Tusk|Stealth Rock|p2a: Ogerpon
|-sidestart|p2: TrapLyf|move: Stealth Rock
|
|upkeep
|turn|16
|
|t:|1760447819
|move|p2a: Ogerpon|Encore|p1a: Great Tusk
|-start|p1a: Great Tusk|Encore
|move|p1a: Great Tusk|Stealth Rock||[still]
|-fail|p1a: Great Tusk
|
|upkeep
|turn|17
|
|t:|1760447822
|-end|p1a: Great Tusk|Protosynthesis|[silent]
|switch|p1a: Indeedee|Indeedee, M|100/100
|move|p2a: Ogerpon|Substitute|p2a: Ogerpon
|-start|p2a: Ogerpon|Substitute
|-damage|p2a: Ogerpon|51/100
|
|upkeep
|turn|18
|
|t:|1760447824
|move|p2a: Ogerpon|Ivy Cudgel|p1a: Indeedee|[anim] Ivy Cudgel Water
|-damage|p1a: Indeedee|6/100
|move|p1a: Indeedee|Encore|p2a: Ogerpon
|-start|p2a: Ogerpon|Encore
|
|upkeep
|turn|19
|
|t:|1760447828
|move|p2a: Ogerpon|Ivy Cudgel|p1a: Indeedee|[anim] Ivy Cudgel Water
|-damage|p1a: Indeedee|0 fnt
|faint|p1a: Indeedee
|
|-fieldend|move: Psychic Terrain
|upkeep
|
|t:|1760447830
|switch|p1a: Polteageist|Polteageist-Antique|100/100
|turn|20
|
|t:|1760447833
|move|p2a: Ogerpon|Ivy Cudgel|p1a: Polteageist|[anim] Ivy Cudgel Water
|-enditem|p1a: Polteageist|Focus Sash
|-damage|p1a: Polteageist|1/100
|-ability|p1a: Polteageist|Weak Armor|boost
|-unboost|p1a: Polteageist|def|1
|-boost|p1a: Polteageist|spe|2
|move|p1a: Polteageist|Shadow Ball|p2a: Ogerpon
|-end|p2a: Ogerpon|Substitute
|
|upkeep
|turn|21
|
|t:|1760447837
|move|p1a: Polteageist|Shadow Ball|p2a: Ogerpon
|-damage|p2a: Ogerpon|0 fnt
|faint|p2a: Ogerpon
|
|upkeep
|
|t:|1760447841
|switch|p2a: Ursaluna|Ursaluna, M|49/100
|-damage|p2a: Ursaluna|43/100|[from] Stealth Rock
|turn|22
|
|t:|1760447844
|-terastallize|p1a: Polteageist|Fighting
|move|p1a: Polteageist|Tera Blast|p2a: Ursaluna|[anim] Tera Blast Fighting
|-supereffective|p2a: Ursaluna
|-damage|p2a: Ursaluna|0 fnt
|faint|p2a: Ursaluna
|
|upkeep
|
|t:|1760447850
|switch|p2a: Rillaboom|Rillaboom, M, tera:Grass|73/100
|-damage|p2a: Rillaboom|60/100|[from] Stealth Rock
|-fieldstart|move: Grassy Terrain|[from] ability: Grassy Surge|[of] p2a: Rillaboom
|turn|23
|
|t:|1760447853
|move|p2a: Rillaboom|Grassy Glide|p1a: Polteageist
|-damage|p1a: Polteageist|0 fnt
|faint|p1a: Polteageist
|
|-heal|p2a: Rillaboom|66/100|[from] Grassy Terrain
|upkeep
|
|t:|1760447855
|switch|p1a: Great Tusk|Great Tusk|100/100
|turn|24
|
|t:|1760447858
|move|p2a: Rillaboom|Grassy Glide|p1a: Great Tusk
|-supereffective|p1a: Great Tusk
|-damage|p1a: Great Tusk|41/100
|-damage|p2a: Rillaboom|50/100|[from] item: Rocky Helmet|[of] p1a: Great Tusk
|move|p1a: Great Tusk|Knock Off|p2a: Rillaboom
|-damage|p2a: Rillaboom|20/100
|-enditem|p2a: Rillaboom|Terrain Extender|[from] move: Knock Off|[of] p1a: Great Tusk
|
|-heal|p1a: Great Tusk|47/100|[from] Grassy Terrain
|-heal|p2a: Rillaboom|26/100|[from] Grassy Terrain
|upkeep
|turn|25
|
|t:|1760447865
|move|p2a: Rillaboom|Grassy Glide|p1a: Great Tusk
|-supereffective|p1a: Great Tusk
|-damage|p1a: Great Tusk|0 fnt
|-damage|p2a: Rillaboom|10/100|[from] item: Rocky Helmet|[of] p1a: Great Tusk
|faint|p1a: Great Tusk
|-end|p1a: Great Tusk|Protosynthesis|[silent]
|
|win|TrapLyf
|raw|Joao V9898's rating: 1456 &rarr; <strong>1438</strong><br />(-18 for losing)
|raw|TrapLyf's rating: 1496 &rarr; <strong>1514</strong><br />(+18 for winning)
|c|☆TrapLyf|gg
|l|☆Joao V9898
|player|p1|
