|j|☆fhfghbffg随便取的
|j|☆mongwong
|t:|1760435301
|gametype|singles
|player|p1|fhfghbffg随便取的|iono|1569
|player|p2|mongwong|silver-gen2|1617
|gen|9
|tier|[Gen 9] OU
|rated|
|rule|HP Percentage Mod: HP is shown in percentages
|rule|Endless Battle Clause: Forcing endless battles is banned
|rule|Species Clause: Limit one of each Pokémon
|rule|OHKO Clause: OHKO moves are banned
|rule|Evasion Items Clause: Evasion items are banned
|rule|Evasion Moves Clause: Evasion moves are banned
|rule|Evasion Abilities Clause: Evasion abilities are banned
|rule|Sleep Moves Clause: Sleep-inducing moves are banned
|clearpoke
|poke|p1|Blaziken, M|
|poke|p1|Grimmsnarl, M|
|poke|p1|Kingambit, F|
|poke|p1|Ogerpon-Wellspring, F|
|poke|p1|Ninetales-Alola, F|
|poke|p1|Kyurem|
|poke|p2|Pelipper, M|
|poke|p2|Barraskewda, M|
|poke|p2|Zapdos|
|poke|p2|Kingdra, M|
|poke|p2|Sinistcha-Masterpiece|
|poke|p2|Scizor, M|
|teampreview
|inactive|Battle timer is ON: inactive players will automatically lose when time's up. (requested by fhfghbffg随便取的)
|
|t:|1760435322
|teamsize|p1|6
|teamsize|p2|6
|start
|switch|p1a: Grimmsnarl|Grimmsnarl, M|100/100
|switch|p2a: Scizor|Scizor, M|100/100
|turn|1
|
|t:|1760435329
|move|p1a: Grimmsnarl|Reflect|p1a: Grimmsnarl
|-sidestart|p1: fhfghbffg随便取的|Reflect
|move|p2a: Scizor|Knock Off|p1a: Grimmsnarl
|-resisted|p1a: Grimmsnarl
|-damage|p1a: Grimmsnarl|96/100
|-enditem|p1a: Grimmsnarl|Light Clay|[from] move: Knock Off|[of] p2a: Scizor
|
|upkeep
|turn|2
|
|t:|1760435340
|move|p1a: Grimmsnarl|Light Screen|p1a: Grimmsnarl
|-sidestart|p1: fhfghbffg随便取的|move: Light Screen
|move|p2a: Scizor|Defog|p1a: Grimmsnarl
|-unboost|p1a: Grimmsnarl|evasion|1
|-sideend|p1: fhfghbffg随便取的|Reflect
|-sideend|p1: fhfghbffg随便取的|move: Light Screen
|
|upkeep
|turn|3
|
|t:|1760435347
|move|p2a: Scizor|Bullet Punch|p1a: Grimmsnarl
|-supereffective|p1a: Grimmsnarl
|-damage|p1a: Grimmsnarl|32/100
|move|p1a: Grimmsnarl|Taunt|p2a: Scizor
|-start|p2a: Scizor|move: Taunt
|
|upkeep
|turn|4
|
|t:|1760435353
|switch|p1a: Blaziken|Blaziken, M|100/100
|move|p2a: Scizor|U-turn|p1a: Blaziken
|-resisted|p1a: Blaziken
|-damage|p1a: Blaziken|89/100
|
|t:|1760435357
|switch|p2a: Barraskewda|Barraskewda, M|100/100|[from] U-turn
|
|-heal|p1a: Blaziken|95/100|[from] item: Leftovers
|upkeep
|turn|5
|l|☆mongwong
|inactive|mongwong disconnected and has a minute to reconnect!
|player|p2|
|j|☆mongwong
|inactive|mongwong reconnected and has 120 seconds left.
|player|p2|mongwong|silver-gen2|
|
|t:|1760435398
|switch|p1a: Ogerpon|Ogerpon-Wellspring, F|100/100
|move|p2a: Barraskewda|Close Combat|p1a: Ogerpon
|-damage|p1a: Ogerpon|11/100
|-unboost|p2a: Barraskewda|def|1
|-unboost|p2a: Barraskewda|spd|1
|
|upkeep
|turn|6
|
|t:|1760435419
|switch|p2a: Sinistcha|Sinistcha-Masterpiece|100/100
|switch|p1a: Ninetales|Ninetales-Alola, F|100/100
|-weather|Snowscape|[from] ability: Snow Warning|[of] p1a: Ninetales
|
|-weather|Snowscape|[upkeep]
|upkeep
|turn|7
|inactive|mongwong has 120 seconds left.
|
|t:|1760435441
|switch|p1a: Grimmsnarl|Grimmsnarl, M|32/100
|switch|p2a: Scizor|Scizor, M|100/100
|
|-weather|Snowscape|[upkeep]
|upkeep
|turn|8
|
|t:|1760435447
|switch|p1a: Blaziken|Blaziken, M|95/100
|move|p2a: Scizor|U-turn|p1a: Blaziken
|-resisted|p1a: Blaziken
|-damage|p1a: Blaziken|85/100
|inactive|mongwong has 120 seconds left.
|
|t:|1760435459
|switch|p2a: Zapdos|Zapdos|100/100|[from] U-turn
|
|-weather|Snowscape|[upkeep]
|-heal|p1a: Blaziken|91/100|[from] item: Leftovers
|upkeep
|turn|9
|
|t:|1760435477
|-terastallize|p1a: Blaziken|Dark
|move|p2a: Zapdos|Volt Switch|p1a: Blaziken
|-damage|p1a: Blaziken|35/100
|
|t:|1760435483
|switch|p2a: Sinistcha|Sinistcha-Masterpiece|100/100|[from] Volt Switch
|move|p1a: Blaziken|Swords Dance|p1a: Blaziken
|-boost|p1a: Blaziken|atk|2
|
|-weather|Snowscape|[upkeep]
|-heal|p1a: Blaziken|41/100|[from] item: Leftovers
|-ability|p1a: Blaziken|Speed Boost|boost
|-boost|p1a: Blaziken|spe|1
|upkeep
|turn|10
|l|☆mongwong
|inactive|mongwong disconnected and has a minute to reconnect!
|player|p2|
|j|☆mongwong
|inactive|mongwong reconnected and has 100 seconds left.
|player|p2|mongwong|silver-gen2|
|
|t:|1760435521
|move|p1a: Blaziken|Knock Off|p2a: Sinistcha
|-supereffective|p2a: Sinistcha
|-damage|p2a: Sinistcha|0 fnt
|-enditem|p2a: Sinistcha|Leftovers|[from] move: Knock Off|[of] p1a: Blaziken
|faint|p2a: Sinistcha
|
|-weather|none
|-heal|p1a: Blaziken|47/100|[from] item: Leftovers
|-ability|p1a: Blaziken|Speed Boost|boost
|-boost|p1a: Blaziken|spe|1
|upkeep
|
|t:|1760435529
|switch|p2a: Barraskewda|Barraskewda, M|100/100
|turn|11
|
|t:|1760435533
|-terastallize|p2a: Barraskewda|Water
|move|p2a: Barraskewda|Aqua Jet|p1a: Blaziken
|-damage|p1a: Blaziken|0 fnt
|faint|p1a: Blaziken
|
|upkeep
|
|t:|1760435538
|switch|p1a: Ogerpon|Ogerpon-Wellspring, F|11/100
|turn|12
|
|t:|1760435543
|switch|p2a: Pelipper|Pelipper, M|100/100
|-weather|RainDance|[from] ability: Drizzle|[of] p2a: Pelipper
|move|p1a: Ogerpon|Horn Leech|p2a: Pelipper
|-damage|p2a: Pelipper|65/100
|-heal|p1a: Ogerpon|30/100|[from] drain|[of] p2a: Pelipper
|
|-weather|RainDance|[upkeep]
|upkeep
|turn|13
|
|t:|1760435548
|switch|p1a: Ninetales|Ninetales-Alola, F|100/100
|-weather|Snowscape|[from] ability: Snow Warning|[of] p1a: Ninetales
|move|p2a: Pelipper|U-turn|p1a: Ninetales
|-resisted|p1a: Ninetales
|-damage|p1a: Ninetales|97/100
|
|t:|1760435551
|switch|p2a: Scizor|Scizor, M|100/100|[from] U-turn
|
|-weather|Snowscape|[upkeep]
|upkeep
|turn|14
|
|t:|1760435562
|move|p1a: Ninetales|Aurora Veil|p1a: Ninetales
|-sidestart|p1: fhfghbffg随便取的|move: Aurora Veil
|move|p2a: Scizor|Knock Off|p1a: Ninetales
|-resisted|p1a: Ninetales
|-crit|p1a: Ninetales
|-damage|p1a: Ninetales|80/100
|-enditem|p1a: Ninetales|Light Clay|[from] move: Knock Off|[of] p2a: Scizor
|
|-weather|Snowscape|[upkeep]
|upkeep
|turn|15
|
|t:|1760435566
|move|p1a: Ninetales|Encore|p2a: Scizor
|-start|p2a: Scizor|Encore
|move|p2a: Scizor|Knock Off|p1a: Ninetales
|-resisted|p1a: Ninetales
|-damage|p1a: Ninetales|76/100
|
|-weather|Snowscape|[upkeep]
|upkeep
|turn|16
|
|t:|1760435572
|move|p1a: Ninetales|Blizzard|p2a: Scizor
|-resisted|p2a: Scizor
|-damage|p2a: Scizor|87/100
|-status|p2a: Scizor|frz
|cant|p2a: Scizor|frz
|
|-weather|Snowscape|[upkeep]
|-heal|p2a: Scizor|93/100 frz|[from] item: Leftovers
|upkeep
|turn|17
|
|t:|1760435579
|switch|p1a: Kyurem|Kyurem|100/100
|-ability|p1a: Kyurem|Pressure
|cant|p2a: Scizor|frz
|
|-weather|none
|-heal|p2a: Scizor|99/100 frz|[from] item: Leftovers
|-end|p2a: Scizor|Encore
|upkeep
|turn|18
|
|t:|1760435583
|move|p1a: Kyurem|Dragon Dance|p1a: Kyurem
|-boost|p1a: Kyurem|atk|1
|-boost|p1a: Kyurem|spe|1
|cant|p2a: Scizor|frz
|
|-heal|p2a: Scizor|100/100 frz|[from] item: Leftovers
|upkeep
|turn|19
|
|t:|1760435586
|move|p1a: Kyurem|Dragon Dance|p1a: Kyurem
|-boost|p1a: Kyurem|atk|1
|-boost|p1a: Kyurem|spe|1
|cant|p2a: Scizor|frz
|
|upkeep
|turn|20
|
|t:|1760435589
|cant|p2a: Scizor|frz
|move|p1a: Kyurem|Dragon Dance|p1a: Kyurem
|-boost|p1a: Kyurem|atk|1
|-boost|p1a: Kyurem|spe|1
|
|upkeep
|turn|21
|
|t:|1760435592
|move|p1a: Kyurem|Earth Power|p2a: Scizor
|-crit|p2a: Scizor
|-damage|p2a: Scizor|64/100 frz
|cant|p2a: Scizor|frz
|
|-heal|p2a: Scizor|71/100 frz|[from] item: Leftovers
|-sideend|p1: fhfghbffg随便取的|move: Aurora Veil
|upkeep
|turn|22
|
|t:|1760435599
|cant|p2a: Scizor|frz
|move|p1a: Kyurem|Earth Power|p2a: Scizor
|-damage|p2a: Scizor|42/100 frz
|
|-heal|p2a: Scizor|48/100 frz|[from] item: Leftovers
|upkeep
|turn|23
|
|t:|1760435601
|-curestatus|p2a: Scizor|frz|[msg]
|move|p2a: Scizor|Bullet Punch|p1a: Kyurem
|-supereffective|p1a: Kyurem
|-damage|p1a: Kyurem|43/100
|move|p1a: Kyurem|Dragon Dance|p1a: Kyurem
|-boost|p1a: Kyurem|atk|1
|-boost|p1a: Kyurem|spe|1
|
|-heal|p1a: Kyurem|49/100|[from] item: Leftovers
|-heal|p2a: Scizor|55/100|[from] item: Leftovers
|upkeep
|turn|24
|
|t:|1760435612
|move|p2a: Scizor|Bullet Punch|p1a: Kyurem
|-supereffective|p1a: Kyurem
|-damage|p1a: Kyurem|0 fnt
|faint|p1a: Kyurem
|
|-heal|p2a: Scizor|61/100|[from] item: Leftovers
|upkeep
|
|t:|1760435618
|switch|p1a: Ogerpon|Ogerpon-Wellspring, F|30/100
|turn|25
|
|t:|1760435624
|move|p1a: Ogerpon|Encore|p2a: Scizor
|-start|p2a: Scizor|Encore
|move|p2a: Scizor|Bullet Punch|p1a: Ogerpon
|-resisted|p1a: Ogerpon
|-damage|p1a: Ogerpon|14/100
|
|-heal|p2a: Scizor|67/100|[from] item: Leftovers
|upkeep
|turn|26
|
|t:|1760435629
|move|p2a: Scizor|Bullet Punch|p1a: Ogerpon
|-resisted|p1a: Ogerpon
|-damage|p1a: Ogerpon|0 fnt
|faint|p1a: Ogerpon
|
|-heal|p2a: Scizor|73/100|[from] item: Leftovers
|upkeep
|
|t:|1760435632
|switch|p1a: Kingambit|Kingambit, F|100/100
|-activate|p1a: Kingambit|ability: Supreme Overlord
|-start|p1a: Kingambit|fallen3|[silent]
|-item|p1a: Kingambit|Air Balloon
|turn|27
|
|t:|1760435637
|switch|p2a: Pelipper|Pelipper, M|65/100
|-weather|RainDance|[from] ability: Drizzle|[of] p2a: Pelipper
|move|p1a: Kingambit|Swords Dance|p1a: Kingambit
|-boost|p1a: Kingambit|atk|2
|
|-weather|RainDance|[upkeep]
|upkeep
|turn|28
|
|t:|1760435644
|switch|p2a: Scizor|Scizor, M|73/100
|move|p1a: Kingambit|Sucker Punch||[still]
|-fail|p1a: Kingambit
|
|-weather|RainDance|[upkeep]
|-heal|p2a: Scizor|79/100|[from] item: Leftovers
|upkeep
|turn|29
|
|t:|1760435648
|move|p2a: Scizor|Bullet Punch|p1a: Kingambit
|-resisted|p1a: Kingambit
|-damage|p1a: Kingambit|89/100
|-enditem|p1a: Kingambit|Air Balloon
|move|p1a: Kingambit|Kowtow Cleave|p2a: Scizor
|-damage|p2a: Scizor|0 fnt
|faint|p2a: Scizor
|
|-weather|RainDance|[upkeep]
|upkeep
|
|t:|1760435653
|switch|p2a: Kingdra|Kingdra, M|100/100
|turn|30
|
|t:|1760435657
|move|p1a: Kingambit|Sucker Punch|p2a: Kingdra
|-crit|p2a: Kingdra
|-damage|p2a: Kingdra|0 fnt
|faint|p2a: Kingdra
|
|-weather|RainDance|[upkeep]
|upkeep
|
|t:|1760435659
|switch|p2a: Barraskewda|Barraskewda, M, tera:Water|100/100
|turn|31
|
|t:|1760435661
|move|p2a: Barraskewda|Aqua Jet|p1a: Kingambit
|-damage|p1a: Kingambit|35/100
|move|p1a: Kingambit|Sucker Punch||[still]
|-fail|p1a: Kingambit
|
|-weather|RainDance|[upkeep]
|upkeep
|turn|32
|
|t:|1760435664
|-end|p1a: Kingambit|fallen3|[silent]
|switch|p1a: Ninetales|Ninetales-Alola, F|76/100
|-weather|Snowscape|[from] ability: Snow Warning|[of] p1a: Ninetales
|move|p2a: Barraskewda|Aqua Jet|p1a: Ninetales
|-damage|p1a: Ninetales|39/100
|
|-weather|Snowscape|[upkeep]
|upkeep
|turn|33
|
|t:|1760435673
|switch|p2a: Zapdos|Zapdos|100/100
|switch|p1a: Grimmsnarl|Grimmsnarl, M|32/100
|
|-weather|Snowscape|[upkeep]
|upkeep
|turn|34
|
|t:|1760435677
|move|p1a: Grimmsnarl|Light Screen|p1a: Grimmsnarl
|-sidestart|p1: fhfghbffg随便取的|move: Light Screen
|move|p2a: Zapdos|Volt Switch|p1a: Grimmsnarl
|-damage|p1a: Grimmsnarl|20/100
|
|t:|1760435679
|switch|p2a: Pelipper|Pelipper, M|65/100|[from] Volt Switch
|-weather|RainDance|[from] ability: Drizzle|[of] p2a: Pelipper
|
|-weather|RainDance|[upkeep]
|upkeep
|turn|35
|
|t:|1760435681
|move|p1a: Grimmsnarl|Reflect|p1a: Grimmsnarl
|-sidestart|p1: fhfghbffg随便取的|Reflect
|move|p2a: Pelipper|U-turn|p1a: Grimmsnarl
|-damage|p1a: Grimmsnarl|14/100
|
|t:|1760435686
|switch|p2a: Barraskewda|Barraskewda, M, tera:Water|100/100|[from] U-turn
|
|-weather|RainDance|[upkeep]
|upkeep
|turn|36
|
|t:|1760435690
|move|p1a: Grimmsnarl|Parting Shot|p2a: Barraskewda
|-unboost|p2a: Barraskewda|atk|1
|-unboost|p2a: Barraskewda|spa|1
|
|t:|1760435693
|switch|p1a: Ninetales|Ninetales-Alola, F|39/100|[from] Parting Shot
|-weather|Snowscape|[from] ability: Snow Warning|[of] p1a: Ninetales
|move|p2a: Barraskewda|Liquidation|p1a: Ninetales
|-damage|p1a: Ninetales|11/100
|-unboost|p1a: Ninetales|def|1
|
|-weather|Snowscape|[upkeep]
|upkeep
|turn|37
|
|t:|1760435699
|switch|p2a: Pelipper|Pelipper, M|65/100
|-weather|RainDance|[from] ability: Drizzle|[of] p2a: Pelipper
|move|p1a: Ninetales|Moonblast|p2a: Pelipper
|-damage|p2a: Pelipper|23/100
|
|-weather|RainDance|[upkeep]
|upkeep
|turn|38
|j| loongfushichou4413
|
|t:|1760435704
|switch|p2a: Zapdos|Zapdos|100/100
|move|p1a: Ninetales|Moonblast|p2a: Zapdos
|-damage|p2a: Zapdos|71/100
|
|-weather|RainDance|[upkeep]
|-sideend|p1: fhfghbffg随便取的|move: Light Screen
|upkeep
|turn|39
|
|t:|1760435707
|move|p1a: Ninetales|Blizzard|p2a: Zapdos|[miss]
|-miss|p1a: Ninetales|p2a: Zapdos
|move|p2a: Zapdos|Volt Switch|p1a: Ninetales
|-damage|p1a: Ninetales|0 fnt
|faint|p1a: Ninetales
|
|t:|1760435710
|switch|p2a: Barraskewda|Barraskewda, M, tera:Water|100/100|[from] Volt Switch
|
|-weather|RainDance|[upkeep]
|-sideend|p1: fhfghbffg随便取的|Reflect
|upkeep
|
|t:|1760435714
|switch|p1a: Grimmsnarl|Grimmsnarl, M|14/100
|turn|40
|
|t:|1760435716
|move|p2a: Barraskewda|Aqua Jet|p1a: Grimmsnarl
|-damage|p1a: Grimmsnarl|0 fnt
|faint|p1a: Grimmsnarl
|
|-weather|RainDance|[upkeep]
|upkeep
|
|t:|1760435719
|switch|p1a: Kingambit|Kingambit, F|35/100
|-activate|p1a: Kingambit|ability: Supreme Overlord
|-start|p1a: Kingambit|fallen5|[silent]
|turn|41
|
|t:|1760435720
|move|p2a: Barraskewda|Aqua Jet|p1a: Kingambit
|-damage|p1a: Kingambit|0 fnt
|faint|p1a: Kingambit
|-end|p1a: Kingambit|fallen5|[silent]
|
|win|mongwong
|raw|fhfghbffg随便取的's rating: 1569 &rarr; <strong>1552</strong><br />(-17 for losing)
|raw|mongwong's rating: 1617 &rarr; <strong>1634</strong><br />(+17 for winning)
|l|☆fhfghbffg随便取的
|player|p1|
|l|☆mongwong
|player|p2|
|l| loongfushichou4413
