|j|☆constartus
|j|☆thebeast3459
|t:|1760335404
|gametype|singles
|player|p1|constartus|az|1135
|player|p2|thebeast3459|giovanni|1053
|gen|9
|tier|[Gen 9] OU
|rated|
|rule|HP Percentage Mod: HP is shown in percentages
|rule|Endless Battle Clause: Forcing endless battles is banned
|rule|Species Clause: Limit one of each Pokémon
|rule|OHKO Clause: OHKO moves are banned
|rule|Evasion Items Clause: Evasion items are banned
|rule|Evasion Moves Clause: Evasion moves are banned
|rule|Evasion Abilities Clause: Evasion abilities are banned
|rule|Sleep Moves Clause: Sleep-inducing moves are banned
|clearpoke
|poke|p1|Ribombee, M|
|poke|p1|Cinderace, F|
|poke|p1|Empoleon, M|
|poke|p1|Ogerpon, F|
|poke|p1|Kingambit, M|
|poke|p1|Gothitelle, M|
|poke|p2|Cinderace, M|
|poke|p2|Weezing-Galar, F|
|poke|p2|Skarmory, M|
|poke|p2|Raging Bolt|
|poke|p2|Sinistcha-Masterpiece|
|poke|p2|Swampert, F|
|teampreview
|inactive|Battle timer is ON: inactive players will automatically lose when time's up. (requested by constartus)
|
|t:|1760335407
|teamsize|p1|6
|teamsize|p2|6
|start
|switch|p1a: Ribombee|Ribombee, M, shiny|100/100
|switch|p2a: Skarmory|Skarmory, M|100/100
|turn|1
|
|t:|1760335413
|move|p1a: Ribombee|Sticky Web|p2a: Skarmory
|-sidestart|p2: thebeast3459|move: Sticky Web
|move|p2a: Skarmory|Stealth Rock|p1a: Ribombee
|-sidestart|p1: constartus|move: Stealth Rock
|
|upkeep
|turn|2
|
|t:|1760335417
|move|p1a: Ribombee|Stun Spore|p2a: Skarmory
|-status|p2a: Skarmory|par
|move|p2a: Skarmory|Stealth Rock||[still]
|-fail|p2a: Skarmory
|
|upkeep
|turn|3
|
|t:|1760335422
|move|p1a: Ribombee|Switcheroo|p2a: Skarmory
|-activate|p1a: Ribombee|move: Trick|[of] p2a: Skarmory
|-item|p2a: Skarmory|Focus Sash|[from] move: Switcheroo
|-item|p1a: Ribombee|Heavy-Duty Boots|[from] move: Switcheroo
|cant|p2a: Skarmory|par
|
|upkeep
|turn|4
|
|t:|1760335427
|move|p1a: Ribombee|Pollen Puff|p2a: Skarmory
|-resisted|p2a: Skarmory
|-damage|p2a: Skarmory|93/100 par
|move|p2a: Skarmory|Drill Peck|p1a: Ribombee
|-supereffective|p1a: Ribombee
|-damage|p1a: Ribombee|23/100
|
|upkeep
|turn|5
|
|t:|1760335435
|move|p1a: Ribombee|Pollen Puff|p2a: Skarmory
|-resisted|p2a: Skarmory
|-damage|p2a: Skarmory|84/100 par
|cant|p2a: Skarmory|par
|
|upkeep
|turn|6
|
|t:|1760335440
|move|p1a: Ribombee|Pollen Puff|p2a: Skarmory
|-resisted|p2a: Skarmory
|-damage|p2a: Skarmory|75/100 par
|cant|p2a: Skarmory|par
|
|upkeep
|turn|7
|
|t:|1760335446
|switch|p1a: Cinderace|Cinderace, F|100/100
|-damage|p1a: Cinderace|76/100|[from] Stealth Rock
|cant|p2a: Skarmory|par
|
|upkeep
|turn|8
|
|t:|1760335455
|move|p1a: Cinderace|Court Change|p1a: Cinderace
|-start|p1a: Cinderace|typechange|Normal|[from] ability: Libero
|-swapsideconditions
|-activate|p1a: Cinderace|move: Court Change
|cant|p2a: Skarmory|par
|
|upkeep
|turn|9
|
|t:|1760335459
|move|p1a: Cinderace|Taunt|p2a: Skarmory
|-start|p2a: Skarmory|move: Taunt
|move|p2a: Skarmory|Drill Peck|p1a: Cinderace
|-damage|p1a: Cinderace|40/100
|
|upkeep
|turn|10
|
|t:|1760335464
|move|p1a: Cinderace|High Jump Kick|p2a: Skarmory
|-damage|p2a: Skarmory|45/100 par
|move|p2a: Skarmory|Drill Peck|p1a: Cinderace
|-damage|p1a: Cinderace|4/100
|
|upkeep
|turn|11
|
|t:|1760335468
|move|p1a: Cinderace|High Jump Kick|p2a: Skarmory
|-damage|p2a: Skarmory|18/100 par
|move|p2a: Skarmory|Drill Peck|p1a: Cinderace
|-damage|p1a: Cinderace|0 fnt
|faint|p1a: Cinderace
|
|-end|p2a: Skarmory|move: Taunt
|upkeep
|
|t:|1760335477
|switch|p1a: Gothitelle|Gothitelle, M|100/100
|-activate|p1a: Gothitelle|move: Sticky Web
|-unboost|p1a: Gothitelle|spe|1
|-ability|p1a: Gothitelle|Competitive|boost
|-boost|p1a: Gothitelle|spa|2
|turn|12
|
|t:|1760335482
|move|p2a: Skarmory|Drill Peck|p1a: Gothitelle
|-damage|p1a: Gothitelle|74/100
|move|p1a: Gothitelle|Trick Room|p1a: Gothitelle
|-fieldstart|move: Trick Room|[of] p1a: Gothitelle
|
|upkeep
|turn|13
|
|t:|1760335487
|cant|p2a: Skarmory|par
|move|p1a: Gothitelle|Thunderbolt|p2a: Skarmory
|-supereffective|p2a: Skarmory
|-damage|p2a: Skarmory|0 fnt
|faint|p2a: Skarmory
|
|upkeep
|
|t:|1760335505
|switch|p2a: Sinistcha|Sinistcha-Masterpiece|100/100
|-damage|p2a: Sinistcha|88/100|[from] Stealth Rock
|turn|14
|
|t:|1760335514
|move|p1a: Gothitelle|Dark Pulse|p2a: Sinistcha
|-supereffective|p2a: Sinistcha
|-damage|p2a: Sinistcha|0 fnt
|faint|p2a: Sinistcha
|
|upkeep
|
|t:|1760335525
|switch|p2a: Raging Bolt|Raging Bolt|100/100
|-damage|p2a: Raging Bolt|88/100|[from] Stealth Rock
|-enditem|p2a: Raging Bolt|Booster Energy
|-activate|p2a: Raging Bolt|ability: Protosynthesis|[fromitem]
|-start|p2a: Raging Bolt|protosynthesisspa
|turn|15
|
|t:|1760335530
|move|p1a: Gothitelle|Dark Pulse|p2a: Raging Bolt
|-damage|p2a: Raging Bolt|53/100
|move|p2a: Raging Bolt|Thunderbolt|p1a: Gothitelle
|-damage|p1a: Gothitelle|14/100
|-enditem|p1a: Gothitelle|Sitrus Berry|[eat]
|-heal|p1a: Gothitelle|39/100|[from] item: Sitrus Berry
|
|upkeep
|turn|16
|
|t:|1760335535
|move|p1a: Gothitelle|Dark Pulse|p2a: Raging Bolt
|-damage|p2a: Raging Bolt|13/100
|move|p2a: Raging Bolt|Thunderbolt|p1a: Gothitelle
|-damage|p1a: Gothitelle|0 fnt
|faint|p1a: Gothitelle
|
|-fieldend|move: Trick Room
|upkeep
|
|t:|1760335543
|switch|p1a: Ribombee|Ribombee, M, shiny|23/100
|turn|17
|
|t:|1760335548
|move|p1a: Ribombee|Sticky Web|p2a: Raging Bolt
|-sidestart|p2: thebeast3459|move: Sticky Web
|move|p2a: Raging Bolt|Thunderbolt|p1a: Ribombee
|-damage|p1a: Ribombee|0 fnt
|faint|p1a: Ribombee
|
|upkeep
|
|t:|1760335554
|switch|p1a: Ogerpon|Ogerpon, F|100/100
|-activate|p1a: Ogerpon|move: Sticky Web
|-unboost|p1a: Ogerpon|spe|1
|-ability|p1a: Ogerpon|Defiant|boost
|-boost|p1a: Ogerpon|atk|2
|turn|18
|
|t:|1760335561
|-terastallize|p1a: Ogerpon|Grass
|detailschange|p1a: Ogerpon|Ogerpon-Teal-Tera, F, tera:Grass
|-ability|p1a: Ogerpon|Embody Aspect (Teal)|boost
|-boost|p1a: Ogerpon|spe|1
|move|p1a: Ogerpon|Trailblaze|p2a: Raging Bolt
|-resisted|p2a: Raging Bolt
|-damage|p2a: Raging Bolt|0 fnt
|-boost|p1a: Ogerpon|spe|1
|faint|p2a: Raging Bolt
|-end|p2a: Raging Bolt|Protosynthesis|[silent]
|
|upkeep
|
|t:|1760335568
|switch|p2a: Cinderace|Cinderace, M, shiny|100/100
|turn|19
|
|t:|1760335573
|move|p1a: Ogerpon|Stomping Tantrum|p2a: Cinderace
|-supereffective|p2a: Cinderace
|-damage|p2a: Cinderace|0 fnt
|faint|p2a: Cinderace
|
|upkeep
|
|t:|1760335578
|switch|p2a: Weezing|Weezing-Galar, F|100/100
|-damage|p2a: Weezing|88/100|[from] Stealth Rock
|turn|20
|
|t:|1760335588
|move|p1a: Ogerpon|Stomping Tantrum|p2a: Weezing
|-immune|p2a: Weezing|[from] ability: Levitate
|move|p2a: Weezing|Gunk Shot|p1a: Ogerpon|[miss]
|-miss|p2a: Weezing|p1a: Ogerpon
|
|-heal|p2a: Weezing|94/100|[from] item: Black Sludge
|upkeep
|turn|21
|
|t:|1760335598
|move|p1a: Ogerpon|Knock Off|p2a: Weezing
|-resisted|p2a: Weezing
|-damage|p2a: Weezing|70/100
|-enditem|p2a: Weezing|Black Sludge|[from] move: Knock Off|[of] p1a: Ogerpon
|move|p2a: Weezing|Defog|p1a: Ogerpon
|-unboost|p1a: Ogerpon|evasion|1
|-sideend|p1: constartus|Sticky Web|[from] move: Defog|[of] p2a: Weezing
|-sideend|p2: thebeast3459|Stealth Rock|[from] move: Defog|[of] p2a: Weezing
|-sideend|p2: thebeast3459|Sticky Web|[from] move: Defog|[of] p2a: Weezing
|
|upkeep
|turn|22
|
|t:|1760335607
|move|p1a: Ogerpon|Trailblaze|p2a: Weezing
|-resisted|p2a: Weezing
|-damage|p2a: Weezing|35/100
|-boost|p1a: Ogerpon|spe|1
|move|p2a: Weezing|Gunk Shot|p1a: Ogerpon
|-supereffective|p1a: Ogerpon
|-damage|p1a: Ogerpon|0 fnt
|faint|p1a: Ogerpon
|detailschange|p1: Ogerpon|Ogerpon, F|[silent]
|
|upkeep
|
|t:|1760335612
|switch|p1a: TC Nick 4|Empoleon, M|100/100
|turn|23
|
|t:|1760335618
|move|p2a: Weezing|Play Rough|p1a: TC Nick 4
|-resisted|p1a: TC Nick 4
|-damage|p1a: TC Nick 4|84/100
|move|p1a: TC Nick 4|Flash Cannon|p2a: Weezing
|-supereffective|p2a: Weezing
|-damage|p2a: Weezing|0 fnt
|faint|p2a: Weezing
|-damage|p1a: TC Nick 4|74/100|[from] item: Life Orb
|
|upkeep
|
|t:|1760335623
|switch|p2a: Swampert|Swampert, F, shiny|100/100
|turn|24
|
|t:|1760335627
|move|p1a: TC Nick 4|Grass Knot|p2a: Swampert
|-supereffective|p2a: Swampert
|-damage|p2a: Swampert|0 fnt
|-damage|p1a: TC Nick 4|58/100|[from] item: Rocky Helmet|[of] p2a: Swampert
|faint|p2a: Swampert
|-damage|p1a: TC Nick 4|48/100|[from] item: Life Orb
|
|win|constartus
|raw|constartus's rating: 1135 &rarr; <strong>1154</strong><br />(+19 for winning)
|raw|thebeast3459's rating: 1053 &rarr; <strong>1039</strong><br />(-14 for losing)
|l|☆thebeast3459
|player|p2|
|l|☆constartus
|player|p1|
