|j|☆klefki_did_it
|j|☆3r34t45
|t:|1760454430
|gametype|singles
|player|p1|klefki_did_it|pokemonbreeder-gen4|1392
|player|p2|3r34t45|169|1419
|gen|9
|tier|[Gen 9] OU
|rated|
|rule|HP Percentage Mod: HP is shown in percentages
|rule|Endless Battle Clause: Forcing endless battles is banned
|rule|Species Clause: Limit one of each Pokémon
|rule|OHKO Clause: OHKO moves are banned
|rule|Evasion Items Clause: Evasion items are banned
|rule|Evasion Moves Clause: Evasion moves are banned
|rule|Evasion Abilities Clause: Evasion abilities are banned
|rule|Sleep Moves Clause: Sleep-inducing moves are banned
|clearpoke
|poke|p1|Staraptor, M|
|poke|p1|Kingambit, M|
|poke|p1|Emboar, M|
|poke|p1|Thundurus, M|
|poke|p1|Mandibuzz, F|
|poke|p1|Gardevoir, M|
|poke|p2|Metagross|
|poke|p2|Slowking-Galar, F|
|poke|p2|Hydrapple, M|
|poke|p2|Rotom-Frost|
|poke|p2|Great Tusk|
|poke|p2|Dragapult, M|
|teampreview
|inactive|Battle timer is ON: inactive players will automatically lose when time's up. (requested by 3r34t45)
|inactive|klefki_did_it also wants the timer to be on.
|
|t:|1760454446
|teamsize|p1|6
|teamsize|p2|6
|start
|switch|p1a: Gardevoir|Gardevoir, M|100/100
|switch|p2a: Metagross|Metagross|100/100
|-ability|p1a: Gardevoir|Clear Body|Trace|[from] ability: Trace|[of] p2a: Metagross
|turn|1
|
|t:|1760454454
|move|p1a: Gardevoir|Shadow Ball|p2a: Metagross
|-supereffective|p2a: Metagross
|-damage|p2a: Metagross|42/100
|move|p2a: Metagross|Stealth Rock|p1a: Gardevoir
|-sidestart|p1: klefki_did_it|move: Stealth Rock
|
|upkeep
|turn|2
|
|t:|1760454461
|switch|p2a: Rotom|Rotom-Frost|100/100
|move|p1a: Gardevoir|Shadow Ball|p2a: Rotom
|-damage|p2a: Rotom|64/100
|-unboost|p2a: Rotom|spd|1
|
|upkeep
|turn|3
|
|t:|1760454466
|move|p2a: Rotom|Volt Switch|p1a: Gardevoir
|-damage|p1a: Gardevoir|63/100
|
|t:|1760454468
|switch|p2a: Slowking|Slowking-Galar, F|100/100|[from] Volt Switch
|move|p1a: Gardevoir|Shadow Ball|p2a: Slowking
|-supereffective|p2a: Slowking
|-damage|p2a: Slowking|65/100
|
|-heal|p2a: Slowking|72/100|[from] item: Leftovers
|upkeep
|turn|4
|
|t:|1760454470
|move|p1a: Gardevoir|Shadow Ball|p2a: Slowking
|-supereffective|p2a: Slowking
|-damage|p2a: Slowking|40/100
|move|p2a: Slowking|Sludge Bomb|p1a: Gardevoir
|-supereffective|p1a: Gardevoir
|-damage|p1a: Gardevoir|0 fnt
|faint|p1a: Gardevoir
|
|-heal|p2a: Slowking|46/100|[from] item: Leftovers
|upkeep
|
|t:|1760454477
|switch|p1a: Kingambit|Kingambit, M|100/100
|-damage|p1a: Kingambit|94/100|[from] Stealth Rock
|-activate|p1a: Kingambit|ability: Supreme Overlord
|-start|p1a: Kingambit|fallen1|[silent]
|turn|5
|
|t:|1760454482
|switch|p2a: Great Tusk|Great Tusk|100/100
|move|p1a: Kingambit|Substitute|p1a: Kingambit
|-start|p1a: Kingambit|Substitute
|-damage|p1a: Kingambit|69/100
|
|-heal|p1a: Kingambit|75/100|[from] item: Leftovers
|upkeep
|turn|6
|
|t:|1760454487
|move|p2a: Great Tusk|Earthquake|p1a: Kingambit
|-supereffective|p1a: Kingambit
|-end|p1a: Kingambit|Substitute
|move|p1a: Kingambit|Swords Dance|p1a: Kingambit
|-boost|p1a: Kingambit|atk|2
|
|-heal|p1a: Kingambit|82/100|[from] item: Leftovers
|upkeep
|turn|7
|
|t:|1760454492
|-terastallize|p1a: Kingambit|Fairy
|move|p2a: Great Tusk|Earthquake|p1a: Kingambit
|-damage|p1a: Kingambit|44/100
|move|p1a: Kingambit|Iron Head|p2a: Great Tusk
|-damage|p2a: Great Tusk|23/100
|
|-heal|p2a: Great Tusk|29/100|[from] item: Leftovers
|-heal|p1a: Kingambit|50/100|[from] item: Leftovers
|upkeep
|turn|8
|
|t:|1760454500
|move|p1a: Kingambit|Sucker Punch|p2a: Great Tusk
|-resisted|p2a: Great Tusk
|-damage|p2a: Great Tusk|0 fnt
|faint|p2a: Great Tusk
|-end|p2a: Great Tusk|Protosynthesis|[silent]
|
|-heal|p1a: Kingambit|57/100|[from] item: Leftovers
|upkeep
|
|t:|1760454502
|switch|p2a: Rotom|Rotom-Frost|64/100
|turn|9
|
|t:|1760454509
|move|p1a: Kingambit|Sucker Punch||[still]
|-fail|p1a: Kingambit
|move|p2a: Rotom|Trick|p1a: Kingambit
|-activate|p2a: Rotom|move: Trick|[of] p1a: Kingambit
|-item|p1a: Kingambit|Choice Scarf|[from] move: Trick
|-item|p2a: Rotom|Leftovers|[from] move: Trick
|
|-heal|p2a: Rotom|70/100|[from] item: Leftovers
|upkeep
|turn|10
|
|t:|1760454519
|move|p2a: Rotom|Thunderbolt|p1a: Kingambit
|-damage|p1a: Kingambit|20/100
|move|p1a: Kingambit|Iron Head|p2a: Rotom
|-damage|p2a: Rotom|0 fnt
|faint|p2a: Rotom
|
|upkeep
|
|t:|1760454525
|switch|p2a: Metagross|Metagross|42/100
|turn|11
|
|t:|1760454530
|-end|p1a: Kingambit|fallen1|[silent]
|switch|p1a: Mandibuzz|Mandibuzz, F|100/100
|move|p2a: Metagross|Heavy Slam|p1a: Mandibuzz
|-damage|p1a: Mandibuzz|62/100
|
|upkeep
|turn|12
|
|t:|1760454538
|switch|p2a: Dragapult|Dragapult, M|100/100
|move|p1a: Mandibuzz|Foul Play|p2a: Dragapult
|-supereffective|p2a: Dragapult
|-damage|p2a: Dragapult|13/100
|
|upkeep
|turn|13
|
|t:|1760454542
|move|p2a: Dragapult|Draco Meteor|p1a: Mandibuzz
|-damage|p1a: Mandibuzz|0 fnt
|-unboost|p2a: Dragapult|spa|2
|faint|p1a: Mandibuzz
|
|upkeep
|
|t:|1760454551
|switch|p1a: Staraptor|Staraptor, M|100/100
|-damage|p1a: Staraptor|76/100|[from] Stealth Rock
|turn|14
|
|t:|1760454556
|switch|p2a: Metagross|Metagross|42/100
|move|p1a: Staraptor|Brave Bird|p2a: Metagross
|-resisted|p2a: Metagross
|-damage|p2a: Metagross|22/100
|-damage|p1a: Staraptor|69/100|[from] Recoil
|
|upkeep
|turn|15
|
|t:|1760454562
|move|p1a: Staraptor|Brave Bird|p2a: Metagross
|-resisted|p2a: Metagross
|-damage|p2a: Metagross|1/100
|-damage|p1a: Staraptor|62/100|[from] Recoil
|move|p2a: Metagross|Psychic Fangs|p1a: Staraptor
|-damage|p1a: Staraptor|5/100
|
|upkeep
|turn|16
|
|t:|1760454569
|move|p1a: Staraptor|Brave Bird|p2a: Metagross
|-resisted|p2a: Metagross
|-damage|p2a: Metagross|0 fnt
|faint|p2a: Metagross
|-damage|p1a: Staraptor|5/100|[from] Recoil
|
|upkeep
|
|t:|1760454572
|switch|p2a: Slowking|Slowking-Galar, F|79/100
|turn|17
|
|t:|1760454574
|move|p1a: Staraptor|Brave Bird|p2a: Slowking
|-damage|p2a: Slowking|16/100
|-damage|p1a: Staraptor|0 fnt|[from] Recoil
|faint|p1a: Staraptor
|move|p2a: Slowking|Sludge Bomb|p1: Staraptor|[notarget]
|-fail|p2a: Slowking
|
|-heal|p2a: Slowking|22/100|[from] item: Leftovers
|upkeep
|
|t:|1760454583
|switch|p1a: Emboar|Emboar, M, shiny|100/100
|-damage|p1a: Emboar|88/100|[from] Stealth Rock
|turn|18
|
|t:|1760454586
|move|p1a: Emboar|Flare Blitz|p2a: Slowking
|-damage|p2a: Slowking|0 fnt
|faint|p2a: Slowking
|-damage|p1a: Emboar|82/100|[from] Recoil
|
|upkeep
|
|t:|1760454588
|switch|p2a: Dragapult|Dragapult, M|13/100
|turn|19
|
|t:|1760454593
|switch|p1a: Kingambit|Kingambit, M, tera:Fairy|20/100
|-damage|p1a: Kingambit|8/100|[from] Stealth Rock
|-activate|p1a: Kingambit|ability: Supreme Overlord
|-start|p1a: Kingambit|fallen3|[silent]
|move|p2a: Dragapult|Draco Meteor|p1a: Kingambit
|-immune|p1a: Kingambit
|
|upkeep
|turn|20
|
|t:|1760454601
|switch|p2a: Hydrapple|Hydrapple, M|100/100
|move|p1a: Kingambit|Sucker Punch||[still]
|-fail|p1a: Kingambit
|
|upkeep
|turn|21
|
|t:|1760454607
|move|p1a: Kingambit|Sucker Punch||[still]
|-fail|p1a: Kingambit
|move|p2a: Hydrapple|Nasty Plot|p2a: Hydrapple
|-boost|p2a: Hydrapple|spa|2
|
|upkeep
|turn|22
|
|t:|1760454610
|move|p1a: Kingambit|Sucker Punch||[still]
|-fail|p1a: Kingambit
|move|p2a: Hydrapple|Nasty Plot|p2a: Hydrapple
|-boost|p2a: Hydrapple|spa|2
|
|upkeep
|turn|23
|
|t:|1760454613
|move|p1a: Kingambit|Sucker Punch||[still]
|-fail|p1a: Kingambit
|move|p2a: Hydrapple|Nasty Plot|p2a: Hydrapple
|-boost|p2a: Hydrapple|spa|2
|
|upkeep
|turn|24
|
|t:|1760454617
|move|p1a: Kingambit|Sucker Punch||[still]
|-fail|p1a: Kingambit
|move|p2a: Hydrapple|Nasty Plot|p2a: Hydrapple
|-boost|p2a: Hydrapple|spa|0
|
|upkeep
|turn|25
|
|t:|1760454620
|move|p1a: Kingambit|Sucker Punch||[still]
|-fail|p1a: Kingambit
|move|p2a: Hydrapple|Nasty Plot|p2a: Hydrapple
|-boost|p2a: Hydrapple|spa|0
|
|upkeep
|turn|26
|
|t:|1760454622
|-activate|p1a: Kingambit|move: Struggle
|move|p1a: Kingambit|Struggle|p2a: Hydrapple
|-damage|p2a: Hydrapple|81/100
|-damage|p1a: Kingambit|0 fnt|[from] recoil
|faint|p1a: Kingambit
|-end|p1a: Kingambit|fallen3|[silent]
|move|p2a: Hydrapple|Giga Drain|p1: Kingambit|[notarget]
|-fail|p2a: Hydrapple
|
|-heal|p2a: Hydrapple|87/100|[from] item: Leftovers
|upkeep
|
|t:|1760454637
|switch|p1a: Thundurus|Thundurus, M|100/100
|-damage|p1a: Thundurus|76/100|[from] Stealth Rock
|turn|27
|
|t:|1760454640
|move|p1a: Thundurus|Fly||[still]
|-prepare|p1a: Thundurus|Fly
|move|p2a: Hydrapple|Fickle Beam|p1a: Thundurus|[miss]
|-miss|p2a: Hydrapple|p1a: Thundurus
|
|-heal|p2a: Hydrapple|93/100|[from] item: Leftovers
|upkeep
|turn|28
|
|t:|1760454644
|-terastallize|p2a: Hydrapple|Fairy
|move|p1a: Thundurus|Fly|p2a: Hydrapple|[from] lockedmove
|-damage|p2a: Hydrapple|54/100
|-damage|p1a: Thundurus|66/100|[from] item: Life Orb
|move|p2a: Hydrapple|Fickle Beam|p1a: Thundurus|[anim] Fickle Beam All Out
|-activate|p2a: Hydrapple|move: Fickle Beam
|-damage|p1a: Thundurus|0 fnt
|faint|p1a: Thundurus
|
|-heal|p2a: Hydrapple|60/100|[from] item: Leftovers
|upkeep
|
|t:|1760454650
|switch|p1a: Emboar|Emboar, M, shiny|82/100
|-damage|p1a: Emboar|69/100|[from] Stealth Rock
|turn|29
|
|t:|1760454654
|move|p1a: Emboar|Flare Blitz|p2a: Hydrapple
|-damage|p2a: Hydrapple|0 fnt
|faint|p2a: Hydrapple
|-damage|p1a: Emboar|50/100|[from] Recoil
|
|upkeep
|
|t:|1760454656
|switch|p2a: Dragapult|Dragapult, M|13/100
|turn|30
|
|t:|1760454659
|move|p2a: Dragapult|Draco Meteor|p1a: Emboar
|-crit|p1a: Emboar
|-damage|p1a: Emboar|0 fnt
|-unboost|p2a: Dragapult|spa|2
|faint|p1a: Emboar
|
|win|3r34t45
|raw|klefki_did_it's rating: 1392 &rarr; <strong>1374</strong><br />(-18 for losing)
|raw|3r34t45's rating: 1419 &rarr; <strong>1437</strong><br />(+18 for winning)
|l|☆3r34t45
|player|p2|
|l|☆klefki_did_it
|player|p1|
