|j|☆ToonDR
|j|☆HoneyBadger19000
|t:|1760415084
|gametype|singles
|player|p1|ToonDR|2|1238
|player|p2|HoneyBadger19000|265|1232
|gen|9
|tier|[Gen 9] OU
|rated|
|rule|HP Percentage Mod: HP is shown in percentages
|rule|Endless Battle Clause: Forcing endless battles is banned
|rule|Species Clause: Limit one of each Pokémon
|rule|OHKO Clause: OHKO moves are banned
|rule|Evasion Items Clause: Evasion items are banned
|rule|Evasion Moves Clause: Evasion moves are banned
|rule|Evasion Abilities Clause: Evasion abilities are banned
|rule|Sleep Moves Clause: Sleep-inducing moves are banned
|clearpoke
|poke|p1|Tyranitar, F|
|poke|p1|Excadrill, M|
|poke|p1|Kingambit, F|
|poke|p1|Garchomp, F|
|poke|p1|Pecharunt|
|poke|p1|Rotom-Wash|
|poke|p2|Iron Crown|
|poke|p2|Alomomola, F|
|poke|p2|Dragonite, F|
|poke|p2|Dragapult, F|
|poke|p2|Corviknight, M|
|poke|p2|Darkrai|
|teampreview
|inactive|Battle timer is ON: inactive players will automatically lose when time's up. (requested by HoneyBadger19000)
|
|t:|1760415100
|teamsize|p1|6
|teamsize|p2|6
|start
|switch|p1a: Rotom|Rotom-Wash|100/100
|switch|p2a: Iron Crown|Iron Crown|100/100
|turn|1
|
|t:|1760415106
|move|p2a: Iron Crown|Future Sight|p1a: Rotom
|-start|p2a: Iron Crown|move: Future Sight
|move|p1a: Rotom|Will-O-Wisp|p2a: Iron Crown|[miss]
|-miss|p1a: Rotom|p2a: Iron Crown
|
|upkeep
|turn|2
|
|t:|1760415123
|move|p2a: Iron Crown|Volt Switch|p1a: Rotom
|-damage|p1a: Rotom|75/100
|
|t:|1760415134
|-end|p2a: Iron Crown|Quark Drive|[silent]
|switch|p2a: Darkrai|Darkrai|100/100|[from] Volt Switch
|move|p1a: Rotom|Volt Switch|p2a: Darkrai
|-damage|p2a: Darkrai|67/100
|
|t:|1760415140
|switch|p1a: Kingambit|Kingambit, F|100/100|[from] Volt Switch
|
|-heal|p2a: Darkrai|73/100|[from] item: Leftovers
|upkeep
|turn|3
|
|t:|1760415148
|switch|p2a: Corviknight|Corviknight, M|100/100
|move|p1a: Kingambit|Sucker Punch||[still]
|-fail|p1a: Kingambit
|
|-end|p1a: Kingambit|move: Future Sight
|-immune|p1a: Kingambit
|upkeep
|turn|4
|
|t:|1760415155
|-end|p1a: Kingambit|fallenundefined|[silent]
|switch|p1a: Rotom|Rotom-Wash|75/100
|move|p2a: Corviknight|Body Press|p1a: Rotom
|-damage|p1a: Rotom|53/100
|
|-heal|p1a: Rotom|60/100|[from] item: Leftovers
|upkeep
|turn|5
|
|t:|1760415163
|switch|p2a: Iron Crown|Iron Crown|100/100
|move|p1a: Rotom|Will-O-Wisp|p2a: Iron Crown
|-status|p2a: Iron Crown|brn
|
|-heal|p1a: Rotom|66/100|[from] item: Leftovers
|-damage|p2a: Iron Crown|94/100 brn|[from] brn
|upkeep
|turn|6
|
|t:|1760415172
|move|p2a: Iron Crown|Future Sight|p1a: Rotom
|-start|p2a: Iron Crown|move: Future Sight
|move|p1a: Rotom|Volt Switch|p2a: Iron Crown
|-damage|p2a: Iron Crown|77/100 brn
|
|t:|1760415177
|switch|p1a: Tyranitar|Tyranitar, F|100/100|[from] Volt Switch
|-weather|Sandstorm|[from] ability: Sand Stream|[of] p1a: Tyranitar
|
|-weather|Sandstorm|[upkeep]
|-damage|p2a: Iron Crown|71/100 brn|[from] brn
|upkeep
|turn|7
|
|t:|1760415183
|move|p2a: Iron Crown|Focus Blast|p1a: Tyranitar|[miss]
|-miss|p2a: Iron Crown|p1a: Tyranitar
|move|p1a: Tyranitar|Knock Off|p2a: Iron Crown
|-supereffective|p2a: Iron Crown
|-damage|p2a: Iron Crown|0 fnt
|-enditem|p2a: Iron Crown|Assault Vest|[from] move: Knock Off|[of] p1a: Tyranitar
|faint|p2a: Iron Crown
|-end|p2a: Iron Crown|Quark Drive|[silent]
|
|-weather|Sandstorm|[upkeep]
|upkeep
|
|t:|1760415193
|switch|p2a: Corviknight|Corviknight, M|100/100
|turn|8
|
|t:|1760415197
|move|p2a: Corviknight|Body Press|p1a: Tyranitar
|-supereffective|p1a: Tyranitar
|-damage|p1a: Tyranitar|18/100
|move|p1a: Tyranitar|Ice Beam|p2a: Corviknight
|-damage|p2a: Corviknight|80/100
|-status|p2a: Corviknight|frz
|
|-weather|Sandstorm|[upkeep]
|-end|p1a: Tyranitar|move: Future Sight
|-immune|p1a: Tyranitar
|upkeep
|turn|9
|c|☆HoneyBadger19000|you lucky mfer
|
|t:|1760415208
|cant|p2a: Corviknight|frz
|move|p1a: Tyranitar|Stealth Rock|p2a: Corviknight
|-sidestart|p2: HoneyBadger19000|move: Stealth Rock
|
|-weather|Sandstorm|[upkeep]
|upkeep
|turn|10
|
|t:|1760415213
|cant|p2a: Corviknight|frz
|move|p1a: Tyranitar|Knock Off|p2a: Corviknight
|-damage|p2a: Corviknight|53/100 frz
|-enditem|p2a: Corviknight|Heavy-Duty Boots|[from] move: Knock Off|[of] p1a: Tyranitar
|
|-weather|Sandstorm|[upkeep]
|upkeep
|turn|11
|-message|HoneyBadger19000 forfeited.
|
|win|ToonDR
|raw|ToonDR's rating: 1238 &rarr; <strong>1263</strong><br />(+25 for winning)
|raw|HoneyBadger19000's rating: 1232 &rarr; <strong>1207</strong><br />(-25 for losing)
|l|☆HoneyBadger19000
|player|p2|
|l|☆ToonDR
|player|p1|
