|j|☆Zac13
|j|☆WeavinMyVile
|t:|1760304390
|gametype|singles
|player|p1|Zac13|sabrina|1177
|player|p2|WeavinMyVile|102|1217
|gen|9
|tier|[Gen 9] OU
|rated|
|rule|HP Percentage Mod: HP is shown in percentages
|rule|Endless Battle Clause: Forcing endless battles is banned
|rule|Species Clause: Limit one of each Pokémon
|rule|OHKO Clause: OHKO moves are banned
|rule|Evasion Items Clause: Evasion items are banned
|rule|Evasion Moves Clause: Evasion moves are banned
|rule|Evasion Abilities Clause: Evasion abilities are banned
|rule|Sleep Moves Clause: Sleep-inducing moves are banned
|clearpoke
|poke|p1|Meowscarada, F|
|poke|p1|Glimmora, F|
|poke|p1|Quaquaval, M|
|poke|p1|Hatterene, F|
|poke|p1|Dragonite, M|
|poke|p1|Tinkaton, F|
|poke|p2|Cinccino, F|
|poke|p2|Ursaluna, M|
|poke|p2|Iron Moth|
|poke|p2|Araquanid, F|
|poke|p2|Raging Bolt|
|poke|p2|Dragapult, M|
|teampreview
|inactive|Battle timer is ON: inactive players will automatically lose when time's up. (requested by WeavinMyVile)
|
|t:|1760304401
|teamsize|p1|6
|teamsize|p2|6
|start
|switch|p1a: Wanda|Hatterene, F|100/100
|switch|p2a: Cinccino|Cinccino, F|100/100
|turn|1
|
|t:|1760304407
|move|p2a: Cinccino|Tidy Up|p2a: Cinccino
|-boost|p2a: Cinccino|atk|1
|-boost|p2a: Cinccino|spe|1
|move|p1a: Wanda|Nuzzle|p2a: Cinccino
|-damage|p2a: Cinccino|93/100
|-status|p2a: Cinccino|par
|
|upkeep
|turn|2
|
|t:|1760304416
|switch|p1a: Glimmer|Glimmora, F, shiny|100/100
|-item|p1a: Glimmer|Air Balloon
|move|p2a: Cinccino|Bullet Seed|p1a: Glimmer
|-damage|p1a: Glimmer|88/100
|-activate|p1a: Glimmer|ability: Toxic Debris
|-sidestart|p2: WeavinMyVile|move: Toxic Spikes
|-enditem|p1a: Glimmer|Air Balloon
|-damage|p1a: Glimmer|76/100
|-activate|p1a: Glimmer|ability: Toxic Debris
|-sidestart|p2: WeavinMyVile|move: Toxic Spikes
|-damage|p1a: Glimmer|62/100
|-damage|p1a: Glimmer|48/100
|-damage|p1a: Glimmer|35/100
|-hitcount|p1a: Glimmer|5
|
|upkeep
|turn|3
|
|t:|1760304431
|move|p1a: Glimmer|Ancient Power|p2a: Cinccino
|-damage|p2a: Cinccino|42/100 par
|cant|p2a: Cinccino|par
|
|upkeep
|turn|4
|c|☆WeavinMyVile|Lucky rat
|
|t:|1760304441
|move|p1a: Glimmer|Ancient Power|p2a: Cinccino
|-damage|p2a: Cinccino|0 fnt
|faint|p2a: Cinccino
|
|upkeep
|
|t:|1760304443
|switch|p2a: Iron Moth|Iron Moth|100/100
|-sideend|p2: WeavinMyVile|move: Toxic Spikes|[of] p2a: Iron Moth
|-enditem|p2a: Iron Moth|Booster Energy
|-activate|p2a: Iron Moth|ability: Quark Drive|[fromitem]
|-start|p2a: Iron Moth|quarkdrivespe
|turn|5
|c|☆Zac13|lol the rat is what wasn't lucky XD
|
|t:|1760304463
|switch|p1a: Yoshi|Dragonite, M, shiny|100/100
|-terastallize|p2a: Iron Moth|Fire
|move|p2a: Iron Moth|Fiery Dance|p1a: Yoshi
|-resisted|p1a: Yoshi
|-damage|p1a: Yoshi|87/100
|-boost|p2a: Iron Moth|spa|1
|
|upkeep
|turn|6
|c|☆WeavinMyVile|You are a fuckin rat
|
|t:|1760304476
|move|p2a: Iron Moth|Sludge Wave|p1a: Yoshi
|-damage|p1a: Yoshi|16/100
|move|p1a: Yoshi|Earthquake|p2a: Iron Moth
|-supereffective|p2a: Iron Moth
|-damage|p2a: Iron Moth|0 fnt
|faint|p2a: Iron Moth
|-end|p2a: Iron Moth|Quark Drive|[silent]
|
|upkeep
|
|t:|1760304480
|switch|p2a: Dragapult|Dragapult, M|100/100
|turn|7
|
|t:|1760304486
|move|p2a: Dragapult|Shadow Ball|p1a: Yoshi
|-damage|p1a: Yoshi|0 fnt
|faint|p1a: Yoshi
|
|upkeep
|
|t:|1760304498
|switch|p1a: BONK Queen|Tinkaton, F|100/100
|turn|8
|
|t:|1760304514
|move|p2a: Dragapult|Shadow Ball|p1a: BONK Queen
|-damage|p1a: BONK Queen|79/100
|move|p1a: BONK Queen|Knock Off|p2a: Dragapult
|-supereffective|p2a: Dragapult
|-damage|p2a: Dragapult|37/100
|-enditem|p2a: Dragapult|Choice Scarf|[from] move: Knock Off|[of] p1a: BONK Queen
|
|upkeep
|turn|9
|
|t:|1760304521
|move|p2a: Dragapult|Will-O-Wisp|p1a: BONK Queen
|-status|p1a: BONK Queen|brn
|move|p1a: BONK Queen|Play Rough|p2a: Dragapult
|-supereffective|p2a: Dragapult
|-damage|p2a: Dragapult|0 fnt
|faint|p2a: Dragapult
|
|-damage|p1a: BONK Queen|73/100 brn|[from] brn
|upkeep
|
|t:|1760304526
|switch|p2a: Raging Bolt|Raging Bolt|100/100
|turn|10
|
|t:|1760304531
|move|p1a: BONK Queen|Knock Off|p2a: Raging Bolt
|-damage|p2a: Raging Bolt|91/100
|-enditem|p2a: Raging Bolt|Leftovers|[from] move: Knock Off|[of] p1a: BONK Queen
|move|p2a: Raging Bolt|Calm Mind|p2a: Raging Bolt
|-boost|p2a: Raging Bolt|spa|1
|-boost|p2a: Raging Bolt|spd|1
|
|-damage|p1a: BONK Queen|67/100 brn|[from] brn
|upkeep
|turn|11
|
|t:|1760304544
|switch|p1a: Glimmer|Glimmora, F, shiny|35/100
|move|p2a: Raging Bolt|Thunderclap||[still]
|-fail|p2a: Raging Bolt
|
|upkeep
|turn|12
|
|t:|1760304551
|move|p2a: Raging Bolt|Thunderclap||[still]
|-fail|p2a: Raging Bolt
|move|p1a: Glimmer|Stealth Rock|p2a: Raging Bolt
|-sidestart|p2: WeavinMyVile|move: Stealth Rock
|
|upkeep
|turn|13
|
|t:|1760304555
|move|p1a: Glimmer|Mortal Spin|p2a: Raging Bolt
|-damage|p2a: Raging Bolt|86/100
|-status|p2a: Raging Bolt|psn
|move|p2a: Raging Bolt|Calm Mind|p2a: Raging Bolt
|-boost|p2a: Raging Bolt|spa|1
|-boost|p2a: Raging Bolt|spd|1
|
|-damage|p2a: Raging Bolt|74/100 psn|[from] psn
|upkeep
|turn|14
|c|☆WeavinMyVile|Rat
|
|t:|1760304566
|switch|p1a: BONK Queen|Tinkaton, F|67/100 brn
|move|p2a: Raging Bolt|Thunderbolt|p1a: BONK Queen
|-damage|p1a: BONK Queen|0 fnt
|faint|p1a: BONK Queen
|
|-damage|p2a: Raging Bolt|61/100 psn|[from] psn
|upkeep
|c|☆WeavinMyVile|I fucking hate singles
|c|☆WeavinMyVile|I hate reg h
|c|☆WeavinMyVile|All the shit is boring
|
|t:|1760304575
|switch|p1a: Neo|Meowscarada, F, shiny|100/100
|turn|15
|
|t:|1760304580
|move|p1a: Neo|Spikes|p2a: Raging Bolt
|-sidestart|p2: WeavinMyVile|Spikes
|move|p2a: Raging Bolt|Draco Meteor|p1a: Neo
|-enditem|p1a: Neo|Focus Sash
|-damage|p1a: Neo|1/100
|-unboost|p2a: Raging Bolt|spa|2
|
|-damage|p2a: Raging Bolt|49/100 psn|[from] psn
|upkeep
|turn|16
|
|t:|1760304588
|move|p1a: Neo|U-turn|p2a: Raging Bolt
|-damage|p2a: Raging Bolt|30/100 psn
|
|t:|1760304593
|switch|p1a: Glimmer|Glimmora, F, shiny|35/100|[from] U-turn
|move|p2a: Raging Bolt|Thunderbolt|p1a: Glimmer
|-damage|p1a: Glimmer|0 fnt
|faint|p1a: Glimmer
|
|-damage|p2a: Raging Bolt|18/100 psn|[from] psn
|upkeep
|
|t:|1760304600
|switch|p1a: Neo|Meowscarada, F, shiny|1/100
|turn|17
|
|t:|1760304605
|move|p2a: Raging Bolt|Thunderclap||[still]
|-fail|p2a: Raging Bolt
|move|p1a: Neo|Toxic Spikes|p2a: Raging Bolt
|-sidestart|p2: WeavinMyVile|move: Toxic Spikes
|
|-damage|p2a: Raging Bolt|6/100 psn|[from] psn
|upkeep
|turn|18
|
|t:|1760304611
|move|p2a: Raging Bolt|Thunderclap|p1a: Neo
|-resisted|p1a: Neo
|-damage|p1a: Neo|0 fnt
|faint|p1a: Neo
|
|-damage|p2a: Raging Bolt|0 fnt|[from] psn
|faint|p2a: Raging Bolt
|-end|p2a: Raging Bolt|Protosynthesis|[silent]
|upkeep
|
|t:|1760304618
|switch|p1a: Wanda|Hatterene, F|100/100
|switch|p2a: Araquanid|Araquanid, F|100/100
|-damage|p2a: Araquanid|75/100|[from] Stealth Rock
|-damage|p2a: Araquanid|63/100|[from] Spikes
|-status|p2a: Araquanid|psn
|turn|19
|
|t:|1760304628
|move|p2a: Araquanid|Endeavor|p1a: Wanda
|-damage|p1a: Wanda|67/100
|move|p1a: Wanda|Psychic Noise|p2a: Araquanid
|-crit|p2a: Araquanid
|-damage|p2a: Araquanid|16/100 psn
|-start|p2a: Araquanid|move: Heal Block
|
|-damage|p2a: Araquanid|4/100 psn|[from] psn
|upkeep
|turn|20
|-enditem|p2a: Araquanid|Custap Berry|[eat]
|-activate|p2a: Araquanid|item: Custap Berry|[consumed]
|
|t:|1760304638
|move|p2a: Araquanid|Endeavor|p1a: Wanda
|-damage|p1a: Wanda|4/100
|move|p1a: Wanda|Draining Kiss|p2a: Araquanid
|-damage|p2a: Araquanid|0 fnt
|-heal|p1a: Wanda|7/100|[from] drain|[of] p2a: Araquanid
|faint|p2a: Araquanid
|
|upkeep
|
|t:|1760304640
|switch|p2a: Ursaluna|Ursaluna, M|100/100
|-damage|p2a: Ursaluna|94/100|[from] Stealth Rock
|-damage|p2a: Ursaluna|82/100|[from] Spikes
|-status|p2a: Ursaluna|psn
|turn|21
|
|t:|1760304652
|move|p2a: Ursaluna|Facade|p1a: Wanda
|-damage|p1a: Wanda|0 fnt
|faint|p1a: Wanda
|
|-damage|p2a: Ursaluna|69/100 psn|[from] psn
|upkeep
|
|t:|1760304657
|switch|p1a: Flamboyance|Quaquaval, M, shiny|100/100
|turn|22
|c|☆WeavinMyVile|Literally lucky that tidy up didnt go off
|c|☆WeavinMyVile|But no i had to switch in my fuckin moth
|c|☆WeavinMyVile|Because you got lucky
|c|☆WeavinMyVile|Rat
|
|t:|1760304683
|-terastallize|p1a: Flamboyance|Flying
|move|p1a: Flamboyance|Close Combat|p2a: Ursaluna
|-supereffective|p2a: Ursaluna
|-damage|p2a: Ursaluna|0 fnt
|-unboost|p1a: Flamboyance|def|1
|-unboost|p1a: Flamboyance|spd|1
|faint|p2a: Ursaluna
|
|win|Zac13
