|j|☆yyyywwww
|j|☆50up5
|t:|1760375619
|gametype|singles
|player|p1|yyyywwww|266|1144
|player|p2|50up5|sailor|1105
|gen|9
|tier|[Gen 9] OU
|rated|
|rule|HP Percentage Mod: HP is shown in percentages
|rule|Endless Battle Clause: Forcing endless battles is banned
|rule|Species Clause: Limit one of each Pokémon
|rule|OHKO Clause: OHKO moves are banned
|rule|Evasion Items Clause: Evasion items are banned
|rule|Evasion Moves Clause: Evasion moves are banned
|rule|Evasion Abilities Clause: Evasion abilities are banned
|rule|Sleep Moves Clause: Sleep-inducing moves are banned
|clearpoke
|poke|p1|Primarina, F|
|poke|p1|Raging Bolt|
|poke|p1|Mabosstiff, M|
|poke|p1|Ogerpon-Wellspring, F|
|poke|p1|Iron Crown|
|poke|p1|Moltres|
|poke|p2|Armarouge, F|
|poke|p2|Indeedee-F, F|
|poke|p2|Pecharunt|
|poke|p2|Zamazenta-*|
|poke|p2|Iron Treads|
|poke|p2|Tornadus-Therian, M|
|teampreview
|inactive|Battle timer is ON: inactive players will automatically lose when time's up. (requested by 50up5)
|inactive|yyyywwww also wants the timer to be on.
|
|t:|1760375639
|teamsize|p1|6
|teamsize|p2|6
|start
|switch|p1a: Ogerpon|Ogerpon-Wellspring, F|100/100
|switch|p2a: Tornadus|Tornadus-Therian, M|100/100
|turn|1
|
|t:|1760375650
|switch|p1a: Moltres|Moltres|100/100
|move|p2a: Tornadus|Bleakwind Storm|p1a: Moltres|[miss]
|-miss|p2a: Tornadus|p1a: Moltres
|
|upkeep
|turn|2
|
|t:|1760375659
|move|p2a: Tornadus|U-turn|p1a: Moltres
|-resisted|p1a: Moltres
|-damage|p1a: Moltres|98/100
|
|t:|1760375671
|switch|p2a: Pecharunt|Pecharunt|100/100|[from] U-turn
|move|p1a: Moltres|U-turn|p2a: Pecharunt
|-resisted|p2a: Pecharunt
|-damage|p2a: Pecharunt|98/100
|
|t:|1760375677
|switch|p1a: Mabosstiff|Mabosstiff, M|100/100|[from] U-turn
|
|-heal|p2a: Pecharunt|100/100|[from] item: Leftovers
|upkeep
|turn|3
|
|t:|1760375686
|switch|p2a: Iron Treads|Iron Treads|100/100
|-item|p2a: Iron Treads|Air Balloon
|move|p1a: Mabosstiff|Psychic Fangs|p2a: Iron Treads
|-resisted|p2a: Iron Treads
|-damage|p2a: Iron Treads|56/100
|-enditem|p2a: Iron Treads|Air Balloon
|
|upkeep
|turn|4
|
|t:|1760375698
|switch|p1a: Ogerpon|Ogerpon-Wellspring, F|100/100
|move|p2a: Iron Treads|Stealth Rock|p1a: Ogerpon
|-sidestart|p1: yyyywwww|move: Stealth Rock
|
|upkeep
|turn|5
|
|t:|1760375708
|-end|p2a: Iron Treads|Quark Drive|[silent]
|switch|p2a: Pecharunt|Pecharunt|100/100
|move|p1a: Ogerpon|U-turn|p2a: Pecharunt
|-resisted|p2a: Pecharunt
|-damage|p2a: Pecharunt|96/100
|
|t:|1760375714
|switch|p1a: Mabosstiff|Mabosstiff, M|100/100|[from] U-turn
|-damage|p1a: Mabosstiff|88/100|[from] Stealth Rock
|
|-heal|p2a: Pecharunt|100/100|[from] item: Leftovers
|upkeep
|turn|6
|
|t:|1760375728
|switch|p2a: Zamazenta|Zamazenta|100/100
|-ability|p2a: Zamazenta|Dauntless Shield|boost
|-boost|p2a: Zamazenta|def|1
|move|p1a: Mabosstiff|Crunch|p2a: Zamazenta
|-resisted|p2a: Zamazenta
|-damage|p2a: Zamazenta|59/100
|
|upkeep
|turn|7
|
|t:|1760375744
|switch|p1a: Moltres|Moltres|98/100
|move|p2a: Zamazenta|Close Combat|p1a: Moltres
|-resisted|p1a: Moltres
|-damage|p1a: Moltres|75/100
|-unboost|p2a: Zamazenta|def|1
|-unboost|p2a: Zamazenta|spd|1
|-status|p2a: Zamazenta|brn|[from] ability: Flame Body|[of] p1a: Moltres
|
|-damage|p2a: Zamazenta|53/100 brn|[from] brn
|upkeep
|turn|8
|
|t:|1760375763
|switch|p2a: Tornadus|Tornadus-Therian, M|100/100
|switch|p1a: Iron Crown|Iron Crown|100/100
|-damage|p1a: Iron Crown|95/100|[from] Stealth Rock
|
|upkeep
|turn|9
|
|t:|1760375782
|move|p1a: Iron Crown|Tachyon Cutter|p2a: Tornadus
|-damage|p2a: Tornadus|75/100
|-damage|p2a: Tornadus|46/100
|-hitcount|p2a: Tornadus|2
|move|p2a: Tornadus|Dark Pulse|p1a: Iron Crown
|-supereffective|p1a: Iron Crown
|-damage|p1a: Iron Crown|54/100
|
|upkeep
|turn|10
|
|t:|1760375807
|switch|p2a: Indeedee|Indeedee-F, F|100/100
|-fieldstart|move: Psychic Terrain|[from] ability: Psychic Surge|[of] p2a: Indeedee
|move|p1a: Iron Crown|Tachyon Cutter|p2a: Indeedee
|-damage|p2a: Indeedee|75/100
|-damage|p2a: Indeedee|51/100
|-hitcount|p2a: Indeedee|2
|
|upkeep
|turn|11
|
|t:|1760375821
|switch|p2a: Pecharunt|Pecharunt|100/100
|move|p1a: Iron Crown|Tachyon Cutter|p2a: Pecharunt
|-damage|p2a: Pecharunt|81/100
|-damage|p2a: Pecharunt|63/100
|-hitcount|p2a: Pecharunt|2
|
|-heal|p2a: Pecharunt|69/100|[from] item: Leftovers
|upkeep
|turn|12
|
|t:|1760375840
|-end|p1a: Iron Crown|Quark Drive|[silent]
|switch|p1a: Mabosstiff|Mabosstiff, M|88/100
|-damage|p1a: Mabosstiff|76/100|[from] Stealth Rock
|move|p2a: Pecharunt|Shadow Ball|p1a: Mabosstiff
|-resisted|p1a: Mabosstiff
|-damage|p1a: Mabosstiff|59/100
|
|-heal|p2a: Pecharunt|75/100|[from] item: Leftovers
|upkeep
|turn|13
|inactive|yyyywwww has 120 seconds left.
|inactive|50up5 has 120 seconds left.
|
|t:|1760375867
|switch|p2a: Tornadus|Tornadus-Therian, M|79/100
|move|p1a: Mabosstiff|Psychic Fangs|p2a: Tornadus
|-damage|p2a: Tornadus|0 fnt
|faint|p2a: Tornadus
|
|upkeep
|inactive|50up5 has 120 seconds left.
|
|t:|1760375876
|switch|p2a: Zamazenta|Zamazenta|53/100 brn
|turn|14
|
|t:|1760375886
|switch|p1a: Ogerpon|Ogerpon-Wellspring, F|100/100
|-damage|p1a: Ogerpon|88/100|[from] Stealth Rock
|move|p2a: Zamazenta|Close Combat|p1a: Ogerpon
|-damage|p1a: Ogerpon|57/100
|-unboost|p2a: Zamazenta|def|1
|-unboost|p2a: Zamazenta|spd|1
|
|-damage|p2a: Zamazenta|47/100 brn|[from] brn
|upkeep
|turn|15
|inactive|50up5 has 120 seconds left.
|
|t:|1760375902
|switch|p2a: Pecharunt|Pecharunt|75/100
|move|p1a: Ogerpon|Horn Leech|p2a: Pecharunt
|-resisted|p2a: Pecharunt
|-damage|p2a: Pecharunt|63/100
|-heal|p1a: Ogerpon|63/100|[from] drain|[of] p2a: Pecharunt
|
|-heal|p2a: Pecharunt|69/100|[from] item: Leftovers
|upkeep
|turn|16
|
|t:|1760375915
|move|p1a: Ogerpon|U-turn|p2a: Pecharunt
|-resisted|p2a: Pecharunt
|-damage|p2a: Pecharunt|66/100
|
|t:|1760375923
|switch|p1a: Iron Crown|Iron Crown|54/100|[from] U-turn
|-damage|p1a: Iron Crown|48/100|[from] Stealth Rock
|move|p2a: Pecharunt|Shadow Ball|p1a: Iron Crown
|-supereffective|p1a: Iron Crown
|-damage|p1a: Iron Crown|0 fnt
|faint|p1a: Iron Crown
|-end|p1a: Iron Crown|Quark Drive|[silent]
|
|-heal|p2a: Pecharunt|72/100|[from] item: Leftovers
|upkeep
|
|t:|1760375936
|switch|p1a: Mabosstiff|Mabosstiff, M|59/100
|-damage|p1a: Mabosstiff|47/100|[from] Stealth Rock
|turn|17
|
|t:|1760375955
|switch|p2a: Iron Treads|Iron Treads|56/100
|move|p1a: Mabosstiff|Psychic Fangs|p2a: Iron Treads
|-resisted|p2a: Iron Treads
|-damage|p2a: Iron Treads|2/100
|
|-fieldend|move: Psychic Terrain
|upkeep
|turn|18
|
|t:|1760375971
|move|p2a: Iron Treads|Earthquake|p1a: Mabosstiff
|-damage|p1a: Mabosstiff|1/100
|move|p1a: Mabosstiff|Psychic Fangs|p2a: Iron Treads
|-resisted|p2a: Iron Treads
|-damage|p2a: Iron Treads|0 fnt
|faint|p2a: Iron Treads
|-end|p2a: Iron Treads|Quark Drive|[silent]
|
|upkeep
|
|t:|1760375979
|switch|p2a: Zamazenta|Zamazenta|47/100 brn
|turn|19
|
|t:|1760375985
|move|p2a: Zamazenta|Close Combat|p1a: Mabosstiff
|-supereffective|p1a: Mabosstiff
|-damage|p1a: Mabosstiff|0 fnt
|-unboost|p2a: Zamazenta|def|1
|-unboost|p2a: Zamazenta|spd|1
|faint|p1a: Mabosstiff
|
|-damage|p2a: Zamazenta|41/100 brn|[from] brn
|upkeep
|
|t:|1760376000
|switch|p1a: Primarina|Primarina, F|100/100
|-damage|p1a: Primarina|88/100|[from] Stealth Rock
|turn|20
|
|t:|1760376007
|switch|p2a: Pecharunt|Pecharunt|72/100
|move|p1a: Primarina|Sparkling Aria|p2a: Pecharunt
|-damage|p2a: Pecharunt|18/100
|
|-heal|p2a: Pecharunt|24/100|[from] item: Leftovers
|upkeep
|turn|21
|
|t:|1760376016
|switch|p2a: Indeedee|Indeedee-F, F|51/100
|-fieldstart|move: Psychic Terrain|[from] ability: Psychic Surge|[of] p2a: Indeedee
|move|p1a: Primarina|Sparkling Aria|p2a: Indeedee
|-damage|p2a: Indeedee|0 fnt
|faint|p2a: Indeedee
|
|upkeep
|
|t:|1760376025
|switch|p2a: Armarouge|Armarouge, F|100/100
|turn|22
|
|t:|1760376032
|-terastallize|p2a: Armarouge|Psychic
|move|p2a: Armarouge|Expanding Force|p1a: Primarina
|-damage|p1a: Primarina|0 fnt
|faint|p1a: Primarina
|
|upkeep
|
|t:|1760376039
|switch|p1a: Raging Bolt|Raging Bolt|100/100
|-damage|p1a: Raging Bolt|88/100|[from] Stealth Rock
|turn|23
|
|t:|1760376050
|move|p2a: Armarouge|Meteor Beam||[still]
|-prepare|p2a: Armarouge|Meteor Beam
|-boost|p2a: Armarouge|spa|1
|-enditem|p2a: Armarouge|Power Herb
|-anim|p2a: Armarouge|Meteor Beam|p1a: Raging Bolt
|-damage|p1a: Raging Bolt|61/100
|move|p1a: Raging Bolt|Draco Meteor|p2a: Armarouge
|-damage|p2a: Armarouge|11/100
|-unboost|p1a: Raging Bolt|spa|2
|
|upkeep
|turn|24
|
|t:|1760376061
|move|p2a: Armarouge|Calm Mind|p2a: Armarouge
|-boost|p2a: Armarouge|spa|1
|-boost|p2a: Armarouge|spd|1
|move|p1a: Raging Bolt|Volt Switch|p2a: Armarouge
|-damage|p2a: Armarouge|0 fnt
|faint|p2a: Armarouge
|
|t:|1760376069
|-end|p1a: Raging Bolt|Protosynthesis|[silent]
|switch|p1a: Ogerpon|Ogerpon-Wellspring, F|63/100|[from] Volt Switch
|-damage|p1a: Ogerpon|51/100|[from] Stealth Rock
|
|upkeep
|
|t:|1760376076
|switch|p2a: Zamazenta|Zamazenta|41/100 brn
|turn|25
|
|t:|1760376085
|move|p2a: Zamazenta|Psychic Fangs|p1a: Ogerpon
|-damage|p1a: Ogerpon|30/100
|move|p1a: Ogerpon|Horn Leech|p2a: Zamazenta
|-damage|p2a: Zamazenta|5/100 brn
|-heal|p1a: Ogerpon|46/100|[from] drain|[of] p2a: Zamazenta
|
|-damage|p2a: Zamazenta|0 fnt|[from] brn
|faint|p2a: Zamazenta
|upkeep
|-message|50up5 forfeited.
|
|win|yyyywwww
|raw|yyyywwww's rating: 1144 &rarr; <strong>1166</strong><br />(+22 for winning)
|raw|50up5's rating: 1105 &rarr; <strong>1083</strong><br />(-22 for losing)
|l|☆50up5
|player|p2|
