|j|☆Welchs Gummies
|j|☆Charo78
|t:|1760459694
|gametype|singles
|player|p1|Welchs Gummies|ghetsis-gen5bw|1173
|player|p2|Charo78|cyrus|1126
|gen|9
|tier|[Gen 9] OU
|rated|
|rule|HP Percentage Mod: HP is shown in percentages
|rule|Endless Battle Clause: Forcing endless battles is banned
|rule|Species Clause: Limit one of each Pokémon
|rule|OHKO Clause: OHKO moves are banned
|rule|Evasion Items Clause: Evasion items are banned
|rule|Evasion Moves Clause: Evasion moves are banned
|rule|Evasion Abilities Clause: Evasion abilities are banned
|rule|Sleep Moves Clause: Sleep-inducing moves are banned
|clearpoke
|poke|p1|Excadrill, F|
|poke|p1|Haxorus, M|
|poke|p1|Talonflame, F|
|poke|p1|Ogerpon-Wellspring, F|
|poke|p1|Iron Hands|
|poke|p1|Clefable, M|
|poke|p2|Toxapex, M|
|poke|p2|Tornadus-Therian, M|
|poke|p2|Amoonguss, F|
|poke|p2|Alomomola, F|
|poke|p2|Slowking-Galar, F|
|poke|p2|Cyclizar, M|
|teampreview
|
|t:|1760459704
|teamsize|p1|6
|teamsize|p2|6
|start
|switch|p1a: Iron Hands|Iron Hands|100/100
|switch|p2a: Cyclizar|Cyclizar, M|100/100
|turn|1
|inactive|Battle timer is ON: inactive players will automatically lose when time's up. (requested by Charo78)
|c|☆Welchs Gummies|Looks like the stalliest team that’s ever stalled
|
|t:|1760459722
|move|p1a: Iron Hands|Fake Out|p2a: Cyclizar
|-damage|p2a: Cyclizar|72/100
|cant|p2a: Cyclizar|flinch
|
|upkeep
|turn|2
|
|t:|1760459738
|move|p2a: Cyclizar|U-turn|p1a: Iron Hands
|-resisted|p1a: Iron Hands
|-damage|p1a: Iron Hands|95/100
|
|t:|1760459745
|switch|p2a: Amoonguss|Amoonguss, F|100/100|[from] U-turn
|move|p1a: Iron Hands|Iron Defense|p1a: Iron Hands
|-boost|p1a: Iron Hands|def|2
|
|-heal|p1a: Iron Hands|100/100|[from] item: Leftovers
|upkeep
|turn|3
|
|t:|1760459752
|-end|p1a: Iron Hands|Quark Drive|[silent]
|switch|p1a: Excadrill|Excadrill, F|100/100
|-ability|p1a: Excadrill|Mold Breaker
|move|p2a: Amoonguss|Toxic|p1a: Excadrill
|-immune|p1a: Excadrill
|
|upkeep
|turn|4
|inactive|Charo78 has 120 seconds left.
|inactive|Charo78 has 90 seconds left.
|
|t:|1760459831
|move|p1a: Excadrill|Stealth Rock|p2a: Amoonguss
|-sidestart|p2: Charo78|move: Stealth Rock
|move|p2a: Amoonguss|Foul Play|p1a: Excadrill
|-damage|p1a: Excadrill|54/100
|
|upkeep
|turn|5
|
|t:|1760459842
|move|p1a: Excadrill|Drill Run|p2a: Amoonguss
|-crit|p2a: Amoonguss
|-damage|p2a: Amoonguss|35/100
|-damage|p1a: Excadrill|37/100|[from] item: Rocky Helmet|[of] p2a: Amoonguss
|move|p2a: Amoonguss|Foul Play|p1a: Excadrill
|-damage|p1a: Excadrill|0 fnt
|faint|p1a: Excadrill
|
|upkeep
|
|t:|1760459853
|switch|p1a: Talonflame|Talonflame, F|100/100
|turn|6
|
|t:|1760459857
|switch|p2a: Alomomola|Alomomola, F|100/100
|-damage|p2a: Alomomola|88/100|[from] Stealth Rock
|move|p1a: Talonflame|Dual Wingbeat|p2a: Alomomola|[miss]
|-miss|p1a: Talonflame|p2a: Alomomola
|
|upkeep
|turn|7
|
|t:|1760459868
|switch|p2a: Cyclizar|Cyclizar, M|100/100
|move|p1a: Talonflame|Taunt|p2a: Cyclizar
|-start|p2a: Cyclizar|move: Taunt
|
|upkeep
|turn|8
|
|t:|1760459888
|move|p1a: Talonflame|Dual Wingbeat|p2a: Cyclizar
|-damage|p2a: Cyclizar|72/100
|-damage|p2a: Cyclizar|45/100
|-hitcount|p2a: Cyclizar|2
|move|p2a: Cyclizar|Rapid Spin|p1a: Talonflame
|-crit|p1a: Talonflame
|-damage|p1a: Talonflame|52/100
|-boost|p2a: Cyclizar|spe|1
|-sideend|p2: Charo78|Stealth Rock|[from] move: Rapid Spin|[of] p2a: Cyclizar
|
|upkeep
|turn|9
|inactive|Charo78 has 90 seconds left.
|
|t:|1760459911
|switch|p2a: Alomomola|Alomomola, F|100/100
|switch|p1a: Clefable|Clefable, M|100/100
|
|upkeep
|turn|10
|inactive|Welchs Gummies has 120 seconds left.
|
|t:|1760459955
|move|p2a: Alomomola|Wish|p2a: Alomomola
|move|p1a: Clefable|Cosmic Power|p1a: Clefable
|-boost|p1a: Clefable|def|1
|-boost|p1a: Clefable|spd|1
|
|upkeep
|turn|11
|
|t:|1760459966
|switch|p2a: Toxapex|Toxapex, M|100/100
|move|p1a: Clefable|Cosmic Power|p1a: Clefable
|-boost|p1a: Clefable|def|1
|-boost|p1a: Clefable|spd|1
|
|upkeep
|turn|12
|
|t:|1760459973
|move|p1a: Clefable|Cosmic Power|p1a: Clefable
|-boost|p1a: Clefable|def|1
|-boost|p1a: Clefable|spd|1
|move|p2a: Toxapex|Haze|p2a: Toxapex
|-clearallboost
|
|upkeep
|turn|13
|
|t:|1760459982
|move|p1a: Clefable|Encore|p2a: Toxapex
|-start|p2a: Toxapex|Encore
|move|p2a: Toxapex|Haze|p2a: Toxapex
|-clearallboost
|
|upkeep
|turn|14
|
|t:|1760459988
|switch|p1a: Haxorus|Haxorus, M, shiny|100/100
|-ability|p1a: Haxorus|Mold Breaker
|move|p2a: Toxapex|Haze|p2a: Toxapex
|-clearallboost
|
|upkeep
|turn|15
|
|t:|1760460012
|switch|p2a: Amoonguss|Amoonguss, F|68/100
|move|p1a: Haxorus|Dragon Dance|p1a: Haxorus
|-boost|p1a: Haxorus|atk|1
|-boost|p1a: Haxorus|spe|1
|
|upkeep
|turn|16
|inactive|Charo78 has 120 seconds left.
|
|t:|1760460026
|-terastallize|p1a: Haxorus|Steel
|move|p1a: Haxorus|Dragon Dance|p1a: Haxorus
|-boost|p1a: Haxorus|atk|1
|-boost|p1a: Haxorus|spe|1
|move|p2a: Amoonguss|Foul Play|p1a: Haxorus
|-damage|p1a: Haxorus|8/100
|
|upkeep
|turn|17
|
|t:|1760460036
|move|p1a: Haxorus|Earthquake|p2a: Amoonguss
|-damage|p2a: Amoonguss|0 fnt
|faint|p2a: Amoonguss
|
|upkeep
|c|☆Welchs Gummies|Was worried about that
|inactive|Charo78 has 120 seconds left.
|
|t:|1760460051
|switch|p2a: Alomomola|Alomomola, F|100/100
|turn|18
|
|t:|1760460069
|move|p1a: Haxorus|Scale Shot|p2a: Alomomola
|-damage|p2a: Alomomola|83/100
|-damage|p2a: Alomomola|67/100
|-damage|p2a: Alomomola|52/100
|-damage|p2a: Alomomola|34/100
|-damage|p2a: Alomomola|18/100
|-hitcount|p2a: Alomomola|5
|-unboost|p1a: Haxorus|def|1
|-boost|p1a: Haxorus|spe|1
|move|p2a: Alomomola|Scald|p1a: Haxorus
|-damage|p1a: Haxorus|0 fnt
|faint|p1a: Haxorus
|
|upkeep
|
|t:|1760460087
|switch|p1a: Talonflame|Talonflame, F|52/100
|turn|19
|
|t:|1760460111
|switch|p2a: Toxapex|Toxapex, M|100/100
|move|p1a: Talonflame|Dual Wingbeat|p2a: Toxapex
|-damage|p2a: Toxapex|91/100
|-damage|p1a: Talonflame|35/100|[from] item: Rocky Helmet|[of] p2a: Toxapex
|-damage|p2a: Toxapex|80/100
|-damage|p1a: Talonflame|19/100|[from] item: Rocky Helmet|[of] p2a: Toxapex
|-hitcount|p2a: Toxapex|2
|
|upkeep
|turn|20
|inactive|Welchs Gummies has 120 seconds left.
|
|t:|1760460145
|move|p1a: Talonflame|Taunt|p2a: Toxapex
|-start|p2a: Toxapex|move: Taunt
|cant|p2a: Toxapex|move: Taunt|Toxic Spikes
|
|upkeep
|turn|21
|
|t:|1760460160
|move|p1a: Talonflame|Roost|p1a: Talonflame
|-heal|p1a: Talonflame|69/100
|-singleturn|p1a: Talonflame|move: Roost
|move|p2a: Toxapex|Liquidation|p1a: Talonflame
|-supereffective|p1a: Talonflame
|-damage|p1a: Talonflame|11/100
|-unboost|p1a: Talonflame|def|1
|
|upkeep
|turn|22
|
|t:|1760460169
|switch|p1a: Ogerpon|Ogerpon-Wellspring, F|100/100
|move|p2a: Toxapex|Liquidation|p1a: Ogerpon
|-immune|p1a: Ogerpon|[from] ability: Water Absorb
|
|-end|p2a: Toxapex|move: Taunt
|upkeep
|turn|23
|
|t:|1760460173
|move|p1a: Ogerpon|Horn Leech|p2a: Toxapex
|-damage|p2a: Toxapex|51/100
|-damage|p1a: Ogerpon|84/100|[from] item: Rocky Helmet|[of] p2a: Toxapex
|move|p2a: Toxapex|Toxic Spikes|p1a: Ogerpon
|-sidestart|p1: Welchs Gummies|move: Toxic Spikes
|
|upkeep
|turn|24
|
|t:|1760460181
|move|p1a: Ogerpon|Horn Leech|p2a: Toxapex
|-damage|p2a: Toxapex|25/100
|-heal|p1a: Ogerpon|97/100|[from] drain|[of] p2a: Toxapex
|-damage|p1a: Ogerpon|81/100|[from] item: Rocky Helmet|[of] p2a: Toxapex
|move|p2a: Toxapex|Toxic Spikes|p1a: Ogerpon
|-sidestart|p1: Welchs Gummies|move: Toxic Spikes
|
|upkeep
|turn|25
|
|t:|1760460194
|switch|p2a: Slowking|Slowking-Galar, F|100/100
|-item|p2a: Slowking|Air Balloon
|move|p1a: Ogerpon|Horn Leech|p2a: Slowking
|-resisted|p2a: Slowking
|-damage|p2a: Slowking|79/100
|-heal|p1a: Ogerpon|95/100|[from] drain|[of] p2a: Slowking
|-enditem|p2a: Slowking|Air Balloon
|
|upkeep
|turn|26
|c|☆Welchs Gummies|I getcha
|c|☆Welchs Gummies|it’s all regenerator
|
|t:|1760460209
|move|p1a: Ogerpon|Spiky Shield|p1a: Ogerpon
|-singleturn|p1a: Ogerpon|move: Protect
|move|p2a: Slowking|Future Sight|p1a: Ogerpon
|-start|p2a: Slowking|move: Future Sight
|
|upkeep
|turn|27
|
|t:|1760460222
|move|p1a: Ogerpon|Ivy Cudgel|p2a: Slowking|[anim] Ivy Cudgel Water
|-damage|p2a: Slowking|16/100
|-prepare|p2a: Slowking|Chilly Reception|[premajor]
|move|p2a: Slowking|Chilly Reception|p2a: Slowking
|-weather|Snowscape
|
|t:|1760460232
|switch|p2a: Tornadus|Tornadus-Therian, M|100/100|[from] Chilly Reception
|
|-weather|Snowscape|[upkeep]
|upkeep
|turn|28
|
|t:|1760460241
|switch|p1a: Talonflame|Talonflame, F|11/100
|move|p2a: Tornadus|Bleakwind Storm|p1a: Talonflame
|-damage|p1a: Talonflame|0 fnt
|faint|p1a: Talonflame
|
|-weather|Snowscape|[upkeep]
|-hint|Future Sight did not hit because the target is fainted.
|upkeep
|
|t:|1760460251
|switch|p1a: Clefable|Clefable, M|100/100
|-status|p1a: Clefable|tox
|turn|29
|
|t:|1760460261
|switch|p2a: Toxapex|Toxapex, M|58/100
|move|p1a: Clefable|Moonblast|p2a: Toxapex
|-resisted|p2a: Toxapex
|-damage|p2a: Toxapex|45/100
|
|-weather|Snowscape|[upkeep]
|upkeep
|turn|30
|
|t:|1760460270
|move|p1a: Clefable|Encore||[still]
|-fail|p1a: Clefable
|move|p2a: Toxapex|Recover|p2a: Toxapex
|-heal|p2a: Toxapex|95/100
|
|-weather|Snowscape|[upkeep]
|upkeep
|turn|31
|
|t:|1760460277
|switch|p2a: Slowking|Slowking-Galar, F|49/100
|move|p1a: Clefable|Encore||[still]
|-fail|p1a: Clefable
|
|-weather|none
|upkeep
|turn|32
|
|t:|1760460282
|move|p1a: Clefable|Cosmic Power|p1a: Clefable
|-boost|p1a: Clefable|def|1
|-boost|p1a: Clefable|spd|1
|move|p2a: Slowking|Future Sight|p1a: Clefable
|-start|p2a: Slowking|move: Future Sight
|
|upkeep
|turn|33
|
|t:|1760460286
|switch|p2a: Toxapex|Toxapex, M|100/100
|move|p1a: Clefable|Cosmic Power|p1a: Clefable
|-boost|p1a: Clefable|def|1
|-boost|p1a: Clefable|spd|1
|
|upkeep
|turn|34
|
|t:|1760460295
|move|p1a: Clefable|Moonblast|p2a: Toxapex
|-resisted|p2a: Toxapex
|-crit|p2a: Toxapex
|-damage|p2a: Toxapex|79/100
|move|p2a: Toxapex|Haze|p2a: Toxapex
|-clearallboost
|
|-end|p1a: Clefable|move: Future Sight
|-damage|p1a: Clefable|69/100 tox
|-heal|p1a: Clefable|75/100 tox|[from] item: Leftovers
|upkeep
|turn|35
|
|t:|1760460307
|move|p1a: Clefable|Cosmic Power|p1a: Clefable
|-boost|p1a: Clefable|def|1
|-boost|p1a: Clefable|spd|1
|move|p2a: Toxapex|Liquidation|p1a: Clefable
|-damage|p1a: Clefable|60/100 tox
|
|-heal|p1a: Clefable|66/100 tox|[from] item: Leftovers
|upkeep
|turn|36
|
|t:|1760460313
|move|p1a: Clefable|Encore|p2a: Toxapex
|-start|p2a: Toxapex|Encore
|move|p2a: Toxapex|Liquidation|p1a: Clefable
|-damage|p1a: Clefable|50/100 tox
|-unboost|p1a: Clefable|def|1
|
|-heal|p1a: Clefable|56/100 tox|[from] item: Leftovers
|upkeep
|turn|37
|
|t:|1760460316
|move|p1a: Clefable|Moonlight|p1a: Clefable
|-heal|p1a: Clefable|100/100 tox
|move|p2a: Toxapex|Liquidation|p1a: Clefable
|-damage|p1a: Clefable|78/100 tox
|
|-heal|p1a: Clefable|84/100 tox|[from] item: Leftovers
|upkeep
|turn|38
|
|t:|1760460328
|move|p1a: Clefable|Moonblast|p2a: Toxapex
|-resisted|p2a: Toxapex
|-damage|p2a: Toxapex|65/100
|move|p2a: Toxapex|Liquidation|p1a: Clefable
|-damage|p1a: Clefable|63/100 tox
|
|-heal|p1a: Clefable|70/100 tox|[from] item: Leftovers
|-end|p2a: Toxapex|Encore
|upkeep
|turn|39
|
|t:|1760460336
|move|p1a: Clefable|Encore|p2a: Toxapex
|-start|p2a: Toxapex|Encore
|move|p2a: Toxapex|Liquidation|p1a: Clefable
|-damage|p1a: Clefable|46/100 tox
|
|-heal|p1a: Clefable|52/100 tox|[from] item: Leftovers
|upkeep
|turn|40
|
|t:|1760460343
|move|p1a: Clefable|Moonblast|p2a: Toxapex
|-resisted|p2a: Toxapex
|-damage|p2a: Toxapex|52/100
|-unboost|p2a: Toxapex|spa|1
|move|p2a: Toxapex|Liquidation|p1a: Clefable
|-damage|p1a: Clefable|29/100 tox
|
|-heal|p1a: Clefable|36/100 tox|[from] item: Leftovers
|upkeep
|turn|41
|
|t:|1760460356
|move|p1a: Clefable|Moonlight|p1a: Clefable
|-heal|p1a: Clefable|86/100 tox
|move|p2a: Toxapex|Liquidation|p1a: Clefable
|-damage|p1a: Clefable|64/100 tox
|
|-heal|p1a: Clefable|70/100 tox|[from] item: Leftovers
|-end|p2a: Toxapex|Encore
|upkeep
|turn|42
|
|t:|1760460364
|move|p1a: Clefable|Encore|p2a: Toxapex
|-start|p2a: Toxapex|Encore
|move|p2a: Toxapex|Liquidation|p1a: Clefable
|-damage|p1a: Clefable|47/100 tox
|
|-heal|p1a: Clefable|53/100 tox|[from] item: Leftovers
|upkeep
|turn|43
|
|t:|1760460370
|move|p1a: Clefable|Moonblast|p2a: Toxapex
|-resisted|p2a: Toxapex
|-damage|p2a: Toxapex|40/100
|move|p2a: Toxapex|Liquidation|p1a: Clefable
|-damage|p1a: Clefable|30/100 tox
|
|-heal|p1a: Clefable|36/100 tox|[from] item: Leftovers
|upkeep
|turn|44
|
|t:|1760460386
|switch|p2a: Cyclizar|Cyclizar, M|78/100
|move|p1a: Clefable|Moonlight|p1a: Clefable
|-heal|p1a: Clefable|86/100 tox
|
|-heal|p1a: Clefable|92/100 tox|[from] item: Leftovers
|upkeep
|turn|45
|
|t:|1760460395
|-terastallize|p2a: Cyclizar|Ghost
|move|p2a: Cyclizar|Knock Off|p1a: Clefable
|-resisted|p1a: Clefable
|-damage|p1a: Clefable|77/100 tox
|-enditem|p1a: Clefable|Leftovers|[from] move: Knock Off|[of] p2a: Cyclizar
|move|p1a: Clefable|Moonblast|p2a: Cyclizar
|-damage|p2a: Cyclizar|28/100
|
|upkeep
|turn|46
|
|t:|1760460403
|move|p2a: Cyclizar|U-turn|p1a: Clefable
|-resisted|p1a: Clefable
|-damage|p1a: Clefable|67/100 tox
|
|t:|1760460406
|switch|p2a: Toxapex|Toxapex, M|73/100|[from] U-turn
|move|p1a: Clefable|Moonblast|p2a: Toxapex
|-resisted|p2a: Toxapex
|-damage|p2a: Toxapex|61/100
|
|upkeep
|turn|47
|
|t:|1760460416
|move|p1a: Clefable|Moonlight|p1a: Clefable
|-heal|p1a: Clefable|100/100 tox
|move|p2a: Toxapex|Haze|p2a: Toxapex
|-clearallboost
|
|upkeep
|turn|48
|
|t:|1760460422
|move|p1a: Clefable|Encore|p2a: Toxapex
|-start|p2a: Toxapex|Encore
|move|p2a: Toxapex|Haze|p2a: Toxapex
|-clearallboost
|
|upkeep
|turn|49
|
|t:|1760460426
|switch|p1a: Iron Hands|Iron Hands|100/100
|-status|p1a: Iron Hands|tox
|move|p2a: Toxapex|Haze|p2a: Toxapex
|-clearallboost
|
|-damage|p1a: Iron Hands|94/100 tox|[from] psn
|upkeep
|turn|50
|
|t:|1760460438
|switch|p2a: Slowking|Slowking-Galar, F|83/100
|move|p1a: Iron Hands|Supercell Slam|p2a: Slowking
|-damage|p2a: Slowking|21/100
|
|-heal|p1a: Iron Hands|100/100 tox|[from] item: Leftovers
|-damage|p1a: Iron Hands|88/100 tox|[from] psn
|upkeep
|turn|51
|
|t:|1760460450
|move|p1a: Iron Hands|Supercell Slam|p2a: Slowking
|-damage|p2a: Slowking|0 fnt
|faint|p2a: Slowking
|
|-heal|p1a: Iron Hands|94/100 tox|[from] item: Leftovers
|-damage|p1a: Iron Hands|75/100 tox|[from] psn
|upkeep
|
|t:|1760460458
|switch|p2a: Alomomola|Alomomola, F|52/100
|turn|52
|
|t:|1760460465
|move|p2a: Alomomola|Protect|p2a: Alomomola
|-singleturn|p2a: Alomomola|Protect
|move|p1a: Iron Hands|Supercell Slam|p2a: Alomomola
|-activate|p2a: Alomomola|move: Protect
|-damage|p1a: Iron Hands|25/100 tox|[from] supercellslam
|
|-heal|p1a: Iron Hands|32/100 tox|[from] item: Leftovers
|-damage|p1a: Iron Hands|7/100 tox|[from] psn
|upkeep
|turn|53
|c|☆Welchs Gummies|Mmmmmm
|
|t:|1760460484
|switch|p2a: Toxapex|Toxapex, M|94/100
|move|p1a: Iron Hands|Supercell Slam|p2a: Toxapex
|-supereffective|p2a: Toxapex
|-damage|p2a: Toxapex|17/100
|-damage|p1a: Iron Hands|0 fnt|[from] item: Rocky Helmet|[of] p2a: Toxapex
|faint|p1a: Iron Hands
|-end|p1a: Iron Hands|Quark Drive|[silent]
|
|upkeep
|
|t:|1760460488
|switch|p1a: Ogerpon|Ogerpon-Wellspring, F|95/100
|-status|p1a: Ogerpon|tox
|turn|54
|
|t:|1760460496
|switch|p2a: Cyclizar|Cyclizar, M, tera:Ghost|61/100
|move|p1a: Ogerpon|Horn Leech|p2a: Cyclizar
|-damage|p2a: Cyclizar|0 fnt
|-heal|p1a: Ogerpon|100/100 tox|[from] drain|[of] p2a: Cyclizar
|faint|p2a: Cyclizar
|
|-damage|p1a: Ogerpon|95/100 tox|[from] psn
|upkeep
|
|t:|1760460505
|switch|p2a: Tornadus|Tornadus-Therian, M|100/100
|turn|55
|
|t:|1760460512
|switch|p1a: Clefable|Clefable, M|100/100 tox
|move|p2a: Tornadus|Bleakwind Storm|p1a: Clefable
|-damage|p1a: Clefable|71/100 tox
|
|upkeep
|turn|56
|
|t:|1760460519
|move|p2a: Tornadus|Bleakwind Storm|p1a: Clefable
|-crit|p1a: Clefable
|-damage|p1a: Clefable|28/100 tox
|move|p1a: Clefable|Moonblast|p2a: Tornadus
|-damage|p2a: Tornadus|60/100
|
|upkeep
|turn|57
|
|t:|1760460525
|move|p2a: Tornadus|Bleakwind Storm|p1a: Clefable
|-damage|p1a: Clefable|0 fnt
|faint|p1a: Clefable
|
|upkeep
|
|t:|1760460528
|switch|p1a: Ogerpon|Ogerpon-Wellspring, F|95/100 tox
|turn|58
|
|t:|1760460534
|switch|p2a: Toxapex|Toxapex, M|50/100
|move|p1a: Ogerpon|Ivy Cudgel|p2a: Toxapex|[anim] Ivy Cudgel Water
|-resisted|p2a: Toxapex
|-crit|p2a: Toxapex
|-damage|p2a: Toxapex|23/100
|
|-damage|p1a: Ogerpon|89/100 tox|[from] psn
|upkeep
|turn|59
|
|t:|1760460547
|switch|p2a: Alomomola|Alomomola, F|85/100
|move|p1a: Ogerpon|Horn Leech|p2a: Alomomola
|-supereffective|p2a: Alomomola
|-damage|p2a: Alomomola|41/100
|-heal|p1a: Ogerpon|100/100 tox|[from] drain|[of] p2a: Alomomola
|-damage|p1a: Ogerpon|84/100 tox|[from] item: Rocky Helmet|[of] p2a: Alomomola
|
|-damage|p1a: Ogerpon|72/100 tox|[from] psn
|upkeep
|turn|60
|c|☆Welchs Gummies|Such an annoying team
|
|t:|1760460558
|move|p2a: Alomomola|Protect|p2a: Alomomola
|-singleturn|p2a: Alomomola|Protect
|move|p1a: Ogerpon|Horn Leech|p2a: Alomomola
|-activate|p2a: Alomomola|move: Protect
|
|-damage|p1a: Ogerpon|54/100 tox|[from] psn
|upkeep
|turn|61
|
|t:|1760460576
|switch|p2a: Toxapex|Toxapex, M|56/100
|move|p1a: Ogerpon|Horn Leech|p2a: Toxapex
|-damage|p2a: Toxapex|28/100
|-heal|p1a: Ogerpon|68/100 tox|[from] drain|[of] p2a: Toxapex
|-damage|p1a: Ogerpon|52/100 tox|[from] item: Rocky Helmet|[of] p2a: Toxapex
|
|-damage|p1a: Ogerpon|28/100 tox|[from] psn
|upkeep
|turn|62
|
|t:|1760460586
|switch|p2a: Alomomola|Alomomola, F|74/100
|move|p1a: Ogerpon|Horn Leech|p2a: Alomomola
|-supereffective|p2a: Alomomola
|-damage|p2a: Alomomola|31/100
|-heal|p1a: Ogerpon|67/100 tox|[from] drain|[of] p2a: Alomomola
|-damage|p1a: Ogerpon|50/100 tox|[from] item: Rocky Helmet|[of] p2a: Alomomola
|
|-damage|p1a: Ogerpon|20/100 tox|[from] psn
|upkeep
|turn|63
|
|t:|1760460598
|move|p2a: Alomomola|Protect|p2a: Alomomola
|-singleturn|p2a: Alomomola|Protect
|move|p1a: Ogerpon|Horn Leech|p2a: Alomomola
|-activate|p2a: Alomomola|move: Protect
|
|-damage|p1a: Ogerpon|0 fnt|[from] psn
|faint|p1a: Ogerpon
|
|win|Charo78
|raw|Welchs Gummies's rating: 1173 &rarr; <strong>1145</strong><br />(-28 for losing)
|raw|Charo78's rating: 1126 &rarr; <strong>1154</strong><br />(+28 for winning)
