|j|☆PandaLord0
|j|☆skibidisksk
|t:|1760304266
|gametype|singles
|player|p1|PandaLord0|gentleman-gen4dp|1522
|player|p2|skibidisksk|101|1508
|gen|9
|tier|[Gen 9] OU
|rated|
|rule|HP Percentage Mod: HP is shown in percentages
|rule|Endless Battle Clause: Forcing endless battles is banned
|rule|Species Clause: Limit one of each Pokémon
|rule|OHKO Clause: OHKO moves are banned
|rule|Evasion Items Clause: Evasion items are banned
|rule|Evasion Moves Clause: Evasion moves are banned
|rule|Evasion Abilities Clause: Evasion abilities are banned
|rule|Sleep Moves Clause: Sleep-inducing moves are banned
|clearpoke
|poke|p1|Skeledirge, M|
|poke|p1|Ogerpon-Wellspring, F|
|poke|p1|Dragapult, M|
|poke|p1|Weezing-Galar, M|
|poke|p1|Ting-Lu|
|poke|p1|Corviknight, M|
|poke|p2|Raging Bolt|
|poke|p2|Dragonite, M|
|poke|p2|Iron Valiant|
|poke|p2|Iron Moth|
|poke|p2|Landorus-Therian, M|
|poke|p2|Darkrai|
|teampreview
|inactive|Battle timer is ON: inactive players will automatically lose when time's up. (requested by PandaLord0)
|inactive|skibidisksk also wants the timer to be on.
|inactive|PandaLord0 has 120 seconds left.
|
|t:|1760304301
|teamsize|p1|6
|teamsize|p2|6
|start
|switch|p1a: Dragapult|Dragapult, M|100/100
|switch|p2a: Iron Valiant|Iron Valiant|100/100
|-enditem|p2a: Iron Valiant|Booster Energy
|-activate|p2a: Iron Valiant|ability: Quark Drive|[fromitem]
|-start|p2a: Iron Valiant|quarkdrivespe
|turn|1
|
|t:|1760304309
|switch|p1a: Corviknight|Corviknight, M, shiny|100/100
|-ability|p1a: Corviknight|Pressure
|move|p2a: Iron Valiant|Moonblast|p1a: Corviknight
|-resisted|p1a: Corviknight
|-damage|p1a: Corviknight|78/100
|
|upkeep
|turn|2
|
|t:|1760304321
|move|p2a: Iron Valiant|Moonblast|p1a: Corviknight
|-resisted|p1a: Corviknight
|-damage|p1a: Corviknight|56/100
|move|p1a: Corviknight|U-turn|p2a: Iron Valiant
|-resisted|p2a: Iron Valiant
|-damage|p2a: Iron Valiant|96/100
|
|t:|1760304334
|switch|p1a: Weezing|Weezing-Galar, M|100/100|[from] U-turn
|-ability|p1a: Weezing|Neutralizing Gas
|
|upkeep
|turn|3
|
|t:|1760304341
|-terastallize|p2a: Iron Valiant|Electric
|move|p2a: Iron Valiant|Thunderbolt|p1a: Weezing
|-damage|p1a: Weezing|36/100
|move|p1a: Weezing|Sludge Bomb|p2a: Iron Valiant
|-damage|p2a: Iron Valiant|48/100
|-status|p2a: Iron Valiant|psn
|
|-damage|p2a: Iron Valiant|35/100 psn|[from] psn
|upkeep
|turn|4
|
|t:|1760304355
|-end|p1a: Weezing|ability: Neutralizing Gas
|switch|p1a: Ting-Lu|Ting-Lu, shiny|100/100
|-ability|p1a: Ting-Lu|Vessel of Ruin
|move|p2a: Iron Valiant|Moonblast|p1a: Ting-Lu
|-supereffective|p1a: Ting-Lu
|-damage|p1a: Ting-Lu|60/100
|-unboost|p1a: Ting-Lu|spa|1
|
|-heal|p1a: Ting-Lu|66/100|[from] item: Leftovers
|-damage|p2a: Iron Valiant|23/100 psn|[from] psn
|upkeep
|turn|5
|
|t:|1760304365
|move|p2a: Iron Valiant|Moonblast|p1a: Ting-Lu
|-supereffective|p1a: Ting-Lu
|-damage|p1a: Ting-Lu|30/100
|move|p1a: Ting-Lu|Rest|p1a: Ting-Lu
|-status|p1a: Ting-Lu|slp|[from] move: Rest
|-heal|p1a: Ting-Lu|100/100 slp|[silent]
|
|-damage|p2a: Iron Valiant|11/100 psn|[from] psn
|upkeep
|turn|6
|
|t:|1760304373
|switch|p1a: Weezing|Weezing-Galar, M|36/100
|-ability|p1a: Weezing|Neutralizing Gas
|move|p2a: Iron Valiant|Moonblast|p1a: Weezing
|-resisted|p1a: Weezing
|-damage|p1a: Weezing|6/100
|
|-damage|p2a: Iron Valiant|0 fnt|[from] psn
|faint|p2a: Iron Valiant
|-end|p2a: Iron Valiant|Quark Drive|[silent]
|upkeep
|
|t:|1760304382
|switch|p2a: Dragonite|Dragonite, M|100/100
|turn|7
|
|t:|1760304389
|switch|p2a: Raging Bolt|Raging Bolt|100/100
|move|p1a: Weezing|Will-O-Wisp|p2a: Raging Bolt
|-status|p2a: Raging Bolt|brn
|
|-damage|p2a: Raging Bolt|94/100 brn|[from] brn
|upkeep
|turn|8
|
|t:|1760304397
|-end|p1a: Weezing|ability: Neutralizing Gas
|switch|p1a: Ting-Lu|Ting-Lu, shiny|100/100 slp
|-enditem|p2a: Raging Bolt|Booster Energy
|-activate|p2a: Raging Bolt|ability: Protosynthesis|[fromitem]
|-start|p2a: Raging Bolt|protosynthesisspa
|-ability|p1a: Ting-Lu|Vessel of Ruin
|move|p2a: Raging Bolt|Thunderbolt|p1a: Ting-Lu
|-immune|p1a: Ting-Lu
|
|-damage|p2a: Raging Bolt|88/100 brn|[from] brn
|upkeep
|turn|9
|
|t:|1760304405
|-end|p2a: Raging Bolt|Protosynthesis|[silent]
|switch|p2a: Dragonite|Dragonite, M|100/100
|cant|p1a: Ting-Lu|slp
|
|upkeep
|turn|10
|
|t:|1760304412
|switch|p2a: Iron Moth|Iron Moth|100/100
|-enditem|p2a: Iron Moth|Booster Energy
|-activate|p2a: Iron Moth|ability: Quark Drive|[fromitem]
|-start|p2a: Iron Moth|quarkdrivespe
|switch|p1a: Skeledirge|Skeledirge, M|100/100
|
|upkeep
|turn|11
|
|t:|1760304420
|move|p2a: Iron Moth|Psychic|p1a: Skeledirge
|-damage|p1a: Skeledirge|78/100
|move|p1a: Skeledirge|Earth Power|p2a: Iron Moth
|-supereffective|p2a: Iron Moth
|-damage|p2a: Iron Moth|13/100
|
|upkeep
|turn|12
|
|t:|1760304431
|-end|p2a: Iron Moth|Quark Drive|[silent]
|switch|p2a: Landorus|Landorus-Therian, M|100/100
|-ability|p2a: Landorus|Intimidate|boost
|-unboost|p1a: Skeledirge|atk|1
|move|p1a: Skeledirge|Torch Song|p2a: Landorus
|-damage|p2a: Landorus|61/100
|-boost|p1a: Skeledirge|spa|1
|
|upkeep
|turn|13
|
|t:|1760304439
|switch|p1a: Corviknight|Corviknight, M, shiny|56/100
|-ability|p1a: Corviknight|Pressure
|move|p2a: Landorus|Earthquake|p1a: Corviknight
|-immune|p1a: Corviknight
|
|upkeep
|turn|14
|
|t:|1760304447
|move|p2a: Landorus|Stealth Rock|p1a: Corviknight
|-sidestart|p1: PandaLord0|move: Stealth Rock
|move|p1a: Corviknight|U-turn|p2a: Landorus
|-resisted|p2a: Landorus
|-damage|p2a: Landorus|52/100
|
|t:|1760304451
|switch|p1a: Dragapult|Dragapult, M|100/100|[from] U-turn
|-damage|p1a: Dragapult|88/100|[from] Stealth Rock
|
|upkeep
|turn|15
|
|t:|1760304459
|switch|p2a: Iron Moth|Iron Moth|13/100
|move|p1a: Dragapult|Shadow Ball|p2a: Iron Moth
|-damage|p2a: Iron Moth|0 fnt
|faint|p2a: Iron Moth
|-end|p2a: Iron Moth|Quark Drive|[silent]
|
|upkeep
|
|t:|1760304470
|switch|p2a: Darkrai|Darkrai|100/100
|turn|16
|
|t:|1760304477
|switch|p1a: Weezing|Weezing-Galar, M|6/100
|-ability|p1a: Weezing|Neutralizing Gas
|switch|p2a: Dragonite|Dragonite, M|100/100
|
|upkeep
|turn|17
|
|t:|1760304485
|switch|p2a: Darkrai|Darkrai|100/100
|move|p1a: Weezing|Defog|p2a: Darkrai
|-unboost|p2a: Darkrai|evasion|1
|-sideend|p1: PandaLord0|Stealth Rock|[from] move: Defog|[of] p1a: Weezing
|
|upkeep
|turn|18
|
|t:|1760304492
|-end|p1a: Weezing|ability: Neutralizing Gas
|switch|p1a: Ting-Lu|Ting-Lu, shiny|100/100 slp
|-ability|p1a: Ting-Lu|Vessel of Ruin
|move|p2a: Darkrai|Psyshock|p1a: Ting-Lu
|-immune|p1a: Ting-Lu
|
|-damage|p1a: Ting-Lu|88/100 slp|[from] ability: Bad Dreams|[of] p2a: Darkrai
|upkeep
|turn|19
|
|t:|1760304500
|move|p2a: Darkrai|Focus Blast|p1a: Ting-Lu
|-supereffective|p1a: Ting-Lu
|-damage|p1a: Ting-Lu|45/100 slp
|-damage|p2a: Darkrai|91/100|[from] item: Life Orb
|cant|p1a: Ting-Lu|slp
|
|-heal|p1a: Ting-Lu|51/100 slp|[from] item: Leftovers
|-damage|p1a: Ting-Lu|39/100 slp|[from] ability: Bad Dreams|[of] p2a: Darkrai
|upkeep
|turn|20
|
|t:|1760304507
|switch|p1a: Dragapult|Dragapult, M|88/100
|move|p2a: Darkrai|Focus Blast|p1a: Dragapult
|-immune|p1a: Dragapult
|
|upkeep
|turn|21
|
|t:|1760304515
|switch|p2a: Landorus|Landorus-Therian, M|52/100
|-ability|p2a: Landorus|Intimidate|boost
|-fail|p1a: Dragapult|unboost|[from] ability: Clear Body|[of] p1a: Dragapult
|move|p1a: Dragapult|Draco Meteor|p2a: Landorus
|-damage|p2a: Landorus|0 fnt
|-unboost|p1a: Dragapult|spa|2
|faint|p2a: Landorus
|
|upkeep
|
|t:|1760304526
|switch|p2a: Darkrai|Darkrai|91/100
|turn|22
|
|t:|1760304533
|switch|p1a: Ting-Lu|Ting-Lu, shiny|39/100 slp
|-ability|p1a: Ting-Lu|Vessel of Ruin
|move|p2a: Darkrai|Dark Pulse|p1a: Ting-Lu
|-resisted|p1a: Ting-Lu
|-damage|p1a: Ting-Lu|28/100 slp
|-damage|p2a: Darkrai|81/100|[from] item: Life Orb
|
|-heal|p1a: Ting-Lu|34/100 slp|[from] item: Leftovers
|-damage|p1a: Ting-Lu|22/100 slp|[from] ability: Bad Dreams|[of] p2a: Darkrai
|upkeep
|turn|23
|
|t:|1760304542
|switch|p1a: Weezing|Weezing-Galar, M|6/100
|-ability|p1a: Weezing|Neutralizing Gas
|move|p2a: Darkrai|Nasty Plot|p2a: Darkrai
|-boost|p2a: Darkrai|spa|2
|
|upkeep
|turn|24
|
|t:|1760304550
|move|p2a: Darkrai|Focus Blast|p1a: Weezing
|-resisted|p1a: Weezing
|-damage|p1a: Weezing|0 fnt
|faint|p1a: Weezing
|-end|p1a: Weezing|ability: Neutralizing Gas
|-damage|p2a: Darkrai|71/100|[from] item: Life Orb
|
|upkeep
|
|t:|1760304552
|switch|p1a: Dragapult|Dragapult, M|88/100
|turn|25
|
|t:|1760304560
|switch|p2a: Raging Bolt|Raging Bolt|88/100 brn
|move|p1a: Dragapult|Draco Meteor|p2a: Raging Bolt
|-supereffective|p2a: Raging Bolt
|-damage|p2a: Raging Bolt|0 fnt
|-unboost|p1a: Dragapult|spa|2
|faint|p2a: Raging Bolt
|-end|p2a: Raging Bolt|Protosynthesis|[silent]
|
|upkeep
|
|t:|1760304571
|switch|p2a: Darkrai|Darkrai|71/100
|turn|26
|
|t:|1760304581
|switch|p1a: Ogerpon|Ogerpon-Wellspring, F|100/100
|move|p2a: Darkrai|Dark Pulse|p1a: Ogerpon
|-damage|p1a: Ogerpon|47/100
|-damage|p2a: Darkrai|61/100|[from] item: Life Orb
|
|upkeep
|turn|27
|
|t:|1760304588
|move|p2a: Darkrai|Dark Pulse|p1a: Ogerpon
|-damage|p1a: Ogerpon|0 fnt
|faint|p1a: Ogerpon
|-damage|p2a: Darkrai|51/100|[from] item: Life Orb
|
|upkeep
|
|t:|1760304590
|switch|p1a: Dragapult|Dragapult, M|88/100
|turn|28
|
|t:|1760304598
|move|p1a: Dragapult|Draco Meteor|p2a: Darkrai
|-damage|p2a: Darkrai|0 fnt
|-unboost|p1a: Dragapult|spa|2
|faint|p2a: Darkrai
|
|upkeep
|
|t:|1760304607
|switch|p2a: Dragonite|Dragonite, M|100/100
|turn|29
|
|t:|1760304614
|switch|p1a: Skeledirge|Skeledirge, M|78/100
|move|p2a: Dragonite|Dragon Dance|p2a: Dragonite
|-boost|p2a: Dragonite|atk|1
|-boost|p2a: Dragonite|spe|1
|
|upkeep
|turn|30
|
|t:|1760304622
|-terastallize|p1a: Skeledirge|Dark
|move|p2a: Dragonite|Ice Spinner|p1a: Skeledirge
|-damage|p1a: Skeledirge|56/100
|move|p1a: Skeledirge|Will-O-Wisp|p2a: Dragonite
|-status|p2a: Dragonite|brn
|
|-damage|p2a: Dragonite|94/100 brn|[from] brn
|upkeep
|turn|31
|
|t:|1760304629
|move|p2a: Dragonite|Earthquake|p1a: Skeledirge
|-damage|p1a: Skeledirge|40/100
|move|p1a: Skeledirge|Slack Off|p1a: Skeledirge
|-heal|p1a: Skeledirge|90/100
|
|-damage|p2a: Dragonite|88/100 brn|[from] brn
|upkeep
|turn|32
|
|t:|1760304637
|move|p2a: Dragonite|Earthquake|p1a: Skeledirge
|-damage|p1a: Skeledirge|75/100
|move|p1a: Skeledirge|Torch Song|p2a: Dragonite
|-resisted|p2a: Dragonite
|-damage|p2a: Dragonite|72/100 brn
|-boost|p1a: Skeledirge|spa|1
|
|-damage|p2a: Dragonite|66/100 brn|[from] brn
|upkeep
|turn|33
|
|t:|1760304644
|move|p2a: Dragonite|Earthquake|p1a: Skeledirge
|-damage|p1a: Skeledirge|61/100
|move|p1a: Skeledirge|Slack Off|p1a: Skeledirge
|-heal|p1a: Skeledirge|100/100
|
|-damage|p2a: Dragonite|60/100 brn|[from] brn
|upkeep
|turn|34
|
|t:|1760304652
|move|p2a: Dragonite|Earthquake|p1a: Skeledirge
|-damage|p1a: Skeledirge|87/100
|move|p1a: Skeledirge|Torch Song|p2a: Dragonite
|-resisted|p2a: Dragonite
|-damage|p2a: Dragonite|36/100 brn
|-boost|p1a: Skeledirge|spa|1
|
|-damage|p2a: Dragonite|30/100 brn|[from] brn
|upkeep
|turn|35
|
|t:|1760304659
|move|p2a: Dragonite|Dragon Dance|p2a: Dragonite
|-boost|p2a: Dragonite|atk|1
|-boost|p2a: Dragonite|spe|1
|move|p1a: Skeledirge|Torch Song|p2a: Dragonite
|-resisted|p2a: Dragonite
|-damage|p2a: Dragonite|0 fnt
|-boost|p1a: Skeledirge|spa|1
|faint|p2a: Dragonite
|
|win|PandaLord0
|raw|PandaLord0's rating: 1522 &rarr; <strong>1541</strong><br />(+19 for winning)
|raw|skibidisksk's rating: 1508 &rarr; <strong>1489</strong><br />(-19 for losing)
|c|☆PandaLord0|gg
