|j|☆GoGoGoats
|j|☆adamsandlerfan38
|t:|1760453514
|gametype|singles
|player|p1|GoGoGoats|101|1381
|player|p2|adamsandlerfan38|ghetsis|1407
|gen|9
|tier|[Gen 9] OU
|rated|
|rule|HP Percentage Mod: HP is shown in percentages
|rule|Endless Battle Clause: Forcing endless battles is banned
|rule|Species Clause: Limit one of each Pokémon
|rule|OHKO Clause: OHKO moves are banned
|rule|Evasion Items Clause: Evasion items are banned
|rule|Evasion Moves Clause: Evasion moves are banned
|rule|Evasion Abilities Clause: Evasion abilities are banned
|rule|Sleep Moves Clause: Sleep-inducing moves are banned
|clearpoke
|poke|p1|Ribombee, M|
|poke|p1|Great Tusk|
|poke|p1|Gholdengo|
|poke|p1|Manaphy|
|poke|p1|Kingambit, F|
|poke|p1|Iron Valiant|
|poke|p2|Meganium, F|
|poke|p2|Scream Tail|
|poke|p2|Greninja-*, M|
|poke|p2|Moltres|
|poke|p2|Pecharunt|
|poke|p2|Iron Boulder|
|teampreview
|
|t:|1760453525
|teamsize|p1|6
|teamsize|p2|6
|start
|switch|p1a: Ribombee|Ribombee, M|100/100
|switch|p2a: for charity|Iron Boulder|100/100
|-enditem|p2a: for charity|Booster Energy
|-activate|p2a: for charity|ability: Quark Drive|[fromitem]
|-start|p2a: for charity|quarkdrivespe
|turn|1
|
|t:|1760453538
|move|p2a: for charity|Swords Dance|p2a: for charity
|-boost|p2a: for charity|atk|2
|move|p1a: Ribombee|Sticky Web|p2a: for charity
|-sidestart|p2: adamsandlerfan38|move: Sticky Web
|
|upkeep
|turn|2
|
|t:|1760453547
|move|p2a: for charity|Mighty Cleave|p1a: Ribombee
|-supereffective|p1a: Ribombee
|-enditem|p1a: Ribombee|Focus Sash
|-damage|p1a: Ribombee|1/100
|move|p1a: Ribombee|Moonblast|p2a: for charity
|-damage|p2a: for charity|68/100
|-unboost|p2a: for charity|spa|1
|
|upkeep
|turn|3
|
|t:|1760453555
|move|p2a: for charity|Mighty Cleave|p1a: Ribombee
|-supereffective|p1a: Ribombee
|-damage|p1a: Ribombee|0 fnt
|faint|p1a: Ribombee
|
|upkeep
|inactive|Battle timer is ON: inactive players will automatically lose when time's up. (requested by adamsandlerfan38)
|
|t:|1760453581
|switch|p1a: Gholdengo|Gholdengo|100/100
|-item|p1a: Gholdengo|Air Balloon
|turn|4
|
|t:|1760453590
|move|p2a: for charity|Zen Headbutt|p1a: Gholdengo
|-resisted|p1a: Gholdengo
|-damage|p1a: Gholdengo|54/100
|-enditem|p1a: Gholdengo|Air Balloon
|move|p1a: Gholdengo|Shadow Ball|p2a: for charity
|-supereffective|p2a: for charity
|-damage|p2a: for charity|0 fnt
|faint|p2a: for charity
|-end|p2a: for charity|Quark Drive|[silent]
|
|upkeep
|
|t:|1760453612
|switch|p2a: nirvana|Moltres|100/100
|turn|5
|
|t:|1760453638
|move|p1a: Gholdengo|Nasty Plot|p1a: Gholdengo
|-boost|p1a: Gholdengo|spa|2
|move|p2a: nirvana|Flamethrower|p1a: Gholdengo
|-supereffective|p1a: Gholdengo
|-damage|p1a: Gholdengo|0 fnt
|faint|p1a: Gholdengo
|
|upkeep
|inactive|GoGoGoats has 120 seconds left.
|
|t:|1760453648
|switch|p1a: Manaphy|Manaphy|100/100
|turn|6
|
|t:|1760453660
|move|p1a: Manaphy|Tail Glow|p1a: Manaphy
|-boost|p1a: Manaphy|spa|3
|move|p2a: nirvana|Hurricane|p1a: Manaphy
|-damage|p1a: Manaphy|40/100
|
|-heal|p1a: Manaphy|46/100|[from] item: Leftovers
|upkeep
|turn|7
|
|t:|1760453675
|switch|p2a: raging child|Scream Tail|100/100
|-activate|p2a: raging child|move: Sticky Web
|-unboost|p2a: raging child|spe|1
|move|p1a: Manaphy|Surf|p2a: raging child
|-damage|p2a: raging child|46/100
|
|-heal|p1a: Manaphy|52/100|[from] item: Leftovers
|-heal|p2a: raging child|52/100|[from] item: Leftovers
|upkeep
|turn|8
|inactive|GoGoGoats has 120 seconds left.
|
|t:|1760453696
|move|p1a: Manaphy|Surf|p2a: raging child
|-crit|p2a: raging child
|-damage|p2a: raging child|0 fnt
|faint|p2a: raging child
|-end|p2a: raging child|Protosynthesis|[silent]
|
|-heal|p1a: Manaphy|58/100|[from] item: Leftovers
|upkeep
|
|t:|1760453715
|switch|p2a: 007|Greninja, M|100/100
|-activate|p2a: 007|move: Sticky Web
|-unboost|p2a: 007|spe|1
|turn|9
|
|t:|1760453728
|move|p1a: Manaphy|Alluring Voice|p2a: 007
|-supereffective|p2a: 007
|-damage|p2a: 007|0 fnt
|faint|p2a: 007
|
|-heal|p1a: Manaphy|64/100|[from] item: Leftovers
|upkeep
|
|t:|1760453751
|switch|p2a: noli|Pecharunt|100/100
|-activate|p2a: noli|move: Sticky Web
|-unboost|p2a: noli|spe|1
|turn|10
|inactive|GoGoGoats has 120 seconds left.
|
|t:|1760453780
|-terastallize|p2a: noli|Water
|move|p1a: Manaphy|Surf|p2a: noli
|-resisted|p2a: noli
|-damage|p2a: noli|53/100
|move|p2a: noli|Malignant Chain|p1a: Manaphy
|-damage|p1a: Manaphy|19/100
|
|-heal|p1a: Manaphy|25/100|[from] item: Leftovers
|-heal|p2a: noli|59/100|[from] item: Leftovers
|upkeep
|turn|11
|inactive|GoGoGoats has 120 seconds left.
|
|t:|1760453799
|move|p1a: Manaphy|Alluring Voice|p2a: noli
|-damage|p2a: noli|3/100
|move|p2a: noli|Malignant Chain|p1a: Manaphy
|-damage|p1a: Manaphy|0 fnt
|faint|p1a: Manaphy
|
|-heal|p2a: noli|9/100|[from] item: Leftovers
|upkeep
|
|t:|1760453823
|switch|p1a: Great Tusk|Great Tusk|100/100
|-enditem|p1a: Great Tusk|Booster Energy
|-activate|p1a: Great Tusk|ability: Protosynthesis|[fromitem]
|-start|p1a: Great Tusk|protosynthesisatk
|turn|12
|
|t:|1760453837
|move|p1a: Great Tusk|Rapid Spin|p2a: noli
|-crit|p2a: noli
|-damage|p2a: noli|0 fnt
|-boost|p1a: Great Tusk|spe|1
|faint|p2a: noli
|
|upkeep
|
|t:|1760453843
|switch|p2a: nirvana|Moltres|100/100
|turn|13
|
|t:|1760453848
|move|p1a: Great Tusk|Head Smash|p2a: nirvana|[miss]
|-miss|p1a: Great Tusk|p2a: nirvana
|move|p2a: nirvana|Hurricane|p1a: Great Tusk|[miss]
|-miss|p2a: nirvana|p1a: Great Tusk
|
|upkeep
|turn|14
|inactive|GoGoGoats has 120 seconds left.
|
|t:|1760453854
|move|p1a: Great Tusk|Head Smash|p2a: nirvana
|-supereffective|p2a: nirvana
|-damage|p2a: nirvana|0 fnt
|faint|p2a: nirvana
|-damage|p1a: Great Tusk|49/100|[from] Recoil
|
|upkeep
|
|t:|1760453857
|switch|p2a: potential man|Meganium, F, shiny|100/100
|-activate|p2a: potential man|move: Sticky Web
|-unboost|p2a: potential man|spe|1
|turn|15
|
|t:|1760453867
|move|p1a: Great Tusk|Close Combat|p2a: potential man
|-damage|p2a: potential man|27/100
|-unboost|p1a: Great Tusk|def|1
|-unboost|p1a: Great Tusk|spd|1
|move|p2a: potential man|Swords Dance|p2a: potential man
|-boost|p2a: potential man|atk|2
|
|-heal|p2a: potential man|33/100|[from] item: Leftovers
|upkeep
|turn|16
|
|t:|1760453875
|move|p1a: Great Tusk|Close Combat|p2a: potential man
|-damage|p2a: potential man|0 fnt
|-unboost|p1a: Great Tusk|def|1
|-unboost|p1a: Great Tusk|spd|1
|faint|p2a: potential man
|
|win|GoGoGoats
|raw|GoGoGoats's rating: 1381 &rarr; <strong>1402</strong><br />(+21 for winning)
|raw|adamsandlerfan38's rating: 1407 &rarr; <strong>1386</strong><br />(-21 for losing)
|l|☆adamsandlerfan38
|player|p2|
|l|☆GoGoGoats
|player|p1|
