|j|☆healorant
|j|☆butts99999
|t:|1760393787
|gametype|singles
|player|p1|healorant|alder|1815
|player|p2|butts99999|skierf|1830
|gen|9
|tier|[Gen 9] OU
|rated|
|rule|HP Percentage Mod: HP is shown in percentages
|rule|Endless Battle Clause: Forcing endless battles is banned
|rule|Species Clause: Limit one of each Pokémon
|rule|OHKO Clause: OHKO moves are banned
|rule|Evasion Items Clause: Evasion items are banned
|rule|Evasion Moves Clause: Evasion moves are banned
|rule|Evasion Abilities Clause: Evasion abilities are banned
|rule|Sleep Moves Clause: Sleep-inducing moves are banned
|clearpoke
|poke|p1|Rotom-Wash|
|poke|p1|Tornadus-Therian, M|
|poke|p1|Ting-Lu|
|poke|p1|Gholdengo|
|poke|p1|Zamazenta-*|
|poke|p1|Ogerpon, F|
|poke|p2|Kingambit, F|
|poke|p2|Cinderace, F|
|poke|p2|Landorus-Therian, M|
|poke|p2|Iron Valiant|
|poke|p2|Kyurem|
|poke|p2|Slowking-Galar, M|
|teampreview
|inactive|Battle timer is ON: inactive players will automatically lose when time's up. (requested by healorant)
|c|☆butts99999|hf
|c|☆healorant|hf
|inactive|healorant has 120 seconds left.
|inactive|butts99999 has 120 seconds left.
|
|t:|1760393828
|teamsize|p1|6
|teamsize|p2|6
|start
|switch|p1a: Tornadus|Tornadus-Therian, M|100/100
|switch|p2a: Chillionaire|Slowking-Galar, M, shiny|100/100
|turn|1
|
|t:|1760393836
|move|p1a: Tornadus|U-turn|p2a: Chillionaire
|-crit|p2a: Chillionaire
|-damage|p2a: Chillionaire|79/100
|
|t:|1760393838
|switch|p1a: Ting-Lu|Ting-Lu, shiny|100/100|[from] U-turn
|-ability|p1a: Ting-Lu|Vessel of Ruin
|move|p2a: Chillionaire|Future Sight|p1a: Ting-Lu
|-start|p2a: Chillionaire|move: Future Sight
|
|upkeep
|turn|2
|
|t:|1760393843
|switch|p2a: Homelandor|Landorus-Therian, M, shiny|100/100
|-ability|p2a: Homelandor|Intimidate|boost
|-unboost|p1a: Ting-Lu|atk|1
|move|p1a: Ting-Lu|Stealth Rock|p2a: Homelandor
|-sidestart|p2: butts99999|move: Stealth Rock
|
|upkeep
|turn|3
|
|t:|1760393869
|move|p2a: Homelandor|U-turn|p1a: Ting-Lu
|-supereffective|p1a: Ting-Lu
|-damage|p1a: Ting-Lu|77/100
|
|t:|1760393872
|switch|p2a: Chillionaire|Slowking-Galar, M, shiny|100/100|[from] U-turn
|move|p1a: Ting-Lu|Ruination|p2a: Chillionaire
|-damage|p2a: Chillionaire|51/100
|
|-end|p1a: Ting-Lu|move: Future Sight
|-immune|p1a: Ting-Lu
|-heal|p1a: Ting-Lu|83/100|[from] item: Leftovers
|upkeep
|turn|4
|
|t:|1760393881
|switch|p1a: Tornadus|Tornadus-Therian, M|100/100
|switch|p2a: Homelandor|Landorus-Therian, M, shiny|100/100
|-damage|p2a: Homelandor|88/100|[from] Stealth Rock
|-ability|p2a: Homelandor|Intimidate|boost
|-unboost|p1a: Tornadus|atk|1
|
|-heal|p2a: Homelandor|94/100|[from] item: Leftovers
|upkeep
|turn|5
|
|t:|1760393887
|switch|p2a: Chillionaire|Slowking-Galar, M, shiny|84/100
|move|p1a: Tornadus|Knock Off|p2a: Chillionaire
|-supereffective|p2a: Chillionaire
|-crit|p2a: Chillionaire
|-damage|p2a: Chillionaire|19/100
|-enditem|p2a: Chillionaire|Heavy-Duty Boots|[from] move: Knock Off|[of] p1a: Tornadus
|
|upkeep
|turn|6
|inactive|butts99999 has 120 seconds left.
|
|t:|1760393924
|switch|p2a: Kristine|Cinderace, F, shiny|100/100
|move|p1a: Tornadus|Knock Off|p2a: Kristine
|-damage|p2a: Kristine|86/100
|-enditem|p2a: Kristine|Heavy-Duty Boots|[from] move: Knock Off|[of] p1a: Tornadus
|
|upkeep
|turn|7
|inactive|butts99999 has 120 seconds left.
|
|t:|1760393931
|move|p1a: Tornadus|Taunt|p2a: Kristine
|-start|p2a: Kristine|move: Taunt
|cant|p2a: Kristine|move: Taunt|Court Change
|
|upkeep
|turn|8
|
|t:|1760393936
|move|p1a: Tornadus|Bleakwind Storm|p2a: Kristine
|-damage|p2a: Kristine|43/100
|move|p2a: Kristine|Pyro Ball|p1a: Tornadus
|-damage|p1a: Tornadus|42/100
|
|upkeep
|turn|9
|
|t:|1760393953
|move|p1a: Tornadus|U-turn|p2a: Kristine
|-resisted|p2a: Kristine
|-damage|p2a: Kristine|37/100
|
|t:|1760393955
|switch|p1a: Rotom|Rotom-Wash|100/100|[from] U-turn
|move|p2a: Kristine|Pyro Ball|p1a: Rotom|[miss]
|-miss|p2a: Kristine|p1a: Rotom
|
|-end|p2a: Kristine|move: Taunt
|upkeep
|turn|10
|
|t:|1760393966
|move|p2a: Kristine|Court Change|p2a: Kristine
|-swapsideconditions
|-activate|p2a: Kristine|move: Court Change
|move|p1a: Rotom|Volt Switch|p2a: Kristine
|-damage|p2a: Kristine|7/100
|
|t:|1760393968
|switch|p1a: Tornadus|Tornadus-Therian, M|76/100|[from] Volt Switch
|
|upkeep
|turn|11
|
|t:|1760393981
|switch|p2a: Chillionaire|Slowking-Galar, M, shiny|52/100
|move|p1a: Tornadus|U-turn|p2a: Chillionaire
|-damage|p2a: Chillionaire|36/100
|
|t:|1760393997
|switch|p1a: Ting-Lu|Ting-Lu, shiny|83/100|[from] U-turn
|-damage|p1a: Ting-Lu|77/100|[from] Stealth Rock
|-ability|p1a: Ting-Lu|Vessel of Ruin
|
|-heal|p1a: Ting-Lu|83/100|[from] item: Leftovers
|upkeep
|turn|12
|
|t:|1760394000
|switch|p2a: Kristine|Cinderace, F, shiny|7/100
|move|p1a: Ting-Lu|Stealth Rock|p2a: Kristine
|-sidestart|p2: butts99999|move: Stealth Rock
|
|-heal|p1a: Ting-Lu|90/100|[from] item: Leftovers
|upkeep
|turn|13
|
|t:|1760394005
|switch|p1a: Rotom|Rotom-Wash|100/100
|-damage|p1a: Rotom|88/100|[from] Stealth Rock
|move|p2a: Kristine|Pyro Ball|p1a: Rotom
|-resisted|p1a: Rotom
|-damage|p1a: Rotom|60/100
|
|-heal|p1a: Rotom|67/100|[from] item: Leftovers
|upkeep
|turn|14
|
|t:|1760394012
|move|p2a: Kristine|Pyro Ball|p1a: Rotom|[miss]
|-miss|p2a: Kristine|p1a: Rotom
|move|p1a: Rotom|Volt Switch|p2a: Kristine
|-damage|p2a: Kristine|0 fnt
|faint|p2a: Kristine
|
|t:|1760394021
|switch|p1a: Ting-Lu|Ting-Lu, shiny|90/100|[from] Volt Switch
|-damage|p1a: Ting-Lu|83/100|[from] Stealth Rock
|-ability|p1a: Ting-Lu|Vessel of Ruin
|
|-heal|p1a: Ting-Lu|90/100|[from] item: Leftovers
|upkeep
|
|t:|1760394028
|switch|p2a: Homelandor|Landorus-Therian, M, shiny|94/100
|-damage|p2a: Homelandor|82/100|[from] Stealth Rock
|-ability|p2a: Homelandor|Intimidate|boost
|-unboost|p1a: Ting-Lu|atk|1
|turn|15
|
|t:|1760394034
|move|p2a: Homelandor|Earthquake|p1a: Ting-Lu
|-damage|p1a: Ting-Lu|63/100
|move|p1a: Ting-Lu|Ruination|p2a: Homelandor
|-damage|p2a: Homelandor|41/100
|
|-heal|p2a: Homelandor|48/100|[from] item: Leftovers
|-heal|p1a: Ting-Lu|70/100|[from] item: Leftovers
|upkeep
|turn|16
|
|t:|1760394041
|move|p2a: Homelandor|Earthquake|p1a: Ting-Lu
|-damage|p1a: Ting-Lu|44/100
|move|p1a: Ting-Lu|Whirlwind|p2a: Homelandor
|drag|p2a: WALL-Y|Iron Valiant|100/100
|-damage|p2a: WALL-Y|94/100|[from] Stealth Rock
|-enditem|p2a: WALL-Y|Booster Energy
|-activate|p2a: WALL-Y|ability: Quark Drive|[fromitem]
|-start|p2a: WALL-Y|quarkdrivespe
|
|-heal|p1a: Ting-Lu|50/100|[from] item: Leftovers
|upkeep
|turn|17
|
|t:|1760394050
|move|p2a: WALL-Y|Moonblast|p1a: Ting-Lu
|-supereffective|p1a: Ting-Lu
|-damage|p1a: Ting-Lu|8/100
|move|p1a: Ting-Lu|Whirlwind|p2a: WALL-Y
|-end|p2a: WALL-Y|Quark Drive|[silent]
|drag|p2a: Homelandor|Landorus-Therian, M, shiny|48/100
|-damage|p2a: Homelandor|35/100|[from] Stealth Rock
|-ability|p2a: Homelandor|Intimidate|boost
|-unboost|p1a: Ting-Lu|atk|1
|
|-heal|p2a: Homelandor|41/100|[from] item: Leftovers
|-heal|p1a: Ting-Lu|14/100|[from] item: Leftovers
|upkeep
|turn|18
|
|t:|1760394056
|switch|p1a: Tornadus|Tornadus-Therian, M|100/100
|move|p2a: Homelandor|U-turn|p1a: Tornadus
|-resisted|p1a: Tornadus
|-damage|p1a: Tornadus|88/100
|
|t:|1760394058
|switch|p2a: Chillionaire|Slowking-Galar, M, shiny|69/100|[from] U-turn
|-damage|p2a: Chillionaire|57/100|[from] Stealth Rock
|
|upkeep
|turn|19
|
|t:|1760394063
|move|p1a: Tornadus|U-turn|p2a: Chillionaire
|-damage|p2a: Chillionaire|42/100
|
|t:|1760394065
|switch|p1a: Ting-Lu|Ting-Lu, shiny|14/100|[from] U-turn
|-damage|p1a: Ting-Lu|8/100|[from] Stealth Rock
|-ability|p1a: Ting-Lu|Vessel of Ruin
|move|p2a: Chillionaire|Sludge Bomb|p1a: Ting-Lu
|-resisted|p1a: Ting-Lu
|-damage|p1a: Ting-Lu|1/100
|-status|p1a: Ting-Lu|psn
|
|-heal|p1a: Ting-Lu|7/100 psn|[from] item: Leftovers
|-damage|p1a: Ting-Lu|0 fnt|[from] psn
|faint|p1a: Ting-Lu
|upkeep
|
|t:|1760394075
|switch|p1a: Zamazenta|Zamazenta|100/100
|-ability|p1a: Zamazenta|Dauntless Shield|boost
|-boost|p1a: Zamazenta|def|1
|turn|20
|
|t:|1760394082
|switch|p2a: Homelandor|Landorus-Therian, M, shiny|41/100
|-damage|p2a: Homelandor|29/100|[from] Stealth Rock
|-ability|p2a: Homelandor|Intimidate|boost
|-unboost|p1a: Zamazenta|atk|1
|move|p1a: Zamazenta|Crunch|p2a: Homelandor
|-damage|p2a: Homelandor|12/100
|
|-heal|p2a: Homelandor|18/100|[from] item: Leftovers
|upkeep
|turn|21
|j| mowmowpow
|
|t:|1760394090
|switch|p2a: Chillionaire|Slowking-Galar, M, shiny|75/100
|-damage|p2a: Chillionaire|63/100|[from] Stealth Rock
|move|p1a: Zamazenta|Close Combat|p2a: Chillionaire
|-resisted|p2a: Chillionaire
|-damage|p2a: Chillionaire|53/100
|-unboost|p1a: Zamazenta|def|1
|-unboost|p1a: Zamazenta|spd|1
|
|upkeep
|turn|22
|
|t:|1760394100
|switch|p1a: Tornadus|Tornadus-Therian, M|100/100
|move|p2a: Chillionaire|Thunder Wave|p1a: Tornadus
|-status|p1a: Tornadus|par
|
|upkeep
|turn|23
|
|t:|1760394107
|move|p1a: Tornadus|Knock Off|p2a: Chillionaire
|-supereffective|p2a: Chillionaire
|-damage|p2a: Chillionaire|26/100
|move|p2a: Chillionaire|Future Sight|p1a: Tornadus
|-start|p2a: Chillionaire|move: Future Sight
|
|upkeep
|turn|24
|
|t:|1760394112
|move|p1a: Tornadus|Knock Off|p2a: Chillionaire
|-supereffective|p2a: Chillionaire
|-damage|p2a: Chillionaire|0 fnt
|faint|p2a: Chillionaire
|
|upkeep
|
|t:|1760394114
|switch|p2a: Mr. Freeze|Kyurem, shiny|100/100
|-damage|p2a: Mr. Freeze|76/100|[from] Stealth Rock
|-ability|p2a: Mr. Freeze|Pressure
|turn|25
|
|t:|1760394124
|move|p2a: Mr. Freeze|Substitute|p2a: Mr. Freeze
|-start|p2a: Mr. Freeze|Substitute
|-damage|p2a: Mr. Freeze|51/100
|cant|p1a: Tornadus|par
|
|-end|p1a: Tornadus|move: Future Sight
|-damage|p1a: Tornadus|57/100 par
|-heal|p2a: Mr. Freeze|57/100|[from] item: Leftovers
|upkeep
|turn|26
|
|t:|1760394132
|move|p2a: Mr. Freeze|Freeze-Dry|p1a: Tornadus
|-supereffective|p1a: Tornadus
|-crit|p1a: Tornadus
|-damage|p1a: Tornadus|0 fnt
|faint|p1a: Tornadus
|
|-heal|p2a: Mr. Freeze|63/100|[from] item: Leftovers
|upkeep
|
|t:|1760394134
|switch|p1a: Gholdengo|Gholdengo|100/100
|-damage|p1a: Gholdengo|94/100|[from] Stealth Rock
|-item|p1a: Gholdengo|Air Balloon
|turn|27
|
|t:|1760394139
|move|p2a: Mr. Freeze|Freeze-Dry|p1a: Gholdengo
|-resisted|p1a: Gholdengo
|-damage|p1a: Gholdengo|78/100
|-status|p1a: Gholdengo|frz
|-enditem|p1a: Gholdengo|Air Balloon
|-curestatus|p1a: Gholdengo|frz|[msg]
|move|p1a: Gholdengo|Make It Rain|p2a: Mr. Freeze
|-supereffective|p2a: Mr. Freeze
|-end|p2a: Mr. Freeze|Substitute
|-unboost|p1a: Gholdengo|spa|1
|
|-heal|p2a: Mr. Freeze|69/100|[from] item: Leftovers
|upkeep
|turn|28
|
|t:|1760394150
|switch|p1a: Ogerpon|Ogerpon, F|100/100
|move|p2a: Mr. Freeze|Substitute|p2a: Mr. Freeze
|-start|p2a: Mr. Freeze|Substitute
|-damage|p2a: Mr. Freeze|44/100
|
|-heal|p2a: Mr. Freeze|50/100|[from] item: Leftovers
|upkeep
|turn|29
|
|t:|1760394157
|switch|p2a: Daenerys|Kingambit, F|100/100
|-damage|p2a: Daenerys|94/100|[from] Stealth Rock
|-activate|p2a: Daenerys|ability: Supreme Overlord
|-start|p2a: Daenerys|fallen2|[silent]
|move|p1a: Ogerpon|Encore||[still]
|-fail|p1a: Ogerpon
|
|-heal|p2a: Daenerys|100/100|[from] item: Leftovers
|upkeep
|turn|30
|
|t:|1760394167
|switch|p1a: Rotom|Rotom-Wash|67/100
|-damage|p1a: Rotom|54/100|[from] Stealth Rock
|move|p2a: Daenerys|Kowtow Cleave|p1a: Rotom
|-damage|p1a: Rotom|9/100
|
|-heal|p1a: Rotom|16/100|[from] item: Leftovers
|upkeep
|turn|31
|j| tiochicodobos
|
|t:|1760394180
|-end|p2a: Daenerys|fallen2|[silent]
|switch|p2a: Mr. Freeze|Kyurem, shiny|50/100
|-damage|p2a: Mr. Freeze|25/100|[from] Stealth Rock
|-ability|p2a: Mr. Freeze|Pressure
|move|p1a: Rotom|Will-O-Wisp|p2a: Mr. Freeze
|-status|p2a: Mr. Freeze|brn
|
|-heal|p2a: Mr. Freeze|32/100 brn|[from] item: Leftovers
|-heal|p1a: Rotom|22/100|[from] item: Leftovers
|-damage|p2a: Mr. Freeze|25/100 brn|[from] brn
|upkeep
|turn|32
|
|t:|1760394197
|move|p2a: Mr. Freeze|Freeze-Dry|p1a: Rotom
|-supereffective|p1a: Rotom
|-damage|p1a: Rotom|0 fnt
|faint|p1a: Rotom
|
|-heal|p2a: Mr. Freeze|32/100 brn|[from] item: Leftovers
|-damage|p2a: Mr. Freeze|25/100 brn|[from] brn
|upkeep
|
|t:|1760394202
|switch|p1a: Ogerpon|Ogerpon, F|100/100
|turn|33
|
|t:|1760394206
|move|p1a: Ogerpon|Knock Off|p2a: Mr. Freeze
|-damage|p2a: Mr. Freeze|0 fnt
|-enditem|p2a: Mr. Freeze|Leftovers|[from] move: Knock Off|[of] p1a: Ogerpon
|faint|p2a: Mr. Freeze
|
|upkeep
|
|t:|1760394208
|switch|p2a: Daenerys|Kingambit, F|100/100
|-damage|p2a: Daenerys|94/100|[from] Stealth Rock
|-activate|p2a: Daenerys|ability: Supreme Overlord
|-start|p2a: Daenerys|fallen3|[silent]
|turn|34
|
|t:|1760394215
|switch|p1a: Gholdengo|Gholdengo|78/100
|-damage|p1a: Gholdengo|72/100|[from] Stealth Rock
|move|p2a: Daenerys|Iron Head|p1a: Gholdengo
|-resisted|p1a: Gholdengo
|-damage|p1a: Gholdengo|50/100
|
|-heal|p2a: Daenerys|100/100|[from] item: Leftovers
|upkeep
|turn|35
|
|t:|1760394226
|-end|p2a: Daenerys|fallen3|[silent]
|switch|p2a: WALL-Y|Iron Valiant|94/100
|-damage|p2a: WALL-Y|88/100|[from] Stealth Rock
|move|p1a: Gholdengo|Recover|p1a: Gholdengo
|-heal|p1a: Gholdengo|100/100
|
|upkeep
|turn|36
|
|t:|1760394238
|move|p2a: WALL-Y|Shadow Ball|p1a: Gholdengo
|-supereffective|p1a: Gholdengo
|-damage|p1a: Gholdengo|51/100
|-unboost|p1a: Gholdengo|spd|1
|move|p1a: Gholdengo|Thunder Wave|p2a: WALL-Y
|-status|p2a: WALL-Y|par
|
|upkeep
|turn|37
|
|t:|1760394245
|move|p1a: Gholdengo|Hex|p2a: WALL-Y
|-damage|p2a: WALL-Y|0 fnt
|faint|p2a: WALL-Y
|-end|p2a: WALL-Y|Quark Drive|[silent]
|
|upkeep
|
|t:|1760394251
|switch|p2a: Daenerys|Kingambit, F|100/100
|-damage|p2a: Daenerys|94/100|[from] Stealth Rock
|-activate|p2a: Daenerys|ability: Supreme Overlord
|-start|p2a: Daenerys|fallen4|[silent]
|turn|38
|
|t:|1760394263
|move|p1a: Gholdengo|Thunder Wave|p2a: Daenerys
|-status|p2a: Daenerys|par
|cant|p2a: Daenerys|par
|
|-heal|p2a: Daenerys|100/100 par|[from] item: Leftovers
|upkeep
|turn|39
|
|t:|1760394266
|move|p1a: Gholdengo|Hex|p2a: Daenerys
|-resisted|p2a: Daenerys
|-damage|p2a: Daenerys|69/100 par
|move|p2a: Daenerys|Kowtow Cleave|p1a: Gholdengo
|-supereffective|p1a: Gholdengo
|-damage|p1a: Gholdengo|0 fnt
|faint|p1a: Gholdengo
|
|-heal|p2a: Daenerys|75/100 par|[from] item: Leftovers
|upkeep
|
|t:|1760394271
|switch|p1a: Zamazenta|Zamazenta|100/100
|turn|40
|
|t:|1760394274
|switch|p1a: Ogerpon|Ogerpon, F|100/100
|-end|p2a: Daenerys|fallen4|[silent]
|switch|p2a: Homelandor|Landorus-Therian, M, shiny|18/100
|-damage|p2a: Homelandor|6/100|[from] Stealth Rock
|-ability|p2a: Homelandor|Intimidate|boost
|-unboost|p1a: Ogerpon|atk|1
|-ability|p1a: Ogerpon|Defiant|boost
|-boost|p1a: Ogerpon|atk|2
|
|-heal|p2a: Homelandor|12/100|[from] item: Leftovers
|upkeep
|turn|41
|
|t:|1760394281
|move|p1a: Ogerpon|Ivy Cudgel|p2a: Homelandor
|-damage|p2a: Homelandor|0 fnt
|faint|p2a: Homelandor
|
|upkeep
|
|t:|1760394283
|switch|p2a: Daenerys|Kingambit, F|75/100 par
|-damage|p2a: Daenerys|69/100 par|[from] Stealth Rock
|-activate|p2a: Daenerys|ability: Supreme Overlord
|-start|p2a: Daenerys|fallen5|[silent]
|turn|42
|
|t:|1760394289
|move|p1a: Ogerpon|Ivy Cudgel|p2a: Daenerys
|-resisted|p2a: Daenerys
|-damage|p2a: Daenerys|41/100 par
|move|p2a: Daenerys|Iron Head|p1a: Ogerpon
|-damage|p1a: Ogerpon|4/100
|
|-heal|p2a: Daenerys|47/100 par|[from] item: Leftovers
|upkeep
|turn|43
|
|t:|1760394300
|move|p1a: Ogerpon|Encore|p2a: Daenerys
|-start|p2a: Daenerys|Encore
|move|p2a: Daenerys|Iron Head|p1a: Ogerpon
|-damage|p1a: Ogerpon|0 fnt
|faint|p1a: Ogerpon
|
|-heal|p2a: Daenerys|53/100 par|[from] item: Leftovers
|upkeep
|
|t:|1760394303
|switch|p1a: Zamazenta|Zamazenta|100/100
|turn|44
|
|t:|1760394307
|-terastallize|p2a: Daenerys|Flying
|move|p1a: Zamazenta|Crunch|p2a: Daenerys
|-damage|p2a: Daenerys|32/100 par
|move|p2a: Daenerys|Iron Head|p1a: Zamazenta
|-damage|p1a: Zamazenta|35/100
|
|-heal|p2a: Daenerys|38/100 par|[from] item: Leftovers
|upkeep
|turn|45
|
|t:|1760394317
|move|p1a: Zamazenta|Stone Edge|p2a: Daenerys
|-supereffective|p2a: Daenerys
|-crit|p2a: Daenerys
|-damage|p2a: Daenerys|0 fnt
|faint|p2a: Daenerys
|-end|p2a: Daenerys|fallen5|[silent]
|
|win|healorant
|raw|healorant's rating: 1815 &rarr; <strong>1836</strong><br />(+21 for winning)
|raw|butts99999's rating: 1830 &rarr; <strong>1809</strong><br />(-21 for losing)
|c|☆healorant|gg
|l| tiochicodobos
|l|☆healorant
|player|p1|
|l|☆butts99999
|player|p2|
|l| mowmowpow
