|j|☆darretyle2
|j|☆saibayman
|t:|1760416162
|gametype|singles
|player|p1|darretyle2|266|1471
|player|p2|saibayman|265|1517
|gen|9
|tier|[Gen 9] OU
|rated|
|rule|HP Percentage Mod: HP is shown in percentages
|rule|Endless Battle Clause: Forcing endless battles is banned
|rule|Species Clause: Limit one of each Pokémon
|rule|OHKO Clause: OHKO moves are banned
|rule|Evasion Items Clause: Evasion items are banned
|rule|Evasion Moves Clause: Evasion moves are banned
|rule|Evasion Abilities Clause: Evasion abilities are banned
|rule|Sleep Moves Clause: Sleep-inducing moves are banned
|clearpoke
|poke|p1|Dondozo, F|
|poke|p1|Blissey, F|
|poke|p1|Corviknight, F|
|poke|p1|Weezing-Galar, M|
|poke|p1|Gliscor, F|
|poke|p1|Garganacl, F|
|poke|p2|Metagross|
|poke|p2|Great Tusk|
|poke|p2|Slowking-Galar, F|
|poke|p2|Dragapult, M|
|poke|p2|Meowscarada, M|
|poke|p2|Zapdos|
|teampreview
|inactive|Battle timer is ON: inactive players will automatically lose when time's up. (requested by saibayman)
|
|t:|1760416192
|teamsize|p1|6
|teamsize|p2|6
|start
|switch|p1a: Gliscor|Gliscor, F|100/100
|switch|p2a: Slowking|Slowking-Galar, F|100/100
|turn|1
|
|t:|1760416200
|move|p1a: Gliscor|Protect|p1a: Gliscor
|-singleturn|p1a: Gliscor|Protect
|move|p2a: Slowking|Fire Blast|p1a: Gliscor
|-activate|p1a: Gliscor|move: Protect
|
|-status|p1a: Gliscor|tox|[from] item: Toxic Orb
|upkeep
|turn|2
|
|t:|1760416209
|move|p1a: Gliscor|Knock Off|p2a: Slowking
|-supereffective|p2a: Slowking
|-damage|p2a: Slowking|58/100
|-enditem|p2a: Slowking|Assault Vest|[from] move: Knock Off|[of] p1a: Gliscor
|move|p2a: Slowking|Ice Beam|p1a: Gliscor
|-supereffective|p1a: Gliscor
|-crit|p1a: Gliscor
|-damage|p1a: Gliscor|0 fnt
|faint|p1a: Gliscor
|
|upkeep
|
|t:|1760416218
|switch|p1a: Garganacl|Garganacl, F|100/100
|turn|3
|
|t:|1760416243
|switch|p2a: Meowscarada|Meowscarada, M|100/100
|move|p1a: Garganacl|Salt Cure|p2a: Meowscarada
|-damage|p2a: Meowscarada|78/100
|-start|p2a: Meowscarada|Salt Cure
|
|-damage|p2a: Meowscarada|66/100|[from] Salt Cure
|upkeep
|turn|4
|
|t:|1760416251
|move|p1a: Garganacl|Protect|p1a: Garganacl
|-singleturn|p1a: Garganacl|Protect
|move|p2a: Meowscarada|Knock Off|p1a: Garganacl
|-start|p2a: Meowscarada|typechange|Dark|[from] ability: Protean
|-activate|p1a: Garganacl|move: Protect
|
|-damage|p2a: Meowscarada|54/100|[from] Salt Cure
|upkeep
|turn|5
|
|t:|1760416260
|switch|p1a: Weezing|Weezing-Galar, M|100/100
|-ability|p1a: Weezing|Neutralizing Gas
|move|p2a: Meowscarada|Knock Off|p1a: Weezing
|-resisted|p1a: Weezing
|-damage|p1a: Weezing|85/100
|-enditem|p1a: Weezing|Heavy-Duty Boots|[from] move: Knock Off|[of] p2a: Meowscarada
|
|-damage|p2a: Meowscarada|41/100|[from] Salt Cure
|upkeep
|turn|6
|
|t:|1760416277
|switch|p2a: Metagross|Metagross|100/100
|move|p1a: Weezing|Will-O-Wisp|p2a: Metagross
|-status|p2a: Metagross|brn
|
|-damage|p2a: Metagross|94/100 brn|[from] brn
|upkeep
|turn|7
|
|t:|1760416288
|-end|p1a: Weezing|ability: Neutralizing Gas
|switch|p1a: Corviknight|Corviknight, F|100/100
|-ability|p1a: Corviknight|Pressure
|move|p2a: Metagross|Stealth Rock|p1a: Corviknight
|-sidestart|p1: darretyle2|move: Stealth Rock
|
|-damage|p2a: Metagross|88/100 brn|[from] brn
|upkeep
|turn|8
|
|t:|1760416302
|move|p2a: Metagross|Psychic Fangs|p1a: Corviknight
|-resisted|p1a: Corviknight
|-damage|p1a: Corviknight|95/100
|move|p1a: Corviknight|Body Press|p2a: Metagross
|-damage|p2a: Metagross|74/100 brn
|-damage|p1a: Corviknight|78/100|[from] item: Rocky Helmet|[of] p2a: Metagross
|
|-heal|p1a: Corviknight|85/100|[from] item: Leftovers
|-damage|p2a: Metagross|68/100 brn|[from] brn
|upkeep
|turn|9
|
|t:|1760416313
|switch|p2a: Great Tusk|Great Tusk|100/100
|move|p1a: Corviknight|Iron Defense|p1a: Corviknight
|-boost|p1a: Corviknight|def|2
|
|-heal|p1a: Corviknight|91/100|[from] item: Leftovers
|upkeep
|turn|10
|
|t:|1760416325
|move|p2a: Great Tusk|Bulk Up|p2a: Great Tusk
|-boost|p2a: Great Tusk|atk|1
|-boost|p2a: Great Tusk|def|1
|move|p1a: Corviknight|Defog|p2a: Great Tusk
|-unboost|p2a: Great Tusk|evasion|1
|-sideend|p1: darretyle2|Stealth Rock|[from] move: Defog|[of] p1a: Corviknight
|
|-heal|p1a: Corviknight|97/100|[from] item: Leftovers
|upkeep
|turn|11
|
|t:|1760416338
|-end|p2a: Great Tusk|Protosynthesis|[silent]
|switch|p2a: Zapdos|Zapdos|100/100
|move|p1a: Corviknight|Iron Defense|p1a: Corviknight
|-boost|p1a: Corviknight|def|2
|
|-heal|p1a: Corviknight|100/100|[from] item: Leftovers
|upkeep
|turn|12
|
|t:|1760416348
|switch|p1a: Blissey|Blissey, F|100/100
|move|p2a: Zapdos|Volt Switch|p1a: Blissey
|-damage|p1a: Blissey|85/100
|
|t:|1760416364
|switch|p2a: Slowking|Slowking-Galar, F|92/100|[from] Volt Switch
|
|-heal|p1a: Blissey|92/100|[from] item: Leftovers
|upkeep
|turn|13
|
|t:|1760416370
|move|p1a: Blissey|Stealth Rock|p2a: Slowking
|-sidestart|p2: saibayman|move: Stealth Rock
|move|p2a: Slowking|Psyshock|p1a: Blissey
|-damage|p1a: Blissey|49/100
|
|-heal|p1a: Blissey|56/100|[from] item: Leftovers
|upkeep
|turn|14
|
|t:|1760416378
|move|p1a: Blissey|Soft-Boiled|p1a: Blissey
|-heal|p1a: Blissey|100/100
|move|p2a: Slowking|Psyshock|p1a: Blissey
|-damage|p1a: Blissey|59/100
|
|-heal|p1a: Blissey|65/100|[from] item: Leftovers
|upkeep
|turn|15
|
|t:|1760416386
|switch|p1a: Garganacl|Garganacl, F|100/100
|move|p2a: Slowking|Psyshock|p1a: Garganacl
|-damage|p1a: Garganacl|73/100
|
|-heal|p1a: Garganacl|79/100|[from] item: Leftovers
|upkeep
|turn|16
|
|t:|1760416396
|move|p1a: Garganacl|Salt Cure|p2a: Slowking
|-damage|p2a: Slowking|76/100
|-start|p2a: Slowking|Salt Cure
|move|p2a: Slowking|Psyshock|p1a: Garganacl
|-damage|p1a: Garganacl|52/100
|
|-heal|p1a: Garganacl|58/100|[from] item: Leftovers
|-damage|p2a: Slowking|64/100|[from] Salt Cure
|upkeep
|turn|17
|
|t:|1760416407
|switch|p2a: Great Tusk|Great Tusk|100/100
|-damage|p2a: Great Tusk|98/100|[from] Stealth Rock
|move|p1a: Garganacl|Recover|p1a: Garganacl
|-heal|p1a: Garganacl|100/100
|
|-heal|p2a: Great Tusk|100/100|[from] item: Leftovers
|upkeep
|turn|18
|
|t:|1760416423
|switch|p1a: Corviknight|Corviknight, F|100/100
|-ability|p1a: Corviknight|Pressure
|move|p2a: Great Tusk|Earthquake|p1a: Corviknight
|-immune|p1a: Corviknight
|
|upkeep
|turn|19
|
|t:|1760416431
|move|p2a: Great Tusk|Rapid Spin|p1a: Corviknight
|-resisted|p1a: Corviknight
|-damage|p1a: Corviknight|96/100
|-boost|p2a: Great Tusk|spe|1
|-sideend|p2: saibayman|Stealth Rock|[from] move: Rapid Spin|[of] p2a: Great Tusk
|move|p1a: Corviknight|Iron Defense|p1a: Corviknight
|-boost|p1a: Corviknight|def|2
|
|-heal|p1a: Corviknight|100/100|[from] item: Leftovers
|upkeep
|turn|20
|
|t:|1760416455
|move|p2a: Great Tusk|Bulk Up|p2a: Great Tusk
|-boost|p2a: Great Tusk|atk|1
|-boost|p2a: Great Tusk|def|1
|move|p1a: Corviknight|Body Press|p2a: Great Tusk
|-damage|p2a: Great Tusk|85/100
|
|-heal|p2a: Great Tusk|92/100|[from] item: Leftovers
|upkeep
|turn|21
|
|t:|1760416468
|-end|p2a: Great Tusk|Protosynthesis|[silent]
|switch|p2a: Zapdos|Zapdos|100/100
|switch|p1a: Dondozo|Dondozo, F|100/100
|
|upkeep
|turn|22
|
|t:|1760416479
|switch|p1a: Garganacl|Garganacl, F|100/100
|move|p2a: Zapdos|Volt Switch|p1a: Garganacl
|-damage|p1a: Garganacl|65/100
|inactive|saibayman has 120 seconds left.
|
|t:|1760416495
|switch|p2a: Metagross|Metagross|68/100 brn|[from] Volt Switch
|
|-heal|p1a: Garganacl|72/100|[from] item: Leftovers
|-damage|p2a: Metagross|62/100 brn|[from] brn
|upkeep
|turn|23
|
|t:|1760416504
|move|p2a: Metagross|Stealth Rock|p1a: Garganacl
|-sidestart|p1: darretyle2|move: Stealth Rock
|move|p1a: Garganacl|Salt Cure|p2a: Metagross
|-resisted|p2a: Metagross
|-damage|p2a: Metagross|58/100 brn
|-start|p2a: Metagross|Salt Cure
|
|-heal|p1a: Garganacl|78/100|[from] item: Leftovers
|-damage|p2a: Metagross|52/100 brn|[from] brn
|-damage|p2a: Metagross|27/100 brn|[from] Salt Cure
|upkeep
|turn|24
|
|t:|1760416514
|move|p1a: Garganacl|Protect|p1a: Garganacl
|-singleturn|p1a: Garganacl|Protect
|move|p2a: Metagross|Psychic Fangs|p1a: Garganacl
|-activate|p1a: Garganacl|move: Protect
|
|-heal|p1a: Garganacl|84/100|[from] item: Leftovers
|-damage|p2a: Metagross|21/100 brn|[from] brn
|-damage|p2a: Metagross|0 fnt|[from] Salt Cure
|faint|p2a: Metagross
|upkeep
|inactive|saibayman has 120 seconds left.
|
|t:|1760416542
|switch|p2a: Great Tusk|Great Tusk|92/100
|turn|25
|
|t:|1760416558
|switch|p1a: Corviknight|Corviknight, F|100/100
|-damage|p1a: Corviknight|88/100|[from] Stealth Rock
|-ability|p1a: Corviknight|Pressure
|move|p2a: Great Tusk|Bulk Up|p2a: Great Tusk
|-boost|p2a: Great Tusk|atk|1
|-boost|p2a: Great Tusk|def|1
|
|-heal|p2a: Great Tusk|98/100|[from] item: Leftovers
|-heal|p1a: Corviknight|94/100|[from] item: Leftovers
|upkeep
|turn|26
|
|t:|1760416569
|move|p2a: Great Tusk|Bulk Up|p2a: Great Tusk
|-boost|p2a: Great Tusk|atk|1
|-boost|p2a: Great Tusk|def|1
|move|p1a: Corviknight|Defog|p2a: Great Tusk
|-unboost|p2a: Great Tusk|evasion|1
|-sideend|p1: darretyle2|Stealth Rock|[from] move: Defog|[of] p1a: Corviknight
|
|-heal|p2a: Great Tusk|100/100|[from] item: Leftovers
|-heal|p1a: Corviknight|100/100|[from] item: Leftovers
|upkeep
|turn|27
|
|t:|1760416584
|switch|p1a: Dondozo|Dondozo, F|100/100
|move|p2a: Great Tusk|Bulk Up|p2a: Great Tusk
|-boost|p2a: Great Tusk|atk|1
|-boost|p2a: Great Tusk|def|1
|
|upkeep
|turn|28
|
|t:|1760416599
|move|p2a: Great Tusk|Body Press|p1a: Dondozo
|-damage|p1a: Dondozo|81/100
|move|p1a: Dondozo|Avalanche|p2a: Great Tusk
|-supereffective|p2a: Great Tusk
|-damage|p2a: Great Tusk|74/100
|
|-heal|p2a: Great Tusk|80/100|[from] item: Leftovers
|-heal|p1a: Dondozo|88/100|[from] item: Leftovers
|upkeep
|turn|29
|
|t:|1760416609
|-end|p2a: Great Tusk|Protosynthesis|[silent]
|switch|p2a: Slowking|Slowking-Galar, F|97/100
|move|p1a: Dondozo|Avalanche|p2a: Slowking
|-damage|p2a: Slowking|83/100
|
|-heal|p1a: Dondozo|94/100|[from] item: Leftovers
|upkeep
|turn|30
|
|t:|1760416623
|switch|p1a: Garganacl|Garganacl, F|84/100
|move|p2a: Slowking|Sludge Bomb|p1a: Garganacl
|-resisted|p1a: Garganacl
|-damage|p1a: Garganacl|70/100
|
|-heal|p1a: Garganacl|76/100|[from] item: Leftovers
|upkeep
|turn|31
|
|t:|1760416632
|move|p1a: Garganacl|Salt Cure|p2a: Slowking
|-damage|p2a: Slowking|69/100
|-start|p2a: Slowking|Salt Cure
|move|p2a: Slowking|Psyshock|p1a: Garganacl
|-damage|p1a: Garganacl|50/100
|
|-heal|p1a: Garganacl|56/100|[from] item: Leftovers
|-damage|p2a: Slowking|56/100|[from] Salt Cure
|upkeep
|turn|32
|
|t:|1760416642
|switch|p2a: Great Tusk|Great Tusk|80/100
|move|p1a: Garganacl|Stealth Rock|p2a: Great Tusk
|-sidestart|p2: saibayman|move: Stealth Rock
|
|-heal|p2a: Great Tusk|86/100|[from] item: Leftovers
|-heal|p1a: Garganacl|62/100|[from] item: Leftovers
|upkeep
|turn|33
|
|t:|1760416650
|move|p1a: Garganacl|Protect|p1a: Garganacl
|-singleturn|p1a: Garganacl|Protect
|move|p2a: Great Tusk|Rapid Spin|p1a: Garganacl
|-activate|p1a: Garganacl|move: Protect
|
|-heal|p2a: Great Tusk|92/100|[from] item: Leftovers
|-heal|p1a: Garganacl|69/100|[from] item: Leftovers
|upkeep
|turn|34
|inactive|saibayman has 120 seconds left.
|
|t:|1760416660
|switch|p1a: Corviknight|Corviknight, F|100/100
|-ability|p1a: Corviknight|Pressure
|move|p2a: Great Tusk|Earthquake|p1a: Corviknight
|-immune|p1a: Corviknight
|
|-heal|p2a: Great Tusk|99/100|[from] item: Leftovers
|upkeep
|turn|35
|
|t:|1760416669
|move|p2a: Great Tusk|Rapid Spin|p1a: Corviknight
|-resisted|p1a: Corviknight
|-damage|p1a: Corviknight|96/100
|-boost|p2a: Great Tusk|spe|1
|-sideend|p2: saibayman|Stealth Rock|[from] move: Rapid Spin|[of] p2a: Great Tusk
|move|p1a: Corviknight|Iron Defense|p1a: Corviknight
|-boost|p1a: Corviknight|def|2
|
|-heal|p2a: Great Tusk|100/100|[from] item: Leftovers
|-heal|p1a: Corviknight|100/100|[from] item: Leftovers
|upkeep
|turn|36
|
|t:|1760416680
|-end|p2a: Great Tusk|Protosynthesis|[silent]
|switch|p2a: Zapdos|Zapdos|100/100
|move|p1a: Corviknight|Body Press|p2a: Zapdos
|-resisted|p2a: Zapdos
|-damage|p2a: Zapdos|67/100
|
|upkeep
|turn|37
|
|t:|1760416687
|switch|p1a: Blissey|Blissey, F|65/100
|move|p2a: Zapdos|Volt Switch|p1a: Blissey
|-damage|p1a: Blissey|49/100
|
|t:|1760416700
|switch|p2a: Dragapult|Dragapult, M|100/100|[from] Volt Switch
|
|-heal|p1a: Blissey|55/100|[from] item: Leftovers
|upkeep
|turn|38
|inactive|saibayman has 120 seconds left.
|
|t:|1760416727
|switch|p1a: Weezing|Weezing-Galar, M|85/100
|-ability|p1a: Weezing|Neutralizing Gas
|move|p2a: Dragapult|Dragon Darts|p1a: Weezing
|-immune|p1a: Weezing
|
|upkeep
|turn|39
|
|t:|1760416735
|move|p2a: Dragapult|U-turn|p1a: Weezing
|-resisted|p1a: Weezing
|-damage|p1a: Weezing|82/100
|
|t:|1760416738
|switch|p2a: Slowking|Slowking-Galar, F|90/100|[from] U-turn
|move|p1a: Weezing|Will-O-Wisp|p2a: Slowking
|-status|p2a: Slowking|brn
|
|-damage|p2a: Slowking|83/100 brn|[from] brn
|upkeep
|turn|40
|
|t:|1760416756
|-end|p1a: Weezing|ability: Neutralizing Gas
|switch|p1a: Garganacl|Garganacl, F|69/100
|move|p2a: Slowking|Psyshock|p1a: Garganacl
|-damage|p1a: Garganacl|40/100
|
|-heal|p1a: Garganacl|47/100|[from] item: Leftovers
|-damage|p2a: Slowking|77/100 brn|[from] brn
|upkeep
|turn|41
|
|t:|1760416768
|move|p1a: Garganacl|Recover|p1a: Garganacl
|-heal|p1a: Garganacl|97/100
|move|p2a: Slowking|Psyshock|p1a: Garganacl
|-damage|p1a: Garganacl|67/100
|
|-heal|p1a: Garganacl|73/100|[from] item: Leftovers
|-damage|p2a: Slowking|71/100 brn|[from] brn
|upkeep
|turn|42
|
|t:|1760416777
|switch|p2a: Great Tusk|Great Tusk|100/100
|move|p1a: Garganacl|Salt Cure|p2a: Great Tusk
|-resisted|p2a: Great Tusk
|-crit|p2a: Great Tusk
|-damage|p2a: Great Tusk|98/100
|-start|p2a: Great Tusk|Salt Cure
|
|-heal|p2a: Great Tusk|100/100|[from] item: Leftovers
|-heal|p1a: Garganacl|79/100|[from] item: Leftovers
|-damage|p2a: Great Tusk|88/100|[from] Salt Cure
|upkeep
|turn|43
|
|t:|1760416788
|-end|p2a: Great Tusk|Protosynthesis|[silent]
|switch|p2a: Zapdos|Zapdos|67/100
|move|p1a: Garganacl|Protect||[still]
|-fail|p1a: Garganacl
|
|-heal|p1a: Garganacl|85/100|[from] item: Leftovers
|upkeep
|turn|44
|
|t:|1760416804
|-terastallize|p2a: Zapdos|Ice
|move|p1a: Garganacl|Protect|p1a: Garganacl
|-singleturn|p1a: Garganacl|Protect
|move|p2a: Zapdos|Tera Blast|p1a: Garganacl|[anim] Tera Blast Ice
|-activate|p1a: Garganacl|move: Protect
|
|-heal|p1a: Garganacl|92/100|[from] item: Leftovers
|upkeep
|turn|45
|
|t:|1760416814
|move|p2a: Zapdos|Tera Blast|p1a: Garganacl|[anim] Tera Blast Ice
|-damage|p1a: Garganacl|55/100
|move|p1a: Garganacl|Salt Cure|p2a: Zapdos
|-supereffective|p2a: Zapdos
|-damage|p2a: Zapdos|35/100
|-start|p2a: Zapdos|Salt Cure
|
|-heal|p1a: Garganacl|61/100|[from] item: Leftovers
|-damage|p2a: Zapdos|22/100|[from] Salt Cure
|upkeep
|turn|46
|-message|saibayman forfeited.
|
|win|darretyle2
|raw|darretyle2's rating: 1471 &rarr; <strong>1494</strong><br />(+23 for winning)
|raw|saibayman's rating: 1517 &rarr; <strong>1494</strong><br />(-23 for losing)
|l|☆saibayman
|player|p2|
|l|☆darretyle2
|player|p1|
