|j|☆Esiroi974
|j|☆capitolg
|t:|1760345461
|gametype|singles
|player|p1|Esiroi974|266|1164
|player|p2|capitolg|bellelba|1155
|gen|9
|tier|[Gen 9] OU
|rated|
|rule|HP Percentage Mod: HP is shown in percentages
|rule|Endless Battle Clause: Forcing endless battles is banned
|rule|Species Clause: Limit one of each Pokémon
|rule|OHKO Clause: OHKO moves are banned
|rule|Evasion Items Clause: Evasion items are banned
|rule|Evasion Moves Clause: Evasion moves are banned
|rule|Evasion Abilities Clause: Evasion abilities are banned
|rule|Sleep Moves Clause: Sleep-inducing moves are banned
|clearpoke
|poke|p1|Garganacl, M|
|poke|p1|Weezing-Galar, F|
|poke|p1|Corviknight, M|
|poke|p1|Dragapult, M|
|poke|p1|Slowking-Galar, F|
|poke|p1|Samurott-Hisui, F|
|poke|p2|Vikavolt, F|
|poke|p2|Gothitelle, M|
|poke|p2|Smeargle, M|
|poke|p2|Empoleon, F|
|poke|p2|Passimian, F|
|poke|p2|Trevenant, M|
|teampreview
|inactive|Battle timer is ON: inactive players will automatically lose when time's up. (requested by Esiroi974)
|
|t:|1760345469
|teamsize|p1|6
|teamsize|p2|6
|start
|switch|p1a: Insulin Spike|Samurott-Hisui, F|100/100
|switch|p2a: Vikavolt|Vikavolt, F|100/100
|turn|1
|
|t:|1760345474
|move|p1a: Insulin Spike|Flip Turn|p2a: Vikavolt
|-damage|p2a: Vikavolt|72/100
|
|t:|1760345479
|switch|p1a: Cancer|Slowking-Galar, F|100/100|[from] Flip Turn
|move|p2a: Vikavolt|Sticky Web|p1a: Cancer
|-sidestart|p1: Esiroi974|move: Sticky Web
|
|upkeep
|turn|2
|
|t:|1760345485
|switch|p2a: Smeargle|Smeargle, M|100/100
|move|p1a: Cancer|Flamethrower|p2a: Smeargle
|-damage|p2a: Smeargle|73/100
|-status|p2a: Smeargle|brn
|
|-damage|p2a: Smeargle|67/100 brn|[from] brn
|upkeep
|turn|3
|
|t:|1760345501
|move|p1a: Cancer|Future Sight|p2a: Smeargle
|-start|p1a: Cancer|move: Future Sight
|move|p2a: Smeargle|Trick Room|p2a: Smeargle
|-fieldstart|move: Trick Room|[of] p2a: Smeargle
|
|-damage|p2a: Smeargle|61/100 brn|[from] brn
|upkeep
|turn|4
|
|t:|1760345506
|move|p1a: Cancer|Psychic Noise|p2a: Smeargle
|-damage|p2a: Smeargle|24/100 brn
|-start|p2a: Smeargle|move: Heal Block
|move|p2a: Smeargle|Court Change|p2a: Smeargle
|-swapsideconditions
|-activate|p2a: Smeargle|move: Court Change
|
|-damage|p2a: Smeargle|18/100 brn|[from] brn
|upkeep
|turn|5
|
|t:|1760345522
|move|p1a: Cancer|Flamethrower|p2a: Smeargle
|-damage|p2a: Smeargle|0 fnt
|faint|p2a: Smeargle
|
|-hint|Future Sight did not hit because the target is fainted.
|upkeep
|
|t:|1760345526
|switch|p2a: Trevenant|Trevenant, M|100/100
|-activate|p2a: Trevenant|move: Sticky Web
|-unboost|p2a: Trevenant|spe|1
|turn|6
|
|t:|1760345531
|switch|p1a: AIDS|Weezing-Galar, F|100/100
|-ability|p1a: AIDS|Neutralizing Gas
|move|p2a: Trevenant|Poltergeist|p1a: AIDS
|-activate|p1a: AIDS|move: Poltergeist|Black Sludge
|-damage|p1a: AIDS|68/100
|
|-heal|p1a: AIDS|74/100|[from] item: Black Sludge
|upkeep
|turn|7
|
|t:|1760345540
|move|p2a: Trevenant|Earthquake|p1a: AIDS
|-supereffective|p1a: AIDS
|-damage|p1a: AIDS|33/100
|move|p1a: AIDS|Will-O-Wisp|p2a: Trevenant|[miss]
|-miss|p1a: AIDS|p2a: Trevenant
|
|-heal|p1a: AIDS|39/100|[from] item: Black Sludge
|-fieldend|move: Trick Room
|upkeep
|turn|8
|
|t:|1760345547
|switch|p2a: Gothitelle|Gothitelle, M|100/100
|-activate|p2a: Gothitelle|move: Sticky Web
|-unboost|p2a: Gothitelle|spe|1
|move|p1a: AIDS|Will-O-Wisp|p2a: Gothitelle
|-status|p2a: Gothitelle|brn
|
|-heal|p1a: AIDS|45/100|[from] item: Black Sludge
|-damage|p2a: Gothitelle|94/100 brn|[from] brn
|upkeep
|turn|9
|
|t:|1760345562
|-end|p1a: AIDS|ability: Neutralizing Gas
|switch|p1a: Insulin Spike|Samurott-Hisui, F|100/100
|move|p2a: Gothitelle|Trick Room|p2a: Gothitelle
|-fieldstart|move: Trick Room|[of] p2a: Gothitelle
|
|-heal|p2a: Gothitelle|100/100 brn|[from] item: Leftovers
|-damage|p2a: Gothitelle|94/100 brn|[from] brn
|upkeep
|turn|10
|
|t:|1760345571
|switch|p2a: Vikavolt|Vikavolt, F|72/100
|move|p1a: Insulin Spike|Knock Off|p2a: Vikavolt
|-damage|p2a: Vikavolt|29/100
|-enditem|p2a: Vikavolt|Focus Sash|[from] move: Knock Off|[of] p1a: Insulin Spike
|
|upkeep
|turn|11
|
|t:|1760345579
|switch|p1a: Cancer|Slowking-Galar, F|100/100
|move|p2a: Vikavolt|Flash Cannon|p1a: Cancer
|-damage|p1a: Cancer|86/100
|
|upkeep
|turn|12
|
|t:|1760345584
|move|p1a: Cancer|Future Sight|p2a: Vikavolt
|-start|p1a: Cancer|move: Future Sight
|move|p2a: Vikavolt|Discharge|p1a: Cancer
|-damage|p1a: Cancer|66/100
|-status|p1a: Cancer|par
|
|upkeep
|turn|13
|
|t:|1760345592
|move|p1a: Cancer|Flamethrower|p2a: Vikavolt
|-supereffective|p2a: Vikavolt
|-damage|p2a: Vikavolt|0 fnt
|faint|p2a: Vikavolt
|
|-fieldend|move: Trick Room
|upkeep
|
|t:|1760345599
|switch|p2a: Empoleon|Empoleon, F|100/100
|-activate|p2a: Empoleon|move: Sticky Web
|-unboost|p2a: Empoleon|spe|1
|-ability|p2a: Empoleon|Competitive|boost
|-boost|p2a: Empoleon|spa|2
|turn|14
|
|t:|1760345617
|switch|p1a: Kidney Stones|Garganacl, M|100/100
|move|p2a: Empoleon|Surf|p1a: Kidney Stones
|-supereffective|p1a: Kidney Stones
|-damage|p1a: Kidney Stones|0 fnt
|faint|p1a: Kidney Stones
|
|-end|p2a: Empoleon|move: Future Sight
|-resisted|p2a: Empoleon
|-crit|p2a: Empoleon
|-damage|p2a: Empoleon|78/100
|upkeep
|
|t:|1760345626
|switch|p1a: Heart Attack|Dragapult, M|100/100
|turn|15
|
|t:|1760345630
|move|p1a: Heart Attack|Will-O-Wisp|p2a: Empoleon|[miss]
|-miss|p1a: Heart Attack|p2a: Empoleon
|move|p2a: Empoleon|Ice Beam|p1a: Heart Attack
|-supereffective|p1a: Heart Attack
|-damage|p1a: Heart Attack|0 fnt
|faint|p1a: Heart Attack
|
|upkeep
|-message|Esiroi974 forfeited.
|
|win|capitolg
|raw|Esiroi974's rating: 1164 &rarr; <strong>1138</strong><br />(-26 for losing)
|raw|capitolg's rating: 1155 &rarr; <strong>1181</strong><br />(+26 for winning)
|l|☆Esiroi974
|player|p1|
|l|☆capitolg
|player|p2|
