|j|☆zabbaman
|j|☆seven-iwnl
|t:|1760329986
|gametype|singles
|player|p1|zabbaman|101|1285
|player|p2|seven-iwnl|2|1298
|gen|9
|tier|[Gen 9] OU
|rated|
|rule|HP Percentage Mod: HP is shown in percentages
|rule|Endless Battle Clause: Forcing endless battles is banned
|rule|Species Clause: Limit one of each Pokémon
|rule|OHKO Clause: OHKO moves are banned
|rule|Evasion Items Clause: Evasion items are banned
|rule|Evasion Moves Clause: Evasion moves are banned
|rule|Evasion Abilities Clause: Evasion abilities are banned
|rule|Sleep Moves Clause: Sleep-inducing moves are banned
|clearpoke
|poke|p1|Enamorus, F|
|poke|p1|Ogerpon-Wellspring, F|
|poke|p1|Iron Crown|
|poke|p1|Iron Hands|
|poke|p1|Glimmora, M|
|poke|p1|Ursaluna, M|
|poke|p2|Ninetales, F|
|poke|p2|Dragonite, M|
|poke|p2|Cinderace, F|
|poke|p2|Walking Wake|
|poke|p2|Cresselia, F|
|poke|p2|Great Tusk|
|teampreview
|inactive|Battle timer is ON: inactive players will automatically lose when time's up. (requested by seven-iwnl)
|
|t:|1760329998
|teamsize|p1|6
|teamsize|p2|6
|start
|switch|p1a: Glimmora|Glimmora, M, shiny|100/100
|switch|p2a: Cinderace|Cinderace, F|100/100
|turn|1
|
|t:|1760330008
|move|p2a: Cinderace|U-turn|p1a: Glimmora
|-start|p2a: Cinderace|typechange|Bug|[from] ability: Libero
|-resisted|p1a: Glimmora
|-damage|p1a: Glimmora|85/100
|-activate|p1a: Glimmora|ability: Toxic Debris
|-sidestart|p2: seven-iwnl|move: Toxic Spikes
|-enditem|p1a: Glimmora|Red Card|[of] p2a: Cinderace
|drag|p2a: Ninetales|Ninetales, F|100/100
|-status|p2a: Ninetales|psn
|-weather|SunnyDay|[from] ability: Drought|[of] p2a: Ninetales
|move|p1a: Glimmora|Stealth Rock|p2a: Ninetales
|-sidestart|p2: seven-iwnl|move: Stealth Rock
|
|-weather|SunnyDay|[upkeep]
|-damage|p2a: Ninetales|88/100 psn|[from] psn
|upkeep
|turn|2
|
|t:|1760330021
|move|p2a: Ninetales|Encore|p1a: Glimmora
|-start|p1a: Glimmora|Encore
|move|p1a: Glimmora|Stealth Rock||[still]
|-fail|p1a: Glimmora
|
|-weather|SunnyDay|[upkeep]
|-damage|p2a: Ninetales|76/100 psn|[from] psn
|upkeep
|turn|3
|
|t:|1760330032
|switch|p1a: Ursaluna|Ursaluna, M, shiny|100/100
|move|p2a: Ninetales|Overheat|p1a: Ursaluna
|-damage|p1a: Ursaluna|56/100
|-unboost|p2a: Ninetales|spa|2
|
|-weather|SunnyDay|[upkeep]
|-heal|p1a: Ursaluna|62/100|[from] item: Leftovers
|-damage|p2a: Ninetales|63/100 psn|[from] psn
|upkeep
|turn|4
|
|t:|1760330039
|switch|p2a: Great Tusk|Great Tusk|100/100
|-status|p2a: Great Tusk|psn
|-damage|p2a: Great Tusk|98/100 psn|[from] Stealth Rock
|-activate|p2a: Great Tusk|ability: Protosynthesis
|-start|p2a: Great Tusk|protosynthesisspe
|switch|p1a: Enamorus|Enamorus, F, shiny|100/100
|
|-weather|SunnyDay|[upkeep]
|-damage|p2a: Great Tusk|85/100 psn|[from] psn
|upkeep
|turn|5
|
|t:|1760330046
|move|p1a: Enamorus|Moonblast|p2a: Great Tusk
|-supereffective|p2a: Great Tusk
|-damage|p2a: Great Tusk|0 fnt
|faint|p2a: Great Tusk
|-end|p2a: Great Tusk|Protosynthesis|[silent]
|
|-weather|SunnyDay|[upkeep]
|upkeep
|
|t:|1760330053
|switch|p2a: Cinderace|Cinderace, F|100/100
|-status|p2a: Cinderace|psn
|-damage|p2a: Cinderace|76/100 psn|[from] Stealth Rock
|turn|6
|
|t:|1760330064
|switch|p1a: Glimmora|Glimmora, M, shiny|85/100
|move|p2a: Cinderace|Pyro Ball|p1a: Glimmora
|-resisted|p1a: Glimmora
|-damage|p1a: Glimmora|49/100
|-status|p1a: Glimmora|brn
|-activate|p1a: Glimmora|ability: Toxic Debris
|-sidestart|p2: seven-iwnl|move: Toxic Spikes
|
|-weather|SunnyDay|[upkeep]
|-damage|p2a: Cinderace|63/100 psn|[from] psn
|-damage|p1a: Glimmora|43/100 brn|[from] brn
|upkeep
|turn|7
|
|t:|1760330084
|move|p2a: Cinderace|Pyro Ball|p1a: Glimmora
|-resisted|p1a: Glimmora
|-damage|p1a: Glimmora|7/100 brn
|move|p1a: Glimmora|Mortal Spin|p2a: Cinderace
|-damage|p2a: Cinderace|59/100 psn
|
|-weather|SunnyDay|[upkeep]
|-damage|p2a: Cinderace|47/100 psn|[from] psn
|-damage|p1a: Glimmora|0 fnt|[from] brn
|faint|p1a: Glimmora
|upkeep
|
|t:|1760330088
|switch|p1a: Enamorus|Enamorus, F, shiny|100/100
|turn|8
|
|t:|1760330096
|-terastallize|p2a: Cinderace|Fire
|move|p2a: Cinderace|Pyro Ball|p1a: Enamorus
|-damage|p1a: Enamorus|0 fnt
|faint|p1a: Enamorus
|
|-weather|none
|-damage|p2a: Cinderace|34/100 psn|[from] psn
|upkeep
|
|t:|1760330112
|switch|p1a: Ursaluna|Ursaluna, M, shiny|62/100
|turn|9
|
|t:|1760330123
|switch|p2a: Walking Wake|Walking Wake|100/100
|-status|p2a: Walking Wake|tox
|-damage|p2a: Walking Wake|88/100 tox|[from] Stealth Rock
|move|p1a: Ursaluna|Body Slam|p2a: Walking Wake
|-damage|p2a: Walking Wake|44/100 tox
|
|-heal|p1a: Ursaluna|68/100|[from] item: Leftovers
|-damage|p2a: Walking Wake|38/100 tox|[from] psn
|upkeep
|turn|10
|
|t:|1760330134
|switch|p1a: Iron Crown|Iron Crown|100/100
|move|p2a: Walking Wake|Draco Meteor|p1a: Iron Crown
|-resisted|p1a: Iron Crown
|-damage|p1a: Iron Crown|48/100
|-unboost|p2a: Walking Wake|spa|2
|
|-damage|p2a: Walking Wake|25/100 tox|[from] psn
|upkeep
|turn|11
|
|t:|1760330141
|-end|p2a: Walking Wake|Protosynthesis|[silent]
|switch|p2a: Cresselia|Cresselia, F|100/100
|-damage|p2a: Cresselia|88/100|[from] Stealth Rock
|move|p1a: Iron Crown|Volt Switch|p2a: Cresselia
|-damage|p2a: Cresselia|68/100
|-enditem|p2a: Cresselia|Eject Button
|
|t:|1760330143
|switch|p2a: Cinderace|Cinderace, F, tera:Fire|34/100 psn
|-damage|p2a: Cinderace|9/100 psn|[from] Stealth Rock
|
|-damage|p2a: Cinderace|0 fnt|[from] psn
|faint|p2a: Cinderace
|upkeep
|
|t:|1760330148
|switch|p2a: Ninetales|Ninetales, F|63/100 psn
|-damage|p2a: Ninetales|39/100 psn|[from] Stealth Rock
|-weather|SunnyDay|[from] ability: Drought|[of] p2a: Ninetales
|turn|12
|
|t:|1760330163
|move|p2a: Ninetales|Overheat|p1a: Iron Crown
|-supereffective|p1a: Iron Crown
|-damage|p1a: Iron Crown|0 fnt
|-unboost|p2a: Ninetales|spa|2
|faint|p1a: Iron Crown
|-end|p1a: Iron Crown|Quark Drive|[silent]
|
|-weather|SunnyDay|[upkeep]
|-damage|p2a: Ninetales|26/100 psn|[from] psn
|upkeep
|
|t:|1760330188
|switch|p1a: Ogerpon|Ogerpon-Wellspring, F|100/100
|turn|13
|
|t:|1760330196
|move|p1a: Ogerpon|Ivy Cudgel|p2a: Ninetales|[anim] Ivy Cudgel Water
|-supereffective|p2a: Ninetales
|-damage|p2a: Ninetales|0 fnt
|faint|p2a: Ninetales
|
|-weather|SunnyDay|[upkeep]
|upkeep
|
|t:|1760330199
|switch|p2a: Cresselia|Cresselia, F|68/100
|-damage|p2a: Cresselia|56/100|[from] Stealth Rock
|turn|14
|
|t:|1760330219
|move|p1a: Ogerpon|U-turn|p2a: Cresselia
|-supereffective|p2a: Cresselia
|-damage|p2a: Cresselia|23/100
|
|t:|1760330221
|switch|p1a: Ursaluna|Ursaluna, M, shiny|68/100|[from] U-turn
|move|p2a: Cresselia|Thunder Wave|p1a: Ursaluna
|-immune|p1a: Ursaluna
|
|-weather|SunnyDay|[upkeep]
|-heal|p1a: Ursaluna|74/100|[from] item: Leftovers
|upkeep
|turn|15
|
|t:|1760330231
|move|p2a: Cresselia|Moonlight|p2a: Cresselia
|-heal|p2a: Cresselia|89/100
|move|p1a: Ursaluna|Bulk Up|p1a: Ursaluna
|-boost|p1a: Ursaluna|atk|1
|-boost|p1a: Ursaluna|def|1
|
|-weather|SunnyDay|[upkeep]
|-heal|p1a: Ursaluna|80/100|[from] item: Leftovers
|upkeep
|turn|16
|
|t:|1760330235
|move|p2a: Cresselia|Ice Beam|p1a: Ursaluna
|-supereffective|p1a: Ursaluna
|-damage|p1a: Ursaluna|60/100
|move|p1a: Ursaluna|Bulk Up|p1a: Ursaluna
|-boost|p1a: Ursaluna|atk|1
|-boost|p1a: Ursaluna|def|1
|
|-weather|SunnyDay|[upkeep]
|-heal|p1a: Ursaluna|66/100|[from] item: Leftovers
|upkeep
|turn|17
|
|t:|1760330243
|-terastallize|p1a: Ursaluna|Fairy
|move|p2a: Cresselia|Lunar Dance|p2a: Cresselia
|faint|p2a: Cresselia
|move|p1a: Ursaluna|Bulk Up|p1a: Ursaluna
|-boost|p1a: Ursaluna|atk|1
|-boost|p1a: Ursaluna|def|1
|
|-weather|SunnyDay|[upkeep]
|-heal|p1a: Ursaluna|72/100|[from] item: Leftovers
|upkeep
|
|t:|1760330248
|switch|p2a: Walking Wake|Walking Wake|25/100 tox
|-heal|p2a: Walking Wake|100/100|[from] move: Lunar Dance
|-status|p2a: Walking Wake|tox
|-damage|p2a: Walking Wake|88/100 tox|[from] Stealth Rock
|-activate|p2a: Walking Wake|ability: Protosynthesis
|-start|p2a: Walking Wake|protosynthesisspa
|turn|18
|
|t:|1760330253
|move|p2a: Walking Wake|Weather Ball|p1a: Ursaluna
|-damage|p1a: Ursaluna|4/100
|move|p1a: Ursaluna|Body Slam|p2a: Walking Wake
|-damage|p2a: Walking Wake|0 fnt
|faint|p2a: Walking Wake
|-end|p2a: Walking Wake|Protosynthesis|[silent]
|
|-weather|SunnyDay|[upkeep]
|-heal|p1a: Ursaluna|10/100|[from] item: Leftovers
|upkeep
|
|t:|1760330257
|switch|p2a: Dragonite|Dragonite, M|100/100
|turn|19
|
|t:|1760330261
|move|p2a: Dragonite|Rock Slide|p1a: Ursaluna
|-damage|p1a: Ursaluna|3/100
|move|p1a: Ursaluna|Body Slam|p2a: Dragonite
|-damage|p2a: Dragonite|51/100
|
|-weather|none
|-heal|p1a: Ursaluna|9/100|[from] item: Leftovers
|upkeep
|turn|20
|
|t:|1760330264
|move|p2a: Dragonite|Earthquake|p1a: Ursaluna
|-damage|p1a: Ursaluna|0 fnt
|faint|p1a: Ursaluna
|
|upkeep
|-message|seven-iwnl forfeited.
|
|win|zabbaman
|raw|zabbaman's rating: 1285 &rarr; <strong>1311</strong><br />(+26 for winning)
|raw|seven-iwnl's rating: 1298 &rarr; <strong>1272</strong><br />(-26 for losing)
|l|☆seven-iwnl
|player|p2|
|l|☆zabbaman
|player|p1|
