|j|☆jxrx
|j|☆no.1 dedenne fan
|t:|1760451849
|gametype|singles
|player|p1|jxrx|norman|1288
|player|p2|no.1 dedenne fan|wallace|1342
|gen|9
|tier|[Gen 9] OU
|rated|
|rule|HP Percentage Mod: HP is shown in percentages
|rule|Endless Battle Clause: Forcing endless battles is banned
|rule|Species Clause: Limit one of each Pokémon
|rule|OHKO Clause: OHKO moves are banned
|rule|Evasion Items Clause: Evasion items are banned
|rule|Evasion Moves Clause: Evasion moves are banned
|rule|Evasion Abilities Clause: Evasion abilities are banned
|rule|Sleep Moves Clause: Sleep-inducing moves are banned
|clearpoke
|poke|p1|Heracross, M|
|poke|p1|Empoleon, M|
|poke|p1|Dragapult, M|
|poke|p1|Electivire, M|
|poke|p1|Moltres|
|poke|p1|Iron Treads|
|poke|p2|Skeledirge, F|
|poke|p2|Ogerpon-Wellspring, F|
|poke|p2|Dragapult, M|
|poke|p2|Weezing-Galar, M|
|poke|p2|Ting-Lu|
|poke|p2|Corviknight, M|
|teampreview
|inactive|Battle timer is ON: inactive players will automatically lose when time's up. (requested by jxrx)
|
|t:|1760451862
|teamsize|p1|6
|teamsize|p2|6
|start
|switch|p1a: Heracross|Heracross, M|100/100
|switch|p2a: Weezing|Weezing-Galar, M|100/100
|-ability|p2a: Weezing|Neutralizing Gas
|turn|1
|
|t:|1760451879
|switch|p1a: Moltres|Moltres|100/100
|-end|p2a: Weezing|ability: Neutralizing Gas
|switch|p2a: Corviknight|Corviknight, M|100/100
|-ability|p2a: Corviknight|Pressure
|
|upkeep
|turn|2
|
|t:|1760451898
|switch|p2a: Ting-Lu|Ting-Lu, shiny|100/100
|-ability|p2a: Ting-Lu|Vessel of Ruin
|move|p1a: Moltres|Tailwind|p1a: Moltres
|-sidestart|p1: jxrx|move: Tailwind
|
|upkeep
|turn|3
|
|t:|1760451903
|move|p1a: Moltres|U-turn|p2a: Ting-Lu
|-supereffective|p2a: Ting-Lu
|-damage|p2a: Ting-Lu|81/100
|
|t:|1760451906
|switch|p1a: Heracross|Heracross, M|100/100|[from] U-turn
|move|p2a: Ting-Lu|Stealth Rock|p1a: Heracross
|-sidestart|p1: jxrx|move: Stealth Rock
|
|-heal|p2a: Ting-Lu|87/100|[from] item: Leftovers
|upkeep
|turn|4
|
|t:|1760451913
|switch|p2a: Corviknight|Corviknight, M|100/100
|-ability|p2a: Corviknight|Pressure
|move|p1a: Heracross|Pin Missile|p2a: Corviknight
|-resisted|p2a: Corviknight
|-damage|p2a: Corviknight|99/100
|-resisted|p2a: Corviknight
|-damage|p2a: Corviknight|97/100
|-resisted|p2a: Corviknight
|-damage|p2a: Corviknight|95/100
|-resisted|p2a: Corviknight
|-damage|p2a: Corviknight|93/100
|-resisted|p2a: Corviknight
|-damage|p2a: Corviknight|91/100
|-hitcount|p2a: Corviknight|5
|
|upkeep
|turn|5
|
|t:|1760451922
|switch|p1a: Moltres|Moltres|100/100
|move|p2a: Corviknight|U-turn|p1a: Moltres
|-resisted|p1a: Moltres
|-damage|p1a: Moltres|98/100
|-status|p2a: Corviknight|brn|[from] ability: Flame Body|[of] p1a: Moltres
|
|t:|1760451926
|switch|p2a: Ogerpon|Ogerpon-Wellspring, F|100/100|[from] U-turn
|
|-sideend|p1: jxrx|move: Tailwind
|upkeep
|turn|6
|
|t:|1760451932
|move|p2a: Ogerpon|Knock Off|p1a: Moltres
|-damage|p1a: Moltres|76/100
|-enditem|p1a: Moltres|Heavy-Duty Boots|[from] move: Knock Off|[of] p2a: Ogerpon
|move|p1a: Moltres|Tailwind|p1a: Moltres
|-sidestart|p1: jxrx|move: Tailwind
|
|upkeep
|turn|7
|
|t:|1760451939
|move|p1a: Moltres|Flamethrower|p2a: Ogerpon
|-damage|p2a: Ogerpon|65/100
|move|p2a: Ogerpon|Spikes|p1a: Moltres
|-sidestart|p1: jxrx|Spikes
|
|upkeep
|turn|8
|
|t:|1760451946
|move|p1a: Moltres|Flamethrower|p2a: Ogerpon
|-damage|p2a: Ogerpon|26/100
|move|p2a: Ogerpon|Synthesis|p2a: Ogerpon
|-heal|p2a: Ogerpon|76/100
|
|upkeep
|turn|9
|
|t:|1760451958
|switch|p2a: Ting-Lu|Ting-Lu, shiny|87/100
|-ability|p2a: Ting-Lu|Vessel of Ruin
|move|p1a: Moltres|Flamethrower|p2a: Ting-Lu
|-damage|p2a: Ting-Lu|71/100
|
|-heal|p2a: Ting-Lu|77/100|[from] item: Leftovers
|-sideend|p1: jxrx|move: Tailwind
|upkeep
|turn|10
|
|t:|1760451961
|move|p1a: Moltres|Tailwind|p1a: Moltres
|-sidestart|p1: jxrx|move: Tailwind
|move|p2a: Ting-Lu|Throat Chop|p1a: Moltres
|-damage|p1a: Moltres|55/100
|-start|p1a: Moltres|Throat Chop|[silent]
|
|-heal|p2a: Ting-Lu|83/100|[from] item: Leftovers
|upkeep
|turn|11
|
|t:|1760451970
|switch|p2a: Skeledirge|Skeledirge, F|100/100
|move|p1a: Moltres|U-turn|p2a: Skeledirge
|-resisted|p2a: Skeledirge
|-damage|p2a: Skeledirge|97/100
|
|t:|1760451980
|switch|p1a: Heracross|Heracross, M|100/100|[from] U-turn
|-damage|p1a: Heracross|88/100|[from] Stealth Rock
|-damage|p1a: Heracross|76/100|[from] Spikes
|
|upkeep
|turn|12
|
|t:|1760451987
|switch|p2a: Corviknight|Corviknight, M|91/100 brn
|-ability|p2a: Corviknight|Pressure
|move|p1a: Heracross|Rock Blast|p2a: Corviknight
|-damage|p2a: Corviknight|86/100 brn
|-damage|p2a: Corviknight|81/100 brn
|-damage|p2a: Corviknight|76/100 brn
|-damage|p2a: Corviknight|71/100 brn
|-hitcount|p2a: Corviknight|4
|
|-damage|p2a: Corviknight|65/100 brn|[from] brn
|upkeep
|turn|13
|
|t:|1760451998
|switch|p1a: Iron Treads|Iron Treads|100/100
|move|p2a: Corviknight|U-turn|p1a: Iron Treads
|-resisted|p1a: Iron Treads
|-damage|p1a: Iron Treads|97/100
|
|t:|1760452009
|switch|p2a: Skeledirge|Skeledirge, F|97/100|[from] U-turn
|
|-sideend|p1: jxrx|move: Tailwind
|upkeep
|turn|14
|
|t:|1760452014
|-end|p1a: Iron Treads|Quark Drive|[silent]
|switch|p1a: Moltres|Moltres|55/100
|-damage|p1a: Moltres|5/100|[from] Stealth Rock
|move|p2a: Skeledirge|Will-O-Wisp|p1a: Moltres
|-immune|p1a: Moltres
|
|upkeep
|turn|15
|
|t:|1760452019
|move|p1a: Moltres|Tailwind|p1a: Moltres
|-sidestart|p1: jxrx|move: Tailwind
|move|p2a: Skeledirge|Torch Song|p1a: Moltres
|-resisted|p1a: Moltres
|-damage|p1a: Moltres|0 fnt
|-boost|p2a: Skeledirge|spa|1
|faint|p1a: Moltres
|
|upkeep
|
|t:|1760452022
|switch|p1a: Empoleon|Empoleon, M|100/100
|-damage|p1a: Empoleon|95/100|[from] Stealth Rock
|-damage|p1a: Empoleon|82/100|[from] Spikes
|turn|16
|
|t:|1760452030
|move|p1a: Empoleon|Surf|p2a: Skeledirge
|-supereffective|p2a: Skeledirge
|-damage|p2a: Skeledirge|30/100
|move|p2a: Skeledirge|Torch Song|p1a: Empoleon
|-damage|p1a: Empoleon|35/100
|-boost|p2a: Skeledirge|spa|1
|
|-heal|p1a: Empoleon|41/100|[from] item: Leftovers
|upkeep
|turn|17
|
|t:|1760452038
|switch|p2a: Ogerpon|Ogerpon-Wellspring, F|76/100
|move|p1a: Empoleon|Ice Beam|p2a: Ogerpon
|-damage|p2a: Ogerpon|46/100
|
|-heal|p1a: Empoleon|47/100|[from] item: Leftovers
|upkeep
|turn|18
|
|t:|1760452048
|move|p1a: Empoleon|Ice Beam|p2a: Ogerpon
|-damage|p2a: Ogerpon|15/100
|move|p2a: Ogerpon|Knock Off|p1a: Empoleon
|-damage|p1a: Empoleon|3/100
|-enditem|p1a: Empoleon|Leftovers|[from] move: Knock Off|[of] p2a: Ogerpon
|
|-sideend|p1: jxrx|move: Tailwind
|upkeep
|turn|19
|
|t:|1760452056
|move|p2a: Ogerpon|Synthesis|p2a: Ogerpon
|-heal|p2a: Ogerpon|65/100
|move|p1a: Empoleon|Ice Beam|p2a: Ogerpon
|-damage|p2a: Ogerpon|32/100
|
|upkeep
|turn|20
|
|t:|1760452061
|move|p2a: Ogerpon|Knock Off|p1a: Empoleon
|-damage|p1a: Empoleon|0 fnt
|faint|p1a: Empoleon
|
|upkeep
|
|t:|1760452066
|switch|p1a: Iron Treads|Iron Treads|97/100
|turn|21
|
|t:|1760452073
|switch|p2a: Skeledirge|Skeledirge, F|30/100
|move|p1a: Iron Treads|Rapid Spin|p2a: Skeledirge
|-immune|p2a: Skeledirge
|
|upkeep
|turn|22
|
|t:|1760452081
|move|p1a: Iron Treads|Earthquake|p2a: Skeledirge
|-supereffective|p2a: Skeledirge
|-damage|p2a: Skeledirge|0 fnt
|faint|p2a: Skeledirge
|
|upkeep
|
|t:|1760452102
|switch|p2a: Weezing|Weezing-Galar, M|100/100
|-ability|p2a: Weezing|Neutralizing Gas
|turn|23
|
|t:|1760452112
|move|p1a: Iron Treads|Rapid Spin|p2a: Weezing
|-damage|p2a: Weezing|87/100
|-boost|p1a: Iron Treads|spe|1
|-sideend|p1: jxrx|Spikes|[from] move: Rapid Spin|[of] p1a: Iron Treads
|-sideend|p1: jxrx|Stealth Rock|[from] move: Rapid Spin|[of] p1a: Iron Treads
|move|p2a: Weezing|Will-O-Wisp|p1a: Iron Treads
|-status|p1a: Iron Treads|brn
|
|-damage|p1a: Iron Treads|91/100 brn|[from] brn
|upkeep
|turn|24
|
|t:|1760452122
|-end|p1a: Iron Treads|Quark Drive|[silent]
|switch|p1a: Heracross|Heracross, M|76/100
|-end|p2a: Weezing|ability: Neutralizing Gas
|switch|p2a: Ting-Lu|Ting-Lu, shiny|83/100
|-ability|p2a: Ting-Lu|Vessel of Ruin
|
|-heal|p2a: Ting-Lu|89/100|[from] item: Leftovers
|upkeep
|turn|25
|
|t:|1760452127
|switch|p2a: Corviknight|Corviknight, M|65/100 brn
|-ability|p2a: Corviknight|Pressure
|move|p1a: Heracross|Arm Thrust|p2a: Corviknight
|-damage|p2a: Corviknight|60/100 brn
|-damage|p1a: Heracross|59/100|[from] item: Rocky Helmet|[of] p2a: Corviknight
|-damage|p2a: Corviknight|55/100 brn
|-damage|p1a: Heracross|43/100|[from] item: Rocky Helmet|[of] p2a: Corviknight
|-damage|p2a: Corviknight|51/100 brn
|-damage|p1a: Heracross|26/100|[from] item: Rocky Helmet|[of] p2a: Corviknight
|-damage|p2a: Corviknight|46/100 brn
|-damage|p1a: Heracross|9/100|[from] item: Rocky Helmet|[of] p2a: Corviknight
|-hitcount|p2a: Corviknight|4
|
|-damage|p2a: Corviknight|40/100 brn|[from] brn
|upkeep
|turn|26
|
|t:|1760452135
|move|p1a: Heracross|Rock Blast|p2a: Corviknight
|-damage|p2a: Corviknight|35/100 brn
|-damage|p2a: Corviknight|30/100 brn
|-damage|p2a: Corviknight|25/100 brn
|-damage|p2a: Corviknight|20/100 brn
|-damage|p2a: Corviknight|15/100 brn
|-hitcount|p2a: Corviknight|5
|move|p2a: Corviknight|U-turn|p1a: Heracross
|-resisted|p1a: Heracross
|-damage|p1a: Heracross|4/100
|
|t:|1760452146
|switch|p2a: Ogerpon|Ogerpon-Wellspring, F|32/100|[from] U-turn
|
|upkeep
|turn|27
|
|t:|1760452153
|move|p2a: Ogerpon|Spikes|p1a: Heracross
|-sidestart|p1: jxrx|Spikes
|move|p1a: Heracross|Pin Missile|p2a: Ogerpon
|-supereffective|p2a: Ogerpon
|-damage|p2a: Ogerpon|4/100
|-supereffective|p2a: Ogerpon
|-damage|p2a: Ogerpon|0 fnt
|faint|p2a: Ogerpon
|-hitcount|p2: Ogerpon|2
|
|upkeep
|
|t:|1760452157
|switch|p2a: Dragapult|Dragapult, M|100/100
|turn|28
|
|t:|1760452163
|move|p2a: Dragapult|U-turn|p1a: Heracross
|-resisted|p1a: Heracross
|-damage|p1a: Heracross|0 fnt
|faint|p1a: Heracross
|
|t:|1760452165
|switch|p2a: Ting-Lu|Ting-Lu, shiny|89/100|[from] U-turn
|-ability|p2a: Ting-Lu|Vessel of Ruin
|
|-heal|p2a: Ting-Lu|96/100|[from] item: Leftovers
|upkeep
|
|t:|1760452173
|switch|p1a: Iron Treads|Iron Treads|91/100 brn
|turn|29
|
|t:|1760452178
|switch|p2a: Dragapult|Dragapult, M|100/100
|move|p1a: Iron Treads|Stealth Rock|p2a: Dragapult
|-sidestart|p2: no.1 dedenne fan|move: Stealth Rock
|
|-damage|p1a: Iron Treads|85/100 brn|[from] brn
|upkeep
|turn|30
|
|t:|1760452184
|move|p2a: Dragapult|Shadow Ball|p1a: Iron Treads
|-damage|p1a: Iron Treads|9/100 brn
|move|p1a: Iron Treads|Ice Spinner|p2a: Dragapult
|-supereffective|p2a: Dragapult
|-damage|p2a: Dragapult|60/100
|
|-damage|p1a: Iron Treads|3/100 brn|[from] brn
|upkeep
|turn|31
|
|t:|1760452190
|move|p2a: Dragapult|Shadow Ball|p1a: Iron Treads
|-damage|p1a: Iron Treads|0 fnt
|faint|p1a: Iron Treads
|-end|p1a: Iron Treads|Quark Drive|[silent]
|
|upkeep
|
|t:|1760452195
|switch|p1a: Electivire|Electivire, M|100/100
|-damage|p1a: Electivire|88/100|[from] Spikes
|turn|32
|
|t:|1760452200
|move|p2a: Dragapult|Shadow Ball|p1a: Electivire
|-damage|p1a: Electivire|14/100
|move|p1a: Electivire|Ice Punch|p2a: Dragapult
|-supereffective|p2a: Dragapult
|-damage|p2a: Dragapult|0 fnt
|faint|p2a: Dragapult
|-damage|p1a: Electivire|4/100|[from] item: Life Orb
|
|upkeep
|
|t:|1760452210
|switch|p2a: Corviknight|Corviknight, M|15/100 brn
|-damage|p2a: Corviknight|2/100 brn|[from] Stealth Rock
|-ability|p2a: Corviknight|Pressure
|turn|33
|
|t:|1760452214
|move|p1a: Electivire|Ice Punch|p2a: Corviknight
|-damage|p2a: Corviknight|0 fnt
|-damage|p1a: Electivire|0 fnt|[from] item: Rocky Helmet|[of] p2a: Corviknight
|faint|p2a: Corviknight
|faint|p1a: Electivire
|
|upkeep
|
|t:|1760452219
|switch|p1a: Dragapult|Dragapult, M|100/100
|switch|p2a: Weezing|Weezing-Galar, M|87/100
|-ability|p2a: Weezing|Neutralizing Gas
|-damage|p1a: Dragapult|88/100|[from] Spikes
|turn|34
|
|t:|1760452223
|-end|p2a: Weezing|ability: Neutralizing Gas
|switch|p2a: Ting-Lu|Ting-Lu, shiny|96/100
|-damage|p2a: Ting-Lu|89/100|[from] Stealth Rock
|-ability|p2a: Ting-Lu|Vessel of Ruin
|move|p1a: Dragapult|Substitute|p1a: Dragapult
|-start|p1a: Dragapult|Substitute
|-damage|p1a: Dragapult|63/100
|
|-heal|p1a: Dragapult|69/100|[from] item: Leftovers
|-heal|p2a: Ting-Lu|96/100|[from] item: Leftovers
|upkeep
|turn|35
|
|t:|1760452228
|-terastallize|p1a: Dragapult|Dragon
|move|p1a: Dragapult|Dragon Dance|p1a: Dragapult
|-boost|p1a: Dragapult|atk|1
|-boost|p1a: Dragapult|spe|1
|move|p2a: Ting-Lu|Throat Chop|p1a: Dragapult
|-end|p1a: Dragapult|Substitute
|
|-heal|p1a: Dragapult|75/100|[from] item: Leftovers
|-heal|p2a: Ting-Lu|100/100|[from] item: Leftovers
|upkeep
|turn|36
|
|t:|1760452234
|move|p1a: Dragapult|Dragon Darts|p2a: Ting-Lu
|-damage|p2a: Ting-Lu|73/100
|-anim|p1a: Dragapult|Dragon Darts|p2a: Ting-Lu
|-damage|p2a: Ting-Lu|46/100
|move|p2a: Ting-Lu|Earthquake|p1a: Dragapult
|-damage|p1a: Dragapult|27/100
|
|-heal|p1a: Dragapult|33/100|[from] item: Leftovers
|-heal|p2a: Ting-Lu|52/100|[from] item: Leftovers
|upkeep
|turn|37
|
|t:|1760452241
|move|p1a: Dragapult|Dragon Darts|p2a: Ting-Lu
|-damage|p2a: Ting-Lu|27/100
|-anim|p1a: Dragapult|Dragon Darts|p2a: Ting-Lu
|-damage|p2a: Ting-Lu|1/100
|move|p2a: Ting-Lu|Earthquake|p1a: Dragapult
|-damage|p1a: Dragapult|0 fnt
|faint|p1a: Dragapult
|
|win|no.1 dedenne fan
|raw|jxrx's rating: 1288 &rarr; <strong>1267</strong><br />(-21 for losing)
|raw|no.1 dedenne fan's rating: 1342 &rarr; <strong>1359</strong><br />(+17 for winning)
|l|☆jxrx
|player|p1|
|l|☆no.1 dedenne fan
|player|p2|
