|j|☆NapedCrusader
|j|☆Reginald Chaos
|t:|1760404388
|gametype|singles
|player|p1|NapedCrusader|flint|1512
|player|p2|Reginald Chaos|101|1582
|gen|9
|tier|[Gen 9] OU
|rated|
|rule|HP Percentage Mod: HP is shown in percentages
|rule|Endless Battle Clause: Forcing endless battles is banned
|rule|Species Clause: Limit one of each Pokémon
|rule|OHKO Clause: OHKO moves are banned
|rule|Evasion Items Clause: Evasion items are banned
|rule|Evasion Moves Clause: Evasion moves are banned
|rule|Evasion Abilities Clause: Evasion abilities are banned
|rule|Sleep Moves Clause: Sleep-inducing moves are banned
|clearpoke
|poke|p1|Moltres|
|poke|p1|Zapdos|
|poke|p1|Articuno|
|poke|p1|Cinderace, M|
|poke|p1|Great Tusk|
|poke|p1|Kingambit, F|
|poke|p2|Araquanid, F|
|poke|p2|Gholdengo|
|poke|p2|Iron Moth|
|poke|p2|Iron Valiant|
|poke|p2|Raging Bolt|
|poke|p2|Kingambit, F|
|teampreview
|inactive|Battle timer is ON: inactive players will automatically lose when time's up. (requested by NapedCrusader)
|c|☆NapedCrusader|redemption arc
|
|t:|1760404413
|teamsize|p1|6
|teamsize|p2|6
|start
|switch|p1a: Zapdos|Zapdos|100/100
|switch|p2a: Raging Bolt|Raging Bolt|100/100
|-enditem|p2a: Raging Bolt|Booster Energy
|-activate|p2a: Raging Bolt|ability: Protosynthesis|[fromitem]
|-start|p2a: Raging Bolt|protosynthesisspa
|turn|1
|
|t:|1760404424
|move|p1a: Zapdos|Volt Switch|p2a: Raging Bolt
|-resisted|p2a: Raging Bolt
|-damage|p2a: Raging Bolt|91/100
|
|t:|1760404428
|switch|p1a: Cinderace|Cinderace, M|100/100|[from] Volt Switch
|move|p2a: Raging Bolt|Dragon Pulse|p1a: Cinderace
|-damage|p1a: Cinderace|0 fnt
|faint|p1a: Cinderace
|
|upkeep
|
|t:|1760404432
|switch|p1a: Great Tusk|Great Tusk|100/100
|turn|2
|
|t:|1760404438
|-terastallize|p2a: Raging Bolt|Ghost
|move|p1a: Great Tusk|Headlong Rush|p2a: Raging Bolt
|-damage|p2a: Raging Bolt|30/100
|-unboost|p1a: Great Tusk|def|1
|-unboost|p1a: Great Tusk|spd|1
|move|p2a: Raging Bolt|Dragon Pulse|p1a: Great Tusk
|-damage|p1a: Great Tusk|0 fnt
|faint|p1a: Great Tusk
|-end|p1a: Great Tusk|Protosynthesis|[silent]
|
|upkeep
|
|t:|1760404444
|switch|p1a: Zapdos|Zapdos|100/100
|turn|3
|
|t:|1760404446
|move|p2a: Raging Bolt|Thunderclap|p1a: Zapdos
|-damage|p1a: Zapdos|35/100
|move|p1a: Zapdos|Volt Switch|p2a: Raging Bolt
|-damage|p2a: Raging Bolt|0 fnt
|faint|p2a: Raging Bolt
|-end|p2a: Raging Bolt|Protosynthesis|[silent]
|
|t:|1760404448
|switch|p1a: Moltres|Moltres|100/100|[from] Volt Switch
|
|upkeep
|
|t:|1760404451
|switch|p2a: Araquanid|Araquanid, F|100/100
|turn|4
|
|t:|1760404454
|move|p1a: Moltres|Air Slash|p2a: Araquanid
|-supereffective|p2a: Araquanid
|-damage|p2a: Araquanid|22/100
|move|p2a: Araquanid|Surf|p1a: Moltres
|-supereffective|p1a: Moltres
|-damage|p1a: Moltres|9/100
|
|upkeep
|turn|5
|-enditem|p2a: Araquanid|Custap Berry|[eat]
|-activate|p2a: Araquanid|item: Custap Berry|[consumed]
|
|t:|1760404457
|move|p2a: Araquanid|Surf|p1a: Moltres
|-supereffective|p1a: Moltres
|-damage|p1a: Moltres|0 fnt
|faint|p1a: Moltres
|
|upkeep
|
|t:|1760404460
|switch|p1a: Zapdos|Zapdos|35/100
|turn|6
|
|t:|1760404461
|move|p1a: Zapdos|Volt Switch|p2a: Araquanid
|-supereffective|p2a: Araquanid
|-damage|p2a: Araquanid|0 fnt
|faint|p2a: Araquanid
|
|t:|1760404465
|switch|p1a: Articuno|Articuno|100/100|[from] Volt Switch
|-ability|p1a: Articuno|Pressure
|
|upkeep
|
|t:|1760404468
|switch|p2a: Iron Moth|Iron Moth|100/100
|-enditem|p2a: Iron Moth|Booster Energy
|-activate|p2a: Iron Moth|ability: Quark Drive|[fromitem]
|-start|p2a: Iron Moth|quarkdrivespa
|turn|7
|
|t:|1760404473
|move|p2a: Iron Moth|Fiery Dance|p1a: Articuno
|-supereffective|p1a: Articuno
|-damage|p1a: Articuno|1/100
|-boost|p2a: Iron Moth|spa|1
|move|p1a: Articuno|U-turn|p2a: Iron Moth
|-resisted|p2a: Iron Moth
|-damage|p2a: Iron Moth|93/100
|
|t:|1760404476
|switch|p1a: Zapdos|Zapdos|35/100|[from] U-turn
|
|upkeep
|turn|8
|
|t:|1760404479
|move|p1a: Zapdos|Thunderbolt|p2a: Iron Moth
|-damage|p2a: Iron Moth|39/100
|-status|p2a: Iron Moth|par
|cant|p2a: Iron Moth|par
|
|upkeep
|turn|9
|
|t:|1760404487
|move|p1a: Zapdos|Thunderbolt|p2a: Iron Moth
|-damage|p2a: Iron Moth|0 fnt
|faint|p2a: Iron Moth
|-end|p2a: Iron Moth|Quark Drive|[silent]
|
|upkeep
|
|t:|1760404490
|switch|p2a: Kingambit|Kingambit, F|100/100
|-activate|p2a: Kingambit|ability: Supreme Overlord
|-start|p2a: Kingambit|fallen3|[silent]
|-item|p2a: Kingambit|Air Balloon
|turn|10
|
|t:|1760404492
|move|p2a: Kingambit|Sucker Punch|p1a: Zapdos
|-damage|p1a: Zapdos|0 fnt
|-status|p2a: Kingambit|par|[from] ability: Static|[of] p1a: Zapdos
|faint|p1a: Zapdos
|
|upkeep
|
|t:|1760404497
|switch|p1a: Kingambit|Kingambit, F|100/100
|turn|11
|
|t:|1760404506
|move|p1a: Kingambit|Swords Dance|p1a: Kingambit
|-boost|p1a: Kingambit|atk|2
|move|p2a: Kingambit|Swords Dance|p2a: Kingambit
|-boost|p2a: Kingambit|atk|2
|
|upkeep
|turn|12
|
|t:|1760404510
|move|p1a: Kingambit|Swords Dance|p1a: Kingambit
|-boost|p1a: Kingambit|atk|2
|move|p2a: Kingambit|Kowtow Cleave|p1a: Kingambit
|-resisted|p1a: Kingambit
|-damage|p1a: Kingambit|57/100
|
|upkeep
|turn|13
|
|t:|1760404514
|move|p2a: Kingambit|Sucker Punch|p1a: Kingambit
|-resisted|p1a: Kingambit
|-damage|p1a: Kingambit|17/100
|move|p1a: Kingambit|Iron Head|p2a: Kingambit
|-resisted|p2a: Kingambit
|-damage|p2a: Kingambit|41/100 par
|-enditem|p2a: Kingambit|Air Balloon
|
|upkeep
|turn|14
|
|t:|1760404518
|move|p1a: Kingambit|Sucker Punch||[still]
|-fail|p1a: Kingambit
|move|p2a: Kingambit|Swords Dance|p2a: Kingambit
|-boost|p2a: Kingambit|atk|2
|
|upkeep
|turn|15
|
|t:|1760404521
|move|p1a: Kingambit|Sucker Punch||[still]
|-fail|p1a: Kingambit
|move|p2a: Kingambit|Swords Dance|p2a: Kingambit
|-boost|p2a: Kingambit|atk|2
|
|upkeep
|turn|16
|
|t:|1760404523
|move|p1a: Kingambit|Sucker Punch||[still]
|-fail|p1a: Kingambit
|move|p2a: Kingambit|Swords Dance|p2a: Kingambit
|-boost|p2a: Kingambit|atk|0
|
|upkeep
|turn|17
|
|t:|1760404525
|move|p1a: Kingambit|Sucker Punch||[still]
|-fail|p1a: Kingambit
|move|p2a: Kingambit|Swords Dance|p2a: Kingambit
|-boost|p2a: Kingambit|atk|0
|
|upkeep
|turn|18
|
|t:|1760404528
|move|p1a: Kingambit|Sucker Punch|p2a: Kingambit
|-resisted|p2a: Kingambit
|-damage|p2a: Kingambit|0 fnt
|faint|p2a: Kingambit
|-end|p2a: Kingambit|fallen3|[silent]
|
|upkeep
|
|t:|1760404532
|switch|p2a: Iron Valiant|Iron Valiant|100/100
|-enditem|p2a: Iron Valiant|Booster Energy
|-activate|p2a: Iron Valiant|ability: Quark Drive|[fromitem]
|-start|p2a: Iron Valiant|quarkdrivespa
|turn|19
|
|t:|1760404536
|move|p2a: Iron Valiant|Vacuum Wave|p1a: Kingambit
|-supereffective|p1a: Kingambit
|-damage|p1a: Kingambit|0 fnt
|faint|p1a: Kingambit
|
|upkeep
|
|t:|1760404538
|switch|p1a: Articuno|Articuno|1/100
|-ability|p1a: Articuno|Pressure
|turn|20
|
|t:|1760404541
|move|p2a: Iron Valiant|Moonblast|p1a: Articuno
|-damage|p1a: Articuno|0 fnt
|faint|p1a: Articuno
|
|win|Reginald Chaos
|raw|NapedCrusader's rating: 1512 &rarr; <strong>1496</strong><br />(-16 for losing)
|raw|Reginald Chaos's rating: 1582 &rarr; <strong>1598</strong><br />(+16 for winning)
|c|☆NapedCrusader|respect
|c|☆Reginald Chaos|gg
|l|☆Reginald Chaos
|player|p2|
|l|☆NapedCrusader
|player|p1|
