|j|☆NguyenKhoaPRO
|j|☆clodsirebiggestfan
|t:|1760447658
|gametype|singles
|player|p1|NguyenKhoaPRO|blue|1768
|player|p2|clodsirebiggestfan|miku-ghost|1702
|gen|9
|tier|[Gen 9] OU
|rated|
|rule|HP Percentage Mod: HP is shown in percentages
|rule|Endless Battle Clause: Forcing endless battles is banned
|rule|Species Clause: Limit one of each Pokémon
|rule|OHKO Clause: OHKO moves are banned
|rule|Evasion Items Clause: Evasion items are banned
|rule|Evasion Moves Clause: Evasion moves are banned
|rule|Evasion Abilities Clause: Evasion abilities are banned
|rule|Sleep Moves Clause: Sleep-inducing moves are banned
|clearpoke
|poke|p1|Kingambit, M|
|poke|p1|Rillaboom, M|
|poke|p1|Greninja-*, M|
|poke|p1|Great Tusk|
|poke|p1|Iron Moth|
|poke|p1|Deoxys-Speed|
|poke|p2|Kingambit, F|
|poke|p2|Clodsire, F|
|poke|p2|Zamazenta-*|
|poke|p2|Weezing-Galar, M|
|poke|p2|Ogerpon, F|
|poke|p2|Raging Bolt|
|teampreview
|
|t:|1760447666
|teamsize|p1|6
|teamsize|p2|6
|start
|switch|p1a: KILLABOOM|Rillaboom, M|100/100
|switch|p2a: Ogerpon|Ogerpon, F|100/100
|-fieldstart|move: Grassy Terrain|[from] ability: Grassy Surge|[of] p1a: KILLABOOM
|turn|1
|
|t:|1760447670
|move|p2a: Ogerpon|U-turn|p1a: KILLABOOM
|-supereffective|p1a: KILLABOOM
|-damage|p1a: KILLABOOM|24/100
|
|t:|1760447672
|switch|p2a: Weezing|Weezing-Galar, M|100/100|[from] U-turn
|move|p1a: KILLABOOM|U-turn|p2a: Weezing
|-resisted|p2a: Weezing
|-damage|p2a: Weezing|94/100
|
|t:|1760447678
|switch|p1a: MOEBIUS|Deoxys-Speed|100/100|[from] U-turn
|-ability|p1a: MOEBIUS|Pressure
|
|-heal|p2a: Weezing|99/100|[from] item: Leftovers
|upkeep
|turn|2
|
|t:|1760447682
|move|p1a: MOEBIUS|Focus Blast|p2a: Weezing|[miss]
|-miss|p1a: MOEBIUS|p2a: Weezing
|move|p2a: Weezing|Flamethrower|p1a: MOEBIUS
|-damage|p1a: MOEBIUS|73/100
|
|-heal|p1a: MOEBIUS|79/100|[from] Grassy Terrain
|-heal|p2a: Weezing|100/100|[from] item: Leftovers
|upkeep
|turn|3
|
|t:|1760447686
|move|p1a: MOEBIUS|Nasty Plot|p1a: MOEBIUS
|-boost|p1a: MOEBIUS|spa|2
|move|p2a: Weezing|Flamethrower|p1a: MOEBIUS
|-damage|p1a: MOEBIUS|50/100
|
|-heal|p1a: MOEBIUS|56/100|[from] Grassy Terrain
|upkeep
|turn|4
|
|t:|1760447689
|move|p1a: MOEBIUS|Psycho Boost|p2a: Weezing
|-supereffective|p2a: Weezing
|-damage|p2a: Weezing|0 fnt
|-unboost|p1a: MOEBIUS|spa|2
|faint|p2a: Weezing
|-damage|p1a: MOEBIUS|46/100|[from] item: Life Orb
|
|-heal|p1a: MOEBIUS|52/100|[from] Grassy Terrain
|upkeep
|
|t:|1760447692
|switch|p2a: Ogerpon|Ogerpon, F|100/100
|turn|5
|
|t:|1760447697
|-terastallize|p2a: Ogerpon|Grass
|detailschange|p2a: Ogerpon|Ogerpon-Teal-Tera, F, tera:Grass
|-ability|p2a: Ogerpon|Embody Aspect (Teal)|boost
|-boost|p2a: Ogerpon|spe|1
|move|p2a: Ogerpon|Ivy Cudgel|p1a: MOEBIUS
|-damage|p1a: MOEBIUS|0 fnt
|faint|p1a: MOEBIUS
|
|-fieldend|move: Grassy Terrain
|upkeep
|
|t:|1760447708
|switch|p1a: ALUCARD|Iron Moth|100/100
|-enditem|p1a: ALUCARD|Booster Energy
|-activate|p1a: ALUCARD|ability: Quark Drive|[fromitem]
|-start|p1a: ALUCARD|quarkdrivespe
|turn|6
|
|t:|1760447713
|switch|p2a: Clodsire|Clodsire, F|100/100
|move|p1a: ALUCARD|Fiery Dance|p2a: Clodsire
|-damage|p2a: Clodsire|78/100
|
|upkeep
|turn|7
|
|t:|1760447730
|move|p1a: ALUCARD|Fiery Dance|p2a: Clodsire
|-crit|p2a: Clodsire
|-damage|p2a: Clodsire|45/100
|-boost|p1a: ALUCARD|spa|1
|move|p2a: Clodsire|Stealth Rock|p1a: ALUCARD
|-sidestart|p1: NguyenKhoaPRO|move: Stealth Rock
|
|upkeep
|turn|8
|
|t:|1760447733
|-terastallize|p1a: ALUCARD|Ground
|move|p1a: ALUCARD|Tera Blast|p2a: Clodsire|[anim] Tera Blast Ground
|-supereffective|p2a: Clodsire
|-damage|p2a: Clodsire|2/100
|move|p2a: Clodsire|Recover|p2a: Clodsire
|-heal|p2a: Clodsire|52/100
|
|upkeep
|turn|9
|
|t:|1760447741
|move|p1a: ALUCARD|Tera Blast|p2a: Clodsire|[anim] Tera Blast Ground
|-supereffective|p2a: Clodsire
|-damage|p2a: Clodsire|9/100
|move|p2a: Clodsire|Recover|p2a: Clodsire
|-heal|p2a: Clodsire|59/100
|
|upkeep
|turn|10
|
|t:|1760447749
|-end|p1a: ALUCARD|Quark Drive|[silent]
|switch|p1a: RAGNAROCK|Great Tusk|100/100
|-damage|p1a: RAGNAROCK|98/100|[from] Stealth Rock
|-enditem|p1a: RAGNAROCK|Booster Energy
|-activate|p1a: RAGNAROCK|ability: Protosynthesis|[fromitem]
|-start|p1a: RAGNAROCK|protosynthesisatk
|move|p2a: Clodsire|Recover|p2a: Clodsire
|-heal|p2a: Clodsire|100/100
|
|upkeep
|turn|11
|
|t:|1760447754
|switch|p2a: Zamazenta|Zamazenta|100/100
|-ability|p2a: Zamazenta|Dauntless Shield|boost
|-boost|p2a: Zamazenta|def|1
|move|p1a: RAGNAROCK|Ice Spinner|p2a: Zamazenta
|-damage|p2a: Zamazenta|82/100
|
|-heal|p2a: Zamazenta|88/100|[from] item: Leftovers
|upkeep
|turn|12
|
|t:|1760447762
|-end|p1a: RAGNAROCK|Protosynthesis|[silent]
|switch|p1a: ALUCARD|Iron Moth, tera:Ground|100/100
|-damage|p1a: ALUCARD|95/100|[from] Stealth Rock
|move|p2a: Zamazenta|Iron Defense|p2a: Zamazenta
|-boost|p2a: Zamazenta|def|2
|
|-heal|p2a: Zamazenta|95/100|[from] item: Leftovers
|upkeep
|turn|13
|
|t:|1760447765
|move|p2a: Zamazenta|Body Press|p1a: ALUCARD
|-damage|p1a: ALUCARD|0 fnt
|faint|p1a: ALUCARD
|-end|p1a: ALUCARD|Quark Drive|[silent]
|
|-heal|p2a: Zamazenta|100/100|[from] item: Leftovers
|upkeep
|c|☆clodsirebiggestfan|gg>?
|-message|NguyenKhoaPRO forfeited.
|
|win|clodsirebiggestfan
|raw|NguyenKhoaPRO's rating: 1768 &rarr; <strong>1744</strong><br />(-24 for losing)
|raw|clodsirebiggestfan's rating: 1702 &rarr; <strong>1726</strong><br />(+24 for winning)
|l|☆NguyenKhoaPRO
|player|p1|
|l|☆clodsirebiggestfan
|player|p2|
