|j|☆nsbs12
|j|☆sack800
|t:|1760434507
|gametype|singles
|player|p1|nsbs12|boarder|1231
|player|p2|sack800|burglar|1299
|gen|9
|tier|[Gen 9] OU
|rated|
|rule|HP Percentage Mod: HP is shown in percentages
|rule|Endless Battle Clause: Forcing endless battles is banned
|rule|Species Clause: Limit one of each Pokémon
|rule|OHKO Clause: OHKO moves are banned
|rule|Evasion Items Clause: Evasion items are banned
|rule|Evasion Moves Clause: Evasion moves are banned
|rule|Evasion Abilities Clause: Evasion abilities are banned
|rule|Sleep Moves Clause: Sleep-inducing moves are banned
|clearpoke
|poke|p1|Whimsicott, F|
|poke|p1|Gliscor, M|
|poke|p1|Cinderace, M|
|poke|p1|Ting-Lu|
|poke|p1|Pelipper, F|
|poke|p1|Weavile, M|
|poke|p2|Clefable, F|
|poke|p2|Dondozo, F|
|poke|p2|Blissey, F|
|poke|p2|Clodsire, M|
|poke|p2|Corviknight, F|
|poke|p2|Gliscor, M|
|teampreview
|inactive|Battle timer is ON: inactive players will automatically lose when time's up. (requested by nsbs12)
|
|t:|1760434510
|teamsize|p1|6
|teamsize|p2|6
|start
|switch|p1a: Gliscor|Gliscor, M|100/100
|switch|p2a: Gliscor|Gliscor, M|100/100
|turn|1
|
|t:|1760434526
|move|p2a: Gliscor|Protect|p2a: Gliscor
|-singleturn|p2a: Gliscor|Protect
|move|p1a: Gliscor|Protect||[still]
|-fail|p1a: Gliscor
|
|-status|p1a: Gliscor|tox|[from] item: Toxic Orb
|-status|p2a: Gliscor|tox|[from] item: Toxic Orb
|upkeep
|turn|2
|
|t:|1760434534
|switch|p1a: Pelipper|Pelipper, F|100/100
|-weather|RainDance|[from] ability: Drizzle|[of] p1a: Pelipper
|move|p2a: Gliscor|Spikes|p1a: Pelipper
|-sidestart|p1: nsbs12|Spikes
|
|-weather|RainDance|[upkeep]
|upkeep
|turn|3
|
|t:|1760434558
|switch|p2a: Blissey|Blissey, F|100/100
|move|p1a: Pelipper|Surf|p2a: Blissey
|-damage|p2a: Blissey|87/100
|
|-weather|RainDance|[upkeep]
|upkeep
|turn|4
|
|t:|1760434569
|move|p1a: Pelipper|Knock Off|p2a: Blissey
|-damage|p2a: Blissey|65/100
|-enditem|p2a: Blissey|Heavy-Duty Boots|[from] move: Knock Off|[of] p1a: Pelipper
|move|p2a: Blissey|Seismic Toss|p1a: Pelipper
|-damage|p1a: Pelipper|70/100
|
|-weather|RainDance|[upkeep]
|upkeep
|turn|5
|
|t:|1760434585
|switch|p1a: Cinderace|Cinderace, M|100/100
|move|p2a: Blissey|Seismic Toss|p1a: Cinderace
|-damage|p1a: Cinderace|67/100
|
|-weather|RainDance|[upkeep]
|upkeep
|turn|6
|
|t:|1760434593
|move|p1a: Cinderace|Court Change|p1a: Cinderace
|-start|p1a: Cinderace|typechange|Normal|[from] ability: Libero
|-swapsideconditions
|-activate|p1a: Cinderace|move: Court Change
|move|p2a: Blissey|Soft-Boiled|p2a: Blissey
|-heal|p2a: Blissey|100/100
|
|-weather|none
|upkeep
|turn|7
|inactive|sack800 has 120 seconds left.
|inactive|sack800 has 90 seconds left.
|inactive|sack800 has 60 seconds left.
|
|t:|1760434706
|switch|p2a: Gliscor|Gliscor, M|100/100 tox
|move|p1a: Cinderace|U-turn|p2a: Gliscor
|-resisted|p2a: Gliscor
|-damage|p2a: Gliscor|94/100 tox
|
|t:|1760434710
|switch|p1a: Pelipper|Pelipper, F|70/100|[from] U-turn
|-weather|RainDance|[from] ability: Drizzle|[of] p1a: Pelipper
|
|-weather|RainDance|[upkeep]
|-heal|p2a: Gliscor|100/100 tox|[from] ability: Poison Heal
|upkeep
|turn|8
|inactive|sack800 has 30 seconds left.
|inactive|sack800 has 20 seconds left.
|inactive|sack800 has 15 seconds left.
|inactive|sack800 has 10 seconds left.
|
|t:|1760434757
|switch|p2a: Blissey|Blissey, F|100/100
|-damage|p2a: Blissey|88/100|[from] Spikes
|move|p1a: Pelipper|Surf|p2a: Blissey
|-damage|p2a: Blissey|76/100
|
|-weather|RainDance|[upkeep]
|upkeep
|turn|9
|inactive|sack800 has 20 seconds left this turn.
|
|t:|1760434781
|switch|p1a: Gliscor|Gliscor, M|100/100 tox
|move|p2a: Blissey|Seismic Toss|p1a: Gliscor
|-damage|p1a: Gliscor|72/100 tox
|
|-weather|RainDance|[upkeep]
|-heal|p1a: Gliscor|85/100 tox|[from] ability: Poison Heal
|upkeep
|turn|10
|inactive|sack800 has 30 seconds left this turn.
|inactive|sack800 has 20 seconds left.
|inactive|sack800 has 15 seconds left.
|inactive|sack800 has 10 seconds left.
|inactive|sack800 has 5 seconds left.
|
|t:|1760434807
|switch|p2a: Corviknight|Corviknight, F|100/100
|-ability|p2a: Corviknight|Pressure
|move|p1a: Gliscor|Earthquake|p2a: Corviknight
|-immune|p2a: Corviknight
|
|-weather|RainDance|[upkeep]
|-heal|p1a: Gliscor|97/100 tox|[from] ability: Poison Heal
|upkeep
|turn|11
|inactive|sack800 has 15 seconds left this turn.
|inactive|sack800 has 10 seconds left.
|
|t:|1760434824
|switch|p1a: Ting-Lu|Ting-Lu|100/100
|-ability|p1a: Ting-Lu|Vessel of Ruin
|move|p2a: Corviknight|Iron Defense|p2a: Corviknight
|-boost|p2a: Corviknight|def|2
|
|-weather|none
|upkeep
|turn|12
|inactive|sack800 has 20 seconds left this turn.
|inactive|sack800 has 15 seconds left.
|
|t:|1760434831
|move|p2a: Corviknight|Body Press|p1a: Ting-Lu
|-supereffective|p1a: Ting-Lu
|-damage|p1a: Ting-Lu|44/100
|move|p1a: Ting-Lu|Stealth Rock|p2a: Corviknight
|-sidestart|p2: sack800|move: Stealth Rock
|
|-heal|p1a: Ting-Lu|51/100|[from] item: Leftovers
|upkeep
|turn|13
|inactive|sack800 has 25 seconds left this turn.
|
|t:|1760434838
|-terastallize|p1a: Ting-Lu|Poison
|move|p2a: Corviknight|Body Press|p1a: Ting-Lu
|-resisted|p1a: Ting-Lu
|-damage|p1a: Ting-Lu|35/100
|move|p1a: Ting-Lu|Whirlwind|p2a: Corviknight
|drag|p2a: Clefable|Clefable, F|100/100
|
|-heal|p1a: Ting-Lu|42/100|[from] item: Leftovers
|upkeep
|turn|14
|inactive|sack800 has 30 seconds left.
|
|t:|1760434851
|move|p2a: Clefable|Knock Off|p1a: Ting-Lu
|-damage|p1a: Ting-Lu|34/100
|-enditem|p1a: Ting-Lu|Leftovers|[from] move: Knock Off|[of] p2a: Clefable
|move|p1a: Ting-Lu|Whirlwind|p2a: Clefable
|drag|p2a: Blissey|Blissey, F|76/100
|-damage|p2a: Blissey|64/100|[from] Spikes
|-damage|p2a: Blissey|51/100|[from] Stealth Rock
|
|upkeep
|turn|15
|inactive|sack800 has 30 seconds left.
|
|t:|1760434857
|move|p2a: Blissey|Seismic Toss|p1a: Ting-Lu
|-damage|p1a: Ting-Lu|14/100
|move|p1a: Ting-Lu|Whirlwind|p2a: Blissey
|drag|p2a: Corviknight|Corviknight, F|100/100
|-damage|p2a: Corviknight|88/100|[from] Stealth Rock
|-ability|p2a: Corviknight|Pressure
|
|upkeep
|turn|16
|
|t:|1760434864
|move|p2a: Corviknight|Body Press|p1a: Ting-Lu
|-resisted|p1a: Ting-Lu
|-damage|p1a: Ting-Lu|7/100
|move|p1a: Ting-Lu|Ruination|p2a: Corviknight
|-damage|p2a: Corviknight|44/100
|
|upkeep
|turn|17
|
|t:|1760434867
|move|p2a: Corviknight|Body Press|p1a: Ting-Lu
|-resisted|p1a: Ting-Lu
|-damage|p1a: Ting-Lu|0 fnt
|faint|p1a: Ting-Lu
|
|upkeep
|
|t:|1760434875
|switch|p1a: Weavile|Weavile, M, shiny|100/100
|turn|18
|
|t:|1760434878
|move|p1a: Weavile|Triple Axel|p2a: Corviknight
|-damage|p2a: Corviknight|35/100
|-damage|p1a: Weavile|84/100|[from] item: Rocky Helmet|[of] p2a: Corviknight
|-damage|p2a: Corviknight|16/100
|-damage|p1a: Weavile|68/100|[from] item: Rocky Helmet|[of] p2a: Corviknight
|-damage|p2a: Corviknight|0 fnt
|-damage|p1a: Weavile|51/100|[from] item: Rocky Helmet|[of] p2a: Corviknight
|faint|p2a: Corviknight
|-hitcount|p2: Corviknight|3
|
|upkeep
|inactive|sack800 has 60 seconds left.
|
|t:|1760434887
|switch|p2a: Clefable|Clefable, F|100/100
|turn|19
|
|t:|1760434894
|switch|p1a: Whimsicott|Whimsicott, F|100/100
|move|p2a: Clefable|Stealth Rock|p1a: Whimsicott
|-sidestart|p1: nsbs12|move: Stealth Rock
|
|upkeep
|turn|20
|
|t:|1760434899
|switch|p2a: Gliscor|Gliscor, M|100/100 tox
|-damage|p2a: Gliscor|88/100 tox|[from] Stealth Rock
|move|p1a: Whimsicott|Encore||[still]
|-fail|p1a: Whimsicott
|
|-heal|p2a: Gliscor|100/100 tox|[from] ability: Poison Heal
|upkeep
|turn|21
|
|t:|1760434906
|switch|p1a: Pelipper|Pelipper, F|70/100
|-weather|RainDance|[from] ability: Drizzle|[of] p1a: Pelipper
|move|p2a: Gliscor|Spikes|p1a: Pelipper
|-sidestart|p1: nsbs12|Spikes
|
|-weather|RainDance|[upkeep]
|upkeep
|turn|22
|
|t:|1760434909
|switch|p1a: Weavile|Weavile, M, shiny|51/100
|-damage|p1a: Weavile|26/100|[from] Stealth Rock
|-damage|p1a: Weavile|14/100|[from] Spikes
|move|p2a: Gliscor|Toxic|p1a: Weavile
|-status|p1a: Weavile|tox
|
|-weather|RainDance|[upkeep]
|-damage|p1a: Weavile|8/100 tox|[from] psn
|upkeep
|turn|23
|
|t:|1760434918
|move|p2a: Gliscor|Protect|p2a: Gliscor
|-singleturn|p2a: Gliscor|Protect
|move|p1a: Weavile|Triple Axel|p2a: Gliscor
|-activate|p2a: Gliscor|move: Protect
|
|-weather|RainDance|[upkeep]
|-damage|p1a: Weavile|0 fnt|[from] psn
|faint|p1a: Weavile
|upkeep
|
|t:|1760434927
|switch|p1a: Pelipper|Pelipper, F|70/100
|turn|24
|
|t:|1760434929
|move|p2a: Gliscor|Toxic|p1a: Pelipper
|-status|p1a: Pelipper|tox
|move|p1a: Pelipper|Surf|p2a: Gliscor
|-supereffective|p2a: Gliscor
|-damage|p2a: Gliscor|0 fnt
|faint|p2a: Gliscor
|
|-weather|RainDance|[upkeep]
|-damage|p1a: Pelipper|63/100 tox|[from] psn
|upkeep
|
|t:|1760434936
|switch|p2a: Blissey|Blissey, F|51/100
|-damage|p2a: Blissey|39/100|[from] Spikes
|-damage|p2a: Blissey|27/100|[from] Stealth Rock
|turn|25
|
|t:|1760434945
|switch|p1a: Gliscor|Gliscor, M|97/100 tox
|-damage|p1a: Gliscor|85/100 tox|[from] Stealth Rock
|move|p2a: Blissey|Soft-Boiled|p2a: Blissey
|-heal|p2a: Blissey|77/100
|
|-weather|none
|-heal|p1a: Gliscor|97/100 tox|[from] ability: Poison Heal
|upkeep
|turn|26
|
|t:|1760434957
|switch|p2a: Clefable|Clefable, F|100/100
|move|p1a: Gliscor|Substitute|p1a: Gliscor
|-start|p1a: Gliscor|Substitute
|-damage|p1a: Gliscor|72/100 tox
|
|-heal|p1a: Gliscor|85/100 tox|[from] ability: Poison Heal
|upkeep
|turn|27
|
|t:|1760434963
|move|p1a: Gliscor|Protect|p1a: Gliscor
|-singleturn|p1a: Gliscor|Protect
|move|p2a: Clefable|Moonblast|p1a: Gliscor
|-activate|p1a: Gliscor|move: Protect
|
|-heal|p1a: Gliscor|97/100 tox|[from] ability: Poison Heal
|upkeep
|turn|28
|
|t:|1760434973
|move|p1a: Gliscor|Earthquake|p2a: Clefable
|-damage|p2a: Clefable|77/100
|move|p2a: Clefable|Moonblast|p1a: Gliscor
|-end|p1a: Gliscor|Substitute
|
|-heal|p2a: Clefable|83/100|[from] item: Leftovers
|-heal|p1a: Gliscor|100/100 tox|[from] ability: Poison Heal
|upkeep
|turn|29
|
|t:|1760434980
|move|p1a: Gliscor|Earthquake|p2a: Clefable
|-damage|p2a: Clefable|60/100
|move|p2a: Clefable|Knock Off|p1a: Gliscor
|-damage|p1a: Gliscor|88/100 tox
|-enditem|p1a: Gliscor|Toxic Orb|[from] move: Knock Off|[of] p2a: Clefable
|
|-heal|p2a: Clefable|66/100|[from] item: Leftovers
|-heal|p1a: Gliscor|99/100 tox|[from] ability: Poison Heal
|upkeep
|turn|30
|
|t:|1760434989
|move|p1a: Gliscor|Earthquake|p2a: Clefable
|-damage|p2a: Clefable|41/100
|move|p2a: Clefable|Moonblast|p1a: Gliscor
|-damage|p1a: Gliscor|75/100 tox
|
|-heal|p2a: Clefable|47/100|[from] item: Leftovers
|-heal|p1a: Gliscor|87/100 tox|[from] ability: Poison Heal
|upkeep
|turn|31
|
|t:|1760434995
|switch|p1a: Whimsicott|Whimsicott, F|100/100
|-damage|p1a: Whimsicott|88/100|[from] Stealth Rock
|-damage|p1a: Whimsicott|76/100|[from] Spikes
|move|p2a: Clefable|Moonlight|p2a: Clefable
|-heal|p2a: Clefable|97/100
|
|-heal|p1a: Whimsicott|82/100|[from] item: Leftovers
|-heal|p2a: Clefable|100/100|[from] item: Leftovers
|upkeep
|turn|32
|
|t:|1760434997
|switch|p2a: Clodsire|Clodsire, M|100/100
|move|p1a: Whimsicott|Encore||[still]
|-fail|p1a: Whimsicott
|
|-heal|p1a: Whimsicott|88/100|[from] item: Leftovers
|upkeep
|turn|33
|
|t:|1760435002
|switch|p1a: Pelipper|Pelipper, F|63/100 tox
|-weather|RainDance|[from] ability: Drizzle|[of] p1a: Pelipper
|move|p2a: Clodsire|Poison Jab|p1a: Pelipper
|-damage|p1a: Pelipper|40/100 tox
|
|-weather|RainDance|[upkeep]
|-damage|p1a: Pelipper|34/100 tox|[from] psn
|upkeep
|turn|34
|
|t:|1760435006
|switch|p2a: Blissey|Blissey, F|77/100
|-damage|p2a: Blissey|64/100|[from] Spikes
|-damage|p2a: Blissey|52/100|[from] Stealth Rock
|move|p1a: Pelipper|Knock Off|p2a: Blissey
|-damage|p2a: Blissey|37/100
|
|-weather|RainDance|[upkeep]
|-damage|p1a: Pelipper|21/100 tox|[from] psn
|upkeep
|turn|35
|
|t:|1760435009
|move|p1a: Pelipper|Knock Off|p2a: Blissey
|-damage|p2a: Blissey|22/100
|move|p2a: Blissey|Seismic Toss|p1a: Pelipper
|-damage|p1a: Pelipper|0 fnt
|faint|p1a: Pelipper
|
|-weather|RainDance|[upkeep]
|upkeep
|
|t:|1760435017
|switch|p1a: Cinderace|Cinderace, M|67/100
|turn|36
|
|t:|1760435023
|move|p1a: Cinderace|U-turn|p2a: Blissey
|-start|p1a: Cinderace|typechange|Bug|[from] ability: Libero
|-damage|p2a: Blissey|0 fnt
|faint|p2a: Blissey
|
|t:|1760435030
|switch|p1a: Gliscor|Gliscor, M|87/100 tox|[from] U-turn
|-damage|p1a: Gliscor|75/100 tox|[from] Stealth Rock
|
|-weather|RainDance|[upkeep]
|-heal|p1a: Gliscor|87/100 tox|[from] ability: Poison Heal
|upkeep
|
|t:|1760435050
|switch|p2a: Clefable|Clefable, F|100/100
|turn|37
|
|t:|1760435058
|switch|p1a: Whimsicott|Whimsicott, F|88/100
|-damage|p1a: Whimsicott|76/100|[from] Stealth Rock
|-damage|p1a: Whimsicott|64/100|[from] Spikes
|move|p2a: Clefable|Moonblast|p1a: Whimsicott
|-damage|p1a: Whimsicott|12/100
|-unboost|p1a: Whimsicott|spa|1
|
|-weather|none
|-heal|p1a: Whimsicott|18/100|[from] item: Leftovers
|upkeep
|turn|38
|
|t:|1760435066
|move|p1a: Whimsicott|Stun Spore|p2a: Clefable
|-status|p2a: Clefable|par
|move|p2a: Clefable|Moonblast|p1a: Whimsicott
|-damage|p1a: Whimsicott|0 fnt
|faint|p1a: Whimsicott
|
|upkeep
|
|t:|1760435073
|switch|p1a: Cinderace|Cinderace, M|67/100
|turn|39
|
|t:|1760435077
|move|p1a: Cinderace|Gunk Shot|p2a: Clefable
|-start|p1a: Cinderace|typechange|Poison|[from] ability: Libero
|-supereffective|p2a: Clefable
|-damage|p2a: Clefable|13/100 par
|cant|p2a: Clefable|par
|
|-heal|p2a: Clefable|19/100 par|[from] item: Leftovers
|upkeep
|turn|40
|
|t:|1760435085
|move|p1a: Cinderace|Pyro Ball|p2a: Clefable
|-damage|p2a: Clefable|0 fnt
|faint|p2a: Clefable
|
|upkeep
|
|t:|1760435091
|switch|p2a: Dondozo|Dondozo, F|100/100
|-damage|p2a: Dondozo|88/100|[from] Spikes
|-damage|p2a: Dondozo|75/100|[from] Stealth Rock
|turn|41
|
|t:|1760435094
|move|p1a: Cinderace|Gunk Shot|p2a: Dondozo
|-damage|p2a: Dondozo|49/100
|-status|p2a: Dondozo|psn
|move|p2a: Dondozo|Curse|p2a: Dondozo
|-unboost|p2a: Dondozo|spe|1
|-boost|p2a: Dondozo|atk|1
|-boost|p2a: Dondozo|def|1
|
|-heal|p2a: Dondozo|55/100 psn|[from] item: Leftovers
|-damage|p2a: Dondozo|43/100 psn|[from] psn
|upkeep
|turn|42
|
|t:|1760435104
|move|p1a: Cinderace|Gunk Shot|p2a: Dondozo
|-damage|p2a: Dondozo|27/100 psn
|move|p2a: Dondozo|Rest|p2a: Dondozo
|-status|p2a: Dondozo|slp|[from] move: Rest
|-heal|p2a: Dondozo|100/100 slp|[silent]
|
|upkeep
|turn|43
|
|t:|1760435111
|switch|p1a: Gliscor|Gliscor, M|87/100 tox
|-damage|p1a: Gliscor|75/100 tox|[from] Stealth Rock
|cant|p2a: Dondozo|slp
|move|p2a: Dondozo|Sleep Talk|p2a: Dondozo
|move|p2a: Dondozo|Curse|p2a: Dondozo|[from] move: Sleep Talk
|-unboost|p2a: Dondozo|spe|1
|-boost|p2a: Dondozo|atk|1
|-boost|p2a: Dondozo|def|1
|
|-heal|p1a: Gliscor|87/100 tox|[from] ability: Poison Heal
|upkeep
|turn|44
|
|t:|1760435114
|move|p1a: Gliscor|Substitute|p1a: Gliscor
|-start|p1a: Gliscor|Substitute
|-damage|p1a: Gliscor|62/100 tox
|cant|p2a: Dondozo|slp
|move|p2a: Dondozo|Sleep Talk|p2a: Dondozo
|move|p2a: Dondozo|Rest||[from] move: Sleep Talk|[still]
|-fail|p2a: Dondozo
|
|-heal|p1a: Gliscor|75/100 tox|[from] ability: Poison Heal
|upkeep
|turn|45
|
|t:|1760435118
|move|p1a: Gliscor|Protect|p1a: Gliscor
|-singleturn|p1a: Gliscor|Protect
|-curestatus|p2a: Dondozo|slp|[msg]
|move|p2a: Dondozo|Waterfall|p1a: Gliscor
|-activate|p1a: Gliscor|move: Protect
|
|-heal|p1a: Gliscor|87/100 tox|[from] ability: Poison Heal
|upkeep
|turn|46
|
|t:|1760435127
|move|p1a: Gliscor|Toxic|p2a: Dondozo
|-status|p2a: Dondozo|tox
|move|p2a: Dondozo|Curse|p2a: Dondozo
|-unboost|p2a: Dondozo|spe|1
|-boost|p2a: Dondozo|atk|1
|-boost|p2a: Dondozo|def|1
|
|-heal|p1a: Gliscor|99/100 tox|[from] ability: Poison Heal
|-damage|p2a: Dondozo|94/100 tox|[from] psn
|upkeep
|turn|47
|
|t:|1760435131
|move|p1a: Gliscor|Earthquake|p2a: Dondozo
|-damage|p2a: Dondozo|88/100 tox
|move|p2a: Dondozo|Curse|p2a: Dondozo
|-unboost|p2a: Dondozo|spe|1
|-boost|p2a: Dondozo|atk|1
|-boost|p2a: Dondozo|def|1
|
|-heal|p2a: Dondozo|95/100 tox|[from] item: Leftovers
|-heal|p1a: Gliscor|100/100 tox|[from] ability: Poison Heal
|-damage|p2a: Dondozo|82/100 tox|[from] psn
|upkeep
|turn|48
|
|t:|1760435135
|move|p1a: Gliscor|Earthquake|p2a: Dondozo
|-damage|p2a: Dondozo|77/100 tox
|move|p2a: Dondozo|Waterfall|p1a: Gliscor
|-supereffective|p1a: Gliscor
|-end|p1a: Gliscor|Substitute
|
|-heal|p2a: Dondozo|84/100 tox|[from] item: Leftovers
|-damage|p2a: Dondozo|65/100 tox|[from] psn
|upkeep
|turn|49
|
|t:|1760435139
|move|p1a: Gliscor|Substitute|p1a: Gliscor
|-start|p1a: Gliscor|Substitute
|-damage|p1a: Gliscor|75/100 tox
|move|p2a: Dondozo|Rest|p2a: Dondozo
|-status|p2a: Dondozo|slp|[from] move: Rest
|-heal|p2a: Dondozo|100/100 slp|[silent]
|
|-heal|p1a: Gliscor|88/100 tox|[from] ability: Poison Heal
|upkeep
|turn|50
|
|t:|1760435146
|move|p1a: Gliscor|Earthquake|p2a: Dondozo
|-damage|p2a: Dondozo|95/100 slp
|cant|p2a: Dondozo|slp
|
|-heal|p2a: Dondozo|100/100 slp|[from] item: Leftovers
|-heal|p1a: Gliscor|100/100 tox|[from] ability: Poison Heal
|upkeep
|turn|51
|
|t:|1760435153
|move|p1a: Gliscor|Substitute|p1a: Gliscor
|-fail|p1a: Gliscor|move: Substitute
|cant|p2a: Dondozo|slp
|
|upkeep
|turn|52
|c|☆sack800|Gg
|
|t:|1760435161
|move|p1a: Gliscor|Protect|p1a: Gliscor
|-singleturn|p1a: Gliscor|Protect
|-curestatus|p2a: Dondozo|slp|[msg]
|move|p2a: Dondozo|Waterfall|p1a: Gliscor
|-activate|p1a: Gliscor|move: Protect
|
|upkeep
|turn|53
|
|t:|1760435164
|move|p1a: Gliscor|Toxic|p2a: Dondozo
|-status|p2a: Dondozo|tox
|move|p2a: Dondozo|Waterfall|p1a: Gliscor
|-supereffective|p1a: Gliscor
|-end|p1a: Gliscor|Substitute
|
|-damage|p2a: Dondozo|94/100 tox|[from] psn
|upkeep
|turn|54
|
|t:|1760435171
|move|p1a: Gliscor|Substitute|p1a: Gliscor
|-start|p1a: Gliscor|Substitute
|-damage|p1a: Gliscor|75/100 tox
|move|p2a: Dondozo|Waterfall|p1a: Gliscor
|-supereffective|p1a: Gliscor
|-end|p1a: Gliscor|Substitute
|
|-heal|p2a: Dondozo|100/100 tox|[from] item: Leftovers
|-heal|p1a: Gliscor|88/100 tox|[from] ability: Poison Heal
|-damage|p2a: Dondozo|88/100 tox|[from] psn
|upkeep
|turn|55
|
|t:|1760435181
|move|p1a: Gliscor|Protect|p1a: Gliscor
|-singleturn|p1a: Gliscor|Protect
|move|p2a: Dondozo|Curse|p2a: Dondozo
|-unboost|p2a: Dondozo|spe|1
|-boost|p2a: Dondozo|atk|1
|-boost|p2a: Dondozo|def|1
|
|-heal|p2a: Dondozo|94/100 tox|[from] item: Leftovers
|-heal|p1a: Gliscor|100/100 tox|[from] ability: Poison Heal
|-damage|p2a: Dondozo|76/100 tox|[from] psn
|upkeep
|turn|56
|
|t:|1760435187
|move|p1a: Gliscor|Substitute|p1a: Gliscor
|-start|p1a: Gliscor|Substitute
|-damage|p1a: Gliscor|75/100 tox
|move|p2a: Dondozo|Waterfall|p1a: Gliscor
|-supereffective|p1a: Gliscor
|-end|p1a: Gliscor|Substitute
|
|-heal|p2a: Dondozo|82/100 tox|[from] item: Leftovers
|-heal|p1a: Gliscor|88/100 tox|[from] ability: Poison Heal
|-damage|p2a: Dondozo|57/100 tox|[from] psn
|upkeep
|turn|57
|
|t:|1760435194
|move|p1a: Gliscor|Substitute|p1a: Gliscor
|-start|p1a: Gliscor|Substitute
|-damage|p1a: Gliscor|63/100 tox
|move|p2a: Dondozo|Rest|p2a: Dondozo
|-status|p2a: Dondozo|slp|[from] move: Rest
|-heal|p2a: Dondozo|100/100 slp|[silent]
|
|-heal|p1a: Gliscor|75/100 tox|[from] ability: Poison Heal
|upkeep
|turn|58
|
|t:|1760435201
|move|p1a: Gliscor|Earthquake|p2a: Dondozo
|-damage|p2a: Dondozo|96/100 slp
|cant|p2a: Dondozo|slp
|
|-heal|p2a: Dondozo|100/100 slp|[from] item: Leftovers
|-heal|p1a: Gliscor|88/100 tox|[from] ability: Poison Heal
|upkeep
|turn|59
|
|t:|1760435207
|move|p1a: Gliscor|Earthquake|p2a: Dondozo
|-damage|p2a: Dondozo|96/100 slp
|cant|p2a: Dondozo|slp
|
|-heal|p2a: Dondozo|100/100 slp|[from] item: Leftovers
|-heal|p1a: Gliscor|100/100 tox|[from] ability: Poison Heal
|upkeep
|turn|60
|
|t:|1760435215
|switch|p2a: Clodsire|Clodsire, M|100/100
|move|p1a: Gliscor|Earthquake|p2a: Clodsire
|-supereffective|p2a: Clodsire
|-damage|p2a: Clodsire|33/100
|
|upkeep
|turn|61
|
|t:|1760435219
|switch|p2a: Dondozo|Dondozo, F|100/100 slp
|-damage|p2a: Dondozo|88/100 slp|[from] Spikes
|-damage|p2a: Dondozo|75/100 slp|[from] Stealth Rock
|move|p1a: Gliscor|Earthquake|p2a: Dondozo
|-damage|p2a: Dondozo|61/100 slp
|
|-heal|p2a: Dondozo|67/100 slp|[from] item: Leftovers
|upkeep
|turn|62
|
|t:|1760435224
|move|p1a: Gliscor|Earthquake|p2a: Dondozo
|-damage|p2a: Dondozo|52/100 slp
|-curestatus|p2a: Dondozo|slp|[msg]
|move|p2a: Dondozo|Rest|p2a: Dondozo
|-status|p2a: Dondozo|slp|[from] move: Rest
|-heal|p2a: Dondozo|100/100 slp|[silent]
|
|upkeep
|turn|63
|
|t:|1760435234
|move|p1a: Gliscor|Protect|p1a: Gliscor
|-singleturn|p1a: Gliscor|Protect
|cant|p2a: Dondozo|slp
|move|p2a: Dondozo|Sleep Talk|p2a: Dondozo
|move|p2a: Dondozo|Curse|p2a: Dondozo|[from] move: Sleep Talk
|-unboost|p2a: Dondozo|spe|1
|-boost|p2a: Dondozo|atk|1
|-boost|p2a: Dondozo|def|1
|
|upkeep
|turn|64
|
|t:|1760435244
|move|p1a: Gliscor|Protect||[still]
|-fail|p1a: Gliscor
|cant|p2a: Dondozo|slp
|move|p2a: Dondozo|Sleep Talk|p2a: Dondozo
|move|p2a: Dondozo|Curse|p2a: Dondozo|[from] move: Sleep Talk
|-unboost|p2a: Dondozo|spe|1
|-boost|p2a: Dondozo|atk|1
|-boost|p2a: Dondozo|def|1
|
|upkeep
|turn|65
|
|t:|1760435254
|move|p1a: Gliscor|Protect|p1a: Gliscor
|-singleturn|p1a: Gliscor|Protect
|-curestatus|p2a: Dondozo|slp|[msg]
|move|p2a: Dondozo|Curse|p2a: Dondozo
|-unboost|p2a: Dondozo|spe|1
|-boost|p2a: Dondozo|atk|1
|-boost|p2a: Dondozo|def|1
|
|upkeep
|turn|66
|
|t:|1760435257
|move|p1a: Gliscor|Toxic|p2a: Dondozo
|-status|p2a: Dondozo|tox
|move|p2a: Dondozo|Waterfall|p1a: Gliscor
|-supereffective|p1a: Gliscor
|-end|p1a: Gliscor|Substitute
|
|-damage|p2a: Dondozo|94/100 tox|[from] psn
|upkeep
|turn|67
|
|t:|1760435262
|move|p1a: Gliscor|Substitute|p1a: Gliscor
|-start|p1a: Gliscor|Substitute
|-damage|p1a: Gliscor|75/100 tox
|move|p2a: Dondozo|Waterfall|p1a: Gliscor
|-supereffective|p1a: Gliscor
|-end|p1a: Gliscor|Substitute
|
|-heal|p2a: Dondozo|100/100 tox|[from] item: Leftovers
|-heal|p1a: Gliscor|88/100 tox|[from] ability: Poison Heal
|-damage|p2a: Dondozo|88/100 tox|[from] psn
|upkeep
|turn|68
|
|t:|1760435272
|switch|p2a: Clodsire|Clodsire, M|33/100
|move|p1a: Gliscor|Protect||[still]
|-fail|p1a: Gliscor
|
|-heal|p1a: Gliscor|100/100 tox|[from] ability: Poison Heal
|upkeep
|turn|69
|
|t:|1760435285
|move|p1a: Gliscor|Earthquake|p2a: Clodsire
|-supereffective|p2a: Clodsire
|-damage|p2a: Clodsire|0 fnt
|faint|p2a: Clodsire
|
|upkeep
|
|t:|1760435287
|switch|p2a: Dondozo|Dondozo, F|88/100 tox
|-damage|p2a: Dondozo|76/100 tox|[from] Spikes
|-damage|p2a: Dondozo|63/100 tox|[from] Stealth Rock
|turn|70
|
|t:|1760435297
|move|p1a: Gliscor|Substitute|p1a: Gliscor
|-start|p1a: Gliscor|Substitute
|-damage|p1a: Gliscor|75/100 tox
|move|p2a: Dondozo|Curse|p2a: Dondozo
|-unboost|p2a: Dondozo|spe|1
|-boost|p2a: Dondozo|atk|1
|-boost|p2a: Dondozo|def|1
|
|-heal|p2a: Dondozo|69/100 tox|[from] item: Leftovers
|-heal|p1a: Gliscor|88/100 tox|[from] ability: Poison Heal
|-damage|p2a: Dondozo|63/100 tox|[from] psn
|upkeep
|turn|71
|
|t:|1760435309
|move|p1a: Gliscor|Earthquake|p2a: Dondozo
|-damage|p2a: Dondozo|52/100 tox
|move|p2a: Dondozo|Curse|p2a: Dondozo
|-unboost|p2a: Dondozo|spe|1
|-boost|p2a: Dondozo|atk|1
|-boost|p2a: Dondozo|def|1
|
|-heal|p2a: Dondozo|59/100 tox|[from] item: Leftovers
|-heal|p1a: Gliscor|100/100 tox|[from] ability: Poison Heal
|-damage|p2a: Dondozo|46/100 tox|[from] psn
|upkeep
|turn|72
|
|t:|1760435316
|move|p1a: Gliscor|Protect|p1a: Gliscor
|-singleturn|p1a: Gliscor|Protect
|move|p2a: Dondozo|Curse|p2a: Dondozo
|-unboost|p2a: Dondozo|spe|1
|-boost|p2a: Dondozo|atk|1
|-boost|p2a: Dondozo|def|1
|
|-heal|p2a: Dondozo|52/100 tox|[from] item: Leftovers
|-damage|p2a: Dondozo|34/100 tox|[from] psn
|upkeep
|turn|73
|
|t:|1760435319
|move|p1a: Gliscor|Earthquake|p2a: Dondozo
|-damage|p2a: Dondozo|27/100 tox
|move|p2a: Dondozo|Rest|p2a: Dondozo
|-status|p2a: Dondozo|slp|[from] move: Rest
|-heal|p2a: Dondozo|100/100 slp|[silent]
|
|upkeep
|turn|74
|
|t:|1760435325
|move|p1a: Gliscor|Toxic||[still]
|-fail|p1a: Gliscor
|cant|p2a: Dondozo|slp
|move|p2a: Dondozo|Sleep Talk|p2a: Dondozo
|move|p2a: Dondozo|Curse|p2a: Dondozo|[from] move: Sleep Talk
|-unboost|p2a: Dondozo|spe|1
|-boost|p2a: Dondozo|atk|1
|-boost|p2a: Dondozo|def|1
|
|upkeep
|turn|75
|
|t:|1760435332
|move|p1a: Gliscor|Toxic||[still]
|-fail|p1a: Gliscor
|cant|p2a: Dondozo|slp
|move|p2a: Dondozo|Sleep Talk|p2a: Dondozo
|move|p2a: Dondozo|Waterfall|p1a: Gliscor|[from] move: Sleep Talk
|-supereffective|p1a: Gliscor
|-end|p1a: Gliscor|Substitute
|
|upkeep
|turn|76
|
|t:|1760435340
|move|p1a: Gliscor|Substitute|p1a: Gliscor
|-start|p1a: Gliscor|Substitute
|-damage|p1a: Gliscor|75/100 tox
|-curestatus|p2a: Dondozo|slp|[msg]
|move|p2a: Dondozo|Waterfall|p1a: Gliscor
|-supereffective|p1a: Gliscor
|-end|p1a: Gliscor|Substitute
|
|-heal|p1a: Gliscor|88/100 tox|[from] ability: Poison Heal
|upkeep
|turn|77
|
|t:|1760435349
|move|p1a: Gliscor|Protect|p1a: Gliscor
|-singleturn|p1a: Gliscor|Protect
|move|p2a: Dondozo|Waterfall|p1a: Gliscor
|-activate|p1a: Gliscor|move: Protect
|
|-heal|p1a: Gliscor|100/100 tox|[from] ability: Poison Heal
|upkeep
|turn|78
|
|t:|1760435353
|move|p1a: Gliscor|Substitute|p1a: Gliscor
|-start|p1a: Gliscor|Substitute
|-damage|p1a: Gliscor|75/100 tox
|move|p2a: Dondozo|Curse|p2a: Dondozo
|-unboost|p2a: Dondozo|spe|1
|-boost|p2a: Dondozo|atk|1
|-boost|p2a: Dondozo|def|1
|
|-heal|p1a: Gliscor|88/100 tox|[from] ability: Poison Heal
|upkeep
|turn|79
|
|t:|1760435358
|move|p1a: Gliscor|Toxic|p2a: Dondozo
|-status|p2a: Dondozo|tox
|move|p2a: Dondozo|Waterfall|p1a: Gliscor
|-supereffective|p1a: Gliscor
|-end|p1a: Gliscor|Substitute
|
|-heal|p1a: Gliscor|100/100 tox|[from] ability: Poison Heal
|-damage|p2a: Dondozo|94/100 tox|[from] psn
|upkeep
|turn|80
|
|t:|1760435363
|move|p1a: Gliscor|Substitute|p1a: Gliscor
|-start|p1a: Gliscor|Substitute
|-damage|p1a: Gliscor|75/100 tox
|move|p2a: Dondozo|Sleep Talk||[still]
|-fail|p2a: Dondozo
|
|-heal|p2a: Dondozo|100/100 tox|[from] item: Leftovers
|-heal|p1a: Gliscor|88/100 tox|[from] ability: Poison Heal
|-damage|p2a: Dondozo|88/100 tox|[from] psn
|upkeep
|turn|81
|
|t:|1760435377
|move|p1a: Gliscor|Protect|p1a: Gliscor
|-singleturn|p1a: Gliscor|Protect
|move|p2a: Dondozo|Curse|p2a: Dondozo
|-unboost|p2a: Dondozo|spe|1
|-boost|p2a: Dondozo|atk|1
|-boost|p2a: Dondozo|def|1
|
|-heal|p2a: Dondozo|94/100 tox|[from] item: Leftovers
|-heal|p1a: Gliscor|100/100 tox|[from] ability: Poison Heal
|-damage|p2a: Dondozo|76/100 tox|[from] psn
|upkeep
|turn|82
|
|t:|1760435399
|move|p1a: Gliscor|Toxic|p2a: Dondozo
|-fail|p2a: Dondozo|tox
|move|p2a: Dondozo|Sleep Talk||[still]
|-fail|p2a: Dondozo
|
|-heal|p2a: Dondozo|82/100 tox|[from] item: Leftovers
|-damage|p2a: Dondozo|57/100 tox|[from] psn
|upkeep
|turn|83
|
|t:|1760435410
|move|p1a: Gliscor|Toxic|p2a: Dondozo
|-fail|p2a: Dondozo|tox
|move|p2a: Dondozo|Sleep Talk||[still]
|-fail|p2a: Dondozo
|
|-heal|p2a: Dondozo|64/100 tox|[from] item: Leftovers
|-damage|p2a: Dondozo|33/100 tox|[from] psn
|upkeep
|turn|84
|
|t:|1760435415
|move|p1a: Gliscor|Toxic|p2a: Dondozo
|-fail|p2a: Dondozo|tox
|move|p2a: Dondozo|Rest|p2a: Dondozo
|-status|p2a: Dondozo|slp|[from] move: Rest
|-heal|p2a: Dondozo|100/100 slp|[silent]
|
|upkeep
|turn|85
|
|t:|1760435425
|switch|p1a: Cinderace|Cinderace, M|67/100
|cant|p2a: Dondozo|slp
|
|upkeep
|turn|86
|
|t:|1760435433
|move|p1a: Cinderace|U-turn|p2a: Dondozo
|-start|p1a: Cinderace|typechange|Bug|[from] ability: Libero
|-damage|p2a: Dondozo|96/100 slp
|
|t:|1760435436
|switch|p1a: Gliscor|Gliscor, M|100/100 tox|[from] U-turn
|-damage|p1a: Gliscor|88/100 tox|[from] Stealth Rock
|cant|p2a: Dondozo|slp
|move|p2a: Dondozo|Sleep Talk|p2a: Dondozo
|move|p2a: Dondozo|Waterfall|p1a: Gliscor|[from] move: Sleep Talk
|-supereffective|p1a: Gliscor
|-damage|p1a: Gliscor|0 fnt
|faint|p1a: Gliscor
|
|-heal|p2a: Dondozo|100/100 slp|[from] item: Leftovers
|upkeep
|-message|nsbs12 forfeited.
|
|win|sack800
|raw|nsbs12's rating: 1231 &rarr; <strong>1213</strong><br />(-18 for losing)
|raw|sack800's rating: 1327 &rarr; <strong>1342</strong><br />(+15 for winning)
|l|☆nsbs12
|player|p1|
|l|☆sack800
|player|p2|
