|j|☆itsscarycary
|j|☆Pouring-O
|t:|1760381088
|gametype|singles
|player|p1|itsscarycary|swimmerf-gen4|
|player|p2|Pouring-O|richboy-gen4|
|gen|9
|tier|[Gen 9] OU
|rule|HP Percentage Mod: HP is shown in percentages
|rule|Endless Battle Clause: Forcing endless battles is banned
|rule|Species Clause: Limit one of each Pokémon
|rule|OHKO Clause: OHKO moves are banned
|rule|Evasion Items Clause: Evasion items are banned
|rule|Evasion Moves Clause: Evasion moves are banned
|rule|Evasion Abilities Clause: Evasion abilities are banned
|rule|Sleep Moves Clause: Sleep-inducing moves are banned
|clearpoke
|poke|p1|Dragapult, M|
|poke|p1|Dragonite, F|
|poke|p1|Ting-Lu|
|poke|p1|Weezing-Galar, F|
|poke|p1|Iron Crown|
|poke|p1|Zapdos|
|poke|p2|Clodsire, F|
|poke|p2|Glimmora, M|
|poke|p2|Toxapex, F|
|poke|p2|Iron Moth|
|poke|p2|Skuntank, M|
|poke|p2|Gengar, M|
|teampreview
|inactive|Battle timer is ON: inactive players will automatically lose when time's up. (requested by itsscarycary)
|inactiveoff|Battle timer is now OFF.
|c|☆itsscarycary|Glhf
|c|☆Pouring-O|you too
|
|t:|1760381106
|teamsize|p1|6
|teamsize|p2|6
|start
|switch|p1a: Ting-Lu|Ting-Lu|100/100
|switch|p2a: Clodsire|Clodsire, F|100/100
|-ability|p1a: Ting-Lu|Vessel of Ruin
|turn|1
|
|t:|1760381113
|move|p1a: Ting-Lu|Stealth Rock|p2a: Clodsire
|-sidestart|p2: Pouring-O|move: Stealth Rock
|move|p2a: Clodsire|Stealth Rock|p1a: Ting-Lu
|-sidestart|p1: itsscarycary|move: Stealth Rock
|
|upkeep
|turn|2
|
|t:|1760381117
|move|p1a: Ting-Lu|Ruination|p2a: Clodsire
|-damage|p2a: Clodsire|51/100
|move|p2a: Clodsire|Toxic|p1a: Ting-Lu
|-status|p1a: Ting-Lu|tox
|
|-heal|p2a: Clodsire|57/100|[from] item: Leftovers
|-damage|p1a: Ting-Lu|94/100 tox|[from] psn
|upkeep
|turn|3
|
|t:|1760381125
|move|p1a: Ting-Lu|Earthquake|p2a: Clodsire
|-supereffective|p2a: Clodsire
|-damage|p2a: Clodsire|0 fnt
|faint|p2a: Clodsire
|
|-heal|p1a: Ting-Lu|100/100 tox|[from] item: Leftovers
|-damage|p1a: Ting-Lu|88/100 tox|[from] psn
|upkeep
|
|t:|1760381137
|switch|p2a: Toxapex|Toxapex, F|100/100
|-damage|p2a: Toxapex|88/100|[from] Stealth Rock
|turn|4
|
|t:|1760381144
|move|p1a: Ting-Lu|Ruination|p2a: Toxapex
|-damage|p2a: Toxapex|44/100
|move|p2a: Toxapex|Liquidation|p1a: Ting-Lu
|-supereffective|p1a: Ting-Lu
|-damage|p1a: Ting-Lu|65/100 tox
|
|-heal|p1a: Ting-Lu|71/100 tox|[from] item: Leftovers
|-heal|p2a: Toxapex|50/100|[from] item: Leftovers
|-damage|p1a: Ting-Lu|52/100 tox|[from] psn
|upkeep
|turn|5
|
|t:|1760381153
|switch|p2a: Glimmora|Glimmora, M|100/100
|-damage|p2a: Glimmora|88/100|[from] Stealth Rock
|move|p1a: Ting-Lu|Earthquake|p2a: Glimmora
|-supereffective|p2a: Glimmora
|-damage|p2a: Glimmora|0 fnt
|-activate|p2a: Glimmora|ability: Toxic Debris
|-sidestart|p1: itsscarycary|move: Toxic Spikes
|faint|p2a: Glimmora
|
|-heal|p1a: Ting-Lu|58/100 tox|[from] item: Leftovers
|-damage|p1a: Ting-Lu|33/100 tox|[from] psn
|upkeep
|
|t:|1760381165
|switch|p2a: Iron Moth|Iron Moth|100/100
|-damage|p2a: Iron Moth|76/100|[from] Stealth Rock
|-enditem|p2a: Iron Moth|Booster Energy
|-activate|p2a: Iron Moth|ability: Quark Drive|[fromitem]
|-start|p2a: Iron Moth|quarkdrivespe
|turn|6
|
|t:|1760381172
|move|p2a: Iron Moth|Energy Ball|p1a: Ting-Lu
|-supereffective|p1a: Ting-Lu
|-damage|p1a: Ting-Lu|8/100 tox
|move|p1a: Ting-Lu|Earthquake|p2a: Iron Moth
|-supereffective|p2a: Iron Moth
|-damage|p2a: Iron Moth|0 fnt
|faint|p2a: Iron Moth
|-end|p2a: Iron Moth|Quark Drive|[silent]
|
|-heal|p1a: Ting-Lu|15/100 tox|[from] item: Leftovers
|-damage|p1a: Ting-Lu|0 fnt|[from] psn
|faint|p1a: Ting-Lu
|upkeep
|
|t:|1760381188
|switch|p2a: Toxapex|Toxapex, F|84/100
|switch|p1a: Weezing|Weezing-Galar, F|100/100
|-ability|p1a: Weezing|Neutralizing Gas
|-sideend|p1: itsscarycary|move: Toxic Spikes|[of] p1a: Weezing
|-damage|p2a: Toxapex|71/100|[from] Stealth Rock
|turn|7
|
|t:|1760381199
|move|p1a: Weezing|Will-O-Wisp|p2a: Toxapex
|-status|p2a: Toxapex|brn
|move|p2a: Toxapex|Liquidation|p1a: Weezing
|-damage|p1a: Weezing|93/100
|
|-heal|p2a: Toxapex|77/100 brn|[from] item: Leftovers
|-damage|p2a: Toxapex|71/100 brn|[from] brn
|upkeep
|turn|8
|
|t:|1760381221
|-end|p1a: Weezing|ability: Neutralizing Gas
|switch|p1a: Iron Crown|Iron Crown|100/100
|-damage|p1a: Iron Crown|94/100|[from] Stealth Rock
|switch|p2a: Gengar|Gengar, M|100/100
|-damage|p2a: Gengar|88/100|[from] Stealth Rock
|
|upkeep
|turn|9
|
|t:|1760381235
|move|p2a: Gengar|Shadow Ball|p1a: Iron Crown
|-supereffective|p1a: Iron Crown
|-damage|p1a: Iron Crown|12/100
|move|p1a: Iron Crown|Psyshock|p2a: Gengar
|-supereffective|p2a: Gengar
|-damage|p2a: Gengar|0 fnt
|-start|p1a: Iron Crown|Disable|Psyshock|[from] ability: Cursed Body|[of] p2a: Gengar
|faint|p2a: Gengar
|
|upkeep
|
|t:|1760381246
|switch|p2a: Toxapex|Toxapex, F|100/100 brn
|-damage|p2a: Toxapex|88/100 brn|[from] Stealth Rock
|turn|10
|
|t:|1760381251
|-activate|p1a: Iron Crown|move: Struggle
|move|p1a: Iron Crown|Struggle|p2a: Toxapex
|-damage|p2a: Toxapex|83/100 brn
|-damage|p1a: Iron Crown|0 fnt|[from] recoil
|faint|p1a: Iron Crown
|-end|p1a: Iron Crown|Quark Drive|[silent]
|move|p2a: Toxapex|Liquidation|p1: Iron Crown|[notarget]
|-fail|p2a: Toxapex
|
|-heal|p2a: Toxapex|89/100 brn|[from] item: Leftovers
|-damage|p2a: Toxapex|83/100 brn|[from] brn
|upkeep
|
|t:|1760381263
|switch|p1a: Zapdos|Zapdos|100/100
|turn|11
|
|t:|1760381268
|switch|p2a: Skuntank|Skuntank, M|100/100
|-damage|p2a: Skuntank|88/100|[from] Stealth Rock
|move|p1a: Zapdos|Volt Switch|p2a: Skuntank
|-damage|p2a: Skuntank|53/100
|
|t:|1760381287
|switch|p1a: Dragonite|Dragonite, F|100/100|[from] Volt Switch
|
|upkeep
|turn|12
|
|t:|1760381294
|move|p2a: Skuntank|Sucker Punch|p1a: Dragonite
|-damage|p1a: Dragonite|83/100
|move|p1a: Dragonite|Earthquake|p2a: Skuntank
|-supereffective|p2a: Skuntank
|-damage|p2a: Skuntank|0 fnt
|faint|p2a: Skuntank
|
|upkeep
|
|t:|1760381300
|switch|p2a: Toxapex|Toxapex, F|100/100 brn
|-damage|p2a: Toxapex|88/100 brn|[from] Stealth Rock
|turn|13
|
|t:|1760381303
|move|p1a: Dragonite|Earthquake|p2a: Toxapex
|-supereffective|p2a: Toxapex
|-damage|p2a: Toxapex|34/100 brn
|move|p2a: Toxapex|Toxic|p1a: Dragonite
|-status|p1a: Dragonite|tox
|
|-heal|p2a: Toxapex|39/100 brn|[from] item: Leftovers
|-damage|p1a: Dragonite|77/100 tox|[from] psn
|-damage|p2a: Toxapex|34/100 brn|[from] brn
|upkeep
|turn|14
|
|t:|1760381312
|move|p1a: Dragonite|Earthquake|p2a: Toxapex
|-supereffective|p2a: Toxapex
|-damage|p2a: Toxapex|0 fnt
|faint|p2a: Toxapex
|
|win|itsscarycary
|c|☆itsscarycary|Gg
|c|☆itsscarycary|Wp
|c|☆Pouring-O|gg
