|badge|p2|silver|gen9doublesou|30-7
|uhtml|medal-msg|<div class="broadcast-blue">Curious what those medals under the avatar are? PS now has Ladder Seasons! For more information, check out the <a href="https://www.smogon.com/forums/threads/3740067/">thread on Smogon.</a></div>
|j|☆yilang
|j|☆mirzza
|t:|1760350621
|gametype|singles
|player|p1|yilang|1|1455
|player|p2|mirzza|saturn|1486
|gen|9
|tier|[Gen 9] OU
|rated|
|rule|HP Percentage Mod: HP is shown in percentages
|rule|Endless Battle Clause: Forcing endless battles is banned
|rule|Species Clause: Limit one of each Pokémon
|rule|OHKO Clause: OHKO moves are banned
|rule|Evasion Items Clause: Evasion items are banned
|rule|Evasion Moves Clause: Evasion moves are banned
|rule|Evasion Abilities Clause: Evasion abilities are banned
|rule|Sleep Moves Clause: Sleep-inducing moves are banned
|clearpoke
|poke|p1|Zamazenta-*|
|poke|p1|Samurott-Hisui, F|
|poke|p1|Darkrai|
|poke|p1|Zapdos|
|poke|p1|Great Tusk|
|poke|p1|Gholdengo|
|poke|p2|Alomomola, M|
|poke|p2|Blissey, F|
|poke|p2|Dragapult, F|
|poke|p2|Glimmora, F|
|poke|p2|Great Tusk|
|poke|p2|Meowscarada, M|
|teampreview
|inactive|Battle timer is ON: inactive players will automatically lose when time's up. (requested by mirzza)
|
|t:|1760350627
|teamsize|p1|6
|teamsize|p2|6
|start
|switch|p1a: 你说我是术士？|Darkrai|100/100
|switch|p2a: Meowscarada|Meowscarada, M|100/100
|turn|1
|
|t:|1760350634
|switch|p1a: 高台重装|Zapdos|100/100
|move|p2a: Meowscarada|U-turn|p1a: 高台重装
|-start|p2a: Meowscarada|typechange|Bug|[from] ability: Protean
|-resisted|p1a: 高台重装
|-damage|p1a: 高台重装|82/100
|
|t:|1760350644
|switch|p2a: Blissey|Blissey, F|100/100|[from] U-turn
|
|upkeep
|turn|2
|
|t:|1760350648
|move|p1a: 高台重装|Volt Switch|p2a: Blissey
|-damage|p2a: Blissey|89/100
|
|t:|1760350651
|switch|p1a: ou指定先锋|Samurott-Hisui, F|100/100|[from] Volt Switch
|move|p2a: Blissey|Stealth Rock|p1a: ou指定先锋
|-sidestart|p1: yilang|move: Stealth Rock
|
|-heal|p2a: Blissey|95/100|[from] item: Leftovers
|upkeep
|turn|3
|
|t:|1760350660
|switch|p2a: Alomomola|Alomomola, M|100/100
|move|p1a: ou指定先锋|Sacred Sword|p2a: Alomomola
|-damage|p2a: Alomomola|75/100
|-damage|p1a: ou指定先锋|84/100|[from] item: Rocky Helmet|[of] p2a: Alomomola
|
|upkeep
|turn|4
|
|t:|1760350667
|move|p1a: ou指定先锋|Ceaseless Edge|p2a: Alomomola
|-damage|p2a: Alomomola|51/100
|-damage|p1a: ou指定先锋|67/100|[from] item: Rocky Helmet|[of] p2a: Alomomola
|-sidestart|p2: mirzza|Spikes
|move|p2a: Alomomola|Wish|p2a: Alomomola
|
|upkeep
|turn|5
|
|t:|1760350674
|move|p1a: ou指定先锋|Ceaseless Edge|p2a: Alomomola
|-damage|p2a: Alomomola|25/100
|-damage|p1a: ou指定先锋|51/100|[from] item: Rocky Helmet|[of] p2a: Alomomola
|-sidestart|p2: mirzza|Spikes
|move|p2a: Alomomola|Flip Turn|p1a: ou指定先锋
|-resisted|p1a: ou指定先锋
|-damage|p1a: ou指定先锋|41/100
|
|t:|1760350686
|switch|p2a: Glimmora|Glimmora, F|100/100|[from] Flip Turn
|-damage|p2a: Glimmora|84/100|[from] Spikes
|
|-heal|p2a: Glimmora|100/100|[from] move: Wish|[wisher] Alomomola
|upkeep
|turn|6
|
|t:|1760350698
|switch|p1a: 你说我是术士？|Darkrai|100/100
|move|p2a: Glimmora|Power Gem|p1a: 你说我是术士？
|-damage|p1a: 你说我是术士？|54/100
|
|upkeep
|turn|7
|
|t:|1760350704
|move|p1a: 你说我是术士？|Dark Pulse|p2a: Glimmora
|-damage|p2a: Glimmora|42/100
|move|p2a: Glimmora|Mortal Spin|p1a: 你说我是术士？
|-crit|p1a: 你说我是术士？
|-damage|p1a: 你说我是术士？|43/100
|-status|p1a: 你说我是术士？|psn
|-sideend|p2: mirzza|Spikes|[from] move: Mortal Spin|[of] p2a: Glimmora
|
|-damage|p1a: 你说我是术士？|31/100 psn|[from] psn
|upkeep
|turn|8
|
|t:|1760350714
|switch|p1a: ou指定先锋|Samurott-Hisui, F|41/100
|switch|p2a: Blissey|Blissey, F|95/100
|
|-heal|p2a: Blissey|100/100|[from] item: Leftovers
|upkeep
|turn|9
|
|t:|1760350722
|switch|p2a: Alomomola|Alomomola, M|58/100
|move|p1a: ou指定先锋|Ceaseless Edge|p2a: Alomomola
|-damage|p2a: Alomomola|31/100
|-damage|p1a: ou指定先锋|25/100|[from] item: Rocky Helmet|[of] p2a: Alomomola
|-sidestart|p2: mirzza|Spikes
|
|upkeep
|turn|10
|
|t:|1760350731
|move|p1a: ou指定先锋|Ceaseless Edge|p2a: Alomomola
|-damage|p2a: Alomomola|7/100
|-damage|p1a: ou指定先锋|8/100|[from] item: Rocky Helmet|[of] p2a: Alomomola
|-sidestart|p2: mirzza|Spikes
|move|p2a: Alomomola|Wish|p2a: Alomomola
|
|upkeep
|turn|11
|
|t:|1760350744
|move|p2a: Alomomola|Protect|p2a: Alomomola
|-singleturn|p2a: Alomomola|Protect
|move|p1a: ou指定先锋|Razor Shell|p2a: Alomomola
|-activate|p2a: Alomomola|move: Protect
|
|-heal|p2a: Alomomola|57/100|[from] move: Wish|[wisher] Alomomola
|upkeep
|turn|12
|
|t:|1760350752
|switch|p1a: 高台重装|Zapdos|82/100
|move|p2a: Alomomola|Wish|p2a: Alomomola
|
|upkeep
|turn|13
|
|t:|1760350768
|switch|p2a: Blissey|Blissey, F|100/100
|-damage|p2a: Blissey|84/100|[from] Spikes
|move|p1a: 高台重装|Volt Switch|p2a: Blissey
|-damage|p2a: Blissey|72/100
|
|t:|1760350775
|switch|p1a: 地面工具人|Great Tusk|100/100|[from] Volt Switch
|
|-heal|p2a: Blissey|100/100|[from] move: Wish|[wisher] Alomomola
|upkeep
|turn|14
|
|t:|1760350786
|switch|p2a: Alomomola|Alomomola, M|90/100
|-damage|p2a: Alomomola|74/100|[from] Spikes
|move|p1a: 地面工具人|Knock Off|p2a: Alomomola
|-damage|p2a: Alomomola|56/100
|-damage|p1a: 地面工具人|84/100|[from] item: Rocky Helmet|[of] p2a: Alomomola
|-enditem|p2a: Alomomola|Rocky Helmet|[from] move: Knock Off|[of] p1a: 地面工具人
|
|upkeep
|turn|15
|
|t:|1760350802
|move|p1a: 地面工具人|Close Combat|p2a: Alomomola
|-damage|p2a: Alomomola|22/100
|-unboost|p1a: 地面工具人|def|1
|-unboost|p1a: 地面工具人|spd|1
|move|p2a: Alomomola|Wish|p2a: Alomomola
|
|upkeep
|turn|16
|
|t:|1760350810
|-end|p1a: 地面工具人|Protosynthesis|[silent]
|switch|p1a: 高台重装|Zapdos|82/100
|move|p2a: Alomomola|Protect||[still]
|-fail|p2a: Alomomola
|
|-heal|p2a: Alomomola|72/100|[from] move: Wish|[wisher] Alomomola
|upkeep
|turn|17
|
|t:|1760350818
|switch|p1a: 地面工具人|Great Tusk|84/100
|-terastallize|p2a: Alomomola|Poison
|move|p2a: Alomomola|Mirror Coat||[still]
|-fail|p2a: Alomomola
|
|upkeep
|turn|18
|
|t:|1760350828
|move|p1a: 地面工具人|Headlong Rush|p2a: Alomomola
|-supereffective|p2a: Alomomola
|-damage|p2a: Alomomola|10/100
|-unboost|p1a: 地面工具人|def|1
|-unboost|p1a: 地面工具人|spd|1
|move|p2a: Alomomola|Wish|p2a: Alomomola
|
|upkeep
|turn|19
|
|t:|1760350839
|switch|p2a: Dragapult|Dragapult, F|100/100
|-damage|p2a: Dragapult|84/100|[from] Spikes
|move|p1a: 地面工具人|Close Combat|p2a: Dragapult
|-immune|p2a: Dragapult
|
|-heal|p2a: Dragapult|100/100|[from] move: Wish|[wisher] Alomomola
|upkeep
|turn|20
|
|t:|1760350849
|-end|p1a: 地面工具人|Protosynthesis|[silent]
|switch|p1a: ou指定先锋|Samurott-Hisui, F|8/100
|move|p2a: Dragapult|Dragon Darts|p1a: ou指定先锋
|-damage|p1a: ou指定先锋|0 fnt
|faint|p1a: ou指定先锋
|
|upkeep
|
|t:|1760350857
|switch|p1a: 地面工具人|Great Tusk|84/100
|turn|21
|
|t:|1760350862
|move|p2a: Dragapult|Dragon Darts|p1a: 地面工具人
|-damage|p1a: 地面工具人|55/100
|-anim|p2a: Dragapult|Dragon Darts|p1a: 地面工具人
|-damage|p1a: 地面工具人|30/100
|move|p1a: 地面工具人|Knock Off|p2a: Dragapult
|-supereffective|p2a: Dragapult
|-damage|p2a: Dragapult|4/100
|-enditem|p2a: Dragapult|Choice Band|[from] move: Knock Off|[of] p1a: 地面工具人
|
|upkeep
|turn|22
|
|t:|1760350875
|-end|p1a: 地面工具人|Protosynthesis|[silent]
|switch|p1a: 你说我是术士？|Darkrai|31/100 psn
|move|p2a: Dragapult|Dragon Darts|p1a: 你说我是术士？
|-damage|p1a: 你说我是术士？|2/100 psn
|-anim|p2a: Dragapult|Dragon Darts|p1a: 你说我是术士？
|-crit|p1a: 你说我是术士？
|-damage|p1a: 你说我是术士？|0 fnt
|faint|p1a: 你说我是术士？
|
|upkeep
|
|t:|1760350878
|switch|p1a: 高台重装|Zapdos|82/100
|turn|23
|
|t:|1760350886
|switch|p2a: Blissey|Blissey, F|100/100
|-damage|p2a: Blissey|84/100|[from] Spikes
|move|p1a: 高台重装|Volt Switch|p2a: Blissey
|-damage|p2a: Blissey|74/100
|
|t:|1760350890
|switch|p1a: 地面工具人|Great Tusk|30/100|[from] Volt Switch
|
|-heal|p2a: Blissey|80/100|[from] item: Leftovers
|upkeep
|turn|24
|
|t:|1760350898
|switch|p2a: Alomomola|Alomomola, M, tera:Poison|43/100
|-damage|p2a: Alomomola|27/100|[from] Spikes
|move|p1a: 地面工具人|Rapid Spin|p2a: Alomomola
|-damage|p2a: Alomomola|16/100
|-boost|p1a: 地面工具人|spe|1
|-sideend|p1: yilang|Stealth Rock|[from] move: Rapid Spin|[of] p1a: 地面工具人
|
|upkeep
|turn|25
|
|t:|1760350912
|switch|p2a: Great Tusk|Great Tusk|100/100
|-damage|p2a: Great Tusk|84/100|[from] Spikes
|move|p1a: 地面工具人|Headlong Rush|p2a: Great Tusk
|-damage|p2a: Great Tusk|35/100
|-unboost|p1a: 地面工具人|def|1
|-unboost|p1a: 地面工具人|spd|1
|
|-heal|p2a: Great Tusk|42/100|[from] item: Leftovers
|upkeep
|turn|26
|
|t:|1760350923
|move|p1a: 地面工具人|Close Combat|p2a: Great Tusk
|-damage|p2a: Great Tusk|0 fnt
|-unboost|p1a: 地面工具人|def|1
|-unboost|p1a: 地面工具人|spd|1
|faint|p2a: Great Tusk
|-end|p2a: Great Tusk|Protosynthesis|[silent]
|
|upkeep
|-message|mirzza forfeited.
|
|win|yilang
|raw|yilang's rating: 1455 &rarr; <strong>1477</strong><br />(+22 for winning)
|raw|mirzza's rating: 1486 &rarr; <strong>1464</strong><br />(-22 for losing)
|l|☆mirzza
|player|p2|
