|j|☆henry151th
|j|☆ch1ck3n nu99ets
|t:|1760332644
|gametype|singles
|player|p1|henry151th|wallace|1646
|player|p2|ch1ck3n nu99ets|170|1670
|gen|9
|tier|[Gen 9] OU
|rated|
|rule|HP Percentage Mod: HP is shown in percentages
|rule|Endless Battle Clause: Forcing endless battles is banned
|rule|Species Clause: Limit one of each Pokémon
|rule|OHKO Clause: OHKO moves are banned
|rule|Evasion Items Clause: Evasion items are banned
|rule|Evasion Moves Clause: Evasion moves are banned
|rule|Evasion Abilities Clause: Evasion abilities are banned
|rule|Sleep Moves Clause: Sleep-inducing moves are banned
|clearpoke
|poke|p1|Dragapult, M|
|poke|p1|Excadrill, M|
|poke|p1|Tyranitar, M|
|poke|p1|Slowking-Galar, M|
|poke|p1|Rotom-Wash|
|poke|p1|Iron Valiant|
|poke|p2|Pelipper, M|
|poke|p2|Basculegion, M|
|poke|p2|Manaphy|
|poke|p2|Scizor, M|
|poke|p2|Iron Valiant|
|poke|p2|Sandy Shocks|
|teampreview
|inactive|Battle timer is ON: inactive players will automatically lose when time's up. (requested by ch1ck3n nu99ets)
|
|t:|1760332652
|teamsize|p1|6
|teamsize|p2|6
|start
|switch|p1a: Phantom|Rotom-Wash, shiny|100/100
|switch|p2a: Scizor|Scizor, M|100/100
|turn|1
|
|t:|1760332666
|move|p1a: Phantom|Trick|p2a: Scizor
|-activate|p1a: Phantom|move: Trick|[of] p2a: Scizor
|-item|p2a: Scizor|Choice Scarf|[from] move: Trick
|-item|p1a: Phantom|Sitrus Berry|[from] move: Trick
|move|p2a: Scizor|U-turn|p1a: Phantom
|-damage|p1a: Phantom|44/100
|-enditem|p1a: Phantom|Sitrus Berry|[eat]
|-heal|p1a: Phantom|69/100|[from] item: Sitrus Berry
|
|t:|1760332674
|switch|p2a: Sandy Shocks|Sandy Shocks|100/100|[from] U-turn
|-enditem|p2a: Sandy Shocks|Booster Energy
|-activate|p2a: Sandy Shocks|ability: Protosynthesis|[fromitem]
|-start|p2a: Sandy Shocks|protosynthesisspe
|
|upkeep
|turn|2
|
|t:|1760332679
|move|p2a: Sandy Shocks|Thunder|p1a: Phantom|[miss]
|-miss|p2a: Sandy Shocks|p1a: Phantom
|move|p1a: Phantom|Hydro Pump|p2a: Sandy Shocks
|-supereffective|p2a: Sandy Shocks
|-damage|p2a: Sandy Shocks|0 fnt
|faint|p2a: Sandy Shocks
|-end|p2a: Sandy Shocks|Protosynthesis|[silent]
|
|upkeep
|
|t:|1760332684
|switch|p2a: Scizor|Scizor, M|100/100
|turn|3
|
|t:|1760332686
|move|p1a: Phantom|Volt Switch|p2a: Scizor
|-damage|p2a: Scizor|64/100
|
|t:|1760332690
|switch|p1a: Sahara|Iron Valiant, shiny|100/100|[from] Volt Switch
|move|p2a: Scizor|U-turn|p1a: Sahara
|-resisted|p1a: Sahara
|-damage|p1a: Sahara|88/100
|
|t:|1760332695
|switch|p2a: Pelipper|Pelipper, M|100/100|[from] U-turn
|-weather|RainDance|[from] ability: Drizzle|[of] p2a: Pelipper
|
|-weather|RainDance|[upkeep]
|upkeep
|turn|4
|
|t:|1760332699
|switch|p2a: Scizor|Scizor, M|64/100
|move|p1a: Sahara|Thunderbolt|p2a: Scizor
|-damage|p2a: Scizor|9/100
|
|-weather|RainDance|[upkeep]
|upkeep
|turn|5
|
|t:|1760332709
|-end|p1a: Sahara|Quark Drive|[silent]
|switch|p1a: Phantom|Rotom-Wash, shiny|69/100
|move|p2a: Scizor|Bullet Punch|p1a: Phantom
|-resisted|p1a: Phantom
|-damage|p1a: Phantom|58/100
|
|-weather|RainDance|[upkeep]
|upkeep
|turn|6
|
|t:|1760332717
|move|p2a: Scizor|Bullet Punch|p1a: Phantom
|-resisted|p1a: Phantom
|-damage|p1a: Phantom|45/100
|move|p1a: Phantom|Volt Switch|p2a: Scizor
|-damage|p2a: Scizor|0 fnt
|faint|p2a: Scizor
|
|t:|1760332720
|switch|p1a: Rex|Tyranitar, M, shiny|100/100|[from] Volt Switch
|-weather|Sandstorm|[from] ability: Sand Stream|[of] p1a: Rex
|
|-weather|Sandstorm|[upkeep]
|upkeep
|
|t:|1760332724
|switch|p2a: Basculegion|Basculegion, M|100/100
|turn|7
|
|t:|1760332730
|move|p2a: Basculegion|Wave Crash|p1a: Rex
|-supereffective|p1a: Rex
|-damage|p1a: Rex|0 fnt
|faint|p1a: Rex
|-damage|p2a: Basculegion|71/100|[from] Recoil
|
|-weather|Sandstorm|[upkeep]
|-damage|p2a: Basculegion|65/100|[from] Sandstorm
|upkeep
|
|t:|1760332732
|switch|p1a: Sahara|Iron Valiant, shiny|88/100
|turn|8
|
|t:|1760332736
|switch|p2a: Pelipper|Pelipper, M|100/100
|-weather|RainDance|[from] ability: Drizzle|[of] p2a: Pelipper
|move|p1a: Sahara|Thunderbolt|p2a: Pelipper
|-supereffective|p2a: Pelipper
|-damage|p2a: Pelipper|0 fnt
|faint|p2a: Pelipper
|
|-weather|RainDance|[upkeep]
|upkeep
|
|t:|1760332738
|switch|p2a: Basculegion|Basculegion, M|65/100
|turn|9
|
|t:|1760332744
|move|p2a: Basculegion|Wave Crash|p1a: Sahara
|-crit|p1a: Sahara
|-damage|p1a: Sahara|0 fnt
|faint|p1a: Sahara
|-end|p1a: Sahara|Quark Drive|[silent]
|-damage|p2a: Basculegion|43/100|[from] Recoil
|
|-weather|RainDance|[upkeep]
|upkeep
|
|t:|1760332746
|switch|p1a: Leviathan|Dragapult, M, shiny|100/100
|turn|10
|
|t:|1760332755
|move|p1a: Leviathan|Sucker Punch|p2a: Basculegion
|-supereffective|p2a: Basculegion
|-damage|p2a: Basculegion|0 fnt
|faint|p2a: Basculegion
|
|-weather|RainDance|[upkeep]
|upkeep
|
|t:|1760332759
|switch|p2a: Iron Valiant|Iron Valiant|100/100
|-enditem|p2a: Iron Valiant|Booster Energy
|-activate|p2a: Iron Valiant|ability: Quark Drive|[fromitem]
|-start|p2a: Iron Valiant|quarkdrivespe
|turn|11
|
|t:|1760332761
|switch|p1a: Mantra|Slowking-Galar, M, shiny|100/100
|move|p2a: Iron Valiant|Swords Dance|p2a: Iron Valiant
|-boost|p2a: Iron Valiant|atk|2
|
|-weather|RainDance|[upkeep]
|upkeep
|turn|12
|j| ace trumpets
|
|t:|1760332773
|-terastallize|p1a: Mantra|Water
|move|p2a: Iron Valiant|Liquidation|p1a: Mantra
|-resisted|p1a: Mantra
|-damage|p1a: Mantra|68/100
|move|p1a: Mantra|Surf|p2a: Iron Valiant
|-damage|p2a: Iron Valiant|14/100
|
|-weather|RainDance|[upkeep]
|upkeep
|turn|13
|
|t:|1760332779
|move|p2a: Iron Valiant|Close Combat|p1a: Mantra
|-damage|p1a: Mantra|0 fnt
|-unboost|p2a: Iron Valiant|def|1
|-unboost|p2a: Iron Valiant|spd|1
|faint|p1a: Mantra
|
|-weather|RainDance|[upkeep]
|upkeep
|
|t:|1760332781
|switch|p1a: Leviathan|Dragapult, M, shiny|100/100
|turn|14
|
|t:|1760332786
|move|p2a: Iron Valiant|Liquidation|p1a: Leviathan
|-resisted|p1a: Leviathan
|-damage|p1a: Leviathan|38/100
|move|p1a: Leviathan|U-turn|p2a: Iron Valiant
|-resisted|p2a: Iron Valiant
|-damage|p2a: Iron Valiant|0 fnt
|faint|p2a: Iron Valiant
|-end|p2a: Iron Valiant|Quark Drive|[silent]
|
|t:|1760332789
|switch|p1a: Phantom|Rotom-Wash, shiny|45/100|[from] U-turn
|
|-weather|RainDance|[upkeep]
|upkeep
|
|t:|1760332791
|switch|p2a: Manaphy|Manaphy|100/100
|turn|15
|
|t:|1760332800
|-terastallize|p2a: Manaphy|Fairy
|move|p2a: Manaphy|Alluring Voice|p1a: Phantom
|-damage|p1a: Phantom|0 fnt
|faint|p1a: Phantom
|
|-weather|none
|upkeep
|
|t:|1760332804
|switch|p1a: Impaler|Excadrill, M, shiny|100/100
|turn|16
|
|t:|1760332806
|move|p2a: Manaphy|Surf|p1a: Impaler
|-supereffective|p1a: Impaler
|-damage|p1a: Impaler|0 fnt
|faint|p1a: Impaler
|
|upkeep
|
|t:|1760332808
|switch|p1a: Leviathan|Dragapult, M, shiny|38/100
|turn|17
|
|t:|1760332812
|move|p1a: Leviathan|Tera Blast|p2a: Manaphy
|-damage|p2a: Manaphy|85/100
|move|p2a: Manaphy|Alluring Voice|p1a: Leviathan
|-supereffective|p1a: Leviathan
|-damage|p1a: Leviathan|0 fnt
|faint|p1a: Leviathan
|
|win|ch1ck3n nu99ets
|raw|henry151th's rating: 1646 &rarr; <strong>1627</strong><br />(-19 for losing)
|raw|ch1ck3n nu99ets's rating: 1670 &rarr; <strong>1689</strong><br />(+19 for winning)
|c|☆ch1ck3n nu99ets|gg
|l|☆ch1ck3n nu99ets
|player|p2|
|l| ace trumpets
