|j|☆cellthadon
|j|☆suifenli
|t:|1760329508
|gametype|singles
|player|p1|cellthadon|266|1427
|player|p2|suifenli|n|1594
|gen|9
|tier|[Gen 9] OU
|rated|
|rule|HP Percentage Mod: HP is shown in percentages
|rule|Endless Battle Clause: Forcing endless battles is banned
|rule|Species Clause: Limit one of each Pokémon
|rule|OHKO Clause: OHKO moves are banned
|rule|Evasion Items Clause: Evasion items are banned
|rule|Evasion Moves Clause: Evasion moves are banned
|rule|Evasion Abilities Clause: Evasion abilities are banned
|rule|Sleep Moves Clause: Sleep-inducing moves are banned
|clearpoke
|poke|p1|Primarina, M|
|poke|p1|Garganacl, F|
|poke|p1|Corviknight, F|
|poke|p1|Cinderace, F|
|poke|p1|Kommo-o, M|
|poke|p1|Alomomola, M|
|poke|p2|Zamazenta-*|
|poke|p2|Sableye, M|
|poke|p2|Blaziken, F|
|poke|p2|Bellossom, M|
|poke|p2|Garganacl, F|
|poke|p2|Latias, F|
|teampreview
|inactive|Battle timer is ON: inactive players will automatically lose when time's up. (requested by suifenli)
|c|☆cellthadon|lol you got the right idea
|
|t:|1760329536
|teamsize|p1|6
|teamsize|p2|6
|start
|switch|p1a: Primarina|Primarina, M|100/100
|switch|p2a: Blaziken|Blaziken, F|100/100
|turn|1
|
|t:|1760329549
|move|p2a: Blaziken|Swords Dance|p2a: Blaziken
|-boost|p2a: Blaziken|atk|2
|move|p1a: Primarina|Psychic Noise|p2a: Blaziken
|-supereffective|p2a: Blaziken
|-enditem|p2a: Blaziken|Focus Sash
|-damage|p2a: Blaziken|1/100
|-start|p2a: Blaziken|move: Heal Block
|
|-ability|p2a: Blaziken|Speed Boost|boost
|-boost|p2a: Blaziken|spe|1
|upkeep
|turn|2
|
|t:|1760329578
|switch|p1a: Cinderace|Cinderace, F|100/100
|-terastallize|p2a: Blaziken|Fighting
|move|p2a: Blaziken|Reversal|p1a: Cinderace
|-damage|p1a: Cinderace|0 fnt
|faint|p1a: Cinderace
|
|-end|p2a: Blaziken|move: Heal Block
|-ability|p2a: Blaziken|Speed Boost|boost
|-boost|p2a: Blaziken|spe|1
|upkeep
|inactive|cellthadon has 120 seconds left.
|
|t:|1760329602
|switch|p1a: Alomomola|Alomomola, M|100/100
|turn|3
|
|t:|1760329606
|move|p2a: Blaziken|Reversal|p1a: Alomomola
|-damage|p1a: Alomomola|0 fnt
|faint|p1a: Alomomola
|
|-ability|p2a: Blaziken|Speed Boost|boost
|-boost|p2a: Blaziken|spe|1
|upkeep
|
|t:|1760329611
|switch|p1a: Garganacl|Garganacl, F|100/100
|turn|4
|
|t:|1760329620
|-terastallize|p1a: Garganacl|Fairy
|move|p2a: Blaziken|Blaze Kick|p1a: Garganacl
|-damage|p1a: Garganacl|59/100
|move|p1a: Garganacl|Salt Cure|p2a: Blaziken
|-resisted|p2a: Blaziken
|-damage|p2a: Blaziken|0 fnt
|faint|p2a: Blaziken
|
|-heal|p1a: Garganacl|65/100|[from] item: Leftovers
|upkeep
|
|t:|1760329630
|switch|p2a: Zamazenta|Zamazenta|100/100
|-ability|p2a: Zamazenta|Dauntless Shield|boost
|-boost|p2a: Zamazenta|def|1
|turn|5
|
|t:|1760329642
|switch|p1a: Primarina|Primarina, M|100/100
|move|p2a: Zamazenta|Substitute|p2a: Zamazenta
|-start|p2a: Zamazenta|Substitute
|-damage|p2a: Zamazenta|76/100
|
|-heal|p2a: Zamazenta|82/100|[from] item: Leftovers
|upkeep
|turn|6
|
|t:|1760329652
|move|p2a: Zamazenta|Snarl|p1a: Primarina
|-resisted|p1a: Primarina
|-damage|p1a: Primarina|96/100
|-unboost|p1a: Primarina|spa|1
|move|p1a: Primarina|Psychic Noise|p2a: Zamazenta
|-damage|p2a: Zamazenta|64/100
|-start|p2a: Zamazenta|move: Heal Block
|
|-heal|p1a: Primarina|100/100|[from] item: Leftovers
|upkeep
|turn|7
|
|t:|1760329664
|move|p2a: Zamazenta|Iron Defense|p2a: Zamazenta
|-boost|p2a: Zamazenta|def|2
|move|p1a: Primarina|Draining Kiss|p2a: Zamazenta
|-supereffective|p2a: Zamazenta
|-end|p2a: Zamazenta|Substitute
|
|-end|p2a: Zamazenta|move: Heal Block
|upkeep
|turn|8
|
|t:|1760329674
|move|p2a: Zamazenta|Body Press|p1a: Primarina
|-resisted|p1a: Primarina
|-damage|p1a: Primarina|46/100
|move|p1a: Primarina|Draining Kiss|p2a: Zamazenta
|-supereffective|p2a: Zamazenta
|-damage|p2a: Zamazenta|37/100
|-heal|p1a: Primarina|64/100|[from] drain|[of] p2a: Zamazenta
|
|-heal|p2a: Zamazenta|44/100|[from] item: Leftovers
|-heal|p1a: Primarina|70/100|[from] item: Leftovers
|upkeep
|turn|9
|
|t:|1760329688
|move|p2a: Zamazenta|Body Press|p1a: Primarina
|-resisted|p1a: Primarina
|-damage|p1a: Primarina|10/100
|move|p1a: Primarina|Draining Kiss|p2a: Zamazenta
|-supereffective|p2a: Zamazenta
|-damage|p2a: Zamazenta|16/100
|-heal|p1a: Primarina|28/100|[from] drain|[of] p2a: Zamazenta
|
|-heal|p2a: Zamazenta|22/100|[from] item: Leftovers
|-heal|p1a: Primarina|34/100|[from] item: Leftovers
|upkeep
|turn|10
|
|t:|1760329703
|move|p2a: Zamazenta|Body Press|p1a: Primarina
|-resisted|p1a: Primarina
|-damage|p1a: Primarina|0 fnt
|faint|p1a: Primarina
|
|-heal|p2a: Zamazenta|28/100|[from] item: Leftovers
|upkeep
|
|t:|1760329710
|switch|p1a: Garganacl|Garganacl, F, tera:Fairy|65/100
|turn|11
|
|t:|1760329714
|move|p2a: Zamazenta|Substitute|p2a: Zamazenta
|-start|p2a: Zamazenta|Substitute
|-damage|p2a: Zamazenta|3/100
|move|p1a: Garganacl|Curse|p1a: Garganacl
|-unboost|p1a: Garganacl|spe|1
|-boost|p1a: Garganacl|atk|1
|-boost|p1a: Garganacl|def|1
|
|-heal|p2a: Zamazenta|9/100|[from] item: Leftovers
|-heal|p1a: Garganacl|71/100|[from] item: Leftovers
|upkeep
|turn|12
|
|t:|1760329723
|move|p2a: Zamazenta|Iron Defense|p2a: Zamazenta
|-boost|p2a: Zamazenta|def|2
|move|p1a: Garganacl|Curse|p1a: Garganacl
|-unboost|p1a: Garganacl|spe|1
|-boost|p1a: Garganacl|atk|1
|-boost|p1a: Garganacl|def|1
|
|-heal|p2a: Zamazenta|16/100|[from] item: Leftovers
|-heal|p1a: Garganacl|77/100|[from] item: Leftovers
|upkeep
|turn|13
|
|t:|1760329732
|move|p2a: Zamazenta|Body Press|p1a: Garganacl
|-resisted|p1a: Garganacl
|-crit|p1a: Garganacl
|-damage|p1a: Garganacl|26/100
|move|p1a: Garganacl|Curse|p1a: Garganacl
|-unboost|p1a: Garganacl|spe|1
|-boost|p1a: Garganacl|atk|1
|-boost|p1a: Garganacl|def|1
|
|-heal|p2a: Zamazenta|22/100|[from] item: Leftovers
|-heal|p1a: Garganacl|32/100|[from] item: Leftovers
|upkeep
|turn|14
|
|t:|1760329741
|move|p2a: Zamazenta|Body Press|p1a: Garganacl
|-resisted|p1a: Garganacl
|-damage|p1a: Garganacl|18/100
|move|p1a: Garganacl|Recover|p1a: Garganacl
|-heal|p1a: Garganacl|68/100
|
|-heal|p2a: Zamazenta|28/100|[from] item: Leftovers
|-heal|p1a: Garganacl|74/100|[from] item: Leftovers
|upkeep
|turn|15
|
|t:|1760329750
|move|p2a: Zamazenta|Body Press|p1a: Garganacl
|-resisted|p1a: Garganacl
|-damage|p1a: Garganacl|61/100
|move|p1a: Garganacl|Curse|p1a: Garganacl
|-unboost|p1a: Garganacl|spe|1
|-boost|p1a: Garganacl|atk|1
|-boost|p1a: Garganacl|def|1
|
|-heal|p2a: Zamazenta|34/100|[from] item: Leftovers
|-heal|p1a: Garganacl|67/100|[from] item: Leftovers
|upkeep
|turn|16
|
|t:|1760329760
|switch|p2a: Sableye|Sableye, M|100/100
|move|p1a: Garganacl|Curse|p1a: Garganacl
|-unboost|p1a: Garganacl|spe|1
|-boost|p1a: Garganacl|atk|1
|-boost|p1a: Garganacl|def|1
|
|-heal|p1a: Garganacl|74/100|[from] item: Leftovers
|upkeep
|turn|17
|
|t:|1760329767
|move|p2a: Sableye|Encore|p1a: Garganacl
|-start|p1a: Garganacl|Encore
|move|p1a: Garganacl|Curse|p1a: Garganacl
|-unboost|p1a: Garganacl|spe|1
|-boost|p1a: Garganacl|atk|1
|-boost|p1a: Garganacl|def|1
|
|-heal|p1a: Garganacl|80/100|[from] item: Leftovers
|upkeep
|turn|18
|
|t:|1760329774
|switch|p2a: Latias|Latias, F|100/100
|move|p1a: Garganacl|Curse|p1a: Garganacl
|
|-heal|p1a: Garganacl|86/100|[from] item: Leftovers
|upkeep
|turn|19
|
|t:|1760329783
|switch|p1a: Corviknight|Corviknight, F|100/100
|-ability|p1a: Corviknight|Pressure
|move|p2a: Latias|Calm Mind|p2a: Latias
|-boost|p2a: Latias|spa|1
|-boost|p2a: Latias|spd|1
|
|upkeep
|turn|20
|
|t:|1760329791
|move|p2a: Latias|Calm Mind|p2a: Latias
|-boost|p2a: Latias|spa|1
|-boost|p2a: Latias|spd|1
|move|p1a: Corviknight|Curse|p1a: Corviknight
|-unboost|p1a: Corviknight|spe|1
|-boost|p1a: Corviknight|atk|1
|-boost|p1a: Corviknight|def|1
|
|upkeep
|turn|21
|
|t:|1760329798
|move|p2a: Latias|Calm Mind|p2a: Latias
|-boost|p2a: Latias|spa|1
|-boost|p2a: Latias|spd|1
|move|p1a: Corviknight|Curse|p1a: Corviknight
|-unboost|p1a: Corviknight|spe|1
|-boost|p1a: Corviknight|atk|1
|-boost|p1a: Corviknight|def|1
|
|upkeep
|turn|22
|
|t:|1760329808
|move|p2a: Latias|Stored Power|p1a: Corviknight
|-resisted|p1a: Corviknight
|-damage|p1a: Corviknight|55/100
|move|p1a: Corviknight|Curse|p1a: Corviknight
|-unboost|p1a: Corviknight|spe|1
|-boost|p1a: Corviknight|atk|1
|-boost|p1a: Corviknight|def|1
|
|-heal|p1a: Corviknight|62/100|[from] item: Leftovers
|upkeep
|turn|23
|
|t:|1760329821
|move|p2a: Latias|Calm Mind|p2a: Latias
|-boost|p2a: Latias|spa|1
|-boost|p2a: Latias|spd|1
|move|p1a: Corviknight|Roost|p1a: Corviknight
|-heal|p1a: Corviknight|100/100
|-singleturn|p1a: Corviknight|move: Roost
|
|upkeep
|turn|24
|
|t:|1760329829
|move|p2a: Latias|Stored Power|p1a: Corviknight
|-resisted|p1a: Corviknight
|-damage|p1a: Corviknight|32/100
|move|p1a: Corviknight|Power Trip|p2a: Latias
|-supereffective|p2a: Latias
|-crit|p2a: Latias
|-damage|p2a: Latias|0 fnt
|faint|p2a: Latias
|
|-heal|p1a: Corviknight|38/100|[from] item: Leftovers
|upkeep
|
|t:|1760329849
|switch|p2a: Sableye|Sableye, M|100/100
|turn|25
|
|t:|1760329852
|move|p2a: Sableye|Metal Burst||[still]
|-fail|p2a: Sableye
|move|p1a: Corviknight|Power Trip|p2a: Sableye
|-enditem|p2a: Sableye|Focus Sash
|-damage|p2a: Sableye|1/100
|
|-heal|p1a: Corviknight|44/100|[from] item: Leftovers
|upkeep
|turn|26
|
|t:|1760329861
|move|p2a: Sableye|Reflect|p2a: Sableye
|-sidestart|p2: suifenli|Reflect
|move|p1a: Corviknight|Power Trip|p2a: Sableye
|-damage|p2a: Sableye|0 fnt
|faint|p2a: Sableye
|
|-heal|p1a: Corviknight|50/100|[from] item: Leftovers
|upkeep
|
|t:|1760329863
|switch|p2a: Garganacl|Garganacl, F|100/100
|turn|27
|
|t:|1760329873
|switch|p1a: Kommo-o|Kommo-o, M|100/100
|move|p2a: Garganacl|Iron Defense|p2a: Garganacl
|-boost|p2a: Garganacl|def|2
|
|upkeep
|turn|28
|
|t:|1760329879
|move|p1a: Kommo-o|Iron Defense|p1a: Kommo-o
|-boost|p1a: Kommo-o|def|2
|move|p2a: Garganacl|Iron Defense|p2a: Garganacl
|-boost|p2a: Garganacl|def|2
|
|upkeep
|turn|29
|
|t:|1760329884
|move|p1a: Kommo-o|Iron Defense|p1a: Kommo-o
|-boost|p1a: Kommo-o|def|2
|move|p2a: Garganacl|Salt Cure|p1a: Kommo-o
|-resisted|p1a: Kommo-o
|-damage|p1a: Kommo-o|99/100
|-start|p1a: Kommo-o|Salt Cure
|
|-heal|p1a: Kommo-o|100/100|[from] item: Leftovers
|-damage|p1a: Kommo-o|88/100|[from] Salt Cure
|upkeep
|turn|30
|
|t:|1760329891
|move|p1a: Kommo-o|Iron Defense|p1a: Kommo-o
|-boost|p1a: Kommo-o|def|2
|move|p2a: Garganacl|Iron Defense|p2a: Garganacl
|-boost|p2a: Garganacl|def|2
|
|-heal|p1a: Kommo-o|94/100|[from] item: Leftovers
|-damage|p1a: Kommo-o|82/100|[from] Salt Cure
|-sideend|p2: suifenli|Reflect
|upkeep
|turn|31
|
|t:|1760329899
|move|p1a: Kommo-o|Stealth Rock|p2a: Garganacl
|-sidestart|p2: suifenli|move: Stealth Rock
|move|p2a: Garganacl|Recover||[still]
|-fail|p2a: Garganacl|heal
|
|-heal|p1a: Kommo-o|88/100|[from] item: Leftovers
|-damage|p1a: Kommo-o|76/100|[from] Salt Cure
|upkeep
|turn|32
|
|t:|1760329905
|move|p2a: Garganacl|Body Press|p1a: Kommo-o
|-damage|p1a: Kommo-o|58/100
|move|p1a: Kommo-o|Dragon Tail|p2a: Garganacl
|-damage|p2a: Garganacl|97/100
|drag|p2a: Zamazenta|Zamazenta|34/100
|-damage|p2a: Zamazenta|28/100|[from] Stealth Rock
|
|-heal|p2a: Zamazenta|34/100|[from] item: Leftovers
|-heal|p1a: Kommo-o|64/100|[from] item: Leftovers
|-damage|p1a: Kommo-o|51/100|[from] Salt Cure
|upkeep
|turn|33
|c|☆cellthadon|gg
|
|t:|1760329916
|move|p2a: Zamazenta|Substitute|p2a: Zamazenta
|-start|p2a: Zamazenta|Substitute
|-damage|p2a: Zamazenta|9/100
|move|p1a: Kommo-o|Body Press|p2a: Zamazenta
|-end|p2a: Zamazenta|Substitute
|
|-heal|p2a: Zamazenta|15/100|[from] item: Leftovers
|-heal|p1a: Kommo-o|58/100|[from] item: Leftovers
|-damage|p1a: Kommo-o|45/100|[from] Salt Cure
|upkeep
|turn|34
|
|t:|1760329925
|move|p2a: Zamazenta|Snarl|p1a: Kommo-o
|-resisted|p1a: Kommo-o
|-damage|p1a: Kommo-o|42/100
|-unboost|p1a: Kommo-o|spa|1
|move|p1a: Kommo-o|Body Press|p2a: Zamazenta
|-damage|p2a: Zamazenta|0 fnt
|faint|p2a: Zamazenta
|
|-heal|p1a: Kommo-o|48/100|[from] item: Leftovers
|-damage|p1a: Kommo-o|36/100|[from] Salt Cure
|upkeep
|
|t:|1760329932
|switch|p2a: Garganacl|Garganacl, F|97/100
|-damage|p2a: Garganacl|84/100|[from] Stealth Rock
|turn|35
|
|t:|1760329937
|move|p1a: Kommo-o|Body Press|p2a: Garganacl
|-supereffective|p2a: Garganacl
|-damage|p2a: Garganacl|0 fnt
|faint|p2a: Garganacl
|
|-heal|p1a: Kommo-o|42/100|[from] item: Leftovers
|-damage|p1a: Kommo-o|29/100|[from] Salt Cure
|upkeep
|
|t:|1760329940
|switch|p2a: Bellossom|Bellossom, M|100/100
|-damage|p2a: Bellossom|88/100|[from] Stealth Rock
|turn|36
|
|t:|1760329946
|move|p1a: Kommo-o|Body Press|p2a: Bellossom
|-damage|p2a: Bellossom|0 fnt
|faint|p2a: Bellossom
|
|win|cellthadon
|raw|cellthadon's rating: 1427 &rarr; <strong>1456</strong><br />(+29 for winning)
|raw|suifenli's rating: 1594 &rarr; <strong>1565</strong><br />(-29 for losing)
|l|☆cellthadon
|player|p1|
|l|☆suifenli
|player|p2|
