|j|☆missingyat
|j|☆NecroNyan
|t:|1760377642
|gametype|singles
|player|p1|missingyat|clerk|1143
|player|p2|NecroNyan|maid|1135
|gen|9
|tier|[Gen 9] OU
|rated|
|rule|HP Percentage Mod: HP is shown in percentages
|rule|Endless Battle Clause: Forcing endless battles is banned
|rule|Species Clause: Limit one of each Pokémon
|rule|OHKO Clause: OHKO moves are banned
|rule|Evasion Items Clause: Evasion items are banned
|rule|Evasion Moves Clause: Evasion moves are banned
|rule|Evasion Abilities Clause: Evasion abilities are banned
|rule|Sleep Moves Clause: Sleep-inducing moves are banned
|clearpoke
|poke|p1|Wugtrio, F|
|poke|p1|Politoed, M|
|poke|p1|Ambipom, M|
|poke|p1|Dusknoir, M|
|poke|p1|Hitmontop, M|
|poke|p1|Ludicolo, F|
|poke|p2|Ogerpon-Wellspring, F|
|poke|p2|Pelipper, M|
|poke|p2|Drednaw, M|
|poke|p2|Dragonite, F|
|poke|p2|Ditto|
|poke|p2|Kleavor, F|
|teampreview
|c|☆NecroNyan|Damn... Rain bro?
|
|t:|1760377664
|teamsize|p1|6
|teamsize|p2|6
|start
|switch|p1a: Dusknoir|Dusknoir, M|100/100
|switch|p2a: SkillIssue.exe|Kleavor, F, shiny|100/100
|-item|p2a: SkillIssue.exe|Focus Sash|[from] ability: Frisk|[of] p1a: Dusknoir
|turn|1
|
|t:|1760377675
|move|p2a: SkillIssue.exe|Stone Axe|p1a: Dusknoir
|-damage|p1a: Dusknoir|53/100
|-sidestart|p1: missingyat|move: Stealth Rock
|move|p1a: Dusknoir|Poltergeist|p2a: SkillIssue.exe
|-activate|p2a: SkillIssue.exe|move: Poltergeist|Focus Sash
|-damage|p2a: SkillIssue.exe|50/100
|
|upkeep
|turn|2
|
|t:|1760377690
|move|p2a: SkillIssue.exe|Stone Edge|p1a: Dusknoir|[miss]
|-miss|p2a: SkillIssue.exe|p1a: Dusknoir
|move|p1a: Dusknoir|Poltergeist|p2a: SkillIssue.exe
|-activate|p2a: SkillIssue.exe|move: Poltergeist|Focus Sash
|-damage|p2a: SkillIssue.exe|0 fnt
|faint|p2a: SkillIssue.exe
|
|upkeep
|
|t:|1760377711
|switch|p2a: Chonky|Pelipper, M|100/100
|-weather|RainDance|[from] ability: Drizzle|[of] p2a: Chonky
|turn|3
|
|t:|1760377717
|move|p1a: Dusknoir|Thunder Punch|p2a: Chonky
|-supereffective|p2a: Chonky
|-damage|p2a: Chonky|32/100
|-status|p2a: Chonky|par
|cant|p2a: Chonky|par
|
|-weather|RainDance|[upkeep]
|upkeep
|turn|4
|
|t:|1760377724
|move|p1a: Dusknoir|Thunder Punch|p2a: Chonky
|-supereffective|p2a: Chonky
|-damage|p2a: Chonky|0 fnt
|faint|p2a: Chonky
|
|-weather|RainDance|[upkeep]
|upkeep
|
|t:|1760377731
|switch|p2a: YourMom|Drednaw, M|100/100
|turn|5
|
|t:|1760377736
|move|p2a: YourMom|Shell Smash|p2a: YourMom
|-unboost|p2a: YourMom|def|1
|-unboost|p2a: YourMom|spd|1
|-boost|p2a: YourMom|atk|2
|-boost|p2a: YourMom|spa|2
|-boost|p2a: YourMom|spe|2
|move|p1a: Dusknoir|Poltergeist|p2a: YourMom
|-activate|p2a: YourMom|move: Poltergeist|Focus Sash
|-damage|p2a: YourMom|40/100
|
|-weather|RainDance|[upkeep]
|upkeep
|turn|6
|
|t:|1760377751
|move|p2a: YourMom|Waterfall|p1a: Dusknoir
|-damage|p1a: Dusknoir|0 fnt
|faint|p1a: Dusknoir
|
|-weather|RainDance|[upkeep]
|upkeep
|
|t:|1760377754
|switch|p1a: Ambipom|Ambipom, M|100/100
|-damage|p1a: Ambipom|88/100|[from] Stealth Rock
|turn|7
|
|t:|1760377760
|move|p1a: Ambipom|Fake Out|p2a: YourMom
|-resisted|p2a: YourMom
|-damage|p2a: YourMom|12/100
|cant|p2a: YourMom|flinch
|
|-weather|RainDance|[upkeep]
|upkeep
|turn|8
|
|t:|1760377770
|switch|p1a: Ludicolo|Ludicolo, F|100/100
|-damage|p1a: Ludicolo|88/100|[from] Stealth Rock
|move|p2a: YourMom|Waterfall|p1a: Ludicolo
|-resisted|p1a: Ludicolo
|-damage|p1a: Ludicolo|46/100
|
|-weather|RainDance|[upkeep]
|-heal|p1a: Ludicolo|51/100|[from] item: Leftovers
|upkeep
|turn|9
|
|t:|1760377782
|move|p2a: YourMom|Ice Spinner|p1a: Ludicolo
|-damage|p1a: Ludicolo|0 fnt
|faint|p1a: Ludicolo
|
|-weather|RainDance|[upkeep]
|upkeep
|
|t:|1760377787
|switch|p1a: Ambipom|Ambipom, M|88/100
|-damage|p1a: Ambipom|76/100|[from] Stealth Rock
|turn|10
|
|t:|1760377794
|move|p1a: Ambipom|Fake Out|p2a: YourMom
|-resisted|p2a: YourMom
|-damage|p2a: YourMom|0 fnt
|faint|p2a: YourMom
|
|-weather|none
|upkeep
|
|t:|1760377800
|switch|p2a: ShippiShippi|Ogerpon-Wellspring, F|100/100
|turn|11
|
|t:|1760377806
|move|p1a: Ambipom|U-turn|p2a: ShippiShippi
|-supereffective|p2a: ShippiShippi
|-damage|p2a: ShippiShippi|45/100
|
|t:|1760377811
|switch|p1a: Hitmontop|Hitmontop, M|100/100|[from] U-turn
|-damage|p1a: Hitmontop|94/100|[from] Stealth Rock
|move|p2a: ShippiShippi|Swords Dance|p2a: ShippiShippi
|-boost|p2a: ShippiShippi|atk|2
|
|upkeep
|turn|12
|
|t:|1760377824
|move|p1a: Hitmontop|Fake Out|p2a: ShippiShippi
|-damage|p2a: ShippiShippi|21/100
|cant|p2a: ShippiShippi|flinch
|
|upkeep
|turn|13
|
|t:|1760377831
|move|p2a: ShippiShippi|Horn Leech|p1a: Hitmontop
|-damage|p1a: Hitmontop|0 fnt
|-heal|p2a: ShippiShippi|58/100|[from] drain|[of] p1a: Hitmontop
|faint|p1a: Hitmontop
|
|upkeep
|
|t:|1760377845
|switch|p1a: Ambipom|Ambipom, M|76/100
|-damage|p1a: Ambipom|64/100|[from] Stealth Rock
|turn|14
|
|t:|1760377850
|move|p1a: Ambipom|Fake Out|p2a: ShippiShippi
|-damage|p2a: ShippiShippi|16/100
|cant|p2a: ShippiShippi|flinch
|
|upkeep
|turn|15
|
|t:|1760377854
|move|p1a: Ambipom|U-turn|p2a: ShippiShippi
|-supereffective|p2a: ShippiShippi
|-damage|p2a: ShippiShippi|0 fnt
|faint|p2a: ShippiShippi
|
|t:|1760377858
|switch|p1a: Politoed|Politoed, M|100/100|[from] U-turn
|-damage|p1a: Politoed|88/100|[from] Stealth Rock
|-weather|RainDance|[from] ability: Drizzle|[of] p1a: Politoed
|
|-weather|RainDance|[upkeep]
|upkeep
|
|t:|1760377865
|switch|p2a: Muhahaha|Dragonite, F, shiny|100/100
|turn|16
|
|t:|1760377874
|-terastallize|p2a: Muhahaha|Normal
|move|p2a: Muhahaha|Extreme Speed|p1a: Politoed
|-damage|p1a: Politoed|14/100
|move|p1a: Politoed|Encore|p2a: Muhahaha
|-start|p2a: Muhahaha|Encore
|
|-weather|RainDance|[upkeep]
|upkeep
|turn|17
|
|t:|1760377886
|move|p2a: Muhahaha|Extreme Speed|p1a: Politoed
|-damage|p1a: Politoed|0 fnt
|faint|p1a: Politoed
|
|-weather|RainDance|[upkeep]
|upkeep
|
|t:|1760377889
|switch|p1a: Ambipom|Ambipom, M|64/100
|-damage|p1a: Ambipom|51/100|[from] Stealth Rock
|turn|18
|c|☆NecroNyan|Think I'm gonna sword dance?
|
|t:|1760377902
|move|p1a: Ambipom|Fake Out|p2a: Muhahaha
|-damage|p2a: Muhahaha|82/100
|cant|p2a: Muhahaha|flinch
|
|-weather|RainDance|[upkeep]
|upkeep
|turn|19
|
|t:|1760377907
|move|p2a: Muhahaha|Extreme Speed|p1a: Ambipom
|-damage|p1a: Ambipom|0 fnt
|faint|p1a: Ambipom
|
|-weather|RainDance|[upkeep]
|-end|p2a: Muhahaha|Encore
|upkeep
|
|t:|1760377912
|switch|p1a: Wugtrio|Wugtrio, F|100/100
|-damage|p1a: Wugtrio|88/100|[from] Stealth Rock
|turn|20
|
|t:|1760377917
|move|p2a: Muhahaha|Extreme Speed|p1a: Wugtrio
|-damage|p1a: Wugtrio|0 fnt
|-ability|p1a: Wugtrio|Gooey
|-unboost|p2a: Muhahaha|spe|1
|faint|p1a: Wugtrio
|
|win|NecroNyan
|raw|missingyat's rating: 1143 &rarr; <strong>1117</strong><br />(-26 for losing)
|raw|NecroNyan's rating: 1135 &rarr; <strong>1161</strong><br />(+26 for winning)
|l|☆missingyat
|player|p1|
|l|☆NecroNyan
|player|p2|
