|j|☆luxgia
|j|☆ihatepecharuntwah
|t:|1760439236
|gametype|singles
|player|p1|luxgia|byron|1594
|player|p2|ihatepecharuntwah|170|1611
|gen|9
|tier|[Gen 9] OU
|rated|
|rule|HP Percentage Mod: HP is shown in percentages
|rule|Endless Battle Clause: Forcing endless battles is banned
|rule|Species Clause: Limit one of each Pokémon
|rule|OHKO Clause: OHKO moves are banned
|rule|Evasion Items Clause: Evasion items are banned
|rule|Evasion Moves Clause: Evasion moves are banned
|rule|Evasion Abilities Clause: Evasion abilities are banned
|rule|Sleep Moves Clause: Sleep-inducing moves are banned
|clearpoke
|poke|p1|Zamazenta-*|
|poke|p1|Tornadus-Therian, M|
|poke|p1|Pecharunt|
|poke|p1|Ting-Lu|
|poke|p1|Cinderace, M|
|poke|p1|Dragonite, M|
|poke|p2|Tornadus-Therian, M|
|poke|p2|Hatterene, F|
|poke|p2|Deoxys-Speed|
|poke|p2|Dragapult, F|
|poke|p2|Ogerpon-Wellspring, F|
|poke|p2|Kingambit, F|
|teampreview
|
|t:|1760439272
|teamsize|p1|6
|teamsize|p2|6
|start
|switch|p1a: Sir Sir|Cinderace, M|100/100
|switch|p2a: Deoxys|Deoxys-Speed|100/100
|-ability|p2a: Deoxys|Pressure
|turn|1
|
|t:|1760439280
|switch|p1a: Begru|Ting-Lu|100/100
|-ability|p1a: Begru|Vessel of Ruin
|move|p2a: Deoxys|Knock Off|p1a: Begru
|-resisted|p1a: Begru
|-damage|p1a: Begru|95/100
|-enditem|p1a: Begru|Leftovers|[from] move: Knock Off|[of] p2a: Deoxys
|
|upkeep
|turn|2
|
|t:|1760439289
|switch|p2a: Hatterene|Hatterene, F|100/100
|move|p1a: Begru|Earthquake|p2a: Hatterene
|-damage|p2a: Hatterene|67/100
|-enditem|p2a: Hatterene|Eject Button
|
|t:|1760439303
|switch|p2a: Ogerpon|Ogerpon-Wellspring, F|100/100
|
|upkeep
|turn|3
|
|t:|1760439339
|switch|p1a: Khoukha|Pecharunt|100/100
|move|p2a: Ogerpon|Swords Dance|p2a: Ogerpon
|-boost|p2a: Ogerpon|atk|2
|
|upkeep
|turn|4
|
|t:|1760439373
|move|p2a: Ogerpon|Ivy Cudgel|p1a: Khoukha|[anim] Ivy Cudgel Water
|-damage|p1a: Khoukha|47/100
|move|p1a: Khoukha|Malignant Chain|p2a: Ogerpon
|-supereffective|p2a: Ogerpon
|-damage|p2a: Ogerpon|23/100
|-status|p2a: Ogerpon|tox
|-start|p2a: Ogerpon|confusion|[from] ability: Poison Puppeteer|[of] p1a: Khoukha
|
|-damage|p2a: Ogerpon|17/100 tox|[from] psn
|upkeep
|turn|5
|
|t:|1760439391
|-activate|p2a: Ogerpon|confusion
|move|p2a: Ogerpon|Ivy Cudgel|p1a: Khoukha|[anim] Ivy Cudgel Water
|-damage|p1a: Khoukha|0 fnt
|faint|p1a: Khoukha
|
|-damage|p2a: Ogerpon|5/100 tox|[from] psn
|upkeep
|
|t:|1760439399
|switch|p1a: Sir Sir|Cinderace, M|100/100
|turn|6
|
|t:|1760439412
|move|p1a: Sir Sir|Pyro Ball|p2a: Ogerpon
|-damage|p2a: Ogerpon|0 fnt
|faint|p2a: Ogerpon
|
|upkeep
|
|t:|1760439418
|switch|p2a: Deoxys|Deoxys-Speed|100/100
|-ability|p2a: Deoxys|Pressure
|turn|7
|
|t:|1760439424
|switch|p1a: Begru|Ting-Lu|95/100
|-ability|p1a: Begru|Vessel of Ruin
|move|p2a: Deoxys|Stealth Rock|p1a: Begru
|-sidestart|p1: luxgia|move: Stealth Rock
|
|upkeep
|turn|8
|
|t:|1760439431
|move|p2a: Deoxys|Spikes|p1a: Begru
|-sidestart|p1: luxgia|Spikes
|move|p1a: Begru|Earthquake|p2a: Deoxys
|-damage|p2a: Deoxys|45/100
|
|upkeep
|turn|9
|
|t:|1760439439
|switch|p2a: Hatterene|Hatterene, F|67/100
|move|p1a: Begru|Earthquake|p2a: Hatterene
|-damage|p2a: Hatterene|34/100
|
|upkeep
|turn|10
|
|t:|1760439447
|switch|p1a: Sir Sir|Cinderace, M|100/100
|move|p2a: Hatterene|Dazzling Gleam|p1a: Sir Sir
|-resisted|p1a: Sir Sir
|-damage|p1a: Sir Sir|76/100
|
|upkeep
|turn|11
|
|t:|1760439453
|move|p1a: Sir Sir|Court Change|p1a: Sir Sir
|-start|p1a: Sir Sir|typechange|Normal|[from] ability: Libero
|-swapsideconditions
|-activate|p1a: Sir Sir|move: Court Change
|move|p2a: Hatterene|Nuzzle|p1a: Sir Sir
|-damage|p1a: Sir Sir|70/100
|-status|p1a: Sir Sir|par
|
|upkeep
|turn|12
|
|t:|1760439465
|cant|p1a: Sir Sir|par
|move|p2a: Hatterene|Healing Wish|p2a: Hatterene
|faint|p2a: Hatterene
|
|upkeep
|
|t:|1760439471
|switch|p2a: Deoxys|Deoxys-Speed|45/100
|-heal|p2a: Deoxys|100/100|[from] move: Healing Wish
|-damage|p2a: Deoxys|88/100|[from] Stealth Rock
|-damage|p2a: Deoxys|76/100|[from] Spikes
|-ability|p2a: Deoxys|Pressure
|turn|13
|
|t:|1760439475
|move|p2a: Deoxys|Stealth Rock|p1a: Sir Sir
|-sidestart|p1: luxgia|move: Stealth Rock
|move|p1a: Sir Sir|U-turn|p2a: Deoxys
|-supereffective|p2a: Deoxys
|-damage|p2a: Deoxys|10/100
|
|t:|1760439481
|switch|p1a: Tboz|Dragonite, M|100/100|[from] U-turn
|
|upkeep
|turn|14
|
|t:|1760439489
|move|p2a: Deoxys|Knock Off|p1a: Tboz
|-damage|p1a: Tboz|91/100
|-enditem|p1a: Tboz|Heavy-Duty Boots|[from] move: Knock Off|[of] p2a: Deoxys
|move|p1a: Tboz|Dragon Dance|p1a: Tboz
|-boost|p1a: Tboz|atk|1
|-boost|p1a: Tboz|spe|1
|
|upkeep
|turn|15
|
|t:|1760439496
|move|p1a: Tboz|Extreme Speed|p2a: Deoxys
|-damage|p2a: Deoxys|0 fnt
|faint|p2a: Deoxys
|
|upkeep
|
|t:|1760439502
|switch|p2a: Dragapult|Dragapult, F|100/100
|-damage|p2a: Dragapult|88/100|[from] Stealth Rock
|-damage|p2a: Dragapult|76/100|[from] Spikes
|turn|16
|
|t:|1760439509
|switch|p1a: Sir Sir|Cinderace, M|70/100 par
|move|p2a: Dragapult|Dragon Darts|p1a: Sir Sir
|-damage|p1a: Sir Sir|35/100 par
|-anim|p2a: Dragapult|Dragon Darts|p1a: Sir Sir
|-damage|p1a: Sir Sir|0 fnt
|faint|p1a: Sir Sir
|-damage|p2a: Dragapult|66/100|[from] item: Life Orb
|
|upkeep
|
|t:|1760439522
|switch|p1a: Dibu|Zamazenta|100/100
|-damage|p1a: Dibu|94/100|[from] Stealth Rock
|-ability|p1a: Dibu|Dauntless Shield|boost
|-boost|p1a: Dibu|def|1
|turn|17
|
|t:|1760439568
|move|p2a: Dragapult|Draco Meteor|p1a: Dibu
|-damage|p1a: Dibu|21/100
|-unboost|p2a: Dragapult|spa|2
|-damage|p2a: Dragapult|56/100|[from] item: Life Orb
|move|p1a: Dibu|Crunch|p2a: Dragapult
|-supereffective|p2a: Dragapult
|-damage|p2a: Dragapult|0 fnt
|faint|p2a: Dragapult
|-damage|p1a: Dibu|11/100|[from] item: Life Orb
|
|upkeep
|
|t:|1760439577
|switch|p2a: Tornadus|Tornadus-Therian, M|100/100
|-damage|p2a: Tornadus|76/100|[from] Stealth Rock
|turn|18
|
|t:|1760439588
|move|p1a: Dibu|Stone Edge|p2a: Tornadus
|-supereffective|p2a: Tornadus
|-damage|p2a: Tornadus|0 fnt
|faint|p2a: Tornadus
|-damage|p1a: Dibu|1/100|[from] item: Life Orb
|
|upkeep
|
|t:|1760439593
|switch|p2a: Kingambit|Kingambit, F|100/100
|-damage|p2a: Kingambit|94/100|[from] Stealth Rock
|-damage|p2a: Kingambit|82/100|[from] Spikes
|-activate|p2a: Kingambit|ability: Supreme Overlord
|-start|p2a: Kingambit|fallen5|[silent]
|turn|19
|
|t:|1760439599
|-terastallize|p2a: Kingambit|Ghost
|move|p1a: Dibu|Crunch|p2a: Kingambit
|-supereffective|p2a: Kingambit
|-damage|p2a: Kingambit|36/100
|-unboost|p2a: Kingambit|def|1
|-damage|p1a: Dibu|0 fnt|[from] item: Life Orb
|faint|p1a: Dibu
|move|p2a: Kingambit|Swords Dance|p2a: Kingambit
|-boost|p2a: Kingambit|atk|2
|
|-heal|p2a: Kingambit|42/100|[from] item: Leftovers
|upkeep
|c|☆ihatepecharuntwah|gg
|
|t:|1760439623
|switch|p1a: Begru|Ting-Lu|95/100
|-damage|p1a: Begru|89/100|[from] Stealth Rock
|-ability|p1a: Begru|Vessel of Ruin
|turn|20
|
|t:|1760439634
|-terastallize|p1a: Begru|Water
|move|p2a: Kingambit|Iron Head|p1a: Begru
|-resisted|p1a: Begru
|-damage|p1a: Begru|48/100
|move|p1a: Begru|Earthquake|p2a: Kingambit
|-damage|p2a: Kingambit|2/100
|
|-heal|p2a: Kingambit|8/100|[from] item: Leftovers
|upkeep
|turn|21
|
|t:|1760439643
|move|p2a: Kingambit|Kowtow Cleave|p1a: Begru
|-damage|p1a: Begru|0 fnt
|faint|p1a: Begru
|
|-heal|p2a: Kingambit|14/100|[from] item: Leftovers
|upkeep
|
|t:|1760439653
|switch|p1a: Jinn|Tornadus-Therian, M|100/100
|-damage|p1a: Jinn|76/100|[from] Stealth Rock
|turn|22
|
|t:|1760439657
|move|p2a: Kingambit|Sucker Punch||[still]
|-fail|p2a: Kingambit
|move|p1a: Jinn|Nasty Plot|p1a: Jinn
|-boost|p1a: Jinn|spa|2
|
|-heal|p2a: Kingambit|21/100|[from] item: Leftovers
|upkeep
|turn|23
|
|t:|1760439662
|move|p2a: Kingambit|Sucker Punch||[still]
|-fail|p2a: Kingambit
|move|p1a: Jinn|Nasty Plot|p1a: Jinn
|-boost|p1a: Jinn|spa|2
|
|-heal|p2a: Kingambit|27/100|[from] item: Leftovers
|upkeep
|turn|24
|
|t:|1760439665
|move|p1a: Jinn|Nasty Plot|p1a: Jinn
|-boost|p1a: Jinn|spa|2
|move|p2a: Kingambit|Kowtow Cleave|p1a: Jinn
|-damage|p1a: Jinn|0 fnt
|faint|p1a: Jinn
|
|-heal|p2a: Kingambit|33/100|[from] item: Leftovers
|upkeep
|
|t:|1760439666
|switch|p1a: Tboz|Dragonite, M|91/100
|-damage|p1a: Tboz|66/100|[from] Stealth Rock
|turn|25
|
|t:|1760439669
|move|p2a: Kingambit|Sucker Punch||[still]
|-fail|p2a: Kingambit
|move|p1a: Tboz|Dragon Dance|p1a: Tboz
|-boost|p1a: Tboz|atk|1
|-boost|p1a: Tboz|spe|1
|
|-heal|p2a: Kingambit|39/100|[from] item: Leftovers
|upkeep
|turn|26
|
|t:|1760439672
|move|p2a: Kingambit|Sucker Punch|p1a: Tboz
|-damage|p1a: Tboz|0 fnt
|faint|p1a: Tboz
|
|win|ihatepecharuntwah
|raw|luxgia's rating: 1594 &rarr; <strong>1575</strong><br />(-19 for losing)
|raw|ihatepecharuntwah's rating: 1611 &rarr; <strong>1630</strong><br />(+19 for winning)
|l|☆ihatepecharuntwah
|player|p2|
