|j|☆kargreyy
|j|☆Glonicium
|t:|1760428715
|gametype|singles
|player|p1|kargreyy|266|1424
|player|p2|Glonicium|dawn-masters2|1411
|gen|9
|tier|[Gen 9] OU
|rated|
|rule|HP Percentage Mod: HP is shown in percentages
|rule|Endless Battle Clause: Forcing endless battles is banned
|rule|Species Clause: Limit one of each Pokémon
|rule|OHKO Clause: OHKO moves are banned
|rule|Evasion Items Clause: Evasion items are banned
|rule|Evasion Moves Clause: Evasion moves are banned
|rule|Evasion Abilities Clause: Evasion abilities are banned
|rule|Sleep Moves Clause: Sleep-inducing moves are banned
|clearpoke
|poke|p1|Weavile, M|
|poke|p1|Ogerpon, F|
|poke|p1|Alomomola, M|
|poke|p1|Slowking-Galar, M|
|poke|p1|Keldeo-Resolute|
|poke|p1|Garganacl, M|
|poke|p2|Pelipper, F|
|poke|p2|Barraskewda, M|
|poke|p2|Hoopa-Unbound|
|poke|p2|Kyurem|
|poke|p2|Zapdos|
|poke|p2|Iron Treads|
|teampreview
|
|t:|1760428729
|teamsize|p1|6
|teamsize|p2|6
|start
|switch|p1a: Slowking|Slowking-Galar, M, shiny|100/100
|switch|p2a: Pelipper|Pelipper, F|100/100
|-weather|RainDance|[from] ability: Drizzle|[of] p2a: Pelipper
|turn|1
|inactive|Battle timer is ON: inactive players will automatically lose when time's up. (requested by Glonicium)
|
|t:|1760428734
|move|p2a: Pelipper|U-turn|p1a: Slowking
|-damage|p1a: Slowking|90/100
|
|t:|1760428747
|switch|p2a: Kyurem|Kyurem|100/100|[from] U-turn
|-ability|p2a: Kyurem|Pressure
|move|p1a: Slowking|Future Sight|p2a: Kyurem
|-start|p1a: Slowking|move: Future Sight
|
|-weather|RainDance|[upkeep]
|upkeep
|turn|2
|
|t:|1760428760
|switch|p2a: Iron Treads|Iron Treads|100/100
|move|p1a: Slowking|Sludge Bomb|p2a: Iron Treads
|-immune|p2a: Iron Treads
|
|-weather|RainDance|[upkeep]
|upkeep
|turn|3
|
|t:|1760428768
|-end|p2a: Iron Treads|Quark Drive|[silent]
|switch|p2a: Hoopa|Hoopa-Unbound|100/100
|switch|p1a: Alomomola|Alomomola, M, shiny|100/100
|
|-weather|RainDance|[upkeep]
|-end|p2a: Hoopa|move: Future Sight
|-immune|p2a: Hoopa
|upkeep
|turn|4
|
|t:|1760428777
|move|p2a: Hoopa|Knock Off|p1a: Alomomola
|-damage|p1a: Alomomola|49/100
|-damage|p2a: Hoopa|84/100|[from] item: Rocky Helmet|[of] p1a: Alomomola
|-enditem|p1a: Alomomola|Rocky Helmet|[from] move: Knock Off|[of] p2a: Hoopa
|move|p1a: Alomomola|Flip Turn|p2a: Hoopa
|-damage|p2a: Hoopa|45/100
|
|t:|1760428790
|switch|p1a: Keldeo|Keldeo-Resolute|100/100|[from] Flip Turn
|
|-weather|RainDance|[upkeep]
|upkeep
|turn|5
|
|t:|1760428800
|switch|p2a: Kyurem|Kyurem|100/100
|-ability|p2a: Kyurem|Pressure
|move|p1a: Keldeo|Substitute|p1a: Keldeo
|-start|p1a: Keldeo|Substitute
|-damage|p1a: Keldeo|76/100
|
|-weather|RainDance|[upkeep]
|-heal|p1a: Keldeo|82/100|[from] item: Leftovers
|upkeep
|turn|6
|
|t:|1760428811
|switch|p2a: Pelipper|Pelipper, F|100/100
|move|p1a: Keldeo|Secret Sword|p2a: Pelipper
|-resisted|p2a: Pelipper
|-damage|p2a: Pelipper|78/100
|
|-weather|RainDance|[upkeep]
|-heal|p1a: Keldeo|88/100|[from] item: Leftovers
|upkeep
|turn|7
|
|t:|1760428817
|move|p1a: Keldeo|Hydro Pump|p2a: Pelipper
|-resisted|p2a: Pelipper
|-damage|p2a: Pelipper|17/100
|move|p2a: Pelipper|Hurricane|p1a: Keldeo
|-supereffective|p1a: Keldeo
|-end|p1a: Keldeo|Substitute
|
|-weather|RainDance|[upkeep]
|-heal|p1a: Keldeo|94/100|[from] item: Leftovers
|upkeep
|turn|8
|
|t:|1760428827
|switch|p2a: Kyurem|Kyurem|100/100
|-ability|p2a: Kyurem|Pressure
|move|p1a: Keldeo|Secret Sword|p2a: Kyurem
|-supereffective|p2a: Kyurem
|-damage|p2a: Kyurem|7/100
|
|-weather|none
|-heal|p1a: Keldeo|100/100|[from] item: Leftovers
|upkeep
|turn|9
|
|t:|1760428838
|move|p2a: Kyurem|Freeze-Dry|p1a: Keldeo
|-supereffective|p1a: Keldeo
|-damage|p1a: Keldeo|15/100
|move|p1a: Keldeo|Secret Sword|p2a: Kyurem
|-supereffective|p2a: Kyurem
|-damage|p2a: Kyurem|0 fnt
|faint|p2a: Kyurem
|
|-heal|p1a: Keldeo|21/100|[from] item: Leftovers
|upkeep
|
|t:|1760428856
|switch|p2a: Zapdos|Zapdos|100/100
|turn|10
|
|t:|1760428860
|switch|p1a: Slowking|Slowking-Galar, M, shiny|100/100
|move|p2a: Zapdos|Volt Switch|p1a: Slowking
|-damage|p1a: Slowking|81/100
|
|t:|1760428862
|switch|p2a: Hoopa|Hoopa-Unbound|45/100|[from] Volt Switch
|
|upkeep
|turn|11
|
|t:|1760428870
|switch|p1a: Alomomola|Alomomola, M, shiny|83/100
|move|p2a: Hoopa|Knock Off|p1a: Alomomola
|-damage|p1a: Alomomola|52/100
|
|upkeep
|turn|12
|
|t:|1760428877
|switch|p2a: Iron Treads|Iron Treads|100/100
|move|p1a: Alomomola|Flip Turn|p2a: Iron Treads
|-supereffective|p2a: Iron Treads
|-damage|p2a: Iron Treads|72/100
|-enditem|p2a: Iron Treads|Eject Button
|
|t:|1760428884
|-end|p2a: Iron Treads|Quark Drive|[silent]
|switch|p2a: Hoopa|Hoopa-Unbound|45/100
|
|upkeep
|turn|13
|
|t:|1760428893
|move|p2a: Hoopa|Hyperspace Fury|p1a: Alomomola
|-damage|p1a: Alomomola|1/100
|-unboost|p2a: Hoopa|def|1
|move|p1a: Alomomola|Flip Turn|p2a: Hoopa
|-damage|p2a: Hoopa|1/100
|
|t:|1760428902
|switch|p1a: Keldeo|Keldeo-Resolute|21/100|[from] Flip Turn
|
|-heal|p1a: Keldeo|27/100|[from] item: Leftovers
|upkeep
|turn|14
|
|t:|1760428915
|switch|p2a: Pelipper|Pelipper, F|17/100
|-weather|RainDance|[from] ability: Drizzle|[of] p2a: Pelipper
|move|p1a: Keldeo|Secret Sword|p2a: Pelipper
|-resisted|p2a: Pelipper
|-damage|p2a: Pelipper|0 fnt
|faint|p2a: Pelipper
|
|-weather|RainDance|[upkeep]
|-heal|p1a: Keldeo|34/100|[from] item: Leftovers
|upkeep
|
|t:|1760428918
|switch|p2a: Barraskewda|Barraskewda, M|100/100
|turn|15
|
|t:|1760428932
|switch|p1a: Alomomola|Alomomola, M, shiny|34/100
|move|p2a: Barraskewda|Liquidation|p1a: Alomomola
|-resisted|p1a: Alomomola
|-crit|p1a: Alomomola
|-damage|p1a: Alomomola|2/100
|-unboost|p1a: Alomomola|def|1
|-damage|p2a: Barraskewda|91/100|[from] item: Life Orb
|
|-weather|RainDance|[upkeep]
|upkeep
|turn|16
|
|t:|1760428947
|move|p2a: Barraskewda|Flip Turn|p1a: Alomomola
|-resisted|p1a: Alomomola
|-damage|p1a: Alomomola|0 fnt
|faint|p1a: Alomomola
|-damage|p2a: Barraskewda|81/100|[from] item: Life Orb
|
|t:|1760428952
|switch|p2a: Zapdos|Zapdos|100/100|[from] Flip Turn
|
|-weather|RainDance|[upkeep]
|upkeep
|
|t:|1760428957
|switch|p1a: Garganacl|Garganacl, M, shiny|100/100
|turn|17
|
|t:|1760428963
|move|p2a: Zapdos|Weather Ball|p1a: Garganacl
|-supereffective|p1a: Garganacl
|-damage|p1a: Garganacl|12/100
|move|p1a: Garganacl|Iron Defense|p1a: Garganacl
|-boost|p1a: Garganacl|def|2
|
|-weather|RainDance|[upkeep]
|-heal|p1a: Garganacl|19/100|[from] item: Leftovers
|upkeep
|turn|18
|
|t:|1760428977
|switch|p1a: Slowking|Slowking-Galar, M, shiny|100/100
|move|p2a: Zapdos|Volt Switch|p1a: Slowking
|-damage|p1a: Slowking|82/100
|
|t:|1760428980
|switch|p2a: Hoopa|Hoopa-Unbound|1/100|[from] Volt Switch
|
|-weather|RainDance|[upkeep]
|upkeep
|turn|19
|
|t:|1760428986
|switch|p1a: Garganacl|Garganacl, M, shiny|19/100
|move|p2a: Hoopa|Knock Off|p1a: Garganacl
|-damage|p1a: Garganacl|0 fnt
|-enditem|p1a: Garganacl|Leftovers|[from] move: Knock Off|[of] p2a: Hoopa
|faint|p1a: Garganacl
|
|-weather|RainDance|[upkeep]
|upkeep
|
|t:|1760429004
|switch|p1a: Keldeo|Keldeo-Resolute|34/100
|turn|20
|
|t:|1760429026
|move|p1a: Keldeo|Substitute|p1a: Keldeo
|-start|p1a: Keldeo|Substitute
|-damage|p1a: Keldeo|9/100
|move|p2a: Hoopa|Knock Off|p1a: Keldeo
|-resisted|p1a: Keldeo
|-end|p1a: Keldeo|Substitute
|
|-weather|RainDance|[upkeep]
|-heal|p1a: Keldeo|15/100|[from] item: Leftovers
|upkeep
|turn|21
|
|t:|1760429031
|move|p1a: Keldeo|Secret Sword|p2a: Hoopa
|-crit|p2a: Hoopa
|-damage|p2a: Hoopa|0 fnt
|faint|p2a: Hoopa
|
|-weather|none
|-heal|p1a: Keldeo|21/100|[from] item: Leftovers
|upkeep
|
|t:|1760429038
|switch|p2a: Barraskewda|Barraskewda, M|81/100
|turn|22
|
|t:|1760429052
|move|p1a: Keldeo|Vacuum Wave|p2a: Barraskewda
|-damage|p2a: Barraskewda|26/100
|move|p2a: Barraskewda|Liquidation|p1a: Keldeo
|-resisted|p1a: Keldeo
|-damage|p1a: Keldeo|0 fnt
|faint|p1a: Keldeo
|-damage|p2a: Barraskewda|16/100|[from] item: Life Orb
|
|upkeep
|
|t:|1760429061
|switch|p1a: Bandit|Weavile, M, shiny|100/100
|-ability|p1a: Bandit|Pressure
|turn|23
|
|t:|1760429066
|move|p1a: Bandit|Ice Shard|p2a: Barraskewda
|-resisted|p2a: Barraskewda
|-damage|p2a: Barraskewda|0 fnt
|faint|p2a: Barraskewda
|
|upkeep
|
|t:|1760429074
|switch|p2a: Iron Treads|Iron Treads|72/100
|turn|24
|
|t:|1760429081
|switch|p1a: Anonymous|Ogerpon, F|100/100
|move|p2a: Iron Treads|Rapid Spin|p1a: Anonymous
|-damage|p1a: Anonymous|81/100
|-boost|p2a: Iron Treads|spe|1
|
|upkeep
|turn|25
|
|t:|1760429086
|-terastallize|p1a: Anonymous|Grass
|detailschange|p1a: Anonymous|Ogerpon-Teal-Tera, F, tera:Grass
|-ability|p1a: Anonymous|Embody Aspect (Teal)|boost
|-boost|p1a: Anonymous|spe|1
|move|p2a: Iron Treads|Ice Spinner|p1a: Anonymous
|-supereffective|p1a: Anonymous
|-damage|p1a: Anonymous|15/100
|move|p1a: Anonymous|Ivy Cudgel|p2a: Iron Treads
|-damage|p2a: Iron Treads|0 fnt
|faint|p2a: Iron Treads
|-end|p2a: Iron Treads|Quark Drive|[silent]
|
|upkeep
|
|t:|1760429094
|switch|p2a: Zapdos|Zapdos|100/100
|turn|26
|-message|Glonicium forfeited.
|
|win|kargreyy
|raw|kargreyy's rating: 1424 &rarr; <strong>1443</strong><br />(+19 for winning)
|raw|Glonicium's rating: 1411 &rarr; <strong>1392</strong><br />(-19 for losing)
|l|☆Glonicium
|player|p2|
|l|☆kargreyy
|player|p1|
