|j|‽OverTracer
|j|☆rickyflames1
|t:|1760363985
|gametype|singles
|player|p1|OverTracer|ninjaboy|1421
|player|p2|rickyflames1|170|1463
|gen|9
|tier|[Gen 9] OU
|rated|
|rule|HP Percentage Mod: HP is shown in percentages
|rule|Endless Battle Clause: Forcing endless battles is banned
|rule|Species Clause: Limit one of each Pokémon
|rule|OHKO Clause: OHKO moves are banned
|rule|Evasion Items Clause: Evasion items are banned
|rule|Evasion Moves Clause: Evasion moves are banned
|rule|Evasion Abilities Clause: Evasion abilities are banned
|rule|Sleep Moves Clause: Sleep-inducing moves are banned
|clearpoke
|poke|p1|Darkrai|
|poke|p1|Samurott-Hisui, F|
|poke|p1|Latios, M|
|poke|p1|Pecharunt|
|poke|p1|Zamazenta-*|
|poke|p1|Landorus-Therian, M|
|poke|p2|Chansey, F|
|poke|p2|Gliscor, F|
|poke|p2|Mandibuzz, F|
|poke|p2|Deoxys-Defense|
|poke|p2|Landorus-Therian, M|
|poke|p2|Tyranitar, M|
|teampreview
|
|t:|1760363989
|teamsize|p1|6
|teamsize|p2|6
|start
|switch|p1a: Landorus|Landorus-Therian, M|100/100
|switch|p2a: Landorus|Landorus-Therian, M, shiny|100/100
|-ability|p2a: Landorus|Intimidate|boost
|-unboost|p1a: Landorus|atk|1
|-ability|p1a: Landorus|Intimidate|boost
|-unboost|p2a: Landorus|atk|1
|turn|1
|inactive|Battle timer is ON: inactive players will automatically lose when time's up. (requested by rickyflames1)
|
|t:|1760363998
|move|p2a: Landorus|U-turn|p1a: Landorus
|-resisted|p1a: Landorus
|-damage|p1a: Landorus|91/100
|-damage|p2a: Landorus|84/100|[from] item: Rocky Helmet|[of] p1a: Landorus
|
|t:|1760364003
|switch|p2a: Tyranitar|Tyranitar, M|100/100|[from] U-turn
|-weather|Sandstorm|[from] ability: Sand Stream|[of] p2a: Tyranitar
|move|p1a: Landorus|Stealth Rock|p2a: Tyranitar
|-sidestart|p2: rickyflames1|move: Stealth Rock
|
|-weather|Sandstorm|[upkeep]
|upkeep
|turn|2
|
|t:|1760364020
|switch|p2a: Gliscor|Gliscor, F, shiny|100/100
|-damage|p2a: Gliscor|88/100|[from] Stealth Rock
|move|p1a: Landorus|U-turn|p2a: Gliscor
|-resisted|p2a: Gliscor
|-damage|p2a: Gliscor|84/100
|
|t:|1760364032
|switch|p1a: Darkrai|Darkrai|100/100|[from] U-turn
|
|-weather|Sandstorm|[upkeep]
|-damage|p1a: Darkrai|94/100|[from] Sandstorm
|-status|p2a: Gliscor|tox|[from] item: Toxic Orb
|upkeep
|turn|3
|
|t:|1760364043
|switch|p2a: Chansey|Chansey, F, shiny|100/100
|-damage|p2a: Chansey|88/100|[from] Stealth Rock
|move|p1a: Darkrai|Ice Beam|p2a: Chansey
|-damage|p2a: Chansey|81/100
|
|-weather|Sandstorm|[upkeep]
|-damage|p1a: Darkrai|88/100|[from] Sandstorm
|-damage|p2a: Chansey|75/100|[from] Sandstorm
|upkeep
|turn|4
|inactive|rickyflames1 has 120 seconds left.
|
|t:|1760364073
|move|p1a: Darkrai|Knock Off|p2a: Chansey
|-damage|p2a: Chansey|35/100
|-enditem|p2a: Chansey|Eviolite|[from] move: Knock Off|[of] p1a: Darkrai
|move|p2a: Chansey|Stealth Rock|p1a: Darkrai
|-sidestart|p1: OverTracer|move: Stealth Rock
|
|-weather|Sandstorm|[upkeep]
|-damage|p1a: Darkrai|82/100|[from] Sandstorm
|-damage|p2a: Chansey|29/100|[from] Sandstorm
|upkeep
|turn|5
|inactive|rickyflames1 has 120 seconds left.
|
|t:|1760364086
|switch|p1a: Samurott|Samurott-Hisui, F|100/100
|-damage|p1a: Samurott|88/100|[from] Stealth Rock
|switch|p2a: Tyranitar|Tyranitar, M|100/100
|-damage|p2a: Tyranitar|88/100|[from] Stealth Rock
|
|-weather|none
|upkeep
|turn|6
|inactive|rickyflames1 has 120 seconds left.
|
|t:|1760364097
|switch|p2a: Mandibuzz|Mandibuzz, F, shiny|100/100
|-damage|p2a: Mandibuzz|76/100|[from] Stealth Rock
|move|p1a: Samurott|Ceaseless Edge|p2a: Mandibuzz
|-resisted|p2a: Mandibuzz
|-damage|p2a: Mandibuzz|64/100
|-damage|p1a: Samurott|71/100|[from] item: Rocky Helmet|[of] p2a: Mandibuzz
|-sidestart|p2: rickyflames1|Spikes
|
|upkeep
|turn|7
|inactive|rickyflames1 has 120 seconds left.
|inactive|OverTracer has 120 seconds left.
|
|t:|1760364130
|move|p1a: Samurott|Knock Off|p2a: Mandibuzz
|-resisted|p2a: Mandibuzz
|-damage|p2a: Mandibuzz|52/100
|-damage|p1a: Samurott|55/100|[from] item: Rocky Helmet|[of] p2a: Mandibuzz
|-enditem|p2a: Mandibuzz|Rocky Helmet|[from] move: Knock Off|[of] p1a: Samurott
|move|p2a: Mandibuzz|Toxic|p1a: Samurott
|-status|p1a: Samurott|tox
|
|-damage|p1a: Samurott|48/100 tox|[from] psn
|upkeep
|turn|8
|inactive|OverTracer has 120 seconds left.
|inactive|rickyflames1 has 120 seconds left.
|
|t:|1760364144
|move|p1a: Samurott|Razor Shell|p2a: Mandibuzz
|-damage|p2a: Mandibuzz|26/100
|-unboost|p2a: Mandibuzz|def|1
|move|p2a: Mandibuzz|Defog|p1a: Samurott
|-unboost|p1a: Samurott|evasion|1
|-sideend|p1: OverTracer|Stealth Rock|[from] move: Defog|[of] p2a: Mandibuzz
|-sideend|p2: rickyflames1|Spikes|[from] move: Defog|[of] p2a: Mandibuzz
|-sideend|p2: rickyflames1|Stealth Rock|[from] move: Defog|[of] p2a: Mandibuzz
|
|-damage|p1a: Samurott|36/100 tox|[from] psn
|upkeep
|turn|9
|inactive|OverTracer has 120 seconds left.
|inactive|rickyflames1 has 120 seconds left.
|
|t:|1760364158
|move|p1a: Samurott|Razor Shell|p2a: Mandibuzz
|-damage|p2a: Mandibuzz|0 fnt
|faint|p2a: Mandibuzz
|
|-damage|p1a: Samurott|17/100 tox|[from] psn
|upkeep
|inactive|rickyflames1 has 120 seconds left.
|
|t:|1760364169
|switch|p2a: Deoxys|Deoxys-Defense, shiny|100/100
|-ability|p2a: Deoxys|Pressure
|turn|10
|inactive|rickyflames1 has 120 seconds left.
|
|t:|1760364179
|move|p1a: Samurott|Ceaseless Edge|p2a: Deoxys
|-supereffective|p2a: Deoxys
|-damage|p2a: Deoxys|51/100
|-enditem|p2a: Deoxys|Weakness Policy
|-boost|p2a: Deoxys|atk|2|[from] item: Weakness Policy
|-boost|p2a: Deoxys|spa|2|[from] item: Weakness Policy
|-sidestart|p2: rickyflames1|Spikes
|move|p2a: Deoxys|Cosmic Power|p2a: Deoxys
|-boost|p2a: Deoxys|def|1
|-boost|p2a: Deoxys|spd|1
|
|-damage|p1a: Samurott|0 fnt|[from] psn
|faint|p1a: Samurott
|upkeep
|inactive|OverTracer has 120 seconds left.
|
|t:|1760364211
|switch|p1a: Darkrai|Darkrai|82/100
|turn|11
|
|t:|1760364217
|-terastallize|p2a: Deoxys|Steel
|move|p1a: Darkrai|Dark Pulse|p2a: Deoxys
|-damage|p2a: Deoxys|29/100
|move|p2a: Deoxys|Drain Punch|p1a: Darkrai
|-supereffective|p1a: Darkrai
|-damage|p1a: Darkrai|23/100
|-heal|p2a: Deoxys|57/100|[from] drain|[of] p1a: Darkrai
|
|upkeep
|turn|12
|
|t:|1760364229
|switch|p1a: Landorus|Landorus-Therian, M|91/100
|-ability|p1a: Landorus|Intimidate|boost
|-unboost|p2a: Deoxys|atk|1
|move|p2a: Deoxys|Recover|p2a: Deoxys
|-heal|p2a: Deoxys|100/100
|
|upkeep
|turn|13
|
|t:|1760364238
|move|p1a: Landorus|Earthquake|p2a: Deoxys
|-supereffective|p2a: Deoxys
|-damage|p2a: Deoxys|63/100
|move|p2a: Deoxys|Cosmic Power|p2a: Deoxys
|-boost|p2a: Deoxys|def|1
|-boost|p2a: Deoxys|spd|1
|
|upkeep
|turn|14
|
|t:|1760364246
|move|p1a: Landorus|Earthquake|p2a: Deoxys
|-supereffective|p2a: Deoxys
|-damage|p2a: Deoxys|35/100
|move|p2a: Deoxys|Recover|p2a: Deoxys
|-heal|p2a: Deoxys|85/100
|
|upkeep
|turn|15
|
|t:|1760364254
|move|p1a: Landorus|Earthquake|p2a: Deoxys
|-supereffective|p2a: Deoxys
|-damage|p2a: Deoxys|53/100
|move|p2a: Deoxys|Cosmic Power|p2a: Deoxys
|-boost|p2a: Deoxys|def|1
|-boost|p2a: Deoxys|spd|1
|
|upkeep
|turn|16
|
|t:|1760364261
|move|p1a: Landorus|Earthquake|p2a: Deoxys
|-supereffective|p2a: Deoxys
|-damage|p2a: Deoxys|31/100
|move|p2a: Deoxys|Recover|p2a: Deoxys
|-heal|p2a: Deoxys|81/100
|
|upkeep
|turn|17
|
|t:|1760364269
|move|p1a: Landorus|Earthquake|p2a: Deoxys
|-supereffective|p2a: Deoxys
|-damage|p2a: Deoxys|55/100
|move|p2a: Deoxys|Cosmic Power|p2a: Deoxys
|-boost|p2a: Deoxys|def|1
|-boost|p2a: Deoxys|spd|1
|
|upkeep
|turn|18
|
|t:|1760364279
|move|p1a: Landorus|U-turn|p2a: Deoxys
|-resisted|p2a: Deoxys
|-damage|p2a: Deoxys|53/100
|
|t:|1760364285
|switch|p1a: Pecharunt|Pecharunt|100/100|[from] U-turn
|move|p2a: Deoxys|Recover|p2a: Deoxys
|-heal|p2a: Deoxys|100/100
|
|upkeep
|turn|19
|
|t:|1760364296
|move|p2a: Deoxys|Cosmic Power|p2a: Deoxys
|-boost|p2a: Deoxys|def|1
|-boost|p2a: Deoxys|spd|1
|move|p1a: Pecharunt|Parting Shot|p2a: Deoxys
|-unboost|p2a: Deoxys|atk|1
|-unboost|p2a: Deoxys|spa|1
|
|t:|1760364304
|switch|p1a: Landorus|Landorus-Therian, M|91/100|[from] Parting Shot
|-ability|p1a: Landorus|Intimidate|boost
|-unboost|p2a: Deoxys|atk|1
|
|upkeep
|turn|20
|
|t:|1760364316
|move|p1a: Landorus|Earthquake|p2a: Deoxys
|-supereffective|p2a: Deoxys
|-damage|p2a: Deoxys|83/100
|move|p2a: Deoxys|Stored Power|p1a: Landorus
|-damage|p1a: Landorus|0 fnt
|faint|p1a: Landorus
|
|upkeep
|
|t:|1760364331
|switch|p1a: Latios|Latios, M|100/100
|turn|21
|
|t:|1760364337
|move|p1a: Latios|Psychic Noise|p2a: Deoxys
|-resisted|p2a: Deoxys
|-damage|p2a: Deoxys|78/100
|-start|p2a: Deoxys|move: Heal Block
|move|p2a: Deoxys|Cosmic Power|p2a: Deoxys
|-boost|p2a: Deoxys|def|1
|-boost|p2a: Deoxys|spd|1
|
|upkeep
|turn|22
|
|t:|1760364350
|move|p1a: Latios|Psychic Noise|p2a: Deoxys
|-resisted|p2a: Deoxys
|-damage|p2a: Deoxys|74/100
|move|p2a: Deoxys|Stored Power|p1a: Latios
|-resisted|p1a: Latios
|-damage|p1a: Latios|49/100
|
|-end|p2a: Deoxys|move: Heal Block
|upkeep
|turn|23
|
|t:|1760364363
|move|p1a: Latios|Psychic Noise|p2a: Deoxys
|-resisted|p2a: Deoxys
|-damage|p2a: Deoxys|70/100
|-start|p2a: Deoxys|move: Heal Block
|move|p2a: Deoxys|Stored Power|p1a: Latios
|-resisted|p1a: Latios
|-damage|p1a: Latios|0 fnt
|faint|p1a: Latios
|
|upkeep
|
|t:|1760364373
|switch|p1a: Zamazenta|Zamazenta|100/100
|-ability|p1a: Zamazenta|Dauntless Shield|boost
|-boost|p1a: Zamazenta|def|1
|turn|24
|
|t:|1760364378
|move|p1a: Zamazenta|Close Combat|p2a: Deoxys
|-supereffective|p2a: Deoxys
|-damage|p2a: Deoxys|51/100
|-unboost|p1a: Zamazenta|def|1
|-unboost|p1a: Zamazenta|spd|1
|move|p2a: Deoxys|Stored Power|p1a: Zamazenta
|-supereffective|p1a: Zamazenta
|-damage|p1a: Zamazenta|0 fnt
|faint|p1a: Zamazenta
|
|-end|p2a: Deoxys|move: Heal Block
|upkeep
|-message|OverTracer forfeited.
|
|win|rickyflames1
|raw|OverTracer's rating: 1421 &rarr; <strong>1403</strong><br />(-18 for losing)
|raw|rickyflames1's rating: 1463 &rarr; <strong>1481</strong><br />(+18 for winning)
|l|‽OverTracer
|player|p1|
|l|☆rickyflames1
|player|p2|
