|j|☆XxRimxX
|j|☆Fnaf Boi Gaming
|t:|1760374957
|gametype|singles
|player|p1|XxRimxX|unknown|1122
|player|p2|Fnaf Boi Gaming|102|1147
|gen|9
|tier|[Gen 9] OU
|rated|
|rule|HP Percentage Mod: HP is shown in percentages
|rule|Endless Battle Clause: Forcing endless battles is banned
|rule|Species Clause: Limit one of each Pokémon
|rule|OHKO Clause: OHKO moves are banned
|rule|Evasion Items Clause: Evasion items are banned
|rule|Evasion Moves Clause: Evasion moves are banned
|rule|Evasion Abilities Clause: Evasion abilities are banned
|rule|Sleep Moves Clause: Sleep-inducing moves are banned
|clearpoke
|poke|p1|Indeedee, M|
|poke|p1|Armarouge, M|
|poke|p1|Gardevoir, F|
|poke|p1|Deoxys-Speed|
|poke|p1|Braviary-Hisui, M|
|poke|p1|Medicham, M|
|poke|p2|Zoroark-Hisui, F|
|poke|p2|Falinks|
|poke|p2|Greninja-*, F|
|poke|p2|Eelektross, F|
|poke|p2|Feraligatr, F|
|poke|p2|Hoopa-Unbound|
|teampreview
|inactive|Battle timer is ON: inactive players will automatically lose when time's up. (requested by XxRimxX)
|
|t:|1760374972
|teamsize|p1|6
|teamsize|p2|6
|start
|switch|p1a: Deoxys|Deoxys-Speed|100/100
|switch|p2a: Hoopa|Hoopa-Unbound|100/100
|-ability|p1a: Deoxys|Pressure
|turn|1
|
|t:|1760374979
|move|p1a: Deoxys|Stealth Rock|p2a: Hoopa
|-sidestart|p2: Fnaf Boi Gaming|move: Stealth Rock
|move|p2a: Hoopa|Trick|p1a: Deoxys
|-activate|p2a: Hoopa|move: Trick|[of] p1a: Deoxys
|-item|p1a: Deoxys|Lagging Tail|[from] move: Trick
|-item|p2a: Hoopa|Focus Sash|[from] move: Trick
|
|upkeep
|turn|2
|
|t:|1760374990
|move|p2a: Hoopa|Hyperspace Fury|p1a: Deoxys
|-supereffective|p1a: Deoxys
|-damage|p1a: Deoxys|0 fnt
|-unboost|p2a: Hoopa|def|1
|faint|p1a: Deoxys
|
|upkeep
|
|t:|1760375008
|switch|p1a: Ting-Lu Slayer|Gardevoir, F|100/100
|-ability|p1a: Ting-Lu Slayer|Magician|Trace|[from] ability: Trace|[of] p2a: Hoopa
|turn|3
|
|t:|1760375011
|move|p2a: Hoopa|Hyperspace Fury|p1a: Ting-Lu Slayer
|-damage|p1a: Ting-Lu Slayer|23/100
|-unboost|p2a: Hoopa|def|1
|move|p1a: Ting-Lu Slayer|Will-O-Wisp|p2a: Hoopa
|-status|p2a: Hoopa|brn
|
|-heal|p1a: Ting-Lu Slayer|29/100|[from] item: Leftovers
|-damage|p2a: Hoopa|95/100 brn|[from] brn
|upkeep
|turn|4
|
|t:|1760375021
|move|p2a: Hoopa|Hyperspace Fury|p1a: Ting-Lu Slayer
|-damage|p1a: Ting-Lu Slayer|0 fnt
|-unboost|p2a: Hoopa|def|1
|faint|p1a: Ting-Lu Slayer
|
|-damage|p2a: Hoopa|89/100 brn|[from] brn
|upkeep
|
|t:|1760375029
|switch|p1a: Medicham|Medicham, M|100/100
|turn|5
|
|t:|1760375036
|move|p1a: Medicham|Ice Punch|p2a: Hoopa
|-damage|p2a: Hoopa|0 fnt
|faint|p2a: Hoopa
|
|upkeep
|
|t:|1760375040
|switch|p2a: Falinks|Falinks|100/100
|-damage|p2a: Falinks|95/100|[from] Stealth Rock
|turn|6
|
|t:|1760375044
|switch|p1a: Fodder|Indeedee, M|100/100
|-fieldstart|move: Psychic Terrain|[from] ability: Psychic Surge|[of] p1a: Fodder
|move|p2a: Falinks|No Retreat|p2a: Falinks
|-boost|p2a: Falinks|atk|1
|-boost|p2a: Falinks|def|1
|-boost|p2a: Falinks|spa|1
|-boost|p2a: Falinks|spd|1
|-boost|p2a: Falinks|spe|1
|-start|p2a: Falinks|move: No Retreat
|
|upkeep
|turn|7
|
|t:|1760375050
|move|p2a: Falinks|Endure|p2a: Falinks
|-singleturn|p2a: Falinks|move: Endure
|move|p1a: Fodder|Expanding Force|p2a: Falinks
|-supereffective|p2a: Falinks
|-activate|p2a: Falinks|move: Endure
|-damage|p2a: Falinks|1/100
|
|upkeep
|turn|8
|
|t:|1760375056
|move|p2a: Falinks|Reversal|p1a: Fodder
|-damage|p1a: Fodder|0 fnt
|faint|p1a: Fodder
|
|upkeep
|
|t:|1760375061
|switch|p1a: Armarouge|Armarouge, M|100/100
|turn|9
|
|t:|1760375065
|move|p1a: Armarouge|Endure|p1a: Armarouge
|-singleturn|p1a: Armarouge|move: Endure
|move|p2a: Falinks|Reversal|p1a: Armarouge
|-resisted|p1a: Armarouge
|-damage|p1a: Armarouge|24/100
|-ability|p1a: Armarouge|Weak Armor|boost
|-unboost|p1a: Armarouge|def|1
|-boost|p1a: Armarouge|spe|2
|
|upkeep
|turn|10
|
|t:|1760375077
|move|p1a: Armarouge|Aura Sphere|p2a: Falinks
|-damage|p2a: Falinks|0 fnt
|faint|p2a: Falinks
|
|upkeep
|
|t:|1760375082
|switch|p2a: Feraligatr|Feraligatr, F|100/100
|-damage|p2a: Feraligatr|88/100|[from] Stealth Rock
|turn|11
|
|t:|1760375087
|move|p1a: Armarouge|Endure|p1a: Armarouge
|-singleturn|p1a: Armarouge|move: Endure
|move|p2a: Feraligatr|Shadow Ball|p1a: Armarouge
|-supereffective|p1a: Armarouge
|-activate|p1a: Armarouge|move: Endure
|-damage|p1a: Armarouge|1/100
|-enditem|p1a: Armarouge|Weakness Policy
|-boost|p1a: Armarouge|atk|2|[from] item: Weakness Policy
|-boost|p1a: Armarouge|spa|2|[from] item: Weakness Policy
|
|upkeep
|turn|12
|
|t:|1760375094
|move|p1a: Armarouge|Expanding Force|p2a: Feraligatr
|-damage|p2a: Feraligatr|0 fnt
|replace|p2a: Zoroark|Zoroark-Hisui, F
|-end|p2a: Zoroark|Illusion
|faint|p2a: Zoroark
|
|upkeep
|
|t:|1760375102
|switch|p2a: Feraligatr|Feraligatr, F|100/100
|-damage|p2a: Feraligatr|88/100|[from] Stealth Rock
|turn|13
|
|t:|1760375106
|move|p2a: Feraligatr|Aqua Jet|p1a: Armarouge
|-activate|p1a: Armarouge|move: Psychic Terrain
|move|p1a: Armarouge|Expanding Force|p2a: Feraligatr
|-damage|p2a: Feraligatr|0 fnt
|faint|p2a: Feraligatr
|
|-fieldend|move: Psychic Terrain
|upkeep
|
|t:|1760375122
|switch|p2a: Eelektross|Eelektross, F, shiny|100/100
|-damage|p2a: Eelektross|88/100|[from] Stealth Rock
|turn|14
|
|t:|1760375129
|move|p1a: Armarouge|Armor Cannon|p2a: Eelektross
|-damage|p2a: Eelektross|0 fnt
|-unboost|p1a: Armarouge|def|1
|-unboost|p1a: Armarouge|spd|1
|faint|p2a: Eelektross
|
|upkeep
|
|t:|1760375132
|switch|p2a: Greninja|Greninja, F|100/100
|-damage|p2a: Greninja|88/100|[from] Stealth Rock
|turn|15
|
|t:|1760375137
|move|p1a: Armarouge|Endure|p1a: Armarouge
|-singleturn|p1a: Armarouge|move: Endure
|move|p2a: Greninja|Endure||[still]
|-fail|p2a: Greninja
|
|upkeep
|turn|16
|
|t:|1760375142
|move|p2a: Greninja|Endure|p2a: Greninja
|-singleturn|p2a: Greninja|move: Endure
|move|p1a: Armarouge|Aura Sphere|p2a: Greninja
|-supereffective|p2a: Greninja
|-activate|p2a: Greninja|move: Endure
|-damage|p2a: Greninja|1/100
|-enditem|p2a: Greninja|Weakness Policy
|-boost|p2a: Greninja|atk|2|[from] item: Weakness Policy
|-boost|p2a: Greninja|spa|2|[from] item: Weakness Policy
|
|upkeep
|turn|17
|
|t:|1760375149
|move|p1a: Armarouge|Endure|p1a: Armarouge
|-singleturn|p1a: Armarouge|move: Endure
|move|p2a: Greninja|Water Shuriken|p1a: Armarouge
|-supereffective|p1a: Armarouge
|-activate|p1a: Armarouge|move: Endure
|-damage|p1a: Armarouge|1/100
|-supereffective|p1a: Armarouge
|-activate|p1a: Armarouge|move: Endure
|-damage|p1a: Armarouge|1/100
|-supereffective|p1a: Armarouge
|-activate|p1a: Armarouge|move: Endure
|-damage|p1a: Armarouge|1/100
|-hitcount|p1a: Armarouge|3
|
|upkeep
|turn|18
|
|t:|1760375162
|-terastallize|p2a: Greninja|Water
|move|p2a: Greninja|Water Shuriken|p1a: Armarouge
|-supereffective|p1a: Armarouge
|-damage|p1a: Armarouge|0 fnt
|faint|p1a: Armarouge
|-hitcount|p1: Armarouge|1
|
|upkeep
|
|t:|1760375166
|switch|p1a: Braviary|Braviary-Hisui, M|100/100
|turn|19
|
|t:|1760375172
|move|p2a: Greninja|Ice Beam|p1a: Braviary
|-supereffective|p1a: Braviary
|-damage|p1a: Braviary|0 fnt
|faint|p1a: Braviary
|
|upkeep
|
|t:|1760375175
|switch|p1a: Medicham|Medicham, M|100/100
|turn|20
|
|t:|1760375182
|-terastallize|p1a: Medicham|Poison
|move|p2a: Greninja|Water Shuriken|p1a: Medicham
|-damage|p1a: Medicham|55/100
|-crit|p1a: Medicham
|-damage|p1a: Medicham|0 fnt
|faint|p1a: Medicham
|-hitcount|p1: Medicham|2
|
|win|Fnaf Boi Gaming
|raw|XxRimxX's rating: 1122 &rarr; <strong>1099</strong><br />(-23 for losing)
|raw|Fnaf Boi Gaming's rating: 1147 &rarr; <strong>1170</strong><br />(+23 for winning)
|c|☆XxRimxX|Gg
|l|☆XxRimxX
|player|p1|
|c|☆Fnaf Boi Gaming|Gg
|l|☆Fnaf Boi Gaming
|player|p2|
