|j|☆suijilurenjia
|j|☆karaluchkaka
|t:|1760455991
|gametype|singles
|player|p1|suijilurenjia|bugcatcher-gen4dp|1011
|player|p2|karaluchkaka|169|1034
|gen|9
|tier|[Gen 9] OU
|rated|
|rule|HP Percentage Mod: HP is shown in percentages
|rule|Endless Battle Clause: Forcing endless battles is banned
|rule|Species Clause: Limit one of each Pokémon
|rule|OHKO Clause: OHKO moves are banned
|rule|Evasion Items Clause: Evasion items are banned
|rule|Evasion Moves Clause: Evasion moves are banned
|rule|Evasion Abilities Clause: Evasion abilities are banned
|rule|Sleep Moves Clause: Sleep-inducing moves are banned
|clearpoke
|poke|p1|Mandibuzz, F|
|poke|p1|Coalossal, F|
|poke|p1|Slowking-Galar, M|
|poke|p1|Diancie|
|poke|p1|Zebstrika, M|
|poke|p1|Meowstic, M|
|poke|p2|Kingambit, M|
|poke|p2|Enamorus, F|
|poke|p2|Gliscor, M|
|poke|p2|Chandelure, M|
|poke|p2|Haxorus, M|
|poke|p2|Galvantula, F|
|teampreview
|inactive|Battle timer is ON: inactive players will automatically lose when time's up. (requested by suijilurenjia)
|
|t:|1760456003
|teamsize|p1|6
|teamsize|p2|6
|start
|switch|p1a: Slowking|Slowking-Galar, M|100/100
|switch|p2a: Gliscor|Gliscor, M|100/100
|turn|1
|
|t:|1760456008
|move|p2a: Gliscor|Stealth Rock|p1a: Slowking
|-sidestart|p1: suijilurenjia|move: Stealth Rock
|move|p1a: Slowking|Nasty Plot|p1a: Slowking
|-boost|p1a: Slowking|spa|2
|
|-status|p2a: Gliscor|tox|[from] item: Toxic Orb
|upkeep
|turn|2
|
|t:|1760456025
|switch|p2a: Kingambit|Kingambit, M, shiny|100/100
|move|p1a: Slowking|Nasty Plot|p1a: Slowking
|-boost|p1a: Slowking|spa|2
|
|upkeep
|turn|3
|
|t:|1760456036
|-terastallize|p1a: Slowking|Poison
|move|p2a: Kingambit|Kowtow Cleave|p1a: Slowking
|-damage|p1a: Slowking|54/100
|move|p1a: Slowking|Ice Beam|p2a: Kingambit
|-resisted|p2a: Kingambit
|-crit|p2a: Kingambit
|-damage|p2a: Kingambit|18/100
|
|-heal|p2a: Kingambit|24/100|[from] item: Leftovers
|-heal|p1a: Slowking|60/100|[from] item: Leftovers
|upkeep
|turn|4
|
|t:|1760456052
|move|p2a: Kingambit|Reversal|p1a: Slowking
|-resisted|p1a: Slowking
|-damage|p1a: Slowking|44/100
|move|p1a: Slowking|Ice Beam|p2a: Kingambit
|-resisted|p2a: Kingambit
|-damage|p2a: Kingambit|0 fnt
|faint|p2a: Kingambit
|-end|p2a: Kingambit|fallenundefined|[silent]
|
|-heal|p1a: Slowking|50/100|[from] item: Leftovers
|upkeep
|
|t:|1760456064
|switch|p2a: Galvantula|Galvantula, F, shiny|100/100
|turn|5
|
|t:|1760456070
|move|p2a: Galvantula|Thunder|p1a: Slowking
|-damage|p1a: Slowking|10/100
|move|p1a: Slowking|Future Sight|p2a: Galvantula
|-start|p1a: Slowking|move: Future Sight
|
|-heal|p1a: Slowking|16/100|[from] item: Leftovers
|upkeep
|turn|6
|
|t:|1760456077
|switch|p1a: Zebstrika|Zebstrika, M|100/100
|-damage|p1a: Zebstrika|88/100|[from] Stealth Rock
|move|p2a: Galvantula|Volt Switch|p1a: Zebstrika
|-ability|p1a: Zebstrika|Motor Drive|boost
|-boost|p1a: Zebstrika|spe|1
|
|upkeep
|turn|7
|
|t:|1760456087
|move|p1a: Zebstrika|Flame Charge|p2a: Galvantula
|-supereffective|p2a: Galvantula
|-damage|p2a: Galvantula|38/100
|-boost|p1a: Zebstrika|spe|1
|-damage|p1a: Zebstrika|78/100|[from] item: Life Orb
|move|p2a: Galvantula|Rain Dance|p2a: Galvantula
|-weather|RainDance
|
|-weather|RainDance|[upkeep]
|-end|p2a: Galvantula|move: Future Sight
|-damage|p2a: Galvantula|0 fnt
|faint|p2a: Galvantula
|upkeep
|inactive|karaluchkaka has 120 seconds left.
|
|t:|1760456118
|switch|p2a: Gliscor|Gliscor, M|100/100 tox
|turn|8
|
|t:|1760456124
|switch|p1a: Mandibuzz|Mandibuzz, F|100/100
|-damage|p1a: Mandibuzz|75/100|[from] Stealth Rock
|move|p2a: Gliscor|Earthquake|p1a: Mandibuzz
|-immune|p1a: Mandibuzz
|
|-weather|RainDance|[upkeep]
|upkeep
|turn|9
|
|t:|1760456134
|move|p2a: Gliscor|Toxic Spikes|p1a: Mandibuzz
|-sidestart|p1: suijilurenjia|move: Toxic Spikes
|move|p1a: Mandibuzz|Defog|p2a: Gliscor
|-unboost|p2a: Gliscor|evasion|1
|-sideend|p1: suijilurenjia|Toxic Spikes|[from] move: Defog|[of] p1a: Mandibuzz
|-sideend|p1: suijilurenjia|Stealth Rock|[from] move: Defog|[of] p1a: Mandibuzz
|
|-weather|RainDance|[upkeep]
|upkeep
|turn|10
|
|t:|1760456143
|switch|p2a: Enamorus|Enamorus, F, shiny|100/100
|move|p1a: Mandibuzz|Foul Play|p2a: Enamorus
|-resisted|p2a: Enamorus
|-damage|p2a: Enamorus|72/100
|
|-weather|RainDance|[upkeep]
|upkeep
|turn|11
|
|t:|1760456161
|move|p2a: Enamorus|Draining Kiss|p1a: Mandibuzz
|-supereffective|p1a: Mandibuzz
|-damage|p1a: Mandibuzz|24/100
|-heal|p2a: Enamorus|100/100|[from] drain|[of] p1a: Mandibuzz
|-damage|p2a: Enamorus|84/100|[from] item: Rocky Helmet|[of] p1a: Mandibuzz
|move|p1a: Mandibuzz|Foul Play|p2a: Enamorus
|-resisted|p2a: Enamorus
|-damage|p2a: Enamorus|53/100
|
|-weather|none
|upkeep
|turn|12
|
|t:|1760456174
|switch|p1a: Slowking|Slowking-Galar, M, tera:Poison|49/100
|move|p2a: Enamorus|Draining Kiss|p1a: Slowking
|-resisted|p1a: Slowking
|-damage|p1a: Slowking|37/100
|-heal|p2a: Enamorus|66/100|[from] drain|[of] p1a: Slowking
|
|-heal|p1a: Slowking|43/100|[from] item: Leftovers
|upkeep
|turn|13
|
|t:|1760456184
|move|p2a: Enamorus|Fly||[still]
|-prepare|p2a: Enamorus|Fly
|move|p1a: Slowking|Future Sight|p2a: Enamorus
|-start|p1a: Slowking|move: Future Sight
|
|-heal|p1a: Slowking|49/100|[from] item: Leftovers
|upkeep
|turn|14
|
|t:|1760456197
|switch|p1a: Diancie|Diancie|100/100
|move|p2a: Enamorus|Fly|p1a: Diancie|[from] lockedmove
|-resisted|p1a: Diancie
|-damage|p1a: Diancie|87/100
|
|upkeep
|turn|15
|
|t:|1760456204
|move|p2a: Enamorus|Sludge Bomb|p1a: Diancie
|-damage|p1a: Diancie|69/100
|move|p1a: Diancie|Diamond Storm|p2a: Enamorus
|-supereffective|p2a: Enamorus
|-damage|p2a: Enamorus|0 fnt
|-boost|p1a: Diancie|def|2
|faint|p2a: Enamorus
|
|-hint|Future Sight did not hit because the target is fainted.
|upkeep
|
|t:|1760456218
|switch|p2a: Haxorus|Haxorus, M|100/100
|-ability|p2a: Haxorus|Mold Breaker
|turn|16
|
|t:|1760456227
|move|p2a: Haxorus|Dragon Dance|p2a: Haxorus
|-boost|p2a: Haxorus|atk|1
|-boost|p2a: Haxorus|spe|1
|move|p1a: Diancie|Moonblast|p2a: Haxorus
|-supereffective|p2a: Haxorus
|-damage|p2a: Haxorus|0 fnt
|faint|p2a: Haxorus
|
|upkeep
|
|t:|1760456244
|switch|p2a: Gliscor|Gliscor, M|100/100 tox
|turn|17
|
|t:|1760456262
|move|p2a: Gliscor|Earthquake|p1a: Diancie
|-supereffective|p1a: Diancie
|-damage|p1a: Diancie|32/100
|move|p1a: Diancie|Diamond Storm|p2a: Gliscor|[miss]
|-miss|p1a: Diancie|p2a: Gliscor
|
|upkeep
|turn|18
|
|t:|1760456270
|switch|p1a: Mandibuzz|Mandibuzz, F|24/100
|move|p2a: Gliscor|Aerial Ace|p1a: Mandibuzz
|-damage|p1a: Mandibuzz|8/100
|-damage|p2a: Gliscor|84/100 tox|[from] item: Rocky Helmet|[of] p1a: Mandibuzz
|
|-heal|p2a: Gliscor|96/100 tox|[from] ability: Poison Heal
|upkeep
|turn|19
|
|t:|1760456281
|switch|p1a: Coalossal|Coalossal, F|100/100
|-item|p1a: Coalossal|Air Balloon
|move|p2a: Gliscor|Aerial Ace|p1a: Coalossal
|-resisted|p1a: Coalossal
|-damage|p1a: Coalossal|91/100
|-enditem|p1a: Coalossal|Air Balloon
|
|-heal|p2a: Gliscor|100/100 tox|[from] ability: Poison Heal
|upkeep
|turn|20
|
|t:|1760456292
|switch|p1a: Slowking|Slowking-Galar, M, tera:Poison|82/100
|move|p2a: Gliscor|Toxic Spikes|p1a: Slowking
|-sidestart|p1: suijilurenjia|move: Toxic Spikes
|
|-heal|p1a: Slowking|89/100|[from] item: Leftovers
|upkeep
|turn|21
|
|t:|1760456300
|move|p2a: Gliscor|Earthquake|p1a: Slowking
|-supereffective|p1a: Slowking
|-damage|p1a: Slowking|0 fnt
|faint|p1a: Slowking
|
|upkeep
|
|t:|1760456305
|switch|p1a: Mandibuzz|Mandibuzz, F|8/100
|turn|22
|
|t:|1760456309
|move|p2a: Gliscor|Aerial Ace|p1a: Mandibuzz
|-damage|p1a: Mandibuzz|0 fnt
|-damage|p2a: Gliscor|84/100 tox|[from] item: Rocky Helmet|[of] p1a: Mandibuzz
|faint|p1a: Mandibuzz
|
|-heal|p2a: Gliscor|96/100 tox|[from] ability: Poison Heal
|upkeep
|
|t:|1760456316
|switch|p1a: Diancie|Diancie|32/100
|-status|p1a: Diancie|psn
|turn|23
|
|t:|1760456319
|move|p2a: Gliscor|Earthquake|p1a: Diancie
|-supereffective|p1a: Diancie
|-damage|p1a: Diancie|0 fnt
|faint|p1a: Diancie
|
|-heal|p2a: Gliscor|100/100 tox|[from] ability: Poison Heal
|upkeep
|
|t:|1760456325
|switch|p1a: Meowstic|Meowstic, M|100/100
|-status|p1a: Meowstic|psn
|turn|24
|
|t:|1760456333
|switch|p2a: Chandelure|Chandelure, M, shiny|100/100
|move|p1a: Meowstic|Reflect|p1a: Meowstic
|-sidestart|p1: suijilurenjia|Reflect
|
|-damage|p1a: Meowstic|88/100 psn|[from] psn
|upkeep
|turn|25
|
|t:|1760456342
|move|p1a: Meowstic|Thunder Wave|p2a: Chandelure
|-status|p2a: Chandelure|par
|move|p2a: Chandelure|Will-O-Wisp||[still]
|-fail|p2a: Chandelure
|
|-damage|p1a: Meowstic|75/100 psn|[from] psn
|upkeep
|turn|26
|
|t:|1760456349
|move|p1a: Meowstic|Psychic|p2a: Chandelure
|-damage|p2a: Chandelure|46/100 par
|move|p2a: Chandelure|Will-O-Wisp||[still]
|-fail|p2a: Chandelure
|
|-damage|p1a: Meowstic|63/100 psn|[from] psn
|upkeep
|turn|27
|
|t:|1760456355
|move|p1a: Meowstic|Psychic|p2a: Chandelure
|-damage|p2a: Chandelure|0 fnt
|faint|p2a: Chandelure
|
|-damage|p1a: Meowstic|50/100 psn|[from] psn
|upkeep
|
|t:|1760456362
|switch|p2a: Gliscor|Gliscor, M|100/100 tox
|turn|28
|
|t:|1760456365
|switch|p1a: Coalossal|Coalossal, F|91/100
|-status|p1a: Coalossal|psn
|move|p2a: Gliscor|Earthquake|p1a: Coalossal
|-supereffective|p1a: Coalossal
|-damage|p1a: Coalossal|29/100 psn
|
|-damage|p1a: Coalossal|16/100 psn|[from] psn
|-sideend|p1: suijilurenjia|Reflect
|upkeep
|turn|29
|
|t:|1760456376
|move|p2a: Gliscor|Aerial Ace|p1a: Coalossal
|-resisted|p1a: Coalossal
|-damage|p1a: Coalossal|6/100 psn
|move|p1a: Coalossal|Heat Crash|p2a: Gliscor
|-damage|p2a: Gliscor|71/100 tox
|
|-heal|p2a: Gliscor|83/100 tox|[from] ability: Poison Heal
|-damage|p1a: Coalossal|0 fnt|[from] psn
|faint|p1a: Coalossal
|upkeep
|
|t:|1760456385
|switch|p1a: Meowstic|Meowstic, M|50/100 psn
|turn|30
|
|t:|1760456391
|move|p1a: Meowstic|Psychic|p2a: Gliscor
|-damage|p2a: Gliscor|41/100 tox
|move|p2a: Gliscor|Earthquake|p1a: Meowstic
|-damage|p1a: Meowstic|0 fnt
|faint|p1a: Meowstic
|
|-heal|p2a: Gliscor|54/100 tox|[from] ability: Poison Heal
|upkeep
|
|t:|1760456393
|switch|p1a: Zebstrika|Zebstrika, M|78/100
|-status|p1a: Zebstrika|psn
|turn|31
|
|t:|1760456402
|move|p1a: Zebstrika|Flame Charge|p2a: Gliscor
|-damage|p2a: Gliscor|36/100 tox
|-boost|p1a: Zebstrika|spe|1
|-damage|p1a: Zebstrika|68/100 psn|[from] item: Life Orb
|move|p2a: Gliscor|Earthquake|p1a: Zebstrika
|-supereffective|p1a: Zebstrika
|-damage|p1a: Zebstrika|0 fnt
|faint|p1a: Zebstrika
|
|win|karaluchkaka
|raw|suijilurenjia's rating: 1011 &rarr; <strong>1000</strong><br />(-11 for losing)
|raw|karaluchkaka's rating: 1034 &rarr; <strong>1067</strong><br />(+33 for winning)
|l|☆suijilurenjia
|player|p1|
|c|☆karaluchkaka|GG
