|j|☆schLIM2
|j|☆TallyLouise
|t:|1760358624
|gametype|singles
|player|p1|schLIM2|shadowtriad|1455
|player|p2|TallyLouise|266|1417
|gen|9
|tier|[Gen 9] OU
|rated|
|rule|HP Percentage Mod: HP is shown in percentages
|rule|Endless Battle Clause: Forcing endless battles is banned
|rule|Species Clause: Limit one of each Pokémon
|rule|OHKO Clause: OHKO moves are banned
|rule|Evasion Items Clause: Evasion items are banned
|rule|Evasion Moves Clause: Evasion moves are banned
|rule|Evasion Abilities Clause: Evasion abilities are banned
|rule|Sleep Moves Clause: Sleep-inducing moves are banned
|clearpoke
|poke|p1|Torkoal, M|
|poke|p1|Lilligant-Hisui, F|
|poke|p1|Walking Wake|
|poke|p1|Typhlosion-Hisui, F|
|poke|p1|Hydrapple, F|
|poke|p1|Latias, F|
|poke|p2|Zamazenta-*|
|poke|p2|Hoopa-Unbound|
|poke|p2|Blissey, F|
|poke|p2|Ribombee, F|
|poke|p2|Alomomola, F|
|poke|p2|Iron Treads|
|teampreview
|
|t:|1760358644
|teamsize|p1|6
|teamsize|p2|6
|start
|switch|p1a: Torkoal|Torkoal, M|100/100
|switch|p2a: Ribombee|Ribombee, F, shiny|100/100
|-weather|SunnyDay|[from] ability: Drought|[of] p1a: Torkoal
|turn|1
|
|t:|1760358652
|move|p2a: Ribombee|U-turn|p1a: Torkoal
|-resisted|p1a: Torkoal
|-damage|p1a: Torkoal|95/100
|
|t:|1760358655
|switch|p2a: Hoopa|Hoopa-Unbound|100/100|[from] U-turn
|move|p1a: Torkoal|Lava Plume|p2a: Hoopa
|-damage|p2a: Hoopa|77/100
|-status|p2a: Hoopa|brn
|
|-weather|SunnyDay|[upkeep]
|-damage|p2a: Hoopa|71/100 brn|[from] brn
|upkeep
|turn|2
|
|t:|1760358664
|switch|p1a: Hydrapple|Hydrapple, F|100/100
|move|p2a: Hoopa|Psychic|p1a: Hydrapple
|-damage|p1a: Hydrapple|48/100
|-enditem|p1a: Hydrapple|Eject Button
|
|t:|1760358674
|switch|p1a: Lilligant|Lilligant-Hisui, F|100/100
|
|-weather|SunnyDay|[upkeep]
|-damage|p2a: Hoopa|65/100 brn|[from] brn
|upkeep
|turn|3
|
|t:|1760358692
|switch|p2a: Alomomola|Alomomola, F, shiny|100/100
|move|p1a: Lilligant|Solar Blade||[still]
|-prepare|p1a: Lilligant|Solar Blade
|-anim|p1a: Lilligant|Solar Blade|p2a: Alomomola
|-supereffective|p2a: Alomomola
|-damage|p2a: Alomomola|37/100
|-damage|p1a: Lilligant|84/100|[from] item: Rocky Helmet|[of] p2a: Alomomola
|
|-weather|SunnyDay|[upkeep]
|upkeep
|turn|4
|l|☆schLIM2
|player|p1|
|j|☆schLIM2
|player|p1|schLIM2|shadowtriad|
|
|t:|1760358748
|move|p2a: Alomomola|Protect|p2a: Alomomola
|-singleturn|p2a: Alomomola|Protect
|move|p1a: Lilligant|Victory Dance|p1a: Lilligant
|-boost|p1a: Lilligant|atk|1
|-boost|p1a: Lilligant|def|1
|-boost|p1a: Lilligant|spe|1
|
|-weather|SunnyDay|[upkeep]
|upkeep
|turn|5
|
|t:|1760358762
|-terastallize|p2a: Alomomola|Dragon
|move|p1a: Lilligant|Solar Blade||[still]
|-prepare|p1a: Lilligant|Solar Blade
|-anim|p1a: Lilligant|Solar Blade|p2a: Alomomola
|-resisted|p2a: Alomomola
|-damage|p2a: Alomomola|13/100
|-damage|p1a: Lilligant|68/100|[from] item: Rocky Helmet|[of] p2a: Alomomola
|move|p2a: Alomomola|Wish|p2a: Alomomola
|
|-weather|SunnyDay|[upkeep]
|upkeep
|turn|6
|
|t:|1760358773
|move|p1a: Lilligant|Triple Axel|p2a: Alomomola
|-supereffective|p2a: Alomomola
|-damage|p2a: Alomomola|2/100
|-damage|p1a: Lilligant|51/100|[from] item: Rocky Helmet|[of] p2a: Alomomola
|-supereffective|p2a: Alomomola
|-damage|p2a: Alomomola|0 fnt
|-damage|p1a: Lilligant|35/100|[from] item: Rocky Helmet|[of] p2a: Alomomola
|faint|p2a: Alomomola
|-hitcount|p2: Alomomola|2
|
|-weather|SunnyDay|[upkeep]
|upkeep
|
|t:|1760358785
|switch|p2a: Zamazenta|Zamazenta, shiny|100/100
|-ability|p2a: Zamazenta|Dauntless Shield|boost
|-boost|p2a: Zamazenta|def|1
|turn|7
|
|t:|1760358804
|move|p1a: Lilligant|Solar Blade||[still]
|-prepare|p1a: Lilligant|Solar Blade
|-anim|p1a: Lilligant|Solar Blade|p2a: Zamazenta
|-damage|p2a: Zamazenta|39/100
|move|p2a: Zamazenta|Close Combat|p1a: Lilligant
|-damage|p1a: Lilligant|0 fnt
|-unboost|p2a: Zamazenta|def|1
|-unboost|p2a: Zamazenta|spd|1
|faint|p1a: Lilligant
|
|-weather|SunnyDay|[upkeep]
|-heal|p2a: Zamazenta|45/100|[from] item: Leftovers
|upkeep
|
|t:|1760358812
|switch|p1a: Typhlosion|Typhlosion-Hisui, F|100/100
|turn|8
|
|t:|1760358820
|switch|p2a: Blissey|Blissey, F|100/100
|move|p1a: Typhlosion|Eruption|p2a: Blissey
|-damage|p2a: Blissey|66/100
|
|-weather|none
|upkeep
|turn|9
|
|t:|1760358828
|switch|p1a: Torkoal|Torkoal, M|95/100
|-weather|SunnyDay|[from] ability: Drought|[of] p1a: Torkoal
|move|p2a: Blissey|Stealth Rock|p1a: Torkoal
|-sidestart|p1: schLIM2|move: Stealth Rock
|
|-weather|SunnyDay|[upkeep]
|upkeep
|turn|10
|
|t:|1760358847
|move|p2a: Blissey|Thunder Wave|p1a: Torkoal
|-status|p1a: Torkoal|par
|move|p1a: Torkoal|Stealth Rock|p2a: Blissey
|-sidestart|p2: TallyLouise|move: Stealth Rock
|
|-weather|SunnyDay|[upkeep]
|upkeep
|turn|11
|
|t:|1760358895
|move|p2a: Blissey|Seismic Toss|p1a: Torkoal
|-damage|p1a: Torkoal|66/100 par
|cant|p1a: Torkoal|par
|
|-weather|SunnyDay|[upkeep]
|upkeep
|turn|12
|
|t:|1760358900
|move|p2a: Blissey|Seismic Toss|p1a: Torkoal
|-damage|p1a: Torkoal|37/100 par
|cant|p1a: Torkoal|par
|
|-weather|SunnyDay|[upkeep]
|upkeep
|turn|13
|
|t:|1760358906
|move|p2a: Blissey|Soft-Boiled|p2a: Blissey
|-heal|p2a: Blissey|100/100
|move|p1a: Torkoal|Rapid Spin|p2a: Blissey
|-damage|p2a: Blissey|92/100
|-boost|p1a: Torkoal|spe|1
|-sideend|p1: schLIM2|Stealth Rock|[from] move: Rapid Spin|[of] p1a: Torkoal
|
|-weather|SunnyDay|[upkeep]
|upkeep
|turn|14
|
|t:|1760358918
|switch|p1a: Hydrapple|Hydrapple, F|81/100
|move|p2a: Blissey|Thunder Wave|p1a: Hydrapple
|-status|p1a: Hydrapple|par
|
|-weather|SunnyDay|[upkeep]
|upkeep
|turn|15
|
|t:|1760358924
|move|p2a: Blissey|Stealth Rock|p1a: Hydrapple
|-sidestart|p1: schLIM2|move: Stealth Rock
|cant|p1a: Hydrapple|par
|
|-weather|SunnyDay|[upkeep]
|upkeep
|turn|16
|
|t:|1760358928
|move|p2a: Blissey|Seismic Toss|p1a: Hydrapple
|-damage|p1a: Hydrapple|57/100 par
|move|p1a: Hydrapple|Body Press|p2a: Blissey
|-supereffective|p2a: Blissey
|-damage|p2a: Blissey|43/100
|
|-weather|none
|upkeep
|turn|17
|
|t:|1760358945
|move|p2a: Blissey|Soft-Boiled|p2a: Blissey
|-heal|p2a: Blissey|93/100
|move|p1a: Hydrapple|Body Press|p2a: Blissey
|-supereffective|p2a: Blissey
|-damage|p2a: Blissey|38/100
|
|upkeep
|turn|18
|
|t:|1760358954
|move|p2a: Blissey|Soft-Boiled|p2a: Blissey
|-heal|p2a: Blissey|88/100
|move|p1a: Hydrapple|Body Press|p2a: Blissey
|-supereffective|p2a: Blissey
|-damage|p2a: Blissey|32/100
|
|upkeep
|turn|19
|
|t:|1760358965
|move|p2a: Blissey|Soft-Boiled|p2a: Blissey
|-heal|p2a: Blissey|83/100
|move|p1a: Hydrapple|Body Press|p2a: Blissey
|-supereffective|p2a: Blissey
|-damage|p2a: Blissey|27/100
|
|upkeep
|turn|20
|
|t:|1760358973
|move|p2a: Blissey|Soft-Boiled|p2a: Blissey
|-heal|p2a: Blissey|77/100
|move|p1a: Hydrapple|Body Press|p2a: Blissey
|-supereffective|p2a: Blissey
|-damage|p2a: Blissey|24/100
|
|upkeep
|turn|21
|
|t:|1760358979
|move|p2a: Blissey|Soft-Boiled|p2a: Blissey
|-heal|p2a: Blissey|74/100
|move|p1a: Hydrapple|Body Press|p2a: Blissey
|-supereffective|p2a: Blissey
|-damage|p2a: Blissey|20/100
|
|upkeep
|turn|22
|
|t:|1760358986
|switch|p2a: Ribombee|Ribombee, F, shiny|100/100
|move|p1a: Hydrapple|Body Press|p2a: Ribombee
|-resisted|p2a: Ribombee
|-damage|p2a: Ribombee|88/100
|
|upkeep
|turn|23
|
|t:|1760358993
|switch|p1a: Torkoal|Torkoal, M|37/100 par
|-damage|p1a: Torkoal|12/100 par|[from] Stealth Rock
|-weather|SunnyDay|[from] ability: Drought|[of] p1a: Torkoal
|move|p2a: Ribombee|Sticky Web|p1a: Torkoal
|-sidestart|p1: schLIM2|move: Sticky Web
|
|-weather|SunnyDay|[upkeep]
|upkeep
|turn|24
|
|t:|1760358999
|move|p2a: Ribombee|Moonblast|p1a: Torkoal
|-resisted|p1a: Torkoal
|-damage|p1a: Torkoal|0 fnt
|faint|p1a: Torkoal
|
|-weather|SunnyDay|[upkeep]
|upkeep
|
|t:|1760359021
|switch|p1a: Typhlosion|Typhlosion-Hisui, F|100/100
|-damage|p1a: Typhlosion|76/100|[from] Stealth Rock
|-activate|p1a: Typhlosion|move: Sticky Web
|-unboost|p1a: Typhlosion|spe|1
|turn|25
|
|t:|1760359037
|move|p2a: Ribombee|U-turn|p1a: Typhlosion
|-resisted|p1a: Typhlosion
|-damage|p1a: Typhlosion|71/100
|
|t:|1760359048
|switch|p2a: Blissey|Blissey, F|20/100|[from] U-turn
|move|p1a: Typhlosion|Overheat|p2a: Blissey
|-damage|p2a: Blissey|0 fnt
|-unboost|p1a: Typhlosion|spa|2
|faint|p2a: Blissey
|
|-weather|SunnyDay|[upkeep]
|upkeep
|
|t:|1760359060
|switch|p2a: Hoopa|Hoopa-Unbound|65/100 brn
|-damage|p2a: Hoopa|53/100 brn|[from] Stealth Rock
|turn|26
|
|t:|1760359067
|move|p1a: Typhlosion|Overheat|p2a: Hoopa
|-damage|p2a: Hoopa|25/100 brn
|-unboost|p1a: Typhlosion|spa|2
|move|p2a: Hoopa|Psychic|p1a: Typhlosion
|-damage|p1a: Typhlosion|5/100
|-unboost|p1a: Typhlosion|spd|1
|
|-weather|SunnyDay|[upkeep]
|-damage|p2a: Hoopa|19/100 brn|[from] brn
|upkeep
|turn|27
|
|t:|1760359077
|move|p1a: Typhlosion|Overheat|p2a: Hoopa
|-damage|p2a: Hoopa|0 fnt
|-unboost|p1a: Typhlosion|spa|2
|faint|p2a: Hoopa
|
|-weather|SunnyDay|[upkeep]
|upkeep
|
|t:|1760359085
|switch|p2a: Ribombee|Ribombee, F, shiny|88/100
|turn|28
|
|t:|1760359100
|move|p2a: Ribombee|Moonblast|p1a: Typhlosion
|-resisted|p1a: Typhlosion
|-damage|p1a: Typhlosion|0 fnt
|faint|p1a: Typhlosion
|
|-weather|SunnyDay|[upkeep]
|upkeep
|
|t:|1760359106
|switch|p1a: Latias|Latias, F|100/100
|-damage|p1a: Latias|88/100|[from] Stealth Rock
|turn|29
|
|t:|1760359110
|-terastallize|p1a: Latias|Fairy
|move|p2a: Ribombee|U-turn|p1a: Latias
|-resisted|p1a: Latias
|-damage|p1a: Latias|80/100
|
|t:|1760359117
|switch|p2a: Iron Treads|Iron Treads, shiny|100/100|[from] U-turn
|-damage|p2a: Iron Treads|97/100|[from] Stealth Rock
|move|p1a: Latias|Agility|p1a: Latias
|-boost|p1a: Latias|spe|2
|
|-weather|SunnyDay|[upkeep]
|upkeep
|turn|30
|
|t:|1760359130
|move|p1a: Latias|Calm Mind|p1a: Latias
|-boost|p1a: Latias|spa|1
|-boost|p1a: Latias|spd|1
|move|p2a: Iron Treads|Earthquake|p1a: Latias
|-immune|p1a: Latias|[from] ability: Levitate
|
|-weather|none
|upkeep
|turn|31
|
|t:|1760359151
|move|p1a: Latias|Draining Kiss|p2a: Iron Treads
|-resisted|p2a: Iron Treads
|-damage|p2a: Iron Treads|74/100
|-heal|p1a: Latias|99/100|[from] drain|[of] p2a: Iron Treads
|move|p2a: Iron Treads|Knock Off|p1a: Latias
|-resisted|p1a: Latias
|-damage|p1a: Latias|79/100
|-enditem|p1a: Latias|Weakness Policy|[from] move: Knock Off|[of] p2a: Iron Treads
|
|upkeep
|turn|32
|
|t:|1760359158
|move|p1a: Latias|Calm Mind|p1a: Latias
|-boost|p1a: Latias|spa|1
|-boost|p1a: Latias|spd|1
|move|p2a: Iron Treads|Rapid Spin|p1a: Latias
|-damage|p1a: Latias|60/100
|-boost|p2a: Iron Treads|spe|1
|-sideend|p2: TallyLouise|Stealth Rock|[from] move: Rapid Spin|[of] p2a: Iron Treads
|
|upkeep
|turn|33
|
|t:|1760359162
|move|p1a: Latias|Draining Kiss|p2a: Iron Treads
|-resisted|p2a: Iron Treads
|-damage|p2a: Iron Treads|46/100
|-heal|p1a: Latias|83/100|[from] drain|[of] p2a: Iron Treads
|move|p2a: Iron Treads|Rapid Spin|p1a: Latias
|-damage|p1a: Latias|64/100
|-boost|p2a: Iron Treads|spe|1
|
|upkeep
|turn|34
|
|t:|1760359171
|move|p2a: Iron Treads|Rapid Spin|p1a: Latias
|-damage|p1a: Latias|45/100
|-boost|p2a: Iron Treads|spe|1
|move|p1a: Latias|Draining Kiss|p2a: Iron Treads
|-resisted|p2a: Iron Treads
|-damage|p2a: Iron Treads|15/100
|-heal|p1a: Latias|70/100|[from] drain|[of] p2a: Iron Treads
|
|upkeep
|turn|35
|
|t:|1760359178
|move|p2a: Iron Treads|Rapid Spin|p1a: Latias
|-damage|p1a: Latias|51/100
|-boost|p2a: Iron Treads|spe|1
|move|p1a: Latias|Draining Kiss|p2a: Iron Treads
|-resisted|p2a: Iron Treads
|-damage|p2a: Iron Treads|0 fnt
|-heal|p1a: Latias|63/100|[from] drain|[of] p2a: Iron Treads
|faint|p2a: Iron Treads
|-end|p2a: Iron Treads|Quark Drive|[silent]
|
|upkeep
|
|t:|1760359183
|switch|p2a: Zamazenta|Zamazenta, shiny|45/100
|turn|36
|
|t:|1760359187
|move|p1a: Latias|Draining Kiss|p2a: Zamazenta
|-supereffective|p2a: Zamazenta
|-damage|p2a: Zamazenta|0 fnt
|-heal|p1a: Latias|99/100|[from] drain|[of] p2a: Zamazenta
|faint|p2a: Zamazenta
|
|upkeep
|
|t:|1760359194
|switch|p2a: Ribombee|Ribombee, F, shiny|88/100
|turn|37
|
|t:|1760359202
|move|p1a: Latias|Stored Power|p2a: Ribombee
|-damage|p2a: Ribombee|0 fnt
|faint|p2a: Ribombee
|
|win|schLIM2
|raw|schLIM2's rating: 1455 &rarr; <strong>1473</strong><br />(+18 for winning)
|raw|TallyLouise's rating: 1417 &rarr; <strong>1399</strong><br />(-18 for losing)
|l|☆TallyLouise
|player|p2|
|l|☆schLIM2
|player|p1|
