|j|☆jwhi
|j|☆Zanude-dada
|t:|1760328812
|gametype|singles
|player|p1|jwhi|ingo|1316
|player|p2|Zanude-dada|harlequin|1270
|gen|9
|tier|[Gen 9] OU
|rated|
|rule|HP Percentage Mod: HP is shown in percentages
|rule|Endless Battle Clause: Forcing endless battles is banned
|rule|Species Clause: Limit one of each Pokémon
|rule|OHKO Clause: OHKO moves are banned
|rule|Evasion Items Clause: Evasion items are banned
|rule|Evasion Moves Clause: Evasion moves are banned
|rule|Evasion Abilities Clause: Evasion abilities are banned
|rule|Sleep Moves Clause: Sleep-inducing moves are banned
|clearpoke
|poke|p1|Floatzel, M|
|poke|p1|Pelipper, F|
|poke|p1|Dragonite, F|
|poke|p1|Ambipom, M|
|poke|p1|Arcanine-Hisui, F|
|poke|p1|Talonflame, M|
|poke|p2|Eelektross, M|
|poke|p2|Tornadus-Therian, M|
|poke|p2|Kingambit, F|
|poke|p2|Fezandipiti, M|
|poke|p2|Walking Wake|
|poke|p2|Glimmora, M|
|teampreview
|inactive|Battle timer is ON: inactive players will automatically lose when time's up. (requested by jwhi)
|
|t:|1760328821
|teamsize|p1|6
|teamsize|p2|6
|start
|switch|p1a: Arcanine|Arcanine-Hisui, F|100/100
|switch|p2a: Glimmora|Glimmora, M|100/100
|turn|1
|
|t:|1760328832
|move|p1a: Arcanine|Head Smash|p2a: Glimmora
|-damage|p2a: Glimmora|18/100
|-activate|p2a: Glimmora|ability: Toxic Debris
|-sidestart|p1: jwhi|move: Toxic Spikes
|move|p2a: Glimmora|Stealth Rock|p1a: Arcanine
|-sidestart|p1: jwhi|move: Stealth Rock
|
|upkeep
|turn|2
|
|t:|1760328839
|move|p1a: Arcanine|Extreme Speed|p2a: Glimmora
|-resisted|p2a: Glimmora
|-damage|p2a: Glimmora|2/100
|-activate|p2a: Glimmora|ability: Toxic Debris
|-sidestart|p1: jwhi|move: Toxic Spikes
|move|p2a: Glimmora|Mortal Spin|p1a: Arcanine
|-resisted|p1a: Arcanine
|-damage|p1a: Arcanine|96/100
|-status|p1a: Arcanine|psn
|
|-damage|p1a: Arcanine|84/100 psn|[from] psn
|upkeep
|turn|3
|
|t:|1760328864
|switch|p2a: Eelektross|Eelektross, M|100/100
|move|p1a: Arcanine|Extreme Speed|p2a: Eelektross
|-damage|p2a: Eelektross|72/100
|
|-damage|p1a: Arcanine|71/100 psn|[from] psn
|upkeep
|turn|4
|
|t:|1760328869
|move|p1a: Arcanine|Head Smash|p2a: Eelektross
|-damage|p2a: Eelektross|0 fnt
|faint|p2a: Eelektross
|
|-damage|p1a: Arcanine|59/100 psn|[from] psn
|upkeep
|inactive|Zanude-dada has 120 seconds left.
|
|t:|1760328899
|switch|p2a: Kingambit|Kingambit, F|100/100
|-activate|p2a: Kingambit|ability: Supreme Overlord
|-start|p2a: Kingambit|fallen1|[silent]
|turn|5
|
|t:|1760328905
|move|p2a: Kingambit|Sucker Punch|p1a: Arcanine
|-damage|p1a: Arcanine|7/100 psn
|move|p1a: Arcanine|Close Combat|p2a: Kingambit
|-supereffective|p2a: Kingambit
|-damage|p2a: Kingambit|0 fnt
|-unboost|p1a: Arcanine|def|1
|-unboost|p1a: Arcanine|spd|1
|faint|p2a: Kingambit
|-end|p2a: Kingambit|fallen1|[silent]
|
|-damage|p1a: Arcanine|0 fnt|[from] psn
|faint|p1a: Arcanine
|upkeep
|inactive|Zanude-dada has 120 seconds left.
|
|t:|1760328917
|switch|p1a: Talonflame|Talonflame, M|100/100
|switch|p2a: Fezandipiti|Fezandipiti, M|100/100
|turn|6
|
|t:|1760328924
|move|p1a: Talonflame|Defog|p2a: Fezandipiti
|-unboost|p2a: Fezandipiti|evasion|1
|-sideend|p1: jwhi|Toxic Spikes|[from] move: Defog|[of] p1a: Talonflame
|-sideend|p1: jwhi|Stealth Rock|[from] move: Defog|[of] p1a: Talonflame
|move|p2a: Fezandipiti|Tailwind|p2a: Fezandipiti
|-sidestart|p2: Zanude-dada|move: Tailwind
|
|upkeep
|turn|7
|
|t:|1760328940
|switch|p1a: Ambipom|Ambipom, M|100/100
|move|p2a: Fezandipiti|U-turn|p1a: Ambipom
|-damage|p1a: Ambipom|76/100
|-status|p1a: Ambipom|tox|[from] ability: Toxic Chain|[of] p2a: Fezandipiti
|
|t:|1760328957
|switch|p2a: Glimmora|Glimmora, M|2/100|[from] U-turn
|
|-damage|p1a: Ambipom|70/100 tox|[from] psn
|upkeep
|turn|8
|
|t:|1760328963
|move|p1a: Ambipom|Fake Out|p2a: Glimmora
|-resisted|p2a: Glimmora
|-damage|p2a: Glimmora|0 fnt
|-activate|p2a: Glimmora|ability: Toxic Debris
|-sidestart|p1: jwhi|move: Toxic Spikes
|faint|p2a: Glimmora
|
|-damage|p1a: Ambipom|58/100 tox|[from] psn
|upkeep
|
|t:|1760328978
|switch|p2a: Walking Wake|Walking Wake|100/100
|turn|9
|
|t:|1760328985
|move|p2a: Walking Wake|Draco Meteor|p1a: Ambipom|[miss]
|-miss|p2a: Walking Wake|p1a: Ambipom
|move|p1a: Ambipom|Knock Off|p2a: Walking Wake
|-damage|p2a: Walking Wake|71/100
|-enditem|p2a: Walking Wake|Choice Specs|[from] move: Knock Off|[of] p1a: Ambipom
|
|-damage|p1a: Ambipom|39/100 tox|[from] psn
|-sideend|p2: Zanude-dada|move: Tailwind
|upkeep
|turn|10
|
|t:|1760328991
|move|p1a: Ambipom|Endeavor|p2a: Walking Wake
|-damage|p2a: Walking Wake|34/100
|move|p2a: Walking Wake|Scald|p1a: Ambipom
|-damage|p1a: Ambipom|0 fnt
|faint|p1a: Ambipom
|
|upkeep
|
|t:|1760329005
|switch|p1a: Dragonite|Dragonite, F|100/100
|turn|11
|
|t:|1760329026
|-terastallize|p1a: Dragonite|Normal
|move|p2a: Walking Wake|Draco Meteor|p1a: Dragonite
|-damage|p1a: Dragonite|61/100
|-unboost|p2a: Walking Wake|spa|2
|move|p1a: Dragonite|Dragon Dance|p1a: Dragonite
|-boost|p1a: Dragonite|atk|1
|-boost|p1a: Dragonite|spe|1
|
|upkeep
|turn|12
|
|t:|1760329036
|move|p1a: Dragonite|Extreme Speed|p2a: Walking Wake
|-damage|p2a: Walking Wake|0 fnt
|faint|p2a: Walking Wake
|-end|p2a: Walking Wake|Protosynthesis|[silent]
|
|upkeep
|
|t:|1760329044
|switch|p2a: Tornadus|Tornadus-Therian, M|100/100
|turn|13
|
|t:|1760329063
|move|p1a: Dragonite|Extreme Speed|p2a: Tornadus
|-damage|p2a: Tornadus|6/100
|move|p2a: Tornadus|Focus Blast|p1a: Dragonite
|-supereffective|p1a: Dragonite
|-damage|p1a: Dragonite|0 fnt
|faint|p1a: Dragonite
|
|upkeep
|
|t:|1760329074
|switch|p1a: Pelipper|Pelipper, F|100/100
|-weather|RainDance|[from] ability: Drizzle|[of] p1a: Pelipper
|turn|14
|
|t:|1760329082
|move|p2a: Tornadus|Hurricane|p1a: Pelipper
|-damage|p1a: Pelipper|24/100
|move|p1a: Pelipper|U-turn|p2a: Tornadus
|-resisted|p2a: Tornadus
|-damage|p2a: Tornadus|0 fnt
|faint|p2a: Tornadus
|
|t:|1760329086
|switch|p1a: Floatzel|Floatzel, M|100/100|[from] U-turn
|-status|p1a: Floatzel|psn
|
|-weather|RainDance|[upkeep]
|-damage|p1a: Floatzel|88/100 psn|[from] psn
|upkeep
|
|t:|1760329089
|switch|p2a: Fezandipiti|Fezandipiti, M|100/100
|turn|15
|
|t:|1760329094
|move|p1a: Floatzel|Wave Crash|p2a: Fezandipiti
|-damage|p2a: Fezandipiti|0 fnt
|faint|p2a: Fezandipiti
|-damage|p1a: Floatzel|48/100 psn|[from] Recoil
|
|win|jwhi
|raw|jwhi's rating: 1316 &rarr; <strong>1333</strong><br />(+17 for winning)
|raw|Zanude-dada's rating: 1270 &rarr; <strong>1248</strong><br />(-22 for losing)
|l|☆jwhi
|player|p1|
|l|☆Zanude-dada
|player|p2|
