|j|☆ciantaihou
|j|☆jemaisjepa
|t:|1760344369
|gametype|singles
|player|p1|ciantaihou|bellelba|1752
|player|p2|jemaisjepa|marlon|1767
|gen|9
|tier|[Gen 9] OU
|rated|
|rule|HP Percentage Mod: HP is shown in percentages
|rule|Endless Battle Clause: Forcing endless battles is banned
|rule|Species Clause: Limit one of each Pokémon
|rule|OHKO Clause: OHKO moves are banned
|rule|Evasion Items Clause: Evasion items are banned
|rule|Evasion Moves Clause: Evasion moves are banned
|rule|Evasion Abilities Clause: Evasion abilities are banned
|rule|Sleep Moves Clause: Sleep-inducing moves are banned
|clearpoke
|poke|p1|Ursaluna, F|
|poke|p1|Torkoal, F|
|poke|p1|Hoopa-Unbound|
|poke|p1|Cresselia, F|
|poke|p1|Hatterene, F|
|poke|p1|Enamorus-Therian, F|
|poke|p2|Weezing-Galar, F|
|poke|p2|Alomomola, F|
|poke|p2|Dragonite, F|
|poke|p2|Great Tusk|
|poke|p2|Zamazenta-*|
|poke|p2|Ogerpon-Wellspring, F|
|teampreview
|inactive|Battle timer is ON: inactive players will automatically lose when time's up. (requested by jemaisjepa)
|
|t:|1760344380
|teamsize|p1|6
|teamsize|p2|6
|start
|switch|p1a: Enamorus|Enamorus-Therian, F|100/100
|switch|p2a: Zamazenta|Zamazenta|100/100
|-ability|p2a: Zamazenta|Dauntless Shield|boost
|-boost|p2a: Zamazenta|def|1
|turn|1
|
|t:|1760344394
|move|p2a: Zamazenta|Stone Edge|p1a: Enamorus
|-supereffective|p1a: Enamorus
|-damage|p1a: Enamorus|11/100
|move|p1a: Enamorus|Moonblast|p2a: Zamazenta
|-supereffective|p2a: Zamazenta
|-damage|p2a: Zamazenta|0 fnt
|faint|p2a: Zamazenta
|
|upkeep
|
|t:|1760344399
|switch|p2a: Ogerpon|Ogerpon-Wellspring, F|100/100
|turn|2
|
|t:|1760344407
|switch|p1a: Cresselia|Cresselia, F|100/100
|move|p2a: Ogerpon|Ivy Cudgel|p1a: Cresselia|[anim] Ivy Cudgel Water
|-damage|p1a: Cresselia|70/100
|
|upkeep
|turn|3
|
|t:|1760344414
|move|p2a: Ogerpon|Knock Off|p1a: Cresselia
|-supereffective|p1a: Cresselia
|-damage|p1a: Cresselia|29/100
|-damage|p2a: Ogerpon|84/100|[from] item: Rocky Helmet|[of] p1a: Cresselia
|-enditem|p1a: Cresselia|Rocky Helmet|[from] move: Knock Off|[of] p2a: Ogerpon
|move|p1a: Cresselia|Trick Room|p1a: Cresselia
|-fieldstart|move: Trick Room|[of] p1a: Cresselia
|
|upkeep
|turn|4
|
|t:|1760344433
|switch|p2a: Alomomola|Alomomola, F|100/100
|move|p1a: Cresselia|Lunar Dance|p1a: Cresselia
|faint|p1a: Cresselia
|
|upkeep
|
|t:|1760344441
|switch|p1a: Enamorus|Enamorus-Therian, F|11/100
|-heal|p1a: Enamorus|100/100|[from] move: Lunar Dance
|turn|5
|
|t:|1760344451
|-terastallize|p1a: Enamorus|Fairy
|move|p1a: Enamorus|Moonblast|p2a: Alomomola
|-damage|p2a: Alomomola|34/100
|move|p2a: Alomomola|Flip Turn|p1a: Enamorus
|-damage|p1a: Enamorus|84/100
|
|t:|1760344458
|switch|p2a: Weezing|Weezing-Galar, F|100/100|[from] Flip Turn
|-ability|p2a: Weezing|Neutralizing Gas
|
|upkeep
|turn|6
|
|t:|1760344463
|move|p1a: Enamorus|Moonblast|p2a: Weezing
|-resisted|p2a: Weezing
|-crit|p2a: Weezing
|-damage|p2a: Weezing|0 fnt
|faint|p2a: Weezing
|-end|p2a: Weezing|ability: Neutralizing Gas
|
|upkeep
|
|t:|1760344473
|switch|p2a: Dragonite|Dragonite, F|100/100
|turn|7
|
|t:|1760344484
|-terastallize|p2a: Dragonite|Normal
|move|p1a: Enamorus|Moonblast|p2a: Dragonite
|-crit|p2a: Dragonite
|-damage|p2a: Dragonite|31/100
|move|p2a: Dragonite|Roost|p2a: Dragonite
|-heal|p2a: Dragonite|81/100
|
|-fieldend|move: Trick Room
|upkeep
|turn|8
|
|t:|1760344496
|move|p2a: Dragonite|Extreme Speed|p1a: Enamorus
|-damage|p1a: Enamorus|41/100
|move|p1a: Enamorus|Moonblast|p2a: Dragonite
|-damage|p2a: Dragonite|0 fnt
|faint|p2a: Dragonite
|
|upkeep
|
|t:|1760344499
|switch|p2a: Great Tusk|Great Tusk|100/100
|-enditem|p2a: Great Tusk|Booster Energy
|-activate|p2a: Great Tusk|ability: Protosynthesis|[fromitem]
|-start|p2a: Great Tusk|protosynthesisatk
|turn|9
|
|t:|1760344528
|switch|p1a: Torkoal|Torkoal, F, shiny|100/100
|-weather|SunnyDay|[from] ability: Drought|[of] p1a: Torkoal
|move|p2a: Great Tusk|Headlong Rush|p1a: Torkoal
|-supereffective|p1a: Torkoal
|-damage|p1a: Torkoal|0 fnt
|-unboost|p2a: Great Tusk|def|1
|-unboost|p2a: Great Tusk|spd|1
|faint|p1a: Torkoal
|
|-weather|SunnyDay|[upkeep]
|upkeep
|inactive|ciantaihou has 120 seconds left.
|
|t:|1760344540
|switch|p1a: Hatterene|Hatterene, F|100/100
|turn|10
|
|t:|1760344544
|move|p2a: Great Tusk|Headlong Rush|p1a: Hatterene
|-damage|p1a: Hatterene|21/100
|-unboost|p2a: Great Tusk|def|1
|-unboost|p2a: Great Tusk|spd|1
|move|p1a: Hatterene|Trick Room|p1a: Hatterene
|-fieldstart|move: Trick Room|[of] p1a: Hatterene
|
|-weather|SunnyDay|[upkeep]
|upkeep
|turn|11
|
|t:|1760344552
|-end|p2a: Great Tusk|Protosynthesis|[silent]
|switch|p2a: Alomomola|Alomomola, F|67/100
|move|p1a: Hatterene|Healing Wish|p1a: Hatterene
|faint|p1a: Hatterene
|
|-weather|SunnyDay|[upkeep]
|upkeep
|
|t:|1760344559
|switch|p1a: Enamorus|Enamorus-Therian, F, tera:Fairy|41/100
|-heal|p1a: Enamorus|100/100|[from] move: Healing Wish
|turn|12
|
|t:|1760344565
|switch|p2a: Great Tusk|Great Tusk|100/100
|-activate|p2a: Great Tusk|ability: Protosynthesis
|-start|p2a: Great Tusk|protosynthesisatk
|move|p1a: Enamorus|Moonblast|p2a: Great Tusk
|-supereffective|p2a: Great Tusk
|-damage|p2a: Great Tusk|0 fnt
|faint|p2a: Great Tusk
|-end|p2a: Great Tusk|Protosynthesis|[silent]
|
|-weather|SunnyDay|[upkeep]
|upkeep
|
|t:|1760344567
|switch|p2a: Alomomola|Alomomola, F|99/100
|turn|13
|j| kyrie sauce
|
|t:|1760344578
|move|p1a: Enamorus|Moonblast|p2a: Alomomola
|-damage|p2a: Alomomola|39/100
|move|p2a: Alomomola|Mirror Coat|p1a: Enamorus
|-damage|p1a: Enamorus|0 fnt
|faint|p1a: Enamorus
|
|-weather|none
|upkeep
|
|t:|1760344587
|switch|p1a: Hoopa|Hoopa-Unbound|100/100
|turn|14
|
|t:|1760344593
|move|p2a: Alomomola|Flip Turn|p1a: Hoopa
|-damage|p1a: Hoopa|77/100
|
|t:|1760344596
|switch|p2a: Ogerpon|Ogerpon-Wellspring, F|84/100|[from] Flip Turn
|move|p1a: Hoopa|Psychic|p2a: Ogerpon
|-damage|p2a: Ogerpon|20/100
|
|-fieldend|move: Trick Room
|upkeep
|turn|15
|
|t:|1760344608
|move|p2a: Ogerpon|Ivy Cudgel|p1a: Hoopa|[anim] Ivy Cudgel Water
|-damage|p1a: Hoopa|0 fnt
|faint|p1a: Hoopa
|
|upkeep
|
|t:|1760344614
|switch|p1a: Ursaluna|Ursaluna, F|100/100
|turn|16
|
|t:|1760344637
|move|p2a: Ogerpon|U-turn|p1a: Ursaluna
|-damage|p1a: Ursaluna|80/100
|
|t:|1760344639
|switch|p2a: Alomomola|Alomomola, F|73/100|[from] U-turn
|move|p1a: Ursaluna|Facade|p2a: Alomomola
|-damage|p2a: Alomomola|45/100
|
|-status|p1a: Ursaluna|brn|[from] item: Flame Orb
|upkeep
|turn|17
|inactive|ciantaihou has 120 seconds left.
|
|t:|1760344684
|move|p2a: Alomomola|Play Rough|p1a: Ursaluna
|-damage|p1a: Ursaluna|68/100 brn
|move|p1a: Ursaluna|Facade|p2a: Alomomola
|-crit|p2a: Alomomola
|-damage|p2a: Alomomola|0 fnt
|faint|p2a: Alomomola
|
|-damage|p1a: Ursaluna|62/100 brn|[from] brn
|upkeep
|
|t:|1760344688
|switch|p2a: Ogerpon|Ogerpon-Wellspring, F|20/100
|turn|18
|inactive|ciantaihou has 120 seconds left.
|
|t:|1760344698
|move|p2a: Ogerpon|Ivy Cudgel|p1a: Ursaluna|[anim] Ivy Cudgel Water
|-supereffective|p1a: Ursaluna
|-damage|p1a: Ursaluna|0 fnt
|faint|p1a: Ursaluna
|
|win|jemaisjepa
|raw|ciantaihou's rating: 1752 &rarr; <strong>1732</strong><br />(-20 for losing)
|raw|jemaisjepa's rating: 1749 &rarr; <strong>1769</strong><br />(+20 for winning)
|l| kyrie sauce
|l|☆ciantaihou
|player|p1|
|l|☆jemaisjepa
|player|p2|
