|j|☆beentheredonepat
|j|☆Snake_kid_95
|t:|1760342609
|gametype|singles
|player|p1|beentheredonepat|ethan|1092
|player|p2|Snake_kid_95|lucas|1066
|gen|9
|tier|[Gen 9] OU
|rated|
|rule|HP Percentage Mod: HP is shown in percentages
|rule|Endless Battle Clause: Forcing endless battles is banned
|rule|Species Clause: Limit one of each Pokémon
|rule|OHKO Clause: OHKO moves are banned
|rule|Evasion Items Clause: Evasion items are banned
|rule|Evasion Moves Clause: Evasion moves are banned
|rule|Evasion Abilities Clause: Evasion abilities are banned
|rule|Sleep Moves Clause: Sleep-inducing moves are banned
|clearpoke
|poke|p1|Typhlosion, M|
|poke|p1|Ninetales, F|
|poke|p1|Shiftry, M|
|poke|p1|Ursaluna, F|
|poke|p1|Torkoal, F|
|poke|p1|Hatterene, F|
|poke|p2|Lokix, F|
|poke|p2|Indeedee, M|
|poke|p2|Overqwil, M|
|poke|p2|Sinistcha|
|poke|p2|Kleavor, F|
|poke|p2|Gliscor, M|
|teampreview
|inactive|Battle timer is ON: inactive players will automatically lose when time's up. (requested by beentheredonepat)
|c|☆Snake_kid_95|glhf
|
|t:|1760342616
|teamsize|p1|6
|teamsize|p2|6
|start
|switch|p1a: Nymph|Hatterene, F|100/100
|switch|p2a: Kleavor|Kleavor, F|100/100
|turn|1
|
|t:|1760342619
|move|p2a: Kleavor|Swords Dance|p2a: Kleavor
|-boost|p2a: Kleavor|atk|2
|move|p1a: Nymph|Trick Room|p1a: Nymph
|-fieldstart|move: Trick Room|[of] p1a: Nymph
|
|upkeep
|turn|2
|
|t:|1760342623
|move|p1a: Nymph|Dazzling Gleam|p2a: Kleavor
|-damage|p2a: Kleavor|35/100
|move|p2a: Kleavor|X-Scissor|p1a: Nymph
|-damage|p1a: Nymph|0 fnt
|faint|p1a: Nymph
|
|upkeep
|
|t:|1760342629
|switch|p1a: Sol|Torkoal, F|100/100
|-weather|SunnyDay|[from] ability: Drought|[of] p1a: Sol
|turn|3
|
|t:|1760342631
|move|p1a: Sol|Eruption|p2a: Kleavor
|-damage|p2a: Kleavor|0 fnt
|faint|p2a: Kleavor
|
|-weather|SunnyDay|[upkeep]
|upkeep
|
|t:|1760342640
|switch|p2a: Indeedee|Indeedee, M|100/100
|-fieldstart|move: Psychic Terrain|[from] ability: Psychic Surge|[of] p2a: Indeedee
|-enditem|p2a: Indeedee|Psychic Seed
|-boost|p2a: Indeedee|spd|1|[from] item: Psychic Seed
|turn|4
|
|t:|1760342646
|move|p1a: Sol|Stealth Rock|p2a: Indeedee
|-sidestart|p2: Snake_kid_95|move: Stealth Rock
|move|p2a: Indeedee|Expanding Force|p1a: Sol
|-damage|p1a: Sol|0 fnt
|faint|p1a: Sol
|
|-weather|SunnyDay|[upkeep]
|upkeep
|
|t:|1760342655
|switch|p1a: Mama Bear|Ursaluna, F|100/100
|turn|5
|
|t:|1760342658
|move|p1a: Mama Bear|Headlong Rush|p2a: Indeedee
|-damage|p2a: Indeedee|0 fnt
|-unboost|p1a: Mama Bear|def|1
|-unboost|p1a: Mama Bear|spd|1
|faint|p2a: Indeedee
|
|-weather|SunnyDay|[upkeep]
|-fieldend|move: Trick Room
|-status|p1a: Mama Bear|brn|[from] item: Flame Orb
|upkeep
|
|t:|1760342664
|switch|p2a: Lokix|Lokix, F|100/100
|turn|6
|
|t:|1760342674
|move|p2a: Lokix|First Impression|p1a: Mama Bear
|-activate|p1a: Mama Bear|move: Psychic Terrain
|move|p1a: Mama Bear|Facade|p2a: Lokix
|-damage|p2a: Lokix|0 fnt
|faint|p2a: Lokix
|
|-weather|SunnyDay|[upkeep]
|-damage|p1a: Mama Bear|94/100 brn|[from] brn
|upkeep
|
|t:|1760342684
|switch|p2a: Overqwil|Overqwil, M|100/100
|-damage|p2a: Overqwil|88/100|[from] Stealth Rock
|-ability|p2a: Overqwil|Intimidate|boost
|-unboost|p1a: Mama Bear|atk|1
|turn|7
|
|t:|1760342690
|move|p2a: Overqwil|Aqua Tail|p1a: Mama Bear
|-supereffective|p1a: Mama Bear
|-damage|p1a: Mama Bear|61/100 brn
|move|p1a: Mama Bear|Headlong Rush|p2a: Overqwil
|-supereffective|p2a: Overqwil
|-damage|p2a: Overqwil|0 fnt
|-unboost|p1a: Mama Bear|def|1
|-unboost|p1a: Mama Bear|spd|1
|faint|p2a: Overqwil
|
|-weather|SunnyDay|[upkeep]
|-damage|p1a: Mama Bear|55/100 brn|[from] brn
|upkeep
|
|t:|1760342699
|switch|p2a: Sinistcha|Sinistcha|100/100
|-damage|p2a: Sinistcha|88/100|[from] Stealth Rock
|turn|8
|
|t:|1760342708
|move|p2a: Sinistcha|Matcha Gotcha|p1a: Mama Bear
|-supereffective|p1a: Mama Bear
|-damage|p1a: Mama Bear|0 fnt
|-heal|p2a: Sinistcha|100/100|[from] drain|[of] p1a: Mama Bear
|faint|p1a: Mama Bear
|
|-weather|SunnyDay|[upkeep]
|-fieldend|move: Psychic Terrain
|upkeep
|
|t:|1760342712
|switch|p1a: Charlie|Typhlosion, M|100/100
|turn|9
|
|t:|1760342716
|-terastallize|p1a: Charlie|Fire
|move|p1a: Charlie|Eruption|p2a: Sinistcha
|-supereffective|p2a: Sinistcha
|-damage|p2a: Sinistcha|0 fnt
|faint|p2a: Sinistcha
|
|-weather|SunnyDay|[upkeep]
|upkeep
|
|t:|1760342721
|switch|p2a: Gliscor|Gliscor, M|100/100
|-damage|p2a: Gliscor|88/100|[from] Stealth Rock
|turn|10
|
|t:|1760342747
|-terastallize|p2a: Gliscor|Water
|move|p1a: Charlie|Eruption|p2a: Gliscor
|-resisted|p2a: Gliscor
|-damage|p2a: Gliscor|0 fnt
|faint|p2a: Gliscor
|
|win|beentheredonepat
|raw|beentheredonepat's rating: 1092 &rarr; <strong>1116</strong><br />(+24 for winning)
|raw|Snake_kid_95's rating: 1066 &rarr; <strong>1048</strong><br />(-18 for losing)
|l|☆Snake_kid_95
|player|p2|
|l|☆beentheredonepat
|player|p1|
