|j|☆spottedstego
|j|☆SherlockAstral
|inactive|Battle timer is ON: inactive players will automatically lose when time's up.
|t:|1760378784
|gametype|singles
|player|p1|spottedstego|barry|
|player|p2|SherlockAstral|lillie-masters|
|gen|9
|tier|[Gen 9] OU
|rated|Tournament battle
|rule|HP Percentage Mod: HP is shown in percentages
|rule|Endless Battle Clause: Forcing endless battles is banned
|rule|Species Clause: Limit one of each Pokémon
|rule|OHKO Clause: OHKO moves are banned
|rule|Evasion Items Clause: Evasion items are banned
|rule|Evasion Moves Clause: Evasion moves are banned
|rule|Evasion Abilities Clause: Evasion abilities are banned
|rule|Sleep Moves Clause: Sleep-inducing moves are banned
|clearpoke
|poke|p1|Ogerpon-Cornerstone, F|
|poke|p1|Hatterene, F|
|poke|p1|Pecharunt|
|poke|p1|Landorus-Therian, M|
|poke|p1|Kingambit, M|
|poke|p1|Latios, M|
|poke|p2|Meowscarada, F|
|poke|p2|Blissey, F|
|poke|p2|Skeledirge, M|
|poke|p2|Primarina, F|
|poke|p2|Zamazenta-*|
|poke|p2|Cyclizar, F|
|teampreview
|c|☆spottedstego|glhf <3
|c|☆SherlockAstral|u2!
|
|t:|1760378801
|teamsize|p1|6
|teamsize|p2|6
|start
|switch|p1a: Latios|Latios, M|100/100
|switch|p2a: Orient|Meowscarada, F, shiny|100/100
|turn|1
|j| periko29
|j| srtgtr6tutj
|j| Tutedroga
|l| srtgtr6tutj
|
|t:|1760378824
|move|p2a: Orient|Play Rough|p1a: Latios
|-start|p2a: Orient|typechange|Fairy|[from] ability: Protean
|-supereffective|p1a: Latios
|-damage|p1a: Latios|0 fnt
|faint|p1a: Latios
|
|upkeep
|c|☆spottedstego|great turn 1
|inactive|spottedstego has 120 seconds left.
|
|t:|1760378845
|switch|p1a: Pecharunt|Pecharunt|100/100
|turn|2
|
|t:|1760378874
|switch|p2a: Supernova|Blissey, F, shiny|100/100
|move|p1a: Pecharunt|Malignant Chain|p2a: Supernova
|-damage|p2a: Supernova|88/100
|-status|p2a: Supernova|tox
|-start|p2a: Supernova|confusion|[from] ability: Poison Puppeteer|[of] p1a: Pecharunt
|
|-damage|p2a: Supernova|82/100 tox|[from] psn
|upkeep
|turn|3
|j| zicafeliped
|
|t:|1760378888
|move|p1a: Pecharunt|Parting Shot|p2a: Supernova
|-unboost|p2a: Supernova|atk|1
|-unboost|p2a: Supernova|spa|1
|
|t:|1760378892
|switch|p1a: Ogerpon|Ogerpon-Cornerstone, F|100/100|[from] Parting Shot
|-activate|p2a: Supernova|confusion
|move|p2a: Supernova|Thunder Wave|p1a: Ogerpon
|-status|p1a: Ogerpon|par
|
|-damage|p2a: Supernova|70/100 tox|[from] psn
|upkeep
|turn|4
|j|^Johnny tots
|
|t:|1760378911
|-curestatus|p2a: Supernova|tox|[from] ability: Natural Cure
|switch|p2a: Zaza|Zamazenta|100/100
|-ability|p2a: Zaza|Dauntless Shield|boost
|-boost|p2a: Zaza|def|1
|cant|p1a: Ogerpon|par
|
|upkeep
|turn|5
|
|t:|1760378918
|switch|p1a: Pecharunt|Pecharunt|100/100
|move|p2a: Zaza|Substitute|p2a: Zaza
|-start|p2a: Zaza|Substitute
|-damage|p2a: Zaza|76/100
|
|-heal|p2a: Zaza|82/100|[from] item: Leftovers
|upkeep
|turn|6
|l| Tutedroga
|j| Jdawg_2100
|
|t:|1760378926
|move|p2a: Zaza|Crunch|p1a: Pecharunt
|-supereffective|p1a: Pecharunt
|-damage|p1a: Pecharunt|76/100
|move|p1a: Pecharunt|Shadow Ball|p2a: Zaza
|-activate|p2a: Zaza|move: Substitute|[damage]
|
|-heal|p2a: Zaza|88/100|[from] item: Leftovers
|upkeep
|turn|7
|
|t:|1760378930
|move|p2a: Zaza|Crunch|p1a: Pecharunt
|-supereffective|p1a: Pecharunt
|-damage|p1a: Pecharunt|52/100
|move|p1a: Pecharunt|Shadow Ball|p2a: Zaza
|-end|p2a: Zaza|Substitute
|
|-heal|p2a: Zaza|94/100|[from] item: Leftovers
|upkeep
|turn|8
|
|t:|1760378933
|move|p2a: Zaza|Substitute|p2a: Zaza
|-start|p2a: Zaza|Substitute
|-damage|p2a: Zaza|69/100
|move|p1a: Pecharunt|Shadow Ball|p2a: Zaza
|-activate|p2a: Zaza|move: Substitute|[damage]
|
|-heal|p2a: Zaza|75/100|[from] item: Leftovers
|upkeep
|turn|9
|
|t:|1760378938
|move|p2a: Zaza|Crunch|p1a: Pecharunt
|-supereffective|p1a: Pecharunt
|-damage|p1a: Pecharunt|25/100
|move|p1a: Pecharunt|Parting Shot|p2a: Zaza
|-unboost|p2a: Zaza|atk|1
|-unboost|p2a: Zaza|spa|1
|c| Jdawg_2100|sub zenta yucky
|
|t:|1760378940
|switch|p1a: Landorus|Landorus-Therian, M|100/100|[from] Parting Shot
|-ability|p1a: Landorus|Intimidate|boost
|-immune|p2a: Zaza
|
|-heal|p2a: Zaza|81/100|[from] item: Leftovers
|upkeep
|turn|10
|c|☆spottedstego|u have to respect it
|
|t:|1760378961
|move|p2a: Zaza|Iron Defense|p2a: Zaza
|-boost|p2a: Zaza|def|2
|move|p1a: Landorus|Stealth Rock|p2a: Zaza
|-sidestart|p2: SherlockAstral|move: Stealth Rock
|
|-heal|p2a: Zaza|88/100|[from] item: Leftovers
|upkeep
|turn|11
|c|☆spottedstego|low-key cooked without lati what a blunder on my part
|c| Jdawg_2100|its so annoying
|
|t:|1760378971
|move|p2a: Zaza|Iron Defense|p2a: Zaza
|-boost|p2a: Zaza|def|2
|move|p1a: Landorus|U-turn|p2a: Zaza
|-resisted|p2a: Zaza
|-end|p2a: Zaza|Substitute
|
|t:|1760378973
|switch|p1a: Pecharunt|Pecharunt|25/100|[from] U-turn
|
|-heal|p2a: Zaza|94/100|[from] item: Leftovers
|upkeep
|turn|12
|c| Jdawg_2100|and plus its fast
|
|t:|1760378982
|move|p2a: Zaza|Substitute|p2a: Zaza
|-start|p2a: Zaza|Substitute
|-damage|p2a: Zaza|69/100
|move|p1a: Pecharunt|Recover|p1a: Pecharunt
|-heal|p1a: Pecharunt|75/100
|
|-heal|p2a: Zaza|75/100|[from] item: Leftovers
|upkeep
|turn|13
|l|^Johnny tots
|c|☆spottedstego|if it's time to play The Game
|
|t:|1760379001
|move|p2a: Zaza|Crunch|p1a: Pecharunt
|-supereffective|p1a: Pecharunt
|-damage|p1a: Pecharunt|58/100
|move|p1a: Pecharunt|Parting Shot|p2a: Zaza
|-unboost|p2a: Zaza|atk|1
|-unboost|p2a: Zaza|spa|1
|
|t:|1760379004
|switch|p1a: Landorus|Landorus-Therian, M|100/100|[from] Parting Shot
|-ability|p1a: Landorus|Intimidate|boost
|-immune|p2a: Zaza
|
|-heal|p2a: Zaza|81/100|[from] item: Leftovers
|upkeep
|turn|14
|
|t:|1760379007
|switch|p1a: Pecharunt|Pecharunt|58/100
|move|p2a: Zaza|Body Press|p1a: Pecharunt
|-immune|p1a: Pecharunt
|
|-heal|p2a: Zaza|87/100|[from] item: Leftovers
|upkeep
|turn|15
|
|t:|1760379010
|move|p2a: Zaza|Crunch|p1a: Pecharunt
|-supereffective|p1a: Pecharunt
|-damage|p1a: Pecharunt|46/100
|move|p1a: Pecharunt|Recover|p1a: Pecharunt
|-heal|p1a: Pecharunt|96/100
|
|-heal|p2a: Zaza|93/100|[from] item: Leftovers
|upkeep
|turn|16
|
|t:|1760379019
|move|p2a: Zaza|Crunch|p1a: Pecharunt
|-supereffective|p1a: Pecharunt
|-damage|p1a: Pecharunt|83/100
|move|p1a: Pecharunt|Parting Shot|p2a: Zaza
|-unboost|p2a: Zaza|atk|1
|-unboost|p2a: Zaza|spa|1
|
|t:|1760379023
|switch|p1a: Hatterene|Hatterene, F|100/100|[from] Parting Shot
|
|-heal|p2a: Zaza|99/100|[from] item: Leftovers
|upkeep
|turn|17
|j| TheJobApplication
|
|t:|1760379034
|move|p2a: Zaza|Body Press|p1a: Hatterene
|-resisted|p1a: Hatterene
|-damage|p1a: Hatterene|68/100
|move|p1a: Hatterene|Nuzzle|p2a: Zaza
|-activate|p2a: Zaza|move: Substitute|[damage]
|
|-heal|p2a: Zaza|100/100|[from] item: Leftovers
|upkeep
|turn|18
|c|☆SherlockAstral|aw man I gotta leave
|c|☆SherlockAstral|gg
|-message|SherlockAstral forfeited.
|
|win|spottedstego
|n|☆spottedstego|spottedstego
|n|☆SherlockAstral|sherlockastral
|n| periko29|periko29
|n| zicafeliped|zicafeliped
|n| Jdawg_2100|jdawg2100
|n| TheJobApplication|thejobapplication
