|j|‽JinMammah
|j|☆hamoodiscute
|t:|1760357042
|gametype|singles
|player|p1|JinMammah|rocketgruntf|1472
|player|p2|hamoodiscute|169|1496
|gen|9
|tier|[Gen 9] OU
|rated|
|rule|HP Percentage Mod: HP is shown in percentages
|rule|Endless Battle Clause: Forcing endless battles is banned
|rule|Species Clause: Limit one of each Pokémon
|rule|OHKO Clause: OHKO moves are banned
|rule|Evasion Items Clause: Evasion items are banned
|rule|Evasion Moves Clause: Evasion moves are banned
|rule|Evasion Abilities Clause: Evasion abilities are banned
|rule|Sleep Moves Clause: Sleep-inducing moves are banned
|clearpoke
|poke|p1|Suicune|
|poke|p1|Landorus-Therian, M|
|poke|p1|Garchomp, F|
|poke|p1|Heatran, M|
|poke|p1|Muk-Alola, M|
|poke|p1|Piloswine, F|
|poke|p2|Rillaboom, M|
|poke|p2|Garganacl, M|
|poke|p2|Cinderace, F|
|poke|p2|Raging Bolt|
|poke|p2|Slowking-Galar, F|
|poke|p2|Landorus-Therian, M|
|teampreview
|
|t:|1760357054
|teamsize|p1|6
|teamsize|p2|6
|start
|switch|p1a: Landorus|Landorus-Therian, M|100/100
|switch|p2a: Slowking|Slowking-Galar, F|100/100
|-ability|p1a: Landorus|Intimidate|boost
|-unboost|p2a: Slowking|atk|1
|turn|1
|
|t:|1760357060
|move|p1a: Landorus|U-turn|p2a: Slowking
|-damage|p2a: Slowking|81/100
|-damage|p1a: Landorus|84/100|[from] item: Rocky Helmet|[of] p2a: Slowking
|
|t:|1760357067
|switch|p1a: Heatran|Heatran, M|100/100|[from] U-turn
|-item|p1a: Heatran|Air Balloon
|move|p2a: Slowking|Ice Beam|p1a: Heatran
|-resisted|p1a: Heatran
|-damage|p1a: Heatran|97/100
|-enditem|p1a: Heatran|Air Balloon
|
|upkeep
|turn|2
|
|t:|1760357074
|move|p1a: Heatran|Magma Storm|p2a: Slowking
|-damage|p2a: Slowking|49/100
|-activate|p2a: Slowking|move: Magma Storm|[of] p1a: Heatran
|-prepare|p2a: Slowking|Chilly Reception|[premajor]
|move|p2a: Slowking|Chilly Reception|p2a: Slowking
|-weather|Snowscape
|
|t:|1760357080
|switch|p2a: Landorus|Landorus-Therian, M|100/100|[from] Chilly Reception
|-ability|p2a: Landorus|Intimidate|boost
|-unboost|p1a: Heatran|atk|1
|
|-weather|Snowscape|[upkeep]
|upkeep
|turn|3
|
|t:|1760357091
|switch|p1a: Landorus|Landorus-Therian, M|84/100
|-ability|p1a: Landorus|Intimidate|boost
|-unboost|p2a: Landorus|atk|1
|move|p2a: Landorus|Earthquake|p1a: Landorus
|-immune|p1a: Landorus
|
|-weather|Snowscape|[upkeep]
|upkeep
|turn|4
|
|t:|1760357094
|move|p1a: Landorus|U-turn|p2a: Landorus
|-resisted|p2a: Landorus
|-damage|p2a: Landorus|90/100
|-damage|p1a: Landorus|67/100|[from] item: Rocky Helmet|[of] p2a: Landorus
|
|t:|1760357098
|switch|p1a: Heatran|Heatran, M|97/100|[from] U-turn
|move|p2a: Landorus|Stealth Rock|p1a: Heatran
|-sidestart|p1: JinMammah|move: Stealth Rock
|
|-weather|Snowscape|[upkeep]
|upkeep
|turn|5
|
|t:|1760357102
|move|p1a: Heatran|Magma Storm|p2a: Landorus|[miss]
|-miss|p1a: Heatran|p2a: Landorus
|move|p2a: Landorus|Earthquake|p1a: Heatran
|-supereffective|p1a: Heatran
|-damage|p1a: Heatran|0 fnt
|faint|p1a: Heatran
|
|-weather|Snowscape|[upkeep]
|upkeep
|
|t:|1760357112
|switch|p1a: Piloswine|Piloswine, F|100/100
|-damage|p1a: Piloswine|88/100|[from] Stealth Rock
|turn|6
|
|t:|1760357119
|switch|p2a: Slowking|Slowking-Galar, F|82/100
|move|p1a: Piloswine|Stealth Rock|p2a: Slowking
|-sidestart|p2: hamoodiscute|move: Stealth Rock
|
|-weather|none
|upkeep
|turn|7
|
|t:|1760357123
|move|p1a: Piloswine|Earthquake|p2a: Slowking
|-supereffective|p2a: Slowking
|-damage|p2a: Slowking|16/100
|move|p2a: Slowking|Future Sight|p1a: Piloswine
|-start|p2a: Slowking|move: Future Sight
|
|upkeep
|turn|8
|
|t:|1760357130
|switch|p2a: Landorus|Landorus-Therian, M|90/100
|-damage|p2a: Landorus|78/100|[from] Stealth Rock
|-ability|p2a: Landorus|Intimidate|boost
|-unboost|p1a: Piloswine|atk|1
|move|p1a: Piloswine|Ice Shard|p2a: Landorus
|-supereffective|p2a: Landorus
|-damage|p2a: Landorus|39/100
|
|upkeep
|turn|9
|
|t:|1760357140
|switch|p1a: Landorus|Landorus-Therian, M|67/100
|-damage|p1a: Landorus|55/100|[from] Stealth Rock
|-ability|p1a: Landorus|Intimidate|boost
|-unboost|p2a: Landorus|atk|1
|move|p2a: Landorus|U-turn|p1a: Landorus
|-resisted|p1a: Landorus
|-damage|p1a: Landorus|46/100
|
|t:|1760357144
|switch|p2a: Rillaboom|Rillaboom, M|100/100|[from] U-turn
|-damage|p2a: Rillaboom|88/100|[from] Stealth Rock
|-fieldstart|move: Grassy Terrain|[from] ability: Grassy Surge|[of] p2a: Rillaboom
|
|-end|p1a: Landorus|move: Future Sight
|-damage|p1a: Landorus|0 fnt
|faint|p1a: Landorus
|-heal|p2a: Rillaboom|94/100|[from] Grassy Terrain
|upkeep
|
|t:|1760357165
|switch|p1a: Muk|Muk-Alola, M|100/100
|-damage|p1a: Muk|88/100|[from] Stealth Rock
|turn|10
|
|t:|1760357180
|move|p2a: Rillaboom|Swords Dance|p2a: Rillaboom
|-boost|p2a: Rillaboom|atk|2
|move|p1a: Muk|Poison Jab|p2a: Rillaboom
|-supereffective|p2a: Rillaboom
|-damage|p2a: Rillaboom|13/100
|-status|p2a: Rillaboom|psn
|
|-heal|p2a: Rillaboom|19/100 psn|[from] Grassy Terrain
|-heal|p1a: Muk|94/100|[from] Grassy Terrain
|-damage|p2a: Rillaboom|7/100 psn|[from] psn
|upkeep
|turn|11
|inactive|Battle timer is ON: inactive players will automatically lose when time's up. (requested by hamoodiscute)
|
|t:|1760357287
|move|p1a: Muk|Shadow Sneak|p2a: Rillaboom
|-damage|p2a: Rillaboom|0 fnt
|faint|p2a: Rillaboom
|
|-heal|p1a: Muk|99/100|[from] Grassy Terrain
|upkeep
|
|t:|1760357298
|switch|p2a: Raging Bolt|Raging Bolt|100/100
|-damage|p2a: Raging Bolt|88/100|[from] Stealth Rock
|turn|12
|
|t:|1760357324
|move|p2a: Raging Bolt|Draco Meteor|p1a: Muk
|-damage|p1a: Muk|31/100
|-unboost|p2a: Raging Bolt|spa|2
|move|p1a: Muk|Poison Jab|p2a: Raging Bolt
|-damage|p2a: Raging Bolt|53/100
|
|-heal|p2a: Raging Bolt|59/100|[from] Grassy Terrain
|-heal|p1a: Muk|37/100|[from] Grassy Terrain
|upkeep
|turn|13
|
|t:|1760357333
|-end|p2a: Raging Bolt|Protosynthesis|[silent]
|switch|p2a: Landorus|Landorus-Therian, M|39/100
|-damage|p2a: Landorus|27/100|[from] Stealth Rock
|-ability|p2a: Landorus|Intimidate|boost
|-unboost|p1a: Muk|atk|1
|move|p1a: Muk|Knock Off|p2a: Landorus
|-damage|p2a: Landorus|3/100
|-damage|p1a: Muk|21/100|[from] item: Rocky Helmet|[of] p2a: Landorus
|-enditem|p2a: Landorus|Rocky Helmet|[from] move: Knock Off|[of] p1a: Muk
|
|-heal|p1a: Muk|27/100|[from] Grassy Terrain
|-fieldend|move: Grassy Terrain
|upkeep
|turn|14
|
|t:|1760357346
|switch|p2a: Garganacl|Garganacl, M|100/100
|-damage|p2a: Garganacl|88/100|[from] Stealth Rock
|move|p1a: Muk|Shadow Sneak|p2a: Garganacl
|-crit|p2a: Garganacl
|-damage|p2a: Garganacl|81/100
|
|-heal|p2a: Garganacl|87/100|[from] item: Leftovers
|upkeep
|turn|15
|
|t:|1760357351
|switch|p1a: Piloswine|Piloswine, F|88/100
|-damage|p1a: Piloswine|76/100|[from] Stealth Rock
|move|p2a: Garganacl|Curse|p2a: Garganacl
|-unboost|p2a: Garganacl|spe|1
|-boost|p2a: Garganacl|atk|1
|-boost|p2a: Garganacl|def|1
|
|-heal|p2a: Garganacl|93/100|[from] item: Leftovers
|upkeep
|turn|16
|
|t:|1760357355
|move|p2a: Garganacl|Protect|p2a: Garganacl
|-singleturn|p2a: Garganacl|Protect
|move|p1a: Piloswine|Earthquake|p2a: Garganacl
|-activate|p2a: Garganacl|move: Protect
|
|-heal|p2a: Garganacl|99/100|[from] item: Leftovers
|upkeep
|turn|17
|
|t:|1760357359
|-terastallize|p2a: Garganacl|Water
|move|p1a: Piloswine|Earthquake|p2a: Garganacl
|-damage|p2a: Garganacl|80/100
|move|p2a: Garganacl|Salt Cure|p1a: Piloswine
|-damage|p1a: Piloswine|62/100
|-start|p1a: Piloswine|Salt Cure
|
|-heal|p2a: Garganacl|86/100|[from] item: Leftovers
|-damage|p1a: Piloswine|50/100|[from] Salt Cure
|upkeep
|turn|18
|
|t:|1760357368
|switch|p1a: Suicune|Suicune|100/100
|-damage|p1a: Suicune|88/100|[from] Stealth Rock
|-ability|p1a: Suicune|Pressure
|move|p2a: Garganacl|Curse|p2a: Garganacl
|-unboost|p2a: Garganacl|spe|1
|-boost|p2a: Garganacl|atk|1
|-boost|p2a: Garganacl|def|1
|
|-heal|p1a: Suicune|94/100|[from] item: Leftovers
|-heal|p2a: Garganacl|92/100|[from] item: Leftovers
|upkeep
|turn|19
|
|t:|1760357393
|move|p1a: Suicune|Substitute|p1a: Suicune
|-start|p1a: Suicune|Substitute
|-damage|p1a: Suicune|69/100
|move|p2a: Garganacl|Salt Cure|p1a: Suicune
|-activate|p1a: Suicune|move: Substitute|[damage]
|
|-heal|p1a: Suicune|75/100|[from] item: Leftovers
|-heal|p2a: Garganacl|98/100|[from] item: Leftovers
|upkeep
|turn|20
|inactive|JinMammah has 120 seconds left.
|inactive|JinMammah has 90 seconds left.
|inactive|JinMammah has 60 seconds left.
|j| Lario
|inactive|JinMammah has 30 seconds left.
|inactive|JinMammah has 20 seconds left.
|inactive|JinMammah has 15 seconds left.
|inactive|JinMammah has 10 seconds left.
|inactive|JinMammah has 5 seconds left.
|-message|JinMammah lost due to inactivity.
|
|win|hamoodiscute
|raw|JinMammah's rating: 1472 &rarr; <strong>1453</strong><br />(-19 for losing)
|raw|hamoodiscute's rating: 1496 &rarr; <strong>1515</strong><br />(+19 for winning)
|l|‽JinMammah
|player|p1|
|l| Lario
|l|☆hamoodiscute
|player|p2|
