|j|☆mr.creep69
|j|☆Dew123
|t:|1760455699
|gametype|singles
|player|p1|mr.creep69|cynthia|1089
|player|p2|Dew123|biker-gen4|1119
|gen|9
|tier|[Gen 9] OU
|rated|
|rule|HP Percentage Mod: HP is shown in percentages
|rule|Endless Battle Clause: Forcing endless battles is banned
|rule|Species Clause: Limit one of each Pokémon
|rule|OHKO Clause: OHKO moves are banned
|rule|Evasion Items Clause: Evasion items are banned
|rule|Evasion Moves Clause: Evasion moves are banned
|rule|Evasion Abilities Clause: Evasion abilities are banned
|rule|Sleep Moves Clause: Sleep-inducing moves are banned
|clearpoke
|poke|p1|Scizor, M|
|poke|p1|Blaziken, M|
|poke|p1|Garganacl, M|
|poke|p1|Manaphy|
|poke|p1|Gengar, F|
|poke|p1|Gliscor, M|
|poke|p2|Conkeldurr, M|
|poke|p2|Kleavor, M|
|poke|p2|Cetitan, F|
|poke|p2|Feraligatr, F|
|poke|p2|Braviary-Hisui, M|
|poke|p2|Copperajah, M|
|teampreview
|inactive|Battle timer is ON: inactive players will automatically lose when time's up. (requested by Dew123)
|inactive|mr.creep69 also wants the timer to be on.
|
|t:|1760455707
|teamsize|p1|6
|teamsize|p2|6
|start
|switch|p1a: Mike sherm|Gengar, F, shiny|100/100
|switch|p2a: Kleavor|Kleavor, M|100/100
|turn|1
|
|t:|1760455719
|move|p1a: Mike sherm|Curse|p2a: Kleavor
|-start|p2a: Kleavor|Curse|[of] p1a: Mike sherm
|-damage|p1a: Mike sherm|50/100
|move|p2a: Kleavor|Tailwind|p2a: Kleavor
|-sidestart|p2: Dew123|move: Tailwind
|
|-damage|p2a: Kleavor|76/100|[from] Curse
|upkeep
|turn|2
|
|t:|1760455727
|move|p2a: Kleavor|Rock Slide|p1a: Mike sherm
|-damage|p1a: Mike sherm|0 fnt
|faint|p1a: Mike sherm
|
|-damage|p2a: Kleavor|51/100|[from] Curse
|upkeep
|
|t:|1760455736
|switch|p1a: Gliscor|Gliscor, M|100/100
|turn|3
|
|t:|1760455742
|move|p2a: Kleavor|Rock Slide|p1a: Gliscor
|-crit|p1a: Gliscor
|-damage|p1a: Gliscor|30/100
|move|p1a: Gliscor|Toxic Spikes|p2a: Kleavor
|-sidestart|p2: Dew123|move: Toxic Spikes
|
|-damage|p2a: Kleavor|26/100|[from] Curse
|-status|p1a: Gliscor|tox|[from] item: Toxic Orb
|upkeep
|turn|4
|
|t:|1760455752
|move|p2a: Kleavor|Rock Slide|p1a: Gliscor
|-damage|p1a: Gliscor|0 fnt
|faint|p1a: Gliscor
|
|-damage|p2a: Kleavor|1/100|[from] Curse
|-sideend|p2: Dew123|move: Tailwind
|upkeep
|
|t:|1760455761
|switch|p1a: Penile snipper|Scizor, M, shiny|100/100
|turn|5
|
|t:|1760455769
|move|p1a: Penile snipper|Bullet Punch|p2a: Kleavor
|-supereffective|p2a: Kleavor
|-damage|p2a: Kleavor|0 fnt
|faint|p2a: Kleavor
|
|upkeep
|
|t:|1760455771
|switch|p2a: Braviary|Braviary-Hisui, M|100/100
|turn|6
|
|t:|1760455778
|switch|p1a: Pyramid of giza|Garganacl, M, shiny|100/100
|move|p2a: Braviary|Heat Wave|p1a: Pyramid of giza
|-resisted|p1a: Pyramid of giza
|-damage|p1a: Pyramid of giza|77/100
|
|-heal|p1a: Pyramid of giza|83/100|[from] item: Leftovers
|upkeep
|turn|7
|
|t:|1760455789
|switch|p2a: Copperajah|Copperajah, M|100/100
|move|p1a: Pyramid of giza|Block|p2a: Copperajah
|-activate|p2a: Copperajah|trapped
|
|-heal|p1a: Pyramid of giza|89/100|[from] item: Leftovers
|upkeep
|turn|8
|
|t:|1760455796
|move|p1a: Pyramid of giza|Salt Cure|p2a: Copperajah
|-resisted|p2a: Copperajah
|-damage|p2a: Copperajah|93/100
|-start|p2a: Copperajah|Salt Cure
|move|p2a: Copperajah|Iron Head|p1a: Pyramid of giza
|-supereffective|p1a: Pyramid of giza
|-damage|p1a: Pyramid of giza|5/100
|
|-heal|p1a: Pyramid of giza|12/100|[from] item: Leftovers
|-damage|p2a: Copperajah|69/100|[from] Salt Cure
|upkeep
|turn|9
|
|t:|1760455807
|switch|p1a: Chciken|Blaziken, M, shiny|100/100
|move|p2a: Copperajah|Play Rough|p1a: Chciken
|-damage|p1a: Chciken|10/100
|
|-damage|p2a: Copperajah|44/100|[from] Salt Cure
|upkeep
|turn|10
|
|t:|1760455825
|move|p1a: Chciken|Close Combat|p2a: Copperajah
|-supereffective|p2a: Copperajah
|-damage|p2a: Copperajah|0 fnt
|-unboost|p1a: Chciken|def|1
|-unboost|p1a: Chciken|spd|1
|faint|p2a: Copperajah
|
|-ability|p1a: Chciken|Speed Boost|boost
|-boost|p1a: Chciken|spe|1
|upkeep
|
|t:|1760455828
|switch|p2a: Braviary|Braviary-Hisui, M|100/100
|turn|11
|
|t:|1760455836
|move|p1a: Chciken|Endure|p1a: Chciken
|-singleturn|p1a: Chciken|move: Endure
|move|p2a: Braviary|Tailwind|p2a: Braviary
|-sidestart|p2: Dew123|move: Tailwind
|
|-ability|p1a: Chciken|Speed Boost|boost
|-boost|p1a: Chciken|spe|1
|upkeep
|turn|12
|
|t:|1760455844
|switch|p1a: Bluefacebaby|Manaphy, shiny|100/100
|move|p2a: Braviary|Air Slash|p1a: Bluefacebaby
|-damage|p1a: Bluefacebaby|33/100
|
|upkeep
|turn|13
|
|t:|1760455852
|move|p1a: Bluefacebaby|Endure|p1a: Bluefacebaby
|-singleturn|p1a: Bluefacebaby|move: Endure
|move|p2a: Braviary|Psychic|p1a: Bluefacebaby
|-activate|p1a: Bluefacebaby|move: Endure
|-damage|p1a: Bluefacebaby|1/100
|-enditem|p1a: Bluefacebaby|Salac Berry|[eat]
|-boost|p1a: Bluefacebaby|spe|1|[from] item: Salac Berry
|
|upkeep
|turn|14
|
|t:|1760455860
|move|p1a: Bluefacebaby|Ice Beam|p2a: Braviary
|-supereffective|p2a: Braviary
|-damage|p2a: Braviary|40/100
|move|p2a: Braviary|Air Slash|p1a: Bluefacebaby
|-damage|p1a: Bluefacebaby|0 fnt
|faint|p1a: Bluefacebaby
|
|-sideend|p2: Dew123|move: Tailwind
|upkeep
|
|t:|1760455874
|switch|p1a: Penile snipper|Scizor, M, shiny|100/100
|turn|15
|
|t:|1760455881
|move|p2a: Braviary|Tailwind|p2a: Braviary
|-sidestart|p2: Dew123|move: Tailwind
|move|p1a: Penile snipper|Swords Dance|p1a: Penile snipper
|-boost|p1a: Penile snipper|atk|2
|
|upkeep
|turn|16
|
|t:|1760455887
|move|p1a: Penile snipper|Bullet Punch|p2a: Braviary
|-damage|p2a: Braviary|0 fnt
|faint|p2a: Braviary
|
|upkeep
|
|t:|1760455890
|switch|p2a: Conkeldurr|Conkeldurr, M|100/100
|-status|p2a: Conkeldurr|psn
|turn|17
|
|t:|1760455898
|-terastallize|p1a: Penile snipper|Bug
|move|p2a: Conkeldurr|Drain Punch|p1a: Penile snipper
|-resisted|p1a: Penile snipper
|-damage|p1a: Penile snipper|70/100
|-damage|p2a: Conkeldurr|91/100 psn|[from] item: Life Orb
|move|p1a: Penile snipper|Trailblaze|p2a: Conkeldurr
|-damage|p2a: Conkeldurr|33/100 psn
|-boost|p1a: Penile snipper|spe|1
|
|-heal|p1a: Penile snipper|76/100|[from] item: Leftovers
|-damage|p2a: Conkeldurr|21/100 psn|[from] psn
|upkeep
|turn|18
|
|t:|1760455913
|move|p2a: Conkeldurr|Thunder Punch|p1a: Penile snipper
|-damage|p1a: Penile snipper|21/100
|move|p1a: Penile snipper|Swords Dance|p1a: Penile snipper
|-boost|p1a: Penile snipper|atk|2
|
|-heal|p1a: Penile snipper|28/100|[from] item: Leftovers
|-damage|p2a: Conkeldurr|9/100 psn|[from] psn
|-sideend|p2: Dew123|move: Tailwind
|upkeep
|turn|19
|
|t:|1760455922
|move|p2a: Conkeldurr|Mach Punch|p1a: Penile snipper
|-resisted|p1a: Penile snipper
|-damage|p1a: Penile snipper|11/100
|-damage|p2a: Conkeldurr|0 fnt|[from] item: Life Orb
|faint|p2a: Conkeldurr
|move|p1a: Penile snipper|Trailblaze|p2: Conkeldurr|[notarget]
|-fail|p1a: Penile snipper
|
|-heal|p1a: Penile snipper|17/100|[from] item: Leftovers
|upkeep
|
|t:|1760455924
|switch|p2a: Feraligatr|Feraligatr, F|100/100
|-status|p2a: Feraligatr|psn
|turn|20
|
|t:|1760455935
|move|p2a: Feraligatr|Liquidation|p1a: Penile snipper
|-damage|p1a: Penile snipper|0 fnt
|faint|p1a: Penile snipper
|
|-damage|p2a: Feraligatr|88/100 psn|[from] psn
|upkeep
|
|t:|1760455943
|switch|p1a: Chciken|Blaziken, M, shiny|10/100
|turn|21
|
|t:|1760455947
|move|p1a: Chciken|Endure|p1a: Chciken
|-singleturn|p1a: Chciken|move: Endure
|move|p2a: Feraligatr|Dragon Dance|p2a: Feraligatr
|-boost|p2a: Feraligatr|atk|1
|-boost|p2a: Feraligatr|spe|1
|
|-damage|p2a: Feraligatr|76/100 psn|[from] psn
|-ability|p1a: Chciken|Speed Boost|boost
|-boost|p1a: Chciken|spe|1
|upkeep
|turn|22
|
|t:|1760455958
|move|p1a: Chciken|Close Combat|p2a: Feraligatr
|-damage|p2a: Feraligatr|7/100 psn
|-unboost|p1a: Chciken|def|1
|-unboost|p1a: Chciken|spd|1
|move|p2a: Feraligatr|Liquidation|p1a: Chciken
|-supereffective|p1a: Chciken
|-damage|p1a: Chciken|0 fnt
|faint|p1a: Chciken
|
|-damage|p2a: Feraligatr|0 fnt|[from] psn
|faint|p2a: Feraligatr
|upkeep
|
|t:|1760455970
|switch|p1a: Pyramid of giza|Garganacl, M, shiny|12/100
|switch|p2a: Cetitan|Cetitan, F|100/100
|-status|p2a: Cetitan|psn
|turn|23
|
|t:|1760455978
|move|p2a: Cetitan|Liquidation|p1a: Pyramid of giza
|-supereffective|p1a: Pyramid of giza
|-damage|p1a: Pyramid of giza|0 fnt
|faint|p1a: Pyramid of giza
|
|win|Dew123
|raw|mr.creep69's rating: 1089 &rarr; <strong>1068</strong><br />(-21 for losing)
|raw|Dew123's rating: 1119 &rarr; <strong>1142</strong><br />(+23 for winning)
|l|☆mr.creep69
|player|p1|
|l|☆Dew123
|player|p2|
