|j|☆donfeitan
|j|☆anthonyisblessed41
|t:|1760448219
|gametype|singles
|player|p1|donfeitan|cheryl|1125
|player|p2|anthonyisblessed41|crasherwake|1079
|gen|9
|tier|[Gen 9] OU
|rated|
|rule|HP Percentage Mod: HP is shown in percentages
|rule|Endless Battle Clause: Forcing endless battles is banned
|rule|Species Clause: Limit one of each Pokémon
|rule|OHKO Clause: OHKO moves are banned
|rule|Evasion Items Clause: Evasion items are banned
|rule|Evasion Moves Clause: Evasion moves are banned
|rule|Evasion Abilities Clause: Evasion abilities are banned
|rule|Sleep Moves Clause: Sleep-inducing moves are banned
|clearpoke
|poke|p1|Volcanion|
|poke|p1|Toedscruel, F|
|poke|p1|Iron Treads|
|poke|p1|Cryogonal|
|poke|p1|Electrode-Hisui|
|poke|p1|Deoxys-Speed|
|poke|p2|Dondozo, F|
|poke|p2|Blissey, F|
|poke|p2|Corviknight, M|
|poke|p2|Weezing-Galar, F|
|poke|p2|Gliscor, M|
|poke|p2|Toxapex, M|
|teampreview
|inactive|Battle timer is ON: inactive players will automatically lose when time's up. (requested by donfeitan)
|
|t:|1760448227
|teamsize|p1|6
|teamsize|p2|6
|start
|switch|p1a: Iron Treads|Iron Treads|100/100
|switch|p2a: Toxapex|Toxapex, M|100/100
|-enditem|p1a: Iron Treads|Booster Energy
|-activate|p1a: Iron Treads|ability: Quark Drive|[fromitem]
|-start|p1a: Iron Treads|quarkdrivespe
|turn|1
|
|t:|1760448237
|move|p1a: Iron Treads|Stealth Rock|p2a: Toxapex
|-sidestart|p2: anthonyisblessed41|move: Stealth Rock
|move|p2a: Toxapex|Toxic Spikes|p1a: Iron Treads
|-sidestart|p1: donfeitan|move: Toxic Spikes
|
|upkeep
|turn|2
|
|t:|1760448247
|move|p1a: Iron Treads|Rapid Spin|p2a: Toxapex
|-crit|p2a: Toxapex
|-damage|p2a: Toxapex|88/100
|-boost|p1a: Iron Treads|spe|1
|-sideend|p1: donfeitan|Toxic Spikes|[from] move: Rapid Spin|[of] p1a: Iron Treads
|move|p2a: Toxapex|Toxic Spikes|p1a: Iron Treads
|-sidestart|p1: donfeitan|move: Toxic Spikes
|
|-heal|p2a: Toxapex|94/100|[from] item: Leftovers
|upkeep
|turn|3
|
|t:|1760448257
|switch|p2a: Dondozo|Dondozo, F|100/100
|-damage|p2a: Dondozo|88/100|[from] Stealth Rock
|move|p1a: Iron Treads|Earth Power|p2a: Dondozo
|-damage|p2a: Dondozo|59/100
|-unboost|p2a: Dondozo|spd|1
|
|-heal|p2a: Dondozo|65/100|[from] item: Leftovers
|upkeep
|turn|4
|
|t:|1760448271
|move|p1a: Iron Treads|Rapid Spin|p2a: Dondozo
|-damage|p2a: Dondozo|60/100
|-boost|p1a: Iron Treads|spe|1
|-sideend|p1: donfeitan|Toxic Spikes|[from] move: Rapid Spin|[of] p1a: Iron Treads
|move|p2a: Dondozo|Curse|p2a: Dondozo
|-unboost|p2a: Dondozo|spe|1
|-boost|p2a: Dondozo|atk|1
|-boost|p2a: Dondozo|def|1
|
|-heal|p2a: Dondozo|66/100|[from] item: Leftovers
|upkeep
|turn|5
|
|t:|1760448286
|-end|p1a: Iron Treads|Quark Drive|[silent]
|switch|p1a: Toedscruel|Toedscruel, F|100/100
|-terastallize|p2a: Dondozo|Fighting
|move|p2a: Dondozo|Body Press|p1a: Toedscruel
|-damage|p1a: Toedscruel|0 fnt
|faint|p1a: Toedscruel
|
|-heal|p2a: Dondozo|72/100|[from] item: Leftovers
|upkeep
|inactive|donfeitan has 120 seconds left.
|
|t:|1760448310
|switch|p1a: Deoxys|Deoxys-Speed|100/100
|-ability|p1a: Deoxys|Pressure
|turn|6
|inactive|donfeitan has 120 seconds left.
|
|t:|1760448327
|switch|p2a: Corviknight|Corviknight, M|100/100
|-damage|p2a: Corviknight|88/100|[from] Stealth Rock
|-ability|p2a: Corviknight|Pressure
|move|p1a: Deoxys|Ice Punch|p2a: Corviknight
|-damage|p2a: Corviknight|70/100
|
|-heal|p2a: Corviknight|76/100|[from] item: Leftovers
|upkeep
|turn|7
|inactive|donfeitan has 120 seconds left.
|
|t:|1760448344
|switch|p1a: Iron Treads|Iron Treads|100/100
|move|p2a: Corviknight|Iron Defense|p2a: Corviknight
|-boost|p2a: Corviknight|def|2
|
|-heal|p2a: Corviknight|82/100|[from] item: Leftovers
|upkeep
|turn|8
|inactive|donfeitan has 120 seconds left.
|
|t:|1760448357
|move|p1a: Iron Treads|Flash Cannon|p2a: Corviknight
|-resisted|p2a: Corviknight
|-damage|p2a: Corviknight|70/100
|move|p2a: Corviknight|Body Press|p1a: Iron Treads
|-supereffective|p1a: Iron Treads
|-damage|p1a: Iron Treads|3/100
|
|-heal|p2a: Corviknight|76/100|[from] item: Leftovers
|upkeep
|turn|9
|inactive|donfeitan has 120 seconds left.
|
|t:|1760448397
|move|p1a: Iron Treads|Flash Cannon|p2a: Corviknight
|-resisted|p2a: Corviknight
|-damage|p2a: Corviknight|62/100
|move|p2a: Corviknight|Body Press|p1a: Iron Treads
|-supereffective|p1a: Iron Treads
|-damage|p1a: Iron Treads|0 fnt
|faint|p1a: Iron Treads
|-end|p1a: Iron Treads|Quark Drive|[silent]
|
|-heal|p2a: Corviknight|68/100|[from] item: Leftovers
|upkeep
|
|t:|1760448401
|switch|p1a: Electrode|Electrode-Hisui|100/100
|turn|10
|inactive|anthonyisblessed41 has 120 seconds left.
|
|t:|1760448435
|switch|p2a: Toxapex|Toxapex, M|100/100
|-damage|p2a: Toxapex|88/100|[from] Stealth Rock
|move|p1a: Electrode|Volt Switch|p2a: Toxapex
|-supereffective|p2a: Toxapex
|-damage|p2a: Toxapex|60/100
|inactive|donfeitan has 90 seconds left.
|
|t:|1760448469
|switch|p1a: Cryogonal|Cryogonal|100/100|[from] Volt Switch
|
|-heal|p2a: Toxapex|66/100|[from] item: Leftovers
|upkeep
|turn|11
|
|t:|1760448479
|move|p1a: Cryogonal|Freeze-Dry|p2a: Toxapex
|-supereffective|p2a: Toxapex
|-damage|p2a: Toxapex|36/100
|move|p2a: Toxapex|Toxic|p1a: Cryogonal
|-status|p1a: Cryogonal|tox
|
|-heal|p2a: Toxapex|43/100|[from] item: Leftovers
|-damage|p1a: Cryogonal|94/100 tox|[from] psn
|upkeep
|turn|12
|inactive|donfeitan has 90 seconds left.
|
|t:|1760448491
|move|p1a: Cryogonal|Freeze-Dry|p2a: Toxapex
|-supereffective|p2a: Toxapex
|-damage|p2a: Toxapex|13/100
|move|p2a: Toxapex|Recover|p2a: Toxapex
|-heal|p2a: Toxapex|63/100
|
|-heal|p2a: Toxapex|69/100|[from] item: Leftovers
|-damage|p1a: Cryogonal|82/100 tox|[from] psn
|upkeep
|turn|13
|
|t:|1760448500
|switch|p1a: Electrode|Electrode-Hisui|100/100
|move|p2a: Toxapex|Toxic Spikes|p1a: Electrode
|-sidestart|p1: donfeitan|move: Toxic Spikes
|
|-heal|p2a: Toxapex|75/100|[from] item: Leftovers
|upkeep
|turn|14
|
|t:|1760448506
|move|p1a: Electrode|Thunderbolt|p2a: Toxapex
|-supereffective|p2a: Toxapex
|-damage|p2a: Toxapex|40/100
|move|p2a: Toxapex|Toxic|p1a: Electrode
|-status|p1a: Electrode|tox
|
|-heal|p2a: Toxapex|46/100|[from] item: Leftovers
|-damage|p1a: Electrode|94/100 tox|[from] psn
|upkeep
|turn|15
|
|t:|1760448514
|move|p1a: Electrode|Thunderbolt|p2a: Toxapex
|-supereffective|p2a: Toxapex
|-damage|p2a: Toxapex|8/100
|move|p2a: Toxapex|Recover|p2a: Toxapex
|-heal|p2a: Toxapex|58/100
|
|-heal|p2a: Toxapex|64/100|[from] item: Leftovers
|-damage|p1a: Electrode|82/100 tox|[from] psn
|upkeep
|turn|16
|
|t:|1760448523
|-terastallize|p1a: Electrode|Electric
|move|p1a: Electrode|Thunderbolt|p2a: Toxapex
|-supereffective|p2a: Toxapex
|-damage|p2a: Toxapex|13/100
|move|p2a: Toxapex|Toxic Spikes|p1a: Electrode
|-sidestart|p1: donfeitan|move: Toxic Spikes
|
|-heal|p2a: Toxapex|19/100|[from] item: Leftovers
|-damage|p1a: Electrode|64/100 tox|[from] psn
|upkeep
|turn|17
|inactive|donfeitan has 120 seconds left.
|
|t:|1760448534
|move|p1a: Electrode|Reflect|p1a: Electrode
|-sidestart|p1: donfeitan|Reflect
|move|p2a: Toxapex|Haze|p2a: Toxapex
|-clearallboost
|
|-heal|p2a: Toxapex|25/100|[from] item: Leftovers
|-damage|p1a: Electrode|40/100 tox|[from] psn
|upkeep
|turn|18
|
|t:|1760448541
|move|p1a: Electrode|Thunderbolt|p2a: Toxapex
|-supereffective|p2a: Toxapex
|-damage|p2a: Toxapex|0 fnt
|faint|p2a: Toxapex
|
|-damage|p1a: Electrode|10/100 tox|[from] psn
|upkeep
|
|t:|1760448547
|switch|p2a: Gliscor|Gliscor, M|100/100
|-damage|p2a: Gliscor|88/100|[from] Stealth Rock
|turn|19
|
|t:|1760448552
|move|p2a: Gliscor|Protect|p2a: Gliscor
|-singleturn|p2a: Gliscor|Protect
|move|p1a: Electrode|Giga Drain|p2a: Gliscor
|-activate|p2a: Gliscor|move: Protect
|
|-damage|p1a: Electrode|0 fnt|[from] psn
|faint|p1a: Electrode
|-status|p2a: Gliscor|tox|[from] item: Toxic Orb
|upkeep
|
|t:|1760448557
|switch|p1a: Cryogonal|Cryogonal|82/100 tox
|turn|20
|
|t:|1760448578
|switch|p2a: Blissey|Blissey, F|100/100
|-damage|p2a: Blissey|88/100|[from] Stealth Rock
|move|p1a: Cryogonal|Rapid Spin|p2a: Blissey
|-damage|p2a: Blissey|82/100
|-boost|p1a: Cryogonal|spe|1
|-sideend|p1: donfeitan|Toxic Spikes|[from] move: Rapid Spin|[of] p1a: Cryogonal
|
|-heal|p2a: Blissey|88/100|[from] item: Leftovers
|-damage|p1a: Cryogonal|76/100 tox|[from] psn
|upkeep
|turn|21
|
|t:|1760448589
|move|p1a: Cryogonal|Freeze-Dry|p2a: Blissey
|-damage|p2a: Blissey|81/100
|move|p2a: Blissey|Calm Mind|p2a: Blissey
|-boost|p2a: Blissey|spa|1
|-boost|p2a: Blissey|spd|1
|
|-heal|p2a: Blissey|87/100|[from] item: Leftovers
|-damage|p1a: Cryogonal|64/100 tox|[from] psn
|-sideend|p1: donfeitan|Reflect
|upkeep
|turn|22
|
|t:|1760448599
|switch|p1a: Deoxys|Deoxys-Speed|100/100
|-ability|p1a: Deoxys|Pressure
|move|p2a: Blissey|Calm Mind|p2a: Blissey
|-boost|p2a: Blissey|spa|1
|-boost|p2a: Blissey|spd|1
|
|-heal|p2a: Blissey|93/100|[from] item: Leftovers
|upkeep
|turn|23
|
|t:|1760448613
|move|p1a: Deoxys|Drain Punch|p2a: Blissey
|-supereffective|p2a: Blissey
|-damage|p2a: Blissey|24/100
|move|p2a: Blissey|Calm Mind|p2a: Blissey
|-boost|p2a: Blissey|spa|1
|-boost|p2a: Blissey|spd|1
|
|-heal|p2a: Blissey|30/100|[from] item: Leftovers
|upkeep
|turn|24
|
|t:|1760448622
|move|p1a: Deoxys|Drain Punch|p2a: Blissey
|-supereffective|p2a: Blissey
|-damage|p2a: Blissey|0 fnt
|faint|p2a: Blissey
|
|upkeep
|
|t:|1760448633
|switch|p2a: Corviknight|Corviknight, M|68/100
|-damage|p2a: Corviknight|56/100|[from] Stealth Rock
|-ability|p2a: Corviknight|Pressure
|turn|25
|
|t:|1760448651
|switch|p1a: Volcanion|Volcanion|100/100
|move|p2a: Corviknight|Defog|p1a: Volcanion
|-unboost|p1a: Volcanion|evasion|1
|-sideend|p2: anthonyisblessed41|Stealth Rock|[from] move: Defog|[of] p2a: Corviknight
|
|-heal|p2a: Corviknight|62/100|[from] item: Leftovers
|upkeep
|turn|26
|
|t:|1760448669
|move|p1a: Volcanion|Steam Eruption|p2a: Corviknight
|-damage|p2a: Corviknight|0 fnt
|faint|p2a: Corviknight
|
|upkeep
|
|t:|1760448685
|switch|p2a: Dondozo|Dondozo, F, tera:Fighting|72/100
|turn|27
|
|t:|1760448701
|move|p1a: Volcanion|Steam Eruption|p2a: Dondozo
|-damage|p2a: Dondozo|0 fnt
|faint|p2a: Dondozo
|
|upkeep
|
|t:|1760448706
|switch|p2a: Weezing|Weezing-Galar, F|100/100
|-ability|p2a: Weezing|Neutralizing Gas
|turn|28
|
|t:|1760448712
|move|p1a: Volcanion|Steam Eruption|p2a: Weezing
|-damage|p2a: Weezing|0 fnt
|faint|p2a: Weezing
|-end|p2a: Weezing|ability: Neutralizing Gas
|
|upkeep
|
|t:|1760448717
|switch|p2a: Gliscor|Gliscor, M|88/100 tox
|turn|29
|
|t:|1760448720
|move|p1a: Volcanion|Steam Eruption|p2a: Gliscor
|-supereffective|p2a: Gliscor
|-damage|p2a: Gliscor|0 fnt
|faint|p2a: Gliscor
|
|win|donfeitan
|raw|donfeitan's rating: 1125 &rarr; <strong>1147</strong><br />(+22 for winning)
|raw|anthonyisblessed41's rating: 1079 &rarr; <strong>1060</strong><br />(-19 for losing)
