|j|☆ZeeVeeAy
|j|‽dwellingabyss
|t:|1760405054
|gametype|singles
|player|p1|ZeeVeeAy|dawn-gen4pt|1349
|player|p2|dwellingabyss|102|1333
|gen|9
|tier|[Gen 9] OU
|rated|
|rule|HP Percentage Mod: HP is shown in percentages
|rule|Endless Battle Clause: Forcing endless battles is banned
|rule|Species Clause: Limit one of each Pokémon
|rule|OHKO Clause: OHKO moves are banned
|rule|Evasion Items Clause: Evasion items are banned
|rule|Evasion Moves Clause: Evasion moves are banned
|rule|Evasion Abilities Clause: Evasion abilities are banned
|rule|Sleep Moves Clause: Sleep-inducing moves are banned
|clearpoke
|poke|p1|Granbull, M|
|poke|p1|Rhydon, M|
|poke|p1|Uxie|
|poke|p1|Milotic, M|
|poke|p1|Sandslash-Alola, M|
|poke|p1|Delphox, F|
|poke|p2|Landorus-Therian, M|
|poke|p2|Gholdengo|
|poke|p2|Samurott-Hisui, M|
|poke|p2|Dragapult, M|
|poke|p2|Enamorus, F|
|poke|p2|Raging Bolt|
|teampreview
|inactive|Battle timer is ON: inactive players will automatically lose when time's up. (requested by ZeeVeeAy)
|
|t:|1760405063
|teamsize|p1|6
|teamsize|p2|6
|start
|switch|p1a: Granbull|Granbull, M|100/100
|switch|p2a: Gholdengo|Gholdengo|100/100
|-item|p2a: Gholdengo|Air Balloon
|-ability|p1a: Granbull|Intimidate|boost
|-unboost|p2a: Gholdengo|atk|1
|turn|1
|
|t:|1760405067
|switch|p1a: Sandslash|Sandslash-Alola, M|100/100
|move|p2a: Gholdengo|Thunder Wave|p1a: Sandslash
|-status|p1a: Sandslash|par
|
|upkeep
|turn|2
|
|t:|1760405070
|move|p2a: Gholdengo|Make It Rain|p1a: Sandslash
|-damage|p1a: Sandslash|52/100 par
|-unboost|p2a: Gholdengo|spa|1
|move|p1a: Sandslash|Knock Off|p2a: Gholdengo
|-supereffective|p2a: Gholdengo
|-damage|p2a: Gholdengo|61/100
|-enditem|p2a: Gholdengo|Air Balloon
|
|upkeep
|turn|3
|
|t:|1760405078
|move|p2a: Gholdengo|Recover|p2a: Gholdengo
|-heal|p2a: Gholdengo|100/100
|move|p1a: Sandslash|Mirror Coat||[still]
|-fail|p1a: Sandslash
|
|upkeep
|turn|4
|
|t:|1760405085
|switch|p2a: Samurott|Samurott-Hisui, M|100/100
|switch|p1a: Delphox|Delphox, F|100/100
|
|upkeep
|turn|5
|
|t:|1760405090
|move|p1a: Delphox|Focus Blast|p2a: Samurott|[miss]
|-miss|p1a: Delphox|p2a: Samurott
|move|p2a: Samurott|Ceaseless Edge|p1a: Delphox
|-supereffective|p1a: Delphox
|-damage|p1a: Delphox|6/100
|-sidestart|p1: ZeeVeeAy|Spikes
|
|upkeep
|turn|6
|
|t:|1760405093
|move|p2a: Samurott|Sucker Punch||[still]
|-fail|p2a: Samurott
|move|p1a: Delphox|Encore|p2a: Samurott
|-start|p2a: Samurott|Encore
|
|upkeep
|turn|7
|
|t:|1760405105
|switch|p1a: Rhydon|Rhydon, M|100/100
|-damage|p1a: Rhydon|88/100|[from] Spikes
|switch|p2a: Enamorus|Enamorus, F|100/100
|
|upkeep
|turn|8
|
|t:|1760405113
|move|p2a: Enamorus|Focus Blast|p1a: Rhydon|[miss]
|-miss|p2a: Enamorus|p1a: Rhydon
|move|p1a: Rhydon|Stone Edge|p2a: Enamorus
|-supereffective|p2a: Enamorus
|-damage|p2a: Enamorus|0 fnt
|faint|p2a: Enamorus
|
|upkeep
|
|t:|1760405116
|switch|p2a: Landorus|Landorus-Therian, M|100/100
|-ability|p2a: Landorus|Intimidate|boost
|-unboost|p1a: Rhydon|atk|1
|turn|9
|
|t:|1760405119
|move|p2a: Landorus|Earthquake|p1a: Rhydon
|-supereffective|p1a: Rhydon
|-damage|p1a: Rhydon|32/100
|move|p1a: Rhydon|Avalanche|p2a: Landorus
|-supereffective|p2a: Landorus
|-damage|p2a: Landorus|0 fnt
|-damage|p1a: Rhydon|16/100|[from] item: Rocky Helmet|[of] p2a: Landorus
|faint|p2a: Landorus
|
|upkeep
|
|t:|1760405130
|switch|p2a: Samurott|Samurott-Hisui, M|100/100
|turn|10
|
|t:|1760405133
|switch|p1a: Granbull|Granbull, M|100/100
|-damage|p1a: Granbull|88/100|[from] Spikes
|-ability|p1a: Granbull|Intimidate|boost
|-unboost|p2a: Samurott|atk|1
|move|p2a: Samurott|Ceaseless Edge|p1a: Granbull|[miss]
|-miss|p2a: Samurott|p1a: Granbull
|
|upkeep
|turn|11
|
|t:|1760405136
|switch|p2a: Gholdengo|Gholdengo|100/100
|move|p1a: Granbull|Earthquake|p2a: Gholdengo
|-supereffective|p2a: Gholdengo
|-damage|p2a: Gholdengo|52/100
|
|upkeep
|turn|12
|
|t:|1760405143
|-terastallize|p1a: Granbull|Water
|move|p2a: Gholdengo|Thunder Wave|p1a: Granbull
|-status|p1a: Granbull|par
|move|p1a: Granbull|Earthquake|p2a: Gholdengo
|-supereffective|p2a: Gholdengo
|-damage|p2a: Gholdengo|3/100
|
|upkeep
|turn|13
|
|t:|1760405150
|move|p2a: Gholdengo|Recover|p2a: Gholdengo
|-heal|p2a: Gholdengo|53/100
|move|p1a: Granbull|Earthquake|p2a: Gholdengo
|-supereffective|p2a: Gholdengo
|-damage|p2a: Gholdengo|0 fnt
|faint|p2a: Gholdengo
|
|upkeep
|
|t:|1760405157
|switch|p2a: Raging Bolt|Raging Bolt|100/100
|turn|14
|
|t:|1760405162
|move|p2a: Raging Bolt|Volt Switch|p1a: Granbull
|-supereffective|p1a: Granbull
|-damage|p1a: Granbull|0 fnt
|faint|p1a: Granbull
|
|t:|1760405174
|-end|p2a: Raging Bolt|Protosynthesis|[silent]
|switch|p2a: Samurott|Samurott-Hisui, M|100/100|[from] Volt Switch
|
|upkeep
|
|t:|1760405178
|switch|p1a: Delphox|Delphox, F|6/100
|turn|15
|
|t:|1760405192
|switch|p2a: Raging Bolt|Raging Bolt|100/100
|move|p1a: Delphox|Encore||[still]
|-fail|p1a: Delphox
|
|upkeep
|turn|16
|
|t:|1760405206
|-end|p2a: Raging Bolt|Protosynthesis|[silent]
|switch|p2a: Dragapult|Dragapult, M|100/100
|move|p1a: Delphox|Psyshock|p2a: Dragapult
|-damage|p2a: Dragapult|52/100
|
|upkeep
|turn|17
|
|t:|1760405221
|switch|p1a: Rhydon|Rhydon, M|16/100
|-damage|p1a: Rhydon|4/100|[from] Spikes
|move|p2a: Dragapult|U-turn|p1a: Rhydon
|-damage|p1a: Rhydon|0 fnt
|faint|p1a: Rhydon
|
|t:|1760405226
|switch|p2a: Raging Bolt|Raging Bolt|100/100|[from] U-turn
|
|upkeep
|
|t:|1760405228
|switch|p1a: Sandslash|Sandslash-Alola, M|52/100 par
|-damage|p1a: Sandslash|40/100 par|[from] Spikes
|turn|18
|
|t:|1760405234
|move|p2a: Raging Bolt|Thunderbolt|p1a: Sandslash
|-damage|p1a: Sandslash|0 fnt
|faint|p1a: Sandslash
|
|upkeep
|
|t:|1760405244
|switch|p1a: Delphox|Delphox, F|6/100
|turn|19
|
|t:|1760405246
|move|p1a: Delphox|Focus Blast|p2a: Raging Bolt
|-crit|p2a: Raging Bolt
|-damage|p2a: Raging Bolt|48/100
|move|p2a: Raging Bolt|Thunderbolt|p1a: Delphox
|-damage|p1a: Delphox|0 fnt
|faint|p1a: Delphox
|
|upkeep
|
|t:|1760405249
|switch|p1a: Uxie|Uxie|100/100
|turn|20
|
|t:|1760405251
|-end|p2a: Raging Bolt|Protosynthesis|[silent]
|switch|p2a: Samurott|Samurott-Hisui, M|100/100
|move|p1a: Uxie|Knock Off|p2a: Samurott
|-resisted|p2a: Samurott
|-damage|p2a: Samurott|92/100
|-enditem|p2a: Samurott|Leftovers|[from] move: Knock Off|[of] p1a: Uxie
|
|upkeep
|turn|21
|
|t:|1760405257
|move|p1a: Uxie|U-turn|p2a: Samurott
|-supereffective|p2a: Samurott
|-damage|p2a: Samurott|67/100
|
|t:|1760405258
|switch|p1a: Milotic|Milotic, M|100/100|[from] U-turn
|move|p2a: Samurott|Ceaseless Edge|p1a: Milotic
|-damage|p1a: Milotic|77/100
|-sidestart|p1: ZeeVeeAy|Spikes
|
|upkeep
|turn|22
|
|t:|1760405263
|switch|p2a: Raging Bolt|Raging Bolt|48/100
|move|p1a: Milotic|Scald|p2a: Raging Bolt
|-resisted|p2a: Raging Bolt
|-damage|p2a: Raging Bolt|35/100
|
|upkeep
|turn|23
|
|t:|1760405276
|switch|p1a: Uxie|Uxie|100/100
|move|p2a: Raging Bolt|Thunderbolt|p1a: Uxie
|-damage|p1a: Uxie|37/100
|
|-heal|p1a: Uxie|43/100|[from] item: Leftovers
|upkeep
|turn|24
|
|t:|1760405282
|-end|p2a: Raging Bolt|Protosynthesis|[silent]
|switch|p2a: Dragapult|Dragapult, M|52/100
|move|p1a: Uxie|Psychic Noise|p2a: Dragapult
|-damage|p2a: Dragapult|23/100
|-start|p2a: Dragapult|move: Heal Block
|
|-heal|p1a: Uxie|49/100|[from] item: Leftovers
|upkeep
|turn|25
|
|t:|1760405288
|move|p2a: Dragapult|Shadow Ball|p1a: Uxie
|-supereffective|p1a: Uxie
|-damage|p1a: Uxie|0 fnt
|faint|p1a: Uxie
|
|-end|p2a: Dragapult|move: Heal Block
|upkeep
|
|t:|1760405290
|switch|p1a: Milotic|Milotic, M|77/100
|turn|26
|
|t:|1760405293
|-terastallize|p2a: Dragapult|Ghost
|move|p2a: Dragapult|Shadow Ball|p1a: Milotic
|-damage|p1a: Milotic|25/100
|move|p1a: Milotic|Scald|p2a: Dragapult
|-damage|p2a: Dragapult|0 fnt
|faint|p2a: Dragapult
|
|upkeep
|-message|ZeeVeeAy forfeited.
|
|win|dwellingabyss
|raw|ZeeVeeAy's rating: 1349 &rarr; <strong>1329</strong><br />(-20 for losing)
|raw|dwellingabyss's rating: 1349 &rarr; <strong>1369</strong><br />(+20 for winning)
|l|☆ZeeVeeAy
|player|p1|
|l|‽dwellingabyss
|player|p2|
