|j|☆VLAAZTERx
|j|☆jonnythocolin
|t:|1760327993
|gametype|singles
|player|p1|VLAAZTERx|steven|1149
|player|p2|jonnythocolin|li|1169
|gen|9
|tier|[Gen 9] OU
|rated|
|rule|HP Percentage Mod: HP is shown in percentages
|rule|Endless Battle Clause: Forcing endless battles is banned
|rule|Species Clause: Limit one of each Pokémon
|rule|OHKO Clause: OHKO moves are banned
|rule|Evasion Items Clause: Evasion items are banned
|rule|Evasion Moves Clause: Evasion moves are banned
|rule|Evasion Abilities Clause: Evasion abilities are banned
|rule|Sleep Moves Clause: Sleep-inducing moves are banned
|clearpoke
|poke|p1|Armarouge, F|
|poke|p1|Goodra-Hisui, M|
|poke|p1|Greninja-*, M|
|poke|p1|Dragapult, M|
|poke|p1|Scizor, F|
|poke|p1|Iron Valiant|
|poke|p2|Clodsire, M|
|poke|p2|Skeledirge, F|
|poke|p2|Corviknight, M|
|poke|p2|Slowking, M|
|poke|p2|Meowscarada, F|
|poke|p2|Iron Valiant|
|teampreview
|inactive|Battle timer is ON: inactive players will automatically lose when time's up. (requested by jonnythocolin)
|inactive|VLAAZTERx has 120 seconds left.
|
|t:|1760328083
|teamsize|p1|6
|teamsize|p2|6
|start
|switch|p1a: Scizor|Scizor, F|100/100
|switch|p2a: María Juana|Meowscarada, F, shiny|100/100
|turn|1
|
|t:|1760328091
|move|p2a: María Juana|U-turn|p1a: Scizor
|-start|p2a: María Juana|typechange|Bug|[from] ability: Protean
|-resisted|p1a: Scizor
|-damage|p1a: Scizor|81/100
|
|t:|1760328095
|switch|p2a: Edgar|Corviknight, M, shiny|100/100|[from] U-turn
|move|p1a: Scizor|Swords Dance|p1a: Scizor
|-boost|p1a: Scizor|atk|2
|
|upkeep
|turn|2
|
|t:|1760328104
|move|p1a: Scizor|Bug Bite|p2a: Edgar
|-resisted|p2a: Edgar
|-damage|p2a: Edgar|83/100
|-damage|p1a: Scizor|64/100|[from] item: Rocky Helmet|[of] p2a: Edgar
|-damage|p1a: Scizor|54/100|[from] item: Life Orb
|move|p2a: Edgar|Iron Defense|p2a: Edgar
|-boost|p2a: Edgar|def|2
|
|upkeep
|turn|3
|
|t:|1760328114
|move|p1a: Scizor|U-turn|p2a: Edgar
|-resisted|p2a: Edgar
|-damage|p2a: Edgar|75/100
|-damage|p1a: Scizor|37/100|[from] item: Rocky Helmet|[of] p2a: Edgar
|-damage|p1a: Scizor|27/100|[from] item: Life Orb
|
|t:|1760328117
|switch|p1a: Armarouge|Armarouge, F|100/100|[from] U-turn
|move|p2a: Edgar|Body Press|p1a: Armarouge
|-resisted|p1a: Armarouge
|-damage|p1a: Armarouge|70/100
|-ability|p1a: Armarouge|Weak Armor|boost
|-unboost|p1a: Armarouge|def|1
|-boost|p1a: Armarouge|spe|2
|
|upkeep
|turn|4
|
|t:|1760328136
|switch|p2a: Big-Thor|Slowking, M, shiny|100/100
|move|p1a: Armarouge|Meteor Beam||[still]
|-prepare|p1a: Armarouge|Meteor Beam
|-boost|p1a: Armarouge|spa|1
|
|upkeep
|turn|5
|
|t:|1760328146
|move|p1a: Armarouge|Meteor Beam|p2a: Big-Thor|[from] lockedmove
|-damage|p2a: Big-Thor|67/100
|move|p2a: Big-Thor|Scald|p1a: Armarouge
|-supereffective|p1a: Armarouge
|-damage|p1a: Armarouge|0 fnt
|faint|p1a: Armarouge
|
|upkeep
|
|t:|1760328169
|switch|p1a: Greninja|Greninja, M|100/100
|turn|6
|
|t:|1760328181
|switch|p2a: Mojoncito|Clodsire, M|100/100
|move|p1a: Greninja|Dark Pulse|p2a: Mojoncito
|-damage|p2a: Mojoncito|76/100
|-damage|p1a: Greninja|91/100|[from] item: Life Orb
|
|-heal|p2a: Mojoncito|82/100|[from] item: Leftovers
|upkeep
|turn|7
|
|t:|1760328190
|move|p1a: Greninja|U-turn|p2a: Mojoncito
|-resisted|p2a: Mojoncito
|-damage|p2a: Mojoncito|73/100
|-damage|p1a: Greninja|81/100|[from] item: Life Orb
|
|t:|1760328198
|switch|p1a: Iron Valiant|Iron Valiant|100/100|[from] U-turn
|-enditem|p1a: Iron Valiant|Booster Energy
|-activate|p1a: Iron Valiant|ability: Quark Drive|[fromitem]
|-start|p1a: Iron Valiant|quarkdrivespe
|move|p2a: Mojoncito|Toxic|p1a: Iron Valiant
|-status|p1a: Iron Valiant|tox
|
|-heal|p2a: Mojoncito|79/100|[from] item: Leftovers
|-damage|p1a: Iron Valiant|94/100 tox|[from] psn
|upkeep
|turn|8
|
|t:|1760328212
|switch|p2a: Edgar|Corviknight, M, shiny|75/100
|move|p1a: Iron Valiant|Swords Dance|p1a: Iron Valiant
|-boost|p1a: Iron Valiant|atk|2
|
|-damage|p1a: Iron Valiant|82/100 tox|[from] psn
|upkeep
|turn|9
|
|t:|1760328221
|move|p1a: Iron Valiant|Close Combat|p2a: Edgar
|-damage|p2a: Edgar|2/100
|-unboost|p1a: Iron Valiant|def|1
|-unboost|p1a: Iron Valiant|spd|1
|-damage|p1a: Iron Valiant|65/100 tox|[from] item: Rocky Helmet|[of] p2a: Edgar
|move|p2a: Edgar|Roost|p2a: Edgar
|-heal|p2a: Edgar|52/100
|-singleturn|p2a: Edgar|move: Roost
|
|-damage|p1a: Iron Valiant|47/100 tox|[from] psn
|upkeep
|turn|10
|
|t:|1760328232
|move|p1a: Iron Valiant|Close Combat|p2a: Edgar
|-damage|p2a: Edgar|0 fnt
|-unboost|p1a: Iron Valiant|def|1
|-unboost|p1a: Iron Valiant|spd|1
|-damage|p1a: Iron Valiant|30/100 tox|[from] item: Rocky Helmet|[of] p2a: Edgar
|faint|p2a: Edgar
|
|-damage|p1a: Iron Valiant|5/100 tox|[from] psn
|upkeep
|
|t:|1760328243
|switch|p2a: María Juana|Meowscarada, F, shiny|100/100
|turn|11
|
|t:|1760328248
|switch|p2a: Cenorina|Skeledirge, F|100/100
|move|p1a: Iron Valiant|Spirit Break|p2a: Cenorina
|-resisted|p2a: Cenorina
|-damage|p2a: Cenorina|90/100
|-unboost|p2a: Cenorina|spa|1
|
|-damage|p1a: Iron Valiant|0 fnt|[from] psn
|faint|p1a: Iron Valiant
|-end|p1a: Iron Valiant|Quark Drive|[silent]
|upkeep
|
|t:|1760328263
|switch|p1a: Dragapult|Dragapult, M|100/100
|turn|12
|
|t:|1760328268
|switch|p2a: Big-Thor|Slowking, M, shiny|99/100
|move|p1a: Dragapult|Dragon Dance|p1a: Dragapult
|-boost|p1a: Dragapult|atk|1
|-boost|p1a: Dragapult|spe|1
|
|upkeep
|turn|13
|
|t:|1760328276
|move|p1a: Dragapult|Dragon Darts|p2a: Big-Thor
|-damage|p2a: Big-Thor|56/100
|-anim|p1a: Dragapult|Dragon Darts|p2a: Big-Thor
|-crit|p2a: Big-Thor
|-damage|p2a: Big-Thor|0 fnt
|faint|p2a: Big-Thor
|
|upkeep
|
|t:|1760328283
|switch|p2a: Cenorina|Skeledirge, F|90/100
|turn|14
|
|t:|1760328296
|move|p1a: Dragapult|Dragon Darts|p2a: Cenorina
|-damage|p2a: Cenorina|74/100
|-anim|p1a: Dragapult|Dragon Darts|p2a: Cenorina
|-damage|p2a: Cenorina|58/100
|move|p2a: Cenorina|Will-O-Wisp|p1a: Dragapult
|-status|p1a: Dragapult|brn
|
|-damage|p1a: Dragapult|95/100 brn|[from] brn
|upkeep
|turn|15
|
|t:|1760328309
|move|p1a: Dragapult|Dragon Darts|p2a: Cenorina
|-damage|p2a: Cenorina|49/100
|-anim|p1a: Dragapult|Dragon Darts|p2a: Cenorina
|-damage|p2a: Cenorina|41/100
|move|p2a: Cenorina|Slack Off|p2a: Cenorina
|-heal|p2a: Cenorina|91/100
|
|-damage|p1a: Dragapult|89/100 brn|[from] brn
|upkeep
|turn|16
|
|t:|1760328319
|move|p1a: Dragapult|Phantom Force||[still]
|-prepare|p1a: Dragapult|Phantom Force
|move|p2a: Cenorina|Hex|p1a: Dragapult|[miss]
|-miss|p2a: Cenorina|p1a: Dragapult
|
|-damage|p1a: Dragapult|83/100 brn|[from] brn
|upkeep
|turn|17
|inactive|VLAAZTERx has 120 seconds left.
|inactive|VLAAZTERx has 90 seconds left.
|inactive|VLAAZTERx has 60 seconds left.
|
|t:|1760328428
|move|p1a: Dragapult|Phantom Force|p2a: Cenorina|[from] lockedmove
|-supereffective|p2a: Cenorina
|-damage|p2a: Cenorina|62/100
|move|p2a: Cenorina|Hex|p1a: Dragapult
|-supereffective|p1a: Dragapult
|-damage|p1a: Dragapult|0 fnt
|faint|p1a: Dragapult
|
|upkeep
|
|t:|1760328436
|switch|p1a: Greninja|Greninja, M|81/100
|turn|18
|
|t:|1760328442
|switch|p2a: Mojoncito|Clodsire, M|79/100
|move|p1a: Greninja|U-turn|p2a: Mojoncito
|-resisted|p2a: Mojoncito
|-damage|p2a: Mojoncito|69/100
|-damage|p1a: Greninja|71/100|[from] item: Life Orb
|inactive|VLAAZTERx has 30 seconds left.
|inactive|VLAAZTERx has 20 seconds left.
|inactive|VLAAZTERx has 15 seconds left.
|inactive|VLAAZTERx has 10 seconds left.
|c|☆jonnythocolin|Well, GG
|inactive|VLAAZTERx has 5 seconds left.
|-message|VLAAZTERx lost due to inactivity.
|
|win|jonnythocolin
|raw|VLAAZTERx's rating: 1149 &rarr; <strong>1125</strong><br />(-24 for losing)
|raw|jonnythocolin's rating: 1169 &rarr; <strong>1193</strong><br />(+24 for winning)
|l|☆jonnythocolin
|player|p2|
