|j|‽Dranzerzx
|j|☆hcyaiiu
|t:|1760357515
|gametype|singles
|player|p1|Dranzerzx|marshal|1362
|player|p2|hcyaiiu|cynthia|1335
|gen|9
|tier|[Gen 9] OU
|rated|
|rule|HP Percentage Mod: HP is shown in percentages
|rule|Endless Battle Clause: Forcing endless battles is banned
|rule|Species Clause: Limit one of each Pokémon
|rule|OHKO Clause: OHKO moves are banned
|rule|Evasion Items Clause: Evasion items are banned
|rule|Evasion Moves Clause: Evasion moves are banned
|rule|Evasion Abilities Clause: Evasion abilities are banned
|rule|Sleep Moves Clause: Sleep-inducing moves are banned
|clearpoke
|poke|p1|Cinderace, F|
|poke|p1|Great Tusk|
|poke|p1|Slowking-Galar, M|
|poke|p1|Samurott-Hisui, F|
|poke|p1|Latios, M|
|poke|p1|Dragapult, F|
|poke|p2|Walking Wake|
|poke|p2|Scizor, F|
|poke|p2|Meowscarada, F|
|poke|p2|Krookodile, M|
|poke|p2|Zapdos|
|poke|p2|Deoxys-Defense|
|teampreview
|inactive|Battle timer is ON: inactive players will automatically lose when time's up. (requested by hcyaiiu)
|
|t:|1760357523
|teamsize|p1|6
|teamsize|p2|6
|start
|switch|p1a: Latios|Latios, M, shiny|100/100
|switch|p2a: Scizor|Scizor, F, shiny|100/100
|turn|1
|
|t:|1760357531
|switch|p1a: Great Tusk|Great Tusk, shiny|100/100
|move|p2a: Scizor|Bullet Punch|p1a: Great Tusk
|-damage|p1a: Great Tusk|73/100
|
|upkeep
|turn|2
|
|t:|1760357541
|-terastallize|p2a: Scizor|Steel
|move|p2a: Scizor|Bullet Punch|p1a: Great Tusk
|-crit|p1a: Great Tusk
|-damage|p1a: Great Tusk|22/100
|move|p1a: Great Tusk|Stealth Rock|p2a: Scizor
|-sidestart|p2: hcyaiiu|move: Stealth Rock
|
|upkeep
|turn|3
|
|t:|1760357549
|-end|p1a: Great Tusk|Protosynthesis|[silent]
|switch|p1a: Cinderace|Cinderace, F, shiny|100/100
|move|p2a: Scizor|Bullet Punch|p1a: Cinderace
|-resisted|p1a: Cinderace
|-damage|p1a: Cinderace|61/100
|
|upkeep
|turn|4
|
|t:|1760357556
|move|p2a: Scizor|Bullet Punch|p1a: Cinderace
|-resisted|p1a: Cinderace
|-damage|p1a: Cinderace|20/100
|move|p1a: Cinderace|Pyro Ball|p2a: Scizor
|-supereffective|p2a: Scizor
|-damage|p2a: Scizor|0 fnt
|faint|p2a: Scizor
|
|upkeep
|
|t:|1760357567
|switch|p2a: Krookodile|Krookodile, M|100/100
|-damage|p2a: Krookodile|94/100|[from] Stealth Rock
|turn|5
|
|t:|1760357576
|switch|p1a: Great Tusk|Great Tusk, shiny|22/100
|move|p2a: Krookodile|Earthquake|p1a: Great Tusk
|-damage|p1a: Great Tusk|0 fnt
|faint|p1a: Great Tusk
|-end|p1a: Great Tusk|Protosynthesis|[silent]
|-ability|p2a: Krookodile|Moxie|boost
|-boost|p2a: Krookodile|atk|1
|
|upkeep
|
|t:|1760357579
|switch|p1a: Latios|Latios, M, shiny|100/100
|turn|6
|
|t:|1760357591
|switch|p2a: Deoxys|Deoxys-Defense|100/100
|-damage|p2a: Deoxys|88/100|[from] Stealth Rock
|-ability|p2a: Deoxys|Pressure
|move|p1a: Latios|Ice Beam|p2a: Deoxys
|-damage|p2a: Deoxys|66/100
|
|-heal|p2a: Deoxys|72/100|[from] item: Leftovers
|upkeep
|turn|7
|
|t:|1760357602
|switch|p1a: Samurott|Samurott-Hisui, F, shiny|100/100
|move|p2a: Deoxys|Thunder Wave|p1a: Samurott
|-status|p1a: Samurott|par
|
|-heal|p2a: Deoxys|79/100|[from] item: Leftovers
|upkeep
|turn|8
|
|t:|1760357611
|move|p2a: Deoxys|Stealth Rock|p1a: Samurott
|-sidestart|p1: Dranzerzx|move: Stealth Rock
|move|p1a: Samurott|Ceaseless Edge|p2a: Deoxys
|-supereffective|p2a: Deoxys
|-damage|p2a: Deoxys|6/100
|-sidestart|p2: hcyaiiu|Spikes
|
|-heal|p2a: Deoxys|12/100|[from] item: Leftovers
|upkeep
|turn|9
|
|t:|1760357620
|move|p2a: Deoxys|Spikes|p1a: Samurott
|-sidestart|p1: Dranzerzx|Spikes
|move|p1a: Samurott|Ceaseless Edge|p2a: Deoxys
|-supereffective|p2a: Deoxys
|-damage|p2a: Deoxys|0 fnt
|-sidestart|p2: hcyaiiu|Spikes
|faint|p2a: Deoxys
|
|upkeep
|
|t:|1760357633
|switch|p2a: Meowscarada|Meowscarada, F, shiny|100/100
|-damage|p2a: Meowscarada|88/100|[from] Stealth Rock
|-damage|p2a: Meowscarada|72/100|[from] Spikes
|turn|10
|
|t:|1760357652
|move|p2a: Meowscarada|Triple Axel|p1a: Samurott|[miss]
|-start|p2a: Meowscarada|typechange|Ice|[from] ability: Protean
|-miss|p2a: Meowscarada|p1a: Samurott
|move|p1a: Samurott|Knock Off|p2a: Meowscarada
|-damage|p2a: Meowscarada|0 fnt
|-enditem|p2a: Meowscarada|Choice Scarf|[from] move: Knock Off|[of] p1a: Samurott
|faint|p2a: Meowscarada
|
|upkeep
|
|t:|1760357668
|switch|p2a: Zapdos|Zapdos|100/100
|-damage|p2a: Zapdos|76/100|[from] Stealth Rock
|turn|11
|
|t:|1760357677
|move|p2a: Zapdos|Thunderbolt|p1a: Samurott
|-supereffective|p1a: Samurott
|-enditem|p1a: Samurott|Focus Sash
|-damage|p1a: Samurott|1/100 par
|cant|p1a: Samurott|par
|
|upkeep
|turn|12
|
|t:|1760357686
|move|p1a: Samurott|Sucker Punch|p2a: Zapdos
|-damage|p2a: Zapdos|29/100
|move|p2a: Zapdos|Thunderbolt|p1a: Samurott
|-supereffective|p1a: Samurott
|-damage|p1a: Samurott|0 fnt
|faint|p1a: Samurott
|
|upkeep
|
|t:|1760357691
|switch|p1a: Latios|Latios, M, shiny|100/100
|-damage|p1a: Latios|88/100|[from] Stealth Rock
|turn|13
|
|t:|1760357707
|switch|p2a: Krookodile|Krookodile, M|94/100
|-damage|p2a: Krookodile|88/100|[from] Stealth Rock
|-damage|p2a: Krookodile|72/100|[from] Spikes
|move|p1a: Latios|Ice Beam|p2a: Krookodile
|-supereffective|p2a: Krookodile
|-damage|p2a: Krookodile|0 fnt
|faint|p2a: Krookodile
|
|upkeep
|
|t:|1760357720
|switch|p2a: Zapdos|Zapdos|29/100
|-damage|p2a: Zapdos|5/100|[from] Stealth Rock
|turn|14
|
|t:|1760357725
|move|p1a: Latios|Ice Beam|p2a: Zapdos
|-supereffective|p2a: Zapdos
|-damage|p2a: Zapdos|0 fnt
|faint|p2a: Zapdos
|
|upkeep
|-message|hcyaiiu forfeited.
|
|win|Dranzerzx
|raw|Dranzerzx's rating: 1362 &rarr; <strong>1380</strong><br />(+18 for winning)
|raw|hcyaiiu's rating: 1335 &rarr; <strong>1317</strong><br />(-18 for losing)
|l|☆hcyaiiu
|player|p2|
|l|‽Dranzerzx
|player|p1|
