|badge|p1|bronze|gen9ou|100-7
|uhtml|medal-msg|<div class="broadcast-blue">Curious what those medals under the avatar are? PS now has Ladder Seasons! For more information, check out the <a href="https://www.smogon.com/forums/threads/3740067/">thread on Smogon.</a></div>
|j|☆MooFarmer
|j|☆Chococroc
|t:|1760395706
|gametype|singles
|player|p1|MooFarmer|1|1889
|player|p2|Chococroc|pokemaniac|1799
|gen|9
|tier|[Gen 9] OU
|rated|
|rule|HP Percentage Mod: HP is shown in percentages
|rule|Endless Battle Clause: Forcing endless battles is banned
|rule|Species Clause: Limit one of each Pokémon
|rule|OHKO Clause: OHKO moves are banned
|rule|Evasion Items Clause: Evasion items are banned
|rule|Evasion Moves Clause: Evasion moves are banned
|rule|Evasion Abilities Clause: Evasion abilities are banned
|rule|Sleep Moves Clause: Sleep-inducing moves are banned
|clearpoke
|poke|p1|Kyurem|
|poke|p1|Corviknight, F|
|poke|p1|Ting-Lu|
|poke|p1|Dondozo, M|
|poke|p1|Slowking-Galar, L99, F|
|poke|p1|Cinderace, M|
|poke|p2|Rillaboom, M|
|poke|p2|Hawlucha, F|
|poke|p2|Kyurem|
|poke|p2|Primarina, F|
|poke|p2|Cinderace, M|
|poke|p2|Iron Crown|
|teampreview
|
|t:|1760395752
|teamsize|p1|6
|teamsize|p2|6
|start
|switch|p1a: Slowking|Slowking-Galar, L99, F|100/100
|switch|p2a: Rillaboom|Rillaboom, M|100/100
|-fieldstart|move: Grassy Terrain|[from] ability: Grassy Surge|[of] p2a: Rillaboom
|turn|1
|inactive|Battle timer is ON: inactive players will automatically lose when time's up. (requested by MooFarmer)
|inactive|MooFarmer has 120 seconds left.
|
|t:|1760395796
|move|p2a: Rillaboom|Knock Off|p1a: Slowking
|-supereffective|p1a: Slowking
|-damage|p1a: Slowking|0 fnt
|-enditem|p1a: Slowking|Heavy-Duty Boots|[from] move: Knock Off|[of] p2a: Rillaboom
|faint|p1a: Slowking
|
|upkeep
|inactive|MooFarmer has 120 seconds left.
|
|t:|1760395842
|switch|p1a: Kyurem|Kyurem|100/100
|-ability|p1a: Kyurem|Pressure
|turn|2
|inactive|MooFarmer has 120 seconds left.
|
|t:|1760395886
|move|p1a: Kyurem|Freeze-Dry|p2a: Rillaboom
|-supereffective|p2a: Rillaboom
|-damage|p2a: Rillaboom|0 fnt
|faint|p2a: Rillaboom
|
|upkeep
|
|t:|1760395893
|switch|p2a: Hawlucha|Hawlucha, F|100/100
|-enditem|p2a: Hawlucha|Grassy Seed
|-boost|p2a: Hawlucha|def|1|[from] item: Grassy Seed
|turn|3
|inactive|MooFarmer has 90 seconds left.
|
|t:|1760395937
|-terastallize|p1a: Kyurem|Ground
|move|p2a: Hawlucha|Close Combat|p1a: Kyurem
|-damage|p1a: Kyurem|53/100
|-unboost|p2a: Hawlucha|def|1
|-unboost|p2a: Hawlucha|spd|1
|move|p1a: Kyurem|Freeze-Dry|p2a: Hawlucha
|-supereffective|p2a: Hawlucha
|-damage|p2a: Hawlucha|0 fnt
|faint|p2a: Hawlucha
|
|-heal|p1a: Kyurem|59/100|[from] Grassy Terrain
|-heal|p1a: Kyurem|65/100|[from] item: Leftovers
|upkeep
|
|t:|1760395947
|switch|p2a: Kyurem|Kyurem|100/100
|-ability|p2a: Kyurem|Pressure
|turn|4
|j| frutillaroja
|inactive|MooFarmer has 60 seconds left.
|
|t:|1760395992
|move|p1a: Kyurem|Protect|p1a: Kyurem
|-singleturn|p1a: Kyurem|Protect
|move|p2a: Kyurem|Icicle Spear|p1a: Kyurem
|-activate|p1a: Kyurem|move: Protect
|
|-heal|p1a: Kyurem|71/100|[from] Grassy Terrain
|-heal|p1a: Kyurem|77/100|[from] item: Leftovers
|upkeep
|turn|5
|inactive|MooFarmer has 30 seconds left.
|inactive|MooFarmer has 20 seconds left.
|inactive|MooFarmer has 15 seconds left.
|
|t:|1760396038
|switch|p1a: Dondozo|Dondozo, M|100/100
|move|p2a: Kyurem|Icicle Spear|p1a: Dondozo
|-resisted|p1a: Dondozo
|-damage|p1a: Dondozo|98/100
|-resisted|p1a: Dondozo
|-damage|p1a: Dondozo|95/100
|-resisted|p1a: Dondozo
|-damage|p1a: Dondozo|92/100
|-resisted|p1a: Dondozo
|-damage|p1a: Dondozo|89/100
|-resisted|p1a: Dondozo
|-damage|p1a: Dondozo|86/100
|-hitcount|p1a: Dondozo|5
|
|-heal|p1a: Dondozo|92/100|[from] Grassy Terrain
|-heal|p1a: Dondozo|99/100|[from] item: Leftovers
|-fieldend|move: Grassy Terrain
|upkeep
|turn|6
|inactive|MooFarmer has 25 seconds left this turn.
|inactive|MooFarmer has 20 seconds left.
|
|t:|1760396047
|switch|p2a: Primarina|Primarina, F|100/100
|switch|p1a: Ting-Lu|Ting-Lu|100/100
|-ability|p1a: Ting-Lu|Vessel of Ruin
|
|upkeep
|turn|7
|inactive|MooFarmer has 30 seconds left this turn.
|
|t:|1760396059
|move|p2a: Primarina|Psychic Noise|p1a: Ting-Lu
|-supereffective|p1a: Ting-Lu
|-damage|p1a: Ting-Lu|74/100
|-start|p1a: Ting-Lu|move: Heal Block
|move|p1a: Ting-Lu|Earthquake|p2a: Primarina
|-damage|p2a: Primarina|70/100
|
|-heal|p2a: Primarina|76/100|[from] item: Leftovers
|upkeep
|turn|8
|inactive|MooFarmer has 30 seconds left.
|
|t:|1760396068
|move|p2a: Primarina|Calm Mind|p2a: Primarina
|-boost|p2a: Primarina|spa|1
|-boost|p2a: Primarina|spd|1
|move|p1a: Ting-Lu|Earthquake|p2a: Primarina
|-damage|p2a: Primarina|45/100
|
|-heal|p2a: Primarina|51/100|[from] item: Leftovers
|-end|p1a: Ting-Lu|move: Heal Block
|upkeep
|turn|9
|
|t:|1760396079
|move|p2a: Primarina|Draining Kiss|p1a: Ting-Lu
|-supereffective|p1a: Ting-Lu
|-damage|p1a: Ting-Lu|47/100
|-heal|p2a: Primarina|79/100|[from] drain|[of] p1a: Ting-Lu
|move|p1a: Ting-Lu|Earthquake|p2a: Primarina
|-damage|p2a: Primarina|48/100
|
|-heal|p2a: Primarina|54/100|[from] item: Leftovers
|-heal|p1a: Ting-Lu|53/100|[from] item: Leftovers
|upkeep
|turn|10
|
|t:|1760396090
|switch|p1a: Corviknight|Corviknight, F|100/100
|-ability|p1a: Corviknight|Pressure
|move|p2a: Primarina|Calm Mind|p2a: Primarina
|-boost|p2a: Primarina|spa|1
|-boost|p2a: Primarina|spd|1
|
|-heal|p2a: Primarina|60/100|[from] item: Leftovers
|upkeep
|turn|11
|
|t:|1760396099
|switch|p2a: Cinderace|Cinderace, M|100/100
|move|p1a: Corviknight|Brave Bird|p2a: Cinderace
|-damage|p2a: Cinderace|50/100
|-damage|p1a: Corviknight|88/100|[from] Recoil
|
|upkeep
|turn|12
|
|t:|1760396109
|switch|p1a: Dondozo|Dondozo, M|99/100
|move|p2a: Cinderace|Pyro Ball|p1a: Dondozo
|-resisted|p1a: Dondozo
|-damage|p1a: Dondozo|86/100
|
|-heal|p1a: Dondozo|92/100|[from] item: Leftovers
|upkeep
|turn|13
|
|t:|1760396117
|switch|p1a: Corviknight|Corviknight, F|88/100
|-ability|p1a: Corviknight|Pressure
|move|p2a: Cinderace|U-turn|p1a: Corviknight
|-start|p2a: Cinderace|typechange|Bug|[from] ability: Libero
|-resisted|p1a: Corviknight
|-damage|p1a: Corviknight|83/100
|-damage|p2a: Cinderace|34/100|[from] item: Rocky Helmet|[of] p1a: Corviknight
|
|t:|1760396124
|switch|p2a: Iron Crown|Iron Crown|100/100|[from] U-turn
|-enditem|p2a: Iron Crown|Booster Energy
|-activate|p2a: Iron Crown|ability: Quark Drive|[fromitem]
|-start|p2a: Iron Crown|quarkdrivespe
|
|upkeep
|turn|14
|
|t:|1760396132
|move|p2a: Iron Crown|Calm Mind|p2a: Iron Crown
|-boost|p2a: Iron Crown|spa|1
|-boost|p2a: Iron Crown|spd|1
|move|p1a: Corviknight|U-turn|p2a: Iron Crown
|-damage|p2a: Iron Crown|86/100
|
|t:|1760396141
|switch|p1a: Ting-Lu|Ting-Lu|53/100|[from] U-turn
|-ability|p1a: Ting-Lu|Vessel of Ruin
|
|-heal|p1a: Ting-Lu|59/100|[from] item: Leftovers
|upkeep
|turn|15
|
|t:|1760396149
|-terastallize|p2a: Iron Crown|Fighting
|move|p2a: Iron Crown|Focus Blast|p1a: Ting-Lu|[miss]
|-miss|p2a: Iron Crown|p1a: Ting-Lu
|move|p1a: Ting-Lu|Earthquake|p2a: Iron Crown
|-damage|p2a: Iron Crown|49/100
|
|-heal|p1a: Ting-Lu|65/100|[from] item: Leftovers
|upkeep
|turn|16
|
|t:|1760396158
|move|p2a: Iron Crown|Focus Blast|p1a: Ting-Lu|[miss]
|-miss|p2a: Iron Crown|p1a: Ting-Lu
|move|p1a: Ting-Lu|Earthquake|p2a: Iron Crown
|-damage|p2a: Iron Crown|9/100
|
|-heal|p1a: Ting-Lu|72/100|[from] item: Leftovers
|upkeep
|turn|17
|
|t:|1760396167
|move|p2a: Iron Crown|Focus Blast|p1a: Ting-Lu|[miss]
|-miss|p2a: Iron Crown|p1a: Ting-Lu
|move|p1a: Ting-Lu|Earthquake|p2a: Iron Crown
|-damage|p2a: Iron Crown|0 fnt
|faint|p2a: Iron Crown
|-end|p2a: Iron Crown|Quark Drive|[silent]
|
|-heal|p1a: Ting-Lu|78/100|[from] item: Leftovers
|upkeep
|
|t:|1760396173
|switch|p2a: Kyurem|Kyurem|100/100
|-ability|p2a: Kyurem|Pressure
|turn|18
|inactive|MooFarmer has 90 seconds left.
|
|t:|1760396181
|move|p2a: Kyurem|Icicle Spear|p1a: Ting-Lu
|-supereffective|p1a: Ting-Lu
|-damage|p1a: Ting-Lu|62/100
|-supereffective|p1a: Ting-Lu
|-damage|p1a: Ting-Lu|46/100
|-supereffective|p1a: Ting-Lu
|-damage|p1a: Ting-Lu|32/100
|-supereffective|p1a: Ting-Lu
|-damage|p1a: Ting-Lu|18/100
|-supereffective|p1a: Ting-Lu
|-damage|p1a: Ting-Lu|3/100
|-hitcount|p1a: Ting-Lu|5
|move|p1a: Ting-Lu|Earthquake|p2a: Kyurem
|-damage|p2a: Kyurem|63/100
|
|-heal|p1a: Ting-Lu|9/100|[from] item: Leftovers
|upkeep
|turn|19
|inactive|MooFarmer has 90 seconds left.
|inactive|MooFarmer has 60 seconds left.
|
|t:|1760396227
|switch|p1a: Dondozo|Dondozo, M|92/100
|move|p2a: Kyurem|Icicle Spear|p1a: Dondozo
|-resisted|p1a: Dondozo
|-damage|p1a: Dondozo|89/100
|-resisted|p1a: Dondozo
|-damage|p1a: Dondozo|86/100
|-resisted|p1a: Dondozo
|-damage|p1a: Dondozo|84/100
|-resisted|p1a: Dondozo
|-damage|p1a: Dondozo|80/100
|-resisted|p1a: Dondozo
|-damage|p1a: Dondozo|78/100
|-hitcount|p1a: Dondozo|5
|
|-heal|p1a: Dondozo|84/100|[from] item: Leftovers
|upkeep
|turn|20
|inactive|MooFarmer has 60 seconds left.
|inactive|MooFarmer has 30 seconds left.
|inactive|MooFarmer has 20 seconds left.
|
|t:|1760396272
|switch|p2a: Primarina|Primarina, F|60/100
|move|p1a: Dondozo|Body Press|p2a: Primarina
|-resisted|p2a: Primarina
|-damage|p2a: Primarina|49/100
|
|-heal|p2a: Primarina|55/100|[from] item: Leftovers
|-heal|p1a: Dondozo|90/100|[from] item: Leftovers
|upkeep
|turn|21
|inactive|MooFarmer has 30 seconds left this turn.
|
|t:|1760396282
|switch|p1a: Kyurem|Kyurem, tera:Ground|77/100
|-ability|p1a: Kyurem|Pressure
|move|p2a: Primarina|Substitute|p2a: Primarina
|-start|p2a: Primarina|Substitute
|-damage|p2a: Primarina|30/100
|
|-heal|p1a: Kyurem|84/100|[from] item: Leftovers
|-heal|p2a: Primarina|36/100|[from] item: Leftovers
|upkeep
|turn|22
|inactive|MooFarmer has 30 seconds left.
|
|t:|1760396290
|move|p1a: Kyurem|Freeze-Dry|p2a: Primarina
|-supereffective|p2a: Primarina
|-end|p2a: Primarina|Substitute
|move|p2a: Primarina|Draining Kiss|p1a: Kyurem
|-damage|p1a: Kyurem|64/100
|-heal|p2a: Primarina|53/100|[from] drain|[of] p1a: Kyurem
|
|-heal|p1a: Kyurem|70/100|[from] item: Leftovers
|-heal|p2a: Primarina|59/100|[from] item: Leftovers
|upkeep
|turn|23
|
|t:|1760396299
|switch|p2a: Cinderace|Cinderace, M|34/100
|move|p1a: Kyurem|Earth Power|p2a: Cinderace
|-supereffective|p2a: Cinderace
|-damage|p2a: Cinderace|0 fnt
|faint|p2a: Cinderace
|
|-heal|p1a: Kyurem|76/100|[from] item: Leftovers
|upkeep
|
|t:|1760396302
|switch|p2a: Kyurem|Kyurem|63/100
|-ability|p2a: Kyurem|Pressure
|turn|24
|
|t:|1760396311
|move|p1a: Kyurem|Protect|p1a: Kyurem
|-singleturn|p1a: Kyurem|Protect
|move|p2a: Kyurem|Dragon Dance|p2a: Kyurem
|-boost|p2a: Kyurem|atk|1
|-boost|p2a: Kyurem|spe|1
|
|-heal|p1a: Kyurem|82/100|[from] item: Leftovers
|upkeep
|turn|25
|
|t:|1760396319
|switch|p1a: Dondozo|Dondozo, M|90/100
|move|p2a: Kyurem|Scale Shot|p1a: Dondozo
|-crit|p1a: Dondozo
|-damage|p1a: Dondozo|82/100
|-damage|p1a: Dondozo|76/100
|-damage|p1a: Dondozo|70/100
|-damage|p1a: Dondozo|65/100
|-hitcount|p1a: Dondozo|4
|-unboost|p2a: Kyurem|def|1
|-boost|p2a: Kyurem|spe|1
|
|-heal|p1a: Dondozo|71/100|[from] item: Leftovers
|upkeep
|turn|26
|
|t:|1760396328
|switch|p2a: Primarina|Primarina, F|59/100
|move|p1a: Dondozo|Body Press|p2a: Primarina
|-resisted|p2a: Primarina
|-crit|p2a: Primarina
|-damage|p2a: Primarina|41/100
|
|-heal|p2a: Primarina|47/100|[from] item: Leftovers
|-heal|p1a: Dondozo|77/100|[from] item: Leftovers
|upkeep
|turn|27
|inactive|MooFarmer has 60 seconds left.
|
|t:|1760396337
|switch|p1a: Kyurem|Kyurem, tera:Ground|82/100
|-ability|p1a: Kyurem|Pressure
|move|p2a: Primarina|Draining Kiss|p1a: Kyurem
|-damage|p1a: Kyurem|61/100
|-heal|p2a: Primarina|65/100|[from] drain|[of] p1a: Kyurem
|
|-heal|p1a: Kyurem|68/100|[from] item: Leftovers
|-heal|p2a: Primarina|71/100|[from] item: Leftovers
|upkeep
|turn|28
|
|t:|1760396345
|switch|p2a: Kyurem|Kyurem|63/100
|-ability|p2a: Kyurem|Pressure
|move|p1a: Kyurem|Freeze-Dry|p2a: Kyurem
|-damage|p2a: Kyurem|29/100
|
|-heal|p1a: Kyurem|74/100|[from] item: Leftovers
|upkeep
|turn|29
|
|t:|1760396353
|move|p2a: Kyurem|Icicle Spear|p1a: Kyurem
|-supereffective|p1a: Kyurem
|-damage|p1a: Kyurem|50/100
|-supereffective|p1a: Kyurem
|-damage|p1a: Kyurem|27/100
|-supereffective|p1a: Kyurem
|-damage|p1a: Kyurem|1/100
|-supereffective|p1a: Kyurem
|-damage|p1a: Kyurem|0 fnt
|faint|p1a: Kyurem
|-hitcount|p1: Kyurem|4
|
|upkeep
|
|t:|1760396362
|switch|p1a: Corviknight|Corviknight, F|83/100
|-ability|p1a: Corviknight|Pressure
|turn|30
|
|t:|1760396370
|move|p2a: Kyurem|Icicle Spear|p1a: Corviknight
|-damage|p1a: Corviknight|74/100
|-damage|p1a: Corviknight|66/100
|-damage|p1a: Corviknight|57/100
|-damage|p1a: Corviknight|49/100
|-hitcount|p1a: Corviknight|4
|move|p1a: Corviknight|Roost|p1a: Corviknight
|-heal|p1a: Corviknight|99/100
|-singleturn|p1a: Corviknight|move: Roost
|
|upkeep
|turn|31
|
|t:|1760396379
|move|p2a: Kyurem|Icicle Spear|p1a: Corviknight
|-damage|p1a: Corviknight|91/100
|-damage|p1a: Corviknight|83/100
|-damage|p1a: Corviknight|75/100
|-damage|p1a: Corviknight|68/100
|-damage|p1a: Corviknight|60/100
|-hitcount|p1a: Corviknight|5
|move|p1a: Corviknight|Roost|p1a: Corviknight
|-heal|p1a: Corviknight|100/100
|-singleturn|p1a: Corviknight|move: Roost
|
|upkeep
|turn|32
|
|t:|1760396387
|move|p2a: Kyurem|Icicle Spear|p1a: Corviknight
|-damage|p1a: Corviknight|91/100
|-damage|p1a: Corviknight|83/100
|-damage|p1a: Corviknight|75/100
|-damage|p1a: Corviknight|68/100
|-damage|p1a: Corviknight|59/100
|-hitcount|p1a: Corviknight|5
|move|p1a: Corviknight|Roost|p1a: Corviknight
|-heal|p1a: Corviknight|100/100
|-singleturn|p1a: Corviknight|move: Roost
|
|upkeep
|turn|33
|inactive|MooFarmer has 90 seconds left.
|
|t:|1760396396
|move|p2a: Kyurem|Icicle Spear|p1a: Corviknight
|-damage|p1a: Corviknight|92/100
|-damage|p1a: Corviknight|84/100
|-damage|p1a: Corviknight|76/100
|-damage|p1a: Corviknight|68/100
|-damage|p1a: Corviknight|60/100
|-hitcount|p1a: Corviknight|5
|move|p1a: Corviknight|Roost|p1a: Corviknight
|-heal|p1a: Corviknight|100/100
|-singleturn|p1a: Corviknight|move: Roost
|
|upkeep
|turn|34
|
|t:|1760396404
|move|p2a: Kyurem|Icicle Spear|p1a: Corviknight
|-damage|p1a: Corviknight|93/100
|-damage|p1a: Corviknight|85/100
|-damage|p1a: Corviknight|77/100
|-damage|p1a: Corviknight|69/100
|-damage|p1a: Corviknight|61/100
|-hitcount|p1a: Corviknight|5
|move|p1a: Corviknight|Roost|p1a: Corviknight
|-heal|p1a: Corviknight|100/100
|-singleturn|p1a: Corviknight|move: Roost
|
|upkeep
|turn|35
|
|t:|1760396413
|move|p2a: Kyurem|Icicle Spear|p1a: Corviknight
|-damage|p1a: Corviknight|93/100
|-damage|p1a: Corviknight|84/100
|-damage|p1a: Corviknight|76/100
|-damage|p1a: Corviknight|68/100
|-damage|p1a: Corviknight|60/100
|-hitcount|p1a: Corviknight|5
|move|p1a: Corviknight|Roost|p1a: Corviknight
|-heal|p1a: Corviknight|100/100
|-singleturn|p1a: Corviknight|move: Roost
|
|upkeep
|turn|36
|
|t:|1760396421
|move|p2a: Kyurem|Icicle Spear|p1a: Corviknight
|-damage|p1a: Corviknight|92/100
|-damage|p1a: Corviknight|84/100
|-damage|p1a: Corviknight|76/100
|-damage|p1a: Corviknight|67/100
|-hitcount|p1a: Corviknight|4
|move|p1a: Corviknight|Roost|p1a: Corviknight
|-heal|p1a: Corviknight|100/100
|-singleturn|p1a: Corviknight|move: Roost
|
|upkeep
|turn|37
|
|t:|1760396430
|move|p2a: Kyurem|Icicle Spear|p1a: Corviknight
|-damage|p1a: Corviknight|93/100
|-damage|p1a: Corviknight|85/100
|-damage|p1a: Corviknight|77/100
|-crit|p1a: Corviknight
|-damage|p1a: Corviknight|65/100
|-damage|p1a: Corviknight|57/100
|-hitcount|p1a: Corviknight|5
|move|p1a: Corviknight|Roost|p1a: Corviknight
|-heal|p1a: Corviknight|100/100
|-singleturn|p1a: Corviknight|move: Roost
|
|upkeep
|turn|38
|
|t:|1760396438
|switch|p1a: Dondozo|Dondozo, M|77/100
|move|p2a: Kyurem|Icicle Spear|p1a: Dondozo
|-resisted|p1a: Dondozo
|-damage|p1a: Dondozo|74/100
|-resisted|p1a: Dondozo
|-damage|p1a: Dondozo|71/100
|-resisted|p1a: Dondozo
|-damage|p1a: Dondozo|68/100
|-resisted|p1a: Dondozo
|-damage|p1a: Dondozo|65/100
|-resisted|p1a: Dondozo
|-damage|p1a: Dondozo|62/100
|-hitcount|p1a: Dondozo|5
|
|-heal|p1a: Dondozo|68/100|[from] item: Leftovers
|upkeep
|turn|39
|inactive|MooFarmer has 120 seconds left.
|
|t:|1760396447
|switch|p2a: Primarina|Primarina, F|71/100
|move|p1a: Dondozo|Waterfall|p2a: Primarina
|-resisted|p2a: Primarina
|-damage|p2a: Primarina|58/100
|
|-heal|p2a: Primarina|64/100|[from] item: Leftovers
|-heal|p1a: Dondozo|75/100|[from] item: Leftovers
|upkeep
|turn|40
|
|t:|1760396455
|move|p2a: Primarina|Calm Mind|p2a: Primarina
|-boost|p2a: Primarina|spa|1
|-boost|p2a: Primarina|spd|1
|move|p1a: Dondozo|Body Press|p2a: Primarina
|-resisted|p2a: Primarina
|-damage|p2a: Primarina|53/100
|
|-heal|p2a: Primarina|59/100|[from] item: Leftovers
|-heal|p1a: Dondozo|81/100|[from] item: Leftovers
|upkeep
|turn|41
|
|t:|1760396463
|move|p2a: Primarina|Substitute|p2a: Primarina
|-start|p2a: Primarina|Substitute
|-damage|p2a: Primarina|34/100
|move|p1a: Dondozo|Body Press|p2a: Primarina
|-resisted|p2a: Primarina
|-activate|p2a: Primarina|move: Substitute|[damage]
|
|-heal|p2a: Primarina|40/100|[from] item: Leftovers
|-heal|p1a: Dondozo|87/100|[from] item: Leftovers
|upkeep
|turn|42
|
|t:|1760396471
|move|p2a: Primarina|Calm Mind|p2a: Primarina
|-boost|p2a: Primarina|spa|1
|-boost|p2a: Primarina|spd|1
|move|p1a: Dondozo|Curse|p1a: Dondozo
|-unboost|p1a: Dondozo|spe|1
|-boost|p1a: Dondozo|atk|1
|-boost|p1a: Dondozo|def|1
|
|-heal|p2a: Primarina|46/100|[from] item: Leftovers
|-heal|p1a: Dondozo|93/100|[from] item: Leftovers
|upkeep
|turn|43
|j| lummery
|
|t:|1760396480
|move|p2a: Primarina|Psychic Noise|p1a: Dondozo
|-resisted|p1a: Dondozo
|-damage|p1a: Dondozo|78/100
|-start|p1a: Dondozo|move: Heal Block
|move|p1a: Dondozo|Curse|p1a: Dondozo
|-unboost|p1a: Dondozo|spe|1
|-boost|p1a: Dondozo|atk|1
|-boost|p1a: Dondozo|def|1
|
|-heal|p2a: Primarina|52/100|[from] item: Leftovers
|upkeep
|turn|44
|
|t:|1760396489
|move|p2a: Primarina|Draining Kiss|p1a: Dondozo
|-damage|p1a: Dondozo|58/100
|-heal|p2a: Primarina|73/100|[from] drain|[of] p1a: Dondozo
|move|p1a: Dondozo|Waterfall|p2a: Primarina
|-resisted|p2a: Primarina
|-crit|p2a: Primarina
|-end|p2a: Primarina|Substitute
|
|-heal|p2a: Primarina|79/100|[from] item: Leftovers
|-end|p1a: Dondozo|move: Heal Block
|upkeep
|turn|45
|
|t:|1760396497
|move|p2a: Primarina|Psychic Noise|p1a: Dondozo
|-resisted|p1a: Dondozo
|-damage|p1a: Dondozo|42/100
|-start|p1a: Dondozo|move: Heal Block
|cant|p1a: Dondozo|move: Heal Block|Rest
|
|-heal|p2a: Primarina|85/100|[from] item: Leftovers
|upkeep
|turn|46
|
|t:|1760396505
|switch|p1a: Corviknight|Corviknight, F|100/100
|-ability|p1a: Corviknight|Pressure
|move|p2a: Primarina|Substitute|p2a: Primarina
|-start|p2a: Primarina|Substitute
|-damage|p2a: Primarina|60/100
|
|-heal|p2a: Primarina|66/100|[from] item: Leftovers
|upkeep
|turn|47
|
|t:|1760396516
|move|p1a: Corviknight|U-turn|p2a: Primarina
|-resisted|p2a: Primarina
|-activate|p2a: Primarina|move: Substitute|[damage]
|
|t:|1760396524
|switch|p1a: Cinderace|Cinderace, M|100/100|[from] U-turn
|move|p2a: Primarina|Psychic Noise|p1a: Cinderace
|-supereffective|p1a: Cinderace
|-damage|p1a: Cinderace|0 fnt
|faint|p1a: Cinderace
|
|-heal|p2a: Primarina|72/100|[from] item: Leftovers
|upkeep
|
|t:|1760396533
|switch|p1a: Ting-Lu|Ting-Lu|9/100
|-ability|p1a: Ting-Lu|Vessel of Ruin
|turn|48
|
|t:|1760396541
|switch|p1a: Corviknight|Corviknight, F|100/100
|-ability|p1a: Corviknight|Pressure
|move|p2a: Primarina|Draining Kiss|p1a: Corviknight
|-resisted|p1a: Corviknight
|-damage|p1a: Corviknight|79/100
|-heal|p2a: Primarina|90/100|[from] drain|[of] p1a: Corviknight
|-damage|p2a: Primarina|73/100|[from] item: Rocky Helmet|[of] p1a: Corviknight
|
|-heal|p2a: Primarina|79/100|[from] item: Leftovers
|upkeep
|turn|49
|j| hacksareus10
|
|t:|1760396549
|move|p1a: Corviknight|U-turn|p2a: Primarina
|-resisted|p2a: Primarina
|-activate|p2a: Primarina|move: Substitute|[damage]
|
|t:|1760396557
|switch|p1a: Ting-Lu|Ting-Lu|9/100|[from] U-turn
|-ability|p1a: Ting-Lu|Vessel of Ruin
|move|p2a: Primarina|Psychic Noise|p1a: Ting-Lu
|-supereffective|p1a: Ting-Lu
|-damage|p1a: Ting-Lu|0 fnt
|faint|p1a: Ting-Lu
|
|-heal|p2a: Primarina|85/100|[from] item: Leftovers
|upkeep
|
|t:|1760396565
|switch|p1a: Dondozo|Dondozo, M|42/100
|turn|50
|
|t:|1760396573
|move|p2a: Primarina|Psychic Noise|p1a: Dondozo
|-resisted|p1a: Dondozo
|-damage|p1a: Dondozo|26/100
|-start|p1a: Dondozo|move: Heal Block
|move|p1a: Dondozo|Waterfall|p2a: Primarina
|-resisted|p2a: Primarina
|-activate|p2a: Primarina|move: Substitute|[damage]
|
|-heal|p2a: Primarina|91/100|[from] item: Leftovers
|upkeep
|turn|51
|j| Ctannn
|
|t:|1760396581
|switch|p1a: Corviknight|Corviknight, F|79/100
|-ability|p1a: Corviknight|Pressure
|move|p2a: Primarina|Psychic Noise|p1a: Corviknight
|-damage|p1a: Corviknight|23/100
|-start|p1a: Corviknight|move: Heal Block
|
|-heal|p2a: Primarina|97/100|[from] item: Leftovers
|upkeep
|turn|52
|
|t:|1760396588
|switch|p1a: Dondozo|Dondozo, M|26/100
|move|p2a: Primarina|Psychic Noise|p1a: Dondozo
|-resisted|p1a: Dondozo
|-damage|p1a: Dondozo|11/100
|-start|p1a: Dondozo|move: Heal Block
|
|-heal|p2a: Primarina|100/100|[from] item: Leftovers
|upkeep
|turn|53
|
|t:|1760396595
|move|p2a: Primarina|Psychic Noise|p1a: Dondozo
|-resisted|p1a: Dondozo
|-damage|p1a: Dondozo|0 fnt
|faint|p1a: Dondozo
|
|upkeep
|
|t:|1760396602
|switch|p1a: Corviknight|Corviknight, F|23/100
|-ability|p1a: Corviknight|Pressure
|turn|54
|
|t:|1760396607
|move|p1a: Corviknight|U-turn|p2a: Primarina
|-resisted|p2a: Primarina
|-end|p2a: Primarina|Substitute
|move|p2a: Primarina|Psychic Noise|p1a: Corviknight
|-damage|p1a: Corviknight|0 fnt
|faint|p1a: Corviknight
|
|win|Chococroc
|raw|MooFarmer's rating: 1889 &rarr; <strong>1864</strong><br />(-25 for losing)
|raw|Chococroc's rating: 1799 &rarr; <strong>1824</strong><br />(+25 for winning)
|l|☆MooFarmer
|player|p1|
|l|☆Chococroc
|player|p2|
|l| lummery
