|j|‽len7762
|j|☆Qbreezy
|t:|1760410637
|gametype|singles
|player|p1|len7762|collector|1416
|player|p2|Qbreezy|169|1428
|gen|9
|tier|[Gen 9] OU
|rated|
|rule|HP Percentage Mod: HP is shown in percentages
|rule|Endless Battle Clause: Forcing endless battles is banned
|rule|Species Clause: Limit one of each Pokémon
|rule|OHKO Clause: OHKO moves are banned
|rule|Evasion Items Clause: Evasion items are banned
|rule|Evasion Moves Clause: Evasion moves are banned
|rule|Evasion Abilities Clause: Evasion abilities are banned
|rule|Sleep Moves Clause: Sleep-inducing moves are banned
|clearpoke
|poke|p1|Hoopa-Unbound|
|poke|p1|Hydrapple, F|
|poke|p1|Gliscor, M|
|poke|p1|Cinderace, F|
|poke|p1|Alomomola, F|
|poke|p1|Gholdengo|
|poke|p2|Grafaiai, M|
|poke|p2|Rillaboom, M|
|poke|p2|Hawlucha, M|
|poke|p2|Iron Boulder|
|poke|p2|Hoopa-Unbound|
|poke|p2|Moltres|
|teampreview
|
|t:|1760410666
|teamsize|p1|6
|teamsize|p2|6
|start
|switch|p1a: Cinderace|Cinderace, F|100/100
|switch|p2a: Rillaboom|Rillaboom, M|100/100
|-fieldstart|move: Grassy Terrain|[from] ability: Grassy Surge|[of] p2a: Rillaboom
|turn|1
|
|t:|1760410677
|switch|p2a: Moltres|Moltres|100/100
|move|p1a: Cinderace|Will-O-Wisp|p2a: Moltres|[miss]
|-miss|p1a: Cinderace|p2a: Moltres
|
|upkeep
|turn|2
|
|t:|1760410683
|move|p1a: Cinderace|U-turn|p2a: Moltres
|-resisted|p2a: Moltres
|-damage|p2a: Moltres|97/100
|
|t:|1760410695
|switch|p1a: Alomomola|Alomomola, F|100/100|[from] U-turn
|move|p2a: Moltres|U-turn|p1a: Alomomola
|-damage|p1a: Alomomola|89/100
|
|t:|1760410707
|switch|p2a: Hoopa|Hoopa-Unbound|100/100|[from] U-turn
|
|-heal|p1a: Alomomola|95/100|[from] Grassy Terrain
|upkeep
|turn|3
|
|t:|1760410714
|move|p2a: Hoopa|Thunderbolt|p1a: Alomomola
|-supereffective|p1a: Alomomola
|-crit|p1a: Alomomola
|-damage|p1a: Alomomola|42/100
|move|p1a: Alomomola|Flip Turn|p2a: Hoopa
|-damage|p2a: Hoopa|76/100
|
|t:|1760410724
|switch|p1a: Cinderace|Cinderace, F|100/100|[from] Flip Turn
|
|-heal|p2a: Hoopa|82/100|[from] Grassy Terrain
|upkeep
|turn|4
|
|t:|1760410732
|switch|p2a: Moltres|Moltres|97/100
|move|p1a: Cinderace|Will-O-Wisp|p2a: Moltres
|-immune|p2a: Moltres
|
|upkeep
|turn|5
|
|t:|1760410739
|move|p1a: Cinderace|U-turn|p2a: Moltres
|-resisted|p2a: Moltres
|-damage|p2a: Moltres|94/100
|
|t:|1760410749
|switch|p1a: Alomomola|Alomomola, F|76/100|[from] U-turn
|move|p2a: Moltres|Roar|p1a: Alomomola
|drag|p1a: Hoopa|Hoopa-Unbound|100/100
|
|upkeep
|turn|6
|
|t:|1760410765
|switch|p1a: Cinderace|Cinderace, F|100/100
|move|p2a: Moltres|U-turn|p1a: Cinderace
|-resisted|p1a: Cinderace
|-damage|p1a: Cinderace|92/100
|
|t:|1760410770
|switch|p2a: Iron Boulder|Iron Boulder|100/100|[from] U-turn
|-enditem|p2a: Iron Boulder|Booster Energy
|-activate|p2a: Iron Boulder|ability: Quark Drive|[fromitem]
|-start|p2a: Iron Boulder|quarkdrivespe
|
|-heal|p1a: Cinderace|98/100|[from] Grassy Terrain
|upkeep
|turn|7
|
|t:|1760410804
|switch|p1a: Hydrapple|Hydrapple, F, shiny|100/100
|move|p2a: Iron Boulder|Swords Dance|p2a: Iron Boulder
|-boost|p2a: Iron Boulder|atk|2
|
|upkeep
|turn|8
|
|t:|1760410815
|move|p2a: Iron Boulder|Mighty Cleave|p1a: Hydrapple
|-damage|p1a: Hydrapple|38/100
|-damage|p2a: Iron Boulder|84/100|[from] item: Rocky Helmet|[of] p1a: Hydrapple
|move|p1a: Hydrapple|Giga Drain|p2a: Iron Boulder
|-supereffective|p2a: Iron Boulder
|-damage|p2a: Iron Boulder|0 fnt
|-heal|p1a: Hydrapple|70/100|[from] drain|[of] p2a: Iron Boulder
|faint|p2a: Iron Boulder
|-end|p2a: Iron Boulder|Quark Drive|[silent]
|
|-heal|p1a: Hydrapple|77/100|[from] Grassy Terrain
|-fieldend|move: Grassy Terrain
|upkeep
|
|t:|1760410826
|switch|p2a: Rillaboom|Rillaboom, M|100/100
|-fieldstart|move: Grassy Terrain|[from] ability: Grassy Surge|[of] p2a: Rillaboom
|turn|9
|
|t:|1760410837
|move|p2a: Rillaboom|U-turn|p1a: Hydrapple
|-supereffective|p1a: Hydrapple
|-damage|p1a: Hydrapple|40/100
|-damage|p2a: Rillaboom|84/100|[from] item: Rocky Helmet|[of] p1a: Hydrapple
|
|t:|1760410845
|switch|p2a: Hoopa|Hoopa-Unbound|82/100|[from] U-turn
|move|p1a: Hydrapple|Nasty Plot|p1a: Hydrapple
|-boost|p1a: Hydrapple|spa|2
|
|-heal|p2a: Hoopa|89/100|[from] Grassy Terrain
|-heal|p1a: Hydrapple|46/100|[from] Grassy Terrain
|upkeep
|turn|10
|
|t:|1760410870
|-terastallize|p1a: Hydrapple|Steel
|move|p2a: Hoopa|Psychic Noise|p1a: Hydrapple
|-resisted|p1a: Hydrapple
|-damage|p1a: Hydrapple|26/100
|-start|p1a: Hydrapple|move: Heal Block
|cant|p1a: Hydrapple|move: Heal Block|Giga Drain
|
|-heal|p2a: Hoopa|95/100|[from] Grassy Terrain
|upkeep
|turn|11
|
|t:|1760410890
|switch|p1a: Cinderace|Cinderace, F|98/100
|move|p2a: Hoopa|Hyperspace Fury|p1a: Cinderace
|-damage|p1a: Cinderace|26/100
|-unboost|p2a: Hoopa|def|1
|
|-heal|p1a: Cinderace|32/100|[from] Grassy Terrain
|-heal|p2a: Hoopa|100/100|[from] Grassy Terrain
|upkeep
|turn|12
|
|t:|1760410899
|switch|p2a: Moltres|Moltres|94/100
|move|p1a: Cinderace|U-turn|p2a: Moltres
|-resisted|p2a: Moltres
|-damage|p2a: Moltres|91/100
|
|t:|1760410908
|switch|p1a: Gliscor|Gliscor, M|100/100|[from] U-turn
|
|-status|p1a: Gliscor|tox|[from] item: Toxic Orb
|upkeep
|turn|13
|
|t:|1760410918
|move|p1a: Gliscor|Spikes|p2a: Moltres
|-sidestart|p2: Qbreezy|Spikes
|move|p2a: Moltres|U-turn|p1a: Gliscor
|-resisted|p1a: Gliscor
|-damage|p1a: Gliscor|95/100 tox
|
|t:|1760410930
|switch|p2a: Hawlucha|Hawlucha, M|100/100|[from] U-turn
|-enditem|p2a: Hawlucha|Grassy Seed
|-boost|p2a: Hawlucha|def|1|[from] item: Grassy Seed
|
|-heal|p1a: Gliscor|100/100 tox|[from] ability: Poison Heal
|upkeep
|turn|14
|
|t:|1760410938
|move|p2a: Hawlucha|Swords Dance|p2a: Hawlucha
|-boost|p2a: Hawlucha|atk|2
|move|p1a: Gliscor|Toxic|p2a: Hawlucha
|-status|p2a: Hawlucha|tox
|
|-damage|p2a: Hawlucha|94/100 tox|[from] psn
|upkeep
|turn|15
|
|t:|1760410945
|move|p2a: Hawlucha|Swords Dance|p2a: Hawlucha
|-boost|p2a: Hawlucha|atk|2
|move|p1a: Gliscor|Spikes|p2a: Hawlucha
|-sidestart|p2: Qbreezy|Spikes
|
|-damage|p2a: Hawlucha|82/100 tox|[from] psn
|upkeep
|turn|16
|
|t:|1760410952
|move|p1a: Gliscor|Protect|p1a: Gliscor
|-singleturn|p1a: Gliscor|Protect
|move|p2a: Hawlucha|Acrobatics|p1a: Gliscor
|-activate|p1a: Gliscor|move: Protect
|
|-damage|p2a: Hawlucha|64/100 tox|[from] psn
|-fieldend|move: Grassy Terrain
|upkeep
|turn|17
|
|t:|1760410960
|switch|p1a: Hydrapple|Hydrapple, F, shiny, tera:Steel|59/100
|move|p2a: Hawlucha|Acrobatics|p1a: Hydrapple
|-resisted|p1a: Hydrapple
|-damage|p1a: Hydrapple|11/100
|-damage|p2a: Hawlucha|48/100 tox|[from] item: Rocky Helmet|[of] p1a: Hydrapple
|
|-damage|p2a: Hawlucha|24/100 tox|[from] psn
|upkeep
|turn|18
|
|t:|1760410981
|switch|p1a: Alomomola|Alomomola, F|100/100
|move|p2a: Hawlucha|Acrobatics|p1a: Alomomola
|-damage|p1a: Alomomola|0 fnt
|faint|p1a: Alomomola
|
|-damage|p2a: Hawlucha|0 fnt|[from] psn
|faint|p2a: Hawlucha
|upkeep
|
|t:|1760410990
|switch|p2a: Moltres|Moltres|91/100
|switch|p1a: Hydrapple|Hydrapple, F, shiny, tera:Steel|44/100
|turn|19
|
|t:|1760410995
|switch|p1a: Gliscor|Gliscor, M|100/100 tox
|move|p2a: Moltres|Flamethrower|p1a: Gliscor
|-damage|p1a: Gliscor|63/100 tox
|
|-heal|p1a: Gliscor|75/100 tox|[from] ability: Poison Heal
|upkeep
|turn|20
|
|t:|1760411004
|move|p1a: Gliscor|Spikes|p2a: Moltres
|-sidestart|p2: Qbreezy|Spikes
|move|p2a: Moltres|U-turn|p1a: Gliscor
|-resisted|p1a: Gliscor
|-damage|p1a: Gliscor|70/100 tox
|
|t:|1760411011
|switch|p2a: Rillaboom|Rillaboom, M|84/100|[from] U-turn
|-damage|p2a: Rillaboom|59/100|[from] Spikes
|-fieldstart|move: Grassy Terrain|[from] ability: Grassy Surge|[of] p2a: Rillaboom
|
|-heal|p2a: Rillaboom|65/100|[from] Grassy Terrain
|-heal|p1a: Gliscor|83/100 tox|[from] ability: Poison Heal
|upkeep
|turn|21
|
|t:|1760411022
|switch|p1a: Hydrapple|Hydrapple, F, shiny, tera:Steel|77/100
|move|p2a: Rillaboom|Grassy Glide|p1a: Hydrapple
|-resisted|p1a: Hydrapple
|-damage|p1a: Hydrapple|64/100
|-damage|p2a: Rillaboom|48/100|[from] item: Rocky Helmet|[of] p1a: Hydrapple
|
|-heal|p2a: Rillaboom|55/100|[from] Grassy Terrain
|-heal|p1a: Hydrapple|70/100|[from] Grassy Terrain
|upkeep
|turn|22
|
|t:|1760411037
|move|p2a: Rillaboom|Low Kick|p1a: Hydrapple
|-supereffective|p1a: Hydrapple
|-damage|p1a: Hydrapple|34/100
|-damage|p2a: Rillaboom|38/100|[from] item: Rocky Helmet|[of] p1a: Hydrapple
|move|p1a: Hydrapple|Fickle Beam|p2a: Rillaboom|[anim] Fickle Beam All Out
|-activate|p1a: Hydrapple|move: Fickle Beam
|-damage|p2a: Rillaboom|0 fnt
|faint|p2a: Rillaboom
|
|-heal|p1a: Hydrapple|40/100|[from] Grassy Terrain
|upkeep
|
|t:|1760411046
|switch|p2a: Moltres|Moltres|91/100
|turn|23
|
|t:|1760411050
|switch|p1a: Cinderace|Cinderace, F|32/100
|move|p2a: Moltres|Flamethrower|p1a: Cinderace
|-resisted|p1a: Cinderace
|-damage|p1a: Cinderace|11/100
|
|-heal|p1a: Cinderace|17/100|[from] Grassy Terrain
|upkeep
|turn|24
|
|t:|1760411058
|move|p1a: Cinderace|U-turn|p2a: Moltres
|-resisted|p2a: Moltres
|-damage|p2a: Moltres|88/100
|
|t:|1760411065
|switch|p1a: Gliscor|Gliscor, M|83/100 tox|[from] U-turn
|move|p2a: Moltres|Flamethrower|p1a: Gliscor
|-damage|p1a: Gliscor|45/100 tox
|
|-heal|p1a: Gliscor|58/100 tox|[from] ability: Poison Heal
|upkeep
|turn|25
|
|t:|1760411075
|move|p1a: Gliscor|Toxic|p2a: Moltres
|-status|p2a: Moltres|tox
|move|p2a: Moltres|U-turn|p1a: Gliscor
|-resisted|p1a: Gliscor
|-damage|p1a: Gliscor|52/100 tox
|
|t:|1760411080
|switch|p2a: Grafaiai|Grafaiai, M, shiny|100/100|[from] U-turn
|-damage|p2a: Grafaiai|76/100|[from] Spikes
|
|-heal|p2a: Grafaiai|82/100|[from] Grassy Terrain
|-heal|p1a: Gliscor|64/100 tox|[from] ability: Poison Heal
|upkeep
|turn|26
|
|t:|1760411090
|-terastallize|p2a: Grafaiai|Flying
|move|p2a: Grafaiai|Swagger|p1a: Gliscor
|-boost|p1a: Gliscor|atk|2
|-start|p1a: Gliscor|confusion
|-enditem|p2a: Grafaiai|Mirror Herb
|-boost|p2a: Grafaiai|atk|2|[from] item: Mirror Herb
|-activate|p1a: Gliscor|confusion
|move|p1a: Gliscor|Earthquake|p2a: Grafaiai
|-immune|p2a: Grafaiai
|
|-heal|p1a: Gliscor|77/100 tox|[from] ability: Poison Heal
|upkeep
|turn|27
|
|t:|1760411102
|move|p2a: Grafaiai|Acrobatics|p1a: Gliscor
|-damage|p1a: Gliscor|4/100 tox
|-activate|p1a: Gliscor|confusion
|move|p1a: Gliscor|Toxic|p2a: Grafaiai
|-status|p2a: Grafaiai|tox
|
|-damage|p2a: Grafaiai|76/100 tox|[from] psn
|-heal|p1a: Gliscor|16/100 tox|[from] ability: Poison Heal
|-fieldend|move: Grassy Terrain
|upkeep
|turn|28
|
|t:|1760411111
|-end|p1a: Gliscor|confusion
|move|p1a: Gliscor|Protect|p1a: Gliscor
|-singleturn|p1a: Gliscor|Protect
|move|p2a: Grafaiai|Knock Off|p1a: Gliscor
|-activate|p1a: Gliscor|move: Protect
|
|-damage|p2a: Grafaiai|64/100 tox|[from] psn
|-heal|p1a: Gliscor|29/100 tox|[from] ability: Poison Heal
|upkeep
|turn|29
|
|t:|1760411120
|switch|p1a: Hydrapple|Hydrapple, F, shiny, tera:Steel|73/100
|move|p2a: Grafaiai|Knock Off|p1a: Hydrapple
|-damage|p1a: Hydrapple|41/100
|-damage|p2a: Grafaiai|47/100 tox|[from] item: Rocky Helmet|[of] p1a: Hydrapple
|-enditem|p1a: Hydrapple|Rocky Helmet|[from] move: Knock Off|[of] p2a: Grafaiai
|
|-damage|p2a: Grafaiai|29/100 tox|[from] psn
|upkeep
|turn|30
|
|t:|1760411132
|move|p2a: Grafaiai|Low Kick|p1a: Hydrapple
|-supereffective|p1a: Hydrapple
|-damage|p1a: Hydrapple|0 fnt
|faint|p1a: Hydrapple
|
|-damage|p2a: Grafaiai|5/100 tox|[from] psn
|upkeep
|
|t:|1760411135
|switch|p1a: Gliscor|Gliscor, M|29/100 tox
|turn|31
|
|t:|1760411146
|move|p1a: Gliscor|Protect|p1a: Gliscor
|-singleturn|p1a: Gliscor|Protect
|move|p2a: Grafaiai|Acrobatics|p1a: Gliscor
|-activate|p1a: Gliscor|move: Protect
|
|-damage|p2a: Grafaiai|0 fnt|[from] psn
|faint|p2a: Grafaiai
|-heal|p1a: Gliscor|41/100 tox|[from] ability: Poison Heal
|upkeep
|
|t:|1760411210
|switch|p2a: Hoopa|Hoopa-Unbound|100/100
|-damage|p2a: Hoopa|76/100|[from] Spikes
|turn|32
|
|t:|1760411234
|move|p1a: Gliscor|Earthquake|p2a: Hoopa
|-damage|p2a: Hoopa|27/100
|move|p2a: Hoopa|Hyperspace Fury|p1a: Gliscor
|-damage|p1a: Gliscor|0 fnt
|-unboost|p2a: Hoopa|def|1
|faint|p1a: Gliscor
|
|upkeep
|
|t:|1760411237
|switch|p1a: Hoopa|Hoopa-Unbound|100/100
|turn|33
|
|t:|1760411249
|move|p1a: Hoopa|Knock Off|p2a: Hoopa
|-damage|p2a: Hoopa|0 fnt
|-enditem|p2a: Hoopa|Assault Vest|[from] move: Knock Off|[of] p1a: Hoopa
|faint|p2a: Hoopa
|
|upkeep
|
|t:|1760411253
|switch|p2a: Moltres|Moltres|88/100 tox
|turn|34
|
|t:|1760411258
|switch|p1a: Cinderace|Cinderace, F|17/100
|move|p2a: Moltres|U-turn|p1a: Cinderace
|-resisted|p1a: Cinderace
|-damage|p1a: Cinderace|8/100
|
|-damage|p2a: Moltres|82/100 tox|[from] psn
|upkeep
|turn|35
|
|t:|1760411266
|move|p1a: Cinderace|Pyro Ball|p2a: Moltres
|-resisted|p2a: Moltres
|-damage|p2a: Moltres|59/100 tox
|move|p2a: Moltres|Flamethrower|p1a: Cinderace
|-resisted|p1a: Cinderace
|-damage|p1a: Cinderace|0 fnt
|faint|p1a: Cinderace
|
|-damage|p2a: Moltres|47/100 tox|[from] psn
|upkeep
|
|t:|1760411272
|switch|p1a: Hoopa|Hoopa-Unbound|100/100
|turn|36
|
|t:|1760411276
|move|p1a: Hoopa|Psychic Noise|p2a: Moltres
|-damage|p2a: Moltres|3/100 tox
|-start|p2a: Moltres|move: Heal Block
|move|p2a: Moltres|U-turn|p1a: Hoopa
|-supereffective|p1a: Hoopa
|-damage|p1a: Hoopa|0 fnt
|faint|p1a: Hoopa
|
|-damage|p2a: Moltres|0 fnt|[from] psn
|faint|p2a: Moltres
|
|win|len7762
|raw|len7762's rating: 1416 &rarr; <strong>1437</strong><br />(+21 for winning)
|raw|Qbreezy's rating: 1428 &rarr; <strong>1407</strong><br />(-21 for losing)
|l|☆Qbreezy
|player|p2|
|l|‽len7762
|player|p1|
