|j|☆Kis Vegallomas
|j|☆Pikka888
|t:|1760353920
|gametype|singles
|player|p1|Kis Vegallomas|170|1407
|player|p2|Pikka888|169|1349
|gen|9
|tier|[Gen 9] OU
|rated|
|rule|HP Percentage Mod: HP is shown in percentages
|rule|Endless Battle Clause: Forcing endless battles is banned
|rule|Species Clause: Limit one of each Pokémon
|rule|OHKO Clause: OHKO moves are banned
|rule|Evasion Items Clause: Evasion items are banned
|rule|Evasion Moves Clause: Evasion moves are banned
|rule|Evasion Abilities Clause: Evasion abilities are banned
|rule|Sleep Moves Clause: Sleep-inducing moves are banned
|clearpoke
|poke|p1|Garchomp, F|
|poke|p1|Slowking-Galar, M|
|poke|p1|Keldeo-Resolute|
|poke|p1|Grimmsnarl, M|
|poke|p1|Iron Crown|
|poke|p1|Primeape, F|
|poke|p2|Gyarados, F|
|poke|p2|Skarmory, M|
|poke|p2|Gholdengo|
|poke|p2|Great Tusk|
|poke|p2|Iron Boulder|
|poke|p2|Comfey, F|
|teampreview
|l|☆Kis Vegallomas
|player|p1|
|j|☆Kis Vegallomas
|player|p1|Kis Vegallomas|170|
|inactive|Battle timer is ON: inactive players will automatically lose when time's up. (requested by Pikka888)
|
|t:|1760353960
|teamsize|p1|6
|teamsize|p2|6
|start
|switch|p1a: Garchomp|Garchomp, F|100/100
|switch|p2a: Gholdengo|Gholdengo|100/100
|turn|1
|
|t:|1760353978
|move|p2a: Gholdengo|Trick|p1a: Garchomp
|-activate|p2a: Gholdengo|move: Trick|[of] p1a: Garchomp
|-item|p1a: Garchomp|Choice Scarf|[from] move: Trick
|-item|p2a: Gholdengo|Loaded Dice|[from] move: Trick
|move|p1a: Garchomp|Swords Dance|p1a: Garchomp
|-boost|p1a: Garchomp|atk|2
|
|upkeep
|turn|2
|
|t:|1760353985
|switch|p1a: Slowking|Slowking-Galar, M|100/100
|switch|p2a: Skarmory|Skarmory, M|100/100
|
|upkeep
|turn|3
|
|t:|1760353988
|move|p2a: Skarmory|Stealth Rock|p1a: Slowking
|-sidestart|p1: Kis Vegallomas|move: Stealth Rock
|move|p1a: Slowking|Trick|p2a: Skarmory
|-activate|p1a: Slowking|move: Trick|[of] p2a: Skarmory
|-item|p2a: Skarmory|Choice Specs|[from] move: Trick
|-item|p1a: Slowking|Custap Berry|[from] move: Trick
|
|upkeep
|turn|4
|
|t:|1760353997
|move|p2a: Skarmory|Spikes|p1a: Slowking
|-sidestart|p1: Kis Vegallomas|Spikes
|move|p1a: Slowking|Future Sight|p2a: Skarmory
|-start|p1a: Slowking|move: Future Sight
|
|upkeep
|turn|5
|
|t:|1760354014
|switch|p1a: Keldeo|Keldeo-Resolute|100/100
|-damage|p1a: Keldeo|94/100|[from] Stealth Rock
|-damage|p1a: Keldeo|82/100|[from] Spikes
|move|p2a: Skarmory|Spikes|p1a: Keldeo
|-sidestart|p1: Kis Vegallomas|Spikes
|
|-heal|p1a: Keldeo|88/100|[from] item: Leftovers
|upkeep
|turn|6
|
|t:|1760354017
|move|p1a: Keldeo|Calm Mind|p1a: Keldeo
|-boost|p1a: Keldeo|spa|1
|-boost|p1a: Keldeo|spd|1
|move|p2a: Skarmory|Spikes|p1a: Keldeo
|-sidestart|p1: Kis Vegallomas|Spikes
|
|-end|p2a: Skarmory|move: Future Sight
|-resisted|p2a: Skarmory
|-damage|p2a: Skarmory|47/100
|-heal|p1a: Keldeo|94/100|[from] item: Leftovers
|upkeep
|turn|7
|
|t:|1760354027
|switch|p2a: Gholdengo|Gholdengo|100/100
|move|p1a: Keldeo|Calm Mind|p1a: Keldeo
|-boost|p1a: Keldeo|spa|1
|-boost|p1a: Keldeo|spd|1
|
|-heal|p1a: Keldeo|100/100|[from] item: Leftovers
|upkeep
|turn|8
|
|t:|1760354043
|switch|p2a: Skarmory|Skarmory, M|47/100
|move|p1a: Keldeo|Surf|p2a: Skarmory
|-damage|p2a: Skarmory|0 fnt
|faint|p2a: Skarmory
|
|upkeep
|
|t:|1760354050
|switch|p2a: Gyarados|Gyarados, F|100/100
|turn|9
|
|t:|1760354053
|move|p1a: Keldeo|Surf|p2a: Gyarados
|-resisted|p2a: Gyarados
|-damage|p2a: Gyarados|55/100
|move|p2a: Gyarados|Dragon Dance|p2a: Gyarados
|-boost|p2a: Gyarados|atk|1
|-boost|p2a: Gyarados|spe|1
|
|-heal|p2a: Gyarados|62/100|[from] item: Leftovers
|upkeep
|turn|10
|
|t:|1760354062
|switch|p1a: Garchomp|Garchomp, F|100/100
|-damage|p1a: Garchomp|94/100|[from] Stealth Rock
|-damage|p1a: Garchomp|69/100|[from] Spikes
|move|p2a: Gyarados|Dragon Dance|p2a: Gyarados
|-boost|p2a: Gyarados|atk|1
|-boost|p2a: Gyarados|spe|1
|
|-heal|p2a: Gyarados|68/100|[from] item: Leftovers
|upkeep
|turn|11
|
|t:|1760354066
|move|p2a: Gyarados|Scale Shot|p1a: Garchomp
|-supereffective|p1a: Garchomp
|-damage|p1a: Garchomp|40/100
|-supereffective|p1a: Garchomp
|-damage|p1a: Garchomp|12/100
|-supereffective|p1a: Garchomp
|-damage|p1a: Garchomp|0 fnt
|faint|p1a: Garchomp
|-ability|p2a: Gyarados|Moxie|boost
|-boost|p2a: Gyarados|atk|1
|-hitcount|p1: Garchomp|3
|-unboost|p2a: Gyarados|def|1
|-boost|p2a: Gyarados|spe|1
|
|-heal|p2a: Gyarados|74/100|[from] item: Leftovers
|upkeep
|
|t:|1760354071
|switch|p1a: Grimmsnarl|Grimmsnarl, M|100/100
|-damage|p1a: Grimmsnarl|88/100|[from] Stealth Rock
|-damage|p1a: Grimmsnarl|63/100|[from] Spikes
|turn|12
|
|t:|1760354075
|move|p1a: Grimmsnarl|Reflect|p1a: Grimmsnarl
|-sidestart|p1: Kis Vegallomas|Reflect
|move|p2a: Gyarados|Waterfall|p1a: Grimmsnarl
|-damage|p1a: Grimmsnarl|1/100
|
|-heal|p2a: Gyarados|80/100|[from] item: Leftovers
|upkeep
|turn|13
|
|t:|1760354080
|move|p1a: Grimmsnarl|Parting Shot|p2a: Gyarados
|-unboost|p2a: Gyarados|atk|1
|-unboost|p2a: Gyarados|spa|1
|
|t:|1760354084
|switch|p1a: Keldeo|Keldeo-Resolute|100/100|[from] Parting Shot
|-damage|p1a: Keldeo|94/100|[from] Stealth Rock
|-damage|p1a: Keldeo|70/100|[from] Spikes
|move|p2a: Gyarados|Substitute|p2a: Gyarados
|-start|p2a: Gyarados|Substitute
|-damage|p2a: Gyarados|55/100
|
|-heal|p2a: Gyarados|61/100|[from] item: Leftovers
|-heal|p1a: Keldeo|76/100|[from] item: Leftovers
|upkeep
|turn|14
|
|t:|1760354089
|move|p2a: Gyarados|Dragon Dance|p2a: Gyarados
|-boost|p2a: Gyarados|atk|1
|-boost|p2a: Gyarados|spe|1
|move|p1a: Keldeo|Surf|p2a: Gyarados
|-resisted|p2a: Gyarados
|-activate|p2a: Gyarados|move: Substitute|[damage]
|
|-heal|p2a: Gyarados|67/100|[from] item: Leftovers
|-heal|p1a: Keldeo|82/100|[from] item: Leftovers
|upkeep
|turn|15
|-message|Kis Vegallomas forfeited.
|
|win|Pikka888
|raw|Kis Vegallomas's rating: 1407 &rarr; <strong>1384</strong><br />(-23 for losing)
|raw|Pikka888's rating: 1349 &rarr; <strong>1372</strong><br />(+23 for winning)
|l|☆Kis Vegallomas
|player|p1|
|l|☆Pikka888
|player|p2|
