|badge|p1|silver|gen9ubers|30-7
|uhtml|medal-msg|<div class="broadcast-blue">Curious what those medals under the avatar are? PS now has Ladder Seasons! For more information, check out the <a href="https://www.smogon.com/forums/threads/3740067/">thread on Smogon.</a></div>
|j|☆A)(IDIIOAue
|j|☆TheyStoleMyLogs
|t:|1760387092
|gametype|singles
|player|p1|A)(IDIIOAue|266|1634
|player|p2|TheyStoleMyLogs|lance|1637
|gen|9
|tier|[Gen 9] OU
|rated|
|rule|HP Percentage Mod: HP is shown in percentages
|rule|Endless Battle Clause: Forcing endless battles is banned
|rule|Species Clause: Limit one of each Pokémon
|rule|OHKO Clause: OHKO moves are banned
|rule|Evasion Items Clause: Evasion items are banned
|rule|Evasion Moves Clause: Evasion moves are banned
|rule|Evasion Abilities Clause: Evasion abilities are banned
|rule|Sleep Moves Clause: Sleep-inducing moves are banned
|clearpoke
|poke|p1|Landorus-Therian, M|
|poke|p1|Glimmora, F|
|poke|p1|Dragapult, M|
|poke|p1|Kingambit, F|
|poke|p1|Iron Valiant|
|poke|p1|Ogerpon-Wellspring, F|
|poke|p2|Houndstone, F|
|poke|p2|Ting-Lu|
|poke|p2|Scizor, F|
|poke|p2|Arcanine-Hisui, M|
|poke|p2|Zapdos|
|poke|p2|Ogerpon-Wellspring, F|
|teampreview
|
|t:|1760387123
|teamsize|p1|6
|teamsize|p2|6
|start
|switch|p1a: Landorus|Landorus-Therian, M|100/100
|switch|p2a: Scizor|Scizor, F|100/100
|-ability|p1a: Landorus|Intimidate|boost
|-unboost|p2a: Scizor|atk|1
|turn|1
|
|t:|1760387128
|move|p1a: Landorus|Stealth Rock|p2a: Scizor
|-sidestart|p2: TheyStoleMyLogs|move: Stealth Rock
|move|p2a: Scizor|Knock Off|p1a: Landorus
|-damage|p1a: Landorus|72/100
|-enditem|p1a: Landorus|Soft Sand|[from] move: Knock Off|[of] p2a: Scizor
|
|upkeep
|turn|2
|
|t:|1760387137
|move|p1a: Landorus|Earthquake|p2a: Scizor
|-damage|p2a: Scizor|32/100
|-enditem|p2a: Scizor|Sitrus Berry|[eat]
|-heal|p2a: Scizor|57/100|[from] item: Sitrus Berry
|move|p2a: Scizor|Defog|p1a: Landorus
|-unboost|p1a: Landorus|evasion|1
|-sideend|p2: TheyStoleMyLogs|Stealth Rock|[from] move: Defog|[of] p2a: Scizor
|
|upkeep
|turn|3
|
|t:|1760387143
|switch|p2a: what's skill|Ogerpon-Wellspring, F|100/100
|move|p1a: Landorus|Stealth Rock|p2a: what's skill
|-sidestart|p2: TheyStoleMyLogs|move: Stealth Rock
|
|upkeep
|turn|4
|
|t:|1760387152
|switch|p1a: Dragapult|Dragapult, M|100/100
|move|p2a: what's skill|Spikes|p1a: Dragapult
|-sidestart|p1: A)(IDIIOAue|Spikes
|
|upkeep
|turn|5
|
|t:|1760387161
|switch|p2a: Houndstone|Houndstone, F|100/100
|-damage|p2a: Houndstone|88/100|[from] Stealth Rock
|move|p1a: Dragapult|U-turn|p2a: Houndstone
|-resisted|p2a: Houndstone
|-damage|p2a: Houndstone|85/100
|
|t:|1760387179
|switch|p1a: Landorus|Landorus-Therian, M|72/100|[from] U-turn
|-ability|p1a: Landorus|Intimidate|boost
|-unboost|p2a: Houndstone|atk|1
|
|-heal|p2a: Houndstone|91/100|[from] item: Leftovers
|upkeep
|turn|6
|
|t:|1760387185
|move|p1a: Landorus|U-turn|p2a: Houndstone
|-resisted|p2a: Houndstone
|-damage|p2a: Houndstone|86/100
|
|t:|1760387188
|switch|p1a: Glimmora|Glimmora, F|100/100|[from] U-turn
|-damage|p1a: Glimmora|88/100|[from] Spikes
|move|p2a: Houndstone|Night Shade|p1a: Glimmora
|-damage|p1a: Glimmora|56/100
|
|-heal|p2a: Houndstone|92/100|[from] item: Leftovers
|upkeep
|turn|7
|
|t:|1760387207
|switch|p2a: Ting-Lu|Ting-Lu|100/100
|-damage|p2a: Ting-Lu|94/100|[from] Stealth Rock
|-ability|p2a: Ting-Lu|Vessel of Ruin
|move|p1a: Glimmora|Meteor Beam||[still]
|-prepare|p1a: Glimmora|Meteor Beam
|-boost|p1a: Glimmora|spa|1
|-enditem|p1a: Glimmora|Power Herb
|-anim|p1a: Glimmora|Meteor Beam|p2a: Ting-Lu
|-resisted|p2a: Ting-Lu
|-damage|p2a: Ting-Lu|73/100
|
|-heal|p2a: Ting-Lu|79/100|[from] item: Leftovers
|upkeep
|turn|8
|
|t:|1760387215
|move|p1a: Glimmora|Energy Ball|p2a: Ting-Lu
|-supereffective|p2a: Ting-Lu
|-damage|p2a: Ting-Lu|39/100
|move|p2a: Ting-Lu|Earthquake|p1a: Glimmora
|-supereffective|p1a: Glimmora
|-damage|p1a: Glimmora|0 fnt
|-activate|p1a: Glimmora|ability: Toxic Debris
|-sidestart|p2: TheyStoleMyLogs|move: Toxic Spikes
|faint|p1a: Glimmora
|
|-heal|p2a: Ting-Lu|45/100|[from] item: Leftovers
|upkeep
|
|t:|1760387219
|switch|p1a: Ogerpon|Ogerpon-Wellspring, F|100/100
|-damage|p1a: Ogerpon|88/100|[from] Spikes
|turn|9
|
|t:|1760387231
|switch|p2a: Houndstone|Houndstone, F|92/100
|-damage|p2a: Houndstone|80/100|[from] Stealth Rock
|-status|p2a: Houndstone|psn
|move|p1a: Ogerpon|Power Whip|p2a: Houndstone
|-damage|p2a: Houndstone|48/100 psn
|
|-heal|p2a: Houndstone|54/100 psn|[from] item: Leftovers
|-damage|p2a: Houndstone|42/100 psn|[from] psn
|upkeep
|turn|10
|
|t:|1760387240
|switch|p1a: Landorus|Landorus-Therian, M|72/100
|-ability|p1a: Landorus|Intimidate|boost
|-unboost|p2a: Houndstone|atk|1
|-terastallize|p2a: Houndstone|Dragon
|move|p2a: Houndstone|Pain Split|p1a: Landorus
|-sethp|p1a: Landorus|58/100|[from] move: Pain Split|[silent]
|-sethp|p2a: Houndstone|55/100 psn|[from] move: Pain Split
|
|-heal|p2a: Houndstone|61/100 psn|[from] item: Leftovers
|-damage|p2a: Houndstone|49/100 psn|[from] psn
|upkeep
|turn|11
|
|t:|1760387250
|switch|p2a: Zapdos|Zapdos|100/100
|-damage|p2a: Zapdos|76/100|[from] Stealth Rock
|move|p1a: Landorus|Earthquake|p2a: Zapdos
|-immune|p2a: Zapdos
|
|upkeep
|turn|12
|
|t:|1760387257
|move|p2a: Zapdos|Hurricane|p1a: Landorus|[miss]
|-miss|p2a: Zapdos|p1a: Landorus
|move|p1a: Landorus|Smack Down|p2a: Zapdos
|-supereffective|p2a: Zapdos
|-damage|p2a: Zapdos|27/100
|-start|p2a: Zapdos|Smack Down
|
|upkeep
|turn|13
|
|t:|1760387259
|move|p2a: Zapdos|Hurricane|p1a: Landorus
|-crit|p1a: Landorus
|-damage|p1a: Landorus|0 fnt
|faint|p1a: Landorus
|
|upkeep
|
|t:|1760387285
|switch|p1a: Iron Valiant|Iron Valiant|100/100
|-damage|p1a: Iron Valiant|88/100|[from] Spikes
|-enditem|p1a: Iron Valiant|Booster Energy
|-activate|p1a: Iron Valiant|ability: Quark Drive|[fromitem]
|-start|p1a: Iron Valiant|quarkdrivespe
|turn|14
|
|t:|1760387287
|move|p1a: Iron Valiant|Spirit Break|p2a: Zapdos
|-damage|p2a: Zapdos|0 fnt
|faint|p2a: Zapdos
|
|upkeep
|
|t:|1760387294
|switch|p2a: Scizor|Scizor, F|57/100
|-damage|p2a: Scizor|45/100|[from] Stealth Rock
|turn|15
|
|t:|1760387303
|-terastallize|p1a: Iron Valiant|Ghost
|move|p1a: Iron Valiant|Close Combat|p2a: Scizor
|-damage|p2a: Scizor|0 fnt
|-unboost|p1a: Iron Valiant|def|1
|-unboost|p1a: Iron Valiant|spd|1
|faint|p2a: Scizor
|
|upkeep
|
|t:|1760387313
|switch|p2a: what's skill|Ogerpon-Wellspring, F|100/100
|-damage|p2a: what's skill|88/100|[from] Stealth Rock
|-status|p2a: what's skill|psn
|turn|16
|
|t:|1760387319
|move|p1a: Iron Valiant|Close Combat|p2a: what's skill
|-damage|p2a: what's skill|9/100 psn
|-unboost|p1a: Iron Valiant|def|1
|-unboost|p1a: Iron Valiant|spd|1
|move|p2a: what's skill|U-turn|p1a: Iron Valiant
|-resisted|p1a: Iron Valiant
|-damage|p1a: Iron Valiant|53/100
|
|t:|1760387326
|switch|p2a: Houndstone|Houndstone, F, tera:Dragon|49/100 psn|[from] U-turn
|-damage|p2a: Houndstone|36/100 psn|[from] Stealth Rock
|
|-heal|p2a: Houndstone|42/100 psn|[from] item: Leftovers
|-damage|p2a: Houndstone|30/100 psn|[from] psn
|upkeep
|turn|17
|
|t:|1760387329
|move|p1a: Iron Valiant|Spirit Break|p2a: Houndstone
|-supereffective|p2a: Houndstone
|-damage|p2a: Houndstone|1/100 psn
|-unboost|p2a: Houndstone|spa|1
|move|p2a: Houndstone|Charm|p1a: Iron Valiant
|-unboost|p1a: Iron Valiant|atk|2
|
|-heal|p2a: Houndstone|7/100 psn|[from] item: Leftovers
|-damage|p2a: Houndstone|0 fnt|[from] psn
|faint|p2a: Houndstone
|upkeep
|-message|TheyStoleMyLogs forfeited.
|
|win|A)(IDIIOAue
|raw|A)(IDIIOAue's rating: 1634 &rarr; <strong>1654</strong><br />(+20 for winning)
|raw|TheyStoleMyLogs's rating: 1637 &rarr; <strong>1617</strong><br />(-20 for losing)
|l|☆TheyStoleMyLogs
|player|p2|
|l|☆A)(IDIIOAue
|player|p1|
