|j|☆bengals13
|j|☆Dakri
|t:|1760348967
|gametype|singles
|player|p1|bengals13|102|1168
|player|p2|Dakri|blaine|1112
|gen|9
|tier|[Gen 9] OU
|rated|
|rule|HP Percentage Mod: HP is shown in percentages
|rule|Endless Battle Clause: Forcing endless battles is banned
|rule|Species Clause: Limit one of each Pokémon
|rule|OHKO Clause: OHKO moves are banned
|rule|Evasion Items Clause: Evasion items are banned
|rule|Evasion Moves Clause: Evasion moves are banned
|rule|Evasion Abilities Clause: Evasion abilities are banned
|rule|Sleep Moves Clause: Sleep-inducing moves are banned
|clearpoke
|poke|p1|Corviknight, M|
|poke|p1|Blissey, F|
|poke|p1|Pecharunt|
|poke|p1|Dragapult, M|
|poke|p1|Iron Crown|
|poke|p1|Iron Valiant|
|poke|p2|Toxtricity, M|
|poke|p2|Hawlucha, M|
|poke|p2|Sinistcha|
|poke|p2|Lycanroc-Midnight, M|
|poke|p2|Malamar, M|
|poke|p2|Corviknight, M|
|teampreview
|inactive|Battle timer is ON: inactive players will automatically lose when time's up. (requested by Dakri)
|inactive|bengals13 has 120 seconds left.
|inactive|bengals13 has 90 seconds left.
|
|t:|1760349044
|teamsize|p1|6
|teamsize|p2|6
|start
|switch|p1a: Pecharunt|Pecharunt|100/100
|switch|p2a: Toxtricity|Toxtricity, M|100/100
|turn|1
|
|t:|1760349063
|move|p2a: Toxtricity|Shift Gear|p2a: Toxtricity
|-boost|p2a: Toxtricity|spe|2
|-boost|p2a: Toxtricity|atk|1
|move|p1a: Pecharunt|Parting Shot|p2a: Toxtricity
|-unboost|p2a: Toxtricity|atk|1
|-unboost|p2a: Toxtricity|spa|1
|
|t:|1760349076
|switch|p1a: Blissey|Blissey, F|100/100|[from] Parting Shot
|
|upkeep
|turn|2
|
|t:|1760349082
|move|p2a: Toxtricity|Shift Gear|p2a: Toxtricity
|-boost|p2a: Toxtricity|spe|2
|-boost|p2a: Toxtricity|atk|1
|move|p1a: Blissey|Seismic Toss|p2a: Toxtricity
|-damage|p2a: Toxtricity|66/100
|
|upkeep
|turn|3
|
|t:|1760349088
|move|p2a: Toxtricity|Drain Punch|p1a: Blissey
|-supereffective|p1a: Blissey
|-damage|p1a: Blissey|47/100
|-heal|p2a: Toxtricity|100/100|[from] drain|[of] p1a: Blissey
|-damage|p2a: Toxtricity|91/100|[from] item: Life Orb
|move|p1a: Blissey|Seismic Toss|p2a: Toxtricity
|-damage|p2a: Toxtricity|56/100
|
|-heal|p1a: Blissey|53/100|[from] item: Leftovers
|upkeep
|turn|4
|
|t:|1760349099
|switch|p1a: Pecharunt|Pecharunt|100/100
|move|p2a: Toxtricity|Drain Punch|p1a: Pecharunt
|-immune|p1a: Pecharunt
|
|upkeep
|turn|5
|
|t:|1760349106
|switch|p2a: Corviknight|Corviknight, M, shiny|100/100
|move|p1a: Pecharunt|Shadow Ball|p2a: Corviknight
|-damage|p2a: Corviknight|77/100
|
|upkeep
|turn|6
|
|t:|1760349113
|move|p1a: Pecharunt|Parting Shot|p2a: Corviknight
|-ability|p2a: Corviknight|Mirror Armor
|-unboost|p1a: Pecharunt|atk|1
|-ability|p2a: Corviknight|Mirror Armor
|-unboost|p1a: Pecharunt|spa|1
|
|t:|1760349123
|switch|p1a: Dragapult|Dragapult, M|100/100|[from] Parting Shot
|move|p2a: Corviknight|Light Screen|p2a: Corviknight
|-sidestart|p2: Dakri|move: Light Screen
|
|upkeep
|turn|7
|
|t:|1760349132
|move|p1a: Dragapult|Thunderbolt|p2a: Corviknight
|-supereffective|p2a: Corviknight
|-damage|p2a: Corviknight|56/100
|move|p2a: Corviknight|Reflect|p2a: Corviknight
|-sidestart|p2: Dakri|Reflect
|
|upkeep
|turn|8
|
|t:|1760349140
|move|p1a: Dragapult|Shadow Ball|p2a: Corviknight
|-damage|p2a: Corviknight|40/100
|move|p2a: Corviknight|U-turn|p1a: Dragapult
|-resisted|p1a: Dragapult
|-damage|p1a: Dragapult|90/100
|
|t:|1760349152
|switch|p2a: Hawlucha|Hawlucha, M, shiny|100/100|[from] U-turn
|
|upkeep
|turn|9
|
|t:|1760349157
|move|p1a: Dragapult|Thunderbolt|p2a: Hawlucha
|-supereffective|p2a: Hawlucha
|-damage|p2a: Hawlucha|56/100
|move|p2a: Hawlucha|Swords Dance|p2a: Hawlucha
|-boost|p2a: Hawlucha|atk|2
|
|upkeep
|turn|10
|
|t:|1760349164
|move|p1a: Dragapult|Thunderbolt|p2a: Hawlucha
|-supereffective|p2a: Hawlucha
|-damage|p2a: Hawlucha|7/100
|move|p2a: Hawlucha|Acrobatics|p1a: Dragapult
|-damage|p1a: Dragapult|25/100
|
|upkeep
|turn|11
|
|t:|1760349185
|move|p1a: Dragapult|Shadow Ball|p2a: Hawlucha
|-damage|p2a: Hawlucha|0 fnt
|faint|p2a: Hawlucha
|
|upkeep
|
|t:|1760349196
|switch|p2a: Malamar|Malamar, M, shiny|100/100
|turn|12
|
|t:|1760349200
|move|p1a: Dragapult|U-turn|p2a: Malamar
|-supereffective|p2a: Malamar
|-crit|p2a: Malamar
|-damage|p2a: Malamar|0 fnt
|faint|p2a: Malamar
|
|t:|1760349205
|switch|p1a: Pecharunt|Pecharunt|100/100|[from] U-turn
|
|upkeep
|
|t:|1760349213
|switch|p2a: Sinistcha|Sinistcha|100/100
|turn|13
|
|t:|1760349218
|-terastallize|p2a: Sinistcha|Steel
|move|p1a: Pecharunt|Malignant Chain|p2a: Sinistcha
|-immune|p2a: Sinistcha
|move|p2a: Sinistcha|Calm Mind|p2a: Sinistcha
|-boost|p2a: Sinistcha|spa|1
|-boost|p2a: Sinistcha|spd|1
|
|-sideend|p2: Dakri|move: Light Screen
|upkeep
|turn|14
|
|t:|1760349229
|move|p1a: Pecharunt|Parting Shot|p2a: Sinistcha
|-unboost|p2a: Sinistcha|atk|1
|-unboost|p2a: Sinistcha|spa|1
|
|t:|1760349236
|switch|p1a: Corviknight|Corviknight, M|100/100|[from] Parting Shot
|move|p2a: Sinistcha|Calm Mind|p2a: Sinistcha
|-boost|p2a: Sinistcha|spa|1
|-boost|p2a: Sinistcha|spd|1
|
|-sideend|p2: Dakri|Reflect
|upkeep
|turn|15
|
|t:|1760349250
|move|p2a: Sinistcha|Shadow Ball|p1a: Corviknight
|-damage|p1a: Corviknight|60/100
|move|p1a: Corviknight|Body Press|p2a: Sinistcha
|-supereffective|p2a: Sinistcha
|-damage|p2a: Sinistcha|55/100
|
|-heal|p2a: Sinistcha|61/100|[from] item: Leftovers
|-heal|p1a: Corviknight|66/100|[from] item: Leftovers
|upkeep
|turn|16
|
|t:|1760349262
|move|p2a: Sinistcha|Protect|p2a: Sinistcha
|-singleturn|p2a: Sinistcha|Protect
|move|p1a: Corviknight|Body Press|p2a: Sinistcha
|-activate|p2a: Sinistcha|move: Protect
|
|-heal|p2a: Sinistcha|67/100|[from] item: Leftovers
|-heal|p1a: Corviknight|72/100|[from] item: Leftovers
|upkeep
|turn|17
|
|t:|1760349290
|move|p2a: Sinistcha|Matcha Gotcha|p1a: Corviknight
|-resisted|p1a: Corviknight
|-crit|p1a: Corviknight
|-damage|p1a: Corviknight|56/100
|-heal|p2a: Sinistcha|75/100|[from] drain|[of] p1a: Corviknight
|move|p1a: Corviknight|Body Press|p2a: Sinistcha
|-supereffective|p2a: Sinistcha
|-damage|p2a: Sinistcha|32/100
|
|-heal|p2a: Sinistcha|38/100|[from] item: Leftovers
|-heal|p1a: Corviknight|62/100|[from] item: Leftovers
|upkeep
|turn|18
|
|t:|1760349302
|switch|p1a: Iron Valiant|Iron Valiant|100/100
|-enditem|p1a: Iron Valiant|Booster Energy
|-activate|p1a: Iron Valiant|ability: Quark Drive|[fromitem]
|-start|p1a: Iron Valiant|quarkdrivespe
|move|p2a: Sinistcha|Protect||[still]
|-fail|p2a: Sinistcha
|
|-heal|p2a: Sinistcha|44/100|[from] item: Leftovers
|upkeep
|turn|19
|
|t:|1760349314
|switch|p2a: Corviknight|Corviknight, M, shiny|40/100
|move|p1a: Iron Valiant|Close Combat|p2a: Corviknight
|-damage|p2a: Corviknight|0 fnt
|-unboost|p1a: Iron Valiant|def|1
|-unboost|p1a: Iron Valiant|spd|1
|faint|p2a: Corviknight
|
|upkeep
|inactive|Dakri has 120 seconds left.
|
|t:|1760349327
|switch|p2a: Lycanroc|Lycanroc-Midnight, M, shiny|100/100
|turn|20
|
|t:|1760349333
|-end|p1a: Iron Valiant|Quark Drive|[silent]
|switch|p1a: Corviknight|Corviknight, M|62/100
|move|p2a: Lycanroc|Counter||[still]
|-fail|p2a: Lycanroc
|
|-heal|p1a: Corviknight|68/100|[from] item: Leftovers
|upkeep
|turn|21
|
|t:|1760349344
|move|p2a: Lycanroc|Fire Punch|p1a: Corviknight
|-supereffective|p1a: Corviknight
|-damage|p1a: Corviknight|33/100
|-status|p1a: Corviknight|brn
|move|p1a: Corviknight|Roost|p1a: Corviknight
|-heal|p1a: Corviknight|83/100 brn
|-singleturn|p1a: Corviknight|move: Roost
|
|-heal|p1a: Corviknight|90/100 brn|[from] item: Leftovers
|-damage|p1a: Corviknight|83/100 brn|[from] brn
|upkeep
|turn|22
|
|t:|1760349355
|move|p2a: Lycanroc|Fire Punch|p1a: Corviknight
|-supereffective|p1a: Corviknight
|-damage|p1a: Corviknight|48/100 brn
|move|p1a: Corviknight|U-turn|p2a: Lycanroc
|-damage|p2a: Lycanroc|92/100
|
|t:|1760349363
|switch|p1a: Iron Valiant|Iron Valiant|100/100|[from] U-turn
|
|upkeep
|turn|23
|
|t:|1760349371
|move|p1a: Iron Valiant|Swords Dance|p1a: Iron Valiant
|-boost|p1a: Iron Valiant|atk|2
|move|p2a: Lycanroc|Counter||[still]
|-fail|p2a: Lycanroc
|
|upkeep
|turn|24
|
|t:|1760349377
|move|p1a: Iron Valiant|Close Combat|p2a: Lycanroc
|-supereffective|p2a: Lycanroc
|-damage|p2a: Lycanroc|0 fnt
|-unboost|p1a: Iron Valiant|def|1
|-unboost|p1a: Iron Valiant|spd|1
|faint|p2a: Lycanroc
|
|upkeep
|
|t:|1760349382
|switch|p2a: Toxtricity|Toxtricity, M|56/100
|turn|25
|
|t:|1760349385
|move|p1a: Iron Valiant|Knock Off|p2a: Toxtricity
|-damage|p2a: Toxtricity|0 fnt
|-enditem|p2a: Toxtricity|Life Orb|[from] move: Knock Off|[of] p1a: Iron Valiant
|faint|p2a: Toxtricity
|
|upkeep
|
|t:|1760349386
|switch|p2a: Sinistcha|Sinistcha, tera:Steel|44/100
|turn|26
|-message|Dakri forfeited.
|
|win|bengals13
|raw|bengals13's rating: 1168 &rarr; <strong>1189</strong><br />(+21 for winning)
|raw|Dakri's rating: 1112 &rarr; <strong>1091</strong><br />(-21 for losing)
|l|☆Dakri
|player|p2|
|l|☆bengals13
|player|p1|
