|j|☆hylo pump
|j|☆teto mono
|t:|1760356699
|gametype|singles
|player|p1|hylo pump|ingo|1240
|player|p2|teto mono|lady-gen4|1292
|gen|9
|tier|[Gen 9] OU
|rated|
|rule|HP Percentage Mod: HP is shown in percentages
|rule|Endless Battle Clause: Forcing endless battles is banned
|rule|Species Clause: Limit one of each Pokémon
|rule|OHKO Clause: OHKO moves are banned
|rule|Evasion Items Clause: Evasion items are banned
|rule|Evasion Moves Clause: Evasion moves are banned
|rule|Evasion Abilities Clause: Evasion abilities are banned
|rule|Sleep Moves Clause: Sleep-inducing moves are banned
|clearpoke
|poke|p1|Great Tusk|
|poke|p1|Kingambit, F|
|poke|p1|Samurott-Hisui, F|
|poke|p1|Gholdengo|
|poke|p1|Ogerpon-Wellspring, F|
|poke|p1|Ursaluna, F|
|poke|p2|Clefable, M|
|poke|p2|Landorus-Therian, M|
|poke|p2|Ogerpon-Wellspring, F|
|poke|p2|Gholdengo|
|poke|p2|Dragonite, M|
|poke|p2|Morpeko, F|
|teampreview
|inactive|Battle timer is ON: inactive players will automatically lose when time's up. (requested by hylo pump)
|inactive|teto mono also wants the timer to be on.
|
|t:|1760356721
|teamsize|p1|6
|teamsize|p2|6
|start
|switch|p1a: Cut|Samurott-Hisui, F|100/100
|switch|p2a: Morpeko|Morpeko, F|100/100
|turn|1
|
|t:|1760356737
|switch|p1a: Bear|Ursaluna, F|100/100
|move|p2a: Morpeko|Knock Off|p1a: Bear
|-damage|p1a: Bear|73/100
|-enditem|p1a: Bear|Flame Orb|[from] move: Knock Off|[of] p2a: Morpeko
|
|-formechange|p2a: Morpeko|Morpeko-Hangry||[from] ability: Hunger Switch
|upkeep
|turn|2
|
|t:|1760356752
|move|p2a: Morpeko|Parting Shot|p1a: Bear
|-unboost|p1a: Bear|atk|1
|-unboost|p1a: Bear|spa|1
|
|t:|1760356756
|switch|p2a: Landorus|Landorus-Therian, M|100/100|[from] Parting Shot
|-ability|p2a: Landorus|Intimidate|boost
|-unboost|p1a: Bear|atk|1
|move|p1a: Bear|Play Rough|p2a: Landorus|[miss]
|-miss|p1a: Bear|p2a: Landorus
|
|upkeep
|turn|3
|
|t:|1760356776
|move|p2a: Landorus|U-turn|p1a: Bear
|-damage|p1a: Bear|54/100
|
|t:|1760356783
|switch|p2a: Morpeko|Morpeko, F|100/100|[from] U-turn
|move|p1a: Bear|Facade|p2a: Morpeko
|-damage|p2a: Morpeko|56/100
|
|-formechange|p2a: Morpeko|Morpeko-Hangry||[from] ability: Hunger Switch
|upkeep
|turn|4
|l|☆teto mono
|inactive|teto mono disconnected and has a minute to reconnect!
|player|p2|
|j|☆teto mono
|inactive|teto mono reconnected and has 120 seconds left.
|player|p2|teto mono|lady-gen4|
|
|t:|1760356818
|move|p2a: Morpeko|Parting Shot|p1a: Bear
|-unboost|p1a: Bear|atk|1
|-unboost|p1a: Bear|spa|1
|
|t:|1760356820
|switch|p2a: Landorus|Landorus-Therian, M|100/100|[from] Parting Shot
|-ability|p2a: Landorus|Intimidate|boost
|-unboost|p1a: Bear|atk|1
|move|p1a: Bear|Play Rough|p2a: Landorus
|-damage|p2a: Landorus|87/100
|-damage|p1a: Bear|37/100|[from] item: Rocky Helmet|[of] p2a: Landorus
|
|upkeep
|turn|5
|inactive|teto mono has 120 seconds left.
|
|t:|1760356836
|move|p2a: Landorus|Stealth Rock|p1a: Bear
|-sidestart|p1: hylo pump|move: Stealth Rock
|move|p1a: Bear|Earthquake|p2a: Landorus
|-immune|p2a: Landorus
|
|upkeep
|turn|6
|
|t:|1760356840
|move|p2a: Landorus|Earthquake|p1a: Bear
|-damage|p1a: Bear|0 fnt
|faint|p1a: Bear
|
|upkeep
|
|t:|1760356843
|switch|p1a: Tusk|Great Tusk|100/100
|-damage|p1a: Tusk|98/100|[from] Stealth Rock
|turn|7
|
|t:|1760356857
|move|p2a: Landorus|U-turn|p1a: Tusk
|-resisted|p1a: Tusk
|-damage|p1a: Tusk|88/100
|
|t:|1760356859
|switch|p2a: Morpeko|Morpeko, F|56/100|[from] U-turn
|move|p1a: Tusk|Rapid Spin|p2a: Morpeko
|-damage|p2a: Morpeko|13/100
|-boost|p1a: Tusk|spe|1
|-sideend|p1: hylo pump|Stealth Rock|[from] move: Rapid Spin|[of] p1a: Tusk
|-damage|p1a: Tusk|78/100|[from] item: Life Orb
|
|-formechange|p2a: Morpeko|Morpeko-Hangry||[from] ability: Hunger Switch
|upkeep
|turn|8
|
|t:|1760356866
|move|p1a: Tusk|Ice Spinner|p2a: Morpeko
|-damage|p2a: Morpeko|0 fnt
|faint|p2a: Morpeko
|-damage|p1a: Tusk|68/100|[from] item: Life Orb
|
|upkeep
|
|t:|1760356877
|switch|p2a: Gholdengo|Gholdengo|100/100
|-item|p2a: Gholdengo|Air Balloon
|turn|9
|c|☆hylo pump|Wasnt gholdengo free??? Blocks my spin
|
|t:|1760356890
|move|p1a: Tusk|Ice Spinner|p2a: Gholdengo
|-resisted|p2a: Gholdengo
|-damage|p2a: Gholdengo|83/100
|-enditem|p2a: Gholdengo|Air Balloon
|-damage|p1a: Tusk|58/100|[from] item: Life Orb
|move|p2a: Gholdengo|Shadow Ball|p1a: Tusk
|-damage|p1a: Tusk|0 fnt
|faint|p1a: Tusk
|-end|p1a: Tusk|Protosynthesis|[silent]
|
|upkeep
|
|t:|1760356896
|switch|p1a: Cut|Samurott-Hisui, F|100/100
|turn|10
|
|t:|1760356905
|switch|p2a: Landorus|Landorus-Therian, M|87/100
|-ability|p2a: Landorus|Intimidate|boost
|-unboost|p1a: Cut|atk|1
|move|p1a: Cut|Ceaseless Edge|p2a: Landorus
|-damage|p2a: Landorus|38/100
|-damage|p1a: Cut|84/100|[from] item: Rocky Helmet|[of] p2a: Landorus
|-sidestart|p2: teto mono|Spikes
|-damage|p1a: Cut|74/100|[from] item: Life Orb
|
|upkeep
|turn|11
|
|t:|1760356929
|switch|p2a: Clefable|Clefable, M|100/100
|-damage|p2a: Clefable|88/100|[from] Spikes
|move|p1a: Cut|Ceaseless Edge|p2a: Clefable
|-resisted|p2a: Clefable
|-damage|p2a: Clefable|56/100
|-sidestart|p2: teto mono|Spikes
|-damage|p1a: Cut|64/100|[from] item: Life Orb
|
|-heal|p2a: Clefable|62/100|[from] item: Leftovers
|upkeep
|turn|12
|
|t:|1760356943
|move|p1a: Cut|Aqua Cutter|p2a: Clefable
|-damage|p2a: Clefable|0 fnt
|faint|p2a: Clefable
|-damage|p1a: Cut|54/100|[from] item: Life Orb
|
|upkeep
|
|t:|1760356961
|switch|p2a: Dragonite|Dragonite, M|100/100
|turn|13
|
|t:|1760356968
|move|p1a: Cut|Ceaseless Edge|p2a: Dragonite
|-damage|p2a: Dragonite|80/100
|-sidestart|p2: teto mono|Spikes
|-damage|p1a: Cut|44/100|[from] item: Life Orb
|move|p2a: Dragonite|Dragon Dance|p2a: Dragonite
|-boost|p2a: Dragonite|atk|1
|-boost|p2a: Dragonite|spe|1
|
|upkeep
|turn|14
|
|t:|1760356976
|move|p2a: Dragonite|Scale Shot|p1a: Cut
|-damage|p1a: Cut|15/100
|-damage|p1a: Cut|0 fnt
|faint|p1a: Cut
|-hitcount|p1: Cut|2
|-unboost|p2a: Dragonite|def|1
|-boost|p2a: Dragonite|spe|1
|
|upkeep
|
|t:|1760356993
|switch|p1a: The House|Kingambit, F, shiny|100/100
|-activate|p1a: The House|ability: Supreme Overlord
|-start|p1a: The House|fallen3|[silent]
|turn|15
|
|t:|1760357002
|move|p1a: The House|Sucker Punch|p2a: Dragonite
|-damage|p2a: Dragonite|0 fnt
|faint|p2a: Dragonite
|-damage|p1a: The House|91/100|[from] item: Life Orb
|
|upkeep
|
|t:|1760357009
|switch|p2a: Landorus|Landorus-Therian, M|38/100
|-ability|p2a: Landorus|Intimidate|boost
|-unboost|p1a: The House|atk|1
|turn|16
|
|t:|1760357016
|switch|p2a: Gholdengo|Gholdengo|83/100
|-damage|p2a: Gholdengo|58/100|[from] Spikes
|move|p1a: The House|Sucker Punch||[still]
|-fail|p1a: The House
|
|upkeep
|turn|17
|
|t:|1760357023
|switch|p2a: Landorus|Landorus-Therian, M|38/100
|-ability|p2a: Landorus|Intimidate|boost
|-unboost|p1a: The House|atk|1
|move|p1a: The House|Sucker Punch||[still]
|-fail|p1a: The House
|
|upkeep
|turn|18
|
|t:|1760357028
|move|p2a: Landorus|Earthquake|p1a: The House
|-supereffective|p1a: The House
|-damage|p1a: The House|9/100
|move|p1a: The House|Kowtow Cleave|p2a: Landorus
|-damage|p2a: Landorus|0 fnt
|-damage|p1a: The House|0 fnt|[from] item: Rocky Helmet|[of] p2a: Landorus
|faint|p2a: Landorus
|faint|p1a: The House
|-end|p1a: The House|fallen3|[silent]
|
|upkeep
|c|☆hylo pump|Mirror match
|
|t:|1760357049
|switch|p2a: Gholdengo|Gholdengo|58/100
|switch|p1a: MONEY MONEY MONEY|Gholdengo, shiny|100/100
|-damage|p2a: Gholdengo|34/100|[from] Spikes
|turn|19
|inactive|teto mono has 120 seconds left.
|
|t:|1760357089
|-terastallize|p2a: Gholdengo|Flying
|move|p1a: MONEY MONEY MONEY|Shadow Ball|p2a: Gholdengo
|-damage|p2a: Gholdengo|0 fnt
|faint|p2a: Gholdengo
|
|upkeep
|
|t:|1760357094
|switch|p2a: Ogerpon|Ogerpon-Wellspring, F|100/100
|-damage|p2a: Ogerpon|76/100|[from] Spikes
|turn|20
|
|t:|1760357107
|move|p1a: MONEY MONEY MONEY|Shadow Ball|p2a: Ogerpon
|-damage|p2a: Ogerpon|24/100
|move|p2a: Ogerpon|Ivy Cudgel|p1a: MONEY MONEY MONEY|[anim] Ivy Cudgel Water
|-damage|p1a: MONEY MONEY MONEY|35/100
|
|upkeep
|turn|21
|
|t:|1760357111
|move|p1a: MONEY MONEY MONEY|Shadow Ball|p2a: Ogerpon
|-damage|p2a: Ogerpon|0 fnt
|faint|p2a: Ogerpon
|
|win|hylo pump
|raw|hylo pump's rating: 1240 &rarr; <strong>1269</strong><br />(+29 for winning)
|raw|teto mono's rating: 1292 &rarr; <strong>1263</strong><br />(-29 for losing)
|l|☆hylo pump
|player|p1|
|c|☆teto mono|GG
|l|☆teto mono
|player|p2|
