|j|☆michaelgoalise
|j|☆clodsirebiggestfan
|t:|1760447094
|gametype|singles
|player|p1|michaelgoalise|169|1702
|player|p2|clodsirebiggestfan|miku-ghost|1723
|gen|9
|tier|[Gen 9] OU
|rated|
|rule|HP Percentage Mod: HP is shown in percentages
|rule|Endless Battle Clause: Forcing endless battles is banned
|rule|Species Clause: Limit one of each Pokémon
|rule|OHKO Clause: OHKO moves are banned
|rule|Evasion Items Clause: Evasion items are banned
|rule|Evasion Moves Clause: Evasion moves are banned
|rule|Evasion Abilities Clause: Evasion abilities are banned
|rule|Sleep Moves Clause: Sleep-inducing moves are banned
|clearpoke
|poke|p1|Iron Thorns|
|poke|p1|Pecharunt|
|poke|p1|Samurott-Hisui, M|
|poke|p1|Hatterene, F|
|poke|p1|Enamorus, F|
|poke|p1|Great Tusk|
|poke|p2|Kingambit, M|
|poke|p2|Clodsire, M|
|poke|p2|Zamazenta-*|
|poke|p2|Weezing-Galar, M|
|poke|p2|Ogerpon, F|
|poke|p2|Raging Bolt|
|teampreview
|inactive|Battle timer is ON: inactive players will automatically lose when time's up. (requested by michaelgoalise)
|inactive|michaelgoalise has 120 seconds left.
|inactive|clodsirebiggestfan has 120 seconds left.
|inactive|michaelgoalise has 90 seconds left.
|inactive|clodsirebiggestfan has 90 seconds left.
|
|t:|1760447175
|teamsize|p1|6
|teamsize|p2|6
|start
|switch|p1a: Pecharunt|Pecharunt|100/100
|switch|p2a: Ogerpon|Ogerpon, F|100/100
|turn|1
|
|t:|1760447183
|switch|p2a: Clodsire|Clodsire, M|100/100
|move|p1a: Pecharunt|Malignant Chain|p2a: Clodsire
|-resisted|p2a: Clodsire
|-damage|p2a: Clodsire|95/100
|
|upkeep
|turn|2
|c|☆clodsirebiggestfan|imagine if i tried to boost
|
|t:|1760447207
|switch|p1a: Samurott|Samurott-Hisui, M|100/100
|move|p2a: Clodsire|Stealth Rock|p1a: Samurott
|-sidestart|p1: michaelgoalise|move: Stealth Rock
|
|upkeep
|turn|3
|
|t:|1760447222
|move|p1a: Samurott|Ceaseless Edge|p2a: Clodsire
|-damage|p2a: Clodsire|46/100
|-sidestart|p2: clodsirebiggestfan|Spikes
|move|p2a: Clodsire|Toxic|p1a: Samurott
|-status|p1a: Samurott|tox
|
|-damage|p1a: Samurott|94/100 tox|[from] psn
|upkeep
|turn|4
|
|t:|1760447237
|switch|p2a: Weezing|Weezing-Galar, M|100/100
|move|p1a: Samurott|Knock Off|p2a: Weezing
|-resisted|p2a: Weezing
|-damage|p2a: Weezing|87/100
|-enditem|p2a: Weezing|Leftovers|[from] move: Knock Off|[of] p1a: Samurott
|
|-damage|p1a: Samurott|82/100 tox|[from] psn
|upkeep
|turn|5
|inactive|clodsirebiggestfan has 120 seconds left.
|
|t:|1760447268
|switch|p1a: Pecharunt|Pecharunt|100/100
|move|p2a: Weezing|Flamethrower|p1a: Pecharunt
|-damage|p1a: Pecharunt|78/100
|
|upkeep
|turn|6
|
|t:|1760447281
|move|p1a: Pecharunt|Malignant Chain|p2a: Weezing
|-damage|p2a: Weezing|33/100
|move|p2a: Weezing|Will-O-Wisp|p1a: Pecharunt
|-status|p1a: Pecharunt|brn
|
|-damage|p1a: Pecharunt|72/100 brn|[from] brn
|upkeep
|turn|7
|
|t:|1760447296
|switch|p2a: Clodsire|Clodsire, M|46/100
|move|p1a: Pecharunt|Parting Shot|p2a: Clodsire
|-unboost|p2a: Clodsire|atk|1
|-unboost|p2a: Clodsire|spa|1
|
|t:|1760447301
|switch|p1a: Samurott|Samurott-Hisui, M|82/100 tox|[from] Parting Shot
|-damage|p1a: Samurott|69/100 tox|[from] Stealth Rock
|
|-damage|p1a: Samurott|63/100 tox|[from] psn
|upkeep
|turn|8
|
|t:|1760447304
|switch|p2a: Weezing|Weezing-Galar, M|33/100
|move|p1a: Samurott|Ceaseless Edge|p2a: Weezing
|-resisted|p2a: Weezing
|-damage|p2a: Weezing|17/100
|-sidestart|p2: clodsirebiggestfan|Spikes
|
|-damage|p1a: Samurott|51/100 tox|[from] psn
|upkeep
|turn|9
|
|t:|1760447311
|move|p1a: Samurott|Razor Shell|p2a: Weezing
|-damage|p2a: Weezing|0 fnt
|faint|p2a: Weezing
|
|-damage|p1a: Samurott|32/100 tox|[from] psn
|upkeep
|
|t:|1760447327
|switch|p2a: Ogerpon|Ogerpon, F|100/100
|-damage|p2a: Ogerpon|84/100|[from] Spikes
|turn|10
|
|t:|1760447347
|move|p2a: Ogerpon|U-turn|p1a: Samurott
|-supereffective|p1a: Samurott
|-crit|p1a: Samurott
|-damage|p1a: Samurott|0 fnt
|faint|p1a: Samurott
|
|t:|1760447353
|switch|p2a: Clodsire|Clodsire, M|46/100|[from] U-turn
|
|upkeep
|
|t:|1760447363
|switch|p1a: Hatterene|Hatterene, F|100/100
|-damage|p1a: Hatterene|88/100|[from] Stealth Rock
|turn|11
|
|t:|1760447370
|switch|p2a: Kingambit|Kingambit, M|100/100
|-damage|p2a: Kingambit|84/100|[from] Spikes
|-activate|p2a: Kingambit|ability: Supreme Overlord
|-start|p2a: Kingambit|fallen1|[silent]
|move|p1a: Hatterene|Psychic Noise|p2a: Kingambit
|-immune|p2a: Kingambit
|
|-heal|p2a: Kingambit|90/100|[from] item: Leftovers
|upkeep
|turn|12
|
|t:|1760447378
|switch|p1a: Pecharunt|Pecharunt|72/100 brn
|move|p2a: Kingambit|Iron Head|p1a: Pecharunt
|-damage|p1a: Pecharunt|36/100 brn
|
|-heal|p2a: Kingambit|96/100|[from] item: Leftovers
|-damage|p1a: Pecharunt|30/100 brn|[from] brn
|upkeep
|turn|13
|
|t:|1760447393
|move|p1a: Pecharunt|Destiny Bond|p1a: Pecharunt
|-singlemove|p1a: Pecharunt|Destiny Bond
|move|p2a: Kingambit|Swords Dance|p2a: Kingambit
|-boost|p2a: Kingambit|atk|2
|
|-heal|p2a: Kingambit|100/100|[from] item: Leftovers
|-damage|p1a: Pecharunt|24/100 brn|[from] brn
|upkeep
|turn|14
|c|☆clodsirebiggestfan|wow
|c|☆clodsirebiggestfan|thats scary lol
|
|t:|1760447405
|move|p1a: Pecharunt|Parting Shot|p2a: Kingambit
|-unboost|p2a: Kingambit|atk|1
|-unboost|p2a: Kingambit|spa|1
|
|t:|1760447408
|switch|p1a: Great Tusk|Great Tusk|100/100|[from] Parting Shot
|-damage|p1a: Great Tusk|97/100|[from] Stealth Rock
|-enditem|p1a: Great Tusk|Booster Energy
|-activate|p1a: Great Tusk|ability: Protosynthesis|[fromitem]
|-start|p1a: Great Tusk|protosynthesisspe
|move|p2a: Kingambit|Iron Head|p1a: Great Tusk
|-damage|p1a: Great Tusk|56/100
|
|upkeep
|turn|15
|
|t:|1760447419
|move|p1a: Great Tusk|Rapid Spin|p2a: Kingambit
|-resisted|p2a: Kingambit
|-damage|p2a: Kingambit|96/100
|-boost|p1a: Great Tusk|spe|1
|-sideend|p1: michaelgoalise|Stealth Rock|[from] move: Rapid Spin|[of] p1a: Great Tusk
|move|p2a: Kingambit|Iron Head|p1a: Great Tusk
|-damage|p1a: Great Tusk|13/100
|
|-heal|p2a: Kingambit|100/100|[from] item: Leftovers
|upkeep
|turn|16
|
|t:|1760447425
|move|p2a: Kingambit|Sucker Punch|p1a: Great Tusk
|-resisted|p1a: Great Tusk
|-damage|p1a: Great Tusk|0 fnt
|faint|p1a: Great Tusk
|-end|p1a: Great Tusk|Protosynthesis|[silent]
|
|upkeep
|
|t:|1760447433
|switch|p1a: Iron Thorns|Iron Thorns|100/100
|-enditem|p1a: Iron Thorns|Booster Energy
|-activate|p1a: Iron Thorns|ability: Quark Drive|[fromitem]
|-start|p1a: Iron Thorns|quarkdriveatk
|turn|17
|
|t:|1760447438
|move|p1a: Iron Thorns|Earthquake|p2a: Kingambit
|-supereffective|p2a: Kingambit
|-damage|p2a: Kingambit|45/100
|move|p2a: Kingambit|Iron Head|p1a: Iron Thorns
|-damage|p1a: Iron Thorns|45/100
|
|-heal|p2a: Kingambit|52/100|[from] item: Leftovers
|upkeep
|turn|18
|
|t:|1760447446
|move|p1a: Iron Thorns|Earthquake|p2a: Kingambit
|-supereffective|p2a: Kingambit
|-damage|p2a: Kingambit|0 fnt
|faint|p2a: Kingambit
|-end|p2a: Kingambit|fallen1|[silent]
|
|upkeep
|
|t:|1760447464
|switch|p2a: Zamazenta|Zamazenta|100/100
|-damage|p2a: Zamazenta|84/100|[from] Spikes
|-ability|p2a: Zamazenta|Dauntless Shield|boost
|-boost|p2a: Zamazenta|def|1
|turn|19
|inactive|michaelgoalise has 120 seconds left.
|
|t:|1760447499
|-end|p1a: Iron Thorns|Quark Drive|[silent]
|switch|p1a: Pecharunt|Pecharunt|24/100 brn
|move|p2a: Zamazenta|Body Press|p1a: Pecharunt
|-immune|p1a: Pecharunt
|
|-heal|p2a: Zamazenta|90/100|[from] item: Leftovers
|-damage|p1a: Pecharunt|18/100 brn|[from] brn
|upkeep
|turn|20
|
|t:|1760447505
|move|p2a: Zamazenta|Crunch|p1a: Pecharunt
|-supereffective|p1a: Pecharunt
|-damage|p1a: Pecharunt|0 fnt
|faint|p1a: Pecharunt
|
|-heal|p2a: Zamazenta|96/100|[from] item: Leftovers
|upkeep
|
|t:|1760447509
|switch|p1a: Hatterene|Hatterene, F|88/100
|turn|21
|
|t:|1760447515
|switch|p2a: Clodsire|Clodsire, M|46/100
|move|p1a: Hatterene|Psychic Noise|p2a: Clodsire
|-supereffective|p2a: Clodsire
|-damage|p2a: Clodsire|7/100
|-start|p2a: Clodsire|move: Heal Block
|
|upkeep
|turn|22
|
|t:|1760447529
|move|p1a: Hatterene|Mystical Fire|p2a: Clodsire
|-damage|p2a: Clodsire|0 fnt
|faint|p2a: Clodsire
|
|upkeep
|
|t:|1760447537
|switch|p2a: Raging Bolt|Raging Bolt|100/100
|-damage|p2a: Raging Bolt|84/100|[from] Spikes
|turn|23
|
|t:|1760447542
|move|p2a: Raging Bolt|Thunderbolt|p1a: Hatterene
|-damage|p1a: Hatterene|62/100
|move|p1a: Hatterene|Mystical Fire|p2a: Raging Bolt
|-resisted|p2a: Raging Bolt
|-damage|p2a: Raging Bolt|73/100
|-unboost|p2a: Raging Bolt|spa|1
|
|-heal|p2a: Raging Bolt|79/100|[from] item: Leftovers
|upkeep
|turn|24
|
|t:|1760447547
|move|p2a: Raging Bolt|Thunderbolt|p1a: Hatterene
|-damage|p1a: Hatterene|45/100
|move|p1a: Hatterene|Draining Kiss|p2a: Raging Bolt
|-supereffective|p2a: Raging Bolt
|-damage|p2a: Raging Bolt|38/100
|-heal|p1a: Hatterene|89/100|[from] drain|[of] p2a: Raging Bolt
|
|-heal|p2a: Raging Bolt|44/100|[from] item: Leftovers
|upkeep
|turn|25
|
|t:|1760447555
|move|p2a: Raging Bolt|Calm Mind|p2a: Raging Bolt
|-boost|p2a: Raging Bolt|spa|1
|-boost|p2a: Raging Bolt|spd|1
|move|p1a: Hatterene|Draining Kiss|p2a: Raging Bolt
|-supereffective|p2a: Raging Bolt
|-damage|p2a: Raging Bolt|17/100
|-heal|p1a: Hatterene|100/100|[from] drain|[of] p2a: Raging Bolt
|
|-heal|p2a: Raging Bolt|24/100|[from] item: Leftovers
|upkeep
|turn|26
|
|t:|1760447562
|move|p2a: Raging Bolt|Thunderbolt|p1a: Hatterene
|-damage|p1a: Hatterene|77/100
|move|p1a: Hatterene|Mystical Fire|p2a: Raging Bolt
|-resisted|p2a: Raging Bolt
|-damage|p2a: Raging Bolt|16/100
|-unboost|p2a: Raging Bolt|spa|1
|
|-heal|p2a: Raging Bolt|23/100|[from] item: Leftovers
|upkeep
|turn|27
|
|t:|1760447566
|move|p2a: Raging Bolt|Thunderbolt|p1a: Hatterene
|-damage|p1a: Hatterene|61/100
|move|p1a: Hatterene|Draining Kiss|p2a: Raging Bolt
|-supereffective|p2a: Raging Bolt
|-damage|p2a: Raging Bolt|0 fnt
|-heal|p1a: Hatterene|84/100|[from] drain|[of] p2a: Raging Bolt
|faint|p2a: Raging Bolt
|-end|p2a: Raging Bolt|Protosynthesis|[silent]
|
|upkeep
|
|t:|1760447570
|switch|p2a: Ogerpon|Ogerpon, F|84/100
|-damage|p2a: Ogerpon|67/100|[from] Spikes
|turn|28
|
|t:|1760447574
|switch|p1a: Iron Thorns|Iron Thorns|45/100
|-terastallize|p2a: Ogerpon|Grass
|detailschange|p2a: Ogerpon|Ogerpon-Teal-Tera, F, tera:Grass
|-ability|p2a: Ogerpon|Embody Aspect (Teal)|boost
|-boost|p2a: Ogerpon|spe|1
|move|p2a: Ogerpon|Ivy Cudgel|p1a: Iron Thorns
|-supereffective|p1a: Iron Thorns
|-damage|p1a: Iron Thorns|0 fnt
|faint|p1a: Iron Thorns
|-end|p1a: Iron Thorns|Quark Drive|[silent]
|
|upkeep
|c|☆clodsirebiggestfan|wp
|c|☆clodsirebiggestfan|i didnt see that ngl
|
|t:|1760447596
|switch|p1a: Enamorus|Enamorus, F|100/100
|turn|29
|
|t:|1760447603
|-terastallize|p1a: Enamorus|Stellar
|move|p2a: Ogerpon|Ivy Cudgel|p1a: Enamorus
|-resisted|p1a: Enamorus
|-damage|p1a: Enamorus|23/100
|move|p1a: Enamorus|Tera Blast|p2a: Ogerpon|[anim] Tera Blast Stellar
|-supereffective|p2a: Ogerpon
|-damage|p2a: Ogerpon|0 fnt
|-boost|p1a: Enamorus|atk|1
|-boost|p1a: Enamorus|spa|1
|faint|p2a: Ogerpon
|detailschange|p2: Ogerpon|Ogerpon, F|[silent]
|
|upkeep
|
|t:|1760447607
|switch|p2a: Zamazenta|Zamazenta|96/100
|-damage|p2a: Zamazenta|80/100|[from] Spikes
|turn|30
|c|☆clodsirebiggestfan|wp man
|
|t:|1760447614
|move|p1a: Enamorus|Tera Blast|p2a: Zamazenta|[anim] Tera Blast Stellar
|-damage|p2a: Zamazenta|40/100
|-boost|p1a: Enamorus|atk|1
|-boost|p1a: Enamorus|spa|1
|move|p2a: Zamazenta|Body Press|p1a: Enamorus
|-resisted|p1a: Enamorus
|-damage|p1a: Enamorus|10/100
|
|-heal|p2a: Zamazenta|46/100|[from] item: Leftovers
|upkeep
|turn|31
|-message|clodsirebiggestfan forfeited.
|
|win|michaelgoalise
|raw|michaelgoalise's rating: 1702 &rarr; <strong>1723</strong><br />(+21 for winning)
|raw|clodsirebiggestfan's rating: 1723 &rarr; <strong>1702</strong><br />(-21 for losing)
|l|☆clodsirebiggestfan
|player|p2|
|l|☆michaelgoalise
|player|p1|
