|j|☆Izzy'sWife
|j|☆tars0
|t:|1760323621
|gametype|singles
|player|p1|Izzy'sWife|266|1331
|player|p2|tars0|rocketgrunt|1322
|gen|9
|tier|[Gen 9] OU
|rated|
|rule|HP Percentage Mod: HP is shown in percentages
|rule|Endless Battle Clause: Forcing endless battles is banned
|rule|Species Clause: Limit one of each Pokémon
|rule|OHKO Clause: OHKO moves are banned
|rule|Evasion Items Clause: Evasion items are banned
|rule|Evasion Moves Clause: Evasion moves are banned
|rule|Evasion Abilities Clause: Evasion abilities are banned
|rule|Sleep Moves Clause: Sleep-inducing moves are banned
|clearpoke
|poke|p1|Alomomola, M|
|poke|p1|Dragalge, F|
|poke|p1|Lokix, F|
|poke|p1|Great Tusk|
|poke|p1|Gholdengo|
|poke|p1|Moltres|
|poke|p2|Great Tusk|
|poke|p2|Kingambit, M|
|poke|p2|Raging Bolt|
|poke|p2|Walking Wake|
|poke|p2|Ninetales, F|
|poke|p2|Ceruledge, F|
|teampreview
|inactive|Battle timer is ON: inactive players will automatically lose when time's up. (requested by tars0)
|inactive|Izzy'sWife has 120 seconds left.
|
|t:|1760323664
|teamsize|p1|6
|teamsize|p2|6
|start
|switch|p1a: Lokix|Lokix, F|100/100
|switch|p2a: Glow|Ninetales, F|100/100
|-weather|SunnyDay|[from] ability: Drought|[of] p2a: Glow
|turn|1
|
|t:|1760323668
|switch|p1a: Alomomola|Alomomola, M|100/100
|move|p2a: Glow|Overheat|p1a: Alomomola
|-resisted|p1a: Alomomola
|-damage|p1a: Alomomola|79/100
|-unboost|p2a: Glow|spa|2
|
|-weather|SunnyDay|[upkeep]
|upkeep
|turn|2
|
|t:|1760323672
|switch|p2a: Where U Go|Raging Bolt|100/100
|-activate|p2a: Where U Go|ability: Protosynthesis
|-start|p2a: Where U Go|protosynthesisspa
|move|p1a: Alomomola|Flip Turn|p2a: Where U Go
|-resisted|p2a: Where U Go
|-damage|p2a: Where U Go|97/100
|
|t:|1760323678
|switch|p1a: Great Tusk|Great Tusk|100/100|[from] Flip Turn
|-activate|p1a: Great Tusk|ability: Protosynthesis
|-start|p1a: Great Tusk|protosynthesisatk
|
|-weather|SunnyDay|[upkeep]
|upkeep
|turn|3
|
|t:|1760323688
|-end|p2a: Where U Go|Protosynthesis|[silent]
|switch|p2a: Stop Breathing|Great Tusk|100/100
|-activate|p2a: Stop Breathing|ability: Protosynthesis
|-start|p2a: Stop Breathing|protosynthesisatk
|move|p1a: Great Tusk|Headlong Rush|p2a: Stop Breathing
|-damage|p2a: Stop Breathing|37/100
|-unboost|p1a: Great Tusk|def|1
|-unboost|p1a: Great Tusk|spd|1
|
|-weather|SunnyDay|[upkeep]
|upkeep
|turn|4
|
|t:|1760323701
|-end|p1a: Great Tusk|Protosynthesis|[silent]
|switch|p1a: Moltres|Moltres|100/100
|move|p2a: Stop Breathing|Headlong Rush|p1a: Moltres
|-immune|p1a: Moltres
|
|-weather|SunnyDay|[upkeep]
|upkeep
|turn|5
|
|t:|1760323706
|move|p2a: Stop Breathing|Ice Spinner|p1a: Moltres
|-damage|p1a: Moltres|60/100
|-status|p2a: Stop Breathing|brn|[from] ability: Flame Body|[of] p1a: Moltres
|move|p1a: Moltres|U-turn|p2a: Stop Breathing
|-resisted|p2a: Stop Breathing
|-damage|p2a: Stop Breathing|32/100 brn
|
|t:|1760323715
|switch|p1a: Great Tusk|Great Tusk|100/100|[from] U-turn
|-activate|p1a: Great Tusk|ability: Protosynthesis
|-start|p1a: Great Tusk|protosynthesisatk
|
|-weather|SunnyDay|[upkeep]
|-damage|p2a: Stop Breathing|26/100 brn|[from] brn
|upkeep
|turn|6
|
|t:|1760323720
|move|p1a: Great Tusk|Rapid Spin|p2a: Stop Breathing
|-damage|p2a: Stop Breathing|10/100 brn
|-boost|p1a: Great Tusk|spe|1
|move|p2a: Stop Breathing|Rapid Spin|p1a: Great Tusk
|-damage|p1a: Great Tusk|91/100
|-boost|p2a: Stop Breathing|spe|1
|
|-weather|SunnyDay|[upkeep]
|-damage|p2a: Stop Breathing|4/100 brn|[from] brn
|upkeep
|turn|7
|
|t:|1760323726
|move|p1a: Great Tusk|Rapid Spin|p2a: Stop Breathing
|-damage|p2a: Stop Breathing|0 fnt
|-boost|p1a: Great Tusk|spe|1
|faint|p2a: Stop Breathing
|-end|p2a: Stop Breathing|Protosynthesis|[silent]
|
|-weather|SunnyDay|[upkeep]
|upkeep
|
|t:|1760323731
|switch|p2a: Windhoek|Walking Wake|100/100
|-activate|p2a: Windhoek|ability: Protosynthesis
|-start|p2a: Windhoek|protosynthesisspe
|turn|8
|
|t:|1760323736
|-end|p1a: Great Tusk|Protosynthesis|[silent]
|switch|p1a: Alomomola|Alomomola, M|100/100
|move|p2a: Windhoek|Hydro Steam|p1a: Alomomola
|-resisted|p1a: Alomomola
|-damage|p1a: Alomomola|82/100
|
|-weather|none
|-end|p2a: Windhoek|Protosynthesis
|upkeep
|turn|9
|
|t:|1760323741
|-end|p2a: Windhoek|Protosynthesis|[silent]
|switch|p2a: Burning Desire|Ceruledge, F|100/100
|move|p1a: Alomomola|Flip Turn|p2a: Burning Desire
|-supereffective|p2a: Burning Desire
|-damage|p2a: Burning Desire|60/100
|-ability|p2a: Burning Desire|Weak Armor|boost
|-unboost|p2a: Burning Desire|def|1
|-boost|p2a: Burning Desire|spe|2
|
|t:|1760323751
|switch|p1a: Moltres|Moltres|60/100|[from] Flip Turn
|
|upkeep
|turn|10
|
|t:|1760323758
|move|p2a: Burning Desire|Poltergeist|p1a: Moltres
|-activate|p1a: Moltres|move: Poltergeist|Heavy-Duty Boots
|-damage|p1a: Moltres|0 fnt
|faint|p1a: Moltres
|
|upkeep
|
|t:|1760323764
|switch|p1a: Great Tusk|Great Tusk|91/100
|turn|11
|
|t:|1760323768
|move|p2a: Burning Desire|Poltergeist|p1a: Great Tusk|[miss]
|-miss|p2a: Burning Desire|p1a: Great Tusk
|move|p1a: Great Tusk|Headlong Rush|p2a: Burning Desire
|-supereffective|p2a: Burning Desire
|-damage|p2a: Burning Desire|0 fnt
|-unboost|p1a: Great Tusk|def|1
|-unboost|p1a: Great Tusk|spd|1
|faint|p2a: Burning Desire
|
|upkeep
|
|t:|1760323773
|switch|p2a: Windhoek|Walking Wake|100/100
|turn|12
|
|t:|1760323779
|-end|p1a: Great Tusk|Protosynthesis|[silent]
|switch|p1a: Alomomola|Alomomola, M|100/100
|move|p2a: Windhoek|Flip Turn|p1a: Alomomola
|-resisted|p1a: Alomomola
|-damage|p1a: Alomomola|95/100
|
|t:|1760323783
|-end|p2a: Windhoek|Protosynthesis|[silent]
|switch|p2a: Where U Go|Raging Bolt|97/100|[from] Flip Turn
|
|upkeep
|turn|13
|
|t:|1760323789
|move|p2a: Where U Go|Solar Beam||[still]
|-prepare|p2a: Where U Go|Solar Beam
|move|p1a: Alomomola|Flip Turn|p2a: Where U Go
|-resisted|p2a: Where U Go
|-damage|p2a: Where U Go|90/100
|
|t:|1760323796
|switch|p1a: Dragalge|Dragalge, F|100/100|[from] Flip Turn
|
|upkeep
|turn|14
|
|t:|1760323801
|move|p2a: Where U Go|Solar Beam|p1a: Dragalge|[from] lockedmove
|-resisted|p1a: Dragalge
|-damage|p1a: Dragalge|86/100
|-damage|p2a: Where U Go|80/100|[from] item: Life Orb
|move|p1a: Dragalge|Flip Turn|p2a: Where U Go
|-resisted|p2a: Where U Go
|-damage|p2a: Where U Go|75/100
|
|t:|1760323807
|switch|p1a: Great Tusk|Great Tusk|91/100|[from] Flip Turn
|
|upkeep
|turn|15
|
|t:|1760323816
|-end|p2a: Where U Go|Protosynthesis|[silent]
|switch|p2a: Glow|Ninetales, F|100/100
|-weather|SunnyDay|[from] ability: Drought|[of] p2a: Glow
|-activate|p1a: Great Tusk|ability: Protosynthesis
|-start|p1a: Great Tusk|protosynthesisatk
|move|p1a: Great Tusk|Headlong Rush|p2a: Glow
|-supereffective|p2a: Glow
|-crit|p2a: Glow
|-damage|p2a: Glow|0 fnt
|-unboost|p1a: Great Tusk|def|1
|-unboost|p1a: Great Tusk|spd|1
|faint|p2a: Glow
|
|-weather|SunnyDay|[upkeep]
|upkeep
|
|t:|1760323820
|switch|p2a: Windhoek|Walking Wake|100/100
|-activate|p2a: Windhoek|ability: Protosynthesis
|-start|p2a: Windhoek|protosynthesisspe
|turn|16
|
|t:|1760323837
|-end|p1a: Great Tusk|Protosynthesis|[silent]
|switch|p1a: Dragalge|Dragalge, F|86/100
|move|p2a: Windhoek|Flip Turn|p1a: Dragalge
|-resisted|p1a: Dragalge
|-damage|p1a: Dragalge|82/100
|
|t:|1760323846
|-end|p2a: Windhoek|Protosynthesis|[silent]
|switch|p2a: Where U Go|Raging Bolt|75/100|[from] Flip Turn
|-activate|p2a: Where U Go|ability: Protosynthesis
|-start|p2a: Where U Go|protosynthesisspa
|
|-weather|SunnyDay|[upkeep]
|upkeep
|turn|17
|
|t:|1760323852
|move|p2a: Where U Go|Dragon Pulse|p1a: Dragalge
|-supereffective|p1a: Dragalge
|-damage|p1a: Dragalge|0 fnt
|faint|p1a: Dragalge
|-damage|p2a: Where U Go|65/100|[from] item: Life Orb
|
|-weather|SunnyDay|[upkeep]
|upkeep
|
|t:|1760323858
|switch|p1a: Great Tusk|Great Tusk|91/100
|-activate|p1a: Great Tusk|ability: Protosynthesis
|-start|p1a: Great Tusk|protosynthesisatk
|turn|18
|
|t:|1760323865
|-terastallize|p2a: Where U Go|Flying
|move|p1a: Great Tusk|Headlong Rush|p2a: Where U Go
|-immune|p2a: Where U Go
|move|p2a: Where U Go|Solar Beam||[still]
|-prepare|p2a: Where U Go|Solar Beam
|-anim|p2a: Where U Go|Solar Beam|p1a: Great Tusk
|-supereffective|p1a: Great Tusk
|-damage|p1a: Great Tusk|0 fnt
|faint|p1a: Great Tusk
|-end|p1a: Great Tusk|Protosynthesis|[silent]
|-damage|p2a: Where U Go|55/100|[from] item: Life Orb
|
|-weather|SunnyDay|[upkeep]
|upkeep
|
|t:|1760323875
|switch|p1a: Gholdengo|Gholdengo|100/100
|turn|19
|
|t:|1760323880
|move|p1a: Gholdengo|Make It Rain|p2a: Where U Go
|-damage|p2a: Where U Go|0 fnt
|-unboost|p1a: Gholdengo|spa|1
|faint|p2a: Where U Go
|-end|p2a: Where U Go|Protosynthesis|[silent]
|
|-weather|SunnyDay|[upkeep]
|upkeep
|
|t:|1760323886
|switch|p2a: Windhoek|Walking Wake|100/100
|-activate|p2a: Windhoek|ability: Protosynthesis
|-start|p2a: Windhoek|protosynthesisspe
|turn|20
|
|t:|1760323891
|switch|p1a: Alomomola|Alomomola, M|100/100
|move|p2a: Windhoek|Weather Ball|p1a: Alomomola
|-resisted|p1a: Alomomola
|-damage|p1a: Alomomola|85/100
|
|-weather|SunnyDay|[upkeep]
|upkeep
|turn|21
|
|t:|1760323896
|move|p2a: Windhoek|Flip Turn|p1a: Alomomola
|-resisted|p1a: Alomomola
|-damage|p1a: Alomomola|83/100
|
|t:|1760323898
|-end|p2a: Windhoek|Protosynthesis|[silent]
|switch|p2a: Soon Jah Due|Kingambit, M|100/100|[from] Flip Turn
|-activate|p2a: Soon Jah Due|ability: Supreme Overlord
|-start|p2a: Soon Jah Due|fallen4|[silent]
|-item|p2a: Soon Jah Due|Air Balloon
|move|p1a: Alomomola|Body Slam|p2a: Soon Jah Due
|-resisted|p2a: Soon Jah Due
|-damage|p2a: Soon Jah Due|94/100
|-status|p2a: Soon Jah Due|par
|-enditem|p2a: Soon Jah Due|Air Balloon
|
|-weather|SunnyDay|[upkeep]
|upkeep
|turn|22
|
|t:|1760323908
|move|p1a: Alomomola|Flip Turn|p2a: Soon Jah Due
|-damage|p2a: Soon Jah Due|89/100 par
|
|t:|1760323911
|switch|p1a: Lokix|Lokix, F|100/100|[from] Flip Turn
|move|p2a: Soon Jah Due|Kowtow Cleave|p1a: Lokix
|-resisted|p1a: Lokix
|-damage|p1a: Lokix|45/100
|
|-weather|none
|upkeep
|turn|23
|
|t:|1760323919
|move|p1a: Lokix|Lunge|p2a: Soon Jah Due
|-damage|p2a: Soon Jah Due|41/100 par
|-unboost|p2a: Soon Jah Due|atk|1
|move|p2a: Soon Jah Due|Iron Head|p1a: Lokix
|-damage|p1a: Lokix|0 fnt
|faint|p1a: Lokix
|
|upkeep
|
|t:|1760323929
|switch|p1a: Gholdengo|Gholdengo|100/100
|turn|24
|
|t:|1760323934
|-end|p2a: Soon Jah Due|fallen4|[silent]
|switch|p2a: Windhoek|Walking Wake|100/100
|move|p1a: Gholdengo|Trick|p2a: Windhoek
|-activate|p1a: Gholdengo|move: Trick|[of] p2a: Windhoek
|-item|p2a: Windhoek|Choice Scarf|[from] move: Trick
|-item|p1a: Gholdengo|Wise Glasses|[from] move: Trick
|
|upkeep
|turn|25
|
|t:|1760323942
|switch|p1a: Alomomola|Alomomola, M|100/100
|move|p2a: Windhoek|Hydro Steam|p1a: Alomomola
|-resisted|p1a: Alomomola
|-damage|p1a: Alomomola|89/100
|
|upkeep
|turn|26
|
|t:|1760323947
|move|p2a: Windhoek|Hydro Steam|p1a: Alomomola
|-resisted|p1a: Alomomola
|-damage|p1a: Alomomola|78/100
|move|p1a: Alomomola|Flip Turn|p2a: Windhoek
|-resisted|p2a: Windhoek
|-damage|p2a: Windhoek|96/100
|
|t:|1760323949
|switch|p1a: Gholdengo|Gholdengo|100/100|[from] Flip Turn
|
|upkeep
|turn|27
|
|t:|1760323955
|switch|p1a: Alomomola|Alomomola, M|100/100
|move|p2a: Windhoek|Hydro Steam|p1a: Alomomola
|-resisted|p1a: Alomomola
|-damage|p1a: Alomomola|90/100
|
|upkeep
|turn|28
|
|t:|1760323958
|-end|p2a: Windhoek|Protosynthesis|[silent]
|switch|p2a: Soon Jah Due|Kingambit, M|41/100 par
|-activate|p2a: Soon Jah Due|ability: Supreme Overlord
|-start|p2a: Soon Jah Due|fallen4|[silent]
|move|p1a: Alomomola|Scald|p2a: Soon Jah Due
|-damage|p2a: Soon Jah Due|26/100 par
|
|upkeep
|turn|29
|
|t:|1760323963
|move|p1a: Alomomola|Flip Turn|p2a: Soon Jah Due
|-damage|p2a: Soon Jah Due|13/100 par
|
|t:|1760323965
|switch|p1a: Gholdengo|Gholdengo|100/100|[from] Flip Turn
|cant|p2a: Soon Jah Due|par
|
|upkeep
|turn|30
|
|t:|1760323969
|-terastallize|p1a: Gholdengo|Fairy
|move|p1a: Gholdengo|Dazzling Gleam|p2a: Soon Jah Due
|-damage|p2a: Soon Jah Due|0 fnt
|faint|p2a: Soon Jah Due
|-end|p2a: Soon Jah Due|fallen4|[silent]
|
|upkeep
|
|t:|1760323973
|switch|p2a: Windhoek|Walking Wake|96/100
|turn|31
|
|t:|1760323976
|move|p2a: Windhoek|Hydro Steam|p1a: Gholdengo
|-damage|p1a: Gholdengo|52/100
|move|p1a: Gholdengo|Dazzling Gleam|p2a: Windhoek
|-supereffective|p2a: Windhoek
|-damage|p2a: Windhoek|0 fnt
|faint|p2a: Windhoek
|-end|p2a: Windhoek|Protosynthesis|[silent]
|
|win|Izzy'sWife
|raw|Izzy&apos;sWife's rating: 1331 &rarr; <strong>1350</strong><br />(+19 for winning)
|raw|tars0's rating: 1322 &rarr; <strong>1303</strong><br />(-19 for losing)
|l|☆tars0
|player|p2|
|l|☆Izzy'sWife
|player|p1|
