|j|☆furkanbolukbasi
|j|☆bald wooper
|t:|1760431578
|gametype|singles
|player|p1|furkanbolukbasi|artist-gen4|1700
|player|p2|bald wooper|265|1762
|gen|9
|tier|[Gen 9] OU
|rated|
|rule|HP Percentage Mod: HP is shown in percentages
|rule|Endless Battle Clause: Forcing endless battles is banned
|rule|Species Clause: Limit one of each Pokémon
|rule|OHKO Clause: OHKO moves are banned
|rule|Evasion Items Clause: Evasion items are banned
|rule|Evasion Moves Clause: Evasion moves are banned
|rule|Evasion Abilities Clause: Evasion abilities are banned
|rule|Sleep Moves Clause: Sleep-inducing moves are banned
|clearpoke
|poke|p1|Gholdengo|
|poke|p1|Hatterene, F|
|poke|p1|Darkrai|
|poke|p1|Landorus-Therian, M|
|poke|p1|Dragonite, M|
|poke|p1|Zamazenta-*|
|poke|p2|Landorus-Therian, M|
|poke|p2|Kingambit, F|
|poke|p2|Slowking-Galar, M|
|poke|p2|Iron Treads|
|poke|p2|Volcanion|
|poke|p2|Darkrai|
|teampreview
|inactive|Battle timer is ON: inactive players will automatically lose when time's up. (requested by furkanbolukbasi)
|j| Jimmy Powka
|inactive|bald wooper has 120 seconds left.
|
|t:|1760431619
|teamsize|p1|6
|teamsize|p2|6
|start
|switch|p1a: Darkrai|Darkrai|100/100
|switch|p2a: Darkrai|Darkrai|100/100
|turn|1
|
|t:|1760431624
|switch|p1a: Hatterene|Hatterene, F|100/100
|move|p2a: Darkrai|Nasty Plot|p2a: Darkrai
|-boost|p2a: Darkrai|spa|2
|
|upkeep
|turn|2
|
|t:|1760431627
|move|p2a: Darkrai|Sludge Bomb|p1a: Hatterene
|-supereffective|p1a: Hatterene
|-damage|p1a: Hatterene|31/100
|move|p1a: Hatterene|Draining Kiss|p2a: Darkrai
|-supereffective|p2a: Darkrai
|-damage|p2a: Darkrai|43/100
|-heal|p1a: Hatterene|78/100|[from] drain|[of] p2a: Darkrai
|-enditem|p2a: Darkrai|Red Card|[of] p1a: Hatterene
|drag|p1a: Darkrai|Darkrai|100/100
|
|upkeep
|turn|3
|j| km131517
|
|t:|1760431642
|move|p1a: Darkrai|Ice Beam|p2a: Darkrai
|-damage|p2a: Darkrai|8/100
|move|p2a: Darkrai|Sludge Bomb|p1a: Darkrai
|-damage|p1a: Darkrai|25/100
|-status|p1a: Darkrai|psn
|
|-damage|p1a: Darkrai|12/100 psn|[from] psn
|upkeep
|turn|4
|
|t:|1760431649
|move|p1a: Darkrai|Sucker Punch|p2a: Darkrai
|-resisted|p2a: Darkrai
|-damage|p2a: Darkrai|0 fnt
|faint|p2a: Darkrai
|
|-damage|p1a: Darkrai|0 fnt|[from] psn
|faint|p1a: Darkrai
|upkeep
|
|t:|1760431656
|switch|p1a: Landorus|Landorus-Therian, M|100/100
|switch|p2a: Volcanion|Volcanion|100/100
|-ability|p1a: Landorus|Intimidate|boost
|-unboost|p2a: Volcanion|atk|1
|turn|5
|
|t:|1760431659
|move|p1a: Landorus|U-turn|p2a: Volcanion
|-resisted|p2a: Volcanion
|-damage|p2a: Volcanion|91/100
|j| BandedAI
|
|t:|1760431662
|switch|p1a: Hatterene|Hatterene, F|78/100|[from] U-turn
|move|p2a: Volcanion|Steam Eruption|p1a: Hatterene
|-damage|p1a: Hatterene|50/100
|
|upkeep
|turn|6
|
|t:|1760431668
|switch|p2a: Iron Treads|Iron Treads|100/100
|move|p1a: Hatterene|Psychic Noise|p2a: Iron Treads
|-resisted|p2a: Iron Treads
|-damage|p2a: Iron Treads|73/100
|-start|p2a: Iron Treads|move: Heal Block
|
|upkeep
|turn|7
|j| 3idk
|
|t:|1760431672
|switch|p1a: Landorus|Landorus-Therian, M|100/100
|-ability|p1a: Landorus|Intimidate|boost
|-fail|p2a: Iron Treads|unboost|[from] item: Clear Amulet|[of] p2a: Iron Treads
|move|p2a: Iron Treads|Earthquake|p1a: Landorus
|-immune|p1a: Landorus
|
|-end|p2a: Iron Treads|move: Heal Block
|upkeep
|turn|8
|
|t:|1760431679
|-end|p2a: Iron Treads|Quark Drive|[silent]
|switch|p2a: Landorus|Landorus-Therian, M|100/100
|-ability|p2a: Landorus|Intimidate|boost
|-unboost|p1a: Landorus|atk|1
|switch|p1a: Hatterene|Hatterene, F|50/100
|
|upkeep
|turn|9
|
|t:|1760431683
|move|p2a: Landorus|U-turn|p1a: Hatterene
|-damage|p1a: Hatterene|28/100
|
|t:|1760431685
|switch|p2a: Iron Treads|Iron Treads|73/100|[from] U-turn
|move|p1a: Hatterene|Draining Kiss|p2a: Iron Treads
|-resisted|p2a: Iron Treads
|-damage|p2a: Iron Treads|53/100
|-heal|p1a: Hatterene|43/100|[from] drain|[of] p2a: Iron Treads
|
|upkeep
|turn|10
|j| wgw2333
|
|t:|1760431691
|move|p2a: Iron Treads|Volt Switch|p1a: Hatterene
|-damage|p1a: Hatterene|36/100
|
|t:|1760431694
|-end|p2a: Iron Treads|Quark Drive|[silent]
|switch|p2a: Slowking|Slowking-Galar, M|100/100|[from] Volt Switch
|move|p1a: Hatterene|Mystical Fire|p2a: Slowking
|-damage|p2a: Slowking|80/100
|-unboost|p2a: Slowking|spa|1
|
|upkeep
|turn|11
|
|t:|1760431700
|switch|p1a: Gholdengo|Gholdengo|100/100
|switch|p2a: Landorus|Landorus-Therian, M|100/100
|-ability|p2a: Landorus|Intimidate|boost
|-unboost|p1a: Gholdengo|atk|1
|
|upkeep
|turn|12
|
|t:|1760431707
|switch|p1a: Landorus|Landorus-Therian, M|100/100
|-ability|p1a: Landorus|Intimidate|boost
|-unboost|p2a: Landorus|atk|1
|move|p2a: Landorus|Earth Power|p1a: Landorus
|-immune|p1a: Landorus
|
|upkeep
|turn|13
|
|t:|1760431711
|move|p1a: Landorus|Taunt|p2a: Landorus
|-start|p2a: Landorus|move: Taunt
|move|p2a: Landorus|U-turn|p1a: Landorus
|-resisted|p1a: Landorus
|-damage|p1a: Landorus|93/100
|-damage|p2a: Landorus|84/100|[from] item: Rocky Helmet|[of] p1a: Landorus
|
|t:|1760431715
|switch|p2a: Iron Treads|Iron Treads|53/100|[from] U-turn
|
|upkeep
|turn|14
|
|t:|1760431719
|switch|p1a: Hatterene|Hatterene, F|36/100
|move|p2a: Iron Treads|Ice Spinner|p1a: Hatterene
|-damage|p1a: Hatterene|5/100
|
|upkeep
|turn|15
|
|t:|1760431722
|move|p2a: Iron Treads|Volt Switch|p1a: Hatterene
|-damage|p1a: Hatterene|0 fnt
|faint|p1a: Hatterene
|
|t:|1760431724
|-end|p2a: Iron Treads|Quark Drive|[silent]
|switch|p2a: Volcanion|Volcanion|91/100|[from] Volt Switch
|
|upkeep
|
|t:|1760431734
|switch|p1a: Landorus|Landorus-Therian, M|93/100
|-ability|p1a: Landorus|Intimidate|boost
|-unboost|p2a: Volcanion|atk|1
|turn|16
|
|t:|1760431737
|switch|p2a: Landorus|Landorus-Therian, M|84/100
|-ability|p2a: Landorus|Intimidate|boost
|-unboost|p1a: Landorus|atk|1
|move|p1a: Landorus|Stealth Rock|p2a: Landorus
|-sidestart|p2: bald wooper|move: Stealth Rock
|
|upkeep
|turn|17
|
|t:|1760431740
|move|p1a: Landorus|Taunt|p2a: Landorus
|-start|p2a: Landorus|move: Taunt
|cant|p2a: Landorus|move: Taunt|Stealth Rock
|
|upkeep
|turn|18
|
|t:|1760431750
|move|p2a: Landorus|Weather Ball|p1a: Landorus
|-damage|p1a: Landorus|81/100
|move|p1a: Landorus|U-turn|p2a: Landorus
|-resisted|p2a: Landorus
|-damage|p2a: Landorus|76/100
|-damage|p1a: Landorus|64/100|[from] item: Rocky Helmet|[of] p2a: Landorus
|
|t:|1760431761
|switch|p1a: Dragonite|Dragonite, M|100/100|[from] U-turn
|
|upkeep
|turn|19
|
|t:|1760431763
|move|p2a: Landorus|U-turn|p1a: Dragonite
|-resisted|p1a: Dragonite
|-damage|p1a: Dragonite|95/100
|j| Puyu Paz
|
|t:|1760431771
|switch|p2a: Volcanion|Volcanion|91/100|[from] U-turn
|move|p1a: Dragonite|Dragon Dance|p1a: Dragonite
|-boost|p1a: Dragonite|atk|1
|-boost|p1a: Dragonite|spe|1
|
|upkeep
|turn|20
|
|t:|1760431774
|-terastallize|p2a: Volcanion|Fairy
|move|p1a: Dragonite|Earthquake|p2a: Volcanion
|-damage|p2a: Volcanion|48/100
|move|p2a: Volcanion|Will-O-Wisp|p1a: Dragonite
|-status|p1a: Dragonite|brn
|-enditem|p1a: Dragonite|Lum Berry|[eat]
|-curestatus|p1a: Dragonite|brn|[msg]
|
|upkeep
|turn|21
|
|t:|1760431784
|-terastallize|p1a: Dragonite|Flying
|move|p1a: Dragonite|Tera Blast|p2a: Volcanion|[anim] Tera Blast Flying
|-damage|p2a: Volcanion|0 fnt
|faint|p2a: Volcanion
|
|upkeep
|
|t:|1760431787
|switch|p2a: Landorus|Landorus-Therian, M|76/100
|-damage|p2a: Landorus|64/100|[from] Stealth Rock
|-ability|p2a: Landorus|Intimidate|boost
|-unboost|p1a: Dragonite|atk|1
|turn|22
|
|t:|1760431793
|move|p1a: Dragonite|Dragon Dance|p1a: Dragonite
|-boost|p1a: Dragonite|atk|1
|-boost|p1a: Dragonite|spe|1
|move|p2a: Landorus|U-turn|p1a: Dragonite
|-resisted|p1a: Dragonite
|-damage|p1a: Dragonite|85/100
|
|t:|1760431796
|switch|p2a: Slowking|Slowking-Galar, M|100/100|[from] U-turn
|
|upkeep
|turn|23
|
|t:|1760431802
|move|p1a: Dragonite|Tera Blast|p2a: Slowking|[anim] Tera Blast Flying
|-damage|p2a: Slowking|35/100
|move|p2a: Slowking|Ice Beam|p1a: Dragonite
|-supereffective|p1a: Dragonite
|-damage|p1a: Dragonite|37/100
|
|upkeep
|turn|24
|
|t:|1760431810
|switch|p2a: Iron Treads|Iron Treads|53/100
|-damage|p2a: Iron Treads|50/100|[from] Stealth Rock
|move|p1a: Dragonite|Tera Blast|p2a: Iron Treads|[anim] Tera Blast Flying
|-resisted|p2a: Iron Treads
|-damage|p2a: Iron Treads|10/100
|
|upkeep
|turn|25
|
|t:|1760431813
|move|p1a: Dragonite|Tera Blast|p2a: Iron Treads|[anim] Tera Blast Flying
|-resisted|p2a: Iron Treads
|-damage|p2a: Iron Treads|0 fnt
|faint|p2a: Iron Treads
|-end|p2a: Iron Treads|Quark Drive|[silent]
|
|upkeep
|
|t:|1760431815
|switch|p2a: Kingambit|Kingambit, F|100/100
|-damage|p2a: Kingambit|94/100|[from] Stealth Rock
|-activate|p2a: Kingambit|ability: Supreme Overlord
|-start|p2a: Kingambit|fallen3|[silent]
|turn|26
|
|t:|1760431818
|move|p2a: Kingambit|Sucker Punch||[still]
|-fail|p2a: Kingambit
|move|p1a: Dragonite|Roost|p1a: Dragonite
|-heal|p1a: Dragonite|87/100
|-hint|If a Terastallized Pokemon uses Roost, it remains Flying-type.
|
|upkeep
|turn|27
|
|t:|1760431822
|move|p1a: Dragonite|Earthquake|p2a: Kingambit
|-supereffective|p2a: Kingambit
|-crit|p2a: Kingambit
|-damage|p2a: Kingambit|0 fnt
|faint|p2a: Kingambit
|-end|p2a: Kingambit|fallen3|[silent]
|
|upkeep
|-message|bald wooper forfeited.
|
|win|furkanbolukbasi
|raw|furkanbolukbasi's rating: 1700 &rarr; <strong>1724</strong><br />(+24 for winning)
|raw|bald wooper's rating: 1762 &rarr; <strong>1738</strong><br />(-24 for losing)
|l|☆bald wooper
|player|p2|
|l|☆furkanbolukbasi
|player|p1|
|l| km131517
|l| BandedAI
