|badge|p2|bronze|gen9randombattle|100-7
|uhtml|medal-msg|<div class="broadcast-blue">Curious what those medals under the avatar are? PS now has Ladder Seasons! For more information, check out the <a href="https://www.smogon.com/forums/threads/3740067/">thread on Smogon.</a></div>
|j|☆Lolproplayer
|j|☆SpongeGar & Patar
|t:|1760396493
|gametype|singles
|player|p1|Lolproplayer|2|1686
|player|p2|SpongeGar & Patar|266|1853
|gen|9
|tier|[Gen 9] OU
|rated|
|rule|HP Percentage Mod: HP is shown in percentages
|rule|Endless Battle Clause: Forcing endless battles is banned
|rule|Species Clause: Limit one of each Pokémon
|rule|OHKO Clause: OHKO moves are banned
|rule|Evasion Items Clause: Evasion items are banned
|rule|Evasion Moves Clause: Evasion moves are banned
|rule|Evasion Abilities Clause: Evasion abilities are banned
|rule|Sleep Moves Clause: Sleep-inducing moves are banned
|clearpoke
|poke|p1|Ursaluna, M|
|poke|p1|Cresselia, F|
|poke|p1|Iron Hands|
|poke|p1|Volcanion|
|poke|p1|Hatterene, F|
|poke|p1|Porygon2|
|poke|p2|Kyurem|
|poke|p2|Corviknight, F|
|poke|p2|Ting-Lu|
|poke|p2|Dondozo, M|
|poke|p2|Slowking-Galar, L99, M|
|poke|p2|Cinderace, M|
|teampreview
|inactive|Battle timer is ON: inactive players will automatically lose when time's up. (requested by Lolproplayer)
|
|t:|1760396543
|teamsize|p1|6
|teamsize|p2|6
|start
|switch|p1a: Volcanion|Volcanion|100/100
|switch|p2a: Dondozo|Dondozo, M|100/100
|turn|1
|inactive|SpongeGar & Patar also wants the timer to be on.
|inactive|SpongeGar & Patar has 120 seconds left.
|
|t:|1760396593
|switch|p2a: Kyurem|Kyurem|100/100
|-ability|p2a: Kyurem|Pressure
|move|p1a: Volcanion|Steam Eruption|p2a: Kyurem
|-resisted|p2a: Kyurem
|-damage|p2a: Kyurem|58/100
|
|-heal|p2a: Kyurem|64/100|[from] item: Leftovers
|upkeep
|turn|2
|inactive|SpongeGar & Patar has 90 seconds left.
|
|t:|1760396643
|move|p2a: Kyurem|Freeze-Dry|p1a: Volcanion
|-damage|p1a: Volcanion|66/100
|-status|p1a: Volcanion|frz
|-curestatus|p1a: Volcanion|frz|[from] move: Steam Eruption
|move|p1a: Volcanion|Steam Eruption|p2a: Kyurem
|-resisted|p2a: Kyurem
|-damage|p2a: Kyurem|20/100
|
|-heal|p2a: Kyurem|26/100|[from] item: Leftovers
|upkeep
|turn|3
|inactive|SpongeGar & Patar has 60 seconds left.
|inactive|SpongeGar & Patar has 30 seconds left.
|
|t:|1760396693
|switch|p1a: Cresselia|Cresselia, F|100/100
|move|p2a: Kyurem|Freeze-Dry|p1a: Cresselia
|-damage|p1a: Cresselia|80/100
|
|-heal|p2a: Kyurem|32/100|[from] item: Leftovers
|upkeep
|turn|4
|c|☆Lolproplayer|Play faster pls
|inactive|SpongeGar & Patar has 30 seconds left.
|
|t:|1760396703
|move|p2a: Kyurem|Freeze-Dry|p1a: Cresselia
|-damage|p1a: Cresselia|58/100
|move|p1a: Cresselia|Trick Room|p1a: Cresselia
|-fieldstart|move: Trick Room|[of] p1a: Cresselia
|
|-heal|p2a: Kyurem|38/100|[from] item: Leftovers
|upkeep
|turn|5
|inactive|SpongeGar & Patar has 30 seconds left.
|
|t:|1760396714
|move|p1a: Cresselia|Lunar Dance|p1a: Cresselia
|faint|p1a: Cresselia
|move|p2a: Kyurem|Freeze-Dry|p1: Cresselia|[notarget]
|-fail|p2a: Kyurem
|
|-heal|p2a: Kyurem|45/100|[from] item: Leftovers
|upkeep
|
|t:|1760396735
|switch|p1a: Iron Hands|Iron Hands|100/100
|-enditem|p1a: Iron Hands|Booster Energy
|-activate|p1a: Iron Hands|ability: Quark Drive|[fromitem]
|-start|p1a: Iron Hands|quarkdriveatk
|turn|6
|
|t:|1760396745
|switch|p2a: Slowking|Slowking-Galar, L99, M|100/100
|move|p1a: Iron Hands|Swords Dance|p1a: Iron Hands
|-boost|p1a: Iron Hands|atk|2
|
|upkeep
|turn|7
|
|t:|1760396754
|move|p2a: Slowking|Toxic|p1a: Iron Hands
|-status|p1a: Iron Hands|tox
|move|p1a: Iron Hands|Wild Charge|p2a: Slowking
|-damage|p2a: Slowking|0 fnt
|faint|p2a: Slowking
|-damage|p1a: Iron Hands|81/100 tox|[from] Recoil
|
|-damage|p1a: Iron Hands|75/100 tox|[from] psn
|upkeep
|
|t:|1760396765
|switch|p2a: Kyurem|Kyurem|45/100
|-ability|p2a: Kyurem|Pressure
|turn|8
|
|t:|1760396774
|move|p2a: Kyurem|Protect|p2a: Kyurem
|-singleturn|p2a: Kyurem|Protect
|move|p1a: Iron Hands|Close Combat|p2a: Kyurem
|-activate|p2a: Kyurem|move: Protect
|
|-heal|p2a: Kyurem|51/100|[from] item: Leftovers
|-damage|p1a: Iron Hands|63/100 tox|[from] psn
|-fieldend|move: Trick Room
|upkeep
|turn|9
|
|t:|1760396787
|move|p2a: Kyurem|Substitute|p2a: Kyurem
|-start|p2a: Kyurem|Substitute
|-damage|p2a: Kyurem|26/100
|move|p1a: Iron Hands|Close Combat|p2a: Kyurem
|-supereffective|p2a: Kyurem
|-end|p2a: Kyurem|Substitute
|-unboost|p1a: Iron Hands|def|1
|-unboost|p1a: Iron Hands|spd|1
|
|-heal|p2a: Kyurem|32/100|[from] item: Leftovers
|-damage|p1a: Iron Hands|44/100 tox|[from] psn
|upkeep
|turn|10
|
|t:|1760396804
|-end|p1a: Iron Hands|Quark Drive|[silent]
|switch|p1a: Hatterene|Hatterene, F|100/100
|move|p2a: Kyurem|Freeze-Dry|p1a: Hatterene
|-damage|p1a: Hatterene|68/100
|
|-heal|p2a: Kyurem|38/100|[from] item: Leftovers
|upkeep
|turn|11
|inactive|SpongeGar & Patar has 60 seconds left.
|
|t:|1760396816
|move|p2a: Kyurem|Protect|p2a: Kyurem
|-singleturn|p2a: Kyurem|Protect
|move|p1a: Hatterene|Trick Room|p1a: Hatterene
|-fieldstart|move: Trick Room|[of] p1a: Hatterene
|
|-heal|p2a: Kyurem|44/100|[from] item: Leftovers
|upkeep
|turn|12
|inactive|SpongeGar & Patar has 60 seconds left.
|
|t:|1760396832
|switch|p2a: Corviknight|Corviknight, F|100/100
|-ability|p2a: Corviknight|Pressure
|move|p1a: Hatterene|Dazzling Gleam|p2a: Corviknight
|-resisted|p2a: Corviknight
|-damage|p2a: Corviknight|84/100
|
|upkeep
|turn|13
|inactive|SpongeGar & Patar has 60 seconds left.
|
|t:|1760396843
|switch|p1a: Volcanion|Volcanion|66/100
|-heal|p1a: Volcanion|100/100|[from] move: Lunar Dance
|move|p2a: Corviknight|Brave Bird|p1a: Volcanion
|-damage|p1a: Volcanion|72/100
|-damage|p2a: Corviknight|75/100|[from] Recoil
|
|upkeep
|turn|14
|
|t:|1760396855
|-terastallize|p1a: Volcanion|Water
|move|p1a: Volcanion|Steam Eruption|p2a: Corviknight
|-damage|p2a: Corviknight|0 fnt
|faint|p2a: Corviknight
|
|upkeep
|
|t:|1760396864
|switch|p2a: Kyurem|Kyurem|44/100
|-ability|p2a: Kyurem|Pressure
|turn|15
|
|t:|1760396878
|switch|p1a: Hatterene|Hatterene, F|68/100
|move|p2a: Kyurem|Protect||[still]
|-fail|p2a: Kyurem
|
|-heal|p2a: Kyurem|50/100|[from] item: Leftovers
|-fieldend|move: Trick Room
|upkeep
|turn|16
|
|t:|1760396888
|move|p2a: Kyurem|Protect|p2a: Kyurem
|-singleturn|p2a: Kyurem|Protect
|move|p1a: Hatterene|Trick Room|p1a: Hatterene
|-fieldstart|move: Trick Room|[of] p1a: Hatterene
|
|-heal|p2a: Kyurem|57/100|[from] item: Leftovers
|upkeep
|turn|17
|
|t:|1760396900
|-terastallize|p2a: Kyurem|Ground
|move|p1a: Hatterene|Dazzling Gleam|p2a: Kyurem
|-damage|p2a: Kyurem|22/100
|move|p2a: Kyurem|Freeze-Dry|p1a: Hatterene
|-damage|p1a: Hatterene|34/100
|
|-heal|p2a: Kyurem|28/100|[from] item: Leftovers
|upkeep
|turn|18
|
|t:|1760396911
|move|p2a: Kyurem|Protect|p2a: Kyurem
|-singleturn|p2a: Kyurem|Protect
|move|p1a: Hatterene|Dazzling Gleam|p2a: Kyurem
|-activate|p2a: Kyurem|move: Protect
|
|-heal|p2a: Kyurem|34/100|[from] item: Leftovers
|upkeep
|turn|19
|inactive|SpongeGar & Patar has 60 seconds left.
|
|t:|1760396960
|move|p2a: Kyurem|Protect|p2a: Kyurem
|-singleturn|p2a: Kyurem|Protect
|move|p1a: Hatterene|Dazzling Gleam|p2a: Kyurem
|-activate|p2a: Kyurem|move: Protect
|
|-heal|p2a: Kyurem|40/100|[from] item: Leftovers
|upkeep
|turn|20
|inactive|SpongeGar & Patar has 30 seconds left.
|inactive|SpongeGar & Patar has 20 seconds left.
|inactive|SpongeGar & Patar has 15 seconds left.
|inactive|SpongeGar & Patar has 10 seconds left.
|
|t:|1760397009
|move|p1a: Hatterene|Healing Wish|p1a: Hatterene
|faint|p1a: Hatterene
|move|p2a: Kyurem|Freeze-Dry|p1: Hatterene|[notarget]
|-fail|p2a: Kyurem
|
|-heal|p2a: Kyurem|46/100|[from] item: Leftovers
|-fieldend|move: Trick Room
|upkeep
|
|t:|1760397020
|switch|p1a: Porygon2|Porygon2|100/100
|-ability|p1a: Porygon2|Download|boost
|-boost|p1a: Porygon2|spa|1
|turn|21
|inactive|SpongeGar & Patar has 25 seconds left this turn.
|inactive|SpongeGar & Patar has 20 seconds left.
|
|t:|1760397029
|switch|p2a: Dondozo|Dondozo, M|100/100
|move|p1a: Porygon2|Tera Blast|p2a: Dondozo
|-damage|p2a: Dondozo|63/100
|
|-heal|p2a: Dondozo|69/100|[from] item: Leftovers
|upkeep
|turn|22
|inactive|SpongeGar & Patar has 30 seconds left this turn.
|inactive|SpongeGar & Patar has 20 seconds left.
|
|t:|1760397041
|move|p1a: Porygon2|Tera Blast|p2a: Dondozo
|-damage|p2a: Dondozo|30/100
|move|p2a: Dondozo|Body Press|p1a: Porygon2
|-supereffective|p1a: Porygon2
|-damage|p1a: Porygon2|60/100
|
|-heal|p2a: Dondozo|36/100|[from] item: Leftovers
|upkeep
|turn|23
|inactive|SpongeGar & Patar has 30 seconds left this turn.
|inactive|SpongeGar & Patar has 20 seconds left.
|
|t:|1760397052
|switch|p2a: Ting-Lu|Ting-Lu|100/100
|-ability|p2a: Ting-Lu|Vessel of Ruin
|move|p1a: Porygon2|Tera Blast|p2a: Ting-Lu
|-damage|p2a: Ting-Lu|74/100
|
|-heal|p2a: Ting-Lu|80/100|[from] item: Leftovers
|upkeep
|turn|24
|inactive|SpongeGar & Patar has 30 seconds left this turn.
|
|t:|1760397064
|move|p2a: Ting-Lu|Earthquake|p1a: Porygon2
|-damage|p1a: Porygon2|37/100
|move|p1a: Porygon2|Ice Beam|p2a: Ting-Lu
|-supereffective|p2a: Ting-Lu
|-damage|p2a: Ting-Lu|46/100
|
|-heal|p2a: Ting-Lu|52/100|[from] item: Leftovers
|upkeep
|turn|25
|inactive|SpongeGar & Patar has 30 seconds left.
|
|t:|1760397074
|switch|p2a: Kyurem|Kyurem, tera:Ground|46/100
|-ability|p2a: Kyurem|Pressure
|move|p1a: Porygon2|Trick Room|p1a: Porygon2
|-fieldstart|move: Trick Room|[of] p1a: Porygon2
|
|-heal|p2a: Kyurem|52/100|[from] item: Leftovers
|upkeep
|turn|26
|
|t:|1760397084
|move|p2a: Kyurem|Protect|p2a: Kyurem
|-singleturn|p2a: Kyurem|Protect
|move|p1a: Porygon2|Ice Beam|p2a: Kyurem
|-activate|p2a: Kyurem|move: Protect
|
|-heal|p2a: Kyurem|59/100|[from] item: Leftovers
|upkeep
|turn|27
|
|t:|1760397094
|switch|p2a: Ting-Lu|Ting-Lu|52/100
|-ability|p2a: Ting-Lu|Vessel of Ruin
|move|p1a: Porygon2|Ice Beam|p2a: Ting-Lu
|-supereffective|p2a: Ting-Lu
|-damage|p2a: Ting-Lu|18/100
|
|-heal|p2a: Ting-Lu|24/100|[from] item: Leftovers
|upkeep
|turn|28
|
|t:|1760397106
|move|p1a: Porygon2|Tera Blast|p2a: Ting-Lu
|-damage|p2a: Ting-Lu|0 fnt
|faint|p2a: Ting-Lu
|
|upkeep
|
|t:|1760397115
|switch|p2a: Dondozo|Dondozo, M|36/100
|turn|29
|
|t:|1760397137
|switch|p1a: Volcanion|Volcanion, tera:Water|72/100
|-heal|p1a: Volcanion|100/100|[from] move: Healing Wish
|move|p2a: Dondozo|Curse|p2a: Dondozo
|-unboost|p2a: Dondozo|spe|1
|-boost|p2a: Dondozo|atk|1
|-boost|p2a: Dondozo|def|1
|
|-heal|p2a: Dondozo|43/100|[from] item: Leftovers
|-fieldend|move: Trick Room
|upkeep
|turn|30
|
|t:|1760397148
|move|p1a: Volcanion|Steam Eruption|p2a: Dondozo
|-resisted|p2a: Dondozo
|-crit|p2a: Dondozo
|-damage|p2a: Dondozo|0 fnt
|faint|p2a: Dondozo
|
|upkeep
|
|t:|1760397158
|switch|p2a: Kyurem|Kyurem, tera:Ground|59/100
|-ability|p2a: Kyurem|Pressure
|turn|31
|inactive|SpongeGar & Patar has 60 seconds left.
|
|t:|1760397167
|move|p2a: Kyurem|Protect|p2a: Kyurem
|-singleturn|p2a: Kyurem|Protect
|move|p1a: Volcanion|Steam Eruption|p2a: Kyurem
|-activate|p2a: Kyurem|move: Protect
|
|-heal|p2a: Kyurem|65/100|[from] item: Leftovers
|upkeep
|turn|32
|
|t:|1760397176
|move|p2a: Kyurem|Substitute|p2a: Kyurem
|-start|p2a: Kyurem|Substitute
|-damage|p2a: Kyurem|40/100
|move|p1a: Volcanion|Steam Eruption|p2a: Kyurem
|-supereffective|p2a: Kyurem
|-end|p2a: Kyurem|Substitute
|
|-heal|p2a: Kyurem|46/100|[from] item: Leftovers
|upkeep
|turn|33
|
|t:|1760397187
|switch|p1a: Porygon2|Porygon2|37/100
|-ability|p1a: Porygon2|Download|boost
|-boost|p1a: Porygon2|spa|1
|move|p2a: Kyurem|Substitute|p2a: Kyurem
|-start|p2a: Kyurem|Substitute
|-damage|p2a: Kyurem|21/100
|
|-heal|p2a: Kyurem|27/100|[from] item: Leftovers
|upkeep
|turn|34
|
|t:|1760397197
|move|p2a: Kyurem|Earth Power|p1a: Porygon2
|-damage|p1a: Porygon2|7/100
|move|p1a: Porygon2|Trick Room|p1a: Porygon2
|-fieldstart|move: Trick Room|[of] p1a: Porygon2
|
|-heal|p2a: Kyurem|33/100|[from] item: Leftovers
|upkeep
|turn|35
|
|t:|1760397207
|move|p2a: Kyurem|Protect|p2a: Kyurem
|-singleturn|p2a: Kyurem|Protect
|move|p1a: Porygon2|Ice Beam|p2a: Kyurem
|-activate|p2a: Kyurem|move: Protect
|
|-heal|p2a: Kyurem|40/100|[from] item: Leftovers
|upkeep
|turn|36
|
|t:|1760397216
|move|p1a: Porygon2|Ice Beam|p2a: Kyurem
|-supereffective|p2a: Kyurem
|-end|p2a: Kyurem|Substitute
|move|p2a: Kyurem|Substitute|p2a: Kyurem
|-start|p2a: Kyurem|Substitute
|-damage|p2a: Kyurem|15/100
|
|-heal|p2a: Kyurem|21/100|[from] item: Leftovers
|upkeep
|turn|37
|inactive|SpongeGar & Patar has 90 seconds left.
|
|t:|1760397226
|move|p1a: Porygon2|Ice Beam|p2a: Kyurem
|-supereffective|p2a: Kyurem
|-end|p2a: Kyurem|Substitute
|move|p2a: Kyurem|Earth Power|p1a: Porygon2
|-damage|p1a: Porygon2|0 fnt
|faint|p1a: Porygon2
|
|-heal|p2a: Kyurem|27/100|[from] item: Leftovers
|upkeep
|
|t:|1760397240
|switch|p1a: Iron Hands|Iron Hands|44/100 tox
|turn|38
|
|t:|1760397248
|move|p2a: Kyurem|Protect|p2a: Kyurem
|-singleturn|p2a: Kyurem|Protect
|move|p1a: Iron Hands|Ice Punch|p2a: Kyurem
|-activate|p2a: Kyurem|move: Protect
|
|-heal|p2a: Kyurem|33/100|[from] item: Leftovers
|-damage|p1a: Iron Hands|38/100 tox|[from] psn
|-fieldend|move: Trick Room
|upkeep
|turn|39
|
|t:|1760397258
|move|p2a: Kyurem|Earth Power|p1a: Iron Hands
|-supereffective|p1a: Iron Hands
|-damage|p1a: Iron Hands|0 fnt
|faint|p1a: Iron Hands
|-end|p1a: Iron Hands|Quark Drive|[silent]
|
|-heal|p2a: Kyurem|39/100|[from] item: Leftovers
|upkeep
|
|t:|1760397272
|switch|p1a: Ursaluna|Ursaluna, M|100/100
|turn|40
|j| Samurajen
|inactive|SpongeGar & Patar has 90 seconds left.
|
|t:|1760397315
|move|p2a: Kyurem|Protect|p2a: Kyurem
|-singleturn|p2a: Kyurem|Protect
|move|p1a: Ursaluna|Facade|p2a: Kyurem
|-activate|p2a: Kyurem|move: Protect
|
|-heal|p2a: Kyurem|46/100|[from] item: Leftovers
|-status|p1a: Ursaluna|brn|[from] item: Flame Orb
|upkeep
|turn|41
|j| hacksareus10
|inactive|SpongeGar & Patar has 60 seconds left.
|
|t:|1760397356
|move|p2a: Kyurem|Substitute|p2a: Kyurem
|-start|p2a: Kyurem|Substitute
|-damage|p2a: Kyurem|21/100
|move|p1a: Ursaluna|Facade|p2a: Kyurem
|-end|p2a: Kyurem|Substitute
|
|-heal|p2a: Kyurem|27/100|[from] item: Leftovers
|-damage|p1a: Ursaluna|94/100 brn|[from] brn
|upkeep
|turn|42
|c|☆Lolproplayer|Please poaay faster
|inactive|SpongeGar & Patar has 30 seconds left.
|inactive|SpongeGar & Patar has 20 seconds left.
|
|t:|1760397397
|move|p2a: Kyurem|Protect|p2a: Kyurem
|-singleturn|p2a: Kyurem|Protect
|move|p1a: Ursaluna|Facade|p2a: Kyurem
|-activate|p2a: Kyurem|move: Protect
|
|-heal|p2a: Kyurem|33/100|[from] item: Leftovers
|-damage|p1a: Ursaluna|88/100 brn|[from] brn
|upkeep
|turn|43
|inactive|SpongeGar & Patar has 30 seconds left this turn.
|
|t:|1760397410
|move|p2a: Kyurem|Protect||[still]
|-fail|p2a: Kyurem
|move|p1a: Ursaluna|Facade|p2a: Kyurem
|-damage|p2a: Kyurem|0 fnt
|faint|p2a: Kyurem
|
|-damage|p1a: Ursaluna|82/100 brn|[from] brn
|upkeep
|inactive|SpongeGar & Patar has 30 seconds left this turn.
|
|t:|1760397417
|switch|p2a: Cinderace|Cinderace, M|100/100
|turn|44
|
|t:|1760397421
|move|p2a: Cinderace|Pyro Ball|p1a: Ursaluna
|-damage|p1a: Ursaluna|51/100 brn
|move|p1a: Ursaluna|Facade|p2a: Cinderace
|-damage|p2a: Cinderace|0 fnt
|faint|p2a: Cinderace
|
|win|Lolproplayer
|raw|Lolproplayer's rating: 1686 &rarr; <strong>1715</strong><br />(+29 for winning)
|raw|SpongeGar &amp; Patar's rating: 1853 &rarr; <strong>1824</strong><br />(-29 for losing)
|l| hacksareus10
|l|☆Lolproplayer
|player|p1|
|l|☆SpongeGar & Patar
|player|p2|
