|j|☆definetly_asian
|j|☆kitterna
|t:|1760455554
|gametype|singles
|player|p1|definetly_asian|bugcatcher-gen4dp|1055
|player|p2|kitterna|burglar-gen1rb|1099
|gen|9
|tier|[Gen 9] OU
|rated|
|rule|HP Percentage Mod: HP is shown in percentages
|rule|Endless Battle Clause: Forcing endless battles is banned
|rule|Species Clause: Limit one of each Pokémon
|rule|OHKO Clause: OHKO moves are banned
|rule|Evasion Items Clause: Evasion items are banned
|rule|Evasion Moves Clause: Evasion moves are banned
|rule|Evasion Abilities Clause: Evasion abilities are banned
|rule|Sleep Moves Clause: Sleep-inducing moves are banned
|clearpoke
|poke|p1|Greninja-*, M|
|poke|p1|Pikachu, F|
|poke|p1|Hawlucha, F|
|poke|p1|Talonflame, F|
|poke|p1|Noivern, F|
|poke|p1|Goodra, M|
|poke|p2|Grimmsnarl, M|
|poke|p2|Polteageist|
|poke|p2|Lanturn, M|
|poke|p2|Sandslash-Alola, M|
|poke|p2|Ninetales-Alola, F|
|poke|p2|Komala, F|
|teampreview
|
|t:|1760455568
|teamsize|p1|6
|teamsize|p2|6
|start
|switch|p1a: Talonflame|Talonflame, F|100/100
|switch|p2a: Grimmsnarl|Grimmsnarl, M|100/100
|turn|1
|
|t:|1760455582
|move|p2a: Grimmsnarl|Reflect|p2a: Grimmsnarl
|-sidestart|p2: kitterna|Reflect
|move|p1a: Talonflame|Will-O-Wisp|p2a: Grimmsnarl
|-status|p2a: Grimmsnarl|brn
|
|-damage|p2a: Grimmsnarl|94/100 brn|[from] brn
|upkeep
|turn|2
|
|t:|1760455591
|move|p2a: Grimmsnarl|Light Screen|p2a: Grimmsnarl
|-sidestart|p2: kitterna|move: Light Screen
|move|p1a: Talonflame|U-turn|p2a: Grimmsnarl
|-crit|p2a: Grimmsnarl
|-damage|p2a: Grimmsnarl|72/100 brn
|
|t:|1760455596
|switch|p1a: Greninja|Greninja, M|100/100|[from] U-turn
|
|-damage|p2a: Grimmsnarl|66/100 brn|[from] brn
|upkeep
|turn|3
|
|t:|1760455606
|-terastallize|p1a: Greninja|Water
|move|p2a: Grimmsnarl|Parting Shot|p1a: Greninja
|-unboost|p1a: Greninja|atk|1
|-unboost|p1a: Greninja|spa|1
|
|t:|1760455611
|switch|p2a: Ninetales|Ninetales-Alola, F|100/100|[from] Parting Shot
|-weather|Snowscape|[from] ability: Snow Warning|[of] p2a: Ninetales
|move|p1a: Greninja|Sludge Wave|p2a: Ninetales
|-supereffective|p2a: Ninetales
|-damage|p2a: Ninetales|69/100
|-status|p2a: Ninetales|psn
|-damage|p1a: Greninja|91/100|[from] item: Life Orb
|
|-weather|Snowscape|[upkeep]
|-damage|p2a: Ninetales|57/100 psn|[from] psn
|upkeep
|turn|4
|
|t:|1760455626
|switch|p1a: Pikachu|Pikachu, F|100/100
|move|p2a: Ninetales|Aurora Veil|p2a: Ninetales
|-sidestart|p2: kitterna|move: Aurora Veil
|
|-weather|Snowscape|[upkeep]
|-damage|p2a: Ninetales|44/100 psn|[from] psn
|upkeep
|turn|5
|
|t:|1760455635
|switch|p2a: Sandslash|Sandslash-Alola, M, shiny|100/100
|move|p1a: Pikachu|Fake Out|p2a: Sandslash
|-resisted|p2a: Sandslash
|-damage|p2a: Sandslash|98/100
|
|-weather|Snowscape|[upkeep]
|upkeep
|turn|6
|
|t:|1760455646
|move|p2a: Sandslash|Swords Dance|p2a: Sandslash
|-boost|p2a: Sandslash|atk|2
|move|p1a: Pikachu|Thunderbolt|p2a: Sandslash
|-damage|p2a: Sandslash|70/100
|
|-weather|Snowscape|[upkeep]
|upkeep
|turn|7
|
|t:|1760455655
|move|p2a: Sandslash|Earthquake|p1a: Pikachu
|-supereffective|p1a: Pikachu
|-crit|p1a: Pikachu
|-damage|p1a: Pikachu|0 fnt
|faint|p1a: Pikachu
|
|-weather|Snowscape|[upkeep]
|upkeep
|
|t:|1760455661
|switch|p1a: Hawlucha|Hawlucha, F|100/100
|turn|8
|
|t:|1760455664
|move|p2a: Sandslash|Triple Axel|p1a: Hawlucha
|-supereffective|p1a: Hawlucha
|-damage|p1a: Hawlucha|48/100
|-supereffective|p1a: Hawlucha
|-damage|p1a: Hawlucha|0 fnt
|faint|p1a: Hawlucha
|-hitcount|p1: Hawlucha|2
|
|-weather|Snowscape|[upkeep]
|-sideend|p2: kitterna|Reflect
|-sideend|p2: kitterna|move: Aurora Veil
|upkeep
|
|t:|1760455680
|switch|p1a: Noivern|Noivern, F|100/100
|turn|9
|
|t:|1760455684
|move|p2a: Sandslash|Triple Axel|p1a: Noivern
|-supereffective|p1a: Noivern
|-damage|p1a: Noivern|8/100
|-supereffective|p1a: Noivern
|-damage|p1a: Noivern|0 fnt
|faint|p1a: Noivern
|-hitcount|p1: Noivern|2
|
|-weather|Snowscape|[upkeep]
|-sideend|p2: kitterna|move: Light Screen
|upkeep
|
|t:|1760455687
|switch|p1a: Talonflame|Talonflame, F|100/100
|turn|10
|
|t:|1760455695
|move|p2a: Sandslash|Triple Axel|p1a: Talonflame
|-damage|p1a: Talonflame|78/100
|-damage|p1a: Talonflame|36/100
|-damage|p1a: Talonflame|0 fnt
|faint|p1a: Talonflame
|-hitcount|p1: Talonflame|3
|
|-weather|none
|upkeep
|
|t:|1760455704
|switch|p1a: Greninja|Greninja, M, tera:Water|91/100
|turn|11
|
|t:|1760455709
|move|p1a: Greninja|Surf|p2a: Sandslash
|-damage|p2a: Sandslash|0 fnt
|faint|p2a: Sandslash
|-ability|p1a: Greninja|Battle Bond|boost
|-boost|p1a: Greninja|atk|1
|-boost|p1a: Greninja|spa|1
|-boost|p1a: Greninja|spe|1
|-activate|p1a: Greninja|ability: Battle Bond
|-damage|p1a: Greninja|81/100|[from] item: Life Orb
|
|upkeep
|
|t:|1760455720
|switch|p2a: Polteageist|Polteageist|100/100
|turn|12
|
|t:|1760455727
|move|p1a: Greninja|Dark Pulse|p2a: Polteageist
|-supereffective|p2a: Polteageist
|-enditem|p2a: Polteageist|Focus Sash
|-damage|p2a: Polteageist|1/100
|-damage|p1a: Greninja|71/100|[from] item: Life Orb
|move|p2a: Polteageist|Shell Smash|p2a: Polteageist
|-unboost|p2a: Polteageist|def|1
|-unboost|p2a: Polteageist|spd|1
|-boost|p2a: Polteageist|atk|2
|-boost|p2a: Polteageist|spa|2
|-boost|p2a: Polteageist|spe|2
|
|upkeep
|turn|13
|
|t:|1760455741
|move|p1a: Greninja|Surf|p2a: Polteageist
|-damage|p2a: Polteageist|0 fnt
|faint|p2a: Polteageist
|-damage|p1a: Greninja|61/100|[from] item: Life Orb
|
|upkeep
|
|t:|1760455750
|switch|p2a: Grimmsnarl|Grimmsnarl, M|66/100 brn
|turn|14
|
|t:|1760455760
|move|p2a: Grimmsnarl|Light Screen|p2a: Grimmsnarl
|-sidestart|p2: kitterna|move: Light Screen
|move|p1a: Greninja|Sludge Wave|p2a: Grimmsnarl
|-supereffective|p2a: Grimmsnarl
|-damage|p2a: Grimmsnarl|16/100 brn
|-damage|p1a: Greninja|51/100|[from] item: Life Orb
|
|-damage|p2a: Grimmsnarl|10/100 brn|[from] brn
|upkeep
|turn|15
|
|t:|1760455770
|move|p2a: Grimmsnarl|Parting Shot|p1a: Greninja
|-unboost|p1a: Greninja|atk|1
|-unboost|p1a: Greninja|spa|1
|
|t:|1760455776
|switch|p2a: Lanturn|Lanturn, M|100/100|[from] Parting Shot
|move|p1a: Greninja|Surf|p2a: Lanturn
|-resisted|p2a: Lanturn
|-damage|p2a: Lanturn|85/100
|-damage|p1a: Greninja|42/100|[from] item: Life Orb
|
|-heal|p2a: Lanturn|91/100|[from] item: Leftovers
|upkeep
|turn|16
|
|t:|1760455786
|switch|p1a: Goodra|Goodra, M|100/100
|move|p2a: Lanturn|Thunderbolt|p1a: Goodra
|-resisted|p1a: Goodra
|-damage|p1a: Goodra|89/100
|
|-heal|p1a: Goodra|95/100|[from] item: Leftovers
|-heal|p2a: Lanturn|97/100|[from] item: Leftovers
|upkeep
|turn|17
|
|t:|1760455797
|move|p1a: Goodra|Acid Spray|p2a: Lanturn
|-damage|p2a: Lanturn|90/100
|-unboost|p2a: Lanturn|spd|2
|move|p2a: Lanturn|Ice Beam|p1a: Goodra
|-supereffective|p1a: Goodra
|-damage|p1a: Goodra|66/100
|
|-heal|p1a: Goodra|72/100|[from] item: Leftovers
|-heal|p2a: Lanturn|96/100|[from] item: Leftovers
|upkeep
|turn|18
|
|t:|1760455812
|move|p1a: Goodra|Sludge Bomb|p2a: Lanturn
|-damage|p2a: Lanturn|69/100
|move|p2a: Lanturn|Ice Beam|p1a: Goodra
|-supereffective|p1a: Goodra
|-damage|p1a: Goodra|44/100
|
|-heal|p1a: Goodra|50/100|[from] item: Leftovers
|-heal|p2a: Lanturn|75/100|[from] item: Leftovers
|upkeep
|turn|19
|
|t:|1760455823
|move|p1a: Goodra|Acid Spray|p2a: Lanturn
|-damage|p2a: Lanturn|61/100
|-unboost|p2a: Lanturn|spd|2
|move|p2a: Lanturn|Ice Beam|p1a: Goodra
|-supereffective|p1a: Goodra
|-damage|p1a: Goodra|20/100
|
|-heal|p1a: Goodra|26/100|[from] item: Leftovers
|-heal|p2a: Lanturn|67/100|[from] item: Leftovers
|upkeep
|turn|20
|
|t:|1760455832
|move|p1a: Goodra|Dragon Pulse|p2a: Lanturn
|-damage|p2a: Lanturn|5/100
|move|p2a: Lanturn|Ice Beam|p1a: Goodra
|-supereffective|p1a: Goodra
|-damage|p1a: Goodra|0 fnt
|faint|p1a: Goodra
|
|-heal|p2a: Lanturn|11/100|[from] item: Leftovers
|upkeep
|
|t:|1760455838
|switch|p1a: Greninja|Greninja, M, tera:Water|42/100
|turn|21
|
|t:|1760455845
|move|p1a: Greninja|Sludge Wave|p2a: Lanturn
|-damage|p2a: Lanturn|0 fnt
|faint|p2a: Lanturn
|-damage|p1a: Greninja|32/100|[from] item: Life Orb
|
|-sideend|p2: kitterna|move: Light Screen
|upkeep
|
|t:|1760455851
|switch|p2a: Ninetales|Ninetales-Alola, F|44/100 psn
|-weather|Snowscape|[from] ability: Snow Warning|[of] p2a: Ninetales
|turn|22
|
|t:|1760455859
|move|p1a: Greninja|Sludge Wave|p2a: Ninetales
|-supereffective|p2a: Ninetales
|-damage|p2a: Ninetales|0 fnt
|faint|p2a: Ninetales
|-damage|p1a: Greninja|22/100|[from] item: Life Orb
|
|-weather|Snowscape|[upkeep]
|upkeep
|
|t:|1760455869
|switch|p2a: Grimmsnarl|Grimmsnarl, M|10/100 brn
|turn|23
|
|t:|1760455873
|move|p2a: Grimmsnarl|Parting Shot|p1a: Greninja
|-unboost|p1a: Greninja|atk|1
|-unboost|p1a: Greninja|spa|1
|
|t:|1760455877
|switch|p2a: Komala|Komala, F|100/100|[from] Parting Shot
|-ability|p2a: Komala|Comatose
|move|p1a: Greninja|Sludge Wave|p2a: Komala
|-damage|p2a: Komala|83/100
|-damage|p1a: Greninja|12/100|[from] item: Life Orb
|
|-weather|Snowscape|[upkeep]
|-heal|p2a: Komala|89/100|[from] item: Leftovers
|upkeep
|turn|24
|
|t:|1760455888
|move|p1a: Greninja|Surf|p2a: Komala
|-damage|p2a: Komala|51/100
|-damage|p1a: Greninja|2/100|[from] item: Life Orb
|move|p2a: Komala|Brick Break|p1a: Greninja
|-damage|p1a: Greninja|0 fnt
|faint|p1a: Greninja
|
|win|kitterna
|raw|definetly_asian's rating: 1055 &rarr; <strong>1039</strong><br />(-16 for losing)
|raw|kitterna's rating: 1099 &rarr; <strong>1121</strong><br />(+22 for winning)
|c|☆definetly_asian|gg
|l|☆definetly_asian
|player|p1|
|c|☆kitterna|gg
|l|☆kitterna
|player|p2|
