|j|☆preppy dude
|j|☆KingOfKanto69
|t:|1760417922
|gametype|singles
|player|p1|preppy dude|1|1402
|player|p2|KingOfKanto69|170|1376
|gen|9
|tier|[Gen 9] OU
|rated|
|rule|HP Percentage Mod: HP is shown in percentages
|rule|Endless Battle Clause: Forcing endless battles is banned
|rule|Species Clause: Limit one of each Pokémon
|rule|OHKO Clause: OHKO moves are banned
|rule|Evasion Items Clause: Evasion items are banned
|rule|Evasion Moves Clause: Evasion moves are banned
|rule|Evasion Abilities Clause: Evasion abilities are banned
|rule|Sleep Moves Clause: Sleep-inducing moves are banned
|clearpoke
|poke|p1|Blastoise, F|
|poke|p1|Cloyster, F|
|poke|p1|Golem, F|
|poke|p1|Magneton|
|poke|p1|Rhydon, M|
|poke|p1|Zapdos|
|poke|p2|Gliscor, M|
|poke|p2|Ceruledge, M|
|poke|p2|Kyurem|
|poke|p2|Lokix, M|
|poke|p2|Tornadus-Therian, M|
|poke|p2|Alomomola, M|
|teampreview
|inactive|Battle timer is ON: inactive players will automatically lose when time's up. (requested by KingOfKanto69)
|c|☆KingOfKanto69|:0
|c|☆KingOfKanto69|genwu
|c|☆KingOfKanto69|wun
|
|t:|1760417949
|teamsize|p1|6
|teamsize|p2|6
|start
|switch|p1a: Golem|Golem, F|100/100
|switch|p2a: Gliscor|Gliscor, M|100/100
|turn|1
|
|t:|1760417956
|move|p2a: Gliscor|Knock Off|p1a: Golem
|-damage|p1a: Golem|78/100
|-enditem|p1a: Golem|Custap Berry|[from] move: Knock Off|[of] p2a: Gliscor
|move|p1a: Golem|Stealth Rock|p2a: Gliscor
|-sidestart|p2: KingOfKanto69|move: Stealth Rock
|
|-status|p2a: Gliscor|tox|[from] item: Toxic Orb
|upkeep
|turn|2
|
|t:|1760417965
|move|p2a: Gliscor|Earthquake|p1a: Golem
|-supereffective|p1a: Golem
|-damage|p1a: Golem|0 fnt
|faint|p1a: Golem
|
|upkeep
|
|t:|1760417970
|switch|p1a: Cloyster|Cloyster, F|100/100
|turn|3
|
|t:|1760417976
|move|p2a: Gliscor|Knock Off|p1a: Cloyster
|-damage|p1a: Cloyster|79/100
|-enditem|p1a: Cloyster|White Herb|[from] move: Knock Off|[of] p2a: Gliscor
|move|p1a: Cloyster|Icicle Spear|p2a: Gliscor
|-supereffective|p2a: Gliscor
|-damage|p2a: Gliscor|54/100 tox
|-supereffective|p2a: Gliscor
|-damage|p2a: Gliscor|4/100 tox
|-supereffective|p2a: Gliscor
|-damage|p2a: Gliscor|0 fnt
|faint|p2a: Gliscor
|-hitcount|p2: Gliscor|3
|
|upkeep
|
|t:|1760418001
|switch|p2a: Lokix|Lokix, M|100/100
|-damage|p2a: Lokix|76/100|[from] Stealth Rock
|turn|4
|
|t:|1760418009
|move|p2a: Lokix|First Impression|p1a: Cloyster
|-damage|p1a: Cloyster|35/100
|-damage|p2a: Lokix|66/100|[from] item: Life Orb
|move|p1a: Cloyster|Shell Smash|p1a: Cloyster
|-unboost|p1a: Cloyster|def|1
|-unboost|p1a: Cloyster|spd|1
|-boost|p1a: Cloyster|atk|2
|-boost|p1a: Cloyster|spa|2
|-boost|p1a: Cloyster|spe|2
|
|upkeep
|turn|5
|
|t:|1760418019
|move|p2a: Lokix|Sucker Punch|p1a: Cloyster
|-damage|p1a: Cloyster|0 fnt
|faint|p1a: Cloyster
|-damage|p2a: Lokix|56/100|[from] item: Life Orb
|
|upkeep
|
|t:|1760418033
|switch|p1a: Rhydon|Rhydon, M|100/100
|turn|6
|
|t:|1760418038
|move|p2a: Lokix|Knock Off|p1a: Rhydon
|-damage|p1a: Rhydon|77/100
|-enditem|p1a: Rhydon|Eviolite|[from] move: Knock Off|[of] p2a: Lokix
|-damage|p2a: Lokix|46/100|[from] item: Life Orb
|move|p1a: Rhydon|Rock Blast|p2a: Lokix
|-supereffective|p2a: Lokix
|-damage|p2a: Lokix|6/100
|-supereffective|p2a: Lokix
|-damage|p2a: Lokix|0 fnt
|faint|p2a: Lokix
|-hitcount|p2: Lokix|2
|
|upkeep
|
|t:|1760418045
|switch|p2a: Ceruledge|Ceruledge, M|100/100
|-damage|p2a: Ceruledge|76/100|[from] Stealth Rock
|turn|7
|
|t:|1760418053
|move|p2a: Ceruledge|Swords Dance|p2a: Ceruledge
|-boost|p2a: Ceruledge|atk|2
|move|p1a: Rhydon|Earthquake|p2a: Ceruledge
|-supereffective|p2a: Ceruledge
|-crit|p2a: Ceruledge
|-damage|p2a: Ceruledge|0 fnt
|faint|p2a: Ceruledge
|
|upkeep
|
|t:|1760418056
|switch|p2a: Alomomola|Alomomola, M|100/100
|-damage|p2a: Alomomola|88/100|[from] Stealth Rock
|turn|8
|
|t:|1760418064
|switch|p1a: Magneton|Magneton|100/100
|move|p2a: Alomomola|Scald|p1a: Magneton
|-damage|p1a: Magneton|74/100
|-status|p1a: Magneton|brn
|
|-heal|p2a: Alomomola|94/100|[from] item: Leftovers
|-damage|p1a: Magneton|68/100 brn|[from] brn
|upkeep
|turn|9
|
|t:|1760418075
|move|p1a: Magneton|Discharge|p2a: Alomomola
|-supereffective|p2a: Alomomola
|-damage|p2a: Alomomola|0 fnt
|faint|p2a: Alomomola
|
|-damage|p1a: Magneton|62/100 brn|[from] brn
|upkeep
|
|t:|1760418077
|switch|p2a: Kyurem|Kyurem|100/100
|-damage|p2a: Kyurem|76/100|[from] Stealth Rock
|-ability|p2a: Kyurem|Pressure
|turn|10
|
|t:|1760418097
|switch|p1a: Blastoise|Blastoise, F|100/100
|move|p2a: Kyurem|Dragon Dance|p2a: Kyurem
|-boost|p2a: Kyurem|atk|1
|-boost|p2a: Kyurem|spe|1
|
|upkeep
|turn|11
|
|t:|1760418104
|move|p2a: Kyurem|Scale Shot|p1a: Blastoise
|-damage|p1a: Blastoise|78/100
|-damage|p1a: Blastoise|54/100
|-damage|p1a: Blastoise|28/100
|-damage|p1a: Blastoise|4/100
|-hitcount|p1a: Blastoise|4
|-unboost|p2a: Kyurem|def|1
|-boost|p2a: Kyurem|spe|1
|move|p1a: Blastoise|Shell Smash|p1a: Blastoise
|-unboost|p1a: Blastoise|def|1
|-unboost|p1a: Blastoise|spd|1
|-boost|p1a: Blastoise|atk|2
|-boost|p1a: Blastoise|spa|2
|-boost|p1a: Blastoise|spe|2
|-enditem|p1a: Blastoise|White Herb
|-clearnegativeboost|p1a: Blastoise|[silent]
|
|upkeep
|turn|12
|
|t:|1760418120
|move|p2a: Kyurem|Scale Shot|p1a: Blastoise
|-damage|p1a: Blastoise|0 fnt
|faint|p1a: Blastoise
|-hitcount|p1: Blastoise|1
|-unboost|p2a: Kyurem|def|1
|-boost|p2a: Kyurem|spe|1
|
|upkeep
|
|t:|1760418127
|switch|p1a: Magneton|Magneton|62/100 brn
|turn|13
|
|t:|1760418132
|move|p2a: Kyurem|Scale Shot|p1a: Magneton
|-resisted|p1a: Magneton
|-damage|p1a: Magneton|47/100 brn
|-resisted|p1a: Magneton
|-damage|p1a: Magneton|30/100 brn
|-resisted|p1a: Magneton
|-damage|p1a: Magneton|14/100 brn
|-resisted|p1a: Magneton
|-damage|p1a: Magneton|0 fnt
|faint|p1a: Magneton
|-hitcount|p1: Magneton|4
|-unboost|p2a: Kyurem|def|1
|-boost|p2a: Kyurem|spe|1
|
|upkeep
|
|t:|1760418144
|switch|p1a: Zapdos|Zapdos|100/100
|turn|14
|
|t:|1760418157
|move|p2a: Kyurem|Icicle Spear|p1a: Zapdos
|-supereffective|p1a: Zapdos
|-damage|p1a: Zapdos|67/100
|-supereffective|p1a: Zapdos
|-damage|p1a: Zapdos|31/100
|-supereffective|p1a: Zapdos
|-damage|p1a: Zapdos|0 fnt
|faint|p1a: Zapdos
|-hitcount|p1: Zapdos|3
|
|upkeep
|c|☆preppy dude|Gg
|-message|preppy dude forfeited.
|
|win|KingOfKanto69
|raw|preppy dude's rating: 1402 &rarr; <strong>1381</strong><br />(-21 for losing)
|raw|KingOfKanto69's rating: 1376 &rarr; <strong>1397</strong><br />(+21 for winning)
|l|☆preppy dude
|player|p1|
