|j|☆Rj yoip
|j|☆Sanesa8724
|t:|1760453047
|gametype|singles
|player|p1|Rj yoip|caitlin-masters|1700
|player|p2|Sanesa8724|buck|1786
|gen|9
|tier|[Gen 9] OU
|rated|
|rule|HP Percentage Mod: HP is shown in percentages
|rule|Endless Battle Clause: Forcing endless battles is banned
|rule|Species Clause: Limit one of each Pokémon
|rule|OHKO Clause: OHKO moves are banned
|rule|Evasion Items Clause: Evasion items are banned
|rule|Evasion Moves Clause: Evasion moves are banned
|rule|Evasion Abilities Clause: Evasion abilities are banned
|rule|Sleep Moves Clause: Sleep-inducing moves are banned
|clearpoke
|poke|p1|Zapdos-Galar|
|poke|p1|Darkrai|
|poke|p1|Clefable, F|
|poke|p1|Gliscor, M|
|poke|p1|Dragapult, M|
|poke|p1|Kingambit, F|
|poke|p2|Ting-Lu|
|poke|p2|Gholdengo|
|poke|p2|Slowking-Galar, M|
|poke|p2|Great Tusk|
|poke|p2|Dragonite, M|
|poke|p2|Weavile, F|
|teampreview
|inactive|Battle timer is ON: inactive players will automatically lose when time's up. (requested by Rj yoip)
|
|t:|1760453065
|teamsize|p1|6
|teamsize|p2|6
|start
|switch|p1a: Darkrai|Darkrai|100/100
|switch|p2a: Weavile|Weavile, F|100/100
|turn|1
|j| 54 Insane Rats
|
|t:|1760453069
|move|p2a: Weavile|Triple Axel|p1a: Darkrai
|-damage|p1a: Darkrai|87/100
|-damage|p1a: Darkrai|62/100
|-crit|p1a: Darkrai
|-damage|p1a: Darkrai|4/100
|-hitcount|p1a: Darkrai|3
|move|p1a: Darkrai|Will-O-Wisp|p2a: Weavile
|-status|p2a: Weavile|brn
|
|-damage|p2a: Weavile|94/100 brn|[from] brn
|upkeep
|turn|2
|
|t:|1760453074
|move|p2a: Weavile|Knock Off|p1a: Darkrai
|-resisted|p1a: Darkrai
|-damage|p1a: Darkrai|0 fnt
|-enditem|p1a: Darkrai|Heavy-Duty Boots|[from] move: Knock Off|[of] p2a: Weavile
|faint|p1a: Darkrai
|
|-damage|p2a: Weavile|88/100 brn|[from] brn
|upkeep
|
|t:|1760453077
|switch|p1a: Gliscor|Gliscor, M|100/100
|turn|3
|
|t:|1760453080
|move|p1a: Gliscor|Protect|p1a: Gliscor
|-singleturn|p1a: Gliscor|Protect
|move|p2a: Weavile|Swords Dance|p2a: Weavile
|-boost|p2a: Weavile|atk|2
|
|-damage|p2a: Weavile|82/100 brn|[from] brn
|-status|p1a: Gliscor|tox|[from] item: Toxic Orb
|upkeep
|turn|4
|
|t:|1760453084
|-terastallize|p1a: Gliscor|Water
|move|p2a: Weavile|Knock Off|p1a: Gliscor
|-damage|p1a: Gliscor|60/100 tox
|-enditem|p1a: Gliscor|Toxic Orb|[from] move: Knock Off|[of] p2a: Weavile
|move|p1a: Gliscor|Earthquake|p2a: Weavile
|-damage|p2a: Weavile|30/100 brn
|
|-heal|p1a: Gliscor|72/100 tox|[from] ability: Poison Heal
|-damage|p2a: Weavile|24/100 brn|[from] brn
|upkeep
|turn|5
|
|t:|1760453090
|switch|p2a: Ting-Lu|Ting-Lu|100/100
|-ability|p2a: Ting-Lu|Vessel of Ruin
|move|p1a: Gliscor|Spikes|p2a: Ting-Lu
|-sidestart|p2: Sanesa8724|Spikes
|
|-heal|p1a: Gliscor|85/100 tox|[from] ability: Poison Heal
|upkeep
|turn|6
|
|t:|1760453092
|move|p1a: Gliscor|Toxic|p2a: Ting-Lu
|-status|p2a: Ting-Lu|tox
|move|p2a: Ting-Lu|Spikes|p1a: Gliscor
|-sidestart|p1: Rj yoip|Spikes
|
|-heal|p1a: Gliscor|97/100 tox|[from] ability: Poison Heal
|-damage|p2a: Ting-Lu|94/100 tox|[from] psn
|upkeep
|turn|7
|
|t:|1760453096
|move|p1a: Gliscor|Spikes|p2a: Ting-Lu
|-sidestart|p2: Sanesa8724|Spikes
|move|p2a: Ting-Lu|Spikes|p1a: Gliscor
|-sidestart|p1: Rj yoip|Spikes
|
|-heal|p2a: Ting-Lu|100/100 tox|[from] item: Leftovers
|-heal|p1a: Gliscor|100/100 tox|[from] ability: Poison Heal
|-damage|p2a: Ting-Lu|88/100 tox|[from] psn
|upkeep
|turn|8
|
|t:|1760453097
|move|p1a: Gliscor|Spikes|p2a: Ting-Lu
|-sidestart|p2: Sanesa8724|Spikes
|move|p2a: Ting-Lu|Spikes|p1a: Gliscor
|-sidestart|p1: Rj yoip|Spikes
|
|-heal|p2a: Ting-Lu|94/100 tox|[from] item: Leftovers
|-damage|p2a: Ting-Lu|76/100 tox|[from] psn
|upkeep
|turn|9
|
|t:|1760453102
|switch|p1a: Clefable|Clefable, F|100/100
|switch|p2a: Gholdengo|Gholdengo|100/100
|-item|p2a: Gholdengo|Air Balloon
|
|upkeep
|turn|10
|
|t:|1760453105
|move|p2a: Gholdengo|Nasty Plot|p2a: Gholdengo
|-boost|p2a: Gholdengo|spa|2
|move|p1a: Clefable|Knock Off|p2a: Gholdengo
|-supereffective|p2a: Gholdengo
|-damage|p2a: Gholdengo|71/100
|-enditem|p2a: Gholdengo|Air Balloon
|
|upkeep
|turn|11
|
|t:|1760453109
|move|p2a: Gholdengo|Make It Rain|p1a: Clefable
|-supereffective|p1a: Clefable
|-damage|p1a: Clefable|0 fnt
|-unboost|p2a: Gholdengo|spa|1
|faint|p1a: Clefable
|
|upkeep
|
|t:|1760453113
|switch|p1a: Kingambit|Kingambit, F|100/100
|-activate|p1a: Kingambit|ability: Supreme Overlord
|-start|p1a: Kingambit|fallen2|[silent]
|-item|p1a: Kingambit|Air Balloon
|turn|12
|
|t:|1760453120
|switch|p2a: Great Tusk|Great Tusk|100/100
|-end|p1a: Kingambit|fallen2|[silent]
|switch|p1a: Gliscor|Gliscor, M, tera:Water|100/100 tox
|-damage|p1a: Gliscor|75/100 tox|[from] Spikes
|
|-heal|p1a: Gliscor|88/100 tox|[from] ability: Poison Heal
|upkeep
|turn|13
|j| Samurajen
|
|t:|1760453127
|move|p1a: Gliscor|Protect|p1a: Gliscor
|-singleturn|p1a: Gliscor|Protect
|move|p2a: Great Tusk|Rapid Spin|p1a: Gliscor
|-activate|p1a: Gliscor|move: Protect
|
|-heal|p1a: Gliscor|100/100 tox|[from] ability: Poison Heal
|upkeep
|turn|14
|
|t:|1760453131
|move|p2a: Great Tusk|Rapid Spin|p1a: Gliscor
|-damage|p1a: Gliscor|87/100 tox
|-boost|p2a: Great Tusk|spe|1
|-sideend|p2: Sanesa8724|Spikes|[from] move: Rapid Spin|[of] p2a: Great Tusk
|move|p1a: Gliscor|Toxic|p2a: Great Tusk
|-status|p2a: Great Tusk|tox
|
|-damage|p2a: Great Tusk|94/100 tox|[from] psn
|-heal|p1a: Gliscor|99/100 tox|[from] ability: Poison Heal
|upkeep
|turn|15
|
|t:|1760453135
|-end|p2a: Great Tusk|Protosynthesis|[silent]
|switch|p2a: Dragonite|Dragonite, M|100/100
|move|p1a: Gliscor|Spikes|p2a: Dragonite
|-sidestart|p2: Sanesa8724|Spikes
|
|-heal|p1a: Gliscor|100/100 tox|[from] ability: Poison Heal
|upkeep
|turn|16
|
|t:|1760453141
|move|p1a: Gliscor|Toxic|p2a: Dragonite
|-status|p2a: Dragonite|tox
|move|p2a: Dragonite|Dragon Tail|p1a: Gliscor|[miss]
|-miss|p2a: Dragonite|p1a: Gliscor
|
|-damage|p2a: Dragonite|94/100 tox|[from] psn
|upkeep
|turn|17
|
|t:|1760453151
|move|p1a: Gliscor|Spikes|p2a: Dragonite
|-sidestart|p2: Sanesa8724|Spikes
|move|p2a: Dragonite|Dragon Tail|p1a: Gliscor
|-damage|p1a: Gliscor|75/100 tox
|drag|p1a: Kingambit|Kingambit, F|100/100
|-activate|p1a: Kingambit|ability: Supreme Overlord
|-start|p1a: Kingambit|fallen2|[silent]
|-item|p1a: Kingambit|Air Balloon
|
|-damage|p2a: Dragonite|82/100 tox|[from] psn
|upkeep
|turn|18
|
|t:|1760453157
|-end|p1a: Kingambit|fallen2|[silent]
|switch|p1a: Gliscor|Gliscor, M, tera:Water|75/100 tox
|-damage|p1a: Gliscor|50/100 tox|[from] Spikes
|move|p2a: Dragonite|Dragon Tail|p1a: Gliscor
|-damage|p1a: Gliscor|20/100 tox
|drag|p1a: Zapdos|Zapdos-Galar|100/100
|
|-damage|p2a: Dragonite|64/100 tox|[from] psn
|upkeep
|turn|19
|j| 1vCLC19b Specnier
|
|t:|1760453176
|move|p1a: Zapdos|Thunderous Kick|p2a: Dragonite
|-resisted|p2a: Dragonite
|-damage|p2a: Dragonite|42/100 tox
|-unboost|p2a: Dragonite|def|1
|move|p2a: Dragonite|Roost|p2a: Dragonite
|-heal|p2a: Dragonite|92/100 tox
|-singleturn|p2a: Dragonite|move: Roost
|
|-damage|p2a: Dragonite|68/100 tox|[from] psn
|upkeep
|turn|20
|
|t:|1760453183
|switch|p2a: Slowking|Slowking-Galar, M|100/100
|-damage|p2a: Slowking|84/100|[from] Spikes
|move|p1a: Zapdos|Knock Off|p2a: Slowking
|-supereffective|p2a: Slowking
|-enditem|p2a: Slowking|Colbur Berry|[eat]
|-enditem|p2a: Slowking|Colbur Berry|[weaken]
|-damage|p2a: Slowking|51/100
|
|upkeep
|turn|21
|
|t:|1760453190
|switch|p2a: Weavile|Weavile, F|24/100 brn
|move|p1a: Zapdos|Knock Off|p2a: Weavile
|-resisted|p2a: Weavile
|-damage|p2a: Weavile|0 fnt
|-enditem|p2a: Weavile|Heavy-Duty Boots|[from] move: Knock Off|[of] p1a: Zapdos
|faint|p2a: Weavile
|
|upkeep
|
|t:|1760453209
|switch|p2a: Slowking|Slowking-Galar, M|84/100
|-damage|p2a: Slowking|68/100|[from] Spikes
|turn|22
|
|t:|1760453226
|switch|p1a: Gliscor|Gliscor, M, tera:Water|20/100 tox
|-damage|p1a: Gliscor|0 fnt|[from] Spikes
|faint|p1a: Gliscor
|move|p2a: Slowking|Future Sight|p1: Gliscor
|-start|p2a: Slowking|move: Future Sight
|
|upkeep
|
|t:|1760453228
|switch|p1a: Kingambit|Kingambit, F|100/100
|-activate|p1a: Kingambit|ability: Supreme Overlord
|-start|p1a: Kingambit|fallen3|[silent]
|-item|p1a: Kingambit|Air Balloon
|turn|23
|
|t:|1760453236
|switch|p2a: Great Tusk|Great Tusk|94/100 tox
|move|p1a: Kingambit|Swords Dance|p1a: Kingambit
|-boost|p1a: Kingambit|atk|2
|
|-damage|p2a: Great Tusk|88/100 tox|[from] psn
|upkeep
|turn|24
|
|t:|1760453245
|move|p2a: Great Tusk|Rapid Spin|p1a: Kingambit
|-resisted|p1a: Kingambit
|-damage|p1a: Kingambit|93/100
|-boost|p2a: Great Tusk|spe|1
|-enditem|p1a: Kingambit|Air Balloon
|-sideend|p2: Sanesa8724|Spikes|[from] move: Rapid Spin|[of] p2a: Great Tusk
|move|p1a: Kingambit|Low Kick|p2a: Great Tusk
|-damage|p2a: Great Tusk|0 fnt
|faint|p2a: Great Tusk
|-end|p2a: Great Tusk|Protosynthesis|[silent]
|
|-end|p1a: Kingambit|move: Future Sight
|-immune|p1a: Kingambit
|upkeep
|
|t:|1760453250
|switch|p2a: Ting-Lu|Ting-Lu|76/100 tox
|-ability|p2a: Ting-Lu|Vessel of Ruin
|turn|25
|
|t:|1760453256
|-terastallize|p2a: Ting-Lu|Poison
|move|p1a: Kingambit|Low Kick|p2a: Ting-Lu
|-resisted|p2a: Ting-Lu
|-damage|p2a: Ting-Lu|43/100 tox
|move|p2a: Ting-Lu|Whirlwind|p1a: Kingambit
|-end|p1a: Kingambit|fallen3|[silent]
|drag|p1a: Zapdos|Zapdos-Galar|100/100
|
|-heal|p2a: Ting-Lu|50/100 tox|[from] item: Leftovers
|-damage|p2a: Ting-Lu|43/100 tox|[from] psn
|upkeep
|turn|26
|
|t:|1760453270
|move|p1a: Zapdos|Knock Off|p2a: Ting-Lu
|-damage|p2a: Ting-Lu|25/100 tox
|-enditem|p2a: Ting-Lu|Leftovers|[from] move: Knock Off|[of] p1a: Zapdos
|move|p2a: Ting-Lu|Ruination|p1a: Zapdos
|-damage|p1a: Zapdos|51/100
|
|-damage|p2a: Ting-Lu|12/100 tox|[from] psn
|upkeep
|turn|27
|
|t:|1760453281
|move|p1a: Zapdos|Drill Peck|p2a: Ting-Lu
|-damage|p2a: Ting-Lu|0 fnt
|faint|p2a: Ting-Lu
|
|upkeep
|
|t:|1760453285
|switch|p2a: Slowking|Slowking-Galar, M|100/100
|turn|28
|
|t:|1760453288
|move|p1a: Zapdos|Knock Off|p2a: Slowking
|-supereffective|p2a: Slowking
|-damage|p2a: Slowking|56/100
|move|p2a: Slowking|Thunder Wave|p1a: Zapdos
|-status|p1a: Zapdos|par
|
|upkeep
|turn|29
|
|t:|1760453292
|move|p1a: Zapdos|Knock Off|p2a: Slowking
|-supereffective|p2a: Slowking
|-damage|p2a: Slowking|8/100
|-prepare|p2a: Slowking|Chilly Reception|[premajor]
|move|p2a: Slowking|Chilly Reception|p2a: Slowking
|-weather|Snowscape
|
|t:|1760453300
|switch|p2a: Dragonite|Dragonite, M|68/100 tox|[from] Chilly Reception
|
|-weather|Snowscape|[upkeep]
|-damage|p2a: Dragonite|62/100 tox|[from] psn
|upkeep
|turn|30
|
|t:|1760453317
|move|p2a: Dragonite|Roost|p2a: Dragonite
|-heal|p2a: Dragonite|100/100 tox
|-singleturn|p2a: Dragonite|move: Roost
|move|p1a: Zapdos|Knock Off|p2a: Dragonite
|-damage|p2a: Dragonite|84/100 tox
|-enditem|p2a: Dragonite|Heavy-Duty Boots|[from] move: Knock Off|[of] p1a: Zapdos
|
|-weather|Snowscape|[upkeep]
|-damage|p2a: Dragonite|72/100 tox|[from] psn
|upkeep
|turn|31
|
|t:|1760453331
|switch|p2a: Slowking|Slowking-Galar, M|42/100
|move|p1a: Zapdos|Knock Off|p2a: Slowking
|-supereffective|p2a: Slowking
|-damage|p2a: Slowking|0 fnt
|faint|p2a: Slowking
|
|-weather|Snowscape|[upkeep]
|upkeep
|
|t:|1760453332
|switch|p2a: Gholdengo|Gholdengo|71/100
|turn|32
|
|t:|1760453353
|move|p2a: Gholdengo|Recover|p2a: Gholdengo
|-heal|p2a: Gholdengo|100/100
|move|p1a: Zapdos|U-turn|p2a: Gholdengo
|-resisted|p2a: Gholdengo
|-damage|p2a: Gholdengo|95/100
|
|t:|1760453356
|switch|p1a: Kingambit|Kingambit, F|93/100|[from] U-turn
|-damage|p1a: Kingambit|68/100|[from] Spikes
|-activate|p1a: Kingambit|ability: Supreme Overlord
|-start|p1a: Kingambit|fallen3|[silent]
|
|-weather|Snowscape|[upkeep]
|upkeep
|turn|33
|
|t:|1760453360
|move|p2a: Gholdengo|Make It Rain|p1a: Kingambit
|-resisted|p1a: Kingambit
|-damage|p1a: Kingambit|25/100
|-unboost|p2a: Gholdengo|spa|1
|move|p1a: Kingambit|Swords Dance|p1a: Kingambit
|-boost|p1a: Kingambit|atk|2
|
|-weather|none
|upkeep
|turn|34
|
|t:|1760453366
|switch|p2a: Dragonite|Dragonite, M|72/100 tox
|move|p1a: Kingambit|Sucker Punch||[still]
|-fail|p1a: Kingambit
|
|-damage|p2a: Dragonite|66/100 tox|[from] psn
|upkeep
|turn|35
|
|t:|1760453370
|move|p2a: Dragonite|Extreme Speed|p1a: Kingambit
|-resisted|p1a: Kingambit
|-damage|p1a: Kingambit|12/100
|move|p1a: Kingambit|Sucker Punch||[still]
|-fail|p1a: Kingambit
|
|-damage|p2a: Dragonite|54/100 tox|[from] psn
|upkeep
|turn|36
|
|t:|1760453373
|move|p2a: Dragonite|Extreme Speed|p1a: Kingambit
|-resisted|p1a: Kingambit
|-damage|p1a: Kingambit|0 fnt
|faint|p1a: Kingambit
|-end|p1a: Kingambit|fallen3|[silent]
|
|-damage|p2a: Dragonite|36/100 tox|[from] psn
|upkeep
|
|t:|1760453375
|switch|p1a: Dragapult|Dragapult, M|100/100
|turn|37
|l| 1vCLC19b Specnier
|
|t:|1760453381
|move|p1a: Dragapult|Dragon Darts|p2a: Dragonite
|-supereffective|p2a: Dragonite
|-damage|p2a: Dragonite|0 fnt
|faint|p2a: Dragonite
|
|upkeep
|
|t:|1760453382
|switch|p2a: Gholdengo|Gholdengo|95/100
|turn|38
|
|t:|1760453385
|switch|p1a: Zapdos|Zapdos-Galar|51/100 par
|move|p2a: Gholdengo|Shadow Ball|p1a: Zapdos
|-damage|p1a: Zapdos|0 fnt
|faint|p1a: Zapdos
|
|upkeep
|
|t:|1760453387
|switch|p1a: Dragapult|Dragapult, M|100/100
|turn|39
|
|t:|1760453392
|move|p1a: Dragapult|Hex|p2a: Gholdengo
|-supereffective|p2a: Gholdengo
|-damage|p2a: Gholdengo|48/100
|move|p2a: Gholdengo|Shadow Ball|p1a: Dragapult
|-supereffective|p1a: Dragapult
|-damage|p1a: Dragapult|0 fnt
|faint|p1a: Dragapult
|
|win|Sanesa8724
|raw|Rj yoip's rating: 1700 &rarr; <strong>1685</strong><br />(-15 for losing)
|raw|Sanesa8724's rating: 1786 &rarr; <strong>1801</strong><br />(+15 for winning)
|l|☆Rj yoip
|player|p1|
|c|☆Sanesa8724|gg
|l|☆Sanesa8724
|player|p2|
