|j|☆Overgame00
|j|☆tza803
|t:|1760347875
|gametype|singles
|player|p1|Overgame00|baker|1402
|player|p2|tza803|265|1400
|gen|9
|tier|[Gen 9] OU
|rated|
|rule|HP Percentage Mod: HP is shown in percentages
|rule|Endless Battle Clause: Forcing endless battles is banned
|rule|Species Clause: Limit one of each Pokémon
|rule|OHKO Clause: OHKO moves are banned
|rule|Evasion Items Clause: Evasion items are banned
|rule|Evasion Moves Clause: Evasion moves are banned
|rule|Evasion Abilities Clause: Evasion abilities are banned
|rule|Sleep Moves Clause: Sleep-inducing moves are banned
|clearpoke
|poke|p1|Revavroom, M|
|poke|p1|Enamorus, F|
|poke|p1|Cinderace, M|
|poke|p1|Ting-Lu|
|poke|p1|Iron Valiant|
|poke|p1|Iron Moth|
|poke|p2|Zamazenta-*|
|poke|p2|Dragonite, M|
|poke|p2|Ogerpon-Wellspring, F|
|poke|p2|Walking Wake|
|poke|p2|Cinderace, M|
|poke|p2|Great Tusk|
|teampreview
|inactive|Battle timer is ON: inactive players will automatically lose when time's up. (requested by tza803)
|
|t:|1760347893
|teamsize|p1|6
|teamsize|p2|6
|start
|switch|p1a: Revavroom|Revavroom, M|100/100
|switch|p2a: Walking Wake|Walking Wake|100/100
|turn|1
|
|t:|1760347900
|move|p2a: Walking Wake|Hydro Pump|p1a: Revavroom
|-damage|p1a: Revavroom|7/100
|move|p1a: Revavroom|Shift Gear|p1a: Revavroom
|-boost|p1a: Revavroom|spe|2
|-boost|p1a: Revavroom|atk|1
|
|upkeep
|turn|2
|
|t:|1760347908
|move|p2a: Walking Wake|Aqua Jet|p1a: Revavroom
|-damage|p1a: Revavroom|0 fnt
|faint|p1a: Revavroom
|
|upkeep
|
|t:|1760347915
|switch|p1a: Enamorus|Enamorus, F|100/100
|turn|3
|
|t:|1760347922
|-terastallize|p2a: Walking Wake|Fire
|move|p1a: Enamorus|Moonblast|p2a: Walking Wake
|-resisted|p2a: Walking Wake
|-damage|p2a: Walking Wake|81/100
|move|p2a: Walking Wake|Flamethrower|p1a: Enamorus
|-damage|p1a: Enamorus|34/100
|
|upkeep
|turn|4
|
|t:|1760347937
|switch|p1a: Ting-Lu|Ting-Lu|100/100
|-ability|p1a: Ting-Lu|Vessel of Ruin
|move|p2a: Walking Wake|Hydro Pump|p1a: Ting-Lu|[miss]
|-miss|p2a: Walking Wake|p1a: Ting-Lu
|
|upkeep
|turn|5
|
|t:|1760347951
|-end|p2a: Walking Wake|Protosynthesis|[silent]
|switch|p2a: Ogerpon|Ogerpon-Wellspring, F|100/100
|move|p1a: Ting-Lu|Stealth Rock|p2a: Ogerpon
|-sidestart|p2: tza803|move: Stealth Rock
|
|upkeep
|turn|6
|inactive|tza803 has 120 seconds left.
|
|t:|1760347980
|move|p2a: Ogerpon|Ivy Cudgel|p1a: Ting-Lu|[anim] Ivy Cudgel Water
|-supereffective|p1a: Ting-Lu
|-damage|p1a: Ting-Lu|46/100
|move|p1a: Ting-Lu|Whirlwind|p2a: Ogerpon
|drag|p2a: Cinderace|Cinderace, M|100/100
|
|-heal|p1a: Ting-Lu|52/100|[from] item: Leftovers
|upkeep
|turn|7
|inactive|tza803 has 120 seconds left.
|
|t:|1760347992
|move|p2a: Cinderace|High Jump Kick|p1a: Ting-Lu
|-start|p2a: Cinderace|typechange|Fighting|[from] ability: Libero
|-supereffective|p1a: Ting-Lu
|-damage|p1a: Ting-Lu|0 fnt
|faint|p1a: Ting-Lu
|
|upkeep
|
|t:|1760347999
|switch|p1a: Enamorus|Enamorus, F|34/100
|turn|8
|
|t:|1760348006
|move|p1a: Enamorus|Moonblast|p2a: Cinderace
|-supereffective|p2a: Cinderace
|-damage|p2a: Cinderace|0 fnt
|faint|p2a: Cinderace
|
|upkeep
|
|t:|1760348020
|switch|p2a: Walking Wake|Walking Wake, tera:Fire|81/100
|-damage|p2a: Walking Wake|56/100|[from] Stealth Rock
|turn|9
|
|t:|1760348026
|move|p1a: Enamorus|Moonblast|p2a: Walking Wake
|-resisted|p2a: Walking Wake
|-damage|p2a: Walking Wake|36/100
|move|p2a: Walking Wake|Hydro Pump|p1a: Enamorus
|-damage|p1a: Enamorus|0 fnt
|faint|p1a: Enamorus
|
|upkeep
|
|t:|1760348034
|switch|p1a: Iron Moth|Iron Moth|100/100
|turn|10
|
|t:|1760348051
|move|p1a: Iron Moth|Sludge Wave|p2a: Walking Wake
|-damage|p2a: Walking Wake|0 fnt
|faint|p2a: Walking Wake
|-end|p2a: Walking Wake|Protosynthesis|[silent]
|
|upkeep
|
|t:|1760348059
|switch|p2a: Great Tusk|Great Tusk|100/100
|turn|11
|
|t:|1760348070
|move|p1a: Iron Moth|Sludge Wave|p2a: Great Tusk
|-resisted|p2a: Great Tusk
|-damage|p2a: Great Tusk|44/100
|move|p2a: Great Tusk|Headlong Rush|p1a: Iron Moth
|-supereffective|p1a: Iron Moth
|-damage|p1a: Iron Moth|0 fnt
|-unboost|p2a: Great Tusk|def|1
|-unboost|p2a: Great Tusk|spd|1
|faint|p1a: Iron Moth
|-end|p1a: Iron Moth|Quark Drive|[silent]
|
|upkeep
|
|t:|1760348077
|switch|p1a: Iron Valiant|Iron Valiant|100/100
|-enditem|p1a: Iron Valiant|Booster Energy
|-activate|p1a: Iron Valiant|ability: Quark Drive|[fromitem]
|-start|p1a: Iron Valiant|quarkdrivespe
|turn|12
|
|t:|1760348086
|-end|p2a: Great Tusk|Protosynthesis|[silent]
|switch|p2a: Zamazenta|Zamazenta|100/100
|-damage|p2a: Zamazenta|94/100|[from] Stealth Rock
|-ability|p2a: Zamazenta|Dauntless Shield|boost
|-boost|p2a: Zamazenta|def|1
|move|p1a: Iron Valiant|Moonblast|p2a: Zamazenta
|-supereffective|p2a: Zamazenta
|-damage|p2a: Zamazenta|21/100
|
|-heal|p2a: Zamazenta|27/100|[from] item: Leftovers
|upkeep
|turn|13
|
|t:|1760348104
|move|p1a: Iron Valiant|Moonblast|p2a: Zamazenta
|-supereffective|p2a: Zamazenta
|-damage|p2a: Zamazenta|0 fnt
|faint|p2a: Zamazenta
|
|upkeep
|
|t:|1760348114
|switch|p2a: Ogerpon|Ogerpon-Wellspring, F|100/100
|-damage|p2a: Ogerpon|88/100|[from] Stealth Rock
|turn|14
|
|t:|1760348118
|-terastallize|p1a: Iron Valiant|Fairy
|move|p1a: Iron Valiant|Moonblast|p2a: Ogerpon
|-damage|p2a: Ogerpon|15/100
|-unboost|p2a: Ogerpon|spa|1
|move|p2a: Ogerpon|Horn Leech|p1a: Iron Valiant
|-damage|p1a: Iron Valiant|41/100
|-heal|p2a: Ogerpon|44/100|[from] drain|[of] p1a: Iron Valiant
|
|upkeep
|turn|15
|
|t:|1760348141
|move|p1a: Iron Valiant|Moonblast|p2a: Ogerpon
|-damage|p2a: Ogerpon|0 fnt
|faint|p2a: Ogerpon
|
|upkeep
|
|t:|1760348149
|switch|p2a: Dragonite|Dragonite, M|100/100
|-damage|p2a: Dragonite|76/100|[from] Stealth Rock
|turn|16
|
|t:|1760348153
|move|p2a: Dragonite|Extreme Speed|p1a: Iron Valiant
|-damage|p1a: Iron Valiant|0 fnt
|faint|p1a: Iron Valiant
|-end|p1a: Iron Valiant|Quark Drive|[silent]
|
|upkeep
|
|t:|1760348157
|switch|p1a: Cinderace|Cinderace, M|100/100
|turn|17
|
|t:|1760348166
|move|p1a: Cinderace|U-turn|p2a: Dragonite
|-start|p1a: Cinderace|typechange|Bug|[from] ability: Libero
|-resisted|p2a: Dragonite
|-damage|p2a: Dragonite|59/100
|move|p2a: Dragonite|Roost|p2a: Dragonite
|-heal|p2a: Dragonite|100/100
|-singleturn|p2a: Dragonite|move: Roost
|
|upkeep
|turn|18
|c|☆Overgame00|Gg
|-message|Overgame00 forfeited.
|
|win|tza803
|raw|Overgame00's rating: 1402 &rarr; <strong>1382</strong><br />(-20 for losing)
|raw|tza803's rating: 1400 &rarr; <strong>1420</strong><br />(+20 for winning)
|l|☆Overgame00
|player|p1|
