|j|☆blazartrafalgar
|j|☆SamiFawad
|t:|1760328485
|gametype|singles
|player|p1|blazartrafalgar|2|1540
|player|p2|SamiFawad|2|1588
|gen|9
|tier|[Gen 9] OU
|rated|
|rule|HP Percentage Mod: HP is shown in percentages
|rule|Endless Battle Clause: Forcing endless battles is banned
|rule|Species Clause: Limit one of each Pokémon
|rule|OHKO Clause: OHKO moves are banned
|rule|Evasion Items Clause: Evasion items are banned
|rule|Evasion Moves Clause: Evasion moves are banned
|rule|Evasion Abilities Clause: Evasion abilities are banned
|rule|Sleep Moves Clause: Sleep-inducing moves are banned
|clearpoke
|poke|p1|Meowscarada, F|
|poke|p1|Cinderace, M|
|poke|p1|Moltres|
|poke|p1|Gholdengo|
|poke|p1|Raging Bolt|
|poke|p1|Dragonite, M|
|poke|p2|Slowbro, F|
|poke|p2|Heatran, M|
|poke|p2|Landorus-Therian, M|
|poke|p2|Ogerpon-Cornerstone, F|
|poke|p2|Clodsire, M|
|poke|p2|Great Tusk|
|teampreview
|inactive|Battle timer is ON: inactive players will automatically lose when time's up. (requested by blazartrafalgar)
|
|t:|1760328490
|teamsize|p1|6
|teamsize|p2|6
|start
|switch|p1a: Meowscarada|Meowscarada, F|100/100
|switch|p2a: Heatran|Heatran, M|100/100
|turn|1
|
|t:|1760328495
|move|p2a: Heatran|Flamethrower|p1a: Meowscarada
|-supereffective|p1a: Meowscarada
|-damage|p1a: Meowscarada|0 fnt
|faint|p1a: Meowscarada
|
|upkeep
|c|☆blazartrafalgar|WHAT ?
|
|t:|1760328512
|switch|p1a: Cinderace|Cinderace, M|100/100
|turn|2
|
|t:|1760328516
|switch|p2a: Slowbro|Slowbro, F|100/100
|move|p1a: Cinderace|High Jump Kick|p2a: Slowbro
|-start|p1a: Cinderace|typechange|Fighting|[from] ability: Libero
|-resisted|p2a: Slowbro
|-damage|p2a: Slowbro|81/100
|-damage|p1a: Cinderace|84/100|[from] item: Rocky Helmet|[of] p2a: Slowbro
|
|upkeep
|turn|3
|
|t:|1760328526
|move|p1a: Cinderace|Sucker Punch|p2a: Slowbro
|-supereffective|p2a: Slowbro
|-damage|p2a: Slowbro|53/100
|-damage|p1a: Cinderace|67/100|[from] item: Rocky Helmet|[of] p2a: Slowbro
|move|p2a: Slowbro|Scald|p1a: Cinderace
|-damage|p1a: Cinderace|24/100
|
|upkeep
|turn|4
|
|t:|1760328533
|switch|p1a: Raging Bolt|Raging Bolt|100/100
|move|p2a: Slowbro|Scald|p1a: Raging Bolt
|-resisted|p1a: Raging Bolt
|-damage|p1a: Raging Bolt|94/100
|
|upkeep
|turn|5
|
|t:|1760328539
|switch|p2a: Clodsire|Clodsire, M|100/100
|move|p1a: Raging Bolt|Draco Meteor|p2a: Clodsire
|-damage|p2a: Clodsire|63/100
|-unboost|p1a: Raging Bolt|spa|2
|
|-heal|p2a: Clodsire|69/100|[from] item: Leftovers
|upkeep
|turn|6
|
|t:|1760328546
|-end|p1a: Raging Bolt|Protosynthesis|[silent]
|switch|p1a: Gholdengo|Gholdengo|100/100
|move|p2a: Clodsire|Earthquake|p1a: Gholdengo
|-supereffective|p1a: Gholdengo
|-damage|p1a: Gholdengo|41/100
|
|-heal|p2a: Clodsire|75/100|[from] item: Leftovers
|upkeep
|turn|7
|
|t:|1760328552
|move|p1a: Gholdengo|Recover|p1a: Gholdengo
|-heal|p1a: Gholdengo|91/100
|move|p2a: Clodsire|Earthquake|p1a: Gholdengo
|-supereffective|p1a: Gholdengo
|-damage|p1a: Gholdengo|25/100
|
|-heal|p2a: Clodsire|82/100|[from] item: Leftovers
|upkeep
|turn|8
|
|t:|1760328557
|-terastallize|p1a: Gholdengo|Flying
|move|p1a: Gholdengo|Recover|p1a: Gholdengo
|-heal|p1a: Gholdengo|75/100
|move|p2a: Clodsire|Earthquake|p1a: Gholdengo
|-immune|p1a: Gholdengo
|
|-heal|p2a: Clodsire|88/100|[from] item: Leftovers
|upkeep
|turn|9
|
|t:|1760328563
|switch|p2a: Heatran|Heatran, M|100/100
|move|p1a: Gholdengo|Shadow Ball|p2a: Heatran
|-crit|p2a: Heatran
|-damage|p2a: Heatran|13/100
|-unboost|p2a: Heatran|spd|1
|-damage|p1a: Gholdengo|65/100|[from] item: Life Orb
|
|upkeep
|turn|10
|
|t:|1760328572
|switch|p1a: Raging Bolt|Raging Bolt|94/100
|move|p2a: Heatran|Flamethrower|p1a: Raging Bolt
|-resisted|p1a: Raging Bolt
|-damage|p1a: Raging Bolt|82/100
|
|upkeep
|turn|11
|
|t:|1760328579
|switch|p2a: Clodsire|Clodsire, M|88/100
|move|p1a: Raging Bolt|Draco Meteor|p2a: Clodsire
|-damage|p2a: Clodsire|51/100
|-unboost|p1a: Raging Bolt|spa|2
|
|-heal|p2a: Clodsire|57/100|[from] item: Leftovers
|upkeep
|turn|12
|
|t:|1760328588
|-end|p1a: Raging Bolt|Protosynthesis|[silent]
|switch|p1a: Gholdengo|Gholdengo, tera:Flying|65/100
|move|p2a: Clodsire|Recover|p2a: Clodsire
|-heal|p2a: Clodsire|100/100
|
|upkeep
|turn|13
|
|t:|1760328593
|switch|p2a: Heatran|Heatran, M|13/100
|move|p1a: Gholdengo|Recover|p1a: Gholdengo
|-heal|p1a: Gholdengo|100/100
|
|upkeep
|turn|14
|
|t:|1760328598
|switch|p1a: Raging Bolt|Raging Bolt|82/100
|move|p2a: Heatran|Flamethrower|p1a: Raging Bolt
|-resisted|p1a: Raging Bolt
|-damage|p1a: Raging Bolt|72/100
|-status|p1a: Raging Bolt|brn
|
|-damage|p1a: Raging Bolt|66/100 brn|[from] brn
|upkeep
|turn|15
|
|t:|1760328602
|move|p2a: Heatran|Flamethrower|p1a: Raging Bolt
|-resisted|p1a: Raging Bolt
|-damage|p1a: Raging Bolt|56/100 brn
|move|p1a: Raging Bolt|Draco Meteor|p2a: Heatran
|-resisted|p2a: Heatran
|-damage|p2a: Heatran|0 fnt
|-unboost|p1a: Raging Bolt|spa|2
|faint|p2a: Heatran
|
|-damage|p1a: Raging Bolt|49/100 brn|[from] brn
|upkeep
|
|t:|1760328609
|switch|p2a: Ogerpon|Ogerpon-Cornerstone, F|100/100
|turn|16
|
|t:|1760328617
|-end|p1a: Raging Bolt|Protosynthesis|[silent]
|switch|p1a: Cinderace|Cinderace, M|24/100
|move|p2a: Ogerpon|Ivy Cudgel|p1a: Cinderace|[anim] Ivy Cudgel Rock
|-supereffective|p1a: Cinderace
|-damage|p1a: Cinderace|0 fnt
|faint|p1a: Cinderace
|
|upkeep
|
|t:|1760328626
|switch|p1a: Gholdengo|Gholdengo, tera:Flying|100/100
|turn|17
|
|t:|1760328630
|move|p2a: Ogerpon|Ivy Cudgel|p1a: Gholdengo|[anim] Ivy Cudgel Rock
|-supereffective|p1a: Gholdengo
|-damage|p1a: Gholdengo|0 fnt
|faint|p1a: Gholdengo
|
|upkeep
|
|t:|1760328633
|switch|p1a: Raging Bolt|Raging Bolt|49/100 brn
|turn|18
|
|t:|1760328637
|switch|p2a: Clodsire|Clodsire, M|100/100
|move|p1a: Raging Bolt|Discharge|p2a: Clodsire
|-immune|p2a: Clodsire
|
|-damage|p1a: Raging Bolt|43/100 brn|[from] brn
|upkeep
|turn|19
|
|t:|1760328644
|-end|p1a: Raging Bolt|Protosynthesis|[silent]
|switch|p1a: Dragonite|Dragonite, M|100/100
|move|p2a: Clodsire|Toxic|p1a: Dragonite
|-status|p1a: Dragonite|tox
|
|-damage|p1a: Dragonite|94/100 tox|[from] psn
|upkeep
|turn|20
|
|t:|1760328649
|switch|p2a: Slowbro|Slowbro, F|87/100
|move|p1a: Dragonite|Dragon Dance|p1a: Dragonite
|-boost|p1a: Dragonite|atk|1
|-boost|p1a: Dragonite|spe|1
|
|-damage|p1a: Dragonite|82/100 tox|[from] psn
|upkeep
|turn|21
|
|t:|1760328652
|move|p1a: Dragonite|Extreme Speed|p2a: Slowbro
|-damage|p2a: Slowbro|57/100
|-damage|p1a: Dragonite|66/100 tox|[from] item: Rocky Helmet|[of] p2a: Slowbro
|move|p2a: Slowbro|Foul Play|p1a: Dragonite
|-damage|p1a: Dragonite|5/100 tox
|
|-damage|p1a: Dragonite|0 fnt|[from] psn
|faint|p1a: Dragonite
|upkeep
|-message|blazartrafalgar forfeited.
|
|win|SamiFawad
|raw|blazartrafalgar's rating: 1540 &rarr; <strong>1523</strong><br />(-17 for losing)
|raw|SamiFawad's rating: 1588 &rarr; <strong>1605</strong><br />(+17 for winning)
|l|☆blazartrafalgar
|player|p1|
|l|☆SamiFawad
|player|p2|
