|j|☆lykatuchi
|j|☆WhenZero
|t:|1760366371
|gametype|singles
|player|p1|lykatuchi|ethan|1414
|player|p2|WhenZero|2|1394
|gen|9
|tier|[Gen 9] OU
|rated|
|rule|HP Percentage Mod: HP is shown in percentages
|rule|Endless Battle Clause: Forcing endless battles is banned
|rule|Species Clause: Limit one of each Pokémon
|rule|OHKO Clause: OHKO moves are banned
|rule|Evasion Items Clause: Evasion items are banned
|rule|Evasion Moves Clause: Evasion moves are banned
|rule|Evasion Abilities Clause: Evasion abilities are banned
|rule|Sleep Moves Clause: Sleep-inducing moves are banned
|clearpoke
|poke|p1|Ogerpon-Wellspring, F|
|poke|p1|Dragapult, M|
|poke|p1|Zapdos|
|poke|p1|Iron Treads|
|poke|p1|Iron Valiant|
|poke|p1|Primarina, F|
|poke|p2|Rillaboom, F|
|poke|p2|Garchomp, F|
|poke|p2|Darkrai|
|poke|p2|Iron Crown|
|poke|p2|Hatterene, F|
|poke|p2|Alomomola, F|
|teampreview
|inactive|Battle timer is ON: inactive players will automatically lose when time's up. (requested by WhenZero)
|
|t:|1760366394
|teamsize|p1|6
|teamsize|p2|6
|start
|switch|p1a: Primarina|Primarina, F|100/100
|switch|p2a: Rillaboom|Rillaboom, F|100/100
|-fieldstart|move: Grassy Terrain|[from] ability: Grassy Surge|[of] p2a: Rillaboom
|turn|1
|
|t:|1760366401
|switch|p1a: Zapdos|Zapdos|100/100
|move|p2a: Rillaboom|Knock Off|p1a: Zapdos
|-damage|p1a: Zapdos|78/100
|-enditem|p1a: Zapdos|Heavy-Duty Boots|[from] move: Knock Off|[of] p2a: Rillaboom
|
|upkeep
|turn|2
|
|t:|1760366412
|switch|p2a: Iron Crown|Iron Crown|100/100
|move|p1a: Zapdos|Hurricane|p2a: Iron Crown
|-resisted|p2a: Iron Crown
|-damage|p2a: Iron Crown|77/100
|-start|p2a: Iron Crown|confusion
|
|-heal|p2a: Iron Crown|83/100|[from] Grassy Terrain
|upkeep
|turn|3
|
|t:|1760366422
|-end|p2a: Iron Crown|Quark Drive|[silent]
|switch|p2a: Garchomp|Garchomp, F|100/100
|move|p1a: Zapdos|Discharge|p2a: Garchomp
|-immune|p2a: Garchomp
|
|upkeep
|turn|4
|
|t:|1760366427
|switch|p1a: Primarina|Primarina, F|100/100
|move|p2a: Garchomp|Stealth Rock|p1a: Primarina
|-sidestart|p1: lykatuchi|move: Stealth Rock
|
|upkeep
|turn|5
|
|t:|1760366435
|switch|p2a: Alomomola|Alomomola, F|100/100
|move|p1a: Primarina|Moonblast|p2a: Alomomola
|-damage|p2a: Alomomola|71/100
|-unboost|p2a: Alomomola|spa|1
|
|-heal|p2a: Alomomola|77/100|[from] Grassy Terrain
|-fieldend|move: Grassy Terrain
|upkeep
|turn|6
|
|t:|1760366440
|move|p1a: Primarina|Psychic Noise|p2a: Alomomola
|-damage|p2a: Alomomola|61/100
|-start|p2a: Alomomola|move: Heal Block
|move|p2a: Alomomola|Flip Turn|p1a: Primarina
|-resisted|p1a: Primarina
|-damage|p1a: Primarina|89/100
|
|t:|1760366451
|switch|p2a: Rillaboom|Rillaboom, F|100/100|[from] Flip Turn
|-fieldstart|move: Grassy Terrain|[from] ability: Grassy Surge|[of] p2a: Rillaboom
|
|-heal|p1a: Primarina|95/100|[from] Grassy Terrain
|-heal|p1a: Primarina|100/100|[from] item: Leftovers
|upkeep
|turn|7
|inactive|lykatuchi has 120 seconds left.
|
|t:|1760366485
|switch|p1a: Zapdos|Zapdos|78/100
|-damage|p1a: Zapdos|54/100|[from] Stealth Rock
|move|p2a: Rillaboom|Wood Hammer|p1a: Zapdos
|-resisted|p1a: Zapdos
|-damage|p1a: Zapdos|28/100
|-damage|p2a: Rillaboom|91/100|[from] Recoil
|
|-heal|p2a: Rillaboom|97/100|[from] Grassy Terrain
|upkeep
|turn|8
|
|t:|1760366495
|move|p2a: Rillaboom|Wood Hammer|p1a: Zapdos
|-resisted|p1a: Zapdos
|-damage|p1a: Zapdos|0 fnt
|faint|p1a: Zapdos
|-damage|p2a: Rillaboom|87/100|[from] Recoil
|
|-heal|p2a: Rillaboom|93/100|[from] Grassy Terrain
|upkeep
|
|t:|1760366505
|switch|p1a: Dragapult|Dragapult, M|100/100
|turn|9
|
|t:|1760366511
|switch|p2a: Alomomola|Alomomola, F|95/100
|move|p1a: Dragapult|Hex|p2a: Alomomola
|-damage|p2a: Alomomola|81/100
|
|-heal|p2a: Alomomola|87/100|[from] Grassy Terrain
|upkeep
|turn|10
|
|t:|1760366516
|move|p1a: Dragapult|Will-O-Wisp|p2a: Alomomola
|-status|p2a: Alomomola|brn
|move|p2a: Alomomola|Flip Turn|p1a: Dragapult
|-resisted|p1a: Dragapult
|-damage|p1a: Dragapult|95/100
|
|t:|1760366523
|switch|p2a: Rillaboom|Rillaboom, F|93/100|[from] Flip Turn
|
|-heal|p2a: Rillaboom|99/100|[from] Grassy Terrain
|-heal|p1a: Dragapult|100/100|[from] Grassy Terrain
|-fieldend|move: Grassy Terrain
|upkeep
|turn|11
|
|t:|1760366534
|move|p2a: Rillaboom|Knock Off|p1a: Dragapult
|-supereffective|p1a: Dragapult
|-damage|p1a: Dragapult|17/100
|-enditem|p1a: Dragapult|Heavy-Duty Boots|[from] move: Knock Off|[of] p2a: Rillaboom
|move|p1a: Dragapult|Will-O-Wisp|p2a: Rillaboom
|-status|p2a: Rillaboom|brn
|
|-damage|p2a: Rillaboom|93/100 brn|[from] brn
|upkeep
|turn|12
|
|t:|1760366544
|switch|p1a: Primarina|Primarina, F|100/100
|-damage|p1a: Primarina|88/100|[from] Stealth Rock
|move|p2a: Rillaboom|Knock Off|p1a: Primarina
|-resisted|p1a: Primarina
|-damage|p1a: Primarina|76/100
|-enditem|p1a: Primarina|Leftovers|[from] move: Knock Off|[of] p2a: Rillaboom
|
|-damage|p2a: Rillaboom|87/100 brn|[from] brn
|upkeep
|turn|13
|
|t:|1760366554
|switch|p2a: Iron Crown|Iron Crown|83/100
|move|p1a: Primarina|Psychic Noise|p2a: Iron Crown
|-resisted|p2a: Iron Crown
|-damage|p2a: Iron Crown|76/100
|-start|p2a: Iron Crown|move: Heal Block
|
|upkeep
|turn|14
|
|t:|1760366563
|switch|p1a: Iron Treads|Iron Treads|100/100
|-damage|p1a: Iron Treads|97/100|[from] Stealth Rock
|move|p2a: Iron Crown|Tachyon Cutter|p1a: Iron Treads
|-resisted|p1a: Iron Treads
|-damage|p1a: Iron Treads|70/100
|-resisted|p1a: Iron Treads
|-damage|p1a: Iron Treads|41/100
|-hitcount|p1a: Iron Treads|2
|
|-heal|p1a: Iron Treads|47/100|[from] item: Leftovers
|-end|p2a: Iron Crown|move: Heal Block
|upkeep
|turn|15
|
|t:|1760366571
|-end|p2a: Iron Crown|Quark Drive|[silent]
|switch|p2a: Garchomp|Garchomp, F|100/100
|move|p1a: Iron Treads|Earthquake|p2a: Garchomp
|-damage|p2a: Garchomp|70/100
|
|-heal|p1a: Iron Treads|53/100|[from] item: Leftovers
|upkeep
|turn|16
|
|t:|1760366583
|move|p1a: Iron Treads|Rapid Spin|p2a: Garchomp
|-damage|p2a: Garchomp|60/100
|-boost|p1a: Iron Treads|spe|1
|-damage|p1a: Iron Treads|41/100|[from] ability: Rough Skin|[of] p2a: Garchomp
|-damage|p1a: Iron Treads|24/100|[from] item: Rocky Helmet|[of] p2a: Garchomp
|-sideend|p1: lykatuchi|Stealth Rock|[from] move: Rapid Spin|[of] p1a: Iron Treads
|move|p2a: Garchomp|Earthquake|p1a: Iron Treads
|-supereffective|p1a: Iron Treads
|-damage|p1a: Iron Treads|0 fnt
|faint|p1a: Iron Treads
|-end|p1a: Iron Treads|Quark Drive|[silent]
|
|upkeep
|
|t:|1760366595
|switch|p1a: Primarina|Primarina, F|76/100
|turn|17
|
|t:|1760366602
|switch|p2a: Alomomola|Alomomola, F|100/100 brn
|move|p1a: Primarina|Moonblast|p2a: Alomomola
|-damage|p2a: Alomomola|72/100 brn
|-unboost|p2a: Alomomola|spa|1
|
|-damage|p2a: Alomomola|66/100 brn|[from] brn
|upkeep
|turn|18
|
|t:|1760366608
|move|p1a: Primarina|Psychic Noise|p2a: Alomomola
|-damage|p2a: Alomomola|51/100 brn
|-start|p2a: Alomomola|move: Heal Block
|move|p2a: Alomomola|Mirror Coat|p1a: Primarina
|-damage|p1a: Primarina|33/100
|
|-damage|p2a: Alomomola|45/100 brn|[from] brn
|upkeep
|turn|19
|
|t:|1760366618
|switch|p1a: Ogerpon|Ogerpon-Wellspring, F|100/100
|switch|p2a: Iron Crown|Iron Crown|76/100
|
|upkeep
|turn|20
|
|t:|1760366629
|-end|p2a: Iron Crown|Quark Drive|[silent]
|switch|p2a: Garchomp|Garchomp, F|60/100
|move|p1a: Ogerpon|Ivy Cudgel|p2a: Garchomp|[anim] Ivy Cudgel Water
|-damage|p2a: Garchomp|25/100
|
|upkeep
|turn|21
|
|t:|1760366637
|move|p1a: Ogerpon|Ivy Cudgel|p2a: Garchomp|[anim] Ivy Cudgel Water
|-damage|p2a: Garchomp|0 fnt
|faint|p2a: Garchomp
|
|upkeep
|
|t:|1760366641
|switch|p2a: Darkrai|Darkrai|100/100
|turn|22
|
|t:|1760366650
|switch|p1a: Primarina|Primarina, F|33/100
|-terastallize|p2a: Darkrai|Poison
|move|p2a: Darkrai|Will-O-Wisp|p1a: Primarina
|-status|p1a: Primarina|brn
|
|-damage|p1a: Primarina|26/100 brn|[from] brn
|upkeep
|turn|23
|
|t:|1760366658
|move|p2a: Darkrai|Sludge Bomb|p1a: Primarina
|-supereffective|p1a: Primarina
|-damage|p1a: Primarina|0 fnt
|faint|p1a: Primarina
|
|upkeep
|
|t:|1760366661
|switch|p1a: Dragapult|Dragapult, M|17/100
|turn|24
|
|t:|1760366665
|switch|p2a: Alomomola|Alomomola, F|78/100 brn
|move|p1a: Dragapult|Dragon Darts|p2a: Alomomola
|-damage|p2a: Alomomola|63/100 brn
|-anim|p1a: Dragapult|Dragon Darts|p2a: Alomomola
|-damage|p2a: Alomomola|49/100 brn
|
|-damage|p2a: Alomomola|43/100 brn|[from] brn
|upkeep
|turn|25
|
|t:|1760366671
|switch|p1a: Ogerpon|Ogerpon-Wellspring, F|100/100
|move|p2a: Alomomola|Flip Turn|p1a: Ogerpon
|-immune|p1a: Ogerpon|[from] ability: Water Absorb
|
|-damage|p2a: Alomomola|36/100 brn|[from] brn
|upkeep
|turn|26
|
|t:|1760366678
|switch|p2a: Iron Crown|Iron Crown|76/100
|move|p1a: Ogerpon|Horn Leech|p2a: Iron Crown
|-resisted|p2a: Iron Crown
|-damage|p2a: Iron Crown|54/100
|
|upkeep
|turn|27
|
|t:|1760366686
|move|p1a: Ogerpon|Ivy Cudgel|p2a: Iron Crown|[anim] Ivy Cudgel Water
|-damage|p2a: Iron Crown|0 fnt
|faint|p2a: Iron Crown
|-end|p2a: Iron Crown|Quark Drive|[silent]
|
|upkeep
|
|t:|1760366690
|switch|p2a: Darkrai|Darkrai, tera:Poison|100/100
|turn|28
|
|t:|1760366700
|switch|p1a: Dragapult|Dragapult, M|17/100
|move|p2a: Darkrai|Sludge Bomb|p1a: Dragapult
|-resisted|p1a: Dragapult
|-damage|p1a: Dragapult|0 fnt
|faint|p1a: Dragapult
|
|upkeep
|
|t:|1760366702
|switch|p1a: Iron Valiant|Iron Valiant|100/100
|-enditem|p1a: Iron Valiant|Booster Energy
|-activate|p1a: Iron Valiant|ability: Quark Drive|[fromitem]
|-start|p1a: Iron Valiant|quarkdrivespe
|turn|29
|
|t:|1760366709
|-terastallize|p1a: Iron Valiant|Steel
|move|p1a: Iron Valiant|Encore|p2a: Darkrai
|-start|p2a: Darkrai|Encore
|move|p2a: Darkrai|Sludge Bomb|p1a: Iron Valiant
|-immune|p1a: Iron Valiant
|
|upkeep
|turn|30
|
|t:|1760366715
|switch|p2a: Alomomola|Alomomola, F|70/100 brn
|move|p1a: Iron Valiant|Moonblast|p2a: Alomomola
|-damage|p2a: Alomomola|43/100 brn
|
|-damage|p2a: Alomomola|37/100 brn|[from] brn
|upkeep
|turn|31
|
|t:|1760366721
|move|p1a: Iron Valiant|Close Combat|p2a: Alomomola
|-damage|p2a: Alomomola|3/100 brn
|-unboost|p1a: Iron Valiant|def|1
|-unboost|p1a: Iron Valiant|spd|1
|move|p2a: Alomomola|Mirror Coat||[still]
|-fail|p2a: Alomomola
|
|-damage|p2a: Alomomola|0 fnt|[from] brn
|faint|p2a: Alomomola
|upkeep
|
|t:|1760366730
|switch|p2a: Hatterene|Hatterene, F|100/100
|turn|32
|
|t:|1760366736
|move|p1a: Iron Valiant|Moonblast|p2a: Hatterene
|-damage|p2a: Hatterene|47/100
|move|p2a: Hatterene|Mystical Fire|p1a: Iron Valiant
|-supereffective|p1a: Iron Valiant
|-damage|p1a: Iron Valiant|0 fnt
|faint|p1a: Iron Valiant
|-end|p1a: Iron Valiant|Quark Drive|[silent]
|
|-heal|p2a: Hatterene|53/100|[from] item: Leftovers
|upkeep
|
|t:|1760366739
|switch|p1a: Ogerpon|Ogerpon-Wellspring, F|100/100
|turn|33
|
|t:|1760366747
|move|p1a: Ogerpon|Swords Dance|p1a: Ogerpon
|-boost|p1a: Ogerpon|atk|2
|move|p2a: Hatterene|Draining Kiss|p1a: Ogerpon
|-damage|p1a: Ogerpon|66/100
|-heal|p2a: Hatterene|78/100|[from] drain|[of] p1a: Ogerpon
|
|-heal|p2a: Hatterene|84/100|[from] item: Leftovers
|upkeep
|turn|34
|
|t:|1760366751
|move|p1a: Ogerpon|Horn Leech|p2a: Hatterene
|-damage|p2a: Hatterene|0 fnt
|-heal|p1a: Ogerpon|100/100|[from] drain|[of] p2a: Hatterene
|faint|p2a: Hatterene
|
|upkeep
|
|t:|1760366756
|switch|p2a: Darkrai|Darkrai, tera:Poison|100/100
|turn|35
|
|t:|1760366761
|move|p2a: Darkrai|Sludge Bomb|p1a: Ogerpon
|-supereffective|p1a: Ogerpon
|-damage|p1a: Ogerpon|0 fnt
|faint|p1a: Ogerpon
|
|win|WhenZero
|raw|lykatuchi's rating: 1414 &rarr; <strong>1393</strong><br />(-21 for losing)
|raw|WhenZero's rating: 1394 &rarr; <strong>1415</strong><br />(+21 for winning)
|l|☆lykatuchi
|player|p1|
