|j|☆AEFAA2
|j|☆GPKeith
|t:|1760310178
|gametype|singles
|player|p1|AEFAA2|scientist-gen4dp|1124
|player|p2|GPKeith|medium|1148
|gen|9
|tier|[Gen 9] OU
|rated|
|rule|HP Percentage Mod: HP is shown in percentages
|rule|Endless Battle Clause: Forcing endless battles is banned
|rule|Species Clause: Limit one of each Pokémon
|rule|OHKO Clause: OHKO moves are banned
|rule|Evasion Items Clause: Evasion items are banned
|rule|Evasion Moves Clause: Evasion moves are banned
|rule|Evasion Abilities Clause: Evasion abilities are banned
|rule|Sleep Moves Clause: Sleep-inducing moves are banned
|clearpoke
|poke|p1|Torkoal, M|
|poke|p1|Sunflora, M|
|poke|p1|Goodra-Hisui, F|
|poke|p1|Great Tusk|
|poke|p1|Scovillain, M|
|poke|p1|Ninetales, M|
|poke|p2|Kingambit, F|
|poke|p2|Deoxys-Speed|
|poke|p2|Great Tusk|
|poke|p2|Dragonite, F|
|poke|p2|Iron Moth|
|poke|p2|Primarina, F|
|teampreview
|inactive|Battle timer is ON: inactive players will automatically lose when time's up. (requested by AEFAA2)
|
|t:|1760310206
|teamsize|p1|6
|teamsize|p2|6
|start
|switch|p1a: Torkoal|Torkoal, M|100/100
|switch|p2a: Great Tusk|Great Tusk|100/100
|-weather|SunnyDay|[from] ability: Drought|[of] p1a: Torkoal
|-activate|p2a: Great Tusk|ability: Protosynthesis
|-start|p2a: Great Tusk|protosynthesisatk
|turn|1
|
|t:|1760310216
|switch|p1a: Sunflora|Sunflora, M|100/100
|move|p2a: Great Tusk|Headlong Rush|p1a: Sunflora
|-resisted|p1a: Sunflora
|-damage|p1a: Sunflora|25/100
|-unboost|p2a: Great Tusk|def|1
|-unboost|p2a: Great Tusk|spd|1
|
|-weather|SunnyDay|[upkeep]
|upkeep
|turn|2
|
|t:|1760310226
|move|p1a: Sunflora|Weather Ball|p2a: Great Tusk
|-damage|p2a: Great Tusk|0 fnt
|faint|p2a: Great Tusk
|-end|p2a: Great Tusk|Protosynthesis|[silent]
|-damage|p1a: Sunflora|16/100|[from] item: Life Orb
|
|-weather|SunnyDay|[upkeep]
|upkeep
|
|t:|1760310238
|switch|p2a: Iron Moth|Iron Moth|100/100
|-enditem|p2a: Iron Moth|Booster Energy
|-activate|p2a: Iron Moth|ability: Quark Drive|[fromitem]
|-start|p2a: Iron Moth|quarkdrivespe
|turn|3
|
|t:|1760310243
|move|p2a: Iron Moth|Sludge Wave|p1a: Sunflora
|-supereffective|p1a: Sunflora
|-damage|p1a: Sunflora|0 fnt
|faint|p1a: Sunflora
|
|-weather|SunnyDay|[upkeep]
|upkeep
|
|t:|1760310250
|switch|p1a: Scovillain|Scovillain, M|100/100
|turn|4
|
|t:|1760310270
|-end|p2a: Iron Moth|Quark Drive|[silent]
|switch|p2a: Deoxys|Deoxys-Speed|100/100
|-ability|p2a: Deoxys|Pressure
|-terastallize|p1a: Scovillain|Fire
|move|p1a: Scovillain|Overheat|p2a: Deoxys
|-damage|p2a: Deoxys|0 fnt
|-unboost|p1a: Scovillain|spa|2
|faint|p2a: Deoxys
|
|-weather|SunnyDay|[upkeep]
|upkeep
|
|t:|1760310285
|switch|p2a: Dragonite|Dragonite, F|100/100
|turn|5
|
|t:|1760310292
|move|p1a: Scovillain|Overheat|p2a: Dragonite
|-resisted|p2a: Dragonite
|-damage|p2a: Dragonite|78/100
|-unboost|p1a: Scovillain|spa|2
|move|p2a: Dragonite|Scale Shot|p1a: Scovillain
|-damage|p1a: Scovillain|60/100
|-damage|p1a: Scovillain|21/100
|-crit|p1a: Scovillain
|-damage|p1a: Scovillain|0 fnt
|faint|p1a: Scovillain
|-hitcount|p1: Scovillain|3
|-unboost|p2a: Dragonite|def|1
|-boost|p2a: Dragonite|spe|1
|
|-weather|SunnyDay|[upkeep]
|upkeep
|
|t:|1760310307
|switch|p1a: Great Tusk|Great Tusk|100/100
|-activate|p1a: Great Tusk|ability: Protosynthesis
|-start|p1a: Great Tusk|protosynthesisatk
|turn|6
|
|t:|1760310317
|move|p2a: Dragonite|Scale Shot|p1a: Great Tusk
|-damage|p1a: Great Tusk|84/100
|-damage|p1a: Great Tusk|67/100
|-hitcount|p1a: Great Tusk|2
|-unboost|p2a: Dragonite|def|1
|-boost|p2a: Dragonite|spe|1
|move|p1a: Great Tusk|Head Smash|p2a: Dragonite
|-supereffective|p2a: Dragonite
|-damage|p2a: Dragonite|0 fnt
|faint|p2a: Dragonite
|-damage|p1a: Great Tusk|33/100|[from] Recoil
|
|-weather|SunnyDay|[upkeep]
|upkeep
|
|t:|1760310333
|switch|p2a: Pri|Primarina, F|100/100
|turn|7
|
|t:|1760310338
|-end|p1a: Great Tusk|Protosynthesis|[silent]
|switch|p1a: Goodra|Goodra-Hisui, F|100/100
|move|p2a: Pri|Surf|p1a: Goodra
|-resisted|p1a: Goodra
|-damage|p1a: Goodra|96/100
|
|-weather|SunnyDay|[upkeep]
|upkeep
|turn|8
|
|t:|1760310350
|switch|p2a: Iron Moth|Iron Moth|100/100
|move|p1a: Goodra|Earthquake|p2a: Iron Moth
|-supereffective|p2a: Iron Moth
|-damage|p2a: Iron Moth|0 fnt
|faint|p2a: Iron Moth
|-end|p2a: Iron Moth|Quark Drive|[silent]
|
|-weather|none
|upkeep
|
|t:|1760310362
|switch|p2a: King|Kingambit, F|100/100
|-activate|p2a: King|ability: Supreme Overlord
|-start|p2a: King|fallen4|[silent]
|turn|9
|
|t:|1760310369
|switch|p1a: Ninetales|Ninetales, M|100/100
|-weather|SunnyDay|[from] ability: Drought|[of] p1a: Ninetales
|move|p2a: King|Kowtow Cleave|p1a: Ninetales
|-damage|p1a: Ninetales|0 fnt
|faint|p1a: Ninetales
|
|-weather|SunnyDay|[upkeep]
|upkeep
|
|t:|1760310379
|switch|p1a: Great Tusk|Great Tusk|33/100
|-activate|p1a: Great Tusk|ability: Protosynthesis
|-start|p1a: Great Tusk|protosynthesisatk
|turn|10
|
|t:|1760310389
|-terastallize|p2a: King|Ghost
|move|p2a: King|Sucker Punch|p1a: Great Tusk
|-resisted|p1a: Great Tusk
|-damage|p1a: Great Tusk|11/100
|move|p1a: Great Tusk|Headlong Rush|p2a: King
|-damage|p2a: King|2/100
|-unboost|p1a: Great Tusk|def|1
|-unboost|p1a: Great Tusk|spd|1
|
|-weather|SunnyDay|[upkeep]
|-heal|p2a: King|8/100|[from] item: Leftovers
|upkeep
|turn|11
|
|t:|1760310403
|-end|p1a: Great Tusk|Protosynthesis|[silent]
|switch|p1a: Torkoal|Torkoal, M|100/100
|move|p2a: King|Sucker Punch||[still]
|-fail|p2a: King
|
|-weather|SunnyDay|[upkeep]
|-heal|p2a: King|14/100|[from] item: Leftovers
|upkeep
|turn|12
|
|t:|1760310418
|move|p2a: King|Kowtow Cleave|p1a: Torkoal
|-crit|p1a: Torkoal
|-damage|p1a: Torkoal|37/100
|move|p1a: Torkoal|Overheat|p2a: King
|-damage|p2a: King|0 fnt
|-unboost|p1a: Torkoal|spa|2
|faint|p2a: King
|-end|p2a: King|fallen4|[silent]
|
|-weather|SunnyDay|[upkeep]
|upkeep
|
|t:|1760310427
|switch|p2a: Pri|Primarina, F|100/100
|turn|13
|
|t:|1760310439
|move|p2a: Pri|Whirlpool|p1a: Torkoal
|-supereffective|p1a: Torkoal
|-damage|p1a: Torkoal|10/100
|-activate|p1a: Torkoal|move: Whirlpool|[of] p2a: Pri
|move|p1a: Torkoal|Overheat|p2a: Pri
|-resisted|p2a: Pri
|-damage|p2a: Pri|91/100
|-unboost|p1a: Torkoal|spa|2
|
|-weather|none
|-damage|p1a: Torkoal|0 fnt|[from] move: Whirlpool|[partiallytrapped]
|faint|p1a: Torkoal
|upkeep
|
|t:|1760310450
|switch|p1a: Great Tusk|Great Tusk|11/100
|turn|14
|
|t:|1760310454
|move|p1a: Great Tusk|Headlong Rush|p2a: Pri
|-damage|p2a: Pri|0 fnt
|-unboost|p1a: Great Tusk|def|1
|-unboost|p1a: Great Tusk|spd|1
|faint|p2a: Pri
|
|win|AEFAA2
|raw|AEFAA2's rating: 1124 &rarr; <strong>1151</strong><br />(+27 for winning)
|raw|GPKeith's rating: 1148 &rarr; <strong>1121</strong><br />(-27 for losing)
|l|☆GPKeith
|player|p2|
