|j|☆Aliashood75
|j|☆forestkingmonkey
|t:|1760367840
|gametype|singles
|player|p1|Aliashood75|265|1332
|player|p2|forestkingmonkey|169|1293
|gen|9
|tier|[Gen 9] OU
|rated|
|rule|HP Percentage Mod: HP is shown in percentages
|rule|Endless Battle Clause: Forcing endless battles is banned
|rule|Species Clause: Limit one of each Pokémon
|rule|OHKO Clause: OHKO moves are banned
|rule|Evasion Items Clause: Evasion items are banned
|rule|Evasion Moves Clause: Evasion moves are banned
|rule|Evasion Abilities Clause: Evasion abilities are banned
|rule|Sleep Moves Clause: Sleep-inducing moves are banned
|clearpoke
|poke|p1|Tornadus-Therian, M|
|poke|p1|Hatterene, F|
|poke|p1|Heatran, F|
|poke|p1|Great Tusk|
|poke|p1|Raging Bolt|
|poke|p1|Ogerpon-Wellspring, F|
|poke|p2|Gyarados, M|
|poke|p2|Kilowattrel, M|
|poke|p2|Politoed, M|
|poke|p2|Clodsire, F|
|poke|p2|Dragonite, M|
|poke|p2|Floatzel, F|
|teampreview
|
|t:|1760367855
|teamsize|p1|6
|teamsize|p2|6
|start
|switch|p1a: Ogerpon|Ogerpon-Wellspring, F|100/100
|switch|p2a: Politoed|Politoed, M|100/100
|-weather|RainDance|[from] ability: Drizzle|[of] p2a: Politoed
|turn|1
|
|t:|1760367868
|switch|p2a: Kilowattrel|Kilowattrel, M|100/100
|move|p1a: Ogerpon|Power Whip|p2a: Kilowattrel
|-resisted|p2a: Kilowattrel
|-damage|p2a: Kilowattrel|32/100
|
|-weather|RainDance|[upkeep]
|upkeep
|turn|2
|
|t:|1760367885
|switch|p1a: Raging Bolt|Raging Bolt|100/100
|move|p2a: Kilowattrel|Hurricane|p1a: Raging Bolt
|-resisted|p1a: Raging Bolt
|-damage|p1a: Raging Bolt|75/100
|-start|p1a: Raging Bolt|confusion
|
|-weather|RainDance|[upkeep]
|upkeep
|turn|3
|
|t:|1760367895
|move|p2a: Kilowattrel|Hurricane|p1a: Raging Bolt
|-resisted|p1a: Raging Bolt
|-damage|p1a: Raging Bolt|50/100
|-activate|p1a: Raging Bolt|confusion
|-damage|p1a: Raging Bolt|44/100|[from] confusion
|
|-weather|RainDance|[upkeep]
|upkeep
|turn|4
|
|t:|1760367903
|-end|p1a: Raging Bolt|Protosynthesis|[silent]
|switch|p1a: Tornadus|Tornadus-Therian, M|100/100
|move|p2a: Kilowattrel|Hurricane|p1a: Tornadus
|-damage|p1a: Tornadus|68/100
|
|-weather|RainDance|[upkeep]
|upkeep
|turn|5
|
|t:|1760367910
|move|p2a: Kilowattrel|Thunder|p1a: Tornadus
|-supereffective|p1a: Tornadus
|-damage|p1a: Tornadus|0 fnt
|faint|p1a: Tornadus
|
|-weather|RainDance|[upkeep]
|upkeep
|
|t:|1760367922
|switch|p1a: Hatterene|Hatterene, F|100/100
|turn|6
|
|t:|1760367931
|move|p2a: Kilowattrel|Thunder|p1a: Hatterene
|-damage|p1a: Hatterene|52/100
|move|p1a: Hatterene|Psychic Noise|p2a: Kilowattrel
|-crit|p2a: Kilowattrel
|-damage|p2a: Kilowattrel|0 fnt
|faint|p2a: Kilowattrel
|
|-weather|RainDance|[upkeep]
|-heal|p1a: Hatterene|58/100|[from] item: Leftovers
|upkeep
|
|t:|1760367942
|switch|p2a: Dragonite|Dragonite, M|100/100
|turn|7
|
|t:|1760367952
|move|p2a: Dragonite|Thunder|p1a: Hatterene
|-damage|p1a: Hatterene|31/100
|move|p1a: Hatterene|Draining Kiss|p2a: Dragonite
|-supereffective|p2a: Dragonite
|-damage|p2a: Dragonite|88/100
|-heal|p1a: Hatterene|43/100|[from] drain|[of] p2a: Dragonite
|
|-weather|RainDance|[upkeep]
|-heal|p1a: Hatterene|49/100|[from] item: Leftovers
|upkeep
|turn|8
|
|t:|1760367962
|-terastallize|p2a: Dragonite|Normal
|move|p2a: Dragonite|Extreme Speed|p1a: Hatterene
|-damage|p1a: Hatterene|6/100
|move|p1a: Hatterene|Calm Mind|p1a: Hatterene
|-boost|p1a: Hatterene|spa|1
|-boost|p1a: Hatterene|spd|1
|
|-weather|none
|-heal|p1a: Hatterene|12/100|[from] item: Leftovers
|upkeep
|turn|9
|
|t:|1760367973
|move|p2a: Dragonite|Extreme Speed|p1a: Hatterene
|-damage|p1a: Hatterene|0 fnt
|faint|p1a: Hatterene
|
|upkeep
|
|t:|1760367979
|switch|p1a: Ogerpon|Ogerpon-Wellspring, F|100/100
|turn|10
|
|t:|1760367982
|move|p2a: Dragonite|Extreme Speed|p1a: Ogerpon
|-crit|p1a: Ogerpon
|-damage|p1a: Ogerpon|9/100
|move|p1a: Ogerpon|Trailblaze|p2a: Dragonite
|-damage|p2a: Dragonite|56/100
|-boost|p1a: Ogerpon|spe|1
|
|upkeep
|turn|11
|
|t:|1760367990
|switch|p1a: Heatran|Heatran, F|100/100
|move|p2a: Dragonite|Extreme Speed|p1a: Heatran
|-resisted|p1a: Heatran
|-damage|p1a: Heatran|76/100
|-status|p2a: Dragonite|brn|[from] ability: Flame Body|[of] p1a: Heatran
|
|-heal|p1a: Heatran|82/100|[from] item: Leftovers
|-damage|p2a: Dragonite|50/100 brn|[from] brn
|upkeep
|turn|12
|
|t:|1760368001
|move|p1a: Heatran|Magma Storm|p2a: Dragonite
|-damage|p2a: Dragonite|21/100 brn
|-activate|p2a: Dragonite|move: Magma Storm|[of] p1a: Heatran
|move|p2a: Dragonite|Draco Meteor|p1a: Heatran
|-resisted|p1a: Heatran
|-damage|p1a: Heatran|59/100
|-unboost|p2a: Dragonite|spa|2
|
|-heal|p1a: Heatran|65/100|[from] item: Leftovers
|-damage|p2a: Dragonite|14/100 brn|[from] brn
|-damage|p2a: Dragonite|2/100 brn|[from] move: Magma Storm|[partiallytrapped]
|upkeep
|turn|13
|
|t:|1760368016
|move|p2a: Dragonite|Aqua Jet|p1a: Heatran
|-supereffective|p1a: Heatran
|-damage|p1a: Heatran|50/100
|move|p1a: Heatran|Stealth Rock|p2a: Dragonite
|-sidestart|p2: forestkingmonkey|move: Stealth Rock
|
|-heal|p1a: Heatran|56/100|[from] item: Leftovers
|-damage|p2a: Dragonite|0 fnt|[from] brn
|faint|p2a: Dragonite
|upkeep
|
|t:|1760368025
|switch|p2a: Politoed|Politoed, M|100/100
|-damage|p2a: Politoed|88/100|[from] Stealth Rock
|-weather|RainDance|[from] ability: Drizzle|[of] p2a: Politoed
|turn|14
|
|t:|1760368031
|-terastallize|p1a: Heatran|Grass
|move|p1a: Heatran|Magma Storm|p2a: Politoed
|-resisted|p2a: Politoed
|-damage|p2a: Politoed|77/100
|-activate|p2a: Politoed|move: Magma Storm|[of] p1a: Heatran
|move|p2a: Politoed|Weather Ball|p1a: Heatran
|-resisted|p1a: Heatran
|-damage|p1a: Heatran|20/100
|
|-weather|RainDance|[upkeep]
|-heal|p1a: Heatran|26/100|[from] item: Leftovers
|-damage|p2a: Politoed|65/100|[from] move: Magma Storm|[partiallytrapped]
|upkeep
|turn|15
|
|t:|1760368043
|move|p1a: Heatran|Earth Power|p2a: Politoed
|-damage|p2a: Politoed|35/100
|-unboost|p2a: Politoed|spd|1
|move|p2a: Politoed|Ice Beam|p1a: Heatran
|-supereffective|p1a: Heatran
|-damage|p1a: Heatran|0 fnt
|faint|p1a: Heatran
|
|-weather|RainDance|[upkeep]
|-end|p2a: Politoed|Magma Storm|[partiallytrapped]|[silent]
|upkeep
|
|t:|1760368053
|switch|p1a: Ogerpon|Ogerpon-Wellspring, F|9/100
|turn|16
|
|t:|1760368059
|move|p1a: Ogerpon|Trailblaze|p2a: Politoed
|-supereffective|p2a: Politoed
|-damage|p2a: Politoed|0 fnt
|-boost|p1a: Ogerpon|spe|1
|faint|p2a: Politoed
|
|-weather|RainDance|[upkeep]
|upkeep
|
|t:|1760368066
|switch|p2a: King Float|Floatzel, F|100/100
|-damage|p2a: King Float|88/100|[from] Stealth Rock
|turn|17
|
|t:|1760368071
|switch|p1a: Great Tusk|Great Tusk|100/100
|move|p2a: King Float|Wave Crash|p1a: Great Tusk
|-supereffective|p1a: Great Tusk
|-damage|p1a: Great Tusk|0 fnt
|faint|p1a: Great Tusk
|-end|p1a: Great Tusk|Protosynthesis|[silent]
|-damage|p2a: King Float|50/100|[from] Recoil
|
|-weather|RainDance|[upkeep]
|upkeep
|
|t:|1760368079
|switch|p1a: Ogerpon|Ogerpon-Wellspring, F|9/100
|turn|18
|
|t:|1760368082
|move|p2a: King Float|Wave Crash|p1a: Ogerpon
|-heal|p1a: Ogerpon|34/100|[from] ability: Water Absorb|[of] p2a: King Float
|move|p1a: Ogerpon|Trailblaze|p2a: King Float
|-supereffective|p2a: King Float
|-damage|p2a: King Float|0 fnt
|-boost|p1a: Ogerpon|spe|1
|faint|p2a: King Float
|
|-weather|RainDance|[upkeep]
|upkeep
|
|t:|1760368097
|switch|p2a: Gyarados|Gyarados, M, shiny|100/100
|-ability|p2a: Gyarados|Intimidate|boost
|-unboost|p1a: Ogerpon|atk|1
|turn|19
|
|t:|1760368105
|move|p1a: Ogerpon|Power Whip|p2a: Gyarados
|-damage|p2a: Gyarados|37/100
|move|p2a: Gyarados|Earthquake|p1a: Ogerpon
|-resisted|p1a: Ogerpon
|-damage|p1a: Ogerpon|11/100
|
|-weather|RainDance|[upkeep]
|upkeep
|turn|20
|
|t:|1760368114
|move|p1a: Ogerpon|Power Whip|p2a: Gyarados
|-damage|p2a: Gyarados|0 fnt
|faint|p2a: Gyarados
|
|-weather|RainDance|[upkeep]
|upkeep
|
|t:|1760368119
|switch|p2a: Clodsire|Clodsire, F|100/100
|-damage|p2a: Clodsire|94/100|[from] Stealth Rock
|turn|21
|
|t:|1760368125
|move|p1a: Ogerpon|Ivy Cudgel|p2a: Clodsire|[anim] Ivy Cudgel Water
|-supereffective|p2a: Clodsire
|-damage|p2a: Clodsire|0 fnt
|faint|p2a: Clodsire
|
|win|Aliashood75
|raw|Aliashood75's rating: 1332 &rarr; <strong>1350</strong><br />(+18 for winning)
|raw|forestkingmonkey's rating: 1293 &rarr; <strong>1271</strong><br />(-22 for losing)
|l|☆Aliashood75
|player|p1|
