|j|☆Bag of Rabbits
|j|☆bigtestsofbig
|t:|1760377989
|gametype|singles
|player|p1|Bag of Rabbits|karen|1519
|player|p2|bigtestsofbig|1|1507
|gen|9
|tier|[Gen 9] OU
|rated|
|rule|HP Percentage Mod: HP is shown in percentages
|rule|Endless Battle Clause: Forcing endless battles is banned
|rule|Species Clause: Limit one of each Pokémon
|rule|OHKO Clause: OHKO moves are banned
|rule|Evasion Items Clause: Evasion items are banned
|rule|Evasion Moves Clause: Evasion moves are banned
|rule|Evasion Abilities Clause: Evasion abilities are banned
|rule|Sleep Moves Clause: Sleep-inducing moves are banned
|clearpoke
|poke|p1|Pelipper, F|
|poke|p1|Toxicroak, M|
|poke|p1|Drednaw, M|
|poke|p1|Thundurus-Therian, M|
|poke|p1|Iron Treads|
|poke|p1|Indeedee, M|
|poke|p2|Lucario, F|
|poke|p2|Corviknight, M|
|poke|p2|Raging Bolt|
|poke|p2|Landorus-Therian, M|
|poke|p2|Hatterene, F|
|poke|p2|Rillaboom, M|
|teampreview
|
|t:|1760378001
|teamsize|p1|6
|teamsize|p2|6
|start
|switch|p1a: Pelipper|Pelipper, F|100/100
|switch|p2a: Rillaboom|Rillaboom, M|100/100
|-fieldstart|move: Grassy Terrain|[from] ability: Grassy Surge|[of] p2a: Rillaboom
|-weather|RainDance|[from] ability: Drizzle|[of] p1a: Pelipper
|turn|1
|inactive|Battle timer is ON: inactive players will automatically lose when time's up. (requested by bigtestsofbig)
|
|t:|1760378009
|switch|p1a: Toxicroak|Toxicroak, M|100/100
|move|p2a: Rillaboom|Wood Hammer|p1a: Toxicroak
|-resisted|p1a: Toxicroak
|-damage|p1a: Toxicroak|37/100
|-damage|p2a: Rillaboom|84/100|[from] item: Rocky Helmet|[of] p1a: Toxicroak
|-damage|p2a: Rillaboom|61/100|[from] Recoil
|
|-weather|RainDance|[upkeep]
|-heal|p1a: Toxicroak|49/100|[from] ability: Dry Skin
|-heal|p2a: Rillaboom|67/100|[from] Grassy Terrain
|-heal|p1a: Toxicroak|56/100|[from] Grassy Terrain
|upkeep
|turn|2
|
|t:|1760378025
|move|p2a: Rillaboom|Wood Hammer|p1a: Toxicroak
|-resisted|p1a: Toxicroak
|-damage|p1a: Toxicroak|0 fnt
|-damage|p2a: Rillaboom|51/100|[from] item: Rocky Helmet|[of] p1a: Toxicroak
|faint|p1a: Toxicroak
|-damage|p2a: Rillaboom|31/100|[from] Recoil
|
|-weather|RainDance|[upkeep]
|-heal|p2a: Rillaboom|37/100|[from] Grassy Terrain
|upkeep
|
|t:|1760378038
|switch|p1a: Indeedee|Indeedee, M|100/100
|-fieldstart|move: Psychic Terrain|[from] ability: Psychic Surge|[of] p1a: Indeedee
|turn|3
|
|t:|1760378047
|switch|p1a: Drednaw|Drednaw, M|100/100
|switch|p2a: Corviknight|Corviknight, M|100/100
|-ability|p2a: Corviknight|Pressure
|
|-weather|RainDance|[upkeep]
|upkeep
|turn|4
|
|t:|1760378054
|move|p1a: Drednaw|Shell Smash|p1a: Drednaw
|-unboost|p1a: Drednaw|def|1
|-unboost|p1a: Drednaw|spd|1
|-boost|p1a: Drednaw|atk|2
|-boost|p1a: Drednaw|spa|2
|-boost|p1a: Drednaw|spe|2
|move|p2a: Corviknight|Body Press|p1a: Drednaw
|-supereffective|p1a: Drednaw
|-damage|p1a: Drednaw|18/100
|-enditem|p1a: Drednaw|Sitrus Berry|[eat]
|-heal|p1a: Drednaw|43/100|[from] item: Sitrus Berry
|
|-weather|RainDance|[upkeep]
|upkeep
|turn|5
|
|t:|1760378070
|switch|p2a: Landorus|Landorus-Therian, M|100/100
|-ability|p2a: Landorus|Intimidate|boost
|-unboost|p1a: Drednaw|atk|1
|move|p1a: Drednaw|Waterfall|p2a: Landorus
|-supereffective|p2a: Landorus
|-damage|p2a: Landorus|0 fnt
|-damage|p1a: Drednaw|27/100|[from] item: Rocky Helmet|[of] p2a: Landorus
|faint|p2a: Landorus
|
|-weather|RainDance|[upkeep]
|upkeep
|
|t:|1760378086
|switch|p2a: Rillaboom|Rillaboom, M|37/100
|-fieldstart|move: Grassy Terrain|[from] ability: Grassy Surge|[of] p2a: Rillaboom
|turn|6
|
|t:|1760378093
|switch|p1a: Indeedee|Indeedee, M|100/100
|-fieldstart|move: Psychic Terrain|[from] ability: Psychic Surge|[of] p1a: Indeedee
|move|p2a: Rillaboom|Grassy Glide|p1a: Indeedee
|-damage|p1a: Indeedee|20/100
|
|-weather|RainDance|[upkeep]
|upkeep
|turn|7
|
|t:|1760378103
|switch|p2a: Hatterene|Hatterene, F|100/100
|move|p1a: Indeedee|Healing Wish|p1a: Indeedee
|faint|p1a: Indeedee
|
|-weather|RainDance|[upkeep]
|upkeep
|
|t:|1760378109
|switch|p1a: Drednaw|Drednaw, M|27/100
|-heal|p1a: Drednaw|100/100|[from] move: Healing Wish
|turn|8
|
|t:|1760378123
|switch|p1a: Iron Treads|Iron Treads|100/100
|move|p2a: Hatterene|Psychic Noise|p1a: Iron Treads
|-resisted|p1a: Iron Treads
|-damage|p1a: Iron Treads|71/100
|-start|p1a: Iron Treads|move: Heal Block
|-damage|p2a: Hatterene|91/100|[from] item: Life Orb
|
|-weather|none
|upkeep
|turn|9
|
|t:|1760378137
|switch|p2a: Corviknight|Corviknight, M|100/100
|-ability|p2a: Corviknight|Pressure
|move|p1a: Iron Treads|Volt Switch|p2a: Corviknight
|-supereffective|p2a: Corviknight
|-damage|p2a: Corviknight|82/100
|
|t:|1760378144
|-end|p1a: Iron Treads|Quark Drive|[silent]
|switch|p1a: Drednaw|Drednaw, M|100/100|[from] Volt Switch
|
|-heal|p2a: Corviknight|88/100|[from] item: Leftovers
|upkeep
|turn|10
|
|t:|1760378176
|move|p1a: Drednaw|Head Smash|p2a: Corviknight|[miss]
|-miss|p1a: Drednaw|p2a: Corviknight
|move|p2a: Corviknight|Body Press|p1a: Drednaw
|-supereffective|p1a: Drednaw
|-crit|p1a: Drednaw
|-damage|p1a: Drednaw|20/100
|
|-heal|p2a: Corviknight|94/100|[from] item: Leftovers
|upkeep
|turn|11
|
|t:|1760378185
|move|p1a: Drednaw|Head Smash|p2a: Corviknight
|-damage|p2a: Corviknight|43/100
|-damage|p1a: Drednaw|0 fnt|[from] Recoil
|faint|p1a: Drednaw
|move|p2a: Corviknight|Body Press|p1: Drednaw|[notarget]
|-fail|p2a: Corviknight
|
|-heal|p2a: Corviknight|49/100|[from] item: Leftovers
|upkeep
|
|t:|1760378193
|switch|p1a: Thundurus|Thundurus-Therian, M|100/100
|turn|12
|
|t:|1760378201
|switch|p2a: Raging Bolt|Raging Bolt|100/100
|move|p1a: Thundurus|Wildbolt Storm|p2a: Raging Bolt
|-resisted|p2a: Raging Bolt
|-damage|p2a: Raging Bolt|88/100
|
|upkeep
|turn|13
|
|t:|1760378209
|-terastallize|p1a: Thundurus|Fairy
|move|p1a: Thundurus|Agility|p1a: Thundurus
|-boost|p1a: Thundurus|spe|2
|move|p2a: Raging Bolt|Draco Meteor|p1a: Thundurus
|-immune|p1a: Thundurus
|
|-fieldend|move: Psychic Terrain
|upkeep
|turn|14
|inactive|bigtestsofbig has 120 seconds left.
|inactive|bigtestsofbig has 90 seconds left.
|
|t:|1760378291
|-end|p2a: Raging Bolt|Protosynthesis|[silent]
|switch|p2a: Hatterene|Hatterene, F|91/100
|move|p1a: Thundurus|Tera Blast|p2a: Hatterene|[anim] Tera Blast Fairy
|-damage|p2a: Hatterene|37/100
|
|upkeep
|turn|15
|
|t:|1760378298
|move|p1a: Thundurus|Tera Blast|p2a: Hatterene|[anim] Tera Blast Fairy
|-damage|p2a: Hatterene|0 fnt
|faint|p2a: Hatterene
|
|upkeep
|
|t:|1760378312
|switch|p2a: Lucario|Lucario, F|100/100
|turn|16
|
|t:|1760378319
|move|p2a: Lucario|Extreme Speed|p1a: Thundurus
|-damage|p1a: Thundurus|65/100
|move|p1a: Thundurus|Wildbolt Storm|p2a: Lucario
|-damage|p2a: Lucario|12/100
|
|upkeep
|turn|17
|
|t:|1760378326
|move|p2a: Lucario|Extreme Speed|p1a: Thundurus
|-damage|p1a: Thundurus|30/100
|move|p1a: Thundurus|Tera Blast|p2a: Lucario|[anim] Tera Blast Fairy
|-damage|p2a: Lucario|0 fnt
|faint|p2a: Lucario
|
|upkeep
|
|t:|1760378339
|switch|p2a: Rillaboom|Rillaboom, M|37/100
|-fieldstart|move: Grassy Terrain|[from] ability: Grassy Surge|[of] p2a: Rillaboom
|turn|18
|
|t:|1760378348
|-terastallize|p2a: Rillaboom|Grass
|move|p2a: Rillaboom|Grassy Glide|p1a: Thundurus
|-damage|p1a: Thundurus|0 fnt
|faint|p1a: Thundurus
|
|-heal|p2a: Rillaboom|44/100|[from] Grassy Terrain
|upkeep
|-message|Bag of Rabbits forfeited.
|
|win|bigtestsofbig
|raw|Bag of Rabbits's rating: 1519 &rarr; <strong>1498</strong><br />(-21 for losing)
|raw|bigtestsofbig's rating: 1507 &rarr; <strong>1528</strong><br />(+21 for winning)
|l|☆Bag of Rabbits
|player|p1|
|l|☆bigtestsofbig
|player|p2|
