|j|☆Foot2RueCreteil
|j|‽dedark
|t:|1760445156
|gametype|singles
|player|p1|Foot2RueCreteil|cynthia-gen4|1298
|player|p2|dedark|giovanni|1242
|gen|9
|tier|[Gen 9] OU
|rated|
|rule|HP Percentage Mod: HP is shown in percentages
|rule|Endless Battle Clause: Forcing endless battles is banned
|rule|Species Clause: Limit one of each Pokémon
|rule|OHKO Clause: OHKO moves are banned
|rule|Evasion Items Clause: Evasion items are banned
|rule|Evasion Moves Clause: Evasion moves are banned
|rule|Evasion Abilities Clause: Evasion abilities are banned
|rule|Sleep Moves Clause: Sleep-inducing moves are banned
|clearpoke
|poke|p1|Dragapult, F|
|poke|p1|Corviknight, M|
|poke|p1|Darkrai|
|poke|p1|Ogerpon-Wellspring, F|
|poke|p1|Slowking-Galar, F|
|poke|p1|Landorus-Therian, M|
|poke|p2|Meowscarada, M|
|poke|p2|Hydreigon, F|
|poke|p2|Bisharp, M|
|poke|p2|Samurott-Hisui, F|
|poke|p2|Sableye, M|
|poke|p2|Muk-Alola, M|
|teampreview
|
|t:|1760445161
|teamsize|p1|6
|teamsize|p2|6
|start
|switch|p1a: Dragapult|Dragapult, F|100/100
|switch|p2a: Samurott|Samurott-Hisui, F|100/100
|turn|1
|
|t:|1760445170
|-terastallize|p1a: Dragapult|Fairy
|move|p2a: Samurott|Sucker Punch||[still]
|-fail|p2a: Samurott
|move|p1a: Dragapult|Will-O-Wisp|p2a: Samurott
|-status|p2a: Samurott|brn
|
|-damage|p2a: Samurott|94/100 brn|[from] brn
|upkeep
|turn|2
|
|t:|1760445180
|move|p1a: Dragapult|U-turn|p2a: Samurott
|-supereffective|p2a: Samurott
|-damage|p2a: Samurott|44/100 brn
|
|t:|1760445183
|switch|p1a: Corviknight|Corviknight, M|100/100|[from] U-turn
|-ability|p1a: Corviknight|Pressure
|move|p2a: Samurott|Ceaseless Edge|p1a: Corviknight
|-damage|p1a: Corviknight|85/100
|-damage|p2a: Samurott|27/100 brn|[from] item: Rocky Helmet|[of] p1a: Corviknight
|-sidestart|p1: Foot2RueCreteil|Spikes
|
|-damage|p2a: Samurott|21/100 brn|[from] brn
|upkeep
|turn|3
|
|t:|1760445203
|switch|p2a: Sableye|Sableye, M|100/100
|move|p1a: Corviknight|Defog|p2a: Sableye
|-unboost|p2a: Sableye|evasion|1
|-sideend|p1: Foot2RueCreteil|Spikes|[from] move: Defog|[of] p1a: Corviknight
|
|upkeep
|turn|4
|
|t:|1760445210
|move|p1a: Corviknight|U-turn|p2a: Sableye
|-damage|p2a: Sableye|87/100
|
|t:|1760445216
|switch|p1a: Slowking|Slowking-Galar, F|100/100|[from] U-turn
|move|p2a: Sableye|Night Shade|p1a: Slowking
|-damage|p1a: Slowking|75/100
|
|-heal|p2a: Sableye|93/100|[from] item: Leftovers
|upkeep
|turn|5
|
|t:|1760445227
|switch|p2a: Muk|Muk-Alola, M|100/100
|-prepare|p1a: Slowking|Chilly Reception|[premajor]
|move|p1a: Slowking|Chilly Reception|p1a: Slowking
|-weather|Snowscape
|
|t:|1760445234
|switch|p1a: Landorus|Landorus-Therian, M|100/100|[from] Chilly Reception
|-ability|p1a: Landorus|Intimidate|boost
|-unboost|p2a: Muk|atk|1
|
|-weather|Snowscape|[upkeep]
|upkeep
|turn|6
|
|t:|1760445258
|switch|p2a: Hydreigon|Hydreigon, F|100/100
|move|p1a: Landorus|Taunt|p2a: Hydreigon
|-start|p2a: Hydreigon|move: Taunt
|
|-weather|Snowscape|[upkeep]
|upkeep
|turn|7
|
|t:|1760445269
|move|p2a: Hydreigon|Dark Pulse|p1a: Landorus
|-damage|p1a: Landorus|29/100
|cant|p1a: Landorus|flinch
|
|-weather|Snowscape|[upkeep]
|-heal|p1a: Landorus|36/100|[from] item: Leftovers
|upkeep
|turn|8
|
|t:|1760445277
|switch|p1a: Darkrai|Darkrai|100/100
|move|p2a: Hydreigon|Dark Pulse|p1a: Darkrai
|-resisted|p1a: Darkrai
|-damage|p1a: Darkrai|62/100
|
|-weather|Snowscape|[upkeep]
|-end|p2a: Hydreigon|move: Taunt
|upkeep
|turn|9
|
|t:|1760445290
|switch|p2a: Muk|Muk-Alola, M|100/100
|move|p1a: Darkrai|Focus Blast|p2a: Muk
|-damage|p2a: Muk|76/100
|
|-weather|none
|upkeep
|turn|10
|
|t:|1760445305
|switch|p1a: Slowking|Slowking-Galar, F|100/100
|switch|p2a: Samurott|Samurott-Hisui, F|21/100 brn
|
|-damage|p2a: Samurott|15/100 brn|[from] brn
|upkeep
|turn|11
|
|t:|1760445317
|switch|p1a: Corviknight|Corviknight, M|85/100
|-ability|p1a: Corviknight|Pressure
|move|p2a: Samurott|Ceaseless Edge|p1a: Corviknight
|-damage|p1a: Corviknight|69/100
|-damage|p2a: Samurott|0 fnt|[from] item: Rocky Helmet|[of] p1a: Corviknight
|faint|p2a: Samurott
|
|upkeep
|
|t:|1760445329
|switch|p2a: Hydreigon|Hydreigon, F|100/100
|turn|12
|
|t:|1760445338
|switch|p1a: Slowking|Slowking-Galar, F|100/100
|move|p2a: Hydreigon|Dark Pulse|p1a: Slowking
|-supereffective|p1a: Slowking
|-damage|p1a: Slowking|32/100
|
|upkeep
|turn|13
|
|t:|1760445357
|switch|p1a: Corviknight|Corviknight, M|69/100
|-ability|p1a: Corviknight|Pressure
|move|p2a: Hydreigon|Dark Pulse|p1a: Corviknight
|-damage|p1a: Corviknight|16/100
|
|upkeep
|turn|14
|
|t:|1760445365
|move|p2a: Hydreigon|Dark Pulse|p1a: Corviknight
|-damage|p1a: Corviknight|0 fnt
|faint|p1a: Corviknight
|
|upkeep
|
|t:|1760445370
|switch|p1a: Ogerpon|Ogerpon-Wellspring, F|100/100
|turn|15
|
|t:|1760445391
|switch|p2a: Bisharp|Bisharp, M, shiny|100/100
|move|p1a: Ogerpon|Ivy Cudgel|p2a: Bisharp|[anim] Ivy Cudgel Water
|-damage|p2a: Bisharp|56/100
|
|upkeep
|turn|16
|
|t:|1760445404
|move|p1a: Ogerpon|U-turn|p2a: Bisharp
|-damage|p2a: Bisharp|37/100
|
|t:|1760445423
|switch|p1a: Dragapult|Dragapult, F, tera:Fairy|100/100|[from] U-turn
|move|p2a: Bisharp|Swords Dance|p2a: Bisharp
|-boost|p2a: Bisharp|atk|2
|
|upkeep
|turn|17
|
|t:|1760445430
|move|p1a: Dragapult|U-turn|p2a: Bisharp
|-damage|p2a: Bisharp|22/100
|
|t:|1760445441
|switch|p1a: Darkrai|Darkrai|62/100|[from] U-turn
|move|p2a: Bisharp|Iron Head|p1a: Darkrai
|-damage|p1a: Darkrai|0 fnt
|faint|p1a: Darkrai
|
|upkeep
|l|☆Foot2RueCreteil
|player|p1|
|-message|dedark forfeited.
|
|win|Foot2RueCreteil
|raw|Foot2RueCreteil's rating: 1298 &rarr; <strong>1317</strong><br />(+19 for winning)
|raw|dedark's rating: 1217 &rarr; <strong>1198</strong><br />(-19 for losing)
|l|‽dedark
|player|p2|
