|j|☆Bighuff127
|j|☆ZeBoomer
|t:|1760358290
|gametype|singles
|player|p1|Bighuff127|101|1241
|player|p2|ZeBoomer|scientist-gen4dp|1214
|gen|9
|tier|[Gen 9] OU
|rated|
|rule|HP Percentage Mod: HP is shown in percentages
|rule|Endless Battle Clause: Forcing endless battles is banned
|rule|Species Clause: Limit one of each Pokémon
|rule|OHKO Clause: OHKO moves are banned
|rule|Evasion Items Clause: Evasion items are banned
|rule|Evasion Moves Clause: Evasion moves are banned
|rule|Evasion Abilities Clause: Evasion abilities are banned
|rule|Sleep Moves Clause: Sleep-inducing moves are banned
|clearpoke
|poke|p1|Gyarados, M|
|poke|p1|Garchomp, M|
|poke|p1|Ninetales-Alola, F|
|poke|p1|Thundurus-Therian, M|
|poke|p1|Great Tusk|
|poke|p1|Kingambit, M|
|poke|p2|Iron Moth|
|poke|p2|Tyranitar, F|
|poke|p2|Gholdengo|
|poke|p2|Excadrill, M|
|poke|p2|Ogerpon-Wellspring, F|
|poke|p2|Vikavolt, M|
|teampreview
|inactive|Battle timer is ON: inactive players will automatically lose when time's up. (requested by ZeBoomer)
|
|t:|1760358301
|teamsize|p1|6
|teamsize|p2|6
|start
|switch|p1a: Garchomp|Garchomp, M|100/100
|switch|p2a: Vikavolt|Vikavolt, M|100/100
|turn|1
|
|t:|1760358307
|move|p1a: Garchomp|Stealth Rock|p2a: Vikavolt
|-sidestart|p2: ZeBoomer|move: Stealth Rock
|move|p2a: Vikavolt|Agility|p2a: Vikavolt
|-boost|p2a: Vikavolt|spe|2
|
|upkeep
|turn|2
|
|t:|1760358316
|move|p2a: Vikavolt|Energy Ball|p1a: Garchomp
|-damage|p1a: Garchomp|71/100
|move|p1a: Garchomp|Dragon Tail|p2a: Vikavolt
|-damage|p2a: Vikavolt|71/100
|drag|p2a: Iron Moth|Iron Moth|100/100
|-damage|p2a: Iron Moth|76/100|[from] Stealth Rock
|-enditem|p2a: Iron Moth|Booster Energy
|-activate|p2a: Iron Moth|ability: Quark Drive|[fromitem]
|-start|p2a: Iron Moth|quarkdrivespe
|
|upkeep
|turn|3
|
|t:|1760358328
|move|p2a: Iron Moth|Dazzling Gleam|p1a: Garchomp
|-supereffective|p1a: Garchomp
|-damage|p1a: Garchomp|21/100
|move|p1a: Garchomp|Earthquake|p2a: Iron Moth
|-supereffective|p2a: Iron Moth
|-damage|p2a: Iron Moth|0 fnt
|faint|p2a: Iron Moth
|-end|p2a: Iron Moth|Quark Drive|[silent]
|
|upkeep
|
|t:|1760358337
|switch|p2a: Vikavolt|Vikavolt, M|71/100
|-damage|p2a: Vikavolt|46/100|[from] Stealth Rock
|turn|4
|
|t:|1760358341
|move|p1a: Garchomp|Spikes|p2a: Vikavolt
|-sidestart|p2: ZeBoomer|Spikes
|move|p2a: Vikavolt|Sticky Web|p1a: Garchomp
|-sidestart|p1: Bighuff127|move: Sticky Web
|
|upkeep
|turn|5
|
|t:|1760358349
|move|p2a: Vikavolt|Energy Ball|p1a: Garchomp
|-damage|p1a: Garchomp|0 fnt
|faint|p1a: Garchomp
|
|upkeep
|
|t:|1760358364
|switch|p1a: Kingambit|Kingambit, M, shiny|100/100
|-activate|p1a: Kingambit|move: Sticky Web
|-unboost|p1a: Kingambit|spe|1
|-activate|p1a: Kingambit|ability: Supreme Overlord
|-start|p1a: Kingambit|fallen1|[silent]
|turn|6
|
|t:|1760358371
|move|p2a: Vikavolt|Discharge|p1a: Kingambit
|-damage|p1a: Kingambit|58/100
|move|p1a: Kingambit|Kowtow Cleave|p2a: Vikavolt
|-damage|p2a: Vikavolt|0 fnt
|faint|p2a: Vikavolt
|
|upkeep
|
|t:|1760358379
|switch|p2a: Tyranitar|Tyranitar, F|100/100
|-damage|p2a: Tyranitar|88/100|[from] Stealth Rock
|-damage|p2a: Tyranitar|76/100|[from] Spikes
|-weather|Sandstorm|[from] ability: Sand Stream|[of] p2a: Tyranitar
|turn|7
|
|t:|1760358383
|move|p2a: Tyranitar|Low Kick|p1a: Kingambit
|-supereffective|p1a: Kingambit
|-damage|p1a: Kingambit|0 fnt
|faint|p1a: Kingambit
|-end|p1a: Kingambit|fallen1|[silent]
|
|-weather|Sandstorm|[upkeep]
|upkeep
|
|t:|1760358393
|switch|p1a: Great Tusk|Great Tusk|100/100
|-activate|p1a: Great Tusk|move: Sticky Web
|-unboost|p1a: Great Tusk|spe|1
|turn|8
|
|t:|1760358405
|switch|p2a: Gholdengo|Gholdengo|100/100
|-damage|p2a: Gholdengo|94/100|[from] Stealth Rock
|-item|p2a: Gholdengo|Air Balloon
|move|p1a: Great Tusk|Knock Off|p2a: Gholdengo
|-supereffective|p2a: Gholdengo
|-damage|p2a: Gholdengo|48/100
|-enditem|p2a: Gholdengo|Air Balloon
|
|-weather|Sandstorm|[upkeep]
|upkeep
|turn|9
|
|t:|1760358414
|-end|p1a: Great Tusk|Protosynthesis|[silent]
|switch|p1a: Gyarados|Gyarados, M|100/100
|-terastallize|p2a: Gholdengo|Flying
|move|p2a: Gholdengo|Recover|p2a: Gholdengo
|-heal|p2a: Gholdengo|98/100
|
|-weather|Sandstorm|[upkeep]
|-damage|p1a: Gyarados|94/100|[from] Sandstorm
|-damage|p2a: Gholdengo|92/100|[from] Sandstorm
|upkeep
|turn|10
|
|t:|1760358420
|move|p1a: Gyarados|Dragon Dance|p1a: Gyarados
|-boost|p1a: Gyarados|atk|1
|-boost|p1a: Gyarados|spe|1
|move|p2a: Gholdengo|Shadow Ball|p1a: Gyarados
|-damage|p1a: Gyarados|50/100
|-unboost|p1a: Gyarados|spd|1
|
|-weather|Sandstorm|[upkeep]
|-damage|p1a: Gyarados|44/100|[from] Sandstorm
|-damage|p2a: Gholdengo|86/100|[from] Sandstorm
|upkeep
|turn|11
|
|t:|1760358427
|-terastallize|p1a: Gyarados|Flying
|move|p1a: Gyarados|Tera Blast|p2a: Gholdengo|[anim] Tera Blast Flying
|-damage|p2a: Gholdengo|14/100
|move|p2a: Gholdengo|Shadow Ball|p1a: Gyarados
|-damage|p1a: Gyarados|0 fnt
|faint|p1a: Gyarados
|
|-weather|none
|upkeep
|
|t:|1760358432
|switch|p1a: Great Tusk|Great Tusk|100/100
|-activate|p1a: Great Tusk|move: Sticky Web
|-unboost|p1a: Great Tusk|spe|1
|turn|12
|
|t:|1760358457
|move|p2a: Gholdengo|Shadow Ball|p1a: Great Tusk
|-damage|p1a: Great Tusk|50/100
|move|p1a: Great Tusk|Rapid Spin|p2a: Gholdengo
|-damage|p2a: Gholdengo|0 fnt
|-boost|p1a: Great Tusk|spe|1
|-sideend|p1: Bighuff127|Sticky Web|[from] move: Rapid Spin|[of] p1a: Great Tusk
|faint|p2a: Gholdengo
|
|upkeep
|
|t:|1760358464
|switch|p2a: Ogerpon|Ogerpon-Wellspring, F|100/100
|-damage|p2a: Ogerpon|88/100|[from] Stealth Rock
|-damage|p2a: Ogerpon|76/100|[from] Spikes
|turn|13
|
|t:|1760358474
|move|p2a: Ogerpon|Ivy Cudgel|p1a: Great Tusk|[anim] Ivy Cudgel Water
|-supereffective|p1a: Great Tusk
|-damage|p1a: Great Tusk|0 fnt
|faint|p1a: Great Tusk
|-end|p1a: Great Tusk|Protosynthesis|[silent]
|
|upkeep
|
|t:|1760358480
|switch|p1a: Ninetales|Ninetales-Alola, F, shiny|100/100
|-weather|Snowscape|[from] ability: Snow Warning|[of] p1a: Ninetales
|turn|14
|
|t:|1760358483
|switch|p2a: Tyranitar|Tyranitar, F|76/100
|-damage|p2a: Tyranitar|63/100|[from] Stealth Rock
|-damage|p2a: Tyranitar|51/100|[from] Spikes
|-weather|Sandstorm|[from] ability: Sand Stream|[of] p2a: Tyranitar
|move|p1a: Ninetales|Moonblast|p2a: Tyranitar
|-supereffective|p2a: Tyranitar
|-damage|p2a: Tyranitar|18/100
|-unboost|p2a: Tyranitar|spa|1
|
|-weather|Sandstorm|[upkeep]
|-damage|p1a: Ninetales|94/100|[from] Sandstorm
|upkeep
|turn|15
|
|t:|1760358493
|move|p1a: Ninetales|Moonblast|p2a: Tyranitar
|-supereffective|p2a: Tyranitar
|-damage|p2a: Tyranitar|0 fnt
|faint|p2a: Tyranitar
|
|-weather|Sandstorm|[upkeep]
|-damage|p1a: Ninetales|88/100|[from] Sandstorm
|upkeep
|
|t:|1760358496
|switch|p2a: Excadrill|Excadrill, M|100/100
|-damage|p2a: Excadrill|97/100|[from] Stealth Rock
|-damage|p2a: Excadrill|85/100|[from] Spikes
|turn|16
|
|t:|1760358498
|switch|p1a: Thundurus|Thundurus-Therian, M|100/100
|move|p2a: Excadrill|Iron Head|p1a: Thundurus
|-resisted|p1a: Thundurus
|-damage|p1a: Thundurus|65/100
|
|-weather|Sandstorm|[upkeep]
|-damage|p1a: Thundurus|59/100|[from] Sandstorm
|upkeep
|turn|17
|
|t:|1760358509
|move|p2a: Excadrill|Rapid Spin|p1a: Thundurus
|-damage|p1a: Thundurus|30/100
|-boost|p2a: Excadrill|spe|1
|-sideend|p2: ZeBoomer|Spikes|[from] move: Rapid Spin|[of] p2a: Excadrill
|-sideend|p2: ZeBoomer|Stealth Rock|[from] move: Rapid Spin|[of] p2a: Excadrill
|move|p1a: Thundurus|Grass Knot|p2a: Excadrill
|-damage|p2a: Excadrill|39/100
|
|-weather|Sandstorm|[upkeep]
|-damage|p1a: Thundurus|24/100|[from] Sandstorm
|upkeep
|turn|18
|
|t:|1760358519
|move|p2a: Excadrill|Iron Head|p1a: Thundurus
|-resisted|p1a: Thundurus
|-damage|p1a: Thundurus|0 fnt
|faint|p1a: Thundurus
|
|-weather|none
|upkeep
|
|t:|1760358521
|switch|p1a: Ninetales|Ninetales-Alola, F, shiny|88/100
|-weather|Snowscape|[from] ability: Snow Warning|[of] p1a: Ninetales
|turn|19
|
|t:|1760358528
|move|p2a: Excadrill|Iron Head|p1a: Ninetales
|-supereffective|p1a: Ninetales
|-damage|p1a: Ninetales|0 fnt
|faint|p1a: Ninetales
|
|win|ZeBoomer
|raw|Bighuff127's rating: 1241 &rarr; <strong>1214</strong><br />(-27 for losing)
|raw|ZeBoomer's rating: 1214 &rarr; <strong>1241</strong><br />(+27 for winning)
|l|☆Bighuff127
|player|p1|
|l|☆ZeBoomer
|player|p2|
