|j|☆mr tickley
|j|☆Dronedrio
|t:|1760400311
|gametype|singles
|player|p1|mr tickley|preschooler|1679
|player|p2|Dronedrio|camper-gen2|1585
|gen|9
|tier|[Gen 9] OU
|rated|
|rule|HP Percentage Mod: HP is shown in percentages
|rule|Endless Battle Clause: Forcing endless battles is banned
|rule|Species Clause: Limit one of each Pokémon
|rule|OHKO Clause: OHKO moves are banned
|rule|Evasion Items Clause: Evasion items are banned
|rule|Evasion Moves Clause: Evasion moves are banned
|rule|Evasion Abilities Clause: Evasion abilities are banned
|rule|Sleep Moves Clause: Sleep-inducing moves are banned
|clearpoke
|poke|p1|Samurott-Hisui, F|
|poke|p1|Fezandipiti, M|
|poke|p1|Zamazenta-*|
|poke|p1|Weavile, M|
|poke|p1|Corviknight, F|
|poke|p1|Palossand, F|
|poke|p2|Araquanid, M|
|poke|p2|Enamorus, F|
|poke|p2|Serperior, F|
|poke|p2|Cinderace, M|
|poke|p2|Milotic, F|
|poke|p2|Kingambit, F|
|teampreview
|inactive|Battle timer is ON: inactive players will automatically lose when time's up. (requested by mr tickley)
|
|t:|1760400320
|teamsize|p1|6
|teamsize|p2|6
|start
|switch|p1a: Samurott|Samurott-Hisui, F|100/100
|switch|p2a: Araquanid|Araquanid, M|100/100
|turn|1
|
|t:|1760400321
|move|p1a: Samurott|Ceaseless Edge|p2a: Araquanid
|-damage|p2a: Araquanid|50/100
|-sidestart|p2: Dronedrio|Spikes
|move|p2a: Araquanid|Sticky Web|p1a: Samurott
|-sidestart|p1: mr tickley|move: Sticky Web
|
|upkeep
|turn|2
|
|t:|1760400327
|move|p1a: Samurott|Ceaseless Edge|p2a: Araquanid
|-damage|p2a: Araquanid|0 fnt
|-sidestart|p2: Dronedrio|Spikes
|faint|p2a: Araquanid
|
|upkeep
|
|t:|1760400330
|switch|p2a: Serperior|Serperior, F|100/100
|-damage|p2a: Serperior|84/100|[from] Spikes
|turn|3
|
|t:|1760400340
|switch|p1a: Fezandipiti|Fezandipiti, M|100/100
|-activate|p1a: Fezandipiti|move: Sticky Web
|-unboost|p1a: Fezandipiti|spe|1
|move|p2a: Serperior|Glare|p1a: Fezandipiti
|-status|p1a: Fezandipiti|par
|
|-heal|p2a: Serperior|90/100|[from] item: Leftovers
|upkeep
|turn|4
|
|t:|1760400344
|switch|p2a: Cinderace|Cinderace, M|100/100
|move|p1a: Fezandipiti|Moonblast|p2a: Cinderace
|-resisted|p2a: Cinderace
|-damage|p2a: Cinderace|76/100
|
|upkeep
|turn|5
|
|t:|1760400353
|move|p2a: Cinderace|Pyro Ball|p1a: Fezandipiti
|-damage|p1a: Fezandipiti|31/100 par
|move|p1a: Fezandipiti|Moonblast|p2a: Cinderace
|-resisted|p2a: Cinderace
|-damage|p2a: Cinderace|52/100
|
|-heal|p1a: Fezandipiti|37/100 par|[from] item: Leftovers
|upkeep
|turn|6
|
|t:|1760400359
|switch|p1a: Palossand|Palossand, F|100/100
|-activate|p1a: Palossand|move: Sticky Web
|-unboost|p1a: Palossand|spe|1
|move|p2a: Cinderace|Pyro Ball|p1a: Palossand
|-damage|p1a: Palossand|64/100
|
|upkeep
|turn|7
|
|t:|1760400363
|move|p2a: Cinderace|Court Change|p2a: Cinderace
|-swapsideconditions
|-activate|p2a: Cinderace|move: Court Change
|move|p1a: Palossand|Shore Up|p1a: Palossand
|-heal|p1a: Palossand|100/100
|
|upkeep
|turn|8
|
|t:|1760400366
|move|p2a: Cinderace|Pyro Ball|p1a: Palossand
|-damage|p1a: Palossand|66/100
|-status|p1a: Palossand|brn
|move|p1a: Palossand|Stealth Rock|p2a: Cinderace
|-sidestart|p2: Dronedrio|move: Stealth Rock
|
|-damage|p1a: Palossand|60/100 brn|[from] brn
|upkeep
|turn|9
|
|t:|1760400371
|move|p2a: Cinderace|Pyro Ball|p1a: Palossand
|-damage|p1a: Palossand|19/100 brn
|move|p1a: Palossand|Shore Up|p1a: Palossand
|-heal|p1a: Palossand|69/100 brn
|
|-damage|p1a: Palossand|63/100 brn|[from] brn
|upkeep
|turn|10
|
|t:|1760400373
|move|p2a: Cinderace|Pyro Ball|p1a: Palossand
|-damage|p1a: Palossand|29/100 brn
|move|p1a: Palossand|Shore Up|p1a: Palossand
|-heal|p1a: Palossand|79/100 brn
|
|-damage|p1a: Palossand|73/100 brn|[from] brn
|upkeep
|turn|11
|
|t:|1760400377
|move|p2a: Cinderace|U-turn|p1a: Palossand
|-resisted|p1a: Palossand
|-damage|p1a: Palossand|65/100 brn
|-damage|p2a: Cinderace|35/100|[from] item: Rocky Helmet|[of] p1a: Palossand
|
|t:|1760400379
|switch|p2a: Serperior|Serperior, F|90/100|[from] U-turn
|-activate|p2a: Serperior|move: Sticky Web
|-boost|p2a: Serperior|spe|1
|-damage|p2a: Serperior|78/100|[from] Stealth Rock
|move|p1a: Palossand|Shore Up|p1a: Palossand
|-heal|p1a: Palossand|100/100 brn
|
|-heal|p2a: Serperior|84/100|[from] item: Leftovers
|-damage|p1a: Palossand|94/100 brn|[from] brn
|upkeep
|turn|12
|
|t:|1760400383
|switch|p1a: Corviknight|Corviknight, F|100/100
|-ability|p1a: Corviknight|Pressure
|move|p2a: Serperior|Substitute|p2a: Serperior
|-start|p2a: Serperior|Substitute
|-damage|p2a: Serperior|59/100
|
|-heal|p2a: Serperior|65/100|[from] item: Leftovers
|upkeep
|turn|13
|
|t:|1760400387
|move|p2a: Serperior|Glare|p1a: Corviknight
|-status|p1a: Corviknight|par
|cant|p1a: Corviknight|par
|
|-heal|p2a: Serperior|71/100|[from] item: Leftovers
|upkeep
|turn|14
|
|t:|1760400390
|move|p2a: Serperior|Leaf Storm|p1a: Corviknight
|-resisted|p1a: Corviknight
|-damage|p1a: Corviknight|90/100 par
|-boost|p2a: Serperior|spa|2
|move|p1a: Corviknight|Brave Bird|p2a: Serperior
|-supereffective|p2a: Serperior
|-end|p2a: Serperior|Substitute
|-damage|p1a: Corviknight|84/100 par|[from] Recoil|[of] p2a: Serperior
|
|-heal|p2a: Serperior|77/100|[from] item: Leftovers
|upkeep
|turn|15
|
|t:|1760400393
|move|p2a: Serperior|Leaf Storm|p1a: Corviknight
|-resisted|p1a: Corviknight
|-damage|p1a: Corviknight|64/100 par
|-boost|p2a: Serperior|spa|2
|move|p1a: Corviknight|Brave Bird|p2a: Serperior
|-supereffective|p2a: Serperior
|-damage|p2a: Serperior|0 fnt
|faint|p2a: Serperior
|-damage|p1a: Corviknight|45/100 par|[from] Recoil
|
|upkeep
|
|t:|1760400402
|switch|p2a: Enamorus|Enamorus, F|100/100
|-damage|p2a: Enamorus|76/100|[from] Stealth Rock
|turn|16
|
|t:|1760400409
|-terastallize|p2a: Enamorus|Fairy
|move|p2a: Enamorus|Moonblast|p1a: Corviknight
|-resisted|p1a: Corviknight
|-damage|p1a: Corviknight|0 fnt
|faint|p1a: Corviknight
|
|upkeep
|
|t:|1760400415
|switch|p1a: Weavile|Weavile, M|100/100
|-ability|p1a: Weavile|Pressure
|turn|17
|
|t:|1760400429
|switch|p2a: Cinderace|Cinderace, M|35/100
|move|p1a: Weavile|Icicle Crash|p2a: Cinderace
|-resisted|p2a: Cinderace
|-damage|p2a: Cinderace|4/100
|
|upkeep
|turn|18
|
|t:|1760400434
|move|p1a: Weavile|Knock Off|p2a: Cinderace
|-damage|p2a: Cinderace|0 fnt
|-enditem|p2a: Cinderace|Heavy-Duty Boots|[from] move: Knock Off|[of] p1a: Weavile
|faint|p2a: Cinderace
|
|upkeep
|
|t:|1760400446
|switch|p2a: Enamorus|Enamorus, F, tera:Fairy|76/100
|-activate|p2a: Enamorus|move: Sticky Web
|-boost|p2a: Enamorus|spe|1
|-damage|p2a: Enamorus|63/100|[from] Stealth Rock
|turn|19
|
|t:|1760400454
|switch|p1a: Fezandipiti|Fezandipiti, M|37/100 par
|-damage|p1a: Fezandipiti|21/100 par|[from] Spikes
|move|p2a: Enamorus|Moonblast|p1a: Fezandipiti
|-resisted|p1a: Fezandipiti
|-damage|p1a: Fezandipiti|0 fnt
|faint|p1a: Fezandipiti
|
|upkeep
|
|t:|1760400456
|switch|p1a: Samurott|Samurott-Hisui, F|100/100
|turn|20
|
|t:|1760400461
|-terastallize|p1a: Samurott|Poison
|move|p2a: Enamorus|Moonblast|p1a: Samurott
|-resisted|p1a: Samurott
|-damage|p1a: Samurott|21/100
|move|p1a: Samurott|Ceaseless Edge|p2a: Enamorus
|-resisted|p2a: Enamorus
|-damage|p2a: Enamorus|24/100
|-sidestart|p2: Dronedrio|Spikes
|
|upkeep
|turn|21
|
|t:|1760400469
|switch|p2a: Kingambit|Kingambit, F|100/100
|-activate|p2a: Kingambit|move: Sticky Web
|-unboost|p2a: Kingambit|spe|1
|-ability|p2a: Kingambit|Defiant|boost
|-boost|p2a: Kingambit|atk|2
|-damage|p2a: Kingambit|94/100|[from] Stealth Rock
|-damage|p2a: Kingambit|82/100|[from] Spikes
|move|p1a: Samurott|Aqua Jet|p2a: Kingambit
|-damage|p2a: Kingambit|65/100
|
|upkeep
|turn|22
|
|t:|1760400480
|switch|p1a: Palossand|Palossand, F|94/100 brn
|-damage|p1a: Palossand|78/100 brn|[from] Spikes
|move|p2a: Kingambit|Kowtow Cleave|p1a: Palossand
|-supereffective|p1a: Palossand
|-damage|p1a: Palossand|0 fnt
|-damage|p2a: Kingambit|49/100|[from] item: Rocky Helmet|[of] p1a: Palossand
|faint|p1a: Palossand
|
|upkeep
|
|t:|1760400482
|switch|p1a: Zamazenta|Zamazenta|100/100
|-damage|p1a: Zamazenta|84/100|[from] Spikes
|-ability|p1a: Zamazenta|Dauntless Shield|boost
|-boost|p1a: Zamazenta|def|1
|turn|23
|
|t:|1760400486
|switch|p2a: Enamorus|Enamorus, F, tera:Fairy|24/100
|-activate|p2a: Enamorus|move: Sticky Web
|-boost|p2a: Enamorus|spe|1
|-damage|p2a: Enamorus|11/100|[from] Stealth Rock
|-damage|p2a: Enamorus|0 fnt|[from] Spikes
|faint|p2a: Enamorus
|move|p1a: Zamazenta|Body Press|p2: Enamorus|[notarget]
|-fail|p1a: Zamazenta
|
|-heal|p1a: Zamazenta|90/100|[from] item: Leftovers
|upkeep
|
|t:|1760400488
|switch|p2a: Milotic|Milotic, F|100/100
|-activate|p2a: Milotic|move: Sticky Web
|-unboost|p2a: Milotic|spe|1
|-ability|p2a: Milotic|Competitive|boost
|-boost|p2a: Milotic|spa|2
|-damage|p2a: Milotic|88/100|[from] Stealth Rock
|-damage|p2a: Milotic|76/100|[from] Spikes
|turn|24
|
|t:|1760400492
|move|p1a: Zamazenta|Body Press|p2a: Milotic
|-damage|p2a: Milotic|20/100
|move|p2a: Milotic|Draining Kiss|p1a: Zamazenta
|-supereffective|p1a: Zamazenta
|-damage|p1a: Zamazenta|13/100
|-heal|p2a: Milotic|77/100|[from] drain|[of] p1a: Zamazenta
|
|-heal|p1a: Zamazenta|19/100|[from] item: Leftovers
|upkeep
|turn|25
|
|t:|1760400497
|move|p1a: Zamazenta|Body Press|p2a: Milotic
|-damage|p2a: Milotic|28/100
|move|p2a: Milotic|Draining Kiss|p1a: Zamazenta
|-supereffective|p1a: Zamazenta
|-damage|p1a: Zamazenta|0 fnt
|-heal|p2a: Milotic|42/100|[from] drain|[of] p1a: Zamazenta
|faint|p1a: Zamazenta
|
|upkeep
|
|t:|1760400502
|switch|p1a: Samurott|Samurott-Hisui, F, tera:Poison|21/100
|turn|26
|
|t:|1760400504
|move|p1a: Samurott|Ceaseless Edge|p2a: Milotic
|-damage|p2a: Milotic|0 fnt
|-sidestart|p2: Dronedrio|Spikes
|faint|p2a: Milotic
|
|upkeep
|
|t:|1760400505
|switch|p2a: Kingambit|Kingambit, F|49/100
|-activate|p2a: Kingambit|move: Sticky Web
|-unboost|p2a: Kingambit|spe|1
|-ability|p2a: Kingambit|Defiant|boost
|-boost|p2a: Kingambit|atk|2
|-damage|p2a: Kingambit|42/100|[from] Stealth Rock
|-damage|p2a: Kingambit|26/100|[from] Spikes
|turn|27
|
|t:|1760400518
|move|p1a: Samurott|Aqua Cutter|p2a: Kingambit
|-damage|p2a: Kingambit|0 fnt
|faint|p2a: Kingambit
|
|win|mr tickley
|raw|mr tickley's rating: 1679 &rarr; <strong>1694</strong><br />(+15 for winning)
|raw|Dronedrio's rating: 1585 &rarr; <strong>1570</strong><br />(-15 for losing)
|l|☆Dronedrio
|player|p2|
|l|☆mr tickley
|player|p1|
