|j|☆go b3yond
|j|☆akibarubinstein
|t:|1760435318
|gametype|singles
|player|p1|go b3yond|waiter-gen4dp|1533
|player|p2|akibarubinstein|1|1484
|gen|9
|tier|[Gen 9] OU
|rated|
|rule|HP Percentage Mod: HP is shown in percentages
|rule|Endless Battle Clause: Forcing endless battles is banned
|rule|Species Clause: Limit one of each Pokémon
|rule|OHKO Clause: OHKO moves are banned
|rule|Evasion Items Clause: Evasion items are banned
|rule|Evasion Moves Clause: Evasion moves are banned
|rule|Evasion Abilities Clause: Evasion abilities are banned
|rule|Sleep Moves Clause: Sleep-inducing moves are banned
|clearpoke
|poke|p1|Araquanid, M|
|poke|p1|Ogerpon-Cornerstone, F|
|poke|p1|Great Tusk|
|poke|p1|Gholdengo|
|poke|p1|Dragonite, M|
|poke|p1|Kingambit, F|
|poke|p2|Garchomp, F|
|poke|p2|Darkrai|
|poke|p2|Moltres|
|poke|p2|Great Tusk|
|poke|p2|Alomomola, M|
|poke|p2|Ogerpon-Wellspring, F|
|teampreview
|inactive|Battle timer is ON: inactive players will automatically lose when time's up. (requested by go b3yond)
|
|t:|1760435336
|teamsize|p1|6
|teamsize|p2|6
|start
|switch|p1a: Spring Autumn|Araquanid, M|100/100
|switch|p2a: Ogerpon|Ogerpon-Wellspring, F|100/100
|turn|1
|
|t:|1760435338
|move|p2a: Ogerpon|Power Whip|p1a: Spring Autumn
|-damage|p1a: Spring Autumn|12/100
|move|p1a: Spring Autumn|Sticky Web|p2a: Ogerpon
|-sidestart|p2: akibarubinstein|move: Sticky Web
|
|upkeep
|turn|2
|-enditem|p1a: Spring Autumn|Custap Berry|[eat]
|-activate|p1a: Spring Autumn|item: Custap Berry|[consumed]
|
|t:|1760435343
|switch|p2a: Garchomp|Garchomp, F|100/100
|-activate|p2a: Garchomp|move: Sticky Web
|-unboost|p2a: Garchomp|spe|1
|move|p1a: Spring Autumn|Lunge|p2a: Garchomp
|-damage|p2a: Garchomp|81/100
|-unboost|p2a: Garchomp|atk|1
|-damage|p1a: Spring Autumn|0 fnt|[from] ability: Rough Skin|[of] p2a: Garchomp
|faint|p1a: Spring Autumn
|
|upkeep
|
|t:|1760435364
|switch|p1a: Dragonite|Dragonite, M|100/100
|turn|3
|
|t:|1760435384
|switch|p2a: Darkrai|Darkrai|100/100
|move|p1a: Dragonite|Scale Shot|p2a: Darkrai
|-damage|p2a: Darkrai|82/100
|-damage|p2a: Darkrai|63/100
|-damage|p2a: Darkrai|42/100
|-damage|p2a: Darkrai|23/100
|-damage|p2a: Darkrai|2/100
|-hitcount|p2a: Darkrai|5
|-unboost|p1a: Dragonite|def|1
|-boost|p1a: Dragonite|spe|1
|
|upkeep
|turn|4
|
|t:|1760435392
|switch|p2a: Moltres|Moltres|100/100
|move|p1a: Dragonite|Scale Shot|p2a: Moltres
|-damage|p2a: Moltres|90/100
|-damage|p2a: Moltres|80/100
|-damage|p2a: Moltres|70/100
|-damage|p2a: Moltres|59/100
|-hitcount|p2a: Moltres|4
|-unboost|p1a: Dragonite|def|1
|-boost|p1a: Dragonite|spe|1
|
|upkeep
|turn|5
|
|t:|1760435399
|-terastallize|p1a: Dragonite|Fire
|move|p1a: Dragonite|Dragon Dance|p1a: Dragonite
|-boost|p1a: Dragonite|atk|1
|-boost|p1a: Dragonite|spe|1
|move|p2a: Moltres|Roost|p2a: Moltres
|-heal|p2a: Moltres|100/100
|-singleturn|p2a: Moltres|move: Roost
|
|upkeep
|turn|6
|
|t:|1760435405
|move|p1a: Dragonite|Encore|p2a: Moltres
|-start|p2a: Moltres|Encore
|move|p2a: Moltres|Roost||[still]
|-fail|p2a: Moltres|heal
|
|upkeep
|turn|7
|
|t:|1760435409
|switch|p2a: Alomomola|Alomomola, M|100/100
|move|p1a: Dragonite|Dragon Dance|p1a: Dragonite
|-boost|p1a: Dragonite|atk|1
|-boost|p1a: Dragonite|spe|1
|
|upkeep
|turn|8
|
|t:|1760435413
|move|p1a: Dragonite|Scale Shot|p2a: Alomomola
|-damage|p2a: Alomomola|80/100
|-damage|p2a: Alomomola|56/100
|-damage|p2a: Alomomola|33/100
|-damage|p2a: Alomomola|10/100
|-damage|p2a: Alomomola|0 fnt
|faint|p2a: Alomomola
|-hitcount|p2: Alomomola|5
|-unboost|p1a: Dragonite|def|1
|-boost|p1a: Dragonite|spe|1
|
|upkeep
|-message|akibarubinstein forfeited.
|
|win|go b3yond
|raw|go b3yond's rating: 1533 &rarr; <strong>1550</strong><br />(+17 for winning)
|raw|akibarubinstein's rating: 1484 &rarr; <strong>1467</strong><br />(-17 for losing)
|l|☆akibarubinstein
|player|p2|
|l|☆go b3yond
|player|p1|
