|j|‽flinchirator
|j|☆Bouffeur d'lasagne
|t:|1760417903
|gametype|singles
|player|p1|flinchirator|miku-ice|1334
|player|p2|Bouffeur d'lasagne|teamrocket|1263
|gen|9
|tier|[Gen 9] OU
|rated|
|rule|HP Percentage Mod: HP is shown in percentages
|rule|Endless Battle Clause: Forcing endless battles is banned
|rule|Species Clause: Limit one of each Pokémon
|rule|OHKO Clause: OHKO moves are banned
|rule|Evasion Items Clause: Evasion items are banned
|rule|Evasion Moves Clause: Evasion moves are banned
|rule|Evasion Abilities Clause: Evasion abilities are banned
|rule|Sleep Moves Clause: Sleep-inducing moves are banned
|clearpoke
|poke|p1|Malamar, F|
|poke|p1|Hatterene, F|
|poke|p1|Ursaluna, M|
|poke|p1|Vikavolt, M|
|poke|p1|Mimikyu, M|
|poke|p1|Reuniclus, F|
|poke|p2|Polteageist|
|poke|p2|Blastoise, F|
|poke|p2|Torterra, M|
|poke|p2|Cloyster, M|
|poke|p2|Minior|
|poke|p2|Drednaw, F|
|teampreview
|inactive|Battle timer is ON: inactive players will automatically lose when time's up. (requested by flinchirator)
|
|t:|1760417928
|teamsize|p1|6
|teamsize|p2|6
|start
|switch|p1a: Reuniclus|Reuniclus, F|100/100
|switch|p2a: Cloyster|Cloyster, M|100/100
|turn|1
|
|t:|1760417939
|move|p2a: Cloyster|Icicle Spear|p1a: Reuniclus
|-damage|p1a: Reuniclus|90/100
|-damage|p1a: Reuniclus|78/100
|-damage|p1a: Reuniclus|67/100
|-damage|p1a: Reuniclus|55/100
|-damage|p1a: Reuniclus|42/100
|-hitcount|p1a: Reuniclus|5
|move|p1a: Reuniclus|Trick Room|p1a: Reuniclus
|-fieldstart|move: Trick Room|[of] p1a: Reuniclus
|
|upkeep
|turn|2
|
|t:|1760417950
|switch|p2a: Polteageist|Polteageist|100/100
|move|p1a: Reuniclus|Psychic|p2a: Polteageist
|-damage|p2a: Polteageist|30/100
|
|upkeep
|turn|3
|
|t:|1760417976
|move|p1a: Reuniclus|Psychic|p2a: Polteageist
|-damage|p2a: Polteageist|0 fnt
|faint|p2a: Polteageist
|
|upkeep
|
|t:|1760417986
|switch|p2a: Drednaw|Drednaw, F|100/100
|turn|4
|inactive|flinchirator has 120 seconds left.
|
|t:|1760418025
|-terastallize|p1a: Reuniclus|Fighting
|-terastallize|p2a: Drednaw|Dark
|move|p1a: Reuniclus|Tera Blast|p2a: Drednaw|[anim] Tera Blast Fighting
|-supereffective|p2a: Drednaw
|-damage|p2a: Drednaw|0 fnt
|faint|p2a: Drednaw
|
|upkeep
|
|t:|1760418047
|switch|p2a: Blastoise|Blastoise, F|100/100
|turn|5
|inactive|flinchirator has 90 seconds left.
|inactive|flinchirator has 60 seconds left.
|
|t:|1760418115
|move|p1a: Reuniclus|Psychic|p2a: Blastoise
|-damage|p2a: Blastoise|30/100
|move|p2a: Blastoise|Shell Smash|p2a: Blastoise
|-unboost|p2a: Blastoise|def|1
|-unboost|p2a: Blastoise|spd|1
|-boost|p2a: Blastoise|atk|2
|-boost|p2a: Blastoise|spa|2
|-boost|p2a: Blastoise|spe|2
|-enditem|p2a: Blastoise|White Herb
|-clearnegativeboost|p2a: Blastoise|[silent]
|
|-fieldend|move: Trick Room
|upkeep
|turn|6
|inactive|flinchirator has 60 seconds left.
|
|t:|1760418125
|move|p2a: Blastoise|Surf|p1a: Reuniclus
|-damage|p1a: Reuniclus|0 fnt
|faint|p1a: Reuniclus
|
|upkeep
|
|t:|1760418129
|switch|p1a: Hatterene|Hatterene, F|100/100
|turn|7
|
|t:|1760418133
|move|p2a: Blastoise|Surf|p1a: Hatterene
|-enditem|p1a: Hatterene|Focus Sash
|-damage|p1a: Hatterene|1/100
|move|p1a: Hatterene|Trick Room|p1a: Hatterene
|-fieldstart|move: Trick Room|[of] p1a: Hatterene
|
|upkeep
|turn|8
|
|t:|1760418144
|move|p1a: Hatterene|Dazzling Gleam|p2a: Blastoise
|-damage|p2a: Blastoise|0 fnt
|faint|p2a: Blastoise
|
|upkeep
|
|t:|1760418155
|switch|p2a: Minior|Minior|100/100
|-formechange|p2a: Minior|Minior-Meteor||[from] ability: Shields Down
|turn|9
|inactive|flinchirator has 90 seconds left.
|
|t:|1760418168
|move|p1a: Hatterene|Psychic Noise|p2a: Minior
|-damage|p2a: Minior|56/100
|-start|p2a: Minior|move: Heal Block
|move|p2a: Minior|Acrobatics|p1a: Hatterene
|-damage|p1a: Hatterene|0 fnt
|faint|p1a: Hatterene
|
|upkeep
|
|t:|1760418191
|switch|p1a: Malamar|Malamar, F, shiny|100/100
|turn|10
|
|t:|1760418199
|move|p1a: Malamar|Rock Slide|p2a: Minior
|-supereffective|p2a: Minior
|-damage|p2a: Minior|5/100
|cant|p2a: Minior|flinch
|
|-end|p2a: Minior|move: Heal Block
|-formechange|p2a: Minior|Minior||[from] ability: Shields Down
|upkeep
|turn|11
|
|t:|1760418208
|move|p1a: Malamar|Superpower|p2a: Minior
|-damage|p2a: Minior|0 fnt
|-boost|p1a: Malamar|atk|1
|-boost|p1a: Malamar|def|1
|faint|p2a: Minior
|
|-fieldend|move: Trick Room
|upkeep
|
|t:|1760418214
|switch|p2a: Cloyster|Cloyster, M|100/100
|turn|12
|
|t:|1760418218
|move|p2a: Cloyster|Shell Smash|p2a: Cloyster
|-unboost|p2a: Cloyster|def|1
|-unboost|p2a: Cloyster|spd|1
|-boost|p2a: Cloyster|atk|2
|-boost|p2a: Cloyster|spa|2
|-boost|p2a: Cloyster|spe|2
|-enditem|p2a: Cloyster|White Herb
|-clearnegativeboost|p2a: Cloyster|[silent]
|move|p1a: Malamar|Trick Room|p1a: Malamar
|-fieldstart|move: Trick Room|[of] p1a: Malamar
|
|upkeep
|turn|13
|
|t:|1760418226
|move|p1a: Malamar|Superpower|p2a: Cloyster
|-supereffective|p2a: Cloyster
|-damage|p2a: Cloyster|8/100
|-boost|p1a: Malamar|atk|1
|-boost|p1a: Malamar|def|1
|move|p2a: Cloyster|Icicle Spear|p1a: Malamar
|-damage|p1a: Malamar|88/100
|-damage|p1a: Malamar|76/100
|-damage|p1a: Malamar|63/100
|-damage|p1a: Malamar|52/100
|-damage|p1a: Malamar|41/100
|-hitcount|p1a: Malamar|5
|
|upkeep
|turn|14
|inactive|flinchirator has 120 seconds left.
|
|t:|1760418240
|move|p1a: Malamar|Superpower|p2a: Cloyster
|-supereffective|p2a: Cloyster
|-damage|p2a: Cloyster|0 fnt
|-boost|p1a: Malamar|atk|1
|-boost|p1a: Malamar|def|1
|faint|p2a: Cloyster
|
|upkeep
|-message|Bouffeur d'lasagne forfeited.
|
|win|flinchirator
|raw|flinchirator's rating: 1334 &rarr; <strong>1350</strong><br />(+16 for winning)
|raw|Bouffeur d&apos;lasagne's rating: 1263 &rarr; <strong>1243</strong><br />(-20 for losing)
|l|☆Bouffeur d'lasagne
|player|p2|
