|j|☆Monkey_DBaby690
|j|‽Archietheonly1
|t:|1760402998
|gametype|singles
|player|p1|Monkey_DBaby690|marlon|1072
|player|p2|Archietheonly1|smasher|1110
|gen|9
|tier|[Gen 9] OU
|rated|
|rule|HP Percentage Mod: HP is shown in percentages
|rule|Endless Battle Clause: Forcing endless battles is banned
|rule|Species Clause: Limit one of each Pokémon
|rule|OHKO Clause: OHKO moves are banned
|rule|Evasion Items Clause: Evasion items are banned
|rule|Evasion Moves Clause: Evasion moves are banned
|rule|Evasion Abilities Clause: Evasion abilities are banned
|rule|Sleep Moves Clause: Sleep-inducing moves are banned
|clearpoke
|poke|p1|Oricorio-Pom-Pom, F|
|poke|p1|Pelipper, M|
|poke|p1|Ogerpon-Wellspring, F|
|poke|p1|Clodsire, M|
|poke|p1|Corviknight, F|
|poke|p1|Kyurem|
|poke|p2|Salamence, M|
|poke|p2|Snorlax, F|
|poke|p2|Tyranitar, F|
|poke|p2|Mandibuzz, F|
|poke|p2|Electrode-Hisui|
|poke|p2|Altaria, F|
|teampreview
|
|t:|1760403017
|teamsize|p1|6
|teamsize|p2|6
|start
|switch|p1a: Ogerpon|Ogerpon-Wellspring, F|100/100
|switch|p2a: Altaria|Altaria, F|100/100
|-ability|p2a: Altaria|Cloud Nine
|turn|1
|inactive|Battle timer is ON: inactive players will automatically lose when time's up. (requested by Monkey_DBaby690)
|
|t:|1760403029
|move|p1a: Ogerpon|Play Rough|p2a: Altaria
|-supereffective|p2a: Altaria
|-damage|p2a: Altaria|28/100
|-unboost|p2a: Altaria|atk|1
|-enditem|p2a: Altaria|Red Card|[of] p1a: Ogerpon
|drag|p1a: Clodsire|Clodsire, M|100/100
|move|p2a: Altaria|Will-O-Wisp|p1a: Clodsire
|-status|p1a: Clodsire|brn
|
|-damage|p1a: Clodsire|94/100 brn|[from] brn
|upkeep
|turn|2
|
|t:|1760403047
|move|p2a: Altaria|Roost|p2a: Altaria
|-heal|p2a: Altaria|78/100
|-singleturn|p2a: Altaria|move: Roost
|move|p1a: Clodsire|Amnesia|p1a: Clodsire
|-boost|p1a: Clodsire|spd|2
|
|-damage|p1a: Clodsire|88/100 brn|[from] brn
|upkeep
|turn|3
|
|t:|1760403060
|switch|p2a: Electrode|Electrode-Hisui|100/100
|move|p1a: Clodsire|Toxic|p2a: Electrode
|-status|p2a: Electrode|tox
|
|-damage|p2a: Electrode|94/100 tox|[from] psn
|-damage|p1a: Clodsire|82/100 brn|[from] brn
|upkeep
|turn|4
|
|t:|1760403073
|move|p2a: Electrode|Leech Seed|p1a: Clodsire
|-start|p1a: Clodsire|move: Leech Seed
|move|p1a: Clodsire|Amnesia|p1a: Clodsire
|-boost|p1a: Clodsire|spd|2
|
|-damage|p1a: Clodsire|70/100 brn|[from] Leech Seed|[of] p2a: Electrode
|-heal|p2a: Electrode|100/100 tox|[silent]
|-damage|p2a: Electrode|88/100 tox|[from] psn
|-damage|p1a: Clodsire|64/100 brn|[from] brn
|upkeep
|turn|5
|
|t:|1760403101
|move|p2a: Electrode|Taunt|p1a: Clodsire
|-start|p1a: Clodsire|move: Taunt
|cant|p1a: Clodsire|move: Taunt|Recover
|
|-damage|p1a: Clodsire|52/100 brn|[from] Leech Seed|[of] p2a: Electrode
|-heal|p2a: Electrode|100/100 tox|[silent]
|-damage|p2a: Electrode|82/100 tox|[from] psn
|-damage|p1a: Clodsire|46/100 brn|[from] brn
|upkeep
|turn|6
|inactive|Archietheonly1 has 120 seconds left.
|
|t:|1760403126
|switch|p2a: Salamence|Salamence, M|100/100
|switch|p1a: Corviknight|Corviknight, F|100/100
|
|upkeep
|turn|7
|inactive|Archietheonly1 has 120 seconds left.
|
|t:|1760403138
|move|p2a: Salamence|Dragon Dance|p2a: Salamence
|-boost|p2a: Salamence|atk|1
|-boost|p2a: Salamence|spe|1
|move|p1a: Corviknight|Iron Defense|p1a: Corviknight
|-boost|p1a: Corviknight|def|2
|
|upkeep
|turn|8
|
|t:|1760403143
|move|p2a: Salamence|Dragon Dance|p2a: Salamence
|-boost|p2a: Salamence|atk|1
|-boost|p2a: Salamence|spe|1
|move|p1a: Corviknight|Iron Defense|p1a: Corviknight
|-boost|p1a: Corviknight|def|2
|
|upkeep
|turn|9
|
|t:|1760403159
|move|p2a: Salamence|Dragon Dance|p2a: Salamence
|-boost|p2a: Salamence|atk|1
|-boost|p2a: Salamence|spe|1
|move|p1a: Corviknight|Body Press|p2a: Salamence
|-resisted|p2a: Salamence
|-damage|p2a: Salamence|52/100
|
|upkeep
|turn|10
|
|t:|1760403167
|move|p2a: Salamence|Temper Flare|p1a: Corviknight
|-supereffective|p1a: Corviknight
|-damage|p1a: Corviknight|71/100
|move|p1a: Corviknight|Body Press|p2a: Salamence
|-resisted|p2a: Salamence
|-damage|p2a: Salamence|4/100
|
|-heal|p1a: Corviknight|77/100|[from] item: Leftovers
|upkeep
|turn|11
|
|t:|1760403179
|switch|p2a: Electrode|Electrode-Hisui|82/100 tox
|move|p1a: Corviknight|Iron Defense|p1a: Corviknight
|-boost|p1a: Corviknight|def|2
|
|-heal|p1a: Corviknight|83/100|[from] item: Leftovers
|-damage|p2a: Electrode|76/100 tox|[from] psn
|upkeep
|turn|12
|
|t:|1760403195
|move|p2a: Electrode|Leech Seed|p1a: Corviknight|[miss]
|-miss|p2a: Electrode|p1a: Corviknight
|move|p1a: Corviknight|Roost|p1a: Corviknight
|-heal|p1a: Corviknight|100/100
|-singleturn|p1a: Corviknight|move: Roost
|
|-damage|p2a: Electrode|63/100 tox|[from] psn
|upkeep
|turn|13
|
|t:|1760403210
|move|p2a: Electrode|Leech Seed|p1a: Corviknight
|-start|p1a: Corviknight|move: Leech Seed
|move|p1a: Corviknight|Body Press|p2a: Electrode
|-damage|p2a: Electrode|0 fnt
|faint|p2a: Electrode
|
|upkeep
|
|t:|1760403219
|switch|p2a: Altaria|Altaria, F|78/100
|-ability|p2a: Altaria|Cloud Nine
|turn|14
|
|t:|1760403227
|move|p2a: Altaria|Will-O-Wisp|p1a: Corviknight
|-status|p1a: Corviknight|brn
|move|p1a: Corviknight|Body Press|p2a: Altaria
|-resisted|p2a: Altaria
|-damage|p2a: Altaria|49/100
|
|-damage|p1a: Corviknight|88/100 brn|[from] Leech Seed|[of] p2a: Altaria
|-heal|p2a: Altaria|62/100|[silent]
|-damage|p1a: Corviknight|82/100 brn|[from] brn
|upkeep
|turn|15
|
|t:|1760403241
|switch|p1a: Ogerpon|Ogerpon-Wellspring, F|100/100
|move|p2a: Altaria|Dragon Dance|p2a: Altaria
|-boost|p2a: Altaria|atk|1
|-boost|p2a: Altaria|spe|1
|
|upkeep
|turn|16
|
|t:|1760403256
|move|p1a: Ogerpon|Play Rough|p2a: Altaria
|-supereffective|p2a: Altaria
|-damage|p2a: Altaria|0 fnt
|faint|p2a: Altaria
|
|upkeep
|
|t:|1760403268
|switch|p2a: Mandibuzz|Mandibuzz, F|100/100
|turn|17
|
|t:|1760403281
|switch|p1a: Pelipper|Pelipper, M|100/100
|-weather|RainDance|[from] ability: Drizzle|[of] p1a: Pelipper
|move|p2a: Mandibuzz|Dual Wingbeat|p1a: Pelipper
|-crit|p1a: Pelipper
|-damage|p1a: Pelipper|85/100
|-damage|p1a: Pelipper|74/100
|-hitcount|p1a: Pelipper|2
|
|-weather|RainDance|[upkeep]
|upkeep
|turn|18
|
|t:|1760403290
|move|p2a: Mandibuzz|Defog|p1a: Pelipper
|-unboost|p1a: Pelipper|evasion|1
|move|p1a: Pelipper|Knock Off|p2a: Mandibuzz
|-resisted|p2a: Mandibuzz
|-damage|p2a: Mandibuzz|96/100
|-enditem|p2a: Mandibuzz|Razor Claw|[from] move: Knock Off|[of] p1a: Pelipper
|
|-weather|RainDance|[upkeep]
|upkeep
|turn|19
|
|t:|1760403298
|switch|p2a: Salamence|Salamence, M|4/100
|move|p1a: Pelipper|U-turn|p2a: Salamence
|-resisted|p2a: Salamence
|-damage|p2a: Salamence|0 fnt
|faint|p2a: Salamence
|
|t:|1760403310
|switch|p1a: Ogerpon|Ogerpon-Wellspring, F|100/100|[from] U-turn
|
|-weather|RainDance|[upkeep]
|upkeep
|
|t:|1760403319
|switch|p2a: Snorlax|Snorlax, F|100/100
|turn|20
|
|t:|1760403329
|-terastallize|p1a: Ogerpon|Water
|detailschange|p1a: Ogerpon|Ogerpon-Wellspring-Tera, F, tera:Water
|-ability|p1a: Ogerpon|Embody Aspect (Wellspring)|boost
|-boost|p1a: Ogerpon|spd|1
|move|p1a: Ogerpon|Ivy Cudgel|p2a: Snorlax|[anim] Ivy Cudgel Water
|-crit|p2a: Snorlax
|-damage|p2a: Snorlax|0 fnt
|faint|p2a: Snorlax
|
|-weather|RainDance|[upkeep]
|upkeep
|
|t:|1760403341
|switch|p2a: Tyranitar|Tyranitar, F|100/100
|-weather|Sandstorm|[from] ability: Sand Stream|[of] p2a: Tyranitar
|turn|21
|
|t:|1760403352
|move|p1a: Ogerpon|Ivy Cudgel|p2a: Tyranitar|[anim] Ivy Cudgel Water
|-supereffective|p2a: Tyranitar
|-damage|p2a: Tyranitar|0 fnt
|faint|p2a: Tyranitar
|
|-weather|Sandstorm|[upkeep]
|-damage|p1a: Ogerpon|95/100|[from] Sandstorm
|upkeep
|
|t:|1760403356
|switch|p2a: Mandibuzz|Mandibuzz, F|96/100
|turn|22
|
|t:|1760403359
|move|p1a: Ogerpon|Ivy Cudgel|p2a: Mandibuzz|[anim] Ivy Cudgel Water
|-damage|p2a: Mandibuzz|56/100
|move|p2a: Mandibuzz|Dual Wingbeat|p1a: Ogerpon
|-damage|p1a: Ogerpon|82/100
|-damage|p1a: Ogerpon|69/100
|-hitcount|p1a: Ogerpon|2
|
|-weather|Sandstorm|[upkeep]
|-damage|p1a: Ogerpon|63/100|[from] Sandstorm
|upkeep
|turn|23
|
|t:|1760403364
|move|p1a: Ogerpon|Play Rough|p2a: Mandibuzz
|-supereffective|p2a: Mandibuzz
|-damage|p2a: Mandibuzz|13/100
|move|p2a: Mandibuzz|Dual Wingbeat|p1a: Ogerpon
|-damage|p1a: Ogerpon|49/100
|-damage|p1a: Ogerpon|35/100
|-hitcount|p1a: Ogerpon|2
|
|-weather|Sandstorm|[upkeep]
|-damage|p1a: Ogerpon|29/100|[from] Sandstorm
|upkeep
|turn|24
|
|t:|1760403369
|move|p1a: Ogerpon|Play Rough|p2a: Mandibuzz
|-supereffective|p2a: Mandibuzz
|-damage|p2a: Mandibuzz|0 fnt
|faint|p2a: Mandibuzz
|
|win|Monkey_DBaby690
|raw|Monkey_DBaby690's rating: 1072 &rarr; <strong>1104</strong><br />(+32 for winning)
|raw|Archietheonly1's rating: 1110 &rarr; <strong>1082</strong><br />(-28 for losing)
|l|‽Archietheonly1
|player|p2|
