|j|☆kpo2022
|j|☆mightynoctowl
|t:|1760415508
|gametype|singles
|player|p1|kpo2022|swimmerf|1201
|player|p2|mightynoctowl|101|1217
|gen|9
|tier|[Gen 9] OU
|rated|
|rule|HP Percentage Mod: HP is shown in percentages
|rule|Endless Battle Clause: Forcing endless battles is banned
|rule|Species Clause: Limit one of each Pokémon
|rule|OHKO Clause: OHKO moves are banned
|rule|Evasion Items Clause: Evasion items are banned
|rule|Evasion Moves Clause: Evasion moves are banned
|rule|Evasion Abilities Clause: Evasion abilities are banned
|rule|Sleep Moves Clause: Sleep-inducing moves are banned
|clearpoke
|poke|p1|Moltres|
|poke|p1|Blissey, F|
|poke|p1|Alomomola, M|
|poke|p1|Gholdengo|
|poke|p1|Weezing-Galar, F|
|poke|p1|Clodsire, M|
|poke|p2|Moltres|
|poke|p2|Chansey, F|
|poke|p2|Clefable, F|
|poke|p2|Sandslash, F|
|poke|p2|Vileplume, F|
|poke|p2|Jolteon, F|
|teampreview
|inactive|Battle timer is ON: inactive players will automatically lose when time's up. (requested by mightynoctowl)
|inactive|kpo2022 also wants the timer to be on.
|
|t:|1760415520
|teamsize|p1|6
|teamsize|p2|6
|start
|switch|p1a: Weezing|Weezing-Galar, F|100/100
|switch|p2a: Sandslash|Sandslash, F|100/100
|turn|1
|
|t:|1760415533
|switch|p2a: Chansey|Chansey, F|100/100
|move|p1a: Weezing|Will-O-Wisp|p2a: Chansey
|-status|p2a: Chansey|brn
|
|-damage|p2a: Chansey|94/100 brn|[from] brn
|upkeep
|turn|2
|
|t:|1760415543
|move|p1a: Weezing|Pain Split|p2a: Chansey
|-sethp|p2a: Chansey|73/100 brn|[from] move: Pain Split|[silent]
|-sethp|p1a: Weezing|100/100|[from] move: Pain Split
|move|p2a: Chansey|Thunder Wave|p1a: Weezing
|-status|p1a: Weezing|par
|
|-damage|p2a: Chansey|67/100 brn|[from] brn
|upkeep
|turn|3
|
|t:|1760415553
|switch|p1a: Blissey|Blissey, F|100/100
|move|p2a: Chansey|Stealth Rock|p1a: Blissey
|-sidestart|p1: kpo2022|move: Stealth Rock
|
|-damage|p2a: Chansey|61/100 brn|[from] brn
|upkeep
|turn|4
|
|t:|1760415560
|-curestatus|p2a: Chansey|brn|[from] ability: Natural Cure
|switch|p2a: Sandslash|Sandslash, F|100/100
|move|p1a: Blissey|Heal Bell|p1a: Blissey
|-activate|p1a: Blissey|move: Heal Bell
|-curestatus|p1: Weezing|par|[msg]
|
|upkeep
|turn|5
|
|t:|1760415569
|switch|p1a: Weezing|Weezing-Galar, F|100/100
|move|p2a: Sandslash|Spikes|p1a: Weezing
|-sidestart|p1: kpo2022|Spikes
|
|upkeep
|turn|6
|
|t:|1760415594
|switch|p2a: Vileplume|Vileplume, F|100/100
|move|p1a: Weezing|Defog|p2a: Vileplume
|-unboost|p2a: Vileplume|evasion|1
|-sideend|p1: kpo2022|Spikes|[from] move: Defog|[of] p1a: Weezing
|-sideend|p1: kpo2022|Stealth Rock|[from] move: Defog|[of] p1a: Weezing
|
|upkeep
|turn|7
|
|t:|1760415612
|switch|p1a: Blissey|Blissey, F|100/100
|move|p2a: Vileplume|Leech Seed|p1a: Blissey
|-start|p1a: Blissey|move: Leech Seed
|
|-damage|p1a: Blissey|88/100|[from] Leech Seed|[of] p2a: Vileplume
|upkeep
|turn|8
|
|t:|1760415628
|switch|p1a: Moltres|Moltres|100/100
|switch|p2a: Sandslash|Sandslash, F|100/100
|
|upkeep
|turn|9
|
|t:|1760415635
|move|p1a: Moltres|Will-O-Wisp|p2a: Sandslash
|-status|p2a: Sandslash|brn
|move|p2a: Sandslash|Knock Off|p1a: Moltres
|-damage|p1a: Moltres|93/100
|-enditem|p1a: Moltres|Leftovers|[from] move: Knock Off|[of] p2a: Sandslash
|
|-damage|p2a: Sandslash|94/100 brn|[from] brn
|upkeep
|turn|10
|
|t:|1760415657
|switch|p1a: Alomomola|Alomomola, M|100/100
|switch|p2a: Chansey|Chansey, F|61/100
|
|upkeep
|turn|11
|
|t:|1760415663
|move|p1a: Alomomola|Flip Turn|p2a: Chansey
|-damage|p2a: Chansey|49/100
|
|t:|1760415671
|switch|p1a: Clodsire|Clodsire, M|100/100|[from] Flip Turn
|move|p2a: Chansey|Stealth Rock|p1a: Clodsire
|-sidestart|p1: kpo2022|move: Stealth Rock
|
|upkeep
|turn|12
|
|t:|1760415680
|switch|p2a: Sandslash|Sandslash, F|94/100 brn
|move|p1a: Clodsire|Earthquake|p2a: Sandslash
|-damage|p2a: Sandslash|75/100 brn
|
|-heal|p2a: Sandslash|81/100 brn|[from] item: Leftovers
|-damage|p2a: Sandslash|75/100 brn|[from] brn
|upkeep
|turn|13
|
|t:|1760415685
|switch|p1a: Weezing|Weezing-Galar, F|100/100
|move|p2a: Sandslash|Knock Off|p1a: Weezing
|-resisted|p1a: Weezing
|-damage|p1a: Weezing|97/100
|-enditem|p1a: Weezing|Heavy-Duty Boots|[from] move: Knock Off|[of] p2a: Sandslash
|
|-heal|p2a: Sandslash|81/100 brn|[from] item: Leftovers
|-damage|p2a: Sandslash|75/100 brn|[from] brn
|upkeep
|turn|14
|
|t:|1760415699
|switch|p2a: Vileplume|Vileplume, F|100/100
|move|p1a: Weezing|Defog|p2a: Vileplume
|-unboost|p2a: Vileplume|evasion|1
|-sideend|p1: kpo2022|Stealth Rock|[from] move: Defog|[of] p1a: Weezing
|
|upkeep
|turn|15
|
|t:|1760415713
|switch|p1a: Blissey|Blissey, F|88/100
|move|p2a: Vileplume|Sludge Bomb|p1a: Blissey
|-damage|p1a: Blissey|79/100
|
|-heal|p1a: Blissey|85/100|[from] item: Leftovers
|upkeep
|turn|16
|
|t:|1760415725
|move|p1a: Blissey|Flamethrower|p2a: Vileplume
|-supereffective|p2a: Vileplume
|-damage|p2a: Vileplume|65/100
|move|p2a: Vileplume|Leech Seed|p1a: Blissey
|-start|p1a: Blissey|move: Leech Seed
|
|-heal|p1a: Blissey|91/100|[from] item: Leftovers
|-heal|p2a: Vileplume|72/100|[from] item: Leftovers
|-damage|p1a: Blissey|79/100|[from] Leech Seed|[of] p2a: Vileplume
|-heal|p2a: Vileplume|97/100|[silent]
|upkeep
|turn|17
|
|t:|1760415734
|switch|p1a: Moltres|Moltres|93/100
|switch|p2a: Chansey|Chansey, F|49/100
|
|upkeep
|turn|18
|
|t:|1760415749
|move|p1a: Moltres|Ancient Power|p2a: Chansey
|-damage|p2a: Chansey|44/100
|move|p2a: Chansey|Stealth Rock|p1a: Moltres
|-sidestart|p1: kpo2022|move: Stealth Rock
|
|upkeep
|turn|19
|
|t:|1760415756
|move|p1a: Moltres|Will-O-Wisp|p2a: Chansey
|-status|p2a: Chansey|brn
|move|p2a: Chansey|Thunder Wave|p1a: Moltres
|-status|p1a: Moltres|par
|
|-damage|p2a: Chansey|38/100 brn|[from] brn
|upkeep
|turn|20
|
|t:|1760415764
|switch|p1a: Weezing|Weezing-Galar, F|97/100
|-damage|p1a: Weezing|85/100|[from] Stealth Rock
|move|p2a: Chansey|Soft-Boiled|p2a: Chansey
|-heal|p2a: Chansey|88/100 brn
|
|-damage|p2a: Chansey|82/100 brn|[from] brn
|upkeep
|turn|21
|
|t:|1760415771
|move|p1a: Weezing|Defog|p2a: Chansey
|-unboost|p2a: Chansey|evasion|1
|-sideend|p1: kpo2022|Stealth Rock|[from] move: Defog|[of] p1a: Weezing
|move|p2a: Chansey|Thunder Wave|p1a: Weezing
|-status|p1a: Weezing|par
|
|-damage|p2a: Chansey|76/100 brn|[from] brn
|upkeep
|turn|22
|
|t:|1760415782
|-curestatus|p2a: Chansey|brn|[from] ability: Natural Cure
|switch|p2a: Vileplume|Vileplume, F|97/100
|switch|p1a: Blissey|Blissey, F|79/100
|
|-heal|p1a: Blissey|85/100|[from] item: Leftovers
|-heal|p2a: Vileplume|100/100|[from] item: Leftovers
|upkeep
|turn|23
|
|t:|1760415800
|move|p1a: Blissey|Heal Bell|p1a: Blissey
|-activate|p1a: Blissey|move: Heal Bell
|-curestatus|p1: Weezing|par|[msg]
|-curestatus|p1: Moltres|par|[msg]
|move|p2a: Vileplume|Leech Seed|p1a: Blissey
|-start|p1a: Blissey|move: Leech Seed
|
|-heal|p1a: Blissey|91/100|[from] item: Leftovers
|-damage|p1a: Blissey|78/100|[from] Leech Seed|[of] p2a: Vileplume
|upkeep
|turn|24
|
|t:|1760415812
|switch|p1a: Gholdengo|Gholdengo|100/100
|-item|p1a: Gholdengo|Air Balloon
|switch|p2a: Sandslash|Sandslash, F|75/100 brn
|
|-heal|p2a: Sandslash|81/100 brn|[from] item: Leftovers
|-damage|p2a: Sandslash|75/100 brn|[from] brn
|upkeep
|turn|25
|
|t:|1760415821
|switch|p2a: Chansey|Chansey, F|76/100
|move|p1a: Gholdengo|Hex|p2a: Chansey
|-immune|p2a: Chansey
|
|upkeep
|turn|26
|
|t:|1760415828
|move|p1a: Gholdengo|Nasty Plot|p1a: Gholdengo
|-boost|p1a: Gholdengo|spa|2
|move|p2a: Chansey|Stealth Rock|p1a: Gholdengo
|-sidestart|p1: kpo2022|move: Stealth Rock
|
|upkeep
|turn|27
|
|t:|1760415844
|switch|p2a: Clefable|Clefable, F|100/100
|move|p1a: Gholdengo|Nasty Plot|p1a: Gholdengo
|-boost|p1a: Gholdengo|spa|2
|
|upkeep
|turn|28
|
|t:|1760415854
|-terastallize|p2a: Clefable|Steel
|move|p1a: Gholdengo|Make It Rain|p2a: Clefable
|-resisted|p2a: Clefable
|-damage|p2a: Clefable|71/100
|-unboost|p1a: Gholdengo|spa|1
|move|p2a: Clefable|Calm Mind|p2a: Clefable
|-boost|p2a: Clefable|spa|1
|-boost|p2a: Clefable|spd|1
|
|-heal|p2a: Clefable|77/100|[from] item: Leftovers
|upkeep
|turn|29
|
|t:|1760415880
|switch|p1a: Clodsire|Clodsire, M|100/100
|-damage|p1a: Clodsire|94/100|[from] Stealth Rock
|move|p2a: Clefable|Flamethrower|p1a: Clodsire
|-damage|p1a: Clodsire|71/100
|
|-heal|p2a: Clefable|83/100|[from] item: Leftovers
|-heal|p1a: Clodsire|77/100|[from] item: Leftovers
|upkeep
|turn|30
|
|t:|1760415889
|switch|p2a: Sandslash|Sandslash, F|75/100 brn
|move|p1a: Clodsire|Earthquake|p2a: Sandslash
|-damage|p2a: Sandslash|58/100 brn
|
|-heal|p2a: Sandslash|64/100 brn|[from] item: Leftovers
|-heal|p1a: Clodsire|83/100|[from] item: Leftovers
|-damage|p2a: Sandslash|58/100 brn|[from] brn
|upkeep
|turn|31
|
|t:|1760415896
|switch|p1a: Weezing|Weezing-Galar, F|85/100
|-damage|p1a: Weezing|72/100|[from] Stealth Rock
|move|p2a: Sandslash|Knock Off|p1a: Weezing
|-resisted|p1a: Weezing
|-damage|p1a: Weezing|70/100
|
|-heal|p2a: Sandslash|64/100 brn|[from] item: Leftovers
|-damage|p2a: Sandslash|58/100 brn|[from] brn
|upkeep
|turn|32
|inactive|mightynoctowl has 120 seconds left.
|
|t:|1760415942
|switch|p2a: Jolteon|Jolteon, F|100/100
|move|p1a: Weezing|Defog|p2a: Jolteon
|-unboost|p2a: Jolteon|evasion|1
|-sideend|p1: kpo2022|Stealth Rock|[from] move: Defog|[of] p1a: Weezing
|
|upkeep
|turn|33
|
|t:|1760415950
|switch|p1a: Clodsire|Clodsire, M|83/100
|move|p2a: Jolteon|Thunderbolt|p1a: Clodsire
|-immune|p1a: Clodsire
|
|-heal|p1a: Clodsire|90/100|[from] item: Leftovers
|upkeep
|turn|34
|
|t:|1760415958
|switch|p2a: Sandslash|Sandslash, F|58/100 brn
|move|p1a: Clodsire|Earthquake|p2a: Sandslash
|-damage|p2a: Sandslash|39/100 brn
|
|-heal|p2a: Sandslash|45/100 brn|[from] item: Leftovers
|-heal|p1a: Clodsire|96/100|[from] item: Leftovers
|-damage|p2a: Sandslash|39/100 brn|[from] brn
|upkeep
|turn|35
|
|t:|1760415966
|move|p2a: Sandslash|Knock Off|p1a: Clodsire
|-damage|p1a: Clodsire|88/100
|-enditem|p1a: Clodsire|Leftovers|[from] move: Knock Off|[of] p2a: Sandslash
|move|p1a: Clodsire|Earthquake|p2a: Sandslash
|-crit|p2a: Sandslash
|-damage|p2a: Sandslash|12/100 brn
|
|-heal|p2a: Sandslash|19/100 brn|[from] item: Leftovers
|-damage|p2a: Sandslash|12/100 brn|[from] brn
|upkeep
|turn|36
|
|t:|1760415981
|move|p2a: Sandslash|Earthquake|p1a: Clodsire
|-supereffective|p1a: Clodsire
|-damage|p1a: Clodsire|64/100
|move|p1a: Clodsire|Earthquake|p2a: Sandslash
|-damage|p2a: Sandslash|0 fnt
|faint|p2a: Sandslash
|
|upkeep
|
|t:|1760415991
|switch|p2a: Moltres|Moltres|100/100
|turn|37
|
|t:|1760415997
|move|p1a: Clodsire|Toxic|p2a: Moltres
|-status|p2a: Moltres|tox
|move|p2a: Moltres|Roar|p1a: Clodsire
|drag|p1a: Alomomola|Alomomola, M|100/100
|
|-damage|p2a: Moltres|94/100 tox|[from] psn
|upkeep
|turn|38
|
|t:|1760416004
|switch|p2a: Vileplume|Vileplume, F|100/100
|move|p1a: Alomomola|Flip Turn|p2a: Vileplume
|-resisted|p2a: Vileplume
|-damage|p2a: Vileplume|94/100
|-status|p1a: Alomomola|par|[from] ability: Effect Spore|[of] p2a: Vileplume
|
|t:|1760416012
|switch|p1a: Blissey|Blissey, F|78/100|[from] Flip Turn
|
|-heal|p1a: Blissey|85/100|[from] item: Leftovers
|-heal|p2a: Vileplume|99/100|[from] item: Leftovers
|upkeep
|turn|39
|
|t:|1760416018
|move|p1a: Blissey|Heal Bell|p1a: Blissey
|-activate|p1a: Blissey|move: Heal Bell
|-curestatus|p1: Alomomola|par|[msg]
|move|p2a: Vileplume|Leech Seed|p1a: Blissey
|-start|p1a: Blissey|move: Leech Seed
|
|-heal|p1a: Blissey|91/100|[from] item: Leftovers
|-heal|p2a: Vileplume|100/100|[from] item: Leftovers
|-damage|p1a: Blissey|78/100|[from] Leech Seed|[of] p2a: Vileplume
|upkeep
|turn|40
|
|t:|1760416025
|switch|p1a: Gholdengo|Gholdengo|100/100
|-item|p1a: Gholdengo|Air Balloon
|switch|p2a: Chansey|Chansey, F|76/100
|
|upkeep
|turn|41
|
|t:|1760416036
|move|p1a: Gholdengo|Nasty Plot|p1a: Gholdengo
|-boost|p1a: Gholdengo|spa|2
|move|p2a: Chansey|Stealth Rock|p1a: Gholdengo
|-sidestart|p1: kpo2022|move: Stealth Rock
|
|upkeep
|turn|42
|
|t:|1760416045
|switch|p2a: Clefable|Clefable, F, tera:Steel|83/100
|move|p1a: Gholdengo|Make It Rain|p2a: Clefable
|-resisted|p2a: Clefable
|-damage|p2a: Clefable|54/100
|-unboost|p1a: Gholdengo|spa|1
|
|-heal|p2a: Clefable|60/100|[from] item: Leftovers
|upkeep
|turn|43
|
|t:|1760416060
|switch|p1a: Clodsire|Clodsire, M|64/100
|-damage|p1a: Clodsire|57/100|[from] Stealth Rock
|move|p2a: Clefable|Flamethrower|p1a: Clodsire
|-damage|p1a: Clodsire|44/100
|
|-heal|p2a: Clefable|66/100|[from] item: Leftovers
|upkeep
|turn|44
|
|t:|1760416072
|switch|p2a: Vileplume|Vileplume, F|100/100
|move|p1a: Clodsire|Recover|p1a: Clodsire
|-heal|p1a: Clodsire|94/100
|
|upkeep
|turn|45
|
|t:|1760416084
|switch|p1a: Weezing|Weezing-Galar, F|70/100
|-damage|p1a: Weezing|58/100|[from] Stealth Rock
|move|p2a: Vileplume|Giga Drain|p1a: Weezing
|-resisted|p1a: Weezing
|-damage|p1a: Weezing|39/100
|
|upkeep
|turn|46
|
|t:|1760416090
|move|p1a: Weezing|Pain Split|p2a: Vileplume
|-sethp|p2a: Vileplume|69/100|[from] move: Pain Split|[silent]
|-sethp|p1a: Weezing|73/100|[from] move: Pain Split
|move|p2a: Vileplume|Sludge Bomb|p1a: Weezing
|-damage|p1a: Weezing|29/100
|
|-heal|p2a: Vileplume|75/100|[from] item: Leftovers
|upkeep
|turn|47
|
|t:|1760416101
|switch|p1a: Blissey|Blissey, F|78/100
|-damage|p1a: Blissey|66/100|[from] Stealth Rock
|move|p2a: Vileplume|Sludge Bomb|p1a: Blissey
|-damage|p1a: Blissey|56/100
|
|-heal|p1a: Blissey|62/100|[from] item: Leftovers
|-heal|p2a: Vileplume|81/100|[from] item: Leftovers
|upkeep
|turn|48
|
|t:|1760416115
|switch|p1a: Gholdengo|Gholdengo|100/100
|-damage|p1a: Gholdengo|94/100|[from] Stealth Rock
|-item|p1a: Gholdengo|Air Balloon
|move|p2a: Vileplume|Leech Seed|p1a: Gholdengo
|-immune|p1a: Gholdengo|[from] ability: Good as Gold
|
|-heal|p2a: Vileplume|87/100|[from] item: Leftovers
|upkeep
|turn|49
|
|t:|1760416124
|switch|p2a: Clefable|Clefable, F, tera:Steel|66/100
|move|p1a: Gholdengo|Make It Rain|p2a: Clefable
|-resisted|p2a: Clefable
|-damage|p2a: Clefable|35/100
|-unboost|p1a: Gholdengo|spa|1
|
|-heal|p2a: Clefable|41/100|[from] item: Leftovers
|upkeep
|turn|50
|
|t:|1760416140
|switch|p1a: Clodsire|Clodsire, M|94/100
|-damage|p1a: Clodsire|88/100|[from] Stealth Rock
|move|p2a: Clefable|Moonlight|p2a: Clefable
|-heal|p2a: Clefable|91/100
|
|-heal|p2a: Clefable|97/100|[from] item: Leftovers
|upkeep
|turn|51
|
|t:|1760416147
|switch|p2a: Vileplume|Vileplume, F|87/100
|move|p1a: Clodsire|Earthquake|p2a: Vileplume
|-damage|p2a: Vileplume|66/100
|
|-heal|p2a: Vileplume|72/100|[from] item: Leftovers
|upkeep
|turn|52
|
|t:|1760416155
|switch|p1a: Gholdengo|Gholdengo|94/100
|-damage|p1a: Gholdengo|88/100|[from] Stealth Rock
|-item|p1a: Gholdengo|Air Balloon
|move|p2a: Vileplume|Leech Seed|p1a: Gholdengo
|-immune|p1a: Gholdengo|[from] ability: Good as Gold
|
|-heal|p2a: Vileplume|78/100|[from] item: Leftovers
|upkeep
|turn|53
|
|t:|1760416162
|switch|p2a: Clefable|Clefable, F, tera:Steel|97/100
|move|p1a: Gholdengo|Make It Rain|p2a: Clefable
|-resisted|p2a: Clefable
|-crit|p2a: Clefable
|-damage|p2a: Clefable|55/100
|-unboost|p1a: Gholdengo|spa|1
|
|-heal|p2a: Clefable|61/100|[from] item: Leftovers
|upkeep
|turn|54
|
|t:|1760416172
|move|p1a: Gholdengo|Nasty Plot|p1a: Gholdengo
|-boost|p1a: Gholdengo|spa|2
|move|p2a: Clefable|Flamethrower|p1a: Gholdengo
|-supereffective|p1a: Gholdengo
|-damage|p1a: Gholdengo|43/100
|-status|p1a: Gholdengo|brn
|-enditem|p1a: Gholdengo|Air Balloon
|
|-heal|p2a: Clefable|67/100|[from] item: Leftovers
|-damage|p1a: Gholdengo|37/100 brn|[from] brn
|upkeep
|turn|55
|
|t:|1760416191
|switch|p1a: Blissey|Blissey, F|62/100
|-damage|p1a: Blissey|50/100|[from] Stealth Rock
|move|p2a: Clefable|Flamethrower|p1a: Blissey
|-crit|p1a: Blissey
|-damage|p1a: Blissey|42/100
|-status|p1a: Blissey|brn
|
|-heal|p2a: Clefable|73/100|[from] item: Leftovers
|-heal|p1a: Blissey|48/100 brn|[from] item: Leftovers
|-damage|p1a: Blissey|42/100 brn|[from] brn
|upkeep
|turn|56
|
|t:|1760416201
|switch|p2a: Vileplume|Vileplume, F|78/100
|move|p1a: Blissey|Soft-Boiled|p1a: Blissey
|-heal|p1a: Blissey|92/100 brn
|
|-heal|p1a: Blissey|98/100 brn|[from] item: Leftovers
|-heal|p2a: Vileplume|84/100|[from] item: Leftovers
|-damage|p1a: Blissey|92/100 brn|[from] brn
|upkeep
|turn|57
|
|t:|1760416207
|move|p1a: Blissey|Heal Bell|p1a: Blissey
|-activate|p1a: Blissey|move: Heal Bell
|-curestatus|p1a: Blissey|brn|[msg]
|-curestatus|p1: Gholdengo|brn|[msg]
|move|p2a: Vileplume|Leech Seed|p1a: Blissey
|-start|p1a: Blissey|move: Leech Seed
|
|-heal|p1a: Blissey|98/100|[from] item: Leftovers
|-heal|p2a: Vileplume|91/100|[from] item: Leftovers
|-damage|p1a: Blissey|85/100|[from] Leech Seed|[of] p2a: Vileplume
|-heal|p2a: Vileplume|100/100|[silent]
|upkeep
|turn|58
|
|t:|1760416220
|switch|p1a: Alomomola|Alomomola, M|100/100
|-damage|p1a: Alomomola|88/100|[from] Stealth Rock
|move|p2a: Vileplume|Sludge Bomb|p1a: Alomomola
|-damage|p1a: Alomomola|47/100
|
|upkeep
|turn|59
|
|t:|1760416231
|switch|p1a: Blissey|Blissey, F|85/100
|-damage|p1a: Blissey|73/100|[from] Stealth Rock
|move|p2a: Vileplume|Giga Drain|p1a: Blissey
|-damage|p1a: Blissey|65/100
|
|-heal|p1a: Blissey|71/100|[from] item: Leftovers
|upkeep
|turn|60
|
|t:|1760416249
|switch|p1a: Gholdengo|Gholdengo|37/100
|-damage|p1a: Gholdengo|31/100|[from] Stealth Rock
|move|p2a: Vileplume|Sludge Bomb|p1a: Gholdengo
|-immune|p1a: Gholdengo
|
|upkeep
|turn|61
|
|t:|1760416262
|switch|p2a: Clefable|Clefable, F, tera:Steel|73/100
|move|p1a: Gholdengo|Make It Rain|p2a: Clefable
|-resisted|p2a: Clefable
|-damage|p2a: Clefable|41/100
|-unboost|p1a: Gholdengo|spa|1
|
|-heal|p2a: Clefable|47/100|[from] item: Leftovers
|upkeep
|turn|62
|
|t:|1760416278
|switch|p1a: Blissey|Blissey, F|71/100
|-damage|p1a: Blissey|58/100|[from] Stealth Rock
|move|p2a: Clefable|Flamethrower|p1a: Blissey
|-damage|p1a: Blissey|53/100
|
|-heal|p2a: Clefable|53/100|[from] item: Leftovers
|-heal|p1a: Blissey|59/100|[from] item: Leftovers
|upkeep
|turn|63
|
|t:|1760416294
|switch|p2a: Vileplume|Vileplume, F|100/100
|move|p1a: Blissey|Soft-Boiled|p1a: Blissey
|-heal|p1a: Blissey|100/100
|
|upkeep
|turn|64
|
|t:|1760416308
|switch|p1a: Gholdengo|Gholdengo|31/100
|-damage|p1a: Gholdengo|25/100|[from] Stealth Rock
|move|p2a: Vileplume|Leech Seed|p1a: Gholdengo
|-immune|p1a: Gholdengo|[from] ability: Good as Gold
|
|upkeep
|turn|65
|
|t:|1760416314
|switch|p2a: Clefable|Clefable, F, tera:Steel|53/100
|move|p1a: Gholdengo|Recover|p1a: Gholdengo
|-heal|p1a: Gholdengo|75/100
|
|-heal|p2a: Clefable|59/100|[from] item: Leftovers
|upkeep
|turn|66
|
|t:|1760416325
|switch|p1a: Clodsire|Clodsire, M|88/100
|-damage|p1a: Clodsire|81/100|[from] Stealth Rock
|move|p2a: Clefable|Calm Mind|p2a: Clefable
|-boost|p2a: Clefable|spa|1
|-boost|p2a: Clefable|spd|1
|
|-heal|p2a: Clefable|65/100|[from] item: Leftovers
|upkeep
|turn|67
|
|t:|1760416331
|switch|p2a: Moltres|Moltres|94/100 tox
|move|p1a: Clodsire|Earthquake|p2a: Moltres
|-immune|p2a: Moltres
|
|-damage|p2a: Moltres|88/100 tox|[from] psn
|upkeep
|turn|68
|
|t:|1760416335
|move|p1a: Clodsire|Gunk Shot|p2a: Moltres
|-damage|p2a: Moltres|65/100 tox
|move|p2a: Moltres|Roar|p1a: Clodsire
|drag|p1a: Moltres|Moltres|93/100
|-damage|p1a: Moltres|43/100|[from] Stealth Rock
|
|-damage|p2a: Moltres|53/100 tox|[from] psn
|upkeep
|turn|69
|
|t:|1760416346
|switch|p2a: Chansey|Chansey, F|76/100
|move|p1a: Moltres|Ancient Power|p2a: Chansey
|-damage|p2a: Chansey|71/100
|
|upkeep
|turn|70
|
|t:|1760416353
|move|p1a: Moltres|Roost|p1a: Moltres
|-heal|p1a: Moltres|93/100
|-singleturn|p1a: Moltres|move: Roost
|move|p2a: Chansey|Seismic Toss|p1a: Moltres
|-damage|p1a: Moltres|67/100
|
|upkeep
|turn|71
|
|t:|1760416364
|move|p1a: Moltres|Ancient Power|p2a: Chansey
|-damage|p2a: Chansey|67/100
|move|p2a: Chansey|Thunder Wave|p1a: Moltres
|-status|p1a: Moltres|par
|
|upkeep
|turn|72
|
|t:|1760416372
|switch|p1a: Blissey|Blissey, F|100/100
|-damage|p1a: Blissey|88/100|[from] Stealth Rock
|move|p2a: Chansey|Seismic Toss|p1a: Blissey
|-damage|p1a: Blissey|74/100
|
|-heal|p1a: Blissey|80/100|[from] item: Leftovers
|upkeep
|turn|73
|
|t:|1760416382
|move|p1a: Blissey|Heal Bell|p1a: Blissey
|-activate|p1a: Blissey|move: Heal Bell
|-curestatus|p1: Moltres|par|[msg]
|move|p2a: Chansey|Thunder Wave|p1a: Blissey
|-status|p1a: Blissey|par
|
|-heal|p1a: Blissey|86/100 par|[from] item: Leftovers
|upkeep
|turn|74
|
|t:|1760416392
|switch|p2a: Moltres|Moltres|53/100 tox
|-curestatus|p1a: Blissey|par|[from] ability: Natural Cure
|switch|p1a: Clodsire|Clodsire, M|81/100
|-damage|p1a: Clodsire|75/100|[from] Stealth Rock
|
|-damage|p2a: Moltres|46/100 tox|[from] psn
|upkeep
|turn|75
|
|t:|1760416397
|move|p1a: Clodsire|Gunk Shot|p2a: Moltres
|-damage|p2a: Moltres|24/100 tox
|move|p2a: Moltres|Roar|p1a: Clodsire
|drag|p1a: Blissey|Blissey, F|86/100
|-damage|p1a: Blissey|74/100|[from] Stealth Rock
|
|-heal|p1a: Blissey|80/100|[from] item: Leftovers
|-damage|p2a: Moltres|12/100 tox|[from] psn
|upkeep
|turn|76
|
|t:|1760416408
|move|p2a: Moltres|Roost|p2a: Moltres
|-heal|p2a: Moltres|62/100 tox
|-singleturn|p2a: Moltres|move: Roost
|move|p1a: Blissey|Seismic Toss|p2a: Moltres
|-damage|p2a: Moltres|36/100 tox
|
|-heal|p1a: Blissey|86/100|[from] item: Leftovers
|-damage|p2a: Moltres|17/100 tox|[from] psn
|upkeep
|turn|77
|-message|mightynoctowl forfeited.
|
|win|kpo2022
|raw|kpo2022's rating: 1201 &rarr; <strong>1227</strong><br />(+26 for winning)
|raw|mightynoctowl's rating: 1217 &rarr; <strong>1191</strong><br />(-26 for losing)
|l|☆mightynoctowl
|player|p2|
|l|☆kpo2022
|player|p1|
