|j|☆sizzly scizor
|j|☆ser1an
|t:|1760438163
|gametype|singles
|player|p1|sizzly scizor|nate|1152
|player|p2|ser1an|169|1178
|gen|9
|tier|[Gen 9] OU
|rated|
|rule|HP Percentage Mod: HP is shown in percentages
|rule|Endless Battle Clause: Forcing endless battles is banned
|rule|Species Clause: Limit one of each Pokémon
|rule|OHKO Clause: OHKO moves are banned
|rule|Evasion Items Clause: Evasion items are banned
|rule|Evasion Moves Clause: Evasion moves are banned
|rule|Evasion Abilities Clause: Evasion abilities are banned
|rule|Sleep Moves Clause: Sleep-inducing moves are banned
|clearpoke
|poke|p1|Rotom-Heat|
|poke|p1|Corviknight, M|
|poke|p1|Haxorus, M|
|poke|p1|Sylveon, F|
|poke|p1|Arboliva, F|
|poke|p1|Greninja-*, M|
|poke|p2|Primarina, M|
|poke|p2|Iron Treads|
|poke|p2|Lokix, M|
|poke|p2|Kingdra, M|
|poke|p2|Pelipper, M|
|poke|p2|Toxicroak, M|
|teampreview
|inactive|Battle timer is ON: inactive players will automatically lose when time's up. (requested by sizzly scizor)
|
|t:|1760438171
|teamsize|p1|6
|teamsize|p2|6
|start
|switch|p1a: Greninja|Greninja, M, shiny|100/100
|switch|p2a: Lokix|Lokix, M, shiny|100/100
|turn|1
|
|t:|1760438177
|switch|p1a: Corviknight|Corviknight, M, shiny|100/100
|move|p2a: Lokix|First Impression|p1a: Corviknight
|-resisted|p1a: Corviknight
|-damage|p1a: Corviknight|75/100
|-damage|p2a: Lokix|84/100|[from] item: Rocky Helmet|[of] p1a: Corviknight
|
|upkeep
|turn|2
|
|t:|1760438189
|switch|p2a: Pelipper|Pelipper, M, shiny|100/100
|-weather|RainDance|[from] ability: Drizzle|[of] p2a: Pelipper
|move|p1a: Corviknight|Roost|p1a: Corviknight
|-heal|p1a: Corviknight|100/100
|-singleturn|p1a: Corviknight|move: Roost
|
|-weather|RainDance|[upkeep]
|upkeep
|turn|3
|
|t:|1760438199
|switch|p1a: Arboliva|Arboliva, F|100/100
|move|p2a: Pelipper|U-turn|p1a: Arboliva
|-supereffective|p1a: Arboliva
|-damage|p1a: Arboliva|83/100
|-fieldstart|move: Grassy Terrain|[from] ability: Seed Sower|[of] p1a: Arboliva
|
|t:|1760438206
|switch|p2a: Kingdra|Kingdra, M, shiny|100/100|[from] U-turn
|
|-weather|RainDance|[upkeep]
|-heal|p1a: Arboliva|89/100|[from] Grassy Terrain
|upkeep
|turn|4
|
|t:|1760438210
|move|p2a: Kingdra|Hurricane|p1a: Arboliva
|-supereffective|p1a: Arboliva
|-damage|p1a: Arboliva|31/100
|move|p1a: Arboliva|Giga Drain|p2a: Kingdra
|-damage|p2a: Kingdra|47/100
|-heal|p1a: Arboliva|57/100|[from] drain|[of] p2a: Kingdra
|
|-weather|RainDance|[upkeep]
|-heal|p2a: Kingdra|53/100|[from] Grassy Terrain
|-heal|p1a: Arboliva|63/100|[from] Grassy Terrain
|upkeep
|turn|5
|
|t:|1760438218
|move|p2a: Kingdra|Hurricane|p1a: Arboliva
|-supereffective|p1a: Arboliva
|-damage|p1a: Arboliva|1/100
|move|p1a: Arboliva|Dazzling Gleam|p2a: Kingdra
|-supereffective|p2a: Kingdra
|-damage|p2a: Kingdra|0 fnt
|faint|p2a: Kingdra
|
|-weather|RainDance|[upkeep]
|-heal|p1a: Arboliva|7/100|[from] Grassy Terrain
|upkeep
|
|t:|1760438229
|switch|p2a: Lokix|Lokix, M, shiny|84/100
|turn|6
|
|t:|1760438235
|switch|p1a: Corviknight|Corviknight, M, shiny|100/100
|move|p2a: Lokix|U-turn|p1a: Corviknight
|-resisted|p1a: Corviknight
|-damage|p1a: Corviknight|83/100
|-damage|p2a: Lokix|67/100|[from] item: Rocky Helmet|[of] p1a: Corviknight
|
|t:|1760438241
|switch|p2a: Primarina|Primarina, M, shiny|100/100|[from] U-turn
|
|-weather|RainDance|[upkeep]
|upkeep
|turn|7
|
|t:|1760438246
|switch|p1a: Arboliva|Arboliva, F|7/100
|move|p2a: Primarina|Psychic Noise|p1a: Arboliva
|-resisted|p1a: Arboliva
|-damage|p1a: Arboliva|0 fnt
|faint|p1a: Arboliva
|
|-weather|RainDance|[upkeep]
|-fieldend|move: Grassy Terrain
|upkeep
|
|t:|1760438257
|switch|p1a: Greninja|Greninja, M, shiny|100/100
|turn|8
|
|t:|1760438259
|move|p1a: Greninja|Sludge Wave|p2a: Primarina
|-start|p1a: Greninja|typechange|Poison|[from] ability: Protean
|-supereffective|p2a: Primarina
|-damage|p2a: Primarina|0 fnt
|faint|p2a: Primarina
|
|-weather|RainDance|[upkeep]
|upkeep
|
|t:|1760438267
|switch|p2a: Iron Treads|Iron Treads, shiny|100/100
|turn|9
|
|t:|1760438270
|switch|p1a: Corviknight|Corviknight, M, shiny|83/100
|move|p2a: Iron Treads|Earthquake|p1a: Corviknight
|-immune|p1a: Corviknight
|
|-weather|none
|upkeep
|turn|10
|
|t:|1760438277
|-end|p2a: Iron Treads|Quark Drive|[silent]
|switch|p2a: Pelipper|Pelipper, M, shiny|100/100
|-weather|RainDance|[from] ability: Drizzle|[of] p2a: Pelipper
|switch|p1a: Rotom|Rotom-Heat|100/100
|
|-weather|RainDance|[upkeep]
|upkeep
|turn|11
|
|t:|1760438292
|move|p1a: Rotom|Volt Switch|p2a: Pelipper
|-supereffective|p2a: Pelipper
|-damage|p2a: Pelipper|0 fnt
|faint|p2a: Pelipper
|
|t:|1760438300
|switch|p1a: Greninja|Greninja, M, shiny|100/100|[from] Volt Switch
|
|-weather|RainDance|[upkeep]
|upkeep
|l|☆ser1an
|inactive|ser1an disconnected and has a minute to reconnect!
|player|p2|
|inactive|ser1an has 30 seconds to reconnect!
|inactive|ser1an has 20 seconds to reconnect!
|j|☆ser1an
|inactive|ser1an reconnected and has 90 seconds left.
|player|p2|ser1an|169|
|
|t:|1760438366
|switch|p2a: Lokix|Lokix, M, shiny|67/100
|turn|12
|
|t:|1760438371
|switch|p1a: Corviknight|Corviknight, M, shiny|83/100
|move|p2a: Lokix|Knock Off|p1a: Corviknight
|-damage|p1a: Corviknight|29/100
|-damage|p2a: Lokix|51/100|[from] item: Rocky Helmet|[of] p1a: Corviknight
|-enditem|p1a: Corviknight|Rocky Helmet|[from] move: Knock Off|[of] p2a: Lokix
|
|-weather|RainDance|[upkeep]
|upkeep
|turn|13
|inactive|ser1an has 90 seconds left.
|
|t:|1760438381
|move|p2a: Lokix|Knock Off|p1a: Corviknight
|-damage|p1a: Corviknight|0 fnt
|faint|p1a: Corviknight
|
|-weather|RainDance|[upkeep]
|upkeep
|
|t:|1760438388
|switch|p1a: Greninja|Greninja, M, shiny|100/100
|turn|14
|
|t:|1760438394
|switch|p2a: Toxicroak|Toxicroak, M, shiny|100/100
|move|p1a: Greninja|Surf|p2a: Toxicroak
|-start|p1a: Greninja|typechange|Water|[from] ability: Protean
|-immune|p2a: Toxicroak|[from] ability: Dry Skin
|
|-weather|RainDance|[upkeep]
|upkeep
|turn|15
|
|t:|1760438406
|switch|p1a: Rotom|Rotom-Heat|100/100
|move|p2a: Toxicroak|Toxic|p1a: Rotom
|-status|p1a: Rotom|tox
|
|-weather|RainDance|[upkeep]
|-damage|p1a: Rotom|95/100 tox|[from] psn
|upkeep
|turn|16
|
|t:|1760438421
|move|p2a: Toxicroak|Drain Punch|p1a: Rotom
|-damage|p1a: Rotom|63/100 tox
|move|p1a: Rotom|Will-O-Wisp|p2a: Toxicroak
|-status|p2a: Toxicroak|brn
|
|-weather|RainDance|[upkeep]
|-damage|p1a: Rotom|51/100 tox|[from] psn
|-damage|p2a: Toxicroak|94/100 brn|[from] brn
|upkeep
|turn|17
|
|t:|1760438427
|move|p2a: Toxicroak|Encore|p1a: Rotom
|-start|p1a: Rotom|Encore
|move|p1a: Rotom|Will-O-Wisp|p2a: Toxicroak
|-fail|p2a: Toxicroak|brn
|
|-weather|none
|-damage|p1a: Rotom|34/100 tox|[from] psn
|-damage|p2a: Toxicroak|88/100 brn|[from] brn
|upkeep
|turn|18
|
|t:|1760438433
|switch|p1a: Haxorus|Haxorus, M|100/100
|-ability|p1a: Haxorus|Mold Breaker
|move|p2a: Toxicroak|Knock Off|p1a: Haxorus
|-damage|p1a: Haxorus|87/100
|-enditem|p1a: Haxorus|Loaded Dice|[from] move: Knock Off|[of] p2a: Toxicroak
|
|-damage|p2a: Toxicroak|82/100 brn|[from] brn
|upkeep
|turn|19
|
|t:|1760438440
|move|p1a: Haxorus|Earthquake|p2a: Toxicroak
|-supereffective|p2a: Toxicroak
|-damage|p2a: Toxicroak|15/100 brn
|move|p2a: Toxicroak|Toxic|p1a: Haxorus
|-status|p1a: Haxorus|tox
|
|-damage|p1a: Haxorus|81/100 tox|[from] psn
|-damage|p2a: Toxicroak|9/100 brn|[from] brn
|upkeep
|turn|20
|inactive|ser1an has 120 seconds left.
|
|t:|1760438446
|move|p1a: Haxorus|Earthquake|p2a: Toxicroak
|-supereffective|p2a: Toxicroak
|-damage|p2a: Toxicroak|0 fnt
|faint|p2a: Toxicroak
|
|-damage|p1a: Haxorus|69/100 tox|[from] psn
|upkeep
|inactive|ser1an has 120 seconds left.
|
|t:|1760438455
|switch|p2a: Lokix|Lokix, M, shiny|51/100
|turn|21
|
|t:|1760438459
|move|p2a: Lokix|First Impression|p1a: Haxorus
|-damage|p1a: Haxorus|0 fnt
|faint|p1a: Haxorus
|
|upkeep
|
|t:|1760438467
|switch|p1a: Greninja|Greninja, M, shiny|100/100
|turn|22
|
|t:|1760438471
|switch|p2a: Iron Treads|Iron Treads, shiny|100/100
|move|p1a: Greninja|Surf|p2a: Iron Treads
|-start|p1a: Greninja|typechange|Water|[from] ability: Protean
|-supereffective|p2a: Iron Treads
|-damage|p2a: Iron Treads|0 fnt
|faint|p2a: Iron Treads
|-end|p2a: Iron Treads|Quark Drive|[silent]
|
|upkeep
|
|t:|1760438474
|switch|p2a: Lokix|Lokix, M, shiny|51/100
|turn|23
|
|t:|1760438481
|switch|p1a: Rotom|Rotom-Heat|34/100 tox
|-terastallize|p2a: Lokix|Bug
|move|p2a: Lokix|Leech Life|p1a: Rotom
|-resisted|p1a: Rotom
|-damage|p1a: Rotom|0 fnt
|-heal|p2a: Lokix|66/100|[from] drain|[of] p1a: Rotom
|faint|p1a: Rotom
|
|upkeep
|
|t:|1760438492
|switch|p1a: Sylveon|Sylveon, F|100/100
|turn|24
|
|t:|1760438494
|move|p2a: Lokix|Leech Life|p1a: Sylveon
|-resisted|p1a: Sylveon
|-damage|p1a: Sylveon|6/100
|-heal|p2a: Lokix|100/100|[from] drain|[of] p1a: Sylveon
|move|p1a: Sylveon|Hyper Voice|p2a: Lokix
|-damage|p2a: Lokix|3/100
|
|-heal|p1a: Sylveon|12/100|[from] item: Leftovers
|upkeep
|turn|25
|
|t:|1760438501
|move|p2a: Lokix|Leech Life|p1a: Sylveon
|-resisted|p1a: Sylveon
|-damage|p1a: Sylveon|0 fnt
|-heal|p2a: Lokix|11/100|[from] drain|[of] p1a: Sylveon
|faint|p1a: Sylveon
|
|upkeep
|
|t:|1760438504
|switch|p1a: Greninja|Greninja, M, shiny|100/100
|turn|26
|
|t:|1760438506
|-terastallize|p1a: Greninja|Water
|move|p1a: Greninja|Surf|p2a: Lokix
|-damage|p2a: Lokix|0 fnt
|faint|p2a: Lokix
|
|win|sizzly scizor
|raw|sizzly scizor's rating: 1152 &rarr; <strong>1179</strong><br />(+27 for winning)
|raw|ser1an's rating: 1178 &rarr; <strong>1151</strong><br />(-27 for losing)
|l|☆sizzly scizor
|player|p1|
|l|☆ser1an
|player|p2|
