|j|☆ouhbj
|j|☆gxld09
|t:|1760371642
|gametype|singles
|player|p1|ouhbj|169|1333
|player|p2|gxld09|marley|1351
|gen|9
|tier|[Gen 9] OU
|rated|
|rule|HP Percentage Mod: HP is shown in percentages
|rule|Endless Battle Clause: Forcing endless battles is banned
|rule|Species Clause: Limit one of each Pokémon
|rule|OHKO Clause: OHKO moves are banned
|rule|Evasion Items Clause: Evasion items are banned
|rule|Evasion Moves Clause: Evasion moves are banned
|rule|Evasion Abilities Clause: Evasion abilities are banned
|rule|Sleep Moves Clause: Sleep-inducing moves are banned
|clearpoke
|poke|p1|Scrafty, M|
|poke|p1|Rhyperior, F|
|poke|p1|Orthworm, M|
|poke|p1|Talonflame, M|
|poke|p1|Blaziken, M|
|poke|p1|Volcanion|
|poke|p2|Ninetales, M|
|poke|p2|Hatterene, F|
|poke|p2|Great Tusk|
|poke|p2|Walking Wake|
|poke|p2|Venusaur, M|
|poke|p2|Dragonite, F|
|teampreview
|
|t:|1760371658
|teamsize|p1|6
|teamsize|p2|6
|start
|switch|p1a: Rhyperior|Rhyperior, F|100/100
|switch|p2a: Great Tusk|Great Tusk|100/100
|turn|1
|
|t:|1760371670
|move|p2a: Great Tusk|Earthquake|p1a: Rhyperior
|-supereffective|p1a: Rhyperior
|-damage|p1a: Rhyperior|62/100
|move|p1a: Rhyperior|Ice Punch|p2a: Great Tusk
|-supereffective|p2a: Great Tusk
|-damage|p2a: Great Tusk|65/100
|
|-heal|p2a: Great Tusk|72/100|[from] item: Leftovers
|upkeep
|turn|2
|inactive|Battle timer is ON: inactive players will automatically lose when time's up. (requested by gxld09)
|
|t:|1760371685
|-end|p2a: Great Tusk|Protosynthesis|[silent]
|switch|p2a: Ninetales|Ninetales, M|100/100
|-weather|SunnyDay|[from] ability: Drought|[of] p2a: Ninetales
|switch|p1a: Talonflame|Talonflame, M|100/100
|
|-weather|SunnyDay|[upkeep]
|upkeep
|turn|3
|
|t:|1760371695
|switch|p2a: Walking Wake|Walking Wake|100/100
|-activate|p2a: Walking Wake|ability: Protosynthesis
|-start|p2a: Walking Wake|protosynthesisspe
|switch|p1a: Volcanion|Volcanion|100/100
|
|-weather|SunnyDay|[upkeep]
|upkeep
|turn|4
|
|t:|1760371702
|move|p2a: Walking Wake|Draco Meteor|p1a: Volcanion
|-damage|p1a: Volcanion|6/100
|-unboost|p2a: Walking Wake|spa|2
|move|p1a: Volcanion|Sludge Bomb|p2a: Walking Wake
|-damage|p2a: Walking Wake|63/100
|
|-weather|SunnyDay|[upkeep]
|upkeep
|turn|5
|
|t:|1760371711
|move|p2a: Walking Wake|Draco Meteor|p1a: Volcanion
|-damage|p1a: Volcanion|0 fnt
|-unboost|p2a: Walking Wake|spa|2
|faint|p1a: Volcanion
|
|-weather|SunnyDay|[upkeep]
|upkeep
|
|t:|1760371718
|switch|p1a: Orthworm|Orthworm, M|100/100
|turn|6
|
|t:|1760371721
|-end|p2a: Walking Wake|Protosynthesis|[silent]
|switch|p2a: Great Tusk|Great Tusk|72/100
|-activate|p2a: Great Tusk|ability: Protosynthesis
|-start|p2a: Great Tusk|protosynthesisspe
|move|p1a: Orthworm|Stealth Rock|p2a: Great Tusk
|-sidestart|p2: gxld09|move: Stealth Rock
|
|-weather|SunnyDay|[upkeep]
|-heal|p2a: Great Tusk|78/100|[from] item: Leftovers
|upkeep
|turn|7
|
|t:|1760371730
|move|p2a: Great Tusk|Bulk Up|p2a: Great Tusk
|-boost|p2a: Great Tusk|atk|1
|-boost|p2a: Great Tusk|def|1
|move|p1a: Orthworm|Body Press|p2a: Great Tusk
|-damage|p2a: Great Tusk|64/100
|
|-weather|SunnyDay|[upkeep]
|-heal|p2a: Great Tusk|70/100|[from] item: Leftovers
|upkeep
|turn|8
|
|t:|1760371743
|switch|p1a: Talonflame|Talonflame, M|100/100
|move|p2a: Great Tusk|Rapid Spin|p1a: Talonflame
|-damage|p1a: Talonflame|82/100
|-boost|p2a: Great Tusk|spe|1
|-sideend|p2: gxld09|Stealth Rock|[from] move: Rapid Spin|[of] p2a: Great Tusk
|
|-weather|SunnyDay|[upkeep]
|-heal|p2a: Great Tusk|76/100|[from] item: Leftovers
|upkeep
|turn|9
|
|t:|1760371753
|-end|p2a: Great Tusk|Protosynthesis|[silent]
|switch|p2a: Hatterene|Hatterene, F|100/100
|move|p1a: Talonflame|Flamethrower|p2a: Hatterene
|-damage|p2a: Hatterene|61/100
|
|-weather|none
|upkeep
|turn|10
|
|t:|1760371762
|switch|p1a: Rhyperior|Rhyperior, F|62/100
|move|p2a: Hatterene|Future Sight|p1a: Rhyperior
|-start|p2a: Hatterene|move: Future Sight
|
|upkeep
|turn|11
|
|t:|1760371768
|switch|p2a: Great Tusk|Great Tusk|76/100
|move|p1a: Rhyperior|Earthquake|p2a: Great Tusk
|-damage|p2a: Great Tusk|43/100
|
|-heal|p2a: Great Tusk|50/100|[from] item: Leftovers
|upkeep
|turn|12
|
|t:|1760371775
|-end|p2a: Great Tusk|Protosynthesis|[silent]
|switch|p2a: Ninetales|Ninetales, M|100/100
|-weather|SunnyDay|[from] ability: Drought|[of] p2a: Ninetales
|switch|p1a: Talonflame|Talonflame, M|82/100
|
|-weather|SunnyDay|[upkeep]
|-end|p1a: Talonflame|move: Future Sight
|-damage|p1a: Talonflame|10/100
|upkeep
|turn|13
|
|t:|1760371786
|move|p2a: Ninetales|Overheat|p1a: Talonflame
|-resisted|p1a: Talonflame
|-crit|p1a: Talonflame
|-damage|p1a: Talonflame|0 fnt
|-unboost|p2a: Ninetales|spa|2
|faint|p1a: Talonflame
|
|-weather|SunnyDay|[upkeep]
|upkeep
|
|t:|1760371792
|switch|p1a: Scrafty|Scrafty, M|100/100
|turn|14
|
|t:|1760371800
|switch|p2a: Hatterene|Hatterene, F|61/100
|move|p1a: Scrafty|Bulk Up|p1a: Scrafty
|-boost|p1a: Scrafty|atk|1
|-boost|p1a: Scrafty|def|1
|
|-weather|SunnyDay|[upkeep]
|upkeep
|turn|15
|
|t:|1760371810
|-terastallize|p1a: Scrafty|Poison
|move|p1a: Scrafty|Bulk Up|p1a: Scrafty
|-boost|p1a: Scrafty|atk|1
|-boost|p1a: Scrafty|def|1
|move|p2a: Hatterene|Nuzzle|p1a: Scrafty
|-damage|p1a: Scrafty|98/100
|-status|p1a: Scrafty|par
|
|-weather|SunnyDay|[upkeep]
|-heal|p1a: Scrafty|100/100 par|[from] item: Leftovers
|upkeep
|turn|16
|
|t:|1760371820
|move|p2a: Hatterene|Future Sight|p1a: Scrafty
|-start|p2a: Hatterene|move: Future Sight
|move|p1a: Scrafty|Bulk Up|p1a: Scrafty
|-boost|p1a: Scrafty|atk|1
|-boost|p1a: Scrafty|def|1
|
|-weather|SunnyDay|[upkeep]
|upkeep
|turn|17
|
|t:|1760371832
|move|p2a: Hatterene|Healing Wish|p2a: Hatterene
|faint|p2a: Hatterene
|move|p1a: Scrafty|Knock Off|p2: Hatterene|[notarget]
|-fail|p1a: Scrafty
|
|-weather|SunnyDay|[upkeep]
|upkeep
|
|t:|1760371839
|switch|p2a: Great Tusk|Great Tusk|50/100
|-heal|p2a: Great Tusk|100/100|[from] move: Healing Wish
|-activate|p2a: Great Tusk|ability: Protosynthesis
|-start|p2a: Great Tusk|protosynthesisspe
|turn|18
|
|t:|1760371845
|move|p2a: Great Tusk|Bulk Up|p2a: Great Tusk
|-boost|p2a: Great Tusk|atk|1
|-boost|p2a: Great Tusk|def|1
|move|p1a: Scrafty|Drain Punch|p2a: Great Tusk
|-damage|p2a: Great Tusk|77/100
|
|-weather|SunnyDay|[upkeep]
|-end|p1a: Scrafty|move: Future Sight
|-supereffective|p1a: Scrafty
|-damage|p1a: Scrafty|21/100 par
|-heal|p2a: Great Tusk|83/100|[from] item: Leftovers
|-activate|p1a: Scrafty|ability: Shed Skin
|-curestatus|p1a: Scrafty|par|[msg]
|-heal|p1a: Scrafty|27/100|[from] item: Leftovers
|upkeep
|turn|19
|
|t:|1760371859
|move|p2a: Great Tusk|Earthquake|p1a: Scrafty
|-supereffective|p1a: Scrafty
|-damage|p1a: Scrafty|0 fnt
|faint|p1a: Scrafty
|
|-weather|none
|-end|p2a: Great Tusk|Protosynthesis
|-heal|p2a: Great Tusk|89/100|[from] item: Leftovers
|upkeep
|
|t:|1760371872
|switch|p1a: Orthworm|Orthworm, M|100/100
|turn|20
|
|t:|1760371876
|move|p2a: Great Tusk|Temper Flare|p1a: Orthworm
|-supereffective|p1a: Orthworm
|-damage|p1a: Orthworm|66/100
|move|p1a: Orthworm|Body Press|p2a: Great Tusk
|-damage|p2a: Great Tusk|76/100
|
|-heal|p2a: Great Tusk|82/100|[from] item: Leftovers
|-heal|p1a: Orthworm|72/100|[from] item: Leftovers
|upkeep
|turn|21
|
|t:|1760371885
|move|p2a: Great Tusk|Bulk Up|p2a: Great Tusk
|-boost|p2a: Great Tusk|atk|1
|-boost|p2a: Great Tusk|def|1
|move|p1a: Orthworm|Body Press|p2a: Great Tusk
|-damage|p2a: Great Tusk|71/100
|
|-heal|p2a: Great Tusk|78/100|[from] item: Leftovers
|-heal|p1a: Orthworm|78/100|[from] item: Leftovers
|upkeep
|turn|22
|-message|ouhbj forfeited.
|
|win|gxld09
|raw|ouhbj's rating: 1333 &rarr; <strong>1314</strong><br />(-19 for losing)
|raw|gxld09's rating: 1351 &rarr; <strong>1370</strong><br />(+19 for winning)
|l|☆ouhbj
|player|p1|
|l|☆gxld09
|player|p2|
