|j|☆azerbatts
|j|☆alitrompette
|t:|1760362781
|gametype|singles
|player|p1|azerbatts|2|1359
|player|p2|alitrompette|benga|1415
|gen|9
|tier|[Gen 9] OU
|rated|
|rule|HP Percentage Mod: HP is shown in percentages
|rule|Endless Battle Clause: Forcing endless battles is banned
|rule|Species Clause: Limit one of each Pokémon
|rule|OHKO Clause: OHKO moves are banned
|rule|Evasion Items Clause: Evasion items are banned
|rule|Evasion Moves Clause: Evasion moves are banned
|rule|Evasion Abilities Clause: Evasion abilities are banned
|rule|Sleep Moves Clause: Sleep-inducing moves are banned
|clearpoke
|poke|p1|Tyranitar, M|
|poke|p1|Excadrill, F|
|poke|p1|Corviknight, M|
|poke|p1|Slowking-Galar, F|
|poke|p1|Amoonguss, M|
|poke|p1|Raging Bolt|
|poke|p2|Kyurem|
|poke|p2|Great Tusk|
|poke|p2|Tornadus-Therian, M|
|poke|p2|Iron Moth|
|poke|p2|Samurott-Hisui, F|
|poke|p2|Gholdengo|
|teampreview
|
|t:|1760362790
|teamsize|p1|6
|teamsize|p2|6
|start
|switch|p1a: Raging Bolt|Raging Bolt|100/100
|switch|p2a: Samurott|Samurott-Hisui, F|100/100
|turn|1
|
|t:|1760362799
|switch|p2a: Great Tusk|Great Tusk|100/100
|move|p1a: Raging Bolt|Draco Meteor|p2a: Great Tusk
|-damage|p2a: Great Tusk|0 fnt
|-unboost|p1a: Raging Bolt|spa|2
|faint|p2a: Great Tusk
|-end|p2a: Great Tusk|Protosynthesis|[silent]
|
|upkeep
|
|t:|1760362808
|switch|p2a: Kyurem|Kyurem|100/100
|-ability|p2a: Kyurem|Pressure
|turn|2
|
|t:|1760362817
|-end|p1a: Raging Bolt|Protosynthesis|[silent]
|switch|p1a: Slowking|Slowking-Galar, F|100/100
|move|p2a: Kyurem|Ice Beam|p1a: Slowking
|-damage|p1a: Slowking|74/100
|
|upkeep
|turn|3
|
|t:|1760362832
|switch|p2a: Gholdengo|Gholdengo|100/100
|-item|p2a: Gholdengo|Air Balloon
|move|p1a: Slowking|Flamethrower|p2a: Gholdengo
|-supereffective|p2a: Gholdengo
|-damage|p2a: Gholdengo|45/100
|-enditem|p2a: Gholdengo|Air Balloon
|
|upkeep
|turn|4
|
|t:|1760362843
|move|p2a: Gholdengo|Shadow Ball|p1a: Slowking
|-supereffective|p1a: Slowking
|-damage|p1a: Slowking|39/100
|move|p1a: Slowking|Flamethrower|p2a: Gholdengo
|-supereffective|p2a: Gholdengo
|-damage|p2a: Gholdengo|0 fnt
|faint|p2a: Gholdengo
|
|upkeep
|
|t:|1760362852
|switch|p2a: Samurott|Samurott-Hisui, F|100/100
|turn|5
|
|t:|1760362855
|switch|p1a: Corviknight|Corviknight, M|100/100
|-ability|p1a: Corviknight|Pressure
|move|p2a: Samurott|Ceaseless Edge|p1a: Corviknight
|-damage|p1a: Corviknight|73/100
|-damage|p2a: Samurott|84/100|[from] item: Rocky Helmet|[of] p1a: Corviknight
|-sidestart|p1: azerbatts|Spikes
|
|upkeep
|turn|6
|
|t:|1760362871
|switch|p2a: Kyurem|Kyurem|100/100
|-ability|p2a: Kyurem|Pressure
|move|p1a: Corviknight|U-turn|p2a: Kyurem
|-damage|p2a: Kyurem|87/100
|inactive|Battle timer is ON: inactive players will automatically lose when time's up. (requested by alitrompette)
|
|t:|1760362884
|switch|p1a: Tyranitar|Tyranitar, M|100/100|[from] U-turn
|-damage|p1a: Tyranitar|88/100|[from] Spikes
|-weather|Sandstorm|[from] ability: Sand Stream|[of] p1a: Tyranitar
|
|-weather|Sandstorm|[upkeep]
|-damage|p2a: Kyurem|81/100|[from] Sandstorm
|-heal|p1a: Tyranitar|94/100|[from] item: Leftovers
|upkeep
|turn|7
|
|t:|1760362895
|switch|p2a: Samurott|Samurott-Hisui, F|84/100
|switch|p1a: Corviknight|Corviknight, M|73/100
|-ability|p1a: Corviknight|Pressure
|
|-weather|Sandstorm|[upkeep]
|-damage|p2a: Samurott|78/100|[from] Sandstorm
|upkeep
|turn|8
|
|t:|1760362906
|switch|p2a: Tornadus|Tornadus-Therian, M|100/100
|move|p1a: Corviknight|U-turn|p2a: Tornadus
|-resisted|p2a: Tornadus
|-damage|p2a: Tornadus|92/100
|
|t:|1760362911
|switch|p1a: Raging Bolt|Raging Bolt|100/100|[from] U-turn
|-damage|p1a: Raging Bolt|88/100|[from] Spikes
|
|-weather|Sandstorm|[upkeep]
|-damage|p2a: Tornadus|86/100|[from] Sandstorm
|-damage|p1a: Raging Bolt|82/100|[from] Sandstorm
|upkeep
|turn|9
|
|t:|1760362922
|move|p2a: Tornadus|U-turn|p1a: Raging Bolt
|-damage|p1a: Raging Bolt|71/100
|
|t:|1760362931
|switch|p2a: Kyurem|Kyurem|81/100|[from] U-turn
|-ability|p2a: Kyurem|Pressure
|move|p1a: Raging Bolt|Volt Switch|p2a: Kyurem
|-resisted|p2a: Kyurem
|-damage|p2a: Kyurem|52/100
|
|t:|1760362934
|-end|p1a: Raging Bolt|Protosynthesis|[silent]
|switch|p1a: Tyranitar|Tyranitar, M|94/100|[from] Volt Switch
|-damage|p1a: Tyranitar|82/100|[from] Spikes
|
|-weather|Sandstorm|[upkeep]
|-damage|p2a: Kyurem|46/100|[from] Sandstorm
|-heal|p1a: Tyranitar|88/100|[from] item: Leftovers
|upkeep
|turn|10
|
|t:|1760362948
|move|p2a: Kyurem|Ice Beam|p1a: Tyranitar
|-damage|p1a: Tyranitar|57/100
|-status|p1a: Tyranitar|frz
|cant|p1a: Tyranitar|frz
|
|-weather|none
|-heal|p1a: Tyranitar|63/100 frz|[from] item: Leftovers
|upkeep
|turn|11
|
|t:|1760362957
|switch|p1a: Corviknight|Corviknight, M|73/100
|-ability|p1a: Corviknight|Pressure
|move|p2a: Kyurem|Ice Beam|p1a: Corviknight
|-damage|p1a: Corviknight|0 fnt
|faint|p1a: Corviknight
|
|upkeep
|
|t:|1760362971
|switch|p1a: Slowking|Slowking-Galar, F|72/100
|-damage|p1a: Slowking|60/100|[from] Spikes
|turn|12
|
|t:|1760362979
|switch|p1a: Tyranitar|Tyranitar, M|63/100 frz
|-damage|p1a: Tyranitar|51/100 frz|[from] Spikes
|-weather|Sandstorm|[from] ability: Sand Stream|[of] p1a: Tyranitar
|move|p2a: Kyurem|Ice Beam|p1a: Tyranitar
|-damage|p1a: Tyranitar|20/100 frz
|
|-weather|Sandstorm|[upkeep]
|-damage|p2a: Kyurem|40/100|[from] Sandstorm
|-heal|p1a: Tyranitar|26/100 frz|[from] item: Leftovers
|upkeep
|turn|13
|
|t:|1760362989
|move|p2a: Kyurem|Ice Beam|p1a: Tyranitar
|-damage|p1a: Tyranitar|0 fnt
|faint|p1a: Tyranitar
|
|-weather|Sandstorm|[upkeep]
|-damage|p2a: Kyurem|33/100|[from] Sandstorm
|upkeep
|
|t:|1760362997
|switch|p1a: Excadrill|Excadrill, F|100/100
|-damage|p1a: Excadrill|88/100|[from] Spikes
|turn|14
|
|t:|1760363004
|move|p1a: Excadrill|Rapid Spin|p2a: Kyurem
|-damage|p2a: Kyurem|10/100
|-boost|p1a: Excadrill|spe|1
|-sideend|p1: azerbatts|Spikes|[from] move: Rapid Spin|[of] p1a: Excadrill
|-damage|p1a: Excadrill|78/100|[from] item: Life Orb
|move|p2a: Kyurem|Ice Beam|p1a: Excadrill
|-damage|p1a: Excadrill|0 fnt
|faint|p1a: Excadrill
|
|-weather|Sandstorm|[upkeep]
|-damage|p2a: Kyurem|4/100|[from] Sandstorm
|upkeep
|
|t:|1760363010
|switch|p1a: Slowking|Slowking-Galar, F|93/100
|turn|15
|
|t:|1760363017
|move|p2a: Kyurem|Ice Beam|p1a: Slowking
|-damage|p1a: Slowking|63/100
|move|p1a: Slowking|Sludge Bomb|p2a: Kyurem
|-damage|p2a: Kyurem|0 fnt
|faint|p2a: Kyurem
|
|-weather|Sandstorm|[upkeep]
|-damage|p1a: Slowking|57/100|[from] Sandstorm
|upkeep
|
|t:|1760363025
|switch|p2a: Samurott|Samurott-Hisui, F|78/100
|turn|16
|
|t:|1760363031
|switch|p1a: Amoonguss|Amoonguss, M|100/100
|move|p2a: Samurott|Ceaseless Edge|p1a: Amoonguss
|-damage|p1a: Amoonguss|69/100
|-damage|p2a: Samurott|61/100|[from] item: Rocky Helmet|[of] p1a: Amoonguss
|-sidestart|p1: azerbatts|Spikes
|
|-weather|none
|upkeep
|turn|17
|
|t:|1760363043
|move|p2a: Samurott|Ceaseless Edge|p1a: Amoonguss
|-damage|p1a: Amoonguss|38/100
|-damage|p2a: Samurott|45/100|[from] item: Rocky Helmet|[of] p1a: Amoonguss
|-sidestart|p1: azerbatts|Spikes
|move|p1a: Amoonguss|Sludge Bomb|p2a: Samurott
|-damage|p2a: Samurott|1/100
|
|upkeep
|turn|18
|
|t:|1760363051
|move|p2a: Samurott|Ceaseless Edge|p1a: Amoonguss
|-damage|p1a: Amoonguss|8/100
|-damage|p2a: Samurott|0 fnt|[from] item: Rocky Helmet|[of] p1a: Amoonguss
|faint|p2a: Samurott
|move|p1a: Amoonguss|Sludge Bomb|p2: Samurott|[notarget]
|-fail|p1a: Amoonguss
|
|upkeep
|
|t:|1760363058
|switch|p2a: Iron Moth|Iron Moth|100/100
|-enditem|p2a: Iron Moth|Booster Energy
|-activate|p2a: Iron Moth|ability: Quark Drive|[fromitem]
|-start|p2a: Iron Moth|quarkdrivespe
|turn|19
|
|t:|1760363067
|move|p2a: Iron Moth|Fiery Dance|p1a: Amoonguss
|-supereffective|p1a: Amoonguss
|-crit|p1a: Amoonguss
|-damage|p1a: Amoonguss|0 fnt
|-boost|p2a: Iron Moth|spa|1
|faint|p1a: Amoonguss
|
|upkeep
|
|t:|1760363069
|switch|p1a: Slowking|Slowking-Galar, F|90/100
|-damage|p1a: Slowking|74/100|[from] Spikes
|turn|20
|
|t:|1760363079
|move|p2a: Iron Moth|Substitute|p2a: Iron Moth
|-start|p2a: Iron Moth|Substitute
|-damage|p2a: Iron Moth|76/100
|move|p1a: Slowking|Psychic Noise|p2a: Iron Moth
|-supereffective|p2a: Iron Moth
|-damage|p2a: Iron Moth|21/100
|-start|p2a: Iron Moth|move: Heal Block
|
|upkeep
|turn|21
|
|t:|1760363101
|-terastallize|p2a: Iron Moth|Ground
|move|p2a: Iron Moth|Tera Blast|p1a: Slowking|[anim] Tera Blast Ground
|-supereffective|p1a: Slowking
|-crit|p1a: Slowking
|-damage|p1a: Slowking|7/100
|move|p1a: Slowking|Psychic Noise|p2a: Iron Moth
|-damage|p2a: Iron Moth|0 fnt
|faint|p2a: Iron Moth
|-end|p2a: Iron Moth|Quark Drive|[silent]
|
|upkeep
|
|t:|1760363110
|switch|p2a: Tornadus|Tornadus-Therian, M|100/100
|turn|22
|
|t:|1760363116
|move|p2a: Tornadus|Knock Off|p1a: Slowking
|-supereffective|p1a: Slowking
|-damage|p1a: Slowking|0 fnt
|-enditem|p1a: Slowking|Assault Vest|[from] move: Knock Off|[of] p2a: Tornadus
|faint|p1a: Slowking
|
|upkeep
|
|t:|1760363119
|switch|p1a: Raging Bolt|Raging Bolt|71/100
|-damage|p1a: Raging Bolt|54/100|[from] Spikes
|turn|23
|
|t:|1760363134
|move|p1a: Raging Bolt|Thunderclap|p2a: Tornadus
|-supereffective|p2a: Tornadus
|-damage|p2a: Tornadus|11/100
|move|p2a: Tornadus|Knock Off|p1a: Raging Bolt
|-damage|p1a: Raging Bolt|38/100
|-enditem|p1a: Raging Bolt|Choice Specs|[from] move: Knock Off|[of] p2a: Tornadus
|
|upkeep
|turn|24
|
|t:|1760363141
|move|p1a: Raging Bolt|Thunderclap|p2a: Tornadus
|-supereffective|p2a: Tornadus
|-damage|p2a: Tornadus|0 fnt
|faint|p2a: Tornadus
|
|win|azerbatts
|raw|azerbatts's rating: 1359 &rarr; <strong>1382</strong><br />(+23 for winning)
|raw|alitrompette's rating: 1415 &rarr; <strong>1392</strong><br />(-23 for losing)
|l|☆alitrompette
|player|p2|
|c|☆azerbatts|freezw
|l|☆azerbatts
|player|p1|
