|j|☆Sjones90420
|j|☆iglor
|t:|1760447121
|gametype|singles
|player|p1|Sjones90420|iris|1243
|player|p2|iglor|preschooler|1275
|gen|9
|tier|[Gen 9] OU
|rated|
|rule|HP Percentage Mod: HP is shown in percentages
|rule|Endless Battle Clause: Forcing endless battles is banned
|rule|Species Clause: Limit one of each Pokémon
|rule|OHKO Clause: OHKO moves are banned
|rule|Evasion Items Clause: Evasion items are banned
|rule|Evasion Moves Clause: Evasion moves are banned
|rule|Evasion Abilities Clause: Evasion abilities are banned
|rule|Sleep Moves Clause: Sleep-inducing moves are banned
|clearpoke
|poke|p1|Torkoal, F|
|poke|p1|Great Tusk|
|poke|p1|Hatterene, F|
|poke|p1|Walking Wake|
|poke|p1|Sandy Shocks|
|poke|p1|Lilligant-Hisui, F|
|poke|p2|Tornadus, M|
|poke|p2|Brambleghast, M|
|poke|p2|Regidrago|
|poke|p2|Arcanine-Hisui, M|
|poke|p2|Azumarill, M|
|poke|p2|Lokix, F|
|teampreview
|inactive|Battle timer is ON: inactive players will automatically lose when time's up. (requested by iglor)
|
|t:|1760447136
|teamsize|p1|6
|teamsize|p2|6
|start
|switch|p1a: Walking Wake|Walking Wake|100/100
|switch|p2a: Tornadus|Tornadus, M|100/100
|turn|1
|
|t:|1760447158
|switch|p2a: Azumarill|Azumarill, M|100/100
|move|p1a: Walking Wake|Sunny Day|p1a: Walking Wake
|-weather|SunnyDay
|-activate|p1a: Walking Wake|ability: Protosynthesis
|-start|p1a: Walking Wake|protosynthesisspa
|
|-weather|SunnyDay|[upkeep]
|upkeep
|turn|2
|
|t:|1760447170
|-end|p1a: Walking Wake|Protosynthesis|[silent]
|switch|p1a: Hatterene|Hatterene, F|100/100
|move|p2a: Azumarill|Play Rough|p1a: Hatterene
|-damage|p1a: Hatterene|44/100
|
|-weather|SunnyDay|[upkeep]
|-heal|p1a: Hatterene|50/100|[from] item: Leftovers
|upkeep
|turn|3
|
|t:|1760447177
|move|p2a: Azumarill|Play Rough|p1a: Hatterene
|-damage|p1a: Hatterene|0 fnt
|faint|p1a: Hatterene
|
|-weather|SunnyDay|[upkeep]
|upkeep
|
|t:|1760447182
|switch|p1a: Lilligant|Lilligant-Hisui, F, shiny|100/100
|turn|4
|
|t:|1760447207
|move|p1a: Lilligant|Solar Blade||[still]
|-prepare|p1a: Lilligant|Solar Blade
|-anim|p1a: Lilligant|Solar Blade|p2a: Azumarill
|-supereffective|p2a: Azumarill
|-damage|p2a: Azumarill|0 fnt
|faint|p2a: Azumarill
|
|-weather|SunnyDay|[upkeep]
|upkeep
|
|t:|1760447209
|switch|p2a: Lokix|Lokix, F|100/100
|turn|5
|
|t:|1760447222
|switch|p1a: Sandy Shocks|Sandy Shocks|100/100
|-item|p1a: Sandy Shocks|Air Balloon
|-activate|p1a: Sandy Shocks|ability: Protosynthesis
|-start|p1a: Sandy Shocks|protosynthesisspa
|move|p2a: Lokix|First Impression|p1a: Sandy Shocks
|-damage|p1a: Sandy Shocks|24/100
|-enditem|p1a: Sandy Shocks|Air Balloon
|
|-weather|none
|-end|p1a: Sandy Shocks|Protosynthesis
|upkeep
|turn|6
|
|t:|1760447242
|switch|p2a: Arcanine|Arcanine-Hisui, M, shiny|100/100
|move|p1a: Sandy Shocks|Sunny Day|p1a: Sandy Shocks
|-weather|SunnyDay
|-activate|p1a: Sandy Shocks|ability: Protosynthesis
|-start|p1a: Sandy Shocks|protosynthesisspa
|
|-weather|SunnyDay|[upkeep]
|upkeep
|turn|7
|
|t:|1760447254
|switch|p2a: Tornadus|Tornadus, M|100/100
|move|p1a: Sandy Shocks|Earth Power|p2a: Tornadus
|-immune|p2a: Tornadus
|
|-weather|SunnyDay|[upkeep]
|upkeep
|turn|8
|
|t:|1760447262
|move|p2a: Tornadus|Focus Blast|p1a: Sandy Shocks|[miss]
|-miss|p2a: Tornadus|p1a: Sandy Shocks
|move|p1a: Sandy Shocks|Thunderbolt|p2a: Tornadus
|-supereffective|p2a: Tornadus
|-damage|p2a: Tornadus|0 fnt
|faint|p2a: Tornadus
|
|-weather|SunnyDay|[upkeep]
|upkeep
|
|t:|1760447276
|switch|p2a: Lokix|Lokix, F|100/100
|turn|9
|
|t:|1760447282
|move|p1a: Sandy Shocks|Spikes|p2a: Lokix
|-sidestart|p2: iglor|Spikes
|move|p2a: Lokix|U-turn|p1a: Sandy Shocks
|-damage|p1a: Sandy Shocks|0 fnt
|faint|p1a: Sandy Shocks
|-end|p1a: Sandy Shocks|Protosynthesis|[silent]
|
|t:|1760447287
|switch|p2a: Bush|Brambleghast, M, shiny|100/100|[from] U-turn
|-damage|p2a: Bush|88/100|[from] Spikes
|
|-weather|SunnyDay|[upkeep]
|upkeep
|
|t:|1760447292
|switch|p1a: Walking Wake|Walking Wake|100/100
|-activate|p1a: Walking Wake|ability: Protosynthesis
|-start|p1a: Walking Wake|protosynthesisspa
|turn|10
|
|t:|1760447303
|move|p1a: Walking Wake|Flamethrower|p2a: Bush
|-supereffective|p2a: Bush
|-damage|p2a: Bush|0 fnt
|faint|p2a: Bush
|
|-weather|none
|-end|p1a: Walking Wake|Protosynthesis
|upkeep
|
|t:|1760447319
|switch|p2a: Arcanine|Arcanine-Hisui, M, shiny|100/100
|-damage|p2a: Arcanine|88/100|[from] Spikes
|turn|11
|
|t:|1760447325
|-end|p1a: Walking Wake|Protosynthesis|[silent]
|switch|p1a: Torkoal|Torkoal, F|100/100
|-weather|SunnyDay|[from] ability: Drought|[of] p1a: Torkoal
|move|p2a: Arcanine|Head Smash|p1a: Torkoal
|-supereffective|p1a: Torkoal
|-damage|p1a: Torkoal|0 fnt
|faint|p1a: Torkoal
|
|-weather|SunnyDay|[upkeep]
|upkeep
|
|t:|1760447334
|switch|p1a: Walking Wake|Walking Wake|100/100
|-activate|p1a: Walking Wake|ability: Protosynthesis
|-start|p1a: Walking Wake|protosynthesisspa
|turn|12
|
|t:|1760447349
|move|p1a: Walking Wake|Hydro Steam|p2a: Arcanine
|-supereffective|p2a: Arcanine
|-damage|p2a: Arcanine|0 fnt
|faint|p2a: Arcanine
|
|-weather|SunnyDay|[upkeep]
|upkeep
|
|t:|1760447368
|switch|p2a: Regidrago|Regidrago|100/100
|-damage|p2a: Regidrago|88/100|[from] Spikes
|turn|13
|inactive|iglor has 120 seconds left.
|
|t:|1760447386
|-terastallize|p2a: Regidrago|Steel
|move|p1a: Walking Wake|Draco Meteor|p2a: Regidrago|[miss]
|-miss|p1a: Walking Wake|p2a: Regidrago
|move|p2a: Regidrago|Draco Meteor|p1a: Walking Wake
|-supereffective|p1a: Walking Wake
|-damage|p1a: Walking Wake|0 fnt
|-unboost|p2a: Regidrago|spa|2
|faint|p1a: Walking Wake
|-end|p1a: Walking Wake|Protosynthesis|[silent]
|
|-weather|SunnyDay|[upkeep]
|upkeep
|
|t:|1760447404
|switch|p1a: Lilligant|Lilligant-Hisui, F, shiny|100/100
|turn|14
|
|t:|1760447408
|move|p1a: Lilligant|Close Combat|p2a: Regidrago
|-supereffective|p2a: Regidrago
|-damage|p2a: Regidrago|0 fnt
|-unboost|p1a: Lilligant|def|1
|-unboost|p1a: Lilligant|spd|1
|faint|p2a: Regidrago
|
|-weather|SunnyDay|[upkeep]
|upkeep
|
|t:|1760447411
|switch|p2a: Lokix|Lokix, F|100/100
|-damage|p2a: Lokix|88/100|[from] Spikes
|turn|15
|
|t:|1760447418
|switch|p1a: Great Tusk|Great Tusk|100/100
|-activate|p1a: Great Tusk|ability: Protosynthesis
|-start|p1a: Great Tusk|protosynthesisatk
|move|p2a: Lokix|Leech Life|p1a: Great Tusk
|-resisted|p1a: Great Tusk
|-damage|p1a: Great Tusk|58/100
|-heal|p2a: Lokix|100/100|[from] drain|[of] p1a: Great Tusk
|
|-weather|SunnyDay|[upkeep]
|-heal|p1a: Great Tusk|64/100|[from] item: Leftovers
|upkeep
|turn|16
|
|t:|1760447429
|move|p2a: Lokix|Leech Life|p1a: Great Tusk
|-resisted|p1a: Great Tusk
|-damage|p1a: Great Tusk|25/100
|move|p1a: Great Tusk|Close Combat|p2a: Lokix
|-damage|p2a: Lokix|0 fnt
|-unboost|p1a: Great Tusk|def|1
|-unboost|p1a: Great Tusk|spd|1
|faint|p2a: Lokix
|
|win|Sjones90420
|raw|Sjones90420's rating: 1243 &rarr; <strong>1270</strong><br />(+27 for winning)
|raw|iglor's rating: 1275 &rarr; <strong>1248</strong><br />(-27 for losing)
|l|☆iglor
|player|p2|
|l|☆Sjones90420
|player|p1|
