|j|☆SHEWILLBETRAYu_067
|j|☆Chillmaxxer
|t:|1760440036
|gametype|singles
|player|p1|SHEWILLBETRAYu_067|clerk|1337
|player|p2|Chillmaxxer|scientist-gen4|1322
|gen|9
|tier|[Gen 9] OU
|rated|
|rule|HP Percentage Mod: HP is shown in percentages
|rule|Endless Battle Clause: Forcing endless battles is banned
|rule|Species Clause: Limit one of each Pokémon
|rule|OHKO Clause: OHKO moves are banned
|rule|Evasion Items Clause: Evasion items are banned
|rule|Evasion Moves Clause: Evasion moves are banned
|rule|Evasion Abilities Clause: Evasion abilities are banned
|rule|Sleep Moves Clause: Sleep-inducing moves are banned
|clearpoke
|poke|p1|Iron Valiant|
|poke|p1|Gliscor, F|
|poke|p1|Metagross|
|poke|p1|Cinderace, F|
|poke|p1|Raging Bolt|
|poke|p1|Ogerpon-Wellspring, F|
|poke|p2|Pelipper, M|
|poke|p2|Pawmot, F|
|poke|p2|Quaquaval, M|
|poke|p2|Basculegion, M|
|poke|p2|Dragapult, M|
|poke|p2|Overqwil, M|
|teampreview
|
|t:|1760440069
|teamsize|p1|6
|teamsize|p2|6
|start
|switch|p1a: Iron Valiant|Iron Valiant|100/100
|switch|p2a: Pelipper|Pelipper, M|100/100
|-weather|RainDance|[from] ability: Drizzle|[of] p2a: Pelipper
|-enditem|p1a: Iron Valiant|Booster Energy
|-activate|p1a: Iron Valiant|ability: Quark Drive|[fromitem]
|-start|p1a: Iron Valiant|quarkdrivespe
|turn|1
|
|t:|1760440077
|move|p1a: Iron Valiant|Thunderbolt|p2a: Pelipper
|-supereffective|p2a: Pelipper
|-damage|p2a: Pelipper|0 fnt
|faint|p2a: Pelipper
|
|-weather|RainDance|[upkeep]
|upkeep
|
|t:|1760440094
|switch|p2a: Overqwil|Overqwil, M|100/100
|turn|2
|
|t:|1760440104
|-end|p1a: Iron Valiant|Quark Drive|[silent]
|switch|p1a: Metagross|Metagross|100/100
|move|p2a: Overqwil|Gunk Shot|p1a: Metagross
|-immune|p1a: Metagross
|
|-weather|RainDance|[upkeep]
|upkeep
|turn|3
|
|t:|1760440117
|move|p2a: Overqwil|Swords Dance|p2a: Overqwil
|-boost|p2a: Overqwil|atk|2
|move|p1a: Metagross|Earthquake|p2a: Overqwil
|-supereffective|p2a: Overqwil
|-damage|p2a: Overqwil|0 fnt
|faint|p2a: Overqwil
|
|-weather|RainDance|[upkeep]
|upkeep
|
|t:|1760440127
|switch|p2a: Basculegion|Basculegion, M|100/100
|turn|4
|
|t:|1760440131
|switch|p1a: Ogerpon|Ogerpon-Wellspring, F|100/100
|move|p2a: Basculegion|Head Smash|p1a: Ogerpon
|-damage|p1a: Ogerpon|0 fnt
|faint|p1a: Ogerpon
|-damage|p2a: Basculegion|61/100|[from] Recoil
|
|-weather|RainDance|[upkeep]
|upkeep
|
|t:|1760440140
|switch|p1a: Metagross|Metagross|100/100
|turn|5
|
|t:|1760440147
|switch|p2a: Quaquaval|Quaquaval, M|100/100
|move|p1a: Metagross|Knock Off|p2a: Quaquaval
|-resisted|p2a: Quaquaval
|-damage|p2a: Quaquaval|63/100
|-enditem|p2a: Quaquaval|Liechi Berry|[from] move: Knock Off|[of] p1a: Metagross
|
|-weather|RainDance|[upkeep]
|upkeep
|turn|6
|
|t:|1760440163
|switch|p1a: Raging Bolt|Raging Bolt|100/100
|-enditem|p1a: Raging Bolt|Booster Energy
|-activate|p1a: Raging Bolt|ability: Protosynthesis|[fromitem]
|-start|p1a: Raging Bolt|protosynthesisspa
|move|p2a: Quaquaval|Aqua Step|p1a: Raging Bolt
|-resisted|p1a: Raging Bolt
|-damage|p1a: Raging Bolt|77/100
|-boost|p2a: Quaquaval|spe|1
|
|-weather|RainDance|[upkeep]
|upkeep
|turn|7
|
|t:|1760440175
|move|p2a: Quaquaval|Substitute|p2a: Quaquaval
|-start|p2a: Quaquaval|Substitute
|-damage|p2a: Quaquaval|38/100
|move|p1a: Raging Bolt|Dragon Pulse|p2a: Quaquaval
|-end|p2a: Quaquaval|Substitute
|
|-weather|RainDance|[upkeep]
|upkeep
|turn|8
|
|t:|1760440182
|move|p2a: Quaquaval|Close Combat|p1a: Raging Bolt
|-damage|p1a: Raging Bolt|26/100
|-unboost|p2a: Quaquaval|def|1
|-unboost|p2a: Quaquaval|spd|1
|move|p1a: Raging Bolt|Thunderbolt|p2a: Quaquaval
|-supereffective|p2a: Quaquaval
|-damage|p2a: Quaquaval|0 fnt
|faint|p2a: Quaquaval
|
|-weather|none
|upkeep
|
|t:|1760440186
|switch|p2a: Pawmot|Pawmot, F|100/100
|turn|9
|
|t:|1760440191
|move|p2a: Pawmot|Encore|p1a: Raging Bolt
|-start|p1a: Raging Bolt|Encore
|move|p1a: Raging Bolt|Thunderbolt|p2a: Pawmot
|-immune|p2a: Pawmot|[from] ability: Volt Absorb
|
|upkeep
|turn|10
|
|t:|1760440197
|-end|p1a: Raging Bolt|Protosynthesis|[silent]
|switch|p1a: Gliscor|Gliscor, F|100/100
|move|p2a: Pawmot|Revival Blessing|p2a: Pawmot
|-enditem|p2a: Pawmot|Leppa Berry|[eat]
|-activate|p2a: Pawmot|item: Leppa Berry|Revival Blessing|[consumed]
|
|t:|1760440201
|-heal|p2: Pelipper|50/100|[from] move: Revival Blessing
|
|-status|p1a: Gliscor|tox|[from] item: Toxic Orb
|upkeep
|turn|11
|
|t:|1760440213
|switch|p1a: Iron Valiant|Iron Valiant|100/100
|move|p2a: Pawmot|Revival Blessing|p2a: Pawmot
|
|t:|1760440228
|-heal|p2: Quaquaval|50/100|[from] move: Revival Blessing
|
|upkeep
|turn|12
|
|t:|1760440256
|switch|p2a: Pelipper|Pelipper, M|50/100
|-weather|RainDance|[from] ability: Drizzle|[of] p2a: Pelipper
|move|p1a: Iron Valiant|Moonblast|p2a: Pelipper
|-damage|p2a: Pelipper|0 fnt
|faint|p2a: Pelipper
|
|-weather|RainDance|[upkeep]
|upkeep
|
|t:|1760440266
|switch|p2a: Quaquaval|Quaquaval, M|50/100
|turn|13
|
|t:|1760440271
|move|p1a: Iron Valiant|Moonblast|p2a: Quaquaval
|-supereffective|p2a: Quaquaval
|-damage|p2a: Quaquaval|0 fnt
|faint|p2a: Quaquaval
|
|-weather|RainDance|[upkeep]
|upkeep
|
|t:|1760440276
|switch|p2a: Basculegion|Basculegion, M|61/100
|turn|14
|
|t:|1760440291
|-end|p1a: Iron Valiant|Quark Drive|[silent]
|switch|p1a: Cinderace|Cinderace, F|100/100
|-terastallize|p2a: Basculegion|Water
|move|p2a: Basculegion|Aqua Jet|p1a: Cinderace
|-supereffective|p1a: Cinderace
|-damage|p1a: Cinderace|0 fnt
|faint|p1a: Cinderace
|
|-weather|RainDance|[upkeep]
|upkeep
|
|t:|1760440301
|switch|p1a: Raging Bolt|Raging Bolt|26/100
|turn|15
|
|t:|1760440305
|move|p2a: Basculegion|Aqua Jet|p1a: Raging Bolt
|-resisted|p1a: Raging Bolt
|-damage|p1a: Raging Bolt|1/100
|move|p1a: Raging Bolt|Thunderclap||[still]
|-fail|p1a: Raging Bolt
|
|-weather|RainDance|[upkeep]
|upkeep
|turn|16
|
|t:|1760440314
|move|p2a: Basculegion|Aqua Jet|p1a: Raging Bolt
|-resisted|p1a: Raging Bolt
|-damage|p1a: Raging Bolt|0 fnt
|faint|p1a: Raging Bolt
|-end|p1a: Raging Bolt|Protosynthesis|[silent]
|
|-weather|RainDance|[upkeep]
|upkeep
|
|t:|1760440322
|switch|p1a: Metagross|Metagross|100/100
|turn|17
|
|t:|1760440329
|switch|p2a: Dragapult|Dragapult, M|100/100
|move|p1a: Metagross|Heavy Slam|p2a: Dragapult
|-damage|p2a: Dragapult|0 fnt
|faint|p2a: Dragapult
|
|-weather|RainDance|[upkeep]
|upkeep
|
|t:|1760440334
|switch|p2a: Basculegion|Basculegion, M, tera:Water|61/100
|turn|18
|
|t:|1760440337
|move|p2a: Basculegion|Wave Crash|p1a: Metagross
|-damage|p1a: Metagross|0 fnt
|faint|p1a: Metagross
|-damage|p2a: Basculegion|30/100|[from] Recoil
|
|-weather|RainDance|[upkeep]
|upkeep
|
|t:|1760440342
|switch|p1a: Gliscor|Gliscor, F|100/100 tox
|turn|19
|
|t:|1760440348
|move|p2a: Basculegion|Wave Crash|p1a: Gliscor
|-supereffective|p1a: Gliscor
|-damage|p1a: Gliscor|0 fnt
|faint|p1a: Gliscor
|-damage|p2a: Basculegion|0 fnt|[from] Recoil
|faint|p2a: Basculegion
|
|-weather|none
|upkeep
|
|t:|1760440352
|switch|p2a: Pawmot|Pawmot, F|100/100
|switch|p1a: Iron Valiant|Iron Valiant|100/100
|turn|20
|
|t:|1760440355
|-terastallize|p1a: Iron Valiant|Fairy
|move|p1a: Iron Valiant|Moonblast|p2a: Pawmot
|-supereffective|p2a: Pawmot
|-damage|p2a: Pawmot|0 fnt
|faint|p2a: Pawmot
|
|win|SHEWILLBETRAYu_067
|raw|SHEWILLBETRAYu_067's rating: 1337 &rarr; <strong>1356</strong><br />(+19 for winning)
|raw|Chillmaxxer's rating: 1322 &rarr; <strong>1303</strong><br />(-19 for losing)
|l|☆Chillmaxxer
|player|p2|
|l|☆SHEWILLBETRAYu_067
|player|p1|
