|j|☆Katze 632
|j|☆Overlorddave
|t:|1760334011
|gametype|singles
|player|p1|Katze 632|ingo|1117
|player|p2|Overlorddave|102|1143
|gen|9
|tier|[Gen 9] OU
|rated|
|rule|HP Percentage Mod: HP is shown in percentages
|rule|Endless Battle Clause: Forcing endless battles is banned
|rule|Species Clause: Limit one of each Pokémon
|rule|OHKO Clause: OHKO moves are banned
|rule|Evasion Items Clause: Evasion items are banned
|rule|Evasion Moves Clause: Evasion moves are banned
|rule|Evasion Abilities Clause: Evasion abilities are banned
|rule|Sleep Moves Clause: Sleep-inducing moves are banned
|clearpoke
|poke|p1|Ceruledge, F|
|poke|p1|Hatterene, F|
|poke|p1|Scizor, F|
|poke|p1|Samurott-Hisui, F|
|poke|p1|Tornadus-Therian, M|
|poke|p1|Weezing-Galar, F|
|poke|p2|Feraligatr, F|
|poke|p2|Blastoise, M|
|poke|p2|Ludicolo, M|
|poke|p2|Politoed, F|
|poke|p2|Lanturn, F|
|poke|p2|Swampert, M|
|teampreview
|inactive|Battle timer is ON: inactive players will automatically lose when time's up. (requested by Katze 632)
|inactive|Katze 632 has 120 seconds left.
|
|t:|1760334043
|teamsize|p1|6
|teamsize|p2|6
|start
|switch|p1a: Shrimpo|Scizor, F|100/100
|switch|p2a: Politoed|Politoed, F|100/100
|-weather|RainDance|[from] ability: Drizzle|[of] p2a: Politoed
|turn|1
|
|t:|1760334051
|move|p1a: Shrimpo|Knock Off|p2a: Politoed
|-damage|p2a: Politoed|43/100
|-enditem|p2a: Politoed|Damp Rock|[from] move: Knock Off|[of] p1a: Shrimpo
|move|p2a: Politoed|Weather Ball|p1a: Shrimpo
|-damage|p1a: Shrimpo|25/100
|
|-weather|RainDance|[upkeep]
|upkeep
|turn|2
|
|t:|1760334071
|switch|p1a: Pebble|Samurott-Hisui, F|100/100
|move|p2a: Politoed|Weather Ball|p1a: Pebble
|-resisted|p1a: Pebble
|-damage|p1a: Pebble|78/100
|
|-weather|RainDance|[upkeep]
|upkeep
|turn|3
|
|t:|1760334089
|switch|p2a: Ludicolo|Ludicolo, M|100/100
|move|p1a: Pebble|Ceaseless Edge|p2a: Ludicolo
|-damage|p2a: Ludicolo|44/100
|-sidestart|p2: Overlorddave|Spikes
|
|-weather|RainDance|[upkeep]
|upkeep
|turn|4
|inactive|Katze 632 has 120 seconds left.
|
|t:|1760334109
|switch|p1a: Soulvester|Ceruledge, F|100/100
|move|p2a: Ludicolo|Swords Dance|p2a: Ludicolo
|-boost|p2a: Ludicolo|atk|2
|
|-weather|RainDance|[upkeep]
|upkeep
|turn|5
|
|t:|1760334118
|switch|p1a: Pebble|Samurott-Hisui, F|78/100
|move|p2a: Ludicolo|Waterfall|p1a: Pebble
|-resisted|p1a: Pebble
|-damage|p1a: Pebble|12/100
|-damage|p2a: Ludicolo|34/100|[from] item: Life Orb
|
|-weather|RainDance|[upkeep]
|upkeep
|turn|6
|
|t:|1760334128
|move|p1a: Pebble|Aqua Jet|p2a: Ludicolo
|-resisted|p2a: Ludicolo
|-damage|p2a: Ludicolo|24/100
|move|p2a: Ludicolo|Trailblaze|p1a: Pebble
|-supereffective|p1a: Pebble
|-damage|p1a: Pebble|0 fnt
|-boost|p2a: Ludicolo|spe|1
|faint|p1a: Pebble
|-damage|p2a: Ludicolo|14/100|[from] item: Life Orb
|
|-weather|RainDance|[upkeep]
|upkeep
|inactive|Katze 632 has 120 seconds left.
|
|t:|1760334141
|switch|p1a: Shrimpo|Scizor, F|25/100
|turn|7
|
|t:|1760334146
|move|p1a: Shrimpo|Bullet Punch|p2a: Ludicolo
|-resisted|p2a: Ludicolo
|-damage|p2a: Ludicolo|0 fnt
|faint|p2a: Ludicolo
|
|-weather|RainDance|[upkeep]
|upkeep
|
|t:|1760334152
|switch|p2a: Blastoise|Blastoise, M|100/100
|-damage|p2a: Blastoise|88/100|[from] Spikes
|turn|8
|inactive|Katze 632 has 120 seconds left.
|
|t:|1760334189
|switch|p1a: Weezing|Weezing-Galar, F|100/100
|-ability|p1a: Weezing|Neutralizing Gas
|move|p2a: Blastoise|Iron Defense|p2a: Blastoise
|-boost|p2a: Blastoise|def|2
|
|-weather|none
|-heal|p2a: Blastoise|94/100|[from] item: Leftovers
|upkeep
|turn|9
|
|t:|1760334200
|move|p2a: Blastoise|Iron Defense|p2a: Blastoise
|-boost|p2a: Blastoise|def|2
|move|p1a: Weezing|Will-O-Wisp|p2a: Blastoise
|-status|p2a: Blastoise|brn
|
|-heal|p2a: Blastoise|99/100 brn|[from] item: Leftovers
|-damage|p2a: Blastoise|94/100 brn|[from] brn
|upkeep
|turn|10
|l|☆Katze 632
|inactive|Katze 632 disconnected and has a minute to reconnect!
|player|p1|
|j|☆Katze 632
|inactive|Katze 632 reconnected and has 100 seconds left.
|player|p1|Katze 632|ingo|
|
|t:|1760334229
|move|p2a: Blastoise|Iron Defense|p2a: Blastoise
|-boost|p2a: Blastoise|def|2
|move|p1a: Weezing|Sludge Bomb|p2a: Blastoise
|-damage|p2a: Blastoise|77/100 brn
|
|-heal|p2a: Blastoise|83/100 brn|[from] item: Leftovers
|-damage|p2a: Blastoise|77/100 brn|[from] brn
|upkeep
|turn|11
|inactive|Katze 632 has 90 seconds left.
|
|t:|1760334245
|-end|p1a: Weezing|ability: Neutralizing Gas
|switch|p1a: Bassie|Hatterene, F|100/100
|move|p2a: Blastoise|Muddy Water|p1a: Bassie
|-damage|p1a: Bassie|71/100
|
|-heal|p2a: Blastoise|83/100 brn|[from] item: Leftovers
|-heal|p1a: Bassie|77/100|[from] item: Leftovers
|-damage|p2a: Blastoise|77/100 brn|[from] brn
|upkeep
|turn|12
|
|t:|1760334255
|move|p2a: Blastoise|Muddy Water|p1a: Bassie
|-damage|p1a: Bassie|47/100
|move|p1a: Bassie|Psychic Noise|p2a: Blastoise
|-damage|p2a: Blastoise|54/100 brn
|-start|p2a: Blastoise|move: Heal Block
|
|-heal|p1a: Bassie|53/100|[from] item: Leftovers
|-damage|p2a: Blastoise|48/100 brn|[from] brn
|upkeep
|turn|13
|
|t:|1760334266
|move|p2a: Blastoise|Muddy Water|p1a: Bassie
|-damage|p1a: Bassie|22/100
|move|p1a: Bassie|Pain Split|p2a: Blastoise
|-sethp|p2a: Blastoise|34/100 brn|[from] move: Pain Split|[silent]
|-sethp|p1a: Bassie|38/100|[from] move: Pain Split
|
|-heal|p1a: Bassie|44/100|[from] item: Leftovers
|-damage|p2a: Blastoise|28/100 brn|[from] brn
|-end|p2a: Blastoise|move: Heal Block
|upkeep
|turn|14
|
|t:|1760334280
|move|p2a: Blastoise|Life Dew|p2a: Blastoise
|-heal|p2a: Blastoise|53/100 brn
|move|p1a: Bassie|Draining Kiss|p2a: Blastoise
|-damage|p2a: Blastoise|38/100 brn
|-heal|p1a: Bassie|57/100|[from] drain|[of] p2a: Blastoise
|
|-heal|p2a: Blastoise|44/100 brn|[from] item: Leftovers
|-heal|p1a: Bassie|63/100|[from] item: Leftovers
|-damage|p2a: Blastoise|38/100 brn|[from] brn
|upkeep
|turn|15
|
|t:|1760334292
|move|p2a: Blastoise|Life Dew|p2a: Blastoise
|-heal|p2a: Blastoise|63/100 brn
|move|p1a: Bassie|Draining Kiss|p2a: Blastoise
|-crit|p2a: Blastoise
|-damage|p2a: Blastoise|39/100 brn
|-heal|p1a: Bassie|83/100|[from] drain|[of] p2a: Blastoise
|
|-heal|p2a: Blastoise|46/100 brn|[from] item: Leftovers
|-heal|p1a: Bassie|89/100|[from] item: Leftovers
|-damage|p2a: Blastoise|39/100 brn|[from] brn
|upkeep
|turn|16
|
|t:|1760334304
|move|p2a: Blastoise|Life Dew|p2a: Blastoise
|-heal|p2a: Blastoise|65/100 brn
|move|p1a: Bassie|Psychic Noise|p2a: Blastoise
|-crit|p2a: Blastoise
|-damage|p2a: Blastoise|30/100 brn
|-start|p2a: Blastoise|move: Heal Block
|
|-heal|p1a: Bassie|95/100|[from] item: Leftovers
|-damage|p2a: Blastoise|24/100 brn|[from] brn
|upkeep
|turn|17
|
|t:|1760334316
|move|p2a: Blastoise|Muddy Water|p1a: Bassie
|-damage|p1a: Bassie|66/100
|move|p1a: Bassie|Psychic Noise|p2a: Blastoise
|-damage|p2a: Blastoise|2/100 brn
|
|-heal|p1a: Bassie|72/100|[from] item: Leftovers
|-damage|p2a: Blastoise|0 fnt|[from] brn
|faint|p2a: Blastoise
|upkeep
|
|t:|1760334325
|switch|p2a: Politoed|Politoed, F|43/100
|-damage|p2a: Politoed|31/100|[from] Spikes
|-weather|RainDance|[from] ability: Drizzle|[of] p2a: Politoed
|turn|18
|
|t:|1760334342
|switch|p1a: Soulvester|Ceruledge, F|100/100
|-terastallize|p2a: Politoed|Water
|move|p2a: Politoed|Weather Ball|p1a: Soulvester
|-supereffective|p1a: Soulvester
|-enditem|p1a: Soulvester|Focus Sash
|-damage|p1a: Soulvester|1/100
|
|-weather|RainDance|[upkeep]
|upkeep
|turn|19
|
|t:|1760334355
|switch|p2a: Swampert|Swampert, M|100/100
|-damage|p2a: Swampert|88/100|[from] Spikes
|move|p1a: Soulvester|Shadow Sneak|p2a: Swampert
|-damage|p2a: Swampert|70/100
|-damage|p1a: Soulvester|0 fnt|[from] item: Rocky Helmet|[of] p2a: Swampert
|faint|p1a: Soulvester
|
|-weather|RainDance|[upkeep]
|upkeep
|
|t:|1760334361
|switch|p1a: Tornadus|Tornadus-Therian, M|100/100
|turn|20
|
|t:|1760334366
|move|p1a: Tornadus|Nasty Plot|p1a: Tornadus
|-boost|p1a: Tornadus|spa|2
|move|p2a: Swampert|Waterfall|p1a: Tornadus
|-damage|p1a: Tornadus|36/100
|
|-weather|RainDance|[upkeep]
|upkeep
|turn|21
|
|t:|1760334375
|move|p1a: Tornadus|Bleakwind Storm|p2a: Swampert
|-damage|p2a: Swampert|0 fnt
|faint|p2a: Swampert
|-damage|p1a: Tornadus|27/100|[from] item: Life Orb
|
|-weather|RainDance|[upkeep]
|upkeep
|
|t:|1760334381
|switch|p2a: Lanturn|Lanturn, F|100/100
|-damage|p2a: Lanturn|88/100|[from] Spikes
|turn|22
|inactive|Katze 632 has 120 seconds left.
|
|t:|1760334397
|move|p1a: Tornadus|Bleakwind Storm|p2a: Lanturn
|-resisted|p2a: Lanturn
|-damage|p2a: Lanturn|26/100
|-damage|p1a: Tornadus|17/100|[from] item: Life Orb
|move|p2a: Lanturn|Thunder Wave|p1a: Tornadus
|-status|p1a: Tornadus|par
|
|-weather|none
|-heal|p2a: Lanturn|33/100|[from] item: Leftovers
|upkeep
|turn|23
|
|t:|1760334406
|move|p1a: Tornadus|Bleakwind Storm|p2a: Lanturn
|-resisted|p2a: Lanturn
|-damage|p2a: Lanturn|0 fnt
|faint|p2a: Lanturn
|-damage|p1a: Tornadus|7/100 par|[from] item: Life Orb
|
|upkeep
|
|t:|1760334411
|switch|p2a: Politoed|Politoed, F, tera:Water|31/100
|-damage|p2a: Politoed|19/100|[from] Spikes
|-weather|RainDance|[from] ability: Drizzle|[of] p2a: Politoed
|turn|24
|inactive|Katze 632 has 120 seconds left.
|
|t:|1760334434
|switch|p1a: Weezing|Weezing-Galar, F|100/100
|-ability|p1a: Weezing|Neutralizing Gas
|move|p2a: Politoed|Weather Ball|p1a: Weezing
|-damage|p1a: Weezing|0 fnt
|faint|p1a: Weezing
|-end|p1a: Weezing|ability: Neutralizing Gas
|
|-weather|RainDance|[upkeep]
|upkeep
|
|t:|1760334436
|switch|p1a: Tornadus|Tornadus-Therian, M|40/100 par
|turn|25
|
|t:|1760334445
|switch|p1a: Bassie|Hatterene, F|72/100
|move|p2a: Politoed|Weather Ball|p1a: Bassie
|-damage|p1a: Bassie|0 fnt
|faint|p1a: Bassie
|
|-weather|RainDance|[upkeep]
|upkeep
|
|t:|1760334455
|switch|p1a: Shrimpo|Scizor, F|25/100
|turn|26
|
|t:|1760334458
|move|p1a: Shrimpo|Bullet Punch|p2a: Politoed
|-resisted|p2a: Politoed
|-damage|p2a: Politoed|0 fnt
|faint|p2a: Politoed
|
|-weather|RainDance|[upkeep]
|upkeep
|
|t:|1760334463
|switch|p2a: Feraligatr|Feraligatr, F|100/100
|-damage|p2a: Feraligatr|88/100|[from] Spikes
|turn|27
|
|t:|1760334468
|switch|p1a: Tornadus|Tornadus-Therian, M|73/100 par
|move|p2a: Feraligatr|Liquidation|p1a: Tornadus
|-damage|p1a: Tornadus|0 fnt
|faint|p1a: Tornadus
|
|-weather|RainDance|[upkeep]
|upkeep
|
|t:|1760334478
|switch|p1a: Shrimpo|Scizor, F|25/100
|turn|28
|c|☆Overlorddave|close
|c|☆Overlorddave|gg
|
|t:|1760334487
|move|p2a: Feraligatr|Liquidation|p1a: Shrimpo
|-damage|p1a: Shrimpo|0 fnt
|faint|p1a: Shrimpo
|
|win|Overlorddave
|raw|Katze 632's rating: 1117 &rarr; <strong>1094</strong><br />(-23 for losing)
|raw|Overlorddave's rating: 1143 &rarr; <strong>1166</strong><br />(+23 for winning)
|c|☆Katze 632|Gg
|c|☆Katze 632|So close fr
|c|☆Katze 632|Gl on your next game
|c|☆Overlorddave|u2
|l|☆Katze 632
|player|p1|
|l|☆Overlorddave
|player|p2|
