|j|☆Mesnaj
|j|☆Majeshogalac
|t:|1760458760
|gametype|singles
|player|p1|Mesnaj|shadowtriad|1187
|player|p2|Majeshogalac|roughneck|1239
|gen|9
|tier|[Gen 9] OU
|rated|
|rule|HP Percentage Mod: HP is shown in percentages
|rule|Endless Battle Clause: Forcing endless battles is banned
|rule|Species Clause: Limit one of each Pokémon
|rule|OHKO Clause: OHKO moves are banned
|rule|Evasion Items Clause: Evasion items are banned
|rule|Evasion Moves Clause: Evasion moves are banned
|rule|Evasion Abilities Clause: Evasion abilities are banned
|rule|Sleep Moves Clause: Sleep-inducing moves are banned
|clearpoke
|poke|p1|Bisharp, M|
|poke|p1|Gholdengo|
|poke|p1|Zebstrika, M|
|poke|p1|Araquanid, M|
|poke|p1|Drifblim, M|
|poke|p1|Armarouge, M|
|poke|p2|Dragapult, F|
|poke|p2|Samurott-Hisui, F|
|poke|p2|Moltres|
|poke|p2|Iron Valiant|
|poke|p2|Corviknight, M|
|poke|p2|Iron Moth|
|teampreview
|inactive|Battle timer is ON: inactive players will automatically lose when time's up. (requested by Mesnaj)
|
|t:|1760458771
|teamsize|p1|6
|teamsize|p2|6
|start
|switch|p1a: Fourze-Eletrick|Zebstrika, M|100/100
|switch|p2a: Iron Valiant|Iron Valiant|100/100
|turn|1
|
|t:|1760458780
|move|p2a: Iron Valiant|Moonblast|p1a: Fourze-Eletrick
|-damage|p1a: Fourze-Eletrick|0 fnt
|faint|p1a: Fourze-Eletrick
|
|upkeep
|
|t:|1760458789
|switch|p1a: Demons|Araquanid, M, shiny|100/100
|turn|2
|
|t:|1760458795
|move|p2a: Iron Valiant|Moonblast|p1a: Demons
|-damage|p1a: Demons|64/100
|move|p1a: Demons|Liquidation|p2a: Iron Valiant
|-damage|p2a: Iron Valiant|17/100
|-unboost|p2a: Iron Valiant|def|1
|
|upkeep
|turn|3
|
|t:|1760458824
|-end|p2a: Iron Valiant|Quark Drive|[silent]
|switch|p2a: Corviknight|Corviknight, M|100/100
|-ability|p2a: Corviknight|Pressure
|switch|p1a: Ghost|Drifblim, M|100/100
|
|upkeep
|turn|4
|
|t:|1760458834
|switch|p2a: Samurott|Samurott-Hisui, F|100/100
|move|p1a: Ghost|Curse|p2a: Samurott
|-start|p2a: Samurott|Curse|[of] p1a: Ghost
|-damage|p1a: Ghost|50/100
|
|-damage|p2a: Samurott|76/100|[from] Curse
|upkeep
|turn|5
|
|t:|1760458844
|move|p2a: Samurott|Ceaseless Edge|p1a: Ghost
|-supereffective|p1a: Ghost
|-damage|p1a: Ghost|0 fnt
|-damage|p2a: Samurott|51/100|[from] ability: Aftermath|[of] p1a: Ghost
|-damage|p2a: Samurott|34/100|[from] item: Rocky Helmet|[of] p1a: Ghost
|-sidestart|p1: Mesnaj|Spikes
|faint|p1a: Ghost
|
|-damage|p2a: Samurott|9/100|[from] Curse
|upkeep
|
|t:|1760458855
|switch|p1a: OOO-TAJADOR|Armarouge, M|100/100
|-damage|p1a: OOO-TAJADOR|88/100|[from] Spikes
|turn|6
|
|t:|1760458863
|move|p1a: OOO-TAJADOR|Endure|p1a: OOO-TAJADOR
|-singleturn|p1a: OOO-TAJADOR|move: Endure
|move|p2a: Samurott|Ceaseless Edge|p1a: OOO-TAJADOR
|-supereffective|p1a: OOO-TAJADOR
|-damage|p1a: OOO-TAJADOR|4/100
|-ability|p1a: OOO-TAJADOR|Weak Armor|boost
|-unboost|p1a: OOO-TAJADOR|def|1
|-boost|p1a: OOO-TAJADOR|spe|2
|-enditem|p1a: OOO-TAJADOR|Weakness Policy
|-boost|p1a: OOO-TAJADOR|atk|2|[from] item: Weakness Policy
|-boost|p1a: OOO-TAJADOR|spa|2|[from] item: Weakness Policy
|-sidestart|p1: Mesnaj|Spikes
|
|-damage|p2a: Samurott|0 fnt|[from] Curse
|faint|p2a: Samurott
|upkeep
|
|t:|1760458869
|switch|p2a: Iron Valiant|Iron Valiant|17/100
|turn|7
|
|t:|1760458879
|move|p1a: OOO-TAJADOR|Endure||[still]
|-fail|p1a: OOO-TAJADOR
|move|p2a: Iron Valiant|Vacuum Wave|p1a: OOO-TAJADOR
|-resisted|p1a: OOO-TAJADOR
|-damage|p1a: OOO-TAJADOR|0 fnt
|faint|p1a: OOO-TAJADOR
|
|upkeep
|
|t:|1760458889
|switch|p1a: Hyper-Muteki|Gholdengo|100/100
|-damage|p1a: Hyper-Muteki|84/100|[from] Spikes
|turn|8
|
|t:|1760458893
|-end|p2a: Iron Valiant|Quark Drive|[silent]
|switch|p2a: Moltres|Moltres|100/100
|move|p1a: Hyper-Muteki|Shadow Ball|p2a: Moltres
|-damage|p2a: Moltres|57/100
|
|upkeep
|turn|9
|
|t:|1760458897
|switch|p1a: Demons|Araquanid, M, shiny|64/100
|-damage|p1a: Demons|48/100|[from] Spikes
|move|p2a: Moltres|Overheat|p1a: Demons
|-damage|p1a: Demons|30/100
|-unboost|p2a: Moltres|spa|2
|
|upkeep
|turn|10
|
|t:|1760458900
|move|p2a: Moltres|Hurricane|p1a: Demons|[miss]
|-miss|p2a: Moltres|p1a: Demons
|move|p1a: Demons|Liquidation|p2a: Moltres
|-supereffective|p2a: Moltres
|-damage|p2a: Moltres|0 fnt
|faint|p2a: Moltres
|
|upkeep
|
|t:|1760458910
|switch|p2a: Iron Valiant|Iron Valiant|17/100
|turn|11
|
|t:|1760458916
|move|p2a: Iron Valiant|Moonblast|p1a: Demons
|-damage|p1a: Demons|0 fnt
|faint|p1a: Demons
|
|upkeep
|
|t:|1760458919
|switch|p1a: Hyper-Muteki|Gholdengo|84/100
|-damage|p1a: Hyper-Muteki|68/100|[from] Spikes
|turn|12
|
|t:|1760458923
|-end|p2a: Iron Valiant|Quark Drive|[silent]
|switch|p2a: Corviknight|Corviknight, M|100/100
|-ability|p2a: Corviknight|Pressure
|move|p1a: Hyper-Muteki|Shadow Ball|p2a: Corviknight
|-damage|p2a: Corviknight|67/100
|
|-heal|p2a: Corviknight|73/100|[from] item: Leftovers
|upkeep
|turn|13
|
|t:|1760458927
|switch|p2a: Iron Moth|Iron Moth|100/100
|move|p1a: Hyper-Muteki|Shadow Ball|p2a: Iron Moth
|-damage|p2a: Iron Moth|51/100
|
|upkeep
|turn|14
|
|t:|1760458930
|move|p2a: Iron Moth|Fiery Dance|p1a: Hyper-Muteki
|-supereffective|p1a: Hyper-Muteki
|-damage|p1a: Hyper-Muteki|0 fnt
|faint|p1a: Hyper-Muteki
|
|upkeep
|
|t:|1760458933
|switch|p1a: Faiz-ø|Bisharp, M|100/100
|-damage|p1a: Faiz-ø|84/100|[from] Spikes
|turn|15
|
|t:|1760458936
|move|p2a: Iron Moth|Fiery Dance|p1a: Faiz-ø
|-supereffective|p1a: Faiz-ø
|-damage|p1a: Faiz-ø|5/100
|move|p1a: Faiz-ø|Swords Dance|p1a: Faiz-ø
|-boost|p1a: Faiz-ø|atk|2
|
|upkeep
|turn|16
|
|t:|1760458940
|move|p1a: Faiz-ø|Sucker Punch|p2a: Iron Moth
|-damage|p2a: Iron Moth|0 fnt
|faint|p2a: Iron Moth
|-end|p2a: Iron Moth|Quark Drive|[silent]
|
|upkeep
|
|t:|1760458942
|switch|p2a: Iron Valiant|Iron Valiant|17/100
|turn|17
|
|t:|1760458945
|-terastallize|p1a: Faiz-ø|Flying
|move|p2a: Iron Valiant|Vacuum Wave|p1a: Faiz-ø
|-resisted|p1a: Faiz-ø
|-damage|p1a: Faiz-ø|0 fnt
|faint|p1a: Faiz-ø
|
|win|Majeshogalac
|raw|Mesnaj's rating: 1187 &rarr; <strong>1166</strong><br />(-21 for losing)
|raw|Majeshogalac's rating: 1239 &rarr; <strong>1260</strong><br />(+21 for winning)
|l|☆Mesnaj
|player|p1|
|l|☆Majeshogalac
|player|p2|
