|j|☆Nomanmake
|j|☆Hybbridd
|t:|1760366845
|gametype|singles
|player|p1|Nomanmake|blue-gen1rb|1699
|player|p2|Hybbridd|lucas-gen4pt|1619
|gen|9
|tier|[Gen 9] OU
|rated|
|rule|HP Percentage Mod: HP is shown in percentages
|rule|Endless Battle Clause: Forcing endless battles is banned
|rule|Species Clause: Limit one of each Pokémon
|rule|OHKO Clause: OHKO moves are banned
|rule|Evasion Items Clause: Evasion items are banned
|rule|Evasion Moves Clause: Evasion moves are banned
|rule|Evasion Abilities Clause: Evasion abilities are banned
|rule|Sleep Moves Clause: Sleep-inducing moves are banned
|clearpoke
|poke|p1|Thundurus, M|
|poke|p1|Pincurchin, M|
|poke|p1|Hawlucha, F|
|poke|p1|Raging Bolt|
|poke|p1|Iron Valiant|
|poke|p1|Iron Treads|
|poke|p2|Zamazenta-*|
|poke|p2|Ogerpon-Wellspring, F|
|poke|p2|Slowking-Galar, M|
|poke|p2|Corviknight, F|
|poke|p2|Cinderace, F|
|poke|p2|Raging Bolt|
|teampreview
|
|t:|1760366857
|teamsize|p1|6
|teamsize|p2|6
|start
|switch|p1a: Pincurchin|Pincurchin, M|100/100
|switch|p2a: Cinderace|Cinderace, F|100/100
|-fieldstart|move: Electric Terrain|[from] ability: Electric Surge|[of] p1a: Pincurchin
|turn|1
|
|t:|1760366878
|switch|p1a: Raging Bolt|Raging Bolt|100/100
|move|p2a: Cinderace|U-turn|p1a: Raging Bolt
|-start|p2a: Cinderace|typechange|Bug|[from] ability: Libero
|-damage|p1a: Raging Bolt|69/100
|
|t:|1760366883
|switch|p2a: Raging Bolt|Raging Bolt|100/100|[from] U-turn
|
|upkeep
|turn|2
|
|t:|1760366893
|-end|p1a: Raging Bolt|Protosynthesis|[silent]
|switch|p1a: Iron Treads|Iron Treads|100/100
|-item|p1a: Iron Treads|Air Balloon
|-activate|p1a: Iron Treads|ability: Quark Drive
|-start|p1a: Iron Treads|quarkdrivespe
|move|p2a: Raging Bolt|Draco Meteor|p1a: Iron Treads
|-resisted|p1a: Iron Treads
|-damage|p1a: Iron Treads|58/100
|-unboost|p2a: Raging Bolt|spa|2
|-enditem|p1a: Iron Treads|Air Balloon
|
|upkeep
|turn|3
|
|t:|1760366904
|-end|p1a: Iron Treads|Quark Drive|[silent]
|switch|p1a: Raging Bolt|Raging Bolt|69/100
|-end|p2a: Raging Bolt|Protosynthesis|[silent]
|switch|p2a: Corviknight|Corviknight, F, shiny|100/100
|-ability|p2a: Corviknight|Pressure
|
|upkeep
|turn|4
|
|t:|1760366912
|switch|p2a: Slowking|Slowking-Galar, M, shiny|100/100
|move|p1a: Raging Bolt|Rising Voltage|p2a: Slowking
|-hint|Rising Voltage's BP doubled on grounded target.
|-damage|p2a: Slowking|9/100
|
|upkeep
|turn|5
|
|t:|1760366918
|switch|p2a: Raging Bolt|Raging Bolt|100/100
|move|p1a: Raging Bolt|Rising Voltage|p2a: Raging Bolt
|-hint|Rising Voltage's BP doubled on grounded target.
|-resisted|p2a: Raging Bolt
|-damage|p2a: Raging Bolt|68/100
|
|upkeep
|turn|6
|
|t:|1760366926
|-end|p1a: Raging Bolt|Protosynthesis|[silent]
|switch|p1a: Iron Valiant|Iron Valiant|100/100
|-activate|p1a: Iron Valiant|ability: Quark Drive
|-start|p1a: Iron Valiant|quarkdrivespe
|move|p2a: Raging Bolt|Draco Meteor|p1a: Iron Valiant
|-immune|p1a: Iron Valiant
|
|upkeep
|turn|7
|
|t:|1760366939
|-end|p2a: Raging Bolt|Protosynthesis|[silent]
|switch|p2a: Corviknight|Corviknight, F, shiny|100/100
|-ability|p2a: Corviknight|Pressure
|move|p1a: Iron Valiant|Thunderbolt|p2a: Corviknight
|-supereffective|p2a: Corviknight
|-damage|p2a: Corviknight|5/100
|-damage|p1a: Iron Valiant|91/100|[from] item: Life Orb
|
|upkeep
|turn|8
|
|t:|1760366948
|move|p1a: Iron Valiant|Knock Off|p2a: Corviknight
|-damage|p2a: Corviknight|0 fnt
|-damage|p1a: Iron Valiant|74/100|[from] item: Rocky Helmet|[of] p2a: Corviknight
|-enditem|p2a: Corviknight|Rocky Helmet|[from] move: Knock Off|[of] p1a: Iron Valiant
|faint|p2a: Corviknight
|-damage|p1a: Iron Valiant|65/100|[from] item: Life Orb
|
|-fieldend|move: Electric Terrain
|-end|p1a: Iron Valiant|Quark Drive
|upkeep
|
|t:|1760366952
|switch|p2a: Raging Bolt|Raging Bolt|68/100
|turn|9
|
|t:|1760366957
|-end|p1a: Iron Valiant|Quark Drive|[silent]
|switch|p1a: Iron Treads|Iron Treads|58/100
|move|p2a: Raging Bolt|Volt Switch|p1a: Iron Treads
|-immune|p1a: Iron Treads
|
|upkeep
|turn|10
|
|t:|1760366963
|-end|p2a: Raging Bolt|Protosynthesis|[silent]
|switch|p2a: Cinderace|Cinderace, F|100/100
|-end|p1a: Iron Treads|Quark Drive|[silent]
|switch|p1a: Pincurchin|Pincurchin, M|100/100
|-fieldstart|move: Electric Terrain|[from] ability: Electric Surge|[of] p1a: Pincurchin
|
|upkeep
|turn|11
|
|t:|1760366970
|move|p2a: Cinderace|Pyro Ball|p1a: Pincurchin
|-damage|p1a: Pincurchin|47/100
|move|p1a: Pincurchin|Memento|p2a: Cinderace
|-unboost|p2a: Cinderace|atk|2
|-unboost|p2a: Cinderace|spa|2
|faint|p1a: Pincurchin
|
|upkeep
|
|t:|1760366974
|switch|p1a: Hawlucha|Hawlucha, F|100/100
|-enditem|p1a: Hawlucha|Electric Seed
|-boost|p1a: Hawlucha|def|1|[from] item: Electric Seed
|turn|12
|j| Brucie92
|
|t:|1760366984
|move|p1a: Hawlucha|Swords Dance|p1a: Hawlucha
|-boost|p1a: Hawlucha|atk|2
|move|p2a: Cinderace|U-turn|p1a: Hawlucha
|-start|p2a: Cinderace|typechange|Bug|[from] ability: Libero
|-resisted|p1a: Hawlucha
|-damage|p1a: Hawlucha|97/100
|
|t:|1760366988
|switch|p2a: Zamazenta|Zamazenta|100/100|[from] U-turn
|-ability|p2a: Zamazenta|Dauntless Shield|boost
|-boost|p2a: Zamazenta|def|1
|
|upkeep
|turn|13
|
|t:|1760366992
|-terastallize|p2a: Zamazenta|Fire
|move|p1a: Hawlucha|Swords Dance|p1a: Hawlucha
|-boost|p1a: Hawlucha|atk|2
|move|p2a: Zamazenta|Roar|p1a: Hawlucha
|drag|p1a: Thundurus|Thundurus, M|100/100
|
|upkeep
|turn|14
|
|t:|1760367006
|switch|p2a: Raging Bolt|Raging Bolt|68/100
|move|p1a: Thundurus|U-turn|p2a: Raging Bolt
|-damage|p2a: Raging Bolt|53/100
|
|t:|1760367014
|switch|p1a: Iron Treads|Iron Treads|58/100|[from] U-turn
|-activate|p1a: Iron Treads|ability: Quark Drive
|-start|p1a: Iron Treads|quarkdrivespe
|
|upkeep
|turn|15
|
|t:|1760367031
|-end|p2a: Raging Bolt|Protosynthesis|[silent]
|switch|p2a: Ogerpon|Ogerpon-Wellspring, F|100/100
|move|p1a: Iron Treads|Body Slam|p2a: Ogerpon
|-damage|p2a: Ogerpon|70/100
|
|upkeep
|turn|16
|
|t:|1760367041
|-end|p1a: Iron Treads|Quark Drive|[silent]
|switch|p1a: Hawlucha|Hawlucha, F|97/100
|move|p2a: Ogerpon|Ivy Cudgel|p1a: Hawlucha|[anim] Ivy Cudgel Water
|-damage|p1a: Hawlucha|14/100
|
|upkeep
|turn|17
|
|t:|1760367051
|switch|p2a: Raging Bolt|Raging Bolt|53/100
|move|p1a: Hawlucha|Acrobatics|p2a: Raging Bolt
|-resisted|p2a: Raging Bolt
|-damage|p2a: Raging Bolt|29/100
|
|-fieldend|move: Electric Terrain
|upkeep
|turn|18
|
|t:|1760367061
|-end|p2a: Raging Bolt|Protosynthesis|[silent]
|switch|p2a: Slowking|Slowking-Galar, M, shiny|42/100
|move|p1a: Hawlucha|Encore||[still]
|-fail|p1a: Hawlucha
|
|upkeep
|turn|19
|
|t:|1760367068
|move|p1a: Hawlucha|Acrobatics|p2a: Slowking
|-damage|p2a: Slowking|0 fnt
|faint|p2a: Slowking
|
|upkeep
|
|t:|1760367073
|switch|p2a: Zamazenta|Zamazenta, tera:Fire|100/100
|turn|20
|
|t:|1760367077
|move|p2a: Zamazenta|Iron Defense|p2a: Zamazenta
|-boost|p2a: Zamazenta|def|2
|move|p1a: Hawlucha|Encore|p2a: Zamazenta
|-start|p2a: Zamazenta|Encore
|
|upkeep
|turn|21
|
|t:|1760367083
|switch|p1a: Raging Bolt|Raging Bolt|69/100
|move|p2a: Zamazenta|Iron Defense|p2a: Zamazenta
|-boost|p2a: Zamazenta|def|2
|
|upkeep
|turn|22
|
|t:|1760367089
|switch|p2a: Raging Bolt|Raging Bolt|29/100
|move|p1a: Raging Bolt|Draco Meteor|p2a: Raging Bolt
|-supereffective|p2a: Raging Bolt
|-damage|p2a: Raging Bolt|0 fnt
|-unboost|p1a: Raging Bolt|spa|2
|faint|p2a: Raging Bolt
|-end|p2a: Raging Bolt|Protosynthesis|[silent]
|
|upkeep
|
|t:|1760367092
|switch|p2a: Zamazenta|Zamazenta, tera:Fire|100/100
|turn|23
|
|t:|1760367106
|-end|p1a: Raging Bolt|Protosynthesis|[silent]
|switch|p1a: Hawlucha|Hawlucha, F|14/100
|move|p2a: Zamazenta|Iron Defense|p2a: Zamazenta
|-boost|p2a: Zamazenta|def|2
|
|upkeep
|turn|24
|
|t:|1760367117
|move|p2a: Zamazenta|Body Press|p1a: Hawlucha
|-resisted|p1a: Hawlucha
|-damage|p1a: Hawlucha|0 fnt
|faint|p1a: Hawlucha
|
|upkeep
|
|t:|1760367121
|switch|p1a: Thundurus|Thundurus, M|100/100
|turn|25
|
|t:|1760367144
|move|p1a: Thundurus|Electric Terrain|p1a: Thundurus
|-fieldstart|move: Electric Terrain
|move|p2a: Zamazenta|Body Press|p1a: Thundurus
|-resisted|p1a: Thundurus
|-damage|p1a: Thundurus|60/100
|
|upkeep
|turn|26
|
|t:|1760367151
|move|p2a: Zamazenta|Body Press|p1a: Thundurus
|-resisted|p1a: Thundurus
|-damage|p1a: Thundurus|20/100
|move|p1a: Thundurus|Thunderbolt|p2a: Zamazenta
|-damage|p2a: Zamazenta|68/100
|
|-heal|p2a: Zamazenta|74/100|[from] item: Leftovers
|upkeep
|turn|27
|
|t:|1760367156
|move|p2a: Zamazenta|Body Press|p1a: Thundurus
|-resisted|p1a: Thundurus
|-damage|p1a: Thundurus|0 fnt
|faint|p1a: Thundurus
|
|-heal|p2a: Zamazenta|80/100|[from] item: Leftovers
|upkeep
|
|t:|1760367187
|switch|p1a: Iron Valiant|Iron Valiant|65/100
|-activate|p1a: Iron Valiant|ability: Quark Drive
|-start|p1a: Iron Valiant|quarkdrivespe
|turn|28
|
|t:|1760367205
|move|p1a: Iron Valiant|Thunderbolt|p2a: Zamazenta
|-damage|p2a: Zamazenta|37/100
|-damage|p1a: Iron Valiant|55/100|[from] item: Life Orb
|move|p2a: Zamazenta|Roar|p1a: Iron Valiant
|-end|p1a: Iron Valiant|Quark Drive|[silent]
|drag|p1a: Iron Treads|Iron Treads|58/100
|-activate|p1a: Iron Treads|ability: Quark Drive
|-start|p1a: Iron Treads|quarkdrivespe
|
|-heal|p2a: Zamazenta|43/100|[from] item: Leftovers
|upkeep
|turn|29
|
|t:|1760367218
|-terastallize|p1a: Iron Treads|Ghost
|move|p1a: Iron Treads|Earthquake|p2a: Zamazenta
|-supereffective|p2a: Zamazenta
|-crit|p2a: Zamazenta
|-damage|p2a: Zamazenta|0 fnt
|faint|p2a: Zamazenta
|
|upkeep
|
|t:|1760367234
|switch|p2a: Cinderace|Cinderace, F|100/100
|turn|30
|
|t:|1760367238
|move|p2a: Cinderace|Sucker Punch|p1a: Iron Treads
|-start|p2a: Cinderace|typechange|Dark|[from] ability: Libero
|-supereffective|p1a: Iron Treads
|-damage|p1a: Iron Treads|2/100
|move|p1a: Iron Treads|Earthquake|p2a: Cinderace
|-damage|p2a: Cinderace|42/100
|
|upkeep
|turn|31
|
|t:|1760367246
|-end|p1a: Iron Treads|Quark Drive|[silent]
|switch|p1a: Iron Valiant|Iron Valiant|55/100
|-activate|p1a: Iron Valiant|ability: Quark Drive
|-start|p1a: Iron Valiant|quarkdrivespe
|move|p2a: Cinderace|U-turn|p1a: Iron Valiant
|-resisted|p1a: Iron Valiant
|-damage|p1a: Iron Valiant|48/100
|
|t:|1760367248
|switch|p2a: Ogerpon|Ogerpon-Wellspring, F|70/100|[from] U-turn
|
|upkeep
|turn|32
|
|t:|1760367257
|move|p1a: Iron Valiant|Close Combat|p2a: Ogerpon
|-damage|p2a: Ogerpon|0 fnt
|-unboost|p1a: Iron Valiant|def|1
|-unboost|p1a: Iron Valiant|spd|1
|faint|p2a: Ogerpon
|-damage|p1a: Iron Valiant|38/100|[from] item: Life Orb
|
|-fieldend|move: Electric Terrain
|-end|p1a: Iron Valiant|Quark Drive
|upkeep
|
|t:|1760367259
|switch|p2a: Cinderace|Cinderace, F|42/100
|turn|33
|
|t:|1760367265
|move|p2a: Cinderace|Pyro Ball|p1a: Iron Valiant|[miss]
|-miss|p2a: Cinderace|p1a: Iron Valiant
|move|p1a: Iron Valiant|Close Combat|p2a: Cinderace
|-damage|p2a: Cinderace|0 fnt
|-unboost|p1a: Iron Valiant|def|1
|-unboost|p1a: Iron Valiant|spd|1
|faint|p2a: Cinderace
|-damage|p1a: Iron Valiant|29/100|[from] item: Life Orb
|
|win|Nomanmake
|raw|Nomanmake's rating: 1699 &rarr; <strong>1714</strong><br />(+15 for winning)
|raw|Hybbridd's rating: 1619 &rarr; <strong>1604</strong><br />(-15 for losing)
|l|☆Nomanmake
|player|p1|
|l|☆Hybbridd
|player|p2|
|l| Brucie92
