|j|☆YOHZZI
|j|‽KinglerCookie
|t:|1760449207
|gametype|singles
|player|p1|YOHZZI|teamrocket|1357
|player|p2|KinglerCookie|miku-ground|1429
|gen|9
|tier|[Gen 9] OU
|rated|
|rule|HP Percentage Mod: HP is shown in percentages
|rule|Endless Battle Clause: Forcing endless battles is banned
|rule|Species Clause: Limit one of each Pokémon
|rule|OHKO Clause: OHKO moves are banned
|rule|Evasion Items Clause: Evasion items are banned
|rule|Evasion Moves Clause: Evasion moves are banned
|rule|Evasion Abilities Clause: Evasion abilities are banned
|rule|Sleep Moves Clause: Sleep-inducing moves are banned
|clearpoke
|poke|p1|Pelipper, F|
|poke|p1|Iron Treads|
|poke|p1|Toxicroak, M|
|poke|p1|Corviknight, F|
|poke|p1|Zapdos|
|poke|p1|Barraskewda, M|
|poke|p2|Iron Valiant|
|poke|p2|Great Tusk|
|poke|p2|Ogerpon-Wellspring, F|
|poke|p2|Darkrai|
|poke|p2|Enamorus, F|
|poke|p2|Pecharunt|
|teampreview
|
|t:|1760449222
|teamsize|p1|6
|teamsize|p2|6
|start
|switch|p1a: Pelipper|Pelipper, F|100/100
|switch|p2a: Ogerpon|Ogerpon-Wellspring, F|100/100
|-weather|RainDance|[from] ability: Drizzle|[of] p1a: Pelipper
|turn|1
|
|t:|1760449227
|move|p2a: Ogerpon|Ivy Cudgel|p1a: Pelipper|[anim] Ivy Cudgel Water
|-resisted|p1a: Pelipper
|-damage|p1a: Pelipper|51/100
|move|p1a: Pelipper|Hurricane|p2a: Ogerpon
|-supereffective|p2a: Ogerpon
|-damage|p2a: Ogerpon|10/100
|
|-weather|RainDance|[upkeep]
|upkeep
|turn|2
|
|t:|1760449233
|move|p2a: Ogerpon|Power Whip|p1a: Pelipper
|-damage|p1a: Pelipper|0 fnt
|faint|p1a: Pelipper
|
|-weather|RainDance|[upkeep]
|upkeep
|
|t:|1760449259
|switch|p1a: Zapdos|Zapdos, shiny|100/100
|turn|3
|
|t:|1760449268
|-terastallize|p2a: Ogerpon|Water
|detailschange|p2a: Ogerpon|Ogerpon-Wellspring-Tera, F, tera:Water
|-ability|p2a: Ogerpon|Embody Aspect (Wellspring)|boost
|-boost|p2a: Ogerpon|spd|1
|move|p1a: Zapdos|Hurricane|p2a: Ogerpon
|-damage|p2a: Ogerpon|0 fnt
|faint|p2a: Ogerpon
|detailschange|p2: Ogerpon|Ogerpon-Wellspring, F|[silent]
|
|-weather|RainDance|[upkeep]
|upkeep
|inactive|Battle timer is ON: inactive players will automatically lose when time's up. (requested by YOHZZI)
|
|t:|1760449280
|switch|p2a: Darkrai|Darkrai|100/100
|turn|4
|
|t:|1760449285
|move|p2a: Darkrai|Dark Pulse|p1a: Zapdos
|-damage|p1a: Zapdos|39/100
|-damage|p2a: Darkrai|91/100|[from] item: Life Orb
|move|p1a: Zapdos|Hurricane|p2a: Darkrai
|-damage|p2a: Darkrai|0 fnt
|faint|p2a: Darkrai
|
|-weather|RainDance|[upkeep]
|upkeep
|
|t:|1760449294
|switch|p2a: Enamorus|Enamorus, F|100/100
|turn|5
|
|t:|1760449298
|move|p2a: Enamorus|Moonblast|p1a: Zapdos
|-damage|p1a: Zapdos|0 fnt
|faint|p1a: Zapdos
|
|-weather|RainDance|[upkeep]
|upkeep
|
|t:|1760449301
|switch|p1a: Barraskewda|Barraskewda, M, shiny|100/100
|turn|6
|
|t:|1760449306
|-terastallize|p1a: Barraskewda|Water
|move|p1a: Barraskewda|Liquidation|p2a: Enamorus
|-damage|p2a: Enamorus|0 fnt
|faint|p2a: Enamorus
|
|-weather|RainDance|[upkeep]
|upkeep
|
|t:|1760449311
|switch|p2a: Pecharunt|Pecharunt|100/100
|turn|7
|
|t:|1760449314
|move|p1a: Barraskewda|Liquidation|p2a: Pecharunt
|-damage|p2a: Pecharunt|22/100
|move|p2a: Pecharunt|Malignant Chain|p1a: Barraskewda
|-damage|p1a: Barraskewda|0 fnt
|faint|p1a: Barraskewda
|
|-weather|RainDance|[upkeep]
|-heal|p2a: Pecharunt|28/100|[from] item: Leftovers
|upkeep
|
|t:|1760449324
|switch|p1a: Toxicroak|Toxicroak, M, shiny|100/100
|turn|8
|
|t:|1760449327
|move|p1a: Toxicroak|Knock Off|p2a: Pecharunt
|-supereffective|p2a: Pecharunt
|-damage|p2a: Pecharunt|2/100
|-enditem|p2a: Pecharunt|Leftovers|[from] move: Knock Off|[of] p1a: Toxicroak
|move|p2a: Pecharunt|Parting Shot|p1a: Toxicroak
|-unboost|p1a: Toxicroak|atk|1
|-unboost|p1a: Toxicroak|spa|1
|
|t:|1760449330
|switch|p2a: Iron Valiant|Iron Valiant|100/100|[from] Parting Shot
|-enditem|p2a: Iron Valiant|Booster Energy
|-activate|p2a: Iron Valiant|ability: Quark Drive|[fromitem]
|-start|p2a: Iron Valiant|quarkdrivespe
|
|-weather|none
|upkeep
|turn|9
|
|t:|1760449335
|switch|p1a: Iron Treads|Iron Treads, shiny|100/100
|move|p2a: Iron Valiant|Encore||[still]
|-fail|p2a: Iron Valiant
|
|upkeep
|turn|10
|inactive|YOHZZI has 120 seconds left.
|
|t:|1760449366
|move|p2a: Iron Valiant|Close Combat|p1a: Iron Treads
|-supereffective|p1a: Iron Treads
|-damage|p1a: Iron Treads|3/100
|-unboost|p2a: Iron Valiant|def|1
|-unboost|p2a: Iron Valiant|spd|1
|move|p1a: Iron Treads|Earthquake|p2a: Iron Valiant
|-damage|p2a: Iron Valiant|31/100
|
|-heal|p1a: Iron Treads|9/100|[from] item: Leftovers
|upkeep
|turn|11
|
|t:|1760449373
|move|p2a: Iron Valiant|Knock Off|p1a: Iron Treads
|-damage|p1a: Iron Treads|0 fnt
|-enditem|p1a: Iron Treads|Leftovers|[from] move: Knock Off|[of] p2a: Iron Valiant
|faint|p1a: Iron Treads
|-end|p1a: Iron Treads|Quark Drive|[silent]
|
|upkeep
|
|t:|1760449375
|switch|p1a: Corviknight|Corviknight, F|100/100
|-ability|p1a: Corviknight|Pressure
|turn|12
|
|t:|1760449383
|move|p2a: Iron Valiant|Close Combat|p1a: Corviknight
|-damage|p1a: Corviknight|61/100
|-unboost|p2a: Iron Valiant|def|1
|-unboost|p2a: Iron Valiant|spd|1
|-damage|p2a: Iron Valiant|14/100|[from] item: Rocky Helmet|[of] p1a: Corviknight
|move|p1a: Corviknight|Brave Bird|p2a: Iron Valiant
|-supereffective|p2a: Iron Valiant
|-damage|p2a: Iron Valiant|0 fnt
|faint|p2a: Iron Valiant
|-end|p2a: Iron Valiant|Quark Drive|[silent]
|-damage|p1a: Corviknight|58/100|[from] Recoil
|
|upkeep
|
|t:|1760449388
|switch|p2a: Pecharunt|Pecharunt|2/100
|turn|13
|
|t:|1760449396
|move|p2a: Pecharunt|Recover|p2a: Pecharunt
|-heal|p2a: Pecharunt|52/100
|move|p1a: Corviknight|Roost|p1a: Corviknight
|-heal|p1a: Corviknight|100/100
|-singleturn|p1a: Corviknight|move: Roost
|
|upkeep
|turn|14
|
|t:|1760449401
|move|p2a: Pecharunt|Recover|p2a: Pecharunt
|-heal|p2a: Pecharunt|100/100
|move|p1a: Corviknight|U-turn|p2a: Pecharunt
|-resisted|p2a: Pecharunt
|-damage|p2a: Pecharunt|98/100
|
|t:|1760449404
|switch|p1a: Toxicroak|Toxicroak, M, shiny|100/100|[from] U-turn
|
|upkeep
|turn|15
|
|t:|1760449407
|move|p1a: Toxicroak|Knock Off|p2a: Pecharunt
|-supereffective|p2a: Pecharunt
|-damage|p2a: Pecharunt|77/100
|move|p2a: Pecharunt|Parting Shot|p1a: Toxicroak
|-unboost|p1a: Toxicroak|atk|1
|-unboost|p1a: Toxicroak|spa|1
|
|t:|1760449408
|switch|p2a: Great Tusk|Great Tusk|100/100|[from] Parting Shot
|
|upkeep
|turn|16
|
|t:|1760449414
|move|p2a: Great Tusk|Head Smash|p1a: Toxicroak
|-resisted|p1a: Toxicroak
|-damage|p1a: Toxicroak|75/100
|-damage|p2a: Great Tusk|84/100|[from] item: Rocky Helmet|[of] p1a: Toxicroak
|-damage|p2a: Great Tusk|71/100|[from] Recoil
|move|p1a: Toxicroak|Toxic|p2a: Great Tusk
|-status|p2a: Great Tusk|tox
|
|-damage|p2a: Great Tusk|65/100 tox|[from] psn
|upkeep
|turn|17
|
|t:|1760449422
|-end|p2a: Great Tusk|Protosynthesis|[silent]
|switch|p2a: Pecharunt|Pecharunt|77/100
|switch|p1a: Corviknight|Corviknight, F|100/100
|-ability|p1a: Corviknight|Pressure
|
|upkeep
|turn|18
|
|t:|1760449433
|move|p2a: Pecharunt|Hex|p1a: Corviknight
|-damage|p1a: Corviknight|73/100
|move|p1a: Corviknight|Brave Bird|p2a: Pecharunt
|-damage|p2a: Pecharunt|57/100
|-damage|p1a: Corviknight|66/100|[from] Recoil
|
|upkeep
|turn|19
|
|t:|1760449453
|move|p2a: Pecharunt|Hex|p1a: Corviknight
|-damage|p1a: Corviknight|39/100
|move|p1a: Corviknight|Brave Bird|p2a: Pecharunt
|-damage|p2a: Pecharunt|34/100
|-damage|p1a: Corviknight|32/100|[from] Recoil
|
|upkeep
|turn|20
|
|t:|1760449466
|move|p2a: Pecharunt|Hex|p1a: Corviknight
|-damage|p1a: Corviknight|3/100
|move|p1a: Corviknight|Roost|p1a: Corviknight
|-heal|p1a: Corviknight|53/100
|-singleturn|p1a: Corviknight|move: Roost
|
|upkeep
|turn|21
|
|t:|1760449471
|move|p2a: Pecharunt|Hex|p1a: Corviknight
|-damage|p1a: Corviknight|27/100
|move|p1a: Corviknight|U-turn|p2a: Pecharunt
|-resisted|p2a: Pecharunt
|-damage|p2a: Pecharunt|32/100
|
|t:|1760449474
|switch|p1a: Toxicroak|Toxicroak, M, shiny|75/100|[from] U-turn
|
|upkeep
|turn|22
|
|t:|1760449476
|move|p1a: Toxicroak|Knock Off|p2a: Pecharunt
|-supereffective|p2a: Pecharunt
|-damage|p2a: Pecharunt|14/100
|move|p2a: Pecharunt|Recover|p2a: Pecharunt
|-heal|p2a: Pecharunt|64/100
|
|upkeep
|turn|23
|
|t:|1760449480
|move|p1a: Toxicroak|Encore|p2a: Pecharunt
|-start|p2a: Pecharunt|Encore
|move|p2a: Pecharunt|Recover|p2a: Pecharunt
|-heal|p2a: Pecharunt|100/100
|
|upkeep
|turn|24
|
|t:|1760449487
|switch|p2a: Great Tusk|Great Tusk|65/100 tox
|move|p1a: Toxicroak|Knock Off|p2a: Great Tusk
|-resisted|p2a: Great Tusk
|-damage|p2a: Great Tusk|57/100 tox
|-enditem|p2a: Great Tusk|Heavy-Duty Boots|[from] move: Knock Off|[of] p1a: Toxicroak
|
|-damage|p2a: Great Tusk|51/100 tox|[from] psn
|upkeep
|turn|25
|
|t:|1760449495
|switch|p1a: Corviknight|Corviknight, F|27/100
|-ability|p1a: Corviknight|Pressure
|move|p2a: Great Tusk|Head Smash|p1a: Corviknight
|-damage|p1a: Corviknight|0 fnt
|-damage|p2a: Great Tusk|35/100 tox|[from] item: Rocky Helmet|[of] p1a: Corviknight
|faint|p1a: Corviknight
|-damage|p2a: Great Tusk|20/100 tox|[from] Recoil
|
|-damage|p2a: Great Tusk|8/100 tox|[from] psn
|upkeep
|
|t:|1760449499
|switch|p1a: Toxicroak|Toxicroak, M, shiny|75/100
|turn|26
|
|t:|1760449504
|move|p2a: Great Tusk|Earthquake|p1a: Toxicroak
|-supereffective|p1a: Toxicroak
|-damage|p1a: Toxicroak|0 fnt
|faint|p1a: Toxicroak
|
|win|KinglerCookie
|raw|YOHZZI's rating: 1357 &rarr; <strong>1341</strong><br />(-16 for losing)
|raw|KinglerCookie's rating: 1429 &rarr; <strong>1445</strong><br />(+16 for winning)
