|j|☆PokemonGT7
|j|☆kiniii
|inactive|Battle timer is ON: inactive players will automatically lose when time's up.
|t:|1760365604
|gametype|singles
|player|p1|PokemonGT7|willow-casual|
|player|p2|kiniii|brycenman|
|gen|9
|tier|[Gen 9] OU
|rated|Tournament battle
|rule|HP Percentage Mod: HP is shown in percentages
|rule|Endless Battle Clause: Forcing endless battles is banned
|rule|Species Clause: Limit one of each Pokémon
|rule|OHKO Clause: OHKO moves are banned
|rule|Evasion Items Clause: Evasion items are banned
|rule|Evasion Moves Clause: Evasion moves are banned
|rule|Evasion Abilities Clause: Evasion abilities are banned
|rule|Sleep Moves Clause: Sleep-inducing moves are banned
|raw|<div class="infobox"><details class="readmore" open><summary><strong>3 custom rules:</strong></summary> -blissey, -wailord, -wobbuffet</details></div>
|clearpoke
|poke|p1|Toxtricity, M|
|poke|p1|Whimsicott, F|
|poke|p1|Breloom, M|
|poke|p1|Houndoom, M|
|poke|p1|Skarmory, M|
|poke|p1|Charizard, M|
|poke|p2|Toxtricity, M|
|poke|p2|Whimsicott, F|
|poke|p2|Breloom, M|
|poke|p2|Houndoom, M|
|poke|p2|Skarmory, M|
|poke|p2|Charizard, F|
|teampreview
|j|*Lady Monita ☀
|c|☆PokemonGT7|glhf
|
|t:|1760365608
|teamsize|p1|6
|teamsize|p2|6
|start
|switch|p1a: Skarmory|Skarmory, M|100/100
|switch|p2a: Breloom|Breloom, M|100/100
|turn|1
|
|t:|1760365613
|move|p2a: Breloom|Bulk Up|p2a: Breloom
|-boost|p2a: Breloom|atk|1
|-boost|p2a: Breloom|def|1
|move|p1a: Skarmory|Stealth Rock|p2a: Breloom
|-sidestart|p2: kiniii|move: Stealth Rock
|
|upkeep
|turn|2
|
|t:|1760365620
|move|p2a: Breloom|Body Slam|p1a: Skarmory
|-resisted|p1a: Skarmory
|-damage|p1a: Skarmory|85/100
|move|p1a: Skarmory|Roar|p2a: Breloom
|drag|p2a: Whimsicott|Whimsicott, F|100/100
|-damage|p2a: Whimsicott|88/100|[from] Stealth Rock
|
|upkeep
|turn|3
|
|t:|1760365630
|move|p2a: Whimsicott|Energy Ball|p1a: Skarmory
|-resisted|p1a: Skarmory
|-damage|p1a: Skarmory|80/100
|move|p1a: Skarmory|Brave Bird|p2a: Whimsicott
|-supereffective|p2a: Whimsicott
|-damage|p2a: Whimsicott|0 fnt
|faint|p2a: Whimsicott
|-damage|p1a: Skarmory|56/100|[from] Recoil
|
|upkeep
|
|t:|1760365640
|switch|p2a: Charizard|Charizard, F|100/100
|-damage|p2a: Charizard|51/100|[from] Stealth Rock
|turn|4
|
|t:|1760365661
|switch|p1a: Houndoom|Houndoom, M|100/100
|move|p2a: Charizard|Ancient Power|p1a: Houndoom
|-supereffective|p1a: Houndoom
|-damage|p1a: Houndoom|55/100
|
|upkeep
|turn|5
|
|t:|1760365669
|move|p1a: Houndoom|Dark Pulse|p2a: Charizard
|-damage|p2a: Charizard|6/100
|-damage|p1a: Houndoom|45/100|[from] item: Life Orb
|move|p2a: Charizard|Ancient Power|p1a: Houndoom
|-supereffective|p1a: Houndoom
|-damage|p1a: Houndoom|5/100
|
|upkeep
|turn|6
|
|t:|1760365676
|move|p1a: Houndoom|Dark Pulse|p2a: Charizard
|-damage|p2a: Charizard|0 fnt
|faint|p2a: Charizard
|-damage|p1a: Houndoom|0 fnt|[from] item: Life Orb
|faint|p1a: Houndoom
|
|upkeep
|
|t:|1760365683
|switch|p1a: Skarmory|Skarmory, M|56/100
|switch|p2a: Toxtricity|Toxtricity, M|100/100
|-damage|p2a: Toxtricity|88/100|[from] Stealth Rock
|turn|7
|
|t:|1760365689
|move|p2a: Toxtricity|Discharge|p1a: Skarmory
|-supereffective|p1a: Skarmory
|-damage|p1a: Skarmory|2/100
|-status|p1a: Skarmory|par
|-enditem|p1a: Skarmory|Sitrus Berry|[eat]
|-heal|p1a: Skarmory|27/100 par|[from] item: Sitrus Berry
|move|p1a: Skarmory|Roar|p2a: Toxtricity
|drag|p2a: Skarmory|Skarmory, M|100/100
|-damage|p2a: Skarmory|88/100|[from] Stealth Rock
|
|upkeep
|turn|8
|
|t:|1760365702
|move|p2a: Skarmory|Hurricane|p1a: Skarmory
|-resisted|p1a: Skarmory
|-damage|p1a: Skarmory|15/100 par
|-start|p1a: Skarmory|confusion
|-activate|p1a: Skarmory|confusion
|move|p1a: Skarmory|Roost|p1a: Skarmory
|-heal|p1a: Skarmory|65/100 par
|-singleturn|p1a: Skarmory|move: Roost
|
|upkeep
|turn|9
|
|t:|1760365711
|move|p2a: Skarmory|Rock Slide|p1a: Skarmory
|-damage|p1a: Skarmory|53/100 par
|-activate|p1a: Skarmory|confusion
|move|p1a: Skarmory|Roost|p1a: Skarmory
|-heal|p1a: Skarmory|100/100 par
|-singleturn|p1a: Skarmory|move: Roost
|
|upkeep
|turn|10
|
|t:|1760365719
|move|p2a: Skarmory|Body Press|p1a: Skarmory
|-damage|p1a: Skarmory|80/100 par
|-activate|p1a: Skarmory|confusion
|move|p1a: Skarmory|Roar|p2a: Skarmory
|drag|p2a: Houndoom|Houndoom, M|100/100
|-damage|p2a: Houndoom|76/100|[from] Stealth Rock
|
|upkeep
|turn|11
|
|t:|1760365726
|move|p2a: Houndoom|Heat Wave|p1a: Skarmory|[miss]
|-miss|p2a: Houndoom|p1a: Skarmory
|-activate|p1a: Skarmory|confusion
|-damage|p1a: Skarmory|75/100 par|[from] confusion
|
|upkeep
|turn|12
|
|t:|1760365742
|-terastallize|p1a: Skarmory|Dragon
|move|p2a: Houndoom|Heat Wave|p1a: Skarmory
|-resisted|p1a: Skarmory
|-damage|p1a: Skarmory|59/100 par
|-end|p1a: Skarmory|confusion
|move|p1a: Skarmory|Brave Bird|p2a: Houndoom
|-damage|p2a: Houndoom|30/100
|-damage|p1a: Skarmory|45/100 par|[from] Recoil
|
|upkeep
|turn|13
|
|t:|1760365753
|move|p2a: Houndoom|Destiny Bond|p2a: Houndoom
|-singlemove|p2a: Houndoom|Destiny Bond
|cant|p1a: Skarmory|par
|
|upkeep
|turn|14
|
|t:|1760365758
|move|p2a: Houndoom|Destiny Bond||[still]
|-fail|p2a: Houndoom
|move|p1a: Skarmory|Roost|p1a: Skarmory
|-heal|p1a: Skarmory|95/100 par
|
|upkeep
|turn|15
|
|t:|1760365763
|move|p2a: Houndoom|Destiny Bond|p2a: Houndoom
|-singlemove|p2a: Houndoom|Destiny Bond
|move|p1a: Skarmory|Roar|p2a: Houndoom
|drag|p2a: Breloom|Breloom, M|100/100
|
|upkeep
|turn|16
|
|t:|1760365772
|move|p2a: Breloom|Drain Punch|p1a: Skarmory
|-damage|p1a: Skarmory|66/100 par
|move|p1a: Skarmory|Brave Bird|p2a: Breloom
|-supereffective|p2a: Breloom
|-damage|p2a: Breloom|0 fnt
|faint|p2a: Breloom
|-damage|p1a: Skarmory|38/100 par|[from] Recoil
|
|upkeep
|
|t:|1760365781
|switch|p2a: Houndoom|Houndoom, M|30/100
|-damage|p2a: Houndoom|5/100|[from] Stealth Rock
|turn|17
|
|t:|1760365786
|move|p2a: Houndoom|Destiny Bond|p2a: Houndoom
|-singlemove|p2a: Houndoom|Destiny Bond
|move|p1a: Skarmory|Roost|p1a: Skarmory
|-heal|p1a: Skarmory|88/100 par
|
|upkeep
|turn|18
|
|t:|1760365791
|move|p2a: Houndoom|Heat Wave|p1a: Skarmory
|-resisted|p1a: Skarmory
|-damage|p1a: Skarmory|71/100 par
|move|p1a: Skarmory|Brave Bird|p2a: Houndoom
|-damage|p2a: Houndoom|0 fnt
|faint|p2a: Houndoom
|-damage|p1a: Skarmory|70/100 par|[from] Recoil
|
|upkeep
|
|t:|1760365800
|switch|p2a: Toxtricity|Toxtricity, M|88/100
|-damage|p2a: Toxtricity|76/100|[from] Stealth Rock
|turn|19
|c|☆PokemonGT7|gg
|
|t:|1760365806
|move|p2a: Toxtricity|Discharge|p1a: Skarmory
|-resisted|p1a: Skarmory
|-damage|p1a: Skarmory|56/100 par
|move|p1a: Skarmory|Roar|p2a: Toxtricity
|drag|p2a: Skarmory|Skarmory, M|88/100
|-damage|p2a: Skarmory|76/100|[from] Stealth Rock
|
|upkeep
|turn|20
|
|t:|1760365814
|move|p2a: Skarmory|Body Press|p1a: Skarmory
|-damage|p1a: Skarmory|35/100 par
|move|p1a: Skarmory|Roar|p2a: Skarmory
|drag|p2a: Toxtricity|Toxtricity, M|76/100
|-damage|p2a: Toxtricity|63/100|[from] Stealth Rock
|
|upkeep
|turn|21
|-message|kiniii forfeited.
|
|win|PokemonGT7
|n|☆PokemonGT7|pokemongt7
|n|☆kiniii|kiniii
|n|*Lady Monita ☀|ladymonita
