|j|☆aboda
|j|☆spinbuster
|t:|1760433909
|gametype|singles
|player|p1|aboda|pokemonranger-gen4|1131
|player|p2|spinbuster|170|1074
|gen|9
|tier|[Gen 9] OU
|rated|
|rule|HP Percentage Mod: HP is shown in percentages
|rule|Endless Battle Clause: Forcing endless battles is banned
|rule|Species Clause: Limit one of each Pokémon
|rule|OHKO Clause: OHKO moves are banned
|rule|Evasion Items Clause: Evasion items are banned
|rule|Evasion Moves Clause: Evasion moves are banned
|rule|Evasion Abilities Clause: Evasion abilities are banned
|rule|Sleep Moves Clause: Sleep-inducing moves are banned
|clearpoke
|poke|p1|Charizard, F|
|poke|p1|Torkoal, F|
|poke|p1|Venusaur, F|
|poke|p1|Corviknight, M|
|poke|p1|Florges, F|
|poke|p1|Great Tusk|
|poke|p2|Umbreon, F|
|poke|p2|Glimmora, F|
|poke|p2|Iron Moth|
|poke|p2|Gholdengo|
|poke|p2|Dragonite, M|
|poke|p2|Garchomp, F|
|teampreview
|inactive|Battle timer is ON: inactive players will automatically lose when time's up. (requested by aboda)
|
|t:|1760433916
|teamsize|p1|6
|teamsize|p2|6
|start
|switch|p1a: Torkoal|Torkoal, F|100/100
|switch|p2a: Julia Jacklin|Glimmora, F|100/100
|-weather|SunnyDay|[from] ability: Drought|[of] p1a: Torkoal
|turn|1
|
|t:|1760433924
|move|p2a: Julia Jacklin|Mortal Spin|p1a: Torkoal
|-damage|p1a: Torkoal|96/100
|-status|p1a: Torkoal|psn
|-enditem|p1a: Torkoal|Eject Button
|
|t:|1760433926
|switch|p1a: Venusaur|Venusaur, F|100/100
|
|-weather|SunnyDay|[upkeep]
|upkeep
|turn|2
|
|t:|1760433934
|move|p1a: Venusaur|Earth Power|p2a: Julia Jacklin
|-supereffective|p2a: Julia Jacklin
|-enditem|p2a: Julia Jacklin|Focus Sash
|-damage|p2a: Julia Jacklin|1/100
|-damage|p1a: Venusaur|91/100|[from] item: Life Orb
|move|p2a: Julia Jacklin|Earth Power|p1a: Venusaur
|-damage|p1a: Venusaur|53/100
|-unboost|p1a: Venusaur|spd|1
|
|-weather|SunnyDay|[upkeep]
|upkeep
|turn|3
|
|t:|1760433949
|switch|p2a: Alvvays|Umbreon, F|100/100
|move|p1a: Venusaur|Energy Ball|p2a: Alvvays
|-crit|p2a: Alvvays
|-damage|p2a: Alvvays|56/100
|-damage|p1a: Venusaur|43/100|[from] item: Life Orb
|
|-weather|SunnyDay|[upkeep]
|-heal|p2a: Alvvays|62/100|[from] item: Leftovers
|upkeep
|turn|4
|
|t:|1760433958
|switch|p1a: Corviknight|Corviknight, M|100/100
|-ability|p1a: Corviknight|Pressure
|move|p2a: Alvvays|Protect||[still]
|-fail|p2a: Alvvays
|
|-weather|SunnyDay|[upkeep]
|-heal|p2a: Alvvays|68/100|[from] item: Leftovers
|upkeep
|turn|5
|
|t:|1760433967
|move|p1a: Corviknight|Dual Wingbeat|p2a: Alvvays
|-damage|p2a: Alvvays|57/100
|-damage|p2a: Alvvays|48/100
|-hitcount|p2a: Alvvays|2
|move|p2a: Alvvays|Wish|p2a: Alvvays
|
|-weather|none
|-heal|p2a: Alvvays|54/100|[from] item: Leftovers
|upkeep
|turn|6
|
|t:|1760433976
|switch|p1a: Florges|Florges, F|100/100
|move|p2a: Alvvays|Foul Play|p1a: Florges
|-resisted|p1a: Florges
|-damage|p1a: Florges|89/100
|
|-heal|p2a: Alvvays|100/100|[from] move: Wish|[wisher] Alvvays
|-heal|p1a: Florges|95/100|[from] item: Leftovers
|upkeep
|turn|7
|
|t:|1760434005
|switch|p2a: Smino|Gholdengo|100/100
|move|p1a: Florges|Moonblast|p2a: Smino
|-resisted|p2a: Smino
|-damage|p2a: Smino|80/100
|
|-heal|p1a: Florges|100/100|[from] item: Leftovers
|upkeep
|turn|8
|
|t:|1760434020
|switch|p1a: Charizard|Charizard, F|100/100
|move|p2a: Smino|Shadow Ball|p1a: Charizard
|-damage|p1a: Charizard|41/100
|
|upkeep
|turn|9
|
|t:|1760434026
|move|p2a: Smino|Shadow Ball|p1a: Charizard
|-damage|p1a: Charizard|0 fnt
|faint|p1a: Charizard
|
|upkeep
|
|t:|1760434031
|switch|p1a: Torkoal|Torkoal, F|96/100 psn
|-weather|SunnyDay|[from] ability: Drought|[of] p1a: Torkoal
|turn|10
|
|t:|1760434038
|move|p2a: Smino|Shadow Ball|p1a: Torkoal
|-damage|p1a: Torkoal|61/100 psn
|move|p1a: Torkoal|Lava Plume|p2a: Smino
|-supereffective|p2a: Smino
|-damage|p2a: Smino|0 fnt
|faint|p2a: Smino
|
|-weather|SunnyDay|[upkeep]
|-damage|p1a: Torkoal|48/100 psn|[from] psn
|upkeep
|
|t:|1760434049
|switch|p2a: Rat Tally|Garchomp, F|100/100
|turn|11
|
|t:|1760434062
|move|p2a: Rat Tally|Swords Dance|p2a: Rat Tally
|-boost|p2a: Rat Tally|atk|2
|move|p1a: Torkoal|Stealth Rock|p2a: Rat Tally
|-sidestart|p2: spinbuster|move: Stealth Rock
|
|-weather|SunnyDay|[upkeep]
|-damage|p1a: Torkoal|36/100 psn|[from] psn
|upkeep
|turn|12
|
|t:|1760434070
|move|p2a: Rat Tally|Scale Shot|p1a: Torkoal
|-damage|p1a: Torkoal|17/100 psn
|-damage|p1a: Torkoal|0 fnt
|faint|p1a: Torkoal
|-hitcount|p1: Torkoal|2
|-unboost|p2a: Rat Tally|def|1
|-boost|p2a: Rat Tally|spe|1
|
|-weather|SunnyDay|[upkeep]
|upkeep
|
|t:|1760434074
|switch|p1a: Great Tusk|Great Tusk|100/100
|-activate|p1a: Great Tusk|ability: Protosynthesis
|-start|p1a: Great Tusk|protosynthesisatk
|turn|13
|
|t:|1760434085
|move|p2a: Rat Tally|Scale Shot|p1a: Great Tusk
|-damage|p1a: Great Tusk|86/100
|-damage|p1a: Great Tusk|71/100
|-damage|p1a: Great Tusk|56/100
|-hitcount|p1a: Great Tusk|3
|-unboost|p2a: Rat Tally|def|1
|-boost|p2a: Rat Tally|spe|1
|move|p1a: Great Tusk|Ice Spinner|p2a: Rat Tally
|-supereffective|p2a: Rat Tally
|-crit|p2a: Rat Tally
|-damage|p2a: Rat Tally|0 fnt
|-damage|p1a: Great Tusk|44/100|[from] ability: Rough Skin|[of] p2a: Rat Tally
|faint|p2a: Rat Tally
|
|-weather|SunnyDay|[upkeep]
|-heal|p1a: Great Tusk|50/100|[from] item: Leftovers
|upkeep
|
|t:|1760434103
|switch|p2a: Alvvays|Umbreon, F|100/100
|-damage|p2a: Alvvays|88/100|[from] Stealth Rock
|turn|14
|
|t:|1760434107
|move|p2a: Alvvays|Protect|p2a: Alvvays
|-singleturn|p2a: Alvvays|Protect
|move|p1a: Great Tusk|Close Combat|p2a: Alvvays
|-activate|p2a: Alvvays|move: Protect
|
|-weather|none
|-end|p1a: Great Tusk|Protosynthesis
|-heal|p1a: Great Tusk|56/100|[from] item: Leftovers
|-heal|p2a: Alvvays|94/100|[from] item: Leftovers
|upkeep
|turn|15
|
|t:|1760434118
|switch|p2a: Julia Jacklin|Glimmora, F|1/100
|-damage|p2a: Julia Jacklin|0 fnt|[from] Stealth Rock
|faint|p2a: Julia Jacklin
|move|p1a: Great Tusk|Close Combat|p2: Julia Jacklin|[notarget]
|-fail|p1a: Great Tusk
|
|-heal|p1a: Great Tusk|62/100|[from] item: Leftovers
|upkeep
|
|t:|1760434128
|switch|p2a: Elucid|Dragonite, M|100/100
|turn|16
|
|t:|1760434135
|move|p2a: Elucid|Ice Spinner|p1a: Great Tusk
|-supereffective|p1a: Great Tusk
|-damage|p1a: Great Tusk|21/100
|move|p1a: Great Tusk|Ice Spinner|p2a: Elucid
|-supereffective|p2a: Elucid
|-damage|p2a: Elucid|36/100
|
|-heal|p1a: Great Tusk|27/100|[from] item: Leftovers
|upkeep
|turn|17
|
|t:|1760434142
|-end|p1a: Great Tusk|Protosynthesis|[silent]
|switch|p1a: Corviknight|Corviknight, M|100/100
|-ability|p1a: Corviknight|Pressure
|move|p2a: Elucid|Ice Spinner|p1a: Corviknight
|-damage|p1a: Corviknight|82/100
|-damage|p2a: Elucid|20/100|[from] item: Rocky Helmet|[of] p1a: Corviknight
|
|upkeep
|turn|18
|
|t:|1760434155
|switch|p2a: Carly Rae|Iron Moth|100/100
|-damage|p2a: Carly Rae|76/100|[from] Stealth Rock
|-enditem|p2a: Carly Rae|Booster Energy
|-activate|p2a: Carly Rae|ability: Quark Drive|[fromitem]
|-start|p2a: Carly Rae|quarkdrivespe
|move|p1a: Corviknight|Iron Head|p2a: Carly Rae
|-resisted|p2a: Carly Rae
|-damage|p2a: Carly Rae|57/100
|
|upkeep
|turn|19
|
|t:|1760434165
|switch|p1a: Venusaur|Venusaur, F|43/100
|move|p2a: Carly Rae|Fiery Dance|p1a: Venusaur
|-supereffective|p1a: Venusaur
|-crit|p1a: Venusaur
|-damage|p1a: Venusaur|0 fnt
|faint|p1a: Venusaur
|
|upkeep
|
|t:|1760434174
|switch|p1a: Florges|Florges, F|100/100
|turn|20
|
|t:|1760434180
|move|p2a: Carly Rae|Morning Sun|p2a: Carly Rae
|-heal|p2a: Carly Rae|100/100
|move|p1a: Florges|Psychic Noise|p2a: Carly Rae
|-supereffective|p2a: Carly Rae
|-damage|p2a: Carly Rae|60/100
|-start|p2a: Carly Rae|move: Heal Block
|
|upkeep
|turn|21
|
|t:|1760434190
|move|p2a: Carly Rae|Fiery Dance|p1a: Florges
|-damage|p1a: Florges|80/100
|-boost|p2a: Carly Rae|spa|1
|move|p1a: Florges|Psychic Noise|p2a: Carly Rae
|-supereffective|p2a: Carly Rae
|-damage|p2a: Carly Rae|17/100
|
|-heal|p1a: Florges|86/100|[from] item: Leftovers
|-end|p2a: Carly Rae|move: Heal Block
|upkeep
|turn|22
|
|t:|1760434200
|move|p2a: Carly Rae|Morning Sun|p2a: Carly Rae
|-heal|p2a: Carly Rae|67/100
|move|p1a: Florges|Psychic Noise|p2a: Carly Rae
|-supereffective|p2a: Carly Rae
|-damage|p2a: Carly Rae|25/100
|-start|p2a: Carly Rae|move: Heal Block
|
|-heal|p1a: Florges|92/100|[from] item: Leftovers
|upkeep
|turn|23
|
|t:|1760434216
|move|p2a: Carly Rae|Discharge|p1a: Florges
|-damage|p1a: Florges|72/100
|-status|p1a: Florges|par
|move|p1a: Florges|Psychic Noise|p2a: Carly Rae
|-supereffective|p2a: Carly Rae
|-damage|p2a: Carly Rae|0 fnt
|faint|p2a: Carly Rae
|-end|p2a: Carly Rae|Quark Drive|[silent]
|
|-heal|p1a: Florges|78/100 par|[from] item: Leftovers
|upkeep
|
|t:|1760434228
|switch|p2a: Alvvays|Umbreon, F|94/100
|-damage|p2a: Alvvays|82/100|[from] Stealth Rock
|turn|24
|
|t:|1760434238
|move|p2a: Alvvays|Foul Play|p1a: Florges
|-resisted|p1a: Florges
|-damage|p1a: Florges|67/100 par
|move|p1a: Florges|Moonblast|p2a: Alvvays
|-supereffective|p2a: Alvvays
|-damage|p2a: Alvvays|40/100
|-unboost|p2a: Alvvays|spa|1
|
|-heal|p2a: Alvvays|47/100|[from] item: Leftovers
|-heal|p1a: Florges|74/100 par|[from] item: Leftovers
|upkeep
|turn|25
|
|t:|1760434250
|-terastallize|p2a: Alvvays|Water
|move|p2a: Alvvays|Protect|p2a: Alvvays
|-singleturn|p2a: Alvvays|Protect
|cant|p1a: Florges|par
|
|-heal|p2a: Alvvays|53/100|[from] item: Leftovers
|-heal|p1a: Florges|80/100 par|[from] item: Leftovers
|upkeep
|turn|26
|
|t:|1760434257
|move|p2a: Alvvays|Wish|p2a: Alvvays
|move|p1a: Florges|Moonblast|p2a: Alvvays
|-damage|p2a: Alvvays|33/100
|
|-heal|p2a: Alvvays|39/100|[from] item: Leftovers
|-heal|p1a: Florges|86/100 par|[from] item: Leftovers
|upkeep
|turn|27
|
|t:|1760434267
|move|p2a: Alvvays|Protect|p2a: Alvvays
|-singleturn|p2a: Alvvays|Protect
|cant|p1a: Florges|par
|
|-heal|p2a: Alvvays|89/100|[from] move: Wish|[wisher] Alvvays
|-heal|p2a: Alvvays|95/100|[from] item: Leftovers
|-heal|p1a: Florges|92/100 par|[from] item: Leftovers
|upkeep
|turn|28
|
|t:|1760434275
|move|p2a: Alvvays|Wish|p2a: Alvvays
|move|p1a: Florges|Psychic Noise|p2a: Alvvays
|-damage|p2a: Alvvays|85/100
|-start|p2a: Alvvays|move: Heal Block
|
|-heal|p1a: Florges|98/100 par|[from] item: Leftovers
|upkeep
|turn|29
|
|t:|1760434283
|switch|p2a: Elucid|Dragonite, M|20/100
|cant|p1a: Florges|par
|
|-heal|p2a: Elucid|80/100|[from] move: Wish|[wisher] Alvvays
|-heal|p1a: Florges|100/100 par|[from] item: Leftovers
|upkeep
|turn|30
|
|t:|1760434293
|switch|p2a: Alvvays|Umbreon, F, tera:Water|85/100
|-damage|p2a: Alvvays|73/100|[from] Stealth Rock
|switch|p1a: Corviknight|Corviknight, M|82/100
|-ability|p1a: Corviknight|Pressure
|
|-heal|p2a: Alvvays|79/100|[from] item: Leftovers
|upkeep
|turn|31
|
|t:|1760434303
|move|p1a: Corviknight|Iron Head|p2a: Alvvays
|-resisted|p2a: Alvvays
|-damage|p2a: Alvvays|69/100
|move|p2a: Alvvays|Thunder Wave|p1a: Corviknight
|-status|p1a: Corviknight|par
|
|-heal|p2a: Alvvays|75/100|[from] item: Leftovers
|upkeep
|turn|32
|
|t:|1760434310
|switch|p1a: Great Tusk|Great Tusk|27/100
|move|p2a: Alvvays|Foul Play|p1a: Great Tusk
|-resisted|p1a: Great Tusk
|-damage|p1a: Great Tusk|11/100
|
|-heal|p1a: Great Tusk|17/100|[from] item: Leftovers
|-heal|p2a: Alvvays|81/100|[from] item: Leftovers
|upkeep
|turn|33
|
|t:|1760434317
|move|p1a: Great Tusk|Ice Spinner|p2a: Alvvays
|-resisted|p2a: Alvvays
|-damage|p2a: Alvvays|69/100
|move|p2a: Alvvays|Foul Play|p1a: Great Tusk
|-resisted|p1a: Great Tusk
|-crit|p1a: Great Tusk
|-damage|p1a: Great Tusk|0 fnt
|faint|p1a: Great Tusk
|-end|p1a: Great Tusk|Protosynthesis|[silent]
|
|-heal|p2a: Alvvays|75/100|[from] item: Leftovers
|upkeep
|
|t:|1760434322
|switch|p1a: Florges|Florges, F|100/100 par
|turn|34
|
|t:|1760434327
|move|p2a: Alvvays|Foul Play|p1a: Florges
|-resisted|p1a: Florges
|-damage|p1a: Florges|90/100 par
|move|p1a: Florges|Psychic Noise|p2a: Alvvays
|-damage|p2a: Alvvays|65/100
|-start|p2a: Alvvays|move: Heal Block
|
|-heal|p1a: Florges|96/100 par|[from] item: Leftovers
|upkeep
|turn|35
|
|t:|1760434338
|move|p2a: Alvvays|Foul Play|p1a: Florges
|-resisted|p1a: Florges
|-damage|p1a: Florges|85/100 par
|move|p1a: Florges|Moonblast|p2a: Alvvays
|-damage|p2a: Alvvays|48/100
|-unboost|p2a: Alvvays|spa|1
|
|-heal|p1a: Florges|91/100 par|[from] item: Leftovers
|-end|p2a: Alvvays|move: Heal Block
|upkeep
|turn|36
|
|t:|1760434347
|move|p2a: Alvvays|Wish|p2a: Alvvays
|cant|p1a: Florges|par
|
|-heal|p2a: Alvvays|54/100|[from] item: Leftovers
|-heal|p1a: Florges|97/100 par|[from] item: Leftovers
|upkeep
|turn|37
|
|t:|1760434354
|move|p2a: Alvvays|Foul Play|p1a: Florges
|-resisted|p1a: Florges
|-damage|p1a: Florges|85/100 par
|move|p1a: Florges|Moonblast|p2a: Alvvays
|-damage|p2a: Alvvays|35/100
|
|-heal|p2a: Alvvays|85/100|[from] move: Wish|[wisher] Alvvays
|-heal|p2a: Alvvays|91/100|[from] item: Leftovers
|-heal|p1a: Florges|92/100 par|[from] item: Leftovers
|upkeep
|turn|38
|
|t:|1760434365
|move|p2a: Alvvays|Foul Play|p1a: Florges
|-resisted|p1a: Florges
|-damage|p1a: Florges|81/100 par
|move|p1a: Florges|Sunny Day|p1a: Florges
|-weather|SunnyDay
|
|-weather|SunnyDay|[upkeep]
|-heal|p2a: Alvvays|97/100|[from] item: Leftovers
|-heal|p1a: Florges|87/100 par|[from] item: Leftovers
|upkeep
|turn|39
|
|t:|1760434373
|move|p2a: Alvvays|Foul Play|p1a: Florges
|-resisted|p1a: Florges
|-damage|p1a: Florges|76/100 par
|move|p1a: Florges|Moonblast|p2a: Alvvays
|-damage|p2a: Alvvays|79/100
|
|-weather|SunnyDay|[upkeep]
|-heal|p2a: Alvvays|85/100|[from] item: Leftovers
|-heal|p1a: Florges|82/100 par|[from] item: Leftovers
|upkeep
|turn|40
|
|t:|1760434381
|switch|p1a: Corviknight|Corviknight, M|82/100 par
|-ability|p1a: Corviknight|Pressure
|move|p2a: Alvvays|Foul Play|p1a: Corviknight
|-damage|p1a: Corviknight|65/100 par
|-damage|p2a: Alvvays|68/100|[from] item: Rocky Helmet|[of] p1a: Corviknight
|
|-weather|SunnyDay|[upkeep]
|-heal|p2a: Alvvays|75/100|[from] item: Leftovers
|upkeep
|turn|41
|
|t:|1760434390
|move|p2a: Alvvays|Foul Play|p1a: Corviknight
|-damage|p1a: Corviknight|48/100 par
|-damage|p2a: Alvvays|58/100|[from] item: Rocky Helmet|[of] p1a: Corviknight
|move|p1a: Corviknight|Dual Wingbeat|p2a: Alvvays
|-damage|p2a: Alvvays|47/100
|-damage|p2a: Alvvays|38/100
|-hitcount|p2a: Alvvays|2
|
|-weather|SunnyDay|[upkeep]
|-heal|p2a: Alvvays|44/100|[from] item: Leftovers
|upkeep
|turn|42
|
|t:|1760434400
|move|p2a: Alvvays|Wish|p2a: Alvvays
|move|p1a: Corviknight|Roost|p1a: Corviknight
|-heal|p1a: Corviknight|98/100 par
|-singleturn|p1a: Corviknight|move: Roost
|
|-weather|none
|-heal|p2a: Alvvays|50/100|[from] item: Leftovers
|upkeep
|turn|43
|
|t:|1760434407
|move|p2a: Alvvays|Foul Play|p1a: Corviknight
|-damage|p1a: Corviknight|82/100 par
|-damage|p2a: Alvvays|34/100|[from] item: Rocky Helmet|[of] p1a: Corviknight
|move|p1a: Corviknight|Dual Wingbeat|p2a: Alvvays
|-damage|p2a: Alvvays|24/100
|-damage|p2a: Alvvays|13/100
|-hitcount|p2a: Alvvays|2
|
|-heal|p2a: Alvvays|63/100|[from] move: Wish|[wisher] Alvvays
|-heal|p2a: Alvvays|69/100|[from] item: Leftovers
|upkeep
|turn|44
|
|t:|1760434418
|move|p2a: Alvvays|Wish|p2a: Alvvays
|move|p1a: Corviknight|Dual Wingbeat|p2a: Alvvays
|-damage|p2a: Alvvays|60/100
|-damage|p2a: Alvvays|50/100
|-hitcount|p2a: Alvvays|2
|
|-heal|p2a: Alvvays|56/100|[from] item: Leftovers
|upkeep
|turn|45
|
|t:|1760434425
|move|p2a: Alvvays|Protect|p2a: Alvvays
|-singleturn|p2a: Alvvays|Protect
|move|p1a: Corviknight|Iron Head|p2a: Alvvays
|-activate|p2a: Alvvays|move: Protect
|
|-heal|p2a: Alvvays|100/100|[from] move: Wish|[wisher] Alvvays
|upkeep
|turn|46
|
|t:|1760434433
|switch|p2a: Elucid|Dragonite, M|80/100
|move|p1a: Corviknight|Iron Head|p2a: Elucid
|-damage|p2a: Elucid|52/100
|
|upkeep
|turn|47
|
|t:|1760434441
|move|p2a: Elucid|Dragon Dance|p2a: Elucid
|-boost|p2a: Elucid|atk|1
|-boost|p2a: Elucid|spe|1
|cant|p1a: Corviknight|par
|
|upkeep
|turn|48
|
|t:|1760434446
|move|p2a: Elucid|Dragon Dance|p2a: Elucid
|-boost|p2a: Elucid|atk|1
|-boost|p2a: Elucid|spe|1
|move|p1a: Corviknight|Iron Head|p2a: Elucid
|-damage|p2a: Elucid|25/100
|
|upkeep
|turn|49
|
|t:|1760434453
|move|p2a: Elucid|Ice Spinner|p1a: Corviknight
|-damage|p1a: Corviknight|45/100 par
|-damage|p2a: Elucid|9/100|[from] item: Rocky Helmet|[of] p1a: Corviknight
|cant|p1a: Corviknight|par
|
|upkeep
|turn|50
|
|t:|1760434462
|move|p2a: Elucid|Ice Spinner|p1a: Corviknight
|-crit|p1a: Corviknight
|-damage|p1a: Corviknight|0 fnt
|-damage|p2a: Elucid|0 fnt|[from] item: Rocky Helmet|[of] p1a: Corviknight
|faint|p1a: Corviknight
|faint|p2a: Elucid
|
|upkeep
|
|t:|1760434473
|switch|p2a: Alvvays|Umbreon, F, tera:Water|100/100
|switch|p1a: Florges|Florges, F|82/100 par
|-damage|p2a: Alvvays|88/100|[from] Stealth Rock
|turn|51
|
|t:|1760434480
|move|p2a: Alvvays|Foul Play|p1a: Florges
|-resisted|p1a: Florges
|-damage|p1a: Florges|72/100 par
|move|p1a: Florges|Sunny Day|p1a: Florges
|-weather|SunnyDay
|
|-weather|SunnyDay|[upkeep]
|-heal|p2a: Alvvays|94/100|[from] item: Leftovers
|-heal|p1a: Florges|78/100 par|[from] item: Leftovers
|upkeep
|turn|52
|
|t:|1760434487
|move|p2a: Alvvays|Foul Play|p1a: Florges
|-resisted|p1a: Florges
|-damage|p1a: Florges|67/100 par
|move|p1a: Florges|Psychic Noise|p2a: Alvvays
|-damage|p2a: Alvvays|85/100
|-start|p2a: Alvvays|move: Heal Block
|
|-weather|SunnyDay|[upkeep]
|-heal|p1a: Florges|73/100 par|[from] item: Leftovers
|upkeep
|turn|53
|
|t:|1760434500
|move|p2a: Alvvays|Foul Play|p1a: Florges
|-resisted|p1a: Florges
|-damage|p1a: Florges|61/100 par
|move|p1a: Florges|Moonblast|p2a: Alvvays
|-damage|p2a: Alvvays|65/100
|
|-weather|SunnyDay|[upkeep]
|-heal|p1a: Florges|67/100 par|[from] item: Leftovers
|-end|p2a: Alvvays|move: Heal Block
|upkeep
|turn|54
|
|t:|1760434510
|move|p2a: Alvvays|Foul Play|p1a: Florges
|-resisted|p1a: Florges
|-damage|p1a: Florges|57/100 par
|move|p1a: Florges|Psychic Noise|p2a: Alvvays
|-damage|p2a: Alvvays|55/100
|-start|p2a: Alvvays|move: Heal Block
|
|-weather|SunnyDay|[upkeep]
|-heal|p1a: Florges|63/100 par|[from] item: Leftovers
|upkeep
|turn|55
|
|t:|1760434519
|move|p2a: Alvvays|Protect|p2a: Alvvays
|-singleturn|p2a: Alvvays|Protect
|move|p1a: Florges|Moonblast|p2a: Alvvays
|-activate|p2a: Alvvays|move: Protect
|
|-weather|none
|-heal|p1a: Florges|69/100 par|[from] item: Leftovers
|-end|p2a: Alvvays|move: Heal Block
|upkeep
|turn|56
|
|t:|1760434527
|move|p2a: Alvvays|Wish|p2a: Alvvays
|move|p1a: Florges|Sunny Day|p1a: Florges
|-weather|SunnyDay
|
|-weather|SunnyDay|[upkeep]
|-heal|p2a: Alvvays|62/100|[from] item: Leftovers
|-heal|p1a: Florges|75/100 par|[from] item: Leftovers
|upkeep
|turn|57
|
|t:|1760434536
|move|p2a: Alvvays|Foul Play|p1a: Florges
|-resisted|p1a: Florges
|-damage|p1a: Florges|64/100 par
|move|p1a: Florges|Moonblast|p2a: Alvvays
|-damage|p2a: Alvvays|43/100
|-unboost|p2a: Alvvays|spa|1
|
|-weather|SunnyDay|[upkeep]
|-heal|p2a: Alvvays|93/100|[from] move: Wish|[wisher] Alvvays
|-heal|p2a: Alvvays|99/100|[from] item: Leftovers
|-heal|p1a: Florges|70/100 par|[from] item: Leftovers
|upkeep
|turn|58
|
|t:|1760434548
|move|p2a: Alvvays|Foul Play|p1a: Florges
|-resisted|p1a: Florges
|-damage|p1a: Florges|59/100 par
|move|p1a: Florges|Synthesis|p1a: Florges
|-heal|p1a: Florges|100/100 par
|
|-weather|SunnyDay|[upkeep]
|-heal|p2a: Alvvays|100/100|[from] item: Leftovers
|upkeep
|turn|59
|-message|spinbuster forfeited.
|
|win|aboda
|raw|aboda's rating: 1131 &rarr; <strong>1152</strong><br />(+21 for winning)
|raw|spinbuster's rating: 1074 &rarr; <strong>1056</strong><br />(-18 for losing)
|l|☆spinbuster
|player|p2|
|l|☆aboda
|player|p1|
