|j|☆chedeqing
|j|☆tboc13
|t:|1760452699
|gametype|singles
|player|p1|chedeqing|firebreather|1476
|player|p2|tboc13|dawn|1559
|gen|9
|tier|[Gen 9] OU
|rated|
|rule|HP Percentage Mod: HP is shown in percentages
|rule|Endless Battle Clause: Forcing endless battles is banned
|rule|Species Clause: Limit one of each Pokémon
|rule|OHKO Clause: OHKO moves are banned
|rule|Evasion Items Clause: Evasion items are banned
|rule|Evasion Moves Clause: Evasion moves are banned
|rule|Evasion Abilities Clause: Evasion abilities are banned
|rule|Sleep Moves Clause: Sleep-inducing moves are banned
|clearpoke
|poke|p1|Braviary-Hisui, M|
|poke|p1|Garchomp, F|
|poke|p1|Iron Valiant|
|poke|p1|Skeledirge, M|
|poke|p1|Iron Treads|
|poke|p1|Kingambit, M|
|poke|p2|Rillaboom, F|
|poke|p2|Darkrai|
|poke|p2|Raging Bolt|
|poke|p2|Great Tusk|
|poke|p2|Skarmory, F|
|poke|p2|Slowking-Galar, F|
|teampreview
|inactive|Battle timer is ON: inactive players will automatically lose when time's up. (requested by tboc13)
|
|t:|1760452723
|teamsize|p1|6
|teamsize|p2|6
|start
|switch|p1a: 鹰击长空|Braviary-Hisui, M|100/100
|switch|p2a: Great Tusk|Great Tusk|100/100
|turn|1
|
|t:|1760452734
|-end|p2a: Great Tusk|Protosynthesis|[silent]
|switch|p2a: Raging Bolt|Raging Bolt|100/100
|move|p1a: 鹰击长空|Psychic|p2a: Raging Bolt
|-damage|p2a: Raging Bolt|37/100
|
|-heal|p2a: Raging Bolt|43/100|[from] item: Leftovers
|upkeep
|turn|2
|
|t:|1760452750
|-end|p2a: Raging Bolt|Protosynthesis|[silent]
|switch|p2a: Darkrai|Darkrai|100/100
|switch|p1a: 雄关漫道真如铁|Iron Treads|100/100
|-item|p1a: 雄关漫道真如铁|Air Balloon
|
|upkeep
|turn|3
|
|t:|1760452768
|switch|p2a: Great Tusk|Great Tusk|100/100
|-end|p1a: 雄关漫道真如铁|Quark Drive|[silent]
|switch|p1a: 一夫当关，万夫莫开|Kingambit, M, shiny|100/100
|
|upkeep
|turn|4
|inactive|chedeqing has 120 seconds left.
|
|t:|1760452807
|-end|p1a: 一夫当关，万夫莫开|fallenundefined|[silent]
|switch|p1a: 雄关漫道真如铁|Iron Treads|100/100
|-item|p1a: 雄关漫道真如铁|Air Balloon
|move|p2a: Great Tusk|Knock Off|p1a: 雄关漫道真如铁
|-damage|p1a: 雄关漫道真如铁|71/100
|-enditem|p1a: 雄关漫道真如铁|Air Balloon
|
|upkeep
|turn|5
|
|t:|1760452818
|move|p1a: 雄关漫道真如铁|Stealth Rock|p2a: Great Tusk
|-sidestart|p2: tboc13|move: Stealth Rock
|move|p2a: Great Tusk|Rapid Spin|p1a: 雄关漫道真如铁
|-resisted|p1a: 雄关漫道真如铁
|-damage|p1a: 雄关漫道真如铁|63/100
|-boost|p2a: Great Tusk|spe|1
|-sideend|p2: tboc13|Stealth Rock|[from] move: Rapid Spin|[of] p2a: Great Tusk
|
|upkeep
|turn|6
|
|t:|1760452838
|move|p2a: Great Tusk|Headlong Rush|p1a: 雄关漫道真如铁
|-supereffective|p1a: 雄关漫道真如铁
|-damage|p1a: 雄关漫道真如铁|0 fnt
|-unboost|p2a: Great Tusk|def|1
|-unboost|p2a: Great Tusk|spd|1
|faint|p1a: 雄关漫道真如铁
|-end|p1a: 雄关漫道真如铁|Quark Drive|[silent]
|
|upkeep
|
|t:|1760452845
|switch|p1a: 鹰击长空|Braviary-Hisui, M|100/100
|turn|7
|
|t:|1760452849
|move|p2a: Great Tusk|Knock Off|p1a: 鹰击长空
|-supereffective|p1a: 鹰击长空
|-damage|p1a: 鹰击长空|21/100
|-enditem|p1a: 鹰击长空|Life Orb|[from] move: Knock Off|[of] p2a: Great Tusk
|move|p1a: 鹰击长空|Hurricane|p2a: Great Tusk
|-supereffective|p2a: Great Tusk
|-damage|p2a: Great Tusk|0 fnt
|faint|p2a: Great Tusk
|-end|p2a: Great Tusk|Protosynthesis|[silent]
|
|upkeep
|
|t:|1760452853
|switch|p2a: Darkrai|Darkrai|100/100
|turn|8
|inactive|chedeqing has 120 seconds left.
|
|t:|1760452859
|move|p1a: 鹰击长空|Vacuum Wave|p2a: Darkrai
|-supereffective|p2a: Darkrai
|-damage|p2a: Darkrai|65/100
|move|p2a: Darkrai|Dark Pulse|p1a: 鹰击长空
|-supereffective|p1a: 鹰击长空
|-damage|p1a: 鹰击长空|0 fnt
|faint|p1a: 鹰击长空
|
|upkeep
|inactive|chedeqing has 120 seconds left.
|
|t:|1760452873
|switch|p1a: 一夫当关，万夫莫开|Kingambit, M, shiny|100/100
|-activate|p1a: 一夫当关，万夫莫开|ability: Supreme Overlord
|-start|p1a: 一夫当关，万夫莫开|fallen2|[silent]
|turn|9
|inactive|chedeqing has 120 seconds left.
|
|t:|1760452879
|switch|p2a: Skarmory|Skarmory, F|100/100
|move|p1a: 一夫当关，万夫莫开|Swords Dance|p1a: 一夫当关，万夫莫开
|-boost|p1a: 一夫当关，万夫莫开|atk|2
|
|upkeep
|turn|10
|inactive|chedeqing has 120 seconds left.
|
|t:|1760452896
|-terastallize|p1a: 一夫当关，万夫莫开|Fairy
|move|p2a: Skarmory|Body Press|p1a: 一夫当关，万夫莫开
|-resisted|p1a: 一夫当关，万夫莫开
|-damage|p1a: 一夫当关，万夫莫开|88/100
|move|p1a: 一夫当关，万夫莫开|Kowtow Cleave|p2a: Skarmory
|-damage|p2a: Skarmory|32/100
|-damage|p1a: 一夫当关，万夫莫开|72/100|[from] item: Rocky Helmet|[of] p2a: Skarmory
|
|-heal|p1a: 一夫当关，万夫莫开|78/100|[from] item: Leftovers
|upkeep
|turn|11
|inactive|chedeqing has 120 seconds left.
|
|t:|1760452907
|move|p2a: Skarmory|Roost|p2a: Skarmory
|-heal|p2a: Skarmory|82/100
|-singleturn|p2a: Skarmory|move: Roost
|move|p1a: 一夫当关，万夫莫开|Swords Dance|p1a: 一夫当关，万夫莫开
|-boost|p1a: 一夫当关，万夫莫开|atk|2
|
|-heal|p1a: 一夫当关，万夫莫开|84/100|[from] item: Leftovers
|upkeep
|turn|12
|inactive|chedeqing has 120 seconds left.
|
|t:|1760452915
|move|p2a: Skarmory|Roost|p2a: Skarmory
|-heal|p2a: Skarmory|100/100
|-singleturn|p2a: Skarmory|move: Roost
|move|p1a: 一夫当关，万夫莫开|Kowtow Cleave|p2a: Skarmory
|-ability|p2a: Skarmory|Sturdy
|-damage|p2a: Skarmory|1/100
|-damage|p1a: 一夫当关，万夫莫开|67/100|[from] item: Rocky Helmet|[of] p2a: Skarmory
|
|-heal|p1a: 一夫当关，万夫莫开|73/100|[from] item: Leftovers
|upkeep
|turn|13
|inactive|chedeqing has 120 seconds left.
|
|t:|1760452929
|move|p2a: Skarmory|Stealth Rock|p1a: 一夫当关，万夫莫开
|-sidestart|p1: chedeqing|move: Stealth Rock
|move|p1a: 一夫当关，万夫莫开|Kowtow Cleave|p2a: Skarmory
|-damage|p2a: Skarmory|0 fnt
|-damage|p1a: 一夫当关，万夫莫开|57/100|[from] item: Rocky Helmet|[of] p2a: Skarmory
|faint|p2a: Skarmory
|
|-heal|p1a: 一夫当关，万夫莫开|63/100|[from] item: Leftovers
|upkeep
|
|t:|1760452935
|switch|p2a: Rillaboom|Rillaboom, F|100/100
|-fieldstart|move: Grassy Terrain|[from] ability: Grassy Surge|[of] p2a: Rillaboom
|turn|14
|
|t:|1760452948
|-terastallize|p2a: Rillaboom|Grass
|move|p2a: Rillaboom|Grassy Glide|p1a: 一夫当关，万夫莫开
|-crit|p1a: 一夫当关，万夫莫开
|-damage|p1a: 一夫当关，万夫莫开|0 fnt
|faint|p1a: 一夫当关，万夫莫开
|-end|p1a: 一夫当关，万夫莫开|fallen2|[silent]
|
|upkeep
|inactive|chedeqing has 120 seconds left.
|
|t:|1760452961
|switch|p1a: 火光万丈|Skeledirge, M|100/100
|turn|15
|inactive|chedeqing has 120 seconds left.
|
|t:|1760452982
|switch|p2a: Slowking|Slowking-Galar, F|100/100
|switch|p1a: 武者|Iron Valiant, shiny|100/100
|-damage|p1a: 武者|94/100|[from] Stealth Rock
|-enditem|p1a: 武者|Booster Energy
|-activate|p1a: 武者|ability: Quark Drive|[fromitem]
|-start|p1a: 武者|quarkdrivespe
|
|-heal|p1a: 武者|100/100|[from] Grassy Terrain
|upkeep
|turn|16
|
|t:|1760452993
|move|p1a: 武者|Shadow Ball|p2a: Slowking
|-supereffective|p2a: Slowking
|-damage|p2a: Slowking|71/100
|move|p2a: Slowking|Thunder Wave|p1a: 武者
|-status|p1a: 武者|par
|
|-heal|p2a: Slowking|77/100|[from] Grassy Terrain
|upkeep
|turn|17
|
|t:|1760453004
|cant|p1a: 武者|par
|-prepare|p2a: Slowking|Chilly Reception|[premajor]
|move|p2a: Slowking|Chilly Reception|p2a: Slowking
|-weather|Snowscape
|
|t:|1760453008
|switch|p2a: Rillaboom|Rillaboom, F, tera:Grass|100/100|[from] Chilly Reception
|
|-weather|Snowscape|[upkeep]
|upkeep
|turn|18
|
|t:|1760453013
|-end|p1a: 武者|Quark Drive|[silent]
|switch|p1a: 火光万丈|Skeledirge, M|100/100
|move|p2a: Rillaboom|Wood Hammer|p1a: 火光万丈
|-resisted|p1a: 火光万丈
|-damage|p1a: 火光万丈|47/100
|-damage|p2a: Rillaboom|79/100|[from] Recoil
|
|-weather|Snowscape|[upkeep]
|-heal|p2a: Rillaboom|85/100|[from] Grassy Terrain
|-heal|p1a: 火光万丈|53/100|[from] Grassy Terrain
|-fieldend|move: Grassy Terrain
|upkeep
|turn|19
|inactive|chedeqing has 120 seconds left.
|
|t:|1760453032
|switch|p2a: Slowking|Slowking-Galar, F|100/100
|move|p1a: 火光万丈|Torch Song|p2a: Slowking
|-damage|p2a: Slowking|83/100
|-boost|p1a: 火光万丈|spa|1
|
|-weather|Snowscape|[upkeep]
|upkeep
|turn|20
|inactive|chedeqing has 120 seconds left.
|
|t:|1760453051
|move|p1a: 火光万丈|Hex|p2a: Slowking
|-supereffective|p2a: Slowking
|-damage|p2a: Slowking|40/100
|-prepare|p2a: Slowking|Chilly Reception|[premajor]
|move|p2a: Slowking|Chilly Reception|p2a: Slowking
|
|t:|1760453053
|switch|p2a: Darkrai|Darkrai|65/100|[from] Chilly Reception
|
|-weather|Snowscape|[upkeep]
|upkeep
|turn|21
|inactive|chedeqing has 120 seconds left.
|
|t:|1760453064
|move|p2a: Darkrai|Nasty Plot|p2a: Darkrai
|-boost|p2a: Darkrai|spa|2
|move|p1a: 火光万丈|Torch Song|p2a: Darkrai
|-damage|p2a: Darkrai|6/100
|-boost|p1a: 火光万丈|spa|1
|
|-weather|none
|upkeep
|turn|22
|
|t:|1760453071
|move|p2a: Darkrai|Dark Pulse|p1a: 火光万丈
|-supereffective|p1a: 火光万丈
|-damage|p1a: 火光万丈|0 fnt
|faint|p1a: 火光万丈
|
|upkeep
|
|t:|1760453079
|switch|p1a: 武者|Iron Valiant, shiny|100/100 par
|-damage|p1a: 武者|94/100 par|[from] Stealth Rock
|turn|23
|
|t:|1760453083
|move|p2a: Darkrai|Sludge Bomb|p1a: 武者
|-supereffective|p1a: 武者
|-damage|p1a: 武者|0 fnt
|faint|p1a: 武者
|-end|p1a: 武者|Quark Drive|[silent]
|
|upkeep
|
|t:|1760453088
|switch|p1a: 龙舞天|Garchomp, F|100/100
|-damage|p1a: 龙舞天|94/100|[from] Stealth Rock
|turn|24
|
|t:|1760453094
|move|p2a: Darkrai|Ice Beam|p1a: 龙舞天
|-supereffective|p1a: 龙舞天
|-damage|p1a: 龙舞天|0 fnt
|faint|p1a: 龙舞天
|
|win|tboc13
|raw|chedeqing's rating: 1476 &rarr; <strong>1461</strong><br />(-15 for losing)
|raw|tboc13's rating: 1559 &rarr; <strong>1574</strong><br />(+15 for winning)
|l|☆chedeqing
|player|p1|
|l|☆tboc13
|player|p2|
