|j|☆Slothdog
|j|☆randalboy
|t:|1760413947
|gametype|singles
|player|p1|Slothdog|swimmer-gen4dp|1339
|player|p2|randalboy|clown|1315
|gen|9
|tier|[Gen 9] OU
|rated|
|rule|HP Percentage Mod: HP is shown in percentages
|rule|Endless Battle Clause: Forcing endless battles is banned
|rule|Species Clause: Limit one of each Pokémon
|rule|OHKO Clause: OHKO moves are banned
|rule|Evasion Items Clause: Evasion items are banned
|rule|Evasion Moves Clause: Evasion moves are banned
|rule|Evasion Abilities Clause: Evasion abilities are banned
|rule|Sleep Moves Clause: Sleep-inducing moves are banned
|clearpoke
|poke|p1|Darkrai|
|poke|p1|Iron Valiant|
|poke|p1|Ting-Lu|
|poke|p1|Sinistcha|
|poke|p1|Moltres|
|poke|p1|Samurott-Hisui, M|
|poke|p2|Gholdengo|
|poke|p2|Iron Valiant|
|poke|p2|Slowking-Galar, M|
|poke|p2|Alomomola, F|
|poke|p2|Meowscarada, F|
|poke|p2|Great Tusk|
|teampreview
|j| Deleyzis
|c|☆randalboy|hi
|c|☆Slothdog|yo
|
|t:|1760413963
|teamsize|p1|6
|teamsize|p2|6
|start
|switch|p1a: Darkrai|Darkrai|100/100
|switch|p2a: Great Tusk|Great Tusk|100/100
|turn|1
|c| Deleyzis|hi
|c|☆Slothdog|sup vro
|
|t:|1760413973
|move|p1a: Darkrai|Ice Beam|p2a: Great Tusk
|-supereffective|p2a: Great Tusk
|-damage|p2a: Great Tusk|0 fnt
|faint|p2a: Great Tusk
|-end|p2a: Great Tusk|Protosynthesis|[silent]
|
|upkeep
|
|t:|1760413979
|switch|p2a: Slowking|Slowking-Galar, M|100/100
|turn|2
|
|t:|1760413981
|switch|p1a: Ting-Lu|Ting-Lu|100/100
|-ability|p1a: Ting-Lu|Vessel of Ruin
|-terastallize|p2a: Slowking|Flying
|move|p2a: Slowking|Toxic|p1a: Ting-Lu
|-status|p1a: Ting-Lu|tox
|
|-damage|p2a: Slowking|88/100|[from] item: Black Sludge
|-damage|p1a: Ting-Lu|94/100 tox|[from] psn
|upkeep
|turn|3
|
|t:|1760413990
|switch|p2a: Iron Valiant|Iron Valiant|100/100
|-enditem|p2a: Iron Valiant|Booster Energy
|-activate|p2a: Iron Valiant|ability: Quark Drive|[fromitem]
|-start|p2a: Iron Valiant|quarkdrivespe
|move|p1a: Ting-Lu|Stealth Rock|p2a: Iron Valiant
|-sidestart|p2: randalboy|move: Stealth Rock
|
|-heal|p1a: Ting-Lu|100/100 tox|[from] item: Leftovers
|-damage|p1a: Ting-Lu|88/100 tox|[from] psn
|upkeep
|turn|4
|
|t:|1760413997
|move|p2a: Iron Valiant|Calm Mind|p2a: Iron Valiant
|-boost|p2a: Iron Valiant|spa|1
|-boost|p2a: Iron Valiant|spd|1
|move|p1a: Ting-Lu|Ruination|p2a: Iron Valiant
|-damage|p2a: Iron Valiant|51/100
|
|-heal|p1a: Ting-Lu|94/100 tox|[from] item: Leftovers
|-damage|p1a: Ting-Lu|76/100 tox|[from] psn
|upkeep
|turn|5
|
|t:|1760414002
|move|p2a: Iron Valiant|Moonblast|p1a: Ting-Lu
|-supereffective|p1a: Ting-Lu
|-damage|p1a: Ting-Lu|15/100 tox
|-unboost|p1a: Ting-Lu|spa|1
|move|p1a: Ting-Lu|Whirlwind|p2a: Iron Valiant
|-end|p2a: Iron Valiant|Quark Drive|[silent]
|drag|p2a: Gholdengo|Gholdengo|100/100
|-damage|p2a: Gholdengo|94/100|[from] Stealth Rock
|
|-heal|p1a: Ting-Lu|21/100 tox|[from] item: Leftovers
|-damage|p1a: Ting-Lu|0 fnt|[from] psn
|faint|p1a: Ting-Lu
|upkeep
|
|t:|1760414005
|switch|p1a: Darkrai|Darkrai|100/100
|turn|6
|
|t:|1760414017
|move|p2a: Gholdengo|Make It Rain|p1a: Darkrai
|-damage|p1a: Darkrai|22/100
|-unboost|p2a: Gholdengo|spa|1
|move|p1a: Darkrai|Dark Pulse|p2a: Gholdengo
|-supereffective|p2a: Gholdengo
|-damage|p2a: Gholdengo|0 fnt
|faint|p2a: Gholdengo
|
|upkeep
|
|t:|1760414020
|switch|p2a: Meowscarada|Meowscarada, F|100/100
|-damage|p2a: Meowscarada|88/100|[from] Stealth Rock
|turn|7
|
|t:|1760414027
|move|p1a: Darkrai|Dark Pulse|p2a: Meowscarada
|-resisted|p2a: Meowscarada
|-damage|p2a: Meowscarada|42/100
|cant|p2a: Meowscarada|flinch
|
|upkeep
|turn|8
|
|t:|1760414032
|move|p2a: Meowscarada|Sucker Punch|p1a: Darkrai
|-start|p2a: Meowscarada|typechange|Dark|[from] ability: Protean
|-resisted|p1a: Darkrai
|-damage|p1a: Darkrai|0 fnt
|faint|p1a: Darkrai
|-damage|p2a: Meowscarada|32/100|[from] item: Life Orb
|
|upkeep
|
|t:|1760414037
|switch|p1a: Iron Valiant|Iron Valiant|100/100
|turn|9
|
|t:|1760414044
|move|p1a: Iron Valiant|Moonblast|p2a: Meowscarada
|-supereffective|p2a: Meowscarada
|-damage|p2a: Meowscarada|0 fnt
|faint|p2a: Meowscarada
|
|upkeep
|
|t:|1760414048
|switch|p2a: Slowking|Slowking-Galar, M, tera:Flying|100/100
|-damage|p2a: Slowking|76/100|[from] Stealth Rock
|turn|10
|
|t:|1760414054
|-end|p1a: Iron Valiant|Quark Drive|[silent]
|switch|p1a: Samurott|Samurott-Hisui, M|100/100
|move|p2a: Slowking|Toxic|p1a: Samurott
|-status|p1a: Samurott|tox
|
|-damage|p2a: Slowking|63/100|[from] item: Black Sludge
|-damage|p1a: Samurott|94/100 tox|[from] psn
|upkeep
|turn|11
|
|t:|1760414062
|switch|p2a: Alomomola|Alomomola, F|100/100
|-damage|p2a: Alomomola|88/100|[from] Stealth Rock
|move|p1a: Samurott|Ceaseless Edge|p2a: Alomomola
|-damage|p2a: Alomomola|63/100
|-sidestart|p2: randalboy|Spikes
|
|-heal|p2a: Alomomola|69/100|[from] item: Leftovers
|-damage|p1a: Samurott|82/100 tox|[from] psn
|upkeep
|turn|12
|
|t:|1760414066
|move|p1a: Samurott|Ceaseless Edge|p2a: Alomomola
|-damage|p2a: Alomomola|46/100
|-sidestart|p2: randalboy|Spikes
|move|p2a: Alomomola|Wish|p2a: Alomomola
|
|-heal|p2a: Alomomola|52/100|[from] item: Leftovers
|-damage|p1a: Samurott|63/100 tox|[from] psn
|upkeep
|turn|13
|c|☆randalboy|Welp
|c|☆randalboy|that's all I need to know for next time
|c|☆randalboy|ggs
|-message|randalboy forfeited.
|
|win|Slothdog
|raw|Slothdog's rating: 1339 &rarr; <strong>1358</strong><br />(+19 for winning)
|raw|randalboy's rating: 1315 &rarr; <strong>1296</strong><br />(-19 for losing)
|l|☆randalboy
|player|p2|
|c|☆Slothdog|gg
|c| Deleyzis|gg
|l|☆Slothdog
|player|p1|
|l| Deleyzis
|j|☆Slothdog
|player|p1|Slothdog|swimmer-gen4dp|
