|j|☆Tusia88
|j|☆kinsword
|t:|1760364466
|gametype|singles
|player|p1|Tusia88|2|1473
|player|p2|kinsword|101|1455
|gen|9
|tier|[Gen 9] OU
|rated|
|rule|HP Percentage Mod: HP is shown in percentages
|rule|Endless Battle Clause: Forcing endless battles is banned
|rule|Species Clause: Limit one of each Pokémon
|rule|OHKO Clause: OHKO moves are banned
|rule|Evasion Items Clause: Evasion items are banned
|rule|Evasion Moves Clause: Evasion moves are banned
|rule|Evasion Abilities Clause: Evasion abilities are banned
|rule|Sleep Moves Clause: Sleep-inducing moves are banned
|clearpoke
|poke|p1|Ninetales, M|
|poke|p1|Dragonite, M|
|poke|p1|Cinderace, M|
|poke|p1|Walking Wake|
|poke|p1|Cresselia, F|
|poke|p1|Great Tusk|
|poke|p2|Dudunsparce-*, M|
|poke|p2|Greninja-*, M|
|poke|p2|Skarmory, F|
|poke|p2|Iron Treads|
|poke|p2|Fezandipiti, M|
|poke|p2|Haxorus, M|
|teampreview
|inactive|Battle timer is ON: inactive players will automatically lose when time's up. (requested by kinsword)
|
|t:|1760364484
|teamsize|p1|6
|teamsize|p2|6
|start
|switch|p1a: Walking Wake|Walking Wake|100/100
|switch|p2a: Haxorus|Haxorus, M|100/100
|-ability|p2a: Haxorus|Mold Breaker
|turn|1
|
|t:|1760364494
|move|p2a: Haxorus|Scale Shot|p1a: Walking Wake
|-supereffective|p1a: Walking Wake
|-damage|p1a: Walking Wake|68/100
|-supereffective|p1a: Walking Wake
|-damage|p1a: Walking Wake|39/100
|-supereffective|p1a: Walking Wake
|-damage|p1a: Walking Wake|6/100
|-supereffective|p1a: Walking Wake
|-damage|p1a: Walking Wake|0 fnt
|faint|p1a: Walking Wake
|-end|p1a: Walking Wake|Protosynthesis|[silent]
|-hitcount|p1: Walking Wake|4
|-unboost|p2a: Haxorus|def|1
|-boost|p2a: Haxorus|spe|1
|
|upkeep
|
|t:|1760364500
|switch|p1a: Great Tusk|Great Tusk|100/100
|turn|2
|
|t:|1760364510
|switch|p2a: Skarmory|Skarmory, F|100/100
|move|p1a: Great Tusk|Close Combat|p2a: Skarmory
|-damage|p2a: Skarmory|71/100
|-unboost|p1a: Great Tusk|def|1
|-unboost|p1a: Great Tusk|spd|1
|-damage|p1a: Great Tusk|84/100|[from] item: Rocky Helmet|[of] p2a: Skarmory
|-enditem|p1a: Great Tusk|Eject Pack
|
|t:|1760364515
|-end|p1a: Great Tusk|Protosynthesis|[silent]
|switch|p1a: Ninetales|Ninetales, M|100/100
|-weather|SunnyDay|[from] ability: Drought|[of] p1a: Ninetales
|
|-weather|SunnyDay|[upkeep]
|upkeep
|turn|3
|
|t:|1760364524
|switch|p1a: Cinderace|Cinderace, M|100/100
|switch|p2a: Fezandipiti|Fezandipiti, M|100/100
|
|-weather|SunnyDay|[upkeep]
|upkeep
|turn|4
|
|t:|1760364537
|move|p1a: Cinderace|Pyro Ball|p2a: Fezandipiti
|-damage|p2a: Fezandipiti|15/100
|move|p2a: Fezandipiti|Poison Jab|p1a: Cinderace
|-damage|p1a: Cinderace|58/100
|
|-weather|SunnyDay|[upkeep]
|-heal|p2a: Fezandipiti|21/100|[from] item: Leftovers
|upkeep
|turn|5
|
|t:|1760364545
|move|p1a: Cinderace|Pyro Ball|p2a: Fezandipiti
|-damage|p2a: Fezandipiti|0 fnt
|faint|p2a: Fezandipiti
|
|-weather|SunnyDay|[upkeep]
|upkeep
|
|t:|1760364551
|switch|p2a: Greninja|Greninja, M|100/100
|turn|6
|
|t:|1760364555
|move|p2a: Greninja|Surf|p1a: Cinderace
|-start|p2a: Greninja|typechange|Water|[from] ability: Protean
|-supereffective|p1a: Cinderace
|-damage|p1a: Cinderace|2/100
|move|p1a: Cinderace|Pyro Ball|p2a: Greninja
|-resisted|p2a: Greninja
|-damage|p2a: Greninja|23/100
|-status|p2a: Greninja|brn
|
|-weather|SunnyDay|[upkeep]
|-damage|p2a: Greninja|17/100 brn|[from] brn
|upkeep
|turn|7
|
|t:|1760364568
|switch|p1a: Cresselia|Cresselia, F|100/100
|move|p2a: Greninja|Surf|p1a: Cresselia
|-damage|p1a: Cresselia|89/100
|-enditem|p1a: Cresselia|Eject Button
|
|t:|1760364574
|switch|p1a: Dragonite|Dragonite, M|100/100
|
|-weather|SunnyDay|[upkeep]
|-damage|p2a: Greninja|11/100 brn|[from] brn
|upkeep
|turn|8
|
|t:|1760364582
|switch|p2a: Skarmory|Skarmory, F|71/100
|move|p1a: Dragonite|Dragon Dance|p1a: Dragonite
|-boost|p1a: Dragonite|atk|1
|-boost|p1a: Dragonite|spe|1
|
|-weather|SunnyDay|[upkeep]
|upkeep
|turn|9
|
|t:|1760364590
|move|p1a: Dragonite|Rock Slide|p2a: Skarmory
|-damage|p2a: Skarmory|48/100
|move|p2a: Skarmory|Iron Defense|p2a: Skarmory
|-boost|p2a: Skarmory|def|2
|
|-weather|none
|upkeep
|turn|10
|
|t:|1760364599
|switch|p1a: Ninetales|Ninetales, M|100/100
|-weather|SunnyDay|[from] ability: Drought|[of] p1a: Ninetales
|move|p2a: Skarmory|Body Press|p1a: Ninetales
|-damage|p1a: Ninetales|4/100
|
|-weather|SunnyDay|[upkeep]
|upkeep
|turn|11
|
|t:|1760364611
|switch|p2a: Dudunsparce|Dudunsparce-Three-Segment, M|100/100
|move|p1a: Ninetales|Overheat|p2a: Dudunsparce
|-damage|p2a: Dudunsparce|55/100
|-unboost|p1a: Ninetales|spa|2
|
|-weather|SunnyDay|[upkeep]
|upkeep
|turn|12
|
|t:|1760364620
|move|p1a: Ninetales|Healing Wish|p1a: Ninetales
|faint|p1a: Ninetales
|move|p2a: Dudunsparce|Body Slam|p1: Ninetales|[notarget]
|-fail|p2a: Dudunsparce
|
|-weather|SunnyDay|[upkeep]
|upkeep
|
|t:|1760364625
|switch|p1a: Cinderace|Cinderace, M|2/100
|-heal|p1a: Cinderace|100/100|[from] move: Healing Wish
|turn|13
|
|t:|1760364630
|move|p1a: Cinderace|Pyro Ball|p2a: Dudunsparce|[miss]
|-miss|p1a: Cinderace|p2a: Dudunsparce
|move|p2a: Dudunsparce|Body Slam|p1a: Cinderace
|-damage|p1a: Cinderace|55/100
|
|-weather|SunnyDay|[upkeep]
|upkeep
|turn|14
|
|t:|1760364637
|-terastallize|p1a: Cinderace|Fire
|move|p1a: Cinderace|Pyro Ball|p2a: Dudunsparce
|-damage|p2a: Dudunsparce|0 fnt
|faint|p2a: Dudunsparce
|
|-weather|SunnyDay|[upkeep]
|upkeep
|
|t:|1760364645
|switch|p2a: Greninja|Greninja, M|11/100 brn
|turn|15
|
|t:|1760364651
|switch|p1a: Cresselia|Cresselia, F|89/100
|move|p2a: Greninja|Sludge Wave|p1a: Cresselia
|-start|p2a: Greninja|typechange|Poison|[from] ability: Protean
|-damage|p1a: Cresselia|64/100
|
|-weather|SunnyDay|[upkeep]
|-damage|p2a: Greninja|5/100 brn|[from] brn
|upkeep
|turn|16
|
|t:|1760364664
|switch|p2a: Iron Treads|Iron Treads|100/100
|-enditem|p2a: Iron Treads|Booster Energy
|-activate|p2a: Iron Treads|ability: Quark Drive|[fromitem]
|-start|p2a: Iron Treads|quarkdriveatk
|move|p1a: Cresselia|Moonlight|p1a: Cresselia
|-heal|p1a: Cresselia|100/100
|
|-weather|SunnyDay|[upkeep]
|upkeep
|turn|17
|
|t:|1760364674
|move|p2a: Iron Treads|Ice Spinner|p1a: Cresselia
|-damage|p1a: Cresselia|78/100
|move|p1a: Cresselia|Ice Beam|p2a: Iron Treads
|-damage|p2a: Iron Treads|79/100
|
|-weather|none
|upkeep
|turn|18
|
|t:|1760364681
|move|p2a: Iron Treads|Rapid Spin|p1a: Cresselia
|-damage|p1a: Cresselia|65/100
|-boost|p2a: Iron Treads|spe|1
|move|p1a: Cresselia|Ice Beam|p2a: Iron Treads
|-damage|p2a: Iron Treads|55/100
|
|upkeep
|turn|19
|
|t:|1760364690
|move|p2a: Iron Treads|Stealth Rock|p1a: Cresselia
|-sidestart|p1: Tusia88|move: Stealth Rock
|move|p1a: Cresselia|Moonlight|p1a: Cresselia
|-heal|p1a: Cresselia|100/100
|
|upkeep
|turn|20
|
|t:|1760364696
|move|p2a: Iron Treads|Ice Spinner|p1a: Cresselia
|-crit|p1a: Cresselia
|-damage|p1a: Cresselia|69/100
|move|p1a: Cresselia|Ice Beam|p2a: Iron Treads
|-damage|p2a: Iron Treads|32/100
|
|upkeep
|turn|21
|
|t:|1760364703
|move|p2a: Iron Treads|Ice Spinner|p1a: Cresselia
|-damage|p1a: Cresselia|47/100
|move|p1a: Cresselia|Ice Beam|p2a: Iron Treads
|-damage|p2a: Iron Treads|9/100
|
|upkeep
|turn|22
|
|t:|1760364710
|move|p2a: Iron Treads|Ice Spinner|p1a: Cresselia
|-damage|p1a: Cresselia|26/100
|move|p1a: Cresselia|Moonlight|p1a: Cresselia
|-heal|p1a: Cresselia|76/100
|
|upkeep
|turn|23
|
|t:|1760364717
|move|p2a: Iron Treads|Ice Spinner|p1a: Cresselia
|-damage|p1a: Cresselia|53/100
|move|p1a: Cresselia|Moonlight|p1a: Cresselia
|-heal|p1a: Cresselia|100/100
|
|upkeep
|turn|24
|
|t:|1760364725
|move|p2a: Iron Treads|Ice Spinner|p1a: Cresselia
|-crit|p1a: Cresselia
|-damage|p1a: Cresselia|68/100
|move|p1a: Cresselia|Ice Beam|p2a: Iron Treads
|-damage|p2a: Iron Treads|0 fnt
|faint|p2a: Iron Treads
|-end|p2a: Iron Treads|Quark Drive|[silent]
|
|upkeep
|
|t:|1760364733
|switch|p2a: Haxorus|Haxorus, M|100/100
|-ability|p2a: Haxorus|Mold Breaker
|turn|25
|
|t:|1760364739
|-terastallize|p2a: Haxorus|Fire
|move|p2a: Haxorus|Swords Dance|p2a: Haxorus
|-boost|p2a: Haxorus|atk|2
|move|p1a: Cresselia|Thunder Wave|p2a: Haxorus
|-status|p2a: Haxorus|par
|
|upkeep
|turn|26
|
|t:|1760364748
|move|p1a: Cresselia|Lunar Dance|p1a: Cresselia
|faint|p1a: Cresselia
|move|p2a: Haxorus|Scale Shot|p1: Cresselia|[notarget]
|-fail|p2a: Haxorus
|
|upkeep
|
|t:|1760364752
|switch|p1a: Great Tusk|Great Tusk|84/100
|-heal|p1a: Great Tusk|100/100|[from] move: Lunar Dance
|-damage|p1a: Great Tusk|98/100|[from] Stealth Rock
|turn|27
|
|t:|1760364758
|switch|p2a: Skarmory|Skarmory, F|48/100
|move|p1a: Great Tusk|Headlong Rush|p2a: Skarmory
|-immune|p2a: Skarmory
|
|upkeep
|turn|28
|
|t:|1760364766
|move|p1a: Great Tusk|Close Combat|p2a: Skarmory
|-damage|p2a: Skarmory|15/100
|-unboost|p1a: Great Tusk|def|1
|-unboost|p1a: Great Tusk|spd|1
|-damage|p1a: Great Tusk|81/100|[from] item: Rocky Helmet|[of] p2a: Skarmory
|move|p2a: Skarmory|Roost|p2a: Skarmory
|-heal|p2a: Skarmory|65/100
|-singleturn|p2a: Skarmory|move: Roost
|
|upkeep
|turn|29
|
|t:|1760364776
|-end|p1a: Great Tusk|Protosynthesis|[silent]
|switch|p1a: Cinderace|Cinderace, M, tera:Fire|55/100
|-damage|p1a: Cinderace|30/100|[from] Stealth Rock
|move|p2a: Skarmory|Roost|p2a: Skarmory
|-heal|p2a: Skarmory|100/100
|-singleturn|p2a: Skarmory|move: Roost
|
|upkeep
|turn|30
|
|t:|1760364785
|switch|p2a: Haxorus|Haxorus, M, tera:Fire|100/100 par
|-ability|p2a: Haxorus|Mold Breaker
|move|p1a: Cinderace|Pyro Ball|p2a: Haxorus
|-resisted|p2a: Haxorus
|-damage|p2a: Haxorus|56/100 par
|
|upkeep
|turn|31
|
|t:|1760364793
|switch|p1a: Great Tusk|Great Tusk|81/100
|-damage|p1a: Great Tusk|78/100|[from] Stealth Rock
|move|p2a: Haxorus|Scale Shot|p1a: Great Tusk
|-damage|p1a: Great Tusk|69/100
|-damage|p1a: Great Tusk|60/100
|-damage|p1a: Great Tusk|50/100
|-damage|p1a: Great Tusk|42/100
|-damage|p1a: Great Tusk|33/100
|-hitcount|p1a: Great Tusk|5
|-unboost|p2a: Haxorus|def|1
|-boost|p2a: Haxorus|spe|1
|
|upkeep
|turn|32
|
|t:|1760364806
|move|p1a: Great Tusk|Rapid Spin|p2a: Haxorus
|-damage|p2a: Haxorus|28/100 par
|-boost|p1a: Great Tusk|spe|1
|-sideend|p1: Tusia88|Stealth Rock|[from] move: Rapid Spin|[of] p1a: Great Tusk
|move|p2a: Haxorus|Scale Shot|p1a: Great Tusk
|-damage|p1a: Great Tusk|23/100
|-damage|p1a: Great Tusk|14/100
|-damage|p1a: Great Tusk|5/100
|-damage|p1a: Great Tusk|0 fnt
|faint|p1a: Great Tusk
|-end|p1a: Great Tusk|Protosynthesis|[silent]
|-hitcount|p1: Great Tusk|4
|-unboost|p2a: Haxorus|def|1
|-boost|p2a: Haxorus|spe|1
|
|upkeep
|
|t:|1760364811
|switch|p1a: Cinderace|Cinderace, M, tera:Fire|30/100
|turn|33
|
|t:|1760364824
|move|p1a: Cinderace|Low Kick|p2a: Haxorus
|-damage|p2a: Haxorus|0 fnt
|faint|p2a: Haxorus
|
|upkeep
|
|t:|1760364829
|switch|p2a: Greninja|Greninja, M|5/100 brn
|turn|34
|
|t:|1760364833
|switch|p2a: Skarmory|Skarmory, F|100/100
|switch|p1a: Dragonite|Dragonite, M|100/100
|
|upkeep
|turn|35
|
|t:|1760364840
|switch|p1a: Cinderace|Cinderace, M, tera:Fire|30/100
|move|p2a: Skarmory|Iron Defense|p2a: Skarmory
|-boost|p2a: Skarmory|def|2
|
|upkeep
|turn|36
|
|t:|1760364846
|move|p1a: Cinderace|Pyro Ball|p2a: Skarmory
|-supereffective|p2a: Skarmory
|-damage|p2a: Skarmory|53/100
|move|p2a: Skarmory|Body Press|p1a: Cinderace
|-damage|p1a: Cinderace|0 fnt
|faint|p1a: Cinderace
|
|upkeep
|
|t:|1760364850
|switch|p1a: Dragonite|Dragonite, M|100/100
|turn|37
|
|t:|1760364856
|move|p1a: Dragonite|Rock Slide|p2a: Skarmory
|-damage|p2a: Skarmory|45/100
|move|p2a: Skarmory|Roost|p2a: Skarmory
|-heal|p2a: Skarmory|95/100
|-singleturn|p2a: Skarmory|move: Roost
|
|upkeep
|turn|38
|-message|Tusia88 forfeited.
|
|win|kinsword
|raw|Tusia88's rating: 1473 &rarr; <strong>1452</strong><br />(-21 for losing)
|raw|kinsword's rating: 1455 &rarr; <strong>1476</strong><br />(+21 for winning)
|l|☆Tusia88
|player|p1|
|l|☆kinsword
|player|p2|
