|j|☆A Regular Plumbus
|j|☆K3c8ge4
|t:|1760303871
|gametype|singles
|player|p1|A Regular Plumbus|baker|1689
|player|p2|K3c8ge4|elesa|1698
|gen|9
|tier|[Gen 9] OU
|rated|
|rule|HP Percentage Mod: HP is shown in percentages
|rule|Endless Battle Clause: Forcing endless battles is banned
|rule|Species Clause: Limit one of each Pokémon
|rule|OHKO Clause: OHKO moves are banned
|rule|Evasion Items Clause: Evasion items are banned
|rule|Evasion Moves Clause: Evasion moves are banned
|rule|Evasion Abilities Clause: Evasion abilities are banned
|rule|Sleep Moves Clause: Sleep-inducing moves are banned
|clearpoke
|poke|p1|Chesnaught, M|
|poke|p1|Armarouge, F|
|poke|p1|Thundurus-Therian, M|
|poke|p1|Tentacruel, F|
|poke|p1|Tornadus-Therian, M|
|poke|p1|Garganacl, F|
|poke|p2|Scizor, F|
|poke|p2|Raging Bolt|
|poke|p2|Primarina, M|
|poke|p2|Ogerpon-Cornerstone, F|
|poke|p2|Great Tusk|
|poke|p2|Zamazenta-*|
|teampreview
|inactive|Battle timer is ON: inactive players will automatically lose when time's up. (requested by K3c8ge4)
|inactive|A Regular Plumbus also wants the timer to be on.
|
|t:|1760303883
|teamsize|p1|6
|teamsize|p2|6
|start
|switch|p1a: Tornadus|Tornadus-Therian, M|100/100
|switch|p2a: Raging Bolt|Raging Bolt|100/100
|turn|1
|j| St.Peewee
|
|t:|1760303898
|move|p1a: Tornadus|U-turn|p2a: Raging Bolt
|-damage|p2a: Raging Bolt|88/100
|
|t:|1760303902
|switch|p1a: Thundurus|Thundurus-Therian, M, shiny|100/100|[from] U-turn
|move|p2a: Raging Bolt|Draco Meteor|p1a: Thundurus
|-damage|p1a: Thundurus|0 fnt
|-unboost|p2a: Raging Bolt|spa|2
|faint|p1a: Thundurus
|
|upkeep
|
|t:|1760303910
|switch|p1a: Garganacl|Garganacl, F|100/100
|turn|2
|
|t:|1760303916
|-end|p2a: Raging Bolt|Protosynthesis|[silent]
|switch|p2a: Great Tusk|Great Tusk|100/100
|move|p1a: Garganacl|Salt Cure|p2a: Great Tusk
|-resisted|p2a: Great Tusk
|-damage|p2a: Great Tusk|98/100
|-start|p2a: Great Tusk|Salt Cure
|
|-damage|p2a: Great Tusk|86/100|[from] Salt Cure
|upkeep
|turn|3
|j| Ctannn
|
|t:|1760303933
|move|p2a: Great Tusk|Stealth Rock|p1a: Garganacl
|-sidestart|p1: A Regular Plumbus|move: Stealth Rock
|move|p1a: Garganacl|Stealth Rock|p2a: Great Tusk
|-sidestart|p2: K3c8ge4|move: Stealth Rock
|
|-damage|p2a: Great Tusk|74/100|[from] Salt Cure
|upkeep
|turn|4
|
|t:|1760303939
|-end|p2a: Great Tusk|Protosynthesis|[silent]
|switch|p2a: Ogerpon|Ogerpon-Cornerstone, F|100/100
|-damage|p2a: Ogerpon|88/100|[from] Stealth Rock
|move|p1a: Garganacl|Protect||[still]
|-fail|p1a: Garganacl
|
|upkeep
|turn|5
|
|t:|1760303941
|move|p2a: Ogerpon|Encore|p1a: Garganacl
|-start|p1a: Garganacl|Encore
|move|p1a: Garganacl|Protect||[still]
|-fail|p1a: Garganacl
|
|upkeep
|turn|6
|
|t:|1760303950
|switch|p1a: Chesnaught|Chesnaught, M|100/100
|-damage|p1a: Chesnaught|94/100|[from] Stealth Rock
|move|p2a: Ogerpon|Ivy Cudgel|p1a: Chesnaught|[anim] Ivy Cudgel Rock
|-resisted|p1a: Chesnaught
|-damage|p1a: Chesnaught|79/100
|
|upkeep
|turn|7
|
|t:|1760303953
|move|p2a: Ogerpon|U-turn|p1a: Chesnaught
|-damage|p1a: Chesnaught|62/100
|-damage|p2a: Ogerpon|72/100|[from] item: Rocky Helmet|[of] p1a: Chesnaught
|
|t:|1760303956
|switch|p2a: Scizor|Scizor, F|100/100|[from] U-turn
|-damage|p2a: Scizor|88/100|[from] Stealth Rock
|move|p1a: Chesnaught|Body Press|p2a: Scizor
|-damage|p2a: Scizor|39/100
|
|upkeep
|turn|8
|
|t:|1760303963
|move|p2a: Scizor|Dual Wingbeat|p1a: Chesnaught
|-supereffective|p1a: Chesnaught
|-damage|p1a: Chesnaught|0 fnt
|-damage|p2a: Scizor|22/100|[from] item: Rocky Helmet|[of] p1a: Chesnaught
|faint|p1a: Chesnaught
|-hitcount|p1: Chesnaught|1
|
|upkeep
|
|t:|1760303966
|switch|p1a: Tentacruel|Tentacruel, F|100/100
|turn|9
|
|t:|1760303984
|switch|p2a: Great Tusk|Great Tusk|74/100
|move|p1a: Tentacruel|Rapid Spin|p2a: Great Tusk
|-damage|p2a: Great Tusk|68/100
|-boost|p1a: Tentacruel|spe|1
|-sideend|p1: A Regular Plumbus|Stealth Rock|[from] move: Rapid Spin|[of] p1a: Tentacruel
|
|upkeep
|turn|10
|
|t:|1760303991
|move|p1a: Tentacruel|Ice Beam|p2a: Great Tusk
|-supereffective|p2a: Great Tusk
|-damage|p2a: Great Tusk|21/100
|move|p2a: Great Tusk|Rapid Spin|p1a: Tentacruel
|-damage|p1a: Tentacruel|79/100
|-boost|p2a: Great Tusk|spe|1
|-sideend|p2: K3c8ge4|Stealth Rock|[from] move: Rapid Spin|[of] p2a: Great Tusk
|
|upkeep
|turn|11
|
|t:|1760303997
|move|p2a: Great Tusk|Stealth Rock|p1a: Tentacruel
|-sidestart|p1: A Regular Plumbus|move: Stealth Rock
|move|p1a: Tentacruel|Flip Turn|p2a: Great Tusk
|-supereffective|p2a: Great Tusk
|-damage|p2a: Great Tusk|3/100
|
|t:|1760304003
|switch|p1a: Tornadus|Tornadus-Therian, M|100/100|[from] Flip Turn
|-damage|p1a: Tornadus|76/100|[from] Stealth Rock
|
|upkeep
|turn|12
|
|t:|1760304005
|move|p2a: Great Tusk|Ice Spinner|p1a: Tornadus
|-supereffective|p1a: Tornadus
|-damage|p1a: Tornadus|11/100
|move|p1a: Tornadus|U-turn|p2a: Great Tusk
|-resisted|p2a: Great Tusk
|-damage|p2a: Great Tusk|0 fnt
|faint|p2a: Great Tusk
|-end|p2a: Great Tusk|Protosynthesis|[silent]
|
|t:|1760304011
|switch|p1a: Garganacl|Garganacl, F|100/100|[from] U-turn
|-damage|p1a: Garganacl|88/100|[from] Stealth Rock
|
|-heal|p1a: Garganacl|94/100|[from] item: Leftovers
|upkeep
|
|t:|1760304040
|switch|p2a: Scizor|Scizor, F|22/100
|turn|13
|
|t:|1760304067
|move|p2a: Scizor|Bullet Punch|p1a: Garganacl
|-supereffective|p1a: Garganacl
|-damage|p1a: Garganacl|23/100
|move|p1a: Garganacl|Salt Cure|p2a: Scizor
|-damage|p2a: Scizor|8/100
|-start|p2a: Scizor|Salt Cure
|
|-heal|p1a: Garganacl|29/100|[from] item: Leftovers
|-damage|p2a: Scizor|0 fnt|[from] Salt Cure
|faint|p2a: Scizor
|upkeep
|
|t:|1760304074
|switch|p2a: Ogerpon|Ogerpon-Cornerstone, F|72/100
|turn|14
|
|t:|1760304086
|move|p2a: Ogerpon|Ivy Cudgel|p1a: Garganacl|[anim] Ivy Cudgel Rock
|-damage|p1a: Garganacl|0 fnt
|faint|p1a: Garganacl
|
|upkeep
|
|t:|1760304090
|switch|p1a: Armarouge|Armarouge, F|100/100
|-damage|p1a: Armarouge|76/100|[from] Stealth Rock
|turn|15
|l| St.Peewee
|
|t:|1760304098
|move|p1a: Armarouge|Endure|p1a: Armarouge
|-singleturn|p1a: Armarouge|move: Endure
|move|p2a: Ogerpon|Encore|p1a: Armarouge
|-start|p1a: Armarouge|Encore
|
|upkeep
|turn|16
|
|t:|1760304101
|switch|p1a: Tornadus|Tornadus-Therian, M|44/100
|-damage|p1a: Tornadus|19/100|[from] Stealth Rock
|move|p2a: Ogerpon|Ivy Cudgel|p1a: Tornadus|[anim] Ivy Cudgel Rock
|-supereffective|p1a: Tornadus
|-damage|p1a: Tornadus|0 fnt
|faint|p1a: Tornadus
|
|upkeep
|
|t:|1760304120
|switch|p1a: Armarouge|Armarouge, F|76/100
|-damage|p1a: Armarouge|51/100|[from] Stealth Rock
|turn|17
|
|t:|1760304127
|move|p2a: Ogerpon|Encore||[still]
|-fail|p2a: Ogerpon
|move|p1a: Armarouge|Psychic|p2a: Ogerpon
|-damage|p2a: Ogerpon|8/100
|
|upkeep
|turn|18
|l|☆A Regular Plumbus
|inactive|A Regular Plumbus disconnected and has a minute to reconnect!
|player|p1|
|inactive|A Regular Plumbus has 30 seconds to reconnect!
|inactive|A Regular Plumbus has 20 seconds to reconnect!
|inactive|A Regular Plumbus has 15 seconds to reconnect!
|inactive|A Regular Plumbus has 10 seconds to reconnect!
|l| Ctannn
|inactive|A Regular Plumbus has 5 seconds to reconnect!
|-message|A Regular Plumbus lost due to inactivity.
|
|win|K3c8ge4
|raw|A Regular Plumbus's rating: 1689 &rarr; <strong>1670</strong><br />(-19 for losing)
|raw|K3c8ge4's rating: 1698 &rarr; <strong>1717</strong><br />(+19 for winning)
|l|☆K3c8ge4
|player|p2|
|j| Samurajen
