|j|☆adv 1v1
|j|☆Shanubiki
|t:|1760441205
|gametype|singles
|player|p1|adv 1v1|lisia|1663
|player|p2|Shanubiki|265|1651
|gen|9
|tier|[Gen 9] OU
|rated|
|rule|HP Percentage Mod: HP is shown in percentages
|rule|Endless Battle Clause: Forcing endless battles is banned
|rule|Species Clause: Limit one of each Pokémon
|rule|OHKO Clause: OHKO moves are banned
|rule|Evasion Items Clause: Evasion items are banned
|rule|Evasion Moves Clause: Evasion moves are banned
|rule|Evasion Abilities Clause: Evasion abilities are banned
|rule|Sleep Moves Clause: Sleep-inducing moves are banned
|clearpoke
|poke|p1|Jirachi|
|poke|p1|Ursaluna, M|
|poke|p1|Iron Hands|
|poke|p1|Volcanion|
|poke|p1|Moltres-Galar|
|poke|p1|Rillaboom, F|
|poke|p2|Hoopa-Unbound|
|poke|p2|Corviknight, F|
|poke|p2|Kommo-o, M|
|poke|p2|Iron Treads|
|poke|p2|Iron Moth|
|poke|p2|Ogerpon-Wellspring, F|
|teampreview
|inactive|Battle timer is ON: inactive players will automatically lose when time's up. (requested by adv 1v1)
|
|t:|1760441224
|teamsize|p1|6
|teamsize|p2|6
|start
|switch|p1a: Moltres|Moltres-Galar|100/100
|switch|p2a: Iron Treads|Iron Treads|100/100
|turn|1
|
|t:|1760441229
|switch|p1a: Volcanion|Volcanion|100/100
|move|p2a: Iron Treads|Ice Spinner|p1a: Volcanion
|-resisted|p1a: Volcanion
|-damage|p1a: Volcanion|93/100
|
|upkeep
|turn|2
|
|t:|1760441236
|-end|p2a: Iron Treads|Quark Drive|[silent]
|switch|p2a: Kommo-o|Kommo-o, M|100/100
|move|p1a: Volcanion|Steam Eruption|p2a: Kommo-o
|-resisted|p2a: Kommo-o
|-damage|p2a: Kommo-o|73/100
|
|-heal|p2a: Kommo-o|80/100|[from] item: Leftovers
|upkeep
|turn|3
|j| wgw2333
|
|t:|1760441241
|move|p2a: Kommo-o|Stealth Rock|p1a: Volcanion
|-sidestart|p1: adv 1v1|move: Stealth Rock
|move|p1a: Volcanion|Earth Power|p2a: Kommo-o
|-crit|p2a: Kommo-o
|-damage|p2a: Kommo-o|30/100
|
|-heal|p2a: Kommo-o|36/100|[from] item: Leftovers
|upkeep
|turn|4
|
|t:|1760441245
|switch|p1a: Moltres|Moltres-Galar|100/100
|-damage|p1a: Moltres|75/100|[from] Stealth Rock
|move|p2a: Kommo-o|Draco Meteor|p1a: Moltres
|-damage|p1a: Moltres|48/100
|-unboost|p2a: Kommo-o|spa|2
|-ability|p1a: Moltres|Berserk|boost
|-boost|p1a: Moltres|spa|1
|
|-heal|p2a: Kommo-o|42/100|[from] item: Leftovers
|-heal|p1a: Moltres|54/100|[from] item: Leftovers
|upkeep
|turn|5
|j| nonchalantbufalant
|
|t:|1760441249
|move|p1a: Moltres|Air Slash|p2a: Kommo-o
|-supereffective|p2a: Kommo-o
|-damage|p2a: Kommo-o|0 fnt
|faint|p2a: Kommo-o
|
|-heal|p1a: Moltres|60/100|[from] item: Leftovers
|upkeep
|
|t:|1760441258
|switch|p2a: Iron Treads|Iron Treads|100/100
|turn|6
|
|t:|1760441263
|switch|p1a: Volcanion|Volcanion|93/100
|move|p2a: Iron Treads|Iron Head|p1a: Volcanion
|-resisted|p1a: Volcanion
|-damage|p1a: Volcanion|81/100
|
|upkeep
|turn|7
|
|t:|1760441270
|-end|p2a: Iron Treads|Quark Drive|[silent]
|switch|p2a: Hoopa|Hoopa-Unbound|100/100
|move|p1a: Volcanion|Flamethrower|p2a: Hoopa
|-damage|p2a: Hoopa|52/100
|
|upkeep
|turn|8
|
|t:|1760441276
|switch|p2a: Ogerpon|Ogerpon-Wellspring, F|100/100
|move|p1a: Volcanion|Steam Eruption|p2a: Ogerpon
|-immune|p2a: Ogerpon|[from] ability: Water Absorb
|
|upkeep
|turn|9
|
|t:|1760441278
|move|p2a: Ogerpon|Encore|p1a: Volcanion
|-start|p1a: Volcanion|Encore
|move|p1a: Volcanion|Steam Eruption|p2a: Ogerpon
|-immune|p2a: Ogerpon|[from] ability: Water Absorb
|
|upkeep
|turn|10
|
|t:|1760441286
|switch|p1a: Rillaboom|Rillaboom, F|100/100
|-damage|p1a: Rillaboom|88/100|[from] Stealth Rock
|-fieldstart|move: Grassy Terrain|[from] ability: Grassy Surge|[of] p1a: Rillaboom
|move|p2a: Ogerpon|U-turn|p1a: Rillaboom
|-supereffective|p1a: Rillaboom
|-damage|p1a: Rillaboom|27/100
|
|t:|1760441288
|switch|p2a: Corviknight|Corviknight, F|100/100|[from] U-turn
|-ability|p2a: Corviknight|Pressure
|
|-heal|p1a: Rillaboom|33/100|[from] Grassy Terrain
|upkeep
|turn|11
|
|t:|1760441293
|switch|p1a: Volcanion|Volcanion|81/100
|move|p2a: Corviknight|U-turn|p1a: Volcanion
|-resisted|p1a: Volcanion
|-damage|p1a: Volcanion|75/100
|
|t:|1760441299
|switch|p2a: Hoopa|Hoopa-Unbound|52/100|[from] U-turn
|
|-heal|p2a: Hoopa|58/100|[from] Grassy Terrain
|-heal|p1a: Volcanion|81/100|[from] Grassy Terrain
|upkeep
|turn|12
|
|t:|1760441302
|move|p2a: Hoopa|Knock Off|p1a: Volcanion
|-damage|p1a: Volcanion|38/100
|-enditem|p1a: Volcanion|Heavy-Duty Boots|[from] move: Knock Off|[of] p2a: Hoopa
|move|p1a: Volcanion|Steam Eruption|p2a: Hoopa
|-damage|p2a: Hoopa|0 fnt
|faint|p2a: Hoopa
|
|-heal|p1a: Volcanion|44/100|[from] Grassy Terrain
|upkeep
|
|t:|1760441312
|switch|p2a: Ogerpon|Ogerpon-Wellspring, F|100/100
|turn|13
|
|t:|1760441313
|move|p2a: Ogerpon|Horn Leech|p1a: Volcanion
|-damage|p1a: Volcanion|0 fnt
|faint|p1a: Volcanion
|
|upkeep
|
|t:|1760441340
|switch|p1a: Jirachi|Jirachi|100/100
|-damage|p1a: Jirachi|94/100|[from] Stealth Rock
|turn|14
|
|t:|1760441357
|switch|p2a: Iron Treads|Iron Treads|100/100
|move|p1a: Jirachi|U-turn|p2a: Iron Treads
|-resisted|p2a: Iron Treads
|-damage|p2a: Iron Treads|91/100
|
|t:|1760441361
|switch|p1a: Moltres|Moltres-Galar|60/100|[from] U-turn
|-damage|p1a: Moltres|35/100|[from] Stealth Rock
|
|-heal|p2a: Iron Treads|97/100|[from] Grassy Terrain
|-heal|p1a: Moltres|41/100|[from] item: Leftovers
|-fieldend|move: Grassy Terrain
|upkeep
|turn|15
|
|t:|1760441367
|move|p2a: Iron Treads|Ice Spinner|p1a: Moltres
|-supereffective|p1a: Moltres
|-damage|p1a: Moltres|0 fnt
|faint|p1a: Moltres
|
|upkeep
|
|t:|1760441370
|switch|p1a: Iron Hands|Iron Hands|100/100
|-damage|p1a: Iron Hands|94/100|[from] Stealth Rock
|-enditem|p1a: Iron Hands|Booster Energy
|-activate|p1a: Iron Hands|ability: Quark Drive|[fromitem]
|-start|p1a: Iron Hands|quarkdriveatk
|turn|16
|
|t:|1760441380
|-end|p2a: Iron Treads|Quark Drive|[silent]
|switch|p2a: Iron Moth|Iron Moth|100/100
|-enditem|p2a: Iron Moth|Booster Energy
|-activate|p2a: Iron Moth|ability: Quark Drive|[fromitem]
|-start|p2a: Iron Moth|quarkdrivespe
|move|p1a: Iron Hands|Thunder Punch|p2a: Iron Moth
|-damage|p2a: Iron Moth|18/100
|
|upkeep
|turn|17
|
|t:|1760441384
|move|p2a: Iron Moth|Dazzling Gleam|p1a: Iron Hands
|-supereffective|p1a: Iron Hands
|-damage|p1a: Iron Hands|35/100
|move|p1a: Iron Hands|Drain Punch|p2a: Iron Moth
|-resisted|p2a: Iron Moth
|-damage|p2a: Iron Moth|0 fnt
|-heal|p1a: Iron Hands|41/100|[from] drain|[of] p2a: Iron Moth
|faint|p2a: Iron Moth
|-end|p2a: Iron Moth|Quark Drive|[silent]
|
|upkeep
|
|t:|1760441388
|switch|p2a: Iron Treads|Iron Treads|97/100
|turn|18
|
|t:|1760441391
|-terastallize|p1a: Iron Hands|Flying
|move|p2a: Iron Treads|Earthquake|p1a: Iron Hands
|-immune|p1a: Iron Hands
|move|p1a: Iron Hands|Drain Punch|p2a: Iron Treads
|-supereffective|p2a: Iron Treads
|-damage|p2a: Iron Treads|0 fnt
|-heal|p1a: Iron Hands|76/100|[from] drain|[of] p2a: Iron Treads
|faint|p2a: Iron Treads
|-end|p2a: Iron Treads|Quark Drive|[silent]
|
|upkeep
|-message|Shanubiki forfeited.
|
|win|adv 1v1
|raw|adv 1v1's rating: 1663 &rarr; <strong>1682</strong><br />(+19 for winning)
|raw|Shanubiki's rating: 1651 &rarr; <strong>1632</strong><br />(-19 for losing)
|l|☆Shanubiki
|player|p2|
|l|☆adv 1v1
|player|p1|
|l| wgw2333
|l| nonchalantbufalant
