|j|☆enthusiastic_squid
|j|☆spongeon
|t:|1760396725
|gametype|singles
|player|p1|enthusiastic_squid|hiker-gen4|1427
|player|p2|spongeon|169|1395
|gen|9
|tier|[Gen 9] OU
|rated|
|rule|HP Percentage Mod: HP is shown in percentages
|rule|Endless Battle Clause: Forcing endless battles is banned
|rule|Species Clause: Limit one of each Pokémon
|rule|OHKO Clause: OHKO moves are banned
|rule|Evasion Items Clause: Evasion items are banned
|rule|Evasion Moves Clause: Evasion moves are banned
|rule|Evasion Abilities Clause: Evasion abilities are banned
|rule|Sleep Moves Clause: Sleep-inducing moves are banned
|clearpoke
|poke|p1|Corviknight, M|
|poke|p1|Excadrill, F|
|poke|p1|Tyranitar, F|
|poke|p1|Iron Valiant|
|poke|p1|Alomomola, F|
|poke|p1|Slowking-Galar, M|
|poke|p2|Zamazenta-*|
|poke|p2|Zapdos|
|poke|p2|Maushold|
|poke|p2|Comfey, M|
|poke|p2|Sandslash-Alola, F|
|poke|p2|Slowking-Galar, M|
|teampreview
|
|t:|1760396747
|teamsize|p1|6
|teamsize|p2|6
|start
|switch|p1a: Pancake|Alomomola, F|100/100
|switch|p2a: Zapdos|Zapdos|100/100
|turn|1
|
|t:|1760396754
|switch|p1a: Warlock|Slowking-Galar, M|100/100
|move|p2a: Zapdos|Volt Switch|p1a: Warlock
|-damage|p1a: Warlock|77/100
|-damage|p2a: Zapdos|91/100|[from] item: Life Orb
|
|t:|1760396769
|switch|p2a: Slowking|Slowking-Galar, M|100/100|[from] Volt Switch
|
|upkeep
|turn|2
|
|t:|1760396773
|move|p1a: Warlock|Future Sight|p2a: Slowking
|-start|p1a: Warlock|move: Future Sight
|move|p2a: Slowking|Psychic Noise|p1a: Warlock
|-damage|p1a: Warlock|63/100
|-start|p1a: Warlock|move: Heal Block
|
|upkeep
|turn|3
|
|t:|1760396783
|switch|p1a: Gojira|Tyranitar, F|100/100
|-weather|Sandstorm|[from] ability: Sand Stream|[of] p1a: Gojira
|-prepare|p2a: Slowking|Chilly Reception|[premajor]
|move|p2a: Slowking|Chilly Reception|p2a: Slowking
|-weather|Snowscape
|
|t:|1760396831
|switch|p2a: Sandslash|Sandslash-Alola, F|100/100|[from] Chilly Reception
|
|-weather|Snowscape|[upkeep]
|upkeep
|turn|4
|
|t:|1760396835
|switch|p1a: Pancake|Alomomola, F|100/100
|move|p2a: Sandslash|Swords Dance|p2a: Sandslash
|-boost|p2a: Sandslash|atk|2
|
|-weather|Snowscape|[upkeep]
|-end|p2a: Sandslash|move: Future Sight
|-resisted|p2a: Sandslash
|-damage|p2a: Sandslash|57/100
|upkeep
|turn|5
|
|t:|1760396843
|move|p2a: Sandslash|Knock Off|p1a: Pancake
|-damage|p1a: Pancake|68/100
|-enditem|p1a: Pancake|Heavy-Duty Boots|[from] move: Knock Off|[of] p2a: Sandslash
|move|p1a: Pancake|Scald|p2a: Sandslash
|-damage|p2a: Sandslash|37/100
|
|-weather|Snowscape|[upkeep]
|upkeep
|turn|6
|
|t:|1760396851
|move|p2a: Sandslash|Earthquake|p1a: Pancake
|-damage|p1a: Pancake|31/100
|move|p1a: Pancake|Scald|p2a: Sandslash
|-damage|p2a: Sandslash|16/100
|-status|p2a: Sandslash|brn
|
|-weather|Snowscape|[upkeep]
|-damage|p2a: Sandslash|10/100 brn|[from] brn
|upkeep
|turn|7
|
|t:|1760396865
|switch|p1a: Edgar|Corviknight, M|100/100
|-ability|p1a: Edgar|Pressure
|move|p2a: Sandslash|Triple Axel|p1a: Edgar
|-damage|p1a: Edgar|95/100
|-damage|p2a: Sandslash|0 fnt|[from] item: Rocky Helmet|[of] p1a: Edgar
|faint|p2a: Sandslash
|-hitcount|p1a: Edgar|1
|
|-weather|Snowscape|[upkeep]
|upkeep
|
|t:|1760396878
|switch|p2a: Zapdos|Zapdos|91/100
|turn|8
|
|t:|1760396882
|switch|p1a: Warlock|Slowking-Galar, M|96/100
|move|p2a: Zapdos|Heat Wave|p1a: Warlock
|-damage|p1a: Warlock|75/100
|-damage|p2a: Zapdos|81/100|[from] item: Life Orb
|
|-weather|Snowscape|[upkeep]
|upkeep
|turn|9
|
|t:|1760396895
|switch|p1a: Gojira|Tyranitar, F|100/100
|-weather|Sandstorm|[from] ability: Sand Stream|[of] p1a: Gojira
|move|p2a: Zapdos|Thunderbolt|p1a: Gojira
|-damage|p1a: Gojira|78/100
|-damage|p2a: Zapdos|71/100|[from] item: Life Orb
|
|-weather|Sandstorm|[upkeep]
|-damage|p2a: Zapdos|64/100|[from] Sandstorm
|upkeep
|turn|10
|
|t:|1760396905
|move|p2a: Zapdos|Volt Switch|p1a: Gojira
|-damage|p1a: Gojira|60/100
|-damage|p2a: Zapdos|54/100|[from] item: Life Orb
|
|t:|1760396908
|switch|p2a: Slowking|Slowking-Galar, M|100/100|[from] Volt Switch
|move|p1a: Gojira|Stealth Rock|p2a: Slowking
|-sidestart|p2: spongeon|move: Stealth Rock
|
|-weather|Sandstorm|[upkeep]
|-damage|p2a: Slowking|94/100|[from] Sandstorm
|upkeep
|turn|11
|
|t:|1760396913
|move|p1a: Gojira|Taunt|p2a: Slowking
|-start|p2a: Slowking|move: Taunt
|-prepare|p2a: Slowking|Chilly Reception|[premajor]
|cant|p2a: Slowking|move: Taunt|Chilly Reception
|
|-weather|Sandstorm|[upkeep]
|-damage|p2a: Slowking|88/100|[from] Sandstorm
|upkeep
|turn|12
|
|t:|1760396921
|move|p1a: Gojira|Knock Off|p2a: Slowking
|-supereffective|p2a: Slowking
|-damage|p2a: Slowking|4/100
|-enditem|p2a: Slowking|Icy Rock|[from] move: Knock Off|[of] p1a: Gojira
|move|p2a: Slowking|Flamethrower|p1a: Gojira
|-resisted|p1a: Gojira
|-damage|p1a: Gojira|56/100
|
|-weather|Sandstorm|[upkeep]
|-damage|p2a: Slowking|0 fnt|[from] Sandstorm
|faint|p2a: Slowking
|upkeep
|
|t:|1760396927
|switch|p2a: Comfey|Comfey, M|100/100
|-damage|p2a: Comfey|88/100|[from] Stealth Rock
|turn|13
|
|t:|1760396933
|switch|p1a: Warlock|Slowking-Galar, M|100/100
|move|p2a: Comfey|Calm Mind|p2a: Comfey
|-boost|p2a: Comfey|spa|1
|-boost|p2a: Comfey|spd|1
|
|-weather|Sandstorm|[upkeep]
|-damage|p2a: Comfey|82/100|[from] Sandstorm
|-damage|p1a: Warlock|94/100|[from] Sandstorm
|upkeep
|turn|14
|
|t:|1760396940
|-terastallize|p2a: Comfey|Ground
|move|p2a: Comfey|Tera Blast|p1a: Warlock|[anim] Tera Blast Ground
|-supereffective|p1a: Warlock
|-damage|p1a: Warlock|28/100
|move|p1a: Warlock|Psychic Noise|p2a: Comfey
|-damage|p2a: Comfey|54/100
|-start|p2a: Comfey|move: Heal Block
|
|-weather|Sandstorm|[upkeep]
|-damage|p1a: Warlock|22/100|[from] Sandstorm
|upkeep
|turn|15
|
|t:|1760396951
|switch|p1a: Edgar|Corviknight, M|95/100
|-ability|p1a: Edgar|Pressure
|move|p2a: Comfey|Tera Blast|p1a: Edgar|[anim] Tera Blast Ground
|-immune|p1a: Edgar
|
|-weather|Sandstorm|[upkeep]
|-end|p2a: Comfey|move: Heal Block
|upkeep
|turn|16
|
|t:|1760396966
|switch|p2a: Zamazenta|Zamazenta|100/100
|-damage|p2a: Zamazenta|94/100|[from] Stealth Rock
|-ability|p2a: Zamazenta|Dauntless Shield|boost
|-boost|p2a: Zamazenta|def|1
|move|p1a: Edgar|Brave Bird|p2a: Zamazenta
|-supereffective|p2a: Zamazenta
|-damage|p2a: Zamazenta|62/100
|-damage|p1a: Edgar|86/100|[from] Recoil
|
|-weather|none
|upkeep
|turn|17
|
|t:|1760396976
|switch|p1a: Pancake|Alomomola, F|64/100
|move|p2a: Zamazenta|Iron Defense|p2a: Zamazenta
|-boost|p2a: Zamazenta|def|2
|
|upkeep
|turn|18
|
|t:|1760396980
|move|p2a: Zamazenta|Iron Defense|p2a: Zamazenta
|-boost|p2a: Zamazenta|def|2
|move|p1a: Pancake|Flip Turn|p2a: Zamazenta
|-damage|p2a: Zamazenta|59/100
|
|t:|1760396983
|switch|p1a: Pearl|Iron Valiant|100/100|[from] Flip Turn
|-enditem|p1a: Pearl|Booster Energy
|-activate|p1a: Pearl|ability: Quark Drive|[fromitem]
|-start|p1a: Pearl|quarkdrivespe
|
|upkeep
|turn|19
|
|t:|1760396990
|move|p1a: Pearl|Moonblast|p2a: Zamazenta
|-supereffective|p2a: Zamazenta
|-damage|p2a: Zamazenta|0 fnt
|faint|p2a: Zamazenta
|
|upkeep
|
|t:|1760396996
|switch|p2a: Zapdos|Zapdos|54/100
|-damage|p2a: Zapdos|29/100|[from] Stealth Rock
|turn|20
|
|t:|1760397000
|move|p1a: Pearl|Moonblast|p2a: Zapdos
|-damage|p2a: Zapdos|0 fnt
|faint|p2a: Zapdos
|
|upkeep
|-message|spongeon forfeited.
|
|win|enthusiastic_squid
|raw|enthusiastic_squid's rating: 1427 &rarr; <strong>1445</strong><br />(+18 for winning)
|raw|spongeon's rating: 1395 &rarr; <strong>1377</strong><br />(-18 for losing)
|l|☆spongeon
|player|p2|
|l|☆enthusiastic_squid
|player|p1|
