|j|☆champ bogar
|j|☆torvik en place
|t:|1760382247
|gametype|singles
|player|p1|champ bogar|cynthia-masters3|1786
|player|p2|torvik en place|gambler|1771
|gen|9
|tier|[Gen 9] OU
|rated|
|rule|HP Percentage Mod: HP is shown in percentages
|rule|Endless Battle Clause: Forcing endless battles is banned
|rule|Species Clause: Limit one of each Pokémon
|rule|OHKO Clause: OHKO moves are banned
|rule|Evasion Items Clause: Evasion items are banned
|rule|Evasion Moves Clause: Evasion moves are banned
|rule|Evasion Abilities Clause: Evasion abilities are banned
|rule|Sleep Moves Clause: Sleep-inducing moves are banned
|clearpoke
|poke|p1|Garchomp, F|
|poke|p1|Darkrai|
|poke|p1|Deoxys-Speed|
|poke|p1|Clodsire, F|
|poke|p1|Corviknight, M|
|poke|p1|Cinderace, F|
|poke|p2|Darkrai|
|poke|p2|Enamorus, F|
|poke|p2|Cinderace, F|
|poke|p2|Great Tusk|
|poke|p2|Alomomola, F|
|poke|p2|Amoonguss, F|
|teampreview
|inactive|Battle timer is ON: inactive players will automatically lose when time's up. (requested by champ bogar)
|inactive|torvik en place has 120 seconds left.
|
|t:|1760382288
|teamsize|p1|6
|teamsize|p2|6
|start
|switch|p1a: Clodsire|Clodsire, F|100/100
|switch|p2a: Enamorus|Enamorus, F|100/100
|turn|1
|
|t:|1760382298
|move|p2a: Enamorus|Earth Power|p1a: Clodsire
|-supereffective|p1a: Clodsire
|-damage|p1a: Clodsire|47/100
|move|p1a: Clodsire|Poison Jab|p2a: Enamorus
|-supereffective|p2a: Enamorus
|-damage|p2a: Enamorus|32/100
|-status|p2a: Enamorus|psn
|
|-heal|p1a: Clodsire|54/100|[from] item: Leftovers
|-damage|p2a: Enamorus|20/100 psn|[from] psn
|upkeep
|turn|2
|
|t:|1760382316
|switch|p1a: Corviknight|Corviknight, M|100/100
|-ability|p1a: Corviknight|Pressure
|move|p2a: Enamorus|Earth Power|p1a: Corviknight
|-immune|p1a: Corviknight
|
|-damage|p2a: Enamorus|7/100 psn|[from] psn
|upkeep
|turn|3
|
|t:|1760382324
|switch|p2a: Great Tusk|Great Tusk|100/100
|move|p1a: Corviknight|U-turn|p2a: Great Tusk
|-resisted|p2a: Great Tusk
|-damage|p2a: Great Tusk|95/100
|
|t:|1760382329
|switch|p1a: Deoxys|Deoxys-Speed, shiny|100/100|[from] U-turn
|-ability|p1a: Deoxys|Pressure
|
|upkeep
|turn|4
|
|t:|1760382350
|-end|p2a: Great Tusk|Protosynthesis|[silent]
|switch|p2a: Alomomola|Alomomola, F|100/100
|move|p1a: Deoxys|Psycho Boost|p2a: Alomomola
|-damage|p2a: Alomomola|64/100
|-unboost|p1a: Deoxys|spa|2
|-damage|p1a: Deoxys|91/100|[from] item: Life Orb
|
|upkeep
|turn|5
|inactive|torvik en place has 120 seconds left.
|
|t:|1760382379
|switch|p1a: Clodsire|Clodsire, F|54/100
|switch|p2a: Darkrai|Darkrai|100/100
|
|-heal|p1a: Clodsire|60/100|[from] item: Leftovers
|upkeep
|turn|6
|
|t:|1760382384
|-terastallize|p2a: Darkrai|Dark
|move|p2a: Darkrai|Knock Off|p1a: Clodsire
|-damage|p1a: Clodsire|4/100
|-enditem|p1a: Clodsire|Leftovers|[from] move: Knock Off|[of] p2a: Darkrai
|move|p1a: Clodsire|Recover|p1a: Clodsire
|-heal|p1a: Clodsire|54/100
|
|upkeep
|turn|7
|j| pacmanz
|
|t:|1760382389
|move|p2a: Darkrai|Dark Pulse|p1a: Clodsire
|-damage|p1a: Clodsire|19/100
|cant|p1a: Clodsire|flinch
|
|upkeep
|turn|8
|
|t:|1760382394
|-terastallize|p1a: Clodsire|Dark
|move|p2a: Darkrai|Dark Pulse|p1a: Clodsire
|-resisted|p1a: Clodsire
|-damage|p1a: Clodsire|2/100
|move|p1a: Clodsire|Recover|p1a: Clodsire
|-heal|p1a: Clodsire|52/100
|
|upkeep
|turn|9
|
|t:|1760382422
|switch|p2a: Great Tusk|Great Tusk|95/100
|move|p1a: Clodsire|Recover|p1a: Clodsire
|-heal|p1a: Clodsire|100/100
|
|upkeep
|turn|10
|
|t:|1760382428
|-end|p2a: Great Tusk|Protosynthesis|[silent]
|switch|p2a: Cinderace|Cinderace, F|100/100
|switch|p1a: Corviknight|Corviknight, M|100/100
|-ability|p1a: Corviknight|Pressure
|
|upkeep
|turn|11
|
|t:|1760382433
|switch|p1a: Garchomp|Garchomp, F|100/100
|move|p2a: Cinderace|Pyro Ball|p1a: Garchomp
|-resisted|p1a: Garchomp
|-damage|p1a: Garchomp|84/100
|
|upkeep
|turn|12
|
|t:|1760382455
|switch|p2a: Amoonguss|Amoonguss, F|100/100
|move|p1a: Garchomp|Earthquake|p2a: Amoonguss
|-damage|p2a: Amoonguss|72/100
|
|upkeep
|turn|13
|
|t:|1760382461
|move|p1a: Garchomp|Stealth Rock|p2a: Amoonguss
|-sidestart|p2: torvik en place|move: Stealth Rock
|move|p2a: Amoonguss|Leaf Storm|p1a: Garchomp
|-damage|p1a: Garchomp|48/100
|-unboost|p2a: Amoonguss|spa|2
|-enditem|p2a: Amoonguss|Eject Pack
|
|t:|1760382471
|switch|p2a: Darkrai|Darkrai, tera:Dark|100/100
|-damage|p2a: Darkrai|88/100|[from] Stealth Rock
|
|upkeep
|turn|14
|
|t:|1760382483
|switch|p2a: Cinderace|Cinderace, F|100/100
|switch|p1a: Clodsire|Clodsire, F, tera:Dark|100/100
|
|upkeep
|turn|15
|
|t:|1760382498
|move|p2a: Cinderace|Will-O-Wisp|p1a: Clodsire|[miss]
|-miss|p2a: Cinderace|p1a: Clodsire
|move|p1a: Clodsire|Toxic|p2a: Cinderace
|-status|p2a: Cinderace|tox
|
|-damage|p2a: Cinderace|94/100 tox|[from] psn
|upkeep
|turn|16
|
|t:|1760382501
|switch|p1a: Cinderace|Cinderace, F|100/100
|move|p2a: Cinderace|Court Change|p2a: Cinderace
|-swapsideconditions
|-activate|p2a: Cinderace|move: Court Change
|
|-damage|p2a: Cinderace|82/100 tox|[from] psn
|upkeep
|turn|17
|
|t:|1760382507
|move|p1a: Cinderace|Pyro Ball|p2a: Cinderace
|-resisted|p2a: Cinderace
|-damage|p2a: Cinderace|47/100 tox
|move|p2a: Cinderace|U-turn|p1a: Cinderace
|-resisted|p1a: Cinderace
|-damage|p1a: Cinderace|88/100
|
|t:|1760382510
|switch|p2a: Great Tusk|Great Tusk|95/100|[from] U-turn
|
|upkeep
|turn|18
|
|t:|1760382517
|switch|p1a: Corviknight|Corviknight, M|100/100
|-damage|p1a: Corviknight|88/100|[from] Stealth Rock
|-ability|p1a: Corviknight|Pressure
|move|p2a: Great Tusk|Headlong Rush|p1a: Corviknight
|-immune|p1a: Corviknight
|
|upkeep
|turn|19
|
|t:|1760382527
|-end|p2a: Great Tusk|Protosynthesis|[silent]
|switch|p2a: Alomomola|Alomomola, F|97/100
|move|p1a: Corviknight|Brave Bird|p2a: Alomomola
|-damage|p2a: Alomomola|67/100
|-damage|p1a: Corviknight|75/100|[from] Recoil
|
|upkeep
|turn|20
|
|t:|1760382538
|move|p1a: Corviknight|U-turn|p2a: Alomomola
|-damage|p2a: Alomomola|55/100
|
|t:|1760382540
|switch|p1a: Clodsire|Clodsire, F, tera:Dark|100/100|[from] U-turn
|-damage|p1a: Clodsire|88/100|[from] Stealth Rock
|move|p2a: Alomomola|Flip Turn|p1a: Clodsire
|-heal|p1a: Clodsire|100/100|[from] ability: Water Absorb|[of] p2a: Alomomola
|
|upkeep
|turn|21
|
|t:|1760382547
|switch|p2a: Great Tusk|Great Tusk|95/100
|move|p1a: Clodsire|Poison Jab|p2a: Great Tusk
|-resisted|p2a: Great Tusk
|-damage|p2a: Great Tusk|87/100
|
|upkeep
|turn|22
|
|t:|1760382557
|switch|p1a: Corviknight|Corviknight, M|75/100
|-damage|p1a: Corviknight|63/100|[from] Stealth Rock
|-ability|p1a: Corviknight|Pressure
|move|p2a: Great Tusk|Close Combat|p1a: Corviknight
|-damage|p1a: Corviknight|26/100
|-unboost|p2a: Great Tusk|def|1
|-unboost|p2a: Great Tusk|spd|1
|-damage|p2a: Great Tusk|70/100|[from] item: Rocky Helmet|[of] p1a: Corviknight
|
|upkeep
|turn|23
|
|t:|1760382570
|switch|p1a: Garchomp|Garchomp, F|48/100
|-damage|p1a: Garchomp|42/100|[from] Stealth Rock
|move|p2a: Great Tusk|Close Combat|p1a: Garchomp
|-damage|p1a: Garchomp|1/100
|-unboost|p2a: Great Tusk|def|1
|-unboost|p2a: Great Tusk|spd|1
|-damage|p2a: Great Tusk|58/100|[from] ability: Rough Skin|[of] p1a: Garchomp
|-damage|p2a: Great Tusk|41/100|[from] item: Rocky Helmet|[of] p1a: Garchomp
|
|upkeep
|turn|24
|
|t:|1760382590
|move|p1a: Garchomp|Endure|p1a: Garchomp
|-singleturn|p1a: Garchomp|move: Endure
|move|p2a: Great Tusk|Close Combat|p1a: Garchomp
|-crit|p1a: Garchomp
|-activate|p1a: Garchomp|move: Endure
|-damage|p1a: Garchomp|1/100
|-unboost|p2a: Great Tusk|def|1
|-unboost|p2a: Great Tusk|spd|1
|-damage|p2a: Great Tusk|29/100|[from] ability: Rough Skin|[of] p1a: Garchomp
|-damage|p2a: Great Tusk|13/100|[from] item: Rocky Helmet|[of] p1a: Garchomp
|
|upkeep
|turn|25
|inactive|torvik en place has 120 seconds left.
|
|t:|1760382619
|move|p2a: Great Tusk|Close Combat|p1a: Garchomp
|-damage|p1a: Garchomp|0 fnt
|-unboost|p2a: Great Tusk|def|1
|-unboost|p2a: Great Tusk|spd|1
|-damage|p2a: Great Tusk|0 fnt|[from] ability: Rough Skin|[of] p1a: Garchomp
|faint|p1a: Garchomp
|faint|p2a: Great Tusk
|-end|p2a: Great Tusk|Protosynthesis|[silent]
|
|upkeep
|inactive|torvik en place has 120 seconds left.
|
|t:|1760382632
|switch|p2a: Darkrai|Darkrai, tera:Dark|88/100
|switch|p1a: Cinderace|Cinderace, F|88/100
|turn|26
|
|t:|1760382637
|switch|p1a: Clodsire|Clodsire, F, tera:Dark|100/100
|-damage|p1a: Clodsire|88/100|[from] Stealth Rock
|move|p2a: Darkrai|Dark Pulse|p1a: Clodsire
|-resisted|p1a: Clodsire
|-damage|p1a: Clodsire|71/100
|
|upkeep
|turn|27
|
|t:|1760382644
|switch|p2a: Amoonguss|Amoonguss, F|100/100
|move|p1a: Clodsire|Poison Jab|p2a: Amoonguss
|-damage|p2a: Amoonguss|86/100
|
|upkeep
|turn|28
|
|t:|1760382653
|switch|p2a: Darkrai|Darkrai, tera:Dark|88/100
|move|p1a: Clodsire|Earthquake|p2a: Darkrai
|-damage|p2a: Darkrai|49/100
|
|upkeep
|turn|29
|
|t:|1760382658
|switch|p2a: Amoonguss|Amoonguss, F|100/100
|move|p1a: Clodsire|Toxic|p2a: Amoonguss
|-immune|p2a: Amoonguss
|
|upkeep
|turn|30
|
|t:|1760382660
|move|p2a: Amoonguss|Toxic|p1a: Clodsire
|-status|p1a: Clodsire|tox
|move|p1a: Clodsire|Recover|p1a: Clodsire
|-heal|p1a: Clodsire|100/100 tox
|
|-damage|p1a: Clodsire|94/100 tox|[from] psn
|upkeep
|turn|31
|
|t:|1760382670
|switch|p2a: Darkrai|Darkrai, tera:Dark|49/100
|switch|p1a: Cinderace|Cinderace, F|88/100
|
|upkeep
|turn|32
|
|t:|1760382682
|move|p2a: Darkrai|Dark Pulse|p1a: Cinderace
|-damage|p1a: Cinderace|0 fnt
|faint|p1a: Cinderace
|
|upkeep
|
|t:|1760382701
|switch|p1a: Darkrai|Darkrai|100/100
|-damage|p1a: Darkrai|88/100|[from] Stealth Rock
|turn|33
|
|t:|1760382713
|switch|p2a: Alomomola|Alomomola, F|88/100
|move|p1a: Darkrai|Sludge Bomb|p2a: Alomomola
|-damage|p2a: Alomomola|66/100
|-status|p2a: Alomomola|psn
|
|-damage|p2a: Alomomola|54/100 psn|[from] psn
|upkeep
|turn|34
|inactive|torvik en place has 120 seconds left.
|
|t:|1760382746
|switch|p1a: Clodsire|Clodsire, F, tera:Dark|94/100 tox
|-damage|p1a: Clodsire|82/100 tox|[from] Stealth Rock
|move|p2a: Alomomola|Flip Turn|p1a: Clodsire
|-heal|p1a: Clodsire|100/100 tox|[from] ability: Water Absorb|[of] p2a: Alomomola
|
|-damage|p2a: Alomomola|41/100 psn|[from] psn
|-damage|p1a: Clodsire|94/100 tox|[from] psn
|upkeep
|turn|35
|
|t:|1760382755
|switch|p2a: Amoonguss|Amoonguss, F|100/100
|switch|p1a: Darkrai|Darkrai|88/100
|-damage|p1a: Darkrai|76/100|[from] Stealth Rock
|
|upkeep
|turn|36
|
|t:|1760382765
|move|p1a: Darkrai|Dark Pulse|p2a: Amoonguss
|-damage|p2a: Amoonguss|41/100
|move|p2a: Amoonguss|Leaf Storm|p1a: Darkrai
|-crit|p1a: Darkrai
|-damage|p1a: Darkrai|0 fnt
|-unboost|p2a: Amoonguss|spa|2
|faint|p1a: Darkrai
|
|upkeep
|
|t:|1760382774
|switch|p1a: Deoxys|Deoxys-Speed, shiny|91/100
|-damage|p1a: Deoxys|78/100|[from] Stealth Rock
|-ability|p1a: Deoxys|Pressure
|turn|37
|
|t:|1760382780
|switch|p2a: Alomomola|Alomomola, F|74/100 psn
|move|p1a: Deoxys|Ice Beam|p2a: Alomomola
|-resisted|p2a: Alomomola
|-damage|p2a: Alomomola|66/100 psn
|-damage|p1a: Deoxys|68/100|[from] item: Life Orb
|
|-damage|p2a: Alomomola|54/100 psn|[from] psn
|upkeep
|turn|38
|
|t:|1760382788
|move|p1a: Deoxys|Psycho Boost|p2a: Alomomola
|-damage|p2a: Alomomola|13/100 psn
|-unboost|p1a: Deoxys|spa|2
|-damage|p1a: Deoxys|58/100|[from] item: Life Orb
|move|p2a: Alomomola|Flip Turn|p1a: Deoxys
|-damage|p1a: Deoxys|30/100
|j| deadbyflinch
|
|t:|1760382798
|switch|p2a: Darkrai|Darkrai, tera:Dark|49/100|[from] Flip Turn
|
|upkeep
|turn|39
|
|t:|1760382802
|switch|p1a: Corviknight|Corviknight, M|26/100
|-damage|p1a: Corviknight|14/100|[from] Stealth Rock
|-ability|p1a: Corviknight|Pressure
|move|p2a: Darkrai|Sucker Punch||[still]
|-fail|p2a: Darkrai
|
|upkeep
|turn|40
|
|t:|1760382806
|switch|p1a: Clodsire|Clodsire, F, tera:Dark|94/100 tox
|-damage|p1a: Clodsire|82/100 tox|[from] Stealth Rock
|move|p2a: Darkrai|Dark Pulse|p1a: Clodsire
|-resisted|p1a: Clodsire
|-damage|p1a: Clodsire|64/100 tox
|
|-damage|p1a: Clodsire|58/100 tox|[from] psn
|upkeep
|turn|41
|
|t:|1760382815
|switch|p2a: Amoonguss|Amoonguss, F|75/100
|move|p1a: Clodsire|Recover|p1a: Clodsire
|-heal|p1a: Clodsire|100/100 tox
|
|-damage|p1a: Clodsire|88/100 tox|[from] psn
|upkeep
|turn|42
|-message|champ bogar forfeited.
|
|win|torvik en place
|raw|champ bogar's rating: 1786 &rarr; <strong>1765</strong><br />(-21 for losing)
|raw|torvik en place's rating: 1771 &rarr; <strong>1792</strong><br />(+21 for winning)
|l|☆torvik en place
|player|p2|
|l|☆champ bogar
|player|p1|
