|j|☆T-Kizuki_Doma
|j|☆acoda
|t:|1760348932
|gametype|singles
|player|p1|T-Kizuki_Doma|caitlin|1321
|player|p2|acoda|1|1301
|gen|9
|tier|[Gen 9] OU
|rated|
|rule|HP Percentage Mod: HP is shown in percentages
|rule|Endless Battle Clause: Forcing endless battles is banned
|rule|Species Clause: Limit one of each Pokémon
|rule|OHKO Clause: OHKO moves are banned
|rule|Evasion Items Clause: Evasion items are banned
|rule|Evasion Moves Clause: Evasion moves are banned
|rule|Evasion Abilities Clause: Evasion abilities are banned
|rule|Sleep Moves Clause: Sleep-inducing moves are banned
|clearpoke
|poke|p1|Ninetales-Alola, F|
|poke|p1|Quaquaval, F|
|poke|p1|Kingambit, M|
|poke|p1|Iron Valiant|
|poke|p1|Slowking-Galar, F|
|poke|p1|Latias, F|
|poke|p2|Scizor, M|
|poke|p2|Quaquaval, M|
|poke|p2|Dragapult, M|
|poke|p2|Azelf|
|poke|p2|Arcanine-Hisui, F|
|poke|p2|Darkrai|
|teampreview
|inactive|Battle timer is ON: inactive players will automatically lose when time's up. (requested by acoda)
|
|t:|1760348952
|teamsize|p1|6
|teamsize|p2|6
|start
|switch|p1a: Ninetales|Ninetales-Alola, F, shiny|100/100
|switch|p2a: Azelf|Azelf|100/100
|-weather|Snowscape|[from] ability: Snow Warning|[of] p1a: Ninetales
|turn|1
|inactive|acoda has 120 seconds left.
|
|t:|1760349012
|move|p2a: Azelf|Stealth Rock|p1a: Ninetales
|-sidestart|p1: T-Kizuki_Doma|move: Stealth Rock
|move|p1a: Ninetales|Encore|p2a: Azelf
|-start|p2a: Azelf|Encore
|
|-weather|Snowscape|[upkeep]
|upkeep
|turn|2
|
|t:|1760349017
|switch|p2a: Scizor|Scizor, M|100/100
|move|p1a: Ninetales|Aurora Veil|p1a: Ninetales
|-sidestart|p1: T-Kizuki_Doma|move: Aurora Veil
|
|-weather|Snowscape|[upkeep]
|upkeep
|turn|3
|
|t:|1760349030
|switch|p1a: Quaquaval|Quaquaval, F, shiny|100/100
|move|p2a: Scizor|Bullet Punch|p1a: Quaquaval
|-resisted|p1a: Quaquaval
|-damage|p1a: Quaquaval|89/100
|
|-weather|Snowscape|[upkeep]
|upkeep
|turn|4
|
|t:|1760349034
|move|p1a: Quaquaval|Rapid Spin|p2a: Scizor
|-resisted|p2a: Scizor
|-damage|p2a: Scizor|92/100
|-boost|p1a: Quaquaval|spe|1
|-sideend|p1: T-Kizuki_Doma|Stealth Rock|[from] move: Rapid Spin|[of] p1a: Quaquaval
|move|p2a: Scizor|Aerial Ace|p1a: Quaquaval
|-supereffective|p1a: Quaquaval
|-damage|p1a: Quaquaval|40/100
|
|-weather|Snowscape|[upkeep]
|upkeep
|turn|5
|
|t:|1760349059
|move|p1a: Quaquaval|U-turn|p2a: Scizor
|-resisted|p2a: Scizor
|-damage|p2a: Scizor|80/100
|
|t:|1760349063
|switch|p1a: Latias|Latias, F, shiny|100/100|[from] U-turn
|move|p2a: Scizor|Aerial Ace|p1a: Latias
|-damage|p1a: Latias|78/100
|
|-weather|none
|upkeep
|turn|6
|
|t:|1760349070
|move|p1a: Latias|Agility|p1a: Latias
|-boost|p1a: Latias|spe|2
|move|p2a: Scizor|Bug Bite|p1a: Latias
|-supereffective|p1a: Latias
|-damage|p1a: Latias|9/100
|-enditem|p1a: Latias|Weakness Policy
|-boost|p1a: Latias|atk|2|[from] item: Weakness Policy
|-boost|p1a: Latias|spa|2|[from] item: Weakness Policy
|
|upkeep
|turn|7
|
|t:|1760349079
|-terastallize|p1a: Latias|Fire
|move|p2a: Scizor|Bullet Punch|p1a: Latias
|-resisted|p1a: Latias
|-damage|p1a: Latias|0 fnt
|faint|p1a: Latias
|
|upkeep
|inactive|T-Kizuki_Doma has 120 seconds left.
|-message|T-Kizuki_Doma forfeited.
|
|win|acoda
|raw|T-Kizuki_Doma's rating: 1321 &rarr; <strong>1300</strong><br />(-21 for losing)
|raw|acoda's rating: 1301 &rarr; <strong>1322</strong><br />(+21 for winning)
|l|☆T-Kizuki_Doma
|player|p1|
|l|☆acoda
|player|p2|
