|j|☆KuuuR
|j|☆Jean Castex
|t:|1760441402
|gametype|singles
|player|p1|KuuuR|266|1027
|player|p2|Jean Castex|swimmerm-gen2|1046
|gen|9
|tier|[Gen 9] OU
|rated|
|rule|HP Percentage Mod: HP is shown in percentages
|rule|Endless Battle Clause: Forcing endless battles is banned
|rule|Species Clause: Limit one of each Pokémon
|rule|OHKO Clause: OHKO moves are banned
|rule|Evasion Items Clause: Evasion items are banned
|rule|Evasion Moves Clause: Evasion moves are banned
|rule|Evasion Abilities Clause: Evasion abilities are banned
|rule|Sleep Moves Clause: Sleep-inducing moves are banned
|clearpoke
|poke|p1|Weezing-Galar, F|
|poke|p1|Chansey, F|
|poke|p1|Gliscor, F|
|poke|p1|Dondozo, M|
|poke|p1|Gastrodon, M|
|poke|p1|Dragapult, F|
|poke|p2|Venusaur, M|
|poke|p2|Ninetales, M|
|poke|p2|Slowking-Galar, M|
|poke|p2|Torkoal, M|
|poke|p2|Darkrai|
|poke|p2|Kyurem|
|teampreview
|inactive|Battle timer is ON: inactive players will automatically lose when time's up. (requested by Jean Castex)
|
|t:|1760441416
|teamsize|p1|6
|teamsize|p2|6
|start
|switch|p1a: Weezing|Weezing-Galar, F|100/100
|switch|p2a: Kyurem|Kyurem|100/100
|-ability|p1a: Weezing|Neutralizing Gas
|-item|p1a: Weezing|Air Balloon
|turn|1
|
|t:|1760441426
|move|p2a: Kyurem|Ice Beam|p1a: Weezing
|-crit|p1a: Weezing
|-damage|p1a: Weezing|0 fnt
|-enditem|p1a: Weezing|Air Balloon
|faint|p1a: Weezing
|-end|p1a: Weezing|ability: Neutralizing Gas
|-ability|p2a: Kyurem|Pressure
|
|upkeep
|
|t:|1760441441
|switch|p1a: Dondozo|Dondozo, M|100/100
|turn|2
|
|t:|1760441447
|switch|p2a: Ninetales|Ninetales, M|100/100
|-weather|SunnyDay|[from] ability: Drought|[of] p2a: Ninetales
|move|p1a: Dondozo|Rest|p1a: Dondozo
|-fail|p1a: Dondozo|heal
|
|-weather|SunnyDay|[upkeep]
|upkeep
|turn|3
|
|t:|1760441457
|switch|p2a: Torkoal|Torkoal, M|100/100
|move|p1a: Dondozo|Rest|p1a: Dondozo
|-fail|p1a: Dondozo|heal
|
|-weather|SunnyDay|[upkeep]
|upkeep
|turn|4
|
|t:|1760441463
|move|p1a: Dondozo|Rest|p1a: Dondozo
|-fail|p1a: Dondozo|heal
|move|p2a: Torkoal|Stealth Rock|p1a: Dondozo
|-sidestart|p1: KuuuR|move: Stealth Rock
|
|-weather|SunnyDay|[upkeep]
|upkeep
|turn|5
|
|t:|1760441470
|move|p1a: Dondozo|Liquidation|p2a: Torkoal
|-supereffective|p2a: Torkoal
|-damage|p2a: Torkoal|82/100
|move|p2a: Torkoal|Lava Plume|p1a: Dondozo
|-resisted|p1a: Dondozo
|-damage|p1a: Dondozo|84/100
|-status|p1a: Dondozo|brn
|
|-weather|SunnyDay|[upkeep]
|-heal|p1a: Dondozo|90/100 brn|[from] item: Leftovers
|-damage|p1a: Dondozo|84/100 brn|[from] brn
|upkeep
|turn|6
|
|t:|1760441481
|switch|p2a: Venusaur|Venusaur, M|100/100
|move|p1a: Dondozo|Rest|p1a: Dondozo
|-status|p1a: Dondozo|slp|[from] move: Rest
|-heal|p1a: Dondozo|100/100 slp|[silent]
|
|-weather|SunnyDay|[upkeep]
|upkeep
|turn|7
|
|t:|1760441489
|move|p2a: Venusaur|Growth|p2a: Venusaur
|-boost|p2a: Venusaur|atk|2
|-boost|p2a: Venusaur|spa|2
|cant|p1a: Dondozo|slp
|move|p1a: Dondozo|Sleep Talk|p1a: Dondozo
|move|p1a: Dondozo|Rest||[from] move: Sleep Talk|[still]
|-fail|p1a: Dondozo
|
|-weather|SunnyDay|[upkeep]
|upkeep
|turn|8
|
|t:|1760441502
|move|p2a: Venusaur|Solar Beam||[still]
|-prepare|p2a: Venusaur|Solar Beam
|-anim|p2a: Venusaur|Solar Beam|p1a: Dondozo
|-supereffective|p1a: Dondozo
|-damage|p1a: Dondozo|0 fnt
|faint|p1a: Dondozo
|-damage|p2a: Venusaur|91/100|[from] item: Life Orb
|
|-weather|SunnyDay|[upkeep]
|upkeep
|
|t:|1760441511
|switch|p1a: Chansey|Chansey, F|100/100
|-damage|p1a: Chansey|88/100|[from] Stealth Rock
|turn|9
|
|t:|1760441515
|move|p2a: Venusaur|Solar Beam||[still]
|-prepare|p2a: Venusaur|Solar Beam
|-anim|p2a: Venusaur|Solar Beam|p1a: Chansey
|-damage|p1a: Chansey|51/100
|-damage|p2a: Venusaur|81/100|[from] item: Life Orb
|move|p1a: Chansey|Stealth Rock|p2a: Venusaur
|-sidestart|p2: Jean Castex|move: Stealth Rock
|
|-weather|none
|upkeep
|turn|10
|
|t:|1760441524
|switch|p2a: Torkoal|Torkoal, M|82/100
|-weather|SunnyDay|[from] ability: Drought|[of] p2a: Torkoal
|move|p1a: Chansey|Protect||[still]
|-fail|p1a: Chansey
|
|-weather|SunnyDay|[upkeep]
|upkeep
|turn|11
|
|t:|1760441533
|move|p1a: Chansey|Soft-Boiled|p1a: Chansey
|-heal|p1a: Chansey|100/100
|move|p2a: Torkoal|Rapid Spin|p1a: Chansey
|-damage|p1a: Chansey|94/100
|-boost|p2a: Torkoal|spe|1
|-sideend|p2: Jean Castex|Stealth Rock|[from] move: Rapid Spin|[of] p2a: Torkoal
|
|-weather|SunnyDay|[upkeep]
|upkeep
|turn|12
|
|t:|1760441545
|switch|p2a: Darkrai|Darkrai|100/100
|move|p1a: Chansey|Drain Punch|p2a: Darkrai
|-supereffective|p2a: Darkrai
|-damage|p2a: Darkrai|91/100
|-heal|p1a: Chansey|96/100|[from] drain|[of] p2a: Darkrai
|
|-weather|SunnyDay|[upkeep]
|upkeep
|turn|13
|
|t:|1760441553
|move|p1a: Chansey|Protect|p1a: Chansey
|-singleturn|p1a: Chansey|Protect
|move|p2a: Darkrai|Nasty Plot|p2a: Darkrai
|-boost|p2a: Darkrai|spa|2
|
|-weather|SunnyDay|[upkeep]
|upkeep
|turn|14
|
|t:|1760441559
|move|p2a: Darkrai|Nasty Plot|p2a: Darkrai
|-boost|p2a: Darkrai|spa|2
|move|p1a: Chansey|Stealth Rock|p2a: Darkrai
|-sidestart|p2: Jean Castex|move: Stealth Rock
|
|-weather|none
|upkeep
|turn|15
|
|t:|1760441566
|switch|p1a: Gastrodon|Gastrodon, M|100/100
|-damage|p1a: Gastrodon|94/100|[from] Stealth Rock
|move|p2a: Darkrai|Nasty Plot|p2a: Darkrai
|-boost|p2a: Darkrai|spa|2
|
|-heal|p1a: Gastrodon|100/100|[from] item: Leftovers
|upkeep
|turn|16
|
|t:|1760441576
|move|p2a: Darkrai|Dark Pulse|p1a: Gastrodon
|-damage|p1a: Gastrodon|0 fnt
|faint|p1a: Gastrodon
|-damage|p2a: Darkrai|81/100|[from] item: Life Orb
|
|upkeep
|
|t:|1760441582
|switch|p1a: Chansey|Chansey, F|96/100
|-damage|p1a: Chansey|83/100|[from] Stealth Rock
|turn|17
|
|t:|1760441587
|move|p1a: Chansey|Protect|p1a: Chansey
|-singleturn|p1a: Chansey|Protect
|move|p2a: Darkrai|Focus Blast|p1a: Chansey
|-activate|p1a: Chansey|move: Protect
|
|upkeep
|turn|18
|
|t:|1760441608
|move|p2a: Darkrai|Focus Blast|p1a: Chansey
|-supereffective|p1a: Chansey
|-damage|p1a: Chansey|0 fnt
|faint|p1a: Chansey
|-damage|p2a: Darkrai|71/100|[from] item: Life Orb
|
|upkeep
|-message|KuuuR forfeited.
|
|win|Jean Castex
|raw|KuuuR's rating: 1027 &rarr; <strong>1014</strong><br />(-13 for losing)
|raw|Jean Castex's rating: 1046 &rarr; <strong>1077</strong><br />(+31 for winning)
|l|☆KuuuR
|player|p1|
