|j|☆Fe_Fd
|j|‽JinMammah
|t:|1760437921
|gametype|singles
|player|p1|Fe_Fd|elesa|1409
|player|p2|JinMammah|rocketgruntf|1412
|gen|9
|tier|[Gen 9] OU
|rated|
|rule|HP Percentage Mod: HP is shown in percentages
|rule|Endless Battle Clause: Forcing endless battles is banned
|rule|Species Clause: Limit one of each Pokémon
|rule|OHKO Clause: OHKO moves are banned
|rule|Evasion Items Clause: Evasion items are banned
|rule|Evasion Moves Clause: Evasion moves are banned
|rule|Evasion Abilities Clause: Evasion abilities are banned
|rule|Sleep Moves Clause: Sleep-inducing moves are banned
|clearpoke
|poke|p1|Meowscarada, F|
|poke|p1|Primarina, M|
|poke|p1|Hatterene, F|
|poke|p1|Dragapult, F|
|poke|p1|Landorus-Therian, M|
|poke|p1|Heatran, M|
|poke|p2|Iron Treads|
|poke|p2|Empoleon, M|
|poke|p2|Iron Valiant|
|poke|p2|Latias, F|
|poke|p2|Arbok, M|
|poke|p2|Ursaluna, F|
|teampreview
|
|t:|1760437933
|teamsize|p1|6
|teamsize|p2|6
|start
|switch|p1a: All in GAMBLINGG|Meowscarada, F, shiny|100/100
|switch|p2a: Arbok|Arbok, M|100/100
|-ability|p2a: Arbok|Intimidate|boost
|-unboost|p1a: All in GAMBLINGG|atk|1
|turn|1
|
|t:|1760437940
|move|p1a: All in GAMBLINGG|U-turn|p2a: Arbok
|-start|p1a: All in GAMBLINGG|typechange|Bug|[from] ability: Protean
|-resisted|p2a: Arbok
|-damage|p2a: Arbok|79/100
|
|t:|1760437946
|switch|p1a: NOTHING BEATS A-|Dragapult, F, shiny|100/100|[from] U-turn
|move|p2a: Arbok|Knock Off|p1a: NOTHING BEATS A-
|-supereffective|p1a: NOTHING BEATS A-
|-damage|p1a: NOTHING BEATS A-|47/100
|-enditem|p1a: NOTHING BEATS A-|Choice Specs|[from] move: Knock Off|[of] p2a: Arbok
|
|upkeep
|turn|2
|
|t:|1760437956
|move|p1a: NOTHING BEATS A-|U-turn|p2a: Arbok
|-resisted|p2a: Arbok
|-damage|p2a: Arbok|67/100
|
|t:|1760437964
|switch|p1a: Why am I cute|Hatterene, F, shiny|100/100|[from] U-turn
|move|p2a: Arbok|Toxic Spikes|p1a: Why am I cute
|move|p1a: Why am I cute|Toxic Spikes|p2a: Arbok|[from] ability: Magic Bounce
|-sidestart|p2: JinMammah|move: Toxic Spikes
|
|upkeep
|turn|3
|
|t:|1760437977
|switch|p2a: Ursaluna|Ursaluna, F|100/100
|-status|p2a: Ursaluna|psn
|move|p1a: Why am I cute|Nuzzle|p2a: Ursaluna
|-immune|p2a: Ursaluna
|
|-damage|p2a: Ursaluna|88/100 psn|[from] psn
|upkeep
|turn|4
|
|t:|1760437989
|switch|p1a: NOTHING BEATS A-|Dragapult, F, shiny|47/100
|move|p2a: Ursaluna|Bulk Up|p2a: Ursaluna
|-boost|p2a: Ursaluna|atk|1
|-boost|p2a: Ursaluna|def|1
|
|-damage|p2a: Ursaluna|76/100 psn|[from] psn
|upkeep
|turn|5
|
|t:|1760437994
|move|p1a: NOTHING BEATS A-|Draco Meteor|p2a: Ursaluna
|-damage|p2a: Ursaluna|26/100 psn
|-unboost|p1a: NOTHING BEATS A-|spa|2
|move|p2a: Ursaluna|Earthquake|p1a: NOTHING BEATS A-
|-damage|p1a: NOTHING BEATS A-|0 fnt
|faint|p1a: NOTHING BEATS A-
|
|-damage|p2a: Ursaluna|14/100 psn|[from] psn
|upkeep
|
|t:|1760438005
|switch|p1a: “Tusk”|Landorus-Therian, M, shiny|100/100
|-ability|p1a: “Tusk”|Intimidate|boost
|-unboost|p2a: Ursaluna|atk|1
|turn|6
|
|t:|1760438013
|move|p1a: “Tusk”|Earth Power|p2a: Ursaluna
|-damage|p2a: Ursaluna|0 fnt
|faint|p2a: Ursaluna
|
|upkeep
|
|t:|1760438030
|switch|p2a: Empoleon|Empoleon, M|100/100
|turn|7
|
|t:|1760438041
|move|p1a: “Tusk”|U-turn|p2a: Empoleon
|-resisted|p2a: Empoleon
|-damage|p2a: Empoleon|90/100
|
|t:|1760438047
|switch|p1a: KILL IT WITH FIRE|Heatran, M, shiny|100/100|[from] U-turn
|move|p2a: Empoleon|Surf|p1a: KILL IT WITH FIRE
|-supereffective|p1a: KILL IT WITH FIRE
|-damage|p1a: KILL IT WITH FIRE|46/100
|
|-heal|p1a: KILL IT WITH FIRE|52/100|[from] item: Leftovers
|upkeep
|turn|8
|
|t:|1760438053
|move|p1a: KILL IT WITH FIRE|Protect|p1a: KILL IT WITH FIRE
|-singleturn|p1a: KILL IT WITH FIRE|Protect
|move|p2a: Empoleon|Surf|p1a: KILL IT WITH FIRE
|-activate|p1a: KILL IT WITH FIRE|move: Protect
|
|-heal|p1a: KILL IT WITH FIRE|58/100|[from] item: Leftovers
|upkeep
|turn|9
|
|t:|1760438058
|move|p1a: KILL IT WITH FIRE|Earth Power|p2a: Empoleon
|-supereffective|p2a: Empoleon
|-damage|p2a: Empoleon|42/100
|-unboost|p2a: Empoleon|spd|1
|move|p2a: Empoleon|Surf|p1a: KILL IT WITH FIRE
|-supereffective|p1a: KILL IT WITH FIRE
|-damage|p1a: KILL IT WITH FIRE|2/100
|
|-heal|p1a: KILL IT WITH FIRE|8/100|[from] item: Leftovers
|upkeep
|turn|10
|
|t:|1760438063
|move|p1a: KILL IT WITH FIRE|Protect|p1a: KILL IT WITH FIRE
|-singleturn|p1a: KILL IT WITH FIRE|Protect
|move|p2a: Empoleon|Aqua Jet|p1a: KILL IT WITH FIRE
|-activate|p1a: KILL IT WITH FIRE|move: Protect
|
|-heal|p1a: KILL IT WITH FIRE|14/100|[from] item: Leftovers
|upkeep
|turn|11
|
|t:|1760438073
|switch|p1a: DOREMIFASOLLL|Primarina, M, shiny|100/100
|switch|p2a: Arbok|Arbok, M|67/100
|-sideend|p2: JinMammah|move: Toxic Spikes|[of] p2a: Arbok
|-ability|p2a: Arbok|Intimidate|boost
|-unboost|p1a: DOREMIFASOLLL|atk|1
|
|upkeep
|turn|12
|
|t:|1760438080
|switch|p1a: Why am I cute|Hatterene, F, shiny|100/100
|move|p2a: Arbok|Knock Off|p1a: Why am I cute
|-damage|p1a: Why am I cute|82/100
|-enditem|p1a: Why am I cute|Eject Button|[from] move: Knock Off|[of] p2a: Arbok
|
|upkeep
|turn|13
|
|t:|1760438087
|switch|p2a: Iron Treads|Iron Treads|100/100
|move|p1a: Why am I cute|Psyshock|p2a: Iron Treads
|-resisted|p2a: Iron Treads
|-damage|p2a: Iron Treads|86/100
|
|-heal|p2a: Iron Treads|92/100|[from] item: Leftovers
|upkeep
|turn|14
|
|t:|1760438096
|move|p2a: Iron Treads|Rapid Spin|p1a: Why am I cute
|-damage|p1a: Why am I cute|68/100
|-boost|p2a: Iron Treads|spe|1
|move|p1a: Why am I cute|Mystical Fire|p2a: Iron Treads
|-supereffective|p2a: Iron Treads
|-damage|p2a: Iron Treads|31/100
|-unboost|p2a: Iron Treads|spa|1
|
|-heal|p2a: Iron Treads|37/100|[from] item: Leftovers
|upkeep
|turn|15
|
|t:|1760438103
|move|p2a: Iron Treads|Earthquake|p1a: Why am I cute
|-damage|p1a: Why am I cute|31/100
|move|p1a: Why am I cute|Mystical Fire|p2a: Iron Treads
|-supereffective|p2a: Iron Treads
|-damage|p2a: Iron Treads|0 fnt
|faint|p2a: Iron Treads
|-end|p2a: Iron Treads|Quark Drive|[silent]
|
|upkeep
|
|t:|1760438119
|switch|p2a: Iron Valiant|Iron Valiant|100/100
|-enditem|p2a: Iron Valiant|Booster Energy
|-activate|p2a: Iron Valiant|ability: Quark Drive|[fromitem]
|-start|p2a: Iron Valiant|quarkdrivespe
|turn|16
|
|t:|1760438131
|switch|p1a: DOREMIFASOLLL|Primarina, M, shiny|100/100
|move|p2a: Iron Valiant|Moonblast|p1a: DOREMIFASOLLL
|-damage|p1a: DOREMIFASOLLL|63/100
|
|-heal|p1a: DOREMIFASOLLL|69/100|[from] item: Leftovers
|upkeep
|turn|17
|
|t:|1760438135
|move|p2a: Iron Valiant|Thunderbolt|p1a: DOREMIFASOLLL
|-supereffective|p1a: DOREMIFASOLLL
|-damage|p1a: DOREMIFASOLLL|20/100
|move|p1a: DOREMIFASOLLL|Calm Mind|p1a: DOREMIFASOLLL
|-boost|p1a: DOREMIFASOLLL|spa|1
|-boost|p1a: DOREMIFASOLLL|spd|1
|
|-heal|p1a: DOREMIFASOLLL|26/100|[from] item: Leftovers
|upkeep
|turn|18
|
|t:|1760438148
|-terastallize|p1a: DOREMIFASOLLL|Poison
|move|p2a: Iron Valiant|Thunderbolt|p1a: DOREMIFASOLLL
|-damage|p1a: DOREMIFASOLLL|10/100
|-status|p1a: DOREMIFASOLLL|par
|move|p1a: DOREMIFASOLLL|Draining Kiss|p2a: Iron Valiant
|-supereffective|p2a: Iron Valiant
|-damage|p2a: Iron Valiant|0 fnt
|-heal|p1a: DOREMIFASOLLL|69/100 par|[from] drain|[of] p2a: Iron Valiant
|faint|p2a: Iron Valiant
|-end|p2a: Iron Valiant|Quark Drive|[silent]
|
|-heal|p1a: DOREMIFASOLLL|75/100 par|[from] item: Leftovers
|upkeep
|
|t:|1760438178
|switch|p2a: Latias|Latias, F|100/100
|turn|19
|
|t:|1760438183
|switch|p1a: All in GAMBLINGG|Meowscarada, F, shiny|100/100
|move|p2a: Latias|Calm Mind|p2a: Latias
|-boost|p2a: Latias|spa|1
|-boost|p2a: Latias|spd|1
|
|upkeep
|turn|20
|
|t:|1760438202
|-terastallize|p2a: Latias|Fairy
|move|p1a: All in GAMBLINGG|Triple Axel|p2a: Latias
|-start|p1a: All in GAMBLINGG|typechange|Ice|[from] ability: Protean
|-damage|p2a: Latias|88/100
|-damage|p2a: Latias|67/100
|-damage|p2a: Latias|36/100
|-hitcount|p2a: Latias|3
|move|p2a: Latias|Agility|p2a: Latias
|-boost|p2a: Latias|spe|2
|
|upkeep
|turn|21
|
|t:|1760438225
|move|p2a: Latias|Draining Kiss|p1a: All in GAMBLINGG
|-damage|p1a: All in GAMBLINGG|50/100
|-heal|p2a: Latias|66/100|[from] drain|[of] p1a: All in GAMBLINGG
|move|p1a: All in GAMBLINGG|Triple Axel|p2a: Latias
|-damage|p2a: Latias|54/100
|-damage|p2a: Latias|33/100
|-damage|p2a: Latias|0 fnt
|faint|p2a: Latias
|-hitcount|p2: Latias|3
|
|upkeep
|
|t:|1760438241
|switch|p2a: Empoleon|Empoleon, M|42/100
|turn|22
|
|t:|1760438254
|switch|p1a: Why am I cute|Hatterene, F, shiny|31/100
|move|p2a: Empoleon|Grass Knot|p1a: Why am I cute
|-crit|p1a: Why am I cute
|-damage|p1a: Why am I cute|21/100
|
|upkeep
|turn|23
|
|t:|1760438259
|move|p2a: Empoleon|Surf|p1a: Why am I cute
|-damage|p1a: Why am I cute|0 fnt
|faint|p1a: Why am I cute
|
|upkeep
|
|t:|1760438265
|switch|p1a: All in GAMBLINGG|Meowscarada, F, shiny|50/100
|turn|24
|
|t:|1760438275
|switch|p2a: Arbok|Arbok, M|67/100
|-ability|p2a: Arbok|Intimidate|boost
|-unboost|p1a: All in GAMBLINGG|atk|1
|move|p1a: All in GAMBLINGG|Flower Trick|p2a: Arbok
|-start|p1a: All in GAMBLINGG|typechange|Grass|[from] ability: Protean
|-resisted|p2a: Arbok
|-crit|p2a: Arbok
|-damage|p2a: Arbok|16/100
|
|upkeep
|turn|25
|
|t:|1760438283
|move|p1a: All in GAMBLINGG|Flower Trick|p2a: Arbok
|-resisted|p2a: Arbok
|-crit|p2a: Arbok
|-damage|p2a: Arbok|0 fnt
|faint|p2a: Arbok
|
|upkeep
|-message|JinMammah forfeited.
|
|win|Fe_Fd
|raw|Fe_Fd's rating: 1409 &rarr; <strong>1429</strong><br />(+20 for winning)
|raw|JinMammah's rating: 1412 &rarr; <strong>1392</strong><br />(-20 for losing)
|l|‽JinMammah
|player|p2|
|l|☆Fe_Fd
|player|p1|
