|j|☆sanmedina
|j|☆Randomizer15
|t:|1760376946
|gametype|singles
|player|p1|sanmedina|ltsurge-gen2|1148
|player|p2|Randomizer15|101|1164
|gen|9
|tier|[Gen 9] OU
|rated|
|rule|HP Percentage Mod: HP is shown in percentages
|rule|Endless Battle Clause: Forcing endless battles is banned
|rule|Species Clause: Limit one of each Pokémon
|rule|OHKO Clause: OHKO moves are banned
|rule|Evasion Items Clause: Evasion items are banned
|rule|Evasion Moves Clause: Evasion moves are banned
|rule|Evasion Abilities Clause: Evasion abilities are banned
|rule|Sleep Moves Clause: Sleep-inducing moves are banned
|clearpoke
|poke|p1|Weavile, F|
|poke|p1|Corviknight, M|
|poke|p1|Swampert, F|
|poke|p1|Latios, M|
|poke|p1|Iron Moth|
|poke|p1|Dragapult, F|
|poke|p2|Mimikyu, F|
|poke|p2|Bellossom, M|
|poke|p2|Glimmora, M|
|poke|p2|Kyurem|
|poke|p2|Pelipper, M|
|poke|p2|Rotom-Wash|
|teampreview
|
|t:|1760376983
|teamsize|p1|6
|teamsize|p2|6
|start
|switch|p1a: Swampert|Swampert, F|100/100
|switch|p2a: Glimmora|Glimmora, M|100/100
|turn|1
|
|t:|1760376993
|switch|p2a: Bellossom|Bellossom, M|100/100
|move|p1a: Swampert|Stealth Rock|p2a: Bellossom
|-sidestart|p2: Randomizer15|move: Stealth Rock
|
|upkeep
|turn|2
|
|t:|1760377000
|switch|p2a: Glimmora|Glimmora, M|100/100
|move|p1a: Swampert|Flip Turn|p2a: Glimmora
|-supereffective|p2a: Glimmora
|-damage|p2a: Glimmora|62/100
|-activate|p2a: Glimmora|ability: Toxic Debris
|-sidestart|p1: sanmedina|move: Toxic Spikes
|
|t:|1760377016
|switch|p1a: Latios|Latios, M|100/100|[from] Flip Turn
|
|upkeep
|turn|3
|
|t:|1760377025
|move|p1a: Latios|Luster Purge|p2a: Glimmora
|-supereffective|p2a: Glimmora
|-damage|p2a: Glimmora|0 fnt
|faint|p2a: Glimmora
|
|upkeep
|
|t:|1760377031
|switch|p2a: Kyurem|Kyurem|100/100
|-damage|p2a: Kyurem|76/100|[from] Stealth Rock
|-ability|p2a: Kyurem|Pressure
|turn|4
|
|t:|1760377046
|switch|p1a: Iron Moth|Iron Moth|100/100
|-sideend|p1: sanmedina|move: Toxic Spikes|[of] p1a: Iron Moth
|-enditem|p1a: Iron Moth|Booster Energy
|-activate|p1a: Iron Moth|ability: Quark Drive|[fromitem]
|-start|p1a: Iron Moth|quarkdrivespe
|move|p2a: Kyurem|Dragon Dance|p2a: Kyurem
|-boost|p2a: Kyurem|atk|1
|-boost|p2a: Kyurem|spe|1
|
|-heal|p2a: Kyurem|82/100|[from] item: Leftovers
|upkeep
|turn|5
|
|t:|1760377057
|-terastallize|p1a: Iron Moth|Fairy
|move|p1a: Iron Moth|Dazzling Gleam|p2a: Kyurem
|-supereffective|p2a: Kyurem
|-damage|p2a: Kyurem|32/100
|move|p2a: Kyurem|Dragon Claw|p1a: Iron Moth
|-immune|p1a: Iron Moth
|
|-heal|p2a: Kyurem|38/100|[from] item: Leftovers
|upkeep
|turn|6
|
|t:|1760377067
|move|p1a: Iron Moth|Dazzling Gleam|p2a: Kyurem
|-supereffective|p2a: Kyurem
|-damage|p2a: Kyurem|0 fnt
|faint|p2a: Kyurem
|
|upkeep
|
|t:|1760377074
|switch|p2a: Pelipper|Pelipper, M|100/100
|-damage|p2a: Pelipper|76/100|[from] Stealth Rock
|-weather|RainDance|[from] ability: Drizzle|[of] p2a: Pelipper
|turn|7
|
|t:|1760377089
|move|p1a: Iron Moth|Sludge Wave|p2a: Pelipper
|-damage|p2a: Pelipper|3/100
|move|p2a: Pelipper|Tailwind|p2a: Pelipper
|-sidestart|p2: Randomizer15|move: Tailwind
|
|-weather|RainDance|[upkeep]
|upkeep
|turn|8
|
|t:|1760377095
|move|p1a: Iron Moth|Sludge Wave|p2a: Pelipper
|-damage|p2a: Pelipper|0 fnt
|faint|p2a: Pelipper
|
|-weather|RainDance|[upkeep]
|upkeep
|
|t:|1760377096
|switch|p2a: Bellossom|Bellossom, M|100/100
|turn|9
|
|t:|1760377103
|-terastallize|p2a: Bellossom|Poison
|move|p1a: Iron Moth|Sludge Wave|p2a: Bellossom
|-resisted|p2a: Bellossom
|-damage|p2a: Bellossom|78/100
|move|p2a: Bellossom|Quiver Dance|p2a: Bellossom
|-boost|p2a: Bellossom|spa|1
|-boost|p2a: Bellossom|spd|1
|-boost|p2a: Bellossom|spe|1
|
|-weather|RainDance|[upkeep]
|upkeep
|turn|10
|
|t:|1760377113
|move|p2a: Bellossom|Quiver Dance|p2a: Bellossom
|-boost|p2a: Bellossom|spa|1
|-boost|p2a: Bellossom|spd|1
|-boost|p2a: Bellossom|spe|1
|move|p1a: Iron Moth|Dazzling Gleam|p2a: Bellossom
|-resisted|p2a: Bellossom
|-damage|p2a: Bellossom|68/100
|
|-weather|RainDance|[upkeep]
|-sideend|p2: Randomizer15|move: Tailwind
|upkeep
|turn|11
|
|t:|1760377119
|move|p1a: Iron Moth|Fiery Dance|p2a: Bellossom
|-damage|p2a: Bellossom|58/100
|move|p2a: Bellossom|Quiver Dance|p2a: Bellossom
|-boost|p2a: Bellossom|spa|1
|-boost|p2a: Bellossom|spd|1
|-boost|p2a: Bellossom|spe|1
|
|-weather|RainDance|[upkeep]
|upkeep
|turn|12
|
|t:|1760377121
|move|p2a: Bellossom|Quiver Dance|p2a: Bellossom
|-boost|p2a: Bellossom|spa|1
|-boost|p2a: Bellossom|spd|1
|-boost|p2a: Bellossom|spe|1
|move|p1a: Iron Moth|Fiery Dance|p2a: Bellossom
|-damage|p2a: Bellossom|51/100
|-boost|p1a: Iron Moth|spa|1
|
|-weather|RainDance|[upkeep]
|upkeep
|turn|13
|
|t:|1760377126
|move|p2a: Bellossom|Giga Drain|p1a: Iron Moth
|-damage|p1a: Iron Moth|23/100
|-heal|p2a: Bellossom|84/100|[from] drain|[of] p1a: Iron Moth
|move|p1a: Iron Moth|Fiery Dance|p2a: Bellossom
|-damage|p2a: Bellossom|75/100
|
|-weather|RainDance|[upkeep]
|upkeep
|turn|14
|inactive|Battle timer is ON: inactive players will automatically lose when time's up. (requested by sanmedina)
|
|t:|1760377130
|move|p2a: Bellossom|Giga Drain|p1a: Iron Moth
|-damage|p1a: Iron Moth|0 fnt
|-heal|p2a: Bellossom|85/100|[from] drain|[of] p1a: Iron Moth
|faint|p1a: Iron Moth
|-end|p1a: Iron Moth|Quark Drive|[silent]
|
|-weather|none
|upkeep
|
|t:|1760377153
|switch|p1a: Corviknight|Corviknight, M|100/100
|-ability|p1a: Corviknight|Pressure
|turn|15
|
|t:|1760377161
|move|p2a: Bellossom|Strength Sap|p1a: Corviknight
|-unboost|p1a: Corviknight|atk|1
|-heal|p2a: Bellossom|100/100
|move|p1a: Corviknight|U-turn|p2a: Bellossom
|-resisted|p2a: Bellossom
|-damage|p2a: Bellossom|96/100
|
|t:|1760377175
|switch|p1a: Dragapult|Dragapult, F|100/100|[from] U-turn
|
|upkeep
|turn|16
|
|t:|1760377183
|move|p2a: Bellossom|Giga Drain|p1a: Dragapult
|-resisted|p1a: Dragapult
|-damage|p1a: Dragapult|46/100
|-heal|p2a: Bellossom|100/100|[from] drain|[of] p1a: Dragapult
|move|p1a: Dragapult|Will-O-Wisp|p2a: Bellossom
|-status|p2a: Bellossom|brn
|
|-damage|p2a: Bellossom|94/100 brn|[from] brn
|upkeep
|turn|17
|
|t:|1760377189
|move|p2a: Bellossom|Giga Drain|p1a: Dragapult
|-resisted|p1a: Dragapult
|-damage|p1a: Dragapult|0 fnt
|-heal|p2a: Bellossom|100/100 brn|[from] drain|[of] p1a: Dragapult
|faint|p1a: Dragapult
|
|-damage|p2a: Bellossom|94/100 brn|[from] brn
|upkeep
|
|t:|1760377200
|switch|p1a: Corviknight|Corviknight, M|100/100
|-ability|p1a: Corviknight|Pressure
|turn|18
|
|t:|1760377205
|move|p2a: Bellossom|Giga Drain|p1a: Corviknight
|-resisted|p1a: Corviknight
|-damage|p1a: Corviknight|84/100
|-heal|p2a: Bellossom|100/100 brn|[from] drain|[of] p1a: Corviknight
|move|p1a: Corviknight|Brave Bird|p2a: Bellossom
|-damage|p2a: Bellossom|61/100 brn
|-damage|p1a: Corviknight|72/100|[from] Recoil
|
|-damage|p2a: Bellossom|55/100 brn|[from] brn
|upkeep
|turn|19
|
|t:|1760377214
|move|p2a: Bellossom|Giga Drain|p1a: Corviknight
|-resisted|p1a: Corviknight
|-damage|p1a: Corviknight|56/100
|-heal|p2a: Bellossom|64/100 brn|[from] drain|[of] p1a: Corviknight
|move|p1a: Corviknight|Roost|p1a: Corviknight
|-heal|p1a: Corviknight|100/100
|-singleturn|p1a: Corviknight|move: Roost
|
|-damage|p2a: Bellossom|58/100 brn|[from] brn
|upkeep
|turn|20
|
|t:|1760377217
|move|p2a: Bellossom|Giga Drain|p1a: Corviknight
|-resisted|p1a: Corviknight
|-damage|p1a: Corviknight|83/100
|-heal|p2a: Bellossom|68/100 brn|[from] drain|[of] p1a: Corviknight
|move|p1a: Corviknight|Brave Bird|p2a: Bellossom
|-damage|p2a: Bellossom|31/100 brn
|-damage|p1a: Corviknight|72/100|[from] Recoil
|
|-damage|p2a: Bellossom|25/100 brn|[from] brn
|upkeep
|turn|21
|
|t:|1760377226
|move|p2a: Bellossom|Strength Sap|p1a: Corviknight
|-unboost|p1a: Corviknight|atk|1
|-heal|p2a: Bellossom|84/100 brn
|move|p1a: Corviknight|Roost|p1a: Corviknight
|-heal|p1a: Corviknight|100/100
|-singleturn|p1a: Corviknight|move: Roost
|
|-damage|p2a: Bellossom|78/100 brn|[from] brn
|upkeep
|turn|22
|
|t:|1760377230
|move|p2a: Bellossom|Quiver Dance|p2a: Bellossom
|-boost|p2a: Bellossom|spa|1
|-boost|p2a: Bellossom|spd|1
|-boost|p2a: Bellossom|spe|1
|move|p1a: Corviknight|U-turn|p2a: Bellossom
|-resisted|p2a: Bellossom
|-damage|p2a: Bellossom|73/100 brn
|
|t:|1760377241
|switch|p1a: Weavile|Weavile, F|100/100|[from] U-turn
|-ability|p1a: Weavile|Pressure
|
|-damage|p2a: Bellossom|66/100 brn|[from] brn
|upkeep
|turn|23
|
|t:|1760377248
|move|p1a: Weavile|Ice Shard|p2a: Bellossom
|-damage|p2a: Bellossom|38/100 brn
|move|p2a: Bellossom|Giga Drain|p1a: Weavile
|-damage|p1a: Weavile|0 fnt
|-heal|p2a: Bellossom|78/100 brn|[from] drain|[of] p1a: Weavile
|faint|p1a: Weavile
|
|-damage|p2a: Bellossom|72/100 brn|[from] brn
|upkeep
|
|t:|1760377253
|switch|p1a: Corviknight|Corviknight, M|100/100
|-ability|p1a: Corviknight|Pressure
|turn|24
|
|t:|1760377260
|move|p2a: Bellossom|Strength Sap|p1a: Corviknight
|-unboost|p1a: Corviknight|atk|1
|-heal|p2a: Bellossom|100/100 brn
|move|p1a: Corviknight|Brave Bird|p2a: Bellossom
|-damage|p2a: Bellossom|77/100 brn
|-damage|p1a: Corviknight|93/100|[from] Recoil
|
|-damage|p2a: Bellossom|71/100 brn|[from] brn
|upkeep
|turn|25
|-message|sanmedina forfeited.
|
|win|Randomizer15
|raw|sanmedina's rating: 1148 &rarr; <strong>1124</strong><br />(-24 for losing)
|raw|Randomizer15's rating: 1164 &rarr; <strong>1188</strong><br />(+24 for winning)
|l|☆sanmedina
|player|p1|
|l|☆Randomizer15
|player|p2|
