|j|☆ViaBumble
|j|☆2002xxd
|t:|1760437202
|gametype|singles
|player|p1|ViaBumble|palmer|1152
|player|p2|2002xxd|lucas|1202
|gen|9
|tier|[Gen 9] OU
|rated|
|rule|HP Percentage Mod: HP is shown in percentages
|rule|Endless Battle Clause: Forcing endless battles is banned
|rule|Species Clause: Limit one of each Pokémon
|rule|OHKO Clause: OHKO moves are banned
|rule|Evasion Items Clause: Evasion items are banned
|rule|Evasion Moves Clause: Evasion moves are banned
|rule|Evasion Abilities Clause: Evasion abilities are banned
|rule|Sleep Moves Clause: Sleep-inducing moves are banned
|clearpoke
|poke|p1|Primarina, F|
|poke|p1|Iron Moth|
|poke|p1|Garchomp, M|
|poke|p1|Salamence, M|
|poke|p1|Galvantula, M|
|poke|p1|Serperior, F|
|poke|p2|Empoleon, M|
|poke|p2|Serperior, F|
|poke|p2|Iron Valiant|
|poke|p2|Rotom-Heat|
|poke|p2|Greninja-*, M|
|poke|p2|Corviknight, F|
|teampreview
|inactive|Battle timer is ON: inactive players will automatically lose when time's up. (requested by ViaBumble)
|
|t:|1760437211
|teamsize|p1|6
|teamsize|p2|6
|start
|switch|p1a: Garchomp|Garchomp, M|100/100
|switch|p2a: Greninja|Greninja, M, shiny|100/100
|turn|1
|
|t:|1760437220
|move|p1a: Garchomp|Body Slam|p2a: Greninja
|-damage|p2a: Greninja|49/100
|move|p2a: Greninja|Ice Beam|p1a: Garchomp
|-start|p2a: Greninja|typechange|Ice|[from] ability: Protean
|-supereffective|p1a: Garchomp
|-damage|p1a: Garchomp|0 fnt
|faint|p1a: Garchomp
|
|upkeep
|
|t:|1760437237
|switch|p1a: Iron Moth|Iron Moth|100/100
|-enditem|p1a: Iron Moth|Booster Energy
|-activate|p1a: Iron Moth|ability: Quark Drive|[fromitem]
|-start|p1a: Iron Moth|quarkdrivespa
|turn|2
|
|t:|1760437244
|switch|p2a: Rotom|Rotom-Heat|100/100
|-terastallize|p1a: Iron Moth|Bug
|move|p1a: Iron Moth|Fiery Dance|p2a: Rotom
|-resisted|p2a: Rotom
|-damage|p2a: Rotom|84/100
|-boost|p1a: Iron Moth|spa|1
|
|upkeep
|turn|3
|
|t:|1760437252
|move|p1a: Iron Moth|Sludge Wave|p2a: Rotom
|-damage|p2a: Rotom|27/100
|move|p2a: Rotom|Overheat|p1a: Iron Moth
|-supereffective|p1a: Iron Moth
|-damage|p1a: Iron Moth|3/100
|-unboost|p2a: Rotom|spa|2
|
|upkeep
|turn|4
|
|t:|1760437261
|move|p1a: Iron Moth|Sludge Wave|p2a: Rotom
|-damage|p2a: Rotom|0 fnt
|faint|p2a: Rotom
|
|upkeep
|
|t:|1760437270
|switch|p2a: Serperior|Serperior, F|100/100
|turn|5
|
|t:|1760437274
|move|p2a: Serperior|Tera Blast|p1a: Iron Moth
|-damage|p1a: Iron Moth|0 fnt
|faint|p1a: Iron Moth
|-end|p1a: Iron Moth|Quark Drive|[silent]
|
|upkeep
|
|t:|1760437279
|switch|p1a: Galvantula|Galvantula, M|100/100
|turn|6
|
|t:|1760437294
|move|p2a: Serperior|Leaf Storm|p1a: Galvantula
|-resisted|p1a: Galvantula
|-damage|p1a: Galvantula|65/100
|-boost|p2a: Serperior|spa|2
|move|p1a: Galvantula|Thunder Wave|p2a: Serperior
|-status|p2a: Serperior|par
|
|upkeep
|turn|7
|
|t:|1760437302
|move|p1a: Galvantula|Sticky Web|p2a: Serperior
|-sidestart|p2: 2002xxd|move: Sticky Web
|cant|p2a: Serperior|par
|
|upkeep
|turn|8
|
|t:|1760437307
|move|p1a: Galvantula|Bug Buzz|p2a: Serperior
|-supereffective|p2a: Serperior
|-damage|p2a: Serperior|25/100 par
|move|p2a: Serperior|Leaf Storm|p1a: Galvantula
|-resisted|p1a: Galvantula
|-damage|p1a: Galvantula|0 fnt
|-boost|p2a: Serperior|spa|2
|faint|p1a: Galvantula
|
|-heal|p2a: Serperior|31/100 par|[from] item: Leftovers
|upkeep
|
|t:|1760437317
|switch|p1a: Serperior|Serperior, F|100/100
|turn|9
|
|t:|1760437320
|move|p1a: Serperior|Leaf Storm|p2a: Serperior
|-resisted|p2a: Serperior
|-damage|p2a: Serperior|0 fnt
|-boost|p1a: Serperior|spa|2
|faint|p2a: Serperior
|
|upkeep
|
|t:|1760437325
|switch|p2a: Corviknight|Corviknight, F, shiny|100/100
|-ability|p2a: Corviknight|Pressure
|turn|10
|
|t:|1760437331
|move|p1a: Serperior|Leaf Storm|p2a: Corviknight
|-resisted|p2a: Corviknight
|-damage|p2a: Corviknight|72/100
|-boost|p1a: Serperior|spa|2
|move|p2a: Corviknight|Brave Bird|p1a: Serperior
|-supereffective|p1a: Serperior
|-damage|p1a: Serperior|10/100
|-damage|p2a: Corviknight|50/100|[from] Recoil
|
|upkeep
|turn|11
|
|t:|1760437339
|move|p1a: Serperior|Leaf Storm|p2a: Corviknight
|-resisted|p2a: Corviknight
|-damage|p2a: Corviknight|6/100
|-boost|p1a: Serperior|spa|2
|move|p2a: Corviknight|U-turn|p1a: Serperior
|-supereffective|p1a: Serperior
|-damage|p1a: Serperior|0 fnt
|faint|p1a: Serperior
|
|t:|1760437347
|switch|p2a: Empoleon|Empoleon, M, shiny|100/100|[from] U-turn
|
|upkeep
|
|t:|1760437353
|switch|p1a: Primarina|Primarina, F|100/100
|turn|12
|
|t:|1760437358
|move|p2a: Empoleon|Flash Cannon|p1a: Primarina
|-damage|p1a: Primarina|81/100
|move|p1a: Primarina|Shadow Ball|p2a: Empoleon
|-damage|p2a: Empoleon|76/100
|
|upkeep
|turn|13
|
|t:|1760437367
|move|p2a: Empoleon|Stealth Rock|p1a: Primarina
|-sidestart|p1: ViaBumble|move: Stealth Rock
|move|p1a: Primarina|Shadow Ball|p2a: Empoleon
|-damage|p2a: Empoleon|50/100
|
|upkeep
|turn|14
|
|t:|1760437373
|move|p2a: Empoleon|Flash Cannon|p1a: Primarina
|-damage|p1a: Primarina|59/100
|move|p1a: Primarina|Shadow Ball|p2a: Empoleon
|-damage|p2a: Empoleon|25/100
|-unboost|p2a: Empoleon|spd|1
|-ability|p2a: Empoleon|Competitive|boost
|-boost|p2a: Empoleon|spa|2
|
|upkeep
|turn|15
|
|t:|1760437382
|move|p2a: Empoleon|Flash Cannon|p1a: Primarina
|-damage|p1a: Primarina|17/100
|move|p1a: Primarina|Shadow Ball|p2a: Empoleon
|-damage|p2a: Empoleon|0 fnt
|faint|p2a: Empoleon
|
|upkeep
|
|t:|1760437391
|switch|p2a: Corviknight|Corviknight, F, shiny|6/100
|-ability|p2a: Corviknight|Pressure
|turn|16
|
|t:|1760437395
|move|p2a: Corviknight|Brave Bird|p1a: Primarina
|-damage|p1a: Primarina|0 fnt
|faint|p1a: Primarina
|-damage|p2a: Corviknight|2/100|[from] Recoil
|
|upkeep
|
|t:|1760437398
|switch|p1a: Salamence|Salamence, M|100/100
|-damage|p1a: Salamence|76/100|[from] Stealth Rock
|turn|17
|
|t:|1760437403
|move|p1a: Salamence|Dragon Dance|p1a: Salamence
|-boost|p1a: Salamence|atk|1
|-boost|p1a: Salamence|spe|1
|move|p2a: Corviknight|Defog|p1a: Salamence
|-unboost|p1a: Salamence|evasion|1
|-sideend|p1: ViaBumble|Stealth Rock|[from] move: Defog|[of] p2a: Corviknight
|-sideend|p2: 2002xxd|Sticky Web|[from] move: Defog|[of] p2a: Corviknight
|
|-heal|p1a: Salamence|82/100|[from] item: Leftovers
|upkeep
|turn|18
|
|t:|1760437414
|move|p1a: Salamence|Iron Head|p2a: Corviknight
|-resisted|p2a: Corviknight
|-damage|p2a: Corviknight|0 fnt
|-damage|p1a: Salamence|65/100|[from] item: Rocky Helmet|[of] p2a: Corviknight
|faint|p2a: Corviknight
|-ability|p1a: Salamence|Moxie|boost
|-boost|p1a: Salamence|atk|1
|
|-heal|p1a: Salamence|71/100|[from] item: Leftovers
|upkeep
|
|t:|1760437424
|switch|p2a: Greninja|Greninja, M, shiny|49/100
|turn|19
|
|t:|1760437431
|move|p1a: Salamence|Earthquake|p2a: Greninja
|-damage|p2a: Greninja|0 fnt
|faint|p2a: Greninja
|-ability|p1a: Salamence|Moxie|boost
|-boost|p1a: Salamence|atk|1
|
|-heal|p1a: Salamence|77/100|[from] item: Leftovers
|upkeep
|
|t:|1760437438
|switch|p2a: Iron Valiant|Iron Valiant, shiny|100/100
|-enditem|p2a: Iron Valiant|Booster Energy
|-activate|p2a: Iron Valiant|ability: Quark Drive|[fromitem]
|-start|p2a: Iron Valiant|quarkdrivespe
|turn|20
|
|t:|1760437443
|move|p2a: Iron Valiant|Spirit Break|p1a: Salamence
|-supereffective|p1a: Salamence
|-damage|p1a: Salamence|0 fnt
|faint|p1a: Salamence
|
|win|2002xxd
|raw|ViaBumble's rating: 1152 &rarr; <strong>1131</strong><br />(-21 for losing)
|raw|2002xxd's rating: 1202 &rarr; <strong>1223</strong><br />(+21 for winning)
|l|☆ViaBumble
|player|p1|
|l|☆2002xxd
|player|p2|
