|j|☆Bipo9
|j|☆eeeppo
|t:|1760376710
|gametype|singles
|player|p1|Bipo9|265|1147
|player|p2|eeeppo|170|1172
|gen|9
|tier|[Gen 9] OU
|rated|
|rule|HP Percentage Mod: HP is shown in percentages
|rule|Endless Battle Clause: Forcing endless battles is banned
|rule|Species Clause: Limit one of each Pokémon
|rule|OHKO Clause: OHKO moves are banned
|rule|Evasion Items Clause: Evasion items are banned
|rule|Evasion Moves Clause: Evasion moves are banned
|rule|Evasion Abilities Clause: Evasion abilities are banned
|rule|Sleep Moves Clause: Sleep-inducing moves are banned
|clearpoke
|poke|p1|Chandelure, F|
|poke|p1|Blissey, F|
|poke|p1|Forretress, M|
|poke|p1|Munkidori, M|
|poke|p1|Gyarados, M|
|poke|p1|Kleavor, F|
|poke|p2|Diancie|
|poke|p2|Hatterene, F|
|poke|p2|Ursaluna, F|
|poke|p2|Sinistcha|
|poke|p2|Porygon2|
|poke|p2|Iron Valiant|
|teampreview
|inactive|Battle timer is ON: inactive players will automatically lose when time's up. (requested by eeeppo)
|
|t:|1760376727
|teamsize|p1|6
|teamsize|p2|6
|start
|switch|p1a: Forretress|Forretress, M, shiny|100/100
|switch|p2a: Hatterene|Hatterene, F|100/100
|turn|1
|
|t:|1760376737
|switch|p1a: Chandelure|Chandelure, F, shiny|100/100
|move|p2a: Hatterene|Psychic|p1a: Chandelure
|-damage|p1a: Chandelure|28/100
|
|upkeep
|turn|2
|
|t:|1760376745
|move|p1a: Chandelure|Shadow Ball|p2a: Hatterene
|-supereffective|p2a: Hatterene
|-enditem|p2a: Hatterene|Focus Sash
|-damage|p2a: Hatterene|1/100
|-unboost|p2a: Hatterene|spd|1
|move|p2a: Hatterene|Trick Room|p2a: Hatterene
|-fieldstart|move: Trick Room|[of] p2a: Hatterene
|
|upkeep
|turn|3
|
|t:|1760376756
|switch|p1a: Blissey|Blissey, F, shiny|100/100
|move|p2a: Hatterene|Healing Wish|p2a: Hatterene
|faint|p2a: Hatterene
|
|upkeep
|
|t:|1760376777
|switch|p2a: Ursaluna|Ursaluna, F|100/100
|turn|4
|
|t:|1760376802
|switch|p1a: Forretress|Forretress, M, shiny|100/100
|move|p2a: Ursaluna|Swords Dance|p2a: Ursaluna
|-boost|p2a: Ursaluna|atk|2
|
|-status|p2a: Ursaluna|brn|[from] item: Flame Orb
|upkeep
|turn|5
|
|t:|1760376813
|move|p2a: Ursaluna|Facade|p1a: Forretress
|-resisted|p1a: Forretress
|-damage|p1a: Forretress|32/100
|-damage|p2a: Ursaluna|84/100 brn|[from] item: Rocky Helmet|[of] p1a: Forretress
|move|p1a: Forretress|Body Press|p2a: Ursaluna
|-supereffective|p2a: Ursaluna
|-damage|p2a: Ursaluna|42/100 brn
|
|-damage|p2a: Ursaluna|35/100 brn|[from] brn
|upkeep
|turn|6
|
|t:|1760376823
|move|p2a: Ursaluna|Crunch|p1a: Forretress
|-damage|p1a: Forretress|0 fnt
|-damage|p2a: Ursaluna|19/100 brn|[from] item: Rocky Helmet|[of] p1a: Forretress
|faint|p1a: Forretress
|
|-damage|p2a: Ursaluna|13/100 brn|[from] brn
|-fieldend|move: Trick Room
|upkeep
|
|t:|1760376847
|switch|p1a: Munkidori|Munkidori, M|100/100
|turn|7
|
|t:|1760376858
|switch|p2a: Porygon2|Porygon2|100/100
|-ability|p2a: Porygon2|Download|boost
|-boost|p2a: Porygon2|atk|1
|move|p1a: Munkidori|Sludge Bomb|p2a: Porygon2
|-damage|p2a: Porygon2|70/100
|
|upkeep
|turn|8
|
|t:|1760376870
|move|p1a: Munkidori|Sludge Bomb|p2a: Porygon2
|-damage|p2a: Porygon2|37/100
|-status|p2a: Porygon2|tox|[from] ability: Toxic Chain|[of] p1a: Munkidori
|move|p2a: Porygon2|Trick Room|p2a: Porygon2
|-fieldstart|move: Trick Room|[of] p2a: Porygon2
|
|-damage|p2a: Porygon2|31/100 tox|[from] psn
|upkeep
|turn|9
|
|t:|1760376882
|switch|p1a: Blissey|Blissey, F, shiny|100/100
|move|p2a: Porygon2|Tera Blast|p1a: Blissey
|-damage|p1a: Blissey|89/100
|
|-heal|p1a: Blissey|95/100|[from] item: Leftovers
|-damage|p2a: Porygon2|18/100 tox|[from] psn
|upkeep
|turn|10
|
|t:|1760376892
|switch|p2a: Iron Valiant|Iron Valiant|100/100
|move|p1a: Blissey|Seismic Toss|p2a: Iron Valiant
|-damage|p2a: Iron Valiant|72/100
|
|-heal|p1a: Blissey|100/100|[from] item: Leftovers
|upkeep
|turn|11
|inactive|Bipo9 has 120 seconds left.
|
|t:|1760376919
|switch|p1a: Gyarados|Gyarados, M, shiny|100/100
|-ability|p1a: Gyarados|Intimidate|boost
|-unboost|p2a: Iron Valiant|atk|1
|move|p2a: Iron Valiant|Moonblast|p1a: Gyarados
|-damage|p1a: Gyarados|57/100
|-unboost|p1a: Gyarados|spa|1
|
|upkeep
|turn|12
|inactive|Bipo9 has 120 seconds left.
|
|t:|1760376933
|move|p2a: Iron Valiant|Thunderbolt|p1a: Gyarados
|-supereffective|p1a: Gyarados
|-damage|p1a: Gyarados|0 fnt
|faint|p1a: Gyarados
|
|-fieldend|move: Trick Room
|upkeep
|inactive|Bipo9 has 120 seconds left.
|
|t:|1760376950
|switch|p1a: Munkidori|Munkidori, M|100/100
|turn|13
|
|t:|1760376961
|move|p1a: Munkidori|Sludge Bomb|p2a: Iron Valiant
|-supereffective|p2a: Iron Valiant
|-damage|p2a: Iron Valiant|0 fnt
|faint|p2a: Iron Valiant
|-end|p2a: Iron Valiant|Quark Drive|[silent]
|
|upkeep
|
|t:|1760376972
|switch|p2a: Diancie|Diancie|100/100
|turn|14
|
|t:|1760376980
|move|p1a: Munkidori|Sludge Bomb|p2a: Diancie
|-damage|p2a: Diancie|63/100
|-status|p2a: Diancie|tox|[from] ability: Toxic Chain|[of] p1a: Munkidori
|move|p2a: Diancie|Trick Room|p2a: Diancie
|-fieldstart|move: Trick Room|[of] p2a: Diancie
|
|-damage|p2a: Diancie|56/100 tox|[from] psn
|upkeep
|turn|15
|inactive|Bipo9 has 120 seconds left.
|
|t:|1760377021
|switch|p1a: Kleavor|Kleavor, F, shiny|100/100
|move|p2a: Diancie|Diamond Storm|p1a: Kleavor
|-supereffective|p1a: Kleavor
|-damage|p1a: Kleavor|0 fnt
|faint|p1a: Kleavor
|-damage|p2a: Diancie|47/100 tox|[from] item: Life Orb
|
|-damage|p2a: Diancie|34/100 tox|[from] psn
|upkeep
|
|t:|1760377033
|switch|p1a: Munkidori|Munkidori, M|100/100
|turn|16
|
|t:|1760377037
|move|p2a: Diancie|Diamond Storm|p1a: Munkidori
|-damage|p1a: Munkidori|5/100
|-damage|p2a: Diancie|24/100 tox|[from] item: Life Orb
|move|p1a: Munkidori|Sludge Bomb|p2a: Diancie
|-damage|p2a: Diancie|0 fnt
|faint|p2a: Diancie
|
|upkeep
|
|t:|1760377053
|switch|p2a: Ursaluna|Ursaluna, F|13/100 brn
|-heal|p2a: Ursaluna|100/100|[from] move: Healing Wish
|turn|17
|
|t:|1760377071
|move|p2a: Ursaluna|Crunch|p1a: Munkidori
|-supereffective|p1a: Munkidori
|-damage|p1a: Munkidori|0 fnt
|faint|p1a: Munkidori
|
|-status|p2a: Ursaluna|brn|[from] item: Flame Orb
|upkeep
|
|t:|1760377087
|switch|p1a: Blissey|Blissey, F, shiny|100/100
|turn|18
|
|t:|1760377096
|-terastallize|p1a: Blissey|Ghost
|move|p2a: Ursaluna|Headlong Rush|p1a: Blissey
|-damage|p1a: Blissey|0 fnt
|-unboost|p2a: Ursaluna|def|1
|-unboost|p2a: Ursaluna|spd|1
|faint|p1a: Blissey
|
|-damage|p2a: Ursaluna|94/100 brn|[from] brn
|-fieldend|move: Trick Room
|upkeep
|
|t:|1760377105
|switch|p1a: Chandelure|Chandelure, F, shiny|28/100
|turn|19
|
|t:|1760377119
|move|p1a: Chandelure|Flamethrower|p2a: Ursaluna
|-damage|p2a: Ursaluna|0 fnt
|faint|p2a: Ursaluna
|
|upkeep
|
|t:|1760377123
|switch|p2a: Sinistcha|Sinistcha, shiny|100/100
|turn|20
|
|t:|1760377130
|-terastallize|p2a: Sinistcha|Steel
|move|p1a: Chandelure|Flamethrower|p2a: Sinistcha
|-supereffective|p2a: Sinistcha
|-damage|p2a: Sinistcha|0 fnt
|faint|p2a: Sinistcha
|
|upkeep
|
|t:|1760377135
|switch|p2a: Porygon2|Porygon2|18/100 tox
|-ability|p2a: Porygon2|Download|boost
|-boost|p2a: Porygon2|spa|1
|turn|21
|
|t:|1760377139
|move|p1a: Chandelure|Flamethrower|p2a: Porygon2
|-damage|p2a: Porygon2|0 fnt
|faint|p2a: Porygon2
|
|win|Bipo9
|raw|Bipo9's rating: 1147 &rarr; <strong>1174</strong><br />(+27 for winning)
|raw|eeeppo's rating: 1172 &rarr; <strong>1145</strong><br />(-27 for losing)
|l|☆eeeppo
|player|p2|
|l|☆Bipo9
|player|p1|
