|j|☆aheq647
|j|☆QWASXC
|t:|1760328526
|gametype|singles
|player|p1|aheq647|hilda-wonderlauncher|1277
|player|p2|QWASXC|elesa|1221
|gen|9
|tier|[Gen 9] OU
|rated|
|rule|HP Percentage Mod: HP is shown in percentages
|rule|Endless Battle Clause: Forcing endless battles is banned
|rule|Species Clause: Limit one of each Pokémon
|rule|OHKO Clause: OHKO moves are banned
|rule|Evasion Items Clause: Evasion items are banned
|rule|Evasion Moves Clause: Evasion moves are banned
|rule|Evasion Abilities Clause: Evasion abilities are banned
|rule|Sleep Moves Clause: Sleep-inducing moves are banned
|clearpoke
|poke|p1|Goodra-Hisui, F|
|poke|p1|Moltres|
|poke|p1|Ogerpon-Wellspring, F|
|poke|p1|Landorus-Therian, M|
|poke|p1|Samurott-Hisui, M|
|poke|p1|Iron Treads|
|poke|p2|Flygon, M|
|poke|p2|Garganacl, M|
|poke|p2|Armarouge, M|
|poke|p2|Darkrai|
|poke|p2|Inteleon, F|
|poke|p2|Iron Treads|
|teampreview
|inactive|Battle timer is ON: inactive players will automatically lose when time's up. (requested by aheq647)
|
|t:|1760328539
|teamsize|p1|6
|teamsize|p2|6
|start
|switch|p1a: Samurott|Samurott-Hisui, M|100/100
|switch|p2a: Flygon|Flygon, M|100/100
|turn|1
|
|t:|1760328545
|move|p2a: Flygon|First Impression|p1a: Samurott
|-supereffective|p1a: Samurott
|-damage|p1a: Samurott|19/100
|-damage|p2a: Flygon|91/100|[from] item: Life Orb
|move|p1a: Samurott|Flip Turn|p2a: Flygon
|-damage|p2a: Flygon|49/100
|
|t:|1760328557
|switch|p1a: Ogerpon|Ogerpon-Wellspring, F|100/100|[from] Flip Turn
|
|upkeep
|turn|2
|
|t:|1760328564
|move|p1a: Ogerpon|Ivy Cudgel|p2a: Flygon|[anim] Ivy Cudgel Water
|-crit|p2a: Flygon
|-damage|p2a: Flygon|0 fnt
|faint|p2a: Flygon
|
|upkeep
|
|t:|1760328572
|switch|p2a: Inteleon|Inteleon, F|100/100
|turn|3
|
|t:|1760328576
|move|p2a: Inteleon|Air Slash|p1a: Ogerpon
|-supereffective|p1a: Ogerpon
|-damage|p1a: Ogerpon|39/100
|cant|p1a: Ogerpon|flinch
|
|upkeep
|turn|4
|
|t:|1760328583
|-terastallize|p1a: Ogerpon|Water
|detailschange|p1a: Ogerpon|Ogerpon-Wellspring-Tera, F, tera:Water
|-ability|p1a: Ogerpon|Embody Aspect (Wellspring)|boost
|-boost|p1a: Ogerpon|spd|1
|move|p2a: Inteleon|Air Slash|p1a: Ogerpon
|-damage|p1a: Ogerpon|20/100
|move|p1a: Ogerpon|Power Whip|p2a: Inteleon
|-supereffective|p2a: Inteleon
|-damage|p2a: Inteleon|0 fnt
|faint|p2a: Inteleon
|
|upkeep
|
|t:|1760328598
|switch|p2a: Iron Treads|Iron Treads|100/100
|-enditem|p2a: Iron Treads|Booster Energy
|-activate|p2a: Iron Treads|ability: Quark Drive|[fromitem]
|-start|p2a: Iron Treads|quarkdrivespe
|turn|5
|
|t:|1760328608
|switch|p1a: Landorus|Landorus-Therian, M|100/100
|-ability|p1a: Landorus|Intimidate|boost
|-unboost|p2a: Iron Treads|atk|1
|move|p2a: Iron Treads|Earthquake|p1a: Landorus
|-immune|p1a: Landorus
|
|upkeep
|turn|6
|
|t:|1760328623
|move|p2a: Iron Treads|Ice Spinner|p1a: Landorus
|-supereffective|p1a: Landorus
|-damage|p1a: Landorus|24/100
|move|p1a: Landorus|Earthquake|p2a: Iron Treads
|-supereffective|p2a: Iron Treads
|-damage|p2a: Iron Treads|0 fnt
|faint|p2a: Iron Treads
|-end|p2a: Iron Treads|Quark Drive|[silent]
|
|upkeep
|
|t:|1760328643
|switch|p2a: Armarouge|Armarouge, M|100/100
|turn|7
|
|t:|1760328653
|move|p1a: Landorus|Earthquake|p2a: Armarouge
|-supereffective|p2a: Armarouge
|-enditem|p2a: Armarouge|Focus Sash
|-damage|p2a: Armarouge|1/100
|-ability|p2a: Armarouge|Weak Armor|boost
|-unboost|p2a: Armarouge|def|1
|-boost|p2a: Armarouge|spe|2
|move|p2a: Armarouge|Psychic|p1a: Landorus
|-damage|p1a: Landorus|0 fnt
|faint|p1a: Landorus
|
|upkeep
|
|t:|1760328664
|switch|p1a: Moltres|Moltres|100/100
|turn|8
|
|t:|1760328669
|move|p2a: Armarouge|Psychic|p1a: Moltres
|-damage|p1a: Moltres|52/100
|move|p1a: Moltres|Flamethrower|p2a: Armarouge
|-resisted|p2a: Armarouge
|-damage|p2a: Armarouge|0 fnt
|faint|p2a: Armarouge
|
|upkeep
|
|t:|1760328678
|switch|p2a: Garganacl|Garganacl, M|100/100
|turn|9
|
|t:|1760328682
|move|p1a: Moltres|Flamethrower|p2a: Garganacl
|-resisted|p2a: Garganacl
|-damage|p2a: Garganacl|84/100
|move|p2a: Garganacl|Salt Cure|p1a: Moltres
|-supereffective|p1a: Moltres
|-damage|p1a: Moltres|11/100
|-start|p1a: Moltres|Salt Cure
|
|-damage|p1a: Moltres|0 fnt|[from] Salt Cure
|faint|p1a: Moltres
|upkeep
|
|t:|1760328684
|switch|p1a: Ogerpon|Ogerpon-Wellspring-Tera, F, tera:Water|20/100
|-ability|p1a: Ogerpon|Embody Aspect (Wellspring)|boost
|-boost|p1a: Ogerpon|spd|1
|turn|10
|
|t:|1760328699
|move|p1a: Ogerpon|Ivy Cudgel|p2a: Garganacl|[anim] Ivy Cudgel Water
|-supereffective|p2a: Garganacl
|-crit|p2a: Garganacl
|-damage|p2a: Garganacl|0 fnt
|faint|p2a: Garganacl
|
|upkeep
|
|t:|1760328705
|switch|p2a: Darkrai|Darkrai, shiny|100/100
|turn|11
|
|t:|1760328711
|move|p2a: Darkrai|Dark Pulse|p1a: Ogerpon
|-damage|p1a: Ogerpon|0 fnt
|faint|p1a: Ogerpon
|detailschange|p1: Ogerpon|Ogerpon-Wellspring, F|[silent]
|
|upkeep
|
|t:|1760328717
|switch|p1a: Goodra|Goodra-Hisui, F|100/100
|turn|12
|
|t:|1760328720
|move|p2a: Darkrai|Focus Blast|p1a: Goodra
|-supereffective|p1a: Goodra
|-damage|p1a: Goodra|65/100
|move|p1a: Goodra|Heavy Slam|p2a: Darkrai
|-damage|p2a: Darkrai|41/100
|
|upkeep
|turn|13
|
|t:|1760328733
|move|p2a: Darkrai|Ice Beam|p1a: Goodra
|-damage|p1a: Goodra|51/100
|move|p1a: Goodra|Heavy Slam|p2a: Darkrai
|-damage|p2a: Darkrai|0 fnt
|faint|p2a: Darkrai
|
|win|aheq647
|raw|aheq647's rating: 1277 &rarr; <strong>1298</strong><br />(+21 for winning)
|raw|QWASXC's rating: 1221 &rarr; <strong>1200</strong><br />(-21 for losing)
|l|☆QWASXC
|player|p2|
|l|☆aheq647
|player|p1|
