|j|☆pcklee
|j|☆dr. drake6782
|t:|1760378048
|gametype|singles
|player|p1|pcklee|2|1713
|player|p2|dr. drake6782|hilbert-masters|1714
|gen|9
|tier|[Gen 9] OU
|rated|
|rule|HP Percentage Mod: HP is shown in percentages
|rule|Endless Battle Clause: Forcing endless battles is banned
|rule|Species Clause: Limit one of each Pokémon
|rule|OHKO Clause: OHKO moves are banned
|rule|Evasion Items Clause: Evasion items are banned
|rule|Evasion Moves Clause: Evasion moves are banned
|rule|Evasion Abilities Clause: Evasion abilities are banned
|rule|Sleep Moves Clause: Sleep-inducing moves are banned
|clearpoke
|poke|p1|Darkrai|
|poke|p1|Rillaboom, F|
|poke|p1|Zamazenta-*|
|poke|p1|Gholdengo|
|poke|p1|Raging Bolt|
|poke|p1|Cinderace, M|
|poke|p2|Pelipper, M|
|poke|p2|Tornadus-Therian, M|
|poke|p2|Iron Treads|
|poke|p2|Decidueye-Hisui, F|
|poke|p2|Barraskewda, M|
|poke|p2|Raging Bolt|
|teampreview
|inactive|Battle timer is ON: inactive players will automatically lose when time's up. (requested by dr. drake6782)
|c|☆dr. drake6782|hf
|inactive|pcklee has 120 seconds left.
|c|☆dr. drake6782|one one one
|c|☆pcklee|you too boss
|c|☆pcklee|this will be sick
|c|☆dr. drake6782|bet
|c|☆dr. drake6782|haha
|c|☆dr. drake6782|whats this heat team u got here
|c|☆dr. drake6782|shi making me sweat
|
|t:|1760378107
|teamsize|p1|6
|teamsize|p2|6
|start
|switch|p1a: Raging Bolt|Raging Bolt|100/100
|switch|p2a: Pelipper|Pelipper, M|100/100
|-weather|RainDance|[from] ability: Drizzle|[of] p2a: Pelipper
|-enditem|p1a: Raging Bolt|Booster Energy
|-activate|p1a: Raging Bolt|ability: Protosynthesis|[fromitem]
|-start|p1a: Raging Bolt|protosynthesisspa
|turn|1
|c|☆dr. drake6782|the tech is too tuff
|c|☆pcklee|lmao i started showdown 2 days ago
|c|☆dr. drake6782|damn
|c|☆dr. drake6782|same
|c|☆dr. drake6782|LMAO
|c|☆pcklee|ive made 2 teams and have spammed them
|c|☆pcklee|shit is too fun
|inactive|pcklee has 120 seconds left.
|c|☆dr. drake6782|I just been taking previous peak teams
|c|☆dr. drake6782|idk
|
|t:|1760378150
|switch|p2a: Iron Treads|Iron Treads|100/100
|move|p1a: Raging Bolt|Calm Mind|p1a: Raging Bolt
|-boost|p1a: Raging Bolt|spa|1
|-boost|p1a: Raging Bolt|spd|1
|
|-weather|RainDance|[upkeep]
|upkeep
|turn|2
|
|t:|1760378158
|move|p2a: Iron Treads|Earthquake|p1a: Raging Bolt
|-supereffective|p1a: Raging Bolt
|-damage|p1a: Raging Bolt|31/100
|move|p1a: Raging Bolt|Draco Meteor|p2a: Iron Treads
|-resisted|p2a: Iron Treads
|-damage|p2a: Iron Treads|40/100
|-unboost|p1a: Raging Bolt|spa|2
|
|-weather|RainDance|[upkeep]
|-heal|p2a: Iron Treads|46/100|[from] item: Leftovers
|upkeep
|turn|3
|inactive|pcklee has 120 seconds left.
|c|☆dr. drake6782|shi
|c|☆dr. drake6782|droppin dracos
|c|☆dr. drake6782|on me
|
|t:|1760378179
|-end|p1a: Raging Bolt|Protosynthesis|[silent]
|switch|p1a: Rillaboom|Rillaboom, F|100/100
|-fieldstart|move: Grassy Terrain|[from] ability: Grassy Surge|[of] p1a: Rillaboom
|move|p2a: Iron Treads|Earthquake|p1a: Rillaboom
|-resisted|p1a: Rillaboom
|-damage|p1a: Rillaboom|91/100
|
|-weather|RainDance|[upkeep]
|-heal|p2a: Iron Treads|52/100|[from] Grassy Terrain
|-heal|p2a: Iron Treads|58/100|[from] item: Leftovers
|-heal|p1a: Rillaboom|97/100|[from] Grassy Terrain
|upkeep
|turn|4
|c|☆pcklee|lmao
|c|☆pcklee|youre too funny
|c|☆dr. drake6782|like calm down gang
|
|t:|1760378196
|-end|p2a: Iron Treads|Quark Drive|[silent]
|switch|p2a: Tornadus|Tornadus-Therian, M|100/100
|move|p1a: Rillaboom|Wood Hammer|p2a: Tornadus
|-resisted|p2a: Tornadus
|-damage|p2a: Tornadus|17/100
|-damage|p1a: Rillaboom|74/100|[from] Recoil
|
|-weather|RainDance|[upkeep]
|-heal|p1a: Rillaboom|80/100|[from] Grassy Terrain
|upkeep
|turn|5
|c|☆dr. drake6782|shi i feel a hammer of wood
|c|☆dr. drake6782|wtf
|c|☆dr. drake6782|shi gotta be banded
|c|☆pcklee|maybe...
|c|☆dr. drake6782|if its not im genuinely cooked
|inactive|pcklee has 90 seconds left.
|c|☆dr. drake6782|I didn't know boom had game like this
|
|t:|1760378222
|switch|p1a: Gholdengo|Gholdengo|100/100
|-enditem|p1a: Gholdengo|Grassy Seed
|-boost|p1a: Gholdengo|def|1|[from] item: Grassy Seed
|move|p2a: Tornadus|Hurricane|p1a: Gholdengo
|-resisted|p1a: Gholdengo
|-damage|p1a: Gholdengo|60/100
|
|-weather|RainDance|[upkeep]
|-heal|p1a: Gholdengo|66/100|[from] Grassy Terrain
|upkeep
|turn|6
|inactive|pcklee has 90 seconds left.
|c|☆dr. drake6782|shi
|c|☆dr. drake6782|this tech is insane
|
|t:|1760378239
|switch|p2a: Iron Treads|Iron Treads|58/100
|move|p1a: Gholdengo|Shadow Ball|p2a: Iron Treads
|-damage|p2a: Iron Treads|21/100
|
|-weather|RainDance|[upkeep]
|-heal|p2a: Iron Treads|27/100|[from] Grassy Terrain
|-heal|p2a: Iron Treads|33/100|[from] item: Leftovers
|-heal|p1a: Gholdengo|72/100|[from] Grassy Terrain
|upkeep
|turn|7
|
|t:|1760378260
|move|p2a: Iron Treads|Stealth Rock|p1a: Gholdengo
|-sidestart|p1: pcklee|move: Stealth Rock
|move|p1a: Gholdengo|Shadow Ball|p2a: Iron Treads
|-damage|p2a: Iron Treads|0 fnt
|faint|p2a: Iron Treads
|-end|p2a: Iron Treads|Quark Drive|[silent]
|
|-weather|RainDance|[upkeep]
|-heal|p1a: Gholdengo|78/100|[from] Grassy Terrain
|-fieldend|move: Grassy Terrain
|upkeep
|
|t:|1760378275
|switch|p2a: Raging Bolt|Raging Bolt|100/100
|-enditem|p2a: Raging Bolt|Booster Energy
|-activate|p2a: Raging Bolt|ability: Protosynthesis|[fromitem]
|-start|p2a: Raging Bolt|protosynthesisspa
|turn|8
|c|☆pcklee|bro you're too funny lmao
|c|☆dr. drake6782|thanks boss
|inactive|pcklee has 60 seconds left.
|c|☆dr. drake6782|I feel like u boutta hit me with a shadow ball
|c|☆dr. drake6782|haha
|c|☆dr. drake6782|or swap out
|
|t:|1760378309
|move|p1a: Gholdengo|Shadow Ball|p2a: Raging Bolt
|-damage|p2a: Raging Bolt|56/100
|move|p2a: Raging Bolt|Thunder|p1a: Gholdengo
|-crit|p1a: Gholdengo
|-damage|p1a: Gholdengo|0 fnt
|faint|p1a: Gholdengo
|
|-weather|none
|upkeep
|c|☆dr. drake6782|into smt like
|c|☆dr. drake6782|yuh
|c|☆pcklee|holy tech
|c|☆dr. drake6782|tuff cri
|c|☆pcklee|lmao
|c|☆dr. drake6782|shi lowk I be kinda messed rn
|c|☆dr. drake6782|don't click wood hammer bro
|
|t:|1760378331
|switch|p1a: Darkrai|Darkrai|100/100
|-damage|p1a: Darkrai|88/100|[from] Stealth Rock
|turn|9
|
|t:|1760378339
|move|p2a: Raging Bolt|Thunderclap|p1a: Darkrai
|-damage|p1a: Darkrai|28/100
|move|p1a: Darkrai|Ice Beam|p2a: Raging Bolt
|-supereffective|p2a: Raging Bolt
|-damage|p2a: Raging Bolt|9/100
|-status|p2a: Raging Bolt|frz
|
|-heal|p1a: Darkrai|34/100|[from] item: Leftovers
|upkeep
|turn|10
|c|☆dr. drake6782|shi
|c|☆dr. drake6782|the freeze
|c|☆pcklee|mb
|c|☆pcklee|sorry
|c|☆dr. drake6782|alg gang
|c|☆dr. drake6782|its how the agency plays
|
|t:|1760378359
|cant|p2a: Raging Bolt|frz
|move|p1a: Darkrai|Dark Pulse|p2a: Raging Bolt
|-damage|p2a: Raging Bolt|0 fnt
|faint|p2a: Raging Bolt
|-end|p2a: Raging Bolt|Protosynthesis|[silent]
|
|-heal|p1a: Darkrai|40/100|[from] item: Leftovers
|upkeep
|c|☆pcklee|sorry
|
|t:|1760378365
|switch|p2a: Pelipper|Pelipper, M|100/100
|-weather|RainDance|[from] ability: Drizzle|[of] p2a: Pelipper
|turn|11
|c|☆pcklee|only luck player
|c|☆pcklee|thats me
|c|☆dr. drake6782|its alg haha
|
|t:|1760378382
|move|p1a: Darkrai|Dark Pulse|p2a: Pelipper
|-damage|p2a: Pelipper|50/100
|move|p2a: Pelipper|U-turn|p1a: Darkrai
|-supereffective|p1a: Darkrai
|-damage|p1a: Darkrai|19/100
|c|☆dr. drake6782|click a d pulse
|
|t:|1760378387
|switch|p2a: Barraskewda|Barraskewda, M, shiny|100/100|[from] U-turn
|
|-weather|RainDance|[upkeep]
|-heal|p1a: Darkrai|25/100|[from] item: Leftovers
|upkeep
|turn|12
|c|☆dr. drake6782|yuh yuh
|c|☆pcklee|heres the big boy...
|c|☆dr. drake6782|my boy skewda
|c|☆dr. drake6782|spittin bars
|c|☆dr. drake6782|lowk zama kinda cooks him tho
|inactive|pcklee has 30 seconds left.
|
|t:|1760378413
|move|p2a: Barraskewda|Liquidation|p1a: Darkrai
|-damage|p1a: Darkrai|0 fnt
|faint|p1a: Darkrai
|-damage|p2a: Barraskewda|91/100|[from] item: Life Orb
|
|-weather|RainDance|[upkeep]
|upkeep
|inactive|pcklee has 30 seconds left.
|c|☆dr. drake6782|shi boom boutta come out
|inactive|pcklee has 20 seconds left.
|c|☆dr. drake6782|bro boom like shaq
|inactive|pcklee has 15 seconds left.
|
|t:|1760378434
|switch|p1a: Zamazenta|Zamazenta|100/100
|-damage|p1a: Zamazenta|94/100|[from] Stealth Rock
|-ability|p1a: Zamazenta|Dauntless Shield|boost
|-boost|p1a: Zamazenta|def|1
|turn|13
|inactive|pcklee has 25 seconds left this turn.
|j| Joao v9898
|inactive|pcklee has 20 seconds left.
|inactive|pcklee has 15 seconds left.
|c|☆dr. drake6782|https://www.youtube.com/shorts/IcgKhHt-4E8
|c|☆dr. drake6782|like see this clop
|c|☆dr. drake6782|thays like shaq
|
|t:|1760378462
|move|p2a: Barraskewda|Flip Turn|p1a: Zamazenta
|-damage|p1a: Zamazenta|64/100
|-damage|p2a: Barraskewda|81/100|[from] item: Life Orb
|
|t:|1760378463
|switch|p2a: Pelipper|Pelipper, M|50/100|[from] Flip Turn
|move|p1a: Zamazenta|Body Press|p2a: Pelipper
|-resisted|p2a: Pelipper
|-damage|p2a: Pelipper|30/100
|
|-weather|RainDance|[upkeep]
|-heal|p1a: Zamazenta|70/100|[from] item: Leftovers
|upkeep
|turn|14
|inactive|pcklee has 30 seconds left this turn.
|c|☆pcklee|lmao ill check after
|inactive|pcklee has 20 seconds left.
|c|☆pcklee|wait youre techy
|inactive|pcklee has 15 seconds left.
|c|☆pcklee|shit
|inactive|pcklee has 10 seconds left.
|
|t:|1760378485
|switch|p1a: Rillaboom|Rillaboom, F|80/100
|-damage|p1a: Rillaboom|68/100|[from] Stealth Rock
|-fieldstart|move: Grassy Terrain|[from] ability: Grassy Surge|[of] p1a: Rillaboom
|move|p2a: Pelipper|Roost|p2a: Pelipper
|-heal|p2a: Pelipper|80/100
|-singleturn|p2a: Pelipper|move: Roost
|
|-weather|RainDance|[upkeep]
|-heal|p1a: Rillaboom|74/100|[from] Grassy Terrain
|-heal|p2a: Pelipper|86/100|[from] Grassy Terrain
|upkeep
|turn|15
|inactive|pcklee has 20 seconds left this turn.
|c|☆dr. drake6782|I always got a tech on boy
|inactive|pcklee has 15 seconds left.
|c|☆pcklee|wait shit
|c|☆pcklee|oh nvm
|inactive|pcklee has 10 seconds left.
|
|t:|1760378499
|switch|p2a: Decidueye|Decidueye-Hisui, F, shiny|100/100
|move|p1a: Rillaboom|Wood Hammer|p2a: Decidueye
|-resisted|p2a: Decidueye
|-damage|p2a: Decidueye|56/100
|-damage|p1a: Rillaboom|57/100|[from] item: Rocky Helmet|[of] p2a: Decidueye
|-damage|p1a: Rillaboom|42/100|[from] Recoil
|
|-weather|RainDance|[upkeep]
|-heal|p1a: Rillaboom|48/100|[from] Grassy Terrain
|-heal|p2a: Decidueye|62/100|[from] Grassy Terrain
|upkeep
|turn|16
|inactive|pcklee has 20 seconds left this turn.
|c|☆dr. drake6782|wood hammer still kills me
|inactive|pcklee has 15 seconds left.
|c|☆dr. drake6782|like wtf is this damage
|inactive|pcklee has 10 seconds left.
|inactive|pcklee has 5 seconds left.
|
|t:|1760378516
|-terastallize|p1a: Rillaboom|Grass
|move|p1a: Rillaboom|Wood Hammer|p2a: Decidueye
|-resisted|p2a: Decidueye
|-damage|p2a: Decidueye|0 fnt
|-damage|p1a: Rillaboom|31/100|[from] item: Rocky Helmet|[of] p2a: Decidueye
|faint|p2a: Decidueye
|-damage|p1a: Rillaboom|10/100|[from] Recoil
|
|-weather|RainDance|[upkeep]
|-heal|p1a: Rillaboom|16/100|[from] Grassy Terrain
|upkeep
|c|☆pcklee|lmao
|
|t:|1760378532
|switch|p2a: Tornadus|Tornadus-Therian, M|50/100
|turn|17
|inactive|pcklee has 20 seconds left this turn.
|c|☆pcklee|it be liike that
|inactive|pcklee has 15 seconds left.
|
|t:|1760378540
|switch|p1a: Cinderace|Cinderace, M|100/100
|move|p2a: Tornadus|U-turn|p1a: Cinderace
|-resisted|p1a: Cinderace
|-damage|p1a: Cinderace|93/100
|c|☆dr. drake6782|his that shiesty
|
|t:|1760378545
|switch|p2a: Barraskewda|Barraskewda, M, shiny|81/100|[from] U-turn
|
|-weather|RainDance|[upkeep]
|-heal|p2a: Barraskewda|87/100|[from] Grassy Terrain
|-heal|p1a: Cinderace|99/100|[from] Grassy Terrain
|upkeep
|turn|18
|inactive|pcklee has 30 seconds left this turn.
|c|☆dr. drake6782|hit
|inactive|pcklee has 20 seconds left.
|inactive|pcklee has 15 seconds left.
|
|t:|1760378564
|move|p2a: Barraskewda|Liquidation|p1a: Cinderace
|-supereffective|p1a: Cinderace
|-damage|p1a: Cinderace|0 fnt
|faint|p1a: Cinderace
|-damage|p2a: Barraskewda|77/100|[from] item: Life Orb
|
|-weather|none
|-heal|p2a: Barraskewda|83/100|[from] Grassy Terrain
|-fieldend|move: Grassy Terrain
|upkeep
|inactive|pcklee has 20 seconds left this turn.
|c|☆dr. drake6782|sacking my boy neymar
|inactive|pcklee has 15 seconds left.
|c|☆dr. drake6782|wild
|inactive|pcklee has 10 seconds left.
|
|t:|1760378575
|switch|p1a: Rillaboom|Rillaboom, F, tera:Grass|16/100
|-damage|p1a: Rillaboom|4/100|[from] Stealth Rock
|-fieldstart|move: Grassy Terrain|[from] ability: Grassy Surge|[of] p1a: Rillaboom
|turn|19
|inactive|pcklee has 20 seconds left this turn.
|inactive|pcklee has 15 seconds left.
|
|t:|1760378581
|move|p2a: Barraskewda|Aqua Jet|p1a: Rillaboom
|-resisted|p1a: Rillaboom
|-damage|p1a: Rillaboom|0 fnt
|faint|p1a: Rillaboom
|-damage|p2a: Barraskewda|73/100|[from] item: Life Orb
|
|-heal|p2a: Barraskewda|79/100|[from] Grassy Terrain
|upkeep
|inactive|pcklee has 20 seconds left this turn.
|l| Joao v9898
|c|☆pcklee|oh shi
|inactive|pcklee has 15 seconds left.
|c|☆dr. drake6782|yuh
|c|☆pcklee|wait
|c|☆dr. drake6782|wallahid
|inactive|pcklee has 10 seconds left.
|inactive|pcklee has 5 seconds left.
|
|t:|1760378598
|switch|p1a: Zamazenta|Zamazenta|70/100
|-damage|p1a: Zamazenta|64/100|[from] Stealth Rock
|turn|20
|inactive|pcklee has 15 seconds left this turn.
|inactive|pcklee has 10 seconds left.
|
|t:|1760378604
|switch|p2a: Pelipper|Pelipper, M|86/100
|-weather|RainDance|[from] ability: Drizzle|[of] p2a: Pelipper
|move|p1a: Zamazenta|Iron Defense|p1a: Zamazenta
|-boost|p1a: Zamazenta|def|2
|
|-weather|RainDance|[upkeep]
|-heal|p1a: Zamazenta|70/100|[from] Grassy Terrain
|-heal|p1a: Zamazenta|76/100|[from] item: Leftovers
|upkeep
|turn|21
|inactive|pcklee has 20 seconds left this turn.
|c|☆dr. drake6782|I think thats a bar bro
|inactive|pcklee has 15 seconds left.
|inactive|pcklee has 10 seconds left.
|
|t:|1760378615
|move|p1a: Zamazenta|Body Press|p2a: Pelipper
|-resisted|p2a: Pelipper
|-damage|p2a: Pelipper|56/100
|move|p2a: Pelipper|Hurricane|p1a: Zamazenta
|-supereffective|p1a: Zamazenta
|-damage|p1a: Zamazenta|10/100
|
|-weather|RainDance|[upkeep]
|-heal|p1a: Zamazenta|16/100|[from] Grassy Terrain
|-heal|p1a: Zamazenta|22/100|[from] item: Leftovers
|upkeep
|turn|22
|inactive|pcklee has 20 seconds left this turn.
|inactive|pcklee has 15 seconds left.
|c|☆dr. drake6782|ggs
|
|t:|1760378625
|move|p1a: Zamazenta|Body Press|p2a: Pelipper
|-resisted|p2a: Pelipper
|-damage|p2a: Pelipper|25/100
|move|p2a: Pelipper|Hurricane|p1a: Zamazenta
|-supereffective|p1a: Zamazenta
|-damage|p1a: Zamazenta|0 fnt
|faint|p1a: Zamazenta
|
|-weather|RainDance|[upkeep]
|upkeep
|inactive|pcklee has 20 seconds left this turn.
|c|☆dr. drake6782|u fought like a true playa
|inactive|pcklee has 15 seconds left.
|
|t:|1760378633
|switch|p1a: Raging Bolt|Raging Bolt|31/100
|-damage|p1a: Raging Bolt|19/100|[from] Stealth Rock
|turn|23
|inactive|pcklee has 25 seconds left this turn.
|inactive|pcklee has 20 seconds left.
|
|t:|1760378643
|move|p1a: Raging Bolt|Thunderbolt|p2a: Pelipper
|-supereffective|p2a: Pelipper
|-damage|p2a: Pelipper|0 fnt
|faint|p2a: Pelipper
|
|-weather|RainDance|[upkeep]
|-heal|p1a: Raging Bolt|25/100|[from] Grassy Terrain
|-fieldend|move: Grassy Terrain
|upkeep
|
|t:|1760378646
|switch|p2a: Barraskewda|Barraskewda, M, shiny|79/100
|turn|24
|c|☆pcklee|ggs
|c|☆pcklee|well played
|inactive|pcklee has 30 seconds left.
|
|t:|1760378653
|-terastallize|p2a: Barraskewda|Water
|move|p2a: Barraskewda|Aqua Jet|p1a: Raging Bolt
|-resisted|p1a: Raging Bolt
|-damage|p1a: Raging Bolt|0 fnt
|faint|p1a: Raging Bolt
|-end|p1a: Raging Bolt|Protosynthesis|[silent]
|-damage|p2a: Barraskewda|69/100|[from] item: Life Orb
|
|win|dr. drake6782
|raw|pcklee's rating: 1713 &rarr; <strong>1693</strong><br />(-20 for losing)
|raw|dr. drake6782's rating: 1714 &rarr; <strong>1734</strong><br />(+20 for winning)
|c|☆dr. drake6782|ggs
|c|☆dr. drake6782|yo i sent u a req btw
|c|☆dr. drake6782|add me
|c|☆pcklee|sounds good boss
|c|☆pcklee|holy prodigy
|c|☆dr. drake6782|wym
|c|☆dr. drake6782|I just been the agency
|c|☆dr. drake6782|u feel me
|c|☆pcklee|lmao
|c|☆dr. drake6782|hittin up aims yt and blunders
|c|☆dr. drake6782|I was in like 2 aim vids
|c|☆dr. drake6782|I lost horribly
|c|☆pcklee|are you on the channel?
|c|☆dr. drake6782|both times
|c|☆pcklee|fairs enough
|c|☆dr. drake6782|mf aim
|c|☆pcklee|nah bro im here just to learn
|c|☆dr. drake6782|is lowk
|c|☆dr. drake6782|on top
|c|☆dr. drake6782|oh bet
|c|☆pcklee|this shit so fun
|c|☆dr. drake6782|wanna run some games w me
|c|☆dr. drake6782|for the learning
|c|☆pcklee|i only have 2 teams but sure
|c|☆dr. drake6782|I can boot up diff teams
|c|☆dr. drake6782|bet
|c|☆pcklee|sounds good lets run it
|c|☆pcklee|i'll run my other team
|l|☆pcklee
|player|p1|
