|j|☆cordonbloom
|j|☆EETT50_2
|t:|1760405520
|gametype|singles
|player|p1|cordonbloom|265|1074
|player|p2|EETT50_2|1|1113
|gen|9
|tier|[Gen 9] OU
|rated|
|rule|HP Percentage Mod: HP is shown in percentages
|rule|Endless Battle Clause: Forcing endless battles is banned
|rule|Species Clause: Limit one of each Pokémon
|rule|OHKO Clause: OHKO moves are banned
|rule|Evasion Items Clause: Evasion items are banned
|rule|Evasion Moves Clause: Evasion moves are banned
|rule|Evasion Abilities Clause: Evasion abilities are banned
|rule|Sleep Moves Clause: Sleep-inducing moves are banned
|clearpoke
|poke|p1|Glimmora, F|
|poke|p1|Samurott-Hisui, F|
|poke|p1|Gholdengo|
|poke|p1|Thundurus-Therian, M|
|poke|p1|Alomomola, M|
|poke|p1|Ting-Lu|
|poke|p2|Gliscor, F|
|poke|p2|Haxorus, M|
|poke|p2|Lapras, M|
|poke|p2|Galvantula, F|
|poke|p2|Metagross|
|poke|p2|Chandelure, F|
|teampreview
|
|t:|1760405528
|teamsize|p1|6
|teamsize|p2|6
|start
|switch|p1a: Samurott|Samurott-Hisui, F|100/100
|switch|p2a: Galvantula|Galvantula, F|100/100
|turn|1
|
|t:|1760405536
|switch|p1a: Ting-Lu|Ting-Lu|100/100
|-ability|p1a: Ting-Lu|Vessel of Ruin
|move|p2a: Galvantula|Thunder Wave|p1a: Ting-Lu
|-immune|p1a: Ting-Lu
|
|upkeep
|turn|2
|
|t:|1760405544
|move|p2a: Galvantula|Sticky Web|p1a: Ting-Lu
|-sidestart|p1: cordonbloom|move: Sticky Web
|move|p1a: Ting-Lu|Spikes|p2a: Galvantula
|-sidestart|p2: EETT50_2|Spikes
|
|upkeep
|turn|3
|
|t:|1760405549
|move|p2a: Galvantula|Struggle Bug|p1a: Ting-Lu
|-supereffective|p1a: Ting-Lu
|-damage|p1a: Ting-Lu|72/100
|-unboost|p1a: Ting-Lu|spa|1
|move|p1a: Ting-Lu|Spikes|p2a: Galvantula
|-sidestart|p2: EETT50_2|Spikes
|
|-heal|p1a: Ting-Lu|79/100|[from] item: Leftovers
|upkeep
|turn|4
|
|t:|1760405558
|move|p2a: Galvantula|Struggle Bug|p1a: Ting-Lu
|-supereffective|p1a: Ting-Lu
|-damage|p1a: Ting-Lu|51/100
|-unboost|p1a: Ting-Lu|spa|1
|move|p1a: Ting-Lu|Spikes|p2a: Galvantula
|-sidestart|p2: EETT50_2|Spikes
|
|-heal|p1a: Ting-Lu|57/100|[from] item: Leftovers
|upkeep
|turn|5
|
|t:|1760405573
|switch|p1a: Glimmora|Glimmora, F|100/100
|-activate|p1a: Glimmora|move: Sticky Web
|-unboost|p1a: Glimmora|spe|1
|move|p2a: Galvantula|Sticky Web||[still]
|-fail|p2a: Galvantula
|
|upkeep
|turn|6
|
|t:|1760405581
|move|p2a: Galvantula|Thunder Wave|p1a: Glimmora
|-status|p1a: Glimmora|par
|move|p1a: Glimmora|Mortal Spin|p2a: Galvantula
|-damage|p2a: Galvantula|91/100
|-status|p2a: Galvantula|psn
|-sideend|p1: cordonbloom|Sticky Web|[from] move: Mortal Spin|[of] p1a: Glimmora
|
|-damage|p2a: Galvantula|78/100 psn|[from] psn
|upkeep
|turn|7
|
|t:|1760405591
|move|p2a: Galvantula|Sticky Web|p1a: Glimmora
|-sidestart|p1: cordonbloom|move: Sticky Web
|move|p1a: Glimmora|Stealth Rock|p2a: Galvantula
|-sidestart|p2: EETT50_2|move: Stealth Rock
|
|-damage|p2a: Galvantula|66/100 psn|[from] psn
|upkeep
|turn|8
|
|t:|1760405598
|move|p2a: Galvantula|Thunder|p1a: Glimmora
|-damage|p1a: Glimmora|46/100 par
|-enditem|p1a: Glimmora|Red Card|[of] p2a: Galvantula
|drag|p2a: Chandelure|Chandelure, F|100/100
|-damage|p2a: Chandelure|76/100|[from] Spikes
|-damage|p2a: Chandelure|51/100|[from] Stealth Rock
|move|p1a: Glimmora|Mortal Spin|p2a: Chandelure
|-resisted|p2a: Chandelure
|-damage|p2a: Chandelure|47/100
|-status|p2a: Chandelure|psn
|-sideend|p1: cordonbloom|Sticky Web|[from] move: Mortal Spin|[of] p1a: Glimmora
|
|-damage|p2a: Chandelure|35/100 psn|[from] psn
|upkeep
|turn|9
|
|t:|1760405615
|switch|p1a: Samurott|Samurott-Hisui, F|100/100
|move|p2a: Chandelure|Energy Ball|p1a: Samurott
|-supereffective|p1a: Samurott
|-damage|p1a: Samurott|0 fnt
|faint|p1a: Samurott
|
|-damage|p2a: Chandelure|22/100 psn|[from] psn
|upkeep
|
|t:|1760405628
|switch|p1a: Ting-Lu|Ting-Lu|57/100
|-ability|p1a: Ting-Lu|Vessel of Ruin
|turn|10
|
|t:|1760405633
|move|p2a: Chandelure|Energy Ball|p1a: Ting-Lu
|-supereffective|p1a: Ting-Lu
|-damage|p1a: Ting-Lu|0 fnt
|faint|p1a: Ting-Lu
|
|-damage|p2a: Chandelure|10/100 psn|[from] psn
|upkeep
|
|t:|1760405642
|switch|p1a: Alomomola|Alomomola, M|100/100
|turn|11
|
|t:|1760405645
|move|p2a: Chandelure|Energy Ball|p1a: Alomomola
|-supereffective|p1a: Alomomola
|-damage|p1a: Alomomola|0 fnt
|faint|p1a: Alomomola
|
|-damage|p2a: Chandelure|0 fnt|[from] psn
|faint|p2a: Chandelure
|upkeep
|
|t:|1760405654
|switch|p2a: Metagross|Metagross|100/100
|switch|p1a: Thundurus|Thundurus-Therian, M|100/100
|-damage|p2a: Metagross|76/100|[from] Spikes
|-damage|p2a: Metagross|70/100|[from] Stealth Rock
|turn|12
|
|t:|1760405666
|move|p1a: Thundurus|Volt Switch|p2a: Metagross
|-damage|p2a: Metagross|28/100
|
|t:|1760405670
|switch|p1a: Gholdengo|Gholdengo|100/100|[from] Volt Switch
|-item|p1a: Gholdengo|Air Balloon
|move|p2a: Metagross|Psychic Fangs|p1a: Gholdengo
|-resisted|p1a: Gholdengo
|-damage|p1a: Gholdengo|77/100
|-enditem|p1a: Gholdengo|Air Balloon
|
|upkeep
|turn|13
|
|t:|1760405679
|move|p2a: Metagross|Bullet Punch|p1a: Gholdengo
|-resisted|p1a: Gholdengo
|-damage|p1a: Gholdengo|67/100
|move|p1a: Gholdengo|Shadow Ball|p2a: Metagross
|-supereffective|p2a: Metagross
|-damage|p2a: Metagross|0 fnt
|faint|p2a: Metagross
|
|upkeep
|
|t:|1760405689
|switch|p2a: Gliscor|Gliscor, F|100/100
|-damage|p2a: Gliscor|88/100|[from] Stealth Rock
|turn|14
|
|t:|1760405696
|move|p2a: Gliscor|Swords Dance|p2a: Gliscor
|-boost|p2a: Gliscor|atk|2
|move|p1a: Gholdengo|Nasty Plot|p1a: Gholdengo
|-boost|p1a: Gholdengo|spa|2
|
|-status|p2a: Gliscor|tox|[from] item: Toxic Orb
|upkeep
|turn|15
|
|t:|1760405707
|move|p2a: Gliscor|Earthquake|p1a: Gholdengo
|-supereffective|p1a: Gholdengo
|-damage|p1a: Gholdengo|0 fnt
|faint|p1a: Gholdengo
|
|-heal|p2a: Gliscor|100/100 tox|[from] ability: Poison Heal
|upkeep
|-message|cordonbloom forfeited.
|
|win|EETT50_2
|raw|cordonbloom's rating: 1074 &rarr; <strong>1055</strong><br />(-19 for losing)
|raw|EETT50_2's rating: 1113 &rarr; <strong>1135</strong><br />(+22 for winning)
|l|☆cordonbloom
|player|p1|
