|j|☆Patback279
|j|☆freeisrael2025
|t:|1760320657
|gametype|singles
|player|p1|Patback279|266|1277
|player|p2|freeisrael2025|ltsurge|1260
|gen|9
|tier|[Gen 9] OU
|rated|
|rule|HP Percentage Mod: HP is shown in percentages
|rule|Endless Battle Clause: Forcing endless battles is banned
|rule|Species Clause: Limit one of each Pokémon
|rule|OHKO Clause: OHKO moves are banned
|rule|Evasion Items Clause: Evasion items are banned
|rule|Evasion Moves Clause: Evasion moves are banned
|rule|Evasion Abilities Clause: Evasion abilities are banned
|rule|Sleep Moves Clause: Sleep-inducing moves are banned
|clearpoke
|poke|p1|Clawitzer, F|
|poke|p1|Goodra-Hisui, M|
|poke|p1|Venomoth, M|
|poke|p1|Landorus-Therian, M|
|poke|p1|Fezandipiti, M|
|poke|p1|Raikou|
|poke|p2|Weezing-Galar, F|
|poke|p2|Zapdos|
|poke|p2|Iron Crown|
|poke|p2|Ogerpon-Wellspring, F|
|poke|p2|Clefable, M|
|poke|p2|Dragonite, M|
|teampreview
|inactive|Battle timer is ON: inactive players will automatically lose when time's up. (requested by freeisrael2025)
|
|t:|1760320665
|teamsize|p1|6
|teamsize|p2|6
|start
|switch|p1a: Landorus|Landorus-Therian, M|100/100
|switch|p2a: Ogerpon|Ogerpon-Wellspring, F|100/100
|-ability|p1a: Landorus|Intimidate|boost
|-unboost|p2a: Ogerpon|atk|1
|turn|1
|
|t:|1760320669
|switch|p2a: Zapdos|Zapdos|100/100
|move|p1a: Landorus|U-turn|p2a: Zapdos
|-resisted|p2a: Zapdos
|-damage|p2a: Zapdos|88/100
|
|t:|1760320677
|switch|p1a: Fezandipiti|Fezandipiti, M|100/100|[from] U-turn
|
|upkeep
|turn|2
|
|t:|1760320689
|move|p1a: Fezandipiti|Swords Dance|p1a: Fezandipiti
|-boost|p1a: Fezandipiti|atk|2
|move|p2a: Zapdos|Volt Switch|p1a: Fezandipiti
|-damage|p1a: Fezandipiti|65/100
|
|t:|1760320695
|switch|p2a: Iron Crown|Iron Crown|100/100|[from] Volt Switch
|
|upkeep
|turn|3
|
|t:|1760320704
|-terastallize|p1a: Fezandipiti|Normal
|move|p1a: Fezandipiti|Tail Slap|p2a: Iron Crown
|-resisted|p2a: Iron Crown
|-damage|p2a: Iron Crown|88/100
|-resisted|p2a: Iron Crown
|-damage|p2a: Iron Crown|75/100
|-resisted|p2a: Iron Crown
|-damage|p2a: Iron Crown|62/100
|-resisted|p2a: Iron Crown
|-damage|p2a: Iron Crown|49/100
|-resisted|p2a: Iron Crown
|-damage|p2a: Iron Crown|35/100
|-hitcount|p2a: Iron Crown|5
|move|p2a: Iron Crown|Tachyon Cutter|p1a: Fezandipiti
|-damage|p1a: Fezandipiti|41/100
|-damage|p1a: Fezandipiti|17/100
|-hitcount|p1a: Fezandipiti|2
|
|-heal|p2a: Iron Crown|41/100|[from] item: Leftovers
|upkeep
|turn|4
|
|t:|1760320720
|-end|p2a: Iron Crown|Quark Drive|[silent]
|switch|p2a: Zapdos|Zapdos|88/100
|move|p1a: Fezandipiti|Tail Slap|p2a: Zapdos
|-damage|p2a: Zapdos|54/100
|-damage|p2a: Zapdos|14/100
|-damage|p2a: Zapdos|0 fnt
|faint|p2a: Zapdos
|-hitcount|p2: Zapdos|3
|
|upkeep
|
|t:|1760320733
|switch|p2a: Ogerpon|Ogerpon-Wellspring, F|100/100
|turn|5
|
|t:|1760320737
|move|p2a: Ogerpon|Swords Dance|p2a: Ogerpon
|-boost|p2a: Ogerpon|atk|2
|move|p1a: Fezandipiti|Poison Jab|p2a: Ogerpon
|-supereffective|p2a: Ogerpon
|-damage|p2a: Ogerpon|0 fnt
|faint|p2a: Ogerpon
|
|upkeep
|
|t:|1760320745
|switch|p2a: Dragonite|Dragonite, M|100/100
|turn|6
|
|t:|1760320748
|move|p2a: Dragonite|Extreme Speed|p1a: Fezandipiti
|-damage|p1a: Fezandipiti|0 fnt
|faint|p1a: Fezandipiti
|
|upkeep
|
|t:|1760320753
|switch|p1a: Landorus|Landorus-Therian, M|100/100
|-ability|p1a: Landorus|Intimidate|boost
|-unboost|p2a: Dragonite|atk|1
|turn|7
|
|t:|1760320764
|switch|p2a: Clefable|Clefable, M|100/100
|move|p1a: Landorus|Stealth Rock|p2a: Clefable
|-sidestart|p2: freeisrael2025|move: Stealth Rock
|
|upkeep
|turn|8
|
|t:|1760320771
|move|p1a: Landorus|Taunt|p2a: Clefable
|-start|p2a: Clefable|move: Taunt
|cant|p2a: Clefable|move: Taunt|Wish
|
|upkeep
|turn|9
|
|t:|1760320775
|move|p1a: Landorus|U-turn|p2a: Clefable
|-resisted|p2a: Clefable
|-damage|p2a: Clefable|88/100
|
|t:|1760320780
|switch|p1a: Venomoth|Venomoth, M|100/100|[from] U-turn
|move|p2a: Clefable|Moonblast|p1a: Venomoth
|-resisted|p1a: Venomoth
|-damage|p1a: Venomoth|78/100
|
|-heal|p2a: Clefable|94/100|[from] item: Leftovers
|upkeep
|turn|10
|
|t:|1760320788
|move|p1a: Venomoth|Quiver Dance|p1a: Venomoth
|-boost|p1a: Venomoth|spa|1
|-boost|p1a: Venomoth|spd|1
|-boost|p1a: Venomoth|spe|1
|move|p2a: Clefable|Moonblast|p1a: Venomoth
|-resisted|p1a: Venomoth
|-damage|p1a: Venomoth|55/100
|
|-heal|p2a: Clefable|99/100|[from] item: Leftovers
|-end|p2a: Clefable|move: Taunt
|upkeep
|turn|11
|
|t:|1760320796
|move|p1a: Venomoth|Sludge Wave|p2a: Clefable
|-supereffective|p2a: Clefable
|-damage|p2a: Clefable|46/100
|move|p2a: Clefable|Thunder Wave|p1a: Venomoth|[miss]
|-miss|p2a: Clefable|p1a: Venomoth
|
|-heal|p2a: Clefable|53/100|[from] item: Leftovers
|upkeep
|turn|12
|
|t:|1760320802
|move|p1a: Venomoth|Sludge Wave|p2a: Clefable
|-supereffective|p2a: Clefable
|-damage|p2a: Clefable|0 fnt
|faint|p2a: Clefable
|
|upkeep
|
|t:|1760320806
|switch|p2a: Iron Crown|Iron Crown|41/100
|-damage|p2a: Iron Crown|35/100|[from] Stealth Rock
|turn|13
|
|t:|1760320809
|move|p1a: Venomoth|Bug Buzz|p2a: Iron Crown
|-damage|p2a: Iron Crown|0 fnt
|faint|p2a: Iron Crown
|-end|p2a: Iron Crown|Quark Drive|[silent]
|
|upkeep
|
|t:|1760320812
|switch|p2a: Weezing|Weezing-Galar, F|100/100
|-ability|p2a: Weezing|Neutralizing Gas
|-damage|p2a: Weezing|88/100|[from] Stealth Rock
|turn|14
|
|t:|1760320816
|move|p1a: Venomoth|Sludge Wave|p2a: Weezing
|-damage|p2a: Weezing|31/100
|move|p2a: Weezing|Sludge Wave|p1a: Venomoth
|-resisted|p1a: Venomoth
|-damage|p1a: Venomoth|41/100
|
|upkeep
|turn|15
|
|t:|1760320823
|move|p1a: Venomoth|Sludge Wave|p2a: Weezing
|-damage|p2a: Weezing|0 fnt
|faint|p2a: Weezing
|-end|p2a: Weezing|ability: Neutralizing Gas
|
|upkeep
|
|t:|1760320824
|switch|p2a: Dragonite|Dragonite, M|100/100
|turn|16
|
|t:|1760320832
|move|p1a: Venomoth|Sludge Wave|p2a: Dragonite
|-damage|p2a: Dragonite|69/100
|move|p2a: Dragonite|Dragon Dance|p2a: Dragonite
|-boost|p2a: Dragonite|atk|1
|-boost|p2a: Dragonite|spe|1
|
|upkeep
|turn|17
|
|t:|1760320838
|move|p2a: Dragonite|Extreme Speed|p1a: Venomoth
|-damage|p1a: Venomoth|0 fnt
|faint|p1a: Venomoth
|
|upkeep
|
|t:|1760320842
|switch|p1a: Clawitzer|Clawitzer, F|100/100
|turn|18
|
|t:|1760320848
|-terastallize|p2a: Dragonite|Normal
|move|p2a: Dragonite|Extreme Speed|p1a: Clawitzer
|-damage|p1a: Clawitzer|5/100
|move|p1a: Clawitzer|Dragon Pulse|p2a: Dragonite
|-damage|p2a: Dragonite|22/100
|
|upkeep
|turn|19
|
|t:|1760320855
|move|p2a: Dragonite|Extreme Speed|p1a: Clawitzer
|-damage|p1a: Clawitzer|0 fnt
|faint|p1a: Clawitzer
|
|upkeep
|
|t:|1760320858
|switch|p1a: Landorus|Landorus-Therian, M|100/100
|-ability|p1a: Landorus|Intimidate|boost
|-unboost|p2a: Dragonite|atk|1
|turn|20
|
|t:|1760320862
|move|p2a: Dragonite|Dragon Claw|p1a: Landorus
|-damage|p1a: Landorus|52/100
|-damage|p2a: Dragonite|5/100|[from] item: Rocky Helmet|[of] p1a: Landorus
|move|p1a: Landorus|U-turn|p2a: Dragonite
|-damage|p2a: Dragonite|0 fnt
|faint|p2a: Dragonite
|
|win|Patback279
|raw|Patback279's rating: 1277 &rarr; <strong>1301</strong><br />(+24 for winning)
|raw|freeisrael2025's rating: 1260 &rarr; <strong>1236</strong><br />(-24 for losing)
|l|☆freeisrael2025
|player|p2|
|l|☆Patback279
|player|p1|
