|j|☆StellarSW
|j|☆fujizen
|t:|1760381440
|gametype|singles
|player|p1|StellarSW|wattson|1382
|player|p2|fujizen|lance-gen1|1384
|gen|9
|tier|[Gen 9] OU
|rated|
|rule|HP Percentage Mod: HP is shown in percentages
|rule|Endless Battle Clause: Forcing endless battles is banned
|rule|Species Clause: Limit one of each Pokémon
|rule|OHKO Clause: OHKO moves are banned
|rule|Evasion Items Clause: Evasion items are banned
|rule|Evasion Moves Clause: Evasion moves are banned
|rule|Evasion Abilities Clause: Evasion abilities are banned
|rule|Sleep Moves Clause: Sleep-inducing moves are banned
|clearpoke
|poke|p1|Raging Bolt|
|poke|p1|Ogerpon-Wellspring, F|
|poke|p1|Landorus-Therian, M|
|poke|p1|Slowking-Galar, M|
|poke|p1|Clefable, F|
|poke|p1|Scizor, F|
|poke|p2|Greninja-*, M|
|poke|p2|Landorus-Therian, M|
|poke|p2|Dondozo, F|
|poke|p2|Clodsire, M|
|poke|p2|Dragapult, F|
|poke|p2|Clefable, M|
|teampreview
|inactive|Battle timer is ON: inactive players will automatically lose when time's up. (requested by fujizen)
|
|t:|1760381453
|teamsize|p1|6
|teamsize|p2|6
|start
|switch|p1a: Ogerpon|Ogerpon-Wellspring, F|100/100
|switch|p2a: Joseph Korman|Dragapult, F|100/100
|turn|1
|
|t:|1760381466
|switch|p1a: Clefable|Clefable, F|100/100
|-terastallize|p2a: Joseph Korman|Dragon
|move|p2a: Joseph Korman|Dragon Darts|p1a: Clefable
|-immune|p1a: Clefable
|
|upkeep
|turn|2
|
|t:|1760381471
|switch|p2a: Ethan Mohammed|Clodsire, M|100/100
|move|p1a: Clefable|Stealth Rock|p2a: Ethan Mohammed
|-sidestart|p2: fujizen|move: Stealth Rock
|
|upkeep
|turn|3
|
|t:|1760381475
|move|p1a: Clefable|Knock Off|p2a: Ethan Mohammed
|-damage|p2a: Ethan Mohammed|83/100
|-enditem|p2a: Ethan Mohammed|Heavy-Duty Boots|[from] move: Knock Off|[of] p1a: Clefable
|move|p2a: Ethan Mohammed|Gunk Shot|p1a: Clefable
|-supereffective|p1a: Clefable
|-damage|p1a: Clefable|30/100
|-status|p1a: Clefable|psn
|
|-heal|p1a: Clefable|36/100 psn|[from] item: Leftovers
|-damage|p1a: Clefable|24/100 psn|[from] psn
|upkeep
|turn|4
|
|t:|1760381483
|switch|p1a: Scizor|Scizor, F|100/100
|move|p2a: Ethan Mohammed|Toxic Spikes|p1a: Scizor
|-sidestart|p1: StellarSW|move: Toxic Spikes
|
|upkeep
|turn|5
|
|t:|1760381490
|move|p1a: Scizor|Knock Off|p2a: Ethan Mohammed
|-damage|p2a: Ethan Mohammed|54/100
|move|p2a: Ethan Mohammed|Earthquake|p1a: Scizor
|-damage|p1a: Scizor|60/100
|
|upkeep
|turn|6
|
|t:|1760381496
|move|p1a: Scizor|U-turn|p2a: Ethan Mohammed
|-resisted|p2a: Ethan Mohammed
|-damage|p2a: Ethan Mohammed|31/100
|
|t:|1760381501
|switch|p1a: Landorus|Landorus-Therian, M|100/100|[from] U-turn
|-ability|p1a: Landorus|Intimidate|boost
|-unboost|p2a: Ethan Mohammed|atk|1
|move|p2a: Ethan Mohammed|Recover|p2a: Ethan Mohammed
|-heal|p2a: Ethan Mohammed|81/100
|
|upkeep
|turn|7
|
|t:|1760381507
|switch|p2a: John McCane|Landorus-Therian, M, shiny|100/100
|-damage|p2a: John McCane|88/100|[from] Stealth Rock
|-ability|p2a: John McCane|Intimidate|boost
|-unboost|p1a: Landorus|atk|1
|move|p1a: Landorus|U-turn|p2a: John McCane
|-resisted|p2a: John McCane
|-damage|p2a: John McCane|77/100
|
|t:|1760381517
|switch|p1a: Ogerpon|Ogerpon-Wellspring, F|100/100|[from] U-turn
|-status|p1a: Ogerpon|psn
|
|-damage|p1a: Ogerpon|88/100 psn|[from] psn
|upkeep
|turn|8
|
|t:|1760381524
|switch|p2a: Kim Kardashian|Dondozo, F, shiny|100/100
|move|p1a: Ogerpon|Ivy Cudgel|p2a: Kim Kardashian|[anim] Ivy Cudgel Water
|-resisted|p2a: Kim Kardashian
|-damage|p2a: Kim Kardashian|81/100
|
|-damage|p1a: Ogerpon|76/100 psn|[from] psn
|upkeep
|turn|9
|
|t:|1760381531
|switch|p2a: John McCane|Landorus-Therian, M, shiny|77/100
|-damage|p2a: John McCane|65/100|[from] Stealth Rock
|-ability|p2a: John McCane|Intimidate|boost
|-unboost|p1a: Ogerpon|atk|1
|move|p1a: Ogerpon|Power Whip|p2a: John McCane
|-damage|p2a: John McCane|11/100
|
|-damage|p1a: Ogerpon|64/100 psn|[from] psn
|upkeep
|turn|10
|
|t:|1760381546
|move|p1a: Ogerpon|Power Whip|p2a: John McCane
|-damage|p2a: John McCane|0 fnt
|faint|p2a: John McCane
|
|-damage|p1a: Ogerpon|51/100 psn|[from] psn
|upkeep
|
|t:|1760381553
|switch|p2a: Joseph Korman|Dragapult, F, tera:Dragon|100/100
|-damage|p2a: Joseph Korman|88/100|[from] Stealth Rock
|turn|11
|
|t:|1760381560
|switch|p1a: Clefable|Clefable, F|24/100 psn
|move|p2a: Joseph Korman|U-turn|p1a: Clefable
|-resisted|p1a: Clefable
|-crit|p1a: Clefable
|-damage|p1a: Clefable|4/100 psn
|
|t:|1760381567
|switch|p2a: Ethan Mohammed|Clodsire, M|81/100|[from] U-turn
|-damage|p2a: Ethan Mohammed|75/100|[from] Stealth Rock
|
|-heal|p1a: Clefable|10/100 psn|[from] item: Leftovers
|-damage|p1a: Clefable|0 fnt|[from] psn
|faint|p1a: Clefable
|upkeep
|
|t:|1760381572
|switch|p1a: Landorus|Landorus-Therian, M|100/100
|-ability|p1a: Landorus|Intimidate|boost
|-unboost|p2a: Ethan Mohammed|atk|1
|turn|12
|
|t:|1760381579
|move|p1a: Landorus|Grass Knot|p2a: Ethan Mohammed
|-damage|p2a: Ethan Mohammed|57/100
|move|p2a: Ethan Mohammed|Gunk Shot|p1a: Landorus
|-resisted|p1a: Landorus
|-damage|p1a: Landorus|82/100
|
|upkeep
|turn|13
|
|t:|1760381584
|switch|p1a: Scizor|Scizor, F|60/100
|switch|p2a: Kim Kardashian|Dondozo, F, shiny|81/100
|
|upkeep
|turn|14
|
|t:|1760381589
|move|p1a: Scizor|Knock Off|p2a: Kim Kardashian
|-damage|p2a: Kim Kardashian|57/100
|-enditem|p2a: Kim Kardashian|Heavy-Duty Boots|[from] move: Knock Off|[of] p1a: Scizor
|move|p2a: Kim Kardashian|Earthquake|p1a: Scizor
|-damage|p1a: Scizor|27/100
|-enditem|p1a: Scizor|Sitrus Berry|[eat]
|-heal|p1a: Scizor|52/100|[from] item: Sitrus Berry
|
|upkeep
|turn|15
|
|t:|1760381601
|move|p1a: Scizor|Defog|p2a: Kim Kardashian
|-unboost|p2a: Kim Kardashian|evasion|1
|-sideend|p2: fujizen|Stealth Rock|[from] move: Defog|[of] p1a: Scizor
|-sideend|p1: StellarSW|Toxic Spikes|[from] move: Defog|[of] p1a: Scizor
|move|p2a: Kim Kardashian|Wave Crash|p1a: Scizor
|-damage|p1a: Scizor|0 fnt
|faint|p1a: Scizor
|-damage|p2a: Kim Kardashian|46/100|[from] Recoil
|
|upkeep
|
|t:|1760381607
|switch|p1a: Raging Bolt|Raging Bolt|100/100
|-enditem|p1a: Raging Bolt|Booster Energy
|-activate|p1a: Raging Bolt|ability: Protosynthesis|[fromitem]
|-start|p1a: Raging Bolt|protosynthesisspa
|turn|16
|
|t:|1760381616
|switch|p2a: Clefable|Clefable, M|100/100
|move|p1a: Raging Bolt|Dragon Pulse|p2a: Clefable
|-immune|p2a: Clefable
|
|upkeep
|turn|17
|
|t:|1760381622
|-terastallize|p1a: Raging Bolt|Fairy
|move|p1a: Raging Bolt|Thunderbolt|p2a: Clefable
|-damage|p2a: Clefable|44/100
|move|p2a: Clefable|Cosmic Power|p2a: Clefable
|-boost|p2a: Clefable|def|1
|-boost|p2a: Clefable|spd|1
|
|-heal|p2a: Clefable|50/100|[from] item: Leftovers
|upkeep
|turn|18
|
|t:|1760381630
|move|p1a: Raging Bolt|Calm Mind|p1a: Raging Bolt
|-boost|p1a: Raging Bolt|spa|1
|-boost|p1a: Raging Bolt|spd|1
|move|p2a: Clefable|Moonlight|p2a: Clefable
|-heal|p2a: Clefable|99/100
|
|-heal|p2a: Clefable|100/100|[from] item: Leftovers
|upkeep
|turn|19
|
|t:|1760381633
|move|p1a: Raging Bolt|Thunderbolt|p2a: Clefable
|-damage|p2a: Clefable|50/100
|move|p2a: Clefable|Cosmic Power|p2a: Clefable
|-boost|p2a: Clefable|def|1
|-boost|p2a: Clefable|spd|1
|
|-heal|p2a: Clefable|56/100|[from] item: Leftovers
|upkeep
|turn|20
|
|t:|1760381645
|move|p1a: Raging Bolt|Thunderbolt|p2a: Clefable
|-damage|p2a: Clefable|19/100
|move|p2a: Clefable|Stored Power|p1a: Raging Bolt
|-damage|p1a: Raging Bolt|86/100
|
|-heal|p2a: Clefable|25/100|[from] item: Leftovers
|upkeep
|turn|21
|
|t:|1760381650
|switch|p2a: Ethan Mohammed|Clodsire, M|57/100
|move|p1a: Raging Bolt|Thunderbolt|p2a: Ethan Mohammed
|-immune|p2a: Ethan Mohammed
|
|upkeep
|turn|22
|
|t:|1760381653
|move|p1a: Raging Bolt|Dragon Pulse|p2a: Ethan Mohammed
|-damage|p2a: Ethan Mohammed|0 fnt
|faint|p2a: Ethan Mohammed
|
|upkeep
|
|t:|1760381668
|switch|p2a: Joseph Korman|Dragapult, F, tera:Dragon|88/100
|turn|23
|
|t:|1760381671
|move|p2a: Joseph Korman|Psychic Fangs|p1a: Raging Bolt
|-damage|p1a: Raging Bolt|44/100
|move|p1a: Raging Bolt|Dragon Pulse|p2a: Joseph Korman
|-supereffective|p2a: Joseph Korman
|-damage|p2a: Joseph Korman|0 fnt
|faint|p2a: Joseph Korman
|
|upkeep
|
|t:|1760381676
|switch|p2a: Zendaya|Greninja, M|100/100
|turn|24
|
|t:|1760381681
|-end|p1a: Raging Bolt|Protosynthesis|[silent]
|switch|p1a: Ogerpon|Ogerpon-Wellspring, F|51/100 psn
|move|p2a: Zendaya|Surf|p1a: Ogerpon
|-heal|p1a: Ogerpon|76/100 psn|[from] ability: Water Absorb|[of] p2a: Zendaya
|
|-damage|p1a: Ogerpon|64/100 psn|[from] psn
|upkeep
|turn|25
|
|t:|1760381686
|move|p2a: Zendaya|Ice Beam|p1a: Ogerpon
|-damage|p1a: Ogerpon|30/100 psn
|move|p1a: Ogerpon|Power Whip|p2a: Zendaya
|-supereffective|p2a: Zendaya
|-damage|p2a: Zendaya|0 fnt
|faint|p2a: Zendaya
|
|-damage|p1a: Ogerpon|18/100 psn|[from] psn
|upkeep
|
|t:|1760381689
|switch|p2a: Kim Kardashian|Dondozo, F, shiny|46/100
|turn|26
|
|t:|1760381692
|move|p1a: Ogerpon|Power Whip|p2a: Kim Kardashian
|-supereffective|p2a: Kim Kardashian
|-damage|p2a: Kim Kardashian|0 fnt
|faint|p2a: Kim Kardashian
|
|-damage|p1a: Ogerpon|5/100 psn|[from] psn
|upkeep
|
|t:|1760381695
|switch|p2a: Clefable|Clefable, M|25/100
|turn|27
|
|t:|1760381699
|move|p1a: Ogerpon|Ivy Cudgel|p2a: Clefable|[anim] Ivy Cudgel Water
|-damage|p2a: Clefable|0 fnt
|faint|p2a: Clefable
|
|win|StellarSW
|raw|StellarSW's rating: 1382 &rarr; <strong>1402</strong><br />(+20 for winning)
|raw|fujizen's rating: 1384 &rarr; <strong>1364</strong><br />(-20 for losing)
|l|☆fujizen
|player|p2|
