|j|☆shynn6791
|j|☆Nicaraguandictator
|t:|1760330763
|gametype|singles
|player|p1|shynn6791|steven|1291
|player|p2|Nicaraguandictator|266|1236
|gen|9
|tier|[Gen 9] OU
|rated|
|rule|HP Percentage Mod: HP is shown in percentages
|rule|Endless Battle Clause: Forcing endless battles is banned
|rule|Species Clause: Limit one of each Pokémon
|rule|OHKO Clause: OHKO moves are banned
|rule|Evasion Items Clause: Evasion items are banned
|rule|Evasion Moves Clause: Evasion moves are banned
|rule|Evasion Abilities Clause: Evasion abilities are banned
|rule|Sleep Moves Clause: Sleep-inducing moves are banned
|clearpoke
|poke|p1|Metagross|
|poke|p1|Hydrapple, M|
|poke|p1|Corviknight, F|
|poke|p1|Dragapult, M|
|poke|p1|Scizor, M|
|poke|p1|Garganacl, F|
|poke|p2|Quaquaval, F|
|poke|p2|Mandibuzz, F|
|poke|p2|Cinderace, M|
|poke|p2|Slowking-Galar, M|
|poke|p2|Iron Treads|
|poke|p2|Thundurus-Therian, M|
|teampreview
|inactive|Battle timer is ON: inactive players will automatically lose when time's up. (requested by shynn6791)
|inactive|Nicaraguandictator has 120 seconds left.
|
|t:|1760330794
|teamsize|p1|6
|teamsize|p2|6
|start
|switch|p1a: Dragapult|Dragapult, M|100/100
|switch|p2a: Slowking|Slowking-Galar, M|100/100
|turn|1
|
|t:|1760330797
|move|p1a: Dragapult|Shadow Ball|p2a: Slowking
|-supereffective|p2a: Slowking
|-damage|p2a: Slowking|49/100
|move|p2a: Slowking|Ice Beam|p1a: Dragapult
|-supereffective|p1a: Dragapult
|-damage|p1a: Dragapult|34/100
|
|upkeep
|turn|2
|
|t:|1760330803
|switch|p2a: Mandibuzz|Mandibuzz, F|100/100
|move|p1a: Dragapult|Shadow Ball|p2a: Mandibuzz
|-resisted|p2a: Mandibuzz
|-damage|p2a: Mandibuzz|81/100
|
|upkeep
|turn|3
|
|t:|1760330812
|switch|p1a: Garganacl|Garganacl, F|100/100
|move|p2a: Mandibuzz|Foul Play|p1a: Garganacl
|-damage|p1a: Garganacl|80/100
|
|-heal|p1a: Garganacl|86/100|[from] item: Leftovers
|upkeep
|turn|4
|
|t:|1760330833
|switch|p2a: Iron Treads|Iron Treads|100/100
|-enditem|p2a: Iron Treads|Booster Energy
|-activate|p2a: Iron Treads|ability: Quark Drive|[fromitem]
|-start|p2a: Iron Treads|quarkdrivespe
|move|p1a: Garganacl|Salt Cure|p2a: Iron Treads
|-resisted|p2a: Iron Treads
|-damage|p2a: Iron Treads|97/100
|-start|p2a: Iron Treads|Salt Cure
|
|-heal|p1a: Garganacl|93/100|[from] item: Leftovers
|-damage|p2a: Iron Treads|73/100|[from] Salt Cure
|upkeep
|turn|5
|
|t:|1760330848
|-end|p2a: Iron Treads|Quark Drive|[silent]
|switch|p2a: Quaquaval|Quaquaval, F|100/100
|move|p1a: Garganacl|Protect||[still]
|-fail|p1a: Garganacl
|
|-heal|p1a: Garganacl|99/100|[from] item: Leftovers
|upkeep
|turn|6
|
|t:|1760330854
|switch|p1a: Hydrapple|Hydrapple, M|100/100
|move|p2a: Quaquaval|Aqua Step|p1a: Hydrapple
|-resisted|p1a: Hydrapple
|-damage|p1a: Hydrapple|94/100
|-boost|p2a: Quaquaval|spe|1
|
|upkeep
|turn|7
|
|t:|1760330873
|switch|p2a: Slowking|Slowking-Galar, M|82/100
|-terastallize|p1a: Hydrapple|Fairy
|move|p1a: Hydrapple|Giga Drain|p2a: Slowking
|-resisted|p2a: Slowking
|-damage|p2a: Slowking|74/100
|-heal|p1a: Hydrapple|98/100|[from] drain|[of] p2a: Slowking
|
|upkeep
|turn|8
|
|t:|1760330881
|move|p1a: Hydrapple|Earth Power|p2a: Slowking
|-supereffective|p2a: Slowking
|-damage|p2a: Slowking|48/100
|-unboost|p2a: Slowking|spd|1
|move|p2a: Slowking|Flamethrower|p1a: Hydrapple
|-damage|p1a: Hydrapple|74/100
|
|upkeep
|turn|9
|
|t:|1760330885
|switch|p2a: Mandibuzz|Mandibuzz, F|81/100
|move|p1a: Hydrapple|Earth Power|p2a: Mandibuzz
|-immune|p2a: Mandibuzz
|
|upkeep
|turn|10
|
|t:|1760330890
|move|p2a: Mandibuzz|Toxic|p1a: Hydrapple
|-status|p1a: Hydrapple|tox
|move|p1a: Hydrapple|Fickle Beam|p2a: Mandibuzz
|-damage|p2a: Mandibuzz|58/100
|
|-damage|p1a: Hydrapple|68/100 tox|[from] psn
|upkeep
|turn|11
|
|t:|1760330897
|switch|p1a: Garganacl|Garganacl, F|99/100
|move|p2a: Mandibuzz|Roost|p2a: Mandibuzz
|-heal|p2a: Mandibuzz|100/100
|-singleturn|p2a: Mandibuzz|move: Roost
|
|-heal|p1a: Garganacl|100/100|[from] item: Leftovers
|upkeep
|turn|12
|
|t:|1760330902
|switch|p2a: Slowking|Slowking-Galar, M|81/100
|move|p1a: Garganacl|Salt Cure|p2a: Slowking
|-damage|p2a: Slowking|71/100
|-start|p2a: Slowking|Salt Cure
|
|-damage|p2a: Slowking|58/100|[from] Salt Cure
|upkeep
|turn|13
|
|t:|1760330910
|switch|p2a: Iron Treads|Iron Treads|73/100
|move|p1a: Garganacl|Stealth Rock|p2a: Iron Treads
|-sidestart|p2: Nicaraguandictator|move: Stealth Rock
|
|upkeep
|turn|14
|
|t:|1760330917
|switch|p1a: Scizor|Scizor, M|100/100
|move|p2a: Iron Treads|Earthquake|p1a: Scizor
|-damage|p1a: Scizor|46/100
|
|upkeep
|turn|15
|
|t:|1760330923
|move|p2a: Iron Treads|Earthquake|p1a: Scizor
|-damage|p1a: Scizor|0 fnt
|faint|p1a: Scizor
|
|upkeep
|
|t:|1760330927
|switch|p1a: Corviknight|Corviknight, F|100/100
|-ability|p1a: Corviknight|Pressure
|turn|16
|
|t:|1760330931
|move|p2a: Iron Treads|Knock Off|p1a: Corviknight
|-damage|p1a: Corviknight|81/100
|-enditem|p1a: Corviknight|Leftovers|[from] move: Knock Off|[of] p2a: Iron Treads
|move|p1a: Corviknight|Roost|p1a: Corviknight
|-heal|p1a: Corviknight|100/100
|-singleturn|p1a: Corviknight|move: Roost
|
|upkeep
|turn|17
|
|t:|1760330936
|move|p2a: Iron Treads|Stealth Rock|p1a: Corviknight
|-sidestart|p1: shynn6791|move: Stealth Rock
|move|p1a: Corviknight|Body Press|p2a: Iron Treads
|-supereffective|p2a: Iron Treads
|-damage|p2a: Iron Treads|20/100
|
|upkeep
|turn|18
|
|t:|1760330947
|-end|p2a: Iron Treads|Quark Drive|[silent]
|switch|p2a: Slowking|Slowking-Galar, M|92/100
|-damage|p2a: Slowking|79/100|[from] Stealth Rock
|move|p1a: Corviknight|Body Press|p2a: Slowking
|-resisted|p2a: Slowking
|-crit|p2a: Slowking
|-damage|p2a: Slowking|72/100
|
|upkeep
|turn|19
|
|t:|1760330961
|move|p1a: Corviknight|Defog|p2a: Slowking
|-unboost|p2a: Slowking|evasion|1
|-sideend|p2: Nicaraguandictator|Stealth Rock|[from] move: Defog|[of] p1a: Corviknight
|-sideend|p1: shynn6791|Stealth Rock|[from] move: Defog|[of] p1a: Corviknight
|move|p2a: Slowking|Psychic Noise|p1a: Corviknight
|-resisted|p1a: Corviknight
|-damage|p1a: Corviknight|88/100
|-start|p1a: Corviknight|move: Heal Block
|
|upkeep
|turn|20
|
|t:|1760330979
|move|p1a: Corviknight|Iron Defense|p1a: Corviknight
|-boost|p1a: Corviknight|def|2
|move|p2a: Slowking|Flamethrower|p1a: Corviknight
|-supereffective|p1a: Corviknight
|-damage|p1a: Corviknight|48/100
|
|-end|p1a: Corviknight|move: Heal Block
|upkeep
|turn|21
|
|t:|1760330983
|move|p1a: Corviknight|Body Press|p2a: Slowking
|-resisted|p2a: Slowking
|-damage|p2a: Slowking|62/100
|move|p2a: Slowking|Flamethrower|p1a: Corviknight
|-supereffective|p1a: Corviknight
|-damage|p1a: Corviknight|7/100
|
|upkeep
|turn|22
|
|t:|1760330998
|switch|p1a: Metagross|Metagross, shiny|100/100
|move|p2a: Slowking|Flamethrower|p1a: Metagross
|-supereffective|p1a: Metagross
|-damage|p1a: Metagross|40/100
|
|upkeep
|turn|23
|
|t:|1760331003
|move|p1a: Metagross|Earthquake|p2a: Slowking
|-supereffective|p2a: Slowking
|-damage|p2a: Slowking|0 fnt
|faint|p2a: Slowking
|
|upkeep
|
|t:|1760331008
|switch|p2a: Quaquaval|Quaquaval, F|100/100
|turn|24
|
|t:|1760331011
|switch|p1a: Hydrapple|Hydrapple, M, tera:Fairy|100/100 tox
|move|p2a: Quaquaval|Aqua Step|p1a: Hydrapple
|-damage|p1a: Hydrapple|70/100 tox
|-boost|p2a: Quaquaval|spe|1
|
|-damage|p1a: Hydrapple|64/100 tox|[from] psn
|upkeep
|turn|25
|inactive|Nicaraguandictator has 120 seconds left.
|
|t:|1760331056
|-terastallize|p2a: Quaquaval|Steel
|move|p2a: Quaquaval|Swords Dance|p2a: Quaquaval
|-boost|p2a: Quaquaval|atk|2
|move|p1a: Hydrapple|Giga Drain|p2a: Quaquaval
|-resisted|p2a: Quaquaval
|-damage|p2a: Quaquaval|80/100
|-heal|p1a: Hydrapple|72/100 tox|[from] drain|[of] p2a: Quaquaval
|
|-damage|p1a: Hydrapple|60/100 tox|[from] psn
|upkeep
|turn|26
|
|t:|1760331064
|switch|p1a: Metagross|Metagross, shiny|40/100
|move|p2a: Quaquaval|Aqua Step|p1a: Metagross
|-damage|p1a: Metagross|0 fnt
|-boost|p2a: Quaquaval|spe|1
|faint|p1a: Metagross
|-ability|p2a: Quaquaval|Moxie|boost
|-boost|p2a: Quaquaval|atk|1
|
|upkeep
|
|t:|1760331067
|switch|p1a: Hydrapple|Hydrapple, M, tera:Fairy|93/100 tox
|turn|27
|
|t:|1760331070
|move|p2a: Quaquaval|Aqua Step|p1a: Hydrapple
|-damage|p1a: Hydrapple|26/100 tox
|-boost|p2a: Quaquaval|spe|1
|move|p1a: Hydrapple|Earth Power|p2a: Quaquaval
|-supereffective|p2a: Quaquaval
|-damage|p2a: Quaquaval|10/100
|
|-damage|p1a: Hydrapple|20/100 tox|[from] psn
|upkeep
|turn|28
|
|t:|1760331080
|switch|p1a: Corviknight|Corviknight, F|7/100
|-ability|p1a: Corviknight|Pressure
|move|p2a: Quaquaval|Aqua Step|p1a: Corviknight
|-damage|p1a: Corviknight|0 fnt
|-boost|p2a: Quaquaval|spe|1
|faint|p1a: Corviknight
|-ability|p2a: Quaquaval|Moxie|boost
|-boost|p2a: Quaquaval|atk|1
|
|upkeep
|
|t:|1760331083
|switch|p1a: Hydrapple|Hydrapple, M, tera:Fairy|54/100 tox
|turn|29
|
|t:|1760331086
|switch|p1a: Garganacl|Garganacl, F|100/100
|move|p2a: Quaquaval|Aqua Step|p1a: Garganacl
|-supereffective|p1a: Garganacl
|-damage|p1a: Garganacl|0 fnt
|-boost|p2a: Quaquaval|spe|1
|faint|p1a: Garganacl
|-ability|p2a: Quaquaval|Moxie|boost
|-boost|p2a: Quaquaval|atk|1
|
|upkeep
|
|t:|1760331089
|switch|p1a: Hydrapple|Hydrapple, M, tera:Fairy|87/100 tox
|turn|30
|
|t:|1760331092
|move|p2a: Quaquaval|Aqua Step|p1a: Hydrapple
|-damage|p1a: Hydrapple|0 fnt
|-boost|p2a: Quaquaval|spe|1
|faint|p1a: Hydrapple
|-ability|p2a: Quaquaval|Moxie|boost
|-boost|p2a: Quaquaval|atk|1
|
|upkeep
|-message|shynn6791 forfeited.
|
|win|Nicaraguandictator
|raw|shynn6791's rating: 1291 &rarr; <strong>1262</strong><br />(-29 for losing)
|raw|Nicaraguandictator's rating: 1236 &rarr; <strong>1265</strong><br />(+29 for winning)
|l|☆shynn6791
|player|p1|
|l|☆Nicaraguandictator
|player|p2|
