|j|☆321!! action
|j|☆HighGravity
|inactive|Battle timer is ON: inactive players will automatically lose when time's up.
|t:|1760457090
|gametype|singles
|player|p1|321!! action|cameraman|
|player|p2|HighGravity|red-gen7|
|gen|9
|tier|[Gen 9] OU
|rated|Tournament battle
|rule|HP Percentage Mod: HP is shown in percentages
|rule|Endless Battle Clause: Forcing endless battles is banned
|rule|Species Clause: Limit one of each Pokémon
|rule|OHKO Clause: OHKO moves are banned
|rule|Evasion Items Clause: Evasion items are banned
|rule|Evasion Moves Clause: Evasion moves are banned
|rule|Evasion Abilities Clause: Evasion abilities are banned
|rule|Sleep Moves Clause: Sleep-inducing moves are banned
|clearpoke
|poke|p1|Dragapult, M|
|poke|p1|Dragonite, F|
|poke|p1|Ting-Lu|
|poke|p1|Weezing-Galar, F|
|poke|p1|Iron Crown|
|poke|p1|Zapdos|
|poke|p2|Landorus-Therian, M|
|poke|p2|Samurott-Hisui, F|
|poke|p2|Pecharunt|
|poke|p2|Scizor, M|
|poke|p2|Latios, M|
|poke|p2|Zamazenta-*|
|teampreview
|j|*PartProfessor
|c|*PartProfessor|G'luck!
|l|*PartProfessor
|inactive|HighGravity also wants the timer to be on.
|j|*PartBot
|j| AetherStone
|c|*PartBot|G'luck!
|l|*PartBot
|j|%SHONE
|inactive|321!! action has 120 seconds left.
|
|t:|1760457126
|teamsize|p1|6
|teamsize|p2|6
|start
|switch|p1a: Ting-Lu|Ting-Lu|100/100
|switch|p2a: Landorus|Landorus-Therian, M|100/100
|-ability|p2a: Landorus|Intimidate|boost
|-unboost|p1a: Ting-Lu|atk|1
|-ability|p1a: Ting-Lu|Vessel of Ruin
|turn|1
|
|t:|1760457142
|move|p2a: Landorus|Stealth Rock|p1a: Ting-Lu
|-sidestart|p1: 321!! action|move: Stealth Rock
|move|p1a: Ting-Lu|Stealth Rock|p2a: Landorus
|-sidestart|p2: HighGravity|move: Stealth Rock
|
|upkeep
|turn|2
|
|t:|1760457149
|move|p2a: Landorus|U-turn|p1a: Ting-Lu
|-supereffective|p1a: Ting-Lu
|-damage|p1a: Ting-Lu|77/100
|
|t:|1760457178
|switch|p2a: Samurott|Samurott-Hisui, F|100/100|[from] U-turn
|-damage|p2a: Samurott|88/100|[from] Stealth Rock
|move|p1a: Ting-Lu|Whirlwind|p2a: Samurott
|drag|p2a: Scizor|Scizor, M|100/100
|
|-heal|p1a: Ting-Lu|83/100|[from] item: Leftovers
|upkeep
|turn|3
|
|t:|1760457188
|move|p2a: Scizor|Knock Off|p1a: Ting-Lu
|-resisted|p1a: Ting-Lu
|-damage|p1a: Ting-Lu|73/100
|-enditem|p1a: Ting-Lu|Leftovers|[from] move: Knock Off|[of] p2a: Scizor
|move|p1a: Ting-Lu|Whirlwind|p2a: Scizor
|drag|p2a: Latios|Latios, M|100/100
|-damage|p2a: Latios|88/100|[from] Stealth Rock
|
|upkeep
|turn|4
|j| ultracentrifuge
|l| AetherStone
|inactive|HighGravity has 120 seconds left.
|
|t:|1760457225
|switch|p1a: Iron Crown|Iron Crown|100/100
|-damage|p1a: Iron Crown|94/100|[from] Stealth Rock
|move|p2a: Latios|Draco Meteor|p1a: Iron Crown
|-resisted|p1a: Iron Crown
|-damage|p1a: Iron Crown|52/100
|-unboost|p2a: Latios|spa|2
|
|upkeep
|turn|5
|j| NDDLTGD Yoru
|l| NDDLTGD Yoru
|
|t:|1760457245
|switch|p2a: Samurott|Samurott-Hisui, F|88/100
|-damage|p2a: Samurott|76/100|[from] Stealth Rock
|move|p1a: Iron Crown|Tachyon Cutter|p2a: Samurott
|-resisted|p2a: Samurott
|-damage|p2a: Samurott|58/100
|-resisted|p2a: Samurott
|-damage|p2a: Samurott|39/100
|-hitcount|p2a: Samurott|2
|
|upkeep
|turn|6
|inactive|HighGravity has 120 seconds left.
|
|t:|1760457253
|-end|p1a: Iron Crown|Quark Drive|[silent]
|switch|p1a: Weezing|Weezing-Galar, F|100/100
|-ability|p1a: Weezing|Neutralizing Gas
|move|p2a: Samurott|Ceaseless Edge|p1a: Weezing
|-resisted|p1a: Weezing
|-damage|p1a: Weezing|90/100
|-sidestart|p1: 321!! action|Spikes
|
|upkeep
|turn|7
|
|t:|1760457260
|move|p2a: Samurott|Razor Shell|p1a: Weezing
|-damage|p1a: Weezing|63/100
|-unboost|p1a: Weezing|def|1
|move|p1a: Weezing|Defog|p2a: Samurott
|-unboost|p2a: Samurott|evasion|1
|-sideend|p2: HighGravity|Stealth Rock|[from] move: Defog|[of] p1a: Weezing
|-sideend|p1: 321!! action|Spikes|[from] move: Defog|[of] p1a: Weezing
|-sideend|p1: 321!! action|Stealth Rock|[from] move: Defog|[of] p1a: Weezing
|
|upkeep
|turn|8
|
|t:|1760457270
|switch|p2a: Landorus|Landorus-Therian, M|100/100
|move|p1a: Weezing|Will-O-Wisp|p2a: Landorus
|-status|p2a: Landorus|brn
|
|-damage|p2a: Landorus|94/100 brn|[from] brn
|upkeep
|turn|9
|j| sojabhai3am
|l| sojabhai3am
|
|t:|1760457295
|-end|p1a: Weezing|ability: Neutralizing Gas
|-ability|p2a: Landorus|Intimidate|boost
|-unboost|p1a: Weezing|atk|1
|switch|p1a: Dragonite|Dragonite, F|100/100
|move|p2a: Landorus|Smack Down|p1a: Dragonite
|-supereffective|p1a: Dragonite
|-damage|p1a: Dragonite|93/100
|-start|p1a: Dragonite|Smack Down
|
|-damage|p2a: Landorus|88/100 brn|[from] brn
|upkeep
|turn|10
|l| ultracentrifuge
|
|t:|1760457306
|move|p2a: Landorus|U-turn|p1a: Dragonite
|-resisted|p1a: Dragonite
|-damage|p1a: Dragonite|87/100
|
|t:|1760457310
|switch|p2a: Pecharunt|Pecharunt|100/100|[from] U-turn
|move|p1a: Dragonite|Dragon Dance|p1a: Dragonite
|-boost|p1a: Dragonite|atk|1
|-boost|p1a: Dragonite|spe|1
|
|upkeep
|turn|11
|
|t:|1760457317
|move|p1a: Dragonite|Earthquake|p2a: Pecharunt
|-supereffective|p2a: Pecharunt
|-damage|p2a: Pecharunt|37/100
|move|p2a: Pecharunt|Malignant Chain|p1a: Dragonite
|-damage|p1a: Dragonite|56/100
|
|upkeep
|turn|12
|
|t:|1760457325
|switch|p2a: Landorus|Landorus-Therian, M|88/100 brn
|-ability|p2a: Landorus|Intimidate|boost
|-unboost|p1a: Dragonite|atk|1
|move|p1a: Dragonite|Earthquake|p2a: Landorus
|-immune|p2a: Landorus
|
|-damage|p2a: Landorus|82/100 brn|[from] brn
|upkeep
|turn|13
|
|t:|1760457334
|move|p1a: Dragonite|Roost|p1a: Dragonite
|-heal|p1a: Dragonite|100/100
|-singleturn|p1a: Dragonite|move: Roost
|move|p2a: Landorus|U-turn|p1a: Dragonite
|-damage|p1a: Dragonite|95/100
|
|t:|1760457343
|switch|p2a: Latios|Latios, M|88/100|[from] U-turn
|
|upkeep
|turn|14
|
|t:|1760457371
|switch|p1a: Iron Crown|Iron Crown|52/100
|switch|p2a: Landorus|Landorus-Therian, M|82/100 brn
|-ability|p2a: Landorus|Intimidate|boost
|-unboost|p1a: Iron Crown|atk|1
|
|-damage|p2a: Landorus|76/100 brn|[from] brn
|upkeep
|turn|15
|inactive|321!! action has 120 seconds left.
|
|t:|1760457398
|move|p1a: Iron Crown|Psyshock|p2a: Landorus
|-damage|p2a: Landorus|15/100 brn
|move|p2a: Landorus|Stealth Rock|p1a: Iron Crown
|-sidestart|p1: 321!! action|move: Stealth Rock
|
|-damage|p2a: Landorus|9/100 brn|[from] brn
|upkeep
|turn|16
|inactive|321!! action has 120 seconds left.
|
|t:|1760457410
|-end|p1a: Iron Crown|Quark Drive|[silent]
|switch|p1a: Weezing|Weezing-Galar, F|63/100
|-ability|p1a: Weezing|Neutralizing Gas
|move|p2a: Landorus|Earthquake|p1a: Weezing
|-supereffective|p1a: Weezing
|-damage|p1a: Weezing|31/100
|
|-damage|p2a: Landorus|3/100 brn|[from] brn
|upkeep
|turn|17
|inactive|321!! action has 120 seconds left.
|
|t:|1760457418
|move|p2a: Landorus|Earthquake|p1a: Weezing
|-supereffective|p1a: Weezing
|-damage|p1a: Weezing|0 fnt
|faint|p1a: Weezing
|-end|p1a: Weezing|ability: Neutralizing Gas
|
|-damage|p2a: Landorus|0 fnt|[from] brn
|faint|p2a: Landorus
|upkeep
|inactive|321!! action has 120 seconds left.
|
|t:|1760457427
|switch|p2a: Pecharunt|Pecharunt|37/100
|switch|p1a: Zapdos|Zapdos|100/100
|turn|18
|
|t:|1760457434
|move|p1a: Zapdos|Volt Switch|p2a: Pecharunt
|-damage|p2a: Pecharunt|3/100
|
|t:|1760457441
|switch|p1a: Iron Crown|Iron Crown|52/100|[from] Volt Switch
|-damage|p1a: Iron Crown|46/100|[from] Stealth Rock
|move|p2a: Pecharunt|Recover|p2a: Pecharunt
|-heal|p2a: Pecharunt|54/100
|
|upkeep
|turn|19
|
|t:|1760457452
|move|p1a: Iron Crown|Volt Switch|p2a: Pecharunt
|-damage|p2a: Pecharunt|17/100
|
|t:|1760457460
|-end|p1a: Iron Crown|Quark Drive|[silent]
|switch|p1a: Ting-Lu|Ting-Lu|73/100|[from] Volt Switch
|-damage|p1a: Ting-Lu|67/100|[from] Stealth Rock
|-ability|p1a: Ting-Lu|Vessel of Ruin
|move|p2a: Pecharunt|Shadow Ball|p1a: Ting-Lu
|-resisted|p1a: Ting-Lu
|-damage|p1a: Ting-Lu|61/100
|
|upkeep
|turn|20
|
|t:|1760457465
|move|p2a: Pecharunt|Malignant Chain|p1a: Ting-Lu
|-resisted|p1a: Ting-Lu
|-damage|p1a: Ting-Lu|55/100
|move|p1a: Ting-Lu|Stealth Rock|p2a: Pecharunt
|-sidestart|p2: HighGravity|move: Stealth Rock
|
|upkeep
|turn|21
|
|t:|1760457471
|switch|p1a: Iron Crown|Iron Crown|46/100
|-damage|p1a: Iron Crown|39/100|[from] Stealth Rock
|move|p2a: Pecharunt|Malignant Chain|p1a: Iron Crown
|-immune|p1a: Iron Crown
|
|upkeep
|turn|22
|j| Kochu_shak ㋛
|
|t:|1760457482
|move|p1a: Iron Crown|Volt Switch|p2a: Pecharunt
|-damage|p2a: Pecharunt|0 fnt
|faint|p2a: Pecharunt
|
|t:|1760457490
|-end|p1a: Iron Crown|Quark Drive|[silent]
|switch|p1a: Zapdos|Zapdos|100/100|[from] Volt Switch
|
|upkeep
|
|t:|1760457497
|switch|p2a: Scizor|Scizor, M|100/100
|turn|23
|
|t:|1760457504
|-terastallize|p2a: Scizor|Electric
|move|p1a: Zapdos|Heat Wave|p2a: Scizor
|-damage|p2a: Scizor|53/100
|move|p2a: Scizor|Swords Dance|p2a: Scizor
|-boost|p2a: Scizor|atk|2
|
|upkeep
|turn|24
|j|+Prateekkp
|inactive|321!! action has 120 seconds left.
|
|t:|1760457545
|move|p2a: Scizor|Bullet Punch|p1a: Zapdos
|-resisted|p1a: Zapdos
|-damage|p1a: Zapdos|63/100
|move|p1a: Zapdos|Volt Switch|p2a: Scizor
|-resisted|p2a: Scizor
|-damage|p2a: Scizor|28/100
|c|+Prateekkp|Gravity feels so high
|
|t:|1760457558
|switch|p1a: Iron Crown|Iron Crown|39/100|[from] Volt Switch
|-damage|p1a: Iron Crown|33/100|[from] Stealth Rock
|
|upkeep
|turn|25
|
|t:|1760457565
|move|p2a: Scizor|Bullet Punch|p1a: Iron Crown
|-resisted|p1a: Iron Crown
|-damage|p1a: Iron Crown|0 fnt
|faint|p1a: Iron Crown
|-end|p1a: Iron Crown|Quark Drive|[silent]
|
|upkeep
|c|☆HighGravity|ikr
|
|t:|1760457575
|switch|p1a: Zapdos|Zapdos|63/100
|turn|26
|c|☆HighGravity|bhai bore hogaya hu
|
|t:|1760457590
|move|p2a: Scizor|Bullet Punch|p1a: Zapdos
|-resisted|p1a: Zapdos
|-damage|p1a: Zapdos|23/100
|move|p1a: Zapdos|Heat Wave|p2a: Scizor
|-damage|p2a: Scizor|0 fnt
|faint|p2a: Scizor
|
|upkeep
|
|t:|1760457597
|switch|p2a: Latios|Latios, M|88/100
|-damage|p2a: Latios|76/100|[from] Stealth Rock
|turn|27
|
|t:|1760457605
|switch|p1a: Ting-Lu|Ting-Lu|55/100
|-damage|p1a: Ting-Lu|49/100|[from] Stealth Rock
|-ability|p1a: Ting-Lu|Vessel of Ruin
|move|p2a: Latios|Psychic Noise|p1a: Ting-Lu
|-immune|p1a: Ting-Lu
|
|upkeep
|turn|28
|inactive|321!! action has 120 seconds left.
|
|t:|1760457629
|switch|p2a: Zamazenta|Zamazenta|100/100
|-damage|p2a: Zamazenta|94/100|[from] Stealth Rock
|-ability|p2a: Zamazenta|Dauntless Shield|boost
|-boost|p2a: Zamazenta|def|1
|move|p1a: Ting-Lu|Ruination|p2a: Zamazenta
|-damage|p2a: Zamazenta|48/100
|
|-heal|p2a: Zamazenta|54/100|[from] item: Leftovers
|upkeep
|turn|29
|inactive|321!! action has 120 seconds left.
|
|t:|1760457654
|switch|p1a: Dragonite|Dragonite, F|95/100
|move|p2a: Zamazenta|Body Press|p1a: Dragonite
|-resisted|p1a: Dragonite
|-damage|p1a: Dragonite|66/100
|
|-heal|p2a: Zamazenta|60/100|[from] item: Leftovers
|upkeep
|turn|30
|
|t:|1760457663
|move|p2a: Zamazenta|Iron Defense|p2a: Zamazenta
|-boost|p2a: Zamazenta|def|2
|move|p1a: Dragonite|Dragon Dance|p1a: Dragonite
|-boost|p1a: Dragonite|atk|1
|-boost|p1a: Dragonite|spe|1
|
|-heal|p2a: Zamazenta|66/100|[from] item: Leftovers
|upkeep
|turn|31
|
|t:|1760457670
|move|p2a: Zamazenta|Body Press|p1a: Dragonite
|-resisted|p1a: Dragonite
|-damage|p1a: Dragonite|17/100
|move|p1a: Dragonite|Roost|p1a: Dragonite
|-heal|p1a: Dragonite|67/100
|-singleturn|p1a: Dragonite|move: Roost
|
|-heal|p2a: Zamazenta|72/100|[from] item: Leftovers
|upkeep
|turn|32
|inactive|321!! action has 120 seconds left.
|l|+Prateekkp
|
|t:|1760457678
|move|p2a: Zamazenta|Body Press|p1a: Dragonite
|-resisted|p1a: Dragonite
|-damage|p1a: Dragonite|20/100
|move|p1a: Dragonite|Roost|p1a: Dragonite
|-heal|p1a: Dragonite|70/100
|-singleturn|p1a: Dragonite|move: Roost
|
|-heal|p2a: Zamazenta|78/100|[from] item: Leftovers
|upkeep
|turn|33
|inactive|321!! action has 120 seconds left.
|
|t:|1760457691
|move|p1a: Dragonite|Earthquake|p2a: Zamazenta
|-damage|p2a: Zamazenta|62/100
|move|p2a: Zamazenta|Roar|p1a: Dragonite
|drag|p1a: Dragapult|Dragapult, M|100/100
|
|-heal|p2a: Zamazenta|69/100|[from] item: Leftovers
|upkeep
|turn|34
|
|t:|1760457698
|move|p1a: Dragapult|Will-O-Wisp|p2a: Zamazenta
|-status|p2a: Zamazenta|brn
|move|p2a: Zamazenta|Crunch|p1a: Dragapult
|-supereffective|p1a: Dragapult
|-damage|p1a: Dragapult|73/100
|
|-heal|p2a: Zamazenta|75/100 brn|[from] item: Leftovers
|-damage|p2a: Zamazenta|69/100 brn|[from] brn
|upkeep
|turn|35
|
|t:|1760457707
|-terastallize|p1a: Dragapult|Dragon
|move|p1a: Dragapult|Hex|p2a: Zamazenta
|-crit|p2a: Zamazenta
|-damage|p2a: Zamazenta|3/100 brn
|move|p2a: Zamazenta|Crunch|p1a: Dragapult
|-damage|p1a: Dragapult|59/100
|
|-heal|p2a: Zamazenta|9/100 brn|[from] item: Leftovers
|-damage|p2a: Zamazenta|3/100 brn|[from] brn
|upkeep
|turn|36
|
|t:|1760457721
|move|p1a: Dragapult|U-turn|p2a: Zamazenta
|-resisted|p2a: Zamazenta
|-damage|p2a: Zamazenta|0 fnt
|faint|p2a: Zamazenta
|
|t:|1760457726
|switch|p1a: Ting-Lu|Ting-Lu|49/100|[from] U-turn
|-damage|p1a: Ting-Lu|43/100|[from] Stealth Rock
|-ability|p1a: Ting-Lu|Vessel of Ruin
|
|upkeep
|
|t:|1760457731
|switch|p2a: Samurott|Samurott-Hisui, F|39/100
|-damage|p2a: Samurott|26/100|[from] Stealth Rock
|turn|37
|
|t:|1760457750
|move|p2a: Samurott|Razor Shell|p1a: Ting-Lu
|-supereffective|p1a: Ting-Lu
|-damage|p1a: Ting-Lu|0 fnt
|faint|p1a: Ting-Lu
|
|upkeep
|
|t:|1760457754
|switch|p1a: Zapdos|Zapdos|23/100
|turn|38
|
|t:|1760457757
|move|p2a: Samurott|Aqua Jet|p1a: Zapdos
|-damage|p1a: Zapdos|0 fnt
|faint|p1a: Zapdos
|
|upkeep
|
|t:|1760457768
|switch|p1a: Dragonite|Dragonite, F|70/100
|turn|39
|
|t:|1760457772
|move|p1a: Dragonite|Extreme Speed|p2a: Samurott
|-damage|p2a: Samurott|0 fnt
|faint|p2a: Samurott
|
|upkeep
|l| Kochu_shak ㋛
|
|t:|1760457775
|switch|p2a: Latios|Latios, M|76/100
|-damage|p2a: Latios|64/100|[from] Stealth Rock
|turn|40
|
|t:|1760457779
|move|p1a: Dragonite|Extreme Speed|p2a: Latios
|-damage|p2a: Latios|20/100
|move|p2a: Latios|Draco Meteor|p1a: Dragonite
|-supereffective|p1a: Dragonite
|-damage|p1a: Dragonite|0 fnt
|-unboost|p2a: Latios|spa|2
|faint|p1a: Dragonite
|
|upkeep
|
|t:|1760457784
|switch|p1a: Dragapult|Dragapult, M, tera:Dragon|59/100
|turn|41
|
|t:|1760457788
|move|p1a: Dragapult|Dragon Darts|p2a: Latios
|-supereffective|p2a: Latios
|-damage|p2a: Latios|0 fnt
|faint|p2a: Latios
|
|win|321!! action
|n|☆321!! action|321action
|n|☆HighGravity|highgravity
|n| SHONE|shone
