|j|☆capone n norega
|j|☆test123a
|t:|1760410850
|gametype|singles
|player|p1|capone n norega|102|1393
|player|p2|test123a|265|1382
|gen|9
|tier|[Gen 9] OU
|rated|
|rule|HP Percentage Mod: HP is shown in percentages
|rule|Endless Battle Clause: Forcing endless battles is banned
|rule|Species Clause: Limit one of each Pokémon
|rule|OHKO Clause: OHKO moves are banned
|rule|Evasion Items Clause: Evasion items are banned
|rule|Evasion Moves Clause: Evasion moves are banned
|rule|Evasion Abilities Clause: Evasion abilities are banned
|rule|Sleep Moves Clause: Sleep-inducing moves are banned
|clearpoke
|poke|p1|Zamazenta-*|
|poke|p1|Rillaboom, F|
|poke|p1|Great Tusk|
|poke|p1|Coalossal, F|
|poke|p1|Ogerpon-Wellspring, F|
|poke|p1|Tornadus-Therian, M|
|poke|p2|Kingambit, F|
|poke|p2|Cinderace, F|
|poke|p2|Landorus-Therian, M|
|poke|p2|Iron Valiant|
|poke|p2|Kyurem|
|poke|p2|Slowking-Galar, M|
|teampreview
|
|t:|1760410882
|teamsize|p1|6
|teamsize|p2|6
|start
|switch|p1a: Coalossal|Coalossal, F|100/100
|switch|p2a: Landorus|Landorus-Therian, M|100/100
|-ability|p2a: Landorus|Intimidate|boost
|-unboost|p1a: Coalossal|atk|1
|-item|p1a: Coalossal|Air Balloon
|turn|1
|
|t:|1760410890
|move|p2a: Landorus|U-turn|p1a: Coalossal
|-resisted|p1a: Coalossal
|-damage|p1a: Coalossal|95/100
|-enditem|p1a: Coalossal|Air Balloon
|
|t:|1760410895
|switch|p2a: Slowking|Slowking-Galar, M|100/100|[from] U-turn
|move|p1a: Coalossal|Will-O-Wisp|p2a: Slowking
|-status|p2a: Slowking|brn
|
|-damage|p2a: Slowking|94/100 brn|[from] brn
|upkeep
|turn|2
|
|t:|1760410904
|move|p1a: Coalossal|Stealth Rock|p2a: Slowking
|-sidestart|p2: test123a|move: Stealth Rock
|move|p2a: Slowking|Thunder Wave|p1a: Coalossal
|-status|p1a: Coalossal|par
|
|-damage|p2a: Slowking|88/100 brn|[from] brn
|upkeep
|turn|3
|
|t:|1760410932
|-prepare|p2a: Slowking|Chilly Reception|[premajor]
|move|p2a: Slowking|Chilly Reception|p2a: Slowking
|-weather|Snowscape
|
|t:|1760410950
|switch|p2a: Kingambit|Kingambit, F|100/100|[from] Chilly Reception
|-damage|p2a: Kingambit|94/100|[from] Stealth Rock
|cant|p1a: Coalossal|par
|
|-weather|Snowscape|[upkeep]
|-heal|p2a: Kingambit|100/100|[from] item: Leftovers
|upkeep
|turn|4
|
|t:|1760410960
|move|p2a: Kingambit|Swords Dance|p2a: Kingambit
|-boost|p2a: Kingambit|atk|2
|move|p1a: Coalossal|Overheat|p2a: Kingambit
|-supereffective|p2a: Kingambit
|-damage|p2a: Kingambit|33/100
|-unboost|p1a: Coalossal|spa|2
|
|-weather|Snowscape|[upkeep]
|-heal|p2a: Kingambit|39/100|[from] item: Leftovers
|upkeep
|turn|5
|
|t:|1760410970
|move|p2a: Kingambit|Kowtow Cleave|p1a: Coalossal
|-damage|p1a: Coalossal|46/100 par
|move|p1a: Coalossal|Will-O-Wisp|p2a: Kingambit
|-status|p2a: Kingambit|brn
|
|-weather|Snowscape|[upkeep]
|-heal|p2a: Kingambit|46/100 brn|[from] item: Leftovers
|-damage|p2a: Kingambit|39/100 brn|[from] brn
|upkeep
|turn|6
|
|t:|1760411003
|move|p2a: Kingambit|Iron Head|p1a: Coalossal
|-damage|p1a: Coalossal|23/100 par
|move|p1a: Coalossal|Earth Power|p2a: Kingambit
|-supereffective|p2a: Kingambit
|-damage|p2a: Kingambit|24/100 brn
|-unboost|p2a: Kingambit|spd|1
|
|-weather|Snowscape|[upkeep]
|-heal|p2a: Kingambit|30/100 brn|[from] item: Leftovers
|-damage|p2a: Kingambit|24/100 brn|[from] brn
|upkeep
|turn|7
|
|t:|1760411056
|switch|p1a: Zamazenta|Zamazenta|100/100
|-ability|p1a: Zamazenta|Dauntless Shield|boost
|-boost|p1a: Zamazenta|def|1
|move|p2a: Kingambit|Kowtow Cleave|p1a: Zamazenta
|-resisted|p1a: Zamazenta
|-damage|p1a: Zamazenta|88/100
|
|-weather|none
|-heal|p2a: Kingambit|30/100 brn|[from] item: Leftovers
|-damage|p2a: Kingambit|24/100 brn|[from] brn
|upkeep
|turn|8
|
|t:|1760411076
|-end|p2a: Kingambit|fallenundefined|[silent]
|switch|p2a: Iron Valiant|Iron Valiant|100/100
|-damage|p2a: Iron Valiant|94/100|[from] Stealth Rock
|-enditem|p2a: Iron Valiant|Booster Energy
|-activate|p2a: Iron Valiant|ability: Quark Drive|[fromitem]
|-start|p2a: Iron Valiant|quarkdrivespe
|move|p1a: Zamazenta|Body Press|p2a: Iron Valiant
|-resisted|p2a: Iron Valiant
|-damage|p2a: Iron Valiant|63/100
|
|upkeep
|turn|9
|
|t:|1760411100
|switch|p1a: Tornadus|Tornadus-Therian, M|100/100
|move|p2a: Iron Valiant|Calm Mind|p2a: Iron Valiant
|-boost|p2a: Iron Valiant|spa|1
|-boost|p2a: Iron Valiant|spd|1
|
|upkeep
|turn|10
|
|t:|1760411120
|-terastallize|p2a: Iron Valiant|Ghost
|move|p2a: Iron Valiant|Calm Mind|p2a: Iron Valiant
|-boost|p2a: Iron Valiant|spa|1
|-boost|p2a: Iron Valiant|spd|1
|move|p1a: Tornadus|Bleakwind Storm|p2a: Iron Valiant|[miss]
|-miss|p1a: Tornadus|p2a: Iron Valiant
|
|upkeep
|turn|11
|
|t:|1760411163
|move|p2a: Iron Valiant|Moonblast|p1a: Tornadus
|-damage|p1a: Tornadus|38/100
|move|p1a: Tornadus|Knock Off|p2a: Iron Valiant
|-supereffective|p2a: Iron Valiant
|-damage|p2a: Iron Valiant|30/100
|
|upkeep
|turn|12
|
|t:|1760411169
|switch|p1a: Coalossal|Coalossal, F|23/100 par
|move|p2a: Iron Valiant|Moonblast|p1a: Coalossal
|-resisted|p1a: Coalossal
|-damage|p1a: Coalossal|0 fnt
|faint|p1a: Coalossal
|
|upkeep
|
|t:|1760411175
|switch|p1a: Rillaboom|Rillaboom, F|100/100
|-fieldstart|move: Grassy Terrain|[from] ability: Grassy Surge|[of] p1a: Rillaboom
|turn|13
|
|t:|1760411182
|move|p1a: Rillaboom|Grassy Glide|p2a: Iron Valiant
|-damage|p2a: Iron Valiant|0 fnt
|faint|p2a: Iron Valiant
|-end|p2a: Iron Valiant|Quark Drive|[silent]
|
|upkeep
|
|t:|1760411188
|switch|p2a: Cinderace|Cinderace, F|100/100
|turn|14
|
|t:|1760411196
|switch|p1a: Great Tusk|Great Tusk|100/100
|-enditem|p1a: Great Tusk|Booster Energy
|-activate|p1a: Great Tusk|ability: Protosynthesis|[fromitem]
|-start|p1a: Great Tusk|protosynthesisatk
|move|p2a: Cinderace|Will-O-Wisp|p1a: Great Tusk
|-status|p1a: Great Tusk|brn
|
|-damage|p1a: Great Tusk|94/100 brn|[from] brn
|upkeep
|turn|15
|
|t:|1760411210
|move|p2a: Cinderace|U-turn|p1a: Great Tusk
|-resisted|p1a: Great Tusk
|-crit|p1a: Great Tusk
|-damage|p1a: Great Tusk|84/100 brn
|
|t:|1760411213
|switch|p2a: Landorus|Landorus-Therian, M|100/100|[from] U-turn
|-damage|p2a: Landorus|88/100|[from] Stealth Rock
|-ability|p2a: Landorus|Intimidate|boost
|-unboost|p1a: Great Tusk|atk|1
|move|p1a: Great Tusk|Rapid Spin|p2a: Landorus
|-damage|p2a: Landorus|81/100
|-boost|p1a: Great Tusk|spe|1
|-damage|p1a: Great Tusk|68/100 brn|[from] item: Rocky Helmet|[of] p2a: Landorus
|
|-heal|p1a: Great Tusk|74/100 brn|[from] Grassy Terrain
|-damage|p1a: Great Tusk|68/100 brn|[from] brn
|upkeep
|turn|16
|
|t:|1760411229
|move|p1a: Great Tusk|Head Smash|p2a: Landorus
|-crit|p2a: Landorus
|-damage|p2a: Landorus|35/100
|-damage|p1a: Great Tusk|51/100 brn|[from] item: Rocky Helmet|[of] p2a: Landorus
|-damage|p1a: Great Tusk|31/100 brn|[from] Recoil
|move|p2a: Landorus|Earthquake|p1a: Great Tusk
|-damage|p1a: Great Tusk|15/100 brn
|
|-heal|p1a: Great Tusk|21/100 brn|[from] Grassy Terrain
|-damage|p1a: Great Tusk|15/100 brn|[from] brn
|upkeep
|turn|17
|
|t:|1760411251
|-end|p1a: Great Tusk|Protosynthesis|[silent]
|switch|p1a: Tornadus|Tornadus-Therian, M|71/100
|move|p2a: Landorus|Earthquake|p1a: Tornadus
|-immune|p1a: Tornadus
|
|upkeep
|turn|18
|c|☆test123a|how did crit do so little?
|
|t:|1760411276
|switch|p2a: Slowking|Slowking-Galar, M|100/100 brn
|move|p1a: Tornadus|Icy Wind|p2a: Slowking
|-damage|p2a: Slowking|92/100 brn
|-unboost|p2a: Slowking|spe|1
|
|-heal|p2a: Slowking|98/100 brn|[from] Grassy Terrain
|-damage|p2a: Slowking|92/100 brn|[from] brn
|upkeep
|turn|19
|
|t:|1760411292
|move|p1a: Tornadus|U-turn|p2a: Slowking
|-damage|p2a: Slowking|77/100 brn
|
|t:|1760411294
|switch|p1a: Great Tusk|Great Tusk|15/100 brn|[from] U-turn
|move|p2a: Slowking|Thunder Wave|p1a: Great Tusk
|-immune|p1a: Great Tusk
|
|-heal|p1a: Great Tusk|21/100 brn|[from] Grassy Terrain
|-heal|p2a: Slowking|83/100 brn|[from] Grassy Terrain
|-damage|p1a: Great Tusk|15/100 brn|[from] brn
|-damage|p2a: Slowking|77/100 brn|[from] brn
|upkeep
|turn|20
|
|t:|1760411310
|switch|p2a: Landorus|Landorus-Therian, M|35/100
|-damage|p2a: Landorus|23/100|[from] Stealth Rock
|-ability|p2a: Landorus|Intimidate|boost
|-unboost|p1a: Great Tusk|atk|1
|move|p1a: Great Tusk|Head Smash|p2a: Landorus
|-damage|p2a: Landorus|8/100
|-damage|p1a: Great Tusk|0 fnt|[from] item: Rocky Helmet|[of] p2a: Landorus
|faint|p1a: Great Tusk
|-end|p1a: Great Tusk|Protosynthesis|[silent]
|
|-fieldend|move: Grassy Terrain
|upkeep
|
|t:|1760411325
|switch|p1a: Ogerpon|Ogerpon-Wellspring, F|100/100
|turn|21
|
|t:|1760411333
|move|p1a: Ogerpon|Trailblaze|p2a: Landorus
|-damage|p2a: Landorus|0 fnt
|-boost|p1a: Ogerpon|spe|1
|-damage|p1a: Ogerpon|84/100|[from] item: Rocky Helmet|[of] p2a: Landorus
|faint|p2a: Landorus
|
|upkeep
|
|t:|1760411344
|switch|p2a: Kyurem|Kyurem|100/100
|-damage|p2a: Kyurem|76/100|[from] Stealth Rock
|-ability|p2a: Kyurem|Pressure
|turn|22
|
|t:|1760411351
|move|p1a: Ogerpon|Play Rough|p2a: Kyurem|[miss]
|-miss|p1a: Ogerpon|p2a: Kyurem
|move|p2a: Kyurem|Freeze-Dry|p1a: Ogerpon
|-supereffective|p1a: Ogerpon
|-damage|p1a: Ogerpon|0 fnt
|faint|p1a: Ogerpon
|
|upkeep
|
|t:|1760411358
|switch|p1a: Zamazenta|Zamazenta|88/100
|turn|23
|
|t:|1760411362
|switch|p2a: Slowking|Slowking-Galar, M|100/100 brn
|move|p1a: Zamazenta|Iron Defense|p1a: Zamazenta
|-boost|p1a: Zamazenta|def|2
|
|-damage|p2a: Slowking|94/100 brn|[from] brn
|upkeep
|turn|24
|
|t:|1760411373
|-terastallize|p1a: Zamazenta|Dark
|move|p1a: Zamazenta|Crunch|p2a: Slowking
|-supereffective|p2a: Slowking
|-damage|p2a: Slowking|24/100 brn
|move|p2a: Slowking|Thunder Wave|p1a: Zamazenta
|-status|p1a: Zamazenta|par
|
|-damage|p2a: Slowking|18/100 brn|[from] brn
|upkeep
|turn|25
|
|t:|1760411387
|switch|p2a: Kingambit|Kingambit, F|24/100 brn
|-damage|p2a: Kingambit|17/100 brn|[from] Stealth Rock
|-activate|p2a: Kingambit|ability: Supreme Overlord
|-start|p2a: Kingambit|fallen2|[silent]
|move|p1a: Zamazenta|Crunch|p2a: Kingambit
|-resisted|p2a: Kingambit
|-damage|p2a: Kingambit|5/100 brn
|
|-heal|p2a: Kingambit|12/100 brn|[from] item: Leftovers
|-damage|p2a: Kingambit|5/100 brn|[from] brn
|upkeep
|turn|26
|
|t:|1760411400
|move|p1a: Zamazenta|Body Press|p2a: Kingambit
|-supereffective|p2a: Kingambit
|-damage|p2a: Kingambit|0 fnt
|faint|p2a: Kingambit
|-end|p2a: Kingambit|fallen2|[silent]
|
|upkeep
|
|t:|1760411418
|switch|p2a: Kyurem|Kyurem|76/100
|-damage|p2a: Kyurem|51/100|[from] Stealth Rock
|-ability|p2a: Kyurem|Pressure
|turn|27
|
|t:|1760411423
|move|p2a: Kyurem|Draco Meteor|p1a: Zamazenta
|-damage|p1a: Zamazenta|0 fnt
|-unboost|p2a: Kyurem|spa|2
|faint|p1a: Zamazenta
|
|upkeep
|
|t:|1760411431
|switch|p1a: Tornadus|Tornadus-Therian, M|100/100
|turn|28
|
|t:|1760411437
|switch|p2a: Slowking|Slowking-Galar, M|51/100 brn
|move|p1a: Tornadus|Knock Off|p2a: Slowking
|-supereffective|p2a: Slowking
|-damage|p2a: Slowking|8/100 brn
|-enditem|p2a: Slowking|Heavy-Duty Boots|[from] move: Knock Off|[of] p1a: Tornadus
|
|-damage|p2a: Slowking|2/100 brn|[from] brn
|upkeep
|turn|29
|
|t:|1760411451
|move|p1a: Tornadus|Knock Off|p2a: Slowking
|-supereffective|p2a: Slowking
|-damage|p2a: Slowking|0 fnt
|faint|p2a: Slowking
|
|upkeep
|
|t:|1760411459
|switch|p2a: Cinderace|Cinderace, F|100/100
|turn|30
|
|t:|1760411474
|move|p1a: Tornadus|Bleakwind Storm|p2a: Cinderace
|-damage|p2a: Cinderace|55/100
|move|p2a: Cinderace|Court Change|p2a: Cinderace
|-swapsideconditions
|-activate|p2a: Cinderace|move: Court Change
|
|upkeep
|turn|31
|
|t:|1760411481
|move|p1a: Tornadus|Knock Off|p2a: Cinderace
|-damage|p2a: Cinderace|33/100
|-enditem|p2a: Cinderace|Heavy-Duty Boots|[from] move: Knock Off|[of] p1a: Tornadus
|move|p2a: Cinderace|Pyro Ball|p1a: Tornadus
|-damage|p1a: Tornadus|24/100
|
|upkeep
|turn|32
|
|t:|1760411489
|move|p1a: Tornadus|Bleakwind Storm|p2a: Cinderace
|-damage|p2a: Cinderace|0 fnt
|faint|p2a: Cinderace
|
|upkeep
|
|t:|1760411493
|switch|p2a: Kyurem|Kyurem|51/100
|-ability|p2a: Kyurem|Pressure
|turn|33
|inactive|Battle timer is ON: inactive players will automatically lose when time's up. (requested by capone n norega)
|
|t:|1760411568
|move|p1a: Tornadus|Bleakwind Storm|p2a: Kyurem
|-damage|p2a: Kyurem|15/100
|-unboost|p2a: Kyurem|spe|1
|move|p2a: Kyurem|Freeze-Dry|p1a: Tornadus
|-supereffective|p1a: Tornadus
|-damage|p1a: Tornadus|0 fnt
|faint|p1a: Tornadus
|
|upkeep
|
|t:|1760411572
|switch|p1a: Rillaboom|Rillaboom, F|100/100
|-damage|p1a: Rillaboom|88/100|[from] Stealth Rock
|-fieldstart|move: Grassy Terrain|[from] ability: Grassy Surge|[of] p1a: Rillaboom
|turn|34
|
|t:|1760411580
|move|p1a: Rillaboom|Wood Hammer|p2a: Kyurem
|-resisted|p2a: Kyurem
|-damage|p2a: Kyurem|0 fnt
|faint|p2a: Kyurem
|-damage|p1a: Rillaboom|83/100|[from] Recoil
|
|win|capone n norega
|raw|capone n norega's rating: 1393 &rarr; <strong>1412</strong><br />(+19 for winning)
|raw|test123a's rating: 1382 &rarr; <strong>1363</strong><br />(-19 for losing)
|c|☆test123a|gg
|l|☆test123a
|player|p2|
|l|☆capone n norega
|player|p1|
