|j|☆tert_14
|j|☆burritobrown
|inactive|Battle timer is ON: inactive players will automatically lose when time's up.
|t:|1760396821
|gametype|singles
|player|p1|tert_14|hiker|
|player|p2|burritobrown|steven-gen6|
|gen|9
|tier|[Gen 9] OU
|rated|Tournament battle
|rule|HP Percentage Mod: HP is shown in percentages
|rule|Endless Battle Clause: Forcing endless battles is banned
|rule|Species Clause: Limit one of each Pokémon
|rule|OHKO Clause: OHKO moves are banned
|rule|Evasion Items Clause: Evasion items are banned
|rule|Evasion Moves Clause: Evasion moves are banned
|rule|Evasion Abilities Clause: Evasion abilities are banned
|rule|Sleep Moves Clause: Sleep-inducing moves are banned
|raw|<div class="infobox"><details class="readmore"><summary><strong>15 custom rules:</strong></summary> -burmy, -caterpie, -combee, -kricketot, -magikarp, -scatterbug, -sunkern, -tynamo, -typenull, -weedle, -wurmple, -cosmog, -blipbug, -snom, -wynaut</details></div>
|clearpoke
|poke|p1|Exeggcute, F|
|poke|p1|Nosepass, L1, F|
|poke|p1|Whimsicott, M|
|poke|p1|Clodsire, M|
|poke|p2|Ivysaur, F|
|poke|p2|Weavile, M|
|poke|p2|Mareanie, M|
|poke|p2|Swablu, F|
|teampreview
|j|*Lady Monita ☀
|inactive|burritobrown also wants the timer to be on.
|c|☆tert_14|gl hf
|c|☆burritobrown|u2
|j| cajuncrab
|c| cajuncrab|over und 33.5 turns??
|c| cajuncrab|under*
|inactive|burritobrown has 120 seconds left.
|c| cajuncrab|I'm taking the over
|
|t:|1760396854
|teamsize|p1|4
|teamsize|p2|4
|start
|switch|p1a: Nosepass|Nosepass, L1, F|100/100
|switch|p2a: Swablu|Swablu, F|100/100
|turn|1
|c|☆burritobrown|prob under
|
|t:|1760396866
|switch|p2a: Ivysaur|Ivysaur, F|100/100
|move|p1a: Nosepass|Stealth Rock|p2a: Ivysaur
|-sidestart|p2: burritobrown|move: Stealth Rock
|
|upkeep
|turn|2
|
|t:|1760396875
|move|p2a: Ivysaur|Leaf Storm|p1a: Nosepass
|-supereffective|p1a: Nosepass
|-ability|p1a: Nosepass|Sturdy
|-damage|p1a: Nosepass|10/100
|-unboost|p2a: Ivysaur|spa|2
|move|p1a: Nosepass|Thunder Wave|p2a: Ivysaur
|-status|p2a: Ivysaur|par
|
|upkeep
|turn|3
|-enditem|p1a: Nosepass|Custap Berry|[eat]
|-activate|p1a: Nosepass|item: Custap Berry|[consumed]
|
|t:|1760396884
|move|p1a: Nosepass|Pain Split|p2a: Ivysaur
|-sethp|p2a: Ivysaur|50/100 par|[from] move: Pain Split|[silent]
|-sethp|p1a: Nosepass|100/100|[from] move: Pain Split
|move|p2a: Ivysaur|Leech Seed|p1a: Nosepass
|-start|p1a: Nosepass|move: Leech Seed
|
|-damage|p1a: Nosepass|91/100|[from] Leech Seed|[of] p2a: Ivysaur
|-heal|p2a: Ivysaur|51/100 par|[silent]
|upkeep
|turn|4
|
|t:|1760396894
|move|p2a: Ivysaur|Leaf Storm|p1a: Nosepass
|-supereffective|p1a: Nosepass
|-damage|p1a: Nosepass|0 fnt
|-unboost|p2a: Ivysaur|spa|2
|faint|p1a: Nosepass
|
|upkeep
|
|t:|1760396897
|switch|p1a: Clodsire|Clodsire, M|100/100
|turn|5
|
|t:|1760396903
|move|p2a: Ivysaur|Leech Seed|p1a: Clodsire
|-start|p1a: Clodsire|move: Leech Seed
|move|p1a: Clodsire|Earthquake|p2a: Ivysaur
|-damage|p2a: Ivysaur|29/100 par
|
|-damage|p1a: Clodsire|88/100|[from] Leech Seed|[of] p2a: Ivysaur
|-heal|p2a: Ivysaur|46/100 par|[silent]
|upkeep
|turn|6
|
|t:|1760396912
|switch|p1a: Whimsicott|Whimsicott, M|100/100
|move|p2a: Ivysaur|Leaf Storm|p1a: Whimsicott
|-resisted|p1a: Whimsicott
|-damage|p1a: Whimsicott|91/100
|-unboost|p2a: Ivysaur|spa|2
|
|upkeep
|turn|7
|
|t:|1760396919
|switch|p1a: Clodsire|Clodsire, M|88/100
|move|p2a: Ivysaur|Sludge Bomb|p1a: Clodsire
|-resisted|p1a: Clodsire
|-damage|p1a: Clodsire|85/100
|
|-heal|p1a: Clodsire|91/100|[from] item: Leftovers
|upkeep
|turn|8
|
|t:|1760396928
|switch|p2a: Swablu|Swablu, F|100/100
|-damage|p2a: Swablu|76/100|[from] Stealth Rock
|move|p1a: Clodsire|Gunk Shot|p2a: Swablu|[miss]
|-miss|p1a: Clodsire|p2a: Swablu
|
|-heal|p1a: Clodsire|97/100|[from] item: Leftovers
|upkeep
|turn|9
|
|t:|1760396937
|move|p2a: Swablu|Defog|p1a: Clodsire
|-unboost|p1a: Clodsire|evasion|1
|-sideend|p2: burritobrown|Stealth Rock|[from] move: Defog|[of] p2a: Swablu
|move|p1a: Clodsire|Curse|p1a: Clodsire
|-unboost|p1a: Clodsire|spe|1
|-boost|p1a: Clodsire|atk|1
|-boost|p1a: Clodsire|def|1
|
|-heal|p1a: Clodsire|100/100|[from] item: Leftovers
|upkeep
|turn|10
|
|t:|1760396953
|switch|p2a: Mareanie|Mareanie, M|100/100
|move|p1a: Clodsire|Gunk Shot|p2a: Mareanie
|-resisted|p2a: Mareanie
|-damage|p2a: Mareanie|82/100
|
|upkeep
|turn|11
|
|t:|1760396963
|move|p2a: Mareanie|Haze|p2a: Mareanie
|-clearallboost
|move|p1a: Clodsire|Earthquake|p2a: Mareanie
|-supereffective|p2a: Mareanie
|-damage|p2a: Mareanie|42/100
|
|upkeep
|turn|12
|
|t:|1760396969
|switch|p2a: Swablu|Swablu, F|76/100
|move|p1a: Clodsire|Earthquake|p2a: Swablu
|-immune|p2a: Swablu
|
|upkeep
|turn|13
|
|t:|1760396978
|move|p2a: Swablu|Dual Wingbeat|p1a: Clodsire
|-damage|p1a: Clodsire|88/100
|-damage|p1a: Clodsire|74/100
|-hitcount|p1a: Clodsire|2
|move|p1a: Clodsire|Curse|p1a: Clodsire
|-unboost|p1a: Clodsire|spe|1
|-boost|p1a: Clodsire|atk|1
|-boost|p1a: Clodsire|def|1
|
|-heal|p1a: Clodsire|80/100|[from] item: Leftovers
|upkeep
|turn|14
|
|t:|1760396986
|move|p2a: Swablu|Dual Wingbeat|p1a: Clodsire
|-damage|p1a: Clodsire|72/100
|-damage|p1a: Clodsire|63/100
|-hitcount|p1a: Clodsire|2
|move|p1a: Clodsire|Earthquake|p2a: Swablu
|-immune|p2a: Swablu
|
|-heal|p1a: Clodsire|69/100|[from] item: Leftovers
|upkeep
|turn|15
|
|t:|1760396990
|move|p2a: Swablu|Dual Wingbeat|p1a: Clodsire|[miss]
|-miss|p2a: Swablu|p1a: Clodsire
|move|p1a: Clodsire|Gunk Shot|p2a: Swablu
|-damage|p2a: Swablu|19/100
|-status|p2a: Swablu|psn
|
|-heal|p1a: Clodsire|75/100|[from] item: Leftovers
|-damage|p2a: Swablu|7/100 psn|[from] psn
|upkeep
|turn|16
|
|t:|1760396994
|move|p2a: Swablu|Endeavor|p1a: Clodsire
|-damage|p1a: Clodsire|5/100
|move|p1a: Clodsire|Curse|p1a: Clodsire
|-unboost|p1a: Clodsire|spe|1
|-boost|p1a: Clodsire|atk|1
|-boost|p1a: Clodsire|def|1
|
|-heal|p1a: Clodsire|11/100|[from] item: Leftovers
|-damage|p2a: Swablu|0 fnt|[from] psn
|faint|p2a: Swablu
|upkeep
|c|☆tert_14|nice
|
|t:|1760397000
|switch|p2a: Weavile|Weavile, M|100/100
|-ability|p2a: Weavile|Pressure
|turn|17
|
|t:|1760397016
|move|p2a: Weavile|Knock Off|p1a: Clodsire
|-damage|p1a: Clodsire|0 fnt
|-enditem|p1a: Clodsire|Leftovers|[from] move: Knock Off|[of] p2a: Weavile
|faint|p1a: Clodsire
|
|upkeep
|
|t:|1760397020
|switch|p1a: Whimsicott|Whimsicott, M|91/100
|turn|18
|
|t:|1760397025
|switch|p2a: Ivysaur|Ivysaur, F|46/100 par
|move|p1a: Whimsicott|Encore||[still]
|-fail|p1a: Whimsicott
|
|upkeep
|turn|19
|
|t:|1760397031
|switch|p1a: Exeggcute|Exeggcute, F|100/100
|move|p2a: Ivysaur|Sludge Bomb|p1a: Exeggcute
|-supereffective|p1a: Exeggcute
|-damage|p1a: Exeggcute|15/100
|-enditem|p1a: Exeggcute|Sitrus Berry|[eat]
|-heal|p1a: Exeggcute|40/100|[from] item: Sitrus Berry
|
|-item|p1a: Exeggcute|Sitrus Berry|[from] ability: Harvest
|upkeep
|-enditem|p1a: Exeggcute|Sitrus Berry|[eat]
|-heal|p1a: Exeggcute|65/100|[from] item: Sitrus Berry
|turn|20
|
|t:|1760397036
|move|p1a: Exeggcute|Protect|p1a: Exeggcute
|-singleturn|p1a: Exeggcute|Protect
|move|p2a: Ivysaur|Sludge Bomb|p1a: Exeggcute
|-activate|p1a: Exeggcute|move: Protect
|
|-item|p1a: Exeggcute|Sitrus Berry|[from] ability: Harvest
|upkeep
|turn|21
|
|t:|1760397046
|move|p1a: Exeggcute|Sludge Bomb|p2a: Ivysaur
|-damage|p2a: Ivysaur|37/100 par
|move|p2a: Ivysaur|Sludge Bomb|p1a: Exeggcute
|-supereffective|p1a: Exeggcute
|-damage|p1a: Exeggcute|0 fnt
|faint|p1a: Exeggcute
|
|upkeep
|
|t:|1760397048
|switch|p1a: Whimsicott|Whimsicott, M|91/100
|turn|22
|
|t:|1760397051
|-terastallize|p1a: Whimsicott|Steel
|move|p1a: Whimsicott|Encore|p2a: Ivysaur
|-start|p2a: Ivysaur|Encore
|move|p2a: Ivysaur|Sludge Bomb|p1a: Whimsicott
|-immune|p1a: Whimsicott
|
|upkeep
|turn|23
|c|☆tert_14|gg btw
|c|☆tert_14|can't kill this ivy
|
|t:|1760397061
|switch|p2a: Mareanie|Mareanie, M|75/100
|move|p1a: Whimsicott|Moonblast|p2a: Mareanie
|-resisted|p2a: Mareanie
|-damage|p2a: Mareanie|55/100
|-unboost|p2a: Mareanie|spa|1
|
|upkeep
|turn|24
|
|t:|1760397075
|move|p1a: Whimsicott|Leech Seed|p2a: Mareanie
|-start|p2a: Mareanie|move: Leech Seed
|move|p2a: Mareanie|Liquidation|p1a: Whimsicott
|-damage|p1a: Whimsicott|64/100
|
|-damage|p2a: Mareanie|42/100|[from] Leech Seed|[of] p1a: Whimsicott
|-heal|p1a: Whimsicott|78/100|[silent]
|upkeep
|turn|25
|
|t:|1760397081
|switch|p2a: Ivysaur|Ivysaur, F|37/100 par
|move|p1a: Whimsicott|Giga Drain|p2a: Ivysaur
|-resisted|p2a: Ivysaur
|-damage|p2a: Ivysaur|33/100 par
|-heal|p1a: Whimsicott|81/100|[from] drain|[of] p2a: Ivysaur
|
|upkeep
|turn|26
|
|t:|1760397086
|move|p1a: Whimsicott|Moonblast|p2a: Ivysaur
|-resisted|p2a: Ivysaur
|-damage|p2a: Ivysaur|21/100 par
|move|p2a: Ivysaur|Leech Seed|p1a: Whimsicott
|-start|p1a: Whimsicott|move: Leech Seed
|
|-damage|p1a: Whimsicott|69/100|[from] Leech Seed|[of] p2a: Ivysaur
|-heal|p2a: Ivysaur|31/100 par|[silent]
|upkeep
|turn|27
|-message|tert_14 forfeited.
|
|win|burritobrown
|n|☆tert_14|tert14
|n|☆burritobrown|burritobrown
|n|*Lady Monita ☀|ladymonita
|n| cajuncrab|cajuncrab
