|j|‽Nocturne Nugget
|j|‽ManLikeAhmed
|t:|1760453080
|gametype|singles
|player|p1|Nocturne Nugget|veteranf|
|player|p2|ManLikeAhmed|emmet|
|gen|9
|tier|[Gen 9] OU
|rule|HP Percentage Mod: HP is shown in percentages
|rule|Endless Battle Clause: Forcing endless battles is banned
|rule|Species Clause: Limit one of each Pokémon
|rule|OHKO Clause: OHKO moves are banned
|rule|Evasion Items Clause: Evasion items are banned
|rule|Evasion Moves Clause: Evasion moves are banned
|rule|Evasion Abilities Clause: Evasion abilities are banned
|rule|Sleep Moves Clause: Sleep-inducing moves are banned
|clearpoke
|poke|p1|Landorus-Therian, M|
|poke|p1|Ogerpon-Wellspring, F|
|poke|p1|Scizor, M|
|poke|p1|Great Tusk|
|poke|p1|Pecharunt|
|poke|p1|Moltres|
|poke|p2|Landorus-Therian, M|
|poke|p2|Samurott-Hisui, F|
|poke|p2|Pecharunt|
|poke|p2|Scizor, F|
|poke|p2|Latios, M|
|poke|p2|Zamazenta-*|
|teampreview
|
|t:|1760453339
|teamsize|p1|6
|teamsize|p2|6
|start
|switch|p1a: Landorus|Landorus-Therian, M|100/100
|switch|p2a: Samurott|Samurott-Hisui, F|100/100
|-ability|p1a: Landorus|Intimidate|boost
|-unboost|p2a: Samurott|atk|1
|turn|1
|
|t:|1760453687
|move|p1a: Landorus|Stealth Rock|p2a: Samurott
|-sidestart|p2: ManLikeAhmed|move: Stealth Rock
|move|p2a: Samurott|Knock Off|p1a: Landorus
|-damage|p1a: Landorus|69/100
|-damage|p2a: Samurott|84/100|[from] item: Rocky Helmet|[of] p1a: Landorus
|-enditem|p1a: Landorus|Rocky Helmet|[from] move: Knock Off|[of] p2a: Samurott
|
|upkeep
|turn|2
|
|t:|1760453752
|move|p1a: Landorus|U-turn|p2a: Samurott
|-supereffective|p2a: Samurott
|-damage|p2a: Samurott|35/100
|
|t:|1760453758
|switch|p1a: Ogerpon|Ogerpon-Wellspring, F|100/100|[from] U-turn
|move|p2a: Samurott|Ceaseless Edge|p1a: Ogerpon
|-damage|p1a: Ogerpon|54/100
|-sidestart|p1: Nocturne Nugget|Spikes
|
|upkeep
|turn|3
|
|t:|1760454122
|switch|p2a: Zamazenta|Zamazenta|100/100
|-damage|p2a: Zamazenta|94/100|[from] Stealth Rock
|-ability|p2a: Zamazenta|Dauntless Shield|boost
|-boost|p2a: Zamazenta|def|1
|move|p1a: Ogerpon|U-turn|p2a: Zamazenta
|-resisted|p2a: Zamazenta
|-damage|p2a: Zamazenta|88/100
|
|t:|1760454139
|switch|p1a: Pecharunt|Pecharunt|100/100|[from] U-turn
|
|-heal|p2a: Zamazenta|94/100|[from] item: Leftovers
|upkeep
|turn|4
|
|t:|1760454270
|move|p1a: Pecharunt|Malignant Chain|p2a: Zamazenta
|-damage|p2a: Zamazenta|62/100
|move|p2a: Zamazenta|Roar|p1a: Pecharunt
|drag|p1a: Moltres|Moltres|100/100
|
|-heal|p2a: Zamazenta|68/100|[from] item: Leftovers
|upkeep
|turn|5
|
|t:|1760454592
|switch|p2a: Latios|Latios, M|100/100
|-damage|p2a: Latios|88/100|[from] Stealth Rock
|move|p1a: Moltres|Will-O-Wisp|p2a: Latios
|-status|p2a: Latios|brn
|
|-damage|p2a: Latios|82/100 brn|[from] brn
|upkeep
|turn|6
|
|t:|1760454744
|move|p2a: Latios|Calm Mind|p2a: Latios
|-boost|p2a: Latios|spa|1
|-boost|p2a: Latios|spd|1
|move|p1a: Moltres|U-turn|p2a: Latios
|-supereffective|p2a: Latios
|-damage|p2a: Latios|41/100 brn
|
|t:|1760454764
|switch|p1a: Ogerpon|Ogerpon-Wellspring, F|54/100|[from] U-turn
|-damage|p1a: Ogerpon|42/100|[from] Spikes
|
|-damage|p2a: Latios|35/100 brn|[from] brn
|upkeep
|turn|7
|
|t:|1760455248
|switch|p1a: Moltres|Moltres|100/100
|move|p2a: Latios|Draco Meteor|p1a: Moltres
|-damage|p1a: Moltres|0 fnt
|-unboost|p2a: Latios|spa|2
|faint|p1a: Moltres
|
|-damage|p2a: Latios|29/100 brn|[from] brn
|upkeep
|
|t:|1760455346
|switch|p1a: Great Tusk|Great Tusk|100/100
|turn|8
|
|t:|1760456322
|-terastallize|p1a: Great Tusk|Steel
|move|p2a: Latios|Recover|p2a: Latios
|-heal|p2a: Latios|79/100 brn
|move|p1a: Great Tusk|Rapid Spin|p2a: Latios
|-damage|p2a: Latios|56/100 brn
|-boost|p1a: Great Tusk|spe|1
|-sideend|p1: Nocturne Nugget|Spikes|[from] move: Rapid Spin|[of] p1a: Great Tusk
|
|-damage|p2a: Latios|50/100 brn|[from] brn
|upkeep
|turn|9
|
|t:|1760456391
|switch|p2a: Zamazenta|Zamazenta|68/100
|-damage|p2a: Zamazenta|62/100|[from] Stealth Rock
|move|p1a: Great Tusk|Knock Off|p2a: Zamazenta
|-resisted|p2a: Zamazenta
|-damage|p2a: Zamazenta|50/100
|-enditem|p2a: Zamazenta|Leftovers|[from] move: Knock Off|[of] p1a: Great Tusk
|
|upkeep
|turn|10
|
|t:|1760456476
|move|p1a: Great Tusk|Headlong Rush|p2a: Zamazenta
|-damage|p2a: Zamazenta|6/100
|-unboost|p1a: Great Tusk|def|1
|-unboost|p1a: Great Tusk|spd|1
|move|p2a: Zamazenta|Body Press|p1a: Great Tusk
|-supereffective|p1a: Great Tusk
|-damage|p1a: Great Tusk|21/100
|
|upkeep
|turn|11
|
|t:|1760456497
|switch|p2a: Landorus|Landorus-Therian, M|100/100
|-damage|p2a: Landorus|88/100|[from] Stealth Rock
|-ability|p2a: Landorus|Intimidate|boost
|-unboost|p1a: Great Tusk|atk|1
|move|p1a: Great Tusk|Ice Spinner|p2a: Landorus
|-supereffective|p2a: Landorus
|-damage|p2a: Landorus|19/100
|-damage|p1a: Great Tusk|4/100|[from] item: Rocky Helmet|[of] p2a: Landorus
|
|upkeep
|turn|12
|
|t:|1760456623
|move|p1a: Great Tusk|Ice Spinner|p2a: Landorus
|-supereffective|p2a: Landorus
|-damage|p2a: Landorus|0 fnt
|-damage|p1a: Great Tusk|0 fnt|[from] item: Rocky Helmet|[of] p2a: Landorus
|faint|p2a: Landorus
|faint|p1a: Great Tusk
|-end|p1a: Great Tusk|Protosynthesis|[silent]
|
|upkeep
|
|t:|1760456666
|switch|p2a: Zamazenta|Zamazenta|6/100
|switch|p1a: Scizor|Scizor, M|100/100
|-damage|p2a: Zamazenta|0 fnt|[from] Stealth Rock
|faint|p2a: Zamazenta
|
|t:|1760456711
|switch|p2a: Pecharunt|Pecharunt|100/100
|turn|13
|
|t:|1760456805
|move|p2a: Pecharunt|Parting Shot|p1a: Scizor
|-unboost|p1a: Scizor|atk|1
|-unboost|p1a: Scizor|spa|1
|
|t:|1760456821
|switch|p2a: Scizor|Scizor, F|100/100|[from] Parting Shot
|move|p1a: Scizor|Swords Dance|p1a: Scizor
|-boost|p1a: Scizor|atk|2
|
|upkeep
|turn|14
|
|t:|1760456866
|move|p2a: Scizor|Knock Off|p1a: Scizor
|-damage|p1a: Scizor|62/100
|-enditem|p1a: Scizor|Life Orb|[from] move: Knock Off|[of] p2a: Scizor
|move|p1a: Scizor|Swords Dance|p1a: Scizor
|-boost|p1a: Scizor|atk|2
|
|upkeep
|turn|15
|
|t:|1760456965
|-terastallize|p2a: Scizor|Electric
|move|p2a: Scizor|Tera Blast|p1a: Scizor|[anim] Tera Blast Electric
|-damage|p1a: Scizor|7/100
|move|p1a: Scizor|Close Combat|p2a: Scizor
|-damage|p2a: Scizor|0 fnt
|-unboost|p1a: Scizor|def|1
|-unboost|p1a: Scizor|spd|1
|faint|p2a: Scizor
|
|upkeep
|
|t:|1760456978
|switch|p2a: Pecharunt|Pecharunt|100/100
|turn|16
|
|t:|1760456983
|move|p1a: Scizor|Bullet Punch|p2a: Pecharunt
|-damage|p2a: Pecharunt|50/100
|move|p2a: Pecharunt|Shadow Ball|p1a: Scizor
|-damage|p1a: Scizor|0 fnt
|faint|p1a: Scizor
|
|upkeep
|
|t:|1760456996
|switch|p1a: Ogerpon|Ogerpon-Wellspring, F|42/100
|turn|17
|
|t:|1760457069
|move|p1a: Ogerpon|Knock Off|p2a: Pecharunt
|-supereffective|p2a: Pecharunt
|-damage|p2a: Pecharunt|4/100
|-enditem|p2a: Pecharunt|Heavy-Duty Boots|[from] move: Knock Off|[of] p1a: Ogerpon
|move|p2a: Pecharunt|Malignant Chain|p1a: Ogerpon
|-supereffective|p1a: Ogerpon
|-damage|p1a: Ogerpon|0 fnt
|faint|p1a: Ogerpon
|
|upkeep
|
|t:|1760457081
|switch|p1a: Landorus|Landorus-Therian, M|69/100
|-ability|p1a: Landorus|Intimidate|boost
|-unboost|p2a: Pecharunt|atk|1
|turn|18
|
|t:|1760457132
|move|p1a: Landorus|U-turn|p2a: Pecharunt
|-resisted|p2a: Pecharunt
|-damage|p2a: Pecharunt|2/100
|
|t:|1760457136
|switch|p1a: Pecharunt|Pecharunt|100/100|[from] U-turn
|move|p2a: Pecharunt|Shadow Ball|p1a: Pecharunt
|-supereffective|p1a: Pecharunt
|-damage|p1a: Pecharunt|39/100
|-unboost|p1a: Pecharunt|spd|1
|
|upkeep
|turn|19
|
|t:|1760457185
|move|p1a: Pecharunt|Malignant Chain|p2a: Pecharunt
|-resisted|p2a: Pecharunt
|-damage|p2a: Pecharunt|0 fnt
|faint|p2a: Pecharunt
|
|upkeep
|
|t:|1760457244
|switch|p2a: Latios|Latios, M|50/100 brn
|-damage|p2a: Latios|37/100 brn|[from] Stealth Rock
|turn|20
|
|t:|1760457251
|move|p2a: Latios|Psychic Noise|p1a: Pecharunt
|-supereffective|p1a: Pecharunt
|-damage|p1a: Pecharunt|0 fnt
|faint|p1a: Pecharunt
|
|-damage|p2a: Latios|31/100 brn|[from] brn
|upkeep
|
|t:|1760457253
|switch|p1a: Landorus|Landorus-Therian, M|69/100
|-ability|p1a: Landorus|Intimidate|boost
|-unboost|p2a: Latios|atk|1
|turn|21
|
|t:|1760457305
|move|p2a: Latios|Draco Meteor|p1a: Landorus
|-damage|p1a: Landorus|0 fnt
|-unboost|p2a: Latios|spa|2
|faint|p1a: Landorus
|
|win|ManLikeAhmed
|l|‽Nocturne Nugget
|player|p1|
