|j|☆wonderfulmasterog
|j|☆sailormooo
|t:|1760412465
|gametype|singles
|player|p1|wonderfulmasterog|psychic|1126
|player|p2|sailormooo|cynthia-anime2|1091
|gen|9
|tier|[Gen 9] OU
|rated|
|rule|HP Percentage Mod: HP is shown in percentages
|rule|Endless Battle Clause: Forcing endless battles is banned
|rule|Species Clause: Limit one of each Pokémon
|rule|OHKO Clause: OHKO moves are banned
|rule|Evasion Items Clause: Evasion items are banned
|rule|Evasion Moves Clause: Evasion moves are banned
|rule|Evasion Abilities Clause: Evasion abilities are banned
|rule|Sleep Moves Clause: Sleep-inducing moves are banned
|clearpoke
|poke|p1|Dunsparce, M|
|poke|p1|Jirachi|
|poke|p1|Feraligatr, M|
|poke|p1|Garganacl, M|
|poke|p1|Deoxys-Speed|
|poke|p1|Alomomola, F|
|poke|p2|Kingdra, F|
|poke|p2|Salamence, F|
|poke|p2|Haxorus, M|
|poke|p2|Goodra, F|
|poke|p2|Dragapult, F|
|poke|p2|Dragalge, F|
|teampreview
|inactive|Battle timer is ON: inactive players will automatically lose when time's up. (requested by wonderfulmasterog)
|
|t:|1760412469
|teamsize|p1|6
|teamsize|p2|6
|start
|switch|p1a: Deoxys|Deoxys-Speed|100/100
|switch|p2a: Kingdra|Kingdra, F, shiny|100/100
|-ability|p1a: Deoxys|Pressure
|turn|1
|
|t:|1760412475
|move|p1a: Deoxys|Trick|p2a: Kingdra
|-activate|p1a: Deoxys|move: Trick|[of] p2a: Kingdra
|-item|p2a: Kingdra|Choice Band|[from] move: Trick
|-item|p1a: Deoxys|Damp Rock|[from] move: Trick
|move|p2a: Kingdra|Rain Dance|p2a: Kingdra
|-weather|RainDance
|
|-weather|RainDance|[upkeep]
|upkeep
|turn|2
|
|t:|1760412483
|switch|p2a: Goodra|Goodra, F, shiny|100/100
|move|p1a: Deoxys|Stealth Rock|p2a: Goodra
|-sidestart|p2: sailormooo|move: Stealth Rock
|
|-weather|RainDance|[upkeep]
|upkeep
|turn|3
|
|t:|1760412488
|move|p1a: Deoxys|Trick|p2a: Goodra
|-activate|p1a: Deoxys|move: Trick|[of] p2a: Goodra
|-item|p2a: Goodra|Damp Rock|[from] move: Trick
|-item|p1a: Deoxys|Assault Vest|[from] move: Trick
|move|p2a: Goodra|Thunder|p1a: Deoxys
|-damage|p1a: Deoxys|71/100
|
|-weather|RainDance|[upkeep]
|upkeep
|turn|4
|
|t:|1760412500
|move|p1a: Deoxys|Night Shade|p2a: Goodra
|-damage|p2a: Goodra|74/100
|move|p2a: Goodra|Thunder|p1a: Deoxys
|-damage|p1a: Deoxys|40/100
|
|-weather|RainDance|[upkeep]
|upkeep
|turn|5
|
|t:|1760412507
|move|p1a: Deoxys|Night Shade|p2a: Goodra
|-damage|p2a: Goodra|48/100
|move|p2a: Goodra|Sludge Bomb|p1a: Deoxys
|-damage|p1a: Deoxys|14/100
|-status|p1a: Deoxys|psn
|
|-weather|none
|-damage|p1a: Deoxys|2/100 psn|[from] psn
|upkeep
|turn|6
|
|t:|1760412517
|move|p1a: Deoxys|Night Shade|p2a: Goodra
|-damage|p2a: Goodra|22/100
|move|p2a: Goodra|Sludge Bomb|p1a: Deoxys
|-damage|p1a: Deoxys|0 fnt
|faint|p1a: Deoxys
|
|upkeep
|
|t:|1760412533
|switch|p1a: Jirachi|Jirachi|100/100
|turn|7
|
|t:|1760412536
|move|p1a: Jirachi|Iron Head|p2a: Goodra
|-damage|p2a: Goodra|0 fnt
|-ability|p2a: Goodra|Gooey
|-unboost|p1a: Jirachi|spe|1
|faint|p2a: Goodra
|
|upkeep
|
|t:|1760412539
|switch|p2a: Salamence|Salamence, F, shiny|100/100
|-damage|p2a: Salamence|76/100|[from] Stealth Rock
|turn|8
|
|t:|1760412544
|move|p2a: Salamence|Dragon Dance|p2a: Salamence
|-boost|p2a: Salamence|atk|1
|-boost|p2a: Salamence|spe|1
|move|p1a: Jirachi|Thunder Wave|p2a: Salamence
|-status|p2a: Salamence|par
|
|upkeep
|turn|9
|
|t:|1760412553
|move|p2a: Salamence|Temper Flare|p1a: Jirachi
|-supereffective|p1a: Jirachi
|-damage|p1a: Jirachi|19/100
|-damage|p2a: Salamence|66/100 par|[from] item: Life Orb
|move|p1a: Jirachi|Cosmic Power|p1a: Jirachi
|-boost|p1a: Jirachi|def|1
|-boost|p1a: Jirachi|spd|1
|
|-heal|p1a: Jirachi|25/100|[from] item: Leftovers
|upkeep
|turn|10
|
|t:|1760412561
|move|p2a: Salamence|Temper Flare|p1a: Jirachi
|-supereffective|p1a: Jirachi
|-damage|p1a: Jirachi|0 fnt
|faint|p1a: Jirachi
|-ability|p2a: Salamence|Moxie|boost
|-boost|p2a: Salamence|atk|1
|-damage|p2a: Salamence|56/100 par|[from] item: Life Orb
|
|upkeep
|
|t:|1760412570
|switch|p1a: Feraligatr|Feraligatr, M, shiny|100/100
|turn|11
|
|t:|1760412576
|move|p1a: Feraligatr|Dragon Dance|p1a: Feraligatr
|-boost|p1a: Feraligatr|atk|1
|-boost|p1a: Feraligatr|spe|1
|cant|p2a: Salamence|par
|
|upkeep
|turn|12
|
|t:|1760412582
|move|p1a: Feraligatr|Ice Fang|p2a: Salamence
|-supereffective|p2a: Salamence
|-damage|p2a: Salamence|0 fnt
|faint|p2a: Salamence
|
|upkeep
|
|t:|1760412586
|switch|p2a: Kingdra|Kingdra, F, shiny|100/100
|-damage|p2a: Kingdra|88/100|[from] Stealth Rock
|turn|13
|
|t:|1760412590
|move|p1a: Feraligatr|Earthquake|p2a: Kingdra
|-damage|p2a: Kingdra|15/100
|-damage|p1a: Feraligatr|91/100|[from] item: Life Orb
|move|p2a: Kingdra|Rain Dance|p2a: Kingdra
|-weather|RainDance
|
|-weather|RainDance|[upkeep]
|upkeep
|turn|14
|
|t:|1760412598
|move|p2a: Kingdra|Rain Dance||[still]
|-fail|p2a: Kingdra
|move|p1a: Feraligatr|Ice Fang|p2a: Kingdra
|-damage|p2a: Kingdra|0 fnt
|faint|p2a: Kingdra
|
|-weather|RainDance|[upkeep]
|upkeep
|
|t:|1760412604
|switch|p2a: Dragapult|Dragapult, F, shiny|100/100
|-damage|p2a: Dragapult|88/100|[from] Stealth Rock
|turn|15
|
|t:|1760412610
|-terastallize|p2a: Dragapult|Bug
|move|p2a: Dragapult|Dragon Dance|p2a: Dragapult
|-boost|p2a: Dragapult|atk|1
|-boost|p2a: Dragapult|spe|1
|move|p1a: Feraligatr|Ice Fang|p2a: Dragapult
|-damage|p2a: Dragapult|14/100
|
|-weather|RainDance|[upkeep]
|upkeep
|turn|16
|
|t:|1760412617
|move|p2a: Dragapult|Dragon Darts|p1a: Feraligatr
|-damage|p1a: Feraligatr|34/100
|-anim|p2a: Dragapult|Dragon Darts|p1a: Feraligatr
|-damage|p1a: Feraligatr|0 fnt
|faint|p1a: Feraligatr
|
|-weather|RainDance|[upkeep]
|upkeep
|
|t:|1760412625
|switch|p1a: Dunsparce|Dunsparce, M, shiny|100/100
|turn|17
|
|t:|1760412627
|move|p2a: Dragapult|Dragon Darts|p1a: Dunsparce
|-damage|p1a: Dunsparce|62/100
|-anim|p2a: Dragapult|Dragon Darts|p1a: Dunsparce
|-damage|p1a: Dunsparce|25/100
|move|p1a: Dunsparce|Coil|p1a: Dunsparce
|-boost|p1a: Dunsparce|atk|1
|-boost|p1a: Dunsparce|def|1
|-boost|p1a: Dunsparce|accuracy|1
|
|-weather|none
|upkeep
|turn|18
|
|t:|1760412637
|move|p2a: Dragapult|Dragon Darts|p1a: Dunsparce
|-damage|p1a: Dunsparce|1/100
|-anim|p2a: Dragapult|Dragon Darts|p1a: Dunsparce
|-damage|p1a: Dunsparce|0 fnt
|faint|p1a: Dunsparce
|
|upkeep
|
|t:|1760412644
|switch|p1a: Alomomola|Alomomola, F, shiny|100/100
|turn|19
|
|t:|1760412647
|move|p2a: Dragapult|Dragon Darts|p1a: Alomomola
|-damage|p1a: Alomomola|67/100
|-anim|p2a: Dragapult|Dragon Darts|p1a: Alomomola
|-damage|p1a: Alomomola|35/100
|move|p1a: Alomomola|Flip Turn|p2a: Dragapult
|-damage|p2a: Dragapult|0 fnt
|faint|p2a: Dragapult
|
|t:|1760412655
|switch|p1a: Garganacl|Garganacl, M, shiny|100/100|[from] Flip Turn
|
|upkeep
|
|t:|1760412656
|switch|p2a: Haxorus|Haxorus, M, shiny|100/100
|-damage|p2a: Haxorus|88/100|[from] Stealth Rock
|turn|20
|
|t:|1760412663
|move|p2a: Haxorus|Dragon Dance|p2a: Haxorus
|-boost|p2a: Haxorus|atk|1
|-boost|p2a: Haxorus|spe|1
|move|p1a: Garganacl|Salt Cure|p2a: Haxorus
|-damage|p2a: Haxorus|69/100
|-start|p2a: Haxorus|Salt Cure
|
|-damage|p2a: Haxorus|57/100|[from] Salt Cure
|upkeep
|turn|21
|
|t:|1760412671
|switch|p1a: Alomomola|Alomomola, F, shiny|69/100
|move|p2a: Haxorus|Scale Shot|p1a: Alomomola
|-damage|p1a: Alomomola|57/100
|-damage|p1a: Alomomola|44/100
|-damage|p1a: Alomomola|33/100
|-damage|p1a: Alomomola|21/100
|-hitcount|p1a: Alomomola|4
|-unboost|p2a: Haxorus|def|1
|-boost|p2a: Haxorus|spe|1
|
|-heal|p1a: Alomomola|27/100|[from] item: Leftovers
|-damage|p2a: Haxorus|45/100|[from] Salt Cure
|upkeep
|turn|22
|
|t:|1760412685
|move|p1a: Alomomola|Protect|p1a: Alomomola
|-singleturn|p1a: Alomomola|Protect
|move|p2a: Haxorus|Scale Shot|p1a: Alomomola
|-activate|p1a: Alomomola|move: Protect
|
|-heal|p1a: Alomomola|33/100|[from] item: Leftovers
|-damage|p2a: Haxorus|33/100|[from] Salt Cure
|upkeep
|turn|23
|
|t:|1760412693
|move|p2a: Haxorus|Scale Shot|p1a: Alomomola
|-damage|p1a: Alomomola|21/100
|-crit|p1a: Alomomola
|-damage|p1a: Alomomola|3/100
|-damage|p1a: Alomomola|0 fnt
|faint|p1a: Alomomola
|-hitcount|p1: Alomomola|3
|-unboost|p2a: Haxorus|def|1
|-boost|p2a: Haxorus|spe|1
|
|-damage|p2a: Haxorus|20/100|[from] Salt Cure
|upkeep
|
|t:|1760412703
|switch|p1a: Garganacl|Garganacl, M, shiny|100/100
|turn|24
|
|t:|1760412705
|move|p2a: Haxorus|Earthquake|p1a: Garganacl
|-supereffective|p1a: Garganacl
|-damage|p1a: Garganacl|1/100
|move|p1a: Garganacl|Curse|p1a: Garganacl
|-unboost|p1a: Garganacl|spe|1
|-boost|p1a: Garganacl|atk|1
|-boost|p1a: Garganacl|def|1
|
|-heal|p1a: Garganacl|7/100|[from] item: Leftovers
|-damage|p2a: Haxorus|8/100|[from] Salt Cure
|upkeep
|turn|25
|-message|wonderfulmasterog forfeited.
|
|win|sailormooo
|raw|wonderfulmasterog's rating: 1126 &rarr; <strong>1098</strong><br />(-28 for losing)
|raw|sailormooo's rating: 1091 &rarr; <strong>1120</strong><br />(+29 for winning)
|l|☆wonderfulmasterog
|player|p1|
|l|☆sailormooo
|player|p2|
