|j|☆Menapai
|j|☆mansonabuluting
|t:|1760308598
|gametype|singles
|player|p1|Menapai|lyra|1765
|player|p2|mansonabuluting|bellelba|1736
|gen|9
|tier|[Gen 9] OU
|rated|
|rule|HP Percentage Mod: HP is shown in percentages
|rule|Endless Battle Clause: Forcing endless battles is banned
|rule|Species Clause: Limit one of each Pokémon
|rule|OHKO Clause: OHKO moves are banned
|rule|Evasion Items Clause: Evasion items are banned
|rule|Evasion Moves Clause: Evasion moves are banned
|rule|Evasion Abilities Clause: Evasion abilities are banned
|rule|Sleep Moves Clause: Sleep-inducing moves are banned
|clearpoke
|poke|p1|Breloom, F|
|poke|p1|Kyurem|
|poke|p1|Gholdengo|
|poke|p1|Kingambit, M|
|poke|p1|Primarina, F|
|poke|p1|Raging Bolt|
|poke|p2|Rillaboom, M|
|poke|p2|Hawlucha, F|
|poke|p2|Thundurus-Therian, M|
|poke|p2|Great Tusk|
|poke|p2|Volcanion|
|poke|p2|Goodra-Hisui, M|
|teampreview
|
|t:|1760308601
|teamsize|p1|6
|teamsize|p2|6
|start
|switch|p1a: Breloom|Breloom, F|100/100
|switch|p2a: Volcanion|Volcanion|100/100
|turn|1
|
|t:|1760308604
|move|p1a: Breloom|Bullet Seed|p2a: Volcanion
|-damage|p2a: Volcanion|78/100
|-damage|p2a: Volcanion|56/100
|-damage|p2a: Volcanion|32/100
|-damage|p2a: Volcanion|7/100
|-damage|p2a: Volcanion|0 fnt
|faint|p2a: Volcanion
|-hitcount|p2: Volcanion|5
|
|upkeep
|
|t:|1760308608
|switch|p2a: Rillaboom|Rillaboom, M|100/100
|-fieldstart|move: Grassy Terrain|[from] ability: Grassy Surge|[of] p2a: Rillaboom
|turn|2
|
|t:|1760308612
|move|p1a: Breloom|Bullet Seed|p2a: Rillaboom
|-resisted|p2a: Rillaboom
|-damage|p2a: Rillaboom|81/100
|-resisted|p2a: Rillaboom
|-damage|p2a: Rillaboom|64/100
|-hitcount|p2a: Rillaboom|2
|move|p2a: Rillaboom|U-turn|p1a: Breloom
|-damage|p1a: Breloom|41/100
|
|t:|1760308618
|switch|p2a: Thundurus|Thundurus-Therian, M|100/100|[from] U-turn
|
|-heal|p1a: Breloom|47/100|[from] Grassy Terrain
|upkeep
|turn|3
|
|t:|1760308621
|move|p2a: Thundurus|Volt Switch|p1a: Breloom
|-resisted|p1a: Breloom
|-damage|p1a: Breloom|6/100
|
|t:|1760308623
|switch|p2a: Great Tusk|Great Tusk|100/100|[from] Volt Switch
|move|p1a: Breloom|Bullet Seed|p2a: Great Tusk
|-supereffective|p2a: Great Tusk
|-crit|p2a: Great Tusk
|-damage|p2a: Great Tusk|44/100
|-supereffective|p2a: Great Tusk
|-damage|p2a: Great Tusk|8/100
|-supereffective|p2a: Great Tusk
|-damage|p2a: Great Tusk|0 fnt
|faint|p2a: Great Tusk
|-end|p2a: Great Tusk|Protosynthesis|[silent]
|-hitcount|p2: Great Tusk|3
|
|-heal|p1a: Breloom|12/100|[from] Grassy Terrain
|upkeep
|
|t:|1760308626
|switch|p2a: Thundurus|Thundurus-Therian, M|100/100
|turn|4
|
|t:|1760308631
|move|p2a: Thundurus|Volt Switch|p1a: Breloom
|-resisted|p1a: Breloom
|-damage|p1a: Breloom|0 fnt
|faint|p1a: Breloom
|
|t:|1760308636
|switch|p2a: Rillaboom|Rillaboom, M|64/100|[from] Volt Switch
|
|-heal|p2a: Rillaboom|70/100|[from] Grassy Terrain
|upkeep
|
|t:|1760308639
|switch|p1a: Kyurem|Kyurem|100/100
|-ability|p1a: Kyurem|Pressure
|turn|5
|
|t:|1760308641
|switch|p2a: Goodra|Goodra-Hisui, M|100/100
|move|p1a: Kyurem|Freeze-Dry|p2a: Goodra
|-damage|p2a: Goodra|85/100
|-status|p2a: Goodra|frz
|
|-heal|p2a: Goodra|91/100 frz|[from] Grassy Terrain
|upkeep
|turn|6
|
|t:|1760308645
|move|p1a: Kyurem|Substitute|p1a: Kyurem
|-start|p1a: Kyurem|Substitute
|-damage|p1a: Kyurem|76/100
|-curestatus|p2a: Goodra|frz|[msg]
|move|p2a: Goodra|Draco Meteor|p1a: Kyurem
|-supereffective|p1a: Kyurem
|-end|p1a: Kyurem|Substitute
|-unboost|p2a: Goodra|spa|2
|
|-heal|p1a: Kyurem|82/100|[from] Grassy Terrain
|-heal|p1a: Kyurem|88/100|[from] item: Leftovers
|-heal|p2a: Goodra|97/100|[from] Grassy Terrain
|-fieldend|move: Grassy Terrain
|upkeep
|turn|7
|inactive|Battle timer is ON: inactive players will automatically lose when time's up. (requested by mansonabuluting)
|
|t:|1760308652
|move|p1a: Kyurem|Substitute|p1a: Kyurem
|-start|p1a: Kyurem|Substitute
|-damage|p1a: Kyurem|63/100
|move|p2a: Goodra|Flash Cannon|p1a: Kyurem
|-supereffective|p1a: Kyurem
|-end|p1a: Kyurem|Substitute
|
|-heal|p1a: Kyurem|69/100|[from] item: Leftovers
|upkeep
|turn|8
|
|t:|1760308661
|move|p1a: Kyurem|Earth Power|p2a: Goodra
|-supereffective|p2a: Goodra
|-damage|p2a: Goodra|69/100
|-unboost|p2a: Goodra|spd|1
|move|p2a: Goodra|Flash Cannon|p1a: Kyurem
|-supereffective|p1a: Kyurem
|-damage|p1a: Kyurem|32/100
|-unboost|p1a: Kyurem|spd|1
|
|-heal|p1a: Kyurem|38/100|[from] item: Leftovers
|upkeep
|turn|9
|
|t:|1760308669
|switch|p2a: Rillaboom|Rillaboom, M|70/100
|-fieldstart|move: Grassy Terrain|[from] ability: Grassy Surge|[of] p2a: Rillaboom
|move|p1a: Kyurem|Freeze-Dry|p2a: Rillaboom
|-supereffective|p2a: Rillaboom
|-damage|p2a: Rillaboom|0 fnt
|faint|p2a: Rillaboom
|
|-heal|p1a: Kyurem|44/100|[from] Grassy Terrain
|-heal|p1a: Kyurem|51/100|[from] item: Leftovers
|upkeep
|
|t:|1760308673
|switch|p2a: Goodra|Goodra-Hisui, M|69/100
|turn|10
|
|t:|1760308676
|move|p1a: Kyurem|Protect|p1a: Kyurem
|-singleturn|p1a: Kyurem|Protect
|move|p2a: Goodra|Flash Cannon|p1a: Kyurem
|-activate|p1a: Kyurem|move: Protect
|
|-heal|p1a: Kyurem|57/100|[from] Grassy Terrain
|-heal|p1a: Kyurem|63/100|[from] item: Leftovers
|-heal|p2a: Goodra|75/100|[from] Grassy Terrain
|upkeep
|turn|11
|
|t:|1760308680
|move|p1a: Kyurem|Substitute|p1a: Kyurem
|-start|p1a: Kyurem|Substitute
|-damage|p1a: Kyurem|38/100
|move|p2a: Goodra|Flamethrower|p1a: Kyurem
|-end|p1a: Kyurem|Substitute
|
|-heal|p1a: Kyurem|44/100|[from] Grassy Terrain
|-heal|p1a: Kyurem|50/100|[from] item: Leftovers
|-heal|p2a: Goodra|81/100|[from] Grassy Terrain
|upkeep
|turn|12
|
|t:|1760308686
|move|p1a: Kyurem|Protect|p1a: Kyurem
|-singleturn|p1a: Kyurem|Protect
|move|p2a: Goodra|Flamethrower|p1a: Kyurem
|-activate|p1a: Kyurem|move: Protect
|
|-heal|p1a: Kyurem|57/100|[from] Grassy Terrain
|-heal|p1a: Kyurem|63/100|[from] item: Leftovers
|-heal|p2a: Goodra|88/100|[from] Grassy Terrain
|upkeep
|turn|13
|
|t:|1760308688
|move|p1a: Kyurem|Substitute|p1a: Kyurem
|-start|p1a: Kyurem|Substitute
|-damage|p1a: Kyurem|38/100
|move|p2a: Goodra|Flash Cannon|p1a: Kyurem
|-supereffective|p1a: Kyurem
|-end|p1a: Kyurem|Substitute
|
|-heal|p1a: Kyurem|44/100|[from] Grassy Terrain
|-heal|p1a: Kyurem|50/100|[from] item: Leftovers
|-heal|p2a: Goodra|94/100|[from] Grassy Terrain
|-fieldend|move: Grassy Terrain
|upkeep
|turn|14
|
|t:|1760308695
|move|p1a: Kyurem|Protect|p1a: Kyurem
|-singleturn|p1a: Kyurem|Protect
|move|p2a: Goodra|Flamethrower|p1a: Kyurem
|-activate|p1a: Kyurem|move: Protect
|
|-heal|p1a: Kyurem|56/100|[from] item: Leftovers
|upkeep
|turn|15
|
|t:|1760308701
|move|p1a: Kyurem|Substitute|p1a: Kyurem
|-start|p1a: Kyurem|Substitute
|-damage|p1a: Kyurem|31/100
|move|p2a: Goodra|Flamethrower|p1a: Kyurem
|-end|p1a: Kyurem|Substitute
|
|-heal|p1a: Kyurem|38/100|[from] item: Leftovers
|upkeep
|turn|16
|j| KappaHalo
|
|t:|1760308706
|move|p1a: Kyurem|Protect|p1a: Kyurem
|-singleturn|p1a: Kyurem|Protect
|move|p2a: Goodra|Flamethrower|p1a: Kyurem
|-activate|p1a: Kyurem|move: Protect
|
|-heal|p1a: Kyurem|44/100|[from] item: Leftovers
|upkeep
|turn|17
|
|t:|1760308711
|move|p1a: Kyurem|Substitute|p1a: Kyurem
|-start|p1a: Kyurem|Substitute
|-damage|p1a: Kyurem|19/100
|move|p2a: Goodra|Flash Cannon|p1a: Kyurem
|-supereffective|p1a: Kyurem
|-end|p1a: Kyurem|Substitute
|
|-heal|p1a: Kyurem|25/100|[from] item: Leftovers
|upkeep
|turn|18
|
|t:|1760308716
|move|p1a: Kyurem|Protect|p1a: Kyurem
|-singleturn|p1a: Kyurem|Protect
|move|p2a: Goodra|Flamethrower|p1a: Kyurem
|-activate|p1a: Kyurem|move: Protect
|
|-heal|p1a: Kyurem|31/100|[from] item: Leftovers
|upkeep
|turn|19
|
|t:|1760308743
|move|p1a: Kyurem|Protect||[still]
|-fail|p1a: Kyurem
|move|p2a: Goodra|Flamethrower|p1a: Kyurem
|-damage|p1a: Kyurem|0 fnt
|faint|p1a: Kyurem
|
|upkeep
|inactive|Menapai has 120 seconds left.
|
|t:|1760308756
|switch|p1a: Kingambit|Kingambit, M|100/100
|-activate|p1a: Kingambit|ability: Supreme Overlord
|-start|p1a: Kingambit|fallen2|[silent]
|turn|20
|
|t:|1760308764
|switch|p2a: Hawlucha|Hawlucha, F|100/100
|move|p1a: Kingambit|Low Kick|p2a: Hawlucha
|-resisted|p2a: Hawlucha
|-damage|p2a: Hawlucha|90/100
|
|upkeep
|turn|21
|
|t:|1760308770
|-end|p1a: Kingambit|fallen2|[silent]
|switch|p1a: Raging Bolt|Raging Bolt|100/100
|-enditem|p1a: Raging Bolt|Booster Energy
|-activate|p1a: Raging Bolt|ability: Protosynthesis|[fromitem]
|-start|p1a: Raging Bolt|protosynthesisspa
|move|p2a: Hawlucha|Close Combat|p1a: Raging Bolt
|-crit|p1a: Raging Bolt
|-damage|p1a: Raging Bolt|29/100
|-unboost|p2a: Hawlucha|def|1
|-unboost|p2a: Hawlucha|spd|1
|
|upkeep
|turn|22
|
|t:|1760308778
|move|p1a: Raging Bolt|Thunderclap||[still]
|-fail|p1a: Raging Bolt
|move|p2a: Hawlucha|Substitute|p2a: Hawlucha
|-start|p2a: Hawlucha|Substitute
|-damage|p2a: Hawlucha|65/100
|
|upkeep
|turn|23
|
|t:|1760308782
|move|p2a: Hawlucha|Close Combat|p1a: Raging Bolt
|-damage|p1a: Raging Bolt|0 fnt
|-unboost|p2a: Hawlucha|def|1
|-unboost|p2a: Hawlucha|spd|1
|faint|p1a: Raging Bolt
|-end|p1a: Raging Bolt|Protosynthesis|[silent]
|
|upkeep
|
|t:|1760308786
|switch|p1a: Primarina|Primarina, F|100/100
|turn|24
|
|t:|1760308798
|switch|p2a: Thundurus|Thundurus-Therian, M|100/100
|move|p1a: Primarina|Psychic Noise|p2a: Thundurus
|-damage|p2a: Thundurus|59/100
|-start|p2a: Thundurus|move: Heal Block
|
|upkeep
|turn|25
|
|t:|1760308805
|move|p2a: Thundurus|Volt Switch|p1a: Primarina
|-supereffective|p1a: Primarina
|-damage|p1a: Primarina|34/100
|
|t:|1760308809
|switch|p2a: Goodra|Goodra-Hisui, M|94/100|[from] Volt Switch
|move|p1a: Primarina|Draining Kiss|p2a: Goodra
|-damage|p2a: Goodra|84/100
|-heal|p1a: Primarina|42/100|[from] drain|[of] p2a: Goodra
|-ability|p2a: Goodra|Gooey
|-unboost|p1a: Primarina|spe|1
|
|-heal|p1a: Primarina|48/100|[from] item: Leftovers
|upkeep
|turn|26
|
|t:|1760308814
|move|p2a: Goodra|Flash Cannon|p1a: Primarina
|-damage|p1a: Primarina|15/100
|move|p1a: Primarina|Calm Mind|p1a: Primarina
|-boost|p1a: Primarina|spa|1
|-boost|p1a: Primarina|spd|1
|
|-heal|p1a: Primarina|21/100|[from] item: Leftovers
|upkeep
|turn|27
|
|t:|1760308819
|move|p2a: Goodra|Flash Cannon|p1a: Primarina
|-damage|p1a: Primarina|0 fnt
|faint|p1a: Primarina
|
|upkeep
|
|t:|1760308827
|switch|p1a: Gholdengo|Gholdengo|100/100
|turn|28
|
|t:|1760308831
|move|p1a: Gholdengo|Nasty Plot|p1a: Gholdengo
|-boost|p1a: Gholdengo|spa|2
|move|p2a: Goodra|Flamethrower|p1a: Gholdengo
|-supereffective|p1a: Gholdengo
|-damage|p1a: Gholdengo|24/100
|
|upkeep
|turn|29
|
|t:|1760308837
|move|p1a: Gholdengo|Make It Rain|p2a: Goodra
|-resisted|p2a: Goodra
|-damage|p2a: Goodra|47/100
|-unboost|p1a: Gholdengo|spa|1
|move|p2a: Goodra|Flamethrower|p1a: Gholdengo
|-supereffective|p1a: Gholdengo
|-damage|p1a: Gholdengo|0 fnt
|faint|p1a: Gholdengo
|
|upkeep
|
|t:|1760308838
|switch|p1a: Kingambit|Kingambit, M|100/100
|-activate|p1a: Kingambit|ability: Supreme Overlord
|-start|p1a: Kingambit|fallen5|[silent]
|turn|30
|
|t:|1760308841
|move|p1a: Kingambit|Low Kick|p2a: Goodra
|-supereffective|p2a: Goodra
|-damage|p2a: Goodra|0 fnt
|-ability|p2a: Goodra|Gooey
|-fail|p1a: Kingambit|unboost|[from] item: Clear Amulet|[of] p1a: Kingambit
|faint|p2a: Goodra
|
|upkeep
|
|t:|1760308851
|switch|p2a: Thundurus|Thundurus-Therian, M|59/100
|turn|31
|
|t:|1760308855
|-terastallize|p1a: Kingambit|Fire
|move|p1a: Kingambit|Sucker Punch||[still]
|-fail|p1a: Kingambit
|move|p2a: Thundurus|Thunder Wave|p1a: Kingambit
|-status|p1a: Kingambit|par
|
|upkeep
|turn|32
|
|t:|1760308860
|move|p2a: Thundurus|Thunder Wave|p1a: Kingambit
|-fail|p1a: Kingambit|par
|move|p1a: Kingambit|Iron Head|p2a: Thundurus
|-resisted|p2a: Thundurus
|-damage|p2a: Thundurus|5/100
|
|upkeep
|turn|33
|
|t:|1760308870
|move|p1a: Kingambit|Sucker Punch||[still]
|-fail|p1a: Kingambit
|move|p2a: Thundurus|Thunder Wave|p1a: Kingambit
|-fail|p1a: Kingambit|par
|
|upkeep
|turn|34
|
|t:|1760308876
|move|p1a: Kingambit|Sucker Punch||[still]
|-fail|p1a: Kingambit
|move|p2a: Thundurus|Thunder Wave|p1a: Kingambit
|-fail|p1a: Kingambit|par
|
|upkeep
|turn|35
|
|t:|1760308882
|move|p1a: Kingambit|Sucker Punch||[still]
|-fail|p1a: Kingambit
|move|p2a: Thundurus|Thunder Wave|p1a: Kingambit
|-fail|p1a: Kingambit|par
|
|upkeep
|turn|36
|
|t:|1760308884
|move|p2a: Thundurus|Thunder Wave|p1a: Kingambit
|-fail|p1a: Kingambit|par
|move|p1a: Kingambit|Iron Head|p2a: Thundurus
|-resisted|p2a: Thundurus
|-damage|p2a: Thundurus|0 fnt
|faint|p2a: Thundurus
|
|upkeep
|
|t:|1760308886
|switch|p2a: Hawlucha|Hawlucha, F|65/100
|turn|37
|
|t:|1760308893
|move|p2a: Hawlucha|Swords Dance|p2a: Hawlucha
|-boost|p2a: Hawlucha|atk|2
|move|p1a: Kingambit|Iron Head|p2a: Hawlucha
|-damage|p2a: Hawlucha|0 fnt
|faint|p2a: Hawlucha
|
|win|Menapai
|raw|Menapai's rating: 1765 &rarr; <strong>1783</strong><br />(+18 for winning)
|raw|mansonabuluting's rating: 1736 &rarr; <strong>1718</strong><br />(-18 for losing)
|l|☆mansonabuluting
|player|p2|
