|j|☆Princessjosie1001!
|j|☆KuroNoTamashi
|t:|1760446474
|gametype|singles
|player|p1|Princessjosie1001!|nurse|1411
|player|p2|KuroNoTamashi|169|1479
|gen|9
|tier|[Gen 9] OU
|rated|
|rule|HP Percentage Mod: HP is shown in percentages
|rule|Endless Battle Clause: Forcing endless battles is banned
|rule|Species Clause: Limit one of each Pokémon
|rule|OHKO Clause: OHKO moves are banned
|rule|Evasion Items Clause: Evasion items are banned
|rule|Evasion Moves Clause: Evasion moves are banned
|rule|Evasion Abilities Clause: Evasion abilities are banned
|rule|Sleep Moves Clause: Sleep-inducing moves are banned
|clearpoke
|poke|p1|Yanmega, M|
|poke|p1|Cloyster, M|
|poke|p1|Salazzle, F|
|poke|p1|Espeon, F|
|poke|p1|Jirachi|
|poke|p1|Maushold-Four|
|poke|p2|Dragapult, F|
|poke|p2|Fezandipiti, M|
|poke|p2|Moltres|
|poke|p2|Alomomola, F|
|poke|p2|Kingambit, M|
|poke|p2|Hatterene, F|
|teampreview
|
|t:|1760446482
|teamsize|p1|6
|teamsize|p2|6
|start
|switch|p1a: Yanmega|Yanmega, M|100/100
|switch|p2a: Dragapult|Dragapult, F, shiny|100/100
|turn|1
|
|t:|1760446488
|move|p1a: Yanmega|Protect|p1a: Yanmega
|-singleturn|p1a: Yanmega|Protect
|move|p2a: Dragapult|Dragon Darts|p1a: Yanmega
|-activate|p1a: Yanmega|move: Protect
|
|-ability|p1a: Yanmega|Speed Boost|boost
|-boost|p1a: Yanmega|spe|1
|upkeep
|turn|2
|
|t:|1760446495
|switch|p2a: Alomomola|Alomomola, F|100/100
|move|p1a: Yanmega|Air Slash|p2a: Alomomola
|-damage|p2a: Alomomola|74/100
|-damage|p1a: Yanmega|91/100|[from] item: Life Orb
|
|-ability|p1a: Yanmega|Speed Boost|boost
|-boost|p1a: Yanmega|spe|1
|upkeep
|turn|3
|
|t:|1760446512
|move|p1a: Yanmega|Air Slash|p2a: Alomomola
|-damage|p2a: Alomomola|48/100
|-damage|p1a: Yanmega|81/100|[from] item: Life Orb
|cant|p2a: Alomomola|flinch
|
|-ability|p1a: Yanmega|Speed Boost|boost
|-boost|p1a: Yanmega|spe|1
|upkeep
|turn|4
|
|t:|1760446519
|move|p1a: Yanmega|Air Slash|p2a: Alomomola
|-damage|p2a: Alomomola|23/100
|-damage|p1a: Yanmega|71/100|[from] item: Life Orb
|cant|p2a: Alomomola|flinch
|
|-ability|p1a: Yanmega|Speed Boost|boost
|-boost|p1a: Yanmega|spe|1
|upkeep
|turn|5
|
|t:|1760446527
|switch|p2a: Hatterene|Hatterene, F|100/100
|move|p1a: Yanmega|Bug Buzz|p2a: Hatterene
|-damage|p2a: Hatterene|41/100
|-damage|p1a: Yanmega|61/100|[from] item: Life Orb
|
|-ability|p1a: Yanmega|Speed Boost|boost
|-boost|p1a: Yanmega|spe|1
|upkeep
|turn|6
|
|t:|1760446536
|switch|p2a: Alomomola|Alomomola, F|56/100
|move|p1a: Yanmega|Bug Buzz|p2a: Alomomola
|-damage|p2a: Alomomola|25/100
|-damage|p1a: Yanmega|51/100|[from] item: Life Orb
|
|-ability|p1a: Yanmega|Speed Boost|boost
|-boost|p1a: Yanmega|spe|1
|upkeep
|turn|7
|
|t:|1760446545
|switch|p2a: Hatterene|Hatterene, F|41/100
|move|p1a: Yanmega|Air Slash|p2a: Hatterene
|-damage|p2a: Hatterene|0 fnt
|faint|p2a: Hatterene
|-damage|p1a: Yanmega|41/100|[from] item: Life Orb
|
|upkeep
|
|t:|1760446548
|switch|p2a: Kingambit|Kingambit, M|100/100
|-activate|p2a: Kingambit|ability: Supreme Overlord
|-start|p2a: Kingambit|fallen1|[silent]
|turn|8
|
|t:|1760446555
|switch|p1a: Salazzle|Salazzle, F|100/100
|move|p2a: Kingambit|Sucker Punch||[still]
|-fail|p2a: Kingambit
|
|upkeep
|turn|9
|
|t:|1760446560
|move|p1a: Salazzle|Flamethrower|p2a: Kingambit
|-supereffective|p2a: Kingambit
|-damage|p2a: Kingambit|31/100
|move|p2a: Kingambit|Kowtow Cleave|p1a: Salazzle
|-enditem|p1a: Salazzle|Focus Sash
|-damage|p1a: Salazzle|1/100
|
|upkeep
|turn|10
|
|t:|1760446568
|-end|p2a: Kingambit|fallen1|[silent]
|switch|p2a: Alomomola|Alomomola, F|59/100
|move|p1a: Salazzle|Toxic|p2a: Alomomola
|-status|p2a: Alomomola|tox
|
|-damage|p2a: Alomomola|53/100 tox|[from] psn
|upkeep
|turn|11
|
|t:|1760446575
|move|p1a: Salazzle|Sludge Wave|p2a: Alomomola
|-damage|p2a: Alomomola|30/100 tox
|move|p2a: Alomomola|Flip Turn|p1a: Salazzle
|-supereffective|p1a: Salazzle
|-damage|p1a: Salazzle|0 fnt
|faint|p1a: Salazzle
|
|t:|1760446578
|switch|p2a: Fezandipiti|Fezandipiti, M|100/100|[from] Flip Turn
|
|upkeep
|
|t:|1760446584
|switch|p1a: Jirachi|Jirachi|100/100
|turn|12
|
|t:|1760446590
|switch|p2a: Moltres|Moltres|100/100
|move|p1a: Jirachi|U-turn|p2a: Moltres
|-resisted|p2a: Moltres
|-damage|p2a: Moltres|97/100
|
|t:|1760446595
|switch|p1a: No hazard allowed|Espeon, F|100/100|[from] U-turn
|
|upkeep
|turn|13
|
|t:|1760446599
|switch|p2a: Alomomola|Alomomola, F|63/100 tox
|move|p1a: No hazard allowed|Psychic|p2a: Alomomola
|-crit|p2a: Alomomola
|-damage|p2a: Alomomola|27/100 tox
|
|-damage|p2a: Alomomola|20/100 tox|[from] psn
|upkeep
|turn|14
|
|t:|1760446606
|switch|p2a: Kingambit|Kingambit, M|31/100
|-activate|p2a: Kingambit|ability: Supreme Overlord
|-start|p2a: Kingambit|fallen1|[silent]
|move|p1a: No hazard allowed|Psychic|p2a: Kingambit
|-immune|p2a: Kingambit
|
|upkeep
|turn|15
|
|t:|1760446616
|switch|p1a: Maushold|Maushold-Four|100/100
|move|p2a: Kingambit|Kowtow Cleave|p1a: Maushold
|-damage|p1a: Maushold|16/100
|
|upkeep
|turn|16
|
|t:|1760446622
|-end|p2a: Kingambit|fallen1|[silent]
|switch|p2a: Moltres|Moltres|97/100
|move|p1a: Maushold|Population Bomb|p2a: Moltres
|-damage|p2a: Moltres|89/100
|-status|p1a: Maushold|brn|[from] ability: Flame Body|[of] p2a: Moltres
|-damage|p2a: Moltres|85/100
|-damage|p2a: Moltres|81/100
|-damage|p2a: Moltres|77/100
|-hitcount|p2a: Moltres|4
|
|-damage|p1a: Maushold|10/100 brn|[from] brn
|upkeep
|turn|17
|
|t:|1760446633
|move|p1a: Maushold|Tidy Up|p1a: Maushold
|-boost|p1a: Maushold|atk|1
|-boost|p1a: Maushold|spe|1
|move|p2a: Moltres|Roost|p2a: Moltres
|-heal|p2a: Moltres|100/100
|-singleturn|p2a: Moltres|move: Roost
|
|-damage|p1a: Maushold|4/100 brn|[from] brn
|upkeep
|turn|18
|
|t:|1760446641
|move|p1a: Maushold|Population Bomb|p2a: Moltres
|-damage|p2a: Moltres|94/100
|-damage|p2a: Moltres|88/100
|-damage|p2a: Moltres|82/100
|-damage|p2a: Moltres|76/100
|-damage|p2a: Moltres|70/100
|-damage|p2a: Moltres|63/100
|-damage|p2a: Moltres|57/100
|-damage|p2a: Moltres|51/100
|-crit|p2a: Moltres
|-damage|p2a: Moltres|42/100
|-damage|p2a: Moltres|36/100
|-hitcount|p2a: Moltres|10
|move|p2a: Moltres|Roost|p2a: Moltres
|-heal|p2a: Moltres|86/100
|-singleturn|p2a: Moltres|move: Roost
|
|-damage|p1a: Maushold|0 fnt|[from] brn
|faint|p1a: Maushold
|upkeep
|
|t:|1760446660
|switch|p1a: Yanmega|Yanmega, M|41/100
|turn|19
|
|t:|1760446665
|move|p1a: Yanmega|Protect|p1a: Yanmega
|-singleturn|p1a: Yanmega|Protect
|move|p2a: Moltres|Flamethrower|p1a: Yanmega
|-activate|p1a: Yanmega|move: Protect
|
|-ability|p1a: Yanmega|Speed Boost|boost
|-boost|p1a: Yanmega|spe|1
|upkeep
|turn|20
|
|t:|1760446672
|move|p1a: Yanmega|Ancient Power|p2a: Moltres
|-supereffective|p2a: Moltres
|-damage|p2a: Moltres|0 fnt
|-boost|p1a: Yanmega|atk|1
|-boost|p1a: Yanmega|def|1
|-boost|p1a: Yanmega|spa|1
|-boost|p1a: Yanmega|spd|1
|-boost|p1a: Yanmega|spe|1
|faint|p2a: Moltres
|-damage|p1a: Yanmega|31/100|[from] item: Life Orb
|
|-ability|p1a: Yanmega|Speed Boost|boost
|-boost|p1a: Yanmega|spe|1
|upkeep
|
|t:|1760446676
|switch|p2a: Kingambit|Kingambit, M|31/100
|-activate|p2a: Kingambit|ability: Supreme Overlord
|-start|p2a: Kingambit|fallen2|[silent]
|turn|21
|
|t:|1760446684
|move|p2a: Kingambit|Sucker Punch|p1a: Yanmega
|-damage|p1a: Yanmega|0 fnt
|faint|p1a: Yanmega
|
|upkeep
|
|t:|1760446689
|switch|p1a: No hazard allowed|Espeon, F|100/100
|turn|22
|
|t:|1760446693
|-end|p2a: Kingambit|fallen2|[silent]
|switch|p2a: Alomomola|Alomomola, F|54/100 tox
|move|p1a: No hazard allowed|Trick|p2a: Alomomola
|-activate|p1a: No hazard allowed|move: Trick|[of] p2a: Alomomola
|-item|p2a: Alomomola|Choice Scarf|[from] move: Trick
|-item|p1a: No hazard allowed|Assault Vest|[from] move: Trick
|
|-damage|p2a: Alomomola|48/100 tox|[from] psn
|upkeep
|turn|23
|
|t:|1760446700
|move|p1a: No hazard allowed|Psychic|p2a: Alomomola
|-damage|p2a: Alomomola|8/100 tox
|-unboost|p2a: Alomomola|spd|1
|move|p2a: Alomomola|Flip Turn|p1a: No hazard allowed
|-damage|p1a: No hazard allowed|66/100
|
|t:|1760446703
|switch|p2a: Dragapult|Dragapult, F, shiny|100/100|[from] Flip Turn
|
|upkeep
|turn|24
|
|t:|1760446709
|move|p2a: Dragapult|U-turn|p1a: No hazard allowed
|-supereffective|p1a: No hazard allowed
|-damage|p1a: No hazard allowed|0 fnt
|faint|p1a: No hazard allowed
|
|t:|1760446715
|switch|p2a: Kingambit|Kingambit, M|31/100|[from] U-turn
|-activate|p2a: Kingambit|ability: Supreme Overlord
|-start|p2a: Kingambit|fallen2|[silent]
|
|upkeep
|
|t:|1760446720
|switch|p1a: Cloyster|Cloyster, M|100/100
|turn|25
|
|t:|1760446723
|move|p1a: Cloyster|Shell Smash|p1a: Cloyster
|-unboost|p1a: Cloyster|def|1
|-unboost|p1a: Cloyster|spd|1
|-boost|p1a: Cloyster|atk|2
|-boost|p1a: Cloyster|spa|2
|-boost|p1a: Cloyster|spe|2
|move|p2a: Kingambit|Low Kick|p1a: Cloyster
|-supereffective|p1a: Cloyster
|-enditem|p1a: Cloyster|Focus Sash
|-damage|p1a: Cloyster|1/100
|
|upkeep
|turn|26
|
|t:|1760446733
|move|p2a: Kingambit|Sucker Punch||[still]
|-fail|p2a: Kingambit
|move|p1a: Cloyster|Shell Smash|p1a: Cloyster
|-unboost|p1a: Cloyster|def|1
|-unboost|p1a: Cloyster|spd|1
|-boost|p1a: Cloyster|atk|2
|-boost|p1a: Cloyster|spa|2
|-boost|p1a: Cloyster|spe|2
|
|upkeep
|turn|27
|
|t:|1760446741
|-terastallize|p1a: Cloyster|Ice
|move|p1a: Cloyster|Ice Shard|p2a: Kingambit
|-resisted|p2a: Kingambit
|-damage|p2a: Kingambit|2/100
|move|p2a: Kingambit|Sucker Punch||[still]
|-fail|p2a: Kingambit
|
|upkeep
|turn|28
|
|t:|1760446747
|move|p1a: Cloyster|Ice Shard|p2a: Kingambit
|-resisted|p2a: Kingambit
|-damage|p2a: Kingambit|0 fnt
|faint|p2a: Kingambit
|-end|p2a: Kingambit|fallen2|[silent]
|
|upkeep
|
|t:|1760446749
|switch|p2a: Dragapult|Dragapult, F, shiny|100/100
|turn|29
|
|t:|1760446753
|-terastallize|p2a: Dragapult|Ghost
|move|p1a: Cloyster|Ice Shard|p2a: Dragapult
|-damage|p2a: Dragapult|7/100
|move|p2a: Dragapult|Sucker Punch||[still]
|-fail|p2a: Dragapult
|
|upkeep
|turn|30
|-message|KuroNoTamashi forfeited.
|
|win|Princessjosie1001!
|raw|Princessjosie1001!'s rating: 1411 &rarr; <strong>1435</strong><br />(+24 for winning)
|raw|KuroNoTamashi's rating: 1479 &rarr; <strong>1455</strong><br />(-24 for losing)
|l|☆KuroNoTamashi
|player|p2|
|l|☆Princessjosie1001!
|player|p1|
