|j|☆SSJ Kil
|j|☆Mr.Vcard
|t:|1760304972
|gametype|singles
|player|p1|SSJ Kil|n|1572
|player|p2|Mr.Vcard|102|1540
|gen|9
|tier|[Gen 9] OU
|rated|
|rule|HP Percentage Mod: HP is shown in percentages
|rule|Endless Battle Clause: Forcing endless battles is banned
|rule|Species Clause: Limit one of each Pokémon
|rule|OHKO Clause: OHKO moves are banned
|rule|Evasion Items Clause: Evasion items are banned
|rule|Evasion Moves Clause: Evasion moves are banned
|rule|Evasion Abilities Clause: Evasion abilities are banned
|rule|Sleep Moves Clause: Sleep-inducing moves are banned
|clearpoke
|poke|p1|Zoroark-Hisui, F|
|poke|p1|Corviknight, F|
|poke|p1|Ogerpon-Wellspring, F|
|poke|p1|Sandy Shocks|
|poke|p1|Lokix, M|
|poke|p1|Cinderace, M|
|poke|p2|Landorus-Therian, M|
|poke|p2|Sinistcha|
|poke|p2|Tinkaton, F|
|poke|p2|Moltres|
|poke|p2|Samurott-Hisui, M|
|poke|p2|Hydreigon, M|
|teampreview
|inactive|Battle timer is ON: inactive players will automatically lose when time's up. (requested by SSJ Kil)
|
|t:|1760304994
|teamsize|p1|6
|teamsize|p2|6
|start
|switch|p1a: Cinderace|Cinderace, M, shiny|100/100
|switch|p2a: Enten|Landorus-Therian, M, shiny|100/100
|-ability|p2a: Enten|Intimidate|boost
|-unboost|p1a: Cinderace|atk|1
|turn|1
|
|t:|1760304998
|switch|p1a: Corviknight|Corviknight, F|100/100
|-ability|p1a: Corviknight|Pressure
|move|p2a: Enten|Earthquake|p1a: Corviknight
|-immune|p1a: Corviknight
|
|upkeep
|turn|2
|
|t:|1760305003
|switch|p2a: Phoenix|Moltres, shiny|100/100
|move|p1a: Corviknight|U-turn|p2a: Phoenix
|-resisted|p2a: Phoenix
|-damage|p2a: Phoenix|97/100
|
|t:|1760305008
|switch|p1a: Ogerpon|Ogerpon-Wellspring, F|100/100|[from] U-turn
|
|upkeep
|turn|3
|
|t:|1760305018
|switch|p2a: Hybrid|Hydreigon, M, shiny|100/100
|move|p1a: Ogerpon|Shadow Ball|p2a: Hybrid
|-resisted|p2a: Hybrid
|-damage|p2a: Hybrid|66/100
|
|upkeep
|turn|4
|
|t:|1760305025
|switch|p1a: Lokix|Lokix, M|100/100
|move|p2a: Hybrid|Draco Meteor|p1a: Lokix
|-damage|p1a: Lokix|0 fnt
|-unboost|p2a: Hybrid|spa|2
|faint|p1a: Lokix
|
|upkeep
|
|t:|1760305038
|switch|p1a: Sandy Shocks|Sandy Shocks|100/100
|turn|5
|
|t:|1760305043
|move|p1a: Sandy Shocks|Stealth Rock|p2a: Hybrid
|-sidestart|p2: Mr.Vcard|move: Stealth Rock
|move|p2a: Hybrid|Draco Meteor|p1a: Sandy Shocks|[miss]
|-miss|p2a: Hybrid|p1a: Sandy Shocks
|
|upkeep
|turn|6
|
|t:|1760305049
|move|p1a: Sandy Shocks|Tera Blast|p2a: Hybrid
|-damage|p2a: Hybrid|37/100
|move|p2a: Hybrid|Draco Meteor|p1a: Sandy Shocks
|-damage|p1a: Sandy Shocks|38/100
|-unboost|p2a: Hybrid|spa|2
|
|upkeep
|turn|7
|
|t:|1760305055
|switch|p2a: Sagittarius|Sinistcha, shiny|100/100
|move|p1a: Sandy Shocks|Volt Switch|p2a: Sagittarius
|-resisted|p2a: Sagittarius
|-damage|p2a: Sagittarius|79/100
|
|t:|1760305057
|-end|p1a: Sandy Shocks|Protosynthesis|[silent]
|switch|p1a: Ogerpon|Ogerpon-Wellspring, F|100/100|[from] Volt Switch
|
|upkeep
|turn|8
|
|t:|1760305061
|switch|p2a: Jack Sparrow|Samurott-Hisui, M, shiny|100/100
|move|p1a: Ogerpon|Shadow Ball|p2a: Jack Sparrow
|-resisted|p2a: Jack Sparrow
|-damage|p2a: Jack Sparrow|56/100
|-unboost|p2a: Jack Sparrow|spd|1
|
|upkeep
|turn|9
|
|t:|1760305064
|move|p2a: Jack Sparrow|Sucker Punch|p1a: Ogerpon
|-supereffective|p1a: Ogerpon
|-damage|p1a: Ogerpon|0 fnt
|replace|p1a: Zoroark|Zoroark-Hisui, F, shiny
|-end|p1a: Zoroark|Illusion
|faint|p1a: Zoroark
|
|upkeep
|
|t:|1760305067
|switch|p1a: Cinderace|Cinderace, M, shiny|100/100
|turn|10
|
|t:|1760305079
|switch|p2a: Phoenix|Moltres, shiny|97/100
|move|p1a: Cinderace|U-turn|p2a: Phoenix
|-start|p1a: Cinderace|typechange|Bug|[from] ability: Libero
|-resisted|p2a: Phoenix
|-damage|p2a: Phoenix|90/100
|
|t:|1760305096
|switch|p1a: Sandy Shocks|Sandy Shocks|38/100|[from] U-turn
|
|upkeep
|turn|11
|
|t:|1760305109
|switch|p2a: Sagittarius|Sinistcha, shiny|79/100
|-terastallize|p1a: Sandy Shocks|Ice
|move|p1a: Sandy Shocks|Tera Blast|p2a: Sagittarius|[anim] Tera Blast Ice
|-supereffective|p2a: Sagittarius
|-damage|p2a: Sagittarius|0 fnt
|faint|p2a: Sagittarius
|
|upkeep
|
|t:|1760305125
|switch|p2a: Smile.exe|Tinkaton, F, shiny|100/100
|-damage|p2a: Smile.exe|94/100|[from] Stealth Rock
|-item|p2a: Smile.exe|Air Balloon
|turn|12
|
|t:|1760305129
|move|p1a: Sandy Shocks|Volt Switch|p2a: Smile.exe
|-damage|p2a: Smile.exe|60/100
|-enditem|p2a: Smile.exe|Air Balloon
|
|t:|1760305133
|-end|p1a: Sandy Shocks|Protosynthesis|[silent]
|switch|p1a: Corviknight|Corviknight, F|100/100|[from] Volt Switch
|-ability|p1a: Corviknight|Pressure
|move|p2a: Smile.exe|Gigaton Hammer|p1a: Corviknight
|-resisted|p1a: Corviknight
|-damage|p1a: Corviknight|83/100
|
|upkeep
|turn|13
|
|t:|1760305136
|move|p2a: Smile.exe|Stealth Rock|p1a: Corviknight
|-sidestart|p1: SSJ Kil|move: Stealth Rock
|move|p1a: Corviknight|Body Press|p2a: Smile.exe
|-damage|p2a: Smile.exe|26/100
|-enditem|p1a: Corviknight|Rocky Helmet|[silent]|[from] ability: Pickpocket|[of] p1a: Corviknight
|-item|p2a: Smile.exe|Rocky Helmet|[from] ability: Pickpocket|[of] p1a: Corviknight
|
|upkeep
|turn|14
|
|t:|1760305143
|switch|p2a: Phoenix|Moltres, shiny|90/100
|move|p1a: Corviknight|U-turn|p2a: Phoenix
|-resisted|p2a: Phoenix
|-damage|p2a: Phoenix|87/100
|
|t:|1760305144
|switch|p1a: Sandy Shocks|Sandy Shocks, tera:Ice|38/100|[from] U-turn
|
|upkeep
|turn|15
|
|t:|1760305150
|-terastallize|p2a: Phoenix|Fairy
|move|p1a: Sandy Shocks|Volt Switch|p2a: Phoenix
|-damage|p2a: Phoenix|56/100
|
|t:|1760305159
|-end|p1a: Sandy Shocks|Protosynthesis|[silent]
|switch|p1a: Cinderace|Cinderace, M, shiny|100/100|[from] Volt Switch
|-damage|p1a: Cinderace|76/100|[from] Stealth Rock
|move|p2a: Phoenix|Flamethrower|p1a: Cinderace
|-resisted|p1a: Cinderace
|-damage|p1a: Cinderace|49/100
|
|upkeep
|turn|16
|
|t:|1760305175
|switch|p2a: Smile.exe|Tinkaton, F, shiny|26/100
|-damage|p2a: Smile.exe|20/100|[from] Stealth Rock
|move|p1a: Cinderace|U-turn|p2a: Smile.exe
|-start|p1a: Cinderace|typechange|Bug|[from] ability: Libero
|-resisted|p2a: Smile.exe
|-damage|p2a: Smile.exe|10/100
|-damage|p1a: Cinderace|32/100|[from] item: Rocky Helmet|[of] p2a: Smile.exe
|
|t:|1760305177
|switch|p1a: Sandy Shocks|Sandy Shocks, tera:Ice|38/100|[from] U-turn
|
|upkeep
|turn|17
|
|t:|1760305185
|move|p1a: Sandy Shocks|Tera Blast|p2a: Smile.exe|[anim] Tera Blast Ice
|-resisted|p2a: Smile.exe
|-damage|p2a: Smile.exe|0 fnt
|faint|p2a: Smile.exe
|
|upkeep
|
|t:|1760305188
|switch|p2a: Jack Sparrow|Samurott-Hisui, M, shiny|56/100
|turn|18
|
|t:|1760305192
|-end|p1a: Sandy Shocks|Protosynthesis|[silent]
|switch|p1a: Corviknight|Corviknight, F|83/100
|-damage|p1a: Corviknight|71/100|[from] Stealth Rock
|-ability|p1a: Corviknight|Pressure
|move|p2a: Jack Sparrow|Ceaseless Edge|p1a: Corviknight
|-damage|p1a: Corviknight|40/100
|-sidestart|p1: SSJ Kil|Spikes
|
|upkeep
|turn|19
|
|t:|1760305199
|move|p2a: Jack Sparrow|Ceaseless Edge|p1a: Corviknight
|-damage|p1a: Corviknight|8/100
|-sidestart|p1: SSJ Kil|Spikes
|move|p1a: Corviknight|Roost|p1a: Corviknight
|-heal|p1a: Corviknight|58/100
|-singleturn|p1a: Corviknight|move: Roost
|
|upkeep
|turn|20
|
|t:|1760305203
|move|p2a: Jack Sparrow|Ceaseless Edge|p1a: Corviknight
|-damage|p1a: Corviknight|27/100
|-sidestart|p1: SSJ Kil|Spikes
|move|p1a: Corviknight|Roost|p1a: Corviknight
|-heal|p1a: Corviknight|77/100
|-singleturn|p1a: Corviknight|move: Roost
|
|upkeep
|turn|21
|
|t:|1760305206
|move|p2a: Jack Sparrow|Ceaseless Edge|p1a: Corviknight
|-damage|p1a: Corviknight|46/100
|move|p1a: Corviknight|Defog|p2a: Jack Sparrow
|-unboost|p2a: Jack Sparrow|evasion|1
|-sideend|p2: Mr.Vcard|Stealth Rock|[from] move: Defog|[of] p1a: Corviknight
|-sideend|p1: SSJ Kil|Spikes|[from] move: Defog|[of] p1a: Corviknight
|-sideend|p1: SSJ Kil|Stealth Rock|[from] move: Defog|[of] p1a: Corviknight
|
|upkeep
|turn|22
|
|t:|1760305211
|move|p2a: Jack Sparrow|Ceaseless Edge|p1a: Corviknight
|-damage|p1a: Corviknight|17/100
|-sidestart|p1: SSJ Kil|Spikes
|move|p1a: Corviknight|Roost|p1a: Corviknight
|-heal|p1a: Corviknight|67/100
|-singleturn|p1a: Corviknight|move: Roost
|
|upkeep
|turn|23
|
|t:|1760305216
|move|p2a: Jack Sparrow|Ceaseless Edge|p1a: Corviknight
|-damage|p1a: Corviknight|36/100
|-sidestart|p1: SSJ Kil|Spikes
|move|p1a: Corviknight|Roost|p1a: Corviknight
|-heal|p1a: Corviknight|86/100
|-singleturn|p1a: Corviknight|move: Roost
|
|upkeep
|turn|24
|
|t:|1760305233
|move|p2a: Jack Sparrow|Flip Turn|p1a: Corviknight
|-damage|p1a: Corviknight|66/100
|
|t:|1760305239
|switch|p2a: Phoenix|Moltres, shiny, tera:Fairy|56/100|[from] Flip Turn
|move|p1a: Corviknight|Defog|p2a: Phoenix
|-unboost|p2a: Phoenix|evasion|1
|-sideend|p1: SSJ Kil|Spikes|[from] move: Defog|[of] p1a: Corviknight
|
|upkeep
|turn|25
|
|t:|1760305241
|move|p2a: Phoenix|Flamethrower|p1a: Corviknight
|-supereffective|p1a: Corviknight
|-damage|p1a: Corviknight|0 fnt
|faint|p1a: Corviknight
|
|upkeep
|
|t:|1760305249
|switch|p1a: Cinderace|Cinderace, M, shiny|32/100
|turn|26
|
|t:|1760305258
|move|p1a: Cinderace|U-turn|p2a: Phoenix
|-start|p1a: Cinderace|typechange|Bug|[from] ability: Libero
|-resisted|p2a: Phoenix
|-damage|p2a: Phoenix|43/100
|
|t:|1760305260
|switch|p1a: Ogerpon|Ogerpon-Wellspring, F|100/100|[from] U-turn
|move|p2a: Phoenix|Roost|p2a: Phoenix
|-heal|p2a: Phoenix|93/100
|
|upkeep
|turn|27
|
|t:|1760305266
|move|p1a: Ogerpon|Encore|p2a: Phoenix
|-start|p2a: Phoenix|Encore
|move|p2a: Phoenix|Roost|p2a: Phoenix
|-heal|p2a: Phoenix|100/100
|
|upkeep
|turn|28
|
|t:|1760305282
|switch|p2a: Hybrid|Hydreigon, M, shiny|37/100
|move|p1a: Ogerpon|U-turn|p2a: Hybrid
|-supereffective|p2a: Hybrid
|-damage|p2a: Hybrid|0 fnt
|faint|p2a: Hybrid
|
|t:|1760305292
|switch|p1a: Cinderace|Cinderace, M, shiny|32/100|[from] U-turn
|
|upkeep
|
|t:|1760305305
|switch|p2a: Jack Sparrow|Samurott-Hisui, M, shiny|56/100
|turn|29
|
|t:|1760305309
|switch|p1a: Ogerpon|Ogerpon-Wellspring, F|100/100
|move|p2a: Jack Sparrow|Sucker Punch||[still]
|-fail|p2a: Jack Sparrow
|
|upkeep
|turn|30
|
|t:|1760305314
|switch|p2a: Enten|Landorus-Therian, M, shiny|100/100
|-ability|p2a: Enten|Intimidate|boost
|-unboost|p1a: Ogerpon|atk|1
|move|p1a: Ogerpon|Ivy Cudgel|p2a: Enten|[anim] Ivy Cudgel Water
|-supereffective|p2a: Enten
|-crit|p2a: Enten
|-damage|p2a: Enten|0 fnt
|faint|p2a: Enten
|
|upkeep
|
|t:|1760305330
|switch|p2a: Jack Sparrow|Samurott-Hisui, M, shiny|56/100
|turn|31
|
|t:|1760305332
|move|p1a: Ogerpon|Horn Leech|p2a: Jack Sparrow
|-supereffective|p2a: Jack Sparrow
|-damage|p2a: Jack Sparrow|0 fnt
|faint|p2a: Jack Sparrow
|
|upkeep
|
|t:|1760305334
|switch|p2a: Phoenix|Moltres, shiny, tera:Fairy|100/100
|turn|32
|
|t:|1760305339
|move|p1a: Ogerpon|Ivy Cudgel|p2a: Phoenix|[anim] Ivy Cudgel Water
|-damage|p2a: Phoenix|69/100
|move|p2a: Phoenix|Flamethrower|p1a: Ogerpon
|-damage|p1a: Ogerpon|53/100
|
|upkeep
|turn|33
|
|t:|1760305344
|move|p1a: Ogerpon|Encore|p2a: Phoenix
|-start|p2a: Phoenix|Encore
|move|p2a: Phoenix|Flamethrower|p1a: Ogerpon
|-damage|p1a: Ogerpon|6/100
|
|upkeep
|turn|34
|
|t:|1760305346
|move|p1a: Ogerpon|Ivy Cudgel|p2a: Phoenix|[anim] Ivy Cudgel Water
|-damage|p2a: Phoenix|36/100
|move|p2a: Phoenix|Flamethrower|p1a: Ogerpon
|-damage|p1a: Ogerpon|0 fnt
|faint|p1a: Ogerpon
|
|upkeep
|
|t:|1760305349
|switch|p1a: Cinderace|Cinderace, M, shiny|32/100
|turn|35
|
|t:|1760305351
|move|p1a: Cinderace|Pyro Ball|p2a: Phoenix
|-damage|p2a: Phoenix|0 fnt
|faint|p2a: Phoenix
|
|win|SSJ Kil
|raw|SSJ Kil's rating: 1572 &rarr; <strong>1590</strong><br />(+18 for winning)
|raw|Mr.Vcard's rating: 1540 &rarr; <strong>1522</strong><br />(-18 for losing)
|l|☆SSJ Kil
|player|p1|
|l|☆Mr.Vcard
|player|p2|
