|j|☆Down$hift
|j|☆dr. drake6782
|t:|1760389092
|gametype|singles
|player|p1|Down$hift|jessiejames-gen1|1699
|player|p2|dr. drake6782|hilbert-masters|1702
|gen|9
|tier|[Gen 9] OU
|rated|
|rule|HP Percentage Mod: HP is shown in percentages
|rule|Endless Battle Clause: Forcing endless battles is banned
|rule|Species Clause: Limit one of each Pokémon
|rule|OHKO Clause: OHKO moves are banned
|rule|Evasion Items Clause: Evasion items are banned
|rule|Evasion Moves Clause: Evasion moves are banned
|rule|Evasion Abilities Clause: Evasion abilities are banned
|rule|Sleep Moves Clause: Sleep-inducing moves are banned
|clearpoke
|poke|p1|Hoopa-Unbound|
|poke|p1|Zapdos|
|poke|p1|Dragapult, F|
|poke|p1|Fezandipiti, M|
|poke|p1|Alomomola, F|
|poke|p1|Great Tusk|
|poke|p2|Pelipper, M|
|poke|p2|Tornadus-Therian, M|
|poke|p2|Iron Treads|
|poke|p2|Decidueye-Hisui, F|
|poke|p2|Barraskewda, F|
|poke|p2|Raging Bolt|
|teampreview
|inactive|Battle timer is ON: inactive players will automatically lose when time's up. (requested by dr. drake6782)
|inactive|Down$hift also wants the timer to be on.
|c|☆Down$hift|hf
|c|☆dr. drake6782|u2 mate
|c|☆dr. drake6782|gotcha
|inactive|dr. drake6782 has 120 seconds left.
|
|t:|1760389123
|teamsize|p1|6
|teamsize|p2|6
|start
|switch|p1a: EVERYDAY I PRAY|Alomomola, F|100/100
|switch|p2a: Pelipper|Pelipper, M|100/100
|-weather|RainDance|[from] ability: Drizzle|[of] p2a: Pelipper
|turn|1
|
|t:|1760389126
|move|p2a: Pelipper|U-turn|p1a: EVERYDAY I PRAY
|-damage|p1a: EVERYDAY I PRAY|95/100
|
|t:|1760389131
|switch|p2a: Raging Bolt|Raging Bolt|100/100|[from] U-turn
|-enditem|p2a: Raging Bolt|Booster Energy
|-activate|p2a: Raging Bolt|ability: Protosynthesis|[fromitem]
|-start|p2a: Raging Bolt|protosynthesisspa
|move|p1a: EVERYDAY I PRAY|Flip Turn|p2a: Raging Bolt
|-resisted|p2a: Raging Bolt
|-damage|p2a: Raging Bolt|89/100
|
|t:|1760389143
|switch|p1a: POINT OF VIEW|Fezandipiti, M|100/100|[from] Flip Turn
|
|-weather|RainDance|[upkeep]
|upkeep
|turn|2
|
|t:|1760389151
|move|p1a: POINT OF VIEW|Beat Up|p2a: Raging Bolt
|-crit|p2a: Raging Bolt
|-damage|p2a: Raging Bolt|85/100
|-status|p2a: Raging Bolt|tox|[from] ability: Toxic Chain|[of] p1a: POINT OF VIEW
|-damage|p2a: Raging Bolt|81/100 tox
|-damage|p2a: Raging Bolt|77/100 tox
|-damage|p2a: Raging Bolt|74/100 tox
|-crit|p2a: Raging Bolt
|-damage|p2a: Raging Bolt|67/100 tox
|-damage|p2a: Raging Bolt|63/100 tox
|-hitcount|p2a: Raging Bolt|6
|move|p2a: Raging Bolt|Thunder|p1a: POINT OF VIEW
|-damage|p1a: POINT OF VIEW|42/100
|-status|p1a: POINT OF VIEW|par
|
|-weather|RainDance|[upkeep]
|-damage|p2a: Raging Bolt|57/100 tox|[from] psn
|upkeep
|turn|3
|
|t:|1760389168
|move|p2a: Raging Bolt|Thunder|p1a: POINT OF VIEW
|-damage|p1a: POINT OF VIEW|0 fnt
|faint|p1a: POINT OF VIEW
|
|-weather|RainDance|[upkeep]
|-damage|p2a: Raging Bolt|44/100 tox|[from] psn
|upkeep
|
|t:|1760389174
|switch|p1a: SUICIDE DOORS|Great Tusk|100/100
|turn|4
|
|t:|1760389182
|-end|p2a: Raging Bolt|Protosynthesis|[silent]
|switch|p2a: Tornadus|Tornadus-Therian, M|100/100
|move|p1a: SUICIDE DOORS|Ice Spinner|p2a: Tornadus
|-supereffective|p2a: Tornadus
|-damage|p2a: Tornadus|36/100
|
|-weather|RainDance|[upkeep]
|upkeep
|turn|5
|
|t:|1760389186
|-end|p1a: SUICIDE DOORS|Protosynthesis|[silent]
|switch|p1a: STARS IN YOUR EYES|Zapdos|100/100
|move|p2a: Tornadus|Hurricane|p1a: STARS IN YOUR EYES
|-resisted|p1a: STARS IN YOUR EYES
|-damage|p1a: STARS IN YOUR EYES|60/100
|-start|p1a: STARS IN YOUR EYES|confusion
|
|-weather|RainDance|[upkeep]
|upkeep
|turn|6
|
|t:|1760389192
|switch|p2a: Iron Treads|Iron Treads|100/100
|-activate|p1a: STARS IN YOUR EYES|confusion
|move|p1a: STARS IN YOUR EYES|Roost|p1a: STARS IN YOUR EYES
|-heal|p1a: STARS IN YOUR EYES|100/100
|-singleturn|p1a: STARS IN YOUR EYES|move: Roost
|
|-weather|RainDance|[upkeep]
|upkeep
|turn|7
|
|t:|1760389195
|switch|p1a: EVERYDAY I PRAY|Alomomola, F|100/100
|move|p2a: Iron Treads|Stealth Rock|p1a: EVERYDAY I PRAY
|-sidestart|p1: Down$hift|move: Stealth Rock
|
|-weather|RainDance|[upkeep]
|upkeep
|turn|8
|
|t:|1760389198
|move|p2a: Iron Treads|Knock Off|p1a: EVERYDAY I PRAY
|-damage|p1a: EVERYDAY I PRAY|85/100
|-enditem|p1a: EVERYDAY I PRAY|Covert Cloak|[from] move: Knock Off|[of] p2a: Iron Treads
|move|p1a: EVERYDAY I PRAY|Flip Turn|p2a: Iron Treads
|-supereffective|p2a: Iron Treads
|-damage|p2a: Iron Treads|63/100
|
|t:|1760389200
|switch|p1a: SUICIDE DOORS|Great Tusk|100/100|[from] Flip Turn
|
|-weather|none
|-heal|p2a: Iron Treads|69/100|[from] item: Leftovers
|upkeep
|turn|9
|
|t:|1760389208
|-terastallize|p2a: Iron Treads|Ghost
|move|p1a: SUICIDE DOORS|Stealth Rock|p2a: Iron Treads
|-sidestart|p2: dr. drake6782|move: Stealth Rock
|move|p2a: Iron Treads|Earthquake|p1a: SUICIDE DOORS
|-damage|p1a: SUICIDE DOORS|78/100
|
|-heal|p2a: Iron Treads|75/100|[from] item: Leftovers
|upkeep
|turn|10
|
|t:|1760389212
|move|p1a: SUICIDE DOORS|Headlong Rush|p2a: Iron Treads
|-damage|p2a: Iron Treads|34/100
|-unboost|p1a: SUICIDE DOORS|def|1
|-unboost|p1a: SUICIDE DOORS|spd|1
|move|p2a: Iron Treads|Rapid Spin|p1a: SUICIDE DOORS
|-damage|p1a: SUICIDE DOORS|66/100
|-boost|p2a: Iron Treads|spe|1
|-sideend|p2: dr. drake6782|Stealth Rock|[from] move: Rapid Spin|[of] p2a: Iron Treads
|
|-heal|p2a: Iron Treads|40/100|[from] item: Leftovers
|upkeep
|turn|11
|
|t:|1760389221
|move|p2a: Iron Treads|Earthquake|p1a: SUICIDE DOORS
|-damage|p1a: SUICIDE DOORS|30/100
|move|p1a: SUICIDE DOORS|Headlong Rush|p2a: Iron Treads
|-damage|p2a: Iron Treads|4/100
|-unboost|p1a: SUICIDE DOORS|def|1
|-unboost|p1a: SUICIDE DOORS|spd|1
|
|-heal|p2a: Iron Treads|10/100|[from] item: Leftovers
|upkeep
|turn|12
|
|t:|1760389225
|-end|p1a: SUICIDE DOORS|Protosynthesis|[silent]
|switch|p1a: EVERYDAY I PRAY|Alomomola, F|100/100
|-damage|p1a: EVERYDAY I PRAY|88/100|[from] Stealth Rock
|move|p2a: Iron Treads|Earthquake|p1a: EVERYDAY I PRAY
|-damage|p1a: EVERYDAY I PRAY|66/100
|
|-heal|p2a: Iron Treads|16/100|[from] item: Leftovers
|upkeep
|turn|13
|
|t:|1760389230
|move|p2a: Iron Treads|Earthquake|p1a: EVERYDAY I PRAY
|-damage|p1a: EVERYDAY I PRAY|45/100
|move|p1a: EVERYDAY I PRAY|Wish|p1a: EVERYDAY I PRAY
|
|-heal|p2a: Iron Treads|22/100|[from] item: Leftovers
|upkeep
|turn|14
|
|t:|1760389238
|-end|p2a: Iron Treads|Quark Drive|[silent]
|switch|p2a: Pelipper|Pelipper, M|100/100
|-weather|RainDance|[from] ability: Drizzle|[of] p2a: Pelipper
|move|p1a: EVERYDAY I PRAY|Flip Turn|p2a: Pelipper
|-resisted|p2a: Pelipper
|-crit|p2a: Pelipper
|-damage|p2a: Pelipper|87/100
|
|t:|1760389242
|switch|p1a: SUICIDE DOORS|Great Tusk|30/100|[from] Flip Turn
|
|-weather|RainDance|[upkeep]
|-heal|p1a: SUICIDE DOORS|84/100|[from] move: Wish|[wisher] EVERYDAY I PRAY
|upkeep
|turn|15
|
|t:|1760389249
|-end|p1a: SUICIDE DOORS|Protosynthesis|[silent]
|switch|p1a: EVERYDAY I PRAY|Alomomola, F|78/100
|-damage|p1a: EVERYDAY I PRAY|66/100|[from] Stealth Rock
|move|p2a: Pelipper|Surf|p1a: EVERYDAY I PRAY
|-resisted|p1a: EVERYDAY I PRAY
|-damage|p1a: EVERYDAY I PRAY|46/100
|
|-weather|RainDance|[upkeep]
|upkeep
|turn|16
|
|t:|1760389253
|move|p2a: Pelipper|Hurricane|p1a: EVERYDAY I PRAY
|-damage|p1a: EVERYDAY I PRAY|11/100
|move|p1a: EVERYDAY I PRAY|Wish|p1a: EVERYDAY I PRAY
|
|-weather|RainDance|[upkeep]
|upkeep
|turn|17
|
|t:|1760389263
|switch|p1a: LOOKING4 V3|Hoopa-Unbound|100/100
|-damage|p1a: LOOKING4 V3|88/100|[from] Stealth Rock
|move|p2a: Pelipper|Hurricane|p1a: LOOKING4 V3
|-damage|p1a: LOOKING4 V3|69/100
|-start|p1a: LOOKING4 V3|confusion
|
|-weather|RainDance|[upkeep]
|-heal|p1a: LOOKING4 V3|100/100|[from] move: Wish|[wisher] EVERYDAY I PRAY
|upkeep
|turn|18
|
|t:|1760389268
|-activate|p1a: LOOKING4 V3|confusion
|-damage|p1a: LOOKING4 V3|79/100|[from] confusion
|move|p2a: Pelipper|U-turn|p1a: LOOKING4 V3
|-supereffective|p1a: LOOKING4 V3
|-damage|p1a: LOOKING4 V3|21/100
|
|t:|1760389270
|switch|p2a: Barraskewda|Barraskewda, F, shiny|100/100|[from] U-turn
|
|-weather|RainDance|[upkeep]
|upkeep
|turn|19
|-message|Down$hift forfeited.
|
|win|dr. drake6782
|raw|Down$hift's rating: 1699 &rarr; <strong>1679</strong><br />(-20 for losing)
|raw|dr. drake6782's rating: 1702 &rarr; <strong>1722</strong><br />(+20 for winning)
|l|☆Down$hift
|player|p1|
