|j|‽dedark
|j|☆Desperadoswthlime
|t:|1760441357
|gametype|singles
|player|p1|dedark|giovanni|1162
|player|p2|Desperadoswthlime|fisherman-gen4|1128
|gen|9
|tier|[Gen 9] OU
|rated|
|rule|HP Percentage Mod: HP is shown in percentages
|rule|Endless Battle Clause: Forcing endless battles is banned
|rule|Species Clause: Limit one of each Pokémon
|rule|OHKO Clause: OHKO moves are banned
|rule|Evasion Items Clause: Evasion items are banned
|rule|Evasion Moves Clause: Evasion moves are banned
|rule|Evasion Abilities Clause: Evasion abilities are banned
|rule|Sleep Moves Clause: Sleep-inducing moves are banned
|clearpoke
|poke|p1|Meowscarada, F|
|poke|p1|Hydreigon, F|
|poke|p1|Bisharp, M|
|poke|p1|Samurott-Hisui, M|
|poke|p1|Sableye, M|
|poke|p1|Muk-Alola, M|
|poke|p2|Latios, M|
|poke|p2|Electrode|
|poke|p2|Tyranitar, M|
|poke|p2|Glimmet, M|
|poke|p2|Drilbur, M|
|poke|p2|Blastoise, M|
|teampreview
|
|t:|1760441369
|teamsize|p1|6
|teamsize|p2|6
|start
|switch|p1a: Samurott|Samurott-Hisui, M|100/100
|switch|p2a: coochie|Glimmet, M|100/100
|turn|1
|
|t:|1760441382
|move|p1a: Samurott|Aqua Cutter|p2a: coochie
|-supereffective|p2a: coochie
|-enditem|p2a: coochie|Focus Sash
|-damage|p2a: coochie|1/100
|-activate|p2a: coochie|ability: Toxic Debris
|-sidestart|p1: dedark|move: Toxic Spikes
|move|p2a: coochie|Stealth Rock|p1a: Samurott
|-sidestart|p1: dedark|move: Stealth Rock
|
|upkeep
|turn|2
|
|t:|1760441399
|switch|p2a: bowserfart.gif|Blastoise, M|100/100
|move|p1a: Samurott|Aqua Cutter|p2a: bowserfart.gif
|-resisted|p2a: bowserfart.gif
|-crit|p2a: bowserfart.gif
|-damage|p2a: bowserfart.gif|58/100
|
|upkeep
|turn|3
|
|t:|1760441418
|move|p1a: Samurott|Ceaseless Edge|p2a: bowserfart.gif|[miss]
|-miss|p1a: Samurott|p2a: bowserfart.gif
|move|p2a: bowserfart.gif|Shell Smash|p2a: bowserfart.gif
|-unboost|p2a: bowserfart.gif|def|1
|-unboost|p2a: bowserfart.gif|spd|1
|-boost|p2a: bowserfart.gif|atk|2
|-boost|p2a: bowserfart.gif|spa|2
|-boost|p2a: bowserfart.gif|spe|2
|
|upkeep
|turn|4
|
|t:|1760441460
|move|p2a: bowserfart.gif|Tera Blast|p1a: Samurott
|-damage|p1a: Samurott|35/100
|move|p1a: Samurott|Ceaseless Edge|p2a: bowserfart.gif
|-damage|p2a: bowserfart.gif|0 fnt
|-sidestart|p2: Desperadoswthlime|Spikes
|faint|p2a: bowserfart.gif
|
|upkeep
|
|t:|1760441478
|switch|p2a: left testicle|Electrode|100/100
|-damage|p2a: left testicle|88/100|[from] Spikes
|turn|5
|
|t:|1760441486
|switch|p1a: Muk|Muk-Alola, M|100/100
|-sideend|p1: dedark|move: Toxic Spikes|[of] p1a: Muk
|-damage|p1a: Muk|88/100|[from] Stealth Rock
|move|p2a: left testicle|Discharge|p1a: Muk
|-damage|p1a: Muk|67/100
|-status|p1a: Muk|par
|
|upkeep
|turn|6
|
|t:|1760441505
|move|p2a: left testicle|Discharge|p1a: Muk
|-damage|p1a: Muk|47/100 par
|move|p1a: Muk|Drain Punch|p2a: left testicle
|-damage|p2a: left testicle|59/100
|-heal|p1a: Muk|57/100 par|[from] drain|[of] p2a: left testicle
|
|upkeep
|turn|7
|
|t:|1760441513
|switch|p2a: The king|Drilbur, M, shiny|100/100
|-damage|p2a: The king|88/100|[from] Spikes
|move|p1a: Muk|Drain Punch|p2a: The king
|-damage|p2a: The king|37/100
|-heal|p1a: Muk|73/100 par|[from] drain|[of] p2a: The king
|
|upkeep
|turn|8
|
|t:|1760441529
|switch|p1a: Sableye|Sableye, M|100/100
|-damage|p1a: Sableye|88/100|[from] Stealth Rock
|move|p2a: The king|X-Scissor|p1a: Sableye
|-damage|p1a: Sableye|56/100
|
|-heal|p1a: Sableye|62/100|[from] item: Leftovers
|upkeep
|turn|9
|
|t:|1760441538
|move|p2a: The king|X-Scissor|p1a: Sableye
|-damage|p1a: Sableye|31/100
|move|p1a: Sableye|Night Shade|p2a: The king
|-damage|p2a: The king|0 fnt
|faint|p2a: The king
|
|-heal|p1a: Sableye|37/100|[from] item: Leftovers
|upkeep
|
|t:|1760441553
|switch|p2a: they wont know|Tyranitar, M|100/100
|-damage|p2a: they wont know|88/100|[from] Spikes
|-weather|Sandstorm|[from] ability: Sand Stream|[of] p2a: they wont know
|turn|10
|
|t:|1760441599
|move|p1a: Sableye|Recover|p1a: Sableye
|-heal|p1a: Sableye|87/100
|move|p2a: they wont know|Flamethrower|p1a: Sableye
|-damage|p1a: Sableye|50/100
|
|-weather|Sandstorm|[upkeep]
|-damage|p1a: Sableye|43/100|[from] Sandstorm
|-heal|p1a: Sableye|50/100|[from] item: Leftovers
|upkeep
|turn|11
|
|t:|1760441608
|move|p2a: they wont know|Thunderbolt|p1a: Sableye
|-damage|p1a: Sableye|16/100
|move|p1a: Sableye|Night Shade|p2a: they wont know
|-damage|p2a: they wont know|63/100
|
|-weather|Sandstorm|[upkeep]
|-damage|p1a: Sableye|10/100|[from] Sandstorm
|-heal|p1a: Sableye|16/100|[from] item: Leftovers
|upkeep
|turn|12
|
|t:|1760441617
|move|p1a: Sableye|Recover|p1a: Sableye
|-heal|p1a: Sableye|66/100
|move|p2a: they wont know|Power Gem|p1a: Sableye
|-crit|p1a: Sableye
|-damage|p1a: Sableye|0 fnt
|faint|p1a: Sableye
|
|-weather|Sandstorm|[upkeep]
|upkeep
|
|t:|1760441627
|switch|p1a: Samurott|Samurott-Hisui, M|35/100
|-damage|p1a: Samurott|23/100|[from] Stealth Rock
|turn|13
|
|t:|1760441631
|move|p1a: Samurott|Sacred Sword|p2a: they wont know
|-supereffective|p2a: they wont know
|-damage|p2a: they wont know|0 fnt
|faint|p2a: they wont know
|
|-weather|Sandstorm|[upkeep]
|-damage|p1a: Samurott|16/100|[from] Sandstorm
|upkeep
|
|t:|1760441641
|switch|p2a: coochie|Glimmet, M|1/100
|-damage|p2a: coochie|0 fnt|[from] Spikes
|faint|p2a: coochie
|
|t:|1760441645
|switch|p2a: left testicle|Electrode|59/100
|-damage|p2a: left testicle|46/100|[from] Spikes
|turn|14
|
|t:|1760441651
|move|p1a: Samurott|Sucker Punch|p2a: left testicle
|-damage|p2a: left testicle|0 fnt
|-damage|p1a: Samurott|0 fnt|[from] ability: Aftermath|[of] p2a: left testicle
|faint|p2a: left testicle
|faint|p1a: Samurott
|
|-weather|none
|upkeep
|
|t:|1760441658
|switch|p2a: mayano top gun|Latios, M|100/100
|switch|p1a: Meowscarada|Meowscarada, F|100/100
|-damage|p1a: Meowscarada|88/100|[from] Stealth Rock
|turn|15
|
|t:|1760441680
|-terastallize|p2a: mayano top gun|Ice
|move|p2a: mayano top gun|Ice Beam|p1a: Meowscarada
|-supereffective|p1a: Meowscarada
|-damage|p1a: Meowscarada|0 fnt
|faint|p1a: Meowscarada
|
|upkeep
|
|t:|1760441685
|switch|p1a: Bisharp|Bisharp, M, shiny|100/100
|-damage|p1a: Bisharp|94/100|[from] Stealth Rock
|turn|16
|
|t:|1760441690
|move|p2a: mayano top gun|Ice Beam|p1a: Bisharp
|-resisted|p1a: Bisharp
|-damage|p1a: Bisharp|74/100
|move|p1a: Bisharp|Iron Head|p2a: mayano top gun
|-supereffective|p2a: mayano top gun
|-damage|p2a: mayano top gun|0 fnt
|faint|p2a: mayano top gun
|
|win|dedark
|raw|dedark's rating: 1162 &rarr; <strong>1185</strong><br />(+23 for winning)
|raw|Desperadoswthlime's rating: 1128 &rarr; <strong>1105</strong><br />(-23 for losing)
|l|☆Desperadoswthlime
|player|p2|
