|j|☆ryansindoors
|j|☆TheGreenWeed
|t:|1760415941
|gametype|singles
|player|p1|ryansindoors|jupiter|1321
|player|p2|TheGreenWeed|sailor|1308
|gen|9
|tier|[Gen 9] OU
|rated|
|rule|HP Percentage Mod: HP is shown in percentages
|rule|Endless Battle Clause: Forcing endless battles is banned
|rule|Species Clause: Limit one of each Pokémon
|rule|OHKO Clause: OHKO moves are banned
|rule|Evasion Items Clause: Evasion items are banned
|rule|Evasion Moves Clause: Evasion moves are banned
|rule|Evasion Abilities Clause: Evasion abilities are banned
|rule|Sleep Moves Clause: Sleep-inducing moves are banned
|clearpoke
|poke|p1|Ceruledge, F|
|poke|p1|Chesnaught, M|
|poke|p1|Latias, F|
|poke|p1|Great Tusk|
|poke|p1|Gholdengo|
|poke|p1|Moltres|
|poke|p2|Torkoal, M|
|poke|p2|Great Tusk|
|poke|p2|Deoxys-Defense|
|poke|p2|Ceruledge, F|
|poke|p2|Walking Wake|
|poke|p2|Enamorus, F|
|teampreview
|inactive|Battle timer is ON: inactive players will automatically lose when time's up. (requested by TheGreenWeed)
|
|t:|1760415969
|teamsize|p1|6
|teamsize|p2|6
|start
|switch|p1a: Chesnaught|Chesnaught, M|100/100
|switch|p2a: KQE-1J-23|Deoxys-Defense|100/100
|-ability|p2a: KQE-1J-23|Pressure
|turn|1
|
|t:|1760415978
|move|p2a: KQE-1J-23|Trick|p1a: Chesnaught
|-activate|p2a: KQE-1J-23|move: Trick|[of] p1a: Chesnaught
|-item|p1a: Chesnaught|Choice Scarf|[from] move: Trick
|-item|p2a: KQE-1J-23|Rocky Helmet|[from] move: Trick
|move|p1a: Chesnaught|Knock Off|p2a: KQE-1J-23
|-supereffective|p2a: KQE-1J-23
|-damage|p2a: KQE-1J-23|59/100
|-damage|p1a: Chesnaught|84/100|[from] item: Rocky Helmet|[of] p2a: KQE-1J-23
|-enditem|p2a: KQE-1J-23|Rocky Helmet|[from] move: Knock Off|[of] p1a: Chesnaught
|
|upkeep
|turn|2
|
|t:|1760415995
|switch|p1a: Gholdengo|Gholdengo|100/100
|move|p2a: KQE-1J-23|Psycho Boost|p1a: Gholdengo
|-resisted|p1a: Gholdengo
|-damage|p1a: Gholdengo|79/100
|-unboost|p2a: KQE-1J-23|spa|2
|
|upkeep
|turn|3
|
|t:|1760416006
|move|p1a: Gholdengo|Trick|p2a: KQE-1J-23
|-activate|p1a: Gholdengo|move: Trick|[of] p2a: KQE-1J-23
|-item|p2a: KQE-1J-23|Choice Scarf|[from] move: Trick
|-enditem|p1a: Gholdengo|Choice Scarf|[silent]|[from] move: Trick
|move|p2a: KQE-1J-23|Teleport|p2a: KQE-1J-23
|
|t:|1760416011
|switch|p2a: Liusault|Torkoal, M|100/100|[from] Teleport
|-weather|SunnyDay|[from] ability: Drought|[of] p2a: Liusault
|
|-weather|SunnyDay|[upkeep]
|upkeep
|turn|4
|
|t:|1760416018
|switch|p1a: Ceruledge|Ceruledge, F|100/100
|move|p2a: Liusault|Stealth Rock|p1a: Ceruledge
|-sidestart|p1: ryansindoors|move: Stealth Rock
|
|-weather|SunnyDay|[upkeep]
|upkeep
|turn|5
|
|t:|1760416026
|move|p1a: Ceruledge|Poltergeist|p2a: Liusault
|-activate|p2a: Liusault|move: Poltergeist|Heat Rock
|-damage|p2a: Liusault|37/100
|move|p2a: Liusault|Earth Power|p1a: Ceruledge
|-supereffective|p1a: Ceruledge
|-damage|p1a: Ceruledge|43/100
|
|-weather|SunnyDay|[upkeep]
|upkeep
|turn|6
|
|t:|1760416033
|move|p1a: Ceruledge|Poltergeist|p2a: Liusault
|-activate|p2a: Liusault|move: Poltergeist|Heat Rock
|-damage|p2a: Liusault|0 fnt
|faint|p2a: Liusault
|
|-weather|SunnyDay|[upkeep]
|upkeep
|
|t:|1760416038
|switch|p2a: Kim's Ceruledge|Ceruledge, F|100/100
|turn|7
|
|t:|1760416041
|move|p2a: Kim's Ceruledge|Shadow Sneak|p1a: Ceruledge
|-supereffective|p1a: Ceruledge
|-damage|p1a: Ceruledge|0 fnt
|faint|p1a: Ceruledge
|
|-weather|SunnyDay|[upkeep]
|upkeep
|
|t:|1760416052
|switch|p1a: Great Tusk|Great Tusk|100/100
|-damage|p1a: Great Tusk|98/100|[from] Stealth Rock
|-activate|p1a: Great Tusk|ability: Protosynthesis
|-start|p1a: Great Tusk|protosynthesisdef
|turn|8
|
|t:|1760416065
|switch|p2a: Enamorus|Enamorus, F|100/100
|-terastallize|p1a: Great Tusk|Water
|move|p1a: Great Tusk|Earthquake|p2a: Enamorus
|-immune|p2a: Enamorus
|
|-weather|SunnyDay|[upkeep]
|-heal|p1a: Great Tusk|100/100|[from] item: Leftovers
|upkeep
|turn|9
|
|t:|1760416071
|move|p2a: Enamorus|Springtide Storm|p1a: Great Tusk
|-damage|p1a: Great Tusk|25/100
|move|p1a: Great Tusk|Rapid Spin|p2a: Enamorus
|-damage|p2a: Enamorus|79/100
|-boost|p1a: Great Tusk|spe|1
|-sideend|p1: ryansindoors|Stealth Rock|[from] move: Rapid Spin|[of] p1a: Great Tusk
|
|-weather|SunnyDay|[upkeep]
|-heal|p1a: Great Tusk|31/100|[from] item: Leftovers
|-heal|p2a: Enamorus|85/100|[from] item: Leftovers
|upkeep
|turn|10
|
|t:|1760416082
|-end|p1a: Great Tusk|Protosynthesis|[silent]
|switch|p1a: Latias|Latias, F|100/100
|move|p2a: Enamorus|Tailwind|p2a: Enamorus
|-sidestart|p2: TheGreenWeed|move: Tailwind
|
|-weather|none
|-heal|p2a: Enamorus|92/100|[from] item: Leftovers
|upkeep
|turn|11
|
|t:|1760416096
|move|p2a: Enamorus|Springtide Storm|p1a: Latias
|-supereffective|p1a: Latias
|-damage|p1a: Latias|9/100
|-unboost|p1a: Latias|atk|1
|-enditem|p1a: Latias|Weakness Policy
|-boost|p1a: Latias|atk|2|[from] item: Weakness Policy
|-boost|p1a: Latias|spa|2|[from] item: Weakness Policy
|move|p1a: Latias|Calm Mind|p1a: Latias
|-boost|p1a: Latias|spa|1
|-boost|p1a: Latias|spd|1
|
|-heal|p2a: Enamorus|98/100|[from] item: Leftovers
|upkeep
|turn|12
|
|t:|1760416105
|move|p2a: Enamorus|Springtide Storm|p1a: Latias
|-supereffective|p1a: Latias
|-damage|p1a: Latias|0 fnt
|faint|p1a: Latias
|
|-heal|p2a: Enamorus|100/100|[from] item: Leftovers
|upkeep
|
|t:|1760416109
|switch|p1a: Gholdengo|Gholdengo|79/100
|turn|13
|
|t:|1760416113
|move|p2a: Enamorus|Earth Power|p1a: Gholdengo
|-supereffective|p1a: Gholdengo
|-damage|p1a: Gholdengo|0 fnt
|faint|p1a: Gholdengo
|
|-sideend|p2: TheGreenWeed|move: Tailwind
|upkeep
|-message|ryansindoors forfeited.
|
|win|TheGreenWeed
|raw|ryansindoors's rating: 1321 &rarr; <strong>1300</strong><br />(-21 for losing)
|raw|TheGreenWeed's rating: 1308 &rarr; <strong>1329</strong><br />(+21 for winning)
|l|☆ryansindoors
|player|p1|
|l|☆TheGreenWeed
|player|p2|
