|j|☆leoleboo
|j|☆Kopecora
|t:|1760346149
|gametype|singles
|player|p1|leoleboo|acetrainercouple|1099
|player|p2|Kopecora|266|1130
|gen|9
|tier|[Gen 9] OU
|rated|
|rule|HP Percentage Mod: HP is shown in percentages
|rule|Endless Battle Clause: Forcing endless battles is banned
|rule|Species Clause: Limit one of each Pokémon
|rule|OHKO Clause: OHKO moves are banned
|rule|Evasion Items Clause: Evasion items are banned
|rule|Evasion Moves Clause: Evasion moves are banned
|rule|Evasion Abilities Clause: Evasion abilities are banned
|rule|Sleep Moves Clause: Sleep-inducing moves are banned
|clearpoke
|poke|p1|Slowking, F|
|poke|p1|Goodra-Hisui, M|
|poke|p1|Toxapex, F|
|poke|p1|Noctowl, F|
|poke|p1|Clefable, F|
|poke|p1|Trevenant, F|
|poke|p2|Dusclops, M|
|poke|p2|Milotic, F|
|poke|p2|Ursaluna, M|
|poke|p2|Reuniclus, F|
|poke|p2|Dragonite, F|
|poke|p2|Frosmoth, F|
|teampreview
|
|t:|1760346166
|teamsize|p1|6
|teamsize|p2|6
|start
|switch|p1a: Toxapex|Toxapex, F|100/100
|switch|p2a: Reuniclus|Reuniclus, F|100/100
|turn|1
|
|t:|1760346193
|move|p1a: Toxapex|Toxic|p2a: Reuniclus
|-status|p2a: Reuniclus|tox
|move|p2a: Reuniclus|Psychic|p1a: Toxapex
|-supereffective|p1a: Toxapex
|-damage|p1a: Toxapex|0 fnt
|faint|p1a: Toxapex
|
|upkeep
|
|t:|1760346211
|switch|p1a: Trevenant|Trevenant, F|100/100
|turn|2
|
|t:|1760346217
|move|p1a: Trevenant|Shadow Claw|p2a: Reuniclus
|-supereffective|p2a: Reuniclus
|-crit|p2a: Reuniclus
|-damage|p2a: Reuniclus|0 fnt
|faint|p2a: Reuniclus
|
|upkeep
|
|t:|1760346230
|switch|p2a: Frosmoth|Frosmoth, F|100/100
|turn|3
|
|t:|1760346266
|switch|p1a: Goodra|Goodra-Hisui, M|100/100
|move|p2a: Frosmoth|Quiver Dance|p2a: Frosmoth
|-boost|p2a: Frosmoth|spa|1
|-boost|p2a: Frosmoth|spd|1
|-boost|p2a: Frosmoth|spe|1
|
|upkeep
|turn|4
|
|t:|1760346280
|-terastallize|p2a: Frosmoth|Water
|move|p2a: Frosmoth|Quiver Dance|p2a: Frosmoth
|-boost|p2a: Frosmoth|spa|1
|-boost|p2a: Frosmoth|spd|1
|-boost|p2a: Frosmoth|spe|1
|move|p1a: Goodra|Iron Head|p2a: Frosmoth
|-resisted|p2a: Frosmoth
|-damage|p2a: Frosmoth|80/100
|
|upkeep
|turn|5
|
|t:|1760346297
|move|p2a: Frosmoth|Quiver Dance|p2a: Frosmoth
|-boost|p2a: Frosmoth|spa|1
|-boost|p2a: Frosmoth|spd|1
|-boost|p2a: Frosmoth|spe|1
|move|p1a: Goodra|Body Slam|p2a: Frosmoth
|-damage|p2a: Frosmoth|52/100
|
|upkeep
|turn|6
|
|t:|1760346307
|move|p2a: Frosmoth|Giga Drain|p1a: Goodra
|-ability|p1a: Goodra|Sap Sipper|boost
|-boost|p1a: Goodra|atk|1
|move|p1a: Goodra|Body Slam|p2a: Frosmoth
|-damage|p2a: Frosmoth|10/100
|-status|p2a: Frosmoth|par
|
|upkeep
|turn|7
|
|t:|1760346318
|move|p2a: Frosmoth|Bug Buzz|p1a: Goodra
|-resisted|p1a: Goodra
|-damage|p1a: Goodra|72/100
|move|p1a: Goodra|Body Slam|p2a: Frosmoth
|-damage|p2a: Frosmoth|0 fnt
|faint|p2a: Frosmoth
|
|-heal|p1a: Goodra|78/100|[from] item: Leftovers
|upkeep
|
|t:|1760346329
|switch|p2a: Dusclops|Dusclops, M|100/100
|-ability|p2a: Dusclops|Pressure
|turn|8
|
|t:|1760346350
|move|p1a: Goodra|Iron Head|p2a: Dusclops
|-damage|p2a: Dusclops|75/100
|move|p2a: Dusclops|Curse|p1a: Goodra
|-start|p1a: Goodra|Curse|[of] p2a: Dusclops
|-damage|p2a: Dusclops|25/100
|
|-heal|p1a: Goodra|84/100|[from] item: Leftovers
|-damage|p1a: Goodra|59/100|[from] Curse
|upkeep
|turn|9
|
|t:|1760346364
|switch|p1a: Noctowl|Noctowl, F|100/100
|move|p2a: Dusclops|Trick Room|p2a: Dusclops
|-fieldstart|move: Trick Room|[of] p2a: Dusclops
|
|upkeep
|turn|10
|
|t:|1760346375
|move|p2a: Dusclops|Will-O-Wisp|p1a: Noctowl
|-status|p1a: Noctowl|brn
|move|p1a: Noctowl|Air Slash|p2a: Dusclops|[miss]
|-miss|p1a: Noctowl|p2a: Dusclops
|
|-damage|p1a: Noctowl|94/100 brn|[from] brn
|upkeep
|turn|11
|
|t:|1760346383
|move|p2a: Dusclops|Night Shade|p1a: Noctowl
|-immune|p1a: Noctowl
|move|p1a: Noctowl|Air Slash|p2a: Dusclops
|-damage|p2a: Dusclops|14/100
|
|-damage|p1a: Noctowl|88/100 brn|[from] brn
|upkeep
|turn|12
|
|t:|1760346389
|move|p2a: Dusclops|Curse|p1a: Noctowl
|-start|p1a: Noctowl|Curse|[of] p2a: Dusclops
|-damage|p2a: Dusclops|0 fnt
|faint|p2a: Dusclops
|move|p1a: Noctowl|Air Slash|p2: Dusclops|[notarget]
|-fail|p1a: Noctowl
|
|-damage|p1a: Noctowl|82/100 brn|[from] brn
|-damage|p1a: Noctowl|57/100 brn|[from] Curse
|upkeep
|
|t:|1760346398
|switch|p2a: Ursaluna|Ursaluna, M|100/100
|turn|13
|
|t:|1760346414
|move|p2a: Ursaluna|Facade|p1a: Noctowl
|-damage|p1a: Noctowl|17/100 brn
|move|p1a: Noctowl|Reflect|p1a: Noctowl
|-sidestart|p1: leoleboo|Reflect
|
|-damage|p1a: Noctowl|10/100 brn|[from] brn
|-damage|p1a: Noctowl|0 fnt|[from] Curse
|faint|p1a: Noctowl
|-fieldend|move: Trick Room
|-status|p2a: Ursaluna|brn|[from] item: Flame Orb
|upkeep
|
|t:|1760346445
|switch|p1a: Trevenant|Trevenant, F|100/100
|turn|14
|
|t:|1760346454
|switch|p2a: Dragonite|Dragonite, F|100/100
|move|p1a: Trevenant|Wood Hammer|p2a: Dragonite
|-resisted|p2a: Dragonite
|-crit|p2a: Dragonite
|-damage|p2a: Dragonite|85/100
|-damage|p1a: Trevenant|95/100|[from] Recoil
|
|upkeep
|turn|15
|
|t:|1760346468
|switch|p1a: Clefable|Clefable, F|100/100
|move|p2a: Dragonite|Brick Break|p1a: Clefable
|-sideend|p1: leoleboo|Reflect
|-resisted|p1a: Clefable
|-damage|p1a: Clefable|86/100
|
|-heal|p1a: Clefable|92/100|[from] item: Leftovers
|upkeep
|turn|16
|
|t:|1760346485
|switch|p2a: Ursaluna|Ursaluna, M|100/100 brn
|move|p1a: Clefable|Moonblast|p2a: Ursaluna
|-damage|p2a: Ursaluna|71/100 brn
|
|-heal|p1a: Clefable|98/100|[from] item: Leftovers
|-damage|p2a: Ursaluna|65/100 brn|[from] brn
|upkeep
|turn|17
|
|t:|1760346506
|switch|p1a: Trevenant|Trevenant, F|95/100
|move|p2a: Ursaluna|Crunch|p1a: Trevenant
|-supereffective|p1a: Trevenant
|-damage|p1a: Trevenant|0 fnt
|faint|p1a: Trevenant
|
|-damage|p2a: Ursaluna|59/100 brn|[from] brn
|upkeep
|
|t:|1760346516
|switch|p1a: Slowking|Slowking, F|100/100
|turn|18
|
|t:|1760346525
|move|p2a: Ursaluna|Crunch|p1a: Slowking
|-supereffective|p1a: Slowking
|-damage|p1a: Slowking|0 fnt
|faint|p1a: Slowking
|
|-damage|p2a: Ursaluna|53/100 brn|[from] brn
|upkeep
|
|t:|1760346533
|switch|p1a: Goodra|Goodra-Hisui, M|59/100
|turn|19
|
|t:|1760346543
|move|p1a: Goodra|Body Slam|p2a: Ursaluna
|-damage|p2a: Ursaluna|39/100 brn
|move|p2a: Ursaluna|Headlong Rush|p1a: Goodra
|-supereffective|p1a: Goodra
|-damage|p1a: Goodra|0 fnt
|-unboost|p2a: Ursaluna|def|1
|-unboost|p2a: Ursaluna|spd|1
|faint|p1a: Goodra
|
|-damage|p2a: Ursaluna|32/100 brn|[from] brn
|upkeep
|
|t:|1760346552
|switch|p1a: Clefable|Clefable, F|98/100
|turn|20
|
|t:|1760346557
|move|p1a: Clefable|Moonblast|p2a: Ursaluna
|-damage|p2a: Ursaluna|0 fnt
|faint|p2a: Ursaluna
|
|-heal|p1a: Clefable|100/100|[from] item: Leftovers
|upkeep
|
|t:|1760346563
|switch|p2a: Milotic|Milotic, F|100/100
|turn|21
|
|t:|1760346588
|-terastallize|p1a: Clefable|Fairy
|move|p2a: Milotic|Scald|p1a: Clefable
|-damage|p1a: Clefable|81/100
|move|p1a: Clefable|Moonblast|p2a: Milotic
|-damage|p2a: Milotic|73/100
|
|-heal|p1a: Clefable|87/100|[from] item: Leftovers
|-status|p2a: Milotic|brn|[from] item: Flame Orb
|upkeep
|turn|22
|
|t:|1760346605
|move|p2a: Milotic|Scald|p1a: Clefable
|-damage|p1a: Clefable|67/100
|-status|p1a: Clefable|brn
|move|p1a: Clefable|Moonblast|p2a: Milotic
|-damage|p2a: Milotic|44/100 brn
|-unboost|p2a: Milotic|spa|1
|
|-heal|p1a: Clefable|73/100 brn|[from] item: Leftovers
|-damage|p2a: Milotic|38/100 brn|[from] brn
|upkeep
|turn|23
|
|t:|1760346617
|move|p2a: Milotic|Recover|p2a: Milotic
|-heal|p2a: Milotic|88/100 brn
|move|p1a: Clefable|Moonblast|p2a: Milotic
|-damage|p2a: Milotic|56/100 brn
|
|-heal|p1a: Clefable|79/100 brn|[from] item: Leftovers
|-damage|p2a: Milotic|49/100 brn|[from] brn
|upkeep
|turn|24
|
|t:|1760346628
|move|p1a: Clefable|Moonblast|p2a: Milotic
|-damage|p2a: Milotic|20/100 brn
|move|p2a: Milotic|Mirror Coat|p1a: Clefable
|-damage|p1a: Clefable|20/100 brn
|
|-heal|p1a: Clefable|26/100 brn|[from] item: Leftovers
|-damage|p2a: Milotic|14/100 brn|[from] brn
|upkeep
|turn|25
|
|t:|1760346636
|move|p2a: Milotic|Recover|p2a: Milotic
|-heal|p2a: Milotic|64/100 brn
|move|p1a: Clefable|Moonlight|p1a: Clefable
|-heal|p1a: Clefable|76/100 brn
|
|-heal|p1a: Clefable|82/100 brn|[from] item: Leftovers
|-damage|p2a: Milotic|58/100 brn|[from] brn
|upkeep
|turn|26
|
|t:|1760346656
|switch|p2a: Dragonite|Dragonite, F|85/100
|move|p1a: Clefable|Encore||[still]
|-fail|p1a: Clefable
|
|-heal|p1a: Clefable|88/100 brn|[from] item: Leftovers
|upkeep
|turn|27
|
|t:|1760346678
|move|p2a: Dragonite|Roost|p2a: Dragonite
|-heal|p2a: Dragonite|100/100
|-singleturn|p2a: Dragonite|move: Roost
|move|p1a: Clefable|Moonblast|p2a: Dragonite
|-supereffective|p2a: Dragonite
|-damage|p2a: Dragonite|59/100
|-unboost|p2a: Dragonite|spa|1
|-enditem|p2a: Dragonite|Weakness Policy
|-boost|p2a: Dragonite|atk|2|[from] item: Weakness Policy
|-boost|p2a: Dragonite|spa|2|[from] item: Weakness Policy
|
|-heal|p1a: Clefable|94/100 brn|[from] item: Leftovers
|upkeep
|turn|28
|
|t:|1760346692
|move|p2a: Dragonite|Roost|p2a: Dragonite
|-heal|p2a: Dragonite|100/100
|-singleturn|p2a: Dragonite|move: Roost
|move|p1a: Clefable|Moonblast|p2a: Dragonite
|-supereffective|p2a: Dragonite
|-crit|p2a: Dragonite
|-damage|p2a: Dragonite|41/100
|
|-heal|p1a: Clefable|100/100 brn|[from] item: Leftovers
|upkeep
|turn|29
|
|t:|1760346705
|move|p2a: Dragonite|Extreme Speed|p1a: Clefable
|-damage|p1a: Clefable|40/100 brn
|move|p1a: Clefable|Moonblast|p2a: Dragonite
|-supereffective|p2a: Dragonite
|-damage|p2a: Dragonite|0 fnt
|faint|p2a: Dragonite
|
|-heal|p1a: Clefable|46/100 brn|[from] item: Leftovers
|upkeep
|
|t:|1760346713
|switch|p2a: Milotic|Milotic, F|58/100 brn
|turn|30
|
|t:|1760346717
|move|p2a: Milotic|Scald|p1a: Clefable
|-crit|p1a: Clefable
|-damage|p1a: Clefable|16/100 brn
|move|p1a: Clefable|Moonlight|p1a: Clefable
|-heal|p1a: Clefable|66/100 brn
|
|-heal|p1a: Clefable|73/100 brn|[from] item: Leftovers
|-damage|p2a: Milotic|52/100 brn|[from] brn
|upkeep
|turn|31
|
|t:|1760346728
|move|p2a: Milotic|Scald|p1a: Clefable
|-damage|p1a: Clefable|54/100 brn
|move|p1a: Clefable|Moonblast|p2a: Milotic
|-damage|p2a: Milotic|19/100 brn
|-unboost|p2a: Milotic|spa|1
|
|-heal|p1a: Clefable|60/100 brn|[from] item: Leftovers
|-damage|p2a: Milotic|13/100 brn|[from] brn
|upkeep
|turn|32
|
|t:|1760346737
|move|p2a: Milotic|Recover|p2a: Milotic
|-heal|p2a: Milotic|63/100 brn
|move|p1a: Clefable|Moonblast|p2a: Milotic
|-damage|p2a: Milotic|34/100 brn
|
|-heal|p1a: Clefable|66/100 brn|[from] item: Leftovers
|-damage|p2a: Milotic|28/100 brn|[from] brn
|upkeep
|turn|33
|
|t:|1760346745
|move|p2a: Milotic|Recover|p2a: Milotic
|-heal|p2a: Milotic|78/100 brn
|move|p1a: Clefable|Moonblast|p2a: Milotic
|-damage|p2a: Milotic|50/100 brn
|
|-heal|p1a: Clefable|73/100 brn|[from] item: Leftovers
|-damage|p2a: Milotic|44/100 brn|[from] brn
|upkeep
|turn|34
|
|t:|1760346760
|move|p1a: Clefable|Moonblast|p2a: Milotic
|-damage|p2a: Milotic|12/100 brn
|move|p2a: Milotic|Mirror Coat|p1a: Clefable
|-damage|p1a: Clefable|9/100 brn
|
|-heal|p1a: Clefable|15/100 brn|[from] item: Leftovers
|-damage|p2a: Milotic|6/100 brn|[from] brn
|upkeep
|turn|35
|
|t:|1760346768
|move|p2a: Milotic|Recover|p2a: Milotic
|-heal|p2a: Milotic|56/100 brn
|move|p1a: Clefable|Moonlight|p1a: Clefable
|-heal|p1a: Clefable|65/100 brn
|
|-heal|p1a: Clefable|71/100 brn|[from] item: Leftovers
|-damage|p2a: Milotic|49/100 brn|[from] brn
|upkeep
|turn|36
|
|t:|1760346788
|move|p2a: Milotic|Recover|p2a: Milotic
|-heal|p2a: Milotic|99/100 brn
|move|p1a: Clefable|Moonblast|p2a: Milotic
|-damage|p2a: Milotic|69/100 brn
|
|-heal|p1a: Clefable|77/100 brn|[from] item: Leftovers
|-damage|p2a: Milotic|63/100 brn|[from] brn
|upkeep
|turn|37
|
|t:|1760346805
|move|p1a: Clefable|Moonblast|p2a: Milotic
|-damage|p2a: Milotic|35/100 brn
|move|p2a: Milotic|Mirror Coat|p1a: Clefable
|-damage|p1a: Clefable|20/100 brn
|
|-heal|p1a: Clefable|26/100 brn|[from] item: Leftovers
|-damage|p2a: Milotic|28/100 brn|[from] brn
|upkeep
|turn|38
|
|t:|1760346812
|move|p2a: Milotic|Recover|p2a: Milotic
|-heal|p2a: Milotic|78/100 brn
|move|p1a: Clefable|Moonlight|p1a: Clefable
|-heal|p1a: Clefable|76/100 brn
|
|-heal|p1a: Clefable|82/100 brn|[from] item: Leftovers
|-damage|p2a: Milotic|72/100 brn|[from] brn
|upkeep
|turn|39
|
|t:|1760346835
|move|p2a: Milotic|Scald|p1a: Clefable
|-damage|p1a: Clefable|70/100 brn
|move|p1a: Clefable|Moonblast|p2a: Milotic
|-damage|p2a: Milotic|41/100 brn
|
|-heal|p1a: Clefable|76/100 brn|[from] item: Leftovers
|-damage|p2a: Milotic|35/100 brn|[from] brn
|upkeep
|turn|40
|
|t:|1760346844
|move|p2a: Milotic|Recover|p2a: Milotic
|-heal|p2a: Milotic|85/100 brn
|move|p1a: Clefable|Moonblast|p2a: Milotic
|-damage|p2a: Milotic|55/100 brn
|
|-heal|p1a: Clefable|82/100 brn|[from] item: Leftovers
|-damage|p2a: Milotic|49/100 brn|[from] brn
|upkeep
|turn|41
|
|t:|1760346855
|move|p1a: Clefable|Moonblast|p2a: Milotic
|-damage|p2a: Milotic|18/100 brn
|move|p2a: Milotic|Mirror Coat|p1a: Clefable
|-damage|p1a: Clefable|19/100 brn
|
|-heal|p1a: Clefable|25/100 brn|[from] item: Leftovers
|-damage|p2a: Milotic|12/100 brn|[from] brn
|upkeep
|turn|42
|-message|Kopecora forfeited.
|
|win|leoleboo
|raw|leoleboo's rating: 1099 &rarr; <strong>1126</strong><br />(+27 for winning)
|raw|Kopecora's rating: 1130 &rarr; <strong>1103</strong><br />(-27 for losing)
|l|☆Kopecora
|player|p2|
|l|☆leoleboo
|player|p1|
