|j|☆deepfriedmagikarp
|j|☆MooFarmer
|t:|1760327781
|gametype|singles
|player|p1|deepfriedmagikarp|pokemonranger-gen4|1704
|player|p2|MooFarmer|2|1856
|gen|9
|tier|[Gen 9] OU
|rated|
|rule|HP Percentage Mod: HP is shown in percentages
|rule|Endless Battle Clause: Forcing endless battles is banned
|rule|Species Clause: Limit one of each Pokémon
|rule|OHKO Clause: OHKO moves are banned
|rule|Evasion Items Clause: Evasion items are banned
|rule|Evasion Moves Clause: Evasion moves are banned
|rule|Evasion Abilities Clause: Evasion abilities are banned
|rule|Sleep Moves Clause: Sleep-inducing moves are banned
|clearpoke
|poke|p1|Darkrai|
|poke|p1|Manaphy|
|poke|p1|Landorus-Therian, M|
|poke|p1|Gholdengo|
|poke|p1|Raging Bolt|
|poke|p1|Iron Valiant|
|poke|p2|Kyurem|
|poke|p2|Corviknight, F|
|poke|p2|Ting-Lu|
|poke|p2|Dondozo, M|
|poke|p2|Slowking-Galar, L99, F|
|poke|p2|Cinderace, F|
|teampreview
|inactive|Battle timer is ON: inactive players will automatically lose when time's up. (requested by deepfriedmagikarp)
|inactive|MooFarmer has 120 seconds left.
|
|t:|1760327827
|teamsize|p1|6
|teamsize|p2|6
|start
|switch|p1a: Darkrai|Darkrai|100/100
|switch|p2a: Kyurem|Kyurem|100/100
|-ability|p2a: Kyurem|Pressure
|turn|1
|inactive|MooFarmer also wants the timer to be on.
|inactive|MooFarmer has 120 seconds left.
|
|t:|1760327872
|move|p1a: Darkrai|Focus Blast|p2a: Kyurem
|-supereffective|p2a: Kyurem
|-damage|p2a: Kyurem|17/100
|move|p2a: Kyurem|Freeze-Dry|p1a: Darkrai
|-damage|p1a: Darkrai|52/100
|
|-heal|p2a: Kyurem|24/100|[from] item: Leftovers
|upkeep
|turn|2
|inactive|MooFarmer has 90 seconds left.
|
|t:|1760327919
|move|p2a: Kyurem|Protect|p2a: Kyurem
|-singleturn|p2a: Kyurem|Protect
|move|p1a: Darkrai|Nasty Plot|p1a: Darkrai
|-boost|p1a: Darkrai|spa|2
|
|-heal|p2a: Kyurem|30/100|[from] item: Leftovers
|upkeep
|turn|3
|inactive|MooFarmer has 60 seconds left.
|
|t:|1760327965
|switch|p2a: Dondozo|Dondozo, M|100/100
|move|p1a: Darkrai|Dark Pulse|p2a: Dondozo
|-damage|p2a: Dondozo|62/100
|
|-heal|p2a: Dondozo|68/100|[from] item: Leftovers
|upkeep
|turn|4
|
|t:|1760327979
|switch|p1a: Landorus|Landorus-Therian, M|100/100
|-ability|p1a: Landorus|Intimidate|boost
|-unboost|p2a: Dondozo|atk|1
|move|p2a: Dondozo|Body Press|p1a: Landorus
|-resisted|p1a: Landorus
|-damage|p1a: Landorus|86/100
|-damage|p2a: Dondozo|52/100|[from] item: Rocky Helmet|[of] p1a: Landorus
|
|-heal|p2a: Dondozo|58/100|[from] item: Leftovers
|upkeep
|turn|5
|
|t:|1760327988
|move|p1a: Landorus|U-turn|p2a: Dondozo
|-damage|p2a: Dondozo|49/100
|
|t:|1760327990
|switch|p1a: Manaphy|Manaphy|100/100|[from] U-turn
|move|p2a: Dondozo|Waterfall|p1a: Manaphy
|-resisted|p1a: Manaphy
|-damage|p1a: Manaphy|91/100
|
|-heal|p2a: Dondozo|55/100|[from] item: Leftovers
|upkeep
|turn|6
|
|t:|1760327999
|switch|p2a: Slowking|Slowking-Galar, L99, F|100/100
|move|p1a: Manaphy|Tail Glow|p1a: Manaphy
|-boost|p1a: Manaphy|spa|3
|
|upkeep
|turn|7
|inactive|MooFarmer has 60 seconds left.
|
|t:|1760328007
|move|p1a: Manaphy|Surf|p2a: Slowking
|-damage|p2a: Slowking|41/100
|move|p2a: Slowking|Toxic|p1a: Manaphy
|-status|p1a: Manaphy|tox
|
|-damage|p1a: Manaphy|85/100 tox|[from] psn
|upkeep
|turn|8
|
|t:|1760328016
|switch|p2a: Dondozo|Dondozo, M|55/100
|move|p1a: Manaphy|Energy Ball|p2a: Dondozo
|-supereffective|p2a: Dondozo
|-damage|p2a: Dondozo|7/100
|
|-heal|p2a: Dondozo|13/100|[from] item: Leftovers
|-damage|p1a: Manaphy|73/100 tox|[from] psn
|upkeep
|turn|9
|
|t:|1760328025
|move|p1a: Manaphy|Energy Ball|p2a: Dondozo
|-supereffective|p2a: Dondozo
|-damage|p2a: Dondozo|0 fnt
|faint|p2a: Dondozo
|
|-damage|p1a: Manaphy|54/100 tox|[from] psn
|upkeep
|
|t:|1760328033
|switch|p2a: Slowking|Slowking-Galar, L99, F|75/100
|turn|10
|
|t:|1760328042
|move|p1a: Manaphy|Surf|p2a: Slowking
|-damage|p2a: Slowking|23/100
|-prepare|p2a: Slowking|Chilly Reception|[premajor]
|move|p2a: Slowking|Chilly Reception|p2a: Slowking
|-weather|Snowscape
|
|t:|1760328051
|switch|p2a: Kyurem|Kyurem|30/100|[from] Chilly Reception
|-ability|p2a: Kyurem|Pressure
|
|-weather|Snowscape|[upkeep]
|-heal|p2a: Kyurem|36/100|[from] item: Leftovers
|-damage|p1a: Manaphy|30/100 tox|[from] psn
|upkeep
|-enditem|p1a: Manaphy|Sitrus Berry|[eat]
|-heal|p1a: Manaphy|54/100 tox|[from] item: Sitrus Berry
|turn|11
|
|t:|1760328059
|move|p2a: Kyurem|Protect|p2a: Kyurem
|-singleturn|p2a: Kyurem|Protect
|move|p1a: Manaphy|Tail Glow|p1a: Manaphy
|-boost|p1a: Manaphy|spa|3
|
|-weather|Snowscape|[upkeep]
|-heal|p2a: Kyurem|42/100|[from] item: Leftovers
|-damage|p1a: Manaphy|23/100 tox|[from] psn
|upkeep
|turn|12
|
|t:|1760328068
|move|p2a: Kyurem|Protect||[still]
|-fail|p2a: Kyurem
|move|p1a: Manaphy|Surf|p2a: Kyurem
|-resisted|p2a: Kyurem
|-damage|p2a: Kyurem|0 fnt
|faint|p2a: Kyurem
|
|-weather|Snowscape|[upkeep]
|-damage|p1a: Manaphy|0 fnt|[from] psn
|faint|p1a: Manaphy
|upkeep
|
|t:|1760328077
|switch|p1a: Darkrai|Darkrai|52/100
|switch|p2a: Slowking|Slowking-Galar, L99, F|56/100
|turn|13
|inactive|MooFarmer has 90 seconds left.
|
|t:|1760328085
|switch|p2a: Ting-Lu|Ting-Lu|100/100
|-ability|p2a: Ting-Lu|Vessel of Ruin
|move|p1a: Darkrai|Nasty Plot|p1a: Darkrai
|-boost|p1a: Darkrai|spa|2
|
|-weather|Snowscape|[upkeep]
|upkeep
|turn|14
|
|t:|1760328094
|move|p1a: Darkrai|Focus Blast|p2a: Ting-Lu
|-supereffective|p2a: Ting-Lu
|-damage|p2a: Ting-Lu|24/100
|move|p2a: Ting-Lu|Earthquake|p1a: Darkrai
|-damage|p1a: Darkrai|0 fnt
|faint|p1a: Darkrai
|
|-weather|none
|-heal|p2a: Ting-Lu|30/100|[from] item: Leftovers
|upkeep
|
|t:|1760328112
|switch|p1a: Gholdengo|Gholdengo|100/100
|-item|p1a: Gholdengo|Air Balloon
|turn|15
|inactive|MooFarmer has 90 seconds left.
|
|t:|1760328158
|move|p1a: Gholdengo|Nasty Plot|p1a: Gholdengo
|-boost|p1a: Gholdengo|spa|2
|move|p2a: Ting-Lu|Payback|p1a: Gholdengo
|-supereffective|p1a: Gholdengo
|-damage|p1a: Gholdengo|25/100
|-enditem|p1a: Gholdengo|Air Balloon
|
|-heal|p2a: Ting-Lu|37/100|[from] item: Leftovers
|upkeep
|turn|16
|inactive|MooFarmer has 60 seconds left.
|
|t:|1760328203
|-terastallize|p2a: Ting-Lu|Water
|move|p1a: Gholdengo|Make It Rain|p2a: Ting-Lu
|-resisted|p2a: Ting-Lu
|-damage|p2a: Ting-Lu|9/100
|-unboost|p1a: Gholdengo|spa|1
|move|p2a: Ting-Lu|Rest|p2a: Ting-Lu
|-status|p2a: Ting-Lu|slp|[from] move: Rest
|-heal|p2a: Ting-Lu|100/100 slp|[silent]
|
|upkeep
|turn|17
|
|t:|1760328213
|move|p1a: Gholdengo|Psyshock|p2a: Ting-Lu
|-damage|p2a: Ting-Lu|83/100 slp
|cant|p2a: Ting-Lu|slp
|move|p2a: Ting-Lu|Sleep Talk|p2a: Ting-Lu
|move|p2a: Ting-Lu|Rest||[from] move: Sleep Talk|[still]
|-fail|p2a: Ting-Lu
|
|-heal|p2a: Ting-Lu|90/100 slp|[from] item: Leftovers
|upkeep
|turn|18
|
|t:|1760328222
|move|p1a: Gholdengo|Shadow Ball|p2a: Ting-Lu
|-damage|p2a: Ting-Lu|63/100 slp
|cant|p2a: Ting-Lu|slp
|move|p2a: Ting-Lu|Sleep Talk|p2a: Ting-Lu
|move|p2a: Ting-Lu|Rest||[from] move: Sleep Talk|[still]
|-fail|p2a: Ting-Lu
|
|-heal|p2a: Ting-Lu|69/100 slp|[from] item: Leftovers
|upkeep
|turn|19
|
|t:|1760328231
|move|p1a: Gholdengo|Shadow Ball|p2a: Ting-Lu
|-damage|p2a: Ting-Lu|43/100 slp
|-curestatus|p2a: Ting-Lu|slp|[msg]
|move|p2a: Ting-Lu|Earthquake|p1a: Gholdengo
|-supereffective|p1a: Gholdengo
|-damage|p1a: Gholdengo|0 fnt
|faint|p1a: Gholdengo
|
|-heal|p2a: Ting-Lu|49/100|[from] item: Leftovers
|upkeep
|
|t:|1760328235
|switch|p1a: Raging Bolt|Raging Bolt|100/100
|-enditem|p1a: Raging Bolt|Booster Energy
|-activate|p1a: Raging Bolt|ability: Protosynthesis|[fromitem]
|-start|p1a: Raging Bolt|protosynthesisspa
|turn|20
|inactive|MooFarmer has 60 seconds left.
|
|t:|1760328243
|switch|p2a: Slowking|Slowking-Galar, L99, F|89/100
|move|p1a: Raging Bolt|Thunderbolt|p2a: Slowking
|-damage|p2a: Slowking|48/100
|
|upkeep
|turn|21
|
|t:|1760328254
|-end|p1a: Raging Bolt|Protosynthesis|[silent]
|switch|p1a: Landorus|Landorus-Therian, M|86/100
|-ability|p1a: Landorus|Intimidate|boost
|-unboost|p2a: Slowking|atk|1
|move|p2a: Slowking|Toxic|p1a: Landorus
|-status|p1a: Landorus|tox
|
|-damage|p1a: Landorus|80/100 tox|[from] psn
|upkeep
|turn|22
|
|t:|1760328262
|move|p1a: Landorus|Stealth Rock|p2a: Slowking
|-sidestart|p2: MooFarmer|move: Stealth Rock
|move|p2a: Slowking|Toxic|p1a: Landorus
|-fail|p1a: Landorus|tox
|
|-damage|p1a: Landorus|68/100 tox|[from] psn
|upkeep
|turn|23
|
|t:|1760328271
|move|p1a: Landorus|U-turn|p2a: Slowking
|-damage|p2a: Slowking|24/100
|
|t:|1760328274
|switch|p1a: Iron Valiant|Iron Valiant|100/100|[from] U-turn
|-enditem|p1a: Iron Valiant|Booster Energy
|-activate|p1a: Iron Valiant|ability: Quark Drive|[fromitem]
|-start|p1a: Iron Valiant|quarkdrivespe
|move|p2a: Slowking|Toxic|p1a: Iron Valiant
|-status|p1a: Iron Valiant|tox
|
|-damage|p1a: Iron Valiant|94/100 tox|[from] psn
|upkeep
|turn|24
|
|t:|1760328282
|move|p1a: Iron Valiant|Shadow Ball|p2a: Slowking
|-supereffective|p2a: Slowking
|-damage|p2a: Slowking|0 fnt
|faint|p2a: Slowking
|
|-damage|p1a: Iron Valiant|82/100 tox|[from] psn
|upkeep
|inactive|MooFarmer has 60 seconds left.
|
|t:|1760328328
|switch|p2a: Ting-Lu|Ting-Lu, tera:Water|49/100
|-damage|p2a: Ting-Lu|36/100|[from] Stealth Rock
|-ability|p2a: Ting-Lu|Vessel of Ruin
|turn|25
|inactive|MooFarmer has 30 seconds left.
|inactive|MooFarmer has 20 seconds left.
|inactive|MooFarmer has 15 seconds left.
|
|t:|1760328373
|move|p1a: Iron Valiant|Calm Mind|p1a: Iron Valiant
|-boost|p1a: Iron Valiant|spa|1
|-boost|p1a: Iron Valiant|spd|1
|move|p2a: Ting-Lu|Rest|p2a: Ting-Lu
|-status|p2a: Ting-Lu|slp|[from] move: Rest
|-heal|p2a: Ting-Lu|100/100 slp|[silent]
|
|-damage|p1a: Iron Valiant|63/100 tox|[from] psn
|upkeep
|turn|26
|inactive|MooFarmer has 25 seconds left this turn.
|inactive|MooFarmer has 20 seconds left.
|
|t:|1760328383
|move|p1a: Iron Valiant|Moonblast|p2a: Ting-Lu
|-damage|p2a: Ting-Lu|73/100 slp
|cant|p2a: Ting-Lu|slp
|move|p2a: Ting-Lu|Sleep Talk|p2a: Ting-Lu
|move|p2a: Ting-Lu|Earthquake|p1a: Iron Valiant|[from] move: Sleep Talk
|-damage|p1a: Iron Valiant|15/100 tox
|
|-heal|p2a: Ting-Lu|79/100 slp|[from] item: Leftovers
|-damage|p1a: Iron Valiant|0 fnt|[from] psn
|faint|p1a: Iron Valiant
|-end|p1a: Iron Valiant|Quark Drive|[silent]
|upkeep
|
|t:|1760328394
|switch|p1a: Raging Bolt|Raging Bolt|100/100
|turn|27
|inactive|MooFarmer has 30 seconds left.
|
|t:|1760328408
|-terastallize|p1a: Raging Bolt|Bug
|move|p1a: Raging Bolt|Calm Mind|p1a: Raging Bolt
|-boost|p1a: Raging Bolt|spa|1
|-boost|p1a: Raging Bolt|spd|1
|cant|p2a: Ting-Lu|slp
|move|p2a: Ting-Lu|Sleep Talk|p2a: Ting-Lu
|move|p2a: Ting-Lu|Rest||[from] move: Sleep Talk|[still]
|-fail|p2a: Ting-Lu
|
|-heal|p2a: Ting-Lu|86/100 slp|[from] item: Leftovers
|upkeep
|turn|28
|
|t:|1760328416
|move|p1a: Raging Bolt|Thunderbolt|p2a: Ting-Lu
|-supereffective|p2a: Ting-Lu
|-damage|p2a: Ting-Lu|19/100 slp
|-curestatus|p2a: Ting-Lu|slp|[msg]
|move|p2a: Ting-Lu|Payback|p1a: Raging Bolt
|-damage|p1a: Raging Bolt|67/100
|
|-heal|p2a: Ting-Lu|25/100|[from] item: Leftovers
|upkeep
|turn|29
|
|t:|1760328425
|switch|p2a: Cinderace|Cinderace, F|100/100
|move|p1a: Raging Bolt|Thunderbolt|p2a: Cinderace
|-damage|p2a: Cinderace|4/100
|
|upkeep
|turn|30
|
|t:|1760328434
|move|p2a: Cinderace|Will-O-Wisp|p1a: Raging Bolt
|-status|p1a: Raging Bolt|brn
|move|p1a: Raging Bolt|Thunderbolt|p2a: Cinderace
|-damage|p2a: Cinderace|0 fnt
|faint|p2a: Cinderace
|
|-damage|p1a: Raging Bolt|61/100 brn|[from] brn
|upkeep
|
|t:|1760328442
|switch|p2a: Corviknight|Corviknight, F|100/100
|-damage|p2a: Corviknight|88/100|[from] Stealth Rock
|-ability|p2a: Corviknight|Pressure
|turn|31
|
|t:|1760328449
|switch|p2a: Ting-Lu|Ting-Lu, tera:Water|25/100
|-damage|p2a: Ting-Lu|13/100|[from] Stealth Rock
|-ability|p2a: Ting-Lu|Vessel of Ruin
|move|p1a: Raging Bolt|Thunderbolt|p2a: Ting-Lu
|-supereffective|p2a: Ting-Lu
|-damage|p2a: Ting-Lu|0 fnt
|faint|p2a: Ting-Lu
|
|-damage|p1a: Raging Bolt|55/100 brn|[from] brn
|upkeep
|
|t:|1760328454
|switch|p2a: Corviknight|Corviknight, F|88/100
|-damage|p2a: Corviknight|76/100|[from] Stealth Rock
|-ability|p2a: Corviknight|Pressure
|turn|32
|
|t:|1760328458
|move|p1a: Raging Bolt|Thunderbolt|p2a: Corviknight
|-supereffective|p2a: Corviknight
|-damage|p2a: Corviknight|0 fnt
|faint|p2a: Corviknight
|
|win|deepfriedmagikarp
|raw|deepfriedmagikarp's rating: 1704 &rarr; <strong>1732</strong><br />(+28 for winning)
|raw|MooFarmer's rating: 1856 &rarr; <strong>1828</strong><br />(-28 for losing)
|l|☆MooFarmer
|player|p2|
|l|☆deepfriedmagikarp
|player|p1|
