|j|☆asrasr
|j|☆jjsjdhfjf
|t:|1760444571
|gametype|singles
|player|p1|asrasr|1|1120
|player|p2|jjsjdhfjf|2|1162
|gen|9
|tier|[Gen 9] OU
|rated|
|rule|HP Percentage Mod: HP is shown in percentages
|rule|Endless Battle Clause: Forcing endless battles is banned
|rule|Species Clause: Limit one of each Pokémon
|rule|OHKO Clause: OHKO moves are banned
|rule|Evasion Items Clause: Evasion items are banned
|rule|Evasion Moves Clause: Evasion moves are banned
|rule|Evasion Abilities Clause: Evasion abilities are banned
|rule|Sleep Moves Clause: Sleep-inducing moves are banned
|clearpoke
|poke|p1|Cresselia, F|
|poke|p1|Crawdaunt, M|
|poke|p1|Dusknoir, M|
|poke|p1|Conkeldurr, M|
|poke|p1|Reuniclus, F|
|poke|p1|Chandelure, M|
|poke|p2|Ninetales, M|
|poke|p2|Walking Wake|
|poke|p2|Dragonite, M|
|poke|p2|Blaziken, M|
|poke|p2|Hatterene, F|
|poke|p2|Great Tusk|
|teampreview
|inactive|Battle timer is ON: inactive players will automatically lose when time's up. (requested by jjsjdhfjf)
|
|t:|1760444582
|teamsize|p1|6
|teamsize|p2|6
|start
|switch|p1a: Dusknoir|Dusknoir, M|100/100
|switch|p2a: 6-7 tales|Ninetales, M, shiny|100/100
|-weather|SunnyDay|[from] ability: Drought|[of] p2a: 6-7 tales
|-ability|p1a: Dusknoir|Pressure
|turn|1
|
|t:|1760444587
|move|p2a: 6-7 tales|Overheat|p1a: Dusknoir
|-damage|p1a: Dusknoir|54/100
|-unboost|p2a: 6-7 tales|spa|2
|move|p1a: Dusknoir|Trick Room|p1a: Dusknoir
|-fieldstart|move: Trick Room|[of] p1a: Dusknoir
|
|-weather|SunnyDay|[upkeep]
|-heal|p1a: Dusknoir|60/100|[from] item: Leftovers
|upkeep
|turn|2
|
|t:|1760444601
|switch|p1a: Crawdaunt|Crawdaunt, M|100/100
|move|p2a: 6-7 tales|Will-O-Wisp|p1a: Crawdaunt
|-status|p1a: Crawdaunt|brn
|
|-weather|SunnyDay|[upkeep]
|-damage|p1a: Crawdaunt|94/100 brn|[from] brn
|upkeep
|turn|3
|
|t:|1760444625
|switch|p2a: Unc|Walking Wake|100/100
|-activate|p2a: Unc|ability: Protosynthesis
|-start|p2a: Unc|protosynthesisspe
|move|p1a: Crawdaunt|Crabhammer|p2a: Unc
|-resisted|p2a: Unc
|-damage|p2a: Unc|94/100
|-damage|p1a: Crawdaunt|84/100 brn|[from] item: Life Orb
|
|-weather|SunnyDay|[upkeep]
|-damage|p1a: Crawdaunt|78/100 brn|[from] brn
|upkeep
|turn|4
|
|t:|1760444637
|switch|p1a: Conkeldurr|Conkeldurr, M|100/100
|move|p2a: Unc|Dragon Pulse|p1a: Conkeldurr
|-damage|p1a: Conkeldurr|27/100
|
|-weather|SunnyDay|[upkeep]
|upkeep
|turn|5
|
|t:|1760444642
|-end|p2a: Unc|Protosynthesis|[silent]
|switch|p2a: Bouncer|Hatterene, F, shiny|100/100
|move|p1a: Conkeldurr|Thunder Punch|p2a: Bouncer
|-damage|p2a: Bouncer|54/100
|
|-weather|SunnyDay|[upkeep]
|-fieldend|move: Trick Room
|upkeep
|turn|6
|
|t:|1760444655
|switch|p1a: Cresselia|Cresselia, F|100/100
|switch|p2a: My Goat Blaziken|Blaziken, M, shiny|100/100
|
|-weather|SunnyDay|[upkeep]
|upkeep
|turn|7
|
|t:|1760444661
|-terastallize|p2a: My Goat Blaziken|Fire
|move|p2a: My Goat Blaziken|Flare Blitz|p1a: Cresselia
|-damage|p1a: Cresselia|15/100
|-damage|p2a: My Goat Blaziken|59/100|[from] Recoil
|move|p1a: Cresselia|Trick Room|p1a: Cresselia
|-fieldstart|move: Trick Room|[of] p1a: Cresselia
|
|-weather|SunnyDay|[upkeep]
|-heal|p1a: Cresselia|21/100|[from] item: Leftovers
|-ability|p2a: My Goat Blaziken|Speed Boost|boost
|-boost|p2a: My Goat Blaziken|spe|1
|upkeep
|turn|8
|
|t:|1760444671
|move|p1a: Cresselia|Lunar Dance|p1a: Cresselia
|faint|p1a: Cresselia
|move|p2a: My Goat Blaziken|Swords Dance|p2a: My Goat Blaziken
|-boost|p2a: My Goat Blaziken|atk|2
|
|-weather|none
|-ability|p2a: My Goat Blaziken|Speed Boost|boost
|-boost|p2a: My Goat Blaziken|spe|1
|upkeep
|
|t:|1760444673
|switch|p1a: Crawdaunt|Crawdaunt, M|78/100 brn
|-heal|p1a: Crawdaunt|100/100|[from] move: Lunar Dance
|turn|9
|
|t:|1760444677
|move|p2a: My Goat Blaziken|Protect|p2a: My Goat Blaziken
|-singleturn|p2a: My Goat Blaziken|Protect
|move|p1a: Crawdaunt|Crabhammer|p2a: My Goat Blaziken
|-activate|p2a: My Goat Blaziken|move: Protect
|
|-ability|p2a: My Goat Blaziken|Speed Boost|boost
|-boost|p2a: My Goat Blaziken|spe|1
|upkeep
|turn|10
|
|t:|1760444686
|switch|p2a: 6-7 tales|Ninetales, M, shiny|100/100
|-weather|SunnyDay|[from] ability: Drought|[of] p2a: 6-7 tales
|move|p1a: Crawdaunt|Crabhammer|p2a: 6-7 tales
|-supereffective|p2a: 6-7 tales
|-damage|p2a: 6-7 tales|0 fnt
|faint|p2a: 6-7 tales
|-damage|p1a: Crawdaunt|90/100|[from] item: Life Orb
|
|-weather|SunnyDay|[upkeep]
|upkeep
|
|t:|1760444689
|switch|p2a: Bouncer|Hatterene, F, shiny|54/100
|turn|11
|
|t:|1760444701
|move|p2a: Bouncer|Dazzling Gleam|p1a: Crawdaunt
|-supereffective|p1a: Crawdaunt
|-damage|p1a: Crawdaunt|0 fnt
|faint|p1a: Crawdaunt
|
|-weather|SunnyDay|[upkeep]
|-fieldend|move: Trick Room
|upkeep
|
|t:|1760444706
|switch|p1a: Dusknoir|Dusknoir, M|60/100
|-ability|p1a: Dusknoir|Pressure
|turn|12
|
|t:|1760444715
|switch|p2a: Unc|Walking Wake|94/100
|-activate|p2a: Unc|ability: Protosynthesis
|-start|p2a: Unc|protosynthesisspe
|move|p1a: Dusknoir|Trick Room|p1a: Dusknoir
|-fieldstart|move: Trick Room|[of] p1a: Dusknoir
|
|-weather|SunnyDay|[upkeep]
|-heal|p1a: Dusknoir|66/100|[from] item: Leftovers
|upkeep
|turn|13
|
|t:|1760444727
|move|p1a: Dusknoir|Will-O-Wisp|p2a: Unc
|-status|p2a: Unc|brn
|move|p2a: Unc|Hydro Steam|p1a: Dusknoir
|-damage|p1a: Dusknoir|0 fnt
|faint|p1a: Dusknoir
|
|-weather|SunnyDay|[upkeep]
|-damage|p2a: Unc|88/100 brn|[from] brn
|upkeep
|
|t:|1760444737
|switch|p1a: Conkeldurr|Conkeldurr, M|27/100
|turn|14
|
|t:|1760444749
|-end|p2a: Unc|Protosynthesis|[silent]
|switch|p2a: The Great Fuck|Great Tusk|100/100
|-activate|p2a: The Great Fuck|ability: Protosynthesis
|-start|p2a: The Great Fuck|protosynthesisatk
|move|p1a: Conkeldurr|Thunder Punch|p2a: The Great Fuck
|-immune|p2a: The Great Fuck
|
|-weather|SunnyDay|[upkeep]
|upkeep
|turn|15
|
|t:|1760444760
|move|p1a: Conkeldurr|Ice Punch|p2a: The Great Fuck
|-supereffective|p2a: The Great Fuck
|-damage|p2a: The Great Fuck|22/100
|move|p2a: The Great Fuck|Headlong Rush|p1a: Conkeldurr
|-damage|p1a: Conkeldurr|0 fnt
|-unboost|p2a: The Great Fuck|def|1
|-unboost|p2a: The Great Fuck|spd|1
|faint|p1a: Conkeldurr
|
|-weather|SunnyDay|[upkeep]
|upkeep
|
|t:|1760444767
|switch|p1a: Reuniclus|Reuniclus, F|100/100
|turn|16
|
|t:|1760444784
|move|p1a: Reuniclus|Psychic|p2a: The Great Fuck
|-supereffective|p2a: The Great Fuck
|-damage|p2a: The Great Fuck|0 fnt
|faint|p2a: The Great Fuck
|-end|p2a: The Great Fuck|Protosynthesis|[silent]
|
|-weather|SunnyDay|[upkeep]
|-fieldend|move: Trick Room
|upkeep
|
|t:|1760444787
|switch|p2a: My Goat Blaziken|Blaziken, M, shiny, tera:Fire|59/100
|turn|17
|
|t:|1760444790
|move|p2a: My Goat Blaziken|Flare Blitz|p1a: Reuniclus
|-damage|p1a: Reuniclus|0 fnt
|faint|p1a: Reuniclus
|-damage|p2a: My Goat Blaziken|12/100|[from] Recoil
|
|-weather|none
|-ability|p2a: My Goat Blaziken|Speed Boost|boost
|-boost|p2a: My Goat Blaziken|spe|1
|upkeep
|
|t:|1760444793
|switch|p1a: Chandelure|Chandelure, M|100/100
|turn|18
|
|t:|1760444797
|move|p2a: My Goat Blaziken|Protect|p2a: My Goat Blaziken
|-singleturn|p2a: My Goat Blaziken|Protect
|move|p1a: Chandelure|Trick Room|p1a: Chandelure
|-fieldstart|move: Trick Room|[of] p1a: Chandelure
|
|-ability|p2a: My Goat Blaziken|Speed Boost|boost
|-boost|p2a: My Goat Blaziken|spe|1
|upkeep
|turn|19
|
|t:|1760444805
|move|p1a: Chandelure|Shadow Ball|p2a: My Goat Blaziken
|-damage|p2a: My Goat Blaziken|0 fnt
|faint|p2a: My Goat Blaziken
|-damage|p1a: Chandelure|91/100|[from] item: Life Orb
|
|upkeep
|
|t:|1760444807
|switch|p2a: Bouncer|Hatterene, F, shiny|54/100
|turn|20
|
|t:|1760444810
|move|p2a: Bouncer|Psychic Noise|p1a: Chandelure
|-damage|p1a: Chandelure|45/100
|-start|p1a: Chandelure|move: Heal Block
|move|p1a: Chandelure|Shadow Ball|p2a: Bouncer
|-supereffective|p2a: Bouncer
|-damage|p2a: Bouncer|0 fnt
|faint|p2a: Bouncer
|-damage|p1a: Chandelure|35/100|[from] item: Life Orb
|
|upkeep
|
|t:|1760444815
|switch|p2a: Untitled|Dragonite, M|100/100
|turn|21
|
|t:|1760444821
|-terastallize|p1a: Chandelure|Ghost
|move|p1a: Chandelure|Shadow Ball|p2a: Untitled
|-damage|p2a: Untitled|59/100
|-unboost|p2a: Untitled|spd|1
|-damage|p1a: Chandelure|25/100|[from] item: Life Orb
|move|p2a: Untitled|Earthquake|p1a: Chandelure
|-damage|p1a: Chandelure|0 fnt
|faint|p1a: Chandelure
|
|win|jjsjdhfjf
|raw|asrasr's rating: 1120 &rarr; <strong>1098</strong><br />(-22 for losing)
|raw|jjsjdhfjf's rating: 1162 &rarr; <strong>1184</strong><br />(+22 for winning)
|l|☆jjsjdhfjf
|player|p2|
