|j|☆Ahahbaha
|j|☆Cryochronology
|t:|1760339010
|gametype|singles
|player|p1|Ahahbaha|170|1325
|player|p2|Cryochronology|266|1294
|gen|9
|tier|[Gen 9] OU
|rated|
|rule|HP Percentage Mod: HP is shown in percentages
|rule|Endless Battle Clause: Forcing endless battles is banned
|rule|Species Clause: Limit one of each Pokémon
|rule|OHKO Clause: OHKO moves are banned
|rule|Evasion Items Clause: Evasion items are banned
|rule|Evasion Moves Clause: Evasion moves are banned
|rule|Evasion Abilities Clause: Evasion abilities are banned
|rule|Sleep Moves Clause: Sleep-inducing moves are banned
|clearpoke
|poke|p1|Gliscor, M|
|poke|p1|Walking Wake|
|poke|p1|Slowking-Galar, F|
|poke|p1|Zamazenta-*|
|poke|p1|Ting-Lu|
|poke|p1|Kingambit, F|
|poke|p2|Ursaluna, M|
|poke|p2|Hatterene, F|
|poke|p2|Kingambit, M|
|poke|p2|Pawmot, F|
|poke|p2|Iron Valiant|
|poke|p2|Dragonite, F|
|teampreview
|inactive|Battle timer is ON: inactive players will automatically lose when time's up. (requested by Ahahbaha)
|
|t:|1760339017
|teamsize|p1|6
|teamsize|p2|6
|start
|switch|p1a: Walking Wake|Walking Wake|100/100
|switch|p2a: Iron Valiant|Iron Valiant|100/100
|-enditem|p2a: Iron Valiant|Booster Energy
|-activate|p2a: Iron Valiant|ability: Quark Drive|[fromitem]
|-start|p2a: Iron Valiant|quarkdrivespa
|turn|1
|
|t:|1760339022
|-end|p1a: Walking Wake|Protosynthesis|[silent]
|switch|p1a: Slowking|Slowking-Galar, F|100/100
|move|p2a: Iron Valiant|Trick Room|p2a: Iron Valiant
|-fieldstart|move: Trick Room|[of] p2a: Iron Valiant
|
|upkeep
|turn|2
|
|t:|1760339035
|-end|p2a: Iron Valiant|Quark Drive|[silent]
|switch|p2a: The Revenant|Ursaluna, M|100/100
|move|p1a: Slowking|Sludge Bomb|p2a: The Revenant
|-resisted|p2a: The Revenant
|-damage|p2a: The Revenant|85/100
|
|-status|p2a: The Revenant|brn|[from] item: Flame Orb
|upkeep
|turn|3
|
|t:|1760339045
|-prepare|p1a: Slowking|Chilly Reception|[premajor]
|move|p1a: Slowking|Chilly Reception|p1a: Slowking
|-weather|Snowscape
|
|t:|1760339047
|switch|p1a: Gliscor|Gliscor, M|100/100|[from] Chilly Reception
|move|p2a: The Revenant|Swords Dance|p2a: The Revenant
|-boost|p2a: The Revenant|atk|2
|
|-weather|Snowscape|[upkeep]
|-damage|p2a: The Revenant|78/100 brn|[from] brn
|-status|p1a: Gliscor|tox|[from] item: Toxic Orb
|upkeep
|turn|4
|
|t:|1760339053
|move|p1a: Gliscor|Protect|p1a: Gliscor
|-singleturn|p1a: Gliscor|Protect
|move|p2a: The Revenant|Facade|p1a: Gliscor
|-activate|p1a: Gliscor|move: Protect
|
|-weather|Snowscape|[upkeep]
|-damage|p2a: The Revenant|72/100 brn|[from] brn
|upkeep
|turn|5
|
|t:|1760339059
|switch|p1a: Slowking|Slowking-Galar, F|100/100
|move|p2a: The Revenant|Facade|p1a: Slowking
|-damage|p1a: Slowking|0 fnt
|faint|p1a: Slowking
|
|-weather|Snowscape|[upkeep]
|-damage|p2a: The Revenant|66/100 brn|[from] brn
|-fieldend|move: Trick Room
|upkeep
|
|t:|1760339063
|switch|p1a: Walking Wake|Walking Wake|100/100
|turn|6
|
|t:|1760339066
|-terastallize|p2a: The Revenant|Normal
|move|p1a: Walking Wake|Scald|p2a: The Revenant
|-damage|p2a: The Revenant|29/100 brn
|move|p2a: The Revenant|Facade|p1a: Walking Wake
|-damage|p1a: Walking Wake|0 fnt
|faint|p1a: Walking Wake
|-end|p1a: Walking Wake|Protosynthesis|[silent]
|
|-weather|Snowscape|[upkeep]
|-damage|p2a: The Revenant|23/100 brn|[from] brn
|upkeep
|
|t:|1760339073
|switch|p1a: Gliscor|Gliscor, M|100/100 tox
|turn|7
|
|t:|1760339092
|switch|p2a: Iron Valiant|Iron Valiant|100/100
|move|p1a: Gliscor|Earthquake|p2a: Iron Valiant
|-damage|p2a: Iron Valiant|61/100
|
|-weather|none
|upkeep
|turn|8
|
|t:|1760339096
|move|p1a: Gliscor|Swords Dance|p1a: Gliscor
|-boost|p1a: Gliscor|atk|2
|move|p2a: Iron Valiant|Trick Room|p2a: Iron Valiant
|-fieldstart|move: Trick Room|[of] p2a: Iron Valiant
|
|upkeep
|turn|9
|
|t:|1760339100
|move|p1a: Gliscor|Earthquake|p2a: Iron Valiant
|-damage|p2a: Iron Valiant|0 fnt
|faint|p2a: Iron Valiant
|-end|p2a: Iron Valiant|Quark Drive|[silent]
|
|upkeep
|
|t:|1760339112
|switch|p2a: The Revenant|Ursaluna, M, tera:Normal|23/100 brn
|turn|10
|
|t:|1760339117
|move|p1a: Gliscor|Protect|p1a: Gliscor
|-singleturn|p1a: Gliscor|Protect
|move|p2a: The Revenant|Facade|p1a: Gliscor
|-activate|p1a: Gliscor|move: Protect
|
|-damage|p2a: The Revenant|16/100 brn|[from] brn
|upkeep
|turn|11
|
|t:|1760339123
|move|p2a: The Revenant|Facade|p1a: Gliscor
|-damage|p1a: Gliscor|0 fnt
|faint|p1a: Gliscor
|
|-damage|p2a: The Revenant|10/100 brn|[from] brn
|upkeep
|
|t:|1760339137
|switch|p1a: Ting-Lu|Ting-Lu|100/100
|-ability|p1a: Ting-Lu|Vessel of Ruin
|turn|12
|
|t:|1760339143
|move|p2a: The Revenant|Facade|p1a: Ting-Lu
|-damage|p1a: Ting-Lu|15/100
|move|p1a: Ting-Lu|Earthquake|p2a: The Revenant
|-damage|p2a: The Revenant|0 fnt
|faint|p2a: The Revenant
|
|-heal|p1a: Ting-Lu|21/100|[from] item: Leftovers
|-fieldend|move: Trick Room
|upkeep
|
|t:|1760339146
|switch|p2a: Ourobouros|Pawmot, F|100/100
|turn|13
|
|t:|1760339149
|move|p2a: Ourobouros|Revival Blessing|p2a: Ourobouros
|
|t:|1760339153
|-heal|p2: The Revenant|50/100|[from] move: Revival Blessing
|move|p1a: Ting-Lu|Earthquake|p2a: Ourobouros
|-supereffective|p2a: Ourobouros
|-enditem|p2a: Ourobouros|Shuca Berry|[eat]
|-enditem|p2a: Ourobouros|Shuca Berry|[weaken]
|-damage|p2a: Ourobouros|48/100
|
|-heal|p1a: Ting-Lu|27/100|[from] item: Leftovers
|upkeep
|turn|14
|
|t:|1760339159
|move|p2a: Ourobouros|Close Combat|p1a: Ting-Lu
|-supereffective|p1a: Ting-Lu
|-damage|p1a: Ting-Lu|0 fnt
|-unboost|p2a: Ourobouros|def|1
|-unboost|p2a: Ourobouros|spd|1
|faint|p1a: Ting-Lu
|
|upkeep
|
|t:|1760339163
|switch|p1a: Zamazenta|Zamazenta|100/100
|-ability|p1a: Zamazenta|Dauntless Shield|boost
|-boost|p1a: Zamazenta|def|1
|turn|15
|
|t:|1760339166
|move|p1a: Zamazenta|Close Combat|p2a: Ourobouros
|-damage|p2a: Ourobouros|0 fnt
|-unboost|p1a: Zamazenta|def|1
|-unboost|p1a: Zamazenta|spd|1
|faint|p2a: Ourobouros
|
|upkeep
|
|t:|1760339170
|switch|p2a: Hatterene|Hatterene, F|100/100
|turn|16
|
|t:|1760339173
|-terastallize|p1a: Zamazenta|Steel
|move|p1a: Zamazenta|Heavy Slam|p2a: Hatterene
|-supereffective|p2a: Hatterene
|-damage|p2a: Hatterene|0 fnt
|faint|p2a: Hatterene
|
|upkeep
|
|t:|1760339176
|switch|p2a: Dragonite|Dragonite, F|100/100
|turn|17
|
|t:|1760339178
|move|p1a: Zamazenta|Stone Edge|p2a: Dragonite
|-supereffective|p2a: Dragonite
|-damage|p2a: Dragonite|71/100
|move|p2a: Dragonite|Earthquake|p1a: Zamazenta
|-supereffective|p1a: Zamazenta
|-damage|p1a: Zamazenta|3/100
|
|upkeep
|turn|18
|
|t:|1760339183
|switch|p2a: Kingambit|Kingambit, M|100/100
|-activate|p2a: Kingambit|ability: Supreme Overlord
|-start|p2a: Kingambit|fallen4|[silent]
|move|p1a: Zamazenta|Stone Edge|p2a: Kingambit
|-resisted|p2a: Kingambit
|-damage|p2a: Kingambit|88/100
|
|upkeep
|turn|19
|
|t:|1760339186
|move|p2a: Kingambit|Sucker Punch|p1a: Zamazenta
|-damage|p1a: Zamazenta|0 fnt
|faint|p1a: Zamazenta
|
|upkeep
|
|t:|1760339187
|switch|p1a: Kingambit|Kingambit, F|100/100
|-activate|p1a: Kingambit|ability: Supreme Overlord
|-start|p1a: Kingambit|fallen5|[silent]
|turn|20
|
|t:|1760339193
|move|p1a: Kingambit|Swords Dance|p1a: Kingambit
|-boost|p1a: Kingambit|atk|2
|move|p2a: Kingambit|Swords Dance|p2a: Kingambit
|-boost|p2a: Kingambit|atk|2
|
|upkeep
|turn|21
|
|t:|1760339196
|move|p1a: Kingambit|Kowtow Cleave|p2a: Kingambit
|-resisted|p2a: Kingambit
|-damage|p2a: Kingambit|24/100
|move|p2a: Kingambit|Kowtow Cleave|p1a: Kingambit
|-resisted|p1a: Kingambit
|-damage|p1a: Kingambit|27/100
|
|upkeep
|turn|22
|
|t:|1760339199
|move|p2a: Kingambit|Sucker Punch|p1a: Kingambit
|-resisted|p1a: Kingambit
|-damage|p1a: Kingambit|0 fnt
|faint|p1a: Kingambit
|-end|p1a: Kingambit|fallen5|[silent]
|
|win|Cryochronology
|raw|Ahahbaha's rating: 1325 &rarr; <strong>1303</strong><br />(-22 for losing)
|raw|Cryochronology's rating: 1294 &rarr; <strong>1321</strong><br />(+27 for winning)
|l|☆Ahahbaha
|player|p1|
|l|☆Cryochronology
|player|p2|
