|j|☆Epicentre7
|j|☆PV_09
|t:|1760453063
|gametype|singles
|player|p1|Epicentre7|bea|1432
|player|p2|PV_09|hexmaniac-gen3jp|1430
|gen|9
|tier|[Gen 9] OU
|rated|
|rule|HP Percentage Mod: HP is shown in percentages
|rule|Endless Battle Clause: Forcing endless battles is banned
|rule|Species Clause: Limit one of each Pokémon
|rule|OHKO Clause: OHKO moves are banned
|rule|Evasion Items Clause: Evasion items are banned
|rule|Evasion Moves Clause: Evasion moves are banned
|rule|Evasion Abilities Clause: Evasion abilities are banned
|rule|Sleep Moves Clause: Sleep-inducing moves are banned
|clearpoke
|poke|p1|Araquanid, M|
|poke|p1|Raging Bolt|
|poke|p1|Iron Moth|
|poke|p1|Great Tusk|
|poke|p1|Gholdengo|
|poke|p1|Kingambit, F|
|poke|p2|Hatterene, F|
|poke|p2|Bronzong|
|poke|p2|Primarina, F|
|poke|p2|Iron Hands|
|poke|p2|Gholdengo|
|poke|p2|Ursaluna, M|
|teampreview
|
|t:|1760453088
|teamsize|p1|6
|teamsize|p2|6
|start
|switch|p1a: Iron Moth|Iron Moth|100/100
|switch|p2a: tesla-gnarly|Iron Hands|100/100
|-enditem|p1a: Iron Moth|Booster Energy
|-activate|p1a: Iron Moth|ability: Quark Drive|[fromitem]
|-start|p1a: Iron Moth|quarkdrivespa
|turn|1
|
|t:|1760453101
|move|p1a: Iron Moth|Psychic|p2a: tesla-gnarly
|-supereffective|p2a: tesla-gnarly
|-damage|p2a: tesla-gnarly|17/100
|move|p2a: tesla-gnarly|Wild Charge|p1a: Iron Moth
|-damage|p1a: Iron Moth|0 fnt
|faint|p1a: Iron Moth
|-end|p1a: Iron Moth|Quark Drive|[silent]
|-damage|p2a: tesla-gnarly|3/100|[from] Recoil
|
|upkeep
|
|t:|1760453126
|switch|p1a: Araquanid|Araquanid, M|100/100
|turn|2
|
|t:|1760453187
|-end|p2a: tesla-gnarly|Quark Drive|[silent]
|switch|p2a: primadonna|Primarina, F|100/100
|move|p1a: Araquanid|Endure||[still]
|-fail|p1a: Araquanid
|
|upkeep
|turn|3
|inactive|Battle timer is ON: inactive players will automatically lose when time's up. (requested by Epicentre7)
|
|t:|1760453237
|move|p1a: Araquanid|Sticky Web|p2a: primadonna
|-sidestart|p2: PV_09|move: Sticky Web
|move|p2a: primadonna|Moonblast|p1a: Araquanid
|-damage|p1a: Araquanid|52/100
|-unboost|p1a: Araquanid|spa|1
|-damage|p2a: primadonna|91/100|[from] item: Life Orb
|
|upkeep
|turn|4
|
|t:|1760453245
|move|p2a: primadonna|Moonblast|p1a: Araquanid
|-damage|p1a: Araquanid|10/100
|-unboost|p1a: Araquanid|spa|1
|-damage|p2a: primadonna|81/100|[from] item: Life Orb
|move|p1a: Araquanid|Mirror Coat|p2a: primadonna
|-damage|p2a: primadonna|3/100
|
|upkeep
|turn|5
|-enditem|p1a: Araquanid|Custap Berry|[eat]
|-activate|p1a: Araquanid|item: Custap Berry|[consumed]
|
|t:|1760453258
|move|p1a: Araquanid|Liquidation|p2a: primadonna
|-resisted|p2a: primadonna
|-damage|p2a: primadonna|0 fnt
|faint|p2a: primadonna
|
|upkeep
|
|t:|1760453272
|switch|p2a: *NSYNC|Bronzong|100/100
|turn|6
|
|t:|1760453278
|move|p1a: Araquanid|Liquidation|p2a: *NSYNC
|-damage|p2a: *NSYNC|65/100
|move|p2a: *NSYNC|Trick Room|p2a: *NSYNC
|-fieldstart|move: Trick Room|[of] p2a: *NSYNC
|
|-heal|p2a: *NSYNC|71/100|[from] item: Leftovers
|upkeep
|turn|7
|inactive|PV_09 has 120 seconds left.
|
|t:|1760453319
|move|p2a: *NSYNC|Psychic|p1a: Araquanid
|-damage|p1a: Araquanid|0 fnt
|faint|p1a: Araquanid
|
|-heal|p2a: *NSYNC|77/100|[from] item: Leftovers
|upkeep
|inactive|Epicentre7 has 120 seconds left.
|
|t:|1760453351
|switch|p1a: Gholdengo|Gholdengo|100/100
|-item|p1a: Gholdengo|Air Balloon
|turn|8
|inactive|PV_09 has 120 seconds left.
|
|t:|1760453377
|switch|p2a: nice & slow|Ursaluna, M|100/100
|-activate|p2a: nice & slow|move: Sticky Web
|-unboost|p2a: nice & slow|spe|1
|move|p1a: Gholdengo|Shadow Ball|p2a: nice & slow
|-immune|p2a: nice & slow
|
|-status|p2a: nice & slow|brn|[from] item: Flame Orb
|upkeep
|turn|9
|inactive|Epicentre7 has 120 seconds left.
|
|t:|1760453396
|switch|p1a: Great Tusk|Great Tusk|100/100
|-enditem|p1a: Great Tusk|Booster Energy
|-activate|p1a: Great Tusk|ability: Protosynthesis|[fromitem]
|-start|p1a: Great Tusk|protosynthesisatk
|move|p2a: nice & slow|Crunch|p1a: Great Tusk
|-resisted|p1a: Great Tusk
|-damage|p1a: Great Tusk|84/100
|-unboost|p1a: Great Tusk|def|1
|
|-damage|p2a: nice & slow|94/100 brn|[from] brn
|upkeep
|turn|10
|
|t:|1760453408
|move|p2a: nice & slow|Earthquake|p1a: Great Tusk
|-damage|p1a: Great Tusk|0 fnt
|faint|p1a: Great Tusk
|-end|p1a: Great Tusk|Protosynthesis|[silent]
|
|-damage|p2a: nice & slow|88/100 brn|[from] brn
|-fieldend|move: Trick Room
|upkeep
|
|t:|1760453413
|switch|p1a: Kingambit|Kingambit, F|100/100
|-activate|p1a: Kingambit|ability: Supreme Overlord
|-start|p1a: Kingambit|fallen3|[silent]
|turn|11
|
|t:|1760453425
|-terastallize|p1a: Kingambit|Fairy
|move|p2a: nice & slow|Protect|p2a: nice & slow
|-singleturn|p2a: nice & slow|Protect
|move|p1a: Kingambit|Swords Dance|p1a: Kingambit
|-boost|p1a: Kingambit|atk|2
|
|-damage|p2a: nice & slow|82/100 brn|[from] brn
|upkeep
|turn|12
|
|t:|1760453448
|move|p1a: Kingambit|Kowtow Cleave|p2a: nice & slow
|-damage|p2a: nice & slow|0 fnt
|faint|p2a: nice & slow
|
|upkeep
|
|t:|1760453453
|switch|p2a: *NSYNC|Bronzong|77/100
|turn|13
|
|t:|1760453459
|-terastallize|p2a: *NSYNC|Fighting
|move|p1a: Kingambit|Kowtow Cleave|p2a: *NSYNC
|-resisted|p2a: *NSYNC
|-damage|p2a: *NSYNC|25/100
|move|p2a: *NSYNC|Trick Room|p2a: *NSYNC
|-fieldstart|move: Trick Room|[of] p2a: *NSYNC
|
|-heal|p2a: *NSYNC|32/100|[from] item: Leftovers
|upkeep
|turn|14
|
|t:|1760453469
|move|p1a: Kingambit|Sucker Punch|p2a: *NSYNC
|-resisted|p2a: *NSYNC
|-damage|p2a: *NSYNC|0 fnt
|faint|p2a: *NSYNC
|
|upkeep
|
|t:|1760453481
|switch|p2a: espresso|Hatterene, F|100/100
|-activate|p2a: espresso|move: Sticky Web
|-unboost|p2a: espresso|spe|1
|turn|15
|
|t:|1760453486
|move|p2a: espresso|Healing Wish|p2a: espresso
|faint|p2a: espresso
|move|p1a: Kingambit|Kowtow Cleave|p2: espresso|[notarget]
|-fail|p1a: Kingambit
|
|upkeep
|
|t:|1760453487
|switch|p2a: tesla-gnarly|Iron Hands|3/100
|-heal|p2a: tesla-gnarly|100/100|[from] move: Healing Wish
|-activate|p2a: tesla-gnarly|move: Sticky Web
|-unboost|p2a: tesla-gnarly|spe|1
|turn|16
|inactive|PV_09 has 120 seconds left.
|
|t:|1760453493
|move|p2a: tesla-gnarly|Wild Charge|p1a: Kingambit
|-crit|p1a: Kingambit
|-damage|p1a: Kingambit|0 fnt
|faint|p1a: Kingambit
|-end|p1a: Kingambit|fallen3|[silent]
|-damage|p2a: tesla-gnarly|84/100|[from] Recoil
|
|upkeep
|
|t:|1760453520
|switch|p1a: Gholdengo|Gholdengo|100/100
|-item|p1a: Gholdengo|Air Balloon
|turn|17
|inactive|PV_09 has 120 seconds left.
|
|t:|1760453546
|move|p2a: tesla-gnarly|Wild Charge|p1a: Gholdengo
|-damage|p1a: Gholdengo|8/100
|-enditem|p1a: Gholdengo|Air Balloon
|-damage|p2a: tesla-gnarly|70/100|[from] Recoil
|move|p1a: Gholdengo|Dazzling Gleam|p2a: tesla-gnarly
|-supereffective|p2a: tesla-gnarly
|-damage|p2a: tesla-gnarly|17/100
|
|-fieldend|move: Trick Room
|upkeep
|turn|18
|
|t:|1760453556
|move|p1a: Gholdengo|Shadow Ball|p2a: tesla-gnarly
|-damage|p2a: tesla-gnarly|0 fnt
|faint|p2a: tesla-gnarly
|-end|p2a: tesla-gnarly|Quark Drive|[silent]
|
|upkeep
|
|t:|1760453558
|switch|p2a: raingurl|Gholdengo|100/100
|-activate|p2a: raingurl|move: Sticky Web
|-unboost|p2a: raingurl|spe|1
|turn|19
|
|t:|1760453560
|move|p1a: Gholdengo|Shadow Ball|p2a: raingurl
|-supereffective|p2a: raingurl
|-damage|p2a: raingurl|11/100
|-unboost|p2a: raingurl|spd|1
|move|p2a: raingurl|Shadow Ball|p1a: Gholdengo
|-supereffective|p1a: Gholdengo
|-damage|p1a: Gholdengo|0 fnt
|faint|p1a: Gholdengo
|
|upkeep
|
|t:|1760453562
|switch|p1a: Raging Bolt|Raging Bolt|100/100
|-enditem|p1a: Raging Bolt|Booster Energy
|-activate|p1a: Raging Bolt|ability: Protosynthesis|[fromitem]
|-start|p1a: Raging Bolt|protosynthesisspa
|turn|20
|-message|PV_09 forfeited.
|
|win|Epicentre7
|raw|Epicentre7's rating: 1432 &rarr; <strong>1452</strong><br />(+20 for winning)
|raw|PV_09's rating: 1430 &rarr; <strong>1410</strong><br />(-20 for losing)
|l|☆PV_09
|player|p2|
|c|☆Epicentre7|get dunked on
|l|☆Epicentre7
|player|p1|
