|j|‽battler12312001
|j|☆EriCadalzo
|t:|1760329845
|gametype|singles
|player|p1|battler12312001|hilbert-wonderlauncher|1321
|player|p2|EriCadalzo|cynthia-gen7|1436
|gen|9
|tier|[Gen 9] OU
|rated|
|rule|HP Percentage Mod: HP is shown in percentages
|rule|Endless Battle Clause: Forcing endless battles is banned
|rule|Species Clause: Limit one of each Pokémon
|rule|OHKO Clause: OHKO moves are banned
|rule|Evasion Items Clause: Evasion items are banned
|rule|Evasion Moves Clause: Evasion moves are banned
|rule|Evasion Abilities Clause: Evasion abilities are banned
|rule|Sleep Moves Clause: Sleep-inducing moves are banned
|clearpoke
|poke|p1|Hawlucha, M|
|poke|p1|Rillaboom, M|
|poke|p1|Great Tusk|
|poke|p1|Rotom-Heat|
|poke|p1|Primarina, F|
|poke|p1|Polteageist-Antique|
|poke|p2|Gholdengo|
|poke|p2|Darkrai|
|poke|p2|Ting-Lu|
|poke|p2|Zapdos|
|poke|p2|Primarina, M|
|poke|p2|Gliscor, F|
|teampreview
|inactive|Battle timer is ON: inactive players will automatically lose when time's up. (requested by EriCadalzo)
|
|t:|1760329870
|teamsize|p1|6
|teamsize|p2|6
|start
|switch|p1a: Great Tusk|Great Tusk, shiny|100/100
|switch|p2a: Zapdos|Zapdos|100/100
|-enditem|p1a: Great Tusk|Booster Energy
|-activate|p1a: Great Tusk|ability: Protosynthesis|[fromitem]
|-start|p1a: Great Tusk|protosynthesisspe
|turn|1
|
|t:|1760329882
|move|p1a: Great Tusk|Bulk Up|p1a: Great Tusk
|-boost|p1a: Great Tusk|atk|1
|-boost|p1a: Great Tusk|def|1
|move|p2a: Zapdos|Hurricane|p1a: Great Tusk
|-supereffective|p1a: Great Tusk
|-damage|p1a: Great Tusk|0 fnt
|faint|p1a: Great Tusk
|-end|p1a: Great Tusk|Protosynthesis|[silent]
|
|upkeep
|
|t:|1760329893
|switch|p1a: Rotom|Rotom-Heat, shiny|100/100
|turn|2
|
|t:|1760329899
|move|p1a: Rotom|Overheat|p2a: Zapdos
|-crit|p2a: Zapdos
|-damage|p2a: Zapdos|12/100
|-unboost|p1a: Rotom|spa|2
|move|p2a: Zapdos|Volt Switch|p1a: Rotom
|-resisted|p1a: Rotom
|-damage|p1a: Rotom|81/100
|
|t:|1760329927
|switch|p2a: Ting-Lu|Ting-Lu|100/100|[from] Volt Switch
|-ability|p2a: Ting-Lu|Vessel of Ruin
|
|upkeep
|turn|3
|
|t:|1760329936
|switch|p1a: Rillaboom|Rillaboom, M, shiny|100/100
|-fieldstart|move: Grassy Terrain|[from] ability: Grassy Surge|[of] p1a: Rillaboom
|move|p2a: Ting-Lu|Stealth Rock|p1a: Rillaboom
|-sidestart|p1: battler12312001|move: Stealth Rock
|
|upkeep
|turn|4
|
|t:|1760329944
|switch|p2a: Zapdos|Zapdos|12/100
|move|p1a: Rillaboom|Knock Off|p2a: Zapdos
|-damage|p2a: Zapdos|0 fnt
|-enditem|p2a: Zapdos|Heavy-Duty Boots|[from] move: Knock Off|[of] p1a: Rillaboom
|faint|p2a: Zapdos
|-damage|p1a: Rillaboom|91/100|[from] item: Life Orb
|
|-heal|p1a: Rillaboom|97/100|[from] Grassy Terrain
|upkeep
|inactive|EriCadalzo has 120 seconds left.
|
|t:|1760329998
|switch|p2a: Darkrai|Darkrai|100/100
|turn|5
|
|t:|1760330008
|-terastallize|p2a: Darkrai|Poison
|move|p2a: Darkrai|Sludge Bomb|p1a: Rillaboom
|-supereffective|p1a: Rillaboom
|-damage|p1a: Rillaboom|0 fnt
|faint|p1a: Rillaboom
|
|upkeep
|
|t:|1760330019
|switch|p1a: Polteageist|Polteageist-Antique, shiny|100/100
|-damage|p1a: Polteageist|88/100|[from] Stealth Rock
|turn|6
|
|t:|1760330035
|-terastallize|p1a: Polteageist|Normal
|move|p2a: Darkrai|Sludge Bomb|p1a: Polteageist
|-damage|p1a: Polteageist|33/100
|move|p1a: Polteageist|Shell Smash|p1a: Polteageist
|-unboost|p1a: Polteageist|def|1
|-unboost|p1a: Polteageist|spd|1
|-boost|p1a: Polteageist|atk|2
|-boost|p1a: Polteageist|spa|2
|-boost|p1a: Polteageist|spe|2
|-enditem|p1a: Polteageist|White Herb
|-clearnegativeboost|p1a: Polteageist|[silent]
|
|-heal|p1a: Polteageist|39/100|[from] Grassy Terrain
|upkeep
|turn|7
|inactive|EriCadalzo has 90 seconds left.
|
|t:|1760330093
|switch|p2a: Ting-Lu|Ting-Lu|100/100
|-ability|p2a: Ting-Lu|Vessel of Ruin
|move|p1a: Polteageist|Psyshock|p2a: Ting-Lu
|-immune|p2a: Ting-Lu
|
|-heal|p1a: Polteageist|45/100|[from] Grassy Terrain
|-fieldend|move: Grassy Terrain
|upkeep
|turn|8
|
|t:|1760330101
|move|p1a: Polteageist|Giga Drain|p2a: Ting-Lu
|-supereffective|p2a: Ting-Lu
|-damage|p2a: Ting-Lu|54/100
|-heal|p1a: Polteageist|91/100|[from] drain|[of] p2a: Ting-Lu
|move|p2a: Ting-Lu|Earthquake|p1a: Polteageist
|-damage|p1a: Polteageist|26/100
|-start|p2a: Ting-Lu|Disable|Earthquake|[from] ability: Cursed Body|[of] p1a: Polteageist
|
|upkeep
|turn|9
|
|t:|1760330115
|switch|p2a: Gholdengo|Gholdengo|100/100
|move|p1a: Polteageist|Giga Drain|p2a: Gholdengo
|-resisted|p2a: Gholdengo
|-damage|p2a: Gholdengo|72/100
|-heal|p1a: Polteageist|46/100|[from] drain|[of] p2a: Gholdengo
|
|upkeep
|turn|10
|
|t:|1760330121
|move|p1a: Polteageist|Shadow Ball|p2a: Gholdengo
|-supereffective|p2a: Gholdengo
|-damage|p2a: Gholdengo|0 fnt
|faint|p2a: Gholdengo
|
|upkeep
|
|t:|1760330144
|switch|p2a: Gliscor|Gliscor, F|100/100
|turn|11
|
|t:|1760330155
|move|p2a: Gliscor|Protect|p2a: Gliscor
|-singleturn|p2a: Gliscor|Protect
|move|p1a: Polteageist|Shadow Ball|p2a: Gliscor
|-activate|p2a: Gliscor|move: Protect
|
|-status|p2a: Gliscor|tox|[from] item: Toxic Orb
|upkeep
|turn|12
|
|t:|1760330159
|move|p1a: Polteageist|Shadow Ball|p2a: Gliscor
|-damage|p2a: Gliscor|16/100 tox
|move|p2a: Gliscor|Facade|p1a: Polteageist
|-damage|p1a: Polteageist|0 fnt
|faint|p1a: Polteageist
|
|-heal|p2a: Gliscor|28/100 tox|[from] ability: Poison Heal
|upkeep
|
|t:|1760330188
|switch|p1a: Hawlucha|Hawlucha, M, shiny|100/100
|-damage|p1a: Hawlucha|88/100|[from] Stealth Rock
|turn|13
|
|t:|1760330195
|move|p1a: Hawlucha|Swords Dance|p1a: Hawlucha
|-boost|p1a: Hawlucha|atk|2
|move|p2a: Gliscor|Facade|p1a: Hawlucha
|-crit|p1a: Hawlucha
|-damage|p1a: Hawlucha|21/100
|
|-heal|p2a: Gliscor|41/100 tox|[from] ability: Poison Heal
|upkeep
|turn|14
|
|t:|1760330206
|switch|p2a: Ting-Lu|Ting-Lu|54/100
|-ability|p2a: Ting-Lu|Vessel of Ruin
|move|p1a: Hawlucha|Acrobatics|p2a: Ting-Lu
|-damage|p2a: Ting-Lu|24/100
|-damage|p1a: Hawlucha|4/100|[from] item: Rocky Helmet|[of] p2a: Ting-Lu
|
|upkeep
|turn|15
|
|t:|1760330219
|move|p1a: Hawlucha|Drain Punch|p2a: Ting-Lu
|-supereffective|p2a: Ting-Lu
|-damage|p2a: Ting-Lu|0 fnt
|-heal|p1a: Hawlucha|25/100|[from] drain|[of] p2a: Ting-Lu
|-damage|p1a: Hawlucha|8/100|[from] item: Rocky Helmet|[of] p2a: Ting-Lu
|faint|p2a: Ting-Lu
|
|upkeep
|
|t:|1760330225
|switch|p2a: Darkrai|Darkrai, tera:Poison|100/100
|turn|16
|
|t:|1760330236
|move|p2a: Darkrai|Sludge Bomb|p1a: Hawlucha
|-damage|p1a: Hawlucha|0 fnt
|faint|p1a: Hawlucha
|
|upkeep
|
|t:|1760330251
|switch|p1a: Rotom|Rotom-Heat, shiny|81/100
|-damage|p1a: Rotom|56/100|[from] Stealth Rock
|turn|17
|
|t:|1760330268
|switch|p2a: Gliscor|Gliscor, F|41/100 tox
|move|p1a: Rotom|Overheat|p2a: Gliscor
|-damage|p2a: Gliscor|0 fnt
|-unboost|p1a: Rotom|spa|2
|faint|p2a: Gliscor
|
|upkeep
|
|t:|1760330284
|switch|p2a: Darkrai|Darkrai, tera:Poison|100/100
|turn|18
|
|t:|1760330298
|switch|p1a: Primarina|Primarina, F, shiny|100/100
|-damage|p1a: Primarina|88/100|[from] Stealth Rock
|move|p2a: Darkrai|Sludge Bomb|p1a: Primarina
|-supereffective|p1a: Primarina
|-damage|p1a: Primarina|6/100
|
|-heal|p1a: Primarina|12/100|[from] item: Leftovers
|upkeep
|turn|19
|
|t:|1760330303
|move|p2a: Darkrai|Sludge Bomb|p1a: Primarina
|-supereffective|p1a: Primarina
|-damage|p1a: Primarina|0 fnt
|faint|p1a: Primarina
|
|upkeep
|
|t:|1760330306
|switch|p1a: Rotom|Rotom-Heat, shiny|56/100
|-damage|p1a: Rotom|31/100|[from] Stealth Rock
|turn|20
|
|t:|1760330312
|move|p1a: Rotom|Volt Switch|p2a: Darkrai
|-damage|p2a: Darkrai|62/100
|move|p2a: Darkrai|Sludge Bomb|p1a: Rotom
|-damage|p1a: Rotom|0 fnt
|faint|p1a: Rotom
|
|win|EriCadalzo
|raw|battler12312001's rating: 1321 &rarr; <strong>1307</strong><br />(-14 for losing)
|raw|EriCadalzo's rating: 1436 &rarr; <strong>1450</strong><br />(+14 for winning)
|l|☆EriCadalzo
|player|p2|
|l|‽battler12312001
|player|p1|
