|j|☆komo22
|j|☆hrrwwwssss
|t:|1760325165
|gametype|singles
|player|p1|komo22|plasmagrunt-gen5bw|1006
|player|p2|hrrwwwssss|lyra|1000
|gen|9
|tier|[Gen 9] OU
|rated|
|rule|HP Percentage Mod: HP is shown in percentages
|rule|Endless Battle Clause: Forcing endless battles is banned
|rule|Species Clause: Limit one of each Pokémon
|rule|OHKO Clause: OHKO moves are banned
|rule|Evasion Items Clause: Evasion items are banned
|rule|Evasion Moves Clause: Evasion moves are banned
|rule|Evasion Abilities Clause: Evasion abilities are banned
|rule|Sleep Moves Clause: Sleep-inducing moves are banned
|clearpoke
|poke|p1|Mandibuzz, F|
|poke|p1|Galvantula, F|
|poke|p1|Tentacruel, M|
|poke|p1|Pyroar, M|
|poke|p1|Reuniclus, M|
|poke|p1|Mudsdale, F|
|poke|p2|Meowscarada, M|
|poke|p2|Gengar, M|
|poke|p2|Rotom-Heat|
|poke|p2|Great Tusk|
|poke|p2|Walking Wake|
|poke|p2|Iron Valiant|
|teampreview
|inactive|Battle timer is ON: inactive players will automatically lose when time's up. (requested by hrrwwwssss)
|
|t:|1760325185
|teamsize|p1|6
|teamsize|p2|6
|start
|switch|p1a: Galvantula|Galvantula, F, shiny|100/100
|switch|p2a: Gengar|Gengar, M, shiny|100/100
|turn|1
|
|t:|1760325190
|move|p2a: Gengar|Mean Look|p1a: Galvantula
|-activate|p1a: Galvantula|trapped
|move|p1a: Galvantula|Sticky Web|p2a: Gengar
|-sidestart|p2: hrrwwwssss|move: Sticky Web
|
|upkeep
|turn|2
|
|t:|1760325196
|move|p2a: Gengar|Encore|p1a: Galvantula
|-start|p1a: Galvantula|Encore
|move|p1a: Galvantula|Sticky Web||[still]
|-fail|p1a: Galvantula
|
|upkeep
|turn|3
|inactive|komo22 has 120 seconds left.
|
|t:|1760325234
|move|p2a: Gengar|Nasty Plot|p2a: Gengar
|-boost|p2a: Gengar|spa|2
|move|p1a: Galvantula|Sticky Web||[still]
|-fail|p1a: Galvantula
|
|upkeep
|turn|4
|inactive|komo22 has 120 seconds left.
|
|t:|1760325240
|move|p2a: Gengar|Nasty Plot|p2a: Gengar
|-boost|p2a: Gengar|spa|2
|move|p1a: Galvantula|Sticky Web||[still]
|-fail|p1a: Galvantula
|
|-end|p1a: Galvantula|Encore
|upkeep
|turn|5
|
|t:|1760325247
|move|p2a: Gengar|Encore|p1a: Galvantula
|-start|p1a: Galvantula|Encore
|move|p1a: Galvantula|Sticky Web||[still]
|-fail|p1a: Galvantula
|
|upkeep
|turn|6
|
|t:|1760325254
|move|p2a: Gengar|Nasty Plot|p2a: Gengar
|-boost|p2a: Gengar|spa|2
|move|p1a: Galvantula|Sticky Web||[still]
|-fail|p1a: Galvantula
|
|upkeep
|turn|7
|
|t:|1760325262
|move|p2a: Gengar|Tera Blast|p1a: Galvantula
|-enditem|p1a: Galvantula|Focus Sash
|-damage|p1a: Galvantula|1/100
|move|p1a: Galvantula|Sticky Web||[still]
|-fail|p1a: Galvantula
|
|-end|p1a: Galvantula|Encore
|upkeep
|turn|8
|
|t:|1760325270
|move|p2a: Gengar|Tera Blast|p1a: Galvantula
|-damage|p1a: Galvantula|0 fnt
|faint|p1a: Galvantula
|
|upkeep
|
|t:|1760325278
|switch|p1a: Mudsdale|Mudsdale, F|100/100
|turn|9
|
|t:|1760325281
|-terastallize|p2a: Gengar|Flying
|move|p2a: Gengar|Mean Look|p1a: Mudsdale
|-activate|p1a: Mudsdale|trapped
|move|p1a: Mudsdale|Stomping Tantrum|p2a: Gengar
|-immune|p2a: Gengar
|
|upkeep
|turn|10
|-message|komo22 forfeited.
|
|win|hrrwwwssss
|raw|komo22's rating: 1006 &rarr; <strong>1000</strong><br />(-6 for losing)
|raw|hrrwwwssss's rating: 1000 &rarr; <strong>1041</strong><br />(+41 for winning)
|l|☆komo22
|player|p1|
