|j|☆Crocodile E
|j|☆everrave
|t:|1760362631
|gametype|singles
|player|p1|Crocodile E|boarder|1424
|player|p2|everrave|policeman-gen4|1424
|gen|9
|tier|[Gen 9] OU
|rated|
|rule|HP Percentage Mod: HP is shown in percentages
|rule|Endless Battle Clause: Forcing endless battles is banned
|rule|Species Clause: Limit one of each Pokémon
|rule|OHKO Clause: OHKO moves are banned
|rule|Evasion Items Clause: Evasion items are banned
|rule|Evasion Moves Clause: Evasion moves are banned
|rule|Evasion Abilities Clause: Evasion abilities are banned
|rule|Sleep Moves Clause: Sleep-inducing moves are banned
|clearpoke
|poke|p1|Pelipper, F|
|poke|p1|Barraskewda, F|
|poke|p1|Hatterene, F|
|poke|p1|Raging Bolt|
|poke|p1|Hoopa-Unbound|
|poke|p1|Landorus-Therian, M|
|poke|p2|Goodra-Hisui, F|
|poke|p2|Rillaboom, F|
|poke|p2|Incineroar, F|
|poke|p2|Comfey, F|
|poke|p2|Great Tusk|
|poke|p2|Gengar, F|
|teampreview
|inactive|Battle timer is ON: inactive players will automatically lose when time's up. (requested by Crocodile E)
|
|t:|1760362646
|teamsize|p1|6
|teamsize|p2|6
|start
|switch|p1a: Pelipper|Pelipper, F|100/100
|switch|p2a: Rillaboom|Rillaboom, F|100/100
|-fieldstart|move: Grassy Terrain|[from] ability: Grassy Surge|[of] p2a: Rillaboom
|-weather|RainDance|[from] ability: Drizzle|[of] p1a: Pelipper
|turn|1
|
|t:|1760362654
|switch|p2a: Goodra|Goodra-Hisui, F|100/100
|move|p1a: Pelipper|Hurricane|p2a: Goodra
|-resisted|p2a: Goodra
|-damage|p2a: Goodra|89/100
|
|-weather|RainDance|[upkeep]
|-heal|p2a: Goodra|95/100|[from] Grassy Terrain
|-heal|p2a: Goodra|100/100|[from] item: Leftovers
|upkeep
|turn|2
|
|t:|1760362660
|switch|p1a: Hatterene|Hatterene, F|100/100
|move|p2a: Goodra|Shelter|p2a: Goodra
|-boost|p2a: Goodra|def|2
|
|-weather|RainDance|[upkeep]
|upkeep
|turn|3
|
|t:|1760362666
|move|p2a: Goodra|Knock Off|p1a: Hatterene
|-damage|p1a: Hatterene|81/100
|-enditem|p1a: Hatterene|Eject Button|[from] move: Knock Off|[of] p2a: Goodra
|move|p1a: Hatterene|Nuzzle|p2a: Goodra
|-resisted|p2a: Goodra
|-damage|p2a: Goodra|99/100
|-status|p2a: Goodra|par
|
|-weather|RainDance|[upkeep]
|-heal|p1a: Hatterene|87/100|[from] Grassy Terrain
|-heal|p2a: Goodra|100/100 par|[from] Grassy Terrain
|upkeep
|turn|4
|
|t:|1760362673
|switch|p2a: Incineroar|Incineroar, F|100/100
|-ability|p2a: Incineroar|Intimidate|boost
|-unboost|p1a: Hatterene|atk|1
|move|p1a: Hatterene|Dazzling Gleam|p2a: Incineroar
|-damage|p2a: Incineroar|78/100
|
|-weather|RainDance|[upkeep]
|-heal|p2a: Incineroar|85/100|[from] Grassy Terrain
|-heal|p1a: Hatterene|93/100|[from] Grassy Terrain
|upkeep
|turn|5
|
|t:|1760362677
|move|p2a: Incineroar|Knock Off|p1a: Hatterene
|-damage|p1a: Hatterene|72/100
|move|p1a: Hatterene|Nuzzle|p2a: Incineroar
|-damage|p2a: Incineroar|82/100
|-status|p2a: Incineroar|par
|
|-weather|RainDance|[upkeep]
|-heal|p1a: Hatterene|78/100|[from] Grassy Terrain
|-heal|p2a: Incineroar|88/100 par|[from] Grassy Terrain
|upkeep
|turn|6
|
|t:|1760362683
|move|p1a: Hatterene|Dazzling Gleam|p2a: Incineroar
|-damage|p2a: Incineroar|62/100 par
|move|p2a: Incineroar|Parting Shot|p1a: Hatterene
|move|p1a: Hatterene|Parting Shot|p2a: Incineroar|[from] ability: Magic Bounce
|-unboost|p2a: Incineroar|atk|1
|-unboost|p2a: Incineroar|spa|1
|
|t:|1760362690
|switch|p1a: Landorus|Landorus-Therian, M|100/100|[from] Parting Shot
|-ability|p1a: Landorus|Intimidate|boost
|-unboost|p2a: Incineroar|atk|1
|
|-weather|RainDance|[upkeep]
|-heal|p2a: Incineroar|68/100 par|[from] Grassy Terrain
|upkeep
|turn|7
|
|t:|1760362697
|switch|p2a: Rillaboom|Rillaboom, F|100/100
|move|p1a: Landorus|Sandsear Storm|p2a: Rillaboom
|-resisted|p2a: Rillaboom
|-damage|p2a: Rillaboom|73/100
|-status|p2a: Rillaboom|brn
|
|-weather|RainDance|[upkeep]
|-heal|p2a: Rillaboom|79/100 brn|[from] Grassy Terrain
|-damage|p2a: Rillaboom|73/100 brn|[from] brn
|upkeep
|turn|8
|
|t:|1760362702
|switch|p1a: Hatterene|Hatterene, F|78/100
|move|p2a: Rillaboom|U-turn|p1a: Hatterene
|-damage|p1a: Hatterene|67/100
|
|t:|1760362707
|switch|p2a: Comfey|Comfey, F|100/100|[from] U-turn
|
|-weather|none
|-heal|p1a: Hatterene|73/100|[from] Grassy Terrain
|-fieldend|move: Grassy Terrain
|upkeep
|turn|9
|
|t:|1760362710
|-terastallize|p2a: Comfey|Ground
|move|p2a: Comfey|Calm Mind|p2a: Comfey
|-boost|p2a: Comfey|spa|1
|-boost|p2a: Comfey|spd|1
|move|p1a: Hatterene|Nuzzle|p2a: Comfey
|-immune|p2a: Comfey
|
|upkeep
|turn|10
|
|t:|1760362717
|move|p2a: Comfey|Calm Mind|p2a: Comfey
|-boost|p2a: Comfey|spa|1
|-boost|p2a: Comfey|spd|1
|move|p1a: Hatterene|Psychic Noise|p2a: Comfey
|-damage|p2a: Comfey|83/100
|-start|p2a: Comfey|move: Heal Block
|
|upkeep
|turn|11
|
|t:|1760362722
|switch|p1a: Hoopa|Hoopa-Unbound|100/100
|move|p2a: Comfey|Tera Blast|p1a: Hoopa|[anim] Tera Blast Ground
|-damage|p1a: Hoopa|28/100
|-damage|p2a: Comfey|73/100|[from] item: Life Orb
|
|-end|p2a: Comfey|move: Heal Block
|upkeep
|turn|12
|
|t:|1760362725
|move|p2a: Comfey|Draining Kiss|p1a: Hoopa
|-supereffective|p1a: Hoopa
|-damage|p1a: Hoopa|0 fnt
|-heal|p2a: Comfey|96/100|[from] drain|[of] p1a: Hoopa
|faint|p1a: Hoopa
|-damage|p2a: Comfey|86/100|[from] item: Life Orb
|
|upkeep
|
|t:|1760362732
|switch|p1a: Pelipper|Pelipper, F|100/100
|-weather|RainDance|[from] ability: Drizzle|[of] p1a: Pelipper
|turn|13
|
|t:|1760362739
|move|p2a: Comfey|Draining Kiss|p1a: Pelipper
|-damage|p1a: Pelipper|22/100
|-heal|p2a: Comfey|100/100|[from] drain|[of] p1a: Pelipper
|-damage|p2a: Comfey|91/100|[from] item: Life Orb
|move|p1a: Pelipper|U-turn|p2a: Comfey
|-damage|p2a: Comfey|80/100
|
|t:|1760362741
|switch|p1a: Barraskewda|Barraskewda, F|100/100|[from] U-turn
|
|-weather|RainDance|[upkeep]
|upkeep
|turn|14
|
|t:|1760362748
|-terastallize|p1a: Barraskewda|Water
|move|p2a: Comfey|Draining Kiss|p1a: Barraskewda
|-damage|p1a: Barraskewda|0 fnt
|-heal|p2a: Comfey|100/100|[from] drain|[of] p1a: Barraskewda
|faint|p1a: Barraskewda
|-damage|p2a: Comfey|91/100|[from] item: Life Orb
|
|-weather|RainDance|[upkeep]
|upkeep
|-message|Crocodile E forfeited.
|
|win|everrave
|raw|Crocodile E's rating: 1424 &rarr; <strong>1404</strong><br />(-20 for losing)
|raw|everrave's rating: 1424 &rarr; <strong>1444</strong><br />(+20 for winning)
|l|☆Crocodile E
|player|p1|
|l|☆everrave
|player|p2|
