|j|☆mach95a113
|j|☆NightmarePuppetX
|t:|1760385004
|gametype|singles
|player|p1|mach95a113|gardenia|1108
|player|p2|NightmarePuppetX|1|1130
|gen|9
|tier|[Gen 9] OU
|rated|
|rule|HP Percentage Mod: HP is shown in percentages
|rule|Endless Battle Clause: Forcing endless battles is banned
|rule|Species Clause: Limit one of each Pokémon
|rule|OHKO Clause: OHKO moves are banned
|rule|Evasion Items Clause: Evasion items are banned
|rule|Evasion Moves Clause: Evasion moves are banned
|rule|Evasion Abilities Clause: Evasion abilities are banned
|rule|Sleep Moves Clause: Sleep-inducing moves are banned
|clearpoke
|poke|p1|Serperior, M|
|poke|p1|Hoopa-Unbound|
|poke|p1|Grimmsnarl, M|
|poke|p1|Great Tusk|
|poke|p1|Glimmora, M|
|poke|p1|Blaziken, F|
|poke|p2|Blaziken, F|
|poke|p2|Heatran, M|
|poke|p2|Ceruledge, F|
|poke|p2|Great Tusk|
|poke|p2|Corviknight, F|
|poke|p2|Florges, F|
|teampreview
|c|☆mach95a113|Good luck!
|
|t:|1760385032
|teamsize|p1|6
|teamsize|p2|6
|start
|switch|p1a: Glimmora|Glimmora, M|100/100
|switch|p2a: Tigre de fuego|Great Tusk|100/100
|turn|1
|
|t:|1760385041
|move|p1a: Glimmora|Spikes|p2a: Tigre de fuego
|-sidestart|p2: NightmarePuppetX|Spikes
|move|p2a: Tigre de fuego|Rapid Spin|p1a: Glimmora
|-resisted|p1a: Glimmora
|-damage|p1a: Glimmora|94/100
|-boost|p2a: Tigre de fuego|spe|1
|-activate|p1a: Glimmora|ability: Toxic Debris
|-sidestart|p2: NightmarePuppetX|move: Toxic Spikes
|-sideend|p2: NightmarePuppetX|Spikes|[from] move: Rapid Spin|[of] p2a: Tigre de fuego
|-sideend|p2: NightmarePuppetX|Toxic Spikes|[from] move: Rapid Spin|[of] p2a: Tigre de fuego
|
|upkeep
|turn|2
|
|t:|1760385051
|move|p2a: Tigre de fuego|Earthquake|p1a: Glimmora
|-supereffective|p1a: Glimmora
|-damage|p1a: Glimmora|0 fnt
|-activate|p1a: Glimmora|ability: Toxic Debris
|-sidestart|p2: NightmarePuppetX|move: Toxic Spikes
|faint|p1a: Glimmora
|
|upkeep
|
|t:|1760385061
|switch|p1a: Blaziken|Blaziken, F|100/100
|turn|3
|
|t:|1760385069
|move|p1a: Blaziken|Protect|p1a: Blaziken
|-singleturn|p1a: Blaziken|Protect
|move|p2a: Tigre de fuego|Earthquake|p1a: Blaziken
|-activate|p1a: Blaziken|move: Protect
|
|-ability|p1a: Blaziken|Speed Boost|boost
|-boost|p1a: Blaziken|spe|1
|upkeep
|turn|4
|
|t:|1760385077
|move|p1a: Blaziken|Substitute|p1a: Blaziken
|-start|p1a: Blaziken|Substitute
|-damage|p1a: Blaziken|76/100
|move|p2a: Tigre de fuego|Earthquake|p1a: Blaziken
|-supereffective|p1a: Blaziken
|-end|p1a: Blaziken|Substitute
|
|-heal|p1a: Blaziken|82/100|[from] item: Leftovers
|-ability|p1a: Blaziken|Speed Boost|boost
|-boost|p1a: Blaziken|spe|1
|upkeep
|turn|5
|
|t:|1760385086
|move|p1a: Blaziken|Protect|p1a: Blaziken
|-singleturn|p1a: Blaziken|Protect
|move|p2a: Tigre de fuego|Earthquake|p1a: Blaziken
|-activate|p1a: Blaziken|move: Protect
|
|-heal|p1a: Blaziken|88/100|[from] item: Leftovers
|-ability|p1a: Blaziken|Speed Boost|boost
|-boost|p1a: Blaziken|spe|1
|upkeep
|turn|6
|
|t:|1760385094
|-terastallize|p1a: Blaziken|Flying
|move|p1a: Blaziken|Substitute|p1a: Blaziken
|-start|p1a: Blaziken|Substitute
|-damage|p1a: Blaziken|63/100
|move|p2a: Tigre de fuego|Earthquake|p1a: Blaziken
|-immune|p1a: Blaziken
|
|-heal|p1a: Blaziken|69/100|[from] item: Leftovers
|-ability|p1a: Blaziken|Speed Boost|boost
|-boost|p1a: Blaziken|spe|1
|upkeep
|turn|7
|
|t:|1760385098
|move|p1a: Blaziken|Swords Dance|p1a: Blaziken
|-boost|p1a: Blaziken|atk|2
|move|p2a: Tigre de fuego|Ice Spinner|p1a: Blaziken
|-supereffective|p1a: Blaziken
|-end|p1a: Blaziken|Substitute
|
|-heal|p1a: Blaziken|75/100|[from] item: Leftovers
|-ability|p1a: Blaziken|Speed Boost|boost
|-boost|p1a: Blaziken|spe|1
|upkeep
|turn|8
|
|t:|1760385111
|move|p1a: Blaziken|Close Combat|p2a: Tigre de fuego
|-damage|p2a: Tigre de fuego|42/100
|-unboost|p1a: Blaziken|def|1
|-unboost|p1a: Blaziken|spd|1
|move|p2a: Tigre de fuego|Ice Spinner|p1a: Blaziken
|-supereffective|p1a: Blaziken
|-damage|p1a: Blaziken|0 fnt
|faint|p1a: Blaziken
|
|-heal|p2a: Tigre de fuego|49/100|[from] item: Leftovers
|upkeep
|
|t:|1760385125
|switch|p1a: Hoopa|Hoopa-Unbound|100/100
|turn|9
|
|t:|1760385135
|move|p2a: Tigre de fuego|Rapid Spin|p1a: Hoopa
|-damage|p1a: Hoopa|79/100
|-boost|p2a: Tigre de fuego|spe|1
|-sideend|p2: NightmarePuppetX|Toxic Spikes|[from] move: Rapid Spin|[of] p2a: Tigre de fuego
|move|p1a: Hoopa|Hyperspace Fury|p2a: Tigre de fuego
|-resisted|p2a: Tigre de fuego
|-damage|p2a: Tigre de fuego|29/100
|-unboost|p1a: Hoopa|def|1
|
|-heal|p2a: Tigre de fuego|36/100|[from] item: Leftovers
|upkeep
|turn|10
|
|t:|1760385142
|move|p2a: Tigre de fuego|Body Press|p1a: Hoopa
|-damage|p1a: Hoopa|0 fnt
|faint|p1a: Hoopa
|
|-heal|p2a: Tigre de fuego|42/100|[from] item: Leftovers
|upkeep
|
|t:|1760385149
|switch|p1a: Grimmsnarl|Grimmsnarl, M|100/100
|turn|11
|
|t:|1760385153
|move|p1a: Grimmsnarl|Reflect|p1a: Grimmsnarl
|-sidestart|p1: mach95a113|Reflect
|move|p2a: Tigre de fuego|Body Press|p1a: Grimmsnarl
|-damage|p1a: Grimmsnarl|74/100
|
|-heal|p2a: Tigre de fuego|48/100|[from] item: Leftovers
|upkeep
|turn|12
|
|t:|1760385162
|move|p2a: Tigre de fuego|Body Press|p1a: Grimmsnarl
|-damage|p1a: Grimmsnarl|46/100
|move|p1a: Grimmsnarl|Hammer Arm|p2a: Tigre de fuego
|-damage|p2a: Tigre de fuego|38/100
|-unboost|p1a: Grimmsnarl|spe|1
|
|-heal|p2a: Tigre de fuego|44/100|[from] item: Leftovers
|upkeep
|turn|13
|
|t:|1760385166
|move|p2a: Tigre de fuego|Body Press|p1a: Grimmsnarl
|-damage|p1a: Grimmsnarl|19/100
|move|p1a: Grimmsnarl|Hammer Arm|p2a: Tigre de fuego
|-damage|p2a: Tigre de fuego|32/100
|-unboost|p1a: Grimmsnarl|spe|1
|
|-heal|p2a: Tigre de fuego|38/100|[from] item: Leftovers
|upkeep
|turn|14
|
|t:|1760385171
|move|p1a: Grimmsnarl|Parting Shot|p2a: Tigre de fuego
|-unboost|p2a: Tigre de fuego|atk|1
|-unboost|p2a: Tigre de fuego|spa|1
|
|t:|1760385174
|switch|p1a: Great Tusk|Great Tusk|100/100|[from] Parting Shot
|-enditem|p1a: Great Tusk|Booster Energy
|-activate|p1a: Great Tusk|ability: Protosynthesis|[fromitem]
|-start|p1a: Great Tusk|protosynthesisatk
|move|p2a: Tigre de fuego|Body Press|p1a: Great Tusk
|-damage|p1a: Great Tusk|84/100
|
|-heal|p2a: Tigre de fuego|45/100|[from] item: Leftovers
|upkeep
|turn|15
|
|t:|1760385179
|-end|p2a: Tigre de fuego|Protosynthesis|[silent]
|switch|p2a: Kasugai|Corviknight, F|100/100
|move|p1a: Great Tusk|Headlong Rush|p2a: Kasugai
|-immune|p2a: Kasugai
|
|upkeep
|turn|16
|
|t:|1760385184
|move|p1a: Great Tusk|Taunt|p2a: Kasugai
|-start|p2a: Kasugai|move: Taunt
|cant|p2a: Kasugai|move: Taunt|Defog
|
|upkeep
|turn|17
|
|t:|1760385187
|move|p1a: Great Tusk|Stealth Rock|p2a: Kasugai
|-sidestart|p2: NightmarePuppetX|move: Stealth Rock
|move|p2a: Kasugai|Brave Bird|p1a: Great Tusk
|-supereffective|p1a: Great Tusk
|-damage|p1a: Great Tusk|58/100
|-damage|p2a: Kasugai|92/100|[from] Recoil
|
|upkeep
|turn|18
|
|t:|1760385198
|move|p1a: Great Tusk|Close Combat|p2a: Kasugai
|-damage|p2a: Kasugai|40/100
|-unboost|p1a: Great Tusk|def|1
|-unboost|p1a: Great Tusk|spd|1
|-damage|p1a: Great Tusk|41/100|[from] item: Rocky Helmet|[of] p2a: Kasugai
|move|p2a: Kasugai|Brave Bird|p1a: Great Tusk
|-supereffective|p1a: Great Tusk
|-damage|p1a: Great Tusk|0 fnt
|faint|p1a: Great Tusk
|-end|p1a: Great Tusk|Protosynthesis|[silent]
|-damage|p2a: Kasugai|27/100|[from] Recoil
|
|-end|p2a: Kasugai|move: Taunt
|-sideend|p1: mach95a113|Reflect
|upkeep
|
|t:|1760385206
|switch|p1a: Serperior|Serperior, M|100/100
|turn|19
|
|t:|1760385214
|move|p1a: Serperior|Glare|p2a: Kasugai
|-status|p2a: Kasugai|par
|cant|p2a: Kasugai|par
|
|upkeep
|turn|20
|
|t:|1760385218
|switch|p2a: mar de fuego|Heatran, M|100/100
|-damage|p2a: mar de fuego|88/100|[from] Stealth Rock
|move|p1a: Serperior|Leaf Storm|p2a: mar de fuego
|-resisted|p2a: mar de fuego
|-damage|p2a: mar de fuego|78/100
|-boost|p1a: Serperior|spa|2
|
|-heal|p2a: mar de fuego|84/100|[from] item: Leftovers
|upkeep
|turn|21
|
|t:|1760385225
|move|p1a: Serperior|Substitute|p1a: Serperior
|-start|p1a: Serperior|Substitute
|-damage|p1a: Serperior|76/100
|move|p2a: mar de fuego|Lava Plume|p1a: Serperior
|-supereffective|p1a: Serperior
|-end|p1a: Serperior|Substitute
|
|-heal|p1a: Serperior|82/100|[from] item: Leftovers
|-heal|p2a: mar de fuego|90/100|[from] item: Leftovers
|upkeep
|turn|22
|
|t:|1760385236
|move|p1a: Serperior|Glare|p2a: mar de fuego
|-status|p2a: mar de fuego|par
|move|p2a: mar de fuego|Lava Plume|p1a: Serperior
|-supereffective|p1a: Serperior
|-damage|p1a: Serperior|0 fnt
|faint|p1a: Serperior
|
|-heal|p2a: mar de fuego|97/100 par|[from] item: Leftovers
|upkeep
|
|t:|1760385242
|switch|p1a: Grimmsnarl|Grimmsnarl, M|19/100
|turn|23
|
|t:|1760385245
|move|p1a: Grimmsnarl|Hammer Arm|p2a: mar de fuego
|-supereffective|p2a: mar de fuego
|-damage|p2a: mar de fuego|58/100 par
|-unboost|p1a: Grimmsnarl|spe|1
|move|p2a: mar de fuego|Flash Cannon|p1a: Grimmsnarl
|-supereffective|p1a: Grimmsnarl
|-damage|p1a: Grimmsnarl|0 fnt
|faint|p1a: Grimmsnarl
|
|win|NightmarePuppetX
|raw|mach95a113's rating: 1108 &rarr; <strong>1085</strong><br />(-23 for losing)
|raw|NightmarePuppetX's rating: 1130 &rarr; <strong>1153</strong><br />(+23 for winning)
|c|☆mach95a113|Gg
|l|☆NightmarePuppetX
|player|p2|
