|j|☆homerac
|j|☆elite four jesus
|t:|1760386898
|gametype|singles
|player|p1|homerac|266|1251
|player|p2|elite four jesus|musician|1200
|gen|9
|tier|[Gen 9] OU
|rated|
|rule|HP Percentage Mod: HP is shown in percentages
|rule|Endless Battle Clause: Forcing endless battles is banned
|rule|Species Clause: Limit one of each Pokémon
|rule|OHKO Clause: OHKO moves are banned
|rule|Evasion Items Clause: Evasion items are banned
|rule|Evasion Moves Clause: Evasion moves are banned
|rule|Evasion Abilities Clause: Evasion abilities are banned
|rule|Sleep Moves Clause: Sleep-inducing moves are banned
|clearpoke
|poke|p1|Araquanid, M|
|poke|p1|Darkrai|
|poke|p1|Garchomp, F|
|poke|p1|Primarina, M|
|poke|p1|Breloom, F|
|poke|p1|Oricorio-Pom-Pom, M|
|poke|p2|Kyurem|
|poke|p2|Slowking-Galar, M|
|poke|p2|Ogerpon-Wellspring, F|
|poke|p2|Kingambit, F|
|poke|p2|Persian, F|
|poke|p2|Great Tusk|
|teampreview
|
|t:|1760386908
|teamsize|p1|6
|teamsize|p2|6
|start
|switch|p1a: Garchomp|Garchomp, F|100/100
|switch|p2a: pokemon isnt dead|Persian, F, shiny|100/100
|turn|1
|
|t:|1760386916
|move|p2a: pokemon isnt dead|Knock Off|p1a: Garchomp
|-damage|p1a: Garchomp|77/100
|-damage|p2a: pokemon isnt dead|88/100|[from] ability: Rough Skin|[of] p1a: Garchomp
|-damage|p2a: pokemon isnt dead|72/100|[from] item: Rocky Helmet|[of] p1a: Garchomp
|-enditem|p1a: Garchomp|Rocky Helmet|[from] move: Knock Off|[of] p2a: pokemon isnt dead
|move|p1a: Garchomp|Stealth Rock|p2a: pokemon isnt dead
|-sidestart|p2: elite four jesus|move: Stealth Rock
|
|upkeep
|turn|2
|
|t:|1760386928
|move|p2a: pokemon isnt dead|U-turn|p1a: Garchomp
|-damage|p1a: Garchomp|59/100
|-damage|p2a: pokemon isnt dead|60/100|[from] ability: Rough Skin|[of] p1a: Garchomp
|
|t:|1760386932
|switch|p2a: pokemon is /bye|Great Tusk|100/100|[from] U-turn
|-damage|p2a: pokemon is /bye|98/100|[from] Stealth Rock
|move|p1a: Garchomp|Earthquake|p2a: pokemon is /bye
|-damage|p2a: pokemon is /bye|73/100
|
|-heal|p2a: pokemon is /bye|79/100|[from] item: Leftovers
|upkeep
|turn|3
|
|t:|1760386943
|move|p1a: Garchomp|Earthquake|p2a: pokemon is /bye
|-damage|p2a: pokemon is /bye|52/100
|move|p2a: pokemon is /bye|Rapid Spin|p1a: Garchomp
|-damage|p1a: Garchomp|44/100
|-boost|p2a: pokemon is /bye|spe|1
|-damage|p2a: pokemon is /bye|39/100|[from] ability: Rough Skin|[of] p1a: Garchomp
|-sideend|p2: elite four jesus|Stealth Rock|[from] move: Rapid Spin|[of] p2a: pokemon is /bye
|
|-heal|p2a: pokemon is /bye|45/100|[from] item: Leftovers
|upkeep
|turn|4
|
|t:|1760386953
|switch|p1a: Araquanid|Araquanid, M|100/100
|move|p2a: pokemon is /bye|Stealth Rock|p1a: Araquanid
|-sidestart|p1: homerac|move: Stealth Rock
|
|-heal|p2a: pokemon is /bye|52/100|[from] item: Leftovers
|upkeep
|turn|5
|
|t:|1760386964
|-end|p2a: pokemon is /bye|Protosynthesis|[silent]
|switch|p2a: pokemon isnt dead|Persian, F, shiny|60/100
|move|p1a: Araquanid|Lunge|p2a: pokemon isnt dead
|-damage|p2a: pokemon isnt dead|5/100
|-unboost|p2a: pokemon isnt dead|atk|1
|
|upkeep
|turn|6
|
|t:|1760386971
|switch|p1a: Garchomp|Garchomp, F|44/100
|-damage|p1a: Garchomp|37/100|[from] Stealth Rock
|move|p2a: pokemon isnt dead|Fake Out|p1a: Garchomp
|-damage|p1a: Garchomp|22/100
|-damage|p2a: pokemon isnt dead|0 fnt|[from] ability: Rough Skin|[of] p1a: Garchomp
|faint|p2a: pokemon isnt dead
|
|upkeep
|
|t:|1760386988
|switch|p2a: POKEMON IS DEAD|Ogerpon-Wellspring, F|100/100
|turn|7
|
|t:|1760386998
|move|p2a: POKEMON IS DEAD|Horn Leech|p1a: Garchomp
|-damage|p1a: Garchomp|0 fnt
|-damage|p2a: POKEMON IS DEAD|88/100|[from] ability: Rough Skin|[of] p1a: Garchomp
|faint|p1a: Garchomp
|
|upkeep
|
|t:|1760387020
|switch|p1a: Breloom|Breloom, F|100/100
|-damage|p1a: Breloom|94/100|[from] Stealth Rock
|turn|8
|
|t:|1760387027
|move|p2a: POKEMON IS DEAD|U-turn|p1a: Breloom
|-damage|p1a: Breloom|52/100
|
|t:|1760387035
|switch|p2a: POKEMON IS D3AD|Slowking-Galar, M|100/100|[from] U-turn
|move|p1a: Breloom|Bullet Seed|p2a: POKEMON IS D3AD
|-resisted|p2a: POKEMON IS D3AD
|-damage|p2a: POKEMON IS D3AD|89/100
|-resisted|p2a: POKEMON IS D3AD
|-damage|p2a: POKEMON IS D3AD|77/100
|-resisted|p2a: POKEMON IS D3AD
|-damage|p2a: POKEMON IS D3AD|66/100
|-resisted|p2a: POKEMON IS D3AD
|-crit|p2a: POKEMON IS D3AD
|-damage|p2a: POKEMON IS D3AD|50/100
|-hitcount|p2a: POKEMON IS D3AD|4
|
|upkeep
|turn|9
|
|t:|1760387052
|switch|p2a: POKEMON IS DEAD|Ogerpon-Wellspring, F|88/100
|move|p1a: Breloom|Bullet Seed|p2a: POKEMON IS DEAD
|-damage|p2a: POKEMON IS DEAD|60/100
|-damage|p2a: POKEMON IS DEAD|32/100
|-damage|p2a: POKEMON IS DEAD|1/100
|-damage|p2a: POKEMON IS DEAD|0 fnt
|faint|p2a: POKEMON IS DEAD
|-hitcount|p2: POKEMON IS DEAD|4
|
|upkeep
|
|t:|1760387065
|switch|p2a: POKEMON IS D3AD|Slowking-Galar, M|83/100
|turn|10
|
|t:|1760387079
|switch|p1a: Araquanid|Araquanid, M|100/100
|-damage|p1a: Araquanid|76/100|[from] Stealth Rock
|move|p2a: POKEMON IS D3AD|Sludge Bomb|p1a: Araquanid
|-damage|p1a: Araquanid|41/100
|
|-heal|p1a: Araquanid|47/100|[from] item: Leftovers
|upkeep
|turn|11
|
|t:|1760387090
|move|p1a: Araquanid|Liquidation|p2a: POKEMON IS D3AD
|-damage|p2a: POKEMON IS D3AD|18/100
|-unboost|p2a: POKEMON IS D3AD|def|1
|-prepare|p2a: POKEMON IS D3AD|Chilly Reception|[premajor]
|move|p2a: POKEMON IS D3AD|Chilly Reception|p2a: POKEMON IS D3AD
|-weather|Snowscape
|
|t:|1760387097
|switch|p2a: PHO-KEMON IS DEAD|Kyurem, shiny|100/100|[from] Chilly Reception
|-ability|p2a: PHO-KEMON IS DEAD|Pressure
|
|-weather|Snowscape|[upkeep]
|-heal|p1a: Araquanid|53/100|[from] item: Leftovers
|upkeep
|turn|12
|
|t:|1760387104
|move|p2a: PHO-KEMON IS DEAD|Substitute|p2a: PHO-KEMON IS DEAD
|-start|p2a: PHO-KEMON IS DEAD|Substitute
|-damage|p2a: PHO-KEMON IS DEAD|76/100
|move|p1a: Araquanid|Sticky Web|p2a: PHO-KEMON IS DEAD
|-sidestart|p2: elite four jesus|move: Sticky Web
|
|-weather|Snowscape|[upkeep]
|-heal|p1a: Araquanid|59/100|[from] item: Leftovers
|upkeep
|turn|13
|
|t:|1760387111
|move|p2a: PHO-KEMON IS DEAD|Freeze-Dry|p1a: Araquanid
|-supereffective|p1a: Araquanid
|-damage|p1a: Araquanid|4/100
|move|p1a: Araquanid|Mirror Coat|p2a: PHO-KEMON IS DEAD
|-end|p2a: PHO-KEMON IS DEAD|Substitute
|
|-weather|Snowscape|[upkeep]
|-heal|p1a: Araquanid|11/100|[from] item: Leftovers
|upkeep
|turn|14
|
|t:|1760387119
|move|p2a: PHO-KEMON IS DEAD|Substitute|p2a: PHO-KEMON IS DEAD
|-start|p2a: PHO-KEMON IS DEAD|Substitute
|-damage|p2a: PHO-KEMON IS DEAD|51/100
|move|p1a: Araquanid|Liquidation|p2a: PHO-KEMON IS DEAD
|-resisted|p2a: PHO-KEMON IS DEAD
|-activate|p2a: PHO-KEMON IS DEAD|move: Substitute|[damage]
|
|-weather|Snowscape|[upkeep]
|-heal|p1a: Araquanid|17/100|[from] item: Leftovers
|upkeep
|turn|15
|
|t:|1760387128
|move|p2a: PHO-KEMON IS DEAD|Freeze-Dry|p1a: Araquanid
|-supereffective|p1a: Araquanid
|-damage|p1a: Araquanid|0 fnt
|faint|p1a: Araquanid
|
|-weather|none
|upkeep
|
|t:|1760387135
|switch|p1a: Darkrai|Darkrai|100/100
|-damage|p1a: Darkrai|88/100|[from] Stealth Rock
|turn|16
|
|t:|1760387142
|move|p1a: Darkrai|Dark Pulse|p2a: PHO-KEMON IS DEAD
|-end|p2a: PHO-KEMON IS DEAD|Substitute
|move|p2a: PHO-KEMON IS DEAD|Ice Beam|p1a: Darkrai
|-damage|p1a: Darkrai|22/100
|
|upkeep
|turn|17
|
|t:|1760387148
|move|p1a: Darkrai|Dark Pulse|p2a: PHO-KEMON IS DEAD
|-damage|p2a: PHO-KEMON IS DEAD|6/100
|move|p2a: PHO-KEMON IS DEAD|Ice Beam|p1a: Darkrai
|-damage|p1a: Darkrai|0 fnt
|faint|p1a: Darkrai
|
|upkeep
|
|t:|1760387157
|switch|p1a: Breloom|Breloom, F|52/100
|-damage|p1a: Breloom|46/100|[from] Stealth Rock
|turn|18
|inactive|Battle timer is ON: inactive players will automatically lose when time's up. (requested by homerac)
|inactive|elite four jesus has 120 seconds left.
|
|t:|1760387247
|move|p1a: Breloom|Mach Punch|p2a: PHO-KEMON IS DEAD
|-supereffective|p2a: PHO-KEMON IS DEAD
|-damage|p2a: PHO-KEMON IS DEAD|0 fnt
|faint|p2a: PHO-KEMON IS DEAD
|
|upkeep
|
|t:|1760387256
|switch|p2a: POKEMON IS D3AD|Slowking-Galar, M|52/100
|turn|19
|
|t:|1760387264
|move|p1a: Breloom|Bulldoze|p2a: POKEMON IS D3AD
|-supereffective|p2a: POKEMON IS D3AD
|-damage|p2a: POKEMON IS D3AD|0 fnt
|faint|p2a: POKEMON IS D3AD
|
|upkeep
|
|t:|1760387267
|switch|p2a: pokemon is /bye|Great Tusk|52/100
|-activate|p2a: pokemon is /bye|move: Sticky Web
|-unboost|p2a: pokemon is /bye|spe|1
|turn|20
|inactive|elite four jesus has 120 seconds left.
|inactive|elite four jesus has 90 seconds left.
|l|☆elite four jesus
|inactive|elite four jesus disconnected and has a minute to reconnect!
|player|p2|
|inactive|elite four jesus has 30 seconds to reconnect!
|inactive|elite four jesus has 20 seconds to reconnect!
|inactive|elite four jesus has 15 seconds to reconnect!
|inactive|elite four jesus has 10 seconds to reconnect!
|inactive|elite four jesus has 5 seconds to reconnect!
|-message|elite four jesus lost due to inactivity.
|
|win|homerac
|raw|homerac's rating: 1251 &rarr; <strong>1272</strong><br />(+21 for winning)
|raw|elite four jesus's rating: 1200 &rarr; <strong>1179</strong><br />(-21 for losing)
|l|☆homerac
|player|p1|
