|j|☆rraindancerr
|j|☆No stall for you
|t:|1760344638
|gametype|singles
|player|p1|rraindancerr|wallace|1464
|player|p2|No stall for you|1|1558
|gen|9
|tier|[Gen 9] OU
|rated|
|rule|HP Percentage Mod: HP is shown in percentages
|rule|Endless Battle Clause: Forcing endless battles is banned
|rule|Species Clause: Limit one of each Pokémon
|rule|OHKO Clause: OHKO moves are banned
|rule|Evasion Items Clause: Evasion items are banned
|rule|Evasion Moves Clause: Evasion moves are banned
|rule|Evasion Abilities Clause: Evasion abilities are banned
|rule|Sleep Moves Clause: Sleep-inducing moves are banned
|clearpoke
|poke|p1|Pelipper, F|
|poke|p1|Barraskewda, F|
|poke|p1|Zapdos|
|poke|p1|Ogerpon-Cornerstone, F|
|poke|p1|Iron Treads|
|poke|p1|Hatterene, F|
|poke|p2|Corviknight, F|
|poke|p2|Ogerpon-Wellspring, F|
|poke|p2|Enamorus, F|
|poke|p2|Great Tusk|
|poke|p2|Slowking-Galar, F|
|poke|p2|Zamazenta-*|
|teampreview
|inactive|Battle timer is ON: inactive players will automatically lose when time's up. (requested by rraindancerr)
|c|☆No stall for you|Gl hf
|
|t:|1760344662
|teamsize|p1|6
|teamsize|p2|6
|start
|switch|p1a: Pelipper|Pelipper, F, shiny|100/100
|switch|p2a: Slowking|Slowking-Galar, F|100/100
|-weather|RainDance|[from] ability: Drizzle|[of] p1a: Pelipper
|turn|1
|
|t:|1760344666
|move|p1a: Pelipper|U-turn|p2a: Slowking
|-damage|p2a: Slowking|91/100
|
|t:|1760344668
|switch|p1a: Ogerpon|Ogerpon-Cornerstone, F|100/100|[from] U-turn
|move|p2a: Slowking|Future Sight|p1a: Ogerpon
|-start|p2a: Slowking|move: Future Sight
|
|-weather|RainDance|[upkeep]
|upkeep
|turn|2
|
|t:|1760344677
|switch|p2a: Zamazenta|Zamazenta|100/100
|-ability|p2a: Zamazenta|Dauntless Shield|boost
|-boost|p2a: Zamazenta|def|1
|move|p1a: Ogerpon|U-turn|p2a: Zamazenta
|-resisted|p2a: Zamazenta
|-damage|p2a: Zamazenta|91/100
|
|t:|1760344680
|switch|p1a: Zapdos|Zapdos, shiny|100/100|[from] U-turn
|
|-weather|RainDance|[upkeep]
|upkeep
|turn|3
|
|t:|1760344684
|move|p2a: Zamazenta|Stone Edge|p1a: Zapdos|[miss]
|-miss|p2a: Zamazenta|p1a: Zapdos
|move|p1a: Zapdos|Hurricane|p2a: Zamazenta
|-supereffective|p2a: Zamazenta
|-damage|p2a: Zamazenta|0 fnt
|faint|p2a: Zamazenta
|
|-weather|RainDance|[upkeep]
|-end|p1a: Zapdos|move: Future Sight
|-damage|p1a: Zapdos|58/100
|upkeep
|
|t:|1760344705
|switch|p2a: Ogerpon|Ogerpon-Wellspring, F|100/100
|turn|4
|
|t:|1760344710
|switch|p1a: Hatterene|Hatterene, F, shiny|100/100
|move|p2a: Ogerpon|Ivy Cudgel|p1a: Hatterene|[anim] Ivy Cudgel Water
|-damage|p1a: Hatterene|18/100
|-enditem|p1a: Hatterene|Eject Button
|
|t:|1760344712
|switch|p1a: Ogerpon|Ogerpon-Cornerstone, F|100/100
|
|-weather|RainDance|[upkeep]
|upkeep
|turn|5
|
|t:|1760344720
|switch|p2a: Corviknight|Corviknight, F|100/100
|-ability|p2a: Corviknight|Pressure
|move|p1a: Ogerpon|U-turn|p2a: Corviknight
|-resisted|p2a: Corviknight
|-damage|p2a: Corviknight|96/100
|-damage|p1a: Ogerpon|84/100|[from] item: Rocky Helmet|[of] p2a: Corviknight
|
|t:|1760344722
|switch|p1a: Barraskewda|Barraskewda, F|100/100|[from] U-turn
|
|-weather|RainDance|[upkeep]
|upkeep
|turn|6
|
|t:|1760344735
|move|p1a: Barraskewda|Poison Jab|p2a: Corviknight
|-immune|p2a: Corviknight
|move|p2a: Corviknight|U-turn|p1a: Barraskewda
|-damage|p1a: Barraskewda|74/100
|
|t:|1760344743
|switch|p2a: Great Tusk|Great Tusk|100/100|[from] U-turn
|
|-weather|RainDance|[upkeep]
|upkeep
|turn|7
|
|t:|1760344750
|switch|p1a: Hatterene|Hatterene, F, shiny|18/100
|move|p2a: Great Tusk|Stealth Rock|p1a: Hatterene
|move|p1a: Hatterene|Stealth Rock|p2a: Great Tusk|[from] ability: Magic Bounce
|-sidestart|p2: No stall for you|move: Stealth Rock
|
|-weather|RainDance|[upkeep]
|upkeep
|turn|8
|
|t:|1760344753
|move|p2a: Great Tusk|Knock Off|p1a: Hatterene
|-damage|p1a: Hatterene|0 fnt
|faint|p1a: Hatterene
|
|-weather|none
|upkeep
|
|t:|1760344762
|switch|p1a: Barraskewda|Barraskewda, F|74/100
|turn|9
|
|t:|1760344770
|-end|p2a: Great Tusk|Protosynthesis|[silent]
|switch|p2a: Ogerpon|Ogerpon-Wellspring, F|100/100
|-damage|p2a: Ogerpon|88/100|[from] Stealth Rock
|move|p1a: Barraskewda|Liquidation|p2a: Ogerpon
|-heal|p2a: Ogerpon|100/100|[from] ability: Water Absorb|[of] p1a: Barraskewda
|
|upkeep
|turn|10
|
|t:|1760344784
|switch|p1a: Zapdos|Zapdos, shiny|58/100
|move|p2a: Ogerpon|Ivy Cudgel|p1a: Zapdos|[anim] Ivy Cudgel Water
|-crit|p1a: Zapdos
|-damage|p1a: Zapdos|0 fnt
|faint|p1a: Zapdos
|
|upkeep
|
|t:|1760344791
|switch|p1a: Ogerpon|Ogerpon-Cornerstone, F|84/100
|turn|11
|
|t:|1760344807
|switch|p2a: Corviknight|Corviknight, F|96/100
|-damage|p2a: Corviknight|84/100|[from] Stealth Rock
|-ability|p2a: Corviknight|Pressure
|move|p1a: Ogerpon|U-turn|p2a: Corviknight
|-resisted|p2a: Corviknight
|-damage|p2a: Corviknight|80/100
|-damage|p1a: Ogerpon|67/100|[from] item: Rocky Helmet|[of] p2a: Corviknight
|
|t:|1760344811
|switch|p1a: Pelipper|Pelipper, F, shiny|100/100|[from] U-turn
|-weather|RainDance|[from] ability: Drizzle|[of] p1a: Pelipper
|
|-weather|RainDance|[upkeep]
|upkeep
|turn|12
|
|t:|1760344819
|switch|p2a: Slowking|Slowking-Galar, F|100/100
|-damage|p2a: Slowking|88/100|[from] Stealth Rock
|move|p1a: Pelipper|U-turn|p2a: Slowking
|-damage|p2a: Slowking|78/100
|
|t:|1760344822
|switch|p1a: Barraskewda|Barraskewda, F|74/100|[from] U-turn
|
|-weather|RainDance|[upkeep]
|upkeep
|turn|13
|inactive|No stall for you has 120 seconds left.
|
|t:|1760344858
|switch|p2a: Corviknight|Corviknight, F|80/100
|-damage|p2a: Corviknight|67/100|[from] Stealth Rock
|-ability|p2a: Corviknight|Pressure
|move|p1a: Barraskewda|Liquidation|p2a: Corviknight
|-damage|p2a: Corviknight|3/100
|-damage|p1a: Barraskewda|57/100|[from] item: Rocky Helmet|[of] p2a: Corviknight
|
|-weather|RainDance|[upkeep]
|upkeep
|turn|14
|inactive|No stall for you has 120 seconds left.
|
|t:|1760344872
|switch|p1a: Ogerpon|Ogerpon-Cornerstone, F|67/100
|move|p2a: Corviknight|Roost|p2a: Corviknight
|-heal|p2a: Corviknight|53/100
|-singleturn|p2a: Corviknight|move: Roost
|
|-weather|RainDance|[upkeep]
|upkeep
|turn|15
|inactive|No stall for you has 120 seconds left.
|
|t:|1760344903
|-terastallize|p1a: Ogerpon|Rock
|detailschange|p1a: Ogerpon|Ogerpon-Cornerstone-Tera, F, tera:Rock
|-ability|p1a: Ogerpon|Embody Aspect (Cornerstone)|boost
|-boost|p1a: Ogerpon|def|1
|move|p1a: Ogerpon|Ivy Cudgel|p2a: Corviknight|[anim] Ivy Cudgel Rock
|-damage|p2a: Corviknight|4/100
|move|p2a: Corviknight|Roost|p2a: Corviknight
|-heal|p2a: Corviknight|54/100
|-singleturn|p2a: Corviknight|move: Roost
|
|-weather|RainDance|[upkeep]
|upkeep
|turn|16
|
|t:|1760344915
|move|p1a: Ogerpon|Ivy Cudgel|p2a: Corviknight|[anim] Ivy Cudgel Rock
|-damage|p2a: Corviknight|6/100
|move|p2a: Corviknight|Body Press|p1a: Ogerpon
|-supereffective|p1a: Ogerpon
|-damage|p1a: Ogerpon|21/100
|
|-weather|RainDance|[upkeep]
|upkeep
|turn|17
|
|t:|1760344921
|move|p1a: Ogerpon|Ivy Cudgel|p2a: Corviknight|[anim] Ivy Cudgel Rock
|-damage|p2a: Corviknight|0 fnt
|faint|p2a: Corviknight
|
|-weather|RainDance|[upkeep]
|upkeep
|
|t:|1760344925
|switch|p2a: Enamorus|Enamorus, F|100/100
|-damage|p2a: Enamorus|76/100|[from] Stealth Rock
|turn|18
|
|t:|1760344929
|move|p2a: Enamorus|Moonblast|p1a: Ogerpon
|-damage|p1a: Ogerpon|0 fnt
|faint|p1a: Ogerpon
|detailschange|p1: Ogerpon|Ogerpon-Cornerstone, F|[silent]
|
|-weather|none
|upkeep
|
|t:|1760344931
|switch|p1a: Pelipper|Pelipper, F, shiny|100/100
|-weather|RainDance|[from] ability: Drizzle|[of] p1a: Pelipper
|turn|19
|
|t:|1760344934
|switch|p1a: Iron Treads|Iron Treads|100/100
|-enditem|p1a: Iron Treads|Booster Energy
|-activate|p1a: Iron Treads|ability: Quark Drive|[fromitem]
|-start|p1a: Iron Treads|quarkdrivespe
|move|p2a: Enamorus|Moonblast|p1a: Iron Treads
|-resisted|p1a: Iron Treads
|-damage|p1a: Iron Treads|63/100
|-unboost|p1a: Iron Treads|spa|1
|
|-weather|RainDance|[upkeep]
|upkeep
|turn|20
|
|t:|1760344956
|switch|p2a: Great Tusk|Great Tusk|100/100
|-damage|p2a: Great Tusk|98/100|[from] Stealth Rock
|move|p1a: Iron Treads|Iron Head|p2a: Great Tusk
|-damage|p2a: Great Tusk|72/100
|
|-weather|RainDance|[upkeep]
|-heal|p2a: Great Tusk|79/100|[from] item: Leftovers
|upkeep
|turn|21
|inactive|No stall for you has 120 seconds left.
|
|t:|1760344975
|move|p1a: Iron Treads|Iron Head|p2a: Great Tusk
|-damage|p2a: Great Tusk|57/100
|move|p2a: Great Tusk|Knock Off|p1a: Iron Treads
|-damage|p1a: Iron Treads|47/100
|
|-weather|RainDance|[upkeep]
|-heal|p2a: Great Tusk|63/100|[from] item: Leftovers
|upkeep
|turn|22
|
|t:|1760344982
|move|p1a: Iron Treads|Iron Head|p2a: Great Tusk
|-damage|p2a: Great Tusk|42/100
|cant|p2a: Great Tusk|flinch
|
|-weather|RainDance|[upkeep]
|-heal|p2a: Great Tusk|48/100|[from] item: Leftovers
|upkeep
|turn|23
|
|t:|1760344988
|move|p1a: Iron Treads|Earthquake|p2a: Great Tusk
|-damage|p2a: Great Tusk|20/100
|move|p2a: Great Tusk|Headlong Rush|p1a: Iron Treads
|-supereffective|p1a: Iron Treads
|-damage|p1a: Iron Treads|0 fnt
|-unboost|p2a: Great Tusk|def|1
|-unboost|p2a: Great Tusk|spd|1
|faint|p1a: Iron Treads
|-end|p1a: Iron Treads|Quark Drive|[silent]
|
|-weather|RainDance|[upkeep]
|-heal|p2a: Great Tusk|26/100|[from] item: Leftovers
|upkeep
|
|t:|1760344993
|switch|p1a: Barraskewda|Barraskewda, F|57/100
|turn|24
|
|t:|1760344999
|move|p1a: Barraskewda|Poison Jab|p2a: Great Tusk
|-resisted|p2a: Great Tusk
|-damage|p2a: Great Tusk|5/100
|move|p2a: Great Tusk|Headlong Rush|p1a: Barraskewda
|-damage|p1a: Barraskewda|0 fnt
|-unboost|p2a: Great Tusk|def|1
|-unboost|p2a: Great Tusk|spd|1
|faint|p1a: Barraskewda
|
|-weather|RainDance|[upkeep]
|-heal|p2a: Great Tusk|11/100|[from] item: Leftovers
|upkeep
|-message|rraindancerr forfeited.
|
|win|No stall for you
|raw|rraindancerr's rating: 1464 &rarr; <strong>1449</strong><br />(-15 for losing)
|raw|No stall for you's rating: 1558 &rarr; <strong>1573</strong><br />(+15 for winning)
|l|☆rraindancerr
|player|p1|
|l|☆No stall for you
|player|p2|
