|j|☆HisokaG4
|j|☆imilis
|t:|1760383459
|gametype|singles
|player|p1|HisokaG4|cyclist|1223
|player|p2|imilis|alder|1269
|gen|9
|tier|[Gen 9] OU
|rated|
|rule|HP Percentage Mod: HP is shown in percentages
|rule|Endless Battle Clause: Forcing endless battles is banned
|rule|Species Clause: Limit one of each Pokémon
|rule|OHKO Clause: OHKO moves are banned
|rule|Evasion Items Clause: Evasion items are banned
|rule|Evasion Moves Clause: Evasion moves are banned
|rule|Evasion Abilities Clause: Evasion abilities are banned
|rule|Sleep Moves Clause: Sleep-inducing moves are banned
|clearpoke
|poke|p1|Lapras, M|
|poke|p1|Ditto|
|poke|p1|Gardevoir, F|
|poke|p1|Hydreigon, M|
|poke|p1|Tauros-Paldea-Blaze, M|
|poke|p1|Forretress, M|
|poke|p2|Dondozo, M|
|poke|p2|Gliscor, M|
|poke|p2|Blissey, F|
|poke|p2|Clodsire, M|
|poke|p2|Corviknight, M|
|poke|p2|Clefable, F|
|teampreview
|
|t:|1760383464
|teamsize|p1|6
|teamsize|p2|6
|start
|switch|p1a: ReiGeladoG4|Lapras, M|100/100
|switch|p2a: got a cold|Gliscor, M|100/100
|turn|1
|
|t:|1760383490
|move|p2a: got a cold|Substitute|p2a: got a cold
|-start|p2a: got a cold|Substitute
|-damage|p2a: got a cold|75/100
|move|p1a: ReiGeladoG4|Ice Beam|p2a: got a cold
|-supereffective|p2a: got a cold
|-end|p2a: got a cold|Substitute
|
|-status|p2a: got a cold|tox|[from] item: Toxic Orb
|upkeep
|turn|2
|
|t:|1760383506
|move|p2a: got a cold|Substitute|p2a: got a cold
|-start|p2a: got a cold|Substitute
|-damage|p2a: got a cold|50/100 tox
|move|p1a: ReiGeladoG4|Ice Beam|p2a: got a cold
|-supereffective|p2a: got a cold
|-end|p2a: got a cold|Substitute
|
|-heal|p2a: got a cold|63/100 tox|[from] ability: Poison Heal
|upkeep
|turn|3
|
|t:|1760383516
|move|p2a: got a cold|Protect|p2a: got a cold
|-singleturn|p2a: got a cold|Protect
|move|p1a: ReiGeladoG4|Ice Shard|p2a: got a cold
|-activate|p2a: got a cold|move: Protect
|
|-heal|p2a: got a cold|75/100 tox|[from] ability: Poison Heal
|upkeep
|turn|4
|
|t:|1760383526
|move|p1a: ReiGeladoG4|Ice Shard|p2a: got a cold
|-supereffective|p2a: got a cold
|-damage|p2a: got a cold|35/100 tox
|move|p2a: got a cold|Substitute|p2a: got a cold
|-start|p2a: got a cold|Substitute
|-damage|p2a: got a cold|10/100 tox
|
|-heal|p2a: got a cold|22/100 tox|[from] ability: Poison Heal
|upkeep
|turn|5
|
|t:|1760383539
|switch|p1a: Estagiario2.G4|Forretress, M|100/100
|move|p2a: got a cold|Toxic|p1a: Estagiario2.G4
|-immune|p1a: Estagiario2.G4
|
|-heal|p2a: got a cold|35/100 tox|[from] ability: Poison Heal
|upkeep
|turn|6
|
|t:|1760383549
|move|p2a: got a cold|Earthquake|p1a: Estagiario2.G4
|-damage|p1a: Estagiario2.G4|82/100
|-enditem|p1a: Estagiario2.G4|Red Card|[of] p2a: got a cold
|drag|p2a: pink ball N2|Clefable, F|100/100
|move|p1a: Estagiario2.G4|Stealth Rock|p2a: pink ball N2
|-sidestart|p2: imilis|move: Stealth Rock
|
|upkeep
|turn|7
|
|t:|1760383560
|move|p2a: pink ball N2|Trick|p1a: Estagiario2.G4
|-activate|p2a: pink ball N2|move: Trick|[of] p1a: Estagiario2.G4
|-item|p1a: Estagiario2.G4|Sticky Barb|[from] move: Trick
|-enditem|p2a: pink ball N2|Sticky Barb|[silent]|[from] move: Trick
|move|p1a: Estagiario2.G4|Spikes|p2a: pink ball N2
|-sidestart|p2: imilis|Spikes
|
|-damage|p1a: Estagiario2.G4|69/100|[from] item: Sticky Barb
|upkeep
|turn|8
|
|t:|1760383578
|switch|p2a: got a cold|Gliscor, M|35/100 tox
|-damage|p2a: got a cold|22/100 tox|[from] Stealth Rock
|move|p1a: Estagiario2.G4|Spikes|p2a: got a cold
|-sidestart|p2: imilis|Spikes
|
|-heal|p2a: got a cold|35/100 tox|[from] ability: Poison Heal
|-damage|p1a: Estagiario2.G4|57/100|[from] item: Sticky Barb
|upkeep
|turn|9
|
|t:|1760383590
|switch|p1a: DivaNegraG4|Gardevoir, F, shiny|100/100
|-ability|p1a: DivaNegraG4|Poison Heal|Trace|[from] ability: Trace|[of] p2a: got a cold
|move|p2a: got a cold|Substitute|p2a: got a cold
|-start|p2a: got a cold|Substitute
|-damage|p2a: got a cold|10/100 tox
|
|-heal|p2a: got a cold|22/100 tox|[from] ability: Poison Heal
|upkeep
|turn|10
|
|t:|1760383604
|move|p1a: DivaNegraG4|Psychic|p2a: got a cold
|-end|p2a: got a cold|Substitute
|-damage|p1a: DivaNegraG4|91/100|[from] item: Life Orb
|move|p2a: got a cold|Toxic|p1a: DivaNegraG4
|-status|p1a: DivaNegraG4|tox
|
|-heal|p1a: DivaNegraG4|100/100 tox|[from] ability: Poison Heal
|-heal|p2a: got a cold|35/100 tox|[from] ability: Poison Heal
|upkeep
|turn|11
|
|t:|1760383616
|switch|p2a: Steel bird|Corviknight, M|100/100
|-damage|p2a: Steel bird|88/100|[from] Stealth Rock
|-ability|p2a: Steel bird|Pressure
|move|p1a: DivaNegraG4|Psychic|p2a: Steel bird
|-resisted|p2a: Steel bird
|-damage|p2a: Steel bird|60/100
|-damage|p1a: DivaNegraG4|91/100 tox|[from] item: Life Orb
|
|-heal|p2a: Steel bird|66/100|[from] item: Leftovers
|-heal|p1a: DivaNegraG4|100/100 tox|[from] ability: Poison Heal
|upkeep
|turn|12
|
|t:|1760383630
|move|p1a: DivaNegraG4|Thunderbolt|p2a: Steel bird
|-supereffective|p2a: Steel bird
|-crit|p2a: Steel bird
|-damage|p2a: Steel bird|0 fnt
|faint|p2a: Steel bird
|-damage|p1a: DivaNegraG4|91/100 tox|[from] item: Life Orb
|
|-heal|p1a: DivaNegraG4|100/100 tox|[from] ability: Poison Heal
|upkeep
|
|t:|1760383640
|switch|p2a: pink ball N1|Blissey, F|100/100
|-damage|p2a: pink ball N1|88/100|[from] Stealth Rock
|-damage|p2a: pink ball N1|71/100|[from] Spikes
|turn|13
|
|t:|1760383647
|move|p1a: DivaNegraG4|Psychic|p2a: pink ball N1
|-damage|p2a: pink ball N1|45/100
|-damage|p1a: DivaNegraG4|91/100 tox|[from] item: Life Orb
|move|p2a: pink ball N1|Stealth Rock|p1a: DivaNegraG4
|-sidestart|p1: HisokaG4|move: Stealth Rock
|
|-heal|p2a: pink ball N1|52/100|[from] item: Leftovers
|-heal|p1a: DivaNegraG4|100/100 tox|[from] ability: Poison Heal
|upkeep
|turn|14
|
|t:|1760383658
|move|p1a: DivaNegraG4|Psychic|p2a: pink ball N1
|-damage|p2a: pink ball N1|25/100
|-damage|p1a: DivaNegraG4|91/100 tox|[from] item: Life Orb
|move|p2a: pink ball N1|Soft-Boiled|p2a: pink ball N1
|-heal|p2a: pink ball N1|75/100
|
|-heal|p2a: pink ball N1|82/100|[from] item: Leftovers
|-heal|p1a: DivaNegraG4|100/100 tox|[from] ability: Poison Heal
|upkeep
|turn|15
|
|t:|1760383669
|move|p1a: DivaNegraG4|Psychic|p2a: pink ball N1
|-damage|p2a: pink ball N1|55/100
|-damage|p1a: DivaNegraG4|91/100 tox|[from] item: Life Orb
|move|p2a: pink ball N1|Seismic Toss|p1a: DivaNegraG4
|-damage|p1a: DivaNegraG4|55/100 tox
|
|-heal|p2a: pink ball N1|62/100|[from] item: Leftovers
|-heal|p1a: DivaNegraG4|67/100 tox|[from] ability: Poison Heal
|upkeep
|turn|16
|
|t:|1760383682
|move|p1a: DivaNegraG4|Psychic|p2a: pink ball N1
|-damage|p2a: pink ball N1|39/100
|-unboost|p2a: pink ball N1|spd|1
|-damage|p1a: DivaNegraG4|57/100 tox|[from] item: Life Orb
|move|p2a: pink ball N1|Soft-Boiled|p2a: pink ball N1
|-heal|p2a: pink ball N1|89/100
|
|-heal|p2a: pink ball N1|95/100|[from] item: Leftovers
|-heal|p1a: DivaNegraG4|70/100 tox|[from] ability: Poison Heal
|upkeep
|turn|17
|
|t:|1760383695
|move|p1a: DivaNegraG4|Psychic|p2a: pink ball N1
|-damage|p2a: pink ball N1|60/100
|-damage|p1a: DivaNegraG4|60/100 tox|[from] item: Life Orb
|move|p2a: pink ball N1|Seismic Toss|p1a: DivaNegraG4
|-damage|p1a: DivaNegraG4|24/100 tox
|
|-heal|p2a: pink ball N1|66/100|[from] item: Leftovers
|-heal|p1a: DivaNegraG4|36/100 tox|[from] ability: Poison Heal
|upkeep
|turn|18
|
|t:|1760383708
|switch|p1a: Estagiario1.G4|Tauros-Paldea-Blaze, M|100/100
|-damage|p1a: Estagiario1.G4|88/100|[from] Stealth Rock
|-ability|p1a: Estagiario1.G4|Intimidate|boost
|-unboost|p2a: pink ball N1|atk|1
|move|p2a: pink ball N1|Seismic Toss|p1a: Estagiario1.G4
|-damage|p1a: Estagiario1.G4|54/100
|
|-heal|p2a: pink ball N1|72/100|[from] item: Leftovers
|upkeep
|turn|19
|
|t:|1760383727
|switch|p1a: CerberosG4|Hydreigon, M, shiny|100/100
|-damage|p1a: CerberosG4|88/100|[from] Stealth Rock
|switch|p2a: pink ball N2|Clefable, F|100/100
|
|-heal|p1a: CerberosG4|94/100|[from] item: Leftovers
|upkeep
|turn|20
|
|t:|1760383739
|switch|p1a: Estagiario2.G4|Forretress, M|57/100
|-damage|p1a: Estagiario2.G4|44/100|[from] Stealth Rock
|move|p2a: pink ball N2|Moonblast|p1a: Estagiario2.G4
|-resisted|p1a: Estagiario2.G4
|-damage|p1a: Estagiario2.G4|21/100
|
|-damage|p1a: Estagiario2.G4|9/100|[from] item: Sticky Barb
|upkeep
|turn|21
|
|t:|1760383751
|switch|p2a: got a cold|Gliscor, M|35/100 tox
|-damage|p2a: got a cold|22/100 tox|[from] Stealth Rock
|move|p1a: Estagiario2.G4|Rapid Spin|p2a: got a cold
|-damage|p2a: got a cold|14/100 tox
|-boost|p1a: Estagiario2.G4|spe|1
|-sideend|p1: HisokaG4|Stealth Rock|[from] move: Rapid Spin|[of] p1a: Estagiario2.G4
|
|-heal|p2a: got a cold|26/100 tox|[from] ability: Poison Heal
|-damage|p1a: Estagiario2.G4|0 fnt|[from] item: Sticky Barb
|faint|p1a: Estagiario2.G4
|upkeep
|
|t:|1760383763
|switch|p1a: CerberosG4|Hydreigon, M, shiny|94/100
|turn|22
|
|t:|1760383769
|move|p2a: got a cold|Protect|p2a: got a cold
|-singleturn|p2a: got a cold|Protect
|move|p1a: CerberosG4|Substitute|p1a: CerberosG4
|-start|p1a: CerberosG4|Substitute
|-damage|p1a: CerberosG4|70/100
|
|-heal|p1a: CerberosG4|76/100|[from] item: Leftovers
|-heal|p2a: got a cold|39/100 tox|[from] ability: Poison Heal
|upkeep
|turn|23
|
|t:|1760383781
|switch|p2a: pink ball N2|Clefable, F|100/100
|move|p1a: CerberosG4|Work Up|p1a: CerberosG4
|-boost|p1a: CerberosG4|atk|1
|-boost|p1a: CerberosG4|spa|1
|
|-heal|p1a: CerberosG4|82/100|[from] item: Leftovers
|upkeep
|turn|24
|
|t:|1760383805
|move|p1a: CerberosG4|Flamethrower|p2a: pink ball N2
|-damage|p2a: pink ball N2|58/100
|move|p2a: pink ball N2|Calm Mind|p2a: pink ball N2
|-boost|p2a: pink ball N2|spa|1
|-boost|p2a: pink ball N2|spd|1
|
|-heal|p1a: CerberosG4|88/100|[from] item: Leftovers
|upkeep
|turn|25
|
|t:|1760383817
|move|p1a: CerberosG4|Flamethrower|p2a: pink ball N2
|-damage|p2a: pink ball N2|32/100
|-status|p2a: pink ball N2|brn
|move|p2a: pink ball N2|Moonlight|p2a: pink ball N2
|-heal|p2a: pink ball N2|82/100 brn
|
|-heal|p1a: CerberosG4|94/100|[from] item: Leftovers
|upkeep
|turn|26
|
|t:|1760383831
|move|p1a: CerberosG4|Work Up|p1a: CerberosG4
|-boost|p1a: CerberosG4|atk|1
|-boost|p1a: CerberosG4|spa|1
|move|p2a: pink ball N2|Moonblast|p1a: CerberosG4
|-supereffective|p1a: CerberosG4
|-end|p1a: CerberosG4|Substitute
|
|-heal|p1a: CerberosG4|99/100|[from] item: Leftovers
|upkeep
|turn|27
|
|t:|1760383847
|-terastallize|p1a: CerberosG4|Fairy
|move|p1a: CerberosG4|Work Up|p1a: CerberosG4
|-boost|p1a: CerberosG4|atk|1
|-boost|p1a: CerberosG4|spa|1
|move|p2a: pink ball N2|Moonblast|p1a: CerberosG4
|-damage|p1a: CerberosG4|43/100
|
|-heal|p1a: CerberosG4|49/100|[from] item: Leftovers
|upkeep
|turn|28
|
|t:|1760383864
|move|p1a: CerberosG4|Flamethrower|p2a: pink ball N2
|-damage|p2a: pink ball N2|38/100 brn
|move|p2a: pink ball N2|Trick|p1a: CerberosG4
|-activate|p2a: pink ball N2|move: Trick|[of] p1a: CerberosG4
|-enditem|p1a: CerberosG4|Leftovers|[silent]|[from] move: Trick
|-item|p2a: pink ball N2|Leftovers|[from] move: Trick
|
|-heal|p2a: pink ball N2|44/100 brn|[from] item: Leftovers
|upkeep
|turn|29
|
|t:|1760383874
|move|p1a: CerberosG4|Flamethrower|p2a: pink ball N2
|-damage|p2a: pink ball N2|0 fnt
|faint|p2a: pink ball N2
|
|upkeep
|
|t:|1760383880
|switch|p2a: pink ball N1|Blissey, F|72/100
|-damage|p2a: pink ball N1|60/100|[from] Stealth Rock
|-damage|p2a: pink ball N1|43/100|[from] Spikes
|turn|30
|
|t:|1760383886
|move|p1a: CerberosG4|Dark Pulse|p2a: pink ball N1
|-damage|p2a: pink ball N1|0 fnt
|faint|p2a: pink ball N1
|
|upkeep
|-message|imilis forfeited.
|
|win|HisokaG4
|raw|HisokaG4's rating: 1223 &rarr; <strong>1251</strong><br />(+28 for winning)
|raw|imilis's rating: 1269 &rarr; <strong>1241</strong><br />(-28 for losing)
|l|☆imilis
|player|p2|
|l|☆HisokaG4
|player|p1|
