|j|☆Dizzydwarf99
|j|☆Cocobreezy
|t:|1760315282
|gametype|singles
|player|p1|Dizzydwarf99|cheryl|1608
|player|p2|Cocobreezy|yellow|1613
|gen|9
|tier|[Gen 9] OU
|rated|
|rule|HP Percentage Mod: HP is shown in percentages
|rule|Endless Battle Clause: Forcing endless battles is banned
|rule|Species Clause: Limit one of each Pokémon
|rule|OHKO Clause: OHKO moves are banned
|rule|Evasion Items Clause: Evasion items are banned
|rule|Evasion Moves Clause: Evasion moves are banned
|rule|Evasion Abilities Clause: Evasion abilities are banned
|rule|Sleep Moves Clause: Sleep-inducing moves are banned
|clearpoke
|poke|p1|Moltres|
|poke|p1|Slowking-Galar, M|
|poke|p1|Cyclizar, M|
|poke|p1|Sandy Shocks|
|poke|p1|Darkrai|
|poke|p1|Lokix, F|
|poke|p2|Kingdra, M|
|poke|p2|Pelipper, M|
|poke|p2|Keldeo-Resolute|
|poke|p2|Greninja-*, M|
|poke|p2|Raging Bolt|
|poke|p2|Meowscarada, M|
|teampreview
|inactive|Battle timer is ON: inactive players will automatically lose when time's up. (requested by Dizzydwarf99)
|inactive|Cocobreezy also wants the timer to be on.
|inactive|Cocobreezy has 120 seconds left.
|
|t:|1760315339
|teamsize|p1|6
|teamsize|p2|6
|start
|switch|p1a: Cyclizar|Cyclizar, M|100/100
|switch|p2a: Meowscarada|Meowscarada, M|100/100
|turn|1
|j| ty-tyui↻
|c|☆Cocobreezy|Guess
|
|t:|1760315358
|switch|p1a: Moltres|Moltres|100/100
|move|p2a: Meowscarada|Triple Axel|p1a: Moltres
|-start|p2a: Meowscarada|typechange|Ice|[from] ability: Protean
|-damage|p1a: Moltres|94/100
|-status|p2a: Meowscarada|brn|[from] ability: Flame Body|[of] p1a: Moltres
|-damage|p1a: Moltres|87/100
|-damage|p1a: Moltres|78/100
|-hitcount|p1a: Moltres|3
|
|-damage|p2a: Meowscarada|94/100 brn|[from] brn
|upkeep
|turn|2
|
|t:|1760315365
|switch|p2a: Pelipper|Pelipper, M|100/100
|-weather|RainDance|[from] ability: Drizzle|[of] p2a: Pelipper
|move|p1a: Moltres|U-turn|p2a: Pelipper
|-resisted|p2a: Pelipper
|-damage|p2a: Pelipper|94/100
|
|t:|1760315369
|switch|p1a: Sandy Shocks|Sandy Shocks|100/100|[from] U-turn
|
|-weather|RainDance|[upkeep]
|upkeep
|turn|3
|c|☆Cocobreezy|damn
|
|t:|1760315380
|-end|p1a: Sandy Shocks|Protosynthesis|[silent]
|switch|p1a: Cyclizar|Cyclizar, M|100/100
|-terastallize|p2a: Pelipper|Ground
|move|p2a: Pelipper|U-turn|p1a: Cyclizar
|-damage|p1a: Cyclizar|88/100
|
|t:|1760315383
|switch|p2a: Greninja|Greninja, M|100/100|[from] U-turn
|
|-weather|RainDance|[upkeep]
|upkeep
|turn|4
|
|t:|1760315402
|move|p1a: Cyclizar|U-turn|p2a: Greninja
|-supereffective|p2a: Greninja
|-damage|p2a: Greninja|49/100
|
|t:|1760315405
|switch|p1a: Slowking|Slowking-Galar, M|100/100|[from] U-turn
|move|p2a: Greninja|Ice Beam|p1a: Slowking
|-damage|p1a: Slowking|85/100
|
|-weather|RainDance|[upkeep]
|upkeep
|turn|5
|
|t:|1760315408
|switch|p1a: Cyclizar|Cyclizar, M|100/100
|move|p2a: Greninja|Hydro Pump|p1a: Cyclizar
|-resisted|p1a: Cyclizar
|-damage|p1a: Cyclizar|68/100
|
|-weather|RainDance|[upkeep]
|upkeep
|turn|6
|
|t:|1760315416
|switch|p2a: Kingdra|Kingdra, M|100/100
|move|p1a: Cyclizar|U-turn|p2a: Kingdra
|-damage|p2a: Kingdra|82/100
|c|☆Cocobreezy|Funny bunny
|inactive|Dizzydwarf99 has 120 seconds left.
|c|☆Cocobreezy|1 has to die bro
|l|☆Dizzydwarf99
|inactive|Dizzydwarf99 disconnected and has a minute to reconnect!
|player|p1|
|j|☆Dizzydwarf99
|inactive|Dizzydwarf99 reconnected and has 95 seconds left.
|player|p1|Dizzydwarf99|cheryl|
|
|t:|1760315476
|switch|p1a: Slowking|Slowking-Galar, M|100/100|[from] U-turn
|
|-weather|RainDance|[upkeep]
|upkeep
|turn|7
|c|☆Cocobreezy|nvm
|
|t:|1760315483
|move|p2a: Kingdra|Weather Ball|p1a: Slowking
|-damage|p1a: Slowking|35/100
|-prepare|p1a: Slowking|Chilly Reception|[premajor]
|move|p1a: Slowking|Chilly Reception|p1a: Slowking
|-weather|Snowscape
|
|t:|1760315487
|switch|p1a: Lokix|Lokix, F|100/100|[from] Chilly Reception
|
|-weather|Snowscape|[upkeep]
|upkeep
|turn|8
|
|t:|1760315490
|switch|p2a: Pelipper|Pelipper, M, tera:Ground|94/100
|-weather|RainDance|[from] ability: Drizzle|[of] p2a: Pelipper
|move|p1a: Lokix|U-turn|p2a: Pelipper
|-damage|p2a: Pelipper|51/100
|
|t:|1760315493
|switch|p1a: Sandy Shocks|Sandy Shocks|100/100|[from] U-turn
|
|-weather|RainDance|[upkeep]
|upkeep
|turn|9
|
|t:|1760315496
|move|p1a: Sandy Shocks|Earth Power|p2a: Pelipper
|-damage|p2a: Pelipper|0 fnt
|faint|p2a: Pelipper
|
|-weather|RainDance|[upkeep]
|upkeep
|
|t:|1760315502
|switch|p2a: Kingdra|Kingdra, M|82/100
|turn|10
|
|t:|1760315504
|-end|p1a: Sandy Shocks|Protosynthesis|[silent]
|switch|p1a: Cyclizar|Cyclizar, M|100/100
|move|p2a: Kingdra|Weather Ball|p1a: Cyclizar
|-resisted|p1a: Cyclizar
|-damage|p1a: Cyclizar|56/100
|
|-weather|RainDance|[upkeep]
|upkeep
|turn|11
|c|☆Cocobreezy|you're interesting
|
|t:|1760315512
|move|p2a: Kingdra|Weather Ball|p1a: Cyclizar
|-resisted|p1a: Cyclizar
|-damage|p1a: Cyclizar|16/100
|move|p1a: Cyclizar|U-turn|p2a: Kingdra
|-damage|p2a: Kingdra|62/100
|
|t:|1760315514
|switch|p1a: Lokix|Lokix, F|100/100|[from] U-turn
|
|-weather|RainDance|[upkeep]
|upkeep
|turn|12
|
|t:|1760315518
|move|p2a: Kingdra|Weather Ball|p1a: Lokix
|-damage|p1a: Lokix|0 fnt
|faint|p1a: Lokix
|
|-weather|RainDance|[upkeep]
|upkeep
|
|t:|1760315520
|switch|p1a: Slowking|Slowking-Galar, M|68/100
|turn|13
|
|t:|1760315522
|-terastallize|p1a: Slowking|Water
|move|p2a: Kingdra|Weather Ball|p1a: Slowking
|-resisted|p1a: Slowking
|-damage|p1a: Slowking|36/100
|-prepare|p1a: Slowking|Chilly Reception|[premajor]
|move|p1a: Slowking|Chilly Reception|p1a: Slowking
|-weather|Snowscape
|
|t:|1760315524
|switch|p1a: Cyclizar|Cyclizar, M|49/100|[from] Chilly Reception
|
|-weather|Snowscape|[upkeep]
|upkeep
|turn|14
|
|t:|1760315527
|move|p1a: Cyclizar|U-turn|p2a: Kingdra
|-damage|p2a: Kingdra|42/100
|
|t:|1760315529
|switch|p1a: Slowking|Slowking-Galar, M, tera:Water|69/100|[from] U-turn
|move|p2a: Kingdra|Weather Ball|p1a: Slowking
|-resisted|p1a: Slowking
|-damage|p1a: Slowking|56/100
|
|-weather|Snowscape|[upkeep]
|upkeep
|turn|15
|
|t:|1760315532
|switch|p2a: Meowscarada|Meowscarada, M|94/100 brn
|-prepare|p1a: Slowking|Chilly Reception|[premajor]
|move|p1a: Slowking|Chilly Reception|p1a: Slowking
|
|t:|1760315533
|switch|p1a: Moltres|Moltres|78/100|[from] Chilly Reception
|
|-weather|Snowscape|[upkeep]
|-damage|p2a: Meowscarada|88/100 brn|[from] brn
|upkeep
|turn|16
|
|t:|1760315536
|move|p2a: Meowscarada|Triple Axel|p1a: Moltres
|-start|p2a: Meowscarada|typechange|Ice|[from] ability: Protean
|-damage|p1a: Moltres|75/100
|-damage|p1a: Moltres|68/100
|-damage|p1a: Moltres|57/100
|-hitcount|p1a: Moltres|3
|move|p1a: Moltres|U-turn|p2a: Meowscarada
|-damage|p2a: Meowscarada|72/100 brn
|
|t:|1760315539
|switch|p1a: Slowking|Slowking-Galar, M, tera:Water|90/100|[from] U-turn
|
|-weather|Snowscape|[upkeep]
|-damage|p2a: Meowscarada|66/100 brn|[from] brn
|upkeep
|turn|17
|
|t:|1760315546
|switch|p2a: Keldeo|Keldeo-Resolute|100/100
|move|p1a: Slowking|Future Sight|p2a: Keldeo
|-start|p1a: Slowking|move: Future Sight
|
|-weather|none
|upkeep
|turn|18
|
|t:|1760315549
|move|p2a: Keldeo|Calm Mind|p2a: Keldeo
|-boost|p2a: Keldeo|spa|1
|-boost|p2a: Keldeo|spd|1
|-prepare|p1a: Slowking|Chilly Reception|[premajor]
|move|p1a: Slowking|Chilly Reception|p1a: Slowking
|-weather|Snowscape
|
|t:|1760315552
|switch|p1a: Darkrai|Darkrai|100/100|[from] Chilly Reception
|
|-weather|Snowscape|[upkeep]
|upkeep
|turn|19
|
|t:|1760315556
|switch|p2a: Meowscarada|Meowscarada, M|66/100 brn
|move|p1a: Darkrai|Sludge Bomb|p2a: Meowscarada
|-supereffective|p2a: Meowscarada
|-damage|p2a: Meowscarada|0 fnt
|faint|p2a: Meowscarada
|
|-weather|Snowscape|[upkeep]
|-hint|Future Sight did not hit because the target is fainted.
|upkeep
|
|t:|1760315561
|switch|p2a: Keldeo|Keldeo-Resolute|100/100
|turn|20
|
|t:|1760315566
|move|p1a: Darkrai|Sludge Bomb|p2a: Keldeo
|-damage|p2a: Keldeo|66/100
|move|p2a: Keldeo|Secret Sword|p1a: Darkrai
|-supereffective|p1a: Darkrai
|-damage|p1a: Darkrai|0 fnt
|faint|p1a: Darkrai
|
|-weather|Snowscape|[upkeep]
|upkeep
|
|t:|1760315569
|switch|p1a: Slowking|Slowking-Galar, M, tera:Water|100/100
|turn|21
|c|☆Cocobreezy|Can't be touched
|
|t:|1760315573
|move|p2a: Keldeo|Secret Sword|p1a: Slowking
|-damage|p1a: Slowking|39/100
|move|p1a: Slowking|Toxic|p2a: Keldeo
|-status|p2a: Keldeo|tox
|
|-weather|Snowscape|[upkeep]
|-damage|p2a: Keldeo|60/100 tox|[from] psn
|upkeep
|turn|22
|
|t:|1760315576
|switch|p1a: Moltres|Moltres|57/100
|move|p2a: Keldeo|Secret Sword|p1a: Moltres
|-resisted|p1a: Moltres
|-damage|p1a: Moltres|37/100
|
|-weather|none
|-damage|p2a: Keldeo|47/100 tox|[from] psn
|upkeep
|turn|23
|
|t:|1760315579
|switch|p1a: Slowking|Slowking-Galar, M, tera:Water|72/100
|move|p2a: Keldeo|Surf|p1a: Slowking
|-resisted|p1a: Slowking
|-damage|p1a: Slowking|58/100
|
|-damage|p2a: Keldeo|29/100 tox|[from] psn
|upkeep
|turn|24
|
|t:|1760315582
|switch|p1a: Moltres|Moltres|37/100
|move|p2a: Keldeo|Secret Sword|p1a: Moltres
|-resisted|p1a: Moltres
|-damage|p1a: Moltres|18/100
|
|-damage|p2a: Keldeo|4/100 tox|[from] psn
|upkeep
|turn|25
|
|t:|1760315586
|switch|p2a: Kingdra|Kingdra, M|42/100
|move|p1a: Moltres|Roost|p1a: Moltres
|-heal|p1a: Moltres|68/100
|-singleturn|p1a: Moltres|move: Roost
|
|upkeep
|turn|26
|
|t:|1760315589
|switch|p1a: Slowking|Slowking-Galar, M, tera:Water|91/100
|move|p2a: Kingdra|Draco Meteor|p1a: Slowking
|-damage|p1a: Slowking|38/100
|-unboost|p2a: Kingdra|spa|2
|
|upkeep
|turn|27
|
|t:|1760315594
|move|p2a: Kingdra|Draco Meteor|p1a: Slowking
|-damage|p1a: Slowking|12/100
|-unboost|p2a: Kingdra|spa|2
|-prepare|p1a: Slowking|Chilly Reception|[premajor]
|move|p1a: Slowking|Chilly Reception|p1a: Slowking
|-weather|Snowscape
|
|t:|1760315596
|switch|p1a: Cyclizar|Cyclizar, M|82/100|[from] Chilly Reception
|
|-weather|Snowscape|[upkeep]
|upkeep
|turn|28
|
|t:|1760315598
|move|p1a: Cyclizar|U-turn|p2a: Kingdra
|-damage|p2a: Kingdra|24/100
|
|t:|1760315600
|switch|p1a: Slowking|Slowking-Galar, M, tera:Water|45/100|[from] U-turn
|move|p2a: Kingdra|Draco Meteor|p1a: Slowking
|-damage|p1a: Slowking|28/100
|-unboost|p2a: Kingdra|spa|2
|
|-weather|Snowscape|[upkeep]
|upkeep
|turn|29
|
|t:|1760315605
|switch|p2a: Bolt|Raging Bolt|100/100
|-enditem|p2a: Bolt|Booster Energy
|-activate|p2a: Bolt|ability: Protosynthesis|[fromitem]
|-start|p2a: Bolt|protosynthesisspa
|-prepare|p1a: Slowking|Chilly Reception|[premajor]
|move|p1a: Slowking|Chilly Reception|p1a: Slowking
|
|t:|1760315607
|switch|p1a: Sandy Shocks|Sandy Shocks|100/100|[from] Chilly Reception
|
|-weather|Snowscape|[upkeep]
|upkeep
|turn|30
|
|t:|1760315612
|move|p1a: Sandy Shocks|Earth Power|p2a: Bolt
|-supereffective|p2a: Bolt
|-damage|p2a: Bolt|25/100
|move|p2a: Bolt|Dragon Pulse|p1a: Sandy Shocks
|-damage|p1a: Sandy Shocks|13/100
|
|-weather|Snowscape|[upkeep]
|-heal|p1a: Sandy Shocks|19/100|[from] item: Leftovers
|upkeep
|turn|31
|
|t:|1760315617
|move|p1a: Sandy Shocks|Earth Power|p2a: Bolt
|-supereffective|p2a: Bolt
|-damage|p2a: Bolt|0 fnt
|faint|p2a: Bolt
|-end|p2a: Bolt|Protosynthesis|[silent]
|
|-weather|none
|-heal|p1a: Sandy Shocks|26/100|[from] item: Leftovers
|upkeep
|
|t:|1760315619
|switch|p2a: Greninja|Greninja, M|49/100
|turn|32
|c|☆Cocobreezy|Funny guy
|
|t:|1760315625
|-end|p1a: Sandy Shocks|Protosynthesis|[silent]
|switch|p1a: Cyclizar|Cyclizar, M|100/100
|move|p2a: Greninja|Dark Pulse|p1a: Cyclizar
|-damage|p1a: Cyclizar|69/100
|
|upkeep
|turn|33
|
|t:|1760315632
|switch|p2a: Kingdra|Kingdra, M|24/100
|move|p1a: Cyclizar|U-turn|p2a: Kingdra
|-damage|p2a: Kingdra|5/100
|c|☆Cocobreezy|1 has to die
|inactive|Dizzydwarf99 has 120 seconds left.
|
|t:|1760315685
|switch|p1a: Sandy Shocks|Sandy Shocks|26/100|[from] U-turn
|
|-heal|p1a: Sandy Shocks|32/100|[from] item: Leftovers
|upkeep
|turn|34
|c|☆Cocobreezy|are u sure
|
|t:|1760315699
|move|p1a: Sandy Shocks|Volt Switch|p2a: Kingdra
|-damage|p2a: Kingdra|0 fnt
|faint|p2a: Kingdra
|
|t:|1760315704
|-end|p1a: Sandy Shocks|Protosynthesis|[silent]
|switch|p1a: Cyclizar|Cyclizar, M|100/100|[from] Volt Switch
|
|upkeep
|
|t:|1760315707
|switch|p2a: Keldeo|Keldeo-Resolute|4/100 tox
|turn|35
|
|t:|1760315718
|move|p1a: Cyclizar|U-turn|p2a: Keldeo
|-resisted|p2a: Keldeo
|-damage|p2a: Keldeo|0 fnt
|faint|p2a: Keldeo
|
|t:|1760315720
|switch|p1a: Slowking|Slowking-Galar, M, tera:Water|61/100|[from] U-turn
|
|upkeep
|c|☆Cocobreezy|gg
|
|t:|1760315723
|switch|p2a: Greninja|Greninja, M|49/100
|turn|36
|
|t:|1760315726
|move|p2a: Greninja|Dark Pulse|p1a: Slowking
|-damage|p1a: Slowking|40/100
|-prepare|p1a: Slowking|Chilly Reception|[premajor]
|move|p1a: Slowking|Chilly Reception|p1a: Slowking
|-weather|Snowscape
|
|t:|1760315727
|switch|p1a: Cyclizar|Cyclizar, M|100/100|[from] Chilly Reception
|
|-weather|Snowscape|[upkeep]
|upkeep
|turn|37
|
|t:|1760315730
|move|p1a: Cyclizar|U-turn|p2a: Greninja
|-supereffective|p2a: Greninja
|-damage|p2a: Greninja|0 fnt
|faint|p2a: Greninja
|
|win|Dizzydwarf99
|raw|Dizzydwarf99's rating: 1608 &rarr; <strong>1628</strong><br />(+20 for winning)
|raw|Cocobreezy's rating: 1613 &rarr; <strong>1593</strong><br />(-20 for losing)
|l|☆Dizzydwarf99
|player|p1|
|l|☆Cocobreezy
|player|p2|
