|j|☆Jean Castex
|j|☆Komfey
|t:|1760454620
|gametype|singles
|player|p1|Jean Castex|swimmerm-gen2|1142
|player|p2|Komfey|169|1133
|gen|9
|tier|[Gen 9] OU
|rated|
|rule|HP Percentage Mod: HP is shown in percentages
|rule|Endless Battle Clause: Forcing endless battles is banned
|rule|Species Clause: Limit one of each Pokémon
|rule|OHKO Clause: OHKO moves are banned
|rule|Evasion Items Clause: Evasion items are banned
|rule|Evasion Moves Clause: Evasion moves are banned
|rule|Evasion Abilities Clause: Evasion abilities are banned
|rule|Sleep Moves Clause: Sleep-inducing moves are banned
|clearpoke
|poke|p1|Venusaur, M|
|poke|p1|Ninetales, M|
|poke|p1|Slowking-Galar, M|
|poke|p1|Torkoal, M|
|poke|p1|Darkrai|
|poke|p1|Kyurem|
|poke|p2|Dragonite, F|
|poke|p2|Latias, F|
|poke|p2|Dondozo, F|
|poke|p2|Corviknight, M|
|poke|p2|Zamazenta-*|
|poke|p2|Darkrai|
|teampreview
|inactive|Battle timer is ON: inactive players will automatically lose when time's up. (requested by Jean Castex)
|
|t:|1760454628
|teamsize|p1|6
|teamsize|p2|6
|start
|switch|p1a: Kyurem|Kyurem|100/100
|switch|p2a: Darkrai|Darkrai|100/100
|-ability|p1a: Kyurem|Pressure
|turn|1
|
|t:|1760454637
|move|p2a: Darkrai|Ice Beam|p1a: Kyurem
|-damage|p1a: Kyurem|58/100
|move|p1a: Kyurem|Ice Beam|p2a: Darkrai
|-damage|p2a: Darkrai|6/100
|
|upkeep
|turn|2
|
|t:|1760454649
|move|p2a: Darkrai|Ice Beam|p1a: Kyurem
|-damage|p1a: Kyurem|15/100
|move|p1a: Kyurem|Ice Beam|p2a: Darkrai
|-damage|p2a: Darkrai|0 fnt
|faint|p2a: Darkrai
|
|upkeep
|
|t:|1760454661
|switch|p2a: Dragonite|Dragonite, F|100/100
|turn|3
|
|t:|1760454665
|move|p1a: Kyurem|Ice Beam|p2a: Dragonite
|-supereffective|p2a: Dragonite
|-crit|p2a: Dragonite
|-damage|p2a: Dragonite|0 fnt
|faint|p2a: Dragonite
|
|upkeep
|c|☆Jean Castex|allah akbar
|
|t:|1760454670
|switch|p2a: Dondozo|Dondozo, F|100/100
|turn|4
|c|☆Komfey|cirt!!!!!
|
|t:|1760454683
|switch|p1a: Torkoal|Torkoal, M|100/100
|-weather|SunnyDay|[from] ability: Drought|[of] p1a: Torkoal
|move|p2a: Dondozo|Curse|p2a: Dondozo
|-unboost|p2a: Dondozo|spe|1
|-boost|p2a: Dondozo|atk|1
|-boost|p2a: Dondozo|def|1
|
|-weather|SunnyDay|[upkeep]
|upkeep
|turn|5
|
|t:|1760454692
|move|p1a: Torkoal|Stealth Rock|p2a: Dondozo
|-sidestart|p2: Komfey|move: Stealth Rock
|move|p2a: Dondozo|Earthquake|p1a: Torkoal
|-supereffective|p1a: Torkoal
|-crit|p1a: Torkoal
|-damage|p1a: Torkoal|43/100
|
|-weather|SunnyDay|[upkeep]
|upkeep
|turn|6
|
|t:|1760454699
|switch|p1a: Venusaur|Venusaur, M|100/100
|move|p2a: Dondozo|Curse|p2a: Dondozo
|-unboost|p2a: Dondozo|spe|1
|-boost|p2a: Dondozo|atk|1
|-boost|p2a: Dondozo|def|1
|
|-weather|SunnyDay|[upkeep]
|upkeep
|turn|7
|
|t:|1760454713
|move|p1a: Venusaur|Solar Beam||[still]
|-prepare|p1a: Venusaur|Solar Beam
|-anim|p1a: Venusaur|Solar Beam|p2a: Dondozo
|-supereffective|p2a: Dondozo
|-damage|p2a: Dondozo|0 fnt
|faint|p2a: Dondozo
|-damage|p1a: Venusaur|91/100|[from] item: Life Orb
|
|-weather|SunnyDay|[upkeep]
|upkeep
|
|t:|1760454720
|switch|p2a: Zamazenta|Zamazenta|100/100
|-damage|p2a: Zamazenta|94/100|[from] Stealth Rock
|-ability|p2a: Zamazenta|Dauntless Shield|boost
|-boost|p2a: Zamazenta|def|1
|turn|8
|
|t:|1760454726
|move|p1a: Venusaur|Solar Beam||[still]
|-prepare|p1a: Venusaur|Solar Beam
|-anim|p1a: Venusaur|Solar Beam|p2a: Zamazenta
|-damage|p2a: Zamazenta|21/100
|-damage|p1a: Venusaur|81/100|[from] item: Life Orb
|move|p2a: Zamazenta|Fire Fang|p1a: Venusaur
|-supereffective|p1a: Venusaur
|-damage|p1a: Venusaur|13/100
|
|-weather|none
|upkeep
|turn|9
|
|t:|1760454738
|switch|p1a: Kyurem|Kyurem|15/100
|-ability|p1a: Kyurem|Pressure
|move|p2a: Zamazenta|Iron Defense|p2a: Zamazenta
|-boost|p2a: Zamazenta|def|2
|
|upkeep
|turn|10
|
|t:|1760454746
|move|p2a: Zamazenta|Body Press|p1a: Kyurem
|-supereffective|p1a: Kyurem
|-damage|p1a: Kyurem|0 fnt
|faint|p1a: Kyurem
|
|upkeep
|
|t:|1760454753
|switch|p1a: Ninetales|Ninetales, M|100/100
|-weather|SunnyDay|[from] ability: Drought|[of] p1a: Ninetales
|turn|11
|
|t:|1760454759
|move|p2a: Zamazenta|Body Press|p1a: Ninetales
|-damage|p1a: Ninetales|0 fnt
|faint|p1a: Ninetales
|
|-weather|SunnyDay|[upkeep]
|upkeep
|
|t:|1760454763
|switch|p1a: Venusaur|Venusaur, M|13/100
|turn|12
|
|t:|1760454768
|move|p1a: Venusaur|Weather Ball|p2a: Zamazenta
|-damage|p2a: Zamazenta|0 fnt
|faint|p2a: Zamazenta
|-damage|p1a: Venusaur|3/100|[from] item: Life Orb
|
|-weather|SunnyDay|[upkeep]
|upkeep
|
|t:|1760454775
|switch|p2a: Corviknight|Corviknight, M|100/100
|-damage|p2a: Corviknight|88/100|[from] Stealth Rock
|turn|13
|
|t:|1760454779
|move|p1a: Venusaur|Weather Ball|p2a: Corviknight
|-supereffective|p2a: Corviknight
|-damage|p2a: Corviknight|5/100
|-damage|p1a: Venusaur|0 fnt|[from] item: Life Orb
|faint|p1a: Venusaur
|move|p2a: Corviknight|Iron Head|p1: Venusaur|[notarget]
|-fail|p2a: Corviknight
|
|-weather|SunnyDay|[upkeep]
|upkeep
|
|t:|1760454788
|switch|p1a: Darkrai|Darkrai|100/100
|turn|14
|
|t:|1760454791
|move|p1a: Darkrai|Dark Pulse|p2a: Corviknight
|-damage|p2a: Corviknight|0 fnt
|faint|p2a: Corviknight
|-damage|p1a: Darkrai|91/100|[from] item: Life Orb
|
|-weather|SunnyDay|[upkeep]
|upkeep
|
|t:|1760454795
|switch|p2a: Latias|Latias, F|100/100
|-damage|p2a: Latias|88/100|[from] Stealth Rock
|turn|15
|
|t:|1760454805
|switch|p1a: Slowking|Slowking-Galar, M|100/100
|move|p2a: Latias|Draco Meteor|p1a: Slowking
|-damage|p1a: Slowking|60/100
|-unboost|p2a: Latias|spa|2
|
|-weather|SunnyDay|[upkeep]
|upkeep
|turn|16
|
|t:|1760454814
|switch|p1a: Torkoal|Torkoal, M|43/100
|move|p2a: Latias|Psychic|p1a: Torkoal
|-damage|p1a: Torkoal|5/100
|
|-weather|SunnyDay|[upkeep]
|upkeep
|turn|17
|
|t:|1760454820
|move|p2a: Latias|Draco Meteor|p1a: Torkoal
|-damage|p1a: Torkoal|0 fnt
|-unboost|p2a: Latias|spa|2
|faint|p1a: Torkoal
|
|-weather|SunnyDay|[upkeep]
|upkeep
|
|t:|1760454824
|switch|p1a: Darkrai|Darkrai|91/100
|turn|18
|
|t:|1760454828
|-terastallize|p2a: Latias|Grass
|move|p1a: Darkrai|Dark Pulse|p2a: Latias
|-damage|p2a: Latias|46/100
|-damage|p1a: Darkrai|81/100|[from] item: Life Orb
|move|p2a: Latias|Energy Ball|p1a: Darkrai
|-damage|p1a: Darkrai|58/100
|
|-weather|none
|upkeep
|turn|19
|
|t:|1760454840
|-terastallize|p1a: Darkrai|Poison
|move|p1a: Darkrai|Sludge Bomb|p2a: Latias
|-supereffective|p2a: Latias
|-damage|p2a: Latias|0 fnt
|faint|p2a: Latias
|-damage|p1a: Darkrai|48/100|[from] item: Life Orb
|
|win|Jean Castex
|raw|Jean Castex's rating: 1142 &rarr; <strong>1166</strong><br />(+24 for winning)
|raw|Komfey's rating: 1133 &rarr; <strong>1109</strong><br />(-24 for losing)
|c|☆Jean Castex|gg
