|inactive|Battle timer is ON: inactive players will automatically lose when time's up.
|t:|1760380148
|gametype|singles
|player|p1|Electric win|#electricwin|
|player|p2|clean|lyra|
|gen|9
|tier|[Gen 9] OU
|rule|HP Percentage Mod: HP is shown in percentages
|rule|Endless Battle Clause: Forcing endless battles is banned
|rule|Species Clause: Limit one of each Pokémon
|rule|OHKO Clause: OHKO moves are banned
|rule|Evasion Items Clause: Evasion items are banned
|rule|Evasion Moves Clause: Evasion moves are banned
|rule|Evasion Abilities Clause: Evasion abilities are banned
|rule|Sleep Moves Clause: Sleep-inducing moves are banned
|clearpoke
|poke|p1|Raging Bolt|
|poke|p1|Rillaboom, M|
|poke|p1|Great Tusk|
|poke|p1|Heatran, F|
|poke|p1|Latias, F|
|poke|p1|Zamazenta-*|
|poke|p2|Tyranitar, M|
|poke|p2|Excadrill, M|
|poke|p2|Tornadus-Therian, M|
|poke|p2|Tinkaton, F|
|poke|p2|Sinistcha|
|poke|p2|Toxapex, M|
|teampreview
|inactive|clean also wants the timer to be on.
|c|☆Electric win|Hf
|c|☆clean|u2
|inactive|clean has 270 seconds left.
|
|t:|1760380178
|teamsize|p1|6
|teamsize|p2|6
|start
|switch|p1a: Great Tusk|Great Tusk|100/100
|switch|p2a: Tornadus|Tornadus-Therian, M|100/100
|turn|1
|
|t:|1760380185
|move|p2a: Tornadus|Bleakwind Storm|p1a: Great Tusk
|-supereffective|p1a: Great Tusk
|-damage|p1a: Great Tusk|0 fnt
|faint|p1a: Great Tusk
|-end|p1a: Great Tusk|Protosynthesis|[silent]
|
|upkeep
|inactive|Electric win has 270 seconds left.
|
|t:|1760380222
|switch|p1a: Heatran|Heatran, F, shiny|100/100
|-item|p1a: Heatran|Air Balloon
|turn|2
|inactive|Electric win has 270 seconds left.
|
|t:|1760380244
|switch|p2a: Tyranitar|Tyranitar, M|100/100
|-weather|Sandstorm|[from] ability: Sand Stream|[of] p2a: Tyranitar
|move|p1a: Heatran|Stealth Rock|p2a: Tyranitar
|-sidestart|p2: clean|move: Stealth Rock
|
|-weather|Sandstorm|[upkeep]
|upkeep
|turn|3
|inactive|Electric win has 270 seconds left.
|c|+glass shadows|lfgi clean, beat this lil munchkin up
|
|t:|1760380262
|switch|p1a: Rillaboom|Rillaboom, M, shiny|100/100
|-fieldstart|move: Grassy Terrain|[from] ability: Grassy Surge|[of] p1a: Rillaboom
|move|p2a: Tyranitar|Low Kick|p1a: Rillaboom
|-damage|p1a: Rillaboom|46/100
|
|-weather|Sandstorm|[upkeep]
|-damage|p1a: Rillaboom|40/100|[from] Sandstorm
|-heal|p1a: Rillaboom|46/100|[from] Grassy Terrain
|upkeep
|turn|4
|
|t:|1760380289
|switch|p2a: Sinistcha|Sinistcha|100/100
|-damage|p2a: Sinistcha|88/100|[from] Stealth Rock
|move|p1a: Rillaboom|Wood Hammer|p2a: Sinistcha
|-resisted|p2a: Sinistcha
|-damage|p2a: Sinistcha|62/100
|-damage|p1a: Rillaboom|37/100|[from] Recoil
|
|-weather|Sandstorm|[upkeep]
|-damage|p1a: Rillaboom|31/100|[from] Sandstorm
|-damage|p2a: Sinistcha|56/100|[from] Sandstorm
|-heal|p1a: Rillaboom|37/100|[from] Grassy Terrain
|-heal|p2a: Sinistcha|62/100|[from] Grassy Terrain
|-heal|p2a: Sinistcha|68/100|[from] item: Leftovers
|upkeep
|turn|5
|
|t:|1760380297
|switch|p1a: Raging Bolt|Raging Bolt|100/100
|move|p2a: Sinistcha|Strength Sap|p1a: Raging Bolt
|-unboost|p1a: Raging Bolt|atk|1
|-heal|p2a: Sinistcha|100/100
|
|-weather|Sandstorm|[upkeep]
|-damage|p1a: Raging Bolt|94/100|[from] Sandstorm
|-damage|p2a: Sinistcha|94/100|[from] Sandstorm
|-heal|p1a: Raging Bolt|100/100|[from] Grassy Terrain
|-heal|p2a: Sinistcha|100/100|[from] Grassy Terrain
|upkeep
|turn|6
|inactive|Electric win has 270 seconds left.
|
|t:|1760380321
|switch|p2a: Excadrill|Excadrill, M|100/100
|-damage|p2a: Excadrill|97/100|[from] Stealth Rock
|move|p1a: Raging Bolt|Thunderbolt|p2a: Excadrill
|-immune|p2a: Excadrill
|
|-weather|none
|-heal|p2a: Excadrill|100/100|[from] Grassy Terrain
|upkeep
|turn|7
|
|t:|1760380324
|-end|p1a: Raging Bolt|Protosynthesis|[silent]
|switch|p1a: Heatran|Heatran, F, shiny|100/100
|-item|p1a: Heatran|Air Balloon
|move|p2a: Excadrill|Rapid Spin|p1a: Heatran
|-resisted|p1a: Heatran
|-damage|p1a: Heatran|94/100
|-boost|p2a: Excadrill|spe|1
|-enditem|p1a: Heatran|Air Balloon
|-sideend|p2: clean|Stealth Rock|[from] move: Rapid Spin|[of] p2a: Excadrill
|
|-heal|p1a: Heatran|99/100|[from] Grassy Terrain
|-fieldend|move: Grassy Terrain
|upkeep
|turn|8
|inactive|Electric win has 270 seconds left.
|
|t:|1760380354
|switch|p2a: Toxapex|Toxapex, M|100/100
|switch|p1a: Rillaboom|Rillaboom, M, shiny|37/100
|-fieldstart|move: Grassy Terrain|[from] ability: Grassy Surge|[of] p1a: Rillaboom
|
|-heal|p1a: Rillaboom|43/100|[from] Grassy Terrain
|upkeep
|turn|9
|inactive|clean has 270 seconds left.
|
|t:|1760380383
|move|p1a: Rillaboom|U-turn|p2a: Toxapex
|-resisted|p2a: Toxapex
|-damage|p2a: Toxapex|92/100
|-enditem|p2a: Toxapex|Eject Button
|
|t:|1760380398
|switch|p2a: Tornadus|Tornadus-Therian, M|100/100
|
|-heal|p1a: Rillaboom|49/100|[from] Grassy Terrain
|upkeep
|turn|10
|
|t:|1760380410
|move|p1a: Rillaboom|U-turn|p2a: Tornadus
|-resisted|p2a: Tornadus
|-damage|p2a: Tornadus|84/100
|
|t:|1760380412
|switch|p1a: Heatran|Heatran, F, shiny|99/100|[from] U-turn
|move|p2a: Tornadus|Bleakwind Storm|p1a: Heatran
|-resisted|p1a: Heatran
|-damage|p1a: Heatran|69/100
|-unboost|p1a: Heatran|spe|1
|
|-heal|p1a: Heatran|76/100|[from] Grassy Terrain
|upkeep
|turn|11
|inactive|clean has 270 seconds left.
|
|t:|1760380422
|switch|p2a: Tyranitar|Tyranitar, M|100/100
|-weather|Sandstorm|[from] ability: Sand Stream|[of] p2a: Tyranitar
|move|p1a: Heatran|Stealth Rock|p2a: Tyranitar
|-sidestart|p2: clean|move: Stealth Rock
|
|-weather|Sandstorm|[upkeep]
|-heal|p1a: Heatran|82/100|[from] Grassy Terrain
|upkeep
|turn|12
|inactive|clean has 270 seconds left.
|
|t:|1760380447
|move|p2a: Tyranitar|Low Kick|p1a: Heatran
|-supereffective|p1a: Heatran
|-damage|p1a: Heatran|0 fnt
|faint|p1a: Heatran
|
|-weather|Sandstorm|[upkeep]
|-fieldend|move: Grassy Terrain
|upkeep
|
|t:|1760380453
|switch|p1a: Rillaboom|Rillaboom, M, shiny|49/100
|-fieldstart|move: Grassy Terrain|[from] ability: Grassy Surge|[of] p1a: Rillaboom
|turn|13
|inactive|clean has 270 seconds left.
|
|t:|1760380463
|switch|p2a: Toxapex|Toxapex, M|100/100
|-damage|p2a: Toxapex|88/100|[from] Stealth Rock
|move|p1a: Rillaboom|U-turn|p2a: Toxapex
|-resisted|p2a: Toxapex
|-damage|p2a: Toxapex|80/100
|
|t:|1760380465
|switch|p1a: Raging Bolt|Raging Bolt|100/100|[from] U-turn
|
|-weather|Sandstorm|[upkeep]
|-damage|p1a: Raging Bolt|94/100|[from] Sandstorm
|-damage|p2a: Toxapex|74/100|[from] Sandstorm
|-heal|p1a: Raging Bolt|100/100|[from] Grassy Terrain
|-heal|p2a: Toxapex|80/100|[from] Grassy Terrain
|upkeep
|turn|14
|
|t:|1760380470
|switch|p2a: Excadrill|Excadrill, M|100/100
|-damage|p2a: Excadrill|97/100|[from] Stealth Rock
|move|p1a: Raging Bolt|Calm Mind|p1a: Raging Bolt
|-boost|p1a: Raging Bolt|spa|1
|-boost|p1a: Raging Bolt|spd|1
|
|-weather|Sandstorm|[upkeep]
|-damage|p1a: Raging Bolt|94/100|[from] Sandstorm
|-heal|p2a: Excadrill|100/100|[from] Grassy Terrain
|-heal|p1a: Raging Bolt|100/100|[from] Grassy Terrain
|upkeep
|turn|15
|inactive|clean has 270 seconds left.
|
|t:|1760380500
|switch|p2a: Tinkaton|Tinkaton, F|100/100
|-damage|p2a: Tinkaton|94/100|[from] Stealth Rock
|-item|p2a: Tinkaton|Air Balloon
|move|p1a: Raging Bolt|Calm Mind|p1a: Raging Bolt
|-boost|p1a: Raging Bolt|spa|1
|-boost|p1a: Raging Bolt|spd|1
|
|-weather|none
|upkeep
|turn|16
|
|t:|1760380506
|-end|p1a: Raging Bolt|Protosynthesis|[silent]
|switch|p1a: Rillaboom|Rillaboom, M, shiny|49/100
|move|p2a: Tinkaton|Encore||[still]
|-fail|p2a: Tinkaton
|
|-heal|p1a: Rillaboom|55/100|[from] Grassy Terrain
|upkeep
|turn|17
|
|t:|1760380514
|move|p1a: Rillaboom|U-turn|p2a: Tinkaton
|-resisted|p2a: Tinkaton
|-damage|p2a: Tinkaton|86/100
|-enditem|p2a: Tinkaton|Air Balloon
|-enditem|p1a: Rillaboom|Choice Scarf|[silent]|[from] ability: Pickpocket|[of] p1a: Rillaboom
|-item|p2a: Tinkaton|Choice Scarf|[from] ability: Pickpocket|[of] p1a: Rillaboom
|
|t:|1760380518
|switch|p1a: Raging Bolt|Raging Bolt|100/100|[from] U-turn
|move|p2a: Tinkaton|Stealth Rock|p1a: Raging Bolt
|-sidestart|p1: Electric win|move: Stealth Rock
|
|-heal|p2a: Tinkaton|92/100|[from] Grassy Terrain
|-fieldend|move: Grassy Terrain
|upkeep
|turn|18
|inactive|Electric win disconnected and has 300 seconds to reconnect!
|player|p1|
|inactive|Electric win reconnected and has 295 seconds left.
|player|p1|Electric win|#electricwin|
|
|t:|1760380540
|switch|p2a: Excadrill|Excadrill, M|100/100
|-damage|p2a: Excadrill|97/100|[from] Stealth Rock
|-end|p1a: Raging Bolt|Protosynthesis|[silent]
|switch|p1a: Rillaboom|Rillaboom, M, shiny|55/100
|-damage|p1a: Rillaboom|43/100|[from] Stealth Rock
|-fieldstart|move: Grassy Terrain|[from] ability: Grassy Surge|[of] p1a: Rillaboom
|
|-heal|p1a: Rillaboom|49/100|[from] Grassy Terrain
|-heal|p2a: Excadrill|100/100|[from] Grassy Terrain
|upkeep
|turn|19
|
|t:|1760380562
|switch|p2a: Toxapex|Toxapex, M|100/100
|-damage|p2a: Toxapex|88/100|[from] Stealth Rock
|move|p1a: Rillaboom|Wood Hammer|p2a: Toxapex
|-damage|p2a: Toxapex|28/100
|-damage|p1a: Rillaboom|31/100|[from] Recoil
|
|-heal|p1a: Rillaboom|37/100|[from] Grassy Terrain
|-heal|p2a: Toxapex|34/100|[from] Grassy Terrain
|upkeep
|turn|20
|inactive|clean has 270 seconds left.
|
|t:|1760380587
|switch|p2a: Tinkaton|Tinkaton, F|92/100
|-damage|p2a: Tinkaton|86/100|[from] Stealth Rock
|move|p1a: Rillaboom|Wood Hammer|p2a: Tinkaton
|-resisted|p2a: Tinkaton
|-damage|p2a: Tinkaton|33/100
|-damage|p1a: Rillaboom|21/100|[from] Recoil
|
|-heal|p2a: Tinkaton|39/100|[from] Grassy Terrain
|-heal|p1a: Rillaboom|27/100|[from] Grassy Terrain
|upkeep
|turn|21
|inactive|clean has 270 seconds left.
|
|t:|1760380599
|switch|p1a: Raging Bolt|Raging Bolt|100/100
|-damage|p1a: Raging Bolt|88/100|[from] Stealth Rock
|move|p2a: Tinkaton|Gigaton Hammer|p1a: Raging Bolt
|-resisted|p1a: Raging Bolt
|-damage|p1a: Raging Bolt|67/100
|
|-heal|p2a: Tinkaton|45/100|[from] Grassy Terrain
|-heal|p1a: Raging Bolt|73/100|[from] Grassy Terrain
|-heal|p1a: Raging Bolt|80/100|[from] item: Leftovers
|upkeep
|turn|22
|
|t:|1760380614
|switch|p2a: Excadrill|Excadrill, M|100/100
|-damage|p2a: Excadrill|97/100|[from] Stealth Rock
|move|p1a: Raging Bolt|Calm Mind|p1a: Raging Bolt
|-boost|p1a: Raging Bolt|spa|1
|-boost|p1a: Raging Bolt|spd|1
|
|-heal|p2a: Excadrill|100/100|[from] Grassy Terrain
|-heal|p1a: Raging Bolt|86/100|[from] Grassy Terrain
|-heal|p1a: Raging Bolt|92/100|[from] item: Leftovers
|-fieldend|move: Grassy Terrain
|upkeep
|turn|23
|inactive|Electric win has 270 seconds left.
|inactive|clean has 270 seconds left.
|inactive|Electric win has 240 seconds left.
|inactive|clean has 240 seconds left.
|inactive|clean has 210 seconds left.
|inactive|Electric win has 210 seconds left.
|inactive|clean has 180 seconds left.
|inactive|Electric win has 180 seconds left.
|
|t:|1760380781
|-end|p1a: Raging Bolt|Protosynthesis|[silent]
|switch|p1a: Zamazenta|Zamazenta|100/100
|-damage|p1a: Zamazenta|94/100|[from] Stealth Rock
|-ability|p1a: Zamazenta|Dauntless Shield|boost
|-boost|p1a: Zamazenta|def|1
|move|p2a: Excadrill|Rapid Spin|p1a: Zamazenta
|-damage|p1a: Zamazenta|85/100
|-boost|p2a: Excadrill|spe|1
|-sideend|p2: clean|Stealth Rock|[from] move: Rapid Spin|[of] p2a: Excadrill
|
|-heal|p1a: Zamazenta|91/100|[from] item: Leftovers
|upkeep
|turn|24
|inactive|clean has 180 seconds left.
|
|t:|1760380790
|switch|p2a: Toxapex|Toxapex, M|67/100
|switch|p1a: Rillaboom|Rillaboom, M, shiny|27/100
|-damage|p1a: Rillaboom|15/100|[from] Stealth Rock
|-fieldstart|move: Grassy Terrain|[from] ability: Grassy Surge|[of] p1a: Rillaboom
|
|-heal|p1a: Rillaboom|21/100|[from] Grassy Terrain
|-heal|p2a: Toxapex|73/100|[from] Grassy Terrain
|upkeep
|turn|25
|
|t:|1760380794
|switch|p2a: Tornadus|Tornadus-Therian, M|100/100
|move|p1a: Rillaboom|U-turn|p2a: Tornadus
|-resisted|p2a: Tornadus
|-damage|p2a: Tornadus|85/100
|
|t:|1760380797
|switch|p1a: Raging Bolt|Raging Bolt|92/100|[from] U-turn
|-damage|p1a: Raging Bolt|80/100|[from] Stealth Rock
|
|-heal|p1a: Raging Bolt|86/100|[from] Grassy Terrain
|-heal|p1a: Raging Bolt|92/100|[from] item: Leftovers
|upkeep
|turn|26
|
|t:|1760380800
|switch|p2a: Excadrill|Excadrill, M|100/100
|move|p1a: Raging Bolt|Calm Mind|p1a: Raging Bolt
|-boost|p1a: Raging Bolt|spa|1
|-boost|p1a: Raging Bolt|spd|1
|
|-heal|p1a: Raging Bolt|98/100|[from] Grassy Terrain
|-heal|p1a: Raging Bolt|100/100|[from] item: Leftovers
|upkeep
|turn|27
|
|t:|1760380802
|move|p2a: Excadrill|Swords Dance|p2a: Excadrill
|-boost|p2a: Excadrill|atk|2
|move|p1a: Raging Bolt|Thunderbolt|p2a: Excadrill
|-immune|p2a: Excadrill
|
|upkeep
|turn|28
|
|t:|1760380807
|move|p2a: Excadrill|Rock Blast|p1a: Raging Bolt
|-damage|p1a: Raging Bolt|86/100
|-damage|p1a: Raging Bolt|71/100
|-damage|p1a: Raging Bolt|57/100
|-damage|p1a: Raging Bolt|42/100
|-hitcount|p1a: Raging Bolt|4
|move|p1a: Raging Bolt|Dragon Pulse|p2a: Excadrill
|-resisted|p2a: Excadrill
|-damage|p2a: Excadrill|60/100
|
|-heal|p2a: Excadrill|66/100|[from] Grassy Terrain
|-heal|p1a: Raging Bolt|48/100|[from] Grassy Terrain
|-heal|p1a: Raging Bolt|55/100|[from] item: Leftovers
|-fieldend|move: Grassy Terrain
|upkeep
|turn|29
|inactive|Electric win has 210 seconds left.
|
|t:|1760380826
|move|p2a: Excadrill|Rock Blast|p1a: Raging Bolt
|-damage|p1a: Raging Bolt|42/100
|-damage|p1a: Raging Bolt|28/100
|-damage|p1a: Raging Bolt|13/100
|-damage|p1a: Raging Bolt|0 fnt
|faint|p1a: Raging Bolt
|-end|p1a: Raging Bolt|Protosynthesis|[silent]
|-hitcount|p1: Raging Bolt|4
|
|upkeep
|
|t:|1760380829
|switch|p1a: Zamazenta|Zamazenta|91/100
|-damage|p1a: Zamazenta|85/100|[from] Stealth Rock
|turn|30
|
|t:|1760380834
|switch|p1a: Rillaboom|Rillaboom, M, shiny|21/100
|-damage|p1a: Rillaboom|9/100|[from] Stealth Rock
|-fieldstart|move: Grassy Terrain|[from] ability: Grassy Surge|[of] p1a: Rillaboom
|switch|p2a: Toxapex|Toxapex, M|100/100
|
|-heal|p1a: Rillaboom|15/100|[from] Grassy Terrain
|upkeep
|turn|31
|
|t:|1760380835
|switch|p2a: Tornadus|Tornadus-Therian, M|100/100
|move|p1a: Rillaboom|Wood Hammer|p2a: Tornadus
|-resisted|p2a: Tornadus
|-damage|p2a: Tornadus|46/100
|-damage|p1a: Rillaboom|0 fnt|[from] Recoil
|faint|p1a: Rillaboom
|
|upkeep
|
|t:|1760380839
|switch|p1a: Latias|Latias, F|100/100
|-damage|p1a: Latias|88/100|[from] Stealth Rock
|-enditem|p1a: Latias|Grassy Seed
|-boost|p1a: Latias|def|1|[from] item: Grassy Seed
|turn|32
|
|t:|1760380842
|switch|p2a: Tinkaton|Tinkaton, F|45/100
|move|p1a: Latias|Calm Mind|p1a: Latias
|-boost|p1a: Latias|spa|1
|-boost|p1a: Latias|spd|1
|
|-heal|p2a: Tinkaton|51/100|[from] Grassy Terrain
|upkeep
|turn|33
|
|t:|1760380850
|move|p2a: Tinkaton|Encore|p1a: Latias
|-start|p1a: Latias|Encore
|move|p1a: Latias|Calm Mind|p1a: Latias
|-boost|p1a: Latias|spa|1
|-boost|p1a: Latias|spd|1
|
|-heal|p2a: Tinkaton|57/100|[from] Grassy Terrain
|upkeep
|turn|34
|
|t:|1760380856
|switch|p2a: Toxapex|Toxapex, M|100/100
|move|p1a: Latias|Calm Mind|p1a: Latias
|-boost|p1a: Latias|spa|1
|-boost|p1a: Latias|spd|1
|
|-fieldend|move: Grassy Terrain
|upkeep
|turn|35
|
|t:|1760380859
|-terastallize|p1a: Latias|Poison
|move|p1a: Latias|Calm Mind|p1a: Latias
|-boost|p1a: Latias|spa|1
|-boost|p1a: Latias|spd|1
|move|p2a: Toxapex|Haze|p2a: Toxapex
|-clearallboost
|
|-end|p1a: Latias|Encore
|upkeep
|turn|36
|c|☆Electric win|gg
|-message|Electric win forfeited.
|
|win|clean
|c|☆clean|gg
