|j|☆one_angry_jew
|j|☆cdcs3 pietro
|t:|1760402191
|gametype|singles
|player|p1|one_angry_jew|102|1461
|player|p2|cdcs3 pietro|aromalady|1523
|gen|9
|tier|[Gen 9] OU
|rated|
|rule|HP Percentage Mod: HP is shown in percentages
|rule|Endless Battle Clause: Forcing endless battles is banned
|rule|Species Clause: Limit one of each Pokémon
|rule|OHKO Clause: OHKO moves are banned
|rule|Evasion Items Clause: Evasion items are banned
|rule|Evasion Moves Clause: Evasion moves are banned
|rule|Evasion Abilities Clause: Evasion abilities are banned
|rule|Sleep Moves Clause: Sleep-inducing moves are banned
|clearpoke
|poke|p1|Vaporeon, F|
|poke|p1|Sylveon, M|
|poke|p1|Espeon, M|
|poke|p1|Jolteon, F|
|poke|p1|Glaceon, F|
|poke|p1|Umbreon, F|
|poke|p2|Gholdengo|
|poke|p2|Darkrai|
|poke|p2|Zamazenta-*|
|poke|p2|Raging Bolt|
|poke|p2|Landorus-Therian, M|
|poke|p2|Dragonite, F|
|teampreview
|inactive|Battle timer is ON: inactive players will automatically lose when time's up. (requested by cdcs3 pietro)
|
|t:|1760402236
|teamsize|p1|6
|teamsize|p2|6
|start
|switch|p1a: Vaporeon|Vaporeon, F|100/100
|switch|p2a: Landorus|Landorus-Therian, M|100/100
|-ability|p2a: Landorus|Intimidate|boost
|-unboost|p1a: Vaporeon|atk|1
|turn|1
|
|t:|1760402240
|move|p2a: Landorus|U-turn|p1a: Vaporeon
|-damage|p1a: Vaporeon|77/100
|
|t:|1760402242
|switch|p2a: Raging Bolt|Raging Bolt|100/100|[from] U-turn
|-enditem|p2a: Raging Bolt|Booster Energy
|-activate|p2a: Raging Bolt|ability: Protosynthesis|[fromitem]
|-start|p2a: Raging Bolt|protosynthesisspa
|move|p1a: Vaporeon|Scald|p2a: Raging Bolt
|-resisted|p2a: Raging Bolt
|-damage|p2a: Raging Bolt|72/100
|
|upkeep
|turn|2
|
|t:|1760402247
|switch|p1a: Jolteon|Jolteon, F|100/100
|move|p2a: Raging Bolt|Thunderbolt|p1a: Jolteon
|-immune|p1a: Jolteon|[from] ability: Volt Absorb
|
|upkeep
|turn|3
|
|t:|1760402252
|move|p1a: Jolteon|Alluring Voice|p2a: Raging Bolt
|-supereffective|p2a: Raging Bolt
|-damage|p2a: Raging Bolt|0 fnt
|faint|p2a: Raging Bolt
|-end|p2a: Raging Bolt|Protosynthesis|[silent]
|
|upkeep
|
|t:|1760402259
|switch|p2a: Gholdengo|Gholdengo|100/100
|turn|4
|
|t:|1760402262
|switch|p1a: Vaporeon|Vaporeon, F|77/100
|move|p2a: Gholdengo|Make It Rain|p1a: Vaporeon
|-resisted|p1a: Vaporeon
|-damage|p1a: Vaporeon|56/100
|-unboost|p2a: Gholdengo|spa|1
|
|upkeep
|turn|5
|
|t:|1760402269
|move|p2a: Gholdengo|Thunder Wave|p1a: Vaporeon
|-status|p1a: Vaporeon|par
|move|p1a: Vaporeon|Scald|p2a: Gholdengo
|-damage|p2a: Gholdengo|41/100
|
|upkeep
|turn|6
|
|t:|1760402276
|move|p2a: Gholdengo|Recover|p2a: Gholdengo
|-heal|p2a: Gholdengo|91/100
|move|p1a: Vaporeon|Scald|p2a: Gholdengo
|-damage|p2a: Gholdengo|36/100
|-status|p2a: Gholdengo|brn
|
|-damage|p2a: Gholdengo|30/100 brn|[from] brn
|upkeep
|turn|7
|
|t:|1760402281
|move|p2a: Gholdengo|Recover|p2a: Gholdengo
|-heal|p2a: Gholdengo|80/100 brn
|cant|p1a: Vaporeon|par
|
|-damage|p2a: Gholdengo|74/100 brn|[from] brn
|upkeep
|turn|8
|
|t:|1760402295
|switch|p2a: Dragonite|Dragonite, F|100/100
|move|p1a: Vaporeon|Scald|p2a: Dragonite
|-resisted|p2a: Dragonite
|-damage|p2a: Dragonite|84/100
|-status|p2a: Dragonite|brn
|
|-damage|p2a: Dragonite|78/100 brn|[from] brn
|upkeep
|turn|9
|
|t:|1760402299
|switch|p1a: Glaceon|Glaceon, F|100/100
|move|p2a: Dragonite|Dragon Dance|p2a: Dragonite
|-boost|p2a: Dragonite|atk|1
|-boost|p2a: Dragonite|spe|1
|
|-damage|p2a: Dragonite|72/100 brn|[from] brn
|upkeep
|turn|10
|
|t:|1760402305
|move|p2a: Dragonite|Earthquake|p1a: Glaceon
|-damage|p1a: Glaceon|76/100
|move|p1a: Glaceon|Freeze-Dry|p2a: Dragonite
|-supereffective|p2a: Dragonite
|-damage|p2a: Dragonite|0 fnt
|faint|p2a: Dragonite
|
|upkeep
|
|t:|1760402308
|switch|p2a: Darkrai|Darkrai|100/100
|turn|11
|
|t:|1760402311
|move|p2a: Darkrai|Nasty Plot|p2a: Darkrai
|-boost|p2a: Darkrai|spa|2
|move|p1a: Glaceon|Freeze-Dry|p2a: Darkrai
|-damage|p2a: Darkrai|46/100
|
|-heal|p2a: Darkrai|52/100|[from] item: Leftovers
|upkeep
|turn|12
|
|t:|1760402314
|move|p2a: Darkrai|Dark Pulse|p1a: Glaceon
|-damage|p1a: Glaceon|0 fnt
|faint|p1a: Glaceon
|
|-heal|p2a: Darkrai|58/100|[from] item: Leftovers
|upkeep
|
|t:|1760402316
|switch|p1a: Sylveon|Sylveon, M|100/100
|turn|13
|
|t:|1760402319
|-terastallize|p2a: Darkrai|Poison
|move|p2a: Darkrai|Sludge Bomb|p1a: Sylveon
|-supereffective|p1a: Sylveon
|-damage|p1a: Sylveon|19/100
|move|p1a: Sylveon|Hyper Voice|p2a: Darkrai
|-resisted|p2a: Darkrai
|-damage|p2a: Darkrai|23/100
|
|-heal|p2a: Darkrai|29/100|[from] item: Leftovers
|upkeep
|turn|14
|
|t:|1760402328
|move|p1a: Sylveon|Quick Attack|p2a: Darkrai
|-resisted|p2a: Darkrai
|-damage|p2a: Darkrai|22/100
|move|p2a: Darkrai|Dark Pulse|p1a: Sylveon
|-resisted|p1a: Sylveon
|-damage|p1a: Sylveon|0 fnt
|faint|p1a: Sylveon
|
|-heal|p2a: Darkrai|28/100|[from] item: Leftovers
|upkeep
|
|t:|1760402340
|switch|p1a: Espeon|Espeon, M|100/100
|turn|15
|
|t:|1760402359
|switch|p2a: Gholdengo|Gholdengo|74/100 brn
|move|p1a: Espeon|Shadow Ball|p2a: Gholdengo
|-supereffective|p2a: Gholdengo
|-damage|p2a: Gholdengo|10/100 brn
|-unboost|p2a: Gholdengo|spd|1
|
|-damage|p2a: Gholdengo|4/100 brn|[from] brn
|upkeep
|turn|16
|
|t:|1760402366
|move|p1a: Espeon|Shadow Ball|p2a: Gholdengo
|-supereffective|p2a: Gholdengo
|-damage|p2a: Gholdengo|0 fnt
|faint|p2a: Gholdengo
|
|upkeep
|
|t:|1760402371
|switch|p2a: Landorus|Landorus-Therian, M|100/100
|-ability|p2a: Landorus|Intimidate|boost
|-unboost|p1a: Espeon|atk|1
|turn|17
|
|t:|1760402375
|switch|p1a: Vaporeon|Vaporeon, F|56/100 par
|move|p2a: Landorus|U-turn|p1a: Vaporeon
|-damage|p1a: Vaporeon|32/100 par
|
|t:|1760402377
|switch|p2a: Darkrai|Darkrai, tera:Poison|28/100|[from] U-turn
|
|-heal|p2a: Darkrai|34/100|[from] item: Leftovers
|upkeep
|turn|18
|
|t:|1760402379
|move|p2a: Darkrai|Dark Pulse|p1a: Vaporeon
|-damage|p1a: Vaporeon|1/100 par
|cant|p1a: Vaporeon|par
|
|-heal|p2a: Darkrai|40/100|[from] item: Leftovers
|upkeep
|turn|19
|
|t:|1760402385
|move|p2a: Darkrai|Dark Pulse|p1a: Vaporeon
|-damage|p1a: Vaporeon|0 fnt
|faint|p1a: Vaporeon
|
|-heal|p2a: Darkrai|46/100|[from] item: Leftovers
|upkeep
|
|t:|1760402388
|switch|p1a: Jolteon|Jolteon, F|100/100
|turn|20
|
|t:|1760402393
|switch|p2a: Landorus|Landorus-Therian, M|100/100
|-ability|p2a: Landorus|Intimidate|boost
|-unboost|p1a: Jolteon|atk|1
|move|p1a: Jolteon|Tera Blast|p2a: Landorus
|-damage|p2a: Landorus|62/100
|
|upkeep
|turn|21
|
|t:|1760402400
|move|p1a: Jolteon|Tera Blast|p2a: Landorus
|-damage|p2a: Landorus|21/100
|move|p2a: Landorus|Earth Power|p1a: Jolteon
|-supereffective|p1a: Jolteon
|-damage|p1a: Jolteon|12/100
|
|upkeep
|turn|22
|
|t:|1760402408
|move|p1a: Jolteon|Tera Blast|p2a: Landorus
|-damage|p2a: Landorus|0 fnt
|faint|p2a: Landorus
|
|upkeep
|
|t:|1760402410
|switch|p2a: Zamazenta|Zamazenta|100/100
|-ability|p2a: Zamazenta|Dauntless Shield|boost
|-boost|p2a: Zamazenta|def|1
|turn|23
|
|t:|1760402415
|move|p1a: Jolteon|Tera Blast|p2a: Zamazenta
|-damage|p2a: Zamazenta|71/100
|move|p2a: Zamazenta|Body Press|p1a: Jolteon
|-damage|p1a: Jolteon|0 fnt
|faint|p1a: Jolteon
|
|upkeep
|
|t:|1760402418
|switch|p1a: Espeon|Espeon, M|100/100
|turn|24
|
|t:|1760402421
|move|p1a: Espeon|Psychic|p2a: Zamazenta
|-supereffective|p2a: Zamazenta
|-damage|p2a: Zamazenta|0 fnt
|faint|p2a: Zamazenta
|
|upkeep
|
|t:|1760402424
|switch|p2a: Darkrai|Darkrai, tera:Poison|46/100
|turn|25
|
|t:|1760402427
|move|p1a: Espeon|Psychic|p2a: Darkrai
|-supereffective|p2a: Darkrai
|-damage|p2a: Darkrai|0 fnt
|faint|p2a: Darkrai
|
|win|one_angry_jew
|raw|one_angry_jew's rating: 1461 &rarr; <strong>1485</strong><br />(+24 for winning)
|raw|cdcs3 pietro's rating: 1523 &rarr; <strong>1499</strong><br />(-24 for losing)
|l|☆cdcs3 pietro
|player|p2|
