|j|☆potayo
|j|☆dia90
|t:|1760324108
|gametype|singles
|player|p1|potayo|101|1690
|player|p2|dia90|101|1744
|gen|9
|tier|[Gen 9] OU
|rated|
|rule|HP Percentage Mod: HP is shown in percentages
|rule|Endless Battle Clause: Forcing endless battles is banned
|rule|Species Clause: Limit one of each Pokémon
|rule|OHKO Clause: OHKO moves are banned
|rule|Evasion Items Clause: Evasion items are banned
|rule|Evasion Moves Clause: Evasion moves are banned
|rule|Evasion Abilities Clause: Evasion abilities are banned
|rule|Sleep Moves Clause: Sleep-inducing moves are banned
|clearpoke
|poke|p1|Volcanion|
|poke|p1|Cetitan, M|
|poke|p1|Mandibuzz, F|
|poke|p1|Slowking-Galar, M|
|poke|p1|Great Tusk|
|poke|p1|Rillaboom, M|
|poke|p2|Ursaluna, M|
|poke|p2|Raging Bolt|
|poke|p2|Cinderace, M|
|poke|p2|Pecharunt|
|poke|p2|Ogerpon, F|
|poke|p2|Scizor, F|
|teampreview
|inactive|Battle timer is ON: inactive players will automatically lose when time's up. (requested by potayo)
|inactive|dia90 has 120 seconds left.
|
|t:|1760324146
|teamsize|p1|6
|teamsize|p2|6
|start
|switch|p1a: Slowking|Slowking-Galar, M|100/100
|switch|p2a: Scizor|Scizor, F|100/100
|turn|1
|
|t:|1760324153
|move|p2a: Scizor|Knock Off|p1a: Slowking
|-supereffective|p1a: Slowking
|-damage|p1a: Slowking|0 fnt
|-enditem|p1a: Slowking|Icy Rock|[from] move: Knock Off|[of] p2a: Scizor
|faint|p1a: Slowking
|
|upkeep
|
|t:|1760324161
|switch|p1a: Mandibuzz|Mandibuzz, F|100/100
|turn|2
|
|t:|1760324167
|move|p1a: Mandibuzz|U-turn|p2a: Scizor
|-resisted|p2a: Scizor
|-damage|p2a: Scizor|96/100
|
|t:|1760324170
|switch|p1a: Great Tusk|Great Tusk|100/100|[from] U-turn
|-enditem|p1a: Great Tusk|Booster Energy
|-activate|p1a: Great Tusk|ability: Protosynthesis|[fromitem]
|-start|p1a: Great Tusk|protosynthesisspe
|move|p2a: Scizor|Knock Off|p1a: Great Tusk
|-resisted|p1a: Great Tusk
|-damage|p1a: Great Tusk|89/100
|
|upkeep
|turn|3
|
|t:|1760324181
|switch|p2a: Ogerpon|Ogerpon, F|100/100
|move|p1a: Great Tusk|Bulk Up|p1a: Great Tusk
|-boost|p1a: Great Tusk|atk|1
|-boost|p1a: Great Tusk|def|1
|
|upkeep
|turn|4
|
|t:|1760324207
|-end|p1a: Great Tusk|Protosynthesis|[silent]
|switch|p1a: Mandibuzz|Mandibuzz, F|100/100
|-terastallize|p2a: Ogerpon|Grass
|detailschange|p2a: Ogerpon|Ogerpon-Teal-Tera, F, tera:Grass
|-ability|p2a: Ogerpon|Embody Aspect (Teal)|boost
|-boost|p2a: Ogerpon|spe|1
|move|p2a: Ogerpon|Power Whip|p1a: Mandibuzz
|-resisted|p1a: Mandibuzz
|-damage|p1a: Mandibuzz|64/100
|
|upkeep
|turn|5
|
|t:|1760324217
|switch|p2a: Scizor|Scizor, F|96/100
|move|p1a: Mandibuzz|U-turn|p2a: Scizor
|-resisted|p2a: Scizor
|-damage|p2a: Scizor|91/100
|
|t:|1760324229
|switch|p1a: Volcanion|Volcanion|100/100|[from] U-turn
|
|upkeep
|turn|6
|
|t:|1760324237
|move|p1a: Volcanion|Steam Eruption|p2a: Scizor
|-damage|p2a: Scizor|0 fnt
|faint|p2a: Scizor
|
|upkeep
|
|t:|1760324242
|switch|p2a: Ogerpon|Ogerpon-Teal-Tera, F, tera:Grass|100/100
|-ability|p2a: Ogerpon|Embody Aspect (Teal)|boost
|-boost|p2a: Ogerpon|spe|1
|turn|7
|inactive|potayo has 120 seconds left.
|
|t:|1760324293
|switch|p1a: Mandibuzz|Mandibuzz, F|64/100
|move|p2a: Ogerpon|Power Whip|p1a: Mandibuzz
|-resisted|p1a: Mandibuzz
|-damage|p1a: Mandibuzz|25/100
|
|upkeep
|turn|8
|
|t:|1760324299
|move|p2a: Ogerpon|Power Whip|p1a: Mandibuzz
|-resisted|p1a: Mandibuzz
|-damage|p1a: Mandibuzz|0 fnt
|faint|p1a: Mandibuzz
|
|upkeep
|
|t:|1760324307
|switch|p1a: Cetitan|Cetitan, M|100/100
|turn|9
|
|t:|1760324312
|move|p2a: Ogerpon|Power Whip|p1a: Cetitan
|-damage|p1a: Cetitan|0 fnt
|faint|p1a: Cetitan
|
|upkeep
|
|t:|1760324317
|switch|p1a: Volcanion|Volcanion|100/100
|turn|10
|
|t:|1760324319
|-terastallize|p1a: Volcanion|Fire
|move|p2a: Ogerpon|Power Whip|p1a: Volcanion
|-resisted|p1a: Volcanion
|-damage|p1a: Volcanion|44/100
|move|p1a: Volcanion|Flamethrower|p2a: Ogerpon
|-supereffective|p2a: Ogerpon
|-damage|p2a: Ogerpon|0 fnt
|faint|p2a: Ogerpon
|detailschange|p2: Ogerpon|Ogerpon, F|[silent]
|
|upkeep
|
|t:|1760324336
|switch|p2a: Raging Bolt|Raging Bolt|100/100
|turn|11
|
|t:|1760324346
|move|p1a: Volcanion|Flamethrower|p2a: Raging Bolt
|-resisted|p2a: Raging Bolt
|-crit|p2a: Raging Bolt
|-damage|p2a: Raging Bolt|37/100
|move|p2a: Raging Bolt|Draco Meteor|p1a: Volcanion
|-crit|p1a: Volcanion
|-damage|p1a: Volcanion|0 fnt
|-unboost|p2a: Raging Bolt|spa|2
|faint|p1a: Volcanion
|
|upkeep
|
|t:|1760324349
|switch|p1a: Rillaboom|Rillaboom, M|100/100
|-fieldstart|move: Grassy Terrain|[from] ability: Grassy Surge|[of] p1a: Rillaboom
|turn|12
|
|t:|1760324357
|move|p1a: Rillaboom|U-turn|p2a: Raging Bolt
|-damage|p2a: Raging Bolt|3/100
|
|t:|1760324359
|switch|p1a: Great Tusk|Great Tusk|89/100|[from] U-turn
|move|p2a: Raging Bolt|Draco Meteor|p1a: Great Tusk
|-damage|p1a: Great Tusk|26/100
|-unboost|p2a: Raging Bolt|spa|2
|
|-heal|p1a: Great Tusk|33/100|[from] Grassy Terrain
|-heal|p2a: Raging Bolt|10/100|[from] Grassy Terrain
|upkeep
|turn|13
|
|t:|1760324368
|move|p1a: Great Tusk|Bulk Up|p1a: Great Tusk
|-boost|p1a: Great Tusk|atk|1
|-boost|p1a: Great Tusk|def|1
|move|p2a: Raging Bolt|Draco Meteor|p1a: Great Tusk
|-damage|p1a: Great Tusk|0 fnt
|-unboost|p2a: Raging Bolt|spa|2
|faint|p1a: Great Tusk
|-end|p1a: Great Tusk|Protosynthesis|[silent]
|
|-heal|p2a: Raging Bolt|16/100|[from] Grassy Terrain
|upkeep
|-message|potayo forfeited.
|
|win|dia90
|raw|potayo's rating: 1690 &rarr; <strong>1673</strong><br />(-17 for losing)
|raw|dia90's rating: 1744 &rarr; <strong>1761</strong><br />(+17 for winning)
|l|☆dia90
|player|p2|
|l|☆potayo
|player|p1|
