|j|☆great team haver
|j|☆BlRD BOY
|t:|1760455081
|gametype|singles
|player|p1|great team haver|skierf|1338
|player|p2|BlRD BOY|102|1331
|gen|9
|tier|[Gen 9] OU
|rated|
|rule|HP Percentage Mod: HP is shown in percentages
|rule|Endless Battle Clause: Forcing endless battles is banned
|rule|Species Clause: Limit one of each Pokémon
|rule|OHKO Clause: OHKO moves are banned
|rule|Evasion Items Clause: Evasion items are banned
|rule|Evasion Moves Clause: Evasion moves are banned
|rule|Evasion Abilities Clause: Evasion abilities are banned
|rule|Sleep Moves Clause: Sleep-inducing moves are banned
|clearpoke
|poke|p1|Clefable, M|
|poke|p1|Corviknight, M|
|poke|p1|Okidogi, M|
|poke|p1|Toedscruel, F|
|poke|p1|Malamar, M|
|poke|p1|Vaporeon, F|
|poke|p2|Indeedee, M|
|poke|p2|Deoxys-Speed|
|poke|p2|Ogerpon, F|
|poke|p2|Cinderace, F|
|poke|p2|Zamazenta-*|
|poke|p2|Hitmonlee, M|
|teampreview
|inactive|Battle timer is ON: inactive players will automatically lose when time's up. (requested by great team haver)
|
|t:|1760455095
|teamsize|p1|6
|teamsize|p2|6
|start
|switch|p1a: bird man|Corviknight, M|100/100
|switch|p2a: Indeedee|Indeedee, M|100/100
|-fieldstart|move: Psychic Terrain|[from] ability: Psychic Surge|[of] p2a: Indeedee
|-ability|p1a: bird man|Pressure
|turn|1
|
|t:|1760455102
|move|p2a: Indeedee|Expanding Force|p1a: bird man
|-resisted|p1a: bird man
|-damage|p1a: bird man|81/100
|move|p1a: bird man|Brave Bird|p2a: Indeedee
|-damage|p2a: Indeedee|63/100
|-damage|p1a: bird man|71/100|[from] Recoil
|
|-heal|p1a: bird man|77/100|[from] item: Leftovers
|upkeep
|turn|2
|
|t:|1760455107
|move|p2a: Indeedee|Encore|p1a: bird man
|-start|p1a: bird man|Encore
|move|p1a: bird man|Brave Bird|p2a: Indeedee
|-damage|p2a: Indeedee|25/100
|-damage|p1a: bird man|67/100|[from] Recoil
|
|-heal|p1a: bird man|73/100|[from] item: Leftovers
|upkeep
|turn|3
|
|t:|1760455111
|switch|p2a: Cinderace|Cinderace, F|100/100
|move|p1a: bird man|Brave Bird|p2a: Cinderace
|-damage|p2a: Cinderace|52/100
|-damage|p1a: bird man|59/100|[from] Recoil
|
|-heal|p1a: bird man|65/100|[from] item: Leftovers
|upkeep
|turn|4
|
|t:|1760455117
|switch|p1a: Catfish|Vaporeon, F|100/100
|move|p2a: Cinderace|Will-O-Wisp|p1a: Catfish
|-status|p1a: Catfish|brn
|
|-damage|p1a: Catfish|94/100 brn|[from] brn
|upkeep
|turn|5
|
|t:|1760455136
|move|p2a: Cinderace|U-turn|p1a: Catfish
|-damage|p1a: Catfish|81/100 brn
|
|t:|1760455138
|switch|p2a: Deoxys|Deoxys-Speed|100/100|[from] U-turn
|-ability|p2a: Deoxys|Pressure
|move|p1a: Catfish|Scald|p2a: Deoxys
|-damage|p2a: Deoxys|51/100
|
|-heal|p1a: Catfish|87/100 brn|[from] item: Leftovers
|-damage|p1a: Catfish|81/100 brn|[from] brn
|upkeep
|turn|6
|
|t:|1760455143
|switch|p1a: Humorous Squid|Malamar, M|100/100
|move|p2a: Deoxys|Expanding Force|p1a: Humorous Squid
|-immune|p1a: Humorous Squid
|
|upkeep
|turn|7
|
|t:|1760455147
|switch|p2a: Hitmonlee|Hitmonlee, M|100/100
|-enditem|p2a: Hitmonlee|Psychic Seed
|-boost|p2a: Hitmonlee|spd|1|[from] item: Psychic Seed
|move|p1a: Humorous Squid|Knock Off|p2a: Hitmonlee
|-resisted|p2a: Hitmonlee
|-damage|p2a: Hitmonlee|53/100
|
|upkeep
|turn|8
|
|t:|1760455152
|switch|p1a: Lord Asmodeus|Clefable, M, shiny|100/100
|move|p2a: Hitmonlee|Swords Dance|p2a: Hitmonlee
|-boost|p2a: Hitmonlee|atk|2
|
|-fieldend|move: Psychic Terrain
|upkeep
|turn|9
|
|t:|1760455155
|-terastallize|p2a: Hitmonlee|Poison
|move|p2a: Hitmonlee|Poison Jab|p1a: Lord Asmodeus
|-supereffective|p1a: Lord Asmodeus
|-damage|p1a: Lord Asmodeus|39/100
|move|p1a: Lord Asmodeus|Moonblast|p2a: Hitmonlee
|-resisted|p2a: Hitmonlee
|-damage|p2a: Hitmonlee|29/100
|-damage|p1a: Lord Asmodeus|29/100|[from] item: Life Orb
|
|upkeep
|turn|10
|
|t:|1760455160
|move|p2a: Hitmonlee|Poison Jab|p1a: Lord Asmodeus
|-supereffective|p1a: Lord Asmodeus
|-damage|p1a: Lord Asmodeus|0 fnt
|faint|p1a: Lord Asmodeus
|
|upkeep
|
|t:|1760455163
|switch|p1a: Henchman 2|Okidogi, M|100/100
|turn|11
|
|t:|1760455167
|move|p2a: Hitmonlee|Knock Off|p1a: Henchman 2
|-resisted|p1a: Henchman 2
|-damage|p1a: Henchman 2|81/100
|-enditem|p1a: Henchman 2|Black Sludge|[from] move: Knock Off|[of] p2a: Hitmonlee
|move|p1a: Henchman 2|Knock Off|p2a: Hitmonlee
|-damage|p2a: Hitmonlee|0 fnt
|faint|p2a: Hitmonlee
|
|upkeep
|
|t:|1760455178
|switch|p2a: Deoxys|Deoxys-Speed|51/100
|-ability|p2a: Deoxys|Pressure
|turn|12
|
|t:|1760455190
|switch|p1a: Catfish|Vaporeon, F|81/100 brn
|move|p2a: Deoxys|Superpower|p1a: Catfish
|-damage|p1a: Catfish|56/100 brn
|-unboost|p2a: Deoxys|atk|1
|-unboost|p2a: Deoxys|def|1
|-damage|p2a: Deoxys|41/100|[from] item: Life Orb
|
|-heal|p1a: Catfish|62/100 brn|[from] item: Leftovers
|-damage|p1a: Catfish|56/100 brn|[from] brn
|upkeep
|turn|13
|
|t:|1760455194
|move|p2a: Deoxys|Psycho Boost|p1a: Catfish
|-damage|p1a: Catfish|0 fnt
|-unboost|p2a: Deoxys|spa|2
|faint|p1a: Catfish
|-damage|p2a: Deoxys|31/100|[from] item: Life Orb
|
|upkeep
|
|t:|1760455199
|switch|p1a: Humorous Squid|Malamar, M|100/100
|turn|14
|
|t:|1760455203
|switch|p2a: Cinderace|Cinderace, F|52/100
|move|p1a: Humorous Squid|Psycho Cut|p2a: Cinderace
|-damage|p2a: Cinderace|0 fnt
|faint|p2a: Cinderace
|
|upkeep
|
|t:|1760455207
|switch|p2a: Indeedee|Indeedee, M|25/100
|-fieldstart|move: Psychic Terrain|[from] ability: Psychic Surge|[of] p2a: Indeedee
|turn|15
|
|t:|1760455209
|move|p1a: Humorous Squid|Psycho Cut|p2a: Indeedee
|-resisted|p2a: Indeedee
|-damage|p2a: Indeedee|0 fnt
|faint|p2a: Indeedee
|
|upkeep
|
|t:|1760455212
|switch|p2a: Ogerpon|Ogerpon, F|100/100
|turn|16
|
|t:|1760455218
|-terastallize|p1a: Humorous Squid|Fire
|move|p2a: Ogerpon|Swords Dance|p2a: Ogerpon
|-boost|p2a: Ogerpon|atk|2
|move|p1a: Humorous Squid|Psycho Cut|p2a: Ogerpon
|-damage|p2a: Ogerpon|15/100
|
|upkeep
|turn|17
|
|t:|1760455224
|move|p2a: Ogerpon|Knock Off|p1a: Humorous Squid
|-damage|p1a: Humorous Squid|7/100
|-enditem|p1a: Humorous Squid|Choice Band|[from] move: Knock Off|[of] p2a: Ogerpon
|-damage|p2a: Ogerpon|5/100|[from] item: Life Orb
|move|p1a: Humorous Squid|Psycho Cut|p2a: Ogerpon
|-damage|p2a: Ogerpon|0 fnt
|faint|p2a: Ogerpon
|
|upkeep
|
|t:|1760455230
|switch|p2a: Deoxys|Deoxys-Speed|31/100
|-ability|p2a: Deoxys|Pressure
|turn|18
|
|t:|1760455235
|move|p2a: Deoxys|Expanding Force|p1a: Humorous Squid
|-damage|p1a: Humorous Squid|0 fnt
|faint|p1a: Humorous Squid
|-damage|p2a: Deoxys|21/100|[from] item: Life Orb
|
|upkeep
|
|t:|1760455237
|switch|p1a: bird man|Corviknight, M|65/100
|-ability|p1a: bird man|Pressure
|turn|19
|
|t:|1760455243
|move|p2a: Deoxys|Psycho Boost|p1a: bird man
|-resisted|p1a: bird man
|-crit|p1a: bird man
|-damage|p1a: bird man|14/100
|-unboost|p2a: Deoxys|spa|2
|-damage|p2a: Deoxys|11/100|[from] item: Life Orb
|move|p1a: bird man|Roost|p1a: bird man
|-heal|p1a: bird man|64/100
|-singleturn|p1a: bird man|move: Roost
|
|-heal|p1a: bird man|70/100|[from] item: Leftovers
|upkeep
|turn|20
|-message|BlRD BOY forfeited.
|
|win|great team haver
|raw|great team haver's rating: 1338 &rarr; <strong>1358</strong><br />(+20 for winning)
|raw|BlRD BOY's rating: 1331 &rarr; <strong>1311</strong><br />(-20 for losing)
|l|☆BlRD BOY
|player|p2|
|l|☆great team haver
|player|p1|
