|j|☆Charle_phate
|j|☆Rachel_GardnerXI
|t:|1760415517
|gametype|singles
|player|p1|Charle_phate|blue|1261
|player|p2|Rachel_GardnerXI|lady-gen4|1270
|gen|9
|tier|[Gen 9] OU
|rated|
|rule|HP Percentage Mod: HP is shown in percentages
|rule|Endless Battle Clause: Forcing endless battles is banned
|rule|Species Clause: Limit one of each Pokémon
|rule|OHKO Clause: OHKO moves are banned
|rule|Evasion Items Clause: Evasion items are banned
|rule|Evasion Moves Clause: Evasion moves are banned
|rule|Evasion Abilities Clause: Evasion abilities are banned
|rule|Sleep Moves Clause: Sleep-inducing moves are banned
|clearpoke
|poke|p1|Serperior, M|
|poke|p1|Rotom-Wash|
|poke|p1|Zapdos|
|poke|p1|Heatran, M|
|poke|p1|Clefable, F|
|poke|p1|Landorus-Therian, M|
|poke|p2|Iron Crown|
|poke|p2|Corviknight, F|
|poke|p2|Cinderace, F|
|poke|p2|Ting-Lu|
|poke|p2|Porygon2|
|poke|p2|Ogerpon-Wellspring, F|
|teampreview
|
|t:|1760415526
|teamsize|p1|6
|teamsize|p2|6
|start
|switch|p1a: Rotom|Rotom-Wash|100/100
|switch|p2a: Cinderace|Cinderace, F|100/100
|turn|1
|inactive|Battle timer is ON: inactive players will automatically lose when time's up. (requested by Charle_phate)
|
|t:|1760415533
|switch|p1a: Zapdos|Zapdos|100/100
|move|p2a: Cinderace|Gunk Shot|p1a: Zapdos
|-start|p2a: Cinderace|typechange|Poison|[from] ability: Libero
|-damage|p1a: Zapdos|11/100
|-status|p1a: Zapdos|psn
|-enditem|p1a: Zapdos|Lum Berry|[eat]
|-curestatus|p1a: Zapdos|psn|[msg]
|-damage|p2a: Cinderace|91/100|[from] item: Life Orb
|
|upkeep
|turn|2
|
|t:|1760415557
|move|p2a: Cinderace|Trailblaze|p1a: Zapdos
|-resisted|p1a: Zapdos
|-damage|p1a: Zapdos|0 fnt
|-boost|p2a: Cinderace|spe|1
|faint|p1a: Zapdos
|-damage|p2a: Cinderace|81/100|[from] item: Life Orb
|
|upkeep
|
|t:|1760415565
|switch|p1a: Rotom|Rotom-Wash|100/100
|turn|3
|
|t:|1760415569
|switch|p1a: Heatran|Heatran, M|100/100
|move|p2a: Cinderace|Gunk Shot|p1a: Heatran
|-immune|p1a: Heatran
|
|upkeep
|turn|4
|inactive|Charle_phate has 120 seconds left.
|
|t:|1760415614
|move|p2a: Cinderace|High Jump Kick|p1a: Heatran
|-supereffective|p1a: Heatran
|-damage|p1a: Heatran|10/100
|-status|p2a: Cinderace|brn|[from] ability: Flame Body|[of] p1a: Heatran
|-damage|p2a: Cinderace|71/100 brn|[from] item: Life Orb
|move|p1a: Heatran|Lava Plume|p2a: Cinderace
|-damage|p2a: Cinderace|21/100 brn
|
|-heal|p1a: Heatran|16/100|[from] item: Leftovers
|-damage|p2a: Cinderace|15/100 brn|[from] brn
|upkeep
|turn|5
|
|t:|1760415625
|switch|p1a: Landorus|Landorus-Therian, M|100/100
|-ability|p1a: Landorus|Intimidate|boost
|-unboost|p2a: Cinderace|atk|1
|move|p2a: Cinderace|High Jump Kick|p1a: Landorus
|-resisted|p1a: Landorus
|-damage|p1a: Landorus|91/100
|-damage|p2a: Cinderace|5/100 brn|[from] item: Life Orb
|
|-heal|p1a: Landorus|97/100|[from] item: Leftovers
|-damage|p2a: Cinderace|0 fnt|[from] brn
|faint|p2a: Cinderace
|upkeep
|
|t:|1760415635
|switch|p2a: Ogerpon|Ogerpon-Wellspring, F|100/100
|turn|6
|inactive|Charle_phate has 120 seconds left.
|
|t:|1760415652
|switch|p1a: Heatran|Heatran, M|16/100
|move|p2a: Ogerpon|Ivy Cudgel|p1a: Heatran|[anim] Ivy Cudgel Water
|-supereffective|p1a: Heatran
|-damage|p1a: Heatran|0 fnt
|faint|p1a: Heatran
|
|upkeep
|
|t:|1760415659
|switch|p1a: Landorus|Landorus-Therian, M|97/100
|-ability|p1a: Landorus|Intimidate|boost
|-unboost|p2a: Ogerpon|atk|1
|turn|7
|
|t:|1760415663
|switch|p2a: Ting-Lu|Ting-Lu|100/100
|-ability|p2a: Ting-Lu|Vessel of Ruin
|move|p1a: Landorus|Swords Dance|p1a: Landorus
|-boost|p1a: Landorus|atk|2
|
|-heal|p1a: Landorus|100/100|[from] item: Leftovers
|upkeep
|turn|8
|inactive|Charle_phate has 120 seconds left.
|
|t:|1760415679
|move|p1a: Landorus|Earthquake|p2a: Ting-Lu
|-damage|p2a: Ting-Lu|53/100
|move|p2a: Ting-Lu|Ruination|p1a: Landorus
|-damage|p1a: Landorus|50/100
|
|-heal|p1a: Landorus|57/100|[from] item: Leftovers
|upkeep
|turn|9
|
|t:|1760415687
|move|p1a: Landorus|Swords Dance|p1a: Landorus
|-boost|p1a: Landorus|atk|2
|move|p2a: Ting-Lu|Ruination|p1a: Landorus
|-damage|p1a: Landorus|29/100
|
|-heal|p1a: Landorus|35/100|[from] item: Leftovers
|upkeep
|turn|10
|inactive|Charle_phate has 120 seconds left.
|
|t:|1760415709
|move|p1a: Landorus|Earthquake|p2a: Ting-Lu
|-damage|p2a: Ting-Lu|0 fnt
|faint|p2a: Ting-Lu
|
|-heal|p1a: Landorus|41/100|[from] item: Leftovers
|upkeep
|
|t:|1760415712
|switch|p2a: Ogerpon|Ogerpon-Wellspring, F|100/100
|turn|11
|inactive|Charle_phate has 120 seconds left.
|
|t:|1760415746
|switch|p1a: Rotom|Rotom-Wash|100/100
|move|p2a: Ogerpon|Swords Dance|p2a: Ogerpon
|-boost|p2a: Ogerpon|atk|2
|
|upkeep
|turn|12
|
|t:|1760415765
|move|p2a: Ogerpon|Knock Off|p1a: Rotom
|-damage|p1a: Rotom|26/100
|-enditem|p1a: Rotom|Leftovers|[from] move: Knock Off|[of] p2a: Ogerpon
|move|p1a: Rotom|Thunder Wave|p2a: Ogerpon
|-status|p2a: Ogerpon|par
|
|upkeep
|turn|13
|
|t:|1760415779
|move|p1a: Rotom|Pain Split|p2a: Ogerpon
|-sethp|p2a: Ogerpon|63/100 par|[from] move: Pain Split|[silent]
|-sethp|p1a: Rotom|64/100|[from] move: Pain Split
|move|p2a: Ogerpon|Ivy Cudgel|p1a: Rotom|[anim] Ivy Cudgel Water
|-resisted|p1a: Rotom
|-damage|p1a: Rotom|8/100
|
|upkeep
|turn|14
|
|t:|1760415795
|move|p1a: Rotom|Pain Split|p2a: Ogerpon
|-sethp|p2a: Ogerpon|35/100 par|[from] move: Pain Split|[silent]
|-sethp|p1a: Rotom|36/100|[from] move: Pain Split
|move|p2a: Ogerpon|Ivy Cudgel|p1a: Rotom|[anim] Ivy Cudgel Water
|-resisted|p1a: Rotom
|-damage|p1a: Rotom|0 fnt
|faint|p1a: Rotom
|
|upkeep
|
|t:|1760415803
|switch|p1a: Landorus|Landorus-Therian, M|41/100
|-ability|p1a: Landorus|Intimidate|boost
|-unboost|p2a: Ogerpon|atk|1
|turn|15
|
|t:|1760415806
|move|p1a: Landorus|Swords Dance|p1a: Landorus
|-boost|p1a: Landorus|atk|2
|move|p2a: Ogerpon|Ivy Cudgel|p1a: Landorus|[anim] Ivy Cudgel Water
|-supereffective|p1a: Landorus
|-damage|p1a: Landorus|0 fnt
|faint|p1a: Landorus
|
|upkeep
|
|t:|1760415815
|switch|p1a: Serperior|Serperior, M|100/100
|turn|16
|
|t:|1760415820
|move|p1a: Serperior|Substitute|p1a: Serperior
|-start|p1a: Serperior|Substitute
|-damage|p1a: Serperior|75/100
|move|p2a: Ogerpon|Knock Off|p1a: Serperior
|-end|p1a: Serperior|Substitute
|
|-heal|p1a: Serperior|82/100|[from] item: Leftovers
|upkeep
|turn|17
|inactive|Charle_phate has 120 seconds left.
|
|t:|1760415832
|move|p1a: Serperior|Substitute|p1a: Serperior
|-start|p1a: Serperior|Substitute
|-damage|p1a: Serperior|57/100
|move|p2a: Ogerpon|Knock Off|p1a: Serperior
|-end|p1a: Serperior|Substitute
|
|-heal|p1a: Serperior|63/100|[from] item: Leftovers
|upkeep
|turn|18
|
|t:|1760415838
|move|p1a: Serperior|Substitute|p1a: Serperior
|-start|p1a: Serperior|Substitute
|-damage|p1a: Serperior|38/100
|move|p2a: Ogerpon|Knock Off|p1a: Serperior
|-end|p1a: Serperior|Substitute
|
|-heal|p1a: Serperior|44/100|[from] item: Leftovers
|upkeep
|turn|19
|
|t:|1760415842
|move|p1a: Serperior|Substitute|p1a: Serperior
|-start|p1a: Serperior|Substitute
|-damage|p1a: Serperior|19/100
|move|p2a: Ogerpon|Knock Off|p1a: Serperior
|-crit|p1a: Serperior
|-end|p1a: Serperior|Substitute
|
|-heal|p1a: Serperior|25/100|[from] item: Leftovers
|upkeep
|turn|20
|
|t:|1760415846
|move|p1a: Serperior|Leaf Storm|p2a: Ogerpon
|-damage|p2a: Ogerpon|0 fnt
|-boost|p1a: Serperior|spa|2
|faint|p2a: Ogerpon
|
|-heal|p1a: Serperior|31/100|[from] item: Leftovers
|upkeep
|
|t:|1760415854
|switch|p2a: Porygon2|Porygon2|100/100
|-ability|p2a: Porygon2|Download|boost
|-boost|p2a: Porygon2|spa|1
|turn|21
|
|t:|1760415859
|-terastallize|p2a: Porygon2|Normal
|move|p1a: Serperior|Glare|p2a: Porygon2
|-status|p2a: Porygon2|par
|cant|p2a: Porygon2|par
|
|-heal|p1a: Serperior|37/100|[from] item: Leftovers
|upkeep
|turn|22
|
|t:|1760415866
|move|p1a: Serperior|Substitute|p1a: Serperior
|-start|p1a: Serperior|Substitute
|-damage|p1a: Serperior|12/100
|cant|p2a: Porygon2|par
|
|-heal|p1a: Serperior|19/100|[from] item: Leftovers
|upkeep
|turn|23
|
|t:|1760415877
|move|p1a: Serperior|Leech Seed|p2a: Porygon2|[miss]
|-miss|p1a: Serperior|p2a: Porygon2
|move|p2a: Porygon2|Tri Attack|p1a: Serperior
|-end|p1a: Serperior|Substitute
|
|-heal|p1a: Serperior|25/100|[from] item: Leftovers
|upkeep
|turn|24
|
|t:|1760415904
|move|p1a: Serperior|Leech Seed|p2a: Porygon2
|-start|p2a: Porygon2|move: Leech Seed
|move|p2a: Porygon2|Tri Attack|p1a: Serperior
|-damage|p1a: Serperior|0 fnt
|faint|p1a: Serperior
|
|upkeep
|
|t:|1760415907
|switch|p1a: Clefable|Clefable, F|100/100
|turn|25
|inactive|Charle_phate has 120 seconds left.
|
|t:|1760415933
|switch|p2a: Corviknight|Corviknight, F|100/100
|move|p1a: Clefable|Calm Mind|p1a: Clefable
|-boost|p1a: Clefable|spa|1
|-boost|p1a: Clefable|spd|1
|
|upkeep
|turn|26
|inactive|Charle_phate has 120 seconds left.
|
|t:|1760415941
|switch|p2a: Iron Crown|Iron Crown|100/100
|move|p1a: Clefable|Defense Curl|p1a: Clefable
|-boost|p1a: Clefable|def|1
|
|upkeep
|turn|27
|
|t:|1760415946
|-terastallize|p1a: Clefable|Fire
|move|p2a: Iron Crown|Tachyon Cutter|p1a: Clefable
|-resisted|p1a: Clefable
|-damage|p1a: Clefable|89/100
|-resisted|p1a: Clefable
|-damage|p1a: Clefable|77/100
|-hitcount|p1a: Clefable|2
|move|p1a: Clefable|Calm Mind|p1a: Clefable
|-boost|p1a: Clefable|spa|1
|-boost|p1a: Clefable|spd|1
|
|-heal|p1a: Clefable|83/100|[from] item: Leftovers
|upkeep
|turn|28
|
|t:|1760415954
|-end|p2a: Iron Crown|Quark Drive|[silent]
|switch|p2a: Corviknight|Corviknight, F|100/100
|move|p1a: Clefable|Calm Mind|p1a: Clefable
|-boost|p1a: Clefable|spa|1
|-boost|p1a: Clefable|spd|1
|
|-heal|p1a: Clefable|89/100|[from] item: Leftovers
|upkeep
|turn|29
|
|t:|1760415967
|move|p2a: Corviknight|Body Press|p1a: Clefable
|-damage|p1a: Clefable|76/100
|move|p1a: Clefable|Defense Curl|p1a: Clefable
|-boost|p1a: Clefable|def|1
|
|-heal|p1a: Clefable|83/100|[from] item: Leftovers
|upkeep
|turn|30
|
|t:|1760415973
|move|p2a: Corviknight|Body Press|p1a: Clefable
|-crit|p1a: Clefable
|-damage|p1a: Clefable|55/100
|move|p1a: Clefable|Defense Curl|p1a: Clefable
|-boost|p1a: Clefable|def|1
|
|-heal|p1a: Clefable|61/100|[from] item: Leftovers
|upkeep
|turn|31
|
|t:|1760415991
|switch|p2a: Porygon2|Porygon2, tera:Normal|100/100 par
|-ability|p2a: Porygon2|Download|boost
|-boost|p2a: Porygon2|spa|1
|move|p1a: Clefable|Defense Curl|p1a: Clefable
|-boost|p1a: Clefable|def|1
|
|-heal|p1a: Clefable|67/100|[from] item: Leftovers
|upkeep
|turn|32
|
|t:|1760416003
|move|p1a: Clefable|Stored Power|p2a: Porygon2
|-damage|p2a: Porygon2|49/100 par
|cant|p2a: Porygon2|par
|
|-heal|p1a: Clefable|74/100|[from] item: Leftovers
|upkeep
|turn|33
|
|t:|1760416009
|move|p1a: Clefable|Stored Power|p2a: Porygon2
|-damage|p2a: Porygon2|0 fnt
|faint|p2a: Porygon2
|
|-heal|p1a: Clefable|80/100|[from] item: Leftovers
|upkeep
|
|t:|1760416012
|switch|p2a: Corviknight|Corviknight, F|100/100
|turn|34
|
|t:|1760416035
|move|p2a: Corviknight|Body Press|p1a: Clefable
|-damage|p1a: Clefable|73/100
|move|p1a: Clefable|Stored Power|p2a: Corviknight
|-resisted|p2a: Corviknight
|-damage|p2a: Corviknight|54/100
|
|-heal|p1a: Clefable|79/100|[from] item: Leftovers
|upkeep
|turn|35
|
|t:|1760416043
|move|p2a: Corviknight|Body Press|p1a: Clefable
|-damage|p1a: Clefable|73/100
|move|p1a: Clefable|Calm Mind|p1a: Clefable
|-boost|p1a: Clefable|spa|1
|-boost|p1a: Clefable|spd|1
|
|-heal|p1a: Clefable|79/100|[from] item: Leftovers
|upkeep
|turn|36
|
|t:|1760416051
|move|p2a: Corviknight|Body Press|p1a: Clefable
|-damage|p1a: Clefable|73/100
|move|p1a: Clefable|Calm Mind|p1a: Clefable
|-boost|p1a: Clefable|spa|1
|-boost|p1a: Clefable|spd|1
|
|-heal|p1a: Clefable|79/100|[from] item: Leftovers
|upkeep
|turn|37
|
|t:|1760416057
|switch|p2a: Iron Crown|Iron Crown|100/100
|move|p1a: Clefable|Defense Curl|p1a: Clefable
|-boost|p1a: Clefable|def|1
|
|-heal|p1a: Clefable|86/100|[from] item: Leftovers
|upkeep
|turn|38
|
|t:|1760416074
|move|p2a: Iron Crown|Psychic Noise|p1a: Clefable
|-damage|p1a: Clefable|72/100
|-start|p1a: Clefable|move: Heal Block
|move|p1a: Clefable|Stored Power|p2a: Iron Crown
|-resisted|p2a: Iron Crown
|-damage|p2a: Iron Crown|42/100
|
|upkeep
|turn|39
|
|t:|1760416083
|move|p2a: Iron Crown|Psychic Noise|p1a: Clefable
|-damage|p1a: Clefable|57/100
|move|p1a: Clefable|Stored Power|p2a: Iron Crown
|-resisted|p2a: Iron Crown
|-damage|p2a: Iron Crown|0 fnt
|faint|p2a: Iron Crown
|-end|p2a: Iron Crown|Quark Drive|[silent]
|
|-end|p1a: Clefable|move: Heal Block
|upkeep
|
|t:|1760416087
|switch|p2a: Corviknight|Corviknight, F|54/100
|turn|40
|-message|Rachel_GardnerXI forfeited.
|
|win|Charle_phate
|raw|Charle_phate's rating: 1284 &rarr; <strong>1308</strong><br />(+24 for winning)
|raw|Rachel_GardnerXI's rating: 1270 &rarr; <strong>1246</strong><br />(-24 for losing)
|l|☆Rachel_GardnerXI
|player|p2|
|l|☆Charle_phate
|player|p1|
