|j|☆UchihaSusgay
|j|‽flinchirator
|t:|1760337148
|gametype|singles
|player|p1|UchihaSusgay|101|1443
|player|p2|flinchirator|miku-ice|1495
|gen|9
|tier|[Gen 9] OU
|rated|
|rule|HP Percentage Mod: HP is shown in percentages
|rule|Endless Battle Clause: Forcing endless battles is banned
|rule|Species Clause: Limit one of each Pokémon
|rule|OHKO Clause: OHKO moves are banned
|rule|Evasion Items Clause: Evasion items are banned
|rule|Evasion Moves Clause: Evasion moves are banned
|rule|Evasion Abilities Clause: Evasion abilities are banned
|rule|Sleep Moves Clause: Sleep-inducing moves are banned
|clearpoke
|poke|p1|Rotom-Wash|
|poke|p1|Landorus-Therian, M|
|poke|p1|Entei|
|poke|p1|Alomomola, M|
|poke|p1|Darkrai|
|poke|p1|Weezing-Galar, M|
|poke|p2|Iron Treads|
|poke|p2|Ogerpon-Wellspring, F|
|poke|p2|Iron Valiant|
|poke|p2|Dragonite, M|
|poke|p2|Dragapult, F|
|poke|p2|Zapdos|
|teampreview
|inactive|Battle timer is ON: inactive players will automatically lose when time's up. (requested by flinchirator)
|
|t:|1760337153
|teamsize|p1|6
|teamsize|p2|6
|start
|switch|p1a: Entei|Entei|100/100
|switch|p2a: Dragapult|Dragapult, F|100/100
|-ability|p1a: Entei|Pressure
|turn|1
|
|t:|1760337162
|move|p2a: Dragapult|Draco Meteor|p1a: Entei
|-damage|p1a: Entei|27/100
|-unboost|p2a: Dragapult|spa|2
|move|p1a: Entei|Sacred Fire|p2a: Dragapult
|-resisted|p2a: Dragapult
|-damage|p2a: Dragapult|70/100
|
|upkeep
|turn|2
|
|t:|1760337179
|switch|p2a: Zapdos|Zapdos|100/100
|switch|p1a: Landorus|Landorus-Therian, M|100/100
|-ability|p1a: Landorus|Intimidate|boost
|-unboost|p2a: Zapdos|atk|1
|
|upkeep
|turn|3
|
|t:|1760337196
|move|p1a: Landorus|Stealth Rock|p2a: Zapdos
|-sidestart|p2: flinchirator|move: Stealth Rock
|move|p2a: Zapdos|U-turn|p1a: Landorus
|-resisted|p1a: Landorus
|-damage|p1a: Landorus|97/100
|
|t:|1760337212
|switch|p2a: Ogerpon|Ogerpon-Wellspring, F|100/100|[from] U-turn
|-damage|p2a: Ogerpon|88/100|[from] Stealth Rock
|
|upkeep
|turn|4
|
|t:|1760337223
|move|p2a: Ogerpon|Ivy Cudgel|p1a: Landorus|[anim] Ivy Cudgel Water
|-supereffective|p1a: Landorus
|-crit|p1a: Landorus
|-damage|p1a: Landorus|0 fnt
|faint|p1a: Landorus
|
|upkeep
|
|t:|1760337233
|switch|p1a: Darkrai|Darkrai|100/100
|turn|5
|
|t:|1760337243
|switch|p2a: Iron Treads|Iron Treads|100/100
|-damage|p2a: Iron Treads|98/100|[from] Stealth Rock
|move|p1a: Darkrai|Will-O-Wisp|p2a: Iron Treads
|-status|p2a: Iron Treads|brn
|
|-heal|p2a: Iron Treads|100/100 brn|[from] item: Leftovers
|-damage|p2a: Iron Treads|94/100 brn|[from] brn
|upkeep
|turn|6
|
|t:|1760337255
|switch|p1a: Rotom|Rotom-Wash|100/100
|move|p2a: Iron Treads|Rapid Spin|p1a: Rotom
|-damage|p1a: Rotom|95/100
|-boost|p2a: Iron Treads|spe|1
|-damage|p2a: Iron Treads|78/100 brn|[from] item: Rocky Helmet|[of] p1a: Rotom
|-sideend|p2: flinchirator|Stealth Rock|[from] move: Rapid Spin|[of] p2a: Iron Treads
|
|-heal|p2a: Iron Treads|84/100 brn|[from] item: Leftovers
|-damage|p2a: Iron Treads|78/100 brn|[from] brn
|upkeep
|turn|7
|
|t:|1760337271
|-end|p2a: Iron Treads|Quark Drive|[silent]
|switch|p2a: Zapdos|Zapdos|100/100
|move|p1a: Rotom|Hydro Pump|p2a: Zapdos
|-damage|p2a: Zapdos|61/100
|
|upkeep
|turn|8
|
|t:|1760337278
|move|p2a: Zapdos|Roost|p2a: Zapdos
|-heal|p2a: Zapdos|100/100
|-singleturn|p2a: Zapdos|move: Roost
|move|p1a: Rotom|Volt Switch|p2a: Zapdos
|-resisted|p2a: Zapdos
|-damage|p2a: Zapdos|88/100
|
|t:|1760337284
|switch|p1a: Darkrai|Darkrai|100/100|[from] Volt Switch
|
|upkeep
|turn|9
|
|t:|1760337288
|switch|p2a: Iron Treads|Iron Treads|78/100 brn
|move|p1a: Darkrai|Knock Off|p2a: Iron Treads
|-damage|p2a: Iron Treads|52/100 brn
|-enditem|p2a: Iron Treads|Leftovers|[from] move: Knock Off|[of] p1a: Darkrai
|
|-damage|p2a: Iron Treads|46/100 brn|[from] brn
|upkeep
|turn|10
|
|t:|1760337310
|move|p1a: Darkrai|Dark Pulse|p2a: Iron Treads
|-damage|p2a: Iron Treads|14/100 brn
|move|p2a: Iron Treads|Stealth Rock|p1a: Darkrai
|-sidestart|p1: UchihaSusgay|move: Stealth Rock
|
|-damage|p2a: Iron Treads|8/100 brn|[from] brn
|upkeep
|turn|11
|
|t:|1760337315
|move|p1a: Darkrai|Dark Pulse|p2a: Iron Treads
|-damage|p2a: Iron Treads|0 fnt
|faint|p2a: Iron Treads
|-end|p2a: Iron Treads|Quark Drive|[silent]
|
|upkeep
|
|t:|1760337319
|switch|p2a: Ogerpon|Ogerpon-Wellspring, F|88/100
|turn|12
|
|t:|1760337338
|switch|p2a: Dragapult|Dragapult, F|70/100
|move|p1a: Darkrai|Will-O-Wisp|p2a: Dragapult
|-status|p2a: Dragapult|brn
|
|-damage|p2a: Dragapult|64/100 brn|[from] brn
|upkeep
|turn|13
|
|t:|1760337342
|move|p2a: Dragapult|Draco Meteor|p1a: Darkrai
|-damage|p1a: Darkrai|1/100
|-unboost|p2a: Dragapult|spa|2
|move|p1a: Darkrai|Knock Off|p2a: Dragapult
|-supereffective|p2a: Dragapult
|-damage|p2a: Dragapult|0 fnt
|-enditem|p2a: Dragapult|Dragon Fang|[from] move: Knock Off|[of] p1a: Darkrai
|faint|p2a: Dragapult
|
|upkeep
|
|t:|1760337347
|switch|p2a: Iron Valiant|Iron Valiant|100/100
|-enditem|p2a: Iron Valiant|Booster Energy
|-activate|p2a: Iron Valiant|ability: Quark Drive|[fromitem]
|-start|p2a: Iron Valiant|quarkdrivespe
|turn|14
|
|t:|1760337349
|move|p2a: Iron Valiant|Knock Off|p1a: Darkrai
|-resisted|p1a: Darkrai
|-damage|p1a: Darkrai|0 fnt
|-enditem|p1a: Darkrai|Heavy-Duty Boots|[from] move: Knock Off|[of] p2a: Iron Valiant
|faint|p1a: Darkrai
|
|upkeep
|
|t:|1760337356
|switch|p1a: Weezing|Weezing-Galar, M|100/100
|-ability|p1a: Weezing|Neutralizing Gas
|turn|15
|
|t:|1760337363
|move|p2a: Iron Valiant|Knock Off|p1a: Weezing
|-resisted|p1a: Weezing
|-damage|p1a: Weezing|87/100
|-enditem|p1a: Weezing|Heavy-Duty Boots|[from] move: Knock Off|[of] p2a: Iron Valiant
|move|p1a: Weezing|Sludge Bomb|p2a: Iron Valiant
|-supereffective|p2a: Iron Valiant
|-damage|p2a: Iron Valiant|0 fnt
|faint|p2a: Iron Valiant
|-end|p2a: Iron Valiant|Quark Drive|[silent]
|
|upkeep
|
|t:|1760337374
|switch|p2a: Zapdos|Zapdos|88/100
|turn|16
|j| Narwhale37
|inactive|UchihaSusgay has 120 seconds left.
|
|t:|1760337408
|move|p2a: Zapdos|Thunderbolt|p1a: Weezing
|-damage|p1a: Weezing|35/100
|move|p1a: Weezing|Sludge Bomb|p2a: Zapdos
|-damage|p2a: Zapdos|62/100
|
|upkeep
|turn|17
|
|t:|1760337418
|move|p2a: Zapdos|Roost|p2a: Zapdos
|-heal|p2a: Zapdos|100/100
|-singleturn|p2a: Zapdos|move: Roost
|move|p1a: Weezing|Defog|p2a: Zapdos
|-unboost|p2a: Zapdos|evasion|1
|-sideend|p1: UchihaSusgay|Stealth Rock|[from] move: Defog|[of] p1a: Weezing
|
|upkeep
|turn|18
|
|t:|1760337423
|move|p2a: Zapdos|Thunderbolt|p1a: Weezing
|-damage|p1a: Weezing|0 fnt
|faint|p1a: Weezing
|-end|p1a: Weezing|ability: Neutralizing Gas
|
|upkeep
|
|t:|1760337426
|switch|p1a: Alomomola|Alomomola, M|100/100
|turn|19
|
|t:|1760337431
|-terastallize|p1a: Alomomola|Poison
|move|p2a: Zapdos|U-turn|p1a: Alomomola
|-resisted|p1a: Alomomola
|-damage|p1a: Alomomola|96/100
|
|t:|1760337435
|switch|p2a: Ogerpon|Ogerpon-Wellspring, F|88/100|[from] U-turn
|move|p1a: Alomomola|Wish|p1a: Alomomola
|
|upkeep
|turn|20
|
|t:|1760337443
|switch|p1a: Rotom|Rotom-Wash|95/100
|move|p2a: Ogerpon|Swords Dance|p2a: Ogerpon
|-boost|p2a: Ogerpon|atk|2
|
|-heal|p1a: Rotom|100/100|[from] move: Wish|[wisher] Alomomola
|upkeep
|turn|21
|
|t:|1760337449
|move|p2a: Ogerpon|Power Whip|p1a: Rotom
|-supereffective|p1a: Rotom
|-damage|p1a: Rotom|0 fnt
|-damage|p2a: Ogerpon|72/100|[from] item: Rocky Helmet|[of] p1a: Rotom
|faint|p1a: Rotom
|
|upkeep
|-message|UchihaSusgay forfeited.
|
|win|flinchirator
|raw|UchihaSusgay's rating: 1427 &rarr; <strong>1411</strong><br />(-16 for losing)
|raw|flinchirator's rating: 1495 &rarr; <strong>1511</strong><br />(+16 for winning)
|l|‽flinchirator
|player|p2|
|l|☆UchihaSusgay
|player|p1|
|l| Narwhale37
