|j|☆YumeKasumi76
|j|☆BAEL THE BAYLEAF
|t:|1760390786
|gametype|singles
|player|p1|YumeKasumi76|169|1328
|player|p2|BAEL THE BAYLEAF|palmer|1294
|gen|9
|tier|[Gen 9] OU
|rated|
|rule|HP Percentage Mod: HP is shown in percentages
|rule|Endless Battle Clause: Forcing endless battles is banned
|rule|Species Clause: Limit one of each Pokémon
|rule|OHKO Clause: OHKO moves are banned
|rule|Evasion Items Clause: Evasion items are banned
|rule|Evasion Moves Clause: Evasion moves are banned
|rule|Evasion Abilities Clause: Evasion abilities are banned
|rule|Sleep Moves Clause: Sleep-inducing moves are banned
|clearpoke
|poke|p1|Heracross, M|
|poke|p1|Latias, F|
|poke|p1|Honchkrow, M|
|poke|p1|Heatran, M|
|poke|p1|Brambleghast, M|
|poke|p1|Suicune|
|poke|p2|Pelipper, F|
|poke|p2|Barraskewda, M|
|poke|p2|Tornadus-Therian, M|
|poke|p2|Toxicroak, F|
|poke|p2|Iron Treads|
|poke|p2|Ogerpon-Wellspring, F|
|teampreview
|inactive|Battle timer is ON: inactive players will automatically lose when time's up. (requested by BAEL THE BAYLEAF)
|
|t:|1760390797
|teamsize|p1|6
|teamsize|p2|6
|start
|switch|p1a: BigKusa|Brambleghast, M|100/100
|switch|p2a: Pelipper|Pelipper, F|100/100
|-weather|RainDance|[from] ability: Drizzle|[of] p2a: Pelipper
|turn|1
|
|t:|1760390807
|move|p1a: BigKusa|Poltergeist|p2a: Pelipper
|-activate|p2a: Pelipper|move: Poltergeist|Damp Rock
|-damage|p2a: Pelipper|42/100
|move|p2a: Pelipper|Hurricane|p1a: BigKusa
|-ability|p1a: BigKusa|Wind Rider|boost
|-boost|p1a: BigKusa|atk|1
|
|-weather|RainDance|[upkeep]
|upkeep
|turn|2
|
|t:|1760390826
|move|p1a: BigKusa|Rapid Spin|p2a: Pelipper
|-damage|p2a: Pelipper|15/100
|-boost|p1a: BigKusa|spe|1
|move|p2a: Pelipper|Tailwind|p2a: Pelipper
|-sidestart|p2: BAEL THE BAYLEAF|move: Tailwind
|
|-weather|RainDance|[upkeep]
|upkeep
|turn|3
|
|t:|1760390837
|move|p1a: BigKusa|Rapid Spin|p2a: Pelipper
|-damage|p2a: Pelipper|0 fnt
|-boost|p1a: BigKusa|spe|1
|faint|p2a: Pelipper
|
|-weather|RainDance|[upkeep]
|upkeep
|
|t:|1760390851
|switch|p2a: Barraskewda|Barraskewda, M|100/100
|turn|4
|
|t:|1760390857
|switch|p1a: Purifier|Suicune|100/100
|-ability|p1a: Purifier|Pressure
|move|p2a: Barraskewda|Poison Jab|p1a: Purifier
|-damage|p1a: Purifier|74/100
|-status|p1a: Purifier|psn
|
|-weather|RainDance|[upkeep]
|-heal|p1a: Purifier|81/100 psn|[from] item: Leftovers
|-damage|p1a: Purifier|68/100 psn|[from] psn
|upkeep
|turn|5
|
|t:|1760390878
|switch|p2a: Toxicroak|Toxicroak, F|100/100
|move|p1a: Purifier|Roar|p2a: Toxicroak
|drag|p2a: Iron Treads|Iron Treads|100/100
|-enditem|p2a: Iron Treads|Booster Energy
|-activate|p2a: Iron Treads|ability: Quark Drive|[fromitem]
|-start|p2a: Iron Treads|quarkdriveatk
|
|-weather|RainDance|[upkeep]
|-heal|p1a: Purifier|74/100 psn|[from] item: Leftovers
|-damage|p1a: Purifier|62/100 psn|[from] psn
|-sideend|p2: BAEL THE BAYLEAF|move: Tailwind
|upkeep
|turn|6
|inactive|BAEL THE BAYLEAF has 120 seconds left.
|
|t:|1760390899
|-end|p2a: Iron Treads|Quark Drive|[silent]
|switch|p2a: Ogerpon|Ogerpon-Wellspring, F|100/100
|move|p1a: Purifier|Icy Wind|p2a: Ogerpon|[miss]
|-miss|p1a: Purifier|p2a: Ogerpon
|
|-weather|RainDance|[upkeep]
|-heal|p1a: Purifier|68/100 psn|[from] item: Leftovers
|-damage|p1a: Purifier|56/100 psn|[from] psn
|upkeep
|turn|7
|inactive|BAEL THE BAYLEAF has 120 seconds left.
|
|t:|1760390918
|-terastallize|p2a: Ogerpon|Water
|detailschange|p2a: Ogerpon|Ogerpon-Wellspring-Tera, F, tera:Water
|-ability|p2a: Ogerpon|Embody Aspect (Wellspring)|boost
|-boost|p2a: Ogerpon|spd|1
|move|p2a: Ogerpon|Ivy Cudgel|p1a: Purifier|[anim] Ivy Cudgel Water
|-resisted|p1a: Purifier
|-damage|p1a: Purifier|20/100 psn
|move|p1a: Purifier|Tailwind|p1a: Purifier
|-sidestart|p1: YumeKasumi76|move: Tailwind
|
|-weather|RainDance|[upkeep]
|-heal|p1a: Purifier|26/100 psn|[from] item: Leftovers
|-damage|p1a: Purifier|14/100 psn|[from] psn
|upkeep
|turn|8
|inactive|BAEL THE BAYLEAF has 120 seconds left.
|
|t:|1760390930
|move|p1a: Purifier|Scald|p2a: Ogerpon
|-resisted|p2a: Ogerpon
|-damage|p2a: Ogerpon|84/100
|-status|p2a: Ogerpon|brn
|move|p2a: Ogerpon|Ivy Cudgel|p1a: Purifier|[anim] Ivy Cudgel Water
|-resisted|p1a: Purifier
|-damage|p1a: Purifier|0 fnt
|faint|p1a: Purifier
|
|-weather|none
|-damage|p2a: Ogerpon|78/100 brn|[from] brn
|upkeep
|
|t:|1760390938
|switch|p1a: BigKusa|Brambleghast, M|100/100
|-ability|p1a: BigKusa|Wind Rider|boost
|-boost|p1a: BigKusa|atk|1
|turn|9
|inactive|BAEL THE BAYLEAF has 120 seconds left.
|
|t:|1760390956
|move|p1a: BigKusa|Rapid Spin|p2a: Ogerpon
|-damage|p2a: Ogerpon|44/100 brn
|-boost|p1a: BigKusa|spe|1
|move|p2a: Ogerpon|Knock Off|p1a: BigKusa
|-supereffective|p1a: BigKusa
|-damage|p1a: BigKusa|40/100
|-enditem|p1a: BigKusa|Heavy-Duty Boots|[from] move: Knock Off|[of] p2a: Ogerpon
|
|-damage|p2a: Ogerpon|38/100 brn|[from] brn
|upkeep
|turn|10
|inactive|BAEL THE BAYLEAF has 120 seconds left.
|
|t:|1760390980
|move|p1a: BigKusa|Strength Sap|p2a: Ogerpon
|-unboost|p2a: Ogerpon|atk|1
|-heal|p1a: BigKusa|100/100
|move|p2a: Ogerpon|Knock Off|p1a: BigKusa
|-supereffective|p1a: BigKusa
|-damage|p1a: BigKusa|72/100
|
|-damage|p2a: Ogerpon|32/100 brn|[from] brn
|-sideend|p1: YumeKasumi76|move: Tailwind
|upkeep
|turn|11
|-message|BAEL THE BAYLEAF forfeited.
|
|win|YumeKasumi76
|raw|YumeKasumi76's rating: 1328 &rarr; <strong>1346</strong><br />(+18 for winning)
|raw|BAEL THE BAYLEAF's rating: 1294 &rarr; <strong>1271</strong><br />(-23 for losing)
|l|☆BAEL THE BAYLEAF
|player|p2|
