|j|☆suarezyoshi
|j|☆Princessjosie1001!
|t:|1760459046
|gametype|singles
|player|p1|suarezyoshi|ethan|1522
|player|p2|Princessjosie1001!|nurse|1542
|gen|9
|tier|[Gen 9] OU
|rated|
|rule|HP Percentage Mod: HP is shown in percentages
|rule|Endless Battle Clause: Forcing endless battles is banned
|rule|Species Clause: Limit one of each Pokémon
|rule|OHKO Clause: OHKO moves are banned
|rule|Evasion Items Clause: Evasion items are banned
|rule|Evasion Moves Clause: Evasion moves are banned
|rule|Evasion Abilities Clause: Evasion abilities are banned
|rule|Sleep Moves Clause: Sleep-inducing moves are banned
|clearpoke
|poke|p1|Pelipper, L99, M|
|poke|p1|Barraskewda, M|
|poke|p1|Iron Treads|
|poke|p1|Hatterene, F|
|poke|p1|Hydrapple, M|
|poke|p1|Salamence, M|
|poke|p2|Yanmega, F|
|poke|p2|Cloyster, M|
|poke|p2|Salazzle, F|
|poke|p2|Espeon, M|
|poke|p2|Jirachi|
|poke|p2|Maushold-Four|
|teampreview
|inactive|Battle timer is ON: inactive players will automatically lose when time's up. (requested by suarezyoshi)
|
|t:|1760459058
|teamsize|p1|6
|teamsize|p2|6
|start
|switch|p1a: Pelipper|Pelipper, L99, M|100/100
|switch|p2a: Yanmega|Yanmega, F|100/100
|-weather|RainDance|[from] ability: Drizzle|[of] p1a: Pelipper
|turn|1
|
|t:|1760459064
|move|p2a: Yanmega|Protect|p2a: Yanmega
|-singleturn|p2a: Yanmega|Protect
|move|p1a: Pelipper|U-turn|p2a: Yanmega
|-activate|p2a: Yanmega|move: Protect
|
|-weather|RainDance|[upkeep]
|-ability|p2a: Yanmega|Speed Boost|boost
|-boost|p2a: Yanmega|spe|1
|upkeep
|turn|2
|
|t:|1760459073
|move|p2a: Yanmega|Air Slash|p1a: Pelipper|[miss]
|-miss|p2a: Yanmega|p1a: Pelipper
|move|p1a: Pelipper|U-turn|p2a: Yanmega
|-resisted|p2a: Yanmega
|-crit|p2a: Yanmega
|-damage|p2a: Yanmega|93/100
|
|t:|1760459091
|switch|p1a: Iron Treads|Iron Treads, shiny|100/100|[from] U-turn
|
|-weather|RainDance|[upkeep]
|-ability|p2a: Yanmega|Speed Boost|boost
|-boost|p2a: Yanmega|spe|1
|upkeep
|turn|3
|
|t:|1760459096
|move|p2a: Yanmega|Air Slash|p1a: Iron Treads
|-resisted|p1a: Iron Treads
|-damage|p1a: Iron Treads|79/100
|-damage|p2a: Yanmega|83/100|[from] item: Life Orb
|cant|p1a: Iron Treads|flinch
|
|-weather|RainDance|[upkeep]
|-heal|p1a: Iron Treads|85/100|[from] item: Leftovers
|-ability|p2a: Yanmega|Speed Boost|boost
|-boost|p2a: Yanmega|spe|1
|upkeep
|turn|4
|
|t:|1760459105
|move|p2a: Yanmega|Air Slash|p1a: Iron Treads
|-resisted|p1a: Iron Treads
|-damage|p1a: Iron Treads|62/100
|-damage|p2a: Yanmega|73/100|[from] item: Life Orb
|move|p1a: Iron Treads|Stealth Rock|p2a: Yanmega
|-sidestart|p2: Princessjosie1001!|move: Stealth Rock
|
|-weather|RainDance|[upkeep]
|-heal|p1a: Iron Treads|68/100|[from] item: Leftovers
|-ability|p2a: Yanmega|Speed Boost|boost
|-boost|p2a: Yanmega|spe|1
|upkeep
|turn|5
|
|t:|1760459115
|move|p2a: Yanmega|Air Slash|p1a: Iron Treads
|-resisted|p1a: Iron Treads
|-damage|p1a: Iron Treads|44/100
|-damage|p2a: Yanmega|63/100|[from] item: Life Orb
|move|p1a: Iron Treads|Knock Off|p2a: Yanmega
|-damage|p2a: Yanmega|31/100
|-enditem|p2a: Yanmega|Life Orb|[from] move: Knock Off|[of] p1a: Iron Treads
|
|-weather|RainDance|[upkeep]
|-heal|p1a: Iron Treads|50/100|[from] item: Leftovers
|-ability|p2a: Yanmega|Speed Boost|boost
|-boost|p2a: Yanmega|spe|1
|upkeep
|turn|6
|
|t:|1760459138
|-end|p1a: Iron Treads|Quark Drive|[silent]
|switch|p1a: Hatterene|Hatterene, F, shiny|100/100
|move|p2a: Yanmega|Bug Buzz|p1a: Hatterene
|-damage|p1a: Hatterene|66/100
|
|-weather|RainDance|[upkeep]
|-heal|p1a: Hatterene|72/100|[from] item: Leftovers
|-ability|p2a: Yanmega|Speed Boost|boost
|-boost|p2a: Yanmega|spe|1
|upkeep
|turn|7
|
|t:|1760459146
|move|p2a: Yanmega|Air Slash|p1a: Hatterene
|-damage|p1a: Hatterene|44/100
|move|p1a: Hatterene|Draining Kiss|p2a: Yanmega
|-damage|p2a: Yanmega|0 fnt
|-heal|p1a: Hatterene|67/100|[from] drain|[of] p2a: Yanmega
|faint|p2a: Yanmega
|
|-weather|RainDance|[upkeep]
|-heal|p1a: Hatterene|73/100|[from] item: Leftovers
|upkeep
|
|t:|1760459155
|switch|p2a: Maushold|Maushold-Four|100/100
|-damage|p2a: Maushold|88/100|[from] Stealth Rock
|turn|8
|
|t:|1760459159
|switch|p1a: Hydrapple|Hydrapple, M|100/100
|move|p2a: Maushold|Tidy Up|p2a: Maushold
|-sideend|p2: Princessjosie1001!|Stealth Rock
|-activate|p2a: Maushold|move: Tidy Up
|-boost|p2a: Maushold|atk|1
|-boost|p2a: Maushold|spe|1
|
|-weather|none
|upkeep
|turn|9
|
|t:|1760459169
|switch|p2a: No hazard allowed|Espeon, M|100/100
|move|p1a: Hydrapple|Giga Drain|p2a: No hazard allowed
|-crit|p2a: No hazard allowed
|-damage|p2a: No hazard allowed|45/100
|
|upkeep
|turn|10
|
|t:|1760459181
|switch|p1a: Hatterene|Hatterene, F, shiny|73/100
|move|p2a: No hazard allowed|Trick|p1a: Hatterene
|-activate|p2a: No hazard allowed|move: Trick|[of] p1a: Hatterene
|-item|p1a: Hatterene|Choice Scarf|[from] move: Trick
|-item|p2a: No hazard allowed|Leftovers|[from] move: Trick
|
|-heal|p2a: No hazard allowed|51/100|[from] item: Leftovers
|upkeep
|turn|11
|
|t:|1760459191
|move|p2a: No hazard allowed|Shadow Ball|p1a: Hatterene
|-supereffective|p1a: Hatterene
|-damage|p1a: Hatterene|25/100
|-unboost|p1a: Hatterene|spd|1
|move|p1a: Hatterene|Nuzzle|p2a: No hazard allowed
|-damage|p2a: No hazard allowed|44/100
|-status|p2a: No hazard allowed|par
|
|-heal|p2a: No hazard allowed|50/100 par|[from] item: Leftovers
|upkeep
|turn|12
|
|t:|1760459210
|switch|p1a: Iron Treads|Iron Treads, shiny|50/100
|cant|p2a: No hazard allowed|par
|
|-heal|p1a: Iron Treads|56/100|[from] item: Leftovers
|-heal|p2a: No hazard allowed|55/100 par|[from] item: Leftovers
|upkeep
|turn|13
|
|t:|1760459219
|move|p1a: Iron Treads|Knock Off|p2a: No hazard allowed
|-supereffective|p2a: No hazard allowed
|-damage|p2a: No hazard allowed|0 fnt
|-enditem|p2a: No hazard allowed|Leftovers|[from] move: Knock Off|[of] p1a: Iron Treads
|faint|p2a: No hazard allowed
|
|-heal|p1a: Iron Treads|62/100|[from] item: Leftovers
|upkeep
|
|t:|1760459233
|switch|p2a: Cloyster|Cloyster, M|100/100
|turn|14
|inactive|suarezyoshi has 120 seconds left.
|inactive|suarezyoshi has 90 seconds left.
|inactive|suarezyoshi has 60 seconds left.
|inactive|suarezyoshi has 30 seconds left.
|
|t:|1760459357
|-end|p1a: Iron Treads|Quark Drive|[silent]
|switch|p1a: Hydrapple|Hydrapple, M|100/100
|move|p2a: Cloyster|Shell Smash|p2a: Cloyster
|-unboost|p2a: Cloyster|def|1
|-unboost|p2a: Cloyster|spd|1
|-boost|p2a: Cloyster|atk|2
|-boost|p2a: Cloyster|spa|2
|-boost|p2a: Cloyster|spe|2
|
|upkeep
|turn|15
|inactive|suarezyoshi has 30 seconds left.
|
|t:|1760459371
|-terastallize|p1a: Hydrapple|Fairy
|move|p2a: Cloyster|Shell Smash|p2a: Cloyster
|-unboost|p2a: Cloyster|def|1
|-unboost|p2a: Cloyster|spd|1
|-boost|p2a: Cloyster|atk|2
|-boost|p2a: Cloyster|spa|2
|-boost|p2a: Cloyster|spe|2
|move|p1a: Hydrapple|Giga Drain|p2a: Cloyster
|-supereffective|p2a: Cloyster
|-enditem|p2a: Cloyster|Focus Sash
|-damage|p2a: Cloyster|1/100
|
|upkeep
|turn|16
|inactive|suarezyoshi has 30 seconds left.
|
|t:|1760459382
|switch|p1a: Hatterene|Hatterene, F, shiny|25/100
|-terastallize|p2a: Cloyster|Ice
|move|p2a: Cloyster|Icicle Spear|p1a: Hatterene
|-damage|p1a: Hatterene|0 fnt
|faint|p1a: Hatterene
|-hitcount|p1: Hatterene|1
|
|upkeep
|inactive|suarezyoshi has 30 seconds left.
|inactive|suarezyoshi has 20 seconds left.
|inactive|suarezyoshi has 15 seconds left.
|
|t:|1760459406
|switch|p1a: Pelipper|Pelipper, L99, M|100/100
|-weather|RainDance|[from] ability: Drizzle|[of] p1a: Pelipper
|turn|17
|inactive|suarezyoshi has 25 seconds left this turn.
|
|t:|1760459411
|move|p2a: Cloyster|Icicle Spear|p1a: Pelipper
|-damage|p1a: Pelipper|51/100
|-damage|p1a: Pelipper|5/100
|-crit|p1a: Pelipper
|-damage|p1a: Pelipper|0 fnt
|faint|p1a: Pelipper
|-hitcount|p1: Pelipper|3
|
|-weather|RainDance|[upkeep]
|upkeep
|inactive|suarezyoshi has 30 seconds left this turn.
|
|t:|1760459413
|switch|p1a: Barraskewda|Barraskewda, M, shiny|100/100
|turn|18
|
|t:|1760459420
|move|p1a: Barraskewda|Aqua Jet|p2a: Cloyster
|-damage|p2a: Cloyster|0 fnt
|faint|p2a: Cloyster
|
|-weather|RainDance|[upkeep]
|upkeep
|
|t:|1760459425
|switch|p2a: Salazzle|Salazzle, F|100/100
|turn|19
|
|t:|1760459434
|move|p1a: Barraskewda|Aqua Jet|p2a: Salazzle
|-supereffective|p2a: Salazzle
|-enditem|p2a: Salazzle|Focus Sash
|-damage|p2a: Salazzle|1/100
|move|p2a: Salazzle|Sludge Wave|p1a: Barraskewda
|-damage|p1a: Barraskewda|0 fnt
|faint|p1a: Barraskewda
|
|-weather|RainDance|[upkeep]
|upkeep
|
|t:|1760459454
|switch|p1a: Iron Treads|Iron Treads, shiny|62/100
|turn|20
|
|t:|1760459458
|move|p2a: Salazzle|Toxic|p1a: Iron Treads
|-status|p1a: Iron Treads|tox
|move|p1a: Iron Treads|Rapid Spin|p2a: Salazzle
|-damage|p2a: Salazzle|0 fnt
|-boost|p1a: Iron Treads|spe|1
|faint|p2a: Salazzle
|
|-weather|RainDance|[upkeep]
|-heal|p1a: Iron Treads|68/100 tox|[from] item: Leftovers
|-damage|p1a: Iron Treads|62/100 tox|[from] psn
|upkeep
|
|t:|1760459467
|switch|p2a: Maushold|Maushold-Four|88/100
|turn|21
|inactive|suarezyoshi has 60 seconds left.
|
|t:|1760459477
|-end|p1a: Iron Treads|Quark Drive|[silent]
|switch|p1a: Hydrapple|Hydrapple, M, tera:Fairy|100/100
|move|p2a: Maushold|Population Bomb|p1a: Hydrapple
|-damage|p1a: Hydrapple|94/100
|-damage|p2a: Maushold|71/100|[from] item: Rocky Helmet|[of] p1a: Hydrapple
|-damage|p1a: Hydrapple|87/100
|-damage|p2a: Maushold|55/100|[from] item: Rocky Helmet|[of] p1a: Hydrapple
|-damage|p1a: Hydrapple|80/100
|-damage|p2a: Maushold|38/100|[from] item: Rocky Helmet|[of] p1a: Hydrapple
|-damage|p1a: Hydrapple|74/100
|-damage|p2a: Maushold|22/100|[from] item: Rocky Helmet|[of] p1a: Hydrapple
|-damage|p1a: Hydrapple|67/100
|-damage|p2a: Maushold|5/100|[from] item: Rocky Helmet|[of] p1a: Hydrapple
|-damage|p1a: Hydrapple|60/100
|-damage|p2a: Maushold|0 fnt|[from] item: Rocky Helmet|[of] p1a: Hydrapple
|faint|p2a: Maushold
|-hitcount|p1a: Hydrapple|6
|
|-weather|RainDance|[upkeep]
|upkeep
|
|t:|1760459495
|switch|p2a: Jirachi|Jirachi|100/100
|turn|22
|
|t:|1760459499
|switch|p1a: Salamence|Salamence, M|100/100
|-ability|p1a: Salamence|Intimidate|boost
|-unboost|p2a: Jirachi|atk|1
|move|p2a: Jirachi|Iron Head|p1a: Salamence
|-damage|p1a: Salamence|71/100
|
|-weather|RainDance|[upkeep]
|upkeep
|turn|23
|
|t:|1760459506
|move|p2a: Jirachi|Iron Head|p1a: Salamence
|-damage|p1a: Salamence|38/100
|cant|p1a: Salamence|flinch
|
|-weather|RainDance|[upkeep]
|upkeep
|turn|24
|
|t:|1760459511
|move|p2a: Jirachi|Iron Head|p1a: Salamence
|-damage|p1a: Salamence|7/100
|move|p1a: Salamence|Hydro Pump|p2a: Jirachi
|-damage|p2a: Jirachi|22/100
|
|-weather|none
|upkeep
|turn|25
|
|t:|1760459520
|move|p2a: Jirachi|Iron Head|p1a: Salamence
|-damage|p1a: Salamence|0 fnt
|faint|p1a: Salamence
|
|upkeep
|
|t:|1760459524
|switch|p1a: Iron Treads|Iron Treads, shiny|62/100 tox
|turn|26
|
|t:|1760459531
|move|p2a: Jirachi|Iron Head|p1a: Iron Treads
|-resisted|p1a: Iron Treads
|-damage|p1a: Iron Treads|51/100 tox
|move|p1a: Iron Treads|Earthquake|p2a: Jirachi
|-supereffective|p2a: Jirachi
|-damage|p2a: Jirachi|0 fnt
|faint|p2a: Jirachi
|
|win|suarezyoshi
|raw|suarezyoshi's rating: 1522 &rarr; <strong>1543</strong><br />(+21 for winning)
|raw|Princessjosie1001!'s rating: 1542 &rarr; <strong>1521</strong><br />(-21 for losing)
|l|☆suarezyoshi
|player|p1|
|l|☆Princessjosie1001!
|player|p2|
