|j|☆Dew123
|j|☆Mlbebek
|t:|1760453403
|gametype|singles
|player|p1|Dew123|biker-gen4|1166
|player|p2|Mlbebek|wattson|1180
|gen|9
|tier|[Gen 9] OU
|rated|
|rule|HP Percentage Mod: HP is shown in percentages
|rule|Endless Battle Clause: Forcing endless battles is banned
|rule|Species Clause: Limit one of each Pokémon
|rule|OHKO Clause: OHKO moves are banned
|rule|Evasion Items Clause: Evasion items are banned
|rule|Evasion Moves Clause: Evasion moves are banned
|rule|Evasion Abilities Clause: Evasion abilities are banned
|rule|Sleep Moves Clause: Sleep-inducing moves are banned
|clearpoke
|poke|p1|Conkeldurr, F|
|poke|p1|Kleavor, F|
|poke|p1|Cetitan, F|
|poke|p1|Feraligatr, M|
|poke|p1|Braviary-Hisui, M|
|poke|p1|Copperajah, M|
|poke|p2|Braviary-Hisui, M|
|poke|p2|Deoxys-Speed|
|poke|p2|Pelipper, M|
|poke|p2|Garganacl, F|
|poke|p2|Cloyster, F|
|poke|p2|Iron Treads|
|teampreview
|inactive|Battle timer is ON: inactive players will automatically lose when time's up. (requested by Dew123)
|
|t:|1760453425
|teamsize|p1|6
|teamsize|p2|6
|start
|switch|p1a: Feraligatr|Feraligatr, M|100/100
|switch|p2a: Gulp Gulp|Pelipper, M|100/100
|-weather|RainDance|[from] ability: Drizzle|[of] p2a: Gulp Gulp
|turn|1
|
|t:|1760453434
|move|p1a: Feraligatr|Dragon Dance|p1a: Feraligatr
|-boost|p1a: Feraligatr|atk|1
|-boost|p1a: Feraligatr|spe|1
|move|p2a: Gulp Gulp|U-turn|p1a: Feraligatr
|-damage|p1a: Feraligatr|90/100
|
|t:|1760453459
|switch|p2a: Speed and Power|Deoxys-Speed|100/100|[from] U-turn
|-ability|p2a: Speed and Power|Pressure
|
|-weather|RainDance|[upkeep]
|upkeep
|turn|2
|
|t:|1760453466
|move|p2a: Speed and Power|Reflect|p2a: Speed and Power
|-sidestart|p2: Mlbebek|Reflect
|move|p1a: Feraligatr|Crunch|p2a: Speed and Power
|-supereffective|p2a: Speed and Power
|-damage|p2a: Speed and Power|0 fnt
|faint|p2a: Speed and Power
|
|-weather|RainDance|[upkeep]
|upkeep
|
|t:|1760453482
|switch|p2a: Aviation|Braviary-Hisui, M, shiny|100/100
|turn|3
|
|t:|1760453485
|move|p1a: Feraligatr|Ice Punch|p2a: Aviation
|-supereffective|p2a: Aviation
|-damage|p2a: Aviation|23/100
|move|p2a: Aviation|Agility|p2a: Aviation
|-boost|p2a: Aviation|spe|2
|
|-weather|RainDance|[upkeep]
|upkeep
|turn|4
|
|t:|1760453491
|move|p2a: Aviation|Hurricane|p1a: Feraligatr
|-crit|p1a: Feraligatr
|-damage|p1a: Feraligatr|0 fnt
|faint|p1a: Feraligatr
|
|-weather|RainDance|[upkeep]
|upkeep
|
|t:|1760453497
|switch|p1a: Kleavor|Kleavor, F|100/100
|turn|5
|
|t:|1760453501
|move|p2a: Aviation|Hurricane|p1a: Kleavor
|-damage|p1a: Kleavor|0 fnt
|faint|p1a: Kleavor
|
|-weather|RainDance|[upkeep]
|upkeep
|
|t:|1760453504
|switch|p1a: Copperajah|Copperajah, M|100/100
|turn|6
|
|t:|1760453526
|switch|p2a: Gulp Gulp|Pelipper, M|100/100
|move|p1a: Copperajah|Rock Slide|p2a: Gulp Gulp
|-supereffective|p2a: Gulp Gulp
|-damage|p2a: Gulp Gulp|51/100
|
|-weather|RainDance|[upkeep]
|upkeep
|turn|7
|
|t:|1760453547
|switch|p2a: Salty Gamer Rage|Garganacl, F|100/100
|move|p1a: Copperajah|Rock Slide|p2a: Salty Gamer Rage
|-crit|p2a: Salty Gamer Rage
|-damage|p2a: Salty Gamer Rage|51/100
|
|-weather|RainDance|[upkeep]
|-heal|p2a: Salty Gamer Rage|58/100|[from] item: Leftovers
|upkeep
|turn|8
|
|t:|1760453556
|-terastallize|p2a: Salty Gamer Rage|Steel
|move|p1a: Copperajah|Iron Head|p2a: Salty Gamer Rage
|-resisted|p2a: Salty Gamer Rage
|-damage|p2a: Salty Gamer Rage|45/100
|move|p2a: Salty Gamer Rage|Iron Defense|p2a: Salty Gamer Rage
|-boost|p2a: Salty Gamer Rage|def|2
|
|-weather|none
|-heal|p2a: Salty Gamer Rage|51/100|[from] item: Leftovers
|upkeep
|turn|9
|
|t:|1760453562
|switch|p1a: Braviary|Braviary-Hisui, M|100/100
|move|p2a: Salty Gamer Rage|Recover|p2a: Salty Gamer Rage
|-heal|p2a: Salty Gamer Rage|100/100
|
|-sideend|p2: Mlbebek|Reflect
|upkeep
|turn|10
|
|t:|1760453568
|-terastallize|p1a: Braviary|Psychic
|move|p1a: Braviary|Heat Wave|p2a: Salty Gamer Rage
|-supereffective|p2a: Salty Gamer Rage
|-damage|p2a: Salty Gamer Rage|31/100
|move|p2a: Salty Gamer Rage|Salt Cure|p1a: Braviary
|-damage|p1a: Braviary|83/100
|-start|p1a: Braviary|Salt Cure
|
|-heal|p2a: Salty Gamer Rage|37/100|[from] item: Leftovers
|-damage|p1a: Braviary|71/100|[from] Salt Cure
|upkeep
|turn|11
|
|t:|1760453578
|switch|p2a: Gulp Gulp|Pelipper, M|51/100
|-weather|RainDance|[from] ability: Drizzle|[of] p2a: Gulp Gulp
|move|p1a: Braviary|Agility|p1a: Braviary
|-boost|p1a: Braviary|spe|2
|
|-weather|RainDance|[upkeep]
|-damage|p1a: Braviary|58/100|[from] Salt Cure
|upkeep
|turn|12
|
|t:|1760453599
|switch|p2a: Rolly Scolly|Iron Treads|100/100
|-enditem|p2a: Rolly Scolly|Booster Energy
|-activate|p2a: Rolly Scolly|ability: Quark Drive|[fromitem]
|-start|p2a: Rolly Scolly|quarkdrivespe
|move|p1a: Braviary|Psychic|p2a: Rolly Scolly
|-resisted|p2a: Rolly Scolly
|-damage|p2a: Rolly Scolly|25/100
|
|-weather|RainDance|[upkeep]
|-damage|p1a: Braviary|46/100|[from] Salt Cure
|upkeep
|turn|13
|
|t:|1760453610
|move|p2a: Rolly Scolly|Stealth Rock|p1a: Braviary
|-sidestart|p1: Dew123|move: Stealth Rock
|move|p1a: Braviary|Psychic|p2a: Rolly Scolly
|-resisted|p2a: Rolly Scolly
|-damage|p2a: Rolly Scolly|0 fnt
|faint|p2a: Rolly Scolly
|-end|p2a: Rolly Scolly|Quark Drive|[silent]
|
|-weather|RainDance|[upkeep]
|-damage|p1a: Braviary|33/100|[from] Salt Cure
|upkeep
|inactive|Mlbebek has 120 seconds left.
|
|t:|1760453631
|switch|p2a: Suspiciously Cold|Cloyster, F|100/100
|turn|14
|
|t:|1760453635
|move|p2a: Suspiciously Cold|Ice Shard|p1a: Braviary
|-damage|p1a: Braviary|4/100
|move|p1a: Braviary|Psychic|p2a: Suspiciously Cold
|-damage|p2a: Suspiciously Cold|0 fnt
|faint|p2a: Suspiciously Cold
|
|-weather|RainDance|[upkeep]
|-damage|p1a: Braviary|0 fnt|[from] Salt Cure
|faint|p1a: Braviary
|upkeep
|
|t:|1760453641
|switch|p2a: Salty Gamer Rage|Garganacl, F, tera:Steel|37/100
|switch|p1a: Copperajah|Copperajah, M|100/100
|-damage|p1a: Copperajah|94/100|[from] Stealth Rock
|turn|15
|
|t:|1760453655
|move|p1a: Copperajah|Iron Head|p2a: Salty Gamer Rage
|-resisted|p2a: Salty Gamer Rage
|-damage|p2a: Salty Gamer Rage|11/100
|move|p2a: Salty Gamer Rage|Recover|p2a: Salty Gamer Rage
|-heal|p2a: Salty Gamer Rage|61/100
|
|-weather|RainDance|[upkeep]
|-heal|p2a: Salty Gamer Rage|67/100|[from] item: Leftovers
|upkeep
|turn|16
|
|t:|1760453659
|switch|p1a: Conkeldurr|Conkeldurr, F|100/100
|-damage|p1a: Conkeldurr|95/100|[from] Stealth Rock
|move|p2a: Salty Gamer Rage|Iron Defense|p2a: Salty Gamer Rage
|-boost|p2a: Salty Gamer Rage|def|2
|
|-weather|RainDance|[upkeep]
|-heal|p2a: Salty Gamer Rage|74/100|[from] item: Leftovers
|upkeep
|turn|17
|
|t:|1760453664
|move|p1a: Conkeldurr|Drain Punch|p2a: Salty Gamer Rage
|-supereffective|p2a: Salty Gamer Rage
|-damage|p2a: Salty Gamer Rage|30/100
|-heal|p1a: Conkeldurr|100/100|[from] drain|[of] p2a: Salty Gamer Rage
|-damage|p1a: Conkeldurr|91/100|[from] item: Life Orb
|move|p2a: Salty Gamer Rage|Recover|p2a: Salty Gamer Rage
|-heal|p2a: Salty Gamer Rage|80/100
|
|-weather|RainDance|[upkeep]
|-heal|p2a: Salty Gamer Rage|87/100|[from] item: Leftovers
|upkeep
|turn|18
|
|t:|1760453668
|move|p1a: Conkeldurr|Drain Punch|p2a: Salty Gamer Rage
|-supereffective|p2a: Salty Gamer Rage
|-damage|p2a: Salty Gamer Rage|44/100
|-heal|p1a: Conkeldurr|100/100|[from] drain|[of] p2a: Salty Gamer Rage
|-damage|p1a: Conkeldurr|91/100|[from] item: Life Orb
|move|p2a: Salty Gamer Rage|Iron Defense|p2a: Salty Gamer Rage
|-boost|p2a: Salty Gamer Rage|def|2
|
|-weather|none
|-heal|p2a: Salty Gamer Rage|50/100|[from] item: Leftovers
|upkeep
|turn|19
|
|t:|1760453673
|move|p1a: Conkeldurr|Drain Punch|p2a: Salty Gamer Rage
|-supereffective|p2a: Salty Gamer Rage
|-damage|p2a: Salty Gamer Rage|25/100
|-heal|p1a: Conkeldurr|100/100|[from] drain|[of] p2a: Salty Gamer Rage
|-damage|p1a: Conkeldurr|91/100|[from] item: Life Orb
|move|p2a: Salty Gamer Rage|Recover|p2a: Salty Gamer Rage
|-heal|p2a: Salty Gamer Rage|75/100
|
|-heal|p2a: Salty Gamer Rage|81/100|[from] item: Leftovers
|upkeep
|turn|20
|
|t:|1760453675
|move|p1a: Conkeldurr|Drain Punch|p2a: Salty Gamer Rage
|-supereffective|p2a: Salty Gamer Rage
|-damage|p2a: Salty Gamer Rage|55/100
|-heal|p1a: Conkeldurr|100/100|[from] drain|[of] p2a: Salty Gamer Rage
|-damage|p1a: Conkeldurr|91/100|[from] item: Life Orb
|move|p2a: Salty Gamer Rage|Iron Defense|p2a: Salty Gamer Rage
|-boost|p2a: Salty Gamer Rage|def|2
|
|-heal|p2a: Salty Gamer Rage|61/100|[from] item: Leftovers
|upkeep
|turn|21
|
|t:|1760453679
|switch|p1a: Cetitan|Cetitan, F|100/100
|-damage|p1a: Cetitan|76/100|[from] Stealth Rock
|move|p2a: Salty Gamer Rage|Recover|p2a: Salty Gamer Rage
|-heal|p2a: Salty Gamer Rage|100/100
|
|upkeep
|turn|22
|
|t:|1760453684
|move|p1a: Cetitan|Knock Off|p2a: Salty Gamer Rage
|-damage|p2a: Salty Gamer Rage|94/100
|-enditem|p2a: Salty Gamer Rage|Leftovers|[from] move: Knock Off|[of] p1a: Cetitan
|-damage|p1a: Cetitan|66/100|[from] item: Life Orb
|move|p2a: Salty Gamer Rage|Body Press|p1a: Cetitan
|-supereffective|p1a: Cetitan
|-damage|p1a: Cetitan|0 fnt
|faint|p1a: Cetitan
|
|upkeep
|
|t:|1760453685
|switch|p1a: Copperajah|Copperajah, M|94/100
|-damage|p1a: Copperajah|88/100|[from] Stealth Rock
|turn|23
|
|t:|1760453689
|move|p1a: Copperajah|Iron Head|p2a: Salty Gamer Rage
|-resisted|p2a: Salty Gamer Rage
|-damage|p2a: Salty Gamer Rage|88/100
|move|p2a: Salty Gamer Rage|Body Press|p1a: Copperajah
|-supereffective|p1a: Copperajah
|-damage|p1a: Copperajah|0 fnt
|faint|p1a: Copperajah
|
|upkeep
|
|t:|1760453692
|switch|p1a: Conkeldurr|Conkeldurr, F|91/100
|-damage|p1a: Conkeldurr|85/100|[from] Stealth Rock
|turn|24
|
|t:|1760453697
|move|p1a: Conkeldurr|Drain Punch|p2a: Salty Gamer Rage
|-supereffective|p2a: Salty Gamer Rage
|-damage|p2a: Salty Gamer Rage|66/100
|-heal|p1a: Conkeldurr|97/100|[from] drain|[of] p2a: Salty Gamer Rage
|-damage|p1a: Conkeldurr|87/100|[from] item: Life Orb
|move|p2a: Salty Gamer Rage|Salt Cure|p1a: Conkeldurr
|-resisted|p1a: Conkeldurr
|-damage|p1a: Conkeldurr|80/100
|-start|p1a: Conkeldurr|Salt Cure
|
|-damage|p1a: Conkeldurr|68/100|[from] Salt Cure
|upkeep
|turn|25
|
|t:|1760453702
|move|p1a: Conkeldurr|Mach Punch|p2a: Salty Gamer Rage
|-supereffective|p2a: Salty Gamer Rage
|-damage|p2a: Salty Gamer Rage|54/100
|-damage|p1a: Conkeldurr|58/100|[from] item: Life Orb
|move|p2a: Salty Gamer Rage|Body Press|p1a: Conkeldurr
|-damage|p1a: Conkeldurr|0 fnt
|faint|p1a: Conkeldurr
|
|win|Mlbebek
|raw|Dew123's rating: 1166 &rarr; <strong>1142</strong><br />(-24 for losing)
|raw|Mlbebek's rating: 1180 &rarr; <strong>1204</strong><br />(+24 for winning)
|c|☆Mlbebek|ggs
|l|☆Dew123
|player|p1|
|l|☆Mlbebek
|player|p2|
