|j|☆bbsbsn
|j|☆KaseyLucilfer
|t:|1760462124
|gametype|singles
|player|p1|bbsbsn|hugh|1247
|player|p2|KaseyLucilfer|blue|1220
|gen|9
|tier|[Gen 9] OU
|rated|
|rule|HP Percentage Mod: HP is shown in percentages
|rule|Endless Battle Clause: Forcing endless battles is banned
|rule|Species Clause: Limit one of each Pokémon
|rule|OHKO Clause: OHKO moves are banned
|rule|Evasion Items Clause: Evasion items are banned
|rule|Evasion Moves Clause: Evasion moves are banned
|rule|Evasion Abilities Clause: Evasion abilities are banned
|rule|Sleep Moves Clause: Sleep-inducing moves are banned
|clearpoke
|poke|p1|Trevenant, M|
|poke|p1|Ninetales, F|
|poke|p1|Walking Wake|
|poke|p1|Weezing-Galar, F|
|poke|p1|Great Tusk|
|poke|p1|Mandibuzz, F|
|poke|p2|Ceruledge, F|
|poke|p2|Tinkaton, F|
|poke|p2|Tauros-Paldea-Aqua, M|
|poke|p2|Zapdos|
|poke|p2|Noivern, M|
|poke|p2|Komala, F|
|teampreview
|inactive|Battle timer is ON: inactive players will automatically lose when time's up. (requested by bbsbsn)
|
|t:|1760462145
|teamsize|p1|6
|teamsize|p2|6
|start
|switch|p1a: Ninetales|Ninetales, F, shiny|100/100
|switch|p2a: Tauros|Tauros-Paldea-Aqua, M|100/100
|-ability|p2a: Tauros|Intimidate|boost
|-unboost|p1a: Ninetales|atk|1
|-weather|SunnyDay|[from] ability: Drought|[of] p1a: Ninetales
|turn|1
|
|t:|1760462163
|switch|p2a: Zapdos|Zapdos|100/100
|move|p1a: Ninetales|Will-O-Wisp|p2a: Zapdos
|-status|p2a: Zapdos|brn
|
|-weather|SunnyDay|[upkeep]
|-damage|p2a: Zapdos|94/100 brn|[from] brn
|upkeep
|turn|2
|
|t:|1760462174
|move|p1a: Ninetales|Weather Ball|p2a: Zapdos
|-damage|p2a: Zapdos|49/100 brn
|move|p2a: Zapdos|Volt Switch|p1a: Ninetales
|-damage|p1a: Ninetales|72/100
|
|t:|1760462193
|switch|p2a: Tinkaton|Tinkaton, F|100/100|[from] Volt Switch
|-item|p2a: Tinkaton|Air Balloon
|
|-weather|SunnyDay|[upkeep]
|upkeep
|turn|3
|
|t:|1760462201
|switch|p2a: Ceruledge|Ceruledge, F|100/100
|move|p1a: Ninetales|Weather Ball|p2a: Ceruledge
|-start|p2a: Ceruledge|ability: Flash Fire
|
|-weather|SunnyDay|[upkeep]
|upkeep
|turn|4
|c|☆bbsbsn|who uses flash fire on this bruh
|
|t:|1760462230
|switch|p1a: Mandibuzz|Mandibuzz, F, shiny|100/100
|move|p2a: Ceruledge|Swords Dance|p2a: Ceruledge
|-boost|p2a: Ceruledge|atk|2
|
|-weather|SunnyDay|[upkeep]
|upkeep
|turn|5
|
|t:|1760462242
|-terastallize|p1a: Mandibuzz|Water
|move|p2a: Ceruledge|Bitter Blade|p1a: Mandibuzz
|-resisted|p1a: Mandibuzz
|-damage|p1a: Mandibuzz|43/100
|-damage|p2a: Ceruledge|84/100|[from] item: Rocky Helmet|[of] p1a: Mandibuzz
|move|p1a: Mandibuzz|Foul Play|p2a: Ceruledge
|-supereffective|p2a: Ceruledge
|-damage|p2a: Ceruledge|0 fnt
|faint|p2a: Ceruledge
|
|-weather|SunnyDay|[upkeep]
|upkeep
|
|t:|1760462255
|switch|p2a: Zapdos|Zapdos|49/100 brn
|turn|6
|
|t:|1760462269
|switch|p1a: Great Tusk|Great Tusk, shiny|100/100
|-activate|p1a: Great Tusk|ability: Protosynthesis
|-start|p1a: Great Tusk|protosynthesisatk
|move|p2a: Zapdos|Discharge|p1a: Great Tusk
|-immune|p1a: Great Tusk
|
|-weather|SunnyDay|[upkeep]
|-heal|p2a: Zapdos|55/100 brn|[from] item: Leftovers
|-damage|p2a: Zapdos|49/100 brn|[from] brn
|upkeep
|turn|7
|
|t:|1760462290
|switch|p2a: Tinkaton|Tinkaton, F|100/100
|-item|p2a: Tinkaton|Air Balloon
|move|p1a: Great Tusk|Rapid Spin|p2a: Tinkaton
|-resisted|p2a: Tinkaton
|-damage|p2a: Tinkaton|84/100
|-boost|p1a: Great Tusk|spe|1
|-enditem|p2a: Tinkaton|Air Balloon
|-enditem|p1a: Great Tusk|Choice Scarf|[silent]|[from] ability: Pickpocket|[of] p1a: Great Tusk
|-item|p2a: Tinkaton|Choice Scarf|[from] ability: Pickpocket|[of] p1a: Great Tusk
|
|-weather|SunnyDay|[upkeep]
|upkeep
|turn|8
|inactive|KaseyLucilfer has 120 seconds left.
|inactive|bbsbsn has 120 seconds left.
|
|t:|1760462318
|switch|p2a: Zapdos|Zapdos|49/100 brn
|move|p1a: Great Tusk|Headlong Rush|p2a: Zapdos
|-immune|p2a: Zapdos
|
|-weather|none
|-end|p1a: Great Tusk|Protosynthesis
|-heal|p2a: Zapdos|55/100 brn|[from] item: Leftovers
|-damage|p2a: Zapdos|49/100 brn|[from] brn
|upkeep
|turn|9
|inactive|KaseyLucilfer has 120 seconds left.
|inactive|bbsbsn has 120 seconds left.
|
|t:|1760462329
|move|p1a: Great Tusk|Ice Spinner|p2a: Zapdos
|-supereffective|p2a: Zapdos
|-damage|p2a: Zapdos|10/100 brn
|move|p2a: Zapdos|Hurricane|p1a: Great Tusk|[miss]
|-miss|p2a: Zapdos|p1a: Great Tusk
|
|-heal|p2a: Zapdos|16/100 brn|[from] item: Leftovers
|-damage|p2a: Zapdos|10/100 brn|[from] brn
|upkeep
|turn|10
|inactive|KaseyLucilfer has 120 seconds left.
|
|t:|1760462342
|switch|p2a: Tauros|Tauros-Paldea-Aqua, M|100/100
|-ability|p2a: Tauros|Intimidate|boost
|-unboost|p1a: Great Tusk|atk|1
|move|p1a: Great Tusk|Close Combat|p2a: Tauros
|-crit|p2a: Tauros
|-damage|p2a: Tauros|4/100
|-unboost|p1a: Great Tusk|def|1
|-unboost|p1a: Great Tusk|spd|1
|
|upkeep
|turn|11
|
|t:|1760462356
|move|p1a: Great Tusk|Ice Spinner|p2a: Tauros
|-resisted|p2a: Tauros
|-damage|p2a: Tauros|0 fnt
|faint|p2a: Tauros
|
|upkeep
|c|☆bbsbsn|lol
|c|☆bbsbsn|so much luck
|inactive|KaseyLucilfer has 120 seconds left.
|c|☆bbsbsn|am i hacker or wot
|
|t:|1760462378
|switch|p2a: Tinkaton|Tinkaton, F|84/100
|turn|12
|
|t:|1760462394
|-end|p1a: Great Tusk|Protosynthesis|[silent]
|switch|p1a: Weezing|Weezing-Galar, F, shiny|100/100
|-ability|p1a: Weezing|Neutralizing Gas
|move|p2a: Tinkaton|Play Rough|p1a: Weezing
|-resisted|p1a: Weezing
|-damage|p1a: Weezing|90/100
|-damage|p2a: Tinkaton|67/100|[from] item: Rocky Helmet|[of] p1a: Weezing
|
|upkeep
|turn|13
|inactive|KaseyLucilfer has 120 seconds left.
|
|t:|1760462405
|switch|p2a: Komala|Komala, F|100/100
|-ability|p2a: Komala|Comatose
|move|p1a: Weezing|Strange Steam|p2a: Komala
|-damage|p2a: Komala|88/100
|
|upkeep
|turn|14
|inactive|KaseyLucilfer has 120 seconds left.
|
|t:|1760462417
|move|p2a: Komala|Body Slam|p1a: Weezing
|-crit|p1a: Weezing
|-damage|p1a: Weezing|59/100
|-damage|p2a: Komala|71/100|[from] item: Rocky Helmet|[of] p1a: Weezing
|move|p1a: Weezing|Will-O-Wisp|p2a: Komala
|-immune|p2a: Komala|[from] ability: Comatose
|
|upkeep
|turn|15
|inactive|KaseyLucilfer has 120 seconds left.
|
|t:|1760462431
|-end|p1a: Weezing|ability: Neutralizing Gas
|switch|p1a: Mandibuzz|Mandibuzz, F, shiny, tera:Water|43/100
|move|p2a: Komala|U-turn|p1a: Mandibuzz
|-damage|p1a: Mandibuzz|32/100
|-damage|p2a: Komala|55/100|[from] item: Rocky Helmet|[of] p1a: Mandibuzz
|inactive|KaseyLucilfer has 120 seconds left.
|
|t:|1760462442
|switch|p2a: Zapdos|Zapdos|10/100 brn|[from] U-turn
|
|-heal|p2a: Zapdos|16/100 brn|[from] item: Leftovers
|-damage|p2a: Zapdos|10/100 brn|[from] brn
|upkeep
|turn|16
|
|t:|1760462453
|switch|p1a: Ninetales|Ninetales, F, shiny|72/100
|-weather|SunnyDay|[from] ability: Drought|[of] p1a: Ninetales
|move|p2a: Zapdos|Roost|p2a: Zapdos
|-heal|p2a: Zapdos|60/100 brn
|-singleturn|p2a: Zapdos|move: Roost
|
|-weather|SunnyDay|[upkeep]
|-heal|p2a: Zapdos|66/100 brn|[from] item: Leftovers
|-damage|p2a: Zapdos|60/100 brn|[from] brn
|upkeep
|turn|17
|
|t:|1760462467
|switch|p2a: Noivern|Noivern, M|100/100
|-item|p1a: Ninetales|Heat Rock|[from] ability: Frisk|[of] p2a: Noivern
|move|p1a: Ninetales|Weather Ball|p2a: Noivern
|-resisted|p2a: Noivern
|-damage|p2a: Noivern|70/100
|
|-weather|SunnyDay|[upkeep]
|upkeep
|turn|18
|inactive|KaseyLucilfer has 120 seconds left.
|
|t:|1760462482
|move|p2a: Noivern|U-turn|p1a: Ninetales
|-resisted|p1a: Ninetales
|-damage|p1a: Ninetales|64/100
|
|t:|1760462486
|switch|p2a: Zapdos|Zapdos|60/100 brn|[from] U-turn
|move|p1a: Ninetales|Will-O-Wisp|p2a: Zapdos
|-fail|p2a: Zapdos|brn
|
|-weather|SunnyDay|[upkeep]
|-heal|p2a: Zapdos|66/100 brn|[from] item: Leftovers
|-damage|p2a: Zapdos|60/100 brn|[from] brn
|upkeep
|turn|19
|
|t:|1760462497
|move|p1a: Ninetales|Weather Ball|p2a: Zapdos
|-damage|p2a: Zapdos|16/100 brn
|move|p2a: Zapdos|Roost|p2a: Zapdos
|-heal|p2a: Zapdos|66/100 brn
|-singleturn|p2a: Zapdos|move: Roost
|
|-weather|SunnyDay|[upkeep]
|-heal|p2a: Zapdos|72/100 brn|[from] item: Leftovers
|-damage|p2a: Zapdos|66/100 brn|[from] brn
|upkeep
|turn|20
|
|t:|1760462508
|move|p1a: Ninetales|Weather Ball|p2a: Zapdos
|-damage|p2a: Zapdos|24/100 brn
|move|p2a: Zapdos|Roost|p2a: Zapdos
|-heal|p2a: Zapdos|74/100 brn
|-singleturn|p2a: Zapdos|move: Roost
|
|-weather|SunnyDay|[upkeep]
|-heal|p2a: Zapdos|81/100 brn|[from] item: Leftovers
|-damage|p2a: Zapdos|74/100 brn|[from] brn
|upkeep
|turn|21
|
|t:|1760462521
|move|p1a: Ninetales|Weather Ball|p2a: Zapdos
|-damage|p2a: Zapdos|34/100 brn
|move|p2a: Zapdos|Roost|p2a: Zapdos
|-heal|p2a: Zapdos|84/100 brn
|-singleturn|p2a: Zapdos|move: Roost
|
|-weather|SunnyDay|[upkeep]
|-heal|p2a: Zapdos|91/100 brn|[from] item: Leftovers
|-damage|p2a: Zapdos|84/100 brn|[from] brn
|upkeep
|turn|22
|
|t:|1760462533
|move|p1a: Ninetales|Weather Ball|p2a: Zapdos
|-damage|p2a: Zapdos|39/100 brn
|move|p2a: Zapdos|Discharge|p1a: Ninetales
|-damage|p1a: Ninetales|34/100
|
|-weather|SunnyDay|[upkeep]
|-heal|p2a: Zapdos|45/100 brn|[from] item: Leftovers
|-damage|p2a: Zapdos|39/100 brn|[from] brn
|upkeep
|turn|23
|
|t:|1760462546
|switch|p2a: Komala|Komala, F|55/100
|-ability|p2a: Komala|Comatose
|move|p1a: Ninetales|Healing Wish|p1a: Ninetales
|faint|p1a: Ninetales
|
|-weather|none
|upkeep
|
|t:|1760462554
|switch|p1a: Mandibuzz|Mandibuzz, F, shiny, tera:Water|32/100
|-heal|p1a: Mandibuzz|100/100|[from] move: Healing Wish
|turn|24
|
|t:|1760462559
|move|p1a: Mandibuzz|Iron Defense|p1a: Mandibuzz
|-boost|p1a: Mandibuzz|def|2
|move|p2a: Komala|Body Slam|p1a: Mandibuzz
|-damage|p1a: Mandibuzz|91/100
|-damage|p2a: Komala|38/100|[from] item: Rocky Helmet|[of] p1a: Mandibuzz
|
|upkeep
|turn|25
|
|t:|1760462572
|switch|p2a: Tinkaton|Tinkaton, F|67/100
|move|p1a: Mandibuzz|Foul Play|p2a: Tinkaton
|-resisted|p2a: Tinkaton
|-damage|p2a: Tinkaton|43/100
|
|upkeep
|turn|26
|
|t:|1760462580
|move|p2a: Tinkaton|Stealth Rock|p1a: Mandibuzz
|-sidestart|p1: bbsbsn|move: Stealth Rock
|move|p1a: Mandibuzz|Foul Play|p2a: Tinkaton
|-resisted|p2a: Tinkaton
|-damage|p2a: Tinkaton|22/100
|
|upkeep
|turn|27
|
|t:|1760462589
|switch|p2a: Zapdos|Zapdos|39/100 brn
|move|p1a: Mandibuzz|Foul Play|p2a: Zapdos
|-damage|p2a: Zapdos|23/100 brn
|
|-heal|p2a: Zapdos|29/100 brn|[from] item: Leftovers
|-damage|p2a: Zapdos|23/100 brn|[from] brn
|upkeep
|turn|28
|
|t:|1760462609
|switch|p1a: Great Tusk|Great Tusk, shiny|100/100
|-damage|p1a: Great Tusk|98/100|[from] Stealth Rock
|move|p2a: Zapdos|Roost|p2a: Zapdos
|-heal|p2a: Zapdos|73/100 brn
|-singleturn|p2a: Zapdos|move: Roost
|
|-heal|p2a: Zapdos|79/100 brn|[from] item: Leftovers
|-damage|p2a: Zapdos|73/100 brn|[from] brn
|upkeep
|turn|29
|
|t:|1760462630
|move|p1a: Great Tusk|Ice Spinner|p2a: Zapdos
|-supereffective|p2a: Zapdos
|-damage|p2a: Zapdos|32/100 brn
|move|p2a: Zapdos|Hurricane|p1a: Great Tusk|[miss]
|-miss|p2a: Zapdos|p1a: Great Tusk
|
|-heal|p2a: Zapdos|38/100 brn|[from] item: Leftovers
|-damage|p2a: Zapdos|32/100 brn|[from] brn
|upkeep
|turn|30
|c|☆bbsbsn|lol
|
|t:|1760462642
|switch|p2a: Tinkaton|Tinkaton, F|22/100
|move|p1a: Great Tusk|Headlong Rush|p2a: Tinkaton
|-supereffective|p2a: Tinkaton
|-damage|p2a: Tinkaton|0 fnt
|-unboost|p1a: Great Tusk|def|1
|-unboost|p1a: Great Tusk|spd|1
|faint|p2a: Tinkaton
|
|upkeep
|
|t:|1760462654
|switch|p2a: Noivern|Noivern, M|70/100
|turn|31
|
|t:|1760462663
|-end|p1a: Great Tusk|Protosynthesis|[silent]
|switch|p1a: Weezing|Weezing-Galar, F, shiny|59/100
|-ability|p1a: Weezing|Neutralizing Gas
|-damage|p1a: Weezing|47/100|[from] Stealth Rock
|-terastallize|p2a: Noivern|Normal
|move|p2a: Noivern|Boomburst|p1a: Weezing
|-damage|p1a: Weezing|0 fnt
|faint|p1a: Weezing
|-end|p1a: Weezing|ability: Neutralizing Gas
|-enditem|p2a: Noivern|Throat Spray
|-boost|p2a: Noivern|spa|1|[from] item: Throat Spray
|
|upkeep
|
|t:|1760462681
|switch|p1a: Trevenant|Trevenant, M, shiny|100/100
|-damage|p1a: Trevenant|88/100|[from] Stealth Rock
|turn|32
|
|t:|1760462690
|move|p2a: Noivern|Draco Meteor|p1a: Trevenant
|-damage|p1a: Trevenant|28/100
|-unboost|p2a: Noivern|spa|2
|-enditem|p1a: Trevenant|Sitrus Berry|[eat]
|-heal|p1a: Trevenant|53/100|[from] item: Sitrus Berry
|move|p1a: Trevenant|Curse|p2a: Noivern
|-start|p2a: Noivern|Curse|[of] p1a: Trevenant
|-damage|p1a: Trevenant|3/100
|
|-damage|p2a: Noivern|45/100|[from] Curse
|-item|p1a: Trevenant|Sitrus Berry|[from] ability: Harvest
|upkeep
|-enditem|p1a: Trevenant|Sitrus Berry|[eat]
|-heal|p1a: Trevenant|28/100|[from] item: Sitrus Berry
|turn|33
|
|t:|1760462708
|move|p1a: Trevenant|Protect|p1a: Trevenant
|-singleturn|p1a: Trevenant|Protect
|move|p2a: Noivern|U-turn|p1a: Trevenant
|-activate|p1a: Trevenant|move: Protect
|
|-damage|p2a: Noivern|20/100|[from] Curse
|-item|p1a: Trevenant|Sitrus Berry|[from] ability: Harvest
|upkeep
|-enditem|p1a: Trevenant|Sitrus Berry|[eat]
|-heal|p1a: Trevenant|53/100|[from] item: Sitrus Berry
|turn|34
|
|t:|1760462719
|move|p2a: Noivern|U-turn|p1a: Trevenant
|-damage|p1a: Trevenant|41/100
|
|t:|1760462727
|switch|p2a: Zapdos|Zapdos|32/100 brn|[from] U-turn
|move|p1a: Trevenant|Curse|p2a: Zapdos
|-start|p2a: Zapdos|Curse|[of] p1a: Trevenant
|-damage|p1a: Trevenant|0 fnt
|faint|p1a: Trevenant
|
|-heal|p2a: Zapdos|38/100 brn|[from] item: Leftovers
|-damage|p2a: Zapdos|32/100 brn|[from] brn
|-damage|p2a: Zapdos|7/100 brn|[from] Curse
|upkeep
|
|t:|1760462745
|switch|p1a: Great Tusk|Great Tusk, shiny|98/100
|-damage|p1a: Great Tusk|95/100|[from] Stealth Rock
|turn|35
|
|t:|1760462765
|move|p1a: Great Tusk|Rapid Spin|p2a: Zapdos
|-damage|p2a: Zapdos|0 fnt
|-boost|p1a: Great Tusk|spe|1
|-sideend|p1: bbsbsn|Stealth Rock|[from] move: Rapid Spin|[of] p1a: Great Tusk
|faint|p2a: Zapdos
|
|upkeep
|
|t:|1760462770
|switch|p2a: Noivern|Noivern, M, tera:Normal|20/100
|turn|36
|-message|KaseyLucilfer forfeited.
|
|win|bbsbsn
|raw|bbsbsn's rating: 1247 &rarr; <strong>1270</strong><br />(+23 for winning)
|raw|KaseyLucilfer's rating: 1220 &rarr; <strong>1197</strong><br />(-23 for losing)
|l|☆KaseyLucilfer
|player|p2|
|c|☆bbsbsn|gg
|l|☆bbsbsn
|player|p1|
