|j|☆stonetemplewynaut
|j|☆ScryMagma
|t:|1760315234
|gametype|singles
|player|p1|stonetemplewynaut|youngcouple-gen4dp|1064
|player|p2|ScryMagma|101|1109
|gen|9
|tier|[Gen 9] OU
|rated|
|rule|HP Percentage Mod: HP is shown in percentages
|rule|Endless Battle Clause: Forcing endless battles is banned
|rule|Species Clause: Limit one of each Pokémon
|rule|OHKO Clause: OHKO moves are banned
|rule|Evasion Items Clause: Evasion items are banned
|rule|Evasion Moves Clause: Evasion moves are banned
|rule|Evasion Abilities Clause: Evasion abilities are banned
|rule|Sleep Moves Clause: Sleep-inducing moves are banned
|clearpoke
|poke|p1|Pecharunt|
|poke|p1|Great Tusk|
|poke|p1|Ogerpon-Wellspring, F|
|poke|p1|Iron Crown|
|poke|p1|Landorus-Therian, M|
|poke|p1|Heatran, M|
|poke|p2|Goodra-Hisui, F|
|poke|p2|Incineroar, M|
|poke|p2|Kyurem|
|poke|p2|Landorus-Therian, M|
|poke|p2|Blastoise, F|
|poke|p2|Jirachi|
|teampreview
|
|t:|1760315242
|teamsize|p1|6
|teamsize|p2|6
|start
|switch|p1a: Heatran|Heatran, M|100/100
|switch|p2a: Goodra|Goodra-Hisui, F|100/100
|-item|p1a: Heatran|Air Balloon
|turn|1
|inactive|Battle timer is ON: inactive players will automatically lose when time's up. (requested by stonetemplewynaut)
|
|t:|1760315255
|switch|p2a: Landorus|Landorus-Therian, M|100/100
|-ability|p2a: Landorus|Intimidate|boost
|-unboost|p1a: Heatran|atk|1
|move|p1a: Heatran|Magma Storm|p2a: Landorus|[miss]
|-miss|p1a: Heatran|p2a: Landorus
|
|upkeep
|turn|2
|
|t:|1760315263
|switch|p1a: Landorus|Landorus-Therian, M|100/100
|-ability|p1a: Landorus|Intimidate|boost
|-unboost|p2a: Landorus|atk|1
|move|p2a: Landorus|Brick Break|p1a: Landorus
|-resisted|p1a: Landorus
|-damage|p1a: Landorus|90/100
|
|upkeep
|turn|3
|
|t:|1760315272
|move|p1a: Landorus|U-turn|p2a: Landorus
|-resisted|p2a: Landorus
|-damage|p2a: Landorus|84/100
|
|t:|1760315277
|switch|p1a: Pecharunt|Pecharunt|100/100|[from] U-turn
|move|p2a: Landorus|Stealth Rock|p1a: Pecharunt
|-sidestart|p1: stonetemplewynaut|move: Stealth Rock
|
|upkeep
|turn|4
|
|t:|1760315286
|move|p2a: Landorus|Earthquake|p1a: Pecharunt
|-supereffective|p1a: Pecharunt
|-damage|p1a: Pecharunt|67/100
|move|p1a: Pecharunt|Parting Shot|p2a: Landorus
|-unboost|p2a: Landorus|atk|1
|-unboost|p2a: Landorus|spa|1
|
|t:|1760315292
|switch|p1a: Great Tusk|Great Tusk|100/100|[from] Parting Shot
|
|upkeep
|turn|5
|
|t:|1760315298
|switch|p2a: Blastoise|Blastoise, F|100/100
|move|p1a: Great Tusk|Rapid Spin|p2a: Blastoise
|-damage|p2a: Blastoise|86/100
|-boost|p1a: Great Tusk|spe|1
|-sideend|p1: stonetemplewynaut|Stealth Rock|[from] move: Rapid Spin|[of] p1a: Great Tusk
|
|upkeep
|turn|6
|
|t:|1760315305
|-end|p1a: Great Tusk|Protosynthesis|[silent]
|switch|p1a: Ogerpon|Ogerpon-Wellspring, F|100/100
|move|p2a: Blastoise|Surf|p1a: Ogerpon
|-immune|p1a: Ogerpon|[from] ability: Water Absorb
|
|upkeep
|turn|7
|
|t:|1760315316
|switch|p2a: Kyurem|Kyurem|100/100
|-ability|p2a: Kyurem|Pressure
|move|p1a: Ogerpon|Trailblaze|p2a: Kyurem
|-resisted|p2a: Kyurem
|-damage|p2a: Kyurem|90/100
|-boost|p1a: Ogerpon|spe|1
|
|upkeep
|turn|8
|
|t:|1760315328
|switch|p1a: Pecharunt|Pecharunt|67/100
|move|p2a: Kyurem|Freeze-Dry|p1a: Pecharunt
|-damage|p1a: Pecharunt|25/100
|
|upkeep
|turn|9
|
|t:|1760315338
|move|p2a: Kyurem|Freeze-Dry|p1a: Pecharunt
|-damage|p1a: Pecharunt|0 fnt
|faint|p1a: Pecharunt
|
|upkeep
|
|t:|1760315343
|switch|p1a: Iron Crown|Iron Crown|100/100
|turn|10
|
|t:|1760315348
|switch|p2a: Incineroar|Incineroar, M|100/100
|-ability|p2a: Incineroar|Intimidate|boost
|-unboost|p1a: Iron Crown|atk|1
|move|p1a: Iron Crown|Tachyon Cutter|p2a: Incineroar
|-resisted|p2a: Incineroar
|-damage|p2a: Incineroar|91/100
|-resisted|p2a: Incineroar
|-crit|p2a: Incineroar
|-damage|p2a: Incineroar|79/100
|-hitcount|p2a: Incineroar|2
|
|upkeep
|turn|11
|
|t:|1760315358
|-end|p1a: Iron Crown|Quark Drive|[silent]
|switch|p1a: Landorus|Landorus-Therian, M|90/100
|-ability|p1a: Landorus|Intimidate|boost
|-unboost|p2a: Incineroar|atk|1
|move|p2a: Incineroar|Thunder Punch|p1a: Landorus
|-immune|p1a: Landorus
|
|upkeep
|turn|12
|
|t:|1760315369
|switch|p2a: Blastoise|Blastoise, F|86/100
|move|p1a: Landorus|Stone Edge|p2a: Blastoise
|-crit|p2a: Blastoise
|-damage|p2a: Blastoise|43/100
|
|upkeep
|turn|13
|
|t:|1760315378
|switch|p1a: Iron Crown|Iron Crown|100/100
|switch|p2a: Kyurem|Kyurem|90/100
|-ability|p2a: Kyurem|Pressure
|
|upkeep
|turn|14
|
|t:|1760315385
|move|p1a: Iron Crown|Focus Blast|p2a: Kyurem|[miss]
|-miss|p1a: Iron Crown|p2a: Kyurem
|move|p2a: Kyurem|Earth Power|p1a: Iron Crown
|-supereffective|p1a: Iron Crown
|-damage|p1a: Iron Crown|58/100
|
|upkeep
|turn|15
|
|t:|1760315393
|move|p1a: Iron Crown|Tachyon Cutter|p2a: Kyurem
|-supereffective|p2a: Kyurem
|-damage|p2a: Kyurem|59/100
|-supereffective|p2a: Kyurem
|-damage|p2a: Kyurem|28/100
|-hitcount|p2a: Kyurem|2
|move|p2a: Kyurem|Earth Power|p1a: Iron Crown
|-supereffective|p1a: Iron Crown
|-damage|p1a: Iron Crown|9/100
|
|upkeep
|turn|16
|
|t:|1760315403
|switch|p2a: Landorus|Landorus-Therian, M|84/100
|-ability|p2a: Landorus|Intimidate|boost
|-unboost|p1a: Iron Crown|atk|1
|move|p1a: Iron Crown|Focus Blast|p2a: Landorus|[miss]
|-miss|p1a: Iron Crown|p2a: Landorus
|
|upkeep
|turn|17
|
|t:|1760315414
|-end|p1a: Iron Crown|Quark Drive|[silent]
|switch|p1a: Landorus|Landorus-Therian, M|90/100
|-ability|p1a: Landorus|Intimidate|boost
|-unboost|p2a: Landorus|atk|1
|move|p2a: Landorus|U-turn|p1a: Landorus
|-resisted|p1a: Landorus
|-damage|p1a: Landorus|78/100
|
|t:|1760315436
|switch|p2a: Goodra|Goodra-Hisui, F|100/100|[from] U-turn
|
|upkeep
|turn|18
|
|t:|1760315442
|move|p1a: Landorus|Earthquake|p2a: Goodra
|-supereffective|p2a: Goodra
|-crit|p2a: Goodra
|-damage|p2a: Goodra|0 fnt
|faint|p2a: Goodra
|
|upkeep
|
|t:|1760315446
|switch|p2a: Incineroar|Incineroar, M|79/100
|-ability|p2a: Incineroar|Intimidate|boost
|-unboost|p1a: Landorus|atk|1
|turn|19
|
|t:|1760315450
|move|p1a: Landorus|Earthquake|p2a: Incineroar
|-supereffective|p2a: Incineroar
|-damage|p2a: Incineroar|13/100
|move|p2a: Incineroar|Knock Off|p1a: Landorus
|-damage|p1a: Landorus|28/100
|-enditem|p1a: Landorus|Choice Scarf|[from] move: Knock Off|[of] p2a: Incineroar
|
|upkeep
|turn|20
|
|t:|1760315459
|move|p1a: Landorus|Earthquake|p2a: Incineroar
|-supereffective|p2a: Incineroar
|-damage|p2a: Incineroar|0 fnt
|faint|p2a: Incineroar
|
|upkeep
|
|t:|1760315465
|switch|p2a: Landorus|Landorus-Therian, M|84/100
|-ability|p2a: Landorus|Intimidate|boost
|-unboost|p1a: Landorus|atk|1
|turn|21
|
|t:|1760315471
|switch|p1a: Great Tusk|Great Tusk|100/100
|move|p2a: Landorus|U-turn|p1a: Great Tusk
|-resisted|p1a: Great Tusk
|-damage|p1a: Great Tusk|91/100
|
|t:|1760315480
|switch|p2a: Blastoise|Blastoise, F|43/100|[from] U-turn
|
|upkeep
|turn|22
|
|t:|1760315487
|move|p1a: Great Tusk|Headlong Rush|p2a: Blastoise
|-damage|p2a: Blastoise|0 fnt
|-unboost|p1a: Great Tusk|def|1
|-unboost|p1a: Great Tusk|spd|1
|faint|p2a: Blastoise
|
|upkeep
|
|t:|1760315492
|switch|p2a: Jirachi|Jirachi, shiny|100/100
|turn|23
|
|t:|1760315500
|-terastallize|p1a: Great Tusk|Fairy
|move|p2a: Jirachi|Body Slam|p1a: Great Tusk
|-damage|p1a: Great Tusk|65/100
|-status|p1a: Great Tusk|par
|cant|p1a: Great Tusk|par
|
|upkeep
|turn|24
|
|t:|1760315508
|move|p2a: Jirachi|Iron Head|p1a: Great Tusk
|-supereffective|p1a: Great Tusk
|-damage|p1a: Great Tusk|0 fnt
|faint|p1a: Great Tusk
|-end|p1a: Great Tusk|Protosynthesis|[silent]
|
|upkeep
|
|t:|1760315514
|switch|p1a: Heatran|Heatran, M|100/100
|-item|p1a: Heatran|Air Balloon
|turn|25
|
|t:|1760315521
|move|p2a: Jirachi|Body Slam|p1a: Heatran
|-resisted|p1a: Heatran
|-damage|p1a: Heatran|92/100
|-status|p1a: Heatran|par
|-enditem|p1a: Heatran|Air Balloon
|move|p1a: Heatran|Magma Storm|p2a: Jirachi
|-supereffective|p2a: Jirachi
|-damage|p2a: Jirachi|44/100
|-activate|p2a: Jirachi|move: Magma Storm|[of] p1a: Heatran
|
|-damage|p2a: Jirachi|31/100|[from] move: Magma Storm|[partiallytrapped]
|upkeep
|turn|26
|
|t:|1760315534
|switch|p1a: Landorus|Landorus-Therian, M|28/100
|-ability|p1a: Landorus|Intimidate|boost
|-unboost|p2a: Jirachi|atk|1
|move|p2a: Jirachi|U-turn|p1a: Landorus
|-resisted|p1a: Landorus
|-damage|p1a: Landorus|22/100
|
|t:|1760315541
|switch|p2a: Landorus|Landorus-Therian, M|84/100|[from] U-turn
|-ability|p2a: Landorus|Intimidate|boost
|-unboost|p1a: Landorus|atk|1
|
|upkeep
|turn|27
|
|t:|1760315553
|switch|p1a: Ogerpon|Ogerpon-Wellspring, F|100/100
|move|p2a: Landorus|U-turn|p1a: Ogerpon
|-supereffective|p1a: Ogerpon
|-damage|p1a: Ogerpon|25/100
|
|t:|1760315560
|switch|p2a: Kyurem|Kyurem|28/100|[from] U-turn
|-ability|p2a: Kyurem|Pressure
|
|upkeep
|turn|28
|
|t:|1760315566
|move|p1a: Ogerpon|Ivy Cudgel|p2a: Kyurem|[anim] Ivy Cudgel Water
|-resisted|p2a: Kyurem
|-damage|p2a: Kyurem|7/100
|move|p2a: Kyurem|Freeze-Dry|p1a: Ogerpon
|-supereffective|p1a: Ogerpon
|-damage|p1a: Ogerpon|0 fnt
|faint|p1a: Ogerpon
|
|upkeep
|
|t:|1760315575
|switch|p1a: Iron Crown|Iron Crown|9/100
|turn|29
|
|t:|1760315581
|move|p1a: Iron Crown|Tachyon Cutter|p2a: Kyurem
|-supereffective|p2a: Kyurem
|-damage|p2a: Kyurem|0 fnt
|faint|p2a: Kyurem
|-hitcount|p2: Kyurem|1
|
|upkeep
|
|t:|1760315587
|switch|p2a: Jirachi|Jirachi, shiny|31/100
|turn|30
|
|t:|1760315594
|move|p2a: Jirachi|Body Slam|p1a: Iron Crown
|-resisted|p1a: Iron Crown
|-damage|p1a: Iron Crown|0 fnt
|faint|p1a: Iron Crown
|-end|p1a: Iron Crown|Quark Drive|[silent]
|
|upkeep
|
|t:|1760315600
|switch|p1a: Heatran|Heatran, M|92/100 par
|turn|31
|
|t:|1760315608
|move|p2a: Jirachi|Iron Head|p1a: Heatran
|-resisted|p1a: Heatran
|-damage|p1a: Heatran|85/100 par
|cant|p1a: Heatran|par
|
|upkeep
|turn|32
|
|t:|1760315615
|move|p2a: Jirachi|Zen Headbutt|p1a: Heatran
|-resisted|p1a: Heatran
|-damage|p1a: Heatran|71/100 par
|cant|p1a: Heatran|par
|
|upkeep
|turn|33
|
|t:|1760315621
|move|p2a: Jirachi|Zen Headbutt|p1a: Heatran
|-resisted|p1a: Heatran
|-damage|p1a: Heatran|59/100 par
|cant|p1a: Heatran|par
|
|upkeep
|turn|34
|
|t:|1760315626
|move|p2a: Jirachi|Zen Headbutt|p1a: Heatran
|-resisted|p1a: Heatran
|-damage|p1a: Heatran|46/100 par
|move|p1a: Heatran|Magma Storm|p2a: Jirachi
|-supereffective|p2a: Jirachi
|-damage|p2a: Jirachi|0 fnt
|faint|p2a: Jirachi
|
|upkeep
|
|t:|1760315628
|switch|p2a: Landorus|Landorus-Therian, M|84/100
|-ability|p2a: Landorus|Intimidate|boost
|-unboost|p1a: Heatran|atk|1
|turn|35
|
|t:|1760315639
|switch|p1a: Landorus|Landorus-Therian, M|22/100
|-ability|p1a: Landorus|Intimidate|boost
|-unboost|p2a: Landorus|atk|1
|move|p2a: Landorus|Brick Break|p1a: Landorus
|-resisted|p1a: Landorus
|-damage|p1a: Landorus|11/100
|
|upkeep
|turn|36
|
|t:|1760315646
|move|p1a: Landorus|Stone Edge|p2a: Landorus
|-damage|p2a: Landorus|37/100
|move|p2a: Landorus|Brick Break|p1a: Landorus
|-resisted|p1a: Landorus
|-damage|p1a: Landorus|0 fnt
|faint|p1a: Landorus
|
|upkeep
|
|t:|1760315654
|switch|p1a: Heatran|Heatran, M|46/100 par
|turn|37
|
|t:|1760315657
|move|p2a: Landorus|Earthquake|p1a: Heatran
|-supereffective|p1a: Heatran
|-damage|p1a: Heatran|0 fnt
|faint|p1a: Heatran
|
|win|ScryMagma
|raw|stonetemplewynaut's rating: 1064 &rarr; <strong>1047</strong><br />(-17 for losing)
|raw|ScryMagma's rating: 1109 &rarr; <strong>1131</strong><br />(+22 for winning)
