|j|☆botcanou
|j|☆pxouzza
|t:|1760440115
|gametype|singles
|player|p1|botcanou|101|1376
|player|p2|pxouzza|wallace|1374
|gen|9
|tier|[Gen 9] OU
|rated|
|rule|HP Percentage Mod: HP is shown in percentages
|rule|Endless Battle Clause: Forcing endless battles is banned
|rule|Species Clause: Limit one of each Pokémon
|rule|OHKO Clause: OHKO moves are banned
|rule|Evasion Items Clause: Evasion items are banned
|rule|Evasion Moves Clause: Evasion moves are banned
|rule|Evasion Abilities Clause: Evasion abilities are banned
|rule|Sleep Moves Clause: Sleep-inducing moves are banned
|clearpoke
|poke|p1|Torkoal, M|
|poke|p1|Walking Wake|
|poke|p1|Blaziken, F|
|poke|p1|Polteageist-Antique|
|poke|p1|Kingambit, F|
|poke|p1|Garganacl, M|
|poke|p2|Sinistcha|
|poke|p2|Gliscor, M|
|poke|p2|Heatran, F|
|poke|p2|Garganacl, F|
|poke|p2|Clefable, M|
|poke|p2|Zamazenta-*|
|teampreview
|inactive|Battle timer is ON: inactive players will automatically lose when time's up. (requested by pxouzza)
|
|t:|1760440124
|teamsize|p1|6
|teamsize|p2|6
|start
|switch|p1a: Torkoal|Torkoal, M|100/100
|switch|p2a: Clefable|Clefable, M|100/100
|-weather|SunnyDay|[from] ability: Drought|[of] p1a: Torkoal
|turn|1
|
|t:|1760440137
|move|p2a: Clefable|Knock Off|p1a: Torkoal
|-damage|p1a: Torkoal|90/100
|-enditem|p1a: Torkoal|Heat Rock|[from] move: Knock Off|[of] p2a: Clefable
|move|p1a: Torkoal|Stealth Rock|p2a: Clefable
|-sidestart|p2: pxouzza|move: Stealth Rock
|
|-weather|SunnyDay|[upkeep]
|upkeep
|turn|2
|
|t:|1760440149
|switch|p2a: Heatran|Heatran, F|100/100
|-damage|p2a: Heatran|88/100|[from] Stealth Rock
|switch|p1a: Blaziken|Blaziken, F|100/100
|
|-weather|SunnyDay|[upkeep]
|-heal|p2a: Heatran|94/100|[from] item: Leftovers
|upkeep
|turn|3
|
|t:|1760440160
|switch|p2a: Sinistcha|Sinistcha|100/100
|move|p1a: Blaziken|Swords Dance|p1a: Blaziken
|-boost|p1a: Blaziken|atk|2
|
|-weather|SunnyDay|[upkeep]
|-ability|p1a: Blaziken|Speed Boost|boost
|-boost|p1a: Blaziken|spe|1
|upkeep
|turn|4
|
|t:|1760440181
|-terastallize|p2a: Sinistcha|Fairy
|move|p1a: Blaziken|Close Combat|p2a: Sinistcha
|-resisted|p2a: Sinistcha
|-damage|p2a: Sinistcha|60/100
|-unboost|p1a: Blaziken|def|1
|-unboost|p1a: Blaziken|spd|1
|move|p2a: Sinistcha|Shadow Ball|p1a: Blaziken
|-damage|p1a: Blaziken|25/100
|
|-weather|SunnyDay|[upkeep]
|-ability|p1a: Blaziken|Speed Boost|boost
|-boost|p1a: Blaziken|spe|1
|upkeep
|turn|5
|
|t:|1760440197
|switch|p2a: Clefable|Clefable, M|100/100
|move|p1a: Blaziken|Earthquake|p2a: Clefable
|-damage|p2a: Clefable|76/100
|
|-weather|SunnyDay|[upkeep]
|-ability|p1a: Blaziken|Speed Boost|boost
|-boost|p1a: Blaziken|spe|1
|upkeep
|turn|6
|
|t:|1760440207
|move|p1a: Blaziken|Flare Blitz|p2a: Clefable
|-damage|p2a: Clefable|11/100
|-damage|p1a: Blaziken|0 fnt|[from] Recoil
|faint|p1a: Blaziken
|move|p2a: Clefable|Moonblast|p1: Blaziken|[notarget]
|-fail|p2a: Clefable
|
|-weather|SunnyDay|[upkeep]
|upkeep
|
|t:|1760440216
|switch|p1a: Polteageist|Polteageist-Antique|100/100
|turn|7
|
|t:|1760440220
|move|p1a: Polteageist|Shell Smash|p1a: Polteageist
|-unboost|p1a: Polteageist|def|1
|-unboost|p1a: Polteageist|spd|1
|-boost|p1a: Polteageist|atk|2
|-boost|p1a: Polteageist|spa|2
|-boost|p1a: Polteageist|spe|2
|move|p2a: Clefable|Knock Off|p1a: Polteageist
|-supereffective|p1a: Polteageist
|-damage|p1a: Polteageist|41/100
|-ability|p1a: Polteageist|Weak Armor|boost
|-unboost|p1a: Polteageist|def|1
|-boost|p1a: Polteageist|spe|2
|-enditem|p1a: Polteageist|Focus Sash|[from] move: Knock Off|[of] p2a: Clefable
|
|-weather|SunnyDay|[upkeep]
|upkeep
|turn|8
|
|t:|1760440233
|move|p1a: Polteageist|Giga Drain|p2a: Clefable
|-damage|p2a: Clefable|0 fnt
|-heal|p1a: Polteageist|50/100|[from] drain|[of] p2a: Clefable
|faint|p2a: Clefable
|
|-weather|none
|upkeep
|
|t:|1760440243
|switch|p2a: Gliscor|Gliscor, M|100/100
|-damage|p2a: Gliscor|88/100|[from] Stealth Rock
|turn|9
|
|t:|1760440248
|move|p1a: Polteageist|Shadow Ball|p2a: Gliscor
|-damage|p2a: Gliscor|8/100
|move|p2a: Gliscor|Knock Off|p1a: Polteageist
|-supereffective|p1a: Polteageist
|-damage|p1a: Polteageist|0 fnt
|faint|p1a: Polteageist
|
|-status|p2a: Gliscor|tox|[from] item: Toxic Orb
|upkeep
|
|t:|1760440260
|switch|p1a: Torkoal|Torkoal, M|90/100
|-weather|SunnyDay|[from] ability: Drought|[of] p1a: Torkoal
|turn|10
|
|t:|1760440269
|move|p2a: Gliscor|Protect|p2a: Gliscor
|-singleturn|p2a: Gliscor|Protect
|move|p1a: Torkoal|Rapid Spin|p2a: Gliscor
|-activate|p2a: Gliscor|move: Protect
|
|-weather|SunnyDay|[upkeep]
|-heal|p2a: Gliscor|21/100 tox|[from] ability: Poison Heal
|upkeep
|turn|11
|
|t:|1760440279
|switch|p2a: Heatran|Heatran, F|94/100
|-damage|p2a: Heatran|82/100|[from] Stealth Rock
|move|p1a: Torkoal|Overheat|p2a: Heatran
|-start|p2a: Heatran|ability: Flash Fire
|
|-weather|SunnyDay|[upkeep]
|-heal|p2a: Heatran|88/100|[from] item: Leftovers
|upkeep
|turn|12
|
|t:|1760440292
|move|p2a: Heatran|Stealth Rock|p1a: Torkoal
|-sidestart|p1: botcanou|move: Stealth Rock
|move|p1a: Torkoal|Earth Power|p2a: Heatran
|-supereffective|p2a: Heatran
|-damage|p2a: Heatran|44/100
|-unboost|p2a: Heatran|spd|1
|
|-weather|SunnyDay|[upkeep]
|-heal|p2a: Heatran|50/100|[from] item: Leftovers
|upkeep
|turn|13
|
|t:|1760440303
|-end|p2a: Heatran|ability: Flash Fire|[silent]
|switch|p2a: Gliscor|Gliscor, M|21/100 tox
|-damage|p2a: Gliscor|8/100 tox|[from] Stealth Rock
|move|p1a: Torkoal|Earth Power|p2a: Gliscor
|-immune|p2a: Gliscor
|
|-weather|SunnyDay|[upkeep]
|-heal|p2a: Gliscor|21/100 tox|[from] ability: Poison Heal
|upkeep
|turn|14
|
|t:|1760440316
|move|p2a: Gliscor|Protect|p2a: Gliscor
|-singleturn|p2a: Gliscor|Protect
|move|p1a: Torkoal|Rapid Spin|p2a: Gliscor
|-activate|p2a: Gliscor|move: Protect
|
|-weather|none
|-heal|p2a: Gliscor|33/100 tox|[from] ability: Poison Heal
|upkeep
|turn|15
|
|t:|1760440327
|switch|p2a: Garganacl|Garganacl, F|100/100
|-damage|p2a: Garganacl|88/100|[from] Stealth Rock
|move|p1a: Torkoal|Rapid Spin|p2a: Garganacl
|-resisted|p2a: Garganacl
|-damage|p2a: Garganacl|85/100
|-boost|p1a: Torkoal|spe|1
|-sideend|p1: botcanou|Stealth Rock|[from] move: Rapid Spin|[of] p1a: Torkoal
|
|-heal|p2a: Garganacl|91/100|[from] item: Leftovers
|upkeep
|turn|16
|
|t:|1760440342
|switch|p1a: Walking Wake|Walking Wake|100/100
|move|p2a: Garganacl|Salt Cure|p1a: Walking Wake
|-damage|p1a: Walking Wake|84/100
|-start|p1a: Walking Wake|Salt Cure
|
|-heal|p2a: Garganacl|97/100|[from] item: Leftovers
|-damage|p1a: Walking Wake|59/100|[from] Salt Cure
|upkeep
|turn|17
|
|t:|1760440354
|move|p1a: Walking Wake|Hurricane|p2a: Garganacl|[miss]
|-miss|p1a: Walking Wake|p2a: Garganacl
|-enditem|p1a: Walking Wake|Blunder Policy
|-boost|p1a: Walking Wake|spe|2
|move|p2a: Garganacl|Earthquake|p1a: Walking Wake
|-damage|p1a: Walking Wake|36/100
|
|-heal|p2a: Garganacl|100/100|[from] item: Leftovers
|-damage|p1a: Walking Wake|11/100|[from] Salt Cure
|upkeep
|turn|18
|
|t:|1760440366
|move|p1a: Walking Wake|Hydro Steam|p2a: Garganacl
|-supereffective|p2a: Garganacl
|-damage|p2a: Garganacl|40/100
|move|p2a: Garganacl|Recover|p2a: Garganacl
|-heal|p2a: Garganacl|90/100
|
|-heal|p2a: Garganacl|96/100|[from] item: Leftovers
|-damage|p1a: Walking Wake|0 fnt|[from] Salt Cure
|faint|p1a: Walking Wake
|-end|p1a: Walking Wake|Protosynthesis|[silent]
|upkeep
|l|☆botcanou
|inactive|botcanou disconnected and has a minute to reconnect!
|player|p1|
|inactive|botcanou has 30 seconds to reconnect!
|inactive|botcanou has 20 seconds to reconnect!
|inactive|botcanou has 15 seconds to reconnect!
|inactive|botcanou has 10 seconds to reconnect!
|inactive|botcanou has 5 seconds to reconnect!
|-message|botcanou lost due to inactivity.
|
|win|pxouzza
|raw|botcanou's rating: 1376 &rarr; <strong>1356</strong><br />(-20 for losing)
|raw|pxouzza's rating: 1374 &rarr; <strong>1394</strong><br />(+20 for winning)
