|j|☆adaii
|j|☆Grimmaslygrim
|t:|1760331822
|gametype|singles
|player|p1|adaii|caitlin|1101
|player|p2|Grimmaslygrim|170|1120
|gen|9
|tier|[Gen 9] OU
|rated|
|rule|HP Percentage Mod: HP is shown in percentages
|rule|Endless Battle Clause: Forcing endless battles is banned
|rule|Species Clause: Limit one of each Pokémon
|rule|OHKO Clause: OHKO moves are banned
|rule|Evasion Items Clause: Evasion items are banned
|rule|Evasion Moves Clause: Evasion moves are banned
|rule|Evasion Abilities Clause: Evasion abilities are banned
|rule|Sleep Moves Clause: Sleep-inducing moves are banned
|clearpoke
|poke|p1|Sandaconda, M|
|poke|p1|Donphan, L1, F|
|poke|p1|Whimsicott, F|
|poke|p1|Tyranitar, F|
|poke|p1|Deoxys-Speed|
|poke|p1|Magnezone|
|poke|p2|Kyurem|
|poke|p2|Garchomp, F|
|poke|p2|Iron Valiant|
|poke|p2|Kingambit, F|
|poke|p2|Great Tusk|
|poke|p2|Zapdos|
|teampreview
|inactive|Battle timer is ON: inactive players will automatically lose when time's up. (requested by adaii)
|
|t:|1760331827
|teamsize|p1|6
|teamsize|p2|6
|start
|switch|p1a: Whimsicott|Whimsicott, F|100/100
|switch|p2a: Great Tusk|Great Tusk|100/100
|turn|1
|
|t:|1760331835
|move|p1a: Whimsicott|Taunt|p2a: Great Tusk
|-start|p2a: Great Tusk|move: Taunt
|cant|p2a: Great Tusk|move: Taunt|Stealth Rock
|
|upkeep
|turn|2
|
|t:|1760331849
|-end|p2a: Great Tusk|Protosynthesis|[silent]
|switch|p2a: Kyurem|Kyurem|100/100
|-ability|p2a: Kyurem|Pressure
|move|p1a: Whimsicott|Leech Seed|p2a: Kyurem
|-start|p2a: Kyurem|move: Leech Seed
|
|-damage|p2a: Kyurem|88/100|[from] Leech Seed|[of] p1a: Whimsicott
|upkeep
|turn|3
|
|t:|1760331862
|-terastallize|p2a: Kyurem|Dragon
|move|p1a: Whimsicott|Taunt|p2a: Kyurem
|-start|p2a: Kyurem|move: Taunt
|move|p2a: Kyurem|Ice Beam|p1a: Whimsicott
|-supereffective|p1a: Whimsicott
|-enditem|p1a: Whimsicott|Focus Sash
|-damage|p1a: Whimsicott|1/100
|
|-damage|p2a: Kyurem|75/100|[from] Leech Seed|[of] p1a: Whimsicott
|-heal|p1a: Whimsicott|16/100|[silent]
|upkeep
|turn|4
|
|t:|1760331875
|move|p1a: Whimsicott|Endeavor|p2a: Kyurem
|-damage|p2a: Kyurem|13/100
|move|p2a: Kyurem|Ice Beam|p1a: Whimsicott
|-supereffective|p1a: Whimsicott
|-damage|p1a: Whimsicott|0 fnt
|faint|p1a: Whimsicott
|
|upkeep
|
|t:|1760331885
|switch|p1a: Donphan|Donphan, L1, F|100/100
|turn|5
|
|t:|1760331893
|move|p2a: Kyurem|Ice Beam|p1a: Donphan
|-supereffective|p1a: Donphan
|-ability|p1a: Donphan|Sturdy
|-damage|p1a: Donphan|8/100
|-status|p1a: Donphan|frz
|cant|p1a: Donphan|frz
|
|-damage|p2a: Kyurem|1/100|[from] Leech Seed|[of] p1a: Donphan
|-heal|p1a: Donphan|100/100 frz|[silent]
|-end|p2a: Kyurem|move: Taunt
|upkeep
|turn|6
|-message|adaii forfeited.
|
|win|Grimmaslygrim
|raw|adaii's rating: 1101 &rarr; <strong>1077</strong><br />(-24 for losing)
|raw|Grimmaslygrim's rating: 1120 &rarr; <strong>1144</strong><br />(+24 for winning)
|l|☆adaii
|player|p1|
|l|☆Grimmaslygrim
|player|p2|
