|j|☆DarkSkinnedMLK
|j|☆sihengthegreat
|t:|1760344880
|gametype|singles
|player|p1|DarkSkinnedMLK|burglar|1490
|player|p2|sihengthegreat|hooligans|1535
|gen|9
|tier|[Gen 9] OU
|rated|
|rule|HP Percentage Mod: HP is shown in percentages
|rule|Endless Battle Clause: Forcing endless battles is banned
|rule|Species Clause: Limit one of each Pokémon
|rule|OHKO Clause: OHKO moves are banned
|rule|Evasion Items Clause: Evasion items are banned
|rule|Evasion Moves Clause: Evasion moves are banned
|rule|Evasion Abilities Clause: Evasion abilities are banned
|rule|Sleep Moves Clause: Sleep-inducing moves are banned
|clearpoke
|poke|p1|Ting-Lu|
|poke|p1|Hatterene, F|
|poke|p1|Great Tusk|
|poke|p1|Ceruledge, M|
|poke|p1|Dragonite, M|
|poke|p1|Kyurem|
|poke|p2|Pecharunt|
|poke|p2|Serperior, M|
|poke|p2|Moltres|
|poke|p2|Deoxys-Speed|
|poke|p2|Iron Treads|
|poke|p2|Kingambit, F|
|teampreview
|
|t:|1760344918
|teamsize|p1|6
|teamsize|p2|6
|start
|switch|p1a: Ting-Lu|Ting-Lu|100/100
|switch|p2a: Pecharunt|Pecharunt|100/100
|-ability|p1a: Ting-Lu|Vessel of Ruin
|turn|1
|
|t:|1760344927
|move|p2a: Pecharunt|Malignant Chain|p1a: Ting-Lu
|-resisted|p1a: Ting-Lu
|-damage|p1a: Ting-Lu|92/100
|move|p1a: Ting-Lu|Stealth Rock|p2a: Pecharunt
|-sidestart|p2: sihengthegreat|move: Stealth Rock
|
|-heal|p1a: Ting-Lu|98/100|[from] item: Leftovers
|upkeep
|turn|2
|
|t:|1760344935
|move|p2a: Pecharunt|Malignant Chain|p1a: Ting-Lu
|-resisted|p1a: Ting-Lu
|-damage|p1a: Ting-Lu|88/100
|-status|p1a: Ting-Lu|tox
|-start|p1a: Ting-Lu|confusion|[from] ability: Poison Puppeteer|[of] p2a: Pecharunt
|-activate|p1a: Ting-Lu|confusion
|-damage|p1a: Ting-Lu|84/100 tox|[from] confusion
|
|-heal|p1a: Ting-Lu|90/100 tox|[from] item: Leftovers
|-damage|p1a: Ting-Lu|84/100 tox|[from] psn
|upkeep
|turn|3
|
|t:|1760344947
|switch|p2a: Serperior|Serperior, M|100/100
|-damage|p2a: Serperior|88/100|[from] Stealth Rock
|-activate|p1a: Ting-Lu|confusion
|move|p1a: Ting-Lu|Ruination|p2a: Serperior
|-damage|p2a: Serperior|44/100
|
|-heal|p2a: Serperior|50/100|[from] item: Leftovers
|-heal|p1a: Ting-Lu|90/100 tox|[from] item: Leftovers
|-damage|p1a: Ting-Lu|77/100 tox|[from] psn
|upkeep
|turn|4
|
|t:|1760344966
|switch|p1a: Hatterene|Hatterene, F|100/100
|move|p2a: Serperior|Leaf Storm|p1a: Hatterene
|-damage|p1a: Hatterene|78/100
|-boost|p2a: Serperior|spa|2
|
|-heal|p2a: Serperior|57/100|[from] item: Leftovers
|upkeep
|turn|5
|
|t:|1760344981
|switch|p2a: Iron Treads|Iron Treads|100/100
|-damage|p2a: Iron Treads|97/100|[from] Stealth Rock
|move|p1a: Hatterene|Psychic Noise|p2a: Iron Treads
|-resisted|p2a: Iron Treads
|-damage|p2a: Iron Treads|75/100
|-start|p2a: Iron Treads|move: Heal Block
|
|upkeep
|turn|6
|
|t:|1760345000
|switch|p1a: Great Tusk|Great Tusk|100/100
|move|p2a: Iron Treads|Earthquake|p1a: Great Tusk
|-damage|p1a: Great Tusk|82/100
|
|-heal|p1a: Great Tusk|88/100|[from] item: Leftovers
|-end|p2a: Iron Treads|move: Heal Block
|upkeep
|turn|7
|
|t:|1760345006
|-end|p2a: Iron Treads|Quark Drive|[silent]
|switch|p2a: Moltres|Moltres|100/100
|move|p1a: Great Tusk|Knock Off|p2a: Moltres
|-damage|p2a: Moltres|74/100
|-status|p1a: Great Tusk|brn|[from] ability: Flame Body|[of] p2a: Moltres
|-enditem|p2a: Moltres|Heavy-Duty Boots|[from] move: Knock Off|[of] p1a: Great Tusk
|
|-heal|p1a: Great Tusk|94/100 brn|[from] item: Leftovers
|-damage|p1a: Great Tusk|88/100 brn|[from] brn
|upkeep
|turn|8
|
|t:|1760345015
|move|p2a: Moltres|Flamethrower|p1a: Great Tusk
|-crit|p1a: Great Tusk
|-damage|p1a: Great Tusk|17/100 brn
|move|p1a: Great Tusk|Knock Off|p2a: Moltres
|-damage|p2a: Moltres|64/100
|
|-heal|p1a: Great Tusk|24/100 brn|[from] item: Leftovers
|-damage|p1a: Great Tusk|17/100 brn|[from] brn
|upkeep
|turn|9
|
|t:|1760345022
|move|p2a: Moltres|Roost|p2a: Moltres
|-heal|p2a: Moltres|100/100
|-singleturn|p2a: Moltres|move: Roost
|move|p1a: Great Tusk|Headlong Rush|p2a: Moltres
|-supereffective|p2a: Moltres
|-damage|p2a: Moltres|51/100
|-unboost|p1a: Great Tusk|def|1
|-unboost|p1a: Great Tusk|spd|1
|
|-heal|p1a: Great Tusk|24/100 brn|[from] item: Leftovers
|-damage|p1a: Great Tusk|17/100 brn|[from] brn
|upkeep
|turn|10
|
|t:|1760345032
|-end|p1a: Great Tusk|Protosynthesis|[silent]
|switch|p1a: Kyurem|Kyurem|100/100
|-ability|p1a: Kyurem|Pressure
|move|p2a: Moltres|Roost|p2a: Moltres
|-heal|p2a: Moltres|100/100
|-singleturn|p2a: Moltres|move: Roost
|
|upkeep
|turn|11
|
|t:|1760345049
|move|p1a: Kyurem|Draco Meteor|p2a: Moltres
|-damage|p2a: Moltres|17/100
|-unboost|p1a: Kyurem|spa|2
|move|p2a: Moltres|Flamethrower|p1a: Kyurem
|-damage|p1a: Kyurem|63/100
|-status|p1a: Kyurem|brn
|
|-damage|p1a: Kyurem|57/100 brn|[from] brn
|upkeep
|turn|12
|
|t:|1760345062
|move|p1a: Kyurem|Draco Meteor|p2a: Moltres
|-damage|p2a: Moltres|0 fnt
|-unboost|p1a: Kyurem|spa|2
|faint|p2a: Moltres
|
|-damage|p1a: Kyurem|51/100 brn|[from] brn
|upkeep
|
|t:|1760345078
|switch|p2a: Pecharunt|Pecharunt|100/100
|turn|13
|
|t:|1760345086
|switch|p1a: Great Tusk|Great Tusk|17/100 brn
|move|p2a: Pecharunt|Nasty Plot|p2a: Pecharunt
|-boost|p2a: Pecharunt|spa|2
|
|-heal|p1a: Great Tusk|24/100 brn|[from] item: Leftovers
|-damage|p1a: Great Tusk|17/100 brn|[from] brn
|upkeep
|turn|14
|
|t:|1760345093
|move|p2a: Pecharunt|Hex|p1a: Great Tusk
|-damage|p1a: Great Tusk|0 fnt
|faint|p1a: Great Tusk
|-end|p1a: Great Tusk|Protosynthesis|[silent]
|
|upkeep
|
|t:|1760345125
|switch|p1a: Ting-Lu|Ting-Lu|77/100 tox
|-ability|p1a: Ting-Lu|Vessel of Ruin
|turn|15
|
|t:|1760345133
|move|p2a: Pecharunt|Hex|p1a: Ting-Lu
|-resisted|p1a: Ting-Lu
|-damage|p1a: Ting-Lu|53/100 tox
|move|p1a: Ting-Lu|Whirlwind|p2a: Pecharunt
|drag|p2a: Kingambit|Kingambit, F|100/100
|-damage|p2a: Kingambit|94/100|[from] Stealth Rock
|-activate|p2a: Kingambit|ability: Supreme Overlord
|-start|p2a: Kingambit|fallen1|[silent]
|
|-heal|p2a: Kingambit|100/100|[from] item: Leftovers
|-heal|p1a: Ting-Lu|59/100 tox|[from] item: Leftovers
|-damage|p1a: Ting-Lu|53/100 tox|[from] psn
|upkeep
|turn|16
|
|t:|1760345141
|-end|p2a: Kingambit|fallen1|[silent]
|switch|p2a: Serperior|Serperior, M|57/100
|-damage|p2a: Serperior|44/100|[from] Stealth Rock
|move|p1a: Ting-Lu|Earthquake|p2a: Serperior
|-resisted|p2a: Serperior
|-damage|p2a: Serperior|24/100
|
|-heal|p2a: Serperior|30/100|[from] item: Leftovers
|-heal|p1a: Ting-Lu|59/100 tox|[from] item: Leftovers
|-damage|p1a: Ting-Lu|47/100 tox|[from] psn
|upkeep
|turn|17
|
|t:|1760345148
|switch|p1a: Hatterene|Hatterene, F|78/100
|move|p2a: Serperior|Leaf Storm|p1a: Hatterene|[miss]
|-miss|p2a: Serperior|p1a: Hatterene
|
|-heal|p2a: Serperior|36/100|[from] item: Leftovers
|upkeep
|turn|18
|
|t:|1760345184
|switch|p2a: Iron Treads|Iron Treads|75/100
|-damage|p2a: Iron Treads|72/100|[from] Stealth Rock
|switch|p1a: Ting-Lu|Ting-Lu|47/100 tox
|-ability|p1a: Ting-Lu|Vessel of Ruin
|
|-heal|p2a: Iron Treads|79/100|[from] item: Leftovers
|-heal|p1a: Ting-Lu|53/100 tox|[from] item: Leftovers
|-damage|p1a: Ting-Lu|47/100 tox|[from] psn
|upkeep
|turn|19
|
|t:|1760345192
|move|p2a: Iron Treads|Rapid Spin|p1a: Ting-Lu
|-damage|p1a: Ting-Lu|40/100 tox
|-boost|p2a: Iron Treads|spe|1
|-sideend|p2: sihengthegreat|Stealth Rock|[from] move: Rapid Spin|[of] p2a: Iron Treads
|move|p1a: Ting-Lu|Earthquake|p2a: Iron Treads
|-supereffective|p2a: Iron Treads
|-damage|p2a: Iron Treads|18/100
|
|-heal|p2a: Iron Treads|24/100|[from] item: Leftovers
|-heal|p1a: Ting-Lu|46/100 tox|[from] item: Leftovers
|-damage|p1a: Ting-Lu|34/100 tox|[from] psn
|upkeep
|turn|20
|
|t:|1760345197
|move|p2a: Iron Treads|Stealth Rock|p1a: Ting-Lu
|-sidestart|p1: DarkSkinnedMLK|move: Stealth Rock
|move|p1a: Ting-Lu|Stealth Rock|p2a: Iron Treads
|-sidestart|p2: sihengthegreat|move: Stealth Rock
|
|-heal|p2a: Iron Treads|30/100|[from] item: Leftovers
|-heal|p1a: Ting-Lu|40/100 tox|[from] item: Leftovers
|-damage|p1a: Ting-Lu|21/100 tox|[from] psn
|upkeep
|turn|21
|
|t:|1760345208
|move|p2a: Iron Treads|Earthquake|p1a: Ting-Lu
|-damage|p1a: Ting-Lu|3/100 tox
|move|p1a: Ting-Lu|Stealth Rock||[still]
|-fail|p1a: Ting-Lu
|
|-heal|p2a: Iron Treads|36/100|[from] item: Leftovers
|-heal|p1a: Ting-Lu|9/100 tox|[from] item: Leftovers
|-damage|p1a: Ting-Lu|0 fnt|[from] psn
|faint|p1a: Ting-Lu
|upkeep
|
|t:|1760345226
|switch|p1a: Dragonite|Dragonite, M|100/100
|-damage|p1a: Dragonite|76/100|[from] Stealth Rock
|turn|22
|
|t:|1760345237
|move|p2a: Iron Treads|Volt Switch|p1a: Dragonite
|-damage|p1a: Dragonite|65/100
|
|t:|1760345246
|-end|p2a: Iron Treads|Quark Drive|[silent]
|switch|p2a: Serperior|Serperior, M|36/100|[from] Volt Switch
|-damage|p2a: Serperior|24/100|[from] Stealth Rock
|move|p1a: Dragonite|Dragon Dance|p1a: Dragonite
|-boost|p1a: Dragonite|atk|1
|-boost|p1a: Dragonite|spe|1
|
|-heal|p1a: Dragonite|71/100|[from] item: Leftovers
|-heal|p2a: Serperior|30/100|[from] item: Leftovers
|upkeep
|turn|23
|
|t:|1760345305
|move|p1a: Dragonite|Earthquake|p2a: Serperior
|-resisted|p2a: Serperior
|-damage|p2a: Serperior|4/100
|move|p2a: Serperior|Glare|p1a: Dragonite
|-status|p1a: Dragonite|par
|
|-heal|p2a: Serperior|11/100|[from] item: Leftovers
|-heal|p1a: Dragonite|77/100 par|[from] item: Leftovers
|upkeep
|turn|24
|
|t:|1760345322
|switch|p2a: Deoxys|Deoxys-Speed|100/100
|-ability|p2a: Deoxys|Pressure
|move|p1a: Dragonite|Earthquake|p2a: Deoxys
|-damage|p2a: Deoxys|30/100
|
|-heal|p1a: Dragonite|83/100 par|[from] item: Leftovers
|upkeep
|turn|25
|
|t:|1760345330
|move|p2a: Deoxys|Psyshock|p1a: Dragonite
|-damage|p1a: Dragonite|53/100 par
|move|p1a: Dragonite|Roost|p1a: Dragonite
|-heal|p1a: Dragonite|100/100 par
|-singleturn|p1a: Dragonite|move: Roost
|
|upkeep
|turn|26
|
|t:|1760345338
|move|p2a: Deoxys|Psyshock|p1a: Dragonite
|-damage|p1a: Dragonite|84/100 par
|move|p1a: Dragonite|Earthquake|p2a: Deoxys
|-damage|p2a: Deoxys|0 fnt
|faint|p2a: Deoxys
|
|-heal|p1a: Dragonite|90/100 par|[from] item: Leftovers
|upkeep
|
|t:|1760345343
|switch|p2a: Pecharunt|Pecharunt|100/100
|turn|27
|
|t:|1760345353
|-terastallize|p2a: Pecharunt|Dark
|move|p2a: Pecharunt|Nasty Plot|p2a: Pecharunt
|-boost|p2a: Pecharunt|spa|2
|cant|p1a: Dragonite|par
|
|-heal|p1a: Dragonite|96/100 par|[from] item: Leftovers
|upkeep
|turn|28
|
|t:|1760345381
|-terastallize|p1a: Dragonite|Fairy
|move|p2a: Pecharunt|Hex|p1a: Dragonite
|-damage|p1a: Dragonite|0 fnt
|faint|p1a: Dragonite
|
|upkeep
|
|t:|1760345410
|switch|p1a: Kyurem|Kyurem|51/100 brn
|-damage|p1a: Kyurem|26/100 brn|[from] Stealth Rock
|-ability|p1a: Kyurem|Pressure
|turn|29
|
|t:|1760345429
|switch|p2a: Serperior|Serperior, M|11/100
|-damage|p2a: Serperior|0 fnt|[from] Stealth Rock
|faint|p2a: Serperior
|move|p1a: Kyurem|Draco Meteor|p2: Serperior|[notarget]
|-fail|p1a: Kyurem
|
|-damage|p1a: Kyurem|20/100 brn|[from] brn
|upkeep
|
|t:|1760345435
|switch|p2a: Iron Treads|Iron Treads|36/100
|-damage|p2a: Iron Treads|33/100|[from] Stealth Rock
|turn|30
|
|t:|1760345467
|move|p2a: Iron Treads|Earthquake|p1a: Kyurem
|-damage|p1a: Kyurem|0 fnt
|faint|p1a: Kyurem
|
|-heal|p2a: Iron Treads|40/100|[from] item: Leftovers
|upkeep
|
|t:|1760345477
|switch|p1a: Ceruledge|Ceruledge, M|100/100
|-damage|p1a: Ceruledge|76/100|[from] Stealth Rock
|turn|31
|
|t:|1760345482
|move|p2a: Iron Treads|Earthquake|p1a: Ceruledge
|-supereffective|p1a: Ceruledge
|-damage|p1a: Ceruledge|0 fnt
|faint|p1a: Ceruledge
|
|-heal|p2a: Iron Treads|46/100|[from] item: Leftovers
|upkeep
|
|t:|1760345484
|switch|p1a: Hatterene|Hatterene, F|78/100
|-damage|p1a: Hatterene|66/100|[from] Stealth Rock
|turn|32
|
|t:|1760345487
|move|p2a: Iron Treads|Earthquake|p1a: Hatterene
|-damage|p1a: Hatterene|31/100
|move|p1a: Hatterene|Psyshock|p2a: Iron Treads
|-resisted|p2a: Iron Treads
|-damage|p2a: Iron Treads|29/100
|
|-heal|p2a: Iron Treads|35/100|[from] item: Leftovers
|upkeep
|turn|33
|
|t:|1760345491
|move|p2a: Iron Treads|Earthquake|p1a: Hatterene
|-crit|p1a: Hatterene
|-damage|p1a: Hatterene|0 fnt
|faint|p1a: Hatterene
|
|win|sihengthegreat
|raw|DarkSkinnedMLK's rating: 1490 &rarr; <strong>1473</strong><br />(-17 for losing)
|raw|sihengthegreat's rating: 1535 &rarr; <strong>1552</strong><br />(+17 for winning)
|l|☆DarkSkinnedMLK
|player|p1|
