|j|☆DIGIWAYNE123
|j|☆arnocalypse
|t:|1760360066
|gametype|singles
|player|p1|DIGIWAYNE123|swimmerf-gen4|1498
|player|p2|arnocalypse|1|1451
|gen|9
|tier|[Gen 9] OU
|rated|
|rule|HP Percentage Mod: HP is shown in percentages
|rule|Endless Battle Clause: Forcing endless battles is banned
|rule|Species Clause: Limit one of each Pokémon
|rule|OHKO Clause: OHKO moves are banned
|rule|Evasion Items Clause: Evasion items are banned
|rule|Evasion Moves Clause: Evasion moves are banned
|rule|Evasion Abilities Clause: Evasion abilities are banned
|rule|Sleep Moves Clause: Sleep-inducing moves are banned
|clearpoke
|poke|p1|Armarouge, F|
|poke|p1|Indeedee, M|
|poke|p1|Great Tusk|
|poke|p1|Hoopa-Unbound|
|poke|p1|Scream Tail|
|poke|p1|Drednaw, M|
|poke|p2|Rampardos, F|
|poke|p2|Ninetales-Alola, F|
|poke|p2|Rillaboom, M|
|poke|p2|Ogerpon-Wellspring, F|
|poke|p2|Hatterene, F|
|poke|p2|Iron Moth|
|teampreview
|
|t:|1760360081
|teamsize|p1|6
|teamsize|p2|6
|start
|switch|p1a: Hoopa|Hoopa-Unbound|100/100
|switch|p2a: Ninetales|Ninetales-Alola, F|100/100
|-weather|Snowscape|[from] ability: Snow Warning|[of] p2a: Ninetales
|turn|1
|inactive|Battle timer is ON: inactive players will automatically lose when time's up. (requested by DIGIWAYNE123)
|
|t:|1760360086
|move|p2a: Ninetales|Aurora Veil|p2a: Ninetales
|-sidestart|p2: arnocalypse|move: Aurora Veil
|move|p1a: Hoopa|Psyshock|p2a: Ninetales
|-damage|p2a: Ninetales|76/100
|
|-weather|Snowscape|[upkeep]
|upkeep
|turn|2
|
|t:|1760360099
|switch|p2a: Rillaboom|Rillaboom, M|100/100
|-fieldstart|move: Grassy Terrain|[from] ability: Grassy Surge|[of] p2a: Rillaboom
|move|p1a: Hoopa|Psyshock|p2a: Rillaboom
|-damage|p2a: Rillaboom|70/100
|
|-weather|Snowscape|[upkeep]
|-heal|p2a: Rillaboom|76/100|[from] Grassy Terrain
|upkeep
|turn|3
|
|t:|1760360105
|switch|p1a: Scream Tail|Scream Tail|100/100
|-enditem|p1a: Scream Tail|Booster Energy
|-activate|p1a: Scream Tail|ability: Protosynthesis|[fromitem]
|-start|p1a: Scream Tail|protosynthesisspe
|move|p2a: Rillaboom|Swords Dance|p2a: Rillaboom
|-boost|p2a: Rillaboom|atk|2
|
|-weather|Snowscape|[upkeep]
|-heal|p2a: Rillaboom|82/100|[from] Grassy Terrain
|upkeep
|turn|4
|
|t:|1760360112
|move|p1a: Scream Tail|Thunder Wave|p2a: Rillaboom
|-status|p2a: Rillaboom|par
|move|p2a: Rillaboom|Wood Hammer|p1a: Scream Tail
|-damage|p1a: Scream Tail|0 fnt
|faint|p1a: Scream Tail
|-end|p1a: Scream Tail|Protosynthesis|[silent]
|-damage|p2a: Rillaboom|40/100 par|[from] Recoil
|
|-weather|Snowscape|[upkeep]
|-heal|p2a: Rillaboom|46/100 par|[from] Grassy Terrain
|upkeep
|
|t:|1760360118
|switch|p1a: Indeedee|Indeedee, M|100/100
|-fieldstart|move: Psychic Terrain|[from] ability: Psychic Surge|[of] p1a: Indeedee
|turn|5
|
|t:|1760360121
|switch|p2a: Hatterene|Hatterene, F|100/100
|move|p1a: Indeedee|Expanding Force|p2a: Hatterene
|-resisted|p2a: Hatterene
|-damage|p2a: Hatterene|83/100
|
|-weather|none
|upkeep
|turn|6
|
|t:|1760360129
|switch|p1a: Hoopa|Hoopa-Unbound|100/100
|move|p2a: Hatterene|Agility|p2a: Hatterene
|-boost|p2a: Hatterene|spe|2
|
|upkeep
|turn|7
|
|t:|1760360135
|-terastallize|p2a: Hatterene|Poison
|move|p2a: Hatterene|Calm Mind|p2a: Hatterene
|-boost|p2a: Hatterene|spa|1
|-boost|p2a: Hatterene|spd|1
|move|p1a: Hoopa|Dark Pulse|p2a: Hatterene
|-damage|p2a: Hatterene|64/100
|
|upkeep
|turn|8
|
|t:|1760360137
|move|p2a: Hatterene|Calm Mind|p2a: Hatterene
|-boost|p2a: Hatterene|spa|1
|-boost|p2a: Hatterene|spd|1
|move|p1a: Hoopa|Psyshock|p2a: Hatterene
|-supereffective|p2a: Hatterene
|-damage|p2a: Hatterene|0 fnt
|faint|p2a: Hatterene
|
|-sideend|p2: arnocalypse|move: Aurora Veil
|upkeep
|-message|arnocalypse forfeited.
|
|win|DIGIWAYNE123
|raw|DIGIWAYNE123's rating: 1498 &rarr; <strong>1515</strong><br />(+17 for winning)
|raw|arnocalypse's rating: 1451 &rarr; <strong>1434</strong><br />(-17 for losing)
|l|☆arnocalypse
|player|p2|
