|badge|p2|bronze|gen9ou|100-7
|uhtml|medal-msg|<div class="broadcast-blue">Curious what those medals under the avatar are? PS now has Ladder Seasons! For more information, check out the <a href="https://www.smogon.com/forums/threads/3740067/">thread on Smogon.</a></div>
|j|☆jemaisjepa
|j|☆Swiscool
|t:|1760366482
|gametype|singles
|player|p1|jemaisjepa|marlon|1880
|player|p2|Swiscool|2|1888
|gen|9
|tier|[Gen 9] OU
|rated|
|rule|HP Percentage Mod: HP is shown in percentages
|rule|Endless Battle Clause: Forcing endless battles is banned
|rule|Species Clause: Limit one of each Pokémon
|rule|OHKO Clause: OHKO moves are banned
|rule|Evasion Items Clause: Evasion items are banned
|rule|Evasion Moves Clause: Evasion moves are banned
|rule|Evasion Abilities Clause: Evasion abilities are banned
|rule|Sleep Moves Clause: Sleep-inducing moves are banned
|clearpoke
|poke|p1|Weezing-Galar, F|
|poke|p1|Alomomola, M|
|poke|p1|Dragonite, F|
|poke|p1|Great Tusk|
|poke|p1|Zamazenta-*|
|poke|p1|Ogerpon-Wellspring, F|
|poke|p2|Samurott-Hisui, F|
|poke|p2|Darkrai|
|poke|p2|Kingambit, M|
|poke|p2|Landorus-Therian, M|
|poke|p2|Pecharunt|
|poke|p2|Enamorus, F|
|teampreview
|inactive|Battle timer is ON: inactive players will automatically lose when time's up. (requested by jemaisjepa)
|j| rerissohot
|inactive|jemaisjepa has 120 seconds left.
|
|t:|1760366526
|teamsize|p1|6
|teamsize|p2|6
|start
|switch|p1a: Ogerpon|Ogerpon-Wellspring, F|100/100
|switch|p2a: Enamorus|Enamorus, F|100/100
|turn|1
|
|t:|1760366531
|switch|p2a: Pecharunt|Pecharunt|100/100
|-terastallize|p1a: Ogerpon|Water
|detailschange|p1a: Ogerpon|Ogerpon-Wellspring-Tera, F, tera:Water
|-ability|p1a: Ogerpon|Embody Aspect (Wellspring)|boost
|-boost|p1a: Ogerpon|spd|1
|move|p1a: Ogerpon|Ivy Cudgel|p2a: Pecharunt|[anim] Ivy Cudgel Water
|-damage|p2a: Pecharunt|65/100
|
|upkeep
|turn|2
|
|t:|1760366540
|move|p1a: Ogerpon|U-turn|p2a: Pecharunt
|-resisted|p2a: Pecharunt
|-damage|p2a: Pecharunt|62/100
|
|t:|1760366543
|switch|p1a: Alomomola|Alomomola, M, shiny|100/100|[from] U-turn
|move|p2a: Pecharunt|Recover|p2a: Pecharunt
|-heal|p2a: Pecharunt|100/100
|
|upkeep
|turn|3
|j| FaronAan
|j| nsdede
|
|t:|1760366547
|move|p2a: Pecharunt|Malignant Chain|p1a: Alomomola
|-damage|p1a: Alomomola|82/100
|-status|p1a: Alomomola|tox
|-start|p1a: Alomomola|confusion|[from] ability: Poison Puppeteer|[of] p2a: Pecharunt
|-activate|p1a: Alomomola|confusion
|move|p1a: Alomomola|Flip Turn|p2a: Pecharunt
|-damage|p2a: Pecharunt|92/100
|
|t:|1760366556
|switch|p1a: Ogerpon|Ogerpon-Wellspring-Tera, F, tera:Water|100/100|[from] Flip Turn
|-ability|p1a: Ogerpon|Embody Aspect (Wellspring)|boost
|-boost|p1a: Ogerpon|spd|1
|
|upkeep
|turn|4
|
|t:|1760366560
|move|p1a: Ogerpon|U-turn|p2a: Pecharunt
|-resisted|p2a: Pecharunt
|-damage|p2a: Pecharunt|89/100
|
|t:|1760366562
|switch|p1a: Alomomola|Alomomola, M, shiny|100/100 tox|[from] U-turn
|move|p2a: Pecharunt|Malignant Chain|p1a: Alomomola
|-damage|p1a: Alomomola|84/100 tox
|
|-damage|p1a: Alomomola|78/100 tox|[from] psn
|upkeep
|turn|5
|
|t:|1760366567
|move|p2a: Pecharunt|Hex|p1a: Alomomola
|-damage|p1a: Alomomola|53/100 tox
|move|p1a: Alomomola|Flip Turn|p2a: Pecharunt
|-damage|p2a: Pecharunt|82/100
|
|t:|1760366573
|switch|p1a: Ogerpon|Ogerpon-Wellspring-Tera, F, tera:Water|100/100|[from] Flip Turn
|-ability|p1a: Ogerpon|Embody Aspect (Wellspring)|boost
|-boost|p1a: Ogerpon|spd|1
|
|upkeep
|turn|6
|
|t:|1760366577
|switch|p1a: Alomomola|Alomomola, M, shiny|87/100 tox
|move|p2a: Pecharunt|Parting Shot|p1a: Alomomola
|-unboost|p1a: Alomomola|atk|1
|-unboost|p1a: Alomomola|spa|1
|
|t:|1760366581
|switch|p2a: Samurott|Samurott-Hisui, F|100/100|[from] Parting Shot
|
|-damage|p1a: Alomomola|81/100 tox|[from] psn
|upkeep
|turn|7
|
|t:|1760366585
|switch|p1a: Weezing|Weezing-Galar, F, shiny|100/100
|-ability|p1a: Weezing|Neutralizing Gas
|move|p2a: Samurott|Ceaseless Edge|p1a: Weezing
|-resisted|p1a: Weezing
|-damage|p1a: Weezing|89/100
|-sidestart|p1: jemaisjepa|Spikes
|
|upkeep
|turn|8
|
|t:|1760366590
|move|p2a: Samurott|Knock Off|p1a: Weezing
|-resisted|p1a: Weezing
|-damage|p1a: Weezing|73/100
|-enditem|p1a: Weezing|Heavy-Duty Boots|[from] move: Knock Off|[of] p2a: Samurott
|move|p1a: Weezing|Will-O-Wisp|p2a: Samurott
|-status|p2a: Samurott|brn
|
|-damage|p2a: Samurott|94/100 brn|[from] brn
|upkeep
|turn|9
|
|t:|1760366605
|switch|p2a: Enamorus|Enamorus, F|100/100
|move|p1a: Weezing|Defog|p2a: Enamorus
|-unboost|p2a: Enamorus|evasion|1
|-sideend|p1: jemaisjepa|Spikes|[from] move: Defog|[of] p1a: Weezing
|
|upkeep
|turn|10
|
|t:|1760366615
|-end|p1a: Weezing|ability: Neutralizing Gas
|switch|p1a: Alomomola|Alomomola, M, shiny|100/100 tox
|move|p2a: Enamorus|Moonblast|p1a: Alomomola
|-damage|p1a: Alomomola|55/100 tox
|-unboost|p1a: Alomomola|spa|1
|
|-damage|p1a: Alomomola|49/100 tox|[from] psn
|upkeep
|turn|11
|
|t:|1760366621
|move|p2a: Enamorus|Moonblast|p1a: Alomomola
|-damage|p1a: Alomomola|8/100 tox
|move|p1a: Alomomola|Mirror Coat|p2a: Enamorus
|-damage|p2a: Enamorus|0 fnt
|faint|p2a: Enamorus
|
|-damage|p1a: Alomomola|0 fnt|[from] psn
|faint|p1a: Alomomola
|upkeep
|
|t:|1760366635
|switch|p2a: Samurott|Samurott-Hisui, F|94/100 brn
|switch|p1a: Great Tusk|Great Tusk|100/100
|-enditem|p1a: Great Tusk|Booster Energy
|-activate|p1a: Great Tusk|ability: Protosynthesis|[fromitem]
|-start|p1a: Great Tusk|protosynthesisatk
|turn|12
|
|t:|1760366641
|move|p1a: Great Tusk|Headlong Rush|p2a: Samurott
|-damage|p2a: Samurott|0 fnt
|-unboost|p1a: Great Tusk|def|1
|-unboost|p1a: Great Tusk|spd|1
|faint|p2a: Samurott
|
|upkeep
|
|t:|1760366647
|switch|p2a: Darkrai|Darkrai|100/100
|turn|13
|
|t:|1760366652
|-end|p1a: Great Tusk|Protosynthesis|[silent]
|switch|p1a: Zamazenta|Zamazenta, shiny|100/100
|-ability|p1a: Zamazenta|Dauntless Shield|boost
|-boost|p1a: Zamazenta|def|1
|move|p2a: Darkrai|Ice Beam|p1a: Zamazenta
|-crit|p1a: Zamazenta
|-damage|p1a: Zamazenta|54/100
|
|upkeep
|turn|14
|
|t:|1760366659
|move|p2a: Darkrai|Ice Beam|p1a: Zamazenta
|-damage|p1a: Zamazenta|23/100
|move|p1a: Zamazenta|Close Combat|p2a: Darkrai
|-supereffective|p2a: Darkrai
|-damage|p2a: Darkrai|0 fnt
|-unboost|p1a: Zamazenta|def|1
|-unboost|p1a: Zamazenta|spd|1
|faint|p2a: Darkrai
|
|upkeep
|
|t:|1760366668
|switch|p2a: Pecharunt|Pecharunt|82/100
|turn|15
|
|t:|1760366673
|switch|p1a: Weezing|Weezing-Galar, F, shiny|73/100
|-ability|p1a: Weezing|Neutralizing Gas
|move|p2a: Pecharunt|Malignant Chain|p1a: Weezing
|-damage|p1a: Weezing|29/100
|
|upkeep
|turn|16
|
|t:|1760366685
|-end|p1a: Weezing|ability: Neutralizing Gas
|switch|p1a: Dragonite|Dragonite, F, shiny|100/100
|move|p2a: Pecharunt|Malignant Chain|p1a: Dragonite
|-damage|p1a: Dragonite|88/100
|-status|p1a: Dragonite|tox
|-start|p1a: Dragonite|confusion|[from] ability: Poison Puppeteer|[of] p2a: Pecharunt
|
|-damage|p1a: Dragonite|81/100 tox|[from] psn
|upkeep
|turn|17
|
|t:|1760366689
|move|p2a: Pecharunt|Hex|p1a: Dragonite
|-damage|p1a: Dragonite|46/100 tox
|-activate|p1a: Dragonite|confusion
|move|p1a: Dragonite|Thunder Wave|p2a: Pecharunt|[miss]
|-miss|p1a: Dragonite|p2a: Pecharunt
|
|-damage|p1a: Dragonite|34/100 tox|[from] psn
|upkeep
|turn|18
|
|t:|1760366694
|move|p2a: Pecharunt|Hex|p1a: Dragonite
|-damage|p1a: Dragonite|0 fnt
|faint|p1a: Dragonite
|
|upkeep
|
|t:|1760366697
|switch|p1a: Great Tusk|Great Tusk|100/100
|turn|19
|
|t:|1760366701
|switch|p2a: Landorus|Landorus-Therian, M|100/100
|-ability|p2a: Landorus|Intimidate|boost
|-unboost|p1a: Great Tusk|atk|1
|move|p1a: Great Tusk|Headlong Rush|p2a: Landorus
|-immune|p2a: Landorus
|
|upkeep
|turn|20
|
|t:|1760366706
|move|p1a: Great Tusk|Ice Spinner|p2a: Landorus
|-supereffective|p2a: Landorus
|-damage|p2a: Landorus|53/100
|-damage|p1a: Great Tusk|84/100|[from] item: Rocky Helmet|[of] p2a: Landorus
|move|p2a: Landorus|Stealth Rock|p1a: Great Tusk
|-sidestart|p1: jemaisjepa|move: Stealth Rock
|
|upkeep
|turn|21
|
|t:|1760366712
|move|p1a: Great Tusk|Ice Spinner|p2a: Landorus
|-supereffective|p2a: Landorus
|-damage|p2a: Landorus|3/100
|-damage|p1a: Great Tusk|68/100|[from] item: Rocky Helmet|[of] p2a: Landorus
|move|p2a: Landorus|Earthquake|p1a: Great Tusk
|-damage|p1a: Great Tusk|35/100
|
|upkeep
|turn|22
|
|t:|1760366718
|switch|p2a: Pecharunt|Pecharunt|82/100
|move|p1a: Great Tusk|Ice Spinner|p2a: Pecharunt
|-damage|p2a: Pecharunt|73/100
|
|upkeep
|turn|23
|j| Swagboss123456789
|
|t:|1760366723
|move|p1a: Great Tusk|Stealth Rock|p2a: Pecharunt
|-sidestart|p2: Swiscool|move: Stealth Rock
|move|p2a: Pecharunt|Recover|p2a: Pecharunt
|-heal|p2a: Pecharunt|100/100
|
|upkeep
|turn|24
|
|t:|1760366729
|move|p1a: Great Tusk|Headlong Rush|p2a: Pecharunt
|-supereffective|p2a: Pecharunt
|-damage|p2a: Pecharunt|59/100
|-unboost|p1a: Great Tusk|def|1
|-unboost|p1a: Great Tusk|spd|1
|move|p2a: Pecharunt|Hex|p1a: Great Tusk
|-damage|p1a: Great Tusk|0 fnt
|faint|p1a: Great Tusk
|-end|p1a: Great Tusk|Protosynthesis|[silent]
|
|upkeep
|
|t:|1760366737
|switch|p1a: Ogerpon|Ogerpon-Wellspring-Tera, F, tera:Water|100/100
|-damage|p1a: Ogerpon|88/100|[from] Stealth Rock
|-ability|p1a: Ogerpon|Embody Aspect (Wellspring)|boost
|-boost|p1a: Ogerpon|spd|1
|turn|25
|
|t:|1760366743
|switch|p2a: Landorus|Landorus-Therian, M|3/100
|-damage|p2a: Landorus|0 fnt|[from] Stealth Rock
|faint|p2a: Landorus
|move|p1a: Ogerpon|Encore|p2: Landorus|[notarget]
|-fail|p1a: Ogerpon
|
|upkeep
|
|t:|1760366745
|switch|p2a: Kingambit|Kingambit, M|100/100
|-damage|p2a: Kingambit|94/100|[from] Stealth Rock
|-activate|p2a: Kingambit|ability: Supreme Overlord
|-start|p2a: Kingambit|fallen4|[silent]
|-item|p2a: Kingambit|Air Balloon
|turn|26
|
|t:|1760366750
|move|p1a: Ogerpon|Ivy Cudgel|p2a: Kingambit|[anim] Ivy Cudgel Water
|-damage|p2a: Kingambit|34/100
|-enditem|p2a: Kingambit|Air Balloon
|move|p2a: Kingambit|Kowtow Cleave|p1a: Ogerpon
|-damage|p1a: Ogerpon|0 fnt
|faint|p1a: Ogerpon
|detailschange|p1: Ogerpon|Ogerpon-Wellspring, F|[silent]
|
|upkeep
|
|t:|1760366756
|switch|p1a: Weezing|Weezing-Galar, F, shiny|29/100
|-ability|p1a: Weezing|Neutralizing Gas
|-damage|p1a: Weezing|17/100|[from] Stealth Rock
|turn|27
|
|t:|1760366761
|move|p2a: Kingambit|Iron Head|p1a: Weezing
|-supereffective|p1a: Weezing
|-damage|p1a: Weezing|0 fnt
|faint|p1a: Weezing
|-end|p1a: Weezing|ability: Neutralizing Gas
|-activate|p2a: Kingambit|ability: Supreme Overlord
|-start|p2a: Kingambit|fallen4|[silent]
|
|upkeep
|
|t:|1760366763
|switch|p1a: Zamazenta|Zamazenta, shiny|23/100
|-damage|p1a: Zamazenta|17/100|[from] Stealth Rock
|turn|28
|
|t:|1760366766
|-terastallize|p2a: Kingambit|Ghost
|move|p1a: Zamazenta|Close Combat|p2a: Kingambit
|-immune|p2a: Kingambit
|move|p2a: Kingambit|Iron Head|p1a: Zamazenta
|-damage|p1a: Zamazenta|0 fnt
|faint|p1a: Zamazenta
|
|win|Swiscool
|raw|jemaisjepa's rating: 1863 &rarr; <strong>1844</strong><br />(-19 for losing)
|raw|Swiscool's rating: 1888 &rarr; <strong>1907</strong><br />(+19 for winning)
|l| rerissohot
|l| FaronAan
|l|☆jemaisjepa
|player|p1|
|l| nsdede
|l| Swagboss123456789
