|j|☆Tyr585
|j|☆birdra
|t:|1760448578
|gametype|singles
|player|p1|Tyr585|waiter-gen4dp|1394
|player|p2|birdra|dawn|1333
|gen|9
|tier|[Gen 9] OU
|rated|
|rule|HP Percentage Mod: HP is shown in percentages
|rule|Endless Battle Clause: Forcing endless battles is banned
|rule|Species Clause: Limit one of each Pokémon
|rule|OHKO Clause: OHKO moves are banned
|rule|Evasion Items Clause: Evasion items are banned
|rule|Evasion Moves Clause: Evasion moves are banned
|rule|Evasion Abilities Clause: Evasion abilities are banned
|rule|Sleep Moves Clause: Sleep-inducing moves are banned
|clearpoke
|poke|p1|Samurott-Hisui, F|
|poke|p1|Darkrai|
|poke|p1|Gholdengo|
|poke|p1|Great Tusk|
|poke|p1|Ogerpon-Wellspring, F|
|poke|p1|Kingambit, M|
|poke|p2|Meloetta|
|poke|p2|Weezing-Galar, F|
|poke|p2|Magnezone|
|poke|p2|Rillaboom, F|
|poke|p2|Cobalion|
|poke|p2|Kyurem|
|teampreview
|
|t:|1760448599
|teamsize|p1|6
|teamsize|p2|6
|start
|switch|p1a: Ogerpon|Ogerpon-Wellspring, F|100/100
|switch|p2a: Meloetta|Meloetta|100/100
|turn|1
|
|t:|1760448606
|move|p1a: Ogerpon|U-turn|p2a: Meloetta
|-supereffective|p2a: Meloetta
|-damage|p2a: Meloetta|36/100
|
|t:|1760448615
|switch|p1a: Samurott|Samurott-Hisui, F|100/100|[from] U-turn
|move|p2a: Meloetta|Relic Song|p1a: Samurott
|-damage|p1a: Samurott|43/100
|-status|p1a: Samurott|slp|[from] move: Relic Song
|-formechange|p2a: Meloetta|Meloetta-Pirouette|[msg]
|-damage|p2a: Meloetta|26/100|[from] item: Life Orb
|
|upkeep
|turn|2
|
|t:|1760448625
|cant|p1a: Samurott|slp
|move|p2a: Meloetta|Close Combat|p1a: Samurott
|-supereffective|p1a: Samurott
|-damage|p1a: Samurott|0 fnt
|-unboost|p2a: Meloetta|def|1
|-unboost|p2a: Meloetta|spd|1
|faint|p1a: Samurott
|-damage|p2a: Meloetta|16/100|[from] item: Life Orb
|
|upkeep
|
|t:|1760448646
|switch|p1a: Gholdengo|Gholdengo|100/100
|-item|p1a: Gholdengo|Air Balloon
|turn|3
|
|t:|1760448651
|move|p2a: Meloetta|Knock Off|p1a: Gholdengo
|-supereffective|p1a: Gholdengo
|-damage|p1a: Gholdengo|21/100
|-enditem|p1a: Gholdengo|Air Balloon
|-damage|p2a: Meloetta|6/100|[from] item: Life Orb
|move|p1a: Gholdengo|Make It Rain|p2a: Meloetta
|-damage|p2a: Meloetta|0 fnt
|-unboost|p1a: Gholdengo|spa|1
|faint|p2a: Meloetta
|
|upkeep
|
|t:|1760448658
|switch|p2a: Magnezone|Magnezone|100/100
|turn|4
|
|t:|1760448668
|move|p2a: Magnezone|Flash Cannon|p1a: Gholdengo
|-resisted|p1a: Gholdengo
|-damage|p1a: Gholdengo|0 fnt
|faint|p1a: Gholdengo
|
|upkeep
|
|t:|1760448688
|switch|p1a: Great Tusk|Great Tusk|100/100
|turn|5
|
|t:|1760448693
|switch|p2a: Rillaboom|Rillaboom, F|100/100
|-fieldstart|move: Grassy Terrain|[from] ability: Grassy Surge|[of] p2a: Rillaboom
|move|p1a: Great Tusk|Knock Off|p2a: Rillaboom
|-damage|p2a: Rillaboom|70/100
|-enditem|p2a: Rillaboom|Terrain Extender|[from] move: Knock Off|[of] p1a: Great Tusk
|
|-heal|p2a: Rillaboom|76/100|[from] Grassy Terrain
|upkeep
|turn|6
|
|t:|1760448706
|move|p1a: Great Tusk|Ice Spinner|p2a: Rillaboom
|-supereffective|p2a: Rillaboom
|-damage|p2a: Rillaboom|28/100
|-fieldend|move: Grassy Terrain
|move|p2a: Rillaboom|U-turn|p1a: Great Tusk
|-resisted|p1a: Great Tusk
|-damage|p1a: Great Tusk|93/100
|
|t:|1760448713
|switch|p2a: Kyurem|Kyurem|100/100|[from] U-turn
|-ability|p2a: Kyurem|Pressure
|
|upkeep
|turn|7
|
|t:|1760448722
|-terastallize|p1a: Great Tusk|Steel
|move|p2a: Kyurem|Substitute|p2a: Kyurem
|-start|p2a: Kyurem|Substitute
|-damage|p2a: Kyurem|75/100
|move|p1a: Great Tusk|Rapid Spin|p2a: Kyurem
|-activate|p2a: Kyurem|move: Substitute|[damage]
|-boost|p1a: Great Tusk|spe|1
|
|-heal|p2a: Kyurem|82/100|[from] item: Leftovers
|upkeep
|turn|8
|
|t:|1760448733
|move|p1a: Great Tusk|Ice Spinner|p2a: Kyurem
|-end|p2a: Kyurem|Substitute
|move|p2a: Kyurem|Earth Power|p1a: Great Tusk
|-supereffective|p1a: Great Tusk
|-damage|p1a: Great Tusk|0 fnt
|faint|p1a: Great Tusk
|-end|p1a: Great Tusk|Protosynthesis|[silent]
|
|-heal|p2a: Kyurem|88/100|[from] item: Leftovers
|upkeep
|
|t:|1760448744
|switch|p1a: Kingambit|Kingambit, M|100/100
|-activate|p1a: Kingambit|ability: Supreme Overlord
|-start|p1a: Kingambit|fallen3|[silent]
|turn|9
|
|t:|1760448749
|move|p2a: Kyurem|Substitute|p2a: Kyurem
|-start|p2a: Kyurem|Substitute
|-damage|p2a: Kyurem|63/100
|move|p1a: Kingambit|Iron Head|p2a: Kyurem
|-supereffective|p2a: Kyurem
|-end|p2a: Kyurem|Substitute
|
|-heal|p2a: Kyurem|69/100|[from] item: Leftovers
|upkeep
|turn|10
|
|t:|1760448758
|move|p2a: Kyurem|Protect|p2a: Kyurem
|-singleturn|p2a: Kyurem|Protect
|move|p1a: Kingambit|Iron Head|p2a: Kyurem
|-activate|p2a: Kyurem|move: Protect
|
|-heal|p2a: Kyurem|75/100|[from] item: Leftovers
|upkeep
|turn|11
|
|t:|1760448768
|switch|p2a: Magnezone|Magnezone|100/100
|move|p1a: Kingambit|Iron Head|p2a: Magnezone
|-resisted|p2a: Magnezone
|-damage|p2a: Magnezone|83/100
|
|upkeep
|turn|12
|
|t:|1760448775
|switch|p2a: Cobalion|Cobalion|100/100
|move|p1a: Kingambit|Swords Dance|p1a: Kingambit
|-boost|p1a: Kingambit|atk|2
|
|upkeep
|turn|13
|
|t:|1760448786
|move|p1a: Kingambit|Sucker Punch||[still]
|-fail|p1a: Kingambit
|move|p2a: Cobalion|Stealth Rock|p1a: Kingambit
|-sidestart|p1: Tyr585|move: Stealth Rock
|
|upkeep
|turn|14
|
|t:|1760448795
|move|p2a: Cobalion|Body Press|p1a: Kingambit
|-supereffective|p1a: Kingambit
|-damage|p1a: Kingambit|0 fnt
|faint|p1a: Kingambit
|-end|p1a: Kingambit|fallen3|[silent]
|
|upkeep
|
|t:|1760448800
|switch|p1a: Ogerpon|Ogerpon-Wellspring, F|100/100
|-damage|p1a: Ogerpon|88/100|[from] Stealth Rock
|turn|15
|
|t:|1760448805
|move|p1a: Ogerpon|Ivy Cudgel|p2a: Cobalion|[anim] Ivy Cudgel Water
|-damage|p2a: Cobalion|58/100
|move|p2a: Cobalion|Body Press|p1a: Ogerpon
|-damage|p1a: Ogerpon|31/100
|
|upkeep
|turn|16
|
|t:|1760448815
|move|p1a: Ogerpon|Horn Leech|p2a: Cobalion
|-resisted|p2a: Cobalion
|-damage|p2a: Cobalion|43/100
|-heal|p1a: Ogerpon|39/100|[from] drain|[of] p2a: Cobalion
|-damage|p1a: Ogerpon|22/100|[from] item: Rocky Helmet|[of] p2a: Cobalion
|move|p2a: Cobalion|Body Press|p1a: Ogerpon
|-crit|p1a: Ogerpon
|-damage|p1a: Ogerpon|0 fnt
|faint|p1a: Ogerpon
|
|upkeep
|
|t:|1760448826
|switch|p1a: Darkrai|Darkrai|100/100
|-damage|p1a: Darkrai|88/100|[from] Stealth Rock
|turn|17
|
|t:|1760448832
|switch|p2a: Weezing|Weezing-Galar, F|100/100
|-fieldstart|move: Misty Terrain|[from] ability: Misty Surge|[of] p2a: Weezing
|move|p1a: Darkrai|Nasty Plot|p1a: Darkrai
|-boost|p1a: Darkrai|spa|2
|
|upkeep
|turn|18
|
|t:|1760448847
|move|p1a: Darkrai|Sludge Bomb|p2a: Weezing
|-damage|p2a: Weezing|38/100
|move|p2a: Weezing|Play Rough|p1a: Darkrai
|-supereffective|p1a: Darkrai
|-damage|p1a: Darkrai|15/100
|-unboost|p1a: Darkrai|atk|1
|
|upkeep
|turn|19
|
|t:|1760448857
|move|p1a: Darkrai|Ice Beam|p2a: Weezing
|-damage|p2a: Weezing|0 fnt
|faint|p2a: Weezing
|
|upkeep
|
|t:|1760448859
|switch|p2a: Rillaboom|Rillaboom, F|28/100
|-fieldstart|move: Grassy Terrain|[from] ability: Grassy Surge|[of] p2a: Rillaboom
|turn|20
|
|t:|1760448865
|move|p2a: Rillaboom|Grassy Glide|p1a: Darkrai
|-damage|p1a: Darkrai|0 fnt
|faint|p1a: Darkrai
|
|win|birdra
|raw|Tyr585's rating: 1394 &rarr; <strong>1371</strong><br />(-23 for losing)
|raw|birdra's rating: 1333 &rarr; <strong>1356</strong><br />(+23 for winning)
|l|☆Tyr585
|player|p1|
|l|☆birdra
|player|p2|
