|j|☆dr. drake6782
|j|☆DontMissMantine
|t:|1760395678
|gametype|singles
|player|p1|dr. drake6782|hilbert-masters|1815
|player|p2|DontMissMantine|lucas|1806
|gen|9
|tier|[Gen 9] OU
|rated|
|rule|HP Percentage Mod: HP is shown in percentages
|rule|Endless Battle Clause: Forcing endless battles is banned
|rule|Species Clause: Limit one of each Pokémon
|rule|OHKO Clause: OHKO moves are banned
|rule|Evasion Items Clause: Evasion items are banned
|rule|Evasion Moves Clause: Evasion moves are banned
|rule|Evasion Abilities Clause: Evasion abilities are banned
|rule|Sleep Moves Clause: Sleep-inducing moves are banned
|clearpoke
|poke|p1|Pelipper, F|
|poke|p1|Tornadus-Therian, M|
|poke|p1|Iron Treads|
|poke|p1|Decidueye-Hisui, F|
|poke|p1|Barraskewda, M|
|poke|p1|Raging Bolt|
|poke|p2|Pelipper, M|
|poke|p2|Beartic, M|
|poke|p2|Barraskewda, F|
|poke|p2|Ogerpon-Wellspring, F|
|poke|p2|Zapdos|
|poke|p2|Hatterene, F|
|teampreview
|inactive|Battle timer is ON: inactive players will automatically lose when time's up. (requested by dr. drake6782)
|inactive|dr. drake6782 has 120 seconds left.
|
|t:|1760395714
|teamsize|p1|6
|teamsize|p2|6
|start
|switch|p1a: Barraskewda|Barraskewda, M, shiny|100/100
|switch|p2a: Pelipper|Pelipper, M|100/100
|-weather|RainDance|[from] ability: Drizzle|[of] p2a: Pelipper
|turn|1
|
|t:|1760395721
|move|p1a: Barraskewda|Flip Turn|p2a: Pelipper
|-resisted|p2a: Pelipper
|-damage|p2a: Pelipper|75/100
|-damage|p1a: Barraskewda|91/100|[from] item: Life Orb
|j| 54 Insane Rats
|
|t:|1760395728
|switch|p1a: Raging Bolt|Raging Bolt|100/100|[from] Flip Turn
|-enditem|p1a: Raging Bolt|Booster Energy
|-activate|p1a: Raging Bolt|ability: Protosynthesis|[fromitem]
|-start|p1a: Raging Bolt|protosynthesisspa
|move|p2a: Pelipper|U-turn|p1a: Raging Bolt
|-damage|p1a: Raging Bolt|92/100
|
|t:|1760395736
|switch|p2a: Beartic|Beartic, M|100/100|[from] U-turn
|
|-weather|RainDance|[upkeep]
|upkeep
|turn|2
|
|t:|1760395756
|move|p2a: Beartic|Icicle Spear|p1a: Raging Bolt
|-supereffective|p1a: Raging Bolt
|-damage|p1a: Raging Bolt|64/100
|-supereffective|p1a: Raging Bolt
|-damage|p1a: Raging Bolt|36/100
|-supereffective|p1a: Raging Bolt
|-damage|p1a: Raging Bolt|10/100
|-supereffective|p1a: Raging Bolt
|-damage|p1a: Raging Bolt|0 fnt
|faint|p1a: Raging Bolt
|-end|p1a: Raging Bolt|Protosynthesis|[silent]
|-hitcount|p1: Raging Bolt|4
|
|-weather|RainDance|[upkeep]
|upkeep
|inactive|dr. drake6782 has 120 seconds left.
|j| OU Giygas
|inactive|dr. drake6782 has 90 seconds left.
|
|t:|1760395803
|switch|p1a: Barraskewda|Barraskewda, M, shiny|91/100
|turn|3
|
|t:|1760395812
|switch|p2a: Hatterene|Hatterene, F|100/100
|move|p1a: Barraskewda|Close Combat|p2a: Hatterene
|-resisted|p2a: Hatterene
|-damage|p2a: Hatterene|88/100
|-unboost|p1a: Barraskewda|def|1
|-unboost|p1a: Barraskewda|spd|1
|-enditem|p2a: Hatterene|Eject Button
|-damage|p1a: Barraskewda|81/100|[from] item: Life Orb
|
|t:|1760395827
|switch|p2a: Ogerpon|Ogerpon-Wellspring, F|100/100
|
|-weather|RainDance|[upkeep]
|upkeep
|turn|4
|
|t:|1760395847
|switch|p1a: Decidueye|Decidueye-Hisui, F, shiny|100/100
|move|p2a: Ogerpon|Ivy Cudgel|p1a: Decidueye|[anim] Ivy Cudgel Water
|-resisted|p1a: Decidueye
|-damage|p1a: Decidueye|64/100
|
|-weather|RainDance|[upkeep]
|upkeep
|turn|5
|
|t:|1760395857
|switch|p2a: Zapdos|Zapdos|100/100
|move|p1a: Decidueye|U-turn|p2a: Zapdos
|-resisted|p2a: Zapdos
|-damage|p2a: Zapdos|89/100
|inactive|dr. drake6782 has 90 seconds left.
|
|t:|1760395900
|switch|p1a: Barraskewda|Barraskewda, M, shiny|81/100|[from] U-turn
|
|-weather|RainDance|[upkeep]
|upkeep
|turn|6
|
|t:|1760395911
|-terastallize|p1a: Barraskewda|Water
|move|p1a: Barraskewda|Liquidation|p2a: Zapdos
|-damage|p2a: Zapdos|0 fnt
|faint|p2a: Zapdos
|-damage|p1a: Barraskewda|71/100|[from] item: Life Orb
|
|-weather|RainDance|[upkeep]
|upkeep
|
|t:|1760395924
|switch|p2a: Ogerpon|Ogerpon-Wellspring, F|100/100
|turn|7
|
|t:|1760395930
|switch|p1a: Decidueye|Decidueye-Hisui, F, shiny|64/100
|move|p2a: Ogerpon|Ivy Cudgel|p1a: Decidueye|[anim] Ivy Cudgel Water
|-resisted|p1a: Decidueye
|-damage|p1a: Decidueye|31/100
|
|-weather|RainDance|[upkeep]
|upkeep
|turn|8
|inactive|dr. drake6782 has 90 seconds left.
|j| frutillaroja
|
|t:|1760395938
|move|p2a: Ogerpon|Ivy Cudgel|p1a: Decidueye|[anim] Ivy Cudgel Water
|-resisted|p1a: Decidueye
|-damage|p1a: Decidueye|0 fnt
|faint|p1a: Decidueye
|
|-weather|none
|upkeep
|
|t:|1760395940
|switch|p1a: Tornadus|Tornadus-Therian, M|100/100
|turn|9
|
|t:|1760395948
|switch|p2a: Pelipper|Pelipper, M|75/100
|-weather|RainDance|[from] ability: Drizzle|[of] p2a: Pelipper
|move|p1a: Tornadus|Hurricane|p2a: Pelipper
|-damage|p2a: Pelipper|0 fnt
|faint|p2a: Pelipper
|
|-weather|RainDance|[upkeep]
|upkeep
|
|t:|1760395959
|switch|p2a: Beartic|Beartic, M|100/100
|turn|10
|
|t:|1760395964
|switch|p1a: Iron Treads|Iron Treads|100/100
|move|p2a: Beartic|Icicle Spear|p1a: Iron Treads
|-damage|p1a: Iron Treads|89/100
|-damage|p1a: Iron Treads|78/100
|-damage|p1a: Iron Treads|67/100
|-damage|p1a: Iron Treads|55/100
|-hitcount|p1a: Iron Treads|4
|
|-weather|RainDance|[upkeep]
|-heal|p1a: Iron Treads|61/100|[from] item: Leftovers
|upkeep
|turn|11
|
|t:|1760395976
|move|p2a: Beartic|Earthquake|p1a: Iron Treads
|-supereffective|p1a: Iron Treads
|-damage|p1a: Iron Treads|0 fnt
|faint|p1a: Iron Treads
|-end|p1a: Iron Treads|Quark Drive|[silent]
|
|-weather|RainDance|[upkeep]
|upkeep
|
|t:|1760395979
|switch|p1a: Barraskewda|Barraskewda, M, shiny, tera:Water|71/100
|turn|12
|
|t:|1760395986
|switch|p2a: Hatterene|Hatterene, F|88/100
|move|p1a: Barraskewda|Close Combat|p2a: Hatterene
|-resisted|p2a: Hatterene
|-damage|p2a: Hatterene|76/100
|-unboost|p1a: Barraskewda|def|1
|-unboost|p1a: Barraskewda|spd|1
|-damage|p1a: Barraskewda|61/100|[from] item: Life Orb
|
|-weather|RainDance|[upkeep]
|upkeep
|turn|13
|
|t:|1760395997
|switch|p2a: Ogerpon|Ogerpon-Wellspring, F|100/100
|move|p1a: Barraskewda|Liquidation|p2a: Ogerpon
|-immune|p2a: Ogerpon|[from] ability: Water Absorb
|
|-weather|RainDance|[upkeep]
|upkeep
|turn|14
|
|t:|1760396005
|switch|p1a: Pelipper|Pelipper, F|100/100
|move|p2a: Ogerpon|Ivy Cudgel|p1a: Pelipper|[anim] Ivy Cudgel Water
|-resisted|p1a: Pelipper
|-damage|p1a: Pelipper|64/100
|
|-weather|RainDance|[upkeep]
|upkeep
|turn|15
|j| Corckscrew❤️
|
|t:|1760396021
|switch|p2a: Beartic|Beartic, M|100/100
|move|p1a: Pelipper|Hurricane|p2a: Beartic
|-damage|p2a: Beartic|57/100
|-start|p2a: Beartic|confusion
|
|-weather|RainDance|[upkeep]
|upkeep
|turn|16
|
|t:|1760396037
|-terastallize|p2a: Beartic|Electric
|-activate|p2a: Beartic|confusion
|-damage|p2a: Beartic|38/100|[from] confusion
|move|p1a: Pelipper|Hurricane|p2a: Beartic
|-resisted|p2a: Beartic
|-damage|p2a: Beartic|14/100
|
|-weather|none
|upkeep
|turn|17
|
|t:|1760396046
|-activate|p2a: Beartic|confusion
|move|p2a: Beartic|Tera Blast|p1a: Pelipper|[anim] Tera Blast Electric
|-supereffective|p1a: Pelipper
|-damage|p1a: Pelipper|0 fnt
|faint|p1a: Pelipper
|
|upkeep
|
|t:|1760396049
|switch|p1a: Barraskewda|Barraskewda, M, shiny, tera:Water|61/100
|turn|18
|
|t:|1760396063
|move|p1a: Barraskewda|Liquidation|p2a: Beartic
|-crit|p2a: Beartic
|-damage|p2a: Beartic|0 fnt
|faint|p2a: Beartic
|-damage|p1a: Barraskewda|51/100|[from] item: Life Orb
|
|upkeep
|
|t:|1760396080
|switch|p2a: Ogerpon|Ogerpon-Wellspring, F|100/100
|turn|19
|
|t:|1760396098
|switch|p2a: Hatterene|Hatterene, F|76/100
|move|p1a: Barraskewda|Close Combat|p2a: Hatterene
|-resisted|p2a: Hatterene
|-damage|p2a: Hatterene|64/100
|-unboost|p1a: Barraskewda|def|1
|-unboost|p1a: Barraskewda|spd|1
|-damage|p1a: Barraskewda|41/100|[from] item: Life Orb
|
|upkeep
|turn|20
|
|t:|1760396108
|move|p1a: Barraskewda|Liquidation|p2a: Hatterene
|-damage|p2a: Hatterene|0 fnt
|faint|p2a: Hatterene
|-damage|p1a: Barraskewda|31/100|[from] item: Life Orb
|
|upkeep
|
|t:|1760396115
|switch|p2a: Barraskewda|Barraskewda, F|100/100
|turn|21
|
|t:|1760396119
|move|p2a: Barraskewda|Aqua Jet|p1a: Barraskewda
|-resisted|p1a: Barraskewda
|-damage|p1a: Barraskewda|0 fnt
|faint|p1a: Barraskewda
|
|upkeep
|
|t:|1760396121
|switch|p1a: Tornadus|Tornadus-Therian, M|100/100
|turn|22
|
|t:|1760396130
|move|p1a: Tornadus|Hurricane|p2a: Barraskewda
|-damage|p2a: Barraskewda|0 fnt
|faint|p2a: Barraskewda
|
|upkeep
|
|t:|1760396135
|switch|p2a: Ogerpon|Ogerpon-Wellspring, F|100/100
|turn|23
|
|t:|1760396138
|move|p1a: Tornadus|Hurricane|p2a: Ogerpon
|-supereffective|p2a: Ogerpon
|-crit|p2a: Ogerpon
|-damage|p2a: Ogerpon|0 fnt
|faint|p2a: Ogerpon
|
|win|dr. drake6782
|raw|dr. drake6782's rating: 1815 &rarr; <strong>1834</strong><br />(+19 for winning)
|raw|DontMissMantine's rating: 1806 &rarr; <strong>1787</strong><br />(-19 for losing)
|c|☆dr. drake6782|gg
|l|☆DontMissMantine
|player|p2|
|l| 54 Insane Rats
|l|☆dr. drake6782
|player|p1|
|l| Corckscrew❤️
|l| OU Giygas
