|j|☆v1rtuegam1ng
|j|☆LionX_Pro
|t:|1760348964
|gametype|singles
|player|p1|v1rtuegam1ng|1|1243
|player|p2|LionX_Pro|steven|1232
|gen|9
|tier|[Gen 9] OU
|rated|
|rule|HP Percentage Mod: HP is shown in percentages
|rule|Endless Battle Clause: Forcing endless battles is banned
|rule|Species Clause: Limit one of each Pokémon
|rule|OHKO Clause: OHKO moves are banned
|rule|Evasion Items Clause: Evasion items are banned
|rule|Evasion Moves Clause: Evasion moves are banned
|rule|Evasion Abilities Clause: Evasion abilities are banned
|rule|Sleep Moves Clause: Sleep-inducing moves are banned
|clearpoke
|poke|p1|Landorus-Therian, M|
|poke|p1|Salamence, M|
|poke|p1|Arcanine-Hisui, M|
|poke|p1|Krookodile, F|
|poke|p1|Masquerain, F|
|poke|p1|Scrafty, M|
|poke|p2|Shiftry, M|
|poke|p2|Glimmora, F|
|poke|p2|Incineroar, F|
|poke|p2|Gliscor, M|
|poke|p2|Great Tusk|
|poke|p2|Garganacl, F|
|teampreview
|inactive|Battle timer is ON: inactive players will automatically lose when time's up. (requested by LionX_Pro)
|
|t:|1760348973
|teamsize|p1|6
|teamsize|p2|6
|start
|switch|p1a: Scrafty|Scrafty, M|100/100
|switch|p2a: Shiftry|Shiftry, M|100/100
|-ability|p1a: Scrafty|Intimidate|boost
|-unboost|p2a: Shiftry|atk|1
|turn|1
|
|t:|1760348978
|move|p2a: Shiftry|Tailwind|p2a: Shiftry
|-sidestart|p2: LionX_Pro|move: Tailwind
|-ability|p2a: Shiftry|Wind Rider|boost
|-boost|p2a: Shiftry|atk|1
|move|p1a: Scrafty|Dragon Dance|p1a: Scrafty
|-boost|p1a: Scrafty|atk|1
|-boost|p1a: Scrafty|spe|1
|
|upkeep
|turn|2
|
|t:|1760348988
|move|p2a: Shiftry|Knock Off|p1a: Scrafty
|-resisted|p1a: Scrafty
|-damage|p1a: Scrafty|88/100
|-enditem|p1a: Scrafty|Leftovers|[from] move: Knock Off|[of] p2a: Shiftry
|move|p1a: Scrafty|Dragon Dance|p1a: Scrafty
|-boost|p1a: Scrafty|atk|1
|-boost|p1a: Scrafty|spe|1
|
|upkeep
|turn|3
|
|t:|1760349006
|switch|p2a: Gliscor|Gliscor, M|100/100
|move|p1a: Scrafty|Dragon Dance|p1a: Scrafty
|-boost|p1a: Scrafty|atk|1
|-boost|p1a: Scrafty|spe|1
|
|-status|p2a: Gliscor|tox|[from] item: Toxic Orb
|upkeep
|turn|4
|
|t:|1760349015
|move|p1a: Scrafty|Ice Punch|p2a: Gliscor
|-supereffective|p2a: Gliscor
|-damage|p2a: Gliscor|0 fnt
|faint|p2a: Gliscor
|
|-sideend|p2: LionX_Pro|move: Tailwind
|upkeep
|
|t:|1760349018
|switch|p2a: Shiftry|Shiftry, M|100/100
|turn|5
|
|t:|1760349022
|move|p1a: Scrafty|Poison Jab|p2a: Shiftry
|-supereffective|p2a: Shiftry
|-enditem|p2a: Shiftry|Focus Sash
|-damage|p2a: Shiftry|1/100
|move|p2a: Shiftry|Tailwind|p2a: Shiftry
|-sidestart|p2: LionX_Pro|move: Tailwind
|-ability|p2a: Shiftry|Wind Rider|boost
|-boost|p2a: Shiftry|atk|1
|
|upkeep
|turn|6
|
|t:|1760349028
|move|p1a: Scrafty|Dragon Dance|p1a: Scrafty
|-boost|p1a: Scrafty|atk|1
|-boost|p1a: Scrafty|spe|1
|move|p2a: Shiftry|Endeavor|p1a: Scrafty
|-damage|p1a: Scrafty|1/100
|
|upkeep
|turn|7
|
|t:|1760349033
|move|p1a: Scrafty|Knock Off|p2a: Shiftry
|-resisted|p2a: Shiftry
|-damage|p2a: Shiftry|0 fnt
|faint|p2a: Shiftry
|
|upkeep
|
|t:|1760349037
|switch|p2a: Incineroar|Incineroar, F|100/100
|-ability|p2a: Incineroar|Intimidate|boost
|-unboost|p1a: Scrafty|atk|1
|turn|8
|
|t:|1760349047
|move|p2a: Incineroar|Fake Out|p1a: Scrafty
|-damage|p1a: Scrafty|0 fnt
|faint|p1a: Scrafty
|
|-sideend|p2: LionX_Pro|move: Tailwind
|upkeep
|
|t:|1760349053
|switch|p1a: Masquerain|Masquerain, F|100/100
|-ability|p1a: Masquerain|Intimidate|boost
|-unboost|p2a: Incineroar|atk|1
|turn|9
|
|t:|1760349066
|move|p1a: Masquerain|Quiver Dance|p1a: Masquerain
|-boost|p1a: Masquerain|spa|1
|-boost|p1a: Masquerain|spd|1
|-boost|p1a: Masquerain|spe|1
|move|p2a: Incineroar|Parting Shot|p1a: Masquerain
|-unboost|p1a: Masquerain|atk|1
|-unboost|p1a: Masquerain|spa|1
|
|t:|1760349070
|switch|p2a: Glimmora|Glimmora, F|100/100|[from] Parting Shot
|
|upkeep
|turn|10
|
|t:|1760349075
|move|p1a: Masquerain|Surf|p2a: Glimmora
|-supereffective|p2a: Glimmora
|-damage|p2a: Glimmora|20/100
|move|p2a: Glimmora|Meteor Beam||[still]
|-prepare|p2a: Glimmora|Meteor Beam
|-boost|p2a: Glimmora|spa|1
|-enditem|p2a: Glimmora|Power Herb
|-anim|p2a: Glimmora|Meteor Beam|p1a: Masquerain|[miss]
|-miss|p2a: Glimmora|p1a: Masquerain
|
|upkeep
|turn|11
|
|t:|1760349084
|move|p1a: Masquerain|Surf|p2a: Glimmora
|-supereffective|p2a: Glimmora
|-damage|p2a: Glimmora|0 fnt
|faint|p2a: Glimmora
|
|upkeep
|
|t:|1760349087
|switch|p2a: Garganacl|Garganacl, F|100/100
|turn|12
|
|t:|1760349097
|switch|p1a: Arcanine|Arcanine-Hisui, M|100/100
|-ability|p1a: Arcanine|Intimidate|boost
|-unboost|p2a: Garganacl|atk|1
|-terastallize|p2a: Garganacl|Water
|move|p2a: Garganacl|Salt Cure|p1a: Arcanine
|-supereffective|p1a: Arcanine
|-damage|p1a: Arcanine|77/100
|-start|p1a: Arcanine|Salt Cure
|
|-damage|p1a: Arcanine|65/100|[from] Salt Cure
|upkeep
|turn|13
|
|t:|1760349102
|move|p1a: Arcanine|Stealth Rock|p2a: Garganacl
|-sidestart|p2: LionX_Pro|move: Stealth Rock
|move|p2a: Garganacl|Iron Defense|p2a: Garganacl
|-boost|p2a: Garganacl|def|2
|
|-damage|p1a: Arcanine|52/100|[from] Salt Cure
|upkeep
|turn|14
|
|t:|1760349109
|move|p1a: Arcanine|Flare Blitz|p2a: Garganacl
|-resisted|p2a: Garganacl
|-damage|p2a: Garganacl|88/100
|-damage|p1a: Arcanine|47/100|[from] Recoil
|-damage|p1a: Arcanine|37/100|[from] item: Life Orb
|move|p2a: Garganacl|Iron Defense|p2a: Garganacl
|-boost|p2a: Garganacl|def|2
|
|-heal|p2a: Garganacl|94/100|[from] item: Leftovers
|-damage|p1a: Arcanine|25/100|[from] Salt Cure
|upkeep
|turn|15
|
|t:|1760349116
|move|p1a: Arcanine|Flare Blitz|p2a: Garganacl
|-resisted|p2a: Garganacl
|-damage|p2a: Garganacl|85/100
|-damage|p1a: Arcanine|21/100|[from] Recoil
|-damage|p1a: Arcanine|11/100|[from] item: Life Orb
|move|p2a: Garganacl|Iron Defense|p2a: Garganacl
|-boost|p2a: Garganacl|def|2
|
|-heal|p2a: Garganacl|92/100|[from] item: Leftovers
|-damage|p1a: Arcanine|0 fnt|[from] Salt Cure
|faint|p1a: Arcanine
|upkeep
|
|t:|1760349121
|switch|p1a: Masquerain|Masquerain, F|100/100
|-ability|p1a: Masquerain|Intimidate|boost
|-unboost|p2a: Garganacl|atk|1
|turn|16
|
|t:|1760349126
|-terastallize|p1a: Masquerain|Bug
|move|p1a: Masquerain|Quiver Dance|p1a: Masquerain
|-boost|p1a: Masquerain|spa|1
|-boost|p1a: Masquerain|spd|1
|-boost|p1a: Masquerain|spe|1
|move|p2a: Garganacl|Salt Cure|p1a: Masquerain
|-supereffective|p1a: Masquerain
|-damage|p1a: Masquerain|76/100
|-start|p1a: Masquerain|Salt Cure
|
|-heal|p2a: Garganacl|98/100|[from] item: Leftovers
|-damage|p1a: Masquerain|64/100|[from] Salt Cure
|upkeep
|turn|17
|
|t:|1760349131
|move|p1a: Masquerain|Quiver Dance|p1a: Masquerain
|-boost|p1a: Masquerain|spa|1
|-boost|p1a: Masquerain|spd|1
|-boost|p1a: Masquerain|spe|1
|move|p2a: Garganacl|Salt Cure|p1a: Masquerain
|-supereffective|p1a: Masquerain
|-damage|p1a: Masquerain|40/100
|
|-heal|p2a: Garganacl|100/100|[from] item: Leftovers
|-damage|p1a: Masquerain|28/100|[from] Salt Cure
|upkeep
|turn|18
|
|t:|1760349136
|move|p1a: Masquerain|Giga Drain|p2a: Garganacl
|-supereffective|p2a: Garganacl
|-damage|p2a: Garganacl|36/100
|-heal|p1a: Masquerain|75/100|[from] drain|[of] p2a: Garganacl
|move|p2a: Garganacl|Salt Cure|p1a: Masquerain
|-supereffective|p1a: Masquerain
|-damage|p1a: Masquerain|50/100
|
|-heal|p2a: Garganacl|42/100|[from] item: Leftovers
|-damage|p1a: Masquerain|38/100|[from] Salt Cure
|upkeep
|turn|19
|
|t:|1760349143
|move|p2a: Garganacl|Protect|p2a: Garganacl
|-singleturn|p2a: Garganacl|Protect
|move|p1a: Masquerain|Quiver Dance|p1a: Masquerain
|-boost|p1a: Masquerain|spa|1
|-boost|p1a: Masquerain|spd|1
|-boost|p1a: Masquerain|spe|1
|
|-heal|p2a: Garganacl|48/100|[from] item: Leftovers
|-damage|p1a: Masquerain|25/100|[from] Salt Cure
|upkeep
|turn|20
|
|t:|1760349147
|switch|p2a: Incineroar|Incineroar, F|100/100
|-damage|p2a: Incineroar|76/100|[from] Stealth Rock
|-ability|p2a: Incineroar|Intimidate|boost
|-unboost|p1a: Masquerain|atk|1
|move|p1a: Masquerain|Giga Drain|p2a: Incineroar
|-resisted|p2a: Incineroar
|-damage|p2a: Incineroar|56/100
|-heal|p1a: Masquerain|40/100|[from] drain|[of] p2a: Incineroar
|
|-damage|p1a: Masquerain|27/100|[from] Salt Cure
|upkeep
|turn|21
|
|t:|1760349163
|move|p2a: Incineroar|Fake Out|p1a: Masquerain
|-damage|p1a: Masquerain|7/100
|cant|p1a: Masquerain|flinch
|
|-damage|p1a: Masquerain|0 fnt|[from] Salt Cure
|faint|p1a: Masquerain
|upkeep
|
|t:|1760349176
|switch|p1a: Krookodile|Krookodile, F|100/100
|-ability|p1a: Krookodile|Intimidate|boost
|-unboost|p2a: Incineroar|atk|1
|turn|22
|
|t:|1760349183
|move|p1a: Krookodile|Earthquake|p2a: Incineroar
|-supereffective|p2a: Incineroar
|-damage|p2a: Incineroar|0 fnt
|faint|p2a: Incineroar
|
|upkeep
|
|t:|1760349186
|switch|p2a: Garganacl|Garganacl, F, tera:Water|48/100
|-damage|p2a: Garganacl|36/100|[from] Stealth Rock
|turn|23
|
|t:|1760349190
|move|p1a: Krookodile|Earthquake|p2a: Garganacl
|-damage|p2a: Garganacl|0 fnt
|faint|p2a: Garganacl
|
|upkeep
|-message|LionX_Pro forfeited.
|
|win|v1rtuegam1ng
|raw|v1rtuegam1ng's rating: 1243 &rarr; <strong>1267</strong><br />(+24 for winning)
|raw|LionX_Pro's rating: 1232 &rarr; <strong>1208</strong><br />(-24 for losing)
|l|☆LionX_Pro
|player|p2|
|l|☆v1rtuegam1ng
|player|p1|
