|j|☆RiaSingh2121
|j|☆Critical_32
|t:|1760351076
|gametype|singles
|player|p1|RiaSingh2121|2|1129
|player|p2|Critical_32|scientist-gen4|1133
|gen|9
|tier|[Gen 9] OU
|rated|
|rule|HP Percentage Mod: HP is shown in percentages
|rule|Endless Battle Clause: Forcing endless battles is banned
|rule|Species Clause: Limit one of each Pokémon
|rule|OHKO Clause: OHKO moves are banned
|rule|Evasion Items Clause: Evasion items are banned
|rule|Evasion Moves Clause: Evasion moves are banned
|rule|Evasion Abilities Clause: Evasion abilities are banned
|rule|Sleep Moves Clause: Sleep-inducing moves are banned
|clearpoke
|poke|p1|Hatterene, F|
|poke|p1|Torkoal, M|
|poke|p1|Corviknight, M|
|poke|p1|Hattrem, F|
|poke|p1|Iron Hands|
|poke|p1|Ursaluna, F|
|poke|p2|Clefable, M|
|poke|p2|Gengar, M|
|poke|p2|Conkeldurr, M|
|poke|p2|Gliscor, M|
|poke|p2|Dondozo, F|
|poke|p2|Moltres|
|teampreview
|
|t:|1760351083
|teamsize|p1|6
|teamsize|p2|6
|start
|switch|p1a: Hattrem|Hattrem, F|100/100
|switch|p2a: Conkeldurr|Conkeldurr, M|100/100
|turn|1
|
|t:|1760351091
|switch|p2a: Gliscor|Gliscor, M|100/100
|move|p1a: Hattrem|Trick Room|p1a: Hattrem
|-fieldstart|move: Trick Room|[of] p1a: Hattrem
|
|-status|p2a: Gliscor|tox|[from] item: Toxic Orb
|upkeep
|turn|2
|
|t:|1760351101
|move|p1a: Hattrem|Healing Wish|p1a: Hattrem
|faint|p1a: Hattrem
|move|p2a: Gliscor|Knock Off|p1: Hattrem|[notarget]
|-fail|p2a: Gliscor
|
|upkeep
|c|☆Critical_32|hum whats the plan
|
|t:|1760351120
|switch|p1a: Torkoal|Torkoal, M|100/100
|-weather|SunnyDay|[from] ability: Drought|[of] p1a: Torkoal
|turn|3
|
|t:|1760351126
|move|p1a: Torkoal|Eruption|p2a: Gliscor
|-damage|p2a: Gliscor|0 fnt
|faint|p2a: Gliscor
|
|-weather|SunnyDay|[upkeep]
|upkeep
|inactive|Battle timer is ON: inactive players will automatically lose when time's up. (requested by Critical_32)
|
|t:|1760351133
|switch|p2a: Dondozo|Dondozo, F|100/100
|turn|4
|
|t:|1760351140
|-terastallize|p2a: Dondozo|Water
|move|p1a: Torkoal|Eruption|p2a: Dondozo
|-resisted|p2a: Dondozo
|-damage|p2a: Dondozo|54/100
|move|p2a: Dondozo|Waterfall|p1a: Torkoal
|-supereffective|p1a: Torkoal
|-damage|p1a: Torkoal|74/100
|
|-weather|SunnyDay|[upkeep]
|-heal|p2a: Dondozo|61/100|[from] item: Leftovers
|upkeep
|turn|5
|
|t:|1760351152
|move|p1a: Torkoal|Solar Beam||[still]
|-prepare|p1a: Torkoal|Solar Beam
|-anim|p1a: Torkoal|Solar Beam|p2a: Dondozo
|-supereffective|p2a: Dondozo
|-damage|p2a: Dondozo|0 fnt
|faint|p2a: Dondozo
|
|-weather|SunnyDay|[upkeep]
|-fieldend|move: Trick Room
|upkeep
|
|t:|1760351164
|switch|p2a: Conkeldurr|Conkeldurr, M|100/100
|turn|6
|
|t:|1760351171
|move|p2a: Conkeldurr|Drain Punch|p1a: Torkoal
|-damage|p1a: Torkoal|40/100
|move|p1a: Torkoal|Lava Plume|p2a: Conkeldurr
|-damage|p2a: Conkeldurr|32/100
|-status|p2a: Conkeldurr|brn
|
|-weather|SunnyDay|[upkeep]
|-damage|p2a: Conkeldurr|26/100 brn|[from] brn
|upkeep
|turn|7
|
|t:|1760351183
|switch|p1a: Corviknight|Corviknight, M|100/100
|move|p2a: Conkeldurr|Drain Punch|p1a: Corviknight
|-damage|p1a: Corviknight|63/100
|-heal|p2a: Conkeldurr|47/100 brn|[from] drain|[of] p1a: Corviknight
|-damage|p2a: Conkeldurr|31/100 brn|[from] item: Rocky Helmet|[of] p1a: Corviknight
|
|-weather|none
|-damage|p2a: Conkeldurr|25/100 brn|[from] brn
|upkeep
|turn|8
|
|t:|1760351196
|move|p2a: Conkeldurr|Mach Punch|p1a: Corviknight
|-damage|p1a: Corviknight|41/100
|-damage|p2a: Conkeldurr|8/100 brn|[from] item: Rocky Helmet|[of] p1a: Corviknight
|move|p1a: Corviknight|U-turn|p2a: Conkeldurr
|-resisted|p2a: Conkeldurr
|-damage|p2a: Conkeldurr|2/100 brn
|
|t:|1760351202
|switch|p1a: Torkoal|Torkoal, M|40/100|[from] U-turn
|-heal|p1a: Torkoal|100/100|[from] move: Healing Wish
|-weather|SunnyDay|[from] ability: Drought|[of] p1a: Torkoal
|
|-weather|SunnyDay|[upkeep]
|-damage|p2a: Conkeldurr|0 fnt|[from] brn
|faint|p2a: Conkeldurr
|upkeep
|
|t:|1760351218
|switch|p2a: Gengar|Gengar, M|100/100
|-item|p2a: Gengar|Air Balloon
|turn|9
|
|t:|1760351231
|switch|p1a: Corviknight|Corviknight, M|41/100
|move|p2a: Gengar|Shadow Ball|p1a: Corviknight
|-damage|p1a: Corviknight|3/100
|
|-weather|SunnyDay|[upkeep]
|upkeep
|turn|10
|
|t:|1760351239
|move|p2a: Gengar|Shadow Ball|p1a: Corviknight
|-damage|p1a: Corviknight|0 fnt
|faint|p1a: Corviknight
|
|-weather|SunnyDay|[upkeep]
|upkeep
|
|t:|1760351248
|switch|p1a: Iron Hands|Iron Hands|100/100
|turn|11
|
|t:|1760351256
|move|p2a: Gengar|Shadow Ball|p1a: Iron Hands
|-damage|p1a: Iron Hands|79/100
|move|p1a: Iron Hands|Thunder Punch|p2a: Gengar
|-damage|p2a: Gengar|23/100
|-enditem|p2a: Gengar|Air Balloon
|
|-weather|SunnyDay|[upkeep]
|upkeep
|turn|12
|
|t:|1760351267
|-end|p1a: Iron Hands|Quark Drive|[silent]
|switch|p1a: Ursaluna|Ursaluna, F|100/100
|move|p2a: Gengar|Shadow Ball|p1a: Ursaluna
|-immune|p1a: Ursaluna
|
|-weather|none
|-status|p1a: Ursaluna|brn|[from] item: Flame Orb
|upkeep
|turn|13
|
|t:|1760351276
|switch|p1a: Iron Hands|Iron Hands|79/100
|move|p2a: Gengar|Pain Split|p1a: Iron Hands
|-sethp|p1a: Iron Hands|45/100|[from] move: Pain Split|[silent]
|-sethp|p2a: Gengar|87/100|[from] move: Pain Split
|
|upkeep
|turn|14
|
|t:|1760351285
|move|p2a: Gengar|Substitute|p2a: Gengar
|-start|p2a: Gengar|Substitute
|-damage|p2a: Gengar|62/100
|move|p1a: Iron Hands|Earthquake|p2a: Gengar
|-supereffective|p2a: Gengar
|-end|p2a: Gengar|Substitute
|
|upkeep
|turn|15
|
|t:|1760351294
|move|p2a: Gengar|Shadow Ball|p1a: Iron Hands
|-damage|p1a: Iron Hands|21/100
|move|p1a: Iron Hands|Earthquake|p2a: Gengar
|-supereffective|p2a: Gengar
|-damage|p2a: Gengar|0 fnt
|-start|p1a: Iron Hands|Disable|Earthquake|[from] ability: Cursed Body|[of] p2a: Gengar
|faint|p2a: Gengar
|
|upkeep
|
|t:|1760351303
|switch|p2a: Clefable|Clefable, M|100/100
|turn|16
|
|t:|1760351315
|-end|p1a: Iron Hands|Quark Drive|[silent]
|switch|p1a: Ursaluna|Ursaluna, F|100/100 brn
|move|p2a: Clefable|Calm Mind|p2a: Clefable
|-boost|p2a: Clefable|spa|1
|-boost|p2a: Clefable|spd|1
|
|-damage|p1a: Ursaluna|94/100 brn|[from] brn
|upkeep
|turn|17
|
|t:|1760351324
|move|p2a: Clefable|Moonblast|p1a: Ursaluna
|-damage|p1a: Ursaluna|50/100 brn
|move|p1a: Ursaluna|Facade|p2a: Clefable
|-crit|p2a: Clefable
|-damage|p2a: Clefable|0 fnt
|faint|p2a: Clefable
|
|-damage|p1a: Ursaluna|43/100 brn|[from] brn
|upkeep
|
|t:|1760351332
|switch|p2a: Moltres|Moltres|100/100
|turn|18
|
|t:|1760351338
|switch|p1a: Iron Hands|Iron Hands|21/100
|move|p2a: Moltres|Flamethrower|p1a: Iron Hands
|-damage|p1a: Iron Hands|0 fnt
|faint|p1a: Iron Hands
|-end|p1a: Iron Hands|Quark Drive|[silent]
|
|upkeep
|
|t:|1760351346
|switch|p1a: Hatterene|Hatterene, F|100/100
|turn|19
|
|t:|1760351349
|move|p2a: Moltres|Flamethrower|p1a: Hatterene
|-damage|p1a: Hatterene|70/100
|-status|p1a: Hatterene|brn
|move|p1a: Hatterene|Trick Room|p1a: Hatterene
|-fieldstart|move: Trick Room|[of] p1a: Hatterene
|
|-damage|p1a: Hatterene|64/100 brn|[from] brn
|upkeep
|turn|20
|
|t:|1760351358
|move|p1a: Hatterene|Healing Wish|p1a: Hatterene
|faint|p1a: Hatterene
|move|p2a: Moltres|Roar|p1: Hatterene|[notarget]
|-fail|p2a: Moltres
|
|upkeep
|
|t:|1760351361
|switch|p1a: Torkoal|Torkoal, M|100/100
|-weather|SunnyDay|[from] ability: Drought|[of] p1a: Torkoal
|turn|21
|
|t:|1760351366
|move|p1a: Torkoal|Eruption|p2a: Moltres
|-resisted|p2a: Moltres
|-damage|p2a: Moltres|55/100
|move|p2a: Moltres|Roar|p1a: Torkoal
|drag|p1a: Ursaluna|Ursaluna, F|43/100 brn
|-heal|p1a: Ursaluna|100/100|[from] move: Healing Wish
|
|-weather|SunnyDay|[upkeep]
|-status|p1a: Ursaluna|brn|[from] item: Flame Orb
|upkeep
|turn|22
|
|t:|1760351375
|move|p1a: Ursaluna|Facade|p2a: Moltres
|-damage|p2a: Moltres|0 fnt
|faint|p2a: Moltres
|
|win|RiaSingh2121
|raw|RiaSingh2121's rating: 1129 &rarr; <strong>1154</strong><br />(+25 for winning)
|raw|Critical_32's rating: 1133 &rarr; <strong>1108</strong><br />(-25 for losing)
|l|☆RiaSingh2121
|player|p1|
|l|☆Critical_32
|player|p2|
