|j|☆616.jpg
|j|☆Lotadfan22
|t:|1760370189
|gametype|singles
|player|p1|616.jpg|giovanni|1237
|player|p2|Lotadfan22|blaine|1187
|gen|9
|tier|[Gen 9] OU
|rated|
|rule|HP Percentage Mod: HP is shown in percentages
|rule|Endless Battle Clause: Forcing endless battles is banned
|rule|Species Clause: Limit one of each Pokémon
|rule|OHKO Clause: OHKO moves are banned
|rule|Evasion Items Clause: Evasion items are banned
|rule|Evasion Moves Clause: Evasion moves are banned
|rule|Evasion Abilities Clause: Evasion abilities are banned
|rule|Sleep Moves Clause: Sleep-inducing moves are banned
|clearpoke
|poke|p1|Tyranitar, F|
|poke|p1|Corviknight, F|
|poke|p1|Alomomola, F|
|poke|p1|Great Tusk|
|poke|p1|Dragapult, M|
|poke|p1|Glimmora, F|
|poke|p2|Pelipper, M|
|poke|p2|Barraskewda, M|
|poke|p2|Zapdos|
|poke|p2|Kingambit, F|
|poke|p2|Ogerpon-Wellspring, F|
|poke|p2|Iron Treads|
|teampreview
|
|t:|1760370229
|teamsize|p1|6
|teamsize|p2|6
|start
|switch|p1a: Tyranitar|Tyranitar, F|100/100
|switch|p2a: Iron Treads|Iron Treads|100/100
|-weather|Sandstorm|[from] ability: Sand Stream|[of] p1a: Tyranitar
|turn|1
|
|t:|1760370266
|switch|p1a: Corviknight|Corviknight, F|100/100
|-ability|p1a: Corviknight|Unnerve
|move|p2a: Iron Treads|Stealth Rock|p1a: Corviknight
|-sidestart|p1: 616.jpg|move: Stealth Rock
|
|-weather|Sandstorm|[upkeep]
|upkeep
|turn|2
|
|t:|1760370270
|move|p2a: Iron Treads|Knock Off|p1a: Corviknight
|-damage|p1a: Corviknight|82/100
|-damage|p2a: Iron Treads|84/100|[from] item: Rocky Helmet|[of] p1a: Corviknight
|-enditem|p1a: Corviknight|Rocky Helmet|[from] move: Knock Off|[of] p2a: Iron Treads
|move|p1a: Corviknight|Iron Defense|p1a: Corviknight
|-boost|p1a: Corviknight|def|2
|
|-weather|Sandstorm|[upkeep]
|upkeep
|turn|3
|
|t:|1760370281
|-end|p2a: Iron Treads|Quark Drive|[silent]
|switch|p2a: Pelipper|Pelipper, M|100/100
|-weather|RainDance|[from] ability: Drizzle|[of] p2a: Pelipper
|move|p1a: Corviknight|Iron Defense|p1a: Corviknight
|-boost|p1a: Corviknight|def|2
|
|-weather|RainDance|[upkeep]
|upkeep
|turn|4
|
|t:|1760370287
|move|p1a: Corviknight|Roost|p1a: Corviknight
|-heal|p1a: Corviknight|100/100
|-singleturn|p1a: Corviknight|move: Roost
|move|p2a: Pelipper|U-turn|p1a: Corviknight
|-resisted|p1a: Corviknight
|-damage|p1a: Corviknight|99/100
|
|t:|1760370293
|switch|p2a: Zapdos|Zapdos|100/100|[from] U-turn
|
|-weather|RainDance|[upkeep]
|upkeep
|turn|5
|
|t:|1760370299
|-terastallize|p1a: Corviknight|Fighting
|move|p2a: Zapdos|Thunder|p1a: Corviknight
|-damage|p1a: Corviknight|48/100
|move|p1a: Corviknight|Body Press|p2a: Zapdos
|-resisted|p2a: Zapdos
|-damage|p2a: Zapdos|32/100
|
|-weather|RainDance|[upkeep]
|upkeep
|turn|6
|
|t:|1760370311
|switch|p1a: Tyranitar|Tyranitar, F|100/100
|-damage|p1a: Tyranitar|88/100|[from] Stealth Rock
|-weather|Sandstorm|[from] ability: Sand Stream|[of] p1a: Tyranitar
|move|p2a: Zapdos|Hurricane|p1a: Tyranitar
|-resisted|p1a: Tyranitar
|-damage|p1a: Tyranitar|81/100
|
|-weather|Sandstorm|[upkeep]
|-damage|p2a: Zapdos|26/100|[from] Sandstorm
|upkeep
|turn|7
|
|t:|1760370324
|move|p2a: Zapdos|Volt Switch|p1a: Tyranitar
|-damage|p1a: Tyranitar|72/100
|
|t:|1760370327
|switch|p2a: Iron Treads|Iron Treads|84/100|[from] Volt Switch
|move|p1a: Tyranitar|Knock Off|p2a: Iron Treads
|-damage|p2a: Iron Treads|43/100
|-enditem|p2a: Iron Treads|Soft Sand|[from] move: Knock Off|[of] p1a: Tyranitar
|
|-weather|Sandstorm|[upkeep]
|upkeep
|turn|8
|
|t:|1760370350
|switch|p1a: Corviknight|Corviknight, F, tera:Fighting|48/100
|-ability|p1a: Corviknight|Unnerve
|-damage|p1a: Corviknight|42/100|[from] Stealth Rock
|move|p2a: Iron Treads|Earthquake|p1a: Corviknight
|-damage|p1a: Corviknight|13/100
|
|-weather|Sandstorm|[upkeep]
|-damage|p1a: Corviknight|7/100|[from] Sandstorm
|upkeep
|turn|9
|
|t:|1760370359
|switch|p1a: Alomomola|Alomomola, F|100/100
|move|p2a: Iron Treads|Earthquake|p1a: Alomomola
|-damage|p1a: Alomomola|69/100
|
|-weather|Sandstorm|[upkeep]
|-damage|p1a: Alomomola|63/100|[from] Sandstorm
|upkeep
|turn|10
|
|t:|1760370369
|-end|p2a: Iron Treads|Quark Drive|[silent]
|switch|p2a: Ogerpon|Ogerpon-Wellspring, F|100/100
|move|p1a: Alomomola|Wish|p1a: Alomomola
|
|-weather|none
|upkeep
|turn|11
|
|t:|1760370380
|move|p1a: Alomomola|Protect|p1a: Alomomola
|-singleturn|p1a: Alomomola|Protect
|move|p2a: Ogerpon|Ivy Cudgel|p1a: Alomomola|[anim] Ivy Cudgel Water
|-activate|p1a: Alomomola|move: Protect
|
|-heal|p1a: Alomomola|100/100|[from] move: Wish|[wisher] Alomomola
|upkeep
|turn|12
|
|t:|1760370386
|switch|p1a: Corviknight|Corviknight, F, tera:Fighting|7/100
|-ability|p1a: Corviknight|Unnerve
|-damage|p1a: Corviknight|1/100|[from] Stealth Rock
|move|p2a: Ogerpon|Encore||[still]
|-fail|p2a: Ogerpon
|
|upkeep
|turn|13
|
|t:|1760370395
|move|p2a: Ogerpon|U-turn|p1a: Corviknight
|-resisted|p1a: Corviknight
|-damage|p1a: Corviknight|0 fnt
|faint|p1a: Corviknight
|
|t:|1760370405
|switch|p2a: Barraskewda|Barraskewda, M|100/100|[from] U-turn
|
|upkeep
|
|t:|1760370413
|switch|p1a: Dragapult|Dragapult, M|100/100
|-damage|p1a: Dragapult|88/100|[from] Stealth Rock
|turn|14
|
|t:|1760370419
|switch|p2a: Kingambit|Kingambit, F|100/100
|move|p1a: Dragapult|Will-O-Wisp|p2a: Kingambit
|-status|p2a: Kingambit|brn
|
|-damage|p2a: Kingambit|94/100 brn|[from] brn
|upkeep
|turn|15
|
|t:|1760370427
|switch|p1a: Great Tusk|Great Tusk|100/100
|move|p2a: Kingambit|Kowtow Cleave|p1a: Great Tusk
|-resisted|p1a: Great Tusk
|-damage|p1a: Great Tusk|90/100
|
|-damage|p2a: Kingambit|88/100 brn|[from] brn
|upkeep
|turn|16
|
|t:|1760370432
|-end|p2a: Kingambit|fallenundefined|[silent]
|switch|p2a: Zapdos|Zapdos|26/100
|move|p1a: Great Tusk|Rapid Spin|p2a: Zapdos
|-damage|p2a: Zapdos|5/100
|-boost|p1a: Great Tusk|spe|1
|-status|p1a: Great Tusk|par|[from] ability: Static|[of] p2a: Zapdos
|-sideend|p1: 616.jpg|Stealth Rock|[from] move: Rapid Spin|[of] p1a: Great Tusk
|
|upkeep
|turn|17
|
|t:|1760370441
|move|p2a: Zapdos|Roost|p2a: Zapdos
|-heal|p2a: Zapdos|55/100
|-singleturn|p2a: Zapdos|move: Roost
|move|p1a: Great Tusk|Stealth Rock|p2a: Zapdos
|-sidestart|p2: Lotadfan22|move: Stealth Rock
|
|upkeep
|turn|18
|
|t:|1760370449
|move|p2a: Zapdos|Hurricane|p1a: Great Tusk
|-supereffective|p1a: Great Tusk
|-damage|p1a: Great Tusk|0 fnt
|faint|p1a: Great Tusk
|-end|p1a: Great Tusk|Protosynthesis|[silent]
|
|upkeep
|
|t:|1760370458
|switch|p1a: Tyranitar|Tyranitar, F|72/100
|-weather|Sandstorm|[from] ability: Sand Stream|[of] p1a: Tyranitar
|turn|19
|
|t:|1760370493
|move|p2a: Zapdos|Volt Switch|p1a: Tyranitar
|-damage|p1a: Tyranitar|62/100
|
|t:|1760370553
|switch|p2a: Ogerpon|Ogerpon-Wellspring, F|100/100|[from] Volt Switch
|-damage|p2a: Ogerpon|88/100|[from] Stealth Rock
|move|p1a: Tyranitar|Dragon Tail|p2a: Ogerpon
|-crit|p2a: Ogerpon
|-damage|p2a: Ogerpon|52/100
|drag|p2a: Zapdos|Zapdos|55/100
|
|-weather|Sandstorm|[upkeep]
|-damage|p2a: Zapdos|49/100|[from] Sandstorm
|upkeep
|turn|20
|
|t:|1760370569
|move|p2a: Zapdos|Roost|p2a: Zapdos
|-heal|p2a: Zapdos|99/100
|-singleturn|p2a: Zapdos|move: Roost
|move|p1a: Tyranitar|Dragon Tail|p2a: Zapdos
|-damage|p2a: Zapdos|80/100
|drag|p2a: Pelipper|Pelipper, M|100/100
|-damage|p2a: Pelipper|76/100|[from] Stealth Rock
|-weather|RainDance|[from] ability: Drizzle|[of] p2a: Pelipper
|
|-weather|RainDance|[upkeep]
|upkeep
|turn|21
|
|t:|1760370578
|switch|p1a: Alomomola|Alomomola, F|100/100
|move|p2a: Pelipper|U-turn|p1a: Alomomola
|-damage|p1a: Alomomola|95/100
|
|t:|1760370582
|switch|p2a: Ogerpon|Ogerpon-Wellspring, F|52/100|[from] U-turn
|-damage|p2a: Ogerpon|40/100|[from] Stealth Rock
|
|-weather|RainDance|[upkeep]
|upkeep
|turn|22
|
|t:|1760370597
|switch|p1a: Glimmora|Glimmora, F|100/100
|move|p2a: Ogerpon|Power Whip|p1a: Glimmora
|-damage|p1a: Glimmora|27/100
|-activate|p1a: Glimmora|ability: Toxic Debris
|-sidestart|p2: Lotadfan22|move: Toxic Spikes
|-enditem|p1a: Glimmora|Red Card|[of] p2a: Ogerpon
|drag|p2a: Pelipper|Pelipper, M|76/100
|-damage|p2a: Pelipper|51/100|[from] Stealth Rock
|
|-weather|RainDance|[upkeep]
|upkeep
|turn|23
|
|t:|1760370607
|move|p1a: Glimmora|Power Gem|p2a: Pelipper
|-supereffective|p2a: Pelipper
|-damage|p2a: Pelipper|0 fnt
|faint|p2a: Pelipper
|
|-weather|RainDance|[upkeep]
|upkeep
|
|t:|1760370613
|switch|p2a: Ogerpon|Ogerpon-Wellspring, F|40/100
|-damage|p2a: Ogerpon|27/100|[from] Stealth Rock
|-status|p2a: Ogerpon|psn
|turn|24
|
|t:|1760370619
|switch|p1a: Alomomola|Alomomola, F|100/100
|move|p2a: Ogerpon|Ivy Cudgel|p1a: Alomomola|[anim] Ivy Cudgel Water
|-resisted|p1a: Alomomola
|-damage|p1a: Alomomola|72/100
|
|-weather|RainDance|[upkeep]
|-damage|p2a: Ogerpon|15/100 psn|[from] psn
|upkeep
|turn|25
|
|t:|1760370636
|switch|p2a: Zapdos|Zapdos|80/100
|move|p1a: Alomomola|Protect||[still]
|-fail|p1a: Alomomola
|
|-weather|RainDance|[upkeep]
|upkeep
|turn|26
|
|t:|1760370642
|switch|p1a: Tyranitar|Tyranitar, F|62/100
|-weather|Sandstorm|[from] ability: Sand Stream|[of] p1a: Tyranitar
|move|p2a: Zapdos|Thunder|p1a: Tyranitar|[miss]
|-miss|p2a: Zapdos|p1a: Tyranitar
|
|-weather|Sandstorm|[upkeep]
|-damage|p2a: Zapdos|74/100|[from] Sandstorm
|upkeep
|turn|27
|
|t:|1760370652
|move|p2a: Zapdos|Volt Switch|p1a: Tyranitar
|-damage|p1a: Tyranitar|53/100
|
|t:|1760370658
|switch|p2a: Ogerpon|Ogerpon-Wellspring, F|15/100 psn|[from] Volt Switch
|-damage|p2a: Ogerpon|3/100 psn|[from] Stealth Rock
|move|p1a: Tyranitar|Dragon Tail|p2a: Ogerpon
|-damage|p2a: Ogerpon|0 fnt
|faint|p2a: Ogerpon
|
|-weather|Sandstorm|[upkeep]
|upkeep
|
|t:|1760370668
|switch|p2a: Iron Treads|Iron Treads|43/100
|-damage|p2a: Iron Treads|39/100|[from] Stealth Rock
|turn|28
|
|t:|1760370681
|switch|p1a: Dragapult|Dragapult, M|88/100
|move|p2a: Iron Treads|Knock Off|p1a: Dragapult
|-supereffective|p1a: Dragapult
|-damage|p1a: Dragapult|3/100
|-enditem|p1a: Dragapult|Dragon Fang|[from] move: Knock Off|[of] p2a: Iron Treads
|
|-weather|Sandstorm|[upkeep]
|-damage|p1a: Dragapult|0 fnt|[from] Sandstorm
|faint|p1a: Dragapult
|upkeep
|
|t:|1760370695
|switch|p1a: Alomomola|Alomomola, F|100/100
|turn|29
|
|t:|1760370699
|move|p2a: Iron Treads|Rapid Spin|p1a: Alomomola
|-damage|p1a: Alomomola|89/100
|-boost|p2a: Iron Treads|spe|1
|-sideend|p2: Lotadfan22|Toxic Spikes|[from] move: Rapid Spin|[of] p2a: Iron Treads
|-sideend|p2: Lotadfan22|Stealth Rock|[from] move: Rapid Spin|[of] p2a: Iron Treads
|move|p1a: Alomomola|Scald|p2a: Iron Treads
|-supereffective|p2a: Iron Treads
|-damage|p2a: Iron Treads|4/100
|
|-weather|Sandstorm|[upkeep]
|-damage|p1a: Alomomola|83/100|[from] Sandstorm
|upkeep
|turn|30
|
|t:|1760370706
|move|p2a: Iron Treads|Stealth Rock|p1a: Alomomola
|-sidestart|p1: 616.jpg|move: Stealth Rock
|move|p1a: Alomomola|Wish|p1a: Alomomola
|
|-weather|none
|upkeep
|turn|31
|
|t:|1760370715
|move|p2a: Iron Treads|Earthquake|p1a: Alomomola
|-damage|p1a: Alomomola|55/100
|move|p1a: Alomomola|Flip Turn|p2a: Iron Treads
|-supereffective|p2a: Iron Treads
|-damage|p2a: Iron Treads|0 fnt
|faint|p2a: Iron Treads
|-end|p2a: Iron Treads|Quark Drive|[silent]
|
|t:|1760370720
|switch|p1a: Glimmora|Glimmora, F|27/100|[from] Flip Turn
|-damage|p1a: Glimmora|15/100|[from] Stealth Rock
|
|-heal|p1a: Glimmora|79/100|[from] move: Wish|[wisher] Alomomola
|upkeep
|
|t:|1760370725
|switch|p2a: Barraskewda|Barraskewda, M|100/100
|turn|32
|
|t:|1760370730
|switch|p1a: Alomomola|Alomomola, F|88/100
|move|p2a: Barraskewda|Liquidation|p1a: Alomomola
|-resisted|p1a: Alomomola
|-damage|p1a: Alomomola|73/100
|-unboost|p1a: Alomomola|def|1
|
|upkeep
|turn|33
|
|t:|1760370735
|move|p1a: Alomomola|Protect|p1a: Alomomola
|-singleturn|p1a: Alomomola|Protect
|move|p2a: Barraskewda|Flip Turn|p1a: Alomomola
|-activate|p1a: Alomomola|move: Protect
|
|upkeep
|turn|34
|
|t:|1760370740
|switch|p1a: Glimmora|Glimmora, F|79/100
|-damage|p1a: Glimmora|66/100|[from] Stealth Rock
|move|p2a: Barraskewda|Liquidation|p1a: Glimmora
|-supereffective|p1a: Glimmora
|-damage|p1a: Glimmora|0 fnt
|-activate|p1a: Glimmora|ability: Toxic Debris
|-sidestart|p2: Lotadfan22|move: Toxic Spikes
|faint|p1a: Glimmora
|
|upkeep
|
|t:|1760370742
|switch|p1a: Alomomola|Alomomola, F|100/100
|turn|35
|
|t:|1760370746
|move|p2a: Barraskewda|Flip Turn|p1a: Alomomola
|-resisted|p1a: Alomomola
|-damage|p1a: Alomomola|89/100
|
|t:|1760370751
|switch|p2a: Zapdos|Zapdos|74/100|[from] Flip Turn
|move|p1a: Alomomola|Scald|p2a: Zapdos
|-damage|p2a: Zapdos|58/100
|
|upkeep
|turn|36
|
|t:|1760370757
|switch|p1a: Tyranitar|Tyranitar, F|53/100
|-damage|p1a: Tyranitar|40/100|[from] Stealth Rock
|-weather|Sandstorm|[from] ability: Sand Stream|[of] p1a: Tyranitar
|move|p2a: Zapdos|Roost|p2a: Zapdos
|-heal|p2a: Zapdos|100/100
|-singleturn|p2a: Zapdos|move: Roost
|
|-weather|Sandstorm|[upkeep]
|-damage|p2a: Zapdos|94/100|[from] Sandstorm
|upkeep
|turn|37
|
|t:|1760370765
|move|p2a: Zapdos|Volt Switch|p1a: Tyranitar
|-damage|p1a: Tyranitar|30/100
|
|t:|1760370769
|switch|p2a: Kingambit|Kingambit, F|88/100 brn|[from] Volt Switch
|-activate|p2a: Kingambit|ability: Supreme Overlord
|-start|p2a: Kingambit|fallen3|[silent]
|move|p1a: Tyranitar|Knock Off|p2a: Kingambit
|-resisted|p2a: Kingambit
|-damage|p2a: Kingambit|70/100 brn
|-enditem|p2a: Kingambit|Black Glasses|[from] move: Knock Off|[of] p1a: Tyranitar
|
|-weather|Sandstorm|[upkeep]
|-damage|p2a: Kingambit|64/100 brn|[from] brn
|upkeep
|turn|38
|
|t:|1760370777
|switch|p1a: Alomomola|Alomomola, F|100/100
|move|p2a: Kingambit|Low Kick|p1a: Alomomola
|-damage|p1a: Alomomola|90/100
|
|-weather|Sandstorm|[upkeep]
|-damage|p1a: Alomomola|84/100|[from] Sandstorm
|-damage|p2a: Kingambit|57/100 brn|[from] brn
|upkeep
|turn|39
|
|t:|1760370780
|move|p2a: Kingambit|Swords Dance|p2a: Kingambit
|-boost|p2a: Kingambit|atk|2
|move|p1a: Alomomola|Wish|p1a: Alomomola
|
|-weather|Sandstorm|[upkeep]
|-damage|p1a: Alomomola|77/100|[from] Sandstorm
|-damage|p2a: Kingambit|51/100 brn|[from] brn
|upkeep
|turn|40
|
|t:|1760370791
|move|p2a: Kingambit|Swords Dance|p2a: Kingambit
|-boost|p2a: Kingambit|atk|2
|move|p1a: Alomomola|Flip Turn|p2a: Kingambit
|-damage|p2a: Kingambit|38/100 brn
|
|t:|1760370792
|switch|p1a: Tyranitar|Tyranitar, F|30/100|[from] Flip Turn
|-damage|p1a: Tyranitar|18/100|[from] Stealth Rock
|
|-weather|none
|-heal|p1a: Tyranitar|76/100|[from] move: Wish|[wisher] Alomomola
|-damage|p2a: Kingambit|32/100 brn|[from] brn
|upkeep
|turn|41
|
|t:|1760370795
|switch|p1a: Alomomola|Alomomola, F|100/100
|move|p2a: Kingambit|Low Kick|p1a: Alomomola
|-damage|p1a: Alomomola|72/100
|
|-damage|p2a: Kingambit|26/100 brn|[from] brn
|upkeep
|turn|42
|
|t:|1760370798
|move|p1a: Alomomola|Protect|p1a: Alomomola
|-singleturn|p1a: Alomomola|Protect
|move|p2a: Kingambit|Kowtow Cleave|p1a: Alomomola
|-activate|p1a: Alomomola|move: Protect
|
|-damage|p2a: Kingambit|20/100 brn|[from] brn
|upkeep
|turn|43
|
|t:|1760370811
|-terastallize|p2a: Kingambit|Dark
|move|p2a: Kingambit|Kowtow Cleave|p1a: Alomomola
|-damage|p1a: Alomomola|0 fnt
|faint|p1a: Alomomola
|
|-damage|p2a: Kingambit|13/100 brn|[from] brn
|upkeep
|
|t:|1760370816
|switch|p1a: Tyranitar|Tyranitar, F|76/100
|-damage|p1a: Tyranitar|64/100|[from] Stealth Rock
|-weather|Sandstorm|[from] ability: Sand Stream|[of] p1a: Tyranitar
|turn|44
|
|t:|1760370818
|move|p2a: Kingambit|Low Kick|p1a: Tyranitar
|-supereffective|p1a: Tyranitar
|-damage|p1a: Tyranitar|0 fnt
|faint|p1a: Tyranitar
|
|win|Lotadfan22
|raw|616.jpg's rating: 1237 &rarr; <strong>1208</strong><br />(-29 for losing)
|raw|Lotadfan22's rating: 1187 &rarr; <strong>1216</strong><br />(+29 for winning)
|l|☆616.jpg
|player|p1|
