|j|☆modegobelin
|j|☆pcklee
|t:|1760329196
|gametype|singles
|player|p1|modegobelin|169|1616
|player|p2|pcklee|1|1559
|gen|9
|tier|[Gen 9] OU
|rated|
|rule|HP Percentage Mod: HP is shown in percentages
|rule|Endless Battle Clause: Forcing endless battles is banned
|rule|Species Clause: Limit one of each Pokémon
|rule|OHKO Clause: OHKO moves are banned
|rule|Evasion Items Clause: Evasion items are banned
|rule|Evasion Moves Clause: Evasion moves are banned
|rule|Evasion Abilities Clause: Evasion abilities are banned
|rule|Sleep Moves Clause: Sleep-inducing moves are banned
|clearpoke
|poke|p1|Pelipper, F|
|poke|p1|Inteleon, F|
|poke|p1|Raging Bolt|
|poke|p1|Barraskewda, M|
|poke|p1|Iron Treads|
|poke|p1|Hydrapple, M|
|poke|p2|Ting-Lu|
|poke|p2|Dragonite, F|
|poke|p2|Zamazenta-*|
|poke|p2|Gholdengo|
|poke|p2|Darkrai|
|poke|p2|Moltres|
|teampreview
|inactive|Battle timer is ON: inactive players will automatically lose when time's up. (requested by modegobelin)
|inactive|pcklee has 120 seconds left.
|
|t:|1760329311
|teamsize|p1|6
|teamsize|p2|6
|start
|switch|p1a: Pelipper|Pelipper, F|100/100
|switch|p2a: Darkrai|Darkrai|100/100
|-weather|RainDance|[from] ability: Drizzle|[of] p1a: Pelipper
|turn|1
|
|t:|1760329317
|switch|p1a: Iron Treads|Iron Treads|100/100
|move|p2a: Darkrai|Trick|p1a: Iron Treads
|-activate|p2a: Darkrai|move: Trick|[of] p1a: Iron Treads
|-item|p1a: Iron Treads|Choice Scarf|[from] move: Trick
|-item|p2a: Darkrai|Leftovers|[from] move: Trick
|
|-weather|RainDance|[upkeep]
|upkeep
|turn|2
|
|t:|1760329331
|switch|p2a: Moltres|Moltres|100/100
|move|p1a: Iron Treads|Stealth Rock|p2a: Moltres
|-sidestart|p2: pcklee|move: Stealth Rock
|
|-weather|RainDance|[upkeep]
|upkeep
|turn|3
|
|t:|1760329349
|-end|p1a: Iron Treads|Quark Drive|[silent]
|switch|p1a: Inteleon|Inteleon, F|100/100
|move|p2a: Moltres|U-turn|p1a: Inteleon
|-damage|p1a: Inteleon|73/100
|inactive|pcklee has 120 seconds left.
|
|t:|1760329372
|switch|p2a: Darkrai|Darkrai|100/100|[from] U-turn
|-damage|p2a: Darkrai|88/100|[from] Stealth Rock
|
|-weather|RainDance|[upkeep]
|-heal|p2a: Darkrai|94/100|[from] item: Leftovers
|upkeep
|turn|4
|
|t:|1760329380
|switch|p1a: Raging Bolt|Raging Bolt|100/100
|move|p2a: Darkrai|Dark Pulse|p1a: Raging Bolt
|-damage|p1a: Raging Bolt|76/100
|
|-weather|RainDance|[upkeep]
|-heal|p2a: Darkrai|99/100|[from] item: Leftovers
|upkeep
|turn|5
|
|t:|1760329393
|switch|p2a: Ting-Lu|Ting-Lu|100/100
|-damage|p2a: Ting-Lu|94/100|[from] Stealth Rock
|-ability|p2a: Ting-Lu|Vessel of Ruin
|move|p1a: Raging Bolt|Draco Meteor|p2a: Ting-Lu
|-crit|p2a: Ting-Lu
|-damage|p2a: Ting-Lu|42/100
|-unboost|p1a: Raging Bolt|spa|2
|
|-weather|RainDance|[upkeep]
|-heal|p2a: Ting-Lu|48/100|[from] item: Leftovers
|upkeep
|turn|6
|inactive|pcklee has 120 seconds left.
|
|t:|1760329415
|-end|p1a: Raging Bolt|Protosynthesis|[silent]
|switch|p1a: Hydrapple|Hydrapple, M|100/100
|move|p2a: Ting-Lu|Stealth Rock|p1a: Hydrapple
|-sidestart|p1: modegobelin|move: Stealth Rock
|
|-weather|RainDance|[upkeep]
|-heal|p2a: Ting-Lu|54/100|[from] item: Leftovers
|upkeep
|turn|7
|inactive|pcklee has 120 seconds left.
|
|t:|1760329430
|move|p1a: Hydrapple|Nasty Plot|p1a: Hydrapple
|-boost|p1a: Hydrapple|spa|2
|move|p2a: Ting-Lu|Ruination|p1a: Hydrapple
|-damage|p1a: Hydrapple|51/100
|
|-weather|RainDance|[upkeep]
|-heal|p2a: Ting-Lu|60/100|[from] item: Leftovers
|upkeep
|turn|8
|inactive|pcklee has 90 seconds left.
|
|t:|1760329462
|switch|p2a: Moltres|Moltres|100/100
|move|p1a: Hydrapple|Giga Drain|p2a: Moltres
|-resisted|p2a: Moltres
|-damage|p2a: Moltres|85/100
|-heal|p1a: Hydrapple|58/100|[from] drain|[of] p2a: Moltres
|
|-weather|none
|upkeep
|turn|9
|inactive|pcklee has 90 seconds left.
|
|t:|1760329477
|move|p2a: Moltres|Hurricane|p1a: Hydrapple|[miss]
|-miss|p2a: Moltres|p1a: Hydrapple
|move|p1a: Hydrapple|Fickle Beam|p2a: Moltres|[anim] Fickle Beam All Out
|-activate|p1a: Hydrapple|move: Fickle Beam
|-damage|p2a: Moltres|0 fnt
|faint|p2a: Moltres
|
|upkeep
|
|t:|1760329495
|switch|p2a: Darkrai|Darkrai|99/100
|-damage|p2a: Darkrai|88/100|[from] Stealth Rock
|turn|10
|
|t:|1760329503
|switch|p1a: Iron Treads|Iron Treads|100/100
|-damage|p1a: Iron Treads|97/100|[from] Stealth Rock
|move|p2a: Darkrai|Ice Beam|p1a: Iron Treads
|-damage|p1a: Iron Treads|67/100
|
|-heal|p2a: Darkrai|94/100|[from] item: Leftovers
|upkeep
|turn|11
|
|t:|1760329524
|move|p1a: Iron Treads|Rapid Spin|p2a: Darkrai
|-damage|p2a: Darkrai|76/100
|-boost|p1a: Iron Treads|spe|1
|-sideend|p1: modegobelin|Stealth Rock|[from] move: Rapid Spin|[of] p1a: Iron Treads
|move|p2a: Darkrai|Dark Pulse|p1a: Iron Treads
|-damage|p1a: Iron Treads|22/100
|
|-heal|p2a: Darkrai|82/100|[from] item: Leftovers
|upkeep
|turn|12
|inactive|pcklee has 60 seconds left.
|
|t:|1760329552
|move|p1a: Iron Treads|Rapid Spin|p2a: Darkrai
|-crit|p2a: Darkrai
|-damage|p2a: Darkrai|57/100
|-boost|p1a: Iron Treads|spe|1
|move|p2a: Darkrai|Dark Pulse|p1a: Iron Treads
|-damage|p1a: Iron Treads|0 fnt
|faint|p1a: Iron Treads
|-end|p1a: Iron Treads|Quark Drive|[silent]
|
|-heal|p2a: Darkrai|63/100|[from] item: Leftovers
|upkeep
|
|t:|1760329564
|switch|p1a: Pelipper|Pelipper, F|100/100
|-weather|RainDance|[from] ability: Drizzle|[of] p1a: Pelipper
|turn|13
|inactive|pcklee has 60 seconds left.
|
|t:|1760329582
|move|p2a: Darkrai|Dark Pulse|p1a: Pelipper
|-damage|p1a: Pelipper|60/100
|move|p1a: Pelipper|U-turn|p2a: Darkrai
|-supereffective|p2a: Darkrai
|-damage|p2a: Darkrai|40/100
|
|t:|1760329601
|switch|p1a: Barraskewda|Barraskewda, M|100/100|[from] U-turn
|
|-weather|RainDance|[upkeep]
|-heal|p2a: Darkrai|46/100|[from] item: Leftovers
|upkeep
|turn|14
|inactive|pcklee has 60 seconds left.
|
|t:|1760329631
|move|p1a: Barraskewda|Flip Turn|p2a: Darkrai
|-damage|p2a: Darkrai|0 fnt
|faint|p2a: Darkrai
|
|t:|1760329647
|switch|p1a: Hydrapple|Hydrapple, M|91/100|[from] Flip Turn
|
|-weather|RainDance|[upkeep]
|upkeep
|j| ulisesdiogenes
|inactive|pcklee has 30 seconds left.
|inactive|pcklee has 20 seconds left.
|inactive|pcklee has 15 seconds left.
|inactive|pcklee has 10 seconds left.
|
|t:|1760329690
|switch|p2a: Zamazenta|Zamazenta|100/100
|-damage|p2a: Zamazenta|94/100|[from] Stealth Rock
|-ability|p2a: Zamazenta|Dauntless Shield|boost
|-boost|p2a: Zamazenta|def|1
|turn|15
|inactive|pcklee has 20 seconds left this turn.
|inactive|pcklee has 15 seconds left.
|
|t:|1760329699
|move|p2a: Zamazenta|Iron Defense|p2a: Zamazenta
|-boost|p2a: Zamazenta|def|2
|move|p1a: Hydrapple|Fickle Beam|p2a: Zamazenta
|-damage|p2a: Zamazenta|65/100
|
|-weather|RainDance|[upkeep]
|-heal|p2a: Zamazenta|71/100|[from] item: Leftovers
|upkeep
|turn|16
|inactive|pcklee has 25 seconds left this turn.
|inactive|pcklee has 20 seconds left.
|inactive|pcklee has 15 seconds left.
|
|t:|1760329710
|move|p2a: Zamazenta|Body Press|p1a: Hydrapple
|-damage|p1a: Hydrapple|39/100
|move|p1a: Hydrapple|Fickle Beam|p2a: Zamazenta
|-damage|p2a: Zamazenta|42/100
|
|-weather|RainDance|[upkeep]
|-heal|p2a: Zamazenta|48/100|[from] item: Leftovers
|upkeep
|turn|17
|inactive|pcklee has 25 seconds left this turn.
|inactive|pcklee has 20 seconds left.
|
|t:|1760329726
|-terastallize|p1a: Hydrapple|Fairy
|move|p2a: Zamazenta|Body Press|p1a: Hydrapple
|-resisted|p1a: Hydrapple
|-damage|p1a: Hydrapple|12/100
|move|p1a: Hydrapple|Fickle Beam|p2a: Zamazenta
|-damage|p2a: Zamazenta|20/100
|
|-weather|RainDance|[upkeep]
|-heal|p2a: Zamazenta|26/100|[from] item: Leftovers
|upkeep
|turn|18
|inactive|pcklee has 30 seconds left this turn.
|j| unkntr
|inactive|pcklee has 20 seconds left.
|
|t:|1760329738
|switch|p1a: Raging Bolt|Raging Bolt|76/100
|move|p2a: Zamazenta|Body Press|p1a: Raging Bolt
|-damage|p1a: Raging Bolt|0 fnt
|faint|p1a: Raging Bolt
|-end|p1a: Raging Bolt|Protosynthesis|[silent]
|
|-weather|RainDance|[upkeep]
|-heal|p2a: Zamazenta|32/100|[from] item: Leftovers
|upkeep
|
|t:|1760329741
|switch|p1a: Hydrapple|Hydrapple, M, tera:Fairy|45/100
|turn|19
|inactive|pcklee has 30 seconds left.
|
|t:|1760329752
|move|p2a: Zamazenta|Body Press|p1a: Hydrapple
|-resisted|p1a: Hydrapple
|-damage|p1a: Hydrapple|19/100
|move|p1a: Hydrapple|Fickle Beam|p2a: Zamazenta|[anim] Fickle Beam All Out
|-activate|p1a: Hydrapple|move: Fickle Beam
|-damage|p2a: Zamazenta|0 fnt
|faint|p2a: Zamazenta
|
|-weather|RainDance|[upkeep]
|upkeep
|inactive|pcklee has 30 seconds left this turn.
|l| ulisesdiogenes
|inactive|pcklee has 20 seconds left.
|inactive|pcklee has 15 seconds left.
|inactive|pcklee has 10 seconds left.
|
|t:|1760329773
|switch|p2a: Gholdengo|Gholdengo|100/100
|-damage|p2a: Gholdengo|94/100|[from] Stealth Rock
|-item|p2a: Gholdengo|Air Balloon
|turn|20
|inactive|pcklee has 20 seconds left this turn.
|inactive|pcklee has 15 seconds left.
|inactive|pcklee has 10 seconds left.
|
|t:|1760329794
|switch|p1a: Barraskewda|Barraskewda, M|100/100
|move|p2a: Gholdengo|Nasty Plot|p2a: Gholdengo
|-boost|p2a: Gholdengo|spa|2
|
|-weather|none
|upkeep
|turn|21
|inactive|pcklee has 20 seconds left this turn.
|inactive|pcklee has 15 seconds left.
|inactive|pcklee has 10 seconds left.
|
|t:|1760329806
|move|p1a: Barraskewda|Flip Turn|p2a: Gholdengo
|-damage|p2a: Gholdengo|57/100
|-enditem|p2a: Gholdengo|Air Balloon
|
|t:|1760329808
|switch|p1a: Pelipper|Pelipper, F|60/100|[from] Flip Turn
|-weather|RainDance|[from] ability: Drizzle|[of] p1a: Pelipper
|move|p2a: Gholdengo|Shadow Ball|p1a: Pelipper
|-damage|p1a: Pelipper|0 fnt
|faint|p1a: Pelipper
|
|-weather|RainDance|[upkeep]
|upkeep
|
|t:|1760329810
|switch|p1a: Inteleon|Inteleon, F|73/100
|turn|22
|inactive|pcklee has 30 seconds left this turn.
|inactive|pcklee has 20 seconds left.
|inactive|pcklee has 15 seconds left.
|
|t:|1760329830
|-terastallize|p2a: Gholdengo|Water
|move|p1a: Inteleon|Snipe Shot|p2a: Gholdengo
|-resisted|p2a: Gholdengo
|-damage|p2a: Gholdengo|28/100
|move|p2a: Gholdengo|Shadow Ball|p1a: Inteleon
|-damage|p1a: Inteleon|0 fnt
|faint|p1a: Inteleon
|
|-weather|RainDance|[upkeep]
|upkeep
|
|t:|1760329847
|switch|p1a: Barraskewda|Barraskewda, M|100/100
|turn|23
|inactive|pcklee has 30 seconds left this turn.
|j| ulisesdiogenes
|inactive|pcklee has 20 seconds left.
|inactive|pcklee has 15 seconds left.
|inactive|pcklee has 10 seconds left.
|
|t:|1760329868
|move|p1a: Barraskewda|Liquidation|p2a: Gholdengo
|-resisted|p2a: Gholdengo
|-damage|p2a: Gholdengo|0 fnt
|faint|p2a: Gholdengo
|
|-weather|RainDance|[upkeep]
|upkeep
|inactive|pcklee has 15 seconds left this turn.
|inactive|pcklee has 10 seconds left.
|
|t:|1760329874
|switch|p2a: Dragonite|Dragonite, F|100/100
|turn|24
|inactive|pcklee has 20 seconds left this turn.
|inactive|pcklee has 15 seconds left.
|
|t:|1760329879
|move|p1a: Barraskewda|Flip Turn|p2a: Dragonite
|-resisted|p2a: Dragonite
|-damage|p2a: Dragonite|87/100
|
|t:|1760329881
|switch|p1a: Hydrapple|Hydrapple, M, tera:Fairy|52/100|[from] Flip Turn
|move|p2a: Dragonite|Dragon Dance|p2a: Dragonite
|-boost|p2a: Dragonite|atk|1
|-boost|p2a: Dragonite|spe|1
|
|-weather|RainDance|[upkeep]
|upkeep
|turn|25
|inactive|pcklee has 30 seconds left this turn.
|inactive|pcklee has 20 seconds left.
|inactive|pcklee has 15 seconds left.
|
|t:|1760329899
|move|p2a: Dragonite|Extreme Speed|p1a: Hydrapple
|-damage|p1a: Hydrapple|28/100
|move|p1a: Hydrapple|Fickle Beam|p2a: Dragonite
|-supereffective|p2a: Dragonite
|-damage|p2a: Dragonite|27/100
|
|-weather|RainDance|[upkeep]
|upkeep
|turn|26
|inactive|pcklee has 25 seconds left this turn.
|inactive|pcklee has 20 seconds left.
|
|t:|1760329907
|switch|p2a: Ting-Lu|Ting-Lu|60/100
|-damage|p2a: Ting-Lu|54/100|[from] Stealth Rock
|-ability|p2a: Ting-Lu|Vessel of Ruin
|switch|p1a: Barraskewda|Barraskewda, M|100/100
|
|-weather|RainDance|[upkeep]
|-heal|p2a: Ting-Lu|60/100|[from] item: Leftovers
|upkeep
|turn|27
|inactive|pcklee has 30 seconds left this turn.
|inactive|pcklee has 20 seconds left.
|c|☆pcklee|gg
|c|☆modegobelin|gg
|inactive|pcklee has 15 seconds left.
|-message|pcklee forfeited.
|
|win|modegobelin
|raw|modegobelin's rating: 1616 &rarr; <strong>1633</strong><br />(+17 for winning)
|raw|pcklee's rating: 1559 &rarr; <strong>1542</strong><br />(-17 for losing)
|l|☆pcklee
|player|p2|
|l|☆modegobelin
|player|p1|
|l| ulisesdiogenes
