|j|☆Typrim
|j|☆Christendom
|t:|1760405909
|gametype|singles
|player|p1|Typrim|hilbert|1514
|player|p2|Christendom|yellow|1545
|gen|9
|tier|[Gen 9] OU
|rated|
|rule|HP Percentage Mod: HP is shown in percentages
|rule|Endless Battle Clause: Forcing endless battles is banned
|rule|Species Clause: Limit one of each Pokémon
|rule|OHKO Clause: OHKO moves are banned
|rule|Evasion Items Clause: Evasion items are banned
|rule|Evasion Moves Clause: Evasion moves are banned
|rule|Evasion Abilities Clause: Evasion abilities are banned
|rule|Sleep Moves Clause: Sleep-inducing moves are banned
|clearpoke
|poke|p1|Empoleon, F|
|poke|p1|Garchomp, F|
|poke|p1|Scizor, M|
|poke|p1|Zapdos|
|poke|p1|Ceruledge, M|
|poke|p1|Hatterene, F|
|poke|p2|Iron Valiant|
|poke|p2|Dragapult, F|
|poke|p2|Glimmora, F|
|poke|p2|Ogerpon-Wellspring, F|
|poke|p2|Landorus-Therian, M|
|poke|p2|Kingambit, F|
|teampreview
|inactive|Battle timer is ON: inactive players will automatically lose when time's up. (requested by Typrim)
|
|t:|1760405917
|teamsize|p1|6
|teamsize|p2|6
|start
|switch|p1a: Garchomp|Garchomp, F|100/100
|switch|p2a: Dragapult|Dragapult, F|100/100
|turn|1
|
|t:|1760405928
|switch|p1a: Hatterene|Hatterene, F|100/100
|move|p2a: Dragapult|Shadow Ball|p1a: Hatterene
|-supereffective|p1a: Hatterene
|-damage|p1a: Hatterene|0 fnt
|faint|p1a: Hatterene
|
|upkeep
|
|t:|1760405937
|switch|p1a: Ceruledge|Ceruledge, M|100/100
|turn|2
|
|t:|1760405944
|move|p2a: Dragapult|Shadow Ball|p1a: Ceruledge
|-supereffective|p1a: Ceruledge
|-enditem|p1a: Ceruledge|Focus Sash
|-damage|p1a: Ceruledge|1/100
|move|p1a: Ceruledge|Swords Dance|p1a: Ceruledge
|-boost|p1a: Ceruledge|atk|2
|
|upkeep
|turn|3
|
|t:|1760405950
|switch|p2a: Landorus|Landorus-Therian, M|100/100
|-ability|p2a: Landorus|Intimidate|boost
|-unboost|p1a: Ceruledge|atk|1
|move|p1a: Ceruledge|Shadow Sneak|p2a: Landorus
|-crit|p2a: Landorus
|-damage|p2a: Landorus|58/100
|-damage|p1a: Ceruledge|0 fnt|[from] item: Rocky Helmet|[of] p2a: Landorus
|faint|p1a: Ceruledge
|
|upkeep
|
|t:|1760405955
|switch|p1a: Zapdos|Zapdos|100/100
|turn|4
|
|t:|1760405960
|move|p2a: Landorus|Stealth Rock|p1a: Zapdos
|-sidestart|p1: Typrim|move: Stealth Rock
|move|p1a: Zapdos|Hurricane|p2a: Landorus
|-damage|p2a: Landorus|12/100
|
|upkeep
|turn|5
|
|t:|1760405970
|switch|p2a: Glimmora|Glimmora, F|100/100
|move|p1a: Zapdos|Hurricane|p2a: Glimmora
|-resisted|p2a: Glimmora
|-damage|p2a: Glimmora|72/100
|-start|p2a: Glimmora|confusion
|
|upkeep
|turn|6
|
|t:|1760405975
|-activate|p2a: Glimmora|confusion
|move|p2a: Glimmora|Meteor Beam||[still]
|-prepare|p2a: Glimmora|Meteor Beam
|-boost|p2a: Glimmora|spa|1
|-enditem|p2a: Glimmora|Power Herb
|-anim|p2a: Glimmora|Meteor Beam|p1a: Zapdos
|-supereffective|p1a: Zapdos
|-damage|p1a: Zapdos|0 fnt
|faint|p1a: Zapdos
|
|upkeep
|
|t:|1760405979
|switch|p1a: Empoleon|Empoleon, F|100/100
|-damage|p1a: Empoleon|94/100|[from] Stealth Rock
|turn|7
|
|t:|1760405982
|-activate|p2a: Glimmora|confusion
|move|p2a: Glimmora|Earth Power|p1a: Empoleon
|-supereffective|p1a: Empoleon
|-damage|p1a: Empoleon|0 fnt
|faint|p1a: Empoleon
|
|upkeep
|
|t:|1760405985
|switch|p1a: Garchomp|Garchomp, F|100/100
|-damage|p1a: Garchomp|94/100|[from] Stealth Rock
|turn|8
|
|t:|1760405991
|move|p1a: Garchomp|Scale Shot|p2a: Glimmora
|-damage|p2a: Glimmora|56/100
|-activate|p2a: Glimmora|ability: Toxic Debris
|-sidestart|p1: Typrim|move: Toxic Spikes
|-damage|p2a: Glimmora|39/100
|-activate|p2a: Glimmora|ability: Toxic Debris
|-sidestart|p1: Typrim|move: Toxic Spikes
|-damage|p2a: Glimmora|22/100
|-damage|p2a: Glimmora|5/100
|-hitcount|p2a: Glimmora|4
|-unboost|p1a: Garchomp|def|1
|-boost|p1a: Garchomp|spe|1
|-end|p2a: Glimmora|confusion
|move|p2a: Glimmora|Mortal Spin|p1a: Garchomp
|-resisted|p1a: Garchomp
|-damage|p1a: Garchomp|90/100
|-status|p1a: Garchomp|psn
|-damage|p2a: Glimmora|0 fnt|[from] ability: Rough Skin|[of] p1a: Garchomp
|faint|p2a: Glimmora
|
|-damage|p1a: Garchomp|78/100 psn|[from] psn
|upkeep
|
|t:|1760405994
|switch|p2a: Iron Valiant|Iron Valiant|100/100
|-enditem|p2a: Iron Valiant|Booster Energy
|-activate|p2a: Iron Valiant|ability: Quark Drive|[fromitem]
|-start|p2a: Iron Valiant|quarkdrivespe
|turn|9
|
|t:|1760406002
|move|p2a: Iron Valiant|Encore|p1a: Garchomp
|-start|p1a: Garchomp|Encore
|move|p1a: Garchomp|Scale Shot|p2a: Iron Valiant
|-immune|p2a: Iron Valiant
|
|-damage|p1a: Garchomp|66/100 psn|[from] psn
|upkeep
|turn|10
|
|t:|1760406009
|move|p2a: Iron Valiant|Knock Off|p1a: Garchomp
|-damage|p1a: Garchomp|21/100 psn
|-damage|p2a: Iron Valiant|88/100|[from] ability: Rough Skin|[of] p1a: Garchomp
|-enditem|p1a: Garchomp|Loaded Dice|[from] move: Knock Off|[of] p2a: Iron Valiant
|move|p1a: Garchomp|Scale Shot|p2a: Iron Valiant
|-immune|p2a: Iron Valiant
|
|-damage|p1a: Garchomp|8/100 psn|[from] psn
|upkeep
|turn|11
|
|t:|1760406013
|move|p2a: Iron Valiant|Knock Off|p1a: Garchomp
|-damage|p1a: Garchomp|0 fnt
|-damage|p2a: Iron Valiant|76/100|[from] ability: Rough Skin|[of] p1a: Garchomp
|faint|p1a: Garchomp
|
|upkeep
|
|t:|1760406015
|switch|p1a: Scizor|Scizor, M|100/100
|-damage|p1a: Scizor|88/100|[from] Stealth Rock
|turn|12
|
|t:|1760406021
|-terastallize|p1a: Scizor|Steel
|move|p1a: Scizor|Bullet Punch|p2a: Iron Valiant
|-supereffective|p2a: Iron Valiant
|-damage|p2a: Iron Valiant|0 fnt
|faint|p2a: Iron Valiant
|-end|p2a: Iron Valiant|Quark Drive|[silent]
|
|upkeep
|
|t:|1760406025
|switch|p2a: Landorus|Landorus-Therian, M|12/100
|-ability|p2a: Landorus|Intimidate|boost
|-unboost|p1a: Scizor|atk|1
|turn|13
|
|t:|1760406026
|switch|p2a: Kingambit|Kingambit, F|100/100
|-activate|p2a: Kingambit|ability: Supreme Overlord
|-start|p2a: Kingambit|fallen2|[silent]
|move|p1a: Scizor|Bullet Punch|p2a: Kingambit
|-resisted|p2a: Kingambit
|-damage|p2a: Kingambit|83/100
|
|-heal|p2a: Kingambit|89/100|[from] item: Leftovers
|upkeep
|turn|14
|
|t:|1760406029
|-end|p2a: Kingambit|fallen2|[silent]
|switch|p2a: Landorus|Landorus-Therian, M|12/100
|-ability|p2a: Landorus|Intimidate|boost
|-unboost|p1a: Scizor|atk|1
|move|p1a: Scizor|Bullet Punch|p2a: Landorus
|-damage|p2a: Landorus|0 fnt
|-damage|p1a: Scizor|72/100|[from] item: Rocky Helmet|[of] p2a: Landorus
|faint|p2a: Landorus
|
|upkeep
|
|t:|1760406032
|switch|p2a: Dragapult|Dragapult, F|100/100
|turn|15
|
|t:|1760406034
|move|p1a: Scizor|Bullet Punch|p2a: Dragapult
|-damage|p2a: Dragapult|58/100
|move|p2a: Dragapult|Flamethrower|p1a: Scizor
|-supereffective|p1a: Scizor
|-damage|p1a: Scizor|0 fnt
|faint|p1a: Scizor
|
|win|Christendom
|raw|Typrim's rating: 1514 &rarr; <strong>1496</strong><br />(-18 for losing)
|raw|Christendom's rating: 1545 &rarr; <strong>1563</strong><br />(+18 for winning)
|l|☆Typrim
|player|p1|
