|j|☆Nekomata Shrine
|j|☆FeelMeUp
|t:|1760389578
|gametype|singles
|player|p1|Nekomata Shrine|lusamine-nihilego|1240
|player|p2|FeelMeUp|caitlin|1250
|gen|9
|tier|[Gen 9] OU
|rated|
|rule|HP Percentage Mod: HP is shown in percentages
|rule|Endless Battle Clause: Forcing endless battles is banned
|rule|Species Clause: Limit one of each Pokémon
|rule|OHKO Clause: OHKO moves are banned
|rule|Evasion Items Clause: Evasion items are banned
|rule|Evasion Moves Clause: Evasion moves are banned
|rule|Evasion Abilities Clause: Evasion abilities are banned
|rule|Sleep Moves Clause: Sleep-inducing moves are banned
|clearpoke
|poke|p1|Meowscarada, F|
|poke|p1|Gliscor, M|
|poke|p1|Raging Bolt|
|poke|p1|Quaquaval, M|
|poke|p1|Pecharunt|
|poke|p1|Gholdengo|
|poke|p2|Scream Tail|
|poke|p2|Iron Treads|
|poke|p2|Gholdengo|
|poke|p2|Okidogi, M|
|poke|p2|Weezing-Galar, F|
|poke|p2|Ogerpon-Cornerstone, F|
|teampreview
|inactive|Battle timer is ON: inactive players will automatically lose when time's up. (requested by FeelMeUp)
|
|t:|1760389605
|teamsize|p1|6
|teamsize|p2|6
|start
|switch|p1a: Pecharunt|Pecharunt|100/100
|switch|p2a: Weezing|Weezing-Galar, F|100/100
|-ability|p2a: Weezing|Neutralizing Gas
|turn|1
|inactive|FeelMeUp has 120 seconds left.
|
|t:|1760389635
|move|p1a: Pecharunt|Shadow Ball|p2a: Weezing
|-damage|p2a: Weezing|64/100
|-unboost|p2a: Weezing|spd|1
|move|p2a: Weezing|Will-O-Wisp|p1a: Pecharunt|[miss]
|-miss|p2a: Weezing|p1a: Pecharunt
|
|-heal|p2a: Weezing|70/100|[from] item: Black Sludge
|upkeep
|turn|2
|
|t:|1760389644
|move|p1a: Pecharunt|Malignant Chain|p2a: Weezing
|-damage|p2a: Weezing|0 fnt
|faint|p2a: Weezing
|-end|p2a: Weezing|ability: Neutralizing Gas
|
|upkeep
|inactive|FeelMeUp has 120 seconds left.
|
|t:|1760389660
|switch|p2a: Okidogi|Okidogi, M|100/100
|turn|3
|
|t:|1760389669
|move|p2a: Okidogi|Knock Off|p1a: Pecharunt
|-supereffective|p1a: Pecharunt
|-crit|p1a: Pecharunt
|-damage|p1a: Pecharunt|34/100
|-enditem|p1a: Pecharunt|Heavy-Duty Boots|[from] move: Knock Off|[of] p2a: Okidogi
|move|p1a: Pecharunt|Parting Shot|p2a: Okidogi
|-unboost|p2a: Okidogi|atk|1
|-unboost|p2a: Okidogi|spa|1
|
|t:|1760389674
|switch|p1a: Gliscor|Gliscor, M|100/100|[from] Parting Shot
|
|-status|p1a: Gliscor|tox|[from] item: Toxic Orb
|upkeep
|turn|4
|
|t:|1760389683
|move|p1a: Gliscor|Stealth Rock|p2a: Okidogi
|-sidestart|p2: FeelMeUp|move: Stealth Rock
|move|p2a: Okidogi|Ice Punch|p1a: Gliscor
|-supereffective|p1a: Gliscor
|-damage|p1a: Gliscor|46/100 tox
|
|-heal|p1a: Gliscor|59/100 tox|[from] ability: Poison Heal
|upkeep
|turn|5
|
|t:|1760389702
|switch|p1a: Pecharunt|Pecharunt|34/100
|switch|p2a: Scream Tail|Scream Tail|100/100
|-damage|p2a: Scream Tail|88/100|[from] Stealth Rock
|
|upkeep
|turn|6
|
|t:|1760389715
|move|p2a: Scream Tail|Stealth Rock|p1a: Pecharunt
|-sidestart|p1: Nekomata Shrine|move: Stealth Rock
|move|p1a: Pecharunt|Recover|p1a: Pecharunt
|-heal|p1a: Pecharunt|84/100
|
|upkeep
|turn|7
|
|t:|1760389721
|move|p2a: Scream Tail|Thunder Wave|p1a: Pecharunt
|-status|p1a: Pecharunt|par
|move|p1a: Pecharunt|Shadow Ball|p2a: Scream Tail
|-supereffective|p2a: Scream Tail
|-damage|p2a: Scream Tail|51/100
|
|upkeep
|turn|8
|
|t:|1760389748
|move|p2a: Scream Tail|Encore|p1a: Pecharunt
|-start|p1a: Pecharunt|Encore
|move|p1a: Pecharunt|Shadow Ball|p2a: Scream Tail
|-supereffective|p2a: Scream Tail
|-damage|p2a: Scream Tail|17/100
|-enditem|p2a: Scream Tail|Sitrus Berry|[eat]
|-heal|p2a: Scream Tail|42/100|[from] item: Sitrus Berry
|
|upkeep
|turn|9
|
|t:|1760389759
|-end|p2a: Scream Tail|Protosynthesis|[silent]
|switch|p2a: Iron Treads|Iron Treads|100/100
|-damage|p2a: Iron Treads|97/100|[from] Stealth Rock
|-enditem|p2a: Iron Treads|Booster Energy
|-activate|p2a: Iron Treads|ability: Quark Drive|[fromitem]
|-start|p2a: Iron Treads|quarkdriveatk
|move|p1a: Pecharunt|Shadow Ball|p2a: Iron Treads
|-damage|p2a: Iron Treads|61/100
|-unboost|p2a: Iron Treads|spd|1
|
|upkeep
|turn|10
|
|t:|1760389773
|move|p2a: Iron Treads|Earthquake|p1a: Pecharunt
|-supereffective|p1a: Pecharunt
|-damage|p1a: Pecharunt|14/100 par
|move|p1a: Pecharunt|Shadow Ball|p2a: Iron Treads
|-damage|p2a: Iron Treads|4/100
|-unboost|p2a: Iron Treads|spd|1
|
|-end|p1a: Pecharunt|Encore
|upkeep
|turn|11
|
|t:|1760389788
|move|p2a: Iron Treads|Ice Spinner|p1a: Pecharunt
|-damage|p1a: Pecharunt|0 fnt
|faint|p1a: Pecharunt
|
|upkeep
|
|t:|1760389791
|switch|p1a: Gholdengo|Gholdengo|100/100
|-damage|p1a: Gholdengo|94/100|[from] Stealth Rock
|turn|12
|
|t:|1760389796
|move|p1a: Gholdengo|Shadow Ball|p2a: Iron Treads
|-damage|p2a: Iron Treads|0 fnt
|faint|p2a: Iron Treads
|-end|p2a: Iron Treads|Quark Drive|[silent]
|
|upkeep
|
|t:|1760389819
|switch|p2a: Gholdengo|Gholdengo|100/100
|-damage|p2a: Gholdengo|94/100|[from] Stealth Rock
|turn|13
|
|t:|1760389828
|switch|p1a: Quaquaval|Quaquaval, M|100/100
|-damage|p1a: Quaquaval|94/100|[from] Stealth Rock
|move|p2a: Gholdengo|Nasty Plot|p2a: Gholdengo
|-boost|p2a: Gholdengo|spa|2
|
|upkeep
|turn|14
|
|t:|1760389835
|move|p1a: Quaquaval|Aqua Step|p2a: Gholdengo
|-damage|p2a: Gholdengo|53/100
|-boost|p1a: Quaquaval|spe|1
|move|p2a: Gholdengo|Thunderbolt|p1a: Quaquaval
|-supereffective|p1a: Quaquaval
|-damage|p1a: Quaquaval|0 fnt
|faint|p1a: Quaquaval
|
|upkeep
|
|t:|1760389840
|switch|p1a: Gholdengo|Gholdengo|94/100
|-damage|p1a: Gholdengo|88/100|[from] Stealth Rock
|turn|15
|
|t:|1760389849
|move|p1a: Gholdengo|Shadow Ball|p2a: Gholdengo
|-supereffective|p2a: Gholdengo
|-damage|p2a: Gholdengo|0 fnt
|faint|p2a: Gholdengo
|
|upkeep
|
|t:|1760389856
|switch|p2a: Okidogi|Okidogi, M|100/100
|-damage|p2a: Okidogi|94/100|[from] Stealth Rock
|turn|16
|
|t:|1760389861
|switch|p1a: Gliscor|Gliscor, M|59/100 tox
|-damage|p1a: Gliscor|46/100 tox|[from] Stealth Rock
|move|p2a: Okidogi|Knock Off|p1a: Gliscor
|-damage|p1a: Gliscor|17/100 tox
|-enditem|p1a: Gliscor|Toxic Orb|[from] move: Knock Off|[of] p2a: Okidogi
|
|-heal|p1a: Gliscor|30/100 tox|[from] ability: Poison Heal
|upkeep
|turn|17
|
|t:|1760389870
|-terastallize|p1a: Gliscor|Water
|move|p1a: Gliscor|Earthquake|p2a: Okidogi
|-supereffective|p2a: Okidogi
|-damage|p2a: Okidogi|37/100
|move|p2a: Okidogi|Ice Punch|p1a: Gliscor
|-resisted|p1a: Gliscor
|-damage|p1a: Gliscor|20/100 tox
|
|-heal|p1a: Gliscor|32/100 tox|[from] ability: Poison Heal
|upkeep
|turn|18
|
|t:|1760389882
|move|p1a: Gliscor|Earthquake|p2a: Okidogi
|-supereffective|p2a: Okidogi
|-damage|p2a: Okidogi|0 fnt
|faint|p2a: Okidogi
|
|-heal|p1a: Gliscor|45/100 tox|[from] ability: Poison Heal
|upkeep
|
|t:|1760389888
|switch|p2a: Ogerpon|Ogerpon-Cornerstone, F|100/100
|-damage|p2a: Ogerpon|88/100|[from] Stealth Rock
|turn|19
|
|t:|1760389906
|switch|p1a: Meowscarada|Meowscarada, F|100/100
|-damage|p1a: Meowscarada|88/100|[from] Stealth Rock
|move|p2a: Ogerpon|Swords Dance|p2a: Ogerpon
|-boost|p2a: Ogerpon|atk|2
|
|upkeep
|turn|20
|
|t:|1760389924
|-terastallize|p2a: Ogerpon|Rock
|detailschange|p2a: Ogerpon|Ogerpon-Cornerstone-Tera, F, tera:Rock
|-ability|p2a: Ogerpon|Embody Aspect (Cornerstone)|boost
|-boost|p2a: Ogerpon|def|1
|move|p1a: Meowscarada|Flower Trick|p2a: Ogerpon
|-start|p1a: Meowscarada|typechange|Grass|[from] ability: Protean
|-supereffective|p2a: Ogerpon
|-crit|p2a: Ogerpon
|-damage|p2a: Ogerpon|0 fnt
|faint|p2a: Ogerpon
|detailschange|p2: Ogerpon|Ogerpon-Cornerstone, F|[silent]
|-damage|p1a: Meowscarada|78/100|[from] item: Life Orb
|
|upkeep
|-message|FeelMeUp forfeited.
|
|win|Nekomata Shrine
|raw|Nekomata Shrine's rating: 1240 &rarr; <strong>1266</strong><br />(+26 for winning)
|raw|FeelMeUp's rating: 1250 &rarr; <strong>1224</strong><br />(-26 for losing)
|l|☆FeelMeUp
|player|p2|
