|j|☆J2icy
|j|☆ygars
|t:|1760332880
|gametype|singles
|player|p1|J2icy|266|1202
|player|p2|ygars|ingo|1206
|gen|9
|tier|[Gen 9] OU
|rated|
|rule|HP Percentage Mod: HP is shown in percentages
|rule|Endless Battle Clause: Forcing endless battles is banned
|rule|Species Clause: Limit one of each Pokémon
|rule|OHKO Clause: OHKO moves are banned
|rule|Evasion Items Clause: Evasion items are banned
|rule|Evasion Moves Clause: Evasion moves are banned
|rule|Evasion Abilities Clause: Evasion abilities are banned
|rule|Sleep Moves Clause: Sleep-inducing moves are banned
|clearpoke
|poke|p1|Blaziken, F|
|poke|p1|Zapdos|
|poke|p1|Primarina, M|
|poke|p1|Great Tusk|
|poke|p1|Rhyperior, M|
|poke|p1|Moltres|
|poke|p2|Dondozo, M|
|poke|p2|Blissey, F|
|poke|p2|Corviknight, M|
|poke|p2|Weezing-Galar, M|
|poke|p2|Gliscor, M|
|poke|p2|Toxapex, F|
|teampreview
|inactive|Battle timer is ON: inactive players will automatically lose when time's up. (requested by J2icy)
|
|t:|1760332899
|teamsize|p1|6
|teamsize|p2|6
|start
|switch|p1a: Rhyperior|Rhyperior, M|100/100
|switch|p2a: Gliscor|Gliscor, M|100/100
|turn|1
|
|t:|1760332911
|move|p2a: Gliscor|Knock Off|p1a: Rhyperior
|-damage|p1a: Rhyperior|86/100
|-enditem|p1a: Rhyperior|Focus Sash|[from] move: Knock Off|[of] p2a: Gliscor
|move|p1a: Rhyperior|Stealth Rock|p2a: Gliscor
|-sidestart|p2: ygars|move: Stealth Rock
|
|-status|p2a: Gliscor|tox|[from] item: Toxic Orb
|upkeep
|turn|2
|
|t:|1760332926
|switch|p2a: Corviknight|Corviknight, M|100/100
|-damage|p2a: Corviknight|88/100|[from] Stealth Rock
|-ability|p2a: Corviknight|Pressure
|move|p1a: Rhyperior|Swords Dance|p1a: Rhyperior
|-boost|p1a: Rhyperior|atk|2
|
|-heal|p2a: Corviknight|94/100|[from] item: Leftovers
|upkeep
|turn|3
|
|t:|1760332930
|move|p2a: Corviknight|Iron Defense|p2a: Corviknight
|-boost|p2a: Corviknight|def|2
|move|p1a: Rhyperior|Stone Edge|p2a: Corviknight
|-crit|p2a: Corviknight
|-damage|p2a: Corviknight|7/100
|
|-heal|p2a: Corviknight|13/100|[from] item: Leftovers
|upkeep
|turn|4
|
|t:|1760332938
|switch|p1a: Zapdos|Zapdos, shiny|100/100
|move|p2a: Corviknight|Roost|p2a: Corviknight
|-heal|p2a: Corviknight|63/100
|-singleturn|p2a: Corviknight|move: Roost
|
|-heal|p2a: Corviknight|69/100|[from] item: Leftovers
|upkeep
|turn|5
|c|☆ygars|crit lmao
|
|t:|1760332950
|switch|p2a: Gliscor|Gliscor, M|100/100 tox
|-damage|p2a: Gliscor|88/100 tox|[from] Stealth Rock
|move|p1a: Zapdos|Volt Switch|p2a: Gliscor
|-immune|p2a: Gliscor
|
|-heal|p2a: Gliscor|100/100 tox|[from] ability: Poison Heal
|upkeep
|turn|6
|
|t:|1760332959
|move|p1a: Zapdos|Hurricane|p2a: Gliscor
|-damage|p2a: Gliscor|62/100 tox
|-start|p2a: Gliscor|confusion
|-activate|p2a: Gliscor|confusion
|move|p2a: Gliscor|Knock Off|p1a: Zapdos
|-damage|p1a: Zapdos|84/100
|-damage|p2a: Gliscor|45/100 tox|[from] item: Rocky Helmet|[of] p1a: Zapdos
|-enditem|p1a: Zapdos|Rocky Helmet|[from] move: Knock Off|[of] p2a: Gliscor
|
|-heal|p2a: Gliscor|58/100 tox|[from] ability: Poison Heal
|upkeep
|turn|7
|
|t:|1760332968
|switch|p2a: Blissey|Blissey, F|100/100
|-damage|p2a: Blissey|88/100|[from] Stealth Rock
|move|p1a: Zapdos|Volt Switch|p2a: Blissey
|-damage|p2a: Blissey|79/100
|
|t:|1760332973
|switch|p1a: Rhyperior|Rhyperior, M|86/100|[from] Volt Switch
|
|-heal|p2a: Blissey|85/100|[from] item: Leftovers
|upkeep
|turn|8
|
|t:|1760332977
|switch|p2a: Corviknight|Corviknight, M|69/100
|-damage|p2a: Corviknight|57/100|[from] Stealth Rock
|-ability|p2a: Corviknight|Pressure
|move|p1a: Rhyperior|Swords Dance|p1a: Rhyperior
|-boost|p1a: Rhyperior|atk|2
|
|-heal|p2a: Corviknight|63/100|[from] item: Leftovers
|upkeep
|turn|9
|
|t:|1760332980
|move|p2a: Corviknight|Iron Defense|p2a: Corviknight
|-boost|p2a: Corviknight|def|2
|move|p1a: Rhyperior|Stone Edge|p2a: Corviknight
|-damage|p2a: Corviknight|35/100
|
|-heal|p2a: Corviknight|41/100|[from] item: Leftovers
|upkeep
|turn|10
|
|t:|1760332985
|move|p2a: Corviknight|Iron Defense|p2a: Corviknight
|-boost|p2a: Corviknight|def|2
|move|p1a: Rhyperior|Stone Edge|p2a: Corviknight
|-damage|p2a: Corviknight|22/100
|
|-heal|p2a: Corviknight|29/100|[from] item: Leftovers
|upkeep
|turn|11
|
|t:|1760332993
|switch|p1a: Zapdos|Zapdos, shiny|84/100
|move|p2a: Corviknight|Roost|p2a: Corviknight
|-heal|p2a: Corviknight|79/100
|-singleturn|p2a: Corviknight|move: Roost
|
|-heal|p2a: Corviknight|85/100|[from] item: Leftovers
|upkeep
|turn|12
|
|t:|1760333000
|move|p1a: Zapdos|Volt Switch|p2a: Corviknight
|-supereffective|p2a: Corviknight
|-damage|p2a: Corviknight|31/100
|
|t:|1760333003
|switch|p1a: Moltres|Moltres|100/100|[from] Volt Switch
|move|p2a: Corviknight|Body Press|p1a: Moltres
|-resisted|p1a: Moltres
|-damage|p1a: Moltres|66/100
|-status|p2a: Corviknight|brn|[from] ability: Flame Body|[of] p1a: Moltres
|
|-heal|p2a: Corviknight|37/100 brn|[from] item: Leftovers
|-damage|p2a: Corviknight|31/100 brn|[from] brn
|upkeep
|turn|13
|
|t:|1760333015
|switch|p2a: Blissey|Blissey, F|85/100
|-damage|p2a: Blissey|73/100|[from] Stealth Rock
|move|p1a: Moltres|Roost|p1a: Moltres
|-heal|p1a: Moltres|100/100
|-singleturn|p1a: Moltres|move: Roost
|
|-heal|p2a: Blissey|79/100|[from] item: Leftovers
|upkeep
|turn|14
|
|t:|1760333020
|switch|p1a: Rhyperior|Rhyperior, M|86/100
|move|p2a: Blissey|Stealth Rock|p1a: Rhyperior
|-sidestart|p1: J2icy|move: Stealth Rock
|
|-heal|p2a: Blissey|85/100|[from] item: Leftovers
|upkeep
|turn|15
|
|t:|1760333033
|switch|p2a: Toxapex|Toxapex, F|100/100
|-damage|p2a: Toxapex|88/100|[from] Stealth Rock
|move|p1a: Rhyperior|Stone Edge|p2a: Toxapex
|-damage|p2a: Toxapex|48/100
|
|-heal|p2a: Toxapex|54/100|[from] item: Leftovers
|upkeep
|turn|16
|
|t:|1760333044
|move|p1a: Rhyperior|Stone Edge|p2a: Toxapex|[miss]
|-miss|p1a: Rhyperior|p2a: Toxapex
|move|p2a: Toxapex|Toxic|p1a: Rhyperior
|-status|p1a: Rhyperior|tox
|
|-heal|p2a: Toxapex|60/100|[from] item: Leftovers
|-damage|p1a: Rhyperior|80/100 tox|[from] psn
|upkeep
|turn|17
|
|t:|1760333050
|move|p1a: Rhyperior|Earthquake|p2a: Toxapex
|-supereffective|p2a: Toxapex
|-damage|p2a: Toxapex|0 fnt
|faint|p2a: Toxapex
|
|-damage|p1a: Rhyperior|68/100 tox|[from] psn
|upkeep
|
|t:|1760333055
|switch|p2a: Gliscor|Gliscor, M|58/100 tox
|-damage|p2a: Gliscor|45/100 tox|[from] Stealth Rock
|turn|18
|
|t:|1760333065
|switch|p1a: Moltres|Moltres|100/100
|move|p2a: Gliscor|Protect||[still]
|-fail|p2a: Gliscor
|
|-heal|p2a: Gliscor|58/100 tox|[from] ability: Poison Heal
|upkeep
|turn|19
|
|t:|1760333078
|-terastallize|p2a: Gliscor|Water
|move|p2a: Gliscor|Knock Off|p1a: Moltres
|-crit|p1a: Moltres
|-damage|p1a: Moltres|70/100
|-enditem|p1a: Moltres|Heavy-Duty Boots|[from] move: Knock Off|[of] p2a: Gliscor
|move|p1a: Moltres|Flamethrower|p2a: Gliscor
|-resisted|p2a: Gliscor
|-damage|p2a: Gliscor|43/100 tox
|
|-heal|p2a: Gliscor|56/100 tox|[from] ability: Poison Heal
|upkeep
|turn|20
|
|t:|1760333084
|move|p2a: Gliscor|Protect|p2a: Gliscor
|-singleturn|p2a: Gliscor|Protect
|move|p1a: Moltres|Roost|p1a: Moltres
|-heal|p1a: Moltres|100/100
|-singleturn|p1a: Moltres|move: Roost
|
|-heal|p2a: Gliscor|68/100 tox|[from] ability: Poison Heal
|upkeep
|turn|21
|
|t:|1760333090
|switch|p2a: Weezing|Weezing-Galar, M|100/100
|-ability|p2a: Weezing|Neutralizing Gas
|move|p1a: Moltres|Air Slash|p2a: Weezing
|-damage|p2a: Weezing|58/100
|
|upkeep
|turn|22
|
|t:|1760333104
|switch|p1a: Rhyperior|Rhyperior, M|68/100 tox
|-damage|p1a: Rhyperior|61/100 tox|[from] Stealth Rock
|move|p2a: Weezing|Pain Split|p1a: Rhyperior
|-sethp|p1a: Rhyperior|53/100 tox|[from] move: Pain Split|[silent]
|-sethp|p2a: Weezing|69/100|[from] move: Pain Split
|
|-damage|p1a: Rhyperior|47/100 tox|[from] psn
|upkeep
|turn|23
|
|t:|1760333112
|-end|p2a: Weezing|ability: Neutralizing Gas
|switch|p2a: Gliscor|Gliscor, M, tera:Water|68/100 tox
|-damage|p2a: Gliscor|56/100 tox|[from] Stealth Rock
|switch|p1a: Zapdos|Zapdos, shiny|84/100
|-damage|p1a: Zapdos|59/100|[from] Stealth Rock
|
|-heal|p2a: Gliscor|68/100 tox|[from] ability: Poison Heal
|upkeep
|turn|24
|
|t:|1760333117
|switch|p2a: Blissey|Blissey, F|85/100
|-damage|p2a: Blissey|73/100|[from] Stealth Rock
|move|p1a: Zapdos|Volt Switch|p2a: Blissey
|-damage|p2a: Blissey|64/100
|
|t:|1760333123
|switch|p1a: Rhyperior|Rhyperior, M|47/100 tox|[from] Volt Switch
|-damage|p1a: Rhyperior|41/100 tox|[from] Stealth Rock
|
|-heal|p2a: Blissey|70/100|[from] item: Leftovers
|-damage|p1a: Rhyperior|34/100 tox|[from] psn
|upkeep
|turn|25
|
|t:|1760333128
|switch|p1a: Zapdos|Zapdos, shiny|59/100
|-damage|p1a: Zapdos|34/100|[from] Stealth Rock
|move|p2a: Blissey|Seismic Toss|p1a: Zapdos
|-damage|p1a: Zapdos|8/100
|
|-heal|p2a: Blissey|76/100|[from] item: Leftovers
|upkeep
|turn|26
|
|t:|1760333131
|move|p1a: Zapdos|Roost|p1a: Zapdos
|-heal|p1a: Zapdos|58/100
|-singleturn|p1a: Zapdos|move: Roost
|move|p2a: Blissey|Seismic Toss|p1a: Zapdos
|-damage|p1a: Zapdos|32/100
|
|-heal|p2a: Blissey|83/100|[from] item: Leftovers
|upkeep
|turn|27
|
|t:|1760333135
|move|p1a: Zapdos|Roost|p1a: Zapdos
|-heal|p1a: Zapdos|82/100
|-singleturn|p1a: Zapdos|move: Roost
|move|p2a: Blissey|Seismic Toss|p1a: Zapdos
|-damage|p1a: Zapdos|56/100
|
|-heal|p2a: Blissey|89/100|[from] item: Leftovers
|upkeep
|turn|28
|
|t:|1760333137
|move|p1a: Zapdos|Volt Switch|p2a: Blissey
|-damage|p2a: Blissey|80/100
|
|t:|1760333139
|switch|p1a: Rhyperior|Rhyperior, M|34/100 tox|[from] Volt Switch
|-damage|p1a: Rhyperior|28/100 tox|[from] Stealth Rock
|move|p2a: Blissey|Seismic Toss|p1a: Rhyperior
|-damage|p1a: Rhyperior|5/100 tox
|
|-heal|p2a: Blissey|87/100|[from] item: Leftovers
|-damage|p1a: Rhyperior|0 fnt|[from] psn
|faint|p1a: Rhyperior
|upkeep
|inactive|J2icy has 120 seconds left.
|
|t:|1760333178
|switch|p1a: Blaziken|Blaziken, F, shiny|100/100
|-damage|p1a: Blaziken|88/100|[from] Stealth Rock
|turn|29
|
|t:|1760333183
|switch|p2a: Dondozo|Dondozo, M|100/100
|-damage|p2a: Dondozo|88/100|[from] Stealth Rock
|move|p1a: Blaziken|Swords Dance|p1a: Blaziken
|-boost|p1a: Blaziken|atk|2
|
|-heal|p2a: Dondozo|94/100|[from] item: Leftovers
|-ability|p1a: Blaziken|Speed Boost|boost
|-boost|p1a: Blaziken|spe|1
|upkeep
|turn|30
|
|t:|1760333193
|-terastallize|p1a: Blaziken|Flying
|move|p1a: Blaziken|Knock Off|p2a: Dondozo
|-damage|p2a: Dondozo|80/100
|-enditem|p2a: Dondozo|Leftovers|[from] move: Knock Off|[of] p1a: Blaziken
|move|p2a: Dondozo|Body Press|p1a: Blaziken
|-resisted|p1a: Blaziken
|-damage|p1a: Blaziken|65/100
|
|-ability|p1a: Blaziken|Speed Boost|boost
|-boost|p1a: Blaziken|spe|1
|upkeep
|turn|31
|
|t:|1760333202
|move|p1a: Blaziken|Knock Off|p2a: Dondozo
|-damage|p2a: Dondozo|71/100
|move|p2a: Dondozo|Avalanche|p1a: Blaziken
|-supereffective|p1a: Blaziken
|-damage|p1a: Blaziken|0 fnt
|faint|p1a: Blaziken
|
|upkeep
|
|t:|1760333208
|switch|p1a: Zapdos|Zapdos, shiny|56/100
|-damage|p1a: Zapdos|31/100|[from] Stealth Rock
|turn|32
|
|t:|1760333211
|switch|p2a: Blissey|Blissey, F|87/100
|-damage|p2a: Blissey|74/100|[from] Stealth Rock
|move|p1a: Zapdos|Volt Switch|p2a: Blissey
|-damage|p2a: Blissey|65/100
|
|t:|1760333213
|switch|p1a: Great Tusk|Great Tusk, shiny|100/100|[from] Volt Switch
|-damage|p1a: Great Tusk|98/100|[from] Stealth Rock
|-enditem|p1a: Great Tusk|Booster Energy
|-activate|p1a: Great Tusk|ability: Protosynthesis|[fromitem]
|-start|p1a: Great Tusk|protosynthesisspe
|
|-heal|p2a: Blissey|71/100|[from] item: Leftovers
|upkeep
|turn|33
|
|t:|1760333220
|switch|p2a: Gliscor|Gliscor, M, tera:Water|68/100 tox
|-damage|p2a: Gliscor|56/100 tox|[from] Stealth Rock
|move|p1a: Great Tusk|Bulk Up|p1a: Great Tusk
|-boost|p1a: Great Tusk|atk|1
|-boost|p1a: Great Tusk|def|1
|
|-heal|p2a: Gliscor|68/100 tox|[from] ability: Poison Heal
|upkeep
|turn|34
|
|t:|1760333225
|switch|p2a: Dondozo|Dondozo, M|71/100
|-damage|p2a: Dondozo|58/100|[from] Stealth Rock
|move|p1a: Great Tusk|Bulk Up|p1a: Great Tusk
|-boost|p1a: Great Tusk|atk|1
|-boost|p1a: Great Tusk|def|1
|
|upkeep
|turn|35
|
|t:|1760333229
|move|p1a: Great Tusk|Headlong Rush|p2a: Dondozo
|-damage|p2a: Dondozo|35/100
|-unboost|p1a: Great Tusk|def|1
|-unboost|p1a: Great Tusk|spd|1
|move|p2a: Dondozo|Avalanche|p1a: Great Tusk
|-supereffective|p1a: Great Tusk
|-damage|p1a: Great Tusk|60/100
|
|upkeep
|turn|36
|
|t:|1760333258
|-end|p1a: Great Tusk|Protosynthesis|[silent]
|switch|p1a: Zapdos|Zapdos, shiny|31/100
|-damage|p1a: Zapdos|6/100|[from] Stealth Rock
|move|p2a: Dondozo|Rest|p2a: Dondozo
|-status|p2a: Dondozo|slp|[from] move: Rest
|-heal|p2a: Dondozo|100/100 slp|[silent]
|
|upkeep
|turn|37
|
|t:|1760333263
|switch|p2a: Blissey|Blissey, F|71/100
|-damage|p2a: Blissey|59/100|[from] Stealth Rock
|move|p1a: Zapdos|Roost|p1a: Zapdos
|-heal|p1a: Zapdos|56/100
|-singleturn|p1a: Zapdos|move: Roost
|
|-heal|p2a: Blissey|65/100|[from] item: Leftovers
|upkeep
|turn|38
|inactive|J2icy has 120 seconds left.
|inactive|J2icy has 90 seconds left.
|
|t:|1760333326
|move|p1a: Zapdos|Roost|p1a: Zapdos
|-heal|p1a: Zapdos|100/100
|-singleturn|p1a: Zapdos|move: Roost
|move|p2a: Blissey|Soft-Boiled|p2a: Blissey
|-heal|p2a: Blissey|100/100
|
|upkeep
|turn|39
|
|t:|1760333329
|move|p1a: Zapdos|Volt Switch|p2a: Blissey
|-damage|p2a: Blissey|92/100
|
|t:|1760333338
|switch|p1a: Primarina|Primarina, M|100/100|[from] Volt Switch
|-damage|p1a: Primarina|88/100|[from] Stealth Rock
|move|p2a: Blissey|Soft-Boiled|p2a: Blissey
|-heal|p2a: Blissey|100/100
|
|upkeep
|turn|40
|
|t:|1760333348
|move|p1a: Primarina|Encore|p2a: Blissey
|-start|p2a: Blissey|Encore
|move|p2a: Blissey|Soft-Boiled||[still]
|-fail|p2a: Blissey|heal
|
|upkeep
|turn|41
|
|t:|1760333356
|switch|p2a: Weezing|Weezing-Galar, M|69/100
|-ability|p2a: Weezing|Neutralizing Gas
|move|p1a: Primarina|Psychic Noise|p2a: Weezing
|-supereffective|p2a: Weezing
|-damage|p2a: Weezing|0 fnt
|faint|p2a: Weezing
|-end|p2a: Weezing|ability: Neutralizing Gas
|
|upkeep
|
|t:|1760333360
|switch|p2a: Blissey|Blissey, F|100/100
|-damage|p2a: Blissey|88/100|[from] Stealth Rock
|turn|42
|inactive|J2icy has 90 seconds left.
|
|t:|1760333393
|move|p1a: Primarina|Psychic Noise|p2a: Blissey
|-damage|p2a: Blissey|80/100
|-start|p2a: Blissey|move: Heal Block
|move|p2a: Blissey|Seismic Toss|p1a: Primarina
|-damage|p1a: Primarina|55/100
|
|upkeep
|turn|43
|
|t:|1760333400
|move|p1a: Primarina|Hydro Pump|p2a: Blissey|[miss]
|-miss|p1a: Primarina|p2a: Blissey
|move|p2a: Blissey|Seismic Toss|p1a: Primarina
|-damage|p1a: Primarina|22/100
|
|-end|p2a: Blissey|move: Heal Block
|upkeep
|turn|44
|
|t:|1760333405
|move|p1a: Primarina|Hydro Pump|p2a: Blissey
|-damage|p2a: Blissey|45/100
|move|p2a: Blissey|Seismic Toss|p1a: Primarina
|-damage|p1a: Primarina|0 fnt
|faint|p1a: Primarina
|
|-heal|p2a: Blissey|51/100|[from] item: Leftovers
|upkeep
|
|t:|1760333410
|switch|p1a: Great Tusk|Great Tusk, shiny|60/100
|-damage|p1a: Great Tusk|57/100|[from] Stealth Rock
|turn|45
|
|t:|1760333413
|switch|p2a: Dondozo|Dondozo, M|100/100 slp
|-damage|p2a: Dondozo|88/100 slp|[from] Stealth Rock
|move|p1a: Great Tusk|Headlong Rush|p2a: Dondozo
|-damage|p2a: Dondozo|64/100 slp
|-unboost|p1a: Great Tusk|def|1
|-unboost|p1a: Great Tusk|spd|1
|
|upkeep
|turn|46
|
|t:|1760333416
|move|p1a: Great Tusk|Headlong Rush|p2a: Dondozo
|-damage|p2a: Dondozo|40/100 slp
|-unboost|p1a: Great Tusk|def|1
|-unboost|p1a: Great Tusk|spd|1
|cant|p2a: Dondozo|slp
|move|p2a: Dondozo|Sleep Talk|p2a: Dondozo
|move|p2a: Dondozo|Avalanche|p1a: Great Tusk|[from] move: Sleep Talk
|-supereffective|p1a: Great Tusk
|-damage|p1a: Great Tusk|26/100
|
|upkeep
|turn|47
|
|t:|1760333426
|move|p1a: Great Tusk|Headlong Rush|p2a: Dondozo
|-damage|p2a: Dondozo|16/100 slp
|-unboost|p1a: Great Tusk|def|1
|-unboost|p1a: Great Tusk|spd|1
|cant|p2a: Dondozo|slp
|move|p2a: Dondozo|Sleep Talk|p2a: Dondozo
|move|p2a: Dondozo|Rest||[from] move: Sleep Talk|[still]
|-fail|p2a: Dondozo
|
|upkeep
|turn|48
|inactive|J2icy has 120 seconds left.
|inactive|J2icy has 90 seconds left.
|
|t:|1760333487
|move|p1a: Great Tusk|Headlong Rush|p2a: Dondozo
|-damage|p2a: Dondozo|0 fnt
|-unboost|p1a: Great Tusk|def|1
|-unboost|p1a: Great Tusk|spd|1
|faint|p2a: Dondozo
|
|upkeep
|
|t:|1760333491
|switch|p2a: Gliscor|Gliscor, M, tera:Water|68/100 tox
|-damage|p2a: Gliscor|56/100 tox|[from] Stealth Rock
|turn|49
|
|t:|1760333499
|-end|p1a: Great Tusk|Protosynthesis|[silent]
|switch|p1a: Zapdos|Zapdos, shiny|100/100
|-damage|p1a: Zapdos|75/100|[from] Stealth Rock
|move|p2a: Gliscor|Spikes|p1a: Zapdos
|-sidestart|p1: J2icy|Spikes
|
|-heal|p2a: Gliscor|68/100 tox|[from] ability: Poison Heal
|upkeep
|turn|50
|
|t:|1760333503
|move|p2a: Gliscor|Protect|p2a: Gliscor
|-singleturn|p2a: Gliscor|Protect
|move|p1a: Zapdos|Volt Switch|p2a: Gliscor
|-activate|p2a: Gliscor|move: Protect
|
|-heal|p2a: Gliscor|81/100 tox|[from] ability: Poison Heal
|upkeep
|turn|51
|
|t:|1760333519
|switch|p2a: Corviknight|Corviknight, M|31/100 brn
|-damage|p2a: Corviknight|18/100 brn|[from] Stealth Rock
|-ability|p2a: Corviknight|Pressure
|move|p1a: Zapdos|Volt Switch|p2a: Corviknight
|-supereffective|p2a: Corviknight
|-crit|p2a: Corviknight
|-damage|p2a: Corviknight|0 fnt
|faint|p2a: Corviknight
|
|t:|1760333523
|switch|p1a: Moltres|Moltres|100/100|[from] Volt Switch
|-damage|p1a: Moltres|50/100|[from] Stealth Rock
|
|upkeep
|
|t:|1760333526
|switch|p2a: Gliscor|Gliscor, M, tera:Water|81/100 tox
|-damage|p2a: Gliscor|68/100 tox|[from] Stealth Rock
|turn|52
|inactive|J2icy has 120 seconds left.
|inactive|J2icy has 90 seconds left.
|
|t:|1760333570
|move|p2a: Gliscor|Spikes|p1a: Moltres
|-sidestart|p1: J2icy|Spikes
|move|p1a: Moltres|Roost|p1a: Moltres
|-heal|p1a: Moltres|100/100
|-singleturn|p1a: Moltres|move: Roost
|
|-heal|p2a: Gliscor|81/100 tox|[from] ability: Poison Heal
|upkeep
|turn|53
|inactive|J2icy has 90 seconds left.
|
|t:|1760333592
|move|p2a: Gliscor|Spikes|p1a: Moltres
|-sidestart|p1: J2icy|Spikes
|move|p1a: Moltres|Air Slash|p2a: Gliscor
|-damage|p2a: Gliscor|55/100 tox
|
|-heal|p2a: Gliscor|68/100 tox|[from] ability: Poison Heal
|upkeep
|turn|54
|
|t:|1760333601
|switch|p2a: Blissey|Blissey, F|51/100
|-damage|p2a: Blissey|38/100|[from] Stealth Rock
|switch|p1a: Great Tusk|Great Tusk, shiny|26/100
|-damage|p1a: Great Tusk|23/100|[from] Stealth Rock
|-damage|p1a: Great Tusk|0 fnt|[from] Spikes
|faint|p1a: Great Tusk
|-end|p1a: Great Tusk|Protosynthesis|[silent]
|
|-heal|p2a: Blissey|45/100|[from] item: Leftovers
|upkeep
|
|t:|1760333606
|switch|p1a: Zapdos|Zapdos, shiny|75/100
|-damage|p1a: Zapdos|50/100|[from] Stealth Rock
|turn|55
|
|t:|1760333609
|move|p1a: Zapdos|Roost|p1a: Zapdos
|-heal|p1a: Zapdos|100/100
|-singleturn|p1a: Zapdos|move: Roost
|move|p2a: Blissey|Soft-Boiled|p2a: Blissey
|-heal|p2a: Blissey|95/100
|
|-heal|p2a: Blissey|100/100|[from] item: Leftovers
|upkeep
|turn|56
|
|t:|1760333612
|move|p1a: Zapdos|Hurricane|p2a: Blissey
|-damage|p2a: Blissey|87/100
|move|p2a: Blissey|Calm Mind|p2a: Blissey
|-boost|p2a: Blissey|spa|1
|-boost|p2a: Blissey|spd|1
|
|-heal|p2a: Blissey|93/100|[from] item: Leftovers
|upkeep
|turn|57
|
|t:|1760333618
|move|p1a: Zapdos|Hurricane|p2a: Blissey
|-damage|p2a: Blissey|84/100
|-start|p2a: Blissey|confusion
|-activate|p2a: Blissey|confusion
|move|p2a: Blissey|Calm Mind|p2a: Blissey
|-boost|p2a: Blissey|spa|1
|-boost|p2a: Blissey|spd|1
|
|-heal|p2a: Blissey|90/100|[from] item: Leftovers
|upkeep
|turn|58
|
|t:|1760333624
|switch|p1a: Moltres|Moltres|100/100
|-damage|p1a: Moltres|50/100|[from] Stealth Rock
|-end|p2a: Blissey|confusion
|move|p2a: Blissey|Seismic Toss|p1a: Moltres
|-damage|p1a: Moltres|24/100
|-status|p2a: Blissey|brn|[from] ability: Flame Body|[of] p1a: Moltres
|
|-heal|p2a: Blissey|96/100 brn|[from] item: Leftovers
|-damage|p2a: Blissey|90/100 brn|[from] brn
|upkeep
|turn|59
|
|t:|1760333631
|move|p1a: Moltres|Roost|p1a: Moltres
|-heal|p1a: Moltres|74/100
|-singleturn|p1a: Moltres|move: Roost
|move|p2a: Blissey|Seismic Toss|p1a: Moltres
|-damage|p1a: Moltres|48/100
|
|-heal|p2a: Blissey|96/100 brn|[from] item: Leftovers
|-damage|p2a: Blissey|90/100 brn|[from] brn
|upkeep
|turn|60
|
|t:|1760333634
|move|p1a: Moltres|Roost|p1a: Moltres
|-heal|p1a: Moltres|98/100
|-singleturn|p1a: Moltres|move: Roost
|move|p2a: Blissey|Seismic Toss|p1a: Moltres
|-damage|p1a: Moltres|72/100
|
|-heal|p2a: Blissey|96/100 brn|[from] item: Leftovers
|-damage|p2a: Blissey|90/100 brn|[from] brn
|upkeep
|turn|61
|
|t:|1760333638
|move|p2a: Blissey|Seismic Toss|p1a: Moltres
|-damage|p1a: Moltres|46/100
|move|p1a: Moltres|Roar|p2a: Blissey
|-curestatus|p2a: Blissey|brn|[from] ability: Natural Cure
|drag|p2a: Gliscor|Gliscor, M, tera:Water|68/100 tox
|-damage|p2a: Gliscor|55/100 tox|[from] Stealth Rock
|
|-heal|p2a: Gliscor|68/100 tox|[from] ability: Poison Heal
|upkeep
|turn|62
|
|t:|1760333646
|move|p2a: Gliscor|Earthquake|p1a: Moltres
|-immune|p1a: Moltres
|move|p1a: Moltres|Roost|p1a: Moltres
|-heal|p1a: Moltres|96/100
|-singleturn|p1a: Moltres|move: Roost
|
|-heal|p2a: Gliscor|80/100 tox|[from] ability: Poison Heal
|upkeep
|turn|63
|
|t:|1760333650
|switch|p2a: Blissey|Blissey, F|90/100
|-damage|p2a: Blissey|77/100|[from] Stealth Rock
|move|p1a: Moltres|Air Slash|p2a: Blissey
|-damage|p2a: Blissey|68/100
|
|-heal|p2a: Blissey|75/100|[from] item: Leftovers
|upkeep
|turn|64
|
|t:|1760333654
|move|p1a: Moltres|Air Slash|p2a: Blissey
|-damage|p2a: Blissey|64/100
|move|p2a: Blissey|Soft-Boiled|p2a: Blissey
|-heal|p2a: Blissey|100/100
|
|upkeep
|turn|65
|
|t:|1760333659
|move|p1a: Moltres|Air Slash|p2a: Blissey
|-damage|p2a: Blissey|90/100
|move|p2a: Blissey|Seismic Toss|p1a: Moltres
|-damage|p1a: Moltres|70/100
|
|-heal|p2a: Blissey|97/100|[from] item: Leftovers
|upkeep
|turn|66
|
|t:|1760333668
|move|p1a: Moltres|Air Slash|p2a: Blissey
|-damage|p2a: Blissey|87/100
|move|p2a: Blissey|Seismic Toss|p1a: Moltres
|-damage|p1a: Moltres|44/100
|
|-heal|p2a: Blissey|93/100|[from] item: Leftovers
|upkeep
|turn|67
|c|☆ygars|ggs
|c|☆ygars|you arent winning this
|
|t:|1760333686
|move|p2a: Blissey|Seismic Toss|p1a: Moltres
|-damage|p1a: Moltres|18/100
|move|p1a: Moltres|Roar|p2a: Blissey
|drag|p2a: Gliscor|Gliscor, M, tera:Water|80/100 tox
|-damage|p2a: Gliscor|68/100 tox|[from] Stealth Rock
|
|-heal|p2a: Gliscor|80/100 tox|[from] ability: Poison Heal
|upkeep
|turn|68
|
|t:|1760333692
|move|p2a: Gliscor|Knock Off|p1a: Moltres
|-damage|p1a: Moltres|5/100
|move|p1a: Moltres|Roost|p1a: Moltres
|-heal|p1a: Moltres|55/100
|-singleturn|p1a: Moltres|move: Roost
|
|-heal|p2a: Gliscor|93/100 tox|[from] ability: Poison Heal
|upkeep
|turn|69
|
|t:|1760333697
|switch|p2a: Blissey|Blissey, F|93/100
|-damage|p2a: Blissey|81/100|[from] Stealth Rock
|move|p1a: Moltres|Air Slash|p2a: Blissey
|-damage|p2a: Blissey|72/100
|
|-heal|p2a: Blissey|78/100|[from] item: Leftovers
|upkeep
|turn|70
|
|t:|1760333705
|move|p2a: Blissey|Seismic Toss|p1a: Moltres
|-damage|p1a: Moltres|29/100
|move|p1a: Moltres|Roar|p2a: Blissey
|drag|p2a: Gliscor|Gliscor, M, tera:Water|93/100 tox
|-damage|p2a: Gliscor|80/100 tox|[from] Stealth Rock
|
|-heal|p2a: Gliscor|93/100 tox|[from] ability: Poison Heal
|upkeep
|turn|71
|
|t:|1760333712
|move|p2a: Gliscor|Knock Off|p1a: Moltres
|-damage|p1a: Moltres|16/100
|move|p1a: Moltres|Roost|p1a: Moltres
|-heal|p1a: Moltres|66/100
|-singleturn|p1a: Moltres|move: Roost
|
|-heal|p2a: Gliscor|100/100 tox|[from] ability: Poison Heal
|upkeep
|turn|72
|
|t:|1760333717
|switch|p2a: Blissey|Blissey, F|78/100
|-damage|p2a: Blissey|66/100|[from] Stealth Rock
|move|p1a: Moltres|Roar|p2a: Blissey
|drag|p2a: Gliscor|Gliscor, M, tera:Water|100/100 tox
|-damage|p2a: Gliscor|88/100 tox|[from] Stealth Rock
|
|-heal|p2a: Gliscor|100/100 tox|[from] ability: Poison Heal
|upkeep
|turn|73
|
|t:|1760333726
|switch|p2a: Blissey|Blissey, F|66/100
|-damage|p2a: Blissey|53/100|[from] Stealth Rock
|move|p1a: Moltres|Flamethrower|p2a: Blissey
|-damage|p2a: Blissey|42/100
|
|-heal|p2a: Blissey|48/100|[from] item: Leftovers
|upkeep
|turn|74
|
|t:|1760333754
|move|p2a: Blissey|Soft-Boiled|p2a: Blissey
|-heal|p2a: Blissey|98/100
|move|p1a: Moltres|Roar|p2a: Blissey
|drag|p2a: Gliscor|Gliscor, M, tera:Water|100/100 tox
|-damage|p2a: Gliscor|88/100 tox|[from] Stealth Rock
|
|-heal|p2a: Gliscor|100/100 tox|[from] ability: Poison Heal
|upkeep
|turn|75
|
|t:|1760333759
|move|p2a: Gliscor|Knock Off|p1a: Moltres
|-damage|p1a: Moltres|54/100
|move|p1a: Moltres|Air Slash|p2a: Gliscor
|-damage|p2a: Gliscor|72/100 tox
|
|-heal|p2a: Gliscor|85/100 tox|[from] ability: Poison Heal
|upkeep
|turn|76
|
|t:|1760333765
|move|p2a: Gliscor|Knock Off|p1a: Moltres
|-damage|p1a: Moltres|40/100
|move|p1a: Moltres|Roar|p2a: Gliscor
|drag|p2a: Blissey|Blissey, F|98/100
|-damage|p2a: Blissey|85/100|[from] Stealth Rock
|
|-heal|p2a: Blissey|92/100|[from] item: Leftovers
|upkeep
|turn|77
|
|t:|1760333769
|move|p2a: Blissey|Seismic Toss|p1a: Moltres
|-damage|p1a: Moltres|14/100
|-status|p2a: Blissey|brn|[from] ability: Flame Body|[of] p1a: Moltres
|move|p1a: Moltres|Roar|p2a: Blissey
|-curestatus|p2a: Blissey|brn|[from] ability: Natural Cure
|drag|p2a: Gliscor|Gliscor, M, tera:Water|85/100 tox
|-damage|p2a: Gliscor|72/100 tox|[from] Stealth Rock
|
|-heal|p2a: Gliscor|85/100 tox|[from] ability: Poison Heal
|upkeep
|turn|78
|
|t:|1760333773
|move|p2a: Gliscor|Knock Off|p1a: Moltres
|-damage|p1a: Moltres|0 fnt
|faint|p1a: Moltres
|
|-heal|p2a: Gliscor|97/100 tox|[from] ability: Poison Heal
|upkeep
|
|t:|1760333775
|switch|p1a: Zapdos|Zapdos, shiny|100/100
|-damage|p1a: Zapdos|75/100|[from] Stealth Rock
|turn|79
|
|t:|1760333779
|switch|p2a: Blissey|Blissey, F|92/100
|-damage|p2a: Blissey|79/100|[from] Stealth Rock
|move|p1a: Zapdos|Hurricane|p2a: Blissey
|-damage|p2a: Blissey|64/100
|
|-heal|p2a: Blissey|70/100|[from] item: Leftovers
|upkeep
|turn|80
|
|t:|1760333785
|move|p1a: Zapdos|Hurricane|p2a: Blissey
|-damage|p2a: Blissey|57/100
|-start|p2a: Blissey|confusion
|-activate|p2a: Blissey|confusion
|move|p2a: Blissey|Calm Mind|p2a: Blissey
|-boost|p2a: Blissey|spa|1
|-boost|p2a: Blissey|spd|1
|
|-heal|p2a: Blissey|63/100|[from] item: Leftovers
|upkeep
|turn|81
|
|t:|1760333789
|move|p1a: Zapdos|Volt Switch|p2a: Blissey
|-damage|p2a: Blissey|57/100
|-activate|p2a: Blissey|confusion
|-damage|p2a: Blissey|56/100|[from] confusion
|
|-heal|p2a: Blissey|63/100|[from] item: Leftovers
|upkeep
|turn|82
|
|t:|1760333796
|move|p1a: Zapdos|Volt Switch|p2a: Blissey
|-damage|p2a: Blissey|56/100
|-end|p2a: Blissey|confusion
|move|p2a: Blissey|Soft-Boiled|p2a: Blissey
|-heal|p2a: Blissey|100/100
|
|upkeep
|turn|83
|
|t:|1760333801
|move|p1a: Zapdos|Volt Switch|p2a: Blissey
|-damage|p2a: Blissey|95/100
|move|p2a: Blissey|Calm Mind|p2a: Blissey
|-boost|p2a: Blissey|spa|1
|-boost|p2a: Blissey|spd|1
|
|-heal|p2a: Blissey|100/100|[from] item: Leftovers
|upkeep
|turn|84
|
|t:|1760333806
|move|p1a: Zapdos|Hurricane|p2a: Blissey
|-damage|p2a: Blissey|93/100
|move|p2a: Blissey|Seismic Toss|p1a: Zapdos
|-damage|p1a: Zapdos|49/100
|
|-heal|p2a: Blissey|99/100|[from] item: Leftovers
|upkeep
|turn|85
|
|t:|1760333811
|move|p1a: Zapdos|Hurricane|p2a: Blissey
|-damage|p2a: Blissey|92/100
|move|p2a: Blissey|Seismic Toss|p1a: Zapdos
|-damage|p1a: Zapdos|23/100
|
|-heal|p2a: Blissey|99/100|[from] item: Leftovers
|upkeep
|turn|86
|
|t:|1760333816
|move|p1a: Zapdos|Roost|p1a: Zapdos
|-heal|p1a: Zapdos|73/100
|-singleturn|p1a: Zapdos|move: Roost
|move|p2a: Blissey|Seismic Toss|p1a: Zapdos
|-damage|p1a: Zapdos|47/100
|-status|p2a: Blissey|par|[from] ability: Static|[of] p1a: Zapdos
|
|-heal|p2a: Blissey|100/100 par|[from] item: Leftovers
|upkeep
|turn|87
|c|☆ygars|ggs again
|
|t:|1760333821
|move|p1a: Zapdos|Roost|p1a: Zapdos
|-heal|p1a: Zapdos|97/100
|-singleturn|p1a: Zapdos|move: Roost
|move|p2a: Blissey|Seismic Toss|p1a: Zapdos
|-damage|p1a: Zapdos|71/100
|
|upkeep
|turn|88
|
|t:|1760333824
|move|p1a: Zapdos|Hurricane|p2a: Blissey
|-damage|p2a: Blissey|93/100 par
|move|p2a: Blissey|Seismic Toss|p1a: Zapdos
|-damage|p1a: Zapdos|45/100
|
|-heal|p2a: Blissey|99/100 par|[from] item: Leftovers
|upkeep
|turn|89
|
|t:|1760333828
|move|p1a: Zapdos|Hurricane|p2a: Blissey
|-damage|p2a: Blissey|92/100 par
|move|p2a: Blissey|Seismic Toss|p1a: Zapdos
|-damage|p1a: Zapdos|19/100
|
|-heal|p2a: Blissey|98/100 par|[from] item: Leftovers
|upkeep
|turn|90
|
|t:|1760333831
|move|p1a: Zapdos|Roost|p1a: Zapdos
|-heal|p1a: Zapdos|69/100
|-singleturn|p1a: Zapdos|move: Roost
|cant|p2a: Blissey|par
|
|-heal|p2a: Blissey|100/100 par|[from] item: Leftovers
|upkeep
|turn|91
|
|t:|1760333833
|move|p1a: Zapdos|Hurricane|p2a: Blissey|[miss]
|-miss|p1a: Zapdos|p2a: Blissey
|move|p2a: Blissey|Seismic Toss|p1a: Zapdos
|-damage|p1a: Zapdos|43/100
|
|upkeep
|turn|92
|
|t:|1760333835
|move|p1a: Zapdos|Hurricane|p2a: Blissey
|-damage|p2a: Blissey|94/100 par
|move|p2a: Blissey|Seismic Toss|p1a: Zapdos
|-damage|p1a: Zapdos|17/100
|
|-heal|p2a: Blissey|99/100 par|[from] item: Leftovers
|upkeep
|turn|93
|
|t:|1760333839
|move|p1a: Zapdos|Hurricane|p2a: Blissey
|-damage|p2a: Blissey|93/100 par
|move|p2a: Blissey|Seismic Toss|p1a: Zapdos
|-damage|p1a: Zapdos|0 fnt
|faint|p1a: Zapdos
|
|win|ygars
|raw|J2icy's rating: 1188 &rarr; <strong>1164</strong><br />(-24 for losing)
|raw|ygars's rating: 1206 &rarr; <strong>1230</strong><br />(+24 for winning)
|l|☆ygars
|player|p2|
