|j|☆R1kka
|j|☆qinglan
|t:|1760328928
|gametype|singles
|player|p1|R1kka|karen|1316
|player|p2|qinglan|cynthia-masters3|1335
|gen|9
|tier|[Gen 9] OU
|rated|
|rule|HP Percentage Mod: HP is shown in percentages
|rule|Endless Battle Clause: Forcing endless battles is banned
|rule|Species Clause: Limit one of each Pokémon
|rule|OHKO Clause: OHKO moves are banned
|rule|Evasion Items Clause: Evasion items are banned
|rule|Evasion Moves Clause: Evasion moves are banned
|rule|Evasion Abilities Clause: Evasion abilities are banned
|rule|Sleep Moves Clause: Sleep-inducing moves are banned
|clearpoke
|poke|p1|Zamazenta-*|
|poke|p1|Ninetales-Alola, F|
|poke|p1|Darkrai|
|poke|p1|Ceruledge, F|
|poke|p1|Gliscor, M|
|poke|p1|Hatterene, F|
|poke|p2|Kingambit, F|
|poke|p2|Cinderace, F|
|poke|p2|Landorus-Therian, M|
|poke|p2|Iron Valiant|
|poke|p2|Kyurem|
|poke|p2|Slowking-Galar, M|
|teampreview
|
|t:|1760328936
|teamsize|p1|6
|teamsize|p2|6
|start
|switch|p1a: Gliscor|Gliscor, M|100/100
|switch|p2a: Kristine|Cinderace, F, shiny|100/100
|turn|1
|
|t:|1760328941
|switch|p1a: Hatterene|Hatterene, F|100/100
|move|p2a: Kristine|Will-O-Wisp|p1a: Hatterene
|move|p1a: Hatterene|Will-O-Wisp|p2a: Kristine|[from] ability: Magic Bounce
|-immune|p2a: Kristine
|
|upkeep
|turn|2
|
|t:|1760328950
|move|p2a: Kristine|U-turn|p1a: Hatterene
|-damage|p1a: Hatterene|86/100
|
|t:|1760328953
|switch|p2a: Chillionaire|Slowking-Galar, M, shiny|100/100|[from] U-turn
|move|p1a: Hatterene|Psyshock|p2a: Chillionaire
|-damage|p2a: Chillionaire|62/100
|
|-heal|p1a: Hatterene|92/100|[from] item: Leftovers
|upkeep
|turn|3
|
|t:|1760328959
|switch|p1a: Ninetales|Ninetales-Alola, F|100/100
|-weather|Snowscape|[from] ability: Snow Warning|[of] p1a: Ninetales
|-prepare|p2a: Chillionaire|Chilly Reception|[premajor]
|move|p2a: Chillionaire|Chilly Reception|p2a: Chillionaire
|
|t:|1760328962
|switch|p2a: Kristine|Cinderace, F, shiny|100/100|[from] Chilly Reception
|
|-weather|Snowscape|[upkeep]
|upkeep
|turn|4
|
|t:|1760328968
|switch|p1a: Ceruledge|Ceruledge, F|100/100
|move|p2a: Kristine|Pyro Ball|p1a: Ceruledge
|-start|p1a: Ceruledge|ability: Flash Fire
|
|-weather|Snowscape|[upkeep]
|upkeep
|turn|5
|
|t:|1760328977
|move|p2a: Kristine|U-turn|p1a: Ceruledge
|-resisted|p1a: Ceruledge
|-damage|p1a: Ceruledge|96/100
|
|t:|1760328979
|switch|p2a: Homelandor|Landorus-Therian, M, shiny|100/100|[from] U-turn
|-ability|p2a: Homelandor|Intimidate|boost
|-unboost|p1a: Ceruledge|atk|1
|move|p1a: Ceruledge|Bulk Up|p1a: Ceruledge
|-boost|p1a: Ceruledge|atk|1
|-boost|p1a: Ceruledge|def|1
|
|-weather|Snowscape|[upkeep]
|upkeep
|turn|6
|
|t:|1760328988
|-terastallize|p1a: Ceruledge|Bug
|move|p2a: Homelandor|U-turn|p1a: Ceruledge
|-damage|p1a: Ceruledge|80/100
|
|t:|1760328994
|switch|p2a: Kristine|Cinderace, F, shiny|100/100|[from] U-turn
|move|p1a: Ceruledge|Bulk Up|p1a: Ceruledge
|-boost|p1a: Ceruledge|atk|1
|-boost|p1a: Ceruledge|def|1
|
|-weather|Snowscape|[upkeep]
|upkeep
|turn|7
|
|t:|1760329003
|move|p2a: Kristine|U-turn|p1a: Ceruledge
|-damage|p1a: Ceruledge|70/100
|
|t:|1760329005
|switch|p2a: Homelandor|Landorus-Therian, M, shiny|100/100|[from] U-turn
|-ability|p2a: Homelandor|Intimidate|boost
|-unboost|p1a: Ceruledge|atk|1
|move|p1a: Ceruledge|Bulk Up|p1a: Ceruledge
|-boost|p1a: Ceruledge|atk|1
|-boost|p1a: Ceruledge|def|1
|
|-weather|none
|upkeep
|turn|8
|
|t:|1760329012
|move|p2a: Homelandor|Taunt|p1a: Ceruledge
|-start|p1a: Ceruledge|move: Taunt
|move|p1a: Ceruledge|Bitter Blade|p2a: Homelandor
|-damage|p2a: Homelandor|27/100
|-heal|p1a: Ceruledge|100/100|[from] drain|[of] p2a: Homelandor
|-damage|p1a: Ceruledge|84/100|[from] item: Rocky Helmet|[of] p2a: Homelandor
|
|upkeep
|turn|9
|
|t:|1760329018
|move|p2a: Homelandor|Stealth Rock|p1a: Ceruledge
|-sidestart|p1: R1kka|move: Stealth Rock
|move|p1a: Ceruledge|Bitter Blade|p2a: Homelandor
|-damage|p2a: Homelandor|0 fnt
|-heal|p1a: Ceruledge|97/100|[from] drain|[of] p2a: Homelandor
|-damage|p1a: Ceruledge|81/100|[from] item: Rocky Helmet|[of] p2a: Homelandor
|faint|p2a: Homelandor
|
|upkeep
|
|t:|1760329020
|switch|p2a: WALL-Y|Iron Valiant|100/100
|-enditem|p2a: WALL-Y|Booster Energy
|-activate|p2a: WALL-Y|ability: Quark Drive|[fromitem]
|-start|p2a: WALL-Y|quarkdrivespe
|turn|10
|
|t:|1760329028
|move|p2a: WALL-Y|Moonblast|p1a: Ceruledge
|-damage|p1a: Ceruledge|45/100
|move|p1a: Ceruledge|Bitter Blade|p2a: WALL-Y
|-damage|p2a: WALL-Y|0 fnt
|-heal|p1a: Ceruledge|86/100|[from] drain|[of] p2a: WALL-Y
|faint|p2a: WALL-Y
|-end|p2a: WALL-Y|Quark Drive|[silent]
|
|-end|p1a: Ceruledge|move: Taunt
|upkeep
|-message|qinglan forfeited.
|
|win|R1kka
|raw|R1kka's rating: 1316 &rarr; <strong>1337</strong><br />(+21 for winning)
|raw|qinglan's rating: 1335 &rarr; <strong>1314</strong><br />(-21 for losing)
|l|☆qinglan
|player|p2|
|l|☆R1kka
|player|p1|
