|j|☆AAA grade effort
|j|☆Cryochronology
|t:|1760339445
|gametype|singles
|player|p1|AAA grade effort|twins|1335
|player|p2|Cryochronology|266|1321
|gen|9
|tier|[Gen 9] OU
|rated|
|rule|HP Percentage Mod: HP is shown in percentages
|rule|Endless Battle Clause: Forcing endless battles is banned
|rule|Species Clause: Limit one of each Pokémon
|rule|OHKO Clause: OHKO moves are banned
|rule|Evasion Items Clause: Evasion items are banned
|rule|Evasion Moves Clause: Evasion moves are banned
|rule|Evasion Abilities Clause: Evasion abilities are banned
|rule|Sleep Moves Clause: Sleep-inducing moves are banned
|clearpoke
|poke|p1|Gholdengo|
|poke|p1|Dragonite, F|
|poke|p1|Araquanid, F|
|poke|p1|Enamorus, F|
|poke|p1|Great Tusk|
|poke|p1|Honchkrow, M|
|poke|p2|Ursaluna, F|
|poke|p2|Hatterene, F|
|poke|p2|Kingambit, F|
|poke|p2|Pawmot, M|
|poke|p2|Sinistcha-Masterpiece|
|poke|p2|Dragonite, F|
|teampreview
|inactive|Battle timer is ON: inactive players will automatically lose when time's up. (requested by AAA grade effort)
|
|t:|1760339460
|teamsize|p1|6
|teamsize|p2|6
|start
|switch|p1a: Araquanid|Araquanid, F|100/100
|switch|p2a: Sinistcha|Sinistcha-Masterpiece|100/100
|turn|1
|
|t:|1760339470
|move|p1a: Araquanid|Surf|p2a: Sinistcha
|-resisted|p2a: Sinistcha
|-damage|p2a: Sinistcha|80/100
|move|p2a: Sinistcha|Trick Room|p2a: Sinistcha
|-fieldstart|move: Trick Room|[of] p2a: Sinistcha
|
|-heal|p2a: Sinistcha|86/100|[from] item: Leftovers
|upkeep
|turn|2
|
|t:|1760339480
|switch|p2a: Hatterene|Hatterene, F|100/100
|move|p1a: Araquanid|Surf|p2a: Hatterene
|-damage|p2a: Hatterene|62/100
|
|upkeep
|turn|3
|
|t:|1760339483
|switch|p2a: Sinistcha|Sinistcha-Masterpiece|86/100
|move|p1a: Araquanid|Surf|p2a: Sinistcha
|-resisted|p2a: Sinistcha
|-damage|p2a: Sinistcha|64/100
|
|-heal|p2a: Sinistcha|70/100|[from] item: Leftovers
|upkeep
|turn|4
|
|t:|1760339489
|move|p1a: Araquanid|Surf|p2a: Sinistcha
|-resisted|p2a: Sinistcha
|-damage|p2a: Sinistcha|49/100
|move|p2a: Sinistcha|Matcha Gotcha|p1a: Araquanid
|-damage|p1a: Araquanid|81/100
|-heal|p2a: Sinistcha|59/100|[from] drain|[of] p1a: Araquanid
|
|-heal|p2a: Sinistcha|65/100|[from] item: Leftovers
|upkeep
|turn|5
|
|t:|1760339500
|move|p1a: Araquanid|Surf|p2a: Sinistcha
|-resisted|p2a: Sinistcha
|-damage|p2a: Sinistcha|42/100
|move|p2a: Sinistcha|Matcha Gotcha|p1a: Araquanid
|-damage|p1a: Araquanid|62/100
|-heal|p2a: Sinistcha|51/100|[from] drain|[of] p1a: Araquanid
|
|-heal|p2a: Sinistcha|57/100|[from] item: Leftovers
|-fieldend|move: Trick Room
|upkeep
|turn|6
|
|t:|1760339514
|move|p1a: Araquanid|Surf|p2a: Sinistcha
|-resisted|p2a: Sinistcha
|-damage|p2a: Sinistcha|37/100
|move|p2a: Sinistcha|Trick Room|p2a: Sinistcha
|-fieldstart|move: Trick Room|[of] p2a: Sinistcha
|
|-heal|p2a: Sinistcha|43/100|[from] item: Leftovers
|upkeep
|turn|7
|
|t:|1760339521
|move|p1a: Araquanid|Surf|p2a: Sinistcha
|-resisted|p2a: Sinistcha
|-damage|p2a: Sinistcha|23/100
|move|p2a: Sinistcha|Matcha Gotcha|p1a: Araquanid
|-damage|p1a: Araquanid|43/100
|-heal|p2a: Sinistcha|33/100|[from] drain|[of] p1a: Araquanid
|
|-heal|p2a: Sinistcha|39/100|[from] item: Leftovers
|upkeep
|turn|8
|
|t:|1760339527
|move|p1a: Araquanid|Surf|p2a: Sinistcha
|-resisted|p2a: Sinistcha
|-damage|p2a: Sinistcha|17/100
|move|p2a: Sinistcha|Matcha Gotcha|p1a: Araquanid
|-damage|p1a: Araquanid|24/100
|-heal|p2a: Sinistcha|27/100|[from] drain|[of] p1a: Araquanid
|
|-heal|p2a: Sinistcha|33/100|[from] item: Leftovers
|upkeep
|turn|9
|-enditem|p1a: Araquanid|Custap Berry|[eat]
|-activate|p1a: Araquanid|item: Custap Berry|[consumed]
|
|t:|1760339529
|move|p1a: Araquanid|Surf|p2a: Sinistcha
|-resisted|p2a: Sinistcha
|-damage|p2a: Sinistcha|13/100
|move|p2a: Sinistcha|Matcha Gotcha|p1a: Araquanid
|-damage|p1a: Araquanid|2/100
|-heal|p2a: Sinistcha|23/100|[from] drain|[of] p1a: Araquanid
|
|-heal|p2a: Sinistcha|29/100|[from] item: Leftovers
|upkeep
|turn|10
|
|t:|1760339532
|move|p1a: Araquanid|Surf|p2a: Sinistcha
|-resisted|p2a: Sinistcha
|-damage|p2a: Sinistcha|8/100
|move|p2a: Sinistcha|Matcha Gotcha|p1a: Araquanid
|-damage|p1a: Araquanid|0 fnt
|-heal|p2a: Sinistcha|9/100|[from] drain|[of] p1a: Araquanid
|faint|p1a: Araquanid
|
|-heal|p2a: Sinistcha|15/100|[from] item: Leftovers
|-fieldend|move: Trick Room
|upkeep
|
|t:|1760339535
|switch|p1a: Honchkrow|Honchkrow, M|100/100
|turn|11
|
|t:|1760339543
|move|p1a: Honchkrow|Drill Peck|p2a: Sinistcha
|-supereffective|p2a: Sinistcha
|-damage|p2a: Sinistcha|0 fnt
|faint|p2a: Sinistcha
|-ability|p1a: Honchkrow|Moxie|boost
|-boost|p1a: Honchkrow|atk|1
|-damage|p1a: Honchkrow|91/100|[from] item: Life Orb
|
|upkeep
|
|t:|1760339549
|switch|p2a: The Revenant|Ursaluna, F|100/100
|turn|12
|
|t:|1760339554
|-terastallize|p2a: The Revenant|Normal
|move|p1a: Honchkrow|Drill Peck|p2a: The Revenant
|-damage|p2a: The Revenant|36/100
|-damage|p1a: Honchkrow|81/100|[from] item: Life Orb
|move|p2a: The Revenant|Facade|p1a: Honchkrow
|-crit|p1a: Honchkrow
|-damage|p1a: Honchkrow|0 fnt
|faint|p1a: Honchkrow
|
|-status|p2a: The Revenant|brn|[from] item: Flame Orb
|upkeep
|
|t:|1760339566
|switch|p1a: Enamorus|Enamorus, F|100/100
|turn|13
|
|t:|1760339573
|-terastallize|p1a: Enamorus|Stellar
|move|p1a: Enamorus|Tera Blast|p2a: The Revenant|[anim] Tera Blast Stellar
|-supereffective|p2a: The Revenant
|-damage|p2a: The Revenant|0 fnt
|-boost|p1a: Enamorus|atk|1
|-boost|p1a: Enamorus|spa|1
|faint|p2a: The Revenant
|
|upkeep
|
|t:|1760339575
|switch|p2a: Dragonite|Dragonite, F|100/100
|turn|14
|
|t:|1760339578
|move|p2a: Dragonite|Extreme Speed|p1a: Enamorus
|-damage|p1a: Enamorus|30/100
|move|p1a: Enamorus|Moonblast|p2a: Dragonite
|-supereffective|p2a: Dragonite
|-damage|p2a: Dragonite|0 fnt
|faint|p2a: Dragonite
|
|upkeep
|
|t:|1760339585
|switch|p2a: Kingambit|Kingambit, F|100/100
|-activate|p2a: Kingambit|ability: Supreme Overlord
|-start|p2a: Kingambit|fallen3|[silent]
|turn|15
|
|t:|1760339587
|move|p2a: Kingambit|Sucker Punch|p1a: Enamorus
|-resisted|p1a: Enamorus
|-damage|p1a: Enamorus|0 fnt
|faint|p1a: Enamorus
|
|upkeep
|
|t:|1760339592
|switch|p1a: Great Tusk|Great Tusk|100/100
|-enditem|p1a: Great Tusk|Booster Energy
|-activate|p1a: Great Tusk|ability: Protosynthesis|[fromitem]
|-start|p1a: Great Tusk|protosynthesisatk
|turn|16
|
|t:|1760339596
|-end|p2a: Kingambit|fallen3|[silent]
|switch|p2a: Hatterene|Hatterene, F|62/100
|move|p1a: Great Tusk|Headlong Rush|p2a: Hatterene
|-damage|p2a: Hatterene|0 fnt
|-unboost|p1a: Great Tusk|def|1
|-unboost|p1a: Great Tusk|spd|1
|faint|p2a: Hatterene
|
|upkeep
|
|t:|1760339601
|switch|p2a: Ourobouros|Pawmot, M|100/100
|turn|17
|
|t:|1760339605
|-end|p1a: Great Tusk|Protosynthesis|[silent]
|switch|p1a: Gholdengo|Gholdengo|100/100
|-item|p1a: Gholdengo|Air Balloon
|move|p2a: Ourobouros|Revival Blessing|p2a: Ourobouros
|
|t:|1760339622
|-heal|p2: The Revenant|50/100|[from] move: Revival Blessing
|
|upkeep
|turn|18
|
|t:|1760339626
|move|p1a: Gholdengo|Dazzling Gleam|p2a: Ourobouros
|-supereffective|p2a: Ourobouros
|-damage|p2a: Ourobouros|0 fnt
|faint|p2a: Ourobouros
|
|upkeep
|
|t:|1760339631
|switch|p2a: The Revenant|Ursaluna, F|50/100
|turn|19
|
|t:|1760339633
|move|p1a: Gholdengo|Make It Rain|p2a: The Revenant
|-damage|p2a: The Revenant|0 fnt
|-unboost|p1a: Gholdengo|spa|1
|faint|p2a: The Revenant
|
|upkeep
|
|t:|1760339636
|switch|p2a: Kingambit|Kingambit, F|100/100
|-activate|p2a: Kingambit|ability: Supreme Overlord
|-start|p2a: Kingambit|fallen5|[silent]
|turn|20
|
|t:|1760339639
|switch|p1a: Great Tusk|Great Tusk|100/100
|move|p2a: Kingambit|Swords Dance|p2a: Kingambit
|-boost|p2a: Kingambit|atk|2
|
|upkeep
|turn|21
|
|t:|1760339642
|move|p2a: Kingambit|Sucker Punch|p1a: Great Tusk
|-resisted|p1a: Great Tusk
|-damage|p1a: Great Tusk|49/100
|move|p1a: Great Tusk|Headlong Rush|p2a: Kingambit
|-supereffective|p2a: Kingambit
|-damage|p2a: Kingambit|14/100
|-unboost|p1a: Great Tusk|def|1
|-unboost|p1a: Great Tusk|spd|1
|
|upkeep
|turn|22
|
|t:|1760339648
|move|p2a: Kingambit|Sucker Punch|p1a: Great Tusk
|-resisted|p1a: Great Tusk
|-damage|p1a: Great Tusk|0 fnt
|faint|p1a: Great Tusk
|-end|p1a: Great Tusk|Protosynthesis|[silent]
|
|upkeep
|
|t:|1760339649
|switch|p1a: Dragonite|Dragonite, F|100/100
|turn|23
|
|t:|1760339652
|move|p1a: Dragonite|Extreme Speed|p2a: Kingambit
|-resisted|p2a: Kingambit
|-damage|p2a: Kingambit|2/100
|move|p2a: Kingambit|Kowtow Cleave|p1a: Dragonite
|-damage|p1a: Dragonite|9/100
|
|upkeep
|turn|24
|
|t:|1760339657
|move|p1a: Dragonite|Extreme Speed|p2a: Kingambit
|-resisted|p2a: Kingambit
|-damage|p2a: Kingambit|0 fnt
|faint|p2a: Kingambit
|-end|p2a: Kingambit|fallen5|[silent]
|
|win|AAA grade effort
|raw|AAA grade effort's rating: 1335 &rarr; <strong>1354</strong><br />(+19 for winning)
|raw|Cryochronology's rating: 1321 &rarr; <strong>1302</strong><br />(-19 for losing)
|l|☆Cryochronology
|player|p2|
|c|☆AAA grade effort|what is kingambit bro
|l|☆AAA grade effort
|player|p1|
