|j|☆wintermoon0
|j|☆Scoobenvonduben
|t:|1760460035
|gametype|singles
|player|p1|wintermoon0|170|1383
|player|p2|Scoobenvonduben|brawly|1433
|gen|9
|tier|[Gen 9] OU
|rated|
|rule|HP Percentage Mod: HP is shown in percentages
|rule|Endless Battle Clause: Forcing endless battles is banned
|rule|Species Clause: Limit one of each Pokémon
|rule|OHKO Clause: OHKO moves are banned
|rule|Evasion Items Clause: Evasion items are banned
|rule|Evasion Moves Clause: Evasion moves are banned
|rule|Evasion Abilities Clause: Evasion abilities are banned
|rule|Sleep Moves Clause: Sleep-inducing moves are banned
|clearpoke
|poke|p1|Pelipper, M|
|poke|p1|Barraskewda, F|
|poke|p1|Sandy Shocks|
|poke|p1|Deoxys-Speed|
|poke|p1|Cramorant, M|
|poke|p1|Haxorus, F|
|poke|p2|Blissey, F|
|poke|p2|Skeledirge, F|
|poke|p2|Gliscor, F|
|poke|p2|Gyarados, F|
|poke|p2|Corviknight, M|
|poke|p2|Grafaiai, F|
|teampreview
|inactive|Battle timer is ON: inactive players will automatically lose when time's up. (requested by wintermoon0)
|
|t:|1760460043
|teamsize|p1|6
|teamsize|p2|6
|start
|switch|p1a: Deoxys|Deoxys-Speed|100/100
|switch|p2a: Gliscor|Gliscor, F, shiny|100/100
|-ability|p1a: Deoxys|Pressure
|turn|1
|
|t:|1760460047
|move|p2a: Gliscor|Protect|p2a: Gliscor
|-singleturn|p2a: Gliscor|Protect
|move|p1a: Deoxys|Taunt|p2a: Gliscor
|-activate|p2a: Gliscor|move: Protect
|
|-status|p2a: Gliscor|tox|[from] item: Toxic Orb
|upkeep
|turn|2
|
|t:|1760460055
|switch|p1a: Barraskewda|Barraskewda, F|100/100
|move|p2a: Gliscor|Earthquake|p1a: Barraskewda
|-damage|p1a: Barraskewda|45/100
|
|upkeep
|turn|3
|
|t:|1760460063
|switch|p2a: Gyarados|Gyarados, F, shiny|100/100
|-ability|p2a: Gyarados|Intimidate|boost
|-unboost|p1a: Barraskewda|atk|1
|move|p1a: Barraskewda|Liquidation|p2a: Gyarados
|-resisted|p2a: Gyarados
|-damage|p2a: Gyarados|72/100
|
|upkeep
|turn|4
|
|t:|1760460075
|switch|p1a: Deoxys|Deoxys-Speed|100/100
|-ability|p1a: Deoxys|Pressure
|move|p2a: Gyarados|Earthquake|p1a: Deoxys
|-damage|p1a: Deoxys|40/100
|
|upkeep
|turn|5
|
|t:|1760460077
|switch|p2a: Blissey|Blissey, F|100/100
|move|p1a: Deoxys|Psycho Boost|p2a: Blissey
|-damage|p2a: Blissey|79/100
|-unboost|p1a: Deoxys|spa|2
|
|-heal|p2a: Blissey|86/100|[from] item: Leftovers
|upkeep
|turn|6
|
|t:|1760460081
|move|p1a: Deoxys|Stealth Rock|p2a: Blissey
|-sidestart|p2: Scoobenvonduben|move: Stealth Rock
|move|p2a: Blissey|Seismic Toss|p1a: Deoxys
|-damage|p1a: Deoxys|0 fnt
|faint|p1a: Deoxys
|
|-heal|p2a: Blissey|92/100|[from] item: Leftovers
|upkeep
|
|t:|1760460084
|switch|p1a: Pelipper|Pelipper, M|100/100
|-weather|RainDance|[from] ability: Drizzle|[of] p1a: Pelipper
|turn|7
|
|t:|1760460088
|move|p1a: Pelipper|U-turn|p2a: Blissey
|-damage|p2a: Blissey|85/100
|
|t:|1760460091
|switch|p1a: Cramorant|Cramorant, M|100/100|[from] U-turn
|move|p2a: Blissey|Stealth Rock|p1a: Cramorant
|-sidestart|p1: wintermoon0|move: Stealth Rock
|
|-weather|RainDance|[upkeep]
|-heal|p2a: Blissey|91/100|[from] item: Leftovers
|upkeep
|turn|8
|
|t:|1760460094
|move|p1a: Cramorant|Agility|p1a: Cramorant
|-boost|p1a: Cramorant|spe|2
|move|p2a: Blissey|Thunder Wave|p1a: Cramorant
|-status|p1a: Cramorant|par
|
|-weather|RainDance|[upkeep]
|-heal|p2a: Blissey|97/100|[from] item: Leftovers
|upkeep
|turn|9
|
|t:|1760460099
|move|p1a: Cramorant|Surf|p2a: Blissey
|-formechange|p1a: Cramorant|Cramorant-Gulping|
|-damage|p2a: Blissey|82/100
|move|p2a: Blissey|Seismic Toss|p1a: Cramorant
|-damage|p1a: Cramorant|71/100 par
|-damage|p2a: Blissey|57/100|[from] ability: Gulp Missile|[of] p1a: Cramorant
|-unboost|p2a: Blissey|def|1
|-formechange|p1a: Cramorant|Cramorant|
|
|-weather|RainDance|[upkeep]
|-heal|p1a: Cramorant|78/100 par|[from] item: Leftovers
|-heal|p2a: Blissey|64/100|[from] item: Leftovers
|upkeep
|turn|10
|
|t:|1760460105
|move|p1a: Cramorant|Surf|p2a: Blissey
|-formechange|p1a: Cramorant|Cramorant-Gulping|
|-damage|p2a: Blissey|48/100
|move|p2a: Blissey|Soft-Boiled|p2a: Blissey
|-heal|p2a: Blissey|98/100
|
|-weather|RainDance|[upkeep]
|-heal|p1a: Cramorant|84/100 par|[from] item: Leftovers
|-heal|p2a: Blissey|100/100|[from] item: Leftovers
|upkeep
|turn|11
|
|t:|1760460116
|switch|p1a: Barraskewda|Barraskewda, F|45/100
|-damage|p1a: Barraskewda|32/100|[from] Stealth Rock
|move|p2a: Blissey|Soft-Boiled||[still]
|-fail|p2a: Blissey|heal
|
|-weather|RainDance|[upkeep]
|upkeep
|turn|12
|
|t:|1760460121
|move|p1a: Barraskewda|Liquidation|p2a: Blissey
|-damage|p2a: Blissey|0 fnt
|faint|p2a: Blissey
|
|-weather|RainDance|[upkeep]
|upkeep
|
|t:|1760460124
|switch|p2a: Gyarados|Gyarados, F, shiny|72/100
|-ability|p2a: Gyarados|Intimidate|boost
|-unboost|p1a: Barraskewda|atk|1
|turn|13
|inactive|wintermoon0 has 120 seconds left.
|inactive|wintermoon0 has 90 seconds left.
|inactive|wintermoon0 has 60 seconds left.
|inactive|wintermoon0 has 30 seconds left.
|inactive|wintermoon0 has 20 seconds left.
|l|☆Scoobenvonduben
|inactive|Scoobenvonduben disconnected and has a minute to reconnect!
|player|p2|
|inactive|wintermoon0 has 15 seconds left.
|j|☆Scoobenvonduben
|inactive|Scoobenvonduben reconnected.
|player|p2|Scoobenvonduben|brawly|
|inactive|wintermoon0 has 10 seconds left.
|inactive|wintermoon0 has 5 seconds left.
|-message|wintermoon0 lost due to inactivity.
|
|win|Scoobenvonduben
|raw|wintermoon0's rating: 1383 &rarr; <strong>1366</strong><br />(-17 for losing)
|raw|Scoobenvonduben's rating: 1433 &rarr; <strong>1450</strong><br />(+17 for winning)
|l|☆Scoobenvonduben
|player|p2|
|l|☆wintermoon0
|player|p1|
