|j|☆duckduckbird
|j|☆antzinmypantz
|t:|1760390660
|gametype|singles
|player|p1|duckduckbird|palmer|1185
|player|p2|antzinmypantz|102|1149
|gen|9
|tier|[Gen 9] OU
|rated|
|rule|HP Percentage Mod: HP is shown in percentages
|rule|Endless Battle Clause: Forcing endless battles is banned
|rule|Species Clause: Limit one of each Pokémon
|rule|OHKO Clause: OHKO moves are banned
|rule|Evasion Items Clause: Evasion items are banned
|rule|Evasion Moves Clause: Evasion moves are banned
|rule|Evasion Abilities Clause: Evasion abilities are banned
|rule|Sleep Moves Clause: Sleep-inducing moves are banned
|clearpoke
|poke|p1|Dragonite, M|
|poke|p1|Ceruledge, M|
|poke|p1|Gholdengo|
|poke|p1|Iron Moth|
|poke|p1|Raging Bolt|
|poke|p1|Iron Valiant|
|poke|p2|Wigglytuff, F|
|poke|p2|Lilligant-Hisui, F|
|poke|p2|Empoleon, F|
|poke|p2|Latias, F|
|poke|p2|Skeledirge, M|
|poke|p2|Mamoswine, F|
|teampreview
|
|t:|1760390669
|teamsize|p1|6
|teamsize|p2|6
|start
|switch|p1a: Iron Moth|Iron Moth|100/100
|switch|p2a: Mamoswine|Mamoswine, F|100/100
|-enditem|p1a: Iron Moth|Booster Energy
|-activate|p1a: Iron Moth|ability: Quark Drive|[fromitem]
|-start|p1a: Iron Moth|quarkdrivespa
|turn|1
|
|t:|1760390679
|-terastallize|p1a: Iron Moth|Flying
|move|p1a: Iron Moth|Flamethrower|p2a: Mamoswine
|-supereffective|p2a: Mamoswine
|-damage|p2a: Mamoswine|10/100
|move|p2a: Mamoswine|Earthquake|p1a: Iron Moth
|-immune|p1a: Iron Moth
|
|upkeep
|turn|2
|
|t:|1760390691
|move|p2a: Mamoswine|Ice Shard|p1a: Iron Moth
|-supereffective|p1a: Iron Moth
|-damage|p1a: Iron Moth|31/100
|move|p1a: Iron Moth|Sludge Wave|p2a: Mamoswine
|-resisted|p2a: Mamoswine
|-damage|p2a: Mamoswine|0 fnt
|faint|p2a: Mamoswine
|
|upkeep
|
|t:|1760390709
|switch|p2a: Latias|Latias, F|100/100
|turn|3
|
|t:|1760390713
|move|p2a: Latias|Mist Ball|p1a: Iron Moth
|-damage|p1a: Iron Moth|0 fnt
|faint|p1a: Iron Moth
|-end|p1a: Iron Moth|Quark Drive|[silent]
|
|upkeep
|
|t:|1760390719
|switch|p1a: Ceruledge|Ceruledge, M|100/100
|turn|4
|
|t:|1760390725
|switch|p2a: Skeledirge|Skeledirge, M|100/100
|move|p1a: Ceruledge|Shadow Sneak|p2a: Skeledirge
|-supereffective|p2a: Skeledirge
|-damage|p2a: Skeledirge|64/100
|-damage|p1a: Ceruledge|91/100|[from] item: Life Orb
|
|upkeep
|turn|5
|
|t:|1760390735
|-terastallize|p2a: Skeledirge|Fairy
|move|p1a: Ceruledge|Shadow Sneak|p2a: Skeledirge
|-damage|p2a: Skeledirge|44/100
|-damage|p1a: Ceruledge|81/100|[from] item: Life Orb
|move|p2a: Skeledirge|Slack Off|p2a: Skeledirge
|-heal|p2a: Skeledirge|94/100
|
|upkeep
|turn|6
|l|☆antzinmypantz
|player|p2|
|j|☆antzinmypantz
|player|p2|antzinmypantz|102|
|
|t:|1760390766
|move|p1a: Ceruledge|Poison Jab|p2a: Skeledirge
|-supereffective|p2a: Skeledirge
|-damage|p2a: Skeledirge|38/100
|-status|p2a: Skeledirge|psn
|-damage|p1a: Ceruledge|71/100|[from] item: Life Orb
|move|p2a: Skeledirge|Torch Song|p1a: Ceruledge
|-resisted|p1a: Ceruledge
|-damage|p1a: Ceruledge|53/100
|-boost|p2a: Skeledirge|spa|1
|
|-damage|p2a: Skeledirge|26/100 psn|[from] psn
|upkeep
|turn|7
|
|t:|1760390781
|move|p1a: Ceruledge|Close Combat|p2a: Skeledirge
|-resisted|p2a: Skeledirge
|-damage|p2a: Skeledirge|7/100 psn
|-unboost|p1a: Ceruledge|def|1
|-unboost|p1a: Ceruledge|spd|1
|-damage|p1a: Ceruledge|43/100|[from] item: Life Orb
|move|p2a: Skeledirge|Hex|p1a: Ceruledge
|-supereffective|p1a: Ceruledge
|-damage|p1a: Ceruledge|0 fnt
|faint|p1a: Ceruledge
|
|-damage|p2a: Skeledirge|0 fnt|[from] psn
|faint|p2a: Skeledirge
|upkeep
|
|t:|1760390799
|switch|p1a: Iron Valiant|Iron Valiant|100/100
|switch|p2a: Wigglytuff|Wigglytuff, F|100/100
|turn|8
|
|t:|1760390807
|move|p1a: Iron Valiant|Poison Jab|p2a: Wigglytuff
|-supereffective|p2a: Wigglytuff
|-damage|p2a: Wigglytuff|26/100
|-status|p2a: Wigglytuff|psn
|move|p2a: Wigglytuff|Psychic Noise|p1a: Iron Valiant
|-supereffective|p1a: Iron Valiant
|-damage|p1a: Iron Valiant|3/100
|-start|p1a: Iron Valiant|move: Heal Block
|
|-damage|p2a: Wigglytuff|14/100 psn|[from] psn
|upkeep
|turn|9
|
|t:|1760390821
|move|p1a: Iron Valiant|Poison Jab|p2a: Wigglytuff
|-supereffective|p2a: Wigglytuff
|-damage|p2a: Wigglytuff|0 fnt
|faint|p2a: Wigglytuff
|
|-end|p1a: Iron Valiant|move: Heal Block
|upkeep
|
|t:|1760390829
|switch|p2a: Empoleon|Empoleon, F|100/100
|turn|10
|
|t:|1760390834
|move|p1a: Iron Valiant|Drain Punch|p2a: Empoleon
|-supereffective|p2a: Empoleon
|-crit|p2a: Empoleon
|-damage|p2a: Empoleon|0 fnt
|-heal|p1a: Iron Valiant|57/100|[from] drain|[of] p2a: Empoleon
|faint|p2a: Empoleon
|
|upkeep
|-message|antzinmypantz forfeited.
|
|win|duckduckbird
|raw|duckduckbird's rating: 1185 &rarr; <strong>1207</strong><br />(+22 for winning)
|raw|antzinmypantz's rating: 1149 &rarr; <strong>1127</strong><br />(-22 for losing)
|l|☆antzinmypantz
|player|p2|
