|j|☆Jakewater
|j|☆siddd7890
|t:|1760373600
|gametype|singles
|player|p1|Jakewater|blue|1131
|player|p2|siddd7890|unknown|1165
|gen|9
|tier|[Gen 9] OU
|rated|
|rule|HP Percentage Mod: HP is shown in percentages
|rule|Endless Battle Clause: Forcing endless battles is banned
|rule|Species Clause: Limit one of each Pokémon
|rule|OHKO Clause: OHKO moves are banned
|rule|Evasion Items Clause: Evasion items are banned
|rule|Evasion Moves Clause: Evasion moves are banned
|rule|Evasion Abilities Clause: Evasion abilities are banned
|rule|Sleep Moves Clause: Sleep-inducing moves are banned
|clearpoke
|poke|p1|Dodrio, F|
|poke|p1|Wigglytuff, M|
|poke|p1|Tatsugiri, F|
|poke|p1|Espeon, F|
|poke|p1|Exeggutor, M|
|poke|p1|Polteageist-Antique|
|poke|p2|Regidrago|
|poke|p2|Ogerpon-Wellspring, F|
|poke|p2|Blaziken, M|
|poke|p2|Granbull, F|
|poke|p2|Gholdengo|
|poke|p2|Enamorus, F|
|teampreview
|inactive|Battle timer is ON: inactive players will automatically lose when time's up. (requested by siddd7890)
|
|t:|1760373617
|teamsize|p1|6
|teamsize|p2|6
|start
|switch|p1a: Espeon|Espeon, F|100/100
|switch|p2a: Regidrago|Regidrago|100/100
|turn|1
|
|t:|1760373622
|move|p2a: Regidrago|Dragon Energy|p1a: Espeon
|-damage|p1a: Espeon|0 fnt
|faint|p1a: Espeon
|
|upkeep
|
|t:|1760373626
|switch|p1a: Wigglytuff|Wigglytuff, M|100/100
|turn|2
|
|t:|1760373631
|switch|p2a: Gholdengo|Gholdengo|100/100
|move|p1a: Wigglytuff|Calm Mind|p1a: Wigglytuff
|-boost|p1a: Wigglytuff|spa|1
|-boost|p1a: Wigglytuff|spd|1
|
|upkeep
|turn|3
|
|t:|1760373637
|move|p2a: Gholdengo|Nasty Plot|p2a: Gholdengo
|-boost|p2a: Gholdengo|spa|2
|move|p1a: Wigglytuff|Flamethrower|p2a: Gholdengo
|-supereffective|p2a: Gholdengo
|-damage|p2a: Gholdengo|8/100
|
|upkeep
|turn|4
|
|t:|1760373649
|-terastallize|p1a: Wigglytuff|Fire
|move|p2a: Gholdengo|Make It Rain|p1a: Wigglytuff
|-resisted|p1a: Wigglytuff
|-damage|p1a: Wigglytuff|30/100
|-unboost|p2a: Gholdengo|spa|1
|-damage|p2a: Gholdengo|0 fnt|[from] item: Life Orb
|faint|p2a: Gholdengo
|move|p1a: Wigglytuff|Flamethrower|p2: Gholdengo|[notarget]
|-fail|p1a: Wigglytuff
|
|-heal|p1a: Wigglytuff|37/100|[from] item: Leftovers
|upkeep
|
|t:|1760373659
|switch|p2a: Ogerpon|Ogerpon-Wellspring, F|100/100
|turn|5
|
|t:|1760373664
|switch|p1a: Exeggutor|Exeggutor, M|100/100
|move|p2a: Ogerpon|Ivy Cudgel|p1a: Exeggutor|[anim] Ivy Cudgel Water
|-resisted|p1a: Exeggutor
|-damage|p1a: Exeggutor|79/100
|
|upkeep
|turn|6
|
|t:|1760373681
|switch|p2a: Enamorus|Enamorus, F|100/100
|move|p1a: Exeggutor|Giga Drain|p2a: Enamorus
|-resisted|p2a: Enamorus
|-damage|p2a: Enamorus|78/100
|-heal|p1a: Exeggutor|88/100|[from] drain|[of] p2a: Enamorus
|
|upkeep
|turn|7
|
|t:|1760373691
|-terastallize|p2a: Enamorus|Stellar
|move|p2a: Enamorus|Tera Blast|p1a: Exeggutor|[anim] Tera Blast Stellar
|-damage|p1a: Exeggutor|42/100
|-boost|p2a: Enamorus|atk|1
|-boost|p2a: Enamorus|spa|1
|-enditem|p1a: Exeggutor|Sitrus Berry|[eat]
|-heal|p1a: Exeggutor|66/100|[from] item: Sitrus Berry
|move|p1a: Exeggutor|Leech Seed|p2a: Enamorus
|-start|p2a: Enamorus|move: Leech Seed
|
|-damage|p2a: Enamorus|65/100|[from] Leech Seed|[of] p1a: Exeggutor
|-heal|p1a: Exeggutor|76/100|[silent]
|-item|p1a: Exeggutor|Sitrus Berry|[from] ability: Harvest
|upkeep
|turn|8
|
|t:|1760373703
|move|p1a: Exeggutor|Protect|p1a: Exeggutor
|-singleturn|p1a: Exeggutor|Protect
|move|p2a: Enamorus|Tera Blast|p1a: Exeggutor|[anim] Tera Blast Stellar
|-activate|p1a: Exeggutor|move: Protect
|
|-damage|p2a: Enamorus|53/100|[from] Leech Seed|[of] p1a: Exeggutor
|-heal|p1a: Exeggutor|85/100|[silent]
|upkeep
|turn|9
|
|t:|1760373712
|move|p2a: Enamorus|Tera Blast|p1a: Exeggutor|[anim] Tera Blast Stellar
|-damage|p1a: Exeggutor|29/100
|-boost|p2a: Enamorus|atk|1
|-boost|p2a: Enamorus|spa|1
|-enditem|p1a: Exeggutor|Sitrus Berry|[eat]
|-heal|p1a: Exeggutor|54/100|[from] item: Sitrus Berry
|move|p1a: Exeggutor|Psyshock|p2a: Enamorus
|-damage|p2a: Enamorus|0 fnt
|faint|p2a: Enamorus
|
|-item|p1a: Exeggutor|Sitrus Berry|[from] ability: Harvest
|upkeep
|
|t:|1760373721
|switch|p2a: Regidrago|Regidrago|100/100
|turn|10
|
|t:|1760373725
|move|p1a: Exeggutor|Protect|p1a: Exeggutor
|-singleturn|p1a: Exeggutor|Protect
|move|p2a: Regidrago|Dragon Energy|p1a: Exeggutor
|-activate|p1a: Exeggutor|move: Protect
|
|upkeep
|turn|11
|
|t:|1760373734
|move|p2a: Regidrago|Dragon Energy|p1a: Exeggutor
|-damage|p1a: Exeggutor|0 fnt
|faint|p1a: Exeggutor
|
|upkeep
|
|t:|1760373740
|switch|p1a: Dodrio|Dodrio, F|100/100
|turn|12
|
|t:|1760373749
|move|p2a: Regidrago|Dragon Energy|p1a: Dodrio
|-damage|p1a: Dodrio|0 fnt
|faint|p1a: Dodrio
|
|upkeep
|
|t:|1760373754
|switch|p1a: Polteageist|Polteageist-Antique|100/100
|turn|13
|
|t:|1760373761
|move|p2a: Regidrago|Dragon Energy|p1a: Polteageist
|-damage|p1a: Polteageist|0 fnt
|faint|p1a: Polteageist
|
|upkeep
|
|t:|1760373765
|switch|p1a: Wigglytuff|Wigglytuff, M, tera:Fire|37/100
|turn|14
|
|t:|1760373768
|move|p2a: Regidrago|Dragon Energy|p1a: Wigglytuff
|-damage|p1a: Wigglytuff|0 fnt
|faint|p1a: Wigglytuff
|
|upkeep
|
|t:|1760373771
|switch|p1a: Tatsugiri|Tatsugiri, F|100/100
|turn|15
|
|t:|1760373774
|move|p2a: Regidrago|Dragon Energy|p1a: Tatsugiri
|-supereffective|p1a: Tatsugiri
|-damage|p1a: Tatsugiri|0 fnt
|faint|p1a: Tatsugiri
|
|win|siddd7890
|raw|Jakewater's rating: 1131 &rarr; <strong>1108</strong><br />(-23 for losing)
|raw|siddd7890's rating: 1165 &rarr; <strong>1188</strong><br />(+23 for winning)
|l|☆siddd7890
|player|p2|
|l|☆Jakewater
|player|p1|
