|j|☆bald wooper
|j|☆Lolproplayer
|t:|1760432034
|gametype|singles
|player|p1|bald wooper|265|1725
|player|p2|Lolproplayer|102|1749
|gen|9
|tier|[Gen 9] OU
|rated|
|rule|HP Percentage Mod: HP is shown in percentages
|rule|Endless Battle Clause: Forcing endless battles is banned
|rule|Species Clause: Limit one of each Pokémon
|rule|OHKO Clause: OHKO moves are banned
|rule|Evasion Items Clause: Evasion items are banned
|rule|Evasion Moves Clause: Evasion moves are banned
|rule|Evasion Abilities Clause: Evasion abilities are banned
|rule|Sleep Moves Clause: Sleep-inducing moves are banned
|clearpoke
|poke|p1|Landorus-Therian, M|
|poke|p1|Kingambit, F|
|poke|p1|Slowking-Galar, M|
|poke|p1|Iron Treads|
|poke|p1|Volcanion|
|poke|p1|Darkrai|
|poke|p2|Ursaluna, F|
|poke|p2|Cresselia, F|
|poke|p2|Iron Hands|
|poke|p2|Volcanion|
|poke|p2|Hatterene, F|
|poke|p2|Porygon2|
|teampreview
|
|t:|1760432053
|teamsize|p1|6
|teamsize|p2|6
|start
|switch|p1a: Slowking|Slowking-Galar, M|100/100
|switch|p2a: Porygon2|Porygon2|100/100
|-ability|p2a: Porygon2|Download|boost
|-boost|p2a: Porygon2|spa|1
|turn|1
|inactive|Battle timer is ON: inactive players will automatically lose when time's up. (requested by bald wooper)
|
|t:|1760432061
|move|p2a: Porygon2|Tera Blast|p1a: Slowking
|-damage|p1a: Slowking|56/100
|move|p1a: Slowking|Thunder Wave|p2a: Porygon2
|-status|p2a: Porygon2|par
|
|upkeep
|turn|2
|
|t:|1760432071
|move|p1a: Slowking|Ice Beam|p2a: Porygon2
|-damage|p2a: Porygon2|85/100 par
|move|p2a: Porygon2|Trick Room|p2a: Porygon2
|-fieldstart|move: Trick Room|[of] p2a: Porygon2
|
|upkeep
|turn|3
|
|t:|1760432077
|move|p2a: Porygon2|Tera Blast|p1a: Slowking
|-damage|p1a: Slowking|12/100
|-prepare|p1a: Slowking|Chilly Reception|[premajor]
|move|p1a: Slowking|Chilly Reception|p1a: Slowking
|-weather|Snowscape
|
|t:|1760432086
|switch|p1a: Iron Treads|Iron Treads|100/100|[from] Chilly Reception
|
|-weather|Snowscape|[upkeep]
|upkeep
|turn|4
|
|t:|1760432095
|-terastallize|p2a: Porygon2|Ground
|move|p2a: Porygon2|Tera Blast|p1a: Iron Treads|[anim] Tera Blast Ground
|-supereffective|p1a: Iron Treads
|-damage|p1a: Iron Treads|0 fnt
|faint|p1a: Iron Treads
|-end|p1a: Iron Treads|Quark Drive|[silent]
|
|-weather|Snowscape|[upkeep]
|upkeep
|
|t:|1760432106
|switch|p1a: Darkrai|Darkrai|100/100
|turn|5
|
|t:|1760432110
|cant|p2a: Porygon2|par
|move|p1a: Darkrai|Nasty Plot|p1a: Darkrai
|-boost|p1a: Darkrai|spa|2
|
|-weather|Snowscape|[upkeep]
|upkeep
|turn|6
|
|t:|1760432117
|move|p2a: Porygon2|Tera Blast|p1a: Darkrai|[anim] Tera Blast Ground
|-damage|p1a: Darkrai|38/100
|-enditem|p1a: Darkrai|Red Card|[of] p2a: Porygon2
|drag|p2a: Iron Hands|Iron Hands|100/100
|-enditem|p2a: Iron Hands|Booster Energy
|-activate|p2a: Iron Hands|ability: Quark Drive|[fromitem]
|-start|p2a: Iron Hands|quarkdriveatk
|move|p1a: Darkrai|Dark Pulse|p2a: Iron Hands
|-resisted|p2a: Iron Hands
|-damage|p2a: Iron Hands|69/100
|
|-weather|Snowscape|[upkeep]
|-fieldend|move: Trick Room
|upkeep
|turn|7
|
|t:|1760432131
|move|p1a: Darkrai|Sludge Bomb|p2a: Iron Hands
|-damage|p2a: Iron Hands|21/100
|move|p2a: Iron Hands|Ice Punch|p1a: Darkrai
|-damage|p1a: Darkrai|0 fnt
|faint|p1a: Darkrai
|
|-weather|none
|upkeep
|
|t:|1760432140
|switch|p1a: Landorus|Landorus-Therian, M|100/100
|-ability|p1a: Landorus|Intimidate|boost
|-unboost|p2a: Iron Hands|atk|1
|turn|8
|
|t:|1760432145
|-end|p2a: Iron Hands|Quark Drive|[silent]
|switch|p2a: Cresselia|Cresselia, F|100/100
|move|p1a: Landorus|U-turn|p2a: Cresselia
|-supereffective|p2a: Cresselia
|-damage|p2a: Cresselia|77/100
|
|t:|1760432147
|switch|p1a: Kingambit|Kingambit, F|100/100|[from] U-turn
|-activate|p1a: Kingambit|ability: Supreme Overlord
|-start|p1a: Kingambit|fallen2|[silent]
|
|upkeep
|turn|9
|
|t:|1760432155
|move|p1a: Kingambit|Swords Dance|p1a: Kingambit
|-boost|p1a: Kingambit|atk|2
|move|p2a: Cresselia|Trick Room|p2a: Cresselia
|-fieldstart|move: Trick Room|[of] p2a: Cresselia
|
|upkeep
|turn|10
|
|t:|1760432161
|move|p2a: Cresselia|Lunar Dance|p2a: Cresselia
|faint|p2a: Cresselia
|move|p1a: Kingambit|Swords Dance|p1a: Kingambit
|-boost|p1a: Kingambit|atk|2
|
|upkeep
|
|t:|1760432167
|switch|p2a: Iron Hands|Iron Hands|21/100
|-heal|p2a: Iron Hands|100/100|[from] move: Lunar Dance
|turn|11
|
|t:|1760432172
|-terastallize|p1a: Kingambit|Fairy
|move|p2a: Iron Hands|Close Combat|p1a: Kingambit
|-resisted|p1a: Kingambit
|-damage|p1a: Kingambit|70/100
|-unboost|p2a: Iron Hands|def|1
|-unboost|p2a: Iron Hands|spd|1
|move|p1a: Kingambit|Tera Blast|p2a: Iron Hands|[anim] Tera Blast Fairy
|-supereffective|p2a: Iron Hands
|-damage|p2a: Iron Hands|0 fnt
|faint|p2a: Iron Hands
|-end|p2a: Iron Hands|Quark Drive|[silent]
|
|upkeep
|
|t:|1760432189
|switch|p2a: Volcanion|Volcanion|100/100
|turn|12
|
|t:|1760432193
|move|p1a: Kingambit|Sucker Punch|p2a: Volcanion
|-damage|p2a: Volcanion|0 fnt
|faint|p2a: Volcanion
|
|upkeep
|
|t:|1760432198
|switch|p2a: Ursaluna|Ursaluna, F|100/100
|turn|13
|
|t:|1760432202
|move|p1a: Kingambit|Sucker Punch|p2a: Ursaluna
|-damage|p2a: Ursaluna|4/100
|move|p2a: Ursaluna|Headlong Rush|p1a: Kingambit
|-damage|p1a: Kingambit|11/100
|-unboost|p2a: Ursaluna|def|1
|-unboost|p2a: Ursaluna|spd|1
|
|-fieldend|move: Trick Room
|-status|p2a: Ursaluna|brn|[from] item: Flame Orb
|upkeep
|turn|14
|-message|Lolproplayer forfeited.
|
|win|bald wooper
|raw|bald wooper's rating: 1725 &rarr; <strong>1746</strong><br />(+21 for winning)
|raw|Lolproplayer's rating: 1749 &rarr; <strong>1728</strong><br />(-21 for losing)
|l|☆Lolproplayer
|player|p2|
