|j|☆Passerby bye
|j|☆LuvKoolaid
|t:|1760363913
|gametype|singles
|player|p1|Passerby bye|scientist-gen4|1321
|player|p2|LuvKoolaid|benga|1282
|gen|9
|tier|[Gen 9] OU
|rated|
|rule|HP Percentage Mod: HP is shown in percentages
|rule|Endless Battle Clause: Forcing endless battles is banned
|rule|Species Clause: Limit one of each Pokémon
|rule|OHKO Clause: OHKO moves are banned
|rule|Evasion Items Clause: Evasion items are banned
|rule|Evasion Moves Clause: Evasion moves are banned
|rule|Evasion Abilities Clause: Evasion abilities are banned
|rule|Sleep Moves Clause: Sleep-inducing moves are banned
|clearpoke
|poke|p1|Vileplume, M|
|poke|p1|Houndoom, M|
|poke|p1|Gliscor, M|
|poke|p1|Magnezone|
|poke|p1|Azumarill, M|
|poke|p1|Mismagius, F|
|poke|p2|Quaquaval, F|
|poke|p2|Krookodile, F|
|poke|p2|Kingambit, F|
|poke|p2|Heatran, F|
|poke|p2|Gliscor, M|
|poke|p2|Primarina, F|
|teampreview
|inactive|Battle timer is ON: inactive players will automatically lose when time's up. (requested by LuvKoolaid)
|
|t:|1760363947
|teamsize|p1|6
|teamsize|p2|6
|start
|switch|p1a: Vileplume|Vileplume, M|100/100
|switch|p2a: Primarina|Primarina, F|100/100
|turn|1
|
|t:|1760363959
|switch|p2a: Heatran|Heatran, F|100/100
|move|p1a: Vileplume|Sludge Wave|p2a: Heatran
|-immune|p2a: Heatran
|
|upkeep
|turn|2
|
|t:|1760363966
|switch|p1a: Houndoom|Houndoom, M|100/100
|move|p2a: Heatran|Will-O-Wisp|p1a: Houndoom
|-start|p1a: Houndoom|ability: Flash Fire
|
|upkeep
|turn|3
|
|t:|1760363977
|move|p1a: Houndoom|Nasty Plot|p1a: Houndoom
|-boost|p1a: Houndoom|spa|2
|move|p2a: Heatran|Rock Slide|p1a: Houndoom
|-supereffective|p1a: Houndoom
|-damage|p1a: Houndoom|40/100
|
|upkeep
|turn|4
|
|t:|1760363984
|move|p1a: Houndoom|Destiny Bond|p1a: Houndoom
|-singlemove|p1a: Houndoom|Destiny Bond
|move|p2a: Heatran|Rock Slide|p1a: Houndoom
|-supereffective|p1a: Houndoom
|-damage|p1a: Houndoom|0 fnt
|faint|p1a: Houndoom
|-activate|p1a: Houndoom|move: Destiny Bond
|faint|p2a: Heatran
|
|upkeep
|
|t:|1760364002
|switch|p1a: Vileplume|Vileplume, M|100/100
|switch|p2a: Quaquaval|Quaquaval, F|100/100
|turn|5
|inactive|LuvKoolaid has 120 seconds left.
|
|t:|1760364037
|switch|p2a: Kingambit|Kingambit, F|100/100
|-activate|p2a: Kingambit|ability: Supreme Overlord
|-start|p2a: Kingambit|fallen1|[silent]
|move|p1a: Vileplume|Strength Sap|p2a: Kingambit
|-unboost|p2a: Kingambit|atk|1
|
|upkeep
|turn|6
|
|t:|1760364056
|-end|p2a: Kingambit|fallen1|[silent]
|switch|p2a: Krookodile|Krookodile, F|100/100
|switch|p1a: Gliscor|Gliscor, M|100/100
|
|-status|p1a: Gliscor|tox|[from] item: Toxic Orb
|upkeep
|turn|7
|
|t:|1760364065
|move|p1a: Gliscor|Protect|p1a: Gliscor
|-singleturn|p1a: Gliscor|Protect
|move|p2a: Krookodile|Knock Off|p1a: Gliscor
|-activate|p1a: Gliscor|move: Protect
|
|upkeep
|turn|8
|
|t:|1760364071
|move|p2a: Krookodile|Knock Off|p1a: Gliscor
|-damage|p1a: Gliscor|65/100 tox
|-enditem|p1a: Gliscor|Toxic Orb|[from] move: Knock Off|[of] p2a: Krookodile
|move|p1a: Gliscor|Swords Dance|p1a: Gliscor
|-boost|p1a: Gliscor|atk|2
|
|-heal|p1a: Gliscor|78/100 tox|[from] ability: Poison Heal
|upkeep
|turn|9
|inactive|LuvKoolaid has 120 seconds left.
|
|t:|1760364085
|move|p2a: Krookodile|Close Combat|p1a: Gliscor
|-resisted|p1a: Gliscor
|-damage|p1a: Gliscor|62/100 tox
|-unboost|p2a: Krookodile|def|1
|-unboost|p2a: Krookodile|spd|1
|move|p1a: Gliscor|Earthquake|p2a: Krookodile
|-damage|p2a: Krookodile|0 fnt
|faint|p2a: Krookodile
|
|-heal|p1a: Gliscor|75/100 tox|[from] ability: Poison Heal
|upkeep
|inactive|LuvKoolaid has 120 seconds left.
|
|t:|1760364092
|switch|p2a: Quaquaval|Quaquaval, F|100/100
|turn|10
|
|t:|1760364098
|move|p1a: Gliscor|Protect|p1a: Gliscor
|-singleturn|p1a: Gliscor|Protect
|move|p2a: Quaquaval|Aqua Step|p1a: Gliscor
|-activate|p1a: Gliscor|move: Protect
|
|-heal|p1a: Gliscor|87/100 tox|[from] ability: Poison Heal
|upkeep
|turn|11
|
|t:|1760364104
|switch|p1a: Vileplume|Vileplume, M|100/100
|move|p2a: Quaquaval|Aqua Step|p1a: Vileplume
|-resisted|p1a: Vileplume
|-damage|p1a: Vileplume|82/100
|-boost|p2a: Quaquaval|spe|1
|-damage|p2a: Quaquaval|84/100|[from] item: Rocky Helmet|[of] p1a: Vileplume
|
|upkeep
|turn|12
|
|t:|1760364111
|-terastallize|p2a: Quaquaval|Steel
|move|p2a: Quaquaval|Knock Off|p1a: Vileplume
|-damage|p1a: Vileplume|55/100
|-damage|p2a: Quaquaval|68/100|[from] item: Rocky Helmet|[of] p1a: Vileplume
|-enditem|p1a: Vileplume|Rocky Helmet|[from] move: Knock Off|[of] p2a: Quaquaval
|move|p1a: Vileplume|Strength Sap|p2a: Quaquaval
|-unboost|p2a: Quaquaval|atk|1
|-heal|p1a: Vileplume|100/100
|
|upkeep
|turn|13
|
|t:|1760364115
|switch|p2a: Primarina|Primarina, F|100/100
|move|p1a: Vileplume|Leech Seed|p2a: Primarina
|-start|p2a: Primarina|move: Leech Seed
|
|-damage|p2a: Primarina|88/100|[from] Leech Seed|[of] p1a: Vileplume
|upkeep
|turn|14
|
|t:|1760364118
|switch|p2a: Gliscor|Gliscor, M|100/100
|move|p1a: Vileplume|Sludge Wave|p2a: Gliscor
|-resisted|p2a: Gliscor
|-damage|p2a: Gliscor|86/100
|-status|p2a: Gliscor|psn
|
|-heal|p2a: Gliscor|98/100 psn|[from] ability: Poison Heal
|upkeep
|turn|15
|
|t:|1760364127
|move|p2a: Gliscor|Toxic Spikes|p1a: Vileplume
|-sidestart|p1: Passerby bye|move: Toxic Spikes
|move|p1a: Vileplume|Leech Seed|p2a: Gliscor
|-start|p2a: Gliscor|move: Leech Seed
|
|-damage|p2a: Gliscor|86/100 psn|[from] Leech Seed|[of] p1a: Vileplume
|-heal|p2a: Gliscor|98/100 psn|[from] ability: Poison Heal
|upkeep
|turn|16
|
|t:|1760364136
|switch|p2a: Kingambit|Kingambit, F|100/100
|-activate|p2a: Kingambit|ability: Supreme Overlord
|-start|p2a: Kingambit|fallen2|[silent]
|move|p1a: Vileplume|Giga Drain|p2a: Kingambit
|-resisted|p2a: Kingambit
|-damage|p2a: Kingambit|83/100
|
|-heal|p2a: Kingambit|89/100|[from] item: Leftovers
|upkeep
|turn|17
|
|t:|1760364153
|switch|p1a: Gliscor|Gliscor, M|87/100 tox
|move|p2a: Kingambit|Swords Dance|p2a: Kingambit
|-boost|p2a: Kingambit|atk|2
|
|-heal|p2a: Kingambit|96/100|[from] item: Leftovers
|-heal|p1a: Gliscor|99/100 tox|[from] ability: Poison Heal
|upkeep
|turn|18
|
|t:|1760364166
|move|p1a: Gliscor|Earthquake|p2a: Kingambit
|-supereffective|p2a: Kingambit
|-damage|p2a: Kingambit|42/100
|move|p2a: Kingambit|Kowtow Cleave|p1a: Gliscor
|-damage|p1a: Gliscor|3/100 tox
|
|-heal|p2a: Kingambit|48/100|[from] item: Leftovers
|-heal|p1a: Gliscor|16/100 tox|[from] ability: Poison Heal
|upkeep
|turn|19
|
|t:|1760364174
|move|p1a: Gliscor|Protect|p1a: Gliscor
|-singleturn|p1a: Gliscor|Protect
|move|p2a: Kingambit|Sucker Punch||[still]
|-fail|p2a: Kingambit
|
|-heal|p2a: Kingambit|54/100|[from] item: Leftovers
|-heal|p1a: Gliscor|28/100 tox|[from] ability: Poison Heal
|upkeep
|turn|20
|
|t:|1760364179
|move|p2a: Kingambit|Sucker Punch||[still]
|-fail|p2a: Kingambit
|move|p1a: Gliscor|Swords Dance|p1a: Gliscor
|-boost|p1a: Gliscor|atk|2
|
|-heal|p2a: Kingambit|61/100|[from] item: Leftovers
|-heal|p1a: Gliscor|41/100 tox|[from] ability: Poison Heal
|upkeep
|turn|21
|
|t:|1760364184
|move|p1a: Gliscor|Protect|p1a: Gliscor
|-singleturn|p1a: Gliscor|Protect
|move|p2a: Kingambit|Sucker Punch||[still]
|-fail|p2a: Kingambit
|
|-heal|p2a: Kingambit|67/100|[from] item: Leftovers
|-heal|p1a: Gliscor|53/100 tox|[from] ability: Poison Heal
|upkeep
|turn|22
|
|t:|1760364190
|move|p2a: Kingambit|Sucker Punch|p1a: Gliscor
|-damage|p1a: Gliscor|0 fnt
|faint|p1a: Gliscor
|
|-heal|p2a: Kingambit|73/100|[from] item: Leftovers
|upkeep
|
|t:|1760364201
|switch|p1a: Vileplume|Vileplume, M|100/100
|-sideend|p1: Passerby bye|move: Toxic Spikes|[of] p1a: Vileplume
|turn|23
|
|t:|1760364206
|move|p2a: Kingambit|Kowtow Cleave|p1a: Vileplume
|-damage|p1a: Vileplume|15/100
|move|p1a: Vileplume|Leech Seed|p2a: Kingambit|[miss]
|-miss|p1a: Vileplume|p2a: Kingambit
|
|-heal|p2a: Kingambit|79/100|[from] item: Leftovers
|upkeep
|turn|24
|
|t:|1760364212
|move|p2a: Kingambit|Kowtow Cleave|p1a: Vileplume
|-crit|p1a: Vileplume
|-damage|p1a: Vileplume|0 fnt
|faint|p1a: Vileplume
|
|-heal|p2a: Kingambit|85/100|[from] item: Leftovers
|upkeep
|
|t:|1760364221
|switch|p1a: Magnezone|Magnezone|100/100
|turn|25
|
|t:|1760364232
|move|p2a: Kingambit|Sucker Punch|p1a: Magnezone
|-damage|p1a: Magnezone|9/100
|move|p1a: Magnezone|Thunderbolt|p2a: Kingambit
|-damage|p2a: Kingambit|0 fnt
|faint|p2a: Kingambit
|-end|p2a: Kingambit|fallen2|[silent]
|
|upkeep
|
|t:|1760364237
|switch|p2a: Quaquaval|Quaquaval, F, tera:Steel|68/100
|turn|26
|
|t:|1760364246
|move|p2a: Quaquaval|Aqua Step|p1a: Magnezone
|-damage|p1a: Magnezone|0 fnt
|-boost|p2a: Quaquaval|spe|1
|faint|p1a: Magnezone
|-ability|p2a: Quaquaval|Moxie|boost
|-boost|p2a: Quaquaval|atk|1
|
|upkeep
|
|t:|1760364253
|switch|p1a: Azumarill|Azumarill, M|100/100
|turn|27
|
|t:|1760364259
|move|p2a: Quaquaval|Knock Off|p1a: Azumarill
|-resisted|p1a: Azumarill
|-damage|p1a: Azumarill|72/100
|-enditem|p1a: Azumarill|Assault Vest|[from] move: Knock Off|[of] p2a: Quaquaval
|move|p1a: Azumarill|Liquidation|p2a: Quaquaval
|-damage|p2a: Quaquaval|0 fnt
|faint|p2a: Quaquaval
|
|upkeep
|
|t:|1760364263
|switch|p2a: Gliscor|Gliscor, M|98/100 psn
|turn|28
|
|t:|1760364280
|switch|p1a: Mismagius|Mismagius, F|100/100
|move|p2a: Gliscor|Toxic|p1a: Mismagius
|-status|p1a: Mismagius|tox
|
|-damage|p1a: Mismagius|94/100 tox|[from] psn
|-heal|p2a: Gliscor|100/100 psn|[from] ability: Poison Heal
|upkeep
|turn|29
|
|t:|1760364290
|move|p1a: Mismagius|Substitute|p1a: Mismagius
|-start|p1a: Mismagius|Substitute
|-damage|p1a: Mismagius|69/100 tox
|move|p2a: Gliscor|Knock Off|p1a: Mismagius
|-supereffective|p1a: Mismagius
|-end|p1a: Mismagius|Substitute
|
|-damage|p1a: Mismagius|57/100 tox|[from] psn
|upkeep
|turn|30
|
|t:|1760364302
|move|p1a: Mismagius|Shadow Ball|p2a: Gliscor
|-damage|p2a: Gliscor|59/100 psn
|-damage|p1a: Mismagius|47/100 tox|[from] item: Life Orb
|move|p2a: Gliscor|Knock Off|p1a: Mismagius
|-supereffective|p1a: Mismagius
|-damage|p1a: Mismagius|0 fnt
|-enditem|p1a: Mismagius|Life Orb|[from] move: Knock Off|[of] p2a: Gliscor
|faint|p1a: Mismagius
|
|-heal|p2a: Gliscor|72/100 psn|[from] ability: Poison Heal
|upkeep
|
|t:|1760364305
|switch|p1a: Azumarill|Azumarill, M|72/100
|turn|31
|
|t:|1760364311
|move|p2a: Gliscor|Protect|p2a: Gliscor
|-singleturn|p2a: Gliscor|Protect
|move|p1a: Azumarill|Liquidation|p2a: Gliscor
|-activate|p2a: Gliscor|move: Protect
|
|-heal|p2a: Gliscor|84/100 psn|[from] ability: Poison Heal
|upkeep
|turn|32
|
|t:|1760364329
|move|p2a: Gliscor|Toxic|p1a: Azumarill
|-status|p1a: Azumarill|tox
|move|p1a: Azumarill|Liquidation|p2a: Gliscor
|-supereffective|p2a: Gliscor
|-damage|p2a: Gliscor|0 fnt
|faint|p2a: Gliscor
|
|-damage|p1a: Azumarill|66/100 tox|[from] psn
|upkeep
|
|t:|1760364332
|switch|p2a: Primarina|Primarina, F|88/100
|turn|33
|
|t:|1760364337
|move|p2a: Primarina|Energy Ball|p1a: Azumarill
|-supereffective|p1a: Azumarill
|-damage|p1a: Azumarill|11/100 tox
|move|p1a: Azumarill|Play Rough|p2a: Primarina|[miss]
|-miss|p1a: Azumarill|p2a: Primarina
|
|-heal|p2a: Primarina|94/100|[from] item: Leftovers
|-damage|p1a: Azumarill|0 fnt|[from] psn
|faint|p1a: Azumarill
|
|win|LuvKoolaid
|raw|Passerby bye's rating: 1321 &rarr; <strong>1299</strong><br />(-22 for losing)
|raw|LuvKoolaid's rating: 1282 &rarr; <strong>1310</strong><br />(+28 for winning)
|l|☆LuvKoolaid
|player|p2|
