|j|☆animals
|j|☆aaron200589
|t:|1760362339
|gametype|singles
|player|p1|animals|lady-gen4|1332
|player|p2|aaron200589|giovanni|1369
|gen|9
|tier|[Gen 9] OU
|rated|
|rule|HP Percentage Mod: HP is shown in percentages
|rule|Endless Battle Clause: Forcing endless battles is banned
|rule|Species Clause: Limit one of each Pokémon
|rule|OHKO Clause: OHKO moves are banned
|rule|Evasion Items Clause: Evasion items are banned
|rule|Evasion Moves Clause: Evasion moves are banned
|rule|Evasion Abilities Clause: Evasion abilities are banned
|rule|Sleep Moves Clause: Sleep-inducing moves are banned
|clearpoke
|poke|p1|Darkrai|
|poke|p1|Clefable, F|
|poke|p1|Iron Valiant|
|poke|p1|Zapdos|
|poke|p1|Iron Treads|
|poke|p1|Dragonite, M|
|poke|p2|Glastrier|
|poke|p2|Ursaluna, M|
|poke|p2|Cresselia, F|
|poke|p2|Torkoal, F|
|poke|p2|Slowking-Galar, F|
|poke|p2|Crawdaunt, F|
|teampreview
|inactive|Battle timer is ON: inactive players will automatically lose when time's up. (requested by animals)
|
|t:|1760362358
|teamsize|p1|6
|teamsize|p2|6
|start
|switch|p1a: Darkrai|Darkrai|100/100
|switch|p2a: Slowking|Slowking-Galar, F|100/100
|turn|1
|
|t:|1760362365
|move|p1a: Darkrai|Knock Off|p2a: Slowking
|-supereffective|p2a: Slowking
|-damage|p2a: Slowking|15/100
|-enditem|p2a: Slowking|Sitrus Berry|[from] move: Knock Off|[of] p1a: Darkrai
|move|p2a: Slowking|Trick Room|p2a: Slowking
|-fieldstart|move: Trick Room|[of] p2a: Slowking
|
|upkeep
|turn|2
|
|t:|1760362375
|-prepare|p2a: Slowking|Chilly Reception|[premajor]
|move|p2a: Slowking|Chilly Reception|p2a: Slowking
|-weather|Snowscape
|
|t:|1760362383
|switch|p2a: Glastrier|Glastrier|100/100|[from] Chilly Reception
|move|p1a: Darkrai|Knock Off|p2a: Glastrier
|-damage|p2a: Glastrier|82/100
|-enditem|p2a: Glastrier|Sitrus Berry|[from] move: Knock Off|[of] p1a: Darkrai
|
|-weather|Snowscape|[upkeep]
|upkeep
|turn|3
|
|t:|1760362400
|switch|p1a: Zapdos|Zapdos|100/100
|move|p2a: Glastrier|Swords Dance|p2a: Glastrier
|-boost|p2a: Glastrier|atk|2
|
|-weather|Snowscape|[upkeep]
|upkeep
|turn|4
|
|t:|1760362413
|switch|p1a: Iron Treads|Iron Treads|100/100
|move|p2a: Glastrier|Icicle Crash|p1a: Iron Treads
|-damage|p1a: Iron Treads|18/100
|
|-weather|Snowscape|[upkeep]
|-heal|p1a: Iron Treads|24/100|[from] item: Leftovers
|upkeep
|turn|5
|
|t:|1760362433
|-end|p1a: Iron Treads|Quark Drive|[silent]
|switch|p1a: Zapdos|Zapdos|100/100
|move|p2a: Glastrier|Icicle Crash|p1a: Zapdos
|-supereffective|p1a: Zapdos
|-damage|p1a: Zapdos|0 fnt
|faint|p1a: Zapdos
|-ability|p2a: Glastrier|Chilling Neigh|boost
|-boost|p2a: Glastrier|atk|1
|
|-weather|Snowscape|[upkeep]
|-fieldend|move: Trick Room
|upkeep
|
|t:|1760362436
|switch|p1a: Iron Treads|Iron Treads|24/100
|turn|6
|
|t:|1760362448
|move|p1a: Iron Treads|Stealth Rock|p2a: Glastrier
|-sidestart|p2: aaron200589|move: Stealth Rock
|move|p2a: Glastrier|High Horsepower|p1a: Iron Treads
|-supereffective|p1a: Iron Treads
|-damage|p1a: Iron Treads|0 fnt
|faint|p1a: Iron Treads
|-end|p1a: Iron Treads|Quark Drive|[silent]
|-ability|p2a: Glastrier|Chilling Neigh|boost
|-boost|p2a: Glastrier|atk|1
|
|-weather|none
|upkeep
|
|t:|1760362461
|switch|p1a: Darkrai|Darkrai|100/100
|turn|7
|
|t:|1760362467
|move|p1a: Darkrai|Dark Pulse|p2a: Glastrier
|-damage|p2a: Glastrier|44/100
|move|p2a: Glastrier|Icicle Crash|p1a: Darkrai
|-damage|p1a: Darkrai|0 fnt
|faint|p1a: Darkrai
|-ability|p2a: Glastrier|Chilling Neigh|boost
|-boost|p2a: Glastrier|atk|1
|
|upkeep
|
|t:|1760362470
|switch|p1a: Iron Valiant|Iron Valiant|100/100
|-enditem|p1a: Iron Valiant|Booster Energy
|-activate|p1a: Iron Valiant|ability: Quark Drive|[fromitem]
|-start|p1a: Iron Valiant|quarkdrivespe
|turn|8
|
|t:|1760362482
|move|p1a: Iron Valiant|Close Combat|p2a: Glastrier
|-supereffective|p2a: Glastrier
|-damage|p2a: Glastrier|0 fnt
|-unboost|p1a: Iron Valiant|def|1
|-unboost|p1a: Iron Valiant|spd|1
|faint|p2a: Glastrier
|
|upkeep
|
|t:|1760362495
|switch|p2a: Cresselia|Cresselia, F|100/100
|-damage|p2a: Cresselia|88/100|[from] Stealth Rock
|turn|9
|
|t:|1760362502
|move|p1a: Iron Valiant|Moonblast|p2a: Cresselia
|-damage|p2a: Cresselia|60/100
|move|p2a: Cresselia|Trick Room|p2a: Cresselia
|-fieldstart|move: Trick Room|[of] p2a: Cresselia
|
|upkeep
|turn|10
|
|t:|1760362513
|-end|p1a: Iron Valiant|Quark Drive|[silent]
|switch|p1a: Clefable|Clefable, F|100/100
|move|p2a: Cresselia|Lunar Dance|p2a: Cresselia
|faint|p2a: Cresselia
|
|upkeep
|
|t:|1760362524
|switch|p2a: Crawdaunt|Crawdaunt, F|100/100
|-damage|p2a: Crawdaunt|88/100|[from] Stealth Rock
|turn|11
|
|t:|1760362534
|-terastallize|p2a: Crawdaunt|Water
|move|p2a: Crawdaunt|Crabhammer|p1a: Clefable
|-damage|p1a: Clefable|10/100
|move|p1a: Clefable|Moonblast|p2a: Crawdaunt
|-damage|p2a: Crawdaunt|37/100
|-unboost|p2a: Crawdaunt|spa|1
|
|-heal|p1a: Clefable|16/100|[from] item: Leftovers
|upkeep
|turn|12
|
|t:|1760362545
|move|p2a: Crawdaunt|Crabhammer|p1a: Clefable
|-damage|p1a: Clefable|0 fnt
|faint|p1a: Clefable
|
|upkeep
|
|t:|1760362547
|switch|p1a: Dragonite|Dragonite, M, shiny|100/100
|turn|13
|
|t:|1760362552
|move|p2a: Crawdaunt|Crabhammer|p1a: Dragonite
|-resisted|p1a: Dragonite
|-crit|p1a: Dragonite
|-damage|p1a: Dragonite|62/100
|move|p1a: Dragonite|Dragon Dance|p1a: Dragonite
|-boost|p1a: Dragonite|atk|1
|-boost|p1a: Dragonite|spe|1
|
|-fieldend|move: Trick Room
|upkeep
|turn|14
|
|t:|1760362561
|move|p1a: Dragonite|Earthquake|p2a: Crawdaunt
|-damage|p2a: Crawdaunt|0 fnt
|faint|p2a: Crawdaunt
|
|upkeep
|
|t:|1760362569
|switch|p2a: Slowking|Slowking-Galar, F|48/100
|-heal|p2a: Slowking|100/100|[from] move: Lunar Dance
|-damage|p2a: Slowking|88/100|[from] Stealth Rock
|turn|15
|
|t:|1760362577
|move|p1a: Dragonite|Earthquake|p2a: Slowking
|-supereffective|p2a: Slowking
|-damage|p2a: Slowking|0 fnt
|faint|p2a: Slowking
|
|upkeep
|
|t:|1760362582
|switch|p2a: Ursaluna|Ursaluna, M|100/100
|-damage|p2a: Ursaluna|94/100|[from] Stealth Rock
|turn|16
|
|t:|1760362600
|-terastallize|p1a: Dragonite|Fairy
|move|p1a: Dragonite|Tera Blast|p2a: Ursaluna|[anim] Tera Blast Fairy
|-damage|p2a: Ursaluna|60/100
|move|p2a: Ursaluna|Facade|p1a: Dragonite
|-damage|p1a: Dragonite|20/100
|
|-status|p2a: Ursaluna|brn|[from] item: Flame Orb
|upkeep
|turn|17
|
|t:|1760362612
|move|p1a: Dragonite|Tera Blast|p2a: Ursaluna|[anim] Tera Blast Fairy
|-damage|p2a: Ursaluna|20/100 brn
|move|p2a: Ursaluna|Facade|p1a: Dragonite
|-damage|p1a: Dragonite|0 fnt
|faint|p1a: Dragonite
|
|-damage|p2a: Ursaluna|14/100 brn|[from] brn
|upkeep
|
|t:|1760362615
|switch|p1a: Iron Valiant|Iron Valiant|100/100
|turn|18
|
|t:|1760362623
|move|p1a: Iron Valiant|Moonblast|p2a: Ursaluna
|-damage|p2a: Ursaluna|0 fnt
|faint|p2a: Ursaluna
|
|upkeep
|
|t:|1760362634
|switch|p2a: Torkoal|Torkoal, F|100/100
|-damage|p2a: Torkoal|75/100|[from] Stealth Rock
|-weather|SunnyDay|[from] ability: Drought|[of] p2a: Torkoal
|turn|19
|
|t:|1760362645
|move|p1a: Iron Valiant|Shadow Ball|p2a: Torkoal
|-damage|p2a: Torkoal|43/100
|move|p2a: Torkoal|Lava Plume|p1a: Iron Valiant
|-damage|p1a: Iron Valiant|0 fnt
|faint|p1a: Iron Valiant
|-end|p1a: Iron Valiant|Quark Drive|[silent]
|
|win|aaron200589
|raw|animals's rating: 1332 &rarr; <strong>1314</strong><br />(-18 for losing)
|raw|aaron200589's rating: 1369 &rarr; <strong>1387</strong><br />(+18 for winning)
|l|☆animals
|player|p1|
|l|☆aaron200589
|player|p2|
|j|☆aaron200589
|player|p2|aaron200589|giovanni|
|l|☆aaron200589
|player|p2|
