|j|☆Noobskillstrongs
|j|☆ballyhoogreen
|t:|1760459327
|gametype|singles
|player|p1|Noobskillstrongs|lucian|1125
|player|p2|ballyhoogreen|maid|1110
|gen|9
|tier|[Gen 9] OU
|rated|
|rule|HP Percentage Mod: HP is shown in percentages
|rule|Endless Battle Clause: Forcing endless battles is banned
|rule|Species Clause: Limit one of each Pokémon
|rule|OHKO Clause: OHKO moves are banned
|rule|Evasion Items Clause: Evasion items are banned
|rule|Evasion Moves Clause: Evasion moves are banned
|rule|Evasion Abilities Clause: Evasion abilities are banned
|rule|Sleep Moves Clause: Sleep-inducing moves are banned
|clearpoke
|poke|p1|Honchkrow, M|
|poke|p1|Garchomp, F|
|poke|p1|Metagross|
|poke|p1|Hydreigon, F|
|poke|p1|Weavile, F|
|poke|p1|Frosmoth, M|
|poke|p2|Glastrier|
|poke|p2|Slowbro-Galar, M|
|poke|p2|Polteageist|
|poke|p2|Cinccino, M|
|poke|p2|Jirachi|
|poke|p2|Tatsugiri-Stretchy, F|
|teampreview
|
|t:|1760459339
|teamsize|p1|6
|teamsize|p2|6
|start
|switch|p1a: Weavile|Weavile, F|100/100
|switch|p2a: Crotch|Jirachi|100/100
|-ability|p1a: Weavile|Pressure
|turn|1
|
|t:|1760459341
|-terastallize|p2a: Crotch|Poison
|move|p1a: Weavile|Fake Out|p2a: Crotch
|-damage|p2a: Crotch|85/100
|-damage|p1a: Weavile|91/100|[from] item: Life Orb
|cant|p2a: Crotch|flinch
|
|upkeep
|turn|2
|
|t:|1760459352
|move|p1a: Weavile|Knock Off|p2a: Crotch
|-damage|p2a: Crotch|22/100
|-enditem|p2a: Crotch|Heavy-Duty Boots|[from] move: Knock Off|[of] p1a: Weavile
|-damage|p1a: Weavile|81/100|[from] item: Life Orb
|move|p2a: Crotch|Doom Desire|p1a: Weavile
|-start|p2a: Crotch|Doom Desire
|
|upkeep
|turn|3
|
|t:|1760459361
|switch|p2a: Uma|Glastrier|100/100
|move|p1a: Weavile|Knock Off|p2a: Uma
|-damage|p2a: Uma|52/100
|-enditem|p2a: Uma|Red Card|[from] move: Knock Off|[of] p1a: Weavile
|-damage|p1a: Weavile|71/100|[from] item: Life Orb
|
|upkeep
|turn|4
|
|t:|1760459374
|switch|p1a: Honchkrow|Honchkrow, M|100/100
|move|p2a: Uma|Avalanche|p1a: Honchkrow
|-supereffective|p1a: Honchkrow
|-damage|p1a: Honchkrow|0 fnt
|faint|p1a: Honchkrow
|-ability|p2a: Uma|Chilling Neigh|boost
|-boost|p2a: Uma|atk|1
|
|-hint|Doom Desire did not hit because the target is fainted.
|upkeep
|
|t:|1760459377
|switch|p1a: Metagross|Metagross|100/100
|turn|5
|
|t:|1760459381
|move|p1a: Metagross|Bullet Punch|p2a: Uma
|-supereffective|p2a: Uma
|-damage|p2a: Uma|25/100
|move|p2a: Uma|High Horsepower|p1a: Metagross
|-supereffective|p1a: Metagross
|-damage|p1a: Metagross|28/100
|-damage|p2a: Uma|8/100|[from] item: Rocky Helmet|[of] p1a: Metagross
|
|upkeep
|turn|6
|
|t:|1760459384
|move|p1a: Metagross|Bullet Punch|p2a: Uma
|-supereffective|p2a: Uma
|-damage|p2a: Uma|0 fnt
|faint|p2a: Uma
|
|upkeep
|
|t:|1760459386
|switch|p2a: Crotch|Jirachi, tera:Poison|22/100
|turn|7
|
|t:|1760459389
|move|p2a: Crotch|Wish|p2a: Crotch
|move|p1a: Metagross|Earthquake|p2a: Crotch
|-supereffective|p2a: Crotch
|-damage|p2a: Crotch|0 fnt
|faint|p2a: Crotch
|
|upkeep
|inactive|Battle timer is ON: inactive players will automatically lose when time's up. (requested by Noobskillstrongs)
|
|t:|1760459403
|switch|p2a: Piss|Polteageist|100/100
|turn|8
|
|t:|1760459412
|move|p1a: Metagross|Bullet Punch|p2a: Piss
|-damage|p2a: Piss|67/100
|-ability|p2a: Piss|Weak Armor|boost
|-unboost|p2a: Piss|def|1
|-boost|p2a: Piss|spe|2
|move|p2a: Piss|Shadow Ball|p1a: Metagross
|-supereffective|p1a: Metagross
|-damage|p1a: Metagross|0 fnt
|faint|p1a: Metagross
|
|-heal|p2a: Piss|100/100|[from] move: Wish|[wisher] Crotch
|upkeep
|
|t:|1760459415
|switch|p1a: Hydreigon|Hydreigon, F|100/100
|turn|9
|
|t:|1760459420
|move|p2a: Piss|Shadow Ball|p1a: Hydreigon
|-resisted|p1a: Hydreigon
|-damage|p1a: Hydreigon|85/100
|move|p1a: Hydreigon|Dark Pulse|p2a: Piss
|-supereffective|p2a: Piss
|-damage|p2a: Piss|26/100
|
|-heal|p1a: Hydreigon|91/100|[from] item: Leftovers
|upkeep
|turn|10
|
|t:|1760459427
|move|p2a: Piss|Tera Blast|p1a: Hydreigon
|-damage|p1a: Hydreigon|71/100
|move|p1a: Hydreigon|Dark Pulse|p2a: Piss
|-supereffective|p2a: Piss
|-damage|p2a: Piss|0 fnt
|faint|p2a: Piss
|
|-heal|p1a: Hydreigon|77/100|[from] item: Leftovers
|upkeep
|
|t:|1760459433
|switch|p2a: LetsGoGambling|Slowbro-Galar, M|100/100
|turn|11
|
|t:|1760459447
|move|p2a: LetsGoGambling|Drain Punch|p1a: Hydreigon
|-supereffective|p1a: Hydreigon
|-damage|p1a: Hydreigon|35/100
|move|p1a: Hydreigon|Dragon Tail|p2a: LetsGoGambling
|-damage|p2a: LetsGoGambling|83/100
|drag|p2a: Rat|Cinccino, M|100/100
|
|-heal|p1a: Hydreigon|41/100|[from] item: Leftovers
|upkeep
|turn|12
|
|t:|1760459454
|-terastallize|p1a: Hydreigon|Ghost
|move|p2a: Rat|Tail Slap|p1a: Hydreigon
|-immune|p1a: Hydreigon
|move|p1a: Hydreigon|Draco Meteor|p2a: Rat
|-damage|p2a: Rat|6/100
|-unboost|p1a: Hydreigon|spa|2
|
|-heal|p1a: Hydreigon|47/100|[from] item: Leftovers
|upkeep
|turn|13
|
|t:|1760459462
|switch|p1a: Garchomp|Garchomp, F|100/100
|move|p2a: Rat|Knock Off|p1a: Garchomp
|-damage|p1a: Garchomp|73/100
|-damage|p2a: Rat|0 fnt|[from] ability: Rough Skin|[of] p1a: Garchomp
|faint|p2a: Rat
|
|-heal|p1a: Garchomp|79/100|[from] item: Leftovers
|upkeep
|
|t:|1760459464
|switch|p2a: D!ckParasite|Tatsugiri-Stretchy, F|100/100
|turn|14
|
|t:|1760459472
|move|p1a: Garchomp|Dragon Claw|p2a: D!ckParasite
|-supereffective|p2a: D!ckParasite
|-damage|p2a: D!ckParasite|0 fnt
|faint|p2a: D!ckParasite
|
|-heal|p1a: Garchomp|85/100|[from] item: Leftovers
|upkeep
|-message|ballyhoogreen forfeited.
|
|win|Noobskillstrongs
|raw|Noobskillstrongs's rating: 1125 &rarr; <strong>1151</strong><br />(+26 for winning)
|raw|ballyhoogreen's rating: 1133 &rarr; <strong>1107</strong><br />(-26 for losing)
|l|☆ballyhoogreen
|player|p2|
|l|☆Noobskillstrongs
|player|p1|
