|j|☆Oxymore25
|j|☆Jean Castex
|t:|1760458394
|gametype|singles
|player|p1|Oxymore25|266|1290
|player|p2|Jean Castex|swimmerm-gen2|1262
|gen|9
|tier|[Gen 9] OU
|rated|
|rule|HP Percentage Mod: HP is shown in percentages
|rule|Endless Battle Clause: Forcing endless battles is banned
|rule|Species Clause: Limit one of each Pokémon
|rule|OHKO Clause: OHKO moves are banned
|rule|Evasion Items Clause: Evasion items are banned
|rule|Evasion Moves Clause: Evasion moves are banned
|rule|Evasion Abilities Clause: Evasion abilities are banned
|rule|Sleep Moves Clause: Sleep-inducing moves are banned
|clearpoke
|poke|p1|Deoxys-Speed|
|poke|p1|Gholdengo|
|poke|p1|Iron Treads|
|poke|p1|Dragonite, M|
|poke|p1|Iron Moth|
|poke|p1|Samurott-Hisui, F|
|poke|p2|Venusaur, M|
|poke|p2|Ninetales, M|
|poke|p2|Slowking-Galar, M|
|poke|p2|Torkoal, M|
|poke|p2|Darkrai|
|poke|p2|Kyurem|
|teampreview
|inactive|Battle timer is ON: inactive players will automatically lose when time's up. (requested by Oxymore25)
|inactive|Jean Castex also wants the timer to be on.
|
|t:|1760458407
|teamsize|p1|6
|teamsize|p2|6
|start
|switch|p1a: Iron Treads|Iron Treads|100/100
|switch|p2a: Kyurem|Kyurem|100/100
|-ability|p2a: Kyurem|Pressure
|-enditem|p1a: Iron Treads|Booster Energy
|-activate|p1a: Iron Treads|ability: Quark Drive|[fromitem]
|-start|p1a: Iron Treads|quarkdrivespe
|turn|1
|
|t:|1760458417
|-terastallize|p2a: Kyurem|Ground
|move|p1a: Iron Treads|Stealth Rock|p2a: Kyurem
|-sidestart|p2: Jean Castex|move: Stealth Rock
|move|p2a: Kyurem|Earth Power|p1a: Iron Treads
|-supereffective|p1a: Iron Treads
|-damage|p1a: Iron Treads|0 fnt
|faint|p1a: Iron Treads
|-end|p1a: Iron Treads|Quark Drive|[silent]
|
|upkeep
|
|t:|1760458424
|switch|p1a: Samurott|Samurott-Hisui, F|100/100
|turn|2
|
|t:|1760458427
|switch|p2a: Torkoal|Torkoal, M|100/100
|-weather|SunnyDay|[from] ability: Drought|[of] p2a: Torkoal
|move|p1a: Samurott|Ceaseless Edge|p2a: Torkoal
|-damage|p2a: Torkoal|76/100
|-sidestart|p2: Jean Castex|Spikes
|
|-weather|SunnyDay|[upkeep]
|upkeep
|turn|3
|
|t:|1760458436
|move|p1a: Samurott|Knock Off|p2a: Torkoal
|-damage|p2a: Torkoal|53/100
|-enditem|p2a: Torkoal|Heavy-Duty Boots|[from] move: Knock Off|[of] p1a: Samurott
|move|p2a: Torkoal|Rapid Spin|p1a: Samurott
|-damage|p1a: Samurott|89/100
|-boost|p2a: Torkoal|spe|1
|-sideend|p2: Jean Castex|Spikes|[from] move: Rapid Spin|[of] p2a: Torkoal
|-sideend|p2: Jean Castex|Stealth Rock|[from] move: Rapid Spin|[of] p2a: Torkoal
|
|-weather|SunnyDay|[upkeep]
|upkeep
|turn|4
|
|t:|1760458444
|move|p1a: Samurott|Ceaseless Edge|p2a: Torkoal
|-damage|p2a: Torkoal|29/100
|-sidestart|p2: Jean Castex|Spikes
|move|p2a: Torkoal|Stealth Rock|p1a: Samurott
|-sidestart|p1: Oxymore25|move: Stealth Rock
|
|-weather|SunnyDay|[upkeep]
|upkeep
|turn|5
|
|t:|1760458450
|move|p1a: Samurott|Ceaseless Edge|p2a: Torkoal
|-damage|p2a: Torkoal|4/100
|-sidestart|p2: Jean Castex|Spikes
|move|p2a: Torkoal|Rapid Spin|p1a: Samurott
|-damage|p1a: Samurott|79/100
|-boost|p2a: Torkoal|spe|1
|-sideend|p2: Jean Castex|Spikes|[from] move: Rapid Spin|[of] p2a: Torkoal
|
|-weather|SunnyDay|[upkeep]
|upkeep
|turn|6
|
|t:|1760458460
|move|p1a: Samurott|Ceaseless Edge|p2a: Torkoal
|-damage|p2a: Torkoal|0 fnt
|-sidestart|p2: Jean Castex|Spikes
|faint|p2a: Torkoal
|
|-weather|none
|upkeep
|
|t:|1760458472
|switch|p2a: Kyurem|Kyurem, tera:Ground|100/100
|-damage|p2a: Kyurem|88/100|[from] Spikes
|-ability|p2a: Kyurem|Pressure
|turn|7
|
|t:|1760458478
|move|p2a: Kyurem|Freeze-Dry|p1a: Samurott
|-supereffective|p1a: Samurott
|-damage|p1a: Samurott|0 fnt
|faint|p1a: Samurott
|
|upkeep
|
|t:|1760458496
|switch|p1a: Dragonite|Dragonite, M|100/100
|turn|8
|
|t:|1760458523
|move|p2a: Kyurem|Freeze-Dry|p1a: Dragonite
|-supereffective|p1a: Dragonite
|-damage|p1a: Dragonite|0 fnt
|faint|p1a: Dragonite
|
|upkeep
|
|t:|1760458532
|switch|p1a: Deoxys|Deoxys-Speed|100/100
|-damage|p1a: Deoxys|88/100|[from] Stealth Rock
|-ability|p1a: Deoxys|Pressure
|turn|9
|
|t:|1760458538
|move|p1a: Deoxys|Ice Beam|p2a: Kyurem
|-supereffective|p2a: Kyurem
|-damage|p2a: Kyurem|22/100
|-damage|p1a: Deoxys|78/100|[from] item: Life Orb
|move|p2a: Kyurem|Freeze-Dry|p1a: Deoxys
|-damage|p1a: Deoxys|0 fnt
|faint|p1a: Deoxys
|
|upkeep
|-message|Oxymore25 forfeited.
|
|win|Jean Castex
|raw|Oxymore25's rating: 1290 &rarr; <strong>1263</strong><br />(-27 for losing)
|raw|Jean Castex's rating: 1262 &rarr; <strong>1289</strong><br />(+27 for winning)
|l|☆Oxymore25
|player|p1|
