|j|☆tortoisele
|j|☆Grem1234567
|t:|1760454286
|gametype|singles
|player|p1|tortoisele|170|1434
|player|p2|Grem1234567|169|1440
|gen|9
|tier|[Gen 9] OU
|rated|
|rule|HP Percentage Mod: HP is shown in percentages
|rule|Endless Battle Clause: Forcing endless battles is banned
|rule|Species Clause: Limit one of each Pokémon
|rule|OHKO Clause: OHKO moves are banned
|rule|Evasion Items Clause: Evasion items are banned
|rule|Evasion Moves Clause: Evasion moves are banned
|rule|Evasion Abilities Clause: Evasion abilities are banned
|rule|Sleep Moves Clause: Sleep-inducing moves are banned
|clearpoke
|poke|p1|Iron Moth|
|poke|p1|Kyurem|
|poke|p1|Samurott-Hisui, M|
|poke|p1|Great Tusk|
|poke|p1|Rillaboom, M|
|poke|p1|Zamazenta-*|
|poke|p2|Pecharunt|
|poke|p2|Zapdos|
|poke|p2|Araquanid, M|
|poke|p2|Ogerpon-Wellspring, F|
|poke|p2|Iron Treads|
|poke|p2|Cinderace, M|
|teampreview
|inactive|Battle timer is ON: inactive players will automatically lose when time's up. (requested by tortoisele)
|
|t:|1760454293
|teamsize|p1|6
|teamsize|p2|6
|start
|switch|p1a: Samurott|Samurott-Hisui, M|100/100
|switch|p2a: Cinderace|Cinderace, M|100/100
|turn|1
|
|t:|1760454297
|move|p1a: Samurott|Sucker Punch|p2a: Cinderace
|-damage|p2a: Cinderace|42/100
|move|p2a: Cinderace|High Jump Kick|p1a: Samurott
|-start|p2a: Cinderace|typechange|Fighting|[from] ability: Libero
|-supereffective|p1a: Samurott
|-damage|p1a: Samurott|0 fnt
|faint|p1a: Samurott
|-damage|p2a: Cinderace|32/100|[from] item: Life Orb
|
|upkeep
|
|t:|1760454308
|switch|p1a: Rillaboom|Rillaboom, M|100/100
|-fieldstart|move: Grassy Terrain|[from] ability: Grassy Surge|[of] p1a: Rillaboom
|turn|2
|
|t:|1760454311
|switch|p2a: Zapdos|Zapdos|100/100
|move|p1a: Rillaboom|Grassy Glide|p2a: Zapdos
|-resisted|p2a: Zapdos
|-damage|p2a: Zapdos|69/100
|-damage|p1a: Rillaboom|84/100|[from] item: Rocky Helmet|[of] p2a: Zapdos
|
|-heal|p1a: Rillaboom|90/100|[from] Grassy Terrain
|upkeep
|turn|3
|
|t:|1760454318
|switch|p1a: Iron Moth|Iron Moth|100/100
|-enditem|p1a: Iron Moth|Booster Energy
|-activate|p1a: Iron Moth|ability: Quark Drive|[fromitem]
|-start|p1a: Iron Moth|quarkdrivespe
|move|p2a: Zapdos|Roost|p2a: Zapdos
|-heal|p2a: Zapdos|100/100
|-singleturn|p2a: Zapdos|move: Roost
|
|upkeep
|turn|4
|
|t:|1760454321
|move|p1a: Iron Moth|Fiery Dance|p2a: Zapdos
|-damage|p2a: Zapdos|60/100
|move|p2a: Zapdos|Discharge|p1a: Iron Moth
|-damage|p1a: Iron Moth|58/100
|
|-heal|p1a: Iron Moth|64/100|[from] Grassy Terrain
|upkeep
|turn|5
|
|t:|1760454325
|move|p1a: Iron Moth|Fiery Dance|p2a: Zapdos
|-damage|p2a: Zapdos|19/100
|move|p2a: Zapdos|Volt Switch|p1a: Iron Moth
|-damage|p1a: Iron Moth|23/100
|
|t:|1760454328
|switch|p2a: Araquanid|Araquanid, M|100/100|[from] Volt Switch
|
|-heal|p1a: Iron Moth|29/100|[from] Grassy Terrain
|upkeep
|turn|6
|
|t:|1760454334
|move|p1a: Iron Moth|Sludge Wave|p2a: Araquanid
|-damage|p2a: Araquanid|61/100
|move|p2a: Araquanid|Sticky Web|p1a: Iron Moth
|-sidestart|p1: tortoisele|move: Sticky Web
|
|-heal|p1a: Iron Moth|35/100|[from] Grassy Terrain
|-heal|p2a: Araquanid|67/100|[from] Grassy Terrain
|-fieldend|move: Grassy Terrain
|upkeep
|turn|7
|
|t:|1760454340
|move|p1a: Iron Moth|Sludge Wave|p2a: Araquanid
|-damage|p2a: Araquanid|26/100
|move|p2a: Araquanid|Liquidation|p1a: Iron Moth
|-supereffective|p1a: Iron Moth
|-crit|p1a: Iron Moth
|-damage|p1a: Iron Moth|0 fnt
|faint|p1a: Iron Moth
|-end|p1a: Iron Moth|Quark Drive|[silent]
|
|upkeep
|
|t:|1760454345
|switch|p1a: Rillaboom|Rillaboom, M|90/100
|-activate|p1a: Rillaboom|move: Sticky Web
|-unboost|p1a: Rillaboom|spe|1
|-fieldstart|move: Grassy Terrain|[from] ability: Grassy Surge|[of] p1a: Rillaboom
|turn|8
|
|t:|1760454350
|switch|p2a: Pecharunt|Pecharunt|100/100
|move|p1a: Rillaboom|Grassy Glide|p2a: Pecharunt
|-resisted|p2a: Pecharunt
|-damage|p2a: Pecharunt|82/100
|
|-heal|p2a: Pecharunt|88/100|[from] Grassy Terrain
|-heal|p2a: Pecharunt|94/100|[from] item: Leftovers
|-heal|p1a: Rillaboom|96/100|[from] Grassy Terrain
|upkeep
|turn|9
|
|t:|1760454356
|switch|p1a: Great Tusk|Great Tusk|100/100
|-activate|p1a: Great Tusk|move: Sticky Web
|-unboost|p1a: Great Tusk|spe|1
|-enditem|p1a: Great Tusk|Booster Energy
|-activate|p1a: Great Tusk|ability: Protosynthesis|[fromitem]
|-start|p1a: Great Tusk|protosynthesisatk
|move|p2a: Pecharunt|Malignant Chain|p1a: Great Tusk
|-resisted|p1a: Great Tusk
|-damage|p1a: Great Tusk|73/100
|-status|p1a: Great Tusk|tox
|-start|p1a: Great Tusk|confusion|[from] ability: Poison Puppeteer|[of] p2a: Pecharunt
|
|-heal|p2a: Pecharunt|100/100|[from] Grassy Terrain
|-heal|p1a: Great Tusk|80/100 tox|[from] Grassy Terrain
|-damage|p1a: Great Tusk|73/100 tox|[from] psn
|upkeep
|turn|10
|
|t:|1760454363
|move|p2a: Pecharunt|Hex|p1a: Great Tusk
|-damage|p1a: Great Tusk|0 fnt
|faint|p1a: Great Tusk
|-end|p1a: Great Tusk|Protosynthesis|[silent]
|
|upkeep
|
|t:|1760454367
|switch|p1a: Kyurem|Kyurem|100/100
|-activate|p1a: Kyurem|move: Sticky Web
|-unboost|p1a: Kyurem|spe|1
|-ability|p1a: Kyurem|Pressure
|turn|11
|
|t:|1760454371
|move|p1a: Kyurem|Earth Power|p2a: Pecharunt
|-supereffective|p2a: Pecharunt
|-damage|p2a: Pecharunt|42/100
|move|p2a: Pecharunt|Malignant Chain|p1a: Kyurem
|-damage|p1a: Kyurem|55/100
|-status|p1a: Kyurem|tox
|-start|p1a: Kyurem|confusion|[from] ability: Poison Puppeteer|[of] p2a: Pecharunt
|
|-heal|p1a: Kyurem|61/100 tox|[from] Grassy Terrain
|-heal|p2a: Pecharunt|48/100|[from] Grassy Terrain
|-heal|p2a: Pecharunt|54/100|[from] item: Leftovers
|-damage|p1a: Kyurem|55/100 tox|[from] psn
|upkeep
|turn|12
|
|t:|1760454379
|switch|p1a: Rillaboom|Rillaboom, M|96/100
|-activate|p1a: Rillaboom|move: Sticky Web
|-unboost|p1a: Rillaboom|spe|1
|switch|p2a: Cinderace|Cinderace, M|32/100
|
|-heal|p2a: Cinderace|38/100|[from] Grassy Terrain
|-heal|p1a: Rillaboom|100/100|[from] Grassy Terrain
|-fieldend|move: Grassy Terrain
|upkeep
|turn|13
|
|t:|1760454392
|switch|p1a: Zamazenta|Zamazenta|100/100
|-activate|p1a: Zamazenta|move: Sticky Web
|-unboost|p1a: Zamazenta|spe|1
|-ability|p1a: Zamazenta|Dauntless Shield|boost
|-boost|p1a: Zamazenta|def|1
|move|p2a: Cinderace|Pyro Ball|p1a: Zamazenta
|-damage|p1a: Zamazenta|53/100
|-damage|p2a: Cinderace|28/100|[from] item: Life Orb
|
|upkeep
|turn|14
|
|t:|1760454399
|move|p2a: Cinderace|High Jump Kick|p1a: Zamazenta
|-start|p2a: Cinderace|typechange|Fighting|[from] ability: Libero
|-damage|p1a: Zamazenta|0 fnt
|faint|p1a: Zamazenta
|-damage|p2a: Cinderace|18/100|[from] item: Life Orb
|
|upkeep
|
|t:|1760454403
|switch|p1a: Rillaboom|Rillaboom, M|100/100
|-activate|p1a: Rillaboom|move: Sticky Web
|-unboost|p1a: Rillaboom|spe|1
|-fieldstart|move: Grassy Terrain|[from] ability: Grassy Surge|[of] p1a: Rillaboom
|turn|15
|
|t:|1760454418
|switch|p2a: Zapdos|Zapdos|19/100
|-terastallize|p1a: Rillaboom|Grass
|move|p1a: Rillaboom|Grassy Glide|p2a: Zapdos
|-resisted|p2a: Zapdos
|-damage|p2a: Zapdos|0 fnt
|-damage|p1a: Rillaboom|84/100|[from] item: Rocky Helmet|[of] p2a: Zapdos
|-status|p1a: Rillaboom|par|[from] ability: Static|[of] p2a: Zapdos
|faint|p2a: Zapdos
|
|-heal|p1a: Rillaboom|90/100 par|[from] Grassy Terrain
|upkeep
|
|t:|1760454429
|switch|p2a: Pecharunt|Pecharunt|54/100
|turn|16
|
|t:|1760454431
|move|p1a: Rillaboom|Grassy Glide|p2a: Pecharunt
|-resisted|p2a: Pecharunt
|-damage|p2a: Pecharunt|31/100
|move|p2a: Pecharunt|Recover|p2a: Pecharunt
|-heal|p2a: Pecharunt|81/100
|
|-heal|p2a: Pecharunt|87/100|[from] Grassy Terrain
|-heal|p2a: Pecharunt|93/100|[from] item: Leftovers
|-heal|p1a: Rillaboom|96/100 par|[from] Grassy Terrain
|upkeep
|turn|17
|
|t:|1760454436
|switch|p1a: Kyurem|Kyurem|55/100 tox
|-activate|p1a: Kyurem|move: Sticky Web
|-unboost|p1a: Kyurem|spe|1
|-ability|p1a: Kyurem|Pressure
|move|p2a: Pecharunt|Malignant Chain|p1a: Kyurem
|-damage|p1a: Kyurem|16/100 tox
|
|-heal|p1a: Kyurem|22/100 tox|[from] Grassy Terrain
|-heal|p2a: Pecharunt|99/100|[from] Grassy Terrain
|-heal|p2a: Pecharunt|100/100|[from] item: Leftovers
|-damage|p1a: Kyurem|16/100 tox|[from] psn
|upkeep
|turn|18
|
|t:|1760454444
|switch|p2a: Cinderace|Cinderace, M|18/100
|move|p1a: Kyurem|Earth Power|p2a: Cinderace
|-supereffective|p2a: Cinderace
|-damage|p2a: Cinderace|0 fnt
|faint|p2a: Cinderace
|
|-heal|p1a: Kyurem|22/100 tox|[from] Grassy Terrain
|-damage|p1a: Kyurem|10/100 tox|[from] psn
|upkeep
|
|t:|1760454449
|switch|p2a: Iron Treads|Iron Treads|100/100
|turn|19
|-message|tortoisele forfeited.
|
|win|Grem1234567
|raw|tortoisele's rating: 1434 &rarr; <strong>1414</strong><br />(-20 for losing)
|raw|Grem1234567's rating: 1440 &rarr; <strong>1460</strong><br />(+20 for winning)
|l|☆tortoisele
|player|p1|
