|j|☆kittensnax
|j|☆potayo
|t:|1760330560
|gametype|singles
|player|p1|kittensnax|schoolkidf|1539
|player|p2|potayo|clerk|1566
|gen|9
|tier|[Gen 9] OU
|rated|
|rule|HP Percentage Mod: HP is shown in percentages
|rule|Endless Battle Clause: Forcing endless battles is banned
|rule|Species Clause: Limit one of each Pokémon
|rule|OHKO Clause: OHKO moves are banned
|rule|Evasion Items Clause: Evasion items are banned
|rule|Evasion Moves Clause: Evasion moves are banned
|rule|Evasion Abilities Clause: Evasion abilities are banned
|rule|Sleep Moves Clause: Sleep-inducing moves are banned
|clearpoke
|poke|p1|Porygon2|
|poke|p1|Farigiraf, F|
|poke|p1|Dragonite, M|
|poke|p1|Primarina, M|
|poke|p1|Ursaluna, F|
|poke|p1|Gallade, M|
|poke|p2|Indeedee, M|
|poke|p2|Tornadus, M|
|poke|p2|Thundurus, M|
|poke|p2|Serperior, M|
|poke|p2|Pawmot, M|
|poke|p2|Kyurem|
|teampreview
|
|t:|1760330568
|teamsize|p1|6
|teamsize|p2|6
|start
|switch|p1a: Gallade|Gallade, M|100/100
|switch|p2a: Indeedee|Indeedee, M|100/100
|-fieldstart|move: Psychic Terrain|[from] ability: Psychic Surge|[of] p2a: Indeedee
|turn|1
|
|t:|1760330573
|move|p2a: Indeedee|Expanding Force|p1a: Gallade
|-damage|p1a: Gallade|38/100
|move|p1a: Gallade|Trick Room|p1a: Gallade
|-fieldstart|move: Trick Room|[of] p1a: Gallade
|
|-heal|p1a: Gallade|44/100|[from] item: Leftovers
|upkeep
|turn|2
|
|t:|1760330582
|move|p1a: Gallade|Knock Off|p2a: Indeedee
|-supereffective|p2a: Indeedee
|-damage|p2a: Indeedee|0 fnt
|-enditem|p2a: Indeedee|Choice Scarf|[from] move: Knock Off|[of] p1a: Gallade
|faint|p2a: Indeedee
|
|-heal|p1a: Gallade|50/100|[from] item: Leftovers
|upkeep
|
|t:|1760330586
|switch|p2a: Thundurus|Thundurus, M|100/100
|-enditem|p2a: Thundurus|Psychic Seed
|-boost|p2a: Thundurus|spd|1|[from] item: Psychic Seed
|turn|3
|
|t:|1760330593
|move|p2a: Thundurus|Bulk Up|p2a: Thundurus
|-boost|p2a: Thundurus|atk|1
|-boost|p2a: Thundurus|def|1
|move|p1a: Gallade|Psycho Cut|p2a: Thundurus
|-damage|p2a: Thundurus|34/100
|
|-heal|p1a: Gallade|56/100|[from] item: Leftovers
|upkeep
|turn|4
|
|t:|1760330600
|move|p1a: Gallade|Psycho Cut|p2a: Thundurus
|-damage|p2a: Thundurus|0 fnt
|faint|p2a: Thundurus
|
|-heal|p1a: Gallade|63/100|[from] item: Leftovers
|upkeep
|
|t:|1760330604
|switch|p2a: Tornadus|Tornadus, M|100/100
|-enditem|p2a: Tornadus|Psychic Seed
|-boost|p2a: Tornadus|spd|1|[from] item: Psychic Seed
|turn|5
|
|t:|1760330610
|move|p2a: Tornadus|Bulk Up|p2a: Tornadus
|-boost|p2a: Tornadus|atk|1
|-boost|p2a: Tornadus|def|1
|move|p1a: Gallade|Psycho Cut|p2a: Tornadus
|-damage|p2a: Tornadus|39/100
|
|-heal|p1a: Gallade|69/100|[from] item: Leftovers
|-fieldend|move: Trick Room
|-fieldend|move: Psychic Terrain
|upkeep
|turn|6
|
|t:|1760330618
|-terastallize|p1a: Gallade|Steel
|move|p2a: Tornadus|Bulk Up|p2a: Tornadus
|-boost|p2a: Tornadus|atk|1
|-boost|p2a: Tornadus|def|1
|move|p1a: Gallade|Trick Room|p1a: Gallade
|-fieldstart|move: Trick Room|[of] p1a: Gallade
|
|-heal|p1a: Gallade|75/100|[from] item: Leftovers
|upkeep
|turn|7
|
|t:|1760330626
|move|p2a: Tornadus|Rest|p2a: Tornadus
|-status|p2a: Tornadus|slp|[from] move: Rest
|-heal|p2a: Tornadus|100/100 slp|[silent]
|move|p1a: Gallade|Psycho Cut|p2a: Tornadus
|-damage|p2a: Tornadus|61/100 slp
|
|-heal|p1a: Gallade|81/100|[from] item: Leftovers
|upkeep
|turn|8
|
|t:|1760330633
|cant|p2a: Tornadus|slp
|move|p2a: Tornadus|Sleep Talk|p2a: Tornadus
|move|p2a: Tornadus|Acrobatics|p1a: Gallade|[from] move: Sleep Talk
|-resisted|p1a: Gallade
|-damage|p1a: Gallade|19/100
|move|p1a: Gallade|Psycho Cut|p2a: Tornadus
|-crit|p2a: Tornadus
|-damage|p2a: Tornadus|0 fnt
|faint|p2a: Tornadus
|
|-heal|p1a: Gallade|25/100|[from] item: Leftovers
|upkeep
|-message|potayo forfeited.
|
|win|kittensnax
|raw|kittensnax's rating: 1539 &rarr; <strong>1561</strong><br />(+22 for winning)
|raw|potayo's rating: 1566 &rarr; <strong>1544</strong><br />(-22 for losing)
|l|☆potayo
|player|p2|
|l|☆kittensnax
|player|p1|
