|j|☆The Poo Wrangler
|j|☆AC/DC1994
|t:|1760382812
|gametype|singles
|player|p1|The Poo Wrangler|102|1132
|player|p2|AC/DC1994|fisherman-gen4|1130
|gen|9
|tier|[Gen 9] OU
|rated|
|rule|HP Percentage Mod: HP is shown in percentages
|rule|Endless Battle Clause: Forcing endless battles is banned
|rule|Species Clause: Limit one of each Pokémon
|rule|OHKO Clause: OHKO moves are banned
|rule|Evasion Items Clause: Evasion items are banned
|rule|Evasion Moves Clause: Evasion moves are banned
|rule|Evasion Abilities Clause: Evasion abilities are banned
|rule|Sleep Moves Clause: Sleep-inducing moves are banned
|clearpoke
|poke|p1|Indeedee, M|
|poke|p1|Quaquaval, M|
|poke|p1|Polteageist|
|poke|p1|Cloyster, F|
|poke|p1|Blaziken, F|
|poke|p1|Hatterene, F|
|poke|p2|Kleavor, M|
|poke|p2|Charizard, M|
|poke|p2|Oranguru, M|
|poke|p2|Muk-Alola, M|
|poke|p2|Granbull, M|
|poke|p2|Ampharos, F|
|teampreview
|inactive|Battle timer is ON: inactive players will automatically lose when time's up. (requested by The Poo Wrangler)
|
|t:|1760382826
|teamsize|p1|6
|teamsize|p2|6
|start
|switch|p1a: The Crips|Quaquaval, M|100/100
|switch|p2a: Otto|Kleavor, M|100/100
|turn|1
|
|t:|1760382835
|-terastallize|p2a: Otto|Fighting
|move|p1a: The Crips|Aqua Step|p2a: Otto
|-damage|p2a: Otto|61/100
|-boost|p1a: The Crips|spe|1
|move|p2a: Otto|Stone Axe|p1a: The Crips
|-resisted|p1a: The Crips
|-damage|p1a: The Crips|57/100
|-sidestart|p1: The Poo Wrangler|move: Stealth Rock
|-damage|p2a: Otto|51/100|[from] item: Life Orb
|
|upkeep
|turn|2
|
|t:|1760382861
|move|p1a: The Crips|Triple Axel|p2a: Otto
|-damage|p2a: Otto|44/100
|-damage|p2a: Otto|31/100
|-damage|p2a: Otto|13/100
|-hitcount|p2a: Otto|3
|move|p2a: Otto|Brick Break|p1a: The Crips
|-damage|p1a: The Crips|0 fnt
|faint|p1a: The Crips
|-damage|p2a: Otto|3/100|[from] item: Life Orb
|
|upkeep
|inactive|The Poo Wrangler has 120 seconds left.
|
|t:|1760382882
|switch|p1a: Blaziken|Blaziken, F|100/100
|-damage|p1a: Blaziken|88/100|[from] Stealth Rock
|turn|3
|
|t:|1760382888
|move|p1a: Blaziken|Swords Dance|p1a: Blaziken
|-boost|p1a: Blaziken|atk|2
|move|p2a: Otto|Brick Break|p1a: Blaziken
|-damage|p1a: Blaziken|16/100
|-damage|p2a: Otto|0 fnt|[from] item: Life Orb
|faint|p2a: Otto
|
|-ability|p1a: Blaziken|Speed Boost|boost
|-boost|p1a: Blaziken|spe|1
|upkeep
|
|t:|1760382898
|switch|p2a: Oranguru|Oranguru, M|100/100
|turn|4
|inactive|The Poo Wrangler has 120 seconds left.
|
|t:|1760382930
|move|p1a: Blaziken|Endure|p1a: Blaziken
|-singleturn|p1a: Blaziken|move: Endure
|move|p2a: Oranguru|Hyper Voice|p1a: Blaziken
|-activate|p1a: Blaziken|move: Endure
|-damage|p1a: Blaziken|1/100
|
|-ability|p1a: Blaziken|Speed Boost|boost
|-boost|p1a: Blaziken|spe|1
|upkeep
|turn|5
|
|t:|1760382943
|move|p1a: Blaziken|Reversal|p2a: Oranguru
|-damage|p2a: Oranguru|0 fnt
|faint|p2a: Oranguru
|
|-ability|p1a: Blaziken|Speed Boost|boost
|-boost|p1a: Blaziken|spe|1
|upkeep
|
|t:|1760382953
|switch|p2a: Agustín|Granbull, M|100/100
|-ability|p2a: Agustín|Intimidate|boost
|-unboost|p1a: Blaziken|atk|1
|turn|6
|
|t:|1760382967
|-terastallize|p1a: Blaziken|Dark
|move|p1a: Blaziken|Acrobatics|p2a: Agustín
|-damage|p2a: Agustín|68/100
|move|p2a: Agustín|Earthquake|p1a: Blaziken
|-damage|p1a: Blaziken|0 fnt
|faint|p1a: Blaziken
|
|upkeep
|
|t:|1760382976
|switch|p1a: Cloyster|Cloyster, F|100/100
|-damage|p1a: Cloyster|76/100|[from] Stealth Rock
|turn|7
|
|t:|1760382990
|move|p1a: Cloyster|Shell Smash|p1a: Cloyster
|-unboost|p1a: Cloyster|def|1
|-unboost|p1a: Cloyster|spd|1
|-boost|p1a: Cloyster|atk|2
|-boost|p1a: Cloyster|spa|2
|-boost|p1a: Cloyster|spe|2
|-enditem|p1a: Cloyster|White Herb
|-clearnegativeboost|p1a: Cloyster|[silent]
|move|p2a: Agustín|Stone Edge|p1a: Cloyster
|-supereffective|p1a: Cloyster
|-damage|p1a: Cloyster|27/100
|
|upkeep
|turn|8
|
|t:|1760383012
|move|p1a: Cloyster|Rock Blast|p2a: Agustín
|-damage|p2a: Agustín|50/100
|-damage|p2a: Agustín|33/100
|-damage|p2a: Agustín|15/100
|-damage|p2a: Agustín|0 fnt
|faint|p2a: Agustín
|-hitcount|p2: Agustín|4
|
|upkeep
|
|t:|1760383020
|switch|p2a: Moko|Muk-Alola, M, shiny|100/100
|turn|9
|
|t:|1760383028
|move|p1a: Cloyster|Icicle Spear|p2a: Moko
|-damage|p2a: Moko|78/100
|-damage|p2a: Moko|55/100
|-damage|p2a: Moko|33/100
|-damage|p2a: Moko|10/100
|-damage|p2a: Moko|0 fnt
|faint|p2a: Moko
|-hitcount|p2: Moko|5
|
|upkeep
|
|t:|1760383046
|switch|p2a: Margaret|Ampharos, F|100/100
|turn|10
|
|t:|1760383051
|move|p1a: Cloyster|Rock Blast|p2a: Margaret
|-damage|p2a: Margaret|84/100
|-damage|p2a: Margaret|68/100
|-damage|p2a: Margaret|52/100
|-damage|p2a: Margaret|35/100
|-damage|p2a: Margaret|17/100
|-hitcount|p2a: Margaret|5
|move|p2a: Margaret|Thunderbolt|p1a: Cloyster
|-supereffective|p1a: Cloyster
|-damage|p1a: Cloyster|0 fnt
|faint|p1a: Cloyster
|
|upkeep
|
|t:|1760383077
|switch|p1a: An OwO moment|Hatterene, F|100/100
|-damage|p1a: An OwO moment|88/100|[from] Stealth Rock
|turn|11
|
|t:|1760383087
|move|p2a: Margaret|Thunderbolt|p1a: An OwO moment
|-damage|p1a: An OwO moment|49/100
|move|p1a: An OwO moment|Mystical Fire|p2a: Margaret
|-damage|p2a: Margaret|0 fnt
|faint|p2a: Margaret
|
|-heal|p1a: An OwO moment|55/100|[from] item: Leftovers
|upkeep
|
|t:|1760383097
|switch|p2a: JuanFe|Charizard, M|100/100
|turn|12
|inactive|The Poo Wrangler has 120 seconds left.
|
|t:|1760383152
|move|p2a: JuanFe|Fire Blast|p1a: An OwO moment
|-damage|p1a: An OwO moment|7/100
|move|p1a: An OwO moment|Mystical Fire|p2a: JuanFe
|-resisted|p2a: JuanFe
|-damage|p2a: JuanFe|90/100
|-unboost|p2a: JuanFe|spa|1
|
|-heal|p1a: An OwO moment|13/100|[from] item: Leftovers
|upkeep
|turn|13
|
|t:|1760383163
|switch|p1a: Indeedee|Indeedee, M|100/100
|-damage|p1a: Indeedee|88/100|[from] Stealth Rock
|-fieldstart|move: Psychic Terrain|[from] ability: Psychic Surge|[of] p1a: Indeedee
|move|p2a: JuanFe|Flamethrower|p1a: Indeedee
|-damage|p1a: Indeedee|63/100
|-status|p1a: Indeedee|brn
|
|-damage|p1a: Indeedee|57/100 brn|[from] brn
|upkeep
|turn|14
|
|t:|1760383181
|move|p1a: Indeedee|Expanding Force|p2a: JuanFe
|-damage|p2a: JuanFe|32/100
|move|p2a: JuanFe|Flamethrower|p1a: Indeedee
|-damage|p1a: Indeedee|13/100 brn
|
|-damage|p1a: Indeedee|7/100 brn|[from] brn
|upkeep
|turn|15
|
|t:|1760383192
|move|p1a: Indeedee|Expanding Force|p2a: JuanFe
|-damage|p2a: JuanFe|0 fnt
|faint|p2a: JuanFe
|
|win|The Poo Wrangler
|raw|The Poo Wrangler's rating: 1132 &rarr; <strong>1157</strong><br />(+25 for winning)
|raw|AC&#x2f;DC1994's rating: 1130 &rarr; <strong>1105</strong><br />(-25 for losing)
|l|☆The Poo Wrangler
|player|p1|
|l|☆AC/DC1994
|player|p2|
|j|☆The Poo Wrangler
|player|p1|The Poo Wrangler|102|
|l|☆The Poo Wrangler
|player|p1|
