|j|☆adv 1v1
|j|☆Shanubiki
|t:|1760440240
|gametype|singles
|player|p1|adv 1v1|lisia|1646
|player|p2|Shanubiki|265|1720
|gen|9
|tier|[Gen 9] OU
|rated|
|rule|HP Percentage Mod: HP is shown in percentages
|rule|Endless Battle Clause: Forcing endless battles is banned
|rule|Species Clause: Limit one of each Pokémon
|rule|OHKO Clause: OHKO moves are banned
|rule|Evasion Items Clause: Evasion items are banned
|rule|Evasion Moves Clause: Evasion moves are banned
|rule|Evasion Abilities Clause: Evasion abilities are banned
|rule|Sleep Moves Clause: Sleep-inducing moves are banned
|clearpoke
|poke|p1|Jirachi|
|poke|p1|Ursaluna, F|
|poke|p1|Iron Hands|
|poke|p1|Volcanion|
|poke|p1|Moltres-Galar|
|poke|p1|Rillaboom, F|
|poke|p2|Hoopa-Unbound|
|poke|p2|Corviknight, M|
|poke|p2|Kommo-o, M|
|poke|p2|Iron Treads|
|poke|p2|Iron Moth|
|poke|p2|Ogerpon-Wellspring, F|
|teampreview
|inactive|Battle timer is ON: inactive players will automatically lose when time's up. (requested by adv 1v1)
|
|t:|1760440259
|teamsize|p1|6
|teamsize|p2|6
|start
|switch|p1a: Jirachi|Jirachi|100/100
|switch|p2a: Kommo-o|Kommo-o, M|100/100
|turn|1
|
|t:|1760440268
|move|p1a: Jirachi|Trick|p2a: Kommo-o
|-activate|p1a: Jirachi|move: Trick|[of] p2a: Kommo-o
|-item|p2a: Kommo-o|Choice Scarf|[from] move: Trick
|-item|p1a: Jirachi|Leftovers|[from] move: Trick
|move|p2a: Kommo-o|Stealth Rock|p1a: Jirachi
|-sidestart|p1: adv 1v1|move: Stealth Rock
|
|upkeep
|turn|2
|j| Conroach
|
|t:|1760440273
|switch|p2a: Corviknight|Corviknight, M|100/100
|-ability|p2a: Corviknight|Pressure
|move|p1a: Jirachi|U-turn|p2a: Corviknight
|-resisted|p2a: Corviknight
|-damage|p2a: Corviknight|97/100
|-damage|p1a: Jirachi|84/100|[from] item: Rocky Helmet|[of] p2a: Corviknight
|
|t:|1760440278
|switch|p1a: Volcanion|Volcanion|100/100|[from] U-turn
|
|upkeep
|turn|3
|
|t:|1760440286
|switch|p2a: Kommo-o|Kommo-o, M|100/100
|move|p1a: Volcanion|Steam Eruption|p2a: Kommo-o|[miss]
|-miss|p1a: Volcanion|p2a: Kommo-o
|
|upkeep
|turn|4
|
|t:|1760440294
|switch|p1a: Moltres|Moltres-Galar|100/100
|-damage|p1a: Moltres|75/100|[from] Stealth Rock
|move|p2a: Kommo-o|Draco Meteor|p1a: Moltres
|-damage|p1a: Moltres|49/100
|-unboost|p2a: Kommo-o|spa|2
|-ability|p1a: Moltres|Berserk|boost
|-boost|p1a: Moltres|spa|1
|
|-heal|p1a: Moltres|55/100|[from] item: Leftovers
|upkeep
|turn|5
|
|t:|1760440305
|switch|p2a: Iron Treads|Iron Treads|100/100
|move|p1a: Moltres|Fiery Wrath|p2a: Iron Treads
|-damage|p2a: Iron Treads|29/100
|
|-heal|p1a: Moltres|62/100|[from] item: Leftovers
|upkeep
|turn|6
|
|t:|1760440311
|move|p2a: Iron Treads|Ice Spinner|p1a: Moltres
|-supereffective|p1a: Moltres
|-damage|p1a: Moltres|0 fnt
|faint|p1a: Moltres
|
|upkeep
|
|t:|1760440328
|switch|p1a: Rillaboom|Rillaboom, F|100/100
|-damage|p1a: Rillaboom|88/100|[from] Stealth Rock
|-fieldstart|move: Grassy Terrain|[from] ability: Grassy Surge|[of] p1a: Rillaboom
|turn|7
|j| deadbyflinch
|
|t:|1760440334
|-end|p2a: Iron Treads|Quark Drive|[silent]
|switch|p2a: Corviknight|Corviknight, M|97/100
|-ability|p2a: Corviknight|Pressure
|switch|p1a: Volcanion|Volcanion|100/100
|
|upkeep
|turn|8
|
|t:|1760440342
|switch|p2a: Kommo-o|Kommo-o, M|100/100
|move|p1a: Volcanion|Flamethrower|p2a: Kommo-o
|-resisted|p2a: Kommo-o
|-damage|p2a: Kommo-o|78/100
|
|-heal|p2a: Kommo-o|84/100|[from] Grassy Terrain
|upkeep
|turn|9
|
|t:|1760440346
|move|p1a: Volcanion|Sludge Bomb|p2a: Kommo-o
|-immune|p2a: Kommo-o|[from] ability: Bulletproof
|move|p2a: Kommo-o|Dragon Tail|p1a: Volcanion
|-damage|p1a: Volcanion|84/100
|drag|p1a: Iron Hands|Iron Hands|100/100
|-damage|p1a: Iron Hands|94/100|[from] Stealth Rock
|-enditem|p1a: Iron Hands|Booster Energy
|-activate|p1a: Iron Hands|ability: Quark Drive|[fromitem]
|-start|p1a: Iron Hands|quarkdriveatk
|
|-heal|p2a: Kommo-o|90/100|[from] Grassy Terrain
|-heal|p1a: Iron Hands|100/100|[from] Grassy Terrain
|upkeep
|turn|10
|
|t:|1760440350
|move|p1a: Iron Hands|Ice Punch|p2a: Kommo-o
|-supereffective|p2a: Kommo-o
|-damage|p2a: Kommo-o|29/100
|move|p2a: Kommo-o|Dragon Tail|p1a: Iron Hands
|-damage|p1a: Iron Hands|88/100
|-end|p1a: Iron Hands|Quark Drive|[silent]
|drag|p1a: Ursaluna|Ursaluna, F|100/100
|-damage|p1a: Ursaluna|94/100|[from] Stealth Rock
|
|-heal|p2a: Kommo-o|35/100|[from] Grassy Terrain
|-heal|p1a: Ursaluna|100/100|[from] Grassy Terrain
|-status|p1a: Ursaluna|brn|[from] item: Flame Orb
|upkeep
|turn|11
|
|t:|1760440354
|move|p1a: Ursaluna|Facade|p2a: Kommo-o
|-damage|p2a: Kommo-o|0 fnt
|faint|p2a: Kommo-o
|
|-damage|p1a: Ursaluna|94/100 brn|[from] brn
|-fieldend|move: Grassy Terrain
|upkeep
|
|t:|1760440362
|switch|p2a: Ogerpon|Ogerpon-Wellspring, F|100/100
|turn|12
|
|t:|1760440366
|switch|p1a: Rillaboom|Rillaboom, F|88/100
|-damage|p1a: Rillaboom|76/100|[from] Stealth Rock
|-fieldstart|move: Grassy Terrain|[from] ability: Grassy Surge|[of] p1a: Rillaboom
|move|p2a: Ogerpon|Ivy Cudgel|p1a: Rillaboom|[anim] Ivy Cudgel Water
|-resisted|p1a: Rillaboom
|-damage|p1a: Rillaboom|44/100
|
|-heal|p1a: Rillaboom|51/100|[from] Grassy Terrain
|upkeep
|turn|13
|
|t:|1760440371
|move|p1a: Rillaboom|Fake Out|p2a: Ogerpon
|-damage|p2a: Ogerpon|74/100
|-damage|p1a: Rillaboom|41/100|[from] item: Life Orb
|cant|p2a: Ogerpon|flinch
|
|-heal|p2a: Ogerpon|80/100|[from] Grassy Terrain
|-heal|p1a: Rillaboom|47/100|[from] Grassy Terrain
|upkeep
|turn|14
|
|t:|1760440376
|switch|p2a: Corviknight|Corviknight, M|97/100
|-ability|p2a: Corviknight|Pressure
|switch|p1a: Iron Hands|Iron Hands|88/100
|-damage|p1a: Iron Hands|82/100|[from] Stealth Rock
|
|-heal|p1a: Iron Hands|88/100|[from] Grassy Terrain
|upkeep
|turn|15
|
|t:|1760440380
|move|p1a: Iron Hands|Thunder Punch|p2a: Corviknight
|-supereffective|p2a: Corviknight
|-damage|p2a: Corviknight|40/100
|-damage|p1a: Iron Hands|71/100|[from] item: Rocky Helmet|[of] p2a: Corviknight
|move|p2a: Corviknight|U-turn|p1a: Iron Hands
|-resisted|p1a: Iron Hands
|-damage|p1a: Iron Hands|67/100
|
|t:|1760440383
|switch|p2a: Hoopa|Hoopa-Unbound|100/100|[from] U-turn
|
|-heal|p1a: Iron Hands|74/100|[from] Grassy Terrain
|upkeep
|turn|16
|
|t:|1760440388
|move|p2a: Hoopa|Psychic|p1a: Iron Hands
|-supereffective|p1a: Iron Hands
|-damage|p1a: Iron Hands|0 fnt
|faint|p1a: Iron Hands
|-end|p1a: Iron Hands|Quark Drive|[silent]
|
|-fieldend|move: Grassy Terrain
|upkeep
|
|t:|1760440390
|switch|p1a: Jirachi|Jirachi|84/100
|-damage|p1a: Jirachi|78/100|[from] Stealth Rock
|turn|17
|
|t:|1760440393
|switch|p2a: Iron Treads|Iron Treads|29/100
|move|p1a: Jirachi|U-turn|p2a: Iron Treads
|-resisted|p2a: Iron Treads
|-crit|p2a: Iron Treads
|-damage|p2a: Iron Treads|15/100
|
|t:|1760440403
|switch|p1a: Rillaboom|Rillaboom, F|47/100|[from] U-turn
|-damage|p1a: Rillaboom|35/100|[from] Stealth Rock
|-fieldstart|move: Grassy Terrain|[from] ability: Grassy Surge|[of] p1a: Rillaboom
|
|-heal|p2a: Iron Treads|21/100|[from] Grassy Terrain
|-heal|p1a: Rillaboom|41/100|[from] Grassy Terrain
|upkeep
|turn|18
|
|t:|1760440408
|-end|p2a: Iron Treads|Quark Drive|[silent]
|switch|p2a: Corviknight|Corviknight, M|40/100
|-ability|p2a: Corviknight|Pressure
|move|p1a: Rillaboom|Wood Hammer|p2a: Corviknight
|-resisted|p2a: Corviknight
|-damage|p2a: Corviknight|23/100
|-damage|p1a: Rillaboom|24/100|[from] item: Rocky Helmet|[of] p2a: Corviknight
|-damage|p1a: Rillaboom|18/100|[from] Recoil
|-damage|p1a: Rillaboom|8/100|[from] item: Life Orb
|
|-heal|p1a: Rillaboom|14/100|[from] Grassy Terrain
|upkeep
|turn|19
|
|t:|1760440419
|switch|p1a: Volcanion|Volcanion|84/100
|move|p2a: Corviknight|U-turn|p1a: Volcanion
|-resisted|p1a: Volcanion
|-damage|p1a: Volcanion|78/100
|
|t:|1760440425
|switch|p2a: Iron Treads|Iron Treads|21/100|[from] U-turn
|
|-heal|p2a: Iron Treads|27/100|[from] Grassy Terrain
|-heal|p1a: Volcanion|84/100|[from] Grassy Terrain
|upkeep
|turn|20
|
|t:|1760440428
|move|p2a: Iron Treads|Volt Switch|p1a: Volcanion
|-supereffective|p1a: Volcanion
|-crit|p1a: Volcanion
|-damage|p1a: Volcanion|50/100
|
|t:|1760440433
|-end|p2a: Iron Treads|Quark Drive|[silent]
|switch|p2a: Hoopa|Hoopa-Unbound|100/100|[from] Volt Switch
|move|p1a: Volcanion|Flamethrower|p2a: Hoopa
|-damage|p2a: Hoopa|50/100
|
|-heal|p2a: Hoopa|56/100|[from] Grassy Terrain
|-heal|p1a: Volcanion|56/100|[from] Grassy Terrain
|upkeep
|turn|21
|
|t:|1760440439
|switch|p1a: Jirachi|Jirachi|78/100
|-damage|p1a: Jirachi|72/100|[from] Stealth Rock
|move|p2a: Hoopa|Psychic|p1a: Jirachi
|-resisted|p1a: Jirachi
|-damage|p1a: Jirachi|58/100
|
|-heal|p2a: Hoopa|62/100|[from] Grassy Terrain
|-heal|p1a: Jirachi|64/100|[from] Grassy Terrain
|-heal|p1a: Jirachi|71/100|[from] item: Leftovers
|-fieldend|move: Grassy Terrain
|upkeep
|turn|22
|
|t:|1760440442
|switch|p2a: Corviknight|Corviknight, M|23/100
|-ability|p2a: Corviknight|Pressure
|move|p1a: Jirachi|U-turn|p2a: Corviknight
|-resisted|p2a: Corviknight
|-crit|p2a: Corviknight
|-damage|p2a: Corviknight|18/100
|-damage|p1a: Jirachi|54/100|[from] item: Rocky Helmet|[of] p2a: Corviknight
|
|t:|1760440455
|switch|p1a: Volcanion|Volcanion|56/100|[from] U-turn
|
|upkeep
|turn|23
|
|t:|1760440458
|move|p1a: Volcanion|Steam Eruption|p2a: Corviknight
|-damage|p2a: Corviknight|0 fnt
|faint|p2a: Corviknight
|
|upkeep
|
|t:|1760440466
|switch|p2a: Hoopa|Hoopa-Unbound|62/100
|turn|24
|j| wgw2333
|
|t:|1760440471
|switch|p1a: Rillaboom|Rillaboom, F|14/100
|-damage|p1a: Rillaboom|2/100|[from] Stealth Rock
|-fieldstart|move: Grassy Terrain|[from] ability: Grassy Surge|[of] p1a: Rillaboom
|move|p2a: Hoopa|Knock Off|p1a: Rillaboom
|-damage|p1a: Rillaboom|0 fnt
|-enditem|p1a: Rillaboom|Life Orb|[from] move: Knock Off|[of] p2a: Hoopa
|faint|p1a: Rillaboom
|
|-heal|p2a: Hoopa|68/100|[from] Grassy Terrain
|upkeep
|l| Conroach
|
|t:|1760440481
|switch|p1a: Jirachi|Jirachi|54/100
|-damage|p1a: Jirachi|48/100|[from] Stealth Rock
|turn|25
|
|t:|1760440482
|move|p2a: Hoopa|Knock Off|p1a: Jirachi
|-supereffective|p1a: Jirachi
|-damage|p1a: Jirachi|0 fnt
|-enditem|p1a: Jirachi|Leftovers|[from] move: Knock Off|[of] p2a: Hoopa
|faint|p1a: Jirachi
|
|-heal|p2a: Hoopa|74/100|[from] Grassy Terrain
|upkeep
|
|t:|1760440484
|switch|p1a: Ursaluna|Ursaluna, F|94/100 brn
|-damage|p1a: Ursaluna|88/100 brn|[from] Stealth Rock
|turn|26
|l| wgw2333
|
|t:|1760440488
|switch|p2a: Iron Treads|Iron Treads|27/100
|move|p1a: Ursaluna|Trailblaze|p2a: Iron Treads
|-damage|p2a: Iron Treads|0 fnt
|-boost|p1a: Ursaluna|spe|1
|faint|p2a: Iron Treads
|-end|p2a: Iron Treads|Quark Drive|[silent]
|
|-heal|p1a: Ursaluna|94/100 brn|[from] Grassy Terrain
|-damage|p1a: Ursaluna|88/100 brn|[from] brn
|upkeep
|
|t:|1760440495
|switch|p2a: Ogerpon|Ogerpon-Wellspring, F|80/100
|turn|27
|
|t:|1760440499
|-terastallize|p1a: Ursaluna|Normal
|move|p2a: Ogerpon|Ivy Cudgel|p1a: Ursaluna|[anim] Ivy Cudgel Water
|-damage|p1a: Ursaluna|41/100 brn
|move|p1a: Ursaluna|Trailblaze|p2a: Ogerpon
|-crit|p2a: Ogerpon
|-damage|p2a: Ogerpon|10/100
|-boost|p1a: Ursaluna|spe|1
|
|-heal|p1a: Ursaluna|47/100 brn|[from] Grassy Terrain
|-heal|p2a: Ogerpon|16/100|[from] Grassy Terrain
|-damage|p1a: Ursaluna|41/100 brn|[from] brn
|upkeep
|turn|28
|
|t:|1760440504
|move|p1a: Ursaluna|Trailblaze|p2a: Ogerpon
|-damage|p2a: Ogerpon|0 fnt
|-boost|p1a: Ursaluna|spe|1
|faint|p2a: Ogerpon
|
|-heal|p1a: Ursaluna|47/100 brn|[from] Grassy Terrain
|-damage|p1a: Ursaluna|41/100 brn|[from] brn
|-fieldend|move: Grassy Terrain
|upkeep
|
|t:|1760440506
|switch|p2a: Iron Moth|Iron Moth|100/100
|-enditem|p2a: Iron Moth|Booster Energy
|-activate|p2a: Iron Moth|ability: Quark Drive|[fromitem]
|-start|p2a: Iron Moth|quarkdrivespe
|turn|29
|
|t:|1760440508
|move|p1a: Ursaluna|Headlong Rush|p2a: Iron Moth
|-supereffective|p2a: Iron Moth
|-damage|p2a: Iron Moth|0 fnt
|-unboost|p1a: Ursaluna|def|1
|-unboost|p1a: Ursaluna|spd|1
|faint|p2a: Iron Moth
|-end|p2a: Iron Moth|Quark Drive|[silent]
|
|-damage|p1a: Ursaluna|35/100 brn|[from] brn
|upkeep
|-message|Shanubiki forfeited.
|
|win|adv 1v1
|raw|adv 1v1's rating: 1646 &rarr; <strong>1670</strong><br />(+24 for winning)
|raw|Shanubiki's rating: 1720 &rarr; <strong>1696</strong><br />(-24 for losing)
|l|☆Shanubiki
|player|p2|
|l|☆adv 1v1
|player|p1|
|l| deadbyflinch
