|j|☆M4 lema
|j|☆henry151th
|t:|1760373323
|gametype|singles
|player|p1|M4 lema|bellepa|1719
|player|p2|henry151th|wallace|1716
|gen|9
|tier|[Gen 9] OU
|rated|
|rule|HP Percentage Mod: HP is shown in percentages
|rule|Endless Battle Clause: Forcing endless battles is banned
|rule|Species Clause: Limit one of each Pokémon
|rule|OHKO Clause: OHKO moves are banned
|rule|Evasion Items Clause: Evasion items are banned
|rule|Evasion Moves Clause: Evasion moves are banned
|rule|Evasion Abilities Clause: Evasion abilities are banned
|rule|Sleep Moves Clause: Sleep-inducing moves are banned
|clearpoke
|poke|p1|Pelipper, F|
|poke|p1|Barraskewda, F|
|poke|p1|Iron Treads|
|poke|p1|Thundurus-Therian, M|
|poke|p1|Iron Crown|
|poke|p1|Dragonite, F|
|poke|p2|Dragapult, M|
|poke|p2|Glimmora, M|
|poke|p2|Comfey, M|
|poke|p2|Kingambit, M|
|poke|p2|Ogerpon-Wellspring, F|
|poke|p2|Blaziken, M|
|teampreview
|l|☆M4 lema
|player|p1|
|inactive|Battle timer is ON: inactive players will automatically lose when time's up. (requested by henry151th)
|inactive|M4 lema has 30 seconds to reconnect!
|j|☆M4 lema
|inactive|M4 lema reconnected and has 115 seconds left.
|player|p1|M4 lema|bellepa|
|
|t:|1760373406
|teamsize|p1|6
|teamsize|p2|6
|start
|switch|p1a: Iron Treads|Iron Treads|100/100
|switch|p2a: Dragapult|Dragapult, M, shiny|100/100
|-enditem|p1a: Iron Treads|Booster Energy
|-activate|p1a: Iron Treads|ability: Quark Drive|[fromitem]
|-start|p1a: Iron Treads|quarkdrivespe
|turn|1
|
|t:|1760373410
|move|p1a: Iron Treads|Stealth Rock|p2a: Dragapult
|-sidestart|p2: henry151th|move: Stealth Rock
|move|p2a: Dragapult|Flamethrower|p1a: Iron Treads
|-supereffective|p1a: Iron Treads
|-damage|p1a: Iron Treads|6/100
|-damage|p2a: Dragapult|91/100|[from] item: Life Orb
|
|upkeep
|turn|2
|
|t:|1760373418
|switch|p2a: Ogerpon|Ogerpon-Wellspring, F|100/100
|-damage|p2a: Ogerpon|88/100|[from] Stealth Rock
|move|p1a: Iron Treads|Steel Beam|p2a: Ogerpon
|-resisted|p2a: Ogerpon
|-damage|p2a: Ogerpon|58/100
|-damage|p1a: Iron Treads|0 fnt|[from] steelbeam
|faint|p1a: Iron Treads
|-end|p1a: Iron Treads|Quark Drive|[silent]
|
|upkeep
|inactive|M4 lema has 120 seconds left.
|
|t:|1760373448
|switch|p1a: Pelipper|Pelipper, F|100/100
|-weather|RainDance|[from] ability: Drizzle|[of] p1a: Pelipper
|turn|3
|
|t:|1760373457
|move|p2a: Ogerpon|U-turn|p1a: Pelipper
|-resisted|p1a: Pelipper
|-damage|p1a: Pelipper|89/100
|
|t:|1760373459
|switch|p2a: Glimmora|Glimmora, M, shiny|100/100|[from] U-turn
|-damage|p2a: Glimmora|88/100|[from] Stealth Rock
|move|p1a: Pelipper|U-turn|p2a: Glimmora
|-resisted|p2a: Glimmora
|-damage|p2a: Glimmora|85/100
|-activate|p2a: Glimmora|ability: Toxic Debris
|-sidestart|p1: M4 lema|move: Toxic Spikes
|-enditem|p2a: Glimmora|Red Card|[of] p1a: Pelipper
|drag|p1a: Dragonite|Dragonite, F|100/100
|
|-weather|RainDance|[upkeep]
|upkeep
|turn|4
|
|t:|1760373468
|switch|p1a: Iron Crown|Iron Crown|100/100
|-enditem|p1a: Iron Crown|Booster Energy
|-activate|p1a: Iron Crown|ability: Quark Drive|[fromitem]
|-start|p1a: Iron Crown|quarkdrivespe
|move|p2a: Glimmora|Mortal Spin|p1a: Iron Crown
|-immune|p1a: Iron Crown
|
|-weather|RainDance|[upkeep]
|upkeep
|turn|5
|
|t:|1760373472
|move|p1a: Iron Crown|Calm Mind|p1a: Iron Crown
|-boost|p1a: Iron Crown|spa|1
|-boost|p1a: Iron Crown|spd|1
|move|p2a: Glimmora|Earth Power|p1a: Iron Crown
|-supereffective|p1a: Iron Crown
|-damage|p1a: Iron Crown|69/100
|
|-weather|RainDance|[upkeep]
|upkeep
|turn|6
|
|t:|1760373480
|move|p1a: Iron Crown|Tachyon Cutter|p2a: Glimmora
|-supereffective|p2a: Glimmora
|-damage|p2a: Glimmora|5/100
|-supereffective|p2a: Glimmora
|-damage|p2a: Glimmora|0 fnt
|faint|p2a: Glimmora
|-hitcount|p2: Glimmora|2
|
|-weather|RainDance|[upkeep]
|upkeep
|
|t:|1760373483
|switch|p2a: Kingambit|Kingambit, M, shiny|100/100
|-damage|p2a: Kingambit|94/100|[from] Stealth Rock
|-activate|p2a: Kingambit|ability: Supreme Overlord
|-start|p2a: Kingambit|fallen1|[silent]
|turn|7
|
|t:|1760373490
|-terastallize|p1a: Iron Crown|Fighting
|-terastallize|p2a: Kingambit|Ghost
|move|p1a: Iron Crown|Focus Blast|p2a: Kingambit
|-immune|p2a: Kingambit
|move|p2a: Kingambit|Iron Head|p1a: Iron Crown
|-damage|p1a: Iron Crown|15/100
|
|-weather|RainDance|[upkeep]
|-heal|p2a: Kingambit|100/100|[from] item: Leftovers
|upkeep
|turn|8
|
|t:|1760373503
|move|p2a: Kingambit|Sucker Punch|p1a: Iron Crown
|-resisted|p1a: Iron Crown
|-damage|p1a: Iron Crown|0 fnt
|faint|p1a: Iron Crown
|-end|p1a: Iron Crown|Quark Drive|[silent]
|
|-weather|RainDance|[upkeep]
|upkeep
|
|t:|1760373507
|switch|p1a: Dragonite|Dragonite, F|100/100
|turn|9
|
|t:|1760373511
|-end|p2a: Kingambit|fallen1|[silent]
|switch|p2a: Comfey|Comfey, M, shiny|100/100
|-damage|p2a: Comfey|88/100|[from] Stealth Rock
|move|p1a: Dragonite|Outrage|p2a: Comfey
|-immune|p2a: Comfey
|
|-weather|RainDance|[upkeep]
|upkeep
|turn|10
|
|t:|1760373530
|switch|p1a: Thundurus|Thundurus-Therian, M|100/100
|move|p2a: Comfey|Draining Kiss|p1a: Thundurus
|-damage|p1a: Thundurus|64/100
|-heal|p2a: Comfey|100/100|[from] drain|[of] p1a: Thundurus
|-damage|p2a: Comfey|91/100|[from] item: Life Orb
|
|-weather|none
|upkeep
|turn|11
|
|t:|1760373540
|move|p2a: Comfey|Draining Kiss|p1a: Thundurus
|-damage|p1a: Thundurus|23/100
|-heal|p2a: Comfey|100/100|[from] drain|[of] p1a: Thundurus
|-damage|p2a: Comfey|91/100|[from] item: Life Orb
|move|p1a: Thundurus|Nasty Plot|p1a: Thundurus
|-boost|p1a: Thundurus|spa|2
|
|upkeep
|turn|12
|
|t:|1760373546
|switch|p1a: Pelipper|Pelipper, F|89/100
|-weather|RainDance|[from] ability: Drizzle|[of] p1a: Pelipper
|move|p2a: Comfey|Draining Kiss|p1a: Pelipper
|-damage|p1a: Pelipper|55/100
|-heal|p2a: Comfey|100/100|[from] drain|[of] p1a: Pelipper
|-damage|p2a: Comfey|91/100|[from] item: Life Orb
|
|-weather|RainDance|[upkeep]
|upkeep
|turn|13
|
|t:|1760373550
|move|p2a: Comfey|Draining Kiss|p1a: Pelipper
|-damage|p1a: Pelipper|23/100
|-heal|p2a: Comfey|100/100|[from] drain|[of] p1a: Pelipper
|-damage|p2a: Comfey|91/100|[from] item: Life Orb
|move|p1a: Pelipper|U-turn|p2a: Comfey
|-resisted|p2a: Comfey
|-crit|p2a: Comfey
|-damage|p2a: Comfey|83/100
|
|t:|1760373554
|switch|p1a: Barraskewda|Barraskewda, F|100/100|[from] U-turn
|-status|p1a: Barraskewda|psn
|
|-weather|RainDance|[upkeep]
|-damage|p1a: Barraskewda|88/100 psn|[from] psn
|upkeep
|turn|14
|
|t:|1760373568
|move|p2a: Comfey|Draining Kiss|p1a: Barraskewda
|-crit|p1a: Barraskewda
|-damage|p1a: Barraskewda|0 fnt
|-heal|p2a: Comfey|100/100|[from] drain|[of] p1a: Barraskewda
|faint|p1a: Barraskewda
|-damage|p2a: Comfey|91/100|[from] item: Life Orb
|
|-weather|RainDance|[upkeep]
|upkeep
|j| FaronAan
|j| averyradiant
|-message|M4 lema forfeited.
|
|win|henry151th
|raw|M4 lema's rating: 1719 &rarr; <strong>1699</strong><br />(-20 for losing)
|raw|henry151th's rating: 1716 &rarr; <strong>1736</strong><br />(+20 for winning)
|l|☆M4 lema
|player|p1|
|l|☆henry151th
|player|p2|
|l| FaronAan
|l| averyradiant
