|j|☆YumeKasumi76
|j|☆Brahimelkhatib
|t:|1760338336
|gametype|singles
|player|p1|YumeKasumi76|102|1155
|player|p2|Brahimelkhatib|swimmerf|1179
|gen|9
|tier|[Gen 9] OU
|rated|
|rule|HP Percentage Mod: HP is shown in percentages
|rule|Endless Battle Clause: Forcing endless battles is banned
|rule|Species Clause: Limit one of each Pokémon
|rule|OHKO Clause: OHKO moves are banned
|rule|Evasion Items Clause: Evasion items are banned
|rule|Evasion Moves Clause: Evasion moves are banned
|rule|Evasion Abilities Clause: Evasion abilities are banned
|rule|Sleep Moves Clause: Sleep-inducing moves are banned
|clearpoke
|poke|p1|Heracross, M|
|poke|p1|Latias, F|
|poke|p1|Honchkrow, M|
|poke|p1|Heatran, M|
|poke|p1|Brambleghast, M|
|poke|p1|Suicune|
|poke|p2|Slowking-Galar, M|
|poke|p2|Arcanine-Hisui, M|
|poke|p2|Corviknight, M|
|poke|p2|Ting-Lu|
|poke|p2|Ogerpon-Wellspring, F|
|poke|p2|Iron Valiant|
|teampreview
|inactive|Battle timer is ON: inactive players will automatically lose when time's up. (requested by Brahimelkhatib)
|inactive|Brahimelkhatib has 120 seconds left.
|
|t:|1760338383
|teamsize|p1|6
|teamsize|p2|6
|start
|switch|p1a: Purifier|Suicune|100/100
|switch|p2a: Politoxicòmano|Slowking-Galar, M, shiny|100/100
|-ability|p1a: Purifier|Pressure
|turn|1
|
|t:|1760338398
|move|p1a: Purifier|Tailwind|p1a: Purifier
|-sidestart|p1: YumeKasumi76|move: Tailwind
|move|p2a: Politoxicòmano|Toxic|p1a: Purifier
|-status|p1a: Purifier|tox
|
|-damage|p1a: Purifier|94/100 tox|[from] psn
|upkeep
|turn|2
|inactive|Brahimelkhatib has 120 seconds left.
|
|t:|1760338436
|switch|p1a: Shinetori|Honchkrow, M|100/100
|-prepare|p2a: Politoxicòmano|Chilly Reception|[premajor]
|move|p2a: Politoxicòmano|Chilly Reception|p2a: Politoxicòmano
|-weather|Snowscape
|
|t:|1760338447
|switch|p2a: Yami|Corviknight, M, shiny|100/100|[from] Chilly Reception
|
|-weather|Snowscape|[upkeep]
|upkeep
|turn|3
|inactive|Brahimelkhatib has 90 seconds left.
|
|t:|1760338496
|move|p1a: Shinetori|Heat Wave|p2a: Yami
|-supereffective|p2a: Yami
|-damage|p2a: Yami|59/100
|move|p2a: Yami|U-turn|p1a: Shinetori
|-damage|p1a: Shinetori|75/100
|
|t:|1760338503
|switch|p2a: Goliath|Ting-Lu|100/100|[from] U-turn
|-ability|p2a: Goliath|Vessel of Ruin
|
|-weather|Snowscape|[upkeep]
|upkeep
|turn|4
|
|t:|1760338507
|move|p1a: Shinetori|Brave Bird|p2a: Goliath
|-damage|p2a: Goliath|72/100
|-damage|p1a: Shinetori|61/100|[from] Recoil
|move|p2a: Goliath|Stealth Rock|p1a: Shinetori
|-sidestart|p1: YumeKasumi76|move: Stealth Rock
|
|-weather|Snowscape|[upkeep]
|-heal|p2a: Goliath|79/100|[from] item: Leftovers
|-sideend|p1: YumeKasumi76|move: Tailwind
|upkeep
|turn|5
|inactive|Brahimelkhatib has 90 seconds left.
|inactive|Brahimelkhatib has 60 seconds left.
|
|t:|1760338559
|switch|p2a: Yami|Corviknight, M, shiny|59/100
|move|p1a: Shinetori|Tailwind|p1a: Shinetori
|-sidestart|p1: YumeKasumi76|move: Tailwind
|
|-weather|Snowscape|[upkeep]
|upkeep
|turn|6
|
|t:|1760338577
|move|p1a: Shinetori|Heat Wave|p2a: Yami|[miss]
|-miss|p1a: Shinetori|p2a: Yami
|move|p2a: Yami|Roost|p2a: Yami
|-heal|p2a: Yami|100/100
|-singleturn|p2a: Yami|move: Roost
|
|-weather|none
|upkeep
|turn|7
|inactive|Brahimelkhatib has 60 seconds left.
|inactive|Brahimelkhatib has 30 seconds left.
|inactive|Brahimelkhatib has 20 seconds left.
|inactive|Brahimelkhatib has 15 seconds left.
|inactive|Brahimelkhatib has 10 seconds left.
|
|t:|1760338635
|switch|p1a: MapoTofu|Heatran, M|100/100
|-damage|p1a: MapoTofu|88/100|[from] Stealth Rock
|move|p2a: Yami|U-turn|p1a: MapoTofu
|-resisted|p1a: MapoTofu
|-damage|p1a: MapoTofu|85/100
|inactive|Brahimelkhatib has 15 seconds left this turn.
|inactive|Brahimelkhatib has 10 seconds left.
|
|t:|1760338643
|switch|p2a: Goliath|Ting-Lu|79/100|[from] U-turn
|-ability|p2a: Goliath|Vessel of Ruin
|
|-heal|p1a: MapoTofu|91/100|[from] item: Leftovers
|-heal|p2a: Goliath|85/100|[from] item: Leftovers
|upkeep
|turn|8
|inactive|Brahimelkhatib has 20 seconds left this turn.
|inactive|Brahimelkhatib has 15 seconds left.
|inactive|Brahimelkhatib has 10 seconds left.
|
|t:|1760338659
|move|p1a: MapoTofu|Stealth Rock|p2a: Goliath
|-sidestart|p2: Brahimelkhatib|move: Stealth Rock
|move|p2a: Goliath|Ruination|p1a: MapoTofu
|-damage|p1a: MapoTofu|46/100
|
|-heal|p1a: MapoTofu|52/100|[from] item: Leftovers
|-heal|p2a: Goliath|91/100|[from] item: Leftovers
|-sideend|p1: YumeKasumi76|move: Tailwind
|upkeep
|turn|9
|inactive|Brahimelkhatib has 20 seconds left this turn.
|inactive|Brahimelkhatib has 15 seconds left.
|inactive|Brahimelkhatib has 10 seconds left.
|
|t:|1760338672
|switch|p1a: Shinetori|Honchkrow, M|61/100
|-damage|p1a: Shinetori|36/100|[from] Stealth Rock
|move|p2a: Goliath|Whirlwind|p1a: Shinetori
|drag|p1a: SogiitaGunha|Heracross, M|100/100
|-damage|p1a: SogiitaGunha|88/100|[from] Stealth Rock
|
|-heal|p2a: Goliath|97/100|[from] item: Leftovers
|upkeep
|turn|10
|inactive|Brahimelkhatib has 20 seconds left this turn.
|inactive|Brahimelkhatib has 15 seconds left.
|inactive|Brahimelkhatib has 10 seconds left.
|inactive|Brahimelkhatib has 5 seconds left.
|
|t:|1760338688
|switch|p2a: Yami|Corviknight, M, shiny|100/100
|-damage|p2a: Yami|88/100|[from] Stealth Rock
|move|p1a: SogiitaGunha|Knock Off|p2a: Yami
|-damage|p2a: Yami|55/100
|-damage|p1a: SogiitaGunha|72/100|[from] item: Rocky Helmet|[of] p2a: Yami
|-enditem|p2a: Yami|Rocky Helmet|[from] move: Knock Off|[of] p1a: SogiitaGunha
|
|upkeep
|turn|11
|inactive|Brahimelkhatib has 15 seconds left this turn.
|inactive|Brahimelkhatib has 10 seconds left.
|
|t:|1760338697
|switch|p1a: MapoTofu|Heatran, M|52/100
|-damage|p1a: MapoTofu|40/100|[from] Stealth Rock
|move|p2a: Yami|Defog|p1a: MapoTofu
|-unboost|p1a: MapoTofu|evasion|1
|-sideend|p1: YumeKasumi76|Stealth Rock|[from] move: Defog|[of] p2a: Yami
|-sideend|p2: Brahimelkhatib|Stealth Rock|[from] move: Defog|[of] p2a: Yami
|
|-heal|p1a: MapoTofu|46/100|[from] item: Leftovers
|upkeep
|turn|12
|inactive|Brahimelkhatib has 20 seconds left this turn.
|
|t:|1760338703
|switch|p2a: Goliath|Ting-Lu|97/100
|-ability|p2a: Goliath|Vessel of Ruin
|move|p1a: MapoTofu|Stealth Rock|p2a: Goliath
|-sidestart|p2: Brahimelkhatib|move: Stealth Rock
|
|-heal|p1a: MapoTofu|52/100|[from] item: Leftovers
|-heal|p2a: Goliath|100/100|[from] item: Leftovers
|upkeep
|turn|13
|inactive|Brahimelkhatib has 30 seconds left this turn.
|inactive|Brahimelkhatib has 20 seconds left.
|inactive|Brahimelkhatib has 15 seconds left.
|inactive|Brahimelkhatib has 10 seconds left.
|
|t:|1760338724
|switch|p1a: Shinetori|Honchkrow, M|36/100
|move|p2a: Goliath|Earthquake|p1a: Shinetori
|-immune|p1a: Shinetori
|
|upkeep
|turn|14
|inactive|Brahimelkhatib has 20 seconds left this turn.
|inactive|Brahimelkhatib has 15 seconds left.
|
|t:|1760338734
|switch|p1a: SogiitaGunha|Heracross, M|72/100
|move|p2a: Goliath|Stealth Rock|p1a: SogiitaGunha
|-sidestart|p1: YumeKasumi76|move: Stealth Rock
|
|upkeep
|turn|15
|inactive|Brahimelkhatib has 25 seconds left this turn.
|inactive|Brahimelkhatib has 20 seconds left.
|inactive|Brahimelkhatib has 15 seconds left.
|inactive|Brahimelkhatib has 10 seconds left.
|inactive|Brahimelkhatib has 5 seconds left.
|
|t:|1760338754
|move|p1a: SogiitaGunha|Close Combat|p2a: Goliath
|-supereffective|p2a: Goliath
|-damage|p2a: Goliath|18/100
|-unboost|p1a: SogiitaGunha|def|1
|-unboost|p1a: SogiitaGunha|spd|1
|move|p2a: Goliath|Whirlwind|p1a: SogiitaGunha
|drag|p1a: Bianca|Latias, F|100/100
|-damage|p1a: Bianca|88/100|[from] Stealth Rock
|
|-heal|p2a: Goliath|24/100|[from] item: Leftovers
|upkeep
|turn|16
|inactive|Brahimelkhatib has 15 seconds left this turn.
|inactive|Brahimelkhatib has 10 seconds left.
|inactive|Brahimelkhatib has 5 seconds left.
|-message|Brahimelkhatib lost due to inactivity.
|
|win|YumeKasumi76
|raw|YumeKasumi76's rating: 1155 &rarr; <strong>1182</strong><br />(+27 for winning)
|raw|Brahimelkhatib's rating: 1179 &rarr; <strong>1152</strong><br />(-27 for losing)
|l|☆YumeKasumi76
|player|p1|
|l|☆Brahimelkhatib
|player|p2|
