|j|☆purple_guy1
|j|☆je debute031
|t:|1760432769
|gametype|singles
|player|p1|purple_guy1|clerk-boss|1067
|player|p2|je debute031|2|1089
|gen|9
|tier|[Gen 9] OU
|rated|
|rule|HP Percentage Mod: HP is shown in percentages
|rule|Endless Battle Clause: Forcing endless battles is banned
|rule|Species Clause: Limit one of each Pokémon
|rule|OHKO Clause: OHKO moves are banned
|rule|Evasion Items Clause: Evasion items are banned
|rule|Evasion Moves Clause: Evasion moves are banned
|rule|Evasion Abilities Clause: Evasion abilities are banned
|rule|Sleep Moves Clause: Sleep-inducing moves are banned
|clearpoke
|poke|p1|Okidogi, M|
|poke|p1|Clefairy, M|
|poke|p1|Salamence, M|
|poke|p1|Gholdengo|
|poke|p1|Ogerpon-Wellspring, F|
|poke|p1|Mimikyu, M|
|poke|p2|Meowscarada, F|
|poke|p2|Ceruledge, F|
|poke|p2|Garchomp, M|
|poke|p2|Azumarill, F|
|poke|p2|Corviknight, M|
|poke|p2|Toxtricity, M|
|teampreview
|inactive|Battle timer is ON: inactive players will automatically lose when time's up. (requested by purple_guy1)
|
|t:|1760432774
|teamsize|p1|6
|teamsize|p2|6
|start
|switch|p1a: pink fairy|Clefairy, M|100/100
|switch|p2a: Garchomp|Garchomp, M|100/100
|turn|1
|
|t:|1760432780
|move|p2a: Garchomp|Stealth Rock|p1a: pink fairy
|-sidestart|p1: purple_guy1|move: Stealth Rock
|move|p1a: pink fairy|Moonblast|p2a: Garchomp
|-supereffective|p2a: Garchomp
|-damage|p2a: Garchomp|34/100
|
|upkeep
|turn|2
|
|t:|1760432789
|switch|p2a: Azumarill|Azumarill, F|100/100
|move|p1a: pink fairy|Moonblast|p2a: Azumarill
|-damage|p2a: Azumarill|64/100
|-unboost|p2a: Azumarill|spa|1
|
|upkeep
|turn|3
|
|t:|1760432798
|move|p2a: Azumarill|Belly Drum|p2a: Azumarill
|-damage|p2a: Azumarill|14/100
|-setboost|p2a: Azumarill|atk|6|[from] move: Belly Drum
|-enditem|p2a: Azumarill|Sitrus Berry|[eat]
|-heal|p2a: Azumarill|39/100|[from] item: Sitrus Berry
|move|p1a: pink fairy|Stealth Rock|p2a: Azumarill
|-sidestart|p2: je debute031|move: Stealth Rock
|
|upkeep
|turn|4
|
|t:|1760432815
|move|p2a: Azumarill|Aqua Jet|p1a: pink fairy
|-damage|p1a: pink fairy|0 fnt
|faint|p1a: pink fairy
|
|upkeep
|
|t:|1760432824
|switch|p1a: Ogerpon|Ogerpon-Wellspring, F|100/100
|-damage|p1a: Ogerpon|88/100|[from] Stealth Rock
|turn|5
|
|t:|1760432836
|-terastallize|p1a: Ogerpon|Water
|detailschange|p1a: Ogerpon|Ogerpon-Wellspring-Tera, F, tera:Water
|-ability|p1a: Ogerpon|Embody Aspect (Wellspring)|boost
|-boost|p1a: Ogerpon|spd|1
|move|p1a: Ogerpon|Ivy Cudgel|p2a: Azumarill|[anim] Ivy Cudgel Water
|-resisted|p2a: Azumarill
|-damage|p2a: Azumarill|0 fnt
|faint|p2a: Azumarill
|
|upkeep
|
|t:|1760432846
|switch|p2a: Toxtricity|Toxtricity, M|100/100
|-damage|p2a: Toxtricity|88/100|[from] Stealth Rock
|turn|6
|
|t:|1760432864
|move|p1a: Ogerpon|Leech Seed|p2a: Toxtricity
|-start|p2a: Toxtricity|move: Leech Seed
|move|p2a: Toxtricity|Volt Switch|p1a: Ogerpon
|-supereffective|p1a: Ogerpon
|-damage|p1a: Ogerpon|4/100
|
|t:|1760432869
|switch|p2a: Garchomp|Garchomp, M|34/100|[from] Volt Switch
|-damage|p2a: Garchomp|28/100|[from] Stealth Rock
|
|upkeep
|turn|7
|
|t:|1760432874
|move|p1a: Ogerpon|Ivy Cudgel|p2a: Garchomp|[anim] Ivy Cudgel Water
|-damage|p2a: Garchomp|0 fnt
|faint|p2a: Garchomp
|
|upkeep
|
|t:|1760432879
|switch|p2a: Toxtricity|Toxtricity, M|88/100
|-damage|p2a: Toxtricity|76/100|[from] Stealth Rock
|turn|8
|
|t:|1760432883
|move|p1a: Ogerpon|Ivy Cudgel|p2a: Toxtricity|[anim] Ivy Cudgel Water
|-damage|p2a: Toxtricity|0 fnt
|faint|p2a: Toxtricity
|
|upkeep
|
|t:|1760432888
|switch|p2a: Meowscarada|Meowscarada, F, shiny|100/100
|-damage|p2a: Meowscarada|88/100|[from] Stealth Rock
|turn|9
|
|t:|1760432894
|move|p2a: Meowscarada|U-turn|p1a: Ogerpon
|-start|p2a: Meowscarada|typechange|Bug|[from] ability: Protean
|-damage|p1a: Ogerpon|0 fnt
|faint|p1a: Ogerpon
|detailschange|p1: Ogerpon|Ogerpon-Wellspring, F|[silent]
|-damage|p2a: Meowscarada|78/100|[from] item: Life Orb
|
|t:|1760432900
|switch|p2a: Corviknight|Corviknight, M|100/100|[from] U-turn
|-damage|p2a: Corviknight|88/100|[from] Stealth Rock
|-ability|p2a: Corviknight|Pressure
|
|-heal|p2a: Corviknight|94/100|[from] item: Leftovers
|upkeep
|
|t:|1760432913
|switch|p1a: Gholdengo|Gholdengo|100/100
|-damage|p1a: Gholdengo|94/100|[from] Stealth Rock
|-item|p1a: Gholdengo|Air Balloon
|turn|10
|
|t:|1760432927
|move|p1a: Gholdengo|Nasty Plot|p1a: Gholdengo
|-boost|p1a: Gholdengo|spa|2
|move|p2a: Corviknight|U-turn|p1a: Gholdengo
|-resisted|p1a: Gholdengo
|-damage|p1a: Gholdengo|91/100
|-enditem|p1a: Gholdengo|Air Balloon
|
|t:|1760432934
|switch|p2a: Meowscarada|Meowscarada, F, shiny|78/100|[from] U-turn
|-damage|p2a: Meowscarada|66/100|[from] Stealth Rock
|
|upkeep
|turn|11
|
|t:|1760432942
|move|p2a: Meowscarada|Knock Off|p1a: Gholdengo
|-start|p2a: Meowscarada|typechange|Dark|[from] ability: Protean
|-supereffective|p1a: Gholdengo
|-damage|p1a: Gholdengo|0 fnt
|faint|p1a: Gholdengo
|-damage|p2a: Meowscarada|56/100|[from] item: Life Orb
|
|upkeep
|
|t:|1760432950
|switch|p1a: fighting dogo|Okidogi, M|100/100
|-damage|p1a: fighting dogo|95/100|[from] Stealth Rock
|turn|12
|
|t:|1760432958
|switch|p2a: Corviknight|Corviknight, M|94/100
|-damage|p2a: Corviknight|82/100|[from] Stealth Rock
|-ability|p2a: Corviknight|Pressure
|move|p1a: fighting dogo|Bulk Up|p1a: fighting dogo
|-boost|p1a: fighting dogo|atk|1
|-boost|p1a: fighting dogo|def|1
|
|-heal|p1a: fighting dogo|100/100|[from] item: Leftovers
|-heal|p2a: Corviknight|88/100|[from] item: Leftovers
|upkeep
|turn|13
|
|t:|1760432973
|-terastallize|p2a: Corviknight|Flying
|move|p1a: fighting dogo|Drain Punch|p2a: Corviknight
|-resisted|p2a: Corviknight
|-damage|p2a: Corviknight|68/100
|move|p2a: Corviknight|Brave Bird|p1a: fighting dogo
|-supereffective|p1a: fighting dogo
|-damage|p1a: fighting dogo|40/100
|-damage|p2a: Corviknight|53/100|[from] Recoil
|
|-heal|p1a: fighting dogo|46/100|[from] item: Leftovers
|-heal|p2a: Corviknight|59/100|[from] item: Leftovers
|upkeep
|turn|14
|
|t:|1760432983
|move|p1a: fighting dogo|Poison Jab|p2a: Corviknight
|-damage|p2a: Corviknight|15/100
|move|p2a: Corviknight|Brave Bird|p1a: fighting dogo
|-supereffective|p1a: fighting dogo
|-damage|p1a: fighting dogo|0 fnt
|faint|p1a: fighting dogo
|-damage|p2a: Corviknight|3/100|[from] Recoil
|
|-heal|p2a: Corviknight|9/100|[from] item: Leftovers
|upkeep
|
|t:|1760432992
|switch|p1a: Mimikyu|Mimikyu, M|100/100
|-damage|p1a: Mimikyu|88/100|[from] Stealth Rock
|turn|15
|
|t:|1760433000
|move|p1a: Mimikyu|Shadow Sneak|p2a: Corviknight
|-damage|p2a: Corviknight|0 fnt
|faint|p2a: Corviknight
|
|upkeep
|
|t:|1760433004
|switch|p2a: Meowscarada|Meowscarada, F, shiny|56/100
|-damage|p2a: Meowscarada|44/100|[from] Stealth Rock
|turn|16
|
|t:|1760433010
|move|p2a: Meowscarada|U-turn|p1a: Mimikyu
|-start|p2a: Meowscarada|typechange|Bug|[from] ability: Protean
|-activate|p1a: Mimikyu|ability: Disguise
|-damage|p1a: Mimikyu|88/100
|detailschange|p1a: Mimikyu|Mimikyu-Busted, M
|-damage|p1a: Mimikyu|76/100|[from] pokemon: Mimikyu-Busted
|-damage|p2a: Meowscarada|34/100|[from] item: Life Orb
|
|t:|1760433018
|switch|p2a: Ceruledge|Ceruledge, F|100/100|[from] U-turn
|move|p1a: Mimikyu|Play Rough|p2a: Ceruledge
|-resisted|p2a: Ceruledge
|-damage|p2a: Ceruledge|73/100
|
|upkeep
|turn|17
|
|t:|1760433029
|move|p1a: Mimikyu|Shadow Sneak|p2a: Ceruledge
|-supereffective|p2a: Ceruledge
|-damage|p2a: Ceruledge|19/100
|move|p2a: Ceruledge|Shadow Claw|p1a: Mimikyu
|-supereffective|p1a: Mimikyu
|-damage|p1a: Mimikyu|0 fnt
|faint|p1a: Mimikyu
|
|upkeep
|
|t:|1760433035
|switch|p1a: dragon guy|Salamence, M|100/100
|-damage|p1a: dragon guy|75/100|[from] Stealth Rock
|turn|18
|
|t:|1760433045
|move|p1a: dragon guy|Dragon Dance|p1a: dragon guy
|-boost|p1a: dragon guy|atk|1
|-boost|p1a: dragon guy|spe|1
|move|p2a: Ceruledge|Shadow Claw|p1a: dragon guy
|-crit|p1a: dragon guy
|-damage|p1a: dragon guy|0 fnt
|faint|p1a: dragon guy
|
|win|je debute031
|raw|purple_guy1's rating: 1067 &rarr; <strong>1048</strong><br />(-19 for losing)
|raw|je debute031's rating: 1089 &rarr; <strong>1114</strong><br />(+25 for winning)
|c|☆purple_guy1|ggs
|l|☆je debute031
|player|p2|
|l|☆purple_guy1
|player|p1|
