|j|☆Mr.X&Y97
|j|‽universe mon
|t:|1760379997
|gametype|singles
|player|p1|Mr.X&Y97|ingo|1707
|player|p2|universe mon|li|1728
|gen|9
|tier|[Gen 9] OU
|rated|
|rule|HP Percentage Mod: HP is shown in percentages
|rule|Endless Battle Clause: Forcing endless battles is banned
|rule|Species Clause: Limit one of each Pokémon
|rule|OHKO Clause: OHKO moves are banned
|rule|Evasion Items Clause: Evasion items are banned
|rule|Evasion Moves Clause: Evasion moves are banned
|rule|Evasion Abilities Clause: Evasion abilities are banned
|rule|Sleep Moves Clause: Sleep-inducing moves are banned
|clearpoke
|poke|p1|Indeedee, M|
|poke|p1|Armarouge, M|
|poke|p1|Hatterene, F|
|poke|p1|Polteageist|
|poke|p1|Hawlucha, F|
|poke|p1|Maushold|
|poke|p2|Ninetales-Alola, M|
|poke|p2|Klefki, F|
|poke|p2|Latias, F|
|poke|p2|Maushold-Four|
|poke|p2|Ogerpon-Wellspring, F|
|poke|p2|Necrozma|
|teampreview
|inactive|Battle timer is ON: inactive players will automatically lose when time's up. (requested by Mr.X&Y97)
|
|t:|1760380013
|teamsize|p1|6
|teamsize|p2|6
|start
|switch|p1a: Maushold|Maushold|100/100
|switch|p2a: Ninetales|Ninetales-Alola, M|100/100
|-weather|Snowscape|[from] ability: Snow Warning|[of] p2a: Ninetales
|turn|1
|
|t:|1760380015
|move|p1a: Maushold|Population Bomb|p2a: Ninetales
|-damage|p2a: Ninetales|92/100
|-damage|p2a: Ninetales|83/100
|-damage|p2a: Ninetales|75/100
|-damage|p2a: Ninetales|66/100
|-damage|p2a: Ninetales|57/100
|-damage|p2a: Ninetales|48/100
|-damage|p2a: Ninetales|39/100
|-damage|p2a: Ninetales|31/100
|-damage|p2a: Ninetales|22/100
|-damage|p2a: Ninetales|13/100
|-hitcount|p2a: Ninetales|10
|move|p2a: Ninetales|Aurora Veil|p2a: Ninetales
|-sidestart|p2: universe mon|move: Aurora Veil
|
|-weather|Snowscape|[upkeep]
|upkeep
|turn|2
|
|t:|1760380032
|switch|p2a: Klefki|Klefki, F|100/100
|move|p1a: Maushold|Tidy Up|p1a: Maushold
|-boost|p1a: Maushold|atk|1
|-boost|p1a: Maushold|spe|1
|
|-weather|Snowscape|[upkeep]
|upkeep
|turn|3
|
|t:|1760380036
|switch|p1a: Hatterene|Hatterene, F|100/100
|move|p2a: Klefki|Thunder Wave|p1a: Hatterene
|move|p1a: Hatterene|Thunder Wave|p2a: Klefki|[from] ability: Magic Bounce
|-status|p2a: Klefki|par
|
|-weather|Snowscape|[upkeep]
|upkeep
|turn|4
|
|t:|1760380041
|switch|p2a: Ogerpon|Ogerpon-Wellspring, F|100/100
|move|p1a: Hatterene|Nuzzle|p2a: Ogerpon
|-damage|p2a: Ogerpon|98/100
|-status|p2a: Ogerpon|par
|
|-weather|Snowscape|[upkeep]
|upkeep
|turn|5
|
|t:|1760380046
|cant|p2a: Ogerpon|par
|move|p1a: Hatterene|Nuzzle|p2a: Ogerpon
|-damage|p2a: Ogerpon|96/100 par
|
|-weather|none
|upkeep
|turn|6
|
|t:|1760380051
|cant|p2a: Ogerpon|par
|move|p1a: Hatterene|Draining Kiss|p2a: Ogerpon
|-damage|p2a: Ogerpon|83/100 par
|
|upkeep
|turn|7
|
|t:|1760380054
|move|p2a: Ogerpon|Swords Dance|p2a: Ogerpon
|-boost|p2a: Ogerpon|atk|2
|move|p1a: Hatterene|Draining Kiss|p2a: Ogerpon
|-damage|p2a: Ogerpon|71/100 par
|
|upkeep
|turn|8
|
|t:|1760380061
|move|p2a: Ogerpon|Ivy Cudgel|p1a: Hatterene|[anim] Ivy Cudgel Water
|-damage|p1a: Hatterene|0 fnt
|faint|p1a: Hatterene
|
|-sideend|p2: universe mon|move: Aurora Veil
|upkeep
|
|t:|1760380078
|switch|p1a: Maushold|Maushold|100/100
|turn|9
|
|t:|1760380080
|switch|p2a: Klefki|Klefki, F|100/100 par
|move|p1a: Maushold|Population Bomb|p2a: Klefki
|-resisted|p2a: Klefki
|-damage|p2a: Klefki|95/100 par
|-resisted|p2a: Klefki
|-damage|p2a: Klefki|90/100 par
|-resisted|p2a: Klefki
|-damage|p2a: Klefki|84/100 par
|-resisted|p2a: Klefki
|-damage|p2a: Klefki|78/100 par
|-resisted|p2a: Klefki
|-damage|p2a: Klefki|72/100 par
|-resisted|p2a: Klefki
|-damage|p2a: Klefki|67/100 par
|-resisted|p2a: Klefki
|-damage|p2a: Klefki|61/100 par
|-resisted|p2a: Klefki
|-damage|p2a: Klefki|55/100 par
|-resisted|p2a: Klefki
|-damage|p2a: Klefki|49/100 par
|-resisted|p2a: Klefki
|-damage|p2a: Klefki|43/100 par
|-hitcount|p2a: Klefki|10
|
|upkeep
|turn|10
|
|t:|1760380090
|switch|p1a: Indeedee|Indeedee, M|100/100
|-fieldstart|move: Psychic Terrain|[from] ability: Psychic Surge|[of] p1a: Indeedee
|move|p2a: Klefki|Thunder Wave|p1a: Indeedee
|-activate|p1a: Indeedee|move: Psychic Terrain
|
|upkeep
|turn|11
|
|t:|1760380093
|move|p2a: Klefki|Light Screen|p2a: Klefki
|-sidestart|p2: universe mon|move: Light Screen
|move|p1a: Indeedee|Expanding Force|p2a: Klefki
|-resisted|p2a: Klefki
|-damage|p2a: Klefki|28/100 par
|
|upkeep
|turn|12
|
|t:|1760380096
|move|p2a: Klefki|Reflect|p2a: Klefki
|-sidestart|p2: universe mon|Reflect
|move|p1a: Indeedee|Encore|p2a: Klefki
|-start|p2a: Klefki|Encore
|
|upkeep
|turn|13
|
|t:|1760380102
|switch|p1a: Maushold|Maushold|100/100
|switch|p2a: Latias|Latias, F|100/100
|
|upkeep
|turn|14
|
|t:|1760380120
|move|p1a: Maushold|Bite|p2a: Latias
|-supereffective|p2a: Latias
|-damage|p2a: Latias|80/100
|-enditem|p2a: Latias|Weakness Policy
|-boost|p2a: Latias|atk|2|[from] item: Weakness Policy
|-boost|p2a: Latias|spa|2|[from] item: Weakness Policy
|cant|p2a: Latias|flinch
|
|upkeep
|turn|15
|
|t:|1760380129
|-terastallize|p2a: Latias|Steel
|move|p1a: Maushold|Population Bomb|p2a: Latias
|-resisted|p2a: Latias
|-damage|p2a: Latias|77/100
|-resisted|p2a: Latias
|-damage|p2a: Latias|75/100
|-resisted|p2a: Latias
|-damage|p2a: Latias|72/100
|-resisted|p2a: Latias
|-damage|p2a: Latias|69/100
|-resisted|p2a: Latias
|-damage|p2a: Latias|67/100
|-resisted|p2a: Latias
|-crit|p2a: Latias
|-damage|p2a: Latias|59/100
|-resisted|p2a: Latias
|-damage|p2a: Latias|56/100
|-resisted|p2a: Latias
|-damage|p2a: Latias|54/100
|-resisted|p2a: Latias
|-damage|p2a: Latias|51/100
|-resisted|p2a: Latias
|-damage|p2a: Latias|49/100
|-hitcount|p2a: Latias|10
|move|p2a: Latias|Agility|p2a: Latias
|-boost|p2a: Latias|spe|2
|
|upkeep
|turn|16
|inactive|Mr.X&Y97 has 120 seconds left.
|
|t:|1760380180
|switch|p1a: Indeedee|Indeedee, M|100/100
|move|p2a: Latias|Stored Power|p1a: Indeedee
|-resisted|p1a: Indeedee
|-damage|p1a: Indeedee|16/100
|
|upkeep
|turn|17
|
|t:|1760380189
|move|p2a: Latias|Stored Power|p1a: Indeedee
|-resisted|p1a: Indeedee
|-damage|p1a: Indeedee|0 fnt
|faint|p1a: Indeedee
|
|-fieldend|move: Psychic Terrain
|upkeep
|
|t:|1760380193
|switch|p1a: Armarouge|Armarouge, M|100/100
|turn|18
|
|t:|1760380196
|move|p2a: Latias|Calm Mind|p2a: Latias
|-boost|p2a: Latias|spa|1
|-boost|p2a: Latias|spd|1
|move|p1a: Armarouge|Armor Cannon|p2a: Latias
|-supereffective|p2a: Latias
|-damage|p2a: Latias|7/100
|-unboost|p1a: Armarouge|def|1
|-unboost|p1a: Armarouge|spd|1
|
|-sideend|p2: universe mon|move: Light Screen
|upkeep
|turn|19
|inactive|Mr.X&Y97 has 120 seconds left.
|
|t:|1760380209
|move|p2a: Latias|Stored Power|p1a: Armarouge
|-resisted|p1a: Armarouge
|-damage|p1a: Armarouge|0 fnt
|faint|p1a: Armarouge
|
|-sideend|p2: universe mon|Reflect
|upkeep
|inactive|Mr.X&Y97 has 120 seconds left.
|
|t:|1760380214
|switch|p1a: Polteageist|Polteageist|100/100
|turn|20
|
|t:|1760380218
|move|p2a: Latias|Stored Power|p1a: Polteageist
|-enditem|p1a: Polteageist|Focus Sash
|-damage|p1a: Polteageist|1/100
|move|p1a: Polteageist|Shadow Ball|p2a: Latias
|-damage|p2a: Latias|0 fnt
|faint|p2a: Latias
|
|upkeep
|
|t:|1760380221
|switch|p2a: Ninetales|Ninetales-Alola, M|13/100
|-weather|Snowscape|[from] ability: Snow Warning|[of] p2a: Ninetales
|turn|21
|
|t:|1760380224
|move|p2a: Ninetales|Aurora Veil|p2a: Ninetales
|-sidestart|p2: universe mon|move: Aurora Veil
|move|p1a: Polteageist|Shell Smash|p1a: Polteageist
|-unboost|p1a: Polteageist|def|1
|-unboost|p1a: Polteageist|spd|1
|-boost|p1a: Polteageist|atk|2
|-boost|p1a: Polteageist|spa|2
|-boost|p1a: Polteageist|spe|2
|
|-weather|Snowscape|[upkeep]
|upkeep
|turn|22
|
|t:|1760380228
|move|p1a: Polteageist|Shadow Ball|p2a: Ninetales
|-damage|p2a: Ninetales|0 fnt
|faint|p2a: Ninetales
|
|-weather|Snowscape|[upkeep]
|upkeep
|
|t:|1760380230
|switch|p2a: Klefki|Klefki, F|28/100 par
|turn|23
|
|t:|1760380232
|move|p2a: Klefki|Thunder Wave|p1a: Polteageist
|-status|p1a: Polteageist|par
|move|p1a: Polteageist|Shadow Ball|p2a: Klefki
|-damage|p2a: Klefki|0 fnt
|faint|p2a: Klefki
|
|-weather|Snowscape|[upkeep]
|upkeep
|
|t:|1760380237
|switch|p2a: Maushold|Maushold-Four|100/100
|turn|24
|
|t:|1760380241
|move|p2a: Maushold|Encore|p1a: Polteageist
|-start|p1a: Polteageist|Encore
|move|p1a: Polteageist|Shadow Ball|p2a: Maushold
|-immune|p2a: Maushold
|
|-weather|Snowscape|[upkeep]
|upkeep
|turn|25
|
|t:|1760380248
|switch|p1a: Maushold|Maushold|100/100
|move|p2a: Maushold|Population Bomb|p1a: Maushold
|-damage|p1a: Maushold|80/100
|-damage|p1a: Maushold|62/100
|-damage|p1a: Maushold|43/100
|-damage|p1a: Maushold|24/100
|-damage|p1a: Maushold|6/100
|-damage|p1a: Maushold|0 fnt
|faint|p1a: Maushold
|-hitcount|p1: Maushold|6
|
|-weather|none
|upkeep
|
|t:|1760380259
|switch|p1a: Polteageist|Polteageist|1/100 par
|turn|26
|
|t:|1760380263
|-terastallize|p1a: Polteageist|Fighting
|move|p2a: Maushold|Tidy Up|p2a: Maushold
|-boost|p2a: Maushold|atk|1
|-boost|p2a: Maushold|spe|1
|cant|p1a: Polteageist|par
|
|upkeep
|turn|27
|
|t:|1760380268
|move|p2a: Maushold|Bite|p1a: Polteageist
|-resisted|p1a: Polteageist
|-damage|p1a: Polteageist|0 fnt
|faint|p1a: Polteageist
|
|upkeep
|
|t:|1760380270
|switch|p1a: Hawlucha|Hawlucha, F|100/100
|turn|28
|
|t:|1760380275
|move|p2a: Maushold|Population Bomb|p1a: Hawlucha
|-damage|p1a: Hawlucha|78/100
|-damage|p1a: Hawlucha|57/100
|-damage|p1a: Hawlucha|36/100
|-damage|p1a: Hawlucha|14/100
|-hitcount|p1a: Hawlucha|4
|move|p1a: Hawlucha|Close Combat|p2a: Maushold
|-supereffective|p2a: Maushold
|-damage|p2a: Maushold|23/100
|-unboost|p1a: Hawlucha|def|1
|-unboost|p1a: Hawlucha|spd|1
|
|-sideend|p2: universe mon|move: Aurora Veil
|upkeep
|turn|29
|
|t:|1760380283
|move|p2a: Maushold|Bite|p1a: Hawlucha
|-resisted|p1a: Hawlucha
|-damage|p1a: Hawlucha|0 fnt
|faint|p1a: Hawlucha
|
|win|universe mon
|raw|Mr.X&amp;Y97's rating: 1707 &rarr; <strong>1688</strong><br />(-19 for losing)
|raw|universe mon's rating: 1728 &rarr; <strong>1747</strong><br />(+19 for winning)
|l|☆Mr.X&Y97
|player|p1|
|l|‽universe mon
|player|p2|
