|j|☆nicboi27
|j|☆Dizzydwarf99
|t:|1760362982
|gametype|singles
|player|p1|nicboi27|hilbert-wonderlauncher|1601
|player|p2|Dizzydwarf99|cheryl|1626
|gen|9
|tier|[Gen 9] OU
|rated|
|rule|HP Percentage Mod: HP is shown in percentages
|rule|Endless Battle Clause: Forcing endless battles is banned
|rule|Species Clause: Limit one of each Pokémon
|rule|OHKO Clause: OHKO moves are banned
|rule|Evasion Items Clause: Evasion items are banned
|rule|Evasion Moves Clause: Evasion moves are banned
|rule|Evasion Abilities Clause: Evasion abilities are banned
|rule|Sleep Moves Clause: Sleep-inducing moves are banned
|clearpoke
|poke|p1|Ting-Lu|
|poke|p1|Hatterene, F|
|poke|p1|Great Tusk|
|poke|p1|Ceruledge, F|
|poke|p1|Dragonite, F|
|poke|p1|Kyurem|
|poke|p2|Moltres|
|poke|p2|Slowking-Galar, F|
|poke|p2|Cyclizar, M|
|poke|p2|Sandy Shocks|
|poke|p2|Darkrai|
|poke|p2|Lokix, M|
|teampreview
|inactive|Battle timer is ON: inactive players will automatically lose when time's up. (requested by Dizzydwarf99)
|
|t:|1760362990
|teamsize|p1|6
|teamsize|p2|6
|start
|switch|p1a: Kyurem|Kyurem|100/100
|switch|p2a: Darkrai|Darkrai|100/100
|-ability|p1a: Kyurem|Pressure
|turn|1
|
|t:|1760362998
|switch|p2a: Slowking|Slowking-Galar, F|100/100
|switch|p1a: Ting-Lu|Ting-Lu|100/100
|-ability|p1a: Ting-Lu|Vessel of Ruin
|
|upkeep
|turn|2
|
|t:|1760363001
|move|p1a: Ting-Lu|Stealth Rock|p2a: Slowking
|-sidestart|p2: Dizzydwarf99|move: Stealth Rock
|-prepare|p2a: Slowking|Chilly Reception|[premajor]
|move|p2a: Slowking|Chilly Reception|p2a: Slowking
|-weather|Snowscape
|
|t:|1760363003
|switch|p2a: Darkrai|Darkrai|100/100|[from] Chilly Reception
|-damage|p2a: Darkrai|88/100|[from] Stealth Rock
|
|-weather|Snowscape|[upkeep]
|upkeep
|turn|3
|inactive|nicboi27 has 120 seconds left.
|
|t:|1760363043
|move|p2a: Darkrai|Trick|p1a: Ting-Lu
|-activate|p2a: Darkrai|move: Trick|[of] p1a: Ting-Lu
|-item|p1a: Ting-Lu|Choice Scarf|[from] move: Trick
|-item|p2a: Darkrai|Rocky Helmet|[from] move: Trick
|move|p1a: Ting-Lu|Earthquake|p2a: Darkrai
|-damage|p2a: Darkrai|40/100
|
|-weather|Snowscape|[upkeep]
|upkeep
|turn|4
|
|t:|1760363049
|switch|p2a: Cyclizar|Cyclizar, M|100/100
|-damage|p2a: Cyclizar|88/100|[from] Stealth Rock
|move|p1a: Ting-Lu|Earthquake|p2a: Cyclizar
|-damage|p2a: Cyclizar|32/100
|
|-weather|Snowscape|[upkeep]
|upkeep
|turn|5
|
|t:|1760363058
|switch|p2a: Darkrai|Darkrai|40/100
|-damage|p2a: Darkrai|27/100|[from] Stealth Rock
|move|p1a: Ting-Lu|Earthquake|p2a: Darkrai
|-damage|p2a: Darkrai|0 fnt
|faint|p2a: Darkrai
|
|-weather|Snowscape|[upkeep]
|upkeep
|
|t:|1760363060
|switch|p2a: Cyclizar|Cyclizar, M|65/100
|-damage|p2a: Cyclizar|53/100|[from] Stealth Rock
|turn|6
|
|t:|1760363063
|move|p2a: Cyclizar|Rapid Spin|p1a: Ting-Lu
|-damage|p1a: Ting-Lu|92/100
|-boost|p2a: Cyclizar|spe|1
|-sideend|p2: Dizzydwarf99|Stealth Rock|[from] move: Rapid Spin|[of] p2a: Cyclizar
|move|p1a: Ting-Lu|Earthquake|p2a: Cyclizar
|-damage|p2a: Cyclizar|0 fnt
|faint|p2a: Cyclizar
|
|-weather|none
|upkeep
|
|t:|1760363066
|switch|p2a: Lokix|Lokix, M|100/100
|turn|7
|
|t:|1760363071
|switch|p1a: Great Tusk|Great Tusk|100/100
|move|p2a: Lokix|U-turn|p1a: Great Tusk
|-resisted|p1a: Great Tusk
|-damage|p1a: Great Tusk|76/100
|
|t:|1760363073
|switch|p2a: Sandy Shocks|Sandy Shocks|100/100|[from] U-turn
|
|-heal|p1a: Great Tusk|82/100|[from] item: Leftovers
|upkeep
|turn|8
|-message|Dizzydwarf99 forfeited.
|
|win|nicboi27
|raw|nicboi27's rating: 1582 &rarr; <strong>1605</strong><br />(+23 for winning)
|raw|Dizzydwarf99's rating: 1626 &rarr; <strong>1603</strong><br />(-23 for losing)
|l|☆Dizzydwarf99
|player|p2|
|l|☆nicboi27
|player|p1|
