|j|☆Nilesh vengurlekar
|j|☆iamnewgouk
|t:|1760462381
|gametype|singles
|player|p1|Nilesh vengurlekar|chuck|1159
|player|p2|iamnewgouk|170|1210
|gen|9
|tier|[Gen 9] OU
|rated|
|rule|HP Percentage Mod: HP is shown in percentages
|rule|Endless Battle Clause: Forcing endless battles is banned
|rule|Species Clause: Limit one of each Pokémon
|rule|OHKO Clause: OHKO moves are banned
|rule|Evasion Items Clause: Evasion items are banned
|rule|Evasion Moves Clause: Evasion moves are banned
|rule|Evasion Abilities Clause: Evasion abilities are banned
|rule|Sleep Moves Clause: Sleep-inducing moves are banned
|clearpoke
|poke|p1|Forretress, M|
|poke|p1|Overqwil, F|
|poke|p1|Swampert, M|
|poke|p1|Bellibolt, F|
|poke|p1|Spiritomb, M|
|poke|p1|Snorlax, M|
|poke|p2|Indeedee, M|
|poke|p2|Hatterene, F|
|poke|p2|Ursaluna, F|
|poke|p2|Iron Hands|
|poke|p2|Hoopa-Unbound|
|poke|p2|Mimikyu, F|
|teampreview
|inactive|Battle timer is ON: inactive players will automatically lose when time's up. (requested by iamnewgouk)
|
|t:|1760462390
|teamsize|p1|6
|teamsize|p2|6
|start
|switch|p1a: Swampert|Swampert, M|100/100
|switch|p2a: Mimi|Mimikyu, F, shiny|100/100
|turn|1
|
|t:|1760462397
|move|p1a: Swampert|Poison Jab|p2a: Mimi
|-activate|p2a: Mimi|ability: Disguise
|-damage|p2a: Mimi|100/100
|-status|p2a: Mimi|psn
|detailschange|p2a: Mimi|Mimikyu-Busted, F, shiny
|-damage|p2a: Mimi|88/100 psn|[from] pokemon: Mimikyu-Busted
|-enditem|p2a: Mimi|Red Card|[of] p1a: Swampert
|drag|p1a: Overqwil|Overqwil, F|100/100
|-ability|p1a: Overqwil|Intimidate|boost
|-unboost|p2a: Mimi|atk|1
|move|p2a: Mimi|Trick Room|p2a: Mimi
|-fieldstart|move: Trick Room|[of] p2a: Mimi
|
|-damage|p2a: Mimi|76/100 psn|[from] psn
|upkeep
|turn|2
|
|t:|1760462409
|move|p2a: Mimi|Destiny Bond|p2a: Mimi
|-singlemove|p2a: Mimi|Destiny Bond
|move|p1a: Overqwil|Barb Barrage|p2a: Mimi
|-damage|p2a: Mimi|22/100 psn
|
|-damage|p2a: Mimi|10/100 psn|[from] psn
|upkeep
|turn|3
|
|t:|1760462425
|switch|p1a: Snorlax|Snorlax, M|100/100
|move|p2a: Mimi|Curse|p1a: Snorlax
|-start|p1a: Snorlax|Curse|[of] p2a: Mimi
|-damage|p2a: Mimi|0 fnt
|faint|p2a: Mimi
|
|-damage|p1a: Snorlax|75/100|[from] Curse
|upkeep
|
|t:|1760462429
|switch|p2a: 5 Nights in TR|Ursaluna, F, shiny|100/100
|turn|4
|
|t:|1760462437
|switch|p1a: Spiritomb|Spiritomb, M|100/100
|move|p2a: 5 Nights in TR|Headlong Rush|p1a: Spiritomb
|-damage|p1a: Spiritomb|20/100
|-unboost|p2a: 5 Nights in TR|def|1
|-unboost|p2a: 5 Nights in TR|spd|1
|
|-status|p2a: 5 Nights in TR|brn|[from] item: Flame Orb
|upkeep
|turn|5
|
|t:|1760462449
|move|p1a: Spiritomb|Dark Pulse|p2a: 5 Nights in TR
|-damage|p2a: 5 Nights in TR|53/100 brn
|move|p2a: 5 Nights in TR|Headlong Rush|p1a: Spiritomb
|-damage|p1a: Spiritomb|0 fnt
|-unboost|p2a: 5 Nights in TR|def|1
|-unboost|p2a: 5 Nights in TR|spd|1
|faint|p1a: Spiritomb
|
|-damage|p2a: 5 Nights in TR|47/100 brn|[from] brn
|-fieldend|move: Trick Room
|upkeep
|
|t:|1760462458
|switch|p1a: Swampert|Swampert, M|100/100
|turn|6
|
|t:|1760462463
|switch|p2a: Satella|Hatterene, F, shiny|100/100
|move|p1a: Swampert|Liquidation|p2a: Satella
|-damage|p2a: Satella|49/100
|-unboost|p2a: Satella|def|1
|
|upkeep
|turn|7
|
|t:|1760462468
|move|p1a: Swampert|Poison Jab|p2a: Satella
|-supereffective|p2a: Satella
|-damage|p2a: Satella|0 fnt
|faint|p2a: Satella
|
|upkeep
|
|t:|1760462470
|switch|p2a: Subaru|Indeedee, M, shiny|100/100
|-fieldstart|move: Psychic Terrain|[from] ability: Psychic Surge|[of] p2a: Subaru
|turn|8
|
|t:|1760462476
|move|p1a: Swampert|Poison Jab|p2a: Subaru
|-damage|p2a: Subaru|71/100
|-status|p2a: Subaru|psn
|move|p2a: Subaru|Trick Room|p2a: Subaru
|-fieldstart|move: Trick Room|[of] p2a: Subaru
|
|-damage|p2a: Subaru|58/100 psn|[from] psn
|upkeep
|turn|9
|
|t:|1760462486
|switch|p1a: Forretress|Forretress, M|100/100
|move|p2a: Subaru|Healing Wish|p2a: Subaru
|faint|p2a: Subaru
|
|upkeep
|
|t:|1760462488
|switch|p2a: 5 Nights in TR|Ursaluna, F, shiny|47/100 brn
|-heal|p2a: 5 Nights in TR|100/100|[from] move: Healing Wish
|turn|10
|
|t:|1760462493
|move|p1a: Forretress|Ice Spinner|p2a: 5 Nights in TR
|-supereffective|p2a: 5 Nights in TR
|-damage|p2a: 5 Nights in TR|66/100
|-fieldend|move: Psychic Terrain
|move|p2a: 5 Nights in TR|Headlong Rush|p1a: Forretress
|-damage|p1a: Forretress|50/100
|-unboost|p2a: 5 Nights in TR|def|1
|-unboost|p2a: 5 Nights in TR|spd|1
|
|-status|p2a: 5 Nights in TR|brn|[from] item: Flame Orb
|upkeep
|turn|11
|
|t:|1760462511
|move|p1a: Forretress|Ice Spinner|p2a: 5 Nights in TR
|-supereffective|p2a: 5 Nights in TR
|-damage|p2a: 5 Nights in TR|19/100 brn
|move|p2a: 5 Nights in TR|Headlong Rush|p1a: Forretress
|-damage|p1a: Forretress|0 fnt
|-unboost|p2a: 5 Nights in TR|def|1
|-unboost|p2a: 5 Nights in TR|spd|1
|faint|p1a: Forretress
|
|-damage|p2a: 5 Nights in TR|13/100 brn|[from] brn
|upkeep
|
|t:|1760462520
|switch|p1a: Swampert|Swampert, M|100/100
|turn|12
|
|t:|1760462523
|-terastallize|p2a: 5 Nights in TR|Normal
|move|p2a: 5 Nights in TR|Facade|p1a: Swampert
|-damage|p1a: Swampert|0 fnt
|faint|p1a: Swampert
|
|-damage|p2a: 5 Nights in TR|7/100 brn|[from] brn
|-fieldend|move: Trick Room
|upkeep
|
|t:|1760462534
|switch|p1a: Snorlax|Snorlax, M|75/100
|turn|13
|
|t:|1760462538
|move|p2a: 5 Nights in TR|Facade|p1a: Snorlax
|-crit|p1a: Snorlax
|-damage|p1a: Snorlax|0 fnt
|faint|p1a: Snorlax
|
|-damage|p2a: 5 Nights in TR|1/100 brn|[from] brn
|upkeep
|
|t:|1760462541
|switch|p1a: Overqwil|Overqwil, F|100/100
|-ability|p1a: Overqwil|Intimidate|boost
|-unboost|p2a: 5 Nights in TR|atk|1
|turn|14
|
|t:|1760462545
|move|p1a: Overqwil|Fell Stinger|p2a: 5 Nights in TR
|-damage|p2a: 5 Nights in TR|0 fnt
|faint|p2a: 5 Nights in TR
|-boost|p1a: Overqwil|atk|3
|
|upkeep
|
|t:|1760462549
|switch|p2a: LEBRON|Iron Hands|100/100
|-enditem|p2a: LEBRON|Booster Energy
|-activate|p2a: LEBRON|ability: Quark Drive|[fromitem]
|-start|p2a: LEBRON|quarkdriveatk
|turn|15
|
|t:|1760462562
|move|p1a: Overqwil|Barb Barrage|p2a: LEBRON
|-damage|p2a: LEBRON|49/100
|-status|p2a: LEBRON|psn
|move|p2a: LEBRON|Supercell Slam|p1a: Overqwil
|-damage|p1a: Overqwil|12/100
|
|-damage|p2a: LEBRON|37/100 psn|[from] psn
|upkeep
|turn|16
|
|t:|1760462570
|move|p1a: Overqwil|Barb Barrage|p2a: LEBRON
|-damage|p2a: LEBRON|0 fnt
|faint|p2a: LEBRON
|-end|p2a: LEBRON|Quark Drive|[silent]
|
|upkeep
|
|t:|1760462572
|switch|p2a: King Von|Hoopa-Unbound|100/100
|turn|17
|
|t:|1760462577
|move|p1a: Overqwil|Fell Stinger|p2a: King Von
|-supereffective|p2a: King Von
|-damage|p2a: King Von|0 fnt
|faint|p2a: King Von
|
|win|Nilesh vengurlekar
|raw|Nilesh vengurlekar's rating: 1159 &rarr; <strong>1188</strong><br />(+29 for winning)
|raw|iamnewgouk's rating: 1210 &rarr; <strong>1181</strong><br />(-29 for losing)
|l|☆iamnewgouk
|player|p2|
|l|☆Nilesh vengurlekar
|player|p1|
