|j|☆leo_koa
|j|☆exo444
|t:|1760433774
|gametype|singles
|player|p1|leo_koa|102|1102
|player|p2|exo444|bruno|1108
|gen|9
|tier|[Gen 9] OU
|rated|
|rule|HP Percentage Mod: HP is shown in percentages
|rule|Endless Battle Clause: Forcing endless battles is banned
|rule|Species Clause: Limit one of each Pokémon
|rule|OHKO Clause: OHKO moves are banned
|rule|Evasion Items Clause: Evasion items are banned
|rule|Evasion Moves Clause: Evasion moves are banned
|rule|Evasion Abilities Clause: Evasion abilities are banned
|rule|Sleep Moves Clause: Sleep-inducing moves are banned
|clearpoke
|poke|p1|Sylveon, F|
|poke|p1|Umbreon, M|
|poke|p1|Vaporeon, F|
|poke|p1|Espeon, M|
|poke|p1|Flareon, M|
|poke|p1|Leafeon, M|
|poke|p2|Hoopa-Unbound|
|poke|p2|Alomomola, F|
|poke|p2|Weezing-Galar, F|
|poke|p2|Gliscor, F|
|poke|p2|Kingambit, F|
|poke|p2|Dragapult, M|
|teampreview
|
|t:|1760433796
|teamsize|p1|6
|teamsize|p2|6
|start
|switch|p1a: Espeon|Espeon, M|100/100
|switch|p2a: Kingambit|Kingambit, F|100/100
|turn|1
|
|t:|1760433806
|move|p1a: Espeon|Dazzling Gleam|p2a: Kingambit
|-damage|p2a: Kingambit|72/100
|move|p2a: Kingambit|Kowtow Cleave|p1a: Espeon
|-supereffective|p1a: Espeon
|-enditem|p1a: Espeon|Focus Sash
|-damage|p1a: Espeon|1/100
|
|-heal|p2a: Kingambit|78/100|[from] item: Leftovers
|upkeep
|turn|2
|
|t:|1760433815
|move|p1a: Espeon|Dazzling Gleam|p2a: Kingambit
|-damage|p2a: Kingambit|49/100
|move|p2a: Kingambit|Kowtow Cleave|p1a: Espeon
|-supereffective|p1a: Espeon
|-damage|p1a: Espeon|0 fnt
|faint|p1a: Espeon
|
|-heal|p2a: Kingambit|55/100|[from] item: Leftovers
|upkeep
|
|t:|1760433820
|switch|p1a: Flareon|Flareon, M, shiny|100/100
|-item|p1a: Flareon|Air Balloon
|turn|3
|
|t:|1760433826
|-end|p2a: Kingambit|fallenundefined|[silent]
|switch|p2a: Alomomola|Alomomola, F|100/100
|move|p1a: Flareon|Flame Charge|p2a: Alomomola
|-resisted|p2a: Alomomola
|-damage|p2a: Alomomola|92/100
|-boost|p1a: Flareon|spe|1
|-damage|p1a: Flareon|84/100|[from] item: Rocky Helmet|[of] p2a: Alomomola
|
|upkeep
|turn|4
|
|t:|1760433837
|switch|p1a: Leafeon|Leafeon, M, shiny|100/100
|move|p2a: Alomomola|Wish|p2a: Alomomola
|
|upkeep
|turn|5
|
|t:|1760433842
|switch|p2a: Kingambit|Kingambit, F|55/100
|move|p1a: Leafeon|Trailblaze|p2a: Kingambit
|-resisted|p2a: Kingambit
|-damage|p2a: Kingambit|46/100
|-boost|p1a: Leafeon|spe|1
|
|-heal|p2a: Kingambit|100/100|[from] move: Wish|[wisher] Alomomola
|upkeep
|turn|6
|
|t:|1760433855
|-end|p2a: Kingambit|fallenundefined|[silent]
|switch|p2a: Weezing|Weezing-Galar, F|100/100
|-ability|p2a: Weezing|Neutralizing Gas
|move|p1a: Leafeon|Leaf Blade|p2a: Weezing
|-resisted|p2a: Weezing
|-damage|p2a: Weezing|85/100
|
|upkeep
|turn|7
|
|t:|1760433863
|move|p1a: Leafeon|Knock Off|p2a: Weezing
|-resisted|p2a: Weezing
|-crit|p2a: Weezing
|-damage|p2a: Weezing|70/100
|-enditem|p2a: Weezing|Heavy-Duty Boots|[from] move: Knock Off|[of] p1a: Leafeon
|move|p2a: Weezing|Will-O-Wisp|p1a: Leafeon
|-status|p1a: Leafeon|brn
|
|-damage|p1a: Leafeon|95/100 brn|[from] brn
|upkeep
|turn|8
|
|t:|1760433878
|move|p1a: Leafeon|Quick Attack|p2a: Weezing
|-damage|p2a: Weezing|65/100
|move|p2a: Weezing|Strange Steam|p1a: Leafeon|[miss]
|-miss|p2a: Weezing|p1a: Leafeon
|
|-damage|p1a: Leafeon|89/100 brn|[from] brn
|upkeep
|turn|9
|
|t:|1760433891
|move|p1a: Leafeon|Leaf Blade|p2a: Weezing
|-resisted|p2a: Weezing
|-crit|p2a: Weezing
|-damage|p2a: Weezing|54/100
|move|p2a: Weezing|Strange Steam|p1a: Leafeon
|-damage|p1a: Leafeon|57/100 brn
|-start|p1a: Leafeon|confusion
|
|-damage|p1a: Leafeon|51/100 brn|[from] brn
|upkeep
|turn|10
|
|t:|1760433909
|-activate|p1a: Leafeon|confusion
|move|p1a: Leafeon|Knock Off|p2a: Weezing
|-resisted|p2a: Weezing
|-damage|p2a: Weezing|50/100
|move|p2a: Weezing|Strange Steam|p1a: Leafeon|[miss]
|-miss|p2a: Weezing|p1a: Leafeon
|
|-damage|p1a: Leafeon|45/100 brn|[from] brn
|upkeep
|turn|11
|
|t:|1760433921
|-activate|p1a: Leafeon|confusion
|move|p1a: Leafeon|Leaf Blade|p2a: Weezing
|-resisted|p2a: Weezing
|-damage|p2a: Weezing|42/100
|move|p2a: Weezing|Strange Steam|p1a: Leafeon
|-damage|p1a: Leafeon|15/100 brn
|
|-damage|p1a: Leafeon|9/100 brn|[from] brn
|upkeep
|turn|12
|inactive|Battle timer is ON: inactive players will automatically lose when time's up. (requested by leo_koa)
|
|t:|1760433937
|-end|p2a: Weezing|ability: Neutralizing Gas
|switch|p2a: Kingambit|Kingambit, F|100/100
|-end|p1a: Leafeon|confusion
|move|p1a: Leafeon|Leaf Blade|p2a: Kingambit
|-resisted|p2a: Kingambit
|-damage|p2a: Kingambit|92/100
|
|-heal|p2a: Kingambit|98/100|[from] item: Leftovers
|-damage|p1a: Leafeon|3/100 brn|[from] brn
|upkeep
|turn|13
|
|t:|1760433947
|move|p2a: Kingambit|Sucker Punch|p1a: Leafeon
|-damage|p1a: Leafeon|0 fnt
|faint|p1a: Leafeon
|
|-heal|p2a: Kingambit|100/100|[from] item: Leftovers
|upkeep
|
|t:|1760433953
|switch|p1a: Vaporeon|Vaporeon, F|100/100
|turn|14
|
|t:|1760433961
|move|p1a: Vaporeon|Scald|p2a: Kingambit
|-damage|p2a: Kingambit|73/100
|move|p2a: Kingambit|Swords Dance|p2a: Kingambit
|-boost|p2a: Kingambit|atk|2
|
|-heal|p2a: Kingambit|79/100|[from] item: Leftovers
|upkeep
|turn|15
|
|t:|1760433974
|move|p1a: Vaporeon|Scald|p2a: Kingambit
|-damage|p2a: Kingambit|48/100
|move|p2a: Kingambit|Kowtow Cleave|p1a: Vaporeon
|-damage|p1a: Vaporeon|30/100
|
|-heal|p2a: Kingambit|54/100|[from] item: Leftovers
|upkeep
|turn|16
|
|t:|1760433982
|move|p2a: Kingambit|Sucker Punch|p1a: Vaporeon
|-damage|p1a: Vaporeon|0 fnt
|faint|p1a: Vaporeon
|
|-heal|p2a: Kingambit|60/100|[from] item: Leftovers
|upkeep
|
|t:|1760433986
|switch|p1a: Sylveon|Sylveon, F, shiny|100/100
|turn|17
|
|t:|1760434012
|move|p1a: Sylveon|Hyper Voice|p2a: Kingambit
|-damage|p2a: Kingambit|21/100
|move|p2a: Kingambit|Iron Head|p1a: Sylveon
|-supereffective|p1a: Sylveon
|-damage|p1a: Sylveon|0 fnt
|faint|p1a: Sylveon
|
|-heal|p2a: Kingambit|27/100|[from] item: Leftovers
|upkeep
|
|t:|1760434016
|switch|p1a: Umbreon|Umbreon, M, shiny|100/100
|turn|18
|
|t:|1760434030
|-end|p2a: Kingambit|fallenundefined|[silent]
|switch|p2a: Alomomola|Alomomola, F|100/100
|move|p1a: Umbreon|Foul Play|p2a: Alomomola
|-damage|p2a: Alomomola|86/100
|-damage|p1a: Umbreon|84/100|[from] item: Rocky Helmet|[of] p2a: Alomomola
|
|-heal|p1a: Umbreon|90/100|[from] item: Leftovers
|upkeep
|turn|19
|
|t:|1760434039
|move|p1a: Umbreon|Toxic|p2a: Alomomola
|-status|p2a: Alomomola|tox
|move|p2a: Alomomola|Wish|p2a: Alomomola
|
|-heal|p1a: Umbreon|96/100|[from] item: Leftovers
|-damage|p2a: Alomomola|80/100 tox|[from] psn
|upkeep
|turn|20
|
|t:|1760434059
|switch|p2a: Weezing|Weezing-Galar, F|42/100
|-ability|p2a: Weezing|Neutralizing Gas
|move|p1a: Umbreon|Dark Pulse|p2a: Weezing
|-resisted|p2a: Weezing
|-damage|p2a: Weezing|31/100
|
|-heal|p2a: Weezing|100/100|[from] move: Wish|[wisher] Alomomola
|-heal|p1a: Umbreon|100/100|[from] item: Leftovers
|upkeep
|turn|21
|inactive|leo_koa has 120 seconds left.
|
|t:|1760434090
|move|p1a: Umbreon|Dark Pulse|p2a: Weezing
|-resisted|p2a: Weezing
|-damage|p2a: Weezing|90/100
|cant|p2a: Weezing|flinch
|
|upkeep
|turn|22
|inactive|leo_koa has 120 seconds left.
|
|t:|1760434107
|move|p1a: Umbreon|Foul Play|p2a: Weezing
|-resisted|p2a: Weezing
|-damage|p2a: Weezing|83/100
|move|p2a: Weezing|Will-O-Wisp|p1a: Umbreon
|-status|p1a: Umbreon|brn
|
|-damage|p1a: Umbreon|94/100 brn|[from] brn
|upkeep
|turn|23
|-message|leo_koa forfeited.
|
|win|exo444
|raw|leo_koa's rating: 1102 &rarr; <strong>1077</strong><br />(-25 for losing)
|raw|exo444's rating: 1108 &rarr; <strong>1133</strong><br />(+25 for winning)
|l|☆leo_koa
|player|p1|
|l|☆exo444
|player|p2|
