|j|☆omnomapuss
|j|☆mala☆huju
|t:|1760329183
|gametype|singles
|player|p1|omnomapuss|crasherwake|1490
|player|p2|mala☆huju|#malahuju|1588
|gen|9
|tier|[Gen 9] OU
|rated|
|rule|HP Percentage Mod: HP is shown in percentages
|rule|Endless Battle Clause: Forcing endless battles is banned
|rule|Species Clause: Limit one of each Pokémon
|rule|OHKO Clause: OHKO moves are banned
|rule|Evasion Items Clause: Evasion items are banned
|rule|Evasion Moves Clause: Evasion moves are banned
|rule|Evasion Abilities Clause: Evasion abilities are banned
|rule|Sleep Moves Clause: Sleep-inducing moves are banned
|clearpoke
|poke|p1|Primarina, M|
|poke|p1|Dragapult, F|
|poke|p1|Scizor, M|
|poke|p1|Great Tusk|
|poke|p1|Zapdos|
|poke|p1|Slowking-Galar, M|
|poke|p2|Zamazenta-*|
|poke|p2|Garganacl, F|
|poke|p2|Clefable, F|
|poke|p2|Zapdos|
|poke|p2|Ting-Lu|
|poke|p2|Dragonite, M|
|teampreview
|c|☆mala☆huju|hf
|c|☆omnomapuss|gl
|inactive|Battle timer is ON: inactive players will automatically lose when time's up. (requested by omnomapuss)
|
|t:|1760329296
|teamsize|p1|6
|teamsize|p2|6
|start
|switch|p1a: Scizor|Scizor, M|100/100
|switch|p2a: Garganacl|Garganacl, F|100/100
|turn|1
|
|t:|1760329302
|switch|p2a: Zapdos|Zapdos|100/100
|move|p1a: Scizor|Close Combat|p2a: Zapdos
|-resisted|p2a: Zapdos
|-damage|p2a: Zapdos|75/100
|-unboost|p1a: Scizor|def|1
|-unboost|p1a: Scizor|spd|1
|-status|p1a: Scizor|par|[from] ability: Static|[of] p2a: Zapdos
|
|upkeep
|turn|2
|
|t:|1760329309
|switch|p1a: Zapdos|Zapdos|100/100
|move|p2a: Zapdos|Hurricane|p1a: Zapdos|[miss]
|-miss|p2a: Zapdos|p1a: Zapdos
|
|upkeep
|turn|3
|
|t:|1760329313
|move|p1a: Zapdos|U-turn|p2a: Zapdos
|-resisted|p2a: Zapdos
|-damage|p2a: Zapdos|70/100
|
|t:|1760329315
|switch|p1a: Slowking|Slowking-Galar, M|100/100|[from] U-turn
|move|p2a: Zapdos|Volt Switch|p1a: Slowking
|-damage|p1a: Slowking|83/100
|
|t:|1760329322
|switch|p2a: Ting-Lu|Ting-Lu|100/100|[from] Volt Switch
|-ability|p2a: Ting-Lu|Vessel of Ruin
|
|upkeep
|turn|4
|inactive|omnomapuss has 120 seconds left.
|
|t:|1760329362
|move|p2a: Ting-Lu|Stealth Rock|p1a: Slowking
|-sidestart|p1: omnomapuss|move: Stealth Rock
|-prepare|p1a: Slowking|Chilly Reception|[premajor]
|move|p1a: Slowking|Chilly Reception|p1a: Slowking
|-weather|Snowscape
|
|t:|1760329369
|switch|p1a: Scizor|Scizor, M|100/100 par|[from] Chilly Reception
|-damage|p1a: Scizor|88/100 par|[from] Stealth Rock
|
|-weather|Snowscape|[upkeep]
|upkeep
|turn|5
|
|t:|1760329372
|switch|p2a: Zapdos|Zapdos|70/100
|move|p1a: Scizor|U-turn|p2a: Zapdos
|-resisted|p2a: Zapdos
|-damage|p2a: Zapdos|49/100
|
|t:|1760329377
|switch|p1a: Dragapult|Dragapult, F|100/100|[from] U-turn
|-damage|p1a: Dragapult|88/100|[from] Stealth Rock
|
|-weather|Snowscape|[upkeep]
|upkeep
|turn|6
|
|t:|1760329385
|switch|p2a: Garganacl|Garganacl, F|100/100
|move|p1a: Dragapult|U-turn|p2a: Garganacl
|-damage|p2a: Garganacl|74/100
|
|t:|1760329391
|switch|p1a: Scizor|Scizor, M|88/100 par|[from] U-turn
|-damage|p1a: Scizor|76/100 par|[from] Stealth Rock
|
|-weather|Snowscape|[upkeep]
|-heal|p2a: Garganacl|80/100|[from] item: Leftovers
|upkeep
|turn|7
|
|t:|1760329404
|switch|p2a: Zapdos|Zapdos|49/100
|cant|p1a: Scizor|par
|
|-weather|Snowscape|[upkeep]
|upkeep
|turn|8
|c|☆omnomapuss|i g2g gg
|-message|omnomapuss forfeited.
|
|win|mala☆huju
|raw|omnomapuss's rating: 1490 &rarr; <strong>1475</strong><br />(-15 for losing)
|raw|mala☆huju's rating: 1588 &rarr; <strong>1603</strong><br />(+15 for winning)
|l|☆omnomapuss
|player|p1|
|c|☆mala☆huju|gg
|l|☆mala☆huju
|player|p2|
