|j|☆Cinder D Ace
|j|☆Mega$crafty
|t:|1760305548
|gametype|singles
|player|p1|Cinder D Ace|parasollady|1579
|player|p2|Mega$crafty|169|1543
|gen|9
|tier|[Gen 9] OU
|rated|
|rule|HP Percentage Mod: HP is shown in percentages
|rule|Endless Battle Clause: Forcing endless battles is banned
|rule|Species Clause: Limit one of each Pokémon
|rule|OHKO Clause: OHKO moves are banned
|rule|Evasion Items Clause: Evasion items are banned
|rule|Evasion Moves Clause: Evasion moves are banned
|rule|Evasion Abilities Clause: Evasion abilities are banned
|rule|Sleep Moves Clause: Sleep-inducing moves are banned
|clearpoke
|poke|p1|Cinderace, M|
|poke|p1|Iron Valiant|
|poke|p1|Kingambit, F|
|poke|p1|Slowking-Galar, F|
|poke|p1|Alomomola, F|
|poke|p1|Landorus-Therian, M|
|poke|p2|Lapras, M|
|poke|p2|Slowking-Galar, F|
|poke|p2|Great Tusk|
|poke|p2|Ninetales-Alola, M|
|poke|p2|Dragonite, F|
|poke|p2|Cinderace, F|
|teampreview
|
|t:|1760305559
|teamsize|p1|6
|teamsize|p2|6
|start
|switch|p1a: Cinderace|Cinderace, M|100/100
|switch|p2a: Ninetales|Ninetales-Alola, M|100/100
|-weather|Snowscape|[from] ability: Snow Warning|[of] p2a: Ninetales
|turn|1
|inactive|Battle timer is ON: inactive players will automatically lose when time's up. (requested by Cinder D Ace)
|
|t:|1760305568
|switch|p2a: Slowking|Slowking-Galar, F|100/100
|move|p1a: Cinderace|Pyro Ball|p2a: Slowking
|-damage|p2a: Slowking|52/100
|
|-weather|Snowscape|[upkeep]
|upkeep
|turn|2
|
|t:|1760305574
|move|p1a: Cinderace|U-turn|p2a: Slowking
|-damage|p2a: Slowking|35/100
|
|t:|1760305580
|switch|p1a: Landorus|Landorus-Therian, M|100/100|[from] U-turn
|-ability|p1a: Landorus|Intimidate|boost
|-unboost|p2a: Slowking|atk|1
|move|p2a: Slowking|Future Sight|p1a: Landorus
|-start|p2a: Slowking|move: Future Sight
|
|-weather|Snowscape|[upkeep]
|upkeep
|turn|3
|
|t:|1760305592
|switch|p2a: Lapras|Lapras, M|100/100
|move|p1a: Landorus|U-turn|p2a: Lapras
|-damage|p2a: Lapras|89/100
|
|t:|1760305603
|switch|p1a: Kingambit|Kingambit, F|100/100|[from] U-turn
|
|-weather|Snowscape|[upkeep]
|upkeep
|turn|4
|
|t:|1760305610
|move|p2a: Lapras|Hydro Pump|p1a: Kingambit
|-damage|p1a: Kingambit|71/100
|move|p1a: Kingambit|Kowtow Cleave|p2a: Lapras
|-damage|p2a: Lapras|66/100
|
|-weather|Snowscape|[upkeep]
|-end|p1a: Kingambit|move: Future Sight
|-immune|p1a: Kingambit
|-heal|p1a: Kingambit|77/100|[from] item: Leftovers
|upkeep
|turn|5
|
|t:|1760305621
|-end|p1a: Kingambit|fallenundefined|[silent]
|switch|p1a: Alomomola|Alomomola, F|100/100
|move|p2a: Lapras|Hydro Pump|p1a: Alomomola
|-resisted|p1a: Alomomola
|-damage|p1a: Alomomola|80/100
|
|-weather|none
|upkeep
|turn|6
|
|t:|1760305632
|switch|p1a: Kingambit|Kingambit, F|77/100
|move|p2a: Lapras|Freeze-Dry|p1a: Kingambit
|-resisted|p1a: Kingambit
|-damage|p1a: Kingambit|68/100
|-status|p1a: Kingambit|frz
|
|-heal|p1a: Kingambit|74/100 frz|[from] item: Leftovers
|upkeep
|turn|7
|
|t:|1760305640
|switch|p2a: Dragonite|Dragonite, F|100/100
|-curestatus|p1a: Kingambit|frz|[msg]
|move|p1a: Kingambit|Kowtow Cleave|p2a: Dragonite
|-damage|p2a: Dragonite|74/100
|
|-heal|p1a: Kingambit|80/100|[from] item: Leftovers
|upkeep
|turn|8
|
|t:|1760305644
|-end|p1a: Kingambit|fallenundefined|[silent]
|switch|p1a: Alomomola|Alomomola, F|100/100
|move|p2a: Dragonite|Dragon Dance|p2a: Dragonite
|-boost|p2a: Dragonite|atk|1
|-boost|p2a: Dragonite|spe|1
|
|upkeep
|turn|9
|inactive|Mega$crafty has 120 seconds left.
|
|t:|1760305678
|switch|p2a: Slowking|Slowking-Galar, F|69/100
|move|p1a: Alomomola|Scald|p2a: Slowking
|-crit|p2a: Slowking
|-damage|p2a: Slowking|53/100
|
|upkeep
|turn|10
|
|t:|1760305685
|move|p1a: Alomomola|Flip Turn|p2a: Slowking
|-damage|p2a: Slowking|40/100
|
|t:|1760305687
|switch|p1a: Kingambit|Kingambit, F|80/100|[from] Flip Turn
|-prepare|p2a: Slowking|Chilly Reception|[premajor]
|move|p2a: Slowking|Chilly Reception|p2a: Slowking
|-weather|Snowscape
|
|t:|1760305692
|switch|p2a: Cinderace|Cinderace, F|100/100|[from] Chilly Reception
|
|-weather|Snowscape|[upkeep]
|-heal|p1a: Kingambit|87/100|[from] item: Leftovers
|upkeep
|turn|11
|
|t:|1760305697
|-end|p1a: Kingambit|fallenundefined|[silent]
|switch|p1a: Alomomola|Alomomola, F|100/100
|move|p2a: Cinderace|Will-O-Wisp|p1a: Alomomola
|-status|p1a: Alomomola|brn
|
|-weather|Snowscape|[upkeep]
|-damage|p1a: Alomomola|94/100 brn|[from] brn
|upkeep
|turn|12
|
|t:|1760305703
|move|p2a: Cinderace|U-turn|p1a: Alomomola
|-damage|p1a: Alomomola|84/100 brn
|
|t:|1760305711
|switch|p2a: Ninetales|Ninetales-Alola, M|100/100|[from] U-turn
|move|p1a: Alomomola|Flip Turn|p2a: Ninetales
|-damage|p2a: Ninetales|94/100
|
|t:|1760305717
|switch|p1a: Kingambit|Kingambit, F|87/100|[from] Flip Turn
|
|-weather|Snowscape|[upkeep]
|-heal|p1a: Kingambit|93/100|[from] item: Leftovers
|upkeep
|turn|13
|
|t:|1760305724
|switch|p2a: Cinderace|Cinderace, F|100/100
|move|p1a: Kingambit|Iron Head|p2a: Cinderace
|-resisted|p2a: Cinderace
|-crit|p2a: Cinderace
|-damage|p2a: Cinderace|58/100
|
|-weather|Snowscape|[upkeep]
|-heal|p1a: Kingambit|99/100|[from] item: Leftovers
|upkeep
|turn|14
|
|t:|1760305729
|-end|p1a: Kingambit|fallenundefined|[silent]
|switch|p1a: Alomomola|Alomomola, F|100/100 brn
|move|p2a: Cinderace|Pyro Ball|p1a: Alomomola
|-resisted|p1a: Alomomola
|-damage|p1a: Alomomola|88/100 brn
|
|-weather|none
|-damage|p1a: Alomomola|82/100 brn|[from] brn
|upkeep
|turn|15
|
|t:|1760305739
|move|p2a: Cinderace|U-turn|p1a: Alomomola
|-damage|p1a: Alomomola|71/100 brn
|
|t:|1760305744
|switch|p2a: Slowking|Slowking-Galar, F|73/100|[from] U-turn
|move|p1a: Alomomola|Flip Turn|p2a: Slowking
|-damage|p2a: Slowking|66/100
|
|t:|1760305747
|switch|p1a: Kingambit|Kingambit, F|99/100|[from] Flip Turn
|
|-heal|p1a: Kingambit|100/100|[from] item: Leftovers
|upkeep
|turn|16
|
|t:|1760305752
|switch|p2a: Great Tusk|Great Tusk|100/100
|-enditem|p2a: Great Tusk|Booster Energy
|-activate|p2a: Great Tusk|ability: Protosynthesis|[fromitem]
|-start|p2a: Great Tusk|protosynthesisspe
|move|p1a: Kingambit|Kowtow Cleave|p2a: Great Tusk
|-resisted|p2a: Great Tusk
|-damage|p2a: Great Tusk|85/100
|
|upkeep
|turn|17
|
|t:|1760305757
|-end|p2a: Great Tusk|Protosynthesis|[silent]
|switch|p2a: Lapras|Lapras, M|66/100
|-end|p1a: Kingambit|fallenundefined|[silent]
|switch|p1a: Alomomola|Alomomola, F|100/100 brn
|
|-damage|p1a: Alomomola|94/100 brn|[from] brn
|upkeep
|turn|18
|
|t:|1760305765
|switch|p1a: Kingambit|Kingambit, F|100/100
|move|p2a: Lapras|Freeze-Dry|p1a: Kingambit
|-resisted|p1a: Kingambit
|-damage|p1a: Kingambit|90/100
|
|-heal|p1a: Kingambit|96/100|[from] item: Leftovers
|upkeep
|turn|19
|
|t:|1760305768
|move|p2a: Lapras|Hydro Pump|p1a: Kingambit
|-damage|p1a: Kingambit|64/100
|move|p1a: Kingambit|Kowtow Cleave|p2a: Lapras
|-damage|p2a: Lapras|31/100
|
|-heal|p1a: Kingambit|70/100|[from] item: Leftovers
|upkeep
|turn|20
|
|t:|1760305772
|move|p2a: Lapras|Hydro Pump|p1a: Kingambit|[miss]
|-miss|p2a: Lapras|p1a: Kingambit
|move|p1a: Kingambit|Kowtow Cleave|p2a: Lapras
|-damage|p2a: Lapras|0 fnt
|faint|p2a: Lapras
|
|-heal|p1a: Kingambit|76/100|[from] item: Leftovers
|upkeep
|c|☆Cinder D Ace|Not water absorb?
|
|t:|1760305798
|switch|p2a: Great Tusk|Great Tusk|85/100
|turn|21
|
|t:|1760305803
|-end|p1a: Kingambit|fallenundefined|[silent]
|switch|p1a: Alomomola|Alomomola, F|100/100 brn
|move|p2a: Great Tusk|Bulk Up|p2a: Great Tusk
|-boost|p2a: Great Tusk|atk|1
|-boost|p2a: Great Tusk|def|1
|
|-damage|p1a: Alomomola|94/100 brn|[from] brn
|upkeep
|turn|22
|
|t:|1760305810
|-end|p2a: Great Tusk|Protosynthesis|[silent]
|switch|p2a: Ninetales|Ninetales-Alola, M|94/100
|-weather|Snowscape|[from] ability: Snow Warning|[of] p2a: Ninetales
|move|p1a: Alomomola|Scald|p2a: Ninetales
|-damage|p2a: Ninetales|80/100
|-status|p2a: Ninetales|brn
|
|-weather|Snowscape|[upkeep]
|-damage|p2a: Ninetales|74/100 brn|[from] brn
|-damage|p1a: Alomomola|88/100 brn|[from] brn
|upkeep
|turn|23
|
|t:|1760305816
|switch|p1a: Cinderace|Cinderace, M|100/100
|move|p2a: Ninetales|Encore||[still]
|-fail|p2a: Ninetales
|
|-weather|Snowscape|[upkeep]
|-damage|p2a: Ninetales|68/100 brn|[from] brn
|upkeep
|turn|24
|
|t:|1760305823
|switch|p2a: Slowking|Slowking-Galar, F|99/100
|move|p1a: Cinderace|Pyro Ball|p2a: Slowking
|-damage|p2a: Slowking|51/100
|
|-weather|Snowscape|[upkeep]
|upkeep
|turn|25
|
|t:|1760305829
|move|p1a: Cinderace|Pyro Ball|p2a: Slowking
|-damage|p2a: Slowking|2/100
|-prepare|p2a: Slowking|Chilly Reception|[premajor]
|move|p2a: Slowking|Chilly Reception|p2a: Slowking
|
|t:|1760305832
|switch|p2a: Dragonite|Dragonite, F|74/100|[from] Chilly Reception
|
|-weather|Snowscape|[upkeep]
|upkeep
|turn|26
|
|t:|1760305835
|move|p1a: Cinderace|Will-O-Wisp|p2a: Dragonite
|-status|p2a: Dragonite|brn
|move|p2a: Dragonite|Earthquake|p1a: Cinderace
|-supereffective|p1a: Cinderace
|-damage|p1a: Cinderace|57/100
|
|-weather|none
|-damage|p2a: Dragonite|67/100 brn|[from] brn
|upkeep
|turn|27
|
|t:|1760305840
|move|p1a: Cinderace|U-turn|p2a: Dragonite
|-resisted|p2a: Dragonite
|-damage|p2a: Dragonite|56/100 brn
|
|t:|1760305842
|switch|p1a: Alomomola|Alomomola, F|100/100 brn|[from] U-turn
|move|p2a: Dragonite|Earthquake|p1a: Alomomola
|-crit|p1a: Alomomola
|-damage|p1a: Alomomola|84/100 brn
|
|-damage|p2a: Dragonite|50/100 brn|[from] brn
|-damage|p1a: Alomomola|78/100 brn|[from] brn
|upkeep
|turn|28
|
|t:|1760305845
|switch|p2a: Slowking|Slowking-Galar, F|35/100
|move|p1a: Alomomola|Wish|p1a: Alomomola
|
|-damage|p1a: Alomomola|72/100 brn|[from] brn
|upkeep
|turn|29
|
|t:|1760305851
|move|p1a: Alomomola|Flip Turn|p2a: Slowking
|-damage|p2a: Slowking|28/100
|
|t:|1760305853
|switch|p1a: Cinderace|Cinderace, M|57/100|[from] Flip Turn
|move|p2a: Slowking|Thunder Wave|p1a: Cinderace
|-status|p1a: Cinderace|par
|
|-heal|p1a: Cinderace|100/100 par|[from] move: Wish|[wisher] Alomomola
|upkeep
|turn|30
|
|t:|1760305861
|switch|p2a: Dragonite|Dragonite, F|50/100 brn
|move|p1a: Cinderace|U-turn|p2a: Dragonite
|-resisted|p2a: Dragonite
|-damage|p2a: Dragonite|40/100 brn
|
|t:|1760305864
|switch|p1a: Iron Valiant|Iron Valiant|100/100|[from] U-turn
|
|-damage|p2a: Dragonite|34/100 brn|[from] brn
|upkeep
|turn|31
|
|t:|1760305872
|move|p2a: Dragonite|Extreme Speed|p1a: Iron Valiant
|-damage|p1a: Iron Valiant|81/100
|move|p1a: Iron Valiant|Moonblast|p2a: Dragonite
|-supereffective|p2a: Dragonite
|-damage|p2a: Dragonite|0 fnt
|faint|p2a: Dragonite
|-damage|p1a: Iron Valiant|72/100|[from] item: Life Orb
|
|upkeep
|
|t:|1760305879
|switch|p2a: Slowking|Slowking-Galar, F|62/100
|turn|32
|inactive|Cinder D Ace has 120 seconds left.
|
|t:|1760305917
|move|p1a: Iron Valiant|Knock Off|p2a: Slowking
|-supereffective|p2a: Slowking
|-crit|p2a: Slowking
|-damage|p2a: Slowking|0 fnt
|-enditem|p2a: Slowking|Heavy-Duty Boots|[from] move: Knock Off|[of] p1a: Iron Valiant
|faint|p2a: Slowking
|-damage|p1a: Iron Valiant|62/100|[from] item: Life Orb
|
|upkeep
|
|t:|1760305924
|switch|p2a: Ninetales|Ninetales-Alola, M|68/100 brn
|-weather|Snowscape|[from] ability: Snow Warning|[of] p2a: Ninetales
|turn|33
|
|t:|1760305931
|-end|p1a: Iron Valiant|Quark Drive|[silent]
|switch|p1a: Kingambit|Kingambit, F|76/100
|switch|p2a: Great Tusk|Great Tusk|85/100
|
|-weather|Snowscape|[upkeep]
|-heal|p1a: Kingambit|83/100|[from] item: Leftovers
|upkeep
|turn|34
|
|t:|1760305934
|-end|p1a: Kingambit|fallenundefined|[silent]
|switch|p1a: Alomomola|Alomomola, F|100/100 brn
|move|p2a: Great Tusk|Headlong Rush|p1a: Alomomola
|-crit|p1a: Alomomola
|-damage|p1a: Alomomola|58/100 brn
|-unboost|p2a: Great Tusk|def|1
|-unboost|p2a: Great Tusk|spd|1
|
|-weather|Snowscape|[upkeep]
|-damage|p1a: Alomomola|51/100 brn|[from] brn
|upkeep
|turn|35
|
|t:|1760305947
|-end|p2a: Great Tusk|Protosynthesis|[silent]
|switch|p2a: Ninetales|Ninetales-Alola, M|68/100 brn
|move|p1a: Alomomola|Flip Turn|p2a: Ninetales
|-damage|p2a: Ninetales|62/100 brn
|
|t:|1760305951
|switch|p1a: Kingambit|Kingambit, F|83/100|[from] Flip Turn
|
|-weather|Snowscape|[upkeep]
|-heal|p1a: Kingambit|89/100|[from] item: Leftovers
|-damage|p2a: Ninetales|56/100 brn|[from] brn
|upkeep
|turn|36
|
|t:|1760305955
|move|p2a: Ninetales|Aurora Veil|p2a: Ninetales
|-sidestart|p2: Mega$crafty|move: Aurora Veil
|move|p1a: Kingambit|Iron Head|p2a: Ninetales
|-supereffective|p2a: Ninetales
|-damage|p2a: Ninetales|0 fnt
|faint|p2a: Ninetales
|
|-weather|Snowscape|[upkeep]
|-heal|p1a: Kingambit|95/100|[from] item: Leftovers
|upkeep
|
|t:|1760305959
|switch|p2a: Great Tusk|Great Tusk|85/100
|turn|37
|
|t:|1760305962
|-end|p1a: Kingambit|fallenundefined|[silent]
|switch|p1a: Alomomola|Alomomola, F|85/100 brn
|move|p2a: Great Tusk|Bulk Up|p2a: Great Tusk
|-boost|p2a: Great Tusk|atk|1
|-boost|p2a: Great Tusk|def|1
|
|-weather|none
|-damage|p1a: Alomomola|79/100 brn|[from] brn
|upkeep
|turn|38
|
|t:|1760305967
|move|p2a: Great Tusk|Bulk Up|p2a: Great Tusk
|-boost|p2a: Great Tusk|atk|1
|-boost|p2a: Great Tusk|def|1
|move|p1a: Alomomola|Scald|p2a: Great Tusk
|-supereffective|p2a: Great Tusk
|-damage|p2a: Great Tusk|67/100
|
|-damage|p1a: Alomomola|72/100 brn|[from] brn
|upkeep
|turn|39
|
|t:|1760305970
|move|p2a: Great Tusk|Headlong Rush|p1a: Alomomola
|-damage|p1a: Alomomola|22/100 brn
|-unboost|p2a: Great Tusk|def|1
|-unboost|p2a: Great Tusk|spd|1
|move|p1a: Alomomola|Scald|p2a: Great Tusk
|-supereffective|p2a: Great Tusk
|-damage|p2a: Great Tusk|41/100
|
|-damage|p1a: Alomomola|15/100 brn|[from] brn
|upkeep
|turn|40
|
|t:|1760305974
|switch|p1a: Landorus|Landorus-Therian, M|100/100
|-ability|p1a: Landorus|Intimidate|boost
|-unboost|p2a: Great Tusk|atk|1
|move|p2a: Great Tusk|Rapid Spin|p1a: Landorus
|-damage|p1a: Landorus|74/100
|-boost|p2a: Great Tusk|spe|1
|
|upkeep
|turn|41
|
|t:|1760305987
|-terastallize|p1a: Landorus|Flying
|move|p1a: Landorus|Tera Blast|p2a: Great Tusk|[anim] Tera Blast Flying
|-supereffective|p2a: Great Tusk
|-damage|p2a: Great Tusk|17/100
|move|p2a: Great Tusk|Ice Spinner|p1a: Landorus
|-supereffective|p1a: Landorus
|-damage|p1a: Landorus|0 fnt
|faint|p1a: Landorus
|
|upkeep
|
|t:|1760305996
|switch|p1a: Alomomola|Alomomola, F|49/100 brn
|turn|42
|
|t:|1760306000
|switch|p1a: Slowking|Slowking-Galar, F|100/100
|move|p2a: Great Tusk|Bulk Up|p2a: Great Tusk
|-boost|p2a: Great Tusk|atk|1
|-boost|p2a: Great Tusk|def|1
|
|upkeep
|turn|43
|
|t:|1760306006
|move|p2a: Great Tusk|Headlong Rush|p1a: Slowking
|-supereffective|p1a: Slowking
|-damage|p1a: Slowking|0 fnt
|-unboost|p2a: Great Tusk|def|1
|-unboost|p2a: Great Tusk|spd|1
|faint|p1a: Slowking
|
|-sideend|p2: Mega$crafty|move: Aurora Veil
|upkeep
|
|t:|1760306012
|switch|p1a: Alomomola|Alomomola, F|82/100 brn
|turn|44
|inactive|Mega$crafty has 120 seconds left.
|
|t:|1760306049
|move|p2a: Great Tusk|Headlong Rush|p1a: Alomomola
|-damage|p1a: Alomomola|24/100 brn
|-unboost|p2a: Great Tusk|def|1
|-unboost|p2a: Great Tusk|spd|1
|move|p1a: Alomomola|Scald|p2a: Great Tusk
|-supereffective|p2a: Great Tusk
|-damage|p2a: Great Tusk|0 fnt
|faint|p2a: Great Tusk
|-end|p2a: Great Tusk|Protosynthesis|[silent]
|
|-damage|p1a: Alomomola|17/100 brn|[from] brn
|upkeep
|
|t:|1760306052
|switch|p2a: Cinderace|Cinderace, F|58/100
|turn|45
|
|t:|1760306060
|switch|p1a: Cinderace|Cinderace, M|100/100 par
|move|p2a: Cinderace|Pyro Ball|p1a: Cinderace
|-resisted|p1a: Cinderace
|-damage|p1a: Cinderace|70/100 par
|
|upkeep
|turn|46
|
|t:|1760306065
|move|p2a: Cinderace|Pyro Ball|p1a: Cinderace|[miss]
|-miss|p2a: Cinderace|p1a: Cinderace
|move|p1a: Cinderace|Pyro Ball|p2a: Cinderace
|-resisted|p2a: Cinderace
|-damage|p2a: Cinderace|29/100
|
|upkeep
|turn|47
|
|t:|1760306069
|move|p2a: Cinderace|Pyro Ball|p1a: Cinderace
|-resisted|p1a: Cinderace
|-damage|p1a: Cinderace|30/100 par
|move|p1a: Cinderace|Pyro Ball|p2a: Cinderace
|-resisted|p2a: Cinderace
|-damage|p2a: Cinderace|0 fnt
|faint|p2a: Cinderace
|
|win|Cinder D Ace
|raw|Cinder D Ace's rating: 1579 &rarr; <strong>1597</strong><br />(+18 for winning)
|raw|Mega$crafty's rating: 1543 &rarr; <strong>1525</strong><br />(-18 for losing)
|l|☆Mega$crafty
|player|p2|
|c|☆Cinder D Ace|Gg
|l|☆Cinder D Ace
|player|p1|
