|j|☆xxxjkl
|j|☆gfhfghjsgdfhj
|t:|1760366588
|gametype|singles
|player|p1|xxxjkl|benga|1438
|player|p2|gfhfghjsgdfhj|rosa-pokestar2|1466
|gen|9
|tier|[Gen 9] OU
|rated|
|rule|HP Percentage Mod: HP is shown in percentages
|rule|Endless Battle Clause: Forcing endless battles is banned
|rule|Species Clause: Limit one of each Pokémon
|rule|OHKO Clause: OHKO moves are banned
|rule|Evasion Items Clause: Evasion items are banned
|rule|Evasion Moves Clause: Evasion moves are banned
|rule|Evasion Abilities Clause: Evasion abilities are banned
|rule|Sleep Moves Clause: Sleep-inducing moves are banned
|clearpoke
|poke|p1|Torkoal, M|
|poke|p1|Hatterene, F|
|poke|p1|Raging Bolt|
|poke|p1|Walking Wake|
|poke|p1|Sawsbuck, M|
|poke|p1|Ceruledge, F|
|poke|p2|Slowking-Galar, M|
|poke|p2|Iron Valiant|
|poke|p2|Cinderace, F|
|poke|p2|Landorus-Therian, M|
|poke|p2|Kyurem|
|poke|p2|Kingambit, F|
|teampreview
|inactive|Battle timer is ON: inactive players will automatically lose when time's up. (requested by gfhfghjsgdfhj)
|
|t:|1760366611
|teamsize|p1|6
|teamsize|p2|6
|start
|switch|p1a: Torkoal|Torkoal, M|100/100
|switch|p2a: Kyurem|Kyurem, shiny|100/100
|-ability|p2a: Kyurem|Pressure
|-weather|SunnyDay|[from] ability: Drought|[of] p1a: Torkoal
|turn|1
|
|t:|1760366620
|move|p2a: Kyurem|Substitute|p2a: Kyurem
|-start|p2a: Kyurem|Substitute
|-damage|p2a: Kyurem|76/100
|move|p1a: Torkoal|Stealth Rock|p2a: Kyurem
|-sidestart|p2: gfhfghjsgdfhj|move: Stealth Rock
|
|-weather|SunnyDay|[upkeep]
|-heal|p2a: Kyurem|82/100|[from] item: Leftovers
|upkeep
|turn|2
|
|t:|1760366628
|move|p2a: Kyurem|Earth Power|p1a: Torkoal
|-supereffective|p1a: Torkoal
|-damage|p1a: Torkoal|26/100
|move|p1a: Torkoal|Overheat|p2a: Kyurem
|-end|p2a: Kyurem|Substitute
|-unboost|p1a: Torkoal|spa|2
|
|-weather|SunnyDay|[upkeep]
|-heal|p2a: Kyurem|88/100|[from] item: Leftovers
|upkeep
|turn|3
|
|t:|1760366639
|move|p2a: Kyurem|Freeze-Dry|p1a: Torkoal
|-resisted|p1a: Torkoal
|-damage|p1a: Torkoal|3/100
|move|p1a: Torkoal|Overheat|p2a: Kyurem
|-damage|p2a: Kyurem|48/100
|-unboost|p1a: Torkoal|spa|2
|
|-weather|SunnyDay|[upkeep]
|-heal|p2a: Kyurem|54/100|[from] item: Leftovers
|upkeep
|turn|4
|
|t:|1760366647
|switch|p1a: Hatterene|Hatterene, F|100/100
|move|p2a: Kyurem|Substitute|p2a: Kyurem
|-start|p2a: Kyurem|Substitute
|-damage|p2a: Kyurem|29/100
|
|-weather|SunnyDay|[upkeep]
|-heal|p2a: Kyurem|35/100|[from] item: Leftovers
|upkeep
|turn|5
|
|t:|1760366653
|move|p2a: Kyurem|Protect|p2a: Kyurem
|-singleturn|p2a: Kyurem|Protect
|move|p1a: Hatterene|Dazzling Gleam|p2a: Kyurem
|-activate|p2a: Kyurem|move: Protect
|
|-weather|SunnyDay|[upkeep]
|-heal|p2a: Kyurem|41/100|[from] item: Leftovers
|upkeep
|turn|6
|
|t:|1760366660
|move|p2a: Kyurem|Freeze-Dry|p1a: Hatterene
|-damage|p1a: Hatterene|67/100
|-enditem|p1a: Hatterene|Eject Button
|
|t:|1760366664
|switch|p1a: Ceruledge|Ceruledge, F|100/100
|
|-weather|SunnyDay|[upkeep]
|-heal|p2a: Kyurem|47/100|[from] item: Leftovers
|upkeep
|turn|7
|
|t:|1760366669
|move|p2a: Kyurem|Earth Power|p1a: Ceruledge
|-supereffective|p1a: Ceruledge
|-damage|p1a: Ceruledge|43/100
|move|p1a: Ceruledge|Bitter Blade|p2a: Kyurem
|-end|p2a: Kyurem|Substitute
|-heal|p1a: Ceruledge|57/100|[from] drain|[of] p2a: Kyurem
|
|-weather|SunnyDay|[upkeep]
|-heal|p2a: Kyurem|54/100|[from] item: Leftovers
|upkeep
|turn|8
|
|t:|1760366680
|move|p2a: Kyurem|Earth Power|p1a: Ceruledge
|-supereffective|p1a: Ceruledge
|-damage|p1a: Ceruledge|0 fnt
|faint|p1a: Ceruledge
|
|-weather|none
|-heal|p2a: Kyurem|60/100|[from] item: Leftovers
|upkeep
|
|t:|1760366682
|switch|p1a: Torkoal|Torkoal, M|3/100
|-weather|SunnyDay|[from] ability: Drought|[of] p1a: Torkoal
|turn|9
|
|t:|1760366685
|move|p2a: Kyurem|Earth Power|p1a: Torkoal
|-supereffective|p1a: Torkoal
|-damage|p1a: Torkoal|0 fnt
|faint|p1a: Torkoal
|
|-weather|SunnyDay|[upkeep]
|-heal|p2a: Kyurem|66/100|[from] item: Leftovers
|upkeep
|
|t:|1760366690
|switch|p1a: Walking Wake|Walking Wake|100/100
|-activate|p1a: Walking Wake|ability: Protosynthesis
|-start|p1a: Walking Wake|protosynthesisspe
|turn|10
|
|t:|1760366696
|move|p2a: Kyurem|Protect|p2a: Kyurem
|-singleturn|p2a: Kyurem|Protect
|move|p1a: Walking Wake|Weather Ball|p2a: Kyurem
|-activate|p2a: Kyurem|move: Protect
|
|-weather|SunnyDay|[upkeep]
|-heal|p2a: Kyurem|72/100|[from] item: Leftovers
|upkeep
|turn|11
|
|t:|1760366718
|switch|p2a: Slowking|Slowking-Galar, M, shiny|100/100
|move|p1a: Walking Wake|Weather Ball|p2a: Slowking
|-damage|p2a: Slowking|67/100
|
|-weather|SunnyDay|[upkeep]
|upkeep
|turn|12
|
|t:|1760366726
|move|p1a: Walking Wake|Hydro Steam|p2a: Slowking
|-damage|p2a: Slowking|27/100
|move|p2a: Slowking|Thunder Wave|p1a: Walking Wake
|-status|p1a: Walking Wake|par
|
|-weather|SunnyDay|[upkeep]
|upkeep
|turn|13
|inactive|gfhfghjsgdfhj has 120 seconds left.
|
|t:|1760366759
|cant|p1a: Walking Wake|par
|-prepare|p2a: Slowking|Chilly Reception|[premajor]
|move|p2a: Slowking|Chilly Reception|p2a: Slowking
|-weather|Snowscape
|-end|p1a: Walking Wake|Protosynthesis
|
|t:|1760366761
|switch|p2a: Kyurem|Kyurem, shiny|72/100|[from] Chilly Reception
|-damage|p2a: Kyurem|47/100|[from] Stealth Rock
|-ability|p2a: Kyurem|Pressure
|
|-weather|Snowscape|[upkeep]
|-heal|p2a: Kyurem|53/100|[from] item: Leftovers
|upkeep
|turn|14
|
|t:|1760366764
|move|p2a: Kyurem|Freeze-Dry|p1a: Walking Wake
|-supereffective|p1a: Walking Wake
|-damage|p1a: Walking Wake|0 fnt
|faint|p1a: Walking Wake
|-end|p1a: Walking Wake|Protosynthesis|[silent]
|
|-weather|Snowscape|[upkeep]
|-heal|p2a: Kyurem|60/100|[from] item: Leftovers
|upkeep
|
|t:|1760366769
|switch|p1a: Hatterene|Hatterene, F|67/100
|turn|15
|
|t:|1760366774
|move|p2a: Kyurem|Substitute|p2a: Kyurem
|-start|p2a: Kyurem|Substitute
|-damage|p2a: Kyurem|35/100
|move|p1a: Hatterene|Dazzling Gleam|p2a: Kyurem
|-supereffective|p2a: Kyurem
|-end|p2a: Kyurem|Substitute
|
|-weather|Snowscape|[upkeep]
|-heal|p2a: Kyurem|41/100|[from] item: Leftovers
|upkeep
|turn|16
|
|t:|1760366781
|move|p2a: Kyurem|Protect|p2a: Kyurem
|-singleturn|p2a: Kyurem|Protect
|move|p1a: Hatterene|Dazzling Gleam|p2a: Kyurem
|-activate|p2a: Kyurem|move: Protect
|
|-weather|Snowscape|[upkeep]
|-heal|p2a: Kyurem|47/100|[from] item: Leftovers
|upkeep
|turn|17
|
|t:|1760366787
|switch|p2a: Cinderace|Cinderace, F, shiny|100/100
|move|p1a: Hatterene|Dazzling Gleam|p2a: Cinderace
|-resisted|p2a: Cinderace
|-damage|p2a: Cinderace|80/100
|
|-weather|none
|upkeep
|turn|18
|
|t:|1760366795
|switch|p1a: Raging Bolt|Raging Bolt|100/100
|move|p2a: Cinderace|Will-O-Wisp|p1a: Raging Bolt
|-status|p1a: Raging Bolt|brn
|
|-damage|p1a: Raging Bolt|94/100 brn|[from] brn
|upkeep
|turn|19
|
|t:|1760366802
|move|p1a: Raging Bolt|Thunderclap||[still]
|-fail|p1a: Raging Bolt
|move|p2a: Cinderace|Court Change|p2a: Cinderace
|-swapsideconditions
|-activate|p2a: Cinderace|move: Court Change
|
|-damage|p1a: Raging Bolt|88/100 brn|[from] brn
|upkeep
|turn|20
|
|t:|1760366811
|switch|p2a: Slowking|Slowking-Galar, M, shiny|60/100
|move|p1a: Raging Bolt|Dragon Pulse|p2a: Slowking
|-damage|p2a: Slowking|24/100
|-damage|p1a: Raging Bolt|78/100 brn|[from] item: Life Orb
|
|-damage|p1a: Raging Bolt|72/100 brn|[from] brn
|upkeep
|turn|21
|
|t:|1760366818
|switch|p2a: Landorus|Landorus-Therian, M, shiny|100/100
|-ability|p2a: Landorus|Intimidate|boost
|-unboost|p1a: Raging Bolt|atk|1
|move|p1a: Raging Bolt|Dragon Pulse|p2a: Landorus
|-damage|p2a: Landorus|15/100
|-damage|p1a: Raging Bolt|62/100 brn|[from] item: Life Orb
|
|-damage|p1a: Raging Bolt|56/100 brn|[from] brn
|upkeep
|turn|22
|
|t:|1760366829
|-end|p1a: Raging Bolt|Protosynthesis|[silent]
|switch|p1a: Sawsbuck|Sawsbuck, M|100/100
|-damage|p1a: Sawsbuck|88/100|[from] Stealth Rock
|move|p2a: Landorus|Earthquake|p1a: Sawsbuck
|-resisted|p1a: Sawsbuck
|-damage|p1a: Sawsbuck|52/100
|
|upkeep
|turn|23
|
|t:|1760366850
|switch|p2a: Iron Valiant|Iron Valiant|100/100
|-enditem|p2a: Iron Valiant|Booster Energy
|-activate|p2a: Iron Valiant|ability: Quark Drive|[fromitem]
|-start|p2a: Iron Valiant|quarkdrivespe
|move|p1a: Sawsbuck|Horn Leech|p2a: Iron Valiant
|-damage|p2a: Iron Valiant|36/100
|-heal|p1a: Sawsbuck|83/100|[from] drain|[of] p2a: Iron Valiant
|-damage|p1a: Sawsbuck|73/100|[from] item: Life Orb
|
|upkeep
|turn|24
|
|t:|1760366862
|move|p2a: Iron Valiant|Moonblast|p1a: Sawsbuck
|-damage|p1a: Sawsbuck|5/100
|move|p1a: Sawsbuck|Horn Leech|p2a: Iron Valiant
|-damage|p2a: Iron Valiant|0 fnt
|-heal|p1a: Sawsbuck|23/100|[from] drain|[of] p2a: Iron Valiant
|faint|p2a: Iron Valiant
|-end|p2a: Iron Valiant|Quark Drive|[silent]
|-damage|p1a: Sawsbuck|13/100|[from] item: Life Orb
|
|upkeep
|
|t:|1760366867
|switch|p2a: Cinderace|Cinderace, F, shiny|80/100
|turn|25
|
|t:|1760366872
|move|p2a: Cinderace|U-turn|p1a: Sawsbuck
|-supereffective|p1a: Sawsbuck
|-damage|p1a: Sawsbuck|0 fnt
|faint|p1a: Sawsbuck
|
|t:|1760366874
|switch|p2a: Slowking|Slowking-Galar, M, shiny|57/100|[from] U-turn
|
|upkeep
|
|t:|1760366879
|switch|p1a: Raging Bolt|Raging Bolt|56/100 brn
|-damage|p1a: Raging Bolt|44/100 brn|[from] Stealth Rock
|turn|26
|
|t:|1760366885
|move|p1a: Raging Bolt|Dragon Pulse|p2a: Slowking
|-damage|p2a: Slowking|21/100
|-damage|p1a: Raging Bolt|34/100 brn|[from] item: Life Orb
|-prepare|p2a: Slowking|Chilly Reception|[premajor]
|move|p2a: Slowking|Chilly Reception|p2a: Slowking
|-weather|Snowscape
|
|t:|1760366890
|switch|p2a: Landorus|Landorus-Therian, M, shiny|15/100|[from] Chilly Reception
|-ability|p2a: Landorus|Intimidate|boost
|-unboost|p1a: Raging Bolt|atk|1
|
|-weather|Snowscape|[upkeep]
|-damage|p1a: Raging Bolt|28/100 brn|[from] brn
|upkeep
|turn|27
|
|t:|1760366896
|move|p2a: Landorus|Earthquake|p1a: Raging Bolt
|-supereffective|p1a: Raging Bolt
|-crit|p1a: Raging Bolt
|-damage|p1a: Raging Bolt|0 fnt
|faint|p1a: Raging Bolt
|-end|p1a: Raging Bolt|Protosynthesis|[silent]
|
|-weather|Snowscape|[upkeep]
|upkeep
|
|t:|1760366899
|switch|p1a: Hatterene|Hatterene, F|67/100
|-damage|p1a: Hatterene|54/100|[from] Stealth Rock
|turn|28
|
|t:|1760366905
|move|p2a: Landorus|Earthquake|p1a: Hatterene
|-damage|p1a: Hatterene|14/100
|move|p1a: Hatterene|Psychic Noise|p2a: Landorus
|-damage|p2a: Landorus|0 fnt
|faint|p2a: Landorus
|
|-weather|Snowscape|[upkeep]
|upkeep
|
|t:|1760366910
|switch|p2a: Cinderace|Cinderace, F, shiny|80/100
|turn|29
|
|t:|1760366913
|-terastallize|p2a: Cinderace|Bug
|move|p2a: Cinderace|U-turn|p1a: Hatterene
|-damage|p1a: Hatterene|0 fnt
|faint|p1a: Hatterene
|
|win|gfhfghjsgdfhj
|raw|xxxjkl's rating: 1438 &rarr; <strong>1420</strong><br />(-18 for losing)
|raw|gfhfghjsgdfhj's rating: 1466 &rarr; <strong>1484</strong><br />(+18 for winning)
|l|☆xxxjkl
|player|p1|
|l|☆gfhfghjsgdfhj
|player|p2|
