|j|☆she's not noob
|j|☆enormouschilli
|t:|1760452099
|gametype|singles
|player|p1|she's not noob|170|1330
|player|p2|enormouschilli|ghetsis-gen5bw|1388
|gen|9
|tier|[Gen 9] OU
|rated|
|rule|HP Percentage Mod: HP is shown in percentages
|rule|Endless Battle Clause: Forcing endless battles is banned
|rule|Species Clause: Limit one of each Pokémon
|rule|OHKO Clause: OHKO moves are banned
|rule|Evasion Items Clause: Evasion items are banned
|rule|Evasion Moves Clause: Evasion moves are banned
|rule|Evasion Abilities Clause: Evasion abilities are banned
|rule|Sleep Moves Clause: Sleep-inducing moves are banned
|clearpoke
|poke|p1|Dragapult, F|
|poke|p1|Cinderace, M|
|poke|p1|Kingambit, M|
|poke|p1|Glimmora, F|
|poke|p1|Tropius, M|
|poke|p1|Heatran, F|
|poke|p2|Iron Moth|
|poke|p2|Kingambit, M|
|poke|p2|Deoxys-Speed|
|poke|p2|Raging Bolt|
|poke|p2|Rillaboom, M|
|poke|p2|Mimikyu, M|
|teampreview
|inactive|Battle timer is ON: inactive players will automatically lose when time's up. (requested by she's not noob)
|
|t:|1760452122
|teamsize|p1|6
|teamsize|p2|6
|start
|switch|p1a: Glimmora|Glimmora, F|100/100
|switch|p2a: Deoxys|Deoxys-Speed|100/100
|-ability|p2a: Deoxys|Pressure
|turn|1
|
|t:|1760452127
|move|p2a: Deoxys|Psycho Boost|p1a: Glimmora
|-supereffective|p1a: Glimmora
|-enditem|p1a: Glimmora|Focus Sash
|-damage|p1a: Glimmora|1/100
|-unboost|p2a: Deoxys|spa|2
|-damage|p2a: Deoxys|91/100|[from] item: Life Orb
|move|p1a: Glimmora|Stealth Rock|p2a: Deoxys
|-sidestart|p2: enormouschilli|move: Stealth Rock
|
|upkeep
|turn|2
|inactive|enormouschilli has 120 seconds left.
|
|t:|1760452157
|move|p2a: Deoxys|Dark Pulse|p1a: Glimmora
|-damage|p1a: Glimmora|0 fnt
|faint|p1a: Glimmora
|-damage|p2a: Deoxys|81/100|[from] item: Life Orb
|
|upkeep
|
|t:|1760452163
|switch|p1a: Kingambit|Kingambit, M|100/100
|turn|3
|
|t:|1760452173
|-terastallize|p2a: Deoxys|Fighting
|move|p2a: Deoxys|Focus Blast|p1a: Kingambit
|-supereffective|p1a: Kingambit
|-damage|p1a: Kingambit|0 fnt
|faint|p1a: Kingambit
|-damage|p2a: Deoxys|71/100|[from] item: Life Orb
|
|upkeep
|
|t:|1760452180
|switch|p1a: Tropius|Tropius, M|100/100
|turn|4
|
|t:|1760452189
|-terastallize|p1a: Tropius|Steel
|move|p2a: Deoxys|Nasty Plot|p2a: Deoxys
|-boost|p2a: Deoxys|spa|2
|move|p1a: Tropius|Substitute|p1a: Tropius
|-start|p1a: Tropius|Substitute
|-damage|p1a: Tropius|76/100
|
|upkeep
|turn|5
|
|t:|1760452195
|move|p2a: Deoxys|Dark Pulse|p1a: Tropius
|-end|p1a: Tropius|Substitute
|-damage|p2a: Deoxys|61/100|[from] item: Life Orb
|move|p1a: Tropius|Air Slash|p2a: Deoxys
|-supereffective|p2a: Deoxys
|-damage|p2a: Deoxys|0 fnt
|faint|p2a: Deoxys
|
|upkeep
|
|t:|1760452205
|switch|p2a: Mimikyu|Mimikyu, M|100/100
|-damage|p2a: Mimikyu|88/100|[from] Stealth Rock
|turn|6
|
|t:|1760452209
|move|p2a: Mimikyu|Swords Dance|p2a: Mimikyu
|-boost|p2a: Mimikyu|atk|2
|move|p1a: Tropius|Giga Drain|p2a: Mimikyu
|-activate|p2a: Mimikyu|ability: Disguise
|-damage|p2a: Mimikyu|88/100
|detailschange|p2a: Mimikyu|Mimikyu-Busted, M
|-damage|p2a: Mimikyu|76/100|[from] pokemon: Mimikyu-Busted
|
|upkeep
|turn|7
|
|t:|1760452215
|move|p2a: Mimikyu|Shadow Claw|p1a: Tropius
|-damage|p1a: Tropius|22/100
|-enditem|p1a: Tropius|Sitrus Berry|[eat]
|-heal|p1a: Tropius|47/100|[from] item: Sitrus Berry
|-damage|p2a: Mimikyu|66/100|[from] item: Life Orb
|move|p1a: Tropius|Giga Drain|p2a: Mimikyu
|-damage|p2a: Mimikyu|38/100
|-heal|p1a: Tropius|55/100|[from] drain|[of] p2a: Mimikyu
|
|upkeep
|turn|8
|
|t:|1760452227
|move|p2a: Mimikyu|Shadow Claw|p1a: Tropius
|-damage|p1a: Tropius|0 fnt
|faint|p1a: Tropius
|-damage|p2a: Mimikyu|28/100|[from] item: Life Orb
|
|upkeep
|
|t:|1760452231
|switch|p1a: Dragapult|Dragapult, F|100/100
|turn|9
|
|t:|1760452238
|move|p2a: Mimikyu|Shadow Sneak|p1a: Dragapult
|-supereffective|p1a: Dragapult
|-damage|p1a: Dragapult|0 fnt
|faint|p1a: Dragapult
|-damage|p2a: Mimikyu|18/100|[from] item: Life Orb
|
|upkeep
|
|t:|1760452253
|switch|p1a: Cinderace|Cinderace, M|100/100
|turn|10
|
|t:|1760452261
|move|p2a: Mimikyu|Shadow Sneak|p1a: Cinderace
|-damage|p1a: Cinderace|37/100
|-damage|p2a: Mimikyu|8/100|[from] item: Life Orb
|move|p1a: Cinderace|Pyro Ball|p2a: Mimikyu
|-damage|p2a: Mimikyu|0 fnt
|faint|p2a: Mimikyu
|
|upkeep
|
|t:|1760452271
|switch|p2a: Rillaboom|Rillaboom, M|100/100
|-damage|p2a: Rillaboom|88/100|[from] Stealth Rock
|-fieldstart|move: Grassy Terrain|[from] ability: Grassy Surge|[of] p2a: Rillaboom
|turn|11
|
|t:|1760452294
|move|p1a: Cinderace|Pyro Ball|p2a: Rillaboom
|-supereffective|p2a: Rillaboom
|-damage|p2a: Rillaboom|0 fnt
|faint|p2a: Rillaboom
|
|-heal|p1a: Cinderace|43/100|[from] Grassy Terrain
|upkeep
|
|t:|1760452301
|switch|p2a: Raging Bolt|Raging Bolt|100/100
|-damage|p2a: Raging Bolt|88/100|[from] Stealth Rock
|-enditem|p2a: Raging Bolt|Booster Energy
|-activate|p2a: Raging Bolt|ability: Protosynthesis|[fromitem]
|-start|p2a: Raging Bolt|protosynthesisspa
|turn|12
|
|t:|1760452316
|move|p1a: Cinderace|Will-O-Wisp|p2a: Raging Bolt
|-status|p2a: Raging Bolt|brn
|move|p2a: Raging Bolt|Thunderbolt|p1a: Cinderace
|-damage|p1a: Cinderace|0 fnt
|faint|p1a: Cinderace
|
|-heal|p2a: Raging Bolt|94/100 brn|[from] Grassy Terrain
|-damage|p2a: Raging Bolt|88/100 brn|[from] brn
|upkeep
|
|t:|1760452318
|switch|p1a: Heatran|Heatran, F|100/100
|turn|13
|inactive|enormouschilli has 120 seconds left.
|
|t:|1760452359
|move|p1a: Heatran|Earth Power|p2a: Raging Bolt
|-supereffective|p2a: Raging Bolt
|-damage|p2a: Raging Bolt|29/100 brn
|move|p2a: Raging Bolt|Thunderbolt|p1a: Heatran
|-damage|p1a: Heatran|30/100
|
|-heal|p1a: Heatran|36/100|[from] Grassy Terrain
|-heal|p1a: Heatran|42/100|[from] item: Leftovers
|-heal|p2a: Raging Bolt|35/100 brn|[from] Grassy Terrain
|-damage|p2a: Raging Bolt|29/100 brn|[from] brn
|upkeep
|turn|14
|
|t:|1760452372
|move|p2a: Raging Bolt|Thunderclap||[still]
|-fail|p2a: Raging Bolt
|move|p1a: Heatran|Taunt|p2a: Raging Bolt
|-start|p2a: Raging Bolt|move: Taunt
|
|-heal|p1a: Heatran|48/100|[from] Grassy Terrain
|-heal|p1a: Heatran|54/100|[from] item: Leftovers
|-heal|p2a: Raging Bolt|35/100 brn|[from] Grassy Terrain
|-damage|p2a: Raging Bolt|29/100 brn|[from] brn
|upkeep
|turn|15
|inactive|enormouschilli has 120 seconds left.
|
|t:|1760452377
|move|p2a: Raging Bolt|Thunderclap|p1a: Heatran
|-damage|p1a: Heatran|0 fnt
|faint|p1a: Heatran
|
|win|enormouschilli
|raw|she&apos;s not noob's rating: 1330 &rarr; <strong>1313</strong><br />(-17 for losing)
|raw|enormouschilli's rating: 1388 &rarr; <strong>1405</strong><br />(+17 for winning)
|l|☆she's not noob
|player|p1|
|l|☆enormouschilli
|player|p2|
