|j|☆rwdv
|j|☆dilf huntr
|t:|1760389184
|gametype|singles
|player|p1|rwdv|lance|1586
|player|p2|dilf huntr|drasna|1576
|gen|9
|tier|[Gen 9] OU
|rated|
|rule|HP Percentage Mod: HP is shown in percentages
|rule|Endless Battle Clause: Forcing endless battles is banned
|rule|Species Clause: Limit one of each Pokémon
|rule|OHKO Clause: OHKO moves are banned
|rule|Evasion Items Clause: Evasion items are banned
|rule|Evasion Moves Clause: Evasion moves are banned
|rule|Evasion Abilities Clause: Evasion abilities are banned
|rule|Sleep Moves Clause: Sleep-inducing moves are banned
|clearpoke
|poke|p1|Darkrai|
|poke|p1|Garganacl, F|
|poke|p1|Tornadus-Therian, M|
|poke|p1|Great Tusk|
|poke|p1|Kyurem|
|poke|p1|Slowking-Galar, F|
|poke|p2|Zamazenta-*|
|poke|p2|Okidogi, M|
|poke|p2|Landorus-Therian, M|
|poke|p2|Dragonite, M|
|poke|p2|Cinderace, M|
|poke|p2|Gholdengo|
|teampreview
|inactive|Battle timer is ON: inactive players will automatically lose when time's up. (requested by dilf huntr)
|inactive|rwdv also wants the timer to be on.
|
|t:|1760389204
|teamsize|p1|6
|teamsize|p2|6
|start
|switch|p1a: Darkrai|Darkrai|100/100
|switch|p2a: Okidogi|Okidogi, M|100/100
|turn|1
|
|t:|1760389210
|switch|p1a: Great Tusk|Great Tusk|100/100
|move|p2a: Okidogi|Knock Off|p1a: Great Tusk
|-resisted|p1a: Great Tusk
|-damage|p1a: Great Tusk|88/100
|-enditem|p1a: Great Tusk|Heavy-Duty Boots|[from] move: Knock Off|[of] p2a: Okidogi
|
|upkeep
|turn|2
|
|t:|1760389220
|switch|p2a: Landorus|Landorus-Therian, M|100/100
|-ability|p2a: Landorus|Intimidate|boost
|-unboost|p1a: Great Tusk|atk|1
|move|p1a: Great Tusk|Ice Spinner|p2a: Landorus
|-supereffective|p2a: Landorus
|-damage|p2a: Landorus|30/100
|-damage|p1a: Great Tusk|71/100|[from] item: Rocky Helmet|[of] p2a: Landorus
|
|upkeep
|turn|3
|
|t:|1760389226
|move|p2a: Landorus|Earthquake|p1a: Great Tusk
|-damage|p1a: Great Tusk|37/100
|move|p1a: Great Tusk|Ice Spinner|p2a: Landorus
|-supereffective|p2a: Landorus
|-damage|p2a: Landorus|0 fnt
|-damage|p1a: Great Tusk|20/100|[from] item: Rocky Helmet|[of] p2a: Landorus
|faint|p2a: Landorus
|
|upkeep
|
|t:|1760389235
|switch|p2a: Cinderace|Cinderace, M, shiny|100/100
|turn|4
|
|t:|1760389261
|move|p2a: Cinderace|Pyro Ball|p1a: Great Tusk
|-damage|p1a: Great Tusk|0 fnt
|faint|p1a: Great Tusk
|-end|p1a: Great Tusk|Protosynthesis|[silent]
|
|upkeep
|
|t:|1760389269
|switch|p1a: Garganacl|Garganacl, F|100/100
|turn|5
|
|t:|1760389275
|switch|p1a: Tornadus|Tornadus-Therian, M|100/100
|move|p2a: Cinderace|U-turn|p1a: Tornadus
|-start|p2a: Cinderace|typechange|Bug|[from] ability: Libero
|-resisted|p1a: Tornadus
|-damage|p1a: Tornadus|86/100
|
|t:|1760389280
|switch|p2a: Gholdengo|Gholdengo|100/100|[from] U-turn
|-item|p2a: Gholdengo|Air Balloon
|
|upkeep
|turn|6
|
|t:|1760389291
|move|p1a: Tornadus|U-turn|p2a: Gholdengo
|-resisted|p2a: Gholdengo
|-damage|p2a: Gholdengo|98/100
|-enditem|p2a: Gholdengo|Air Balloon
|
|t:|1760389292
|switch|p1a: Darkrai|Darkrai|100/100|[from] U-turn
|move|p2a: Gholdengo|Thunder Wave|p1a: Darkrai
|-status|p1a: Darkrai|par
|
|upkeep
|turn|7
|
|t:|1760389307
|switch|p1a: Tornadus|Tornadus-Therian, M|100/100
|switch|p2a: Okidogi|Okidogi, M|100/100
|
|upkeep
|turn|8
|
|t:|1760389312
|switch|p2a: Gholdengo|Gholdengo|98/100
|move|p1a: Tornadus|U-turn|p2a: Gholdengo
|-resisted|p2a: Gholdengo
|-damage|p2a: Gholdengo|96/100
|
|t:|1760389334
|switch|p1a: Garganacl|Garganacl, F|100/100|[from] U-turn
|
|upkeep
|turn|9
|
|t:|1760389343
|switch|p1a: Slowking|Slowking-Galar, F|100/100
|move|p2a: Gholdengo|Make It Rain|p1a: Slowking
|-damage|p1a: Slowking|65/100
|-unboost|p2a: Gholdengo|spa|1
|
|upkeep
|turn|10
|
|t:|1760389361
|switch|p1a: Garganacl|Garganacl, F|100/100
|move|p2a: Gholdengo|Thunder Wave|p1a: Garganacl
|-immune|p1a: Garganacl|[from] ability: Purifying Salt
|
|upkeep
|turn|11
|
|t:|1760389375
|switch|p2a: Okidogi|Okidogi, M|100/100
|switch|p1a: Slowking|Slowking-Galar, F|99/100
|
|upkeep
|turn|12
|
|t:|1760389388
|move|p2a: Okidogi|Knock Off|p1a: Slowking
|-supereffective|p1a: Slowking
|-damage|p1a: Slowking|29/100
|-enditem|p1a: Slowking|Heavy-Duty Boots|[from] move: Knock Off|[of] p2a: Okidogi
|-prepare|p1a: Slowking|Chilly Reception|[premajor]
|move|p1a: Slowking|Chilly Reception|p1a: Slowking
|-weather|Snowscape
|
|t:|1760389397
|switch|p1a: Tornadus|Tornadus-Therian, M|100/100|[from] Chilly Reception
|
|-weather|Snowscape|[upkeep]
|upkeep
|turn|13
|
|t:|1760389402
|move|p1a: Tornadus|Knock Off|p2a: Okidogi
|-resisted|p2a: Okidogi
|-damage|p2a: Okidogi|92/100
|-enditem|p2a: Okidogi|Assault Vest|[from] move: Knock Off|[of] p1a: Tornadus
|move|p2a: Okidogi|Ice Punch|p1a: Tornadus
|-supereffective|p1a: Tornadus
|-damage|p1a: Tornadus|42/100
|-status|p1a: Tornadus|frz
|
|-weather|Snowscape|[upkeep]
|upkeep
|turn|14
|
|t:|1760389410
|-curestatus|p1a: Tornadus|frz|[msg]
|move|p1a: Tornadus|Hurricane|p2a: Okidogi
|-supereffective|p2a: Okidogi
|-damage|p2a: Okidogi|3/100
|move|p2a: Okidogi|Knock Off|p1a: Tornadus
|-damage|p1a: Tornadus|0 fnt
|-enditem|p1a: Tornadus|Heavy-Duty Boots|[from] move: Knock Off|[of] p2a: Okidogi
|faint|p1a: Tornadus
|
|-weather|Snowscape|[upkeep]
|upkeep
|
|t:|1760389416
|switch|p1a: Kyurem|Kyurem, shiny|100/100
|-ability|p1a: Kyurem|Pressure
|turn|15
|
|t:|1760389421
|move|p1a: Kyurem|Blizzard|p2a: Okidogi
|-damage|p2a: Okidogi|0 fnt
|faint|p2a: Okidogi
|
|-weather|Snowscape|[upkeep]
|upkeep
|
|t:|1760389426
|switch|p2a: Gholdengo|Gholdengo|96/100
|turn|16
|
|t:|1760389435
|switch|p1a: Darkrai|Darkrai|100/100 par
|move|p2a: Gholdengo|Make It Rain|p1a: Darkrai
|-damage|p1a: Darkrai|34/100 par
|-unboost|p2a: Gholdengo|spa|1
|
|-weather|none
|upkeep
|turn|17
|
|t:|1760389439
|switch|p1a: Garganacl|Garganacl, F|100/100
|move|p2a: Gholdengo|Make It Rain|p1a: Garganacl
|-supereffective|p1a: Garganacl
|-crit|p1a: Garganacl
|-damage|p1a: Garganacl|0 fnt
|-unboost|p2a: Gholdengo|spa|1
|faint|p1a: Garganacl
|
|upkeep
|-message|rwdv forfeited.
|
|win|dilf huntr
|raw|rwdv's rating: 1586 &rarr; <strong>1565</strong><br />(-21 for losing)
|raw|dilf huntr's rating: 1576 &rarr; <strong>1597</strong><br />(+21 for winning)
|l|☆rwdv
|player|p1|
|l|☆dilf huntr
|player|p2|
