|j|☆LucyLikePizza
|j|☆lolproplayer
|t:|1760450580
|gametype|singles
|player|p1|LucyLikePizza|karen|1596
|player|p2|lolproplayer|1|1701
|gen|9
|tier|[Gen 9] OU
|rated|
|rule|HP Percentage Mod: HP is shown in percentages
|rule|Endless Battle Clause: Forcing endless battles is banned
|rule|Species Clause: Limit one of each Pokémon
|rule|OHKO Clause: OHKO moves are banned
|rule|Evasion Items Clause: Evasion items are banned
|rule|Evasion Moves Clause: Evasion moves are banned
|rule|Evasion Abilities Clause: Evasion abilities are banned
|rule|Sleep Moves Clause: Sleep-inducing moves are banned
|clearpoke
|poke|p1|Iron Jugulis|
|poke|p1|Kingambit, M|
|poke|p1|Dragapult, M|
|poke|p1|Great Tusk|
|poke|p1|Iron Crown|
|poke|p1|Tornadus-Therian, M|
|poke|p2|Ursaluna, F|
|poke|p2|Cresselia, F|
|poke|p2|Iron Hands|
|poke|p2|Volcanion|
|poke|p2|Hatterene, F|
|poke|p2|Porygon2|
|teampreview
|j| 3idk
|inactive|Battle timer is ON: inactive players will automatically lose when time's up. (requested by LucyLikePizza)
|
|t:|1760450598
|teamsize|p1|6
|teamsize|p2|6
|start
|switch|p1a: Dragapult|Dragapult, M|100/100
|switch|p2a: Porygon2|Porygon2|100/100
|-ability|p2a: Porygon2|Download|boost
|-boost|p2a: Porygon2|atk|1
|turn|1
|
|t:|1760450606
|move|p1a: Dragapult|Dragon Darts|p2a: Porygon2
|-damage|p2a: Porygon2|75/100
|-anim|p1a: Dragapult|Dragon Darts|p2a: Porygon2
|-damage|p2a: Porygon2|49/100
|move|p2a: Porygon2|Trick Room|p2a: Porygon2
|-fieldstart|move: Trick Room|[of] p2a: Porygon2
|
|upkeep
|turn|2
|
|t:|1760450614
|switch|p2a: Hatterene|Hatterene, F|100/100
|switch|p1a: Iron Crown|Iron Crown|100/100
|
|upkeep
|turn|3
|
|t:|1760450621
|switch|p2a: Volcanion|Volcanion|100/100
|move|p1a: Iron Crown|Future Sight|p2a: Volcanion
|-start|p1a: Iron Crown|move: Future Sight
|
|upkeep
|turn|4
|
|t:|1760450628
|-terastallize|p2a: Volcanion|Water
|move|p2a: Volcanion|Steam Eruption|p1a: Iron Crown
|-damage|p1a: Iron Crown|34/100
|move|p1a: Iron Crown|Volt Switch|p2a: Volcanion
|-supereffective|p2a: Volcanion
|-damage|p2a: Volcanion|45/100
|
|t:|1760450639
|-end|p1a: Iron Crown|Quark Drive|[silent]
|switch|p1a: Dragapult|Dragapult, M|100/100|[from] Volt Switch
|
|upkeep
|turn|5
|
|t:|1760450654
|switch|p2a: Cresselia|Cresselia, F|100/100
|move|p1a: Dragapult|U-turn|p2a: Cresselia
|-supereffective|p2a: Cresselia
|-damage|p2a: Cresselia|63/100
|
|t:|1760450658
|switch|p1a: Iron Jugulis|Iron Jugulis|100/100|[from] U-turn
|-enditem|p1a: Iron Jugulis|Booster Energy
|-activate|p1a: Iron Jugulis|ability: Quark Drive|[fromitem]
|-start|p1a: Iron Jugulis|quarkdrivespa
|
|-end|p2a: Cresselia|move: Future Sight
|-resisted|p2a: Cresselia
|-damage|p2a: Cresselia|44/100
|-fieldend|move: Trick Room
|upkeep
|turn|6
|
|t:|1760450669
|move|p1a: Iron Jugulis|Dark Pulse|p2a: Cresselia
|-supereffective|p2a: Cresselia
|-damage|p2a: Cresselia|0 fnt
|faint|p2a: Cresselia
|
|upkeep
|-message|lolproplayer forfeited.
|
|win|LucyLikePizza
|raw|LucyLikePizza's rating: 1596 &rarr; <strong>1622</strong><br />(+26 for winning)
|raw|lolproplayer's rating: 1701 &rarr; <strong>1675</strong><br />(-26 for losing)
|l|☆lolproplayer
|player|p2|
|l| 3idk
|l|☆LucyLikePizza
|player|p1|
