|j|☆SmiCat
|j|‽Barron_Mitch
|t:|1760382005
|gametype|singles
|player|p1|SmiCat|102|
|player|p2|Barron_Mitch|guitarist|
|gen|9
|tier|[Gen 9] OU
|rule|HP Percentage Mod: HP is shown in percentages
|rule|Endless Battle Clause: Forcing endless battles is banned
|rule|Species Clause: Limit one of each Pokémon
|rule|OHKO Clause: OHKO moves are banned
|rule|Evasion Items Clause: Evasion items are banned
|rule|Evasion Moves Clause: Evasion moves are banned
|rule|Evasion Abilities Clause: Evasion abilities are banned
|rule|Sleep Moves Clause: Sleep-inducing moves are banned
|clearpoke
|poke|p1|Ting-Lu|
|poke|p1|Landorus-Therian, M|
|poke|p1|Garchomp, M|
|poke|p1|Zamazenta-*|
|poke|p1|Dugtrio, M|
|poke|p1|Excadrill, M|
|poke|p2|Kyurem|
|poke|p2|Latios, M|
|poke|p2|Walking Wake|
|poke|p2|Kommo-o, F|
|poke|p2|Hydrapple, M|
|poke|p2|Dragonite, M|
|teampreview
|
|t:|1760382126
|teamsize|p1|6
|teamsize|p2|6
|start
|switch|p1a: Threesome|Dugtrio, M|100/100
|switch|p2a: Hydrapple|Hydrapple, M, shiny|100/100
|turn|1
|
|t:|1760382134
|move|p1a: Threesome|Sandstorm|p1a: Threesome
|-weather|Sandstorm
|move|p2a: Hydrapple|Nasty Plot|p2a: Hydrapple
|-boost|p2a: Hydrapple|spa|2
|
|-weather|Sandstorm|[upkeep]
|-damage|p2a: Hydrapple|94/100|[from] Sandstorm
|-heal|p2a: Hydrapple|100/100|[from] item: Leftovers
|upkeep
|turn|2
|
|t:|1760382144
|move|p1a: Threesome|Earthquake|p2a: Hydrapple
|-resisted|p2a: Hydrapple
|-damage|p2a: Hydrapple|79/100
|move|p2a: Hydrapple|Energy Ball|p1a: Threesome
|-supereffective|p1a: Threesome
|-enditem|p1a: Threesome|Focus Sash
|-damage|p1a: Threesome|1/100
|
|-weather|Sandstorm|[upkeep]
|-damage|p2a: Hydrapple|73/100|[from] Sandstorm
|-heal|p2a: Hydrapple|79/100|[from] item: Leftovers
|upkeep
|turn|3
|
|t:|1760382156
|move|p1a: Threesome|Reversal|p2a: Hydrapple
|-crit|p2a: Hydrapple
|-damage|p2a: Hydrapple|13/100
|move|p2a: Hydrapple|Energy Ball|p1a: Threesome
|-supereffective|p1a: Threesome
|-damage|p1a: Threesome|0 fnt
|faint|p1a: Threesome
|
|-weather|Sandstorm|[upkeep]
|-damage|p2a: Hydrapple|7/100|[from] Sandstorm
|-heal|p2a: Hydrapple|13/100|[from] item: Leftovers
|upkeep
|
|t:|1760382181
|switch|p1a: Jon|Excadrill, M|100/100
|-item|p1a: Jon|Air Balloon
|turn|4
|
|t:|1760382197
|move|p1a: Jon|Iron Head|p2a: Hydrapple
|-damage|p2a: Hydrapple|0 fnt
|faint|p2a: Hydrapple
|
|-weather|Sandstorm|[upkeep]
|upkeep
|
|t:|1760382220
|switch|p2a: Walking Wake|Walking Wake|100/100
|-enditem|p2a: Walking Wake|Booster Energy
|-activate|p2a: Walking Wake|ability: Protosynthesis|[fromitem]
|-start|p2a: Walking Wake|protosynthesisspe
|turn|5
|
|t:|1760382245
|move|p2a: Walking Wake|Protect|p2a: Walking Wake
|-singleturn|p2a: Walking Wake|Protect
|move|p1a: Jon|Earthquake|p2a: Walking Wake
|-activate|p2a: Walking Wake|move: Protect
|
|-weather|none
|upkeep
|turn|6
|
|t:|1760382286
|switch|p1a: Odie|Zamazenta|100/100
|-ability|p1a: Odie|Dauntless Shield|boost
|-boost|p1a: Odie|def|1
|move|p2a: Walking Wake|Surf|p1a: Odie
|-damage|p1a: Odie|64/100
|
|-heal|p1a: Odie|70/100|[from] item: Leftovers
|upkeep
|turn|7
|
|t:|1760382325
|-terastallize|p1a: Odie|Ground
|move|p2a: Walking Wake|Surf|p1a: Odie
|-supereffective|p1a: Odie
|-damage|p1a: Odie|0 fnt
|faint|p1a: Odie
|
|upkeep
|
|t:|1760382331
|switch|p1a: Garfield|Landorus-Therian, M|100/100
|-ability|p1a: Garfield|Intimidate|boost
|-unboost|p2a: Walking Wake|atk|1
|turn|8
|
|t:|1760382340
|move|p2a: Walking Wake|Surf|p1a: Garfield
|-supereffective|p1a: Garfield
|-damage|p1a: Garfield|0 fnt
|faint|p1a: Garfield
|
|upkeep
|
|t:|1760382357
|switch|p1a: uWu|Ting-Lu|100/100
|-ability|p1a: uWu|Vessel of Ruin
|turn|9
|
|t:|1760382369
|move|p2a: Walking Wake|Surf|p1a: uWu
|-supereffective|p1a: uWu
|-damage|p1a: uWu|64/100
|-enditem|p1a: uWu|Red Card|[of] p2a: Walking Wake
|-end|p2a: Walking Wake|Protosynthesis|[silent]
|drag|p2a: Latios|Latios, M, shiny|100/100
|move|p1a: uWu|Ruination|p2a: Latios
|-damage|p2a: Latios|51/100
|
|upkeep
|turn|10
|
|t:|1760382386
|move|p2a: Latios|Aura Sphere|p1a: uWu
|-supereffective|p1a: uWu
|-damage|p1a: uWu|41/100
|move|p1a: uWu|Earthquake|p2a: Latios
|-immune|p2a: Latios|[from] ability: Levitate
|
|upkeep
|turn|11
|
|t:|1760382402
|move|p2a: Latios|Surf|p1a: uWu
|-supereffective|p1a: uWu
|-damage|p1a: uWu|14/100
|move|p1a: uWu|Ruination|p2a: Latios
|-damage|p2a: Latios|26/100
|
|upkeep
|turn|12
|
|t:|1760382415
|move|p2a: Latios|Surf|p1a: uWu
|-supereffective|p1a: uWu
|-damage|p1a: uWu|0 fnt
|faint|p1a: uWu
|
|upkeep
|
|t:|1760382422
|switch|p1a: The grey one|Garchomp, M|100/100
|turn|13
|
|t:|1760382433
|move|p2a: Latios|Dragon Pulse|p1a: The grey one
|-supereffective|p1a: The grey one
|-damage|p1a: The grey one|0 fnt
|faint|p1a: The grey one
|
|upkeep
|
|t:|1760382437
|switch|p1a: Jon|Excadrill, M|100/100
|-item|p1a: Jon|Air Balloon
|turn|14
|
|t:|1760382446
|move|p2a: Latios|Surf|p1a: Jon
|-supereffective|p1a: Jon
|-damage|p1a: Jon|12/100
|-enditem|p1a: Jon|Air Balloon
|move|p1a: Jon|Rock Slide|p2a: Latios
|-damage|p2a: Latios|0 fnt
|faint|p2a: Latios
|
|upkeep
|
|t:|1760382473
|switch|p2a: Kyurem|Kyurem|100/100
|-ability|p2a: Kyurem|Pressure
|turn|15
|
|t:|1760382483
|move|p1a: Jon|Iron Head|p2a: Kyurem
|-supereffective|p2a: Kyurem
|-damage|p2a: Kyurem|22/100
|move|p2a: Kyurem|Ice Beam|p1a: Jon
|-damage|p1a: Jon|0 fnt
|faint|p1a: Jon
|
|win|Barron_Mitch
