|j|☆HisokaG4
|j|☆Mlbebek
|t:|1760454813
|gametype|singles
|player|p1|HisokaG4|cyclist|1302
|player|p2|Mlbebek|wattson|1215
|gen|9
|tier|[Gen 9] OU
|rated|
|rule|HP Percentage Mod: HP is shown in percentages
|rule|Endless Battle Clause: Forcing endless battles is banned
|rule|Species Clause: Limit one of each Pokémon
|rule|OHKO Clause: OHKO moves are banned
|rule|Evasion Items Clause: Evasion items are banned
|rule|Evasion Moves Clause: Evasion moves are banned
|rule|Evasion Abilities Clause: Evasion abilities are banned
|rule|Sleep Moves Clause: Sleep-inducing moves are banned
|clearpoke
|poke|p1|Lapras, M|
|poke|p1|Ditto|
|poke|p1|Gardevoir, F|
|poke|p1|Hydreigon, M|
|poke|p1|Tauros-Paldea-Blaze, M|
|poke|p1|Forretress, M|
|poke|p2|Braviary-Hisui, M|
|poke|p2|Deoxys-Speed|
|poke|p2|Pelipper, M|
|poke|p2|Garganacl, M|
|poke|p2|Cloyster, F|
|poke|p2|Iron Treads|
|teampreview
|
|t:|1760454827
|teamsize|p1|6
|teamsize|p2|6
|start
|switch|p1a: DivaNegraG4|Gardevoir, F, shiny|100/100
|switch|p2a: Aviation|Braviary-Hisui, M, shiny|100/100
|-ability|p1a: DivaNegraG4|Sheer Force|Trace|[from] ability: Trace|[of] p2a: Aviation
|turn|1
|
|t:|1760454837
|move|p1a: DivaNegraG4|Thunderbolt|p2a: Aviation
|-supereffective|p2a: Aviation
|-damage|p2a: Aviation|0 fnt
|faint|p2a: Aviation
|
|upkeep
|
|t:|1760454847
|switch|p2a: Gulp Gulp|Pelipper, M|100/100
|-weather|RainDance|[from] ability: Drizzle|[of] p2a: Gulp Gulp
|turn|2
|
|t:|1760454853
|switch|p2a: Rolly Scolly|Iron Treads|100/100
|-enditem|p2a: Rolly Scolly|Booster Energy
|-activate|p2a: Rolly Scolly|ability: Quark Drive|[fromitem]
|-start|p2a: Rolly Scolly|quarkdrivespe
|move|p1a: DivaNegraG4|Thunderbolt|p2a: Rolly Scolly
|-immune|p2a: Rolly Scolly
|
|-weather|RainDance|[upkeep]
|upkeep
|turn|3
|
|t:|1760454871
|switch|p1a: Estagiario2.G4|Forretress, M|100/100
|move|p2a: Rolly Scolly|Steel Beam|p1a: Estagiario2.G4
|-resisted|p1a: Estagiario2.G4
|-damage|p1a: Estagiario2.G4|67/100
|-damage|p2a: Rolly Scolly|50/100|[from] steelbeam
|-enditem|p1a: Estagiario2.G4|Red Card|[of] p2a: Rolly Scolly
|-end|p2a: Rolly Scolly|Quark Drive|[silent]
|drag|p2a: Salty Gamer Rage|Garganacl, M|100/100
|
|-weather|RainDance|[upkeep]
|upkeep
|turn|4
|
|t:|1760454884
|move|p1a: Estagiario2.G4|Toxic Spikes|p2a: Salty Gamer Rage
|-sidestart|p2: Mlbebek|move: Toxic Spikes
|move|p2a: Salty Gamer Rage|Iron Defense|p2a: Salty Gamer Rage
|-boost|p2a: Salty Gamer Rage|def|2
|
|-weather|RainDance|[upkeep]
|upkeep
|turn|5
|
|t:|1760454893
|move|p1a: Estagiario2.G4|Stealth Rock|p2a: Salty Gamer Rage
|-sidestart|p2: Mlbebek|move: Stealth Rock
|move|p2a: Salty Gamer Rage|Iron Defense|p2a: Salty Gamer Rage
|-boost|p2a: Salty Gamer Rage|def|2
|
|-weather|RainDance|[upkeep]
|upkeep
|turn|6
|
|t:|1760454901
|move|p1a: Estagiario2.G4|Toxic Spikes|p2a: Salty Gamer Rage
|-sidestart|p2: Mlbebek|move: Toxic Spikes
|move|p2a: Salty Gamer Rage|Body Press|p1a: Estagiario2.G4
|-damage|p1a: Estagiario2.G4|28/100
|
|-weather|RainDance|[upkeep]
|upkeep
|turn|7
|
|t:|1760454913
|-terastallize|p1a: Estagiario2.G4|Ghost
|move|p1a: Estagiario2.G4|Spikes|p2a: Salty Gamer Rage
|-sidestart|p2: Mlbebek|Spikes
|move|p2a: Salty Gamer Rage|Body Press|p1a: Estagiario2.G4
|-immune|p1a: Estagiario2.G4
|
|-weather|RainDance|[upkeep]
|upkeep
|turn|8
|
|t:|1760454923
|move|p1a: Estagiario2.G4|Spikes|p2a: Salty Gamer Rage
|-sidestart|p2: Mlbebek|Spikes
|move|p2a: Salty Gamer Rage|Salt Cure|p1a: Estagiario2.G4
|-damage|p1a: Estagiario2.G4|20/100
|-start|p1a: Estagiario2.G4|Salt Cure
|
|-weather|RainDance|[upkeep]
|-damage|p1a: Estagiario2.G4|8/100|[from] Salt Cure
|upkeep
|turn|9
|
|t:|1760454932
|move|p1a: Estagiario2.G4|Spikes|p2a: Salty Gamer Rage
|-sidestart|p2: Mlbebek|Spikes
|move|p2a: Salty Gamer Rage|Salt Cure|p1a: Estagiario2.G4
|-damage|p1a: Estagiario2.G4|0 fnt
|faint|p1a: Estagiario2.G4
|
|-weather|none
|upkeep
|
|t:|1760454944
|switch|p1a: DivaNegraG4|Gardevoir, F, shiny|100/100
|-ability|p1a: DivaNegraG4|Purifying Salt|Trace|[from] ability: Trace|[of] p2a: Salty Gamer Rage
|turn|10
|
|t:|1760454960
|move|p1a: DivaNegraG4|Psychic|p2a: Salty Gamer Rage
|-damage|p2a: Salty Gamer Rage|55/100
|-damage|p1a: DivaNegraG4|91/100|[from] item: Life Orb
|move|p2a: Salty Gamer Rage|Salt Cure|p1a: DivaNegraG4
|-damage|p1a: DivaNegraG4|65/100
|-start|p1a: DivaNegraG4|Salt Cure
|
|-heal|p2a: Salty Gamer Rage|61/100|[from] item: Leftovers
|-damage|p1a: DivaNegraG4|52/100|[from] Salt Cure
|upkeep
|turn|11
|
|t:|1760454972
|move|p1a: DivaNegraG4|Psychic|p2a: Salty Gamer Rage
|-damage|p2a: Salty Gamer Rage|19/100
|-damage|p1a: DivaNegraG4|43/100|[from] item: Life Orb
|move|p2a: Salty Gamer Rage|Recover|p2a: Salty Gamer Rage
|-heal|p2a: Salty Gamer Rage|69/100
|
|-heal|p2a: Salty Gamer Rage|75/100|[from] item: Leftovers
|-damage|p1a: DivaNegraG4|30/100|[from] Salt Cure
|upkeep
|turn|12
|
|t:|1760454986
|switch|p1a: CerberosG4|Hydreigon, M, shiny|100/100
|move|p2a: Salty Gamer Rage|Recover|p2a: Salty Gamer Rage
|-heal|p2a: Salty Gamer Rage|100/100
|
|upkeep
|turn|13
|
|t:|1760454999
|move|p1a: CerberosG4|Substitute|p1a: CerberosG4
|-start|p1a: CerberosG4|Substitute
|-damage|p1a: CerberosG4|76/100
|move|p2a: Salty Gamer Rage|Body Press|p1a: CerberosG4
|-supereffective|p1a: CerberosG4
|-end|p1a: CerberosG4|Substitute
|
|-heal|p1a: CerberosG4|82/100|[from] item: Leftovers
|upkeep
|turn|14
|
|t:|1760455013
|move|p1a: CerberosG4|Substitute|p1a: CerberosG4
|-start|p1a: CerberosG4|Substitute
|-damage|p1a: CerberosG4|57/100
|move|p2a: Salty Gamer Rage|Body Press|p1a: CerberosG4
|-supereffective|p1a: CerberosG4
|-end|p1a: CerberosG4|Substitute
|
|-heal|p1a: CerberosG4|63/100|[from] item: Leftovers
|upkeep
|turn|15
|
|t:|1760455026
|move|p1a: CerberosG4|Dark Pulse|p2a: Salty Gamer Rage
|-damage|p2a: Salty Gamer Rage|73/100
|move|p2a: Salty Gamer Rage|Body Press|p1a: CerberosG4
|-supereffective|p1a: CerberosG4
|-damage|p1a: CerberosG4|0 fnt
|faint|p1a: CerberosG4
|
|-heal|p2a: Salty Gamer Rage|79/100|[from] item: Leftovers
|upkeep
|
|t:|1760455040
|switch|p1a: InvejaG4|Ditto|100/100
|-transform|p1a: InvejaG4|p2a: Salty Gamer Rage|[from] ability: Imposter
|turn|16
|
|t:|1760455049
|move|p1a: InvejaG4|Salt Cure|p2a: Salty Gamer Rage
|-damage|p2a: Salty Gamer Rage|76/100
|-start|p2a: Salty Gamer Rage|Salt Cure
|move|p2a: Salty Gamer Rage|Iron Defense|p2a: Salty Gamer Rage
|-boost|p2a: Salty Gamer Rage|def|2
|
|-heal|p2a: Salty Gamer Rage|82/100|[from] item: Leftovers
|-damage|p2a: Salty Gamer Rage|70/100|[from] Salt Cure
|upkeep
|turn|17
|
|t:|1760455067
|move|p1a: InvejaG4|Iron Defense|p1a: InvejaG4
|-boost|p1a: InvejaG4|def|2
|move|p2a: Salty Gamer Rage|Body Press|p1a: InvejaG4
|-supereffective|p1a: InvejaG4
|-damage|p1a: InvejaG4|59/100
|
|-heal|p2a: Salty Gamer Rage|76/100|[from] item: Leftovers
|-damage|p2a: Salty Gamer Rage|63/100|[from] Salt Cure
|upkeep
|turn|18
|
|t:|1760455079
|switch|p2a: Gulp Gulp|Pelipper, M|100/100
|-damage|p2a: Gulp Gulp|75/100|[from] Stealth Rock
|-weather|RainDance|[from] ability: Drizzle|[of] p2a: Gulp Gulp
|move|p1a: InvejaG4|Recover|p1a: InvejaG4
|-heal|p1a: InvejaG4|100/100
|
|-weather|RainDance|[upkeep]
|upkeep
|turn|19
|
|t:|1760455093
|move|p2a: Gulp Gulp|U-turn|p1a: InvejaG4
|-damage|p1a: InvejaG4|98/100
|
|t:|1760455096
|switch|p2a: Rolly Scolly|Iron Treads|50/100|[from] U-turn
|-damage|p2a: Rolly Scolly|47/100|[from] Stealth Rock
|-damage|p2a: Rolly Scolly|22/100|[from] Spikes
|move|p1a: InvejaG4|Salt Cure|p2a: Rolly Scolly
|-resisted|p2a: Rolly Scolly
|-damage|p2a: Rolly Scolly|19/100
|-start|p2a: Rolly Scolly|Salt Cure
|
|-weather|RainDance|[upkeep]
|-damage|p2a: Rolly Scolly|0 fnt|[from] Salt Cure
|faint|p2a: Rolly Scolly
|-end|p2a: Rolly Scolly|Quark Drive|[silent]
|upkeep
|
|t:|1760455100
|switch|p2a: Gulp Gulp|Pelipper, M|75/100
|-damage|p2a: Gulp Gulp|50/100|[from] Stealth Rock
|turn|20
|
|t:|1760455114
|move|p2a: Gulp Gulp|Weather Ball|p1a: InvejaG4
|-supereffective|p1a: InvejaG4
|-crit|p1a: InvejaG4
|-damage|p1a: InvejaG4|0 fnt
|faint|p1a: InvejaG4
|
|-weather|RainDance|[upkeep]
|upkeep
|
|t:|1760455122
|switch|p1a: ReiGeladoG4|Lapras, M|100/100
|turn|21
|
|t:|1760455126
|move|p2a: Gulp Gulp|U-turn|p1a: ReiGeladoG4
|-damage|p1a: ReiGeladoG4|94/100
|
|t:|1760455130
|switch|p2a: Speed and Power|Deoxys-Speed|100/100|[from] U-turn
|-status|p2a: Speed and Power|tox
|-damage|p2a: Speed and Power|88/100 tox|[from] Stealth Rock
|-damage|p2a: Speed and Power|63/100 tox|[from] Spikes
|-ability|p2a: Speed and Power|Pressure
|move|p1a: ReiGeladoG4|Freeze-Dry|p2a: Speed and Power
|-damage|p2a: Speed and Power|38/100 tox
|
|-weather|RainDance|[upkeep]
|-damage|p2a: Speed and Power|32/100 tox|[from] psn
|upkeep
|turn|22
|
|t:|1760455146
|move|p2a: Speed and Power|Psycho Boost|p1a: ReiGeladoG4
|-damage|p1a: ReiGeladoG4|72/100
|-unboost|p2a: Speed and Power|spa|2
|move|p1a: ReiGeladoG4|Ice Beam|p2a: Speed and Power
|-damage|p2a: Speed and Power|0 fnt
|faint|p2a: Speed and Power
|
|-weather|RainDance|[upkeep]
|upkeep
|
|t:|1760455150
|switch|p2a: Salty Gamer Rage|Garganacl, M|63/100
|-damage|p2a: Salty Gamer Rage|51/100|[from] Stealth Rock
|-damage|p2a: Salty Gamer Rage|26/100|[from] Spikes
|turn|23
|
|t:|1760455162
|-terastallize|p2a: Salty Gamer Rage|Steel
|move|p1a: ReiGeladoG4|Surf|p2a: Salty Gamer Rage
|-damage|p2a: Salty Gamer Rage|1/100
|move|p2a: Salty Gamer Rage|Recover|p2a: Salty Gamer Rage
|-heal|p2a: Salty Gamer Rage|51/100
|
|-weather|RainDance|[upkeep]
|-heal|p2a: Salty Gamer Rage|57/100|[from] item: Leftovers
|upkeep
|turn|24
|
|t:|1760455176
|switch|p1a: Estagiario1.G4|Tauros-Paldea-Blaze, M|100/100
|-ability|p1a: Estagiario1.G4|Intimidate|boost
|-unboost|p2a: Salty Gamer Rage|atk|1
|move|p2a: Salty Gamer Rage|Iron Defense|p2a: Salty Gamer Rage
|-boost|p2a: Salty Gamer Rage|def|2
|
|-weather|RainDance|[upkeep]
|-heal|p2a: Salty Gamer Rage|64/100|[from] item: Leftovers
|upkeep
|turn|25
|
|t:|1760455188
|move|p1a: Estagiario1.G4|Close Combat|p2a: Salty Gamer Rage
|-supereffective|p2a: Salty Gamer Rage
|-damage|p2a: Salty Gamer Rage|22/100
|-unboost|p1a: Estagiario1.G4|def|1
|-unboost|p1a: Estagiario1.G4|spd|1
|move|p2a: Salty Gamer Rage|Recover|p2a: Salty Gamer Rage
|-heal|p2a: Salty Gamer Rage|72/100
|
|-weather|none
|-heal|p2a: Salty Gamer Rage|78/100|[from] item: Leftovers
|upkeep
|turn|26
|
|t:|1760455200
|move|p1a: Estagiario1.G4|Close Combat|p2a: Salty Gamer Rage
|-supereffective|p2a: Salty Gamer Rage
|-damage|p2a: Salty Gamer Rage|33/100
|-unboost|p1a: Estagiario1.G4|def|1
|-unboost|p1a: Estagiario1.G4|spd|1
|move|p2a: Salty Gamer Rage|Iron Defense|p2a: Salty Gamer Rage
|-boost|p2a: Salty Gamer Rage|def|2
|
|-heal|p2a: Salty Gamer Rage|39/100|[from] item: Leftovers
|upkeep
|turn|27
|
|t:|1760455211
|move|p1a: Estagiario1.G4|Close Combat|p2a: Salty Gamer Rage
|-supereffective|p2a: Salty Gamer Rage
|-damage|p2a: Salty Gamer Rage|13/100
|-unboost|p1a: Estagiario1.G4|def|1
|-unboost|p1a: Estagiario1.G4|spd|1
|move|p2a: Salty Gamer Rage|Recover|p2a: Salty Gamer Rage
|-heal|p2a: Salty Gamer Rage|63/100
|
|-heal|p2a: Salty Gamer Rage|69/100|[from] item: Leftovers
|upkeep
|turn|28
|
|t:|1760455226
|switch|p1a: DivaNegraG4|Gardevoir, F, shiny|30/100
|-ability|p1a: DivaNegraG4|Purifying Salt|Trace|[from] ability: Trace|[of] p2a: Salty Gamer Rage
|move|p2a: Salty Gamer Rage|Recover|p2a: Salty Gamer Rage
|-heal|p2a: Salty Gamer Rage|100/100
|
|upkeep
|turn|29
|
|t:|1760455235
|move|p1a: DivaNegraG4|Mystical Fire|p2a: Salty Gamer Rage
|-supereffective|p2a: Salty Gamer Rage
|-damage|p2a: Salty Gamer Rage|50/100
|-unboost|p2a: Salty Gamer Rage|spa|1
|-damage|p1a: DivaNegraG4|21/100|[from] item: Life Orb
|move|p2a: Salty Gamer Rage|Salt Cure|p1a: DivaNegraG4
|-damage|p1a: DivaNegraG4|6/100
|-start|p1a: DivaNegraG4|Salt Cure
|
|-heal|p2a: Salty Gamer Rage|56/100|[from] item: Leftovers
|-damage|p1a: DivaNegraG4|0 fnt|[from] Salt Cure
|faint|p1a: DivaNegraG4
|upkeep
|
|t:|1760455250
|switch|p1a: Estagiario1.G4|Tauros-Paldea-Blaze, M|100/100
|-ability|p1a: Estagiario1.G4|Intimidate|boost
|-unboost|p2a: Salty Gamer Rage|atk|1
|turn|30
|
|t:|1760455257
|move|p1a: Estagiario1.G4|Flare Blitz|p2a: Salty Gamer Rage
|-supereffective|p2a: Salty Gamer Rage
|-damage|p2a: Salty Gamer Rage|28/100
|-damage|p1a: Estagiario1.G4|87/100|[from] Recoil
|move|p2a: Salty Gamer Rage|Recover|p2a: Salty Gamer Rage
|-heal|p2a: Salty Gamer Rage|78/100
|
|-heal|p2a: Salty Gamer Rage|84/100|[from] item: Leftovers
|upkeep
|turn|31
|
|t:|1760455267
|move|p1a: Estagiario1.G4|Flare Blitz|p2a: Salty Gamer Rage
|-supereffective|p2a: Salty Gamer Rage
|-damage|p2a: Salty Gamer Rage|55/100
|-damage|p1a: Estagiario1.G4|74/100|[from] Recoil
|move|p2a: Salty Gamer Rage|Recover|p2a: Salty Gamer Rage
|-heal|p2a: Salty Gamer Rage|100/100
|
|upkeep
|turn|32
|
|t:|1760455276
|move|p1a: Estagiario1.G4|Flare Blitz|p2a: Salty Gamer Rage
|-supereffective|p2a: Salty Gamer Rage
|-damage|p2a: Salty Gamer Rage|74/100
|-damage|p1a: Estagiario1.G4|62/100|[from] Recoil
|move|p2a: Salty Gamer Rage|Body Press|p1a: Estagiario1.G4
|-damage|p1a: Estagiario1.G4|0 fnt
|faint|p1a: Estagiario1.G4
|
|-heal|p2a: Salty Gamer Rage|80/100|[from] item: Leftovers
|upkeep
|
|t:|1760455288
|switch|p1a: ReiGeladoG4|Lapras, M|72/100
|turn|33
|
|t:|1760455294
|move|p1a: ReiGeladoG4|Surf|p2a: Salty Gamer Rage
|-damage|p2a: Salty Gamer Rage|64/100
|move|p2a: Salty Gamer Rage|Body Press|p1a: ReiGeladoG4
|-supereffective|p1a: ReiGeladoG4
|-damage|p1a: ReiGeladoG4|0 fnt
|faint|p1a: ReiGeladoG4
|
|win|Mlbebek
|raw|HisokaG4's rating: 1302 &rarr; <strong>1277</strong><br />(-25 for losing)
|raw|Mlbebek's rating: 1215 &rarr; <strong>1246</strong><br />(+31 for winning)
|l|☆Mlbebek
|player|p2|
|l|☆HisokaG4
|player|p1|
