|j|☆suaiaj
|j|☆3r34t45
|t:|1760358394
|gametype|singles
|player|p1|suaiaj|steven|1491
|player|p2|3r34t45|170|1425
|gen|9
|tier|[Gen 9] OU
|rated|
|rule|HP Percentage Mod: HP is shown in percentages
|rule|Endless Battle Clause: Forcing endless battles is banned
|rule|Species Clause: Limit one of each Pokémon
|rule|OHKO Clause: OHKO moves are banned
|rule|Evasion Items Clause: Evasion items are banned
|rule|Evasion Moves Clause: Evasion moves are banned
|rule|Evasion Abilities Clause: Evasion abilities are banned
|rule|Sleep Moves Clause: Sleep-inducing moves are banned
|clearpoke
|poke|p1|Raging Bolt|
|poke|p1|Dragonite, F|
|poke|p1|Kingambit, F|
|poke|p1|Cinderace, F|
|poke|p1|Landorus-Therian, M|
|poke|p1|Scizor, M|
|poke|p2|Greninja-*, F|
|poke|p2|Great Tusk|
|poke|p2|Mew|
|poke|p2|Rotom-Frost|
|poke|p2|Hydrapple, F|
|poke|p2|Slowking-Galar, M|
|teampreview
|inactive|Battle timer is ON: inactive players will automatically lose when time's up. (requested by 3r34t45)
|
|t:|1760358405
|teamsize|p1|6
|teamsize|p2|6
|start
|switch|p1a: Landorus|Landorus-Therian, M|100/100
|switch|p2a: Greninja|Greninja, F|100/100
|-ability|p1a: Landorus|Intimidate|boost
|-unboost|p2a: Greninja|atk|1
|turn|1
|
|t:|1760358413
|move|p1a: Landorus|U-turn|p2a: Greninja
|-supereffective|p2a: Greninja
|-damage|p2a: Greninja|8/100
|
|t:|1760358418
|switch|p1a: Dragonite|Dragonite, F|100/100|[from] U-turn
|move|p2a: Greninja|U-turn|p1a: Dragonite
|-start|p2a: Greninja|typechange|Bug|[from] ability: Protean
|-resisted|p1a: Dragonite
|-damage|p1a: Dragonite|96/100
|
|t:|1760358421
|switch|p2a: Mew|Mew|100/100|[from] U-turn
|
|upkeep
|turn|2
|
|t:|1760358431
|move|p2a: Mew|Ice Beam|p1a: Dragonite
|-supereffective|p1a: Dragonite
|-damage|p1a: Dragonite|0 fnt
|faint|p1a: Dragonite
|
|upkeep
|
|t:|1760358438
|switch|p1a: Landorus|Landorus-Therian, M|100/100
|-ability|p1a: Landorus|Intimidate|boost
|-unboost|p2a: Mew|atk|1
|turn|3
|
|t:|1760358443
|move|p1a: Landorus|U-turn|p2a: Mew
|-supereffective|p2a: Mew
|-damage|p2a: Mew|46/100
|
|t:|1760358451
|switch|p1a: Scizor|Scizor, M|100/100|[from] U-turn
|move|p2a: Mew|Stealth Rock|p1a: Scizor
|-sidestart|p1: suaiaj|move: Stealth Rock
|
|-heal|p2a: Mew|52/100|[from] item: Leftovers
|upkeep
|turn|4
|
|t:|1760358460
|move|p2a: Mew|Volt Switch|p1a: Scizor
|-damage|p1a: Scizor|71/100
|
|t:|1760358463
|switch|p2a: Great Tusk|Great Tusk|100/100|[from] Volt Switch
|move|p1a: Scizor|Swords Dance|p1a: Scizor
|-boost|p1a: Scizor|atk|2
|
|upkeep
|turn|5
|
|t:|1760358472
|move|p2a: Great Tusk|Earthquake|p1a: Scizor
|-damage|p1a: Scizor|21/100
|move|p1a: Scizor|Dual Wingbeat|p2a: Great Tusk
|-supereffective|p2a: Great Tusk
|-damage|p2a: Great Tusk|38/100
|-supereffective|p2a: Great Tusk
|-damage|p2a: Great Tusk|0 fnt
|faint|p2a: Great Tusk
|-end|p2a: Great Tusk|Protosynthesis|[silent]
|-hitcount|p2: Great Tusk|2
|
|upkeep
|
|t:|1760358478
|switch|p2a: Rotom|Rotom-Frost|100/100
|turn|6
|
|t:|1760358489
|move|p1a: Scizor|Bullet Punch|p2a: Rotom
|-damage|p2a: Rotom|0 fnt
|faint|p2a: Rotom
|
|upkeep
|-message|3r34t45 forfeited.
|
|win|suaiaj
|raw|suaiaj's rating: 1491 &rarr; <strong>1507</strong><br />(+16 for winning)
|raw|3r34t45's rating: 1425 &rarr; <strong>1409</strong><br />(-16 for losing)
|l|☆3r34t45
|player|p2|
|l|☆suaiaj
|player|p1|
