|badge|p2|bronze|gen9ou|100-7
|uhtml|medal-msg|<div class="broadcast-blue">Curious what those medals under the avatar are? PS now has Ladder Seasons! For more information, check out the <a href="https://www.smogon.com/forums/threads/3740067/">thread on Smogon.</a></div>
|j|‽theonlydork
|j|☆Swiscool
|t:|1760380165
|gametype|singles
|player|p1|theonlydork|2|1702
|player|p2|Swiscool|2|1919
|gen|9
|tier|[Gen 9] OU
|rated|
|rule|HP Percentage Mod: HP is shown in percentages
|rule|Endless Battle Clause: Forcing endless battles is banned
|rule|Species Clause: Limit one of each Pokémon
|rule|OHKO Clause: OHKO moves are banned
|rule|Evasion Items Clause: Evasion items are banned
|rule|Evasion Moves Clause: Evasion moves are banned
|rule|Evasion Abilities Clause: Evasion abilities are banned
|rule|Sleep Moves Clause: Sleep-inducing moves are banned
|clearpoke
|poke|p1|Dragonite, M|
|poke|p1|Gholdengo|
|poke|p1|Regidrago|
|poke|p1|Scizor, M|
|poke|p1|Ting-Lu|
|poke|p1|Weezing-Galar, M|
|poke|p2|Samurott-Hisui, M|
|poke|p2|Darkrai|
|poke|p2|Kingambit, F|
|poke|p2|Landorus-Therian, M|
|poke|p2|Pecharunt|
|poke|p2|Enamorus, F|
|teampreview
|inactive|Battle timer is ON: inactive players will automatically lose when time's up. (requested by theonlydork)
|
|t:|1760380179
|teamsize|p1|6
|teamsize|p2|6
|start
|switch|p1a: Scizor|Scizor, M|100/100
|switch|p2a: Enamorus|Enamorus, F|100/100
|turn|1
|inactive|theonlydork has 120 seconds left.
|inactive|theonlydork has 90 seconds left.
|
|t:|1760380258
|switch|p2a: Landorus|Landorus-Therian, M|100/100
|-ability|p2a: Landorus|Intimidate|boost
|-unboost|p1a: Scizor|atk|1
|switch|p1a: Ting-Lu|Ting-Lu|100/100
|-ability|p1a: Ting-Lu|Vessel of Ruin
|
|upkeep
|turn|2
|
|t:|1760380281
|move|p2a: Landorus|Stealth Rock|p1a: Ting-Lu
|-sidestart|p1: theonlydork|move: Stealth Rock
|move|p1a: Ting-Lu|Stealth Rock|p2a: Landorus
|-sidestart|p2: Swiscool|move: Stealth Rock
|
|upkeep
|turn|3
|
|t:|1760380289
|move|p2a: Landorus|U-turn|p1a: Ting-Lu
|-supereffective|p1a: Ting-Lu
|-damage|p1a: Ting-Lu|77/100
|
|t:|1760380292
|switch|p2a: Samurott|Samurott-Hisui, M|100/100|[from] U-turn
|-damage|p2a: Samurott|88/100|[from] Stealth Rock
|move|p1a: Ting-Lu|Ruination|p2a: Samurott
|-damage|p2a: Samurott|44/100
|
|-heal|p1a: Ting-Lu|84/100|[from] item: Leftovers
|upkeep
|turn|4
|
|t:|1760380299
|move|p2a: Samurott|Ceaseless Edge|p1a: Ting-Lu
|-resisted|p1a: Ting-Lu
|-damage|p1a: Ting-Lu|69/100
|-sidestart|p1: theonlydork|Spikes
|move|p1a: Ting-Lu|Earthquake|p2a: Samurott
|-damage|p2a: Samurott|0 fnt
|faint|p2a: Samurott
|
|-heal|p1a: Ting-Lu|75/100|[from] item: Leftovers
|upkeep
|
|t:|1760380309
|switch|p2a: Enamorus|Enamorus, F|100/100
|-damage|p2a: Enamorus|76/100|[from] Stealth Rock
|turn|5
|
|t:|1760380317
|switch|p1a: Weezing|Weezing-Galar, M|100/100
|-ability|p1a: Weezing|Neutralizing Gas
|move|p2a: Enamorus|Moonblast|p1a: Weezing
|-resisted|p1a: Weezing
|-damage|p1a: Weezing|47/100
|
|upkeep
|turn|6
|
|t:|1760380326
|-end|p1a: Weezing|ability: Neutralizing Gas
|switch|p1a: Scizor|Scizor, M|100/100
|-damage|p1a: Scizor|88/100|[from] Stealth Rock
|-damage|p1a: Scizor|76/100|[from] Spikes
|move|p2a: Enamorus|Moonblast|p1a: Scizor
|-resisted|p1a: Scizor
|-damage|p1a: Scizor|22/100
|
|upkeep
|turn|7
|
|t:|1760380332
|switch|p2a: Landorus|Landorus-Therian, M|100/100
|-damage|p2a: Landorus|88/100|[from] Stealth Rock
|-ability|p2a: Landorus|Intimidate|boost
|-unboost|p1a: Scizor|atk|1
|move|p1a: Scizor|U-turn|p2a: Landorus
|-resisted|p2a: Landorus
|-damage|p2a: Landorus|74/100
|-damage|p1a: Scizor|6/100|[from] item: Rocky Helmet|[of] p2a: Landorus
|
|t:|1760380342
|switch|p1a: Gholdengo|Gholdengo|100/100|[from] U-turn
|-damage|p1a: Gholdengo|94/100|[from] Stealth Rock
|-damage|p1a: Gholdengo|82/100|[from] Spikes
|
|upkeep
|turn|8
|inactive|theonlydork has 120 seconds left.
|
|t:|1760380347
|move|p1a: Gholdengo|Make It Rain|p2a: Landorus
|-damage|p2a: Landorus|0 fnt
|-unboost|p1a: Gholdengo|spa|1
|faint|p2a: Landorus
|
|upkeep
|
|t:|1760380356
|switch|p2a: Kingambit|Kingambit, F|100/100
|-damage|p2a: Kingambit|94/100|[from] Stealth Rock
|-activate|p2a: Kingambit|ability: Supreme Overlord
|-start|p2a: Kingambit|fallen2|[silent]
|-item|p2a: Kingambit|Air Balloon
|turn|9
|
|t:|1760380360
|switch|p1a: Scizor|Scizor, M|6/100
|-damage|p1a: Scizor|0 fnt|[from] Stealth Rock
|faint|p1a: Scizor
|move|p2a: Kingambit|Swords Dance|p2a: Kingambit
|-boost|p2a: Kingambit|atk|2
|
|upkeep
|
|t:|1760380363
|switch|p1a: Weezing|Weezing-Galar, M|47/100
|-ability|p1a: Weezing|Neutralizing Gas
|turn|10
|
|t:|1760380369
|move|p2a: Kingambit|Iron Head|p1a: Weezing
|-supereffective|p1a: Weezing
|-damage|p1a: Weezing|0 fnt
|faint|p1a: Weezing
|-end|p1a: Weezing|ability: Neutralizing Gas
|-activate|p2a: Kingambit|ability: Supreme Overlord
|-start|p2a: Kingambit|fallen2|[silent]
|
|upkeep
|
|t:|1760380379
|switch|p1a: Gholdengo|Gholdengo|82/100
|-damage|p1a: Gholdengo|76/100|[from] Stealth Rock
|-damage|p1a: Gholdengo|64/100|[from] Spikes
|turn|11
|
|t:|1760380384
|-terastallize|p2a: Kingambit|Ghost
|move|p1a: Gholdengo|Make It Rain|p2a: Kingambit
|-damage|p2a: Kingambit|10/100
|-unboost|p1a: Gholdengo|spa|1
|-enditem|p2a: Kingambit|Air Balloon
|move|p2a: Kingambit|Kowtow Cleave|p1a: Gholdengo
|-supereffective|p1a: Gholdengo
|-damage|p1a: Gholdengo|0 fnt
|faint|p1a: Gholdengo
|
|upkeep
|
|t:|1760380398
|switch|p1a: Dragonite|Dragonite, M|100/100
|turn|12
|
|t:|1760380412
|move|p2a: Kingambit|Sucker Punch|p1a: Dragonite
|-damage|p1a: Dragonite|53/100
|move|p1a: Dragonite|Earthquake|p2a: Kingambit
|-crit|p2a: Kingambit
|-damage|p2a: Kingambit|0 fnt
|faint|p2a: Kingambit
|-end|p2a: Kingambit|fallen2|[silent]
|
|upkeep
|
|t:|1760380417
|switch|p2a: Darkrai|Darkrai|100/100
|-damage|p2a: Darkrai|88/100|[from] Stealth Rock
|turn|13
|
|t:|1760380425
|switch|p1a: Ting-Lu|Ting-Lu|75/100
|-damage|p1a: Ting-Lu|69/100|[from] Stealth Rock
|-damage|p1a: Ting-Lu|57/100|[from] Spikes
|-ability|p1a: Ting-Lu|Vessel of Ruin
|move|p2a: Darkrai|Ice Beam|p1a: Ting-Lu
|-supereffective|p1a: Ting-Lu
|-damage|p1a: Ting-Lu|28/100
|
|-heal|p1a: Ting-Lu|34/100|[from] item: Leftovers
|upkeep
|turn|14
|
|t:|1760380434
|move|p2a: Darkrai|Ice Beam|p1a: Ting-Lu
|-supereffective|p1a: Ting-Lu
|-damage|p1a: Ting-Lu|9/100
|-status|p1a: Ting-Lu|frz
|cant|p1a: Ting-Lu|frz
|
|-heal|p1a: Ting-Lu|15/100 frz|[from] item: Leftovers
|upkeep
|turn|15
|
|t:|1760380440
|move|p2a: Darkrai|Ice Beam|p1a: Ting-Lu
|-supereffective|p1a: Ting-Lu
|-damage|p1a: Ting-Lu|0 fnt
|faint|p1a: Ting-Lu
|
|upkeep
|
|t:|1760380443
|switch|p1a: Regidrago|Regidrago|100/100
|-damage|p1a: Regidrago|88/100|[from] Stealth Rock
|-damage|p1a: Regidrago|76/100|[from] Spikes
|turn|16
|
|t:|1760380447
|switch|p2a: Enamorus|Enamorus, F|76/100
|-damage|p2a: Enamorus|51/100|[from] Stealth Rock
|move|p1a: Regidrago|Earth Power|p2a: Enamorus
|-immune|p2a: Enamorus
|
|upkeep
|turn|17
|
|t:|1760380451
|move|p1a: Regidrago|Earth Power|p2a: Enamorus
|-immune|p2a: Enamorus
|move|p2a: Enamorus|Moonblast|p1a: Regidrago
|-supereffective|p1a: Regidrago
|-damage|p1a: Regidrago|0 fnt
|faint|p1a: Regidrago
|
|upkeep
|
|t:|1760380454
|switch|p1a: Dragonite|Dragonite, M|53/100
|turn|18
|
|t:|1760380458
|-terastallize|p1a: Dragonite|Normal
|move|p1a: Dragonite|Extreme Speed|p2a: Enamorus
|-damage|p2a: Enamorus|0 fnt
|faint|p2a: Enamorus
|
|upkeep
|
|t:|1760380463
|switch|p2a: Pecharunt|Pecharunt|100/100
|turn|19
|
|t:|1760380470
|move|p1a: Dragonite|Roost|p1a: Dragonite
|-heal|p1a: Dragonite|100/100
|move|p2a: Pecharunt|Malignant Chain|p1a: Dragonite
|-damage|p1a: Dragonite|86/100
|-status|p1a: Dragonite|tox
|-start|p1a: Dragonite|confusion|[from] ability: Poison Puppeteer|[of] p2a: Pecharunt
|
|-damage|p1a: Dragonite|80/100 tox|[from] psn
|upkeep
|turn|20
|
|t:|1760380477
|-activate|p1a: Dragonite|confusion
|-damage|p1a: Dragonite|64/100 tox|[from] confusion
|move|p2a: Pecharunt|Parting Shot|p1a: Dragonite
|-unboost|p1a: Dragonite|atk|1
|-unboost|p1a: Dragonite|spa|1
|
|t:|1760380479
|switch|p2a: Darkrai|Darkrai|88/100|[from] Parting Shot
|-damage|p2a: Darkrai|76/100|[from] Stealth Rock
|
|-damage|p1a: Dragonite|52/100 tox|[from] psn
|upkeep
|turn|21
|
|t:|1760380483
|-end|p1a: Dragonite|confusion
|move|p1a: Dragonite|Extreme Speed|p2a: Darkrai
|-damage|p2a: Darkrai|36/100
|move|p2a: Darkrai|Dark Pulse|p1a: Dragonite
|-damage|p1a: Dragonite|10/100 tox
|
|-damage|p1a: Dragonite|0 fnt|[from] psn
|faint|p1a: Dragonite
|
|win|Swiscool
|raw|theonlydork's rating: 1702 &rarr; <strong>1693</strong><br />(-9 for losing)
|raw|Swiscool's rating: 1919 &rarr; <strong>1928</strong><br />(+9 for winning)
|l|‽theonlydork
|player|p1|
|l|☆Swiscool
|player|p2|
