|j|☆eduardjake
|j|☆Don Birria
|t:|1760348387
|gametype|singles
|player|p1|eduardjake|1|1150
|player|p2|Don Birria|265|1165
|gen|9
|tier|[Gen 9] OU
|rated|
|rule|HP Percentage Mod: HP is shown in percentages
|rule|Endless Battle Clause: Forcing endless battles is banned
|rule|Species Clause: Limit one of each Pokémon
|rule|OHKO Clause: OHKO moves are banned
|rule|Evasion Items Clause: Evasion items are banned
|rule|Evasion Moves Clause: Evasion moves are banned
|rule|Evasion Abilities Clause: Evasion abilities are banned
|rule|Sleep Moves Clause: Sleep-inducing moves are banned
|clearpoke
|poke|p1|Chesnaught, F|
|poke|p1|Avalugg-Hisui, M|
|poke|p1|Arboliva, M|
|poke|p1|Rotom-Heat|
|poke|p1|Slowbro, F|
|poke|p1|Flamigo, F|
|poke|p2|Meowscarada, M|
|poke|p2|Vaporeon, M|
|poke|p2|Muk-Alola, M|
|poke|p2|Cinderace, M|
|poke|p2|Hydrapple, F|
|poke|p2|Grimmsnarl, M|
|teampreview
|inactive|Battle timer is ON: inactive players will automatically lose when time's up. (requested by Don Birria)
|
|t:|1760348409
|teamsize|p1|6
|teamsize|p2|6
|start
|switch|p1a: Avalugg|Avalugg-Hisui, M|100/100
|switch|p2a: Luceroi|Muk-Alola, M|100/100
|turn|1
|inactive|eduardjake has 120 seconds left.
|
|t:|1760348448
|move|p2a: Luceroi|Knock Off|p1a: Avalugg
|-damage|p1a: Avalugg|77/100
|-status|p1a: Avalugg|psn|[from] ability: Poison Touch|[of] p2a: Luceroi
|-enditem|p1a: Avalugg|Custap Berry|[from] move: Knock Off|[of] p2a: Luceroi
|move|p1a: Avalugg|Stealth Rock|p2a: Luceroi
|-sidestart|p2: Don Birria|move: Stealth Rock
|
|-damage|p1a: Avalugg|65/100 psn|[from] psn
|upkeep
|turn|2
|inactive|eduardjake has 120 seconds left.
|
|t:|1760348459
|move|p2a: Luceroi|Drain Punch|p1a: Avalugg
|-supereffective|p1a: Avalugg
|-damage|p1a: Avalugg|15/100 psn
|move|p1a: Avalugg|Mountain Gale|p2a: Luceroi
|-damage|p2a: Luceroi|44/100
|
|-heal|p2a: Luceroi|50/100|[from] item: Black Sludge
|-damage|p1a: Avalugg|3/100 psn|[from] psn
|upkeep
|turn|3
|inactive|eduardjake has 120 seconds left.
|
|t:|1760348469
|move|p2a: Luceroi|Drain Punch|p1a: Avalugg
|-supereffective|p1a: Avalugg
|-damage|p1a: Avalugg|0 fnt
|-heal|p2a: Luceroi|51/100|[from] drain|[of] p1a: Avalugg
|faint|p1a: Avalugg
|
|-heal|p2a: Luceroi|57/100|[from] item: Black Sludge
|upkeep
|inactive|eduardjake has 120 seconds left.
|
|t:|1760348497
|switch|p1a: Arboliva|Arboliva, M|100/100
|turn|4
|
|t:|1760348505
|move|p2a: Luceroi|Knock Off|p1a: Arboliva
|-damage|p1a: Arboliva|64/100
|-fieldstart|move: Grassy Terrain|[from] ability: Seed Sower|[of] p1a: Arboliva
|-enditem|p1a: Arboliva|Terrain Extender|[from] move: Knock Off|[of] p2a: Luceroi
|move|p1a: Arboliva|Leech Seed|p2a: Luceroi|[miss]
|-miss|p1a: Arboliva|p2a: Luceroi
|
|-heal|p2a: Luceroi|63/100|[from] Grassy Terrain
|-heal|p2a: Luceroi|69/100|[from] item: Black Sludge
|-heal|p1a: Arboliva|70/100|[from] Grassy Terrain
|upkeep
|turn|5
|
|t:|1760348526
|move|p2a: Luceroi|Taunt|p1a: Arboliva
|-start|p1a: Arboliva|move: Taunt
|cant|p1a: Arboliva|move: Taunt|Memento
|
|-heal|p2a: Luceroi|75/100|[from] Grassy Terrain
|-heal|p2a: Luceroi|81/100|[from] item: Black Sludge
|-heal|p1a: Arboliva|76/100|[from] Grassy Terrain
|upkeep
|turn|6
|
|t:|1760348539
|switch|p1a: NaghtyChesse|Chesnaught, F, shiny|100/100
|move|p2a: Luceroi|Drain Punch|p1a: NaghtyChesse
|-damage|p1a: NaghtyChesse|83/100
|-heal|p2a: Luceroi|90/100|[from] drain|[of] p1a: NaghtyChesse
|
|-heal|p1a: NaghtyChesse|89/100|[from] Grassy Terrain
|-heal|p2a: Luceroi|96/100|[from] Grassy Terrain
|-heal|p2a: Luceroi|100/100|[from] item: Black Sludge
|upkeep
|turn|7
|inactive|eduardjake has 120 seconds left.
|
|t:|1760348564
|-terastallize|p1a: NaghtyChesse|Water
|move|p1a: NaghtyChesse|Belly Drum|p1a: NaghtyChesse
|-damage|p1a: NaghtyChesse|39/100
|-setboost|p1a: NaghtyChesse|atk|6|[from] move: Belly Drum
|-enditem|p1a: NaghtyChesse|Sitrus Berry|[eat]
|-heal|p1a: NaghtyChesse|64/100|[from] item: Sitrus Berry
|move|p2a: Luceroi|Knock Off|p1a: NaghtyChesse
|-damage|p1a: NaghtyChesse|38/100
|-status|p1a: NaghtyChesse|psn|[from] ability: Poison Touch|[of] p2a: Luceroi
|
|-heal|p1a: NaghtyChesse|44/100 psn|[from] Grassy Terrain
|-damage|p1a: NaghtyChesse|32/100 psn|[from] psn
|upkeep
|turn|8
|inactive|eduardjake has 120 seconds left.
|inactive|Don Birria has 120 seconds left.
|
|t:|1760348584
|move|p1a: NaghtyChesse|Drain Punch|p2a: Luceroi
|-damage|p2a: Luceroi|0 fnt
|-heal|p1a: NaghtyChesse|87/100 psn|[from] drain|[of] p2a: Luceroi
|faint|p2a: Luceroi
|
|-heal|p1a: NaghtyChesse|93/100 psn|[from] Grassy Terrain
|-damage|p1a: NaghtyChesse|80/100 psn|[from] psn
|upkeep
|inactive|Don Birria has 120 seconds left.
|
|t:|1760348593
|switch|p2a: Migg|Cinderace, M|100/100
|turn|9
|
|t:|1760348599
|move|p1a: NaghtyChesse|Grassy Glide|p2a: Migg
|-resisted|p2a: Migg
|-damage|p2a: Migg|0 fnt
|faint|p2a: Migg
|
|-heal|p1a: NaghtyChesse|86/100 psn|[from] Grassy Terrain
|-damage|p1a: NaghtyChesse|74/100 psn|[from] psn
|upkeep
|
|t:|1760348606
|switch|p2a: Galdra|Meowscarada, M|100/100
|-damage|p2a: Galdra|88/100|[from] Stealth Rock
|turn|10
|
|t:|1760348612
|move|p1a: NaghtyChesse|Grassy Glide|p2a: Galdra
|-resisted|p2a: Galdra
|-damage|p2a: Galdra|0 fnt
|faint|p2a: Galdra
|
|-heal|p1a: NaghtyChesse|80/100 psn|[from] Grassy Terrain
|-damage|p1a: NaghtyChesse|68/100 psn|[from] psn
|upkeep
|-message|Don Birria forfeited.
|
|win|eduardjake
|raw|eduardjake's rating: 1150 &rarr; <strong>1176</strong><br />(+26 for winning)
|raw|Don Birria's rating: 1165 &rarr; <strong>1139</strong><br />(-26 for losing)
|l|☆Don Birria
|player|p2|
|l|☆eduardjake
|player|p1|
