|j|☆Noobula
|j|☆Grem1234567
|t:|1760442432
|gametype|singles
|player|p1|Noobula|2|1222
|player|p2|Grem1234567|2|1274
|gen|9
|tier|[Gen 9] OU
|rated|
|rule|HP Percentage Mod: HP is shown in percentages
|rule|Endless Battle Clause: Forcing endless battles is banned
|rule|Species Clause: Limit one of each Pokémon
|rule|OHKO Clause: OHKO moves are banned
|rule|Evasion Items Clause: Evasion items are banned
|rule|Evasion Moves Clause: Evasion moves are banned
|rule|Evasion Abilities Clause: Evasion abilities are banned
|rule|Sleep Moves Clause: Sleep-inducing moves are banned
|clearpoke
|poke|p1|Ogerpon-Wellspring, F|
|poke|p1|Weezing-Galar, M|
|poke|p1|Grimmsnarl, M|
|poke|p1|Hydrapple, M|
|poke|p1|Tornadus-Therian, M|
|poke|p1|Slowking-Galar, M|
|poke|p2|Pecharunt|
|poke|p2|Zapdos|
|poke|p2|Araquanid, M|
|poke|p2|Ogerpon-Wellspring, F|
|poke|p2|Iron Treads|
|poke|p2|Cinderace, F|
|teampreview
|
|t:|1760442440
|teamsize|p1|6
|teamsize|p2|6
|start
|switch|p1a: Tornadus|Tornadus-Therian, M, shiny|100/100
|switch|p2a: Araquanid|Araquanid, M|100/100
|turn|1
|
|t:|1760442447
|switch|p2a: Zapdos|Zapdos|100/100
|move|p1a: Tornadus|Knock Off|p2a: Zapdos
|-damage|p2a: Zapdos|78/100
|-damage|p1a: Tornadus|84/100|[from] item: Rocky Helmet|[of] p2a: Zapdos
|-status|p1a: Tornadus|par|[from] ability: Static|[of] p2a: Zapdos
|-enditem|p2a: Zapdos|Rocky Helmet|[from] move: Knock Off|[of] p1a: Tornadus
|
|upkeep
|turn|2
|
|t:|1760442455
|move|p2a: Zapdos|Volt Switch|p1a: Tornadus
|-supereffective|p1a: Tornadus
|-damage|p1a: Tornadus|29/100 par
|
|t:|1760442464
|switch|p2a: Iron Treads|Iron Treads|100/100|[from] Volt Switch
|move|p1a: Tornadus|Icy Wind|p2a: Iron Treads
|-damage|p2a: Iron Treads|78/100
|-unboost|p2a: Iron Treads|spe|1
|
|upkeep
|turn|3
|
|t:|1760442474
|switch|p1a: Hydrapple|Hydrapple, M, shiny|100/100
|move|p2a: Iron Treads|Volt Switch|p1a: Hydrapple
|-resisted|p1a: Hydrapple
|-damage|p1a: Hydrapple|98/100
|
|t:|1760442483
|-end|p2a: Iron Treads|Quark Drive|[silent]
|switch|p2a: Araquanid|Araquanid, M|100/100|[from] Volt Switch
|
|upkeep
|turn|4
|
|t:|1760442490
|move|p1a: Hydrapple|Fickle Beam|p2a: Araquanid|[anim] Fickle Beam All Out
|-activate|p1a: Hydrapple|move: Fickle Beam
|-damage|p2a: Araquanid|29/100
|move|p2a: Araquanid|Sticky Web|p1a: Hydrapple
|-sidestart|p1: Noobula|move: Sticky Web
|
|upkeep
|turn|5
|
|t:|1760442499
|switch|p2a: Iron Treads|Iron Treads|78/100
|move|p1a: Hydrapple|Fickle Beam|p2a: Iron Treads|[anim] Fickle Beam All Out
|-activate|p1a: Hydrapple|move: Fickle Beam
|-resisted|p2a: Iron Treads
|-damage|p2a: Iron Treads|8/100
|
|upkeep
|turn|6
|
|t:|1760442509
|move|p2a: Iron Treads|Knock Off|p1a: Hydrapple
|-damage|p1a: Hydrapple|78/100
|-enditem|p1a: Hydrapple|Assault Vest|[from] move: Knock Off|[of] p2a: Iron Treads
|move|p1a: Hydrapple|Fickle Beam|p2a: Iron Treads
|-resisted|p2a: Iron Treads
|-damage|p2a: Iron Treads|0 fnt
|faint|p2a: Iron Treads
|-end|p2a: Iron Treads|Quark Drive|[silent]
|
|upkeep
|
|t:|1760442518
|switch|p2a: Pecharunt|Pecharunt|100/100
|turn|7
|
|t:|1760442532
|switch|p1a: Slowking|Slowking-Galar, M|100/100
|move|p2a: Pecharunt|Nasty Plot|p2a: Pecharunt
|-boost|p2a: Pecharunt|spa|2
|
|upkeep
|turn|8
|
|t:|1760442538
|move|p2a: Pecharunt|Hex|p1a: Slowking
|-supereffective|p1a: Slowking
|-damage|p1a: Slowking|23/100
|move|p1a: Slowking|Future Sight|p2a: Pecharunt
|-start|p1a: Slowking|move: Future Sight
|
|upkeep
|turn|9
|
|t:|1760442545
|switch|p1a: Tornadus|Tornadus-Therian, M, shiny|62/100 par
|move|p2a: Pecharunt|Malignant Chain|p1a: Tornadus
|-damage|p1a: Tornadus|0 fnt
|faint|p1a: Tornadus
|
|upkeep
|
|t:|1760442556
|switch|p1a: Grimmsnarl|Grimmsnarl, M|100/100
|turn|10
|
|t:|1760442560
|switch|p2a: Araquanid|Araquanid, M|29/100
|move|p1a: Grimmsnarl|Parting Shot|p2a: Araquanid
|-unboost|p2a: Araquanid|atk|1
|-unboost|p2a: Araquanid|spa|1
|
|t:|1760442572
|switch|p1a: Weezing|Weezing-Galar, M|100/100|[from] Parting Shot
|-ability|p1a: Weezing|Neutralizing Gas
|-activate|p1a: Weezing|move: Sticky Web
|-unboost|p1a: Weezing|spe|1
|
|-end|p2a: Araquanid|move: Future Sight
|-crit|p2a: Araquanid
|-damage|p2a: Araquanid|0 fnt
|faint|p2a: Araquanid
|upkeep
|
|t:|1760442576
|switch|p2a: Cinderace|Cinderace, F|100/100
|turn|11
|
|t:|1760442582
|move|p2a: Cinderace|Pyro Ball|p1a: Weezing
|-damage|p1a: Weezing|48/100
|-damage|p2a: Cinderace|91/100|[from] item: Life Orb
|move|p1a: Weezing|Defog|p2a: Cinderace
|-unboost|p2a: Cinderace|evasion|1
|-sideend|p1: Noobula|Sticky Web|[from] move: Defog|[of] p1a: Weezing
|
|upkeep
|turn|12
|
|t:|1760442600
|-end|p1a: Weezing|ability: Neutralizing Gas
|switch|p1a: Grimmsnarl|Grimmsnarl, M|100/100
|move|p2a: Cinderace|Pyro Ball|p1a: Grimmsnarl
|-damage|p1a: Grimmsnarl|14/100
|-damage|p2a: Cinderace|81/100|[from] item: Life Orb
|
|upkeep
|turn|13
|
|t:|1760442608
|move|p1a: Grimmsnarl|Parting Shot|p2a: Cinderace
|-unboost|p2a: Cinderace|atk|1
|-unboost|p2a: Cinderace|spa|1
|
|t:|1760442613
|switch|p1a: Hydrapple|Hydrapple, M, shiny|100/100|[from] Parting Shot
|move|p2a: Cinderace|Pyro Ball|p1a: Hydrapple
|-damage|p1a: Hydrapple|65/100
|-damage|p2a: Cinderace|71/100|[from] item: Life Orb
|
|upkeep
|turn|14
|
|t:|1760442623
|switch|p1a: Weezing|Weezing-Galar, M|48/100
|-ability|p1a: Weezing|Neutralizing Gas
|move|p2a: Cinderace|Gunk Shot|p1a: Weezing|[miss]
|-miss|p2a: Cinderace|p1a: Weezing
|
|upkeep
|turn|15
|
|t:|1760442640
|move|p2a: Cinderace|Pyro Ball|p1a: Weezing
|-damage|p1a: Weezing|13/100
|-damage|p2a: Cinderace|61/100|[from] item: Life Orb
|move|p1a: Weezing|Pain Split|p2a: Cinderace
|-sethp|p2a: Cinderace|38/100|[from] move: Pain Split|[silent]
|-sethp|p1a: Weezing|34/100|[from] move: Pain Split
|
|upkeep
|turn|16
|
|t:|1760442652
|move|p2a: Cinderace|Pyro Ball|p1a: Weezing
|-damage|p1a: Weezing|4/100
|-status|p1a: Weezing|brn
|-damage|p2a: Cinderace|28/100|[from] item: Life Orb
|move|p1a: Weezing|Strange Steam|p2a: Cinderace
|-resisted|p2a: Cinderace
|-damage|p2a: Cinderace|8/100
|
|-damage|p1a: Weezing|0 fnt|[from] brn
|faint|p1a: Weezing
|-end|p1a: Weezing|ability: Neutralizing Gas
|upkeep
|
|t:|1760442665
|switch|p1a: Hydrapple|Hydrapple, M, shiny|99/100
|turn|17
|
|t:|1760442670
|switch|p2a: Zapdos|Zapdos|78/100
|move|p1a: Hydrapple|Sucker Punch||[still]
|-fail|p1a: Hydrapple
|
|upkeep
|turn|18
|
|t:|1760442679
|move|p2a: Zapdos|Hurricane|p1a: Hydrapple
|-supereffective|p1a: Hydrapple
|-damage|p1a: Hydrapple|0 fnt
|faint|p1a: Hydrapple
|
|upkeep
|
|t:|1760442693
|switch|p1a: Grimmsnarl|Grimmsnarl, M|14/100
|turn|19
|
|t:|1760442698
|move|p1a: Grimmsnarl|Parting Shot|p2a: Zapdos
|-unboost|p2a: Zapdos|atk|1
|-unboost|p2a: Zapdos|spa|1
|
|t:|1760442701
|switch|p1a: Slowking|Slowking-Galar, M|56/100|[from] Parting Shot
|move|p2a: Zapdos|Discharge|p1a: Slowking
|-damage|p1a: Slowking|33/100
|-status|p1a: Slowking|par
|
|upkeep
|turn|20
|
|t:|1760442710
|move|p2a: Zapdos|Hurricane|p1a: Slowking|[miss]
|-miss|p2a: Zapdos|p1a: Slowking
|move|p1a: Slowking|Future Sight|p2a: Zapdos
|-start|p1a: Slowking|move: Future Sight
|
|upkeep
|turn|21
|
|t:|1760442715
|move|p2a: Zapdos|Hurricane|p1a: Slowking|[miss]
|-miss|p2a: Zapdos|p1a: Slowking
|move|p1a: Slowking|Sludge Bomb|p2a: Zapdos
|-damage|p2a: Zapdos|47/100
|
|upkeep
|turn|22
|
|t:|1760442722
|move|p2a: Zapdos|Hurricane|p1a: Slowking|[miss]
|-miss|p2a: Zapdos|p1a: Slowking
|-prepare|p1a: Slowking|Chilly Reception|[premajor]
|cant|p1a: Slowking|par
|
|-end|p2a: Zapdos|move: Future Sight
|-crit|p2a: Zapdos
|-damage|p2a: Zapdos|0 fnt
|faint|p2a: Zapdos
|upkeep
|
|t:|1760442730
|switch|p2a: Pecharunt|Pecharunt|100/100
|turn|23
|
|t:|1760442736
|switch|p1a: Grimmsnarl|Grimmsnarl, M|14/100
|move|p2a: Pecharunt|Hex|p1a: Grimmsnarl
|-resisted|p1a: Grimmsnarl
|-damage|p1a: Grimmsnarl|0 fnt
|faint|p1a: Grimmsnarl
|
|upkeep
|
|t:|1760442742
|switch|p1a: Ogerpon|Ogerpon-Wellspring, F|100/100
|turn|24
|
|t:|1760442752
|move|p1a: Ogerpon|Encore|p2a: Pecharunt
|-start|p2a: Pecharunt|Encore
|move|p2a: Pecharunt|Hex|p1a: Ogerpon
|-damage|p1a: Ogerpon|65/100
|
|upkeep
|turn|25
|
|t:|1760442757
|-terastallize|p1a: Ogerpon|Water
|detailschange|p1a: Ogerpon|Ogerpon-Wellspring-Tera, F, tera:Water
|-ability|p1a: Ogerpon|Embody Aspect (Wellspring)|boost
|-boost|p1a: Ogerpon|spd|1
|move|p1a: Ogerpon|Ivy Cudgel|p2a: Pecharunt|[anim] Ivy Cudgel Water
|-damage|p2a: Pecharunt|53/100
|move|p2a: Pecharunt|Hex|p1a: Ogerpon
|-damage|p1a: Ogerpon|42/100
|
|-heal|p2a: Pecharunt|59/100|[from] item: Leftovers
|upkeep
|turn|26
|
|t:|1760442775
|move|p1a: Ogerpon|Play Rough|p2a: Pecharunt
|-resisted|p2a: Pecharunt
|-damage|p2a: Pecharunt|48/100
|-unboost|p2a: Pecharunt|atk|1
|move|p2a: Pecharunt|Hex|p1a: Ogerpon
|-damage|p1a: Ogerpon|18/100
|
|-heal|p2a: Pecharunt|54/100|[from] item: Leftovers
|-end|p2a: Pecharunt|Encore
|upkeep
|turn|27
|
|t:|1760442782
|move|p1a: Ogerpon|Ivy Cudgel|p2a: Pecharunt|[anim] Ivy Cudgel Water
|-damage|p2a: Pecharunt|6/100
|move|p2a: Pecharunt|Hex|p1a: Ogerpon
|-damage|p1a: Ogerpon|0 fnt
|faint|p1a: Ogerpon
|detailschange|p1: Ogerpon|Ogerpon-Wellspring, F|[silent]
|
|-heal|p2a: Pecharunt|12/100|[from] item: Leftovers
|upkeep
|
|t:|1760442787
|switch|p1a: Slowking|Slowking-Galar, M|66/100 par
|turn|28
|-message|Noobula forfeited.
|
|win|Grem1234567
|raw|Noobula's rating: 1222 &rarr; <strong>1201</strong><br />(-21 for losing)
|raw|Grem1234567's rating: 1274 &rarr; <strong>1295</strong><br />(+21 for winning)
|l|☆Noobula
|player|p1|
