|j|☆torvik en place
|j|☆Swiscool
|t:|1760361099
|gametype|singles
|player|p1|torvik en place|gambler|1815
|player|p2|Swiscool|2|1870
|gen|9
|tier|[Gen 9] OU
|rated|
|rule|HP Percentage Mod: HP is shown in percentages
|rule|Endless Battle Clause: Forcing endless battles is banned
|rule|Species Clause: Limit one of each Pokémon
|rule|OHKO Clause: OHKO moves are banned
|rule|Evasion Items Clause: Evasion items are banned
|rule|Evasion Moves Clause: Evasion moves are banned
|rule|Evasion Abilities Clause: Evasion abilities are banned
|rule|Sleep Moves Clause: Sleep-inducing moves are banned
|clearpoke
|poke|p1|Garchomp, F|
|poke|p1|Rillaboom, F|
|poke|p1|Iron Crown|
|poke|p1|Darkrai|
|poke|p1|Hatterene, F|
|poke|p1|Alomomola, F|
|poke|p2|Samurott-Hisui, F|
|poke|p2|Darkrai|
|poke|p2|Kingambit, F|
|poke|p2|Landorus-Therian, M|
|poke|p2|Pecharunt|
|poke|p2|Enamorus, F|
|teampreview
|inactive|Battle timer is ON: inactive players will automatically lose when time's up. (requested by torvik en place)
|
|t:|1760361143
|teamsize|p1|6
|teamsize|p2|6
|start
|switch|p1a: Rillaboom|Rillaboom, F|100/100
|switch|p2a: Enamorus|Enamorus, F|100/100
|-fieldstart|move: Grassy Terrain|[from] ability: Grassy Surge|[of] p1a: Rillaboom
|turn|1
|
|t:|1760361151
|switch|p1a: Alomomola|Alomomola, F|100/100
|move|p2a: Enamorus|Moonblast|p1a: Alomomola
|-damage|p1a: Alomomola|61/100
|-unboost|p1a: Alomomola|spa|1
|
|-heal|p1a: Alomomola|68/100|[from] Grassy Terrain
|upkeep
|turn|2
|
|t:|1760361164
|switch|p2a: Landorus|Landorus-Therian, M|100/100
|-ability|p2a: Landorus|Intimidate|boost
|-unboost|p1a: Alomomola|atk|1
|move|p1a: Alomomola|Flip Turn|p2a: Landorus
|-supereffective|p2a: Landorus
|-damage|p2a: Landorus|85/100
|-damage|p1a: Alomomola|51/100|[from] item: Rocky Helmet|[of] p2a: Landorus
|inactive|torvik en place has 120 seconds left.
|
|t:|1760361202
|switch|p1a: Iron Crown|Iron Crown|100/100|[from] Flip Turn
|
|upkeep
|turn|3
|j| bruh_eggs
|
|t:|1760361212
|switch|p2a: Samurott|Samurott-Hisui, F|100/100
|-terastallize|p1a: Iron Crown|Steel
|move|p1a: Iron Crown|Tachyon Cutter|p2a: Samurott
|-resisted|p2a: Samurott
|-damage|p2a: Samurott|60/100
|-resisted|p2a: Samurott
|-damage|p2a: Samurott|22/100
|-hitcount|p2a: Samurott|2
|
|-heal|p2a: Samurott|28/100|[from] Grassy Terrain
|upkeep
|turn|4
|
|t:|1760361230
|move|p2a: Samurott|Sucker Punch|p1a: Iron Crown
|-damage|p1a: Iron Crown|56/100
|move|p1a: Iron Crown|Tachyon Cutter|p2a: Samurott
|-resisted|p2a: Samurott
|-damage|p2a: Samurott|0 fnt
|faint|p2a: Samurott
|-hitcount|p2: Samurott|1
|
|-heal|p1a: Iron Crown|62/100|[from] Grassy Terrain
|upkeep
|
|t:|1760361244
|switch|p2a: Enamorus|Enamorus, F|100/100
|turn|5
|j| just-jaype
|
|t:|1760361252
|-end|p1a: Iron Crown|Quark Drive|[silent]
|switch|p1a: Alomomola|Alomomola, F|84/100
|-terastallize|p2a: Enamorus|Ground
|move|p2a: Enamorus|Earth Power|p1a: Alomomola
|-damage|p1a: Alomomola|47/100
|
|-heal|p1a: Alomomola|53/100|[from] Grassy Terrain
|-fieldend|move: Grassy Terrain
|upkeep
|turn|6
|
|t:|1760361264
|move|p2a: Enamorus|Earth Power|p1a: Alomomola
|-damage|p1a: Alomomola|16/100
|move|p1a: Alomomola|Flip Turn|p2a: Enamorus
|-supereffective|p2a: Enamorus
|-damage|p2a: Enamorus|51/100
|
|t:|1760361273
|switch|p1a: Darkrai|Darkrai|100/100|[from] Flip Turn
|
|upkeep
|turn|7
|
|t:|1760361278
|switch|p2a: Darkrai|Darkrai|100/100
|move|p1a: Darkrai|Ice Beam|p2a: Darkrai
|-damage|p2a: Darkrai|55/100
|
|upkeep
|turn|8
|
|t:|1760361283
|switch|p1a: Alomomola|Alomomola, F|49/100
|move|p2a: Darkrai|Ice Beam|p1a: Alomomola
|-resisted|p1a: Alomomola
|-damage|p1a: Alomomola|40/100
|
|upkeep
|turn|9
|
|t:|1760361288
|switch|p2a: Landorus|Landorus-Therian, M|85/100
|-ability|p2a: Landorus|Intimidate|boost
|-unboost|p1a: Alomomola|atk|1
|move|p1a: Alomomola|Flip Turn|p2a: Landorus
|-supereffective|p2a: Landorus
|-damage|p2a: Landorus|68/100
|-damage|p1a: Alomomola|24/100|[from] item: Rocky Helmet|[of] p2a: Landorus
|
|t:|1760361291
|switch|p1a: Iron Crown|Iron Crown, tera:Steel|62/100|[from] Flip Turn
|
|upkeep
|turn|10
|l| just-jaype
|
|t:|1760361295
|move|p1a: Iron Crown|Tachyon Cutter|p2a: Landorus
|-damage|p2a: Landorus|18/100
|-damage|p2a: Landorus|0 fnt
|faint|p2a: Landorus
|-hitcount|p2: Landorus|2
|
|upkeep
|j| just-jaype
|j| greatdaysbestintro
|l| just-jaype
|
|t:|1760361304
|switch|p2a: Enamorus|Enamorus, F, tera:Ground|51/100
|turn|11
|
|t:|1760361311
|-end|p1a: Iron Crown|Quark Drive|[silent]
|switch|p1a: Alomomola|Alomomola, F|57/100
|move|p2a: Enamorus|Moonblast|p1a: Alomomola
|-damage|p1a: Alomomola|17/100
|
|upkeep
|turn|12
|
|t:|1760361322
|move|p1a: Alomomola|Aqua Jet|p2a: Enamorus
|-supereffective|p2a: Enamorus
|-damage|p2a: Enamorus|13/100
|move|p2a: Enamorus|Moonblast|p1a: Alomomola
|-damage|p1a: Alomomola|0 fnt
|faint|p1a: Alomomola
|
|upkeep
|
|t:|1760361327
|switch|p1a: Darkrai|Darkrai|100/100
|turn|13
|
|t:|1760361333
|switch|p2a: Darkrai|Darkrai|55/100
|move|p1a: Darkrai|Ice Beam|p2a: Darkrai
|-crit|p2a: Darkrai
|-damage|p2a: Darkrai|0 fnt
|faint|p2a: Darkrai
|
|upkeep
|c|☆torvik en place|mb
|
|t:|1760361340
|switch|p2a: Kingambit|Kingambit, F|100/100
|-activate|p2a: Kingambit|ability: Supreme Overlord
|-start|p2a: Kingambit|fallen3|[silent]
|-item|p2a: Kingambit|Air Balloon
|turn|14
|
|t:|1760361342
|move|p1a: Darkrai|Will-O-Wisp|p2a: Kingambit
|-status|p2a: Kingambit|brn
|move|p2a: Kingambit|Swords Dance|p2a: Kingambit
|-boost|p2a: Kingambit|atk|2
|
|-damage|p2a: Kingambit|94/100 brn|[from] brn
|upkeep
|turn|15
|
|t:|1760361353
|switch|p1a: Garchomp|Garchomp, F|100/100
|move|p2a: Kingambit|Swords Dance|p2a: Kingambit
|-boost|p2a: Kingambit|atk|2
|
|-damage|p2a: Kingambit|88/100 brn|[from] brn
|upkeep
|turn|16
|
|t:|1760361357
|move|p2a: Kingambit|Kowtow Cleave|p1a: Garchomp
|-damage|p1a: Garchomp|41/100
|-damage|p2a: Kingambit|75/100 brn|[from] ability: Rough Skin|[of] p1a: Garchomp
|-damage|p2a: Kingambit|59/100 brn|[from] item: Rocky Helmet|[of] p1a: Garchomp
|move|p1a: Garchomp|Dragon Tail|p2a: Kingambit
|-resisted|p2a: Kingambit
|-damage|p2a: Kingambit|49/100 brn
|-enditem|p2a: Kingambit|Air Balloon
|-end|p2a: Kingambit|fallen3|[silent]
|drag|p2a: Pecharunt|Pecharunt|100/100
|
|upkeep
|turn|17
|
|t:|1760361374
|switch|p1a: Iron Crown|Iron Crown, tera:Steel|62/100
|switch|p2a: Enamorus|Enamorus, F, tera:Ground|13/100
|
|upkeep
|turn|18
|
|t:|1760361383
|-end|p1a: Iron Crown|Quark Drive|[silent]
|switch|p1a: Hatterene|Hatterene, F|100/100
|move|p2a: Enamorus|Healing Wish|p2a: Enamorus
|faint|p2a: Enamorus
|
|upkeep
|
|t:|1760361387
|switch|p2a: Kingambit|Kingambit, F|49/100 brn
|-heal|p2a: Kingambit|100/100|[from] move: Healing Wish
|-activate|p2a: Kingambit|ability: Supreme Overlord
|-start|p2a: Kingambit|fallen4|[silent]
|turn|19
|
|t:|1760361393
|switch|p1a: Darkrai|Darkrai|100/100
|move|p2a: Kingambit|Swords Dance|p2a: Kingambit
|-boost|p2a: Kingambit|atk|2
|
|upkeep
|turn|20
|
|t:|1760361397
|move|p1a: Darkrai|Will-O-Wisp|p2a: Kingambit
|-status|p2a: Kingambit|brn
|move|p2a: Kingambit|Swords Dance|p2a: Kingambit
|-boost|p2a: Kingambit|atk|2
|
|-damage|p2a: Kingambit|94/100 brn|[from] brn
|upkeep
|turn|21
|
|t:|1760361413
|move|p1a: Darkrai|Dark Pulse|p2a: Kingambit
|-resisted|p2a: Kingambit
|-damage|p2a: Kingambit|73/100 brn
|cant|p2a: Kingambit|flinch
|
|-damage|p2a: Kingambit|67/100 brn|[from] brn
|upkeep
|turn|22
|
|t:|1760361418
|move|p1a: Darkrai|Dark Pulse|p2a: Kingambit
|-resisted|p2a: Kingambit
|-damage|p2a: Kingambit|47/100 brn
|move|p2a: Kingambit|Iron Head|p1a: Darkrai
|-crit|p1a: Darkrai
|-damage|p1a: Darkrai|0 fnt
|faint|p1a: Darkrai
|
|-damage|p2a: Kingambit|40/100 brn|[from] brn
|upkeep
|
|t:|1760361425
|switch|p1a: Garchomp|Garchomp, F|41/100
|turn|23
|
|t:|1760361428
|move|p2a: Kingambit|Sucker Punch||[still]
|-fail|p2a: Kingambit
|move|p1a: Garchomp|Spikes|p2a: Kingambit
|-sidestart|p2: Swiscool|Spikes
|
|-damage|p2a: Kingambit|34/100 brn|[from] brn
|upkeep
|turn|24
|
|t:|1760361430
|move|p2a: Kingambit|Sucker Punch|p1a: Garchomp
|-damage|p1a: Garchomp|0 fnt
|-damage|p2a: Kingambit|22/100 brn|[from] ability: Rough Skin|[of] p1a: Garchomp
|-damage|p2a: Kingambit|5/100 brn|[from] item: Rocky Helmet|[of] p1a: Garchomp
|faint|p1a: Garchomp
|
|-damage|p2a: Kingambit|0 fnt|[from] brn
|faint|p2a: Kingambit
|-end|p2a: Kingambit|fallen4|[silent]
|upkeep
|
|t:|1760361433
|switch|p1a: Iron Crown|Iron Crown, tera:Steel|62/100
|switch|p2a: Pecharunt|Pecharunt|100/100
|turn|25
|
|t:|1760361436
|move|p1a: Iron Crown|Tachyon Cutter|p2a: Pecharunt
|-damage|p2a: Pecharunt|49/100
|-damage|p2a: Pecharunt|2/100
|-hitcount|p2a: Pecharunt|2
|move|p2a: Pecharunt|Hex|p1a: Iron Crown
|-damage|p1a: Iron Crown|41/100
|
|upkeep
|turn|26
|
|t:|1760361440
|move|p1a: Iron Crown|Tachyon Cutter|p2a: Pecharunt
|-damage|p2a: Pecharunt|0 fnt
|faint|p2a: Pecharunt
|-hitcount|p2: Pecharunt|1
|
|win|torvik en place
|raw|torvik en place's rating: 1815 &rarr; <strong>1838</strong><br />(+23 for winning)
|raw|Swiscool's rating: 1870 &rarr; <strong>1847</strong><br />(-23 for losing)
|l|☆Swiscool
|player|p2|
|l|☆torvik en place
|player|p1|
|l| greatdaysbestintro
