|j|☆daequagz
|j|☆SaikoWrld
|t:|1760416708
|gametype|singles
|player|p1|daequagz|swimmerf-gen4|1230
|player|p2|SaikoWrld|2|1216
|gen|9
|tier|[Gen 9] OU
|rated|
|rule|HP Percentage Mod: HP is shown in percentages
|rule|Endless Battle Clause: Forcing endless battles is banned
|rule|Species Clause: Limit one of each Pokémon
|rule|OHKO Clause: OHKO moves are banned
|rule|Evasion Items Clause: Evasion items are banned
|rule|Evasion Moves Clause: Evasion moves are banned
|rule|Evasion Abilities Clause: Evasion abilities are banned
|rule|Sleep Moves Clause: Sleep-inducing moves are banned
|clearpoke
|poke|p1|Glimmora, M|
|poke|p1|Scizor, M|
|poke|p1|Dragonite, F|
|poke|p1|Gholdengo|
|poke|p1|Zapdos|
|poke|p1|Great Tusk|
|poke|p2|Muk-Alola, M|
|poke|p2|Orthworm, M|
|poke|p2|Landorus-Therian, M|
|poke|p2|Hatterene, F|
|poke|p2|Zapdos|
|poke|p2|Ceruledge, F|
|teampreview
|inactive|Battle timer is ON: inactive players will automatically lose when time's up. (requested by daequagz)
|
|t:|1760416733
|teamsize|p1|6
|teamsize|p2|6
|start
|switch|p1a: Great Tusk|Great Tusk|100/100
|switch|p2a: Landorus|Landorus-Therian, M|100/100
|-ability|p2a: Landorus|Intimidate|boost
|-unboost|p1a: Great Tusk|atk|1
|-enditem|p1a: Great Tusk|Booster Energy
|-activate|p1a: Great Tusk|ability: Protosynthesis|[fromitem]
|-start|p1a: Great Tusk|protosynthesisspe
|turn|1
|
|t:|1760416742
|move|p1a: Great Tusk|Stealth Rock|p2a: Landorus
|-sidestart|p2: SaikoWrld|move: Stealth Rock
|move|p2a: Landorus|Earthquake|p1a: Great Tusk
|-damage|p1a: Great Tusk|55/100
|-damage|p2a: Landorus|90/100|[from] item: Life Orb
|
|upkeep
|turn|2
|
|t:|1760416751
|move|p1a: Great Tusk|Ice Spinner|p2a: Landorus
|-supereffective|p2a: Landorus
|-damage|p2a: Landorus|24/100
|move|p2a: Landorus|Earthquake|p1a: Great Tusk
|-damage|p1a: Great Tusk|9/100
|-damage|p2a: Landorus|14/100|[from] item: Life Orb
|
|upkeep
|turn|3
|
|t:|1760416761
|move|p1a: Great Tusk|Ice Spinner|p2a: Landorus
|-supereffective|p2a: Landorus
|-damage|p2a: Landorus|0 fnt
|faint|p2a: Landorus
|
|upkeep
|
|t:|1760416773
|switch|p2a: TrashDay|Muk-Alola, M, shiny|100/100
|-damage|p2a: TrashDay|88/100|[from] Stealth Rock
|turn|4
|
|t:|1760416778
|move|p2a: TrashDay|Shadow Sneak|p1a: Great Tusk
|-damage|p1a: Great Tusk|0 fnt
|faint|p1a: Great Tusk
|-end|p1a: Great Tusk|Protosynthesis|[silent]
|
|upkeep
|
|t:|1760416791
|switch|p1a: Glimmora|Glimmora, M|100/100
|-item|p1a: Glimmora|Air Balloon
|turn|5
|
|t:|1760416804
|move|p1a: Glimmora|Earth Power|p2a: TrashDay
|-supereffective|p2a: TrashDay
|-damage|p2a: TrashDay|45/100
|-enditem|p2a: TrashDay|Lansat Berry|[eat]
|-start|p2a: TrashDay|move: Focus Energy
|move|p2a: TrashDay|Drain Punch|p1a: Glimmora
|-damage|p1a: Glimmora|84/100
|-heal|p2a: TrashDay|53/100|[from] drain|[of] p1a: Glimmora
|-activate|p1a: Glimmora|ability: Toxic Debris
|-sidestart|p2: SaikoWrld|move: Toxic Spikes
|-enditem|p1a: Glimmora|Air Balloon
|
|upkeep
|turn|6
|
|t:|1760416822
|switch|p2a: Globox|Orthworm, M, shiny|100/100
|-damage|p2a: Globox|94/100|[from] Stealth Rock
|move|p1a: Glimmora|Spiky Shield||[still]
|-fail|p1a: Glimmora
|
|upkeep
|turn|7
|
|t:|1760416833
|switch|p1a: Zapdos|Zapdos|100/100
|move|p2a: Globox|Stealth Rock|p1a: Zapdos
|-sidestart|p1: daequagz|move: Stealth Rock
|
|upkeep
|turn|8
|
|t:|1760416857
|-terastallize|p2a: Globox|Fighting
|move|p1a: Zapdos|Heat Wave|p2a: Globox
|-damage|p2a: Globox|43/100
|move|p2a: Globox|Metal Burst|p1a: Zapdos
|-damage|p1a: Zapdos|19/100
|
|-heal|p1a: Zapdos|25/100|[from] item: Leftovers
|upkeep
|turn|9
|inactive|SaikoWrld has 120 seconds left.
|inactive|daequagz has 120 seconds left.
|
|t:|1760416899
|switch|p2a: Ceruledge|Ceruledge, F|100/100
|-damage|p2a: Ceruledge|76/100|[from] Stealth Rock
|-status|p2a: Ceruledge|psn
|move|p1a: Zapdos|Heat Wave|p2a: Ceruledge
|-resisted|p2a: Ceruledge
|-damage|p2a: Ceruledge|57/100 psn
|
|-heal|p1a: Zapdos|31/100|[from] item: Leftovers
|-damage|p2a: Ceruledge|44/100 psn|[from] psn
|upkeep
|turn|10
|inactive|daequagz has 120 seconds left.
|
|t:|1760416922
|move|p1a: Zapdos|Roost|p1a: Zapdos
|-heal|p1a: Zapdos|81/100
|-singleturn|p1a: Zapdos|move: Roost
|move|p2a: Ceruledge|Bitter Blade|p1a: Zapdos
|-damage|p1a: Zapdos|19/100
|-heal|p2a: Ceruledge|79/100 psn|[from] drain|[of] p1a: Zapdos
|
|-heal|p1a: Zapdos|25/100|[from] item: Leftovers
|-damage|p2a: Ceruledge|67/100 psn|[from] psn
|upkeep
|turn|11
|
|t:|1760416936
|move|p1a: Zapdos|Volt Switch|p2a: Ceruledge
|-damage|p2a: Ceruledge|28/100 psn
|
|t:|1760416944
|switch|p1a: Gholdengo|Gholdengo|100/100|[from] Volt Switch
|-damage|p1a: Gholdengo|94/100|[from] Stealth Rock
|move|p2a: Ceruledge|Bitter Blade|p1a: Gholdengo
|-supereffective|p1a: Gholdengo
|-damage|p1a: Gholdengo|0 fnt
|-heal|p2a: Ceruledge|89/100 psn|[from] drain|[of] p1a: Gholdengo
|faint|p1a: Gholdengo
|
|-damage|p2a: Ceruledge|76/100 psn|[from] psn
|upkeep
|inactive|daequagz has 90 seconds left.
|c|☆daequagz|Thought that was fighting for some reason lmao
|inactive|daequagz has 60 seconds left.
|
|t:|1760416995
|switch|p1a: Scizor|Scizor, M|100/100
|-damage|p1a: Scizor|88/100|[from] Stealth Rock
|turn|12
|
|t:|1760417005
|switch|p1a: Glimmora|Glimmora, M|84/100
|-damage|p1a: Glimmora|72/100|[from] Stealth Rock
|move|p2a: Ceruledge|Bitter Blade|p1a: Glimmora
|-resisted|p1a: Glimmora
|-damage|p1a: Glimmora|54/100
|-heal|p2a: Ceruledge|88/100 psn|[from] drain|[of] p1a: Glimmora
|-activate|p1a: Glimmora|ability: Toxic Debris
|-sidestart|p2: SaikoWrld|move: Toxic Spikes
|
|-damage|p2a: Ceruledge|75/100 psn|[from] psn
|upkeep
|turn|13
|
|t:|1760417017
|switch|p2a: TrashDay|Muk-Alola, M, shiny|53/100
|-damage|p2a: TrashDay|40/100|[from] Stealth Rock
|-sideend|p2: SaikoWrld|move: Toxic Spikes|[of] p2a: TrashDay
|move|p1a: Glimmora|Spiky Shield||[still]
|-fail|p1a: Glimmora
|
|upkeep
|turn|14
|
|t:|1760417026
|move|p1a: Glimmora|Earth Power|p2a: TrashDay
|-supereffective|p2a: TrashDay
|-damage|p2a: TrashDay|1/100
|move|p2a: TrashDay|Drain Punch|p1a: Glimmora
|-damage|p1a: Glimmora|36/100
|-heal|p2a: TrashDay|8/100|[from] drain|[of] p1a: Glimmora
|-activate|p1a: Glimmora|ability: Toxic Debris
|-sidestart|p2: SaikoWrld|move: Toxic Spikes
|
|upkeep
|turn|15
|
|t:|1760417036
|switch|p2a: Globox|Orthworm, M, shiny, tera:Fighting|43/100
|-damage|p2a: Globox|37/100|[from] Stealth Rock
|-status|p2a: Globox|psn
|move|p1a: Glimmora|Earth Power|p2a: Globox
|-heal|p2a: Globox|62/100 psn|[from] ability: Earth Eater|[of] p1a: Glimmora
|
|-damage|p2a: Globox|50/100 psn|[from] psn
|upkeep
|turn|16
|
|t:|1760417048
|move|p1a: Glimmora|Power Gem|p2a: Globox
|-resisted|p2a: Globox
|-damage|p2a: Globox|23/100 psn
|move|p2a: Globox|Body Press|p1a: Glimmora
|-damage|p1a: Glimmora|2/100
|-activate|p1a: Glimmora|ability: Toxic Debris
|-sidestart|p2: SaikoWrld|move: Toxic Spikes
|
|-damage|p2a: Globox|11/100 psn|[from] psn
|upkeep
|turn|17
|
|t:|1760417059
|move|p1a: Glimmora|Spiky Shield|p1a: Glimmora
|-singleturn|p1a: Glimmora|move: Protect
|move|p2a: Globox|Body Press|p1a: Glimmora
|-activate|p1a: Glimmora|move: Protect
|-damage|p2a: Globox|0 fnt|[from] Spiky Shield|[of] p1a: Glimmora
|faint|p2a: Globox
|
|upkeep
|
|t:|1760417075
|switch|p2a: Ceruledge|Ceruledge, F|75/100 psn
|-damage|p2a: Ceruledge|51/100 psn|[from] Stealth Rock
|turn|18
|
|t:|1760417081
|move|p1a: Glimmora|Spiky Shield||[still]
|-fail|p1a: Glimmora
|move|p2a: Ceruledge|Brick Break|p1a: Glimmora
|-damage|p1a: Glimmora|0 fnt
|faint|p1a: Glimmora
|
|-damage|p2a: Ceruledge|38/100 psn|[from] psn
|upkeep
|
|t:|1760417096
|switch|p1a: Dragonite|Dragonite, F|100/100
|-damage|p1a: Dragonite|76/100|[from] Stealth Rock
|turn|19
|
|t:|1760417121
|switch|p2a: TrashDay|Muk-Alola, M, shiny|8/100
|-damage|p2a: TrashDay|0 fnt|[from] Stealth Rock
|faint|p2a: TrashDay
|move|p1a: Dragonite|Aqua Tail|p2: TrashDay|[notarget]
|-fail|p1a: Dragonite
|
|upkeep
|
|t:|1760417129
|switch|p2a: Hatterene|Hatterene, F|100/100
|-damage|p2a: Hatterene|88/100|[from] Stealth Rock
|-status|p2a: Hatterene|tox
|turn|20
|-message|SaikoWrld forfeited.
|
|win|daequagz
|raw|daequagz's rating: 1230 &rarr; <strong>1254</strong><br />(+24 for winning)
|raw|SaikoWrld's rating: 1216 &rarr; <strong>1192</strong><br />(-24 for losing)
|l|☆SaikoWrld
|player|p2|
|l|☆daequagz
|player|p1|
