|j|‽Morthill
|j|☆rick cramoranis
|t:|1760407430
|gametype|singles
|player|p1|Morthill|265|1320
|player|p2|rick cramoranis|candice-masters|1291
|gen|9
|tier|[Gen 9] OU
|rated|
|rule|HP Percentage Mod: HP is shown in percentages
|rule|Endless Battle Clause: Forcing endless battles is banned
|rule|Species Clause: Limit one of each Pokémon
|rule|OHKO Clause: OHKO moves are banned
|rule|Evasion Items Clause: Evasion items are banned
|rule|Evasion Moves Clause: Evasion moves are banned
|rule|Evasion Abilities Clause: Evasion abilities are banned
|rule|Sleep Moves Clause: Sleep-inducing moves are banned
|clearpoke
|poke|p1|Slowking-Galar, M|
|poke|p1|Ninetales-Alola, F|
|poke|p1|Cetitan, M|
|poke|p1|Frosmoth, M|
|poke|p1|Avalugg, M|
|poke|p1|Kyurem|
|poke|p2|Arcanine-Hisui, M|
|poke|p2|Darkrai|
|poke|p2|Great Tusk|
|poke|p2|Hatterene, F|
|poke|p2|Ogerpon-Wellspring, F|
|poke|p2|Zapdos|
|teampreview
|inactive|Battle timer is ON: inactive players will automatically lose when time's up. (requested by Morthill)
|inactive|rick cramoranis has 120 seconds left.
|
|t:|1760407472
|teamsize|p1|6
|teamsize|p2|6
|start
|switch|p1a: Ninetales|Ninetales-Alola, F|100/100
|switch|p2a: Arcanine|Arcanine-Hisui, M|100/100
|-weather|Snowscape|[from] ability: Snow Warning|[of] p1a: Ninetales
|turn|1
|
|t:|1760407483
|switch|p1a: Avalugg|Avalugg, M, shiny|100/100
|move|p2a: Arcanine|Head Smash|p1a: Avalugg
|-supereffective|p1a: Avalugg
|-damage|p1a: Avalugg|42/100
|-damage|p2a: Arcanine|84/100|[from] item: Rocky Helmet|[of] p1a: Avalugg
|
|-weather|Snowscape|[upkeep]
|-heal|p1a: Avalugg|48/100|[from] ability: Ice Body
|upkeep
|turn|2
|
|t:|1760407492
|switch|p2a: Hatterene|Hatterene, F|100/100
|move|p1a: Avalugg|Aurora Veil|p1a: Avalugg
|-sidestart|p1: Morthill|move: Aurora Veil
|
|-weather|Snowscape|[upkeep]
|-heal|p1a: Avalugg|54/100|[from] ability: Ice Body
|upkeep
|turn|3
|
|t:|1760407499
|switch|p1a: Slowking|Slowking-Galar, M|100/100
|move|p2a: Hatterene|Nuzzle|p1a: Slowking
|-damage|p1a: Slowking|98/100
|-status|p1a: Slowking|par
|
|-weather|Snowscape|[upkeep]
|upkeep
|turn|4
|
|t:|1760407504
|switch|p2a: Arcanine|Arcanine-Hisui, M|84/100
|move|p1a: Slowking|Sludge Bomb|p2a: Arcanine
|-resisted|p2a: Arcanine
|-damage|p2a: Arcanine|53/100
|-status|p2a: Arcanine|psn
|
|-weather|Snowscape|[upkeep]
|-damage|p2a: Arcanine|41/100 psn|[from] psn
|upkeep
|turn|5
|
|t:|1760407516
|switch|p2a: Darkrai|Darkrai|100/100
|cant|p1a: Slowking|par
|
|-weather|Snowscape|[upkeep]
|upkeep
|turn|6
|
|t:|1760407524
|switch|p1a: Frosmoth|Frosmoth, M, shiny|100/100
|move|p2a: Darkrai|Trick|p1a: Frosmoth
|-activate|p2a: Darkrai|move: Trick|[of] p1a: Frosmoth
|-item|p1a: Frosmoth|Choice Scarf|[from] move: Trick
|-item|p2a: Darkrai|Heavy-Duty Boots|[from] move: Trick
|
|-weather|Snowscape|[upkeep]
|-sideend|p1: Morthill|move: Aurora Veil
|upkeep
|turn|7
|
|t:|1760407539
|switch|p2a: Hatterene|Hatterene, F|100/100
|move|p1a: Frosmoth|Ice Beam|p2a: Hatterene
|-damage|p2a: Hatterene|73/100
|
|-weather|Snowscape|[upkeep]
|upkeep
|turn|8
|
|t:|1760407546
|move|p1a: Frosmoth|Ice Beam|p2a: Hatterene
|-damage|p2a: Hatterene|48/100
|-status|p2a: Hatterene|frz
|cant|p2a: Hatterene|frz
|
|-weather|none
|upkeep
|turn|9
|
|t:|1760407552
|move|p1a: Frosmoth|Ice Beam|p2a: Hatterene
|-crit|p2a: Hatterene
|-damage|p2a: Hatterene|5/100 frz
|-curestatus|p2a: Hatterene|frz|[msg]
|move|p2a: Hatterene|Nuzzle|p1a: Frosmoth
|-damage|p1a: Frosmoth|94/100
|-status|p1a: Frosmoth|par
|
|upkeep
|turn|10
|
|t:|1760407557
|move|p1a: Frosmoth|Ice Beam|p2a: Hatterene
|-damage|p2a: Hatterene|0 fnt
|faint|p2a: Hatterene
|
|upkeep
|
|t:|1760407567
|switch|p2a: Ogerpon|Ogerpon-Wellspring, F|100/100
|turn|11
|
|t:|1760407573
|move|p2a: Ogerpon|Spikes|p1a: Frosmoth
|-sidestart|p1: Morthill|Spikes
|move|p1a: Frosmoth|Ice Beam|p2a: Ogerpon
|-damage|p2a: Ogerpon|46/100
|
|upkeep
|turn|12
|
|t:|1760407579
|move|p2a: Ogerpon|Ivy Cudgel|p1a: Frosmoth|[anim] Ivy Cudgel Water
|-damage|p1a: Frosmoth|0 fnt
|faint|p1a: Frosmoth
|
|upkeep
|
|t:|1760407583
|switch|p1a: Ninetales|Ninetales-Alola, F|100/100
|-damage|p1a: Ninetales|88/100|[from] Spikes
|-weather|Snowscape|[from] ability: Snow Warning|[of] p1a: Ninetales
|turn|13
|
|t:|1760407596
|switch|p2a: Arcanine|Arcanine-Hisui, M|41/100 psn
|move|p1a: Ninetales|Freeze-Dry|p2a: Arcanine
|-resisted|p2a: Arcanine
|-damage|p2a: Arcanine|25/100 psn
|
|-weather|Snowscape|[upkeep]
|-damage|p2a: Arcanine|12/100 psn|[from] psn
|upkeep
|turn|14
|
|t:|1760407603
|move|p2a: Arcanine|Extreme Speed|p1a: Ninetales
|-damage|p1a: Ninetales|53/100
|move|p1a: Ninetales|Aurora Veil|p1a: Ninetales
|-sidestart|p1: Morthill|move: Aurora Veil
|
|-weather|Snowscape|[upkeep]
|-damage|p2a: Arcanine|0 fnt|[from] psn
|faint|p2a: Arcanine
|upkeep
|-message|rick cramoranis forfeited.
|
|win|Morthill
|raw|Morthill's rating: 1320 &rarr; <strong>1338</strong><br />(+18 for winning)
|raw|rick cramoranis's rating: 1291 &rarr; <strong>1268</strong><br />(-23 for losing)
|l|☆rick cramoranis
|player|p2|
|l|‽Morthill
|player|p1|
