|j|☆LX1987
|j|☆gardenGnostic
|t:|1760432357
|gametype|singles
|player|p1|LX1987|169|1425
|player|p2|gardenGnostic|psychic-gen4|1462
|gen|9
|tier|[Gen 9] OU
|rated|
|rule|HP Percentage Mod: HP is shown in percentages
|rule|Endless Battle Clause: Forcing endless battles is banned
|rule|Species Clause: Limit one of each Pokémon
|rule|OHKO Clause: OHKO moves are banned
|rule|Evasion Items Clause: Evasion items are banned
|rule|Evasion Moves Clause: Evasion moves are banned
|rule|Evasion Abilities Clause: Evasion abilities are banned
|rule|Sleep Moves Clause: Sleep-inducing moves are banned
|clearpoke
|poke|p1|Chesnaught, M|
|poke|p1|Entei|
|poke|p1|Weezing-Galar, M|
|poke|p1|Dragapult, F|
|poke|p1|Swampert, M|
|poke|p1|Glimmora, F|
|poke|p2|Ninetales, M|
|poke|p2|Espeon, F|
|poke|p2|Scovillain, M|
|poke|p2|Walking Wake|
|poke|p2|Great Tusk|
|poke|p2|Kingambit, M|
|teampreview
|inactive|Battle timer is ON: inactive players will automatically lose when time's up. (requested by LX1987)
|
|t:|1760432368
|teamsize|p1|6
|teamsize|p2|6
|start
|switch|p1a: Glimmora|Glimmora, F|100/100
|switch|p2a: Ninetales|Ninetales, M|100/100
|-weather|SunnyDay|[from] ability: Drought|[of] p2a: Ninetales
|turn|1
|
|t:|1760432379
|switch|p2a: Espeon|Espeon, F|100/100
|move|p1a: Glimmora|Stealth Rock|p2a: Espeon
|move|p2a: Espeon|Stealth Rock|p1a: Glimmora|[from] ability: Magic Bounce
|-sidestart|p1: LX1987|move: Stealth Rock
|
|-weather|SunnyDay|[upkeep]
|upkeep
|turn|2
|
|t:|1760432393
|move|p2a: Espeon|Psychic Noise|p1a: Glimmora
|-supereffective|p1a: Glimmora
|-damage|p1a: Glimmora|10/100
|-start|p1a: Glimmora|move: Heal Block
|move|p1a: Glimmora|Mortal Spin|p2a: Espeon
|-damage|p2a: Espeon|92/100
|-status|p2a: Espeon|psn
|-sideend|p1: LX1987|Stealth Rock|[from] move: Mortal Spin|[of] p1a: Glimmora
|
|-weather|SunnyDay|[upkeep]
|-damage|p2a: Espeon|79/100 psn|[from] psn
|upkeep
|turn|3
|
|t:|1760432407
|switch|p1a: Swampert|Swampert, M|100/100
|move|p2a: Espeon|Light Screen|p2a: Espeon
|-sidestart|p2: gardenGnostic|move: Light Screen
|
|-weather|SunnyDay|[upkeep]
|-damage|p2a: Espeon|67/100 psn|[from] psn
|upkeep
|turn|4
|
|t:|1760432419
|move|p2a: Espeon|Reflect|p2a: Espeon
|-sidestart|p2: gardenGnostic|Reflect
|move|p1a: Swampert|Earthquake|p2a: Espeon
|-crit|p2a: Espeon
|-damage|p2a: Espeon|0 fnt
|faint|p2a: Espeon
|
|-weather|SunnyDay|[upkeep]
|upkeep
|
|t:|1760432429
|switch|p2a: Walking Wake|Walking Wake|100/100
|-activate|p2a: Walking Wake|ability: Protosynthesis
|-start|p2a: Walking Wake|protosynthesisspa
|turn|5
|
|t:|1760432436
|move|p2a: Walking Wake|Agility|p2a: Walking Wake
|-boost|p2a: Walking Wake|spe|2
|move|p1a: Swampert|Earthquake|p2a: Walking Wake
|-crit|p2a: Walking Wake
|-damage|p2a: Walking Wake|41/100
|
|-weather|SunnyDay|[upkeep]
|upkeep
|turn|6
|
|t:|1760432445
|move|p2a: Walking Wake|Hydro Steam|p1a: Swampert
|-damage|p1a: Swampert|48/100
|-damage|p2a: Walking Wake|31/100|[from] item: Life Orb
|move|p1a: Swampert|Earthquake|p2a: Walking Wake
|-crit|p2a: Walking Wake
|-damage|p2a: Walking Wake|0 fnt
|faint|p2a: Walking Wake
|-end|p2a: Walking Wake|Protosynthesis|[silent]
|
|-weather|SunnyDay|[upkeep]
|upkeep
|
|t:|1760432457
|switch|p2a: Scovillain|Scovillain, M|100/100
|turn|7
|c|☆LX1987|sry
|
|t:|1760432463
|switch|p1a: Glimmora|Glimmora, F|10/100
|move|p2a: Scovillain|Trailblaze|p1a: Glimmora
|-damage|p1a: Glimmora|0 fnt
|-boost|p2a: Scovillain|spe|1
|-activate|p1a: Glimmora|ability: Toxic Debris
|-sidestart|p2: gardenGnostic|move: Toxic Spikes
|faint|p1a: Glimmora
|-damage|p2a: Scovillain|91/100|[from] item: Life Orb
|
|-weather|SunnyDay|[upkeep]
|upkeep
|c|☆gardenGnostic|that’s insane
|
|t:|1760432478
|switch|p1a: Entei|Entei|100/100
|-ability|p1a: Entei|Pressure
|turn|8
|
|t:|1760432485
|switch|p2a: Great Tusk|Great Tusk|100/100
|-status|p2a: Great Tusk|psn
|-activate|p2a: Great Tusk|ability: Protosynthesis
|-start|p2a: Great Tusk|protosynthesisspe
|move|p1a: Entei|Sacred Fire|p2a: Great Tusk
|-damage|p2a: Great Tusk|78/100 psn
|
|-weather|none
|-end|p2a: Great Tusk|Protosynthesis
|-damage|p2a: Great Tusk|65/100 psn|[from] psn
|upkeep
|turn|9
|
|t:|1760432499
|switch|p1a: Chesnaught|Chesnaught, M|100/100
|move|p2a: Great Tusk|Knock Off|p1a: Chesnaught
|-resisted|p1a: Chesnaught
|-damage|p1a: Chesnaught|92/100
|-damage|p2a: Great Tusk|49/100 psn|[from] item: Rocky Helmet|[of] p1a: Chesnaught
|-enditem|p1a: Chesnaught|Rocky Helmet|[from] move: Knock Off|[of] p2a: Great Tusk
|
|-damage|p2a: Great Tusk|36/100 psn|[from] psn
|upkeep
|turn|10
|
|t:|1760432510
|move|p2a: Great Tusk|Rapid Spin|p1a: Chesnaught
|-damage|p1a: Chesnaught|83/100
|-boost|p2a: Great Tusk|spe|1
|-sideend|p2: gardenGnostic|Toxic Spikes|[from] move: Rapid Spin|[of] p2a: Great Tusk
|move|p1a: Chesnaught|Leech Seed|p2a: Great Tusk
|-start|p2a: Great Tusk|move: Leech Seed
|
|-damage|p2a: Great Tusk|24/100 psn|[from] Leech Seed|[of] p1a: Chesnaught
|-heal|p1a: Chesnaught|99/100|[silent]
|-damage|p2a: Great Tusk|12/100 psn|[from] psn
|-sideend|p2: gardenGnostic|move: Light Screen
|upkeep
|turn|11
|
|t:|1760432521
|-end|p2a: Great Tusk|Protosynthesis|[silent]
|switch|p2a: Ninetales|Ninetales, M|100/100
|-weather|SunnyDay|[from] ability: Drought|[of] p2a: Ninetales
|move|p1a: Chesnaught|Knock Off|p2a: Ninetales
|-damage|p2a: Ninetales|87/100
|-enditem|p2a: Ninetales|Heat Rock|[from] move: Knock Off|[of] p1a: Chesnaught
|
|-weather|SunnyDay|[upkeep]
|-sideend|p2: gardenGnostic|Reflect
|upkeep
|turn|12
|
|t:|1760432535
|switch|p1a: Swampert|Swampert, M|48/100
|move|p2a: Ninetales|Will-O-Wisp|p1a: Swampert
|-status|p1a: Swampert|brn
|
|-weather|SunnyDay|[upkeep]
|-damage|p1a: Swampert|42/100 brn|[from] brn
|upkeep
|turn|13
|
|t:|1760432545
|switch|p2a: Scovillain|Scovillain, M|91/100
|move|p1a: Swampert|Earthquake|p2a: Scovillain
|-crit|p2a: Scovillain
|-damage|p2a: Scovillain|39/100
|
|-weather|SunnyDay|[upkeep]
|-damage|p1a: Swampert|36/100 brn|[from] brn
|upkeep
|turn|14
|c|☆gardenGnostic|dude
|c|☆LX1987|wooh
|c|☆LX1987|cool
|inactive|gardenGnostic has 120 seconds left.
|c|☆gardenGnostic|what no scope hacks is this swampert running
|
|t:|1760432581
|move|p2a: Scovillain|Growth|p2a: Scovillain
|-boost|p2a: Scovillain|atk|2
|-boost|p2a: Scovillain|spa|2
|move|p1a: Swampert|Earthquake|p2a: Scovillain
|-damage|p2a: Scovillain|5/100
|
|-weather|SunnyDay|[upkeep]
|-damage|p1a: Swampert|30/100 brn|[from] brn
|upkeep
|turn|15
|inactive|gardenGnostic has 120 seconds left.
|
|t:|1760432591
|move|p2a: Scovillain|Giga Drain|p1a: Swampert
|-supereffective|p1a: Swampert
|-damage|p1a: Swampert|0 fnt
|-heal|p2a: Scovillain|25/100|[from] drain|[of] p1a: Swampert
|faint|p1a: Swampert
|-damage|p2a: Scovillain|15/100|[from] item: Life Orb
|
|-weather|SunnyDay|[upkeep]
|upkeep
|
|t:|1760432601
|switch|p1a: Entei|Entei|100/100
|-ability|p1a: Entei|Pressure
|turn|16
|
|t:|1760432606
|move|p1a: Entei|Extreme Speed|p2a: Scovillain
|-damage|p2a: Scovillain|0 fnt
|faint|p2a: Scovillain
|
|-weather|SunnyDay|[upkeep]
|upkeep
|
|t:|1760432614
|switch|p2a: Ninetales|Ninetales, M|87/100
|turn|17
|
|t:|1760432618
|move|p1a: Entei|Stomping Tantrum|p2a: Ninetales
|-supereffective|p2a: Ninetales
|-damage|p2a: Ninetales|25/100
|move|p2a: Ninetales|Healing Wish|p2a: Ninetales
|faint|p2a: Ninetales
|
|-weather|SunnyDay|[upkeep]
|upkeep
|
|t:|1760432620
|switch|p2a: Great Tusk|Great Tusk|12/100 psn
|-heal|p2a: Great Tusk|100/100|[from] move: Healing Wish
|-activate|p2a: Great Tusk|ability: Protosynthesis
|-start|p2a: Great Tusk|protosynthesisspe
|turn|18
|
|t:|1760432631
|-terastallize|p1a: Entei|Normal
|move|p2a: Great Tusk|Stealth Rock|p1a: Entei
|-sidestart|p1: LX1987|move: Stealth Rock
|move|p1a: Entei|Sacred Fire|p2a: Great Tusk
|-damage|p2a: Great Tusk|56/100
|-status|p2a: Great Tusk|brn
|
|-weather|none
|-end|p2a: Great Tusk|Protosynthesis
|-damage|p2a: Great Tusk|50/100 brn|[from] brn
|upkeep
|turn|19
|
|t:|1760432646
|switch|p1a: Chesnaught|Chesnaught, M|99/100
|-damage|p1a: Chesnaught|93/100|[from] Stealth Rock
|move|p2a: Great Tusk|Knock Off|p1a: Chesnaught
|-resisted|p1a: Chesnaught
|-damage|p1a: Chesnaught|90/100
|
|-damage|p2a: Great Tusk|44/100 brn|[from] brn
|upkeep
|turn|20
|
|t:|1760432656
|move|p2a: Great Tusk|Rapid Spin|p1a: Chesnaught
|-damage|p1a: Chesnaught|86/100
|-boost|p2a: Great Tusk|spe|1
|move|p1a: Chesnaught|Leech Seed|p2a: Great Tusk|[miss]
|-miss|p1a: Chesnaught|p2a: Great Tusk
|
|-damage|p2a: Great Tusk|38/100 brn|[from] brn
|upkeep
|turn|21
|
|t:|1760432667
|move|p2a: Great Tusk|Rapid Spin|p1a: Chesnaught
|-damage|p1a: Chesnaught|81/100
|-boost|p2a: Great Tusk|spe|1
|move|p1a: Chesnaught|Body Press|p2a: Great Tusk
|-damage|p2a: Great Tusk|10/100 brn
|-damage|p1a: Chesnaught|65/100|[from] item: Rocky Helmet|[of] p2a: Great Tusk
|
|-damage|p2a: Great Tusk|4/100 brn|[from] brn
|upkeep
|turn|22
|
|t:|1760432678
|switch|p1a: Dragapult|Dragapult, F|100/100
|-damage|p1a: Dragapult|88/100|[from] Stealth Rock
|move|p2a: Great Tusk|Rapid Spin|p1a: Dragapult
|-immune|p1a: Dragapult
|
|-damage|p2a: Great Tusk|0 fnt|[from] brn
|faint|p2a: Great Tusk
|-end|p2a: Great Tusk|Protosynthesis|[silent]
|upkeep
|
|t:|1760432681
|switch|p2a: Kingambit|Kingambit, M|100/100
|-activate|p2a: Kingambit|ability: Supreme Overlord
|-start|p2a: Kingambit|fallen5|[silent]
|turn|23
|
|t:|1760432693
|-terastallize|p2a: Kingambit|Ghost
|move|p1a: Dragapult|Will-O-Wisp|p2a: Kingambit
|-status|p2a: Kingambit|brn
|move|p2a: Kingambit|Swords Dance|p2a: Kingambit
|-boost|p2a: Kingambit|atk|2
|
|-damage|p2a: Kingambit|94/100 brn|[from] brn
|upkeep
|turn|24
|
|t:|1760432705
|move|p2a: Kingambit|Sucker Punch|p1a: Dragapult
|-supereffective|p1a: Dragapult
|-damage|p1a: Dragapult|0 fnt
|faint|p1a: Dragapult
|
|-heal|p2a: Kingambit|100/100 brn|[from] item: Leftovers
|-damage|p2a: Kingambit|94/100 brn|[from] brn
|upkeep
|
|t:|1760432714
|switch|p1a: Chesnaught|Chesnaught, M|65/100
|-damage|p1a: Chesnaught|59/100|[from] Stealth Rock
|turn|25
|
|t:|1760432719
|move|p1a: Chesnaught|Knock Off|p2a: Kingambit
|-supereffective|p2a: Kingambit
|-damage|p2a: Kingambit|60/100 brn
|-enditem|p2a: Kingambit|Leftovers|[from] move: Knock Off|[of] p1a: Chesnaught
|move|p2a: Kingambit|Swords Dance|p2a: Kingambit
|-boost|p2a: Kingambit|atk|2
|
|-damage|p2a: Kingambit|53/100 brn|[from] brn
|upkeep
|turn|26
|
|t:|1760432730
|move|p1a: Chesnaught|Leech Seed|p2a: Kingambit
|-start|p2a: Kingambit|move: Leech Seed
|move|p2a: Kingambit|Iron Head|p1a: Chesnaught
|-damage|p1a: Chesnaught|0 fnt
|faint|p1a: Chesnaught
|
|-damage|p2a: Kingambit|47/100 brn|[from] brn
|upkeep
|
|t:|1760432740
|switch|p1a: Weezing|Weezing-Galar, M|100/100
|-ability|p1a: Weezing|Neutralizing Gas
|-damage|p1a: Weezing|88/100|[from] Stealth Rock
|turn|27
|
|t:|1760432746
|move|p2a: Kingambit|Iron Head|p1a: Weezing
|-supereffective|p1a: Weezing
|-damage|p1a: Weezing|0 fnt
|faint|p1a: Weezing
|-end|p1a: Weezing|ability: Neutralizing Gas
|-activate|p2a: Kingambit|ability: Supreme Overlord
|-start|p2a: Kingambit|fallen5|[silent]
|
|-damage|p2a: Kingambit|41/100 brn|[from] brn
|upkeep
|
|t:|1760432756
|switch|p1a: Entei|Entei, tera:Normal|100/100
|-damage|p1a: Entei|88/100|[from] Stealth Rock
|-ability|p1a: Entei|Pressure
|turn|28
|
|t:|1760432766
|move|p1a: Entei|Swagger|p2a: Kingambit
|-boost|p2a: Kingambit|atk|2
|-start|p2a: Kingambit|confusion
|-enditem|p1a: Entei|Mirror Herb
|-boost|p1a: Entei|atk|2|[from] item: Mirror Herb
|-activate|p2a: Kingambit|confusion
|move|p2a: Kingambit|Kowtow Cleave|p1a: Entei
|-damage|p1a: Entei|0 fnt
|faint|p1a: Entei
|
|win|gardenGnostic
|raw|LX1987's rating: 1425 &rarr; <strong>1407</strong><br />(-18 for losing)
|raw|gardenGnostic's rating: 1462 &rarr; <strong>1480</strong><br />(+18 for winning)
|l|☆LX1987
|player|p1|
|l|☆gardenGnostic
|player|p2|
