|j|☆kaicenatsaveus
|j|☆PoulpeDD
|t:|1760430226
|gametype|singles
|player|p1|kaicenatsaveus|dawn|1133
|player|p2|PoulpeDD|101|1090
|gen|9
|tier|[Gen 9] OU
|rated|
|rule|HP Percentage Mod: HP is shown in percentages
|rule|Endless Battle Clause: Forcing endless battles is banned
|rule|Species Clause: Limit one of each Pokémon
|rule|OHKO Clause: OHKO moves are banned
|rule|Evasion Items Clause: Evasion items are banned
|rule|Evasion Moves Clause: Evasion moves are banned
|rule|Evasion Abilities Clause: Evasion abilities are banned
|rule|Sleep Moves Clause: Sleep-inducing moves are banned
|clearpoke
|poke|p1|Kingambit, F|
|poke|p1|Landorus-Therian, M|
|poke|p1|Kyurem|
|poke|p1|Iron Valiant|
|poke|p1|Slowking-Galar, M|
|poke|p1|Cinderace, F|
|poke|p2|Ninetales, F|
|poke|p2|Raging Bolt|
|poke|p2|Iron Moth|
|poke|p2|Clodsire, M|
|poke|p2|Great Tusk|
|poke|p2|Torkoal, M|
|teampreview
|inactive|Battle timer is ON: inactive players will automatically lose when time's up. (requested by kaicenatsaveus)
|
|t:|1760430252
|teamsize|p1|6
|teamsize|p2|6
|start
|switch|p1a: Slowking|Slowking-Galar, M|100/100
|switch|p2a: Ninetales|Ninetales, F, shiny|100/100
|-weather|SunnyDay|[from] ability: Drought|[of] p2a: Ninetales
|turn|1
|
|t:|1760430277
|move|p2a: Ninetales|Weather Ball|p1a: Slowking
|-damage|p1a: Slowking|69/100
|move|p1a: Slowking|Thunder Wave|p2a: Ninetales
|-status|p2a: Ninetales|par
|
|-weather|SunnyDay|[upkeep]
|upkeep
|turn|2
|
|t:|1760430286
|cant|p2a: Ninetales|par
|-prepare|p1a: Slowking|Chilly Reception|[premajor]
|move|p1a: Slowking|Chilly Reception|p1a: Slowking
|-weather|Snowscape
|
|t:|1760430293
|switch|p1a: Landorus|Landorus-Therian, M|100/100|[from] Chilly Reception
|-ability|p1a: Landorus|Intimidate|boost
|-unboost|p2a: Ninetales|atk|1
|
|-weather|Snowscape|[upkeep]
|upkeep
|turn|3
|
|t:|1760430313
|switch|p2a: Great Tusk|Great Tusk|100/100
|move|p1a: Landorus|Stealth Rock|p2a: Great Tusk
|-sidestart|p2: PoulpeDD|move: Stealth Rock
|
|-weather|Snowscape|[upkeep]
|upkeep
|turn|4
|
|t:|1760430328
|switch|p1a: Slowking|Slowking-Galar, M|100/100
|move|p2a: Great Tusk|Rapid Spin|p1a: Slowking
|-damage|p1a: Slowking|84/100
|-boost|p2a: Great Tusk|spe|1
|-sideend|p2: PoulpeDD|Stealth Rock|[from] move: Rapid Spin|[of] p2a: Great Tusk
|
|-weather|Snowscape|[upkeep]
|upkeep
|turn|5
|inactive|PoulpeDD has 120 seconds left.
|
|t:|1760430352
|-end|p2a: Great Tusk|Protosynthesis|[silent]
|switch|p2a: Torkoal|Torkoal, M|100/100
|-weather|SunnyDay|[from] ability: Drought|[of] p2a: Torkoal
|switch|p1a: Landorus|Landorus-Therian, M|100/100
|-ability|p1a: Landorus|Intimidate|boost
|-unboost|p2a: Torkoal|atk|1
|
|-weather|SunnyDay|[upkeep]
|upkeep
|turn|6
|inactive|PoulpeDD has 120 seconds left.
|
|t:|1760430366
|switch|p2a: Great Tusk|Great Tusk|100/100
|-activate|p2a: Great Tusk|ability: Protosynthesis
|-start|p2a: Great Tusk|protosynthesisatk
|move|p1a: Landorus|Earthquake|p2a: Great Tusk
|-damage|p2a: Great Tusk|68/100
|
|-weather|SunnyDay|[upkeep]
|-heal|p2a: Great Tusk|74/100|[from] item: Leftovers
|upkeep
|turn|7
|inactive|PoulpeDD has 120 seconds left.
|
|t:|1760430392
|switch|p1a: Cinderace|Cinderace, F|100/100
|move|p2a: Great Tusk|Rapid Spin|p1a: Cinderace
|-damage|p1a: Cinderace|74/100
|-boost|p2a: Great Tusk|spe|1
|
|-weather|SunnyDay|[upkeep]
|-heal|p2a: Great Tusk|81/100|[from] item: Leftovers
|upkeep
|turn|8
|inactive|PoulpeDD has 120 seconds left.
|
|t:|1760430408
|-terastallize|p1a: Cinderace|Grass
|move|p2a: Great Tusk|Earthquake|p1a: Cinderace
|-resisted|p1a: Cinderace
|-damage|p1a: Cinderace|31/100
|move|p1a: Cinderace|Will-O-Wisp|p2a: Great Tusk
|-status|p2a: Great Tusk|brn
|
|-weather|SunnyDay|[upkeep]
|-heal|p2a: Great Tusk|87/100 brn|[from] item: Leftovers
|-damage|p2a: Great Tusk|81/100 brn|[from] brn
|upkeep
|turn|9
|inactive|PoulpeDD has 120 seconds left.
|
|t:|1760430428
|switch|p1a: Slowking|Slowking-Galar, M|100/100
|move|p2a: Great Tusk|Close Combat|p1a: Slowking
|-resisted|p1a: Slowking
|-damage|p1a: Slowking|90/100
|-unboost|p2a: Great Tusk|def|1
|-unboost|p2a: Great Tusk|spd|1
|
|-weather|none
|-end|p2a: Great Tusk|Protosynthesis
|-heal|p2a: Great Tusk|87/100 brn|[from] item: Leftovers
|-damage|p2a: Great Tusk|81/100 brn|[from] brn
|upkeep
|turn|10
|inactive|PoulpeDD has 120 seconds left.
|
|t:|1760430447
|-end|p2a: Great Tusk|Protosynthesis|[silent]
|switch|p2a: Torkoal|Torkoal, M|100/100
|-weather|SunnyDay|[from] ability: Drought|[of] p2a: Torkoal
|switch|p1a: Landorus|Landorus-Therian, M|100/100
|-ability|p1a: Landorus|Intimidate|boost
|-unboost|p2a: Torkoal|atk|1
|
|-weather|SunnyDay|[upkeep]
|upkeep
|turn|11
|
|t:|1760430468
|-terastallize|p2a: Torkoal|Flying
|move|p1a: Landorus|Earthquake|p2a: Torkoal
|-immune|p2a: Torkoal
|move|p2a: Torkoal|Will-O-Wisp|p1a: Landorus
|-status|p1a: Landorus|brn
|
|-weather|SunnyDay|[upkeep]
|-damage|p1a: Landorus|95/100 brn|[from] brn
|upkeep
|turn|12
|
|t:|1760430485
|switch|p1a: Slowking|Slowking-Galar, M|100/100
|move|p2a: Torkoal|Lava Plume|p1a: Slowking
|-damage|p1a: Slowking|79/100
|-status|p1a: Slowking|brn
|
|-weather|SunnyDay|[upkeep]
|-damage|p1a: Slowking|73/100 brn|[from] brn
|upkeep
|turn|13
|
|t:|1760430498
|-prepare|p1a: Slowking|Chilly Reception|[premajor]
|move|p1a: Slowking|Chilly Reception|p1a: Slowking
|-weather|Snowscape
|
|t:|1760430501
|switch|p1a: Kyurem|Kyurem|100/100|[from] Chilly Reception
|-ability|p1a: Kyurem|Pressure
|move|p2a: Torkoal|Lava Plume|p1a: Kyurem
|-damage|p1a: Kyurem|78/100
|
|-weather|Snowscape|[upkeep]
|-heal|p1a: Kyurem|84/100|[from] item: Leftovers
|upkeep
|turn|14
|
|t:|1760430513
|switch|p2a: Ninetales|Ninetales, F, shiny|100/100 par
|-weather|SunnyDay|[from] ability: Drought|[of] p2a: Ninetales
|move|p1a: Kyurem|Substitute|p1a: Kyurem
|-start|p1a: Kyurem|Substitute
|-damage|p1a: Kyurem|59/100
|
|-weather|SunnyDay|[upkeep]
|-heal|p1a: Kyurem|66/100|[from] item: Leftovers
|upkeep
|turn|15
|
|t:|1760430523
|move|p1a: Kyurem|Earth Power|p2a: Ninetales
|-supereffective|p2a: Ninetales
|-damage|p2a: Ninetales|26/100 par
|cant|p2a: Ninetales|par
|
|-weather|SunnyDay|[upkeep]
|-heal|p1a: Kyurem|72/100|[from] item: Leftovers
|upkeep
|turn|16
|
|t:|1760430533
|switch|p2a: Great Tusk|Great Tusk|81/100 brn
|-activate|p2a: Great Tusk|ability: Protosynthesis
|-start|p2a: Great Tusk|protosynthesisatk
|move|p1a: Kyurem|Earth Power|p2a: Great Tusk
|-crit|p2a: Great Tusk
|-damage|p2a: Great Tusk|8/100 brn
|
|-weather|SunnyDay|[upkeep]
|-heal|p1a: Kyurem|78/100|[from] item: Leftovers
|-heal|p2a: Great Tusk|14/100 brn|[from] item: Leftovers
|-damage|p2a: Great Tusk|8/100 brn|[from] brn
|upkeep
|turn|17
|
|t:|1760430552
|move|p1a: Kyurem|Earth Power|p2a: Great Tusk
|-damage|p2a: Great Tusk|0 fnt
|faint|p2a: Great Tusk
|-end|p2a: Great Tusk|Protosynthesis|[silent]
|
|-weather|SunnyDay|[upkeep]
|-heal|p1a: Kyurem|84/100|[from] item: Leftovers
|upkeep
|
|t:|1760430560
|switch|p2a: Iron Moth|Iron Moth|100/100
|turn|18
|
|t:|1760430565
|move|p2a: Iron Moth|Fiery Dance|p1a: Kyurem
|-end|p1a: Kyurem|Substitute
|move|p1a: Kyurem|Earth Power|p2a: Iron Moth
|-supereffective|p2a: Iron Moth
|-damage|p2a: Iron Moth|0 fnt
|faint|p2a: Iron Moth
|-end|p2a: Iron Moth|Quark Drive|[silent]
|
|-weather|SunnyDay|[upkeep]
|-heal|p1a: Kyurem|90/100|[from] item: Leftovers
|upkeep
|-message|PoulpeDD forfeited.
|
|win|kaicenatsaveus
|raw|kaicenatsaveus's rating: 1133 &rarr; <strong>1155</strong><br />(+22 for winning)
|raw|PoulpeDD's rating: 1090 &rarr; <strong>1069</strong><br />(-21 for losing)
|l|☆PoulpeDD
|player|p2|
|l|☆kaicenatsaveus
|player|p1|
