|j|☆Menapai
|j|☆Crogenius2
|t:|1760307762
|gametype|singles
|player|p1|Menapai|lyra|1751
|player|p2|Crogenius2|wattson|1682
|gen|9
|tier|[Gen 9] OU
|rated|
|rule|HP Percentage Mod: HP is shown in percentages
|rule|Endless Battle Clause: Forcing endless battles is banned
|rule|Species Clause: Limit one of each Pokémon
|rule|OHKO Clause: OHKO moves are banned
|rule|Evasion Items Clause: Evasion items are banned
|rule|Evasion Moves Clause: Evasion moves are banned
|rule|Evasion Abilities Clause: Evasion abilities are banned
|rule|Sleep Moves Clause: Sleep-inducing moves are banned
|clearpoke
|poke|p1|Breloom, F|
|poke|p1|Kyurem|
|poke|p1|Gholdengo|
|poke|p1|Kingambit, M|
|poke|p1|Primarina, F|
|poke|p1|Raging Bolt|
|poke|p2|Vaporeon, F|
|poke|p2|Garchomp, M|
|poke|p2|Gholdengo|
|poke|p2|Darkrai|
|poke|p2|Scizor, M|
|poke|p2|Great Tusk|
|teampreview
|inactive|Battle timer is ON: inactive players will automatically lose when time's up. (requested by Crogenius2)
|
|t:|1760307784
|teamsize|p1|6
|teamsize|p2|6
|start
|switch|p1a: Breloom|Breloom, F|100/100
|switch|p2a: Scizor|Scizor, M|100/100
|turn|1
|
|t:|1760307787
|move|p1a: Breloom|Close Combat|p2a: Scizor
|-crit|p2a: Scizor
|-damage|p2a: Scizor|0 fnt
|-unboost|p1a: Breloom|def|1
|-unboost|p1a: Breloom|spd|1
|faint|p2a: Scizor
|
|upkeep
|
|t:|1760307794
|switch|p2a: Garchomp|Garchomp, M|100/100
|turn|2
|
|t:|1760307798
|move|p1a: Breloom|Close Combat|p2a: Garchomp
|-damage|p2a: Garchomp|46/100
|-unboost|p1a: Breloom|def|1
|-unboost|p1a: Breloom|spd|1
|-damage|p1a: Breloom|88/100|[from] ability: Rough Skin|[of] p2a: Garchomp
|-damage|p1a: Breloom|72/100|[from] item: Rocky Helmet|[of] p2a: Garchomp
|move|p2a: Garchomp|Stealth Rock|p1a: Breloom
|-sidestart|p1: Menapai|move: Stealth Rock
|
|upkeep
|turn|3
|
|t:|1760307808
|switch|p1a: Raging Bolt|Raging Bolt|100/100
|-damage|p1a: Raging Bolt|88/100|[from] Stealth Rock
|-enditem|p1a: Raging Bolt|Booster Energy
|-activate|p1a: Raging Bolt|ability: Protosynthesis|[fromitem]
|-start|p1a: Raging Bolt|protosynthesisspa
|switch|p2a: Gholdengo|Gholdengo|100/100
|
|upkeep
|turn|4
|
|t:|1760307817
|move|p2a: Gholdengo|Trick|p1a: Raging Bolt
|-activate|p2a: Gholdengo|move: Trick|[of] p1a: Raging Bolt
|-item|p1a: Raging Bolt|Choice Scarf|[from] move: Trick
|-enditem|p2a: Gholdengo|Choice Scarf|[silent]|[from] move: Trick
|move|p1a: Raging Bolt|Calm Mind|p1a: Raging Bolt
|-boost|p1a: Raging Bolt|spa|1
|-boost|p1a: Raging Bolt|spd|1
|
|upkeep
|turn|5
|
|t:|1760307827
|-end|p1a: Raging Bolt|Protosynthesis|[silent]
|switch|p1a: Primarina|Primarina, F|100/100
|-damage|p1a: Primarina|88/100|[from] Stealth Rock
|move|p2a: Gholdengo|Shadow Ball|p1a: Primarina
|-damage|p1a: Primarina|51/100
|
|-heal|p1a: Primarina|58/100|[from] item: Leftovers
|upkeep
|turn|6
|
|t:|1760307836
|switch|p2a: Vaporeon|Vaporeon, F|100/100
|move|p1a: Primarina|Psychic Noise|p2a: Vaporeon
|-immune|p2a: Vaporeon|[from] ability: Water Absorb
|
|-heal|p1a: Primarina|64/100|[from] item: Leftovers
|upkeep
|turn|7
|
|t:|1760307841
|switch|p2a: Darkrai|Darkrai|100/100
|move|p1a: Primarina|Substitute|p1a: Primarina
|-start|p1a: Primarina|Substitute
|-damage|p1a: Primarina|39/100
|
|-heal|p1a: Primarina|45/100|[from] item: Leftovers
|upkeep
|turn|8
|
|t:|1760307844
|move|p2a: Darkrai|Dark Pulse|p1a: Primarina
|-resisted|p1a: Primarina
|-activate|p1a: Primarina|move: Substitute|[damage]
|move|p1a: Primarina|Draining Kiss|p2a: Darkrai
|-supereffective|p2a: Darkrai
|-damage|p2a: Darkrai|46/100
|-heal|p1a: Primarina|76/100|[from] drain|[of] p2a: Darkrai
|
|-heal|p1a: Primarina|82/100|[from] item: Leftovers
|upkeep
|turn|9
|
|t:|1760307851
|switch|p2a: Vaporeon|Vaporeon, F|100/100
|move|p1a: Primarina|Draining Kiss|p2a: Vaporeon
|-damage|p2a: Vaporeon|88/100
|-heal|p1a: Primarina|95/100|[from] drain|[of] p2a: Vaporeon
|
|-heal|p2a: Vaporeon|94/100|[from] item: Leftovers
|-heal|p1a: Primarina|100/100|[from] item: Leftovers
|upkeep
|turn|10
|
|t:|1760307854
|move|p2a: Vaporeon|Calm Mind|p2a: Vaporeon
|-boost|p2a: Vaporeon|spa|1
|-boost|p2a: Vaporeon|spd|1
|move|p1a: Primarina|Calm Mind|p1a: Primarina
|-boost|p1a: Primarina|spa|1
|-boost|p1a: Primarina|spd|1
|
|-heal|p2a: Vaporeon|99/100|[from] item: Leftovers
|upkeep
|turn|11
|
|t:|1760307858
|switch|p1a: Breloom|Breloom, F|72/100
|-damage|p1a: Breloom|66/100|[from] Stealth Rock
|move|p2a: Vaporeon|Scald|p1a: Breloom
|-resisted|p1a: Breloom
|-damage|p1a: Breloom|22/100
|
|-heal|p2a: Vaporeon|100/100|[from] item: Leftovers
|upkeep
|turn|12
|
|t:|1760307862
|move|p2a: Vaporeon|Protect|p2a: Vaporeon
|-singleturn|p2a: Vaporeon|Protect
|move|p1a: Breloom|Close Combat|p2a: Vaporeon
|-activate|p2a: Vaporeon|move: Protect
|
|upkeep
|turn|13
|
|t:|1760307867
|switch|p2a: Gholdengo|Gholdengo|100/100
|move|p1a: Breloom|Close Combat|p2a: Gholdengo
|-immune|p2a: Gholdengo
|
|upkeep
|turn|14
|
|t:|1760307874
|switch|p1a: Raging Bolt|Raging Bolt|88/100
|-damage|p1a: Raging Bolt|76/100|[from] Stealth Rock
|move|p2a: Gholdengo|Shadow Ball|p1a: Raging Bolt
|-damage|p1a: Raging Bolt|32/100
|
|upkeep
|turn|15
|
|t:|1760307880
|move|p1a: Raging Bolt|Dragon Pulse|p2a: Gholdengo
|-resisted|p2a: Gholdengo
|-damage|p2a: Gholdengo|71/100
|move|p2a: Gholdengo|Shadow Ball|p1a: Raging Bolt
|-damage|p1a: Raging Bolt|0 fnt
|faint|p1a: Raging Bolt
|-end|p1a: Raging Bolt|Protosynthesis|[silent]
|
|upkeep
|
|t:|1760307899
|switch|p1a: Kingambit|Kingambit, M|100/100
|-damage|p1a: Kingambit|94/100|[from] Stealth Rock
|-activate|p1a: Kingambit|ability: Supreme Overlord
|-start|p1a: Kingambit|fallen1|[silent]
|turn|16
|
|t:|1760307916
|switch|p2a: Garchomp|Garchomp, M|46/100
|move|p1a: Kingambit|Iron Head|p2a: Garchomp
|-damage|p2a: Garchomp|14/100
|-damage|p1a: Kingambit|82/100|[from] ability: Rough Skin|[of] p2a: Garchomp
|-damage|p1a: Kingambit|66/100|[from] item: Rocky Helmet|[of] p2a: Garchomp
|
|upkeep
|turn|17
|
|t:|1760307937
|move|p1a: Kingambit|Sucker Punch||[still]
|-fail|p1a: Kingambit
|move|p2a: Garchomp|Spikes|p1a: Kingambit
|-sidestart|p1: Menapai|Spikes
|
|upkeep
|turn|18
|
|t:|1760307940
|move|p2a: Garchomp|Earthquake|p1a: Kingambit
|-supereffective|p1a: Kingambit
|-damage|p1a: Kingambit|0 fnt
|faint|p1a: Kingambit
|-end|p1a: Kingambit|fallen1|[silent]
|
|upkeep
|
|t:|1760307944
|switch|p1a: Kyurem|Kyurem|100/100
|-damage|p1a: Kyurem|76/100|[from] Stealth Rock
|-damage|p1a: Kyurem|63/100|[from] Spikes
|-ability|p1a: Kyurem|Pressure
|turn|19
|
|t:|1760307949
|move|p1a: Kyurem|Freeze-Dry|p2a: Garchomp
|-supereffective|p2a: Garchomp
|-damage|p2a: Garchomp|0 fnt
|faint|p2a: Garchomp
|
|-heal|p1a: Kyurem|69/100|[from] item: Leftovers
|upkeep
|
|t:|1760307952
|switch|p2a: Great Tusk|Great Tusk|100/100
|turn|20
|
|t:|1760307956
|-terastallize|p2a: Great Tusk|Steel
|move|p1a: Kyurem|Substitute|p1a: Kyurem
|-start|p1a: Kyurem|Substitute
|-damage|p1a: Kyurem|44/100
|move|p2a: Great Tusk|Rapid Spin|p1a: Kyurem
|-activate|p1a: Kyurem|move: Substitute|[damage]
|-boost|p2a: Great Tusk|spe|1
|
|-heal|p1a: Kyurem|51/100|[from] item: Leftovers
|upkeep
|turn|21
|
|t:|1760307967
|-terastallize|p1a: Kyurem|Ground
|move|p2a: Great Tusk|Earthquake|p1a: Kyurem
|-end|p1a: Kyurem|Substitute
|move|p1a: Kyurem|Earth Power|p2a: Great Tusk
|-supereffective|p2a: Great Tusk
|-damage|p2a: Great Tusk|0 fnt
|faint|p2a: Great Tusk
|-end|p2a: Great Tusk|Protosynthesis|[silent]
|
|-heal|p1a: Kyurem|57/100|[from] item: Leftovers
|upkeep
|
|t:|1760307970
|switch|p2a: Darkrai|Darkrai|46/100
|turn|22
|
|t:|1760307985
|move|p1a: Kyurem|Protect|p1a: Kyurem
|-singleturn|p1a: Kyurem|Protect
|move|p2a: Darkrai|Sludge Bomb|p1a: Kyurem
|-activate|p1a: Kyurem|move: Protect
|
|-heal|p1a: Kyurem|63/100|[from] item: Leftovers
|upkeep
|turn|23
|
|t:|1760307988
|switch|p2a: Vaporeon|Vaporeon, F|100/100
|move|p1a: Kyurem|Earth Power|p2a: Vaporeon
|-damage|p2a: Vaporeon|73/100
|-unboost|p2a: Vaporeon|spd|1
|
|-heal|p1a: Kyurem|69/100|[from] item: Leftovers
|-heal|p2a: Vaporeon|80/100|[from] item: Leftovers
|upkeep
|turn|24
|
|t:|1760307992
|move|p1a: Kyurem|Freeze-Dry|p2a: Vaporeon
|-supereffective|p2a: Vaporeon
|-damage|p2a: Vaporeon|26/100
|move|p2a: Vaporeon|Calm Mind|p2a: Vaporeon
|-boost|p2a: Vaporeon|spa|1
|-boost|p2a: Vaporeon|spd|1
|
|-heal|p1a: Kyurem|75/100|[from] item: Leftovers
|-heal|p2a: Vaporeon|32/100|[from] item: Leftovers
|upkeep
|turn|25
|
|t:|1760308000
|move|p1a: Kyurem|Freeze-Dry|p2a: Vaporeon
|-supereffective|p2a: Vaporeon
|-damage|p2a: Vaporeon|0 fnt
|faint|p2a: Vaporeon
|
|-heal|p1a: Kyurem|81/100|[from] item: Leftovers
|upkeep
|
|t:|1760308005
|switch|p2a: Gholdengo|Gholdengo|71/100
|turn|26
|
|t:|1760308008
|move|p1a: Kyurem|Earth Power|p2a: Gholdengo
|-supereffective|p2a: Gholdengo
|-damage|p2a: Gholdengo|0 fnt
|faint|p2a: Gholdengo
|
|-heal|p1a: Kyurem|88/100|[from] item: Leftovers
|upkeep
|
|t:|1760308018
|switch|p2a: Darkrai|Darkrai|46/100
|turn|27
|
|t:|1760308021
|move|p2a: Darkrai|Dark Pulse|p1a: Kyurem
|-damage|p1a: Kyurem|28/100
|move|p1a: Kyurem|Earth Power|p2a: Darkrai
|-damage|p2a: Darkrai|0 fnt
|faint|p2a: Darkrai
|
|win|Menapai
|raw|Menapai's rating: 1751 &rarr; <strong>1767</strong><br />(+16 for winning)
|raw|Crogenius2's rating: 1682 &rarr; <strong>1666</strong><br />(-16 for losing)
|l|☆Menapai
|player|p1|
|l|☆Crogenius2
|player|p2|
