|j|☆lifeless virgin
|j|☆quaxlyisgreat
|t:|1760371032
|gametype|singles
|player|p1|lifeless virgin|benga|1046
|player|p2|quaxlyisgreat|wattson|1052
|gen|9
|tier|[Gen 9] OU
|rated|
|rule|HP Percentage Mod: HP is shown in percentages
|rule|Endless Battle Clause: Forcing endless battles is banned
|rule|Species Clause: Limit one of each Pokémon
|rule|OHKO Clause: OHKO moves are banned
|rule|Evasion Items Clause: Evasion items are banned
|rule|Evasion Moves Clause: Evasion moves are banned
|rule|Evasion Abilities Clause: Evasion abilities are banned
|rule|Sleep Moves Clause: Sleep-inducing moves are banned
|clearpoke
|poke|p1|Ceruledge, M|
|poke|p1|Salamence, M|
|poke|p1|Corviknight, M|
|poke|p1|Gardevoir, F|
|poke|p1|Gengar, M|
|poke|p1|Glimmora, M|
|poke|p2|Quaquaval, M|
|poke|p2|Arboliva, F|
|poke|p2|Skeledirge, M|
|poke|p2|Garganacl, F|
|poke|p2|Kingambit, M|
|poke|p2|Hatterene, F|
|teampreview
|
|t:|1760371043
|teamsize|p1|6
|teamsize|p2|6
|start
|switch|p1a: Ceruledge|Ceruledge, M, shiny|100/100
|switch|p2a: Quaquaval|Quaquaval, M|100/100
|turn|1
|
|t:|1760371049
|move|p1a: Ceruledge|Swords Dance|p1a: Ceruledge
|-boost|p1a: Ceruledge|atk|2
|move|p2a: Quaquaval|Aqua Step|p1a: Ceruledge
|-supereffective|p1a: Ceruledge
|-enditem|p1a: Ceruledge|Focus Sash
|-damage|p1a: Ceruledge|1/100
|-boost|p2a: Quaquaval|spe|1
|-ability|p1a: Ceruledge|Weak Armor|boost
|-unboost|p1a: Ceruledge|def|1
|-boost|p1a: Ceruledge|spe|2
|
|upkeep
|turn|2
|
|t:|1760371066
|move|p1a: Ceruledge|Poltergeist|p2a: Quaquaval|[miss]
|-miss|p1a: Ceruledge|p2a: Quaquaval
|move|p2a: Quaquaval|Aqua Step|p1a: Ceruledge
|-supereffective|p1a: Ceruledge
|-damage|p1a: Ceruledge|0 fnt
|-boost|p2a: Quaquaval|spe|1
|faint|p1a: Ceruledge
|-ability|p2a: Quaquaval|Moxie|boost
|-boost|p2a: Quaquaval|atk|1
|
|upkeep
|
|t:|1760371070
|switch|p1a: Glimmora|Glimmora, M, shiny|100/100
|turn|3
|
|t:|1760371079
|move|p2a: Quaquaval|Aqua Step|p1a: Glimmora
|-supereffective|p1a: Glimmora
|-damage|p1a: Glimmora|0 fnt
|-boost|p2a: Quaquaval|spe|1
|-activate|p1a: Glimmora|ability: Toxic Debris
|-sidestart|p2: quaxlyisgreat|move: Toxic Spikes
|faint|p1a: Glimmora
|-ability|p2a: Quaquaval|Moxie|boost
|-boost|p2a: Quaquaval|atk|1
|
|upkeep
|
|t:|1760371085
|switch|p1a: Corviknight|Corviknight, M|100/100
|turn|4
|
|t:|1760371112
|-terastallize|p2a: Quaquaval|Water
|move|p2a: Quaquaval|Aqua Step|p1a: Corviknight
|-damage|p1a: Corviknight|29/100
|-boost|p2a: Quaquaval|spe|1
|move|p1a: Corviknight|Brave Bird|p2a: Quaquaval
|-damage|p2a: Quaquaval|49/100
|-damage|p1a: Corviknight|16/100|[from] Recoil
|
|-heal|p2a: Quaquaval|55/100|[from] item: Leftovers
|upkeep
|turn|5
|
|t:|1760371122
|move|p2a: Quaquaval|Aqua Step|p1a: Corviknight
|-damage|p1a: Corviknight|0 fnt
|-boost|p2a: Quaquaval|spe|1
|faint|p1a: Corviknight
|-ability|p2a: Quaquaval|Moxie|boost
|-boost|p2a: Quaquaval|atk|1
|
|-heal|p2a: Quaquaval|62/100|[from] item: Leftovers
|upkeep
|
|t:|1760371126
|switch|p1a: Gengar|Gengar, M, shiny|100/100
|turn|6
|
|t:|1760371133
|-terastallize|p1a: Gengar|Dark
|move|p2a: Quaquaval|Aqua Step|p1a: Gengar
|-damage|p1a: Gengar|0 fnt
|-boost|p2a: Quaquaval|spe|1
|faint|p1a: Gengar
|-ability|p2a: Quaquaval|Moxie|boost
|-boost|p2a: Quaquaval|atk|1
|
|-heal|p2a: Quaquaval|68/100|[from] item: Leftovers
|upkeep
|
|t:|1760371136
|switch|p1a: Gardevoir|Gardevoir, F, shiny|100/100
|-ability|p1a: Gardevoir|Moxie|Trace|[from] ability: Trace|[of] p2a: Quaquaval
|turn|7
|
|t:|1760371145
|move|p2a: Quaquaval|Aqua Step|p1a: Gardevoir
|-damage|p1a: Gardevoir|0 fnt
|faint|p1a: Gardevoir
|-ability|p2a: Quaquaval|Moxie|boost
|-boost|p2a: Quaquaval|atk|1
|
|-heal|p2a: Quaquaval|74/100|[from] item: Leftovers
|upkeep
|
|t:|1760371148
|switch|p1a: Salamence|Salamence, M, shiny|100/100
|turn|8
|
|t:|1760371156
|move|p2a: Quaquaval|Aqua Step|p1a: Salamence
|-resisted|p1a: Salamence
|-damage|p1a: Salamence|0 fnt
|faint|p1a: Salamence
|
|win|quaxlyisgreat
|raw|lifeless virgin's rating: 1046 &rarr; <strong>1029</strong><br />(-17 for losing)
|raw|quaxlyisgreat's rating: 1052 &rarr; <strong>1084</strong><br />(+32 for winning)
|l|☆lifeless virgin
|player|p1|
