|j|☆bonjourbonjour
|j|☆dodino
|t:|1760359333
|gametype|singles
|player|p1|bonjourbonjour|169|1198
|player|p2|dodino|lucas|1249
|gen|9
|tier|[Gen 9] OU
|rated|
|rule|HP Percentage Mod: HP is shown in percentages
|rule|Endless Battle Clause: Forcing endless battles is banned
|rule|Species Clause: Limit one of each Pokémon
|rule|OHKO Clause: OHKO moves are banned
|rule|Evasion Items Clause: Evasion items are banned
|rule|Evasion Moves Clause: Evasion moves are banned
|rule|Evasion Abilities Clause: Evasion abilities are banned
|rule|Sleep Moves Clause: Sleep-inducing moves are banned
|clearpoke
|poke|p1|Zapdos|
|poke|p1|Moltres|
|poke|p1|Dragapult, F|
|poke|p1|Pelipper, F|
|poke|p1|Blissey, F|
|poke|p1|Araquanid, F|
|poke|p2|Cinderace, F|
|poke|p2|Minior|
|poke|p2|Ampharos, M|
|poke|p2|Azumarill, M|
|poke|p2|Chandelure, M|
|poke|p2|Reuniclus, F|
|teampreview
|inactive|Battle timer is ON: inactive players will automatically lose when time's up. (requested by dodino)
|
|t:|1760359342
|teamsize|p1|6
|teamsize|p2|6
|start
|switch|p1a: Blissey|Blissey, F|100/100
|switch|p2a: 전룡|Ampharos, M|100/100
|turn|1
|
|t:|1760359352
|switch|p2a: 메테노|Minior, shiny|100/100
|-formechange|p2a: 메테노|Minior-Meteor||[from] ability: Shields Down
|move|p1a: Blissey|Stealth Rock|p2a: 메테노
|-sidestart|p2: dodino|move: Stealth Rock
|
|upkeep
|turn|2
|
|t:|1760359360
|move|p2a: 메테노|Shell Smash|p2a: 메테노
|-unboost|p2a: 메테노|def|1
|-unboost|p2a: 메테노|spd|1
|-boost|p2a: 메테노|atk|2
|-boost|p2a: 메테노|spa|2
|-boost|p2a: 메테노|spe|2
|-enditem|p2a: 메테노|White Herb
|-clearnegativeboost|p2a: 메테노|[silent]
|move|p1a: Blissey|Thunder Wave|p2a: 메테노
|-immune|p2a: 메테노|[from] ability: Shields Down
|
|upkeep
|turn|3
|
|t:|1760359377
|switch|p1a: Moltres|Moltres|100/100
|move|p2a: 메테노|Acrobatics|p1a: Moltres
|-damage|p1a: Moltres|54/100
|
|upkeep
|turn|4
|
|t:|1760359387
|switch|p1a: Pelipper|Pelipper, F|100/100
|-weather|RainDance|[from] ability: Drizzle|[of] p1a: Pelipper
|move|p2a: 메테노|Stone Edge|p1a: Pelipper|[miss]
|-miss|p2a: 메테노|p1a: Pelipper
|
|-weather|RainDance|[upkeep]
|upkeep
|turn|5
|
|t:|1760359396
|move|p2a: 메테노|Stone Edge|p1a: Pelipper
|-supereffective|p1a: Pelipper
|-crit|p1a: Pelipper
|-damage|p1a: Pelipper|0 fnt
|faint|p1a: Pelipper
|
|-weather|RainDance|[upkeep]
|upkeep
|
|t:|1760359401
|switch|p1a: Dragapult|Dragapult, F|100/100
|turn|6
|
|t:|1760359407
|move|p2a: 메테노|Acrobatics|p1a: Dragapult
|-damage|p1a: Dragapult|13/100
|move|p1a: Dragapult|Hydro Pump|p2a: 메테노
|-supereffective|p2a: 메테노
|-damage|p2a: 메테노|0 fnt
|faint|p2a: 메테노
|
|-weather|RainDance|[upkeep]
|upkeep
|
|t:|1760359419
|switch|p2a: 마릴리|Azumarill, M|100/100
|-damage|p2a: 마릴리|88/100|[from] Stealth Rock
|turn|7
|
|t:|1760359423
|switch|p1a: Zapdos|Zapdos|100/100
|move|p2a: 마릴리|Aqua Jet|p1a: Zapdos
|-damage|p1a: Zapdos|59/100
|
|-weather|RainDance|[upkeep]
|upkeep
|turn|8
|
|t:|1760359430
|switch|p2a: 란쿨루스|Reuniclus, F|100/100
|move|p1a: Zapdos|Roost|p1a: Zapdos
|-heal|p1a: Zapdos|100/100
|-singleturn|p1a: Zapdos|move: Roost
|
|-weather|RainDance|[upkeep]
|-status|p2a: 란쿨루스|brn|[from] item: Flame Orb
|upkeep
|turn|9
|
|t:|1760359446
|move|p1a: Zapdos|Thunder|p2a: 란쿨루스
|-crit|p2a: 란쿨루스
|-damage|p2a: 란쿨루스|46/100 brn
|move|p2a: 란쿨루스|Tera Blast|p1a: Zapdos
|-damage|p1a: Zapdos|76/100
|
|-weather|RainDance|[upkeep]
|upkeep
|turn|10
|
|t:|1760359455
|move|p1a: Zapdos|Thunder|p2a: 란쿨루스
|-damage|p2a: 란쿨루스|7/100 brn
|move|p2a: 란쿨루스|Tera Blast|p1a: Zapdos
|-damage|p1a: Zapdos|52/100
|
|-weather|RainDance|[upkeep]
|upkeep
|turn|11
|
|t:|1760359462
|move|p1a: Zapdos|Hurricane|p2a: 란쿨루스
|-damage|p2a: 란쿨루스|0 fnt
|faint|p2a: 란쿨루스
|
|-weather|none
|upkeep
|
|t:|1760359471
|switch|p2a: 전룡|Ampharos, M|100/100
|-damage|p2a: 전룡|88/100|[from] Stealth Rock
|turn|12
|
|t:|1760359477
|switch|p1a: Blissey|Blissey, F|100/100
|move|p2a: 전룡|Magnetic Flux|p2a: 전룡
|-boost|p2a: 전룡|def|1
|-boost|p2a: 전룡|spd|1
|
|-heal|p2a: 전룡|94/100|[from] item: Leftovers
|upkeep
|turn|13
|
|t:|1760359486
|move|p1a: Blissey|Seismic Toss|p2a: 전룡
|-damage|p2a: 전룡|66/100
|move|p2a: 전룡|Magnetic Flux|p2a: 전룡
|-boost|p2a: 전룡|def|1
|-boost|p2a: 전룡|spd|1
|
|-heal|p2a: 전룡|72/100|[from] item: Leftovers
|upkeep
|turn|14
|
|t:|1760359495
|move|p1a: Blissey|Seismic Toss|p2a: 전룡
|-damage|p2a: 전룡|44/100
|move|p2a: 전룡|Thunderbolt|p1a: Blissey
|-damage|p1a: Blissey|90/100
|
|-heal|p2a: 전룡|50/100|[from] item: Leftovers
|upkeep
|turn|15
|
|t:|1760359501
|switch|p2a: 샹델라|Chandelure, M|100/100
|-damage|p2a: 샹델라|76/100|[from] Stealth Rock
|move|p1a: Blissey|Seismic Toss|p2a: 샹델라
|-immune|p2a: 샹델라
|
|upkeep
|turn|16
|
|t:|1760359508
|move|p2a: 샹델라|Fire Blast|p1a: Blissey
|-damage|p1a: Blissey|72/100
|move|p1a: Blissey|Thunder Wave|p2a: 샹델라
|-status|p2a: 샹델라|par
|
|upkeep
|turn|17
|-message|dodino forfeited.
|
|win|bonjourbonjour
|raw|bonjourbonjour's rating: 1198 &rarr; <strong>1227</strong><br />(+29 for winning)
|raw|dodino's rating: 1249 &rarr; <strong>1220</strong><br />(-29 for losing)
|l|☆dodino
|player|p2|
|l|☆bonjourbonjour
|player|p1|
