|j|☆Mikeyd01
|j|☆Shironae
|t:|1760372460
|gametype|singles
|player|p1|Mikeyd01|101|1358
|player|p2|Shironae|n|1328
|gen|9
|tier|[Gen 9] OU
|rated|
|rule|HP Percentage Mod: HP is shown in percentages
|rule|Endless Battle Clause: Forcing endless battles is banned
|rule|Species Clause: Limit one of each Pokémon
|rule|OHKO Clause: OHKO moves are banned
|rule|Evasion Items Clause: Evasion items are banned
|rule|Evasion Moves Clause: Evasion moves are banned
|rule|Evasion Abilities Clause: Evasion abilities are banned
|rule|Sleep Moves Clause: Sleep-inducing moves are banned
|clearpoke
|poke|p1|Cinderace, F|
|poke|p1|Iron Valiant|
|poke|p1|Kingambit, F|
|poke|p1|Goodra-Hisui, M|
|poke|p1|Zapdos|
|poke|p1|Comfey, M|
|poke|p2|Cinderace, F|
|poke|p2|Enamorus, F|
|poke|p2|Dragapult, M|
|poke|p2|Gholdengo|
|poke|p2|Vikavolt, F|
|poke|p2|Swampert, M|
|teampreview
|inactive|Battle timer is ON: inactive players will automatically lose when time's up. (requested by Shironae)
|
|t:|1760372470
|teamsize|p1|6
|teamsize|p2|6
|start
|switch|p1a: Zapdos|Zapdos|100/100
|switch|p2a: EMG-02 Arc-Cannon|Vikavolt, F|100/100
|turn|1
|
|t:|1760372476
|move|p1a: Zapdos|Heat Wave|p2a: EMG-02 Arc-Cannon
|-supereffective|p2a: EMG-02 Arc-Cannon
|-damage|p2a: EMG-02 Arc-Cannon|23/100
|move|p2a: EMG-02 Arc-Cannon|Sticky Web|p1a: Zapdos
|-sidestart|p1: Mikeyd01|move: Sticky Web
|
|upkeep
|turn|2
|
|t:|1760372502
|move|p1a: Zapdos|Heat Wave|p2a: EMG-02 Arc-Cannon
|-supereffective|p2a: EMG-02 Arc-Cannon
|-damage|p2a: EMG-02 Arc-Cannon|0 fnt
|faint|p2a: EMG-02 Arc-Cannon
|
|upkeep
|
|t:|1760372508
|switch|p2a: IB-30 Superflamer|Cinderace, F|100/100
|turn|3
|
|t:|1760372511
|move|p2a: IB-30 Superflamer|Pyro Ball|p1a: Zapdos
|-damage|p1a: Zapdos|48/100
|move|p1a: Zapdos|Discharge|p2a: IB-30 Superflamer
|-damage|p2a: IB-30 Superflamer|44/100
|-status|p2a: IB-30 Superflamer|par
|
|upkeep
|turn|4
|
|t:|1760372525
|switch|p2a: M-93 HORNET|Swampert, M|100/100
|move|p1a: Zapdos|Discharge|p2a: M-93 HORNET
|-immune|p2a: M-93 HORNET
|
|upkeep
|turn|5
|
|t:|1760372532
|move|p1a: Zapdos|Hurricane|p2a: M-93 HORNET
|-damage|p2a: M-93 HORNET|65/100
|move|p2a: M-93 HORNET|Knock Off|p1a: Zapdos
|-damage|p1a: Zapdos|19/100
|-damage|p2a: M-93 HORNET|48/100|[from] item: Rocky Helmet|[of] p1a: Zapdos
|-enditem|p1a: Zapdos|Rocky Helmet|[from] move: Knock Off|[of] p2a: M-93 HORNET
|
|upkeep
|turn|6
|
|t:|1760372547
|move|p1a: Zapdos|Roost|p1a: Zapdos
|-heal|p1a: Zapdos|69/100
|-singleturn|p1a: Zapdos|move: Roost
|move|p2a: M-93 HORNET|Flip Turn|p1a: Zapdos
|-damage|p1a: Zapdos|45/100
|
|t:|1760372554
|switch|p2a: B52 Stratofortress|Dragapult, M|100/100|[from] Flip Turn
|
|upkeep
|turn|7
|
|t:|1760372559
|move|p2a: B52 Stratofortress|Dragon Darts|p1a: Zapdos
|-damage|p1a: Zapdos|9/100
|-anim|p2a: B52 Stratofortress|Dragon Darts|p1a: Zapdos
|-damage|p1a: Zapdos|0 fnt
|faint|p1a: Zapdos
|
|upkeep
|
|t:|1760372576
|switch|p1a: Goodra|Goodra-Hisui, M|100/100
|-activate|p1a: Goodra|move: Sticky Web
|-unboost|p1a: Goodra|spe|1
|turn|8
|
|t:|1760372585
|move|p2a: B52 Stratofortress|Dragon Darts|p1a: Goodra
|-damage|p1a: Goodra|62/100
|-anim|p2a: B52 Stratofortress|Dragon Darts|p1a: Goodra
|-damage|p1a: Goodra|20/100
|move|p1a: Goodra|Thunder|p2a: B52 Stratofortress
|-resisted|p2a: B52 Stratofortress
|-damage|p2a: B52 Stratofortress|77/100
|-status|p2a: B52 Stratofortress|par
|
|upkeep
|turn|9
|
|t:|1760372595
|move|p2a: B52 Stratofortress|Dragon Darts|p1a: Goodra
|-damage|p1a: Goodra|0 fnt
|faint|p1a: Goodra
|
|upkeep
|l|☆Mikeyd01
|inactive|Mikeyd01 disconnected and has a minute to reconnect!
|player|p1|
|inactive|Mikeyd01 has 30 seconds to reconnect!
|inactive|Mikeyd01 has 20 seconds to reconnect!
|inactive|Mikeyd01 has 15 seconds to reconnect!
|inactive|Mikeyd01 has 10 seconds to reconnect!
|inactive|Mikeyd01 has 5 seconds to reconnect!
|-message|Mikeyd01 lost due to inactivity.
|
|win|Shironae
|raw|Mikeyd01's rating: 1358 &rarr; <strong>1336</strong><br />(-22 for losing)
|raw|Shironae's rating: 1328 &rarr; <strong>1350</strong><br />(+22 for winning)
|l|☆Shironae
|player|p2|
|j|☆Mikeyd01
|player|p1|Mikeyd01|101|
|l|☆Mikeyd01
|player|p1|
