|j|☆healorant
|j|☆mikeim520
|t:|1760383387
|gametype|singles
|player|p1|healorant|alder|1868
|player|p2|mikeim520|102|1795
|gen|9
|tier|[Gen 9] OU
|rated|
|rule|HP Percentage Mod: HP is shown in percentages
|rule|Endless Battle Clause: Forcing endless battles is banned
|rule|Species Clause: Limit one of each Pokémon
|rule|OHKO Clause: OHKO moves are banned
|rule|Evasion Items Clause: Evasion items are banned
|rule|Evasion Moves Clause: Evasion moves are banned
|rule|Evasion Abilities Clause: Evasion abilities are banned
|rule|Sleep Moves Clause: Sleep-inducing moves are banned
|clearpoke
|poke|p1|Araquanid, M|
|poke|p1|Gholdengo|
|poke|p1|Kingambit, M|
|poke|p1|Serperior, M|
|poke|p1|Iron Moth|
|poke|p1|Great Tusk|
|poke|p2|Latios, M|
|poke|p2|Toxapex, F|
|poke|p2|Darkrai|
|poke|p2|Corviknight, F|
|poke|p2|Iron Treads|
|poke|p2|Gliscor, M|
|teampreview
|inactive|Battle timer is ON: inactive players will automatically lose when time's up. (requested by healorant)
|
|t:|1760383413
|teamsize|p1|6
|teamsize|p2|6
|start
|switch|p1a: Araquanid|Araquanid, M|100/100
|switch|p2a: Latios|Latios, M|100/100
|turn|1
|
|t:|1760383416
|switch|p2a: Toxapex|Toxapex, F|100/100
|move|p1a: Araquanid|Sticky Web|p2a: Toxapex
|-sidestart|p2: mikeim520|move: Sticky Web
|
|upkeep
|turn|2
|
|t:|1760383426
|switch|p1a: Kingambit|Kingambit, M|100/100
|move|p2a: Toxapex|Toxic|p1a: Kingambit
|-immune|p1a: Kingambit
|
|upkeep
|turn|3
|
|t:|1760383436
|switch|p2a: Gliscor|Gliscor, M|100/100
|move|p1a: Kingambit|Swords Dance|p1a: Kingambit
|-boost|p1a: Kingambit|atk|2
|
|-status|p2a: Gliscor|tox|[from] item: Toxic Orb
|upkeep
|turn|4
|
|t:|1760383450
|move|p2a: Gliscor|Earthquake|p1a: Kingambit
|-supereffective|p1a: Kingambit
|-damage|p1a: Kingambit|48/100
|move|p1a: Kingambit|Iron Head|p2a: Gliscor
|-damage|p2a: Gliscor|47/100 tox
|
|-heal|p1a: Kingambit|54/100|[from] item: Leftovers
|-heal|p2a: Gliscor|59/100 tox|[from] ability: Poison Heal
|upkeep
|turn|5
|
|t:|1760383457
|-end|p1a: Kingambit|fallenundefined|[silent]
|switch|p1a: Gholdengo|Gholdengo|100/100
|-item|p1a: Gholdengo|Air Balloon
|move|p2a: Gliscor|Earthquake|p1a: Gholdengo
|-immune|p1a: Gholdengo
|
|-heal|p2a: Gliscor|72/100 tox|[from] ability: Poison Heal
|upkeep
|turn|6
|
|t:|1760383461
|move|p2a: Gliscor|Protect|p2a: Gliscor
|-singleturn|p2a: Gliscor|Protect
|move|p1a: Gholdengo|Hex|p2a: Gliscor
|-activate|p2a: Gliscor|move: Protect
|
|-heal|p2a: Gliscor|84/100 tox|[from] ability: Poison Heal
|upkeep
|turn|7
|
|t:|1760383463
|switch|p2a: Iron Treads|Iron Treads|100/100
|-activate|p2a: Iron Treads|move: Sticky Web
|-unboost|p2a: Iron Treads|spe|1
|move|p1a: Gholdengo|Hex|p2a: Iron Treads
|-crit|p2a: Iron Treads
|-damage|p2a: Iron Treads|64/100
|
|-heal|p2a: Iron Treads|70/100|[from] item: Leftovers
|upkeep
|turn|8
|
|t:|1760383469
|move|p1a: Gholdengo|Hex|p2a: Iron Treads
|-damage|p2a: Iron Treads|45/100
|move|p2a: Iron Treads|Knock Off|p1a: Gholdengo
|-supereffective|p1a: Gholdengo
|-damage|p1a: Gholdengo|64/100
|-enditem|p1a: Gholdengo|Air Balloon
|
|-heal|p2a: Iron Treads|51/100|[from] item: Leftovers
|upkeep
|turn|9
|
|t:|1760383472
|move|p1a: Gholdengo|Hex|p2a: Iron Treads
|-damage|p2a: Iron Treads|27/100
|move|p2a: Iron Treads|Earthquake|p1a: Gholdengo
|-supereffective|p1a: Gholdengo
|-damage|p1a: Gholdengo|10/100
|
|-heal|p2a: Iron Treads|33/100|[from] item: Leftovers
|upkeep
|turn|10
|
|t:|1760383475
|move|p1a: Gholdengo|Hex|p2a: Iron Treads
|-damage|p2a: Iron Treads|11/100
|move|p2a: Iron Treads|Earthquake|p1a: Gholdengo
|-supereffective|p1a: Gholdengo
|-damage|p1a: Gholdengo|0 fnt
|faint|p1a: Gholdengo
|
|-heal|p2a: Iron Treads|17/100|[from] item: Leftovers
|upkeep
|
|t:|1760383479
|switch|p1a: Iron Moth|Iron Moth|100/100
|-enditem|p1a: Iron Moth|Booster Energy
|-activate|p1a: Iron Moth|ability: Quark Drive|[fromitem]
|-start|p1a: Iron Moth|quarkdrivespa
|turn|11
|
|t:|1760383484
|move|p1a: Iron Moth|Fiery Dance|p2a: Iron Treads
|-supereffective|p2a: Iron Treads
|-damage|p2a: Iron Treads|0 fnt
|faint|p2a: Iron Treads
|-end|p2a: Iron Treads|Quark Drive|[silent]
|
|upkeep
|j| gumball froth show
|
|t:|1760383486
|switch|p2a: Latios|Latios, M|100/100
|turn|12
|j| OP Earthquakes
|
|t:|1760383494
|-end|p1a: Iron Moth|Quark Drive|[silent]
|switch|p1a: Araquanid|Araquanid, M|100/100
|move|p2a: Latios|Luster Purge|p1a: Araquanid
|-damage|p1a: Araquanid|63/100
|-unboost|p1a: Araquanid|spd|1
|
|upkeep
|turn|13
|
|t:|1760383498
|switch|p2a: Toxapex|Toxapex, F|100/100
|-activate|p2a: Toxapex|move: Sticky Web
|-unboost|p2a: Toxapex|spe|1
|move|p1a: Araquanid|Endeavor|p2a: Toxapex
|-damage|p2a: Toxapex|71/100
|
|-heal|p2a: Toxapex|77/100|[from] item: Leftovers
|upkeep
|turn|14
|l| gumball froth show
|
|t:|1760383502
|switch|p1a: Kingambit|Kingambit, M|54/100
|-activate|p1a: Kingambit|ability: Supreme Overlord
|-start|p1a: Kingambit|fallen1|[silent]
|move|p2a: Toxapex|Surf|p1a: Kingambit
|-damage|p1a: Kingambit|32/100
|
|-heal|p1a: Kingambit|38/100|[from] item: Leftovers
|-heal|p2a: Toxapex|83/100|[from] item: Leftovers
|upkeep
|turn|15
|
|t:|1760383507
|-end|p1a: Kingambit|fallen1|[silent]
|switch|p1a: Serperior|Serperior, M|100/100
|switch|p2a: Gliscor|Gliscor, M|84/100 tox
|
|-heal|p2a: Gliscor|97/100 tox|[from] ability: Poison Heal
|upkeep
|turn|16
|
|t:|1760383523
|switch|p2a: Corviknight|Corviknight, F|100/100
|-ability|p2a: Corviknight|Pressure
|move|p1a: Serperior|Leaf Storm|p2a: Corviknight
|-resisted|p2a: Corviknight
|-damage|p2a: Corviknight|89/100
|-boost|p1a: Serperior|spa|2
|
|-heal|p2a: Corviknight|95/100|[from] item: Leftovers
|upkeep
|turn|17
|
|t:|1760383527
|move|p1a: Serperior|Glare|p2a: Corviknight
|-status|p2a: Corviknight|par
|move|p2a: Corviknight|U-turn|p1a: Serperior
|-supereffective|p1a: Serperior
|-damage|p1a: Serperior|66/100
|
|t:|1760383532
|switch|p2a: Toxapex|Toxapex, F|100/100|[from] U-turn
|-activate|p2a: Toxapex|move: Sticky Web
|-unboost|p2a: Toxapex|spe|1
|
|-heal|p1a: Serperior|72/100|[from] item: Leftovers
|upkeep
|turn|18
|
|t:|1760383535
|move|p1a: Serperior|Glare|p2a: Toxapex
|-status|p2a: Toxapex|par
|move|p2a: Toxapex|Toxic|p1a: Serperior
|-status|p1a: Serperior|tox
|
|-heal|p1a: Serperior|79/100 tox|[from] item: Leftovers
|-damage|p1a: Serperior|72/100 tox|[from] psn
|upkeep
|turn|19
|
|t:|1760383537
|switch|p2a: Corviknight|Corviknight, F|95/100 par
|-ability|p2a: Corviknight|Pressure
|move|p1a: Serperior|Leaf Storm|p2a: Corviknight
|-resisted|p2a: Corviknight
|-damage|p2a: Corviknight|74/100 par
|-boost|p1a: Serperior|spa|2
|
|-heal|p1a: Serperior|79/100 tox|[from] item: Leftovers
|-heal|p2a: Corviknight|81/100 par|[from] item: Leftovers
|-damage|p1a: Serperior|66/100 tox|[from] psn
|upkeep
|turn|20
|
|t:|1760383542
|-terastallize|p1a: Serperior|Fire
|move|p1a: Serperior|Tera Blast|p2a: Corviknight|[anim] Tera Blast Fire
|-supereffective|p2a: Corviknight
|-damage|p2a: Corviknight|0 fnt
|faint|p2a: Corviknight
|
|-heal|p1a: Serperior|72/100 tox|[from] item: Leftovers
|-damage|p1a: Serperior|54/100 tox|[from] psn
|upkeep
|
|t:|1760383546
|switch|p2a: Latios|Latios, M|100/100
|turn|21
|
|t:|1760383549
|switch|p1a: Araquanid|Araquanid, M|63/100
|move|p2a: Latios|Luster Purge|p1a: Araquanid
|-damage|p1a: Araquanid|25/100
|-unboost|p1a: Araquanid|spd|1
|
|upkeep
|turn|22
|
|t:|1760383554
|switch|p1a: Kingambit|Kingambit, M|38/100
|-activate|p1a: Kingambit|ability: Supreme Overlord
|-start|p1a: Kingambit|fallen1|[silent]
|move|p2a: Latios|Luster Purge|p1a: Kingambit
|-immune|p1a: Kingambit
|
|-heal|p1a: Kingambit|44/100|[from] item: Leftovers
|upkeep
|turn|23
|
|t:|1760383564
|-end|p1a: Kingambit|fallen1|[silent]
|switch|p1a: Great Tusk|Great Tusk|100/100
|-enditem|p1a: Great Tusk|Booster Energy
|-activate|p1a: Great Tusk|ability: Protosynthesis|[fromitem]
|-start|p1a: Great Tusk|protosynthesisatk
|move|p2a: Latios|Substitute|p2a: Latios
|-start|p2a: Latios|Substitute
|-damage|p2a: Latios|76/100
|
|-heal|p2a: Latios|82/100|[from] item: Leftovers
|upkeep
|turn|24
|
|t:|1760383573
|-end|p1a: Great Tusk|Protosynthesis|[silent]
|switch|p1a: Kingambit|Kingambit, M|44/100
|-activate|p1a: Kingambit|ability: Supreme Overlord
|-start|p1a: Kingambit|fallen1|[silent]
|move|p2a: Latios|Luster Purge|p1a: Kingambit
|-immune|p1a: Kingambit
|
|-heal|p2a: Latios|88/100|[from] item: Leftovers
|-heal|p1a: Kingambit|50/100|[from] item: Leftovers
|upkeep
|turn|25
|
|t:|1760383575
|move|p1a: Kingambit|Sucker Punch|p2a: Latios
|-supereffective|p2a: Latios
|-end|p2a: Latios|Substitute
|move|p2a: Latios|Aura Sphere|p1a: Kingambit
|-supereffective|p1a: Kingambit
|-damage|p1a: Kingambit|0 fnt
|faint|p1a: Kingambit
|-end|p1a: Kingambit|fallen1|[silent]
|
|-heal|p2a: Latios|94/100|[from] item: Leftovers
|upkeep
|
|t:|1760383577
|switch|p1a: Serperior|Serperior, M, tera:Fire|54/100 tox
|turn|26
|
|t:|1760383579
|move|p1a: Serperior|Glare|p2a: Latios
|-status|p2a: Latios|par
|cant|p2a: Latios|par
|
|-heal|p1a: Serperior|60/100 tox|[from] item: Leftovers
|-heal|p2a: Latios|99/100 par|[from] item: Leftovers
|-damage|p1a: Serperior|54/100 tox|[from] psn
|upkeep
|turn|27
|
|t:|1760383583
|move|p1a: Serperior|Leaf Storm|p2a: Latios
|-resisted|p2a: Latios
|-damage|p2a: Latios|74/100 par
|-boost|p1a: Serperior|spa|2
|move|p2a: Latios|Luster Purge|p1a: Serperior
|-damage|p1a: Serperior|0 fnt
|faint|p1a: Serperior
|
|-heal|p2a: Latios|80/100 par|[from] item: Leftovers
|upkeep
|
|t:|1760383591
|switch|p1a: Iron Moth|Iron Moth|100/100
|turn|28
|
|t:|1760383596
|move|p1a: Iron Moth|Fiery Dance|p2a: Latios
|-resisted|p2a: Latios
|-damage|p2a: Latios|57/100 par
|move|p2a: Latios|Luster Purge|p1a: Iron Moth
|-supereffective|p1a: Iron Moth
|-damage|p1a: Iron Moth|0 fnt
|faint|p1a: Iron Moth
|-end|p1a: Iron Moth|Quark Drive|[silent]
|
|-heal|p2a: Latios|63/100 par|[from] item: Leftovers
|upkeep
|
|t:|1760383599
|switch|p1a: Great Tusk|Great Tusk|100/100
|turn|29
|
|t:|1760383604
|-terastallize|p2a: Latios|Steel
|move|p1a: Great Tusk|Rapid Spin|p2a: Latios
|-resisted|p2a: Latios
|-damage|p2a: Latios|51/100 par
|-boost|p1a: Great Tusk|spe|1
|move|p2a: Latios|Luster Purge|p1a: Great Tusk
|-supereffective|p1a: Great Tusk
|-damage|p1a: Great Tusk|0 fnt
|faint|p1a: Great Tusk
|-end|p1a: Great Tusk|Protosynthesis|[silent]
|
|-heal|p2a: Latios|57/100 par|[from] item: Leftovers
|upkeep
|-message|healorant forfeited.
|
|win|mikeim520
|raw|healorant's rating: 1868 &rarr; <strong>1844</strong><br />(-24 for losing)
|raw|mikeim520's rating: 1795 &rarr; <strong>1819</strong><br />(+24 for winning)
|l|☆healorant
|player|p1|
|c|☆mikeim520|gg wp
|l|☆mikeim520
|player|p2|
