|j|☆dilf huntr
|j|‽tasty sardine 408
|t:|1760391486
|gametype|singles
|player|p1|dilf huntr|drasna|1597
|player|p2|tasty sardine 408|harlequin|1583
|gen|9
|tier|[Gen 9] OU
|rated|
|rule|HP Percentage Mod: HP is shown in percentages
|rule|Endless Battle Clause: Forcing endless battles is banned
|rule|Species Clause: Limit one of each Pokémon
|rule|OHKO Clause: OHKO moves are banned
|rule|Evasion Items Clause: Evasion items are banned
|rule|Evasion Moves Clause: Evasion moves are banned
|rule|Evasion Abilities Clause: Evasion abilities are banned
|rule|Sleep Moves Clause: Sleep-inducing moves are banned
|clearpoke
|poke|p1|Zamazenta-*|
|poke|p1|Okidogi, M|
|poke|p1|Landorus-Therian, M|
|poke|p1|Dragonite, M|
|poke|p1|Cinderace, F|
|poke|p1|Gholdengo|
|poke|p2|Umbreon, M|
|poke|p2|Serperior, M|
|poke|p2|Cresselia, F|
|poke|p2|Revavroom, M|
|poke|p2|Skeledirge, M|
|poke|p2|Manaphy|
|teampreview
|inactive|Battle timer is ON: inactive players will automatically lose when time's up. (requested by dilf huntr)
|inactive|tasty sardine 408 has 120 seconds left.
|
|t:|1760391518
|teamsize|p1|6
|teamsize|p2|6
|start
|switch|p1a: Okidogi|Okidogi, M|100/100
|switch|p2a: Serperior|Serperior, M, shiny|100/100
|turn|1
|
|t:|1760391526
|move|p2a: Serperior|Glare|p1a: Okidogi
|-status|p1a: Okidogi|par
|cant|p1a: Okidogi|par
|
|upkeep
|turn|2
|inactive|tasty sardine 408 has 120 seconds left.
|
|t:|1760391575
|switch|p2a: Skeledirge|Skeledirge, M, shiny|100/100
|switch|p1a: Cinderace|Cinderace, F, shiny|100/100
|
|upkeep
|turn|3
|
|t:|1760391584
|move|p1a: Cinderace|U-turn|p2a: Skeledirge
|-start|p1a: Cinderace|typechange|Bug|[from] ability: Libero
|-resisted|p2a: Skeledirge
|-damage|p2a: Skeledirge|95/100
|
|t:|1760391587
|switch|p1a: Okidogi|Okidogi, M|100/100 par|[from] U-turn
|move|p2a: Skeledirge|Torch Song|p1a: Okidogi
|-damage|p1a: Okidogi|79/100 par
|-boost|p2a: Skeledirge|spa|1
|
|upkeep
|turn|4
|inactive|tasty sardine 408 has 120 seconds left.
|
|t:|1760391621
|move|p2a: Skeledirge|Hex|p1a: Okidogi
|-damage|p1a: Okidogi|27/100 par
|move|p1a: Okidogi|Knock Off|p2a: Skeledirge
|-supereffective|p2a: Skeledirge
|-damage|p2a: Skeledirge|37/100
|-enditem|p2a: Skeledirge|Heavy-Duty Boots|[from] move: Knock Off|[of] p1a: Okidogi
|
|upkeep
|turn|5
|
|t:|1760391634
|move|p2a: Skeledirge|Torch Song|p1a: Okidogi
|-damage|p1a: Okidogi|0 fnt
|-boost|p2a: Skeledirge|spa|1
|faint|p1a: Okidogi
|
|upkeep
|
|t:|1760391636
|switch|p1a: Landorus|Landorus-Therian, M|100/100
|-ability|p1a: Landorus|Intimidate|boost
|-unboost|p2a: Skeledirge|atk|1
|turn|6
|
|t:|1760391663
|move|p1a: Landorus|Stone Edge|p2a: Skeledirge
|-supereffective|p2a: Skeledirge
|-damage|p2a: Skeledirge|0 fnt
|faint|p2a: Skeledirge
|
|upkeep
|
|t:|1760391667
|switch|p2a: Manaphy|Manaphy, shiny|100/100
|turn|7
|
|t:|1760391676
|move|p2a: Manaphy|Acid Armor|p2a: Manaphy
|-boost|p2a: Manaphy|def|2
|move|p1a: Landorus|Earthquake|p2a: Manaphy
|-damage|p2a: Manaphy|81/100
|
|-heal|p2a: Manaphy|87/100|[from] item: Leftovers
|upkeep
|turn|8
|inactive|tasty sardine 408 has 90 seconds left.
|
|t:|1760391715
|move|p2a: Manaphy|Acid Armor|p2a: Manaphy
|-boost|p2a: Manaphy|def|2
|move|p1a: Landorus|U-turn|p2a: Manaphy
|-damage|p2a: Manaphy|81/100
|
|t:|1760391724
|switch|p1a: Dragonite|Dragonite, M|100/100|[from] U-turn
|
|-heal|p2a: Manaphy|87/100|[from] item: Leftovers
|upkeep
|turn|9
|
|t:|1760391726
|move|p2a: Manaphy|Scald|p1a: Dragonite
|-resisted|p1a: Dragonite
|-damage|p1a: Dragonite|94/100
|-status|p1a: Dragonite|brn
|move|p1a: Dragonite|Dragon Dance|p1a: Dragonite
|-boost|p1a: Dragonite|atk|1
|-boost|p1a: Dragonite|spe|1
|
|-heal|p2a: Manaphy|93/100|[from] item: Leftovers
|-damage|p1a: Dragonite|87/100 brn|[from] brn
|upkeep
|turn|10
|
|t:|1760391729
|move|p1a: Dragonite|Dragon Dance|p1a: Dragonite
|-boost|p1a: Dragonite|atk|1
|-boost|p1a: Dragonite|spe|1
|move|p2a: Manaphy|Take Heart|p2a: Manaphy
|-boost|p2a: Manaphy|spa|1
|-boost|p2a: Manaphy|spd|1
|
|-heal|p2a: Manaphy|99/100|[from] item: Leftovers
|-damage|p1a: Dragonite|81/100 brn|[from] brn
|upkeep
|turn|11
|
|t:|1760391731
|move|p1a: Dragonite|Encore|p2a: Manaphy
|-start|p2a: Manaphy|Encore
|move|p2a: Manaphy|Take Heart|p2a: Manaphy
|-boost|p2a: Manaphy|spa|1
|-boost|p2a: Manaphy|spd|1
|
|-heal|p2a: Manaphy|100/100|[from] item: Leftovers
|-damage|p1a: Dragonite|75/100 brn|[from] brn
|upkeep
|turn|12
|
|t:|1760391733
|move|p1a: Dragonite|Dragon Dance|p1a: Dragonite
|-boost|p1a: Dragonite|atk|1
|-boost|p1a: Dragonite|spe|1
|move|p2a: Manaphy|Take Heart|p2a: Manaphy
|-boost|p2a: Manaphy|spa|1
|-boost|p2a: Manaphy|spd|1
|
|-damage|p1a: Dragonite|69/100 brn|[from] brn
|upkeep
|turn|13
|
|t:|1760391735
|move|p1a: Dragonite|Dragon Dance|p1a: Dragonite
|-boost|p1a: Dragonite|atk|1
|-boost|p1a: Dragonite|spe|1
|move|p2a: Manaphy|Take Heart|p2a: Manaphy
|-boost|p2a: Manaphy|spa|1
|-boost|p2a: Manaphy|spd|1
|
|-damage|p1a: Dragonite|63/100 brn|[from] brn
|-end|p2a: Manaphy|Encore
|upkeep
|turn|14
|
|t:|1760391737
|move|p1a: Dragonite|Encore|p2a: Manaphy
|-start|p2a: Manaphy|Encore
|move|p2a: Manaphy|Take Heart|p2a: Manaphy
|-boost|p2a: Manaphy|spa|1
|-boost|p2a: Manaphy|spd|1
|
|-damage|p1a: Dragonite|57/100 brn|[from] brn
|upkeep
|turn|15
|
|t:|1760391738
|move|p1a: Dragonite|Dragon Dance|p1a: Dragonite
|-boost|p1a: Dragonite|atk|1
|-boost|p1a: Dragonite|spe|1
|move|p2a: Manaphy|Take Heart|p2a: Manaphy
|-boost|p2a: Manaphy|spa|1
|-boost|p2a: Manaphy|spd|1
|
|-damage|p1a: Dragonite|50/100 brn|[from] brn
|upkeep
|turn|16
|
|t:|1760391744
|move|p1a: Dragonite|Dragon Dance|p1a: Dragonite
|-boost|p1a: Dragonite|atk|1
|-boost|p1a: Dragonite|spe|1
|move|p2a: Manaphy|Take Heart||[still]
|-boost|p2a: Manaphy|spa|0
|-boost|p2a: Manaphy|spd|0
|-fail|p2a: Manaphy
|
|-damage|p1a: Dragonite|44/100 brn|[from] brn
|-end|p2a: Manaphy|Encore
|upkeep
|turn|17
|
|t:|1760391746
|move|p1a: Dragonite|Encore|p2a: Manaphy
|-start|p2a: Manaphy|Encore
|move|p2a: Manaphy|Take Heart||[still]
|-boost|p2a: Manaphy|spa|0
|-boost|p2a: Manaphy|spd|0
|-fail|p2a: Manaphy
|
|-damage|p1a: Dragonite|38/100 brn|[from] brn
|upkeep
|turn|18
|
|t:|1760391749
|-terastallize|p1a: Dragonite|Flying
|move|p1a: Dragonite|Tera Blast|p2a: Manaphy|[anim] Tera Blast Flying
|-damage|p2a: Manaphy|65/100
|move|p2a: Manaphy|Take Heart||[still]
|-boost|p2a: Manaphy|spa|0
|-boost|p2a: Manaphy|spd|0
|-fail|p2a: Manaphy
|
|-heal|p2a: Manaphy|71/100|[from] item: Leftovers
|-damage|p1a: Dragonite|32/100 brn|[from] brn
|upkeep
|turn|19
|
|t:|1760391753
|move|p1a: Dragonite|Tera Blast|p2a: Manaphy|[anim] Tera Blast Flying
|-damage|p2a: Manaphy|32/100
|move|p2a: Manaphy|Take Heart||[still]
|-boost|p2a: Manaphy|spa|0
|-boost|p2a: Manaphy|spd|0
|-fail|p2a: Manaphy
|
|-heal|p2a: Manaphy|39/100|[from] item: Leftovers
|-damage|p1a: Dragonite|26/100 brn|[from] brn
|-end|p2a: Manaphy|Encore
|upkeep
|turn|20
|
|t:|1760391759
|move|p1a: Dragonite|Tera Blast|p2a: Manaphy|[anim] Tera Blast Flying
|-damage|p2a: Manaphy|0 fnt
|faint|p2a: Manaphy
|
|-damage|p1a: Dragonite|19/100 brn|[from] brn
|upkeep
|
|t:|1760391762
|switch|p2a: Umbreon|Umbreon, M, shiny|100/100
|turn|21
|
|t:|1760391765
|move|p2a: Umbreon|Protect|p2a: Umbreon
|-singleturn|p2a: Umbreon|Protect
|move|p1a: Dragonite|Tera Blast|p2a: Umbreon|[anim] Tera Blast Flying
|-activate|p2a: Umbreon|move: Protect
|
|-damage|p1a: Dragonite|13/100 brn|[from] brn
|upkeep
|turn|22
|
|t:|1760391768
|move|p2a: Umbreon|Protect||[still]
|-fail|p2a: Umbreon
|move|p1a: Dragonite|Tera Blast|p2a: Umbreon|[anim] Tera Blast Flying
|-damage|p2a: Umbreon|3/100
|
|-heal|p2a: Umbreon|9/100|[from] item: Leftovers
|-damage|p1a: Dragonite|7/100 brn|[from] brn
|upkeep
|turn|23
|
|t:|1760391774
|move|p2a: Umbreon|Protect|p2a: Umbreon
|-singleturn|p2a: Umbreon|Protect
|move|p1a: Dragonite|Tera Blast|p2a: Umbreon|[anim] Tera Blast Flying
|-activate|p2a: Umbreon|move: Protect
|
|-heal|p2a: Umbreon|15/100|[from] item: Leftovers
|-damage|p1a: Dragonite|1/100 brn|[from] brn
|upkeep
|turn|24
|
|t:|1760391776
|move|p2a: Umbreon|Protect||[still]
|-fail|p2a: Umbreon
|move|p1a: Dragonite|Tera Blast|p2a: Umbreon|[anim] Tera Blast Flying
|-damage|p2a: Umbreon|0 fnt
|faint|p2a: Umbreon
|
|-damage|p1a: Dragonite|0 fnt|[from] brn
|faint|p1a: Dragonite
|upkeep
|
|t:|1760391782
|switch|p1a: Gholdengo|Gholdengo|100/100
|switch|p2a: Serperior|Serperior, M, shiny|100/100
|-item|p1a: Gholdengo|Air Balloon
|turn|25
|
|t:|1760391784
|move|p2a: Serperior|Leaf Storm|p1a: Gholdengo
|-resisted|p1a: Gholdengo
|-damage|p1a: Gholdengo|81/100
|-boost|p2a: Serperior|spa|2
|-enditem|p1a: Gholdengo|Air Balloon
|move|p1a: Gholdengo|Thunder Wave|p2a: Serperior
|-status|p2a: Serperior|par
|
|upkeep
|turn|26
|
|t:|1760391787
|move|p1a: Gholdengo|Hex|p2a: Serperior
|-damage|p2a: Serperior|38/100 par
|cant|p2a: Serperior|par
|
|-heal|p2a: Serperior|45/100 par|[from] item: Leftovers
|upkeep
|turn|27
|
|t:|1760391790
|move|p1a: Gholdengo|Hex|p2a: Serperior
|-damage|p2a: Serperior|0 fnt
|faint|p2a: Serperior
|
|upkeep
|
|t:|1760391793
|switch|p2a: Revavroom|Revavroom, M, shiny|100/100
|-item|p2a: Revavroom|Air Balloon
|turn|28
|
|t:|1760391796
|-terastallize|p2a: Revavroom|Ground
|move|p1a: Gholdengo|Thunder Wave|p2a: Revavroom
|-immune|p2a: Revavroom
|move|p2a: Revavroom|Shift Gear|p2a: Revavroom
|-boost|p2a: Revavroom|spe|2
|-boost|p2a: Revavroom|atk|1
|
|upkeep
|turn|29
|
|t:|1760391798
|move|p2a: Revavroom|Shift Gear|p2a: Revavroom
|-boost|p2a: Revavroom|spe|2
|-boost|p2a: Revavroom|atk|1
|move|p1a: Gholdengo|Make It Rain|p2a: Revavroom
|-damage|p2a: Revavroom|38/100
|-unboost|p1a: Gholdengo|spa|1
|-enditem|p2a: Revavroom|Air Balloon
|
|upkeep
|turn|30
|
|t:|1760391812
|move|p2a: Revavroom|High Horsepower|p1a: Gholdengo
|-supereffective|p1a: Gholdengo
|-damage|p1a: Gholdengo|0 fnt
|faint|p1a: Gholdengo
|
|upkeep
|
|t:|1760391814
|switch|p1a: Landorus|Landorus-Therian, M|100/100
|-ability|p1a: Landorus|Intimidate|boost
|-unboost|p2a: Revavroom|atk|1
|turn|31
|
|t:|1760391816
|move|p2a: Revavroom|Iron Head|p1a: Landorus
|-damage|p1a: Landorus|43/100
|-damage|p2a: Revavroom|21/100|[from] item: Rocky Helmet|[of] p1a: Landorus
|move|p1a: Landorus|Earthquake|p2a: Revavroom
|-damage|p2a: Revavroom|0 fnt
|faint|p2a: Revavroom
|
|upkeep
|
|t:|1760391819
|switch|p2a: Cresselia|Cresselia, F, shiny|100/100
|turn|32
|
|t:|1760391822
|move|p1a: Landorus|U-turn|p2a: Cresselia
|-supereffective|p2a: Cresselia
|-damage|p2a: Cresselia|75/100
|
|t:|1760391823
|switch|p1a: Zamazenta|Zamazenta|100/100|[from] U-turn
|-ability|p1a: Zamazenta|Dauntless Shield|boost
|-boost|p1a: Zamazenta|def|1
|move|p2a: Cresselia|Calm Mind|p2a: Cresselia
|-boost|p2a: Cresselia|spa|1
|-boost|p2a: Cresselia|spd|1
|
|-heal|p2a: Cresselia|81/100|[from] item: Leftovers
|upkeep
|turn|33
|
|t:|1760391826
|move|p1a: Zamazenta|Crunch|p2a: Cresselia
|-supereffective|p2a: Cresselia
|-damage|p2a: Cresselia|41/100
|-unboost|p2a: Cresselia|def|1
|-damage|p1a: Zamazenta|91/100|[from] item: Life Orb
|move|p2a: Cresselia|Calm Mind|p2a: Cresselia
|-boost|p2a: Cresselia|spa|1
|-boost|p2a: Cresselia|spd|1
|
|-heal|p2a: Cresselia|48/100|[from] item: Leftovers
|upkeep
|turn|34
|
|t:|1760391831
|move|p1a: Zamazenta|Crunch|p2a: Cresselia
|-supereffective|p2a: Cresselia
|-damage|p2a: Cresselia|0 fnt
|faint|p2a: Cresselia
|-damage|p1a: Zamazenta|81/100|[from] item: Life Orb
|
|win|dilf huntr
|raw|dilf huntr's rating: 1597 &rarr; <strong>1616</strong><br />(+19 for winning)
|raw|tasty sardine 408's rating: 1583 &rarr; <strong>1564</strong><br />(-19 for losing)
|l|‽tasty sardine 408
|player|p2|
