|j|☆I will eat another
|j|☆AivanStar
|t:|1760440368
|gametype|singles
|player|p1|I will eat another|plasmagrunt|1302
|player|p2|AivanStar|steven|1281
|gen|9
|tier|[Gen 9] OU
|rated|
|rule|HP Percentage Mod: HP is shown in percentages
|rule|Endless Battle Clause: Forcing endless battles is banned
|rule|Species Clause: Limit one of each Pokémon
|rule|OHKO Clause: OHKO moves are banned
|rule|Evasion Items Clause: Evasion items are banned
|rule|Evasion Moves Clause: Evasion moves are banned
|rule|Evasion Abilities Clause: Evasion abilities are banned
|rule|Sleep Moves Clause: Sleep-inducing moves are banned
|clearpoke
|poke|p1|Breloom, M|
|poke|p1|Swinub, M|
|poke|p1|Iron Crown|
|poke|p1|Glimmora, F|
|poke|p1|Talonflame, F|
|poke|p1|Greninja-*, F|
|poke|p2|Dragapult, M|
|poke|p2|Garganacl, M|
|poke|p2|Tyranitar, M|
|poke|p2|Clefable, F|
|poke|p2|Gliscor, M|
|poke|p2|Iron Moth|
|teampreview
|inactive|Battle timer is ON: inactive players will automatically lose when time's up. (requested by I will eat another)
|
|t:|1760440385
|teamsize|p1|6
|teamsize|p2|6
|start
|switch|p1a: Quajutsu|Greninja, F|100/100
|switch|p2a: Tyranitar|Tyranitar, M, shiny|100/100
|-weather|Sandstorm|[from] ability: Sand Stream|[of] p2a: Tyranitar
|turn|1
|
|t:|1760440403
|switch|p2a: Clefable|Clefable, F, shiny|100/100
|move|p1a: Quajutsu|Ice Beam|p2a: Clefable
|-start|p1a: Quajutsu|typechange|Ice|[from] ability: Protean
|-damage|p2a: Clefable|43/100
|
|-weather|Sandstorm|[upkeep]
|-damage|p1a: Quajutsu|95/100|[from] Sandstorm
|upkeep
|turn|2
|
|t:|1760440427
|move|p1a: Quajutsu|Ice Beam|p2a: Clefable
|-damage|p2a: Clefable|0 fnt
|faint|p2a: Clefable
|
|-weather|Sandstorm|[upkeep]
|-damage|p1a: Quajutsu|89/100|[from] Sandstorm
|upkeep
|
|t:|1760440432
|switch|p2a: Dragapult|Dragapult, M, shiny|100/100
|turn|3
|
|t:|1760440439
|move|p2a: Dragapult|Flamethrower|p1a: Quajutsu
|-supereffective|p1a: Quajutsu
|-damage|p1a: Quajutsu|0 fnt
|faint|p1a: Quajutsu
|-damage|p2a: Dragapult|91/100|[from] item: Life Orb
|
|-weather|Sandstorm|[upkeep]
|-damage|p2a: Dragapult|85/100|[from] Sandstorm
|upkeep
|
|t:|1760440446
|switch|p1a: Lumiflora|Glimmora, F|100/100
|turn|4
|
|t:|1760440456
|switch|p2a: Garganacl|Garganacl, M, shiny|100/100
|move|p1a: Lumiflora|Meteor Beam||[still]
|-prepare|p1a: Lumiflora|Meteor Beam
|-boost|p1a: Lumiflora|spa|1
|-enditem|p1a: Lumiflora|Power Herb
|-anim|p1a: Lumiflora|Meteor Beam|p2a: Garganacl
|-damage|p2a: Garganacl|45/100
|
|-weather|Sandstorm|[upkeep]
|-heal|p2a: Garganacl|51/100|[from] item: Leftovers
|upkeep
|turn|5
|
|t:|1760440466
|-terastallize|p1a: Lumiflora|Dark
|move|p1a: Lumiflora|Tera Blast|p2a: Garganacl|[anim] Tera Blast Dark
|-damage|p2a: Garganacl|12/100
|move|p2a: Garganacl|Salt Cure|p1a: Lumiflora
|-damage|p1a: Lumiflora|83/100
|-start|p1a: Lumiflora|Salt Cure
|-activate|p1a: Lumiflora|ability: Toxic Debris
|-sidestart|p2: AivanStar|move: Toxic Spikes
|
|-weather|Sandstorm|[upkeep]
|-damage|p1a: Lumiflora|76/100|[from] Sandstorm
|-heal|p2a: Garganacl|18/100|[from] item: Leftovers
|-damage|p1a: Lumiflora|64/100|[from] Salt Cure
|upkeep
|turn|6
|
|t:|1760440479
|move|p1a: Lumiflora|Tera Blast|p2a: Garganacl|[anim] Tera Blast Dark
|-damage|p2a: Garganacl|0 fnt
|faint|p2a: Garganacl
|
|-weather|Sandstorm|[upkeep]
|-damage|p1a: Lumiflora|58/100|[from] Sandstorm
|-damage|p1a: Lumiflora|45/100|[from] Salt Cure
|upkeep
|
|t:|1760440487
|switch|p2a: Dragapult|Dragapult, M, shiny|85/100
|-status|p2a: Dragapult|psn
|turn|7
|
|t:|1760440496
|move|p2a: Dragapult|Shadow Ball|p1a: Lumiflora
|-resisted|p1a: Lumiflora
|-damage|p1a: Lumiflora|15/100
|-damage|p2a: Dragapult|75/100 psn|[from] item: Life Orb
|move|p1a: Lumiflora|Tera Blast|p2a: Dragapult|[anim] Tera Blast Dark
|-supereffective|p2a: Dragapult
|-damage|p2a: Dragapult|0 fnt
|faint|p2a: Dragapult
|
|-weather|Sandstorm|[upkeep]
|-damage|p1a: Lumiflora|9/100|[from] Sandstorm
|-damage|p1a: Lumiflora|0 fnt|[from] Salt Cure
|faint|p1a: Lumiflora
|upkeep
|
|t:|1760440510
|switch|p2a: Gliscor|Gliscor, M, shiny|100/100
|switch|p1a: Quiekel|Swinub, M|100/100
|turn|8
|
|t:|1760440518
|move|p2a: Gliscor|Protect|p2a: Gliscor
|-singleturn|p2a: Gliscor|Protect
|move|p1a: Quiekel|Ice Shard|p2a: Gliscor
|-activate|p2a: Gliscor|move: Protect
|
|-weather|none
|-status|p2a: Gliscor|tox|[from] item: Toxic Orb
|upkeep
|turn|9
|
|t:|1760440526
|move|p2a: Gliscor|Substitute|p2a: Gliscor
|-start|p2a: Gliscor|Substitute
|-damage|p2a: Gliscor|75/100 tox
|move|p1a: Quiekel|Endeavor|p2a: Gliscor
|-immune|p2a: Gliscor
|
|-heal|p2a: Gliscor|88/100 tox|[from] ability: Poison Heal
|upkeep
|turn|10
|
|t:|1760440537
|move|p2a: Gliscor|Knock Off|p1a: Quiekel
|-damage|p1a: Quiekel|39/100
|-enditem|p1a: Quiekel|Focus Sash|[from] move: Knock Off|[of] p2a: Gliscor
|move|p1a: Quiekel|Roar|p2a: Gliscor
|drag|p2a: Iron Moth|Iron Moth|100/100
|-sideend|p2: AivanStar|move: Toxic Spikes|[of] p2a: Iron Moth
|-enditem|p2a: Iron Moth|Booster Energy
|-activate|p2a: Iron Moth|ability: Quark Drive|[fromitem]
|-start|p2a: Iron Moth|quarkdrivespe
|
|upkeep
|turn|11
|
|t:|1760440548
|move|p2a: Iron Moth|Flamethrower|p1a: Quiekel
|-supereffective|p1a: Quiekel
|-damage|p1a: Quiekel|0 fnt
|faint|p1a: Quiekel
|
|upkeep
|
|t:|1760440553
|switch|p1a: Eisenkrone|Iron Crown|100/100
|-enditem|p1a: Eisenkrone|Booster Energy
|-activate|p1a: Eisenkrone|ability: Quark Drive|[fromitem]
|-start|p1a: Eisenkrone|quarkdrivespe
|turn|12
|
|t:|1760440560
|move|p2a: Iron Moth|Flamethrower|p1a: Eisenkrone
|-supereffective|p1a: Eisenkrone
|-damage|p1a: Eisenkrone|18/100
|move|p1a: Eisenkrone|Psyshock|p2a: Iron Moth
|-supereffective|p2a: Iron Moth
|-damage|p2a: Iron Moth|0 fnt
|faint|p2a: Iron Moth
|-end|p2a: Iron Moth|Quark Drive|[silent]
|
|upkeep
|
|t:|1760440564
|switch|p2a: Gliscor|Gliscor, M, shiny|88/100 tox
|turn|13
|
|t:|1760440569
|move|p1a: Eisenkrone|Tachyon Cutter|p2a: Gliscor
|-damage|p2a: Gliscor|60/100 tox
|-damage|p2a: Gliscor|31/100 tox
|-hitcount|p2a: Gliscor|2
|move|p2a: Gliscor|Knock Off|p1a: Eisenkrone
|-supereffective|p1a: Eisenkrone
|-damage|p1a: Eisenkrone|0 fnt
|faint|p1a: Eisenkrone
|-end|p1a: Eisenkrone|Quark Drive|[silent]
|
|-heal|p2a: Gliscor|43/100 tox|[from] ability: Poison Heal
|upkeep
|
|t:|1760440578
|switch|p1a: Kapilz|Breloom, M|100/100
|turn|14
|
|t:|1760440581
|move|p2a: Gliscor|Protect|p2a: Gliscor
|-singleturn|p2a: Gliscor|Protect
|move|p1a: Kapilz|Bullet Seed|p2a: Gliscor
|-activate|p2a: Gliscor|move: Protect
|
|-heal|p2a: Gliscor|56/100 tox|[from] ability: Poison Heal
|upkeep
|turn|15
|
|t:|1760440589
|move|p1a: Kapilz|Bullet Seed|p2a: Gliscor
|-damage|p2a: Gliscor|36/100 tox
|-damage|p2a: Gliscor|17/100 tox
|-damage|p2a: Gliscor|0 fnt
|faint|p2a: Gliscor
|-hitcount|p2: Gliscor|3
|-damage|p1a: Kapilz|91/100|[from] item: Life Orb
|
|upkeep
|
|t:|1760440594
|switch|p2a: Tyranitar|Tyranitar, M, shiny|100/100
|-weather|Sandstorm|[from] ability: Sand Stream|[of] p2a: Tyranitar
|turn|16
|
|t:|1760440603
|-terastallize|p2a: Tyranitar|Rock
|move|p1a: Kapilz|Mach Punch|p2a: Tyranitar
|-supereffective|p2a: Tyranitar
|-damage|p2a: Tyranitar|45/100
|-damage|p1a: Kapilz|81/100|[from] item: Life Orb
|move|p2a: Tyranitar|Dragon Tail|p1a: Kapilz
|-damage|p1a: Kapilz|41/100
|drag|p1a: Fiaro|Talonflame, F|100/100
|
|-weather|Sandstorm|[upkeep]
|-damage|p1a: Fiaro|94/100|[from] Sandstorm
|upkeep
|turn|17
|
|t:|1760440613
|move|p1a: Fiaro|Will-O-Wisp|p2a: Tyranitar
|-status|p2a: Tyranitar|brn
|move|p2a: Tyranitar|Stone Edge|p1a: Fiaro
|-supereffective|p1a: Fiaro
|-crit|p1a: Fiaro
|-damage|p1a: Fiaro|0 fnt
|faint|p1a: Fiaro
|
|-weather|Sandstorm|[upkeep]
|-damage|p2a: Tyranitar|39/100 brn|[from] brn
|upkeep
|
|t:|1760440622
|switch|p1a: Kapilz|Breloom, M|41/100
|turn|18
|
|t:|1760440627
|move|p1a: Kapilz|Mach Punch|p2a: Tyranitar
|-supereffective|p2a: Tyranitar
|-damage|p2a: Tyranitar|0 fnt
|faint|p2a: Tyranitar
|-damage|p1a: Kapilz|31/100|[from] item: Life Orb
|
|win|I will eat another
|raw|I will eat another's rating: 1302 &rarr; <strong>1321</strong><br />(+19 for winning)
|raw|AivanStar's rating: 1281 &rarr; <strong>1258</strong><br />(-23 for losing)
|l|☆AivanStar
|player|p2|
|l|☆I will eat another
|player|p1|
