|j|☆GlormbusTemples
|j|☆Glocklutherking
|t:|1760450595
|gametype|singles
|player|p1|GlormbusTemples|pokekid|1156
|player|p2|Glocklutherking|benga|1147
|gen|9
|tier|[Gen 9] OU
|rated|
|rule|HP Percentage Mod: HP is shown in percentages
|rule|Endless Battle Clause: Forcing endless battles is banned
|rule|Species Clause: Limit one of each Pokémon
|rule|OHKO Clause: OHKO moves are banned
|rule|Evasion Items Clause: Evasion items are banned
|rule|Evasion Moves Clause: Evasion moves are banned
|rule|Evasion Abilities Clause: Evasion abilities are banned
|rule|Sleep Moves Clause: Sleep-inducing moves are banned
|clearpoke
|poke|p1|Zapdos|
|poke|p1|Slowking-Galar, F|
|poke|p1|Jirachi|
|poke|p1|Landorus-Therian, M|
|poke|p1|Alomomola, M|
|poke|p1|Kingambit, F|
|poke|p2|Ceruledge, M|
|poke|p2|Dragonite, M|
|poke|p2|Garganacl, F|
|poke|p2|Great Tusk|
|poke|p2|Samurott-Hisui, M|
|poke|p2|Latias, F|
|teampreview
|inactive|Battle timer is ON: inactive players will automatically lose when time's up. (requested by Glocklutherking)
|
|t:|1760450603
|teamsize|p1|6
|teamsize|p2|6
|start
|switch|p1a: Zapdos|Zapdos|100/100
|switch|p2a: Samurott|Samurott-Hisui, M|100/100
|turn|1
|
|t:|1760450608
|move|p1a: Zapdos|Discharge|p2a: Samurott
|-supereffective|p2a: Samurott
|-damage|p2a: Samurott|0 fnt
|faint|p2a: Samurott
|
|upkeep
|
|t:|1760450614
|switch|p2a: Garganacl|Garganacl, F|100/100
|turn|2
|
|t:|1760450618
|move|p1a: Zapdos|Substitute|p1a: Zapdos
|-start|p1a: Zapdos|Substitute
|-damage|p1a: Zapdos|76/100
|move|p2a: Garganacl|Iron Defense|p2a: Garganacl
|-boost|p2a: Garganacl|def|2
|
|upkeep
|turn|3
|
|t:|1760450621
|move|p1a: Zapdos|Discharge|p2a: Garganacl
|-damage|p2a: Garganacl|79/100
|move|p2a: Garganacl|Salt Cure|p1a: Zapdos
|-supereffective|p1a: Zapdos
|-activate|p1a: Zapdos|move: Substitute|[damage]
|
|-heal|p2a: Garganacl|85/100|[from] item: Leftovers
|upkeep
|turn|4
|
|t:|1760450626
|move|p1a: Zapdos|Discharge|p2a: Garganacl
|-damage|p2a: Garganacl|63/100
|move|p2a: Garganacl|Iron Defense|p2a: Garganacl
|-boost|p2a: Garganacl|def|2
|
|-heal|p2a: Garganacl|69/100|[from] item: Leftovers
|upkeep
|turn|5
|
|t:|1760450630
|move|p1a: Zapdos|Discharge|p2a: Garganacl
|-damage|p2a: Garganacl|46/100
|move|p2a: Garganacl|Iron Defense|p2a: Garganacl
|-boost|p2a: Garganacl|def|2
|
|-heal|p2a: Garganacl|52/100|[from] item: Leftovers
|upkeep
|turn|6
|
|t:|1760450633
|move|p1a: Zapdos|Hurricane|p2a: Garganacl
|-resisted|p2a: Garganacl
|-damage|p2a: Garganacl|38/100
|move|p2a: Garganacl|Recover|p2a: Garganacl
|-heal|p2a: Garganacl|88/100
|
|-heal|p2a: Garganacl|94/100|[from] item: Leftovers
|upkeep
|turn|7
|
|t:|1760450638
|move|p1a: Zapdos|Discharge|p2a: Garganacl
|-damage|p2a: Garganacl|72/100
|move|p2a: Garganacl|Body Press|p1a: Zapdos
|-resisted|p1a: Zapdos
|-end|p1a: Zapdos|Substitute
|
|-heal|p2a: Garganacl|78/100|[from] item: Leftovers
|upkeep
|turn|8
|
|t:|1760450641
|move|p1a: Zapdos|Substitute|p1a: Zapdos
|-start|p1a: Zapdos|Substitute
|-damage|p1a: Zapdos|51/100
|move|p2a: Garganacl|Recover|p2a: Garganacl
|-heal|p2a: Garganacl|100/100
|
|upkeep
|turn|9
|
|t:|1760450644
|move|p1a: Zapdos|Roost|p1a: Zapdos
|-heal|p1a: Zapdos|100/100
|-singleturn|p1a: Zapdos|move: Roost
|move|p2a: Garganacl|Body Press|p1a: Zapdos
|-end|p1a: Zapdos|Substitute
|
|upkeep
|turn|10
|
|t:|1760450646
|move|p1a: Zapdos|Substitute|p1a: Zapdos
|-start|p1a: Zapdos|Substitute
|-damage|p1a: Zapdos|76/100
|move|p2a: Garganacl|Body Press|p1a: Zapdos
|-resisted|p1a: Zapdos
|-end|p1a: Zapdos|Substitute
|
|upkeep
|turn|11
|
|t:|1760450651
|move|p1a: Zapdos|Substitute|p1a: Zapdos
|-start|p1a: Zapdos|Substitute
|-damage|p1a: Zapdos|51/100
|move|p2a: Garganacl|Body Press|p1a: Zapdos
|-resisted|p1a: Zapdos
|-end|p1a: Zapdos|Substitute
|
|upkeep
|turn|12
|
|t:|1760450657
|move|p1a: Zapdos|Substitute|p1a: Zapdos
|-start|p1a: Zapdos|Substitute
|-damage|p1a: Zapdos|26/100
|move|p2a: Garganacl|Body Press|p1a: Zapdos
|-resisted|p1a: Zapdos
|-end|p1a: Zapdos|Substitute
|
|upkeep
|turn|13
|
|t:|1760450660
|switch|p1a: Slowking|Slowking-Galar, F|100/100
|move|p2a: Garganacl|Body Press|p1a: Slowking
|-resisted|p1a: Slowking
|-damage|p1a: Slowking|77/100
|
|upkeep
|turn|14
|
|t:|1760450663
|move|p2a: Garganacl|Salt Cure|p1a: Slowking
|-damage|p1a: Slowking|63/100
|-start|p1a: Slowking|Salt Cure
|-prepare|p1a: Slowking|Chilly Reception|[premajor]
|move|p1a: Slowking|Chilly Reception|p1a: Slowking
|-weather|Snowscape
|
|t:|1760450667
|switch|p1a: Alomomola|Alomomola, M|100/100|[from] Chilly Reception
|
|-weather|Snowscape|[upkeep]
|upkeep
|turn|15
|
|t:|1760450670
|move|p1a: Alomomola|Wish|p1a: Alomomola
|move|p2a: Garganacl|Body Press|p1a: Alomomola
|-damage|p1a: Alomomola|51/100
|
|-weather|Snowscape|[upkeep]
|upkeep
|turn|16
|
|t:|1760450675
|switch|p1a: Slowking|Slowking-Galar, F|97/100
|move|p2a: Garganacl|Salt Cure|p1a: Slowking
|-damage|p1a: Slowking|82/100
|-start|p1a: Slowking|Salt Cure
|
|-weather|Snowscape|[upkeep]
|-heal|p1a: Slowking|100/100|[from] move: Wish|[wisher] Alomomola
|-damage|p1a: Slowking|88/100|[from] Salt Cure
|upkeep
|turn|17
|
|t:|1760450678
|move|p2a: Garganacl|Body Press|p1a: Slowking
|-resisted|p1a: Slowking
|-damage|p1a: Slowking|63/100
|-prepare|p1a: Slowking|Chilly Reception|[premajor]
|move|p1a: Slowking|Chilly Reception|p1a: Slowking
|
|t:|1760450680
|switch|p1a: Alomomola|Alomomola, M|85/100|[from] Chilly Reception
|
|-weather|Snowscape|[upkeep]
|upkeep
|turn|18
|
|t:|1760450684
|move|p1a: Alomomola|Flip Turn|p2a: Garganacl
|-supereffective|p2a: Garganacl
|-damage|p2a: Garganacl|95/100
|
|t:|1760450686
|switch|p1a: Slowking|Slowking-Galar, F|97/100|[from] Flip Turn
|move|p2a: Garganacl|Salt Cure|p1a: Slowking
|-damage|p1a: Slowking|81/100
|-start|p1a: Slowking|Salt Cure
|
|-weather|none
|-heal|p2a: Garganacl|100/100|[from] item: Leftovers
|-damage|p1a: Slowking|69/100|[from] Salt Cure
|upkeep
|turn|19
|
|t:|1760450693
|switch|p1a: Alomomola|Alomomola, M|100/100
|move|p2a: Garganacl|Salt Cure|p1a: Alomomola
|-damage|p1a: Alomomola|93/100
|-start|p1a: Alomomola|Salt Cure
|
|-damage|p1a: Alomomola|68/100|[from] Salt Cure
|upkeep
|turn|20
|
|t:|1760450697
|move|p1a: Alomomola|Flip Turn|p2a: Garganacl
|-supereffective|p2a: Garganacl
|-damage|p2a: Garganacl|96/100
|
|t:|1760450699
|switch|p1a: Slowking|Slowking-Galar, F|100/100|[from] Flip Turn
|move|p2a: Garganacl|Salt Cure|p1a: Slowking
|-damage|p1a: Slowking|87/100
|-start|p1a: Slowking|Salt Cure
|
|-heal|p2a: Garganacl|100/100|[from] item: Leftovers
|-damage|p1a: Slowking|75/100|[from] Salt Cure
|upkeep
|turn|21
|
|t:|1760450706
|move|p2a: Garganacl|Body Press|p1a: Slowking
|-resisted|p1a: Slowking
|-damage|p1a: Slowking|50/100
|-prepare|p1a: Slowking|Chilly Reception|[premajor]
|move|p1a: Slowking|Chilly Reception|p1a: Slowking
|-weather|Snowscape
|
|t:|1760450709
|switch|p1a: Alomomola|Alomomola, M|100/100|[from] Chilly Reception
|
|-weather|Snowscape|[upkeep]
|upkeep
|turn|22
|
|t:|1760450716
|move|p1a: Alomomola|Wish|p1a: Alomomola
|move|p2a: Garganacl|Salt Cure|p1a: Alomomola
|-damage|p1a: Alomomola|93/100
|-start|p1a: Alomomola|Salt Cure
|
|-weather|Snowscape|[upkeep]
|-damage|p1a: Alomomola|68/100|[from] Salt Cure
|upkeep
|turn|23
|
|t:|1760450720
|move|p1a: Alomomola|Flip Turn|p2a: Garganacl
|-supereffective|p2a: Garganacl
|-damage|p2a: Garganacl|95/100
|
|t:|1760450722
|switch|p1a: Slowking|Slowking-Galar, F|83/100|[from] Flip Turn
|move|p2a: Garganacl|Iron Defense|p2a: Garganacl
|-boost|p2a: Garganacl|def|0
|
|-weather|Snowscape|[upkeep]
|-heal|p1a: Slowking|100/100|[from] move: Wish|[wisher] Alomomola
|-heal|p2a: Garganacl|100/100|[from] item: Leftovers
|upkeep
|turn|24
|
|t:|1760450726
|switch|p1a: Alomomola|Alomomola, M|100/100
|move|p2a: Garganacl|Iron Defense|p2a: Garganacl
|-boost|p2a: Garganacl|def|0
|
|-weather|Snowscape|[upkeep]
|upkeep
|turn|25
|
|t:|1760450730
|move|p1a: Alomomola|Protect|p1a: Alomomola
|-singleturn|p1a: Alomomola|Protect
|move|p2a: Garganacl|Iron Defense|p2a: Garganacl
|-boost|p2a: Garganacl|def|0
|
|-weather|none
|upkeep
|turn|26
|
|t:|1760450733
|move|p1a: Alomomola|Protect||[still]
|-fail|p1a: Alomomola
|move|p2a: Garganacl|Iron Defense|p2a: Garganacl
|-boost|p2a: Garganacl|def|0
|
|upkeep
|turn|27
|
|t:|1760450736
|move|p1a: Alomomola|Protect|p1a: Alomomola
|-singleturn|p1a: Alomomola|Protect
|move|p2a: Garganacl|Body Press|p1a: Alomomola
|-activate|p1a: Alomomola|move: Protect
|
|upkeep
|turn|28
|
|t:|1760450738
|move|p1a: Alomomola|Protect|p1a: Alomomola
|-singleturn|p1a: Alomomola|Protect
|move|p2a: Garganacl|Body Press|p1a: Alomomola
|-activate|p1a: Alomomola|move: Protect
|
|upkeep
|turn|29
|
|t:|1760450740
|move|p1a: Alomomola|Protect||[still]
|-fail|p1a: Alomomola
|move|p2a: Garganacl|Iron Defense|p2a: Garganacl
|-boost|p2a: Garganacl|def|0
|
|upkeep
|turn|30
|
|t:|1760450743
|move|p1a: Alomomola|Protect|p1a: Alomomola
|-singleturn|p1a: Alomomola|Protect
|move|p2a: Garganacl|Iron Defense|p2a: Garganacl
|-boost|p2a: Garganacl|def|0
|
|upkeep
|turn|31
|
|t:|1760450746
|move|p1a: Alomomola|Flip Turn|p2a: Garganacl
|-supereffective|p2a: Garganacl
|-damage|p2a: Garganacl|95/100
|
|t:|1760450748
|switch|p1a: Slowking|Slowking-Galar, F|100/100|[from] Flip Turn
|move|p2a: Garganacl|Iron Defense|p2a: Garganacl
|-boost|p2a: Garganacl|def|0
|
|-heal|p2a: Garganacl|100/100|[from] item: Leftovers
|upkeep
|turn|32
|
|t:|1760450754
|switch|p1a: Alomomola|Alomomola, M|100/100
|move|p2a: Garganacl|Iron Defense|p2a: Garganacl
|-boost|p2a: Garganacl|def|0
|
|upkeep
|turn|33
|
|t:|1760450759
|move|p1a: Alomomola|Body Slam|p2a: Garganacl
|-resisted|p2a: Garganacl
|-damage|p2a: Garganacl|99/100
|move|p2a: Garganacl|Iron Defense|p2a: Garganacl
|-boost|p2a: Garganacl|def|0
|
|-heal|p2a: Garganacl|100/100|[from] item: Leftovers
|upkeep
|turn|34
|
|t:|1760450763
|move|p1a: Alomomola|Protect|p1a: Alomomola
|-singleturn|p1a: Alomomola|Protect
|move|p2a: Garganacl|Salt Cure|p1a: Alomomola
|-activate|p1a: Alomomola|move: Protect
|
|upkeep
|turn|35
|
|t:|1760450767
|move|p1a: Alomomola|Body Slam|p2a: Garganacl
|-resisted|p2a: Garganacl
|-damage|p2a: Garganacl|99/100
|move|p2a: Garganacl|Iron Defense|p2a: Garganacl
|-boost|p2a: Garganacl|def|0
|
|-heal|p2a: Garganacl|100/100|[from] item: Leftovers
|upkeep
|turn|36
|
|t:|1760450769
|move|p1a: Alomomola|Body Slam|p2a: Garganacl
|-resisted|p2a: Garganacl
|-damage|p2a: Garganacl|99/100
|move|p2a: Garganacl|Iron Defense|p2a: Garganacl
|-boost|p2a: Garganacl|def|0
|
|-heal|p2a: Garganacl|100/100|[from] item: Leftovers
|upkeep
|turn|37
|
|t:|1760450771
|move|p1a: Alomomola|Protect|p1a: Alomomola
|-singleturn|p1a: Alomomola|Protect
|move|p2a: Garganacl|Iron Defense|p2a: Garganacl
|-boost|p2a: Garganacl|def|0
|
|upkeep
|turn|38
|
|t:|1760450772
|move|p1a: Alomomola|Body Slam|p2a: Garganacl
|-resisted|p2a: Garganacl
|-damage|p2a: Garganacl|99/100
|move|p2a: Garganacl|Salt Cure|p1a: Alomomola
|-crit|p1a: Alomomola
|-damage|p1a: Alomomola|90/100
|-start|p1a: Alomomola|Salt Cure
|
|-heal|p2a: Garganacl|100/100|[from] item: Leftovers
|-damage|p1a: Alomomola|65/100|[from] Salt Cure
|upkeep
|turn|39
|
|t:|1760450775
|move|p1a: Alomomola|Flip Turn|p2a: Garganacl
|-supereffective|p2a: Garganacl
|-damage|p2a: Garganacl|96/100
|
|t:|1760450778
|switch|p1a: Slowking|Slowking-Galar, F|100/100|[from] Flip Turn
|move|p2a: Garganacl|Iron Defense|p2a: Garganacl
|-boost|p2a: Garganacl|def|0
|
|-heal|p2a: Garganacl|100/100|[from] item: Leftovers
|upkeep
|turn|40
|
|t:|1760450782
|switch|p1a: Alomomola|Alomomola, M|99/100
|move|p2a: Garganacl|Iron Defense|p2a: Garganacl
|-boost|p2a: Garganacl|def|0
|
|upkeep
|turn|41
|
|t:|1760450787
|move|p1a: Alomomola|Flip Turn|p2a: Garganacl
|-supereffective|p2a: Garganacl
|-damage|p2a: Garganacl|96/100
|
|t:|1760450788
|switch|p1a: Slowking|Slowking-Galar, F|100/100|[from] Flip Turn
|move|p2a: Garganacl|Iron Defense|p2a: Garganacl
|-boost|p2a: Garganacl|def|0
|
|-heal|p2a: Garganacl|100/100|[from] item: Leftovers
|upkeep
|turn|42
|
|t:|1760450790
|switch|p1a: Alomomola|Alomomola, M|100/100
|move|p2a: Garganacl|Salt Cure|p1a: Alomomola
|-damage|p1a: Alomomola|94/100
|-start|p1a: Alomomola|Salt Cure
|
|-damage|p1a: Alomomola|69/100|[from] Salt Cure
|upkeep
|turn|43
|
|t:|1760450793
|switch|p1a: Slowking|Slowking-Galar, F|100/100
|move|p2a: Garganacl|Iron Defense|p2a: Garganacl
|-boost|p2a: Garganacl|def|0
|
|upkeep
|turn|44
|
|t:|1760450796
|switch|p1a: Alomomola|Alomomola, M|100/100
|move|p2a: Garganacl|Salt Cure|p1a: Alomomola
|-damage|p1a: Alomomola|94/100
|-start|p1a: Alomomola|Salt Cure
|
|-damage|p1a: Alomomola|69/100|[from] Salt Cure
|upkeep
|turn|45
|
|t:|1760450801
|switch|p1a: Slowking|Slowking-Galar, F|100/100
|move|p2a: Garganacl|Iron Defense|p2a: Garganacl
|-boost|p2a: Garganacl|def|0
|
|upkeep
|turn|46
|
|t:|1760450802
|switch|p1a: Alomomola|Alomomola, M|100/100
|move|p2a: Garganacl|Salt Cure|p1a: Alomomola
|-damage|p1a: Alomomola|94/100
|-start|p1a: Alomomola|Salt Cure
|
|-damage|p1a: Alomomola|69/100|[from] Salt Cure
|upkeep
|turn|47
|
|t:|1760450806
|switch|p1a: Slowking|Slowking-Galar, F|100/100
|move|p2a: Garganacl|Salt Cure|p1a: Slowking
|-damage|p1a: Slowking|86/100
|-start|p1a: Slowking|Salt Cure
|
|-damage|p1a: Slowking|73/100|[from] Salt Cure
|upkeep
|turn|48
|
|t:|1760450809
|switch|p1a: Alomomola|Alomomola, M|100/100
|move|p2a: Garganacl|Salt Cure|p1a: Alomomola
|-damage|p1a: Alomomola|94/100
|-start|p1a: Alomomola|Salt Cure
|
|-damage|p1a: Alomomola|69/100|[from] Salt Cure
|upkeep
|turn|49
|
|t:|1760450812
|switch|p1a: Slowking|Slowking-Galar, F|100/100
|move|p2a: Garganacl|Salt Cure|p1a: Slowking
|-damage|p1a: Slowking|87/100
|-start|p1a: Slowking|Salt Cure
|
|-damage|p1a: Slowking|74/100|[from] Salt Cure
|upkeep
|turn|50
|
|t:|1760450814
|switch|p1a: Alomomola|Alomomola, M|100/100
|move|p2a: Garganacl|Salt Cure|p1a: Alomomola
|-damage|p1a: Alomomola|94/100
|-start|p1a: Alomomola|Salt Cure
|
|-damage|p1a: Alomomola|69/100|[from] Salt Cure
|upkeep
|turn|51
|
|t:|1760450816
|switch|p1a: Slowking|Slowking-Galar, F|100/100
|move|p2a: Garganacl|Salt Cure|p1a: Slowking
|-damage|p1a: Slowking|85/100
|-start|p1a: Slowking|Salt Cure
|
|-damage|p1a: Slowking|73/100|[from] Salt Cure
|upkeep
|turn|52
|
|t:|1760450820
|switch|p1a: Alomomola|Alomomola, M|100/100
|move|p2a: Garganacl|Iron Defense|p2a: Garganacl
|-boost|p2a: Garganacl|def|0
|
|upkeep
|turn|53
|
|t:|1760450824
|move|p1a: Alomomola|Body Slam|p2a: Garganacl
|-resisted|p2a: Garganacl
|-damage|p2a: Garganacl|99/100
|move|p2a: Garganacl|Iron Defense|p2a: Garganacl
|-boost|p2a: Garganacl|def|0
|
|-heal|p2a: Garganacl|100/100|[from] item: Leftovers
|upkeep
|turn|54
|
|t:|1760450827
|move|p1a: Alomomola|Body Slam|p2a: Garganacl
|-resisted|p2a: Garganacl
|-damage|p2a: Garganacl|99/100
|move|p2a: Garganacl|Iron Defense|p2a: Garganacl
|-boost|p2a: Garganacl|def|0
|
|-heal|p2a: Garganacl|100/100|[from] item: Leftovers
|upkeep
|turn|55
|
|t:|1760450828
|move|p1a: Alomomola|Protect|p1a: Alomomola
|-singleturn|p1a: Alomomola|Protect
|move|p2a: Garganacl|Salt Cure|p1a: Alomomola
|-activate|p1a: Alomomola|move: Protect
|
|upkeep
|turn|56
|
|t:|1760450830
|switch|p1a: Slowking|Slowking-Galar, F|100/100
|move|p2a: Garganacl|Iron Defense|p2a: Garganacl
|-boost|p2a: Garganacl|def|0
|
|upkeep
|turn|57
|
|t:|1760450836
|switch|p1a: Alomomola|Alomomola, M|100/100
|move|p2a: Garganacl|Salt Cure|p1a: Alomomola
|-damage|p1a: Alomomola|93/100
|-start|p1a: Alomomola|Salt Cure
|
|-damage|p1a: Alomomola|68/100|[from] Salt Cure
|upkeep
|turn|58
|
|t:|1760450840
|switch|p1a: Slowking|Slowking-Galar, F|100/100
|move|p2a: Garganacl|Salt Cure|p1a: Slowking
|-damage|p1a: Slowking|86/100
|-start|p1a: Slowking|Salt Cure
|
|-damage|p1a: Slowking|73/100|[from] Salt Cure
|upkeep
|turn|59
|
|t:|1760450843
|move|p2a: Garganacl|Salt Cure|p1a: Slowking
|-damage|p1a: Slowking|59/100
|-prepare|p1a: Slowking|Chilly Reception|[premajor]
|move|p1a: Slowking|Chilly Reception|p1a: Slowking
|-weather|Snowscape
|
|t:|1760450846
|switch|p1a: Jirachi|Jirachi|100/100|[from] Chilly Reception
|
|-weather|Snowscape|[upkeep]
|upkeep
|turn|60
|
|t:|1760450849
|switch|p1a: Alomomola|Alomomola, M|100/100
|move|p2a: Garganacl|Body Press|p1a: Alomomola
|-damage|p1a: Alomomola|54/100
|
|-weather|Snowscape|[upkeep]
|upkeep
|turn|61
|
|t:|1760450852
|switch|p1a: Slowking|Slowking-Galar, F|92/100
|move|p2a: Garganacl|Body Press|p1a: Slowking
|-resisted|p1a: Slowking
|-damage|p1a: Slowking|70/100
|
|-weather|Snowscape|[upkeep]
|upkeep
|turn|62
|
|t:|1760450857
|switch|p1a: Alomomola|Alomomola, M|87/100
|move|p2a: Garganacl|Salt Cure|p1a: Alomomola
|-damage|p1a: Alomomola|80/100
|-start|p1a: Alomomola|Salt Cure
|
|-weather|Snowscape|[upkeep]
|-damage|p1a: Alomomola|56/100|[from] Salt Cure
|upkeep
|turn|63
|
|t:|1760450859
|switch|p1a: Slowking|Slowking-Galar, F|100/100
|move|p2a: Garganacl|Body Press|p1a: Slowking
|-resisted|p1a: Slowking
|-damage|p1a: Slowking|76/100
|
|-weather|none
|upkeep
|turn|64
|
|t:|1760450863
|switch|p1a: Alomomola|Alomomola, M|89/100
|move|p2a: Garganacl|Recover||[still]
|-fail|p2a: Garganacl|heal
|
|upkeep
|turn|65
|
|t:|1760450866
|switch|p1a: Slowking|Slowking-Galar, F|100/100
|move|p2a: Garganacl|Recover||[still]
|-fail|p2a: Garganacl|heal
|
|upkeep
|turn|66
|
|t:|1760450869
|switch|p1a: Alomomola|Alomomola, M|100/100
|move|p2a: Garganacl|Recover||[still]
|-fail|p2a: Garganacl|heal
|
|upkeep
|turn|67
|
|t:|1760450873
|switch|p1a: Slowking|Slowking-Galar, F|100/100
|move|p2a: Garganacl|Salt Cure|p1a: Slowking
|-damage|p1a: Slowking|86/100
|-start|p1a: Slowking|Salt Cure
|
|-damage|p1a: Slowking|73/100|[from] Salt Cure
|upkeep
|turn|68
|
|t:|1760450874
|switch|p1a: Alomomola|Alomomola, M|100/100
|move|p2a: Garganacl|Recover||[still]
|-fail|p2a: Garganacl|heal
|
|upkeep
|turn|69
|
|t:|1760450877
|switch|p1a: Slowking|Slowking-Galar, F|100/100
|move|p2a: Garganacl|Recover||[still]
|-fail|p2a: Garganacl|heal
|
|upkeep
|turn|70
|
|t:|1760450881
|switch|p1a: Alomomola|Alomomola, M|100/100
|move|p2a: Garganacl|Salt Cure|p1a: Alomomola
|-damage|p1a: Alomomola|94/100
|-start|p1a: Alomomola|Salt Cure
|
|-damage|p1a: Alomomola|69/100|[from] Salt Cure
|upkeep
|turn|71
|
|t:|1760450884
|switch|p1a: Slowking|Slowking-Galar, F|100/100
|switch|p2a: Dragonite|Dragonite, M|100/100
|
|upkeep
|turn|72
|
|t:|1760450887
|move|p2a: Dragonite|Dragon Dance|p2a: Dragonite
|-boost|p2a: Dragonite|atk|1
|-boost|p2a: Dragonite|spe|1
|move|p1a: Slowking|Thunder Wave|p2a: Dragonite
|-status|p2a: Dragonite|par
|
|upkeep
|turn|73
|
|t:|1760450892
|switch|p1a: Landorus|Landorus-Therian, M|100/100
|-ability|p1a: Landorus|Intimidate|boost
|-unboost|p2a: Dragonite|atk|1
|move|p2a: Dragonite|Dragon Dance|p2a: Dragonite
|-boost|p2a: Dragonite|atk|1
|-boost|p2a: Dragonite|spe|1
|
|upkeep
|turn|74
|
|t:|1760450902
|move|p1a: Landorus|U-turn|p2a: Dragonite
|-resisted|p2a: Dragonite
|-damage|p2a: Dragonite|95/100 par
|
|t:|1760450906
|switch|p1a: Zapdos|Zapdos|26/100|[from] U-turn
|move|p2a: Dragonite|Dragon Dance|p2a: Dragonite
|-boost|p2a: Dragonite|atk|1
|-boost|p2a: Dragonite|spe|1
|
|-heal|p2a: Dragonite|100/100 par|[from] item: Leftovers
|upkeep
|turn|75
|
|t:|1760450912
|move|p2a: Dragonite|Dragon Claw|p1a: Zapdos
|-damage|p1a: Zapdos|0 fnt
|faint|p1a: Zapdos
|
|upkeep
|
|t:|1760450916
|switch|p1a: Jirachi|Jirachi|100/100
|turn|76
|
|t:|1760450918
|move|p2a: Dragonite|Fire Punch|p1a: Jirachi
|-supereffective|p1a: Jirachi
|-damage|p1a: Jirachi|3/100
|move|p1a: Jirachi|Iron Head|p2a: Dragonite
|-damage|p2a: Dragonite|87/100 par
|
|-heal|p2a: Dragonite|93/100 par|[from] item: Leftovers
|-heal|p1a: Jirachi|9/100|[from] item: Leftovers
|upkeep
|turn|77
|
|t:|1760450927
|move|p2a: Dragonite|Dragon Dance|p2a: Dragonite
|-boost|p2a: Dragonite|atk|1
|-boost|p2a: Dragonite|spe|1
|move|p1a: Jirachi|Psychic Noise|p2a: Dragonite
|-damage|p2a: Dragonite|70/100 par
|-start|p2a: Dragonite|move: Heal Block
|
|-heal|p1a: Jirachi|15/100|[from] item: Leftovers
|upkeep
|turn|78
|
|t:|1760450931
|move|p2a: Dragonite|Fire Punch|p1a: Jirachi
|-supereffective|p1a: Jirachi
|-damage|p1a: Jirachi|0 fnt
|faint|p1a: Jirachi
|
|-end|p2a: Dragonite|move: Heal Block
|upkeep
|
|t:|1760450933
|switch|p1a: Kingambit|Kingambit, F|100/100
|-activate|p1a: Kingambit|ability: Supreme Overlord
|-start|p1a: Kingambit|fallen2|[silent]
|turn|79
|
|t:|1760450937
|-terastallize|p1a: Kingambit|Ghost
|move|p2a: Dragonite|Dragon Dance|p2a: Dragonite
|-boost|p2a: Dragonite|atk|1
|-boost|p2a: Dragonite|spe|1
|move|p1a: Kingambit|Kowtow Cleave|p2a: Dragonite
|-damage|p2a: Dragonite|9/100 par
|
|-heal|p2a: Dragonite|16/100 par|[from] item: Leftovers
|upkeep
|turn|80
|
|t:|1760450945
|move|p1a: Kingambit|Sucker Punch||[still]
|-fail|p1a: Kingambit
|move|p2a: Dragonite|Dragon Dance|p2a: Dragonite
|-boost|p2a: Dragonite|atk|1
|-boost|p2a: Dragonite|spe|1
|
|-heal|p2a: Dragonite|22/100 par|[from] item: Leftovers
|upkeep
|turn|81
|
|t:|1760450946
|move|p1a: Kingambit|Sucker Punch||[still]
|-fail|p1a: Kingambit
|move|p2a: Dragonite|Encore|p1a: Kingambit
|-start|p1a: Kingambit|Encore
|
|-heal|p2a: Dragonite|28/100 par|[from] item: Leftovers
|upkeep
|turn|82
|
|t:|1760450950
|-end|p1a: Kingambit|fallen2|[silent]
|switch|p1a: Alomomola|Alomomola, M|100/100
|cant|p2a: Dragonite|par
|
|-heal|p2a: Dragonite|34/100 par|[from] item: Leftovers
|upkeep
|turn|83
|
|t:|1760450954
|move|p2a: Dragonite|Dragon Claw|p1a: Alomomola
|-damage|p1a: Alomomola|8/100
|move|p1a: Alomomola|Flip Turn|p2a: Dragonite
|-resisted|p2a: Dragonite
|-damage|p2a: Dragonite|26/100 par
|
|t:|1760450956
|switch|p1a: Kingambit|Kingambit, F, tera:Ghost|100/100|[from] Flip Turn
|-activate|p1a: Kingambit|ability: Supreme Overlord
|-start|p1a: Kingambit|fallen2|[silent]
|
|-heal|p2a: Dragonite|32/100 par|[from] item: Leftovers
|upkeep
|turn|84
|
|t:|1760450961
|cant|p2a: Dragonite|par
|move|p1a: Kingambit|Kowtow Cleave|p2a: Dragonite
|-crit|p2a: Dragonite
|-damage|p2a: Dragonite|0 fnt
|faint|p2a: Dragonite
|
|upkeep
|
|t:|1760450970
|switch|p2a: Great Tusk|Great Tusk|100/100
|-enditem|p2a: Great Tusk|Booster Energy
|-activate|p2a: Great Tusk|ability: Protosynthesis|[fromitem]
|-start|p2a: Great Tusk|protosynthesisatk
|turn|85
|
|t:|1760450977
|-end|p1a: Kingambit|fallen2|[silent]
|switch|p1a: Landorus|Landorus-Therian, M|100/100
|-ability|p1a: Landorus|Intimidate|boost
|-unboost|p2a: Great Tusk|atk|1
|move|p2a: Great Tusk|Bulk Up|p2a: Great Tusk
|-boost|p2a: Great Tusk|atk|1
|-boost|p2a: Great Tusk|def|1
|
|upkeep
|turn|86
|
|t:|1760450980
|move|p1a: Landorus|Fling|p2a: Great Tusk
|-resisted|p2a: Great Tusk
|-damage|p2a: Great Tusk|99/100
|-status|p2a: Great Tusk|par
|-enditem|p1a: Landorus|Light Ball|[from] move: Fling
|cant|p2a: Great Tusk|par
|
|upkeep
|turn|87
|
|t:|1760450985
|move|p1a: Landorus|Earth Power|p2a: Great Tusk
|-damage|p2a: Great Tusk|53/100 par
|move|p2a: Great Tusk|Bulk Up|p2a: Great Tusk
|-boost|p2a: Great Tusk|atk|1
|-boost|p2a: Great Tusk|def|1
|
|upkeep
|turn|88
|
|t:|1760450990
|move|p1a: Landorus|Earth Power|p2a: Great Tusk
|-damage|p2a: Great Tusk|0 fnt
|faint|p2a: Great Tusk
|-end|p2a: Great Tusk|Protosynthesis|[silent]
|
|upkeep
|
|t:|1760450994
|switch|p2a: Garganacl|Garganacl, F|100/100
|turn|89
|
|t:|1760450999
|switch|p1a: Alomomola|Alomomola, M|42/100
|move|p2a: Garganacl|Body Press|p1a: Alomomola
|-damage|p1a: Alomomola|30/100
|
|upkeep
|turn|90
|
|t:|1760451003
|switch|p1a: Slowking|Slowking-Galar, F|100/100
|move|p2a: Garganacl|Body Press|p1a: Slowking
|-resisted|p1a: Slowking
|-damage|p1a: Slowking|94/100
|
|upkeep
|turn|91
|
|t:|1760451005
|switch|p1a: Alomomola|Alomomola, M|63/100
|move|p2a: Garganacl|Recover||[still]
|-fail|p2a: Garganacl|heal
|
|upkeep
|turn|92
|
|t:|1760451011
|move|p1a: Alomomola|Flip Turn|p2a: Garganacl
|-supereffective|p2a: Garganacl
|-damage|p2a: Garganacl|78/100
|
|t:|1760451016
|switch|p1a: Landorus|Landorus-Therian, M|100/100|[from] Flip Turn
|-ability|p1a: Landorus|Intimidate|boost
|-unboost|p2a: Garganacl|atk|1
|-activate|p2a: Garganacl|move: Struggle
|move|p2a: Garganacl|Struggle|p1a: Landorus
|-crit|p1a: Landorus
|-damage|p1a: Landorus|85/100
|-damage|p2a: Garganacl|53/100|[from] recoil
|
|-heal|p2a: Garganacl|59/100|[from] item: Leftovers
|upkeep
|turn|93
|
|t:|1760451018
|move|p1a: Landorus|Stealth Rock|p2a: Garganacl
|-sidestart|p2: Glocklutherking|move: Stealth Rock
|-activate|p2a: Garganacl|move: Struggle
|move|p2a: Garganacl|Struggle|p1a: Landorus
|-damage|p1a: Landorus|77/100
|-damage|p2a: Garganacl|34/100|[from] recoil
|
|-heal|p2a: Garganacl|40/100|[from] item: Leftovers
|upkeep
|turn|94
|
|t:|1760451020
|move|p1a: Landorus|U-turn|p2a: Garganacl
|-damage|p2a: Garganacl|25/100
|
|t:|1760451024
|switch|p1a: Kingambit|Kingambit, F, tera:Ghost|100/100|[from] U-turn
|-activate|p1a: Kingambit|ability: Supreme Overlord
|-start|p1a: Kingambit|fallen2|[silent]
|-activate|p2a: Garganacl|move: Struggle
|move|p2a: Garganacl|Struggle|p1a: Kingambit
|-damage|p1a: Kingambit|93/100
|-damage|p2a: Garganacl|0 fnt|[from] recoil
|faint|p2a: Garganacl
|
|-heal|p1a: Kingambit|99/100|[from] item: Leftovers
|upkeep
|
|t:|1760451028
|switch|p2a: Ceruledge|Ceruledge, M|100/100
|-damage|p2a: Ceruledge|75/100|[from] Stealth Rock
|turn|95
|
|t:|1760451034
|-end|p1a: Kingambit|fallen2|[silent]
|switch|p1a: Landorus|Landorus-Therian, M|77/100
|-ability|p1a: Landorus|Intimidate|boost
|-unboost|p2a: Ceruledge|atk|1
|move|p2a: Ceruledge|Bitter Blade|p1a: Landorus
|-damage|p1a: Landorus|47/100
|-heal|p2a: Ceruledge|95/100|[from] drain|[of] p1a: Landorus
|
|upkeep
|turn|96
|
|t:|1760451042
|switch|p1a: Alomomola|Alomomola, M|97/100
|-terastallize|p2a: Ceruledge|Grass
|move|p2a: Ceruledge|Swords Dance|p2a: Ceruledge
|-boost|p2a: Ceruledge|atk|2
|
|upkeep
|turn|97
|
|t:|1760451047
|switch|p1a: Landorus|Landorus-Therian, M|47/100
|-ability|p1a: Landorus|Intimidate|boost
|-unboost|p2a: Ceruledge|atk|1
|move|p2a: Ceruledge|Swords Dance|p2a: Ceruledge
|-boost|p2a: Ceruledge|atk|2
|
|upkeep
|turn|98
|
|t:|1760451052
|move|p1a: Landorus|U-turn|p2a: Ceruledge
|-supereffective|p2a: Ceruledge
|-damage|p2a: Ceruledge|35/100
|-ability|p2a: Ceruledge|Weak Armor|boost
|-unboost|p2a: Ceruledge|def|1
|-boost|p2a: Ceruledge|spe|2
|
|t:|1760451056
|switch|p1a: Alomomola|Alomomola, M|100/100|[from] U-turn
|move|p2a: Ceruledge|Solar Blade||[still]
|-prepare|p2a: Ceruledge|Solar Blade
|-enditem|p2a: Ceruledge|Power Herb
|-anim|p2a: Ceruledge|Solar Blade|p1a: Alomomola
|-supereffective|p1a: Alomomola
|-damage|p1a: Alomomola|0 fnt
|faint|p1a: Alomomola
|
|upkeep
|
|t:|1760451059
|switch|p1a: Kingambit|Kingambit, F, tera:Ghost|99/100
|-activate|p1a: Kingambit|ability: Supreme Overlord
|-start|p1a: Kingambit|fallen3|[silent]
|turn|99
|
|t:|1760451068
|move|p1a: Kingambit|Sucker Punch|p2a: Ceruledge
|-damage|p2a: Ceruledge|0 fnt
|faint|p2a: Ceruledge
|
|-heal|p1a: Kingambit|100/100|[from] item: Leftovers
|upkeep
|
|t:|1760451070
|switch|p2a: Latias|Latias, F|100/100
|-damage|p2a: Latias|88/100|[from] Stealth Rock
|turn|100
|
|t:|1760451077
|move|p2a: Latias|Calm Mind|p2a: Latias
|-boost|p2a: Latias|spa|1
|-boost|p2a: Latias|spd|1
|move|p1a: Kingambit|Kowtow Cleave|p2a: Latias
|-supereffective|p2a: Latias
|-damage|p2a: Latias|0 fnt
|faint|p2a: Latias
|
|win|GlormbusTemples
|raw|GlormbusTemples's rating: 1156 &rarr; <strong>1180</strong><br />(+24 for winning)
|raw|Glocklutherking's rating: 1147 &rarr; <strong>1123</strong><br />(-24 for losing)
