|j|☆Friea9zhan
|j|☆IMNOTGCB
|t:|1760407368
|gametype|singles
|player|p1|Friea9zhan|red|1074
|player|p2|IMNOTGCB|101|1091
|gen|9
|tier|[Gen 9] OU
|rated|
|rule|HP Percentage Mod: HP is shown in percentages
|rule|Endless Battle Clause: Forcing endless battles is banned
|rule|Species Clause: Limit one of each Pokémon
|rule|OHKO Clause: OHKO moves are banned
|rule|Evasion Items Clause: Evasion items are banned
|rule|Evasion Moves Clause: Evasion moves are banned
|rule|Evasion Abilities Clause: Evasion abilities are banned
|rule|Sleep Moves Clause: Sleep-inducing moves are banned
|clearpoke
|poke|p1|Landorus-Therian, M|
|poke|p1|Corviknight, M|
|poke|p1|Gholdengo|
|poke|p1|Raging Bolt|
|poke|p1|Darkrai|
|poke|p1|Rillaboom, M|
|poke|p2|Pelipper, F|
|poke|p2|Barraskewda, F|
|poke|p2|Alomomola, F|
|poke|p2|Quaquaval, M|
|poke|p2|Walking Wake|
|poke|p2|Meowscarada, F|
|teampreview
|
|t:|1760407379
|teamsize|p1|6
|teamsize|p2|6
|start
|switch|p1a: Landorus|Landorus-Therian, M|100/100
|switch|p2a: Pelipper|Pelipper, F|100/100
|-ability|p1a: Landorus|Intimidate|boost
|-unboost|p2a: Pelipper|atk|1
|-weather|RainDance|[from] ability: Drizzle|[of] p2a: Pelipper
|turn|1
|
|t:|1760407389
|move|p1a: Landorus|Stone Edge|p2a: Pelipper
|-supereffective|p2a: Pelipper
|-damage|p2a: Pelipper|16/100
|move|p2a: Pelipper|U-turn|p1a: Landorus
|-resisted|p1a: Landorus
|-damage|p1a: Landorus|97/100
|
|t:|1760407398
|switch|p2a: Quaquaval|Quaquaval, M|100/100|[from] U-turn
|
|-weather|RainDance|[upkeep]
|upkeep
|turn|2
|
|t:|1760407404
|switch|p1a: Rillaboom|Rillaboom, M|100/100
|-fieldstart|move: Grassy Terrain|[from] ability: Grassy Surge|[of] p1a: Rillaboom
|move|p2a: Quaquaval|Triple Axel|p1a: Rillaboom
|-supereffective|p1a: Rillaboom
|-damage|p1a: Rillaboom|84/100
|-supereffective|p1a: Rillaboom
|-damage|p1a: Rillaboom|56/100
|-supereffective|p1a: Rillaboom
|-damage|p1a: Rillaboom|15/100
|-hitcount|p1a: Rillaboom|3
|
|-weather|RainDance|[upkeep]
|-heal|p1a: Rillaboom|21/100|[from] Grassy Terrain
|upkeep
|turn|3
|
|t:|1760407421
|move|p1a: Rillaboom|Grassy Glide|p2a: Quaquaval
|-supereffective|p2a: Quaquaval
|-damage|p2a: Quaquaval|16/100
|move|p2a: Quaquaval|Aqua Step|p1a: Rillaboom
|-resisted|p1a: Rillaboom
|-damage|p1a: Rillaboom|0 fnt
|-boost|p2a: Quaquaval|spe|1
|faint|p1a: Rillaboom
|-ability|p2a: Quaquaval|Moxie|boost
|-boost|p2a: Quaquaval|atk|1
|
|-weather|RainDance|[upkeep]
|-heal|p2a: Quaquaval|22/100|[from] Grassy Terrain
|upkeep
|
|t:|1760407435
|switch|p1a: Gholdengo|Gholdengo|100/100
|turn|4
|
|t:|1760407444
|move|p1a: Gholdengo|Dazzling Gleam|p2a: Quaquaval
|-supereffective|p2a: Quaquaval
|-damage|p2a: Quaquaval|0 fnt
|faint|p2a: Quaquaval
|
|-weather|RainDance|[upkeep]
|upkeep
|
|t:|1760407454
|switch|p2a: Alomomola|Alomomola, F|100/100
|turn|5
|
|t:|1760407462
|switch|p1a: Darkrai|Darkrai|100/100
|move|p2a: Alomomola|Flip Turn|p1a: Darkrai
|-damage|p1a: Darkrai|71/100
|inactive|Battle timer is ON: inactive players will automatically lose when time's up. (requested by Friea9zhan)
|
|t:|1760407476
|switch|p2a: Walking Wake|Walking Wake|100/100|[from] Flip Turn
|-enditem|p2a: Walking Wake|Booster Energy
|-activate|p2a: Walking Wake|ability: Protosynthesis|[fromitem]
|-start|p2a: Walking Wake|protosynthesisspa
|
|-weather|RainDance|[upkeep]
|-heal|p1a: Darkrai|77/100|[from] Grassy Terrain
|upkeep
|turn|6
|
|t:|1760407494
|move|p1a: Darkrai|Dark Pulse|p2a: Walking Wake
|-damage|p2a: Walking Wake|50/100
|move|p2a: Walking Wake|Substitute|p2a: Walking Wake
|-start|p2a: Walking Wake|Substitute
|-damage|p2a: Walking Wake|25/100
|
|-weather|RainDance|[upkeep]
|-heal|p1a: Darkrai|83/100|[from] Grassy Terrain
|-heal|p2a: Walking Wake|31/100|[from] Grassy Terrain
|-fieldend|move: Grassy Terrain
|upkeep
|turn|7
|
|t:|1760407508
|move|p1a: Darkrai|Dark Pulse|p2a: Walking Wake
|-end|p2a: Walking Wake|Substitute
|move|p2a: Walking Wake|Hydro Steam|p1a: Darkrai
|-damage|p1a: Darkrai|0 fnt
|faint|p1a: Darkrai
|
|-weather|RainDance|[upkeep]
|upkeep
|
|t:|1760407520
|switch|p1a: Gholdengo|Gholdengo|100/100
|turn|8
|
|t:|1760407525
|move|p1a: Gholdengo|Dazzling Gleam|p2a: Walking Wake
|-supereffective|p2a: Walking Wake
|-damage|p2a: Walking Wake|0 fnt
|faint|p2a: Walking Wake
|-end|p2a: Walking Wake|Protosynthesis|[silent]
|
|-weather|none
|upkeep
|
|t:|1760407531
|switch|p2a: Pelipper|Pelipper, F|16/100
|-weather|RainDance|[from] ability: Drizzle|[of] p2a: Pelipper
|turn|9
|
|t:|1760407542
|switch|p1a: Raging Bolt|Raging Bolt|100/100
|-enditem|p1a: Raging Bolt|Booster Energy
|-activate|p1a: Raging Bolt|ability: Protosynthesis|[fromitem]
|-start|p1a: Raging Bolt|protosynthesisspa
|switch|p2a: Alomomola|Alomomola, F|100/100
|
|-weather|RainDance|[upkeep]
|upkeep
|turn|10
|
|t:|1760407552
|move|p1a: Raging Bolt|Calm Mind|p1a: Raging Bolt
|-boost|p1a: Raging Bolt|spa|1
|-boost|p1a: Raging Bolt|spd|1
|move|p2a: Alomomola|Wish|p2a: Alomomola
|
|-weather|RainDance|[upkeep]
|upkeep
|turn|11
|
|t:|1760407560
|move|p1a: Raging Bolt|Discharge|p2a: Alomomola
|-supereffective|p2a: Alomomola
|-damage|p2a: Alomomola|0 fnt
|faint|p2a: Alomomola
|
|-weather|RainDance|[upkeep]
|upkeep
|
|t:|1760407567
|switch|p2a: Pelipper|Pelipper, F|16/100
|turn|12
|
|t:|1760407579
|-terastallize|p2a: Pelipper|Ground
|move|p1a: Raging Bolt|Thunderclap|p2a: Pelipper
|-immune|p2a: Pelipper
|move|p2a: Pelipper|Hurricane|p1a: Raging Bolt
|-resisted|p1a: Raging Bolt
|-damage|p1a: Raging Bolt|91/100
|-start|p1a: Raging Bolt|confusion
|
|-weather|RainDance|[upkeep]
|upkeep
|turn|13
|
|t:|1760407602
|-end|p1a: Raging Bolt|Protosynthesis|[silent]
|switch|p1a: Gholdengo|Gholdengo|100/100
|move|p2a: Pelipper|U-turn|p1a: Gholdengo
|-resisted|p1a: Gholdengo
|-damage|p1a: Gholdengo|98/100
|
|t:|1760407608
|switch|p2a: Barraskewda|Barraskewda, F|100/100|[from] U-turn
|
|-weather|RainDance|[upkeep]
|upkeep
|turn|14
|
|t:|1760407617
|switch|p1a: Corviknight|Corviknight, M|100/100
|move|p2a: Barraskewda|Liquidation|p1a: Corviknight
|-damage|p1a: Corviknight|44/100
|-damage|p2a: Barraskewda|84/100|[from] item: Rocky Helmet|[of] p1a: Corviknight
|-damage|p2a: Barraskewda|74/100|[from] item: Life Orb
|
|-weather|RainDance|[upkeep]
|upkeep
|turn|15
|
|t:|1760407637
|move|p2a: Barraskewda|Liquidation|p1a: Corviknight
|-damage|p1a: Corviknight|0 fnt
|-damage|p2a: Barraskewda|57/100|[from] item: Rocky Helmet|[of] p1a: Corviknight
|faint|p1a: Corviknight
|-damage|p2a: Barraskewda|47/100|[from] item: Life Orb
|
|-weather|RainDance|[upkeep]
|upkeep
|
|t:|1760407645
|switch|p1a: Raging Bolt|Raging Bolt|91/100
|turn|16
|
|t:|1760407653
|switch|p2a: Pelipper|Pelipper, F, tera:Ground|16/100
|move|p1a: Raging Bolt|Discharge|p2a: Pelipper
|-immune|p2a: Pelipper
|
|-weather|none
|upkeep
|turn|17
|
|t:|1760407661
|switch|p2a: Meowscarada|Meowscarada, F|100/100
|move|p1a: Raging Bolt|Draco Meteor|p2a: Meowscarada|[miss]
|-miss|p1a: Raging Bolt|p2a: Meowscarada
|
|upkeep
|turn|18
|
|t:|1760407668
|move|p2a: Meowscarada|Triple Axel|p1a: Raging Bolt
|-start|p2a: Meowscarada|typechange|Ice|[from] ability: Protean
|-supereffective|p1a: Raging Bolt
|-damage|p1a: Raging Bolt|76/100
|-supereffective|p1a: Raging Bolt
|-crit|p1a: Raging Bolt
|-damage|p1a: Raging Bolt|31/100
|-supereffective|p1a: Raging Bolt
|-damage|p1a: Raging Bolt|0 fnt
|faint|p1a: Raging Bolt
|-end|p1a: Raging Bolt|Protosynthesis|[silent]
|-hitcount|p1: Raging Bolt|3
|
|upkeep
|
|t:|1760407680
|switch|p1a: Landorus|Landorus-Therian, M|97/100
|-ability|p1a: Landorus|Intimidate|boost
|-unboost|p2a: Meowscarada|atk|1
|turn|19
|
|t:|1760407688
|-terastallize|p1a: Landorus|Fighting
|move|p1a: Landorus|Brick Break|p2a: Meowscarada
|-supereffective|p2a: Meowscarada
|-enditem|p2a: Meowscarada|Focus Sash
|-damage|p2a: Meowscarada|1/100
|move|p2a: Meowscarada|Triple Axel|p1a: Landorus
|-damage|p1a: Landorus|90/100
|-damage|p1a: Landorus|77/100
|-damage|p1a: Landorus|55/100
|-hitcount|p1a: Landorus|3
|
|upkeep
|turn|20
|
|t:|1760407701
|move|p1a: Landorus|Brick Break|p2a: Meowscarada
|-supereffective|p2a: Meowscarada
|-damage|p2a: Meowscarada|0 fnt
|faint|p2a: Meowscarada
|
|upkeep
|
|t:|1760407707
|switch|p2a: Pelipper|Pelipper, F, tera:Ground|16/100
|-weather|RainDance|[from] ability: Drizzle|[of] p2a: Pelipper
|turn|21
|
|t:|1760407713
|switch|p1a: Gholdengo|Gholdengo|98/100
|move|p2a: Pelipper|U-turn|p1a: Gholdengo
|-resisted|p1a: Gholdengo
|-damage|p1a: Gholdengo|95/100
|
|t:|1760407718
|switch|p2a: Barraskewda|Barraskewda, F|47/100|[from] U-turn
|
|-weather|RainDance|[upkeep]
|upkeep
|turn|22
|
|t:|1760407726
|switch|p1a: Landorus|Landorus-Therian, M, tera:Fighting|55/100
|-ability|p1a: Landorus|Intimidate|boost
|-unboost|p2a: Barraskewda|atk|1
|move|p2a: Barraskewda|Liquidation|p1a: Landorus
|-damage|p1a: Landorus|0 fnt
|faint|p1a: Landorus
|-damage|p2a: Barraskewda|38/100|[from] item: Life Orb
|
|-weather|RainDance|[upkeep]
|upkeep
|
|t:|1760407737
|switch|p1a: Gholdengo|Gholdengo|95/100
|turn|23
|
|t:|1760407743
|move|p2a: Barraskewda|Liquidation|p1a: Gholdengo
|-crit|p1a: Gholdengo
|-damage|p1a: Gholdengo|0 fnt
|faint|p1a: Gholdengo
|-damage|p2a: Barraskewda|28/100|[from] item: Life Orb
|
|win|IMNOTGCB
|raw|Friea9zhan's rating: 1074 &rarr; <strong>1054</strong><br />(-20 for losing)
|raw|IMNOTGCB's rating: 1091 &rarr; <strong>1116</strong><br />(+25 for winning)
|l|☆Friea9zhan
|player|p1|
