|j|☆rwdv
|j|☆getreyal
|t:|1760394439
|gametype|singles
|player|p1|rwdv|lance|1678
|player|p2|getreyal|pokemonbreeder-gen4|1625
|gen|9
|tier|[Gen 9] OU
|rated|
|rule|HP Percentage Mod: HP is shown in percentages
|rule|Endless Battle Clause: Forcing endless battles is banned
|rule|Species Clause: Limit one of each Pokémon
|rule|OHKO Clause: OHKO moves are banned
|rule|Evasion Items Clause: Evasion items are banned
|rule|Evasion Moves Clause: Evasion moves are banned
|rule|Evasion Abilities Clause: Evasion abilities are banned
|rule|Sleep Moves Clause: Sleep-inducing moves are banned
|clearpoke
|poke|p1|Darkrai|
|poke|p1|Garganacl, F|
|poke|p1|Tornadus-Therian, M|
|poke|p1|Great Tusk|
|poke|p1|Kyurem|
|poke|p1|Slowking-Galar, M|
|poke|p2|Metagross|
|poke|p2|Salamence, M|
|poke|p2|Great Tusk|
|poke|p2|Tyranitar, M|
|poke|p2|Gengar, F|
|poke|p2|Milotic, M|
|teampreview
|inactive|Battle timer is ON: inactive players will automatically lose when time's up. (requested by rwdv)
|
|t:|1760394466
|teamsize|p1|6
|teamsize|p2|6
|start
|switch|p1a: Great Tusk|Great Tusk|100/100
|switch|p2a: Milotic|Milotic, M|100/100
|turn|1
|
|t:|1760394471
|-end|p1a: Great Tusk|Protosynthesis|[silent]
|switch|p1a: Slowking|Slowking-Galar, M|100/100
|move|p2a: Milotic|Scald|p1a: Slowking
|-damage|p1a: Slowking|82/100
|-status|p1a: Slowking|brn
|
|-damage|p1a: Slowking|76/100 brn|[from] brn
|upkeep
|turn|2
|
|t:|1760394474
|move|p2a: Milotic|Flip Turn|p1a: Slowking
|-damage|p1a: Slowking|65/100 brn
|
|t:|1760394475
|switch|p2a: Metagross|Metagross|100/100|[from] Flip Turn
|-prepare|p1a: Slowking|Chilly Reception|[premajor]
|move|p1a: Slowking|Chilly Reception|p1a: Slowking
|-weather|Snowscape
|
|t:|1760394484
|switch|p1a: Darkrai|Darkrai|100/100|[from] Chilly Reception
|
|-weather|Snowscape|[upkeep]
|upkeep
|turn|3
|
|t:|1760394493
|switch|p2a: Tyranitar|Tyranitar, M|100/100
|-weather|Sandstorm|[from] ability: Sand Stream|[of] p2a: Tyranitar
|move|p1a: Darkrai|Dark Pulse|p2a: Tyranitar
|-resisted|p2a: Tyranitar
|-damage|p2a: Tyranitar|92/100
|
|-weather|Sandstorm|[upkeep]
|-damage|p1a: Darkrai|94/100|[from] Sandstorm
|-heal|p2a: Tyranitar|98/100|[from] item: Leftovers
|upkeep
|turn|4
|
|t:|1760394500
|switch|p1a: Great Tusk|Great Tusk|100/100
|move|p2a: Tyranitar|Stealth Rock|p1a: Great Tusk
|-sidestart|p1: rwdv|move: Stealth Rock
|
|-weather|Sandstorm|[upkeep]
|-heal|p2a: Tyranitar|100/100|[from] item: Leftovers
|upkeep
|turn|5
|
|t:|1760394506
|move|p1a: Great Tusk|Rapid Spin|p2a: Tyranitar
|-resisted|p2a: Tyranitar
|-damage|p2a: Tyranitar|94/100
|-boost|p1a: Great Tusk|spe|1
|-sideend|p1: rwdv|Stealth Rock|[from] move: Rapid Spin|[of] p1a: Great Tusk
|move|p2a: Tyranitar|Ice Beam|p1a: Great Tusk
|-supereffective|p1a: Great Tusk
|-crit|p1a: Great Tusk
|-damage|p1a: Great Tusk|14/100
|
|-weather|Sandstorm|[upkeep]
|-heal|p2a: Tyranitar|99/100|[from] item: Leftovers
|upkeep
|turn|6
|
|t:|1760394513
|switch|p2a: Salamence|Salamence, M|100/100
|-ability|p2a: Salamence|Intimidate|boost
|-unboost|p1a: Great Tusk|atk|1
|move|p1a: Great Tusk|Bulk Up|p1a: Great Tusk
|-boost|p1a: Great Tusk|atk|1
|-boost|p1a: Great Tusk|def|1
|
|-weather|Sandstorm|[upkeep]
|-damage|p2a: Salamence|94/100|[from] Sandstorm
|upkeep
|turn|7
|
|t:|1760394518
|switch|p2a: Milotic|Milotic, M|100/100
|move|p1a: Great Tusk|Ice Spinner|p2a: Milotic
|-resisted|p2a: Milotic
|-damage|p2a: Milotic|90/100
|
|-weather|none
|-heal|p2a: Milotic|96/100|[from] item: Leftovers
|upkeep
|turn|8
|
|t:|1760394524
|-end|p1a: Great Tusk|Protosynthesis|[silent]
|switch|p1a: Slowking|Slowking-Galar, M|98/100 brn
|move|p2a: Milotic|Scald|p1a: Slowking
|-damage|p1a: Slowking|82/100 brn
|
|-heal|p2a: Milotic|100/100|[from] item: Leftovers
|-damage|p1a: Slowking|76/100 brn|[from] brn
|upkeep
|turn|9
|
|t:|1760394527
|move|p2a: Milotic|Flip Turn|p1a: Slowking
|-damage|p1a: Slowking|64/100 brn
|
|t:|1760394530
|switch|p2a: Metagross|Metagross|100/100|[from] Flip Turn
|-prepare|p1a: Slowking|Chilly Reception|[premajor]
|move|p1a: Slowking|Chilly Reception|p1a: Slowking
|-weather|Snowscape
|
|t:|1760394533
|switch|p1a: Great Tusk|Great Tusk|14/100|[from] Chilly Reception
|
|-weather|Snowscape|[upkeep]
|upkeep
|turn|10
|
|t:|1760394540
|-end|p1a: Great Tusk|Protosynthesis|[silent]
|switch|p1a: Garganacl|Garganacl, F|100/100
|move|p2a: Metagross|Bullet Punch|p1a: Garganacl
|-supereffective|p1a: Garganacl
|-damage|p1a: Garganacl|60/100
|
|-weather|Snowscape|[upkeep]
|-heal|p1a: Garganacl|66/100|[from] item: Leftovers
|upkeep
|turn|11
|inactive|getreyal has 120 seconds left.
|
|t:|1760394583
|switch|p2a: Great Tusk|Great Tusk|100/100
|-terastallize|p1a: Garganacl|Water
|move|p1a: Garganacl|Recover|p1a: Garganacl
|-heal|p1a: Garganacl|100/100
|
|-weather|Snowscape|[upkeep]
|upkeep
|turn|12
|
|t:|1760394590
|move|p2a: Great Tusk|Stealth Rock|p1a: Garganacl
|-sidestart|p1: rwdv|move: Stealth Rock
|move|p1a: Garganacl|Iron Defense|p1a: Garganacl
|-boost|p1a: Garganacl|def|2
|
|-weather|Snowscape|[upkeep]
|upkeep
|turn|13
|inactive|getreyal has 120 seconds left.
|
|t:|1760394603
|-end|p2a: Great Tusk|Protosynthesis|[silent]
|switch|p2a: Gengar|Gengar, F|100/100
|move|p1a: Garganacl|Salt Cure|p2a: Gengar
|-damage|p2a: Gengar|72/100
|-start|p2a: Gengar|Salt Cure
|
|-weather|none
|-damage|p2a: Gengar|60/100|[from] Salt Cure
|upkeep
|turn|14
|
|t:|1760394605
|move|p2a: Gengar|Nasty Plot|p2a: Gengar
|-boost|p2a: Gengar|spa|2
|move|p1a: Garganacl|Stealth Rock|p2a: Gengar
|-sidestart|p2: getreyal|move: Stealth Rock
|
|-damage|p2a: Gengar|47/100|[from] Salt Cure
|upkeep
|turn|15
|inactive|rwdv has 120 seconds left.
|
|t:|1760394649
|switch|p1a: Slowking|Slowking-Galar, M|98/100 brn
|move|p2a: Gengar|Sludge Wave|p1a: Slowking
|-resisted|p1a: Slowking
|-damage|p1a: Slowking|68/100 brn
|
|-damage|p1a: Slowking|62/100 brn|[from] brn
|-damage|p2a: Gengar|35/100|[from] Salt Cure
|upkeep
|turn|16
|
|t:|1760394655
|switch|p1a: Darkrai|Darkrai|94/100
|-damage|p1a: Darkrai|82/100|[from] Stealth Rock
|move|p2a: Gengar|Sludge Wave|p1a: Darkrai
|-damage|p1a: Darkrai|0 fnt
|faint|p1a: Darkrai
|
|-damage|p2a: Gengar|23/100|[from] Salt Cure
|upkeep
|
|t:|1760394659
|switch|p1a: Tornadus|Tornadus-Therian, M|100/100
|turn|17
|
|t:|1760394662
|switch|p2a: Tyranitar|Tyranitar, M|99/100
|-damage|p2a: Tyranitar|87/100|[from] Stealth Rock
|-weather|Sandstorm|[from] ability: Sand Stream|[of] p2a: Tyranitar
|move|p1a: Tornadus|Knock Off|p2a: Tyranitar
|-resisted|p2a: Tyranitar
|-damage|p2a: Tyranitar|80/100
|-enditem|p2a: Tyranitar|Leftovers|[from] move: Knock Off|[of] p1a: Tornadus
|
|-weather|Sandstorm|[upkeep]
|-damage|p1a: Tornadus|94/100|[from] Sandstorm
|upkeep
|turn|18
|
|t:|1760394669
|move|p1a: Tornadus|U-turn|p2a: Tyranitar
|-supereffective|p2a: Tyranitar
|-damage|p2a: Tyranitar|59/100
|
|t:|1760394687
|switch|p1a: Garganacl|Garganacl, F, tera:Water|100/100|[from] U-turn
|-damage|p1a: Garganacl|88/100|[from] Stealth Rock
|move|p2a: Tyranitar|Ice Beam|p1a: Garganacl
|-resisted|p1a: Garganacl
|-damage|p1a: Garganacl|80/100
|
|-weather|Sandstorm|[upkeep]
|-damage|p1a: Garganacl|74/100|[from] Sandstorm
|-heal|p1a: Garganacl|80/100|[from] item: Leftovers
|upkeep
|turn|19
|
|t:|1760394695
|move|p2a: Tyranitar|Knock Off|p1a: Garganacl
|-crit|p1a: Garganacl
|-damage|p1a: Garganacl|46/100
|-enditem|p1a: Garganacl|Leftovers|[from] move: Knock Off|[of] p2a: Tyranitar
|move|p1a: Garganacl|Salt Cure|p2a: Tyranitar
|-damage|p2a: Tyranitar|49/100
|-start|p2a: Tyranitar|Salt Cure
|
|-weather|Sandstorm|[upkeep]
|-damage|p1a: Garganacl|39/100|[from] Sandstorm
|-damage|p2a: Tyranitar|36/100|[from] Salt Cure
|upkeep
|turn|20
|
|t:|1760394700
|switch|p2a: Metagross|Metagross|100/100
|-damage|p2a: Metagross|95/100|[from] Stealth Rock
|move|p1a: Garganacl|Recover|p1a: Garganacl
|-heal|p1a: Garganacl|89/100
|
|-weather|Sandstorm|[upkeep]
|-damage|p1a: Garganacl|83/100|[from] Sandstorm
|upkeep
|turn|21
|
|t:|1760394703
|move|p2a: Metagross|Psychic Fangs|p1a: Garganacl
|-damage|p1a: Garganacl|41/100
|move|p1a: Garganacl|Iron Defense|p1a: Garganacl
|-boost|p1a: Garganacl|def|2
|
|-weather|none
|upkeep
|turn|22
|
|t:|1760394705
|move|p2a: Metagross|Psychic Fangs|p1a: Garganacl
|-damage|p1a: Garganacl|20/100
|move|p1a: Garganacl|Salt Cure|p2a: Metagross
|-resisted|p2a: Metagross
|-crit|p2a: Metagross
|-damage|p2a: Metagross|84/100
|-start|p2a: Metagross|Salt Cure
|
|-damage|p2a: Metagross|59/100|[from] Salt Cure
|upkeep
|turn|23
|
|t:|1760394712
|move|p2a: Metagross|Psychic Fangs|p1a: Garganacl
|-damage|p1a: Garganacl|0 fnt
|faint|p1a: Garganacl
|
|-damage|p2a: Metagross|34/100|[from] Salt Cure
|upkeep
|
|t:|1760394728
|switch|p1a: Tornadus|Tornadus-Therian, M|100/100
|turn|24
|
|t:|1760394731
|move|p1a: Tornadus|Knock Off|p2a: Metagross
|-supereffective|p2a: Metagross
|-damage|p2a: Metagross|0 fnt
|-enditem|p2a: Metagross|Choice Band|[from] move: Knock Off|[of] p1a: Tornadus
|faint|p2a: Metagross
|
|upkeep
|
|t:|1760394739
|switch|p2a: Tyranitar|Tyranitar, M|36/100
|-damage|p2a: Tyranitar|24/100|[from] Stealth Rock
|-weather|Sandstorm|[from] ability: Sand Stream|[of] p2a: Tyranitar
|turn|25
|
|t:|1760394743
|move|p1a: Tornadus|U-turn|p2a: Tyranitar
|-supereffective|p2a: Tyranitar
|-damage|p2a: Tyranitar|3/100
|
|t:|1760394746
|switch|p1a: Great Tusk|Great Tusk|14/100|[from] U-turn
|move|p2a: Tyranitar|Knock Off|p1a: Great Tusk
|-resisted|p1a: Great Tusk
|-damage|p1a: Great Tusk|0 fnt
|-enditem|p1a: Great Tusk|Heavy-Duty Boots|[from] move: Knock Off|[of] p2a: Tyranitar
|faint|p1a: Great Tusk
|-end|p1a: Great Tusk|Protosynthesis|[silent]
|
|-weather|Sandstorm|[upkeep]
|upkeep
|
|t:|1760394748
|switch|p1a: Tornadus|Tornadus-Therian, M|100/100
|turn|26
|
|t:|1760394750
|move|p1a: Tornadus|Knock Off|p2a: Tyranitar
|-resisted|p2a: Tyranitar
|-damage|p2a: Tyranitar|0 fnt
|faint|p2a: Tyranitar
|
|-weather|Sandstorm|[upkeep]
|-damage|p1a: Tornadus|94/100|[from] Sandstorm
|upkeep
|
|t:|1760394756
|switch|p2a: Milotic|Milotic, M|100/100
|-damage|p2a: Milotic|88/100|[from] Stealth Rock
|turn|27
|
|t:|1760394765
|move|p1a: Tornadus|Knock Off|p2a: Milotic
|-damage|p2a: Milotic|74/100
|-enditem|p2a: Milotic|Leftovers|[from] move: Knock Off|[of] p1a: Tornadus
|move|p2a: Milotic|Flip Turn|p1a: Tornadus
|-damage|p1a: Tornadus|79/100
|
|t:|1760394771
|switch|p2a: Salamence|Salamence, M|94/100|[from] Flip Turn
|-damage|p2a: Salamence|70/100|[from] Stealth Rock
|-ability|p2a: Salamence|Intimidate|boost
|-unboost|p1a: Tornadus|atk|1
|
|-weather|Sandstorm|[upkeep]
|-damage|p1a: Tornadus|73/100|[from] Sandstorm
|-damage|p2a: Salamence|64/100|[from] Sandstorm
|upkeep
|turn|28
|
|t:|1760394783
|move|p1a: Tornadus|Knock Off|p2a: Salamence
|-damage|p2a: Salamence|46/100
|-enditem|p2a: Salamence|Lum Berry|[from] move: Knock Off|[of] p1a: Tornadus
|move|p2a: Salamence|Dragon Dance|p2a: Salamence
|-boost|p2a: Salamence|atk|1
|-boost|p2a: Salamence|spe|1
|
|-weather|Sandstorm|[upkeep]
|-damage|p2a: Salamence|39/100|[from] Sandstorm
|-damage|p1a: Tornadus|67/100|[from] Sandstorm
|upkeep
|turn|29
|inactive|rwdv has 120 seconds left.
|
|t:|1760394817
|move|p2a: Salamence|Dual Wingbeat|p1a: Tornadus|[miss]
|-miss|p2a: Salamence|p1a: Tornadus
|move|p1a: Tornadus|Hurricane|p2a: Salamence|[miss]
|-miss|p1a: Tornadus|p2a: Salamence
|
|-weather|none
|upkeep
|turn|30
|inactive|rwdv has 120 seconds left.
|
|t:|1760394835
|move|p2a: Salamence|Dual Wingbeat|p1a: Tornadus
|-damage|p1a: Tornadus|33/100
|-damage|p1a: Tornadus|0 fnt
|faint|p1a: Tornadus
|-hitcount|p1: Tornadus|2
|
|upkeep
|
|t:|1760394838
|switch|p1a: Slowking|Slowking-Galar, M|95/100 brn
|turn|31
|
|t:|1760394847
|move|p2a: Salamence|Earthquake|p1a: Slowking
|-supereffective|p1a: Slowking
|-damage|p1a: Slowking|0 fnt
|faint|p1a: Slowking
|
|upkeep
|
|t:|1760394850
|switch|p1a: Kyurem|Kyurem, shiny|100/100
|-damage|p1a: Kyurem|76/100|[from] Stealth Rock
|-ability|p1a: Kyurem|Pressure
|turn|32
|
|t:|1760394852
|move|p2a: Salamence|Outrage|p1a: Kyurem
|-supereffective|p1a: Kyurem
|-damage|p1a: Kyurem|0 fnt
|faint|p1a: Kyurem
|
|win|getreyal
|raw|rwdv's rating: 1678 &rarr; <strong>1654</strong><br />(-24 for losing)
|raw|getreyal's rating: 1606 &rarr; <strong>1630</strong><br />(+24 for winning)
|l|☆getreyal
|player|p2|
|l|☆rwdv
|player|p1|
