|j|☆MyGoodBuddyMason
|j|☆Chuck2025
|t:|1760436626
|gametype|singles
|player|p1|MyGoodBuddyMason|ghetsis|1364
|player|p2|Chuck2025|2|1374
|gen|9
|tier|[Gen 9] OU
|rated|
|rule|HP Percentage Mod: HP is shown in percentages
|rule|Endless Battle Clause: Forcing endless battles is banned
|rule|Species Clause: Limit one of each Pokémon
|rule|OHKO Clause: OHKO moves are banned
|rule|Evasion Items Clause: Evasion items are banned
|rule|Evasion Moves Clause: Evasion moves are banned
|rule|Evasion Abilities Clause: Evasion abilities are banned
|rule|Sleep Moves Clause: Sleep-inducing moves are banned
|clearpoke
|poke|p1|Zapdos|
|poke|p1|Eiscue, M|
|poke|p1|Empoleon, M|
|poke|p1|Garchomp, F|
|poke|p1|Donphan, M|
|poke|p1|Lokix, M|
|poke|p2|Enamorus, F|
|poke|p2|Dragonite, F|
|poke|p2|Volcanion|
|poke|p2|Zamazenta-*|
|poke|p2|Meloetta|
|poke|p2|Iron Hands|
|teampreview
|inactive|Battle timer is ON: inactive players will automatically lose when time's up. (requested by Chuck2025)
|
|t:|1760436647
|teamsize|p1|6
|teamsize|p2|6
|start
|switch|p1a: Zero-One|Lokix, M, shiny|100/100
|switch|p2a: Iron Hands|Iron Hands, shiny|100/100
|turn|1
|
|t:|1760436653
|-end|p2a: Iron Hands|Quark Drive|[silent]
|switch|p2a: Volcanion|Volcanion|100/100
|move|p1a: Zero-One|U-turn|p2a: Volcanion
|-resisted|p2a: Volcanion
|-damage|p2a: Volcanion|61/100
|
|t:|1760436679
|switch|p1a: Sharkry|Garchomp, F|100/100|[from] U-turn
|
|upkeep
|turn|2
|
|t:|1760436687
|move|p1a: Sharkry|Stealth Rock|p2a: Volcanion
|-sidestart|p2: Chuck2025|move: Stealth Rock
|move|p2a: Volcanion|Steam Eruption|p1a: Sharkry
|-damage|p1a: Sharkry|42/100
|
|upkeep
|turn|3
|
|t:|1760436695
|switch|p2a: Iron Hands|Iron Hands, shiny|100/100
|-damage|p2a: Iron Hands|94/100|[from] Stealth Rock
|move|p1a: Sharkry|Earthquake|p2a: Iron Hands
|-supereffective|p2a: Iron Hands
|-damage|p2a: Iron Hands|37/100
|
|upkeep
|turn|4
|
|t:|1760436704
|move|p1a: Sharkry|Earthquake|p2a: Iron Hands
|-supereffective|p2a: Iron Hands
|-damage|p2a: Iron Hands|0 fnt
|faint|p2a: Iron Hands
|-end|p2a: Iron Hands|Quark Drive|[silent]
|
|upkeep
|
|t:|1760436709
|switch|p2a: Enamorus|Enamorus, F|100/100
|turn|5
|
|t:|1760436718
|switch|p1a: Steel Beam Enjoyer|Empoleon, M|100/100
|move|p2a: Enamorus|Moonblast|p1a: Steel Beam Enjoyer
|-resisted|p1a: Steel Beam Enjoyer
|-damage|p1a: Steel Beam Enjoyer|84/100
|-unboost|p1a: Steel Beam Enjoyer|spa|1
|-ability|p1a: Steel Beam Enjoyer|Competitive|boost
|-boost|p1a: Steel Beam Enjoyer|spa|2
|
|-heal|p1a: Steel Beam Enjoyer|90/100|[from] item: Leftovers
|upkeep
|turn|6
|
|t:|1760436732
|switch|p2a: Meloetta|Meloetta|100/100
|move|p1a: Steel Beam Enjoyer|Flash Cannon|p2a: Meloetta
|-damage|p2a: Meloetta|65/100
|
|-heal|p1a: Steel Beam Enjoyer|96/100|[from] item: Leftovers
|upkeep
|turn|7
|
|t:|1760436761
|move|p2a: Meloetta|Thunderbolt|p1a: Steel Beam Enjoyer
|-supereffective|p1a: Steel Beam Enjoyer
|-damage|p1a: Steel Beam Enjoyer|55/100
|-status|p1a: Steel Beam Enjoyer|par
|move|p1a: Steel Beam Enjoyer|Flip Turn|p2a: Meloetta
|-damage|p2a: Meloetta|46/100
|inactive|MyGoodBuddyMason has 120 seconds left.
|
|t:|1760436772
|switch|p1a: Zero-One|Lokix, M, shiny|100/100|[from] Flip Turn
|
|upkeep
|turn|8
|
|t:|1760436781
|-terastallize|p1a: Zero-One|Bug
|move|p1a: Zero-One|First Impression|p2a: Meloetta
|-supereffective|p2a: Meloetta
|-damage|p2a: Meloetta|0 fnt
|faint|p2a: Meloetta
|
|upkeep
|
|t:|1760436790
|switch|p2a: Volcanion|Volcanion|61/100
|turn|9
|inactive|MyGoodBuddyMason has 120 seconds left.
|
|t:|1760436820
|switch|p1a: Sharkry|Garchomp, F|42/100
|move|p2a: Volcanion|Flamethrower|p1a: Sharkry
|-resisted|p1a: Sharkry
|-damage|p1a: Sharkry|20/100
|
|upkeep
|turn|10
|inactive|MyGoodBuddyMason has 120 seconds left.
|
|t:|1760436832
|switch|p2a: Dragonite|Dragonite, F|100/100
|move|p1a: Sharkry|Earthquake|p2a: Dragonite
|-immune|p2a: Dragonite
|
|upkeep
|turn|11
|
|t:|1760436839
|move|p2a: Dragonite|Extreme Speed|p1a: Sharkry
|-damage|p1a: Sharkry|0 fnt
|-damage|p2a: Dragonite|88/100|[from] ability: Rough Skin|[of] p1a: Sharkry
|-damage|p2a: Dragonite|71/100|[from] item: Rocky Helmet|[of] p1a: Sharkry
|faint|p1a: Sharkry
|
|upkeep
|inactive|MyGoodBuddyMason has 120 seconds left.
|
|t:|1760436850
|switch|p1a: Zero-One|Lokix, M, shiny, tera:Bug|100/100
|turn|12
|
|t:|1760436856
|move|p1a: Zero-One|First Impression|p2a: Dragonite
|-resisted|p2a: Dragonite
|-damage|p2a: Dragonite|0 fnt
|faint|p2a: Dragonite
|
|upkeep
|
|t:|1760436864
|switch|p2a: Enamorus|Enamorus, F|100/100
|turn|13
|
|t:|1760436868
|switch|p1a: Shock Tuah|Zapdos|100/100
|move|p2a: Enamorus|Superpower|p1a: Shock Tuah
|-resisted|p1a: Shock Tuah
|-damage|p1a: Shock Tuah|90/100
|-boost|p2a: Enamorus|atk|1
|-boost|p2a: Enamorus|def|1
|
|upkeep
|turn|14
|
|t:|1760436878
|move|p2a: Enamorus|Psychic|p1a: Shock Tuah
|-damage|p1a: Shock Tuah|59/100
|move|p1a: Shock Tuah|Discharge|p2a: Enamorus
|-supereffective|p2a: Enamorus
|-damage|p2a: Enamorus|13/100
|-status|p2a: Enamorus|par
|
|upkeep
|turn|15
|
|t:|1760436889
|move|p1a: Shock Tuah|Discharge|p2a: Enamorus
|-supereffective|p2a: Enamorus
|-damage|p2a: Enamorus|0 fnt
|faint|p2a: Enamorus
|
|upkeep
|-message|Chuck2025 forfeited.
|
|win|MyGoodBuddyMason
|raw|MyGoodBuddyMason's rating: 1364 &rarr; <strong>1385</strong><br />(+21 for winning)
|raw|Chuck2025's rating: 1374 &rarr; <strong>1353</strong><br />(-21 for losing)
|l|☆Chuck2025
|player|p2|
|l|☆MyGoodBuddyMason
|player|p1|
