|j|☆Nameless Moron
|j|☆dinklebergggg
|t:|1760374278
|gametype|singles
|player|p1|Nameless Moron|unknown|1150
|player|p2|dinklebergggg|265|1155
|gen|9
|tier|[Gen 9] OU
|rated|
|rule|HP Percentage Mod: HP is shown in percentages
|rule|Endless Battle Clause: Forcing endless battles is banned
|rule|Species Clause: Limit one of each Pokémon
|rule|OHKO Clause: OHKO moves are banned
|rule|Evasion Items Clause: Evasion items are banned
|rule|Evasion Moves Clause: Evasion moves are banned
|rule|Evasion Abilities Clause: Evasion abilities are banned
|rule|Sleep Moves Clause: Sleep-inducing moves are banned
|clearpoke
|poke|p1|Weezing-Galar, M|
|poke|p1|Ogerpon-Wellspring, F|
|poke|p1|Great Tusk|
|poke|p1|Glimmora, F|
|poke|p1|Hawlucha, M|
|poke|p1|Enamorus, F|
|poke|p2|Enamorus, F|
|poke|p2|Landorus-Therian, M|
|poke|p2|Cinderace, M|
|poke|p2|Iron Treads|
|poke|p2|Samurott-Hisui, M|
|poke|p2|Iron Moth|
|teampreview
|inactive|Battle timer is ON: inactive players will automatically lose when time's up. (requested by Nameless Moron)
|
|t:|1760374307
|teamsize|p1|6
|teamsize|p2|6
|start
|switch|p1a: Glimmora|Glimmora, F|100/100
|switch|p2a: Landorus|Landorus-Therian, M|100/100
|-ability|p2a: Landorus|Intimidate|boost
|-unboost|p1a: Glimmora|atk|1
|turn|1
|
|t:|1760374326
|move|p2a: Landorus|Earthquake|p1a: Glimmora
|-supereffective|p1a: Glimmora
|-enditem|p1a: Glimmora|Focus Sash
|-damage|p1a: Glimmora|1/100
|-activate|p1a: Glimmora|ability: Toxic Debris
|-sidestart|p2: dinklebergggg|move: Toxic Spikes
|move|p1a: Glimmora|Power Gem|p2a: Landorus
|-damage|p2a: Landorus|49/100
|
|upkeep
|turn|2
|
|t:|1760374338
|switch|p1a: Ogerpon|Ogerpon-Wellspring, F|100/100
|move|p2a: Landorus|Earthquake|p1a: Ogerpon
|-resisted|p1a: Ogerpon
|-damage|p1a: Ogerpon|64/100
|
|upkeep
|turn|3
|
|t:|1760374350
|switch|p2a: Samurott|Samurott-Hisui, M|100/100
|-status|p2a: Samurott|psn
|move|p1a: Ogerpon|Trailblaze|p2a: Samurott
|-supereffective|p2a: Samurott
|-damage|p2a: Samurott|25/100 psn
|-boost|p1a: Ogerpon|spe|1
|
|-damage|p2a: Samurott|13/100 psn|[from] psn
|upkeep
|turn|4
|
|t:|1760374362
|move|p1a: Ogerpon|Trailblaze|p2a: Samurott
|-supereffective|p2a: Samurott
|-damage|p2a: Samurott|0 fnt
|-boost|p1a: Ogerpon|spe|1
|faint|p2a: Samurott
|
|upkeep
|
|t:|1760374376
|switch|p2a: Enamorus|Enamorus, F, shiny|100/100
|turn|5
|
|t:|1760374390
|-terastallize|p1a: Ogerpon|Water
|detailschange|p1a: Ogerpon|Ogerpon-Wellspring-Tera, F, tera:Water
|-ability|p1a: Ogerpon|Embody Aspect (Wellspring)|boost
|-boost|p1a: Ogerpon|spd|1
|move|p1a: Ogerpon|Ivy Cudgel|p2a: Enamorus|[anim] Ivy Cudgel Water
|-damage|p2a: Enamorus|0 fnt
|faint|p2a: Enamorus
|
|upkeep
|-message|dinklebergggg forfeited.
|
|win|Nameless Moron
|raw|Nameless Moron's rating: 1150 &rarr; <strong>1175</strong><br />(+25 for winning)
|raw|dinklebergggg's rating: 1155 &rarr; <strong>1130</strong><br />(-25 for losing)
|l|☆dinklebergggg
|player|p2|
