|j|☆clorox man
|j|☆godlywalrus
|t:|1760388173
|gametype|singles
|player|p1|clorox man|clown|1731
|player|p2|godlywalrus|acerola|1726
|gen|9
|tier|[Gen 9] OU
|rated|
|rule|HP Percentage Mod: HP is shown in percentages
|rule|Endless Battle Clause: Forcing endless battles is banned
|rule|Species Clause: Limit one of each Pokémon
|rule|OHKO Clause: OHKO moves are banned
|rule|Evasion Items Clause: Evasion items are banned
|rule|Evasion Moves Clause: Evasion moves are banned
|rule|Evasion Abilities Clause: Evasion abilities are banned
|rule|Sleep Moves Clause: Sleep-inducing moves are banned
|clearpoke
|poke|p1|Raging Bolt|
|poke|p1|Weezing-Galar, F|
|poke|p1|Weavile, M|
|poke|p1|Garganacl, F|
|poke|p1|Moltres|
|poke|p1|Ting-Lu|
|poke|p2|Primarina, M|
|poke|p2|Ceruledge, F|
|poke|p2|Corviknight, M|
|poke|p2|Gliscor, F|
|poke|p2|Meowscarada, F|
|poke|p2|Latios, M|
|teampreview
|
|t:|1760388193
|teamsize|p1|6
|teamsize|p2|6
|start
|switch|p1a: Weezing|Weezing-Galar, F|100/100
|switch|p2a: Primarina|Primarina, M|100/100
|-ability|p1a: Weezing|Neutralizing Gas
|turn|1
|
|t:|1760388199
|move|p2a: Primarina|Whirlpool|p1a: Weezing
|-damage|p1a: Weezing|73/100
|-activate|p1a: Weezing|move: Whirlpool|[of] p2a: Primarina
|move|p1a: Weezing|Sludge Bomb|p2a: Primarina
|-supereffective|p2a: Primarina
|-damage|p2a: Primarina|63/100
|-status|p2a: Primarina|psn
|
|-damage|p2a: Primarina|51/100 psn|[from] psn
|-damage|p1a: Weezing|61/100|[from] move: Whirlpool|[partiallytrapped]
|upkeep
|turn|2
|
|t:|1760388204
|move|p2a: Primarina|Psychic Noise|p1a: Weezing
|-supereffective|p1a: Weezing
|-damage|p1a: Weezing|0 fnt
|faint|p1a: Weezing
|-end|p1a: Weezing|ability: Neutralizing Gas
|
|-damage|p2a: Primarina|38/100 psn|[from] psn
|upkeep
|
|t:|1760388214
|switch|p1a: Weavile|Weavile, M|100/100
|-ability|p1a: Weavile|Pressure
|turn|3
|
|t:|1760388218
|switch|p2a: Corviknight|Corviknight, M|100/100
|-ability|p2a: Corviknight|Pressure
|move|p1a: Weavile|Knock Off|p2a: Corviknight
|-damage|p2a: Corviknight|59/100
|-damage|p1a: Weavile|84/100|[from] item: Rocky Helmet|[of] p2a: Corviknight
|-enditem|p2a: Corviknight|Rocky Helmet|[from] move: Knock Off|[of] p1a: Weavile
|
|upkeep
|turn|4
|
|t:|1760388230
|switch|p1a: Moltres|Moltres|100/100
|move|p2a: Corviknight|Roost|p2a: Corviknight
|-heal|p2a: Corviknight|100/100
|-singleturn|p2a: Corviknight|move: Roost
|
|upkeep
|turn|5
|inactive|Battle timer is ON: inactive players will automatically lose when time's up. (requested by clorox man)
|
|t:|1760388257
|switch|p2a: Ceruledge|Ceruledge, F|100/100
|move|p1a: Moltres|U-turn|p2a: Ceruledge
|-resisted|p2a: Ceruledge
|-damage|p2a: Ceruledge|96/100
|
|t:|1760388268
|switch|p1a: Raging Bolt|Raging Bolt|100/100|[from] U-turn
|
|upkeep
|turn|6
|
|t:|1760388278
|switch|p2a: Primarina|Primarina, M|38/100 psn
|move|p1a: Raging Bolt|Thunderbolt|p2a: Primarina
|-supereffective|p2a: Primarina
|-damage|p2a: Primarina|0 fnt
|faint|p2a: Primarina
|
|upkeep
|
|t:|1760388291
|switch|p2a: Gliscor|Gliscor, F|100/100
|turn|7
|
|t:|1760388299
|-end|p1a: Raging Bolt|Protosynthesis|[silent]
|switch|p1a: Weavile|Weavile, M|84/100
|-ability|p1a: Weavile|Pressure
|move|p2a: Gliscor|Stealth Rock|p1a: Weavile
|-sidestart|p1: clorox man|move: Stealth Rock
|
|-status|p2a: Gliscor|tox|[from] item: Toxic Orb
|upkeep
|turn|8
|
|t:|1760388304
|move|p2a: Gliscor|Protect|p2a: Gliscor
|-singleturn|p2a: Gliscor|Protect
|move|p1a: Weavile|Triple Axel|p2a: Gliscor
|-activate|p2a: Gliscor|move: Protect
|
|upkeep
|turn|9
|
|t:|1760388310
|switch|p2a: Corviknight|Corviknight, M|100/100
|-ability|p2a: Corviknight|Pressure
|move|p1a: Weavile|Triple Axel|p2a: Corviknight
|-damage|p2a: Corviknight|92/100
|-hitcount|p2a: Corviknight|1
|
|upkeep
|turn|10
|c|☆godlywalrus|outplayed
|
|t:|1760388320
|switch|p1a: Moltres|Moltres|100/100
|switch|p2a: Gliscor|Gliscor, F|100/100 tox
|
|upkeep
|turn|11
|
|t:|1760388337
|switch|p1a: Ting-Lu|Ting-Lu|100/100
|-damage|p1a: Ting-Lu|94/100|[from] Stealth Rock
|-ability|p1a: Ting-Lu|Vessel of Ruin
|move|p2a: Gliscor|Toxic|p1a: Ting-Lu
|-status|p1a: Ting-Lu|tox
|
|-heal|p1a: Ting-Lu|100/100 tox|[from] item: Leftovers
|-damage|p1a: Ting-Lu|94/100 tox|[from] psn
|upkeep
|turn|12
|
|t:|1760388345
|switch|p2a: Meowscarada|Meowscarada, F|100/100
|move|p1a: Ting-Lu|Stealth Rock|p2a: Meowscarada
|-sidestart|p2: godlywalrus|move: Stealth Rock
|
|-heal|p1a: Ting-Lu|100/100 tox|[from] item: Leftovers
|-damage|p1a: Ting-Lu|88/100 tox|[from] psn
|upkeep
|turn|13
|
|t:|1760388349
|move|p2a: Meowscarada|Knock Off|p1a: Ting-Lu
|-start|p2a: Meowscarada|typechange|Dark|[from] ability: Protean
|-resisted|p1a: Ting-Lu
|-damage|p1a: Ting-Lu|71/100 tox
|-enditem|p1a: Ting-Lu|Leftovers|[from] move: Knock Off|[of] p2a: Meowscarada
|move|p1a: Ting-Lu|Ruination|p2a: Meowscarada
|-damage|p2a: Meowscarada|51/100
|
|-damage|p1a: Ting-Lu|52/100 tox|[from] psn
|upkeep
|turn|14
|
|t:|1760388355
|switch|p2a: Gliscor|Gliscor, F|100/100 tox
|-damage|p2a: Gliscor|88/100 tox|[from] Stealth Rock
|move|p1a: Ting-Lu|Whirlwind|p2a: Gliscor
|drag|p2a: Meowscarada|Meowscarada, F|51/100
|-damage|p2a: Meowscarada|38/100|[from] Stealth Rock
|
|-damage|p1a: Ting-Lu|27/100 tox|[from] psn
|upkeep
|turn|15
|
|t:|1760388365
|move|p2a: Meowscarada|Knock Off|p1a: Ting-Lu
|-start|p2a: Meowscarada|typechange|Dark|[from] ability: Protean
|-resisted|p1a: Ting-Lu
|-damage|p1a: Ting-Lu|15/100 tox
|move|p1a: Ting-Lu|Whirlwind|p2a: Meowscarada
|drag|p2a: Latios|Latios, M|100/100
|-damage|p2a: Latios|88/100|[from] Stealth Rock
|
|-damage|p1a: Ting-Lu|0 fnt|[from] psn
|faint|p1a: Ting-Lu
|upkeep
|
|t:|1760388377
|switch|p1a: Weavile|Weavile, M|84/100
|-damage|p1a: Weavile|59/100|[from] Stealth Rock
|-ability|p1a: Weavile|Pressure
|turn|16
|
|t:|1760388381
|move|p2a: Latios|Draco Meteor|p1a: Weavile|[miss]
|-miss|p2a: Latios|p1a: Weavile
|move|p1a: Weavile|Triple Axel|p2a: Latios
|-supereffective|p2a: Latios
|-damage|p2a: Latios|50/100
|-supereffective|p2a: Latios
|-damage|p2a: Latios|0 fnt
|faint|p2a: Latios
|-hitcount|p2: Latios|2
|
|upkeep
|c|☆clorox man|outplayed
|c|☆godlywalrus|wp
|
|t:|1760388397
|switch|p2a: Ceruledge|Ceruledge, F|96/100
|turn|17
|
|t:|1760388421
|switch|p1a: Moltres|Moltres|100/100
|switch|p2a: Meowscarada|Meowscarada, F|38/100
|-damage|p2a: Meowscarada|26/100|[from] Stealth Rock
|
|upkeep
|turn|18
|
|t:|1760388450
|move|p2a: Meowscarada|Knock Off|p1a: Moltres
|-start|p2a: Meowscarada|typechange|Dark|[from] ability: Protean
|-damage|p1a: Moltres|52/100
|-enditem|p1a: Moltres|Heavy-Duty Boots|[from] move: Knock Off|[of] p2a: Meowscarada
|move|p1a: Moltres|Flamethrower|p2a: Meowscarada
|-damage|p2a: Meowscarada|0 fnt
|faint|p2a: Meowscarada
|
|upkeep
|inactive|godlywalrus has 120 seconds left.
|
|t:|1760388460
|switch|p2a: Ceruledge|Ceruledge, F|96/100
|turn|19
|
|t:|1760388464
|move|p2a: Ceruledge|Bulk Up|p2a: Ceruledge
|-boost|p2a: Ceruledge|atk|1
|-boost|p2a: Ceruledge|def|1
|move|p1a: Moltres|Roost|p1a: Moltres
|-heal|p1a: Moltres|100/100
|-singleturn|p1a: Moltres|move: Roost
|
|upkeep
|turn|20
|
|t:|1760388470
|move|p2a: Ceruledge|Bulk Up|p2a: Ceruledge
|-boost|p2a: Ceruledge|atk|1
|-boost|p2a: Ceruledge|def|1
|move|p1a: Moltres|U-turn|p2a: Ceruledge
|-resisted|p2a: Ceruledge
|-damage|p2a: Ceruledge|93/100
|
|t:|1760388478
|switch|p1a: Garganacl|Garganacl, F|100/100|[from] U-turn
|-damage|p1a: Garganacl|88/100|[from] Stealth Rock
|
|-heal|p1a: Garganacl|94/100|[from] item: Leftovers
|upkeep
|turn|21
|
|t:|1760388492
|-terastallize|p2a: Ceruledge|Grass
|move|p2a: Ceruledge|Bulk Up|p2a: Ceruledge
|-boost|p2a: Ceruledge|atk|1
|-boost|p2a: Ceruledge|def|1
|move|p1a: Garganacl|Curse|p1a: Garganacl
|-unboost|p1a: Garganacl|spe|1
|-boost|p1a: Garganacl|atk|1
|-boost|p1a: Garganacl|def|1
|
|-heal|p1a: Garganacl|100/100|[from] item: Leftovers
|upkeep
|turn|22
|
|t:|1760388498
|move|p2a: Ceruledge|Taunt|p1a: Garganacl
|-start|p1a: Garganacl|move: Taunt
|cant|p1a: Garganacl|move: Taunt|Curse
|
|upkeep
|turn|23
|
|t:|1760388502
|move|p2a: Ceruledge|Bulk Up|p2a: Ceruledge
|-boost|p2a: Ceruledge|atk|1
|-boost|p2a: Ceruledge|def|1
|move|p1a: Garganacl|Salt Cure|p2a: Ceruledge
|-damage|p2a: Ceruledge|83/100
|-start|p2a: Ceruledge|Salt Cure
|
|-damage|p2a: Ceruledge|70/100|[from] Salt Cure
|upkeep
|turn|24
|
|t:|1760388510
|move|p2a: Ceruledge|Bitter Blade|p1a: Garganacl
|-resisted|p1a: Garganacl
|-damage|p1a: Garganacl|76/100
|-heal|p2a: Ceruledge|86/100|[from] drain|[of] p1a: Garganacl
|move|p1a: Garganacl|Salt Cure|p2a: Ceruledge
|-damage|p2a: Ceruledge|77/100
|
|-heal|p1a: Garganacl|82/100|[from] item: Leftovers
|-damage|p2a: Ceruledge|65/100|[from] Salt Cure
|-end|p1a: Garganacl|move: Taunt
|upkeep
|turn|25
|
|t:|1760388539
|move|p2a: Ceruledge|Bulk Up|p2a: Ceruledge
|-boost|p2a: Ceruledge|atk|1
|-boost|p2a: Ceruledge|def|1
|move|p1a: Garganacl|Curse|p1a: Garganacl
|-unboost|p1a: Garganacl|spe|1
|-boost|p1a: Garganacl|atk|1
|-boost|p1a: Garganacl|def|1
|
|-heal|p1a: Garganacl|88/100|[from] item: Leftovers
|-damage|p2a: Ceruledge|53/100|[from] Salt Cure
|upkeep
|turn|26
|-message|godlywalrus forfeited.
|
|win|clorox man
|raw|clorox man's rating: 1731 &rarr; <strong>1751</strong><br />(+20 for winning)
|raw|godlywalrus's rating: 1726 &rarr; <strong>1706</strong><br />(-20 for losing)
|l|☆godlywalrus
|player|p2|
|j| Tutedroga
|l| Tutedroga
|l|☆clorox man
|player|p1|
