|j|☆ZodiacSenpai
|j|☆LonelySxNner
|t:|1760433143
|gametype|singles
|player|p1|ZodiacSenpai|2|1409
|player|p2|LonelySxNner|picnicker|1426
|gen|9
|tier|[Gen 9] OU
|rated|
|rule|HP Percentage Mod: HP is shown in percentages
|rule|Endless Battle Clause: Forcing endless battles is banned
|rule|Species Clause: Limit one of each Pokémon
|rule|OHKO Clause: OHKO moves are banned
|rule|Evasion Items Clause: Evasion items are banned
|rule|Evasion Moves Clause: Evasion moves are banned
|rule|Evasion Abilities Clause: Evasion abilities are banned
|rule|Sleep Moves Clause: Sleep-inducing moves are banned
|clearpoke
|poke|p1|Dragapult, F|
|poke|p1|Corviknight, M|
|poke|p1|Cinderace, M|
|poke|p1|Samurott-Hisui, F|
|poke|p1|Great Tusk|
|poke|p1|Primarina, F|
|poke|p2|Meloetta|
|poke|p2|Volcanion|
|poke|p2|Ceruledge, F|
|poke|p2|Grimmsnarl, M|
|poke|p2|Zoroark-Hisui, F|
|poke|p2|Slither Wing|
|teampreview
|inactive|Battle timer is ON: inactive players will automatically lose when time's up. (requested by ZodiacSenpai)
|
|t:|1760433160
|teamsize|p1|6
|teamsize|p2|6
|start
|switch|p1a: Cinderace|Cinderace, M, shiny|100/100
|switch|p2a: Grimmsnarl|Grimmsnarl, M|100/100
|turn|1
|
|t:|1760433166
|move|p2a: Grimmsnarl|Reflect|p2a: Grimmsnarl
|-sidestart|p2: LonelySxNner|Reflect
|move|p1a: Cinderace|Pyro Ball|p2a: Grimmsnarl|[miss]
|-miss|p1a: Cinderace|p2a: Grimmsnarl
|
|upkeep
|turn|2
|
|t:|1760433171
|move|p2a: Grimmsnarl|Taunt|p1a: Cinderace
|-start|p1a: Cinderace|move: Taunt
|move|p1a: Cinderace|Pyro Ball|p2a: Grimmsnarl
|-damage|p2a: Grimmsnarl|58/100
|
|upkeep
|turn|3
|
|t:|1760433178
|move|p2a: Grimmsnarl|Parting Shot|p1a: Cinderace
|-unboost|p1a: Cinderace|atk|1
|-unboost|p1a: Cinderace|spa|1
|
|t:|1760433181
|switch|p2a: Ceruledge|Ceruledge, F|100/100|[from] Parting Shot
|move|p1a: Cinderace|Pyro Ball|p2a: Ceruledge
|-resisted|p2a: Ceruledge
|-damage|p2a: Ceruledge|79/100
|-ability|p2a: Ceruledge|Weak Armor|boost
|-unboost|p2a: Ceruledge|def|1
|-boost|p2a: Ceruledge|spe|2
|
|upkeep
|turn|4
|
|t:|1760433192
|switch|p1a: Primarina|Primarina, F, shiny|100/100
|move|p2a: Ceruledge|Swords Dance|p2a: Ceruledge
|-boost|p2a: Ceruledge|atk|2
|
|upkeep
|turn|5
|
|t:|1760433198
|-terastallize|p2a: Ceruledge|Electric
|move|p2a: Ceruledge|Tera Blast|p1a: Primarina|[anim] Tera Blast Electric
|-supereffective|p1a: Primarina
|-damage|p1a: Primarina|0 fnt
|faint|p1a: Primarina
|
|upkeep
|
|t:|1760433203
|switch|p1a: Great Tusk|Great Tusk, shiny|100/100
|-enditem|p1a: Great Tusk|Booster Energy
|-activate|p1a: Great Tusk|ability: Protosynthesis|[fromitem]
|-start|p1a: Great Tusk|protosynthesisatk
|turn|6
|
|t:|1760433216
|move|p2a: Ceruledge|Bitter Blade|p1a: Great Tusk
|-damage|p1a: Great Tusk|32/100
|-heal|p2a: Ceruledge|100/100|[from] drain|[of] p1a: Great Tusk
|move|p1a: Great Tusk|Rapid Spin|p2a: Ceruledge
|-damage|p2a: Ceruledge|78/100
|-boost|p1a: Great Tusk|spe|1
|-ability|p2a: Ceruledge|Weak Armor|boost
|-unboost|p2a: Ceruledge|def|1
|-boost|p2a: Ceruledge|spe|2
|
|upkeep
|turn|7
|-message|ZodiacSenpai forfeited.
|
|win|LonelySxNner
|raw|ZodiacSenpai's rating: 1409 &rarr; <strong>1390</strong><br />(-19 for losing)
|raw|LonelySxNner's rating: 1426 &rarr; <strong>1445</strong><br />(+19 for winning)
|l|☆ZodiacSenpai
|player|p1|
|l|☆LonelySxNner
|player|p2|
