|j|☆AEFAA2
|j|☆Achamo5
|t:|1760315066
|gametype|singles
|player|p1|AEFAA2|scientist-gen4dp|1243
|player|p2|Achamo5|giovanni-masters|1322
|gen|9
|tier|[Gen 9] OU
|rated|
|rule|HP Percentage Mod: HP is shown in percentages
|rule|Endless Battle Clause: Forcing endless battles is banned
|rule|Species Clause: Limit one of each Pokémon
|rule|OHKO Clause: OHKO moves are banned
|rule|Evasion Items Clause: Evasion items are banned
|rule|Evasion Moves Clause: Evasion moves are banned
|rule|Evasion Abilities Clause: Evasion abilities are banned
|rule|Sleep Moves Clause: Sleep-inducing moves are banned
|clearpoke
|poke|p1|Torkoal, M|
|poke|p1|Goodra-Hisui, F|
|poke|p1|Great Tusk|
|poke|p1|Scovillain, F|
|poke|p1|Ninetales, M|
|poke|p1|Walking Wake|
|poke|p2|Tornadus, M|
|poke|p2|Toxtricity, M|
|poke|p2|Iron Valiant|
|poke|p2|Arcanine-Hisui, M|
|poke|p2|Brambleghast, M|
|poke|p2|Hydreigon, M|
|teampreview
|inactive|Battle timer is ON: inactive players will automatically lose when time's up. (requested by AEFAA2)
|
|t:|1760315091
|teamsize|p1|6
|teamsize|p2|6
|start
|switch|p1a: Ninetales|Ninetales, M|100/100
|switch|p2a: Hydreigon|Hydreigon, M, shiny|100/100
|-weather|SunnyDay|[from] ability: Drought|[of] p1a: Ninetales
|turn|1
|
|t:|1760315098
|switch|p1a: Goodra|Goodra-Hisui, F|100/100
|move|p2a: Hydreigon|Stealth Rock|p1a: Goodra
|-sidestart|p1: AEFAA2|move: Stealth Rock
|
|-weather|SunnyDay|[upkeep]
|upkeep
|turn|2
|
|t:|1760315107
|move|p2a: Hydreigon|Tailwind|p2a: Hydreigon
|-sidestart|p2: Achamo5|move: Tailwind
|move|p1a: Goodra|Earthquake|p2a: Hydreigon
|-immune|p2a: Hydreigon|[from] ability: Levitate
|
|-weather|SunnyDay|[upkeep]
|upkeep
|turn|3
|
|t:|1760315116
|move|p2a: Hydreigon|Taunt|p1a: Goodra
|-start|p1a: Goodra|move: Taunt
|move|p1a: Goodra|Flash Cannon|p2a: Hydreigon
|-damage|p2a: Hydreigon|63/100
|
|-weather|SunnyDay|[upkeep]
|upkeep
|turn|4
|c|☆AEFAA2|Wtf are you doing
|
|t:|1760315129
|move|p2a: Hydreigon|Draco Meteor|p1a: Goodra
|-damage|p1a: Goodra|77/100
|-unboost|p2a: Hydreigon|spa|2
|-enditem|p2a: Hydreigon|Eject Pack
|
|t:|1760315132
|switch|p2a: Brambleghast|Brambleghast, M, shiny|100/100
|-ability|p2a: Brambleghast|Wind Rider|boost
|-boost|p2a: Brambleghast|atk|1
|move|p1a: Goodra|Earthquake|p2a: Brambleghast
|-resisted|p2a: Brambleghast
|-damage|p2a: Brambleghast|79/100
|
|-weather|SunnyDay|[upkeep]
|upkeep
|turn|5
|
|t:|1760315145
|switch|p1a: Torkoal|Torkoal, M|100/100
|-damage|p1a: Torkoal|75/100|[from] Stealth Rock
|move|p2a: Brambleghast|Poltergeist|p1a: Torkoal
|-activate|p1a: Torkoal|move: Poltergeist|Heat Rock
|-damage|p1a: Torkoal|12/100
|-damage|p2a: Brambleghast|69/100|[from] item: Life Orb
|
|-weather|none
|-sideend|p2: Achamo5|move: Tailwind
|upkeep
|turn|6
|
|t:|1760315158
|move|p2a: Brambleghast|Rapid Spin|p1a: Torkoal
|-damage|p1a: Torkoal|0 fnt
|-boost|p2a: Brambleghast|spe|1
|faint|p1a: Torkoal
|-damage|p2a: Brambleghast|59/100|[from] item: Life Orb
|
|upkeep
|
|t:|1760315166
|switch|p1a: Ninetales|Ninetales, M|100/100
|-damage|p1a: Ninetales|76/100|[from] Stealth Rock
|-weather|SunnyDay|[from] ability: Drought|[of] p1a: Ninetales
|turn|7
|
|t:|1760315172
|switch|p1a: Goodra|Goodra-Hisui, F|77/100
|-damage|p1a: Goodra|71/100|[from] Stealth Rock
|move|p2a: Brambleghast|Poltergeist|p1a: Goodra
|-activate|p1a: Goodra|move: Poltergeist|Assault Vest
|-damage|p1a: Goodra|0 fnt
|faint|p1a: Goodra
|-damage|p2a: Brambleghast|49/100|[from] item: Life Orb
|
|-weather|SunnyDay|[upkeep]
|upkeep
|
|t:|1760315183
|switch|p1a: Scovillain|Scovillain, F|100/100
|-damage|p1a: Scovillain|76/100|[from] Stealth Rock
|turn|8
|inactive|Achamo5 has 120 seconds left.
|
|t:|1760315217
|move|p2a: Brambleghast|Shadow Sneak|p1a: Scovillain
|-damage|p1a: Scovillain|8/100
|-damage|p2a: Brambleghast|39/100|[from] item: Life Orb
|move|p1a: Scovillain|Flamethrower|p2a: Brambleghast
|-supereffective|p2a: Brambleghast
|-damage|p2a: Brambleghast|0 fnt
|faint|p2a: Brambleghast
|
|-weather|SunnyDay|[upkeep]
|upkeep
|inactive|Achamo5 has 120 seconds left.
|
|t:|1760315229
|switch|p2a: Hydreigon|Hydreigon, M, shiny|63/100
|turn|9
|
|t:|1760315233
|-terastallize|p1a: Scovillain|Fire
|move|p1a: Scovillain|Flamethrower|p2a: Hydreigon
|-resisted|p2a: Hydreigon
|-damage|p2a: Hydreigon|0 fnt
|faint|p2a: Hydreigon
|
|-weather|SunnyDay|[upkeep]
|upkeep
|
|t:|1760315237
|switch|p2a: Iron Valiant|Iron Valiant, shiny|100/100
|turn|10
|
|t:|1760315244
|move|p2a: Iron Valiant|Vacuum Wave|p1a: Scovillain
|-damage|p1a: Scovillain|0 fnt
|faint|p1a: Scovillain
|
|-weather|SunnyDay|[upkeep]
|upkeep
|
|t:|1760315251
|switch|p1a: Great Tusk|Great Tusk|100/100
|-damage|p1a: Great Tusk|98/100|[from] Stealth Rock
|-activate|p1a: Great Tusk|ability: Protosynthesis
|-start|p1a: Great Tusk|protosynthesisatk
|turn|11
|
|t:|1760315270
|-end|p2a: Iron Valiant|Quark Drive|[silent]
|switch|p2a: Tornadus|Tornadus, M, shiny|100/100
|move|p1a: Great Tusk|Temper Flare|p2a: Tornadus
|-damage|p2a: Tornadus|0 fnt
|faint|p2a: Tornadus
|
|-weather|none
|-end|p1a: Great Tusk|Protosynthesis
|upkeep
|
|t:|1760315279
|switch|p2a: Iron Valiant|Iron Valiant, shiny|100/100
|turn|12
|
|t:|1760315283
|-end|p1a: Great Tusk|Protosynthesis|[silent]
|switch|p1a: Ninetales|Ninetales, M|76/100
|-damage|p1a: Ninetales|51/100|[from] Stealth Rock
|-weather|SunnyDay|[from] ability: Drought|[of] p1a: Ninetales
|move|p2a: Iron Valiant|Moonblast|p1a: Ninetales
|-resisted|p1a: Ninetales
|-damage|p1a: Ninetales|12/100
|
|-weather|SunnyDay|[upkeep]
|upkeep
|turn|13
|
|t:|1760315296
|move|p2a: Iron Valiant|Moonblast|p1a: Ninetales
|-resisted|p1a: Ninetales
|-damage|p1a: Ninetales|0 fnt
|faint|p1a: Ninetales
|
|-weather|SunnyDay|[upkeep]
|upkeep
|
|t:|1760315302
|switch|p1a: Walking Wake|Walking Wake|100/100
|-damage|p1a: Walking Wake|88/100|[from] Stealth Rock
|-activate|p1a: Walking Wake|ability: Protosynthesis
|-start|p1a: Walking Wake|protosynthesisspe
|turn|14
|
|t:|1760315319
|-end|p2a: Iron Valiant|Quark Drive|[silent]
|switch|p2a: Toxtricity|Toxtricity, M, shiny|100/100
|move|p1a: Walking Wake|Hydro Steam|p2a: Toxtricity
|-damage|p2a: Toxtricity|0 fnt
|faint|p2a: Toxtricity
|
|-weather|SunnyDay|[upkeep]
|upkeep
|
|t:|1760315323
|switch|p2a: Arcanine|Arcanine-Hisui, M, shiny|100/100
|turn|15
|
|t:|1760315330
|-terastallize|p2a: Arcanine|Normal
|move|p2a: Arcanine|Extreme Speed|p1a: Walking Wake
|-damage|p1a: Walking Wake|31/100
|move|p1a: Walking Wake|Hydro Steam|p2a: Arcanine
|-damage|p2a: Arcanine|0 fnt
|faint|p2a: Arcanine
|
|-weather|SunnyDay|[upkeep]
|upkeep
|
|t:|1760315332
|switch|p2a: Iron Valiant|Iron Valiant, shiny|100/100
|turn|16
|
|t:|1760315343
|move|p2a: Iron Valiant|Vacuum Wave|p1a: Walking Wake
|-damage|p1a: Walking Wake|0 fnt
|faint|p1a: Walking Wake
|-end|p1a: Walking Wake|Protosynthesis|[silent]
|
|-weather|none
|upkeep
|
|t:|1760315350
|switch|p1a: Great Tusk|Great Tusk|98/100
|-damage|p1a: Great Tusk|95/100|[from] Stealth Rock
|turn|17
|
|t:|1760315355
|move|p2a: Iron Valiant|Vacuum Wave|p1a: Great Tusk
|-damage|p1a: Great Tusk|47/100
|move|p1a: Great Tusk|Headlong Rush|p2a: Iron Valiant
|-damage|p2a: Iron Valiant|0 fnt
|-unboost|p1a: Great Tusk|def|1
|-unboost|p1a: Great Tusk|spd|1
|faint|p2a: Iron Valiant
|-end|p2a: Iron Valiant|Quark Drive|[silent]
|
|win|AEFAA2
|raw|AEFAA2's rating: 1243 &rarr; <strong>1274</strong><br />(+31 for winning)
|raw|Achamo5's rating: 1322 &rarr; <strong>1298</strong><br />(-24 for losing)
|l|☆Achamo5
|player|p2|
|c|☆AEFAA2|Bye
