|j|☆RJoyful
|j|☆VermillionPrayer
|t:|1760415281
|gametype|singles
|player|p1|RJoyful|266|1077
|player|p2|VermillionPrayer|sabrina|1086
|gen|9
|tier|[Gen 9] OU
|rated|
|rule|HP Percentage Mod: HP is shown in percentages
|rule|Endless Battle Clause: Forcing endless battles is banned
|rule|Species Clause: Limit one of each Pokémon
|rule|OHKO Clause: OHKO moves are banned
|rule|Evasion Items Clause: Evasion items are banned
|rule|Evasion Moves Clause: Evasion moves are banned
|rule|Evasion Abilities Clause: Evasion abilities are banned
|rule|Sleep Moves Clause: Sleep-inducing moves are banned
|clearpoke
|poke|p1|Tinkaton, F|
|poke|p1|Dragapult, M|
|poke|p1|Great Tusk|
|poke|p1|Ogerpon-Wellspring, F|
|poke|p1|Kingambit, M|
|poke|p1|Hatterene, F|
|poke|p2|Corviknight, F|
|poke|p2|Skarmory, F|
|poke|p2|Cramorant, M|
|poke|p2|Oricorio, M|
|poke|p2|Decidueye-Hisui, F|
|poke|p2|Fezandipiti, M|
|teampreview
|
|t:|1760415289
|teamsize|p1|6
|teamsize|p2|6
|start
|switch|p1a: mm|Tinkaton, F|100/100
|switch|p2a: Skarmory|Skarmory, F|100/100
|turn|1
|
|t:|1760415303
|move|p1a: mm|Stealth Rock|p2a: Skarmory
|-sidestart|p2: VermillionPrayer|move: Stealth Rock
|move|p2a: Skarmory|Stealth Rock|p1a: mm
|-sidestart|p1: RJoyful|move: Stealth Rock
|
|upkeep
|turn|2
|
|t:|1760415309
|move|p1a: mm|Thunder Wave|p2a: Skarmory
|-status|p2a: Skarmory|par
|move|p2a: Skarmory|Spikes|p1a: mm
|-sidestart|p1: RJoyful|Spikes
|
|upkeep
|turn|3
|
|t:|1760415344
|switch|p1a: guh|Great Tusk|100/100
|-damage|p1a: guh|98/100|[from] Stealth Rock
|-damage|p1a: guh|85/100|[from] Spikes
|-enditem|p1a: guh|Booster Energy
|-activate|p1a: guh|ability: Protosynthesis|[fromitem]
|-start|p1a: guh|protosynthesisatk
|move|p2a: Skarmory|Spikes|p1a: guh
|-sidestart|p1: RJoyful|Spikes
|
|upkeep
|turn|4
|
|t:|1760415355
|move|p1a: guh|Rapid Spin|p2a: Skarmory
|-resisted|p2a: Skarmory
|-damage|p2a: Skarmory|93/100 par
|-boost|p1a: guh|spe|1
|-damage|p1a: guh|68/100|[from] item: Rocky Helmet|[of] p2a: Skarmory
|-sideend|p1: RJoyful|Spikes|[from] move: Rapid Spin|[of] p1a: guh
|-sideend|p1: RJoyful|Stealth Rock|[from] move: Rapid Spin|[of] p1a: guh
|move|p2a: Skarmory|Spikes|p1a: guh
|-sidestart|p1: RJoyful|Spikes
|
|upkeep
|turn|5
|
|t:|1760415365
|move|p1a: guh|Megahorn|p2a: Skarmory
|-resisted|p2a: Skarmory
|-damage|p2a: Skarmory|84/100 par
|-damage|p1a: guh|52/100|[from] item: Rocky Helmet|[of] p2a: Skarmory
|move|p2a: Skarmory|Body Press|p1a: guh
|-damage|p1a: guh|33/100
|
|upkeep
|turn|6
|
|t:|1760415387
|-end|p1a: guh|Protosynthesis|[silent]
|switch|p1a: queso dorito|Dragapult, M|100/100
|move|p2a: Skarmory|Body Press|p1a: queso dorito
|-immune|p1a: queso dorito
|
|upkeep
|turn|7
|
|t:|1760415393
|move|p1a: queso dorito|Draco Meteor|p2a: Skarmory|[miss]
|-miss|p1a: queso dorito|p2a: Skarmory
|move|p2a: Skarmory|Stealth Rock|p1a: queso dorito
|-sidestart|p1: RJoyful|move: Stealth Rock
|
|upkeep
|turn|8
|
|t:|1760415399
|move|p1a: queso dorito|Draco Meteor|p2a: Skarmory
|-resisted|p2a: Skarmory
|-damage|p2a: Skarmory|42/100 par
|-unboost|p1a: queso dorito|spa|2
|move|p2a: Skarmory|Spikes|p1a: queso dorito
|-sidestart|p1: RJoyful|Spikes
|
|upkeep
|turn|9
|
|t:|1760415410
|switch|p2a: Corviknight|Corviknight, F|100/100
|-damage|p2a: Corviknight|88/100|[from] Stealth Rock
|-ability|p2a: Corviknight|Pressure
|move|p1a: queso dorito|Phantom Force||[still]
|-prepare|p1a: queso dorito|Phantom Force
|
|upkeep
|turn|10
|
|t:|1760415418
|move|p1a: queso dorito|Phantom Force|p2a: Corviknight|[from] lockedmove
|-damage|p2a: Corviknight|69/100
|-damage|p1a: queso dorito|84/100|[from] item: Rocky Helmet|[of] p2a: Corviknight
|move|p2a: Corviknight|Iron Defense|p2a: Corviknight
|-boost|p2a: Corviknight|def|2
|
|upkeep
|turn|11
|
|t:|1760415440
|switch|p1a: guh|Great Tusk|33/100
|-damage|p1a: guh|16/100|[from] Spikes
|-damage|p1a: guh|13/100|[from] Stealth Rock
|move|p2a: Corviknight|Roost|p2a: Corviknight
|-heal|p2a: Corviknight|100/100
|-singleturn|p2a: Corviknight|move: Roost
|
|upkeep
|turn|12
|
|t:|1760415450
|move|p1a: guh|Rapid Spin|p2a: Corviknight
|-resisted|p2a: Corviknight
|-damage|p2a: Corviknight|98/100
|-boost|p1a: guh|spe|1
|-damage|p1a: guh|0 fnt|[from] item: Rocky Helmet|[of] p2a: Corviknight
|faint|p1a: guh
|-end|p1a: guh|Protosynthesis|[silent]
|move|p2a: Corviknight|Body Press|p1: guh|[notarget]
|-fail|p2a: Corviknight
|
|upkeep
|
|t:|1760415462
|switch|p1a: queso dorito|Dragapult, M|84/100
|turn|13
|
|t:|1760415466
|move|p1a: queso dorito|Draco Meteor|p2a: Corviknight
|-resisted|p2a: Corviknight
|-damage|p2a: Corviknight|70/100
|-unboost|p1a: queso dorito|spa|2
|move|p2a: Corviknight|U-turn|p1a: queso dorito
|-resisted|p1a: queso dorito
|-damage|p1a: queso dorito|74/100
|
|t:|1760415475
|switch|p2a: Oricorio|Oricorio, M, shiny|100/100|[from] U-turn
|
|upkeep
|turn|14
|
|t:|1760415501
|switch|p1a: jim|Ogerpon-Wellspring, F|100/100
|-damage|p1a: jim|84/100|[from] Spikes
|-damage|p1a: jim|72/100|[from] Stealth Rock
|move|p2a: Oricorio|Quiver Dance|p2a: Oricorio
|-boost|p2a: Oricorio|spa|1
|-boost|p2a: Oricorio|spd|1
|-boost|p2a: Oricorio|spe|1
|
|upkeep
|turn|15
|
|t:|1760415514
|-terastallize|p2a: Oricorio|Ground
|move|p2a: Oricorio|Hurricane|p1a: jim
|-supereffective|p1a: jim
|-damage|p1a: jim|0 fnt
|faint|p1a: jim
|
|upkeep
|
|t:|1760415526
|switch|p1a: queso dorito|Dragapult, M|74/100
|turn|16
|
|t:|1760415530
|move|p2a: Oricorio|Revelation Dance|p1a: queso dorito
|-damage|p1a: queso dorito|0 fnt
|faint|p1a: queso dorito
|
|upkeep
|
|t:|1760415536
|switch|p1a: mm|Tinkaton, F|100/100
|-damage|p1a: mm|84/100|[from] Spikes
|-damage|p1a: mm|78/100|[from] Stealth Rock
|turn|17
|
|t:|1760415543
|move|p2a: Oricorio|Quiver Dance|p2a: Oricorio
|-boost|p2a: Oricorio|spa|1
|-boost|p2a: Oricorio|spd|1
|-boost|p2a: Oricorio|spe|1
|move|p1a: mm|Gigaton Hammer|p2a: Oricorio
|-damage|p2a: Oricorio|30/100
|
|upkeep
|turn|18
|
|t:|1760415555
|move|p1a: mm|Protect|p1a: mm
|-singleturn|p1a: mm|Protect
|move|p2a: Oricorio|Revelation Dance|p1a: mm
|-activate|p1a: mm|move: Protect
|
|upkeep
|turn|19
|
|t:|1760415565
|switch|p1a: guy|Kingambit, M, shiny|100/100
|-damage|p1a: guy|84/100|[from] Spikes
|-damage|p1a: guy|78/100|[from] Stealth Rock
|move|p2a: Oricorio|Revelation Dance|p1a: guy
|-supereffective|p1a: guy
|-damage|p1a: guy|0 fnt
|faint|p1a: guy
|
|upkeep
|
|t:|1760415575
|switch|p1a: mm|Tinkaton, F|78/100
|-damage|p1a: mm|61/100|[from] Spikes
|-damage|p1a: mm|55/100|[from] Stealth Rock
|turn|20
|
|t:|1760415579
|move|p2a: Oricorio|Revelation Dance|p1a: mm
|-supereffective|p1a: mm
|-damage|p1a: mm|0 fnt
|faint|p1a: mm
|
|upkeep
|
|t:|1760415585
|switch|p1a: hat|Hatterene, F|100/100
|-damage|p1a: hat|84/100|[from] Spikes
|-damage|p1a: hat|72/100|[from] Stealth Rock
|turn|21
|
|t:|1760415591
|move|p2a: Oricorio|Roost|p2a: Oricorio
|-heal|p2a: Oricorio|80/100
|move|p1a: hat|Draining Kiss|p2a: Oricorio
|-damage|p2a: Oricorio|60/100
|-heal|p1a: hat|86/100|[from] drain|[of] p2a: Oricorio
|
|upkeep
|turn|22
|
|t:|1760415599
|move|p2a: Oricorio|Revelation Dance|p1a: hat
|-damage|p1a: hat|40/100
|move|p1a: hat|Psyshock|p2a: Oricorio
|-damage|p2a: Oricorio|4/100
|
|upkeep
|turn|23
|
|t:|1760415609
|move|p2a: Oricorio|Revelation Dance|p1a: hat
|-damage|p1a: hat|0 fnt
|faint|p1a: hat
|
|win|VermillionPrayer
|raw|RJoyful's rating: 1077 &rarr; <strong>1056</strong><br />(-21 for losing)
|raw|VermillionPrayer's rating: 1086 &rarr; <strong>1112</strong><br />(+26 for winning)
|l|☆RJoyful
|player|p1|
