|j|☆Aizen765
|j|☆missingyat
|t:|1760359620
|gametype|singles
|player|p1|Aizen765|musician|1211
|player|p2|missingyat|clerk|1163
|gen|9
|tier|[Gen 9] OU
|rated|
|rule|HP Percentage Mod: HP is shown in percentages
|rule|Endless Battle Clause: Forcing endless battles is banned
|rule|Species Clause: Limit one of each Pokémon
|rule|OHKO Clause: OHKO moves are banned
|rule|Evasion Items Clause: Evasion items are banned
|rule|Evasion Moves Clause: Evasion moves are banned
|rule|Evasion Abilities Clause: Evasion abilities are banned
|rule|Sleep Moves Clause: Sleep-inducing moves are banned
|clearpoke
|poke|p1|Deoxys-Speed|
|poke|p1|Gholdengo|
|poke|p1|Iron Treads|
|poke|p1|Dragonite, M|
|poke|p1|Iron Moth|
|poke|p1|Samurott-Hisui, M|
|poke|p2|Hitmontop, M|
|poke|p2|Zoroark-Hisui, M|
|poke|p2|Ceruledge, M|
|poke|p2|Regidrago|
|poke|p2|Glimmora, M|
|poke|p2|Cramorant, F|
|teampreview
|
|t:|1760359634
|teamsize|p1|6
|teamsize|p2|6
|start
|switch|p1a: Iron Treads|Iron Treads|100/100
|switch|p2a: Hitmontop|Hitmontop, M|100/100
|-ability|p2a: Hitmontop|Intimidate|boost
|-unboost|p1a: Iron Treads|atk|1
|-enditem|p1a: Iron Treads|Booster Energy
|-activate|p1a: Iron Treads|ability: Quark Drive|[fromitem]
|-start|p1a: Iron Treads|quarkdrivespe
|turn|1
|
|t:|1760359641
|move|p2a: Hitmontop|Fake Out|p1a: Iron Treads
|-resisted|p1a: Iron Treads
|-damage|p1a: Iron Treads|95/100
|cant|p1a: Iron Treads|flinch
|
|upkeep
|turn|2
|
|t:|1760359646
|move|p2a: Hitmontop|Mach Punch|p1a: Iron Treads
|-supereffective|p1a: Iron Treads
|-damage|p1a: Iron Treads|69/100
|move|p1a: Iron Treads|Stealth Rock|p2a: Hitmontop
|-sidestart|p2: missingyat|move: Stealth Rock
|
|upkeep
|turn|3
|
|t:|1760359652
|move|p1a: Iron Treads|Knock Off|p2a: Hitmontop
|-resisted|p2a: Hitmontop
|-damage|p2a: Hitmontop|89/100
|-enditem|p2a: Hitmontop|Assault Vest|[from] move: Knock Off|[of] p1a: Iron Treads
|move|p2a: Hitmontop|Rapid Spin|p1a: Iron Treads
|-resisted|p1a: Iron Treads
|-damage|p1a: Iron Treads|62/100
|-boost|p2a: Hitmontop|spe|1
|-sideend|p2: missingyat|Stealth Rock|[from] move: Rapid Spin|[of] p2a: Hitmontop
|
|upkeep
|turn|4
|
|t:|1760359664
|switch|p2a: Cramorant|Cramorant, F, shiny|100/100
|move|p1a: Iron Treads|Earthquake|p2a: Cramorant
|-damage|p2a: Cramorant|49/100
|replace|p2a: Zoroark|Zoroark-Hisui, M
|-end|p2a: Zoroark|Illusion
|
|upkeep
|turn|5
|
|t:|1760359677
|move|p1a: Iron Treads|Earthquake|p2a: Zoroark
|-damage|p2a: Zoroark|0 fnt
|faint|p2a: Zoroark
|
|upkeep
|
|t:|1760359683
|switch|p2a: Regidrago|Regidrago|100/100
|turn|6
|
|t:|1760359689
|move|p1a: Iron Treads|Knock Off|p2a: Regidrago
|-damage|p2a: Regidrago|83/100
|-enditem|p2a: Regidrago|Choice Scarf|[from] move: Knock Off|[of] p1a: Iron Treads
|move|p2a: Regidrago|Earth Power|p1a: Iron Treads
|-supereffective|p1a: Iron Treads
|-damage|p1a: Iron Treads|0 fnt
|faint|p1a: Iron Treads
|-end|p1a: Iron Treads|Quark Drive|[silent]
|
|upkeep
|
|t:|1760359698
|switch|p1a: Dragonite|Dragonite, M|100/100
|turn|7
|
|t:|1760359702
|-terastallize|p1a: Dragonite|Normal
|move|p2a: Regidrago|Dragon Energy|p1a: Dragonite
|-damage|p1a: Dragonite|55/100
|move|p1a: Dragonite|Dragon Dance|p1a: Dragonite
|-boost|p1a: Dragonite|atk|1
|-boost|p1a: Dragonite|spe|1
|
|upkeep
|turn|8
|
|t:|1760359720
|switch|p2a: Glimmora|Glimmora, M|100/100
|move|p1a: Dragonite|Ice Spinner|p2a: Glimmora
|-damage|p2a: Glimmora|64/100
|-activate|p2a: Glimmora|ability: Toxic Debris
|-sidestart|p1: Aizen765|move: Toxic Spikes
|
|upkeep
|turn|9
|
|t:|1760359727
|move|p2a: Glimmora|Spiky Shield|p2a: Glimmora
|-singleturn|p2a: Glimmora|move: Protect
|move|p1a: Dragonite|Earthquake|p2a: Glimmora
|-activate|p2a: Glimmora|move: Protect
|
|upkeep
|turn|10
|
|t:|1760359741
|move|p1a: Dragonite|Earthquake|p2a: Glimmora
|-supereffective|p2a: Glimmora
|-damage|p2a: Glimmora|0 fnt
|-activate|p2a: Glimmora|ability: Toxic Debris
|-sidestart|p1: Aizen765|move: Toxic Spikes
|faint|p2a: Glimmora
|
|upkeep
|
|t:|1760359750
|switch|p2a: Hitmontop|Hitmontop, M|89/100
|-ability|p2a: Hitmontop|Intimidate|boost
|-unboost|p1a: Dragonite|atk|1
|turn|11
|
|t:|1760359767
|move|p2a: Hitmontop|Fake Out|p1a: Dragonite
|-damage|p1a: Dragonite|40/100
|cant|p1a: Dragonite|flinch
|
|upkeep
|turn|12
|
|t:|1760359771
|move|p1a: Dragonite|Extreme Speed|p2a: Hitmontop
|-damage|p2a: Hitmontop|22/100
|move|p2a: Hitmontop|Mach Punch|p1a: Dragonite
|-supereffective|p1a: Dragonite
|-damage|p1a: Dragonite|0 fnt
|faint|p1a: Dragonite
|
|upkeep
|
|t:|1760359781
|switch|p1a: Gholdengo|Gholdengo|100/100
|-item|p1a: Gholdengo|Air Balloon
|turn|13
|
|t:|1760359790
|move|p1a: Gholdengo|Shadow Ball|p2a: Hitmontop
|-damage|p2a: Hitmontop|0 fnt
|faint|p2a: Hitmontop
|
|upkeep
|
|t:|1760359796
|switch|p2a: Cramorant|Cramorant, F, shiny|100/100
|turn|14
|
|t:|1760359804
|move|p2a: Cramorant|Surf|p1a: Gholdengo
|-formechange|p2a: Cramorant|Cramorant-Gulping|
|-damage|p1a: Gholdengo|48/100
|-enditem|p1a: Gholdengo|Air Balloon
|move|p1a: Gholdengo|Shadow Ball|p2a: Cramorant
|-damage|p2a: Cramorant|55/100
|-damage|p1a: Gholdengo|23/100|[from] ability: Gulp Missile|[of] p2a: Cramorant
|-unboost|p1a: Gholdengo|def|1
|-formechange|p2a: Cramorant|Cramorant|
|
|upkeep
|turn|15
|
|t:|1760359825
|switch|p1a: Samurott|Samurott-Hisui, M|100/100
|-status|p1a: Samurott|tox
|move|p2a: Cramorant|Surf|p1a: Samurott
|-formechange|p2a: Cramorant|Cramorant-Gulping|
|-resisted|p1a: Samurott
|-damage|p1a: Samurott|64/100 tox
|
|-damage|p1a: Samurott|58/100 tox|[from] psn
|upkeep
|turn|16
|
|t:|1760359844
|move|p2a: Cramorant|Surf|p1a: Samurott
|-resisted|p1a: Samurott
|-damage|p1a: Samurott|18/100 tox
|move|p1a: Samurott|Ceaseless Edge|p2a: Cramorant|[miss]
|-miss|p1a: Samurott|p2a: Cramorant
|
|-damage|p1a: Samurott|5/100 tox|[from] psn
|upkeep
|turn|17
|
|t:|1760359873
|move|p1a: Samurott|Ceaseless Edge|p2a: Cramorant
|-damage|p2a: Cramorant|0 fnt
|-damage|p1a: Samurott|0 fnt|[from] ability: Gulp Missile|[of] p2a: Cramorant
|-formechange|p2a: Cramorant|Cramorant|
|faint|p2a: Cramorant
|faint|p1a: Samurott
|
|upkeep
|
|t:|1760359891
|switch|p1a: Deoxys|Deoxys-Speed|100/100
|switch|p2a: Ceruledge|Ceruledge, M|100/100
|-status|p1a: Deoxys|tox
|-ability|p1a: Deoxys|Pressure
|turn|18
|
|t:|1760359905
|move|p1a: Deoxys|Knock Off|p2a: Ceruledge
|-supereffective|p2a: Ceruledge
|-damage|p2a: Ceruledge|23/100
|-ability|p2a: Ceruledge|Weak Armor|boost
|-unboost|p2a: Ceruledge|def|1
|-boost|p2a: Ceruledge|spe|2
|-enditem|p2a: Ceruledge|Heavy-Duty Boots|[from] move: Knock Off|[of] p1a: Deoxys
|-damage|p1a: Deoxys|91/100 tox|[from] item: Life Orb
|move|p2a: Ceruledge|Swords Dance|p2a: Ceruledge
|-boost|p2a: Ceruledge|atk|2
|
|-damage|p1a: Deoxys|84/100 tox|[from] psn
|upkeep
|turn|19
|
|t:|1760359921
|move|p2a: Ceruledge|Poltergeist|p1a: Deoxys|[miss]
|-miss|p2a: Ceruledge|p1a: Deoxys
|move|p1a: Deoxys|Ice Beam|p2a: Ceruledge
|-resisted|p2a: Ceruledge
|-damage|p2a: Ceruledge|3/100
|-damage|p1a: Deoxys|74/100 tox|[from] item: Life Orb
|
|-damage|p1a: Deoxys|62/100 tox|[from] psn
|upkeep
|turn|20
|
|t:|1760359930
|move|p2a: Ceruledge|Bitter Blade|p1a: Deoxys
|-crit|p1a: Deoxys
|-damage|p1a: Deoxys|0 fnt
|-heal|p2a: Ceruledge|29/100|[from] drain|[of] p1a: Deoxys
|faint|p1a: Deoxys
|
|upkeep
|
|t:|1760359937
|switch|p1a: Iron Moth|Iron Moth|100/100
|-sideend|p1: Aizen765|move: Toxic Spikes|[of] p1a: Iron Moth
|-enditem|p1a: Iron Moth|Booster Energy
|-activate|p1a: Iron Moth|ability: Quark Drive|[fromitem]
|-start|p1a: Iron Moth|quarkdrivespe
|turn|21
|
|t:|1760359943
|move|p2a: Ceruledge|Poltergeist||[still]
|-fail|p2a: Ceruledge
|move|p1a: Iron Moth|Sludge Wave|p2a: Ceruledge
|-resisted|p2a: Ceruledge
|-damage|p2a: Ceruledge|1/100
|
|upkeep
|turn|22
|
|t:|1760359951
|move|p2a: Ceruledge|Shadow Sneak|p1a: Iron Moth
|-damage|p1a: Iron Moth|42/100
|move|p1a: Iron Moth|Sludge Wave|p2a: Ceruledge
|-resisted|p2a: Ceruledge
|-damage|p2a: Ceruledge|0 fnt
|faint|p2a: Ceruledge
|
|upkeep
|
|t:|1760359957
|switch|p2a: Regidrago|Regidrago|83/100
|turn|23
|
|t:|1760359963
|move|p1a: Iron Moth|Sludge Wave|p2a: Regidrago
|-damage|p2a: Regidrago|29/100
|move|p2a: Regidrago|Earth Power|p1a: Iron Moth
|-supereffective|p1a: Iron Moth
|-damage|p1a: Iron Moth|0 fnt
|faint|p1a: Iron Moth
|-end|p1a: Iron Moth|Quark Drive|[silent]
|
|upkeep
|
|t:|1760359969
|switch|p1a: Gholdengo|Gholdengo|23/100
|turn|24
|
|t:|1760359972
|move|p2a: Regidrago|Earth Power|p1a: Gholdengo
|-supereffective|p1a: Gholdengo
|-damage|p1a: Gholdengo|0 fnt
|faint|p1a: Gholdengo
|
|win|missingyat
|raw|Aizen765's rating: 1211 &rarr; <strong>1183</strong><br />(-28 for losing)
|raw|missingyat's rating: 1163 &rarr; <strong>1191</strong><br />(+28 for winning)
|l|☆missingyat
|player|p2|
|l|☆Aizen765
|player|p1|
