|j|☆captainnawhal
|j|‽AtWorkFarming
|t:|1760416641
|gametype|singles
|player|p1|captainnawhal|2|1277
|player|p2|AtWorkFarming|silver|1330
|gen|9
|tier|[Gen 9] OU
|rated|
|rule|HP Percentage Mod: HP is shown in percentages
|rule|Endless Battle Clause: Forcing endless battles is banned
|rule|Species Clause: Limit one of each Pokémon
|rule|OHKO Clause: OHKO moves are banned
|rule|Evasion Items Clause: Evasion items are banned
|rule|Evasion Moves Clause: Evasion moves are banned
|rule|Evasion Abilities Clause: Evasion abilities are banned
|rule|Sleep Moves Clause: Sleep-inducing moves are banned
|clearpoke
|poke|p1|Iron Boulder|
|poke|p1|Garganacl, M|
|poke|p1|Minior-Orange|
|poke|p1|Excadrill, M|
|poke|p1|Tyranitar, F|
|poke|p1|Palossand, M|
|poke|p2|Rotom-Wash|
|poke|p2|Iron Treads|
|poke|p2|Rillaboom, F|
|poke|p2|Ogerpon, F|
|poke|p2|Primarina, F|
|poke|p2|Iron Valiant|
|teampreview
|inactive|Battle timer is ON: inactive players will automatically lose when time's up. (requested by captainnawhal)
|
|t:|1760416662
|teamsize|p1|6
|teamsize|p2|6
|start
|switch|p1a: Garganacl|Garganacl, M|100/100
|switch|p2a: Rotom|Rotom-Wash|100/100
|turn|1
|
|t:|1760416679
|move|p2a: Rotom|Hydro Pump|p1a: Garganacl
|-supereffective|p1a: Garganacl
|-damage|p1a: Garganacl|35/100
|-enditem|p1a: Garganacl|Maranga Berry|[eat]
|-boost|p1a: Garganacl|spd|1|[from] item: Maranga Berry
|move|p1a: Garganacl|Recover|p1a: Garganacl
|-heal|p1a: Garganacl|85/100
|
|upkeep
|turn|2
|
|t:|1760416688
|move|p2a: Rotom|Volt Switch|p1a: Garganacl
|-damage|p1a: Garganacl|71/100
|inactive|AtWorkFarming has 120 seconds left.
|
|t:|1760416741
|switch|p2a: Rillaboom|Rillaboom, F|100/100|[from] Volt Switch
|-fieldstart|move: Grassy Terrain|[from] ability: Grassy Surge|[of] p2a: Rillaboom
|move|p1a: Garganacl|Salt Cure|p2a: Rillaboom
|-damage|p2a: Rillaboom|92/100
|-start|p2a: Rillaboom|Salt Cure
|
|-heal|p2a: Rillaboom|98/100|[from] Grassy Terrain
|-heal|p1a: Garganacl|77/100|[from] Grassy Terrain
|-damage|p2a: Rillaboom|86/100|[from] Salt Cure
|upkeep
|turn|3
|
|t:|1760416759
|move|p2a: Rillaboom|Drum Beating|p1a: Garganacl
|-supereffective|p1a: Garganacl
|-damage|p1a: Garganacl|28/100
|-unboost|p1a: Garganacl|spe|1
|move|p1a: Garganacl|Curse|p1a: Garganacl
|-unboost|p1a: Garganacl|spe|1
|-boost|p1a: Garganacl|atk|1
|-boost|p1a: Garganacl|def|1
|
|-heal|p2a: Rillaboom|92/100|[from] Grassy Terrain
|-heal|p1a: Garganacl|34/100|[from] Grassy Terrain
|-damage|p2a: Rillaboom|80/100|[from] Salt Cure
|upkeep
|turn|4
|
|t:|1760416769
|move|p2a: Rillaboom|Drum Beating|p1a: Garganacl
|-supereffective|p1a: Garganacl
|-damage|p1a: Garganacl|3/100
|-unboost|p1a: Garganacl|spe|1
|move|p1a: Garganacl|Recover|p1a: Garganacl
|-heal|p1a: Garganacl|53/100
|
|-heal|p2a: Rillaboom|86/100|[from] Grassy Terrain
|-heal|p1a: Garganacl|59/100|[from] Grassy Terrain
|-damage|p2a: Rillaboom|74/100|[from] Salt Cure
|upkeep
|turn|5
|inactive|AtWorkFarming has 120 seconds left.
|
|t:|1760416781
|move|p2a: Rillaboom|U-turn|p1a: Garganacl
|-damage|p1a: Garganacl|52/100
|
|t:|1760416783
|switch|p2a: Ogerpon|Ogerpon, F|100/100|[from] U-turn
|move|p1a: Garganacl|Curse|p1a: Garganacl
|-unboost|p1a: Garganacl|spe|1
|-boost|p1a: Garganacl|atk|1
|-boost|p1a: Garganacl|def|1
|
|-heal|p1a: Garganacl|58/100|[from] Grassy Terrain
|upkeep
|turn|6
|
|t:|1760416788
|-terastallize|p2a: Ogerpon|Grass
|detailschange|p2a: Ogerpon|Ogerpon-Teal-Tera, F, tera:Grass
|-ability|p2a: Ogerpon|Embody Aspect (Teal)|boost
|-boost|p2a: Ogerpon|spe|1
|move|p2a: Ogerpon|Ivy Cudgel|p1a: Garganacl
|-supereffective|p1a: Garganacl
|-damage|p1a: Garganacl|0 fnt
|faint|p1a: Garganacl
|
|-fieldend|move: Grassy Terrain
|upkeep
|
|t:|1760416800
|switch|p1a: Minior|Minior-Orange|100/100
|-formechange|p1a: Minior|Minior-Meteor||[from] ability: Shields Down
|turn|7
|
|t:|1760416819
|-terastallize|p1a: Minior|Grass
|move|p2a: Ogerpon|Ivy Cudgel|p1a: Minior
|-resisted|p1a: Minior
|-crit|p1a: Minior
|-damage|p1a: Minior|25/100
|-enditem|p1a: Minior|Aguav Berry|[eat]
|-heal|p1a: Minior|58/100|[from] item: Aguav Berry
|move|p1a: Minior|Shell Smash|p1a: Minior
|-unboost|p1a: Minior|def|1
|-unboost|p1a: Minior|spd|1
|-boost|p1a: Minior|atk|2
|-boost|p1a: Minior|spa|2
|-boost|p1a: Minior|spe|2
|
|upkeep
|turn|8
|
|t:|1760416840
|move|p2a: Ogerpon|Ivy Cudgel|p1a: Minior
|-resisted|p1a: Minior
|-damage|p1a: Minior|0 fnt
|faint|p1a: Minior
|
|upkeep
|
|t:|1760416843
|switch|p1a: Tyranitar|Tyranitar, F|100/100
|-weather|Sandstorm|[from] ability: Sand Stream|[of] p1a: Tyranitar
|turn|9
|
|t:|1760416850
|move|p2a: Ogerpon|Ivy Cudgel|p1a: Tyranitar
|-supereffective|p1a: Tyranitar
|-damage|p1a: Tyranitar|0 fnt
|faint|p1a: Tyranitar
|
|-weather|Sandstorm|[upkeep]
|-damage|p2a: Ogerpon|95/100|[from] Sandstorm
|upkeep
|
|t:|1760416856
|switch|p1a: Iron Boulder|Iron Boulder|100/100
|-enditem|p1a: Iron Boulder|Booster Energy
|-activate|p1a: Iron Boulder|ability: Quark Drive|[fromitem]
|-start|p1a: Iron Boulder|quarkdrivespe
|turn|10
|
|t:|1760416864
|move|p2a: Ogerpon|Ivy Cudgel|p1a: Iron Boulder
|-supereffective|p1a: Iron Boulder
|-crit|p1a: Iron Boulder
|-damage|p1a: Iron Boulder|0 fnt
|faint|p1a: Iron Boulder
|-end|p1a: Iron Boulder|Quark Drive|[silent]
|
|-weather|Sandstorm|[upkeep]
|-damage|p2a: Ogerpon|89/100|[from] Sandstorm
|upkeep
|
|t:|1760416866
|switch|p1a: Excadrill|Excadrill, M|100/100
|-item|p1a: Excadrill|Air Balloon
|turn|11
|
|t:|1760416870
|move|p1a: Excadrill|Iron Head|p2a: Ogerpon
|-damage|p2a: Ogerpon|31/100
|cant|p2a: Ogerpon|flinch
|
|-weather|Sandstorm|[upkeep]
|-damage|p2a: Ogerpon|25/100|[from] Sandstorm
|upkeep
|turn|12
|
|t:|1760416881
|switch|p2a: Rillaboom|Rillaboom, F|74/100
|-fieldstart|move: Grassy Terrain|[from] ability: Grassy Surge|[of] p2a: Rillaboom
|move|p1a: Excadrill|Iron Head|p2a: Rillaboom
|-damage|p2a: Rillaboom|45/100
|-damage|p1a: Excadrill|84/100|[from] item: Rocky Helmet|[of] p2a: Rillaboom
|
|-weather|Sandstorm|[upkeep]
|-damage|p2a: Rillaboom|39/100|[from] Sandstorm
|-heal|p2a: Rillaboom|45/100|[from] Grassy Terrain
|upkeep
|turn|13
|
|t:|1760416892
|move|p1a: Excadrill|Rapid Spin|p2a: Rillaboom
|-damage|p2a: Rillaboom|33/100
|-boost|p1a: Excadrill|spe|1
|-damage|p1a: Excadrill|67/100|[from] item: Rocky Helmet|[of] p2a: Rillaboom
|move|p2a: Rillaboom|Drain Punch|p1a: Excadrill
|-supereffective|p1a: Excadrill
|-damage|p1a: Excadrill|12/100
|-heal|p2a: Rillaboom|58/100|[from] drain|[of] p1a: Excadrill
|-enditem|p1a: Excadrill|Air Balloon
|
|-weather|Sandstorm|[upkeep]
|-damage|p2a: Rillaboom|52/100|[from] Sandstorm
|-heal|p1a: Excadrill|18/100|[from] Grassy Terrain
|-heal|p2a: Rillaboom|58/100|[from] Grassy Terrain
|upkeep
|turn|14
|
|t:|1760416902
|switch|p1a: Palossand|Palossand, M|100/100
|move|p2a: Rillaboom|Grassy Glide|p1a: Palossand
|-supereffective|p1a: Palossand
|-damage|p1a: Palossand|63/100
|
|-weather|Sandstorm|[upkeep]
|-damage|p2a: Rillaboom|52/100|[from] Sandstorm
|-heal|p2a: Rillaboom|58/100|[from] Grassy Terrain
|-heal|p1a: Palossand|69/100|[from] Grassy Terrain
|-heal|p1a: Palossand|75/100|[from] item: Leftovers
|upkeep
|turn|15
|
|t:|1760416907
|move|p2a: Rillaboom|U-turn|p1a: Palossand
|-resisted|p1a: Palossand
|-damage|p1a: Palossand|69/100
|
|t:|1760416909
|switch|p2a: Ogerpon|Ogerpon-Teal-Tera, F, tera:Grass|25/100|[from] U-turn
|-ability|p2a: Ogerpon|Embody Aspect (Teal)|boost
|-boost|p2a: Ogerpon|spe|1
|move|p1a: Palossand|Substitute|p1a: Palossand
|-start|p1a: Palossand|Substitute
|-damage|p1a: Palossand|44/100
|
|-weather|Sandstorm|[upkeep]
|-damage|p2a: Ogerpon|19/100|[from] Sandstorm
|-heal|p2a: Ogerpon|25/100|[from] Grassy Terrain
|-heal|p1a: Palossand|50/100|[from] Grassy Terrain
|-heal|p1a: Palossand|56/100|[from] item: Leftovers
|upkeep
|turn|16
|
|t:|1760416917
|move|p2a: Ogerpon|U-turn|p1a: Palossand
|-resisted|p1a: Palossand
|-activate|p1a: Palossand|move: Substitute|[damage]
|
|t:|1760416919
|switch|p2a: Rillaboom|Rillaboom, F|58/100|[from] U-turn
|move|p1a: Palossand|Curse|p2a: Rillaboom
|-start|p2a: Rillaboom|Curse|[of] p1a: Palossand
|-damage|p1a: Palossand|6/100
|
|-weather|none
|-heal|p2a: Rillaboom|64/100|[from] Grassy Terrain
|-heal|p1a: Palossand|13/100|[from] Grassy Terrain
|-heal|p1a: Palossand|19/100|[from] item: Leftovers
|-damage|p2a: Rillaboom|39/100|[from] Curse
|-fieldend|move: Grassy Terrain
|upkeep
|turn|17
|
|t:|1760416922
|move|p2a: Rillaboom|Grassy Glide|p1a: Palossand
|-supereffective|p1a: Palossand
|-end|p1a: Palossand|Substitute
|move|p1a: Palossand|Shore Up|p1a: Palossand
|-heal|p1a: Palossand|69/100
|
|-heal|p1a: Palossand|75/100|[from] item: Leftovers
|-damage|p2a: Rillaboom|14/100|[from] Curse
|upkeep
|turn|18
|
|t:|1760416927
|move|p2a: Rillaboom|Drum Beating|p1a: Palossand
|-supereffective|p1a: Palossand
|-damage|p1a: Palossand|29/100
|-unboost|p1a: Palossand|spe|1
|move|p1a: Palossand|Shore Up|p1a: Palossand
|-heal|p1a: Palossand|79/100
|
|-heal|p1a: Palossand|85/100|[from] item: Leftovers
|-damage|p2a: Rillaboom|0 fnt|[from] Curse
|faint|p2a: Rillaboom
|upkeep
|
|t:|1760416929
|switch|p2a: Ogerpon|Ogerpon-Teal-Tera, F, tera:Grass|25/100
|-ability|p2a: Ogerpon|Embody Aspect (Teal)|boost
|-boost|p2a: Ogerpon|spe|1
|turn|19
|
|t:|1760416931
|move|p2a: Ogerpon|Ivy Cudgel|p1a: Palossand
|-supereffective|p1a: Palossand
|-damage|p1a: Palossand|0 fnt
|faint|p1a: Palossand
|
|upkeep
|
|t:|1760416933
|switch|p1a: Excadrill|Excadrill, M|18/100
|turn|20
|
|t:|1760416935
|move|p2a: Ogerpon|Ivy Cudgel|p1a: Excadrill
|-damage|p1a: Excadrill|0 fnt
|faint|p1a: Excadrill
|
|win|AtWorkFarming
|raw|captainnawhal's rating: 1277 &rarr; <strong>1256</strong><br />(-21 for losing)
|raw|AtWorkFarming's rating: 1330 &rarr; <strong>1347</strong><br />(+17 for winning)
|l|☆captainnawhal
|player|p1|
|l|‽AtWorkFarming
|player|p2|
