|j|☆wunga
|j|☆psychedelic_kit
|t:|1760387781
|gametype|singles
|player|p1|wunga|medium|1278
|player|p2|psychedelic_kit|red|1231
|gen|9
|tier|[Gen 9] OU
|rated|
|rule|HP Percentage Mod: HP is shown in percentages
|rule|Endless Battle Clause: Forcing endless battles is banned
|rule|Species Clause: Limit one of each Pokémon
|rule|OHKO Clause: OHKO moves are banned
|rule|Evasion Items Clause: Evasion items are banned
|rule|Evasion Moves Clause: Evasion moves are banned
|rule|Evasion Abilities Clause: Evasion abilities are banned
|rule|Sleep Moves Clause: Sleep-inducing moves are banned
|clearpoke
|poke|p1|Indeedee, M|
|poke|p1|Deoxys-Speed|
|poke|p1|Zapdos|
|poke|p1|Landorus-Therian, M|
|poke|p1|Primarina, F|
|poke|p1|Ceruledge, F|
|poke|p2|Glimmora, F|
|poke|p2|Meowscarada, F|
|poke|p2|Walking Wake|
|poke|p2|Volbeat, M|
|poke|p2|Kingambit, F|
|poke|p2|Gliscor, F|
|teampreview
|inactive|Battle timer is ON: inactive players will automatically lose when time's up. (requested by psychedelic_kit)
|inactive|wunga has 120 seconds left.
|
|t:|1760387852
|teamsize|p1|6
|teamsize|p2|6
|start
|switch|p1a: Primarina|Primarina, F|100/100
|switch|p2a: Volbeat|Volbeat, M|100/100
|turn|1
|
|t:|1760387869
|move|p2a: Volbeat|Tailwind|p2a: Volbeat
|-sidestart|p2: psychedelic_kit|move: Tailwind
|move|p1a: Primarina|Psychic Noise|p2a: Volbeat
|-damage|p2a: Volbeat|60/100
|-start|p2a: Volbeat|move: Heal Block
|
|upkeep
|turn|2
|
|t:|1760387879
|move|p2a: Volbeat|Thunder Wave|p1a: Primarina
|-status|p1a: Primarina|par
|move|p1a: Primarina|Draining Kiss|p2a: Volbeat
|-damage|p2a: Volbeat|32/100
|
|-end|p2a: Volbeat|move: Heal Block
|upkeep
|turn|3
|
|t:|1760387889
|move|p2a: Volbeat|Moonlight|p2a: Volbeat
|-heal|p2a: Volbeat|82/100
|cant|p1a: Primarina|par
|
|-heal|p2a: Volbeat|88/100|[from] item: Leftovers
|upkeep
|turn|4
|
|t:|1760387898
|move|p2a: Volbeat|Light Screen|p2a: Volbeat
|-sidestart|p2: psychedelic_kit|move: Light Screen
|cant|p1a: Primarina|par
|
|-heal|p2a: Volbeat|94/100|[from] item: Leftovers
|-sideend|p2: psychedelic_kit|move: Tailwind
|upkeep
|turn|5
|
|t:|1760387922
|switch|p2a: Gliscor|Gliscor, F|100/100
|move|p1a: Primarina|Flip Turn|p2a: Gliscor
|-supereffective|p2a: Gliscor
|-damage|p2a: Gliscor|74/100
|inactive|wunga has 120 seconds left.
|
|t:|1760387949
|switch|p1a: Indeedee|Indeedee, M|100/100|[from] Flip Turn
|-fieldstart|move: Psychic Terrain|[from] ability: Psychic Surge|[of] p1a: Indeedee
|
|-status|p2a: Gliscor|tox|[from] item: Toxic Orb
|upkeep
|turn|6
|
|t:|1760387959
|switch|p1a: Deoxys|Deoxys-Speed|100/100
|-ability|p1a: Deoxys|Pressure
|move|p2a: Gliscor|Toxic|p1a: Deoxys
|-status|p1a: Deoxys|tox
|
|-damage|p1a: Deoxys|94/100 tox|[from] psn
|-heal|p2a: Gliscor|86/100 tox|[from] ability: Poison Heal
|upkeep
|turn|7
|inactive|wunga has 120 seconds left.
|
|t:|1760387975
|move|p2a: Gliscor|Protect|p2a: Gliscor
|-singleturn|p2a: Gliscor|Protect
|move|p1a: Deoxys|Psyshock|p2a: Gliscor
|-activate|p2a: Gliscor|move: Protect
|
|-damage|p1a: Deoxys|82/100 tox|[from] psn
|-heal|p2a: Gliscor|98/100 tox|[from] ability: Poison Heal
|upkeep
|turn|8
|
|t:|1760387986
|move|p1a: Deoxys|Focus Blast|p2a: Gliscor
|-resisted|p2a: Gliscor
|-damage|p2a: Gliscor|81/100 tox
|-damage|p1a: Deoxys|72/100 tox|[from] item: Life Orb
|move|p2a: Gliscor|Stealth Rock|p1a: Deoxys
|-sidestart|p1: wunga|move: Stealth Rock
|
|-damage|p1a: Deoxys|53/100 tox|[from] psn
|-heal|p2a: Gliscor|93/100 tox|[from] ability: Poison Heal
|-sideend|p2: psychedelic_kit|move: Light Screen
|upkeep
|turn|9
|
|t:|1760387996
|switch|p1a: Primarina|Primarina, F|100/100 par
|-damage|p1a: Primarina|88/100 par|[from] Stealth Rock
|move|p2a: Gliscor|Spikes|p1a: Primarina
|-sidestart|p1: wunga|Spikes
|
|-heal|p2a: Gliscor|100/100 tox|[from] ability: Poison Heal
|-fieldend|move: Psychic Terrain
|upkeep
|turn|10
|inactive|wunga has 120 seconds left.
|
|t:|1760388017
|move|p2a: Gliscor|Spikes|p1a: Primarina
|-sidestart|p1: wunga|Spikes
|move|p1a: Primarina|Psychic Noise|p2a: Gliscor
|-supereffective|p2a: Gliscor
|-damage|p2a: Gliscor|0 fnt
|faint|p2a: Gliscor
|
|upkeep
|
|t:|1760388030
|switch|p2a: Meowscarada|Meowscarada, F, shiny|100/100
|turn|11
|inactive|wunga has 120 seconds left.
|inactive|wunga has 90 seconds left.
|
|t:|1760388085
|-terastallize|p1a: Primarina|Poison
|move|p2a: Meowscarada|Flower Trick|p1a: Primarina
|-start|p2a: Meowscarada|typechange|Grass|[from] ability: Protean
|-resisted|p1a: Primarina
|-crit|p1a: Primarina
|-damage|p1a: Primarina|43/100 par
|move|p1a: Primarina|Ice Beam|p2a: Meowscarada
|-supereffective|p2a: Meowscarada
|-damage|p2a: Meowscarada|6/100
|
|upkeep
|turn|12
|
|t:|1760388104
|move|p2a: Meowscarada|Flower Trick|p1a: Primarina
|-resisted|p1a: Primarina
|-crit|p1a: Primarina
|-damage|p1a: Primarina|0 fnt
|faint|p1a: Primarina
|
|upkeep
|
|t:|1760388113
|switch|p1a: Ceruledge|Ceruledge, F|100/100
|-damage|p1a: Ceruledge|76/100|[from] Stealth Rock
|-damage|p1a: Ceruledge|59/100|[from] Spikes
|turn|13
|
|t:|1760388121
|switch|p2a: Walking Wake|Walking Wake|100/100
|-enditem|p2a: Walking Wake|Booster Energy
|-activate|p2a: Walking Wake|ability: Protosynthesis|[fromitem]
|-start|p2a: Walking Wake|protosynthesisspa
|move|p1a: Ceruledge|Shadow Sneak|p2a: Walking Wake
|-damage|p2a: Walking Wake|77/100
|
|upkeep
|turn|14
|inactive|wunga has 90 seconds left.
|
|t:|1760388132
|move|p1a: Ceruledge|Flare Blitz|p2a: Walking Wake
|-resisted|p2a: Walking Wake
|-damage|p2a: Walking Wake|55/100
|-damage|p1a: Ceruledge|51/100|[from] Recoil
|move|p2a: Walking Wake|Roar|p1a: Ceruledge
|drag|p1a: Indeedee|Indeedee, M|100/100
|-damage|p1a: Indeedee|88/100|[from] Stealth Rock
|-damage|p1a: Indeedee|72/100|[from] Spikes
|-fieldstart|move: Psychic Terrain|[from] ability: Psychic Surge|[of] p1a: Indeedee
|
|upkeep
|turn|15
|inactive|wunga has 90 seconds left.
|
|t:|1760388150
|move|p1a: Indeedee|Hyper Voice|p2a: Walking Wake
|-damage|p2a: Walking Wake|7/100
|move|p2a: Walking Wake|Roar|p1a: Indeedee
|drag|p1a: Zapdos|Zapdos|100/100
|
|upkeep
|turn|16
|inactive|wunga has 90 seconds left.
|
|t:|1760388166
|move|p1a: Zapdos|Volt Switch|p2a: Walking Wake
|-damage|p2a: Walking Wake|0 fnt
|faint|p2a: Walking Wake
|-end|p2a: Walking Wake|Protosynthesis|[silent]
|inactive|wunga has 90 seconds left.
|
|t:|1760388176
|switch|p1a: Deoxys|Deoxys-Speed|53/100 tox|[from] Volt Switch
|-damage|p1a: Deoxys|41/100 tox|[from] Stealth Rock
|-damage|p1a: Deoxys|24/100 tox|[from] Spikes
|-ability|p1a: Deoxys|Pressure
|
|-damage|p1a: Deoxys|18/100 tox|[from] psn
|upkeep
|
|t:|1760388189
|switch|p2a: Meowscarada|Meowscarada, F, shiny|6/100
|turn|17
|
|t:|1760388195
|move|p1a: Deoxys|Thunderbolt|p2a: Meowscarada
|-resisted|p2a: Meowscarada
|-damage|p2a: Meowscarada|0 fnt
|faint|p2a: Meowscarada
|-damage|p1a: Deoxys|8/100 tox|[from] item: Life Orb
|
|-damage|p1a: Deoxys|0 fnt|[from] psn
|faint|p1a: Deoxys
|upkeep
|
|t:|1760388207
|switch|p1a: Landorus|Landorus-Therian, M|100/100
|switch|p2a: Volbeat|Volbeat, M|94/100
|-damage|p1a: Landorus|88/100|[from] Stealth Rock
|-ability|p1a: Landorus|Intimidate|boost
|-unboost|p2a: Volbeat|atk|1
|turn|18
|
|t:|1760388216
|move|p2a: Volbeat|Tailwind|p2a: Volbeat
|-sidestart|p2: psychedelic_kit|move: Tailwind
|move|p1a: Landorus|Stealth Rock|p2a: Volbeat
|-sidestart|p2: psychedelic_kit|move: Stealth Rock
|
|-heal|p2a: Volbeat|100/100|[from] item: Leftovers
|-fieldend|move: Psychic Terrain
|upkeep
|turn|19
|
|t:|1760388224
|move|p2a: Volbeat|Light Screen|p2a: Volbeat
|-sidestart|p2: psychedelic_kit|move: Light Screen
|move|p1a: Landorus|Taunt|p2a: Volbeat
|-start|p2a: Volbeat|move: Taunt
|
|upkeep
|turn|20
|
|t:|1760388230
|switch|p2a: Glimmora|Glimmora, F|100/100
|-damage|p2a: Glimmora|88/100|[from] Stealth Rock
|switch|p1a: Ceruledge|Ceruledge, F|51/100
|-damage|p1a: Ceruledge|26/100|[from] Stealth Rock
|-damage|p1a: Ceruledge|10/100|[from] Spikes
|
|-heal|p2a: Glimmora|94/100|[from] item: Leftovers
|upkeep
|turn|21
|inactive|wunga has 120 seconds left.
|
|t:|1760388242
|move|p2a: Glimmora|Spiky Shield|p2a: Glimmora
|-singleturn|p2a: Glimmora|move: Protect
|move|p1a: Ceruledge|Flare Blitz|p2a: Glimmora
|-activate|p2a: Glimmora|move: Protect
|-damage|p1a: Ceruledge|0 fnt|[from] Spiky Shield|[of] p2a: Glimmora
|faint|p1a: Ceruledge
|
|-heal|p2a: Glimmora|100/100|[from] item: Leftovers
|-sideend|p2: psychedelic_kit|move: Tailwind
|upkeep
|inactive|wunga has 120 seconds left.
|
|t:|1760388252
|switch|p1a: Indeedee|Indeedee, M|72/100
|-damage|p1a: Indeedee|60/100|[from] Stealth Rock
|-damage|p1a: Indeedee|43/100|[from] Spikes
|-fieldstart|move: Psychic Terrain|[from] ability: Psychic Surge|[of] p1a: Indeedee
|turn|22
|inactive|wunga has 120 seconds left.
|
|t:|1760388262
|move|p1a: Indeedee|Expanding Force|p2a: Glimmora
|-supereffective|p2a: Glimmora
|-damage|p2a: Glimmora|20/100
|move|p2a: Glimmora|Mortal Spin|p1a: Indeedee
|-damage|p1a: Indeedee|30/100
|-status|p1a: Indeedee|psn
|-sideend|p2: psychedelic_kit|Stealth Rock|[from] move: Mortal Spin|[of] p2a: Glimmora
|
|-heal|p2a: Glimmora|26/100|[from] item: Leftovers
|-damage|p1a: Indeedee|18/100 psn|[from] psn
|upkeep
|turn|23
|
|t:|1760388273
|switch|p1a: Landorus|Landorus-Therian, M|88/100
|-damage|p1a: Landorus|76/100|[from] Stealth Rock
|-ability|p1a: Landorus|Intimidate|boost
|-unboost|p2a: Glimmora|atk|1
|move|p2a: Glimmora|Spiky Shield||[still]
|-fail|p2a: Glimmora
|
|-heal|p2a: Glimmora|32/100|[from] item: Leftovers
|-sideend|p2: psychedelic_kit|move: Light Screen
|upkeep
|turn|24
|
|t:|1760388287
|move|p2a: Glimmora|Spiky Shield|p2a: Glimmora
|-singleturn|p2a: Glimmora|move: Protect
|move|p1a: Landorus|Earthquake|p2a: Glimmora
|-activate|p2a: Glimmora|move: Protect
|
|-heal|p2a: Glimmora|39/100|[from] item: Leftovers
|upkeep
|turn|25
|
|t:|1760388298
|switch|p2a: Volbeat|Volbeat, M|100/100
|move|p1a: Landorus|U-turn|p2a: Volbeat
|-damage|p2a: Volbeat|73/100
|
|t:|1760388303
|switch|p1a: Zapdos|Zapdos|100/100|[from] U-turn
|
|-heal|p2a: Volbeat|79/100|[from] item: Leftovers
|upkeep
|turn|26
|
|t:|1760388310
|move|p2a: Volbeat|Tailwind|p2a: Volbeat
|-sidestart|p2: psychedelic_kit|move: Tailwind
|move|p1a: Zapdos|Hurricane|p2a: Volbeat
|-supereffective|p2a: Volbeat
|-damage|p2a: Volbeat|0 fnt
|faint|p2a: Volbeat
|
|-fieldend|move: Psychic Terrain
|upkeep
|
|t:|1760388320
|switch|p2a: Glimmora|Glimmora, F|39/100
|turn|27
|inactive|wunga has 120 seconds left.
|
|t:|1760388352
|move|p2a: Glimmora|Mortal Spin|p1a: Zapdos
|-damage|p1a: Zapdos|95/100
|-status|p1a: Zapdos|psn
|move|p1a: Zapdos|Hurricane|p2a: Glimmora
|-resisted|p2a: Glimmora
|-damage|p2a: Glimmora|15/100
|-start|p2a: Glimmora|confusion
|
|-heal|p2a: Glimmora|21/100|[from] item: Leftovers
|-damage|p1a: Zapdos|82/100 psn|[from] psn
|upkeep
|turn|28
|inactive|wunga has 120 seconds left.
|
|t:|1760388365
|-activate|p2a: Glimmora|confusion
|move|p2a: Glimmora|Spiky Shield|p2a: Glimmora
|-singleturn|p2a: Glimmora|move: Protect
|move|p1a: Zapdos|Volt Switch|p2a: Glimmora
|-activate|p2a: Glimmora|move: Protect
|
|-heal|p2a: Glimmora|28/100|[from] item: Leftovers
|-damage|p1a: Zapdos|70/100 psn|[from] psn
|upkeep
|turn|29
|
|t:|1760388378
|-activate|p2a: Glimmora|confusion
|move|p2a: Glimmora|Power Gem|p1a: Zapdos
|-supereffective|p1a: Zapdos
|-damage|p1a: Zapdos|0 fnt
|faint|p1a: Zapdos
|
|-heal|p2a: Glimmora|34/100|[from] item: Leftovers
|-sideend|p2: psychedelic_kit|move: Tailwind
|upkeep
|c|☆wunga|:O
|
|t:|1760388387
|switch|p1a: Indeedee|Indeedee, M|18/100 psn
|-damage|p1a: Indeedee|5/100 psn|[from] Stealth Rock
|-damage|p1a: Indeedee|0 fnt|[from] Spikes
|faint|p1a: Indeedee
|
|t:|1760388392
|switch|p1a: Landorus|Landorus-Therian, M|76/100
|-damage|p1a: Landorus|63/100|[from] Stealth Rock
|-ability|p1a: Landorus|Intimidate|boost
|-unboost|p2a: Glimmora|atk|1
|turn|30
|
|t:|1760388404
|-activate|p2a: Glimmora|confusion
|move|p2a: Glimmora|Spiky Shield|p2a: Glimmora
|-singleturn|p2a: Glimmora|move: Protect
|move|p1a: Landorus|Earthquake|p2a: Glimmora
|-activate|p2a: Glimmora|move: Protect
|
|-heal|p2a: Glimmora|40/100|[from] item: Leftovers
|upkeep
|turn|31
|
|t:|1760388413
|move|p1a: Landorus|Earthquake|p2a: Glimmora
|-supereffective|p2a: Glimmora
|-damage|p2a: Glimmora|0 fnt
|-activate|p2a: Glimmora|ability: Toxic Debris
|-sidestart|p1: wunga|move: Toxic Spikes
|faint|p2a: Glimmora
|
|upkeep
|
|t:|1760388420
|switch|p2a: Kingambit|Kingambit, F|100/100
|-activate|p2a: Kingambit|ability: Supreme Overlord
|-start|p2a: Kingambit|fallen5|[silent]
|turn|32
|
|t:|1760388443
|-terastallize|p2a: Kingambit|Steel
|move|p2a: Kingambit|Sucker Punch||[still]
|-fail|p2a: Kingambit
|move|p1a: Landorus|Taunt|p2a: Kingambit
|-start|p2a: Kingambit|move: Taunt
|
|upkeep
|turn|33
|
|t:|1760388451
|move|p2a: Kingambit|Sucker Punch|p1a: Landorus
|-damage|p1a: Landorus|0 fnt
|-damage|p2a: Kingambit|84/100|[from] item: Rocky Helmet|[of] p1a: Landorus
|faint|p1a: Landorus
|
|win|psychedelic_kit
|raw|wunga's rating: 1278 &rarr; <strong>1250</strong><br />(-28 for losing)
|raw|psychedelic_kit's rating: 1231 &rarr; <strong>1259</strong><br />(+28 for winning)
|c|☆wunga|gg :)
|l|☆psychedelic_kit
|player|p2|
|l|☆wunga
|player|p1|
