|j|☆Flumani
|j|☆AlmightyHD
|t:|1760455136
|gametype|singles
|player|p1|Flumani|leon|1309
|player|p2|AlmightyHD|acetrainerf-gen4dp|1371
|gen|9
|tier|[Gen 9] OU
|rated|
|rule|HP Percentage Mod: HP is shown in percentages
|rule|Endless Battle Clause: Forcing endless battles is banned
|rule|Species Clause: Limit one of each Pokémon
|rule|OHKO Clause: OHKO moves are banned
|rule|Evasion Items Clause: Evasion items are banned
|rule|Evasion Moves Clause: Evasion moves are banned
|rule|Evasion Abilities Clause: Evasion abilities are banned
|rule|Sleep Moves Clause: Sleep-inducing moves are banned
|clearpoke
|poke|p1|Great Tusk|
|poke|p1|Polteageist|
|poke|p1|Serperior, M|
|poke|p1|Ursaluna, F|
|poke|p1|Pikachu, L1, M|
|poke|p1|Dragapult, M|
|poke|p2|Pelipper, F|
|poke|p2|Walking Wake|
|poke|p2|Garchomp, F|
|poke|p2|Tornadus-Therian, M|
|poke|p2|Excadrill, M|
|poke|p2|Florges-Blue, F|
|teampreview
|inactive|Battle timer is ON: inactive players will automatically lose when time's up. (requested by Flumani)
|
|t:|1760455156
|teamsize|p1|6
|teamsize|p2|6
|start
|switch|p1a: Polteageist|Polteageist, shiny|100/100
|switch|p2a: Garchomp|Garchomp, F|100/100
|turn|1
|
|t:|1760455164
|move|p2a: Garchomp|Spikes|p1a: Polteageist
|-sidestart|p1: Flumani|Spikes
|move|p1a: Polteageist|Shell Smash|p1a: Polteageist
|-unboost|p1a: Polteageist|def|1
|-unboost|p1a: Polteageist|spd|1
|-boost|p1a: Polteageist|atk|2
|-boost|p1a: Polteageist|spa|2
|-boost|p1a: Polteageist|spe|2
|
|upkeep
|turn|2
|
|t:|1760455168
|move|p1a: Polteageist|Stored Power|p2a: Garchomp
|-damage|p2a: Garchomp|7/100
|move|p2a: Garchomp|Earthquake|p1a: Polteageist
|-enditem|p1a: Polteageist|Focus Sash
|-damage|p1a: Polteageist|1/100
|-ability|p1a: Polteageist|Weak Armor|boost
|-unboost|p1a: Polteageist|def|1
|-boost|p1a: Polteageist|spe|2
|
|upkeep
|turn|3
|
|t:|1760455177
|move|p1a: Polteageist|Stored Power|p2a: Garchomp
|-damage|p2a: Garchomp|0 fnt
|faint|p2a: Garchomp
|
|upkeep
|
|t:|1760455180
|switch|p2a: Florges|Florges-Blue, F|100/100
|turn|4
|
|t:|1760455183
|move|p1a: Polteageist|Stored Power|p2a: Florges
|-damage|p2a: Florges|27/100
|move|p2a: Florges|Moonblast|p1a: Polteageist
|-damage|p1a: Polteageist|0 fnt
|faint|p1a: Polteageist
|
|upkeep
|
|t:|1760455193
|switch|p1a: Ursaluna|Ursaluna, F|100/100
|-damage|p1a: Ursaluna|88/100|[from] Spikes
|turn|5
|
|t:|1760455200
|move|p1a: Ursaluna|Protect|p1a: Ursaluna
|-singleturn|p1a: Ursaluna|Protect
|move|p2a: Florges|Moonblast|p1a: Ursaluna
|-activate|p1a: Ursaluna|move: Protect
|
|-status|p1a: Ursaluna|brn|[from] item: Flame Orb
|upkeep
|turn|6
|
|t:|1760455207
|move|p2a: Florges|Moonblast|p1a: Ursaluna
|-damage|p1a: Ursaluna|57/100 brn
|move|p1a: Ursaluna|Facade|p2a: Florges
|-damage|p2a: Florges|0 fnt
|faint|p2a: Florges
|
|-damage|p1a: Ursaluna|51/100 brn|[from] brn
|upkeep
|
|t:|1760455217
|switch|p2a: Walking Wake|Walking Wake|100/100
|turn|7
|
|t:|1760455228
|move|p2a: Walking Wake|Surf|p1a: Ursaluna
|-supereffective|p1a: Ursaluna
|-damage|p1a: Ursaluna|0 fnt
|faint|p1a: Ursaluna
|
|upkeep
|
|t:|1760455237
|switch|p1a: Dragapult|Dragapult, M|100/100
|turn|8
|
|t:|1760455241
|-terastallize|p2a: Walking Wake|Fairy
|move|p1a: Dragapult|Thunder Wave|p2a: Walking Wake
|-status|p2a: Walking Wake|par
|move|p2a: Walking Wake|Surf|p1a: Dragapult
|-resisted|p1a: Dragapult
|-damage|p1a: Dragapult|66/100
|
|upkeep
|turn|9
|
|t:|1760455249
|-end|p2a: Walking Wake|Protosynthesis|[silent]
|switch|p2a: Tornadus|Tornadus-Therian, M|100/100
|move|p1a: Dragapult|Hex|p2a: Tornadus
|-damage|p2a: Tornadus|74/100
|
|upkeep
|turn|10
|
|t:|1760455258
|switch|p2a: Excadrill|Excadrill, M|100/100
|-ability|p2a: Excadrill|Mold Breaker
|move|p1a: Dragapult|Thunder Wave|p2a: Excadrill
|-immune|p2a: Excadrill
|
|upkeep
|turn|11
|
|t:|1760455264
|move|p2a: Excadrill|Earthquake|p1a: Dragapult
|-damage|p1a: Dragapult|6/100
|-start|p2a: Excadrill|Disable|Earthquake|[from] ability: Cursed Body|[of] p1a: Dragapult
|move|p1a: Dragapult|Will-O-Wisp|p2a: Excadrill
|-status|p2a: Excadrill|brn
|
|-damage|p2a: Excadrill|94/100 brn|[from] brn
|upkeep
|turn|12
|
|t:|1760455287
|switch|p1a: Serperior|Serperior, M, shiny|100/100
|-damage|p1a: Serperior|88/100|[from] Spikes
|-activate|p2a: Excadrill|move: Struggle
|move|p2a: Excadrill|Struggle|p1a: Serperior
|-damage|p1a: Serperior|77/100
|-damage|p2a: Excadrill|69/100 brn|[from] recoil
|
|-damage|p2a: Excadrill|63/100 brn|[from] brn
|upkeep
|turn|13
|
|t:|1760455303
|switch|p2a: Pelipper|Pelipper, F|100/100
|-weather|RainDance|[from] ability: Drizzle|[of] p2a: Pelipper
|move|p1a: Serperior|Leaf Storm|p2a: Pelipper
|-damage|p2a: Pelipper|38/100
|-boost|p1a: Serperior|spa|2
|
|-weather|RainDance|[upkeep]
|upkeep
|turn|14
|
|t:|1760455316
|move|p1a: Serperior|Giga Drain|p2a: Pelipper
|-damage|p2a: Pelipper|0 fnt
|-heal|p1a: Serperior|98/100|[from] drain|[of] p2a: Pelipper
|faint|p2a: Pelipper
|
|-weather|RainDance|[upkeep]
|upkeep
|
|t:|1760455318
|switch|p2a: Tornadus|Tornadus-Therian, M|100/100
|turn|15
|
|t:|1760455321
|move|p1a: Serperior|Protect|p1a: Serperior
|-singleturn|p1a: Serperior|Protect
|move|p2a: Tornadus|Hurricane|p1a: Serperior
|-activate|p1a: Serperior|move: Protect
|
|-weather|RainDance|[upkeep]
|upkeep
|turn|16
|
|t:|1760455327
|switch|p1a: Dragapult|Dragapult, M|6/100
|move|p2a: Tornadus|Hurricane|p1a: Dragapult
|-damage|p1a: Dragapult|0 fnt
|faint|p1a: Dragapult
|
|-weather|RainDance|[upkeep]
|upkeep
|
|t:|1760455334
|switch|p1a: Great Tusk|Great Tusk|100/100
|-damage|p1a: Great Tusk|88/100|[from] Spikes
|-enditem|p1a: Great Tusk|Booster Energy
|-activate|p1a: Great Tusk|ability: Protosynthesis|[fromitem]
|-start|p1a: Great Tusk|protosynthesisatk
|turn|17
|
|t:|1760455337
|move|p2a: Tornadus|Hurricane|p1a: Great Tusk
|-supereffective|p1a: Great Tusk
|-damage|p1a: Great Tusk|0 fnt
|faint|p1a: Great Tusk
|-end|p1a: Great Tusk|Protosynthesis|[silent]
|
|-weather|RainDance|[upkeep]
|upkeep
|
|t:|1760455341
|switch|p1a: Pikachu|Pikachu, L1, M|100/100
|-damage|p1a: Pikachu|92/100|[from] Spikes
|turn|18
|
|t:|1760455347
|move|p1a: Pikachu|Fake Out|p2a: Tornadus
|-damage|p2a: Tornadus|99/100
|cant|p2a: Tornadus|flinch
|
|-weather|RainDance|[upkeep]
|upkeep
|turn|19
|
|t:|1760455355
|move|p2a: Tornadus|Knock Off|p1a: Pikachu
|-damage|p1a: Pikachu|0 fnt
|-enditem|p1a: Pikachu|Focus Sash|[from] move: Knock Off|[of] p2a: Tornadus
|faint|p1a: Pikachu
|
|-weather|RainDance|[upkeep]
|upkeep
|
|t:|1760455358
|switch|p1a: Serperior|Serperior, M, shiny|98/100
|-damage|p1a: Serperior|86/100|[from] Spikes
|turn|20
|
|t:|1760455362
|move|p1a: Serperior|Protect|p1a: Serperior
|-singleturn|p1a: Serperior|Protect
|move|p2a: Tornadus|Hurricane|p1a: Serperior
|-activate|p1a: Serperior|move: Protect
|
|-weather|none
|upkeep
|turn|21
|
|t:|1760455368
|-terastallize|p1a: Serperior|Stellar
|move|p2a: Tornadus|U-turn|p1a: Serperior
|-supereffective|p1a: Serperior
|-damage|p1a: Serperior|49/100
|
|t:|1760455373
|switch|p2a: Excadrill|Excadrill, M|63/100 brn|[from] U-turn
|-ability|p2a: Excadrill|Mold Breaker
|move|p1a: Serperior|Leaf Storm|p2a: Excadrill
|-damage|p2a: Excadrill|0 fnt
|-boost|p1a: Serperior|spa|2
|faint|p2a: Excadrill
|
|upkeep
|
|t:|1760455375
|switch|p2a: Tornadus|Tornadus-Therian, M|100/100
|turn|22
|
|t:|1760455383
|move|p2a: Tornadus|Hurricane|p1a: Serperior
|-supereffective|p1a: Serperior
|-damage|p1a: Serperior|0 fnt
|faint|p1a: Serperior
|
|win|AlmightyHD
|raw|Flumani's rating: 1309 &rarr; <strong>1293</strong><br />(-16 for losing)
|raw|AlmightyHD's rating: 1371 &rarr; <strong>1387</strong><br />(+16 for winning)
|l|☆Flumani
|player|p1|
|l|☆AlmightyHD
|player|p2|
