|j|☆Hardencongafas
|j|☆kalyeotcho
|t:|1760446960
|gametype|singles
|player|p1|Hardencongafas|1|1446
|player|p2|kalyeotcho|doctor|1368
|gen|9
|tier|[Gen 9] OU
|rated|
|rule|HP Percentage Mod: HP is shown in percentages
|rule|Endless Battle Clause: Forcing endless battles is banned
|rule|Species Clause: Limit one of each Pokémon
|rule|OHKO Clause: OHKO moves are banned
|rule|Evasion Items Clause: Evasion items are banned
|rule|Evasion Moves Clause: Evasion moves are banned
|rule|Evasion Abilities Clause: Evasion abilities are banned
|rule|Sleep Moves Clause: Sleep-inducing moves are banned
|clearpoke
|poke|p1|Landorus-Therian, M|
|poke|p1|Corviknight, M|
|poke|p1|Zoroark-Hisui, M|
|poke|p1|Raging Bolt|
|poke|p1|Pecharunt|
|poke|p1|Samurott-Hisui, M|
|poke|p2|Mimikyu, M|
|poke|p2|Cresselia, F|
|poke|p2|Enamorus-Therian, F|
|poke|p2|Tyranitar, F|
|poke|p2|Kingambit, M|
|poke|p2|Necrozma|
|teampreview
|inactive|Battle timer is ON: inactive players will automatically lose when time's up. (requested by kalyeotcho)
|
|t:|1760447007
|teamsize|p1|6
|teamsize|p2|6
|start
|switch|p1a: Landorus|Landorus-Therian, M|100/100
|switch|p2a: Grey|Mimikyu, M, shiny|100/100
|-ability|p1a: Landorus|Intimidate|boost
|-unboost|p2a: Grey|atk|1
|turn|1
|
|t:|1760447015
|move|p1a: Landorus|U-turn|p2a: Grey
|-activate|p2a: Grey|ability: Disguise
|-damage|p2a: Grey|100/100
|detailschange|p2a: Grey|Mimikyu-Busted, M, shiny
|-damage|p2a: Grey|88/100|[from] pokemon: Mimikyu-Busted
|-enditem|p2a: Grey|Red Card|[of] p1a: Landorus
|drag|p1a: Raging Bolt|Raging Bolt|100/100
|move|p2a: Grey|Trick Room|p2a: Grey
|-fieldstart|move: Trick Room|[of] p2a: Grey
|
|upkeep
|turn|2
|
|t:|1760447024
|-end|p1a: Raging Bolt|Protosynthesis|[silent]
|switch|p1a: Corviknight|Corviknight, M|100/100
|-ability|p1a: Corviknight|Unnerve
|move|p2a: Grey|Play Rough|p1a: Corviknight|[miss]
|-miss|p2a: Grey|p1a: Corviknight
|
|upkeep
|turn|3
|
|t:|1760447030
|move|p1a: Corviknight|U-turn|p2a: Grey
|-resisted|p2a: Grey
|-damage|p2a: Grey|84/100
|
|t:|1760447038
|switch|p1a: Samurott|Samurott-Hisui, M|100/100|[from] U-turn
|move|p2a: Grey|Curse|p1a: Samurott
|-start|p1a: Samurott|Curse|[of] p2a: Grey
|-damage|p2a: Grey|34/100
|
|-damage|p1a: Samurott|76/100|[from] Curse
|upkeep
|turn|4
|
|t:|1760447047
|move|p1a: Samurott|Sucker Punch|p2a: Grey
|-damage|p2a: Grey|0 fnt
|faint|p2a: Grey
|
|-damage|p1a: Samurott|51/100|[from] Curse
|upkeep
|inactive|kalyeotcho has 120 seconds left.
|
|t:|1760447077
|switch|p2a: Enamorus|Enamorus-Therian, F|100/100
|turn|5
|
|t:|1760447091
|switch|p1a: Pecharunt|Pecharunt|100/100
|move|p2a: Enamorus|Moonblast|p1a: Pecharunt
|-resisted|p1a: Pecharunt
|-damage|p1a: Pecharunt|68/100
|
|-fieldend|move: Trick Room
|upkeep
|turn|6
|
|t:|1760447103
|switch|p2a: Jin|Kingambit, M, shiny|100/100
|-activate|p2a: Jin|ability: Supreme Overlord
|-start|p2a: Jin|fallen1|[silent]
|-item|p2a: Jin|Air Balloon
|move|p1a: Pecharunt|Parting Shot|p2a: Jin
|-unboost|p2a: Jin|atk|1
|-unboost|p2a: Jin|spa|1
|
|t:|1760447115
|switch|p1a: Corviknight|Corviknight, M|100/100|[from] Parting Shot
|
|upkeep
|turn|7
|
|t:|1760447119
|-end|p2a: Jin|fallen1|[silent]
|switch|p2a: Cresselia|Cresselia, F, shiny|100/100
|move|p1a: Corviknight|Low Kick|p2a: Cresselia
|-resisted|p2a: Cresselia
|-damage|p2a: Cresselia|93/100
|
|upkeep
|turn|8
|
|t:|1760447130
|move|p1a: Corviknight|Swords Dance|p1a: Corviknight
|-boost|p1a: Corviknight|atk|2
|move|p2a: Cresselia|Reflect|p2a: Cresselia
|-sidestart|p2: kalyeotcho|Reflect
|
|upkeep
|turn|9
|
|t:|1760447136
|move|p1a: Corviknight|Poltergeist|p2a: Cresselia
|-activate|p2a: Cresselia|move: Poltergeist|Light Clay
|-supereffective|p2a: Cresselia
|-damage|p2a: Cresselia|30/100
|move|p2a: Cresselia|Light Screen|p2a: Cresselia
|-sidestart|p2: kalyeotcho|move: Light Screen
|
|upkeep
|turn|10
|
|t:|1760447145
|switch|p2a: Jin|Kingambit, M, shiny|100/100
|-activate|p2a: Jin|ability: Supreme Overlord
|-start|p2a: Jin|fallen1|[silent]
|-item|p2a: Jin|Air Balloon
|move|p1a: Corviknight|Poltergeist|p2a: Jin|[miss]
|-miss|p1a: Corviknight|p2a: Jin
|
|upkeep
|turn|11
|
|t:|1760447168
|-terastallize|p2a: Jin|Flying
|move|p1a: Corviknight|Low Kick|p2a: Jin
|-resisted|p2a: Jin
|-damage|p2a: Jin|90/100
|-enditem|p2a: Jin|Air Balloon
|move|p2a: Jin|Kowtow Cleave|p1a: Corviknight
|-supereffective|p1a: Corviknight
|-enditem|p1a: Corviknight|Focus Sash
|-damage|p1a: Corviknight|1/100
|replace|p1a: Zoroark|Zoroark-Hisui, M
|-end|p1a: Zoroark|Illusion
|
|upkeep
|turn|12
|
|t:|1760447198
|-end|p2a: Jin|fallen1|[silent]
|switch|p2a: Amunet|Tyranitar, F, shiny|100/100
|-weather|Sandstorm|[from] ability: Sand Stream|[of] p2a: Amunet
|move|p1a: Zoroark|Shadow Sneak|p2a: Amunet
|-resisted|p2a: Amunet
|-damage|p2a: Amunet|93/100
|
|-weather|Sandstorm|[upkeep]
|-damage|p1a: Zoroark|0 fnt|[from] Sandstorm
|faint|p1a: Zoroark
|upkeep
|
|t:|1760447206
|switch|p1a: Samurott|Samurott-Hisui, M|51/100
|turn|13
|
|t:|1760447211
|move|p1a: Samurott|Sacred Sword|p2a: Amunet
|-supereffective|p2a: Amunet
|-damage|p2a: Amunet|15/100
|move|p2a: Amunet|Low Kick|p1a: Samurott
|-supereffective|p1a: Samurott
|-damage|p1a: Samurott|0 fnt
|faint|p1a: Samurott
|-damage|p2a: Amunet|5/100|[from] item: Life Orb
|
|-weather|Sandstorm|[upkeep]
|upkeep
|
|t:|1760447223
|switch|p1a: Landorus|Landorus-Therian, M|100/100
|-ability|p1a: Landorus|Intimidate|boost
|-unboost|p2a: Amunet|atk|1
|turn|14
|
|t:|1760447234
|switch|p2a: Enamorus|Enamorus-Therian, F|100/100
|move|p1a: Landorus|U-turn|p2a: Enamorus
|-resisted|p2a: Enamorus
|-damage|p2a: Enamorus|97/100
|
|t:|1760447240
|switch|p1a: Raging Bolt|Raging Bolt|100/100|[from] U-turn
|
|-weather|Sandstorm|[upkeep]
|-damage|p1a: Raging Bolt|94/100|[from] Sandstorm
|upkeep
|turn|15
|
|t:|1760447248
|move|p1a: Raging Bolt|Volt Switch|p2a: Enamorus
|-supereffective|p2a: Enamorus
|-damage|p2a: Enamorus|41/100
|
|t:|1760447251
|-end|p1a: Raging Bolt|Protosynthesis|[silent]
|switch|p1a: Pecharunt|Pecharunt|68/100|[from] Volt Switch
|move|p2a: Enamorus|Moonblast|p1a: Pecharunt
|-resisted|p1a: Pecharunt
|-damage|p1a: Pecharunt|35/100
|
|-weather|Sandstorm|[upkeep]
|-damage|p1a: Pecharunt|29/100|[from] Sandstorm
|-sideend|p2: kalyeotcho|Reflect
|upkeep
|turn|16
|
|t:|1760447262
|switch|p1a: Corviknight|Corviknight, M|100/100
|-ability|p1a: Corviknight|Unnerve
|move|p2a: Enamorus|Mystical Fire|p1a: Corviknight
|-supereffective|p1a: Corviknight
|-damage|p1a: Corviknight|59/100
|-unboost|p1a: Corviknight|spa|1
|
|-weather|none
|-heal|p1a: Corviknight|65/100|[from] item: Leftovers
|-sideend|p2: kalyeotcho|move: Light Screen
|upkeep
|turn|17
|
|t:|1760447274
|move|p1a: Corviknight|Roost|p1a: Corviknight
|-heal|p1a: Corviknight|100/100
|-singleturn|p1a: Corviknight|move: Roost
|move|p2a: Enamorus|Mystical Fire|p1a: Corviknight
|-supereffective|p1a: Corviknight
|-damage|p1a: Corviknight|52/100
|-unboost|p1a: Corviknight|spa|1
|
|-heal|p1a: Corviknight|59/100|[from] item: Leftovers
|upkeep
|turn|18
|
|t:|1760447284
|move|p1a: Corviknight|U-turn|p2a: Enamorus
|-resisted|p2a: Enamorus
|-damage|p2a: Enamorus|38/100
|
|t:|1760447291
|switch|p1a: Pecharunt|Pecharunt|29/100|[from] U-turn
|move|p2a: Enamorus|Moonblast|p1a: Pecharunt
|-resisted|p1a: Pecharunt
|-damage|p1a: Pecharunt|0 fnt
|faint|p1a: Pecharunt
|
|upkeep
|
|t:|1760447292
|switch|p1a: Raging Bolt|Raging Bolt|94/100
|turn|19
|
|t:|1760447312
|move|p1a: Raging Bolt|Volt Switch|p2a: Enamorus
|-supereffective|p2a: Enamorus
|-damage|p2a: Enamorus|0 fnt
|faint|p2a: Enamorus
|
|t:|1760447339
|-end|p1a: Raging Bolt|Protosynthesis|[silent]
|switch|p1a: Corviknight|Corviknight, M|59/100|[from] Volt Switch
|-ability|p1a: Corviknight|Unnerve
|
|-heal|p1a: Corviknight|65/100|[from] item: Leftovers
|upkeep
|
|t:|1760447347
|switch|p2a: Cresselia|Cresselia, F, shiny|30/100
|turn|20
|
|t:|1760447352
|move|p1a: Corviknight|Roost|p1a: Corviknight
|-heal|p1a: Corviknight|100/100
|-singleturn|p1a: Corviknight|move: Roost
|move|p2a: Cresselia|Trick Room|p2a: Cresselia
|-fieldstart|move: Trick Room|[of] p2a: Cresselia
|
|upkeep
|turn|21
|
|t:|1760447359
|move|p2a: Cresselia|Lunar Dance|p2a: Cresselia
|faint|p2a: Cresselia
|move|p1a: Corviknight|U-turn|p2: Cresselia|[notarget]
|-fail|p1a: Corviknight
|
|upkeep
|
|t:|1760447378
|switch|p2a: Necrozma|Necrozma|100/100
|turn|22
|
|t:|1760447383
|move|p2a: Necrozma|Meteor Beam||[still]
|-prepare|p2a: Necrozma|Meteor Beam
|-boost|p2a: Necrozma|spa|1
|-enditem|p2a: Necrozma|Power Herb
|-anim|p2a: Necrozma|Meteor Beam|p1a: Corviknight
|-damage|p1a: Corviknight|53/100
|move|p1a: Corviknight|Brave Bird|p2a: Necrozma
|-damage|p2a: Necrozma|72/100
|-damage|p1a: Corviknight|44/100|[from] Recoil
|
|-heal|p1a: Corviknight|50/100|[from] item: Leftovers
|upkeep
|turn|23
|
|t:|1760447393
|move|p2a: Necrozma|Heat Wave|p1a: Corviknight
|-supereffective|p1a: Corviknight
|-damage|p1a: Corviknight|0 fnt
|faint|p1a: Corviknight
|
|upkeep
|
|t:|1760447399
|switch|p1a: Raging Bolt|Raging Bolt|94/100
|turn|24
|
|t:|1760447407
|move|p2a: Necrozma|Photon Geyser|p1a: Raging Bolt
|-crit|p1a: Raging Bolt
|-damage|p1a: Raging Bolt|0 fnt
|faint|p1a: Raging Bolt
|-end|p1a: Raging Bolt|Protosynthesis|[silent]
|
|-fieldend|move: Trick Room
|upkeep
|
|t:|1760447412
|switch|p1a: Landorus|Landorus-Therian, M|100/100
|-ability|p1a: Landorus|Intimidate|boost
|-unboost|p2a: Necrozma|atk|1
|turn|25
|
|t:|1760447418
|-terastallize|p1a: Landorus|Flying
|move|p1a: Landorus|Tera Blast|p2a: Necrozma|[anim] Tera Blast Flying
|-damage|p2a: Necrozma|12/100
|move|p2a: Necrozma|Trick Room|p2a: Necrozma
|-fieldstart|move: Trick Room|[of] p2a: Necrozma
|
|upkeep
|turn|26
|
|t:|1760447425
|move|p2a: Necrozma|Photon Geyser|p1a: Landorus
|-damage|p1a: Landorus|0 fnt
|faint|p1a: Landorus
|
|win|kalyeotcho
|raw|Hardencongafas's rating: 1446 &rarr; <strong>1422</strong><br />(-24 for losing)
|raw|kalyeotcho's rating: 1368 &rarr; <strong>1392</strong><br />(+24 for winning)
|l|☆kalyeotcho
|player|p2|
|l|☆Hardencongafas
|player|p1|
