|j|☆itstheboyjay
|j|☆Ejdlcvuu
|t:|1760337599
|gametype|singles
|player|p1|itstheboyjay|169|1138
|player|p2|Ejdlcvuu|pokemonbreeder-gen4|1141
|gen|9
|tier|[Gen 9] OU
|rated|
|rule|HP Percentage Mod: HP is shown in percentages
|rule|Endless Battle Clause: Forcing endless battles is banned
|rule|Species Clause: Limit one of each Pokémon
|rule|OHKO Clause: OHKO moves are banned
|rule|Evasion Items Clause: Evasion items are banned
|rule|Evasion Moves Clause: Evasion moves are banned
|rule|Evasion Abilities Clause: Evasion abilities are banned
|rule|Sleep Moves Clause: Sleep-inducing moves are banned
|clearpoke
|poke|p1|Glaceon, F|
|poke|p1|Gallade, M|
|poke|p1|Dusknoir, M|
|poke|p1|Porygon-Z|
|poke|p1|Magnezone|
|poke|p1|Rhyperior, M|
|poke|p2|Chesnaught, M|
|poke|p2|Skeledirge, F|
|poke|p2|Greninja-*, M|
|poke|p2|Infernape, M|
|poke|p2|Blaziken, F|
|poke|p2|Decidueye, M|
|teampreview
|inactive|Battle timer is ON: inactive players will automatically lose when time's up. (requested by itstheboyjay)
|
|t:|1760337611
|teamsize|p1|6
|teamsize|p2|6
|start
|switch|p1a: Dusknoir|Dusknoir, M, shiny|100/100
|switch|p2a: Chesnaught|Chesnaught, M|100/100
|-item|p2a: Chesnaught|Leftovers|[from] ability: Frisk|[of] p1a: Dusknoir
|turn|1
|
|t:|1760337621
|move|p2a: Chesnaught|Leech Seed|p1a: Dusknoir
|-start|p1a: Dusknoir|move: Leech Seed
|move|p1a: Dusknoir|Trick|p2a: Chesnaught
|-activate|p1a: Dusknoir|move: Trick|[of] p2a: Chesnaught
|-item|p2a: Chesnaught|Sticky Barb|[from] move: Trick
|-item|p1a: Dusknoir|Leftovers|[from] move: Trick
|
|-damage|p1a: Dusknoir|88/100|[from] Leech Seed|[of] p2a: Chesnaught
|-damage|p2a: Chesnaught|88/100|[from] item: Sticky Barb
|upkeep
|turn|2
|
|t:|1760337644
|move|p2a: Chesnaught|Leech Seed||[still]
|-fail|p2a: Chesnaught
|move|p1a: Dusknoir|Will-O-Wisp|p2a: Chesnaught
|-status|p2a: Chesnaught|brn
|
|-heal|p1a: Dusknoir|94/100|[from] item: Leftovers
|-damage|p1a: Dusknoir|82/100|[from] Leech Seed|[of] p2a: Chesnaught
|-heal|p2a: Chesnaught|97/100 brn|[silent]
|-damage|p2a: Chesnaught|91/100 brn|[from] brn
|-damage|p2a: Chesnaught|79/100 brn|[from] item: Sticky Barb
|upkeep
|turn|3
|
|t:|1760337659
|switch|p2a: Blaziken|Blaziken, F|100/100
|move|p1a: Dusknoir|Poltergeist|p2a: Blaziken
|-activate|p2a: Blaziken|move: Poltergeist|Life Orb
|-damage|p2a: Blaziken|31/100
|
|-heal|p1a: Dusknoir|88/100|[from] item: Leftovers
|-damage|p1a: Dusknoir|76/100|[from] Leech Seed|[of] p2a: Blaziken
|-heal|p2a: Blaziken|40/100|[silent]
|upkeep
|turn|4
|
|t:|1760337672
|move|p2a: Blaziken|Protect|p2a: Blaziken
|-singleturn|p2a: Blaziken|Protect
|move|p1a: Dusknoir|Poltergeist|p2a: Blaziken
|-activate|p2a: Blaziken|move: Protect
|
|-heal|p1a: Dusknoir|82/100|[from] item: Leftovers
|-damage|p1a: Dusknoir|70/100|[from] Leech Seed|[of] p2a: Blaziken
|-heal|p2a: Blaziken|50/100|[silent]
|-ability|p2a: Blaziken|Speed Boost|boost
|-boost|p2a: Blaziken|spe|1
|upkeep
|turn|5
|
|t:|1760337687
|move|p2a: Blaziken|Flare Blitz|p1a: Dusknoir
|-damage|p1a: Dusknoir|1/100
|-damage|p2a: Blaziken|32/100|[from] Recoil
|-damage|p2a: Blaziken|22/100|[from] item: Life Orb
|move|p1a: Dusknoir|Poltergeist|p2a: Blaziken
|-activate|p2a: Blaziken|move: Poltergeist|Life Orb
|-damage|p2a: Blaziken|0 fnt
|faint|p2a: Blaziken
|
|-heal|p1a: Dusknoir|7/100|[from] item: Leftovers
|upkeep
|inactive|Ejdlcvuu has 120 seconds left.
|
|t:|1760337699
|switch|p2a: Chesnaught|Chesnaught, M|79/100 brn
|turn|6
|
|t:|1760337706
|switch|p1a: Glaceon|Glaceon, F, shiny|100/100
|move|p2a: Chesnaught|Spiky Shield||[still]
|-fail|p2a: Chesnaught
|
|-damage|p2a: Chesnaught|73/100 brn|[from] brn
|-damage|p2a: Chesnaught|60/100 brn|[from] item: Sticky Barb
|upkeep
|turn|7
|
|t:|1760337714
|move|p2a: Chesnaught|Spiky Shield|p2a: Chesnaught
|-singleturn|p2a: Chesnaught|move: Protect
|move|p1a: Glaceon|Shadow Ball|p2a: Chesnaught
|-activate|p2a: Chesnaught|move: Protect
|
|-damage|p2a: Chesnaught|54/100 brn|[from] brn
|-damage|p2a: Chesnaught|42/100 brn|[from] item: Sticky Barb
|upkeep
|turn|8
|
|t:|1760337725
|switch|p1a: Dusknoir|Dusknoir, M, shiny|7/100
|-item|p2a: Chesnaught|Sticky Barb|[from] ability: Frisk|[of] p1a: Dusknoir
|move|p2a: Chesnaught|Leech Seed|p1a: Dusknoir|[miss]
|-miss|p2a: Chesnaught|p1a: Dusknoir
|
|-heal|p1a: Dusknoir|13/100|[from] item: Leftovers
|-damage|p2a: Chesnaught|36/100 brn|[from] brn
|-damage|p2a: Chesnaught|24/100 brn|[from] item: Sticky Barb
|upkeep
|turn|9
|
|t:|1760337735
|move|p2a: Chesnaught|Giga Drain|p1a: Dusknoir
|-damage|p1a: Dusknoir|0 fnt
|-heal|p2a: Chesnaught|29/100 brn|[from] drain|[of] p1a: Dusknoir
|faint|p1a: Dusknoir
|
|-damage|p2a: Chesnaught|23/100 brn|[from] brn
|-damage|p2a: Chesnaught|10/100 brn|[from] item: Sticky Barb
|upkeep
|
|t:|1760337744
|switch|p1a: Porygon-Z|Porygon-Z, shiny|100/100
|turn|10
|
|t:|1760337749
|move|p1a: Porygon-Z|Shadow Ball|p2a: Chesnaught
|-immune|p2a: Chesnaught|[from] ability: Bulletproof
|move|p2a: Chesnaught|Leech Seed|p1a: Porygon-Z
|-start|p1a: Porygon-Z|move: Leech Seed
|
|-damage|p1a: Porygon-Z|88/100|[from] Leech Seed|[of] p2a: Chesnaught
|-heal|p2a: Chesnaught|22/100 brn|[silent]
|-damage|p2a: Chesnaught|16/100 brn|[from] brn
|-damage|p2a: Chesnaught|4/100 brn|[from] item: Sticky Barb
|upkeep
|turn|11
|
|t:|1760337761
|switch|p1a: Gallade|Gallade, M, shiny|100/100
|move|p2a: Chesnaught|Leech Seed|p1a: Gallade
|-start|p1a: Gallade|move: Leech Seed
|
|-damage|p1a: Gallade|88/100|[from] Leech Seed|[of] p2a: Chesnaught
|-heal|p2a: Chesnaught|15/100 brn|[silent]
|-damage|p2a: Chesnaught|9/100 brn|[from] brn
|-damage|p2a: Chesnaught|0 fnt|[from] item: Sticky Barb
|faint|p2a: Chesnaught
|upkeep
|
|t:|1760337782
|switch|p2a: Decidueye|Decidueye, M|100/100
|turn|12
|
|t:|1760337789
|switch|p1a: Magnezone|Magnezone, shiny|100/100
|move|p2a: Decidueye|Poltergeist|p1a: Magnezone
|-activate|p1a: Magnezone|move: Poltergeist|Rocky Helmet
|-damage|p1a: Magnezone|65/100
|
|upkeep
|turn|13
|
|t:|1760337799
|move|p2a: Decidueye|Poltergeist|p1a: Magnezone
|-activate|p1a: Magnezone|move: Poltergeist|Rocky Helmet
|-damage|p1a: Magnezone|32/100
|move|p1a: Magnezone|Volt Switch|p2a: Decidueye
|-resisted|p2a: Decidueye
|-damage|p2a: Decidueye|77/100
|
|t:|1760337807
|switch|p1a: Glaceon|Glaceon, F, shiny|100/100|[from] Volt Switch
|
|upkeep
|turn|14
|
|t:|1760337816
|move|p1a: Glaceon|Ice Beam|p2a: Decidueye
|-supereffective|p2a: Decidueye
|-crit|p2a: Decidueye
|-damage|p2a: Decidueye|0 fnt
|faint|p2a: Decidueye
|
|upkeep
|
|t:|1760337831
|switch|p2a: Infernape|Infernape, M|100/100
|turn|15
|
|t:|1760337837
|switch|p1a: Rhyperior|Rhyperior, M, shiny|100/100
|move|p2a: Infernape|Close Combat|p1a: Rhyperior
|-supereffective|p1a: Rhyperior
|-damage|p1a: Rhyperior|12/100
|-unboost|p2a: Infernape|def|1
|-unboost|p2a: Infernape|spd|1
|-damage|p2a: Infernape|91/100|[from] item: Life Orb
|
|upkeep
|turn|16
|
|t:|1760337845
|move|p2a: Infernape|Close Combat|p1a: Rhyperior
|-supereffective|p1a: Rhyperior
|-damage|p1a: Rhyperior|0 fnt
|-unboost|p2a: Infernape|def|1
|-unboost|p2a: Infernape|spd|1
|faint|p1a: Rhyperior
|-damage|p2a: Infernape|81/100|[from] item: Life Orb
|
|upkeep
|
|t:|1760337855
|switch|p1a: Glaceon|Glaceon, F, shiny|100/100
|turn|17
|
|t:|1760337858
|-terastallize|p1a: Glaceon|Fighting
|move|p1a: Glaceon|Tera Blast|p2a: Infernape|[anim] Tera Blast Fighting
|-damage|p2a: Infernape|0 fnt
|faint|p2a: Infernape
|
|upkeep
|
|t:|1760337865
|switch|p2a: Greninja|Greninja, M|100/100
|turn|18
|
|t:|1760337867
|move|p2a: Greninja|Extrasensory|p1a: Glaceon
|-supereffective|p1a: Glaceon
|-damage|p1a: Glaceon|9/100
|move|p1a: Glaceon|Tera Blast|p2a: Greninja|[anim] Tera Blast Fighting
|-supereffective|p2a: Greninja
|-damage|p2a: Greninja|0 fnt
|faint|p2a: Greninja
|
|upkeep
|
|t:|1760337875
|switch|p2a: Skeledirge|Skeledirge, F, shiny|100/100
|turn|19
|
|t:|1760337897
|switch|p1a: Gallade|Gallade, M, shiny|88/100
|move|p2a: Skeledirge|Fire Blast|p1a: Gallade
|-damage|p1a: Gallade|60/100
|
|upkeep
|turn|20
|
|t:|1760337905
|-terastallize|p2a: Skeledirge|Fairy
|move|p2a: Skeledirge|Fire Blast|p1a: Gallade
|-damage|p1a: Gallade|33/100
|move|p1a: Gallade|Night Slash|p2a: Skeledirge
|-resisted|p2a: Skeledirge
|-damage|p2a: Skeledirge|83/100
|
|upkeep
|turn|21
|
|t:|1760337913
|move|p2a: Skeledirge|Fire Blast|p1a: Gallade|[miss]
|-miss|p2a: Skeledirge|p1a: Gallade
|move|p1a: Gallade|Psycho Cut|p2a: Skeledirge
|-damage|p2a: Skeledirge|26/100
|
|upkeep
|turn|22
|
|t:|1760337919
|move|p2a: Skeledirge|Fire Blast|p1a: Gallade
|-damage|p1a: Gallade|0 fnt
|faint|p1a: Gallade
|
|upkeep
|
|t:|1760337927
|switch|p1a: Porygon-Z|Porygon-Z, shiny|88/100
|turn|23
|
|t:|1760337930
|move|p2a: Skeledirge|Fire Blast|p1a: Porygon-Z
|-damage|p1a: Porygon-Z|22/100
|move|p1a: Porygon-Z|Uproar|p2a: Skeledirge
|-damage|p2a: Skeledirge|0 fnt
|-start|p1a: Porygon-Z|Uproar
|faint|p2a: Skeledirge
|
|win|itstheboyjay
|raw|itstheboyjay's rating: 1138 &rarr; <strong>1163</strong><br />(+25 for winning)
|raw|Ejdlcvuu's rating: 1141 &rarr; <strong>1116</strong><br />(-25 for losing)
|l|☆itstheboyjay
|player|p1|
|l|☆Ejdlcvuu
|player|p2|
