|j|☆dgp1397
|j|☆benicio douvres
|t:|1760430992
|gametype|singles
|player|p1|dgp1397|101|1164
|player|p2|benicio douvres|pilot|1119
|gen|9
|tier|[Gen 9] OU
|rated|
|rule|HP Percentage Mod: HP is shown in percentages
|rule|Endless Battle Clause: Forcing endless battles is banned
|rule|Species Clause: Limit one of each Pokémon
|rule|OHKO Clause: OHKO moves are banned
|rule|Evasion Items Clause: Evasion items are banned
|rule|Evasion Moves Clause: Evasion moves are banned
|rule|Evasion Abilities Clause: Evasion abilities are banned
|rule|Sleep Moves Clause: Sleep-inducing moves are banned
|clearpoke
|poke|p1|Ambipom, M|
|poke|p1|Slowking-Galar, M|
|poke|p1|Gliscor, F|
|poke|p1|Clefable, F|
|poke|p1|Great Tusk|
|poke|p1|Dragapult, M|
|poke|p2|Garchomp, F|
|poke|p2|Darkrai|
|poke|p2|Gholdengo|
|poke|p2|Ogerpon-Wellspring, F|
|poke|p2|Iron Valiant|
|poke|p2|Iron Treads|
|teampreview
|inactive|Battle timer is ON: inactive players will automatically lose when time's up. (requested by benicio douvres)
|
|t:|1760430999
|teamsize|p1|6
|teamsize|p2|6
|start
|switch|p1a: Ambipom|Ambipom, M|100/100
|switch|p2a: Garchomp|Garchomp, F|100/100
|turn|1
|
|t:|1760431005
|move|p1a: Ambipom|Fake Out|p2a: Garchomp
|-damage|p2a: Garchomp|85/100
|-activate|p2a: Garchomp|ability: Rough Skin
|-activate|p1a: Ambipom|item: Protective Pads
|cant|p2a: Garchomp|flinch
|
|upkeep
|turn|2
|
|t:|1760431018
|switch|p2a: Gholdengo|Gholdengo|100/100
|-item|p2a: Gholdengo|Air Balloon
|move|p1a: Ambipom|U-turn|p2a: Gholdengo
|-resisted|p2a: Gholdengo
|-damage|p2a: Gholdengo|97/100
|-enditem|p2a: Gholdengo|Air Balloon
|
|t:|1760431025
|switch|p1a: Great Tusk|Great Tusk|100/100|[from] U-turn
|
|upkeep
|turn|3
|
|t:|1760431032
|switch|p2a: Garchomp|Garchomp, F|85/100
|move|p1a: Great Tusk|Headlong Rush|p2a: Garchomp
|-damage|p2a: Garchomp|45/100
|-unboost|p1a: Great Tusk|def|1
|-unboost|p1a: Great Tusk|spd|1
|-damage|p1a: Great Tusk|88/100|[from] ability: Rough Skin|[of] p2a: Garchomp
|-damage|p1a: Great Tusk|72/100|[from] item: Rocky Helmet|[of] p2a: Garchomp
|
|upkeep
|turn|4
|
|t:|1760431042
|move|p1a: Great Tusk|Ice Spinner|p2a: Garchomp
|-supereffective|p2a: Garchomp
|-damage|p2a: Garchomp|0 fnt
|-damage|p1a: Great Tusk|59/100|[from] ability: Rough Skin|[of] p2a: Garchomp
|-damage|p1a: Great Tusk|43/100|[from] item: Rocky Helmet|[of] p2a: Garchomp
|faint|p2a: Garchomp
|
|upkeep
|
|t:|1760431055
|switch|p2a: Ogerpon|Ogerpon-Wellspring, F|100/100
|turn|5
|
|t:|1760431060
|-end|p1a: Great Tusk|Protosynthesis|[silent]
|switch|p1a: Clefable|Clefable, F|100/100
|move|p2a: Ogerpon|Trailblaze|p1a: Clefable
|-damage|p1a: Clefable|80/100
|-boost|p2a: Ogerpon|spe|1
|
|upkeep
|turn|6
|
|t:|1760431070
|move|p2a: Ogerpon|Swords Dance|p2a: Ogerpon
|-boost|p2a: Ogerpon|atk|2
|move|p1a: Clefable|Knock Off|p2a: Ogerpon
|-crit|p2a: Ogerpon
|-damage|p2a: Ogerpon|81/100
|
|upkeep
|turn|7
|
|t:|1760431076
|move|p2a: Ogerpon|Ivy Cudgel|p1a: Clefable|[anim] Ivy Cudgel Water
|-damage|p1a: Clefable|3/100
|move|p1a: Clefable|Moonblast|p2a: Ogerpon
|-damage|p2a: Ogerpon|45/100
|
|upkeep
|turn|8
|
|t:|1760431084
|move|p2a: Ogerpon|Synthesis|p2a: Ogerpon
|-heal|p2a: Ogerpon|95/100
|move|p1a: Clefable|Stealth Rock|p2a: Ogerpon
|-sidestart|p2: benicio douvres|move: Stealth Rock
|
|upkeep
|turn|9
|
|t:|1760431091
|move|p2a: Ogerpon|Trailblaze|p1a: Clefable
|-damage|p1a: Clefable|0 fnt
|-boost|p2a: Ogerpon|spe|1
|faint|p1a: Clefable
|
|upkeep
|
|t:|1760431107
|switch|p1a: Gliscor|Gliscor, F|100/100
|turn|10
|
|t:|1760431112
|move|p2a: Ogerpon|Swords Dance|p2a: Ogerpon
|-boost|p2a: Ogerpon|atk|2
|move|p1a: Gliscor|Toxic|p2a: Ogerpon
|-status|p2a: Ogerpon|tox
|
|-damage|p2a: Ogerpon|89/100 tox|[from] psn
|-status|p1a: Gliscor|tox|[from] item: Toxic Orb
|upkeep
|turn|11
|
|t:|1760431123
|move|p2a: Ogerpon|Ivy Cudgel|p1a: Gliscor|[anim] Ivy Cudgel Water
|-supereffective|p1a: Gliscor
|-damage|p1a: Gliscor|0 fnt
|faint|p1a: Gliscor
|
|-damage|p2a: Ogerpon|77/100 tox|[from] psn
|upkeep
|
|t:|1760431131
|switch|p1a: Ambipom|Ambipom, M|100/100
|turn|12
|
|t:|1760431135
|move|p1a: Ambipom|Fake Out|p2a: Ogerpon
|-damage|p2a: Ogerpon|49/100 tox
|cant|p2a: Ogerpon|flinch
|
|-damage|p2a: Ogerpon|31/100 tox|[from] psn
|upkeep
|turn|13
|
|t:|1760431144
|switch|p1a: Slowking|Slowking-Galar, M|100/100
|move|p2a: Ogerpon|Ivy Cudgel|p1a: Slowking|[anim] Ivy Cudgel Water
|-damage|p1a: Slowking|0 fnt
|faint|p1a: Slowking
|
|-damage|p2a: Ogerpon|7/100 tox|[from] psn
|upkeep
|
|t:|1760431154
|switch|p1a: Ambipom|Ambipom, M|100/100
|turn|14
|
|t:|1760431157
|switch|p2a: Iron Treads|Iron Treads|100/100
|-damage|p2a: Iron Treads|97/100|[from] Stealth Rock
|move|p1a: Ambipom|Fake Out|p2a: Iron Treads
|-resisted|p2a: Iron Treads
|-damage|p2a: Iron Treads|85/100
|
|-heal|p2a: Iron Treads|91/100|[from] item: Leftovers
|upkeep
|turn|15
|
|t:|1760431166
|move|p1a: Ambipom|Low Kick|p2a: Iron Treads
|-supereffective|p2a: Iron Treads
|-damage|p2a: Iron Treads|26/100
|move|p2a: Iron Treads|Knock Off|p1a: Ambipom
|-damage|p1a: Ambipom|62/100
|-enditem|p1a: Ambipom|Protective Pads|[from] move: Knock Off|[of] p2a: Iron Treads
|
|-heal|p2a: Iron Treads|33/100|[from] item: Leftovers
|upkeep
|turn|16
|
|t:|1760431176
|-end|p2a: Iron Treads|Quark Drive|[silent]
|switch|p2a: Gholdengo|Gholdengo|97/100
|-damage|p2a: Gholdengo|91/100|[from] Stealth Rock
|move|p1a: Ambipom|Low Kick|p2a: Gholdengo
|-immune|p2a: Gholdengo
|
|upkeep
|turn|17
|
|t:|1760431194
|move|p1a: Ambipom|U-turn|p2a: Gholdengo
|-resisted|p2a: Gholdengo
|-damage|p2a: Gholdengo|88/100
|
|t:|1760431197
|switch|p1a: Dragapult|Dragapult, M|100/100|[from] U-turn
|move|p2a: Gholdengo|Make It Rain|p1a: Dragapult
|-damage|p1a: Dragapult|29/100
|-unboost|p2a: Gholdengo|spa|1
|
|upkeep
|turn|18
|
|t:|1760431206
|move|p1a: Dragapult|Flamethrower|p2a: Gholdengo
|-supereffective|p2a: Gholdengo
|-damage|p2a: Gholdengo|13/100
|-status|p2a: Gholdengo|brn
|move|p2a: Gholdengo|Make It Rain|p1a: Dragapult
|-damage|p1a: Dragapult|0 fnt
|-unboost|p2a: Gholdengo|spa|1
|faint|p1a: Dragapult
|
|-damage|p2a: Gholdengo|7/100 brn|[from] brn
|upkeep
|
|t:|1760431219
|switch|p1a: Ambipom|Ambipom, M|62/100
|turn|19
|
|t:|1760431225
|move|p1a: Ambipom|Knock Off|p2a: Gholdengo
|-supereffective|p2a: Gholdengo
|-damage|p2a: Gholdengo|0 fnt
|faint|p2a: Gholdengo
|
|upkeep
|inactive|benicio douvres has 120 seconds left.
|
|t:|1760431277
|switch|p2a: Darkrai|Darkrai|100/100
|turn|20
|
|t:|1760431286
|move|p2a: Darkrai|Dark Pulse|p1a: Ambipom
|-damage|p1a: Ambipom|0 fnt
|faint|p1a: Ambipom
|
|upkeep
|
|t:|1760431291
|switch|p1a: Great Tusk|Great Tusk|43/100
|turn|21
|
|t:|1760431295
|move|p2a: Darkrai|Ice Beam|p1a: Great Tusk
|-supereffective|p1a: Great Tusk
|-damage|p1a: Great Tusk|0 fnt
|faint|p1a: Great Tusk
|-end|p1a: Great Tusk|Protosynthesis|[silent]
|
|win|benicio douvres
|raw|dgp1397's rating: 1164 &rarr; <strong>1136</strong><br />(-28 for losing)
|raw|benicio douvres's rating: 1119 &rarr; <strong>1147</strong><br />(+28 for winning)
|l|☆dgp1397
|player|p1|
|l|☆benicio douvres
|player|p2|
