|j|☆bald wooper
|j|☆Quiero mucho a Mar
|t:|1760429277
|gametype|singles
|player|p1|bald wooper|265|1729
|player|p2|Quiero mucho a Mar|firebreather-gen2|1683
|gen|9
|tier|[Gen 9] OU
|rated|
|rule|HP Percentage Mod: HP is shown in percentages
|rule|Endless Battle Clause: Forcing endless battles is banned
|rule|Species Clause: Limit one of each Pokémon
|rule|OHKO Clause: OHKO moves are banned
|rule|Evasion Items Clause: Evasion items are banned
|rule|Evasion Moves Clause: Evasion moves are banned
|rule|Evasion Abilities Clause: Evasion abilities are banned
|rule|Sleep Moves Clause: Sleep-inducing moves are banned
|clearpoke
|poke|p1|Landorus-Therian, M|
|poke|p1|Kingambit, M|
|poke|p1|Slowking-Galar, F|
|poke|p1|Iron Treads|
|poke|p1|Volcanion|
|poke|p1|Darkrai|
|poke|p2|Yanmega, M|
|poke|p2|Great Tusk|
|poke|p2|Kyurem|
|poke|p2|Ogerpon-Wellspring, F|
|poke|p2|Ting-Lu|
|poke|p2|Hatterene, F|
|teampreview
|j| hoverhawk
|
|t:|1760429304
|teamsize|p1|6
|teamsize|p2|6
|start
|switch|p1a: Volcanion|Volcanion|100/100
|switch|p2a: Ogerpon|Ogerpon-Wellspring, F|100/100
|turn|1
|
|t:|1760429316
|move|p2a: Ogerpon|U-turn|p1a: Volcanion
|-resisted|p1a: Volcanion
|-damage|p1a: Volcanion|87/100
|
|t:|1760429318
|switch|p2a: Hatterene|Hatterene, F|100/100|[from] U-turn
|move|p1a: Volcanion|Will-O-Wisp|p2a: Hatterene
|move|p2a: Hatterene|Will-O-Wisp|p1a: Volcanion|[from] ability: Magic Bounce
|-immune|p1a: Volcanion
|
|upkeep
|turn|2
|
|t:|1760429321
|move|p1a: Volcanion|Steam Eruption|p2a: Hatterene
|-damage|p2a: Hatterene|65/100
|move|p2a: Hatterene|Nuzzle|p1a: Volcanion
|-supereffective|p1a: Volcanion
|-damage|p1a: Volcanion|81/100
|-status|p1a: Volcanion|par
|
|upkeep
|turn|3
|
|t:|1760429329
|move|p2a: Hatterene|Nuzzle|p1a: Volcanion
|-supereffective|p1a: Volcanion
|-damage|p1a: Volcanion|75/100 par
|cant|p1a: Volcanion|par
|
|upkeep
|turn|4
|
|t:|1760429334
|move|p2a: Hatterene|Psychic Noise|p1a: Volcanion
|-damage|p1a: Volcanion|48/100 par
|-start|p1a: Volcanion|move: Heal Block
|move|p1a: Volcanion|Steam Eruption|p2a: Hatterene
|-damage|p2a: Hatterene|34/100
|
|upkeep
|turn|5
|
|t:|1760429337
|switch|p2a: Ogerpon|Ogerpon-Wellspring, F|100/100
|move|p1a: Volcanion|Steam Eruption|p2a: Ogerpon
|-immune|p2a: Ogerpon|[from] ability: Water Absorb
|
|-end|p1a: Volcanion|move: Heal Block
|upkeep
|turn|6
|
|t:|1760429341
|move|p2a: Ogerpon|Power Whip|p1a: Volcanion
|-damage|p1a: Volcanion|0 fnt
|faint|p1a: Volcanion
|
|upkeep
|
|t:|1760429350
|switch|p1a: Slowking|Slowking-Galar, F|100/100
|turn|7
|
|t:|1760429354
|move|p2a: Ogerpon|U-turn|p1a: Slowking
|-damage|p1a: Slowking|79/100
|
|t:|1760429355
|switch|p2a: Ting-Lu|Ting-Lu|100/100|[from] U-turn
|-ability|p2a: Ting-Lu|Vessel of Ruin
|move|p1a: Slowking|Sludge Bomb|p2a: Ting-Lu
|-resisted|p2a: Ting-Lu
|-damage|p2a: Ting-Lu|93/100
|-status|p2a: Ting-Lu|psn
|
|-damage|p2a: Ting-Lu|81/100 psn|[from] psn
|upkeep
|turn|8
|
|t:|1760429358
|switch|p1a: Landorus|Landorus-Therian, M|100/100
|-ability|p1a: Landorus|Intimidate|boost
|-unboost|p2a: Ting-Lu|atk|1
|move|p2a: Ting-Lu|Spikes|p1a: Landorus
|-sidestart|p1: bald wooper|Spikes
|
|-damage|p2a: Ting-Lu|68/100 psn|[from] psn
|upkeep
|turn|9
|
|t:|1760429362
|switch|p2a: Hatterene|Hatterene, F|34/100
|move|p1a: Landorus|Stealth Rock|p2a: Hatterene
|move|p2a: Hatterene|Stealth Rock|p1a: Landorus|[from] ability: Magic Bounce
|-sidestart|p1: bald wooper|move: Stealth Rock
|
|upkeep
|turn|10
|
|t:|1760429366
|switch|p2a: Kyurem|Kyurem|100/100
|-ability|p2a: Kyurem|Pressure
|move|p1a: Landorus|Earth Power|p2a: Kyurem
|-damage|p2a: Kyurem|68/100
|
|upkeep
|turn|11
|
|t:|1760429369
|switch|p1a: Slowking|Slowking-Galar, F|100/100
|move|p2a: Kyurem|Freeze-Dry|p1a: Slowking
|-damage|p1a: Slowking|69/100
|
|upkeep
|turn|12
|
|t:|1760429372
|move|p2a: Kyurem|Icicle Spear|p1a: Slowking
|-damage|p1a: Slowking|59/100
|-damage|p1a: Slowking|49/100
|-damage|p1a: Slowking|39/100
|-damage|p1a: Slowking|27/100
|-hitcount|p1a: Slowking|4
|-prepare|p1a: Slowking|Chilly Reception|[premajor]
|move|p1a: Slowking|Chilly Reception|p1a: Slowking
|-weather|Snowscape
|
|t:|1760429374
|switch|p1a: Iron Treads|Iron Treads|100/100|[from] Chilly Reception
|-damage|p1a: Iron Treads|88/100|[from] Spikes
|-damage|p1a: Iron Treads|85/100|[from] Stealth Rock
|
|-weather|Snowscape|[upkeep]
|upkeep
|turn|13
|
|t:|1760429379
|move|p1a: Iron Treads|Rapid Spin|p2a: Kyurem
|-damage|p2a: Kyurem|57/100
|-boost|p1a: Iron Treads|spe|1
|-sideend|p1: bald wooper|Spikes|[from] move: Rapid Spin|[of] p1a: Iron Treads
|-sideend|p1: bald wooper|Stealth Rock|[from] move: Rapid Spin|[of] p1a: Iron Treads
|move|p2a: Kyurem|Dragon Dance|p2a: Kyurem
|-boost|p2a: Kyurem|atk|1
|-boost|p2a: Kyurem|spe|1
|
|-weather|Snowscape|[upkeep]
|upkeep
|turn|14
|
|t:|1760429383
|move|p1a: Iron Treads|Earthquake|p2a: Kyurem
|-damage|p2a: Kyurem|26/100
|move|p2a: Kyurem|Dragon Dance|p2a: Kyurem
|-boost|p2a: Kyurem|atk|1
|-boost|p2a: Kyurem|spe|1
|
|-weather|Snowscape|[upkeep]
|upkeep
|turn|15
|
|t:|1760429390
|move|p2a: Kyurem|Icicle Spear|p1a: Iron Treads
|-damage|p1a: Iron Treads|58/100
|-damage|p1a: Iron Treads|31/100
|-damage|p1a: Iron Treads|4/100
|-hitcount|p1a: Iron Treads|3
|move|p1a: Iron Treads|Earthquake|p2a: Kyurem
|-damage|p2a: Kyurem|0 fnt
|faint|p2a: Kyurem
|
|-weather|Snowscape|[upkeep]
|upkeep
|
|t:|1760429397
|switch|p2a: Great Tusk|Great Tusk|100/100
|turn|16
|
|t:|1760429400
|move|p1a: Iron Treads|Ice Spinner|p2a: Great Tusk
|-supereffective|p2a: Great Tusk
|-damage|p2a: Great Tusk|67/100
|-damage|p1a: Iron Treads|0 fnt|[from] item: Rocky Helmet|[of] p2a: Great Tusk
|faint|p1a: Iron Treads
|-end|p1a: Iron Treads|Quark Drive|[silent]
|move|p2a: Great Tusk|Rapid Spin|p1: Iron Treads|[notarget]
|-fail|p2a: Great Tusk
|
|-weather|none
|upkeep
|
|t:|1760429405
|switch|p1a: Darkrai|Darkrai|100/100
|turn|17
|
|t:|1760429408
|-end|p2a: Great Tusk|Protosynthesis|[silent]
|switch|p2a: Ting-Lu|Ting-Lu|68/100 psn
|-ability|p2a: Ting-Lu|Vessel of Ruin
|move|p1a: Darkrai|Ice Beam|p2a: Ting-Lu
|-supereffective|p2a: Ting-Lu
|-damage|p2a: Ting-Lu|45/100 psn
|
|-damage|p2a: Ting-Lu|33/100 psn|[from] psn
|upkeep
|turn|18
|
|t:|1760429412
|move|p1a: Darkrai|Nasty Plot|p1a: Darkrai
|-boost|p1a: Darkrai|spa|2
|move|p2a: Ting-Lu|Earthquake|p1a: Darkrai
|-damage|p1a: Darkrai|62/100
|-enditem|p1a: Darkrai|Red Card|[of] p2a: Ting-Lu
|drag|p2a: Ogerpon|Ogerpon-Wellspring, F|100/100
|
|upkeep
|turn|19
|
|t:|1760429419
|switch|p2a: Ting-Lu|Ting-Lu|33/100 psn
|-ability|p2a: Ting-Lu|Vessel of Ruin
|move|p1a: Darkrai|Sludge Bomb|p2a: Ting-Lu
|-resisted|p2a: Ting-Lu
|-damage|p2a: Ting-Lu|22/100 psn
|
|-damage|p2a: Ting-Lu|10/100 psn|[from] psn
|upkeep
|turn|20
|
|t:|1760429422
|move|p1a: Darkrai|Dark Pulse|p2a: Ting-Lu
|-resisted|p2a: Ting-Lu
|-damage|p2a: Ting-Lu|0 fnt
|faint|p2a: Ting-Lu
|
|upkeep
|
|t:|1760429424
|switch|p2a: Yanmega|Yanmega, M|100/100
|turn|21
|inactive|Battle timer is ON: inactive players will automatically lose when time's up. (requested by bald wooper)
|
|t:|1760429428
|-terastallize|p1a: Darkrai|Poison
|move|p2a: Yanmega|Protect|p2a: Yanmega
|-singleturn|p2a: Yanmega|Protect
|move|p1a: Darkrai|Ice Beam|p2a: Yanmega
|-activate|p2a: Yanmega|move: Protect
|
|-ability|p2a: Yanmega|Speed Boost|boost
|-boost|p2a: Yanmega|spe|1
|upkeep
|turn|22
|
|t:|1760429432
|-terastallize|p2a: Yanmega|Ground
|move|p2a: Yanmega|Tera Blast|p1a: Darkrai|[anim] Tera Blast Ground
|-supereffective|p1a: Darkrai
|-damage|p1a: Darkrai|0 fnt
|faint|p1a: Darkrai
|
|-ability|p2a: Yanmega|Speed Boost|boost
|-boost|p2a: Yanmega|spe|1
|upkeep
|
|t:|1760429439
|switch|p1a: Landorus|Landorus-Therian, M|100/100
|-ability|p1a: Landorus|Intimidate|boost
|-unboost|p2a: Yanmega|atk|1
|turn|23
|
|t:|1760429447
|move|p2a: Yanmega|Air Slash|p1a: Landorus
|-damage|p1a: Landorus|63/100
|move|p1a: Landorus|U-turn|p2a: Yanmega
|-damage|p2a: Yanmega|76/100
|
|t:|1760429450
|switch|p1a: Kingambit|Kingambit, M|100/100|[from] U-turn
|-activate|p1a: Kingambit|ability: Supreme Overlord
|-start|p1a: Kingambit|fallen3|[silent]
|
|-ability|p2a: Yanmega|Speed Boost|boost
|-boost|p2a: Yanmega|spe|1
|upkeep
|turn|24
|
|t:|1760429455
|move|p2a: Yanmega|Tera Blast|p1a: Kingambit|[anim] Tera Blast Ground
|-supereffective|p1a: Kingambit
|-damage|p1a: Kingambit|10/100
|move|p1a: Kingambit|Kowtow Cleave|p2a: Yanmega
|-damage|p2a: Yanmega|0 fnt
|faint|p2a: Yanmega
|
|upkeep
|
|t:|1760429458
|switch|p2a: Ogerpon|Ogerpon-Wellspring, F|100/100
|turn|25
|
|t:|1760429461
|move|p1a: Kingambit|Sucker Punch|p2a: Ogerpon
|-damage|p2a: Ogerpon|38/100
|move|p2a: Ogerpon|Ivy Cudgel|p1a: Kingambit|[anim] Ivy Cudgel Water
|-crit|p1a: Kingambit
|-damage|p1a: Kingambit|0 fnt
|faint|p1a: Kingambit
|-end|p1a: Kingambit|fallen3|[silent]
|
|upkeep
|
|t:|1760429465
|switch|p1a: Slowking|Slowking-Galar, F|60/100
|turn|26
|
|t:|1760429468
|move|p2a: Ogerpon|U-turn|p1a: Slowking
|-damage|p1a: Slowking|39/100
|
|t:|1760429470
|switch|p2a: Hatterene|Hatterene, F|34/100|[from] U-turn
|move|p1a: Slowking|Sludge Bomb|p2a: Hatterene
|-supereffective|p2a: Hatterene
|-damage|p2a: Hatterene|0 fnt
|faint|p2a: Hatterene
|
|upkeep
|
|t:|1760429471
|switch|p2a: Ogerpon|Ogerpon-Wellspring, F|38/100
|turn|27
|
|t:|1760429476
|move|p2a: Ogerpon|Ivy Cudgel|p1a: Slowking|[anim] Ivy Cudgel Water
|-damage|p1a: Slowking|0 fnt
|faint|p1a: Slowking
|
|upkeep
|-message|bald wooper forfeited.
|
|win|Quiero mucho a Mar
|raw|bald wooper's rating: 1729 &rarr; <strong>1708</strong><br />(-21 for losing)
|raw|Quiero mucho a Mar's rating: 1710 &rarr; <strong>1731</strong><br />(+21 for winning)
|l|☆bald wooper
|player|p1|
|l|☆Quiero mucho a Mar
|player|p2|
|l| hoverhawk
