|j|☆anglais b
|j|☆Old bean boi
|t:|1760431491
|gametype|singles
|player|p1|anglais b|101|1205
|player|p2|Old bean boi|101|1224
|gen|9
|tier|[Gen 9] OU
|rated|
|rule|HP Percentage Mod: HP is shown in percentages
|rule|Endless Battle Clause: Forcing endless battles is banned
|rule|Species Clause: Limit one of each Pokémon
|rule|OHKO Clause: OHKO moves are banned
|rule|Evasion Items Clause: Evasion items are banned
|rule|Evasion Moves Clause: Evasion moves are banned
|rule|Evasion Abilities Clause: Evasion abilities are banned
|rule|Sleep Moves Clause: Sleep-inducing moves are banned
|clearpoke
|poke|p1|Great Tusk|
|poke|p1|Moltres|
|poke|p1|Slowking-Galar, F|
|poke|p1|Dragapult, F|
|poke|p1|Rillaboom, M|
|poke|p1|Keldeo|
|poke|p2|Great Tusk|
|poke|p2|Wo-Chien|
|poke|p2|Volcanion|
|poke|p2|Overqwil, F|
|poke|p2|Garganacl, F|
|poke|p2|Dragapult, F|
|teampreview
|
|t:|1760431502
|teamsize|p1|6
|teamsize|p2|6
|start
|switch|p1a: Great Tusk|Great Tusk|100/100
|switch|p2a: Overqwil|Overqwil, F|100/100
|-ability|p2a: Overqwil|Intimidate|boost
|-unboost|p1a: Great Tusk|atk|1
|-item|p2a: Overqwil|Air Balloon
|turn|1
|
|t:|1760431508
|move|p1a: Great Tusk|Rapid Spin|p2a: Overqwil
|-damage|p2a: Overqwil|91/100
|-boost|p1a: Great Tusk|spe|1
|-enditem|p2a: Overqwil|Air Balloon
|move|p2a: Overqwil|Toxic Spikes|p1a: Great Tusk
|-sidestart|p1: anglais b|move: Toxic Spikes
|
|upkeep
|turn|2
|
|t:|1760431518
|-terastallize|p2a: Overqwil|Water
|move|p1a: Great Tusk|Rapid Spin|p2a: Overqwil
|-damage|p2a: Overqwil|81/100
|-boost|p1a: Great Tusk|spe|1
|-sideend|p1: anglais b|Toxic Spikes|[from] move: Rapid Spin|[of] p1a: Great Tusk
|move|p2a: Overqwil|Liquidation|p1a: Great Tusk
|-supereffective|p1a: Great Tusk
|-damage|p1a: Great Tusk|43/100
|
|upkeep
|turn|3
|
|t:|1760431525
|move|p1a: Great Tusk|Stealth Rock|p2a: Overqwil
|-sidestart|p2: Old bean boi|move: Stealth Rock
|move|p2a: Overqwil|Liquidation|p1a: Great Tusk
|-supereffective|p1a: Great Tusk
|-damage|p1a: Great Tusk|0 fnt
|faint|p1a: Great Tusk
|-end|p1a: Great Tusk|Protosynthesis|[silent]
|
|upkeep
|
|t:|1760431529
|switch|p1a: Rillaboom|Rillaboom, M|100/100
|-fieldstart|move: Grassy Terrain|[from] ability: Grassy Surge|[of] p1a: Rillaboom
|turn|4
|
|t:|1760431541
|switch|p2a: Wo-Chien|Wo-Chien|100/100
|-damage|p2a: Wo-Chien|88/100|[from] Stealth Rock
|-ability|p2a: Wo-Chien|Tablets of Ruin
|move|p1a: Rillaboom|Grassy Glide|p2a: Wo-Chien
|-resisted|p2a: Wo-Chien
|-damage|p2a: Wo-Chien|69/100
|
|-heal|p2a: Wo-Chien|75/100|[from] Grassy Terrain
|-heal|p2a: Wo-Chien|81/100|[from] item: Leftovers
|upkeep
|turn|5
|
|t:|1760431544
|switch|p1a: Moltres|Moltres|100/100
|move|p2a: Wo-Chien|Ruination|p1a: Moltres
|-damage|p1a: Moltres|51/100
|
|-heal|p2a: Wo-Chien|87/100|[from] Grassy Terrain
|-heal|p2a: Wo-Chien|94/100|[from] item: Leftovers
|upkeep
|turn|6
|
|t:|1760431549
|move|p2a: Wo-Chien|Protect|p2a: Wo-Chien
|-singleturn|p2a: Wo-Chien|Protect
|move|p1a: Moltres|U-turn|p2a: Wo-Chien
|-activate|p2a: Wo-Chien|move: Protect
|
|-heal|p2a: Wo-Chien|99/100|[from] Grassy Terrain
|-heal|p2a: Wo-Chien|100/100|[from] item: Leftovers
|upkeep
|turn|7
|
|t:|1760431556
|switch|p2a: Great Tusk|Great Tusk|100/100
|-damage|p2a: Great Tusk|98/100|[from] Stealth Rock
|-enditem|p2a: Great Tusk|Booster Energy
|-activate|p2a: Great Tusk|ability: Protosynthesis|[fromitem]
|-start|p2a: Great Tusk|protosynthesisatk
|move|p1a: Moltres|U-turn|p2a: Great Tusk
|-resisted|p2a: Great Tusk
|-damage|p2a: Great Tusk|92/100
|
|t:|1760431559
|switch|p1a: Rillaboom|Rillaboom, M|100/100|[from] U-turn
|
|-heal|p2a: Great Tusk|99/100|[from] Grassy Terrain
|upkeep
|turn|8
|
|t:|1760431565
|move|p2a: Great Tusk|Rapid Spin|p1a: Rillaboom
|-damage|p1a: Rillaboom|75/100
|-boost|p2a: Great Tusk|spe|1
|-sideend|p2: Old bean boi|Stealth Rock|[from] move: Rapid Spin|[of] p2a: Great Tusk
|move|p1a: Rillaboom|U-turn|p2a: Great Tusk
|-resisted|p2a: Great Tusk
|-damage|p2a: Great Tusk|84/100
|
|t:|1760431570
|switch|p1a: Dragapult|Dragapult, F|100/100|[from] U-turn
|
|-heal|p2a: Great Tusk|90/100|[from] Grassy Terrain
|-fieldend|move: Grassy Terrain
|upkeep
|turn|9
|
|t:|1760431576
|switch|p1a: Moltres|Moltres|51/100
|move|p2a: Great Tusk|Knock Off|p1a: Moltres
|-damage|p1a: Moltres|21/100
|-enditem|p1a: Moltres|Heavy-Duty Boots|[from] move: Knock Off|[of] p2a: Great Tusk
|
|upkeep
|turn|10
|
|t:|1760431592
|move|p2a: Great Tusk|Stealth Rock|p1a: Moltres
|-sidestart|p1: anglais b|move: Stealth Rock
|move|p1a: Moltres|Roost|p1a: Moltres
|-heal|p1a: Moltres|71/100
|-singleturn|p1a: Moltres|move: Roost
|
|upkeep
|turn|11
|
|t:|1760431612
|-end|p2a: Great Tusk|Protosynthesis|[silent]
|switch|p2a: Overqwil|Overqwil, F, tera:Water|81/100
|-ability|p2a: Overqwil|Intimidate|boost
|-unboost|p1a: Moltres|atk|1
|move|p1a: Moltres|Flamethrower|p2a: Overqwil
|-resisted|p2a: Overqwil
|-damage|p2a: Overqwil|58/100
|
|upkeep
|turn|12
|
|t:|1760431615
|move|p1a: Moltres|U-turn|p2a: Overqwil
|-damage|p2a: Overqwil|48/100
|
|t:|1760431618
|switch|p1a: Rillaboom|Rillaboom, M|75/100|[from] U-turn
|-damage|p1a: Rillaboom|62/100|[from] Stealth Rock
|-fieldstart|move: Grassy Terrain|[from] ability: Grassy Surge|[of] p1a: Rillaboom
|move|p2a: Overqwil|Toxic Spikes|p1a: Rillaboom
|-sidestart|p1: anglais b|move: Toxic Spikes
|
|-heal|p1a: Rillaboom|69/100|[from] Grassy Terrain
|-heal|p2a: Overqwil|55/100|[from] Grassy Terrain
|upkeep
|turn|13
|
|t:|1760431626
|move|p1a: Rillaboom|U-turn|p2a: Overqwil
|-damage|p2a: Overqwil|20/100
|
|t:|1760431630
|switch|p1a: Moltres|Moltres|71/100|[from] U-turn
|-damage|p1a: Moltres|21/100|[from] Stealth Rock
|move|p2a: Overqwil|Barb Barrage|p1a: Moltres
|-damage|p1a: Moltres|0 fnt
|faint|p1a: Moltres
|
|-heal|p2a: Overqwil|26/100|[from] Grassy Terrain
|upkeep
|
|t:|1760431635
|switch|p1a: Keldeo|Keldeo|100/100
|turn|14
|
|t:|1760431641
|switch|p2a: Wo-Chien|Wo-Chien|100/100
|-ability|p2a: Wo-Chien|Tablets of Ruin
|move|p1a: Keldeo|Aura Sphere|p2a: Wo-Chien
|-supereffective|p2a: Wo-Chien
|-damage|p2a: Wo-Chien|57/100
|
|-heal|p2a: Wo-Chien|63/100|[from] Grassy Terrain
|-heal|p2a: Wo-Chien|69/100|[from] item: Leftovers
|upkeep
|turn|15
|
|t:|1760431644
|move|p2a: Wo-Chien|Protect|p2a: Wo-Chien
|-singleturn|p2a: Wo-Chien|Protect
|move|p1a: Keldeo|Aura Sphere|p2a: Wo-Chien
|-activate|p2a: Wo-Chien|move: Protect
|
|-heal|p2a: Wo-Chien|76/100|[from] Grassy Terrain
|-heal|p2a: Wo-Chien|82/100|[from] item: Leftovers
|upkeep
|turn|16
|
|t:|1760431647
|move|p1a: Keldeo|Aura Sphere|p2a: Wo-Chien
|-supereffective|p2a: Wo-Chien
|-damage|p2a: Wo-Chien|41/100
|move|p2a: Wo-Chien|Leech Seed|p1a: Keldeo
|-start|p1a: Keldeo|move: Leech Seed
|
|-heal|p2a: Wo-Chien|47/100|[from] Grassy Terrain
|-heal|p2a: Wo-Chien|53/100|[from] item: Leftovers
|-damage|p1a: Keldeo|88/100|[from] Leech Seed|[of] p2a: Wo-Chien
|-heal|p2a: Wo-Chien|64/100|[silent]
|-fieldend|move: Grassy Terrain
|upkeep
|turn|17
|
|t:|1760431656
|switch|p1a: Rillaboom|Rillaboom, M|69/100
|-damage|p1a: Rillaboom|56/100|[from] Stealth Rock
|-status|p1a: Rillaboom|psn
|-fieldstart|move: Grassy Terrain|[from] ability: Grassy Surge|[of] p1a: Rillaboom
|move|p2a: Wo-Chien|Protect||[still]
|-fail|p2a: Wo-Chien
|
|-heal|p1a: Rillaboom|62/100 psn|[from] Grassy Terrain
|-heal|p2a: Wo-Chien|70/100|[from] Grassy Terrain
|-heal|p2a: Wo-Chien|76/100|[from] item: Leftovers
|-damage|p1a: Rillaboom|50/100 psn|[from] psn
|upkeep
|turn|18
|
|t:|1760431673
|switch|p2a: Overqwil|Overqwil, F, tera:Water|26/100
|-ability|p2a: Overqwil|Intimidate|boost
|-unboost|p1a: Rillaboom|atk|1
|move|p1a: Rillaboom|U-turn|p2a: Overqwil
|-damage|p2a: Overqwil|1/100
|
|t:|1760431676
|switch|p1a: Keldeo|Keldeo|88/100|[from] U-turn
|
|-heal|p1a: Keldeo|94/100|[from] Grassy Terrain
|-heal|p2a: Overqwil|7/100|[from] Grassy Terrain
|upkeep
|turn|19
|
|t:|1760431678
|move|p1a: Keldeo|Aura Sphere|p2a: Overqwil
|-damage|p2a: Overqwil|0 fnt
|faint|p2a: Overqwil
|
|-heal|p1a: Keldeo|100/100|[from] Grassy Terrain
|upkeep
|
|t:|1760431690
|switch|p2a: Dragapult|Dragapult, F, shiny|100/100
|turn|20
|-message|anglais b forfeited.
|
|win|Old bean boi
|raw|anglais b's rating: 1205 &rarr; <strong>1181</strong><br />(-24 for losing)
|raw|Old bean boi's rating: 1224 &rarr; <strong>1248</strong><br />(+24 for winning)
|l|☆anglais b
|player|p1|
|l|☆Old bean boi
|player|p2|
