|j|☆carlthebirder
|j|☆hamoodhabibihamood
|t:|1760430821
|gametype|singles
|player|p1|carlthebirder|swimmer-gen4dp|1112
|player|p2|hamoodhabibihamood|rocketgrunt|1133
|gen|9
|tier|[Gen 9] OU
|rated|
|rule|HP Percentage Mod: HP is shown in percentages
|rule|Endless Battle Clause: Forcing endless battles is banned
|rule|Species Clause: Limit one of each Pokémon
|rule|OHKO Clause: OHKO moves are banned
|rule|Evasion Items Clause: Evasion items are banned
|rule|Evasion Moves Clause: Evasion moves are banned
|rule|Evasion Abilities Clause: Evasion abilities are banned
|rule|Sleep Moves Clause: Sleep-inducing moves are banned
|clearpoke
|poke|p1|Araquanid, F|
|poke|p1|Zoroark-Hisui, M|
|poke|p1|Electivire, F|
|poke|p1|Excadrill, M|
|poke|p1|Lokix, M|
|poke|p1|Slowking, F|
|poke|p2|Quaquaval, M|
|poke|p2|Pelipper, M|
|poke|p2|Ogerpon-Wellspring, F|
|poke|p2|Walking Wake|
|poke|p2|Corviknight, M|
|poke|p2|Barraskewda, F|
|teampreview
|inactive|Battle timer is ON: inactive players will automatically lose when time's up. (requested by hamoodhabibihamood)
|
|t:|1760430830
|teamsize|p1|6
|teamsize|p2|6
|start
|switch|p1a: Araquanid|Araquanid, F|100/100
|switch|p2a: Pelipper|Pelipper, M|100/100
|-weather|RainDance|[from] ability: Drizzle|[of] p2a: Pelipper
|turn|1
|
|t:|1760430838
|switch|p1a: Slowking|Slowking, F|100/100
|move|p2a: Pelipper|Hurricane|p1a: Slowking
|-damage|p1a: Slowking|70/100
|-start|p1a: Slowking|confusion
|
|-weather|RainDance|[upkeep]
|-heal|p1a: Slowking|76/100|[from] item: Leftovers
|upkeep
|turn|2
|
|t:|1760430844
|move|p2a: Pelipper|U-turn|p1a: Slowking
|-supereffective|p1a: Slowking
|-damage|p1a: Slowking|62/100
|
|t:|1760430856
|switch|p2a: Walking Wake|Walking Wake|100/100|[from] U-turn
|-activate|p1a: Slowking|confusion
|-damage|p1a: Slowking|58/100|[from] confusion
|
|-weather|RainDance|[upkeep]
|-heal|p1a: Slowking|64/100|[from] item: Leftovers
|upkeep
|turn|3
|inactive|carlthebirder has 120 seconds left.
|
|t:|1760430892
|move|p2a: Walking Wake|Draco Meteor|p1a: Slowking
|-damage|p1a: Slowking|0 fnt
|-unboost|p2a: Walking Wake|spa|2
|faint|p1a: Slowking
|
|-weather|RainDance|[upkeep]
|upkeep
|
|t:|1760430898
|switch|p1a: Araquanid|Araquanid, F|100/100
|turn|4
|
|t:|1760430909
|-end|p2a: Walking Wake|Protosynthesis|[silent]
|switch|p2a: Corviknight|Corviknight, M|100/100
|-ability|p2a: Corviknight|Pressure
|move|p1a: Araquanid|Sticky Web|p2a: Corviknight
|-sidestart|p2: hamoodhabibihamood|move: Sticky Web
|
|-weather|RainDance|[upkeep]
|upkeep
|turn|5
|
|t:|1760430917
|switch|p1a: Lokix|Lokix, M|100/100
|move|p2a: Corviknight|Defog|p1a: Lokix
|-unboost|p1a: Lokix|evasion|1
|-sideend|p2: hamoodhabibihamood|Sticky Web|[from] move: Defog|[of] p2a: Corviknight
|
|-weather|RainDance|[upkeep]
|upkeep
|turn|6
|
|t:|1760430923
|move|p1a: Lokix|Flamethrower|p2a: Corviknight
|-supereffective|p2a: Corviknight
|-damage|p2a: Corviknight|56/100
|move|p2a: Corviknight|U-turn|p1a: Lokix
|-resisted|p1a: Lokix
|-damage|p1a: Lokix|87/100
|replace|p1a: Zoroark|Zoroark-Hisui, M
|-end|p1a: Zoroark|Illusion
|
|t:|1760430929
|switch|p2a: Quaquaval|Quaquaval, M|100/100|[from] U-turn
|
|-weather|RainDance|[upkeep]
|upkeep
|turn|7
|
|t:|1760430934
|switch|p1a: Araquanid|Araquanid, F|100/100
|-terastallize|p2a: Quaquaval|Water
|move|p2a: Quaquaval|Aqua Step|p1a: Araquanid
|-resisted|p1a: Araquanid
|-damage|p1a: Araquanid|35/100
|-boost|p2a: Quaquaval|spe|1
|
|-weather|RainDance|[upkeep]
|-heal|p1a: Araquanid|42/100|[from] item: Leftovers
|upkeep
|turn|8
|-message|carlthebirder forfeited.
|
|win|hamoodhabibihamood
|raw|carlthebirder's rating: 1112 &rarr; <strong>1089</strong><br />(-23 for losing)
|raw|hamoodhabibihamood's rating: 1133 &rarr; <strong>1156</strong><br />(+23 for winning)
|l|☆carlthebirder
|player|p1|
|l|☆hamoodhabibihamood
|player|p2|
