|j|‽Marchingegno
|j|☆SillyScallop
|t:|1760392592
|gametype|singles
|player|p1|Marchingegno|2|1564
|player|p2|SillyScallop|maid|1578
|gen|9
|tier|[Gen 9] OU
|rated|
|rule|HP Percentage Mod: HP is shown in percentages
|rule|Endless Battle Clause: Forcing endless battles is banned
|rule|Species Clause: Limit one of each Pokémon
|rule|OHKO Clause: OHKO moves are banned
|rule|Evasion Items Clause: Evasion items are banned
|rule|Evasion Moves Clause: Evasion moves are banned
|rule|Evasion Abilities Clause: Evasion abilities are banned
|rule|Sleep Moves Clause: Sleep-inducing moves are banned
|clearpoke
|poke|p1|Scizor, M|
|poke|p1|Dragapult, M|
|poke|p1|Gliscor, M|
|poke|p1|Samurott-Hisui, M|
|poke|p1|Hatterene, F|
|poke|p1|Glimmora, M|
|poke|p2|Hydreigon, F|
|poke|p2|Jirachi|
|poke|p2|Alomomola, F|
|poke|p2|Cinderace, M|
|poke|p2|Great Tusk|
|poke|p2|Rillaboom, M|
|teampreview
|inactive|Battle timer is ON: inactive players will automatically lose when time's up. (requested by SillyScallop)
|
|t:|1760392602
|teamsize|p1|6
|teamsize|p2|6
|start
|switch|p1a: Hatterene|Hatterene, F|100/100
|switch|p2a: Hydreigon|Hydreigon, F, shiny|100/100
|turn|1
|
|t:|1760392605
|move|p2a: Hydreigon|Flash Cannon|p1a: Hatterene
|-supereffective|p1a: Hatterene
|-damage|p1a: Hatterene|13/100
|move|p1a: Hatterene|Nuzzle|p2a: Hydreigon
|-resisted|p2a: Hydreigon
|-damage|p2a: Hydreigon|98/100
|-status|p2a: Hydreigon|par
|
|-heal|p1a: Hatterene|19/100|[from] item: Leftovers
|upkeep
|turn|2
|
|t:|1760392613
|switch|p1a: Scizor|Scizor, M|100/100
|cant|p2a: Hydreigon|par
|
|upkeep
|turn|3
|
|t:|1760392619
|switch|p2a: Great Tusk|Great Tusk|100/100
|move|p1a: Scizor|U-turn|p2a: Great Tusk
|-resisted|p2a: Great Tusk
|-damage|p2a: Great Tusk|82/100
|
|t:|1760392625
|switch|p1a: Glimmora|Glimmora, M|100/100|[from] U-turn
|
|-heal|p2a: Great Tusk|88/100|[from] item: Leftovers
|upkeep
|turn|4
|
|t:|1760392635
|move|p2a: Great Tusk|Headlong Rush|p1a: Glimmora
|-supereffective|p1a: Glimmora
|-enditem|p1a: Glimmora|Focus Sash
|-damage|p1a: Glimmora|1/100
|-unboost|p2a: Great Tusk|def|1
|-unboost|p2a: Great Tusk|spd|1
|-activate|p1a: Glimmora|ability: Toxic Debris
|-sidestart|p2: SillyScallop|move: Toxic Spikes
|move|p1a: Glimmora|Energy Ball|p2a: Great Tusk
|-supereffective|p2a: Great Tusk
|-damage|p2a: Great Tusk|0 fnt
|faint|p2a: Great Tusk
|-end|p2a: Great Tusk|Protosynthesis|[silent]
|
|upkeep
|
|t:|1760392640
|switch|p2a: Cinderace|Cinderace, M|100/100
|turn|5
|
|t:|1760392644
|move|p2a: Cinderace|Pyro Ball|p1a: Glimmora
|-resisted|p1a: Glimmora
|-damage|p1a: Glimmora|0 fnt
|-activate|p1a: Glimmora|ability: Toxic Debris
|-sidestart|p2: SillyScallop|move: Toxic Spikes
|faint|p1a: Glimmora
|
|upkeep
|
|t:|1760392648
|switch|p1a: Dragapult|Dragapult, M|100/100
|turn|6
|
|t:|1760392650
|move|p1a: Dragapult|Dragon Darts|p2a: Cinderace
|-damage|p2a: Cinderace|73/100
|-anim|p1a: Dragapult|Dragon Darts|p2a: Cinderace
|-damage|p2a: Cinderace|47/100
|move|p2a: Cinderace|Court Change|p2a: Cinderace
|-swapsideconditions
|-activate|p2a: Cinderace|move: Court Change
|
|upkeep
|turn|7
|
|t:|1760392668
|switch|p2a: Jirachi|Jirachi|100/100
|move|p1a: Dragapult|Substitute|p1a: Dragapult
|-start|p1a: Dragapult|Substitute
|-damage|p1a: Dragapult|76/100
|
|-heal|p1a: Dragapult|82/100|[from] item: Leftovers
|upkeep
|turn|8
|
|t:|1760392671
|move|p1a: Dragapult|Will-O-Wisp|p2a: Jirachi|[miss]
|-miss|p1a: Dragapult|p2a: Jirachi
|move|p2a: Jirachi|Psychic Noise|p1a: Dragapult
|-damage|p1a: Dragapult|39/100
|-start|p1a: Dragapult|move: Heal Block
|
|upkeep
|turn|9
|
|t:|1760392675
|move|p1a: Dragapult|Will-O-Wisp|p2a: Jirachi
|-status|p2a: Jirachi|brn
|move|p2a: Jirachi|Encore|p1a: Dragapult
|-start|p1a: Dragapult|Encore
|
|-damage|p2a: Jirachi|94/100 brn|[from] brn
|-end|p1a: Dragapult|move: Heal Block
|upkeep
|turn|10
|
|t:|1760392677
|move|p1a: Dragapult|Will-O-Wisp|p2a: Jirachi
|-fail|p2a: Jirachi|brn
|move|p2a: Jirachi|Doom Desire|p1a: Dragapult
|-start|p2a: Jirachi|Doom Desire
|
|-heal|p1a: Dragapult|45/100|[from] item: Leftovers
|-damage|p2a: Jirachi|88/100 brn|[from] brn
|upkeep
|turn|11
|
|t:|1760392682
|switch|p1a: Hatterene|Hatterene, F|19/100
|-status|p1a: Hatterene|tox
|move|p2a: Jirachi|Psychic Noise|p1a: Hatterene
|-resisted|p1a: Hatterene
|-damage|p1a: Hatterene|2/100 tox
|-start|p1a: Hatterene|move: Heal Block
|
|-damage|p1a: Hatterene|0 fnt|[from] psn
|faint|p1a: Hatterene
|-damage|p2a: Jirachi|82/100 brn|[from] brn
|upkeep
|
|t:|1760392685
|switch|p1a: Samurott|Samurott-Hisui, M|100/100
|-status|p1a: Samurott|tox
|turn|12
|
|t:|1760392699
|switch|p2a: Hydreigon|Hydreigon, F, shiny|98/100 par
|move|p1a: Samurott|Ceaseless Edge|p2a: Hydreigon
|-resisted|p2a: Hydreigon
|-damage|p2a: Hydreigon|76/100 par
|-sidestart|p2: SillyScallop|Spikes
|
|-end|p1a: Samurott|move: Doom Desire
|-resisted|p1a: Samurott
|-damage|p1a: Samurott|79/100 tox
|-damage|p1a: Samurott|73/100 tox|[from] psn
|upkeep
|turn|13
|
|t:|1760392704
|move|p1a: Samurott|Sacred Sword|p2a: Hydreigon
|-supereffective|p2a: Hydreigon
|-damage|p2a: Hydreigon|0 fnt
|faint|p2a: Hydreigon
|
|-damage|p1a: Samurott|61/100 tox|[from] psn
|upkeep
|
|t:|1760392707
|switch|p2a: Rillaboom|Rillaboom, M|100/100
|-damage|p2a: Rillaboom|88/100|[from] Spikes
|-fieldstart|move: Grassy Terrain|[from] ability: Grassy Surge|[of] p2a: Rillaboom
|turn|14
|
|t:|1760392713
|switch|p1a: Scizor|Scizor, M|100/100
|move|p2a: Rillaboom|Grassy Glide|p1a: Scizor
|-resisted|p1a: Scizor
|-damage|p1a: Scizor|85/100
|
|-heal|p2a: Rillaboom|94/100|[from] Grassy Terrain
|-heal|p1a: Scizor|91/100|[from] Grassy Terrain
|upkeep
|turn|15
|
|t:|1760392718
|switch|p2a: Cinderace|Cinderace, M|47/100
|move|p1a: Scizor|U-turn|p2a: Cinderace
|-resisted|p2a: Cinderace
|-damage|p2a: Cinderace|14/100
|
|t:|1760392722
|switch|p1a: Gliscor|Gliscor, M|100/100|[from] U-turn
|
|-heal|p2a: Cinderace|20/100|[from] Grassy Terrain
|-status|p1a: Gliscor|tox|[from] item: Toxic Orb
|upkeep
|turn|16
|
|t:|1760392727
|move|p2a: Cinderace|Pyro Ball|p1a: Gliscor
|-damage|p1a: Gliscor|48/100 tox
|move|p1a: Gliscor|Knock Off|p2a: Cinderace
|-damage|p2a: Cinderace|0 fnt
|-enditem|p2a: Cinderace|Heavy-Duty Boots|[from] move: Knock Off|[of] p1a: Gliscor
|faint|p2a: Cinderace
|
|-heal|p1a: Gliscor|61/100 tox|[from] ability: Poison Heal
|upkeep
|
|t:|1760392741
|switch|p2a: Jirachi|Jirachi|82/100 brn
|-damage|p2a: Jirachi|70/100 brn|[from] Spikes
|turn|17
|
|t:|1760392746
|move|p2a: Jirachi|Psychic Noise|p1a: Gliscor
|-damage|p1a: Gliscor|31/100 tox
|-start|p1a: Gliscor|move: Heal Block
|move|p1a: Gliscor|Earthquake|p2a: Jirachi
|-supereffective|p2a: Jirachi
|-damage|p2a: Jirachi|35/100 brn
|
|-heal|p2a: Jirachi|41/100 brn|[from] Grassy Terrain
|-damage|p2a: Jirachi|35/100 brn|[from] brn
|upkeep
|turn|18
|
|t:|1760392755
|move|p2a: Jirachi|Psychic Noise|p1a: Gliscor
|-damage|p1a: Gliscor|0 fnt
|faint|p1a: Gliscor
|
|-heal|p2a: Jirachi|41/100 brn|[from] Grassy Terrain
|-damage|p2a: Jirachi|35/100 brn|[from] brn
|-fieldend|move: Grassy Terrain
|upkeep
|
|t:|1760392758
|switch|p1a: Samurott|Samurott-Hisui, M|61/100 tox
|turn|19
|
|t:|1760392761
|move|p2a: Jirachi|Doom Desire|p1a: Samurott
|-start|p2a: Jirachi|Doom Desire
|move|p1a: Samurott|Ceaseless Edge|p2a: Jirachi
|-supereffective|p2a: Jirachi
|-damage|p2a: Jirachi|0 fnt
|-sidestart|p2: SillyScallop|Spikes
|faint|p2a: Jirachi
|
|-damage|p1a: Samurott|55/100 tox|[from] psn
|upkeep
|
|t:|1760392768
|switch|p2a: Rillaboom|Rillaboom, M|94/100
|-damage|p2a: Rillaboom|78/100|[from] Spikes
|-fieldstart|move: Grassy Terrain|[from] ability: Grassy Surge|[of] p2a: Rillaboom
|turn|20
|
|t:|1760392771
|move|p1a: Samurott|Sucker Punch|p2a: Rillaboom
|-damage|p2a: Rillaboom|45/100
|move|p2a: Rillaboom|U-turn|p1a: Samurott
|-supereffective|p1a: Samurott
|-damage|p1a: Samurott|0 fnt
|faint|p1a: Samurott
|
|t:|1760392773
|switch|p2a: Alomomola|Alomomola, F|100/100|[from] U-turn
|-damage|p2a: Alomomola|84/100|[from] Spikes
|
|-heal|p2a: Alomomola|90/100|[from] Grassy Terrain
|upkeep
|
|t:|1760392777
|switch|p1a: Dragapult|Dragapult, M|45/100
|-status|p1a: Dragapult|tox
|turn|21
|
|t:|1760392781
|move|p1a: Dragapult|Will-O-Wisp|p2a: Alomomola|[miss]
|-miss|p1a: Dragapult|p2a: Alomomola
|move|p2a: Alomomola|Play Rough|p1a: Dragapult
|-supereffective|p1a: Dragapult
|-damage|p1a: Dragapult|0 fnt
|faint|p1a: Dragapult
|
|-hint|Doom Desire did not hit because the target is fainted.
|-heal|p2a: Alomomola|96/100|[from] Grassy Terrain
|upkeep
|
|t:|1760392783
|switch|p1a: Scizor|Scizor, M|91/100
|turn|22
|-message|Marchingegno forfeited.
|
|win|SillyScallop
|raw|Marchingegno's rating: 1564 &rarr; <strong>1545</strong><br />(-19 for losing)
|raw|SillyScallop's rating: 1578 &rarr; <strong>1597</strong><br />(+19 for winning)
|l|‽Marchingegno
|player|p1|
|l|☆SillyScallop
|player|p2|
