|j|☆Defast 4
|j|☆gardenGnostic
|t:|1760397090
|gametype|singles
|player|p1|Defast 4|169|1563
|player|p2|gardenGnostic|psychic-gen4|1554
|gen|9
|tier|[Gen 9] OU
|rated|
|rule|HP Percentage Mod: HP is shown in percentages
|rule|Endless Battle Clause: Forcing endless battles is banned
|rule|Species Clause: Limit one of each Pokémon
|rule|OHKO Clause: OHKO moves are banned
|rule|Evasion Items Clause: Evasion items are banned
|rule|Evasion Moves Clause: Evasion moves are banned
|rule|Evasion Abilities Clause: Evasion abilities are banned
|rule|Sleep Moves Clause: Sleep-inducing moves are banned
|clearpoke
|poke|p1|Corviknight, F|
|poke|p1|Mew|
|poke|p1|Pecharunt|
|poke|p1|Cinderace, M|
|poke|p1|Dondozo, F|
|poke|p1|Ting-Lu|
|poke|p2|Ninetales-Alola, F|
|poke|p2|Rillaboom, F|
|poke|p2|Ogerpon-Wellspring, F|
|poke|p2|Hatterene, F|
|poke|p2|Glimmora, F|
|poke|p2|Darkrai|
|teampreview
|
|t:|1760397100
|teamsize|p1|6
|teamsize|p2|6
|start
|switch|p1a: Mew|Mew|100/100
|switch|p2a: Glimmora|Glimmora, F|100/100
|turn|1
|
|t:|1760397106
|move|p2a: Glimmora|Stealth Rock|p1a: Mew
|-sidestart|p1: Defast 4|move: Stealth Rock
|move|p1a: Mew|Fire Spin|p2a: Glimmora
|-resisted|p2a: Glimmora
|-damage|p2a: Glimmora|95/100
|-activate|p2a: Glimmora|move: Fire Spin|[of] p1a: Mew
|
|-damage|p2a: Glimmora|83/100|[from] move: Fire Spin|[partiallytrapped]
|upkeep
|turn|2
|
|t:|1760397109
|move|p2a: Glimmora|Meteor Beam||[still]
|-prepare|p2a: Glimmora|Meteor Beam
|-boost|p2a: Glimmora|spa|1
|-enditem|p2a: Glimmora|Power Herb
|-anim|p2a: Glimmora|Meteor Beam|p1a: Mew|[miss]
|-miss|p2a: Glimmora|p1a: Mew
|move|p1a: Mew|Imprison|p1a: Mew
|-start|p1a: Mew|move: Imprison
|
|-damage|p2a: Glimmora|71/100|[from] move: Fire Spin|[partiallytrapped]
|upkeep
|turn|3
|
|t:|1760397128
|move|p2a: Glimmora|Mortal Spin|p1a: Mew
|-damage|p1a: Mew|95/100
|-status|p1a: Mew|psn
|-activate|p1a: Mew|ability: Synchronize
|-immune|p2a: Glimmora
|-end|p2a: Glimmora|Fire Spin|[partiallytrapped]
|move|p1a: Mew|Transform|p2a: Glimmora
|-transform|p1a: Mew|p2a: Glimmora
|
|-heal|p1a: Mew|100/100 psn|[from] item: Leftovers
|-damage|p1a: Mew|88/100 psn|[from] psn
|upkeep
|turn|4
|
|t:|1760397136
|-activate|p2a: Glimmora|move: Struggle
|move|p2a: Glimmora|Struggle|p1a: Mew
|-damage|p1a: Mew|82/100 psn
|-activate|p1a: Mew|ability: Toxic Debris
|-sidestart|p2: gardenGnostic|move: Toxic Spikes
|-damage|p2a: Glimmora|45/100|[from] recoil
|move|p1a: Mew|Mortal Spin|p2a: Glimmora
|-resisted|p2a: Glimmora
|-damage|p2a: Glimmora|44/100
|-activate|p2a: Glimmora|ability: Toxic Debris
|-sidestart|p1: Defast 4|move: Toxic Spikes
|-sideend|p1: Defast 4|Toxic Spikes|[from] move: Mortal Spin|[of] p1a: Mew
|-sideend|p1: Defast 4|Stealth Rock|[from] move: Mortal Spin|[of] p1a: Mew
|
|-heal|p1a: Mew|89/100 psn|[from] item: Leftovers
|-damage|p1a: Mew|76/100 psn|[from] psn
|upkeep
|turn|5
|
|t:|1760397141
|move|p1a: Mew|Stealth Rock|p2a: Glimmora
|-sidestart|p2: gardenGnostic|move: Stealth Rock
|-activate|p2a: Glimmora|move: Struggle
|move|p2a: Glimmora|Struggle|p1a: Mew
|-damage|p1a: Mew|70/100 psn
|-activate|p1a: Mew|ability: Toxic Debris
|-sidestart|p2: gardenGnostic|move: Toxic Spikes
|-damage|p2a: Glimmora|19/100|[from] recoil
|
|-heal|p1a: Mew|76/100 psn|[from] item: Leftovers
|-damage|p1a: Mew|64/100 psn|[from] psn
|upkeep
|turn|6
|
|t:|1760397145
|-activate|p2a: Glimmora|move: Struggle
|move|p2a: Glimmora|Struggle|p1a: Mew
|-damage|p1a: Mew|57/100 psn
|-damage|p2a: Glimmora|0 fnt|[from] recoil
|faint|p2a: Glimmora
|move|p1a: Mew|Earth Power|p2: Glimmora|[notarget]
|-fail|p1a: Mew
|
|-heal|p1a: Mew|63/100 psn|[from] item: Leftovers
|-damage|p1a: Mew|51/100 psn|[from] psn
|upkeep
|
|t:|1760397169
|switch|p2a: Ninetales|Ninetales-Alola, F|100/100
|-status|p2a: Ninetales|tox
|-damage|p2a: Ninetales|76/100 tox|[from] Stealth Rock
|-weather|Snowscape|[from] ability: Snow Warning|[of] p2a: Ninetales
|turn|7
|
|t:|1760397177
|move|p2a: Ninetales|Aurora Veil|p2a: Ninetales
|-sidestart|p2: gardenGnostic|move: Aurora Veil
|move|p1a: Mew|Mortal Spin|p2a: Ninetales
|-supereffective|p2a: Ninetales
|-damage|p2a: Ninetales|70/100 tox
|
|-weather|Snowscape|[upkeep]
|-heal|p1a: Mew|57/100 psn|[from] item: Leftovers
|-damage|p2a: Ninetales|64/100 tox|[from] psn
|-damage|p1a: Mew|45/100 psn|[from] psn
|upkeep
|turn|8
|
|t:|1760397203
|switch|p2a: Rillaboom|Rillaboom, F|100/100
|-status|p2a: Rillaboom|tox
|-damage|p2a: Rillaboom|88/100 tox|[from] Stealth Rock
|-fieldstart|move: Grassy Terrain|[from] ability: Grassy Surge|[of] p2a: Rillaboom
|switch|p1a: Cinderace|Cinderace, M|100/100
|
|-weather|Snowscape|[upkeep]
|-heal|p2a: Rillaboom|94/100 tox|[from] Grassy Terrain
|-damage|p2a: Rillaboom|88/100 tox|[from] psn
|upkeep
|turn|9
|
|t:|1760397206
|move|p1a: Cinderace|U-turn|p2a: Rillaboom
|-supereffective|p2a: Rillaboom
|-crit|p2a: Rillaboom
|-damage|p2a: Rillaboom|31/100 tox
|
|t:|1760397209
|switch|p1a: Corviknight|Corviknight, F, shiny|100/100|[from] U-turn
|-ability|p1a: Corviknight|Pressure
|move|p2a: Rillaboom|Swords Dance|p2a: Rillaboom
|-boost|p2a: Rillaboom|atk|2
|
|-weather|Snowscape|[upkeep]
|-heal|p2a: Rillaboom|37/100 tox|[from] Grassy Terrain
|-damage|p2a: Rillaboom|25/100 tox|[from] psn
|upkeep
|turn|10
|
|t:|1760397214
|move|p2a: Rillaboom|Knock Off|p1a: Corviknight
|-damage|p1a: Corviknight|55/100
|-damage|p2a: Rillaboom|9/100 tox|[from] item: Rocky Helmet|[of] p1a: Corviknight
|-enditem|p1a: Corviknight|Rocky Helmet|[from] move: Knock Off|[of] p2a: Rillaboom
|move|p1a: Corviknight|Roost|p1a: Corviknight
|-heal|p1a: Corviknight|100/100
|-singleturn|p1a: Corviknight|move: Roost
|
|-weather|Snowscape|[upkeep]
|-heal|p2a: Rillaboom|15/100 tox|[from] Grassy Terrain
|-damage|p2a: Rillaboom|0 fnt|[from] psn
|faint|p2a: Rillaboom
|upkeep
|
|t:|1760397216
|switch|p2a: Darkrai|Darkrai|100/100
|-status|p2a: Darkrai|tox
|-damage|p2a: Darkrai|88/100 tox|[from] Stealth Rock
|turn|11
|
|t:|1760397223
|move|p2a: Darkrai|Nasty Plot|p2a: Darkrai
|-boost|p2a: Darkrai|spa|2
|move|p1a: Corviknight|Body Press|p2a: Darkrai
|-supereffective|p2a: Darkrai
|-damage|p2a: Darkrai|53/100 tox
|
|-weather|none
|-heal|p2a: Darkrai|59/100 tox|[from] Grassy Terrain
|-damage|p2a: Darkrai|53/100 tox|[from] psn
|upkeep
|turn|12
|inactive|Battle timer is ON: inactive players will automatically lose when time's up. (requested by Defast 4)
|
|t:|1760397267
|switch|p1a: Ting-Lu|Ting-Lu|100/100
|-ability|p1a: Ting-Lu|Vessel of Ruin
|move|p2a: Darkrai|Dark Pulse|p1a: Ting-Lu
|-resisted|p1a: Ting-Lu
|-crit|p1a: Ting-Lu
|-damage|p1a: Ting-Lu|69/100
|
|-heal|p2a: Darkrai|59/100 tox|[from] Grassy Terrain
|-heal|p1a: Ting-Lu|76/100|[from] Grassy Terrain
|-heal|p1a: Ting-Lu|82/100|[from] item: Leftovers
|-damage|p2a: Darkrai|47/100 tox|[from] psn
|upkeep
|turn|13
|-message|gardenGnostic forfeited.
|
|win|Defast 4
|raw|Defast 4's rating: 1563 &rarr; <strong>1582</strong><br />(+19 for winning)
|raw|gardenGnostic's rating: 1554 &rarr; <strong>1535</strong><br />(-19 for losing)
|l|☆gardenGnostic
|player|p2|
|l|☆Defast 4
|player|p1|
