|j|☆great team haver
|j|☆Dragonking732
|t:|1760411081
|gametype|singles
|player|p1|great team haver|skierf|1430
|player|p2|Dragonking732|cyrus|1447
|gen|9
|tier|[Gen 9] OU
|rated|
|rule|HP Percentage Mod: HP is shown in percentages
|rule|Endless Battle Clause: Forcing endless battles is banned
|rule|Species Clause: Limit one of each Pokémon
|rule|OHKO Clause: OHKO moves are banned
|rule|Evasion Items Clause: Evasion items are banned
|rule|Evasion Moves Clause: Evasion moves are banned
|rule|Evasion Abilities Clause: Evasion abilities are banned
|rule|Sleep Moves Clause: Sleep-inducing moves are banned
|clearpoke
|poke|p1|Hatterene, F|
|poke|p1|Rillaboom, F|
|poke|p1|Raging Bolt|
|poke|p1|Lapras, F|
|poke|p1|Cinderace, F|
|poke|p1|Gholdengo|
|poke|p2|Great Tusk|
|poke|p2|Heatran, M|
|poke|p2|Weavile, M|
|poke|p2|Primarina, M|
|poke|p2|Ogerpon, F|
|poke|p2|Pecharunt|
|teampreview
|inactive|Battle timer is ON: inactive players will automatically lose when time's up. (requested by great team haver)
|inactive|Dragonking732 has 120 seconds left.
|
|t:|1760411136
|teamsize|p1|6
|teamsize|p2|6
|start
|switch|p1a: Boat|Lapras, F|100/100
|switch|p2a: Weavile|Weavile, M, shiny|100/100
|-ability|p2a: Weavile|Pressure
|turn|1
|j| Infuriate
|
|t:|1760411140
|move|p2a: Weavile|Low Kick|p1a: Boat
|-supereffective|p1a: Boat
|-damage|p1a: Boat|0 fnt
|faint|p1a: Boat
|
|upkeep
|
|t:|1760411143
|switch|p1a: GOLDEN JOE|Gholdengo|100/100
|turn|2
|
|t:|1760411146
|switch|p2a: Primarina|Primarina, M, shiny|100/100
|move|p1a: GOLDEN JOE|Dazzling Gleam|p2a: Primarina
|-damage|p2a: Primarina|77/100
|
|upkeep
|turn|3
|
|t:|1760411171
|switch|p1a: TOGETHER STRONG|Rillaboom, F|100/100
|-fieldstart|move: Grassy Terrain|[from] ability: Grassy Surge|[of] p1a: TOGETHER STRONG
|move|p2a: Primarina|Flip Turn|p1a: TOGETHER STRONG
|-resisted|p1a: TOGETHER STRONG
|-damage|p1a: TOGETHER STRONG|93/100
|
|t:|1760411179
|switch|p2a: Pecharunt|Pecharunt|100/100|[from] Flip Turn
|
|-heal|p1a: TOGETHER STRONG|99/100|[from] Grassy Terrain
|upkeep
|turn|4
|
|t:|1760411183
|switch|p1a: GOLDEN JOE|Gholdengo|100/100
|move|p2a: Pecharunt|Shadow Ball|p1a: GOLDEN JOE
|-supereffective|p1a: GOLDEN JOE
|-damage|p1a: GOLDEN JOE|37/100
|
|-heal|p1a: GOLDEN JOE|43/100|[from] Grassy Terrain
|upkeep
|turn|5
|
|t:|1760411193
|switch|p2a: Heatran|Heatran, M, shiny|100/100
|-item|p2a: Heatran|Air Balloon
|-terastallize|p1a: GOLDEN JOE|Fairy
|move|p1a: GOLDEN JOE|Trick|p2a: Heatran
|-activate|p1a: GOLDEN JOE|move: Trick|[of] p2a: Heatran
|-item|p2a: Heatran|Choice Specs|[from] move: Trick
|-item|p1a: GOLDEN JOE|Air Balloon
|-item|p1a: GOLDEN JOE|Air Balloon|[from] move: Trick
|
|upkeep
|turn|6
|
|t:|1760411203
|switch|p1a: return 2 sender|Cinderace, F|100/100
|move|p2a: Heatran|Magma Storm|p1a: return 2 sender
|-resisted|p1a: return 2 sender
|-crit|p1a: return 2 sender
|-damage|p1a: return 2 sender|12/100
|-activate|p1a: return 2 sender|move: Magma Storm|[of] p2a: Heatran
|
|-heal|p1a: return 2 sender|18/100|[from] Grassy Terrain
|-damage|p1a: return 2 sender|5/100|[from] move: Magma Storm|[partiallytrapped]
|upkeep
|turn|7
|
|t:|1760411211
|switch|p2a: Great Tusk|Great Tusk, shiny|100/100
|move|p1a: return 2 sender|U-turn|p2a: Great Tusk
|-resisted|p2a: Great Tusk
|-damage|p2a: Great Tusk|93/100
|
|t:|1760411214
|switch|p1a: Sprinkles|Hatterene, F|100/100|[from] U-turn
|-enditem|p1a: Sprinkles|Grassy Seed
|-boost|p1a: Sprinkles|def|1|[from] item: Grassy Seed
|
|-heal|p2a: Great Tusk|99/100|[from] Grassy Terrain
|-fieldend|move: Grassy Terrain
|upkeep
|turn|8
|
|t:|1760411221
|-end|p2a: Great Tusk|Protosynthesis|[silent]
|switch|p2a: Pecharunt|Pecharunt|100/100
|move|p1a: Sprinkles|Calm Mind|p1a: Sprinkles
|-boost|p1a: Sprinkles|spa|1
|-boost|p1a: Sprinkles|spd|1
|
|upkeep
|turn|9
|
|t:|1760411224
|move|p2a: Pecharunt|Malignant Chain|p1a: Sprinkles
|-supereffective|p1a: Sprinkles
|-damage|p1a: Sprinkles|53/100
|-status|p1a: Sprinkles|tox
|-start|p1a: Sprinkles|confusion|[from] ability: Poison Puppeteer|[of] p2a: Pecharunt
|-activate|p1a: Sprinkles|confusion
|move|p1a: Sprinkles|Agility|p1a: Sprinkles
|-boost|p1a: Sprinkles|spe|2
|
|-damage|p1a: Sprinkles|47/100 tox|[from] psn
|upkeep
|turn|10
|
|t:|1760411227
|-activate|p1a: Sprinkles|confusion
|-damage|p1a: Sprinkles|42/100 tox|[from] confusion
|move|p2a: Pecharunt|Parting Shot|p1a: Sprinkles
|move|p1a: Sprinkles|Parting Shot|p2a: Pecharunt|[from] ability: Magic Bounce
|-unboost|p2a: Pecharunt|atk|1
|-unboost|p2a: Pecharunt|spa|1
|
|t:|1760411231
|switch|p1a: GOLDEN JOE|Gholdengo, tera:Fairy|43/100|[from] Parting Shot
|-item|p1a: GOLDEN JOE|Air Balloon
|
|upkeep
|turn|11
|
|t:|1760411234
|move|p1a: GOLDEN JOE|Shadow Ball|p2a: Pecharunt
|-supereffective|p2a: Pecharunt
|-damage|p2a: Pecharunt|9/100
|-unboost|p2a: Pecharunt|spd|1
|move|p2a: Pecharunt|Malignant Chain|p1a: GOLDEN JOE
|-supereffective|p1a: GOLDEN JOE
|-damage|p1a: GOLDEN JOE|0 fnt
|-enditem|p1a: GOLDEN JOE|Air Balloon
|faint|p1a: GOLDEN JOE
|
|upkeep
|-message|great team haver forfeited.
|
|win|Dragonking732
|raw|great team haver's rating: 1430 &rarr; <strong>1411</strong><br />(-19 for losing)
|raw|Dragonking732's rating: 1447 &rarr; <strong>1466</strong><br />(+19 for winning)
|l|☆great team haver
|player|p1|
|l|☆Dragonking732
|player|p2|
|l| Infuriate
