|j|☆sirglizzi
|j|☆ichoseyoupoppo
|t:|1760442646
|gametype|singles
|player|p1|sirglizzi|lance|1255
|player|p2|ichoseyoupoppo|101|1239
|gen|9
|tier|[Gen 9] OU
|rated|
|rule|HP Percentage Mod: HP is shown in percentages
|rule|Endless Battle Clause: Forcing endless battles is banned
|rule|Species Clause: Limit one of each Pokémon
|rule|OHKO Clause: OHKO moves are banned
|rule|Evasion Items Clause: Evasion items are banned
|rule|Evasion Moves Clause: Evasion moves are banned
|rule|Evasion Abilities Clause: Evasion abilities are banned
|rule|Sleep Moves Clause: Sleep-inducing moves are banned
|clearpoke
|poke|p1|Tyranitar, F|
|poke|p1|Excadrill, F|
|poke|p1|Garchomp, F|
|poke|p1|Ogerpon-Wellspring, F|
|poke|p1|Moltres|
|poke|p1|Rillaboom, F|
|poke|p2|Hippowdon, M|
|poke|p2|Latios, M|
|poke|p2|Excadrill, M|
|poke|p2|Primarina, F|
|poke|p2|Skarmory, F|
|poke|p2|Weavile, F|
|teampreview
|inactive|Battle timer is ON: inactive players will automatically lose when time's up. (requested by sirglizzi)
|
|t:|1760442664
|teamsize|p1|6
|teamsize|p2|6
|start
|switch|p1a: Rillaboom|Rillaboom, F|100/100
|switch|p2a: Hippowdon|Hippowdon, M|100/100
|-fieldstart|move: Grassy Terrain|[from] ability: Grassy Surge|[of] p1a: Rillaboom
|-weather|Sandstorm|[from] ability: Sand Stream|[of] p2a: Hippowdon
|turn|1
|
|t:|1760442675
|switch|p2a: Skarmory|Skarmory, F|100/100
|move|p1a: Rillaboom|U-turn|p2a: Skarmory
|-resisted|p2a: Skarmory
|-damage|p2a: Skarmory|96/100
|-damage|p1a: Rillaboom|84/100|[from] item: Rocky Helmet|[of] p2a: Skarmory
|
|t:|1760442682
|switch|p1a: Moltres|Moltres|100/100|[from] U-turn
|
|-weather|Sandstorm|[upkeep]
|-damage|p1a: Moltres|94/100|[from] Sandstorm
|-heal|p1a: Moltres|100/100|[from] item: Leftovers
|upkeep
|turn|2
|
|t:|1760442692
|switch|p2a: Primarina|Primarina, F|100/100
|move|p1a: Moltres|Flamethrower|p2a: Primarina
|-resisted|p2a: Primarina
|-damage|p2a: Primarina|90/100
|
|-weather|Sandstorm|[upkeep]
|-damage|p1a: Moltres|94/100|[from] Sandstorm
|-damage|p2a: Primarina|84/100|[from] Sandstorm
|-heal|p1a: Moltres|100/100|[from] item: Leftovers
|-heal|p2a: Primarina|90/100|[from] Grassy Terrain
|upkeep
|turn|3
|
|t:|1760442699
|switch|p1a: Rillaboom|Rillaboom, F|84/100
|move|p2a: Primarina|Moonblast|p1a: Rillaboom
|-damage|p1a: Rillaboom|41/100
|
|-weather|Sandstorm|[upkeep]
|-damage|p1a: Rillaboom|35/100|[from] Sandstorm
|-damage|p2a: Primarina|84/100|[from] Sandstorm
|-heal|p1a: Rillaboom|41/100|[from] Grassy Terrain
|-heal|p2a: Primarina|90/100|[from] Grassy Terrain
|upkeep
|turn|4
|
|t:|1760442703
|switch|p2a: Skarmory|Skarmory, F|96/100
|move|p1a: Rillaboom|Grassy Glide|p2a: Skarmory
|-resisted|p2a: Skarmory
|-damage|p2a: Skarmory|90/100
|-damage|p1a: Rillaboom|24/100|[from] item: Rocky Helmet|[of] p2a: Skarmory
|
|-weather|Sandstorm|[upkeep]
|-damage|p1a: Rillaboom|18/100|[from] Sandstorm
|-heal|p1a: Rillaboom|24/100|[from] Grassy Terrain
|upkeep
|turn|5
|
|t:|1760442711
|move|p1a: Rillaboom|Knock Off|p2a: Skarmory
|-damage|p2a: Skarmory|68/100
|-damage|p1a: Rillaboom|8/100|[from] item: Rocky Helmet|[of] p2a: Skarmory
|-enditem|p2a: Skarmory|Rocky Helmet|[from] move: Knock Off|[of] p1a: Rillaboom
|move|p2a: Skarmory|Spikes|p1a: Rillaboom
|-sidestart|p1: sirglizzi|Spikes
|
|-weather|none
|-heal|p1a: Rillaboom|14/100|[from] Grassy Terrain
|-fieldend|move: Grassy Terrain
|upkeep
|turn|6
|
|t:|1760442723
|switch|p1a: Ogerpon|Ogerpon-Wellspring, F|100/100
|-damage|p1a: Ogerpon|88/100|[from] Spikes
|move|p2a: Skarmory|Body Press|p1a: Ogerpon
|-damage|p1a: Ogerpon|51/100
|
|upkeep
|turn|7
|
|t:|1760442729
|move|p1a: Ogerpon|Swords Dance|p1a: Ogerpon
|-boost|p1a: Ogerpon|atk|2
|move|p2a: Skarmory|Body Press|p1a: Ogerpon
|-damage|p1a: Ogerpon|11/100
|
|upkeep
|turn|8
|
|t:|1760442736
|move|p1a: Ogerpon|Ivy Cudgel|p2a: Skarmory|[anim] Ivy Cudgel Water
|-damage|p2a: Skarmory|0 fnt
|faint|p2a: Skarmory
|
|upkeep
|
|t:|1760442742
|switch|p2a: Weavile|Weavile, F|100/100
|-ability|p2a: Weavile|Pressure
|turn|9
|
|t:|1760442746
|move|p2a: Weavile|Ice Shard|p1a: Ogerpon
|-damage|p1a: Ogerpon|0 fnt
|faint|p1a: Ogerpon
|
|upkeep
|
|t:|1760442757
|switch|p1a: Moltres|Moltres|100/100
|turn|10
|inactive|ichoseyoupoppo has 120 seconds left.
|
|t:|1760442792
|switch|p2a: Primarina|Primarina, F|90/100
|move|p1a: Moltres|U-turn|p2a: Primarina
|-resisted|p2a: Primarina
|-damage|p2a: Primarina|81/100
|
|t:|1760442811
|switch|p1a: Rillaboom|Rillaboom, F|14/100|[from] U-turn
|-damage|p1a: Rillaboom|1/100|[from] Spikes
|-fieldstart|move: Grassy Terrain|[from] ability: Grassy Surge|[of] p1a: Rillaboom
|
|-heal|p1a: Rillaboom|7/100|[from] Grassy Terrain
|-heal|p2a: Primarina|87/100|[from] Grassy Terrain
|upkeep
|turn|11
|inactive|ichoseyoupoppo has 120 seconds left.
|
|t:|1760442822
|switch|p2a: Excadrill|Excadrill, M|100/100
|-item|p2a: Excadrill|Air Balloon
|move|p1a: Rillaboom|U-turn|p2a: Excadrill
|-resisted|p2a: Excadrill
|-damage|p2a: Excadrill|84/100
|-enditem|p2a: Excadrill|Air Balloon
|
|t:|1760442830
|switch|p1a: Garchomp|Garchomp, F|100/100|[from] U-turn
|-damage|p1a: Garchomp|88/100|[from] Spikes
|
|-heal|p1a: Garchomp|94/100|[from] Grassy Terrain
|-heal|p2a: Excadrill|90/100|[from] Grassy Terrain
|upkeep
|turn|12
|inactive|ichoseyoupoppo has 120 seconds left.
|
|t:|1760442855
|-terastallize|p2a: Excadrill|Ground
|move|p1a: Garchomp|Swords Dance|p1a: Garchomp
|-boost|p1a: Garchomp|atk|2
|move|p2a: Excadrill|Rapid Spin|p1a: Garchomp
|-damage|p1a: Garchomp|78/100
|-boost|p2a: Excadrill|spe|1
|-damage|p2a: Excadrill|77/100|[from] ability: Rough Skin|[of] p1a: Garchomp
|
|-heal|p2a: Excadrill|83/100|[from] Grassy Terrain
|-heal|p1a: Garchomp|84/100|[from] Grassy Terrain
|upkeep
|turn|13
|inactive|ichoseyoupoppo has 120 seconds left.
|
|t:|1760442867
|move|p2a: Excadrill|Earthquake|p1a: Garchomp
|-damage|p1a: Garchomp|40/100
|move|p1a: Garchomp|Scale Shot|p2a: Excadrill
|-damage|p2a: Excadrill|43/100
|-damage|p2a: Excadrill|5/100
|-damage|p2a: Excadrill|0 fnt
|faint|p2a: Excadrill
|-hitcount|p2: Excadrill|3
|-unboost|p1a: Garchomp|def|1
|-boost|p1a: Garchomp|spe|1
|
|-heal|p1a: Garchomp|46/100|[from] Grassy Terrain
|upkeep
|
|t:|1760442872
|switch|p2a: Weavile|Weavile, F|100/100
|-ability|p2a: Weavile|Pressure
|turn|14
|
|t:|1760442875
|-terastallize|p1a: Garchomp|Fairy
|move|p2a: Weavile|Ice Shard|p1a: Garchomp
|-damage|p1a: Garchomp|15/100
|move|p1a: Garchomp|Scale Shot|p2a: Weavile
|-damage|p2a: Weavile|54/100
|-damage|p2a: Weavile|8/100
|-damage|p2a: Weavile|0 fnt
|faint|p2a: Weavile
|-hitcount|p2: Weavile|3
|-unboost|p1a: Garchomp|def|1
|-boost|p1a: Garchomp|spe|1
|
|-heal|p1a: Garchomp|21/100|[from] Grassy Terrain
|-fieldend|move: Grassy Terrain
|upkeep
|
|t:|1760442880
|switch|p2a: Hippowdon|Hippowdon, M|100/100
|-weather|Sandstorm|[from] ability: Sand Stream|[of] p2a: Hippowdon
|turn|15
|
|t:|1760442894
|move|p1a: Garchomp|Scale Shot|p2a: Hippowdon
|-damage|p2a: Hippowdon|87/100
|-damage|p2a: Hippowdon|75/100
|-damage|p2a: Hippowdon|62/100
|-damage|p2a: Hippowdon|47/100
|-hitcount|p2a: Hippowdon|4
|-unboost|p1a: Garchomp|def|1
|-boost|p1a: Garchomp|spe|1
|move|p2a: Hippowdon|Earthquake|p1a: Garchomp
|-damage|p1a: Garchomp|0 fnt
|faint|p1a: Garchomp
|
|-weather|Sandstorm|[upkeep]
|-heal|p2a: Hippowdon|54/100|[from] item: Leftovers
|upkeep
|
|t:|1760442906
|switch|p1a: Rillaboom|Rillaboom, F|7/100
|-damage|p1a: Rillaboom|0 fnt|[from] Spikes
|faint|p1a: Rillaboom
|
|t:|1760442914
|switch|p1a: Tyranitar|Tyranitar, F|100/100
|-damage|p1a: Tyranitar|88/100|[from] Spikes
|turn|16
|
|t:|1760442920
|move|p1a: Tyranitar|Ice Beam|p2a: Hippowdon
|-supereffective|p2a: Hippowdon
|-damage|p2a: Hippowdon|16/100
|move|p2a: Hippowdon|Earthquake|p1a: Tyranitar
|-supereffective|p1a: Tyranitar
|-damage|p1a: Tyranitar|33/100
|
|-weather|Sandstorm|[upkeep]
|-heal|p1a: Tyranitar|39/100|[from] item: Leftovers
|-heal|p2a: Hippowdon|22/100|[from] item: Leftovers
|upkeep
|turn|17
|
|t:|1760442926
|switch|p2a: Primarina|Primarina, F|87/100
|move|p1a: Tyranitar|Ice Beam|p2a: Primarina
|-resisted|p2a: Primarina
|-damage|p2a: Primarina|81/100
|-status|p2a: Primarina|frz
|
|-weather|Sandstorm|[upkeep]
|-damage|p2a: Primarina|75/100 frz|[from] Sandstorm
|-heal|p1a: Tyranitar|45/100|[from] item: Leftovers
|upkeep
|turn|18
|
|t:|1760442931
|-curestatus|p2a: Primarina|frz|[msg]
|move|p2a: Primarina|Surf|p1a: Tyranitar
|-supereffective|p1a: Tyranitar
|-damage|p1a: Tyranitar|0 fnt
|faint|p1a: Tyranitar
|
|-weather|Sandstorm|[upkeep]
|-damage|p2a: Primarina|69/100|[from] Sandstorm
|upkeep
|
|t:|1760442935
|switch|p1a: Excadrill|Excadrill, F|100/100
|-item|p1a: Excadrill|Air Balloon
|turn|19
|
|t:|1760442940
|move|p1a: Excadrill|Iron Head|p2a: Primarina
|-damage|p2a: Primarina|8/100
|cant|p2a: Primarina|flinch
|
|-weather|none
|upkeep
|turn|20
|
|t:|1760442946
|move|p1a: Excadrill|Rapid Spin|p2a: Primarina
|-damage|p2a: Primarina|0 fnt
|-boost|p1a: Excadrill|spe|1
|-sideend|p1: sirglizzi|Spikes|[from] move: Rapid Spin|[of] p1a: Excadrill
|faint|p2a: Primarina
|
|upkeep
|
|t:|1760442949
|switch|p2a: Latios|Latios, M|100/100
|turn|21
|
|t:|1760442954
|move|p1a: Excadrill|Iron Head|p2a: Latios
|-damage|p2a: Latios|41/100
|move|p2a: Latios|Aura Sphere|p1a: Excadrill
|-supereffective|p1a: Excadrill
|-damage|p1a: Excadrill|0 fnt
|-enditem|p1a: Excadrill|Air Balloon
|faint|p1a: Excadrill
|
|upkeep
|
|t:|1760442959
|switch|p1a: Moltres|Moltres|100/100
|turn|22
|
|t:|1760442966
|switch|p2a: Hippowdon|Hippowdon, M|22/100
|-weather|Sandstorm|[from] ability: Sand Stream|[of] p2a: Hippowdon
|move|p1a: Moltres|U-turn|p2a: Hippowdon
|-damage|p2a: Hippowdon|15/100
|
|-weather|Sandstorm|[upkeep]
|-damage|p1a: Moltres|94/100|[from] Sandstorm
|-heal|p1a: Moltres|100/100|[from] item: Leftovers
|-heal|p2a: Hippowdon|21/100|[from] item: Leftovers
|upkeep
|turn|23
|
|t:|1760442974
|move|p1a: Moltres|Flamethrower|p2a: Hippowdon
|-damage|p2a: Hippowdon|0 fnt
|faint|p2a: Hippowdon
|
|-weather|Sandstorm|[upkeep]
|-damage|p1a: Moltres|94/100|[from] Sandstorm
|-heal|p1a: Moltres|100/100|[from] item: Leftovers
|upkeep
|
|t:|1760442977
|switch|p2a: Latios|Latios, M|41/100
|turn|24
|
|t:|1760442983
|move|p2a: Latios|Draco Meteor|p1a: Moltres
|-damage|p1a: Moltres|0 fnt
|-unboost|p2a: Latios|spa|2
|faint|p1a: Moltres
|
|win|ichoseyoupoppo
|raw|sirglizzi's rating: 1255 &rarr; <strong>1229</strong><br />(-26 for losing)
|raw|ichoseyoupoppo's rating: 1239 &rarr; <strong>1265</strong><br />(+26 for winning)
