|j|☆ch1ck3n nu99ets
|j|☆volcaronaisboss
|t:|1760386427
|gametype|singles
|player|p1|ch1ck3n nu99ets|1|1661
|player|p2|volcaronaisboss|burglar-gen3|1695
|gen|9
|tier|[Gen 9] OU
|rated|
|rule|HP Percentage Mod: HP is shown in percentages
|rule|Endless Battle Clause: Forcing endless battles is banned
|rule|Species Clause: Limit one of each Pokémon
|rule|OHKO Clause: OHKO moves are banned
|rule|Evasion Items Clause: Evasion items are banned
|rule|Evasion Moves Clause: Evasion moves are banned
|rule|Evasion Abilities Clause: Evasion abilities are banned
|rule|Sleep Moves Clause: Sleep-inducing moves are banned
|clearpoke
|poke|p1|Pelipper, F|
|poke|p1|Basculegion, M|
|poke|p1|Scizor, M|
|poke|p1|Iron Valiant|
|poke|p1|Sandy Shocks|
|poke|p1|Manaphy|
|poke|p2|Comfey, M|
|poke|p2|Whimsicott, F|
|poke|p2|Iron Moth|
|poke|p2|Walking Wake|
|poke|p2|Great Tusk|
|poke|p2|Ninetales, F|
|teampreview
|inactive|Battle timer is ON: inactive players will automatically lose when time's up. (requested by volcaronaisboss)
|c|☆volcaronaisboss|was this team created in a lab to fuck with me
|c|☆volcaronaisboss|l
|c|☆volcaronaisboss|gl
|
|t:|1760386450
|teamsize|p1|6
|teamsize|p2|6
|start
|switch|p1a: Sandy Shocks|Sandy Shocks|100/100
|switch|p2a: Walking Wake|Walking Wake|100/100
|-enditem|p1a: Sandy Shocks|Booster Energy
|-activate|p1a: Sandy Shocks|ability: Protosynthesis|[fromitem]
|-start|p1a: Sandy Shocks|protosynthesisspe
|turn|1
|c|☆ch1ck3n nu99ets|slight counter team lol
|
|t:|1760386459
|-end|p1a: Sandy Shocks|Protosynthesis|[silent]
|switch|p1a: Manaphy|Manaphy|100/100
|move|p2a: Walking Wake|Hydro Steam|p1a: Manaphy
|-resisted|p1a: Manaphy
|-damage|p1a: Manaphy|86/100
|
|-heal|p1a: Manaphy|92/100|[from] item: Leftovers
|upkeep
|turn|2
|
|t:|1760386468
|move|p2a: Walking Wake|Knock Off|p1a: Manaphy
|-damage|p1a: Manaphy|82/100
|-enditem|p1a: Manaphy|Leftovers|[from] move: Knock Off|[of] p2a: Walking Wake
|move|p1a: Manaphy|Take Heart|p1a: Manaphy
|-boost|p1a: Manaphy|spa|1
|-boost|p1a: Manaphy|spd|1
|
|upkeep
|turn|3
|
|t:|1760386476
|-end|p2a: Walking Wake|Protosynthesis|[silent]
|switch|p2a: Ninetales|Ninetales, F|100/100
|-weather|SunnyDay|[from] ability: Drought|[of] p2a: Ninetales
|move|p1a: Manaphy|Scald|p2a: Ninetales
|-supereffective|p2a: Ninetales
|-damage|p2a: Ninetales|59/100
|
|-weather|SunnyDay|[upkeep]
|upkeep
|turn|4
|
|t:|1760386487
|switch|p2a: Whimsicott|Whimsicott, F|100/100
|move|p1a: Manaphy|Take Heart|p1a: Manaphy
|-boost|p1a: Manaphy|spa|1
|-boost|p1a: Manaphy|spd|1
|
|-weather|SunnyDay|[upkeep]
|upkeep
|turn|5
|
|t:|1760386492
|move|p2a: Whimsicott|Growth|p2a: Whimsicott
|-boost|p2a: Whimsicott|atk|2
|-boost|p2a: Whimsicott|spa|2
|move|p1a: Manaphy|Take Heart|p1a: Manaphy
|-boost|p1a: Manaphy|spa|1
|-boost|p1a: Manaphy|spd|1
|
|-weather|SunnyDay|[upkeep]
|upkeep
|turn|6
|
|t:|1760386497
|move|p2a: Whimsicott|Giga Drain|p1a: Manaphy
|-supereffective|p1a: Manaphy
|-damage|p1a: Manaphy|24/100
|-damage|p2a: Whimsicott|91/100|[from] item: Life Orb
|move|p1a: Manaphy|Stored Power|p2a: Whimsicott
|-damage|p2a: Whimsicott|0 fnt
|faint|p2a: Whimsicott
|
|-weather|SunnyDay|[upkeep]
|upkeep
|
|t:|1760386512
|switch|p2a: Great Tusk|Great Tusk|100/100
|-activate|p2a: Great Tusk|ability: Protosynthesis
|-start|p2a: Great Tusk|protosynthesisspe
|turn|7
|
|t:|1760386515
|switch|p1a: Pelipper|Pelipper, F|100/100
|-weather|RainDance|[from] ability: Drizzle|[of] p1a: Pelipper
|-end|p2a: Great Tusk|Protosynthesis
|move|p2a: Great Tusk|Headlong Rush|p1a: Pelipper
|-immune|p1a: Pelipper
|
|-weather|RainDance|[upkeep]
|upkeep
|turn|8
|
|t:|1760386522
|-end|p2a: Great Tusk|Protosynthesis|[silent]
|switch|p2a: Walking Wake|Walking Wake|100/100
|move|p1a: Pelipper|U-turn|p2a: Walking Wake
|-damage|p2a: Walking Wake|92/100
|
|t:|1760386530
|switch|p1a: Basculegion|Basculegion, M, shiny|100/100|[from] U-turn
|
|-weather|RainDance|[upkeep]
|upkeep
|turn|9
|
|t:|1760386534
|move|p1a: Basculegion|Flip Turn|p2a: Walking Wake
|-resisted|p2a: Walking Wake
|-damage|p2a: Walking Wake|78/100
|
|t:|1760386541
|switch|p1a: Scizor|Scizor, M|100/100|[from] Flip Turn
|move|p2a: Walking Wake|Flip Turn|p1a: Scizor
|-damage|p1a: Scizor|77/100
|
|t:|1760386545
|-end|p2a: Walking Wake|Protosynthesis|[silent]
|switch|p2a: Ninetales|Ninetales, F|59/100|[from] Flip Turn
|-weather|SunnyDay|[from] ability: Drought|[of] p2a: Ninetales
|
|-weather|SunnyDay|[upkeep]
|upkeep
|turn|10
|
|t:|1760386547
|switch|p1a: Pelipper|Pelipper, F|100/100
|-weather|RainDance|[from] ability: Drizzle|[of] p1a: Pelipper
|move|p2a: Ninetales|Will-O-Wisp|p1a: Pelipper
|-status|p1a: Pelipper|brn
|
|-weather|RainDance|[upkeep]
|-damage|p1a: Pelipper|94/100 brn|[from] brn
|upkeep
|turn|11
|
|t:|1760386551
|switch|p2a: Walking Wake|Walking Wake|78/100
|move|p1a: Pelipper|U-turn|p2a: Walking Wake
|-damage|p2a: Walking Wake|74/100
|
|t:|1760386557
|switch|p1a: Basculegion|Basculegion, M, shiny|100/100|[from] U-turn
|
|-weather|RainDance|[upkeep]
|upkeep
|turn|12
|
|t:|1760386561
|-terastallize|p1a: Basculegion|Ghost
|move|p1a: Basculegion|Tera Blast|p2a: Walking Wake|[anim] Tera Blast Ghost
|-damage|p2a: Walking Wake|6/100
|move|p2a: Walking Wake|Flip Turn|p1a: Basculegion
|-damage|p1a: Basculegion|72/100
|
|t:|1760386566
|-end|p2a: Walking Wake|Protosynthesis|[silent]
|switch|p2a: Ninetales|Ninetales, F|59/100|[from] Flip Turn
|-weather|SunnyDay|[from] ability: Drought|[of] p2a: Ninetales
|
|-weather|SunnyDay|[upkeep]
|upkeep
|turn|13
|
|t:|1760386569
|switch|p2a: Iron Moth|Iron Moth|100/100
|-enditem|p2a: Iron Moth|Booster Energy
|-activate|p2a: Iron Moth|ability: Quark Drive|[fromitem]
|-start|p2a: Iron Moth|quarkdrivespe
|switch|p1a: Pelipper|Pelipper, F|94/100 brn
|-weather|RainDance|[from] ability: Drizzle|[of] p1a: Pelipper
|
|-weather|RainDance|[upkeep]
|-damage|p1a: Pelipper|88/100 brn|[from] brn
|upkeep
|turn|14
|
|t:|1760386575
|move|p2a: Iron Moth|Sludge Wave|p1a: Pelipper
|-crit|p1a: Pelipper
|-damage|p1a: Pelipper|0 fnt
|faint|p1a: Pelipper
|
|-weather|RainDance|[upkeep]
|upkeep
|
|t:|1760386579
|switch|p1a: Basculegion|Basculegion, M, shiny, tera:Ghost|72/100
|turn|15
|
|t:|1760386583
|-end|p2a: Iron Moth|Quark Drive|[silent]
|switch|p2a: Walking Wake|Walking Wake|6/100
|move|p1a: Basculegion|Wave Crash|p2a: Walking Wake
|-resisted|p2a: Walking Wake
|-damage|p2a: Walking Wake|0 fnt
|faint|p2a: Walking Wake
|-end|p2a: Walking Wake|Protosynthesis|[silent]
|-damage|p1a: Basculegion|70/100|[from] Recoil
|
|-weather|RainDance|[upkeep]
|upkeep
|
|t:|1760386585
|switch|p2a: Ninetales|Ninetales, F|59/100
|-weather|SunnyDay|[from] ability: Drought|[of] p2a: Ninetales
|turn|16
|
|t:|1760386591
|switch|p2a: Iron Moth|Iron Moth|100/100
|switch|p1a: Sandy Shocks|Sandy Shocks|100/100
|-activate|p1a: Sandy Shocks|ability: Protosynthesis
|-start|p1a: Sandy Shocks|protosynthesisspe
|
|-weather|SunnyDay|[upkeep]
|upkeep
|turn|17
|
|t:|1760386595
|move|p1a: Sandy Shocks|Earth Power|p2a: Iron Moth
|-supereffective|p2a: Iron Moth
|-damage|p2a: Iron Moth|0 fnt
|faint|p2a: Iron Moth
|-end|p2a: Iron Moth|Quark Drive|[silent]
|
|-weather|SunnyDay|[upkeep]
|upkeep
|
|t:|1760386602
|switch|p2a: Comfey|Comfey, M|100/100
|turn|18
|
|t:|1760386609
|move|p1a: Sandy Shocks|Earth Power|p2a: Comfey
|-damage|p2a: Comfey|56/100
|move|p2a: Comfey|Growth|p2a: Comfey
|-boost|p2a: Comfey|atk|2
|-boost|p2a: Comfey|spa|2
|
|-weather|SunnyDay|[upkeep]
|upkeep
|turn|19
|
|t:|1760386616
|-end|p1a: Sandy Shocks|Protosynthesis|[silent]
|switch|p1a: Scizor|Scizor, M|77/100
|move|p2a: Comfey|Growth|p2a: Comfey
|-boost|p2a: Comfey|atk|2
|-boost|p2a: Comfey|spa|2
|
|-weather|SunnyDay|[upkeep]
|upkeep
|turn|20
|
|t:|1760386622
|-terastallize|p2a: Comfey|Water
|move|p2a: Comfey|Synthesis|p2a: Comfey
|-heal|p2a: Comfey|100/100
|move|p1a: Scizor|Bullet Punch|p2a: Comfey
|-resisted|p2a: Comfey
|-damage|p2a: Comfey|80/100
|
|-weather|SunnyDay|[upkeep]
|upkeep
|turn|21
|
|t:|1760386627
|move|p2a: Comfey|Stored Power|p1a: Scizor
|-resisted|p1a: Scizor
|-damage|p1a: Scizor|0 fnt
|faint|p1a: Scizor
|-damage|p2a: Comfey|70/100|[from] item: Life Orb
|
|-weather|SunnyDay|[upkeep]
|upkeep
|c|☆volcaronaisboss|gg
|c|☆ch1ck3n nu99ets|cool set
|
|t:|1760386642
|switch|p1a: Sandy Shocks|Sandy Shocks|100/100
|-activate|p1a: Sandy Shocks|ability: Protosynthesis
|-start|p1a: Sandy Shocks|protosynthesisspe
|turn|22
|
|t:|1760386646
|move|p2a: Comfey|Draining Kiss|p1a: Sandy Shocks
|-damage|p1a: Sandy Shocks|0 fnt
|-heal|p2a: Comfey|100/100|[from] drain|[of] p1a: Sandy Shocks
|faint|p1a: Sandy Shocks
|-end|p1a: Sandy Shocks|Protosynthesis|[silent]
|-damage|p2a: Comfey|91/100|[from] item: Life Orb
|
|-weather|SunnyDay|[upkeep]
|upkeep
|c|☆ch1ck3n nu99ets|gg
|-message|ch1ck3n nu99ets forfeited.
|
|win|volcaronaisboss
|raw|ch1ck3n nu99ets's rating: 1661 &rarr; <strong>1643</strong><br />(-18 for losing)
|raw|volcaronaisboss's rating: 1695 &rarr; <strong>1713</strong><br />(+18 for winning)
|l|☆ch1ck3n nu99ets
|player|p1|
|l|☆volcaronaisboss
|player|p2|
