|j|☆bigchungusin2025
|j|☆Pikka888
|t:|1760362839
|gametype|singles
|player|p1|bigchungusin2025|infielder|1402
|player|p2|Pikka888|169|1365
|gen|9
|tier|[Gen 9] OU
|rated|
|rule|HP Percentage Mod: HP is shown in percentages
|rule|Endless Battle Clause: Forcing endless battles is banned
|rule|Species Clause: Limit one of each Pokémon
|rule|OHKO Clause: OHKO moves are banned
|rule|Evasion Items Clause: Evasion items are banned
|rule|Evasion Moves Clause: Evasion moves are banned
|rule|Evasion Abilities Clause: Evasion abilities are banned
|rule|Sleep Moves Clause: Sleep-inducing moves are banned
|clearpoke
|poke|p1|Landorus-Therian, M|
|poke|p1|Corviknight, M|
|poke|p1|Zoroark-Hisui, F|
|poke|p1|Raging Bolt|
|poke|p1|Slowking-Galar, F|
|poke|p1|Samurott-Hisui, F|
|poke|p2|Gyarados, F|
|poke|p2|Skarmory, F|
|poke|p2|Gholdengo|
|poke|p2|Great Tusk|
|poke|p2|Iron Boulder|
|poke|p2|Comfey, M|
|teampreview
|inactive|Battle timer is ON: inactive players will automatically lose when time's up. (requested by bigchungusin2025)
|
|t:|1760362858
|teamsize|p1|6
|teamsize|p2|6
|start
|switch|p1a: Jaws (1975)|Samurott-Hisui, F, shiny|100/100
|switch|p2a: Skarmory|Skarmory, F|100/100
|turn|1
|
|t:|1760362865
|move|p1a: Jaws (1975)|Knock Off|p2a: Skarmory
|-damage|p2a: Skarmory|57/100
|-enditem|p2a: Skarmory|Custap Berry|[from] move: Knock Off|[of] p1a: Jaws (1975)
|move|p2a: Skarmory|Stealth Rock|p1a: Jaws (1975)
|-sidestart|p1: bigchungusin2025|move: Stealth Rock
|
|upkeep
|turn|2
|
|t:|1760362875
|move|p1a: Jaws (1975)|Knock Off|p2a: Skarmory
|-damage|p2a: Skarmory|28/100
|move|p2a: Skarmory|Spikes|p1a: Jaws (1975)
|-sidestart|p1: bigchungusin2025|Spikes
|
|upkeep
|turn|3
|
|t:|1760362880
|move|p1a: Jaws (1975)|Knock Off|p2a: Skarmory
|-damage|p2a: Skarmory|1/100
|move|p2a: Skarmory|Brave Bird|p1a: Jaws (1975)
|-damage|p1a: Jaws (1975)|45/100
|-damage|p2a: Skarmory|0 fnt|[from] Recoil
|faint|p2a: Skarmory
|
|upkeep
|
|t:|1760362894
|switch|p2a: Great Tusk|Great Tusk|100/100
|turn|4
|
|t:|1760362899
|switch|p1a: Top Gun (1986)|Corviknight, M, shiny|100/100
|-damage|p1a: Top Gun (1986)|88/100|[from] Stealth Rock
|-ability|p1a: Top Gun (1986)|Pressure
|move|p2a: Great Tusk|Close Combat|p1a: Top Gun (1986)
|-damage|p1a: Top Gun (1986)|50/100
|-unboost|p2a: Great Tusk|def|1
|-unboost|p2a: Great Tusk|spd|1
|
|-heal|p1a: Top Gun (1986)|56/100|[from] item: Leftovers
|upkeep
|turn|5
|
|t:|1760362903
|-end|p2a: Great Tusk|Protosynthesis|[silent]
|switch|p2a: Gholdengo|Gholdengo|100/100
|move|p1a: Top Gun (1986)|U-turn|p2a: Gholdengo
|-resisted|p2a: Gholdengo
|-damage|p2a: Gholdengo|96/100
|
|t:|1760362908
|switch|p1a: Jaws (1975)|Samurott-Hisui, F, shiny|45/100|[from] U-turn
|-damage|p1a: Jaws (1975)|33/100|[from] Stealth Rock
|-damage|p1a: Jaws (1975)|20/100|[from] Spikes
|
|upkeep
|turn|6
|
|t:|1760362915
|move|p1a: Jaws (1975)|Knock Off|p2a: Gholdengo
|-supereffective|p2a: Gholdengo
|-damage|p2a: Gholdengo|1/100
|-enditem|p2a: Gholdengo|Choice Scarf|[from] move: Knock Off|[of] p1a: Jaws (1975)
|move|p2a: Gholdengo|Shadow Ball|p1a: Jaws (1975)
|-resisted|p1a: Jaws (1975)
|-damage|p1a: Jaws (1975)|0 fnt
|faint|p1a: Jaws (1975)
|
|upkeep
|
|t:|1760362929
|switch|p1a: Air Bud (1997)|Landorus-Therian, M|100/100
|-damage|p1a: Air Bud (1997)|88/100|[from] Stealth Rock
|-ability|p1a: Air Bud (1997)|Intimidate|boost
|-unboost|p2a: Gholdengo|atk|1
|turn|7
|
|t:|1760362935
|move|p1a: Air Bud (1997)|U-turn|p2a: Gholdengo
|-resisted|p2a: Gholdengo
|-damage|p2a: Gholdengo|0 fnt
|faint|p2a: Gholdengo
|
|t:|1760362938
|switch|p1a: Top Gun (1986)|Corviknight, M, shiny|56/100|[from] U-turn
|-damage|p1a: Top Gun (1986)|44/100|[from] Stealth Rock
|-ability|p1a: Top Gun (1986)|Pressure
|
|-heal|p1a: Top Gun (1986)|50/100|[from] item: Leftovers
|upkeep
|
|t:|1760362947
|switch|p2a: Iron Boulder|Iron Boulder|100/100
|-enditem|p2a: Iron Boulder|Booster Energy
|-activate|p2a: Iron Boulder|ability: Quark Drive|[fromitem]
|-start|p2a: Iron Boulder|quarkdrivespe
|turn|8
|
|t:|1760362953
|move|p2a: Iron Boulder|Swords Dance|p2a: Iron Boulder
|-boost|p2a: Iron Boulder|atk|2
|move|p1a: Top Gun (1986)|Defog|p2a: Iron Boulder
|-unboost|p2a: Iron Boulder|evasion|1
|-sideend|p1: bigchungusin2025|Spikes|[from] move: Defog|[of] p1a: Top Gun (1986)
|-sideend|p1: bigchungusin2025|Stealth Rock|[from] move: Defog|[of] p1a: Top Gun (1986)
|
|-heal|p1a: Top Gun (1986)|56/100|[from] item: Leftovers
|upkeep
|turn|9
|
|t:|1760362962
|move|p2a: Iron Boulder|Substitute|p2a: Iron Boulder
|-start|p2a: Iron Boulder|Substitute
|-damage|p2a: Iron Boulder|76/100
|move|p1a: Top Gun (1986)|Roost|p1a: Top Gun (1986)
|-heal|p1a: Top Gun (1986)|100/100
|-singleturn|p1a: Top Gun (1986)|move: Roost
|
|upkeep
|turn|10
|
|t:|1760362979
|move|p2a: Iron Boulder|Swords Dance|p2a: Iron Boulder
|-boost|p2a: Iron Boulder|atk|2
|move|p1a: Top Gun (1986)|Body Press|p2a: Iron Boulder
|-end|p2a: Iron Boulder|Substitute
|
|upkeep
|turn|11
|
|t:|1760362983
|move|p2a: Iron Boulder|Mighty Cleave|p1a: Top Gun (1986)
|-damage|p1a: Top Gun (1986)|18/100
|move|p1a: Top Gun (1986)|Body Press|p2a: Iron Boulder
|-damage|p2a: Iron Boulder|44/100
|
|-heal|p1a: Top Gun (1986)|24/100|[from] item: Leftovers
|upkeep
|turn|12
|
|t:|1760362990
|move|p2a: Iron Boulder|Mighty Cleave|p1a: Top Gun (1986)
|-damage|p1a: Top Gun (1986)|0 fnt
|faint|p1a: Top Gun (1986)
|
|upkeep
|
|t:|1760362997
|switch|p1a: Inception (2010)|Slowking-Galar, F, shiny|100/100
|turn|13
|
|t:|1760363003
|move|p1a: Inception (2010)|Shadow Sneak|p2a: Iron Boulder
|-supereffective|p2a: Iron Boulder
|-damage|p2a: Iron Boulder|1/100
|move|p2a: Iron Boulder|Mighty Cleave|p1a: Inception (2010)
|-enditem|p1a: Inception (2010)|Focus Sash
|-damage|p1a: Inception (2010)|1/100
|replace|p1a: Poltergeist (1982)|Zoroark-Hisui, F
|-end|p1a: Poltergeist (1982)|Illusion
|
|upkeep
|turn|14
|
|t:|1760363013
|move|p1a: Poltergeist (1982)|Shadow Sneak|p2a: Iron Boulder
|-supereffective|p2a: Iron Boulder
|-damage|p2a: Iron Boulder|0 fnt
|faint|p2a: Iron Boulder
|-end|p2a: Iron Boulder|Quark Drive|[silent]
|
|upkeep
|
|t:|1760363015
|switch|p2a: Comfey|Comfey, M, shiny|100/100
|turn|15
|
|t:|1760363020
|move|p1a: Poltergeist (1982)|Poltergeist|p2a: Comfey
|-activate|p2a: Comfey|move: Poltergeist|Fairy Feather
|-damage|p2a: Comfey|37/100
|move|p2a: Comfey|Calm Mind|p2a: Comfey
|-boost|p2a: Comfey|spa|1
|-boost|p2a: Comfey|spd|1
|
|upkeep
|turn|16
|
|t:|1760363026
|move|p2a: Comfey|Draining Kiss|p1a: Poltergeist (1982)
|-damage|p1a: Poltergeist (1982)|0 fnt
|-heal|p2a: Comfey|38/100|[from] drain|[of] p1a: Poltergeist (1982)
|faint|p1a: Poltergeist (1982)
|
|upkeep
|
|t:|1760363030
|switch|p1a: Inception (2010)|Slowking-Galar, F, shiny|100/100
|turn|17
|
|t:|1760363038
|move|p2a: Comfey|Draining Kiss|p1a: Inception (2010)
|-resisted|p1a: Inception (2010)
|-damage|p1a: Inception (2010)|90/100
|-heal|p2a: Comfey|48/100|[from] drain|[of] p1a: Inception (2010)
|move|p1a: Inception (2010)|Psychic Noise|p2a: Comfey
|-damage|p2a: Comfey|27/100
|-start|p2a: Comfey|move: Heal Block
|
|upkeep
|turn|18
|
|t:|1760363046
|move|p2a: Comfey|Tera Blast|p1a: Inception (2010)
|-damage|p1a: Inception (2010)|70/100
|move|p1a: Inception (2010)|Sludge Bomb|p2a: Comfey
|-supereffective|p2a: Comfey
|-damage|p2a: Comfey|0 fnt
|faint|p2a: Comfey
|
|upkeep
|inactive|Pikka888 has 120 seconds left.
|l|☆Pikka888
|inactive|Pikka888 disconnected and has a minute to reconnect!
|player|p2|
|j|☆Pikka888
|inactive|Pikka888 reconnected and has 115 seconds left.
|player|p2|Pikka888|169|
|
|t:|1760363091
|switch|p2a: Gyarados|Gyarados, F|100/100
|turn|19
|
|t:|1760363100
|move|p2a: Gyarados|Substitute|p2a: Gyarados
|-start|p2a: Gyarados|Substitute
|-damage|p2a: Gyarados|76/100
|move|p1a: Inception (2010)|Toxic||[still]
|-fail|p1a: Inception (2010)
|
|-heal|p2a: Gyarados|82/100|[from] item: Leftovers
|upkeep
|turn|20
|
|t:|1760363103
|move|p2a: Gyarados|Dragon Dance|p2a: Gyarados
|-boost|p2a: Gyarados|atk|1
|-boost|p2a: Gyarados|spe|1
|move|p1a: Inception (2010)|Psychic Noise|p2a: Gyarados
|-damage|p2a: Gyarados|53/100
|-start|p2a: Gyarados|move: Heal Block
|
|upkeep
|turn|21
|
|t:|1760363112
|-terastallize|p1a: Inception (2010)|Water
|move|p2a: Gyarados|Waterfall|p1a: Inception (2010)
|-resisted|p1a: Inception (2010)
|-damage|p1a: Inception (2010)|37/100
|cant|p1a: Inception (2010)|flinch
|
|-end|p2a: Gyarados|move: Heal Block
|upkeep
|turn|22
|
|t:|1760363120
|move|p2a: Gyarados|Dragon Dance|p2a: Gyarados
|-boost|p2a: Gyarados|atk|1
|-boost|p2a: Gyarados|spe|1
|move|p1a: Inception (2010)|Sludge Bomb|p2a: Gyarados
|-end|p2a: Gyarados|Substitute
|
|-heal|p2a: Gyarados|59/100|[from] item: Leftovers
|upkeep
|turn|23
|
|t:|1760363127
|move|p2a: Gyarados|Substitute|p2a: Gyarados
|-start|p2a: Gyarados|Substitute
|-damage|p2a: Gyarados|34/100
|move|p1a: Inception (2010)|Sludge Bomb|p2a: Gyarados
|-end|p2a: Gyarados|Substitute
|
|-heal|p2a: Gyarados|40/100|[from] item: Leftovers
|upkeep
|turn|24
|
|t:|1760363135
|move|p2a: Gyarados|Scale Shot|p1a: Inception (2010)
|-damage|p1a: Inception (2010)|19/100
|-damage|p1a: Inception (2010)|0 fnt
|faint|p1a: Inception (2010)
|-ability|p2a: Gyarados|Moxie|boost
|-boost|p2a: Gyarados|atk|1
|-hitcount|p1: Inception (2010)|2
|-unboost|p2a: Gyarados|def|1
|-boost|p2a: Gyarados|spe|1
|
|-heal|p2a: Gyarados|46/100|[from] item: Leftovers
|upkeep
|
|t:|1760363146
|switch|p1a: Air Bud (1997)|Landorus-Therian, M|88/100
|-ability|p1a: Air Bud (1997)|Intimidate|boost
|-unboost|p2a: Gyarados|atk|1
|turn|25
|
|t:|1760363150
|move|p2a: Gyarados|Waterfall|p1a: Air Bud (1997)
|-supereffective|p1a: Air Bud (1997)
|-damage|p1a: Air Bud (1997)|0 fnt
|faint|p1a: Air Bud (1997)
|-ability|p2a: Gyarados|Moxie|boost
|-boost|p2a: Gyarados|atk|1
|
|-heal|p2a: Gyarados|52/100|[from] item: Leftovers
|upkeep
|
|t:|1760363153
|switch|p1a: Godzilla (1954)|Raging Bolt|100/100
|turn|26
|
|t:|1760363160
|-terastallize|p2a: Gyarados|Dragon
|move|p2a: Gyarados|Scale Shot|p1a: Godzilla (1954)
|-supereffective|p1a: Godzilla (1954)
|-damage|p1a: Godzilla (1954)|34/100
|-supereffective|p1a: Godzilla (1954)
|-damage|p1a: Godzilla (1954)|0 fnt
|faint|p1a: Godzilla (1954)
|-end|p1a: Godzilla (1954)|Protosynthesis|[silent]
|-hitcount|p1: Godzilla (1954)|2
|
|win|Pikka888
|raw|bigchungusin2025's rating: 1402 &rarr; <strong>1380</strong><br />(-22 for losing)
|raw|Pikka888's rating: 1365 &rarr; <strong>1387</strong><br />(+22 for winning)
|l|☆bigchungusin2025
|player|p1|
|l|☆Pikka888
|player|p2|
