|badge|p2|bronze|gen9randombattle|100-7
|uhtml|medal-msg|<div class="broadcast-blue">Curious what those medals under the avatar are? PS now has Ladder Seasons! For more information, check out the <a href="https://www.smogon.com/forums/threads/3740067/">thread on Smogon.</a></div>
|j|☆ChronosXZ
|j|☆psychoplasm
|t:|1760446359
|gametype|singles
|player|p1|ChronosXZ|265|1372
|player|p2|psychoplasm|ghetsis|1428
|gen|9
|tier|[Gen 9] OU
|rated|
|rule|HP Percentage Mod: HP is shown in percentages
|rule|Endless Battle Clause: Forcing endless battles is banned
|rule|Species Clause: Limit one of each Pokémon
|rule|OHKO Clause: OHKO moves are banned
|rule|Evasion Items Clause: Evasion items are banned
|rule|Evasion Moves Clause: Evasion moves are banned
|rule|Evasion Abilities Clause: Evasion abilities are banned
|rule|Sleep Moves Clause: Sleep-inducing moves are banned
|clearpoke
|poke|p1|Breloom, M|
|poke|p1|Alomomola, M|
|poke|p1|Raging Bolt|
|poke|p1|Scizor, M|
|poke|p1|Landorus-Therian, M|
|poke|p1|Dragapult, M|
|poke|p2|Hoopa-Unbound|
|poke|p2|Hydrapple, M|
|poke|p2|Gliscor, M|
|poke|p2|Cinderace, M|
|poke|p2|Alomomola, F|
|poke|p2|Gholdengo|
|teampreview
|j| Mouse_Wizard
|l| Mouse_Wizard
|inactive|Battle timer is ON: inactive players will automatically lose when time's up. (requested by psychoplasm)
|
|t:|1760446395
|teamsize|p1|6
|teamsize|p2|6
|start
|switch|p1a: Alomomola|Alomomola, M|100/100
|switch|p2a: Gliscor|Gliscor, M|100/100
|turn|1
|
|t:|1760446399
|move|p2a: Gliscor|Protect|p2a: Gliscor
|-singleturn|p2a: Gliscor|Protect
|move|p1a: Alomomola|Scald|p2a: Gliscor
|-activate|p2a: Gliscor|move: Protect
|
|-status|p2a: Gliscor|tox|[from] item: Toxic Orb
|upkeep
|turn|2
|
|t:|1760446405
|switch|p2a: Alomomola|Alomomola, F|100/100
|move|p1a: Alomomola|Flip Turn|p2a: Alomomola
|-resisted|p2a: Alomomola
|-damage|p2a: Alomomola|94/100
|
|t:|1760446409
|switch|p1a: Breloom|Breloom, M|100/100|[from] Flip Turn
|
|upkeep
|turn|3
|
|t:|1760446421
|switch|p2a: Hydrapple|Hydrapple, M, shiny|100/100
|move|p1a: Breloom|Swords Dance|p1a: Breloom
|-boost|p1a: Breloom|atk|2
|
|upkeep
|turn|4
|
|t:|1760446426
|move|p1a: Breloom|Mach Punch|p2a: Hydrapple
|-crit|p2a: Hydrapple
|-damage|p2a: Hydrapple|13/100
|-damage|p1a: Breloom|84/100|[from] item: Rocky Helmet|[of] p2a: Hydrapple
|-damage|p1a: Breloom|74/100|[from] item: Life Orb
|move|p2a: Hydrapple|Fickle Beam|p1a: Breloom
|-damage|p1a: Breloom|0 fnt
|faint|p1a: Breloom
|
|upkeep
|
|t:|1760446445
|switch|p1a: Dragapult|Dragapult, M|100/100
|turn|5
|
|t:|1760446452
|switch|p2a: Alomomola|Alomomola, F|100/100
|move|p1a: Dragapult|Dragon Darts|p2a: Alomomola
|-damage|p2a: Alomomola|78/100
|-anim|p1a: Dragapult|Dragon Darts|p2a: Alomomola
|-damage|p2a: Alomomola|57/100
|-damage|p1a: Dragapult|91/100|[from] item: Life Orb
|
|upkeep
|turn|6
|
|t:|1760446463
|-terastallize|p1a: Dragapult|Dragon
|move|p1a: Dragapult|Dragon Darts|p2a: Alomomola
|-damage|p2a: Alomomola|27/100
|-anim|p1a: Dragapult|Dragon Darts|p2a: Alomomola
|-damage|p2a: Alomomola|1/100
|-damage|p1a: Dragapult|81/100|[from] item: Life Orb
|move|p2a: Alomomola|Flip Turn|p1a: Dragapult
|-resisted|p1a: Dragapult
|-damage|p1a: Dragapult|71/100
|
|t:|1760446469
|switch|p2a: Hoopa|Hoopa-Unbound|100/100|[from] Flip Turn
|
|upkeep
|turn|7
|
|t:|1760446473
|move|p2a: Hoopa|Knock Off|p1a: Dragapult
|-damage|p1a: Dragapult|0 fnt
|-enditem|p1a: Dragapult|Life Orb|[from] move: Knock Off|[of] p2a: Hoopa
|faint|p1a: Dragapult
|
|upkeep
|
|t:|1760446481
|switch|p1a: Landorus|Landorus-Therian, M|100/100
|-ability|p1a: Landorus|Intimidate|boost
|-unboost|p2a: Hoopa|atk|1
|turn|8
|
|t:|1760446487
|switch|p2a: Hydrapple|Hydrapple, M, shiny|46/100
|move|p1a: Landorus|U-turn|p2a: Hydrapple
|-supereffective|p2a: Hydrapple
|-damage|p2a: Hydrapple|19/100
|-damage|p1a: Landorus|84/100|[from] item: Rocky Helmet|[of] p2a: Hydrapple
|
|t:|1760446491
|switch|p1a: Scizor|Scizor, M|100/100|[from] U-turn
|
|upkeep
|turn|9
|
|t:|1760446495
|switch|p2a: Alomomola|Alomomola, F|35/100
|move|p1a: Scizor|U-turn|p2a: Alomomola
|-damage|p2a: Alomomola|6/100
|
|t:|1760446498
|switch|p1a: Raging Bolt|Raging Bolt|100/100|[from] U-turn
|
|upkeep
|turn|10
|
|t:|1760446506
|switch|p2a: Gliscor|Gliscor, M|100/100 tox
|move|p1a: Raging Bolt|Volt Switch|p2a: Gliscor
|-immune|p2a: Gliscor
|
|upkeep
|turn|11
|
|t:|1760446509
|move|p2a: Gliscor|Earthquake|p1a: Raging Bolt
|-supereffective|p1a: Raging Bolt
|-damage|p1a: Raging Bolt|38/100
|move|p1a: Raging Bolt|Draco Meteor|p2a: Gliscor
|-damage|p2a: Gliscor|6/100 tox
|-unboost|p1a: Raging Bolt|spa|2
|-damage|p1a: Raging Bolt|28/100|[from] item: Life Orb
|
|-heal|p2a: Gliscor|18/100 tox|[from] ability: Poison Heal
|upkeep
|turn|12
|
|t:|1760446520
|-end|p1a: Raging Bolt|Protosynthesis|[silent]
|switch|p1a: Landorus|Landorus-Therian, M|84/100
|-ability|p1a: Landorus|Intimidate|boost
|-unboost|p2a: Gliscor|atk|1
|move|p2a: Gliscor|Spikes|p1a: Landorus
|-sidestart|p1: ChronosXZ|Spikes
|
|-heal|p2a: Gliscor|31/100 tox|[from] ability: Poison Heal
|upkeep
|turn|13
|
|t:|1760446525
|move|p1a: Landorus|Stealth Rock|p2a: Gliscor
|-sidestart|p2: psychoplasm|move: Stealth Rock
|move|p2a: Gliscor|Spikes|p1a: Landorus
|-sidestart|p1: ChronosXZ|Spikes
|
|-heal|p2a: Gliscor|43/100 tox|[from] ability: Poison Heal
|upkeep
|turn|14
|
|t:|1760446535
|move|p1a: Landorus|Taunt|p2a: Gliscor
|-start|p2a: Gliscor|move: Taunt
|move|p2a: Gliscor|Earthquake|p1a: Landorus
|-immune|p1a: Landorus
|
|-heal|p2a: Gliscor|56/100 tox|[from] ability: Poison Heal
|upkeep
|turn|15
|
|t:|1760446542
|move|p1a: Landorus|U-turn|p2a: Gliscor
|-resisted|p2a: Gliscor
|-damage|p2a: Gliscor|48/100 tox
|
|t:|1760446544
|switch|p1a: Scizor|Scizor, M|100/100|[from] U-turn
|-damage|p1a: Scizor|84/100|[from] Spikes
|move|p2a: Gliscor|Earthquake|p1a: Scizor
|-damage|p1a: Scizor|60/100
|
|-heal|p2a: Gliscor|61/100 tox|[from] ability: Poison Heal
|upkeep
|turn|16
|
|t:|1760446556
|switch|p2a: Alomomola|Alomomola, F|39/100
|-damage|p2a: Alomomola|27/100|[from] Stealth Rock
|move|p1a: Scizor|Defog|p2a: Alomomola
|-unboost|p2a: Alomomola|evasion|1
|-sideend|p2: psychoplasm|Stealth Rock|[from] move: Defog|[of] p1a: Scizor
|-sideend|p1: ChronosXZ|Spikes|[from] move: Defog|[of] p1a: Scizor
|
|upkeep
|turn|17
|
|t:|1760446560
|move|p1a: Scizor|U-turn|p2a: Alomomola
|-damage|p2a: Alomomola|0 fnt
|faint|p2a: Alomomola
|
|t:|1760446567
|switch|p1a: Landorus|Landorus-Therian, M|84/100|[from] U-turn
|
|upkeep
|
|t:|1760446576
|switch|p2a: Hoopa|Hoopa-Unbound|100/100
|turn|18
|
|t:|1760446583
|-terastallize|p2a: Hoopa|Poison
|move|p2a: Hoopa|Psychic Noise|p1a: Landorus
|-damage|p1a: Landorus|37/100
|-start|p1a: Landorus|move: Heal Block
|move|p1a: Landorus|U-turn|p2a: Hoopa
|-resisted|p2a: Hoopa
|-damage|p2a: Hoopa|82/100
|
|t:|1760446591
|switch|p1a: Scizor|Scizor, M|60/100|[from] U-turn
|
|upkeep
|turn|19
|
|t:|1760446597
|switch|p2a: Gliscor|Gliscor, M|61/100 tox
|move|p1a: Scizor|Knock Off|p2a: Gliscor
|-damage|p2a: Gliscor|29/100 tox
|-enditem|p2a: Gliscor|Toxic Orb|[from] move: Knock Off|[of] p1a: Scizor
|
|-heal|p2a: Gliscor|42/100 tox|[from] ability: Poison Heal
|upkeep
|turn|20
|
|t:|1760446603
|move|p2a: Gliscor|Toxic|p1a: Scizor
|-immune|p1a: Scizor
|move|p1a: Scizor|U-turn|p2a: Gliscor
|-resisted|p2a: Gliscor
|-damage|p2a: Gliscor|27/100 tox
|
|t:|1760446609
|switch|p1a: Alomomola|Alomomola, M|100/100|[from] U-turn
|
|-heal|p2a: Gliscor|39/100 tox|[from] ability: Poison Heal
|upkeep
|turn|21
|
|t:|1760446613
|move|p2a: Gliscor|Protect|p2a: Gliscor
|-singleturn|p2a: Gliscor|Protect
|move|p1a: Alomomola|Flip Turn|p2a: Gliscor
|-activate|p2a: Gliscor|move: Protect
|
|-heal|p2a: Gliscor|52/100 tox|[from] ability: Poison Heal
|upkeep
|turn|22
|
|t:|1760446616
|switch|p2a: Hydrapple|Hydrapple, M, shiny|52/100
|move|p1a: Alomomola|Scald|p2a: Hydrapple
|-resisted|p2a: Hydrapple
|-damage|p2a: Hydrapple|49/100
|-status|p2a: Hydrapple|brn
|
|-damage|p2a: Hydrapple|43/100 brn|[from] brn
|upkeep
|turn|23
|
|t:|1760446621
|move|p2a: Hydrapple|Giga Drain|p1a: Alomomola
|-supereffective|p1a: Alomomola
|-damage|p1a: Alomomola|63/100
|-heal|p2a: Hydrapple|64/100 brn|[from] drain|[of] p1a: Alomomola
|move|p1a: Alomomola|Mirror Coat|p2a: Hydrapple
|-damage|p2a: Hydrapple|0 fnt
|faint|p2a: Hydrapple
|
|upkeep
|
|t:|1760446634
|switch|p2a: Gholdengo|Gholdengo|100/100
|-item|p2a: Gholdengo|Air Balloon
|turn|24
|
|t:|1760446637
|move|p2a: Gholdengo|Thunder Wave|p1a: Alomomola
|-status|p1a: Alomomola|par
|move|p1a: Alomomola|Flip Turn|p2a: Gholdengo
|-damage|p2a: Gholdengo|88/100
|-enditem|p2a: Gholdengo|Air Balloon
|
|t:|1760446642
|switch|p1a: Scizor|Scizor, M|60/100|[from] Flip Turn
|
|upkeep
|turn|25
|
|t:|1760446645
|switch|p2a: Gliscor|Gliscor, M|52/100 tox
|move|p1a: Scizor|Knock Off|p2a: Gliscor
|-damage|p2a: Gliscor|32/100 tox
|
|-heal|p2a: Gliscor|45/100 tox|[from] ability: Poison Heal
|upkeep
|turn|26
|
|t:|1760446651
|move|p2a: Gliscor|Protect|p2a: Gliscor
|-singleturn|p2a: Gliscor|Protect
|move|p1a: Scizor|Bullet Punch|p2a: Gliscor
|-activate|p2a: Gliscor|move: Protect
|
|-heal|p2a: Gliscor|57/100 tox|[from] ability: Poison Heal
|upkeep
|turn|27
|
|t:|1760446653
|move|p1a: Scizor|Bullet Punch|p2a: Gliscor
|-damage|p2a: Gliscor|28/100 tox
|move|p2a: Gliscor|Earthquake|p1a: Scizor
|-damage|p1a: Scizor|24/100
|-enditem|p1a: Scizor|Sitrus Berry|[eat]
|-heal|p1a: Scizor|49/100|[from] item: Sitrus Berry
|
|-heal|p2a: Gliscor|41/100 tox|[from] ability: Poison Heal
|upkeep
|turn|28
|
|t:|1760446661
|move|p2a: Gliscor|Protect|p2a: Gliscor
|-singleturn|p2a: Gliscor|Protect
|move|p1a: Scizor|Bullet Punch|p2a: Gliscor
|-activate|p2a: Gliscor|move: Protect
|
|-heal|p2a: Gliscor|53/100 tox|[from] ability: Poison Heal
|upkeep
|turn|29
|
|t:|1760446664
|move|p1a: Scizor|Bullet Punch|p2a: Gliscor
|-damage|p2a: Gliscor|24/100 tox
|move|p2a: Gliscor|Earthquake|p1a: Scizor
|-damage|p1a: Scizor|16/100
|
|-heal|p2a: Gliscor|37/100 tox|[from] ability: Poison Heal
|upkeep
|turn|30
|
|t:|1760446673
|switch|p1a: Alomomola|Alomomola, M|96/100 par
|move|p2a: Gliscor|Toxic||[still]
|-fail|p2a: Gliscor
|
|-heal|p2a: Gliscor|49/100 tox|[from] ability: Poison Heal
|upkeep
|turn|31
|
|t:|1760446678
|switch|p2a: Gholdengo|Gholdengo|88/100
|move|p1a: Alomomola|Flip Turn|p2a: Gholdengo
|-crit|p2a: Gholdengo
|-damage|p2a: Gholdengo|70/100
|
|t:|1760446683
|switch|p1a: Landorus|Landorus-Therian, M|37/100|[from] Flip Turn
|-ability|p1a: Landorus|Intimidate|boost
|-unboost|p2a: Gholdengo|atk|1
|
|upkeep
|turn|32
|
|t:|1760446688
|switch|p2a: Gliscor|Gliscor, M|49/100 tox
|move|p1a: Landorus|U-turn|p2a: Gliscor
|-resisted|p2a: Gliscor
|-damage|p2a: Gliscor|42/100 tox
|
|t:|1760446690
|switch|p1a: Alomomola|Alomomola, M|100/100 par|[from] U-turn
|
|-heal|p2a: Gliscor|54/100 tox|[from] ability: Poison Heal
|upkeep
|turn|33
|
|t:|1760446694
|move|p2a: Gliscor|Protect|p2a: Gliscor
|-singleturn|p2a: Gliscor|Protect
|cant|p1a: Alomomola|par
|
|-heal|p2a: Gliscor|67/100 tox|[from] ability: Poison Heal
|upkeep
|turn|34
|
|t:|1760446696
|switch|p2a: Gholdengo|Gholdengo|70/100
|move|p1a: Alomomola|Scald|p2a: Gholdengo
|-damage|p2a: Gholdengo|56/100
|
|upkeep
|turn|35
|
|t:|1760446698
|move|p2a: Gholdengo|Hex|p1a: Alomomola
|-damage|p1a: Alomomola|68/100 par
|cant|p1a: Alomomola|par
|
|upkeep
|turn|36
|
|t:|1760446702
|move|p2a: Gholdengo|Hex|p1a: Alomomola
|-damage|p1a: Alomomola|36/100 par
|cant|p1a: Alomomola|par
|
|upkeep
|turn|37
|
|t:|1760446711
|move|p2a: Gholdengo|Recover|p2a: Gholdengo
|-heal|p2a: Gholdengo|100/100
|move|p1a: Alomomola|Mirror Coat||[still]
|-fail|p1a: Alomomola
|
|upkeep
|turn|38
|
|t:|1760446717
|move|p2a: Gholdengo|Hex|p1a: Alomomola
|-damage|p1a: Alomomola|2/100 par
|move|p1a: Alomomola|Mirror Coat|p2a: Gholdengo
|-damage|p2a: Gholdengo|15/100
|
|upkeep
|turn|39
|
|t:|1760446724
|switch|p1a: Scizor|Scizor, M|16/100
|move|p2a: Gholdengo|Hex|p1a: Scizor
|-damage|p1a: Scizor|0 fnt
|faint|p1a: Scizor
|
|upkeep
|
|t:|1760446727
|switch|p1a: Landorus|Landorus-Therian, M|37/100
|-ability|p1a: Landorus|Intimidate|boost
|-unboost|p2a: Gholdengo|atk|1
|turn|40
|
|t:|1760446736
|move|p1a: Landorus|Stealth Rock|p2a: Gholdengo
|-sidestart|p2: psychoplasm|move: Stealth Rock
|move|p2a: Gholdengo|Recover|p2a: Gholdengo
|-heal|p2a: Gholdengo|65/100
|
|upkeep
|turn|41
|
|t:|1760446738
|switch|p2a: Gliscor|Gliscor, M|67/100 tox
|-damage|p2a: Gliscor|54/100 tox|[from] Stealth Rock
|move|p1a: Landorus|Earth Power|p2a: Gliscor
|-immune|p2a: Gliscor
|
|-heal|p2a: Gliscor|67/100 tox|[from] ability: Poison Heal
|upkeep
|turn|42
|
|t:|1760446747
|move|p2a: Gliscor|Protect|p2a: Gliscor
|-singleturn|p2a: Gliscor|Protect
|move|p1a: Landorus|Taunt|p2a: Gliscor
|-activate|p2a: Gliscor|move: Protect
|
|-heal|p2a: Gliscor|79/100 tox|[from] ability: Poison Heal
|upkeep
|turn|43
|
|t:|1760446751
|move|p1a: Landorus|Taunt|p2a: Gliscor
|-start|p2a: Gliscor|move: Taunt
|move|p2a: Gliscor|Earthquake|p1a: Landorus
|-immune|p1a: Landorus
|
|-heal|p2a: Gliscor|92/100 tox|[from] ability: Poison Heal
|upkeep
|turn|44
|
|t:|1760446755
|move|p1a: Landorus|Earth Power|p2a: Gliscor
|-immune|p2a: Gliscor
|move|p2a: Gliscor|Earthquake|p1a: Landorus
|-immune|p1a: Landorus
|
|-heal|p2a: Gliscor|100/100 tox|[from] ability: Poison Heal
|upkeep
|turn|45
|
|t:|1760446766
|switch|p2a: Cinderace|Cinderace, M|100/100
|move|p1a: Landorus|U-turn|p2a: Cinderace
|-resisted|p2a: Cinderace
|-damage|p2a: Cinderace|89/100
|
|t:|1760446768
|switch|p1a: Alomomola|Alomomola, M|35/100 par|[from] U-turn
|
|upkeep
|turn|46
|
|t:|1760446772
|switch|p1a: Landorus|Landorus-Therian, M|37/100
|-ability|p1a: Landorus|Intimidate|boost
|-unboost|p2a: Cinderace|atk|1
|move|p2a: Cinderace|U-turn|p1a: Landorus
|-resisted|p1a: Landorus
|-damage|p1a: Landorus|31/100
|-damage|p2a: Cinderace|72/100|[from] item: Rocky Helmet|[of] p1a: Landorus
|
|t:|1760446775
|switch|p2a: Hoopa|Hoopa-Unbound, tera:Poison|82/100|[from] U-turn
|-damage|p2a: Hoopa|70/100|[from] Stealth Rock
|
|upkeep
|turn|47
|
|t:|1760446780
|move|p2a: Hoopa|Psychic Noise|p1a: Landorus
|-damage|p1a: Landorus|0 fnt
|faint|p1a: Landorus
|
|upkeep
|
|t:|1760446784
|switch|p1a: Alomomola|Alomomola, M|68/100 par
|turn|48
|
|t:|1760446792
|move|p2a: Hoopa|Psychic Noise|p1a: Alomomola
|-damage|p1a: Alomomola|48/100 par
|-start|p1a: Alomomola|move: Heal Block
|move|p1a: Alomomola|Mirror Coat|p2a: Hoopa
|-damage|p2a: Hoopa|4/100
|
|upkeep
|turn|49
|
|t:|1760446805
|switch|p2a: Gholdengo|Gholdengo|65/100
|-damage|p2a: Gholdengo|59/100|[from] Stealth Rock
|cant|p1a: Alomomola|par
|
|-end|p1a: Alomomola|move: Heal Block
|upkeep
|turn|50
|
|t:|1760446810
|move|p2a: Gholdengo|Recover|p2a: Gholdengo
|-heal|p2a: Gholdengo|100/100
|move|p1a: Alomomola|Flip Turn|p2a: Gholdengo
|-damage|p2a: Gholdengo|89/100
|
|t:|1760446812
|switch|p1a: Raging Bolt|Raging Bolt|28/100|[from] Flip Turn
|
|upkeep
|turn|51
|
|t:|1760446816
|move|p1a: Raging Bolt|Calm Mind|p1a: Raging Bolt
|-boost|p1a: Raging Bolt|spa|1
|-boost|p1a: Raging Bolt|spd|1
|move|p2a: Gholdengo|Hex|p1a: Raging Bolt
|-damage|p1a: Raging Bolt|8/100
|
|upkeep
|turn|52
|
|t:|1760446821
|move|p1a: Raging Bolt|Volt Switch|p2a: Gholdengo
|-damage|p2a: Gholdengo|8/100
|-damage|p1a: Raging Bolt|0 fnt|[from] item: Life Orb
|faint|p1a: Raging Bolt
|-end|p1a: Raging Bolt|Protosynthesis|[silent]
|move|p2a: Gholdengo|Hex|p1: Raging Bolt|[notarget]
|-fail|p2a: Gholdengo
|
|upkeep
|
|t:|1760446825
|switch|p1a: Alomomola|Alomomola, M|81/100 par
|turn|53
|
|t:|1760446826
|move|p2a: Gholdengo|Recover|p2a: Gholdengo
|-heal|p2a: Gholdengo|58/100
|cant|p1a: Alomomola|par
|
|upkeep
|turn|54
|
|t:|1760446831
|move|p2a: Gholdengo|Recover|p2a: Gholdengo
|-heal|p2a: Gholdengo|100/100
|move|p1a: Alomomola|Mirror Coat||[still]
|-fail|p1a: Alomomola
|
|upkeep
|turn|55
|
|t:|1760446836
|switch|p2a: Cinderace|Cinderace, M|72/100
|cant|p1a: Alomomola|par
|
|upkeep
|turn|56
|
|t:|1760446839
|move|p2a: Cinderace|Court Change|p2a: Cinderace
|-swapsideconditions
|-activate|p2a: Cinderace|move: Court Change
|move|p1a: Alomomola|Scald|p2a: Cinderace
|-supereffective|p2a: Cinderace
|-damage|p2a: Cinderace|41/100
|
|upkeep
|turn|57
|
|t:|1760446843
|move|p2a: Cinderace|U-turn|p1a: Alomomola
|-damage|p1a: Alomomola|69/100 par
|
|t:|1760446845
|switch|p2a: Gholdengo|Gholdengo|100/100|[from] U-turn
|move|p1a: Alomomola|Scald|p2a: Gholdengo
|-damage|p2a: Gholdengo|88/100
|
|upkeep
|turn|58
|
|t:|1760446860
|switch|p2a: Gliscor|Gliscor, M|100/100 tox
|move|p1a: Alomomola|Mirror Coat||[still]
|-fail|p1a: Alomomola
|
|upkeep
|turn|59
|-message|ChronosXZ forfeited.
|
|win|psychoplasm
|raw|ChronosXZ's rating: 1372 &rarr; <strong>1355</strong><br />(-17 for losing)
|raw|psychoplasm's rating: 1428 &rarr; <strong>1445</strong><br />(+17 for winning)
|l|☆ChronosXZ
|player|p1|
