|j|☆thebacchusbraviary
|j|☆SillyScallop
|t:|1760411872
|gametype|singles
|player|p1|thebacchusbraviary|winona|1509
|player|p2|SillyScallop|maid|1616
|gen|9
|tier|[Gen 9] OU
|rated|
|rule|HP Percentage Mod: HP is shown in percentages
|rule|Endless Battle Clause: Forcing endless battles is banned
|rule|Species Clause: Limit one of each Pokémon
|rule|OHKO Clause: OHKO moves are banned
|rule|Evasion Items Clause: Evasion items are banned
|rule|Evasion Moves Clause: Evasion moves are banned
|rule|Evasion Abilities Clause: Evasion abilities are banned
|rule|Sleep Moves Clause: Sleep-inducing moves are banned
|clearpoke
|poke|p1|Braviary, M|
|poke|p1|Tyranitar, F|
|poke|p1|Regice|
|poke|p1|Greninja-*, M|
|poke|p1|Arcanine-Hisui, M|
|poke|p1|Thundurus-Therian, M|
|poke|p2|Zamazenta-*|
|poke|p2|Cinderace, F|
|poke|p2|Slowking-Galar, F|
|poke|p2|Corviknight, M|
|poke|p2|Ting-Lu|
|poke|p2|Kyurem|
|teampreview
|inactive|Battle timer is ON: inactive players will automatically lose when time's up. (requested by thebacchusbraviary)
|
|t:|1760411893
|teamsize|p1|6
|teamsize|p2|6
|start
|switch|p1a: Thundurus|Thundurus-Therian, M|100/100
|switch|p2a: Cinderace|Cinderace, F|100/100
|turn|1
|
|t:|1760411897
|move|p2a: Cinderace|U-turn|p1a: Thundurus
|-resisted|p1a: Thundurus
|-damage|p1a: Thundurus|85/100
|
|t:|1760411901
|switch|p2a: Ting-Lu|Ting-Lu|100/100|[from] U-turn
|-ability|p2a: Ting-Lu|Vessel of Ruin
|move|p1a: Thundurus|Grass Knot|p2a: Ting-Lu
|-supereffective|p2a: Ting-Lu
|-damage|p2a: Ting-Lu|39/100
|
|-heal|p2a: Ting-Lu|46/100|[from] item: Leftovers
|upkeep
|turn|2
|
|t:|1760411928
|switch|p1a: Tyranitar|Tyranitar, F|100/100
|-weather|Sandstorm|[from] ability: Sand Stream|[of] p1a: Tyranitar
|switch|p2a: Slowking|Slowking-Galar, F|100/100
|
|-weather|Sandstorm|[upkeep]
|-damage|p2a: Slowking|94/100|[from] Sandstorm
|upkeep
|turn|3
|
|t:|1760411931
|move|p1a: Tyranitar|Knock Off|p2a: Slowking
|-supereffective|p2a: Slowking
|-damage|p2a: Slowking|15/100
|-enditem|p2a: Slowking|Shuca Berry|[from] move: Knock Off|[of] p1a: Tyranitar
|-prepare|p2a: Slowking|Chilly Reception|[premajor]
|move|p2a: Slowking|Chilly Reception|p2a: Slowking
|-weather|Snowscape
|
|t:|1760411938
|switch|p2a: Corviknight|Corviknight, M|100/100|[from] Chilly Reception
|-ability|p2a: Corviknight|Pressure
|
|-weather|Snowscape|[upkeep]
|upkeep
|turn|4
|
|t:|1760411942
|switch|p1a: Thundurus|Thundurus-Therian, M|85/100
|move|p2a: Corviknight|Body Press|p1a: Thundurus
|-resisted|p1a: Thundurus
|-damage|p1a: Thundurus|64/100
|
|-weather|Snowscape|[upkeep]
|upkeep
|turn|5
|
|t:|1760411947
|switch|p2a: Ting-Lu|Ting-Lu|46/100
|-ability|p2a: Ting-Lu|Vessel of Ruin
|move|p1a: Thundurus|Thunderbolt|p2a: Ting-Lu
|-immune|p2a: Ting-Lu
|
|-weather|Snowscape|[upkeep]
|-heal|p2a: Ting-Lu|52/100|[from] item: Leftovers
|upkeep
|turn|6
|
|t:|1760411954
|switch|p1a: Tyranitar|Tyranitar, F|100/100
|-weather|Sandstorm|[from] ability: Sand Stream|[of] p1a: Tyranitar
|move|p2a: Ting-Lu|Earthquake|p1a: Tyranitar
|-supereffective|p1a: Tyranitar
|-damage|p1a: Tyranitar|44/100
|
|-weather|Sandstorm|[upkeep]
|-heal|p2a: Ting-Lu|58/100|[from] item: Leftovers
|upkeep
|turn|7
|
|t:|1760411958
|move|p1a: Tyranitar|Low Kick|p2a: Ting-Lu
|-supereffective|p2a: Ting-Lu
|-damage|p2a: Ting-Lu|4/100
|move|p2a: Ting-Lu|Earthquake|p1a: Tyranitar
|-supereffective|p1a: Tyranitar
|-damage|p1a: Tyranitar|0 fnt
|faint|p1a: Tyranitar
|
|-weather|Sandstorm|[upkeep]
|-heal|p2a: Ting-Lu|11/100|[from] item: Leftovers
|upkeep
|
|t:|1760411961
|switch|p1a: Greninja|Greninja, M|100/100
|turn|8
|
|t:|1760411975
|switch|p2a: Kyurem|Kyurem|100/100
|-ability|p2a: Kyurem|Pressure
|move|p1a: Greninja|Water Shuriken|p2a: Kyurem
|-resisted|p2a: Kyurem
|-damage|p2a: Kyurem|97/100
|-resisted|p2a: Kyurem
|-damage|p2a: Kyurem|94/100
|-resisted|p2a: Kyurem
|-damage|p2a: Kyurem|91/100
|-resisted|p2a: Kyurem
|-damage|p2a: Kyurem|88/100
|-hitcount|p2a: Kyurem|4
|
|-weather|Sandstorm|[upkeep]
|-damage|p1a: Greninja|95/100|[from] Sandstorm
|-damage|p2a: Kyurem|82/100|[from] Sandstorm
|upkeep
|turn|9
|
|t:|1760411984
|switch|p1a: Regice|Regice|100/100
|move|p2a: Kyurem|Scale Shot|p1a: Regice
|-damage|p1a: Regice|90/100
|-damage|p1a: Regice|79/100
|-damage|p1a: Regice|69/100
|-damage|p1a: Regice|59/100
|-hitcount|p1a: Regice|4
|-unboost|p2a: Kyurem|def|1
|-boost|p2a: Kyurem|spe|1
|
|-weather|Sandstorm|[upkeep]
|-damage|p2a: Kyurem|76/100|[from] Sandstorm
|-damage|p1a: Regice|53/100|[from] Sandstorm
|-heal|p1a: Regice|59/100|[from] item: Leftovers
|upkeep
|turn|10
|
|t:|1760411991
|switch|p2a: Cinderace|Cinderace, F|100/100
|move|p1a: Regice|Body Press|p2a: Cinderace
|-damage|p2a: Cinderace|71/100
|
|-weather|none
|-heal|p1a: Regice|65/100|[from] item: Leftovers
|upkeep
|turn|11
|
|t:|1760411997
|move|p2a: Cinderace|U-turn|p1a: Regice
|-damage|p1a: Regice|52/100
|
|t:|1760412002
|switch|p2a: Slowking|Slowking-Galar, F|48/100|[from] U-turn
|move|p1a: Regice|Thunder Wave|p2a: Slowking
|-status|p2a: Slowking|par
|
|-heal|p1a: Regice|58/100|[from] item: Leftovers
|upkeep
|turn|12
|
|t:|1760412008
|switch|p1a: Thundurus|Thundurus-Therian, M|64/100
|-prepare|p2a: Slowking|Chilly Reception|[premajor]
|move|p2a: Slowking|Chilly Reception|p2a: Slowking
|-weather|Snowscape
|
|t:|1760412031
|switch|p2a: Cinderace|Cinderace, F|71/100|[from] Chilly Reception
|
|-weather|Snowscape|[upkeep]
|upkeep
|turn|13
|
|t:|1760412037
|move|p2a: Cinderace|Pyro Ball|p1a: Thundurus|[miss]
|-miss|p2a: Cinderace|p1a: Thundurus
|move|p1a: Thundurus|Thunderbolt|p2a: Cinderace
|-damage|p2a: Cinderace|0 fnt
|faint|p2a: Cinderace
|
|-weather|Snowscape|[upkeep]
|upkeep
|
|t:|1760412042
|switch|p2a: Ting-Lu|Ting-Lu|11/100
|-ability|p2a: Ting-Lu|Vessel of Ruin
|turn|14
|
|t:|1760412047
|switch|p1a: Greninja|Greninja, M|95/100
|move|p2a: Ting-Lu|Rest|p2a: Ting-Lu
|-status|p2a: Ting-Lu|slp|[from] move: Rest
|-heal|p2a: Ting-Lu|100/100 slp|[silent]
|
|-weather|Snowscape|[upkeep]
|upkeep
|turn|15
|
|t:|1760412054
|move|p1a: Greninja|Water Shuriken|p2a: Ting-Lu
|-supereffective|p2a: Ting-Lu
|-damage|p2a: Ting-Lu|94/100 slp
|-supereffective|p2a: Ting-Lu
|-crit|p2a: Ting-Lu
|-damage|p2a: Ting-Lu|85/100 slp
|-supereffective|p2a: Ting-Lu
|-damage|p2a: Ting-Lu|79/100 slp
|-supereffective|p2a: Ting-Lu
|-damage|p2a: Ting-Lu|72/100 slp
|-hitcount|p2a: Ting-Lu|4
|cant|p2a: Ting-Lu|slp
|move|p2a: Ting-Lu|Sleep Talk|p2a: Ting-Lu
|move|p2a: Ting-Lu|Rest||[from] move: Sleep Talk|[still]
|-fail|p2a: Ting-Lu
|
|-weather|Snowscape|[upkeep]
|-heal|p2a: Ting-Lu|79/100 slp|[from] item: Leftovers
|upkeep
|turn|16
|
|t:|1760412058
|move|p1a: Greninja|Water Shuriken|p2a: Ting-Lu
|-supereffective|p2a: Ting-Lu
|-damage|p2a: Ting-Lu|72/100 slp
|-supereffective|p2a: Ting-Lu
|-damage|p2a: Ting-Lu|65/100 slp
|-supereffective|p2a: Ting-Lu
|-damage|p2a: Ting-Lu|60/100 slp
|-supereffective|p2a: Ting-Lu
|-damage|p2a: Ting-Lu|54/100 slp
|-hitcount|p2a: Ting-Lu|4
|cant|p2a: Ting-Lu|slp
|move|p2a: Ting-Lu|Sleep Talk|p2a: Ting-Lu
|move|p2a: Ting-Lu|Earthquake|p1a: Greninja|[from] move: Sleep Talk
|-crit|p1a: Greninja
|-damage|p1a: Greninja|4/100
|
|-weather|none
|-heal|p2a: Ting-Lu|60/100 slp|[from] item: Leftovers
|upkeep
|turn|17
|
|t:|1760412062
|move|p1a: Greninja|Water Shuriken|p2a: Ting-Lu
|-supereffective|p2a: Ting-Lu
|-damage|p2a: Ting-Lu|54/100 slp
|-supereffective|p2a: Ting-Lu
|-damage|p2a: Ting-Lu|48/100 slp
|-supereffective|p2a: Ting-Lu
|-damage|p2a: Ting-Lu|42/100 slp
|-supereffective|p2a: Ting-Lu
|-damage|p2a: Ting-Lu|35/100 slp
|-hitcount|p2a: Ting-Lu|4
|-curestatus|p2a: Ting-Lu|slp|[msg]
|move|p2a: Ting-Lu|Rest|p2a: Ting-Lu
|-status|p2a: Ting-Lu|slp|[from] move: Rest
|-heal|p2a: Ting-Lu|100/100 slp|[silent]
|
|upkeep
|turn|18
|
|t:|1760412065
|switch|p1a: Arcanine|Arcanine-Hisui, M|100/100
|-item|p1a: Arcanine|Air Balloon
|cant|p2a: Ting-Lu|slp
|move|p2a: Ting-Lu|Sleep Talk|p2a: Ting-Lu
|move|p2a: Ting-Lu|Earthquake|p1a: Arcanine|[from] move: Sleep Talk
|-immune|p1a: Arcanine
|
|upkeep
|turn|19
|
|t:|1760412072
|move|p1a: Arcanine|Close Combat|p2a: Ting-Lu
|-supereffective|p2a: Ting-Lu
|-crit|p2a: Ting-Lu
|-damage|p2a: Ting-Lu|33/100 slp
|-unboost|p1a: Arcanine|def|1
|-unboost|p1a: Arcanine|spd|1
|cant|p2a: Ting-Lu|slp
|move|p2a: Ting-Lu|Sleep Talk|p2a: Ting-Lu
|move|p2a: Ting-Lu|Payback|p1a: Arcanine|[from] move: Sleep Talk
|-damage|p1a: Arcanine|26/100
|-enditem|p1a: Arcanine|Air Balloon
|
|-heal|p2a: Ting-Lu|39/100 slp|[from] item: Leftovers
|upkeep
|turn|20
|
|t:|1760412081
|switch|p2a: Corviknight|Corviknight, M|100/100
|-ability|p2a: Corviknight|Pressure
|move|p1a: Arcanine|Close Combat|p2a: Corviknight
|-damage|p2a: Corviknight|78/100
|-unboost|p1a: Arcanine|def|1
|-unboost|p1a: Arcanine|spd|1
|-damage|p1a: Arcanine|9/100|[from] item: Rocky Helmet|[of] p2a: Corviknight
|
|upkeep
|turn|21
|
|t:|1760412088
|move|p1a: Arcanine|Flare Blitz|p2a: Corviknight
|-supereffective|p2a: Corviknight
|-damage|p2a: Corviknight|4/100
|-status|p2a: Corviknight|brn
|-damage|p1a: Arcanine|0 fnt|[from] item: Rocky Helmet|[of] p2a: Corviknight
|faint|p1a: Arcanine
|move|p2a: Corviknight|Roost|p2a: Corviknight
|-heal|p2a: Corviknight|54/100 brn
|-singleturn|p2a: Corviknight|move: Roost
|
|-damage|p2a: Corviknight|48/100 brn|[from] brn
|upkeep
|
|t:|1760412092
|switch|p1a: Thundurus|Thundurus-Therian, M|64/100
|turn|22
|
|t:|1760412097
|move|p1a: Thundurus|Dark Pulse|p2a: Corviknight
|-damage|p2a: Corviknight|7/100 brn
|move|p2a: Corviknight|Roost|p2a: Corviknight
|-heal|p2a: Corviknight|57/100 brn
|-singleturn|p2a: Corviknight|move: Roost
|
|-damage|p2a: Corviknight|51/100 brn|[from] brn
|upkeep
|turn|23
|
|t:|1760412101
|switch|p2a: Ting-Lu|Ting-Lu|39/100 slp
|-ability|p2a: Ting-Lu|Vessel of Ruin
|move|p1a: Thundurus|Dark Pulse|p2a: Ting-Lu
|-resisted|p2a: Ting-Lu
|-damage|p2a: Ting-Lu|29/100 slp
|
|-heal|p2a: Ting-Lu|36/100 slp|[from] item: Leftovers
|upkeep
|turn|24
|
|t:|1760412105
|switch|p1a: Braviary|Braviary, M|100/100
|-curestatus|p2a: Ting-Lu|slp|[msg]
|move|p2a: Ting-Lu|Rest|p2a: Ting-Lu
|-status|p2a: Ting-Lu|slp|[from] move: Rest
|-heal|p2a: Ting-Lu|100/100 slp|[silent]
|
|upkeep
|turn|25
|-message|thebacchusbraviary forfeited.
|
|win|SillyScallop
|raw|thebacchusbraviary's rating: 1509 &rarr; <strong>1495</strong><br />(-14 for losing)
|raw|SillyScallop's rating: 1616 &rarr; <strong>1630</strong><br />(+14 for winning)
|l|☆thebacchusbraviary
|player|p1|
|l|☆SillyScallop
|player|p2|
