|j|☆judeus911
|j|☆PV_09
|t:|1760415978
|gametype|singles
|player|p1|judeus911|ghetsis|1418
|player|p2|PV_09|hexmaniac-gen3jp|1451
|gen|9
|tier|[Gen 9] OU
|rated|
|rule|HP Percentage Mod: HP is shown in percentages
|rule|Endless Battle Clause: Forcing endless battles is banned
|rule|Species Clause: Limit one of each Pokémon
|rule|OHKO Clause: OHKO moves are banned
|rule|Evasion Items Clause: Evasion items are banned
|rule|Evasion Moves Clause: Evasion moves are banned
|rule|Evasion Abilities Clause: Evasion abilities are banned
|rule|Sleep Moves Clause: Sleep-inducing moves are banned
|clearpoke
|poke|p1|Kingambit, F|
|poke|p1|Deoxys-Speed|
|poke|p1|Great Tusk|
|poke|p1|Dragonite, F|
|poke|p1|Iron Moth|
|poke|p1|Primarina, M|
|poke|p2|Hatterene, F|
|poke|p2|Bronzong|
|poke|p2|Primarina, F|
|poke|p2|Iron Hands|
|poke|p2|Gholdengo|
|poke|p2|Ursaluna, M|
|teampreview
|
|t:|1760416029
|teamsize|p1|6
|teamsize|p2|6
|start
|switch|p1a: Deoxys|Deoxys-Speed|100/100
|switch|p2a: raingurl|Gholdengo|100/100
|-ability|p1a: Deoxys|Pressure
|turn|1
|
|t:|1760416037
|move|p1a: Deoxys|Shadow Ball|p2a: raingurl
|-supereffective|p2a: raingurl
|-damage|p2a: raingurl|33/100
|-damage|p1a: Deoxys|91/100|[from] item: Life Orb
|move|p2a: raingurl|Shadow Ball|p1a: Deoxys
|-supereffective|p1a: Deoxys
|-damage|p1a: Deoxys|0 fnt
|faint|p1a: Deoxys
|
|upkeep
|
|t:|1760416047
|switch|p1a: Dragonite|Dragonite, F, shiny|100/100
|turn|2
|
|t:|1760416062
|switch|p2a: *NSYNC|Bronzong|100/100
|move|p1a: Dragonite|Fire Punch|p2a: *NSYNC
|-supereffective|p2a: *NSYNC
|-damage|p2a: *NSYNC|37/100
|-status|p2a: *NSYNC|brn
|
|-heal|p2a: *NSYNC|43/100 brn|[from] item: Leftovers
|-damage|p2a: *NSYNC|37/100 brn|[from] brn
|upkeep
|turn|3
|
|t:|1760416078
|switch|p2a: primadonna|Primarina, F|100/100
|move|p1a: Dragonite|Fire Punch|p2a: primadonna
|-resisted|p2a: primadonna
|-damage|p2a: primadonna|75/100
|
|upkeep
|turn|4
|
|t:|1760416091
|switch|p1a: Primarina|Primarina, M|100/100
|move|p2a: primadonna|Sparkling Aria|p1a: Primarina
|-resisted|p1a: Primarina
|-damage|p1a: Primarina|79/100
|-damage|p2a: primadonna|66/100|[from] item: Life Orb
|
|upkeep
|turn|5
|
|t:|1760416106
|move|p1a: Primarina|Whirlpool|p2a: primadonna
|-resisted|p2a: primadonna
|-damage|p2a: primadonna|58/100
|-activate|p2a: primadonna|move: Whirlpool|[of] p1a: Primarina
|move|p2a: primadonna|Moonblast|p1a: Primarina
|-damage|p1a: Primarina|32/100
|-damage|p2a: primadonna|48/100|[from] item: Life Orb
|
|-damage|p2a: primadonna|36/100|[from] move: Whirlpool|[partiallytrapped]
|upkeep
|turn|6
|
|t:|1760416118
|move|p1a: Primarina|Moonblast|p2a: primadonna
|-damage|p2a: primadonna|0 fnt
|faint|p2a: primadonna
|
|upkeep
|
|t:|1760416126
|switch|p2a: raingurl|Gholdengo|33/100
|turn|7
|
|t:|1760416134
|switch|p1a: Dragonite|Dragonite, F, shiny|100/100
|move|p2a: raingurl|Shadow Ball|p1a: Dragonite
|-damage|p1a: Dragonite|64/100
|
|upkeep
|turn|8
|
|t:|1760416146
|switch|p2a: nice & slow|Ursaluna, M|100/100
|move|p1a: Dragonite|Fire Punch|p2a: nice & slow
|-damage|p2a: nice & slow|68/100
|
|-status|p2a: nice & slow|brn|[from] item: Flame Orb
|upkeep
|turn|9
|
|t:|1760416159
|switch|p1a: Primarina|Primarina, M|32/100
|move|p2a: nice & slow|Facade|p1a: Primarina
|-crit|p1a: Primarina
|-damage|p1a: Primarina|0 fnt
|faint|p1a: Primarina
|
|-damage|p2a: nice & slow|62/100 brn|[from] brn
|upkeep
|
|t:|1760416167
|switch|p1a: Dragonite|Dragonite, F, shiny|64/100
|turn|10
|
|t:|1760416172
|move|p1a: Dragonite|Ice Spinner|p2a: nice & slow
|-supereffective|p2a: nice & slow
|-damage|p2a: nice & slow|0 fnt
|faint|p2a: nice & slow
|
|upkeep
|
|t:|1760416184
|switch|p2a: tesla-gnarly|Iron Hands|100/100
|turn|11
|
|t:|1760416192
|switch|p1a: Great Tusk|Great Tusk|100/100
|-enditem|p1a: Great Tusk|Booster Energy
|-activate|p1a: Great Tusk|ability: Protosynthesis|[fromitem]
|-start|p1a: Great Tusk|protosynthesisatk
|move|p2a: tesla-gnarly|Ice Punch|p1a: Great Tusk
|-supereffective|p1a: Great Tusk
|-damage|p1a: Great Tusk|30/100
|
|upkeep
|turn|12
|
|t:|1760416222
|-terastallize|p2a: tesla-gnarly|Fighting
|move|p1a: Great Tusk|Close Combat|p2a: tesla-gnarly
|-damage|p2a: tesla-gnarly|50/100
|-unboost|p1a: Great Tusk|def|1
|-unboost|p1a: Great Tusk|spd|1
|move|p2a: tesla-gnarly|Ice Punch|p1a: Great Tusk
|-supereffective|p1a: Great Tusk
|-damage|p1a: Great Tusk|0 fnt
|faint|p1a: Great Tusk
|-end|p1a: Great Tusk|Protosynthesis|[silent]
|
|upkeep
|
|t:|1760416241
|switch|p1a: Iron Moth|Iron Moth|100/100
|-enditem|p1a: Iron Moth|Booster Energy
|-activate|p1a: Iron Moth|ability: Quark Drive|[fromitem]
|-start|p1a: Iron Moth|quarkdrivespe
|turn|13
|
|t:|1760416256
|-end|p2a: tesla-gnarly|Quark Drive|[silent]
|switch|p2a: *NSYNC|Bronzong|37/100 brn
|move|p1a: Iron Moth|Fiery Dance|p2a: *NSYNC
|-supereffective|p2a: *NSYNC
|-damage|p2a: *NSYNC|0 fnt
|faint|p2a: *NSYNC
|
|upkeep
|
|t:|1760416265
|switch|p2a: espresso|Hatterene, F|100/100
|turn|14
|
|t:|1760416270
|move|p1a: Iron Moth|Fiery Dance|p2a: espresso
|-damage|p2a: espresso|60/100
|move|p2a: espresso|Trick Room|p2a: espresso
|-fieldstart|move: Trick Room|[of] p2a: espresso
|
|-heal|p2a: espresso|66/100|[from] item: Leftovers
|upkeep
|turn|15
|
|t:|1760416281
|switch|p2a: tesla-gnarly|Iron Hands, tera:Fighting|50/100
|-terastallize|p1a: Iron Moth|Ground
|move|p1a: Iron Moth|Sludge Wave|p2a: tesla-gnarly
|-damage|p2a: tesla-gnarly|2/100
|
|upkeep
|turn|16
|
|t:|1760416295
|move|p2a: tesla-gnarly|Close Combat|p1a: Iron Moth
|-damage|p1a: Iron Moth|0 fnt
|-unboost|p2a: tesla-gnarly|def|1
|-unboost|p2a: tesla-gnarly|spd|1
|faint|p1a: Iron Moth
|-end|p1a: Iron Moth|Quark Drive|[silent]
|
|upkeep
|
|t:|1760416300
|switch|p1a: Dragonite|Dragonite, F, shiny|64/100
|turn|17
|
|t:|1760416304
|-end|p2a: tesla-gnarly|Quark Drive|[silent]
|switch|p2a: espresso|Hatterene, F|66/100
|move|p1a: Dragonite|Extreme Speed|p2a: espresso
|-damage|p2a: espresso|30/100
|
|-heal|p2a: espresso|36/100|[from] item: Leftovers
|upkeep
|turn|18
|
|t:|1760416316
|move|p1a: Dragonite|Extreme Speed|p2a: espresso
|-damage|p2a: espresso|0 fnt
|faint|p2a: espresso
|
|-fieldend|move: Trick Room
|upkeep
|-message|PV_09 forfeited.
|
|win|judeus911
|raw|judeus911's rating: 1418 &rarr; <strong>1440</strong><br />(+22 for winning)
|raw|PV_09's rating: 1451 &rarr; <strong>1429</strong><br />(-22 for losing)
|l|☆PV_09
|player|p2|
|l|☆judeus911
|player|p1|
