|j|☆nygacmnym
|j|☆Captain Brusin'
|t:|1760330132
|gametype|singles
|player|p1|nygacmnym|cyclist-gen4|1141
|player|p2|Captain Brusin'|harlequin|1149
|gen|9
|tier|[Gen 9] OU
|rated|
|rule|HP Percentage Mod: HP is shown in percentages
|rule|Endless Battle Clause: Forcing endless battles is banned
|rule|Species Clause: Limit one of each Pokémon
|rule|OHKO Clause: OHKO moves are banned
|rule|Evasion Items Clause: Evasion items are banned
|rule|Evasion Moves Clause: Evasion moves are banned
|rule|Evasion Abilities Clause: Evasion abilities are banned
|rule|Sleep Moves Clause: Sleep-inducing moves are banned
|clearpoke
|poke|p1|Incineroar, F|
|poke|p1|Houndoom, M|
|poke|p1|Ceruledge, M|
|poke|p1|Scrafty, M|
|poke|p1|Chandelure, F|
|poke|p1|Krookodile, M|
|poke|p2|Hydreigon, F|
|poke|p2|Tornadus-Therian, M|
|poke|p2|Corviknight, M|
|poke|p2|Grimmsnarl, M|
|poke|p2|Gastrodon-East, M|
|poke|p2|Leafeon, F|
|teampreview
|inactive|Battle timer is ON: inactive players will automatically lose when time's up. (requested by nygacmnym)
|
|t:|1760330140
|teamsize|p1|6
|teamsize|p2|6
|start
|switch|p1a: Houndoom|Houndoom, M|100/100
|switch|p2a: Jet2holiday|Tornadus-Therian, M, shiny|100/100
|turn|1
|
|t:|1760330150
|move|p2a: Jet2holiday|Bleakwind Storm|p1a: Houndoom|[miss]
|-miss|p2a: Jet2holiday|p1a: Houndoom
|move|p1a: Houndoom|Will-O-Wisp|p2a: Jet2holiday
|-status|p2a: Jet2holiday|brn
|
|-damage|p2a: Jet2holiday|94/100 brn|[from] brn
|upkeep
|turn|2
|
|t:|1760330159
|move|p2a: Jet2holiday|Bleakwind Storm|p1a: Houndoom|[miss]
|-miss|p2a: Jet2holiday|p1a: Houndoom
|move|p1a: Houndoom|Endeavor|p2a: Jet2holiday
|-immune|p2a: Jet2holiday
|
|-damage|p2a: Jet2holiday|88/100 brn|[from] brn
|upkeep
|turn|3
|
|t:|1760330168
|move|p2a: Jet2holiday|Bleakwind Storm|p1a: Houndoom
|-damage|p1a: Houndoom|14/100
|-unboost|p1a: Houndoom|spe|1
|-damage|p2a: Jet2holiday|79/100 brn|[from] item: Life Orb
|move|p1a: Houndoom|Endeavor|p2a: Jet2holiday
|-damage|p2a: Jet2holiday|14/100 brn
|
|-damage|p2a: Jet2holiday|8/100 brn|[from] brn
|upkeep
|turn|4
|
|t:|1760330181
|move|p1a: Houndoom|Sucker Punch|p2a: Jet2holiday
|-damage|p2a: Jet2holiday|0 fnt
|faint|p2a: Jet2holiday
|
|upkeep
|
|t:|1760330192
|switch|p2a: 10% Gambler|Hydreigon, F, shiny|100/100
|turn|5
|
|t:|1760330200
|move|p2a: 10% Gambler|Scale Shot|p1a: Houndoom
|-damage|p1a: Houndoom|0 fnt
|faint|p1a: Houndoom
|-hitcount|p1: Houndoom|1
|-unboost|p2a: 10% Gambler|def|1
|-boost|p2a: 10% Gambler|spe|1
|
|upkeep
|
|t:|1760330207
|switch|p1a: Scrafty|Scrafty, M|100/100
|-ability|p1a: Scrafty|Intimidate|boost
|-unboost|p2a: 10% Gambler|atk|1
|turn|6
|
|t:|1760330213
|switch|p2a: Earl|Corviknight, M|100/100
|-ability|p2a: Earl|Pressure
|move|p1a: Scrafty|Drain Punch|p2a: Earl
|-damage|p2a: Earl|84/100
|
|-heal|p2a: Earl|90/100|[from] item: Leftovers
|upkeep
|turn|7
|
|t:|1760330222
|switch|p1a: Incineroar|Incineroar, F|100/100
|-ability|p1a: Incineroar|Intimidate|boost
|-unboost|p2a: Earl|atk|1
|move|p2a: Earl|U-turn|p1a: Incineroar
|-damage|p1a: Incineroar|94/100
|
|t:|1760330234
|switch|p2a: Gastrodon|Gastrodon-East, M, shiny|100/100|[from] U-turn
|
|upkeep
|turn|8
|
|t:|1760330239
|move|p1a: Incineroar|Parting Shot|p2a: Gastrodon
|-unboost|p2a: Gastrodon|atk|1
|-unboost|p2a: Gastrodon|spa|1
|
|t:|1760330245
|switch|p1a: Chandelure|Chandelure, F|100/100|[from] Parting Shot
|move|p2a: Gastrodon|Earth Power|p1a: Chandelure
|-supereffective|p1a: Chandelure
|-damage|p1a: Chandelure|22/100
|
|upkeep
|turn|9
|
|t:|1760330253
|move|p1a: Chandelure|Energy Ball|p2a: Gastrodon
|-supereffective|p2a: Gastrodon
|-crit|p2a: Gastrodon
|-damage|p2a: Gastrodon|0 fnt
|faint|p2a: Gastrodon
|
|upkeep
|
|t:|1760330260
|switch|p2a: 10% Gambler|Hydreigon, F, shiny|100/100
|turn|10
|
|t:|1760330263
|switch|p1a: Scrafty|Scrafty, M|100/100
|-ability|p1a: Scrafty|Intimidate|boost
|-unboost|p2a: 10% Gambler|atk|1
|move|p2a: 10% Gambler|Dragon Dance|p2a: 10% Gambler
|-boost|p2a: 10% Gambler|atk|1
|-boost|p2a: 10% Gambler|spe|1
|
|upkeep
|turn|11
|
|t:|1760330272
|move|p2a: 10% Gambler|Scale Shot|p1a: Scrafty
|-damage|p1a: Scrafty|89/100
|-damage|p1a: Scrafty|77/100
|-damage|p1a: Scrafty|66/100
|-damage|p1a: Scrafty|56/100
|-hitcount|p1a: Scrafty|4
|-unboost|p2a: 10% Gambler|def|1
|-boost|p2a: 10% Gambler|spe|1
|move|p1a: Scrafty|Drain Punch|p2a: 10% Gambler
|-supereffective|p2a: 10% Gambler
|-damage|p2a: 10% Gambler|9/100
|-heal|p1a: Scrafty|99/100|[from] drain|[of] p2a: 10% Gambler
|
|upkeep
|turn|12
|
|t:|1760330292
|switch|p2a: Leafeon|Leafeon, F|100/100
|move|p1a: Scrafty|Drain Punch|p2a: Leafeon
|-damage|p2a: Leafeon|79/100
|-heal|p1a: Scrafty|100/100|[from] drain|[of] p2a: Leafeon
|
|-heal|p2a: Leafeon|85/100|[from] item: Leftovers
|upkeep
|turn|13
|
|t:|1760330302
|switch|p1a: Incineroar|Incineroar, F|94/100
|-ability|p1a: Incineroar|Intimidate|boost
|-unboost|p2a: Leafeon|atk|1
|move|p2a: Leafeon|Substitute|p2a: Leafeon
|-start|p2a: Leafeon|Substitute
|-damage|p2a: Leafeon|60/100
|
|-heal|p2a: Leafeon|66/100|[from] item: Leftovers
|upkeep
|turn|14
|
|t:|1760330313
|move|p2a: Leafeon|Leech Seed|p1a: Incineroar
|-start|p1a: Incineroar|move: Leech Seed
|move|p1a: Incineroar|Knock Off|p2a: Leafeon
|-end|p2a: Leafeon|Substitute
|
|-heal|p2a: Leafeon|72/100|[from] item: Leftovers
|-damage|p1a: Incineroar|82/100|[from] Leech Seed|[of] p2a: Leafeon
|-heal|p2a: Leafeon|86/100|[silent]
|upkeep
|turn|15
|
|t:|1760330324
|move|p2a: Leafeon|Wish|p2a: Leafeon
|move|p1a: Incineroar|Knock Off|p2a: Leafeon
|-damage|p2a: Leafeon|58/100
|-enditem|p2a: Leafeon|Leftovers|[from] move: Knock Off|[of] p1a: Incineroar
|
|-damage|p1a: Incineroar|69/100|[from] Leech Seed|[of] p2a: Leafeon
|-heal|p2a: Leafeon|73/100|[silent]
|upkeep
|turn|16
|
|t:|1760330337
|switch|p2a: Grimmsnarl|Grimmsnarl, M|100/100
|move|p1a: Incineroar|Parting Shot|p2a: Grimmsnarl
|-unboost|p2a: Grimmsnarl|atk|1
|-unboost|p2a: Grimmsnarl|spa|1
|
|t:|1760330343
|switch|p1a: Scrafty|Scrafty, M|100/100|[from] Parting Shot
|-ability|p1a: Scrafty|Intimidate|boost
|-unboost|p2a: Grimmsnarl|atk|1
|
|upkeep
|turn|17
|
|t:|1760330351
|-terastallize|p1a: Scrafty|Steel
|move|p1a: Scrafty|Iron Head|p2a: Grimmsnarl
|-supereffective|p2a: Grimmsnarl
|-damage|p2a: Grimmsnarl|24/100
|move|p2a: Grimmsnarl|Spirit Break|p1a: Scrafty
|-resisted|p1a: Scrafty
|-damage|p1a: Scrafty|86/100
|-unboost|p1a: Scrafty|spa|1
|
|upkeep
|turn|18
|
|t:|1760330361
|move|p1a: Scrafty|Drain Punch|p2a: Grimmsnarl
|-damage|p2a: Grimmsnarl|0 fnt
|-heal|p1a: Scrafty|99/100|[from] drain|[of] p2a: Grimmsnarl
|faint|p2a: Grimmsnarl
|
|upkeep
|
|t:|1760330365
|switch|p2a: Leafeon|Leafeon, F|73/100
|turn|19
|
|t:|1760330373
|move|p2a: Leafeon|Wish|p2a: Leafeon
|move|p1a: Scrafty|Iron Head|p2a: Leafeon
|-damage|p2a: Leafeon|47/100
|
|upkeep
|turn|20
|
|t:|1760330383
|switch|p2a: 10% Gambler|Hydreigon, F, shiny|9/100
|move|p1a: Scrafty|Drain Punch|p2a: 10% Gambler
|-supereffective|p2a: 10% Gambler
|-damage|p2a: 10% Gambler|0 fnt
|-heal|p1a: Scrafty|100/100|[from] drain|[of] p2a: 10% Gambler
|faint|p2a: 10% Gambler
|
|upkeep
|
|t:|1760330389
|switch|p2a: Leafeon|Leafeon, F|47/100
|turn|21
|
|t:|1760330399
|move|p2a: Leafeon|Leech Seed|p1a: Scrafty
|-start|p1a: Scrafty|move: Leech Seed
|move|p1a: Scrafty|Iron Head|p2a: Leafeon
|-damage|p2a: Leafeon|22/100
|
|-damage|p1a: Scrafty|88/100|[from] Leech Seed|[of] p2a: Leafeon
|-heal|p2a: Leafeon|34/100|[silent]
|upkeep
|turn|22
|
|t:|1760330408
|switch|p1a: Ceruledge|Ceruledge, M|100/100
|move|p2a: Leafeon|Wish|p2a: Leafeon
|
|upkeep
|turn|23
|
|t:|1760330418
|-terastallize|p2a: Leafeon|Normal
|move|p1a: Ceruledge|Bitter Blade|p2a: Leafeon
|-damage|p2a: Leafeon|0 fnt
|faint|p2a: Leafeon
|
|upkeep
|
|t:|1760330423
|switch|p2a: Earl|Corviknight, M|90/100
|-ability|p2a: Earl|Pressure
|turn|24
|-message|Captain Brusin' forfeited.
|
|win|nygacmnym
|raw|nygacmnym's rating: 1114 &rarr; <strong>1142</strong><br />(+28 for winning)
|raw|Captain Brusin&apos;'s rating: 1149 &rarr; <strong>1121</strong><br />(-28 for losing)
|l|☆Captain Brusin'
|player|p2|
|l|☆nygacmnym
|player|p1|
