|j|☆himal_ad321
|j|☆player jack
|t:|1760436600
|gametype|singles
|player|p1|himal_ad321|dragontamer|1252
|player|p2|player jack|roxie|1186
|gen|9
|tier|[Gen 9] OU
|rated|
|rule|HP Percentage Mod: HP is shown in percentages
|rule|Endless Battle Clause: Forcing endless battles is banned
|rule|Species Clause: Limit one of each Pokémon
|rule|OHKO Clause: OHKO moves are banned
|rule|Evasion Items Clause: Evasion items are banned
|rule|Evasion Moves Clause: Evasion moves are banned
|rule|Evasion Abilities Clause: Evasion abilities are banned
|rule|Sleep Moves Clause: Sleep-inducing moves are banned
|clearpoke
|poke|p1|Ogerpon-Wellspring, F|
|poke|p1|Kingambit, F|
|poke|p1|Landorus-Therian, M|
|poke|p1|Glimmora, F|
|poke|p1|Dragapult, F|
|poke|p1|Iron Valiant|
|poke|p2|Landorus-Therian, M|
|poke|p2|Arboliva, F|
|poke|p2|Arcanine-Hisui, F|
|poke|p2|Dragapult, F|
|poke|p2|Lokix, F|
|poke|p2|Tentacruel, F|
|teampreview
|inactive|Battle timer is ON: inactive players will automatically lose when time's up. (requested by himal_ad321)
|
|t:|1760436622
|teamsize|p1|6
|teamsize|p2|6
|start
|switch|p1a: Ogerpon|Ogerpon-Wellspring, F|100/100
|switch|p2a: Arboliva|Arboliva, F, shiny|100/100
|turn|1
|
|t:|1760436634
|move|p1a: Ogerpon|Taunt|p2a: Arboliva
|-start|p2a: Arboliva|move: Taunt
|move|p2a: Arboliva|Giga Drain|p1a: Ogerpon
|-damage|p1a: Ogerpon|54/100
|
|upkeep
|turn|2
|
|t:|1760436641
|move|p1a: Ogerpon|Horn Leech|p2a: Arboliva
|-resisted|p2a: Arboliva
|-damage|p2a: Arboliva|80/100
|-heal|p1a: Ogerpon|66/100|[from] drain|[of] p2a: Arboliva
|-fieldstart|move: Grassy Terrain|[from] ability: Seed Sower|[of] p2a: Arboliva
|move|p2a: Arboliva|Giga Drain|p1a: Ogerpon
|-damage|p1a: Ogerpon|7/100
|-heal|p2a: Arboliva|100/100|[from] drain|[of] p1a: Ogerpon
|
|-heal|p1a: Ogerpon|13/100|[from] Grassy Terrain
|upkeep
|turn|3
|
|t:|1760436648
|switch|p1a: Dragapult|Dragapult, F|100/100
|move|p2a: Arboliva|Giga Drain|p1a: Dragapult
|-resisted|p1a: Dragapult
|-damage|p1a: Dragapult|69/100
|
|-heal|p1a: Dragapult|75/100|[from] Grassy Terrain
|-end|p2a: Arboliva|move: Taunt
|upkeep
|turn|4
|
|t:|1760436653
|move|p1a: Dragapult|Flamethrower|p2a: Arboliva
|-supereffective|p2a: Arboliva
|-damage|p2a: Arboliva|52/100
|move|p2a: Arboliva|Earth Power|p1a: Dragapult
|-crit|p1a: Dragapult
|-damage|p1a: Dragapult|10/100
|
|-heal|p1a: Dragapult|16/100|[from] Grassy Terrain
|-heal|p2a: Arboliva|58/100|[from] Grassy Terrain
|upkeep
|turn|5
|
|t:|1760436666
|switch|p1a: Landorus|Landorus-Therian, M|100/100
|-ability|p1a: Landorus|Intimidate|boost
|-unboost|p2a: Arboliva|atk|1
|switch|p2a: Arcanine|Arcanine-Hisui, F, shiny|100/100
|
|upkeep
|turn|6
|
|t:|1760436680
|-terastallize|p2a: Arcanine|Grass
|move|p2a: Arcanine|Head Smash|p1a: Landorus
|-damage|p1a: Landorus|36/100
|-damage|p2a: Arcanine|84/100|[from] item: Rocky Helmet|[of] p1a: Landorus
|move|p1a: Landorus|U-turn|p2a: Arcanine
|-supereffective|p2a: Arcanine
|-damage|p2a: Arcanine|25/100
|
|t:|1760436688
|switch|p1a: Dragapult|Dragapult, F|16/100|[from] U-turn
|
|-heal|p2a: Arcanine|31/100|[from] Grassy Terrain
|-heal|p1a: Dragapult|22/100|[from] Grassy Terrain
|-fieldend|move: Grassy Terrain
|upkeep
|turn|7
|
|t:|1760436699
|switch|p1a: Kingambit|Kingambit, F|100/100
|move|p2a: Arcanine|Head Smash|p1a: Kingambit
|-resisted|p1a: Kingambit
|-crit|p1a: Kingambit
|-damage|p1a: Kingambit|60/100
|
|-heal|p1a: Kingambit|66/100|[from] item: Leftovers
|upkeep
|turn|8
|
|t:|1760436708
|switch|p2a: Lokix|Lokix, F, shiny|100/100
|move|p1a: Kingambit|Sucker Punch||[still]
|-fail|p1a: Kingambit
|
|-heal|p1a: Kingambit|72/100|[from] item: Leftovers
|upkeep
|turn|9
|
|t:|1760436717
|move|p2a: Lokix|U-turn|p1a: Kingambit
|-damage|p1a: Kingambit|45/100
|
|t:|1760436725
|switch|p2a: Landorus|Landorus-Therian, M, shiny|100/100|[from] U-turn
|-ability|p2a: Landorus|Intimidate|boost
|-unboost|p1a: Kingambit|atk|1
|move|p1a: Kingambit|Iron Head|p2a: Landorus
|-damage|p2a: Landorus|69/100
|
|-heal|p1a: Kingambit|51/100|[from] item: Leftovers
|upkeep
|turn|10
|
|t:|1760436744
|-end|p1a: Kingambit|fallenundefined|[silent]
|switch|p1a: Landorus|Landorus-Therian, M|36/100
|-ability|p1a: Landorus|Intimidate|boost
|-unboost|p2a: Landorus|atk|1
|move|p2a: Landorus|Stomping Tantrum|p1a: Landorus
|-immune|p1a: Landorus
|
|upkeep
|turn|11
|
|t:|1760436753
|move|p2a: Landorus|Stealth Rock|p1a: Landorus
|-sidestart|p1: himal_ad321|move: Stealth Rock
|move|p1a: Landorus|Stealth Rock|p2a: Landorus
|-sidestart|p2: player jack|move: Stealth Rock
|
|upkeep
|turn|12
|
|t:|1760436757
|move|p1a: Landorus|U-turn|p2a: Landorus
|-resisted|p2a: Landorus
|-damage|p2a: Landorus|58/100
|
|t:|1760436761
|switch|p1a: Glimmora|Glimmora, F|100/100|[from] U-turn
|-damage|p1a: Glimmora|88/100|[from] Stealth Rock
|move|p2a: Landorus|U-turn|p1a: Glimmora
|-resisted|p1a: Glimmora
|-damage|p1a: Glimmora|78/100
|-activate|p1a: Glimmora|ability: Toxic Debris
|-sidestart|p2: player jack|move: Toxic Spikes
|
|t:|1760436767
|switch|p2a: Tentacruel|Tentacruel, F, shiny|100/100|[from] U-turn
|-damage|p2a: Tentacruel|88/100|[from] Stealth Rock
|-sideend|p2: player jack|move: Toxic Spikes|[of] p2a: Tentacruel
|
|upkeep
|turn|13
|
|t:|1760436773
|move|p1a: Glimmora|Mortal Spin|p2a: Tentacruel
|-resisted|p2a: Tentacruel
|-damage|p2a: Tentacruel|85/100
|-sideend|p1: himal_ad321|Stealth Rock|[from] move: Mortal Spin|[of] p1a: Glimmora
|move|p2a: Tentacruel|Rapid Spin|p1a: Glimmora
|-resisted|p1a: Glimmora
|-damage|p1a: Glimmora|74/100
|-boost|p2a: Tentacruel|spe|1
|-activate|p1a: Glimmora|ability: Toxic Debris
|-sidestart|p2: player jack|move: Toxic Spikes
|-sideend|p2: player jack|Toxic Spikes|[from] move: Rapid Spin|[of] p2a: Tentacruel
|-sideend|p2: player jack|Stealth Rock|[from] move: Rapid Spin|[of] p2a: Tentacruel
|
|upkeep
|turn|14
|
|t:|1760436788
|switch|p2a: Landorus|Landorus-Therian, M, shiny|58/100
|-ability|p2a: Landorus|Intimidate|boost
|-unboost|p1a: Glimmora|atk|1
|move|p1a: Glimmora|Earth Power|p2a: Landorus
|-immune|p2a: Landorus
|
|upkeep
|turn|15
|
|t:|1760436798
|switch|p1a: Dragapult|Dragapult, F|22/100
|move|p2a: Landorus|Tera Blast|p1a: Dragapult
|-immune|p1a: Dragapult
|
|upkeep
|turn|16
|
|t:|1760436804
|move|p1a: Dragapult|Draco Meteor|p2a: Landorus
|-damage|p2a: Landorus|0 fnt
|-unboost|p1a: Dragapult|spa|2
|faint|p2a: Landorus
|
|upkeep
|
|t:|1760436807
|switch|p2a: Lokix|Lokix, F, shiny|100/100
|turn|17
|
|t:|1760436817
|switch|p1a: Glimmora|Glimmora, F|74/100
|move|p2a: Lokix|First Impression|p1a: Glimmora
|-resisted|p1a: Glimmora
|-damage|p1a: Glimmora|15/100
|-activate|p1a: Glimmora|ability: Toxic Debris
|-sidestart|p2: player jack|move: Toxic Spikes
|
|upkeep
|turn|18
|
|t:|1760436824
|move|p2a: Lokix|U-turn|p1a: Glimmora
|-resisted|p1a: Glimmora
|-damage|p1a: Glimmora|0 fnt
|-activate|p1a: Glimmora|ability: Toxic Debris
|-sidestart|p2: player jack|move: Toxic Spikes
|faint|p1a: Glimmora
|
|t:|1760436827
|switch|p2a: Tentacruel|Tentacruel, F, shiny|85/100|[from] U-turn
|-sideend|p2: player jack|move: Toxic Spikes|[of] p2a: Tentacruel
|
|upkeep
|
|t:|1760436855
|switch|p1a: Kingambit|Kingambit, F|51/100
|-activate|p1a: Kingambit|ability: Supreme Overlord
|-start|p1a: Kingambit|fallen1|[silent]
|turn|19
|
|t:|1760436860
|move|p2a: Tentacruel|Flip Turn|p1a: Kingambit
|-damage|p1a: Kingambit|41/100
|
|t:|1760436863
|switch|p2a: Arboliva|Arboliva, F, shiny|58/100|[from] Flip Turn
|move|p1a: Kingambit|Kowtow Cleave|p2a: Arboliva
|-damage|p2a: Arboliva|7/100
|-fieldstart|move: Grassy Terrain|[from] ability: Seed Sower|[of] p2a: Arboliva
|
|-heal|p1a: Kingambit|47/100|[from] Grassy Terrain
|-heal|p1a: Kingambit|53/100|[from] item: Leftovers
|-heal|p2a: Arboliva|13/100|[from] Grassy Terrain
|upkeep
|turn|20
|
|t:|1760436875
|move|p1a: Kingambit|Sucker Punch|p2a: Arboliva
|-damage|p2a: Arboliva|0 fnt
|faint|p2a: Arboliva
|
|-heal|p1a: Kingambit|60/100|[from] Grassy Terrain
|-heal|p1a: Kingambit|66/100|[from] item: Leftovers
|upkeep
|
|t:|1760436878
|switch|p2a: Lokix|Lokix, F, shiny|100/100
|turn|21
|
|t:|1760436887
|move|p2a: Lokix|First Impression|p1a: Kingambit
|-damage|p1a: Kingambit|29/100
|move|p1a: Kingambit|Swords Dance|p1a: Kingambit
|-boost|p1a: Kingambit|atk|2
|
|-heal|p1a: Kingambit|35/100|[from] Grassy Terrain
|-heal|p1a: Kingambit|42/100|[from] item: Leftovers
|upkeep
|turn|22
|
|t:|1760436895
|move|p2a: Lokix|Knock Off|p1a: Kingambit
|-resisted|p1a: Kingambit
|-damage|p1a: Kingambit|10/100
|-enditem|p1a: Kingambit|Leftovers|[from] move: Knock Off|[of] p2a: Lokix
|move|p1a: Kingambit|Iron Head|p2a: Lokix
|-damage|p2a: Lokix|0 fnt
|faint|p2a: Lokix
|
|-heal|p1a: Kingambit|16/100|[from] Grassy Terrain
|upkeep
|
|t:|1760436902
|switch|p2a: Arcanine|Arcanine-Hisui, F, shiny, tera:Grass|31/100
|turn|23
|
|t:|1760436905
|move|p2a: Arcanine|Extreme Speed|p1a: Kingambit
|-resisted|p1a: Kingambit
|-damage|p1a: Kingambit|7/100
|move|p1a: Kingambit|Sucker Punch||[still]
|-fail|p1a: Kingambit
|
|-heal|p2a: Arcanine|37/100|[from] Grassy Terrain
|-heal|p1a: Kingambit|13/100|[from] Grassy Terrain
|-fieldend|move: Grassy Terrain
|upkeep
|turn|24
|
|t:|1760436918
|move|p2a: Arcanine|Extreme Speed|p1a: Kingambit
|-resisted|p1a: Kingambit
|-damage|p1a: Kingambit|3/100
|move|p1a: Kingambit|Sucker Punch||[still]
|-fail|p1a: Kingambit
|
|upkeep
|turn|25
|
|t:|1760436927
|-terastallize|p1a: Kingambit|Ghost
|move|p2a: Arcanine|Extreme Speed|p1a: Kingambit
|-immune|p1a: Kingambit
|move|p1a: Kingambit|Kowtow Cleave|p2a: Arcanine
|-damage|p2a: Arcanine|0 fnt
|faint|p2a: Arcanine
|
|upkeep
|
|t:|1760436929
|switch|p2a: Dragapult|Dragapult, F, shiny|100/100
|turn|26
|
|t:|1760436936
|move|p1a: Kingambit|Sucker Punch||[still]
|-fail|p1a: Kingambit
|move|p2a: Dragapult|Will-O-Wisp|p1a: Kingambit
|-status|p1a: Kingambit|brn
|
|-damage|p1a: Kingambit|0 fnt|[from] brn
|faint|p1a: Kingambit
|-end|p1a: Kingambit|fallen1|[silent]
|upkeep
|
|t:|1760436955
|switch|p1a: Iron Valiant|Iron Valiant|100/100
|-enditem|p1a: Iron Valiant|Booster Energy
|-activate|p1a: Iron Valiant|ability: Quark Drive|[fromitem]
|-start|p1a: Iron Valiant|quarkdrivespe
|turn|27
|
|t:|1760436961
|switch|p2a: Tentacruel|Tentacruel, F, shiny|85/100
|move|p1a: Iron Valiant|Spirit Break|p2a: Tentacruel
|-resisted|p2a: Tentacruel
|-damage|p2a: Tentacruel|69/100
|
|upkeep
|turn|28
|
|t:|1760436970
|move|p1a: Iron Valiant|Swords Dance|p1a: Iron Valiant
|-boost|p1a: Iron Valiant|atk|2
|move|p2a: Tentacruel|Ice Beam|p1a: Iron Valiant
|-damage|p1a: Iron Valiant|68/100
|-status|p1a: Iron Valiant|frz
|
|upkeep
|turn|29
|
|t:|1760436974
|cant|p1a: Iron Valiant|frz
|move|p2a: Tentacruel|Ice Beam|p1a: Iron Valiant
|-damage|p1a: Iron Valiant|39/100 frz
|
|upkeep
|turn|30
|
|t:|1760436976
|cant|p1a: Iron Valiant|frz
|move|p2a: Tentacruel|Ice Beam|p1a: Iron Valiant
|-damage|p1a: Iron Valiant|10/100 frz
|
|upkeep
|turn|31
|
|t:|1760436978
|-curestatus|p1a: Iron Valiant|frz|[msg]
|move|p1a: Iron Valiant|Knock Off|p2a: Tentacruel
|-damage|p2a: Tentacruel|13/100
|-enditem|p2a: Tentacruel|Assault Vest|[from] move: Knock Off|[of] p1a: Iron Valiant
|move|p2a: Tentacruel|Ice Beam|p1a: Iron Valiant
|-damage|p1a: Iron Valiant|0 fnt
|faint|p1a: Iron Valiant
|-end|p1a: Iron Valiant|Quark Drive|[silent]
|
|upkeep
|
|t:|1760436981
|switch|p1a: Dragapult|Dragapult, F|22/100
|turn|32
|
|t:|1760436984
|move|p1a: Dragapult|Shadow Ball|p2a: Tentacruel
|-damage|p2a: Tentacruel|0 fnt
|faint|p2a: Tentacruel
|
|upkeep
|
|t:|1760436986
|switch|p2a: Dragapult|Dragapult, F, shiny|100/100
|turn|33
|
|t:|1760436989
|move|p1a: Dragapult|Shadow Ball|p2a: Dragapult
|-supereffective|p2a: Dragapult
|-damage|p2a: Dragapult|0 fnt
|faint|p2a: Dragapult
|
|win|himal_ad321
|raw|himal_ad321's rating: 1252 &rarr; <strong>1272</strong><br />(+20 for winning)
|raw|player jack's rating: 1186 &rarr; <strong>1166</strong><br />(-20 for losing)
|l|☆player jack
|player|p2|
|l|☆himal_ad321
|player|p1|
