|j|☆yokodai
|j|☆pepinoloko
|t:|1760394963
|gametype|singles
|player|p1|yokodai|170|1583
|player|p2|pepinoloko|palmer|1634
|gen|9
|tier|[Gen 9] OU
|rated|
|rule|HP Percentage Mod: HP is shown in percentages
|rule|Endless Battle Clause: Forcing endless battles is banned
|rule|Species Clause: Limit one of each Pokémon
|rule|OHKO Clause: OHKO moves are banned
|rule|Evasion Items Clause: Evasion items are banned
|rule|Evasion Moves Clause: Evasion moves are banned
|rule|Evasion Abilities Clause: Evasion abilities are banned
|rule|Sleep Moves Clause: Sleep-inducing moves are banned
|clearpoke
|poke|p1|Mamoswine, F|
|poke|p1|Ting-Lu|
|poke|p1|Gastrodon, F|
|poke|p1|Clodsire, F|
|poke|p1|Great Tusk|
|poke|p1|Landorus-Therian, M|
|poke|p2|Cinderace, F|
|poke|p2|Landorus-Therian, M|
|poke|p2|Corviknight, F|
|poke|p2|Conkeldurr, M|
|poke|p2|Tyranitar, M|
|poke|p2|Dragapult, M|
|teampreview
|inactive|Battle timer is ON: inactive players will automatically lose when time's up. (requested by pepinoloko)
|
|t:|1760394974
|teamsize|p1|6
|teamsize|p2|6
|start
|switch|p1a: Mamoswine|Mamoswine, F|100/100
|switch|p2a: God is always good|Landorus-Therian, M|100/100
|-ability|p2a: God is always good|Intimidate|boost
|-unboost|p1a: Mamoswine|atk|1
|turn|1
|
|t:|1760394983
|switch|p2a: I AM PRESSURE|Corviknight, F|100/100
|-ability|p2a: I AM PRESSURE|Pressure
|switch|p1a: Great Tusk|Great Tusk|100/100
|
|upkeep
|turn|2
|
|t:|1760394990
|move|p1a: Great Tusk|Knock Off|p2a: I AM PRESSURE
|-damage|p2a: I AM PRESSURE|82/100
|-damage|p1a: Great Tusk|84/100|[from] item: Rocky Helmet|[of] p2a: I AM PRESSURE
|-enditem|p2a: I AM PRESSURE|Rocky Helmet|[from] move: Knock Off|[of] p1a: Great Tusk
|move|p2a: I AM PRESSURE|Iron Defense|p2a: I AM PRESSURE
|-boost|p2a: I AM PRESSURE|def|2
|
|upkeep
|turn|3
|
|t:|1760394998
|-end|p1a: Great Tusk|Protosynthesis|[silent]
|switch|p1a: Clodsire|Clodsire, F|100/100
|move|p2a: I AM PRESSURE|Body Press|p1a: Clodsire
|-resisted|p1a: Clodsire
|-damage|p1a: Clodsire|93/100
|
|-heal|p1a: Clodsire|99/100|[from] item: Leftovers
|upkeep
|turn|4
|
|t:|1760395005
|move|p2a: I AM PRESSURE|U-turn|p1a: Clodsire
|-resisted|p1a: Clodsire
|-damage|p1a: Clodsire|95/100
|
|t:|1760395008
|switch|p2a: Steinbrecher|Conkeldurr, M, shiny|100/100|[from] U-turn
|move|p1a: Clodsire|Toxic Spikes|p2a: Steinbrecher
|-sidestart|p2: pepinoloko|move: Toxic Spikes
|
|-heal|p1a: Clodsire|100/100|[from] item: Leftovers
|-status|p2a: Steinbrecher|brn|[from] item: Flame Orb
|upkeep
|turn|5
|
|t:|1760395031
|switch|p1a: Landorus|Landorus-Therian, M|100/100
|-ability|p1a: Landorus|Intimidate|boost
|-unboost|p2a: Steinbrecher|atk|1
|move|p2a: Steinbrecher|Facade|p1a: Landorus
|-damage|p1a: Landorus|42/100
|
|-damage|p2a: Steinbrecher|95/100 brn|[from] brn
|upkeep
|turn|6
|
|t:|1760395043
|switch|p2a: I AM PRESSURE|Corviknight, F|82/100
|-ability|p2a: I AM PRESSURE|Pressure
|move|p1a: Landorus|Earth Power|p2a: I AM PRESSURE
|-immune|p2a: I AM PRESSURE
|
|upkeep
|turn|7
|inactive|yokodai has 120 seconds left.
|
|t:|1760395065
|switch|p1a: Clodsire|Clodsire, F|100/100
|move|p2a: I AM PRESSURE|U-turn|p1a: Clodsire
|-resisted|p1a: Clodsire
|-damage|p1a: Clodsire|95/100
|
|t:|1760395068
|switch|p2a: I U-turn on U|Cinderace, F|100/100|[from] U-turn
|
|-heal|p1a: Clodsire|100/100|[from] item: Leftovers
|upkeep
|turn|8
|
|t:|1760395075
|move|p2a: I U-turn on U|Court Change|p2a: I U-turn on U
|-start|p2a: I U-turn on U|typechange|Normal|[from] ability: Libero
|-swapsideconditions
|-activate|p2a: I U-turn on U|move: Court Change
|move|p1a: Clodsire|Earthquake|p2a: I U-turn on U
|-damage|p2a: I U-turn on U|61/100
|
|upkeep
|turn|9
|
|t:|1760395083
|move|p2a: I U-turn on U|U-turn|p1a: Clodsire
|-resisted|p1a: Clodsire
|-damage|p1a: Clodsire|93/100
|
|t:|1760395085
|switch|p2a: Steinbrecher|Conkeldurr, M, shiny|95/100 brn|[from] U-turn
|move|p1a: Clodsire|Toxic Spikes|p2a: Steinbrecher
|-sidestart|p2: pepinoloko|move: Toxic Spikes
|
|-heal|p1a: Clodsire|99/100|[from] item: Leftovers
|-damage|p2a: Steinbrecher|89/100 brn|[from] brn
|upkeep
|turn|10
|
|t:|1760395111
|switch|p1a: Landorus|Landorus-Therian, M|42/100
|-ability|p1a: Landorus|Intimidate|boost
|-unboost|p2a: Steinbrecher|atk|1
|move|p2a: Steinbrecher|Facade|p1a: Landorus
|-damage|p1a: Landorus|0 fnt
|faint|p1a: Landorus
|
|-damage|p2a: Steinbrecher|83/100 brn|[from] brn
|upkeep
|inactive|yokodai has 120 seconds left.
|
|t:|1760395122
|switch|p1a: Clodsire|Clodsire, F|99/100
|-sideend|p1: yokodai|move: Toxic Spikes|[of] p1a: Clodsire
|turn|11
|
|t:|1760395128
|switch|p2a: I AM PRESSURE|Corviknight, F|82/100
|-ability|p2a: I AM PRESSURE|Pressure
|move|p1a: Clodsire|Recover|p1a: Clodsire
|-heal|p1a: Clodsire|100/100
|
|upkeep
|turn|12
|
|t:|1760395134
|switch|p1a: Gastrodon|Gastrodon, F|100/100
|move|p2a: I AM PRESSURE|U-turn|p1a: Gastrodon
|-crit|p1a: Gastrodon
|-damage|p1a: Gastrodon|78/100
|
|t:|1760395137
|switch|p2a: I U-turn on U|Cinderace, F|61/100|[from] U-turn
|
|upkeep
|turn|13
|
|t:|1760395159
|move|p2a: I U-turn on U|Court Change|p2a: I U-turn on U
|-start|p2a: I U-turn on U|typechange|Normal|[from] ability: Libero
|-swapsideconditions
|-activate|p2a: I U-turn on U|move: Court Change
|move|p1a: Gastrodon|Hydro Pump|p2a: I U-turn on U|[miss]
|-miss|p1a: Gastrodon|p2a: I U-turn on U
|
|upkeep
|turn|14
|
|t:|1760395164
|move|p2a: I U-turn on U|U-turn|p1a: Gastrodon
|-damage|p1a: Gastrodon|53/100
|
|t:|1760395167
|switch|p2a: SteinBahn|Tyranitar, M, shiny|100/100|[from] U-turn
|-weather|Sandstorm|[from] ability: Sand Stream|[of] p2a: SteinBahn
|move|p1a: Gastrodon|Hydro Pump|p2a: SteinBahn
|-supereffective|p2a: SteinBahn
|-damage|p2a: SteinBahn|52/100
|
|-weather|Sandstorm|[upkeep]
|upkeep
|turn|15
|
|t:|1760395174
|move|p2a: SteinBahn|Knock Off|p1a: Gastrodon
|-damage|p1a: Gastrodon|0 fnt
|-enditem|p1a: Gastrodon|Choice Specs|[from] move: Knock Off|[of] p2a: SteinBahn
|faint|p1a: Gastrodon
|
|-weather|Sandstorm|[upkeep]
|upkeep
|-message|yokodai forfeited.
|
|win|pepinoloko
|raw|yokodai's rating: 1583 &rarr; <strong>1566</strong><br />(-17 for losing)
|raw|pepinoloko's rating: 1634 &rarr; <strong>1651</strong><br />(+17 for winning)
|l|☆yokodai
|player|p1|
|l|☆pepinoloko
|player|p2|
