|j|☆MarxN64
|j|☆juyyhu
|t:|1760302380
|gametype|singles
|player|p1|MarxN64|gentleman-gen4|1266
|player|p2|juyyhu|2|1285
|gen|9
|tier|[Gen 9] OU
|rated|
|rule|HP Percentage Mod: HP is shown in percentages
|rule|Endless Battle Clause: Forcing endless battles is banned
|rule|Species Clause: Limit one of each Pokémon
|rule|OHKO Clause: OHKO moves are banned
|rule|Evasion Items Clause: Evasion items are banned
|rule|Evasion Moves Clause: Evasion moves are banned
|rule|Evasion Abilities Clause: Evasion abilities are banned
|rule|Sleep Moves Clause: Sleep-inducing moves are banned
|clearpoke
|poke|p1|Houndstone, F|
|poke|p1|Zamazenta-*|
|poke|p1|Suicune|
|poke|p1|Coalossal, F|
|poke|p1|Arcanine-Hisui, F|
|poke|p1|Okidogi, M|
|poke|p2|Dragonite, F|
|poke|p2|Gholdengo|
|poke|p2|Regidrago|
|poke|p2|Scizor, F|
|poke|p2|Ting-Lu|
|poke|p2|Weezing-Galar, F|
|teampreview
|inactive|Battle timer is ON: inactive players will automatically lose when time's up. (requested by MarxN64)
|
|t:|1760302397
|teamsize|p1|6
|teamsize|p2|6
|start
|switch|p1a: Rudy|Houndstone, F, shiny|100/100
|switch|p2a: Ting-Lu|Ting-Lu|100/100
|-ability|p2a: Ting-Lu|Vessel of Ruin
|turn|1
|
|t:|1760302408
|move|p1a: Rudy|Will-O-Wisp|p2a: Ting-Lu
|-status|p2a: Ting-Lu|brn
|move|p2a: Ting-Lu|Stealth Rock|p1a: Rudy
|-sidestart|p1: MarxN64|move: Stealth Rock
|
|-damage|p2a: Ting-Lu|94/100 brn|[from] brn
|upkeep
|turn|2
|
|t:|1760302417
|switch|p1a: Grommit|Okidogi, M|100/100
|-damage|p1a: Grommit|94/100|[from] Stealth Rock
|move|p2a: Ting-Lu|Ruination|p1a: Grommit
|-damage|p1a: Grommit|48/100
|
|-heal|p1a: Grommit|54/100|[from] item: Black Sludge
|-heal|p2a: Ting-Lu|100/100 brn|[from] item: Leftovers
|-damage|p2a: Ting-Lu|94/100 brn|[from] brn
|upkeep
|turn|3
|
|t:|1760302432
|move|p1a: Grommit|Knock Off|p2a: Ting-Lu
|-resisted|p2a: Ting-Lu
|-damage|p2a: Ting-Lu|84/100 brn
|-enditem|p2a: Ting-Lu|Leftovers|[from] move: Knock Off|[of] p1a: Grommit
|move|p2a: Ting-Lu|Earthquake|p1a: Grommit
|-supereffective|p1a: Grommit
|-damage|p1a: Grommit|26/100
|
|-heal|p1a: Grommit|32/100|[from] item: Black Sludge
|-damage|p2a: Ting-Lu|78/100 brn|[from] brn
|upkeep
|turn|4
|
|t:|1760302444
|switch|p2a: Scizor|Scizor, F|100/100
|move|p1a: Grommit|Drain Punch|p2a: Scizor
|-damage|p2a: Scizor|56/100
|-heal|p1a: Grommit|52/100|[from] drain|[of] p2a: Scizor
|
|-heal|p1a: Grommit|58/100|[from] item: Black Sludge
|upkeep
|turn|5
|
|t:|1760302455
|switch|p1a: Rudy|Houndstone, F, shiny|100/100
|-damage|p1a: Rudy|88/100|[from] Stealth Rock
|move|p2a: Scizor|Bullet Punch|p1a: Rudy
|-damage|p1a: Rudy|66/100
|
|-heal|p1a: Rudy|72/100|[from] item: Leftovers
|upkeep
|turn|6
|
|t:|1760302470
|switch|p2a: Ting-Lu|Ting-Lu|78/100 brn
|-ability|p2a: Ting-Lu|Vessel of Ruin
|move|p1a: Rudy|Night Shade|p2a: Ting-Lu
|-damage|p2a: Ting-Lu|59/100 brn
|
|-heal|p1a: Rudy|78/100|[from] item: Leftovers
|-damage|p2a: Ting-Lu|52/100 brn|[from] brn
|upkeep
|turn|7
|
|t:|1760302484
|move|p1a: Rudy|Night Shade|p2a: Ting-Lu
|-damage|p2a: Ting-Lu|33/100 brn
|move|p2a: Ting-Lu|Ruination|p1a: Rudy
|-damage|p1a: Rudy|39/100
|
|-heal|p1a: Rudy|46/100|[from] item: Leftovers
|-damage|p2a: Ting-Lu|27/100 brn|[from] brn
|upkeep
|turn|8
|
|t:|1760302494
|move|p1a: Rudy|Night Shade|p2a: Ting-Lu
|-damage|p2a: Ting-Lu|7/100 brn
|move|p2a: Ting-Lu|Ruination|p1a: Rudy
|-damage|p1a: Rudy|23/100
|
|-heal|p1a: Rudy|29/100|[from] item: Leftovers
|-damage|p2a: Ting-Lu|1/100 brn|[from] brn
|upkeep
|turn|9
|
|t:|1760302506
|move|p1a: Rudy|Night Shade|p2a: Ting-Lu
|-damage|p2a: Ting-Lu|0 fnt
|faint|p2a: Ting-Lu
|
|-heal|p1a: Rudy|36/100|[from] item: Leftovers
|upkeep
|
|t:|1760302518
|switch|p2a: Regidrago|Regidrago|100/100
|turn|10
|
|t:|1760302523
|move|p2a: Regidrago|Dragon Energy|p1a: Rudy
|-damage|p1a: Rudy|0 fnt
|faint|p1a: Rudy
|
|upkeep
|
|t:|1760302525
|switch|p1a: Lassy|Suicune|100/100
|-damage|p1a: Lassy|88/100|[from] Stealth Rock
|-ability|p1a: Lassy|Pressure
|turn|11
|
|t:|1760302532
|move|p2a: Regidrago|Dragon Energy|p1a: Lassy
|-damage|p1a: Lassy|25/100
|move|p1a: Lassy|Calm Mind|p1a: Lassy
|-boost|p1a: Lassy|spa|1
|-boost|p1a: Lassy|spd|1
|
|upkeep
|turn|12
|
|t:|1760302543
|move|p2a: Regidrago|Dragon Energy|p1a: Lassy
|-damage|p1a: Lassy|0 fnt
|faint|p1a: Lassy
|
|upkeep
|
|t:|1760302545
|switch|p1a: Rusty|Zamazenta|100/100
|-damage|p1a: Rusty|94/100|[from] Stealth Rock
|-ability|p1a: Rusty|Dauntless Shield|boost
|-boost|p1a: Rusty|def|1
|turn|13
|
|t:|1760302554
|switch|p2a: Weezing|Weezing-Galar, F|100/100
|-ability|p2a: Weezing|Neutralizing Gas
|move|p1a: Rusty|Moonblast|p2a: Weezing
|-resisted|p2a: Weezing
|-damage|p2a: Weezing|82/100
|
|upkeep
|turn|14
|
|t:|1760302565
|move|p1a: Rusty|Flash Cannon|p2a: Weezing
|-supereffective|p2a: Weezing
|-damage|p2a: Weezing|24/100
|move|p2a: Weezing|Will-O-Wisp|p1a: Rusty
|-status|p1a: Rusty|brn
|
|-damage|p1a: Rusty|88/100 brn|[from] brn
|upkeep
|turn|15
|
|t:|1760302574
|move|p1a: Rusty|Flash Cannon|p2a: Weezing
|-supereffective|p2a: Weezing
|-damage|p2a: Weezing|0 fnt
|faint|p2a: Weezing
|-end|p2a: Weezing|ability: Neutralizing Gas
|
|-damage|p1a: Rusty|82/100 brn|[from] brn
|upkeep
|
|t:|1760302583
|switch|p2a: Gholdengo|Gholdengo|100/100
|turn|16
|
|t:|1760302588
|move|p1a: Rusty|Snarl|p2a: Gholdengo
|-supereffective|p2a: Gholdengo
|-damage|p2a: Gholdengo|67/100
|-unboost|p2a: Gholdengo|spa|1
|move|p2a: Gholdengo|Make It Rain|p1a: Rusty
|-damage|p1a: Rusty|32/100 brn
|-unboost|p2a: Gholdengo|spa|1
|
|-damage|p1a: Rusty|26/100 brn|[from] brn
|upkeep
|turn|17
|
|t:|1760302601
|move|p1a: Rusty|Snarl|p2a: Gholdengo
|-supereffective|p2a: Gholdengo
|-damage|p2a: Gholdengo|35/100
|-unboost|p2a: Gholdengo|spa|1
|move|p2a: Gholdengo|Make It Rain|p1a: Rusty
|-damage|p1a: Rusty|0 fnt
|-unboost|p2a: Gholdengo|spa|1
|faint|p1a: Rusty
|
|upkeep
|
|t:|1760302612
|switch|p1a: Grommit|Okidogi, M|58/100
|-damage|p1a: Grommit|52/100|[from] Stealth Rock
|turn|18
|
|t:|1760302620
|move|p2a: Gholdengo|Make It Rain|p1a: Grommit
|-damage|p1a: Grommit|22/100
|-unboost|p2a: Gholdengo|spa|1
|move|p1a: Grommit|Bulk Up|p1a: Grommit
|-boost|p1a: Grommit|atk|1
|-boost|p1a: Grommit|def|1
|
|-heal|p1a: Grommit|28/100|[from] item: Black Sludge
|upkeep
|turn|19
|
|t:|1760302632
|move|p2a: Gholdengo|Make It Rain|p1a: Grommit
|-damage|p1a: Grommit|2/100
|-unboost|p2a: Gholdengo|spa|1
|move|p1a: Grommit|Knock Off|p2a: Gholdengo
|-supereffective|p2a: Gholdengo
|-damage|p2a: Gholdengo|0 fnt
|-enditem|p2a: Gholdengo|Metal Coat|[from] move: Knock Off|[of] p1a: Grommit
|faint|p2a: Gholdengo
|
|-heal|p1a: Grommit|8/100|[from] item: Black Sludge
|upkeep
|
|t:|1760302647
|switch|p2a: Dragonite|Dragonite, F|100/100
|turn|20
|
|t:|1760302651
|move|p2a: Dragonite|Extreme Speed|p1a: Grommit
|-damage|p1a: Grommit|0 fnt
|faint|p1a: Grommit
|
|upkeep
|
|t:|1760302655
|switch|p1a: Coalossal|Coalossal, F|100/100
|-damage|p1a: Coalossal|76/100|[from] Stealth Rock
|turn|21
|
|t:|1760302660
|move|p2a: Dragonite|Earthquake|p1a: Coalossal
|-supereffective|p1a: Coalossal
|-damage|p1a: Coalossal|0 fnt
|faint|p1a: Coalossal
|
|upkeep
|-message|MarxN64 forfeited.
|
|win|juyyhu
|raw|MarxN64's rating: 1266 &rarr; <strong>1242</strong><br />(-24 for losing)
|raw|juyyhu's rating: 1285 &rarr; <strong>1309</strong><br />(+24 for winning)
|l|☆MarxN64
|player|p1|
|l|☆juyyhu
|player|p2|
