|j|☆drop a baby
|j|☆Swagataka
|t:|1760390827
|gametype|singles
|player|p1|drop a baby|chase|1682
|player|p2|Swagataka|byron|1705
|gen|9
|tier|[Gen 9] OU
|rated|
|rule|HP Percentage Mod: HP is shown in percentages
|rule|Endless Battle Clause: Forcing endless battles is banned
|rule|Species Clause: Limit one of each Pokémon
|rule|OHKO Clause: OHKO moves are banned
|rule|Evasion Items Clause: Evasion items are banned
|rule|Evasion Moves Clause: Evasion moves are banned
|rule|Evasion Abilities Clause: Evasion abilities are banned
|rule|Sleep Moves Clause: Sleep-inducing moves are banned
|clearpoke
|poke|p1|Cinderace, F|
|poke|p1|Landorus-Therian, M|
|poke|p1|Hatterene, F|
|poke|p1|Darkrai|
|poke|p1|Kyurem|
|poke|p1|Iron Valiant|
|poke|p2|Kingambit, F|
|poke|p2|Regigigas|
|poke|p2|Great Tusk|
|poke|p2|Pecharunt|
|poke|p2|Crabominable, M|
|poke|p2|Zoroark-Hisui, M|
|teampreview
|inactive|Battle timer is ON: inactive players will automatically lose when time's up. (requested by drop a baby)
|
|t:|1760390835
|teamsize|p1|6
|teamsize|p2|6
|start
|switch|p1a: Cinderace|Cinderace, F|100/100
|switch|p2a: Crabominable|Crabominable, M|100/100
|turn|1
|
|t:|1760390840
|switch|p2a: Pecharunt|Pecharunt|100/100
|move|p1a: Cinderace|Pyro Ball|p2a: Pecharunt
|-damage|p2a: Pecharunt|72/100
|
|upkeep
|turn|2
|
|t:|1760390841
|move|p1a: Cinderace|Swords Dance|p1a: Cinderace
|-boost|p1a: Cinderace|atk|2
|move|p2a: Pecharunt|Toxic|p1a: Cinderace
|-status|p1a: Cinderace|tox
|-start|p1a: Cinderace|confusion|[from] ability: Poison Puppeteer|[of] p2a: Pecharunt
|
|-damage|p1a: Cinderace|95/100 tox|[from] psn
|upkeep
|turn|3
|
|t:|1760390844
|-activate|p1a: Cinderace|confusion
|-damage|p1a: Cinderace|57/100 tox|[from] confusion
|move|p2a: Pecharunt|Recover|p2a: Pecharunt
|-heal|p2a: Pecharunt|100/100
|
|-damage|p1a: Cinderace|45/100 tox|[from] psn
|upkeep
|turn|4
|
|t:|1760390848
|-end|p1a: Cinderace|confusion
|move|p1a: Cinderace|Pyro Ball|p2a: Pecharunt
|-damage|p2a: Pecharunt|50/100
|move|p2a: Pecharunt|Recover|p2a: Pecharunt
|-heal|p2a: Pecharunt|99/100
|
|-damage|p1a: Cinderace|27/100 tox|[from] psn
|upkeep
|turn|5
|
|t:|1760390856
|move|p1a: Cinderace|Swords Dance|p1a: Cinderace
|-boost|p1a: Cinderace|atk|2
|move|p2a: Pecharunt|Recover|p2a: Pecharunt
|-heal|p2a: Pecharunt|100/100
|
|-damage|p1a: Cinderace|3/100 tox|[from] psn
|upkeep
|turn|6
|
|t:|1760390860
|move|p1a: Cinderace|Pyro Ball|p2a: Pecharunt
|-damage|p2a: Pecharunt|0 fnt
|faint|p2a: Pecharunt
|
|-damage|p1a: Cinderace|0 fnt|[from] psn
|faint|p1a: Cinderace
|upkeep
|
|t:|1760390866
|switch|p1a: Darkrai|Darkrai|100/100
|switch|p2a: Crabominable|Crabominable, M|100/100
|turn|7
|
|t:|1760390869
|move|p1a: Darkrai|Focus Blast|p2a: Crabominable
|-supereffective|p2a: Crabominable
|-damage|p2a: Crabominable|6/100
|move|p2a: Crabominable|Drain Punch|p1a: Darkrai
|-supereffective|p1a: Darkrai
|-damage|p1a: Darkrai|0 fnt
|-heal|p2a: Crabominable|41/100|[from] drain|[of] p1a: Darkrai
|faint|p1a: Darkrai
|
|upkeep
|
|t:|1760390872
|switch|p1a: Iron Valiant|Iron Valiant|100/100
|-enditem|p1a: Iron Valiant|Booster Energy
|-activate|p1a: Iron Valiant|ability: Quark Drive|[fromitem]
|-start|p1a: Iron Valiant|quarkdrivespe
|turn|8
|
|t:|1760390874
|move|p1a: Iron Valiant|Moonblast|p2a: Crabominable
|-supereffective|p2a: Crabominable
|-damage|p2a: Crabominable|0 fnt
|faint|p2a: Crabominable
|
|upkeep
|
|t:|1760390878
|switch|p2a: Kingambit|Kingambit, F|100/100
|-item|p2a: Kingambit|Air Balloon
|turn|9
|
|t:|1760390881
|move|p1a: Iron Valiant|Close Combat|p2a: Kingambit
|-immune|p2a: Kingambit
|move|p2a: Kingambit|Shadow Ball|p1a: Iron Valiant
|-damage|p1a: Iron Valiant|16/100
|
|upkeep
|turn|10
|
|t:|1760390887
|move|p1a: Iron Valiant|Knock Off|p2a: Kingambit
|-supereffective|p2a: Kingambit
|-damage|p2a: Kingambit|0 fnt
|replace|p2a: Linkin Zark|Zoroark-Hisui, M, shiny
|-end|p2a: Linkin Zark|Illusion
|-enditem|p2a: Linkin Zark|Air Balloon
|faint|p2a: Linkin Zark
|
|upkeep
|
|t:|1760390889
|switch|p2a: Kingambit|Kingambit, F|100/100
|-item|p2a: Kingambit|Air Balloon
|turn|11
|
|t:|1760390892
|move|p2a: Kingambit|Sucker Punch||[still]
|-fail|p2a: Kingambit
|move|p1a: Iron Valiant|Destiny Bond|p1a: Iron Valiant
|-singlemove|p1a: Iron Valiant|Destiny Bond
|
|upkeep
|turn|12
|
|t:|1760390895
|move|p2a: Kingambit|Sucker Punch|p1a: Iron Valiant
|-resisted|p1a: Iron Valiant
|-damage|p1a: Iron Valiant|2/100
|move|p1a: Iron Valiant|Moonblast|p2a: Kingambit
|-damage|p2a: Kingambit|58/100
|-enditem|p2a: Kingambit|Air Balloon
|
|upkeep
|turn|13
|
|t:|1760390898
|move|p1a: Iron Valiant|Destiny Bond|p1a: Iron Valiant
|-singlemove|p1a: Iron Valiant|Destiny Bond
|move|p2a: Kingambit|Stealth Rock|p1a: Iron Valiant
|-sidestart|p1: drop a baby|move: Stealth Rock
|
|upkeep
|turn|14
|
|t:|1760390912
|-terastallize|p2a: Kingambit|Ghost
|move|p1a: Iron Valiant|Close Combat|p2a: Kingambit
|-immune|p2a: Kingambit
|move|p2a: Kingambit|Iron Head|p1a: Iron Valiant
|-supereffective|p1a: Iron Valiant
|-damage|p1a: Iron Valiant|0 fnt
|faint|p1a: Iron Valiant
|-end|p1a: Iron Valiant|Quark Drive|[silent]
|
|upkeep
|
|t:|1760390914
|switch|p1a: Landorus|Landorus-Therian, M|100/100
|-damage|p1a: Landorus|88/100|[from] Stealth Rock
|-ability|p1a: Landorus|Intimidate|boost
|-unboost|p2a: Kingambit|atk|1
|-ability|p2a: Kingambit|Defiant|boost
|-boost|p2a: Kingambit|atk|2
|turn|15
|
|t:|1760390920
|move|p1a: Landorus|Earth Power|p2a: Kingambit
|-damage|p2a: Kingambit|26/100
|move|p2a: Kingambit|Thief|p1a: Landorus
|-damage|p1a: Landorus|36/100
|-damage|p2a: Kingambit|10/100|[from] item: Rocky Helmet|[of] p1a: Landorus
|-enditem|p1a: Landorus|Rocky Helmet|[silent]|[from] move: Thief|[of] p2a: Kingambit
|-item|p2a: Kingambit|Rocky Helmet|[from] move: Thief|[of] p1a: Landorus
|
|upkeep
|turn|16
|
|t:|1760390926
|move|p2a: Kingambit|Sucker Punch||[still]
|-fail|p2a: Kingambit
|move|p1a: Landorus|Stealth Rock|p2a: Kingambit
|-sidestart|p2: Swagataka|move: Stealth Rock
|
|upkeep
|turn|17
|
|t:|1760390936
|switch|p1a: Hatterene|Hatterene, F|100/100
|-damage|p1a: Hatterene|88/100|[from] Stealth Rock
|move|p2a: Kingambit|Sucker Punch||[still]
|-fail|p2a: Kingambit
|
|upkeep
|turn|18
|
|t:|1760390940
|move|p2a: Kingambit|Iron Head|p1a: Hatterene
|-supereffective|p1a: Hatterene
|-damage|p1a: Hatterene|0 fnt
|-damage|p2a: Kingambit|0 fnt|[from] item: Rocky Helmet|[of] p1a: Hatterene
|faint|p1a: Hatterene
|faint|p2a: Kingambit
|
|upkeep
|
|t:|1760390944
|switch|p2a: Regigigas|Regigigas, shiny|100/100
|switch|p1a: Kyurem|Kyurem|100/100
|-damage|p1a: Kyurem|76/100|[from] Stealth Rock
|-ability|p1a: Kyurem|Pressure
|-damage|p2a: Regigigas|88/100|[from] Stealth Rock
|-start|p2a: Regigigas|ability: Slow Start
|turn|19
|
|t:|1760390947
|-terastallize|p1a: Kyurem|Electric
|move|p1a: Kyurem|Dragon Dance|p1a: Kyurem
|-boost|p1a: Kyurem|atk|1
|-boost|p1a: Kyurem|spe|1
|move|p2a: Regigigas|Hyper Beam|p1a: Kyurem
|-damage|p1a: Kyurem|0 fnt
|-mustrecharge|p2a: Regigigas
|faint|p1a: Kyurem
|
|upkeep
|
|t:|1760390950
|switch|p1a: Landorus|Landorus-Therian, M|36/100
|-damage|p1a: Landorus|24/100|[from] Stealth Rock
|-ability|p1a: Landorus|Intimidate|boost
|-unboost|p2a: Regigigas|atk|1
|turn|20
|
|t:|1760390953
|move|p1a: Landorus|Earth Power|p2a: Regigigas
|-damage|p2a: Regigigas|63/100
|cant|p2a: Regigigas|recharge
|
|upkeep
|turn|21
|
|t:|1760390955
|move|p1a: Landorus|Earth Power|p2a: Regigigas
|-damage|p2a: Regigigas|39/100
|move|p2a: Regigigas|Hyper Beam|p1a: Landorus
|-damage|p1a: Landorus|0 fnt
|-mustrecharge|p2a: Regigigas
|faint|p1a: Landorus
|
|win|Swagataka
|raw|drop a baby's rating: 1682 &rarr; <strong>1663</strong><br />(-19 for losing)
|raw|Swagataka's rating: 1705 &rarr; <strong>1724</strong><br />(+19 for winning)
|l|☆Swagataka
|player|p2|
