|j|☆show05black
|j|☆gentai_kiajo_g
|t:|1760415762
|gametype|singles
|player|p1|show05black|170|1160
|player|p2|gentai_kiajo_g|drayden|1136
|gen|9
|tier|[Gen 9] OU
|rated|
|rule|HP Percentage Mod: HP is shown in percentages
|rule|Endless Battle Clause: Forcing endless battles is banned
|rule|Species Clause: Limit one of each Pokémon
|rule|OHKO Clause: OHKO moves are banned
|rule|Evasion Items Clause: Evasion items are banned
|rule|Evasion Moves Clause: Evasion moves are banned
|rule|Evasion Abilities Clause: Evasion abilities are banned
|rule|Sleep Moves Clause: Sleep-inducing moves are banned
|clearpoke
|poke|p1|Kingambit, M|
|poke|p1|Great Tusk|
|poke|p1|Salamence, M|
|poke|p1|Suicune|
|poke|p1|Chandelure, M|
|poke|p1|Gardevoir, M|
|poke|p2|Clawitzer, F|
|poke|p2|Quagsire, F|
|poke|p2|Sandaconda, F|
|poke|p2|Galvantula, F|
|poke|p2|Gengar, F|
|poke|p2|Scyther, F|
|teampreview
|inactive|Battle timer is ON: inactive players will automatically lose when time's up. (requested by gentai_kiajo_g)
|inactive|show05black has 120 seconds left.
|inactive|gentai_kiajo_g has 120 seconds left.
|
|t:|1760415795
|teamsize|p1|6
|teamsize|p2|6
|start
|switch|p1a: Anomaly|Great Tusk|100/100
|switch|p2a: Killabyte|Galvantula, F|100/100
|-enditem|p1a: Anomaly|Booster Energy
|-activate|p1a: Anomaly|ability: Protosynthesis|[fromitem]
|-start|p1a: Anomaly|protosynthesisatk
|turn|1
|
|t:|1760415804
|move|p2a: Killabyte|Energy Ball|p1a: Anomaly
|-supereffective|p1a: Anomaly
|-damage|p1a: Anomaly|27/100
|move|p1a: Anomaly|Stealth Rock|p2a: Killabyte
|-sidestart|p2: gentai_kiajo_g|move: Stealth Rock
|
|upkeep
|turn|2
|
|t:|1760415814
|move|p2a: Killabyte|Energy Ball|p1a: Anomaly
|-supereffective|p1a: Anomaly
|-damage|p1a: Anomaly|0 fnt
|faint|p1a: Anomaly
|-end|p1a: Anomaly|Protosynthesis|[silent]
|
|upkeep
|
|t:|1760415818
|switch|p1a: Chandelure|Chandelure, M|100/100
|turn|3
|
|t:|1760415820
|move|p2a: Killabyte|Sticky Web|p1a: Chandelure
|-sidestart|p1: show05black|move: Sticky Web
|move|p1a: Chandelure|Trick Room|p1a: Chandelure
|-fieldstart|move: Trick Room|[of] p1a: Chandelure
|
|upkeep
|turn|4
|
|t:|1760415826
|move|p1a: Chandelure|Shadow Ball|p2a: Killabyte
|-enditem|p2a: Killabyte|Focus Sash
|-damage|p2a: Killabyte|1/100
|-unboost|p2a: Killabyte|spd|1
|move|p2a: Killabyte|Thunder|p1a: Chandelure
|-damage|p1a: Chandelure|48/100
|
|upkeep
|turn|5
|
|t:|1760415836
|move|p1a: Chandelure|Shadow Ball|p2a: Killabyte
|-damage|p2a: Killabyte|0 fnt
|faint|p2a: Killabyte
|
|upkeep
|
|t:|1760415852
|switch|p2a: Quagmire|Quagsire, F|100/100
|-damage|p2a: Quagmire|94/100|[from] Stealth Rock
|turn|6
|
|t:|1760415856
|move|p2a: Quagmire|Stealth Rock|p1a: Chandelure
|-sidestart|p1: show05black|move: Stealth Rock
|move|p1a: Chandelure|Shadow Ball|p2a: Quagmire
|-damage|p2a: Quagmire|23/100
|
|-heal|p2a: Quagmire|29/100|[from] item: Leftovers
|upkeep
|turn|7
|
|t:|1760415863
|switch|p1a: Suicune|Suicune|100/100
|-activate|p1a: Suicune|move: Sticky Web
|-unboost|p1a: Suicune|spe|1
|-damage|p1a: Suicune|88/100|[from] Stealth Rock
|-ability|p1a: Suicune|Pressure
|move|p2a: Quagmire|Earthquake|p1a: Suicune
|-damage|p1a: Suicune|71/100
|
|-heal|p2a: Quagmire|35/100|[from] item: Leftovers
|-heal|p1a: Suicune|77/100|[from] item: Leftovers
|-fieldend|move: Trick Room
|upkeep
|turn|8
|
|t:|1760415873
|move|p1a: Suicune|Scald|p2a: Quagmire
|-damage|p2a: Quagmire|4/100
|move|p2a: Quagmire|Toxic|p1a: Suicune
|-status|p1a: Suicune|tox
|
|-heal|p1a: Suicune|83/100 tox|[from] item: Leftovers
|-heal|p2a: Quagmire|10/100|[from] item: Leftovers
|-damage|p1a: Suicune|77/100 tox|[from] psn
|upkeep
|turn|9
|
|t:|1760415880
|move|p1a: Suicune|Calm Mind|p1a: Suicune
|-boost|p1a: Suicune|spa|1
|-boost|p1a: Suicune|spd|1
|move|p2a: Quagmire|Earthquake|p1a: Suicune
|-damage|p1a: Suicune|58/100 tox
|
|-heal|p1a: Suicune|65/100 tox|[from] item: Leftovers
|-heal|p2a: Quagmire|16/100|[from] item: Leftovers
|-damage|p1a: Suicune|52/100 tox|[from] psn
|upkeep
|turn|10
|
|t:|1760415883
|move|p1a: Suicune|Scald|p2a: Quagmire
|-damage|p2a: Quagmire|0 fnt
|faint|p2a: Quagmire
|
|-heal|p1a: Suicune|58/100 tox|[from] item: Leftovers
|-damage|p1a: Suicune|40/100 tox|[from] psn
|upkeep
|
|t:|1760415892
|switch|p2a: LawnMower|Scyther, F, shiny|100/100
|turn|11
|
|t:|1760415901
|move|p2a: LawnMower|Swords Dance|p2a: LawnMower
|-boost|p2a: LawnMower|atk|2
|move|p1a: Suicune|Tailwind|p1a: Suicune
|-sidestart|p1: show05black|move: Tailwind
|
|-heal|p1a: Suicune|46/100 tox|[from] item: Leftovers
|-damage|p1a: Suicune|21/100 tox|[from] psn
|upkeep
|turn|12
|
|t:|1760415906
|move|p2a: LawnMower|Dual Wingbeat|p1a: Suicune
|-damage|p1a: Suicune|0 fnt
|faint|p1a: Suicune
|-hitcount|p1: Suicune|1
|
|upkeep
|
|t:|1760415912
|switch|p1a: Gardevoir|Gardevoir, M|100/100
|-activate|p1a: Gardevoir|move: Sticky Web
|-unboost|p1a: Gardevoir|spe|1
|-damage|p1a: Gardevoir|88/100|[from] Stealth Rock
|-ability|p1a: Gardevoir|Technician|Trace|[from] ability: Trace|[of] p2a: LawnMower
|turn|13
|
|t:|1760415923
|-terastallize|p2a: LawnMower|Fighting
|move|p2a: LawnMower|Dual Wingbeat|p1a: Gardevoir
|-damage|p1a: Gardevoir|6/100
|-damage|p1a: Gardevoir|0 fnt
|faint|p1a: Gardevoir
|-hitcount|p1: Gardevoir|2
|
|upkeep
|
|t:|1760415927
|switch|p1a: Salamence|Salamence, M|100/100
|turn|14
|
|t:|1760415938
|move|p1a: Salamence|Dual Wingbeat|p2a: LawnMower
|-supereffective|p2a: LawnMower
|-damage|p2a: LawnMower|34/100
|-supereffective|p2a: LawnMower
|-damage|p2a: LawnMower|0 fnt
|faint|p2a: LawnMower
|-ability|p1a: Salamence|Moxie|boost
|-boost|p1a: Salamence|atk|1
|-hitcount|p2: LawnMower|2
|
|-sideend|p1: show05black|move: Tailwind
|upkeep
|
|t:|1760415947
|switch|p2a: Pretzel|Sandaconda, F|100/100
|-damage|p2a: Pretzel|95/100|[from] Stealth Rock
|turn|15
|
|t:|1760415951
|move|p1a: Salamence|Dragon Claw|p2a: Pretzel
|-damage|p2a: Pretzel|27/100
|move|p2a: Pretzel|Coil|p2a: Pretzel
|-boost|p2a: Pretzel|atk|1
|-boost|p2a: Pretzel|def|1
|-boost|p2a: Pretzel|accuracy|1
|
|upkeep
|turn|16
|
|t:|1760415957
|move|p1a: Salamence|Dragon Claw|p2a: Pretzel
|-damage|p2a: Pretzel|0 fnt
|faint|p2a: Pretzel
|-ability|p1a: Salamence|Moxie|boost
|-boost|p1a: Salamence|atk|1
|
|upkeep
|
|t:|1760415968
|switch|p2a: Spookshire|Gengar, F|100/100
|-damage|p2a: Spookshire|88/100|[from] Stealth Rock
|turn|17
|
|t:|1760415980
|move|p2a: Spookshire|Shadow Ball|p1a: Salamence
|-damage|p1a: Salamence|42/100
|-unboost|p1a: Salamence|spd|1
|move|p1a: Salamence|Dragon Claw|p2a: Spookshire
|-damage|p2a: Spookshire|0 fnt
|faint|p2a: Spookshire
|-ability|p1a: Salamence|Moxie|boost
|-boost|p1a: Salamence|atk|1
|
|upkeep
|
|t:|1760415983
|switch|p2a: Meaty|Clawitzer, F, shiny|100/100
|-damage|p2a: Meaty|88/100|[from] Stealth Rock
|turn|18
|
|t:|1760415988
|move|p1a: Salamence|Dragon Claw|p2a: Meaty
|-damage|p2a: Meaty|0 fnt
|faint|p2a: Meaty
|
|win|show05black
|raw|show05black's rating: 1160 &rarr; <strong>1183</strong><br />(+23 for winning)
|raw|gentai_kiajo_g's rating: 1136 &rarr; <strong>1113</strong><br />(-23 for losing)
|l|☆gentai_kiajo_g
|player|p2|
|l|☆show05black
|player|p1|
