|j|☆sgCURRY3
|j|☆MiaTearmoon
|t:|1760343227
|gametype|singles
|player|p1|sgCURRY3|cynthia|1373
|player|p2|MiaTearmoon|169|1328
|gen|9
|tier|[Gen 9] OU
|rated|
|rule|HP Percentage Mod: HP is shown in percentages
|rule|Endless Battle Clause: Forcing endless battles is banned
|rule|Species Clause: Limit one of each Pokémon
|rule|OHKO Clause: OHKO moves are banned
|rule|Evasion Items Clause: Evasion items are banned
|rule|Evasion Moves Clause: Evasion moves are banned
|rule|Evasion Abilities Clause: Evasion abilities are banned
|rule|Sleep Moves Clause: Sleep-inducing moves are banned
|clearpoke
|poke|p1|Greninja-*, M|
|poke|p1|Glimmora, F|
|poke|p1|Gholdengo|
|poke|p1|Great Tusk|
|poke|p1|Dragonite, F|
|poke|p1|Dragapult, M|
|poke|p2|Grimmsnarl, M|
|poke|p2|Arcanine, F|
|poke|p2|Thundurus-Therian, M|
|poke|p2|Pelipper, F|
|poke|p2|Kingdra, F|
|poke|p2|Barraskewda, F|
|teampreview
|l|☆MiaTearmoon
|player|p2|
|j|☆MiaTearmoon
|player|p2|MiaTearmoon|fairytalegirl|
|
|t:|1760343247
|teamsize|p1|6
|teamsize|p2|6
|start
|switch|p1a: Glimmora|Glimmora, F|100/100
|switch|p2a: Grimmsnarl|Grimmsnarl, M|100/100
|turn|1
|
|t:|1760343252
|move|p2a: Grimmsnarl|Reflect|p2a: Grimmsnarl
|-sidestart|p2: MiaTearmoon|Reflect
|move|p1a: Glimmora|Stealth Rock|p2a: Grimmsnarl
|-sidestart|p2: MiaTearmoon|move: Stealth Rock
|
|upkeep
|turn|2
|
|t:|1760343256
|move|p2a: Grimmsnarl|Light Screen|p2a: Grimmsnarl
|-sidestart|p2: MiaTearmoon|move: Light Screen
|move|p1a: Glimmora|Power Gem|p2a: Grimmsnarl
|-damage|p2a: Grimmsnarl|84/100
|
|upkeep
|turn|3
|
|t:|1760343259
|move|p2a: Grimmsnarl|Parting Shot|p1a: Glimmora
|-unboost|p1a: Glimmora|atk|1
|-unboost|p1a: Glimmora|spa|1
|
|t:|1760343268
|switch|p2a: Pelipper|Pelipper, F|100/100|[from] Parting Shot
|-damage|p2a: Pelipper|76/100|[from] Stealth Rock
|-weather|RainDance|[from] ability: Drizzle|[of] p2a: Pelipper
|move|p1a: Glimmora|Mortal Spin|p2a: Pelipper
|-damage|p2a: Pelipper|74/100
|-status|p2a: Pelipper|psn
|
|-weather|RainDance|[upkeep]
|-damage|p2a: Pelipper|62/100 psn|[from] psn
|upkeep
|turn|4
|
|t:|1760343274
|move|p1a: Glimmora|Power Gem|p2a: Pelipper
|-supereffective|p2a: Pelipper
|-damage|p2a: Pelipper|23/100 psn
|move|p2a: Pelipper|U-turn|p1a: Glimmora
|-resisted|p1a: Glimmora
|-damage|p1a: Glimmora|95/100
|-activate|p1a: Glimmora|ability: Toxic Debris
|-sidestart|p2: MiaTearmoon|move: Toxic Spikes
|
|t:|1760343289
|switch|p2a: Thundurus|Thundurus-Therian, M|100/100|[from] U-turn
|-damage|p2a: Thundurus|76/100|[from] Stealth Rock
|
|-weather|RainDance|[upkeep]
|upkeep
|turn|5
|
|t:|1760343295
|move|p2a: Thundurus|Weather Ball|p1a: Glimmora
|-supereffective|p1a: Glimmora
|-damage|p1a: Glimmora|0 fnt
|faint|p1a: Glimmora
|
|-weather|RainDance|[upkeep]
|upkeep
|
|t:|1760343303
|switch|p1a: Dragonite|Dragonite, F|100/100
|turn|6
|
|t:|1760343308
|switch|p2a: Grimmsnarl|Grimmsnarl, M|84/100
|-damage|p2a: Grimmsnarl|72/100|[from] Stealth Rock
|-status|p2a: Grimmsnarl|psn
|move|p1a: Dragonite|Dragon Dance|p1a: Dragonite
|-boost|p1a: Dragonite|atk|1
|-boost|p1a: Dragonite|spe|1
|
|-weather|RainDance|[upkeep]
|-damage|p2a: Grimmsnarl|59/100 psn|[from] psn
|upkeep
|turn|7
|
|t:|1760343314
|move|p1a: Dragonite|Earthquake|p2a: Grimmsnarl
|-damage|p2a: Grimmsnarl|25/100 psn
|move|p2a: Grimmsnarl|Spirit Break|p1a: Dragonite
|-supereffective|p1a: Dragonite
|-damage|p1a: Dragonite|67/100
|-unboost|p1a: Dragonite|spa|1
|
|-weather|RainDance|[upkeep]
|-damage|p2a: Grimmsnarl|12/100 psn|[from] psn
|upkeep
|turn|8
|
|t:|1760343317
|move|p2a: Grimmsnarl|Parting Shot|p1a: Dragonite
|-unboost|p1a: Dragonite|atk|1
|-unboost|p1a: Dragonite|spa|1
|
|t:|1760343320
|switch|p2a: Kingdra|Kingdra, F|100/100|[from] Parting Shot
|-damage|p2a: Kingdra|88/100|[from] Stealth Rock
|-status|p2a: Kingdra|psn
|move|p1a: Dragonite|Earthquake|p2a: Kingdra
|-damage|p2a: Kingdra|66/100 psn
|
|-weather|RainDance|[upkeep]
|-damage|p2a: Kingdra|54/100 psn|[from] psn
|-sideend|p2: MiaTearmoon|Reflect
|upkeep
|turn|9
|
|t:|1760343336
|move|p2a: Kingdra|Draco Meteor|p1a: Dragonite
|-supereffective|p1a: Dragonite
|-damage|p1a: Dragonite|0 fnt
|-unboost|p2a: Kingdra|spa|2
|faint|p1a: Dragonite
|
|-weather|RainDance|[upkeep]
|-damage|p2a: Kingdra|41/100 psn|[from] psn
|-sideend|p2: MiaTearmoon|move: Light Screen
|upkeep
|
|t:|1760343348
|switch|p1a: Greninja|Greninja, M|100/100
|turn|10
|
|t:|1760343352
|move|p2a: Kingdra|Flip Turn|p1a: Greninja
|-resisted|p1a: Greninja
|-damage|p1a: Greninja|76/100
|
|t:|1760343355
|switch|p2a: Grimmsnarl|Grimmsnarl, M|12/100 psn|[from] Flip Turn
|-damage|p2a: Grimmsnarl|0 fnt|[from] Stealth Rock
|faint|p2a: Grimmsnarl
|move|p1a: Greninja|Ice Beam|p2: Grimmsnarl|[notarget]
|-fail|p1a: Greninja
|
|-weather|none
|upkeep
|
|t:|1760343359
|switch|p2a: Arcanine|Arcanine, F|100/100
|-ability|p2a: Arcanine|Intimidate|boost
|-unboost|p1a: Greninja|atk|1
|turn|11
|
|t:|1760343365
|-terastallize|p1a: Greninja|Water
|-terastallize|p2a: Arcanine|Bug
|move|p2a: Arcanine|Extreme Speed|p1a: Greninja
|-damage|p1a: Greninja|43/100
|move|p1a: Greninja|Hydro Pump|p2a: Arcanine
|-damage|p2a: Arcanine|7/100
|-damage|p1a: Greninja|33/100|[from] item: Life Orb
|
|upkeep
|turn|12
|
|t:|1760343372
|move|p2a: Arcanine|Extreme Speed|p1a: Greninja
|-damage|p1a: Greninja|0 fnt
|faint|p1a: Greninja
|
|upkeep
|
|t:|1760343376
|switch|p1a: Dragapult|Dragapult, M, shiny|100/100
|turn|13
|
|t:|1760343382
|move|p1a: Dragapult|Shadow Ball|p2a: Arcanine
|-damage|p2a: Arcanine|0 fnt
|faint|p2a: Arcanine
|
|upkeep
|
|t:|1760343386
|switch|p2a: Thundurus|Thundurus-Therian, M|76/100
|-damage|p2a: Thundurus|51/100|[from] Stealth Rock
|turn|14
|
|t:|1760343389
|move|p2a: Thundurus|Thunderbolt|p1a: Dragapult
|-resisted|p1a: Dragapult
|-damage|p1a: Dragapult|66/100
|move|p1a: Dragapult|Shadow Ball|p2a: Thundurus
|-damage|p2a: Thundurus|0 fnt
|faint|p2a: Thundurus
|
|upkeep
|
|t:|1760343394
|switch|p2a: Barraskewda|Barraskewda, F|100/100
|-damage|p2a: Barraskewda|88/100|[from] Stealth Rock
|-status|p2a: Barraskewda|psn
|turn|15
|
|t:|1760343397
|move|p1a: Dragapult|Shadow Ball|p2a: Barraskewda
|-damage|p2a: Barraskewda|0 fnt
|faint|p2a: Barraskewda
|
|upkeep
|
|t:|1760343401
|switch|p2a: Kingdra|Kingdra, F|41/100 psn
|-damage|p2a: Kingdra|29/100 psn|[from] Stealth Rock
|turn|16
|-message|MiaTearmoon forfeited.
|
|win|sgCURRY3
|raw|sgCURRY3's rating: 1373 &rarr; <strong>1390</strong><br />(+17 for winning)
|raw|MiaTearmoon's rating: 1328 &rarr; <strong>1311</strong><br />(-17 for losing)
|l|☆MiaTearmoon
|player|p2|
|l|☆sgCURRY3
|player|p1|
