|j|☆Shabooya1
|j|☆jamosb test
|t:|1760358712
|gametype|singles
|player|p1|Shabooya1|ghetsis-gen5bw|1409
|player|p2|jamosb test|2|1441
|gen|9
|tier|[Gen 9] OU
|rated|
|rule|HP Percentage Mod: HP is shown in percentages
|rule|Endless Battle Clause: Forcing endless battles is banned
|rule|Species Clause: Limit one of each Pokémon
|rule|OHKO Clause: OHKO moves are banned
|rule|Evasion Items Clause: Evasion items are banned
|rule|Evasion Moves Clause: Evasion moves are banned
|rule|Evasion Abilities Clause: Evasion abilities are banned
|rule|Sleep Moves Clause: Sleep-inducing moves are banned
|clearpoke
|poke|p1|Cresselia, F|
|poke|p1|Torkoal, F|
|poke|p1|Mimikyu, M|
|poke|p1|Hatterene, F|
|poke|p1|Snorlax, F|
|poke|p1|Donphan, L1, M|
|poke|p2|Rillaboom, M|
|poke|p2|Okidogi, M|
|poke|p2|Zamazenta-*|
|poke|p2|Iron Treads|
|poke|p2|Clefable, F|
|poke|p2|Walking Wake|
|teampreview
|
|t:|1760358740
|teamsize|p1|6
|teamsize|p2|6
|start
|switch|p1a: Donphan|Donphan, L1, M, shiny|100/100
|switch|p2a: Walking Wake|Walking Wake|100/100
|turn|1
|
|t:|1760358744
|move|p2a: Walking Wake|Flip Turn|p1a: Donphan
|-supereffective|p1a: Donphan
|-ability|p1a: Donphan|Sturdy
|-damage|p1a: Donphan|8/100
|
|t:|1760358750
|-end|p2a: Walking Wake|Protosynthesis|[silent]
|switch|p2a: Rillaboom|Rillaboom, M|100/100|[from] Flip Turn
|-fieldstart|move: Grassy Terrain|[from] ability: Grassy Surge|[of] p2a: Rillaboom
|move|p1a: Donphan|Endeavor|p2a: Rillaboom
|-damage|p2a: Rillaboom|1/100
|-heal|p1a: Donphan|100/100|[from] item: Shell Bell|[of] p2a: Rillaboom
|
|-heal|p2a: Rillaboom|7/100|[from] Grassy Terrain
|upkeep
|turn|2
|
|t:|1760358755
|move|p2a: Rillaboom|Grassy Glide|p1a: Donphan
|-supereffective|p1a: Donphan
|-ability|p1a: Donphan|Sturdy
|-damage|p1a: Donphan|8/100
|move|p1a: Donphan|Stealth Rock|p2a: Rillaboom
|-sidestart|p2: jamosb test|move: Stealth Rock
|
|-heal|p2a: Rillaboom|13/100|[from] Grassy Terrain
|-heal|p1a: Donphan|16/100|[from] Grassy Terrain
|upkeep
|turn|3
|
|t:|1760358764
|move|p1a: Donphan|Ice Shard|p2a: Rillaboom
|-supereffective|p2a: Rillaboom
|-damage|p2a: Rillaboom|12/100
|-heal|p1a: Donphan|24/100|[from] item: Shell Bell|[of] p2a: Rillaboom
|move|p2a: Rillaboom|Knock Off|p1a: Donphan
|-damage|p1a: Donphan|0 fnt
|-enditem|p1a: Donphan|Shell Bell|[from] move: Knock Off|[of] p2a: Rillaboom
|faint|p1a: Donphan
|
|-heal|p2a: Rillaboom|19/100|[from] Grassy Terrain
|upkeep
|
|t:|1760358765
|switch|p1a: Hatterene|Hatterene, F, shiny|100/100
|turn|4
|
|t:|1760358774
|move|p2a: Rillaboom|Wood Hammer|p1a: Hatterene
|-damage|p1a: Hatterene|19/100
|-damage|p2a: Rillaboom|0 fnt|[from] Recoil
|faint|p2a: Rillaboom
|move|p1a: Hatterene|Trick Room|p1a: Hatterene
|-fieldstart|move: Trick Room|[of] p1a: Hatterene
|
|-heal|p1a: Hatterene|25/100|[from] Grassy Terrain
|upkeep
|
|t:|1760358779
|switch|p2a: Iron Treads|Iron Treads|100/100
|-damage|p2a: Iron Treads|98/100|[from] Stealth Rock
|turn|5
|
|t:|1760358782
|move|p1a: Hatterene|Misty Explosion|p2a: Iron Treads
|-resisted|p2a: Iron Treads
|-damage|p2a: Iron Treads|65/100
|faint|p1a: Hatterene
|move|p2a: Iron Treads|Rapid Spin|p1: Hatterene|[notarget]
|-fail|p2a: Iron Treads
|
|-heal|p2a: Iron Treads|71/100|[from] Grassy Terrain
|-heal|p2a: Iron Treads|77/100|[from] item: Leftovers
|upkeep
|
|t:|1760358784
|switch|p1a: EZAF|Torkoal, F, shiny|100/100
|-weather|SunnyDay|[from] ability: Drought|[of] p1a: EZAF
|turn|6
|
|t:|1760358795
|-terastallize|p1a: EZAF|Fire
|-terastallize|p2a: Iron Treads|Water
|move|p1a: EZAF|Eruption|p2a: Iron Treads
|-resisted|p2a: Iron Treads
|-damage|p2a: Iron Treads|0 fnt
|faint|p2a: Iron Treads
|-end|p2a: Iron Treads|Quark Drive|[silent]
|
|-weather|SunnyDay|[upkeep]
|upkeep
|c|☆jamosb test|dayum
|
|t:|1760358805
|switch|p2a: Walking Wake|Walking Wake|100/100
|-damage|p2a: Walking Wake|88/100|[from] Stealth Rock
|-activate|p2a: Walking Wake|ability: Protosynthesis
|-start|p2a: Walking Wake|protosynthesisspe
|turn|7
|
|t:|1760358813
|switch|p1a: Hit me|Mimikyu, M, shiny|100/100
|move|p2a: Walking Wake|Surf|p1a: Hit me
|-activate|p1a: Hit me|ability: Disguise
|-damage|p1a: Hit me|100/100
|detailschange|p1a: Hit me|Mimikyu-Busted, M, shiny
|-damage|p1a: Hit me|88/100|[from] pokemon: Mimikyu-Busted
|-enditem|p1a: Hit me|Red Card|[of] p2a: Walking Wake
|-end|p2a: Walking Wake|Protosynthesis|[silent]
|drag|p2a: Okidogi|Okidogi, M|100/100
|-damage|p2a: Okidogi|94/100|[from] Stealth Rock
|
|-weather|SunnyDay|[upkeep]
|-heal|p1a: Hit me|94/100|[from] Grassy Terrain
|-heal|p2a: Okidogi|100/100|[from] Grassy Terrain
|upkeep
|turn|8
|
|t:|1760358822
|move|p1a: Hit me|Play Rough|p2a: Okidogi
|-damage|p2a: Okidogi|68/100
|move|p2a: Okidogi|Bulk Up|p2a: Okidogi
|-boost|p2a: Okidogi|atk|1
|-boost|p2a: Okidogi|def|1
|
|-weather|SunnyDay|[upkeep]
|-heal|p1a: Hit me|99/100|[from] Grassy Terrain
|-heal|p2a: Okidogi|74/100|[from] Grassy Terrain
|-heal|p2a: Okidogi|80/100|[from] item: Leftovers
|-fieldend|move: Trick Room
|-fieldend|move: Grassy Terrain
|upkeep
|turn|9
|
|t:|1760358827
|move|p2a: Okidogi|Knock Off|p1a: Hit me
|-damage|p1a: Hit me|58/100
|-status|p1a: Hit me|tox|[from] ability: Toxic Chain|[of] p2a: Okidogi
|move|p1a: Hit me|Destiny Bond|p1a: Hit me
|-singlemove|p1a: Hit me|Destiny Bond
|
|-weather|SunnyDay|[upkeep]
|-heal|p2a: Okidogi|86/100|[from] item: Leftovers
|-damage|p1a: Hit me|52/100 tox|[from] psn
|upkeep
|turn|10
|
|t:|1760358834
|move|p2a: Okidogi|Bulk Up|p2a: Okidogi
|-boost|p2a: Okidogi|atk|1
|-boost|p2a: Okidogi|def|1
|move|p1a: Hit me|Trick Room|p1a: Hit me
|-fieldstart|move: Trick Room|[of] p1a: Hit me
|
|-weather|none
|-heal|p2a: Okidogi|92/100|[from] item: Leftovers
|-damage|p1a: Hit me|40/100 tox|[from] psn
|upkeep
|turn|11
|
|t:|1760358838
|move|p1a: Hit me|Play Rough|p2a: Okidogi
|-damage|p2a: Okidogi|75/100
|move|p2a: Okidogi|Bulk Up|p2a: Okidogi
|-boost|p2a: Okidogi|atk|1
|-boost|p2a: Okidogi|def|1
|
|-heal|p2a: Okidogi|82/100|[from] item: Leftovers
|-damage|p1a: Hit me|22/100 tox|[from] psn
|upkeep
|turn|12
|
|t:|1760358842
|move|p1a: Hit me|Play Rough|p2a: Okidogi
|-damage|p2a: Okidogi|68/100
|move|p2a: Okidogi|Bulk Up|p2a: Okidogi
|-boost|p2a: Okidogi|atk|1
|-boost|p2a: Okidogi|def|1
|
|-heal|p2a: Okidogi|74/100|[from] item: Leftovers
|-damage|p1a: Hit me|0 fnt|[from] psn
|faint|p1a: Hit me
|upkeep
|
|t:|1760358844
|switch|p1a: EZAF|Torkoal, F, shiny, tera:Fire|100/100
|-weather|SunnyDay|[from] ability: Drought|[of] p1a: EZAF
|turn|13
|
|t:|1760358846
|move|p1a: EZAF|Eruption|p2a: Okidogi
|-crit|p2a: Okidogi
|-damage|p2a: Okidogi|0 fnt
|faint|p2a: Okidogi
|
|-weather|SunnyDay|[upkeep]
|upkeep
|
|t:|1760358849
|switch|p2a: Walking Wake|Walking Wake|88/100
|-damage|p2a: Walking Wake|76/100|[from] Stealth Rock
|-activate|p2a: Walking Wake|ability: Protosynthesis
|-start|p2a: Walking Wake|protosynthesisspe
|turn|14
|
|t:|1760358859
|move|p1a: EZAF|Eruption|p2a: Walking Wake
|-resisted|p2a: Walking Wake
|-damage|p2a: Walking Wake|21/100
|move|p2a: Walking Wake|Surf|p1a: EZAF
|-supereffective|p1a: EZAF
|-damage|p1a: EZAF|14/100
|
|-weather|SunnyDay|[upkeep]
|-fieldend|move: Trick Room
|upkeep
|turn|15
|
|t:|1760358866
|switch|p1a: Snorlax|Snorlax, F, shiny|100/100
|move|p2a: Walking Wake|Surf|p1a: Snorlax
|-damage|p1a: Snorlax|84/100
|
|-weather|SunnyDay|[upkeep]
|-heal|p1a: Snorlax|91/100|[from] item: Leftovers
|upkeep
|turn|16
|
|t:|1760358873
|-end|p2a: Walking Wake|Protosynthesis|[silent]
|switch|p2a: Zamazenta|Zamazenta|100/100
|-damage|p2a: Zamazenta|94/100|[from] Stealth Rock
|-ability|p2a: Zamazenta|Dauntless Shield|boost
|-boost|p2a: Zamazenta|def|1
|move|p1a: Snorlax|Curse|p1a: Snorlax
|-unboost|p1a: Snorlax|spe|1
|-boost|p1a: Snorlax|atk|1
|-boost|p1a: Snorlax|def|1
|
|-weather|SunnyDay|[upkeep]
|-heal|p2a: Zamazenta|100/100|[from] item: Leftovers
|-heal|p1a: Snorlax|97/100|[from] item: Leftovers
|upkeep
|turn|17
|
|t:|1760358880
|move|p2a: Zamazenta|Iron Defense|p2a: Zamazenta
|-boost|p2a: Zamazenta|def|2
|move|p1a: Snorlax|Body Slam|p2a: Zamazenta
|-damage|p2a: Zamazenta|85/100
|
|-weather|none
|-heal|p2a: Zamazenta|92/100|[from] item: Leftovers
|-heal|p1a: Snorlax|100/100|[from] item: Leftovers
|upkeep
|turn|18
|
|t:|1760358883
|move|p2a: Zamazenta|Iron Defense|p2a: Zamazenta
|-boost|p2a: Zamazenta|def|2
|move|p1a: Snorlax|Body Slam|p2a: Zamazenta
|-damage|p2a: Zamazenta|80/100
|
|-heal|p2a: Zamazenta|86/100|[from] item: Leftovers
|upkeep
|turn|19
|
|t:|1760358885
|move|p2a: Zamazenta|Body Press|p1a: Snorlax
|-supereffective|p1a: Snorlax
|-damage|p1a: Snorlax|0 fnt
|faint|p1a: Snorlax
|
|-heal|p2a: Zamazenta|92/100|[from] item: Leftovers
|upkeep
|
|t:|1760358887
|switch|p1a: Git gud|Cresselia, F, shiny|100/100
|turn|20
|
|t:|1760358890
|move|p2a: Zamazenta|Iron Defense|p2a: Zamazenta
|-boost|p2a: Zamazenta|def|1
|move|p1a: Git gud|Trick Room|p1a: Git gud
|-fieldstart|move: Trick Room|[of] p1a: Git gud
|
|-heal|p2a: Zamazenta|99/100|[from] item: Leftovers
|upkeep
|turn|21
|
|t:|1760358893
|move|p1a: Git gud|Lunar Dance|p1a: Git gud
|faint|p1a: Git gud
|move|p2a: Zamazenta|Body Press|p1: Git gud|[notarget]
|-fail|p2a: Zamazenta
|
|-heal|p2a: Zamazenta|100/100|[from] item: Leftovers
|upkeep
|
|t:|1760358895
|switch|p1a: EZAF|Torkoal, F, shiny, tera:Fire|14/100
|-heal|p1a: EZAF|100/100|[from] move: Lunar Dance
|-weather|SunnyDay|[from] ability: Drought|[of] p1a: EZAF
|turn|22
|
|t:|1760358901
|move|p1a: EZAF|Eruption|p2a: Zamazenta
|-damage|p2a: Zamazenta|0 fnt
|faint|p2a: Zamazenta
|
|-weather|SunnyDay|[upkeep]
|upkeep
|
|t:|1760358907
|switch|p2a: Clefable|Clefable, F|100/100
|turn|23
|
|t:|1760358911
|move|p1a: EZAF|Eruption|p2a: Clefable
|-damage|p2a: Clefable|0 fnt
|faint|p2a: Clefable
|
|-weather|SunnyDay|[upkeep]
|upkeep
|
|t:|1760358914
|switch|p2a: Walking Wake|Walking Wake|21/100
|-damage|p2a: Walking Wake|9/100|[from] Stealth Rock
|-activate|p2a: Walking Wake|ability: Protosynthesis
|-start|p2a: Walking Wake|protosynthesisspe
|turn|24
|
|t:|1760358915
|move|p1a: EZAF|Eruption|p2a: Walking Wake
|-resisted|p2a: Walking Wake
|-damage|p2a: Walking Wake|0 fnt
|faint|p2a: Walking Wake
|-end|p2a: Walking Wake|Protosynthesis|[silent]
|
|win|Shabooya1
|raw|Shabooya1's rating: 1393 &rarr; <strong>1416</strong><br />(+23 for winning)
|raw|jamosb test's rating: 1441 &rarr; <strong>1418</strong><br />(-23 for losing)
|c|☆jamosb test|damn wp
|l|☆jamosb test
|player|p2|
|l|☆Shabooya1
|player|p1|
