|j|☆AbrahamCA
|j|☆jxrx
|t:|1760383322
|gametype|singles
|player|p1|AbrahamCA|101|1357
|player|p2|jxrx|norman|1361
|gen|9
|tier|[Gen 9] OU
|rated|
|rule|HP Percentage Mod: HP is shown in percentages
|rule|Endless Battle Clause: Forcing endless battles is banned
|rule|Species Clause: Limit one of each Pokémon
|rule|OHKO Clause: OHKO moves are banned
|rule|Evasion Items Clause: Evasion items are banned
|rule|Evasion Moves Clause: Evasion moves are banned
|rule|Evasion Abilities Clause: Evasion abilities are banned
|rule|Sleep Moves Clause: Sleep-inducing moves are banned
|clearpoke
|poke|p1|Glimmora, F|
|poke|p1|Cinderace, M|
|poke|p1|Kingambit, M|
|poke|p1|Corviknight, F|
|poke|p1|Slowking-Galar, F|
|poke|p1|Kyurem|
|poke|p2|Sableye, M|
|poke|p2|Rillaboom, M|
|poke|p2|Dragapult, M|
|poke|p2|Empoleon, M|
|poke|p2|Noctowl, M|
|poke|p2|Heatran, M|
|teampreview
|inactive|Battle timer is ON: inactive players will automatically lose when time's up. (requested by AbrahamCA)
|
|t:|1760383384
|teamsize|p1|6
|teamsize|p2|6
|start
|switch|p1a: Kingambit|Kingambit, M, shiny|100/100
|switch|p2a: Heatran|Heatran, M|100/100
|turn|1
|
|t:|1760383390
|-end|p1a: Kingambit|fallenundefined|[silent]
|switch|p1a: Slowking|Slowking-Galar, F|100/100
|move|p2a: Heatran|Lava Plume|p1a: Slowking
|-damage|p1a: Slowking|85/100
|
|upkeep
|turn|2
|inactive|AbrahamCA has 120 seconds left.
|
|t:|1760383430
|move|p2a: Heatran|Stealth Rock|p1a: Slowking
|-sidestart|p1: AbrahamCA|move: Stealth Rock
|move|p1a: Slowking|Future Sight|p2a: Heatran
|-start|p1a: Slowking|move: Future Sight
|
|upkeep
|turn|3
|inactive|AbrahamCA has 120 seconds left.
|
|t:|1760383456
|move|p2a: Heatran|Earth Power|p1a: Slowking
|-supereffective|p1a: Slowking
|-damage|p1a: Slowking|61/100
|move|p1a: Slowking|Psyshock|p2a: Heatran
|-resisted|p2a: Heatran
|-damage|p2a: Heatran|84/100
|
|-heal|p2a: Heatran|90/100|[from] item: Leftovers
|upkeep
|turn|4
|inactive|AbrahamCA has 120 seconds left.
|
|t:|1760383486
|move|p2a: Heatran|Lava Plume|p1a: Slowking
|-damage|p1a: Slowking|43/100
|-status|p1a: Slowking|brn
|move|p1a: Slowking|Psyshock|p2a: Heatran
|-resisted|p2a: Heatran
|-damage|p2a: Heatran|76/100
|
|-end|p2a: Heatran|move: Future Sight
|-resisted|p2a: Heatran
|-damage|p2a: Heatran|55/100
|-heal|p2a: Heatran|61/100|[from] item: Leftovers
|-damage|p1a: Slowking|37/100 brn|[from] brn
|upkeep
|turn|5
|
|t:|1760383500
|switch|p1a: Kyurem|Kyurem|100/100
|-damage|p1a: Kyurem|75/100|[from] Stealth Rock
|-ability|p1a: Kyurem|Pressure
|move|p2a: Heatran|Protect||[still]
|-fail|p2a: Heatran
|
|-heal|p2a: Heatran|67/100|[from] item: Leftovers
|upkeep
|turn|6
|
|t:|1760383503
|move|p2a: Heatran|Protect|p2a: Heatran
|-singleturn|p2a: Heatran|Protect
|move|p1a: Kyurem|Earth Power|p2a: Heatran
|-activate|p2a: Heatran|move: Protect
|
|-heal|p2a: Heatran|73/100|[from] item: Leftovers
|upkeep
|turn|7
|
|t:|1760383506
|switch|p2a: Noctowl|Noctowl, M|100/100
|move|p1a: Kyurem|Earth Power|p2a: Noctowl
|-immune|p2a: Noctowl
|
|upkeep
|turn|8
|
|t:|1760383510
|switch|p1a: Glimmora|Glimmora, F, shiny|100/100
|-damage|p1a: Glimmora|88/100|[from] Stealth Rock
|switch|p2a: Heatran|Heatran, M|73/100
|
|-heal|p2a: Heatran|79/100|[from] item: Leftovers
|upkeep
|turn|9
|
|t:|1760383513
|move|p2a: Heatran|Earth Power|p1a: Glimmora
|-supereffective|p1a: Glimmora
|-damage|p1a: Glimmora|0 fnt
|faint|p1a: Glimmora
|
|-heal|p2a: Heatran|85/100|[from] item: Leftovers
|upkeep
|
|t:|1760383517
|switch|p1a: Cinderace|Cinderace, M|100/100
|-damage|p1a: Cinderace|76/100|[from] Stealth Rock
|turn|10
|
|t:|1760383522
|move|p2a: Heatran|Protect|p2a: Heatran
|-singleturn|p2a: Heatran|Protect
|move|p1a: Cinderace|U-turn|p2a: Heatran
|-start|p1a: Cinderace|typechange|Bug|[from] ability: Libero
|-activate|p2a: Heatran|move: Protect
|
|-heal|p2a: Heatran|91/100|[from] item: Leftovers
|upkeep
|turn|11
|
|t:|1760383526
|move|p1a: Cinderace|U-turn|p2a: Heatran
|-resisted|p2a: Heatran
|-damage|p2a: Heatran|81/100
|-status|p1a: Cinderace|brn|[from] ability: Flame Body|[of] p2a: Heatran
|
|t:|1760383531
|switch|p1a: Corviknight|Corviknight, F, shiny|100/100|[from] U-turn
|-damage|p1a: Corviknight|88/100|[from] Stealth Rock
|move|p2a: Heatran|Lava Plume|p1a: Corviknight
|-supereffective|p1a: Corviknight
|-damage|p1a: Corviknight|14/100
|
|-heal|p2a: Heatran|87/100|[from] item: Leftovers
|upkeep
|turn|12
|
|t:|1760383533
|move|p2a: Heatran|Lava Plume|p1a: Corviknight
|-supereffective|p1a: Corviknight
|-damage|p1a: Corviknight|0 fnt
|faint|p1a: Corviknight
|
|-heal|p2a: Heatran|93/100|[from] item: Leftovers
|upkeep
|-message|AbrahamCA forfeited.
|
|win|jxrx
|raw|AbrahamCA's rating: 1357 &rarr; <strong>1337</strong><br />(-20 for losing)
|raw|jxrx's rating: 1361 &rarr; <strong>1381</strong><br />(+20 for winning)
|l|☆AbrahamCA
|player|p1|
|l|☆jxrx
|player|p2|
